{
  "id": "gen9championsvgc2026regma-2583802905",
  "format": "[Gen 9 Champions] VGC 2026 Reg M-A",
  "players": [
    "Retro_R0B",
    "eevee1ynn"
  ],
  "log": "|j|\u2606Retro_R0B\n|j|\u2606eevee1ynn\n|t:|1776198812\n|gametype|doubles\n|player|p1|Retro_R0B|102|1206\n|player|p2|eevee1ynn|irida|1164\n|gen|9\n|tier|[Gen 9 Champions] VGC 2026 Reg M-A\n|rated|\n|rule|Species Clause: Limit one of each Pok\u00e9mon\n|rule|Item Clause: Limit 1 of each item\n|clearpoke\n|poke|p1|Meganium, L50, F|\n|poke|p1|Aerodactyl, L50, F|\n|poke|p1|Tyranitar, L50, M|\n|poke|p1|Incineroar, L50, M|\n|poke|p1|Kingambit, L50, M|\n|poke|p1|Maushold-Four, L50|\n|poke|p2|Altaria, L50, M|\n|poke|p2|Torkoal, L50, M|\n|poke|p2|Incineroar, L50, M|\n|poke|p2|Farigiraf, L50, M|\n|poke|p2|Kingambit, L50, F|\n|poke|p2|Cofagrigus, L50, F|\n|teampreview|4\n|\n|t:|1776198836\n|teamsize|p1|4\n|teamsize|p2|4\n|start\n|switch|p1a: Kingambit|Kingambit, L50, M|100/100\n|switch|p1b: Aerodactyl|Aerodactyl, L50, F|100/100\n|switch|p2a: Farigiraf|Farigiraf, L50, M|100/100\n|switch|p2b: Incineroar|Incineroar, L50, M|100/100\n|-ability|p1b: Aerodactyl|Unnerve\n|-ability|p2b: Incineroar|Intimidate|boost\n|-unboost|p1a: Kingambit|atk|1\n|-ability|p1a: Kingambit|Defiant|boost\n|-boost|p1a: Kingambit|atk|2\n|-unboost|p1b: Aerodactyl|atk|1\n|turn|1\n|\n|t:|1776198868\n|switch|p1b: Tyranitar|Tyranitar, L50, M|100/100\n|-weather|Sandstorm|[from] ability: Sand Stream|[of] p1b: Tyranitar\n|move|p2b: Incineroar|Fake Out|p1a: Kingambit\n|-resisted|p1a: Kingambit|1\n|-damage|p1a: Kingambit|95/100\n|cant|p1a: Kingambit|flinch\n|move|p2a: Farigiraf|Trick Room|p2a: Farigiraf\n|-fieldstart|move: Trick Room|[of] p2a: Farigiraf\n|\n|-weather|Sandstorm|[upkeep]\n|-damage|p2b: Incineroar|95/100|[from] Sandstorm\n|-damage|p2a: Farigiraf|94/100|[from] Sandstorm\n|upkeep\n|turn|2\n|\n|t:|1776198888\n|move|p2a: Farigiraf|Protect|p2a: Farigiraf\n|-singleturn|p2a: Farigiraf|Protect\n|move|p1a: Kingambit|Kowtow Cleave|p2a: Farigiraf\n|-activate|p2a: Farigiraf|move: Protect\n|move|p2b: Incineroar|Close Combat|p1a: Kingambit\n|-supereffective|p1a: Kingambit|2\n|-damage|p1a: Kingambit|0 fnt\n|-unboost|p2b: Incineroar|def|1\n|-unboost|p2b: Incineroar|spd|1\n|faint|p1a: Kingambit\n|-enditem|p2b: Incineroar|White Herb\n|-clearnegativeboost|p2b: Incineroar|[silent]\n|move|p1b: Tyranitar|Rock Slide|p2a: Farigiraf|[spread] p2b\n|-activate|p2a: Farigiraf|move: Protect\n|-supereffective|p2b: Incineroar|1\n|-damage|p2b: Incineroar|38/100\n|\n|-weather|Sandstorm|[upkeep]\n|-damage|p2b: Incineroar|32/100|[from] Sandstorm\n|-damage|p2a: Farigiraf|88/100|[from] Sandstorm\n|upkeep\n|\n|t:|1776198893\n|switch|p1a: Aerodactyl|Aerodactyl, L50, F|100/100\n|-ability|p1a: Aerodactyl|Unnerve\n|turn|3\n|\n|t:|1776198901\n|switch|p1b: Maushold|Maushold-Four, L50|100/100\n|move|p2b: Incineroar|Close Combat|p1b: Maushold\n|-supereffective|p1b: Maushold|1\n|-damage|p1b: Maushold|0 fnt\n|-unboost|p2b: Incineroar|def|1\n|-unboost|p2b: Incineroar|spd|1\n|faint|p1b: Maushold\n|move|p2a: Farigiraf|Hyper Voice|p1a: Aerodactyl\n|-resisted|p1a: Aerodactyl|1\n|-damage|p1a: Aerodactyl|83/100\n|move|p1a: Aerodactyl|Rock Slide|p2b: Incineroar|[spread] p2a,p2b\n|-supereffective|p2b: Incineroar|1\n|-damage|p2a: Farigiraf|63/100\n|-damage|p2b: Incineroar|0 fnt\n|faint|p2b: Incineroar\n|\n|-weather|Sandstorm|[upkeep]\n|-damage|p2a: Farigiraf|56/100|[from] Sandstorm\n|upkeep\n|\n|t:|1776198920\n|switch|p2b: Altaria|Altaria, L50, M|100/100\n|switch|p1b: Tyranitar|Tyranitar, L50, M|100/100\n|-ability|p2b: Altaria|Cloud Nine\n|turn|4\n|\n|t:|1776198931\n|switch|p2a: Torkoal|Torkoal, L50, M|100/100\n|-weather|SunnyDay|[from] ability: Drought|[of] p2a: Torkoal\n|detailschange|p2b: Altaria|Altaria-Mega, L50, M\n|-mega|p2b: Altaria|Altaria|Altarianite\n|detailschange|p1a: Aerodactyl|Aerodactyl-Mega, L50, F\n|-mega|p1a: Aerodactyl|Aerodactyl|Aerodactylite\n|move|p2b: Altaria|Hyper Voice|p1a: Aerodactyl|[spread] p1a,p1b\n|-supereffective|p1b: Tyranitar|1\n|-damage|p1a: Aerodactyl|32/100\n|-damage|p1b: Tyranitar|25/100\n|move|p1b: Tyranitar|Rock Slide|p2b: Altaria|[spread] p2a,p2b\n|-supereffective|p2a: Torkoal|1\n|-crit|p2a: Torkoal\n|-damage|p2a: Torkoal|30/100\n|-damage|p2b: Altaria|70/100\n|move|p1a: Aerodactyl|Rock Slide|p2b: Altaria|[spread] p2a,p2b\n|-supereffective|p2a: Torkoal|1\n|-damage|p2a: Torkoal|0 fnt\n|-damage|p2b: Altaria|41/100\n|faint|p2a: Torkoal\n|\n|-weather|SunnyDay|[upkeep]\n|upkeep\n|\n|t:|1776198942\n|switch|p2a: Farigiraf|Farigiraf, L50, M|56/100\n|turn|5\n|\n|t:|1776198959\n|move|p1a: Aerodactyl|Protect|p1a: Aerodactyl\n|-singleturn|p1a: Aerodactyl|Protect\n|move|p2a: Farigiraf|Hyper Voice|p1a: Aerodactyl|[spread] p1b\n|-activate|p1a: Aerodactyl|move: Protect\n|-resisted|p1b: Tyranitar|1\n|-damage|p1b: Tyranitar|11/100\n|move|p2b: Altaria|Roost|p2b: Altaria\n|-heal|p2b: Altaria|92/100\n|-singleturn|p2b: Altaria|move: Roost\n|move|p1b: Tyranitar|Rock Slide|p2a: Farigiraf|[spread] p2b\n|-miss|p1b: Tyranitar|p2a: Farigiraf\n|-damage|p2b: Altaria|66/100\n|\n|-weather|SunnyDay|[upkeep]\n|-fieldend|move: Trick Room\n|upkeep\n|turn|6\n|\n|t:|1776198979\n|move|p1a: Aerodactyl|Rock Slide|p2a: Farigiraf|[spread] p2a,p2b\n|-damage|p2a: Farigiraf|27/100\n|-damage|p2b: Altaria|34/100\n|-enditem|p2a: Farigiraf|Sitrus Berry|[eat]\n|-heal|p2a: Farigiraf|52/100|[from] item: Sitrus Berry\n|move|p1b: Tyranitar|Rock Slide|p2a: Farigiraf|[spread] p2a,p2b\n|-damage|p2a: Farigiraf|26/100\n|-damage|p2b: Altaria|6/100\n|cant|p2b: Altaria|flinch\n|cant|p2a: Farigiraf|flinch\n|\n|-weather|SunnyDay|[upkeep]\n|upkeep\n|turn|7\n|\n|t:|1776198996\n|move|p2b: Altaria|Protect|p2b: Altaria\n|-singleturn|p2b: Altaria|Protect\n|move|p1a: Aerodactyl|Rock Slide|p2a: Farigiraf|[spread] p2a\n|-activate|p2b: Altaria|move: Protect\n|-damage|p2a: Farigiraf|0 fnt\n|faint|p2a: Farigiraf\n|move|p1b: Tyranitar|Rock Slide|p2b: Altaria\n|-activate|p2b: Altaria|move: Protect\n|\n|-weather|SunnyDay|[upkeep]\n|upkeep\n|turn|8\n|\n|t:|1776199010\n|move|p1a: Aerodactyl|Rock Slide|p2b: Altaria\n|-damage|p2b: Altaria|0 fnt\n|faint|p2b: Altaria\n|\n|win|Retro_R0B\n|raw|Retro_R0B's rating: 1206 &rarr; <strong>1228</strong><br />(+22 for winning)\n|raw|eevee1ynn's rating: 1164 &rarr; <strong>1142</strong><br />(-22 for losing)\n",
  "uploadtime": 1776199010,
  "views": 16,
  "formatid": "gen9championsvgc2026regma",
  "rating": 1142,
  "private": 0,
  "password": null
}