{
  "id": "gen9championsvgc2026regma-2586067117",
  "format": "[Gen 9 Champions] VGC 2026 Reg M-A",
  "players": [
    "Mimicry5",
    "lcyy"
  ],
  "log": "|j|\u2606Mimicry5\n|j|\u2606lcyy\n|html|<table width=\"100%\"><tr><td align=\"left\">Mimicry5</td><td align=\"right\">lcyy</tr><tr><td align=\"left\"><i class=\"fa fa-circle-o\"></i> <i class=\"fa fa-circle-o\"></i> </td><td align=\"right\"><i class=\"fa fa-circle-o\"></i> <i class=\"fa fa-circle-o\"></i> </tr></table>\n|uhtml|bestof|<h2><strong>Game 1</strong> of <a href=\"/game-bestof3-gen9championsvgc2026regma-2586067116\">a best-of-3</a></h2>\n|t:|1776395488\n|gametype|doubles\n|player|p1|Mimicry5|skier|\n|player|p2|lcyy|1|\n|gen|9\n|tier|[Gen 9 Champions] VGC 2026 Reg M-A\n|rated|Tournament battle\n|rule|Species Clause: Limit one of each Pok\u00e9mon\n|rule|Item Clause: Limit 1 of each item\n|raw|<div class=\"infobox\"><details class=\"readmore\" open><summary><strong>2 custom rules:</strong></summary> Force Open Team Sheets, Best of = 3</details></div>\n|clearpoke\n|poke|p1|Floette-Eternal, L50, F|\n|poke|p1|Aerodactyl, L50, F|\n|poke|p1|Incineroar, L50, M|\n|poke|p1|Sinistcha-Masterpiece, L50|\n|poke|p1|Kangaskhan, L50, F|\n|poke|p1|Rotom-Wash, L50|\n|poke|p2|Slowking, L50, F|\n|poke|p2|Incineroar, L50, M|\n|poke|p2|Crabominable, L50, M|\n|poke|p2|Hatterene, L50, F|\n|poke|p2|Tsareena, L50, F|\n|poke|p2|Camerupt, L50, F|\n|teampreview|4\n|showteam|p1|Floette-Eternal||Floettite|FlowerVeil|Protect,DazzlingGleam,Moonblast,LightofRuin|||F|||50|]Aerodactyl||FocusSash|Unnerve|Protect,RockSlide,Tailwind,DualWingbeat|||F|||50|]Incineroar||SitrusBerry|Intimidate|FakeOut,PartingShot,FlareBlitz,DarkestLariat|||M|||50|]Sinistcha-Masterpiece||OccaBerry|Hospitality|Protect,MatchaGotcha,RagePowder,TrickRoom||||||50|]Kangaskhan||Kangaskhanite|InnerFocus|FakeOut,DoubleEdge,Protect,DrainPunch|||F|||50|]Rotom-Wash||ChoiceScarf|Levitate|VoltSwitch,Trick,Thunderbolt,HydroPump||||||50|\n|showteam|p2|Slowking||ColburBerry|Oblivious|TrickRoom,ChillyReception,Earthquake,Scald|||F|||50|]Incineroar||SitrusBerry|Intimidate|FakeOut,FlareBlitz,DarkestLariat,PartingShot|||M|||50|]Crabominable||Crabominite|HyperCutter|Protect,CloseCombat,IceHammer,ThunderPunch|||M|||50|]Hatterene||FairyFeather|MagicBounce|Protect,Psychic,DazzlingGleam,TrickRoom|||F|||50|]Tsareena||OccaBerry|QueenlyMajesty|Protect,PowerWhip,TripleAxel,KnockOff|||F|||50|]Camerupt||Cameruptite|SolidRock|Protect,HeatWave,EarthPower,AncientPower|||F|||50|\n|inactive|Battle timer is ON: inactive players will automatically lose when time's up. (requested by lcyy)\n|j| samuelkutty\n|j| mukining\n|j| BabyQQI\n|inactive|Mimicry5 has 60 seconds left.\n|inactive|Mimicry5 has 30 seconds left.\n|\n|t:|1776395558\n|teamsize|p1|4\n|teamsize|p2|4\n|start\n|switch|p1a: Incineroar|Incineroar, L50, M|100/100\n|switch|p1b: Rotom|Rotom-Wash, L50|100/100\n|switch|p2a: Slowking|Slowking, L50, F|100/100\n|switch|p2b: Incineroar|Incineroar, L50, M|100/100\n|-ability|p1a: Incineroar|Intimidate|boost\n|-fail|p2a: Slowking|unboost|Attack|[from] ability: Oblivious|[of] p2a: Slowking\n|-unboost|p2b: Incineroar|atk|1\n|-ability|p2b: Incineroar|Intimidate|boost\n|-unboost|p1a: Incineroar|atk|1\n|-unboost|p1b: Rotom|atk|1\n|turn|1\n|j| Solanum\n|inactive|Mimicry5 has 30 seconds left.\n|\n|t:|1776395584\n|move|p1a: Incineroar|Fake Out|p2a: Slowking\n|-damage|p2a: Slowking|95/100\n|move|p2b: Incineroar|Fake Out|p1b: Rotom\n|-damage|p1b: Rotom|87/100\n|cant|p1b: Rotom|flinch\n|cant|p2a: Slowking|flinch\n|\n|upkeep\n|turn|2\n|inactive|lcyy has 30 seconds left.\n|\n|t:|1776395616\n|move|p1b: Rotom|Thunderbolt|p2a: Slowking\n|-supereffective|p2a: Slowking|1\n|-damage|p2a: Slowking|30/100\n|move|p1a: Incineroar|Darkest Lariat|p2a: Slowking\n|-supereffective|p2a: Slowking|1\n|-enditem|p2a: Slowking|Colbur Berry|[eat]\n|-enditem|p2a: Slowking|Colbur Berry|[weaken]\n|-damage|p2a: Slowking|13/100\n|move|p2b: Incineroar|Parting Shot|p1b: Rotom\n|-unboost|p1b: Rotom|atk|1\n|-unboost|p1b: Rotom|spa|1\n|l| BabyQQI\n|c|\u2606lcyy|colbur berry clutch\n|\n|t:|1776395634\n|switch|p2b: Crabominable|Crabominable, L50, M|100/100|[from] Parting Shot\n|move|p2a: Slowking|Trick Room|p2a: Slowking\n|-fieldstart|move: Trick Room|[of] p2a: Slowking\n|\n|upkeep\n|turn|3\n|c|\u2606Mimicry5|fr\n|inactive|Mimicry5 has 30 seconds left.\n|inactive|lcyy has 30 seconds left.\n|j| heterosexualzekrom\n|inactive|Mimicry5 has 20 seconds left.\n|inactive|lcyy has 20 seconds left.\n|inactive|lcyy has 15 seconds left.\n|inactive|lcyy has 10 seconds left.\n|\n|t:|1776395680\n|switch|p2a: Hatterene|Hatterene, L50, F|100/100\n|switch|p1a: Sinistcha|Sinistcha-Masterpiece, L50|100/100\n|-heal|p1b: Rotom|100/100|[from] ability: Hospitality|[of] p1a: Sinistcha\n|detailschange|p2b: Crabominable|Crabominable-Mega, L50, M\n|-mega|p2b: Crabominable|Crabominable|Crabominite\n|move|p2b: Crabominable|Thunder Punch|p1b: Rotom\n|-damage|p1b: Rotom|46/100\n|move|p1b: Rotom|Thunderbolt|p2b: Crabominable\n|-damage|p2b: Crabominable|81/100\n|\n|upkeep\n|turn|4\n|j| snowpoffers\n|inactive|Mimicry5 has 30 seconds left.\n|inactive|lcyy has 30 seconds left.\n|inactive|Mimicry5 has 20 seconds left.\n|inactive|lcyy has 20 seconds left.\n|inactive|Mimicry5 has 15 seconds left.\n|inactive|Mimicry5 has 10 seconds left.\n|\n|t:|1776395728\n|switch|p1b: Incineroar|Incineroar, L50, M|100/100\n|-ability|p1b: Incineroar|Intimidate|boost\n|-unboost|p2a: Hatterene|atk|1\n|-unboost|p2b: Crabominable|atk|1\n|move|p2a: Hatterene|Dazzling Gleam|p1a: Sinistcha|[spread] p1a,p1b\n|-damage|p1a: Sinistcha|52/100\n|-damage|p1b: Incineroar|74/100\n|move|p2b: Crabominable|Ice Hammer|p1a: Sinistcha\n|-supereffective|p1a: Sinistcha|1\n|-damage|p1a: Sinistcha|0 fnt\n|-unboost|p2b: Crabominable|spe|1\n|faint|p1a: Sinistcha\n|\n|upkeep\n|\n|t:|1776395746\n|switch|p1a: Rotom|Rotom-Wash, L50|46/100\n|turn|5\n|\n|t:|1776395767\n|move|p1b: Incineroar|Fake Out|p2b: Crabominable\n|-damage|p2b: Crabominable|74/100\n|cant|p2b: Crabominable|flinch\n|move|p2a: Hatterene|Dazzling Gleam|p1a: Rotom|[spread] p1a,p1b\n|-damage|p1a: Rotom|0 fnt\n|-damage|p1b: Incineroar|45/100\n|-enditem|p1b: Incineroar|Sitrus Berry|[eat]\n|-heal|p1b: Incineroar|70/100|[from] item: Sitrus Berry\n|faint|p1a: Rotom\n|\n|upkeep\n|\n|t:|1776395777\n|switch|p1a: Floette|Floette-Eternal, L50, F|100/100\n|turn|6\n|j| Swis_Chris\n|inactive|lcyy has 30 seconds left.\n|\n|t:|1776395802\n|switch|p2b: Incineroar|Incineroar, L50, M|100/100\n|-ability|p2b: Incineroar|Intimidate|boost\n|-unboost|p1a: Floette|atk|1\n|-unboost|p1b: Incineroar|atk|1\n|move|p1a: Floette|Protect|p1a: Floette\n|-singleturn|p1a: Floette|Protect\n|move|p2a: Hatterene|Dazzling Gleam|p1b: Incineroar|[spread] p1b\n|-activate|p1a: Floette|move: Protect\n|-damage|p1b: Incineroar|41/100\n|move|p1b: Incineroar|Flare Blitz|p2b: Incineroar\n|-resisted|p2b: Incineroar|1\n|-damage|p2b: Incineroar|85/100\n|-damage|p1b: Incineroar|36/100|[from] Recoil\n|\n|-fieldend|move: Trick Room\n|upkeep\n|turn|7\n|j| Jamstiffer\n|inactive|Mimicry5 has 30 seconds left.\n|\n|t:|1776395832\n|detailschange|p1a: Floette|Floette-Mega, L50, F\n|-mega|p1a: Floette|Floette|Floettite\n|-ability|p1a: Floette|Fairy Aura\n|move|p2b: Incineroar|Fake Out|p1a: Floette\n|-crit|p1a: Floette\n|-damage|p1a: Floette|74/100\n|cant|p1a: Floette|flinch\n|move|p1b: Incineroar|Flare Blitz|p2a: Hatterene\n|-damage|p2a: Hatterene|64/100\n|-damage|p1b: Incineroar|26/100|[from] Recoil\n|move|p2a: Hatterene|Trick Room|p2a: Hatterene\n|-fieldstart|move: Trick Room|[of] p2a: Hatterene\n|\n|upkeep\n|turn|8\n|j| ScaryQwQ\n|j| BabyQQI\n|l| snowpoffers\n|\n|t:|1776395856\n|move|p2a: Hatterene|Dazzling Gleam|p1b: Incineroar|[spread] p1a,p1b\n|-damage|p1a: Floette|31/100\n|-damage|p1b: Incineroar|0 fnt\n|faint|p1b: Incineroar\n|move|p2b: Incineroar|Parting Shot|p1a: Floette\n|-unboost|p1a: Floette|atk|1\n|-unboost|p1a: Floette|spa|1\n|\n|t:|1776395862\n|switch|p2b: Slowking|Slowking, L50, F|13/100|[from] Parting Shot\n|move|p1a: Floette|Dazzling Gleam|p2a: Hatterene|[spread] p2a,p2b\n|-damage|p2a: Hatterene|30/100\n|-damage|p2b: Slowking|0 fnt\n|faint|p2b: Slowking\n|\n|upkeep\n|\n|t:|1776395865\n|switch|p2b: Crabominable|Crabominable-Mega, L50, M|74/100\n|turn|9\n|\n|t:|1776395871\n|move|p2a: Hatterene|Dazzling Gleam|p1a: Floette\n|-damage|p1a: Floette|0 fnt\n|faint|p1a: Floette\n|\n|win|lcyy\n",
  "uploadtime": 1776395871,
  "views": 15,
  "formatid": "gen9championsvgc2026regma",
  "rating": null,
  "private": 0,
  "password": null
}