{
  "id": "gen9championsvgc2026regma-2580485585",
  "format": "[Gen 9 Champions] VGC 2026 Reg M-A",
  "players": [
    "Novicebest",
    "Tubandchubb"
  ],
  "log": "|j|\u2606Novicebest\n|j|\u2606Tubandchubb\n|t:|1775903500\n|gametype|doubles\n|player|p1|Novicebest|dawn|1045\n|player|p2|Tubandchubb|giovanni|1086\n|gen|9\n|tier|[Gen 9 Champions] VGC 2026 Reg M-A\n|rated|\n|rule|Species Clause: Limit one of each Pok\u00e9mon\n|rule|Item Clause: Limit 1 of each item\n|clearpoke\n|poke|p1|Charizard, L50, M|\n|poke|p1|Whimsicott, L50, M|\n|poke|p1|Farigiraf, L50, F|\n|poke|p1|Sneasler, L50, M|\n|poke|p1|Rotom-Wash, L50|\n|poke|p1|Incineroar, L50, M|\n|poke|p2|Alakazam, L50, F|\n|poke|p2|Meowstic, L50, M|\n|poke|p2|Maushold, L50|\n|poke|p2|Sneasler, L50, M|\n|poke|p2|Rotom-Heat, L50|\n|poke|p2|Aerodactyl, L50, M|\n|teampreview|4\n|inactive|Battle timer is ON: inactive players will automatically lose when time's up. (requested by Novicebest)\n|inactive|Novicebest has 60 seconds left.\n|\n|t:|1775903552\n|teamsize|p1|4\n|teamsize|p2|4\n|start\n|switch|p1a: Charizard|Charizard, L50, M|100/100\n|switch|p1b: Whimsicott|Whimsicott, L50, M|100/100\n|switch|p2a: Rotom|Rotom-Heat, L50|100/100\n|switch|p2b: Aerodactyl|Aerodactyl, L50, M|100/100\n|turn|1\n|inactive|Novicebest has 30 seconds left.\n|inactive|Novicebest has 20 seconds left.\n|\n|t:|1775903594\n|switch|p1a: Incineroar|Incineroar, L50, M|100/100\n|-ability|p1a: Incineroar|Intimidate|boost\n|-unboost|p2a: Rotom|atk|1\n|-unboost|p2b: Aerodactyl|atk|1\n|move|p1b: Whimsicott|Tailwind|p1b: Whimsicott\n|-sidestart|p1: Novicebest|move: Tailwind\n|move|p2a: Rotom|Volt Switch|p1a: Incineroar\n|-damage|p1a: Incineroar|74/100\n|\n|t:|1775903607\n|switch|p2a: Meowstic|Meowstic, L50, M|100/100|[from] Volt Switch\n|move|p2b: Aerodactyl|Tailwind|p2b: Aerodactyl\n|-sidestart|p2: Tubandchubb|move: Tailwind\n|\n|upkeep\n|turn|2\n|\n|t:|1775903629\n|move|p2a: Meowstic|Fake Out|p1a: Incineroar\n|-damage|p1a: Incineroar|69/100\n|move|p2b: Aerodactyl|Dual Wingbeat|p1b: Whimsicott\n|-supereffective|p1b: Whimsicott|1\n|-damage|p1b: Whimsicott|61/100\n|-supereffective|p1b: Whimsicott|1\n|-damage|p1b: Whimsicott|26/100\n|-hitcount|p1b: Whimsicott|2\n|move|p1b: Whimsicott|Moonblast|p2b: Aerodactyl\n|-damage|p2b: Aerodactyl|47/100\n|-unboost|p2b: Aerodactyl|spa|1\n|cant|p1a: Incineroar|flinch\n|\n|upkeep\n|turn|3\n|\n|t:|1775903648\n|switch|p1b: Farigiraf|Farigiraf, L50, F|100/100\n|move|p2a: Meowstic|Psychic Terrain|p2a: Meowstic\n|-fieldstart|move: Psychic Terrain\n|move|p2b: Aerodactyl|Rock Slide|p1a: Incineroar|[spread] p1a,p1b\n|-supereffective|p1a: Incineroar|1\n|-damage|p1a: Incineroar|43/100\n|-damage|p1b: Farigiraf|81/100\n|-enditem|p1a: Incineroar|Sitrus Berry|[eat]\n|-heal|p1a: Incineroar|67/100|[from] item: Sitrus Berry\n|move|p1a: Incineroar|Throat Chop|p2a: Meowstic\n|-supereffective|p2a: Meowstic|1\n|-damage|p2a: Meowstic|12/100\n|-start|p2a: Meowstic|Throat Chop|[silent]\n|\n|upkeep\n|turn|4\n|inactive|Tubandchubb has 30 seconds left.\n|\n|t:|1775903673\n|switch|p2a: Rotom|Rotom-Heat, L50|100/100\n|move|p2b: Aerodactyl|Rock Slide|p1b: Farigiraf|[spread] p1a,p1b\n|-supereffective|p1a: Incineroar|1\n|-damage|p1a: Incineroar|41/100\n|-damage|p1b: Farigiraf|62/100\n|move|p1a: Incineroar|Throat Chop|p2b: Aerodactyl\n|-damage|p2b: Aerodactyl|0 fnt\n|faint|p2b: Aerodactyl\n|move|p1b: Farigiraf|Hyper Voice|p2a: Rotom\n|-damage|p2a: Rotom|34/100\n|\n|-sideend|p1: Novicebest|move: Tailwind\n|-sideend|p2: Tubandchubb|move: Tailwind\n|upkeep\n|\n|t:|1775903684\n|switch|p2b: Alakazam|Alakazam, L50, F|100/100\n|turn|5\n|inactive|Tubandchubb has 30 seconds left.\n|\n|t:|1775903717\n|detailschange|p2b: Alakazam|Alakazam-Mega, L50, F\n|-mega|p2b: Alakazam|Alakazam|Alakazite\n|-ability|p2b: Alakazam|Armor Tail|Trace|[from] ability: Trace|[of] p1b: Farigiraf\n|move|p1a: Incineroar|Helping Hand|p1b: Farigiraf\n|-singleturn|p1b: Farigiraf|Helping Hand|[of] p1a: Incineroar\n|move|p2a: Rotom|Foul Play|p1b: Farigiraf\n|-supereffective|p1b: Farigiraf|1\n|-enditem|p1b: Farigiraf|Colbur Berry|[eat]\n|-enditem|p1b: Farigiraf|Colbur Berry|[weaken]\n|-damage|p1b: Farigiraf|41/100\n|move|p2b: Alakazam|Focus Blast|p1a: Incineroar\n|-supereffective|p1a: Incineroar|1\n|-crit|p1a: Incineroar\n|-damage|p1a: Incineroar|0 fnt\n|faint|p1a: Incineroar\n|move|p1b: Farigiraf|Hyper Voice|p2a: Rotom|[spread] p2a,p2b\n|-damage|p2a: Rotom|0 fnt\n|-damage|p2b: Alakazam|32/100\n|faint|p2a: Rotom\n|\n|upkeep\n|\n|t:|1775903737\n|switch|p2a: Meowstic|Meowstic, L50, M|12/100\n|switch|p1a: Whimsicott|Whimsicott, L50, M|26/100\n|turn|6\n|\n|t:|1775903753\n|move|p1a: Whimsicott|Tailwind|p1a: Whimsicott\n|-sidestart|p1: Novicebest|move: Tailwind\n|move|p2b: Alakazam|Expanding Force|p1b: Farigiraf|[spread] p1a,p1b\n|-resisted|p1b: Farigiraf|1\n|-damage|p1a: Whimsicott|0 fnt\n|-damage|p1b: Farigiraf|3/100\n|faint|p1a: Whimsicott\n|move|p1b: Farigiraf|Hyper Voice|p2b: Alakazam|[spread] p2a,p2b\n|-damage|p2a: Meowstic|0 fnt\n|-damage|p2b: Alakazam|0 fnt\n|faint|p2a: Meowstic\n|faint|p2b: Alakazam\n|\n|win|Novicebest\n|raw|Novicebest's rating: 1045 &rarr; <strong>1082</strong><br />(+37 for winning)\n|raw|Tubandchubb's rating: 1086 &rarr; <strong>1060</strong><br />(-26 for losing)\n|l|\u2606Tubandchubb\n|player|p2|\n",
  "uploadtime": 1775903765,
  "views": 14,
  "formatid": "gen9championsvgc2026regma",
  "rating": 1060,
  "private": 0,
  "password": null
}