{
  "id": "gen9championsvgc2026regma-2587390701",
  "format": "[Gen 9 Champions] VGC 2026 Reg M-A",
  "players": [
    "themegaisiug",
    "TestKirbbles"
  ],
  "log": "|j|\u2606themegaisiug\n|j|\u2606TestKirbbles\n|t:|1776527870\n|gametype|doubles\n|player|p1|themegaisiug|boarder|1141\n|player|p2|TestKirbbles|1|1044\n|gen|9\n|tier|[Gen 9 Champions] VGC 2026 Reg M-A\n|rated|\n|rule|Species Clause: Limit one of each Pok\u00e9mon\n|rule|Item Clause: Limit 1 of each item\n|clearpoke\n|poke|p1|Floette-Eternal, L50, F|\n|poke|p1|Garchomp, L50, M|\n|poke|p1|Sneasler, L50, F|\n|poke|p1|Rotom-Wash, L50|\n|poke|p1|Aerodactyl, L50, F|\n|poke|p1|Incineroar, L50, M|\n|poke|p2|Charizard, L50, M|\n|poke|p2|Sneasler, L50, M|\n|poke|p2|Whimsicott, L50, F|\n|poke|p2|Milotic, L50, F|\n|poke|p2|Venusaur, L50, M|\n|poke|p2|Archaludon, L50, M|\n|teampreview|4\n|inactive|Battle timer is ON: inactive players will automatically lose when time's up. (requested by TestKirbbles)\n|\n|t:|1776527896\n|teamsize|p1|4\n|teamsize|p2|4\n|start\n|switch|p1a: Aerodactyl|Aerodactyl, L50, F|100/100\n|switch|p1b: Incineroar|Incineroar, L50, M|100/100\n|switch|p2a: Sneasler|Sneasler, L50, M|100/100\n|switch|p2b: Charizard|Charizard, L50, M|100/100\n|-ability|p1a: Aerodactyl|Unnerve\n|-ability|p1b: Incineroar|Intimidate|boost\n|-unboost|p2a: Sneasler|atk|1\n|-unboost|p2b: Charizard|atk|1\n|-enditem|p2a: Sneasler|White Herb\n|-clearnegativeboost|p2a: Sneasler|[silent]\n|turn|1\n|inactive|themegaisiug has 30 seconds left.\n|\n|t:|1776527927\n|move|p2a: Sneasler|Fake Out|p1a: Aerodactyl\n|-resisted|p1a: Aerodactyl|1\n|-damage|p1a: Aerodactyl|87/100\n|move|p1b: Incineroar|Fake Out|p2b: Charizard\n|-damage|p2b: Charizard|88/100\n|cant|p1a: Aerodactyl|flinch\n|cant|p2b: Charizard|flinch\n|\n|upkeep\n|turn|2\n|inactive|TestKirbbles has 30 seconds left.\n|\n|t:|1776527959\n|move|p2a: Sneasler|Close Combat|p1a: Aerodactyl\n|-damage|p1a: Aerodactyl|0 fnt\n|-unboost|p2a: Sneasler|def|1\n|-unboost|p2a: Sneasler|spd|1\n|faint|p1a: Aerodactyl\n|move|p2b: Charizard|Dragon Dance|p2b: Charizard\n|-boost|p2b: Charizard|atk|1\n|-boost|p2b: Charizard|spe|1\n|move|p1b: Incineroar|Parting Shot|p2b: Charizard\n|-unboost|p2b: Charizard|atk|1\n|-unboost|p2b: Charizard|spa|1\n|\n|t:|1776527964\n|switch|p1b: Rotom|Rotom-Wash, L50|100/100|[from] Parting Shot\n|\n|upkeep\n|\n|t:|1776527967\n|switch|p1a: Incineroar|Incineroar, L50, M|100/100\n|-ability|p1a: Incineroar|Intimidate|boost\n|-unboost|p2a: Sneasler|atk|1\n|-unboost|p2b: Charizard|atk|1\n|turn|3\n|\n|t:|1776527995\n|detailschange|p2b: Charizard|Charizard-Mega-X, L50, M\n|-mega|p2b: Charizard|Charizard|Charizardite X\n|move|p1a: Incineroar|Fake Out|p2a: Sneasler\n|-damage|p2a: Sneasler|72/100\n|cant|p2a: Sneasler|flinch\n|move|p1b: Rotom|Electroweb|p2a: Sneasler|[spread] p2a,p2b\n|-resisted|p2b: Charizard|1\n|-damage|p2a: Sneasler|41/100\n|-damage|p2b: Charizard|79/100\n|-unboost|p2a: Sneasler|spe|1\n|-unboost|p2b: Charizard|spe|1\n|move|p2b: Charizard|Dragon Dance|p2b: Charizard\n|-boost|p2b: Charizard|atk|1\n|-boost|p2b: Charizard|spe|1\n|\n|upkeep\n|turn|4\n|\n|t:|1776528011\n|move|p2a: Sneasler|Close Combat|p1a: Incineroar\n|-supereffective|p1a: Incineroar|1\n|-damage|p1a: Incineroar|35/100\n|-unboost|p2a: Sneasler|def|1\n|-unboost|p2a: Sneasler|spd|1\n|-enditem|p1a: Incineroar|Sitrus Berry|[eat]\n|-heal|p1a: Incineroar|60/100|[from] item: Sitrus Berry\n|move|p1b: Rotom|Electroweb|p2a: Sneasler|[spread] p2a,p2b\n|-resisted|p2b: Charizard|1\n|-damage|p2a: Sneasler|1/100\n|-damage|p2b: Charizard|71/100\n|-unboost|p2a: Sneasler|spe|1\n|-unboost|p2b: Charizard|spe|1\n|move|p2b: Charizard|Dragon Claw|p1b: Rotom\n|-damage|p1b: Rotom|62/100\n|move|p1a: Incineroar|Parting Shot|p2b: Charizard\n|-unboost|p2b: Charizard|atk|1\n|-unboost|p2b: Charizard|spa|1\n|\n|t:|1776528027\n|switch|p1a: Floette|Floette-Eternal, L50, F|100/100|[from] Parting Shot\n|\n|upkeep\n|turn|5\n|\n|t:|1776528036\n|switch|p2a: Milotic|Milotic, L50, F|100/100\n|switch|p1a: Incineroar|Incineroar, L50, M|60/100\n|-ability|p1a: Incineroar|Intimidate|boost\n|-unboost|p2a: Milotic|atk|1\n|-ability|p2a: Milotic|Competitive|boost\n|-boost|p2a: Milotic|spa|2\n|-unboost|p2b: Charizard|atk|1\n|move|p2b: Charizard|Protect|p2b: Charizard\n|-singleturn|p2b: Charizard|Protect\n|move|p1b: Rotom|Electroweb|p2b: Charizard|[spread] p2a\n|-activate|p2b: Charizard|move: Protect\n|-supereffective|p2a: Milotic|1\n|-damage|p2a: Milotic|82/100\n|-unboost|p2a: Milotic|spe|1\n|-ability|p2a: Milotic|Competitive|boost\n|-boost|p2a: Milotic|spa|2\n|\n|-heal|p2a: Milotic|88/100|[from] item: Leftovers\n|upkeep\n|turn|6\n|inactive|themegaisiug has 30 seconds left.\n|\n|t:|1776528063\n|switch|p2b: Sneasler|Sneasler, L50, M|1/100\n|move|p1b: Rotom|Electroweb|p2a: Milotic|[spread] p2a,p2b\n|-supereffective|p2a: Milotic|1\n|-damage|p2a: Milotic|67/100\n|-damage|p2b: Sneasler|0 fnt\n|-unboost|p2a: Milotic|spe|1\n|-ability|p2a: Milotic|Competitive|boost\n|-boost|p2a: Milotic|spa|2\n|faint|p2b: Sneasler\n|move|p1a: Incineroar|Parting Shot|p2a: Milotic\n|-unboost|p2a: Milotic|atk|1\n|-boost|p2a: Milotic|spa|0\n|-unboost|p2a: Milotic|spa|1\n|-ability|p2a: Milotic|Competitive|boost\n|-boost|p2a: Milotic|spa|1\n|\n|t:|1776528077\n|switch|p1a: Floette|Floette-Eternal, L50, F|100/100|[from] Parting Shot\n|move|p2a: Milotic|Scald|p1a: Floette\n|-damage|p1a: Floette|5/100\n|\n|-heal|p2a: Milotic|73/100|[from] item: Leftovers\n|upkeep\n|\n|t:|1776528083\n|switch|p2b: Whimsicott|Whimsicott, L50, F|100/100\n|turn|7\n|\n|t:|1776528090\n|detailschange|p1a: Floette|Floette-Mega, L50, F\n|-mega|p1a: Floette|Floette|Floettite\n|-ability|p1a: Floette|Fairy Aura\n|move|p2b: Whimsicott|Tailwind|p2b: Whimsicott\n|-sidestart|p2: TestKirbbles|move: Tailwind\n|move|p1b: Rotom|Electroweb|p2a: Milotic|[spread] p2a,p2b\n|-supereffective|p2a: Milotic|1\n|-resisted|p2b: Whimsicott|1\n|-damage|p2a: Milotic|54/100\n|-damage|p2b: Whimsicott|87/100\n|-unboost|p2a: Milotic|spe|1\n|-boost|p2a: Milotic|spa|0\n|-unboost|p2b: Whimsicott|spe|1\n|move|p1a: Floette|Dazzling Gleam|p2a: Milotic|[spread] p2a,p2b\n|-damage|p2a: Milotic|27/100\n|-damage|p2b: Whimsicott|3/100\n|move|p2a: Milotic|Icy Wind|p1a: Floette|[spread] p1a,p1b\n|-resisted|p1b: Rotom|1\n|-damage|p1a: Floette|0 fnt\n|-damage|p1b: Rotom|42/100\n|-unboost|p1b: Rotom|spe|1\n|faint|p1a: Floette\n|\n|-heal|p2a: Milotic|33/100|[from] item: Leftovers\n|upkeep\n|\n|t:|1776528106\n|switch|p1a: Incineroar|Incineroar, L50, M|60/100\n|-ability|p1a: Incineroar|Intimidate|boost\n|-unboost|p2a: Milotic|atk|1\n|-boost|p2a: Milotic|spa|0\n|-unboost|p2b: Whimsicott|atk|1\n|turn|8\n|\n|t:|1776528121\n|move|p2a: Milotic|Protect|p2a: Milotic\n|-singleturn|p2a: Milotic|Protect\n|move|p2b: Whimsicott|Moonblast|p1b: Rotom\n|-damage|p1b: Rotom|5/100\n|move|p1b: Rotom|Electroweb|p2b: Whimsicott|[spread] p2b\n|-activate|p2a: Milotic|move: Protect\n|-resisted|p2b: Whimsicott|1\n|-damage|p2b: Whimsicott|0 fnt\n|faint|p2b: Whimsicott\n|move|p1a: Incineroar|Throat Chop|p2a: Milotic\n|-activate|p2a: Milotic|move: Protect\n|\n|-heal|p2a: Milotic|39/100|[from] item: Leftovers\n|upkeep\n|\n|t:|1776528131\n|switch|p2b: Charizard|Charizard-Mega-X, L50, M|71/100\n|turn|9\n|\n|t:|1776528139\n|move|p2b: Charizard|Dragon Claw|p1b: Rotom\n|-damage|p1b: Rotom|0 fnt\n|faint|p1b: Rotom\n|move|p1a: Incineroar|Throat Chop|p2b: Charizard\n|-damage|p2b: Charizard|42/100\n|-start|p2b: Charizard|Throat Chop|[silent]\n|move|p2a: Milotic|Scald|p1a: Incineroar\n|-supereffective|p1a: Incineroar|1\n|-damage|p1a: Incineroar|0 fnt\n|faint|p1a: Incineroar\n|\n|win|TestKirbbles\n|raw|themegaisiug's rating: 1141 &rarr; <strong>1109</strong><br />(-32 for losing)\n|raw|TestKirbbles's rating: 1044 &rarr; <strong>1086</strong><br />(+42 for winning)\n",
  "uploadtime": 1776528143,
  "views": 16,
  "formatid": "gen9championsvgc2026regma",
  "rating": 1086,
  "private": 0,
  "password": null
}