{
  "id": "gen9championsvgc2026regma-2581568518",
  "format": "[Gen 9 Champions] VGC 2026 Reg M-A",
  "players": [
    "09090909sarah",
    "Jah_08"
  ],
  "log": "|j|\u260609090909sarah\n|j|\u2606Jah_08\n|t:|1776011653\n|gametype|doubles\n|player|p1|09090909sarah|skyla|1157\n|player|p2|Jah_08|2|1183\n|gen|9\n|tier|[Gen 9 Champions] VGC 2026 Reg M-A\n|rated|\n|rule|Species Clause: Limit one of each Pok\u00e9mon\n|rule|Item Clause: Limit 1 of each item\n|clearpoke\n|poke|p1|Charizard, L50, M|\n|poke|p1|Sinistcha, L50|\n|poke|p1|Azumarill, L50, F|\n|poke|p1|Farigiraf, L50, M|\n|poke|p1|Sneasler, L50, M|\n|poke|p1|Kingambit, L50, M|\n|poke|p2|Basculegion, L50, M|\n|poke|p2|Zoroark-Hisui, L50, M|\n|poke|p2|Conkeldurr, L50, M|\n|poke|p2|Whimsicott, L50, M|\n|poke|p2|Chandelure, L50, M|\n|poke|p2|Vanilluxe, L50, M|\n|teampreview|4\n|\n|t:|1776011698\n|teamsize|p1|4\n|teamsize|p2|4\n|start\n|switch|p1a: Farigiraf|Farigiraf, L50, M|100/100\n|switch|p1b: Azumarill|Azumarill, L50, F|100/100\n|switch|p2a: Conkeldurr|Conkeldurr, L50, M|100/100\n|switch|p2b: Basculegion|Basculegion, L50, M|100/100\n|turn|1\n|\n|t:|1776011739\n|move|p2b: Basculegion|Last Respects|p1b: Azumarill\n|-damage|p1b: Azumarill|66/100\n|move|p2a: Conkeldurr|Sludge Bomb|p1b: Azumarill\n|-supereffective|p1b: Azumarill|1\n|-damage|p1b: Azumarill|4/100\n|-enditem|p1b: Azumarill|Sitrus Berry|[eat]\n|-heal|p1b: Azumarill|29/100|[from] item: Sitrus Berry\n|move|p1a: Farigiraf|Reflect|p1a: Farigiraf\n|-sidestart|p1: 09090909sarah|Reflect\n|move|p1b: Azumarill|Belly Drum||[still]\n|-fail|p1b: Azumarill\n|\n|upkeep\n|turn|2\n|\n|t:|1776011773\n|switch|p2b: Chandelure|Chandelure, L50, M|100/100\n|switch|p1a: Sneasler|Sneasler, L50, M|100/100\n|move|p1b: Azumarill|Aqua Jet|p2a: Conkeldurr\n|-damage|p2a: Conkeldurr|44/100\n|replace|p2a: Zoroark|Zoroark-Hisui, L50, M\n|-end|p2a: Zoroark|Illusion\n|move|p2a: Zoroark|Sludge Bomb|p1b: Azumarill\n|-supereffective|p1b: Azumarill|1\n|-damage|p1b: Azumarill|0 fnt\n|faint|p1b: Azumarill\n|\n|upkeep\n|\n|t:|1776011794\n|switch|p1b: Kingambit|Kingambit, L50, M|100/100\n|turn|3\n|\n|t:|1776011810\n|detailschange|p2b: Chandelure|Chandelure-Mega, L50, M\n|-mega|p2b: Chandelure|Chandelure|Chandelurite\n|move|p1b: Kingambit|Protect|p1b: Kingambit\n|-singleturn|p1b: Kingambit|Protect\n|move|p1a: Sneasler|Dire Claw|p2a: Zoroark\n|-resisted|p2a: Zoroark|1\n|-damage|p2a: Zoroark|0 fnt\n|faint|p2a: Zoroark\n|move|p2b: Chandelure|Heat Wave|p1a: Sneasler|[spread] p1a\n|-activate|p1b: Kingambit|move: Protect\n|-damage|p1a: Sneasler|43/100\n|\n|upkeep\n|\n|t:|1776011823\n|switch|p2a: Conkeldurr|Conkeldurr, L50, M|100/100\n|turn|4\n|\n|t:|1776011862\n|move|p1b: Kingambit|Sucker Punch|p2b: Chandelure\n|-supereffective|p2b: Chandelure|1\n|-damage|p2b: Chandelure|0 fnt\n|faint|p2b: Chandelure\n|move|p2a: Conkeldurr|Mach Punch|p1b: Kingambit\n|-supereffective|p1b: Kingambit|2\n|-damage|p1b: Kingambit|43/100\n|move|p1a: Sneasler|Dire Claw|p2a: Conkeldurr\n|-damage|p2a: Conkeldurr|65/100\n|\n|upkeep\n|\n|t:|1776011872\n|switch|p2b: Basculegion|Basculegion, L50, M|100/100\n|turn|5\n|\n|t:|1776011894\n|switch|p1a: Farigiraf|Farigiraf, L50, M|100/100\n|move|p1b: Kingambit|Protect|p1b: Kingambit\n|-singleturn|p1b: Kingambit|Protect\n|move|p2a: Conkeldurr|Mach Punch||[still]\n|cant|p1a: Farigiraf|ability: Armor Tail|Mach Punch|[of] p2a: Conkeldurr\n|move|p2b: Basculegion|Wave Crash|p1a: Farigiraf\n|-damage|p1a: Farigiraf|49/100\n|-damage|p2b: Basculegion|80/100|[from] Recoil\n|\n|-sideend|p1: 09090909sarah|Reflect\n|upkeep\n|turn|6\n|\n|t:|1776011912\n|move|p1b: Kingambit|Sucker Punch|p2b: Basculegion\n|-supereffective|p2b: Basculegion|1\n|-damage|p2b: Basculegion|0 fnt\n|faint|p2b: Basculegion\n|move|p1a: Farigiraf|Psychic|p2a: Conkeldurr\n|-supereffective|p2a: Conkeldurr|1\n|-damage|p2a: Conkeldurr|0 fnt\n|faint|p2a: Conkeldurr\n|\n|win|09090909sarah\n|raw|09090909sarah's rating: 1157 &rarr; <strong>1184</strong><br />(+27 for winning)\n|raw|Jah_08's rating: 1183 &rarr; <strong>1156</strong><br />(-27 for losing)\n",
  "uploadtime": 1776011926,
  "views": 18,
  "formatid": "gen9championsvgc2026regma",
  "rating": 1156,
  "private": 0,
  "password": null
}