{
  "id": "gen9championsvgc2026regma-2587706002",
  "format": "[Gen 9 Champions] VGC 2026 Reg M-A",
  "players": [
    "Andreuvgc",
    "bomber strike"
  ],
  "log": "|j|\u2606Andreuvgc\n|j|\u2606bomber strike\n|t:|1776555787\n|gametype|doubles\n|player|p1|Andreuvgc|volkner|\n|player|p2|bomber strike|lance|\n|gen|9\n|tier|[Gen 9 Champions] VGC 2026 Reg M-A\n|rule|Species Clause: Limit one of each Pok\u00e9mon\n|rule|Item Clause: Limit 1 of each item\n|clearpoke\n|poke|p1|Garchomp, L50, M, shiny|\n|poke|p1|Aegislash, L50, M, shiny|\n|poke|p1|Meowscarada, L50, M, shiny|\n|poke|p1|Lucario, L50, M, shiny|\n|poke|p1|Araquanid, L50, M, shiny|\n|poke|p1|Talonflame, L50, M, shiny|\n|poke|p2|Hatterene, L50, F|\n|poke|p2|Pelipper, L50, F|\n|poke|p2|Incineroar, L50, F|\n|poke|p2|Archaludon, L50, M|\n|poke|p2|Dragonite, L50, M, shiny|\n|poke|p2|Gallade, L50, M|\n|teampreview|4\nAndreuvgc rejected open team sheets.\n|l|\u2606Andreuvgc\n|player|p1|\n|j|\u2606Andreuvgc\n|player|p1|Andreuvgc|volkner|\n|c|\u2606Andreuvgc|Glhf\n|c|\u2606bomber strike|glhf\n|\n|t:|1776555925\n|teamsize|p1|4\n|teamsize|p2|4\n|start\n|switch|p1a: Garchomp|Garchomp, L50, M, shiny|100/100\n|switch|p1b: Aegislash|Aegislash, L50, M, shiny|100/100\n|switch|p2a: Hatterene|Hatterene, L50, F|100/100\n|switch|p2b: Gallade|Gallade, L50, M|100/100\n|turn|1\n|\n|t:|1776555974\n|move|p2b: Gallade|Protect|p2b: Gallade\n|-singleturn|p2b: Gallade|Protect\n|move|p1a: Garchomp|Dragon Claw|p2b: Gallade\n|-activate|p2b: Gallade|move: Protect\n|move|p1b: Aegislash|Reflect|p1b: Aegislash\n|-sidestart|p1: Andreuvgc|Reflect\n|move|p2a: Hatterene|Trick Room|p2a: Hatterene\n|-fieldstart|move: Trick Room|[of] p2a: Hatterene\n|\n|upkeep\n|turn|2\n|\n|t:|1776556011\n|move|p1a: Garchomp|Protect|p1a: Garchomp\n|-singleturn|p1a: Garchomp|Protect\n|move|p2a: Hatterene|Dazzling Gleam|p1a: Garchomp|[spread] p1b\n|-activate|p1a: Garchomp|move: Protect\n|-resisted|p1b: Aegislash|1\n|-damage|p1b: Aegislash|87/100\n|-formechange|p1b: Aegislash|Aegislash-Blade|\n|move|p1b: Aegislash|Poltergeist|p2b: Gallade\n|-activate|p2b: Gallade|move: Poltergeist|Galladite\n|-supereffective|p2b: Gallade|1\n|-damage|p2b: Gallade|0 fnt\n|faint|p2b: Gallade\n|\n|upkeep\n|\n|t:|1776556042\n|switch|p2b: Pelipper|Pelipper, L50, F|100/100\n|-weather|RainDance|[from] ability: Drizzle|[of] p2b: Pelipper\n|turn|3\n|\n|t:|1776556067\n|-formechange|p1b: Aegislash|Aegislash|\n|move|p1b: Aegislash|King's Shield|p1b: Aegislash\n|-singleturn|p1b: Aegislash|Protect\n|move|p2a: Hatterene|Dazzling Gleam|p1b: Aegislash|[spread] p1a\n|-activate|p1b: Aegislash|move: Protect\n|-supereffective|p1a: Garchomp|1\n|-damage|p1a: Garchomp|25/100\n|move|p2b: Pelipper|Weather Ball|p1b: Aegislash\n|-activate|p1b: Aegislash|move: Protect\n|move|p1a: Garchomp|Earthquake|p2b: Pelipper|[spread] p2a\n|-activate|p1b: Aegislash|move: Protect\n|-immune|p2b: Pelipper\n|-crit|p2a: Hatterene\n|-damage|p2a: Hatterene|24/100\n|\n|-weather|RainDance|[upkeep]\n|upkeep\n|turn|4\n|\n|t:|1776556106\n|switch|p2a: Dragonite|Dragonite, L50, M, shiny|100/100\n|move|p1a: Garchomp|Protect|p1a: Garchomp\n|-singleturn|p1a: Garchomp|Protect\n|-formechange|p1b: Aegislash|Aegislash-Blade|\n|move|p1b: Aegislash|Poltergeist|p2b: Pelipper\n|-activate|p2b: Pelipper|move: Poltergeist|Focus Sash\n|-damage|p2b: Pelipper|33/100\n|move|p2b: Pelipper|Icy Wind|p1b: Aegislash|[spread] p1b\n|-activate|p1a: Garchomp|move: Protect\n|-resisted|p1b: Aegislash|1\n|-damage|p1b: Aegislash|78/100\n|-unboost|p1b: Aegislash|spe|1\n|\n|-weather|RainDance|[upkeep]\n|upkeep\n|turn|5\n|\n|t:|1776556139\n|-formechange|p1b: Aegislash|Aegislash|\n|move|p1b: Aegislash|King's Shield|p1b: Aegislash\n|-singleturn|p1b: Aegislash|Protect\n|move|p2a: Dragonite|Protect|p2a: Dragonite\n|-singleturn|p2a: Dragonite|Protect\n|move|p2b: Pelipper|Weather Ball|p1a: Garchomp\n|-damage|p1a: Garchomp|0 fnt\n|faint|p1a: Garchomp\n|\n|-weather|RainDance|[upkeep]\n|-sideend|p1: Andreuvgc|Reflect\n|-fieldend|move: Trick Room\n|upkeep\n|\n|t:|1776556156\n|switch|p1a: Meowscarada|Meowscarada, L50, M, shiny|100/100\n|turn|6\n|\n|t:|1776556169\n|detailschange|p2a: Dragonite|Dragonite-Mega, L50, M, shiny\n|-mega|p2a: Dragonite|Dragonite|Dragoninite\n|move|p1a: Meowscarada|Triple Axel|p2a: Dragonite|[miss]\n|-start|p1a: Meowscarada|typechange|Ice|[from] ability: Protean\n|-miss|p1a: Meowscarada|p2a: Dragonite\n|move|p2b: Pelipper|Tailwind|p2b: Pelipper\n|-sidestart|p2: bomber strike|move: Tailwind\n|move|p2a: Dragonite|Hurricane|p1a: Meowscarada\n|-damage|p1a: Meowscarada|12/100\n|move|p1b: Aegislash|Reflect|p1b: Aegislash\n|-sidestart|p1: Andreuvgc|Reflect\n|\n|-weather|RainDance|[upkeep]\n|upkeep\n|turn|7\n|\n|t:|1776556200\n|move|p2a: Dragonite|Extreme Speed|p1a: Meowscarada\n|-damage|p1a: Meowscarada|0 fnt\n|faint|p1a: Meowscarada\n|move|p2b: Pelipper|Weather Ball|p1b: Aegislash\n|-damage|p1b: Aegislash|29/100\n|-enditem|p1b: Aegislash|Sitrus Berry|[eat]\n|-heal|p1b: Aegislash|53/100|[from] item: Sitrus Berry\n|-formechange|p1b: Aegislash|Aegislash-Blade|\n|move|p1b: Aegislash|Poltergeist|p2a: Dragonite\n|-activate|p2a: Dragonite|move: Poltergeist|Dragoninite\n|-damage|p2a: Dragonite|78/100\n|\n|-weather|none\n|upkeep\n|l|\u2606Andreuvgc\n|player|p1|\n|j|\u2606Andreuvgc\n|player|p1|Andreuvgc|volkner|\n|\n|t:|1776556222\n|switch|p1a: Lucario|Lucario, L50, M, shiny|100/100\n|turn|8\n|\n|t:|1776556288\n|switch|p2a: Hatterene|Hatterene, L50, F|24/100\n|detailschange|p1a: Lucario|Lucario-Mega, L50, M, shiny\n|-mega|p1a: Lucario|Lucario|Lucarionite\n|-formechange|p1b: Aegislash|Aegislash|\n|move|p1b: Aegislash|King's Shield|p1b: Aegislash\n|-singleturn|p1b: Aegislash|Protect\n|move|p2b: Pelipper|Hurricane|p1a: Lucario|[miss]\n|-miss|p2b: Pelipper|p1a: Lucario\n|move|p1a: Lucario|Shadow Ball|p2a: Hatterene\n|-supereffective|p2a: Hatterene|1\n|-damage|p2a: Hatterene|0 fnt\n|faint|p2a: Hatterene\n|\n|upkeep\n|\n|t:|1776556303\n|switch|p2a: Dragonite|Dragonite-Mega, L50, M, shiny|78/100\n|turn|9\n|\n|t:|1776556318\n|move|p1a: Lucario|Detect|p1a: Lucario\n|-singleturn|p1a: Lucario|Protect\n|move|p2b: Pelipper|Hurricane|p1a: Lucario\n|-activate|p1a: Lucario|move: Protect\n|move|p2a: Dragonite|Hurricane|p1a: Lucario\n|-activate|p1a: Lucario|move: Protect\n|-formechange|p1b: Aegislash|Aegislash-Blade|\n|move|p1b: Aegislash|Poltergeist|p2a: Dragonite\n|-activate|p2a: Dragonite|move: Poltergeist|Dragoninite\n|-damage|p2a: Dragonite|32/100\n|\n|-sideend|p2: bomber strike|move: Tailwind\n|upkeep\n|turn|10\n|\n|t:|1776556354\n|move|p2a: Dragonite|Protect|p2a: Dragonite\n|-singleturn|p2a: Dragonite|Protect\n|-formechange|p1b: Aegislash|Aegislash|\n|move|p1b: Aegislash|King's Shield|p1b: Aegislash\n|-singleturn|p1b: Aegislash|Protect\n|move|p1a: Lucario|Shadow Ball|p2b: Pelipper\n|-damage|p2b: Pelipper|0 fnt\n|faint|p2b: Pelipper\n|\n|-sideend|p1: Andreuvgc|Reflect\n|upkeep\n|turn|11\n|\n|t:|1776556378\n|move|p1a: Lucario|Detect|p1a: Lucario\n|-singleturn|p1a: Lucario|Protect\n|move|p2a: Dragonite|Hurricane|p1a: Lucario\n|-activate|p1a: Lucario|move: Protect\n|-formechange|p1b: Aegislash|Aegislash-Blade|\n|move|p1b: Aegislash|Poltergeist|p2a: Dragonite\n|-activate|p2a: Dragonite|move: Poltergeist|Dragoninite\n|-damage|p2a: Dragonite|0 fnt\n|faint|p2a: Dragonite\n|\n|win|Andreuvgc\n",
  "uploadtime": 1776556393,
  "views": 13,
  "formatid": "gen9championsvgc2026regma",
  "rating": null,
  "private": 0,
  "password": null
}