{
  "id": "gen9championsvgc2026regma-2588825171",
  "format": "[Gen 9 Champions] VGC 2026 Reg M-A",
  "players": [
    "wispwhimsicott",
    "UtterlyIncapable"
  ],
  "log": "|j|\u2606wispwhimsicott\n|j|\u2606UtterlyIncapable\n|t:|1776675440\n|gametype|doubles\n|player|p1|wispwhimsicott|266|1234\n|player|p2|UtterlyIncapable|firebreather|1233\n|gen|9\n|tier|[Gen 9 Champions] VGC 2026 Reg M-A\n|rated|\n|rule|Species Clause: Limit one of each Pok\u00e9mon\n|rule|Item Clause: Limit 1 of each item\n|clearpoke\n|poke|p1|Floette-Eternal, L50, F|\n|poke|p1|Garchomp, L50, M|\n|poke|p1|Sneasler, L50, M|\n|poke|p1|Incineroar, L50, M|\n|poke|p1|Maushold-Four, L50|\n|poke|p1|Sinistcha, L50|\n|poke|p2|Victreebel, L50, F|\n|poke|p2|Zoroark-Hisui, L50, M|\n|poke|p2|Alakazam, L50, M|\n|poke|p2|Farigiraf, L50, M|\n|poke|p2|Torkoal, L50, M|\n|poke|p2|Whimsicott, L50, F|\n|teampreview|4\n|inactive|Battle timer is ON: inactive players will automatically lose when time's up. (requested by wispwhimsicott)\nwispwhimsicott has agreed to open team sheets.\n|inactive|wispwhimsicott has 60 seconds left.\n|inactive|UtterlyIncapable has 60 seconds left.\n|\n|t:|1776675486\n|teamsize|p1|4\n|teamsize|p2|4\n|start\n|switch|p1a: Floette|Floette-Eternal, L50, F|100/100\n|switch|p1b: Garchomp|Garchomp, L50, M|100/100\n|switch|p2a: Victreebel|Victreebel, L50, F|100/100\n|switch|p2b: Farigiraf|Farigiraf, L50, M|100/100\n|turn|1\n|\n|t:|1776675500\n|detailschange|p1a: Floette|Floette-Mega, L50, F\n|-mega|p1a: Floette|Floette|Floettite\n|-ability|p1a: Floette|Fairy Aura\n|detailschange|p2a: Victreebel|Victreebel-Mega, L50, F\n|-mega|p2a: Victreebel|Victreebel|Victreebelite\n|move|p1b: Garchomp|Dragon Claw|p2a: Victreebel\n|-damage|p2a: Victreebel|46/100\n|move|p2b: Farigiraf|Icy Wind|p1a: Floette|[spread] p1a,p1b\n|-supereffective|p1b: Garchomp|2\n|-damage|p1a: Floette|90/100\n|-damage|p1b: Garchomp|47/100\n|-unboost|p1a: Floette|spe|1\n|-unboost|p1b: Garchomp|spe|1\n|move|p1a: Floette|Calm Mind|p1a: Floette\n|-boost|p1a: Floette|spa|1\n|-boost|p1a: Floette|spd|1\n|move|p2a: Victreebel|Strength Sap|p1b: Garchomp\n|-unboost|p1b: Garchomp|atk|1\n|-heal|p2a: Victreebel|100/100\n|\n|upkeep\n|turn|2\n|\n|t:|1776675517\n|switch|p1b: Incineroar|Incineroar, L50, M|100/100\n|-ability|p1b: Incineroar|Intimidate|boost\n|-unboost|p2a: Victreebel|atk|1\n|-unboost|p2b: Farigiraf|atk|1\n|move|p1a: Floette|Protect|p1a: Floette\n|-singleturn|p1a: Floette|Protect\n|move|p2b: Farigiraf|Icy Wind|p1b: Incineroar|[spread] p1b\n|-activate|p1a: Floette|move: Protect\n|-resisted|p1b: Incineroar|1\n|-damage|p1b: Incineroar|96/100\n|-unboost|p1b: Incineroar|spe|1\n|move|p2a: Victreebel|Sleep Powder|p1a: Floette\n|-activate|p1a: Floette|move: Protect\n|\n|upkeep\n|turn|3\n|\n|t:|1776675531\n|move|p2b: Farigiraf|Nasty Plot|p2b: Farigiraf\n|-boost|p2b: Farigiraf|spa|2\n|move|p1a: Floette|Moonblast|p2a: Victreebel\n|-resisted|p2a: Victreebel|1\n|-damage|p2a: Victreebel|53/100\n|move|p2a: Victreebel|Sleep Powder|p1a: Floette\n|-status|p1a: Floette|slp|[from] move: Sleep Powder\n|move|p1b: Incineroar|Flare Blitz|p2a: Victreebel\n|-supereffective|p2a: Victreebel|1\n|-damage|p2a: Victreebel|0 fnt\n|-damage|p1b: Incineroar|47/100|[from] ability: Innards Out|[of] p2a: Victreebel\n|faint|p2a: Victreebel\n|-damage|p1b: Incineroar|30/100|[from] Recoil\n|\n|upkeep\n|\n|t:|1776675543\n|switch|p2a: Torkoal|Torkoal, L50, M|100/100\n|-weather|SunnyDay|[from] ability: Drought|[of] p2a: Torkoal\n|turn|4\n|\n|t:|1776675548\n|move|p2b: Farigiraf|Hyper Voice|p1a: Floette|[spread] p1a,p1b\n|-damage|p1a: Floette|58/100 slp\n|-damage|p1b: Incineroar|0 fnt\n|faint|p1b: Incineroar\n|cant|p1a: Floette|slp\n|move|p2a: Torkoal|Eruption|p1a: Floette\n|-damage|p1a: Floette|0 fnt\n|faint|p1a: Floette\n|\n|-weather|SunnyDay|[upkeep]\n|upkeep\n|\n|t:|1776675551\n|switch|p1a: Garchomp|Garchomp, L50, M|47/100\n|switch|p1b: Maushold|Maushold-Four, L50|100/100\n|turn|5\n|\n|t:|1776675559\n|move|p2a: Torkoal|Protect|p2a: Torkoal\n|-singleturn|p2a: Torkoal|Protect\n|move|p1a: Garchomp|Stomping Tantrum|p2a: Torkoal\n|-activate|p2a: Torkoal|move: Protect\n|move|p2b: Farigiraf|Icy Wind|p1b: Maushold|[spread] p1a,p1b\n|-supereffective|p1a: Garchomp|2\n|-damage|p1a: Garchomp|0 fnt\n|-damage|p1b: Maushold|72/100\n|-unboost|p1b: Maushold|spe|1\n|faint|p1a: Garchomp\n|move|p1b: Maushold|Population Bomb|p2b: Farigiraf\n|-immune|p2b: Farigiraf\n|\n|-weather|SunnyDay|[upkeep]\n|-heal|p1b: Maushold|78/100|[from] item: Leftovers\n|upkeep\n|turn|6\n|-message|wispwhimsicott forfeited.\n|\n|win|UtterlyIncapable\n|raw|wispwhimsicott's rating: 1234 &rarr; <strong>1209</strong><br />(-25 for losing)\n|raw|UtterlyIncapable's rating: 1233 &rarr; <strong>1258</strong><br />(+25 for winning)\n|l|\u2606wispwhimsicott\n|player|p1|\n",
  "uploadtime": 1776675591,
  "views": 9,
  "formatid": "gen9championsvgc2026regma",
  "rating": 1209,
  "private": 0,
  "password": null
}