{
  "id": "gen9championsvgc2026regma-2588796955",
  "format": "[Gen 9 Champions] VGC 2026 Reg M-A",
  "players": [
    "kirbo5500",
    "Haosang"
  ],
  "log": "|j|\u2606kirbo5500\n|j|\u2606Haosang\n|t:|1776671988\n|gametype|doubles\n|player|p1|kirbo5500|265|1067\n|player|p2|Haosang|dawn|1118\n|gen|9\n|tier|[Gen 9 Champions] VGC 2026 Reg M-A\n|rated|\n|rule|Species Clause: Limit one of each Pok\u00e9mon\n|rule|Item Clause: Limit 1 of each item\n|clearpoke\n|poke|p1|Meganium, L50, F|\n|poke|p1|Primarina, L50, F|\n|poke|p1|Incineroar, L50, M|\n|poke|p1|Garchomp, L50, M|\n|poke|p1|Talonflame, L50, M|\n|poke|p1|Lucario, L50, M|\n|poke|p2|Spiritomb, L50, F|\n|poke|p2|Chimecho, L50, M|\n|poke|p2|Audino, L50, F|\n|poke|p2|Incineroar, L50, M|\n|poke|p2|Milotic, L50, F|\n|poke|p2|Torkoal, L50, F|\n|teampreview|4\n|inactive|Battle timer is ON: inactive players will automatically lose when time's up. (requested by Haosang)\n|\n|t:|1776672037\n|teamsize|p1|4\n|teamsize|p2|4\n|start\n|switch|p1a: Incineroar|Incineroar, L50, M|100/100\n|switch|p1b: Shorky|Garchomp, L50, M|100/100\n|switch|p2a: Spiritomb|Spiritomb, L50, F|100/100\n|switch|p2b: Incineroar|Incineroar, L50, M|100/100\n|-ability|p1a: Incineroar|Intimidate|boost\n|-unboost|p2a: Spiritomb|atk|1\n|-unboost|p2b: Incineroar|atk|1\n|-ability|p2b: Incineroar|Intimidate|boost\n|-unboost|p1a: Incineroar|atk|1\n|-unboost|p1b: Shorky|atk|1\n|-ability|p2a: Spiritomb|Pressure\n|turn|1\n|inactive|kirbo5500 has 30 seconds left.\n|\n|t:|1776672064\n|move|p1a: Incineroar|Fake Out|p2b: Incineroar\n|-damage|p2b: Incineroar|93/100\n|cant|p2b: Incineroar|flinch\n|move|p1b: Shorky|Stealth Rock|p2a: Spiritomb\n|-sidestart|p2: Haosang|move: Stealth Rock\n|move|p2a: Spiritomb|Trick Room|p2a: Spiritomb\n|-fieldstart|move: Trick Room|[of] p2a: Spiritomb\n|\n|upkeep\n|turn|2\n|\n|t:|1776672087\n|move|p2a: Spiritomb|Will-O-Wisp|p1b: Shorky|[miss]\n|-miss|p2a: Spiritomb|p1b: Shorky\n|move|p2b: Incineroar|Parting Shot|p1b: Shorky\n|-unboost|p1b: Shorky|atk|1\n|-unboost|p1b: Shorky|spa|1\n|\n|t:|1776672101\n|switch|p2b: Chimecho|Chimecho, L50, M|100/100|[from] Parting Shot\n|-damage|p2b: Chimecho|88/100|[from] Stealth Rock\n|move|p1a: Incineroar|Parting Shot|p2a: Spiritomb\n|-unboost|p2a: Spiritomb|atk|1\n|-unboost|p2a: Spiritomb|spa|1\n|\n|t:|1776672110\n|switch|p1a: Talonflame|Talonflame, L50, M|100/100|[from] Parting Shot\n|move|p1b: Shorky|Earthquake|p2a: Spiritomb|[spread] p2a\n|-immune|p1a: Talonflame\n|-immune|p2b: Chimecho|[from] ability: Levitate\n|-damage|p2a: Spiritomb|78/100\n|\n|upkeep\n|turn|3\n|\n|t:|1776672131\n|switch|p1b: Incineroar|Incineroar, L50, M|100/100\n|-ability|p1b: Incineroar|Intimidate|boost\n|-unboost|p2a: Spiritomb|atk|1\n|-unboost|p2b: Chimecho|atk|1\n|detailschange|p2b: Chimecho|Chimecho-Mega, L50, M\n|-mega|p2b: Chimecho|Chimecho|Chimechite\n|move|p1a: Talonflame|Protect|p1a: Talonflame\n|-singleturn|p1a: Talonflame|Protect\n|move|p2a: Spiritomb|Will-O-Wisp|p1b: Incineroar\n|-immune|p1b: Incineroar\n|move|p2b: Chimecho|Boomburst|p1a: Talonflame|[spread] p1b\n|-activate|p1a: Talonflame|move: Protect\n|-immune|p2a: Spiritomb\n|-damage|p1b: Incineroar|59/100\n|\n|upkeep\n|turn|4\n|inactive|kirbo5500 has 30 seconds left.\n|\n|t:|1776672162\n|switch|p1a: Meganium|Meganium, L50, F|100/100\n|move|p2a: Spiritomb|Night Shade|p1a: Meganium\n|-damage|p1a: Meganium|69/100\n|move|p2b: Chimecho|Boomburst|p1a: Meganium|[spread] p1a,p1b\n|-immune|p2a: Spiritomb\n|-damage|p1a: Meganium|23/100\n|-damage|p1b: Incineroar|19/100\n|-enditem|p1b: Incineroar|Sitrus Berry|[eat]\n|-heal|p1b: Incineroar|44/100|[from] item: Sitrus Berry\n|move|p1b: Incineroar|Flare Blitz|p2b: Chimecho\n|-supereffective|p2b: Chimecho|1\n|-damage|p2b: Chimecho|0 fnt\n|faint|p2b: Chimecho\n|-damage|p1b: Incineroar|19/100|[from] Recoil\n|\n|upkeep\n|\n|t:|1776672178\n|switch|p2b: Torkoal|Torkoal, L50, F|100/100\n|-damage|p2b: Torkoal|76/100|[from] Stealth Rock\n|-weather|SunnyDay|[from] ability: Drought|[of] p2b: Torkoal\n|turn|5\n|\n|t:|1776672200\n|move|p1a: Meganium|Protect|p1a: Meganium\n|-singleturn|p1a: Meganium|Protect\n|move|p2b: Torkoal|Eruption|p1b: Incineroar|[spread] p1b\n|-activate|p1a: Meganium|move: Protect\n|-resisted|p1b: Incineroar|1\n|-damage|p1b: Incineroar|0 fnt\n|faint|p1b: Incineroar\n|move|p2a: Spiritomb|Night Shade|p1a: Meganium\n|-activate|p1a: Meganium|move: Protect\n|\n|-weather|SunnyDay|[upkeep]\n|-fieldend|move: Trick Room\n|upkeep\n|\n|t:|1776672207\n|switch|p1b: Shorky|Garchomp, L50, M|100/100\n|turn|6\n|\n|t:|1776672236\n|switch|p1a: Talonflame|Talonflame, L50, M|100/100\n|switch|p2b: Incineroar|Incineroar, L50, M|93/100\n|-damage|p2b: Incineroar|68/100|[from] Stealth Rock\n|-ability|p2b: Incineroar|Intimidate|boost\n|-unboost|p1a: Talonflame|atk|1\n|-unboost|p1b: Shorky|atk|1\n|move|p1b: Shorky|Earthquake|p2b: Incineroar|[spread] p2a,p2b\n|-immune|p1a: Talonflame\n|-supereffective|p2b: Incineroar|1\n|-damage|p2a: Spiritomb|47/100\n|-damage|p2b: Incineroar|17/100\n|move|p2a: Spiritomb|Trick Room|p2a: Spiritomb\n|-fieldstart|move: Trick Room|[of] p2a: Spiritomb\n|\n|-weather|SunnyDay|[upkeep]\n|upkeep\n|turn|7\n|inactive|kirbo5500 has 30 seconds left.\n|\n|t:|1776672265\n|move|p2b: Incineroar|Fake Out|p1b: Shorky\n|-damage|p1b: Shorky|91/100\n|-damage|p2b: Incineroar|5/100|[from] ability: Rough Skin|[of] p1b: Shorky\n|move|p1a: Talonflame|Brave Bird|p2a: Spiritomb\n|-damage|p2a: Spiritomb|18/100\n|-damage|p1a: Talonflame|91/100|[from] Recoil\n|move|p2a: Spiritomb|Pain Split|p1a: Talonflame\n|-sethp|p1a: Talonflame|54/100|[from] move: Pain Split|[silent]\n|-sethp|p2a: Spiritomb|53/100|[from] move: Pain Split\n|cant|p1b: Shorky|flinch\n|\n|-weather|SunnyDay|[upkeep]\n|upkeep\n|turn|8\n|inactive|Haosang has 30 seconds left.\n|\n|t:|1776672298\n|move|p1a: Talonflame|Protect|p1a: Talonflame\n|-singleturn|p1a: Talonflame|Protect\n|move|p2a: Spiritomb|Will-O-Wisp|p1b: Shorky\n|-status|p1b: Shorky|brn\n|move|p2b: Incineroar|Throat Chop|p1b: Shorky\n|-damage|p1b: Shorky|57/100 brn\n|-start|p1b: Shorky|Throat Chop|[silent]\n|-damage|p2b: Incineroar|0 fnt|[from] ability: Rough Skin|[of] p1b: Shorky\n|faint|p2b: Incineroar\n|move|p1b: Shorky|Earthquake|p2a: Spiritomb|[spread] p2a\n|-activate|p1a: Talonflame|move: Protect\n|-damage|p2a: Spiritomb|38/100\n|\n|-weather|SunnyDay|[upkeep]\n|-damage|p1b: Shorky|51/100 brn|[from] brn\n|upkeep\n|\n|t:|1776672310\n|switch|p2b: Torkoal|Torkoal, L50, F|76/100\n|-damage|p2b: Torkoal|51/100|[from] Stealth Rock\n|turn|9\n|\n|t:|1776672327\n|move|p2b: Torkoal|Weather Ball|p1b: Shorky\n|-resisted|p1b: Shorky|1\n|-damage|p1b: Shorky|20/100 brn\n|move|p2a: Spiritomb|Pain Split|p1a: Talonflame\n|-sethp|p1a: Talonflame|46/100|[from] move: Pain Split|[silent]\n|-sethp|p2a: Spiritomb|46/100|[from] move: Pain Split\n|move|p1b: Shorky|Earthquake|p2b: Torkoal|[spread] p2a,p2b\n|-immune|p1a: Talonflame\n|-supereffective|p2b: Torkoal|1\n|-damage|p2a: Spiritomb|30/100\n|-damage|p2b: Torkoal|28/100\n|move|p1a: Talonflame|Brave Bird|p2a: Spiritomb\n|-damage|p2a: Spiritomb|0 fnt\n|faint|p2a: Spiritomb\n|-damage|p1a: Talonflame|36/100|[from] Recoil\n|\n|-weather|none\n|-damage|p1b: Shorky|15/100 brn|[from] brn\n|-end|p1b: Shorky|Throat Chop|[silent]\n|upkeep\n|turn|10\n|inactive|Haosang has 30 seconds left.\n|inactive|Haosang has 20 seconds left.\n|inactive|Haosang has 15 seconds left.\n|inactive|Haosang has 10 seconds left.\n|\n|t:|1776672373\n|move|p1b: Shorky|Protect|p1b: Shorky\n|-singleturn|p1b: Shorky|Protect\n|move|p1a: Talonflame|Protect|p1a: Talonflame\n|-singleturn|p1a: Talonflame|Protect\n|move|p2b: Torkoal|Weather Ball|p1b: Shorky\n|-activate|p1b: Shorky|move: Protect\n|\n|-damage|p1b: Shorky|9/100 brn|[from] brn\n|-fieldend|move: Trick Room\n|upkeep\n|turn|11\n|\n|t:|1776672381\n|move|p1a: Talonflame|Brave Bird|p2b: Torkoal\n|-damage|p2b: Torkoal|7/100\n|-damage|p1a: Talonflame|29/100|[from] Recoil\n|move|p1b: Shorky|Earthquake|p2b: Torkoal|[spread] p2b\n|-immune|p1a: Talonflame\n|-supereffective|p2b: Torkoal|1\n|-damage|p2b: Torkoal|0 fnt\n|faint|p2b: Torkoal\n|\n|win|kirbo5500\n|raw|kirbo5500's rating: 1067 &rarr; <strong>1101</strong><br />(+34 for winning)\n|raw|Haosang's rating: 1118 &rarr; <strong>1089</strong><br />(-29 for losing)\n|l|\u2606Haosang\n|player|p2|\n",
  "uploadtime": 1776672391,
  "views": 14,
  "formatid": "gen9championsvgc2026regma",
  "rating": 1089,
  "private": 0,
  "password": null
}