{
  "id": "gen9championsvgc2026regma-2580695404",
  "format": "[Gen 9 Champions] VGC 2026 Reg M-A",
  "players": [
    "MABV",
    "jhdfghgkjhkj"
  ],
  "log": "|j|\u2606MABV\n|j|\u2606jhdfghgkjhkj\n|t:|1775924959\n|gametype|doubles\n|player|p1|MABV|n|1045\n|player|p2|jhdfghgkjhkj|1|1040\n|gen|9\n|tier|[Gen 9 Champions] VGC 2026 Reg M-A\n|rated|\n|rule|Species Clause: Limit one of each Pok\u00e9mon\n|rule|Item Clause: Limit 1 of each item\n|clearpoke\n|poke|p1|Gengar, L50, M|\n|poke|p1|Hydreigon, L50, M|\n|poke|p1|Sylveon, L50, F|\n|poke|p1|Incineroar, L50, F|\n|poke|p1|Farigiraf, L50, F|\n|poke|p1|Conkeldurr, L50, M|\n|poke|p2|Charizard, L50, M|\n|poke|p2|Sneasler, L50, F|\n|poke|p2|Incineroar, L50, F|\n|poke|p2|Milotic, L50, M|\n|poke|p2|Aerodactyl, L50, F|\n|poke|p2|Whimsicott, L50, F|\n|teampreview|4\n|inactive|Battle timer is ON: inactive players will automatically lose when time's up. (requested by MABV)\n|inactive|jhdfghgkjhkj also wants the timer to be on.\n|inactive|jhdfghgkjhkj has 60 seconds left.\n|\n|t:|1775925017\n|teamsize|p1|4\n|teamsize|p2|4\n|start\n|switch|p1a: Gengar|Gengar, L50, M, shiny|100/100\n|switch|p1b: Melman|Farigiraf, L50, F, shiny|100/100\n|switch|p2a: Charizard|Charizard, L50, M|100/100\n|switch|p2b: Whimsicott|Whimsicott, L50, F|100/100\n|turn|1\n|inactive|MABV has 30 seconds left.\n|\n|t:|1775925042\n|detailschange|p1a: Gengar|Gengar-Mega, L50, M, shiny\n|-mega|p1a: Gengar|Gengar|Gengarite\n|move|p1a: Gengar|Protect|p1a: Gengar\n|-singleturn|p1a: Gengar|Protect\n|move|p2a: Charizard|Protect|p2a: Charizard\n|-singleturn|p2a: Charizard|Protect\n|move|p2b: Whimsicott|Tailwind|p2b: Whimsicott\n|-sidestart|p2: jhdfghgkjhkj|move: Tailwind\n|move|p1b: Melman|Trick Room|p1b: Melman\n|-fieldstart|move: Trick Room|[of] p1b: Melman\n|\n|upkeep\n|turn|2\n|\n|t:|1775925067\n|detailschange|p2a: Charizard|Charizard-Mega-X, L50, M\n|-mega|p2a: Charizard|Charizard|Charizardite X\n|move|p2b: Whimsicott|Sunny Day|p2b: Whimsicott\n|-weather|SunnyDay\n|move|p1b: Melman|Psychic|p2a: Charizard\n|-damage|p2a: Charizard|56/100\n|move|p1a: Gengar|Sludge Bomb|p2a: Charizard\n|-damage|p2a: Charizard|0 fnt\n|faint|p2a: Charizard\n|\n|-weather|SunnyDay|[upkeep]\n|upkeep\n|\n|t:|1775925076\n|switch|p2a: Incineroar|Incineroar, L50, F|100/100\n|-ability|p2a: Incineroar|Intimidate|boost\n|-unboost|p1a: Gengar|atk|1\n|-unboost|p1b: Melman|atk|1\n|turn|3\n|\n|t:|1775925085\n|move|p1a: Gengar|Protect|p1a: Gengar\n|-singleturn|p1a: Gengar|Protect\n|move|p1b: Melman|Hyper Voice|p2b: Whimsicott|[spread] p2a,p2b\n|-damage|p2a: Incineroar|75/100\n|-damage|p2b: Whimsicott|58/100\n|move|p2a: Incineroar|Flare Blitz|p1b: Melman\n|-damage|p1b: Melman|30/100\n|-damage|p2a: Incineroar|49/100|[from] Recoil\n|move|p2b: Whimsicott|Moonblast|p1b: Melman\n|-damage|p1b: Melman|0 fnt\n|faint|p1b: Melman\n|\n|-weather|SunnyDay|[upkeep]\n|upkeep\n|\n|t:|1775925096\n|switch|p1b: Conkeldurr|Conkeldurr, L50, M|100/100\n|turn|4\n|\n|t:|1775925107\n|move|p2b: Whimsicott|Encore|p1a: Gengar\n|-start|p1a: Gengar|Encore\n|move|p1a: Gengar|Protect||[still]\n|-fail|p1a: Gengar\n|move|p1b: Conkeldurr|Drain Punch|p2a: Incineroar\n|-supereffective|p2a: Incineroar|1\n|-enditem|p2a: Incineroar|Chople Berry|[eat]\n|-enditem|p2a: Incineroar|Chople Berry|[weaken]\n|-damage|p2a: Incineroar|0 fnt\n|faint|p2a: Incineroar\n|\n|-weather|SunnyDay|[upkeep]\n|-sideend|p2: jhdfghgkjhkj|move: Tailwind\n|upkeep\n|\n|t:|1775925114\n|switch|p2a: Aerodactyl|Aerodactyl, L50, F|100/100\n|-ability|p2a: Aerodactyl|Unnerve\n|turn|5\n|\n|t:|1775925127\n|switch|p1a: Sylveon|Sylveon, L50, F|100/100\n|move|p1b: Conkeldurr|Drain Punch|p2a: Aerodactyl\n|-damage|p2a: Aerodactyl|10/100\n|move|p2b: Whimsicott|Moonblast|p1b: Conkeldurr\n|-supereffective|p1b: Conkeldurr|1\n|-damage|p1b: Conkeldurr|25/100\n|-unboost|p1b: Conkeldurr|spa|1\n|move|p2a: Aerodactyl|Dual Wingbeat|p1b: Conkeldurr|[miss]\n|-miss|p2a: Aerodactyl|p1b: Conkeldurr\n|\n|-weather|SunnyDay|[upkeep]\n|-fieldend|move: Trick Room\n|upkeep\n|turn|6\n|\n|t:|1775925146\n|move|p1b: Conkeldurr|Mach Punch|p2a: Aerodactyl\n|-damage|p2a: Aerodactyl|0 fnt\n|faint|p2a: Aerodactyl\n|move|p2b: Whimsicott|Moonblast|p1a: Sylveon\n|-damage|p1a: Sylveon|71/100\n|move|p1a: Sylveon|Hyper Voice|p2b: Whimsicott\n|-damage|p2b: Whimsicott|0 fnt\n|faint|p2b: Whimsicott\n|\n|win|MABV\n|raw|MABV's rating: 1045 &rarr; <strong>1078</strong><br />(+33 for winning)\n|raw|jhdfghgkjhkj's rating: 1040 &rarr; <strong>1024</strong><br />(-16 for losing)\n|l|\u2606jhdfghgkjhkj\n|player|p2|\n",
  "uploadtime": 1775925160,
  "views": 17,
  "formatid": "gen9championsvgc2026regma",
  "rating": 1024,
  "private": 0,
  "password": null
}