{
  "id": "gen9championsvgc2026regma-2583154635",
  "format": "[Gen 9 Champions] VGC 2026 Reg M-A",
  "players": [
    "magicalarcher57",
    "Plopy14"
  ],
  "log": "|j|\u2606magicalarcher57\n|j|\u2606Plopy14\n|t:|1776148666\n|gametype|doubles\n|player|p1|magicalarcher57|cynthia-masters4|\n|player|p2|Plopy14|bugcatcher|\n|gen|9\n|tier|[Gen 9 Champions] VGC 2026 Reg M-A\n|rated|Tournament battle\n|rule|Species Clause: Limit one of each Pok\u00e9mon\n|rule|Item Clause: Limit 1 of each item\n|raw|<div class=\"infobox\"><details class=\"readmore\" open><summary><strong>1 custom rule:</strong></summary> Force Open Team Sheets</details></div>\n|clearpoke\n|poke|p1|Kangaskhan, L50, F|\n|poke|p1|Farigiraf, L50, F|\n|poke|p1|Basculegion, L50, M|\n|poke|p1|Talonflame, L50, F|\n|poke|p1|Sneasler, L50, M|\n|poke|p1|Charizard, L50, M|\n|poke|p2|Tyranitar, L50, M|\n|poke|p2|Corviknight, L50, F|\n|poke|p2|Sneasler, L50, M|\n|poke|p2|Sinistcha, L50|\n|poke|p2|Garchomp, L50, F|\n|poke|p2|Rotom-Wash, L50|\n|teampreview|4\n|showteam|p1|Kangaskhan||Kangaskhanite|Scrappy|FakeOut,HammerArm,DoubleEdge,Crunch|||F|||50|]Farigiraf||ColburBerry|ArmorTail|ShadowBall,HyperVoice,TrickRoom,Psychic|||F|||50|]Basculegion||MysticWater|Adaptability|WaveCrash,LastRespects,AquaJet,Protect|||M|||50|]Talonflame||SharpBeak|GaleWings|Tailwind,Taunt,BraveBird,FlareBlitz|||F|||50|]Sneasler||FocusSash|Unburden|FakeOut,CloseCombat,DireClaw,Protect|||M|||50|]Charizard||CharizarditeY|SolarPower|HeatWave,Protect,SolarBeam,Overheat|||M|||50|\n|showteam|p2|Tyranitar||Tyranitarite|SandStream|RockSlide,KnockOff,DragonDance,Protect|||M|||50|]Corviknight||Leftovers|MirrorArmor|Roost,BraveBird,Tailwind,IronHead|||F|||50|]Sneasler||WhiteHerb|Unburden|DireClaw,CloseCombat,FakeOut,Protect|||M|||50|]Sinistcha||SitrusBerry|Hospitality|MatchaGotcha,LifeDew,RagePowder,Protect||||||50|]Garchomp||Garchompite|RoughSkin|Earthquake,DragonClaw,RockSlide,Protect|||F|||50|]Rotom-Wash||ChoiceScarf|Levitate|Electroweb,HydroPump,VoltSwitch,Trick||||||50|\n|j| OnToTheOther\n|c|\u2606magicalarcher57|glhf plopy\n|c|\u2606Plopy14|u2\n|j| AceeeVGC\n|\n|t:|1776148757\n|teamsize|p1|4\n|teamsize|p2|4\n|start\n|switch|p1a: Ryoiki Tenkai|Farigiraf, L50, F, shiny|100/100\n|switch|p1b: Kangaskhan|Kangaskhan, L50, F, shiny|100/100\n|switch|p2a: Rotom|Rotom-Wash, L50|100/100\n|switch|p2b: Sneasler|Sneasler, L50, M|100/100\n|turn|1\n|c| AceeeVGC|Kangggg lfggggg\n|\n|t:|1776148778\n|switch|p2a: Sinistcha|Sinistcha, L50|100/100\n|move|p2b: Sneasler|Protect|p2b: Sneasler\n|-singleturn|p2b: Sneasler|Protect\n|move|p1b: Kangaskhan|Fake Out|p2b: Sneasler\n|-activate|p2b: Sneasler|move: Protect\n|move|p1a: Ryoiki Tenkai|Trick Room|p1a: Ryoiki Tenkai\n|-fieldstart|move: Trick Room|[of] p1a: Ryoiki Tenkai\n|\n|upkeep\n|turn|2\n|j| mynamegrassgreen\n|l| mynamegrassgreen\n|j| mynamegrassgreen\n|j| knoxxzeta\n|\n|t:|1776148816\n|detailschange|p1b: Kangaskhan|Kangaskhan-Mega, L50, F, shiny\n|-mega|p1b: Kangaskhan|Kangaskhan|Kangaskhanite\n|move|p2a: Sinistcha|Rage Powder|p2a: Sinistcha\n|-singleturn|p2a: Sinistcha|move: Rage Powder\n|move|p1a: Ryoiki Tenkai|Psychic|p2a: Sinistcha\n|-damage|p2a: Sinistcha|58/100\n|move|p1b: Kangaskhan|Crunch|p2a: Sinistcha\n|-supereffective|p2a: Sinistcha|1\n|-damage|p2a: Sinistcha|6/100\n|-enditem|p2a: Sinistcha|Sitrus Berry|[eat]\n|-heal|p2a: Sinistcha|31/100|[from] item: Sitrus Berry\n|-supereffective|p2a: Sinistcha|1\n|-damage|p2a: Sinistcha|16/100\n|-hitcount|p2a: Sinistcha|2\n|move|p2b: Sneasler|Close Combat|p1b: Kangaskhan\n|-supereffective|p1b: Kangaskhan|1\n|-damage|p1b: Kangaskhan|6/100\n|-unboost|p2b: Sneasler|def|1\n|-unboost|p2b: Sneasler|spd|1\n|-enditem|p2b: Sneasler|White Herb\n|-clearnegativeboost|p2b: Sneasler|[silent]\n|\n|upkeep\n|turn|3\n|\n|t:|1776148841\n|switch|p2a: Tyranitar|Tyranitar, L50, M|100/100\n|-weather|Sandstorm|[from] ability: Sand Stream|[of] p2a: Tyranitar\n|move|p2b: Sneasler|Protect|p2b: Sneasler\n|-singleturn|p2b: Sneasler|Protect\n|move|p1a: Ryoiki Tenkai|Psychic|p2a: Tyranitar\n|-immune|p2a: Tyranitar\n|move|p1b: Kangaskhan|Double-Edge|p2b: Sneasler\n|-activate|p2b: Sneasler|move: Protect\n|\n|-weather|Sandstorm|[upkeep]\n|-damage|p1a: Ryoiki Tenkai|95/100|[from] Sandstorm\n|-damage|p1b: Kangaskhan|0 fnt|[from] Sandstorm\n|-damage|p2b: Sneasler|95/100|[from] Sandstorm\n|faint|p1b: Kangaskhan\n|upkeep\n|\n|t:|1776148844\n|switch|p1b: Basculegion|Basculegion, L50, M, shiny|100/100\n|turn|4\n|l| mynamegrassgreen\n|\n|t:|1776148872\n|switch|p2b: Rotom|Rotom-Wash, L50|100/100\n|detailschange|p2a: Tyranitar|Tyranitar-Mega, L50, M\n|-mega|p2a: Tyranitar|Tyranitar|Tyranitarite\n|move|p1a: Ryoiki Tenkai|Psychic|p2b: Rotom\n|-damage|p2b: Rotom|49/100\n|move|p1b: Basculegion|Wave Crash|p2a: Tyranitar\n|-supereffective|p2a: Tyranitar|1\n|-damage|p2a: Tyranitar|0 fnt\n|faint|p2a: Tyranitar\n|-damage|p1b: Basculegion|73/100|[from] Recoil\n|\n|-weather|Sandstorm|[upkeep]\n|-damage|p1a: Ryoiki Tenkai|89/100|[from] Sandstorm\n|-damage|p1b: Basculegion|67/100|[from] Sandstorm\n|-damage|p2b: Rotom|43/100|[from] Sandstorm\n|upkeep\n|\n|t:|1776148886\n|switch|p2a: Sinistcha|Sinistcha, L50|16/100\n|-heal|p2b: Rotom|68/100|[from] ability: Hospitality|[of] p2a: Sinistcha\n|turn|5\n|j|+chromate\n|l| AceeeVGC\n|\n|t:|1776148895\n|move|p2a: Sinistcha|Protect|p2a: Sinistcha\n|-singleturn|p2a: Sinistcha|Protect\n|move|p1a: Ryoiki Tenkai|Hyper Voice|p2b: Rotom|[spread] p2b\n|-activate|p2a: Sinistcha|move: Protect\n|-damage|p2b: Rotom|29/100\n|move|p1b: Basculegion|Last Respects|p2b: Rotom\n|-damage|p2b: Rotom|0 fnt\n|faint|p2b: Rotom\n|\n|-weather|Sandstorm|[upkeep]\n|-damage|p1a: Ryoiki Tenkai|83/100|[from] Sandstorm\n|-damage|p2a: Sinistcha|10/100|[from] Sandstorm\n|-damage|p1b: Basculegion|60/100|[from] Sandstorm\n|-fieldend|move: Trick Room\n|upkeep\n|\n|t:|1776148902\n|switch|p2b: Sneasler|Sneasler, L50, M|95/100\n|turn|6\n|c|\u2606Plopy14|gg wp\n|l|+chromate\n|\n|t:|1776148914\n|move|p1b: Basculegion|Aqua Jet|p2a: Sinistcha\n|-resisted|p2a: Sinistcha|1\n|-damage|p2a: Sinistcha|0 fnt\n|faint|p2a: Sinistcha\n|move|p2b: Sneasler|Dire Claw|p1a: Ryoiki Tenkai\n|-damage|p1a: Ryoiki Tenkai|44/100\n|move|p1a: Ryoiki Tenkai|Psychic|p2b: Sneasler\n|-supereffective|p2b: Sneasler|2\n|-crit|p2b: Sneasler\n|-damage|p2b: Sneasler|0 fnt\n|faint|p2b: Sneasler\n|\n|win|magicalarcher57\n|n|\u2606magicalarcher57|magicalarcher57\n|n|\u2606Plopy14|plopy14\n|n| OnToTheOther|ontotheother\n|n| knoxxzeta|knoxxzeta\n",
  "uploadtime": 1776148914,
  "views": 19,
  "formatid": "gen9championsvgc2026regma",
  "rating": null,
  "private": 0,
  "password": null
}