{
  "id": "gen9championsvgc2026regma-2587198831",
  "format": "[Gen 9 Champions] VGC 2026 Reg M-A",
  "players": [
    "soulo333",
    "HelloThere72"
  ],
  "log": "|j|\u2606soulo333\n|j|\u2606HelloThere72\n|t:|1776507796\n|gametype|doubles\n|player|p1|soulo333|102|1255\n|player|p2|HelloThere72|rood|1202\n|gen|9\n|tier|[Gen 9 Champions] VGC 2026 Reg M-A\n|rated|\n|rule|Species Clause: Limit one of each Pok\u00e9mon\n|rule|Item Clause: Limit 1 of each item\n|clearpoke\n|poke|p1|Charizard, L50, F|\n|poke|p1|Sneasler, L50, F|\n|poke|p1|Sinistcha, L50|\n|poke|p1|Incineroar, L50, F|\n|poke|p1|Milotic, L50, M|\n|poke|p1|Tyranitar, L50, M|\n|poke|p2|Meganium, L50, F, shiny|\n|poke|p2|Pelipper, L50, M|\n|poke|p2|Basculegion, L50, M, shiny|\n|poke|p2|Primarina, L50, F|\n|poke|p2|Aegislash, L50, M, shiny|\n|poke|p2|Weavile, L50, F|\n|teampreview|4\n|inactive|Battle timer is ON: inactive players will automatically lose when time's up. (requested by HelloThere72)\n|inactive|HelloThere72 has 60 seconds left.\n|inactive|HelloThere72 has 30 seconds left.\n|\n|t:|1776507865\n|teamsize|p1|4\n|teamsize|p2|4\n|start\n|switch|p1a: Incineroar|Incineroar, L50, F|100/100\n|switch|p1b: Sinistcha|Sinistcha, L50|100/100\n|switch|p2a: Primarina|Primarina, L50, F|100/100\n|switch|p2b: Pelipper|Pelipper, L50, M|100/100\n|-weather|RainDance|[from] ability: Drizzle|[of] p2b: Pelipper\n|-ability|p1a: Incineroar|Intimidate|boost\n|-unboost|p2a: Primarina|atk|1\n|-unboost|p2b: Pelipper|atk|1\n|turn|1\n|\n|t:|1776507888\n|switch|p1a: Tyranitar|Tyranitar, L50, M|100/100\n|-weather|Sandstorm|[from] ability: Sand Stream|[of] p1a: Tyranitar\n|move|p2b: Pelipper|U-turn|p1a: Tyranitar\n|-supereffective|p1a: Tyranitar|1\n|-damage|p1a: Tyranitar|90/100\n|\n|t:|1776507897\n|switch|p2b: Meganium|Meganium, L50, F, shiny|100/100|[from] U-turn\n|move|p2a: Primarina|Hyper Voice|p1a: Tyranitar|[spread] p1a,p1b\n|-supereffective|p1a: Tyranitar|1\n|-resisted|p1b: Sinistcha|1\n|-damage|p1a: Tyranitar|48/100\n|-damage|p1b: Sinistcha|79/100\n|move|p1b: Sinistcha|Trick Room|p1b: Sinistcha\n|-fieldstart|move: Trick Room|[of] p1b: Sinistcha\n|\n|-weather|Sandstorm|[upkeep]\n|-damage|p2a: Primarina|94/100|[from] Sandstorm\n|-damage|p1b: Sinistcha|72/100|[from] Sandstorm\n|-damage|p2b: Meganium|95/100|[from] Sandstorm\n|-heal|p2a: Primarina|100/100|[from] item: Leftovers\n|upkeep\n|turn|2\n|\n|t:|1776507914\n|switch|p1a: Incineroar|Incineroar, L50, F|100/100\n|-ability|p1a: Incineroar|Intimidate|boost\n|-unboost|p2a: Primarina|atk|1\n|-unboost|p2b: Meganium|atk|1\n|switch|p2b: Pelipper|Pelipper, L50, M|100/100\n|-weather|RainDance|[from] ability: Drizzle|[of] p2b: Pelipper\n|move|p2a: Primarina|Hyper Voice|p1a: Incineroar|[spread] p1a,p1b\n|-supereffective|p1a: Incineroar|1\n|-resisted|p1b: Sinistcha|1\n|-damage|p1a: Incineroar|26/100\n|-damage|p1b: Sinistcha|44/100\n|-enditem|p1a: Incineroar|Sitrus Berry|[eat]\n|-heal|p1a: Incineroar|51/100|[from] item: Sitrus Berry\n|move|p1b: Sinistcha|Matcha Gotcha|p2b: Pelipper|[spread] p2a,p2b\n|-supereffective|p2a: Primarina|1\n|-damage|p2a: Primarina|46/100\n|-heal|p1b: Sinistcha|71/100|[from] drain|[of] p2a: Primarina\n|-damage|p2b: Pelipper|52/100\n|-heal|p1b: Sinistcha|93/100|[from] drain|[of] p2b: Pelipper\n|\n|-weather|RainDance|[upkeep]\n|-heal|p2a: Primarina|52/100|[from] item: Leftovers\n|upkeep\n|turn|3\n|inactive|HelloThere72 has 30 seconds left.\n|\n|t:|1776507945\n|move|p2a: Primarina|Protect|p2a: Primarina\n|-singleturn|p2a: Primarina|Protect\n|move|p1a: Incineroar|Fake Out|p2a: Primarina\n|-activate|p2a: Primarina|move: Protect\n|move|p1b: Sinistcha|Matcha Gotcha|p2b: Pelipper|[spread] p2b\n|-activate|p2a: Primarina|move: Protect\n|-damage|p2b: Pelipper|0 fnt\n|-heal|p1b: Sinistcha|100/100|[from] drain|[of] p2b: Pelipper\n|faint|p2b: Pelipper\n|\n|-weather|RainDance|[upkeep]\n|-heal|p2a: Primarina|59/100|[from] item: Leftovers\n|upkeep\n|\n|t:|1776507961\n|switch|p2b: Meganium|Meganium, L50, F, shiny|95/100\n|turn|4\n|\n|t:|1776507971\n|detailschange|p2b: Meganium|Meganium-Mega, L50, F, shiny\n|-mega|p2b: Meganium|Meganium|Meganiumite\n|move|p2a: Primarina|Hyper Voice|p1a: Incineroar|[spread] p1a,p1b\n|-supereffective|p1a: Incineroar|1\n|-resisted|p1b: Sinistcha|1\n|-damage|p1a: Incineroar|0 fnt\n|-damage|p1b: Sinistcha|69/100\n|faint|p1a: Incineroar\n|move|p1b: Sinistcha|Matcha Gotcha|p2a: Primarina|[spread] p2a,p2b\n|-supereffective|p2a: Primarina|1\n|-resisted|p2b: Meganium|1\n|-damage|p2a: Primarina|8/100\n|-heal|p1b: Sinistcha|95/100|[from] drain|[of] p2a: Primarina\n|-damage|p2b: Meganium|80/100\n|-heal|p1b: Sinistcha|100/100|[from] drain|[of] p2b: Meganium\n|move|p2b: Meganium|Weather Ball|p1b: Sinistcha\n|-supereffective|p1b: Sinistcha|1\n|-damage|p1b: Sinistcha|0 fnt\n|faint|p1b: Sinistcha\n|\n|-weather|RainDance|[upkeep]\n|-heal|p2a: Primarina|14/100|[from] item: Leftovers\n|upkeep\n|\n|t:|1776507977\n|switch|p1a: Milotic|Milotic, L50, M|100/100\n|switch|p1b: Tyranitar|Tyranitar, L50, M|48/100\n|-weather|Sandstorm|[from] ability: Sand Stream|[of] p1b: Tyranitar\n|turn|5\n|-message|soulo333 forfeited.\n|\n|win|HelloThere72\n|raw|soulo333's rating: 1255 &rarr; <strong>1226</strong><br />(-29 for losing)\n|raw|HelloThere72's rating: 1202 &rarr; <strong>1231</strong><br />(+29 for winning)\n",
  "uploadtime": 1776507984,
  "views": 31,
  "formatid": "gen9championsvgc2026regma",
  "rating": 1226,
  "private": 0,
  "password": null
}