{
  "id": "gen9championsvgc2026regma-2581371087",
  "format": "[Gen 9 Champions] VGC 2026 Reg M-A",
  "players": [
    "thruxytwo",
    "hegar345"
  ],
  "log": "|j|\u2606thruxytwo\n|j|\u2606hegar345\n|t:|1775992929\n|gametype|doubles\n|player|p1|thruxytwo|red-gen1main|1178\n|player|p2|hegar345|colress|1187\n|gen|9\n|tier|[Gen 9 Champions] VGC 2026 Reg M-A\n|rated|\n|rule|Species Clause: Limit one of each Pok\u00e9mon\n|rule|Item Clause: Limit 1 of each item\n|clearpoke\n|poke|p1|Lopunny, L50, F|\n|poke|p1|Milotic, L50, F|\n|poke|p1|Kingambit, L50, F|\n|poke|p1|Gallade, L50, M|\n|poke|p1|Aerodactyl, L50, F|\n|poke|p1|Ninetales-Alola, L50, M|\n|poke|p2|Tsareena, L50, F|\n|poke|p2|Araquanid, L50, F|\n|poke|p2|Incineroar, L50, M|\n|poke|p2|Aerodactyl, L50, M|\n|poke|p2|Lopunny, L50, M|\n|poke|p2|Gardevoir, L50, F|\n|teampreview|4\n|inactive|Battle timer is ON: inactive players will automatically lose when time's up. (requested by thruxytwo)\nhegar345 rejected open team sheets.\n|inactive|thruxytwo has 60 seconds left.\n|inactive|hegar345 has 60 seconds left.\n|\n|t:|1775992969\n|teamsize|p1|4\n|teamsize|p2|4\n|start\n|switch|p1a: Lopunny|Lopunny, L50, F, shiny|100/100\n|switch|p1b: Aerodactyl|Aerodactyl, L50, F, shiny|100/100\n|switch|p2a: Araquanid|Araquanid, L50, F|100/100\n|switch|p2b: Gardevoir|Gardevoir, L50, F|100/100\n|-ability|p1b: Aerodactyl|Unnerve\n|-ability|p2b: Gardevoir|Cute Charm|Trace|[from] ability: Trace|[of] p1a: Lopunny\n|turn|1\n|\n|t:|1775992990\n|detailschange|p1a: Lopunny|Lopunny-Mega, L50, F, shiny\n|-mega|p1a: Lopunny|Lopunny|Lopunnite\n|move|p1a: Lopunny|Fake Out|p2a: Araquanid\n|-damage|p2a: Araquanid|78/100\n|move|p2b: Gardevoir|Psychic|p1a: Lopunny\n|-supereffective|p1a: Lopunny|1\n|-damage|p1a: Lopunny|0 fnt\n|faint|p1a: Lopunny\n|move|p1b: Aerodactyl|Tailwind|p1b: Aerodactyl\n|-sidestart|p1: thruxytwo|move: Tailwind\n|cant|p2a: Araquanid|flinch\n|\n|upkeep\n|\n|t:|1775993002\n|switch|p1a: Kingambit|Kingambit, L50, F, shiny|100/100\n|turn|2\n|\n|t:|1775993008\n|switch|p2b: Tsareena|Tsareena, L50, F|100/100\n|move|p1b: Aerodactyl|Rock Slide|p2b: Tsareena|[spread] p2a,p2b\n|-supereffective|p2a: Araquanid|1\n|-damage|p2a: Araquanid|26/100\n|-damage|p2b: Tsareena|75/100\n|move|p1a: Kingambit|Kowtow Cleave|p2b: Tsareena\n|-damage|p2b: Tsareena|20/100\n|move|p2a: Araquanid|Surf|p1b: Aerodactyl|[spread] p2b,p1a,p1b\n|-resisted|p2b: Tsareena|1\n|-supereffective|p1b: Aerodactyl|1\n|-damage|p2b: Tsareena|3/100\n|-damage|p1a: Kingambit|50/100\n|-enditem|p1b: Aerodactyl|Focus Sash\n|-damage|p1b: Aerodactyl|1/100\n|\n|-heal|p2b: Tsareena|9/100|[from] item: Leftovers\n|upkeep\n|turn|3\n|\n|t:|1775993031\n|move|p2b: Tsareena|Protect|p2b: Tsareena\n|-singleturn|p2b: Tsareena|Protect\n|move|p1b: Aerodactyl|Rock Slide|p2a: Araquanid|[spread] p2a\n|-activate|p2b: Tsareena|move: Protect\n|-supereffective|p2a: Araquanid|1\n|-damage|p2a: Araquanid|0 fnt\n|faint|p2a: Araquanid\n|move|p1a: Kingambit|Kowtow Cleave|p2b: Tsareena\n|-activate|p2b: Tsareena|move: Protect\n|\n|-heal|p2b: Tsareena|15/100|[from] item: Leftovers\n|upkeep\n|\n|t:|1775993053\n|switch|p2a: Lopunny|Lopunny, L50, M|100/100\n|turn|4\n|\n|t:|1775993061\n|detailschange|p2a: Lopunny|Lopunny-Mega, L50, M\n|-mega|p2a: Lopunny|Lopunny|Lopunnite\n|move|p1b: Aerodactyl|Protect|p1b: Aerodactyl\n|-singleturn|p1b: Aerodactyl|Protect\n|move|p1a: Kingambit|Protect|p1a: Kingambit\n|-singleturn|p1a: Kingambit|Protect\n|move|p2a: Lopunny|Close Combat|p1a: Kingambit\n|-activate|p1a: Kingambit|move: Protect\n|move|p2b: Tsareena|Trop Kick|p1b: Aerodactyl\n|-activate|p1b: Aerodactyl|move: Protect\n|\n|-heal|p2b: Tsareena|21/100|[from] item: Leftovers\n|-sideend|p1: thruxytwo|move: Tailwind\n|upkeep\n|turn|5\n|\n|t:|1775993077\n|move|p1a: Kingambit|Sucker Punch||[still]\n|cant|p2b: Tsareena|ability: Queenly Majesty|Sucker Punch|[of] p1a: Kingambit\n|move|p2a: Lopunny|Close Combat|p1a: Kingambit\n|-supereffective|p1a: Kingambit|2\n|-damage|p1a: Kingambit|0 fnt\n|-unboost|p2a: Lopunny|def|1\n|-unboost|p2a: Lopunny|spd|1\n|faint|p1a: Kingambit\n|move|p1b: Aerodactyl|Dual Wingbeat|p2a: Lopunny\n|-supereffective|p2a: Lopunny|1\n|-damage|p2a: Lopunny|31/100\n|-supereffective|p2a: Lopunny|1\n|-damage|p2a: Lopunny|0 fnt\n|faint|p2a: Lopunny\n|-hitcount|p2: Lopunny|2\n|move|p2b: Tsareena|Trop Kick|p1b: Aerodactyl\n|-damage|p1b: Aerodactyl|0 fnt\n|faint|p1b: Aerodactyl\n|\n|-heal|p2b: Tsareena|27/100|[from] item: Leftovers\n|upkeep\n|\n|t:|1775993094\n|switch|p2a: Gardevoir|Gardevoir, L50, F|100/100\n|switch|p1b: Milotic|Milotic, L50, F, shiny|100/100\n|-ability|p2a: Gardevoir|Competitive|Trace|[from] ability: Trace|[of] p1b: Milotic\n|turn|6\n|\n|t:|1775993111\n|move|p2b: Tsareena|Protect|p2b: Tsareena\n|-singleturn|p2b: Tsareena|Protect\n|move|p2a: Gardevoir|Thunderbolt|p1b: Milotic\n|-supereffective|p1b: Milotic|1\n|-damage|p1b: Milotic|59/100\n|move|p1b: Milotic|Icy Wind|p2b: Tsareena|[spread] p2a\n|-activate|p2b: Tsareena|move: Protect\n|-damage|p2a: Gardevoir|91/100\n|-unboost|p2a: Gardevoir|spe|1\n|-ability|p2a: Gardevoir|Competitive|boost\n|-boost|p2a: Gardevoir|spa|2\n|\n|-heal|p1b: Milotic|65/100|[from] item: Leftovers\n|-heal|p2b: Tsareena|33/100|[from] item: Leftovers\n|upkeep\n|turn|7\n|-message|thruxytwo forfeited.\n|\n|win|hegar345\n|raw|thruxytwo's rating: 1178 &rarr; <strong>1154</strong><br />(-24 for losing)\n|raw|hegar345's rating: 1187 &rarr; <strong>1211</strong><br />(+24 for winning)\n|l|\u2606thruxytwo\n|player|p1|\n",
  "uploadtime": 1775993137,
  "views": 20,
  "formatid": "gen9championsvgc2026regma",
  "rating": 1154,
  "private": 0,
  "password": null
}