{
  "id": "gen9championsvgc2026regma-2584560635",
  "format": "[Gen 9 Champions] VGC 2026 Reg M-A",
  "players": [
    "lerdihnuhrong",
    "kynshi"
  ],
  "log": "|j|\u2606lerdihnuhrong\n|j|\u2606kynshi\n|t:|1776268810\n|gametype|doubles\n|player|p1|lerdihnuhrong|2|1070\n|player|p2|kynshi|red|1084\n|gen|9\n|tier|[Gen 9 Champions] VGC 2026 Reg M-A\n|rated|\n|rule|Species Clause: Limit one of each Pok\u00e9mon\n|rule|Item Clause: Limit 1 of each item\n|clearpoke\n|poke|p1|Kangaskhan, L50, F|\n|poke|p1|Passimian, L50, F|\n|poke|p1|Talonflame, L50, M|\n|poke|p1|Aegislash, L50, F|\n|poke|p1|Heracross, L50, F|\n|poke|p1|Rotom-Wash, L50|\n|poke|p2|Whimsicott, L50, F|\n|poke|p2|Charizard, L50, M|\n|poke|p2|Garchomp, L50, F|\n|poke|p2|Incineroar, L50, F|\n|poke|p2|Venusaur, L50, F|\n|poke|p2|Sneasler, L50, M|\n|teampreview|4\n|inactive|Battle timer is ON: inactive players will automatically lose when time's up. (requested by kynshi)\n|inactive|lerdihnuhrong also wants the timer to be on.\nlerdihnuhrong has agreed to open team sheets.\n|inactive|lerdihnuhrong has 60 seconds left.\n|inactive|kynshi has 60 seconds left.\n|\n|t:|1776268866\n|teamsize|p1|4\n|teamsize|p2|4\n|start\n|switch|p1a: Talonflame|Talonflame, L50, M|100/100\n|switch|p1b: Kangaskhan|Kangaskhan, L50, F|100/100\n|switch|p2a: Garchomp|Garchomp, L50, F|100/100\n|switch|p2b: Wata|Whimsicott, L50, F|100/100\n|turn|1\n|inactive|lerdihnuhrong has 30 seconds left.\n|\n|t:|1776268898\n|detailschange|p1b: Kangaskhan|Kangaskhan-Mega, L50, F\n|-mega|p1b: Kangaskhan|Kangaskhan|Kangaskhanite\n|move|p2b: Wata|Protect|p2b: Wata\n|-singleturn|p2b: Wata|Protect\n|move|p1b: Kangaskhan|Fake Out|p2b: Wata\n|-activate|p2b: Wata|move: Protect\n|move|p1a: Talonflame|Tailwind|p1a: Talonflame\n|-sidestart|p1: lerdihnuhrong|move: Tailwind\n|move|p2a: Garchomp|Rock Slide|p1a: Talonflame|[spread] p1a,p1b\n|-supereffective|p1a: Talonflame|2\n|-damage|p1a: Talonflame|5/100\n|-damage|p1b: Kangaskhan|82/100\n|-enditem|p1a: Talonflame|Sitrus Berry|[eat]\n|-heal|p1a: Talonflame|30/100|[from] item: Sitrus Berry\n|\n|upkeep\n|turn|2\n|inactive|lerdihnuhrong has 30 seconds left.\n|inactive|kynshi has 30 seconds left.\n|\n|t:|1776268932\n|move|p2b: Wata|Encore|p1b: Kangaskhan\n|-start|p1b: Kangaskhan|Encore\n|move|p1b: Kangaskhan|Fake Out||[still]\n|-hint|Fake Out only works on your first turn out.\n|-fail|p1b: Kangaskhan\n|move|p1a: Talonflame|Acrobatics|p2b: Wata\n|-supereffective|p2b: Wata|1\n|-damage|p2b: Wata|7/100\n|move|p2a: Garchomp|Rock Slide|p1a: Talonflame|[spread] p1a,p1b\n|-supereffective|p1a: Talonflame|2\n|-damage|p1a: Talonflame|0 fnt\n|-damage|p1b: Kangaskhan|63/100\n|faint|p1a: Talonflame\n|\n|upkeep\n|\n|t:|1776268951\n|switch|p1a: Rotom|Rotom-Wash, L50|100/100\n|turn|3\n|\n|t:|1776268968\n|switch|p1b: Aegislash|Aegislash, L50, F|100/100\n|switch|p2a: Venusaur|Venusaur, L50, F, shiny|100/100\n|move|p2b: Wata|Tailwind|p2b: Wata\n|-sidestart|p2: kynshi|move: Tailwind\n|move|p1a: Rotom|Will-O-Wisp|p2a: Venusaur\n|-status|p2a: Venusaur|brn\n|\n|-damage|p2a: Venusaur|95/100 brn|[from] brn\n|upkeep\n|turn|4\n|inactive|lerdihnuhrong has 30 seconds left.\n|\n|t:|1776268997\n|switch|p1a: Kangaskhan|Kangaskhan-Mega, L50, F|63/100\n|move|p2b: Wata|Encore||[still]\n|-fail|p2b: Wata\n|move|p2a: Venusaur|Sleep Powder|p1b: Aegislash\n|-status|p1b: Aegislash|slp|[from] move: Sleep Powder\n|cant|p1b: Aegislash|slp\n|\n|-heal|p2a: Venusaur|100/100 brn|[from] item: Leftovers\n|-damage|p2a: Venusaur|95/100 brn|[from] brn\n|-sideend|p1: lerdihnuhrong|move: Tailwind\n|upkeep\n|turn|5\n|inactive|kynshi has 30 seconds left.\n|\n|t:|1776269022\n|move|p1a: Kangaskhan|Fake Out|p2a: Venusaur\n|-damage|p2a: Venusaur|75/100 brn\n|-damage|p2a: Venusaur|71/100 brn\n|-hitcount|p2a: Venusaur|2\n|move|p2b: Wata|Moonblast|p1a: Kangaskhan\n|-damage|p1a: Kangaskhan|26/100\n|cant|p2a: Venusaur|flinch\n|cant|p1b: Aegislash|slp\n|\n|-heal|p2a: Venusaur|76/100 brn|[from] item: Leftovers\n|-damage|p2a: Venusaur|71/100 brn|[from] brn\n|upkeep\n|turn|6\n|\n|t:|1776269040\n|switch|p1a: Rotom|Rotom-Wash, L50|100/100\n|move|p2b: Wata|Moonblast|p1a: Rotom\n|-damage|p1a: Rotom|52/100\n|move|p2a: Venusaur|Sludge Bomb|p1a: Rotom\n|-damage|p1a: Rotom|7/100\n|-curestatus|p1b: Aegislash|slp|[msg]\n|move|p1b: Aegislash|Swords Dance|p1b: Aegislash\n|-boost|p1b: Aegislash|atk|2\n|\n|-heal|p2a: Venusaur|76/100 brn|[from] item: Leftovers\n|-damage|p2a: Venusaur|71/100 brn|[from] brn\n|-sideend|p2: kynshi|move: Tailwind\n|upkeep\n|turn|7\n|inactive|lerdihnuhrong has 30 seconds left.\n|inactive|kynshi has 30 seconds left.\n|inactive|lerdihnuhrong has 20 seconds left.\n|inactive|kynshi has 20 seconds left.\n|\n|t:|1776269077\n|move|p2b: Wata|Encore|p1b: Aegislash\n|-start|p1b: Aegislash|Encore\n|move|p1a: Rotom|Trick|p2a: Venusaur\n|-activate|p1a: Rotom|move: Trick|[of] p2a: Venusaur\n|-item|p2a: Venusaur|Choice Scarf|[from] move: Trick\n|-item|p1a: Rotom|Leftovers|[from] move: Trick\n|move|p2a: Venusaur|Energy Ball|p1a: Rotom\n|-supereffective|p1a: Rotom|1\n|-damage|p1a: Rotom|0 fnt\n|faint|p1a: Rotom\n|move|p1b: Aegislash|Swords Dance|p1b: Aegislash\n|-boost|p1b: Aegislash|atk|2\n|\n|-damage|p2a: Venusaur|65/100 brn|[from] brn\n|upkeep\n|\n|t:|1776269082\n|switch|p1a: Kangaskhan|Kangaskhan-Mega, L50, F|26/100\n|turn|8\n|\n|t:|1776269101\n|move|p1a: Kangaskhan|Fake Out|p2b: Wata\n|-damage|p2b: Wata|0 fnt\n|faint|p2b: Wata\n|-hitcount|p2: Wata|1\n|move|p2a: Venusaur|Energy Ball|p1a: Kangaskhan\n|-damage|p1a: Kangaskhan|0 fnt\n|faint|p1a: Kangaskhan\n|move|p1b: Aegislash|Swords Dance|p1b: Aegislash\n|-boost|p1b: Aegislash|atk|2\n|\n|-damage|p2a: Venusaur|59/100 brn|[from] brn\n|upkeep\n|\n|t:|1776269112\n|switch|p2b: Charizard|Charizard, L50, M|100/100\n|turn|9\n|\n|t:|1776269123\n|switch|p2a: Garchomp|Garchomp, L50, F|100/100\n|detailschange|p2b: Charizard|Charizard-Mega-Y, L50, M\n|-mega|p2b: Charizard|Charizard|Charizardite Y\n|-weather|SunnyDay|[from] ability: Drought|[of] p2b: Charizard\n|move|p2b: Charizard|Weather Ball|p1b: Aegislash\n|-supereffective|p1b: Aegislash|1\n|-damage|p1b: Aegislash|0 fnt\n|faint|p1b: Aegislash\n|\n|win|kynshi\n|raw|lerdihnuhrong's rating: 1070 &rarr; <strong>1050</strong><br />(-20 for losing)\n|raw|kynshi's rating: 1084 &rarr; <strong>1110</strong><br />(+26 for winning)\n",
  "uploadtime": 1776269128,
  "views": 17,
  "formatid": "gen9championsvgc2026regma",
  "rating": 1050,
  "private": 0,
  "password": null
}