{
  "id": "gen9championsvgc2026regma-2580907612",
  "format": "[Gen 9 Champions] VGC 2026 Reg M-A",
  "players": [
    "domX_890",
    "DoubleBad17"
  ],
  "log": "|j|\u2606domX_890\n|j|\u2606DoubleBad17\n|t:|1775942340\n|gametype|doubles\n|player|p1|domX_890|169|1000\n|player|p2|DoubleBad17|2|1000\n|gen|9\n|tier|[Gen 9 Champions] VGC 2026 Reg M-A\n|rated|\n|rule|Species Clause: Limit one of each Pok\u00e9mon\n|rule|Item Clause: Limit 1 of each item\n|clearpoke\n|poke|p1|Armarouge, L50, F|\n|poke|p1|Meowstic, L50, M|\n|poke|p1|Hatterene, L50, F|\n|poke|p1|Archaludon, L50, F|\n|poke|p1|Meowscarada, L50, F|\n|poke|p1|Palafin, L50, F|\n|poke|p2|Meganium, L50, M|\n|poke|p2|Dragonite, L50, M|\n|poke|p2|Sableye, L50, F|\n|poke|p2|Sneasler, L50, M|\n|poke|p2|Kingambit, L50, F|\n|poke|p2|Pelipper, L50, M|\n|teampreview|4\n|inactive|Battle timer is ON: inactive players will automatically lose when time's up. (requested by DoubleBad17)\n|inactive|DoubleBad17 has 60 seconds left.\n|\n|t:|1775942408\n|teamsize|p1|4\n|teamsize|p2|4\n|start\n|switch|p1a: Armarouge|Armarouge, L50, F|100/100\n|switch|p1b: Meowstic|Meowstic, L50, M|100/100\n|switch|p2a: Sneasler|Sneasler, L50, M|100/100\n|switch|p2b: Pelipper|Pelipper, L50, M|100/100\n|-weather|RainDance|[from] ability: Drizzle|[of] p2b: Pelipper\n|turn|1\n|inactive|domX_890 has 30 seconds left.\n|inactive|DoubleBad17 has 30 seconds left.\n|inactive|domX_890 has 20 seconds left.\n|inactive|domX_890 has 15 seconds left.\n|inactive|domX_890 has 10 seconds left.\n|\n|t:|1775942453\n|switch|p2a: Kingambit|Kingambit, L50, F|100/100\n|switch|p1a: Archaludon|Archaludon, L50, F|100/100\n|move|p2b: Pelipper|Weather Ball|p1a: Archaludon\n|-resisted|p1a: Archaludon|1\n|-damage|p1a: Archaludon|70/100\n|-ability|p1a: Archaludon|Stamina|boost\n|-boost|p1a: Archaludon|def|1\n|move|p1b: Meowstic|Trick Room|p1b: Meowstic\n|-fieldstart|move: Trick Room|[of] p1b: Meowstic\n|\n|-weather|RainDance|[upkeep]\n|upkeep\n|turn|2\n|inactive|DoubleBad17 has 30 seconds left.\n|\n|t:|1775942481\n|switch|p1b: Armarouge|Armarouge, L50, F|100/100\n|move|p2a: Kingambit|Swords Dance|p2a: Kingambit\n|-boost|p2a: Kingambit|atk|2\n|move|p1a: Archaludon|Electro Shot||[still]\n|-prepare|p1a: Archaludon|Electro Shot\n|-boost|p1a: Archaludon|spa|1\n|-anim|p1a: Archaludon|Electro Shot|p2b: Pelipper\n|-supereffective|p2b: Pelipper|2\n|-damage|p2b: Pelipper|0 fnt\n|faint|p2b: Pelipper\n|\n|-weather|RainDance|[upkeep]\n|upkeep\n|\n|t:|1775942498\n|switch|p2b: Sneasler|Sneasler, L50, M|100/100\n|turn|3\n|inactive|domX_890 has 30 seconds left.\n|\n|t:|1775942529\n|move|p2a: Kingambit|Kowtow Cleave|p1b: Armarouge\n|-supereffective|p1b: Armarouge|1\n|-damage|p1b: Armarouge|0 fnt\n|faint|p1b: Armarouge\n|move|p1a: Archaludon|Electro Shot||[still]\n|-prepare|p1a: Archaludon|Electro Shot\n|-boost|p1a: Archaludon|spa|1\n|-anim|p1a: Archaludon|Electro Shot|p2b: Sneasler\n|-damage|p2b: Sneasler|0 fnt\n|faint|p2b: Sneasler\n|\n|-weather|RainDance|[upkeep]\n|upkeep\n|\n|t:|1775942543\n|switch|p1b: Hatterene|Hatterene, L50, F|100/100\n|switch|p2b: Dragonite|Dragonite, L50, M|100/100\n|turn|4\n|inactive|domX_890 has 30 seconds left.\n|inactive|DoubleBad17 has 30 seconds left.\n|\n|t:|1775942571\n|move|p2a: Kingambit|Protect|p2a: Kingambit\n|-singleturn|p2a: Kingambit|Protect\n|move|p2b: Dragonite|Protect|p2b: Dragonite\n|-singleturn|p2b: Dragonite|Protect\n|move|p1b: Hatterene|Dazzling Gleam|p2b: Dragonite|[spread] \n|-activate|p2a: Kingambit|move: Protect\n|-activate|p2b: Dragonite|move: Protect\n|move|p1a: Archaludon|Electro Shot||[still]\n|-prepare|p1a: Archaludon|Electro Shot\n|-boost|p1a: Archaludon|spa|1\n|-anim|p1a: Archaludon|Electro Shot|p2b: Dragonite\n|-activate|p2b: Dragonite|move: Protect\n|\n|-weather|RainDance|[upkeep]\n|upkeep\n|turn|5\n|inactive|DoubleBad17 has 30 seconds left.\n|inactive|DoubleBad17 has 20 seconds left.\n|\n|t:|1775942609\n|detailschange|p2b: Dragonite|Dragonite-Mega, L50, M\n|-mega|p2b: Dragonite|Dragonite|Dragoninite\n|move|p1b: Hatterene|Dazzling Gleam|p2b: Dragonite|[spread] p2a,p2b\n|-supereffective|p2b: Dragonite|1\n|-damage|p2a: Kingambit|70/100\n|-damage|p2b: Dragonite|68/100\n|move|p2a: Kingambit|Kowtow Cleave|p1a: Archaludon\n|-damage|p1a: Archaludon|2/100\n|-ability|p1a: Archaludon|Stamina|boost\n|-boost|p1a: Archaludon|def|1\n|-enditem|p1a: Archaludon|Sitrus Berry|[eat]\n|-heal|p1a: Archaludon|27/100|[from] item: Sitrus Berry\n|move|p1a: Archaludon|Electro Shot||[still]\n|-prepare|p1a: Archaludon|Electro Shot\n|-boost|p1a: Archaludon|spa|1\n|-anim|p1a: Archaludon|Electro Shot|p2b: Dragonite\n|-damage|p2b: Dragonite|0 fnt\n|faint|p2b: Dragonite\n|\n|-weather|none\n|-fieldend|move: Trick Room\n|upkeep\n|turn|6\n|inactive|DoubleBad17 has 30 seconds left.\n|\n|t:|1775942638\n|move|p1a: Archaludon|Protect|p1a: Archaludon\n|-singleturn|p1a: Archaludon|Protect\n|move|p2a: Kingambit|Protect|p2a: Kingambit\n|-singleturn|p2a: Kingambit|Protect\n|move|p1b: Hatterene|Trick Room|p1b: Hatterene\n|-fieldstart|move: Trick Room|[of] p1b: Hatterene\n|\n|upkeep\n|turn|7\n|\n|t:|1775942656\n|move|p1b: Hatterene|Dazzling Gleam|p2a: Kingambit\n|-damage|p2a: Kingambit|29/100\n|move|p2a: Kingambit|Kowtow Cleave|p1a: Archaludon\n|-crit|p1a: Archaludon\n|-damage|p1a: Archaludon|0 fnt\n|faint|p1a: Archaludon\n|\n|upkeep\n|\n|t:|1775942668\n|switch|p1a: Meowstic|Meowstic, L50, M|100/100\n|turn|8\n|\n|t:|1775942680\n|detailschange|p1a: Meowstic|Meowstic-M-Mega, L50, M\n|-mega|p1a: Meowstic|Meowstic|Meowsticite\n|-ability|p1a: Meowstic|Defiant|Trace|[from] ability: Trace|[of] p2a: Kingambit\n|move|p1a: Meowstic|Helping Hand|p1b: Hatterene\n|-singleturn|p1b: Hatterene|Helping Hand|[of] p1a: Meowstic\n|move|p2a: Kingambit|Sucker Punch|p1b: Hatterene\n|-damage|p1b: Hatterene|0 fnt\n|faint|p1b: Hatterene\n|\n|upkeep\n|turn|9\n|inactive|domX_890 has 30 seconds left.\n|inactive|domX_890 has 20 seconds left.\n|inactive|domX_890 has 15 seconds left.\n|\n|t:|1775942722\n|move|p1a: Meowstic|Protect|p1a: Meowstic\n|-singleturn|p1a: Meowstic|Protect\n|move|p2a: Kingambit|Kowtow Cleave|p1a: Meowstic\n|-activate|p1a: Meowstic|move: Protect\n|\n|upkeep\n|turn|10\n|\n|t:|1775942738\n|move|p1a: Meowstic|Protect|p1a: Meowstic\n|-singleturn|p1a: Meowstic|Protect\n|move|p2a: Kingambit|Kowtow Cleave|p1a: Meowstic\n|-activate|p1a: Meowstic|move: Protect\n|\n|-fieldend|move: Trick Room\n|upkeep\n|turn|11\n|\n|t:|1775942747\n|move|p1a: Meowstic|Protect||[still]\n|-fail|p1a: Meowstic\n|move|p2a: Kingambit|Sucker Punch||[still]\n|-fail|p2a: Kingambit\n|\n|upkeep\n|turn|12\n|\n|t:|1775942752\n|move|p1a: Meowstic|Protect|p1a: Meowstic\n|-singleturn|p1a: Meowstic|Protect\n|move|p2a: Kingambit|Kowtow Cleave|p1a: Meowstic\n|-activate|p1a: Meowstic|move: Protect\n|\n|upkeep\n|turn|13\n|\n|t:|1775942758\n|move|p1a: Meowstic|Protect|p1a: Meowstic\n|-singleturn|p1a: Meowstic|Protect\n|move|p2a: Kingambit|Kowtow Cleave|p1a: Meowstic\n|-activate|p1a: Meowstic|move: Protect\n|\n|upkeep\n|turn|14\n|\n|t:|1775942764\n|move|p1a: Meowstic|Protect||[still]\n|-fail|p1a: Meowstic\n|move|p2a: Kingambit|Kowtow Cleave|p1a: Meowstic\n|-supereffective|p1a: Meowstic|1\n|-damage|p1a: Meowstic|0 fnt\n|faint|p1a: Meowstic\n|\n|win|DoubleBad17\n|raw|domX_890's rating: 1000 &rarr; <strong>1000</strong><br />(+0 for losing)\n|raw|DoubleBad17's rating: 1000 &rarr; <strong>1040</strong><br />(+40 for winning)\n",
  "uploadtime": 1775942772,
  "views": 22,
  "formatid": "gen9championsvgc2026regma",
  "rating": 1000,
  "private": 0,
  "password": null
}