{
  "id": "gen9championsvgc2026regma-2582016339",
  "format": "[Gen 9 Champions] VGC 2026 Reg M-A",
  "players": [
    "Chuggdot",
    "Niko highway"
  ],
  "log": "|j|\u2606Chuggdot\n|j|\u2606Niko highway\n|t:|1776048628\n|gametype|doubles\n|player|p1|Chuggdot|170|1211\n|player|p2|Niko highway|266|1245\n|gen|9\n|tier|[Gen 9 Champions] VGC 2026 Reg M-A\n|rated|\n|rule|Species Clause: Limit one of each Pok\u00e9mon\n|rule|Item Clause: Limit 1 of each item\n|clearpoke\n|poke|p1|Glimmora, L50, F|\n|poke|p1|Empoleon, L50, M|\n|poke|p1|Aegislash, L50, M|\n|poke|p1|Ninetales-Alola, L50, M|\n|poke|p1|Sinistcha, L50|\n|poke|p1|Talonflame, L50, F|\n|poke|p2|Incineroar, L50, M|\n|poke|p2|Conkeldurr, L50, M|\n|poke|p2|Sinistcha, L50|\n|poke|p2|Cofagrigus, L50, M|\n|poke|p2|Drampa, L50, F|\n|poke|p2|Aggron, L50, F|\n|teampreview|4\n|inactive|Battle timer is ON: inactive players will automatically lose when time's up. (requested by Chuggdot)\n|inactive|Chuggdot has 60 seconds left.\n|\n|t:|1776048667\n|teamsize|p1|4\n|teamsize|p2|4\n|start\n|switch|p1a: Glimmora|Glimmora, L50, F|100/100\n|switch|p1b: Sinistcha|Sinistcha, L50|100/100\n|switch|p2a: Cofagrigus|Cofagrigus, L50, M|100/100\n|switch|p2b: Conkeldurr|Conkeldurr, L50, M|100/100\n|turn|1\n|inactive|Niko highway has 30 seconds left.\n|\n|t:|1776048695\n|detailschange|p1a: Glimmora|Glimmora-Mega, L50, F\n|-mega|p1a: Glimmora|Glimmora|Glimmoranite\n|move|p1a: Glimmora|Dazzling Gleam|p2b: Conkeldurr|[spread] p2a,p2b\n|-supereffective|p2b: Conkeldurr|1\n|-damage|p2a: Cofagrigus|74/100\n|-damage|p2b: Conkeldurr|43/100\n|move|p2b: Conkeldurr|Knock Off|p1b: Sinistcha\n|-supereffective|p1b: Sinistcha|1\n|-damage|p1b: Sinistcha|39/100\n|-enditem|p1b: Sinistcha|Sitrus Berry|[from] move: Knock Off|[of] p2b: Conkeldurr\n|move|p2a: Cofagrigus|Shadow Ball|p1b: Sinistcha\n|-supereffective|p1b: Sinistcha|1\n|-damage|p1b: Sinistcha|0 fnt\n|faint|p1b: Sinistcha\n|\n|-heal|p2a: Cofagrigus|80/100|[from] item: Leftovers\n|upkeep\n|\n|t:|1776048710\n|switch|p1b: Ninetales|Ninetales-Alola, L50, M|100/100\n|-weather|Snowscape|[from] ability: Snow Warning|[of] p1b: Ninetales\n|turn|2\n|\n|t:|1776048727\n|switch|p2b: Aggron|Aggron, L50, F|100/100\n|move|p1b: Ninetales|Moonblast|p2b: Aggron\n|-resisted|p2b: Aggron|1\n|-damage|p2b: Aggron|83/100\n|-unboost|p2b: Aggron|spa|1\n|move|p1a: Glimmora|Power Gem|p2a: Cofagrigus\n|-damage|p2a: Cofagrigus|10/100\n|move|p2a: Cofagrigus|Trick Room|p2a: Cofagrigus\n|-fieldstart|move: Trick Room|[of] p2a: Cofagrigus\n|\n|-weather|Snowscape|[upkeep]\n|-heal|p2a: Cofagrigus|17/100|[from] item: Leftovers\n|upkeep\n|turn|3\n|inactive|Niko highway has 30 seconds left.\n|\n|t:|1776048753\n|detailschange|p2b: Aggron|Aggron-Mega, L50, F\n|-mega|p2b: Aggron|Aggron|Aggronite\n|move|p1a: Glimmora|Spiky Shield|p1a: Glimmora\n|-singleturn|p1a: Glimmora|move: Protect\n|move|p1b: Ninetales|Protect|p1b: Ninetales\n|-singleturn|p1b: Ninetales|Protect\n|move|p2a: Cofagrigus|Shadow Ball|p1a: Glimmora\n|-activate|p1a: Glimmora|move: Protect\n|move|p2b: Aggron|Heavy Slam|p1a: Glimmora\n|-activate|p1a: Glimmora|move: Protect\n|-damage|p2b: Aggron|71/100|[from] Spiky Shield|[of] p1a: Glimmora\n|\n|-weather|Snowscape|[upkeep]\n|-heal|p2a: Cofagrigus|23/100|[from] item: Leftovers\n|upkeep\n|turn|4\n|\n|t:|1776048777\n|switch|p1a: Empoleon|Empoleon, L50, M|100/100\n|move|p2a: Cofagrigus|Shadow Ball|p1b: Ninetales\n|-damage|p1b: Ninetales|64/100\n|-unboost|p1b: Ninetales|spd|1\n|move|p2b: Aggron|Heavy Slam|p1b: Ninetales\n|-supereffective|p1b: Ninetales|2\n|-damage|p1b: Ninetales|0 fnt\n|faint|p1b: Ninetales\n|\n|-weather|Snowscape|[upkeep]\n|-heal|p2a: Cofagrigus|29/100|[from] item: Leftovers\n|upkeep\n|\n|t:|1776048786\n|switch|p1b: Glimmora|Glimmora-Mega, L50, F|100/100\n|turn|5\n|\n|t:|1776048799\n|move|p1b: Glimmora|Spiky Shield|p1b: Glimmora\n|-singleturn|p1b: Glimmora|move: Protect\n|move|p2a: Cofagrigus|Body Press|p1a: Empoleon\n|-supereffective|p1a: Empoleon|1\n|-damage|p1a: Empoleon|41/100\n|move|p2b: Aggron|Body Press|p1a: Empoleon\n|-supereffective|p1a: Empoleon|1\n|-damage|p1a: Empoleon|0 fnt\n|faint|p1a: Empoleon\n|\n|-weather|Snowscape|[upkeep]\n|-heal|p2a: Cofagrigus|35/100|[from] item: Leftovers\n|upkeep\n|turn|6\n|-message|Chuggdot forfeited.\n|\n|win|Niko highway\n|raw|Chuggdot's rating: 1211 &rarr; <strong>1188</strong><br />(-23 for losing)\n|raw|Niko highway's rating: 1245 &rarr; <strong>1268</strong><br />(+23 for winning)\n|l|\u2606Chuggdot\n|player|p1|\n",
  "uploadtime": 1776048808,
  "views": 35,
  "formatid": "gen9championsvgc2026regma",
  "rating": 1188,
  "private": 0,
  "password": null
}