{
  "id": "gen9championsvgc2026regma-2585594962",
  "format": "[Gen 9 Champions] VGC 2026 Reg M-A",
  "players": [
    "Waffleishboi",
    "Chaddyisback"
  ],
  "log": "|j|\u2606Waffleishboi\n|j|\u2606Chaddyisback\n|t:|1776357759\n|gametype|doubles\n|player|p1|Waffleishboi|265|1000\n|player|p2|Chaddyisback|guitarist-gen4|1042\n|gen|9\n|tier|[Gen 9 Champions] VGC 2026 Reg M-A\n|rated|\n|rule|Species Clause: Limit one of each Pok\u00e9mon\n|rule|Item Clause: Limit 1 of each item\n|clearpoke\n|poke|p1|Lopunny, L50, M|\n|poke|p1|Corviknight, L50, M|\n|poke|p1|Charizard, L50, M|\n|poke|p1|Basculegion, L50, M|\n|poke|p1|Runerigus, L50, M|\n|poke|p1|Hatterene, L50, F|\n|poke|p2|Starmie, L50|\n|poke|p2|Pelipper, L50, M|\n|poke|p2|Audino, L50, M|\n|poke|p2|Archaludon, L50, M|\n|poke|p2|Sneasler, L50, M|\n|poke|p2|Basculegion, L50, M|\n|teampreview|4\n|\n|t:|1776357789\n|teamsize|p1|4\n|teamsize|p2|4\n|start\n|switch|p1a: Hatterene|Hatterene, L50, F|100/100\n|switch|p1b: Runerigus|Runerigus, L50, M|100/100\n|switch|p2a: Starmie|Starmie, L50, shiny|100/100\n|switch|p2b: Archaludon|Archaludon, L50, M|100/100\n|turn|1\n|inactive|Battle timer is ON: inactive players will automatically lose when time's up. (requested by Chaddyisback)\n|\n|t:|1776357816\n|detailschange|p2a: Starmie|Starmie-Mega, L50, shiny\n|-mega|p2a: Starmie|Starmie|Starminite\n|move|p1b: Runerigus|Protect|p1b: Runerigus\n|-singleturn|p1b: Runerigus|Protect\n|move|p2a: Starmie|Flip Turn|p1b: Runerigus\n|-activate|p1b: Runerigus|move: Protect\n|move|p2b: Archaludon|Electro Shot||[still]\n|-prepare|p2b: Archaludon|Electro Shot\n|-boost|p2b: Archaludon|spa|1\n|move|p1a: Hatterene|Trick Room|p1a: Hatterene\n|-fieldstart|move: Trick Room|[of] p1a: Hatterene\n|\n|upkeep\n|turn|2\n|inactive|Waffleishboi has 30 seconds left.\n|\n|t:|1776357851\n|move|p1a: Hatterene|Dark Pulse|p2a: Starmie\n|-supereffective|p2a: Starmie|1\n|-damage|p2a: Starmie|26/100\n|move|p1b: Runerigus|Disable|p2a: Starmie\n|-start|p2a: Starmie|Disable|Flip Turn\n|move|p2b: Archaludon|Electro Shot|p1a: Hatterene|[from] lockedmove\n|-damage|p1a: Hatterene|33/100\n|-enditem|p1a: Hatterene|Sitrus Berry|[eat]\n|-heal|p1a: Hatterene|58/100|[from] item: Sitrus Berry\n|cant|p2a: Starmie|Disable|Flip Turn\n|\n|upkeep\n|turn|3\n|\n|t:|1776357872\n|switch|p2a: Pelipper|Pelipper, L50, M|100/100\n|-weather|RainDance|[from] ability: Drizzle|[of] p2a: Pelipper\n|move|p1a: Hatterene|Dark Pulse|p2a: Pelipper\n|-crit|p2a: Pelipper\n|-damage|p2a: Pelipper|37/100\n|move|p1b: Runerigus|Earth Power|p2b: Archaludon\n|-supereffective|p2b: Archaludon|1\n|-damage|p2b: Archaludon|40/100\n|-ability|p2b: Archaludon|Stamina|boost\n|-boost|p2b: Archaludon|def|1\n|move|p2b: Archaludon|Earthquake|p1b: Runerigus|[spread] p1a,p1b\n|-immune|p2a: Pelipper\n|-crit|p1b: Runerigus\n|-damage|p1a: Hatterene|35/100\n|-damage|p1b: Runerigus|80/100\n|\n|-weather|RainDance|[upkeep]\n|upkeep\n|turn|4\n|inactive|Waffleishboi has 30 seconds left.\n|-activate|p2b: Archaludon|item: Quick Claw\n|\n|t:|1776357899\n|move|p2a: Pelipper|Protect|p2a: Pelipper\n|-singleturn|p2a: Pelipper|Protect\n|move|p2b: Archaludon|Flash Cannon|p1a: Hatterene\n|-supereffective|p1a: Hatterene|1\n|-damage|p1a: Hatterene|0 fnt\n|faint|p1a: Hatterene\n|move|p1b: Runerigus|Earth Power|p2b: Archaludon\n|-supereffective|p2b: Archaludon|1\n|-crit|p2b: Archaludon\n|-damage|p2b: Archaludon|0 fnt\n|faint|p2b: Archaludon\n|\n|-weather|RainDance|[upkeep]\n|upkeep\n|\n|t:|1776357917\n|switch|p1a: Lopunny|Lopunny, L50, M, shiny|100/100\n|switch|p2b: Sneasler|Sneasler, L50, M|100/100\n|turn|5\n|\n|t:|1776357941\n|detailschange|p1a: Lopunny|Lopunny-Mega, L50, M, shiny\n|-mega|p1a: Lopunny|Lopunny|Lopunnite\n|move|p1b: Runerigus|Protect|p1b: Runerigus\n|-singleturn|p1b: Runerigus|Protect\n|move|p2b: Sneasler|Fake Out|p1a: Lopunny\n|-damage|p1a: Lopunny|80/100\n|cant|p1a: Lopunny|flinch\n|move|p2a: Pelipper|Tailwind|p2a: Pelipper\n|-sidestart|p2: Chaddyisback|move: Tailwind\n|\n|-weather|RainDance|[upkeep]\n|-fieldend|move: Trick Room\n|upkeep\n|turn|6\n|inactive|Waffleishboi has 30 seconds left.\n|inactive|Chaddyisback has 30 seconds left.\n|inactive|Chaddyisback has 20 seconds left.\n|\n|t:|1776357980\n|move|p2b: Sneasler|Close Combat|p1a: Lopunny\n|-supereffective|p1a: Lopunny|1\n|-damage|p1a: Lopunny|0 fnt\n|-unboost|p2b: Sneasler|def|1\n|-unboost|p2b: Sneasler|spd|1\n|faint|p1a: Lopunny\n|-enditem|p2b: Sneasler|White Herb\n|-clearnegativeboost|p2b: Sneasler|[silent]\n|move|p2a: Pelipper|Hurricane|p1b: Runerigus\n|-damage|p1b: Runerigus|45/100\n|move|p1b: Runerigus|Psyshock|p2b: Sneasler\n|-supereffective|p2b: Sneasler|2\n|-crit|p2b: Sneasler\n|-damage|p2b: Sneasler|0 fnt\n|faint|p2b: Sneasler\n|\n|-weather|RainDance|[upkeep]\n|upkeep\n|\n|t:|1776357994\n|switch|p1a: Clanker|Corviknight, L50, M, shiny|100/100\n|switch|p2b: Starmie|Starmie-Mega, L50, shiny|26/100\n|-ability|p1a: Clanker|Pressure\n|turn|7\n|inactive|Waffleishboi has 30 seconds left.\n|inactive|Chaddyisback has 30 seconds left.\n|inactive|Chaddyisback has 20 seconds left.\n|\n|t:|1776358032\n|move|p2a: Pelipper|Protect|p2a: Pelipper\n|-singleturn|p2a: Pelipper|Protect\n|move|p1b: Runerigus|Protect|p1b: Runerigus\n|-singleturn|p1b: Runerigus|Protect\n|move|p2b: Starmie|Liquidation|p1b: Runerigus\n|-activate|p1b: Runerigus|move: Protect\n|move|p1a: Clanker|Flash Cannon|p2b: Starmie\n|-resisted|p2b: Starmie|1\n|-crit|p2b: Starmie\n|-damage|p2b: Starmie|10/100\n|\n|-weather|none\n|upkeep\n|turn|8\n|inactive|Waffleishboi has 30 seconds left.\n|\n|t:|1776358064\n|move|p2b: Starmie|Liquidation|p1b: Runerigus\n|-supereffective|p1b: Runerigus|1\n|-damage|p1b: Runerigus|0 fnt\n|-activate|p2b: Starmie|Skill Swap|Wandering Spirit|Huge Power|[of] p1b: Runerigus\n|faint|p1b: Runerigus\n|move|p2a: Pelipper|Hurricane|p1a: Clanker|[miss]\n|-miss|p2a: Pelipper|p1a: Clanker\n|move|p1a: Clanker|U-turn|p2b: Starmie\n|-supereffective|p2b: Starmie|1\n|-damage|p2b: Starmie|0 fnt\n|-activate|p1a: Clanker|Skill Swap|Wandering Spirit|Pressure|[of] p2b: Starmie\n|-ability|p2b: Starmie|Pressure\n|faint|p2b: Starmie\n|\n|-sideend|p2: Chaddyisback|move: Tailwind\n|upkeep\n|turn|9\n|-message|Chaddyisback forfeited.\n|\n|win|Waffleishboi\n|raw|Waffleishboi's rating: 1000 &rarr; <strong>1045</strong><br />(+45 for winning)\n|raw|Chaddyisback's rating: 1042 &rarr; <strong>1024</strong><br />(-18 for losing)\n|l|\u2606Chaddyisback\n|player|p2|\n",
  "uploadtime": 1776358086,
  "views": 48,
  "formatid": "gen9championsvgc2026regma",
  "rating": 1024,
  "private": 0,
  "password": null
}