{
  "id": "gen9championsvgc2026regma-2584075182",
  "format": "[Gen 9 Champions] VGC 2026 Reg M-A",
  "players": [
    "coleorge",
    "4nil0m"
  ],
  "log": "|j|\u2606coleorge\n|j|\u26064nil0m\n|t:|1776222606\n|gametype|doubles\n|player|p1|coleorge|1|1121\n|player|p2|4nil0m|265|1055\n|gen|9\n|tier|[Gen 9 Champions] VGC 2026 Reg M-A\n|rated|\n|rule|Species Clause: Limit one of each Pok\u00e9mon\n|rule|Item Clause: Limit 1 of each item\n|clearpoke\n|poke|p1|Kingambit, L50, M|\n|poke|p1|Incineroar, L50, F|\n|poke|p1|Basculegion, L50, M|\n|poke|p1|Farigiraf, L50, F|\n|poke|p1|Politoed, L50, F|\n|poke|p1|Garchomp, L50, M|\n|poke|p2|Greninja-*, L50, M|\n|poke|p2|Talonflame, L50, M|\n|poke|p2|Ninetales-Alola, L50, F|\n|poke|p2|Incineroar, L50, M|\n|poke|p2|Garchomp, L50, M|\n|poke|p2|Gardevoir, L50, F|\n|teampreview|4\n|inactive|Battle timer is ON: inactive players will automatically lose when time's up. (requested by coleorge)\n|\n|t:|1776222698\n|teamsize|p1|4\n|teamsize|p2|4\n|start\n|switch|p1a: Farigiraf|Farigiraf, L50, F|100/100\n|switch|p1b: Basculegion|Basculegion, L50, M|100/100\n|switch|p2a: Incineroar|Incineroar, L50, M|100/100\n|switch|p2b: Ninetales|Ninetales-Alola, L50, F|100/100\n|-weather|Snowscape|[from] ability: Snow Warning|[of] p2b: Ninetales\n|-ability|p2a: Incineroar|Intimidate|boost\n|-unboost|p1a: Farigiraf|atk|1\n|-unboost|p1b: Basculegion|atk|1\n|turn|1\n|\n|t:|1776222720\n|move|p2a: Incineroar|Fake Out||[still]\n|cant|p1a: Farigiraf|ability: Armor Tail|Fake Out|[of] p2a: Incineroar\n|move|p1b: Basculegion|Flip Turn|p2a: Incineroar\n|-supereffective|p2a: Incineroar|1\n|-damage|p2a: Incineroar|51/100\n|\n|t:|1776222730\n|switch|p1b: Kingambit|Kingambit, L50, M, shiny|100/100|[from] Flip Turn\n|move|p2b: Ninetales|Aurora Veil|p2b: Ninetales\n|-sidestart|p2: 4nil0m|move: Aurora Veil\n|move|p1a: Farigiraf|Trick Room|p1a: Farigiraf\n|-fieldstart|move: Trick Room|[of] p1a: Farigiraf\n|\n|-weather|Snowscape|[upkeep]\n|upkeep\n|turn|2\n|inactive|4nil0m has 30 seconds left.\n|\n|t:|1776222763\n|move|p2b: Ninetales|Protect|p2b: Ninetales\n|-singleturn|p2b: Ninetales|Protect\n|move|p1b: Kingambit|Iron Head|p2b: Ninetales\n|-activate|p2b: Ninetales|move: Protect\n|move|p1a: Farigiraf|Hyper Voice|p2a: Incineroar|[spread] p2a\n|-activate|p2b: Ninetales|move: Protect\n|-damage|p2a: Incineroar|36/100\n|move|p2a: Incineroar|Close Combat|p1b: Kingambit\n|-supereffective|p1b: Kingambit|2\n|-damage|p1b: Kingambit|0 fnt\n|-unboost|p2a: Incineroar|def|1\n|-unboost|p2a: Incineroar|spd|1\n|faint|p1b: Kingambit\n|\n|-weather|Snowscape|[upkeep]\n|upkeep\n|\n|t:|1776222778\n|switch|p1b: Garchomp|Garchomp, L50, M|100/100\n|turn|3\n|\n|t:|1776222790\n|detailschange|p1b: Garchomp|Garchomp-Mega, L50, M\n|-mega|p1b: Garchomp|Garchomp|Garchompite\n|move|p1a: Farigiraf|Helping Hand|p1b: Garchomp\n|-singleturn|p1b: Garchomp|Helping Hand|[of] p1a: Farigiraf\n|move|p2a: Incineroar|Parting Shot|p1b: Garchomp\n|-unboost|p1b: Garchomp|atk|1\n|-unboost|p1b: Garchomp|spa|1\n|\n|t:|1776222798\n|switch|p2a: Gardevoir|Gardevoir, L50, F|100/100|[from] Parting Shot\n|move|p1b: Garchomp|Earthquake|p2b: Ninetales|[spread] p1a,p2a,p2b\n|-damage|p1a: Farigiraf|70/100\n|-damage|p2a: Gardevoir|49/100\n|-damage|p2b: Ninetales|75/100\n|move|p2b: Ninetales|Blizzard|p1b: Garchomp|[spread] p1a,p1b\n|-supereffective|p1b: Garchomp|2\n|-damage|p1a: Farigiraf|44/100\n|-damage|p1b: Garchomp|0 fnt\n|-enditem|p1a: Farigiraf|Sitrus Berry|[eat]\n|-heal|p1a: Farigiraf|69/100|[from] item: Sitrus Berry\n|faint|p1b: Garchomp\n|\n|-weather|Snowscape|[upkeep]\n|upkeep\n|\n|t:|1776222812\n|switch|p1b: Basculegion|Basculegion, L50, M|100/100\n|turn|4\n|inactive|4nil0m has 30 seconds left.\n|\n|t:|1776222842\n|move|p1a: Farigiraf|Hyper Voice|p2a: Gardevoir|[spread] p2a,p2b\n|-damage|p2a: Gardevoir|30/100\n|-damage|p2b: Ninetales|58/100\n|move|p2b: Ninetales|Blizzard|p1a: Farigiraf|[spread] p1a,p1b\n|-resisted|p1b: Basculegion|1\n|-damage|p1a: Farigiraf|43/100\n|-damage|p1b: Basculegion|87/100\n|move|p1b: Basculegion|Last Respects|p2a: Gardevoir\n|-supereffective|p2a: Gardevoir|1\n|-damage|p2a: Gardevoir|0 fnt\n|faint|p2a: Gardevoir\n|\n|-weather|Snowscape|[upkeep]\n|upkeep\n|\n|t:|1776222857\n|switch|p2a: Incineroar|Incineroar, L50, M|36/100\n|-ability|p2a: Incineroar|Intimidate|boost\n|-unboost|p1a: Farigiraf|atk|1\n|-unboost|p1b: Basculegion|atk|1\n|turn|5\n|inactive|4nil0m has 30 seconds left.\n|\n|t:|1776222886\n|move|p1a: Farigiraf|Hyper Voice|p2a: Incineroar|[spread] p2a,p2b\n|-damage|p2a: Incineroar|23/100\n|-damage|p2b: Ninetales|40/100\n|move|p2a: Incineroar|Parting Shot|p1b: Basculegion\n|-unboost|p1b: Basculegion|atk|1\n|-unboost|p1b: Basculegion|spa|1\n|\n|t:|1776222892\n|switch|p2a: Talonflame|Talonflame, L50, M|100/100|[from] Parting Shot\n|move|p2b: Ninetales|Blizzard|p1a: Farigiraf|[spread] p1a,p1b\n|-crit|p1a: Farigiraf\n|-resisted|p1b: Basculegion|1\n|-damage|p1a: Farigiraf|6/100\n|-damage|p1b: Basculegion|74/100\n|move|p1b: Basculegion|Last Respects|p2b: Ninetales\n|-damage|p2b: Ninetales|12/100\n|\n|-weather|none\n|-sideend|p2: 4nil0m|move: Aurora Veil\n|-fieldend|move: Trick Room\n|upkeep\n|turn|6\n|inactive|4nil0m has 30 seconds left.\n|inactive|4nil0m has 20 seconds left.\n|\n|t:|1776222932\n|move|p2a: Talonflame|Tailwind|p2a: Talonflame\n|-sidestart|p2: 4nil0m|move: Tailwind\n|move|p2b: Ninetales|Blizzard|p1b: Basculegion|[spread] p1a,p1b\n|-resisted|p1b: Basculegion|1\n|-damage|p1a: Farigiraf|0 fnt\n|-damage|p1b: Basculegion|61/100\n|-status|p1b: Basculegion|frz\n|faint|p1a: Farigiraf\n|-curestatus|p1b: Basculegion|frz|[msg]\n|move|p1b: Basculegion|Last Respects|p2b: Ninetales\n|-damage|p2b: Ninetales|0 fnt\n|faint|p2b: Ninetales\n|\n|upkeep\n|-message|coleorge forfeited.\n|\n|win|4nil0m\n|raw|coleorge's rating: 1121 &rarr; <strong>1091</strong><br />(-30 for losing)\n|raw|4nil0m's rating: 1055 &rarr; <strong>1093</strong><br />(+38 for winning)\n|l|\u2606coleorge\n|player|p1|\n|c|\u26064nil0m|lll\n|c|\u26064nil0m|LLL\n",
  "uploadtime": 1776222955,
  "views": 31,
  "formatid": "gen9championsvgc2026regma",
  "rating": 1091,
  "private": 0,
  "password": null
}