{
  "id": "gen9championsvgc2026regma-2583853194",
  "format": "[Gen 9 Champions] VGC 2026 Reg M-A",
  "players": [
    "kydr",
    "Qloser"
  ],
  "log": "|j|\u203dkydr\n|j|\u2606Qloser\n|t:|1776202821\n|gametype|doubles\n|player|p1|kydr|169|1313\n|player|p2|Qloser|norman|1251\n|gen|9\n|tier|[Gen 9 Champions] VGC 2026 Reg M-A\n|rated|\n|rule|Species Clause: Limit one of each Pok\u00e9mon\n|rule|Item Clause: Limit 1 of each item\n|clearpoke\n|poke|p1|Greninja-*, L50, M|\n|poke|p1|Tsareena, L50, F|\n|poke|p1|Politoed, L50, F|\n|poke|p1|Ninetales, L50, F|\n|poke|p1|Sneasler, L50, F|\n|poke|p1|Noivern, L50, F|\n|poke|p2|Charizard, L50, M|\n|poke|p2|Kingambit, L50, F|\n|poke|p2|Rotom-Wash, L50|\n|poke|p2|Tyranitar, L50, M|\n|poke|p2|Sinistcha, L50|\n|poke|p2|Excadrill, L50, F|\n|teampreview|4\n|inactive|Battle timer is ON: inactive players will automatically lose when time's up. (requested by Qloser)\n|j| letataii\n|l| letataii\n|inactive|kydr has 60 seconds left.\n|inactive|Qloser has 60 seconds left.\n|\n|t:|1776202866\n|teamsize|p1|4\n|teamsize|p2|4\n|start\n|switch|p1a: Greninja|Greninja, L50, M|100/100\n|switch|p1b: Sneasler|Sneasler, L50, F|100/100\n|switch|p2a: Rotom|Rotom-Wash, L50|100/100\n|switch|p2b: Tyranitar|Tyranitar, L50, M|100/100\n|-weather|Sandstorm|[from] ability: Sand Stream|[of] p2b: Tyranitar\n|turn|1\n|\n|t:|1776202886\n|switch|p2b: Sinistcha|Sinistcha, L50|100/100\n|move|p1b: Sneasler|Fake Out|p2a: Rotom\n|-damage|p2a: Rotom|84/100\n|move|p1a: Greninja|Grass Knot|p2b: Sinistcha\n|-start|p1a: Greninja|typechange|Grass|[from] ability: Protean\n|-resisted|p2b: Sinistcha|1\n|-crit|p2b: Sinistcha\n|-damage|p2b: Sinistcha|93/100\n|cant|p2a: Rotom|flinch\n|\n|-weather|Sandstorm|[upkeep]\n|-damage|p1a: Greninja|94/100|[from] Sandstorm\n|-damage|p1b: Sneasler|95/100|[from] Sandstorm\n|-damage|p2a: Rotom|78/100|[from] Sandstorm\n|-damage|p2b: Sinistcha|87/100|[from] Sandstorm\n|-heal|p2b: Sinistcha|93/100|[from] item: Leftovers\n|upkeep\n|turn|2\n|inactive|kydr has 30 seconds left.\n|inactive|kydr has 20 seconds left.\n|\n|t:|1776202925\n|switch|p1b: Ninetales|Ninetales, L50, F|100/100\n|-weather|SunnyDay|[from] ability: Drought|[of] p1b: Ninetales\n|move|p1a: Greninja|Weather Ball|p2b: Sinistcha\n|-supereffective|p2b: Sinistcha|1\n|-damage|p2b: Sinistcha|0 fnt\n|faint|p2b: Sinistcha\n|move|p2a: Rotom|Electroweb|p1b: Ninetales|[spread] p1a,p1b\n|-resisted|p1a: Greninja|1\n|-damage|p1a: Greninja|78/100\n|-damage|p1b: Ninetales|76/100\n|-unboost|p1a: Greninja|spe|1\n|-unboost|p1b: Ninetales|spe|1\n|\n|-weather|SunnyDay|[upkeep]\n|upkeep\n|\n|t:|1776202938\n|switch|p2b: Tyranitar|Tyranitar, L50, M|100/100\n|-weather|Sandstorm|[from] ability: Sand Stream|[of] p2b: Tyranitar\n|turn|3\n|\n|t:|1776202967\n|switch|p1b: Sneasler|Sneasler, L50, F|95/100\n|move|p1a: Greninja|Protect|p1a: Greninja\n|-singleturn|p1a: Greninja|Protect\n|move|p2b: Tyranitar|Knock Off|p1a: Greninja\n|-activate|p1a: Greninja|move: Protect\n|move|p2a: Rotom|Hydro Pump|p1b: Sneasler\n|-damage|p1b: Sneasler|25/100\n|\n|-weather|Sandstorm|[upkeep]\n|-damage|p1b: Sneasler|20/100|[from] Sandstorm\n|-damage|p1a: Greninja|72/100|[from] Sandstorm\n|-damage|p2a: Rotom|72/100|[from] Sandstorm\n|upkeep\n|turn|4\n|\n|t:|1776202987\n|switch|p1a: Ninetales|Ninetales, L50, F|76/100\n|-weather|SunnyDay|[from] ability: Drought|[of] p1a: Ninetales\n|move|p1b: Sneasler|Close Combat|p2a: Rotom\n|-damage|p2a: Rotom|0 fnt\n|-unboost|p1b: Sneasler|def|1\n|-unboost|p1b: Sneasler|spd|1\n|faint|p2a: Rotom\n|-enditem|p1b: Sneasler|White Herb\n|-clearnegativeboost|p1b: Sneasler|[silent]\n|move|p2b: Tyranitar|Knock Off|p1a: Ninetales\n|-damage|p1a: Ninetales|2/100\n|-enditem|p1a: Ninetales|Shuca Berry|[from] move: Knock Off|[of] p2b: Tyranitar\n|\n|-weather|SunnyDay|[upkeep]\n|upkeep\n|\n|t:|1776202998\n|switch|p2a: Charizard|Charizard, L50, M|100/100\n|turn|5\n|\n|t:|1776203010\n|switch|p1a: Politoed|Politoed, L50, F|100/100\n|-weather|RainDance|[from] ability: Drizzle|[of] p1a: Politoed\n|move|p1b: Sneasler|Close Combat|p2b: Tyranitar\n|-supereffective|p2b: Tyranitar|2\n|-damage|p2b: Tyranitar|0 fnt\n|-unboost|p1b: Sneasler|def|1\n|-unboost|p1b: Sneasler|spd|1\n|faint|p2b: Tyranitar\n|move|p2a: Charizard|Dragon Dance|p2a: Charizard\n|-boost|p2a: Charizard|atk|1\n|-boost|p2a: Charizard|spe|1\n|\n|-weather|RainDance|[upkeep]\n|upkeep\n|turn|6\n|inactive|kydr has 30 seconds left.\n|\n|t:|1776203043\n|detailschange|p2a: Charizard|Charizard-Mega-X, L50, M\n|-mega|p2a: Charizard|Charizard|Charizardite X\n|move|p1b: Sneasler|Dire Claw|p2a: Charizard\n|-damage|p2a: Charizard|64/100\n|move|p2a: Charizard|Dragon Claw|p1b: Sneasler\n|-damage|p1b: Sneasler|0 fnt\n|faint|p1b: Sneasler\n|move|p1a: Politoed|Earth Power|p2a: Charizard\n|-supereffective|p2a: Charizard|1\n|-damage|p2a: Charizard|25/100\n|\n|-weather|RainDance|[upkeep]\n|upkeep\n|\n|t:|1776203054\n|switch|p1b: Greninja|Greninja, L50, M|72/100\n|turn|7\n|c|\u2606Qloser|nice read\n|\n|t:|1776203062\n|move|p2a: Charizard|Protect|p2a: Charizard\n|-singleturn|p2a: Charizard|Protect\n|move|p1b: Greninja|Weather Ball|p2a: Charizard\n|-start|p1b: Greninja|typechange|Water|[from] ability: Protean\n|-activate|p2a: Charizard|move: Protect\n|move|p1a: Politoed|Earth Power|p2a: Charizard\n|-activate|p2a: Charizard|move: Protect\n|\n|-weather|RainDance|[upkeep]\n|upkeep\n|turn|8\n|\n|t:|1776203076\n|move|p2a: Charizard|Dragon Dance|p2a: Charizard\n|-boost|p2a: Charizard|atk|1\n|-boost|p2a: Charizard|spe|1\n|move|p1b: Greninja|Weather Ball|p2a: Charizard\n|-damage|p2a: Charizard|0 fnt\n|faint|p2a: Charizard\n|\n|win|kydr\n|raw|kydr's rating: 1313 &rarr; <strong>1329</strong><br />(+16 for winning)\n|raw|Qloser's rating: 1251 &rarr; <strong>1230</strong><br />(-21 for losing)\n",
  "uploadtime": 1776203076,
  "views": 44,
  "formatid": "gen9championsvgc2026regma",
  "rating": 1230,
  "private": 0,
  "password": null
}