{
  "id": "gen9championsvgc2026regma-2588453374",
  "format": "[Gen 9 Champions] VGC 2026 Reg M-A",
  "players": [
    "jonathan53332",
    "FudgeRipplez"
  ],
  "log": "|j|\u2606jonathan53332\n|j|\u2606FudgeRipplez\n|html|<table width=\"100%\"><tr><td align=\"left\">jonathan53332</td><td align=\"right\">FudgeRipplez</tr><tr><td align=\"left\"><i class=\"fa fa-circle-o\"></i> <i class=\"fa fa-circle-o\"></i> </td><td align=\"right\"><i class=\"fa fa-circle-o\"></i> <i class=\"fa fa-circle-o\"></i> </tr></table>\n|uhtml|bestof|<h2><strong>Game 1</strong> of <a href=\"/game-bestof3-gen9championsvgc2026regma-2588453373\">a best-of-3</a></h2>\n|t:|1776634867\n|gametype|doubles\n|player|p1|jonathan53332|102|\n|player|p2|FudgeRipplez|265|\n|gen|9\n|tier|[Gen 9 Champions] VGC 2026 Reg M-A\n|rule|Species Clause: Limit one of each Pok\u00e9mon\n|rule|Item Clause: Limit 1 of each item\n|raw|<div class=\"infobox\"><details class=\"readmore\" open><summary><strong>1 custom rule:</strong></summary> Best of = 3</details></div>\n|clearpoke\n|poke|p1|Meganium, L50, F, shiny|\n|poke|p1|Pelipper, L50, M|\n|poke|p1|Primarina, L50, F|\n|poke|p1|Sinistcha-Masterpiece, L50, shiny|\n|poke|p1|Archaludon, L50, F, shiny|\n|poke|p1|Empoleon, L50, F|\n|poke|p2|Victreebel, L50, F|\n|poke|p2|Maushold-Four, L50, shiny|\n|poke|p2|Hatterene, L50, F, shiny|\n|poke|p2|Farigiraf, L50, M|\n|poke|p2|Corviknight, L50, M, shiny|\n|poke|p2|Archaludon, L50, M|\n|teampreview|4\n|\n|t:|1776634900\n|teamsize|p1|4\n|teamsize|p2|4\n|start\n|switch|p1a: Meganium|Meganium, L50, F, shiny|100/100\n|switch|p1b: Pelipper|Pelipper, L50, M|100/100\n|switch|p2a: Hatterene|Hatterene, L50, F, shiny|100/100\n|switch|p2b: Farigiraf|Farigiraf, L50, M|100/100\n|-weather|RainDance|[from] ability: Drizzle|[of] p1b: Pelipper\n|turn|1\n|j| iamjalenhh\n|\n|t:|1776634929\n|detailschange|p1a: Meganium|Meganium-Mega, L50, F, shiny\n|-mega|p1a: Meganium|Meganium|Meganiumite\n|move|p1a: Meganium|Solar Beam||[still]\n|-prepare|p1a: Meganium|Solar Beam\n|-activate|p1a: Meganium|ability: Mega Sol\n|-anim|p1a: Meganium|Solar Beam|p2b: Farigiraf\n|-damage|p2b: Farigiraf|33/100\n|move|p1b: Pelipper|Icy Wind|p2b: Farigiraf|[spread] p2a,p2b\n|-damage|p2a: Hatterene|87/100\n|-damage|p2b: Farigiraf|19/100\n|-unboost|p2a: Hatterene|spe|1\n|-unboost|p2b: Farigiraf|spe|1\n|move|p2b: Farigiraf|Calm Mind|p2b: Farigiraf\n|-boost|p2b: Farigiraf|spa|1\n|-boost|p2b: Farigiraf|spd|1\n|move|p2a: Hatterene|Trick Room|p2a: Hatterene\n|-fieldstart|move: Trick Room|[of] p2a: Hatterene\n|\n|-weather|RainDance|[upkeep]\n|upkeep\n|turn|2\n|\n|t:|1776634961\n|move|p1b: Pelipper|Wide Guard|p1b: Pelipper\n|-singleturn|p1b: Pelipper|Wide Guard\n|move|p2a: Hatterene|Light Screen|p2a: Hatterene\n|-sidestart|p2: FudgeRipplez|move: Light Screen\n|move|p2b: Farigiraf|Dazzling Gleam|p1b: Pelipper|[spread] \n|-activate|p1a: Meganium|move: Wide Guard\n|-activate|p1b: Pelipper|move: Wide Guard\n|move|p1a: Meganium|Solar Beam||[still]\n|-prepare|p1a: Meganium|Solar Beam\n|-activate|p1a: Meganium|ability: Mega Sol\n|-anim|p1a: Meganium|Solar Beam|p2b: Farigiraf\n|-damage|p2b: Farigiraf|0 fnt\n|faint|p2b: Farigiraf\n|\n|-weather|RainDance|[upkeep]\n|upkeep\n|\n|t:|1776634973\n|switch|p2b: Victreebel|Victreebel, L50, F|100/100\n|turn|3\n|\n|t:|1776634987\n|detailschange|p2b: Victreebel|Victreebel-Mega, L50, F\n|-mega|p2b: Victreebel|Victreebel|Victreebelite\n|move|p1b: Pelipper|Wide Guard|p1b: Pelipper\n|-singleturn|p1b: Pelipper|Wide Guard\n|move|p2a: Hatterene|Reflect|p2a: Hatterene\n|-sidestart|p2: FudgeRipplez|Reflect\n|move|p2b: Victreebel|Toxic Spikes|p1b: Pelipper\n|-sidestart|p1: jonathan53332|move: Toxic Spikes\n|move|p1a: Meganium|Weather Ball|p2b: Victreebel\n|-supereffective|p2b: Victreebel|1\n|-damage|p2b: Victreebel|39/100\n|\n|-weather|RainDance|[upkeep]\n|upkeep\n|turn|4\n|\n|t:|1776635001\n|move|p2a: Hatterene|Dazzling Gleam|p1a: Meganium|[spread] p1a,p1b\n|-damage|p1a: Meganium|72/100\n|-damage|p1b: Pelipper|52/100\n|move|p2b: Victreebel|Strength Sap|p1a: Meganium\n|-unboost|p1a: Meganium|atk|1\n|-heal|p2b: Victreebel|92/100\n|move|p1b: Pelipper|Icy Wind|p2a: Hatterene|[spread] p2a,p2b\n|-supereffective|p2b: Victreebel|1\n|-damage|p2a: Hatterene|79/100\n|-damage|p2b: Victreebel|78/100\n|-unboost|p2a: Hatterene|spe|1\n|-unboost|p2b: Victreebel|spe|1\n|move|p1a: Meganium|Weather Ball|p2b: Victreebel\n|-supereffective|p2b: Victreebel|1\n|-damage|p2b: Victreebel|9/100\n|\n|-weather|RainDance|[upkeep]\n|upkeep\n|turn|5\n|\n|t:|1776635021\n|move|p1b: Pelipper|Wide Guard|p1b: Pelipper\n|-singleturn|p1b: Pelipper|Wide Guard\n|move|p2a: Hatterene|Dazzling Gleam|p1b: Pelipper|[spread] \n|-activate|p1a: Meganium|move: Wide Guard\n|-activate|p1b: Pelipper|move: Wide Guard\n|move|p2b: Victreebel|Strength Sap|p1b: Pelipper\n|-unboost|p1b: Pelipper|atk|1\n|-heal|p2b: Victreebel|42/100\n|move|p1a: Meganium|Weather Ball|p2b: Victreebel\n|-supereffective|p2b: Victreebel|1\n|-damage|p2b: Victreebel|0 fnt\n|-damage|p1a: Meganium|22/100|[from] ability: Innards Out|[of] p2b: Victreebel\n|faint|p2b: Victreebel\n|\n|-weather|none\n|-fieldend|move: Trick Room\n|upkeep\n|\n|t:|1776635031\n|switch|p2b: Archaludon|Archaludon, L50, M|100/100\n|turn|6\n|\n|t:|1776635040\n|move|p1a: Meganium|Weather Ball|p2b: Archaludon\n|-damage|p2b: Archaludon|62/100\n|-ability|p2b: Archaludon|Stamina|boost\n|-boost|p2b: Archaludon|def|1\n|move|p1b: Pelipper|Icy Wind|p2a: Hatterene|[spread] p2a,p2b\n|-damage|p2a: Hatterene|70/100\n|-damage|p2b: Archaludon|52/100\n|-unboost|p2a: Hatterene|spe|1\n|-unboost|p2b: Archaludon|spe|1\n|-ability|p2b: Archaludon|Stamina|boost\n|-boost|p2b: Archaludon|def|1\n|move|p2b: Archaludon|Thunderbolt|p1b: Pelipper\n|-supereffective|p1b: Pelipper|2\n|-damage|p1b: Pelipper|0 fnt\n|faint|p1b: Pelipper\n|move|p2a: Hatterene|Dazzling Gleam|p1a: Meganium\n|-damage|p1a: Meganium|0 fnt\n|faint|p1a: Meganium\n|\n|-heal|p2b: Archaludon|58/100|[from] item: Leftovers\n|-sideend|p2: FudgeRipplez|move: Light Screen\n|upkeep\n|\n|t:|1776635059\n|switch|p1a: Sinistcha|Sinistcha-Masterpiece, L50, shiny|100/100\n|switch|p1b: Primarina|Primarina, L50, F|100/100\n|-status|p1a: Sinistcha|psn\n|-status|p1b: Primarina|psn\n|turn|7\n|\n|t:|1776635078\n|move|p1a: Sinistcha|Shadow Ball|p2b: Archaludon\n|-damage|p2b: Archaludon|13/100\n|-unboost|p2b: Archaludon|spd|1\n|-ability|p2b: Archaludon|Stamina|boost\n|-boost|p2b: Archaludon|def|1\n|move|p1b: Primarina|Shadow Ball|p2b: Archaludon\n|-damage|p2b: Archaludon|0 fnt\n|faint|p2b: Archaludon\n|move|p2a: Hatterene|Light Screen|p2a: Hatterene\n|-sidestart|p2: FudgeRipplez|move: Light Screen\n|\n|-damage|p1a: Sinistcha|88/100 psn|[from] psn\n|-damage|p1b: Primarina|88/100 psn|[from] psn\n|-sideend|p2: FudgeRipplez|Reflect\n|upkeep\n|turn|8\n|\n|t:|1776635085\n|move|p1a: Sinistcha|Shadow Ball|p2a: Hatterene\n|-supereffective|p2a: Hatterene|1\n|-damage|p2a: Hatterene|9/100\n|move|p1b: Primarina|Shadow Ball|p2a: Hatterene\n|-supereffective|p2a: Hatterene|1\n|-damage|p2a: Hatterene|0 fnt\n|faint|p2a: Hatterene\n|\n|win|jonathan53332\n|l|\u2606FudgeRipplez\n|player|p2|\n|inactive|jonathan53332 has 30 seconds to confirm battle start!\n|inactive|FudgeRipplez has 30 seconds to confirm battle start!\n",
  "uploadtime": 1776635095,
  "views": 6,
  "formatid": "gen9championsvgc2026regma",
  "rating": null,
  "private": 0,
  "password": null
}