{
  "id": "gen9championsvgc2026regma-2586700229",
  "format": "[Gen 9 Champions] VGC 2026 Reg M-A",
  "players": [
    "6trom",
    "PotbellyDemon"
  ],
  "log": "|j|\u26066trom\n|j|\u2606PotbellyDemon\n|t:|1776453194\n|gametype|doubles\n|player|p1|6trom|bruno|1084\n|player|p2|PotbellyDemon|1|1171\n|gen|9\n|tier|[Gen 9 Champions] VGC 2026 Reg M-A\n|rated|\n|rule|Species Clause: Limit one of each Pok\u00e9mon\n|rule|Item Clause: Limit 1 of each item\n|clearpoke\n|poke|p1|Sinistcha-Masterpiece, L50|\n|poke|p1|Whimsicott, L50, F|\n|poke|p1|Gallade, L50, M|\n|poke|p1|Chandelure, L50, M|\n|poke|p1|Arcanine, L50, M|\n|poke|p1|Tyranitar, L50, M|\n|poke|p2|Charizard, L50, F|\n|poke|p2|Venusaur, L50, F|\n|poke|p2|Sneasler, L50, F|\n|poke|p2|Ninetales-Alola, L50, M|\n|poke|p2|Basculegion, L50, M|\n|poke|p2|Corviknight, L50, F|\n|teampreview|4\n6trom rejected open team sheets.\n|\n|t:|1776453210\n|teamsize|p1|4\n|teamsize|p2|4\n|start\n|switch|p1a: Whimsicott|Whimsicott, L50, F, shiny|100/100\n|switch|p1b: Chandelure|Chandelure, L50, M|100/100\n|switch|p2a: Basculegion|Basculegion, L50, M|100/100\n|switch|p2b: Ninetales|Ninetales-Alola, L50, M|100/100\n|-weather|Snowscape|[from] ability: Snow Warning|[of] p2b: Ninetales\n|turn|1\n|\n|t:|1776453228\n|detailschange|p1b: Chandelure|Chandelure-Mega, L50, M\n|-mega|p1b: Chandelure|Chandelure|Chandelurite\n|move|p1b: Chandelure|Protect|p1b: Chandelure\n|-singleturn|p1b: Chandelure|Protect\n|move|p1a: Whimsicott|Tailwind|p1a: Whimsicott\n|-sidestart|p1: 6trom|move: Tailwind\n|move|p2a: Basculegion|Flip Turn|p1b: Chandelure\n|-activate|p1b: Chandelure|move: Protect\n|move|p2b: Ninetales|Blizzard|p1b: Chandelure|[spread] p1a\n|-activate|p1b: Chandelure|move: Protect\n|-supereffective|p1a: Whimsicott|1\n|-damage|p1a: Whimsicott|13/100\n|\n|-weather|Snowscape|[upkeep]\n|upkeep\n|turn|2\n|\n|t:|1776453245\n|move|p1b: Chandelure|Shadow Ball|p2a: Basculegion\n|-supereffective|p2a: Basculegion|1\n|-damage|p2a: Basculegion|0 fnt\n|faint|p2a: Basculegion\n|move|p1a: Whimsicott|Dazzling Gleam|p2b: Ninetales\n|-damage|p2b: Ninetales|70/100\n|move|p2b: Ninetales|Aurora Veil|p2b: Ninetales\n|-sidestart|p2: PotbellyDemon|move: Aurora Veil\n|\n|-weather|Snowscape|[upkeep]\n|upkeep\n|\n|t:|1776453257\n|switch|p2a: Charizard|Charizard, L50, F|100/100\n|turn|3\n|\n|t:|1776453267\n|detailschange|p2a: Charizard|Charizard-Mega-X, L50, F\n|-mega|p2a: Charizard|Charizard|Charizardite X\n|move|p1a: Whimsicott|Encore|p2b: Ninetales\n|-start|p2b: Ninetales|Encore\n|move|p1b: Chandelure|Shadow Ball|p2a: Charizard\n|-damage|p2a: Charizard|33/100\n|-unboost|p2a: Charizard|spd|1\n|move|p2b: Ninetales|Aurora Veil||[still]\n|-fail|p2b: Ninetales\n|move|p2a: Charizard|Dragon Dance|p2a: Charizard\n|-boost|p2a: Charizard|atk|1\n|-boost|p2a: Charizard|spe|1\n|\n|-weather|Snowscape|[upkeep]\n|upkeep\n|turn|4\n|\n|t:|1776453284\n|switch|p2b: Sneasler|Sneasler, L50, F|100/100\n|move|p2a: Charizard|Protect|p2a: Charizard\n|-singleturn|p2a: Charizard|Protect\n|move|p1a: Whimsicott|Encore|p2a: Charizard\n|-activate|p2a: Charizard|move: Protect\n|move|p1b: Chandelure|Heat Wave|p2a: Charizard|[spread] \n|-activate|p2a: Charizard|move: Protect\n|-miss|p1b: Chandelure|p2b: Sneasler\n|\n|-weather|Snowscape|[upkeep]\n|-sideend|p1: 6trom|move: Tailwind\n|upkeep\n|turn|5\n|j| EnvySenpai\n|\n|t:|1776453301\n|move|p1b: Chandelure|Protect|p1b: Chandelure\n|-singleturn|p1b: Chandelure|Protect\n|move|p2b: Sneasler|Fake Out|p1a: Whimsicott\n|-damage|p1a: Whimsicott|2/100\n|cant|p1a: Whimsicott|flinch\n|move|p2a: Charizard|Dragon Claw|p1b: Chandelure\n|-activate|p1b: Chandelure|move: Protect\n|\n|-weather|none\n|upkeep\n|turn|6\n|\n|t:|1776453317\n|move|p1a: Whimsicott|Tailwind|p1a: Whimsicott\n|-sidestart|p1: 6trom|move: Tailwind\n|move|p1b: Chandelure|Shadow Ball|p2a: Charizard\n|-damage|p2a: Charizard|0 fnt\n|faint|p2a: Charizard\n|move|p2b: Sneasler|Dire Claw|p1a: Whimsicott\n|-supereffective|p1a: Whimsicott|2\n|-damage|p1a: Whimsicott|0 fnt\n|faint|p1a: Whimsicott\n|\n|-sideend|p2: PotbellyDemon|move: Aurora Veil\n|upkeep\n|-message|PotbellyDemon forfeited.\n|\n|win|6trom\n",
  "uploadtime": 1776453198,
  "views": 28,
  "formatid": "gen9championsvgc2026regma",
  "rating": null,
  "private": 0,
  "password": null
}