{
  "id": "gen9championsvgc2026regma-2580963539",
  "format": "[Gen 9 Champions] VGC 2026 Reg M-A",
  "players": [
    "Shreks General",
    "user638468287"
  ],
  "log": "|j|\u2606Shreks General\n|j|\u2606user638468287\n|t:|1775947154\n|gametype|doubles\n|player|p1|Shreks General|larry|1129\n|player|p2|user638468287|265|1056\n|gen|9\n|tier|[Gen 9 Champions] VGC 2026 Reg M-A\n|rated|\n|rule|Species Clause: Limit one of each Pok\u00e9mon\n|rule|Item Clause: Limit 1 of each item\n|clearpoke\n|poke|p1|Dragonite, L50, F|\n|poke|p1|Pelipper, L50, F|\n|poke|p1|Archaludon, L50, M|\n|poke|p1|Basculegion, L50, M|\n|poke|p1|Sinistcha, L50|\n|poke|p1|Garchomp, L50, F|\n|poke|p2|Excadrill, L50, M|\n|poke|p2|Tyranitar, L50, M|\n|poke|p2|Incineroar, L50, M|\n|poke|p2|Sinistcha-Masterpiece, L50|\n|poke|p2|Alcremie-Rainbow-Swirl, L50, F|\n|poke|p2|Dragapult, L50, F|\n|teampreview|4\n|inactive|Battle timer is ON: inactive players will automatically lose when time's up. (requested by Shreks General)\n|inactive|user638468287 has 60 seconds left.\n|inactive|user638468287 has 30 seconds left.\n|inactive|user638468287 has 20 seconds left.\n|inactive|user638468287 has 15 seconds left.\n|inactive|user638468287 has 10 seconds left.\n|\n|t:|1775947238\n|teamsize|p1|4\n|teamsize|p2|4\n|start\n|switch|p1a: Dragonite|Dragonite, L50, F|100/100\n|switch|p1b: Basculegion|Basculegion, L50, M|100/100\n|switch|p2a: Luca Laurenti|Incineroar, L50, M|100/100\n|switch|p2b: Dragapult|Dragapult, L50, F|100/100\n|-ability|p2a: Luca Laurenti|Intimidate|boost\n|-fail|p1a: Dragonite|unboost|Attack|[from] ability: Inner Focus|[of] p1a: Dragonite\n|-unboost|p1b: Basculegion|atk|1\n|turn|1\n|\n|t:|1775947262\n|move|p2a: Luca Laurenti|Fake Out|p1a: Dragonite\n|-damage|p1a: Dragonite|90/100\n|move|p2b: Dragapult|Will-O-Wisp|p1b: Basculegion\n|-status|p1b: Basculegion|brn\n|move|p1b: Basculegion|Flip Turn|p2b: Dragapult\n|-resisted|p2b: Dragapult|1\n|-damage|p2b: Dragapult|92/100\n|\n|t:|1775947271\n|switch|p1b: Pelipper|Pelipper, L50, F|100/100|[from] Flip Turn\n|-weather|RainDance|[from] ability: Drizzle|[of] p1b: Pelipper\n|move|p1a: Dragonite|Tailwind|p1a: Dragonite\n|-sidestart|p1: Shreks General|move: Tailwind\n|\n|-weather|RainDance|[upkeep]\n|upkeep\n|turn|2\n|\n|t:|1775947285\n|switch|p2a: Paolo Bonolis|Tyranitar, L50, M|100/100\n|-weather|Sandstorm|[from] ability: Sand Stream|[of] p2a: Paolo Bonolis\n|detailschange|p1a: Dragonite|Dragonite-Mega, L50, F\n|-mega|p1a: Dragonite|Dragonite|Dragoninite\n|move|p1a: Dragonite|Draco Meteor|p2b: Dragapult\n|-supereffective|p2b: Dragapult|1\n|-damage|p2b: Dragapult|0 fnt\n|-unboost|p1a: Dragonite|spa|2\n|faint|p2b: Dragapult\n|move|p1b: Pelipper|Weather Ball|p2a: Paolo Bonolis\n|-damage|p2a: Paolo Bonolis|82/100\n|\n|-weather|Sandstorm|[upkeep]\n|-damage|p1a: Dragonite|84/100|[from] Sandstorm\n|-damage|p1b: Pelipper|95/100|[from] Sandstorm\n|upkeep\n|\n|t:|1775947309\n|switch|p2b: Luca Laurenti|Incineroar, L50, M|100/100\n|-ability|p2b: Luca Laurenti|Intimidate|boost\n|-unboost|p1a: Dragonite|atk|1\n|-unboost|p1b: Pelipper|atk|1\n|turn|3\n|inactive|user638468287 has 30 seconds left.\n|\n|t:|1775947344\n|switch|p1a: Basculegion|Basculegion, L50, M|100/100 brn\n|detailschange|p2a: Paolo Bonolis|Tyranitar-Mega, L50, M\n|-mega|p2a: Paolo Bonolis|Tyranitar|Tyranitarite\n|move|p2b: Luca Laurenti|Fake Out|p1b: Pelipper\n|-damage|p1b: Pelipper|82/100\n|cant|p1b: Pelipper|flinch\n|move|p2a: Paolo Bonolis|Rock Slide|p1b: Pelipper|[spread] p1a,p1b\n|-supereffective|p1b: Pelipper|1\n|-damage|p1a: Basculegion|64/100 brn\n|-damage|p1b: Pelipper|0 fnt\n|faint|p1b: Pelipper\n|\n|-weather|Sandstorm|[upkeep]\n|-damage|p1a: Basculegion|57/100 brn|[from] Sandstorm\n|-damage|p2b: Luca Laurenti|95/100|[from] Sandstorm\n|-damage|p1a: Basculegion|51/100 brn|[from] brn\n|upkeep\n|\n|t:|1775947355\n|switch|p1b: Archaludon|Archaludon, L50, M|100/100\n|turn|4\n|\n|t:|1775947372\n|move|p2a: Paolo Bonolis|Protect|p2a: Paolo Bonolis\n|-singleturn|p2a: Paolo Bonolis|Protect\n|move|p1a: Basculegion|Wave Crash|p2a: Paolo Bonolis\n|-activate|p2a: Paolo Bonolis|move: Protect\n|move|p1b: Archaludon|Draco Meteor|p2b: Luca Laurenti\n|-damage|p2b: Luca Laurenti|50/100\n|-unboost|p1b: Archaludon|spa|2\n|move|p2b: Luca Laurenti|Parting Shot|p1b: Archaludon\n|-unboost|p1b: Archaludon|atk|1\n|-unboost|p1b: Archaludon|spa|1\n|\n|t:|1775947382\n|switch|p2b: The tazza|Sinistcha-Masterpiece, L50|100/100|[from] Parting Shot\n|-heal|p2a: Paolo Bonolis|100/100|[from] ability: Hospitality|[of] p2b: The tazza\n|\n|-weather|Sandstorm|[upkeep]\n|-damage|p1a: Basculegion|45/100 brn|[from] Sandstorm\n|-damage|p2b: The tazza|94/100|[from] Sandstorm\n|-heal|p2b: The tazza|100/100|[from] item: Leftovers\n|-damage|p1a: Basculegion|39/100 brn|[from] brn\n|-sideend|p1: Shreks General|move: Tailwind\n|upkeep\n|turn|5\n|\n|t:|1775947397\n|switch|p1a: Dragonite|Dragonite-Mega, L50, F|84/100\n|move|p1b: Archaludon|Flash Cannon|p2a: Paolo Bonolis\n|-supereffective|p2a: Paolo Bonolis|1\n|-damage|p2a: Paolo Bonolis|85/100\n|move|p2a: Paolo Bonolis|Snarl|p1a: Dragonite|[spread] p1a,p1b\n|-crit|p1b: Archaludon\n|-damage|p1a: Dragonite|72/100\n|-damage|p1b: Archaludon|70/100\n|-unboost|p1a: Dragonite|spa|1\n|-unboost|p1b: Archaludon|spa|1\n|move|p2b: The tazza|Matcha Gotcha|p1a: Dragonite|[spread] p1b\n|-miss|p2b: The tazza|p1a: Dragonite\n|-resisted|p1b: Archaludon|2\n|-damage|p1b: Archaludon|60/100\n|\n|-weather|Sandstorm|[upkeep]\n|-damage|p1a: Dragonite|66/100|[from] Sandstorm\n|-damage|p2b: The tazza|94/100|[from] Sandstorm\n|-heal|p2b: The tazza|100/100|[from] item: Leftovers\n|upkeep\n|turn|6\n|inactive|user638468287 has 30 seconds left.\n|inactive|user638468287 has 20 seconds left.\n|inactive|user638468287 has 15 seconds left.\n|inactive|user638468287 has 10 seconds left.\n|inactive|user638468287 has 5 seconds left.\n|\n|t:|1775947448\n|switch|p1b: Basculegion|Basculegion, L50, M|39/100 brn\n|move|p1a: Dragonite|Hurricane|p2b: The tazza|[miss]\n|-miss|p1a: Dragonite|p2b: The tazza\n|move|p2b: The tazza|Matcha Gotcha|p1a: Dragonite|[spread] p1a,p1b\n|-resisted|p1a: Dragonite|2\n|-supereffective|p1b: Basculegion|1\n|-damage|p1a: Dragonite|61/100\n|-damage|p1b: Basculegion|0 fnt\n|faint|p1b: Basculegion\n|move|p2a: Paolo Bonolis|Snarl|p1a: Dragonite\n|-damage|p1a: Dragonite|43/100\n|-unboost|p1a: Dragonite|spa|1\n|\n|-weather|none\n|upkeep\n|\n|t:|1775947461\n|switch|p1b: Archaludon|Archaludon, L50, M|60/100\n|turn|7\n|\n|t:|1775947476\n|switch|p2a: Luca Laurenti|Incineroar, L50, M|50/100\n|-ability|p2a: Luca Laurenti|Intimidate|boost\n|-unboost|p1a: Dragonite|atk|1\n|-unboost|p1b: Archaludon|atk|1\n|move|p1a: Dragonite|Hurricane|p2b: The tazza\n|-supereffective|p2b: The tazza|1\n|-damage|p2b: The tazza|26/100\n|-start|p2b: The tazza|confusion\n|move|p1b: Archaludon|Flash Cannon|p2a: Luca Laurenti\n|-resisted|p2a: Luca Laurenti|1\n|-damage|p2a: Luca Laurenti|37/100\n|-activate|p2b: The tazza|confusion\n|move|p2b: The tazza|Trick Room|p2b: The tazza\n|-fieldstart|move: Trick Room|[of] p2b: The tazza\n|\n|-heal|p2b: The tazza|33/100|[from] item: Leftovers\n|upkeep\n|turn|8\n|inactive|Shreks General has 30 seconds left.\n|inactive|user638468287 has 30 seconds left.\n|inactive|Shreks General has 20 seconds left.\n|inactive|user638468287 has 20 seconds left.\n|inactive|Shreks General has 15 seconds left.\n|\n|t:|1775947520\n|move|p1b: Archaludon|Protect|p1b: Archaludon\n|-singleturn|p1b: Archaludon|Protect\n|-activate|p2b: The tazza|confusion\n|-damage|p2b: The tazza|26/100|[from] confusion\n|move|p2a: Luca Laurenti|Parting Shot|p1b: Archaludon\n|-activate|p1b: Archaludon|move: Protect\n|move|p1a: Dragonite|Hurricane|p2a: Luca Laurenti\n|-damage|p2a: Luca Laurenti|13/100\n|\n|-heal|p2b: The tazza|33/100|[from] item: Leftovers\n|upkeep\n|turn|9\n|\n|t:|1775947542\n|-activate|p2b: The tazza|confusion\n|-damage|p2b: The tazza|27/100|[from] confusion\n|move|p2a: Luca Laurenti|Parting Shot|p1b: Archaludon\n|-unboost|p1b: Archaludon|atk|1\n|-unboost|p1b: Archaludon|spa|1\n|\n|t:|1775947547\n|switch|p2a: Paolo Bonolis|Tyranitar-Mega, L50, M|85/100|[from] Parting Shot\n|-weather|Sandstorm|[from] ability: Sand Stream|[of] p2a: Paolo Bonolis\n|move|p1b: Archaludon|Flash Cannon|p2a: Paolo Bonolis\n|-supereffective|p2a: Paolo Bonolis|1\n|-damage|p2a: Paolo Bonolis|61/100\n|move|p1a: Dragonite|Hurricane|p2b: The tazza\n|-supereffective|p2b: The tazza|1\n|-damage|p2b: The tazza|0 fnt\n|faint|p2b: The tazza\n|\n|-weather|Sandstorm|[upkeep]\n|-damage|p1a: Dragonite|37/100|[from] Sandstorm\n|upkeep\n|\n|t:|1775947556\n|switch|p2b: Luca Laurenti|Incineroar, L50, M|13/100\n|-ability|p2b: Luca Laurenti|Intimidate|boost\n|-unboost|p1a: Dragonite|atk|1\n|-unboost|p1b: Archaludon|atk|1\n|turn|10\n|\n|t:|1775947575\n|move|p1b: Archaludon|Protect|p1b: Archaludon\n|-singleturn|p1b: Archaludon|Protect\n|move|p2b: Luca Laurenti|Fake Out|p1b: Archaludon\n|-activate|p1b: Archaludon|move: Protect\n|move|p2a: Paolo Bonolis|Snarl|p1b: Archaludon|[spread] \n|-activate|p1b: Archaludon|move: Protect\n|-miss|p2a: Paolo Bonolis|p1a: Dragonite\n|move|p1a: Dragonite|Hurricane|p2b: Luca Laurenti\n|-damage|p2b: Luca Laurenti|0 fnt\n|faint|p2b: Luca Laurenti\n|\n|-weather|Sandstorm|[upkeep]\n|-damage|p1a: Dragonite|32/100|[from] Sandstorm\n|upkeep\n|turn|11\n|\n|t:|1775947592\n|move|p1a: Dragonite|Protect|p1a: Dragonite\n|-singleturn|p1a: Dragonite|Protect\n|move|p2a: Paolo Bonolis|Snarl|p1a: Dragonite|[spread] p1b\n|-activate|p1a: Dragonite|move: Protect\n|-damage|p1b: Archaludon|40/100\n|-unboost|p1b: Archaludon|spa|1\n|move|p1b: Archaludon|Flash Cannon|p2a: Paolo Bonolis\n|-supereffective|p2a: Paolo Bonolis|1\n|-damage|p2a: Paolo Bonolis|41/100\n|\n|-weather|Sandstorm|[upkeep]\n|-damage|p1a: Dragonite|26/100|[from] Sandstorm\n|-fieldend|move: Trick Room\n|upkeep\n|turn|12\n|\n|t:|1775947612\n|move|p1a: Dragonite|Draco Meteor|p2a: Paolo Bonolis\n|-damage|p2a: Paolo Bonolis|22/100\n|-unboost|p1a: Dragonite|spa|2\n|move|p1b: Archaludon|Flash Cannon|p2a: Paolo Bonolis\n|-supereffective|p2a: Paolo Bonolis|1\n|-damage|p2a: Paolo Bonolis|1/100\n|move|p2a: Paolo Bonolis|Snarl|p1a: Dragonite|[spread] p1a,p1b\n|-damage|p1a: Dragonite|13/100\n|-damage|p1b: Archaludon|18/100\n|-unboost|p1a: Dragonite|spa|1\n|-unboost|p1b: Archaludon|spa|1\n|\n|-weather|Sandstorm|[upkeep]\n|-damage|p1a: Dragonite|7/100|[from] Sandstorm\n|upkeep\n|turn|13\n|\n|t:|1775947622\n|move|p2a: Paolo Bonolis|Protect|p2a: Paolo Bonolis\n|-singleturn|p2a: Paolo Bonolis|Protect\n|move|p1a: Dragonite|Draco Meteor|p2a: Paolo Bonolis\n|-activate|p2a: Paolo Bonolis|move: Protect\n|move|p1b: Archaludon|Flash Cannon|p2a: Paolo Bonolis\n|-activate|p2a: Paolo Bonolis|move: Protect\n|\n|-weather|none\n|upkeep\n|turn|14\n|-message|user638468287 forfeited.\n|\n|win|Shreks General\n|raw|Shreks General's rating: 1129 &rarr; <strong>1149</strong><br />(+20 for winning)\n|raw|user638468287's rating: 1056 &rarr; <strong>1041</strong><br />(-15 for losing)\n|l|\u2606user638468287\n|player|p2|\n",
  "uploadtime": 1775947647,
  "views": 11,
  "formatid": "gen9championsvgc2026regma",
  "rating": 1041,
  "private": 0,
  "password": null
}