{
  "id": "gen9championsvgc2026regma-2585193857",
  "format": "[Gen 9 Champions] VGC 2026 Reg M-A",
  "players": [
    "MDewayne",
    "Prtbl_Trash"
  ],
  "log": "|j|\u2606MDewayne\n|j|\u2606Prtbl_Trash\n|t:|1776323414\n|gametype|doubles\n|player|p1|MDewayne|1|1152\n|player|p2|Prtbl_Trash|ortega|1066\n|gen|9\n|tier|[Gen 9 Champions] VGC 2026 Reg M-A\n|rated|\n|rule|Species Clause: Limit one of each Pok\u00e9mon\n|rule|Item Clause: Limit 1 of each item\n|clearpoke\n|poke|p1|Corviknight, L50, M|\n|poke|p1|Gallade, L50, M|\n|poke|p1|Ninetales-Alola, L50, F|\n|poke|p1|Blastoise, L50, M|\n|poke|p1|Maushold, L50|\n|poke|p1|Garchomp, L50, F|\n|poke|p2|Chimecho, L50, F|\n|poke|p2|Incineroar, L50, M|\n|poke|p2|Garchomp, L50, F|\n|poke|p2|Sinistcha, L50|\n|poke|p2|Rotom-Wash, L50|\n|poke|p2|Liepard, L50, F|\n|teampreview|4\n|\n|t:|1776323433\n|teamsize|p1|4\n|teamsize|p2|4\n|start\n|switch|p1a: Corviknight|Corviknight, L50, M|100/100\n|switch|p1b: Ninetales|Ninetales-Alola, L50, F, shiny|100/100\n|switch|p2a: Chimecho|Chimecho, L50, F|100/100\n|switch|p2b: Liepard|Liepard, L50, F|100/100\n|-weather|Snowscape|[from] ability: Snow Warning|[of] p1b: Ninetales\n|turn|1\n|\n|t:|1776323457\n|detailschange|p2a: Chimecho|Chimecho-Mega, L50, F\n|-mega|p2a: Chimecho|Chimecho|Chimechite\n|move|p1b: Ninetales|Protect|p1b: Ninetales\n|-singleturn|p1b: Ninetales|Protect\n|move|p1a: Corviknight|Protect|p1a: Corviknight\n|-singleturn|p1a: Corviknight|Protect\n|move|p2b: Liepard|Rain Dance|p2b: Liepard\n|-weather|RainDance\n|move|p2a: Chimecho|Calm Mind|p2a: Chimecho\n|-boost|p2a: Chimecho|spa|1\n|-boost|p2a: Chimecho|spd|1\n|\n|-weather|RainDance|[upkeep]\n|upkeep\n|turn|2\n|\n|t:|1776323476\n|move|p2b: Liepard|Thunder Wave|p1b: Ninetales\n|-status|p1b: Ninetales|par\n|move|p1a: Corviknight|Iron Head|p2a: Chimecho\n|-resisted|p2a: Chimecho|1\n|-damage|p2a: Chimecho|89/100\n|cant|p2a: Chimecho|flinch\n|move|p1b: Ninetales|Moonblast|p2b: Liepard\n|-supereffective|p2b: Liepard|1\n|-enditem|p2b: Liepard|Focus Sash\n|-damage|p2b: Liepard|1/100\n|\n|-weather|RainDance|[upkeep]\n|upkeep\n|turn|3\n|\n|t:|1776323503\n|move|p2b: Liepard|Thunder Wave|p1a: Corviknight|[miss]\n|-miss|p2b: Liepard|p1a: Corviknight\n|move|p1a: Corviknight|Body Press|p2b: Liepard\n|-supereffective|p2b: Liepard|1\n|-damage|p2b: Liepard|0 fnt\n|faint|p2b: Liepard\n|move|p2a: Chimecho|Calm Mind|p2a: Chimecho\n|-boost|p2a: Chimecho|spa|1\n|-boost|p2a: Chimecho|spd|1\n|move|p1b: Ninetales|Nasty Plot|p1b: Ninetales\n|-boost|p1b: Ninetales|spa|2\n|\n|-weather|RainDance|[upkeep]\n|upkeep\n|\n|t:|1776323519\n|switch|p2b: Sinistcha|Sinistcha, L50|100/100\n|-heal|p2a: Chimecho|100/100|[from] ability: Hospitality|[of] p2b: Sinistcha\n|turn|4\n|\n|t:|1776323527\n|move|p1a: Corviknight|Iron Head|p2a: Chimecho\n|-resisted|p2a: Chimecho|1\n|-damage|p2a: Chimecho|88/100\n|move|p2b: Sinistcha|Matcha Gotcha|p1a: Corviknight|[spread] p1b\n|-miss|p2b: Sinistcha|p1a: Corviknight\n|-damage|p1b: Ninetales|74/100 par\n|move|p2a: Chimecho|Calm Mind|p2a: Chimecho\n|-boost|p2a: Chimecho|spa|1\n|-boost|p2a: Chimecho|spd|1\n|move|p1b: Ninetales|Freeze-Dry|p2b: Sinistcha\n|-supereffective|p2b: Sinistcha|1\n|-damage|p2b: Sinistcha|0 fnt\n|faint|p2b: Sinistcha\n|\n|-weather|RainDance|[upkeep]\n|upkeep\n|\n|t:|1776323541\n|switch|p2b: Incineroar|Incineroar, L50, M|100/100\n|-ability|p2b: Incineroar|Intimidate|boost\n|-ability|p1a: Corviknight|Mirror Armor\n|-unboost|p2b: Incineroar|atk|1\n|-unboost|p1b: Ninetales|atk|1\n|turn|5\n|\n|t:|1776323554\n|move|p1a: Corviknight|Protect|p1a: Corviknight\n|-singleturn|p1a: Corviknight|Protect\n|move|p1b: Ninetales|Protect|p1b: Ninetales\n|-singleturn|p1b: Ninetales|Protect\n|move|p2b: Incineroar|Fake Out|p1a: Corviknight\n|-activate|p1a: Corviknight|move: Protect\n|move|p2a: Chimecho|Calm Mind|p2a: Chimecho\n|-boost|p2a: Chimecho|spa|1\n|-boost|p2a: Chimecho|spd|1\n|\n|-weather|none\n|upkeep\n|turn|6\n|\n|t:|1776323571\n|move|p1a: Corviknight|Body Press|p2b: Incineroar\n|-supereffective|p2b: Incineroar|1\n|-damage|p2b: Incineroar|65/100\n|move|p2a: Chimecho|Calm Mind|p2a: Chimecho\n|-boost|p2a: Chimecho|spa|1\n|-boost|p2a: Chimecho|spd|1\n|move|p2b: Incineroar|Flare Blitz|p1a: Corviknight\n|-supereffective|p1a: Corviknight|1\n|-damage|p1a: Corviknight|50/100\n|-status|p1a: Corviknight|brn\n|-damage|p2b: Incineroar|49/100|[from] Recoil\n|-enditem|p2b: Incineroar|Sitrus Berry|[eat]\n|-heal|p2b: Incineroar|74/100|[from] item: Sitrus Berry\n|cant|p1b: Ninetales|par\n|\n|-heal|p1a: Corviknight|56/100 brn|[from] item: Leftovers\n|-damage|p1a: Corviknight|50/100 brn|[from] brn\n|upkeep\n|turn|7\n|\n|t:|1776323597\n|move|p1a: Corviknight|Body Press|p2b: Incineroar\n|-supereffective|p2b: Incineroar|1\n|-damage|p2b: Incineroar|57/100\n|move|p2b: Incineroar|Snarl|p1b: Ninetales|[spread] p1a,p1b\n|-resisted|p1b: Ninetales|1\n|-damage|p1a: Corviknight|40/100 brn\n|-damage|p1b: Ninetales|68/100 par\n|-ability|p1a: Corviknight|Mirror Armor\n|-unboost|p2b: Incineroar|spa|1\n|-unboost|p1b: Ninetales|spa|1\n|move|p2a: Chimecho|Calm Mind|p2a: Chimecho\n|-boost|p2a: Chimecho|spa|1\n|-boost|p2a: Chimecho|spd|1\n|move|p1b: Ninetales|Moonblast|p2b: Incineroar\n|-damage|p2b: Incineroar|5/100\n|\n|-heal|p1a: Corviknight|46/100 brn|[from] item: Leftovers\n|-damage|p1a: Corviknight|40/100 brn|[from] brn\n|upkeep\n|turn|8\n|\n|t:|1776323620\n|move|p1a: Corviknight|Body Press|p2b: Incineroar\n|-supereffective|p2b: Incineroar|1\n|-damage|p2b: Incineroar|0 fnt\n|faint|p2b: Incineroar\n|move|p2a: Chimecho|Draining Kiss|p1b: Ninetales\n|-damage|p1b: Ninetales|2/100 par\n|-heal|p2a: Chimecho|100/100|[from] drain|[of] p1b: Ninetales\n|move|p1b: Ninetales|Moonblast|p2a: Chimecho\n|-resisted|p2a: Chimecho|1\n|-damage|p2a: Chimecho|96/100\n|\n|-heal|p1a: Corviknight|46/100 brn|[from] item: Leftovers\n|-damage|p1a: Corviknight|40/100 brn|[from] brn\n|upkeep\n|turn|9\n|\n|t:|1776323640\n|move|p1a: Corviknight|Iron Head|p2a: Chimecho\n|-resisted|p2a: Chimecho|1\n|-damage|p2a: Chimecho|89/100\n|cant|p2a: Chimecho|flinch\n|move|p1b: Ninetales|Moonblast|p2a: Chimecho\n|-resisted|p2a: Chimecho|1\n|-damage|p2a: Chimecho|85/100\n|\n|-heal|p1a: Corviknight|46/100 brn|[from] item: Leftovers\n|-damage|p1a: Corviknight|40/100 brn|[from] brn\n|upkeep\n|turn|10\n|\n|t:|1776323660\n|move|p1a: Corviknight|Iron Head|p2a: Chimecho\n|-resisted|p2a: Chimecho|1\n|-damage|p2a: Chimecho|78/100\n|move|p2a: Chimecho|Draining Kiss|p1a: Corviknight\n|-resisted|p1a: Corviknight|1\n|-damage|p1a: Corviknight|12/100 brn\n|-heal|p2a: Chimecho|100/100|[from] drain|[of] p1a: Corviknight\n|move|p1b: Ninetales|Moonblast|p2a: Chimecho\n|-resisted|p2a: Chimecho|1\n|-damage|p2a: Chimecho|96/100\n|\n|-heal|p1a: Corviknight|18/100 brn|[from] item: Leftovers\n|-damage|p1a: Corviknight|12/100 brn|[from] brn\n|upkeep\n|turn|11\n|\n|t:|1776323678\n|move|p1a: Corviknight|Iron Head|p2a: Chimecho\n|-resisted|p2a: Chimecho|1\n|-damage|p2a: Chimecho|91/100\n|move|p2a: Chimecho|Draining Kiss|p1a: Corviknight\n|-resisted|p1a: Corviknight|1\n|-damage|p1a: Corviknight|0 fnt\n|-heal|p2a: Chimecho|99/100|[from] drain|[of] p1a: Corviknight\n|faint|p1a: Corviknight\n|cant|p1b: Ninetales|par\n|\n|upkeep\n|\n|t:|1776323688\n|switch|p1a: Garchomp|Garchomp, L50, F|100/100\n|turn|12\n|\n|t:|1776323701\n|move|p1a: Garchomp|Iron Head|p2a: Chimecho\n|-resisted|p2a: Chimecho|1\n|-damage|p2a: Chimecho|89/100\n|move|p2a: Chimecho|Draining Kiss|p1a: Garchomp\n|-supereffective|p1a: Garchomp|1\n|-enditem|p1a: Garchomp|Roseli Berry|[eat]\n|-enditem|p1a: Garchomp|Roseli Berry|[weaken]\n|-damage|p1a: Garchomp|43/100\n|-heal|p2a: Chimecho|100/100|[from] drain|[of] p1a: Garchomp\n|-damage|p2a: Chimecho|88/100|[from] ability: Rough Skin|[of] p1a: Garchomp\n|move|p1b: Ninetales|Nasty Plot|p1b: Ninetales\n|-boost|p1b: Ninetales|spa|2\n|\n|upkeep\n|turn|13\n|\n|t:|1776323720\n|move|p1a: Garchomp|Rock Slide|p2a: Chimecho\n|-resisted|p2a: Chimecho|1\n|-damage|p2a: Chimecho|78/100\n|move|p2a: Chimecho|Draining Kiss|p1a: Garchomp\n|-supereffective|p1a: Garchomp|1\n|-damage|p1a: Garchomp|0 fnt\n|-heal|p2a: Chimecho|100/100|[from] drain|[of] p1a: Garchomp\n|-damage|p2a: Chimecho|88/100|[from] ability: Rough Skin|[of] p1a: Garchomp\n|faint|p1a: Garchomp\n|move|p1b: Ninetales|Moonblast|p2a: Chimecho\n|-resisted|p2a: Chimecho|1\n|-damage|p2a: Chimecho|81/100\n|\n|upkeep\n|\n|t:|1776323733\n|switch|p1a: Gallade|Gallade, L50, M, shiny|100/100\n|turn|14\n|\n|t:|1776323743\n|detailschange|p1a: Gallade|Gallade-Mega, L50, M, shiny\n|-mega|p1a: Gallade|Gallade|Galladite\n|move|p1a: Gallade|Shadow Claw|p2a: Chimecho\n|-supereffective|p2a: Chimecho|1\n|-damage|p2a: Chimecho|33/100\n|move|p2a: Chimecho|Draining Kiss|p1a: Gallade\n|-supereffective|p1a: Gallade|1\n|-damage|p1a: Gallade|0 fnt\n|-heal|p2a: Chimecho|97/100|[from] drain|[of] p1a: Gallade\n|faint|p1a: Gallade\n|move|p1b: Ninetales|Moonblast|p2a: Chimecho\n|-resisted|p2a: Chimecho|1\n|-damage|p2a: Chimecho|89/100\n|\n|upkeep\n|turn|15\n|\n|t:|1776323763\n|move|p2a: Chimecho|Draining Kiss|p1b: Ninetales\n|-damage|p1b: Ninetales|0 fnt\n|-heal|p2a: Chimecho|90/100|[from] drain|[of] p1b: Ninetales\n|faint|p1b: Ninetales\n|\n|win|Prtbl_Trash\n|raw|MDewayne's rating: 1152 &rarr; <strong>1121</strong><br />(-31 for losing)\n|raw|Prtbl_Trash's rating: 1066 &rarr; <strong>1103</strong><br />(+37 for winning)\n|l|\u2606MDewayne\n|player|p1|\n",
  "uploadtime": 1776323775,
  "views": 49,
  "formatid": "gen9championsvgc2026regma",
  "rating": 1103,
  "private": 0,
  "password": null
}