{
  "id": "gen9championsvgc2026regma-2587181244",
  "format": "[Gen 9 Champions] VGC 2026 Reg M-A",
  "players": [
    "MinasDevilCrobats",
    "MiraidonGaming"
  ],
  "log": "|j|\u2606MinasDevilCrobats\n|j|\u2606MiraidonGaming\n|t:|1776505294\n|gametype|doubles\n|player|p1|MinasDevilCrobats|darach-caitlin|1405\n|player|p2|MiraidonGaming|lucas|1404\n|gen|9\n|tier|[Gen 9 Champions] VGC 2026 Reg M-A\n|rated|\n|rule|Species Clause: Limit one of each Pok\u00e9mon\n|rule|Item Clause: Limit 1 of each item\n|clearpoke\n|poke|p1|Delphox, L50, F|\n|poke|p1|Glimmora, L50, M|\n|poke|p1|Garchomp, L50, F|\n|poke|p1|Rotom-Wash, L50|\n|poke|p1|Corviknight, L50, F|\n|poke|p1|Ninetales-Alola, L50, M|\n|poke|p2|Typhlosion-Hisui, L50, M|\n|poke|p2|Charizard, L50, F|\n|poke|p2|Liepard, L50, M|\n|poke|p2|Venusaur, L50, M|\n|poke|p2|Quaquaval, L50, F|\n|poke|p2|Weavile, L50, M|\n|teampreview|4\n|\n|t:|1776505353\n|teamsize|p1|4\n|teamsize|p2|4\n|start\n|switch|p1a: Glimmora|Glimmora, L50, M|100/100\n|switch|p1b: Garchomp|Garchomp, L50, F|100/100\n|switch|p2a: Typhlosion|Typhlosion-Hisui, L50, M|100/100\n|switch|p2b: Charizard|Charizard, L50, F|100/100\n|-item|p1a: Glimmora|Glimmoranite|[from] ability: Frisk|[of] p2a: Typhlosion\n|-item|p1b: Garchomp|Choice Scarf|[from] ability: Frisk|[of] p2a: Typhlosion\n|turn|1\n|\n|t:|1776505367\n|switch|p2b: Kota|Liepard, L50, M|100/100\n|detailschange|p1a: Glimmora|Glimmora-Mega, L50, M\n|-mega|p1a: Glimmora|Glimmora|Glimmoranite\n|move|p1b: Garchomp|Rock Slide|p2b: Kota|[spread] p2a,p2b\n|-supereffective|p2a: Typhlosion|1\n|-damage|p2a: Typhlosion|46/100\n|-damage|p2b: Kota|59/100\n|move|p2a: Typhlosion|Eruption|p1a: Glimmora|[spread] p1a,p1b\n|-resisted|p1a: Glimmora|1\n|-resisted|p1b: Garchomp|1\n|-damage|p1a: Glimmora|85/100\n|-damage|p1b: Garchomp|87/100\n|move|p1a: Glimmora|Substitute|p1a: Glimmora\n|-start|p1a: Glimmora|Substitute\n|-damage|p1a: Glimmora|60/100\n|\n|upkeep\n|turn|2\n|\n|t:|1776505383\n|move|p2b: Kota|Encore|p1a: Glimmora\n|-start|p1a: Glimmora|Encore\n|move|p1b: Garchomp|Rock Slide|p2b: Kota|[spread] p2a,p2b\n|-supereffective|p2a: Typhlosion|1\n|-damage|p2a: Typhlosion|0 fnt\n|-damage|p2b: Kota|13/100\n|faint|p2a: Typhlosion\n|move|p1a: Glimmora|Substitute|p1a: Glimmora\n|-fail|p1a: Glimmora|move: Substitute\n|\n|upkeep\n|\n|t:|1776505409\n|switch|p2a: Weavile|Weavile, L50, M|100/100\n|-ability|p2a: Weavile|Pressure\n|turn|3\n|\n|t:|1776505415\n|move|p2a: Weavile|Ice Shard|p1b: Garchomp\n|-supereffective|p1b: Garchomp|2\n|-damage|p1b: Garchomp|0 fnt\n|faint|p1b: Garchomp\n|move|p2b: Kota|Sucker Punch||[still]\n|-fail|p2b: Kota\n|move|p1a: Glimmora|Substitute|p1a: Glimmora\n|-fail|p1a: Glimmora|move: Substitute\n|\n|upkeep\n|\n|t:|1776505425\n|switch|p1b: Rotom|Rotom-Wash, L50|100/100\n|turn|4\n|\n|t:|1776505448\n|switch|p2b: Charizard|Charizard, L50, F|100/100\n|move|p2a: Weavile|Triple Axel|p1a: Glimmora\n|-activate|p1a: Glimmora|move: Substitute|[damage]\n|-end|p1a: Glimmora|Substitute\n|-damage|p1a: Glimmora|28/100\n|-hitcount|p1a: Glimmora|3\n|move|p1a: Glimmora|Substitute|p1a: Glimmora\n|-start|p1a: Glimmora|Substitute\n|-damage|p1a: Glimmora|4/100\n|move|p1b: Rotom|Thunderbolt|p2b: Charizard\n|-supereffective|p2b: Charizard|1\n|-damage|p2b: Charizard|17/100\n|-status|p2b: Charizard|par\n|\n|-end|p1a: Glimmora|Encore\n|upkeep\n|turn|5\n|\n|t:|1776505468\n|detailschange|p2b: Charizard|Charizard-Mega-Y, L50, F\n|-mega|p2b: Charizard|Charizard|Charizardite Y\n|-weather|SunnyDay|[from] ability: Drought|[of] p2b: Charizard\n|move|p1a: Glimmora|Spiky Shield|p1a: Glimmora\n|-singleturn|p1a: Glimmora|move: Protect\n|move|p2a: Weavile|Triple Axel|p1a: Glimmora\n|-activate|p1a: Glimmora|move: Protect\n|-damage|p2a: Weavile|88/100|[from] Spiky Shield|[of] p1a: Glimmora\n|move|p1b: Rotom|Will-O-Wisp|p2a: Weavile\n|-status|p2a: Weavile|brn\n|move|p2b: Charizard|Solar Beam||[still]\n|-prepare|p2b: Charizard|Solar Beam\n|-anim|p2b: Charizard|Solar Beam|p1b: Rotom\n|-supereffective|p1b: Rotom|1\n|-damage|p1b: Rotom|10/100\n|-enditem|p1b: Rotom|Sitrus Berry|[eat]\n|-heal|p1b: Rotom|35/100|[from] item: Sitrus Berry\n|\n|-weather|SunnyDay|[upkeep]\n|-damage|p2a: Weavile|82/100 brn|[from] brn\n|upkeep\n|turn|6\n|\n|t:|1776505491\n|switch|p1b: Ninetales|Ninetales-Alola, L50, M|100/100\n|-weather|Snowscape|[from] ability: Snow Warning|[of] p1b: Ninetales\n|move|p2a: Weavile|Triple Axel|p1a: Glimmora|[miss]\n|-miss|p2a: Weavile|p1a: Glimmora\n|move|p1a: Glimmora|Power Gem|p2b: Charizard\n|-supereffective|p2b: Charizard|2\n|-damage|p2b: Charizard|0 fnt\n|faint|p2b: Charizard\n|\n|-weather|Snowscape|[upkeep]\n|-damage|p2a: Weavile|76/100 brn|[from] brn\n|upkeep\n|\n|t:|1776505497\n|switch|p2b: Kota|Liepard, L50, M|13/100\n|turn|7\n|\n|t:|1776505518\n|move|p2b: Kota|Fake Out|p1b: Ninetales\n|-damage|p1b: Ninetales|88/100\n|cant|p1b: Ninetales|flinch\n|move|p2a: Weavile|Knock Off|p1b: Ninetales\n|-resisted|p1b: Ninetales|1\n|-damage|p1b: Ninetales|76/100\n|-enditem|p1b: Ninetales|Focus Sash|[from] move: Knock Off|[of] p2a: Weavile\n|move|p1a: Glimmora|Sludge Bomb|p2a: Weavile\n|-damage|p2a: Weavile|0 fnt\n|faint|p2a: Weavile\n|\n|-weather|Snowscape|[upkeep]\n|upkeep\n|turn|8\n|\n|t:|1776505531\n|move|p2b: Kota|Sucker Punch|p1a: Glimmora\n|-end|p1a: Glimmora|Substitute\n|move|p1b: Ninetales|Blizzard|p2b: Kota\n|-damage|p2b: Kota|0 fnt\n|faint|p2b: Kota\n|\n|win|MinasDevilCrobats\n|raw|MinasDevilCrobats's rating: 1405 &rarr; <strong>1425</strong><br />(+20 for winning)\n|raw|MiraidonGaming's rating: 1404 &rarr; <strong>1384</strong><br />(-20 for losing)\n|l|\u2606MiraidonGaming\n|player|p2|\n|l|\u2606MinasDevilCrobats\n|player|p1|\n",
  "uploadtime": 1776505563,
  "views": 22,
  "formatid": "gen9championsvgc2026regma",
  "rating": 1384,
  "private": 0,
  "password": null
}