{
  "id": "gen9championsvgc2026regma-2586935595",
  "format": "[Gen 9 Champions] VGC 2026 Reg M-A",
  "players": [
    "datrobino",
    "Beans67"
  ],
  "log": "|j|\u2606datrobino\n|j|\u2606Beans67\n|t:|1776473393\n|gametype|doubles\n|player|p1|datrobino|veteran|1102\n|player|p2|Beans67|170|1000\n|gen|9\n|tier|[Gen 9 Champions] VGC 2026 Reg M-A\n|rated|\n|rule|Species Clause: Limit one of each Pok\u00e9mon\n|rule|Item Clause: Limit 1 of each item\n|clearpoke\n|poke|p1|Blastoise, L50, M|\n|poke|p1|Farigiraf, L50, M|\n|poke|p1|Kingambit, L50, F|\n|poke|p1|Sinistcha, L50|\n|poke|p1|Zoroark-Hisui, L50, F|\n|poke|p1|Incineroar, L50, F|\n|poke|p2|Appletun, L50, M|\n|poke|p2|Kommo-o, L50, M|\n|poke|p2|Leafeon, L50, M|\n|poke|p2|Ninetales, L50, F|\n|poke|p2|Ceruledge, L50, M|\n|poke|p2|Sinistcha-Masterpiece, L50|\n|teampreview|4\ndatrobino rejected open team sheets.\n|inactive|Battle timer is ON: inactive players will automatically lose when time's up. (requested by datrobino)\n|\n|t:|1776473409\n|teamsize|p1|4\n|teamsize|p2|4\n|start\n|switch|p1a: Blastoise|Blastoise, L50, M|100/100\n|switch|p1b: Farigiraf|Farigiraf, L50, M|100/100\n|switch|p2a: Ninetales|Ninetales, L50, F|100/100\n|switch|p2b: Leafeon|Leafeon, L50, M|100/100\n|-weather|SunnyDay|[from] ability: Drought|[of] p2a: Ninetales\n|turn|1\n|\n|t:|1776473423\n|detailschange|p1a: Blastoise|Blastoise-Mega, L50, M\n|-mega|p1a: Blastoise|Blastoise|Blastoisinite\n|move|p1a: Blastoise|Fake Out|p2b: Leafeon\n|-crit|p2b: Leafeon\n|-damage|p2b: Leafeon|90/100\n|cant|p2b: Leafeon|flinch\n|move|p2a: Ninetales|Flame Charge|p1b: Farigiraf\n|-damage|p1b: Farigiraf|78/100\n|-boost|p2a: Ninetales|spe|1\n|move|p1b: Farigiraf|Trick Room|p1b: Farigiraf\n|-fieldstart|move: Trick Room|[of] p1b: Farigiraf\n|\n|-weather|SunnyDay|[upkeep]\n|upkeep\n|turn|2\n|\n|t:|1776473440\n|move|p1b: Farigiraf|Rain Dance|p1b: Farigiraf\n|-weather|RainDance\n|move|p1a: Blastoise|Water Spout|p2a: Ninetales|[spread] p2a,p2b\n|-supereffective|p2a: Ninetales|1\n|-resisted|p2b: Leafeon|1\n|-damage|p2a: Ninetales|0 fnt\n|-damage|p2b: Leafeon|32/100\n|faint|p2a: Ninetales\n|move|p2b: Leafeon|Leaf Blade|p1a: Blastoise\n|-supereffective|p1a: Blastoise|1\n|-crit|p1a: Blastoise\n|-damage|p1a: Blastoise|16/100\n|\n|-weather|RainDance|[upkeep]\n|upkeep\n|\n|t:|1776473452\n|switch|p2a: Appletun|Appletun, L50, M|100/100\n|turn|3\n|\n|t:|1776473463\n|move|p2a: Appletun|Protect|p2a: Appletun\n|-singleturn|p2a: Appletun|Protect\n|move|p1b: Farigiraf|Psychic|p2b: Leafeon\n|-damage|p2b: Leafeon|0 fnt\n|faint|p2b: Leafeon\n|move|p1a: Blastoise|Dark Pulse|p2a: Appletun\n|-activate|p2a: Appletun|move: Protect\n|\n|-weather|RainDance|[upkeep]\n|upkeep\n|\n|t:|1776473472\n|switch|p2b: Kommo-o|Kommo-o, L50, M|100/100\n|turn|4\n|\n|t:|1776473489\n|move|p2a: Appletun|Leech Seed|p1b: Farigiraf\n|-start|p1b: Farigiraf|move: Leech Seed\n|move|p1b: Farigiraf|Psychic|p2b: Kommo-o\n|-supereffective|p2b: Kommo-o|1\n|-damage|p2b: Kommo-o|11/100\n|-unboost|p2b: Kommo-o|spd|1\n|move|p1a: Blastoise|Dark Pulse|p2a: Appletun\n|-damage|p2a: Appletun|62/100\n|move|p2b: Kommo-o|Drain Punch|p1a: Blastoise\n|-damage|p1a: Blastoise|0 fnt\n|-heal|p2b: Kommo-o|20/100|[from] drain|[of] p1a: Blastoise\n|faint|p1a: Blastoise\n|\n|-weather|RainDance|[upkeep]\n|-heal|p2a: Appletun|68/100|[from] item: Leftovers\n|-damage|p1b: Farigiraf|65/100|[from] Leech Seed|[of] p2a: Appletun\n|-heal|p2a: Appletun|81/100|[silent]\n|upkeep\n|\n|t:|1776473503\n|switch|p1a: Kingambit|Kingambit, L50, F|100/100\n|turn|5\n|\n|t:|1776473520\n|switch|p1b: Sinistcha|Sinistcha, L50|100/100\n|move|p2a: Appletun|Solar Beam||[still]\n|-prepare|p2a: Appletun|Solar Beam\n|move|p1a: Kingambit|Kowtow Cleave|p2a: Appletun\n|-damage|p2a: Appletun|30/100\n|move|p2b: Kommo-o|Drain Punch|p1a: Kingambit\n|-supereffective|p1a: Kingambit|2\n|-damage|p1a: Kingambit|0 fnt\n|-heal|p2b: Kommo-o|90/100|[from] drain|[of] p1a: Kingambit\n|faint|p1a: Kingambit\n|\n|-weather|RainDance|[upkeep]\n|-heal|p2a: Appletun|36/100|[from] item: Leftovers\n|-fieldend|move: Trick Room\n|upkeep\n|\n|t:|1776473529\n|switch|p1a: Farigiraf|Farigiraf, L50, M|65/100\n|turn|6\n|\n|t:|1776473547\n|move|p2b: Kommo-o|Poison Jab|p1b: Sinistcha\n|-damage|p1b: Sinistcha|70/100\n|-status|p1b: Sinistcha|psn\n|move|p1a: Farigiraf|Psychic|p2b: Kommo-o\n|-supereffective|p2b: Kommo-o|1\n|-damage|p2b: Kommo-o|0 fnt\n|faint|p2b: Kommo-o\n|move|p2a: Appletun|Solar Beam|p1b: Sinistcha|[from] lockedmove\n|-resisted|p1b: Sinistcha|1\n|-damage|p1b: Sinistcha|57/100 psn\n|move|p1b: Sinistcha|Trick Room|p1b: Sinistcha\n|-fieldstart|move: Trick Room|[of] p1b: Sinistcha\n|\n|-weather|none\n|-heal|p2a: Appletun|42/100|[from] item: Leftovers\n|-damage|p1b: Sinistcha|44/100 psn|[from] psn\n|upkeep\n|turn|7\n|\n|t:|1776473562\n|move|p2a: Appletun|Protect|p2a: Appletun\n|-singleturn|p2a: Appletun|Protect\n|move|p1a: Farigiraf|Psychic|p2a: Appletun\n|-activate|p2a: Appletun|move: Protect\n|move|p1b: Sinistcha|Life Dew|p1b: Sinistcha|[spread] p1a,p1b\n|-heal|p1a: Farigiraf|90/100\n|-heal|p1b: Sinistcha|70/100 psn\n|\n|-heal|p2a: Appletun|48/100|[from] item: Leftovers\n|-damage|p1b: Sinistcha|57/100 psn|[from] psn\n|upkeep\n|turn|8\n|\n|t:|1776473579\n|move|p2a: Appletun|Recover|p2a: Appletun\n|-heal|p2a: Appletun|99/100\n|move|p1a: Farigiraf|Psychic|p2a: Appletun\n|-damage|p2a: Appletun|67/100\n|move|p1b: Sinistcha|Life Dew|p1b: Sinistcha|[spread] p1a,p1b\n|-heal|p1a: Farigiraf|100/100\n|-heal|p1b: Sinistcha|83/100 psn\n|\n|-heal|p2a: Appletun|73/100|[from] item: Leftovers\n|-damage|p1b: Sinistcha|70/100 psn|[from] psn\n|upkeep\n|turn|9\n|\n|t:|1776473594\n|move|p2a: Appletun|Leech Seed|p1a: Farigiraf\n|-start|p1a: Farigiraf|move: Leech Seed\n|move|p1a: Farigiraf|Psychic|p2a: Appletun\n|-damage|p2a: Appletun|40/100\n|move|p1b: Sinistcha|Matcha Gotcha|p2a: Appletun\n|-resisted|p2a: Appletun|2\n|-damage|p2a: Appletun|31/100\n|-heal|p1b: Sinistcha|76/100 psn|[from] drain|[of] p2a: Appletun\n|-status|p2a: Appletun|brn\n|\n|-heal|p2a: Appletun|37/100 brn|[from] item: Leftovers\n|-damage|p1a: Farigiraf|88/100|[from] Leech Seed|[of] p2a: Appletun\n|-heal|p2a: Appletun|50/100 brn|[silent]\n|-damage|p1b: Sinistcha|63/100 psn|[from] psn\n|-damage|p2a: Appletun|44/100 brn|[from] brn\n|upkeep\n|turn|10\n|\n|t:|1776473610\n|move|p2a: Appletun|Recover|p2a: Appletun\n|-heal|p2a: Appletun|94/100 brn\n|move|p1a: Farigiraf|Psychic|p2a: Appletun\n|-damage|p2a: Appletun|64/100 brn\n|move|p1b: Sinistcha|Life Dew|p1b: Sinistcha|[spread] p1a,p1b\n|-heal|p1a: Farigiraf|100/100\n|-heal|p1b: Sinistcha|89/100 psn\n|\n|-heal|p2a: Appletun|70/100 brn|[from] item: Leftovers\n|-damage|p1a: Farigiraf|88/100|[from] Leech Seed|[of] p2a: Appletun\n|-heal|p2a: Appletun|83/100 brn|[silent]\n|-damage|p1b: Sinistcha|76/100 psn|[from] psn\n|-damage|p2a: Appletun|77/100 brn|[from] brn\n|-fieldend|move: Trick Room\n|upkeep\n|turn|11\n|\n|t:|1776473631\n|move|p2a: Appletun|Protect|p2a: Appletun\n|-singleturn|p2a: Appletun|Protect\n|move|p1b: Sinistcha|Life Dew|p1b: Sinistcha|[spread] p1a,p1b\n|-heal|p1a: Farigiraf|100/100\n|-heal|p1b: Sinistcha|100/100 psn\n|move|p1a: Farigiraf|Psychic|p2a: Appletun\n|-activate|p2a: Appletun|move: Protect\n|\n|-heal|p2a: Appletun|83/100 brn|[from] item: Leftovers\n|-damage|p1a: Farigiraf|88/100|[from] Leech Seed|[of] p2a: Appletun\n|-heal|p2a: Appletun|95/100 brn|[silent]\n|-damage|p1b: Sinistcha|88/100 psn|[from] psn\n|-damage|p2a: Appletun|89/100 brn|[from] brn\n|upkeep\n|turn|12\n|inactive|Beans67 has 30 seconds left.\n|\n|t:|1776473657\n|move|p1b: Sinistcha|Matcha Gotcha|p2a: Appletun\n|-resisted|p2a: Appletun|2\n|-damage|p2a: Appletun|82/100 brn\n|-heal|p1b: Sinistcha|93/100 psn|[from] drain|[of] p2a: Appletun\n|move|p1a: Farigiraf|Psychic|p2a: Appletun\n|-damage|p2a: Appletun|50/100 brn\n|move|p2a: Appletun|Recover|p2a: Appletun\n|-heal|p2a: Appletun|99/100 brn\n|\n|-heal|p2a: Appletun|100/100 brn|[from] item: Leftovers\n|-damage|p1a: Farigiraf|76/100|[from] Leech Seed|[of] p2a: Appletun\n|-damage|p1b: Sinistcha|80/100 psn|[from] psn\n|-damage|p2a: Appletun|95/100 brn|[from] brn\n|upkeep\n|turn|13\n|\n|t:|1776473672\n|move|p2a: Appletun|Protect|p2a: Appletun\n|-singleturn|p2a: Appletun|Protect\n|move|p1b: Sinistcha|Life Dew|p1b: Sinistcha|[spread] p1a,p1b\n|-heal|p1a: Farigiraf|100/100\n|-heal|p1b: Sinistcha|100/100 psn\n|move|p1a: Farigiraf|Rain Dance|p1a: Farigiraf\n|-weather|RainDance\n|\n|-weather|RainDance|[upkeep]\n|-heal|p2a: Appletun|100/100 brn|[from] item: Leftovers\n|-damage|p1a: Farigiraf|88/100|[from] Leech Seed|[of] p2a: Appletun\n|-damage|p1b: Sinistcha|88/100 psn|[from] psn\n|-damage|p2a: Appletun|95/100 brn|[from] brn\n|upkeep\n|turn|14\n|\n|t:|1776473688\n|move|p1b: Sinistcha|Matcha Gotcha|p2a: Appletun\n|-resisted|p2a: Appletun|2\n|-damage|p2a: Appletun|86/100 brn\n|-heal|p1b: Sinistcha|94/100 psn|[from] drain|[of] p2a: Appletun\n|move|p1a: Farigiraf|Psychic|p2a: Appletun\n|-damage|p2a: Appletun|55/100 brn\n|move|p2a: Appletun|Solar Beam||[still]\n|-prepare|p2a: Appletun|Solar Beam\n|\n|-weather|RainDance|[upkeep]\n|-heal|p2a: Appletun|61/100 brn|[from] item: Leftovers\n|-damage|p1a: Farigiraf|76/100|[from] Leech Seed|[of] p2a: Appletun\n|-heal|p2a: Appletun|74/100 brn|[silent]\n|-damage|p1b: Sinistcha|81/100 psn|[from] psn\n|-damage|p2a: Appletun|68/100 brn|[from] brn\n|upkeep\n|turn|15\n|\n|t:|1776473707\n|move|p1b: Sinistcha|Matcha Gotcha|p2a: Appletun\n|-resisted|p2a: Appletun|2\n|-damage|p2a: Appletun|60/100 brn\n|-heal|p1b: Sinistcha|86/100 psn|[from] drain|[of] p2a: Appletun\n|move|p1a: Farigiraf|Psychic|p2a: Appletun\n|-damage|p2a: Appletun|31/100 brn\n|move|p2a: Appletun|Solar Beam|p1a: Farigiraf|[from] lockedmove\n|-damage|p1a: Farigiraf|59/100\n|\n|-weather|RainDance|[upkeep]\n|-heal|p2a: Appletun|37/100 brn|[from] item: Leftovers\n|-damage|p1a: Farigiraf|46/100|[from] Leech Seed|[of] p2a: Appletun\n|-heal|p2a: Appletun|50/100 brn|[silent]\n|-damage|p1b: Sinistcha|74/100 psn|[from] psn\n|-damage|p2a: Appletun|44/100 brn|[from] brn\n|upkeep\n|-enditem|p1a: Farigiraf|Sitrus Berry|[eat]\n|-heal|p1a: Farigiraf|71/100|[from] item: Sitrus Berry\n|turn|16\n|\n|t:|1776473727\n|move|p1a: Farigiraf|Helping Hand|p1b: Sinistcha\n|-singleturn|p1b: Sinistcha|Helping Hand|[of] p1a: Farigiraf\n|move|p1b: Sinistcha|Life Dew|p1b: Sinistcha|[spread] p1a,p1b\n|-heal|p1a: Farigiraf|96/100\n|-heal|p1b: Sinistcha|99/100 psn\n|move|p2a: Appletun|Recover|p2a: Appletun\n|-heal|p2a: Appletun|94/100 brn\n|\n|-weather|RainDance|[upkeep]\n|-heal|p2a: Appletun|99/100 brn|[from] item: Leftovers\n|-damage|p1a: Farigiraf|84/100|[from] Leech Seed|[of] p2a: Appletun\n|-heal|p2a: Appletun|100/100 brn|[silent]\n|-damage|p1b: Sinistcha|87/100 psn|[from] psn\n|-damage|p2a: Appletun|95/100 brn|[from] brn\n|upkeep\n|turn|17\n|\n|t:|1776473741\n|move|p1a: Farigiraf|Helping Hand|p1b: Sinistcha\n|-singleturn|p1b: Sinistcha|Helping Hand|[of] p1a: Farigiraf\n|move|p2a: Appletun|Protect|p2a: Appletun\n|-singleturn|p2a: Appletun|Protect\n|move|p1b: Sinistcha|Rage Powder|p1b: Sinistcha\n|-singleturn|p1b: Sinistcha|move: Rage Powder\n|\n|-weather|none\n|-heal|p2a: Appletun|100/100 brn|[from] item: Leftovers\n|-damage|p1a: Farigiraf|71/100|[from] Leech Seed|[of] p2a: Appletun\n|-damage|p1b: Sinistcha|75/100 psn|[from] psn\n|-damage|p2a: Appletun|95/100 brn|[from] brn\n|upkeep\n|turn|18\n|\n|t:|1776473755\n|move|p1b: Sinistcha|Life Dew|p1b: Sinistcha|[spread] p1a,p1b\n|-heal|p1a: Farigiraf|97/100\n|-heal|p1b: Sinistcha|99/100 psn\n|move|p1a: Farigiraf|Rain Dance|p1a: Farigiraf\n|-weather|RainDance\n|move|p2a: Appletun|Solar Beam||[still]\n|-prepare|p2a: Appletun|Solar Beam\n|\n|-weather|RainDance|[upkeep]\n|-heal|p2a: Appletun|100/100 brn|[from] item: Leftovers\n|-damage|p1a: Farigiraf|84/100|[from] Leech Seed|[of] p2a: Appletun\n|-damage|p1b: Sinistcha|88/100 psn|[from] psn\n|-damage|p2a: Appletun|95/100 brn|[from] brn\n|upkeep\n|turn|19\n|-message|datrobino forfeited.\n|\n|win|Beans67\n|raw|datrobino's rating: 1102 &rarr; <strong>1070</strong><br />(-32 for losing)\n|raw|Beans67's rating: 1000 &rarr; <strong>1051</strong><br />(+51 for winning)\n|l|\u2606datrobino\n|player|p1|\n",
  "uploadtime": 1776473803,
  "views": 25,
  "formatid": "gen9championsvgc2026regma",
  "rating": 1051,
  "private": 0,
  "password": null
}