{
  "id": "gen9championsvgc2026regma-2581927340",
  "format": "[Gen 9 Champions] VGC 2026 Reg M-A",
  "players": [
    "kk114",
    "KangarooToodleloo"
  ],
  "log": "|j|\u2606kk114\n|j|\u2606KangarooToodleloo\n|t:|1776040474\n|gametype|doubles\n|player|p1|kk114|unknownf|1079\n|player|p2|KangarooToodleloo|blue-masters|1167\n|gen|9\n|tier|[Gen 9 Champions] VGC 2026 Reg M-A\n|rated|\n|rule|Species Clause: Limit one of each Pok\u00e9mon\n|rule|Item Clause: Limit 1 of each item\n|clearpoke\n|poke|p1|Charizard, L50, M|\n|poke|p1|Incineroar, L50, M|\n|poke|p1|Whimsicott, L50, M|\n|poke|p1|Garchomp, L50, F|\n|poke|p1|Rotom-Wash, L50|\n|poke|p1|Sneasler, L50, F|\n|poke|p2|Gyarados, L50, F|\n|poke|p2|Incineroar, L50, F|\n|poke|p2|Sinistcha-Masterpiece, L50|\n|poke|p2|Kommo-o, L50, M|\n|poke|p2|Ninetales-Alola, L50, M|\n|poke|p2|Kangaskhan, L50, F|\n|teampreview|4\n|inactive|Battle timer is ON: inactive players will automatically lose when time's up. (requested by kk114)\n|inactive|kk114 has 60 seconds left.\n|\n|t:|1776040534\n|teamsize|p1|4\n|teamsize|p2|4\n|start\n|switch|p1a: \u5e72\u574f\u4e8b\u5f00\u5f00|Whimsicott, L50, M, shiny|100/100\n|switch|p1b: \u5a01\u5413\u5f00\u5f00|Incineroar, L50, M, shiny|100/100\n|switch|p2a: Gyarados|Gyarados, L50, F|100/100\n|switch|p2b: Kommo-o|Kommo-o, L50, M|100/100\n|-ability|p2a: Gyarados|Intimidate|boost\n|-unboost|p1a: \u5e72\u574f\u4e8b\u5f00\u5f00|atk|1\n|-unboost|p1b: \u5a01\u5413\u5f00\u5f00|atk|1\n|-ability|p1b: \u5a01\u5413\u5f00\u5f00|Intimidate|boost\n|-unboost|p2a: Gyarados|atk|1\n|-unboost|p2b: Kommo-o|atk|1\n|turn|1\n|inactive|KangarooToodleloo has 30 seconds left.\n|\n|t:|1776040560\n|switch|p2b: Incineroar|Incineroar, L50, F|100/100\n|-ability|p2b: Incineroar|Intimidate|boost\n|-unboost|p1a: \u5e72\u574f\u4e8b\u5f00\u5f00|atk|1\n|-unboost|p1b: \u5a01\u5413\u5f00\u5f00|atk|1\n|move|p1b: \u5a01\u5413\u5f00\u5f00|Fake Out|p2a: Gyarados\n|-damage|p2a: Gyarados|96/100\n|move|p1a: \u5e72\u574f\u4e8b\u5f00\u5f00|Moonblast|p2b: Incineroar\n|-damage|p2b: Incineroar|66/100\n|cant|p2a: Gyarados|flinch\n|\n|upkeep\n|turn|2\n|\n|t:|1776040573\n|move|p1a: \u5e72\u574f\u4e8b\u5f00\u5f00|Tailwind|p1a: \u5e72\u574f\u4e8b\u5f00\u5f00\n|-sidestart|p1: kk114|move: Tailwind\n|move|p1b: \u5a01\u5413\u5f00\u5f00|Will-O-Wisp|p2a: Gyarados\n|-status|p2a: Gyarados|brn\n|-enditem|p2a: Gyarados|Lum Berry|[eat]\n|-curestatus|p2a: Gyarados|brn|[msg]\n|move|p2a: Gyarados|Waterfall|p1b: \u5a01\u5413\u5f00\u5f00\n|-supereffective|p1b: \u5a01\u5413\u5f00\u5f00|1\n|-damage|p1b: \u5a01\u5413\u5f00\u5f00|55/100\n|move|p2b: Incineroar|Parting Shot|p1a: \u5e72\u574f\u4e8b\u5f00\u5f00\n|-unboost|p1a: \u5e72\u574f\u4e8b\u5f00\u5f00|atk|1\n|-unboost|p1a: \u5e72\u574f\u4e8b\u5f00\u5f00|spa|1\n|\n|t:|1776040584\n|switch|p2b: Kommo-o|Kommo-o, L50, M|100/100|[from] Parting Shot\n|\n|upkeep\n|turn|3\n|\n|t:|1776040602\n|switch|p2a: Incineroar|Incineroar, L50, F|66/100\n|-ability|p2a: Incineroar|Intimidate|boost\n|-unboost|p1a: \u5e72\u574f\u4e8b\u5f00\u5f00|atk|1\n|-unboost|p1b: \u5a01\u5413\u5f00\u5f00|atk|1\n|move|p2b: Kommo-o|Protect|p2b: Kommo-o\n|-singleturn|p2b: Kommo-o|Protect\n|move|p1a: \u5e72\u574f\u4e8b\u5f00\u5f00|Moonblast|p2b: Kommo-o\n|-activate|p2b: Kommo-o|move: Protect\n|move|p1b: \u5a01\u5413\u5f00\u5f00|Will-O-Wisp|p2a: Incineroar\n|-immune|p2a: Incineroar\n|\n|upkeep\n|turn|4\n|\n|t:|1776040615\n|switch|p1a: \u8f7b\u88c5\u5f00\u5f00|Sneasler, L50, F, shiny|100/100\n|switch|p2b: Gyarados|Gyarados, L50, F|96/100\n|-ability|p2b: Gyarados|Intimidate|boost\n|-unboost|p1a: \u8f7b\u88c5\u5f00\u5f00|atk|1\n|-unboost|p1b: \u5a01\u5413\u5f00\u5f00|atk|1\n|move|p1b: \u5a01\u5413\u5f00\u5f00|Will-O-Wisp|p2b: Gyarados\n|-status|p2b: Gyarados|brn\n|move|p2a: Incineroar|Flare Blitz|p1a: \u8f7b\u88c5\u5f00\u5f00\n|-damage|p1a: \u8f7b\u88c5\u5f00\u5f00|0 fnt\n|faint|p1a: \u8f7b\u88c5\u5f00\u5f00\n|-damage|p2a: Incineroar|40/100|[from] Recoil\n|-enditem|p2a: Incineroar|Sitrus Berry|[eat]\n|-heal|p2a: Incineroar|65/100|[from] item: Sitrus Berry\n|\n|-damage|p2b: Gyarados|90/100 brn|[from] brn\n|upkeep\n|inactive|kk114 has 30 seconds left.\n|\n|t:|1776040646\n|switch|p1a: \u6674\u5929\u5f00\u5f00|Charizard, L50, M, shiny|100/100\n|turn|5\n|\n|t:|1776040659\n|detailschange|p1a: \u6674\u5929\u5f00\u5f00|Charizard-Mega-Y, L50, M, shiny\n|-mega|p1a: \u6674\u5929\u5f00\u5f00|Charizard|Charizardite Y\n|-weather|SunnyDay|[from] ability: Drought|[of] p1a: \u6674\u5929\u5f00\u5f00\n|move|p1a: \u6674\u5929\u5f00\u5f00|Heat Wave|p2a: Incineroar|[spread] p2a,p2b\n|-resisted|p2a: Incineroar|1\n|-resisted|p2b: Gyarados|1\n|-damage|p2a: Incineroar|37/100\n|-damage|p2b: Gyarados|60/100 brn\n|move|p1b: \u5a01\u5413\u5f00\u5f00|Parting Shot|p2a: Incineroar\n|-unboost|p2a: Incineroar|atk|1\n|-unboost|p2a: Incineroar|spa|1\n|\n|t:|1776040669\n|switch|p1b: \u5e72\u574f\u4e8b\u5f00\u5f00|Whimsicott, L50, M, shiny|100/100|[from] Parting Shot\n|move|p2b: Gyarados|Waterfall|p1b: \u5e72\u574f\u4e8b\u5f00\u5f00\n|-resisted|p1b: \u5e72\u574f\u4e8b\u5f00\u5f00|1\n|-damage|p1b: \u5e72\u574f\u4e8b\u5f00\u5f00|93/100\n|move|p2a: Incineroar|Parting Shot|p1a: \u6674\u5929\u5f00\u5f00\n|-unboost|p1a: \u6674\u5929\u5f00\u5f00|atk|1\n|-unboost|p1a: \u6674\u5929\u5f00\u5f00|spa|1\n|\n|t:|1776040673\n|switch|p2a: Kommo-o|Kommo-o, L50, M|100/100|[from] Parting Shot\n|\n|-weather|SunnyDay|[upkeep]\n|-damage|p2b: Gyarados|54/100 brn|[from] brn\n|-sideend|p1: kk114|move: Tailwind\n|upkeep\n|turn|6\n|\n|t:|1776040686\n|switch|p1a: \u5a01\u5413\u5f00\u5f00|Incineroar, L50, M, shiny|55/100\n|-ability|p1a: \u5a01\u5413\u5f00\u5f00|Intimidate|boost\n|-unboost|p2a: Kommo-o|atk|1\n|-unboost|p2b: Gyarados|atk|1\n|switch|p2b: Incineroar|Incineroar, L50, F|37/100\n|-ability|p2b: Incineroar|Intimidate|boost\n|-unboost|p1a: \u5a01\u5413\u5f00\u5f00|atk|1\n|-unboost|p1b: \u5e72\u574f\u4e8b\u5f00\u5f00|atk|1\n|move|p2a: Kommo-o|Protect|p2a: Kommo-o\n|-singleturn|p2a: Kommo-o|Protect\n|move|p1b: \u5e72\u574f\u4e8b\u5f00\u5f00|Moonblast|p2a: Kommo-o\n|-activate|p2a: Kommo-o|move: Protect\n|\n|-weather|SunnyDay|[upkeep]\n|upkeep\n|turn|7\n|\n|t:|1776040706\n|move|p1a: \u5a01\u5413\u5f00\u5f00|Fake Out|p2b: Incineroar\n|-damage|p2b: Incineroar|30/100\n|cant|p2b: Incineroar|flinch\n|move|p1b: \u5e72\u574f\u4e8b\u5f00\u5f00|Moonblast|p2b: Incineroar\n|-damage|p2b: Incineroar|0 fnt\n|faint|p2b: Incineroar\n|move|p2a: Kommo-o|Aura Sphere|p1a: \u5a01\u5413\u5f00\u5f00\n|-supereffective|p1a: \u5a01\u5413\u5f00\u5f00|1\n|-damage|p1a: \u5a01\u5413\u5f00\u5f00|0 fnt\n|faint|p1a: \u5a01\u5413\u5f00\u5f00\n|\n|-weather|SunnyDay|[upkeep]\n|upkeep\n|\n|t:|1776040717\n|switch|p2b: Kangaskhan|Kangaskhan, L50, F|100/100\n|switch|p1a: \u6674\u5929\u5f00\u5f00|Charizard-Mega-Y, L50, M, shiny|100/100\n|turn|8\n|\n|t:|1776040737\n|switch|p2a: Gyarados|Gyarados, L50, F|54/100 brn\n|-ability|p2a: Gyarados|Intimidate|boost\n|-unboost|p1a: \u6674\u5929\u5f00\u5f00|atk|1\n|-unboost|p1b: \u5e72\u574f\u4e8b\u5f00\u5f00|atk|1\n|detailschange|p2b: Kangaskhan|Kangaskhan-Mega, L50, F\n|-mega|p2b: Kangaskhan|Kangaskhan|Kangaskhanite\n|move|p2b: Kangaskhan|Fake Out|p1a: \u6674\u5929\u5f00\u5f00\n|-damage|p1a: \u6674\u5929\u5f00\u5f00|69/100\n|-damage|p1a: \u6674\u5929\u5f00\u5f00|62/100\n|-hitcount|p1a: \u6674\u5929\u5f00\u5f00|2\n|move|p1b: \u5e72\u574f\u4e8b\u5f00\u5f00|Moonblast|p2a: Gyarados\n|-damage|p2a: Gyarados|23/100 brn\n|cant|p1a: \u6674\u5929\u5f00\u5f00|flinch\n|\n|-weather|SunnyDay|[upkeep]\n|-damage|p2a: Gyarados|17/100 brn|[from] brn\n|upkeep\n|turn|9\n|\n|t:|1776040761\n|move|p2b: Kangaskhan|Sucker Punch|p1a: \u6674\u5929\u5f00\u5f00\n|-damage|p1a: \u6674\u5929\u5f00\u5f00|24/100\n|-damage|p1a: \u6674\u5929\u5f00\u5f00|15/100\n|-hitcount|p1a: \u6674\u5929\u5f00\u5f00|2\n|move|p1b: \u5e72\u574f\u4e8b\u5f00\u5f00|Moonblast|p2a: Gyarados\n|-damage|p2a: Gyarados|0 fnt\n|faint|p2a: Gyarados\n|move|p1a: \u6674\u5929\u5f00\u5f00|Weather Ball|p2b: Kangaskhan\n|-damage|p2b: Kangaskhan|19/100\n|\n|-weather|none\n|upkeep\n|\n|t:|1776040766\n|switch|p2a: Kommo-o|Kommo-o, L50, M|100/100\n|turn|10\n|\n|t:|1776040786\n|move|p1a: \u6674\u5929\u5f00\u5f00|Protect|p1a: \u6674\u5929\u5f00\u5f00\n|-singleturn|p1a: \u6674\u5929\u5f00\u5f00|Protect\n|move|p1b: \u5e72\u574f\u4e8b\u5f00\u5f00|Sunny Day|p1b: \u5e72\u574f\u4e8b\u5f00\u5f00\n|-weather|SunnyDay\n|move|p2a: Kommo-o|Clanging Scales|p1b: \u5e72\u574f\u4e8b\u5f00\u5f00|[spread] \n|-activate|p1a: \u6674\u5929\u5f00\u5f00|move: Protect\n|-immune|p1b: \u5e72\u574f\u4e8b\u5f00\u5f00\n|move|p2b: Kangaskhan|Double-Edge|p1b: \u5e72\u574f\u4e8b\u5f00\u5f00\n|-crit|p1b: \u5e72\u574f\u4e8b\u5f00\u5f00\n|-damage|p1b: \u5e72\u574f\u4e8b\u5f00\u5f00|0 fnt\n|faint|p1b: \u5e72\u574f\u4e8b\u5f00\u5f00\n|-hitcount|p1: \u5e72\u574f\u4e8b\u5f00\u5f00|1\n|-damage|p2b: Kangaskhan|0 fnt|[from] Recoil\n|faint|p2b: Kangaskhan\n|\n|-weather|SunnyDay|[upkeep]\n|upkeep\n|turn|11\n|\n|t:|1776040804\n|move|p2a: Kommo-o|Protect|p2a: Kommo-o\n|-singleturn|p2a: Kommo-o|Protect\n|move|p1a: \u6674\u5929\u5f00\u5f00|Weather Ball|p2a: Kommo-o\n|-activate|p2a: Kommo-o|move: Protect\n|\n|-weather|SunnyDay|[upkeep]\n|upkeep\n|turn|12\n|\n|t:|1776040809\n|move|p1a: \u6674\u5929\u5f00\u5f00|Weather Ball|p2a: Kommo-o\n|-resisted|p2a: Kommo-o|1\n|-damage|p2a: Kommo-o|53/100\n|move|p2a: Kommo-o|Clanging Scales|p1a: \u6674\u5929\u5f00\u5f00\n|-damage|p1a: \u6674\u5929\u5f00\u5f00|0 fnt\n|faint|p1a: \u6674\u5929\u5f00\u5f00\n|\n|win|KangarooToodleloo\n|raw|kk114's rating: 1079 &rarr; <strong>1063</strong><br />(-16 for losing)\n|raw|KangarooToodleloo's rating: 1167 &rarr; <strong>1186</strong><br />(+19 for winning)\n",
  "uploadtime": 1776040812,
  "views": 10,
  "formatid": "gen9championsvgc2026regma",
  "rating": 1063,
  "private": 0,
  "password": null
}