{
  "id": "gen9championsvgc2026regma-2581628626",
  "format": "[Gen 9 Champions] VGC 2026 Reg M-A",
  "players": [
    "Orosu1922",
    "mister meanor"
  ],
  "log": "|j|\u2606Orosu1922\n|j|\u2606mister meanor\n|t:|1776016330\n|gametype|doubles\n|player|p1|Orosu1922|iris-gen5bw2|1067\n|player|p2|mister meanor|266|1041\n|gen|9\n|tier|[Gen 9 Champions] VGC 2026 Reg M-A\n|rated|\n|rule|Species Clause: Limit one of each Pok\u00e9mon\n|rule|Item Clause: Limit 1 of each item\n|clearpoke\n|poke|p1|Feraligatr, L50, F|\n|poke|p1|Whimsicott, L50, F|\n|poke|p1|Basculegion-F, L50, F|\n|poke|p1|Farigiraf, L50, M|\n|poke|p1|Pelipper, L50, F|\n|poke|p1|Archaludon, L50, M|\n|poke|p2|Froslass, L50, F|\n|poke|p2|Ninetales-Alola, L50, M|\n|poke|p2|Incineroar, L50, M|\n|poke|p2|Primarina, L50, F|\n|poke|p2|Sinistcha-Masterpiece, L50|\n|poke|p2|Meowstic-F, L50, F|\n|teampreview|4\n|inactive|Battle timer is ON: inactive players will automatically lose when time's up. (requested by Orosu1922)\nOrosu1922 has agreed to open team sheets.\nmister meanor has agreed to open team sheets.\n|showteam|p1|Feraligatr||Feraligite|Torrent|Liquidation,Curse,GigaImpact,Earthquake|||F|||50|]Whimsicott||FocusSash|Prankster|HelpingHand,Moonblast,Taunt,Tailwind|||F|||50|]Basculegion-F||ChoiceScarf|Adaptability|Surf,FlipTurn,ShadowBall,HydroPump|||F|||50|]Farigiraf||SilkScarf|ArmorTail|HyperVoice,PsychicNoise,TrickRoom,CalmMind|||M|||50|]Pelipper||Leftovers|Drizzle|WeatherBall,WideGuard,MuddyWater,Tailwind|||F|||50|]Archaludon||Magnet|Stamina|ElectroShot,AuraSphere,DracoMeteor,FlashCannon|||M|||50|\n|showteam|p2|Froslass||Froslassite|SnowCloak|Blizzard,ShadowBall,NastyPlot,Protect|||F|||50|]Ninetales-Alola||KebiaBerry|SnowCloak|FreezeDry,IcyWind,AuroraVeil,Protect|||M|||50|]Incineroar||Leftovers|Intimidate|FlareBlitz,FakeOut,Taunt,Protect|||M|||50|]Primarina||MysticWater|LiquidVoice|HyperVoice,DazzlingGleam,Encore,Protect|||F|||50|]Sinistcha-Masterpiece||SitrusBerry|Hospitality|MatchaGotcha,ShadowBall,RagePowder,LifeDew||||||50|]Meowstic-F||Meowsticite|Competitive|Psychic,DarkPulse,FakeOut,Protect|||F|||50|\n|inactive|mister meanor has 60 seconds left.\n|inactiveoff|Battle timer is now OFF.\n|\n|t:|1776016469\n|teamsize|p1|4\n|teamsize|p2|4\n|start\n|switch|p1a: GATOR|Feraligatr, L50, F, shiny|100/100\n|switch|p1b: Basculegion|Basculegion-F, L50, F|100/100\n|switch|p2a: Incineroar|Incineroar, L50, M|100/100\n|switch|p2b: Froslass|Froslass, L50, F|100/100\n|-ability|p2a: Incineroar|Intimidate|boost\n|-unboost|p1a: GATOR|atk|1\n|-unboost|p1b: Basculegion|atk|1\n|turn|1\n|inactive|Battle timer is ON: inactive players will automatically lose when time's up. (requested by Orosu1922)\n|\n|t:|1776016493\n|switch|p2b: Ninetales|Ninetales-Alola, L50, M|100/100\n|move|p2a: Incineroar|Fake Out|p1a: GATOR\n|-damage|p1a: GATOR|90/100\n|move|p1b: Basculegion|Flip Turn|p2a: Incineroar\n|-supereffective|p2a: Incineroar|1\n|-damage|p2a: Incineroar|75/100\n|\n|t:|1776016504\n|switch|p1b: Archaludon|Archaludon, L50, M|100/100|[from] Flip Turn\n|cant|p1a: GATOR|flinch\n|\n|-heal|p2a: Incineroar|81/100|[from] item: Leftovers\n|upkeep\n|turn|2\n|inactive|mister meanor has 30 seconds left.\n|inactive|mister meanor has 20 seconds left.\n|inactive|mister meanor has 15 seconds left.\n|inactive|mister meanor has 10 seconds left.\n|inactive|mister meanor has 5 seconds left.\n|\n|t:|1776016559\n|move|p2b: Ninetales|Freeze-Dry|p1a: GATOR\n|-supereffective|p1a: GATOR|1\n|-damage|p1a: GATOR|46/100\n|move|p1b: Archaludon|Aura Sphere|p2a: Incineroar\n|-supereffective|p2a: Incineroar|1\n|-crit|p2a: Incineroar\n|-damage|p2a: Incineroar|10/100\n|move|p1a: GATOR|Curse|p1a: GATOR\n|-unboost|p1a: GATOR|spe|1\n|-boost|p1a: GATOR|atk|1\n|-boost|p1a: GATOR|def|1\n|move|p2a: Incineroar|Flare Blitz|p1a: GATOR\n|-resisted|p1a: GATOR|1\n|-crit|p1a: GATOR\n|-damage|p1a: GATOR|14/100\n|-damage|p2a: Incineroar|1/100|[from] Recoil\n|\n|-heal|p2a: Incineroar|7/100|[from] item: Leftovers\n|upkeep\n|turn|3\n|inactive|Orosu1922 has 30 seconds left.\n|inactive|mister meanor has 30 seconds left.\n|inactive|Orosu1922 has 20 seconds left.\n|inactive|Orosu1922 has 15 seconds left.\n|inactive|Orosu1922 has 10 seconds left.\n|\n|t:|1776016607\n|switch|p2a: Sinistcha|Sinistcha-Masterpiece, L50|100/100\n|move|p2b: Ninetales|Freeze-Dry|p1a: GATOR\n|-supereffective|p1a: GATOR|1\n|-damage|p1a: GATOR|0 fnt\n|faint|p1a: GATOR\n|move|p1b: Archaludon|Flash Cannon|p2b: Ninetales\n|-supereffective|p2b: Ninetales|2\n|-damage|p2b: Ninetales|0 fnt\n|faint|p2b: Ninetales\n|\n|upkeep\n|\n|t:|1776016620\n|switch|p2b: Incineroar|Incineroar, L50, M|7/100\n|switch|p1a: Basculegion|Basculegion-F, L50, F|100/100\n|-ability|p2b: Incineroar|Intimidate|boost\n|-unboost|p1a: Basculegion|atk|1\n|-unboost|p1b: Archaludon|atk|1\n|turn|4\n|inactive|mister meanor has 30 seconds left.\n|\n|t:|1776016645\n|move|p2a: Sinistcha|Rage Powder|p2a: Sinistcha\n|-singleturn|p2a: Sinistcha|move: Rage Powder\n|move|p1a: Basculegion|Flip Turn|p2a: Sinistcha\n|-resisted|p2a: Sinistcha|1\n|-damage|p2a: Sinistcha|93/100\n|\n|t:|1776016650\n|switch|p1a: Pelipper|Pelipper, L50, F|100/100|[from] Flip Turn\n|-weather|RainDance|[from] ability: Drizzle|[of] p1a: Pelipper\n|move|p1b: Archaludon|Flash Cannon|p2a: Sinistcha\n|-damage|p2a: Sinistcha|59/100\n|move|p2b: Incineroar|Flare Blitz|p1b: Archaludon\n|-damage|p1b: Archaludon|79/100\n|-ability|p1b: Archaludon|Stamina|boost\n|-boost|p1b: Archaludon|def|1\n|-damage|p2b: Incineroar|1/100|[from] Recoil\n|\n|-weather|RainDance|[upkeep]\n|-heal|p2b: Incineroar|7/100|[from] item: Leftovers\n|upkeep\n|turn|5\n|inactive|Orosu1922 has 30 seconds left.\n|inactive|mister meanor has 30 seconds left.\n|\n|t:|1776016684\n|switch|p1a: Basculegion|Basculegion-F, L50, F|100/100\n|move|p1b: Archaludon|Electro Shot||[still]\n|-prepare|p1b: Archaludon|Electro Shot\n|-boost|p1b: Archaludon|spa|1\n|-anim|p1b: Archaludon|Electro Shot|p2b: Incineroar\n|-damage|p2b: Incineroar|0 fnt\n|faint|p2b: Incineroar\n|move|p2a: Sinistcha|Shadow Ball|p1b: Archaludon\n|-damage|p1b: Archaludon|40/100\n|-ability|p1b: Archaludon|Stamina|boost\n|-boost|p1b: Archaludon|def|1\n|\n|-weather|RainDance|[upkeep]\n|upkeep\n|\n|t:|1776016698\n|switch|p2b: Froslass|Froslass, L50, F|100/100\n|turn|6\n|\n|t:|1776016715\n|detailschange|p2b: Froslass|Froslass-Mega, L50, F\n|-mega|p2b: Froslass|Froslass|Froslassite\n|-weather|Snowscape|[from] ability: Snow Warning|[of] p2b: Froslass\n|move|p1a: Basculegion|Flip Turn|p2b: Froslass\n|-damage|p2b: Froslass|75/100\n|\n|t:|1776016720\n|switch|p1a: Pelipper|Pelipper, L50, F|100/100|[from] Flip Turn\n|-weather|RainDance|[from] ability: Drizzle|[of] p1a: Pelipper\n|move|p2b: Froslass|Shadow Ball|p1b: Archaludon\n|-damage|p1b: Archaludon|0 fnt\n|faint|p1b: Archaludon\n|move|p2a: Sinistcha|Matcha Gotcha|p1a: Pelipper\n|-damage|p1a: Pelipper|59/100\n|-heal|p2a: Sinistcha|79/100|[from] drain|[of] p1a: Pelipper\n|\n|-weather|RainDance|[upkeep]\n|-heal|p1a: Pelipper|65/100|[from] item: Leftovers\n|upkeep\n|\n|t:|1776016733\n|switch|p1b: Basculegion|Basculegion-F, L50, F|100/100\n|turn|7\n|\n|t:|1776016753\n|move|p1a: Pelipper|Wide Guard|p1a: Pelipper\n|-singleturn|p1a: Pelipper|Wide Guard\n|move|p1b: Basculegion|Shadow Ball|p2b: Froslass\n|-supereffective|p2b: Froslass|1\n|-crit|p2b: Froslass\n|-damage|p2b: Froslass|0 fnt\n|faint|p2b: Froslass\n|move|p2a: Sinistcha|Matcha Gotcha|p1a: Pelipper|[spread] \n|-activate|p1a: Pelipper|move: Wide Guard\n|-activate|p1b: Basculegion|move: Wide Guard\n|\n|-weather|RainDance|[upkeep]\n|-heal|p1a: Pelipper|71/100|[from] item: Leftovers\n|upkeep\n|turn|8\n|c|\u2606mister meanor|gg\n|c|\u2606Orosu1922|Gg well played\n|\n|t:|1776016776\n|move|p1b: Basculegion|Shadow Ball|p2a: Sinistcha\n|-supereffective|p2a: Sinistcha|1\n|-damage|p2a: Sinistcha|0 fnt\n|faint|p2a: Sinistcha\n|\n|win|Orosu1922\n|raw|Orosu1922's rating: 1067 &rarr; <strong>1095</strong><br />(+28 for winning)\n|raw|mister meanor's rating: 1041 &rarr; <strong>1026</strong><br />(-15 for losing)\n|l|\u2606mister meanor\n|player|p2|\n",
  "uploadtime": 1776016788,
  "views": 23,
  "formatid": "gen9championsvgc2026regma",
  "rating": 1026,
  "private": 0,
  "password": null
}