{
  "id": "gen9championsvgc2026regma-2587008946",
  "format": "[Gen 9 Champions] VGC 2026 Reg M-A",
  "players": [
    "flymax",
    "Nachofrize"
  ],
  "log": "|j|\u2606flymax\n|j|\u2606Nachofrize\n|t:|1776480774\n|gametype|doubles\n|player|p1|flymax|norman|1080\n|player|p2|Nachofrize|cynthia|1069\n|gen|9\n|tier|[Gen 9 Champions] VGC 2026 Reg M-A\n|rated|\n|rule|Species Clause: Limit one of each Pok\u00e9mon\n|rule|Item Clause: Limit 1 of each item\n|clearpoke\n|poke|p1|Maushold-Four, L50|\n|poke|p1|Hawlucha, L50, M|\n|poke|p1|Sinistcha, L50|\n|poke|p1|Gliscor, L50, F|\n|poke|p1|Aggron, L50, M|\n|poke|p1|Tsareena, L50, F|\n|poke|p2|Alcremie-Ruby-Swirl, L50, F|\n|poke|p2|Chimecho, L50, M|\n|poke|p2|Volcarona, L50, M|\n|poke|p2|Maushold, L50|\n|poke|p2|Sinistcha-Masterpiece, L50|\n|poke|p2|Tyranitar, L50, F|\n|teampreview|4\n|\n|t:|1776480803\n|teamsize|p1|4\n|teamsize|p2|4\n|start\n|switch|p1a: Gliscor|Gliscor, L50, F|100/100\n|switch|p1b: Hawlucha|Hawlucha, L50, M|100/100\n|switch|p2a: Alcremie|Alcremie-Ruby-Swirl, L50, F|100/100\n|switch|p2b: Chimecho|Chimecho, L50, M|100/100\n|turn|1\n|inactive|Battle timer is ON: inactive players will automatically lose when time's up. (requested by Nachofrize)\n|\n|t:|1776480833\n|move|p1b: Hawlucha|Protect|p1b: Hawlucha\n|-singleturn|p1b: Hawlucha|Protect\n|move|p2b: Chimecho|Protect|p2b: Chimecho\n|-singleturn|p2b: Chimecho|Protect\n|move|p1a: Gliscor|Acrobatics|p2b: Chimecho\n|-activate|p2b: Chimecho|move: Protect\n|move|p2a: Alcremie|Decorate|p2b: Chimecho\n|-boost|p2b: Chimecho|atk|2\n|-boost|p2b: Chimecho|spa|2\n|\n|upkeep\n|turn|2\n|\n|t:|1776480853\n|detailschange|p1b: Hawlucha|Hawlucha-Mega, L50, M\n|-mega|p1b: Hawlucha|Hawlucha|Hawluchanite\n|detailschange|p2b: Chimecho|Chimecho-Mega, L50, M\n|-mega|p2b: Chimecho|Chimecho|Chimechite\n|move|p1b: Hawlucha|Brave Bird|p2b: Chimecho\n|-resisted|p2b: Chimecho|1\n|-crit|p2b: Chimecho\n|-damage|p2b: Chimecho|59/100\n|-damage|p1b: Hawlucha|84/100|[from] Recoil\n|move|p1a: Gliscor|Acrobatics|p2b: Chimecho\n|-resisted|p2b: Chimecho|1\n|-damage|p2b: Chimecho|39/100\n|move|p2b: Chimecho|Cosmic Power|p2b: Chimecho\n|-boost|p2b: Chimecho|def|1\n|-boost|p2b: Chimecho|spd|1\n|move|p2a: Alcremie|Decorate|p2b: Chimecho\n|-boost|p2b: Chimecho|atk|2\n|-boost|p2b: Chimecho|spa|2\n|\n|upkeep\n|turn|3\n|inactive|flymax has 30 seconds left.\n|\n|t:|1776480886\n|switch|p2a: Sinistcha|Sinistcha-Masterpiece, L50, shiny|100/100\n|-heal|p2b: Chimecho|64/100|[from] ability: Hospitality|[of] p2a: Sinistcha\n|move|p2b: Chimecho|Protect|p2b: Chimecho\n|-singleturn|p2b: Chimecho|Protect\n|move|p1b: Hawlucha|Flying Press|p2b: Chimecho\n|-activate|p2b: Chimecho|move: Protect\n|move|p1a: Gliscor|Acrobatics|p2b: Chimecho\n|-activate|p2b: Chimecho|move: Protect\n|\n|upkeep\n|turn|4\n|\n|t:|1776480910\n|switch|p2a: Alcremie|Alcremie-Ruby-Swirl, L50, F|100/100\n|move|p1b: Hawlucha|Protect|p1b: Hawlucha\n|-singleturn|p1b: Hawlucha|Protect\n|move|p1a: Gliscor|Acrobatics|p2a: Alcremie\n|-damage|p2a: Alcremie|50/100\n|-enditem|p2a: Alcremie|Sitrus Berry|[eat]\n|-heal|p2a: Alcremie|75/100|[from] item: Sitrus Berry\n|move|p2b: Chimecho|Draining Kiss|p1b: Hawlucha\n|-activate|p1b: Hawlucha|move: Protect\n|\n|upkeep\n|turn|5\n|inactive|flymax has 30 seconds left.\n|inactive|Nachofrize has 30 seconds left.\n|inactive|flymax has 20 seconds left.\n|\n|t:|1776480948\n|switch|p2a: Sinistcha|Sinistcha-Masterpiece, L50, shiny|100/100\n|-heal|p2b: Chimecho|88/100|[from] ability: Hospitality|[of] p2a: Sinistcha\n|move|p1b: Hawlucha|Protect||[still]\n|-fail|p1b: Hawlucha\n|move|p1a: Gliscor|Acrobatics|p2a: Sinistcha\n|-supereffective|p2a: Sinistcha|1\n|-damage|p2a: Sinistcha|12/100\n|move|p2b: Chimecho|Stored Power|p1b: Hawlucha\n|-supereffective|p1b: Hawlucha|1\n|-damage|p1b: Hawlucha|0 fnt\n|faint|p1b: Hawlucha\n|\n|-heal|p2a: Sinistcha|18/100|[from] item: Leftovers\n|upkeep\n|-message|flymax forfeited.\n|\n|win|Nachofrize\n|raw|flymax's rating: 1080 &rarr; <strong>1057</strong><br />(-23 for losing)\n|raw|Nachofrize's rating: 1069 &rarr; <strong>1100</strong><br />(+31 for winning)\n|l|\u2606flymax\n|player|p1|\n",
  "uploadtime": 1776480976,
  "views": 15,
  "formatid": "gen9championsvgc2026regma",
  "rating": 1057,
  "private": 0,
  "password": null
}