{
  "id": "gen9championsvgc2026regma-2581866460",
  "format": "[Gen 9 Champions] VGC 2026 Reg M-A",
  "players": [
    "ilovedelphox",
    "moonslk"
  ],
  "log": "|j|\u2606ilovedelphox\n|j|\u2606moonslk\n|t:|1776034999\n|gametype|doubles\n|player|p1|ilovedelphox|skyla|\n|player|p2|moonslk|selene-masters2|\n|gen|9\n|tier|[Gen 9 Champions] VGC 2026 Reg M-A\n|rule|Species Clause: Limit one of each Pok\u00e9mon\n|rule|Item Clause: Limit 1 of each item\n|clearpoke\n|poke|p1|Charizard, L50, M|\n|poke|p1|Incineroar, L50, M|\n|poke|p1|Venusaur, L50, M|\n|poke|p1|Garchomp, L50, M|\n|poke|p1|Aerodactyl, L50, F|\n|poke|p1|Ninetales, L50, M|\n|poke|p2|Meganium, L50, M|\n|poke|p2|Pelipper, L50, F|\n|poke|p2|Archaludon, L50, M|\n|poke|p2|Basculegion, L50, M|\n|poke|p2|Incineroar, L50, M|\n|poke|p2|Sinistcha, L50|\n|teampreview|4\n|\n|t:|1776035048\n|teamsize|p1|4\n|teamsize|p2|4\n|start\n|switch|p1a: Charizard|Charizard, L50, M|100/100\n|switch|p1b: Incineroar|Incineroar, L50, M, shiny|100/100\n|switch|p2a: Basculegion|Basculegion, L50, M|100/100\n|switch|p2b: Pepe|Pelipper, L50, F|100/100\n|-weather|RainDance|[from] ability: Drizzle|[of] p2b: Pepe\n|-ability|p1b: Incineroar|Intimidate|boost\n|-unboost|p2a: Basculegion|atk|1\n|-unboost|p2b: Pepe|atk|1\n|turn|1\n|\n|t:|1776035078\n|detailschange|p1a: Charizard|Charizard-Mega-Y, L50, M\n|-mega|p1a: Charizard|Charizard|Charizardite Y\n|-weather|SunnyDay|[from] ability: Drought|[of] p1a: Charizard\n|move|p1a: Charizard|Protect|p1a: Charizard\n|-singleturn|p1a: Charizard|Protect\n|move|p2a: Basculegion|Wave Crash|p1a: Charizard\n|-activate|p1a: Charizard|move: Protect\n|move|p2b: Pepe|Hurricane|p1a: Charizard\n|-activate|p1a: Charizard|move: Protect\n|move|p1b: Incineroar|Parting Shot|p2a: Basculegion\n|-unboost|p2a: Basculegion|atk|1\n|-unboost|p2a: Basculegion|spa|1\n|\n|t:|1776035092\n|switch|p1b: Venusaur|Venusaur, L50, M|100/100|[from] Parting Shot\n|\n|-weather|SunnyDay|[upkeep]\n|upkeep\n|turn|2\n|\n|t:|1776035112\n|switch|p2a: Incineroar|Incineroar, L50, M|100/100\n|-ability|p2a: Incineroar|Intimidate|boost\n|-unboost|p1a: Charizard|atk|1\n|-unboost|p1b: Venusaur|atk|1\n|move|p1b: Venusaur|Sludge Bomb|p2b: Pepe\n|-crit|p2b: Pepe\n|-damage|p2b: Pepe|3/100\n|move|p1a: Charizard|Solar Beam||[still]\n|-prepare|p1a: Charizard|Solar Beam\n|-anim|p1a: Charizard|Solar Beam|p2a: Incineroar\n|-resisted|p2a: Incineroar|1\n|-damage|p2a: Incineroar|78/100\n|move|p2b: Pepe|Tailwind|p2b: Pepe\n|-sidestart|p2: moonslk|move: Tailwind\n|\n|-weather|SunnyDay|[upkeep]\n|upkeep\n|turn|3\n|\n|t:|1776035155\n|switch|p2b: Basculegion|Basculegion, L50, M|100/100\n|move|p1b: Venusaur|Protect|p1b: Venusaur\n|-singleturn|p1b: Venusaur|Protect\n|move|p2a: Incineroar|Parting Shot|p1a: Charizard\n|-unboost|p1a: Charizard|atk|1\n|-unboost|p1a: Charizard|spa|1\n|\n|t:|1776035163\n|switch|p2a: Pepe|Pelipper, L50, F|3/100|[from] Parting Shot\n|-weather|RainDance|[from] ability: Drizzle|[of] p2a: Pepe\n|move|p1a: Charizard|Heat Wave|p2b: Basculegion|[spread] p2b\n|-miss|p1a: Charizard|p2a: Pepe\n|-resisted|p2b: Basculegion|1\n|-damage|p2b: Basculegion|93/100\n|\n|-weather|RainDance|[upkeep]\n|upkeep\n|turn|4\n|\n|t:|1776035195\n|switch|p1a: Aerodactyl|Aerodactyl, L50, F|100/100\n|-ability|p1a: Aerodactyl|Unnerve\n|switch|p1b: Incineroar|Incineroar, L50, M, shiny|100/100\n|-ability|p1b: Incineroar|Intimidate|boost\n|-unboost|p2a: Pepe|atk|1\n|-unboost|p2b: Basculegion|atk|1\n|move|p2b: Basculegion|Psychic Fangs|p1b: Incineroar\n|-immune|p1b: Incineroar\n|move|p2a: Pepe|Weather Ball|p1a: Aerodactyl\n|-supereffective|p1a: Aerodactyl|1\n|-damage|p1a: Aerodactyl|0 fnt\n|faint|p1a: Aerodactyl\n|\n|-weather|RainDance|[upkeep]\n|upkeep\n|\n|t:|1776035201\n|switch|p1a: Charizard|Charizard-Mega-Y, L50, M|100/100\n|-weather|SunnyDay|[from] ability: Drought|[of] p1a: Charizard\n|turn|5\n|\n|t:|1776035224\n|switch|p2a: Incineroar|Incineroar, L50, M|78/100\n|-ability|p2a: Incineroar|Intimidate|boost\n|-unboost|p1a: Charizard|atk|1\n|-unboost|p1b: Incineroar|atk|1\n|move|p1b: Incineroar|Fake Out|p2a: Incineroar\n|-damage|p2a: Incineroar|69/100\n|move|p2b: Basculegion|Flip Turn|p1a: Charizard\n|-supereffective|p1a: Charizard|1\n|-damage|p1a: Charizard|73/100\n|\n|t:|1776035233\n|switch|p2b: Pepe|Pelipper, L50, F|3/100|[from] Flip Turn\n|-weather|RainDance|[from] ability: Drizzle|[of] p2b: Pepe\n|move|p1a: Charizard|Scorching Sands|p2b: Pepe\n|-immune|p2b: Pepe\n|\n|-weather|RainDance|[upkeep]\n|-sideend|p2: moonslk|move: Tailwind\n|upkeep\n|turn|6\n|\n|t:|1776035247\n|move|p1a: Charizard|Protect|p1a: Charizard\n|-singleturn|p1a: Charizard|Protect\n|move|p2b: Pepe|Weather Ball|p1a: Charizard\n|-activate|p1a: Charizard|move: Protect\n|move|p2a: Incineroar|Parting Shot|p1a: Charizard\n|-activate|p1a: Charizard|move: Protect\n|move|p1b: Incineroar|Parting Shot|p2a: Incineroar\n|-unboost|p2a: Incineroar|atk|1\n|-unboost|p2a: Incineroar|spa|1\n|\n|t:|1776035257\n|switch|p1b: Venusaur|Venusaur, L50, M|100/100|[from] Parting Shot\n|\n|-weather|RainDance|[upkeep]\n|upkeep\n|turn|7\n|\n|t:|1776035274\n|switch|p1a: Incineroar|Incineroar, L50, M, shiny|100/100\n|-ability|p1a: Incineroar|Intimidate|boost\n|-unboost|p2a: Incineroar|atk|1\n|-unboost|p2b: Pepe|atk|1\n|move|p2b: Pepe|Protect|p2b: Pepe\n|-singleturn|p2b: Pepe|Protect\n|move|p1b: Venusaur|Giga Drain|p2b: Pepe\n|-activate|p2b: Pepe|move: Protect\n|move|p2a: Incineroar|Parting Shot|p1a: Incineroar\n|-unboost|p1a: Incineroar|atk|1\n|-unboost|p1a: Incineroar|spa|1\n|\n|t:|1776035286\n|switch|p2a: Basculegion|Basculegion, L50, M|93/100|[from] Parting Shot\n|\n|-weather|RainDance|[upkeep]\n|upkeep\n|turn|8\n|\n|t:|1776035296\n|switch|p2b: Incineroar|Incineroar, L50, M|69/100\n|-ability|p2b: Incineroar|Intimidate|boost\n|-unboost|p1a: Incineroar|atk|1\n|-unboost|p1b: Venusaur|atk|1\n|move|p1a: Incineroar|Fake Out|p2b: Incineroar\n|-damage|p2b: Incineroar|63/100\n|move|p2a: Basculegion|Wave Crash|p1a: Incineroar\n|-supereffective|p1a: Incineroar|1\n|-damage|p1a: Incineroar|0 fnt\n|faint|p1a: Incineroar\n|-damage|p2a: Basculegion|64/100|[from] Recoil\n|move|p1b: Venusaur|Giga Drain|p2a: Basculegion\n|-supereffective|p2a: Basculegion|1\n|-damage|p2a: Basculegion|0 fnt\n|faint|p2a: Basculegion\n|\n|-weather|RainDance|[upkeep]\n|upkeep\n|\n|t:|1776035319\n|switch|p2a: Prime Ganium|Meganium, L50, M|100/100\n|switch|p1a: Charizard|Charizard-Mega-Y, L50, M|73/100\n|-weather|SunnyDay|[from] ability: Drought|[of] p1a: Charizard\n|turn|9\n|\n|t:|1776035340\n|switch|p2a: Pepe|Pelipper, L50, F|3/100\n|-weather|RainDance|[from] ability: Drizzle|[of] p2a: Pepe\n|move|p2b: Incineroar|Fake Out|p1a: Charizard\n|-damage|p1a: Charizard|55/100\n|cant|p1a: Charizard|flinch\n|move|p1b: Venusaur|Sludge Bomb|p2a: Pepe\n|-damage|p2a: Pepe|0 fnt\n|faint|p2a: Pepe\n|\n|-weather|RainDance|[upkeep]\n|upkeep\n|\n|t:|1776035351\n|switch|p2a: Prime Ganium|Meganium, L50, M|100/100\n|turn|10\n|\n|t:|1776035359\n|detailschange|p2a: Prime Ganium|Meganium-Mega, L50, M\n|-mega|p2a: Prime Ganium|Meganium|Meganiumite\n|move|p1a: Charizard|Scorching Sands|p2b: Incineroar\n|-supereffective|p2b: Incineroar|1\n|-damage|p2b: Incineroar|7/100\n|move|p1b: Venusaur|Sludge Bomb|p2a: Prime Ganium\n|-supereffective|p2a: Prime Ganium|2\n|-damage|p2a: Prime Ganium|0 fnt\n|faint|p2a: Prime Ganium\n|move|p2b: Incineroar|Parting Shot|p1b: Venusaur\n|-unboost|p1b: Venusaur|atk|1\n|-unboost|p1b: Venusaur|spa|1\n|\n|-weather|RainDance|[upkeep]\n|upkeep\n|turn|11\n|\n|t:|1776035375\n|move|p1a: Charizard|Scorching Sands|p2b: Incineroar\n|-supereffective|p2b: Incineroar|1\n|-damage|p2b: Incineroar|0 fnt\n|faint|p2b: Incineroar\n|\n|win|ilovedelphox\n|l|\u2606moonslk\n|player|p2|\n",
  "uploadtime": 1776035383,
  "views": 10,
  "formatid": "gen9championsvgc2026regma",
  "rating": null,
  "private": 0,
  "password": null
}