{
  "id": "gen9championsvgc2026regma-2588170656",
  "format": "[Gen 9 Champions] VGC 2026 Reg M-A",
  "players": [
    "disciple of blahaj",
    "Cheasleywithaw"
  ],
  "log": "|j|\u2606disciple of blahaj\n|j|\u2606Cheasleywithaw\n|t:|1776611185\n|gametype|doubles\n|player|p1|disciple of blahaj|jacinthe|1277\n|player|p2|Cheasleywithaw|265|1343\n|gen|9\n|tier|[Gen 9 Champions] VGC 2026 Reg M-A\n|rated|\n|rule|Species Clause: Limit one of each Pok\u00e9mon\n|rule|Item Clause: Limit 1 of each item\n|clearpoke\n|poke|p1|Lopunny, L50, M, shiny|\n|poke|p1|Basculegion, L50, M|\n|poke|p1|Klefki, L50, M, shiny|\n|poke|p1|Pelipper, L50, M|\n|poke|p1|Garchomp, L50, F|\n|poke|p1|Aegislash, L50, M|\n|poke|p2|Incineroar, L50, F|\n|poke|p2|Sinistcha-Masterpiece, L50|\n|poke|p2|Floette-Eternal, L50, F|\n|poke|p2|Aerodactyl, L50, M|\n|poke|p2|Garchomp, L50, M|\n|poke|p2|Rotom-Wash, L50|\n|teampreview|4\nCheasleywithaw has agreed to open team sheets.\n|c|\u2606Cheasleywithaw|Sharky\n|\n|t:|1776611238\n|teamsize|p1|4\n|teamsize|p2|4\n|start\n|switch|p1a: Lopunny|Lopunny, L50, M, shiny|100/100\n|switch|p1b: Basculegion|Basculegion, L50, M|100/100\n|switch|p2a: Rotom|Rotom-Wash, L50|100/100\n|switch|p2b: Incineroar|Incineroar, L50, F|100/100\n|-ability|p2b: Incineroar|Intimidate|boost\n|-unboost|p1a: Lopunny|atk|1\n|-unboost|p1b: Basculegion|atk|1\n|turn|1\n|c|\u2606disciple of blahaj|I love the sharky <3\n|\n|t:|1776611256\n|switch|p2b: Garchomp|Garchomp, L50, M|100/100\n|detailschange|p1a: Lopunny|Lopunny-Mega, L50, M, shiny\n|-mega|p1a: Lopunny|Lopunny|Lopunnite\n|move|p1a: Lopunny|Fake Out|p2a: Rotom\n|-damage|p2a: Rotom|83/100\n|move|p1b: Basculegion|Flip Turn|p2a: Rotom\n|-resisted|p2a: Rotom|1\n|-damage|p2a: Rotom|69/100\n|\n|t:|1776611266\n|switch|p1b: Pelipper|Pelipper, L50, M|100/100|[from] Flip Turn\n|-weather|RainDance|[from] ability: Drizzle|[of] p1b: Pelipper\n|cant|p2a: Rotom|flinch\n|\n|-weather|RainDance|[upkeep]\n|-heal|p2a: Rotom|75/100|[from] item: Leftovers\n|upkeep\n|turn|2\n|\n|t:|1776611281\n|move|p1b: Pelipper|Protect|p1b: Pelipper\n|-singleturn|p1b: Pelipper|Protect\n|move|p1a: Lopunny|Close Combat|p2a: Rotom\n|-damage|p2a: Rotom|31/100\n|-unboost|p1a: Lopunny|def|1\n|-unboost|p1a: Lopunny|spd|1\n|move|p2b: Garchomp|Scale Shot|p1b: Pelipper\n|-activate|p1b: Pelipper|move: Protect\n|move|p2a: Rotom|Volt Switch|p1b: Pelipper\n|-activate|p1b: Pelipper|move: Protect\n|\n|-weather|RainDance|[upkeep]\n|-heal|p2a: Rotom|37/100|[from] item: Leftovers\n|upkeep\n|turn|3\n|\n|t:|1776611305\n|switch|p1b: Basculegion|Basculegion, L50, M|100/100\n|move|p1a: Lopunny|Close Combat|p2a: Rotom\n|-damage|p2a: Rotom|0 fnt\n|-unboost|p1a: Lopunny|def|1\n|-unboost|p1a: Lopunny|spd|1\n|faint|p2a: Rotom\n|move|p2b: Garchomp|Scale Shot|p1b: Basculegion\n|-damage|p1b: Basculegion|82/100\n|-damage|p1b: Basculegion|63/100\n|-damage|p1b: Basculegion|46/100\n|-damage|p1b: Basculegion|28/100\n|-hitcount|p1b: Basculegion|4\n|-unboost|p2b: Garchomp|def|1\n|-boost|p2b: Garchomp|spe|1\n|-enditem|p2b: Garchomp|White Herb\n|-clearnegativeboost|p2b: Garchomp|[silent]\n|\n|-weather|RainDance|[upkeep]\n|upkeep\n|\n|t:|1776611312\n|switch|p2a: Floette|Floette-Eternal, L50, F|100/100\n|turn|4\n|\n|t:|1776611343\n|switch|p1a: Pelipper|Pelipper, L50, M|100/100\n|detailschange|p2a: Floette|Floette-Mega, L50, F\n|-mega|p2a: Floette|Floette|Floettite\n|-ability|p2a: Floette|Fairy Aura\n|move|p2a: Floette|Protect|p2a: Floette\n|-singleturn|p2a: Floette|Protect\n|move|p1b: Basculegion|Aqua Jet|p2a: Floette\n|-activate|p2a: Floette|move: Protect\n|move|p2b: Garchomp|Earthquake|p1a: Pelipper|[spread] p1b\n|-activate|p2a: Floette|move: Protect\n|-immune|p1a: Pelipper\n|-damage|p1b: Basculegion|0 fnt\n|faint|p1b: Basculegion\n|\n|-weather|RainDance|[upkeep]\n|upkeep\n|\n|t:|1776611355\n|switch|p1b: Lopunny|Lopunny-Mega, L50, M, shiny|100/100\n|turn|5\n|\n|t:|1776611403\n|move|p2b: Garchomp|Protect|p2b: Garchomp\n|-singleturn|p2b: Garchomp|Protect\n|move|p1b: Lopunny|Encore|p2a: Floette\n|-start|p2a: Floette|Encore\n|move|p2a: Floette|Protect||[still]\n|-fail|p2a: Floette\n|move|p1a: Pelipper|Weather Ball|p2b: Garchomp\n|-activate|p2b: Garchomp|move: Protect\n|\n|-weather|none\n|upkeep\n|turn|6\n|\n|t:|1776611421\n|switch|p2a: Incineroar|Incineroar, L50, F|100/100\n|-ability|p2a: Incineroar|Intimidate|boost\n|-unboost|p1a: Pelipper|atk|1\n|-fail|p1b: Lopunny|unboost|Attack|[from] ability: Scrappy|[of] p1b: Lopunny\n|move|p2b: Garchomp|Stomping Tantrum|p1b: Lopunny\n|-damage|p1b: Lopunny|46/100\n|move|p1b: Lopunny|Close Combat|p2b: Garchomp\n|-damage|p2b: Garchomp|38/100\n|-unboost|p1b: Lopunny|def|1\n|-unboost|p1b: Lopunny|spd|1\n|-damage|p1b: Lopunny|34/100|[from] ability: Rough Skin|[of] p2b: Garchomp\n|move|p1a: Pelipper|Hurricane|p2b: Garchomp\n|-damage|p2b: Garchomp|0 fnt\n|faint|p2b: Garchomp\n|\n|upkeep\n|\n|t:|1776611456\n|switch|p2b: Floette|Floette-Mega, L50, F|100/100\n|-ability|p2b: Floette|Fairy Aura\n|turn|7\n|\n|t:|1776611467\n|move|p1a: Pelipper|Protect|p1a: Pelipper\n|-singleturn|p1a: Pelipper|Protect\n|move|p2a: Incineroar|Fake Out|p1b: Lopunny\n|-damage|p1b: Lopunny|13/100\n|cant|p1b: Lopunny|flinch\n|move|p2b: Floette|Dazzling Gleam|p1b: Lopunny|[spread] p1b\n|-activate|p1a: Pelipper|move: Protect\n|-supereffective|p1b: Lopunny|1\n|-damage|p1b: Lopunny|0 fnt\n|faint|p1b: Lopunny\n|\n|upkeep\n|\n|t:|1776611476\n|switch|p1b: Aegislash|Aegislash, L50, M|100/100\n|turn|8\n|\n|t:|1776611485\n|move|p2b: Floette|Protect|p2b: Floette\n|-singleturn|p2b: Floette|Protect\n|move|p1a: Pelipper|Muddy Water|p2a: Incineroar|[spread] p2a\n|-activate|p2b: Floette|move: Protect\n|-supereffective|p2a: Incineroar|1\n|-damage|p2a: Incineroar|44/100\n|-enditem|p2a: Incineroar|Sitrus Berry|[eat]\n|-heal|p2a: Incineroar|69/100|[from] item: Sitrus Berry\n|move|p2a: Incineroar|Parting Shot|p1b: Aegislash\n|-unboost|p1b: Aegislash|atk|1\n|-unboost|p1b: Aegislash|spa|1\n|-formechange|p1b: Aegislash|Aegislash-Blade|\n|move|p1b: Aegislash|Sacred Sword|p2a: Incineroar\n|-supereffective|p2a: Incineroar|1\n|-damage|p2a: Incineroar|35/100\n|\n|upkeep\n|turn|9\n|\n|t:|1776611514\n|move|p2b: Floette|Dazzling Gleam|p1a: Pelipper|[spread] p1a,p1b\n|-resisted|p1b: Aegislash|1\n|-damage|p1a: Pelipper|34/100\n|-damage|p1b: Aegislash|57/100\n|-enditem|p1a: Pelipper|Sitrus Berry|[eat]\n|-heal|p1a: Pelipper|59/100|[from] item: Sitrus Berry\n|move|p1a: Pelipper|Muddy Water|p2a: Incineroar|[spread] p2a,p2b\n|-supereffective|p2a: Incineroar|1\n|-damage|p2a: Incineroar|0 fnt\n|-damage|p2b: Floette|77/100\n|faint|p2a: Incineroar\n|move|p1b: Aegislash|Iron Head|p2b: Floette\n|-supereffective|p2b: Floette|1\n|-damage|p2b: Floette|15/100\n|\n|-heal|p1b: Aegislash|63/100|[from] item: Leftovers\n|upkeep\n|turn|10\n|-message|Cheasleywithaw forfeited.\n|\n|win|disciple of blahaj\n|raw|disciple of blahaj's rating: 1277 &rarr; <strong>1307</strong><br />(+30 for winning)\n|raw|Cheasleywithaw's rating: 1343 &rarr; <strong>1319</strong><br />(-24 for losing)\n|l|\u2606Cheasleywithaw\n|player|p2|\n",
  "uploadtime": 1776611538,
  "views": 11,
  "formatid": "gen9championsvgc2026regma",
  "rating": 1307,
  "private": 0,
  "password": null
}