{
  "id": "gen9championsvgc2026regma-2586297602",
  "format": "[Gen 9 Champions] VGC 2026 Reg M-A",
  "players": [
    "Brokemon go raids",
    "69swagman"
  ],
  "log": "|j|\u2606Brokemon go raids\n|j|\u260669swagman\n|t:|1776422626\n|gametype|doubles\n|player|p1|Brokemon go raids|dancer|1114\n|player|p2|69swagman|265|1129\n|gen|9\n|tier|[Gen 9 Champions] VGC 2026 Reg M-A\n|rated|\n|rule|Species Clause: Limit one of each Pok\u00e9mon\n|rule|Item Clause: Limit 1 of each item\n|clearpoke\n|poke|p1|Gengar, L50, F|\n|poke|p1|Incineroar, L50, M|\n|poke|p1|Kingambit, L50, M|\n|poke|p1|Tyranitar, L50, M|\n|poke|p1|Sinistcha, L50|\n|poke|p1|Kommo-o, L50, F|\n|poke|p2|Meganium, L50, F|\n|poke|p2|Gengar, L50, F|\n|poke|p2|Pelipper, L50, M|\n|poke|p2|Gallade, L50, M|\n|poke|p2|Bellibolt, L50, F|\n|poke|p2|Clefable, L50, M|\n|teampreview|4\n69swagman has agreed to open team sheets.\n|\n|t:|1776422663\n|teamsize|p1|4\n|teamsize|p2|4\n|start\n|switch|p1a: Gengar|Gengar, L50, F, shiny|100/100\n|switch|p1b: Incineroar|Incineroar, L50, M|100/100\n|switch|p2a: Gallade|Gallade, L50, M|100/100\n|switch|p2b: Bellibolt|Bellibolt, L50, F|100/100\n|-ability|p1b: Incineroar|Intimidate|boost\n|-unboost|p2a: Gallade|atk|1\n|-unboost|p2b: Bellibolt|atk|1\n|turn|1\n|\n|t:|1776422698\n|detailschange|p1a: Gengar|Gengar-Mega, L50, F, shiny\n|-mega|p1a: Gengar|Gengar|Gengarite\n|detailschange|p2a: Gallade|Gallade-Mega, L50, M\n|-mega|p2a: Gallade|Gallade|Galladite\n|move|p1b: Incineroar|Fake Out|p2a: Gallade\n|-damage|p2a: Gallade|87/100\n|move|p1a: Gengar|Perish Song|p1a: Gengar\n|-start|p1a: Gengar|perish3|[silent]\n|-start|p1b: Incineroar|perish3|[silent]\n|-start|p2a: Gallade|perish3|[silent]\n|-start|p2b: Bellibolt|perish3|[silent]\n|-fieldactivate|move: Perish Song\n|move|p2a: Gallade|Zen Headbutt|p1a: Gengar|[miss]\n|-miss|p2a: Gallade|p1a: Gengar\n|move|p2b: Bellibolt|Electroweb|p1a: Gengar|[spread] p1b\n|-miss|p2b: Bellibolt|p1a: Gengar\n|-damage|p1b: Incineroar|90/100\n|-unboost|p1b: Incineroar|spe|1\n|\n|-start|p1a: Gengar|perish3\n|-start|p2a: Gallade|perish3\n|-start|p2b: Bellibolt|perish3\n|-start|p1b: Incineroar|perish3\n|upkeep\n|turn|2\n|\n|t:|1776422754\n|move|p1a: Gengar|Substitute|p1a: Gengar\n|-start|p1a: Gengar|Substitute\n|-damage|p1a: Gengar|76/100\n|move|p2a: Gallade|Zen Headbutt|p1a: Gengar\n|-supereffective|p1a: Gengar|1\n|-end|p1a: Gengar|Substitute\n|move|p2b: Bellibolt|Electroweb|p1b: Incineroar|[spread] p1b\n|-miss|p2b: Bellibolt|p1a: Gengar\n|-damage|p1b: Incineroar|77/100\n|-unboost|p1b: Incineroar|spe|1\n|move|p1b: Incineroar|Throat Chop|p2a: Gallade\n|-damage|p2a: Gallade|49/100\n|-start|p2a: Gallade|Throat Chop|[silent]\n|\n|-start|p1a: Gengar|perish2\n|-start|p2a: Gallade|perish2\n|-start|p2b: Bellibolt|perish2\n|-start|p1b: Incineroar|perish2\n|upkeep\n|turn|3\n|\n|t:|1776422784\n|switch|p1b: Sinistcha|Sinistcha, L50|100/100\n|-heal|p1a: Gengar|100/100|[from] ability: Hospitality|[of] p1b: Sinistcha\n|move|p1a: Gengar|Protect|p1a: Gengar\n|-singleturn|p1a: Gengar|Protect\n|move|p2a: Gallade|Close Combat|p1b: Sinistcha\n|-immune|p1b: Sinistcha\n|move|p2b: Bellibolt|Muddy Water|p1a: Gengar|[spread] p1b\n|-activate|p1a: Gengar|move: Protect\n|-resisted|p1b: Sinistcha|1\n|-damage|p1b: Sinistcha|93/100\n|\n|-end|p2a: Gallade|Throat Chop|[silent]\n|-start|p1a: Gengar|perish1\n|-start|p2a: Gallade|perish1\n|-start|p2b: Bellibolt|perish1\n|upkeep\n|turn|4\n|inactive|Battle timer is ON: inactive players will automatically lose when time's up. (requested by 69swagman)\n|\n|t:|1776422822\n|switch|p1a: Tyranitar|Tyranitar, L50, M|100/100\n|-weather|Sandstorm|[from] ability: Sand Stream|[of] p1a: Tyranitar\n|move|p2a: Gallade|Knock Off|p1b: Sinistcha\n|-supereffective|p1b: Sinistcha|1\n|-damage|p1b: Sinistcha|45/100\n|-enditem|p1b: Sinistcha|Sitrus Berry|[from] move: Knock Off|[of] p2a: Gallade\n|move|p1b: Sinistcha|Matcha Gotcha|p2b: Bellibolt|[spread] p2a,p2b\n|-damage|p2a: Gallade|22/100\n|-heal|p1b: Sinistcha|56/100|[from] drain|[of] p2a: Gallade\n|-damage|p2b: Bellibolt|80/100\n|-heal|p1b: Sinistcha|67/100|[from] drain|[of] p2b: Bellibolt\n|-status|p2a: Gallade|brn\n|-start|p2b: Bellibolt|Charge|Matcha Gotcha|[from] ability: Electromorphosis\n|move|p2b: Bellibolt|Electroweb|p1a: Tyranitar|[spread] p1b\n|-miss|p2b: Bellibolt|p1a: Tyranitar\n|-resisted|p1b: Sinistcha|1\n|-damage|p1b: Sinistcha|51/100\n|-unboost|p1b: Sinistcha|spe|1\n|-end|p2b: Bellibolt|Charge|[silent]\n|\n|-weather|Sandstorm|[upkeep]\n|-damage|p2a: Gallade|16/100 brn|[from] Sandstorm\n|-damage|p2b: Bellibolt|74/100|[from] Sandstorm\n|-damage|p1b: Sinistcha|45/100|[from] Sandstorm\n|-heal|p2b: Bellibolt|80/100|[from] item: Leftovers\n|-damage|p2a: Gallade|9/100 brn|[from] brn\n|-start|p2a: Gallade|perish0\n|-start|p2b: Bellibolt|perish0\n|upkeep\n|faint|p2a: Gallade\n|faint|p2b: Bellibolt\n|inactive|69swagman has 30 seconds left.\n|c|\u260669swagman|3 misses?!\n|inactive|69swagman has 20 seconds left.\n|\n|t:|1776422859\n|switch|p2a: Gengar|Gengar, L50, F|100/100\n|switch|p2b: Clefable|Clefable, L50, M|100/100\n|turn|5\n|inactive|69swagman has 30 seconds left.\n|\n|t:|1776422888\n|move|p1a: Tyranitar|Knock Off|p2a: Gengar\n|-supereffective|p2a: Gengar|1\n|-damage|p2a: Gengar|0 fnt\n|-enditem|p2a: Gengar|King's Rock|[from] move: Knock Off|[of] p1a: Tyranitar\n|faint|p2a: Gengar\n|move|p2b: Clefable|Moonblast|p1a: Tyranitar\n|-supereffective|p1a: Tyranitar|1\n|-damage|p1a: Tyranitar|56/100\n|-unboost|p1a: Tyranitar|spa|1\n|move|p1b: Sinistcha|Life Dew|p1b: Sinistcha|[spread] p1a,p1b\n|-heal|p1a: Tyranitar|81/100\n|-heal|p1b: Sinistcha|70/100\n|\n|-weather|Sandstorm|[upkeep]\n|-damage|p2b: Clefable|95/100|[from] Sandstorm\n|-damage|p1b: Sinistcha|64/100|[from] Sandstorm\n|upkeep\n|turn|6\n|-message|69swagman forfeited.\n|\n|win|Brokemon go raids\n|raw|Brokemon go raids's rating: 1114 &rarr; <strong>1140</strong><br />(+26 for winning)\n|raw|69swagman's rating: 1129 &rarr; <strong>1103</strong><br />(-26 for losing)\n|l|\u260669swagman\n|player|p2|\n|l|\u2606Brokemon go raids\n|player|p1|\n|j|\u2606Brokemon go raids\n|player|p1|Brokemon go raids|dancer|\n",
  "uploadtime": 1776422953,
  "views": 34,
  "formatid": "gen9championsvgc2026regma",
  "rating": 1103,
  "private": 0,
  "password": null
}