{
  "id": "gen9championsvgc2026regma-2586136850",
  "format": "[Gen 9 Champions] VGC 2026 Reg M-A",
  "players": [
    "danielhart",
    "ministermilk"
  ],
  "log": "|j|\u2606danielhart\n|j|\u2606ministermilk\n|t:|1776403579\n|gametype|doubles\n|player|p1|danielhart|policeman-gen4|1075\n|player|p2|ministermilk|170|1119\n|gen|9\n|tier|[Gen 9 Champions] VGC 2026 Reg M-A\n|rated|\n|rule|Species Clause: Limit one of each Pok\u00e9mon\n|rule|Item Clause: Limit 1 of each item\n|clearpoke\n|poke|p1|Sylveon, L50, F|\n|poke|p1|Skarmory, L50, F|\n|poke|p1|Dragapult, L50, F|\n|poke|p1|Milotic, L50, M|\n|poke|p1|Whimsicott, L50, M|\n|poke|p1|Sneasler, L50, F|\n|poke|p2|Slowking, L50, F|\n|poke|p2|Crabominable, L50, F|\n|poke|p2|Sinistcha, L50|\n|poke|p2|Incineroar, L50, F|\n|poke|p2|Froslass, L50, F|\n|poke|p2|Espathra, L50, F|\n|teampreview|4\n|\n|t:|1776403618\n|teamsize|p1|4\n|teamsize|p2|4\n|start\n|switch|p1a: Dragapult|Dragapult, L50, F, shiny|100/100\n|switch|p1b: Skarmory|Skarmory, L50, F, shiny|100/100\n|switch|p2a: Slowking|Slowking, L50, F|100/100\n|switch|p2b: Incineroar|Incineroar, L50, F|100/100\n|-ability|p2b: Incineroar|Intimidate|boost\n|-fail|p1a: Dragapult|unboost|[from] ability: Clear Body|[of] p1a: Dragapult\n|-unboost|p1b: Skarmory|atk|1\n|turn|1\n|\n|t:|1776403647\n|switch|p1b: Sneasler|Sneasler, L50, F|100/100\n|move|p2b: Incineroar|Fake Out|p1b: Sneasler\n|-damage|p1b: Sneasler|74/100\n|move|p1a: Dragapult|Phantom Force||[still]\n|-prepare|p1a: Dragapult|Phantom Force\n|move|p2a: Slowking|Trick Room|p2a: Slowking\n|-fieldstart|move: Trick Room|[of] p2a: Slowking\n|\n|upkeep\n|turn|2\n|\n|t:|1776403676\n|move|p1b: Sneasler|Fake Out|p2b: Incineroar\n|-damage|p2b: Incineroar|85/100\n|-prepare|p2a: Slowking|Chilly Reception|[premajor]\n|move|p2a: Slowking|Chilly Reception|p2a: Slowking\n|-weather|Snowscape\n|\n|t:|1776403682\n|switch|p2a: Crabominable|Crabominable, L50, F|100/100|[from] Chilly Reception\n|cant|p2b: Incineroar|flinch\n|move|p1a: Dragapult|Phantom Force|p2a: Crabominable|[from] lockedmove\n|-damage|p2a: Crabominable|62/100\n|\n|-weather|Snowscape|[upkeep]\n|upkeep\n|turn|3\n|\n|t:|1776403704\n|detailschange|p2a: Crabominable|Crabominable-Mega, L50, F\n|-mega|p2a: Crabominable|Crabominable|Crabominite\n|move|p1a: Dragapult|Protect|p1a: Dragapult\n|-singleturn|p1a: Dragapult|Protect\n|move|p2a: Crabominable|Ice Hammer|p1a: Dragapult\n|-activate|p1a: Dragapult|move: Protect\n|move|p2b: Incineroar|Parting Shot|p1b: Sneasler\n|-unboost|p1b: Sneasler|atk|1\n|-unboost|p1b: Sneasler|spa|1\n|\n|t:|1776403713\n|switch|p2b: Sinistcha|Sinistcha, L50|100/100|[from] Parting Shot\n|-enditem|p1b: Sneasler|White Herb\n|-clearnegativeboost|p1b: Sneasler|[silent]\n|-heal|p2a: Crabominable|87/100|[from] ability: Hospitality|[of] p2b: Sinistcha\n|move|p1b: Sneasler|Close Combat|p2b: Sinistcha\n|-immune|p2b: Sinistcha\n|\n|-weather|Snowscape|[upkeep]\n|upkeep\n|turn|4\n|\n|t:|1776403730\n|switch|p1a: Milotic|Milotic, L50, M|100/100\n|move|p1b: Sneasler|Protect|p1b: Sneasler\n|-singleturn|p1b: Sneasler|Protect\n|move|p2a: Crabominable|Ice Hammer|p1a: Milotic\n|-resisted|p1a: Milotic|1\n|-damage|p1a: Milotic|64/100\n|-unboost|p2a: Crabominable|spe|1\n|move|p2b: Sinistcha|Scald|p1b: Sneasler\n|-activate|p1b: Sneasler|move: Protect\n|\n|-weather|Snowscape|[upkeep]\n|upkeep\n|turn|5\n|\n|t:|1776403752\n|switch|p1b: Skarmory|Skarmory, L50, F, shiny|100/100\n|move|p2a: Crabominable|Ice Hammer|p1b: Skarmory\n|-damage|p1b: Skarmory|22/100\n|-unboost|p2a: Crabominable|spe|1\n|move|p2b: Sinistcha|Matcha Gotcha|p1a: Milotic|[spread] p1a,p1b\n|-supereffective|p1a: Milotic|1\n|-resisted|p1b: Skarmory|2\n|-damage|p1a: Milotic|22/100\n|-damage|p1b: Skarmory|9/100\n|-status|p1b: Skarmory|brn\n|-enditem|p1a: Milotic|Sitrus Berry|[eat]\n|-heal|p1a: Milotic|47/100|[from] item: Sitrus Berry\n|move|p1a: Milotic|Ice Beam|p2b: Sinistcha\n|-supereffective|p2b: Sinistcha|1\n|-damage|p2b: Sinistcha|24/100\n|-status|p2b: Sinistcha|frz\n|\n|-weather|Snowscape|[upkeep]\n|-heal|p2b: Sinistcha|30/100 frz|[from] item: Leftovers\n|-damage|p1b: Skarmory|3/100 brn|[from] brn\n|-fieldend|move: Trick Room\n|upkeep\n|turn|6\n|\n|t:|1776403782\n|switch|p2b: Slowking|Slowking, L50, F|100/100\n|detailschange|p1b: Skarmory|Skarmory-Mega, L50, F, shiny\n|-mega|p1b: Skarmory|Skarmory|Skarmorite\n|move|p2a: Crabominable|Protect|p2a: Crabominable\n|-singleturn|p2a: Crabominable|Protect\n|move|p1b: Skarmory|Iron Head|p2a: Crabominable\n|-activate|p2a: Crabominable|move: Protect\n|move|p1a: Milotic|Ice Beam|p2b: Slowking\n|-resisted|p2b: Slowking|1\n|-damage|p2b: Slowking|92/100\n|\n|-weather|none\n|-damage|p1b: Skarmory|0 fnt|[from] brn\n|faint|p1b: Skarmory\n|upkeep\n|\n|t:|1776403794\n|switch|p1b: Sneasler|Sneasler, L50, F|74/100\n|turn|7\n|\n|t:|1776403804\n|move|p2a: Crabominable|Protect|p2a: Crabominable\n|-singleturn|p2a: Crabominable|Protect\n|move|p1b: Sneasler|Fake Out|p2b: Slowking\n|-damage|p2b: Slowking|76/100\n|move|p1a: Milotic|Alluring Voice|p2b: Slowking\n|-damage|p2b: Slowking|59/100\n|cant|p2b: Slowking|flinch\n|\n|upkeep\n|turn|8\n|\n|t:|1776403830\n|switch|p2a: Incineroar|Incineroar, L50, F|85/100\n|-ability|p2a: Incineroar|Intimidate|boost\n|-unboost|p1a: Milotic|atk|1\n|-ability|p1a: Milotic|Competitive|boost\n|-boost|p1a: Milotic|spa|2\n|-unboost|p1b: Sneasler|atk|1\n|move|p1b: Sneasler|Dire Claw|p2b: Slowking\n|-damage|p2b: Slowking|29/100\n|move|p1a: Milotic|Alluring Voice|p2b: Slowking\n|-damage|p2b: Slowking|0 fnt\n|faint|p2b: Slowking\n|\n|upkeep\n|\n|t:|1776403844\n|switch|p2b: Crabominable|Crabominable-Mega, L50, F|87/100\n|turn|9\n|\n|t:|1776403855\n|move|p2a: Incineroar|Fake Out|p1a: Milotic\n|-damage|p1a: Milotic|31/100\n|move|p1b: Sneasler|Close Combat|p2a: Incineroar\n|-supereffective|p2a: Incineroar|1\n|-damage|p2a: Incineroar|8/100\n|-unboost|p1b: Sneasler|def|1\n|-unboost|p1b: Sneasler|spd|1\n|cant|p1a: Milotic|flinch\n|move|p2b: Crabominable|Close Combat|p1a: Milotic\n|-damage|p1a: Milotic|0 fnt\n|-unboost|p2b: Crabominable|def|1\n|-unboost|p2b: Crabominable|spd|1\n|faint|p1a: Milotic\n|\n|upkeep\n|\n|t:|1776403867\n|switch|p1a: Dragapult|Dragapult, L50, F, shiny|100/100\n|turn|10\n|\n|t:|1776403887\n|move|p1a: Dragapult|Dragon Darts|p2b: Crabominable\n|-damage|p2b: Crabominable|45/100\n|-anim|p1a: Dragapult|Dragon Darts|p2a: Incineroar\n|-damage|p2a: Incineroar|0 fnt\n|faint|p2a: Incineroar\n|move|p1b: Sneasler|Dire Claw|p2b: Crabominable\n|-damage|p2b: Crabominable|3/100\n|-status|p2b: Crabominable|slp\n|cant|p2b: Crabominable|slp\n|\n|upkeep\n|\n|t:|1776403897\n|switch|p2a: Sinistcha|Sinistcha, L50|30/100 frz\n|-heal|p2b: Crabominable|28/100 slp|[from] ability: Hospitality|[of] p2a: Sinistcha\n|turn|11\n|\n|t:|1776403904\n|move|p1a: Dragapult|Dragon Darts|p2b: Crabominable\n|-damage|p2b: Crabominable|0 fnt\n|-anim|p1a: Dragapult|Dragon Darts|p2a: Sinistcha\n|-damage|p2a: Sinistcha|5/100 frz\n|faint|p2b: Crabominable\n|move|p1b: Sneasler|Dire Claw|p2a: Sinistcha\n|-damage|p2a: Sinistcha|0 fnt\n|faint|p2a: Sinistcha\n|\n|win|danielhart\n|raw|danielhart's rating: 1075 &rarr; <strong>1107</strong><br />(+32 for winning)\n|raw|ministermilk's rating: 1119 &rarr; <strong>1091</strong><br />(-28 for losing)\n|l|\u2606ministermilk\n|player|p2|\n",
  "uploadtime": 1776403914,
  "views": 21,
  "formatid": "gen9championsvgc2026regma",
  "rating": 1091,
  "private": 0,
  "password": null
}