{
  "id": "gen9championsvgc2026regma-2583806005",
  "format": "[Gen 9 Champions] VGC 2026 Reg M-A",
  "players": [
    "Mirthinion",
    "speedyturtle87"
  ],
  "log": "|j|\u2606Mirthinion\n|j|\u2606speedyturtle87\n|t:|1776199038\n|gametype|doubles\n|player|p1|Mirthinion|janitor|1364\n|player|p2|speedyturtle87|canari|1425\n|gen|9\n|tier|[Gen 9 Champions] VGC 2026 Reg M-A\n|rated|\n|rule|Species Clause: Limit one of each Pok\u00e9mon\n|rule|Item Clause: Limit 1 of each item\n|clearpoke\n|poke|p1|Tyranitar, L50, M|\n|poke|p1|Lycanroc, L50, M|\n|poke|p1|Primarina, L50, F|\n|poke|p1|Corviknight, L50, M|\n|poke|p1|Kommo-o, L50, M|\n|poke|p1|Incineroar, L50, M|\n|poke|p2|Hatterene, L50, F|\n|poke|p2|Oranguru, L50, M|\n|poke|p2|Golurk, L50|\n|poke|p2|Clefable, L50, M|\n|poke|p2|Hydreigon, L50, F|\n|poke|p2|Torkoal, L50, M|\n|teampreview|4\n|inactive|Battle timer is ON: inactive players will automatically lose when time's up. (requested by speedyturtle87)\n|inactive|Mirthinion also wants the timer to be on.\nMirthinion rejected open team sheets.\n|inactive|Mirthinion has 60 seconds left.\n|\n|t:|1776199083\n|teamsize|p1|4\n|teamsize|p2|4\n|start\n|switch|p1a: Tyranitar|Tyranitar, L50, M|100/100\n|switch|p1b: Primarina|Primarina, L50, F|100/100\n|switch|p2a: Oranguru|Oranguru, L50, M|100/100\n|switch|p2b: Clefable|Clefable, L50, M|100/100\n|-weather|Sandstorm|[from] ability: Sand Stream|[of] p1a: Tyranitar\n|turn|1\n|inactive|Mirthinion has 30 seconds left.\n|inactive|speedyturtle87 has 30 seconds left.\n|inactive|speedyturtle87 has 20 seconds left.\n|inactive|speedyturtle87 has 15 seconds left.\n|inactive|speedyturtle87 has 10 seconds left.\n|inactive|speedyturtle87 has 5 seconds left.\n|\n|t:|1776199138\n|move|p2a: Oranguru|Protect|p2a: Oranguru\n|-singleturn|p2a: Oranguru|Protect\n|move|p1a: Tyranitar|Rock Slide|p2b: Clefable|[spread] p2b\n|-activate|p2a: Oranguru|move: Protect\n|-damage|p2b: Clefable|63/100\n|move|p1b: Primarina|Hyper Voice|p2b: Clefable|[spread] p2b\n|-activate|p2a: Oranguru|move: Protect\n|-damage|p2b: Clefable|31/100\n|move|p2b: Clefable|Moonblast|p1a: Tyranitar\n|-supereffective|p1a: Tyranitar|1\n|-damage|p1a: Tyranitar|35/100\n|\n|-weather|Sandstorm|[upkeep]\n|-damage|p1b: Primarina|95/100|[from] Sandstorm\n|-damage|p2b: Clefable|25/100|[from] Sandstorm\n|-damage|p2a: Oranguru|94/100|[from] Sandstorm\n|upkeep\n|turn|2\n|inactive|Mirthinion has 30 seconds left.\n|\n|t:|1776199169\n|move|p2b: Clefable|Follow Me|p2b: Clefable\n|-singleturn|p2b: Clefable|move: Follow Me\n|move|p1a: Tyranitar|Knock Off|p2b: Clefable\n|-resisted|p2b: Clefable|1\n|-damage|p2b: Clefable|0 fnt\n|-enditem|p2b: Clefable|Focus Sash|[from] move: Knock Off|[of] p1a: Tyranitar\n|faint|p2b: Clefable\n|move|p1b: Primarina|Hyper Voice|p2a: Oranguru\n|-damage|p2a: Oranguru|56/100\n|move|p2a: Oranguru|Trick Room|p2a: Oranguru\n|-fieldstart|move: Trick Room|[of] p2a: Oranguru\n|\n|-weather|Sandstorm|[upkeep]\n|-damage|p2a: Oranguru|50/100|[from] Sandstorm\n|-damage|p1b: Primarina|89/100|[from] Sandstorm\n|upkeep\n|\n|t:|1776199182\n|switch|p2b: Torkoal|Torkoal, L50, M|100/100\n|-weather|SunnyDay|[from] ability: Drought|[of] p2b: Torkoal\n|turn|3\n|\n|t:|1776199200\n|detailschange|p1a: Tyranitar|Tyranitar-Mega, L50, M\n|-mega|p1a: Tyranitar|Tyranitar|Tyranitarite\n|-weather|Sandstorm|[from] ability: Sand Stream|[of] p1a: Tyranitar\n|move|p2b: Torkoal|Eruption|p1b: Primarina|[spread] p1a,p1b\n|-resisted|p1a: Tyranitar|1\n|-resisted|p1b: Primarina|1\n|-damage|p1a: Tyranitar|19/100\n|-damage|p1b: Primarina|63/100\n|move|p2a: Oranguru|Instruct|p2b: Torkoal\n|-singleturn|p2b: Torkoal|move: Instruct|[of] p2a: Oranguru\n|move|p2b: Torkoal|Eruption|p1a: Tyranitar|[spread] p1a,p1b\n|-resisted|p1a: Tyranitar|1\n|-resisted|p1b: Primarina|1\n|-damage|p1a: Tyranitar|2/100\n|-damage|p1b: Primarina|38/100\n|move|p1b: Primarina|Hyper Voice|p2a: Oranguru|[spread] p2a,p2b\n|-supereffective|p2b: Torkoal|1\n|-damage|p2a: Oranguru|25/100\n|-damage|p2b: Torkoal|15/100\n|move|p1a: Tyranitar|Rock Slide|p2a: Oranguru|[spread] p2a\n|-miss|p1a: Tyranitar|p2b: Torkoal\n|-crit|p2a: Oranguru\n|-damage|p2a: Oranguru|0 fnt\n|faint|p2a: Oranguru\n|\n|-weather|Sandstorm|[upkeep]\n|-damage|p2b: Torkoal|8/100|[from] Sandstorm\n|-damage|p1b: Primarina|32/100|[from] Sandstorm\n|upkeep\n|\n|t:|1776199207\n|switch|p2a: Hatterene|Hatterene, L50, F|100/100\n|turn|4\n|c|\u2606speedyturtle87|i forget mega ttar exists whoops\n|c|\u2606speedyturtle87|ggs\n|c|\u2606Mirthinion|no worries welcome back to megas :) gg\n|inactive|Mirthinion has 30 seconds left.\n|inactive|Mirthinion has 20 seconds left.\n|\n|t:|1776199243\n|switch|p1b: Incineroar|Incineroar, L50, M|100/100\n|-ability|p1b: Incineroar|Intimidate|boost\n|-unboost|p2a: Hatterene|atk|1\n|-unboost|p2b: Torkoal|atk|1\n|move|p1a: Tyranitar|Protect|p1a: Tyranitar\n|-singleturn|p1a: Tyranitar|Protect\n|move|p2b: Torkoal|Heat Wave|p1a: Tyranitar|[spread] p1b\n|-activate|p1a: Tyranitar|move: Protect\n|-resisted|p1b: Incineroar|1\n|-damage|p1b: Incineroar|84/100\n|move|p2a: Hatterene|Dazzling Gleam|p1b: Incineroar|[spread] p1b\n|-activate|p1a: Tyranitar|move: Protect\n|-damage|p1b: Incineroar|51/100\n|\n|-weather|Sandstorm|[upkeep]\n|-damage|p2b: Torkoal|2/100|[from] Sandstorm\n|-damage|p2a: Hatterene|94/100|[from] Sandstorm\n|-damage|p1b: Incineroar|45/100|[from] Sandstorm\n|upkeep\n|turn|5\n|\n|t:|1776199268\n|move|p1b: Incineroar|Fake Out|p2a: Hatterene\n|-damage|p2a: Hatterene|82/100\n|move|p2b: Torkoal|Heat Wave|p1b: Incineroar|[spread] p1a,p1b\n|-resisted|p1a: Tyranitar|1\n|-resisted|p1b: Incineroar|1\n|-damage|p1a: Tyranitar|0 fnt\n|-damage|p1b: Incineroar|30/100\n|faint|p1a: Tyranitar\n|cant|p2a: Hatterene|flinch\n|\n|-weather|Sandstorm|[upkeep]\n|-damage|p2b: Torkoal|0 fnt|[from] Sandstorm\n|-damage|p2a: Hatterene|76/100|[from] Sandstorm\n|-damage|p1b: Incineroar|24/100|[from] Sandstorm\n|faint|p2b: Torkoal\n|upkeep\n|c|\u2606speedyturtle87|like i just think oh he'll swap out but no it can just mega and reset weather\n|\n|t:|1776199282\n|switch|p1a: Kommo-o|Kommo-o, L50, M, shiny|100/100\n|turn|6\n|\n|t:|1776199298\n|move|p1a: Kommo-o|Protect|p1a: Kommo-o\n|-singleturn|p1a: Kommo-o|Protect\n|move|p2a: Hatterene|Dazzling Gleam|p1a: Kommo-o|[spread] p1b\n|-activate|p1a: Kommo-o|move: Protect\n|-damage|p1b: Incineroar|0 fnt\n|faint|p1b: Incineroar\n|\n|-weather|Sandstorm|[upkeep]\n|-damage|p2a: Hatterene|70/100|[from] Sandstorm\n|-damage|p1a: Kommo-o|94/100|[from] Sandstorm\n|-heal|p1a: Kommo-o|100/100|[from] item: Leftovers\n|-fieldend|move: Trick Room\n|upkeep\n|\n|t:|1776199308\n|switch|p1b: Primarina|Primarina, L50, F|32/100\n|turn|7\n|\n|t:|1776199317\n|move|p1a: Kommo-o|Aura Sphere|p2a: Hatterene\n|-resisted|p2a: Hatterene|2\n|-damage|p2a: Hatterene|62/100\n|move|p1b: Primarina|Hyper Voice|p2a: Hatterene\n|-damage|p2a: Hatterene|16/100\n|move|p2a: Hatterene|Trick Room|p2a: Hatterene\n|-fieldstart|move: Trick Room|[of] p2a: Hatterene\n|\n|-weather|none\n|upkeep\n|turn|8\n|-activate|p1b: Primarina|item: Quick Claw\n|\n|t:|1776199392\n|move|p1b: Primarina|Hyper Voice|p2a: Hatterene\n|-damage|p2a: Hatterene|0 fnt\n|faint|p2a: Hatterene\n|\n|win|Mirthinion\n|raw|Mirthinion's rating: 1364 &rarr; <strong>1387</strong><br />(+23 for winning)\n|raw|speedyturtle87's rating: 1425 &rarr; <strong>1402</strong><br />(-23 for losing)\n|c|\u2606speedyturtle87|aw i dc'd :(\n|l|\u2606speedyturtle87\n|player|p2|\n|c|\u2606Mirthinion|Aww, sorry :( Not a fun way to end a game. GG!\n",
  "uploadtime": 1776199454,
  "views": 74,
  "formatid": "gen9championsvgc2026regma",
  "rating": 1387,
  "private": 0,
  "password": null
}