{
  "id": "gen9championsvgc2026regma-2583790959",
  "format": "[Gen 9 Champions] VGC 2026 Reg M-A",
  "players": [
    "SchrodingersShinx",
    "versatiletactics"
  ],
  "log": "|j|\u2606SchrodingersShinx\n|j|\u2606versatiletactics\n|t:|1776197945\n|gametype|doubles\n|player|p1|SchrodingersShinx|265|1033\n|player|p2|versatiletactics|169|1077\n|gen|9\n|tier|[Gen 9 Champions] VGC 2026 Reg M-A\n|rated|\n|rule|Species Clause: Limit one of each Pok\u00e9mon\n|rule|Item Clause: Limit 1 of each item\n|clearpoke\n|poke|p1|Starmie, L50|\n|poke|p1|Rhyperior, L50, F|\n|poke|p1|Goodra-Hisui, L50, F|\n|poke|p1|Dragonite, L50, M|\n|poke|p1|Sharpedo, L50, F|\n|poke|p1|Sneasler, L50, M|\n|poke|p2|Sneasler, L50, F|\n|poke|p2|Incineroar, L50, M|\n|poke|p2|Rotom-Wash, L50|\n|poke|p2|Floette-Eternal, L50, F|\n|poke|p2|Talonflame, L50, M|\n|poke|p2|Dragapult, L50, M|\n|teampreview|4\n|\n|t:|1776197987\n|teamsize|p1|4\n|teamsize|p2|4\n|start\n|switch|p1a: Starmie|Starmie, L50|100/100\n|switch|p1b: Dragonite|Dragonite, L50, M|100/100\n|switch|p2a: Talonflame|Talonflame, L50, M|100/100\n|switch|p2b: Sneasler|Sneasler, L50, F|100/100\n|turn|1\n|\n|t:|1776198010\n|detailschange|p1a: Starmie|Starmie-Mega, L50\n|-mega|p1a: Starmie|Starmie|Starminite\n|move|p2b: Sneasler|Fake Out|p1a: Starmie\n|-damage|p1a: Starmie|84/100\n|move|p2a: Talonflame|Tailwind|p2a: Talonflame\n|-sidestart|p2: versatiletactics|move: Tailwind\n|cant|p1a: Starmie|flinch\n|move|p1b: Dragonite|Tailwind|p1b: Dragonite\n|-sidestart|p1: SchrodingersShinx|move: Tailwind\n|\n|upkeep\n|turn|2\n|\n|t:|1776198064\n|move|p1b: Dragonite|Extreme Speed|p2b: Sneasler\n|-damage|p2b: Sneasler|48/100\n|move|p2a: Talonflame|Brave Bird|p1a: Starmie\n|-damage|p1a: Starmie|22/100\n|-damage|p2a: Talonflame|82/100|[from] Recoil\n|move|p2b: Sneasler|Dire Claw|p1b: Dragonite\n|-damage|p1b: Dragonite|77/100\n|move|p1a: Starmie|Psychic|p2b: Sneasler\n|-supereffective|p2b: Sneasler|2\n|-damage|p2b: Sneasler|0 fnt\n|faint|p2b: Sneasler\n|\n|upkeep\n|\n|t:|1776198081\n|switch|p2b: Dragapult|Dragapult, L50, M|100/100\n|turn|3\n|\n|t:|1776198121\n|switch|p1b: Goodra|Goodra-Hisui, L50, F|100/100\n|move|p1a: Starmie|Protect|p1a: Starmie\n|-singleturn|p1a: Starmie|Protect\n|move|p2b: Dragapult|Sucker Punch||[still]\n|-fail|p2b: Dragapult\n|move|p2a: Talonflame|Brave Bird|p1b: Goodra\n|-resisted|p1b: Goodra|1\n|-damage|p1b: Goodra|80/100\n|-damage|p2a: Talonflame|74/100|[from] Recoil\n|\n|-heal|p1b: Goodra|86/100|[from] item: Leftovers\n|upkeep\n|turn|4\n|\n|t:|1776198144\n|move|p2b: Dragapult|Sucker Punch||[still]\n|-fail|p2b: Dragapult\n|move|p2a: Talonflame|Flare Blitz|p1b: Goodra\n|-damage|p1b: Goodra|44/100\n|-damage|p2a: Talonflame|57/100|[from] Recoil\n|move|p1a: Starmie|Skill Swap|p1b: Goodra\n|-activate|p1a: Starmie|Skill Swap|||[of] p1b: Goodra\n|move|p1b: Goodra|Dragon Claw|p2b: Dragapult\n|-supereffective|p2b: Dragapult|1\n|-damage|p2b: Dragapult|0 fnt\n|faint|p2b: Dragapult\n|\n|-heal|p1b: Goodra|50/100|[from] item: Leftovers\n|-sideend|p1: SchrodingersShinx|move: Tailwind\n|-sideend|p2: versatiletactics|move: Tailwind\n|upkeep\n|\n|t:|1776198157\n|switch|p2b: Floette|Floette-Eternal, L50, F|100/100\n|turn|5\n|\n|t:|1776198199\n|move|p2b: Floette|Protect|p2b: Floette\n|-singleturn|p2b: Floette|Protect\n|move|p2a: Talonflame|Tailwind|p2a: Talonflame\n|-sidestart|p2: versatiletactics|move: Tailwind\n|move|p1a: Starmie|Psychic|p2b: Floette\n|-activate|p2b: Floette|move: Protect\n|move|p1b: Goodra|Iron Head|p2b: Floette\n|-activate|p2b: Floette|move: Protect\n|\n|-heal|p1b: Goodra|56/100|[from] item: Leftovers\n|upkeep\n|turn|6\n|\n|t:|1776198214\n|detailschange|p2b: Floette|Floette-Mega, L50, F\n|-mega|p2b: Floette|Floette|Floettite\n|-ability|p2b: Floette|Fairy Aura\n|move|p1a: Starmie|Protect|p1a: Starmie\n|-singleturn|p1a: Starmie|Protect\n|move|p1b: Goodra|Protect|p1b: Goodra\n|-singleturn|p1b: Goodra|Protect\n|move|p2a: Talonflame|Flare Blitz|p1b: Goodra\n|-activate|p1b: Goodra|move: Protect\n|move|p2b: Floette|Dazzling Gleam|p1b: Goodra|[spread] \n|-activate|p1a: Starmie|move: Protect\n|-activate|p1b: Goodra|move: Protect\n|\n|-heal|p1b: Goodra|61/100|[from] item: Leftovers\n|upkeep\n|turn|7\n|\n|t:|1776198314\n|switch|p1a: Dragonite|Dragonite, L50, M|77/100\n|move|p2a: Talonflame|Flare Blitz|p1b: Goodra\n|-damage|p1b: Goodra|21/100\n|-damage|p2a: Talonflame|41/100|[from] Recoil\n|move|p2b: Floette|Dazzling Gleam|p1a: Dragonite|[spread] p1a,p1b\n|-supereffective|p1a: Dragonite|1\n|-damage|p1a: Dragonite|8/100\n|-damage|p1b: Goodra|0 fnt\n|faint|p1b: Goodra\n|\n|upkeep\n|\n|t:|1776198327\n|switch|p1b: Starmie|Starmie-Mega, L50|22/100\n|turn|8\n|\n|t:|1776198347\n|move|p1b: Starmie|Protect|p1b: Starmie\n|-singleturn|p1b: Starmie|Protect\n|move|p1a: Dragonite|Extreme Speed|p2b: Floette\n|-damage|p2b: Floette|62/100\n|move|p2a: Talonflame|Brave Bird|p1b: Starmie\n|-activate|p1b: Starmie|move: Protect\n|move|p2b: Floette|Dazzling Gleam|p1b: Starmie|[spread] p1a\n|-activate|p1b: Starmie|move: Protect\n|-supereffective|p1a: Dragonite|1\n|-damage|p1a: Dragonite|0 fnt\n|faint|p1a: Dragonite\n|\n|-sideend|p2: versatiletactics|move: Tailwind\n|upkeep\n|\n|t:|1776198364\n|switch|p1a: Sharpedo|Sharpedo, L50, F|100/100\n|turn|9\n|\n|t:|1776198380\n|move|p1a: Sharpedo|Liquidation|p2a: Talonflame\n|-supereffective|p2a: Talonflame|1\n|-damage|p2a: Talonflame|0 fnt\n|faint|p2a: Talonflame\n|move|p1b: Starmie|Psychic|p2b: Floette\n|-damage|p2b: Floette|24/100\n|move|p2b: Floette|Dazzling Gleam|p1b: Starmie|[spread] p1a,p1b\n|-supereffective|p1a: Sharpedo|1\n|-damage|p1a: Sharpedo|0 fnt\n|-damage|p1b: Starmie|0 fnt\n|faint|p1a: Sharpedo\n|faint|p1b: Starmie\n|\n|win|versatiletactics\n|raw|SchrodingersShinx's rating: 1033 &rarr; <strong>1020</strong><br />(-13 for losing)\n|raw|versatiletactics's rating: 1077 &rarr; <strong>1102</strong><br />(+25 for winning)\n",
  "uploadtime": 1776198413,
  "views": 23,
  "formatid": "gen9championsvgc2026regma",
  "rating": 1020,
  "private": 0,
  "password": null
}