{
  "id": "gen9championsvgc2026regma-2585259050",
  "format": "[Gen 9 Champions] VGC 2026 Reg M-A",
  "players": [
    "Sharkhy_",
    "haulia"
  ],
  "log": "|j|\u2606Sharkhy_\n|j|\u2606haulia\n|t:|1776330950\n|gametype|doubles\n|player|p1|Sharkhy_|170|1018\n|player|p2|haulia|265|1099\n|gen|9\n|tier|[Gen 9 Champions] VGC 2026 Reg M-A\n|rated|\n|rule|Species Clause: Limit one of each Pok\u00e9mon\n|rule|Item Clause: Limit 1 of each item\n|clearpoke\n|poke|p1|Charizard, L50, F|\n|poke|p1|Maushold-Four, L50|\n|poke|p1|Sneasler, L50, F|\n|poke|p1|Dragapult, L50, M|\n|poke|p1|Kingambit, L50, M|\n|poke|p1|Garchomp, L50, F|\n|poke|p2|Charizard, L50, F|\n|poke|p2|Incineroar, L50, F|\n|poke|p2|Venusaur, L50, M|\n|poke|p2|Garchomp, L50, M|\n|poke|p2|Sneasler, L50, F|\n|poke|p2|Milotic, L50, M|\n|teampreview|4\nhaulia has agreed to open team sheets.\nSharkhy_ has agreed to open team sheets.\n|showteam|p1|Charizard||CharizarditeY|SolarPower|HeatWave,SolarBeam,Overheat,Protect|||F|||50|]Maushold-Four||ChopleBerry|FriendGuard|Protect,FollowMe,SuperFang,Encore||||||50|]Sneasler||FocusSash|Unburden|FakeOut,DireClaw,CloseCombat,Feint|||F|||50|]Dragapult||LumBerry|ClearBody|DracoMeteor,ShadowBall,WillOWisp,PsychicFangs|||M|||50|]Kingambit||BlackGlasses|Defiant|SuckerPunch,KowtowCleave,IronHead,Protect|||M|||50|]Garchomp||ChoiceScarf|RoughSkin|StoneEdge,StompingTantrum,RockSlide,DragonClaw|||F|||50|\n|showteam|p2|Charizard||CharizarditeY|Blaze|HeatWave,SolarBeam,AirSlash,Protect|||F|||50|]Incineroar||SitrusBerry|Intimidate|FakeOut,PartingShot,FlareBlitz,ThroatChop|||F|||50|]Venusaur||FocusSash|Chlorophyll|EnergyBall,SludgeBomb,EarthPower,SleepPowder|||M|||50|]Garchomp||HabanBerry|RoughSkin|Earthquake,DragonClaw,RockSlide,Protect|||M|||50|]Sneasler||WhiteHerb|Unburden|CloseCombat,DireClaw,RockSlide,Protect|||F|||50|]Milotic||Leftovers|Competitive|Scald,IceBeam,Recover,Protect|||M|||50|\n|inactive|Battle timer is ON: inactive players will automatically lose when time's up. (requested by Sharkhy_)\n|\n|t:|1776330997\n|teamsize|p1|4\n|teamsize|p2|4\n|start\n|switch|p1a: Sneasler|Sneasler, L50, F|100/100\n|switch|p1b: Dragapult|Dragapult, L50, M|100/100\n|switch|p2a: Sneasler|Sneasler, L50, F|100/100\n|switch|p2b: Garchomp|Garchomp, L50, M|100/100\n|turn|1\n|inactive|Sharkhy_ has 30 seconds left.\n|\n|t:|1776331024\n|move|p2b: Garchomp|Protect|p2b: Garchomp\n|-singleturn|p2b: Garchomp|Protect\n|move|p1a: Sneasler|Fake Out|p2a: Sneasler\n|-damage|p2a: Sneasler|76/100\n|move|p1b: Dragapult|Draco Meteor|p2b: Garchomp\n|-activate|p2b: Garchomp|move: Protect\n|cant|p2a: Sneasler|flinch\n|\n|upkeep\n|turn|2\n|inactive|Sharkhy_ has 30 seconds left.\n|\n|t:|1776331051\n|switch|p1a: Maushold|Maushold-Four, L50|100/100\n|move|p1b: Dragapult|Draco Meteor|p2b: Garchomp\n|-supereffective|p2b: Garchomp|1\n|-enditem|p2b: Garchomp|Haban Berry|[eat]\n|-enditem|p2b: Garchomp|Haban Berry|[weaken]\n|-damage|p2b: Garchomp|38/100\n|-unboost|p1b: Dragapult|spa|2\n|move|p2a: Sneasler|Rock Slide|p1b: Dragapult|[spread] p1a,p1b\n|-damage|p1a: Maushold|77/100\n|-damage|p1b: Dragapult|82/100\n|move|p2b: Garchomp|Dragon Claw|p1b: Dragapult\n|-supereffective|p1b: Dragapult|1\n|-damage|p1b: Dragapult|0 fnt\n|faint|p1b: Dragapult\n|\n|upkeep\n|\n|t:|1776331065\n|switch|p1b: Sneasler|Sneasler, L50, F|100/100\n|turn|3\n|\n|t:|1776331085\n|move|p2a: Sneasler|Protect|p2a: Sneasler\n|-singleturn|p2a: Sneasler|Protect\n|move|p2b: Garchomp|Protect|p2b: Garchomp\n|-singleturn|p2b: Garchomp|Protect\n|move|p1b: Sneasler|Fake Out|p2a: Sneasler\n|-activate|p2a: Sneasler|move: Protect\n|move|p1a: Maushold|Follow Me|p1a: Maushold\n|-singleturn|p1a: Maushold|move: Follow Me\n|\n|upkeep\n|turn|4\n|\n|t:|1776331110\n|move|p1b: Sneasler|Close Combat|p2b: Garchomp\n|-crit|p2b: Garchomp\n|-damage|p2b: Garchomp|0 fnt\n|-unboost|p1b: Sneasler|def|1\n|-unboost|p1b: Sneasler|spd|1\n|-damage|p1b: Sneasler|88/100|[from] ability: Rough Skin|[of] p2b: Garchomp\n|faint|p2b: Garchomp\n|move|p2a: Sneasler|Close Combat|p1a: Maushold\n|-supereffective|p1a: Maushold|1\n|-enditem|p1a: Maushold|Chople Berry|[eat]\n|-enditem|p1a: Maushold|Chople Berry|[weaken]\n|-damage|p1a: Maushold|0 fnt\n|-unboost|p2a: Sneasler|def|1\n|-unboost|p2a: Sneasler|spd|1\n|faint|p1a: Maushold\n|-enditem|p2a: Sneasler|White Herb\n|-clearnegativeboost|p2a: Sneasler|[silent]\n|\n|upkeep\n|\n|t:|1776331131\n|switch|p1a: Garchomp|Garchomp, L50, F|100/100\n|switch|p2b: Milotic|Milotic, L50, M|100/100\n|turn|5\n|\n|t:|1776331155\n|move|p2b: Milotic|Protect|p2b: Milotic\n|-singleturn|p2b: Milotic|Protect\n|move|p1b: Sneasler|Feint|p2a: Sneasler\n|-damage|p2a: Sneasler|57/100\n|move|p2a: Sneasler|Close Combat|p1a: Garchomp\n|-damage|p1a: Garchomp|39/100\n|-unboost|p2a: Sneasler|def|1\n|-unboost|p2a: Sneasler|spd|1\n|-damage|p2a: Sneasler|44/100|[from] ability: Rough Skin|[of] p1a: Garchomp\n|move|p1a: Garchomp|Stomping Tantrum|p2a: Sneasler\n|-supereffective|p2a: Sneasler|1\n|-damage|p2a: Sneasler|0 fnt\n|faint|p2a: Sneasler\n|\n|upkeep\n|\n|t:|1776331169\n|switch|p2a: Venusaur|Venusaur, L50, M|100/100\n|turn|6\n|\n|t:|1776331184\n|move|p1b: Sneasler|Feint|p2a: Venusaur\n|-damage|p2a: Venusaur|87/100\n|move|p1a: Garchomp|Stomping Tantrum|p2a: Venusaur\n|-damage|p2a: Venusaur|37/100\n|move|p2a: Venusaur|Earth Power|p1b: Sneasler\n|-supereffective|p1b: Sneasler|1\n|-crit|p1b: Sneasler\n|-damage|p1b: Sneasler|0 fnt\n|faint|p1b: Sneasler\n|move|p2b: Milotic|Ice Beam|p1a: Garchomp\n|-supereffective|p1a: Garchomp|2\n|-damage|p1a: Garchomp|0 fnt\n|faint|p1a: Garchomp\n|\n|win|haulia\n|raw|Sharkhy_'s rating: 1018 &rarr; <strong>1008</strong><br />(-10 for losing)\n|raw|haulia's rating: 1099 &rarr; <strong>1118</strong><br />(+19 for winning)\n|l|\u2606haulia\n|player|p2|\n",
  "uploadtime": 1776331205,
  "views": 31,
  "formatid": "gen9championsvgc2026regma",
  "rating": 1008,
  "private": 0,
  "password": null
}