{
  "id": "gen9championsvgc2026regma-2585724767",
  "format": "[Gen 9 Champions] VGC 2026 Reg M-A",
  "players": [
    "sandycoin",
    "fl4ckooooo"
  ],
  "log": "|j|\u2606sandycoin\n|j|\u2606fl4ckooooo\n|t:|1776366256\n|gametype|doubles\n|player|p1|sandycoin|170|1173\n|player|p2|fl4ckooooo|265|1101\n|gen|9\n|tier|[Gen 9 Champions] VGC 2026 Reg M-A\n|rated|\n|rule|Species Clause: Limit one of each Pok\u00e9mon\n|rule|Item Clause: Limit 1 of each item\n|clearpoke\n|poke|p1|Meganium, L50, F|\n|poke|p1|Archaludon, L50, F|\n|poke|p1|Pelipper, L50, F|\n|poke|p1|Dragapult, L50, F|\n|poke|p1|Incineroar, L50, F|\n|poke|p1|Sneasler, L50, F|\n|poke|p2|Tyranitar, L50, M|\n|poke|p2|Sinistcha, L50|\n|poke|p2|Floette-Eternal, L50, F|\n|poke|p2|Incineroar, L50, M|\n|poke|p2|Klefki, L50, F|\n|poke|p2|Excadrill, L50, M|\n|teampreview|4\n|\n|t:|1776366309\n|teamsize|p1|4\n|teamsize|p2|4\n|start\n|switch|p1a: Meganium|Meganium, L50, F|100/100\n|switch|p1b: the dark side|Sneasler, L50, F|100/100\n|switch|p2a: Klefki|Klefki, L50, F|100/100\n|switch|p2b: Floette|Floette-Eternal, L50, F|100/100\n|turn|1\n|\n|t:|1776366330\n|switch|p2b: Incineroar|Incineroar, L50, M|100/100\n|-ability|p2b: Incineroar|Intimidate|boost\n|-unboost|p1a: Meganium|atk|1\n|-unboost|p1b: the dark side|atk|1\n|-enditem|p1b: the dark side|White Herb\n|-clearnegativeboost|p1b: the dark side|[silent]\n|detailschange|p1a: Meganium|Meganium-Mega, L50, F\n|-mega|p1a: Meganium|Meganium|Meganiumite\n|move|p1b: the dark side|Fake Out|p2b: Incineroar\n|-damage|p2b: Incineroar|86/100\n|move|p2a: Klefki|Light Screen|p2a: Klefki\n|-sidestart|p2: fl4ckooooo|move: Light Screen\n|move|p1a: Meganium|Weather Ball|p2a: Klefki\n|-supereffective|p2a: Klefki|1\n|-damage|p2a: Klefki|22/100\n|\n|upkeep\n|turn|2\n|\n|t:|1776366369\n|switch|p2b: Sinistcha|Sinistcha, L50|100/100\n|-heal|p2a: Klefki|47/100|[from] ability: Hospitality|[of] p2b: Sinistcha\n|move|p1a: Meganium|Protect|p1a: Meganium\n|-singleturn|p1a: Meganium|Protect\n|move|p2a: Klefki|Thunder Wave|p1b: the dark side\n|-status|p1b: the dark side|par\n|move|p1b: the dark side|Close Combat|p2b: Sinistcha\n|-immune|p2b: Sinistcha\n|\n|upkeep\n|turn|3\n|\n|t:|1776366392\n|switch|p1b: Pelipper|Pelipper, L50, F|100/100\n|-weather|RainDance|[from] ability: Drizzle|[of] p1b: Pelipper\n|switch|p2b: Incineroar|Incineroar, L50, M|86/100\n|-ability|p2b: Incineroar|Intimidate|boost\n|-unboost|p1a: Meganium|atk|1\n|-unboost|p1b: Pelipper|atk|1\n|move|p2a: Klefki|Thunder Wave|p1a: Meganium\n|-status|p1a: Meganium|par\n|move|p1a: Meganium|Weather Ball|p2b: Incineroar\n|-resisted|p2b: Incineroar|1\n|-damage|p2b: Incineroar|68/100\n|\n|-weather|RainDance|[upkeep]\n|upkeep\n|turn|4\n|\n|t:|1776366414\n|move|p2a: Klefki|Thunder Wave|p1b: Pelipper\n|-status|p1b: Pelipper|par\n|move|p2b: Incineroar|Parting Shot|p1a: Meganium\n|-unboost|p1a: Meganium|atk|1\n|-unboost|p1a: Meganium|spa|1\n|\n|t:|1776366431\n|switch|p2b: Floette|Floette-Eternal, L50, F|100/100|[from] Parting Shot\n|move|p1b: Pelipper|Hurricane|p2b: Floette\n|-damage|p2b: Floette|70/100\n|-start|p2b: Floette|confusion\n|move|p1a: Meganium|Weather Ball|p2a: Klefki\n|-supereffective|p2a: Klefki|1\n|-damage|p2a: Klefki|0 fnt\n|faint|p2a: Klefki\n|\n|-weather|RainDance|[upkeep]\n|upkeep\n|\n|t:|1776366444\n|switch|p2a: Incineroar|Incineroar, L50, M|68/100\n|-ability|p2a: Incineroar|Intimidate|boost\n|-unboost|p1a: Meganium|atk|1\n|-unboost|p1b: Pelipper|atk|1\n|turn|5\n|\n|t:|1776366466\n|detailschange|p2b: Floette|Floette-Mega, L50, F\n|-mega|p2b: Floette|Floette|Floettite\n|-ability|p2b: Floette|Fairy Aura\n|move|p1a: Meganium|Protect|p1a: Meganium\n|-singleturn|p1a: Meganium|Protect\n|move|p2a: Incineroar|Fake Out|p1b: Pelipper\n|-damage|p1b: Pelipper|85/100 par\n|-activate|p2b: Floette|confusion\n|move|p2b: Floette|Calm Mind|p2b: Floette\n|-boost|p2b: Floette|spa|1\n|-boost|p2b: Floette|spd|1\n|cant|p1b: Pelipper|flinch\n|\n|-weather|RainDance|[upkeep]\n|-sideend|p2: fl4ckooooo|move: Light Screen\n|upkeep\n|turn|6\n|\n|t:|1776366497\n|switch|p1a: the dark side|Sneasler, L50, F|100/100 par\n|-end|p2b: Floette|confusion\n|move|p2b: Floette|Moonblast|p1b: Pelipper\n|-damage|p1b: Pelipper|0 fnt\n|faint|p1b: Pelipper\n|move|p2a: Incineroar|Parting Shot|p1a: the dark side\n|-unboost|p1a: the dark side|atk|1\n|-unboost|p1a: the dark side|spa|1\n|\n|t:|1776366503\n|switch|p2a: Sinistcha|Sinistcha, L50|100/100|[from] Parting Shot\n|-heal|p2b: Floette|95/100|[from] ability: Hospitality|[of] p2a: Sinistcha\n|\n|-weather|RainDance|[upkeep]\n|upkeep\n|\n|t:|1776366514\n|switch|p1b: Meganium|Meganium-Mega, L50, F|100/100 par\n|turn|7\n|\n|t:|1776366529\n|move|p2b: Floette|Protect|p2b: Floette\n|-singleturn|p2b: Floette|Protect\n|move|p2a: Sinistcha|Protect|p2a: Sinistcha\n|-singleturn|p2a: Sinistcha|Protect\n|move|p1a: the dark side|Fake Out|p2b: Floette\n|-activate|p2b: Floette|move: Protect\n|move|p1b: Meganium|Weather Ball|p2a: Sinistcha\n|-activate|p2a: Sinistcha|move: Protect\n|\n|-weather|none\n|upkeep\n|turn|8\n|\n|t:|1776366541\n|switch|p2a: Incineroar|Incineroar, L50, M|68/100\n|-ability|p2a: Incineroar|Intimidate|boost\n|-unboost|p1a: the dark side|atk|1\n|-unboost|p1b: Meganium|atk|1\n|move|p2b: Floette|Moonblast|p1a: the dark side\n|-damage|p1a: the dark side|0 fnt\n|faint|p1a: the dark side\n|move|p1b: Meganium|Weather Ball|p2a: Incineroar\n|-resisted|p2a: Incineroar|1\n|-damage|p2a: Incineroar|40/100\n|\n|upkeep\n|\n|t:|1776366548\n|switch|p1a: Archaludon|Archaludon, L50, F|100/100\n|turn|9\n|\n|t:|1776366557\n|move|p2a: Incineroar|Fake Out|p1b: Meganium\n|-damage|p1b: Meganium|91/100 par\n|move|p2b: Floette|Moonblast|p1a: Archaludon\n|-damage|p1a: Archaludon|0 fnt\n|faint|p1a: Archaludon\n|cant|p1b: Meganium|flinch\n|\n|upkeep\n|turn|10\n|\n|t:|1776366564\n|move|p1b: Meganium|Protect|p1b: Meganium\n|-singleturn|p1b: Meganium|Protect\n|move|p2b: Floette|Moonblast|p1b: Meganium\n|-activate|p1b: Meganium|move: Protect\n|move|p2a: Incineroar|Flare Blitz|p1b: Meganium\n|-activate|p1b: Meganium|move: Protect\n|\n|upkeep\n|turn|11\n|\n|t:|1776366569\n|move|p1b: Meganium|Protect||[still]\n|-fail|p1b: Meganium\n|move|p2b: Floette|Moonblast|p1b: Meganium\n|-damage|p1b: Meganium|0 fnt\n|faint|p1b: Meganium\n|\n|win|fl4ckooooo\n|raw|sandycoin's rating: 1173 &rarr; <strong>1143</strong><br />(-30 for losing)\n|raw|fl4ckooooo's rating: 1101 &rarr; <strong>1131</strong><br />(+30 for winning)\n|l|\u2606sandycoin\n|player|p1|\n",
  "uploadtime": 1776366579,
  "views": 15,
  "formatid": "gen9championsvgc2026regma",
  "rating": 1131,
  "private": 0,
  "password": null
}