{
  "id": "gen9championsvgc2026regma-2586055009",
  "format": "[Gen 9 Champions] VGC 2026 Reg M-A",
  "players": [
    "THEEDudee",
    "Chesnaughtmeister"
  ],
  "log": "|j|\u2606THEEDudee\n|j|\u2606Chesnaughtmeister\n|t:|1776394275\n|gametype|doubles\n|player|p1|THEEDudee|preschooler|1107\n|player|p2|Chesnaughtmeister|alder|1158\n|gen|9\n|tier|[Gen 9 Champions] VGC 2026 Reg M-A\n|rated|\n|rule|Species Clause: Limit one of each Pok\u00e9mon\n|rule|Item Clause: Limit 1 of each item\n|clearpoke\n|poke|p1|Aggron, L50, M|\n|poke|p1|Incineroar, L50, M|\n|poke|p1|Sinistcha, L50|\n|poke|p1|Pelipper, L50, M|\n|poke|p1|Alakazam, L50, F|\n|poke|p1|Aerodactyl, L50, F|\n|poke|p2|Chesnaught, L50, M|\n|poke|p2|Archaludon, L50, F|\n|poke|p2|Pelipper, L50, M|\n|poke|p2|Sneasler, L50, F|\n|poke|p2|Sinistcha, L50|\n|poke|p2|Glimmora, L50, M|\n|teampreview|4\nTHEEDudee rejected open team sheets.\n|\n|t:|1776394323\n|teamsize|p1|4\n|teamsize|p2|4\n|start\n|switch|p1a: HOENN REPRESENT|Aggron, L50, M, shiny|100/100\n|switch|p1b: Alakazam|Alakazam, L50, F|100/100\n|switch|p2a: Superfly|Archaludon, L50, F, shiny|100/100\n|switch|p2b: Tengo Suerte|Pelipper, L50, M|100/100\n|-weather|RainDance|[from] ability: Drizzle|[of] p2b: Tengo Suerte\n|turn|1\n|\n|t:|1776394345\n|detailschange|p1a: HOENN REPRESENT|Aggron-Mega, L50, M, shiny\n|-mega|p1a: HOENN REPRESENT|Aggron|Aggronite\n|move|p1b: Alakazam|Light Screen|p1b: Alakazam\n|-sidestart|p1: THEEDudee|move: Light Screen\n|move|p2b: Tengo Suerte|Weather Ball|p1a: HOENN REPRESENT\n|-damage|p1a: HOENN REPRESENT|62/100\n|move|p2a: Superfly|Electro Shot||[still]\n|-prepare|p2a: Superfly|Electro Shot\n|-boost|p2a: Superfly|spa|1\n|-anim|p2a: Superfly|Electro Shot|p1b: Alakazam\n|-damage|p1b: Alakazam|54/100\n|move|p1a: HOENN REPRESENT|Iron Defense|p1a: HOENN REPRESENT\n|-boost|p1a: HOENN REPRESENT|def|2\n|\n|-weather|RainDance|[upkeep]\n|upkeep\n|turn|2\n|\n|t:|1776394376\n|switch|p1b: Sinistcha|Sinistcha, L50|100/100\n|-heal|p1a: HOENN REPRESENT|86/100|[from] ability: Hospitality|[of] p1b: Sinistcha\n|move|p2b: Tengo Suerte|Weather Ball|p1b: Sinistcha\n|-resisted|p1b: Sinistcha|1\n|-damage|p1b: Sinistcha|77/100\n|move|p2a: Superfly|Aura Sphere|p1a: HOENN REPRESENT\n|-supereffective|p1a: HOENN REPRESENT|1\n|-damage|p1a: HOENN REPRESENT|51/100\n|move|p1a: HOENN REPRESENT|Body Press|p2a: Superfly\n|-supereffective|p2a: Superfly|1\n|-enditem|p2a: Superfly|Chople Berry|[eat]\n|-enditem|p2a: Superfly|Chople Berry|[weaken]\n|-damage|p2a: Superfly|47/100\n|-ability|p2a: Superfly|Stamina|boost\n|-boost|p2a: Superfly|def|1\n|\n|-weather|RainDance|[upkeep]\n|upkeep\n|turn|3\n|\n|t:|1776394398\n|move|p1a: HOENN REPRESENT|Protect|p1a: HOENN REPRESENT\n|-singleturn|p1a: HOENN REPRESENT|Protect\n|move|p2b: Tengo Suerte|Hurricane|p1b: Sinistcha\n|-supereffective|p1b: Sinistcha|1\n|-crit|p1b: Sinistcha\n|-damage|p1b: Sinistcha|0 fnt\n|faint|p1b: Sinistcha\n|move|p2a: Superfly|Electro Shot||[still]\n|-prepare|p2a: Superfly|Electro Shot\n|-boost|p2a: Superfly|spa|1\n|-anim|p2a: Superfly|Electro Shot|p1a: HOENN REPRESENT\n|-activate|p1a: HOENN REPRESENT|move: Protect\n|\n|-weather|RainDance|[upkeep]\n|upkeep\n|\n|t:|1776394412\n|switch|p1b: Alakazam|Alakazam, L50, F|54/100\n|turn|4\n|\n|t:|1776394417\n|move|p1b: Alakazam|Speed Swap|p1a: HOENN REPRESENT\n|-activate|p1b: Alakazam|move: Speed Swap|[of] p1a: HOENN REPRESENT\n|move|p1a: HOENN REPRESENT|Body Press|p2a: Superfly\n|-supereffective|p2a: Superfly|1\n|-damage|p2a: Superfly|0 fnt\n|faint|p2a: Superfly\n|move|p2b: Tengo Suerte|Weather Ball|p1b: Alakazam\n|-damage|p1b: Alakazam|5/100\n|\n|-weather|RainDance|[upkeep]\n|upkeep\n|\n|t:|1776394432\n|switch|p2a: Chicago|Sneasler, L50, F|100/100\n|turn|5\n|\n|t:|1776394446\n|move|p1a: HOENN REPRESENT|Body Press|p2a: Chicago\n|-resisted|p2a: Chicago|1\n|-damage|p2a: Chicago|32/100\n|move|p2a: Chicago|Dire Claw|p1b: Alakazam\n|-damage|p1b: Alakazam|0 fnt\n|faint|p1b: Alakazam\n|move|p2b: Tengo Suerte|Weather Ball|p1a: HOENN REPRESENT\n|-damage|p1a: HOENN REPRESENT|14/100\n|\n|-weather|none\n|-sideend|p1: THEEDudee|move: Light Screen\n|upkeep\n|\n|t:|1776394455\n|switch|p1b: Aerodactyl|Aerodactyl, L50, F|100/100\n|-ability|p1b: Aerodactyl|Unnerve\n|turn|6\n|\n|t:|1776394478\n|move|p1a: HOENN REPRESENT|Protect|p1a: HOENN REPRESENT\n|-singleturn|p1a: HOENN REPRESENT|Protect\n|move|p2a: Chicago|Protect|p2a: Chicago\n|-singleturn|p2a: Chicago|Protect\n|move|p1b: Aerodactyl|Rock Slide|p2b: Tengo Suerte|[spread] p2b\n|-activate|p2a: Chicago|move: Protect\n|-supereffective|p2b: Tengo Suerte|1\n|-damage|p2b: Tengo Suerte|38/100\n|cant|p2b: Tengo Suerte|flinch\n|\n|upkeep\n|turn|7\n|\n|t:|1776394494\n|switch|p2a: Jodeci|Chesnaught, L50, M, shiny|100/100\n|move|p1b: Aerodactyl|Rock Slide|p2b: Tengo Suerte|[spread] p2a,p2b\n|-resisted|p2a: Jodeci|1\n|-supereffective|p2b: Tengo Suerte|1\n|-damage|p2a: Jodeci|92/100\n|-damage|p2b: Tengo Suerte|0 fnt\n|faint|p2b: Tengo Suerte\n|move|p1a: HOENN REPRESENT|Body Press|p2a: Jodeci\n|-damage|p2a: Jodeci|45/100\n|\n|upkeep\n|\n|t:|1776394496\n|switch|p2b: Chicago|Sneasler, L50, F|32/100\n|turn|8\n|\n|t:|1776394509\n|detailschange|p2a: Jodeci|Chesnaught-Mega, L50, M, shiny\n|-mega|p2a: Jodeci|Chesnaught|Chesnaughtite\n|move|p1a: HOENN REPRESENT|Protect|p1a: HOENN REPRESENT\n|-singleturn|p1a: HOENN REPRESENT|Protect\n|move|p2a: Jodeci|Spiky Shield|p2a: Jodeci\n|-singleturn|p2a: Jodeci|move: Protect\n|move|p1b: Aerodactyl|Tailwind|p1b: Aerodactyl\n|-sidestart|p1: THEEDudee|move: Tailwind\n|move|p2b: Chicago|Rock Slide|p1a: HOENN REPRESENT|[spread] p1b\n|-activate|p1a: HOENN REPRESENT|move: Protect\n|-supereffective|p1b: Aerodactyl|1\n|-damage|p1b: Aerodactyl|33/100\n|\n|upkeep\n|turn|9\n|\n|t:|1776394530\n|move|p1b: Aerodactyl|Dual Wingbeat|p2a: Jodeci\n|-supereffective|p2a: Jodeci|2\n|-damage|p2a: Jodeci|6/100\n|-supereffective|p2a: Jodeci|2\n|-damage|p2a: Jodeci|0 fnt\n|faint|p2a: Jodeci\n|-hitcount|p2: Jodeci|2\n|move|p1a: HOENN REPRESENT|Body Press|p2b: Chicago\n|-resisted|p2b: Chicago|1\n|-crit|p2b: Chicago\n|-damage|p2b: Chicago|0 fnt\n|faint|p2b: Chicago\n|\n|win|THEEDudee\n|raw|THEEDudee's rating: 1107 &rarr; <strong>1136</strong><br />(+29 for winning)\n|raw|Chesnaughtmeister's rating: 1158 &rarr; <strong>1129</strong><br />(-29 for losing)\n|l|\u2606Chesnaughtmeister\n|player|p2|\n",
  "uploadtime": 1776394545,
  "views": 28,
  "formatid": "gen9championsvgc2026regma",
  "rating": 1129,
  "private": 0,
  "password": null
}