{
  "id": "gen9championsvgc2026regma-2581190189",
  "format": "[Gen 9 Champions] VGC 2026 Reg M-A",
  "players": [
    "bgms",
    "StrikerMohamud"
  ],
  "log": "|j|\u2606bgms\n|j|\u2606StrikerMohamud\n|t:|1775968893\n|gametype|doubles\n|player|p1|bgms|cynthia-gen4|1011\n|player|p2|StrikerMohamud|unknown|1022\n|gen|9\n|tier|[Gen 9 Champions] VGC 2026 Reg M-A\n|rated|\n|rule|Species Clause: Limit one of each Pok\u00e9mon\n|rule|Item Clause: Limit 1 of each item\n|clearpoke\n|poke|p1|Charizard, L50, M|\n|poke|p1|Kingambit, L50, F|\n|poke|p1|Sinistcha, L50|\n|poke|p1|Zoroark-Hisui, L50, M|\n|poke|p1|Gallade, L50, M|\n|poke|p1|Incineroar, L50, M|\n|poke|p2|Kangaskhan, L50, F|\n|poke|p2|Incineroar, L50, M|\n|poke|p2|Azumarill, L50, M|\n|poke|p2|Froslass, L50, F|\n|poke|p2|Garchomp, L50, F|\n|poke|p2|Talonflame, L50, F|\n|teampreview|4\n|\n|t:|1775968925\n|teamsize|p1|4\n|teamsize|p2|4\n|start\n|switch|p1a: Charizard|Charizard, L50, M|100/100\n|switch|p1b: Gallade|Gallade, L50, M|100/100\n|switch|p2a: Azumarill|Azumarill, L50, M, shiny|100/100\n|switch|p2b: Kangaskhan|Kangaskhan, L50, F|100/100\n|turn|1\n|\n|t:|1775968951\n|detailschange|p1a: Charizard|Charizard-Mega-Y, L50, M\n|-mega|p1a: Charizard|Charizard|Charizardite Y\n|-weather|SunnyDay|[from] ability: Drought|[of] p1a: Charizard\n|move|p2b: Kangaskhan|Fake Out|p1a: Charizard\n|-damage|p1a: Charizard|77/100\n|move|p1b: Gallade|Hyper Voice|p2b: Kangaskhan|[spread] p2a,p2b\n|-crit|p2b: Kangaskhan\n|-damage|p2a: Azumarill|64/100\n|-damage|p2b: Kangaskhan|58/100\n|cant|p1a: Charizard|flinch\n|move|p2a: Azumarill|Belly Drum|p2a: Azumarill\n|-damage|p2a: Azumarill|14/100\n|-setboost|p2a: Azumarill|atk|6|[from] move: Belly Drum\n|-enditem|p2a: Azumarill|Sitrus Berry|[eat]\n|-heal|p2a: Azumarill|39/100|[from] item: Sitrus Berry\n|\n|-weather|SunnyDay|[upkeep]\n|upkeep\n|turn|2\n|\n|t:|1775968981\n|detailschange|p2b: Kangaskhan|Kangaskhan-Mega, L50, F\n|-mega|p2b: Kangaskhan|Kangaskhan|Kangaskhanite\n|move|p2a: Azumarill|Protect|p2a: Azumarill\n|-singleturn|p2a: Azumarill|Protect\n|move|p2b: Kangaskhan|Sucker Punch|p1b: Gallade\n|-supereffective|p1b: Gallade|1\n|-damage|p1b: Gallade|2/100\n|replace|p1b: Zoroark|Zoroark-Hisui, L50, M\n|-end|p1b: Zoroark|Illusion\n|-supereffective|p1b: Zoroark|1\n|-damage|p1b: Zoroark|0 fnt\n|faint|p1b: Zoroark\n|-hitcount|p1: Zoroark|2\n|move|p1a: Charizard|Solar Beam||[still]\n|-prepare|p1a: Charizard|Solar Beam\n|-anim|p1a: Charizard|Solar Beam|p2a: Azumarill\n|-activate|p2a: Azumarill|move: Protect\n|\n|-weather|SunnyDay|[upkeep]\n|upkeep\n|\n|t:|1775968998\n|switch|p1b: Sinistcha|Sinistcha, L50|100/100\n|turn|3\n|\n|t:|1775969021\n|switch|p2b: Talonflame|Talonflame, L50, F, shiny|100/100\n|move|p1b: Sinistcha|Protect|p1b: Sinistcha\n|-singleturn|p1b: Sinistcha|Protect\n|move|p2a: Azumarill|Protect||[still]\n|-fail|p2a: Azumarill\n|move|p1a: Charizard|Solar Beam||[still]\n|-prepare|p1a: Charizard|Solar Beam\n|-anim|p1a: Charizard|Solar Beam|p2a: Azumarill\n|-supereffective|p2a: Azumarill|1\n|-damage|p2a: Azumarill|0 fnt\n|faint|p2a: Azumarill\n|\n|-weather|SunnyDay|[upkeep]\n|upkeep\n|\n|t:|1775969027\n|switch|p2a: Garchomp|Garchomp, L50, F|100/100\n|turn|4\n|\n|t:|1775969046\n|switch|p1b: Gallade|Gallade, L50, M|100/100\n|move|p2b: Talonflame|Dual Wingbeat|p1b: Gallade\n|-supereffective|p1b: Gallade|1\n|-damage|p1b: Gallade|40/100\n|-supereffective|p1b: Gallade|1\n|-damage|p1b: Gallade|0 fnt\n|faint|p1b: Gallade\n|-hitcount|p1: Gallade|2\n|move|p2a: Garchomp|Rock Slide|p1a: Charizard|[miss]\n|-miss|p2a: Garchomp|p1a: Charizard\n|move|p1a: Charizard|Dragon Pulse|p2a: Garchomp\n|-supereffective|p2a: Garchomp|1\n|-damage|p2a: Garchomp|13/100\n|\n|-weather|SunnyDay|[upkeep]\n|upkeep\n|\n|t:|1775969064\n|switch|p1b: Sinistcha|Sinistcha, L50|100/100\n|turn|5\n|\n|t:|1775969082\n|move|p2b: Talonflame|Dual Wingbeat|p1b: Sinistcha\n|-supereffective|p1b: Sinistcha|1\n|-damage|p1b: Sinistcha|65/100\n|-supereffective|p1b: Sinistcha|1\n|-damage|p1b: Sinistcha|30/100\n|-hitcount|p1b: Sinistcha|2\n|move|p2a: Garchomp|Rock Slide|p1b: Sinistcha|[spread] p1a,p1b\n|-supereffective|p1a: Charizard|2\n|-damage|p1a: Charizard|0 fnt\n|-damage|p1b: Sinistcha|8/100\n|faint|p1a: Charizard\n|move|p1b: Sinistcha|Strength Sap|p2b: Talonflame\n|-unboost|p2b: Talonflame|atk|1\n|-heal|p1b: Sinistcha|92/100\n|\n|-weather|none\n|-heal|p1b: Sinistcha|97/100|[from] item: Leftovers\n|upkeep\n|turn|6\n|\n|t:|1775969101\n|switch|p2a: Kangaskhan|Kangaskhan-Mega, L50, F|58/100\n|move|p2b: Talonflame|Taunt|p1b: Sinistcha\n|-start|p1b: Sinistcha|move: Taunt\n|move|p1b: Sinistcha|Giga Drain|p2a: Kangaskhan\n|-damage|p2a: Kangaskhan|28/100\n|-heal|p1b: Sinistcha|100/100|[from] drain|[of] p2a: Kangaskhan\n|\n|upkeep\n|turn|7\n|\n|t:|1775969112\n|move|p2b: Talonflame|Dual Wingbeat|p1b: Sinistcha\n|-supereffective|p1b: Sinistcha|1\n|-damage|p1b: Sinistcha|78/100\n|-supereffective|p1b: Sinistcha|1\n|-damage|p1b: Sinistcha|54/100\n|-hitcount|p1b: Sinistcha|2\n|move|p2a: Kangaskhan|Sucker Punch|p1b: Sinistcha\n|-supereffective|p1b: Sinistcha|1\n|-damage|p1b: Sinistcha|6/100\n|-supereffective|p1b: Sinistcha|1\n|-damage|p1b: Sinistcha|0 fnt\n|faint|p1b: Sinistcha\n|-hitcount|p1: Sinistcha|2\n|\n|win|StrikerMohamud\n|raw|bgms's rating: 1011 &rarr; <strong>1000</strong><br />(-11 for losing)\n|raw|StrikerMohamud's rating: 1022 &rarr; <strong>1058</strong><br />(+36 for winning)\n",
  "uploadtime": 1775968895,
  "views": 17,
  "formatid": "gen9championsvgc2026regma",
  "rating": 1000,
  "private": 0,
  "password": null
}