{
  "id": "gen9championsvgc2026regma-2584734754",
  "format": "[Gen 9 Champions] VGC 2026 Reg M-A",
  "players": [
    "sonicutopia",
    "sille rovert"
  ],
  "log": "|j|\u2606sonicutopia\n|j|\u2606sille rovert\n|t:|1776279935\n|gametype|doubles\n|player|p1|sonicutopia|cynthia-gen4|\n|player|p2|sille rovert|101|\n|gen|9\n|tier|[Gen 9 Champions] VGC 2026 Reg M-A\n|rated|Tournament battle\n|rule|Species Clause: Limit one of each Pok\u00e9mon\n|rule|Item Clause: Limit 1 of each item\n|raw|<div class=\"infobox\"><details class=\"readmore\" open><summary><strong>1 custom rule:</strong></summary> Force Open Team Sheets</details></div>\n|clearpoke\n|poke|p1|Basculegion, L50, M|\n|poke|p1|Pelipper, L50, F|\n|poke|p1|Primarina, L50, F|\n|poke|p1|Archaludon, L50, F|\n|poke|p1|Sinistcha, L50|\n|poke|p1|Dragonite, L50, F|\n|poke|p2|Gardevoir, L50, M|\n|poke|p2|Aegislash, L50, F|\n|poke|p2|Garchomp, L50, M|\n|poke|p2|Milotic, L50, M|\n|poke|p2|Aerodactyl, L50, M|\n|poke|p2|Incineroar, L50, M|\n|teampreview|4\n|showteam|p1|Basculegion||KasibBerry|SwiftSwim|FlipTurn,AquaJet,LastRespects,Protect|||M|||50|]Pelipper||FocusSash|Drizzle|IcyWind,Tailwind,Protect,WeatherBall|||F|||50|]Primarina||MysticWater|Torrent|DazzlingGleam,Moonblast,WaterPulse,HydroPump|||F|||50|]Archaludon||Leftovers|Stalwart|ElectroShot,DragonPulse,Protect,SteelBeam|||F|||50|]Sinistcha||MentalHerb|Hospitality|MatchaGotcha,ShadowBall,RagePowder,StunSpore||||||50|]Dragonite||Dragoninite|Multiscale|Thunder,Protect,DragonPulse,IceBeam|||F|||50|\n|showteam|p2|Gardevoir||Gardevoirite|Telepathy|Psychic,HyperVoice,TrickRoom,Protect|||M|||50|]Aegislash||SpellTag|StanceChange|ShadowBall,IronHead,SacredSword,KingsShield|||F|||50|]Garchomp||WhiteHerb|RoughSkin|Earthquake,DragonClaw,StompingTantrum,Protect|||M|||50|]Milotic||SitrusBerry|Competitive|Scald,IceBeam,LifeDew,Protect|||M|||50|]Aerodactyl||FocusSash|Unnerve|RockSlide,DualWingbeat,Tailwind,Protect|||M|||50|]Incineroar||ChopleBerry|Intimidate|FlareBlitz,ThroatChop,PartingShot,FakeOut|||M|||50|\nsonicutopia has agreed to open team sheets.\n|inactive|Battle timer is ON: inactive players will automatically lose when time's up. (requested by sille rovert)\n|\n|t:|1776279964\n|teamsize|p1|4\n|teamsize|p2|4\n|start\n|switch|p1a: Pelipper|Pelipper, L50, F|100/100\n|switch|p1b: Archaludon|Archaludon, L50, F|100/100\n|switch|p2a: Incineroar|Incineroar, L50, M|100/100\n|switch|p2b: Gardevoir|Gardevoir, L50, M|100/100\n|-ability|p2a: Incineroar|Intimidate|boost\n|-unboost|p1a: Pelipper|atk|1\n|-unboost|p1b: Archaludon|atk|1\n|-weather|RainDance|[from] ability: Drizzle|[of] p1a: Pelipper\n|turn|1\n|inactive|sille rovert has 30 seconds left.\n|inactive|sille rovert has 20 seconds left.\n|inactive|sille rovert has 15 seconds left.\n|inactive|sille rovert has 10 seconds left.\n|\n|t:|1776280012\n|detailschange|p2b: Gardevoir|Gardevoir-Mega, L50, M\n|-mega|p2b: Gardevoir|Gardevoir|Gardevoirite\n|move|p2a: Incineroar|Fake Out|p1b: Archaludon\n|-resisted|p1b: Archaludon|1\n|-damage|p1b: Archaludon|96/100\n|cant|p1b: Archaludon|flinch\n|move|p1a: Pelipper|Weather Ball|p2a: Incineroar\n|-supereffective|p2a: Incineroar|1\n|-crit|p2a: Incineroar\n|-damage|p2a: Incineroar|0 fnt\n|faint|p2a: Incineroar\n|move|p2b: Gardevoir|Trick Room|p2b: Gardevoir\n|-fieldstart|move: Trick Room|[of] p2b: Gardevoir\n|\n|-weather|RainDance|[upkeep]\n|-heal|p1b: Archaludon|100/100|[from] item: Leftovers\n|upkeep\n|\n|t:|1776280020\n|switch|p2a: Aegislash|Aegislash, L50, F|100/100\n|turn|2\n|\n|t:|1776280043\n|switch|p2b: Milotic|Milotic, L50, M|100/100\n|-formechange|p2a: Aegislash|Aegislash-Blade|\n|move|p2a: Aegislash|Shadow Ball|p1a: Pelipper\n|-damage|p1a: Pelipper|39/100\n|move|p1a: Pelipper|Weather Ball|p2a: Aegislash\n|-damage|p2a: Aegislash|10/100\n|move|p1b: Archaludon|Steel Beam|p2b: Milotic\n|-resisted|p2b: Milotic|1\n|-damage|p2b: Milotic|75/100\n|-damage|p1b: Archaludon|50/100|[from] steelbeam\n|\n|-weather|RainDance|[upkeep]\n|-heal|p1b: Archaludon|56/100|[from] item: Leftovers\n|upkeep\n|turn|3\n|\n|t:|1776280062\n|move|p1a: Pelipper|Protect|p1a: Pelipper\n|-singleturn|p1a: Pelipper|Protect\n|move|p1b: Archaludon|Protect|p1b: Archaludon\n|-singleturn|p1b: Archaludon|Protect\n|move|p2a: Aegislash|Shadow Ball|p1b: Archaludon\n|-activate|p1b: Archaludon|move: Protect\n|move|p2b: Milotic|Scald|p1a: Pelipper\n|-activate|p1a: Pelipper|move: Protect\n|\n|-weather|RainDance|[upkeep]\n|-heal|p1b: Archaludon|62/100|[from] item: Leftovers\n|upkeep\n|turn|4\n|\n|t:|1776280078\n|move|p2a: Aegislash|Shadow Ball|p1b: Archaludon\n|-damage|p1b: Archaludon|10/100\n|move|p1a: Pelipper|Weather Ball|p2a: Aegislash\n|-damage|p2a: Aegislash|0 fnt\n|faint|p2a: Aegislash\n|move|p2b: Milotic|Scald|p1b: Archaludon\n|-resisted|p1b: Archaludon|1\n|-damage|p1b: Archaludon|0 fnt\n|faint|p1b: Archaludon\n|\n|-weather|RainDance|[upkeep]\n|upkeep\n|\n|t:|1776280091\n|switch|p2a: Gardevoir|Gardevoir-Mega, L50, M|100/100\n|switch|p1b: Primarina|Primarina, L50, F|100/100\n|turn|5\n|\n|t:|1776280106\n|switch|p1a: Basculegion|Basculegion, L50, M|100/100\n|move|p2a: Gardevoir|Protect|p2a: Gardevoir\n|-singleturn|p2a: Gardevoir|Protect\n|move|p2b: Milotic|Ice Beam|p1a: Basculegion\n|-resisted|p1a: Basculegion|1\n|-damage|p1a: Basculegion|89/100\n|move|p1b: Primarina|Hydro Pump|p2a: Gardevoir\n|-activate|p2a: Gardevoir|move: Protect\n|\n|-weather|none\n|-fieldend|move: Trick Room\n|upkeep\n|turn|6\n|\n|t:|1776280119\n|move|p1a: Basculegion|Last Respects|p2a: Gardevoir\n|-supereffective|p2a: Gardevoir|1\n|-damage|p2a: Gardevoir|0 fnt\n|faint|p2a: Gardevoir\n|move|p1b: Primarina|Moonblast|p2b: Milotic\n|-damage|p2b: Milotic|43/100\n|-enditem|p2b: Milotic|Sitrus Berry|[eat]\n|-heal|p2b: Milotic|68/100|[from] item: Sitrus Berry\n|move|p2b: Milotic|Scald|p1a: Basculegion\n|-resisted|p1a: Basculegion|1\n|-damage|p1a: Basculegion|73/100\n|\n|upkeep\n|turn|7\n|-message|sille rovert forfeited.\n|\n|win|sonicutopia\n|n|\u2606sonicutopia|sonicutopia\n|n|\u2606sille rovert|sillerovert\n|l|\u2606sille rovert\n|player|p2|\n|c|\u2606sonicutopia|ggs\n",
  "uploadtime": 1776280140,
  "views": 16,
  "formatid": "gen9championsvgc2026regma",
  "rating": null,
  "private": 0,
  "password": null
}