{
  "id": "gen9championsvgc2026regma-2584368778",
  "format": "[Gen 9 Champions] VGC 2026 Reg M-A",
  "players": [
    "Sevendi17",
    "vnunesp12"
  ],
  "log": "|j|\u2606Sevendi17\n|j|\u2606vnunesp12\n|t:|1776255528\n|gametype|doubles\n|player|p1|Sevendi17|1|1079\n|player|p2|vnunesp12|red|1110\n|gen|9\n|tier|[Gen 9 Champions] VGC 2026 Reg M-A\n|rated|\n|rule|Species Clause: Limit one of each Pok\u00e9mon\n|rule|Item Clause: Limit 1 of each item\n|clearpoke\n|poke|p1|Meganium, L50, M|\n|poke|p1|Pelipper, L50, M|\n|poke|p1|Incineroar, L50, M|\n|poke|p1|Basculegion, L50, M|\n|poke|p1|Sneasler, L50, F|\n|poke|p1|Archaludon, L50, F|\n|poke|p2|Froslass, L50, F|\n|poke|p2|Sneasler, L50, M|\n|poke|p2|Kingambit, L50, M|\n|poke|p2|Garchomp, L50, F|\n|poke|p2|Talonflame, L50, F|\n|poke|p2|Primarina, L50, M|\n|teampreview|4\n|inactive|Battle timer is ON: inactive players will automatically lose when time's up. (requested by vnunesp12)\n|inactive|Sevendi17 has 60 seconds left.\n|\n|t:|1776255562\n|teamsize|p1|4\n|teamsize|p2|4\n|start\n|switch|p1a: Basculegion|Basculegion, L50, M|100/100\n|switch|p1b: Incineroar|Incineroar, L50, M|100/100\n|switch|p2a: Caio Alexandre|Talonflame, L50, F|100/100\n|switch|p2b: Erick|Kingambit, L50, M|100/100\n|-ability|p1b: Incineroar|Intimidate|boost\n|-unboost|p2a: Caio Alexandre|atk|1\n|-unboost|p2b: Erick|atk|1\n|-ability|p2b: Erick|Defiant|boost\n|-boost|p2b: Erick|atk|2\n|turn|1\n|\n|t:|1776255578\n|move|p2a: Caio Alexandre|Protect|p2a: Caio Alexandre\n|-singleturn|p2a: Caio Alexandre|Protect\n|move|p1b: Incineroar|Fake Out|p2a: Caio Alexandre\n|-activate|p2a: Caio Alexandre|move: Protect\n|move|p2b: Erick|Sucker Punch|p1a: Basculegion\n|-supereffective|p1a: Basculegion|1\n|-damage|p1a: Basculegion|0 fnt\n|faint|p1a: Basculegion\n|\n|upkeep\n|\n|t:|1776255590\n|switch|p1a: Pelipper|Pelipper, L50, M|100/100\n|-weather|RainDance|[from] ability: Drizzle|[of] p1a: Pelipper\n|turn|2\n|\n|t:|1776255602\n|switch|p1b: Meganium|Meganium, L50, M|100/100\n|move|p2b: Erick|Protect|p2b: Erick\n|-singleturn|p2b: Erick|Protect\n|move|p2a: Caio Alexandre|Tailwind|p2a: Caio Alexandre\n|-sidestart|p2: vnunesp12|move: Tailwind\n|move|p1a: Pelipper|Tailwind|p1a: Pelipper\n|-sidestart|p1: Sevendi17|move: Tailwind\n|\n|-weather|RainDance|[upkeep]\n|upkeep\n|turn|3\n|\n|t:|1776255621\n|detailschange|p1b: Meganium|Meganium-Mega, L50, M\n|-mega|p1b: Meganium|Meganium|Meganiumite\n|move|p2a: Caio Alexandre|Brave Bird|p1b: Meganium\n|-supereffective|p1b: Meganium|1\n|-damage|p1b: Meganium|59/100\n|-damage|p2a: Caio Alexandre|86/100|[from] Recoil\n|move|p2b: Erick|Sucker Punch|p1b: Meganium\n|-resisted|p1b: Meganium|1\n|-crit|p1b: Meganium\n|-damage|p1b: Meganium|15/100\n|move|p1b: Meganium|Weather Ball|p2b: Erick\n|-supereffective|p2b: Erick|1\n|-damage|p2b: Erick|0 fnt\n|faint|p2b: Erick\n|move|p1a: Pelipper|Hydro Pump|p2a: Caio Alexandre\n|-supereffective|p2a: Caio Alexandre|1\n|-damage|p2a: Caio Alexandre|0 fnt\n|faint|p2a: Caio Alexandre\n|\n|-weather|RainDance|[upkeep]\n|upkeep\n|\n|t:|1776255642\n|switch|p2a: Pulga|Sneasler, L50, M|100/100\n|switch|p2b: Everaldo|Froslass, L50, F|100/100\n|turn|4\n|\n|t:|1776255655\n|switch|p1b: Incineroar|Incineroar, L50, M|100/100\n|-ability|p1b: Incineroar|Intimidate|boost\n|-unboost|p2a: Pulga|atk|1\n|-unboost|p2b: Everaldo|atk|1\n|-enditem|p2a: Pulga|White Herb\n|-clearnegativeboost|p2a: Pulga|[silent]\n|detailschange|p2b: Everaldo|Froslass-Mega, L50, F\n|-mega|p2b: Everaldo|Froslass|Froslassite\n|-weather|Snowscape|[from] ability: Snow Warning|[of] p2b: Everaldo\n|move|p2a: Pulga|Fake Out|p1a: Pelipper\n|-damage|p1a: Pelipper|83/100\n|move|p2b: Everaldo|Blizzard|p1b: Incineroar|[spread] p1a,p1b\n|-resisted|p1b: Incineroar|1\n|-damage|p1a: Pelipper|28/100\n|-damage|p1b: Incineroar|79/100\n|-enditem|p1a: Pelipper|Sitrus Berry|[eat]\n|-heal|p1a: Pelipper|52/100|[from] item: Sitrus Berry\n|cant|p1a: Pelipper|flinch\n|\n|-weather|Snowscape|[upkeep]\n|upkeep\n|turn|5\n|inactive|vnunesp12 has 30 seconds left.\n|\n|t:|1776255686\n|move|p2a: Pulga|Protect|p2a: Pulga\n|-singleturn|p2a: Pulga|Protect\n|move|p2b: Everaldo|Shadow Ball|p1a: Pelipper\n|-damage|p1a: Pelipper|0 fnt\n|faint|p1a: Pelipper\n|move|p1b: Incineroar|Flare Blitz|p2b: Everaldo\n|-supereffective|p2b: Everaldo|1\n|-damage|p2b: Everaldo|0 fnt\n|faint|p2b: Everaldo\n|-damage|p1b: Incineroar|55/100|[from] Recoil\n|\n|-weather|Snowscape|[upkeep]\n|-sideend|p1: Sevendi17|move: Tailwind\n|-sideend|p2: vnunesp12|move: Tailwind\n|upkeep\n|\n|t:|1776255704\n|switch|p1a: Meganium|Meganium-Mega, L50, M|15/100\n|turn|6\n|\n|t:|1776255713\n|move|p1a: Meganium|Protect|p1a: Meganium\n|-singleturn|p1a: Meganium|Protect\n|move|p2a: Pulga|Close Combat|p1b: Incineroar\n|-supereffective|p1b: Incineroar|1\n|-damage|p1b: Incineroar|0 fnt\n|-unboost|p2a: Pulga|def|1\n|-unboost|p2a: Pulga|spd|1\n|faint|p1b: Incineroar\n|\n|-weather|Snowscape|[upkeep]\n|upkeep\n|turn|7\n|\n|t:|1776255728\n|move|p2a: Pulga|Dire Claw|p1a: Meganium\n|-supereffective|p1a: Meganium|2\n|-damage|p1a: Meganium|0 fnt\n|faint|p1a: Meganium\n|\n|win|vnunesp12\n|raw|Sevendi17's rating: 1079 &rarr; <strong>1059</strong><br />(-20 for losing)\n|raw|vnunesp12's rating: 1110 &rarr; <strong>1133</strong><br />(+23 for winning)\n|l|\u2606Sevendi17\n|player|p1|\n",
  "uploadtime": 1776255738,
  "views": 24,
  "formatid": "gen9championsvgc2026regma",
  "rating": 1059,
  "private": 0,
  "password": null
}