{
  "id": "gen9championsvgc2026regma-2584477802",
  "format": "[Gen 9 Champions] VGC 2026 Reg M-A",
  "players": [
    "sdfgg",
    "aigissimp"
  ],
  "log": "|j|\u2606sdfgg\n|j|\u2606aigissimp\n|t:|1776263513\n|gametype|doubles\n|player|p1|sdfgg|cynthia-gen4|1120\n|player|p2|aigissimp|caitlin|1132\n|gen|9\n|tier|[Gen 9 Champions] VGC 2026 Reg M-A\n|rated|\n|rule|Species Clause: Limit one of each Pok\u00e9mon\n|rule|Item Clause: Limit 1 of each item\n|clearpoke\n|poke|p1|Sneasler, L50, F|\n|poke|p1|Farigiraf, L50, F|\n|poke|p1|Incineroar, L50, M|\n|poke|p1|Dragapult, L50, F|\n|poke|p1|Whimsicott, L50, F|\n|poke|p1|Milotic, L50, F|\n|poke|p2|Tyranitar, L50, M|\n|poke|p2|Excadrill, L50, M|\n|poke|p2|Meganium, L50, M|\n|poke|p2|Incineroar, L50, F|\n|poke|p2|Aegislash, L50, M|\n|poke|p2|Whimsicott, L50, M|\n|teampreview|4\n|\n|t:|1776263553\n|teamsize|p1|4\n|teamsize|p2|4\n|start\n|switch|p1a: Incineroar|Incineroar, L50, M|100/100\n|switch|p1b: Milotic|Milotic, L50, F|100/100\n|switch|p2a: Whimsicott|Whimsicott, L50, M|100/100\n|switch|p2b: Aegislash|Aegislash, L50, M|100/100\n|-ability|p1a: Incineroar|Intimidate|boost\n|-unboost|p2a: Whimsicott|atk|1\n|-unboost|p2b: Aegislash|atk|1\n|turn|1\n|\n|t:|1776263582\n|move|p2a: Whimsicott|Protect|p2a: Whimsicott\n|-singleturn|p2a: Whimsicott|Protect\n|move|p1b: Milotic|Icy Wind|p2a: Whimsicott|[spread] p2b\n|-activate|p2a: Whimsicott|move: Protect\n|-resisted|p2b: Aegislash|1\n|-damage|p2b: Aegislash|97/100\n|-unboost|p2b: Aegislash|spe|1\n|move|p1a: Incineroar|Parting Shot|p1b: Milotic\n|-unboost|p1b: Milotic|atk|1\n|-unboost|p1b: Milotic|spa|1\n|\n|t:|1776263592\n|switch|p1a: Sneasler|Sneasler, L50, F|100/100|[from] Parting Shot\n|-formechange|p2b: Aegislash|Aegislash-Blade|\n|move|p2b: Aegislash|Shadow Ball|p1b: Milotic\n|-damage|p1b: Milotic|69/100\n|\n|-heal|p1b: Milotic|75/100|[from] item: Leftovers\n|-heal|p2b: Aegislash|100/100|[from] item: Leftovers\n|upkeep\n|turn|2\n|\n|t:|1776263613\n|switch|p1b: Incineroar|Incineroar, L50, M|100/100\n|-ability|p1b: Incineroar|Intimidate|boost\n|-unboost|p2a: Whimsicott|atk|1\n|-unboost|p2b: Aegislash|atk|1\n|move|p1a: Sneasler|Fake Out|p2a: Whimsicott\n|-damage|p2a: Whimsicott|84/100\n|cant|p2a: Whimsicott|flinch\n|move|p2b: Aegislash|Psycho Cut|p1a: Sneasler\n|-supereffective|p1a: Sneasler|2\n|-damage|p1a: Sneasler|26/100\n|\n|upkeep\n|turn|3\n|\n|t:|1776263636\n|move|p2a: Whimsicott|Protect|p2a: Whimsicott\n|-singleturn|p2a: Whimsicott|Protect\n|-formechange|p2b: Aegislash|Aegislash|\n|move|p2b: Aegislash|King's Shield|p2b: Aegislash\n|-singleturn|p2b: Aegislash|Protect\n|move|p1a: Sneasler|Dire Claw|p2a: Whimsicott\n|-activate|p2a: Whimsicott|move: Protect\n|move|p1b: Incineroar|Flare Blitz|p2b: Aegislash\n|-activate|p2b: Aegislash|move: Protect\n|-unboost|p1b: Incineroar|atk|1\n|\n|upkeep\n|turn|4\n|\n|t:|1776263651\n|move|p2a: Whimsicott|Tailwind|p2a: Whimsicott\n|-sidestart|p2: aigissimp|move: Tailwind\n|move|p1a: Sneasler|Dire Claw|p2a: Whimsicott\n|-supereffective|p2a: Whimsicott|2\n|-damage|p2a: Whimsicott|0 fnt\n|faint|p2a: Whimsicott\n|-formechange|p2b: Aegislash|Aegislash-Blade|\n|move|p2b: Aegislash|Psycho Cut|p1a: Sneasler\n|-supereffective|p1a: Sneasler|2\n|-damage|p1a: Sneasler|0 fnt\n|faint|p1a: Sneasler\n|move|p1b: Incineroar|Flare Blitz|p2b: Aegislash\n|-supereffective|p2b: Aegislash|1\n|-damage|p2b: Aegislash|0 fnt\n|faint|p2b: Aegislash\n|-damage|p1b: Incineroar|73/100|[from] Recoil\n|\n|upkeep\n|\n|t:|1776263667\n|switch|p1a: Dragapult|Dragapult, L50, F|100/100\n|switch|p2a: Excadrill|Excadrill, L50, M|100/100\n|switch|p2b: Meganium|Meganium, L50, M|100/100\n|turn|5\n|\n|t:|1776263687\n|switch|p1b: Milotic|Milotic, L50, F|75/100\n|detailschange|p2b: Meganium|Meganium-Mega, L50, M\n|-mega|p2b: Meganium|Meganium|Meganiumite\n|move|p2a: Excadrill|High Horsepower|p1b: Milotic\n|-damage|p1b: Milotic|23/100\n|move|p2b: Meganium|Dazzling Gleam|p1a: Dragapult|[spread] p1a,p1b\n|-supereffective|p1a: Dragapult|1\n|-crit|p1b: Milotic\n|-damage|p1a: Dragapult|4/100\n|-damage|p1b: Milotic|0 fnt\n|faint|p1b: Milotic\n|move|p1a: Dragapult|Phantom Force||[still]\n|-prepare|p1a: Dragapult|Phantom Force\n|\n|upkeep\n|\n|t:|1776263698\n|switch|p1b: Incineroar|Incineroar, L50, M|73/100\n|-ability|p1b: Incineroar|Intimidate|boost\n|-unboost|p2a: Excadrill|atk|1\n|-unboost|p2b: Meganium|atk|1\n|turn|6\n|\n|t:|1776263714\n|move|p2a: Excadrill|Protect|p2a: Excadrill\n|-singleturn|p2a: Excadrill|Protect\n|move|p1b: Incineroar|Fake Out|p2a: Excadrill\n|-activate|p2a: Excadrill|move: Protect\n|move|p2b: Meganium|Dazzling Gleam|p1b: Incineroar|[spread] p1b\n|-miss|p2b: Meganium|p1a: Dragapult\n|-damage|p1b: Incineroar|47/100\n|-enditem|p1b: Incineroar|Sitrus Berry|[eat]\n|-heal|p1b: Incineroar|72/100|[from] item: Sitrus Berry\n|move|p1a: Dragapult|Phantom Force|p2b: Meganium|[from] lockedmove\n|-damage|p2b: Meganium|51/100\n|\n|upkeep\n|turn|7\n|\n|t:|1776263731\n|move|p1a: Dragapult|Sucker Punch|p2a: Excadrill\n|-damage|p2a: Excadrill|69/100\n|move|p2a: Excadrill|High Horsepower|p1b: Incineroar\n|-supereffective|p1b: Incineroar|1\n|-damage|p1b: Incineroar|2/100\n|move|p2b: Meganium|Dazzling Gleam|p1a: Dragapult|[spread] p1a,p1b\n|-supereffective|p1a: Dragapult|1\n|-crit|p1a: Dragapult\n|-damage|p1a: Dragapult|0 fnt\n|-damage|p1b: Incineroar|0 fnt\n|faint|p1a: Dragapult\n|faint|p1b: Incineroar\n|\n|win|aigissimp\n|raw|sdfgg's rating: 1120 &rarr; <strong>1096</strong><br />(-24 for losing)\n|raw|aigissimp's rating: 1132 &rarr; <strong>1156</strong><br />(+24 for winning)\n|l|\u2606sdfgg\n|player|p1|\n",
  "uploadtime": 1776263743,
  "views": 20,
  "formatid": "gen9championsvgc2026regma",
  "rating": 1096,
  "private": 0,
  "password": null
}