{
  "id": "gen9championsvgc2026regma-2588684157",
  "format": "[Gen 9 Champions] VGC 2026 Reg M-A",
  "players": [
    "weiner-man228",
    "Snipado"
  ],
  "log": "|j|\u2606weiner-man228\n|j|\u2606Snipado\n|t:|1776657432\n|gametype|doubles\n|player|p1|weiner-man228|unknown|1057\n|player|p2|Snipado|hiker-gen4|1077\n|gen|9\n|tier|[Gen 9 Champions] VGC 2026 Reg M-A\n|rated|\n|rule|Species Clause: Limit one of each Pok\u00e9mon\n|rule|Item Clause: Limit 1 of each item\n|clearpoke\n|poke|p1|Altaria, L50, F|\n|poke|p1|Sinistcha-Masterpiece, L50|\n|poke|p1|Aggron, L50, F|\n|poke|p1|Talonflame, L50, M|\n|poke|p1|Farigiraf, L50, F|\n|poke|p1|Primarina, L50, F|\n|poke|p2|Gardevoir, L50, M, shiny|\n|poke|p2|Garchomp, L50, F|\n|poke|p2|Kingambit, L50, F|\n|poke|p2|Basculegion, L50, M|\n|poke|p2|Maushold-Four, L50|\n|poke|p2|Talonflame, L50, F|\n|teampreview|4\n|\n|t:|1776657459\n|teamsize|p1|4\n|teamsize|p2|4\n|start\n|switch|p1a: Farigiraf|Farigiraf, L50, F|100/100\n|switch|p1b: Talonflame|Talonflame, L50, M|100/100\n|switch|p2a: Maushold|Maushold-Four, L50|100/100\n|switch|p2b: Kingambit|Kingambit, L50, F|100/100\n|turn|1\n|\n|t:|1776657479\n|move|p1b: Talonflame|Tailwind|p1b: Talonflame\n|-sidestart|p1: weiner-man228|move: Tailwind\n|move|p1a: Farigiraf|Hyper Voice|p2a: Maushold|[spread] p2a,p2b\n|-resisted|p2b: Kingambit|1\n|-damage|p2a: Maushold|67/100\n|-damage|p2b: Kingambit|90/100\n|move|p2a: Maushold|Taunt|p1a: Farigiraf\n|-start|p1a: Farigiraf|move: Taunt\n|move|p2b: Kingambit|Kowtow Cleave|p1a: Farigiraf\n|-supereffective|p1a: Farigiraf|1\n|-damage|p1a: Farigiraf|0 fnt\n|faint|p1a: Farigiraf\n|\n|upkeep\n|\n|t:|1776657493\n|switch|p1a: Aggron|Aggron, L50, F|100/100\n|turn|2\n|\n|t:|1776657511\n|detailschange|p1a: Aggron|Aggron-Mega, L50, F\n|-mega|p1a: Aggron|Aggron|Aggronite\n|move|p1b: Talonflame|Flare Blitz|p2b: Kingambit\n|-supereffective|p2b: Kingambit|1\n|-damage|p2b: Kingambit|44/100\n|-damage|p1b: Talonflame|82/100|[from] Recoil\n|move|p2a: Maushold|Encore|p1b: Talonflame\n|-start|p1b: Talonflame|Encore\n|move|p1a: Aggron|Body Press|p2a: Maushold\n|-supereffective|p2a: Maushold|1\n|-damage|p2a: Maushold|0 fnt\n|faint|p2a: Maushold\n|move|p2b: Kingambit|Kowtow Cleave|p1b: Talonflame\n|-damage|p1b: Talonflame|2/100\n|\n|upkeep\n|\n|t:|1776657534\n|switch|p2a: Gardevoir|Gardevoir, L50, M, shiny|100/100\n|turn|3\n|\n|t:|1776657550\n|detailschange|p2a: Gardevoir|Gardevoir-Mega, L50, M, shiny\n|-mega|p2a: Gardevoir|Gardevoir|Gardevoirite\n|move|p2a: Gardevoir|Protect|p2a: Gardevoir\n|-singleturn|p2a: Gardevoir|Protect\n|move|p2b: Kingambit|Sucker Punch|p1b: Talonflame\n|-damage|p1b: Talonflame|0 fnt\n|faint|p1b: Talonflame\n|move|p1a: Aggron|Heavy Slam|p2a: Gardevoir\n|-activate|p2a: Gardevoir|move: Protect\n|\n|upkeep\n|\n|t:|1776657562\n|switch|p1b: Sinistcha|Sinistcha-Masterpiece, L50|100/100\n|turn|4\n|\n|t:|1776657568\n|move|p1b: Sinistcha|Protect|p1b: Sinistcha\n|-singleturn|p1b: Sinistcha|Protect\n|move|p1a: Aggron|Heavy Slam|p2a: Gardevoir\n|-supereffective|p2a: Gardevoir|1\n|-crit|p2a: Gardevoir\n|-damage|p2a: Gardevoir|0 fnt\n|faint|p2a: Gardevoir\n|move|p2b: Kingambit|Kowtow Cleave|p1b: Sinistcha\n|-activate|p1b: Sinistcha|move: Protect\n|\n|-sideend|p1: weiner-man228|move: Tailwind\n|upkeep\n|\n|t:|1776657578\n|switch|p2a: Basculegion|Basculegion, L50, M|100/100\n|turn|5\n|\n|t:|1776657584\n|move|p2b: Kingambit|Protect|p2b: Kingambit\n|-singleturn|p2b: Kingambit|Protect\n|move|p2a: Basculegion|Last Respects|p1b: Sinistcha\n|-supereffective|p1b: Sinistcha|1\n|-enditem|p1b: Sinistcha|Focus Sash\n|-damage|p1b: Sinistcha|1/100\n|move|p1b: Sinistcha|Matcha Gotcha|p2b: Kingambit|[spread] p2a\n|-activate|p2b: Kingambit|move: Protect\n|-supereffective|p2a: Basculegion|1\n|-damage|p2a: Basculegion|48/100\n|-heal|p1b: Sinistcha|41/100|[from] drain|[of] p2a: Basculegion\n|-enditem|p2a: Basculegion|Sitrus Berry|[eat]\n|-heal|p2a: Basculegion|72/100|[from] item: Sitrus Berry\n|move|p1a: Aggron|Body Press|p2b: Kingambit\n|-activate|p2b: Kingambit|move: Protect\n|\n|upkeep\n|turn|6\n|\n|t:|1776657606\n|move|p1b: Sinistcha|Protect|p1b: Sinistcha\n|-singleturn|p1b: Sinistcha|Protect\n|move|p2a: Basculegion|Last Respects|p1b: Sinistcha\n|-activate|p1b: Sinistcha|move: Protect\n|move|p1a: Aggron|Body Press|p2b: Kingambit\n|-supereffective|p2b: Kingambit|2\n|-damage|p2b: Kingambit|0 fnt\n|faint|p2b: Kingambit\n|\n|upkeep\n|turn|7\n|\n|t:|1776657620\n|move|p2a: Basculegion|Last Respects|p1a: Aggron\n|-damage|p1a: Aggron|41/100\n|move|p1b: Sinistcha|Life Dew|p1b: Sinistcha|[spread] p1a,p1b\n|-heal|p1a: Aggron|66/100\n|-heal|p1b: Sinistcha|66/100\n|move|p1a: Aggron|Heavy Slam|p2a: Basculegion\n|-resisted|p2a: Basculegion|1\n|-damage|p2a: Basculegion|51/100\n|\n|upkeep\n|turn|8\n|\n|t:|1776657642\n|move|p2a: Basculegion|Last Respects|p1a: Aggron\n|-damage|p1a: Aggron|12/100\n|move|p1b: Sinistcha|Matcha Gotcha|p2a: Basculegion\n|-supereffective|p2a: Basculegion|1\n|-crit|p2a: Basculegion\n|-damage|p2a: Basculegion|0 fnt\n|-heal|p1b: Sinistcha|100/100|[from] drain|[of] p2a: Basculegion\n|faint|p2a: Basculegion\n|\n|win|weiner-man228\n|raw|weiner-man228's rating: 1057 &rarr; <strong>1090</strong><br />(+33 for winning)\n|raw|Snipado's rating: 1077 &rarr; <strong>1054</strong><br />(-23 for losing)\n|l|\u2606Snipado\n|player|p2|\n",
  "uploadtime": 1776657661,
  "views": 13,
  "formatid": "gen9championsvgc2026regma",
  "rating": 1054,
  "private": 0,
  "password": null
}