{
  "id": "gen9championsvgc2026regma-2580505607",
  "format": "[Gen 9 Champions] VGC 2026 Reg M-A",
  "players": [
    "tauro96",
    "Novicebest"
  ],
  "log": "|j|\u2606tauro96\n|j|\u2606Novicebest\n|t:|1775906204\n|gametype|doubles\n|player|p1|tauro96|unknown|1120\n|player|p2|Novicebest|dawn|1133\n|gen|9\n|tier|[Gen 9 Champions] VGC 2026 Reg M-A\n|rated|\n|rule|Species Clause: Limit one of each Pok\u00e9mon\n|rule|Item Clause: Limit 1 of each item\n|clearpoke\n|poke|p1|Manectric, L50, F|\n|poke|p1|Politoed, L50, F|\n|poke|p1|Aegislash, L50, F|\n|poke|p1|Basculegion, L50, M|\n|poke|p1|Meganium, L50, M|\n|poke|p1|Corviknight, L50, M|\n|poke|p2|Charizard, L50, M|\n|poke|p2|Whimsicott, L50, M|\n|poke|p2|Farigiraf, L50, M|\n|poke|p2|Sneasler, L50, M|\n|poke|p2|Rotom-Wash, L50|\n|poke|p2|Incineroar, L50, F|\n|teampreview|4\n|inactive|Battle timer is ON: inactive players will automatically lose when time's up. (requested by tauro96)\n|inactive|Novicebest has 60 seconds left.\n|\n|t:|1775906239\n|teamsize|p1|4\n|teamsize|p2|4\n|start\n|switch|p1a: Manectric|Manectric, L50, F|100/100\n|switch|p1b: Aegislash|Aegislash, L50, F|100/100\n|switch|p2a: Incineroar|Incineroar, L50, F|100/100\n|switch|p2b: Rotom|Rotom-Wash, L50|100/100\n|-ability|p2a: Incineroar|Intimidate|boost\n|-unboost|p1a: Manectric|atk|1\n|-unboost|p1b: Aegislash|atk|1\n|turn|1\n|\n|t:|1775906254\n|detailschange|p1a: Manectric|Manectric-Mega, L50, F\n|-mega|p1a: Manectric|Manectric|Manectite\n|-ability|p1a: Manectric|Intimidate|boost\n|-unboost|p2a: Incineroar|atk|1\n|-unboost|p2b: Rotom|atk|1\n|move|p1a: Manectric|Protect|p1a: Manectric\n|-singleturn|p1a: Manectric|Protect\n|move|p1b: Aegislash|King's Shield|p1b: Aegislash\n|-singleturn|p1b: Aegislash|Protect\n|move|p2a: Incineroar|Fake Out|p1a: Manectric\n|-activate|p1a: Manectric|move: Protect\n|move|p2b: Rotom|Nasty Plot|p2b: Rotom\n|-boost|p2b: Rotom|spa|2\n|\n|upkeep\n|turn|2\n|inactive|tauro96 has 30 seconds left.\n|\n|t:|1775906282\n|switch|p1b: Basculegion|Basculegion, L50, M|100/100\n|move|p1a: Manectric|Volt Switch|p2b: Rotom\n|-damage|p2b: Rotom|65/100\n|\n|t:|1775906292\n|switch|p1a: Aegislash|Aegislash, L50, F|100/100|[from] Volt Switch\n|move|p2b: Rotom|Thunderbolt|p1b: Basculegion\n|-supereffective|p1b: Basculegion|1\n|-damage|p1b: Basculegion|0 fnt\n|faint|p1b: Basculegion\n|move|p2a: Incineroar|Throat Chop|p1a: Aegislash\n|-supereffective|p1a: Aegislash|1\n|-crit|p1a: Aegislash\n|-enditem|p1a: Aegislash|Colbur Berry|[eat]\n|-enditem|p1a: Aegislash|Colbur Berry|[weaken]\n|-damage|p1a: Aegislash|66/100\n|-start|p1a: Aegislash|Throat Chop|[silent]\n|\n|-heal|p2b: Rotom|71/100|[from] item: Leftovers\n|upkeep\n|\n|t:|1775906302\n|switch|p1b: Manectric|Manectric-Mega, L50, F|100/100\n|-ability|p1b: Manectric|Intimidate|boost\n|-unboost|p2a: Incineroar|atk|1\n|-unboost|p2b: Rotom|atk|1\n|turn|3\n|\n|t:|1775906317\n|switch|p1a: Politoed|Politoed, L50, F|100/100\n|-weather|RainDance|[from] ability: Drizzle|[of] p1a: Politoed\n|move|p2b: Rotom|Protect|p2b: Rotom\n|-singleturn|p2b: Rotom|Protect\n|move|p1b: Manectric|Thunder|p2b: Rotom\n|-activate|p2b: Rotom|move: Protect\n|move|p2a: Incineroar|Parting Shot|p1b: Manectric\n|-unboost|p1b: Manectric|atk|1\n|-unboost|p1b: Manectric|spa|1\n|\n|t:|1775906332\n|switch|p2a: Charizard|Charizard, L50, M|100/100|[from] Parting Shot\n|\n|-weather|RainDance|[upkeep]\n|-heal|p2b: Rotom|77/100|[from] item: Leftovers\n|upkeep\n|turn|4\n|\n|t:|1775906348\n|switch|p1a: Aegislash|Aegislash, L50, F|66/100\n|detailschange|p2a: Charizard|Charizard-Mega-Y, L50, M\n|-mega|p2a: Charizard|Charizard|Charizardite Y\n|-weather|SunnyDay|[from] ability: Drought|[of] p2a: Charizard\n|move|p2a: Charizard|Protect|p2a: Charizard\n|-singleturn|p2a: Charizard|Protect\n|move|p1b: Manectric|Volt Switch|p2a: Charizard\n|-activate|p2a: Charizard|move: Protect\n|move|p2b: Rotom|Thunderbolt|p1a: Aegislash\n|-damage|p1a: Aegislash|1/100\n|\n|-weather|SunnyDay|[upkeep]\n|-heal|p2b: Rotom|83/100|[from] item: Leftovers\n|upkeep\n|turn|5\n|inactive|Novicebest has 30 seconds left.\n|\n|t:|1775906375\n|move|p1a: Aegislash|King's Shield|p1a: Aegislash\n|-singleturn|p1a: Aegislash|Protect\n|move|p1b: Manectric|Volt Switch|p2a: Charizard\n|-supereffective|p2a: Charizard|1\n|-damage|p2a: Charizard|60/100\n|\n|t:|1775906381\n|switch|p1b: Politoed|Politoed, L50, F|100/100|[from] Volt Switch\n|-weather|RainDance|[from] ability: Drizzle|[of] p1b: Politoed\n|move|p2a: Charizard|Heat Wave|p1a: Aegislash|[spread] p1b\n|-activate|p1a: Aegislash|move: Protect\n|-resisted|p1b: Politoed|1\n|-damage|p1b: Politoed|93/100\n|move|p2b: Rotom|Hydro Pump|p1b: Politoed\n|-resisted|p1b: Politoed|1\n|-damage|p1b: Politoed|35/100\n|-enditem|p1b: Politoed|Sitrus Berry|[eat]\n|-heal|p1b: Politoed|60/100|[from] item: Sitrus Berry\n|\n|-weather|RainDance|[upkeep]\n|-heal|p2b: Rotom|88/100|[from] item: Leftovers\n|upkeep\n|turn|6\n|\n|t:|1775906399\n|switch|p2a: Incineroar|Incineroar, L50, F|100/100\n|-ability|p2a: Incineroar|Intimidate|boost\n|-unboost|p1a: Aegislash|atk|1\n|-unboost|p1b: Politoed|atk|1\n|switch|p1a: Manectric|Manectric-Mega, L50, F|100/100\n|-ability|p1a: Manectric|Intimidate|boost\n|-unboost|p2a: Incineroar|atk|1\n|-unboost|p2b: Rotom|atk|1\n|move|p1b: Politoed|Protect|p1b: Politoed\n|-singleturn|p1b: Politoed|Protect\n|move|p2b: Rotom|Thunderbolt|p1b: Politoed\n|-activate|p1b: Politoed|move: Protect\n|\n|-weather|RainDance|[upkeep]\n|-heal|p2b: Rotom|94/100|[from] item: Leftovers\n|upkeep\n|turn|7\n|\n|t:|1775906415\n|move|p1a: Manectric|Protect|p1a: Manectric\n|-singleturn|p1a: Manectric|Protect\n|move|p1b: Politoed|Protect|p1b: Politoed\n|-singleturn|p1b: Politoed|Protect\n|move|p2a: Incineroar|Fake Out|p1a: Manectric\n|-activate|p1a: Manectric|move: Protect\n|move|p2b: Rotom|Thunderbolt|p1b: Politoed\n|-activate|p1b: Politoed|move: Protect\n|\n|-weather|RainDance|[upkeep]\n|-heal|p2b: Rotom|99/100|[from] item: Leftovers\n|upkeep\n|turn|8\n|\n|t:|1775906429\n|switch|p1b: Aegislash|Aegislash, L50, F|1/100\n|move|p2b: Rotom|Protect|p2b: Rotom\n|-singleturn|p2b: Rotom|Protect\n|move|p1a: Manectric|Volt Switch|p2b: Rotom\n|-activate|p2b: Rotom|move: Protect\n|move|p2a: Incineroar|Parting Shot|p1a: Manectric\n|-unboost|p1a: Manectric|atk|1\n|-unboost|p1a: Manectric|spa|1\n|\n|t:|1775906442\n|switch|p2a: Charizard|Charizard-Mega-Y, L50, M|60/100|[from] Parting Shot\n|-weather|SunnyDay|[from] ability: Drought|[of] p2a: Charizard\n|\n|-weather|SunnyDay|[upkeep]\n|-heal|p2b: Rotom|100/100|[from] item: Leftovers\n|upkeep\n|turn|9\n|-message|tauro96 forfeited.\n|\n|win|Novicebest\n|raw|tauro96's rating: 1120 &rarr; <strong>1096</strong><br />(-24 for losing)\n|raw|Novicebest's rating: 1133 &rarr; <strong>1157</strong><br />(+24 for winning)\n|l|\u2606tauro96\n|player|p1|\n",
  "uploadtime": 1775906452,
  "views": 12,
  "formatid": "gen9championsvgc2026regma",
  "rating": 1096,
  "private": 0,
  "password": null
}