{
  "id": "gen9championsvgc2026regma-2581274810",
  "format": "[Gen 9 Champions] VGC 2026 Reg M-A",
  "players": [
    "Rose Gold Joint",
    "TheCrunchyGoat"
  ],
  "log": "|j|\u2606Rose Gold Joint\n|j|\u2606TheCrunchyGoat\n|t:|1775979842\n|gametype|doubles\n|player|p1|Rose Gold Joint|266|1115\n|player|p2|TheCrunchyGoat|101|1041\n|gen|9\n|tier|[Gen 9 Champions] VGC 2026 Reg M-A\n|rated|\n|rule|Species Clause: Limit one of each Pok\u00e9mon\n|rule|Item Clause: Limit 1 of each item\n|clearpoke\n|poke|p1|Victreebel, L50, F|\n|poke|p1|Incineroar, L50, M|\n|poke|p1|Araquanid, L50, F|\n|poke|p1|Farigiraf, L50, M|\n|poke|p1|Torkoal, L50, F|\n|poke|p1|Golurk, L50|\n|poke|p2|Charizard, L50, M|\n|poke|p2|Basculegion-F, L50, F|\n|poke|p2|Sinistcha, L50|\n|poke|p2|Kingambit, L50, M|\n|poke|p2|Corviknight, L50, F|\n|poke|p2|Sylveon, L50, F|\n|teampreview|4\n|inactive|Battle timer is ON: inactive players will automatically lose when time's up. (requested by TheCrunchyGoat)\n|\n|t:|1775979887\n|teamsize|p1|4\n|teamsize|p2|4\n|start\n|switch|p1a: Victreebel|Victreebel, L50, F|100/100\n|switch|p1b: Torkoal|Torkoal, L50, F|100/100\n|switch|p2a: Charizard|Charizard, L50, M|100/100\n|switch|p2b: Sinistcha|Sinistcha, L50|100/100\n|-weather|SunnyDay|[from] ability: Drought|[of] p1b: Torkoal\n|turn|1\n|\n|t:|1775979907\n|detailschange|p2a: Charizard|Charizard-Mega-X, L50, M\n|-mega|p2a: Charizard|Charizard|Charizardite X\n|move|p2b: Sinistcha|Rage Powder|p2b: Sinistcha\n|-singleturn|p2b: Sinistcha|move: Rage Powder\n|move|p1a: Victreebel|Sleep Powder|p2a: Charizard\n|-status|p2a: Charizard|slp|[from] move: Sleep Powder\n|cant|p2a: Charizard|slp\n|move|p1b: Torkoal|Eruption|p2b: Sinistcha|[spread] p2a,p2b\n|-resisted|p2a: Charizard|2\n|-supereffective|p2b: Sinistcha|1\n|-damage|p2a: Charizard|70/100 slp\n|-damage|p2b: Sinistcha|0 fnt\n|faint|p2b: Sinistcha\n|\n|-weather|SunnyDay|[upkeep]\n|upkeep\n|\n|t:|1775979927\n|switch|p2b: Sylveon|Sylveon, L50, F|100/100\n|turn|2\n|\n|t:|1775979943\n|switch|p1b: Incineroar|Incineroar, L50, M|100/100\n|-ability|p1b: Incineroar|Intimidate|boost\n|-unboost|p2a: Charizard|atk|1\n|-unboost|p2b: Sylveon|atk|1\n|detailschange|p1a: Victreebel|Victreebel-Mega, L50, F\n|-mega|p1a: Victreebel|Victreebel|Victreebelite\n|cant|p2a: Charizard|slp\n|move|p1a: Victreebel|Sludge Bomb|p2b: Sylveon\n|-supereffective|p2b: Sylveon|1\n|-damage|p2b: Sylveon|32/100\n|move|p2b: Sylveon|Psyshock|p1b: Incineroar\n|-immune|p1b: Incineroar\n|\n|-weather|SunnyDay|[upkeep]\n|upkeep\n|turn|3\n|\n|t:|1775979958\n|move|p1b: Incineroar|Fake Out|p2a: Charizard\n|-damage|p2a: Charizard|58/100 slp\n|-curestatus|p2a: Charizard|slp|[msg]\n|cant|p2a: Charizard|flinch\n|move|p1a: Victreebel|Sludge Bomb|p2b: Sylveon\n|-supereffective|p2b: Sylveon|1\n|-crit|p2b: Sylveon\n|-damage|p2b: Sylveon|0 fnt\n|faint|p2b: Sylveon\n|\n|-weather|SunnyDay|[upkeep]\n|upkeep\n|\n|t:|1775979964\n|switch|p2b: Kingambit|Kingambit, L50, M|100/100\n|turn|4\n|\n|t:|1775979986\n|move|p2a: Charizard|Dragon Dance|p2a: Charizard\n|-boost|p2a: Charizard|atk|1\n|-boost|p2a: Charizard|spe|1\n|move|p1a: Victreebel|Sleep Powder|p2a: Charizard|[miss]\n|-miss|p1a: Victreebel|p2a: Charizard\n|move|p1b: Incineroar|Flare Blitz|p2b: Kingambit\n|-supereffective|p2b: Kingambit|1\n|-damage|p2b: Kingambit|0 fnt\n|faint|p2b: Kingambit\n|-damage|p1b: Incineroar|67/100|[from] Recoil\n|\n|-weather|SunnyDay|[upkeep]\n|upkeep\n|turn|5\n|\n|t:|1775979997\n|move|p2a: Charizard|Dragon Claw|p1b: Incineroar\n|-damage|p1b: Incineroar|19/100\n|-enditem|p1b: Incineroar|Sitrus Berry|[eat]\n|-heal|p1b: Incineroar|44/100|[from] item: Sitrus Berry\n|move|p1a: Victreebel|Sleep Powder|p2a: Charizard\n|-status|p2a: Charizard|slp|[from] move: Sleep Powder\n|move|p1b: Incineroar|Parting Shot|p2a: Charizard\n|-unboost|p2a: Charizard|atk|1\n|-unboost|p2a: Charizard|spa|1\n|\n|t:|1775980004\n|switch|p1b: Farigiraf|Farigiraf, L50, M|100/100|[from] Parting Shot\n|\n|-weather|none\n|upkeep\n|turn|6\n|\n|t:|1775980009\n|cant|p2a: Charizard|slp\n|move|p1a: Victreebel|Sludge Bomb|p2a: Charizard\n|-damage|p2a: Charizard|0 fnt\n|faint|p2a: Charizard\n|\n|win|Rose Gold Joint\n|raw|Rose Gold Joint's rating: 1115 &rarr; <strong>1135</strong><br />(+20 for winning)\n|raw|TheCrunchyGoat's rating: 1041 &rarr; <strong>1028</strong><br />(-13 for losing)\n|l|\u2606TheCrunchyGoat\n|player|p2|\n",
  "uploadtime": 1775980040,
  "views": 25,
  "formatid": "gen9championsvgc2026regma",
  "rating": 1028,
  "private": 0,
  "password": null
}