{
  "id": "gen9championsvgc2026regma-2588544425",
  "format": "[Gen 9 Champions] VGC 2026 Reg M-A",
  "players": [
    "chubakinho",
    "Astonished25"
  ],
  "log": "|j|\u2606chubakinho\n|j|\u2606Astonished25\n|t:|1776643463\n|gametype|doubles\n|player|p1|chubakinho|steven|1334\n|player|p2|Astonished25|caitlin|1250\n|gen|9\n|tier|[Gen 9 Champions] VGC 2026 Reg M-A\n|rated|\n|rule|Species Clause: Limit one of each Pok\u00e9mon\n|rule|Item Clause: Limit 1 of each item\n|clearpoke\n|poke|p1|Floette-Eternal, L50, F|\n|poke|p1|Garchomp, L50, F|\n|poke|p1|Aerodactyl, L50, F|\n|poke|p1|Incineroar, L50, F|\n|poke|p1|Rotom-Wash, L50|\n|poke|p1|Sneasler, L50, M|\n|poke|p2|Sinistcha, L50|\n|poke|p2|Talonflame, L50, M|\n|poke|p2|Garchomp, L50, M|\n|poke|p2|Milotic, L50, F|\n|poke|p2|Floette-Eternal, L50, F|\n|poke|p2|Kingambit, L50, M|\n|teampreview|4\n|inactive|Battle timer is ON: inactive players will automatically lose when time's up. (requested by Astonished25)\n|inactive|Astonished25 has 60 seconds left.\n|\n|t:|1776643507\n|teamsize|p1|4\n|teamsize|p2|4\n|start\n|switch|p1a: Aerodactyl|Aerodactyl, L50, F|100/100\n|switch|p1b: Sneasler|Sneasler, L50, M|100/100\n|switch|p2a: Talonflame|Talonflame, L50, M|100/100\n|switch|p2b: Milotic|Milotic, L50, F|100/100\n|-ability|p1a: Aerodactyl|Unnerve\n|turn|1\n|\n|t:|1776643521\n|move|p2a: Talonflame|Protect|p2a: Talonflame\n|-singleturn|p2a: Talonflame|Protect\n|move|p2b: Milotic|Protect|p2b: Milotic\n|-singleturn|p2b: Milotic|Protect\n|move|p1b: Sneasler|Fake Out|p2b: Milotic\n|-activate|p2b: Milotic|move: Protect\n|move|p1a: Aerodactyl|Rock Slide|p2b: Milotic|[spread] \n|-activate|p2a: Talonflame|move: Protect\n|-activate|p2b: Milotic|move: Protect\n|\n|upkeep\n|turn|2\n|\n|t:|1776643534\n|move|p1b: Sneasler|Protect|p1b: Sneasler\n|-singleturn|p1b: Sneasler|Protect\n|move|p2a: Talonflame|Dual Wingbeat|p1b: Sneasler\n|-activate|p1b: Sneasler|move: Protect\n|move|p1a: Aerodactyl|Rock Slide|p2a: Talonflame|[spread] p2a,p2b\n|-supereffective|p2a: Talonflame|2\n|-damage|p2a: Talonflame|0 fnt\n|-damage|p2b: Milotic|77/100\n|faint|p2a: Talonflame\n|cant|p2b: Milotic|flinch\n|\n|-heal|p2b: Milotic|83/100|[from] item: Leftovers\n|upkeep\n|\n|t:|1776643538\n|switch|p2a: Garchomp|Garchomp, L50, M|100/100\n|turn|3\n|inactive|chubakinho has 30 seconds left.\n|inactive|chubakinho has 20 seconds left.\n|inactive|chubakinho has 15 seconds left.\n|\n|t:|1776643581\n|move|p1a: Aerodactyl|Tailwind|p1a: Aerodactyl\n|-sidestart|p1: chubakinho|move: Tailwind\n|move|p1b: Sneasler|Dire Claw|p2b: Milotic\n|-damage|p2b: Milotic|36/100\n|-status|p2b: Milotic|par\n|move|p2a: Garchomp|Stomping Tantrum|p1b: Sneasler\n|-supereffective|p1b: Sneasler|1\n|-damage|p1b: Sneasler|0 fnt\n|faint|p1b: Sneasler\n|move|p2b: Milotic|Coil|p2b: Milotic\n|-boost|p2b: Milotic|atk|1\n|-boost|p2b: Milotic|def|1\n|-boost|p2b: Milotic|accuracy|1\n|\n|-heal|p2b: Milotic|42/100 par|[from] item: Leftovers\n|upkeep\n|\n|t:|1776643595\n|switch|p1b: Floette|Floette-Eternal, L50, F|100/100\n|turn|4\n|\n|t:|1776643607\n|detailschange|p1b: Floette|Floette-Mega, L50, F\n|-mega|p1b: Floette|Floette|Floettite\n|-ability|p1b: Floette|Fairy Aura\n|move|p1a: Aerodactyl|Dual Wingbeat|p2a: Garchomp\n|-damage|p2a: Garchomp|84/100\n|-damage|p1a: Aerodactyl|88/100|[from] ability: Rough Skin|[of] p2a: Garchomp\n|-damage|p2a: Garchomp|67/100\n|-damage|p1a: Aerodactyl|76/100|[from] ability: Rough Skin|[of] p2a: Garchomp\n|-hitcount|p2a: Garchomp|2\n|move|p1b: Floette|Moonblast|p2a: Garchomp\n|-supereffective|p2a: Garchomp|1\n|-damage|p2a: Garchomp|0 fnt\n|faint|p2a: Garchomp\n|move|p2b: Milotic|Blizzard|p1a: Aerodactyl|[spread] p1a,p1b\n|-supereffective|p1a: Aerodactyl|1\n|-damage|p1a: Aerodactyl|9/100\n|-damage|p1b: Floette|77/100\n|-status|p1a: Aerodactyl|frz\n|\n|-heal|p2b: Milotic|48/100 par|[from] item: Leftovers\n|upkeep\n|\n|t:|1776643611\n|switch|p2a: Floette|Floette-Eternal, L50, F|100/100\n|turn|5\n|inactive|chubakinho has 30 seconds left.\n|\n|t:|1776643638\n|detailschange|p2a: Floette|Floette-Mega, L50, F\n|-mega|p2a: Floette|Floette|Floettite\n|-ability|p2a: Floette|Fairy Aura\n|move|p2b: Milotic|Protect|p2b: Milotic\n|-singleturn|p2b: Milotic|Protect\n|-curestatus|p1a: Aerodactyl|frz|[msg]\n|move|p1a: Aerodactyl|Dual Wingbeat|p2a: Floette\n|-damage|p2a: Floette|84/100\n|-damage|p2a: Floette|68/100\n|-hitcount|p2a: Floette|2\n|move|p1b: Floette|Dazzling Gleam|p2a: Floette|[spread] p2a\n|-activate|p2b: Milotic|move: Protect\n|-damage|p2a: Floette|28/100\n|move|p2a: Floette|Calm Mind|p2a: Floette\n|-boost|p2a: Floette|spa|1\n|-boost|p2a: Floette|spd|1\n|\n|-heal|p2b: Milotic|55/100 par|[from] item: Leftovers\n|upkeep\n|turn|6\n|inactive|chubakinho has 30 seconds left.\n|\n|t:|1776643665\n|move|p2a: Floette|Protect|p2a: Floette\n|-singleturn|p2a: Floette|Protect\n|move|p1a: Aerodactyl|Rock Slide|p2b: Milotic|[spread] p2b\n|-activate|p2a: Floette|move: Protect\n|-damage|p2b: Milotic|37/100 par\n|move|p1b: Floette|Moonblast|p2a: Floette\n|-activate|p2a: Floette|move: Protect\n|move|p2b: Milotic|Blizzard|p1a: Aerodactyl|[spread] p1b\n|-miss|p2b: Milotic|p1a: Aerodactyl\n|-damage|p1b: Floette|55/100\n|\n|-heal|p2b: Milotic|43/100 par|[from] item: Leftovers\n|-sideend|p1: chubakinho|move: Tailwind\n|upkeep\n|turn|7\n|inactive|chubakinho has 30 seconds left.\n|\n|t:|1776643693\n|move|p1b: Floette|Protect|p1b: Floette\n|-singleturn|p1b: Floette|Protect\n|move|p1a: Aerodactyl|Tailwind|p1a: Aerodactyl\n|-sidestart|p1: chubakinho|move: Tailwind\n|move|p2a: Floette|Dazzling Gleam|p1a: Aerodactyl|[spread] p1a\n|-activate|p1b: Floette|move: Protect\n|-damage|p1a: Aerodactyl|0 fnt\n|faint|p1a: Aerodactyl\n|move|p2b: Milotic|Muddy Water|p1b: Floette\n|-activate|p1b: Floette|move: Protect\n|\n|-heal|p2b: Milotic|49/100 par|[from] item: Leftovers\n|upkeep\n|\n|t:|1776643704\n|switch|p1a: Incineroar|Incineroar, L50, F|100/100\n|-ability|p1a: Incineroar|Intimidate|boost\n|-unboost|p2a: Floette|atk|1\n|-unboost|p2b: Milotic|atk|1\n|-ability|p2b: Milotic|Competitive|boost\n|-boost|p2b: Milotic|spa|2\n|turn|8\n|\n|t:|1776643715\n|move|p2a: Floette|Protect|p2a: Floette\n|-singleturn|p2a: Floette|Protect\n|move|p2b: Milotic|Protect|p2b: Milotic\n|-singleturn|p2b: Milotic|Protect\n|move|p1a: Incineroar|Fake Out|p2b: Milotic\n|-activate|p2b: Milotic|move: Protect\n|move|p1b: Floette|Dazzling Gleam|p2b: Milotic|[spread] \n|-activate|p2a: Floette|move: Protect\n|-activate|p2b: Milotic|move: Protect\n|\n|-heal|p2b: Milotic|56/100 par|[from] item: Leftovers\n|upkeep\n|turn|9\n|\n|t:|1776643728\n|move|p1b: Floette|Moonblast|p2a: Floette\n|-damage|p2a: Floette|0 fnt\n|faint|p2a: Floette\n|move|p1a: Incineroar|Darkest Lariat|p2b: Milotic\n|-damage|p2b: Milotic|21/100 par\n|move|p2b: Milotic|Muddy Water|p1a: Incineroar|[spread] p1a,p1b\n|-supereffective|p1a: Incineroar|1\n|-damage|p1a: Incineroar|7/100\n|-damage|p1b: Floette|5/100\n|-unboost|p1b: Floette|accuracy|1\n|-enditem|p1a: Incineroar|Sitrus Berry|[eat]\n|-heal|p1a: Incineroar|32/100|[from] item: Sitrus Berry\n|\n|-heal|p2b: Milotic|28/100 par|[from] item: Leftovers\n|upkeep\n|turn|10\n|\n|t:|1776643741\n|move|p2b: Milotic|Protect|p2b: Milotic\n|-singleturn|p2b: Milotic|Protect\n|move|p1b: Floette|Moonblast|p2b: Milotic\n|-activate|p2b: Milotic|move: Protect\n|move|p1a: Incineroar|Darkest Lariat|p2b: Milotic\n|-activate|p2b: Milotic|move: Protect\n|\n|-heal|p2b: Milotic|34/100 par|[from] item: Leftovers\n|-sideend|p1: chubakinho|move: Tailwind\n|upkeep\n|turn|11\n|\n|t:|1776643757\n|move|p1b: Floette|Moonblast|p2b: Milotic|[miss]\n|-miss|p1b: Floette|p2b: Milotic\n|move|p1a: Incineroar|Darkest Lariat|p2b: Milotic\n|-damage|p2b: Milotic|3/100 par\n|move|p2b: Milotic|Muddy Water|p1b: Floette|[spread] p1a,p1b\n|-supereffective|p1a: Incineroar|1\n|-damage|p1a: Incineroar|0 fnt\n|-damage|p1b: Floette|0 fnt\n|faint|p1a: Incineroar\n|faint|p1b: Floette\n|\n|win|Astonished25\n|raw|chubakinho's rating: 1334 &rarr; <strong>1309</strong><br />(-25 for losing)\n|raw|Astonished25's rating: 1250 &rarr; <strong>1281</strong><br />(+31 for winning)\n",
  "uploadtime": 1776643765,
  "views": 8,
  "formatid": "gen9championsvgc2026regma",
  "rating": 1281,
  "private": 0,
  "password": null
}