{
  "id": "gen9championsvgc2026regma-2587612862",
  "format": "[Gen 9 Champions] VGC 2026 Reg M-A",
  "players": [
    "nicogreene",
    "silyyyyyyyyyyy"
  ],
  "log": "|j|\u2606nicogreene\n|j|\u2606silyyyyyyyyyyy\n|t:|1776546970\n|gametype|doubles\n|player|p1|nicogreene|volkner|1138\n|player|p2|silyyyyyyyyyyy|elesa|1075\n|gen|9\n|tier|[Gen 9 Champions] VGC 2026 Reg M-A\n|rated|\n|rule|Species Clause: Limit one of each Pok\u00e9mon\n|rule|Item Clause: Limit 1 of each item\n|clearpoke\n|poke|p1|Aegislash, L50, M, shiny|\n|poke|p1|Rotom-Frost, L50, shiny|\n|poke|p1|Milotic, L50, F, shiny|\n|poke|p1|Dragonite, L50, M|\n|poke|p1|Mudsdale, L50, F|\n|poke|p1|Meganium, L50, F|\n|poke|p2|Skarmory, L50, M|\n|poke|p2|Rhyperior, L50, M|\n|poke|p2|Sinistcha, L50|\n|poke|p2|Talonflame, L50, F|\n|poke|p2|Greninja, L50, M, shiny|\n|poke|p2|Sneasler, L50, F|\n|teampreview|4\n|inactive|Battle timer is ON: inactive players will automatically lose when time's up. (requested by nicogreene)\n|\n|t:|1776547004\n|teamsize|p1|4\n|teamsize|p2|4\n|start\n|switch|p1a: Aegislash|Aegislash, L50, M, shiny|100/100\n|switch|p1b: Mudsdale|Mudsdale, L50, F|100/100\n|switch|p2a: sneezer|Sneasler, L50, F|100/100\n|switch|p2b: big bird|Talonflame, L50, F|100/100\n|turn|1\n|\n|t:|1776547022\n|move|p1a: Aegislash|King's Shield|p1a: Aegislash\n|-singleturn|p1a: Aegislash|Protect\n|move|p1b: Mudsdale|Protect|p1b: Mudsdale\n|-singleturn|p1b: Mudsdale|Protect\n|move|p2a: sneezer|Fake Out|p1b: Mudsdale\n|-activate|p1b: Mudsdale|move: Protect\n|move|p2b: big bird|Tailwind|p2b: big bird\n|-sidestart|p2: silyyyyyyyyyyy|move: Tailwind\n|\n|upkeep\n|turn|2\n|\n|t:|1776547039\n|switch|p1a: Milotic|Milotic, L50, F, shiny|100/100\n|move|p2b: big bird|Flare Blitz|p1a: Milotic\n|-resisted|p1a: Milotic|1\n|-damage|p1a: Milotic|79/100\n|-damage|p2b: big bird|91/100|[from] Recoil\n|move|p2a: sneezer|U-turn|p1a: Milotic\n|-damage|p1a: Milotic|53/100\n|\n|t:|1776547048\n|switch|p2a: ninjago|Greninja, L50, M, shiny|100/100|[from] U-turn\n|move|p1b: Mudsdale|Rock Slide|p2b: big bird|[spread] p2a,p2b\n|-supereffective|p2b: big bird|2\n|-damage|p2a: ninjago|71/100\n|-damage|p2b: big bird|0 fnt\n|faint|p2b: big bird\n|\n|-heal|p1a: Milotic|59/100|[from] item: Leftovers\n|upkeep\n|\n|t:|1776547058\n|switch|p2b: tea time|Sinistcha, L50|100/100\n|-heal|p2a: ninjago|96/100|[from] ability: Hospitality|[of] p2b: tea time\n|turn|3\n|\n|t:|1776547073\n|move|p2b: tea time|Protect|p2b: tea time\n|-singleturn|p2b: tea time|Protect\n|move|p1a: Milotic|Protect|p1a: Milotic\n|-singleturn|p1a: Milotic|Protect\n|move|p2a: ninjago|Ice Beam|p1b: Mudsdale\n|-start|p2a: ninjago|typechange|Ice|[from] ability: Protean\n|-supereffective|p1b: Mudsdale|1\n|-damage|p1b: Mudsdale|30/100\n|-ability|p1b: Mudsdale|Stamina|boost\n|-boost|p1b: Mudsdale|def|1\n|move|p1b: Mudsdale|High Horsepower|p2a: ninjago\n|-damage|p2a: ninjago|15/100\n|\n|-heal|p1a: Milotic|65/100|[from] item: Leftovers\n|upkeep\n|turn|4\n|\n|t:|1776547096\n|switch|p1a: Aegislash|Aegislash, L50, M, shiny|100/100\n|detailschange|p2a: ninjago|Greninja-Mega, L50, M, shiny\n|-mega|p2a: ninjago|Greninja|Greninjite\n|move|p1b: Mudsdale|Protect|p1b: Mudsdale\n|-singleturn|p1b: Mudsdale|Protect\n|move|p2b: tea time|Rage Powder|p2b: tea time\n|-singleturn|p2b: tea time|move: Rage Powder\n|move|p2a: ninjago|Dark Pulse|p1a: Aegislash\n|-start|p2a: ninjago|typechange|Dark|[from] ability: Protean\n|-supereffective|p1a: Aegislash|1\n|-damage|p1a: Aegislash|38/100\n|\n|-sideend|p2: silyyyyyyyyyyy|move: Tailwind\n|upkeep\n|turn|5\n|\n|t:|1776547117\n|-formechange|p1a: Aegislash|Aegislash-Blade|\n|move|p1a: Aegislash|Shadow Sneak|p2b: tea time\n|-supereffective|p2b: tea time|1\n|-damage|p2b: tea time|60/100\n|move|p2a: ninjago|Ice Beam|p1b: Mudsdale\n|-supereffective|p1b: Mudsdale|1\n|-damage|p1b: Mudsdale|0 fnt\n|faint|p1b: Mudsdale\n|move|p2b: tea time|Life Dew|p2b: tea time|[spread] p2a,p2b\n|-heal|p2a: ninjago|40/100\n|-heal|p2b: tea time|85/100\n|\n|-heal|p2b: tea time|92/100|[from] item: Leftovers\n|upkeep\n|\n|t:|1776547129\n|switch|p1b: Meganium|Meganium, L50, F|100/100\n|turn|6\n|\n|t:|1776547136\n|detailschange|p1b: Meganium|Meganium-Mega, L50, F\n|-mega|p1b: Meganium|Meganium|Meganiumite\n|move|p1b: Meganium|Protect|p1b: Meganium\n|-singleturn|p1b: Meganium|Protect\n|move|p1a: Aegislash|Shadow Sneak|p2b: tea time\n|-supereffective|p2b: tea time|1\n|-damage|p2b: tea time|48/100\n|move|p2a: ninjago|Ice Beam|p1b: Meganium\n|-activate|p1b: Meganium|move: Protect\n|move|p2b: tea time|Life Dew|p2b: tea time|[spread] p2a,p2b\n|-heal|p2a: ninjago|65/100\n|-heal|p2b: tea time|73/100\n|\n|-heal|p2b: tea time|79/100|[from] item: Leftovers\n|upkeep\n|turn|7\n|\n|t:|1776547153\n|switch|p1b: Milotic|Milotic, L50, F, shiny|65/100\n|move|p2b: tea time|Protect|p2b: tea time\n|-singleturn|p2b: tea time|Protect\n|move|p2a: ninjago|Ice Beam|p1b: Milotic\n|-resisted|p1b: Milotic|1\n|-damage|p1b: Milotic|54/100\n|move|p1a: Aegislash|Poltergeist|p2b: tea time\n|-activate|p2b: tea time|move: Protect\n|\n|-heal|p1b: Milotic|60/100|[from] item: Leftovers\n|-heal|p2b: tea time|85/100|[from] item: Leftovers\n|upkeep\n|turn|8\n|\n|t:|1776547176\n|-formechange|p1a: Aegislash|Aegislash|\n|move|p1a: Aegislash|King's Shield|p1a: Aegislash\n|-singleturn|p1a: Aegislash|Protect\n|move|p2a: ninjago|Dark Pulse|p1b: Milotic\n|-damage|p1b: Milotic|31/100\n|cant|p1b: Milotic|flinch\n|move|p2b: tea time|Matcha Gotcha|p1a: Aegislash|[spread] p1b\n|-activate|p1a: Aegislash|move: Protect\n|-supereffective|p1b: Milotic|1\n|-damage|p1b: Milotic|0 fnt\n|-heal|p2b: tea time|100/100|[from] drain|[of] p1b: Milotic\n|faint|p1b: Milotic\n|\n|upkeep\n|\n|t:|1776547190\n|switch|p1b: Meganium|Meganium-Mega, L50, F|100/100\n|turn|9\n|\n|t:|1776547199\n|switch|p2b: sneezer|Sneasler, L50, F|100/100\n|move|p2a: ninjago|Dark Pulse|p1a: Aegislash\n|-supereffective|p1a: Aegislash|1\n|-damage|p1a: Aegislash|0 fnt\n|faint|p1a: Aegislash\n|move|p1b: Meganium|Solar Beam||[still]\n|-prepare|p1b: Meganium|Solar Beam\n|-activate|p1b: Meganium|ability: Mega Sol\n|-anim|p1b: Meganium|Solar Beam|p2a: ninjago\n|-damage|p2a: ninjago|0 fnt\n|faint|p2a: ninjago\n|\n|upkeep\n|\n|t:|1776547211\n|switch|p2a: tea time|Sinistcha, L50|100/100\n|turn|10\n|\n|t:|1776547218\n|move|p1b: Meganium|Protect|p1b: Meganium\n|-singleturn|p1b: Meganium|Protect\n|move|p2b: sneezer|Dire Claw|p1b: Meganium\n|-activate|p1b: Meganium|move: Protect\n|move|p2a: tea time|Matcha Gotcha|p1b: Meganium\n|-activate|p1b: Meganium|move: Protect\n|\n|upkeep\n|turn|11\n|\n|t:|1776547229\n|move|p2b: sneezer|Dire Claw|p1b: Meganium\n|-supereffective|p1b: Meganium|2\n|-damage|p1b: Meganium|0 fnt\n|faint|p1b: Meganium\n|\n|win|silyyyyyyyyyyy\n|raw|nicogreene's rating: 1138 &rarr; <strong>1109</strong><br />(-29 for losing)\n|raw|silyyyyyyyyyyy's rating: 1075 &rarr; <strong>1109</strong><br />(+34 for winning)\n",
  "uploadtime": 1776547234,
  "views": 12,
  "formatid": "gen9championsvgc2026regma",
  "rating": 1109,
  "private": 0,
  "password": null
}