{
  "id": "gen9championsvgc2026regma-2588331868",
  "format": "[Gen 9 Champions] VGC 2026 Reg M-A",
  "players": [
    "ChronicNikos",
    "Murphy's kitchen"
  ],
  "log": "|j|\u2606ChronicNikos\n|j|\u2606Murphy's kitchen\n|t:|1776624777\n|gametype|doubles\n|player|p1|ChronicNikos|cynthia-gen4|1499\n|player|p2|Murphy's kitchen|170|1648\n|gen|9\n|tier|[Gen 9 Champions] VGC 2026 Reg M-A\n|rated|\n|rule|Species Clause: Limit one of each Pok\u00e9mon\n|rule|Item Clause: Limit 1 of each item\n|clearpoke\n|poke|p1|Gengar, L50, F, shiny|\n|poke|p1|Incineroar, L50, M|\n|poke|p1|Politoed, L50, M|\n|poke|p1|Archaludon, L50, F|\n|poke|p1|Basculegion, L50, M|\n|poke|p1|Meganium, L50, M|\n|poke|p2|Aerodactyl, L50, M|\n|poke|p2|Dragapult, L50, M|\n|poke|p2|Primarina, L50, F|\n|poke|p2|Scizor, L50, M|\n|poke|p2|Scovillain, L50, F|\n|poke|p2|Sneasler, L50, F|\n|teampreview|4\nChronicNikos rejected open team sheets.\n|\n|t:|1776624841\n|teamsize|p1|4\n|teamsize|p2|4\n|start\n|switch|p1a: Due Process|Archaludon, L50, F|100/100\n|switch|p1b: Tri-Hard|Basculegion, L50, M|100/100\n|switch|p2a: Dragapult|Dragapult, L50, M|100/100\n|switch|p2b: Scovillain|Scovillain, L50, F|100/100\n|turn|1\n|\n|t:|1776624868\n|switch|p1a: I May Fall|Politoed, L50, M|100/100\n|-weather|RainDance|[from] ability: Drizzle|[of] p1a: I May Fall\n|detailschange|p2b: Scovillain|Scovillain-Mega, L50, F\n|-mega|p2b: Scovillain|Scovillain|Scovillainite\n|move|p2b: Scovillain|Rage Powder|p2b: Scovillain\n|-singleturn|p2b: Scovillain|move: Rage Powder\n|move|p1b: Tri-Hard|Wave Crash|p2b: Scovillain\n|-damage|p2b: Scovillain|0 fnt\n|-status|p1b: Tri-Hard|brn|[from] ability: Spicy Spray|[of] p2b: Scovillain\n|faint|p2b: Scovillain\n|-damage|p1b: Tri-Hard|72/100 brn|[from] Recoil\n|move|p2a: Dragapult|Shadow Ball|p1b: Tri-Hard\n|-supereffective|p1b: Tri-Hard|1\n|-damage|p1b: Tri-Hard|0 fnt\n|faint|p1b: Tri-Hard\n|\n|-weather|RainDance|[upkeep]\n|upkeep\n|\n|t:|1776624889\n|switch|p1b: Due Process|Archaludon, L50, F|100/100\n|switch|p2b: Primarina|Primarina, L50, F|100/100\n|turn|2\n|\n|t:|1776624923\n|move|p2a: Dragapult|Shadow Ball|p1b: Due Process\n|-damage|p1b: Due Process|43/100\n|-ability|p1b: Due Process|Stamina|boost\n|-boost|p1b: Due Process|def|1\n|move|p1b: Due Process|Electro Shot||[still]\n|-prepare|p1b: Due Process|Electro Shot\n|-boost|p1b: Due Process|spa|1\n|-anim|p1b: Due Process|Electro Shot|p2b: Primarina\n|-supereffective|p2b: Primarina|1\n|-damage|p2b: Primarina|0 fnt\n|faint|p2b: Primarina\n|move|p1a: I May Fall|Ice Beam|p2a: Dragapult\n|-supereffective|p2a: Dragapult|1\n|-crit|p2a: Dragapult\n|-damage|p2a: Dragapult|21/100\n|\n|-weather|RainDance|[upkeep]\n|upkeep\n|j| Winieska Rambulera\n|\n|t:|1776624939\n|switch|p2b: Scizor|Scizor, L50, M|100/100\n|turn|3\n|\n|t:|1776624959\n|move|p2a: Dragapult|Protect|p2a: Dragapult\n|-singleturn|p2a: Dragapult|Protect\n|move|p1b: Due Process|Protect|p1b: Due Process\n|-singleturn|p1b: Due Process|Protect\n|move|p1a: I May Fall|Perish Song|p1a: I May Fall\n|-start|p1a: I May Fall|perish3|[silent]\n|-start|p1b: Due Process|perish3|[silent]\n|-start|p2a: Dragapult|perish3|[silent]\n|-start|p2b: Scizor|perish3|[silent]\n|-fieldactivate|move: Perish Song\n|move|p2b: Scizor|Swords Dance|p2b: Scizor\n|-boost|p2b: Scizor|atk|2\n|\n|-weather|RainDance|[upkeep]\n|-start|p2a: Dragapult|perish3\n|-start|p1b: Due Process|perish3\n|-start|p1a: I May Fall|perish3\n|-start|p2b: Scizor|perish3\n|upkeep\n|turn|4\n|\n|t:|1776624983\n|move|p2a: Dragapult|Shadow Ball|p1b: Due Process\n|-damage|p1b: Due Process|0 fnt\n|faint|p1b: Due Process\n|move|p1a: I May Fall|Ice Beam|p2a: Dragapult\n|-supereffective|p2a: Dragapult|1\n|-damage|p2a: Dragapult|0 fnt\n|faint|p2a: Dragapult\n|move|p2b: Scizor|Bug Bite|p1a: I May Fall\n|-damage|p1a: I May Fall|29/100\n|\n|-weather|RainDance|[upkeep]\n|-heal|p1a: I May Fall|35/100|[from] item: Leftovers\n|-start|p1a: I May Fall|perish2\n|-start|p2b: Scizor|perish2\n|upkeep\n|\n|t:|1776624996\n|switch|p1b: AllThingsMustDie|Gengar, L50, F, shiny|100/100\n|turn|5\n|j| LegitLadderingInc\n|\n|t:|1776625020\n|detailschange|p1b: AllThingsMustDie|Gengar-Mega, L50, F, shiny\n|-mega|p1b: AllThingsMustDie|Gengar|Gengarite\n|move|p1b: AllThingsMustDie|Shadow Ball|p2b: Scizor\n|-damage|p2b: Scizor|45/100\n|move|p1a: I May Fall|Weather Ball|p2b: Scizor\n|-damage|p2b: Scizor|0 fnt\n|faint|p2b: Scizor\n|\n|win|ChronicNikos\n|raw|ChronicNikos's rating: 1499 &rarr; <strong>1527</strong><br />(+28 for winning)\n|raw|Murphy&apos;s kitchen's rating: 1648 &rarr; <strong>1620</strong><br />(-28 for losing)\n",
  "uploadtime": 1776625031,
  "views": 16,
  "formatid": "gen9championsvgc2026regma",
  "rating": 1527,
  "private": 0,
  "password": null
}