{
  "id": "gen9championsvgc2026regma-2584562040",
  "format": "[Gen 9 Champions] VGC 2026 Reg M-A",
  "players": [
    "Loyd",
    "Tokimeki Heart"
  ],
  "log": "|j|\u2606Loyd\n|j|\u2606Tokimeki Heart\n|t:|1776268904\n|gametype|doubles\n|player|p1|Loyd|volkner|1139\n|player|p2|Tokimeki Heart|101|1063\n|gen|9\n|tier|[Gen 9 Champions] VGC 2026 Reg M-A\n|rated|\n|rule|Species Clause: Limit one of each Pok\u00e9mon\n|rule|Item Clause: Limit 1 of each item\n|clearpoke\n|poke|p1|Charizard, L50, F|\n|poke|p1|Incineroar, L50, F|\n|poke|p1|Whimsicott, L50, F|\n|poke|p1|Dragapult, L50, F|\n|poke|p1|Sylveon, L50, M|\n|poke|p1|Sneasler, L50, F|\n|poke|p2|Greninja-*, L50, M|\n|poke|p2|Sinistcha, L50|\n|poke|p2|Pelipper, L50, F|\n|poke|p2|Steelix, L50, M|\n|poke|p2|Palafin, L50, M|\n|poke|p2|Archaludon, L50, M|\n|teampreview|4\n|\n|t:|1776268936\n|teamsize|p1|4\n|teamsize|p2|4\n|start\n|switch|p1a: Charizard|Charizard, L50, F, shiny|100/100\n|switch|p1b: Dragapult|Dragapult, L50, F|100/100\n|switch|p2a: Palafin|Palafin, L50, M|100/100\n|switch|p2b: Sinistcha|Sinistcha, L50|100/100\n|turn|1\n|inactive|Battle timer is ON: inactive players will automatically lose when time's up. (requested by Loyd)\n|inactive|Loyd has 60 seconds left.\n|inactive|Tokimeki Heart has 60 seconds left.\n|\n|t:|1776268979\n|detailschange|p2a: Palafin|Palafin-Hero, L50, M\n|switch|p2a: Steelix|Steelix, L50, M|100/100\n|move|p1a: Charizard|Protect|p1a: Charizard\n|-singleturn|p1a: Charizard|Protect\n|move|p1b: Dragapult|Dragon Darts|p2b: Sinistcha\n|-damage|p2b: Sinistcha|75/100\n|-anim|p1b: Dragapult|Dragon Darts|p2a: Steelix\n|-resisted|p2a: Steelix|1\n|-damage|p2a: Steelix|93/100\n|move|p2b: Sinistcha|Trick Room|p2b: Sinistcha\n|-fieldstart|move: Trick Room|[of] p2b: Sinistcha\n|\n|upkeep\n|turn|2\n|inactive|Tokimeki Heart has 30 seconds left.\n|\n|t:|1776269008\n|switch|p2b: Pelipper|Pelipper, L50, F|100/100\n|-weather|RainDance|[from] ability: Drizzle|[of] p2b: Pelipper\n|switch|p1a: Incineroar|Incineroar, L50, F|100/100\n|-ability|p1a: Incineroar|Intimidate|boost\n|-unboost|p2a: Steelix|atk|1\n|-unboost|p2b: Pelipper|atk|1\n|detailschange|p2a: Steelix|Steelix-Mega, L50, M\n|-mega|p2a: Steelix|Steelix|Steelixite\n|move|p2a: Steelix|Crunch|p1b: Dragapult\n|-supereffective|p1b: Dragapult|1\n|-damage|p1b: Dragapult|56/100\n|move|p1b: Dragapult|Breaking Swipe|p2b: Pelipper|[spread] p2a,p2b\n|-resisted|p2a: Steelix|1\n|-damage|p2a: Steelix|87/100\n|-damage|p2b: Pelipper|74/100\n|-unboost|p2a: Steelix|atk|1\n|-unboost|p2b: Pelipper|atk|1\n|\n|-weather|RainDance|[upkeep]\n|upkeep\n|turn|3\n|inactive|Tokimeki Heart has 30 seconds left.\n|inactive|Tokimeki Heart has 20 seconds left.\n|\n|t:|1776269048\n|switch|p2b: Sinistcha|Sinistcha, L50|75/100\n|-heal|p2a: Steelix|100/100|[from] ability: Hospitality|[of] p2b: Sinistcha\n|move|p2a: Steelix|Crunch|p1b: Dragapult\n|-supereffective|p1b: Dragapult|1\n|-damage|p1b: Dragapult|25/100\n|move|p1a: Incineroar|Parting Shot|p2a: Steelix\n|-unboost|p2a: Steelix|atk|1\n|-unboost|p2a: Steelix|spa|1\n|\n|t:|1776269057\n|switch|p1a: Charizard|Charizard, L50, F, shiny|100/100|[from] Parting Shot\n|move|p1b: Dragapult|Breaking Swipe|p2b: Sinistcha|[spread] p2a,p2b\n|-resisted|p2a: Steelix|1\n|-damage|p2a: Steelix|95/100\n|-damage|p2b: Sinistcha|53/100\n|-unboost|p2a: Steelix|atk|1\n|-unboost|p2b: Sinistcha|atk|1\n|\n|-weather|RainDance|[upkeep]\n|upkeep\n|turn|4\n|\n|t:|1776269076\n|detailschange|p1a: Charizard|Charizard-Mega-Y, L50, F, shiny\n|-mega|p1a: Charizard|Charizard|Charizardite Y\n|-weather|SunnyDay|[from] ability: Drought|[of] p1a: Charizard\n|move|p2a: Steelix|Crunch|p1b: Dragapult\n|-supereffective|p1b: Dragapult|1\n|-damage|p1b: Dragapult|4/100\n|move|p2b: Sinistcha|Strength Sap|p1a: Charizard\n|-unboost|p1a: Charizard|atk|1\n|-heal|p2b: Sinistcha|100/100\n|move|p1a: Charizard|Heat Wave|p2a: Steelix|[spread] p2a,p2b\n|-supereffective|p2a: Steelix|1\n|-supereffective|p2b: Sinistcha|1\n|-damage|p2a: Steelix|0 fnt\n|-damage|p2b: Sinistcha|0 fnt\n|faint|p2a: Steelix\n|faint|p2b: Sinistcha\n|move|p1b: Dragapult|Reflect|p1b: Dragapult\n|-sidestart|p1: Loyd|Reflect\n|\n|-weather|SunnyDay|[upkeep]\n|upkeep\n|\n|t:|1776269095\n|switch|p2a: Palafin|Palafin-Hero, L50, M|100/100\n|switch|p2b: Pelipper|Pelipper, L50, F|74/100\n|-weather|RainDance|[from] ability: Drizzle|[of] p2b: Pelipper\n|-activate|p2a: Palafin|ability: Zero to Hero\n|turn|5\n|inactive|Tokimeki Heart has 30 seconds left.\n|inactive|Tokimeki Heart has 20 seconds left.\n|inactive|Tokimeki Heart has 15 seconds left.\n|\n|t:|1776269137\n|switch|p1a: Incineroar|Incineroar, L50, F|100/100\n|-ability|p1a: Incineroar|Intimidate|boost\n|-unboost|p2a: Palafin|atk|1\n|-unboost|p2b: Pelipper|atk|1\n|move|p2b: Pelipper|Helping Hand|p2a: Palafin\n|-singleturn|p2a: Palafin|Helping Hand|[of] p2b: Pelipper\n|move|p2a: Palafin|Wave Crash|p1a: Incineroar\n|-supereffective|p1a: Incineroar|1\n|-damage|p1a: Incineroar|0 fnt\n|faint|p1a: Incineroar\n|-damage|p2a: Palafin|62/100|[from] Recoil\n|move|p1b: Dragapult|Breaking Swipe|p2a: Palafin|[spread] p2a,p2b\n|-damage|p2a: Palafin|36/100\n|-damage|p2b: Pelipper|48/100\n|-unboost|p2a: Palafin|atk|1\n|-unboost|p2b: Pelipper|atk|1\n|\n|-weather|RainDance|[upkeep]\n|-fieldend|move: Trick Room\n|upkeep\n|\n|t:|1776269148\n|switch|p1a: Charizard|Charizard-Mega-Y, L50, F, shiny|100/100\n|-weather|SunnyDay|[from] ability: Drought|[of] p1a: Charizard\n|turn|6\n|\n|t:|1776269169\n|move|p2b: Pelipper|Protect|p2b: Pelipper\n|-singleturn|p2b: Pelipper|Protect\n|move|p2a: Palafin|Jet Punch|p1b: Dragapult\n|-resisted|p1b: Dragapult|1\n|-damage|p1b: Dragapult|0 fnt\n|faint|p1b: Dragapult\n|move|p1a: Charizard|Air Slash|p2a: Palafin\n|-damage|p2a: Palafin|0 fnt\n|faint|p2a: Palafin\n|\n|-weather|SunnyDay|[upkeep]\n|upkeep\n|\n|t:|1776269187\n|switch|p1b: Whimsicott|Whimsicott, L50, F|100/100\n|turn|7\n|\n|t:|1776269193\n|move|p1b: Whimsicott|Tailwind|p1b: Whimsicott\n|-sidestart|p1: Loyd|move: Tailwind\n|move|p1a: Charizard|Air Slash|p2b: Pelipper\n|-damage|p2b: Pelipper|0 fnt\n|faint|p2b: Pelipper\n|\n|win|Loyd\n|raw|Loyd's rating: 1139 &rarr; <strong>1159</strong><br />(+20 for winning)\n|raw|Tokimeki Heart's rating: 1063 &rarr; <strong>1048</strong><br />(-15 for losing)\n|l|\u2606Tokimeki Heart\n|player|p2|\n",
  "uploadtime": 1776269219,
  "views": 18,
  "formatid": "gen9championsvgc2026regma",
  "rating": 1048,
  "private": 0,
  "password": null
}