{
  "id": "gen9championsvgc2026regma-2584238033",
  "format": "[Gen 9 Champions] VGC 2026 Reg M-A",
  "players": [
    "chiimaera",
    "LLTT1111"
  ],
  "log": "|j|\u2606chiimaera\n|j|\u2606LLTT1111\n|t:|1776241827\n|gametype|doubles\n|player|p1|chiimaera|lyra|1124\n|player|p2|LLTT1111|rosa|1079\n|gen|9\n|tier|[Gen 9 Champions] VGC 2026 Reg M-A\n|rated|\n|rule|Species Clause: Limit one of each Pok\u00e9mon\n|rule|Item Clause: Limit 1 of each item\n|clearpoke\n|poke|p1|Beedrill, L50, M|\n|poke|p1|Gyarados, L50, F|\n|poke|p1|Incineroar, L50, F|\n|poke|p1|Pelipper, L50, M|\n|poke|p1|Garchomp, L50, M|\n|poke|p1|Sinistcha, L50|\n|poke|p2|Charizard, L50, M|\n|poke|p2|Whimsicott, L50, M|\n|poke|p2|Rotom-Wash, L50|\n|poke|p2|Incineroar, L50, M|\n|poke|p2|Garchomp, L50, F|\n|poke|p2|Sneasler, L50, F|\n|teampreview|4\n|\n|t:|1776241885\n|teamsize|p1|4\n|teamsize|p2|4\n|start\n|switch|p1a: Beedrill|Beedrill, L50, M|100/100\n|switch|p1b: Incineroar|Incineroar, L50, F|100/100\n|switch|p2a: Charizard|Charizard, L50, M, shiny|100/100\n|switch|p2b: Incineroar|Incineroar, L50, M|100/100\n|-ability|p2b: Incineroar|Intimidate|boost\n|-unboost|p1a: Beedrill|atk|1\n|-unboost|p1b: Incineroar|atk|1\n|-ability|p1b: Incineroar|Intimidate|boost\n|-unboost|p2a: Charizard|atk|1\n|-unboost|p2b: Incineroar|atk|1\n|turn|1\n|\n|t:|1776241908\n|move|p1a: Beedrill|Protect|p1a: Beedrill\n|-singleturn|p1a: Beedrill|Protect\n|move|p2b: Incineroar|Fake Out|p1a: Beedrill\n|-activate|p1a: Beedrill|move: Protect\n|move|p1b: Incineroar|Fake Out|p2a: Charizard\n|-damage|p2a: Charizard|90/100\n|cant|p2a: Charizard|flinch\n|\n|upkeep\n|turn|2\n|\n|t:|1776241928\n|detailschange|p2a: Charizard|Charizard-Mega-Y, L50, M, shiny\n|-mega|p2a: Charizard|Charizard|Charizardite Y\n|-weather|SunnyDay|[from] ability: Drought|[of] p2a: Charizard\n|detailschange|p1a: Beedrill|Beedrill-Mega, L50, M\n|-mega|p1a: Beedrill|Beedrill|Beedrillite\n|move|p1a: Beedrill|U-turn|p2a: Charizard\n|-resisted|p2a: Charizard|2\n|-damage|p2a: Charizard|77/100\n|\n|t:|1776241935\n|switch|p1a: Pelipper|Pelipper, L50, M|100/100|[from] U-turn\n|-weather|RainDance|[from] ability: Drizzle|[of] p1a: Pelipper\n|move|p2a: Charizard|Heat Wave|p1b: Incineroar|[spread] p1a,p1b\n|-resisted|p1a: Pelipper|1\n|-resisted|p1b: Incineroar|1\n|-damage|p1a: Pelipper|81/100\n|-damage|p1b: Incineroar|94/100\n|move|p2b: Incineroar|Parting Shot|p1b: Incineroar\n|-unboost|p1b: Incineroar|atk|1\n|-unboost|p1b: Incineroar|spa|1\n|\n|t:|1776241946\n|switch|p2b: Whimsicott|Whimsicott, L50, M|100/100|[from] Parting Shot\n|move|p1b: Incineroar|Parting Shot|p2a: Charizard\n|-unboost|p2a: Charizard|atk|1\n|-unboost|p2a: Charizard|spa|1\n|\n|t:|1776241957\n|switch|p1b: Gyarados|Gyarados, L50, F|100/100|[from] Parting Shot\n|-ability|p1b: Gyarados|Intimidate|boost\n|-unboost|p2a: Charizard|atk|1\n|-unboost|p2b: Whimsicott|atk|1\n|\n|-weather|RainDance|[upkeep]\n|upkeep\n|turn|3\n|\n|t:|1776241977\n|switch|p2a: Incineroar|Incineroar, L50, M|100/100\n|-ability|p2a: Incineroar|Intimidate|boost\n|-unboost|p1a: Pelipper|atk|1\n|-unboost|p1b: Gyarados|atk|1\n|move|p2b: Whimsicott|Tailwind|p2b: Whimsicott\n|-sidestart|p2: LLTT1111|move: Tailwind\n|move|p1a: Pelipper|Hurricane|p2b: Whimsicott\n|-supereffective|p2b: Whimsicott|1\n|-enditem|p2b: Whimsicott|Focus Sash\n|-damage|p2b: Whimsicott|1/100\n|-start|p2b: Whimsicott|confusion\n|move|p1b: Gyarados|Waterfall|p2a: Incineroar\n|-supereffective|p2a: Incineroar|1\n|-damage|p2a: Incineroar|8/100\n|-enditem|p2a: Incineroar|Sitrus Berry|[eat]\n|-heal|p2a: Incineroar|33/100|[from] item: Sitrus Berry\n|\n|-weather|RainDance|[upkeep]\n|upkeep\n|turn|4\n|\n|t:|1776242015\n|switch|p1a: Incineroar|Incineroar, L50, F|94/100\n|-ability|p1a: Incineroar|Intimidate|boost\n|-unboost|p2a: Incineroar|atk|1\n|-unboost|p2b: Whimsicott|atk|1\n|-activate|p2b: Whimsicott|confusion\n|move|p2b: Whimsicott|Encore|p1a: Incineroar\n|-hint|Since gen 7, Dark is immune to Prankster moves.\n|-immune|p1a: Incineroar\n|move|p2a: Incineroar|Parting Shot|p1a: Incineroar\n|-unboost|p1a: Incineroar|atk|1\n|-unboost|p1a: Incineroar|spa|1\n|\n|t:|1776242025\n|switch|p2a: Charizard|Charizard-Mega-Y, L50, M, shiny|77/100|[from] Parting Shot\n|-weather|SunnyDay|[from] ability: Drought|[of] p2a: Charizard\n|move|p1b: Gyarados|Waterfall|p2a: Charizard\n|-supereffective|p2a: Charizard|1\n|-damage|p2a: Charizard|37/100\n|\n|-weather|SunnyDay|[upkeep]\n|upkeep\n|turn|5\n|\n|t:|1776242053\n|switch|p2b: Garchomp|Garchomp, L50, F|100/100\n|switch|p1b: Pelipper|Pelipper, L50, M|81/100\n|-weather|RainDance|[from] ability: Drizzle|[of] p1b: Pelipper\n|move|p2a: Charizard|Protect|p2a: Charizard\n|-singleturn|p2a: Charizard|Protect\n|move|p1a: Incineroar|Fake Out|p2a: Charizard\n|-activate|p2a: Charizard|move: Protect\n|\n|-weather|RainDance|[upkeep]\n|upkeep\n|turn|6\n|\n|t:|1776242085\n|switch|p1a: Gyarados|Gyarados, L50, F|100/100\n|-ability|p1a: Gyarados|Intimidate|boost\n|-unboost|p2a: Charizard|atk|1\n|-unboost|p2b: Garchomp|atk|1\n|move|p2b: Garchomp|Rock Slide|p1b: Pelipper|[spread] p1a,p1b\n|-supereffective|p1a: Gyarados|1\n|-supereffective|p1b: Pelipper|1\n|-damage|p1a: Gyarados|74/100\n|-damage|p1b: Pelipper|49/100\n|move|p2a: Charizard|Weather Ball|p1a: Gyarados\n|-resisted|p1a: Gyarados|1\n|-damage|p1a: Gyarados|47/100\n|move|p1b: Pelipper|Hurricane|p2b: Garchomp\n|-damage|p2b: Garchomp|39/100\n|\n|-weather|RainDance|[upkeep]\n|-sideend|p2: LLTT1111|move: Tailwind\n|upkeep\n|turn|7\n|\n|t:|1776242118\n|switch|p2a: Incineroar|Incineroar, L50, M|33/100\n|-ability|p2a: Incineroar|Intimidate|boost\n|-unboost|p1a: Gyarados|atk|1\n|-unboost|p1b: Pelipper|atk|1\n|move|p2b: Garchomp|Rock Slide|p1a: Gyarados|[spread] p1a,p1b\n|-supereffective|p1a: Gyarados|1\n|-supereffective|p1b: Pelipper|1\n|-damage|p1a: Gyarados|20/100\n|-damage|p1b: Pelipper|14/100\n|move|p1b: Pelipper|Weather Ball|p2a: Incineroar\n|-supereffective|p2a: Incineroar|1\n|-damage|p2a: Incineroar|0 fnt\n|faint|p2a: Incineroar\n|cant|p1a: Gyarados|flinch\n|\n|-weather|RainDance|[upkeep]\n|upkeep\n|\n|t:|1776242136\n|switch|p2a: Charizard|Charizard-Mega-Y, L50, M, shiny|37/100\n|-weather|SunnyDay|[from] ability: Drought|[of] p2a: Charizard\n|turn|8\n|\n|t:|1776242151\n|switch|p1b: Incineroar|Incineroar, L50, F|94/100\n|-ability|p1b: Incineroar|Intimidate|boost\n|-unboost|p2a: Charizard|atk|1\n|-unboost|p2b: Garchomp|atk|1\n|move|p1a: Gyarados|Protect|p1a: Gyarados\n|-singleturn|p1a: Gyarados|Protect\n|move|p2b: Garchomp|Rock Slide|p1b: Incineroar|[spread] p1b\n|-activate|p1a: Gyarados|move: Protect\n|-supereffective|p1b: Incineroar|1\n|-damage|p1b: Incineroar|74/100\n|move|p2a: Charizard|Heat Wave|p1b: Incineroar|[spread] p1b\n|-activate|p1a: Gyarados|move: Protect\n|-resisted|p1b: Incineroar|1\n|-damage|p1b: Incineroar|51/100\n|\n|-weather|SunnyDay|[upkeep]\n|upkeep\n|turn|9\n|\n|t:|1776242201\n|switch|p1a: Pelipper|Pelipper, L50, M|14/100\n|-weather|RainDance|[from] ability: Drizzle|[of] p1a: Pelipper\n|move|p2a: Charizard|Protect|p2a: Charizard\n|-singleturn|p2a: Charizard|Protect\n|move|p1b: Incineroar|Fake Out|p2b: Garchomp\n|-damage|p2b: Garchomp|28/100\n|-damage|p1b: Incineroar|39/100|[from] ability: Rough Skin|[of] p2b: Garchomp\n|-enditem|p1b: Incineroar|Sitrus Berry|[eat]\n|-heal|p1b: Incineroar|63/100|[from] item: Sitrus Berry\n|cant|p2b: Garchomp|flinch\n|\n|-weather|RainDance|[upkeep]\n|upkeep\n|turn|10\n|\n|t:|1776242231\n|switch|p1a: Beedrill|Beedrill-Mega, L50, M|100/100\n|move|p2b: Garchomp|Rock Slide|p1b: Incineroar|[spread] p1a,p1b\n|-supereffective|p1a: Beedrill|1\n|-supereffective|p1b: Incineroar|1\n|-damage|p1a: Beedrill|48/100\n|-damage|p1b: Incineroar|44/100\n|move|p2a: Charizard|Weather Ball|p1b: Incineroar\n|-supereffective|p1b: Incineroar|1\n|-damage|p1b: Incineroar|0 fnt\n|faint|p1b: Incineroar\n|\n|-weather|RainDance|[upkeep]\n|upkeep\n|\n|t:|1776242242\n|switch|p1b: Gyarados|Gyarados, L50, F|20/100\n|-ability|p1b: Gyarados|Intimidate|boost\n|-unboost|p2a: Charizard|atk|1\n|-unboost|p2b: Garchomp|atk|1\n|turn|11\n|\n|t:|1776242285\n|move|p2b: Garchomp|Rock Slide|p1a: Beedrill|[spread] p1a,p1b\n|-supereffective|p1a: Beedrill|1\n|-supereffective|p1b: Gyarados|1\n|-damage|p1a: Beedrill|5/100\n|-damage|p1b: Gyarados|2/100\n|move|p1a: Beedrill|Poison Jab|p2a: Charizard\n|-damage|p2a: Charizard|0 fnt\n|faint|p2a: Charizard\n|move|p1b: Gyarados|Waterfall|p2b: Garchomp\n|-damage|p2b: Garchomp|0 fnt\n|-damage|p1b: Gyarados|0 fnt|[from] ability: Rough Skin|[of] p2b: Garchomp\n|faint|p2b: Garchomp\n|faint|p1b: Gyarados\n|\n|-weather|RainDance|[upkeep]\n|upkeep\n|-message|LLTT1111 forfeited.\n|\n|win|chiimaera\n|raw|chiimaera's rating: 1124 &rarr; <strong>1146</strong><br />(+22 for winning)\n|raw|LLTT1111's rating: 1079 &rarr; <strong>1060</strong><br />(-19 for losing)\n|l|\u2606LLTT1111\n|player|p2|\n",
  "uploadtime": 1776242345,
  "views": 30,
  "formatid": "gen9championsvgc2026regma",
  "rating": 1060,
  "private": 0,
  "password": null
}