{
  "id": "gen9championsvgc2026regma-2582664642",
  "format": "[Gen 9 Champions] VGC 2026 Reg M-A",
  "players": [
    "Psytery",
    "IanIsBored"
  ],
  "log": "|j|\u2606Psytery\n|j|\u2606IanIsBored\n|t:|1776105861\n|gametype|doubles\n|player|p1|Psytery|steven|1079\n|player|p2|IanIsBored|ethan|1000\n|gen|9\n|tier|[Gen 9 Champions] VGC 2026 Reg M-A\n|rated|\n|rule|Species Clause: Limit one of each Pok\u00e9mon\n|rule|Item Clause: Limit 1 of each item\n|clearpoke\n|poke|p1|Basculegion, L50, M|\n|poke|p1|Lucario, L50, F|\n|poke|p1|Whimsicott, L50, M|\n|poke|p1|Pelipper, L50, F|\n|poke|p1|Archaludon, L50, F|\n|poke|p1|Rotom-Wash, L50|\n|poke|p2|Farigiraf, L50, M|\n|poke|p2|Kingambit, L50, F|\n|poke|p2|Hatterene, L50, F|\n|poke|p2|Sinistcha, L50|\n|poke|p2|Incineroar, L50, F|\n|poke|p2|Golurk, L50|\n|teampreview|4\n|inactive|Battle timer is ON: inactive players will automatically lose when time's up. (requested by Psytery)\n|\n|t:|1776105881\n|teamsize|p1|4\n|teamsize|p2|4\n|start\n|switch|p1a: Whimsicott|Whimsicott, L50, M, shiny|100/100\n|switch|p1b: Lucario|Lucario, L50, F|100/100\n|switch|p2a: Long Boi Slim|Farigiraf, L50, M|100/100\n|switch|p2b: Greeny :D|Sinistcha, L50|100/100\n|turn|1\n|\n|t:|1776105905\n|move|p2b: Greeny :D|Rage Powder|p2b: Greeny :D\n|-singleturn|p2b: Greeny :D|move: Rage Powder\n|move|p1a: Whimsicott|Beat Up|p1b: Lucario\n|-resisted|p1b: Lucario|1\n|-damage|p1b: Lucario|99/100\n|-ability|p1b: Lucario|Justified|boost\n|-boost|p1b: Lucario|atk|1\n|-resisted|p1b: Lucario|1\n|-damage|p1b: Lucario|97/100\n|-ability|p1b: Lucario|Justified|boost\n|-boost|p1b: Lucario|atk|1\n|-resisted|p1b: Lucario|1\n|-crit|p1b: Lucario\n|-damage|p1b: Lucario|95/100\n|-ability|p1b: Lucario|Justified|boost\n|-boost|p1b: Lucario|atk|1\n|-resisted|p1b: Lucario|1\n|-damage|p1b: Lucario|94/100\n|-ability|p1b: Lucario|Justified|boost\n|-boost|p1b: Lucario|atk|1\n|-hitcount|p1b: Lucario|4\n|move|p1b: Lucario|Meteor Mash|p2b: Greeny :D\n|-damage|p2b: Greeny :D|9/100\n|move|p2a: Long Boi Slim|Trick Room|p2a: Long Boi Slim\n|-fieldstart|move: Trick Room|[of] p2a: Long Boi Slim\n|\n|-heal|p2b: Greeny :D|15/100|[from] item: Leftovers\n|upkeep\n|turn|2\n|inactive|Psytery has 30 seconds left.\n|inactive|IanIsBored has 30 seconds left.\n|inactive|IanIsBored has 20 seconds left.\n|\n|t:|1776105942\n|detailschange|p1b: Lucario|Lucario-Mega, L50, F\n|-mega|p1b: Lucario|Lucario|Lucarionite\n|move|p2b: Greeny :D|Protect|p2b: Greeny :D\n|-singleturn|p2b: Greeny :D|Protect\n|move|p2a: Long Boi Slim|Psychic|p1b: Lucario\n|-damage|p1b: Lucario|14/100\n|move|p1b: Lucario|Rock Slide|p2a: Long Boi Slim|[spread] p2a\n|-activate|p2b: Greeny :D|move: Protect\n|-crit|p2a: Long Boi Slim\n|-damage|p2a: Long Boi Slim|24/100\n|move|p1a: Whimsicott|Beat Up|p2a: Long Boi Slim\n|-supereffective|p2a: Long Boi Slim|1\n|-damage|p2a: Long Boi Slim|19/100\n|-supereffective|p2a: Long Boi Slim|1\n|-damage|p2a: Long Boi Slim|14/100\n|-supereffective|p2a: Long Boi Slim|1\n|-damage|p2a: Long Boi Slim|10/100\n|-supereffective|p2a: Long Boi Slim|1\n|-damage|p2a: Long Boi Slim|4/100\n|-hitcount|p2a: Long Boi Slim|4\n|\n|-heal|p2b: Greeny :D|21/100|[from] item: Leftovers\n|upkeep\n|turn|3\n|inactive|IanIsBored has 30 seconds left.\n|\n|t:|1776105970\n|move|p2a: Long Boi Slim|Hyper Voice|p1b: Lucario|[spread] p1a,p1b\n|-resisted|p1b: Lucario|1\n|-damage|p1a: Whimsicott|41/100\n|-damage|p1b: Lucario|0 fnt\n|faint|p1b: Lucario\n|move|p2b: Greeny :D|Matcha Gotcha|p1a: Whimsicott\n|-resisted|p1a: Whimsicott|1\n|-damage|p1a: Whimsicott|20/100\n|-heal|p2b: Greeny :D|34/100|[from] drain|[of] p1a: Whimsicott\n|move|p1a: Whimsicott|Beat Up|p2a: Long Boi Slim\n|-supereffective|p2a: Long Boi Slim|1\n|-damage|p2a: Long Boi Slim|0 fnt\n|faint|p2a: Long Boi Slim\n|-hitcount|p2: Long Boi Slim|1\n|\n|-heal|p2b: Greeny :D|40/100|[from] item: Leftovers\n|upkeep\n|\n|t:|1776105992\n|switch|p2a: Superman|Golurk, L50|100/100\n|switch|p1b: Rotom|Rotom-Wash, L50|100/100\n|turn|4\n|\n|t:|1776106005\n|switch|p2b: Incineroar|Incineroar, L50, F|100/100\n|-ability|p2b: Incineroar|Intimidate|boost\n|-unboost|p1a: Whimsicott|atk|1\n|-unboost|p1b: Rotom|atk|1\n|detailschange|p2a: Superman|Golurk-Mega, L50\n|-mega|p2a: Superman|Golurk|Golurkite\n|move|p2a: Superman|Iron Head|p1a: Whimsicott\n|-supereffective|p1a: Whimsicott|1\n|-damage|p1a: Whimsicott|0 fnt\n|faint|p1a: Whimsicott\n|move|p1b: Rotom|Hydro Pump|p2a: Superman\n|-supereffective|p2a: Superman|1\n|-damage|p2a: Superman|17/100\n|\n|upkeep\n|\n|t:|1776106017\n|switch|p1a: Archaludon|Archaludon, L50, F|100/100\n|turn|5\n|\n|t:|1776106042\n|move|p2b: Incineroar|Fake Out|p1b: Rotom\n|-damage|p1b: Rotom|84/100\n|move|p2a: Superman|Headlong Rush|p1a: Archaludon\n|-supereffective|p1a: Archaludon|1\n|-damage|p1a: Archaludon|0 fnt\n|-unboost|p2a: Superman|def|1\n|-unboost|p2a: Superman|spd|1\n|faint|p1a: Archaludon\n|cant|p1b: Rotom|flinch\n|\n|-fieldend|move: Trick Room\n|upkeep\n|turn|6\n|-message|Psytery forfeited.\n|\n|win|IanIsBored\n|raw|Psytery's rating: 1079 &rarr; <strong>1052</strong><br />(-27 for losing)\n|raw|IanIsBored's rating: 1000 &rarr; <strong>1049</strong><br />(+49 for winning)\n|l|\u2606Psytery\n|player|p1|\n",
  "uploadtime": 1776106061,
  "views": 22,
  "formatid": "gen9championsvgc2026regma",
  "rating": 1049,
  "private": 0,
  "password": null
}