{
  "id": "gen9championsvgc2026regma-2583247325",
  "format": "[Gen 9 Champions] VGC 2026 Reg M-A",
  "players": [
    "aimetamere",
    "ppyyy-inertia"
  ],
  "log": "|j|\u2606aimetamere\n|j|\u2606ppyyy-inertia\n|t:|1776159196\n|gametype|doubles\n|player|p1|aimetamere|101|1157\n|player|p2|ppyyy-inertia|elesa-gen5bw2|1152\n|gen|9\n|tier|[Gen 9 Champions] VGC 2026 Reg M-A\n|rated|\n|rule|Species Clause: Limit one of each Pok\u00e9mon\n|rule|Item Clause: Limit 1 of each item\n|clearpoke\n|poke|p1|Kangaskhan, L50, F|\n|poke|p1|Palafin, L50, M|\n|poke|p1|Incineroar, L50, M|\n|poke|p1|Sinistcha, L50|\n|poke|p1|Pelipper, L50, F|\n|poke|p1|Kingambit, L50, M|\n|poke|p2|Aegislash, L50, F|\n|poke|p2|Garchomp, L50, F|\n|poke|p2|Floette-Eternal, L50, F|\n|poke|p2|Tsareena, L50, F|\n|poke|p2|Typhlosion-Hisui, L50, F|\n|poke|p2|Whimsicott, L50, F|\n|teampreview|4\n|\n|t:|1776159226\n|teamsize|p1|4\n|teamsize|p2|4\n|start\n|switch|p1a: Kangaskhan|Kangaskhan, L50, F|100/100\n|switch|p1b: Palafin|Palafin, L50, M|100/100\n|switch|p2a: Floette|Floette-Eternal, L50, F, shiny|100/100\n|switch|p2b: Tsareena|Tsareena, L50, F, shiny|100/100\n|turn|1\n|inactive|Battle timer is ON: inactive players will automatically lose when time's up. (requested by aimetamere)\n|\n|t:|1776159249\n|detailschange|p1b: Palafin|Palafin-Hero, L50, M\n|switch|p1b: Incineroar|Incineroar, L50, M|100/100\n|-ability|p1b: Incineroar|Intimidate|boost\n|-unboost|p2a: Floette|atk|1\n|-block|p2b: Tsareena|ability: Flower Veil|[of] p2a: Floette\n|detailschange|p2a: Floette|Floette-Mega, L50, F, shiny\n|-mega|p2a: Floette|Floette|Floettite\n|-ability|p2a: Floette|Fairy Aura\n|detailschange|p1a: Kangaskhan|Kangaskhan-Mega, L50, F\n|-mega|p1a: Kangaskhan|Kangaskhan|Kangaskhanite\n|move|p2b: Tsareena|Helping Hand|p2a: Floette\n|-singleturn|p2a: Floette|Helping Hand|[of] p2b: Tsareena\n|move|p2a: Floette|Moonblast|p1a: Kangaskhan\n|-damage|p1a: Kangaskhan|8/100\n|move|p1a: Kangaskhan|Body Slam|p2a: Floette\n|-damage|p2a: Floette|50/100\n|-crit|p2a: Floette\n|-damage|p2a: Floette|32/100\n|-hitcount|p2a: Floette|2\n|\n|upkeep\n|turn|2\n|inactive|aimetamere has 30 seconds left.\n|inactive|aimetamere has 20 seconds left.\n|inactive|aimetamere has 15 seconds left.\n|inactive|aimetamere has 10 seconds left.\n|inactive|aimetamere has 5 seconds left.\n|\n|t:|1776159299\n|move|p1a: Kangaskhan|Protect|p1a: Kangaskhan\n|-singleturn|p1a: Kangaskhan|Protect\n|move|p2a: Floette|Dazzling Gleam|p1a: Kangaskhan|[spread] p1b\n|-activate|p1a: Kangaskhan|move: Protect\n|-damage|p1b: Incineroar|62/100\n|move|p2b: Tsareena|Low Kick|p1b: Incineroar\n|-supereffective|p1b: Incineroar|1\n|-enditem|p1b: Incineroar|Chople Berry|[eat]\n|-enditem|p1b: Incineroar|Chople Berry|[weaken]\n|-damage|p1b: Incineroar|42/100\n|move|p1b: Incineroar|Flare Blitz|p2a: Floette\n|-damage|p2a: Floette|0 fnt\n|faint|p2a: Floette\n|-damage|p1b: Incineroar|33/100|[from] Recoil\n|\n|upkeep\n|\n|t:|1776159307\n|switch|p2a: Garchomp|Garchomp, L50, F, shiny|100/100\n|turn|3\n|inactive|aimetamere has 30 seconds left.\n|\n|t:|1776159333\n|switch|p1b: Pelipper|Pelipper, L50, F|100/100\n|-weather|RainDance|[from] ability: Drizzle|[of] p1b: Pelipper\n|move|p1a: Kangaskhan|Body Slam|p2b: Tsareena\n|-damage|p2b: Tsareena|60/100\n|-damage|p2b: Tsareena|51/100\n|-hitcount|p2b: Tsareena|2\n|move|p2a: Garchomp|Earthquake|p1b: Pelipper|[spread] p2b,p1a\n|-immune|p1b: Pelipper\n|-resisted|p2b: Tsareena|1\n|-damage|p2b: Tsareena|34/100\n|-damage|p1a: Kangaskhan|0 fnt\n|faint|p1a: Kangaskhan\n|move|p2b: Tsareena|Trop Kick|p1b: Pelipper\n|-damage|p1b: Pelipper|63/100\n|-unboost|p1b: Pelipper|atk|1\n|\n|-weather|RainDance|[upkeep]\n|upkeep\n|\n|t:|1776159350\n|switch|p1a: Incineroar|Incineroar, L50, M|33/100\n|-ability|p1a: Incineroar|Intimidate|boost\n|-unboost|p2a: Garchomp|atk|1\n|-unboost|p2b: Tsareena|atk|1\n|turn|4\n|\n|t:|1776159369\n|move|p2a: Garchomp|Protect|p2a: Garchomp\n|-singleturn|p2a: Garchomp|Protect\n|move|p2b: Tsareena|Protect|p2b: Tsareena\n|-singleturn|p2b: Tsareena|Protect\n|move|p1a: Incineroar|Parting Shot|p2a: Garchomp\n|-activate|p2a: Garchomp|move: Protect\n|move|p1b: Pelipper|Tailwind|p1b: Pelipper\n|-sidestart|p1: aimetamere|move: Tailwind\n|\n|-weather|RainDance|[upkeep]\n|upkeep\n|turn|5\n|\n|t:|1776159385\n|switch|p2b: Whimsicott|Whimsicott, L50, F, shiny|100/100\n|move|p1a: Incineroar|Parting Shot|p2a: Garchomp\n|-unboost|p2a: Garchomp|atk|1\n|-unboost|p2a: Garchomp|spa|1\n|\n|t:|1776159391\n|switch|p1a: Palafin|Palafin-Hero, L50, M|100/100|[from] Parting Shot\n|-activate|p1a: Palafin|ability: Zero to Hero\n|move|p1b: Pelipper|Hurricane|p2b: Whimsicott\n|-supereffective|p2b: Whimsicott|1\n|-enditem|p2b: Whimsicott|Focus Sash\n|-damage|p2b: Whimsicott|1/100\n|-start|p2b: Whimsicott|confusion\n|move|p2a: Garchomp|Dragon Claw|p1b: Pelipper\n|-damage|p1b: Pelipper|43/100\n|\n|-weather|RainDance|[upkeep]\n|upkeep\n|turn|6\n|\n|t:|1776159413\n|switch|p2a: Tsareena|Tsareena, L50, F, shiny|34/100\n|move|p1a: Palafin|Jet Punch||[still]\n|cant|p2a: Tsareena|ability: Queenly Majesty|Jet Punch|[of] p1a: Palafin\n|-activate|p2b: Whimsicott|confusion\n|move|p2b: Whimsicott|Tailwind|p2b: Whimsicott\n|-sidestart|p2: ppyyy-inertia|move: Tailwind\n|move|p1b: Pelipper|Weather Ball|p2a: Tsareena\n|-resisted|p2a: Tsareena|1\n|-damage|p2a: Tsareena|7/100\n|\n|-weather|RainDance|[upkeep]\n|upkeep\n|turn|7\n|inactive|aimetamere has 30 seconds left.\n|inactive|aimetamere has 20 seconds left.\n|inactive|aimetamere has 15 seconds left.\n|\n|t:|1776159457\n|move|p2a: Tsareena|Protect|p2a: Tsareena\n|-singleturn|p2a: Tsareena|Protect\n|-activate|p2b: Whimsicott|confusion\n|move|p2b: Whimsicott|Moonblast|p1b: Pelipper\n|-damage|p1b: Pelipper|0 fnt\n|faint|p1b: Pelipper\n|move|p1a: Palafin|Flip Turn|p2a: Tsareena\n|-activate|p2a: Tsareena|move: Protect\n|\n|-weather|none\n|-sideend|p1: aimetamere|move: Tailwind\n|upkeep\n|\n|t:|1776159463\n|switch|p1b: Incineroar|Incineroar, L50, M|33/100\n|-ability|p1b: Incineroar|Intimidate|boost\n|-unboost|p2a: Tsareena|atk|1\n|-unboost|p2b: Whimsicott|atk|1\n|turn|8\n|\n|t:|1776159486\n|-end|p2b: Whimsicott|confusion\n|move|p2b: Whimsicott|Moonblast|p1b: Incineroar\n|-damage|p1b: Incineroar|4/100\n|-unboost|p1b: Incineroar|spa|1\n|move|p2a: Tsareena|Trop Kick|p1b: Incineroar\n|-resisted|p1b: Incineroar|1\n|-damage|p1b: Incineroar|0 fnt\n|faint|p1b: Incineroar\n|move|p1a: Palafin|Wave Crash|p2a: Tsareena\n|-resisted|p2a: Tsareena|1\n|-damage|p2a: Tsareena|0 fnt\n|faint|p2a: Tsareena\n|-damage|p1a: Palafin|99/100|[from] Recoil\n|\n|upkeep\n|\n|t:|1776159491\n|switch|p2a: Garchomp|Garchomp, L50, F, shiny|100/100\n|turn|9\n|\n|t:|1776159498\n|move|p1a: Palafin|Protect|p1a: Palafin\n|-singleturn|p1a: Palafin|Protect\n|move|p2b: Whimsicott|Moonblast|p1a: Palafin\n|-activate|p1a: Palafin|move: Protect\n|move|p2a: Garchomp|Dragon Claw|p1a: Palafin\n|-activate|p1a: Palafin|move: Protect\n|\n|-sideend|p2: ppyyy-inertia|move: Tailwind\n|upkeep\n|turn|10\n|\n|t:|1776159515\n|move|p2b: Whimsicott|Protect|p2b: Whimsicott\n|-singleturn|p2b: Whimsicott|Protect\n|move|p1a: Palafin|Jet Punch|p2b: Whimsicott\n|-activate|p2b: Whimsicott|move: Protect\n|move|p2a: Garchomp|Dragon Claw|p1a: Palafin\n|-damage|p1a: Palafin|62/100\n|\n|upkeep\n|turn|11\n|\n|t:|1776159520\n|move|p1a: Palafin|Jet Punch|p2b: Whimsicott\n|-resisted|p2b: Whimsicott|1\n|-damage|p2b: Whimsicott|0 fnt\n|faint|p2b: Whimsicott\n|move|p2a: Garchomp|Earthquake|p1a: Palafin\n|-damage|p1a: Palafin|11/100\n|\n|upkeep\n|turn|12\n|\n|t:|1776159525\n|move|p1a: Palafin|Jet Punch|p2a: Garchomp\n|-damage|p2a: Garchomp|64/100\n|-damage|p1a: Palafin|0 fnt|[from] ability: Rough Skin|[of] p2a: Garchomp\n|faint|p1a: Palafin\n|\n|win|ppyyy-inertia\n|raw|aimetamere's rating: 1157 &rarr; <strong>1132</strong><br />(-25 for losing)\n|raw|ppyyy-inertia's rating: 1152 &rarr; <strong>1177</strong><br />(+25 for winning)\n",
  "uploadtime": 1776159529,
  "views": 16,
  "formatid": "gen9championsvgc2026regma",
  "rating": 1132,
  "private": 0,
  "password": null
}