{
  "id": "gen9championsvgc2026regma-2587816611",
  "format": "[Gen 9 Champions] VGC 2026 Reg M-A",
  "players": [
    "alvinn98",
    "megakingmathias"
  ],
  "log": "|j|\u2606alvinn98\n|j|\u2606megakingmathias\n|t:|1776566959\n|gametype|doubles\n|player|p1|alvinn98|2|1135\n|player|p2|megakingmathias|ethan|1213\n|gen|9\n|tier|[Gen 9 Champions] VGC 2026 Reg M-A\n|rated|\n|rule|Species Clause: Limit one of each Pok\u00e9mon\n|rule|Item Clause: Limit 1 of each item\n|clearpoke\n|poke|p1|Garchomp, L50, F|\n|poke|p1|Sableye, L50, F|\n|poke|p1|Sneasler, L50, F|\n|poke|p1|Whimsicott, L50, M|\n|poke|p1|Charizard, L50, F|\n|poke|p1|Kingambit, L50, M|\n|poke|p2|Feraligatr, L50, M, shiny|\n|poke|p2|Sinistcha, L50|\n|poke|p2|Oranguru, L50, M|\n|poke|p2|Incineroar, L50, M|\n|poke|p2|Kingambit, L50, M|\n|poke|p2|Typhlosion-Hisui, L50, M|\n|teampreview|4\n|j| Blexxe\n|\n|t:|1776566986\n|teamsize|p1|4\n|teamsize|p2|4\n|start\n|switch|p1a: Kingambit|Kingambit, L50, M|100/100\n|switch|p1b: Garchomp|Garchomp, L50, F|100/100\n|switch|p2a: Oranguru|Oranguru, L50, M|100/100\n|switch|p2b: Feraligatr|Feraligatr, L50, M, shiny|100/100\n|turn|1\n|\n|t:|1776567005\n|move|p1b: Garchomp|Scale Shot|p2b: Feraligatr\n|-damage|p2b: Feraligatr|87/100\n|-damage|p2b: Feraligatr|75/100\n|-damage|p2b: Feraligatr|63/100\n|-hitcount|p2b: Feraligatr|3\n|-unboost|p1b: Garchomp|def|1\n|-boost|p1b: Garchomp|spe|1\n|move|p2b: Feraligatr|Curse|p2b: Feraligatr\n|-unboost|p2b: Feraligatr|spe|1\n|-boost|p2b: Feraligatr|atk|1\n|-boost|p2b: Feraligatr|def|1\n|move|p1a: Kingambit|Kowtow Cleave|p2a: Oranguru\n|-supereffective|p2a: Oranguru|1\n|-enditem|p2a: Oranguru|Colbur Berry|[eat]\n|-enditem|p2a: Oranguru|Colbur Berry|[weaken]\n|-damage|p2a: Oranguru|51/100\n|move|p2a: Oranguru|Trick Room|p2a: Oranguru\n|-fieldstart|move: Trick Room|[of] p2a: Oranguru\n|\n|upkeep\n|turn|2\n|\n|t:|1776567037\n|detailschange|p2b: Feraligatr|Feraligatr-Mega, L50, M, shiny\n|-mega|p2b: Feraligatr|Feraligatr|Feraligite\n|move|p2b: Feraligatr|Liquidation|p1b: Garchomp\n|-enditem|p1b: Garchomp|Focus Sash\n|-damage|p1b: Garchomp|1/100\n|-damage|p2b: Feraligatr|50/100|[from] ability: Rough Skin|[of] p1b: Garchomp\n|move|p1a: Kingambit|Kowtow Cleave|p2b: Feraligatr\n|-damage|p2b: Feraligatr|26/100\n|move|p2a: Oranguru|Instruct|p2b: Feraligatr\n|-singleturn|p2b: Feraligatr|move: Instruct|[of] p2a: Oranguru\n|move|p2b: Feraligatr|Liquidation|p1b: Garchomp\n|-crit|p1b: Garchomp\n|-damage|p1b: Garchomp|0 fnt\n|-damage|p2b: Feraligatr|14/100|[from] ability: Rough Skin|[of] p1b: Garchomp\n|faint|p1b: Garchomp\n|\n|upkeep\n|\n|t:|1776567059\n|switch|p1b: Sneasler|Sneasler, L50, F|100/100\n|turn|3\n|\n|t:|1776567082\n|switch|p2a: Sinistcha|Sinistcha, L50|100/100\n|-heal|p2b: Feraligatr|39/100|[from] ability: Hospitality|[of] p2a: Sinistcha\n|move|p2b: Feraligatr|Protect|p2b: Feraligatr\n|-singleturn|p2b: Feraligatr|Protect\n|move|p1b: Sneasler|Fake Out|p2b: Feraligatr\n|-activate|p2b: Feraligatr|move: Protect\n|move|p1a: Kingambit|Kowtow Cleave|p2b: Feraligatr\n|-activate|p2b: Feraligatr|move: Protect\n|\n|upkeep\n|turn|4\n|\n|t:|1776567110\n|move|p2a: Sinistcha|Rage Powder|p2a: Sinistcha\n|-singleturn|p2a: Sinistcha|move: Rage Powder\n|move|p1a: Kingambit|Sucker Punch||[still]\n|-fail|p1a: Kingambit\n|move|p2b: Feraligatr|Liquidation|p1a: Kingambit\n|-damage|p1a: Kingambit|35/100\n|-enditem|p1a: Kingambit|Sitrus Berry|[eat]\n|-heal|p1a: Kingambit|60/100|[from] item: Sitrus Berry\n|move|p1b: Sneasler|Close Combat|p2a: Sinistcha\n|-immune|p2a: Sinistcha\n|\n|upkeep\n|turn|5\n|\n|t:|1776567126\n|move|p2a: Sinistcha|Rage Powder|p2a: Sinistcha\n|-singleturn|p2a: Sinistcha|move: Rage Powder\n|move|p1a: Kingambit|Sucker Punch||[still]\n|-fail|p1a: Kingambit\n|move|p2b: Feraligatr|Liquidation|p1a: Kingambit\n|-damage|p1a: Kingambit|0 fnt\n|faint|p1a: Kingambit\n|move|p1b: Sneasler|Dire Claw|p2a: Sinistcha\n|-damage|p2a: Sinistcha|72/100\n|\n|-fieldend|move: Trick Room\n|upkeep\n|-message|alvinn98 forfeited.\n|\n|win|megakingmathias\n|raw|alvinn98's rating: 1135 &rarr; <strong>1116</strong><br />(-19 for losing)\n|raw|megakingmathias's rating: 1213 &rarr; <strong>1232</strong><br />(+19 for winning)\n|l|\u2606alvinn98\n|player|p1|\n",
  "uploadtime": 1776567150,
  "views": 16,
  "formatid": "gen9championsvgc2026regma",
  "rating": 1116,
  "private": 0,
  "password": null
}