{
  "id": "gen9championsvgc2026regma-2586355537",
  "format": "[Gen 9 Champions] VGC 2026 Reg M-A",
  "players": [
    "Earwigace",
    "plaweh"
  ],
  "log": "|j|\u2606Earwigace\n|j|\u2606plaweh\n|t:|1776428276\n|gametype|doubles\n|player|p1|Earwigace|picnicker|\n|player|p2|plaweh|266|\n|gen|9\n|tier|[Gen 9 Champions] VGC 2026 Reg M-A\n|rule|Species Clause: Limit one of each Pok\u00e9mon\n|rule|Item Clause: Limit 1 of each item\n|clearpoke\n|poke|p1|Meganium, L50, F|\n|poke|p1|Pelipper, L50, F|\n|poke|p1|Basculegion, L50, M|\n|poke|p1|Farigiraf, L50, M|\n|poke|p1|Archaludon, L50, F|\n|poke|p1|Kangaskhan, L50, F|\n|poke|p2|Basculegion, L50, M|\n|poke|p2|Pelipper, L50, F|\n|poke|p2|Archaludon, L50, F|\n|poke|p2|Incineroar, L50, M|\n|poke|p2|Venusaur, L50, F|\n|poke|p2|Farigiraf, L50, F|\n|teampreview|4\n|\n|t:|1776428302\n|teamsize|p1|4\n|teamsize|p2|4\n|start\n|switch|p1a: Farigiraf|Farigiraf, L50, M|100/100\n|switch|p1b: Pelipper|Pelipper, L50, F, shiny|100/100\n|switch|p2a: Archaludon|Archaludon, L50, F|100/100\n|switch|p2b: Incineroar|Incineroar, L50, M|100/100\n|-weather|RainDance|[from] ability: Drizzle|[of] p1b: Pelipper\n|-ability|p2b: Incineroar|Intimidate|boost\n|-unboost|p1a: Farigiraf|atk|1\n|-unboost|p1b: Pelipper|atk|1\n|turn|1\n|\n|t:|1776428323\n|move|p1b: Pelipper|Icy Wind|p2b: Incineroar|[spread] p2b\n|-miss|p1b: Pelipper|p2a: Archaludon\n|-resisted|p2b: Incineroar|1\n|-damage|p2b: Incineroar|95/100\n|-unboost|p2b: Incineroar|spe|1\n|move|p2a: Archaludon|Electro Shot||[still]\n|-prepare|p2a: Archaludon|Electro Shot\n|-boost|p2a: Archaludon|spa|1\n|-anim|p2a: Archaludon|Electro Shot|p1b: Pelipper\n|-supereffective|p1b: Pelipper|2\n|-damage|p1b: Pelipper|0 fnt\n|faint|p1b: Pelipper\n|move|p1a: Farigiraf|Nasty Plot|p1a: Farigiraf\n|-boost|p1a: Farigiraf|spa|2\n|move|p2b: Incineroar|Darkest Lariat|p1a: Farigiraf\n|-supereffective|p1a: Farigiraf|1\n|-damage|p1a: Farigiraf|52/100\n|\n|-weather|RainDance|[upkeep]\n|-heal|p1a: Farigiraf|58/100|[from] item: Leftovers\n|upkeep\n|\n|t:|1776428335\n|switch|p1b: Kangaskhan|Kangaskhan, L50, F|100/100\n|turn|2\n|\n|t:|1776428372\n|move|p2a: Archaludon|Protect|p2a: Archaludon\n|-singleturn|p2a: Archaludon|Protect\n|move|p1b: Kangaskhan|Dynamic Punch|p2a: Archaludon\n|-activate|p2a: Archaludon|move: Protect\n|move|p1a: Farigiraf|Baton Pass|p1a: Farigiraf\n|\n|t:|1776428381\n|switch|p1a: Archaludon|Archaludon, L50, F|100/100|[from] Baton Pass\n|move|p2b: Incineroar|Parting Shot|p1a: Archaludon\n|-unboost|p1a: Archaludon|atk|1\n|-unboost|p1a: Archaludon|spa|1\n|\n|t:|1776428400\n|switch|p2b: Venusaur|Venusaur, L50, F|100/100|[from] Parting Shot\n|\n|-weather|RainDance|[upkeep]\n|upkeep\n|turn|3\n|\n|t:|1776428423\n|detailschange|p1b: Kangaskhan|Kangaskhan-Mega, L50, F\n|-mega|p1b: Kangaskhan|Kangaskhan|Kangaskhanite\n|detailschange|p2b: Venusaur|Venusaur-Mega, L50, F\n|-mega|p2b: Venusaur|Venusaur|Venusaurite\n|move|p1b: Kangaskhan|Rock Slide|p2a: Archaludon|[spread] p2a,p2b\n|-resisted|p2a: Archaludon|1\n|-damage|p2a: Archaludon|94/100\n|-damage|p2b: Venusaur|87/100\n|-ability|p2a: Archaludon|Stamina|boost\n|-boost|p2a: Archaludon|def|1\n|move|p1a: Archaludon|Dragon Pulse|p2b: Venusaur\n|-damage|p2b: Venusaur|38/100\n|move|p2a: Archaludon|Electro Shot||[still]\n|-prepare|p2a: Archaludon|Electro Shot\n|-boost|p2a: Archaludon|spa|1\n|-anim|p2a: Archaludon|Electro Shot|p1b: Kangaskhan\n|-damage|p1b: Kangaskhan|0 fnt\n|faint|p1b: Kangaskhan\n|move|p2b: Venusaur|Sleep Powder|p1a: Archaludon\n|-status|p1a: Archaludon|slp|[from] move: Sleep Powder\n|\n|-weather|RainDance|[upkeep]\n|-heal|p2a: Archaludon|100/100|[from] item: Leftovers\n|upkeep\n|\n|t:|1776428439\n|switch|p1b: Farigiraf|Farigiraf, L50, M|58/100\n|turn|4\n|\n|t:|1776428461\n|switch|p2b: Incineroar|Incineroar, L50, M|95/100\n|-ability|p2b: Incineroar|Intimidate|boost\n|-unboost|p1a: Archaludon|atk|1\n|-unboost|p1b: Farigiraf|atk|1\n|cant|p1a: Archaludon|slp\n|move|p2a: Archaludon|Electro Shot||[still]\n|-prepare|p2a: Archaludon|Electro Shot\n|-boost|p2a: Archaludon|spa|1\n|-anim|p2a: Archaludon|Electro Shot|p1b: Farigiraf\n|-damage|p1b: Farigiraf|0 fnt\n|faint|p1b: Farigiraf\n|\n|-weather|RainDance|[upkeep]\n|upkeep\n|turn|5\n|-message|Earwigace forfeited.\n|\n|win|plaweh\n|l|\u2606Earwigace\n|player|p1|\n|l|\u2606plaweh\n|player|p2|\n|j|\u2606plaweh\n|player|p2|plaweh|266|\n",
  "uploadtime": 1776428493,
  "views": 19,
  "formatid": "gen9championsvgc2026regma",
  "rating": null,
  "private": 0,
  "password": null
}