{
  "id": "gen9championsvgc2026regma-2583803804",
  "format": "[Gen 9 Champions] VGC 2026 Reg M-A",
  "players": [
    "lisarb660",
    "jeanmixed"
  ],
  "log": "|j|\u2606lisarb660\n|j|\u2606jeanmixed\n|html|<table width=\"100%\"><tr><td align=\"left\">lisarb660</td><td align=\"right\">jeanmixed</tr><tr><td align=\"left\"><i class=\"fa fa-circle-o\"></i> <i class=\"fa fa-circle-o\"></i> </td><td align=\"right\"><i class=\"fa fa-circle-o\"></i> <i class=\"fa fa-circle-o\"></i> </tr></table>\n|uhtml|bestof|<h2><strong>Game 1</strong> of <a href=\"/game-bestof3-gen9championsvgc2026regma-2583803802\">a best-of-3</a></h2>\n|t:|1776198879\n|gametype|doubles\n|player|p1|lisarb660|169|\n|player|p2|jeanmixed|169|\n|gen|9\n|tier|[Gen 9 Champions] VGC 2026 Reg M-A\n|rule|Species Clause: Limit one of each Pok\u00e9mon\n|rule|Item Clause: Limit 1 of each item\n|raw|<div class=\"infobox\"><details class=\"readmore\" open><summary><strong>1 custom rule:</strong></summary> Best of = 3</details></div>\n|clearpoke\n|poke|p1|Basculegion, L50, M|\n|poke|p1|Pelipper, L50, M|\n|poke|p1|Dragonite, L50, F|\n|poke|p1|Archaludon, L50, M|\n|poke|p1|Sneasler, L50, F|\n|poke|p1|Rotom-Heat, L50|\n|poke|p2|Tyranitar, L50, F|\n|poke|p2|Excadrill, L50, F|\n|poke|p2|Talonflame, L50, M|\n|poke|p2|Rotom-Wash, L50|\n|poke|p2|Sinistcha, L50|\n|poke|p2|Sneasler, L50, M|\n|teampreview|4\n|\n|t:|1776198930\n|teamsize|p1|4\n|teamsize|p2|4\n|start\n|switch|p1a: lagartixa pan\u00e7uda|Dragonite, L50, F, shiny|100/100\n|switch|p1b: tubar\u00e3o|Basculegion, L50, M|100/100\n|switch|p2a: Tyranitar|Tyranitar, L50, F|100/100\n|switch|p2b: Sneasler|Sneasler, L50, M|100/100\n|-weather|Sandstorm|[from] ability: Sand Stream|[of] p2a: Tyranitar\n|turn|1\n|\n|t:|1776198964\n|detailschange|p1a: lagartixa pan\u00e7uda|Dragonite-Mega, L50, F, shiny\n|-mega|p1a: lagartixa pan\u00e7uda|Dragonite|Dragoninite\n|detailschange|p2a: Tyranitar|Tyranitar-Mega, L50, F\n|-mega|p2a: Tyranitar|Tyranitar|Tyranitarite\n|move|p2a: Tyranitar|Protect|p2a: Tyranitar\n|-singleturn|p2a: Tyranitar|Protect\n|move|p2b: Sneasler|Fake Out|p1a: lagartixa pan\u00e7uda\n|-damage|p1a: lagartixa pan\u00e7uda|94/100\n|cant|p1a: lagartixa pan\u00e7uda|flinch\n|move|p1b: tubar\u00e3o|Flip Turn|p2a: Tyranitar\n|-activate|p2a: Tyranitar|move: Protect\n|\n|-weather|Sandstorm|[upkeep]\n|-damage|p2b: Sneasler|95/100|[from] Sandstorm\n|-damage|p1a: lagartixa pan\u00e7uda|88/100|[from] Sandstorm\n|-damage|p1b: tubar\u00e3o|94/100|[from] Sandstorm\n|upkeep\n|turn|2\n|\n|t:|1776198999\n|switch|p1b: pelicano|Pelipper, L50, M|100/100\n|-weather|RainDance|[from] ability: Drizzle|[of] p1b: pelicano\n|switch|p2a: Rotom|Rotom-Wash, L50|100/100\n|move|p2b: Sneasler|Dire Claw|p1b: pelicano\n|-crit|p1b: pelicano\n|-damage|p1b: pelicano|11/100\n|move|p1a: lagartixa pan\u00e7uda|Hurricane|p2a: Rotom\n|-resisted|p2a: Rotom|1\n|-damage|p2a: Rotom|68/100\n|\n|-weather|RainDance|[upkeep]\n|-heal|p2a: Rotom|74/100|[from] item: Leftovers\n|upkeep\n|turn|3\n|\n|t:|1776199024\n|switch|p1b: sasukemon|Sneasler, L50, F|100/100\n|move|p2b: Sneasler|Dire Claw|p1b: sasukemon\n|-resisted|p1b: sasukemon|1\n|-damage|p1b: sasukemon|64/100\n|move|p1a: lagartixa pan\u00e7uda|Tailwind|p1a: lagartixa pan\u00e7uda\n|-sidestart|p1: lisarb660|move: Tailwind\n|move|p2a: Rotom|Will-O-Wisp|p1a: lagartixa pan\u00e7uda\n|-status|p1a: lagartixa pan\u00e7uda|brn\n|\n|-weather|RainDance|[upkeep]\n|-heal|p2a: Rotom|79/100|[from] item: Leftovers\n|-damage|p1a: lagartixa pan\u00e7uda|82/100 brn|[from] brn\n|upkeep\n|turn|4\n|\n|t:|1776199054\n|move|p2b: Sneasler|Protect|p2b: Sneasler\n|-singleturn|p2b: Sneasler|Protect\n|move|p1b: sasukemon|Dire Claw|p2a: Rotom\n|-damage|p2a: Rotom|23/100\n|-status|p2a: Rotom|psn\n|move|p1a: lagartixa pan\u00e7uda|Hurricane|p2b: Sneasler\n|-activate|p2b: Sneasler|move: Protect\n|move|p2a: Rotom|Will-O-Wisp|p1b: sasukemon\n|-status|p1b: sasukemon|brn\n|\n|-weather|RainDance|[upkeep]\n|-heal|p2a: Rotom|29/100 psn|[from] item: Leftovers\n|-damage|p2a: Rotom|16/100 psn|[from] psn\n|-damage|p1b: sasukemon|58/100 brn|[from] brn\n|-damage|p1a: lagartixa pan\u00e7uda|76/100 brn|[from] brn\n|upkeep\n|turn|5\n|\n|t:|1776199082\n|switch|p2b: Tyranitar|Tyranitar-Mega, L50, F|100/100\n|-weather|Sandstorm|[from] ability: Sand Stream|[of] p2b: Tyranitar\n|move|p1b: sasukemon|Dire Claw|p2b: Tyranitar\n|-resisted|p2b: Tyranitar|1\n|-damage|p2b: Tyranitar|93/100\n|-status|p2b: Tyranitar|par\n|move|p1a: lagartixa pan\u00e7uda|Hurricane|p2b: Tyranitar\n|-resisted|p2b: Tyranitar|1\n|-damage|p2b: Tyranitar|78/100 par\n|move|p2a: Rotom|Hydro Pump|p1b: sasukemon\n|-damage|p1b: sasukemon|0 fnt\n|faint|p1b: sasukemon\n|\n|-weather|Sandstorm|[upkeep]\n|-damage|p1a: lagartixa pan\u00e7uda|70/100 brn|[from] Sandstorm\n|-damage|p2a: Rotom|11/100 psn|[from] Sandstorm\n|-heal|p2a: Rotom|16/100 psn|[from] item: Leftovers\n|-damage|p2a: Rotom|4/100 psn|[from] psn\n|-damage|p1a: lagartixa pan\u00e7uda|64/100 brn|[from] brn\n|upkeep\n|\n|t:|1776199103\n|switch|p1b: pelicano|Pelipper, L50, M|11/100\n|-weather|RainDance|[from] ability: Drizzle|[of] p1b: pelicano\n|turn|6\n|\n|t:|1776199115\n|switch|p2b: Sneasler|Sneasler, L50, M|95/100\n|move|p1b: pelicano|Protect|p1b: pelicano\n|-singleturn|p1b: pelicano|Protect\n|move|p1a: lagartixa pan\u00e7uda|Thunder|p2b: Sneasler\n|-damage|p2b: Sneasler|34/100\n|move|p2a: Rotom|Volt Switch|p1b: pelicano\n|-activate|p1b: pelicano|move: Protect\n|\n|-weather|RainDance|[upkeep]\n|-heal|p2a: Rotom|10/100 psn|[from] item: Leftovers\n|-damage|p2a: Rotom|0 fnt|[from] psn\n|faint|p2a: Rotom\n|-damage|p1a: lagartixa pan\u00e7uda|58/100 brn|[from] brn\n|-sideend|p1: lisarb660|move: Tailwind\n|upkeep\n|\n|t:|1776199131\n|switch|p2a: Tyranitar|Tyranitar-Mega, L50, F|78/100 par\n|-weather|Sandstorm|[from] ability: Sand Stream|[of] p2a: Tyranitar\n|turn|7\n|\n|t:|1776199149\n|move|p2b: Sneasler|Fake Out|p1b: pelicano\n|-damage|p1b: pelicano|0 fnt\n|faint|p1b: pelicano\n|move|p1a: lagartixa pan\u00e7uda|Thunder|p2a: Tyranitar|[miss]\n|-miss|p1a: lagartixa pan\u00e7uda|p2a: Tyranitar\n|move|p2a: Tyranitar|Rock Slide|p1a: lagartixa pan\u00e7uda|[miss]\n|-miss|p2a: Tyranitar|p1a: lagartixa pan\u00e7uda\n|\n|-weather|Sandstorm|[upkeep]\n|-damage|p2b: Sneasler|28/100|[from] Sandstorm\n|-damage|p1a: lagartixa pan\u00e7uda|52/100 brn|[from] Sandstorm\n|-damage|p1a: lagartixa pan\u00e7uda|46/100 brn|[from] brn\n|upkeep\n|\n|t:|1776199160\n|switch|p1b: tubar\u00e3o|Basculegion, L50, M|94/100\n|turn|8\n|\n|t:|1776199180\n|move|p2b: Sneasler|Dire Claw|p1b: tubar\u00e3o\n|-resisted|p1b: tubar\u00e3o|1\n|-damage|p1b: tubar\u00e3o|70/100\n|move|p1a: lagartixa pan\u00e7uda|Hurricane|p2b: Sneasler|[miss]\n|-miss|p1a: lagartixa pan\u00e7uda|p2b: Sneasler\n|move|p1b: tubar\u00e3o|Wave Crash|p2a: Tyranitar\n|-supereffective|p2a: Tyranitar|1\n|-damage|p2a: Tyranitar|0 fnt\n|faint|p2a: Tyranitar\n|-damage|p1b: tubar\u00e3o|46/100|[from] Recoil\n|\n|-weather|Sandstorm|[upkeep]\n|-damage|p2b: Sneasler|22/100|[from] Sandstorm\n|-damage|p1a: lagartixa pan\u00e7uda|40/100 brn|[from] Sandstorm\n|-damage|p1b: tubar\u00e3o|40/100|[from] Sandstorm\n|-damage|p1a: lagartixa pan\u00e7uda|34/100 brn|[from] brn\n|upkeep\n|\n|t:|1776199194\n|switch|p2a: Excadrill|Excadrill, L50, F|100/100\n|turn|9\n|\n|t:|1776199209\n|move|p2a: Excadrill|High Horsepower|p1b: tubar\u00e3o\n|-damage|p1b: tubar\u00e3o|0 fnt\n|faint|p1b: tubar\u00e3o\n|move|p2b: Sneasler|Dire Claw|p1a: lagartixa pan\u00e7uda\n|-damage|p1a: lagartixa pan\u00e7uda|0 fnt\n|faint|p1a: lagartixa pan\u00e7uda\n|\n|win|jeanmixed\n||lisarb660 is ready for game 2.\n",
  "uploadtime": 1776199218,
  "views": 15,
  "formatid": "gen9championsvgc2026regma",
  "rating": null,
  "private": 0,
  "password": null
}