{
  "id": "gen9championsvgc2026regma-2584254944",
  "format": "[Gen 9 Champions] VGC 2026 Reg M-A",
  "players": [
    "1#MiraidonHater",
    "spark10"
  ],
  "log": "|j|\u26061#MiraidonHater\n|j|\u2606spark10\n|t:|1776243753\n|gametype|doubles\n|player|p1|1#MiraidonHater|2|1204\n|player|p2|spark10|169|1182\n|gen|9\n|tier|[Gen 9 Champions] VGC 2026 Reg M-A\n|rated|\n|rule|Species Clause: Limit one of each Pok\u00e9mon\n|rule|Item Clause: Limit 1 of each item\n|clearpoke\n|poke|p1|Gardevoir, L50, F|\n|poke|p1|Incineroar, L50, F|\n|poke|p1|Sinistcha, L50|\n|poke|p1|Talonflame, L50, F|\n|poke|p1|Farigiraf, L50, M|\n|poke|p1|Garchomp, L50, F|\n|poke|p2|Meowstic, L50, M|\n|poke|p2|Alakazam, L50, M|\n|poke|p2|Volcarona, L50, M|\n|poke|p2|Primarina, L50, M|\n|poke|p2|Kingambit, L50, F|\n|poke|p2|Rotom-Mow, L50|\n|teampreview|4\n|c|\u26061#MiraidonHater|lol\n|inactive|Battle timer is ON: inactive players will automatically lose when time's up. (requested by spark10)\n|\n|t:|1776243781\n|teamsize|p1|4\n|teamsize|p2|4\n|start\n|switch|p1a: Incineroar|Incineroar, L50, F|100/100\n|switch|p1b: Gardevoir|Gardevoir, L50, F|100/100\n|switch|p2a: Alakazam|Alakazam, L50, M, shiny|100/100\n|switch|p2b: Meowstic|Meowstic, L50, M|100/100\n|-ability|p1a: Incineroar|Intimidate|boost\n|-fail|p2a: Alakazam|unboost|Attack|[from] ability: Inner Focus|[of] p2a: Alakazam\n|-unboost|p2b: Meowstic|atk|1\n|turn|1\n|\n|t:|1776243797\n|detailschange|p1b: Gardevoir|Gardevoir-Mega, L50, F\n|-mega|p1b: Gardevoir|Gardevoir|Gardevoirite\n|move|p2b: Meowstic|Fake Out|p1b: Gardevoir\n|-damage|p1b: Gardevoir|95/100\n|move|p2a: Alakazam|Nasty Plot|p2a: Alakazam\n|-boost|p2a: Alakazam|spa|2\n|cant|p1b: Gardevoir|flinch\n|move|p1a: Incineroar|Throat Chop|p2a: Alakazam\n|-supereffective|p2a: Alakazam|1\n|-damage|p2a: Alakazam|0 fnt\n|faint|p2a: Alakazam\n|\n|upkeep\n|j| porygon-epilepz\n|\n|t:|1776243821\n|switch|p2a: Primarina|Primarina, L50, M|100/100\n|turn|2\n|\n|t:|1776243828\n|move|p2b: Meowstic|Thunder Wave|p1b: Gardevoir\n|-status|p1b: Gardevoir|par\n|move|p1a: Incineroar|Throat Chop|p2b: Meowstic\n|-supereffective|p2b: Meowstic|1\n|-damage|p2b: Meowstic|13/100\n|-start|p2b: Meowstic|Throat Chop|[silent]\n|-enditem|p2b: Meowstic|Sitrus Berry|[eat]\n|-heal|p2b: Meowstic|38/100|[from] item: Sitrus Berry\n|move|p2a: Primarina|Calm Mind|p2a: Primarina\n|-boost|p2a: Primarina|spa|1\n|-boost|p2a: Primarina|spd|1\n|move|p1b: Gardevoir|Calm Mind|p1b: Gardevoir\n|-boost|p1b: Gardevoir|spa|1\n|-boost|p1b: Gardevoir|spd|1\n|\n|upkeep\n|turn|3\n|\n|t:|1776243846\n|switch|p2b: Kingambit|Kingambit, L50, F|100/100\n|move|p1a: Incineroar|Throat Chop|p2a: Primarina\n|-resisted|p2a: Primarina|1\n|-damage|p2a: Primarina|81/100\n|-start|p2a: Primarina|Throat Chop|[silent]\n|move|p2a: Primarina|Calm Mind|p2a: Primarina\n|-boost|p2a: Primarina|spa|1\n|-boost|p2a: Primarina|spd|1\n|move|p1b: Gardevoir|Hyper Voice|p2a: Primarina|[spread] p2a,p2b\n|-damage|p2a: Primarina|58/100\n|-damage|p2b: Kingambit|30/100\n|\n|-heal|p2a: Primarina|64/100|[from] item: Leftovers\n|upkeep\n|turn|4\n|inactive|spark10 has 30 seconds left.\n|\n|t:|1776243873\n|move|p2b: Kingambit|Protect|p2b: Kingambit\n|-singleturn|p2b: Kingambit|Protect\n|move|p1a: Incineroar|Parting Shot|p2a: Primarina\n|-unboost|p2a: Primarina|atk|1\n|-unboost|p2a: Primarina|spa|1\n|\n|t:|1776243881\n|switch|p1a: Sinistcha|Sinistcha, L50|100/100|[from] Parting Shot\n|-heal|p1b: Gardevoir|100/100 par|[from] ability: Hospitality|[of] p1a: Sinistcha\n|move|p2a: Primarina|Moonblast|p1a: Sinistcha\n|-damage|p1a: Sinistcha|45/100\n|-enditem|p1a: Sinistcha|Sitrus Berry|[eat]\n|-heal|p1a: Sinistcha|70/100|[from] item: Sitrus Berry\n|move|p1b: Gardevoir|Hyper Voice|p2a: Primarina|[spread] p2a\n|-activate|p2b: Kingambit|move: Protect\n|-damage|p2a: Primarina|38/100\n|\n|-heal|p2a: Primarina|44/100|[from] item: Leftovers\n|-end|p2a: Primarina|Throat Chop|[silent]\n|upkeep\n|turn|5\n|inactive|spark10 has 30 seconds left.\n|\n|t:|1776243906\n|move|p1a: Sinistcha|Rage Powder|p1a: Sinistcha\n|-singleturn|p1a: Sinistcha|move: Rage Powder\n|move|p2a: Primarina|Moonblast|p1a: Sinistcha\n|-damage|p1a: Sinistcha|18/100\n|cant|p1b: Gardevoir|par\n|move|p2b: Kingambit|Iron Head|p1a: Sinistcha\n|-damage|p1a: Sinistcha|0 fnt\n|faint|p1a: Sinistcha\n|\n|-heal|p2a: Primarina|50/100|[from] item: Leftovers\n|upkeep\n|\n|t:|1776243916\n|switch|p1a: Incineroar|Incineroar, L50, F|100/100\n|-ability|p1a: Incineroar|Intimidate|boost\n|-unboost|p2a: Primarina|atk|1\n|-unboost|p2b: Kingambit|atk|1\n|-ability|p2b: Kingambit|Defiant|boost\n|-boost|p2b: Kingambit|atk|2\n|turn|6\n|\n|t:|1776243940\n|move|p2a: Primarina|Protect|p2a: Primarina\n|-singleturn|p2a: Primarina|Protect\n|move|p1a: Incineroar|Fake Out|p2a: Primarina\n|-activate|p2a: Primarina|move: Protect\n|move|p2b: Kingambit|Sucker Punch|p1b: Gardevoir\n|-crit|p1b: Gardevoir\n|-damage|p1b: Gardevoir|0 fnt\n|faint|p1b: Gardevoir\n|\n|-heal|p2a: Primarina|56/100|[from] item: Leftovers\n|upkeep\n|\n|t:|1776243954\n|switch|p1b: Garchomp|Garchomp, L50, F|100/100\n|turn|7\n|\n|t:|1776243978\n|move|p2b: Kingambit|Sucker Punch|p1b: Garchomp\n|-damage|p1b: Garchomp|34/100\n|-damage|p2b: Kingambit|18/100|[from] ability: Rough Skin|[of] p1b: Garchomp\n|move|p1b: Garchomp|Earthquake|p2a: Primarina|[spread] p1a,p2a,p2b\n|-supereffective|p1a: Incineroar|1\n|-enditem|p1a: Incineroar|Shuca Berry|[eat]\n|-enditem|p1a: Incineroar|Shuca Berry|[weaken]\n|-supereffective|p2b: Kingambit|1\n|-crit|p2b: Kingambit\n|-damage|p1a: Incineroar|60/100\n|-damage|p2a: Primarina|0 fnt\n|-damage|p2b: Kingambit|0 fnt\n|faint|p2a: Primarina\n|faint|p2b: Kingambit\n|move|p1a: Incineroar|Throat Chop|p2: Primarina|[notarget]\n|-fail|p1a: Incineroar\n|\n|upkeep\n|\n|t:|1776243992\n|switch|p2a: Meowstic|Meowstic, L50, M|38/100\n|turn|8\n|-message|spark10 forfeited.\n|\n|win|1#MiraidonHater\n",
  "uploadtime": 1776243802,
  "views": 21,
  "formatid": "gen9championsvgc2026regma",
  "rating": null,
  "private": 0,
  "password": null
}