{
  "id": "gen9championsvgc2026regma-2586145997",
  "format": "[Gen 9 Champions] VGC 2026 Reg M-A",
  "players": [
    "VaatiMan92",
    "forkuser222"
  ],
  "log": "|j|\u2606VaatiMan92\n|j|\u2606forkuser222\n|t:|1776404793\n|gametype|doubles\n|player|p1|VaatiMan92|harlequin|\n|player|p2|forkuser222|dancer|\n|gen|9\n|tier|[Gen 9 Champions] VGC 2026 Reg M-A\n|rated|Tournament battle\n|rule|Species Clause: Limit one of each Pok\u00e9mon\n|rule|Item Clause: Limit 1 of each item\n|raw|<div class=\"infobox\"><details class=\"readmore\" open><summary><strong>1 custom rule:</strong></summary> Force Open Team Sheets</details></div>\n|clearpoke\n|poke|p1|Pelipper, L50, M|\n|poke|p1|Archaludon, L50, F|\n|poke|p1|Incineroar, L50, F|\n|poke|p1|Maushold-Four, L50|\n|poke|p1|Meganium, L50, F|\n|poke|p1|Basculegion, L50, M|\n|poke|p2|Incineroar, L50, M|\n|poke|p2|Corviknight, L50, M|\n|poke|p2|Garchomp, L50, F|\n|poke|p2|Floette-Eternal, L50, F|\n|poke|p2|Sneasler, L50, M|\n|poke|p2|Sinistcha, L50|\n|teampreview|4\n|showteam|p1|Pelipper||FocusSash|Drizzle|Protect,Tailwind,WeatherBall,Hurricane|||M|||50|]Archaludon||Leftovers|Stamina|ElectroShot,FlashCannon,DragonPulse,Protect|||F|||50|]Incineroar||SitrusBerry|Intimidate|FakeOut,FlareBlitz,DarkestLariat,PartingShot|||F|||50|]Maushold-Four||KingsRock|FriendGuard|PopulationBomb,Taunt,FollowMe,Protect||||||50|]Meganium||Meganiumite|Overgrow|DazzlingGleam,SolarBeam,WeatherBall,Protect|||F|||50|]Basculegion||MysticWater|SwiftSwim|LastRespects,WaveCrash,FlipTurn,AquaJet|||M|||50|\n|showteam|p2|Incineroar||ChopleBerry|Intimidate|FakeOut,FlareBlitz,ThroatChop,PartingShot|||M|||50|]Corviknight||Leftovers|MirrorArmor|IronHead,BraveBird,Roost,BulkUp|||M|||50|]Garchomp||Garchompite|RoughSkin|Earthquake,StompingTantrum,Protect,RockSlide|||F|||50|]Floette-Eternal||Floettite|FlowerVeil|Moonblast,DrainingKiss,CalmMind,Protect|||F|||50|]Sneasler||FocusSash|Unburden|FakeOut,CloseCombat,Coaching,DireClaw|||M|||50|]Sinistcha||SitrusBerry|Hospitality|MatchaGotcha,RagePowder,TrickRoom,Protect||||||50|\n|j|+holdingb\nVaatiMan92 has agreed to open team sheets.\n|c|\u2606forkuser222|good luck, have fun\n|\n|t:|1776404825\n|teamsize|p1|4\n|teamsize|p2|4\n|start\n|switch|p1a: Pelipper|Pelipper, L50, M|100/100\n|switch|p1b: Incineroar|Incineroar, L50, F|100/100\n|switch|p2a: Corviknight|Corviknight, L50, M|100/100\n|switch|p2b: Sinistcha|Sinistcha, L50|100/100\n|-weather|RainDance|[from] ability: Drizzle|[of] p1a: Pelipper\n|-ability|p1b: Incineroar|Intimidate|boost\n|-ability|p2a: Corviknight|Mirror Armor\n|-unboost|p1b: Incineroar|atk|1\n|-unboost|p2b: Sinistcha|atk|1\n|turn|1\n|c|\u2606VaatiMan92|You too!\n|\n|t:|1776404847\n|move|p2b: Sinistcha|Protect|p2b: Sinistcha\n|-singleturn|p2b: Sinistcha|Protect\n|move|p1b: Incineroar|Fake Out|p2a: Corviknight\n|-resisted|p2a: Corviknight|1\n|-damage|p2a: Corviknight|98/100\n|move|p1a: Pelipper|Hurricane|p2b: Sinistcha\n|-activate|p2b: Sinistcha|move: Protect\n|cant|p2a: Corviknight|flinch\n|\n|-weather|RainDance|[upkeep]\n|-heal|p2a: Corviknight|100/100|[from] item: Leftovers\n|upkeep\n|turn|2\n|\n|t:|1776404861\n|move|p1a: Pelipper|Hurricane|p2b: Sinistcha\n|-supereffective|p2b: Sinistcha|1\n|-damage|p2b: Sinistcha|15/100\n|-enditem|p2b: Sinistcha|Sitrus Berry|[eat]\n|-heal|p2b: Sinistcha|40/100|[from] item: Sitrus Berry\n|move|p2a: Corviknight|Brave Bird|p1a: Pelipper\n|-crit|p1a: Pelipper\n|-damage|p1a: Pelipper|29/100\n|-damage|p2a: Corviknight|85/100|[from] Recoil\n|move|p1b: Incineroar|Parting Shot|p2a: Corviknight\n|-ability|p2a: Corviknight|Mirror Armor\n|-unboost|p1b: Incineroar|atk|1\n|-ability|p2a: Corviknight|Mirror Armor\n|-unboost|p1b: Incineroar|spa|1\n|\n|t:|1776404876\n|switch|p1b: Meganium|Meganium, L50, F|100/100|[from] Parting Shot\n|move|p2b: Sinistcha|Trick Room|p2b: Sinistcha\n|-fieldstart|move: Trick Room|[of] p2b: Sinistcha\n|\n|-weather|RainDance|[upkeep]\n|-heal|p2a: Corviknight|91/100|[from] item: Leftovers\n|upkeep\n|turn|3\n|j| m3dic\n|\n|t:|1776404888\n|detailschange|p1b: Meganium|Meganium-Mega, L50, F\n|-mega|p1b: Meganium|Meganium|Meganiumite\n|move|p1a: Pelipper|Protect|p1a: Pelipper\n|-singleturn|p1a: Pelipper|Protect\n|move|p2a: Corviknight|Brave Bird|p1b: Meganium\n|-supereffective|p1b: Meganium|1\n|-damage|p1b: Meganium|35/100\n|-damage|p2a: Corviknight|71/100|[from] Recoil\n|move|p2b: Sinistcha|Matcha Gotcha|p1b: Meganium|[spread] \n|-activate|p1a: Pelipper|move: Protect\n|-miss|p2b: Sinistcha|p1b: Meganium\n|move|p1b: Meganium|Weather Ball|p2a: Corviknight\n|-supereffective|p2a: Corviknight|1\n|-damage|p2a: Corviknight|0 fnt\n|faint|p2a: Corviknight\n|\n|-weather|RainDance|[upkeep]\n|upkeep\n|j| pipievgc103\n|\n|t:|1776404902\n|switch|p2a: Floette|Floette-Eternal, L50, F|100/100\n|turn|4\n|\n|t:|1776404920\n|switch|p1a: Incineroar|Incineroar, L50, F|100/100\n|-ability|p1a: Incineroar|Intimidate|boost\n|-unboost|p2a: Floette|atk|1\n|-block|p2b: Sinistcha|ability: Flower Veil|[of] p2a: Floette\n|detailschange|p2a: Floette|Floette-Mega, L50, F\n|-mega|p2a: Floette|Floette|Floettite\n|-ability|p2a: Floette|Fairy Aura\n|move|p2b: Sinistcha|Matcha Gotcha|p1b: Meganium|[spread] p1a,p1b\n|-resisted|p1a: Incineroar|1\n|-resisted|p1b: Meganium|1\n|-damage|p1a: Incineroar|90/100\n|-heal|p2b: Sinistcha|46/100|[from] drain|[of] p1a: Incineroar\n|-damage|p1b: Meganium|25/100\n|-heal|p2b: Sinistcha|51/100|[from] drain|[of] p1b: Meganium\n|move|p1b: Meganium|Weather Ball|p2b: Sinistcha\n|-supereffective|p2b: Sinistcha|1\n|-damage|p2b: Sinistcha|0 fnt\n|faint|p2b: Sinistcha\n|move|p2a: Floette|Moonblast|p1b: Meganium\n|-damage|p1b: Meganium|0 fnt\n|faint|p1b: Meganium\n|\n|-weather|RainDance|[upkeep]\n|upkeep\n|\n|t:|1776404946\n|switch|p2b: Sneasler|Sneasler, L50, M|100/100\n|switch|p1b: Pelipper|Pelipper, L50, M|29/100\n|turn|5\n|\n|t:|1776404957\n|move|p1b: Pelipper|Protect|p1b: Pelipper\n|-singleturn|p1b: Pelipper|Protect\n|move|p2b: Sneasler|Fake Out|p1a: Incineroar\n|-damage|p1a: Incineroar|79/100\n|cant|p1a: Incineroar|flinch\n|move|p2a: Floette|Calm Mind|p2a: Floette\n|-boost|p2a: Floette|spa|1\n|-boost|p2a: Floette|spd|1\n|\n|-weather|none\n|upkeep\n|turn|6\n|\n|t:|1776404966\n|move|p1b: Pelipper|Protect||[still]\n|-fail|p1b: Pelipper\n|move|p1a: Incineroar|Parting Shot|p2a: Floette\n|-unboost|p2a: Floette|atk|1\n|-unboost|p2a: Floette|spa|1\n|\n|t:|1776404968\n|switch|p1a: Basculegion|Basculegion, L50, M|100/100|[from] Parting Shot\n|move|p2a: Floette|Moonblast|p1a: Basculegion\n|-damage|p1a: Basculegion|29/100\n|move|p2b: Sneasler|Dire Claw|p1b: Pelipper\n|-damage|p1b: Pelipper|0 fnt\n|faint|p1b: Pelipper\n|\n|-fieldend|move: Trick Room\n|upkeep\n|\n|t:|1776404970\n|switch|p1b: Incineroar|Incineroar, L50, F|79/100\n|-ability|p1b: Incineroar|Intimidate|boost\n|-unboost|p2a: Floette|atk|1\n|-unboost|p2b: Sneasler|atk|1\n|turn|7\n|\n|t:|1776404988\n|move|p2a: Floette|Protect|p2a: Floette\n|-singleturn|p2a: Floette|Protect\n|move|p1b: Incineroar|Fake Out|p2b: Sneasler\n|-damage|p2b: Sneasler|83/100\n|cant|p2b: Sneasler|flinch\n|move|p1a: Basculegion|Last Respects|p2a: Floette\n|-activate|p2a: Floette|move: Protect\n|\n|upkeep\n|turn|8\n|\n|t:|1776405003\n|move|p2b: Sneasler|Close Combat|p1b: Incineroar\n|-supereffective|p1b: Incineroar|1\n|-damage|p1b: Incineroar|18/100\n|-unboost|p2b: Sneasler|def|1\n|-unboost|p2b: Sneasler|spd|1\n|-enditem|p1b: Incineroar|Sitrus Berry|[eat]\n|-heal|p1b: Incineroar|43/100|[from] item: Sitrus Berry\n|move|p2a: Floette|Moonblast|p1a: Basculegion\n|-damage|p1a: Basculegion|0 fnt\n|faint|p1a: Basculegion\n|move|p1b: Incineroar|Parting Shot|p2a: Floette\n|-unboost|p2a: Floette|atk|1\n|-unboost|p2a: Floette|spa|1\n|\n|upkeep\n|turn|9\n|c|\u2606VaatiMan92|gg\n|j| ido1234567890\n|c|\u2606VaatiMan92|Why is that thing so fast?\n|c|\u2606forkuser222|gg\n|j| Fliipturn\n|c|\u2606forkuser222|its max speed\n|c|\u2606VaatiMan92|In general, I mean.\n|c|\u2606VaatiMan92|Ah well. I made it to the finals. I don't mind losing with honor.\n|l| ido1234567890\n|l| m3dic\n|c|\u2606forkuser222|dk what spread i should use on this thing\n|\n|t:|1776405079\n|move|p2b: Sneasler|Close Combat|p1b: Incineroar\n|-supereffective|p1b: Incineroar|1\n|-damage|p1b: Incineroar|0 fnt\n|-unboost|p2b: Sneasler|def|1\n|-unboost|p2b: Sneasler|spd|1\n|faint|p1b: Incineroar\n|\n|win|forkuser222\n|n|\u2606VaatiMan92|vaatiman92\n|n|\u2606forkuser222|forkuser222\n|n| holdingb|holdingb\n|n| pipievgc103|pipievgc103\n|n| Fliipturn|fliipturn\n",
  "uploadtime": 1776405079,
  "views": 15,
  "formatid": "gen9championsvgc2026regma",
  "rating": null,
  "private": 0,
  "password": null
}