{
  "id": "gen9championsvgc2026regma-2587047382",
  "format": "[Gen 9 Champions] VGC 2026 Reg M-A",
  "players": [
    "Ashe_Cheikes",
    "mosssystone"
  ],
  "log": "|j|\u2606Ashe_Cheikes\n|j|\u2606mosssystone\n|t:|1776486498\n|gametype|doubles\n|player|p1|Ashe_Cheikes|265|1104\n|player|p2|mosssystone|linebacker|1025\n|gen|9\n|tier|[Gen 9 Champions] VGC 2026 Reg M-A\n|rated|\n|rule|Species Clause: Limit one of each Pok\u00e9mon\n|rule|Item Clause: Limit 1 of each item\n|clearpoke\n|poke|p1|Scovillain, L50, F|\n|poke|p1|Garganacl, L50, M|\n|poke|p1|Incineroar, L50, F|\n|poke|p1|Florges, L50, F|\n|poke|p1|Sableye, L50, M|\n|poke|p1|Kleavor, L50, M|\n|poke|p2|Dragonite, L50, F, shiny|\n|poke|p2|Pelipper, L50, F|\n|poke|p2|Lucario, L50, F, shiny|\n|poke|p2|Quaquaval, L50, F, shiny|\n|poke|p2|Heliolisk, L50, M|\n|poke|p2|Hawlucha, L50, M, shiny|\n|teampreview|4\nAshe_Cheikes rejected open team sheets.\n|c|\u2606Ashe_Cheikes|I love the Quaq\n|c|\u2606mosssystone|me too! thanks\n|c|\u2606mosssystone|big klevor fan myself\n|c|\u2606Ashe_Cheikes|I run it on occasion, too. Aqua Step, Close Combat, and Ice Spinner for all these dragons (and Detect) for me.\n|inactive|Battle timer is ON: inactive players will automatically lose when time's up. (requested by mosssystone)\n|\n|t:|1776486570\n|teamsize|p1|4\n|teamsize|p2|4\n|start\n|switch|p1a: Kleavor|Kleavor, L50, M|100/100\n|switch|p1b: Incineroar|Incineroar, L50, F|100/100\n|switch|p2a: Dragonite|Dragonite, L50, F, shiny|100/100\n|switch|p2b: Pelipper|Pelipper, L50, F|100/100\n|-weather|RainDance|[from] ability: Drizzle|[of] p2b: Pelipper\n|-ability|p1b: Incineroar|Intimidate|boost\n|-fail|p2a: Dragonite|unboost|Attack|[from] ability: Inner Focus|[of] p2a: Dragonite\n|-unboost|p2b: Pelipper|atk|1\n|turn|1\n|c|\u2606mosssystone|im trying out aqua jet instead of ice spinner currently\n|inactive|mosssystone has 30 seconds left.\n|\n|t:|1776486601\n|move|p1b: Incineroar|Fake Out|p2a: Dragonite\n|-damage|p2a: Dragonite|90/100\n|move|p1a: Kleavor|Stone Axe|p2b: Pelipper\n|-supereffective|p2b: Pelipper|1\n|-damage|p2b: Pelipper|0 fnt\n|-sidestart|p2: mosssystone|move: Stealth Rock\n|faint|p2b: Pelipper\n|move|p2a: Dragonite|Weather Ball|p1a: Kleavor\n|-supereffective|p1a: Kleavor|1\n|-damage|p1a: Kleavor|0 fnt\n|faint|p1a: Kleavor\n|\n|-weather|RainDance|[upkeep]\n|upkeep\n|\n|t:|1776486624\n|switch|p1a: Florges|Florges, L50, F|100/100\n|switch|p2b: Quaquaval|Quaquaval, L50, F, shiny|100/100\n|-damage|p2b: Quaquaval|94/100|[from] Stealth Rock\n|turn|2\n|inactive|Ashe_Cheikes has 30 seconds left.\n|inactive|mosssystone has 30 seconds left.\n|inactive|Ashe_Cheikes has 20 seconds left.\n|inactive|mosssystone has 20 seconds left.\n|\n|t:|1776486661\n|switch|p1b: Scovillain|Scovillain, L50, F|100/100\n|move|p2b: Quaquaval|Aqua Step|p1a: Florges\n|-damage|p1a: Florges|32/100\n|-boost|p2b: Quaquaval|spe|1\n|move|p2a: Dragonite|Weather Ball|p1a: Florges\n|-damage|p1a: Florges|0 fnt\n|faint|p1a: Florges\n|\n|-weather|RainDance|[upkeep]\n|-ability|p1b: Scovillain|Moody|boost\n|-boost|p1b: Scovillain|spd|2\n|-unboost|p1b: Scovillain|atk|1\n|upkeep\n|c|\u2606Ashe_Cheikes|Whoa\n|c|\u2606Ashe_Cheikes|Yeah, that's game. Damn, that Dragonite slaps.\n|\n|t:|1776486683\n|switch|p1a: Incineroar|Incineroar, L50, F|100/100\n|-ability|p1a: Incineroar|Intimidate|boost\n|-fail|p2a: Dragonite|unboost|Attack|[from] ability: Inner Focus|[of] p2a: Dragonite\n|-unboost|p2b: Quaquaval|atk|1\n|turn|3\n|inactive|Ashe_Cheikes has 30 seconds left.\n|inactive|mosssystone has 30 seconds left.\n|c|\u2606mosssystone|itrs inner focus and mega so that it has a good turn 1 into fake out or ife it needs mnultiscale\n|inactive|mosssystone has 20 seconds left.\n|inactive|mosssystone has 15 seconds left.\n|\n|t:|1776486728\n|detailschange|p1b: Scovillain|Scovillain-Mega, L50, F\n|-mega|p1b: Scovillain|Scovillain|Scovillainite\n|move|p1a: Incineroar|Fake Out|p2b: Quaquaval\n|-damage|p2b: Quaquaval|80/100\n|cant|p2b: Quaquaval|flinch\n|move|p2a: Dragonite|Weather Ball|p1a: Incineroar\n|-supereffective|p1a: Incineroar|1\n|-damage|p1a: Incineroar|36/100\n|-enditem|p1a: Incineroar|Sitrus Berry|[eat]\n|-heal|p1a: Incineroar|61/100|[from] item: Sitrus Berry\n|move|p1b: Scovillain|Leech Seed|p2a: Dragonite\n|-start|p2a: Dragonite|move: Leech Seed\n|\n|-weather|RainDance|[upkeep]\n|-damage|p2a: Dragonite|78/100|[from] Leech Seed|[of] p1b: Scovillain\n|upkeep\n|turn|4\n|inactive|Ashe_Cheikes has 30 seconds left.\n|\n|t:|1776486757\n|detailschange|p2a: Dragonite|Dragonite-Mega, L50, F, shiny\n|-mega|p2a: Dragonite|Dragonite|Dragoninite\n|move|p2b: Quaquaval|Aqua Step|p1a: Incineroar\n|-supereffective|p1a: Incineroar|1\n|-damage|p1a: Incineroar|0 fnt\n|-boost|p2b: Quaquaval|spe|1\n|faint|p1a: Incineroar\n|-ability|p2b: Quaquaval|Moxie|boost\n|-boost|p2b: Quaquaval|atk|1\n|move|p2a: Dragonite|Hurricane|p1b: Scovillain\n|-supereffective|p1b: Scovillain|1\n|-damage|p1b: Scovillain|37/100\n|-start|p1b: Scovillain|confusion\n|-status|p2a: Dragonite|brn|[from] ability: Spicy Spray|[of] p1b: Scovillain\n|-activate|p1b: Scovillain|confusion\n|move|p1b: Scovillain|Giga Drain|p2b: Quaquaval\n|-supereffective|p2b: Quaquaval|1\n|-damage|p2b: Quaquaval|0 fnt\n|-heal|p1b: Scovillain|77/100|[from] drain|[of] p2b: Quaquaval\n|faint|p2b: Quaquaval\n|\n|-weather|RainDance|[upkeep]\n|-damage|p2a: Dragonite|66/100 brn|[from] Leech Seed|[of] p1b: Scovillain\n|-heal|p1b: Scovillain|92/100|[silent]\n|-damage|p2a: Dragonite|60/100 brn|[from] brn\n|upkeep\n|\n|t:|1776486777\n|switch|p2b: Hawlucha|Hawlucha, L50, M, shiny|100/100\n|-damage|p2b: Hawlucha|88/100|[from] Stealth Rock\n|turn|5\n|\n|t:|1776486799\n|-activate|p1b: Scovillain|confusion\n|move|p1b: Scovillain|Protect|p1b: Scovillain\n|-singleturn|p1b: Scovillain|Protect\n|move|p2b: Hawlucha|Flying Press|p1b: Scovillain\n|-activate|p1b: Scovillain|move: Protect\n|move|p2a: Dragonite|Hurricane|p1b: Scovillain\n|-activate|p1b: Scovillain|move: Protect\n|\n|-weather|none\n|-damage|p2a: Dragonite|47/100 brn|[from] Leech Seed|[of] p1b: Scovillain\n|-heal|p1b: Scovillain|100/100|[silent]\n|-damage|p2a: Dragonite|41/100 brn|[from] brn\n|upkeep\n|turn|6\n|c|\u2606Ashe_Cheikes|Florges was my answer to Dragonite as best I could muster, but even being max Def and a ton of HP, she got two-shot\n|inactive|Ashe_Cheikes has 30 seconds left.\n|\n|t:|1776486827\n|move|p2b: Hawlucha|Rain Dance|p2b: Hawlucha\n|-weather|RainDance\n|move|p2a: Dragonite|Hurricane|p1b: Scovillain\n|-supereffective|p1b: Scovillain|1\n|-damage|p1b: Scovillain|44/100\n|-end|p1b: Scovillain|confusion\n|move|p1b: Scovillain|Leech Seed|p2b: Hawlucha\n|-start|p2b: Hawlucha|move: Leech Seed\n|\n|-weather|RainDance|[upkeep]\n|-damage|p2b: Hawlucha|76/100|[from] Leech Seed|[of] p1b: Scovillain\n|-heal|p1b: Scovillain|59/100|[silent]\n|-damage|p2a: Dragonite|29/100 brn|[from] Leech Seed|[of] p1b: Scovillain\n|-heal|p1b: Scovillain|74/100|[silent]\n|-damage|p2a: Dragonite|23/100 brn|[from] brn\n|upkeep\n|turn|7\n|\n|t:|1776486849\n|move|p1b: Scovillain|Protect|p1b: Scovillain\n|-singleturn|p1b: Scovillain|Protect\n|move|p2b: Hawlucha|Acrobatics|p1b: Scovillain\n|-activate|p1b: Scovillain|move: Protect\n|move|p2a: Dragonite|Hurricane|p1b: Scovillain\n|-activate|p1b: Scovillain|move: Protect\n|\n|-weather|RainDance|[upkeep]\n|-damage|p2b: Hawlucha|63/100|[from] Leech Seed|[of] p1b: Scovillain\n|-heal|p1b: Scovillain|88/100|[silent]\n|-damage|p2a: Dragonite|11/100 brn|[from] Leech Seed|[of] p1b: Scovillain\n|-heal|p1b: Scovillain|100/100|[silent]\n|-damage|p2a: Dragonite|5/100 brn|[from] brn\n|upkeep\n|turn|8\n|\n|t:|1776486870\n|move|p2b: Hawlucha|Flying Press|p1b: Scovillain\n|-supereffective|p1b: Scovillain|1\n|-damage|p1b: Scovillain|3/100\n|-status|p2b: Hawlucha|brn|[from] ability: Spicy Spray|[of] p1b: Scovillain\n|move|p2a: Dragonite|Hurricane|p1b: Scovillain\n|-supereffective|p1b: Scovillain|1\n|-damage|p1b: Scovillain|0 fnt\n|faint|p1b: Scovillain\n|\n|win|mosssystone\n",
  "uploadtime": 1776486532,
  "views": 12,
  "formatid": "gen9championsvgc2026regma",
  "rating": null,
  "private": 0,
  "password": null
}