{
  "id": "gen9championsvgc2026regma-2588276756",
  "format": "[Gen 9 Champions] VGC 2026 Reg M-A",
  "players": [
    "djungelskog24",
    "A5h3r"
  ],
  "log": "|j|\u2606djungelskog24\n|j|\u2606A5h3r\n|t:|1776620277\n|gametype|doubles\n|player|p1|djungelskog24|colress|1153\n|player|p2|A5h3r|alder|1231\n|gen|9\n|tier|[Gen 9 Champions] VGC 2026 Reg M-A\n|rated|\n|rule|Species Clause: Limit one of each Pok\u00e9mon\n|rule|Item Clause: Limit 1 of each item\n|clearpoke\n|poke|p1|Froslass, L50, F, shiny|\n|poke|p1|Rotom-Frost, L50|\n|poke|p1|Incineroar, L50, F|\n|poke|p1|Basculegion, L50, M|\n|poke|p1|Garchomp, L50, M|\n|poke|p1|Orthworm, L50, F|\n|poke|p2|Chandelure, L50, F, shiny|\n|poke|p2|Torkoal, L50, F|\n|poke|p2|Primarina, L50, M|\n|poke|p2|Kingambit, L50, M|\n|poke|p2|Venusaur, L50, M|\n|poke|p2|Vivillon-Sun, L50, M, shiny|\n|teampreview|4\n|inactive|Battle timer is ON: inactive players will automatically lose when time's up. (requested by djungelskog24)\n|c|\u2606A5h3r|glhf\n|c|\u2606djungelskog24|u too\n|\n|t:|1776620317\n|teamsize|p1|4\n|teamsize|p2|4\n|start\n|switch|p1a: Garchomp|Garchomp, L50, M|100/100\n|switch|p1b: Orthworm|Orthworm, L50, F|100/100\n|switch|p2a: Chandelure|Chandelure, L50, F, shiny|100/100\n|switch|p2b: Lucifer-Incarnate|Vivillon-Sun, L50, M, shiny|100/100\n|turn|1\n|inactive|djungelskog24 has 30 seconds left.\n|\n|t:|1776620344\n|detailschange|p2a: Chandelure|Chandelure-Mega, L50, F, shiny\n|-mega|p2a: Chandelure|Chandelure|Chandelurite\n|move|p2b: Lucifer-Incarnate|Tailwind|p2b: Lucifer-Incarnate\n|-sidestart|p2: A5h3r|move: Tailwind\n|move|p2a: Chandelure|Heat Wave|p1b: Orthworm|[spread] p1a,p1b\n|-resisted|p1a: Garchomp|1\n|-supereffective|p1b: Orthworm|1\n|-damage|p1a: Garchomp|74/100\n|-damage|p1b: Orthworm|3/100\n|-enditem|p1b: Orthworm|Sitrus Berry|[eat]\n|-heal|p1b: Orthworm|28/100|[from] item: Sitrus Berry\n|move|p1a: Garchomp|Rock Slide|p2a: Chandelure|[spread] p2a,p2b\n|-supereffective|p2a: Chandelure|1\n|-supereffective|p2b: Lucifer-Incarnate|2\n|-damage|p2a: Chandelure|69/100\n|-enditem|p2b: Lucifer-Incarnate|Focus Sash\n|-damage|p2b: Lucifer-Incarnate|1/100\n|move|p1b: Orthworm|Shed Tail|p1b: Orthworm\n|-fail|p1b: Orthworm|move: Shed Tail|[weak]\n|\n|upkeep\n|turn|2\n|inactive|djungelskog24 has 30 seconds left.\n|inactive|A5h3r has 30 seconds left.\n|\n|t:|1776620378\n|switch|p2b: Torkoal|Torkoal, L50, F|100/100\n|-weather|SunnyDay|[from] ability: Drought|[of] p2b: Torkoal\n|switch|p1b: Incineroar|Incineroar, L50, F|100/100\n|-ability|p1b: Incineroar|Intimidate|boost\n|-unboost|p2a: Chandelure|atk|1\n|-unboost|p2b: Torkoal|atk|1\n|move|p2a: Chandelure|Heat Wave|p1b: Incineroar|[spread] p1a,p1b\n|-resisted|p1a: Garchomp|1\n|-resisted|p1b: Incineroar|1\n|-crit|p1b: Incineroar\n|-damage|p1a: Garchomp|38/100\n|-damage|p1b: Incineroar|60/100\n|move|p1a: Garchomp|Rock Slide|p2a: Chandelure|[spread] p2a,p2b\n|-supereffective|p2a: Chandelure|1\n|-supereffective|p2b: Torkoal|1\n|-damage|p2a: Chandelure|25/100\n|-damage|p2b: Torkoal|65/100\n|\n|-weather|SunnyDay|[upkeep]\n|upkeep\n|turn|3\n|inactive|djungelskog24 has 30 seconds left.\n|\n|t:|1776620409\n|switch|p2a: Venusaur|Venusaur, L50, M|100/100\n|move|p1b: Incineroar|Fake Out|p2b: Torkoal\n|-damage|p2b: Torkoal|57/100\n|move|p1a: Garchomp|Rock Slide|p2a: Venusaur|[spread] p2b\n|-miss|p1a: Garchomp|p2a: Venusaur\n|-supereffective|p2b: Torkoal|1\n|-damage|p2b: Torkoal|24/100\n|cant|p2b: Torkoal|flinch\n|\n|-weather|SunnyDay|[upkeep]\n|upkeep\n|turn|4\n|inactive|djungelskog24 has 30 seconds left.\n|inactive|djungelskog24 has 20 seconds left.\n|\n|t:|1776620449\n|switch|p1b: Orthworm|Orthworm, L50, F|28/100\n|switch|p2b: Chandelure|Chandelure-Mega, L50, F, shiny|25/100\n|move|p2a: Venusaur|Solar Beam||[still]\n|-prepare|p2a: Venusaur|Solar Beam\n|-anim|p2a: Venusaur|Solar Beam|p1a: Garchomp\n|-damage|p1a: Garchomp|0 fnt\n|faint|p1a: Garchomp\n|\n|-weather|SunnyDay|[upkeep]\n|-sideend|p2: A5h3r|move: Tailwind\n|upkeep\n|\n|t:|1776620464\n|switch|p1a: Froslass|Froslass, L50, F, shiny|100/100\n|turn|5\n|\n|t:|1776620487\n|switch|p2b: Lucifer-Incarnate|Vivillon-Sun, L50, M, shiny|1/100\n|detailschange|p1a: Froslass|Froslass-Mega, L50, F, shiny\n|-mega|p1a: Froslass|Froslass|Froslassite\n|-weather|Snowscape|[from] ability: Snow Warning|[of] p1a: Froslass\n|move|p1a: Froslass|Shadow Ball|p2b: Lucifer-Incarnate\n|-damage|p2b: Lucifer-Incarnate|0 fnt\n|faint|p2b: Lucifer-Incarnate\n|move|p2a: Venusaur|Sleep Powder|p1a: Froslass\n|-status|p1a: Froslass|slp|[from] move: Sleep Powder\n|move|p1b: Orthworm|Heavy Slam|p2a: Venusaur\n|-crit|p2a: Venusaur\n|-damage|p2a: Venusaur|49/100\n|\n|-weather|Snowscape|[upkeep]\n|upkeep\n|\n|t:|1776620500\n|switch|p2b: Torkoal|Torkoal, L50, F|24/100\n|-weather|SunnyDay|[from] ability: Drought|[of] p2b: Torkoal\n|turn|6\n|\n|t:|1776620519\n|switch|p1b: Incineroar|Incineroar, L50, F|60/100\n|-ability|p1b: Incineroar|Intimidate|boost\n|-unboost|p2a: Venusaur|atk|1\n|-unboost|p2b: Torkoal|atk|1\n|cant|p1a: Froslass|slp\n|move|p2a: Venusaur|Solar Beam||[still]\n|-prepare|p2a: Venusaur|Solar Beam\n|-anim|p2a: Venusaur|Solar Beam|p1a: Froslass\n|-damage|p1a: Froslass|22/100 slp\n|move|p2b: Torkoal|Weather Ball|p1b: Incineroar\n|-resisted|p1b: Incineroar|1\n|-damage|p1b: Incineroar|28/100\n|\n|-weather|SunnyDay|[upkeep]\n|upkeep\n|turn|7\n|\n|t:|1776620536\n|move|p1b: Incineroar|Fake Out|p2b: Torkoal\n|-damage|p2b: Torkoal|16/100\n|move|p2a: Venusaur|Earth Power|p1b: Incineroar\n|-supereffective|p1b: Incineroar|1\n|-damage|p1b: Incineroar|0 fnt\n|faint|p1b: Incineroar\n|-curestatus|p1a: Froslass|slp|[msg]\n|move|p1a: Froslass|Blizzard|p2a: Venusaur|[spread] \n|-miss|p1a: Froslass|p2a: Venusaur\n|-miss|p1a: Froslass|p2b: Torkoal\n|cant|p2b: Torkoal|flinch\n|\n|-weather|SunnyDay|[upkeep]\n|upkeep\n|-message|djungelskog24 forfeited.\n|\n|win|A5h3r\n|raw|djungelskog24's rating: 1153 &rarr; <strong>1134</strong><br />(-19 for losing)\n|raw|A5h3r's rating: 1231 &rarr; <strong>1250</strong><br />(+19 for winning)\n|l|\u2606djungelskog24\n|player|p1|\n",
  "uploadtime": 1776620553,
  "views": 16,
  "formatid": "gen9championsvgc2026regma",
  "rating": 1134,
  "private": 0,
  "password": null
}