{
  "id": "gen9championsvgc2026regma-2588356336",
  "format": "[Gen 9 Champions] VGC 2026 Reg M-A",
  "players": [
    "z3r0cool",
    "Mitralix"
  ],
  "log": "|j|\u2606z3r0cool\n|j|\u2606Mitralix\n|t:|1776626757\n|gametype|doubles\n|player|p1|z3r0cool|lorelei-gen1|1127\n|player|p2|Mitralix|265|1138\n|gen|9\n|tier|[Gen 9 Champions] VGC 2026 Reg M-A\n|rated|\n|rule|Species Clause: Limit one of each Pok\u00e9mon\n|rule|Item Clause: Limit 1 of each item\n|clearpoke\n|poke|p1|Sneasler, L50, F, shiny|\n|poke|p1|Feraligatr, L50, F, shiny|\n|poke|p1|Talonflame, L50, M, shiny|\n|poke|p1|Kingambit, L50, F|\n|poke|p1|Gardevoir, L50, F, shiny|\n|poke|p1|Sinistcha, L50|\n|poke|p2|Tyranitar, L50, M|\n|poke|p2|Rotom-Wash, L50|\n|poke|p2|Scovillain, L50, F|\n|poke|p2|Scizor, L50, F|\n|poke|p2|Volcarona, L50, F|\n|poke|p2|Tinkaton, L50, F|\n|teampreview|4\n|inactive|Battle timer is ON: inactive players will automatically lose when time's up. (requested by Mitralix)\n|\n|t:|1776626787\n|teamsize|p1|4\n|teamsize|p2|4\n|start\n|switch|p1a: Sneasler|Sneasler, L50, F, shiny|100/100\n|switch|p1b: Feraligatr|Feraligatr, L50, F, shiny|100/100\n|switch|p2a: Tinkaton|Tinkaton, L50, F|100/100\n|switch|p2b: Volcarona|Volcarona, L50, F|100/100\n|turn|1\n|inactive|z3r0cool has 30 seconds left.\n|\n|t:|1776626812\n|detailschange|p1b: Feraligatr|Feraligatr-Mega, L50, F, shiny\n|-mega|p1b: Feraligatr|Feraligatr|Feraligite\n|move|p2a: Tinkaton|Fake Out|p1b: Feraligatr\n|-damage|p1b: Feraligatr|92/100\n|move|p1a: Sneasler|Coaching|p1b: Feraligatr\n|-boost|p1b: Feraligatr|atk|1\n|-boost|p1b: Feraligatr|def|1\n|move|p2b: Volcarona|Quiver Dance|p2b: Volcarona\n|-boost|p2b: Volcarona|spa|1\n|-boost|p2b: Volcarona|spd|1\n|-boost|p2b: Volcarona|spe|1\n|cant|p1b: Feraligatr|flinch\n|\n|upkeep\n|turn|2\n|inactive|z3r0cool has 30 seconds left.\n|inactive|Mitralix has 30 seconds left.\n|\n|t:|1776626840\n|move|p2b: Volcarona|Bug Buzz|p1b: Feraligatr\n|-damage|p1b: Feraligatr|0 fnt\n|faint|p1b: Feraligatr\n|move|p1a: Sneasler|Coaching|p1: Feraligatr|[notarget]\n|-fail|p1a: Sneasler\n|move|p2a: Tinkaton|Knock Off|p1a: Sneasler\n|-resisted|p1a: Sneasler|1\n|-damage|p1a: Sneasler|81/100\n|-enditem|p1a: Sneasler|Focus Sash|[from] move: Knock Off|[of] p2a: Tinkaton\n|\n|upkeep\n|\n|t:|1776626850\n|switch|p1b: Talonflame|Talonflame, L50, M, shiny|100/100\n|turn|3\n|\n|t:|1776626869\n|move|p2b: Volcarona|Protect|p2b: Volcarona\n|-singleturn|p2b: Volcarona|Protect\n|move|p1b: Talonflame|Tailwind|p1b: Talonflame\n|-sidestart|p1: z3r0cool|move: Tailwind\n|move|p1a: Sneasler|Close Combat|p2a: Tinkaton\n|-damage|p2a: Tinkaton|37/100\n|-unboost|p1a: Sneasler|def|1\n|-unboost|p1a: Sneasler|spd|1\n|-immune|p2a: Tinkaton\n|-enditem|p2a: Tinkaton|Sitrus Berry|[eat]\n|-heal|p2a: Tinkaton|61/100|[from] item: Sitrus Berry\n|move|p2a: Tinkaton|Knock Off|p1b: Talonflame\n|-damage|p1b: Talonflame|69/100\n|-enditem|p1b: Talonflame|White Herb|[from] move: Knock Off|[of] p2a: Tinkaton\n|\n|upkeep\n|turn|4\n|inactive|Mitralix has 30 seconds left.\n|\n|t:|1776626895\n|move|p1b: Talonflame|Brave Bird|p2b: Volcarona\n|-supereffective|p2b: Volcarona|1\n|-damage|p2b: Volcarona|0 fnt\n|faint|p2b: Volcarona\n|-damage|p1b: Talonflame|32/100|[from] Recoil\n|move|p1a: Sneasler|Close Combat|p2a: Tinkaton\n|-crit|p2a: Tinkaton\n|-damage|p2a: Tinkaton|0 fnt\n|-unboost|p1a: Sneasler|def|1\n|-unboost|p1a: Sneasler|spd|1\n|faint|p2a: Tinkaton\n|\n|upkeep\n|\n|t:|1776626907\n|switch|p2b: Rotom|Rotom-Wash, L50|100/100\n|switch|p2a: Scovillain|Scovillain, L50, F|100/100\n|turn|5\n|inactive|z3r0cool has 30 seconds left.\n|\n|t:|1776626940\n|move|p1b: Talonflame|Protect|p1b: Talonflame\n|-singleturn|p1b: Talonflame|Protect\n|move|p2a: Scovillain|Protect|p2a: Scovillain\n|-singleturn|p2a: Scovillain|Protect\n|move|p1a: Sneasler|Dire Claw|p2b: Rotom\n|-damage|p2b: Rotom|47/100\n|-status|p2b: Rotom|psn|[from] ability: Poison Touch|[of] p1a: Sneasler\n|move|p2b: Rotom|Electroweb|p1a: Sneasler|[spread] p1a\n|-activate|p1b: Talonflame|move: Protect\n|-damage|p1a: Sneasler|19/100\n|-unboost|p1a: Sneasler|spe|1\n|\n|-damage|p2b: Rotom|35/100 psn|[from] psn\n|-ability|p2a: Scovillain|Moody|boost\n|-boost|p2a: Scovillain|atk|2\n|-unboost|p2a: Scovillain|spd|1\n|upkeep\n|turn|6\n|inactive|z3r0cool has 30 seconds left.\n|\n|t:|1776626965\n|detailschange|p2a: Scovillain|Scovillain-Mega, L50, F\n|-mega|p2a: Scovillain|Scovillain|Scovillainite\n|move|p2a: Scovillain|Protect||[still]\n|-fail|p2a: Scovillain\n|move|p1b: Talonflame|Brave Bird|p2a: Scovillain\n|-supereffective|p2a: Scovillain|1\n|-damage|p2a: Scovillain|0 fnt\n|-immune|p1b: Talonflame\n|faint|p2a: Scovillain\n|-damage|p1b: Talonflame|0 fnt|[from] Recoil\n|faint|p1b: Talonflame\n|move|p1a: Sneasler|Dire Claw|p2b: Rotom\n|-damage|p2b: Rotom|0 fnt\n|faint|p2b: Rotom\n|\n|win|z3r0cool\n|raw|z3r0cool's rating: 1127 &rarr; <strong>1153</strong><br />(+26 for winning)\n|raw|Mitralix's rating: 1138 &rarr; <strong>1112</strong><br />(-26 for losing)\n|c|\u2606z3r0cool|gg\n|c|\u2606Mitralix|not realy\n|c|\u2606Mitralix|you didn t use your own team xD\n|c|\u2606z3r0cool|waah\n|l|\u2606Mitralix\n|player|p2|\n|c|\u2606z3r0cool|cant believe bug buzz KO'd feraligatr crazy damage\n",
  "uploadtime": 1776626980,
  "views": 9,
  "formatid": "gen9championsvgc2026regma",
  "rating": 1112,
  "private": 0,
  "password": null
}