{
  "id": "gen9championsvgc2026regma-2584327982",
  "format": "[Gen 9 Champions] VGC 2026 Reg M-A",
  "players": [
    "BunniYubel",
    "no_zoroark"
  ],
  "log": "|j|\u2606BunniYubel\n|j|\u2606no_zoroark\n|t:|1776251698\n|gametype|doubles\n|player|p1|BunniYubel|266|1204\n|player|p2|no_zoroark|265|1173\n|gen|9\n|tier|[Gen 9 Champions] VGC 2026 Reg M-A\n|rated|\n|rule|Species Clause: Limit one of each Pok\u00e9mon\n|rule|Item Clause: Limit 1 of each item\n|clearpoke\n|poke|p1|Tyranitar, L50, F|\n|poke|p1|Incineroar, L50, M|\n|poke|p1|Meganium, L50, M|\n|poke|p1|Excadrill, L50, M|\n|poke|p1|Sneasler, L50, M|\n|poke|p1|Farigiraf, L50, M|\n|poke|p2|Glimmora, L50, M|\n|poke|p2|Tyranitar, L50, F|\n|poke|p2|Mamoswine, L50, M|\n|poke|p2|Corviknight, L50, M|\n|poke|p2|Zoroark-Hisui, L50, F|\n|poke|p2|Umbreon, L50, M|\n|teampreview|4\n|\n|t:|1776251761\n|teamsize|p1|4\n|teamsize|p2|4\n|start\n|switch|p1a: Meganium|Meganium, L50, M|100/100\n|switch|p1b: Sneasler|Sneasler, L50, M|100/100\n|switch|p2a: Umbreon|Umbreon, L50, M, shiny|100/100\n|switch|p2b: Glimmora|Glimmora, L50, M, shiny|100/100\n|turn|1\n|inactive|Battle timer is ON: inactive players will automatically lose when time's up. (requested by BunniYubel)\n|\n|t:|1776251792\n|move|p1a: Meganium|Protect|p1a: Meganium\n|-singleturn|p1a: Meganium|Protect\n|move|p1b: Sneasler|Close Combat|p2b: Glimmora\n|-immune|p2b: Glimmora\n|move|p2b: Glimmora|Psychic|p1b: Sneasler\n|-supereffective|p1b: Sneasler|2\n|-damage|p1b: Sneasler|0 fnt\n|faint|p1b: Sneasler\n|move|p2a: Umbreon|Yawn|p1a: Meganium\n|-activate|p1a: Meganium|move: Protect\n|\n|upkeep\n|inactive|BunniYubel has 30 seconds left.\n|\n|t:|1776251822\n|switch|p1b: Excadrill|Excadrill, L50, M|100/100\n|turn|2\n|inactive|no_zoroark has 30 seconds left.\n|\n|t:|1776251849\n|detailschange|p1a: Meganium|Meganium-Mega, L50, M\n|-mega|p1a: Meganium|Meganium|Meganiumite\n|move|p2b: Glimmora|Shadow Ball|p1b: Excadrill\n|-damage|p1b: Excadrill|47/100\n|-unboost|p1b: Excadrill|spd|1\n|move|p1b: Excadrill|High Horsepower|p2b: Glimmora\n|-enditem|p2b: Glimmora|Focus Sash\n|-damage|p2b: Glimmora|1/100\n|replace|p2b: Zoroark|Zoroark-Hisui, L50, F, shiny\n|-end|p2b: Zoroark|Illusion\n|move|p1a: Meganium|Dazzling Gleam|p2a: Umbreon|[spread] p2a,p2b\n|-supereffective|p2a: Umbreon|1\n|-damage|p2a: Umbreon|58/100\n|-damage|p2b: Zoroark|0 fnt\n|faint|p2b: Zoroark\n|move|p2a: Umbreon|Foul Play|p1b: Excadrill\n|-damage|p1b: Excadrill|0 fnt\n|faint|p1b: Excadrill\n|\n|-heal|p2a: Umbreon|64/100|[from] item: Leftovers\n|upkeep\n|\n|t:|1776251873\n|switch|p2b: Glimmora|Glimmora, L50, M, shiny|100/100\n|switch|p1b: Farigiraf|Farigiraf, L50, M|100/100\n|turn|3\n|\n|t:|1776251887\n|move|p2b: Glimmora|Spiky Shield|p2b: Glimmora\n|-singleturn|p2b: Glimmora|move: Protect\n|move|p1a: Meganium|Protect|p1a: Meganium\n|-singleturn|p1a: Meganium|Protect\n|move|p2a: Umbreon|Snarl|p1b: Farigiraf|[spread] p1b\n|-activate|p1a: Meganium|move: Protect\n|-supereffective|p1b: Farigiraf|1\n|-damage|p1b: Farigiraf|76/100\n|-unboost|p1b: Farigiraf|spa|1\n|move|p1b: Farigiraf|Trick Room|p1b: Farigiraf\n|-fieldstart|move: Trick Room|[of] p1b: Farigiraf\n|\n|-heal|p2a: Umbreon|70/100|[from] item: Leftovers\n|upkeep\n|turn|4\n|\n|t:|1776251910\n|detailschange|p2b: Glimmora|Glimmora-Mega, L50, M, shiny\n|-mega|p2b: Glimmora|Glimmora|Glimmoranite\n|move|p2a: Umbreon|Snarl|p1a: Meganium|[spread] p1a,p1b\n|-resisted|p1a: Meganium|1\n|-supereffective|p1b: Farigiraf|1\n|-damage|p1a: Meganium|96/100\n|-damage|p1b: Farigiraf|54/100\n|-unboost|p1a: Meganium|spa|1\n|-unboost|p1b: Farigiraf|spa|1\n|move|p1b: Farigiraf|Hyper Voice|p2a: Umbreon|[spread] p2a,p2b\n|-resisted|p2b: Glimmora|1\n|-damage|p2a: Umbreon|60/100\n|-damage|p2b: Glimmora|91/100\n|move|p1a: Meganium|Solar Beam||[still]\n|-prepare|p1a: Meganium|Solar Beam\n|-activate|p1a: Meganium|ability: Mega Sol\n|-anim|p1a: Meganium|Solar Beam|p2b: Glimmora\n|-crit|p2b: Glimmora\n|-damage|p2b: Glimmora|0 fnt\n|faint|p2b: Glimmora\n|\n|-heal|p2a: Umbreon|66/100|[from] item: Leftovers\n|upkeep\n|\n|t:|1776251930\n|switch|p2b: Corviknight|Corviknight, L50, M|100/100\n|turn|5\n|\n|t:|1776251944\n|move|p1a: Meganium|Protect|p1a: Meganium\n|-singleturn|p1a: Meganium|Protect\n|move|p2a: Umbreon|Snarl|p1a: Meganium|[spread] p1b\n|-activate|p1a: Meganium|move: Protect\n|-supereffective|p1b: Farigiraf|1\n|-damage|p1b: Farigiraf|33/100\n|-unboost|p1b: Farigiraf|spa|1\n|move|p2b: Corviknight|Iron Head|p1a: Meganium\n|-activate|p1a: Meganium|move: Protect\n|move|p1b: Farigiraf|Trick Room|p1b: Farigiraf\n|-fieldend|move: Trick Room\n|\n|-heal|p2a: Umbreon|72/100|[from] item: Leftovers\n|upkeep\n|turn|6\n|\n|t:|1776251959\n|move|p1a: Meganium|Weather Ball|p2b: Corviknight\n|-supereffective|p2b: Corviknight|1\n|-damage|p2b: Corviknight|26/100\n|-enditem|p2b: Corviknight|Sitrus Berry|[eat]\n|-heal|p2b: Corviknight|51/100|[from] item: Sitrus Berry\n|move|p2b: Corviknight|Iron Head|p1a: Meganium\n|-supereffective|p1a: Meganium|1\n|-damage|p1a: Meganium|46/100\n|move|p1b: Farigiraf|Hyper Voice|p2b: Corviknight|[spread] p2a,p2b\n|-resisted|p2b: Corviknight|1\n|-damage|p2a: Umbreon|64/100\n|-damage|p2b: Corviknight|45/100\n|move|p2a: Umbreon|Snarl|p1a: Meganium|[spread] p1a,p1b\n|-resisted|p1a: Meganium|1\n|-supereffective|p1b: Farigiraf|1\n|-damage|p1a: Meganium|41/100\n|-damage|p1b: Farigiraf|10/100\n|-unboost|p1a: Meganium|spa|1\n|-unboost|p1b: Farigiraf|spa|1\n|\n|-heal|p2a: Umbreon|70/100|[from] item: Leftovers\n|upkeep\n|turn|7\n|inactive|no_zoroark has 30 seconds left.\n|\n|t:|1776251986\n|move|p1a: Meganium|Weather Ball|p2b: Corviknight\n|-supereffective|p2b: Corviknight|1\n|-damage|p2b: Corviknight|0 fnt\n|faint|p2b: Corviknight\n|move|p1b: Farigiraf|Hyper Voice|p2a: Umbreon\n|-damage|p2a: Umbreon|60/100\n|move|p2a: Umbreon|Snarl|p1b: Farigiraf|[spread] p1a,p1b\n|-resisted|p1a: Meganium|1\n|-supereffective|p1b: Farigiraf|1\n|-damage|p1a: Meganium|37/100\n|-damage|p1b: Farigiraf|0 fnt\n|-unboost|p1a: Meganium|spa|1\n|faint|p1b: Farigiraf\n|\n|-heal|p2a: Umbreon|66/100|[from] item: Leftovers\n|upkeep\n|turn|8\n|\n|t:|1776252003\n|move|p1a: Meganium|Dazzling Gleam|p2a: Umbreon\n|-supereffective|p2a: Umbreon|1\n|-damage|p2a: Umbreon|39/100\n|move|p2a: Umbreon|Yawn|p1a: Meganium\n|-start|p1a: Meganium|move: Yawn|[of] p2a: Umbreon\n|\n|-heal|p2a: Umbreon|45/100|[from] item: Leftovers\n|upkeep\n|turn|9\n|\n|t:|1776252017\n|move|p1a: Meganium|Dazzling Gleam|p2a: Umbreon\n|-supereffective|p2a: Umbreon|1\n|-damage|p2a: Umbreon|21/100\n|move|p2a: Umbreon|Snarl|p1a: Meganium\n|-resisted|p1a: Meganium|1\n|-damage|p1a: Meganium|31/100\n|-unboost|p1a: Meganium|spa|1\n|\n|-heal|p2a: Umbreon|27/100|[from] item: Leftovers\n|-end|p1a: Meganium|move: Yawn|[silent]\n|-status|p1a: Meganium|slp\n|upkeep\n|turn|10\n|\n|t:|1776252028\n|cant|p1a: Meganium|slp\n|move|p2a: Umbreon|Foul Play|p1a: Meganium\n|-resisted|p1a: Meganium|1\n|-damage|p1a: Meganium|20/100 slp\n|\n|-heal|p2a: Umbreon|33/100|[from] item: Leftovers\n|upkeep\n|turn|11\n|\n|t:|1776252038\n|-curestatus|p1a: Meganium|slp|[msg]\n|move|p1a: Meganium|Dazzling Gleam|p2a: Umbreon\n|-supereffective|p2a: Umbreon|1\n|-damage|p2a: Umbreon|14/100\n|move|p2a: Umbreon|Foul Play|p1a: Meganium\n|-resisted|p1a: Meganium|1\n|-damage|p1a: Meganium|7/100\n|\n|-heal|p2a: Umbreon|20/100|[from] item: Leftovers\n|upkeep\n|turn|12\n|\n|t:|1776252046\n|move|p1a: Meganium|Dazzling Gleam|p2a: Umbreon\n|-supereffective|p2a: Umbreon|1\n|-damage|p2a: Umbreon|0 fnt\n|faint|p2a: Umbreon\n|\n|win|BunniYubel\n|raw|BunniYubel's rating: 1204 &rarr; <strong>1227</strong><br />(+23 for winning)\n|raw|no_zoroark's rating: 1173 &rarr; <strong>1150</strong><br />(-23 for losing)\n|l|\u2606no_zoroark\n|player|p2|\n",
  "uploadtime": 1776252064,
  "views": 29,
  "formatid": "gen9championsvgc2026regma",
  "rating": 1150,
  "private": 0,
  "password": null
}