{
  "id": "gen9championsvgc2026regma-2586006927",
  "format": "[Gen 9 Champions] VGC 2026 Reg M-A",
  "players": [
    "abacusdestroyer",
    "Odoaiden"
  ],
  "log": "|j|\u2606abacusdestroyer\n|j|\u2606Odoaiden\n|t:|1776389657\n|gametype|doubles\n|player|p1|abacusdestroyer|benga|1328\n|player|p2|Odoaiden|blaine|1418\n|gen|9\n|tier|[Gen 9 Champions] VGC 2026 Reg M-A\n|rated|\n|rule|Species Clause: Limit one of each Pok\u00e9mon\n|rule|Item Clause: Limit 1 of each item\n|clearpoke\n|poke|p1|Hawlucha, L50, F|\n|poke|p1|Empoleon, L50, F|\n|poke|p1|Gengar, L50, F|\n|poke|p1|Noivern, L50, M|\n|poke|p1|Sableye, L50, M|\n|poke|p1|Kingambit, L50, F|\n|poke|p2|Kangaskhan, L50, F|\n|poke|p2|Aerodactyl, L50, M|\n|poke|p2|Garchomp, L50, M|\n|poke|p2|Basculegion, L50, M|\n|poke|p2|Sylveon, L50, F|\n|poke|p2|Incineroar, L50, F|\n|teampreview|4\n|inactive|Battle timer is ON: inactive players will automatically lose when time's up. (requested by Odoaiden)\n|inactive|abacusdestroyer has 60 seconds left.\n|inactive|Odoaiden has 60 seconds left.\n|inactive|abacusdestroyer has 30 seconds left.\n|inactive|abacusdestroyer has 20 seconds left.\n|inactive|abacusdestroyer has 15 seconds left.\n|inactive|abacusdestroyer has 10 seconds left.\n|\n|t:|1776389739\n|teamsize|p1|4\n|teamsize|p2|4\n|start\n|switch|p1a: Gengar|Gengar, L50, F|100/100\n|switch|p1b: Sableye|Sableye, L50, M|100/100\n|switch|p2a: Basculegion|Basculegion, L50, M|100/100\n|switch|p2b: Aerodactyl|Aerodactyl, L50, M|100/100\n|-ability|p2b: Aerodactyl|Unnerve\n|turn|1\n|\n|t:|1776389754\n|detailschange|p1a: Gengar|Gengar-Mega, L50, F\n|-mega|p1a: Gengar|Gengar|Gengarite\n|move|p1b: Sableye|Fake Out|p2b: Aerodactyl\n|-resisted|p2b: Aerodactyl|1\n|-damage|p2b: Aerodactyl|94/100\n|move|p2a: Basculegion|Flip Turn|p1a: Gengar\n|-damage|p1a: Gengar|39/100\n|\n|t:|1776389761\n|switch|p2a: Garchomp|Garchomp, L50, M|100/100|[from] Flip Turn\n|cant|p2b: Aerodactyl|flinch\n|move|p1a: Gengar|Shadow Ball|p2a: Garchomp\n|-damage|p2a: Garchomp|49/100\n|\n|upkeep\n|turn|2\n|l|\u2606Odoaiden\n|inactive|Odoaiden disconnected and has a minute to reconnect!\n|player|p2|\n|inactive|abacusdestroyer has 30 seconds left.\n|j|\u2606Odoaiden\n|inactive|Odoaiden reconnected.\n|player|p2|Odoaiden|blaine|\n|inactive|abacusdestroyer has 20 seconds left.\n|\n|t:|1776389800\n|move|p1b: Sableye|Protect|p1b: Sableye\n|-singleturn|p1b: Sableye|Protect\n|move|p2a: Garchomp|Protect|p2a: Garchomp\n|-singleturn|p2a: Garchomp|Protect\n|move|p1a: Gengar|Shadow Ball|p2a: Garchomp\n|-activate|p2a: Garchomp|move: Protect\n|move|p2b: Aerodactyl|Tailwind|p2b: Aerodactyl\n|-sidestart|p2: Odoaiden|move: Tailwind\n|\n|upkeep\n|turn|3\n|\n|t:|1776389825\n|move|p1b: Sableye|Encore|p2a: Garchomp\n|-start|p2a: Garchomp|Encore\n|move|p2a: Garchomp|Protect||[still]\n|-fail|p2a: Garchomp\n|move|p2b: Aerodactyl|Rock Slide|p1a: Gengar|[spread] p1a\n|-miss|p2b: Aerodactyl|p1b: Sableye\n|-damage|p1a: Gengar|1/100\n|move|p1a: Gengar|Shadow Ball|p2b: Aerodactyl\n|-damage|p2b: Aerodactyl|25/100\n|\n|upkeep\n|turn|4\n|inactive|abacusdestroyer has 30 seconds left.\n|\n|t:|1776389859\n|move|p2a: Garchomp|Protect|p2a: Garchomp\n|-singleturn|p2a: Garchomp|Protect\n|move|p1b: Sableye|Disable|p2b: Aerodactyl\n|-start|p2b: Aerodactyl|Disable|Rock Slide\n|cant|p2b: Aerodactyl|Disable|Rock Slide\n|move|p1a: Gengar|Shadow Ball|p2b: Aerodactyl\n|-damage|p2b: Aerodactyl|0 fnt\n|faint|p2b: Aerodactyl\n|\n|upkeep\n|\n|t:|1776389871\n|switch|p2b: Basculegion|Basculegion, L50, M|100/100\n|turn|5\n|inactive|abacusdestroyer has 30 seconds left.\n|inactive|abacusdestroyer has 20 seconds left.\n|inactive|abacusdestroyer has 15 seconds left.\n|inactive|abacusdestroyer has 10 seconds left.\n|\n|t:|1776389919\n|switch|p1a: Kingambit|Kingambit, L50, F|100/100\n|switch|p1b: Empoleon|Empoleon, L50, F|100/100\n|move|p2a: Garchomp|Protect||[still]\n|-fail|p2a: Garchomp\n|move|p2b: Basculegion|Wave Crash|p1a: Kingambit\n|-damage|p1a: Kingambit|49/100\n|-damage|p2b: Basculegion|83/100|[from] Recoil\n|\n|-end|p2a: Garchomp|Encore\n|-sideend|p2: Odoaiden|move: Tailwind\n|upkeep\n|turn|6\n|\n|t:|1776389941\n|move|p1a: Kingambit|Sucker Punch|p2a: Garchomp\n|-damage|p2a: Garchomp|0 fnt\n|-damage|p1a: Kingambit|36/100|[from] ability: Rough Skin|[of] p2a: Garchomp\n|faint|p2a: Garchomp\n|move|p2b: Basculegion|Wave Crash|p1b: Empoleon\n|-resisted|p1b: Empoleon|1\n|-damage|p1b: Empoleon|62/100\n|-damage|p2b: Basculegion|70/100|[from] Recoil\n|move|p1b: Empoleon|Hydro Pump|p2b: Basculegion\n|-resisted|p2b: Basculegion|1\n|-damage|p2b: Basculegion|36/100\n|\n|upkeep\n|\n|t:|1776389943\n|switch|p2a: Kangaskhan|Kangaskhan, L50, F|100/100\n|turn|7\n|\n|t:|1776389954\n|detailschange|p2a: Kangaskhan|Kangaskhan-Mega, L50, F\n|-mega|p2a: Kangaskhan|Kangaskhan|Kangaskhanite\n|move|p1b: Empoleon|Protect|p1b: Empoleon\n|-singleturn|p1b: Empoleon|Protect\n|move|p1a: Kingambit|Protect|p1a: Kingambit\n|-singleturn|p1a: Kingambit|Protect\n|move|p2a: Kangaskhan|Fake Out|p1a: Kingambit\n|-activate|p1a: Kingambit|move: Protect\n|move|p2b: Basculegion|Wave Crash|p1a: Kingambit\n|-activate|p1a: Kingambit|move: Protect\n|\n|upkeep\n|turn|8\n|\n|t:|1776389972\n|move|p1a: Kingambit|Sucker Punch|p2b: Basculegion\n|-supereffective|p2b: Basculegion|1\n|-damage|p2b: Basculegion|0 fnt\n|faint|p2b: Basculegion\n|move|p2a: Kangaskhan|Low Kick|p1a: Kingambit\n|-supereffective|p1a: Kingambit|2\n|-damage|p1a: Kingambit|0 fnt\n|faint|p1a: Kingambit\n|-hitcount|p1: Kingambit|1\n|move|p1b: Empoleon|Flash Cannon|p2a: Kangaskhan\n|-damage|p2a: Kangaskhan|65/100\n|\n|upkeep\n|\n|t:|1776389981\n|switch|p1a: Sableye|Sableye, L50, M|100/100\n|turn|9\n|\n|t:|1776389990\n|move|p1a: Sableye|Fake Out|p2a: Kangaskhan\n|-damage|p2a: Kangaskhan|58/100\n|cant|p2a: Kangaskhan|flinch\n|move|p1b: Empoleon|Flash Cannon|p2a: Kangaskhan\n|-damage|p2a: Kangaskhan|25/100\n|\n|upkeep\n|turn|10\n|-message|Odoaiden forfeited.\n|\n|win|abacusdestroyer\n|raw|abacusdestroyer's rating: 1328 &rarr; <strong>1353</strong><br />(+25 for winning)\n|raw|Odoaiden's rating: 1418 &rarr; <strong>1393</strong><br />(-25 for losing)\n|l|\u2606Odoaiden\n|player|p2|\n",
  "uploadtime": 1776389999,
  "views": 39,
  "formatid": "gen9championsvgc2026regma",
  "rating": 1353,
  "private": 0,
  "password": null
}