{
  "id": "gen9championsvgc2026regma-2586816690",
  "format": "[Gen 9 Champions] VGC 2026 Reg M-A",
  "players": [
    "dragonroi",
    "Jay Jingles"
  ],
  "log": "|j|\u2606dragonroi\n|j|\u2606Jay Jingles\n|t:|1776462295\n|gametype|doubles\n|player|p1|dragonroi|n|1127\n|player|p2|Jay Jingles|2|1126\n|gen|9\n|tier|[Gen 9 Champions] VGC 2026 Reg M-A\n|rated|\n|rule|Species Clause: Limit one of each Pok\u00e9mon\n|rule|Item Clause: Limit 1 of each item\n|clearpoke\n|poke|p1|Charizard, L50, F|\n|poke|p1|Venusaur, L50, M|\n|poke|p1|Garchomp, L50, F|\n|poke|p1|Whimsicott, L50, M|\n|poke|p1|Sneasler, L50, M|\n|poke|p1|Milotic, L50, F|\n|poke|p2|Crabominable, L50, M|\n|poke|p2|Froslass, L50, F|\n|poke|p2|Arcanine-Hisui, L50, F|\n|poke|p2|Rotom-Wash, L50|\n|poke|p2|Farigiraf, L50, M|\n|poke|p2|Sableye, L50, M|\n|teampreview|4\n|inactive|Battle timer is ON: inactive players will automatically lose when time's up. (requested by Jay Jingles)\n|inactive|dragonroi has 60 seconds left.\n|inactive|Jay Jingles has 60 seconds left.\n|\n|t:|1776462344\n|teamsize|p1|4\n|teamsize|p2|4\n|start\n|switch|p1a: Charizard|Charizard, L50, F|100/100\n|switch|p1b: Garchomp|Garchomp, L50, F|100/100\n|switch|p2a: Sableye|Sableye, L50, M|100/100\n|switch|p2b: Arcanine|Arcanine-Hisui, L50, F|100/100\n|-ability|p2b: Arcanine|Intimidate|boost\n|-unboost|p1a: Charizard|atk|1\n|-unboost|p1b: Garchomp|atk|1\n|turn|1\n|\n|t:|1776462358\n|detailschange|p1a: Charizard|Charizard-Mega-Y, L50, F\n|-mega|p1a: Charizard|Charizard|Charizardite Y\n|-weather|SunnyDay|[from] ability: Drought|[of] p1a: Charizard\n|move|p1a: Charizard|Protect|p1a: Charizard\n|-singleturn|p1a: Charizard|Protect\n|move|p2b: Arcanine|Protect|p2b: Arcanine\n|-singleturn|p2b: Arcanine|Protect\n|move|p2a: Sableye|Will-O-Wisp|p1b: Garchomp\n|-status|p1b: Garchomp|brn\n|move|p1b: Garchomp|Earthquake|p2b: Arcanine|[spread] p2a\n|-activate|p1a: Charizard|move: Protect\n|-activate|p2b: Arcanine|move: Protect\n|-damage|p2a: Sableye|81/100\n|\n|-weather|SunnyDay|[upkeep]\n|-damage|p1b: Garchomp|95/100 brn|[from] brn\n|upkeep\n|turn|2\n|inactive|dragonroi has 30 seconds left.\n|inactive|Jay Jingles has 30 seconds left.\n|inactive|dragonroi has 20 seconds left.\n|\n|t:|1776462393\n|move|p2a: Sableye|Quash|p1a: Charizard\n|-activate|p1a: Charizard|move: Quash\n|move|p1b: Garchomp|Earthquake|p2b: Arcanine|[spread] p2a,p2b\n|-immune|p1a: Charizard\n|-supereffective|p2b: Arcanine|2\n|-damage|p2a: Sableye|62/100\n|-damage|p2b: Arcanine|33/100\n|move|p2b: Arcanine|Rock Slide|p1a: Charizard|[spread] p1a,p1b\n|-supereffective|p1a: Charizard|2\n|-resisted|p1b: Garchomp|1\n|-damage|p1a: Charizard|0 fnt\n|-damage|p1b: Garchomp|79/100 brn\n|faint|p1a: Charizard\n|\n|-weather|SunnyDay|[upkeep]\n|-damage|p1b: Garchomp|73/100 brn|[from] brn\n|upkeep\n|\n|t:|1776462403\n|switch|p1a: Venusaur|Venusaur, L50, M|100/100\n|turn|3\n|\n|t:|1776462410\n|move|p1a: Venusaur|Protect|p1a: Venusaur\n|-singleturn|p1a: Venusaur|Protect\n|move|p2a: Sableye|Quash|p1a: Venusaur\n|-activate|p1a: Venusaur|move: Protect\n|move|p1b: Garchomp|Earthquake|p2b: Arcanine|[spread] p2a,p2b\n|-activate|p1a: Venusaur|move: Protect\n|-supereffective|p2b: Arcanine|2\n|-damage|p2a: Sableye|43/100\n|-damage|p2b: Arcanine|0 fnt\n|faint|p2b: Arcanine\n|\n|-weather|SunnyDay|[upkeep]\n|-damage|p1b: Garchomp|68/100 brn|[from] brn\n|upkeep\n|\n|t:|1776462414\n|switch|p2b: Froslass|Froslass, L50, F|100/100\n|turn|4\n|\n|t:|1776462433\n|switch|p1b: Sneasler|Sneasler, L50, M|100/100\n|detailschange|p2b: Froslass|Froslass-Mega, L50, F\n|-mega|p2b: Froslass|Froslass|Froslassite\n|-weather|Snowscape|[from] ability: Snow Warning|[of] p2b: Froslass\n|move|p2a: Sableye|Encore|p1a: Venusaur\n|-start|p1a: Venusaur|Encore\n|move|p1a: Venusaur|Protect|p1a: Venusaur\n|-singleturn|p1a: Venusaur|Protect\n|move|p2b: Froslass|Blizzard|p1b: Sneasler|[spread] p1b\n|-activate|p1a: Venusaur|move: Protect\n|-damage|p1b: Sneasler|34/100\n|\n|-weather|Snowscape|[upkeep]\n|upkeep\n|turn|5\n|\n|t:|1776462454\n|switch|p1a: Garchomp|Garchomp, L50, F|68/100 brn\n|move|p2a: Sableye|Quash|p1b: Sneasler\n|-activate|p1b: Sneasler|move: Quash\n|move|p2b: Froslass|Blizzard|p1b: Sneasler|[spread] p1a,p1b\n|-supereffective|p1a: Garchomp|2\n|-damage|p1a: Garchomp|0 fnt\n|-damage|p1b: Sneasler|0 fnt\n|faint|p1a: Garchomp\n|faint|p1b: Sneasler\n|\n|-weather|Snowscape|[upkeep]\n|upkeep\n|\n|t:|1776462462\n|switch|p1b: Venusaur|Venusaur, L50, M|100/100\n|turn|6\n|\n|t:|1776462472\n|move|p2a: Sableye|Will-O-Wisp|p1b: Venusaur\n|-status|p1b: Venusaur|brn\n|move|p2b: Froslass|Blizzard|p1b: Venusaur\n|-supereffective|p1b: Venusaur|1\n|-damage|p1b: Venusaur|0 fnt\n|faint|p1b: Venusaur\n|\n|win|Jay Jingles\n|raw|dragonroi's rating: 1127 &rarr; <strong>1102</strong><br />(-25 for losing)\n|raw|Jay Jingles's rating: 1126 &rarr; <strong>1151</strong><br />(+25 for winning)\n|l|\u2606dragonroi\n|player|p1|\n",
  "uploadtime": 1776462483,
  "views": 26,
  "formatid": "gen9championsvgc2026regma",
  "rating": 1102,
  "private": 0,
  "password": null
}