{
  "id": "gen9championsvgc2026regma-2583237821",
  "format": "[Gen 9 Champions] VGC 2026 Reg M-A",
  "players": [
    "faric",
    "donkdilldhany"
  ],
  "log": "|j|\u2606faric\n|j|\u2606donkdilldhany\n|t:|1776158164\n|gametype|doubles\n|player|p1|faric|266|1172\n|player|p2|donkdilldhany|schoolkid-gen4|1211\n|gen|9\n|tier|[Gen 9 Champions] VGC 2026 Reg M-A\n|rated|\n|rule|Species Clause: Limit one of each Pok\u00e9mon\n|rule|Item Clause: Limit 1 of each item\n|clearpoke\n|poke|p1|Charizard, L50, F|\n|poke|p1|Garchomp, L50, M|\n|poke|p1|Rotom-Wash, L50|\n|poke|p1|Incineroar, L50, M|\n|poke|p1|Sneasler, L50, M|\n|poke|p1|Whimsicott, L50, M|\n|poke|p2|Milotic, L50, F|\n|poke|p2|Basculegion, L50, M|\n|poke|p2|Lycanroc-Dusk, L50, M|\n|poke|p2|Gardevoir, L50, F|\n|poke|p2|Froslass, L50, F|\n|poke|p2|Whimsicott, L50, F|\n|teampreview|4\n|inactive|Battle timer is ON: inactive players will automatically lose when time's up. (requested by faric)\n|inactive|faric has 60 seconds left.\n|inactive|donkdilldhany has 60 seconds left.\n|\n|t:|1776158225\n|teamsize|p1|4\n|teamsize|p2|4\n|start\n|switch|p1a: Charizard|Charizard, L50, F|100/100\n|switch|p1b: Incineroar|Incineroar, L50, M|100/100\n|switch|p2a: Lycanroc|Lycanroc-Dusk, L50, M|100/100\n|switch|p2b: Froslass|Froslass, L50, F|100/100\n|-ability|p1b: Incineroar|Intimidate|boost\n|-unboost|p2a: Lycanroc|atk|1\n|-unboost|p2b: Froslass|atk|1\n|-enditem|p2a: Lycanroc|White Herb\n|-clearnegativeboost|p2a: Lycanroc|[silent]\n|turn|1\n|\n|t:|1776158246\n|move|p2b: Froslass|Protect|p2b: Froslass\n|-singleturn|p2b: Froslass|Protect\n|move|p1a: Charizard|Protect|p1a: Charizard\n|-singleturn|p1a: Charizard|Protect\n|move|p1b: Incineroar|Fake Out|p2a: Lycanroc\n|-resisted|p2a: Lycanroc|1\n|-damage|p2a: Lycanroc|89/100\n|cant|p2a: Lycanroc|flinch\n|\n|upkeep\n|turn|2\n|\n|t:|1776158276\n|switch|p1b: Rotom|Rotom-Wash, L50|100/100\n|detailschange|p1a: Charizard|Charizard-Mega-Y, L50, F\n|-mega|p1a: Charizard|Charizard|Charizardite Y\n|-weather|SunnyDay|[from] ability: Drought|[of] p1a: Charizard\n|move|p2a: Lycanroc|Accelerock|p1a: Charizard\n|-supereffective|p1a: Charizard|2\n|-damage|p1a: Charizard|0 fnt\n|faint|p1a: Charizard\n|move|p2b: Froslass|Taunt|p1b: Rotom\n|-start|p1b: Rotom|move: Taunt\n|\n|-weather|SunnyDay|[upkeep]\n|upkeep\n|\n|t:|1776158288\n|switch|p1a: Whimsicott|Whimsicott, L50, M|100/100\n|turn|3\n|inactive|donkdilldhany has 30 seconds left.\n|\n|t:|1776158319\n|switch|p2a: Milotic|Milotic, L50, F|100/100\n|detailschange|p2b: Froslass|Froslass-Mega, L50, F\n|-mega|p2b: Froslass|Froslass|Froslassite\n|-weather|Snowscape|[from] ability: Snow Warning|[of] p2b: Froslass\n|move|p1a: Whimsicott|Encore|p2b: Froslass\n|-start|p2b: Froslass|Encore\n|move|p2b: Froslass|Taunt||[still]\n|-fail|p2b: Froslass\n|move|p1b: Rotom|Hydro Pump|p2a: Milotic\n|-resisted|p2a: Milotic|1\n|-damage|p2a: Milotic|79/100\n|\n|-weather|Snowscape|[upkeep]\n|-heal|p2a: Milotic|85/100|[from] item: Leftovers\n|upkeep\n|turn|4\n|\n|t:|1776158340\n|move|p2b: Froslass|Taunt|p1a: Whimsicott\n|-start|p1a: Whimsicott|move: Taunt\n|move|p1a: Whimsicott|Moonblast|p2b: Froslass\n|-damage|p2b: Froslass|58/100\n|move|p2a: Milotic|Icy Wind|p1a: Whimsicott|[spread] p1b\n|-miss|p2a: Milotic|p1a: Whimsicott\n|-resisted|p1b: Rotom|1\n|-damage|p1b: Rotom|94/100\n|-unboost|p1b: Rotom|spe|1\n|move|p1b: Rotom|Thunderbolt|p2a: Milotic\n|-supereffective|p2a: Milotic|1\n|-damage|p2a: Milotic|19/100\n|\n|-weather|Snowscape|[upkeep]\n|-heal|p2a: Milotic|25/100|[from] item: Leftovers\n|-heal|p1b: Rotom|99/100|[from] item: Leftovers\n|-end|p1b: Rotom|move: Taunt\n|upkeep\n|turn|5\n|\n|t:|1776158357\n|switch|p2b: Basculegion|Basculegion, L50, M|100/100\n|move|p2a: Milotic|Protect|p2a: Milotic\n|-singleturn|p2a: Milotic|Protect\n|move|p1a: Whimsicott|Moonblast|p2b: Basculegion\n|-damage|p2b: Basculegion|56/100\n|move|p1b: Rotom|Volt Switch|p2a: Milotic\n|-activate|p2a: Milotic|move: Protect\n|\n|-weather|Snowscape|[upkeep]\n|-heal|p2a: Milotic|31/100|[from] item: Leftovers\n|-heal|p1b: Rotom|100/100|[from] item: Leftovers\n|upkeep\n|turn|6\n|\n|t:|1776158376\n|switch|p1b: Incineroar|Incineroar, L50, M|100/100\n|-ability|p1b: Incineroar|Intimidate|boost\n|-unboost|p2a: Milotic|atk|1\n|-ability|p2a: Milotic|Competitive|boost\n|-boost|p2a: Milotic|spa|2\n|-unboost|p2b: Basculegion|atk|1\n|move|p2a: Milotic|Helping Hand|p2b: Basculegion\n|-singleturn|p2b: Basculegion|Helping Hand|[of] p2a: Milotic\n|move|p2b: Basculegion|Ice Fang|p1a: Whimsicott\n|-supereffective|p1a: Whimsicott|1\n|-damage|p1a: Whimsicott|42/100\n|cant|p1a: Whimsicott|flinch\n|\n|-weather|Snowscape|[upkeep]\n|-heal|p2a: Milotic|37/100|[from] item: Leftovers\n|-end|p1a: Whimsicott|move: Taunt\n|upkeep\n|turn|7\n|inactive|faric has 30 seconds left.\n|inactive|donkdilldhany has 30 seconds left.\n|\n|t:|1776158409\n|switch|p2a: Froslass|Froslass-Mega, L50, F|58/100\n|move|p1a: Whimsicott|Tailwind|p1a: Whimsicott\n|-sidestart|p1: faric|move: Tailwind\n|move|p2b: Basculegion|Ice Fang|p1a: Whimsicott\n|-supereffective|p1a: Whimsicott|1\n|-damage|p1a: Whimsicott|3/100\n|move|p1b: Incineroar|Darkest Lariat|p2b: Basculegion\n|-supereffective|p2b: Basculegion|1\n|-damage|p2b: Basculegion|0 fnt\n|faint|p2b: Basculegion\n|\n|-weather|none\n|upkeep\n|\n|t:|1776158423\n|switch|p2b: Lycanroc|Lycanroc-Dusk, L50, M|89/100\n|turn|8\n|inactive|faric has 30 seconds left.\n|\n|t:|1776158451\n|switch|p2a: Milotic|Milotic, L50, F|37/100\n|switch|p1b: Rotom|Rotom-Wash, L50|100/100\n|move|p1a: Whimsicott|Protect|p1a: Whimsicott\n|-singleturn|p1a: Whimsicott|Protect\n|move|p2b: Lycanroc|Accelerock|p1a: Whimsicott\n|-activate|p1a: Whimsicott|move: Protect\n|\n|-heal|p2a: Milotic|43/100|[from] item: Leftovers\n|upkeep\n|turn|9\n|\n|t:|1776158469\n|move|p1a: Whimsicott|Encore|p2b: Lycanroc\n|-start|p2b: Lycanroc|Encore\n|move|p2b: Lycanroc|Accelerock|p1b: Rotom\n|-damage|p1b: Rotom|73/100\n|move|p1b: Rotom|Hydro Pump|p2b: Lycanroc\n|-supereffective|p2b: Lycanroc|1\n|-damage|p2b: Lycanroc|0 fnt\n|faint|p2b: Lycanroc\n|move|p2a: Milotic|Icy Wind|p1b: Rotom|[spread] p1a,p1b\n|-supereffective|p1a: Whimsicott|1\n|-resisted|p1b: Rotom|1\n|-damage|p1a: Whimsicott|0 fnt\n|-damage|p1b: Rotom|67/100\n|-unboost|p1b: Rotom|spe|1\n|faint|p1a: Whimsicott\n|\n|-heal|p1b: Rotom|72/100|[from] item: Leftovers\n|-heal|p2a: Milotic|49/100|[from] item: Leftovers\n|upkeep\n|\n|t:|1776158479\n|switch|p2b: Froslass|Froslass-Mega, L50, F|58/100\n|switch|p1a: Incineroar|Incineroar, L50, M|100/100\n|-weather|Snowscape|[from] ability: Snow Warning|[of] p2b: Froslass\n|-ability|p1a: Incineroar|Intimidate|boost\n|-unboost|p2a: Milotic|atk|1\n|-ability|p2a: Milotic|Competitive|boost\n|-boost|p2a: Milotic|spa|2\n|-unboost|p2b: Froslass|atk|1\n|turn|10\n|\n|t:|1776158491\n|move|p2b: Froslass|Protect|p2b: Froslass\n|-singleturn|p2b: Froslass|Protect\n|move|p2a: Milotic|Protect|p2a: Milotic\n|-singleturn|p2a: Milotic|Protect\n|move|p1a: Incineroar|Flare Blitz|p2b: Froslass\n|-activate|p2b: Froslass|move: Protect\n|move|p1b: Rotom|Thunderbolt|p2a: Milotic\n|-activate|p2a: Milotic|move: Protect\n|\n|-weather|Snowscape|[upkeep]\n|-heal|p1b: Rotom|78/100|[from] item: Leftovers\n|-heal|p2a: Milotic|55/100|[from] item: Leftovers\n|-sideend|p1: faric|move: Tailwind\n|upkeep\n|turn|11\n|\n|t:|1776158510\n|move|p2b: Froslass|Aurora Veil|p2b: Froslass\n|-sidestart|p2: donkdilldhany|move: Aurora Veil\n|move|p2a: Milotic|Scald|p1a: Incineroar\n|-supereffective|p1a: Incineroar|1\n|-damage|p1a: Incineroar|0 fnt\n|faint|p1a: Incineroar\n|move|p1b: Rotom|Thunderbolt|p2a: Milotic\n|-supereffective|p2a: Milotic|1\n|-crit|p2a: Milotic\n|-damage|p2a: Milotic|0 fnt\n|faint|p2a: Milotic\n|\n|-weather|Snowscape|[upkeep]\n|-heal|p1b: Rotom|84/100|[from] item: Leftovers\n|upkeep\n|turn|12\n|\n|t:|1776158524\n|move|p2b: Froslass|Blizzard|p1b: Rotom\n|-resisted|p1b: Rotom|1\n|-damage|p1b: Rotom|55/100\n|move|p1b: Rotom|Thunderbolt|p2b: Froslass\n|-damage|p2b: Froslass|25/100\n|-status|p2b: Froslass|par\n|\n|-weather|Snowscape|[upkeep]\n|-heal|p1b: Rotom|61/100|[from] item: Leftovers\n|upkeep\n|turn|13\n|\n|t:|1776158531\n|move|p2b: Froslass|Blizzard|p1b: Rotom\n|-resisted|p1b: Rotom|1\n|-damage|p1b: Rotom|31/100\n|move|p1b: Rotom|Thunderbolt|p2b: Froslass\n|-damage|p2b: Froslass|0 fnt\n|faint|p2b: Froslass\n|\n|win|faric\n|raw|faric's rating: 1172 &rarr; <strong>1200</strong><br />(+28 for winning)\n|raw|donkdilldhany's rating: 1211 &rarr; <strong>1183</strong><br />(-28 for losing)\n",
  "uploadtime": 1776158540,
  "views": 41,
  "formatid": "gen9championsvgc2026regma",
  "rating": 1183,
  "private": 0,
  "password": null
}