{
  "id": "gen9championsvgc2026regma-2582774043",
  "format": "[Gen 9 Champions] VGC 2026 Reg M-A",
  "players": [
    "walkemdownm0rt",
    "outsideisaforest"
  ],
  "log": "|j|\u2606walkemdownm0rt\n|j|\u2606outsideisaforest\n|t:|1776113151\n|gametype|doubles\n|player|p1|walkemdownm0rt|boarder|1468\n|player|p2|outsideisaforest|aromalady|1508\n|gen|9\n|tier|[Gen 9 Champions] VGC 2026 Reg M-A\n|rated|\n|rule|Species Clause: Limit one of each Pok\u00e9mon\n|rule|Item Clause: Limit 1 of each item\n|clearpoke\n|poke|p1|Floette-Eternal, L50, F|\n|poke|p1|Garchomp, L50, M|\n|poke|p1|Delphox, L50, M|\n|poke|p1|Basculegion, L50, M|\n|poke|p1|Sneasler, L50, F|\n|poke|p1|Kingambit, L50, M|\n|poke|p2|Aerodactyl, L50, M|\n|poke|p2|Rotom-Wash, L50|\n|poke|p2|Maushold-Four, L50|\n|poke|p2|Lucario, L50, F|\n|poke|p2|Aegislash, L50, F|\n|poke|p2|Hydreigon, L50, M|\n|teampreview|4\n|inactive|Battle timer is ON: inactive players will automatically lose when time's up. (requested by outsideisaforest)\n|\n|t:|1776113180\n|teamsize|p1|4\n|teamsize|p2|4\n|start\n|switch|p1a: Delphox|Delphox, L50, M|100/100\n|switch|p1b: Sneasler|Sneasler, L50, F|100/100\n|switch|p2a: Lucario|Lucario, L50, F|100/100\n|switch|p2b: Hydreigon|Hydreigon, L50, M|100/100\n|turn|1\n|j| killapowa\n|\n|t:|1776113203\n|switch|p2a: Aerodactyl|Aerodactyl, L50, M|100/100\n|-ability|p2a: Aerodactyl|Unnerve\n|detailschange|p1a: Delphox|Delphox-Mega, L50, M\n|-mega|p1a: Delphox|Delphox|Delphoxite\n|move|p1b: Sneasler|Fake Out|p2b: Hydreigon\n|-damage|p2b: Hydreigon|85/100\n|cant|p2b: Hydreigon|flinch\n|move|p1a: Delphox|Heat Wave|p2b: Hydreigon|[spread] p2a,p2b\n|-resisted|p2a: Aerodactyl|1\n|-resisted|p2b: Hydreigon|1\n|-crit|p2b: Hydreigon\n|-damage|p2a: Aerodactyl|77/100\n|-damage|p2b: Hydreigon|57/100\n|\n|upkeep\n|turn|2\n|\n|t:|1776113210\n|move|p1a: Delphox|Protect|p1a: Delphox\n|-singleturn|p1a: Delphox|Protect\n|move|p2b: Hydreigon|Dark Pulse|p1a: Delphox\n|-activate|p1a: Delphox|move: Protect\n|move|p2a: Aerodactyl|Dual Wingbeat|p1b: Sneasler\n|-supereffective|p1b: Sneasler|1\n|-damage|p1b: Sneasler|46/100\n|-supereffective|p1b: Sneasler|1\n|-damage|p1b: Sneasler|0 fnt\n|faint|p1b: Sneasler\n|-hitcount|p1: Sneasler|2\n|\n|upkeep\n|\n|t:|1776113219\n|switch|p1b: Garchomp|Garchomp, L50, M|100/100\n|turn|3\n|j| PapaBigBelly\n|\n|t:|1776113226\n|move|p2b: Hydreigon|Dark Pulse|p1a: Delphox\n|-supereffective|p1a: Delphox|1\n|-damage|p1a: Delphox|31/100\n|move|p1a: Delphox|Psychic|p2a: Aerodactyl\n|-damage|p2a: Aerodactyl|14/100\n|move|p2a: Aerodactyl|Tailwind|p2a: Aerodactyl\n|-sidestart|p2: outsideisaforest|move: Tailwind\n|move|p1b: Garchomp|Rock Slide|p2b: Hydreigon|[spread] p2a,p2b\n|-supereffective|p2a: Aerodactyl|1\n|-damage|p2a: Aerodactyl|0 fnt\n|-damage|p2b: Hydreigon|33/100\n|faint|p2a: Aerodactyl\n|\n|upkeep\n|l| killapowa\n|\n|t:|1776113233\n|switch|p2a: Lucario|Lucario, L50, F|100/100\n|turn|4\n|\n|t:|1776113238\n|detailschange|p2a: Lucario|Lucario-Mega, L50, F\n|-mega|p2a: Lucario|Lucario|Lucarionite\n|move|p1a: Delphox|Protect|p1a: Delphox\n|-singleturn|p1a: Delphox|Protect\n|move|p2b: Hydreigon|Dark Pulse|p1a: Delphox\n|-activate|p1a: Delphox|move: Protect\n|move|p2a: Lucario|Substitute|p2a: Lucario\n|-start|p2a: Lucario|Substitute\n|-damage|p2a: Lucario|76/100\n|move|p1b: Garchomp|Dragon Claw|p2b: Hydreigon\n|-supereffective|p2b: Hydreigon|1\n|-damage|p2b: Hydreigon|0 fnt\n|faint|p2b: Hydreigon\n|\n|upkeep\n|\n|t:|1776113241\n|switch|p2b: Aegislash|Aegislash, L50, F|100/100\n|turn|5\n|\n|t:|1776113248\n|move|p2b: Aegislash|Wide Guard|p2b: Aegislash\n|-singleturn|p2b: Aegislash|Wide Guard\n|move|p2a: Lucario|Meteor Mash|p1a: Delphox|[miss]\n|-miss|p2a: Lucario|p1a: Delphox\n|move|p1a: Delphox|Heat Wave|p2b: Aegislash|[spread] \n|-activate|p2a: Lucario|move: Wide Guard\n|-activate|p2b: Aegislash|move: Wide Guard\n|move|p1b: Garchomp|Earthquake|p2b: Aegislash|[spread] \n|-activate|p2a: Lucario|move: Wide Guard\n|-activate|p2b: Aegislash|move: Wide Guard\n|-immune|p1a: Delphox|[from] ability: Levitate\n|\n|upkeep\n|turn|6\n|\n|t:|1776113256\n|move|p1a: Delphox|Protect|p1a: Delphox\n|-singleturn|p1a: Delphox|Protect\n|move|p1b: Garchomp|Protect|p1b: Garchomp\n|-singleturn|p1b: Garchomp|Protect\n|move|p2a: Lucario|Close Combat|p1b: Garchomp\n|-activate|p1b: Garchomp|move: Protect\n|-formechange|p2b: Aegislash|Aegislash-Blade|\n|move|p2b: Aegislash|Shadow Ball|p1b: Garchomp\n|-activate|p1b: Garchomp|move: Protect\n|\n|-sideend|p2: outsideisaforest|move: Tailwind\n|upkeep\n|turn|7\n|\n|t:|1776113270\n|-formechange|p2b: Aegislash|Aegislash|\n|move|p2b: Aegislash|King's Shield|p2b: Aegislash\n|-singleturn|p2b: Aegislash|Protect\n|move|p1a: Delphox|Psychic|p2b: Aegislash\n|-activate|p2b: Aegislash|move: Protect\n|move|p2a: Lucario|Meteor Mash|p1a: Delphox\n|-resisted|p1a: Delphox|1\n|-damage|p1a: Delphox|0 fnt\n|-boost|p2a: Lucario|atk|1\n|faint|p1a: Delphox\n|move|p1b: Garchomp|Dragon Claw|p2b: Aegislash\n|-activate|p2b: Aegislash|move: Protect\n|-unboost|p1b: Garchomp|atk|1\n|\n|upkeep\n|\n|t:|1776113274\n|switch|p1a: Basculegion|Basculegion, L50, M|100/100\n|turn|8\n|j| your stepsister\n|\n|t:|1776113280\n|move|p1b: Garchomp|Protect|p1b: Garchomp\n|-singleturn|p1b: Garchomp|Protect\n|move|p2a: Lucario|Close Combat|p1b: Garchomp\n|-activate|p1b: Garchomp|move: Protect\n|move|p1a: Basculegion|Last Respects|p2b: Aegislash\n|-supereffective|p2b: Aegislash|1\n|-enditem|p2b: Aegislash|Kasib Berry|[eat]\n|-enditem|p2b: Aegislash|Kasib Berry|[weaken]\n|-damage|p2b: Aegislash|17/100\n|-formechange|p2b: Aegislash|Aegislash-Blade|\n|move|p2b: Aegislash|Shadow Ball|p1a: Basculegion\n|-supereffective|p1a: Basculegion|1\n|-enditem|p1a: Basculegion|Focus Sash\n|-damage|p1a: Basculegion|1/100\n|\n|upkeep\n|turn|9\n|\n|t:|1776113295\n|move|p1a: Basculegion|Protect|p1a: Basculegion\n|-singleturn|p1a: Basculegion|Protect\n|move|p2b: Aegislash|Wide Guard|p2b: Aegislash\n|-singleturn|p2b: Aegislash|Wide Guard\n|move|p2a: Lucario|Meteor Mash|p1a: Basculegion\n|-activate|p1a: Basculegion|move: Protect\n|move|p1b: Garchomp|Earthquake|p2a: Lucario|[spread] \n|-activate|p2a: Lucario|move: Wide Guard\n|-activate|p2b: Aegislash|move: Wide Guard\n|-activate|p1a: Basculegion|move: Protect\n|\n|upkeep\n|turn|10\n|\n|t:|1776113303\n|move|p1a: Basculegion|Aqua Jet|p2b: Aegislash\n|-damage|p2b: Aegislash|0 fnt\n|faint|p2b: Aegislash\n|move|p2a: Lucario|Close Combat|p1b: Garchomp\n|-damage|p1b: Garchomp|0 fnt\n|-unboost|p2a: Lucario|def|1\n|-unboost|p2a: Lucario|spd|1\n|-damage|p2a: Lucario|64/100|[from] ability: Rough Skin|[of] p1b: Garchomp\n|faint|p1b: Garchomp\n|\n|upkeep\n|turn|11\n|\n|t:|1776113307\n|move|p2a: Lucario|Meteor Mash|p1a: Basculegion\n|-resisted|p1a: Basculegion|1\n|-damage|p1a: Basculegion|0 fnt\n|faint|p1a: Basculegion\n|\n|win|outsideisaforest\n|raw|walkemdownm0rt's rating: 1468 &rarr; <strong>1450</strong><br />(-18 for losing)\n|raw|outsideisaforest's rating: 1508 &rarr; <strong>1526</strong><br />(+18 for winning)\n|l|\u2606outsideisaforest\n|player|p2|\n|l|\u2606walkemdownm0rt\n|player|p1|\n|l| your stepsister\n",
  "uploadtime": 1776113335,
  "views": 57,
  "formatid": "gen9championsvgc2026regma",
  "rating": 1450,
  "private": 0,
  "password": null
}