{
  "id": "gen9championsvgc2026regma-2586182165",
  "format": "[Gen 9 Champions] VGC 2026 Reg M-A",
  "players": [
    "IICloudXIII",
    "Toha4"
  ],
  "log": "|j|\u2606IICloudXIII\n|j|\u2606Toha4\n|t:|1776409415\n|gametype|doubles\n|player|p1|IICloudXIII|265|1008\n|player|p2|Toha4|2|1000\n|gen|9\n|tier|[Gen 9 Champions] VGC 2026 Reg M-A\n|rated|\n|rule|Species Clause: Limit one of each Pok\u00e9mon\n|rule|Item Clause: Limit 1 of each item\n|clearpoke\n|poke|p1|Charizard, L50, F|\n|poke|p1|Venusaur, L50, F|\n|poke|p1|Garchomp, L50, M|\n|poke|p1|Rotom-Wash, L50|\n|poke|p1|Sneasler, L50, F|\n|poke|p1|Incineroar, L50, F|\n|poke|p2|Archaludon, L50, F|\n|poke|p2|Incineroar, L50, F|\n|poke|p2|Basculegion, L50, M|\n|poke|p2|Pelipper, L50, M|\n|poke|p2|Dragonite, L50, F|\n|poke|p2|Sneasler, L50, M|\n|teampreview|4\n|\n|t:|1776409446\n|teamsize|p1|4\n|teamsize|p2|4\n|start\n|switch|p1a: Sneasler|Sneasler, L50, F|100/100\n|switch|p1b: Rotom|Rotom-Wash, L50|100/100\n|switch|p2a: Incineroar|Incineroar, L50, F|100/100\n|switch|p2b: Basculegion|Basculegion, L50, M|100/100\n|-ability|p2a: Incineroar|Intimidate|boost\n|-unboost|p1a: Sneasler|atk|1\n|-unboost|p1b: Rotom|atk|1\n|-enditem|p1a: Sneasler|White Herb\n|-clearnegativeboost|p1a: Sneasler|[silent]\n|turn|1\n|inactive|Battle timer is ON: inactive players will automatically lose when time's up. (requested by IICloudXIII)\n|\n|t:|1776409477\n|move|p1a: Sneasler|Fake Out|p2a: Incineroar\n|-damage|p2a: Incineroar|90/100\n|cant|p2a: Incineroar|flinch\n|move|p2b: Basculegion|Wave Crash|p1a: Sneasler\n|-damage|p1a: Sneasler|0 fnt\n|faint|p1a: Sneasler\n|-damage|p2b: Basculegion|74/100|[from] Recoil\n|move|p1b: Rotom|Thunderbolt|p2b: Basculegion\n|-supereffective|p2b: Basculegion|1\n|-damage|p2b: Basculegion|0 fnt\n|faint|p2b: Basculegion\n|\n|upkeep\n|\n|t:|1776409494\n|switch|p1a: Charizard|Charizard, L50, F|100/100\n|switch|p2b: Pelipper|Pelipper, L50, M|100/100\n|-weather|RainDance|[from] ability: Drizzle|[of] p2b: Pelipper\n|turn|2\n|\n|t:|1776409516\n|switch|p2a: Dragonite|Dragonite, L50, F|100/100\n|detailschange|p1a: Charizard|Charizard-Mega-Y, L50, F\n|-mega|p1a: Charizard|Charizard|Charizardite Y\n|-weather|SunnyDay|[from] ability: Drought|[of] p1a: Charizard\n|move|p1a: Charizard|Protect|p1a: Charizard\n|-singleturn|p1a: Charizard|Protect\n|move|p1b: Rotom|Thunderbolt|p2b: Pelipper\n|-supereffective|p2b: Pelipper|2\n|-enditem|p2b: Pelipper|Focus Sash\n|-damage|p2b: Pelipper|1/100\n|move|p2b: Pelipper|Tailwind|p2b: Pelipper\n|-sidestart|p2: Toha4|move: Tailwind\n|\n|-weather|SunnyDay|[upkeep]\n|upkeep\n|turn|3\n|inactive|IICloudXIII has 30 seconds left.\n|inactive|IICloudXIII has 20 seconds left.\n|\n|t:|1776409555\n|switch|p2b: Incineroar|Incineroar, L50, F|90/100\n|-ability|p2b: Incineroar|Intimidate|boost\n|-unboost|p1a: Charizard|atk|1\n|-unboost|p1b: Rotom|atk|1\n|detailschange|p2a: Dragonite|Dragonite-Mega, L50, F\n|-mega|p2a: Dragonite|Dragonite|Dragoninite\n|move|p2a: Dragonite|Protect|p2a: Dragonite\n|-singleturn|p2a: Dragonite|Protect\n|move|p1a: Charizard|Heat Wave|p2b: Incineroar|[spread] p2b\n|-activate|p2a: Dragonite|move: Protect\n|-resisted|p2b: Incineroar|1\n|-damage|p2b: Incineroar|60/100\n|move|p1b: Rotom|Will-O-Wisp|p2a: Dragonite\n|-activate|p2a: Dragonite|move: Protect\n|\n|-weather|SunnyDay|[upkeep]\n|upkeep\n|turn|4\n|inactive|IICloudXIII has 30 seconds left.\n|inactive|Toha4 has 30 seconds left.\n|inactive|IICloudXIII has 20 seconds left.\n|inactive|IICloudXIII has 15 seconds left.\n|inactive|IICloudXIII has 10 seconds left.\n|\n|t:|1776409602\n|switch|p1a: Venusaur|Venusaur, L50, F|100/100\n|switch|p2b: Pelipper|Pelipper, L50, M|1/100\n|-weather|RainDance|[from] ability: Drizzle|[of] p2b: Pelipper\n|move|p1b: Rotom|Protect|p1b: Rotom\n|-singleturn|p1b: Rotom|Protect\n|move|p2a: Dragonite|Thunder|p1a: Venusaur\n|-resisted|p1a: Venusaur|1\n|-damage|p1a: Venusaur|76/100\n|-status|p1a: Venusaur|par\n|\n|-weather|RainDance|[upkeep]\n|upkeep\n|turn|5\n|inactive|IICloudXIII has 30 seconds left.\n|\n|t:|1776409627\n|move|p1a: Venusaur|Protect|p1a: Venusaur\n|-singleturn|p1a: Venusaur|Protect\n|move|p2a: Dragonite|Thunder|p1b: Rotom\n|-damage|p1b: Rotom|46/100\n|move|p2b: Pelipper|Hurricane|p1a: Venusaur\n|-activate|p1a: Venusaur|move: Protect\n|move|p1b: Rotom|Thunderbolt|p2b: Pelipper\n|-supereffective|p2b: Pelipper|2\n|-crit|p2b: Pelipper\n|-damage|p2b: Pelipper|0 fnt\n|faint|p2b: Pelipper\n|\n|-weather|RainDance|[upkeep]\n|-heal|p1b: Rotom|52/100|[from] item: Leftovers\n|-sideend|p2: Toha4|move: Tailwind\n|upkeep\n|\n|t:|1776409642\n|switch|p2b: Incineroar|Incineroar, L50, F|60/100\n|-ability|p2b: Incineroar|Intimidate|boost\n|-unboost|p1a: Venusaur|atk|1\n|-unboost|p1b: Rotom|atk|1\n|turn|6\n|\n|t:|1776409655\n|switch|p1a: Charizard|Charizard-Mega-Y, L50, F|100/100\n|-weather|SunnyDay|[from] ability: Drought|[of] p1a: Charizard\n|move|p1b: Rotom|Protect|p1b: Rotom\n|-singleturn|p1b: Rotom|Protect\n|move|p2a: Dragonite|Dragon Pulse|p1b: Rotom\n|-activate|p1b: Rotom|move: Protect\n|move|p2b: Incineroar|Flare Blitz|p1a: Charizard\n|-resisted|p1a: Charizard|1\n|-damage|p1a: Charizard|44/100\n|-damage|p2b: Incineroar|46/100|[from] Recoil\n|\n|-weather|SunnyDay|[upkeep]\n|-heal|p1b: Rotom|58/100|[from] item: Leftovers\n|upkeep\n|turn|7\n|inactive|IICloudXIII has 30 seconds left.\n|inactive|Toha4 has 30 seconds left.\n|inactive|IICloudXIII has 20 seconds left.\n|inactive|Toha4 has 20 seconds left.\n|inactive|IICloudXIII has 15 seconds left.\n|inactive|Toha4 has 15 seconds left.\n|inactive|IICloudXIII has 10 seconds left.\n|inactive|Toha4 has 10 seconds left.\n|inactive|Toha4 has 5 seconds left.\n|\n|t:|1776409710\n|move|p2a: Dragonite|Protect|p2a: Dragonite\n|-singleturn|p2a: Dragonite|Protect\n|move|p1a: Charizard|Heat Wave|p2b: Incineroar|[spread] p2b\n|-activate|p2a: Dragonite|move: Protect\n|-resisted|p2b: Incineroar|1\n|-damage|p2b: Incineroar|17/100\n|move|p1b: Rotom|Hydro Pump|p2b: Incineroar\n|-supereffective|p2b: Incineroar|1\n|-damage|p2b: Incineroar|0 fnt\n|faint|p2b: Incineroar\n|\n|-weather|SunnyDay|[upkeep]\n|-heal|p1b: Rotom|64/100|[from] item: Leftovers\n|upkeep\n|turn|8\n|inactive|IICloudXIII has 30 seconds left.\n|\n|t:|1776409744\n|move|p1a: Charizard|Weather Ball|p2a: Dragonite\n|-resisted|p2a: Dragonite|1\n|-damage|p2a: Dragonite|82/100\n|move|p2a: Dragonite|Dragon Pulse|p1a: Charizard\n|-damage|p1a: Charizard|0 fnt\n|faint|p1a: Charizard\n|move|p1b: Rotom|Will-O-Wisp|p2a: Dragonite\n|-status|p2a: Dragonite|brn\n|\n|-weather|SunnyDay|[upkeep]\n|-heal|p1b: Rotom|70/100|[from] item: Leftovers\n|-damage|p2a: Dragonite|76/100 brn|[from] brn\n|upkeep\n|\n|t:|1776409759\n|switch|p1a: Venusaur|Venusaur, L50, F|76/100 par\n|turn|9\n|\n|t:|1776409779\n|move|p2a: Dragonite|Dragon Pulse|p1b: Rotom\n|-damage|p1b: Rotom|12/100\n|move|p1a: Venusaur|Sludge Bomb|p2a: Dragonite\n|-damage|p2a: Dragonite|40/100 brn\n|move|p1b: Rotom|Thunderbolt|p2a: Dragonite\n|-damage|p2a: Dragonite|9/100 brn\n|\n|-weather|SunnyDay|[upkeep]\n|-heal|p1b: Rotom|18/100|[from] item: Leftovers\n|-damage|p2a: Dragonite|3/100 brn|[from] brn\n|upkeep\n|turn|10\n|\n|t:|1776409793\n|move|p2a: Dragonite|Hurricane|p1a: Venusaur\n|-supereffective|p1a: Venusaur|1\n|-damage|p1a: Venusaur|0 fnt\n|faint|p1a: Venusaur\n|move|p1b: Rotom|Thunderbolt|p2a: Dragonite\n|-damage|p2a: Dragonite|0 fnt\n|faint|p2a: Dragonite\n|\n|win|IICloudXIII\n|raw|IICloudXIII's rating: 1008 &rarr; <strong>1046</strong><br />(+38 for winning)\n|raw|Toha4's rating: 1000 &rarr; <strong>1000</strong><br />(+0 for losing)\n",
  "uploadtime": 1776409807,
  "views": 43,
  "formatid": "gen9championsvgc2026regma",
  "rating": 1000,
  "private": 0,
  "password": null
}