{
  "id": "gen9championsvgc2026regma-2580704299",
  "format": "[Gen 9 Champions] VGC 2026 Reg M-A",
  "players": [
    "bunearyboicherry",
    "CounterTERAismUnit"
  ],
  "log": "|j|\u2606bunearyboicherry\n|j|\u2606CounterTERAismUnit\n|t:|1775925683\n|gametype|doubles\n|player|p1|bunearyboicherry|preschoolerf-gen6|1165\n|player|p2|CounterTERAismUnit|acerola-masters|1236\n|gen|9\n|tier|[Gen 9 Champions] VGC 2026 Reg M-A\n|rated|\n|rule|Species Clause: Limit one of each Pok\u00e9mon\n|rule|Item Clause: Limit 1 of each item\n|clearpoke\n|poke|p1|Crabominable, L50, M|\n|poke|p1|Farigiraf, L50, F|\n|poke|p1|Drampa, L50, F|\n|poke|p1|Typhlosion-Hisui, L50, F|\n|poke|p1|Chesnaught, L50, M|\n|poke|p1|Primarina, L50, F|\n|poke|p2|Aerodactyl, L50, F|\n|poke|p2|Floette-Eternal, L50, F|\n|poke|p2|Goodra-Hisui, L50, M|\n|poke|p2|Drampa, L50, F|\n|poke|p2|Gengar, L50, F|\n|poke|p2|Sneasler, L50, M|\n|teampreview|4\n|inactive|Battle timer is ON: inactive players will automatically lose when time's up. (requested by CounterTERAismUnit)\n|inactive|bunearyboicherry has 60 seconds left.\n|\n|t:|1775925715\n|teamsize|p1|4\n|teamsize|p2|4\n|start\n|switch|p1a: Farigiraf|Farigiraf, L50, F, shiny|100/100\n|switch|p1b: Primarina|Primarina, L50, F, shiny|100/100\n|switch|p2a: Aerodactyl|Aerodactyl, L50, F|100/100\n|switch|p2b: Floette|Floette-Eternal, L50, F|100/100\n|-ability|p2a: Aerodactyl|Unnerve\n|turn|1\n|-activate|p1b: Primarina|item: Quick Claw\n|\n|t:|1775925727\n|detailschange|p2b: Floette|Floette-Mega, L50, F\n|-mega|p2b: Floette|Floette|Floettite\n|-ability|p2b: Floette|Fairy Aura\n|move|p1b: Primarina|Hyper Voice|p2a: Aerodactyl|[spread] p2a,p2b\n|-supereffective|p2a: Aerodactyl|1\n|-enditem|p2a: Aerodactyl|Focus Sash\n|-damage|p2a: Aerodactyl|1/100\n|-damage|p2b: Floette|73/100\n|move|p2a: Aerodactyl|Dual Wingbeat|p1a: Farigiraf\n|-crit|p1a: Farigiraf\n|-damage|p1a: Farigiraf|74/100\n|-damage|p1a: Farigiraf|57/100\n|-hitcount|p1a: Farigiraf|2\n|move|p2b: Floette|Light of Ruin|p1a: Farigiraf\n|-damage|p1a: Farigiraf|0 fnt\n|faint|p1a: Farigiraf\n|-damage|p2b: Floette|40/100|[from] Recoil\n|\n|upkeep\n|c|\u2606CounterTERAismUnit|No trick room\n|\n|t:|1775925746\n|switch|p1a: Typhlosion|Typhlosion-Hisui, L50, F, shiny|100/100\n|turn|2\n|\n|t:|1775925754\n|move|p1a: Typhlosion|Eruption|p2b: Floette|[spread] p2a,p2b\n|-resisted|p2a: Aerodactyl|1\n|-damage|p2a: Aerodactyl|0 fnt\n|-damage|p2b: Floette|0 fnt\n|faint|p2a: Aerodactyl\n|faint|p2b: Floette\n|move|p1b: Primarina|Light Screen|p1b: Primarina\n|-sidestart|p1: bunearyboicherry|move: Light Screen\n|\n|upkeep\n|\n|t:|1775925761\n|switch|p2a: Sneasler|Sneasler, L50, M|100/100\n|switch|p2b: Goodra|Goodra-Hisui, L50, M|100/100\n|turn|3\n|\n|t:|1775925774\n|move|p1a: Typhlosion|Eruption|p2b: Goodra|[spread] p2a,p2b\n|-damage|p2a: Sneasler|28/100\n|-damage|p2b: Goodra|56/100\n|move|p2a: Sneasler|Rock Slide|p1a: Typhlosion|[spread] p1a,p1b\n|-supereffective|p1a: Typhlosion|1\n|-damage|p1a: Typhlosion|39/100\n|-damage|p1b: Primarina|75/100\n|move|p2b: Goodra|Heavy Slam|p1b: Primarina\n|-damage|p1b: Primarina|16/100\n|cant|p1b: Primarina|flinch\n|\n|-heal|p2b: Goodra|62/100|[from] item: Leftovers\n|upkeep\n|turn|4\n|\n|t:|1775925789\n|move|p2a: Sneasler|Protect|p2a: Sneasler\n|-singleturn|p2a: Sneasler|Protect\n|move|p1a: Typhlosion|Eruption|p2a: Sneasler|[spread] p2b\n|-activate|p2a: Sneasler|move: Protect\n|-damage|p2b: Goodra|45/100\n|move|p2b: Goodra|Rock Slide|p1a: Typhlosion|[spread] p1b\n|-miss|p2b: Goodra|p1a: Typhlosion\n|-damage|p1b: Primarina|0 fnt\n|faint|p1b: Primarina\n|\n|-heal|p2b: Goodra|51/100|[from] item: Leftovers\n|upkeep\n|c|\u2606bunearyboicherry|My TR\n|c|\u2606CounterTERAismUnit|Of course\n|\n|t:|1775925798\n|switch|p1b: Crabominable|Crabominable, L50, M, shiny|100/100\n|turn|5\n|c|\u2606CounterTERAismUnit|it missed\n|\n|t:|1775925805\n|detailschange|p1b: Crabominable|Crabominable-Mega, L50, M, shiny\n|-mega|p1b: Crabominable|Crabominable|Crabominite\n|move|p2a: Sneasler|Protect||[still]\n|-fail|p2a: Sneasler\n|move|p1b: Crabominable|Mach Punch|p2a: Sneasler\n|-resisted|p2a: Sneasler|1\n|-damage|p2a: Sneasler|0 fnt\n|faint|p2a: Sneasler\n|move|p1a: Typhlosion|Eruption|p2b: Goodra\n|-damage|p2b: Goodra|27/100\n|move|p2b: Goodra|Rock Slide|p1b: Crabominable|[spread] p1a,p1b\n|-supereffective|p1a: Typhlosion|1\n|-damage|p1a: Typhlosion|0 fnt\n|-damage|p1b: Crabominable|89/100\n|faint|p1a: Typhlosion\n|\n|-heal|p2b: Goodra|33/100|[from] item: Leftovers\n|upkeep\n|turn|6\n|\n|t:|1775925813\n|move|p2b: Goodra|Flamethrower|p1b: Crabominable\n|-supereffective|p1b: Crabominable|1\n|-damage|p1b: Crabominable|63/100\n|move|p1b: Crabominable|Drain Punch|p2b: Goodra\n|-supereffective|p2b: Goodra|1\n|-damage|p2b: Goodra|0 fnt\n|-heal|p1b: Crabominable|77/100|[from] drain|[of] p2b: Goodra\n|faint|p2b: Goodra\n|\n|win|bunearyboicherry\n|raw|bunearyboicherry's rating: 1165 &rarr; <strong>1195</strong><br />(+30 for winning)\n|raw|CounterTERAismUnit's rating: 1236 &rarr; <strong>1206</strong><br />(-30 for losing)\n|c|\u2606bunearyboicherry|Swiggty swooty\n|l|\u2606CounterTERAismUnit\n|player|p2|\n|l|\u2606bunearyboicherry\n|player|p1|\n",
  "uploadtime": 1775925837,
  "views": 13,
  "formatid": "gen9championsvgc2026regma",
  "rating": 1195,
  "private": 0,
  "password": null
}