{
  "id": "gen9championsvgc2026regma-2587932319",
  "format": "[Gen 9 Champions] VGC 2026 Reg M-A",
  "players": [
    "NahuSubZeroJ",
    "2whitefl"
  ],
  "log": "|j|\u2606NahuSubZeroJ\n|j|\u203d2whitefl\n|t:|1776580934\n|gametype|doubles\n|player|p1|NahuSubZeroJ|hiker-gen4|1127\n|player|p2|2whitefl|iris-gen5bw2|1079\n|gen|9\n|tier|[Gen 9 Champions] VGC 2026 Reg M-A\n|rated|\n|rule|Species Clause: Limit one of each Pok\u00e9mon\n|rule|Item Clause: Limit 1 of each item\n|clearpoke\n|poke|p1|Kangaskhan, L50, F|\n|poke|p1|Basculegion, L50, M|\n|poke|p1|Incineroar, L50, F|\n|poke|p1|Garchomp, L50, F|\n|poke|p1|Aegislash, L50, F|\n|poke|p1|Delphox, L50, M|\n|poke|p2|Venusaur, L50, F|\n|poke|p2|Incineroar, L50, M|\n|poke|p2|Sinistcha, L50|\n|poke|p2|Floette-Eternal, L50, F|\n|poke|p2|Palafin, L50, M|\n|poke|p2|Aegislash, L50, M|\n|teampreview|4\n|inactive|Battle timer is ON: inactive players will automatically lose when time's up. (requested by 2whitefl)\n|\n|t:|1776580955\n|teamsize|p1|4\n|teamsize|p2|4\n|start\n|switch|p1a: Kangaskhan|Kangaskhan, L50, F|100/100\n|switch|p1b: Aegislash|Aegislash, L50, F|100/100\n|switch|p2a: Venusaur|Venusaur, L50, F|100/100\n|switch|p2b: Palafin|Palafin, L50, M|100/100\n|turn|1\n|\n|t:|1776580969\n|detailschange|p2b: Palafin|Palafin-Hero, L50, M\n|switch|p2b: Incineroar|Incineroar, L50, M|100/100\n|-ability|p2b: Incineroar|Intimidate|boost\n|-unboost|p1a: Kangaskhan|atk|1\n|-unboost|p1b: Aegislash|atk|1\n|detailschange|p1a: Kangaskhan|Kangaskhan-Mega, L50, F\n|-mega|p1a: Kangaskhan|Kangaskhan|Kangaskhanite\n|detailschange|p2a: Venusaur|Venusaur-Mega, L50, F\n|-mega|p2a: Venusaur|Venusaur|Venusaurite\n|move|p2a: Venusaur|Protect|p2a: Venusaur\n|-singleturn|p2a: Venusaur|Protect\n|move|p1a: Kangaskhan|Fake Out|p2a: Venusaur\n|-activate|p2a: Venusaur|move: Protect\n|move|p1b: Aegislash|Substitute|p1b: Aegislash\n|-start|p1b: Aegislash|Substitute\n|-damage|p1b: Aegislash|75/100\n|\n|upkeep\n|turn|2\n|inactive|2whitefl has 30 seconds left.\n|\n|t:|1776580997\n|move|p1a: Kangaskhan|Double-Edge|p2a: Venusaur\n|-damage|p2a: Venusaur|73/100\n|-damage|p2a: Venusaur|66/100\n|-hitcount|p2a: Venusaur|2\n|-damage|p1a: Kangaskhan|90/100|[from] Recoil\n|move|p2a: Venusaur|Leech Seed|p1a: Kangaskhan\n|-start|p1a: Kangaskhan|move: Leech Seed\n|move|p2b: Incineroar|Parting Shot|p1b: Aegislash\n|-unboost|p1b: Aegislash|atk|1\n|-unboost|p1b: Aegislash|spa|1\n|\n|t:|1776581009\n|switch|p2b: Sinistcha|Sinistcha, L50|100/100|[from] Parting Shot\n|-heal|p2a: Venusaur|90/100|[from] ability: Hospitality|[of] p2b: Sinistcha\n|-formechange|p1b: Aegislash|Aegislash-Blade|\n|move|p1b: Aegislash|Shadow Ball|p2a: Venusaur\n|-damage|p2a: Venusaur|68/100\n|-unboost|p2a: Venusaur|spd|1\n|\n|-damage|p1a: Kangaskhan|78/100|[from] Leech Seed|[of] p2a: Venusaur\n|-heal|p2a: Venusaur|81/100|[silent]\n|upkeep\n|turn|3\n|inactive|NahuSubZeroJ has 30 seconds left.\n|inactive|2whitefl has 30 seconds left.\n|inactive|NahuSubZeroJ has 20 seconds left.\n|\n|t:|1776581047\n|switch|p1a: Incineroar|Incineroar, L50, F|100/100\n|-ability|p1a: Incineroar|Intimidate|boost\n|-unboost|p2a: Venusaur|atk|1\n|-unboost|p2b: Sinistcha|atk|1\n|switch|p2a: Incineroar|Incineroar, L50, M|100/100\n|-ability|p2a: Incineroar|Intimidate|boost\n|-unboost|p1a: Incineroar|atk|1\n|-immune|p1b: Aegislash\n|move|p2b: Sinistcha|Foul Play|p1b: Aegislash\n|-supereffective|p1b: Aegislash|1\n|-end|p1b: Aegislash|Substitute\n|move|p1b: Aegislash|Shadow Ball|p2a: Incineroar\n|-resisted|p2a: Incineroar|1\n|-damage|p2a: Incineroar|85/100\n|\n|upkeep\n|turn|4\n|inactive|2whitefl has 30 seconds left.\n|\n|t:|1776581075\n|switch|p2b: Venusaur|Venusaur-Mega, L50, F|81/100\n|switch|p1b: Kangaskhan|Kangaskhan-Mega, L50, F|78/100\n|move|p2a: Incineroar|Parting Shot|p1b: Kangaskhan\n|-unboost|p1b: Kangaskhan|atk|1\n|-unboost|p1b: Kangaskhan|spa|1\n|\n|t:|1776581084\n|switch|p2a: Palafin|Palafin-Hero, L50, M|100/100|[from] Parting Shot\n|-activate|p2a: Palafin|ability: Zero to Hero\n|move|p1a: Incineroar|Flare Blitz|p2b: Venusaur\n|-supereffective|p2b: Venusaur|1\n|-damage|p2b: Venusaur|55/100\n|-damage|p1a: Incineroar|92/100|[from] Recoil\n|\n|upkeep\n|turn|5\n|inactive|2whitefl has 30 seconds left.\n|\n|t:|1776581110\n|switch|p2a: Sinistcha|Sinistcha, L50|100/100\n|-heal|p2b: Venusaur|79/100|[from] ability: Hospitality|[of] p2a: Sinistcha\n|switch|p1a: Garchomp|Garchomp, L50, F|100/100\n|move|p2b: Venusaur|Protect|p2b: Venusaur\n|-singleturn|p2b: Venusaur|Protect\n|move|p1b: Kangaskhan|Double-Edge|p2a: Sinistcha\n|-immune|p2a: Sinistcha\n|\n|upkeep\n|turn|6\n|\n|t:|1776581132\n|switch|p1b: Incineroar|Incineroar, L50, F|92/100\n|-ability|p1b: Incineroar|Intimidate|boost\n|-unboost|p2a: Sinistcha|atk|1\n|-unboost|p2b: Venusaur|atk|1\n|move|p1a: Garchomp|Dragon Claw|p2b: Venusaur\n|-damage|p2b: Venusaur|50/100\n|move|p2b: Venusaur|Leech Seed|p1a: Garchomp\n|-start|p1a: Garchomp|move: Leech Seed\n|move|p2a: Sinistcha|Matcha Gotcha|p1b: Incineroar|[spread] p1a,p1b\n|-resisted|p1b: Incineroar|1\n|-damage|p1a: Garchomp|80/100\n|-damage|p1b: Incineroar|82/100\n|\n|-damage|p1a: Garchomp|67/100|[from] Leech Seed|[of] p2b: Venusaur\n|-heal|p2b: Venusaur|64/100|[silent]\n|upkeep\n|turn|7\n|\n|t:|1776581156\n|switch|p2a: Incineroar|Incineroar, L50, M|85/100\n|-ability|p2a: Incineroar|Intimidate|boost\n|-unboost|p1a: Garchomp|atk|1\n|-unboost|p1b: Incineroar|atk|1\n|move|p2b: Venusaur|Protect|p2b: Venusaur\n|-singleturn|p2b: Venusaur|Protect\n|move|p1b: Incineroar|Fake Out|p2b: Venusaur\n|-activate|p2b: Venusaur|move: Protect\n|move|p1a: Garchomp|Dragon Claw|p2b: Venusaur\n|-activate|p2b: Venusaur|move: Protect\n|\n|-damage|p1a: Garchomp|55/100|[from] Leech Seed|[of] p2b: Venusaur\n|-heal|p2b: Venusaur|78/100|[silent]\n|upkeep\n|turn|8\n|inactive|NahuSubZeroJ has 30 seconds left.\n|inactive|2whitefl has 30 seconds left.\n|\n|t:|1776581187\n|switch|p1a: Aegislash|Aegislash, L50, F|75/100\n|move|p2b: Venusaur|Leech Seed|p1b: Incineroar\n|-start|p1b: Incineroar|move: Leech Seed\n|move|p2a: Incineroar|Parting Shot|p1a: Aegislash\n|-unboost|p1a: Aegislash|atk|1\n|-unboost|p1a: Aegislash|spa|1\n|\n|t:|1776581195\n|switch|p2a: Sinistcha|Sinistcha, L50|100/100|[from] Parting Shot\n|-heal|p2b: Venusaur|100/100|[from] ability: Hospitality|[of] p2a: Sinistcha\n|move|p1b: Incineroar|Parting Shot|p2a: Sinistcha\n|-unboost|p2a: Sinistcha|atk|1\n|-unboost|p2a: Sinistcha|spa|1\n|\n|t:|1776581204\n|switch|p1b: Kangaskhan|Kangaskhan-Mega, L50, F|78/100|[from] Parting Shot\n|\n|upkeep\n|turn|9\n|\n|t:|1776581222\n|switch|p2a: Incineroar|Incineroar, L50, M|85/100\n|-ability|p2a: Incineroar|Intimidate|boost\n|-unboost|p1a: Aegislash|atk|1\n|-unboost|p1b: Kangaskhan|atk|1\n|move|p1b: Kangaskhan|Sucker Punch||[still]\n|-fail|p1b: Kangaskhan\n|move|p2b: Venusaur|Leech Seed|p1a: Aegislash\n|-start|p1a: Aegislash|move: Leech Seed\n|-formechange|p1a: Aegislash|Aegislash-Blade|\n|move|p1a: Aegislash|Shadow Ball|p2a: Incineroar\n|-resisted|p2a: Incineroar|1\n|-damage|p2a: Incineroar|71/100\n|\n|-damage|p1a: Aegislash|63/100|[from] Leech Seed|[of] p2b: Venusaur\n|upkeep\n|turn|10\n|-message|NahuSubZeroJ forfeited.\n|\n|win|2whitefl\n|raw|NahuSubZeroJ's rating: 1127 &rarr; <strong>1099</strong><br />(-28 for losing)\n|raw|2whitefl's rating: 1079 &rarr; <strong>1111</strong><br />(+32 for winning)\n|l|\u2606NahuSubZeroJ\n|player|p1|\n",
  "uploadtime": 1776581241,
  "views": 18,
  "formatid": "gen9championsvgc2026regma",
  "rating": 1099,
  "private": 0,
  "password": null
}