{
  "id": "gen9championsvgc2026regma-2587666164",
  "format": "[Gen 9 Champions] VGC 2026 Reg M-A",
  "players": [
    "Dio Brando45",
    "Pevar_8"
  ],
  "log": "|j|\u2606Dio Brando45\n|j|\u2606Pevar_8\n|t:|1776551875\n|gametype|doubles\n|player|p1|Dio Brando45|palmer|1132\n|player|p2|Pevar_8|101|1097\n|gen|9\n|tier|[Gen 9 Champions] VGC 2026 Reg M-A\n|rated|\n|rule|Species Clause: Limit one of each Pok\u00e9mon\n|rule|Item Clause: Limit 1 of each item\n|clearpoke\n|poke|p1|Pinsir, L50, M, shiny|\n|poke|p1|Hydreigon, L50, M, shiny|\n|poke|p1|Scizor, L50, M, shiny|\n|poke|p1|Sinistcha, L50, shiny|\n|poke|p1|Infernape, L50, M, shiny|\n|poke|p1|Aerodactyl, L50, M, shiny|\n|poke|p2|Basculegion, L50, M|\n|poke|p2|Pelipper, L50, M|\n|poke|p2|Sinistcha, L50|\n|poke|p2|Sneasler, L50, M|\n|poke|p2|Archaludon, L50, M|\n|poke|p2|Floette-Eternal, L50, F|\n|teampreview|4\n|inactive|Battle timer is ON: inactive players will automatically lose when time's up. (requested by Dio Brando45)\nPevar_8 rejected open team sheets.\n|inactive|Dio Brando45 has 60 seconds left.\n|inactive|Dio Brando45 has 30 seconds left.\n|\n|t:|1776551937\n|teamsize|p1|4\n|teamsize|p2|4\n|start\n|switch|p1a: Pork Pie Hat Kid|Sinistcha, L50, shiny|100/100\n|switch|p1b: Lovers|Pinsir, L50, M, shiny|100/100\n|switch|p2a: Floette|Floette-Eternal, L50, F|100/100\n|switch|p2b: Sinistcha|Sinistcha, L50|100/100\n|turn|1\n|\n|t:|1776551955\n|detailschange|p2a: Floette|Floette-Mega, L50, F\n|-mega|p2a: Floette|Floette|Floettite\n|-ability|p2a: Floette|Fairy Aura\n|move|p2b: Sinistcha|Rage Powder|p2b: Sinistcha\n|-singleturn|p2b: Sinistcha|move: Rage Powder\n|move|p1a: Pork Pie Hat Kid|Rage Powder|p1a: Pork Pie Hat Kid\n|-singleturn|p1a: Pork Pie Hat Kid|move: Rage Powder\n|move|p2a: Floette|Calm Mind|p2a: Floette\n|-boost|p2a: Floette|spa|1\n|-boost|p2a: Floette|spd|1\n|move|p1b: Lovers|Swords Dance|p1b: Lovers\n|-boost|p1b: Lovers|atk|2\n|\n|upkeep\n|turn|2\n|inactive|Dio Brando45 has 30 seconds left.\n|inactive|Pevar_8 has 30 seconds left.\n|\n|t:|1776551982\n|detailschange|p1b: Lovers|Pinsir-Mega, L50, M, shiny\n|-mega|p1b: Lovers|Pinsir|Pinsirite\n|move|p2b: Sinistcha|Rage Powder|p2b: Sinistcha\n|-singleturn|p2b: Sinistcha|move: Rage Powder\n|move|p1b: Lovers|Body Slam|p2b: Sinistcha\n|-supereffective|p2b: Sinistcha|1\n|-damage|p2b: Sinistcha|0 fnt\n|faint|p2b: Sinistcha\n|move|p2a: Floette|Calm Mind|p2a: Floette\n|-boost|p2a: Floette|spa|1\n|-boost|p2a: Floette|spd|1\n|move|p1a: Pork Pie Hat Kid|Life Dew||[still]|[still]|[spread] \n|-fail|p1a: Pork Pie Hat Kid|heal\n|-fail|p1b: Lovers|heal\n|\n|upkeep\n|\n|t:|1776551997\n|switch|p2b: Sneasler|Sneasler, L50, M|100/100\n|turn|3\n|inactive|Dio Brando45 has 30 seconds left.\n|\n|t:|1776552023\n|move|p2b: Sneasler|Fake Out|p1b: Lovers\n|-damage|p1b: Lovers|87/100\n|cant|p1b: Lovers|flinch\n|move|p2a: Floette|Dazzling Gleam|p1a: Pork Pie Hat Kid|[spread] p1a,p1b\n|-damage|p1a: Pork Pie Hat Kid|6/100\n|-damage|p1b: Lovers|0 fnt\n|faint|p1b: Lovers\n|move|p1a: Pork Pie Hat Kid|Matcha Gotcha|p2a: Floette|[spread] \n|-miss|p1a: Pork Pie Hat Kid|p2a: Floette\n|-miss|p1a: Pork Pie Hat Kid|p2b: Sneasler\n|\n|upkeep\n|\n|t:|1776552036\n|switch|p1b: Tower Of Gray|Scizor, L50, M, shiny|100/100\n|turn|4\n|\n|t:|1776552055\n|move|p2a: Floette|Protect|p2a: Floette\n|-singleturn|p2a: Floette|Protect\n|move|p2b: Sneasler|Upper Hand||[still]\n|-fail|p2b: Sneasler\n|move|p1a: Pork Pie Hat Kid|Rage Powder|p1a: Pork Pie Hat Kid\n|-singleturn|p1a: Pork Pie Hat Kid|move: Rage Powder\n|move|p1b: Tower Of Gray|Swords Dance|p1b: Tower Of Gray\n|-boost|p1b: Tower Of Gray|atk|2\n|\n|upkeep\n|turn|5\n|\n|t:|1776552068\n|move|p2b: Sneasler|Upper Hand|p1b: Tower Of Gray\n|-damage|p1b: Tower Of Gray|55/100\n|move|p1a: Pork Pie Hat Kid|Rage Powder|p1a: Pork Pie Hat Kid\n|-singleturn|p1a: Pork Pie Hat Kid|move: Rage Powder\n|cant|p1b: Tower Of Gray|flinch\n|move|p2a: Floette|Dazzling Gleam|p1b: Tower Of Gray|[spread] p1a,p1b\n|-resisted|p1b: Tower Of Gray|1\n|-damage|p1a: Pork Pie Hat Kid|0 fnt\n|-damage|p1b: Tower Of Gray|0 fnt\n|faint|p1a: Pork Pie Hat Kid\n|faint|p1b: Tower Of Gray\n|\n|upkeep\n|-message|Dio Brando45 forfeited.\n|\n|win|Pevar_8\n|raw|Dio Brando45's rating: 1132 &rarr; <strong>1104</strong><br />(-28 for losing)\n|raw|Pevar_8's rating: 1097 &rarr; <strong>1125</strong><br />(+28 for winning)\n|l|\u2606Dio Brando45\n|player|p1|\n",
  "uploadtime": 1776552087,
  "views": 12,
  "formatid": "gen9championsvgc2026regma",
  "rating": 1104,
  "private": 0,
  "password": null
}