{
  "id": "gen9championsvgc2026regma-2584009390",
  "format": "[Gen 9 Champions] VGC 2026 Reg M-A",
  "players": [
    "jackaleana",
    "dvastasean"
  ],
  "log": "|j|\u2606jackaleana\n|j|\u2606dvastasean\n|t:|1776216412\n|gametype|doubles\n|player|p1|jackaleana|skyla|1108\n|player|p2|dvastasean|101|1141\n|gen|9\n|tier|[Gen 9 Champions] VGC 2026 Reg M-A\n|rated|\n|rule|Species Clause: Limit one of each Pok\u00e9mon\n|rule|Item Clause: Limit 1 of each item\n|clearpoke\n|poke|p1|Starmie, L50|\n|poke|p1|Sinistcha, L50|\n|poke|p1|Scizor, L50, F|\n|poke|p1|Pelipper, L50, F|\n|poke|p1|Garchomp, L50, F|\n|poke|p1|Incineroar, L50, F|\n|poke|p2|Charizard, L50, M|\n|poke|p2|Manectric, L50, F|\n|poke|p2|Dragapult, L50, F|\n|poke|p2|Kommo-o, L50, F|\n|poke|p2|Starmie, L50|\n|poke|p2|Hydrapple, L50, M|\n|teampreview|4\njackaleana rejected open team sheets.\n|inactive|Battle timer is ON: inactive players will automatically lose when time's up. (requested by jackaleana)\n|\n|t:|1776216463\n|teamsize|p1|4\n|teamsize|p2|4\n|start\n|switch|p1a: Sinistcha|Sinistcha, L50|100/100\n|switch|p1b: Scizor|Scizor, L50, F|100/100\n|switch|p2a: Manectric|Manectric, L50, F|100/100\n|switch|p2b: Starmie|Starmie, L50|100/100\n|turn|1\n|inactive|dvastasean has 30 seconds left.\n|\n|t:|1776216492\n|move|p2b: Starmie|Ally Switch|p2b: Starmie\n|swap|p2b: Starmie|0|[from] move: Ally Switch\n|move|p1a: Sinistcha|Rage Powder|p1a: Sinistcha\n|-singleturn|p1a: Sinistcha|move: Rage Powder\n|move|p2b: Manectric|Volt Switch|p1a: Sinistcha\n|-resisted|p1a: Sinistcha|1\n|-damage|p1a: Sinistcha|86/100\n|\n|t:|1776216498\n|switch|p2b: Charizard|Charizard, L50, M, shiny|100/100|[from] Volt Switch\n|move|p1b: Scizor|Substitute|p1b: Scizor\n|-start|p1b: Scizor|Substitute\n|-damage|p1b: Scizor|76/100\n|\n|-heal|p1a: Sinistcha|92/100|[from] item: Leftovers\n|upkeep\n|turn|2\n|inactive|dvastasean has 30 seconds left.\n|inactive|jackaleana has 30 seconds left.\n|\n|t:|1776216531\n|detailschange|p2b: Charizard|Charizard-Mega-Y, L50, M, shiny\n|-mega|p2b: Charizard|Charizard|Charizardite Y\n|-weather|SunnyDay|[from] ability: Drought|[of] p2b: Charizard\n|move|p1a: Sinistcha|Rage Powder|p1a: Sinistcha\n|-singleturn|p1a: Sinistcha|move: Rage Powder\n|move|p2a: Starmie|Liquidation|p1a: Sinistcha\n|-resisted|p1a: Sinistcha|1\n|-damage|p1a: Sinistcha|86/100\n|move|p2b: Charizard|Heat Wave|p1b: Scizor|[spread] p1a,p1b\n|-supereffective|p1b: Scizor|2\n|-end|p1b: Scizor|Substitute\n|-supereffective|p1a: Sinistcha|1\n|-damage|p1a: Sinistcha|0 fnt\n|faint|p1a: Sinistcha\n|move|p1b: Scizor|Swords Dance|p1b: Scizor\n|-boost|p1b: Scizor|atk|2\n|\n|-weather|SunnyDay|[upkeep]\n|upkeep\n|\n|t:|1776216547\n|switch|p1a: Incineroar|Incineroar, L50, F|100/100\n|-ability|p1a: Incineroar|Intimidate|boost\n|-unboost|p2a: Starmie|atk|1\n|-unboost|p2b: Charizard|atk|1\n|turn|3\n|\n|t:|1776216557\n|move|p1a: Incineroar|Fake Out|p2b: Charizard\n|-damage|p2b: Charizard|81/100\n|move|p2a: Starmie|Ally Switch|p2a: Starmie\n|swap|p2a: Starmie|1|[from] move: Ally Switch\n|cant|p2a: Charizard|flinch\n|move|p1b: Scizor|Baton Pass|p1b: Scizor\n|\n|t:|1776216564\n|switch|p1b: Starmie|Starmie, L50|100/100|[from] Baton Pass\n|\n|-weather|SunnyDay|[upkeep]\n|upkeep\n|turn|4\n|inactive|dvastasean has 30 seconds left.\n|\n|t:|1776216589\n|switch|p2b: Kommo-o|Kommo-o, L50, F, shiny|100/100\n|detailschange|p1b: Starmie|Starmie-Mega, L50\n|-mega|p1b: Starmie|Starmie|Starminite\n|move|p1b: Starmie|Aqua Jet|p2a: Charizard\n|-supereffective|p2a: Charizard|1\n|-damage|p2a: Charizard|0 fnt\n|faint|p2a: Charizard\n|move|p1a: Incineroar|Darkest Lariat|p2b: Kommo-o\n|-resisted|p2b: Kommo-o|1\n|-crit|p2b: Kommo-o\n|-damage|p2b: Kommo-o|76/100\n|\n|-weather|SunnyDay|[upkeep]\n|upkeep\n|inactive|dvastasean has 30 seconds left.\n|\n|t:|1776216616\n|switch|p2a: Manectric|Manectric, L50, F|100/100\n|turn|5\n|\n|t:|1776216635\n|move|p1b: Starmie|Protect|p1b: Starmie\n|-singleturn|p1b: Starmie|Protect\n|move|p2a: Manectric|Volt Switch|p1b: Starmie\n|-activate|p1b: Starmie|move: Protect\n|move|p2b: Kommo-o|Drain Punch|p1a: Incineroar\n|-supereffective|p1a: Incineroar|1\n|-damage|p1a: Incineroar|36/100\n|-heal|p2b: Kommo-o|100/100|[from] drain|[of] p1a: Incineroar\n|-enditem|p1a: Incineroar|Sitrus Berry|[eat]\n|-heal|p1a: Incineroar|61/100|[from] item: Sitrus Berry\n|move|p1a: Incineroar|Parting Shot|p2b: Kommo-o\n|-immune|p2b: Kommo-o|[from] ability: Soundproof\n|\n|-weather|SunnyDay|[upkeep]\n|upkeep\n|turn|6\n|inactive|jackaleana has 30 seconds left.\n|inactive|dvastasean has 30 seconds left.\n|\n|t:|1776216668\n|switch|p2a: Starmie|Starmie, L50|100/100\n|move|p1b: Starmie|Zen Headbutt|p2a: Starmie\n|-resisted|p2a: Starmie|1\n|-damage|p2a: Starmie|0 fnt\n|faint|p2a: Starmie\n|move|p2b: Kommo-o|Drain Punch|p1a: Incineroar\n|-supereffective|p1a: Incineroar|1\n|-damage|p1a: Incineroar|0 fnt\n|faint|p1a: Incineroar\n|\n|-weather|none\n|upkeep\n|\n|t:|1776216680\n|switch|p2a: Manectric|Manectric, L50, F|100/100\n|switch|p1a: Scizor|Scizor, L50, F|76/100\n|turn|7\n|inactive|dvastasean has 30 seconds left.\n|\n|t:|1776216712\n|move|p1b: Starmie|Protect|p1b: Starmie\n|-singleturn|p1b: Starmie|Protect\n|move|p2a: Manectric|Volt Switch|p1b: Starmie\n|-activate|p1b: Starmie|move: Protect\n|move|p2b: Kommo-o|Drain Punch|p1a: Scizor\n|-damage|p1a: Scizor|46/100\n|move|p1a: Scizor|Swords Dance|p1a: Scizor\n|-boost|p1a: Scizor|atk|2\n|\n|upkeep\n|turn|8\n|\n|t:|1776216732\n|move|p1b: Starmie|Aqua Jet|p2a: Manectric\n|-damage|p2a: Manectric|0 fnt\n|faint|p2a: Manectric\n|move|p1a: Scizor|Bullet Punch|p2b: Kommo-o\n|-damage|p2b: Kommo-o|60/100\n|move|p2b: Kommo-o|Drain Punch|p1b: Starmie\n|-resisted|p1b: Starmie|1\n|-damage|p1b: Starmie|80/100\n|-heal|p2b: Kommo-o|70/100|[from] drain|[of] p1b: Starmie\n|\n|upkeep\n|turn|9\n|\n|t:|1776216752\n|move|p1b: Starmie|Zen Headbutt|p2b: Kommo-o\n|-supereffective|p2b: Kommo-o|1\n|-damage|p2b: Kommo-o|0 fnt\n|faint|p2b: Kommo-o\n|\n|win|jackaleana\n|raw|jackaleana's rating: 1108 &rarr; <strong>1135</strong><br />(+27 for winning)\n|raw|dvastasean's rating: 1141 &rarr; <strong>1114</strong><br />(-27 for losing)\n",
  "uploadtime": 1776216764,
  "views": 38,
  "formatid": "gen9championsvgc2026regma",
  "rating": 1114,
  "private": 0,
  "password": null
}