{
  "id": "gen9championsvgc2026regma-2582111945",
  "format": "[Gen 9 Champions] VGC 2026 Reg M-A",
  "players": [
    "percsorfent",
    "rmpemeta"
  ],
  "log": "|j|\u2606percsorfent\n|j|\u2606rmpemeta\n|t:|1776059403\n|gametype|doubles\n|player|p1|percsorfent|hilbert|\n|player|p2|rmpemeta|1|\n|gen|9\n|tier|[Gen 9 Champions] VGC 2026 Reg M-A\n|rule|Species Clause: Limit one of each Pok\u00e9mon\n|rule|Item Clause: Limit 1 of each item\n|clearpoke\n|poke|p1|Tyranitar, L50, F|\n|poke|p1|Rotom-Wash, L50|\n|poke|p1|Garchomp, L50, F|\n|poke|p1|Aerodactyl, L50, F|\n|poke|p1|Sinistcha, L50|\n|poke|p1|Sneasler, L50, F|\n|poke|p2|Charizard, L50, M|\n|poke|p2|Whimsicott, L50, F|\n|poke|p2|Basculegion, L50, M|\n|poke|p2|Farigiraf, L50, M|\n|poke|p2|Kangaskhan, L50, F|\n|poke|p2|Sneasler, L50, F|\n|teampreview|4\npercsorfent rejected open team sheets.\n|c|\u2606rmpemeta|hola perdedor\n|c|\u2606percsorfent|dont say hello to me bean\n|inactive|Battle timer is ON: inactive players will automatically lose when time's up. (requested by percsorfent)\n|\n|t:|1776059497\n|teamsize|p1|4\n|teamsize|p2|4\n|start\n|switch|p1a: Aerodactyl|Aerodactyl, L50, F|100/100\n|switch|p1b: Tyranitar|Tyranitar, L50, F|100/100\n|switch|p2a: Whimsicott|Whimsicott, L50, F|100/100\n|switch|p2b: Sneasler|Sneasler, L50, F|100/100\n|-ability|p1a: Aerodactyl|Unnerve\n|-weather|Sandstorm|[from] ability: Sand Stream|[of] p1b: Tyranitar\n|turn|1\n|inactive|percsorfent has 30 seconds left.\n|inactive|rmpemeta has 30 seconds left.\n|inactive|rmpemeta has 20 seconds left.\n|inactive|rmpemeta has 15 seconds left.\n|\n|t:|1776059538\n|switch|p2b: Kangaskhan|Kangaskhan, L50, F|100/100\n|move|p1b: Tyranitar|Protect|p1b: Tyranitar\n|-singleturn|p1b: Tyranitar|Protect\n|move|p2a: Whimsicott|Sunny Day|p2a: Whimsicott\n|-weather|SunnyDay\n|move|p1a: Aerodactyl|Tailwind|p1a: Aerodactyl\n|-sidestart|p1: percsorfent|move: Tailwind\n|\n|-weather|SunnyDay|[upkeep]\n|upkeep\n|turn|2\n|\n|t:|1776059560\n|detailschange|p1b: Tyranitar|Tyranitar-Mega, L50, F\n|-mega|p1b: Tyranitar|Tyranitar|Tyranitarite\n|-weather|Sandstorm|[from] ability: Sand Stream|[of] p1b: Tyranitar\n|detailschange|p2b: Kangaskhan|Kangaskhan-Mega, L50, F\n|-mega|p2b: Kangaskhan|Kangaskhan|Kangaskhanite\n|move|p2a: Whimsicott|Tailwind|p2a: Whimsicott\n|-sidestart|p2: rmpemeta|move: Tailwind\n|move|p1a: Aerodactyl|Dual Wingbeat|p2a: Whimsicott\n|-supereffective|p2a: Whimsicott|1\n|-damage|p2a: Whimsicott|53/100\n|-supereffective|p2a: Whimsicott|1\n|-damage|p2a: Whimsicott|6/100\n|-hitcount|p2a: Whimsicott|2\n|move|p2b: Kangaskhan|Drain Punch|p1b: Tyranitar\n|-supereffective|p1b: Tyranitar|2\n|-damage|p1b: Tyranitar|27/100\n|-supereffective|p1b: Tyranitar|2\n|-damage|p1b: Tyranitar|11/100\n|-hitcount|p1b: Tyranitar|2\n|move|p1b: Tyranitar|Rock Slide|p2a: Whimsicott|[spread] p2a,p2b\n|-damage|p2a: Whimsicott|0 fnt\n|-damage|p2b: Kangaskhan|67/100\n|faint|p2a: Whimsicott\n|\n|-weather|Sandstorm|[upkeep]\n|-damage|p2b: Kangaskhan|60/100|[from] Sandstorm\n|upkeep\n|inactive|rmpemeta has 30 seconds left.\n|inactive|rmpemeta has 20 seconds left.\n|\n|t:|1776059597\n|switch|p2a: Basculegion|Basculegion, L50, M|100/100\n|turn|3\n|inactive|percsorfent has 30 seconds left.\n|\n|t:|1776059624\n|move|p1a: Aerodactyl|Protect|p1a: Aerodactyl\n|-singleturn|p1a: Aerodactyl|Protect\n|move|p2a: Basculegion|Last Respects|p1a: Aerodactyl\n|-activate|p1a: Aerodactyl|move: Protect\n|move|p2b: Kangaskhan|Drain Punch|p1b: Tyranitar\n|-supereffective|p1b: Tyranitar|2\n|-crit|p1b: Tyranitar\n|-damage|p1b: Tyranitar|0 fnt\n|-heal|p2b: Kangaskhan|65/100|[from] drain|[of] p1b: Tyranitar\n|faint|p1b: Tyranitar\n|-hitcount|p1: Tyranitar|1\n|\n|-weather|Sandstorm|[upkeep]\n|-damage|p2a: Basculegion|94/100|[from] Sandstorm\n|-damage|p2b: Kangaskhan|59/100|[from] Sandstorm\n|upkeep\n|\n|t:|1776059640\n|switch|p1b: Rotom|Rotom-Wash, L50|100/100\n|turn|4\n|\n|t:|1776059662\n|move|p2b: Kangaskhan|Sucker Punch|p1a: Aerodactyl\n|-damage|p1a: Aerodactyl|55/100\n|-damage|p1a: Aerodactyl|44/100\n|-hitcount|p1a: Aerodactyl|2\n|move|p1b: Rotom|Electroweb|p2b: Kangaskhan|[spread] p2a,p2b\n|-supereffective|p2a: Basculegion|1\n|-damage|p2a: Basculegion|55/100\n|-damage|p2b: Kangaskhan|43/100\n|-unboost|p2a: Basculegion|spe|1\n|-unboost|p2b: Kangaskhan|spe|1\n|move|p1a: Aerodactyl|Rock Slide|p2b: Kangaskhan|[spread] p2a,p2b\n|-damage|p2a: Basculegion|22/100\n|-damage|p2b: Kangaskhan|22/100\n|move|p2a: Basculegion|Last Respects|p1a: Aerodactyl\n|-damage|p1a: Aerodactyl|0 fnt\n|faint|p1a: Aerodactyl\n|\n|-weather|Sandstorm|[upkeep]\n|-damage|p1b: Rotom|95/100|[from] Sandstorm\n|-damage|p2a: Basculegion|16/100|[from] Sandstorm\n|-damage|p2b: Kangaskhan|16/100|[from] Sandstorm\n|-sideend|p1: percsorfent|move: Tailwind\n|upkeep\n|\n|t:|1776059676\n|switch|p1a: Sneasler|Sneasler, L50, F|100/100\n|turn|5\n|inactive|rmpemeta has 30 seconds left.\n|\n|t:|1776059703\n|switch|p2b: Sneasler|Sneasler, L50, F|100/100\n|move|p1a: Sneasler|Fake Out|p2b: Sneasler\n|-damage|p2b: Sneasler|75/100\n|move|p2a: Basculegion|Last Respects|p1a: Sneasler\n|-damage|p1a: Sneasler|0 fnt\n|faint|p1a: Sneasler\n|move|p1b: Rotom|Electroweb|p2b: Sneasler|[spread] p2a,p2b\n|-supereffective|p2a: Basculegion|1\n|-damage|p2a: Basculegion|0 fnt\n|-damage|p2b: Sneasler|50/100\n|-unboost|p2b: Sneasler|spe|1\n|faint|p2a: Basculegion\n|-enditem|p2b: Sneasler|White Herb\n|-clearnegativeboost|p2b: Sneasler|[silent]\n|\n|-weather|Sandstorm|[upkeep]\n|-damage|p2b: Sneasler|44/100|[from] Sandstorm\n|-damage|p1b: Rotom|89/100|[from] Sandstorm\n|-sideend|p2: rmpemeta|move: Tailwind\n|upkeep\n|c|\u2606rmpemeta|gg perdedor\n|\n|t:|1776059724\n|switch|p2a: Kangaskhan|Kangaskhan-Mega, L50, F|16/100\n|turn|6\n|\n|t:|1776059730\n|move|p2a: Kangaskhan|Fake Out|p1b: Rotom\n|-crit|p1b: Rotom\n|-damage|p1b: Rotom|46/100\n|-damage|p1b: Rotom|39/100\n|-hitcount|p1b: Rotom|2\n|move|p2b: Sneasler|Close Combat|p1b: Rotom\n|-damage|p1b: Rotom|0 fnt\n|-unboost|p2b: Sneasler|def|1\n|-unboost|p2b: Sneasler|spd|1\n|faint|p1b: Rotom\n|\n|win|rmpemeta\n|c|\u2606rmpemeta|a llorar con tu mam\u00e1\n|c|\u2606rmpemeta|becerro\n|c|\u2606percsorfent|cornball playstle\n|c|\u2606percsorfent|ur mom doesnt love you i see why you play this way lolololololol\n|c|\u2606rmpemeta|a llorar\n|c|\u2606rmpemeta|sigue spameando derrotas en todo el ladder\n|c|\u2606rmpemeta|necesitamos mas puntos\n|c|\u2606rmpemeta|se te agradece\n|c|\u2606percsorfent|lolololololololololo\n|c|\u2606percsorfent|Tu mam\u00e1 me la chupa bien :P\n|c|\u2606rmpemeta|si tuvieras\n|c|\u2606rmpemeta|pajuo\n|c|\u2606percsorfent|Tan furioso en tu choza de barro jajajajaj\n|c|\u2606rmpemeta|Nincs sz\u00fcks\u00e9gem semmi m\u00e1sra, hogy megnyerjem a sz\u00edvem.\n|c|\u2606rmpemeta|Majdnem bekapcsoltam az internetet\n|c|\u2606rmpemeta|traduce eso bobo\n",
  "uploadtime": 1776059977,
  "views": 11,
  "formatid": "gen9championsvgc2026regma",
  "rating": null,
  "private": 0,
  "password": null
}