{
  "id": "gen9championsvgc2026regma-2583359226",
  "format": "[Gen 9 Champions] VGC 2026 Reg M-A",
  "players": [
    "scpSeptember\u9b3c\u706f",
    "bagiira"
  ],
  "log": "|j|\u2606scpSeptember\u9b3c\u706f\n|j|\u2606bagiira\n|t:|1776169966\n|gametype|doubles\n|player|p1|scpSeptember\u9b3c\u706f|caitlin|1316\n|player|p2|bagiira|miku-ghost|1280\n|gen|9\n|tier|[Gen 9 Champions] VGC 2026 Reg M-A\n|rated|\n|rule|Species Clause: Limit one of each Pok\u00e9mon\n|rule|Item Clause: Limit 1 of each item\n|clearpoke\n|poke|p1|Chandelure, L50, F|\n|poke|p1|Farigiraf, L50, F|\n|poke|p1|Floette-Eternal, L50, F|\n|poke|p1|Sneasler, L50, M|\n|poke|p1|Noivern, L50, F|\n|poke|p1|Rotom-Wash, L50|\n|poke|p2|Froslass, L50, F|\n|poke|p2|Rotom-Frost, L50|\n|poke|p2|Incineroar, L50, M|\n|poke|p2|Basculegion, L50, M|\n|poke|p2|Garchomp, L50, F|\n|poke|p2|Orthworm, L50, M|\n|teampreview|4\n|inactive|Battle timer is ON: inactive players will automatically lose when time's up. (requested by bagiira)\n|inactive|scpSeptember\u9b3c\u706f has 60 seconds left.\n|inactive|bagiira has 60 seconds left.\nscpSeptember\u9b3c\u706f rejected open team sheets.\n|\n|t:|1776170023\n|teamsize|p1|4\n|teamsize|p2|4\n|start\n|switch|p1a: Chandelure|Chandelure, L50, F|100/100\n|switch|p1b: Noivern|Noivern, L50, F|100/100\n|switch|p2a: Garchomp|Garchomp, L50, F|100/100\n|switch|p2b: Rotom|Rotom-Frost, L50|100/100\n|-item|p2a: Garchomp|Focus Sash|[from] ability: Frisk|[of] p1b: Noivern\n|-item|p2b: Rotom|Never-Melt Ice|[from] ability: Frisk|[of] p1b: Noivern\n|turn|1\n|inactive|scpSeptember\u9b3c\u706f has 30 seconds left.\n|inactive|scpSeptember\u9b3c\u706f has 20 seconds left.\n|\n|t:|1776170059\n|switch|p1a: Rotom|Rotom-Wash, L50|100/100\n|move|p2b: Rotom|Helping Hand|p2a: Garchomp\n|-singleturn|p2a: Garchomp|Helping Hand|[of] p2b: Rotom\n|move|p1b: Noivern|Protect|p1b: Noivern\n|-singleturn|p1b: Noivern|Protect\n|move|p2a: Garchomp|Rock Slide|p1a: Rotom|[spread] \n|-activate|p1b: Noivern|move: Protect\n|-miss|p2a: Garchomp|p1a: Rotom\n|\n|upkeep\n|turn|2\n|inactive|bagiira has 30 seconds left.\n|inactive|bagiira has 20 seconds left.\n|inactive|bagiira has 15 seconds left.\n|inactive|bagiira has 10 seconds left.\n|inactive|bagiira has 5 seconds left.\n|\n|t:|1776170113\n|move|p2a: Garchomp|Protect|p2a: Garchomp\n|-singleturn|p2a: Garchomp|Protect\n|move|p1a: Rotom|Hydro Pump|p2b: Rotom\n|-damage|p2b: Rotom|41/100\n|move|p1b: Noivern|Draco Meteor|p2b: Rotom\n|-damage|p2b: Rotom|0 fnt\n|-unboost|p1b: Noivern|spa|2\n|faint|p2b: Rotom\n|\n|upkeep\n|\n|t:|1776170122\n|switch|p2b: Froslass|Froslass, L50, F|100/100\n|turn|3\n|\n|t:|1776170144\n|detailschange|p2b: Froslass|Froslass-Mega, L50, F\n|-mega|p2b: Froslass|Froslass|Froslassite\n|-weather|Snowscape|[from] ability: Snow Warning|[of] p2b: Froslass\n|move|p1a: Rotom|Hydro Pump|p2a: Garchomp\n|-damage|p2a: Garchomp|53/100\n|move|p1b: Noivern|Draco Meteor|p2a: Garchomp|[miss]\n|-miss|p1b: Noivern|p2a: Garchomp\n|move|p2b: Froslass|Shadow Ball|p1b: Noivern\n|-damage|p1b: Noivern|46/100\n|move|p2a: Garchomp|Dragon Claw|p1a: Rotom\n|-damage|p1a: Rotom|49/100\n|\n|-weather|Snowscape|[upkeep]\n|upkeep\n|turn|4\n|inactive|scpSeptember\u9b3c\u706f has 30 seconds left.\n|inactive|bagiira has 30 seconds left.\n|inactive|bagiira has 20 seconds left.\n|inactive|bagiira has 15 seconds left.\n|inactive|bagiira has 10 seconds left.\n|\n|t:|1776170191\n|switch|p1a: Farigiraf|Farigiraf, L50, F|100/100\n|move|p2a: Garchomp|Protect|p2a: Garchomp\n|-singleturn|p2a: Garchomp|Protect\n|move|p1b: Noivern|Tailwind|p1b: Noivern\n|-sidestart|p1: scpSeptember\u9b3c\u706f|move: Tailwind\n|move|p2b: Froslass|Blizzard|p1a: Farigiraf|[spread] p1a,p1b\n|-supereffective|p1b: Noivern|2\n|-damage|p1a: Farigiraf|66/100\n|-damage|p1b: Noivern|0 fnt\n|faint|p1b: Noivern\n|\n|-weather|Snowscape|[upkeep]\n|upkeep\n|\n|t:|1776170203\n|switch|p1b: Rotom|Rotom-Wash, L50|49/100\n|turn|5\n|\n|t:|1776170219\n|move|p1b: Rotom|Hydro Pump|p2b: Froslass\n|-damage|p2b: Froslass|45/100\n|move|p2b: Froslass|Weather Ball|p1a: Farigiraf\n|-damage|p1a: Farigiraf|26/100\n|move|p2a: Garchomp|Dragon Claw|p1b: Rotom\n|-damage|p1b: Rotom|3/100\n|move|p1a: Farigiraf|Psychic|p2a: Garchomp\n|-damage|p2a: Garchomp|17/100\n|\n|-weather|Snowscape|[upkeep]\n|upkeep\n|turn|6\n|inactive|scpSeptember\u9b3c\u706f has 30 seconds left.\n|\n|t:|1776170245\n|move|p2b: Froslass|Protect|p2b: Froslass\n|-singleturn|p2b: Froslass|Protect\n|move|p1a: Farigiraf|Protect|p1a: Farigiraf\n|-singleturn|p1a: Farigiraf|Protect\n|move|p1b: Rotom|Hydro Pump|p2a: Garchomp\n|-damage|p2a: Garchomp|0 fnt\n|faint|p2a: Garchomp\n|\n|-weather|Snowscape|[upkeep]\n|upkeep\n|\n|t:|1776170251\n|switch|p2a: Basculegion|Basculegion, L50, M|100/100\n|turn|7\n|inactive|bagiira has 30 seconds left.\n|\n|t:|1776170278\n|move|p1b: Rotom|Hydro Pump|p2b: Froslass\n|-damage|p2b: Froslass|0 fnt\n|faint|p2b: Froslass\n|move|p2a: Basculegion|Wave Crash|p1a: Farigiraf\n|-damage|p1a: Farigiraf|0 fnt\n|faint|p1a: Farigiraf\n|-damage|p2a: Basculegion|91/100|[from] Recoil\n|\n|-weather|none\n|-sideend|p1: scpSeptember\u9b3c\u706f|move: Tailwind\n|upkeep\n|\n|t:|1776170283\n|switch|p1a: Chandelure|Chandelure, L50, F|100/100\n|turn|8\n|inactive|bagiira has 30 seconds left.\n|inactive|bagiira has 20 seconds left.\n|\n|t:|1776170320\n|detailschange|p1a: Chandelure|Chandelure-Mega, L50, F\n|-mega|p1a: Chandelure|Chandelure|Chandelurite\n|move|p1b: Rotom|Hydro Pump|p2a: Basculegion\n|-resisted|p2a: Basculegion|1\n|-damage|p2a: Basculegion|66/100\n|move|p2a: Basculegion|Wave Crash|p1b: Rotom\n|-resisted|p1b: Rotom|1\n|-damage|p1b: Rotom|0 fnt\n|faint|p1b: Rotom\n|-damage|p2a: Basculegion|66/100|[from] Recoil\n|move|p1a: Chandelure|Substitute|p1a: Chandelure\n|-start|p1a: Chandelure|Substitute\n|-damage|p1a: Chandelure|76/100\n|\n|upkeep\n|turn|9\n|c|\u2606scpSeptember\u9b3c\u706f|gg\n|c|\u2606bagiira|rly thought youd protect\n|\n|t:|1776170339\n|move|p2a: Basculegion|Wave Crash|p1a: Chandelure\n|-supereffective|p1a: Chandelure|1\n|-end|p1a: Chandelure|Substitute\n|-damage|p2a: Basculegion|60/100|[from] Recoil|[of] p1a: Chandelure\n|move|p1a: Chandelure|Shadow Ball|p2a: Basculegion\n|-supereffective|p2a: Basculegion|1\n|-damage|p2a: Basculegion|0 fnt\n|faint|p2a: Basculegion\n|\n|win|scpSeptember\u9b3c\u706f\n|raw|scpSeptember\u9b3c\u706f's rating: 1316 &rarr; <strong>1334</strong><br />(+18 for winning)\n|raw|bagiira's rating: 1280 &rarr; <strong>1258</strong><br />(-22 for losing)\n|l|\u2606bagiira\n|player|p2|\n",
  "uploadtime": 1776170371,
  "views": 28,
  "formatid": "gen9championsvgc2026regma",
  "rating": 1258,
  "private": 0,
  "password": null
}