{
  "id": "gen9championsvgc2026regma-2583536110",
  "format": "[Gen 9 Champions] VGC 2026 Reg M-A",
  "players": [
    "zCesarsub",
    "mofriu4334"
  ],
  "log": "|j|\u2606zCesarsub\n|j|\u2606mofriu4334\n|t:|1776181835\n|gametype|doubles\n|player|p1|zCesarsub|iris-gen5bw2|\n|player|p2|mofriu4334|bianca|\n|gen|9\n|tier|[Gen 9 Champions] VGC 2026 Reg M-A\n|rule|Species Clause: Limit one of each Pok\u00e9mon\n|rule|Item Clause: Limit 1 of each item\n|clearpoke\n|poke|p1|Politoed, L50, M|\n|poke|p1|Basculegion, L50, M|\n|poke|p1|Sinistcha, L50|\n|poke|p1|Incineroar, L50, M|\n|poke|p1|Jolteon, L50, F|\n|poke|p1|Scizor, L50, M|\n|poke|p2|Scizor, L50, M|\n|poke|p2|Rotom-Wash, L50|\n|poke|p2|Sylveon, L50, F|\n|poke|p2|Incineroar, L50, M|\n|poke|p2|Garchomp, L50, F|\n|poke|p2|Dragonite, L50, F|\n|teampreview|4\n|\n|t:|1776181879\n|teamsize|p1|4\n|teamsize|p2|4\n|start\n|switch|p1a: Politoed|Politoed, L50, M|100/100\n|switch|p1b: Basculegion|Basculegion, L50, M, shiny|100/100\n|switch|p2a: Garchomp|Garchomp, L50, F|100/100\n|switch|p2b: Sylveon|Sylveon, L50, F, shiny|100/100\n|-weather|RainDance|[from] ability: Drizzle|[of] p1a: Politoed\n|turn|1\n|\n|t:|1776181906\n|move|p1a: Politoed|Helping Hand|p1b: Basculegion\n|-singleturn|p1b: Basculegion|Helping Hand|[of] p1a: Politoed\n|move|p1b: Basculegion|Ice Fang|p2a: Garchomp\n|-supereffective|p2a: Garchomp|2\n|-crit|p2a: Garchomp\n|-enditem|p2a: Garchomp|Yache Berry|[eat]\n|-enditem|p2a: Garchomp|Yache Berry|[weaken]\n|-damage|p2a: Garchomp|0 fnt\n|-damage|p1b: Basculegion|88/100|[from] ability: Rough Skin|[of] p2a: Garchomp\n|faint|p2a: Garchomp\n|move|p2b: Sylveon|Hyper Voice|p1a: Politoed|[spread] p1a,p1b\n|-damage|p1a: Politoed|80/100\n|-damage|p1b: Basculegion|56/100\n|\n|-weather|RainDance|[upkeep]\n|upkeep\n|\n|t:|1776181920\n|switch|p2a: Rotom|Rotom-Wash, L50|100/100\n|turn|2\n|\n|t:|1776181977\n|switch|p1b: Jolteon|Jolteon, L50, F|100/100\n|move|p2b: Sylveon|Helping Hand|p2a: Rotom\n|-singleturn|p2a: Rotom|Helping Hand|[of] p2b: Sylveon\n|move|p1a: Politoed|Protect|p1a: Politoed\n|-singleturn|p1a: Politoed|Protect\n|move|p2a: Rotom|Thunderbolt|p1a: Politoed\n|-activate|p1a: Politoed|move: Protect\n|\n|-weather|RainDance|[upkeep]\n|upkeep\n|turn|3\n|\n|t:|1776182004\n|move|p1a: Politoed|Helping Hand|p1b: Jolteon\n|-singleturn|p1b: Jolteon|Helping Hand|[of] p1a: Politoed\n|move|p2a: Rotom|Protect|p2a: Rotom\n|-singleturn|p2a: Rotom|Protect\n|move|p1b: Jolteon|Thunder|p2a: Rotom\n|-activate|p2a: Rotom|move: Protect\n|move|p2b: Sylveon|Hyper Voice|p1a: Politoed|[spread] p1a,p1b\n|-damage|p1a: Politoed|58/100\n|-damage|p1b: Jolteon|68/100\n|\n|-weather|RainDance|[upkeep]\n|upkeep\n|turn|4\n|\n|t:|1776182035\n|switch|p1a: Sinistcha|Sinistcha, L50|100/100\n|-heal|p1b: Jolteon|93/100|[from] ability: Hospitality|[of] p1a: Sinistcha\n|move|p2b: Sylveon|Helping Hand|p2a: Rotom\n|-singleturn|p2a: Rotom|Helping Hand|[of] p2b: Sylveon\n|move|p1b: Jolteon|Thunder|p2a: Rotom\n|-damage|p2a: Rotom|37/100\n|-enditem|p2a: Rotom|Sitrus Berry|[eat]\n|-heal|p2a: Rotom|62/100|[from] item: Sitrus Berry\n|move|p2a: Rotom|Thunderbolt|p1a: Sinistcha\n|-resisted|p1a: Sinistcha|1\n|-damage|p1a: Sinistcha|75/100\n|\n|-weather|RainDance|[upkeep]\n|-heal|p1a: Sinistcha|81/100|[from] item: Leftovers\n|upkeep\n|turn|5\n|\n|t:|1776182061\n|switch|p2a: Scizor|Scizor, L50, M|100/100\n|move|p1b: Jolteon|Thunder|p2a: Scizor\n|-damage|p2a: Scizor|33/100\n|move|p1a: Sinistcha|Matcha Gotcha|p2b: Sylveon|[spread] p2a,p2b\n|-resisted|p2a: Scizor|2\n|-damage|p2a: Scizor|25/100\n|-heal|p1a: Sinistcha|85/100|[from] drain|[of] p2a: Scizor\n|-damage|p2b: Sylveon|87/100\n|-heal|p1a: Sinistcha|94/100|[from] drain|[of] p2b: Sylveon\n|move|p2b: Sylveon|Hyper Voice|p1a: Sinistcha|[spread] p1a,p1b\n|-damage|p1a: Sinistcha|66/100\n|-damage|p1b: Jolteon|57/100\n|\n|-weather|none\n|-heal|p1a: Sinistcha|71/100|[from] item: Leftovers\n|-heal|p2b: Sylveon|93/100|[from] item: Leftovers\n|upkeep\n|turn|6\n|\n|t:|1776182090\n|move|p1a: Sinistcha|Rage Powder|p1a: Sinistcha\n|-singleturn|p1a: Sinistcha|move: Rage Powder\n|move|p1b: Jolteon|Volt Switch|p2a: Scizor\n|-crit|p2a: Scizor\n|-damage|p2a: Scizor|0 fnt\n|faint|p2a: Scizor\n|\n|t:|1776182096\n|switch|p1b: Basculegion|Basculegion, L50, M, shiny|56/100|[from] Volt Switch\n|move|p2b: Sylveon|Yawn|p1a: Sinistcha\n|-start|p1a: Sinistcha|move: Yawn|[of] p2b: Sylveon\n|\n|-heal|p1a: Sinistcha|77/100|[from] item: Leftovers\n|-heal|p2b: Sylveon|99/100|[from] item: Leftovers\n|upkeep\n|\n|t:|1776182104\n|switch|p2a: Rotom|Rotom-Wash, L50|62/100\n|turn|7\n|\n|t:|1776182119\n|move|p2a: Rotom|Protect|p2a: Rotom\n|-singleturn|p2a: Rotom|Protect\n|move|p1b: Basculegion|Wave Crash|p2b: Sylveon\n|-damage|p2b: Sylveon|18/100\n|-damage|p1b: Basculegion|31/100|[from] Recoil\n|move|p1a: Sinistcha|Matcha Gotcha|p2b: Sylveon|[spread] p2b\n|-activate|p2a: Rotom|move: Protect\n|-damage|p2b: Sylveon|6/100\n|-heal|p1a: Sinistcha|84/100|[from] drain|[of] p2b: Sylveon\n|move|p2b: Sylveon|Hyper Voice|p1b: Basculegion|[spread] p1a,p1b\n|-damage|p1a: Sinistcha|58/100\n|-damage|p1b: Basculegion|0 fnt\n|faint|p1b: Basculegion\n|\n|-heal|p1a: Sinistcha|64/100|[from] item: Leftovers\n|-heal|p2b: Sylveon|12/100|[from] item: Leftovers\n|-end|p1a: Sinistcha|move: Yawn|[silent]\n|-status|p1a: Sinistcha|slp\n|upkeep\n|\n|t:|1776182136\n|switch|p1b: Jolteon|Jolteon, L50, F|57/100\n|turn|8\n|\n|t:|1776182144\n|move|p1b: Jolteon|Thunder|p2a: Rotom\n|-crit|p2a: Rotom\n|-damage|p2a: Rotom|0 fnt\n|faint|p2a: Rotom\n|cant|p1a: Sinistcha|slp\n|move|p2b: Sylveon|Hyper Voice|p1b: Jolteon|[spread] p1a,p1b\n|-damage|p1a: Sinistcha|34/100 slp\n|-damage|p1b: Jolteon|23/100\n|\n|-heal|p1a: Sinistcha|40/100 slp|[from] item: Leftovers\n|-heal|p2b: Sylveon|18/100|[from] item: Leftovers\n|upkeep\n|turn|9\n|\n|t:|1776182162\n|move|p1b: Jolteon|Volt Switch|p2b: Sylveon\n|-damage|p2b: Sylveon|0 fnt\n|faint|p2b: Sylveon\n|\n|win|zCesarsub\n|l|\u2606mofriu4334\n|player|p2|\n",
  "uploadtime": 1776182170,
  "views": 17,
  "formatid": "gen9championsvgc2026regma",
  "rating": null,
  "private": 0,
  "password": null
}