{
  "id": "gen9championsvgc2026regma-2586027410",
  "format": "[Gen 9 Champions] VGC 2026 Reg M-A",
  "players": [
    "Azerea",
    "DropaDunsparce"
  ],
  "log": "|j|\u2606Azerea\n|j|\u2606DropaDunsparce\n|t:|1776391613\n|gametype|doubles\n|player|p1|Azerea|170|1341\n|player|p2|DropaDunsparce|pokefan-gen4|1274\n|gen|9\n|tier|[Gen 9 Champions] VGC 2026 Reg M-A\n|rated|\n|rule|Species Clause: Limit one of each Pok\u00e9mon\n|rule|Item Clause: Limit 1 of each item\n|clearpoke\n|poke|p1|Scizor, L50, F|\n|poke|p1|Tyranitar, L50, M|\n|poke|p1|Milotic, L50, F|\n|poke|p1|Kommo-o, L50, F|\n|poke|p1|Sinistcha, L50|\n|poke|p1|Rotom-Heat, L50|\n|poke|p2|Tyranitar, L50, F|\n|poke|p2|Excadrill, L50, M|\n|poke|p2|Incineroar, L50, M|\n|poke|p2|Rotom-Wash, L50|\n|poke|p2|Sinistcha, L50|\n|poke|p2|Aerodactyl, L50, F|\n|teampreview|4\n|\n|t:|1776391634\n|teamsize|p1|4\n|teamsize|p2|4\n|start\n|switch|p1a: Kommo-o|Kommo-o, L50, F|100/100\n|switch|p1b: Milotic|Milotic, L50, F|100/100\n|switch|p2a: Rotom|Rotom-Wash, L50, shiny|100/100\n|switch|p2b: Aerodactyl|Aerodactyl, L50, F|100/100\n|-ability|p2b: Aerodactyl|Unnerve\n|turn|1\n|\n|t:|1776391652\n|move|p2b: Aerodactyl|Dual Wingbeat|p1a: Kommo-o\n|-supereffective|p1a: Kommo-o|1\n|-damage|p1a: Kommo-o|68/100\n|-supereffective|p1a: Kommo-o|1\n|-damage|p1a: Kommo-o|35/100\n|-hitcount|p1a: Kommo-o|2\n|move|p2a: Rotom|Electroweb|p1b: Milotic|[spread] p1a,p1b\n|-resisted|p1a: Kommo-o|1\n|-supereffective|p1b: Milotic|1\n|-damage|p1a: Kommo-o|25/100\n|-damage|p1b: Milotic|71/100\n|-unboost|p1a: Kommo-o|spe|1\n|-unboost|p1b: Milotic|spe|1\n|-ability|p1b: Milotic|Competitive|boost\n|-boost|p1b: Milotic|spa|2\n|move|p1a: Kommo-o|Clangorous Soul||[still]\n|-fail|p1a: Kommo-o\n|move|p1b: Milotic|Scald|p2b: Aerodactyl\n|-supereffective|p2b: Aerodactyl|1\n|-enditem|p2b: Aerodactyl|Focus Sash\n|-damage|p2b: Aerodactyl|1/100\n|\n|-heal|p1b: Milotic|77/100|[from] item: Leftovers\n|upkeep\n|turn|2\n|\n|t:|1776391682\n|switch|p1a: Sinistcha|Sinistcha, L50|100/100\n|-heal|p1b: Milotic|100/100|[from] ability: Hospitality|[of] p1a: Sinistcha\n|move|p2b: Aerodactyl|Rock Slide|p1a: Sinistcha|[spread] p1a,p1b\n|-damage|p1a: Sinistcha|82/100\n|-damage|p1b: Milotic|80/100\n|move|p2a: Rotom|Electroweb|p1b: Milotic|[spread] p1a,p1b\n|-resisted|p1a: Sinistcha|1\n|-supereffective|p1b: Milotic|1\n|-damage|p1a: Sinistcha|72/100\n|-damage|p1b: Milotic|49/100\n|-unboost|p1a: Sinistcha|spe|1\n|-unboost|p1b: Milotic|spe|1\n|-ability|p1b: Milotic|Competitive|boost\n|-boost|p1b: Milotic|spa|2\n|move|p1b: Milotic|Scald|p2a: Rotom\n|-resisted|p2a: Rotom|1\n|-damage|p2a: Rotom|54/100\n|-status|p2a: Rotom|brn\n|\n|-heal|p1b: Milotic|55/100|[from] item: Leftovers\n|-damage|p2a: Rotom|48/100 brn|[from] brn\n|upkeep\n|turn|3\n|\n|t:|1776391711\n|move|p1b: Milotic|Protect|p1b: Milotic\n|-singleturn|p1b: Milotic|Protect\n|move|p2b: Aerodactyl|Dual Wingbeat|p1b: Milotic\n|-activate|p1b: Milotic|move: Protect\n|move|p2a: Rotom|Electroweb|p1b: Milotic|[spread] p1a\n|-activate|p1b: Milotic|move: Protect\n|-resisted|p1a: Sinistcha|1\n|-damage|p1a: Sinistcha|62/100\n|-unboost|p1a: Sinistcha|spe|1\n|move|p1a: Sinistcha|Matcha Gotcha|p2a: Rotom|[spread] p2a,p2b\n|-supereffective|p2a: Rotom|1\n|-damage|p2a: Rotom|0 fnt\n|-heal|p1a: Sinistcha|80/100|[from] drain|[of] p2a: Rotom\n|-damage|p2b: Aerodactyl|0 fnt\n|-heal|p1a: Sinistcha|80/100|[from] drain|[of] p2b: Aerodactyl\n|faint|p2a: Rotom\n|faint|p2b: Aerodactyl\n|\n|-heal|p1b: Milotic|61/100|[from] item: Leftovers\n|upkeep\n|\n|t:|1776391714\n|switch|p2b: Tyranitar|Tyranitar, L50, F, shiny|100/100\n|switch|p2a: Excadrill|Excadrill, L50, M|100/100\n|-weather|Sandstorm|[from] ability: Sand Stream|[of] p2b: Tyranitar\n|turn|4\n|\n|t:|1776391743\n|move|p2a: Excadrill|Rock Slide|p1b: Milotic|[spread] p1a,p1b\n|-damage|p1a: Sinistcha|63/100\n|-damage|p1b: Milotic|45/100\n|move|p2b: Tyranitar|Rock Slide|p1a: Sinistcha|[spread] p1a,p1b\n|-damage|p1a: Sinistcha|39/100\n|-damage|p1b: Milotic|22/100\n|-enditem|p1a: Sinistcha|Sitrus Berry|[eat]\n|-heal|p1a: Sinistcha|63/100|[from] item: Sitrus Berry\n|move|p1b: Milotic|Life Dew|p1b: Milotic|[spread] p1a,p1b\n|-heal|p1a: Sinistcha|89/100\n|-heal|p1b: Milotic|47/100\n|cant|p1a: Sinistcha|flinch\n|\n|-weather|Sandstorm|[upkeep]\n|-damage|p1b: Milotic|41/100|[from] Sandstorm\n|-damage|p1a: Sinistcha|83/100|[from] Sandstorm\n|-heal|p1b: Milotic|47/100|[from] item: Leftovers\n|upkeep\n|turn|5\n|\n|t:|1776391762\n|move|p1b: Milotic|Protect|p1b: Milotic\n|-singleturn|p1b: Milotic|Protect\n|move|p2a: Excadrill|Rock Slide|p1a: Sinistcha|[spread] p1a\n|-activate|p1b: Milotic|move: Protect\n|-damage|p1a: Sinistcha|66/100\n|move|p2b: Tyranitar|Rock Slide|p1b: Milotic|[spread] p1a\n|-activate|p1b: Milotic|move: Protect\n|-damage|p1a: Sinistcha|42/100\n|cant|p1a: Sinistcha|flinch\n|\n|-weather|Sandstorm|[upkeep]\n|-damage|p1b: Milotic|41/100|[from] Sandstorm\n|-damage|p1a: Sinistcha|35/100|[from] Sandstorm\n|-heal|p1b: Milotic|47/100|[from] item: Leftovers\n|upkeep\n|turn|6\n|\n|t:|1776391805\n|switch|p1b: Kommo-o|Kommo-o, L50, F|25/100\n|move|p2a: Excadrill|Rock Slide|p1b: Kommo-o|[spread] p1a,p1b\n|-resisted|p1b: Kommo-o|1\n|-damage|p1a: Sinistcha|20/100\n|-damage|p1b: Kommo-o|18/100\n|move|p2b: Tyranitar|Rock Slide|p1a: Sinistcha|[spread] p1a\n|-miss|p2b: Tyranitar|p1b: Kommo-o\n|-damage|p1a: Sinistcha|0 fnt\n|faint|p1a: Sinistcha\n|\n|-weather|Sandstorm|[upkeep]\n|upkeep\n|\n|t:|1776391817\n|switch|p1a: Scizor|Scizor, L50, F|100/100\n|turn|7\n|\n|t:|1776391834\n|move|p1b: Kommo-o|Protect|p1b: Kommo-o\n|-singleturn|p1b: Kommo-o|Protect\n|move|p1a: Scizor|Bullet Punch|p2b: Tyranitar\n|-supereffective|p2b: Tyranitar|1\n|-damage|p2b: Tyranitar|45/100\n|move|p2a: Excadrill|High Horsepower|p1a: Scizor\n|-damage|p1a: Scizor|48/100\n|move|p2b: Tyranitar|Rock Slide|p1b: Kommo-o|[spread] p1a\n|-activate|p1b: Kommo-o|move: Protect\n|-damage|p1a: Scizor|19/100\n|\n|-weather|Sandstorm|[upkeep]\n|upkeep\n|turn|8\n|\n|t:|1776391864\n|move|p2b: Tyranitar|Protect|p2b: Tyranitar\n|-singleturn|p2b: Tyranitar|Protect\n|move|p1a: Scizor|Bullet Punch|p2b: Tyranitar\n|-activate|p2b: Tyranitar|move: Protect\n|move|p2a: Excadrill|High Horsepower|p1a: Scizor\n|-damage|p1a: Scizor|0 fnt\n|faint|p1a: Scizor\n|move|p1b: Kommo-o|Aura Sphere|p2a: Excadrill\n|-supereffective|p2a: Excadrill|1\n|-damage|p2a: Excadrill|13/100\n|\n|-weather|none\n|upkeep\n|\n|t:|1776391875\n|switch|p1a: Milotic|Milotic, L50, F|47/100\n|turn|9\n|\n|t:|1776391881\n|detailschange|p2b: Tyranitar|Tyranitar-Mega, L50, F, shiny\n|-mega|p2b: Tyranitar|Tyranitar|Tyranitarite\n|-weather|Sandstorm|[from] ability: Sand Stream|[of] p2b: Tyranitar\n|move|p1b: Kommo-o|Protect|p1b: Kommo-o\n|-singleturn|p1b: Kommo-o|Protect\n|move|p2a: Excadrill|Rock Slide|p1a: Milotic|[spread] p1a\n|-activate|p1b: Kommo-o|move: Protect\n|-damage|p1a: Milotic|30/100\n|move|p1a: Milotic|Life Dew|p1a: Milotic|[spread] p1a,p1b\n|-heal|p1a: Milotic|55/100\n|-heal|p1b: Kommo-o|43/100\n|move|p2b: Tyranitar|Rock Slide|p1b: Kommo-o|[spread] p1a\n|-activate|p1b: Kommo-o|move: Protect\n|-damage|p1a: Milotic|25/100\n|\n|-weather|Sandstorm|[upkeep]\n|-damage|p1a: Milotic|19/100|[from] Sandstorm\n|-heal|p1a: Milotic|25/100|[from] item: Leftovers\n|upkeep\n|turn|10\n|\n|t:|1776391905\n|move|p2a: Excadrill|Rock Slide|p1a: Milotic|[spread] p1a,p1b\n|-resisted|p1b: Kommo-o|1\n|-damage|p1a: Milotic|9/100\n|-damage|p1b: Kommo-o|35/100\n|cant|p1b: Kommo-o|flinch\n|move|p1a: Milotic|Life Dew|p1a: Milotic|[spread] p1a,p1b\n|-heal|p1a: Milotic|35/100\n|-heal|p1b: Kommo-o|60/100\n|move|p2b: Tyranitar|Rock Slide|p1b: Kommo-o|[spread] p1a,p1b\n|-resisted|p1b: Kommo-o|1\n|-damage|p1a: Milotic|6/100\n|-damage|p1b: Kommo-o|45/100\n|\n|-weather|Sandstorm|[upkeep]\n|-damage|p1a: Milotic|0 fnt|[from] Sandstorm\n|faint|p1a: Milotic\n|upkeep\n|turn|11\n|\n|t:|1776391930\n|move|p2a: Excadrill|High Horsepower|p1b: Kommo-o\n|-damage|p1b: Kommo-o|7/100\n|move|p1b: Kommo-o|Aura Sphere|p2a: Excadrill\n|-supereffective|p2a: Excadrill|1\n|-damage|p2a: Excadrill|0 fnt\n|faint|p2a: Excadrill\n|move|p2b: Tyranitar|Crunch|p1b: Kommo-o\n|-resisted|p1b: Kommo-o|1\n|-damage|p1b: Kommo-o|0 fnt\n|faint|p1b: Kommo-o\n|\n|win|DropaDunsparce\n|raw|Azerea's rating: 1341 &rarr; <strong>1317</strong><br />(-24 for losing)\n|raw|DropaDunsparce's rating: 1274 &rarr; <strong>1304</strong><br />(+30 for winning)\n|l|\u2606Azerea\n|player|p1|\n",
  "uploadtime": 1776391955,
  "views": 61,
  "formatid": "gen9championsvgc2026regma",
  "rating": 1304,
  "private": 0,
  "password": null
}