{
  "id": "gen9championsvgc2026regma-2586850391",
  "format": "[Gen 9 Champions] VGC 2026 Reg M-A",
  "players": [
    "Anicredible",
    "Rivelta Origin"
  ],
  "log": "|j|\u2606Anicredible\n|j|\u2606Rivelta Origin\n|t:|1776465230\n|gametype|doubles\n|player|p1|Anicredible|schoolkid-gen4|1050\n|player|p2|Rivelta Origin|guitarist|1124\n|gen|9\n|tier|[Gen 9 Champions] VGC 2026 Reg M-A\n|rated|\n|rule|Species Clause: Limit one of each Pok\u00e9mon\n|rule|Item Clause: Limit 1 of each item\n|clearpoke\n|poke|p1|Kangaskhan, L50, F|\n|poke|p1|Sinistcha, L50|\n|poke|p1|Sneasler, L50, F|\n|poke|p1|Talonflame, L50, F|\n|poke|p1|Corviknight, L50, F|\n|poke|p1|Primarina, L50, F|\n|poke|p2|Aegislash, L50, F|\n|poke|p2|Kangaskhan, L50, F|\n|poke|p2|Hydreigon, L50, M|\n|poke|p2|Whimsicott, L50, M|\n|poke|p2|Arcanine-Hisui, L50, M|\n|poke|p2|Gallade, L50, M|\n|teampreview|4\n|inactive|Battle timer is ON: inactive players will automatically lose when time's up. (requested by Rivelta Origin)\n|inactive|Anicredible also wants the timer to be on.\nAnicredible rejected open team sheets.\n|inactive|Anicredible has 60 seconds left.\n|inactive|Rivelta Origin has 60 seconds left.\n|\n|t:|1776465274\n|teamsize|p1|4\n|teamsize|p2|4\n|start\n|switch|p1a: Kangaskhan|Kangaskhan, L50, F|100/100\n|switch|p1b: Sneasler|Sneasler, L50, F|100/100\n|switch|p2a: Kangaskhan|Kangaskhan, L50, F|100/100\n|switch|p2b: Whimsicott|Whimsicott, L50, M|100/100\n|turn|1\n|\n|t:|1776465298\n|move|p1b: Sneasler|Protect|p1b: Sneasler\n|-singleturn|p1b: Sneasler|Protect\n|move|p1a: Kangaskhan|Fake Out|p2b: Whimsicott\n|-damage|p2b: Whimsicott|75/100\n|move|p2a: Kangaskhan|Fake Out|p1b: Sneasler\n|-activate|p1b: Sneasler|move: Protect\n|cant|p2b: Whimsicott|flinch\n|\n|upkeep\n|turn|2\n|\n|t:|1776465317\n|detailschange|p1a: Kangaskhan|Kangaskhan-Mega, L50, F\n|-mega|p1a: Kangaskhan|Kangaskhan|Kangaskhanite\n|detailschange|p2a: Kangaskhan|Kangaskhan-Mega, L50, F\n|-mega|p2a: Kangaskhan|Kangaskhan|Kangaskhanite\n|move|p2b: Whimsicott|Tailwind|p2b: Whimsicott\n|-sidestart|p2: Rivelta Origin|move: Tailwind\n|move|p2a: Kangaskhan|Last Resort|p1a: Kangaskhan\n|-damage|p1a: Kangaskhan|31/100\n|-damage|p1a: Kangaskhan|15/100\n|-hitcount|p1a: Kangaskhan|2\n|move|p1b: Sneasler|Dire Claw|p2b: Whimsicott\n|-supereffective|p2b: Whimsicott|2\n|-damage|p2b: Whimsicott|0 fnt\n|faint|p2b: Whimsicott\n|move|p1a: Kangaskhan|Double-Edge|p2a: Kangaskhan\n|-damage|p2a: Kangaskhan|45/100\n|-damage|p2a: Kangaskhan|33/100\n|-hitcount|p2a: Kangaskhan|2\n|-damage|p1a: Kangaskhan|0 fnt|[from] Recoil\n|faint|p1a: Kangaskhan\n|\n|upkeep\n|inactive|Rivelta Origin has 30 seconds left.\n|\n|t:|1776465343\n|switch|p2b: Arcanine|Arcanine-Hisui, L50, M|100/100\n|switch|p1a: Talonflame|Talonflame, L50, F|100/100\n|-ability|p2b: Arcanine|Intimidate|boost\n|-unboost|p1a: Talonflame|atk|1\n|-unboost|p1b: Sneasler|atk|1\n|-enditem|p1b: Sneasler|White Herb\n|-clearnegativeboost|p1b: Sneasler|[silent]\n|turn|3\n|inactive|Anicredible has 30 seconds left.\n|\n|t:|1776465369\n|move|p1a: Talonflame|Tailwind|p1a: Talonflame\n|-sidestart|p1: Anicredible|move: Tailwind\n|move|p1b: Sneasler|Close Combat|p2a: Kangaskhan\n|-supereffective|p2a: Kangaskhan|1\n|-damage|p2a: Kangaskhan|0 fnt\n|-unboost|p1b: Sneasler|def|1\n|-unboost|p1b: Sneasler|spd|1\n|faint|p2a: Kangaskhan\n|move|p2b: Arcanine|Rock Slide|p1b: Sneasler|[spread] p1a,p1b\n|-supereffective|p1a: Talonflame|2\n|-resisted|p1b: Sneasler|1\n|-enditem|p1a: Talonflame|Focus Sash\n|-damage|p1a: Talonflame|1/100\n|-damage|p1b: Sneasler|66/100\n|\n|upkeep\n|\n|t:|1776465381\n|switch|p2a: Hydreigon|Hydreigon, L50, M|100/100\n|turn|4\n|inactive|Anicredible has 30 seconds left.\n|inactive|Rivelta Origin has 30 seconds left.\n|\n|t:|1776465411\n|move|p2b: Arcanine|Extreme Speed|p1b: Sneasler\n|-damage|p1b: Sneasler|0 fnt\n|faint|p1b: Sneasler\n|move|p2a: Hydreigon|Dark Pulse|p1a: Talonflame\n|-crit|p1a: Talonflame\n|-damage|p1a: Talonflame|0 fnt\n|faint|p1a: Talonflame\n|\n|upkeep\n|\n|t:|1776465420\n|switch|p1b: Primarina|Primarina, L50, F|100/100\n|turn|5\n|\n|t:|1776465430\n|move|p1b: Primarina|Protect|p1b: Primarina\n|-singleturn|p1b: Primarina|Protect\n|move|p2a: Hydreigon|Dark Pulse|p1b: Primarina\n|-activate|p1b: Primarina|move: Protect\n|move|p2b: Arcanine|Rock Slide|p1b: Primarina\n|-activate|p1b: Primarina|move: Protect\n|\n|-sideend|p2: Rivelta Origin|move: Tailwind\n|upkeep\n|turn|6\n|\n|t:|1776465444\n|move|p2a: Hydreigon|Dark Pulse|p1b: Primarina\n|-resisted|p1b: Primarina|1\n|-damage|p1b: Primarina|83/100\n|move|p1b: Primarina|Calm Mind|p1b: Primarina\n|-boost|p1b: Primarina|spa|1\n|-boost|p1b: Primarina|spd|1\n|move|p2b: Arcanine|Rock Slide|p1b: Primarina\n|-damage|p1b: Primarina|35/100\n|\n|-sideend|p1: Anicredible|move: Tailwind\n|upkeep\n|turn|7\n|\n|t:|1776465461\n|move|p2b: Arcanine|Extreme Speed|p1b: Primarina\n|-damage|p1b: Primarina|2/100\n|move|p2a: Hydreigon|Dark Pulse|p1b: Primarina\n|-resisted|p1b: Primarina|1\n|-damage|p1b: Primarina|0 fnt\n|faint|p1b: Primarina\n|\n|win|Rivelta Origin\n|raw|Anicredible's rating: 1050 &rarr; <strong>1036</strong><br />(-14 for losing)\n|raw|Rivelta Origin's rating: 1124 &rarr; <strong>1144</strong><br />(+20 for winning)\n|c|\u2606Anicredible|ggwp\n",
  "uploadtime": 1776465470,
  "views": 21,
  "formatid": "gen9championsvgc2026regma",
  "rating": 1036,
  "private": 0,
  "password": null
}