{
  "id": "gen9championsvgc2026regma-2584049767",
  "format": "[Gen 9 Champions] VGC 2026 Reg M-A",
  "players": [
    "Bman3111",
    "Joe Sheboygan"
  ],
  "log": "|j|\u2606Bman3111\n|j|\u2606Joe Sheboygan\n|t:|1776220155\n|gametype|doubles\n|player|p1|Bman3111|1|1351\n|player|p2|Joe Sheboygan|steven|1388\n|gen|9\n|tier|[Gen 9 Champions] VGC 2026 Reg M-A\n|rated|\n|rule|Species Clause: Limit one of each Pok\u00e9mon\n|rule|Item Clause: Limit 1 of each item\n|clearpoke\n|poke|p1|Gengar, L50, M|\n|poke|p1|Incineroar, L50, F|\n|poke|p1|Politoed, L50, F|\n|poke|p1|Rotom-Wash, L50|\n|poke|p1|Sneasler, L50, M|\n|poke|p1|Corviknight, L50, F|\n|poke|p2|Gardevoir, L50, M|\n|poke|p2|Primarina, L50, F|\n|poke|p2|Zoroark-Hisui, L50, M|\n|poke|p2|Farigiraf, L50, M|\n|poke|p2|Torkoal, L50, M|\n|poke|p2|Incineroar, L50, M|\n|teampreview|4\n|inactive|Battle timer is ON: inactive players will automatically lose when time's up. (requested by Bman3111)\nBman3111 has agreed to open team sheets.\n|inactive|Bman3111 has 60 seconds left.\n|\n|t:|1776220203\n|teamsize|p1|4\n|teamsize|p2|4\n|start\n|switch|p1a: Gengar|Gengar, L50, M|100/100\n|switch|p1b: Rotom|Rotom-Wash, L50|100/100\n|switch|p2a: Primarina|Primarina, L50, F|100/100\n|switch|p2b: Farigiraf|Farigiraf, L50, M|100/100\n|turn|1\n|\n|t:|1776220215\n|detailschange|p1a: Gengar|Gengar-Mega, L50, M\n|-mega|p1a: Gengar|Gengar|Gengarite\n|move|p1a: Gengar|Protect|p1a: Gengar\n|-singleturn|p1a: Gengar|Protect\n|move|p2b: Farigiraf|Round|p1a: Gengar\n|-activate|p1a: Gengar|move: Protect\n|move|p2a: Primarina|Round|p1a: Gengar|[from] move: Round\n|-activate|p1a: Gengar|move: Protect\n|move|p1b: Rotom|Volt Switch|p2a: Primarina\n|-supereffective|p2a: Primarina|1\n|-damage|p2a: Primarina|55/100\n|\n|t:|1776220237\n|switch|p1b: Sneasler|Sneasler, L50, M|100/100|[from] Volt Switch\n|\n|upkeep\n|turn|2\n|\n|t:|1776220242\n|move|p1b: Sneasler|Fake Out|p2a: Primarina\n|-damage|p2a: Primarina|39/100\n|move|p2b: Farigiraf|Round|p1a: Gengar\n|-immune|p1a: Gengar\n|cant|p2a: Primarina|flinch\n|move|p1a: Gengar|Sludge Bomb|p2a: Primarina\n|-supereffective|p2a: Primarina|1\n|-damage|p2a: Primarina|0 fnt\n|faint|p2a: Primarina\n|\n|upkeep\n|\n|t:|1776220245\n|switch|p2a: Gardevoir|Gardevoir, L50, M|100/100\n|-ability|p2a: Gardevoir|Shadow Tag|Trace|[from] ability: Trace|[of] p1a: Gengar\n|turn|3\n|inactive|Bman3111 has 30 seconds left.\n|inactive|Bman3111 has 20 seconds left.\n|inactive|Bman3111 has 15 seconds left.\n|inactive|Bman3111 has 10 seconds left.\n|\n|t:|1776220291\n|move|p1a: Gengar|Protect|p1a: Gengar\n|-singleturn|p1a: Gengar|Protect\n|move|p2a: Gardevoir|Protect|p2a: Gardevoir\n|-singleturn|p2a: Gardevoir|Protect\n|move|p2b: Farigiraf|Round|p1b: Sneasler\n|-damage|p1b: Sneasler|56/100\n|move|p1b: Sneasler|Dire Claw|p2a: Gardevoir\n|-activate|p2a: Gardevoir|move: Protect\n|\n|upkeep\n|turn|4\n|\n|t:|1776220313\n|detailschange|p2a: Gardevoir|Gardevoir-Mega, L50, M\n|-mega|p2a: Gardevoir|Gardevoir|Gardevoirite\n|move|p2b: Farigiraf|Round|p1a: Gengar\n|-immune|p1a: Gengar\n|move|p2a: Gardevoir|Round|p1a: Gengar|[from] move: Round\n|-resisted|p1a: Gengar|1\n|-damage|p1a: Gengar|34/100\n|move|p1a: Gengar|Sludge Bomb|p2a: Gardevoir\n|-supereffective|p2a: Gardevoir|1\n|-damage|p2a: Gardevoir|11/100\n|move|p1b: Sneasler|Dire Claw|p2a: Gardevoir\n|-supereffective|p2a: Gardevoir|1\n|-damage|p2a: Gardevoir|0 fnt\n|faint|p2a: Gardevoir\n|\n|upkeep\n|\n|t:|1776220320\n|switch|p2a: Farigiraf|Farigiraf, L50, M|100/100\n|turn|5\n|inactive|Bman3111 has 30 seconds left.\n|inactive|Bman3111 has 20 seconds left.\n|inactive|Bman3111 has 15 seconds left.\n|j| Choklit Milk\n|\n|t:|1776220364\n|move|p2a: Farigiraf|Helping Hand|p2b: Farigiraf\n|-singleturn|p2b: Farigiraf|Helping Hand|[of] p2a: Farigiraf\n|move|p2b: Farigiraf|Round|p1b: Sneasler\n|-damage|p1b: Sneasler|0 fnt\n|faint|p1b: Sneasler\n|move|p1a: Gengar|Sludge Bomb|p2a: Farigiraf\n|-damage|p2a: Farigiraf|51/100\n|\n|upkeep\n|l| Choklit Milk\n|\n|t:|1776220379\n|switch|p1b: Politoed|Politoed, L50, F|100/100\n|-weather|RainDance|[from] ability: Drizzle|[of] p1b: Politoed\n|turn|6\n|inactive|Joe Sheboygan has 30 seconds left.\n|inactive|Joe Sheboygan has 20 seconds left.\n|inactive|Joe Sheboygan has 15 seconds left.\n|inactive|Joe Sheboygan has 10 seconds left.\n|\n|t:|1776220428\n|move|p2b: Farigiraf|Round|p1b: Politoed\n|-damage|p1b: Politoed|78/100\n|move|p1a: Gengar|Sludge Bomb|p2a: Farigiraf\n|-crit|p2a: Farigiraf\n|-damage|p2a: Farigiraf|0 fnt\n|faint|p2a: Farigiraf\n|move|p1b: Politoed|Muddy Water|p2b: Farigiraf\n|-damage|p2b: Farigiraf|12/100\n|replace|p2b: Zoroark|Zoroark-Hisui, L50, M\n|-end|p2b: Zoroark|Illusion\n|\n|-weather|RainDance|[upkeep]\n|upkeep\n|turn|7\n|-message|Joe Sheboygan forfeited.\n|\n|win|Bman3111\n|raw|Bman3111's rating: 1351 &rarr; <strong>1373</strong><br />(+22 for winning)\n|raw|Joe Sheboygan's rating: 1388 &rarr; <strong>1366</strong><br />(-22 for losing)\n|l|\u2606Joe Sheboygan\n|player|p2|\n",
  "uploadtime": 1776220443,
  "views": 32,
  "formatid": "gen9championsvgc2026regma",
  "rating": 1366,
  "private": 0,
  "password": null
}