{
  "id": "gen9championsvgc2026regma-2588746572",
  "format": "[Gen 9 Champions] VGC 2026 Reg M-A",
  "players": [
    "arwisv",
    "km.hydrangea"
  ],
  "log": "|j|\u2606arwisv\n|j|\u2606km.hydrangea\n|t:|1776665346\n|gametype|doubles\n|player|p1|arwisv|musician|1022\n|player|p2|km.hydrangea|ethan|1074\n|gen|9\n|tier|[Gen 9 Champions] VGC 2026 Reg M-A\n|rated|\n|rule|Species Clause: Limit one of each Pok\u00e9mon\n|rule|Item Clause: Limit 1 of each item\n|clearpoke\n|poke|p1|Banette, L50, F, shiny|\n|poke|p1|Drampa, L50, M, shiny|\n|poke|p1|Aggron, L50, M, shiny|\n|poke|p1|Azumarill, L50, F|\n|poke|p1|Basculegion-F, L50, F|\n|poke|p1|Toxicroak, L50, M|\n|poke|p2|Feraligatr, L50, M|\n|poke|p2|Pelipper, L50, F|\n|poke|p2|Sinistcha-Masterpiece, L50|\n|poke|p2|Manectric, L50, M|\n|poke|p2|Sneasler, L50, F|\n|poke|p2|Incineroar, L50, M|\n|teampreview|4\n|inactive|Battle timer is ON: inactive players will automatically lose when time's up. (requested by arwisv)\n|inactive|arwisv has 60 seconds left.\n|\n|t:|1776665381\n|teamsize|p1|4\n|teamsize|p2|4\n|start\n|switch|p1a: Basculegion|Basculegion-F, L50, F|100/100\n|switch|p1b: Banette|Banette, L50, F, shiny|100/100\n|switch|p2a: Pelipper|Pelipper, L50, F|100/100\n|switch|p2b: Sneasler|Sneasler, L50, F|100/100\n|-weather|RainDance|[from] ability: Drizzle|[of] p2a: Pelipper\n|-item|p2a: Pelipper|Leftovers|[from] ability: Frisk|[of] p1b: Banette\n|-item|p2b: Sneasler|Focus Sash|[from] ability: Frisk|[of] p1b: Banette\n|turn|1\n|inactive|km.hydrangea has 30 seconds left.\n|\n|t:|1776665410\n|detailschange|p1b: Banette|Banette-Mega, L50, F, shiny\n|-mega|p1b: Banette|Banette|Banettite\n|move|p1b: Banette|Will-O-Wisp|p2b: Sneasler\n|-status|p2b: Sneasler|brn\n|move|p1a: Basculegion|Wave Crash|p2b: Sneasler\n|-enditem|p2b: Sneasler|Focus Sash\n|-damage|p2b: Sneasler|1/100 brn\n|-damage|p1a: Basculegion|75/100|[from] Recoil\n|move|p2b: Sneasler|Dire Claw|p1a: Basculegion\n|-resisted|p1a: Basculegion|1\n|-damage|p1a: Basculegion|60/100\n|move|p2a: Pelipper|Tailwind|p2a: Pelipper\n|-sidestart|p2: km.hydrangea|move: Tailwind\n|\n|-weather|RainDance|[upkeep]\n|-damage|p2b: Sneasler|0 fnt|[from] brn\n|faint|p2b: Sneasler\n|upkeep\n|\n|t:|1776665431\n|switch|p2b: Manectric|Manectric, L50, M|100/100\n|turn|2\n|\n|t:|1776665451\n|detailschange|p2b: Manectric|Manectric-Mega, L50, M\n|-mega|p2b: Manectric|Manectric|Manectite\n|-ability|p2b: Manectric|Intimidate|boost\n|-unboost|p1a: Basculegion|atk|1\n|-unboost|p1b: Banette|atk|1\n|move|p1a: Basculegion|Protect|p1a: Basculegion\n|-singleturn|p1a: Basculegion|Protect\n|move|p2b: Manectric|Snarl|p1a: Basculegion|[spread] p1b\n|-activate|p1a: Basculegion|move: Protect\n|-supereffective|p1b: Banette|1\n|-damage|p1b: Banette|72/100\n|-unboost|p1b: Banette|spa|1\n|move|p2a: Pelipper|Hurricane|p1b: Banette\n|-damage|p1b: Banette|24/100\n|-start|p1b: Banette|confusion\n|-activate|p1b: Banette|confusion\n|move|p1b: Banette|Trick Room|p1b: Banette\n|-fieldstart|move: Trick Room|[of] p1b: Banette\n|\n|-weather|RainDance|[upkeep]\n|upkeep\n|turn|3\n|inactive|arwisv has 30 seconds left.\n|\n|t:|1776665484\n|switch|p2a: Incineroar|Incineroar, L50, M|100/100\n|-ability|p2a: Incineroar|Intimidate|boost\n|-unboost|p1a: Basculegion|atk|1\n|-unboost|p1b: Banette|atk|1\n|move|p2b: Manectric|Protect|p2b: Manectric\n|-singleturn|p2b: Manectric|Protect\n|-end|p1b: Banette|confusion\n|move|p1b: Banette|Pain Split|p2b: Manectric\n|-activate|p2b: Manectric|move: Protect\n|move|p1a: Basculegion|Wave Crash|p2b: Manectric\n|-activate|p2b: Manectric|move: Protect\n|\n|-weather|RainDance|[upkeep]\n|upkeep\n|turn|4\n|\n|t:|1776665505\n|switch|p1b: Azumarill|Azumarill, L50, F|100/100\n|switch|p1a: Drampa|Drampa, L50, M, shiny|100/100\n|-ability|p1a: Drampa|Cloud Nine\n|move|p2a: Incineroar|Darkest Lariat|p1a: Drampa\n|-damage|p1a: Drampa|55/100\n|move|p2b: Manectric|Volt Switch|p1b: Azumarill\n|-supereffective|p1b: Azumarill|1\n|-damage|p1b: Azumarill|30/100\n|-enditem|p1b: Azumarill|Sitrus Berry|[eat]\n|-heal|p1b: Azumarill|55/100|[from] item: Sitrus Berry\n|\n|t:|1776665517\n|switch|p2b: Pelipper|Pelipper, L50, F|100/100|[from] Volt Switch\n|\n|-weather|RainDance|[upkeep]\n|-sideend|p2: km.hydrangea|move: Tailwind\n|upkeep\n|turn|5\n|inactive|km.hydrangea has 30 seconds left.\n|\n|t:|1776665544\n|switch|p2b: Manectric|Manectric-Mega, L50, M|100/100\n|-ability|p2b: Manectric|Intimidate|boost\n|-unboost|p1a: Drampa|atk|1\n|-unboost|p1b: Azumarill|atk|1\n|move|p2a: Incineroar|Fake Out||[still]\n|-hint|Fake Out only works on your first turn out.\n|-fail|p2a: Incineroar\n|move|p1a: Drampa|Thunderbolt|p2b: Manectric\n|-resisted|p2b: Manectric|1\n|-damage|p2b: Manectric|76/100\n|move|p1b: Azumarill|Play Rough|p2a: Incineroar|[miss]\n|-miss|p1b: Azumarill|p2a: Incineroar\n|\n|-weather|none\n|upkeep\n|turn|6\n|\n|t:|1776665562\n|move|p1a: Drampa|Earth Power|p2b: Manectric\n|-supereffective|p2b: Manectric|1\n|-damage|p2b: Manectric|0 fnt\n|faint|p2b: Manectric\n|move|p1b: Azumarill|Play Rough|p2a: Incineroar\n|-damage|p2a: Incineroar|65/100\n|move|p2a: Incineroar|Darkest Lariat|p1a: Drampa\n|-damage|p1a: Drampa|4/100\n|\n|-fieldend|move: Trick Room\n|upkeep\n|\n|t:|1776665572\n|switch|p2b: Pelipper|Pelipper, L50, F|100/100\n|-weather|RainDance|[from] ability: Drizzle|[of] p2b: Pelipper\n|turn|7\n|\n|t:|1776665585\n|switch|p1a: Basculegion|Basculegion-F, L50, F|60/100\n|move|p1b: Azumarill|Protect|p1b: Azumarill\n|-singleturn|p1b: Azumarill|Protect\n|move|p2b: Pelipper|Hurricane|p1b: Azumarill\n|-activate|p1b: Azumarill|move: Protect\n|move|p2a: Incineroar|Darkest Lariat|p1a: Basculegion\n|-supereffective|p1a: Basculegion|1\n|-damage|p1a: Basculegion|0 fnt\n|faint|p1a: Basculegion\n|\n|-weather|RainDance|[upkeep]\n|upkeep\n|\n|t:|1776665597\n|switch|p1a: Banette|Banette-Mega, L50, F, shiny|24/100\n|turn|8\n|\n|t:|1776665604\n|move|p1a: Banette|Pain Split|p2b: Pelipper\n|-sethp|p2b: Pelipper|63/100|[from] move: Pain Split|[silent]\n|-sethp|p1a: Banette|59/100|[from] move: Pain Split\n|move|p2b: Pelipper|Hurricane|p1b: Azumarill\n|-damage|p1b: Azumarill|14/100\n|move|p2a: Incineroar|Darkest Lariat|p1a: Banette\n|-supereffective|p1a: Banette|1\n|-damage|p1a: Banette|0 fnt\n|faint|p1a: Banette\n|move|p1b: Azumarill|Superpower|p2a: Incineroar\n|-supereffective|p2a: Incineroar|1\n|-damage|p2a: Incineroar|0 fnt\n|-unboost|p1b: Azumarill|atk|1\n|-unboost|p1b: Azumarill|def|1\n|faint|p2a: Incineroar\n|\n|-weather|RainDance|[upkeep]\n|-heal|p2b: Pelipper|69/100|[from] item: Leftovers\n|upkeep\n|\n|t:|1776665620\n|switch|p1a: Drampa|Drampa, L50, M, shiny|4/100\n|-ability|p1a: Drampa|Cloud Nine\n|turn|9\n|inactive|arwisv has 30 seconds left.\n|\n|t:|1776665648\n|move|p2b: Pelipper|Weather Ball|p1a: Drampa\n|-damage|p1a: Drampa|0 fnt\n|faint|p1a: Drampa\n|move|p1b: Azumarill|Play Rough|p2b: Pelipper|[miss]\n|-miss|p1b: Azumarill|p2b: Pelipper\n|\n|-weather|RainDance|[upkeep]\n|-heal|p2b: Pelipper|74/100|[from] item: Leftovers\n|upkeep\n|turn|10\n|inactive|arwisv has 30 seconds left.\n|\n|t:|1776665673\n|move|p2b: Pelipper|Hurricane|p1b: Azumarill\n|-damage|p1b: Azumarill|0 fnt\n|faint|p1b: Azumarill\n|\n|win|km.hydrangea\n|raw|arwisv's rating: 1022 &rarr; <strong>1011</strong><br />(-11 for losing)\n|raw|km.hydrangea's rating: 1074 &rarr; <strong>1099</strong><br />(+25 for winning)\n|l|\u2606arwisv\n|player|p1|\n",
  "uploadtime": 1776665686,
  "views": 16,
  "formatid": "gen9championsvgc2026regma",
  "rating": 1011,
  "private": 0,
  "password": null
}