{
  "id": "gen9championsvgc2026regma-2584084899",
  "format": "[Gen 9 Champions] VGC 2026 Reg M-A",
  "players": [
    "151012wen",
    "diaspirateza"
  ],
  "log": "|j|\u2606151012wen\n|j|\u2606diaspirateza\n|t:|1776223549\n|gametype|doubles\n|player|p1|151012wen|hilbert|1235\n|player|p2|diaspirateza|preschoolerf|1166\n|gen|9\n|tier|[Gen 9 Champions] VGC 2026 Reg M-A\n|rated|\n|rule|Species Clause: Limit one of each Pok\u00e9mon\n|rule|Item Clause: Limit 1 of each item\n|clearpoke\n|poke|p1|Charizard, L50, M|\n|poke|p1|Whimsicott, L50, F|\n|poke|p1|Garchomp, L50, M|\n|poke|p1|Toxapex, L50, M|\n|poke|p1|Incineroar, L50, M|\n|poke|p1|Rotom-Mow, L50|\n|poke|p2|Kingambit, L50, F|\n|poke|p2|Sneasler, L50, M|\n|poke|p2|Talonflame, L50, F|\n|poke|p2|Garchomp, L50, M|\n|poke|p2|Froslass, L50, F|\n|poke|p2|Milotic, L50, M|\n|teampreview|4\n|\n|t:|1776223581\n|teamsize|p1|4\n|teamsize|p2|4\n|start\n|switch|p1a: \u7262\u55b7|Charizard, L50, M, shiny|100/100\n|switch|p1b: \u597d\u5973\u5b69|Whimsicott, L50, F, shiny|100/100\n|switch|p2a: Milotic|Milotic, L50, M|100/100\n|switch|p2b: Sneasler|Sneasler, L50, M|100/100\n|turn|1\n|\n|t:|1776223596\n|move|p1b: \u597d\u5973\u5b69|Protect|p1b: \u597d\u5973\u5b69\n|-singleturn|p1b: \u597d\u5973\u5b69|Protect\n|move|p1a: \u7262\u55b7|Protect|p1a: \u7262\u55b7\n|-singleturn|p1a: \u7262\u55b7|Protect\n|move|p2b: Sneasler|Dire Claw|p1b: \u597d\u5973\u5b69\n|-activate|p1b: \u597d\u5973\u5b69|move: Protect\n|move|p2a: Milotic|Icy Wind|p1a: \u7262\u55b7|[spread] \n|-activate|p1a: \u7262\u55b7|move: Protect\n|-activate|p1b: \u597d\u5973\u5b69|move: Protect\n|\n|upkeep\n|turn|2\n|\n|t:|1776223612\n|detailschange|p1a: \u7262\u55b7|Charizard-Mega-Y, L50, M, shiny\n|-mega|p1a: \u7262\u55b7|Charizard|Charizardite Y\n|-weather|SunnyDay|[from] ability: Drought|[of] p1a: \u7262\u55b7\n|move|p1b: \u597d\u5973\u5b69|Tailwind|p1b: \u597d\u5973\u5b69\n|-sidestart|p1: 151012wen|move: Tailwind\n|move|p1a: \u7262\u55b7|Solar Beam||[still]\n|-prepare|p1a: \u7262\u55b7|Solar Beam\n|-anim|p1a: \u7262\u55b7|Solar Beam|p2a: Milotic\n|-supereffective|p2a: Milotic|1\n|-damage|p2a: Milotic|32/100\n|move|p2b: Sneasler|Dire Claw|p1a: \u7262\u55b7\n|-damage|p1a: \u7262\u55b7|37/100\n|move|p2a: Milotic|Icy Wind|p1a: \u7262\u55b7|[spread] p1a,p1b\n|-supereffective|p1b: \u597d\u5973\u5b69|1\n|-damage|p1a: \u7262\u55b7|25/100\n|-damage|p1b: \u597d\u5973\u5b69|65/100\n|-unboost|p1a: \u7262\u55b7|spe|1\n|-unboost|p1b: \u597d\u5973\u5b69|spe|1\n|\n|-weather|SunnyDay|[upkeep]\n|-heal|p2a: Milotic|38/100|[from] item: Leftovers\n|upkeep\n|turn|3\n|\n|t:|1776223648\n|move|p2a: Milotic|Protect|p2a: Milotic\n|-singleturn|p2a: Milotic|Protect\n|move|p1a: \u7262\u55b7|Heat Wave|p2a: Milotic|[spread] p2b\n|-activate|p2a: Milotic|move: Protect\n|-damage|p2b: Sneasler|7/100\n|move|p1b: \u597d\u5973\u5b69|Dazzling Gleam|p2a: Milotic|[spread] p2b\n|-activate|p2a: Milotic|move: Protect\n|-damage|p2b: Sneasler|0 fnt\n|faint|p2b: Sneasler\n|\n|-weather|SunnyDay|[upkeep]\n|-heal|p2a: Milotic|44/100|[from] item: Leftovers\n|upkeep\n|\n|t:|1776223657\n|switch|p2b: Froslass|Froslass, L50, F|100/100\n|turn|4\n|\n|t:|1776223671\n|detailschange|p2b: Froslass|Froslass-Mega, L50, F\n|-mega|p2b: Froslass|Froslass|Froslassite\n|-weather|Snowscape|[from] ability: Snow Warning|[of] p2b: Froslass\n|move|p1b: \u597d\u5973\u5b69|Encore|p2a: Milotic\n|-start|p2a: Milotic|Encore\n|move|p2a: Milotic|Protect||[still]\n|-fail|p2a: Milotic\n|move|p1a: \u7262\u55b7|Heat Wave|p2a: Milotic|[spread] p2a,p2b\n|-resisted|p2a: Milotic|1\n|-supereffective|p2b: Froslass|1\n|-damage|p2a: Milotic|28/100\n|-damage|p2b: Froslass|0 fnt\n|faint|p2b: Froslass\n|\n|-weather|Snowscape|[upkeep]\n|-heal|p2a: Milotic|34/100|[from] item: Leftovers\n|upkeep\n|\n|t:|1776223684\n|switch|p2b: Garchomp|Garchomp, L50, M|100/100\n|turn|5\n|\n|t:|1776223695\n|switch|p1a: \u5b87\u5b99\u7b2c\u4e00|Incineroar, L50, M, shiny|100/100\n|-ability|p1a: \u5b87\u5b99\u7b2c\u4e00|Intimidate|boost\n|-unboost|p2a: Milotic|atk|1\n|-ability|p2a: Milotic|Competitive|boost\n|-boost|p2a: Milotic|spa|2\n|-unboost|p2b: Garchomp|atk|1\n|move|p2a: Milotic|Protect|p2a: Milotic\n|-singleturn|p2a: Milotic|Protect\n|move|p1b: \u597d\u5973\u5b69|Dazzling Gleam|p2a: Milotic|[spread] p2b\n|-activate|p2a: Milotic|move: Protect\n|-supereffective|p2b: Garchomp|1\n|-damage|p2b: Garchomp|55/100\n|move|p2b: Garchomp|Rock Slide|p1a: \u5b87\u5b99\u7b2c\u4e00|[spread] p1a,p1b\n|-supereffective|p1a: \u5b87\u5b99\u7b2c\u4e00|1\n|-damage|p1a: \u5b87\u5b99\u7b2c\u4e00|71/100\n|-damage|p1b: \u597d\u5973\u5b69|47/100\n|\n|-weather|Snowscape|[upkeep]\n|-heal|p2a: Milotic|40/100|[from] item: Leftovers\n|-sideend|p1: 151012wen|move: Tailwind\n|upkeep\n|turn|6\n|-message|diaspirateza forfeited.\n|\n|win|151012wen\n|raw|151012wen's rating: 1235 &rarr; <strong>1255</strong><br />(+20 for winning)\n|raw|diaspirateza's rating: 1166 &rarr; <strong>1146</strong><br />(-20 for losing)\n",
  "uploadtime": 1776223725,
  "views": 20,
  "formatid": "gen9championsvgc2026regma",
  "rating": 1146,
  "private": 0,
  "password": null
}