{
  "id": "gen9championsvgc2026regma-2586593354",
  "format": "[Gen 9 Champions] VGC 2026 Reg M-A",
  "players": [
    "Tarakona",
    "ShadowWolf08"
  ],
  "log": "|j|\u2606Tarakona\n|j|\u2606ShadowWolf08\n|t:|1776445468\n|gametype|doubles\n|player|p1|Tarakona|265|1157\n|player|p2|ShadowWolf08|blue|1168\n|gen|9\n|tier|[Gen 9 Champions] VGC 2026 Reg M-A\n|rated|\n|rule|Species Clause: Limit one of each Pok\u00e9mon\n|rule|Item Clause: Limit 1 of each item\n|clearpoke\n|poke|p1|Delphox, L50, M|\n|poke|p1|Garchomp, L50, M|\n|poke|p1|Rotom-Wash, L50|\n|poke|p1|Tyranitar, L50, M|\n|poke|p1|Corviknight, L50, F|\n|poke|p1|Sneasler, L50, F|\n|poke|p2|Charizard, L50, F|\n|poke|p2|Gengar, L50, F|\n|poke|p2|Maushold-Four, L50|\n|poke|p2|Garchomp, L50, F|\n|poke|p2|Kingambit, L50, F|\n|poke|p2|Sneasler, L50, M|\n|teampreview|4\nTarakona has agreed to open team sheets.\n|inactive|Battle timer is ON: inactive players will automatically lose when time's up. (requested by Tarakona)\n|\n|t:|1776445507\n|teamsize|p1|4\n|teamsize|p2|4\n|start\n|switch|p1a: Hecate|Delphox, L50, M|100/100\n|switch|p1b: Regina|Sneasler, L50, F|100/100\n|switch|p2a: Garchomp|Garchomp, L50, F|100/100\n|switch|p2b: Gengar|Gengar, L50, F|100/100\n|turn|1\n|inactive|Tarakona has 30 seconds left.\n|\n|t:|1776445535\n|detailschange|p2b: Gengar|Gengar-Mega, L50, F\n|-mega|p2b: Gengar|Gengar|Gengarite\n|detailschange|p1a: Hecate|Delphox-Mega, L50, M\n|-mega|p1a: Hecate|Delphox|Delphoxite\n|move|p1b: Regina|Fake Out|p2a: Garchomp\n|-damage|p2a: Garchomp|84/100\n|-damage|p1b: Regina|88/100|[from] ability: Rough Skin|[of] p2a: Garchomp\n|cant|p2a: Garchomp|flinch\n|move|p1a: Hecate|Psychic|p2b: Gengar\n|-supereffective|p2b: Gengar|1\n|-damage|p2b: Gengar|0 fnt\n|faint|p2b: Gengar\n|\n|upkeep\n|\n|t:|1776445543\n|switch|p2b: Sneasler|Sneasler, L50, M|100/100\n|turn|2\n|inactive|Tarakona has 30 seconds left.\n|\n|t:|1776445574\n|move|p2b: Sneasler|Fake Out|p1a: Hecate\n|-damage|p1a: Hecate|77/100\n|move|p2a: Garchomp|Rock Slide|p1a: Hecate|[spread] p1a\n|-miss|p2a: Garchomp|p1b: Regina\n|-supereffective|p1a: Hecate|1\n|-damage|p1a: Hecate|12/100\n|cant|p1a: Hecate|flinch\n|move|p1b: Regina|U-turn|p2b: Sneasler\n|-resisted|p2b: Sneasler|2\n|-damage|p2b: Sneasler|89/100\n|\n|t:|1776445592\n|switch|p1b: Gameshark|Garchomp, L50, M|100/100|[from] U-turn\n|\n|upkeep\n|turn|3\n|\n|t:|1776445614\n|switch|p1a: Regina|Sneasler, L50, F|88/100\n|move|p2a: Garchomp|Rock Slide|p1b: Gameshark|[spread] p1a,p1b\n|-resisted|p1a: Regina|1\n|-resisted|p1b: Gameshark|1\n|-damage|p1a: Regina|71/100\n|-damage|p1b: Gameshark|90/100\n|move|p2b: Sneasler|Close Combat|p1b: Gameshark\n|-damage|p1b: Gameshark|26/100\n|-unboost|p2b: Sneasler|def|1\n|-unboost|p2b: Sneasler|spd|1\n|cant|p1b: Gameshark|flinch\n|\n|upkeep\n|turn|4\n|inactive|Tarakona has 30 seconds left.\n|inactive|ShadowWolf08 has 30 seconds left.\n|\n|t:|1776445648\n|switch|p2a: Charizard|Charizard, L50, F|100/100\n|move|p2b: Sneasler|Protect|p2b: Sneasler\n|-singleturn|p2b: Sneasler|Protect\n|move|p1a: Regina|Fake Out|p2b: Sneasler\n|-activate|p2b: Sneasler|move: Protect\n|move|p1b: Gameshark|Dragon Claw|p2a: Charizard\n|-damage|p2a: Charizard|47/100\n|\n|upkeep\n|turn|5\n|inactive|Tarakona has 30 seconds left.\n|inactive|Tarakona has 20 seconds left.\n|inactive|Tarakona has 15 seconds left.\n|\n|t:|1776445688\n|switch|p1b: Hecate|Delphox-Mega, L50, M|12/100\n|move|p2b: Sneasler|Close Combat|p1b: Hecate\n|-resisted|p1b: Hecate|1\n|-damage|p1b: Hecate|0 fnt\n|-unboost|p2b: Sneasler|def|1\n|-unboost|p2b: Sneasler|spd|1\n|faint|p1b: Hecate\n|move|p1a: Regina|U-turn|p2b: Sneasler\n|-resisted|p2b: Sneasler|2\n|-damage|p2b: Sneasler|65/100\n|\n|t:|1776445699\n|switch|p1a: \u30b4\u30b8\u30e9|Tyranitar, L50, M|100/100|[from] U-turn\n|-weather|Sandstorm|[from] ability: Sand Stream|[of] p1a: \u30b4\u30b8\u30e9\n|move|p2a: Charizard|Heat Wave|p1a: \u30b4\u30b8\u30e9\n|-resisted|p1a: \u30b4\u30b8\u30e9|1\n|-damage|p1a: \u30b4\u30b8\u30e9|88/100\n|\n|-weather|Sandstorm|[upkeep]\n|-damage|p2b: Sneasler|60/100|[from] Sandstorm\n|-damage|p2a: Charizard|40/100|[from] Sandstorm\n|upkeep\n|\n|t:|1776445709\n|switch|p1b: Regina|Sneasler, L50, F|71/100\n|turn|6\n|\n|t:|1776445726\n|move|p1b: Regina|Fake Out|p2b: Sneasler\n|-damage|p2b: Sneasler|11/100\n|cant|p2b: Sneasler|flinch\n|move|p2a: Charizard|Heat Wave|p1a: \u30b4\u30b8\u30e9|[spread] p1a,p1b\n|-resisted|p1a: \u30b4\u30b8\u30e9|1\n|-damage|p1a: \u30b4\u30b8\u30e9|78/100\n|-damage|p1b: Regina|23/100\n|move|p1a: \u30b4\u30b8\u30e9|Rock Slide|p2b: Sneasler|[spread] p2a\n|-miss|p1a: \u30b4\u30b8\u30e9|p2b: Sneasler\n|-supereffective|p2a: Charizard|2\n|-damage|p2a: Charizard|0 fnt\n|faint|p2a: Charizard\n|\n|-weather|Sandstorm|[upkeep]\n|-damage|p2b: Sneasler|5/100|[from] Sandstorm\n|-damage|p1b: Regina|18/100|[from] Sandstorm\n|upkeep\n|\n|t:|1776445730\n|switch|p2a: Garchomp|Garchomp, L50, F|84/100\n|turn|7\n|inactive|Tarakona has 30 seconds left.\n|inactive|Tarakona has 20 seconds left.\n|\n|t:|1776445770\n|switch|p1b: Gameshark|Garchomp, L50, M|26/100\n|move|p1a: \u30b4\u30b8\u30e9|Protect|p1a: \u30b4\u30b8\u30e9\n|-singleturn|p1a: \u30b4\u30b8\u30e9|Protect\n|move|p2a: Garchomp|Dragon Claw|p1b: Gameshark\n|-supereffective|p1b: Gameshark|1\n|-damage|p1b: Gameshark|0 fnt\n|faint|p1b: Gameshark\n|move|p2b: Sneasler|Close Combat|p1a: \u30b4\u30b8\u30e9\n|-activate|p1a: \u30b4\u30b8\u30e9|move: Protect\n|\n|-weather|Sandstorm|[upkeep]\n|-damage|p2b: Sneasler|0 fnt|[from] Sandstorm\n|faint|p2b: Sneasler\n|upkeep\n|\n|t:|1776445783\n|switch|p1b: Regina|Sneasler, L50, F|18/100\n|turn|8\n|\n|t:|1776445801\n|move|p1b: Regina|Fake Out|p2a: Garchomp\n|-damage|p2a: Garchomp|68/100\n|-damage|p1b: Regina|6/100|[from] ability: Rough Skin|[of] p2a: Garchomp\n|cant|p2a: Garchomp|flinch\n|move|p1a: \u30b4\u30b8\u30e9|Lash Out|p2a: Garchomp\n|-damage|p2a: Garchomp|23/100\n|-damage|p1a: \u30b4\u30b8\u30e9|66/100|[from] ability: Rough Skin|[of] p2a: Garchomp\n|\n|-weather|Sandstorm|[upkeep]\n|-damage|p1b: Regina|0 fnt|[from] Sandstorm\n|faint|p1b: Regina\n|upkeep\n|turn|9\n|\n|t:|1776445815\n|move|p2a: Garchomp|Dragon Claw|p1a: \u30b4\u30b8\u30e9\n|-damage|p1a: \u30b4\u30b8\u30e9|30/100\n|move|p1a: \u30b4\u30b8\u30e9|Lash Out|p2a: Garchomp\n|-damage|p2a: Garchomp|0 fnt\n|-damage|p1a: \u30b4\u30b8\u30e9|18/100|[from] ability: Rough Skin|[of] p2a: Garchomp\n|faint|p2a: Garchomp\n|\n|win|Tarakona\n|raw|Tarakona's rating: 1157 &rarr; <strong>1183</strong><br />(+26 for winning)\n|raw|ShadowWolf08's rating: 1168 &rarr; <strong>1142</strong><br />(-26 for losing)\n|l|\u2606ShadowWolf08\n|player|p2|\n",
  "uploadtime": 1776445827,
  "views": 22,
  "formatid": "gen9championsvgc2026regma",
  "rating": 1142,
  "private": 0,
  "password": null
}