{
  "id": "gen9championsvgc2026regma-2588152670",
  "format": "[Gen 9 Champions] VGC 2026 Reg M-A",
  "players": [
    "232WEWE",
    "PersonAleatoria"
  ],
  "log": "|j|\u2606232WEWE\n|j|\u2606PersonAleatoria\n|t:|1776609560\n|gametype|doubles\n|player|p1|232WEWE|266|1177\n|player|p2|PersonAleatoria|brawly|1189\n|gen|9\n|tier|[Gen 9 Champions] VGC 2026 Reg M-A\n|rated|\n|rule|Species Clause: Limit one of each Pok\u00e9mon\n|rule|Item Clause: Limit 1 of each item\n|clearpoke\n|poke|p1|Aggron, L50, M|\n|poke|p1|Tyranitar, L50, F|\n|poke|p1|Sinistcha, L50|\n|poke|p1|Farigiraf, L50, F|\n|poke|p1|Sneasler, L50, M|\n|poke|p1|Milotic, L50, M|\n|poke|p2|Floette-Eternal, L50, F|\n|poke|p2|Sneasler, L50, F|\n|poke|p2|Basculegion, L50, M|\n|poke|p2|Froslass, L50, F|\n|poke|p2|Garchomp, L50, M|\n|poke|p2|Kingambit, L50, F|\n|teampreview|4\n|inactive|Battle timer is ON: inactive players will automatically lose when time's up. (requested by PersonAleatoria)\n|inactive|232WEWE has 60 seconds left.\n|\n|t:|1776609611\n|teamsize|p1|4\n|teamsize|p2|4\n|start\n|switch|p1a: Aggron|Aggron, L50, M|100/100\n|switch|p1b: Milotic|Milotic, L50, M|100/100\n|switch|p2a: Sneasler|Sneasler, L50, F|100/100\n|switch|p2b: Froslass|Froslass, L50, F|100/100\n|turn|1\n|\n|t:|1776609631\n|detailschange|p1a: Aggron|Aggron-Mega, L50, M\n|-mega|p1a: Aggron|Aggron|Aggronite\n|move|p2a: Sneasler|Fake Out|p1a: Aggron\n|-resisted|p1a: Aggron|1\n|-damage|p1a: Aggron|96/100\n|move|p2b: Froslass|Substitute|p2b: Froslass\n|-start|p2b: Froslass|Substitute\n|-damage|p2b: Froslass|76/100\n|move|p1b: Milotic|Light Screen|p1b: Milotic\n|-sidestart|p1: 232WEWE|move: Light Screen\n|cant|p1a: Aggron|flinch\n|\n|upkeep\n|turn|2\n|\n|t:|1776609649\n|detailschange|p2b: Froslass|Froslass-Mega, L50, F\n|-mega|p2b: Froslass|Froslass|Froslassite\n|-weather|Snowscape|[from] ability: Snow Warning|[of] p2b: Froslass\n|move|p2a: Sneasler|Close Combat|p1a: Aggron\n|-supereffective|p1a: Aggron|1\n|-damage|p1a: Aggron|42/100\n|-unboost|p2a: Sneasler|def|1\n|-unboost|p2a: Sneasler|spd|1\n|-immune|p1a: Aggron\n|move|p2b: Froslass|Shadow Ball|p1a: Aggron\n|-damage|p1a: Aggron|20/100\n|move|p1b: Milotic|Safeguard|p1b: Milotic\n|-sidestart|p1: 232WEWE|Safeguard\n|move|p1a: Aggron|Iron Defense|p1a: Aggron\n|-boost|p1a: Aggron|def|2\n|\n|-weather|Snowscape|[upkeep]\n|upkeep\n|turn|3\n|inactive|PersonAleatoria has 30 seconds left.\n|\n|t:|1776609676\n|move|p2a: Sneasler|Protect|p2a: Sneasler\n|-singleturn|p2a: Sneasler|Protect\n|move|p1a: Aggron|Protect|p1a: Aggron\n|-singleturn|p1a: Aggron|Protect\n|move|p2b: Froslass|Blizzard|p1b: Milotic|[spread] p1b\n|-activate|p1a: Aggron|move: Protect\n|-resisted|p1b: Milotic|1\n|-damage|p1b: Milotic|91/100\n|move|p1b: Milotic|Life Dew|p1b: Milotic|[spread] p1a,p1b\n|-heal|p1a: Aggron|45/100\n|-heal|p1b: Milotic|100/100\n|\n|-weather|Snowscape|[upkeep]\n|upkeep\n|turn|4\n|inactive|232WEWE has 30 seconds left.\n|inactive|232WEWE has 20 seconds left.\n|inactive|232WEWE has 15 seconds left.\n|inactive|232WEWE has 10 seconds left.\n|inactive|232WEWE has 5 seconds left.\n|\n|t:|1776609729\n|move|p2a: Sneasler|Close Combat|p1a: Aggron\n|-supereffective|p1a: Aggron|1\n|-damage|p1a: Aggron|20/100\n|-unboost|p2a: Sneasler|def|1\n|-unboost|p2a: Sneasler|spd|1\n|-immune|p1a: Aggron\n|move|p2b: Froslass|Shadow Ball|p1a: Aggron\n|-damage|p1a: Aggron|0 fnt\n|faint|p1a: Aggron\n|move|p1b: Milotic|Life Dew||[still]\n|-fail|p1b: Milotic|heal\n|\n|-weather|Snowscape|[upkeep]\n|upkeep\n|\n|t:|1776609741\n|switch|p1a: Tyranitar|Tyranitar, L50, F|100/100\n|-weather|Sandstorm|[from] ability: Sand Stream|[of] p1a: Tyranitar\n|turn|5\n|\n|t:|1776609755\n|switch|p2a: Garchomp|Garchomp, L50, M|100/100\n|move|p2b: Froslass|Protect|p2b: Froslass\n|-singleturn|p2b: Froslass|Protect\n|move|p1a: Tyranitar|Protect|p1a: Tyranitar\n|-singleturn|p1a: Tyranitar|Protect\n|move|p1b: Milotic|Hydro Pump|p2a: Garchomp\n|-damage|p2a: Garchomp|64/100\n|\n|-weather|Sandstorm|[upkeep]\n|-damage|p2b: Froslass|70/100|[from] Sandstorm\n|-damage|p1b: Milotic|95/100|[from] Sandstorm\n|-heal|p1b: Milotic|100/100|[from] item: Leftovers\n|-sideend|p1: 232WEWE|move: Light Screen\n|upkeep\n|turn|6\n|inactive|232WEWE has 30 seconds left.\n|inactive|PersonAleatoria has 30 seconds left.\n|\n|t:|1776609794\n|switch|p2b: Sneasler|Sneasler, L50, F|100/100\n|move|p2a: Garchomp|Protect|p2a: Garchomp\n|-singleturn|p2a: Garchomp|Protect\n|move|p1b: Milotic|Light Screen|p1b: Milotic\n|-sidestart|p1: 232WEWE|move: Light Screen\n|move|p1a: Tyranitar|Rock Slide|p2a: Garchomp|[spread] \n|-activate|p2a: Garchomp|move: Protect\n|-miss|p1a: Tyranitar|p2b: Sneasler\n|\n|-weather|Sandstorm|[upkeep]\n|-damage|p2b: Sneasler|95/100|[from] Sandstorm\n|-damage|p1b: Milotic|95/100|[from] Sandstorm\n|-heal|p1b: Milotic|100/100|[from] item: Leftovers\n|-sideend|p1: 232WEWE|Safeguard\n|upkeep\n|turn|7\n|inactive|232WEWE has 30 seconds left.\n|\n|t:|1776609825\n|switch|p1a: Sinistcha|Sinistcha, L50|100/100\n|move|p2b: Sneasler|Fake Out|p1b: Milotic\n|-damage|p1b: Milotic|84/100\n|-status|p1b: Milotic|psn|[from] ability: Poison Touch|[of] p2b: Sneasler\n|move|p2a: Garchomp|Dragon Claw|p1b: Milotic\n|-damage|p1b: Milotic|44/100 psn\n|cant|p1b: Milotic|flinch\n|\n|-weather|Sandstorm|[upkeep]\n|-damage|p2b: Sneasler|89/100|[from] Sandstorm\n|-damage|p1b: Milotic|38/100 psn|[from] Sandstorm\n|-damage|p1a: Sinistcha|94/100|[from] Sandstorm\n|-heal|p1b: Milotic|44/100 psn|[from] item: Leftovers\n|-damage|p1b: Milotic|32/100 psn|[from] psn\n|upkeep\n|turn|8\n|inactive|PersonAleatoria has 30 seconds left.\n|\n|t:|1776609850\n|move|p2b: Sneasler|Dire Claw|p1b: Milotic\n|-damage|p1b: Milotic|0 fnt\n|faint|p1b: Milotic\n|move|p2a: Garchomp|Rock Slide|p1a: Sinistcha\n|-damage|p1a: Sinistcha|77/100\n|cant|p1a: Sinistcha|flinch\n|\n|-weather|Sandstorm|[upkeep]\n|-damage|p2b: Sneasler|83/100|[from] Sandstorm\n|-damage|p1a: Sinistcha|71/100|[from] Sandstorm\n|upkeep\n|c|\u2606232WEWE|porra tu n quer dar mais esse teu cu nao?\n|c|\u2606232WEWE|q sorte da porra vey\n|c|\u2606232WEWE|pqp\n|-message|232WEWE forfeited.\n|\n|win|PersonAleatoria\n",
  "uploadtime": 1776609868,
  "views": 5,
  "formatid": "gen9championsvgc2026regma",
  "rating": null,
  "private": 0,
  "password": null
}