{
  "id": "gen9championsvgc2026regma-2584383146",
  "format": "[Gen 9 Champions] VGC 2026 Reg M-A",
  "players": [
    "oxPAX0300",
    "cuulu"
  ],
  "log": "|j|\u2606oxPAX0300\n|j|\u2606cuulu\n|t:|1776256731\n|gametype|doubles\n|player|p1|oxPAX0300|medium|1053\n|player|p2|cuulu|2|1000\n|gen|9\n|tier|[Gen 9 Champions] VGC 2026 Reg M-A\n|rated|\n|rule|Species Clause: Limit one of each Pok\u00e9mon\n|rule|Item Clause: Limit 1 of each item\n|clearpoke\n|poke|p1|Rotom-Heat, L50|\n|poke|p1|Talonflame, L50, M|\n|poke|p1|Milotic, L50, F|\n|poke|p1|Trevenant, L50, M|\n|poke|p1|Hydreigon, L50, M|\n|poke|p1|Glimmora, L50, F|\n|poke|p2|Charizard, L50, M|\n|poke|p2|Whimsicott, L50, F|\n|poke|p2|Farigiraf, L50, F|\n|poke|p2|Sneasler, L50, M|\n|poke|p2|Garchomp, L50, F|\n|poke|p2|Kingambit, L50, M|\n|teampreview|4\n|inactive|Battle timer is ON: inactive players will automatically lose when time's up. (requested by cuulu)\ncuulu has agreed to open team sheets.\n|\n|t:|1776256759\n|teamsize|p1|4\n|teamsize|p2|4\n|start\n|switch|p1a: Talonflame|Talonflame, L50, M|100/100\n|switch|p1b: Milotic|Milotic, L50, F|100/100\n|switch|p2a: Sneasler|Sneasler, L50, M|100/100\n|switch|p2b: Charizard|Charizard, L50, M, shiny|100/100\n|turn|1\n|\n|t:|1776256778\n|detailschange|p2b: Charizard|Charizard-Mega-Y, L50, M, shiny\n|-mega|p2b: Charizard|Charizard|Charizardite Y\n|-weather|SunnyDay|[from] ability: Drought|[of] p2b: Charizard\n|move|p2a: Sneasler|Fake Out|p1a: Talonflame\n|-damage|p1a: Talonflame|85/100\n|cant|p1a: Talonflame|flinch\n|move|p2b: Charizard|Solar Beam||[still]\n|-prepare|p2b: Charizard|Solar Beam\n|-anim|p2b: Charizard|Solar Beam|p1b: Milotic\n|-supereffective|p1b: Milotic|1\n|-damage|p1b: Milotic|16/100\n|move|p1b: Milotic|Icy Wind|p2b: Charizard|[spread] p2a,p2b\n|-damage|p2a: Sneasler|87/100\n|-damage|p2b: Charizard|91/100\n|-unboost|p2a: Sneasler|spe|1\n|-unboost|p2b: Charizard|spe|1\n|-enditem|p2a: Sneasler|White Herb\n|-clearnegativeboost|p2a: Sneasler|[silent]\n|\n|-weather|SunnyDay|[upkeep]\n|upkeep\n|turn|2\n|inactive|oxPAX0300 has 30 seconds left.\n|inactive|cuulu has 30 seconds left.\n|inactive|oxPAX0300 has 20 seconds left.\n|inactive|oxPAX0300 has 15 seconds left.\n|inactive|oxPAX0300 has 10 seconds left.\n|\n|t:|1776256826\n|switch|p1b: Hydreigon|Hydreigon, L50, M|100/100\n|move|p2a: Sneasler|Protect|p2a: Sneasler\n|-singleturn|p2a: Sneasler|Protect\n|move|p1a: Talonflame|Tailwind|p1a: Talonflame\n|-sidestart|p1: oxPAX0300|move: Tailwind\n|move|p2b: Charizard|Heat Wave|p1a: Talonflame|[spread] p1b\n|-miss|p2b: Charizard|p1a: Talonflame\n|-resisted|p1b: Hydreigon|1\n|-damage|p1b: Hydreigon|59/100\n|\n|-weather|SunnyDay|[upkeep]\n|-heal|p1b: Hydreigon|65/100|[from] item: Leftovers\n|upkeep\n|turn|3\n|\n|t:|1776256843\n|move|p2b: Charizard|Protect|p2b: Charizard\n|-singleturn|p2b: Charizard|Protect\n|move|p2a: Sneasler|Close Combat|p1b: Hydreigon\n|-supereffective|p1b: Hydreigon|1\n|-damage|p1b: Hydreigon|0 fnt\n|-unboost|p2a: Sneasler|def|1\n|-unboost|p2a: Sneasler|spd|1\n|faint|p1b: Hydreigon\n|move|p1a: Talonflame|Brave Bird|p2a: Sneasler\n|-supereffective|p2a: Sneasler|1\n|-damage|p2a: Sneasler|0 fnt\n|faint|p2a: Sneasler\n|-damage|p1a: Talonflame|61/100|[from] Recoil\n|\n|-weather|SunnyDay|[upkeep]\n|upkeep\n|\n|t:|1776256856\n|switch|p2a: Whimsicott|Whimsicott, L50, F|100/100\n|switch|p1b: Glimmora|Glimmora, L50, F|100/100\n|turn|4\n|\n|t:|1776256869\n|detailschange|p1b: Glimmora|Glimmora-Mega, L50, F\n|-mega|p1b: Glimmora|Glimmora|Glimmoranite\n|move|p2a: Whimsicott|Protect|p2a: Whimsicott\n|-singleturn|p2a: Whimsicott|Protect\n|move|p1b: Glimmora|Power Gem|p2b: Charizard\n|-supereffective|p2b: Charizard|2\n|-damage|p2b: Charizard|0 fnt\n|faint|p2b: Charizard\n|move|p1a: Talonflame|Flare Blitz|p2a: Whimsicott\n|-activate|p2a: Whimsicott|move: Protect\n|\n|-weather|SunnyDay|[upkeep]\n|upkeep\n|\n|t:|1776256878\n|switch|p2b: Kingambit|Kingambit, L50, M|100/100\n|turn|5\n|inactive|cuulu has 30 seconds left.\n|\n|t:|1776256910\n|move|p2a: Whimsicott|Protect||[still]\n|-fail|p2a: Whimsicott\n|move|p2b: Kingambit|Sucker Punch|p1a: Talonflame\n|-damage|p1a: Talonflame|17/100\n|move|p1b: Glimmora|Sludge Bomb|p2a: Whimsicott\n|-supereffective|p2a: Whimsicott|2\n|-enditem|p2a: Whimsicott|Focus Sash\n|-damage|p2a: Whimsicott|1/100\n|move|p1a: Talonflame|Flare Blitz|p2b: Kingambit\n|-supereffective|p2b: Kingambit|1\n|-damage|p2b: Kingambit|4/100\n|-status|p2b: Kingambit|brn\n|-damage|p1a: Talonflame|0 fnt|[from] Recoil\n|faint|p1a: Talonflame\n|\n|-weather|none\n|-damage|p2b: Kingambit|0 fnt|[from] brn\n|faint|p2b: Kingambit\n|-sideend|p1: oxPAX0300|move: Tailwind\n|upkeep\n|-message|cuulu forfeited.\n|\n|win|oxPAX0300\n|raw|oxPAX0300's rating: 1053 &rarr; <strong>1080</strong><br />(+27 for winning)\n|raw|cuulu's rating: 1000 &rarr; <strong>1000</strong><br />(+0 for losing)\n|l|\u2606cuulu\n|player|p2|\n",
  "uploadtime": 1776256933,
  "views": 21,
  "formatid": "gen9championsvgc2026regma",
  "rating": 1000,
  "private": 0,
  "password": null
}