{
  "id": "gen9championsvgc2026regma-2584561863",
  "format": "[Gen 9 Champions] VGC 2026 Reg M-A",
  "players": [
    "Markiito18",
    "PokeJo123"
  ],
  "log": "|j|\u2606Markiito18\n|j|\u2606PokeJo123\n|t:|1776268892\n|gametype|doubles\n|player|p1|Markiito18|rood|1226\n|player|p2|PokeJo123|102|1200\n|gen|9\n|tier|[Gen 9 Champions] VGC 2026 Reg M-A\n|rated|\n|rule|Species Clause: Limit one of each Pok\u00e9mon\n|rule|Item Clause: Limit 1 of each item\n|clearpoke\n|poke|p1|Hydreigon, L50, F|\n|poke|p1|Sneasler, L50, M|\n|poke|p1|Aggron, L50, F|\n|poke|p1|Sinistcha, L50|\n|poke|p1|Tyranitar, L50, F|\n|poke|p1|Aerodactyl, L50, M|\n|poke|p2|Victreebel, L50, M|\n|poke|p2|Torkoal, L50, M|\n|poke|p2|Incineroar, L50, F|\n|poke|p2|Sinistcha, L50|\n|poke|p2|Sneasler, L50, M|\n|poke|p2|Dragonite, L50, F|\n|teampreview|4\n|inactive|Battle timer is ON: inactive players will automatically lose when time's up. (requested by Markiito18)\n|inactive|Markiito18 has 60 seconds left.\n|inactive|Markiito18 has 30 seconds left.\n|inactive|Markiito18 has 20 seconds left.\n|inactive|Markiito18 has 15 seconds left.\n|inactive|Markiito18 has 10 seconds left.\n|inactive|Markiito18 has 5 seconds left.\n|\n|t:|1776269007\n|teamsize|p1|4\n|teamsize|p2|4\n|start\n|switch|p1a: Aerodactyl|Aerodactyl, L50, M, shiny|100/100\n|switch|p1b: Sneasler|Sneasler, L50, M, shiny|100/100\n|switch|p2a: Torkoal|Torkoal, L50, M|100/100\n|switch|p2b: Victreebel|Victreebel, L50, M|100/100\n|-weather|SunnyDay|[from] ability: Drought|[of] p2a: Torkoal\n|turn|1\n|inactive|PokeJo123 has 30 seconds left.\n|inactive|PokeJo123 has 20 seconds left.\n|inactive|PokeJo123 has 15 seconds left.\n|\n|t:|1776269049\n|switch|p1b: Tyranitar|Tyranitar, L50, F|100/100\n|-weather|Sandstorm|[from] ability: Sand Stream|[of] p1b: Tyranitar\n|detailschange|p1a: Aerodactyl|Aerodactyl-Mega, L50, M, shiny\n|-mega|p1a: Aerodactyl|Aerodactyl|Aerodactylite\n|move|p2a: Torkoal|Protect|p2a: Torkoal\n|-singleturn|p2a: Torkoal|Protect\n|move|p1a: Aerodactyl|Rock Slide|p2a: Torkoal|[spread] p2b\n|-activate|p2a: Torkoal|move: Protect\n|-damage|p2b: Victreebel|62/100\n|cant|p2b: Victreebel|flinch\n|\n|-weather|Sandstorm|[upkeep]\n|-damage|p2b: Victreebel|56/100|[from] Sandstorm\n|-damage|p2a: Torkoal|94/100|[from] Sandstorm\n|upkeep\n|turn|2\n|inactive|Markiito18 has 30 seconds left.\n|inactive|PokeJo123 has 30 seconds left.\n|inactive|PokeJo123 has 20 seconds left.\n|\n|t:|1776269084\n|switch|p1b: Sneasler|Sneasler, L50, M, shiny|100/100\n|switch|p2a: Sinistcha|Sinistcha, L50|100/100\n|-heal|p2b: Victreebel|81/100|[from] ability: Hospitality|[of] p2a: Sinistcha\n|detailschange|p2b: Victreebel|Victreebel-Mega, L50, M\n|-mega|p2b: Victreebel|Victreebel|Victreebelite\n|move|p1a: Aerodactyl|Rock Slide|p2b: Victreebel|[spread] p2a,p2b\n|-damage|p2a: Sinistcha|81/100\n|-damage|p2b: Victreebel|46/100\n|move|p2b: Victreebel|Leaf Storm|p1b: Sneasler\n|-resisted|p1b: Sneasler|1\n|-damage|p1b: Sneasler|45/100\n|-unboost|p2b: Victreebel|spa|2\n|\n|-weather|Sandstorm|[upkeep]\n|-damage|p1b: Sneasler|39/100|[from] Sandstorm\n|-damage|p2b: Victreebel|41/100|[from] Sandstorm\n|-damage|p2a: Sinistcha|75/100|[from] Sandstorm\n|upkeep\n|turn|3\n|inactive|Markiito18 has 30 seconds left.\n|inactive|PokeJo123 has 30 seconds left.\n|inactive|Markiito18 has 20 seconds left.\n|inactive|PokeJo123 has 20 seconds left.\n|\n|t:|1776269123\n|switch|p2b: Incineroar|Incineroar, L50, F|100/100\n|-ability|p2b: Incineroar|Intimidate|boost\n|-unboost|p1a: Aerodactyl|atk|1\n|-unboost|p1b: Sneasler|atk|1\n|-enditem|p1b: Sneasler|White Herb\n|-clearnegativeboost|p1b: Sneasler|[silent]\n|move|p2a: Sinistcha|Protect|p2a: Sinistcha\n|-singleturn|p2a: Sinistcha|Protect\n|move|p1b: Sneasler|Fake Out|p2b: Incineroar\n|-damage|p2b: Incineroar|90/100\n|move|p1a: Aerodactyl|Rock Slide|p2a: Sinistcha|[spread] p2b\n|-activate|p2a: Sinistcha|move: Protect\n|-supereffective|p2b: Incineroar|1\n|-damage|p2b: Incineroar|60/100\n|\n|-weather|Sandstorm|[upkeep]\n|-damage|p1b: Sneasler|34/100|[from] Sandstorm\n|-damage|p2a: Sinistcha|69/100|[from] Sandstorm\n|-damage|p2b: Incineroar|54/100|[from] Sandstorm\n|upkeep\n|turn|4\n|inactive|Markiito18 has 30 seconds left.\n|inactive|PokeJo123 has 30 seconds left.\n|inactive|Markiito18 has 20 seconds left.\n|inactive|Markiito18 has 15 seconds left.\n|inactive|Markiito18 has 10 seconds left.\n|inactive|Markiito18 has 5 seconds left.\n|\n|t:|1776269174\n|switch|p2b: Victreebel|Victreebel-Mega, L50, M|41/100\n|move|p1b: Sneasler|Coaching|p1a: Aerodactyl\n|-boost|p1a: Aerodactyl|atk|1\n|-boost|p1a: Aerodactyl|def|1\n|move|p1a: Aerodactyl|Rock Slide|p2b: Victreebel|[spread] p2a,p2b\n|-damage|p2a: Sinistcha|50/100\n|-damage|p2b: Victreebel|9/100\n|move|p2a: Sinistcha|Matcha Gotcha|p1b: Sneasler|[spread] p1a,p1b\n|-resisted|p1b: Sneasler|1\n|-damage|p1a: Aerodactyl|82/100\n|-heal|p2a: Sinistcha|59/100|[from] drain|[of] p1a: Aerodactyl\n|-damage|p1b: Sneasler|16/100\n|-heal|p2a: Sinistcha|67/100|[from] drain|[of] p1b: Sneasler\n|\n|-weather|Sandstorm|[upkeep]\n|-damage|p1b: Sneasler|10/100|[from] Sandstorm\n|-damage|p2b: Victreebel|3/100|[from] Sandstorm\n|-damage|p2a: Sinistcha|61/100|[from] Sandstorm\n|upkeep\n|turn|5\n|inactive|Markiito18 has 30 seconds left.\n|inactive|PokeJo123 has 30 seconds left.\n|inactive|Markiito18 has 20 seconds left.\n|inactive|PokeJo123 has 20 seconds left.\n|inactive|Markiito18 has 15 seconds left.\n|inactive|PokeJo123 has 15 seconds left.\n|\n|t:|1776269222\n|switch|p1a: Sinistcha|Sinistcha, L50|100/100\n|-heal|p1b: Sneasler|35/100|[from] ability: Hospitality|[of] p1a: Sinistcha\n|move|p1b: Sneasler|Dire Claw|p2a: Sinistcha\n|-damage|p2a: Sinistcha|31/100\n|move|p2b: Victreebel|Weather Ball|p1a: Sinistcha\n|-damage|p1a: Sinistcha|53/100\n|move|p2a: Sinistcha|Life Dew|p2a: Sinistcha|[spread] p2a,p2b\n|-heal|p2a: Sinistcha|57/100\n|-heal|p2b: Victreebel|28/100\n|\n|-weather|none\n|upkeep\n|turn|6\n|inactive|Markiito18 has 30 seconds left.\n|inactive|PokeJo123 has 30 seconds left.\n|\n|t:|1776269256\n|move|p1b: Sneasler|Dire Claw|p2b: Victreebel\n|-damage|p2b: Victreebel|0 fnt\n|-damage|p1b: Sneasler|2/100|[from] ability: Innards Out|[of] p2b: Victreebel\n|faint|p2b: Victreebel\n|move|p2a: Sinistcha|Life Dew|p2a: Sinistcha\n|-heal|p2a: Sinistcha|82/100\n|move|p1a: Sinistcha|Life Dew|p1a: Sinistcha|[spread] p1a,p1b\n|-heal|p1a: Sinistcha|78/100\n|-heal|p1b: Sneasler|27/100\n|\n|upkeep\n|\n|t:|1776269270\n|switch|p2b: Incineroar|Incineroar, L50, F|54/100\n|-ability|p2b: Incineroar|Intimidate|boost\n|-unboost|p1a: Sinistcha|atk|1\n|-unboost|p1b: Sneasler|atk|1\n|turn|7\n|\n|t:|1776269286\n|move|p2b: Incineroar|Fake Out|p1b: Sneasler\n|-damage|p1b: Sneasler|8/100\n|cant|p1b: Sneasler|flinch\n|move|p2a: Sinistcha|Matcha Gotcha|p1b: Sneasler|[spread] p1a,p1b\n|-resisted|p1a: Sinistcha|1\n|-resisted|p1b: Sneasler|1\n|-damage|p1a: Sinistcha|64/100\n|-heal|p2a: Sinistcha|89/100|[from] drain|[of] p1a: Sinistcha\n|-damage|p1b: Sneasler|0 fnt\n|-heal|p2a: Sinistcha|93/100|[from] drain|[of] p1b: Sneasler\n|faint|p1b: Sneasler\n|move|p1a: Sinistcha|Life Dew|p1a: Sinistcha\n|-heal|p1a: Sinistcha|89/100\n|\n|upkeep\n|\n|t:|1776269301\n|switch|p1b: Tyranitar|Tyranitar, L50, F|100/100\n|-weather|Sandstorm|[from] ability: Sand Stream|[of] p1b: Tyranitar\n|turn|8\n|\n|t:|1776269321\n|switch|p1a: Aerodactyl|Aerodactyl-Mega, L50, M, shiny|82/100\n|move|p1b: Tyranitar|Knock Off|p2a: Sinistcha\n|-supereffective|p2a: Sinistcha|1\n|-damage|p2a: Sinistcha|11/100\n|-enditem|p2a: Sinistcha|Focus Sash|[from] move: Knock Off|[of] p1b: Tyranitar\n|move|p2a: Sinistcha|Matcha Gotcha|p1a: Aerodactyl|[spread] p1a,p1b\n|-supereffective|p1b: Tyranitar|1\n|-damage|p1a: Aerodactyl|63/100\n|-heal|p2a: Sinistcha|20/100|[from] drain|[of] p1a: Aerodactyl\n|-damage|p1b: Tyranitar|72/100\n|-heal|p2a: Sinistcha|35/100|[from] drain|[of] p1b: Tyranitar\n|move|p2b: Incineroar|Parting Shot|p1b: Tyranitar\n|-unboost|p1b: Tyranitar|atk|1\n|-unboost|p1b: Tyranitar|spa|1\n|\n|t:|1776269337\n|switch|p2b: Torkoal|Torkoal, L50, M|94/100|[from] Parting Shot\n|-weather|SunnyDay|[from] ability: Drought|[of] p2b: Torkoal\n|\n|-weather|SunnyDay|[upkeep]\n|upkeep\n|turn|9\n|\n|t:|1776269350\n|move|p1a: Aerodactyl|Rock Slide|p2b: Torkoal|[spread] p2a,p2b\n|-supereffective|p2b: Torkoal|1\n|-damage|p2a: Sinistcha|15/100\n|-damage|p2b: Torkoal|46/100\n|move|p1b: Tyranitar|Rock Slide|p2a: Sinistcha|[spread] p2a,p2b\n|-supereffective|p2b: Torkoal|1\n|-damage|p2a: Sinistcha|0 fnt\n|-damage|p2b: Torkoal|14/100\n|faint|p2a: Sinistcha\n|cant|p2b: Torkoal|flinch\n|\n|-weather|SunnyDay|[upkeep]\n|upkeep\n|\n|t:|1776269361\n|switch|p2a: Incineroar|Incineroar, L50, F|54/100\n|-ability|p2a: Incineroar|Intimidate|boost\n|-unboost|p1a: Aerodactyl|atk|1\n|-unboost|p1b: Tyranitar|atk|1\n|turn|10\n|\n|t:|1776269370\n|move|p2a: Incineroar|Fake Out|p1a: Aerodactyl\n|-resisted|p1a: Aerodactyl|1\n|-damage|p1a: Aerodactyl|56/100\n|cant|p1a: Aerodactyl|flinch\n|move|p1b: Tyranitar|Rock Slide|p2b: Torkoal|[spread] p2a,p2b\n|-supereffective|p2a: Incineroar|1\n|-supereffective|p2b: Torkoal|1\n|-damage|p2a: Incineroar|28/100\n|-damage|p2b: Torkoal|0 fnt\n|-enditem|p2a: Incineroar|Sitrus Berry|[eat]\n|-heal|p2a: Incineroar|52/100|[from] item: Sitrus Berry\n|faint|p2b: Torkoal\n|\n|-weather|SunnyDay|[upkeep]\n|upkeep\n|turn|11\n|\n|t:|1776269386\n|move|p1a: Aerodactyl|Rock Slide|p2a: Incineroar\n|-supereffective|p2a: Incineroar|1\n|-damage|p2a: Incineroar|10/100\n|move|p1b: Tyranitar|Rock Slide|p2a: Incineroar\n|-supereffective|p2a: Incineroar|1\n|-damage|p2a: Incineroar|0 fnt\n|faint|p2a: Incineroar\n|\n|win|Markiito18\n|raw|Markiito18's rating: 1226 &rarr; <strong>1249</strong><br />(+23 for winning)\n|raw|PokeJo123's rating: 1200 &rarr; <strong>1177</strong><br />(-23 for losing)\n|l|\u2606PokeJo123\n|player|p2|\n|c|\u2606Markiito18|gg\n",
  "uploadtime": 1776269394,
  "views": 20,
  "formatid": "gen9championsvgc2026regma",
  "rating": 1177,
  "private": 0,
  "password": null
}