{
  "id": "gen9championsvgc2026regma-2584455410",
  "format": "[Gen 9 Champions] VGC 2026 Reg M-A",
  "players": [
    "MilkmanMiltank",
    "DeShawn Banks"
  ],
  "log": "|j|\u2606MilkmanMiltank\n|j|\u2606DeShawn Banks\n|t:|1776262063\n|gametype|doubles\n|player|p1|MilkmanMiltank|pokemonbreeder-gen4|1112\n|player|p2|DeShawn Banks|2|1045\n|gen|9\n|tier|[Gen 9 Champions] VGC 2026 Reg M-A\n|rated|\n|rule|Species Clause: Limit one of each Pok\u00e9mon\n|rule|Item Clause: Limit 1 of each item\n|clearpoke\n|poke|p1|Torkoal, L50, M|\n|poke|p1|Oranguru, L50, F|\n|poke|p1|Clefable, L50, F|\n|poke|p1|Rhyperior, L50, M|\n|poke|p1|Rotom-Wash, L50|\n|poke|p1|Sinistcha, L50|\n|poke|p2|Blastoise, L50, M|\n|poke|p2|Pelipper, L50, M|\n|poke|p2|Archaludon, L50, F|\n|poke|p2|Incineroar, L50, M|\n|poke|p2|Sneasler, L50, M|\n|poke|p2|Basculegion, L50, M|\n|teampreview|4\n|inactive|Battle timer is ON: inactive players will automatically lose when time's up. (requested by DeShawn Banks)\n|inactive|MilkmanMiltank has 60 seconds left.\nDeShawn Banks has agreed to open team sheets.\n|\n|t:|1776262124\n|teamsize|p1|4\n|teamsize|p2|4\n|start\n|switch|p1a: The Gogurt|Oranguru, L50, F, shiny|100/100\n|switch|p1b: The Baked Beans|Rotom-Wash, L50, shiny|100/100\n|switch|p2a: Blastoise|Blastoise, L50, M, shiny|100/100\n|switch|p2b: Incineroar|Incineroar, L50, M, shiny|100/100\n|-ability|p2b: Incineroar|Intimidate|boost\n|-unboost|p1a: The Gogurt|atk|1\n|-unboost|p1b: The Baked Beans|atk|1\n|turn|1\n|\n|t:|1776262143\n|switch|p1a: The Fresh Steep|Sinistcha, L50, shiny|100/100\n|detailschange|p2a: Blastoise|Blastoise-Mega, L50, M, shiny\n|-mega|p2a: Blastoise|Blastoise|Blastoisinite\n|move|p2b: Incineroar|Fake Out|p1a: The Fresh Steep\n|-immune|p1a: The Fresh Steep\n|move|p2a: Blastoise|Shell Smash|p2a: Blastoise\n|-unboost|p2a: Blastoise|def|1\n|-unboost|p2a: Blastoise|spd|1\n|-boost|p2a: Blastoise|atk|2\n|-boost|p2a: Blastoise|spa|2\n|-boost|p2a: Blastoise|spe|2\n|move|p1b: The Baked Beans|Thunderbolt|p2a: Blastoise\n|-supereffective|p2a: Blastoise|1\n|-damage|p2a: Blastoise|0 fnt\n|faint|p2a: Blastoise\n|\n|upkeep\n|\n|t:|1776262150\n|switch|p2a: Pelipper|Pelipper, L50, M, shiny|100/100\n|-weather|RainDance|[from] ability: Drizzle|[of] p2a: Pelipper\n|turn|2\n|\n|t:|1776262159\n|move|p2a: Pelipper|Tailwind|p2a: Pelipper\n|-sidestart|p2: DeShawn Banks|move: Tailwind\n|move|p2b: Incineroar|Throat Chop|p1a: The Fresh Steep\n|-supereffective|p1a: The Fresh Steep|1\n|-damage|p1a: The Fresh Steep|46/100\n|-start|p1a: The Fresh Steep|Throat Chop|[silent]\n|move|p1b: The Baked Beans|Volt Switch|p2a: Pelipper\n|-supereffective|p2a: Pelipper|2\n|-enditem|p2a: Pelipper|Focus Sash\n|-damage|p2a: Pelipper|1/100\n|\n|t:|1776262169\n|switch|p1b: The Eggs & Bacon|Rhyperior, L50, M, shiny|100/100|[from] Volt Switch\n|move|p1a: The Fresh Steep|Trick Room|p1a: The Fresh Steep\n|-fieldstart|move: Trick Room|[of] p1a: The Fresh Steep\n|\n|-weather|RainDance|[upkeep]\n|upkeep\n|turn|3\n|\n|t:|1776262184\n|switch|p1a: The Gogurt|Oranguru, L50, F, shiny|100/100\n|move|p2a: Pelipper|Wide Guard|p2a: Pelipper\n|-singleturn|p2a: Pelipper|Wide Guard\n|move|p1b: The Eggs & Bacon|Rock Slide|p2b: Incineroar|[spread] \n|-activate|p2a: Pelipper|move: Wide Guard\n|-activate|p2b: Incineroar|move: Wide Guard\n|move|p2b: Incineroar|Parting Shot|p1b: The Eggs & Bacon\n|-unboost|p1b: The Eggs & Bacon|atk|1\n|-unboost|p1b: The Eggs & Bacon|spa|1\n|\n|t:|1776262196\n|switch|p2b: Archaludon|Archaludon, L50, F|100/100|[from] Parting Shot\n|\n|-weather|RainDance|[upkeep]\n|upkeep\n|turn|4\n|\n|t:|1776262214\n|move|p2a: Pelipper|Protect|p2a: Pelipper\n|-singleturn|p2a: Pelipper|Protect\n|move|p1b: The Eggs & Bacon|Stone Edge|p2a: Pelipper\n|-activate|p2a: Pelipper|move: Protect\n|move|p1a: The Gogurt|Yawn|p2b: Archaludon\n|-start|p2b: Archaludon|move: Yawn|[of] p1a: The Gogurt\n|move|p2b: Archaludon|Electro Shot||[still]\n|-prepare|p2b: Archaludon|Electro Shot\n|-boost|p2b: Archaludon|spa|1\n|-anim|p2b: Archaludon|Electro Shot|p1a: The Gogurt\n|-damage|p1a: The Gogurt|45/100\n|\n|-weather|RainDance|[upkeep]\n|upkeep\n|turn|5\n|\n|t:|1776262238\n|switch|p1a: The Baked Beans|Rotom-Wash, L50, shiny|100/100\n|switch|p2a: Incineroar|Incineroar, L50, M, shiny|100/100\n|-ability|p2a: Incineroar|Intimidate|boost\n|-unboost|p1a: The Baked Beans|atk|1\n|-unboost|p1b: The Eggs & Bacon|atk|1\n|move|p1b: The Eggs & Bacon|Stone Edge|p2a: Incineroar\n|-supereffective|p2a: Incineroar|1\n|-damage|p2a: Incineroar|29/100\n|-enditem|p2a: Incineroar|Sitrus Berry|[eat]\n|-heal|p2a: Incineroar|54/100|[from] item: Sitrus Berry\n|move|p2b: Archaludon|Electro Shot||[still]\n|-prepare|p2b: Archaludon|Electro Shot\n|-boost|p2b: Archaludon|spa|1\n|-anim|p2b: Archaludon|Electro Shot|p1a: The Baked Beans\n|-damage|p1a: The Baked Beans|8/100\n|-enditem|p1a: The Baked Beans|Sitrus Berry|[eat]\n|-heal|p1a: The Baked Beans|32/100|[from] item: Sitrus Berry\n|\n|-weather|RainDance|[upkeep]\n|-end|p2b: Archaludon|move: Yawn|[silent]\n|-status|p2b: Archaludon|slp\n|-sideend|p2: DeShawn Banks|move: Tailwind\n|upkeep\n|turn|6\n|inactive|MilkmanMiltank has 30 seconds left.\n|inactive|DeShawn Banks has 30 seconds left.\n|\n|t:|1776262270\n|cant|p2b: Archaludon|slp\n|move|p2a: Incineroar|Fake Out|p1b: The Eggs & Bacon\n|-resisted|p1b: The Eggs & Bacon|1\n|-damage|p1b: The Eggs & Bacon|97/100\n|cant|p1b: The Eggs & Bacon|flinch\n|move|p1a: The Baked Beans|Hydro Pump|p2a: Incineroar|[miss]\n|-miss|p1a: The Baked Beans|p2a: Incineroar\n|\n|-weather|none\n|-fieldend|move: Trick Room\n|upkeep\n|turn|7\n|inactive|DeShawn Banks has 30 seconds left.\n|\n|t:|1776262298\n|switch|p1b: The Fresh Steep|Sinistcha, L50, shiny|46/100\n|-heal|p1a: The Baked Beans|57/100|[from] ability: Hospitality|[of] p1b: The Fresh Steep\n|cant|p2b: Archaludon|slp\n|move|p1a: The Baked Beans|Hydro Pump|p2a: Incineroar|[miss]\n|-miss|p1a: The Baked Beans|p2a: Incineroar\n|move|p2a: Incineroar|Throat Chop|p1a: The Baked Beans\n|-damage|p1a: The Baked Beans|23/100\n|-start|p1a: The Baked Beans|Throat Chop|[silent]\n|\n|upkeep\n|turn|8\n|inactive|MilkmanMiltank has 30 seconds left.\n|\n|t:|1776262325\n|-curestatus|p2b: Archaludon|slp|[msg]\n|move|p2b: Archaludon|Flash Cannon|p1a: The Baked Beans\n|-resisted|p1a: The Baked Beans|2\n|-damage|p1a: The Baked Beans|2/100\n|move|p1a: The Baked Beans|Hydro Pump|p2a: Incineroar\n|-supereffective|p2a: Incineroar|1\n|-damage|p2a: Incineroar|0 fnt\n|faint|p2a: Incineroar\n|move|p1b: The Fresh Steep|Trick Room|p1b: The Fresh Steep\n|-fieldstart|move: Trick Room|[of] p1b: The Fresh Steep\n|\n|-end|p1a: The Baked Beans|Throat Chop|[silent]\n|upkeep\n|\n|t:|1776262333\n|switch|p2a: Pelipper|Pelipper, L50, M, shiny|1/100\n|-weather|RainDance|[from] ability: Drizzle|[of] p2a: Pelipper\n|turn|9\n|\n|t:|1776262354\n|switch|p1b: The Eggs & Bacon|Rhyperior, L50, M, shiny|97/100\n|move|p2a: Pelipper|Protect|p2a: Pelipper\n|-singleturn|p2a: Pelipper|Protect\n|move|p1a: The Baked Beans|Volt Switch|p2a: Pelipper\n|-activate|p2a: Pelipper|move: Protect\n|move|p2b: Archaludon|Electro Shot||[still]\n|-prepare|p2b: Archaludon|Electro Shot\n|-boost|p2b: Archaludon|spa|1\n|-anim|p2b: Archaludon|Electro Shot|p1a: The Baked Beans\n|-damage|p1a: The Baked Beans|0 fnt\n|faint|p1a: The Baked Beans\n|\n|-weather|RainDance|[upkeep]\n|upkeep\n|\n|t:|1776262360\n|switch|p1a: The Gogurt|Oranguru, L50, F, shiny|45/100\n|turn|10\n|\n|t:|1776262378\n|switch|p1b: The Fresh Steep|Sinistcha, L50, shiny|46/100\n|-heal|p1a: The Gogurt|70/100|[from] ability: Hospitality|[of] p1b: The Fresh Steep\n|move|p2a: Pelipper|Wide Guard|p2a: Pelipper\n|-singleturn|p2a: Pelipper|Wide Guard\n|move|p1a: The Gogurt|Yawn|p2b: Archaludon\n|-start|p2b: Archaludon|move: Yawn|[of] p1a: The Gogurt\n|move|p2b: Archaludon|Flash Cannon|p1b: The Fresh Steep\n|-crit|p1b: The Fresh Steep\n|-damage|p1b: The Fresh Steep|0 fnt\n|faint|p1b: The Fresh Steep\n|\n|-weather|RainDance|[upkeep]\n|upkeep\n|\n|t:|1776262387\n|switch|p1b: The Eggs & Bacon|Rhyperior, L50, M, shiny|97/100\n|turn|11\n|\n|t:|1776262398\n|move|p1b: The Eggs & Bacon|Protect|p1b: The Eggs & Bacon\n|-singleturn|p1b: The Eggs & Bacon|Protect\n|move|p1a: The Gogurt|Protect|p1a: The Gogurt\n|-singleturn|p1a: The Gogurt|Protect\n|move|p2a: Pelipper|Protect||[still]\n|-fail|p2a: Pelipper\n|move|p2b: Archaludon|Flash Cannon|p1b: The Eggs & Bacon\n|-activate|p1b: The Eggs & Bacon|move: Protect\n|\n|-weather|RainDance|[upkeep]\n|-end|p2b: Archaludon|move: Yawn|[silent]\n|-status|p2b: Archaludon|slp\n|upkeep\n|turn|12\n|\n|t:|1776262412\n|move|p1b: The Eggs & Bacon|Earthquake|p2a: Pelipper|[spread] p2b\n|-activate|p1a: The Gogurt|ability: Telepathy\n|-immune|p2a: Pelipper\n|-supereffective|p2b: Archaludon|1\n|-damage|p2b: Archaludon|27/100 slp\n|-ability|p2b: Archaludon|Stamina|boost\n|-boost|p2b: Archaludon|def|1\n|move|p1a: The Gogurt|Instruct|p1b: The Eggs & Bacon\n|-singleturn|p1b: The Eggs & Bacon|move: Instruct|[of] p1a: The Gogurt\n|move|p1b: The Eggs & Bacon|Earthquake|p2a: Pelipper|[spread] p2b\n|-activate|p1a: The Gogurt|ability: Telepathy\n|-immune|p2a: Pelipper\n|-supereffective|p2b: Archaludon|1\n|-damage|p2b: Archaludon|0 fnt\n|faint|p2b: Archaludon\n|move|p2a: Pelipper|Hurricane|p1a: The Gogurt\n|-damage|p1a: The Gogurt|39/100\n|\n|-weather|RainDance|[upkeep]\n|-fieldend|move: Trick Room\n|upkeep\n|turn|13\n|c|\u2606MilkmanMiltank|ggwp\n|c|\u2606DeShawn Banks|Nice\n|inactive|DeShawn Banks has 30 seconds left.\n|inactive|DeShawn Banks has 20 seconds left.\n|c|\u2606DeShawn Banks|Ive never seen that before\n|inactive|DeShawn Banks has 15 seconds left.\n|c|\u2606DeShawn Banks|gg bro\n|c|\u2606MilkmanMiltank|<3\n|inactive|DeShawn Banks has 10 seconds left.\n|\n|t:|1776262457\n|move|p1b: The Eggs & Bacon|Protect|p1b: The Eggs & Bacon\n|-singleturn|p1b: The Eggs & Bacon|Protect\n|move|p2a: Pelipper|Hurricane|p1a: The Gogurt\n|-damage|p1a: The Gogurt|9/100\n|move|p1a: The Gogurt|Trick Room|p1a: The Gogurt\n|-fieldstart|move: Trick Room|[of] p1a: The Gogurt\n|\n|-weather|none\n|upkeep\n|turn|14\n|\n|t:|1776262469\n|move|p2a: Pelipper|Protect|p2a: Pelipper\n|-singleturn|p2a: Pelipper|Protect\n|move|p1b: The Eggs & Bacon|Stone Edge|p2a: Pelipper\n|-activate|p2a: Pelipper|move: Protect\n|move|p1a: The Gogurt|Instruct|p1b: The Eggs & Bacon\n|-singleturn|p1b: The Eggs & Bacon|move: Instruct|[of] p1a: The Gogurt\n|move|p1b: The Eggs & Bacon|Stone Edge|p2a: Pelipper\n|-activate|p2a: Pelipper|move: Protect\n|\n|upkeep\n|turn|15\n|\n|t:|1776262486\n|move|p1b: The Eggs & Bacon|Stone Edge|p2a: Pelipper\n|-supereffective|p2a: Pelipper|1\n|-crit|p2a: Pelipper\n|-damage|p2a: Pelipper|0 fnt\n|faint|p2a: Pelipper\n|\n|win|MilkmanMiltank\n|raw|MilkmanMiltank's rating: 1112 &rarr; <strong>1132</strong><br />(+20 for winning)\n|raw|DeShawn Banks's rating: 1045 &rarr; <strong>1031</strong><br />(-14 for losing)\n|l|\u2606MilkmanMiltank\n|player|p1|\n",
  "uploadtime": 1776262493,
  "views": 19,
  "formatid": "gen9championsvgc2026regma",
  "rating": 1031,
  "private": 0,
  "password": null
}