{
  "id": "gen9championsvgc2026regma-2583141493",
  "format": "[Gen 9 Champions] VGC 2026 Reg M-A",
  "players": [
    "chaengluv",
    "osa_lab"
  ],
  "log": "|j|\u2606chaengluv\n|j|\u2606osa_lab\n|t:|1776147055\n|gametype|doubles\n|player|p1|chaengluv|265|1039\n|player|p2|osa_lab|101|1051\n|gen|9\n|tier|[Gen 9 Champions] VGC 2026 Reg M-A\n|rated|\n|rule|Species Clause: Limit one of each Pok\u00e9mon\n|rule|Item Clause: Limit 1 of each item\n|clearpoke\n|poke|p1|Drampa, L50, M|\n|poke|p1|Alakazam, L50, M|\n|poke|p1|Sinistcha, L50|\n|poke|p1|Pelipper, L50, F|\n|poke|p1|Basculegion, L50, M|\n|poke|p1|Scizor, L50, F|\n|poke|p2|Kangaskhan, L50, F|\n|poke|p2|Milotic, L50, F|\n|poke|p2|Sinistcha, L50|\n|poke|p2|Incineroar, L50, M|\n|poke|p2|Corviknight, L50, M|\n|poke|p2|Kommo-o, L50, M|\n|teampreview|4\n|inactive|Battle timer is ON: inactive players will automatically lose when time's up. (requested by chaengluv)\n|inactive|osa_lab has 60 seconds left.\n|\n|t:|1776147091\n|teamsize|p1|4\n|teamsize|p2|4\n|start\n|switch|p1a: Drampa|Drampa, L50, M|100/100\n|switch|p1b: Alakazam|Alakazam, L50, M|100/100\n|switch|p2a: Kangaskhan|Kangaskhan, L50, F|100/100\n|switch|p2b: Corviknight|Corviknight, L50, M|100/100\n|-ability|p1a: Drampa|Cloud Nine\n|turn|1\n|\n|t:|1776147111\n|detailschange|p2a: Kangaskhan|Kangaskhan-Mega, L50, F\n|-mega|p2a: Kangaskhan|Kangaskhan|Kangaskhanite\n|detailschange|p1a: Drampa|Drampa-Mega, L50, M\n|-mega|p1a: Drampa|Drampa|Drampanite\n|move|p2a: Kangaskhan|Fake Out|p1b: Alakazam\n|-damage|p1b: Alakazam|59/100\n|-damage|p1b: Alakazam|49/100\n|-hitcount|p1b: Alakazam|2\n|move|p1b: Alakazam|Reflect|p1b: Alakazam\n|-sidestart|p1: chaengluv|Reflect\n|move|p2b: Corviknight|Bulk Up|p2b: Corviknight\n|-boost|p2b: Corviknight|atk|1\n|-boost|p2b: Corviknight|def|1\n|move|p1a: Drampa|Calm Mind|p1a: Drampa\n|-boost|p1a: Drampa|spa|1\n|-boost|p1a: Drampa|spd|1\n|\n|upkeep\n|turn|2\n|inactive|osa_lab has 30 seconds left.\n|\n|t:|1776147141\n|switch|p2a: Incineroar|Incineroar, L50, M|100/100\n|-ability|p2a: Incineroar|Intimidate|boost\n|-unboost|p1a: Drampa|atk|1\n|-fail|p1b: Alakazam|unboost|Attack|[from] ability: Inner Focus|[of] p1b: Alakazam\n|move|p1b: Alakazam|Speed Swap|p1a: Drampa\n|-activate|p1b: Alakazam|move: Speed Swap|[of] p1a: Drampa\n|move|p1a: Drampa|Hyper Voice|p2b: Corviknight|[spread] p2a,p2b\n|-resisted|p2b: Corviknight|1\n|-damage|p2a: Incineroar|36/100\n|-damage|p2b: Corviknight|74/100\n|move|p2b: Corviknight|Bulk Up|p2b: Corviknight\n|-boost|p2b: Corviknight|atk|1\n|-boost|p2b: Corviknight|def|1\n|\n|upkeep\n|turn|3\n|\n|t:|1776147165\n|switch|p2a: Sinistcha|Sinistcha, L50|100/100\n|-heal|p2b: Corviknight|99/100|[from] ability: Hospitality|[of] p2a: Sinistcha\n|switch|p1b: Pelipper|Pelipper, L50, F|100/100\n|-weather|RainDance|[from] ability: Drizzle|[of] p1b: Pelipper\n|move|p1a: Drampa|Protect|p1a: Drampa\n|-singleturn|p1a: Drampa|Protect\n|move|p2b: Corviknight|Brave Bird|p1b: Pelipper\n|-crit|p1b: Pelipper\n|-enditem|p1b: Pelipper|Focus Sash\n|-damage|p1b: Pelipper|1/100\n|-damage|p2b: Corviknight|72/100|[from] Recoil\n|\n|-weather|RainDance|[upkeep]\n|upkeep\n|turn|4\n|inactive|osa_lab has 30 seconds left.\n|\n|t:|1776147191\n|move|p1a: Drampa|Hyper Voice|p2b: Corviknight|[spread] p2b\n|-immune|p2a: Sinistcha\n|-resisted|p2b: Corviknight|1\n|-damage|p2b: Corviknight|47/100\n|move|p2a: Sinistcha|Life Dew||[still]|[spread] p2a,p2b\n|-fail|p2a: Sinistcha|heal\n|-heal|p2b: Corviknight|72/100\n|move|p2b: Corviknight|Body Press|p1b: Pelipper\n|-resisted|p1b: Pelipper|1\n|-damage|p1b: Pelipper|0 fnt\n|faint|p1b: Pelipper\n|\n|-weather|RainDance|[upkeep]\n|upkeep\n|\n|t:|1776147206\n|switch|p1b: Sinistcha|Sinistcha, L50|100/100\n|turn|5\n|\n|t:|1776147219\n|move|p1b: Sinistcha|Rage Powder|p1b: Sinistcha\n|-singleturn|p1b: Sinistcha|move: Rage Powder\n|move|p1a: Drampa|Hyper Voice|p2a: Sinistcha|[spread] p2b\n|-immune|p2a: Sinistcha\n|-resisted|p2b: Corviknight|1\n|-damage|p2b: Corviknight|49/100\n|move|p2a: Sinistcha|Life Dew||[still]|[spread] p2a,p2b\n|-fail|p2a: Sinistcha|heal\n|-heal|p2b: Corviknight|74/100\n|move|p2b: Corviknight|Brave Bird|p1b: Sinistcha\n|-supereffective|p1b: Sinistcha|1\n|-damage|p1b: Sinistcha|29/100\n|-enditem|p1b: Sinistcha|Sitrus Berry|[eat]\n|-heal|p1b: Sinistcha|53/100|[from] item: Sitrus Berry\n|-damage|p2b: Corviknight|53/100|[from] Recoil\n|\n|-weather|RainDance|[upkeep]\n|-sideend|p1: chaengluv|Reflect\n|upkeep\n|turn|6\n|\n|t:|1776147237\n|switch|p1b: Alakazam|Alakazam, L50, M|49/100\n|move|p1a: Drampa|Calm Mind|p1a: Drampa\n|-boost|p1a: Drampa|spa|1\n|-boost|p1a: Drampa|spd|1\n|move|p2a: Sinistcha|Life Dew||[still]|[spread] p2a,p2b\n|-fail|p2a: Sinistcha|heal\n|-heal|p2b: Corviknight|78/100\n|move|p2b: Corviknight|Brave Bird|p1b: Alakazam\n|-damage|p1b: Alakazam|0 fnt\n|faint|p1b: Alakazam\n|-damage|p2b: Corviknight|65/100|[from] Recoil\n|\n|-weather|RainDance|[upkeep]\n|upkeep\n|\n|t:|1776147248\n|switch|p1b: Sinistcha|Sinistcha, L50|53/100\n|turn|7\n|\n|t:|1776147257\n|move|p1a: Drampa|Hyper Voice|p2b: Corviknight|[spread] p2b\n|-immune|p2a: Sinistcha\n|-resisted|p2b: Corviknight|1\n|-damage|p2b: Corviknight|31/100\n|move|p2a: Sinistcha|Life Dew||[still]|[spread] p2a,p2b\n|-fail|p2a: Sinistcha|heal\n|-heal|p2b: Corviknight|56/100\n|move|p1b: Sinistcha|Matcha Gotcha|p2b: Corviknight|[spread] p2a,p2b\n|-resisted|p2a: Sinistcha|1\n|-resisted|p2b: Corviknight|2\n|-damage|p2a: Sinistcha|86/100\n|-heal|p1b: Sinistcha|61/100|[from] drain|[of] p2a: Sinistcha\n|-damage|p2b: Corviknight|52/100\n|-heal|p1b: Sinistcha|63/100|[from] drain|[of] p2b: Corviknight\n|move|p2b: Corviknight|Brave Bird|p1b: Sinistcha\n|-supereffective|p1b: Sinistcha|1\n|-damage|p1b: Sinistcha|0 fnt\n|faint|p1b: Sinistcha\n|-damage|p2b: Corviknight|34/100|[from] Recoil\n|\n|-weather|none\n|upkeep\n|turn|8\n|\n|t:|1776147274\n|move|p1a: Drampa|Hyper Voice|p2b: Corviknight|[spread] p2b\n|-immune|p2a: Sinistcha\n|-resisted|p2b: Corviknight|1\n|-damage|p2b: Corviknight|0 fnt\n|faint|p2b: Corviknight\n|move|p2a: Sinistcha|Life Dew|p2a: Sinistcha\n|-heal|p2a: Sinistcha|100/100\n|\n|upkeep\n|\n|t:|1776147287\n|switch|p2b: Kangaskhan|Kangaskhan-Mega, L50, F|100/100\n|turn|9\n|\n|t:|1776147295\n|move|p1a: Drampa|Protect|p1a: Drampa\n|-singleturn|p1a: Drampa|Protect\n|move|p2b: Kangaskhan|Double-Edge|p1a: Drampa\n|-activate|p1a: Drampa|move: Protect\n|move|p2a: Sinistcha|Matcha Gotcha|p1a: Drampa\n|-activate|p1a: Drampa|move: Protect\n|\n|upkeep\n|turn|10\n|\n|t:|1776147300\n|move|p1a: Drampa|Hyper Voice|p2b: Kangaskhan|[spread] p2b\n|-immune|p2a: Sinistcha\n|-damage|p2b: Kangaskhan|23/100\n|move|p2b: Kangaskhan|Double-Edge|p1a: Drampa\n|-damage|p1a: Drampa|45/100\n|-damage|p1a: Drampa|30/100\n|-hitcount|p1a: Drampa|2\n|-damage|p2b: Kangaskhan|0 fnt|[from] Recoil\n|-ability|p1a: Drampa|Berserk|boost\n|-boost|p1a: Drampa|spa|1\n|faint|p2b: Kangaskhan\n|move|p2a: Sinistcha|Matcha Gotcha|p1a: Drampa|[miss]\n|-miss|p2a: Sinistcha|p1a: Drampa\n|\n|upkeep\n|\n|t:|1776147315\n|switch|p2b: Incineroar|Incineroar, L50, M|36/100\n|-ability|p2b: Incineroar|Intimidate|boost\n|-unboost|p1a: Drampa|atk|1\n|turn|11\n|\n|t:|1776147320\n|move|p1a: Drampa|Protect|p1a: Drampa\n|-singleturn|p1a: Drampa|Protect\n|move|p2b: Incineroar|Fake Out|p1a: Drampa\n|-activate|p1a: Drampa|move: Protect\n|move|p2a: Sinistcha|Life Dew||[still]|[spread] p2a,p2b\n|-fail|p2a: Sinistcha|heal\n|-heal|p2b: Incineroar|61/100\n|\n|upkeep\n|turn|12\n|\n|t:|1776147328\n|move|p1a: Drampa|Earth Power|p2b: Incineroar\n|-supereffective|p2b: Incineroar|1\n|-damage|p2b: Incineroar|0 fnt\n|faint|p2b: Incineroar\n|move|p2a: Sinistcha|Matcha Gotcha|p1a: Drampa\n|-resisted|p1a: Drampa|1\n|-damage|p1a: Drampa|23/100\n|-status|p1a: Drampa|brn\n|\n|-damage|p1a: Drampa|17/100 brn|[from] brn\n|upkeep\n|turn|13\n|\n|t:|1776147343\n|move|p1a: Drampa|Earth Power|p2a: Sinistcha\n|-resisted|p2a: Sinistcha|1\n|-damage|p2a: Sinistcha|42/100\n|-unboost|p2a: Sinistcha|spd|1\n|-enditem|p2a: Sinistcha|Sitrus Berry|[eat]\n|-heal|p2a: Sinistcha|66/100|[from] item: Sitrus Berry\n|move|p2a: Sinistcha|Matcha Gotcha|p1a: Drampa|[miss]\n|-miss|p2a: Sinistcha|p1a: Drampa\n|\n|-damage|p1a: Drampa|11/100 brn|[from] brn\n|upkeep\n|turn|14\n|\n|t:|1776147353\n|move|p1a: Drampa|Earth Power|p2a: Sinistcha\n|-resisted|p2a: Sinistcha|1\n|-damage|p2a: Sinistcha|0 fnt\n|faint|p2a: Sinistcha\n|\n|win|chaengluv\n|raw|chaengluv's rating: 1039 &rarr; <strong>1074</strong><br />(+35 for winning)\n|raw|osa_lab's rating: 1051 &rarr; <strong>1033</strong><br />(-18 for losing)\n",
  "uploadtime": 1776147354,
  "views": 16,
  "formatid": "gen9championsvgc2026regma",
  "rating": 1033,
  "private": 0,
  "password": null
}