{
  "id": "gen9championsvgc2026regma-2582558383",
  "format": "[Gen 9 Champions] VGC 2026 Reg M-A",
  "players": [
    "rayan_22",
    "ssppra2"
  ],
  "log": "|badge|p1|bronze|gen9ubers|100-9\n|uhtml|medal-msg|<div class=\"broadcast-blue\">Curious what those medals under the avatar are? PS now has Ladder Seasons! For more information, check out the <a href=\"https://www.smogon.com/forums/threads/3740067/\">thread on Smogon.</a></div>\n|j|\u2606rayan_22\n|j|\u2606ssppra2\n|t:|1776099283\n|gametype|doubles\n|player|p1|rayan_22|265|1309\n|player|p2|ssppra2|101|1300\n|gen|9\n|tier|[Gen 9 Champions] VGC 2026 Reg M-A\n|rated|\n|rule|Species Clause: Limit one of each Pok\u00e9mon\n|rule|Item Clause: Limit 1 of each item\n|clearpoke\n|poke|p1|Excadrill, L50, M|\n|poke|p1|Tyranitar, L50, M|\n|poke|p1|Garchomp, L50, M|\n|poke|p1|Corviknight, L50, F|\n|poke|p1|Gyarados, L50, M|\n|poke|p1|Sinistcha, L50|\n|poke|p2|Aggron, L50, M|\n|poke|p2|Farigiraf, L50, F|\n|poke|p2|Incineroar, L50, M|\n|poke|p2|Aerodactyl, L50, F|\n|poke|p2|Basculegion, L50, M|\n|poke|p2|Floette-Eternal, L50, F|\n|teampreview|4\n|inactive|Battle timer is ON: inactive players will automatically lose when time's up. (requested by ssppra2)\n|\n|t:|1776099307\n|teamsize|p1|4\n|teamsize|p2|4\n|start\n|switch|p1a: Gyarados|Gyarados, L50, M|100/100\n|switch|p1b: Garchomp|Garchomp, L50, M|100/100\n|switch|p2a: Farigiraf|Farigiraf, L50, F|100/100\n|switch|p2b: Incineroar|Incineroar, L50, M|100/100\n|-ability|p1a: Gyarados|Intimidate|boost\n|-unboost|p2a: Farigiraf|atk|1\n|-unboost|p2b: Incineroar|atk|1\n|-ability|p2b: Incineroar|Intimidate|boost\n|-unboost|p1a: Gyarados|atk|1\n|-unboost|p1b: Garchomp|atk|1\n|turn|1\n|inactive|ssppra2 has 30 seconds left.\n|\n|t:|1776099339\n|move|p2b: Incineroar|Fake Out|p1b: Garchomp|[miss]\n|-miss|p2b: Incineroar|p1b: Garchomp\n|move|p1b: Garchomp|Earthquake|p2b: Incineroar|[spread] p2a,p2b\n|-immune|p1a: Gyarados\n|-supereffective|p2b: Incineroar|1\n|-damage|p2a: Farigiraf|72/100\n|-damage|p2b: Incineroar|46/100\n|-enditem|p2b: Incineroar|Sitrus Berry|[eat]\n|-heal|p2b: Incineroar|71/100|[from] item: Sitrus Berry\n|move|p1a: Gyarados|Thunder Wave|p2b: Incineroar\n|-status|p2b: Incineroar|par\n|move|p2a: Farigiraf|Trick Room|p2a: Farigiraf\n|-fieldstart|move: Trick Room|[of] p2a: Farigiraf\n|\n|upkeep\n|turn|2\n|inactive|ssppra2 has 30 seconds left.\n|inactive|ssppra2 has 20 seconds left.\n|inactive|ssppra2 has 15 seconds left.\n|inactive|ssppra2 has 10 seconds left.\n|\n|t:|1776099384\n|move|p1a: Gyarados|Protect|p1a: Gyarados\n|-singleturn|p1a: Gyarados|Protect\n|move|p1b: Garchomp|Protect|p1b: Garchomp\n|-singleturn|p1b: Garchomp|Protect\n|move|p2b: Incineroar|Darkest Lariat|p1a: Gyarados\n|-activate|p1a: Gyarados|move: Protect\n|move|p2a: Farigiraf|Hyper Voice|p1a: Gyarados|[spread] \n|-activate|p1a: Gyarados|move: Protect\n|-activate|p1b: Garchomp|move: Protect\n|\n|upkeep\n|turn|3\n|\n|t:|1776099407\n|move|p2b: Incineroar|Darkest Lariat|p1a: Gyarados\n|-damage|p1a: Gyarados|64/100\n|move|p2a: Farigiraf|Hyper Voice|p1b: Garchomp|[spread] p1a,p1b\n|-damage|p1a: Gyarados|35/100\n|-damage|p1b: Garchomp|67/100\n|move|p1a: Gyarados|Waterfall|p2b: Incineroar\n|-supereffective|p2b: Incineroar|1\n|-damage|p2b: Incineroar|19/100 par\n|move|p1b: Garchomp|Earthquake|p2b: Incineroar|[spread] p2a,p2b\n|-immune|p1a: Gyarados\n|-supereffective|p2b: Incineroar|1\n|-damage|p2a: Farigiraf|42/100\n|-damage|p2b: Incineroar|0 fnt\n|faint|p2b: Incineroar\n|\n|upkeep\n|\n|t:|1776099410\n|switch|p2b: Aggron|Aggron, L50, M|100/100\n|turn|4\n|\n|t:|1776099423\n|detailschange|p2b: Aggron|Aggron-Mega, L50, M\n|-mega|p2b: Aggron|Aggron|Aggronite\n|move|p2b: Aggron|Iron Defense|p2b: Aggron\n|-boost|p2b: Aggron|def|2\n|move|p2a: Farigiraf|Hyper Voice|p1a: Gyarados|[spread] p1a\n|-miss|p2a: Farigiraf|p1b: Garchomp\n|-damage|p1a: Gyarados|2/100\n|move|p1a: Gyarados|Waterfall|p2b: Aggron\n|-damage|p2b: Aggron|95/100\n|move|p1b: Garchomp|Earthquake|p2a: Farigiraf|[spread] p2a,p2b\n|-immune|p1a: Gyarados\n|-supereffective|p2b: Aggron|1\n|-damage|p2a: Farigiraf|13/100\n|-damage|p2b: Aggron|88/100\n|\n|upkeep\n|turn|5\n|\n|t:|1776099440\n|move|p2b: Aggron|Iron Defense|p2b: Aggron\n|-boost|p2b: Aggron|def|2\n|move|p2a: Farigiraf|Hyper Voice|p1a: Gyarados|[spread] p1a,p1b\n|-damage|p1a: Gyarados|0 fnt\n|-damage|p1b: Garchomp|34/100\n|faint|p1a: Gyarados\n|move|p1b: Garchomp|Earthquake|p2b: Aggron|[spread] p2a,p2b\n|-supereffective|p2b: Aggron|1\n|-damage|p2a: Farigiraf|0 fnt\n|-damage|p2b: Aggron|82/100\n|faint|p2a: Farigiraf\n|\n|-fieldend|move: Trick Room\n|upkeep\n|\n|t:|1776099452\n|switch|p1a: Tyranitar|Tyranitar, L50, M|100/100\n|switch|p2a: Basculegion|Basculegion, L50, M|100/100\n|-weather|Sandstorm|[from] ability: Sand Stream|[of] p1a: Tyranitar\n|turn|6\n|\n|t:|1776099464\n|detailschange|p1a: Tyranitar|Tyranitar-Mega, L50, M\n|-mega|p1a: Tyranitar|Tyranitar|Tyranitarite\n|move|p2a: Basculegion|Wave Crash|p1b: Garchomp|[miss]\n|-miss|p2a: Basculegion|p1b: Garchomp\n|move|p1b: Garchomp|Rock Slide|p2a: Basculegion|[spread] p2a,p2b\n|-resisted|p2b: Aggron|1\n|-damage|p2a: Basculegion|85/100\n|-damage|p2b: Aggron|82/100\n|move|p1a: Tyranitar|Knock Off|p2a: Basculegion\n|-supereffective|p2a: Basculegion|1\n|-damage|p2a: Basculegion|0 fnt\n|-enditem|p2a: Basculegion|Choice Scarf|[from] move: Knock Off|[of] p1a: Tyranitar\n|faint|p2a: Basculegion\n|move|p2b: Aggron|Body Press|p1a: Tyranitar\n|-supereffective|p1a: Tyranitar|2\n|-damage|p1a: Tyranitar|0 fnt\n|faint|p1a: Tyranitar\n|\n|-weather|Sandstorm|[upkeep]\n|upkeep\n|\n|t:|1776099471\n|switch|p1a: Excadrill|Excadrill, L50, M|100/100\n|turn|7\n|\n|t:|1776099481\n|move|p1b: Garchomp|Protect|p1b: Garchomp\n|-singleturn|p1b: Garchomp|Protect\n|move|p1a: Excadrill|Earthquake|p2b: Aggron|[spread] p2b\n|-activate|p1b: Garchomp|move: Protect\n|-supereffective|p2b: Aggron|1\n|-damage|p2b: Aggron|73/100\n|move|p2b: Aggron|Body Press|p1b: Garchomp\n|-activate|p1b: Garchomp|move: Protect\n|\n|-weather|Sandstorm|[upkeep]\n|upkeep\n|turn|8\n|\n|t:|1776099498\n|move|p1a: Excadrill|Iron Head|p2b: Aggron\n|-resisted|p2b: Aggron|1\n|-damage|p2b: Aggron|70/100\n|move|p1b: Garchomp|Rock Slide|p2b: Aggron\n|-resisted|p2b: Aggron|1\n|-damage|p2b: Aggron|69/100\n|move|p2b: Aggron|Body Press|p1b: Garchomp\n|-damage|p1b: Garchomp|0 fnt\n|faint|p1b: Garchomp\n|\n|-weather|Sandstorm|[upkeep]\n|upkeep\n|turn|9\n|\n|t:|1776099505\n|move|p1a: Excadrill|Earthquake|p2b: Aggron\n|-supereffective|p2b: Aggron|1\n|-damage|p2b: Aggron|56/100\n|move|p2b: Aggron|Body Press|p1a: Excadrill\n|-supereffective|p1a: Excadrill|1\n|-enditem|p1a: Excadrill|Focus Sash\n|-damage|p1a: Excadrill|1/100\n|\n|-weather|Sandstorm|[upkeep]\n|upkeep\n|turn|10\n|\n|t:|1776099513\n|move|p1a: Excadrill|Earthquake|p2b: Aggron\n|-supereffective|p2b: Aggron|1\n|-damage|p2b: Aggron|44/100\n|move|p2b: Aggron|Body Press|p1a: Excadrill\n|-supereffective|p1a: Excadrill|1\n|-damage|p1a: Excadrill|0 fnt\n|faint|p1a: Excadrill\n|\n|win|ssppra2\n|raw|rayan_22's rating: 1309 &rarr; <strong>1288</strong><br />(-21 for losing)\n|raw|ssppra2's rating: 1300 &rarr; <strong>1326</strong><br />(+26 for winning)\n|l|\u2606rayan_22\n|player|p1|\n|l|\u2606ssppra2\n|player|p2|\n|j| CARtu348rjf90\n",
  "uploadtime": 1776099569,
  "views": 19,
  "formatid": "gen9championsvgc2026regma",
  "rating": 1288,
  "private": 0,
  "password": null
}