{
  "id": "gen9championsvgc2026regma-2587332939",
  "format": "[Gen 9 Champions] VGC 2026 Reg M-A",
  "players": [
    "testlapras",
    "FlareReshirams"
  ],
  "log": "|j|\u2606testlapras\n|j|\u2606FlareReshirams\n|t:|1776522859\n|gametype|doubles\n|player|p1|testlapras|170|1179\n|player|p2|FlareReshirams|hilbert-wonderlauncher|1231\n|gen|9\n|tier|[Gen 9 Champions] VGC 2026 Reg M-A\n|rated|\n|rule|Species Clause: Limit one of each Pok\u00e9mon\n|rule|Item Clause: Limit 1 of each item\n|clearpoke\n|poke|p1|Victreebel, L50, M|\n|poke|p1|Hydrapple, L50, M|\n|poke|p1|Arcanine-Hisui, L50, M|\n|poke|p1|Passimian, L50, F|\n|poke|p1|Aerodactyl, L50, M|\n|poke|p1|Maushold, L50|\n|poke|p2|Skarmory, L50, F|\n|poke|p2|Garchomp, L50, M|\n|poke|p2|Basculegion, L50, M|\n|poke|p2|Raichu, L50, F|\n|poke|p2|Glimmora, L50, F|\n|poke|p2|Hatterene, L50, F|\n|teampreview|4\n|inactive|Battle timer is ON: inactive players will automatically lose when time's up. (requested by testlapras)\n|inactive|testlapras has 60 seconds left.\n|\n|t:|1776522914\n|teamsize|p1|4\n|teamsize|p2|4\n|start\n|switch|p1a: Victreebel|Victreebel, L50, M|100/100\n|switch|p1b: Maushold|Maushold, L50|100/100\n|switch|p2a: Basculegion|Basculegion, L50, M|100/100\n|switch|p2b: Skarmory|Skarmory, L50, F|100/100\n|turn|1\n|inactive|testlapras has 30 seconds left.\n|inactive|testlapras has 20 seconds left.\n|inactive|testlapras has 15 seconds left.\n|inactive|testlapras has 10 seconds left.\n|\n|t:|1776522964\n|detailschange|p2b: Skarmory|Skarmory-Mega, L50, F\n|-mega|p2b: Skarmory|Skarmory|Skarmorite\n|detailschange|p1a: Victreebel|Victreebel-Mega, L50, M\n|-mega|p1a: Victreebel|Victreebel|Victreebelite\n|move|p1b: Maushold|Protect|p1b: Maushold\n|-singleturn|p1b: Maushold|Protect\n|move|p1a: Victreebel|Sucker Punch|p2a: Basculegion\n|-supereffective|p2a: Basculegion|1\n|-damage|p2a: Basculegion|28/100\n|move|p2a: Basculegion|Flip Turn|p1b: Maushold\n|-activate|p1b: Maushold|move: Protect\n|move|p2b: Skarmory|Dual Wingbeat|p1a: Victreebel\n|-supereffective|p1a: Victreebel|1\n|-damage|p1a: Victreebel|55/100\n|-supereffective|p1a: Victreebel|1\n|-damage|p1a: Victreebel|6/100\n|-hitcount|p1a: Victreebel|2\n|\n|upkeep\n|turn|2\n|inactive|testlapras has 30 seconds left.\n|inactive|testlapras has 20 seconds left.\n|\n|t:|1776523000\n|switch|p2a: Glimmora|Glimmora, L50, F|100/100\n|move|p1b: Maushold|Follow Me|p1b: Maushold\n|-singleturn|p1b: Maushold|move: Follow Me\n|move|p2b: Skarmory|Dual Wingbeat|p1a: Victreebel\n|-supereffective|p1a: Victreebel|1\n|-damage|p1a: Victreebel|0 fnt\n|-damage|p2b: Skarmory|93/100|[from] ability: Innards Out|[of] p1a: Victreebel\n|faint|p1a: Victreebel\n|-hitcount|p1: Victreebel|1\n|\n|upkeep\n|\n|t:|1776523017\n|switch|p1a: Aerodactyl|Aerodactyl, L50, M|100/100\n|-ability|p1a: Aerodactyl|Unnerve\n|turn|3\n|\n|t:|1776523031\n|move|p1a: Aerodactyl|Psychic Fangs|p2a: Glimmora\n|-supereffective|p2a: Glimmora|1\n|-damage|p2a: Glimmora|38/100\n|-activate|p2a: Glimmora|ability: Toxic Debris\n|-sidestart|p1: testlapras|move: Toxic Spikes\n|move|p1b: Maushold|Population Bomb|p2b: Skarmory\n|-resisted|p2b: Skarmory|1\n|-damage|p2b: Skarmory|88/100\n|-resisted|p2b: Skarmory|1\n|-damage|p2b: Skarmory|82/100\n|-resisted|p2b: Skarmory|1\n|-damage|p2b: Skarmory|76/100\n|-resisted|p2b: Skarmory|1\n|-damage|p2b: Skarmory|71/100\n|-resisted|p2b: Skarmory|1\n|-damage|p2b: Skarmory|65/100\n|-resisted|p2b: Skarmory|1\n|-damage|p2b: Skarmory|59/100\n|-resisted|p2b: Skarmory|1\n|-damage|p2b: Skarmory|53/100\n|-resisted|p2b: Skarmory|1\n|-damage|p2b: Skarmory|48/100\n|-resisted|p2b: Skarmory|1\n|-damage|p2b: Skarmory|42/100\n|-resisted|p2b: Skarmory|1\n|-damage|p2b: Skarmory|36/100\n|-hitcount|p2b: Skarmory|10\n|move|p2b: Skarmory|Iron Head|p1a: Aerodactyl\n|-supereffective|p1a: Aerodactyl|1\n|-enditem|p1a: Aerodactyl|Focus Sash\n|-damage|p1a: Aerodactyl|1/100\n|move|p2a: Glimmora|Power Gem|p1a: Aerodactyl\n|-supereffective|p1a: Aerodactyl|1\n|-damage|p1a: Aerodactyl|0 fnt\n|faint|p1a: Aerodactyl\n|\n|upkeep\n|inactive|testlapras has 30 seconds left.\n|\n|t:|1776523061\n|switch|p1a: Hydrapple|Hydrapple, L50, M|100/100\n|-status|p1a: Hydrapple|psn\n|-ability|p1a: Hydrapple|Supersweet Syrup\n|-unboost|p2a: Glimmora|evasion|1\n|-unboost|p2b: Skarmory|evasion|1\n|turn|4\n|inactive|testlapras has 30 seconds left.\n|\n|t:|1776523086\n|move|p2b: Skarmory|Protect|p2b: Skarmory\n|-singleturn|p2b: Skarmory|Protect\n|move|p1b: Maushold|Population Bomb|p2b: Skarmory\n|-activate|p2b: Skarmory|move: Protect\n|move|p2a: Glimmora|Sludge Wave|p1b: Maushold|[spread] p1a,p1b\n|-activate|p2b: Skarmory|move: Protect\n|-supereffective|p1a: Hydrapple|1\n|-damage|p1a: Hydrapple|42/100 psn\n|-damage|p1b: Maushold|52/100\n|move|p1a: Hydrapple|Fickle Beam|p2a: Glimmora\n|-damage|p2a: Glimmora|0 fnt\n|faint|p2a: Glimmora\n|\n|-heal|p1a: Hydrapple|48/100 psn|[from] item: Leftovers\n|-damage|p1a: Hydrapple|36/100 psn|[from] psn\n|upkeep\n|\n|t:|1776523103\n|switch|p2a: Basculegion|Basculegion, L50, M|28/100\n|turn|5\n|\n|t:|1776523116\n|move|p2a: Basculegion|Wave Crash|p1b: Maushold\n|-damage|p1b: Maushold|0 fnt\n|faint|p1b: Maushold\n|-damage|p2a: Basculegion|14/100|[from] Recoil\n|move|p2b: Skarmory|Dual Wingbeat|p1a: Hydrapple\n|-supereffective|p1a: Hydrapple|1\n|-damage|p1a: Hydrapple|4/100 psn\n|-supereffective|p1a: Hydrapple|1\n|-damage|p1a: Hydrapple|0 fnt\n|faint|p1a: Hydrapple\n|-hitcount|p1: Hydrapple|2\n|\n|win|FlareReshirams\n|raw|testlapras's rating: 1179 &rarr; <strong>1158</strong><br />(-21 for losing)\n|raw|FlareReshirams's rating: 1231 &rarr; <strong>1252</strong><br />(+21 for winning)\n|l|\u2606testlapras\n|player|p1|\n|l|\u2606FlareReshirams\n|player|p2|\n|j|\u2606FlareReshirams\n|player|p2|FlareReshirams|hilbert-wonderlauncher|\n",
  "uploadtime": 1776523185,
  "views": 25,
  "formatid": "gen9championsvgc2026regma",
  "rating": 1158,
  "private": 0,
  "password": null
}