{
  "id": "gen9championsvgc2026regma-2583800849",
  "format": "[Gen 9 Champions] VGC 2026 Reg M-A",
  "players": [
    "drewew97",
    "Quirkio"
  ],
  "log": "|j|\u2606drewew97\n|j|\u2606Quirkio\n|t:|1776198662\n|gametype|doubles\n|player|p1|drewew97|265|1000\n|player|p2|Quirkio|2|1006\n|gen|9\n|tier|[Gen 9 Champions] VGC 2026 Reg M-A\n|rated|\n|rule|Species Clause: Limit one of each Pok\u00e9mon\n|rule|Item Clause: Limit 1 of each item\n|clearpoke\n|poke|p1|Charizard, L50, F|\n|poke|p1|Tyranitar, L50, F|\n|poke|p1|Gyarados, L50, F|\n|poke|p1|Garchomp, L50, M|\n|poke|p1|Rotom-Mow, L50|\n|poke|p1|Lucario, L50, M|\n|poke|p2|Crabominable, L50, M|\n|poke|p2|Araquanid, L50, F|\n|poke|p2|Alakazam, L50, F|\n|poke|p2|Politoed, L50, M|\n|poke|p2|Corviknight, L50, M|\n|poke|p2|Dragonite, L50, M|\n|teampreview|4\n|inactive|Battle timer is ON: inactive players will automatically lose when time's up. (requested by Quirkio)\n|inactive|drewew97 has 60 seconds left.\n|\n|t:|1776198731\n|teamsize|p1|4\n|teamsize|p2|4\n|start\n|switch|p1a: Charizard|Charizard, L50, F|100/100\n|switch|p1b: Gyarados|Gyarados, L50, F|100/100\n|switch|p2a: Araquanid|Araquanid, L50, F|100/100\n|switch|p2b: Crabominable|Crabominable, L50, M|100/100\n|-ability|p1b: Gyarados|Intimidate|boost\n|-unboost|p2a: Araquanid|atk|1\n|-fail|p2b: Crabominable|unboost|Attack|[from] ability: Hyper Cutter|[of] p2b: Crabominable\n|turn|1\n|inactive|drewew97 has 30 seconds left.\n|inactive|Quirkio has 30 seconds left.\n|inactive|drewew97 has 20 seconds left.\n|inactive|drewew97 has 15 seconds left.\n|inactive|Quirkio has 20 seconds left.\n|inactive|drewew97 has 10 seconds left.\n|\n|t:|1776198778\n|detailschange|p1a: Charizard|Charizard-Mega-Y, L50, F\n|-mega|p1a: Charizard|Charizard|Charizardite Y\n|-weather|SunnyDay|[from] ability: Drought|[of] p1a: Charizard\n|detailschange|p2b: Crabominable|Crabominable-Mega, L50, M\n|-mega|p2b: Crabominable|Crabominable|Crabominite\n|move|p1b: Gyarados|Helping Hand|p1a: Charizard\n|-singleturn|p1a: Charizard|Helping Hand|[of] p1b: Gyarados\n|move|p1a: Charizard|Air Slash|p2b: Crabominable\n|-supereffective|p2b: Crabominable|1\n|-damage|p2b: Crabominable|0 fnt\n|faint|p2b: Crabominable\n|move|p2a: Araquanid|Entrainment|p2: Crabominable|[notarget]\n|-fail|p2a: Araquanid\n|\n|-weather|SunnyDay|[upkeep]\n|upkeep\n|\n|t:|1776198796\n|switch|p2b: Politoed|Politoed, L50, M|100/100\n|-weather|RainDance|[from] ability: Drizzle|[of] p2b: Politoed\n|turn|2\n|inactive|drewew97 has 30 seconds left.\n|inactive|drewew97 has 20 seconds left.\n|inactive|drewew97 has 15 seconds left.\n|\n|t:|1776198839\n|switch|p2a: Alakazam|Alakazam, L50, F|100/100\n|move|p1a: Charizard|Protect|p1a: Charizard\n|-singleturn|p1a: Charizard|Protect\n|move|p1b: Gyarados|Thunder Wave|p2a: Alakazam\n|-status|p2a: Alakazam|par\n|move|p2b: Politoed|Encore|p1b: Gyarados\n|-start|p1b: Gyarados|Encore\n|\n|-weather|RainDance|[upkeep]\n|upkeep\n|turn|3\n|\n|t:|1776198862\n|switch|p1a: Tyranitar|Tyranitar, L50, F|100/100\n|-weather|Sandstorm|[from] ability: Sand Stream|[of] p1a: Tyranitar\n|move|p1b: Gyarados|Thunder Wave|p2b: Politoed|[miss]\n|-miss|p1b: Gyarados|p2b: Politoed\n|move|p2a: Alakazam|Light Screen|p2a: Alakazam\n|-sidestart|p2: Quirkio|move: Light Screen\n|move|p2b: Politoed|Weather Ball|p1a: Tyranitar\n|-damage|p1a: Tyranitar|88/100\n|\n|-weather|Sandstorm|[upkeep]\n|-damage|p1b: Gyarados|95/100|[from] Sandstorm\n|-damage|p2a: Alakazam|94/100 par|[from] Sandstorm\n|-damage|p2b: Politoed|94/100|[from] Sandstorm\n|upkeep\n|turn|4\n|\n|t:|1776198884\n|move|p1b: Gyarados|Thunder Wave|p2b: Politoed\n|-status|p2b: Politoed|par\n|cant|p2a: Alakazam|par\n|move|p1a: Tyranitar|Crunch|p2a: Alakazam\n|-supereffective|p2a: Alakazam|1\n|-damage|p2a: Alakazam|0 fnt\n|faint|p2a: Alakazam\n|move|p2b: Politoed|Rain Dance|p2b: Politoed\n|-weather|RainDance\n|\n|-weather|RainDance|[upkeep]\n|upkeep\n|\n|t:|1776198895\n|switch|p2a: Araquanid|Araquanid, L50, F|100/100\n|turn|5\n|\n|t:|1776198908\n|switch|p1b: Charizard|Charizard-Mega-Y, L50, F|100/100\n|-weather|SunnyDay|[from] ability: Drought|[of] p1b: Charizard\n|move|p1a: Tyranitar|Rock Slide|p2b: Politoed|[spread] p2a,p2b\n|-supereffective|p2a: Araquanid|1\n|-damage|p2a: Araquanid|49/100\n|-damage|p2b: Politoed|65/100 par\n|cant|p2a: Araquanid|flinch\n|move|p2b: Politoed|Rain Dance|p2b: Politoed\n|-weather|RainDance\n|\n|-weather|RainDance|[upkeep]\n|upkeep\n|turn|6\n|inactive|drewew97 has 30 seconds left.\n|inactive|Quirkio has 30 seconds left.\n|inactive|drewew97 has 20 seconds left.\n|inactive|drewew97 has 15 seconds left.\n|\n|t:|1776198949\n|move|p1b: Charizard|Air Slash|p2a: Araquanid\n|-supereffective|p2a: Araquanid|1\n|-damage|p2a: Araquanid|0 fnt\n|faint|p2a: Araquanid\n|move|p1a: Tyranitar|Rock Slide|p2b: Politoed\n|-damage|p2b: Politoed|23/100 par\n|cant|p2b: Politoed|flinch\n|\n|-weather|RainDance|[upkeep]\n|upkeep\n|turn|7\n|-message|Quirkio forfeited.\n|\n|win|drewew97\n|raw|drewew97's rating: 1000 &rarr; <strong>1041</strong><br />(+41 for winning)\n|raw|Quirkio's rating: 1006 &rarr; <strong>1000</strong><br />(-6 for losing)\n",
  "uploadtime": 1776198966,
  "views": 18,
  "formatid": "gen9championsvgc2026regma",
  "rating": 1000,
  "private": 0,
  "password": null
}