{
  "id": "gen9championsvgc2026regma-2581205771",
  "format": "[Gen 9 Champions] VGC 2026 Reg M-A",
  "players": [
    "A Psychic",
    "OberonVor"
  ],
  "log": "|j|\u2606A Psychic\n|j|\u2606OberonVor\n|t:|1775970650\n|gametype|doubles\n|player|p1|A Psychic|102|1065\n|player|p2|OberonVor|cynthia-gen4|1107\n|gen|9\n|tier|[Gen 9 Champions] VGC 2026 Reg M-A\n|rated|\n|rule|Species Clause: Limit one of each Pok\u00e9mon\n|rule|Item Clause: Limit 1 of each item\n|clearpoke\n|poke|p1|Floette-Eternal, L50, F|\n|poke|p1|Incineroar, L50, M|\n|poke|p1|Garchomp, L50, F|\n|poke|p1|Sneasler, L50, F|\n|poke|p1|Pelipper, L50, F|\n|poke|p1|Basculegion, L50, M|\n|poke|p2|Tyranitar, L50, F|\n|poke|p2|Excadrill, L50, M|\n|poke|p2|Floette-Eternal, L50, F|\n|poke|p2|Rotom-Wash, L50|\n|poke|p2|Incineroar, L50, F|\n|poke|p2|Sinistcha, L50|\n|teampreview|4\n|inactive|Battle timer is ON: inactive players will automatically lose when time's up. (requested by A Psychic)\n|\n|t:|1775970674\n|teamsize|p1|4\n|teamsize|p2|4\n|start\n|switch|p1a: Incineroar|Incineroar, L50, M|100/100\n|switch|p1b: Garchomp|Garchomp, L50, F|100/100\n|switch|p2a: Sinistcha|Sinistcha, L50|100/100\n|switch|p2b: Rotom|Rotom-Wash, L50|100/100\n|-ability|p1a: Incineroar|Intimidate|boost\n|-unboost|p2a: Sinistcha|atk|1\n|-unboost|p2b: Rotom|atk|1\n|turn|1\n|inactive|A Psychic has 30 seconds left.\n|\n|t:|1775970701\n|move|p1a: Incineroar|Fake Out|p2b: Rotom\n|-damage|p2b: Rotom|89/100\n|move|p1b: Garchomp|Outrage|p2a: Sinistcha\n|-damage|p2a: Sinistcha|40/100\n|-enditem|p2a: Sinistcha|Sitrus Berry|[eat]\n|-heal|p2a: Sinistcha|65/100|[from] item: Sitrus Berry\n|cant|p2b: Rotom|flinch\n|move|p2a: Sinistcha|Trick Room|p2a: Sinistcha\n|-fieldstart|move: Trick Room|[of] p2a: Sinistcha\n|\n|-heal|p2b: Rotom|95/100|[from] item: Leftovers\n|upkeep\n|turn|2\n|\n|t:|1775970713\n|switch|p2b: Incineroar|Incineroar, L50, F, shiny|100/100\n|-ability|p2b: Incineroar|Intimidate|boost\n|-unboost|p1a: Incineroar|atk|1\n|-unboost|p1b: Garchomp|atk|1\n|move|p1a: Incineroar|Snarl|p2a: Sinistcha|[spread] p2a,p2b\n|-supereffective|p2a: Sinistcha|1\n|-resisted|p2b: Incineroar|1\n|-damage|p2a: Sinistcha|47/100\n|-damage|p2b: Incineroar|96/100\n|-unboost|p2a: Sinistcha|spa|1\n|-unboost|p2b: Incineroar|spa|1\n|move|p2a: Sinistcha|Matcha Gotcha|p1b: Garchomp|[spread] p1a,p1b\n|-resisted|p1a: Incineroar|1\n|-damage|p1a: Incineroar|94/100\n|-heal|p2a: Sinistcha|50/100|[from] drain|[of] p1a: Incineroar\n|-damage|p1b: Garchomp|84/100\n|-heal|p2a: Sinistcha|59/100|[from] drain|[of] p1b: Garchomp\n|move|p1b: Garchomp|Outrage|p2a: Sinistcha|[from] lockedmove\n|-damage|p2a: Sinistcha|17/100\n|\n|upkeep\n|turn|3\n|\n|t:|1775970739\n|switch|p2a: Rotom|Rotom-Wash, L50|95/100\n|move|p2b: Incineroar|Fake Out|p1a: Incineroar\n|-damage|p1a: Incineroar|85/100\n|cant|p1a: Incineroar|flinch\n|move|p1b: Garchomp|Outrage|p2a: Rotom|[from] lockedmove\n|-damage|p2a: Rotom|48/100\n|-start|p1b: Garchomp|confusion|[fatigue]\n|\n|-heal|p2a: Rotom|54/100|[from] item: Leftovers\n|upkeep\n|turn|4\n|\n|t:|1775970756\n|switch|p1b: Pelipper|Pelipper, L50, F|100/100\n|-weather|RainDance|[from] ability: Drizzle|[of] p1b: Pelipper\n|move|p2b: Incineroar|Parting Shot|p1a: Incineroar\n|-unboost|p1a: Incineroar|atk|1\n|-unboost|p1a: Incineroar|spa|1\n|\n|t:|1775970768\n|switch|p2b: Sinistcha|Sinistcha, L50|17/100|[from] Parting Shot\n|-heal|p2a: Rotom|79/100|[from] ability: Hospitality|[of] p2b: Sinistcha\n|move|p1a: Incineroar|Snarl|p2b: Sinistcha|[spread] p2a\n|-miss|p1a: Incineroar|p2b: Sinistcha\n|-damage|p2a: Rotom|72/100\n|-unboost|p2a: Rotom|spa|1\n|move|p2a: Rotom|Will-O-Wisp|p1b: Pelipper\n|-status|p1b: Pelipper|brn\n|\n|-weather|RainDance|[upkeep]\n|-heal|p2a: Rotom|78/100|[from] item: Leftovers\n|-damage|p1b: Pelipper|95/100 brn|[from] brn\n|upkeep\n|turn|5\n|\n|t:|1775970788\n|move|p1b: Pelipper|Protect|p1b: Pelipper\n|-singleturn|p1b: Pelipper|Protect\n|move|p1a: Incineroar|Parting Shot|p2a: Rotom\n|-unboost|p2a: Rotom|atk|1\n|-unboost|p2a: Rotom|spa|1\n|\n|t:|1775970796\n|switch|p1a: Garchomp|Garchomp, L50, F|84/100|[from] Parting Shot\n|move|p2b: Sinistcha|Matcha Gotcha|p1b: Pelipper|[spread] \n|-activate|p1b: Pelipper|move: Protect\n|-miss|p2b: Sinistcha|p1a: Garchomp\n|move|p2a: Rotom|Volt Switch|p1b: Pelipper\n|-activate|p1b: Pelipper|move: Protect\n|\n|-weather|RainDance|[upkeep]\n|-heal|p2a: Rotom|84/100|[from] item: Leftovers\n|-damage|p1b: Pelipper|89/100 brn|[from] brn\n|-fieldend|move: Trick Room\n|upkeep\n|turn|6\n|\n|t:|1775970808\n|switch|p1b: Incineroar|Incineroar, L50, M|85/100\n|-ability|p1b: Incineroar|Intimidate|boost\n|-unboost|p2a: Rotom|atk|1\n|-unboost|p2b: Sinistcha|atk|1\n|switch|p2b: Incineroar|Incineroar, L50, F, shiny|96/100\n|-ability|p2b: Incineroar|Intimidate|boost\n|-unboost|p1a: Garchomp|atk|1\n|-unboost|p1b: Incineroar|atk|1\n|move|p1a: Garchomp|Outrage|p2a: Rotom\n|-damage|p2a: Rotom|36/100\n|move|p2a: Rotom|Will-O-Wisp|p1a: Garchomp\n|-status|p1a: Garchomp|brn\n|\n|-weather|RainDance|[upkeep]\n|-heal|p2a: Rotom|42/100|[from] item: Leftovers\n|-damage|p1a: Garchomp|78/100 brn|[from] brn\n|upkeep\n|turn|7\n|inactive|A Psychic has 30 seconds left.\n|\n|t:|1775970836\n|move|p1b: Incineroar|Fake Out|p2b: Incineroar\n|-damage|p2b: Incineroar|91/100\n|cant|p2b: Incineroar|flinch\n|move|p1a: Garchomp|Outrage|p2a: Rotom|[from] lockedmove\n|-damage|p2a: Rotom|15/100\n|move|p2a: Rotom|Volt Switch|p1b: Incineroar\n|-damage|p1b: Incineroar|74/100\n|\n|t:|1775970850\n|switch|p2a: Floette|Floette-Eternal, L50, F|100/100|[from] Volt Switch\n|\n|-weather|RainDance|[upkeep]\n|-damage|p1a: Garchomp|72/100 brn|[from] brn\n|upkeep\n|turn|8\n|\n|t:|1775970871\n|move|p1a: Garchomp|Outrage|p2a: Floette|[from] lockedmove\n|-immune|p2a: Floette\n|-start|p1a: Garchomp|confusion|[fatigue]\n|move|p2a: Floette|Moonblast|p1b: Incineroar\n|-damage|p1b: Incineroar|38/100\n|-enditem|p1b: Incineroar|Sitrus Berry|[eat]\n|-heal|p1b: Incineroar|62/100|[from] item: Sitrus Berry\n|move|p1b: Incineroar|Parting Shot|p2a: Floette\n|-unboost|p2a: Floette|atk|1\n|-unboost|p2a: Floette|spa|1\n|\n|t:|1775970887\n|switch|p1b: Basculegion|Basculegion, L50, M|100/100|[from] Parting Shot\n|move|p2b: Incineroar|Parting Shot|p1a: Garchomp\n|-unboost|p1a: Garchomp|atk|1\n|-unboost|p1a: Garchomp|spa|1\n|\n|t:|1775970897\n|switch|p2b: Rotom|Rotom-Wash, L50|15/100|[from] Parting Shot\n|\n|-weather|none\n|-heal|p2b: Rotom|21/100|[from] item: Leftovers\n|-damage|p1a: Garchomp|66/100 brn|[from] brn\n|upkeep\n|turn|9\n|\n|t:|1775970914\n|switch|p1a: Pelipper|Pelipper, L50, F|89/100 brn\n|-weather|RainDance|[from] ability: Drizzle|[of] p1a: Pelipper\n|switch|p2a: Sinistcha|Sinistcha, L50|17/100\n|-heal|p2b: Rotom|46/100|[from] ability: Hospitality|[of] p2a: Sinistcha\n|move|p1b: Basculegion|Flip Turn|p2b: Rotom\n|-resisted|p2b: Rotom|1\n|-damage|p2b: Rotom|15/100\n|\n|t:|1775970923\n|switch|p1b: Garchomp|Garchomp, L50, F|66/100 brn|[from] Flip Turn\n|move|p2b: Rotom|Volt Switch|p1b: Garchomp\n|-immune|p1b: Garchomp\n|\n|-weather|RainDance|[upkeep]\n|-heal|p2b: Rotom|20/100|[from] item: Leftovers\n|-damage|p1b: Garchomp|60/100 brn|[from] brn\n|-damage|p1a: Pelipper|83/100 brn|[from] brn\n|upkeep\n|turn|10\n|\n|t:|1775970939\n|switch|p2a: Incineroar|Incineroar, L50, F, shiny|91/100\n|-ability|p2a: Incineroar|Intimidate|boost\n|-unboost|p1a: Pelipper|atk|1\n|-unboost|p1b: Garchomp|atk|1\n|move|p1b: Garchomp|Outrage|p2b: Rotom\n|-damage|p2b: Rotom|0 fnt\n|faint|p2b: Rotom\n|move|p1a: Pelipper|Weather Ball|p2a: Incineroar\n|-supereffective|p2a: Incineroar|1\n|-damage|p2a: Incineroar|4/100\n|\n|-weather|RainDance|[upkeep]\n|-damage|p1b: Garchomp|54/100 brn|[from] brn\n|-damage|p1a: Pelipper|77/100 brn|[from] brn\n|upkeep\n|\n|t:|1775970948\n|switch|p2b: Floette|Floette-Eternal, L50, F|100/100\n|turn|11\n|\n|t:|1775970955\n|detailschange|p2b: Floette|Floette-Mega, L50, F\n|-mega|p2b: Floette|Floette|Floettite\n|-ability|p2b: Floette|Fairy Aura\n|move|p1a: Pelipper|Protect|p1a: Pelipper\n|-singleturn|p1a: Pelipper|Protect\n|move|p1b: Garchomp|Outrage|p2a: Incineroar|[from] lockedmove\n|-damage|p2a: Incineroar|0 fnt\n|faint|p2a: Incineroar\n|-start|p1b: Garchomp|confusion|[fatigue]\n|move|p2b: Floette|Dazzling Gleam|p1b: Garchomp|[spread] p1b\n|-activate|p1a: Pelipper|move: Protect\n|-supereffective|p1b: Garchomp|1\n|-damage|p1b: Garchomp|0 fnt\n|faint|p1b: Garchomp\n|\n|-weather|RainDance|[upkeep]\n|-damage|p1a: Pelipper|71/100 brn|[from] brn\n|upkeep\n|inactive|A Psychic has 30 seconds left.\n|inactive|A Psychic has 20 seconds left.\n|\n|t:|1775970992\n|switch|p1b: Basculegion|Basculegion, L50, M|100/100\n|switch|p2a: Sinistcha|Sinistcha, L50|17/100\n|turn|12\n|\n|t:|1775971013\n|move|p1b: Basculegion|Flip Turn|p2b: Floette\n|-damage|p2b: Floette|26/100\n|\n|t:|1775971016\n|switch|p1b: Incineroar|Incineroar, L50, M|62/100|[from] Flip Turn\n|-ability|p1b: Incineroar|Intimidate|boost\n|-unboost|p2a: Sinistcha|atk|1\n|-unboost|p2b: Floette|atk|1\n|move|p2b: Floette|Moonblast|p1a: Pelipper\n|-damage|p1a: Pelipper|0 fnt\n|faint|p1a: Pelipper\n|move|p2a: Sinistcha|Trick Room|p2a: Sinistcha\n|-fieldstart|move: Trick Room|[of] p2a: Sinistcha\n|\n|-weather|RainDance|[upkeep]\n|upkeep\n|\n|t:|1775971025\n|switch|p1a: Basculegion|Basculegion, L50, M|100/100\n|turn|13\n|\n|t:|1775971056\n|move|p2b: Floette|Protect|p2b: Floette\n|-singleturn|p2b: Floette|Protect\n|move|p1b: Incineroar|Fake Out|p2b: Floette\n|-activate|p2b: Floette|move: Protect\n|move|p1a: Basculegion|Aqua Jet|p2a: Sinistcha\n|-resisted|p2a: Sinistcha|1\n|-damage|p2a: Sinistcha|0 fnt\n|faint|p2a: Sinistcha\n|\n|-weather|none\n|upkeep\n|turn|14\n|\n|t:|1775971068\n|move|p1a: Basculegion|Aqua Jet|p2b: Floette\n|-damage|p2b: Floette|0 fnt\n|faint|p2b: Floette\n|\n|win|A Psychic\n|raw|A Psychic's rating: 1065 &rarr; <strong>1099</strong><br />(+34 for winning)\n|raw|OberonVor's rating: 1107 &rarr; <strong>1079</strong><br />(-28 for losing)\n|l|\u2606OberonVor\n|player|p2|\n",
  "uploadtime": 1775971083,
  "views": 23,
  "formatid": "gen9championsvgc2026regma",
  "rating": 1079,
  "private": 0,
  "password": null
}