{
  "id": "gen9championsvgc2026regma-2584913254",
  "format": "[Gen 9 Champions] VGC 2026 Reg M-A",
  "players": [
    "Leemo1218",
    "shatteredxprime"
  ],
  "log": "|j|\u2606Leemo1218\n|j|\u2606shatteredxprime\n|t:|1776293965\n|gametype|doubles\n|player|p1|Leemo1218|riley|1183\n|player|p2|shatteredxprime|steven|1121\n|gen|9\n|tier|[Gen 9 Champions] VGC 2026 Reg M-A\n|rated|\n|rule|Species Clause: Limit one of each Pok\u00e9mon\n|rule|Item Clause: Limit 1 of each item\n|clearpoke\n|poke|p1|Incineroar, L50, F|\n|poke|p1|Garchomp, L50, F|\n|poke|p1|Gengar, L50, F|\n|poke|p1|Kingambit, L50, M|\n|poke|p1|Maushold-Four, L50|\n|poke|p1|Palafin, L50, F|\n|poke|p2|Crabominable, L50, M|\n|poke|p2|Slowking-Galar, L50, M|\n|poke|p2|Kingambit, L50, F|\n|poke|p2|Primarina, L50, F|\n|poke|p2|Incineroar, L50, M|\n|poke|p2|Sinistcha, L50|\n|teampreview|4\n|\n|t:|1776293984\n|teamsize|p1|4\n|teamsize|p2|4\n|start\n|switch|p1a: Gengar|Gengar, L50, F, shiny|100/100\n|switch|p1b: Maushold|Maushold-Four, L50|100/100\n|switch|p2a: Crabominable|Crabominable, L50, M|100/100\n|switch|p2b: Slowking|Slowking-Galar, L50, M|100/100\n|turn|1\n|inactive|Battle timer is ON: inactive players will automatically lose when time's up. (requested by Leemo1218)\n|\n|t:|1776294003\n|detailschange|p1a: Gengar|Gengar-Mega, L50, F, shiny\n|-mega|p1a: Gengar|Gengar|Gengarite\n|detailschange|p2a: Crabominable|Crabominable-Mega, L50, M\n|-mega|p2a: Crabominable|Crabominable|Crabominite\n|move|p2a: Crabominable|Protect|p2a: Crabominable\n|-singleturn|p2a: Crabominable|Protect\n|move|p1b: Maushold|Follow Me|p1b: Maushold\n|-singleturn|p1b: Maushold|move: Follow Me\n|move|p1a: Gengar|Perish Song|p1a: Gengar\n|-start|p1a: Gengar|perish3|[silent]\n|-start|p1b: Maushold|perish3|[silent]\n|-start|p2a: Crabominable|perish3|[silent]\n|-start|p2b: Slowking|perish3|[silent]\n|-fieldactivate|move: Perish Song\n|move|p2b: Slowking|Trick Room|p2b: Slowking\n|-fieldstart|move: Trick Room|[of] p2b: Slowking\n|\n|-start|p2b: Slowking|perish3\n|-start|p2a: Crabominable|perish3\n|-start|p1b: Maushold|perish3\n|-start|p1a: Gengar|perish3\n|upkeep\n|turn|2\n|inactive|shatteredxprime has 30 seconds left.\n|\n|t:|1776294033\n|move|p1b: Maushold|Protect|p1b: Maushold\n|-singleturn|p1b: Maushold|Protect\n|move|p1a: Gengar|Protect|p1a: Gengar\n|-singleturn|p1a: Gengar|Protect\n|move|p2b: Slowking|Psychic Noise|p1a: Gengar\n|-activate|p1a: Gengar|move: Protect\n|move|p2a: Crabominable|Drain Punch|p1b: Maushold\n|-activate|p1b: Maushold|move: Protect\n|\n|-start|p2b: Slowking|perish2\n|-start|p2a: Crabominable|perish2\n|-start|p1b: Maushold|perish2\n|-start|p1a: Gengar|perish2\n|upkeep\n|turn|3\n|inactive|Leemo1218 has 30 seconds left.\n|\n|t:|1776294060\n|move|p1b: Maushold|Follow Me|p1b: Maushold\n|-singleturn|p1b: Maushold|move: Follow Me\n|move|p2b: Slowking|Psychic Noise|p1b: Maushold|[miss]\n|-miss|p2b: Slowking|p1b: Maushold\n|move|p2a: Crabominable|Drain Punch|p1b: Maushold\n|-supereffective|p1b: Maushold|1\n|-damage|p1b: Maushold|0 fnt\n|faint|p1b: Maushold\n|move|p1a: Gengar|Substitute|p1a: Gengar\n|-start|p1a: Gengar|Substitute\n|-damage|p1a: Gengar|76/100\n|\n|-start|p2b: Slowking|perish1\n|-start|p2a: Crabominable|perish1\n|-start|p1a: Gengar|perish1\n|upkeep\n|\n|t:|1776294075\n|switch|p1b: Incineroar|Incineroar, L50, F|100/100\n|-ability|p1b: Incineroar|Intimidate|boost\n|-unboost|p2a: Crabominable|atk|1\n|-unboost|p2b: Slowking|atk|1\n|turn|4\n|\n|t:|1776294093\n|switch|p1a: Palafin|Palafin, L50, F|100/100\n|move|p1b: Incineroar|Fake Out|p2b: Slowking\n|-damage|p2b: Slowking|92/100\n|-prepare|p2b: Slowking|Chilly Reception|[premajor]\n|cant|p2b: Slowking|flinch\n|move|p2a: Crabominable|Drain Punch|p1b: Incineroar\n|-supereffective|p1b: Incineroar|1\n|-damage|p1b: Incineroar|26/100\n|-enditem|p1b: Incineroar|Sitrus Berry|[eat]\n|-heal|p1b: Incineroar|51/100|[from] item: Sitrus Berry\n|\n|-heal|p2b: Slowking|98/100|[from] item: Leftovers\n|-start|p2b: Slowking|perish0\n|-start|p2a: Crabominable|perish0\n|faint|p2b: Slowking\n|faint|p2a: Crabominable\n|upkeep\n|\n|t:|1776294106\n|switch|p2b: Sinistcha|Sinistcha, L50|100/100\n|switch|p2a: Primarina|Primarina, L50, F|100/100\n|turn|5\n|\n|t:|1776294128\n|move|p1b: Incineroar|Parting Shot|p2a: Primarina\n|-unboost|p2a: Primarina|atk|1\n|-unboost|p2a: Primarina|spa|1\n|\n|t:|1776294131\n|switch|p1b: Gengar|Gengar-Mega, L50, F, shiny|76/100|[from] Parting Shot\n|move|p2a: Primarina|Calm Mind|p2a: Primarina\n|-boost|p2a: Primarina|spa|1\n|-boost|p2a: Primarina|spd|1\n|move|p2b: Sinistcha|Matcha Gotcha|p1b: Gengar|[spread] p1a,p1b\n|-supereffective|p1a: Palafin|1\n|-resisted|p1b: Gengar|1\n|-damage|p1a: Palafin|33/100\n|-damage|p1b: Gengar|63/100\n|-status|p1a: Palafin|brn\n|move|p1a: Palafin|Flip Turn|p2a: Primarina\n|-resisted|p2a: Primarina|1\n|-damage|p2a: Primarina|93/100\n|\n|t:|1776294145\n|detailschange|p1a: Palafin|Palafin-Hero, L50, F\n|switch|p1a: Incineroar|Incineroar, L50, F|51/100|[from] Flip Turn\n|-ability|p1a: Incineroar|Intimidate|boost\n|-unboost|p2a: Primarina|atk|1\n|-unboost|p2b: Sinistcha|atk|1\n|\n|-fieldend|move: Trick Room\n|upkeep\n|turn|6\n|\n|t:|1776294155\n|move|p1a: Incineroar|Fake Out|p2a: Primarina\n|-damage|p2a: Primarina|80/100\n|move|p1b: Gengar|Perish Song|p1b: Gengar\n|-start|p1a: Incineroar|perish3|[silent]\n|-start|p1b: Gengar|perish3|[silent]\n|-start|p2a: Primarina|perish3|[silent]\n|-start|p2b: Sinistcha|perish3|[silent]\n|-fieldactivate|move: Perish Song\n|move|p2b: Sinistcha|Matcha Gotcha|p1a: Incineroar|[spread] p1a,p1b\n|-resisted|p1a: Incineroar|1\n|-resisted|p1b: Gengar|1\n|-crit|p1b: Gengar\n|-damage|p1a: Incineroar|43/100\n|-damage|p1b: Gengar|42/100\n|-status|p1b: Gengar|brn\n|cant|p2a: Primarina|flinch\n|\n|-damage|p1b: Gengar|36/100 brn|[from] brn\n|-start|p1b: Gengar|perish3\n|-start|p2b: Sinistcha|perish3\n|-start|p2a: Primarina|perish3\n|-start|p1a: Incineroar|perish3\n|upkeep\n|turn|7\n|\n|t:|1776294178\n|move|p1b: Gengar|Protect|p1b: Gengar\n|-singleturn|p1b: Gengar|Protect\n|move|p2a: Primarina|Calm Mind|p2a: Primarina\n|-boost|p2a: Primarina|spa|1\n|-boost|p2a: Primarina|spd|1\n|move|p1a: Incineroar|Parting Shot|p2a: Primarina\n|-unboost|p2a: Primarina|atk|1\n|-unboost|p2a: Primarina|spa|1\n|\n|t:|1776294187\n|switch|p1a: Palafin|Palafin-Hero, L50, F|33/100 brn|[from] Parting Shot\n|-activate|p1a: Palafin|ability: Zero to Hero\n|move|p2b: Sinistcha|Trick Room|p2b: Sinistcha\n|-fieldstart|move: Trick Room|[of] p2b: Sinistcha\n|\n|-damage|p1a: Palafin|26/100 brn|[from] brn\n|-damage|p1b: Gengar|30/100 brn|[from] brn\n|-start|p2a: Primarina|perish2\n|-start|p2b: Sinistcha|perish2\n|-start|p1b: Gengar|perish2\n|upkeep\n|turn|8\n|\n|t:|1776294211\n|move|p1a: Palafin|Protect|p1a: Palafin\n|-singleturn|p1a: Palafin|Protect\n|move|p2b: Sinistcha|Rage Powder|p2b: Sinistcha\n|-singleturn|p2b: Sinistcha|move: Rage Powder\n|move|p2a: Primarina|Hyper Voice|p1a: Palafin|[spread] p1b\n|-activate|p1a: Palafin|move: Protect\n|-damage|p1b: Gengar|0 fnt\n|faint|p1b: Gengar\n|\n|-damage|p1a: Palafin|20/100 brn|[from] brn\n|-start|p2a: Primarina|perish1\n|-start|p2b: Sinistcha|perish1\n|upkeep\n|\n|t:|1776294222\n|switch|p1b: Incineroar|Incineroar, L50, F|43/100\n|-ability|p1b: Incineroar|Intimidate|boost\n|-unboost|p2a: Primarina|atk|1\n|-unboost|p2b: Sinistcha|atk|1\n|turn|9\n|\n|t:|1776294235\n|move|p1a: Palafin|Protect|p1a: Palafin\n|-singleturn|p1a: Palafin|Protect\n|move|p1b: Incineroar|Fake Out|p2a: Primarina\n|-damage|p2a: Primarina|69/100\n|cant|p2a: Primarina|flinch\n|move|p2b: Sinistcha|Matcha Gotcha|p1a: Palafin|[spread] p1b\n|-activate|p1a: Palafin|move: Protect\n|-resisted|p1b: Incineroar|1\n|-damage|p1b: Incineroar|35/100\n|\n|-damage|p1a: Palafin|14/100 brn|[from] brn\n|-start|p2a: Primarina|perish0\n|-start|p2b: Sinistcha|perish0\n|faint|p2a: Primarina\n|faint|p2b: Sinistcha\n|\n|win|Leemo1218\n|raw|Leemo1218's rating: 1183 &rarr; <strong>1204</strong><br />(+21 for winning)\n|raw|shatteredxprime's rating: 1121 &rarr; <strong>1100</strong><br />(-21 for losing)\n|l|\u2606shatteredxprime\n|player|p2|\n",
  "uploadtime": 1776294253,
  "views": 20,
  "formatid": "gen9championsvgc2026regma",
  "rating": 1100,
  "private": 0,
  "password": null
}