{
  "id": "gen9championsvgc2026regma-2585272632",
  "format": "[Gen 9 Champions] VGC 2026 Reg M-A",
  "players": [
    "vikusxxx",
    "untitled1111"
  ],
  "log": "|j|\u2606vikusxxx\n|j|\u2606untitled1111\n|t:|1776332443\n|gametype|doubles\n|player|p1|vikusxxx|red|1005\n|player|p2|untitled1111|lady|1075\n|gen|9\n|tier|[Gen 9 Champions] VGC 2026 Reg M-A\n|rated|\n|rule|Species Clause: Limit one of each Pok\u00e9mon\n|rule|Item Clause: Limit 1 of each item\n|clearpoke\n|poke|p1|Charizard, L50, M|\n|poke|p1|Venusaur, L50, M|\n|poke|p1|Gengar, L50, M|\n|poke|p1|Raichu, L50, M|\n|poke|p1|Garchomp, L50, M|\n|poke|p1|Lucario, L50, M|\n|poke|p2|Hawlucha, L50, M|\n|poke|p2|Glalie, L50, F|\n|poke|p2|Whimsicott, L50, M|\n|poke|p2|Sinistcha, L50|\n|poke|p2|Vanilluxe, L50, F|\n|poke|p2|Clefable, L50, M|\n|teampreview|4\n|inactive|Battle timer is ON: inactive players will automatically lose when time's up. (requested by untitled1111)\n|inactive|vikusxxx has 60 seconds left.\n|inactive|untitled1111 has 60 seconds left.\n|\n|t:|1776332487\n|teamsize|p1|4\n|teamsize|p2|4\n|start\n|switch|p1a: Raichu|Raichu, L50, M|100/100\n|switch|p1b: Gengar|Gengar, L50, M|100/100\n|switch|p2a: Hawlucha|Hawlucha, L50, M|100/100\n|switch|p2b: Glalie|Glalie, L50, F|100/100\n|-ability|p2a: Hawlucha|Mold Breaker\n|turn|1\n|\n|t:|1776332505\n|detailschange|p2a: Hawlucha|Hawlucha-Mega, L50, M\n|-mega|p2a: Hawlucha|Hawlucha|Hawluchanite\n|move|p1a: Raichu|Fake Out|p2a: Hawlucha\n|-damage|p2a: Hawlucha|93/100\n|cant|p2a: Hawlucha|flinch\n|move|p1b: Gengar|Sludge Bomb|p2a: Hawlucha\n|-damage|p2a: Hawlucha|44/100\n|-status|p2a: Hawlucha|psn\n|move|p2b: Glalie|Sheer Cold|p1b: Gengar\n|-enditem|p1b: Gengar|Focus Sash\n|-damage|p1b: Gengar|1/100\n|\n|-damage|p2a: Hawlucha|32/100 psn|[from] psn\n|-ability|p2b: Glalie|Moody|boost\n|-boost|p2b: Glalie|def|2\n|-unboost|p2b: Glalie|spd|1\n|upkeep\n|turn|2\n|inactive|vikusxxx has 30 seconds left.\n|inactive|vikusxxx has 20 seconds left.\n|\n|t:|1776332543\n|move|p2a: Hawlucha|Entrainment|p2b: Glalie\n|-ability|p2b: Glalie|No Guard|Moody|[from] move: Entrainment|[of] p2a: Hawlucha\n|move|p1b: Gengar|Toxic Spikes|p2b: Glalie\n|-sidestart|p2: untitled1111|move: Toxic Spikes\n|move|p1a: Raichu|Volt Switch|p2a: Hawlucha\n|-supereffective|p2a: Hawlucha|1\n|-damage|p2a: Hawlucha|0 fnt\n|faint|p2a: Hawlucha\n|\n|t:|1776332552\n|switch|p1a: Charizard|Charizard, L50, M|100/100|[from] Volt Switch\n|move|p2b: Glalie|Sheer Cold|p1a: Charizard\n|-damage|p1a: Charizard|0 fnt\n|faint|p1a: Charizard\n|-ohko\n|\n|upkeep\n|\n|t:|1776332567\n|switch|p2a: Whimsicott|Whimsicott, L50, M|100/100\n|switch|p1a: Raichu|Raichu, L50, M|100/100\n|-status|p2a: Whimsicott|psn\n|turn|3\n|\n|t:|1776332579\n|move|p1a: Raichu|Fake Out|p2a: Whimsicott\n|-damage|p2a: Whimsicott|92/100 psn\n|cant|p2a: Whimsicott|flinch\n|move|p1b: Gengar|Sludge Bomb|p2a: Whimsicott\n|-supereffective|p2a: Whimsicott|2\n|-damage|p2a: Whimsicott|0 fnt\n|faint|p2a: Whimsicott\n|move|p2b: Glalie|Sheer Cold|p1a: Raichu\n|-damage|p1a: Raichu|0 fnt\n|faint|p1a: Raichu\n|-ohko\n|\n|upkeep\n|\n|t:|1776332591\n|switch|p1a: Lucario|Lucario, L50, M|100/100\n|switch|p2a: Clefable|Clefable, L50, M|100/100\n|-status|p2a: Clefable|psn\n|turn|4\n|\n|t:|1776332610\n|move|p2a: Clefable|Follow Me|p2a: Clefable\n|-singleturn|p2a: Clefable|move: Follow Me\n|move|p1a: Lucario|Aura Sphere|p2a: Clefable\n|-resisted|p2a: Clefable|1\n|-damage|p2a: Clefable|87/100 psn\n|move|p1b: Gengar|Sludge Bomb|p2a: Clefable\n|-supereffective|p2a: Clefable|1\n|-damage|p2a: Clefable|21/100 psn\n|-enditem|p2a: Clefable|Sitrus Berry|[eat]\n|-heal|p2a: Clefable|46/100 psn|[from] item: Sitrus Berry\n|move|p2b: Glalie|Sheer Cold|p1a: Lucario\n|-damage|p1a: Lucario|0 fnt\n|faint|p1a: Lucario\n|-ohko\n|\n|-damage|p2a: Clefable|33/100 psn|[from] psn\n|upkeep\n|turn|5\n|inactive|vikusxxx has 30 seconds left.\n|\n|t:|1776332641\n|move|p2a: Clefable|Follow Me|p2a: Clefable\n|-singleturn|p2a: Clefable|move: Follow Me\n|move|p1b: Gengar|Sludge Bomb|p2a: Clefable\n|-supereffective|p2a: Clefable|1\n|-damage|p2a: Clefable|0 fnt\n|faint|p2a: Clefable\n|move|p2b: Glalie|Sheer Cold|p1b: Gengar\n|-damage|p1b: Gengar|0 fnt\n|faint|p1b: Gengar\n|-ohko\n|\n|win|untitled1111\n|raw|vikusxxx's rating: 1005 &rarr; <strong>1000</strong><br />(-5 for losing)\n|raw|untitled1111's rating: 1075 &rarr; <strong>1098</strong><br />(+23 for winning)\n",
  "uploadtime": 1776332654,
  "views": 29,
  "formatid": "gen9championsvgc2026regma",
  "rating": 1000,
  "private": 0,
  "password": null
}