{
  "id": "gen9championsvgc2026regma-2587057907",
  "format": "[Gen 9 Champions] VGC 2026 Reg M-A",
  "players": [
    "BlackWu",
    "monstermixmuffin"
  ],
  "log": "|j|\u2606BlackWu\n|j|\u2606monstermixmuffin\n|t:|1776487825\n|gametype|doubles\n|player|p1|BlackWu|265|1252\n|player|p2|monstermixmuffin|hanbei-conquest|1161\n|gen|9\n|tier|[Gen 9 Champions] VGC 2026 Reg M-A\n|rated|\n|rule|Species Clause: Limit one of each Pok\u00e9mon\n|rule|Item Clause: Limit 1 of each item\n|clearpoke\n|poke|p1|Sneasler, L50, F|\n|poke|p1|Gyarados, L50, F|\n|poke|p1|Sinistcha, L50|\n|poke|p1|Goodra-Hisui, L50, M|\n|poke|p1|Oranguru, L50, F|\n|poke|p1|Camerupt, L50, M|\n|poke|p2|Aggron, L50, F|\n|poke|p2|Sinistcha, L50|\n|poke|p2|Tyranitar, L50, M|\n|poke|p2|Farigiraf, L50, F|\n|poke|p2|Garchomp, L50, F|\n|poke|p2|Kangaskhan, L50, F|\n|teampreview|4\nmonstermixmuffin rejected open team sheets.\n|\n|t:|1776487863\n|teamsize|p1|4\n|teamsize|p2|4\n|start\n|switch|p1a: Oranguru|Oranguru, L50, F|100/100\n|switch|p1b: Sinistcha|Sinistcha, L50|100/100\n|switch|p2a: Tyranitar|Tyranitar, L50, M|100/100\n|switch|p2b: Garchomp|Garchomp, L50, F|100/100\n|-weather|Sandstorm|[from] ability: Sand Stream|[of] p2a: Tyranitar\n|turn|1\n|\n|t:|1776487898\n|move|p2b: Garchomp|Rock Slide|p1b: Sinistcha|[spread] p1a,p1b\n|-damage|p1a: Oranguru|84/100\n|-damage|p1b: Sinistcha|84/100\n|move|p1b: Sinistcha|Matcha Gotcha|p2a: Tyranitar|[spread] p2a\n|-miss|p1b: Sinistcha|p2b: Garchomp\n|-supereffective|p2a: Tyranitar|1\n|-damage|p2a: Tyranitar|72/100\n|-heal|p1b: Sinistcha|100/100|[from] drain|[of] p2a: Tyranitar\n|move|p2a: Tyranitar|Dark Pulse|p1b: Sinistcha\n|-supereffective|p1b: Sinistcha|1\n|-damage|p1b: Sinistcha|35/100\n|move|p1a: Oranguru|Trick Room|p1a: Oranguru\n|-fieldstart|move: Trick Room|[of] p1a: Oranguru\n|\n|-weather|Sandstorm|[upkeep]\n|-damage|p1a: Oranguru|78/100|[from] Sandstorm\n|-damage|p1b: Sinistcha|29/100|[from] Sandstorm\n|upkeep\n|turn|2\n|\n|t:|1776487918\n|move|p2a: Tyranitar|Dark Pulse|p1a: Oranguru\n|-supereffective|p1a: Oranguru|1\n|-enditem|p1a: Oranguru|Colbur Berry|[eat]\n|-enditem|p1a: Oranguru|Colbur Berry|[weaken]\n|-damage|p1a: Oranguru|47/100\n|move|p1a: Oranguru|Instruct|p1b: Sinistcha\n|-singleturn|p1b: Sinistcha|move: Instruct|[of] p1a: Oranguru\n|move|p1b: Sinistcha|Matcha Gotcha|p2a: Tyranitar|[spread] p2a,p2b\n|-supereffective|p2a: Tyranitar|1\n|-damage|p2a: Tyranitar|42/100\n|-heal|p1b: Sinistcha|47/100|[from] drain|[of] p2a: Tyranitar\n|-damage|p2b: Garchomp|72/100\n|-heal|p1b: Sinistcha|61/100|[from] drain|[of] p2b: Garchomp\n|move|p1b: Sinistcha|Matcha Gotcha|p2b: Garchomp|[spread] p2a\n|-miss|p1b: Sinistcha|p2b: Garchomp\n|-supereffective|p2a: Tyranitar|1\n|-damage|p2a: Tyranitar|13/100\n|-heal|p1b: Sinistcha|78/100|[from] drain|[of] p2a: Tyranitar\n|move|p2b: Garchomp|Dragon Claw|p1b: Sinistcha\n|-damage|p1b: Sinistcha|37/100\n|\n|-weather|Sandstorm|[upkeep]\n|-damage|p1a: Oranguru|41/100|[from] Sandstorm\n|-damage|p1b: Sinistcha|31/100|[from] Sandstorm\n|upkeep\n|turn|3\n|\n|t:|1776487947\n|move|p2a: Tyranitar|Dark Pulse|p1b: Sinistcha\n|-supereffective|p1b: Sinistcha|1\n|-damage|p1b: Sinistcha|0 fnt\n|faint|p1b: Sinistcha\n|move|p1a: Oranguru|Instruct|p1: Sinistcha|[notarget]\n|-fail|p1a: Oranguru\n|move|p2b: Garchomp|Dragon Claw|p1a: Oranguru\n|-damage|p1a: Oranguru|9/100\n|\n|-weather|Sandstorm|[upkeep]\n|-damage|p1a: Oranguru|3/100|[from] Sandstorm\n|upkeep\n|\n|t:|1776487951\n|switch|p1b: Camerupt|Camerupt, L50, M|100/100\n|turn|4\n|\n|t:|1776487960\n|detailschange|p1b: Camerupt|Camerupt-Mega, L50, M\n|-mega|p1b: Camerupt|Camerupt|Cameruptite\n|move|p2a: Tyranitar|Protect|p2a: Tyranitar\n|-singleturn|p2a: Tyranitar|Protect\n|move|p1b: Camerupt|Eruption|p2a: Tyranitar|[spread] \n|-activate|p2a: Tyranitar|move: Protect\n|-miss|p1b: Camerupt|p2b: Garchomp\n|move|p1a: Oranguru|Instruct|p1b: Camerupt\n|-singleturn|p1b: Camerupt|move: Instruct|[of] p1a: Oranguru\n|move|p1b: Camerupt|Eruption|p2b: Garchomp|[spread] p2b\n|-activate|p2a: Tyranitar|move: Protect\n|-resisted|p2b: Garchomp|1\n|-crit|p2b: Garchomp\n|-damage|p2b: Garchomp|13/100\n|move|p2b: Garchomp|Earthquake|p1a: Oranguru|[spread] p1a,p1b\n|-activate|p2a: Tyranitar|move: Protect\n|-supereffective|p1b: Camerupt|1\n|-damage|p1a: Oranguru|0 fnt\n|-damage|p1b: Camerupt|21/100\n|faint|p1a: Oranguru\n|\n|-weather|Sandstorm|[upkeep]\n|upkeep\n|\n|t:|1776487967\n|switch|p1a: Goodra|Goodra-Hisui, L50, M|100/100\n|turn|5\n|\n|t:|1776487991\n|move|p1b: Camerupt|Heat Wave|p2b: Garchomp|[spread] p2a,p2b\n|-resisted|p2a: Tyranitar|1\n|-resisted|p2b: Garchomp|1\n|-crit|p2b: Garchomp\n|-damage|p2a: Tyranitar|0 fnt\n|-damage|p2b: Garchomp|0 fnt\n|faint|p2a: Tyranitar\n|faint|p2b: Garchomp\n|move|p1a: Goodra|Shelter|p1a: Goodra\n|-boost|p1a: Goodra|def|2\n|\n|-weather|none\n|-fieldend|move: Trick Room\n|upkeep\n|\n|t:|1776487993\n|switch|p2b: Aggron|Aggron, L50, F|100/100\n|switch|p2a: Sinistcha|Sinistcha, L50|100/100\n|turn|6\n|\n|t:|1776488009\n|detailschange|p2b: Aggron|Aggron-Mega, L50, F\n|-mega|p2b: Aggron|Aggron|Aggronite\n|move|p1b: Camerupt|Protect|p1b: Camerupt\n|-singleturn|p1b: Camerupt|Protect\n|move|p2a: Sinistcha|Rage Powder|p2a: Sinistcha\n|-singleturn|p2a: Sinistcha|move: Rage Powder\n|move|p1a: Goodra|Body Press|p2a: Sinistcha\n|-immune|p2a: Sinistcha\n|move|p2b: Aggron|Body Press|p1b: Camerupt\n|-activate|p1b: Camerupt|move: Protect\n|\n|upkeep\n|turn|7\n|\n|t:|1776488025\n|move|p2a: Sinistcha|Rage Powder|p2a: Sinistcha\n|-singleturn|p2a: Sinistcha|move: Rage Powder\n|move|p1a: Goodra|Heavy Slam|p2a: Sinistcha\n|-damage|p2a: Sinistcha|63/100\n|move|p2b: Aggron|Body Press|p1b: Camerupt\n|-damage|p1b: Camerupt|0 fnt\n|faint|p1b: Camerupt\n|\n|upkeep\n|turn|8\n|-message|BlackWu forfeited.\n|\n|win|monstermixmuffin\n|raw|BlackWu's rating: 1252 &rarr; <strong>1221</strong><br />(-31 for losing)\n|raw|monstermixmuffin's rating: 1161 &rarr; <strong>1192</strong><br />(+31 for winning)\n",
  "uploadtime": 1776488038,
  "views": 18,
  "formatid": "gen9championsvgc2026regma",
  "rating": 1192,
  "private": 0,
  "password": null
}