{
  "id": "gen9championsvgc2026regma-2580294514",
  "format": "[Gen 9 Champions] VGC 2026 Reg M-A",
  "players": [
    "Pyip",
    "thacrow"
  ],
  "log": "|j|\u2606Pyip\n|j|\u2606thacrow\n|t:|1775876967\n|gametype|doubles\n|player|p1|Pyip|pokekid|\n|player|p2|thacrow|#thacrow|\n|gen|9\n|tier|[Gen 9 Champions] VGC 2026 Reg M-A\n|rated|Tournament battle\n|rule|Species Clause: Limit one of each Pok\u00e9mon\n|rule|Item Clause: Limit 1 of each item\n|clearpoke\n|poke|p1|Froslass, L50, F|\n|poke|p1|Palafin, L50, M|\n|poke|p1|Sneasler, L50, M|\n|poke|p1|Arcanine-Hisui, L50, F|\n|poke|p1|Kingambit, L50, F|\n|poke|p1|Clefable, L50, M|\n|poke|p2|Floette-Eternal, L50, F|\n|poke|p2|Incineroar, L50, M|\n|poke|p2|Aerodactyl, L50, F|\n|poke|p2|Maushold, L50|\n|poke|p2|Garchomp, L50, M|\n|poke|p2|Delphox, L50, F|\n|teampreview|4\n|j| sroms\n|j|+crystalninetales\n|inactive|Battle timer is ON: inactive players will automatically lose when time's up. (requested by Pyip)\nPyip rejected open team sheets.\n|j|#DaWoblefet\n|c|\u2606Pyip|hf\n|j| hershynt\n|l|#DaWoblefet\n|j|#DaWoblefet\n|c|\u2606thacrow|u2\n|c| hershynt|hi woble\n|l|#DaWoblefet\n|j| Ducktile\n|inactive|Pyip has 60 seconds left.\n|inactive|thacrow has 60 seconds left.\n|l| Ducktile\n|\n|t:|1775877028\n|teamsize|p1|4\n|teamsize|p2|4\n|start\n|switch|p1a: Palafin|Palafin, L50, M|100/100\n|switch|p1b: Clefable|Clefable, L50, M, shiny|100/100\n|switch|p2a: Delphox|Delphox, L50, F|100/100\n|switch|p2b: Maushold|Maushold, L50|100/100\n|turn|1\n|j| Kingofyee\n|inactive|Pyip has 30 seconds left.\n|j|@chuppa\n|\n|t:|1775877057\n|detailschange|p2a: Delphox|Delphox-Mega, L50, F\n|-mega|p2a: Delphox|Delphox|Delphoxite\n|move|p1b: Clefable|Helping Hand|p1a: Palafin\n|-singleturn|p1a: Palafin|Helping Hand|[of] p1b: Clefable\n|move|p2b: Maushold|Follow Me|p2b: Maushold\n|-singleturn|p2b: Maushold|move: Follow Me\n|move|p2a: Delphox|Substitute|p2a: Delphox\n|-start|p2a: Delphox|Substitute\n|-damage|p2a: Delphox|76/100\n|move|p1a: Palafin|Flip Turn|p2b: Maushold\n|-damage|p2b: Maushold|50/100\n|j| ApronVGC\n|\n|t:|1775877067\n|detailschange|p1a: Palafin|Palafin-Hero, L50, M\n|switch|p1a: Arcanine|Arcanine-Hisui, L50, F|100/100|[from] Flip Turn\n|-ability|p1a: Arcanine|Intimidate|boost\n|-immune|p2a: Delphox\n|-unboost|p2b: Maushold|atk|1\n|\n|upkeep\n|turn|2\n|j| Ben's Last Ride\n|j| Wizzpower\n|l| ApronVGC\n|j| TheGuyWithACloak\n|\n|t:|1775877092\n|switch|p2b: Garchomp|Garchomp, L50, M|100/100\n|move|p2a: Delphox|Protect|p2a: Delphox\n|-singleturn|p2a: Delphox|Protect\n|move|p1a: Arcanine|Rock Slide|p2b: Garchomp|[spread] \n|-activate|p2a: Delphox|move: Protect\n|-miss|p1a: Arcanine|p2b: Garchomp\n|move|p1b: Clefable|Moonblast|p2b: Garchomp\n|-supereffective|p2b: Garchomp|1\n|-damage|p2b: Garchomp|34/100\n|\n|upkeep\n|turn|3\n|inactive|Pyip has 30 seconds left.\n|\n|t:|1775877118\n|move|p1b: Clefable|Helping Hand|p1a: Arcanine\n|-singleturn|p1a: Arcanine|Helping Hand|[of] p1b: Clefable\n|move|p1a: Arcanine|Extreme Speed|p2b: Garchomp\n|-damage|p2b: Garchomp|0 fnt\n|-damage|p1a: Arcanine|88/100|[from] ability: Rough Skin|[of] p2b: Garchomp\n|faint|p2b: Garchomp\n|move|p2a: Delphox|Psychic|p1b: Clefable\n|-damage|p1b: Clefable|57/100\n|\n|upkeep\n|\n|t:|1775877123\n|switch|p2b: Aerodactyl|Aerodactyl, L50, F|100/100\n|-ability|p2b: Aerodactyl|Unnerve\n|turn|4\n|j|+ScribbleScribble\n|j| Elkomolozupo\n|inactive|Pyip has 30 seconds left.\n|j|+holdingb\n|inactive|Pyip has 20 seconds left.\n|j| orangejuice111\n|inactive|Pyip has 15 seconds left.\n|\n|t:|1775877166\n|move|p2a: Delphox|Protect|p2a: Delphox\n|-singleturn|p2a: Delphox|Protect\n|move|p1b: Clefable|Protect|p1b: Clefable\n|-singleturn|p1b: Clefable|Protect\n|move|p1a: Arcanine|Extreme Speed|p2a: Delphox\n|-activate|p2a: Delphox|move: Protect\n|move|p2b: Aerodactyl|Rock Slide|p1a: Arcanine|[spread] p1a\n|-activate|p1b: Clefable|move: Protect\n|-supereffective|p1a: Arcanine|1\n|-damage|p1a: Arcanine|25/100\n|\n|upkeep\n|turn|5\n|\n|t:|1775877183\n|move|p1a: Arcanine|Extreme Speed|p2a: Delphox\n|-end|p2a: Delphox|Substitute\n|move|p2a: Delphox|Psychic|p1b: Clefable\n|-damage|p1b: Clefable|10/100\n|move|p2b: Aerodactyl|Rock Slide|p1a: Arcanine|[spread] p1a,p1b\n|-supereffective|p1a: Arcanine|1\n|-damage|p1a: Arcanine|0 fnt\n|-damage|p1b: Clefable|0 fnt\n|faint|p1a: Arcanine\n|faint|p1b: Clefable\n|\n|upkeep\n|\n|t:|1775877192\n|switch|p1a: Palafin|Palafin-Hero, L50, M|100/100\n|switch|p1b: Kingambit|Kingambit, L50, F, shiny|100/100\n|-activate|p1a: Palafin|ability: Zero to Hero\n|turn|6\n|j| mr bunnelby\n|\n|t:|1775877205\n|switch|p2b: Maushold|Maushold, L50|50/100\n|move|p1a: Palafin|Jet Punch|p2a: Delphox\n|-supereffective|p2a: Delphox|1\n|-damage|p2a: Delphox|0 fnt\n|faint|p2a: Delphox\n|move|p1b: Kingambit|Kowtow Cleave|p2b: Maushold\n|-damage|p2b: Maushold|0 fnt\n|faint|p2b: Maushold\n|\n|upkeep\n|c|\u2606thacrow|gg\n|j| Gggarbage\n|-message|thacrow forfeited.\n|\n|win|Pyip\n|n|\u2606Pyip|pyip\n|n|\u2606thacrow|thacrow\n|n| sroms|sroms\n|n| crystalninetales|crystalninetales\n|n| hershynt|hershynt\n|n| Kingofyee|kingofyee\n|n| chuppa|chuppa\n|n| Ben's Last Ride|benslastride\n|n| Wizzpower|wizzpower\n|n| TheGuyWithACloak|theguywithacloak\n|n| ScribbleScribble|scribblescribble\n|n| Elkomolozupo|elkomolozupo\n|n| holdingb|holdingb\n|n| orangejuice111|orangejuice111\n|n| mr bunnelby|mrbunnelby\n|n| Gggarbage|gggarbage\n|c|\u2606Pyip|gg\n|l| crystalninetales\n",
  "uploadtime": 1775877216,
  "views": 29,
  "formatid": "gen9championsvgc2026regma",
  "rating": null,
  "private": 0,
  "password": null
}