{
  "id": "gen9championsvgc2026regma-2581140060",
  "format": "[Gen 9 Champions] VGC 2026 Reg M-A",
  "players": [
    "alexzarded",
    "Hizin"
  ],
  "log": "|j|\u2606alexzarded\n|j|\u2606Hizin\n|t:|1775963735\n|gametype|doubles\n|player|p1|alexzarded|blackbelt-gen4|1076\n|player|p2|Hizin|170|1053\n|gen|9\n|tier|[Gen 9 Champions] VGC 2026 Reg M-A\n|rated|\n|rule|Species Clause: Limit one of each Pok\u00e9mon\n|rule|Item Clause: Limit 1 of each item\n|clearpoke\n|poke|p1|Charizard, L50, M|\n|poke|p1|Venusaur, L50, M|\n|poke|p1|Garchomp, L50, M|\n|poke|p1|Rotom-Wash, L50|\n|poke|p1|Sneasler, L50, M|\n|poke|p1|Incineroar, L50, M|\n|poke|p2|Decidueye, L50, M|\n|poke|p2|Farigiraf, L50, F|\n|poke|p2|Whimsicott, L50, M|\n|poke|p2|Emboar, L50, M|\n|poke|p2|Palafin, L50, F|\n|poke|p2|Corviknight, L50, M|\n|teampreview|4\n|\n|t:|1775963781\n|teamsize|p1|4\n|teamsize|p2|4\n|start\n|switch|p1a: Incineroar|Incineroar, L50, M|100/100\n|switch|p1b: Sneasler|Sneasler, L50, M|100/100\n|switch|p2a: Palafin|Palafin, L50, F|100/100\n|switch|p2b: Whimsicott|Whimsicott, L50, M|100/100\n|-ability|p1a: Incineroar|Intimidate|boost\n|-unboost|p2a: Palafin|atk|1\n|-unboost|p2b: Whimsicott|atk|1\n|turn|1\n|\n|t:|1775963813\n|move|p1b: Sneasler|Fake Out|p2a: Palafin\n|-damage|p2a: Palafin|83/100\n|move|p1a: Incineroar|Fake Out|p2b: Whimsicott\n|-damage|p2b: Whimsicott|78/100\n|cant|p2b: Whimsicott|flinch\n|cant|p2a: Palafin|flinch\n|\n|upkeep\n|turn|2\n|\n|t:|1775963840\n|move|p2b: Whimsicott|Stun Spore|p1b: Sneasler\n|-status|p1b: Sneasler|par\n|move|p2a: Palafin|Flip Turn|p1a: Incineroar\n|-supereffective|p1a: Incineroar|1\n|-damage|p1a: Incineroar|65/100\n|\n|t:|1775963851\n|detailschange|p2a: Palafin|Palafin-Hero, L50, F\n|switch|p2a: Farigiraf|Farigiraf, L50, F|100/100|[from] Flip Turn\n|move|p1b: Sneasler|Dire Claw|p2b: Whimsicott\n|-supereffective|p2b: Whimsicott|2\n|-damage|p2b: Whimsicott|0 fnt\n|faint|p2b: Whimsicott\n|move|p1a: Incineroar|Parting Shot|p2a: Farigiraf\n|-unboost|p2a: Farigiraf|atk|1\n|-unboost|p2a: Farigiraf|spa|1\n|\n|t:|1775963880\n|switch|p1a: Rotom|Rotom-Wash, L50, shiny|100/100|[from] Parting Shot\n|\n|upkeep\n|\n|t:|1775963890\n|switch|p2b: Emboar|Emboar, L50, M|100/100\n|turn|3\n|\n|t:|1775963902\n|move|p2b: Emboar|Protect|p2b: Emboar\n|-singleturn|p2b: Emboar|Protect\n|move|p1a: Rotom|Hydro Pump|p2b: Emboar\n|-activate|p2b: Emboar|move: Protect\n|move|p1b: Sneasler|Dire Claw|p2a: Farigiraf\n|-damage|p2a: Farigiraf|60/100\n|move|p2a: Farigiraf|Psychic|p1b: Sneasler\n|-supereffective|p1b: Sneasler|2\n|-damage|p1b: Sneasler|0 fnt\n|faint|p1b: Sneasler\n|\n|upkeep\n|\n|t:|1775963915\n|switch|p1b: Incineroar|Incineroar, L50, M|65/100\n|-ability|p1b: Incineroar|Intimidate|boost\n|-unboost|p2a: Farigiraf|atk|1\n|-unboost|p2b: Emboar|atk|1\n|turn|4\n|\n|t:|1775963931\n|switch|p2b: Palafin|Palafin-Hero, L50, F|83/100\n|-activate|p2b: Palafin|ability: Zero to Hero\n|move|p2a: Farigiraf|Protect|p2a: Farigiraf\n|-singleturn|p2a: Farigiraf|Protect\n|move|p1b: Incineroar|Fake Out||[still]\n|cant|p2a: Farigiraf|ability: Armor Tail|Fake Out|[of] p1b: Incineroar\n|move|p1a: Rotom|Hydro Pump|p2b: Palafin|[miss]\n|-miss|p1a: Rotom|p2b: Palafin\n|\n|upkeep\n|turn|5\n|\n|t:|1775963955\n|move|p2b: Palafin|Wave Crash|p1b: Incineroar\n|-supereffective|p1b: Incineroar|1\n|-damage|p1b: Incineroar|0 fnt\n|faint|p1b: Incineroar\n|-damage|p2b: Palafin|58/100|[from] Recoil\n|move|p1a: Rotom|Thunderbolt|p2b: Palafin\n|-supereffective|p2b: Palafin|1\n|-damage|p2b: Palafin|0 fnt\n|faint|p2b: Palafin\n|move|p2a: Farigiraf|Psychic|p1a: Rotom\n|-damage|p1a: Rotom|76/100\n|-unboost|p1a: Rotom|spd|1\n|\n|-heal|p1a: Rotom|81/100|[from] item: Leftovers\n|upkeep\n|\n|t:|1775963970\n|switch|p2b: Emboar|Emboar, L50, M|100/100\n|switch|p1b: Venusaur|Venusaur, L50, M, shiny|100/100\n|turn|6\n|\n|t:|1775963993\n|detailschange|p2b: Emboar|Emboar-Mega, L50, M\n|-mega|p2b: Emboar|Emboar|Emboarite\n|-ability|p2b: Emboar|Mold Breaker\n|move|p1b: Venusaur|Protect|p1b: Venusaur\n|-singleturn|p1b: Venusaur|Protect\n|move|p1a: Rotom|Hydro Pump|p2b: Emboar\n|-supereffective|p2b: Emboar|1\n|-damage|p2b: Emboar|26/100\n|move|p2b: Emboar|Flare Blitz|p1b: Venusaur\n|-activate|p1b: Venusaur|move: Protect\n|move|p2a: Farigiraf|Psychic|p1a: Rotom\n|-damage|p1a: Rotom|43/100\n|\n|-heal|p1a: Rotom|49/100|[from] item: Leftovers\n|upkeep\n|turn|7\n|\n|t:|1775964013\n|move|p1b: Venusaur|Sleep Powder|p2a: Farigiraf\n|-status|p2a: Farigiraf|slp|[from] move: Sleep Powder\n|move|p1a: Rotom|Hydro Pump|p2b: Emboar\n|-supereffective|p2b: Emboar|1\n|-damage|p2b: Emboar|0 fnt\n|faint|p2b: Emboar\n|cant|p2a: Farigiraf|slp\n|\n|-heal|p1a: Rotom|55/100|[from] item: Leftovers\n|upkeep\n|turn|8\n|c|\u2606alexzarded|gg\n|-message|Hizin forfeited.\n|\n|win|alexzarded\n|raw|alexzarded's rating: 1076 &rarr; <strong>1103</strong><br />(+27 for winning)\n|raw|Hizin's rating: 1053 &rarr; <strong>1036</strong><br />(-17 for losing)\n|l|\u2606Hizin\n|player|p2|\n",
  "uploadtime": 1775964029,
  "views": 11,
  "formatid": "gen9championsvgc2026regma",
  "rating": 1036,
  "private": 0,
  "password": null
}