{
  "id": "gen9championsvgc2026regma-2583695521",
  "format": "[Gen 9 Champions] VGC 2026 Reg M-A",
  "players": [
    "PXGL",
    "mayomamainsk"
  ],
  "log": "|j|\u2606PXGL\n|j|\u2606mayomamainsk\n|t:|1776191566\n|gametype|doubles\n|player|p1|PXGL|dancer|1043\n|player|p2|mayomamainsk|roxie|1041\n|gen|9\n|tier|[Gen 9 Champions] VGC 2026 Reg M-A\n|rated|\n|rule|Species Clause: Limit one of each Pok\u00e9mon\n|rule|Item Clause: Limit 1 of each item\n|clearpoke\n|poke|p1|Incineroar, L50, M|\n|poke|p1|Tyranitar, L50, M|\n|poke|p1|Hydreigon, L50, M|\n|poke|p1|Sableye, L50, M|\n|poke|p1|Umbreon, L50, F|\n|poke|p1|Kingambit, L50, F|\n|poke|p2|Aggron, L50, F|\n|poke|p2|Talonflame, L50, F|\n|poke|p2|Farigiraf, L50, M|\n|poke|p2|Greninja-*, L50, M|\n|poke|p2|Aegislash, L50, F|\n|poke|p2|Raichu-Alola, L50, M|\n|teampreview|4\n|inactive|Battle timer is ON: inactive players will automatically lose when time's up. (requested by mayomamainsk)\n|inactive|PXGL has 60 seconds left.\n|inactive|mayomamainsk has 60 seconds left.\n|\n|t:|1776191603\n|teamsize|p1|4\n|teamsize|p2|4\n|start\n|switch|p1a: Incineroar|Incineroar, L50, M, shiny|100/100\n|switch|p1b: Hydreigon|Hydreigon, L50, M|100/100\n|switch|p2a: Greninja|Greninja, L50, M|100/100\n|switch|p2b: Talonflame|Talonflame, L50, F|100/100\n|-ability|p1a: Incineroar|Intimidate|boost\n|-unboost|p2a: Greninja|atk|1\n|-unboost|p2b: Talonflame|atk|1\n|turn|1\n|inactive|PXGL has 30 seconds left.\n|\n|t:|1776191636\n|move|p2b: Talonflame|Quick Guard|p2b: Talonflame\n|-singleturn|p2b: Talonflame|Quick Guard\n|move|p1a: Incineroar|Fake Out|p2a: Greninja\n|-activate|p2a: Greninja|move: Quick Guard\n|move|p2a: Greninja|Hydro Pump|p1a: Incineroar\n|-start|p2a: Greninja|typechange|Water|[from] ability: Protean\n|-supereffective|p1a: Incineroar|1\n|-damage|p1a: Incineroar|28/100\n|-enditem|p1a: Incineroar|Sitrus Berry|[eat]\n|-heal|p1a: Incineroar|53/100|[from] item: Sitrus Berry\n|move|p1b: Hydreigon|Dark Pulse|p2b: Talonflame\n|-damage|p2b: Talonflame|37/100\n|\n|upkeep\n|turn|2\n|inactive|PXGL has 30 seconds left.\n|inactive|mayomamainsk has 30 seconds left.\n|\n|t:|1776191663\n|switch|p2b: Aggron|Aggron, L50, F|100/100\n|switch|p1b: Umbreon|Umbreon, L50, F|100/100\n|detailschange|p2a: Greninja|Greninja-Mega, L50, M\n|-mega|p2a: Greninja|Greninja|Greninjite\n|move|p2a: Greninja|Ice Beam|p1b: Umbreon\n|-start|p2a: Greninja|typechange|Ice|[from] ability: Protean\n|-damage|p1b: Umbreon|75/100\n|move|p1a: Incineroar|Parting Shot|p2a: Greninja\n|-unboost|p2a: Greninja|atk|1\n|-unboost|p2a: Greninja|spa|1\n|\n|t:|1776191684\n|switch|p1a: Kingambit|Kingambit, L50, F|100/100|[from] Parting Shot\n|\n|-heal|p1b: Umbreon|81/100|[from] item: Leftovers\n|upkeep\n|turn|3\n|\n|t:|1776191696\n|switch|p2a: Talonflame|Talonflame, L50, F|37/100\n|move|p1b: Umbreon|Yawn|p2a: Talonflame\n|-start|p2a: Talonflame|move: Yawn|[of] p1b: Umbreon\n|move|p1a: Kingambit|Iron Head|p2b: Aggron\n|-damage|p2b: Aggron|69/100\n|move|p2b: Aggron|Body Press|p1a: Kingambit\n|-supereffective|p1a: Kingambit|2\n|-damage|p1a: Kingambit|10/100\n|\n|-heal|p1b: Umbreon|87/100|[from] item: Leftovers\n|upkeep\n|turn|4\n|inactive|PXGL has 30 seconds left.\n|\n|t:|1776191727\n|move|p1a: Kingambit|Protect|p1a: Kingambit\n|-singleturn|p1a: Kingambit|Protect\n|move|p2a: Talonflame|Will-O-Wisp|p1b: Umbreon|[miss]\n|-miss|p2a: Talonflame|p1b: Umbreon\n|move|p1b: Umbreon|Foul Play|p2b: Aggron\n|-damage|p2b: Aggron|47/100\n|move|p2b: Aggron|Body Press|p1a: Kingambit\n|-activate|p1a: Kingambit|move: Protect\n|\n|-heal|p1b: Umbreon|93/100|[from] item: Leftovers\n|-end|p2a: Talonflame|move: Yawn|[silent]\n|-status|p2a: Talonflame|slp\n|upkeep\n|turn|5\n|\n|t:|1776191752\n|switch|p2a: Greninja|Greninja-Mega, L50, M|100/100\n|move|p1b: Umbreon|Foul Play|p2b: Aggron\n|-damage|p2b: Aggron|25/100\n|move|p1a: Kingambit|Kowtow Cleave|p2b: Aggron\n|-damage|p2b: Aggron|0 fnt\n|faint|p2b: Aggron\n|\n|-heal|p1b: Umbreon|99/100|[from] item: Leftovers\n|upkeep\n|\n|t:|1776191760\n|switch|p2b: Aegislash|Aegislash, L50, F|100/100\n|turn|6\n|\n|t:|1776191776\n|move|p1a: Kingambit|Protect|p1a: Kingambit\n|-singleturn|p1a: Kingambit|Protect\n|move|p2a: Greninja|Hydro Pump|p1b: Umbreon|[miss]\n|-start|p2a: Greninja|typechange|Water|[from] ability: Protean\n|-miss|p2a: Greninja|p1b: Umbreon\n|move|p1b: Umbreon|Foul Play|p2b: Aegislash\n|-supereffective|p2b: Aegislash|1\n|-damage|p2b: Aegislash|54/100\n|-formechange|p2b: Aegislash|Aegislash-Blade|\n|move|p2b: Aegislash|Iron Head|p1b: Umbreon\n|-damage|p1b: Umbreon|63/100\n|\n|-heal|p1b: Umbreon|69/100|[from] item: Leftovers\n|upkeep\n|turn|7\n|inactive|PXGL has 30 seconds left.\n|\n|t:|1776191809\n|switch|p2b: Talonflame|Talonflame, L50, F|37/100 slp\n|move|p2a: Greninja|Hydro Pump|p1b: Umbreon|[miss]\n|-miss|p2a: Greninja|p1b: Umbreon\n|move|p1b: Umbreon|Foul Play|p2b: Talonflame\n|-damage|p2b: Talonflame|0 fnt\n|faint|p2b: Talonflame\n|move|p1a: Kingambit|Kowtow Cleave|p2a: Greninja\n|-damage|p2a: Greninja|16/100\n|\n|-heal|p1b: Umbreon|75/100|[from] item: Leftovers\n|upkeep\n|-message|mayomamainsk forfeited.\n|\n|win|PXGL\n|raw|PXGL's rating: 1043 &rarr; <strong>1076</strong><br />(+33 for winning)\n|raw|mayomamainsk's rating: 1041 &rarr; <strong>1025</strong><br />(-16 for losing)\n|l|\u2606mayomamainsk\n|player|p2|\n",
  "uploadtime": 1776191831,
  "views": 22,
  "formatid": "gen9championsvgc2026regma",
  "rating": 1025,
  "private": 0,
  "password": null
}