{
  "id": "gen9championsvgc2026regma-2584254436",
  "format": "[Gen 9 Champions] VGC 2026 Reg M-A",
  "players": [
    "Terypagos",
    "labubujimenez"
  ],
  "log": "|j|\u2606Terypagos\n|j|\u2606labubujimenez\n|t:|1776243692\n|gametype|doubles\n|player|p1|Terypagos|turo-ai|1368\n|player|p2|labubujimenez|tate|1385\n|gen|9\n|tier|[Gen 9 Champions] VGC 2026 Reg M-A\n|rated|\n|rule|Species Clause: Limit one of each Pok\u00e9mon\n|rule|Item Clause: Limit 1 of each item\n|clearpoke\n|poke|p1|Floette-Eternal, L50, F|\n|poke|p1|Aerodactyl, L50, F|\n|poke|p1|Garchomp, L50, M|\n|poke|p1|Incineroar, L50, F|\n|poke|p1|Basculegion, L50, M|\n|poke|p1|Sneasler, L50, F|\n|poke|p2|Garchomp, L50, F|\n|poke|p2|Maushold-Four, L50|\n|poke|p2|Incineroar, L50, M|\n|poke|p2|Sneasler, L50, M|\n|poke|p2|Delphox, L50, M|\n|poke|p2|Whimsicott, L50, F|\n|teampreview|4\n|inactive|Battle timer is ON: inactive players will automatically lose when time's up. (requested by labubujimenez)\n|inactive|Terypagos has 60 seconds left.\n|\n|t:|1776243729\n|teamsize|p1|4\n|teamsize|p2|4\n|start\n|switch|p1a: Aerodactyl|Aerodactyl, L50, F|100/100\n|switch|p1b: Floette|Floette-Eternal, L50, F|100/100\n|switch|p2a: Garchomp|Garchomp, L50, F|100/100\n|switch|p2b: Sneasler|Sneasler, L50, M|100/100\n|-ability|p1a: Aerodactyl|Unnerve\n|turn|1\n|\n|t:|1776243740\n|move|p1b: Floette|Protect|p1b: Floette\n|-singleturn|p1b: Floette|Protect\n|move|p2a: Garchomp|Rock Tomb|p1a: Aerodactyl\n|-supereffective|p1a: Aerodactyl|1\n|-damage|p1a: Aerodactyl|29/100\n|-unboost|p1a: Aerodactyl|spe|1\n|move|p2b: Sneasler|Close Combat|p1a: Aerodactyl\n|-damage|p1a: Aerodactyl|0 fnt\n|-unboost|p2b: Sneasler|def|1\n|-unboost|p2b: Sneasler|spd|1\n|faint|p1a: Aerodactyl\n|-enditem|p2b: Sneasler|White Herb\n|-clearnegativeboost|p2b: Sneasler|[silent]\n|\n|upkeep\n|\n|t:|1776243754\n|switch|p1a: Basculegion|Basculegion, L50, M, shiny|100/100\n|turn|2\n|inactive|Terypagos has 30 seconds left.\n|inactive|Terypagos has 20 seconds left.\n|\n|t:|1776243793\n|switch|p1b: Garchomp|Garchomp, L50, M|100/100\n|move|p2b: Sneasler|Dire Claw|p1b: Garchomp\n|-resisted|p1b: Garchomp|1\n|-damage|p1b: Garchomp|77/100\n|-status|p1b: Garchomp|psn\n|-damage|p2b: Sneasler|88/100|[from] ability: Rough Skin|[of] p1b: Garchomp\n|move|p2a: Garchomp|Rock Tomb|p1a: Basculegion\n|-damage|p1a: Basculegion|72/100\n|-unboost|p1a: Basculegion|spe|1\n|move|p1a: Basculegion|Wave Crash|p2b: Sneasler\n|-damage|p2b: Sneasler|0 fnt\n|faint|p2b: Sneasler\n|-damage|p1a: Basculegion|49/100|[from] Recoil\n|\n|-damage|p1b: Garchomp|64/100 psn|[from] psn\n|upkeep\n|\n|t:|1776243802\n|switch|p2b: Delphox|Delphox, L50, M|100/100\n|turn|3\n|\n|t:|1776243818\n|switch|p1a: Floette|Floette-Eternal, L50, F|100/100\n|detailschange|p2b: Delphox|Delphox-Mega, L50, M\n|-mega|p2b: Delphox|Delphox|Delphoxite\n|move|p2b: Delphox|Protect|p2b: Delphox\n|-singleturn|p2b: Delphox|Protect\n|move|p2a: Garchomp|Rock Tomb|p1a: Floette\n|-damage|p1a: Floette|60/100\n|-unboost|p1a: Floette|spe|1\n|move|p1b: Garchomp|Dragon Claw|p2a: Garchomp\n|-supereffective|p2a: Garchomp|1\n|-damage|p2a: Garchomp|18/100\n|-damage|p1b: Garchomp|52/100 psn|[from] ability: Rough Skin|[of] p2a: Garchomp\n|\n|-damage|p1b: Garchomp|39/100 psn|[from] psn\n|upkeep\n|turn|4\n|\n|t:|1776243838\n|detailschange|p1a: Floette|Floette-Mega, L50, F\n|-mega|p1a: Floette|Floette|Floettite\n|-ability|p1a: Floette|Fairy Aura\n|move|p2a: Garchomp|Rock Tomb|p1a: Floette\n|-damage|p1a: Floette|27/100\n|-unboost|p1a: Floette|spe|1\n|move|p2b: Delphox|Heat Wave|p1b: Garchomp|[spread] p1a,p1b\n|-resisted|p1b: Garchomp|1\n|-damage|p1a: Floette|0 fnt\n|-damage|p1b: Garchomp|17/100 psn\n|faint|p1a: Floette\n|move|p1b: Garchomp|Dragon Claw|p2a: Garchomp\n|-supereffective|p2a: Garchomp|1\n|-damage|p2a: Garchomp|0 fnt\n|-damage|p1b: Garchomp|5/100 psn|[from] ability: Rough Skin|[of] p2a: Garchomp\n|faint|p2a: Garchomp\n|\n|-damage|p1b: Garchomp|0 fnt|[from] psn\n|faint|p1b: Garchomp\n|upkeep\n|\n|t:|1776243855\n|switch|p1a: Basculegion|Basculegion, L50, M, shiny|49/100\n|switch|p2a: Maushold|Maushold-Four, L50|100/100\n|turn|5\n|\n|t:|1776243864\n|move|p2a: Maushold|Follow Me|p2a: Maushold\n|-singleturn|p2a: Maushold|move: Follow Me\n|move|p1a: Basculegion|Wave Crash|p2a: Maushold\n|-enditem|p2a: Maushold|Focus Sash\n|-damage|p2a: Maushold|1/100\n|-damage|p1a: Basculegion|19/100|[from] Recoil\n|move|p2b: Delphox|Psychic|p1a: Basculegion\n|-damage|p1a: Basculegion|0 fnt\n|faint|p1a: Basculegion\n|\n|win|labubujimenez\n|raw|Terypagos's rating: 1368 &rarr; <strong>1349</strong><br />(-19 for losing)\n|raw|labubujimenez's rating: 1385 &rarr; <strong>1404</strong><br />(+19 for winning)\n|l|\u2606Terypagos\n|player|p1|\n|l|\u2606labubujimenez\n|player|p2|\n|j|\u2606Terypagos\n|player|p1|Terypagos|turo-ai|\n",
  "uploadtime": 1776243893,
  "views": 35,
  "formatid": "gen9championsvgc2026regma",
  "rating": 1349,
  "private": 0,
  "password": null
}