{
  "id": "gen9championsvgc2026regma-2585073859",
  "format": "[Gen 9 Champions] VGC 2026 Reg M-A",
  "players": [
    "iruekashi",
    "montendoz"
  ],
  "log": "|j|\u2606iruekashi\n|j|\u2606montendoz\n|t:|1776309048\n|gametype|doubles\n|player|p1|iruekashi|266|1133\n|player|p2|montendoz|2|1219\n|gen|9\n|tier|[Gen 9 Champions] VGC 2026 Reg M-A\n|rated|\n|rule|Species Clause: Limit one of each Pok\u00e9mon\n|rule|Item Clause: Limit 1 of each item\n|clearpoke\n|poke|p1|Chimecho, L50, M|\n|poke|p1|Dragonite, L50, F|\n|poke|p1|Pelipper, L50, F|\n|poke|p1|Sinistcha, L50|\n|poke|p1|Tyranitar, L50, M|\n|poke|p1|Incineroar, L50, F|\n|poke|p2|Gengar, L50, F|\n|poke|p2|Morpeko, L50, M|\n|poke|p2|Politoed, L50, M|\n|poke|p2|Incineroar, L50, F|\n|poke|p2|Basculegion, L50, M|\n|poke|p2|Kingambit, L50, F|\n|teampreview|4\n|inactive|Battle timer is ON: inactive players will automatically lose when time's up. (requested by montendoz)\n|inactive|iruekashi has 60 seconds left.\n|\n|t:|1776309107\n|teamsize|p1|4\n|teamsize|p2|4\n|start\n|switch|p1a: Chimecho|Chimecho, L50, M|100/100\n|switch|p1b: Sinistcha|Sinistcha, L50|100/100\n|switch|p2a: Gengar|Gengar, L50, F|100/100\n|switch|p2b: Incineroar|Incineroar, L50, F|100/100\n|-ability|p2b: Incineroar|Intimidate|boost\n|-unboost|p1a: Chimecho|atk|1\n|-unboost|p1b: Sinistcha|atk|1\n|turn|1\n|inactive|montendoz has 30 seconds left.\n|inactive|montendoz has 20 seconds left.\n|\n|t:|1776309143\n|switch|p1a: Incineroar|Incineroar, L50, F|100/100\n|-ability|p1a: Incineroar|Intimidate|boost\n|-unboost|p2a: Gengar|atk|1\n|-unboost|p2b: Incineroar|atk|1\n|detailschange|p2a: Gengar|Gengar-Mega, L50, F\n|-mega|p2a: Gengar|Gengar|Gengarite\n|move|p2b: Incineroar|Fake Out|p1a: Incineroar\n|-damage|p1a: Incineroar|93/100\n|move|p2a: Gengar|Perish Song|p2a: Gengar\n|-start|p1a: Incineroar|perish3|[silent]\n|-start|p1b: Sinistcha|perish3|[silent]\n|-start|p2a: Gengar|perish3|[silent]\n|-start|p2b: Incineroar|perish3|[silent]\n|-fieldactivate|move: Perish Song\n|move|p1b: Sinistcha|Trick Room|p1b: Sinistcha\n|-fieldstart|move: Trick Room|[of] p1b: Sinistcha\n|\n|-heal|p1a: Incineroar|99/100|[from] item: Leftovers\n|-start|p1a: Incineroar|perish3\n|-start|p1b: Sinistcha|perish3\n|-start|p2b: Incineroar|perish3\n|-start|p2a: Gengar|perish3\n|upkeep\n|turn|2\n|inactive|iruekashi has 30 seconds left.\n|\n|t:|1776309175\n|switch|p1b: Chimecho|Chimecho, L50, M|100/100\n|move|p2b: Incineroar|Protect|p2b: Incineroar\n|-singleturn|p2b: Incineroar|Protect\n|move|p2a: Gengar|Protect|p2a: Gengar\n|-singleturn|p2a: Gengar|Protect\n|move|p1a: Incineroar|Throat Chop|p2a: Gengar\n|-activate|p2a: Gengar|move: Protect\n|\n|-heal|p1a: Incineroar|100/100|[from] item: Leftovers\n|-start|p1a: Incineroar|perish2\n|-start|p2b: Incineroar|perish2\n|-start|p2a: Gengar|perish2\n|upkeep\n|turn|3\n|\n|t:|1776309197\n|switch|p2b: Morpeko|Morpeko, L50, M|100/100\n|switch|p2a: Politoed|Politoed, L50, M|100/100\n|-weather|RainDance|[from] ability: Drizzle|[of] p2a: Politoed\n|move|p1b: Chimecho|Protect|p1b: Chimecho\n|-singleturn|p1b: Chimecho|Protect\n|move|p1a: Incineroar|Parting Shot|p2a: Politoed\n|-unboost|p2a: Politoed|atk|1\n|-unboost|p2a: Politoed|spa|1\n|\n|t:|1776309210\n|switch|p1a: Tyranitar|Tyranitar, L50, M|100/100|[from] Parting Shot\n|-weather|Sandstorm|[from] ability: Sand Stream|[of] p1a: Tyranitar\n|\n|-weather|Sandstorm|[upkeep]\n|-damage|p1b: Chimecho|94/100|[from] Sandstorm\n|-damage|p2a: Politoed|94/100|[from] Sandstorm\n|-damage|p2b: Morpeko|94/100|[from] Sandstorm\n|-formechange|p2b: Morpeko|Morpeko-Hangry|\n|upkeep\n|turn|4\n|inactive|montendoz has 30 seconds left.\n|inactive|montendoz has 20 seconds left.\n|inactive|montendoz has 15 seconds left.\n|inactive|montendoz has 10 seconds left.\n|\n|t:|1776309256\n|detailschange|p1b: Chimecho|Chimecho-Mega, L50, M\n|-mega|p1b: Chimecho|Chimecho|Chimechite\n|move|p2b: Morpeko|Fake Out|p1a: Tyranitar\n|-resisted|p1a: Tyranitar|1\n|-damage|p1a: Tyranitar|97/100\n|cant|p1a: Tyranitar|flinch\n|move|p1b: Chimecho|Psychic|p2a: Politoed\n|-damage|p2a: Politoed|60/100\n|-unboost|p2a: Politoed|spd|1\n|move|p2a: Politoed|Perish Song|p2a: Politoed\n|-start|p1a: Tyranitar|perish3|[silent]\n|-start|p1b: Chimecho|perish3|[silent]\n|-start|p2a: Politoed|perish3|[silent]\n|-start|p2b: Morpeko|perish3|[silent]\n|-fieldactivate|move: Perish Song\n|\n|-weather|Sandstorm|[upkeep]\n|-damage|p2a: Politoed|54/100|[from] Sandstorm\n|-damage|p2b: Morpeko|88/100|[from] Sandstorm\n|-start|p1a: Tyranitar|perish3\n|-start|p1b: Chimecho|perish3\n|-start|p2a: Politoed|perish3\n|-start|p2b: Morpeko|perish3\n|-formechange|p2b: Morpeko|Morpeko|\n|upkeep\n|turn|5\n|inactive|iruekashi has 30 seconds left.\n|inactive|montendoz has 30 seconds left.\n|inactive|montendoz has 20 seconds left.\n|\n|t:|1776309292\n|switch|p1a: Sinistcha|Sinistcha, L50|100/100\n|-heal|p1b: Chimecho|100/100|[from] ability: Hospitality|[of] p1a: Sinistcha\n|switch|p1b: Incineroar|Incineroar, L50, F|100/100\n|-ability|p1b: Incineroar|Intimidate|boost\n|-unboost|p2a: Politoed|atk|1\n|-unboost|p2b: Morpeko|atk|1\n|switch|p2a: Incineroar|Incineroar, L50, F|100/100\n|-ability|p2a: Incineroar|Intimidate|boost\n|-unboost|p1a: Sinistcha|atk|1\n|-unboost|p1b: Incineroar|atk|1\n|switch|p2b: Gengar|Gengar-Mega, L50, F|100/100\n|\n|-weather|Sandstorm|[upkeep]\n|-damage|p1b: Incineroar|95/100|[from] Sandstorm\n|-damage|p2a: Incineroar|95/100|[from] Sandstorm\n|-damage|p1a: Sinistcha|94/100|[from] Sandstorm\n|-damage|p2b: Gengar|95/100|[from] Sandstorm\n|-heal|p1b: Incineroar|100/100|[from] item: Leftovers\n|-fieldend|move: Trick Room\n|upkeep\n|turn|6\n|inactive|iruekashi has 30 seconds left.\n|\n|t:|1776309319\n|move|p2a: Incineroar|Fake Out|p1b: Incineroar\n|-damage|p1b: Incineroar|90/100\n|move|p2b: Gengar|Shadow Ball|p1a: Sinistcha\n|-supereffective|p1a: Sinistcha|1\n|-damage|p1a: Sinistcha|3/100\n|-enditem|p1a: Sinistcha|Sitrus Berry|[eat]\n|-heal|p1a: Sinistcha|28/100|[from] item: Sitrus Berry\n|cant|p1b: Incineroar|flinch\n|move|p1a: Sinistcha|Trick Room|p1a: Sinistcha\n|-fieldstart|move: Trick Room|[of] p1a: Sinistcha\n|\n|-weather|Sandstorm|[upkeep]\n|-damage|p1b: Incineroar|85/100|[from] Sandstorm\n|-damage|p1a: Sinistcha|22/100|[from] Sandstorm\n|-damage|p2a: Incineroar|89/100|[from] Sandstorm\n|-damage|p2b: Gengar|89/100|[from] Sandstorm\n|-heal|p1b: Incineroar|90/100|[from] item: Leftovers\n|upkeep\n|turn|7\n|\n|t:|1776309336\n|switch|p1a: Tyranitar|Tyranitar, L50, M|97/100\n|move|p2b: Gengar|Protect|p2b: Gengar\n|-singleturn|p2b: Gengar|Protect\n|move|p1b: Incineroar|Throat Chop|p2b: Gengar\n|-activate|p2b: Gengar|move: Protect\n|move|p2a: Incineroar|Throat Chop|p1a: Tyranitar\n|-resisted|p1a: Tyranitar|1\n|-damage|p1a: Tyranitar|86/100\n|-start|p1a: Tyranitar|Throat Chop|[silent]\n|\n|-weather|none\n|-heal|p1b: Incineroar|96/100|[from] item: Leftovers\n|upkeep\n|turn|8\n|\n|t:|1776309360\n|switch|p2a: Politoed|Politoed, L50, M|54/100\n|-weather|RainDance|[from] ability: Drizzle|[of] p2a: Politoed\n|switch|p2b: Morpeko|Morpeko, L50, M|88/100\n|move|p1b: Incineroar|Throat Chop|p2b: Morpeko\n|-resisted|p2b: Morpeko|1\n|-damage|p2b: Morpeko|65/100\n|-start|p2b: Morpeko|Throat Chop|[silent]\n|move|p1a: Tyranitar|Rock Slide|p2a: Politoed|[spread] p2a,p2b\n|-damage|p2a: Politoed|19/100\n|-damage|p2b: Morpeko|14/100\n|-enditem|p2a: Politoed|Sitrus Berry|[eat]\n|-heal|p2a: Politoed|44/100|[from] item: Sitrus Berry\n|\n|-weather|RainDance|[upkeep]\n|-heal|p1b: Incineroar|100/100|[from] item: Leftovers\n|-end|p1a: Tyranitar|Throat Chop|[silent]\n|-formechange|p2b: Morpeko|Morpeko-Hangry|\n|upkeep\n|turn|9\n|inactive|iruekashi has 30 seconds left.\n|inactive|montendoz has 30 seconds left.\n|\n|t:|1776309387\n|switch|p2b: Incineroar|Incineroar, L50, F|89/100\n|-ability|p2b: Incineroar|Intimidate|boost\n|-unboost|p1a: Tyranitar|atk|1\n|-unboost|p1b: Incineroar|atk|1\n|move|p2a: Politoed|Protect|p2a: Politoed\n|-singleturn|p2a: Politoed|Protect\n|move|p1b: Incineroar|Parting Shot|p2a: Politoed\n|-activate|p2a: Politoed|move: Protect\n|move|p1a: Tyranitar|Rock Slide|p2a: Politoed|[spread] \n|-activate|p2a: Politoed|move: Protect\n|-miss|p1a: Tyranitar|p2b: Incineroar\n|\n|-weather|RainDance|[upkeep]\n|upkeep\n|turn|10\n|\n|t:|1776309408\n|switch|p1b: Sinistcha|Sinistcha, L50|22/100\n|-heal|p1a: Tyranitar|100/100|[from] ability: Hospitality|[of] p1b: Sinistcha\n|move|p2b: Incineroar|Fake Out|p1a: Tyranitar\n|-resisted|p1a: Tyranitar|1\n|-damage|p1a: Tyranitar|96/100\n|cant|p1a: Tyranitar|flinch\n|move|p2a: Politoed|Weather Ball|p1b: Sinistcha\n|-resisted|p1b: Sinistcha|1\n|-damage|p1b: Sinistcha|0 fnt\n|faint|p1b: Sinistcha\n|\n|-weather|RainDance|[upkeep]\n|-fieldend|move: Trick Room\n|upkeep\n|\n|t:|1776309424\n|switch|p1b: Incineroar|Incineroar, L50, F|100/100\n|-ability|p1b: Incineroar|Intimidate|boost\n|-unboost|p2a: Politoed|atk|1\n|-unboost|p2b: Incineroar|atk|1\n|turn|11\n|inactive|iruekashi has 30 seconds left.\n|\n|t:|1776309451\n|move|p2a: Politoed|Protect|p2a: Politoed\n|-singleturn|p2a: Politoed|Protect\n|move|p2b: Incineroar|Protect|p2b: Incineroar\n|-singleturn|p2b: Incineroar|Protect\n|move|p1b: Incineroar|Fake Out|p2a: Politoed\n|-activate|p2a: Politoed|move: Protect\n|move|p1a: Tyranitar|Rock Slide|p2a: Politoed|[spread] \n|-activate|p2a: Politoed|move: Protect\n|-activate|p2b: Incineroar|move: Protect\n|\n|-weather|RainDance|[upkeep]\n|upkeep\n|turn|12\n|inactive|montendoz has 30 seconds left.\n|\n|t:|1776309480\n|move|p2a: Politoed|Weather Ball|p1a: Tyranitar\n|-supereffective|p1a: Tyranitar|1\n|-damage|p1a: Tyranitar|13/100\n|move|p2b: Incineroar|Parting Shot|p1a: Tyranitar\n|-unboost|p1a: Tyranitar|atk|1\n|-unboost|p1a: Tyranitar|spa|1\n|\n|t:|1776309498\n|switch|p2b: Gengar|Gengar-Mega, L50, F|89/100|[from] Parting Shot\n|move|p1a: Tyranitar|Rock Slide|p2b: Gengar|[spread] p2a,p2b\n|-damage|p2a: Politoed|27/100\n|-damage|p2b: Gengar|69/100\n|move|p1b: Incineroar|Parting Shot|p2a: Politoed\n|-unboost|p2a: Politoed|atk|1\n|-unboost|p2a: Politoed|spa|1\n|\n|t:|1776309508\n|switch|p1b: Chimecho|Chimecho-Mega, L50, M|100/100|[from] Parting Shot\n|\n|-weather|none\n|upkeep\n|turn|13\n|\n|t:|1776309525\n|switch|p2a: Incineroar|Incineroar, L50, F|89/100\n|-ability|p2a: Incineroar|Intimidate|boost\n|-unboost|p1a: Tyranitar|atk|1\n|-unboost|p1b: Chimecho|atk|1\n|move|p2b: Gengar|Shadow Ball|p1b: Chimecho\n|-supereffective|p1b: Chimecho|1\n|-damage|p1b: Chimecho|28/100\n|move|p1a: Tyranitar|Earthquake|p2b: Gengar|[spread] p2a,p2b\n|-immune|p1b: Chimecho|[from] ability: Levitate\n|-supereffective|p2a: Incineroar|1\n|-supereffective|p2b: Gengar|1\n|-damage|p2a: Incineroar|71/100\n|-damage|p2b: Gengar|40/100\n|move|p1b: Chimecho|Trick Room|p1b: Chimecho\n|-fieldstart|move: Trick Room|[of] p1b: Chimecho\n|\n|upkeep\n|turn|14\n|inactive|montendoz has 30 seconds left.\n|inactive|iruekashi has 30 seconds left.\n|inactive|iruekashi has 20 seconds left.\n|\n|t:|1776309567\n|move|p2b: Gengar|Protect|p2b: Gengar\n|-singleturn|p2b: Gengar|Protect\n|move|p1a: Tyranitar|Rock Slide|p2b: Gengar|[spread] p2a\n|-activate|p2b: Gengar|move: Protect\n|-supereffective|p2a: Incineroar|1\n|-damage|p2a: Incineroar|53/100\n|move|p1b: Chimecho|Psychic|p2b: Gengar\n|-activate|p2b: Gengar|move: Protect\n|move|p2a: Incineroar|Throat Chop|p1b: Chimecho\n|-supereffective|p1b: Chimecho|1\n|-damage|p1b: Chimecho|0 fnt\n|faint|p1b: Chimecho\n|\n|upkeep\n|\n|t:|1776309570\n|switch|p1b: Incineroar|Incineroar, L50, F|100/100\n|-ability|p1b: Incineroar|Intimidate|boost\n|-unboost|p2a: Incineroar|atk|1\n|-unboost|p2b: Gengar|atk|1\n|turn|15\n|inactive|montendoz has 30 seconds left.\n|\n|t:|1776309603\n|switch|p2b: Morpeko|Morpeko, L50, M|14/100\n|move|p2a: Incineroar|Protect|p2a: Incineroar\n|-singleturn|p2a: Incineroar|Protect\n|move|p1b: Incineroar|Throat Chop|p2b: Morpeko\n|-resisted|p2b: Morpeko|1\n|-damage|p2b: Morpeko|0 fnt\n|faint|p2b: Morpeko\n|move|p1a: Tyranitar|Low Kick|p2a: Incineroar\n|-activate|p2a: Incineroar|move: Protect\n|\n|upkeep\n|\n|t:|1776309619\n|switch|p2b: Politoed|Politoed, L50, M|27/100\n|-weather|RainDance|[from] ability: Drizzle|[of] p2b: Politoed\n|turn|16\n|l|\u2606iruekashi\n|inactive|iruekashi disconnected and has a minute to reconnect!\n|player|p1|\n|inactive|montendoz has 30 seconds left.\n|inactive|montendoz has 20 seconds left.\n|inactive|iruekashi has 30 seconds left.\n|j|\u2606iruekashi\n|inactive|iruekashi reconnected and has 25 seconds left.\n|player|p1|iruekashi|266|\n|inactive|iruekashi has 20 seconds left.\n|inactive|iruekashi has 15 seconds left.\n|\n|t:|1776309661\n|move|p2b: Politoed|Protect|p2b: Politoed\n|-singleturn|p2b: Politoed|Protect\n|move|p1b: Incineroar|Throat Chop|p2b: Politoed\n|-activate|p2b: Politoed|move: Protect\n|move|p1a: Tyranitar|Low Kick|p2a: Incineroar\n|-supereffective|p2a: Incineroar|1\n|-damage|p2a: Incineroar|34/100\n|move|p2a: Incineroar|Throat Chop|p1a: Tyranitar\n|-resisted|p1a: Tyranitar|1\n|-damage|p1a: Tyranitar|5/100\n|-start|p1a: Tyranitar|Throat Chop|[silent]\n|\n|-weather|RainDance|[upkeep]\n|upkeep\n|turn|17\n|inactive|montendoz has 20 seconds left this turn.\n|inactive|montendoz has 15 seconds left.\n|inactive|montendoz has 10 seconds left.\n|inactive|montendoz has 5 seconds left.\n|\n|t:|1776309680\n|move|p2a: Incineroar|Protect|p2a: Incineroar\n|-singleturn|p2a: Incineroar|Protect\n|move|p1b: Incineroar|Throat Chop|p2b: Politoed\n|-damage|p2b: Politoed|0 fnt\n|faint|p2b: Politoed\n|move|p1a: Tyranitar|Rock Slide|p2a: Incineroar\n|-activate|p2a: Incineroar|move: Protect\n|\n|-weather|RainDance|[upkeep]\n|-end|p1a: Tyranitar|Throat Chop|[silent]\n|-fieldend|move: Trick Room\n|upkeep\n|inactive|montendoz has 5 seconds left this turn.\n|-message|montendoz lost due to inactivity.\n|\n|win|iruekashi\n|raw|iruekashi's rating: 1133 &rarr; <strong>1164</strong><br />(+31 for winning)\n|raw|montendoz's rating: 1219 &rarr; <strong>1188</strong><br />(-31 for losing)\n|l|\u2606montendoz\n|player|p2|\n|l|\u2606iruekashi\n|player|p1|\n|j|\u2606iruekashi\n|player|p1|iruekashi|266|\n",
  "uploadtime": 1776309732,
  "views": 30,
  "formatid": "gen9championsvgc2026regma",
  "rating": 1164,
  "private": 0,
  "password": null
}