{
  "id": "gen9championsvgc2026regma-2586064205",
  "format": "[Gen 9 Champions] VGC 2026 Reg M-A",
  "players": [
    "jinxed_lll",
    "Saachan46"
  ],
  "log": "|j|\u2606jinxed_lll\n|j|\u2606Saachan46\n|t:|1776395189\n|gametype|doubles\n|player|p1|jinxed_lll|lady-gen4|1158\n|player|p2|Saachan46|170|1247\n|gen|9\n|tier|[Gen 9 Champions] VGC 2026 Reg M-A\n|rated|\n|rule|Species Clause: Limit one of each Pok\u00e9mon\n|rule|Item Clause: Limit 1 of each item\n|clearpoke\n|poke|p1|Excadrill, L50, F|\n|poke|p1|Tyranitar, L50, F|\n|poke|p1|Sinistcha-Masterpiece, L50|\n|poke|p1|Primarina, L50, M|\n|poke|p1|Incineroar, L50, M|\n|poke|p1|Corviknight, L50, F|\n|poke|p2|Floette-Eternal, L50, F|\n|poke|p2|Aegislash, L50, M|\n|poke|p2|Incineroar, L50, M|\n|poke|p2|Sneasler, L50, M|\n|poke|p2|Rotom-Wash, L50|\n|poke|p2|Greninja-*, L50, M|\n|teampreview|4\n|inactive|Battle timer is ON: inactive players will automatically lose when time's up. (requested by jinxed_lll)\n|\n|t:|1776395263\n|teamsize|p1|4\n|teamsize|p2|4\n|start\n|switch|p1a: Simon|Excadrill, L50, F|100/100\n|switch|p1b: Shuzack|Corviknight, L50, F, shiny|100/100\n|switch|p2a: Rotom|Rotom-Wash, L50|100/100\n|switch|p2b: Incineroar|Incineroar, L50, M|100/100\n|-ability|p2b: Incineroar|Intimidate|boost\n|-unboost|p1a: Simon|atk|1\n|-ability|p1b: Shuzack|Mirror Armor\n|-unboost|p2b: Incineroar|atk|1\n|turn|1\n|\n|t:|1776395281\n|move|p2b: Incineroar|Helping Hand|p2a: Rotom\n|-singleturn|p2a: Rotom|Helping Hand|[of] p2b: Incineroar\n|move|p1a: Simon|Protect|p1a: Simon\n|-singleturn|p1a: Simon|Protect\n|move|p2a: Rotom|Thunderbolt|p1b: Shuzack\n|-supereffective|p1b: Shuzack|1\n|-damage|p1b: Shuzack|0 fnt\n|faint|p1b: Shuzack\n|\n|upkeep\n|\n|t:|1776395292\n|switch|p1b: Kamina|Tyranitar, L50, F, shiny|100/100\n|-weather|Sandstorm|[from] ability: Sand Stream|[of] p1b: Kamina\n|turn|2\n|\n|t:|1776395306\n|switch|p1a: Matcha|Sinistcha-Masterpiece, L50|100/100\n|switch|p2a: Sneasler|Sneasler, L50, M|100/100\n|detailschange|p1b: Kamina|Tyranitar-Mega, L50, F, shiny\n|-mega|p1b: Kamina|Tyranitar|Tyranitarite\n|move|p1b: Kamina|Rock Slide|p2a: Sneasler|[spread] p2a,p2b\n|-resisted|p2a: Sneasler|1\n|-supereffective|p2b: Incineroar|1\n|-damage|p2a: Sneasler|69/100\n|-damage|p2b: Incineroar|52/100\n|move|p2b: Incineroar|Parting Shot|p1b: Kamina\n|-unboost|p1b: Kamina|atk|1\n|-unboost|p1b: Kamina|spa|1\n|\n|t:|1776395319\n|switch|p2b: Greninja|Greninja, L50, M|100/100|[from] Parting Shot\n|\n|-weather|Sandstorm|[upkeep]\n|-damage|p2a: Sneasler|63/100|[from] Sandstorm\n|-damage|p2b: Greninja|95/100|[from] Sandstorm\n|-damage|p1a: Matcha|94/100|[from] Sandstorm\n|upkeep\n|turn|3\n|\n|t:|1776395329\n|detailschange|p2b: Greninja|Greninja-Mega, L50, M\n|-mega|p2b: Greninja|Greninja|Greninjite\n|move|p1b: Kamina|Protect|p1b: Kamina\n|-singleturn|p1b: Kamina|Protect\n|move|p2a: Sneasler|Fake Out|p1b: Kamina\n|-activate|p1b: Kamina|move: Protect\n|move|p2b: Greninja|Dark Pulse|p1a: Matcha\n|-start|p2b: Greninja|typechange|Dark|[from] ability: Protean\n|-supereffective|p1a: Matcha|1\n|-damage|p1a: Matcha|0 fnt\n|faint|p1a: Matcha\n|\n|-weather|Sandstorm|[upkeep]\n|-damage|p2b: Greninja|89/100|[from] Sandstorm\n|-damage|p2a: Sneasler|57/100|[from] Sandstorm\n|upkeep\n|\n|t:|1776395340\n|switch|p1a: Simon|Excadrill, L50, F|100/100\n|turn|4\n|\n|t:|1776395352\n|switch|p2b: Rotom|Rotom-Wash, L50|100/100\n|move|p2a: Sneasler|Protect|p2a: Sneasler\n|-singleturn|p2a: Sneasler|Protect\n|move|p1a: Simon|Iron Head|p2b: Rotom\n|-resisted|p2b: Rotom|2\n|-damage|p2b: Rotom|87/100\n|move|p1b: Kamina|Rock Slide|p2b: Rotom|[spread] p2b\n|-activate|p2a: Sneasler|move: Protect\n|-damage|p2b: Rotom|58/100\n|\n|-weather|Sandstorm|[upkeep]\n|-damage|p2b: Rotom|52/100|[from] Sandstorm\n|-damage|p2a: Sneasler|51/100|[from] Sandstorm\n|upkeep\n|turn|5\n|\n|t:|1776395373\n|switch|p2a: Incineroar|Incineroar, L50, M|52/100\n|-ability|p2a: Incineroar|Intimidate|boost\n|-unboost|p1a: Simon|atk|1\n|-unboost|p1b: Kamina|atk|1\n|move|p1b: Kamina|Protect|p1b: Kamina\n|-singleturn|p1b: Kamina|Protect\n|move|p1a: Simon|Earthquake|p2a: Incineroar|[spread] p2a\n|-activate|p1b: Kamina|move: Protect\n|-immune|p2b: Rotom|[from] ability: Levitate\n|-supereffective|p2a: Incineroar|1\n|-damage|p2a: Incineroar|10/100\n|-enditem|p2a: Incineroar|Sitrus Berry|[eat]\n|-heal|p2a: Incineroar|35/100|[from] item: Sitrus Berry\n|move|p2b: Rotom|Volt Switch|p1b: Kamina\n|-activate|p1b: Kamina|move: Protect\n|\n|-weather|Sandstorm|[upkeep]\n|-damage|p2b: Rotom|46/100|[from] Sandstorm\n|-damage|p2a: Incineroar|29/100|[from] Sandstorm\n|upkeep\n|turn|6\n|inactive|Saachan46 has 30 seconds left.\n|\n|t:|1776395401\n|move|p2a: Incineroar|Fake Out|p1a: Simon\n|-resisted|p1a: Simon|1\n|-damage|p1a: Simon|92/100\n|cant|p1a: Simon|flinch\n|move|p2b: Rotom|Volt Switch|p1b: Kamina\n|-damage|p1b: Kamina|86/100\n|\n|t:|1776395408\n|switch|p2b: Sneasler|Sneasler, L50, M|51/100|[from] Volt Switch\n|move|p1b: Kamina|Crunch|p2b: Sneasler\n|-resisted|p2b: Sneasler|1\n|-damage|p2b: Sneasler|30/100\n|\n|-weather|none\n|upkeep\n|turn|7\n|\n|t:|1776395420\n|switch|p2a: Rotom|Rotom-Wash, L50|46/100\n|move|p1b: Kamina|Protect|p1b: Kamina\n|-singleturn|p1b: Kamina|Protect\n|move|p2b: Sneasler|Close Combat|p1b: Kamina\n|-activate|p1b: Kamina|move: Protect\n|move|p1a: Simon|Earthquake|p2b: Sneasler|[spread] p2b\n|-activate|p1b: Kamina|move: Protect\n|-immune|p2a: Rotom|[from] ability: Levitate\n|-supereffective|p2b: Sneasler|1\n|-damage|p2b: Sneasler|0 fnt\n|faint|p2b: Sneasler\n|\n|upkeep\n|\n|t:|1776395425\n|switch|p2b: Incineroar|Incineroar, L50, M|29/100\n|-ability|p2b: Incineroar|Intimidate|boost\n|-unboost|p1a: Simon|atk|1\n|-unboost|p1b: Kamina|atk|1\n|turn|8\n|\n|t:|1776395446\n|move|p1a: Simon|Protect|p1a: Simon\n|-singleturn|p1a: Simon|Protect\n|move|p2b: Incineroar|Fake Out|p1b: Kamina\n|-resisted|p1b: Kamina|1\n|-damage|p1b: Kamina|83/100\n|move|p2a: Rotom|Hydro Pump|p1a: Simon\n|-activate|p1a: Simon|move: Protect\n|cant|p1b: Kamina|flinch\n|\n|upkeep\n|turn|9\n|\n|t:|1776395464\n|move|p2a: Rotom|Hydro Pump|p1a: Simon\n|-supereffective|p1a: Simon|1\n|-damage|p1a: Simon|0 fnt\n|faint|p1a: Simon\n|move|p1b: Kamina|Rock Slide|p2a: Rotom|[spread] p2b\n|-miss|p1b: Kamina|p2a: Rotom\n|-supereffective|p2b: Incineroar|1\n|-damage|p2b: Incineroar|8/100\n|move|p2b: Incineroar|Parting Shot|p1b: Kamina\n|-unboost|p1b: Kamina|atk|1\n|-unboost|p1b: Kamina|spa|1\n|\n|t:|1776395472\n|switch|p2b: Greninja|Greninja-Mega, L50, M|89/100|[from] Parting Shot\n|\n|upkeep\n|turn|10\n|\n|t:|1776395481\n|move|p1b: Kamina|Protect|p1b: Kamina\n|-singleturn|p1b: Kamina|Protect\n|move|p2b: Greninja|Water Shuriken|p1b: Kamina\n|-start|p2b: Greninja|typechange|Water|[from] ability: Protean\n|-activate|p1b: Kamina|move: Protect\n|move|p2a: Rotom|Hydro Pump|p1b: Kamina\n|-activate|p1b: Kamina|move: Protect\n|\n|upkeep\n|turn|11\n|\n|t:|1776395490\n|move|p2b: Greninja|Water Shuriken|p1b: Kamina\n|-supereffective|p1b: Kamina|1\n|-crit|p1b: Kamina\n|-damage|p1b: Kamina|61/100\n|-supereffective|p1b: Kamina|1\n|-damage|p1b: Kamina|49/100\n|-supereffective|p1b: Kamina|1\n|-damage|p1b: Kamina|34/100\n|-supereffective|p1b: Kamina|1\n|-damage|p1b: Kamina|22/100\n|-supereffective|p1b: Kamina|1\n|-damage|p1b: Kamina|7/100\n|-hitcount|p1b: Kamina|5\n|move|p2a: Rotom|Hydro Pump|p1b: Kamina|[miss]\n|-miss|p2a: Rotom|p1b: Kamina\n|move|p1b: Kamina|Crunch|p2a: Rotom\n|-damage|p2a: Rotom|26/100\n|\n|upkeep\n|turn|12\n|-message|jinxed_lll forfeited.\n|\n|win|Saachan46\n|raw|jinxed_lll's rating: 1158 &rarr; <strong>1139</strong><br />(-19 for losing)\n|raw|Saachan46's rating: 1247 &rarr; <strong>1266</strong><br />(+19 for winning)\n",
  "uploadtime": 1776395500,
  "views": 21,
  "formatid": "gen9championsvgc2026regma",
  "rating": 1139,
  "private": 0,
  "password": null
}