{
  "id": "gen9championsvgc2026regma-2581715028",
  "format": "[Gen 9 Champions] VGC 2026 Reg M-A",
  "players": [
    "ChillDafuq0ut",
    "powerthepower"
  ],
  "log": "|j|\u2606ChillDafuq0ut\n|j|\u2606powerthepower\n|t:|1776022857\n|gametype|doubles\n|player|p1|ChillDafuq0ut|266|1058\n|player|p2|powerthepower|2|1028\n|gen|9\n|tier|[Gen 9 Champions] VGC 2026 Reg M-A\n|rated|\n|rule|Species Clause: Limit one of each Pok\u00e9mon\n|rule|Item Clause: Limit 1 of each item\n|clearpoke\n|poke|p1|Kingambit, L50, M|\n|poke|p1|Golurk, L50|\n|poke|p1|Liepard, L50, M|\n|poke|p1|Reuniclus, L50, F|\n|poke|p1|Serperior, L50, M|\n|poke|p1|Volcarona, L50, M|\n|poke|p2|Aegislash, L50, M|\n|poke|p2|Ninetales-Alola, L50, M|\n|poke|p2|Gyarados, L50, F|\n|poke|p2|Incineroar, L50, M|\n|poke|p2|Talonflame, L50, M|\n|poke|p2|Garchomp, L50, F|\n|teampreview|4\npowerthepower has agreed to open team sheets.\n|\n|t:|1776022904\n|teamsize|p1|4\n|teamsize|p2|4\n|start\n|switch|p1a: Reuniclus|Reuniclus, L50, F|100/100\n|switch|p1b: Golurk|Golurk, L50|100/100\n|switch|p2a: Ninetales|Ninetales-Alola, L50, M|100/100\n|switch|p2b: Gyarados|Gyarados, L50, F, shiny|100/100\n|-weather|Snowscape|[from] ability: Snow Warning|[of] p2a: Ninetales\n|-ability|p2b: Gyarados|Intimidate|boost\n|-unboost|p1a: Reuniclus|atk|1\n|-unboost|p1b: Golurk|atk|1\n|turn|1\n|\n|t:|1776022931\n|switch|p1b: Kingambit|Kingambit, L50, M|100/100\n|detailschange|p2b: Gyarados|Gyarados-Mega, L50, F, shiny\n|-mega|p2b: Gyarados|Gyarados|Gyaradosite\n|-ability|p2b: Gyarados|Mold Breaker\n|move|p2a: Ninetales|Blizzard|p1a: Reuniclus|[spread] p1a,p1b\n|-resisted|p1b: Kingambit|1\n|-damage|p1a: Reuniclus|74/100\n|-damage|p1b: Kingambit|86/100\n|move|p2b: Gyarados|Crunch|p1a: Reuniclus\n|-supereffective|p1a: Reuniclus|1\n|-damage|p1a: Reuniclus|0 fnt\n|faint|p1a: Reuniclus\n|\n|-weather|Snowscape|[upkeep]\n|upkeep\n|\n|t:|1776022944\n|switch|p1a: Liepard|Liepard, L50, M|100/100\n|turn|2\n|\n|t:|1776022957\n|move|p1a: Liepard|Fake Out|p2b: Gyarados\n|-damage|p2b: Gyarados|89/100\n|move|p2a: Ninetales|Aurora Veil|p2a: Ninetales\n|-sidestart|p2: powerthepower|move: Aurora Veil\n|cant|p2b: Gyarados|flinch\n|move|p1b: Kingambit|Iron Head|p2a: Ninetales\n|-supereffective|p2a: Ninetales|2\n|-enditem|p2a: Ninetales|Focus Sash\n|-damage|p2a: Ninetales|1/100\n|\n|-weather|Snowscape|[upkeep]\n|upkeep\n|turn|3\n|\n|t:|1776022979\n|move|p1a: Liepard|Thunder Wave|p2b: Gyarados\n|-hint|Since gen 7, Dark is immune to Prankster moves.\n|-immune|p2b: Gyarados\n|move|p2a: Ninetales|Encore|p1a: Liepard\n|-start|p1a: Liepard|Encore\n|-enditem|p1a: Liepard|Mental Herb\n|-end|p1a: Liepard|Encore\n|move|p2b: Gyarados|Dragon Dance|p2b: Gyarados\n|-boost|p2b: Gyarados|atk|1\n|-boost|p2b: Gyarados|spe|1\n|move|p1b: Kingambit|Iron Head|p2a: Ninetales\n|-supereffective|p2a: Ninetales|2\n|-damage|p2a: Ninetales|0 fnt\n|faint|p2a: Ninetales\n|\n|-weather|Snowscape|[upkeep]\n|upkeep\n|\n|t:|1776022992\n|switch|p2a: Aegislash|Aegislash, L50, M|100/100\n|turn|4\n|\n|t:|1776023009\n|move|p2b: Gyarados|Waterfall|p1b: Kingambit\n|-damage|p1b: Kingambit|29/100\n|move|p1a: Liepard|Knock Off|p2a: Aegislash\n|-supereffective|p2a: Aegislash|1\n|-damage|p2a: Aegislash|38/100\n|-enditem|p2a: Aegislash|Leftovers|[from] move: Knock Off|[of] p1a: Liepard\n|-formechange|p2a: Aegislash|Aegislash-Blade|\n|move|p2a: Aegislash|Shadow Ball|p1b: Kingambit\n|-resisted|p1b: Kingambit|1\n|-damage|p1b: Kingambit|3/100\n|move|p1b: Kingambit|Iron Head|p2b: Gyarados\n|-resisted|p2b: Gyarados|1\n|-damage|p2b: Gyarados|74/100\n|\n|-weather|Snowscape|[upkeep]\n|upkeep\n|turn|5\n|\n|t:|1776023032\n|-formechange|p2a: Aegislash|Aegislash|\n|move|p2a: Aegislash|King's Shield|p2a: Aegislash\n|-singleturn|p2a: Aegislash|Protect\n|move|p1b: Kingambit|Protect|p1b: Kingambit\n|-singleturn|p1b: Kingambit|Protect\n|move|p1a: Liepard|Taunt|p2a: Aegislash\n|-start|p2a: Aegislash|move: Taunt\n|move|p2b: Gyarados|Waterfall|p1b: Kingambit\n|-activate|p1b: Kingambit|move: Protect\n|\n|-weather|none\n|upkeep\n|turn|6\n|\n|t:|1776023053\n|move|p1b: Kingambit|Sucker Punch|p2a: Aegislash\n|-supereffective|p2a: Aegislash|1\n|-damage|p2a: Aegislash|0 fnt\n|faint|p2a: Aegislash\n|move|p2b: Gyarados|Waterfall|p1b: Kingambit\n|-damage|p1b: Kingambit|0 fnt\n|faint|p1b: Kingambit\n|move|p1a: Liepard|Knock Off|p2b: Gyarados\n|-resisted|p2b: Gyarados|1\n|-damage|p2b: Gyarados|64/100\n|\n|-sideend|p2: powerthepower|move: Aurora Veil\n|upkeep\n|\n|t:|1776023063\n|switch|p2a: Incineroar|Incineroar, L50, M, shiny|100/100\n|switch|p1b: Golurk|Golurk, L50|100/100\n|-ability|p2a: Incineroar|Intimidate|boost\n|-unboost|p1a: Liepard|atk|1\n|-unboost|p1b: Golurk|atk|1\n|turn|7\n|-message|ChillDafuq0ut forfeited.\n|\n|win|powerthepower\n|raw|ChillDafuq0ut's rating: 1058 &rarr; <strong>1038</strong><br />(-20 for losing)\n|raw|powerthepower's rating: 1028 &rarr; <strong>1067</strong><br />(+39 for winning)\n|l|\u2606ChillDafuq0ut\n|player|p1|\n",
  "uploadtime": 1776023071,
  "views": 12,
  "formatid": "gen9championsvgc2026regma",
  "rating": 1038,
  "private": 0,
  "password": null
}