{
  "id": "gen9championsvgc2026regma-2584382254",
  "format": "[Gen 9 Champions] VGC 2026 Reg M-A",
  "players": [
    "nat4heal",
    "smp on whimsicott"
  ],
  "log": "|j|\u2606nat4heal\n|j|\u2606smp on whimsicott\n|t:|1776256657\n|gametype|doubles\n|player|p1|nat4heal|ghetsis|1296\n|player|p2|smp on whimsicott|artist-gen4|1351\n|gen|9\n|tier|[Gen 9 Champions] VGC 2026 Reg M-A\n|rated|\n|rule|Species Clause: Limit one of each Pok\u00e9mon\n|rule|Item Clause: Limit 1 of each item\n|clearpoke\n|poke|p1|Gengar, L50, M|\n|poke|p1|Azumarill, L50, F|\n|poke|p1|Incineroar, L50, F|\n|poke|p1|Slowking, L50, F|\n|poke|p1|Sinistcha-Masterpiece, L50|\n|poke|p1|Maushold-Four, L50|\n|poke|p2|Arcanine, L50, F|\n|poke|p2|Venusaur, L50, F|\n|poke|p2|Sneasler, L50, M|\n|poke|p2|Rotom-Wash, L50|\n|poke|p2|Garchomp, L50, M|\n|poke|p2|Corviknight, L50, M|\n|teampreview|4\n|\n|t:|1776256715\n|teamsize|p1|4\n|teamsize|p2|4\n|start\n|switch|p1a: Maushold|Maushold-Four, L50|100/100\n|switch|p1b: Gengar|Gengar, L50, M, shiny|100/100\n|switch|p2a: Garchomp|Garchomp, L50, M|100/100\n|switch|p2b: Corviknight|Corviknight, L50, M|100/100\n|turn|1\n|\n|t:|1776256739\n|switch|p1a: Incineroar|Incineroar, L50, F|100/100\n|-ability|p1a: Incineroar|Intimidate|boost\n|-unboost|p2a: Garchomp|atk|1\n|-ability|p2b: Corviknight|Mirror Armor\n|-unboost|p1a: Incineroar|atk|1\n|-enditem|p2a: Garchomp|White Herb\n|-clearnegativeboost|p2a: Garchomp|[silent]\n|detailschange|p1b: Gengar|Gengar-Mega, L50, M, shiny\n|-mega|p1b: Gengar|Gengar|Gengarite\n|move|p1b: Gengar|Protect|p1b: Gengar\n|-singleturn|p1b: Gengar|Protect\n|move|p2a: Garchomp|Earthquake|p1a: Incineroar|[spread] p1a\n|-activate|p1b: Gengar|move: Protect\n|-immune|p2b: Corviknight\n|-supereffective|p1a: Incineroar|1\n|-enditem|p1a: Incineroar|Shuca Berry|[eat]\n|-enditem|p1a: Incineroar|Shuca Berry|[weaken]\n|-damage|p1a: Incineroar|66/100\n|move|p2b: Corviknight|Tailwind|p2b: Corviknight\n|-sidestart|p2: smp on whimsicott|move: Tailwind\n|\n|upkeep\n|turn|2\n|\n|t:|1776256771\n|move|p1a: Incineroar|Fake Out|p2a: Garchomp\n|-damage|p2a: Garchomp|94/100\n|-damage|p1a: Incineroar|54/100|[from] ability: Rough Skin|[of] p2a: Garchomp\n|cant|p2a: Garchomp|flinch\n|move|p1b: Gengar|Perish Song|p1b: Gengar\n|-start|p1a: Incineroar|perish3|[silent]\n|-start|p1b: Gengar|perish3|[silent]\n|-start|p2a: Garchomp|perish3|[silent]\n|-start|p2b: Corviknight|perish3|[silent]\n|-fieldactivate|move: Perish Song\n|move|p2b: Corviknight|Brave Bird|p1b: Gengar\n|-damage|p1b: Gengar|47/100\n|-damage|p2b: Corviknight|85/100|[from] Recoil\n|\n|-heal|p2b: Corviknight|91/100|[from] item: Leftovers\n|-start|p2a: Garchomp|perish3\n|-start|p1b: Gengar|perish3\n|-start|p2b: Corviknight|perish3\n|-start|p1a: Incineroar|perish3\n|upkeep\n|turn|3\n|\n|t:|1776256791\n|switch|p1a: Slowking|Slowking, L50, F|100/100\n|move|p1b: Gengar|Protect|p1b: Gengar\n|-singleturn|p1b: Gengar|Protect\n|move|p2a: Garchomp|Earthquake|p1b: Gengar|[spread] p1a\n|-activate|p1b: Gengar|move: Protect\n|-immune|p2b: Corviknight\n|-crit|p1a: Slowking\n|-damage|p1a: Slowking|46/100\n|move|p2b: Corviknight|Brave Bird|p1a: Slowking\n|-damage|p1a: Slowking|1/100\n|-damage|p2b: Corviknight|75/100|[from] Recoil\n|\n|-heal|p2b: Corviknight|82/100|[from] item: Leftovers\n|-start|p2a: Garchomp|perish2\n|-start|p1b: Gengar|perish2\n|-start|p2b: Corviknight|perish2\n|upkeep\n|turn|4\n|\n|t:|1776256822\n|switch|p1b: Incineroar|Incineroar, L50, F|54/100\n|-ability|p1b: Incineroar|Intimidate|boost\n|-unboost|p2a: Garchomp|atk|1\n|-ability|p2b: Corviknight|Mirror Armor\n|-unboost|p1b: Incineroar|atk|1\n|move|p2a: Garchomp|Earthquake|p1b: Incineroar|[spread] p1a,p1b\n|-immune|p2b: Corviknight\n|-supereffective|p1b: Incineroar|1\n|-damage|p1a: Slowking|0 fnt\n|-damage|p1b: Incineroar|7/100\n|faint|p1a: Slowking\n|move|p2b: Corviknight|Brave Bird|p1b: Incineroar\n|-damage|p1b: Incineroar|0 fnt\n|faint|p1b: Incineroar\n|-damage|p2b: Corviknight|80/100|[from] Recoil\n|\n|-heal|p2b: Corviknight|86/100|[from] item: Leftovers\n|-start|p2a: Garchomp|perish1\n|-start|p2b: Corviknight|perish1\n|-sideend|p2: smp on whimsicott|move: Tailwind\n|upkeep\n|\n|t:|1776256829\n|switch|p1b: Gengar|Gengar-Mega, L50, M, shiny|47/100\n|switch|p1a: Maushold|Maushold-Four, L50|100/100\n|turn|5\n|\n|t:|1776256842\n|move|p1b: Gengar|Protect|p1b: Gengar\n|-singleturn|p1b: Gengar|Protect\n|move|p1a: Maushold|Taunt|p2b: Corviknight\n|-start|p2b: Corviknight|move: Taunt\n|move|p2a: Garchomp|Earthquake|p1a: Maushold|[spread] p1a\n|-activate|p1b: Gengar|move: Protect\n|-immune|p2b: Corviknight\n|-damage|p1a: Maushold|70/100\n|cant|p2b: Corviknight|move: Taunt|Tailwind\n|\n|-heal|p2b: Corviknight|92/100|[from] item: Leftovers\n|-start|p2a: Garchomp|perish0\n|-start|p2b: Corviknight|perish0\n|faint|p2a: Garchomp\n|faint|p2b: Corviknight\n|upkeep\n|\n|t:|1776256847\n|switch|p2a: Sneasler|Sneasler, L50, M|100/100\n|switch|p2b: Venusaur|Venusaur, L50, F|100/100\n|turn|6\n|\n|t:|1776256864\n|detailschange|p2b: Venusaur|Venusaur-Mega, L50, F\n|-mega|p2b: Venusaur|Venusaur|Venusaurite\n|move|p1a: Maushold|Protect|p1a: Maushold\n|-singleturn|p1a: Maushold|Protect\n|move|p2a: Sneasler|Fake Out|p1a: Maushold\n|-activate|p1a: Maushold|move: Protect\n|move|p1b: Gengar|Shadow Ball|p2a: Sneasler\n|-damage|p2a: Sneasler|44/100\n|-unboost|p2a: Sneasler|spd|1\n|move|p2b: Venusaur|Earth Power|p1b: Gengar\n|-supereffective|p1b: Gengar|1\n|-damage|p1b: Gengar|0 fnt\n|faint|p1b: Gengar\n|\n|upkeep\n|turn|7\n|-message|nat4heal forfeited.\n|\n|win|smp on whimsicott\n|raw|nat4heal's rating: 1296 &rarr; <strong>1275</strong><br />(-21 for losing)\n|raw|smp on whimsicott's rating: 1351 &rarr; <strong>1368</strong><br />(+17 for winning)\n|l|\u2606nat4heal\n|player|p1|\n",
  "uploadtime": 1776256880,
  "views": 32,
  "formatid": "gen9championsvgc2026regma",
  "rating": 1275,
  "private": 0,
  "password": null
}