{
  "id": "gen9championsvgc2026regma-2586620627",
  "format": "[Gen 9 Champions] VGC 2026 Reg M-A",
  "players": [
    "computer! stop!",
    "mastronarde"
  ],
  "log": "|j|\u2606computer! stop!\n|j|\u2606mastronarde\n|t:|1776447405\n|gametype|doubles\n|player|p1|computer! stop!|toddsnap|1295\n|player|p2|mastronarde|266|1394\n|gen|9\n|tier|[Gen 9 Champions] VGC 2026 Reg M-A\n|rated|\n|rule|Species Clause: Limit one of each Pok\u00e9mon\n|rule|Item Clause: Limit 1 of each item\n|clearpoke\n|poke|p1|Archaludon, L50, F|\n|poke|p1|Floette-Eternal, L50, F|\n|poke|p1|Blastoise, L50, F|\n|poke|p1|Meowscarada, L50, F|\n|poke|p1|Farigiraf, L50, F|\n|poke|p1|Pelipper, L50, F|\n|poke|p2|Charizard, L50, F|\n|poke|p2|Mimikyu, L50, M|\n|poke|p2|Milotic, L50, M|\n|poke|p2|Incineroar, L50, F|\n|poke|p2|Sinistcha, L50|\n|poke|p2|Aerodactyl, L50, M|\n|teampreview|4\ncomputer! stop! rejected open team sheets.\n|inactive|Battle timer is ON: inactive players will automatically lose when time's up. (requested by mastronarde)\n|\n|t:|1776447453\n|teamsize|p1|4\n|teamsize|p2|4\n|start\n|switch|p1a: Meowscarada|Meowscarada, L50, F, shiny|100/100\n|switch|p1b: Farigiraf|Farigiraf, L50, F, shiny|100/100\n|switch|p2a: Mimikyu|Mimikyu, L50, M|100/100\n|switch|p2b: Milotic|Milotic, L50, M|100/100\n|turn|1\n|\n|t:|1776447464\n|move|p1b: Farigiraf|Helping Hand|p1a: Meowscarada\n|-singleturn|p1a: Meowscarada|Helping Hand|[of] p1b: Farigiraf\n|move|p2b: Milotic|Protect|p2b: Milotic\n|-singleturn|p2b: Milotic|Protect\n|move|p1a: Meowscarada|Triple Axel|p2a: Mimikyu|[miss]\n|-start|p1a: Meowscarada|typechange|Ice|[from] ability: Protean\n|-miss|p1a: Meowscarada|p2a: Mimikyu\n|move|p2a: Mimikyu|Swords Dance|p2a: Mimikyu\n|-boost|p2a: Mimikyu|atk|2\n|\n|upkeep\n|turn|2\n|\n|t:|1776447486\n|switch|p2b: Sinistcha|Sinistcha, L50|100/100\n|move|p1b: Farigiraf|Helping Hand|p1a: Meowscarada\n|-singleturn|p1a: Meowscarada|Helping Hand|[of] p1b: Farigiraf\n|move|p2a: Mimikyu|Protect|p2a: Mimikyu\n|-singleturn|p2a: Mimikyu|Protect\n|move|p1a: Meowscarada|Triple Axel|p2a: Mimikyu\n|-activate|p2a: Mimikyu|move: Protect\n|\n|upkeep\n|turn|3\n|\n|t:|1776447509\n|move|p1b: Farigiraf|Helping Hand|p1a: Meowscarada\n|-singleturn|p1a: Meowscarada|Helping Hand|[of] p1b: Farigiraf\n|move|p2b: Sinistcha|Rage Powder|p2b: Sinistcha\n|-singleturn|p2b: Sinistcha|move: Rage Powder\n|move|p1a: Meowscarada|Triple Axel|p2b: Sinistcha\n|-supereffective|p2b: Sinistcha|1\n|-damage|p2b: Sinistcha|72/100\n|-hitcount|p2b: Sinistcha|1\n|move|p2a: Mimikyu|Play Rough|p1a: Meowscarada\n|-damage|p1a: Meowscarada|0 fnt\n|faint|p1a: Meowscarada\n|\n|upkeep\n|\n|t:|1776447526\n|switch|p1a: Blastoise|Blastoise, L50, F|100/100\n|turn|4\n|\n|t:|1776447543\n|switch|p1a: Pelipper|Pelipper, L50, F|100/100\n|-weather|RainDance|[from] ability: Drizzle|[of] p1a: Pelipper\n|move|p2b: Sinistcha|Protect|p2b: Sinistcha\n|-singleturn|p2b: Sinistcha|Protect\n|move|p2a: Mimikyu|Play Rough|p1a: Pelipper|[miss]\n|-miss|p2a: Mimikyu|p1a: Pelipper\n|move|p1b: Farigiraf|Trick Room|p1b: Farigiraf\n|-fieldstart|move: Trick Room|[of] p1b: Farigiraf\n|\n|-weather|RainDance|[upkeep]\n|upkeep\n|turn|5\n|inactive|mastronarde has 30 seconds left.\n|\n|t:|1776447569\n|switch|p2b: Milotic|Milotic, L50, M|100/100\n|move|p1b: Farigiraf|Twin Beam|p2a: Mimikyu\n|-activate|p2a: Mimikyu|ability: Disguise\n|-damage|p2a: Mimikyu|100/100\n|detailschange|p2a: Mimikyu|Mimikyu-Busted, L50, M\n|-damage|p2a: Mimikyu|88/100|[from] pokemon: Mimikyu-Busted\n|-crit|p2a: Mimikyu\n|-damage|p2a: Mimikyu|57/100\n|-hitcount|p2a: Mimikyu|2\n|move|p1a: Pelipper|Hurricane|p2b: Milotic\n|-damage|p2b: Milotic|66/100\n|move|p2a: Mimikyu|Play Rough|p1b: Farigiraf\n|-damage|p1b: Farigiraf|43/100\n|\n|-weather|RainDance|[upkeep]\n|-heal|p2b: Milotic|72/100|[from] item: Leftovers\n|upkeep\n|turn|6\n|inactive|computer! stop! has 30 seconds left.\n|inactive|computer! stop! has 20 seconds left.\n|\n|t:|1776447605\n|move|p1b: Farigiraf|Helping Hand|p1a: Pelipper\n|-singleturn|p1a: Pelipper|Helping Hand|[of] p1b: Farigiraf\n|move|p2a: Mimikyu|Protect|p2a: Mimikyu\n|-singleturn|p2a: Mimikyu|Protect\n|move|p2b: Milotic|Life Dew|p2b: Milotic|[spread] p2a,p2b\n|-heal|p2a: Mimikyu|83/100\n|-heal|p2b: Milotic|98/100\n|move|p1a: Pelipper|Weather Ball|p2a: Mimikyu\n|-activate|p2a: Mimikyu|move: Protect\n|\n|-weather|RainDance|[upkeep]\n|-heal|p2b: Milotic|100/100|[from] item: Leftovers\n|upkeep\n|turn|7\n|inactive|mastronarde has 30 seconds left.\n|\n|t:|1776447636\n|switch|p1b: Blastoise|Blastoise, L50, F|100/100\n|switch|p2a: Sinistcha|Sinistcha, L50|72/100\n|move|p2b: Milotic|Scald|p1b: Blastoise\n|-resisted|p1b: Blastoise|1\n|-damage|p1b: Blastoise|76/100\n|move|p1a: Pelipper|Hurricane|p2b: Milotic\n|-damage|p2b: Milotic|64/100\n|-start|p2b: Milotic|confusion\n|\n|-weather|RainDance|[upkeep]\n|-heal|p2b: Milotic|70/100|[from] item: Leftovers\n|upkeep\n|turn|8\n|\n|t:|1776447657\n|detailschange|p1b: Blastoise|Blastoise-Mega, L50, F\n|-mega|p1b: Blastoise|Blastoise|Blastoisinite\n|move|p2a: Sinistcha|Protect|p2a: Sinistcha\n|-singleturn|p2a: Sinistcha|Protect\n|-activate|p2b: Milotic|confusion\n|move|p2b: Milotic|Protect|p2b: Milotic\n|-singleturn|p2b: Milotic|Protect\n|move|p1b: Blastoise|Dark Pulse|p2a: Sinistcha\n|-activate|p2a: Sinistcha|move: Protect\n|move|p1a: Pelipper|Tailwind|p1a: Pelipper\n|-sidestart|p1: computer! stop!|move: Tailwind\n|\n|-weather|none\n|-heal|p2b: Milotic|76/100|[from] item: Leftovers\n|-fieldend|move: Trick Room\n|upkeep\n|turn|9\n|inactive|mastronarde has 30 seconds left.\n|\n|t:|1776447688\n|switch|p1a: Farigiraf|Farigiraf, L50, F, shiny|43/100\n|switch|p2a: Mimikyu|Mimikyu-Busted, L50, M|83/100\n|move|p1b: Blastoise|Dark Pulse|p2a: Mimikyu\n|-damage|p2a: Mimikyu|19/100\n|-end|p2b: Milotic|confusion\n|move|p2b: Milotic|Life Dew|p2b: Milotic|[spread] p2a,p2b\n|-heal|p2a: Mimikyu|44/100\n|-heal|p2b: Milotic|100/100\n|\n|upkeep\n|turn|10\n|\n|t:|1776447712\n|move|p1a: Farigiraf|Helping Hand|p1b: Blastoise\n|-singleturn|p1b: Blastoise|Helping Hand|[of] p1a: Farigiraf\n|move|p2a: Mimikyu|Protect|p2a: Mimikyu\n|-singleturn|p2a: Mimikyu|Protect\n|move|p1b: Blastoise|Dark Pulse|p2b: Milotic\n|-damage|p2b: Milotic|50/100\n|move|p2b: Milotic|Life Dew|p2b: Milotic|[spread] p2a,p2b\n|-heal|p2a: Mimikyu|70/100\n|-heal|p2b: Milotic|76/100\n|\n|-heal|p2b: Milotic|82/100|[from] item: Leftovers\n|upkeep\n|turn|11\n|inactive|computer! stop! has 30 seconds left.\n|inactive|mastronarde has 30 seconds left.\n|inactive|mastronarde has 20 seconds left.\n|\n|t:|1776447753\n|move|p1b: Blastoise|Dark Pulse|p2a: Mimikyu\n|-crit|p2a: Mimikyu\n|-damage|p2a: Mimikyu|0 fnt\n|faint|p2a: Mimikyu\n|move|p2b: Milotic|Scald|p1a: Farigiraf\n|-damage|p1a: Farigiraf|16/100\n|move|p1a: Farigiraf|Trick Room|p1a: Farigiraf\n|-fieldstart|move: Trick Room|[of] p1a: Farigiraf\n|\n|-heal|p2b: Milotic|88/100|[from] item: Leftovers\n|-sideend|p1: computer! stop!|move: Tailwind\n|upkeep\n|\n|t:|1776447760\n|switch|p2a: Sinistcha|Sinistcha, L50|72/100\n|-heal|p2b: Milotic|100/100|[from] ability: Hospitality|[of] p2a: Sinistcha\n|turn|12\n|inactive|computer! stop! has 30 seconds left.\n|\n|t:|1776447792\n|move|p1a: Farigiraf|Helping Hand|p1b: Blastoise\n|-singleturn|p1b: Blastoise|Helping Hand|[of] p1a: Farigiraf\n|move|p2a: Sinistcha|Protect|p2a: Sinistcha\n|-singleturn|p2a: Sinistcha|Protect\n|move|p1b: Blastoise|Dark Pulse|p2b: Milotic\n|-damage|p2b: Milotic|48/100\n|move|p2b: Milotic|Ice Beam|p1a: Farigiraf\n|-damage|p1a: Farigiraf|0 fnt\n|faint|p1a: Farigiraf\n|\n|-heal|p2b: Milotic|53/100|[from] item: Leftovers\n|upkeep\n|\n|t:|1776447801\n|switch|p1a: Pelipper|Pelipper, L50, F|100/100\n|-weather|RainDance|[from] ability: Drizzle|[of] p1a: Pelipper\n|turn|13\n|\n|t:|1776447810\n|move|p2b: Milotic|Protect|p2b: Milotic\n|-singleturn|p2b: Milotic|Protect\n|move|p1b: Blastoise|Dark Pulse|p2a: Sinistcha\n|-supereffective|p2a: Sinistcha|1\n|-damage|p2a: Sinistcha|0 fnt\n|faint|p2a: Sinistcha\n|move|p1a: Pelipper|Hurricane|p2b: Milotic\n|-activate|p2b: Milotic|move: Protect\n|\n|-weather|RainDance|[upkeep]\n|-heal|p2b: Milotic|59/100|[from] item: Leftovers\n|upkeep\n|\n|t:|1776447813\n|switch|p2a: Charizard|Charizard, L50, F|100/100\n|turn|14\n|inactive|computer! stop! has 30 seconds left.\n|\n|t:|1776447843\n|detailschange|p2a: Charizard|Charizard-Mega-X, L50, F\n|-mega|p2a: Charizard|Charizard|Charizardite X\n|move|p1b: Blastoise|Dark Pulse|p2a: Charizard\n|-damage|p2a: Charizard|48/100\n|move|p2b: Milotic|Life Dew|p2b: Milotic|[spread] p2a,p2b\n|-heal|p2a: Charizard|73/100\n|-heal|p2b: Milotic|85/100\n|move|p1a: Pelipper|Hurricane|p2a: Charizard\n|-damage|p2a: Charizard|20/100\n|-start|p2a: Charizard|confusion\n|-activate|p2a: Charizard|confusion\n|-damage|p2a: Charizard|6/100|[from] confusion\n|\n|-weather|RainDance|[upkeep]\n|-heal|p2b: Milotic|91/100|[from] item: Leftovers\n|upkeep\n|turn|15\n|inactive|computer! stop! has 30 seconds left.\n|\n|t:|1776447877\n|move|p1b: Blastoise|Dark Pulse|p2b: Milotic\n|-damage|p2b: Milotic|56/100\n|move|p2b: Milotic|Life Dew|p2b: Milotic|[spread] p2a,p2b\n|-heal|p2a: Charizard|31/100\n|-heal|p2b: Milotic|82/100\n|move|p1a: Pelipper|Tailwind|p1a: Pelipper\n|-sidestart|p1: computer! stop!|move: Tailwind\n|-activate|p2a: Charizard|confusion\n|move|p2a: Charizard|Dragon Claw|p1b: Blastoise\n|-crit|p1b: Blastoise\n|-damage|p1b: Blastoise|6/100\n|\n|-weather|RainDance|[upkeep]\n|-heal|p2b: Milotic|88/100|[from] item: Leftovers\n|-fieldend|move: Trick Room\n|upkeep\n|turn|16\n|inactive|computer! stop! has 30 seconds left.\n|inactive|mastronarde has 30 seconds left.\n|\n|t:|1776447905\n|-end|p2a: Charizard|confusion\n|move|p2a: Charizard|Protect|p2a: Charizard\n|-singleturn|p2a: Charizard|Protect\n|move|p1a: Pelipper|Hurricane|p2b: Milotic\n|-damage|p2b: Milotic|51/100\n|-start|p2b: Milotic|confusion\n|move|p1b: Blastoise|Dark Pulse|p2b: Milotic\n|-damage|p2b: Milotic|16/100\n|cant|p2b: Milotic|flinch\n|\n|-weather|RainDance|[upkeep]\n|-heal|p2b: Milotic|22/100|[from] item: Leftovers\n|upkeep\n|turn|17\n|inactive|mastronarde has 30 seconds left.\n|\n|t:|1776447932\n|move|p1a: Pelipper|Hurricane|p2b: Milotic\n|-damage|p2b: Milotic|0 fnt\n|faint|p2b: Milotic\n|move|p1b: Blastoise|Dark Pulse|p2a: Charizard\n|-damage|p2a: Charizard|0 fnt\n|faint|p2a: Charizard\n|\n|win|computer! stop!\n|raw|computer! stop!'s rating: 1295 &rarr; <strong>1327</strong><br />(+32 for winning)\n|raw|mastronarde's rating: 1394 &rarr; <strong>1368</strong><br />(-26 for losing)\n|l|\u2606mastronarde\n|player|p2|\n",
  "uploadtime": 1776447936,
  "views": 58,
  "formatid": "gen9championsvgc2026regma",
  "rating": 1327,
  "private": 0,
  "password": null
}