{
  "id": "gen9championsvgc2026regma-2588358746",
  "format": "[Gen 9 Champions] VGC 2026 Reg M-A",
  "players": [
    "Chef204",
    "Zecketh"
  ],
  "log": "|j|\u2606Chef204\n|j|\u2606Zecketh\n|t:|1776626948\n|gametype|doubles\n|player|p1|Chef204|cynthia-gen4|1208\n|player|p2|Zecketh|clair|1217\n|gen|9\n|tier|[Gen 9 Champions] VGC 2026 Reg M-A\n|rated|\n|rule|Species Clause: Limit one of each Pok\u00e9mon\n|rule|Item Clause: Limit 1 of each item\n|clearpoke\n|poke|p1|Milotic, L50, F|\n|poke|p1|Whimsicott, L50, F|\n|poke|p1|Garchomp, L50, M|\n|poke|p1|Glimmora, L50, F, shiny|\n|poke|p1|Tyranitar, L50, M|\n|poke|p1|Meganium, L50, M|\n|poke|p2|Spiritomb, L50, M|\n|poke|p2|Crabominable, L50, M|\n|poke|p2|Torkoal, L50, F|\n|poke|p2|Kingambit, L50, M|\n|poke|p2|Milotic, L50, F|\n|poke|p2|Aerodactyl, L50, F|\n|teampreview|4\n|inactive|Battle timer is ON: inactive players will automatically lose when time's up. (requested by Chef204)\n|inactive|Chef204 has 60 seconds left.\n|\n|t:|1776626999\n|teamsize|p1|4\n|teamsize|p2|4\n|start\n|switch|p1a: Milotic|Milotic, L50, F|100/100\n|switch|p1b: Whimsicott|Whimsicott, L50, F|100/100\n|switch|p2a: Spiritomb|Spiritomb, L50, M|100/100\n|switch|p2b: Aerodactyl|Aerodactyl, L50, F|100/100\n|-ability|p2b: Aerodactyl|Unnerve\n|turn|1\n|\n|t:|1776627008\n|move|p2b: Aerodactyl|Dual Wingbeat|p1b: Whimsicott\n|-supereffective|p1b: Whimsicott|1\n|-damage|p1b: Whimsicott|57/100\n|-supereffective|p1b: Whimsicott|1\n|-damage|p1b: Whimsicott|11/100\n|-hitcount|p1b: Whimsicott|2\n|move|p1b: Whimsicott|Dazzling Gleam|p2b: Aerodactyl|[spread] p2a,p2b\n|-supereffective|p2a: Spiritomb|1\n|-enditem|p2a: Spiritomb|Roseli Berry|[eat]\n|-enditem|p2a: Spiritomb|Roseli Berry|[weaken]\n|-damage|p2a: Spiritomb|86/100\n|-damage|p2b: Aerodactyl|75/100\n|move|p1a: Milotic|Muddy Water|p2a: Spiritomb|[spread] p2a,p2b\n|-supereffective|p2b: Aerodactyl|1\n|-damage|p2a: Spiritomb|64/100\n|-damage|p2b: Aerodactyl|0 fnt\n|-unboost|p2a: Spiritomb|accuracy|1\n|faint|p2b: Aerodactyl\n|move|p2a: Spiritomb|Trick Room|p2a: Spiritomb\n|-fieldstart|move: Trick Room|[of] p2a: Spiritomb\n|\n|upkeep\n|\n|t:|1776627031\n|switch|p2b: Crabominable|Crabominable, L50, M|100/100\n|turn|2\n|\n|t:|1776627053\n|switch|p1b: Glimmora|Glimmora, L50, F, shiny|100/100\n|detailschange|p2b: Crabominable|Crabominable-Mega, L50, M\n|-mega|p2b: Crabominable|Crabominable|Crabominite\n|move|p2b: Crabominable|Drain Punch|p1a: Milotic\n|-damage|p1a: Milotic|47/100\n|move|p2a: Spiritomb|Foul Play|p1b: Glimmora|[miss]\n|-miss|p2a: Spiritomb|p1b: Glimmora\n|move|p1a: Milotic|Muddy Water|p2a: Spiritomb|[spread] p2a,p2b\n|-damage|p2a: Spiritomb|41/100\n|-damage|p2b: Crabominable|78/100\n|-unboost|p2a: Spiritomb|accuracy|1\n|\n|-heal|p1a: Milotic|53/100|[from] item: Leftovers\n|upkeep\n|turn|3\n|inactive|Chef204 has 30 seconds left.\n|inactive|Zecketh has 30 seconds left.\n|inactive|Zecketh has 20 seconds left.\n|inactive|Zecketh has 15 seconds left.\n|\n|t:|1776627096\n|switch|p2a: Milotic|Milotic, L50, F|100/100\n|move|p2b: Crabominable|Protect|p2b: Crabominable\n|-singleturn|p2b: Crabominable|Protect\n|move|p1b: Glimmora|Spiky Shield|p1b: Glimmora\n|-singleturn|p1b: Glimmora|move: Protect\n|move|p1a: Milotic|Recover|p1a: Milotic\n|-heal|p1a: Milotic|100/100\n|\n|upkeep\n|turn|4\n|\n|t:|1776627111\n|detailschange|p1b: Glimmora|Glimmora-Mega, L50, F, shiny\n|-mega|p1b: Glimmora|Glimmora|Glimmoranite\n|move|p2b: Crabominable|Ice Hammer|p1b: Glimmora\n|-damage|p1b: Glimmora|29/100\n|-unboost|p2b: Crabominable|spe|1\n|move|p2a: Milotic|Coil|p2a: Milotic\n|-boost|p2a: Milotic|atk|1\n|-boost|p2a: Milotic|def|1\n|-boost|p2a: Milotic|accuracy|1\n|move|p1a: Milotic|Muddy Water|p2b: Crabominable|[spread] p2a,p2b\n|-resisted|p2a: Milotic|1\n|-damage|p2a: Milotic|92/100\n|-damage|p2b: Crabominable|55/100\n|move|p1b: Glimmora|Power Gem|p2b: Crabominable\n|-damage|p2b: Crabominable|1/100\n|\n|-heal|p2a: Milotic|98/100|[from] item: Leftovers\n|upkeep\n|turn|5\n|inactive|Zecketh has 30 seconds left.\n|\n|t:|1776627141\n|move|p1b: Glimmora|Spiky Shield|p1b: Glimmora\n|-singleturn|p1b: Glimmora|move: Protect\n|move|p2b: Crabominable|Drain Punch|p1a: Milotic\n|-damage|p1a: Milotic|47/100\n|-heal|p2b: Crabominable|27/100|[from] drain|[of] p1a: Milotic\n|move|p2a: Milotic|Scald|p1b: Glimmora\n|-activate|p1b: Glimmora|move: Protect\n|move|p1a: Milotic|Muddy Water|p2b: Crabominable|[spread] p2a,p2b\n|-resisted|p2a: Milotic|1\n|-damage|p2a: Milotic|90/100\n|-damage|p2b: Crabominable|6/100\n|\n|-heal|p2a: Milotic|96/100|[from] item: Leftovers\n|-heal|p1a: Milotic|53/100|[from] item: Leftovers\n|-fieldend|move: Trick Room\n|upkeep\n|turn|6\n|inactive|Zecketh has 30 seconds left.\n|\n|t:|1776627174\n|move|p2b: Crabominable|Protect|p2b: Crabominable\n|-singleturn|p2b: Crabominable|Protect\n|move|p1b: Glimmora|Sludge Bomb|p2a: Milotic\n|-damage|p2a: Milotic|50/100\n|-status|p2a: Milotic|psn\n|move|p1a: Milotic|Muddy Water|p2b: Crabominable|[spread] p2a\n|-activate|p2b: Crabominable|move: Protect\n|-resisted|p2a: Milotic|1\n|-damage|p2a: Milotic|43/100 psn\n|move|p2a: Milotic|Hypnosis|p1a: Milotic\n|-status|p1a: Milotic|slp|[from] move: Hypnosis\n|\n|-heal|p1a: Milotic|59/100 slp|[from] item: Leftovers\n|-heal|p2a: Milotic|49/100 psn|[from] item: Leftovers\n|-damage|p2a: Milotic|36/100 psn|[from] psn\n|upkeep\n|turn|7\n|inactive|Zecketh has 30 seconds left.\n|\n|t:|1776627206\n|switch|p2b: Spiritomb|Spiritomb, L50, M|41/100\n|move|p1b: Glimmora|Sludge Bomb|p2a: Milotic\n|-damage|p2a: Milotic|0 fnt\n|faint|p2a: Milotic\n|cant|p1a: Milotic|slp\n|\n|-heal|p1a: Milotic|66/100 slp|[from] item: Leftovers\n|upkeep\n|\n|t:|1776627212\n|switch|p2a: Crabominable|Crabominable-Mega, L50, M|6/100\n|turn|8\n|\n|t:|1776627217\n|move|p2a: Crabominable|Mach Punch|p1b: Glimmora\n|-damage|p1b: Glimmora|2/100\n|move|p1b: Glimmora|Power Gem|p2b: Spiritomb\n|-damage|p2b: Spiritomb|0 fnt\n|faint|p2b: Spiritomb\n|cant|p1a: Milotic|slp\n|\n|-heal|p1a: Milotic|72/100 slp|[from] item: Leftovers\n|upkeep\n|turn|9\n|-message|Zecketh forfeited.\n|\n|win|Chef204\n|raw|Chef204's rating: 1208 &rarr; <strong>1234</strong><br />(+26 for winning)\n|raw|Zecketh's rating: 1217 &rarr; <strong>1191</strong><br />(-26 for losing)\n|l|\u2606Zecketh\n|player|p2|\n",
  "uploadtime": 1776627225,
  "views": 37,
  "formatid": "gen9championsvgc2026regma",
  "rating": 1191,
  "private": 0,
  "password": null
}