{
  "id": "gen9championsvgc2026regma-2584885391",
  "format": "[Gen 9 Champions] VGC 2026 Reg M-A",
  "players": [
    "alfonsoliver_",
    "juansimon383"
  ],
  "log": "|j|\u2606alfonsoliver_\n|j|\u2606juansimon383\n|t:|1776291499\n|gametype|doubles\n|player|p1|alfonsoliver_|102|1173\n|player|p2|juansimon383|swimmerf|1264\n|gen|9\n|tier|[Gen 9 Champions] VGC 2026 Reg M-A\n|rated|\n|rule|Species Clause: Limit one of each Pok\u00e9mon\n|rule|Item Clause: Limit 1 of each item\n|clearpoke\n|poke|p1|Garchomp, L50, M|\n|poke|p1|Rotom-Wash, L50|\n|poke|p1|Talonflame, L50, M|\n|poke|p1|Floette-Eternal, L50, F|\n|poke|p1|Incineroar, L50, M|\n|poke|p1|Aegislash, L50, F|\n|poke|p2|Glimmora, L50, M|\n|poke|p2|Rotom-Wash, L50|\n|poke|p2|Incineroar, L50, M|\n|poke|p2|Corviknight, L50, M|\n|poke|p2|Dragonite, L50, M|\n|poke|p2|Gallade, L50, M|\n|teampreview|4\n|inactive|Battle timer is ON: inactive players will automatically lose when time's up. (requested by alfonsoliver_)\n|inactive|alfonsoliver_ has 60 seconds left.\n|inactive|juansimon383 has 60 seconds left.\n|\n|t:|1776291562\n|teamsize|p1|4\n|teamsize|p2|4\n|start\n|switch|p1a: Talonflame|Talonflame, L50, M|100/100\n|switch|p1b: Garchomp|Garchomp, L50, M|100/100\n|switch|p2a: Dragonite|Dragonite, L50, M|100/100\n|switch|p2b: Rotom|Rotom-Wash, L50, shiny|100/100\n|turn|1\n|\n|t:|1776291575\n|move|p1a: Talonflame|Tailwind|p1a: Talonflame\n|-sidestart|p1: alfonsoliver_|move: Tailwind\n|move|p1b: Garchomp|Rock Slide|p2a: Dragonite|[spread] p2b\n|-miss|p1b: Garchomp|p2a: Dragonite\n|-damage|p2b: Rotom|79/100\n|move|p2a: Dragonite|Rock Tomb|p1a: Talonflame|[miss]\n|-miss|p2a: Dragonite|p1a: Talonflame\n|cant|p2b: Rotom|flinch\n|\n|upkeep\n|turn|2\n|c|\u2606juansimon383|YEAH\n|inactive|alfonsoliver_ has 30 seconds left.\n|\n|t:|1776291601\n|switch|p1a: Rotom|Rotom-Wash, L50|100/100\n|move|p1b: Garchomp|Rock Slide|p2b: Rotom|[spread] p2a,p2b\n|-supereffective|p2a: Dragonite|1\n|-damage|p2a: Dragonite|56/100\n|-damage|p2b: Rotom|57/100\n|move|p2a: Dragonite|Rock Tomb|p1a: Rotom\n|-damage|p1a: Rotom|81/100\n|-unboost|p1a: Rotom|spe|1\n|move|p2b: Rotom|Will-O-Wisp|p1b: Garchomp|[miss]\n|-miss|p2b: Rotom|p1b: Garchomp\n|\n|upkeep\n|turn|3\n|inactive|alfonsoliver_ has 30 seconds left.\n|inactive|juansimon383 has 30 seconds left.\n|\n|t:|1776291630\n|switch|p2a: Gallade|Gallade, L50, M, shiny|100/100\n|move|p1b: Garchomp|Dragon Claw|p2a: Gallade\n|-damage|p2a: Gallade|23/100\n|move|p1a: Rotom|Thunderbolt|p2b: Rotom\n|-damage|p2b: Rotom|15/100\n|move|p2b: Rotom|Volt Switch|p1a: Rotom\n|-damage|p1a: Rotom|48/100\n|-enditem|p1a: Rotom|Sitrus Berry|[eat]\n|-heal|p1a: Rotom|73/100|[from] item: Sitrus Berry\n|\n|t:|1776291643\n|switch|p2b: Dragonite|Dragonite, L50, M|56/100|[from] Volt Switch\n|\n|upkeep\n|turn|4\n|\n|t:|1776291658\n|move|p2a: Gallade|Protect|p2a: Gallade\n|-singleturn|p2a: Gallade|Protect\n|move|p1b: Garchomp|Rock Slide|p2a: Gallade|[spread] p2b\n|-activate|p2a: Gallade|move: Protect\n|-supereffective|p2b: Dragonite|1\n|-damage|p2b: Dragonite|12/100\n|move|p2b: Dragonite|Ice Spinner|p1b: Garchomp\n|-supereffective|p1b: Garchomp|2\n|-damage|p1b: Garchomp|9/100\n|-damage|p2b: Dragonite|0 fnt|[from] ability: Rough Skin|[of] p1b: Garchomp\n|faint|p2b: Dragonite\n|move|p1a: Rotom|Thunderbolt|p2a: Gallade\n|-activate|p2a: Gallade|move: Protect\n|\n|-sideend|p1: alfonsoliver_|move: Tailwind\n|upkeep\n|\n|t:|1776291677\n|switch|p2b: Glimmora|Glimmora, L50, M, shiny|100/100\n|turn|5\n|inactive|alfonsoliver_ has 30 seconds left.\n|\n|t:|1776291711\n|detailschange|p2b: Glimmora|Glimmora-Mega, L50, M, shiny\n|-mega|p2b: Glimmora|Glimmora|Glimmoranite\n|move|p2b: Glimmora|Power Gem|p1b: Garchomp\n|-resisted|p1b: Garchomp|1\n|-damage|p1b: Garchomp|0 fnt\n|faint|p1b: Garchomp\n|move|p2a: Gallade|Sacred Sword|p1a: Rotom\n|-damage|p1a: Rotom|0 fnt\n|faint|p1a: Rotom\n|\n|upkeep\n|\n|t:|1776291727\n|switch|p1b: Floette|Floette-Eternal, L50, F|100/100\n|switch|p1a: Talonflame|Talonflame, L50, M|100/100\n|turn|6\n|inactive|alfonsoliver_ has 30 seconds left.\n|inactive|alfonsoliver_ has 20 seconds left.\n|inactive|alfonsoliver_ has 15 seconds left.\n|\n|t:|1776291768\n|detailschange|p1b: Floette|Floette-Mega, L50, F\n|-mega|p1b: Floette|Floette|Floettite\n|-ability|p1b: Floette|Fairy Aura\n|move|p2a: Gallade|Protect|p2a: Gallade\n|-singleturn|p2a: Gallade|Protect\n|move|p1a: Talonflame|Tailwind|p1a: Talonflame\n|-sidestart|p1: alfonsoliver_|move: Tailwind\n|move|p1b: Floette|Dazzling Gleam|p2b: Glimmora|[spread] p2b\n|-activate|p2a: Gallade|move: Protect\n|-resisted|p2b: Glimmora|1\n|-damage|p2b: Glimmora|73/100\n|move|p2b: Glimmora|Sludge Bomb|p1b: Floette\n|-supereffective|p1b: Floette|1\n|-damage|p1b: Floette|7/100\n|\n|upkeep\n|turn|7\n|inactive|alfonsoliver_ has 30 seconds left.\n|inactive|juansimon383 has 30 seconds left.\n|\n|t:|1776291796\n|move|p1a: Talonflame|Acrobatics|p2b: Glimmora\n|-resisted|p2b: Glimmora|1\n|-damage|p2b: Glimmora|51/100\n|move|p1b: Floette|Dazzling Gleam|p2b: Glimmora|[spread] p2a,p2b\n|-supereffective|p2a: Gallade|1\n|-resisted|p2b: Glimmora|1\n|-damage|p2a: Gallade|0 fnt\n|-damage|p2b: Glimmora|24/100\n|faint|p2a: Gallade\n|move|p2b: Glimmora|Sludge Bomb|p1b: Floette\n|-supereffective|p1b: Floette|1\n|-damage|p1b: Floette|0 fnt\n|faint|p1b: Floette\n|\n|upkeep\n|\n|t:|1776291801\n|switch|p2a: Rotom|Rotom-Wash, L50, shiny|15/100\n|turn|8\n|\n|t:|1776291816\n|move|p1a: Talonflame|Acrobatics|p2a: Rotom\n|-resisted|p2a: Rotom|1\n|-damage|p2a: Rotom|0 fnt\n|faint|p2a: Rotom\n|move|p2b: Glimmora|Power Gem|p1a: Talonflame\n|-supereffective|p1a: Talonflame|2\n|-damage|p1a: Talonflame|0 fnt\n|faint|p1a: Talonflame\n|\n|win|juansimon383\n|raw|alfonsoliver_'s rating: 1173 &rarr; <strong>1156</strong><br />(-17 for losing)\n|raw|juansimon383's rating: 1289 &rarr; <strong>1306</strong><br />(+17 for winning)\n|l|\u2606alfonsoliver_\n|player|p1|\n",
  "uploadtime": 1776291828,
  "views": 28,
  "formatid": "gen9championsvgc2026regma",
  "rating": 1156,
  "private": 0,
  "password": null
}