{
  "id": "gen9championsvgc2026regma-2583768267",
  "format": "[Gen 9 Champions] VGC 2026 Reg M-A",
  "players": [
    "mrmalum",
    "deli(again)"
  ],
  "log": "|j|\u2606mrmalum\n|j|\u2606deli(again)\n|t:|1776196399\n|gametype|doubles\n|player|p1|mrmalum|101|1297\n|player|p2|deli(again)|102|1243\n|gen|9\n|tier|[Gen 9 Champions] VGC 2026 Reg M-A\n|rated|\n|rule|Species Clause: Limit one of each Pok\u00e9mon\n|rule|Item Clause: Limit 1 of each item\n|clearpoke\n|poke|p1|Snorlax, L50, M|\n|poke|p1|Hawlucha, L50, F|\n|poke|p1|Sinistcha, L50|\n|poke|p1|Incineroar, L50, M|\n|poke|p1|Basculegion, L50, M|\n|poke|p1|Froslass, L50, F|\n|poke|p2|Palafin, L50, M|\n|poke|p2|Incineroar, L50, M|\n|poke|p2|Sinistcha, L50|\n|poke|p2|Froslass, L50, F|\n|poke|p2|Sneasler, L50, M|\n|poke|p2|Kangaskhan, L50, F|\n|teampreview|4\n|inactive|Battle timer is ON: inactive players will automatically lose when time's up. (requested by mrmalum)\nmrmalum rejected open team sheets.\n|inactive|deli(again) has 60 seconds left.\n|\n|t:|1776196436\n|teamsize|p1|4\n|teamsize|p2|4\n|start\n|switch|p1a: Incineroar|Incineroar, L50, M|100/100\n|switch|p1b: Basculegion|Basculegion, L50, M|100/100\n|switch|p2a: Sneasler|Sneasler, L50, M|100/100\n|switch|p2b: Palafin|Palafin, L50, M|100/100\n|-ability|p1a: Incineroar|Intimidate|boost\n|-unboost|p2a: Sneasler|atk|1\n|-unboost|p2b: Palafin|atk|1\n|-enditem|p2a: Sneasler|White Herb\n|-clearnegativeboost|p2a: Sneasler|[silent]\n|turn|1\n|\n|t:|1776196454\n|detailschange|p2b: Palafin|Palafin-Hero, L50, M\n|switch|p2b: Incineroar|Incineroar, L50, M, shiny|100/100\n|-ability|p2b: Incineroar|Intimidate|boost\n|-unboost|p1a: Incineroar|atk|1\n|-unboost|p1b: Basculegion|atk|1\n|move|p2a: Sneasler|Protect|p2a: Sneasler\n|-singleturn|p2a: Sneasler|Protect\n|move|p1a: Incineroar|Fake Out|p2a: Sneasler\n|-activate|p2a: Sneasler|move: Protect\n|move|p1b: Basculegion|Flip Turn|p2a: Sneasler\n|-activate|p2a: Sneasler|move: Protect\n|\n|upkeep\n|turn|2\n|\n|t:|1776196469\n|move|p2b: Incineroar|Fake Out|p1a: Incineroar\n|-crit|p1a: Incineroar\n|-damage|p1a: Incineroar|86/100\n|move|p2a: Sneasler|Close Combat|p1a: Incineroar\n|-supereffective|p1a: Incineroar|1\n|-damage|p1a: Incineroar|0 fnt\n|-unboost|p2a: Sneasler|def|1\n|-unboost|p2a: Sneasler|spd|1\n|faint|p1a: Incineroar\n|move|p1b: Basculegion|Flip Turn|p2a: Sneasler\n|-damage|p2a: Sneasler|36/100\n|\n|t:|1776196477\n|switch|p1b: Hawlucha|Hawlucha, L50, F|100/100|[from] Flip Turn\n|\n|upkeep\n|\n|t:|1776196481\n|switch|p1a: Basculegion|Basculegion, L50, M|100/100\n|turn|3\n|\n|t:|1776196495\n|move|p1a: Basculegion|Aqua Jet|p2a: Sneasler\n|-damage|p2a: Sneasler|0 fnt\n|faint|p2a: Sneasler\n|move|p1b: Hawlucha|Body Press|p2b: Incineroar\n|-supereffective|p2b: Incineroar|1\n|-damage|p2b: Incineroar|56/100\n|move|p2b: Incineroar|Parting Shot|p1b: Hawlucha\n|-unboost|p1b: Hawlucha|atk|1\n|-unboost|p1b: Hawlucha|spa|1\n|\n|t:|1776196506\n|switch|p2b: Kangaskhan|Kangaskhan, L50, F|100/100|[from] Parting Shot\n|\n|upkeep\n|\n|t:|1776196508\n|switch|p2a: Incineroar|Incineroar, L50, M, shiny|56/100\n|-ability|p2a: Incineroar|Intimidate|boost\n|-unboost|p1a: Basculegion|atk|1\n|-unboost|p1b: Hawlucha|atk|1\n|turn|4\n|inactive|mrmalum has 30 seconds left.\n|\n|t:|1776196536\n|move|p2b: Kangaskhan|Fake Out|p1a: Basculegion\n|-damage|p1a: Basculegion|75/100\n|cant|p1a: Basculegion|flinch\n|move|p1b: Hawlucha|Body Press|p2b: Kangaskhan\n|-supereffective|p2b: Kangaskhan|1\n|-damage|p2b: Kangaskhan|46/100\n|move|p2a: Incineroar|Parting Shot|p1b: Hawlucha\n|-unboost|p1b: Hawlucha|atk|1\n|-unboost|p1b: Hawlucha|spa|1\n|\n|t:|1776196542\n|switch|p2a: Palafin|Palafin-Hero, L50, M|100/100|[from] Parting Shot\n|-activate|p2a: Palafin|ability: Zero to Hero\n|\n|upkeep\n|turn|5\n|\n|t:|1776196555\n|move|p1b: Hawlucha|Protect|p1b: Hawlucha\n|-singleturn|p1b: Hawlucha|Protect\n|move|p2b: Kangaskhan|Protect|p2b: Kangaskhan\n|-singleturn|p2b: Kangaskhan|Protect\n|move|p1a: Basculegion|Aqua Jet|p2b: Kangaskhan\n|-activate|p2b: Kangaskhan|move: Protect\n|move|p2a: Palafin|Bulk Up|p2a: Palafin\n|-boost|p2a: Palafin|atk|1\n|-boost|p2a: Palafin|def|1\n|\n|upkeep\n|turn|6\n|\n|t:|1776196569\n|switch|p1a: Snorlax|Snorlax, L50, M|100/100\n|switch|p2b: Incineroar|Incineroar, L50, M, shiny|56/100\n|-ability|p2b: Incineroar|Intimidate|boost\n|-unboost|p1a: Snorlax|atk|1\n|-unboost|p1b: Hawlucha|atk|1\n|detailschange|p1b: Hawlucha|Hawlucha-Mega, L50, F\n|-mega|p1b: Hawlucha|Hawlucha|Hawluchanite\n|move|p1b: Hawlucha|Entrainment|p1a: Snorlax\n|-ability|p1a: Snorlax|No Guard|Thick Fat|[from] move: Entrainment|[of] p1b: Hawlucha\n|move|p2a: Palafin|Bulk Up|p2a: Palafin\n|-boost|p2a: Palafin|atk|1\n|-boost|p2a: Palafin|def|1\n|\n|upkeep\n|turn|7\n|\n|t:|1776196588\n|move|p2b: Incineroar|Fake Out|p1b: Hawlucha\n|-damage|p1b: Hawlucha|90/100\n|cant|p1b: Hawlucha|flinch\n|move|p2a: Palafin|Wave Crash|p1a: Snorlax\n|-damage|p1a: Snorlax|0 fnt\n|faint|p1a: Snorlax\n|-damage|p2a: Palafin|58/100|[from] Recoil\n|\n|upkeep\n|\n|t:|1776196591\n|switch|p1a: Basculegion|Basculegion, L50, M|75/100\n|turn|8\n|-message|mrmalum forfeited.\n|\n|win|deli(again)\n|raw|mrmalum's rating: 1297 &rarr; <strong>1268</strong><br />(-29 for losing)\n|raw|deli(again)'s rating: 1243 &rarr; <strong>1272</strong><br />(+29 for winning)\n|l|\u2606mrmalum\n|player|p1|\n",
  "uploadtime": 1776196609,
  "views": 48,
  "formatid": "gen9championsvgc2026regma",
  "rating": 1268,
  "private": 0,
  "password": null
}