{
  "id": "gen9championsvgc2026regma-2586419358",
  "format": "[Gen 9 Champions] VGC 2026 Reg M-A",
  "players": [
    "Threazoenine",
    "TacoxBellhop"
  ],
  "log": "|j|\u2606Threazoenine\n|j|\u2606TacoxBellhop\n|t:|1776433366\n|gametype|doubles\n|player|p1|Threazoenine|parasollady|1193\n|player|p2|TacoxBellhop|266|1206\n|gen|9\n|tier|[Gen 9 Champions] VGC 2026 Reg M-A\n|rated|\n|rule|Species Clause: Limit one of each Pok\u00e9mon\n|rule|Item Clause: Limit 1 of each item\n|clearpoke\n|poke|p1|Glimmora, L50, M|\n|poke|p1|Gardevoir, L50, M|\n|poke|p1|Incineroar, L50, F|\n|poke|p1|Corviknight, L50, M|\n|poke|p1|Garchomp, L50, F|\n|poke|p1|Archaludon, L50, M|\n|poke|p2|Gardevoir, L50, M|\n|poke|p2|Primarina, L50, M|\n|poke|p2|Whimsicott, L50, F|\n|poke|p2|Sneasler, L50, F|\n|poke|p2|Kingambit, L50, F|\n|poke|p2|Arcanine-Hisui, L50, M|\n|teampreview|4\nTacoxBellhop has agreed to open team sheets.\n|inactive|Battle timer is ON: inactive players will automatically lose when time's up. (requested by TacoxBellhop)\n|\n|t:|1776433432\n|teamsize|p1|4\n|teamsize|p2|4\n|start\n|switch|p1a: Garchomp|Garchomp, L50, F|100/100\n|switch|p1b: Gardevoir|Gardevoir, L50, M|100/100\n|switch|p2a: Sneasler|Sneasler, L50, F, shiny|100/100\n|switch|p2b: Gardevoir|Gardevoir, L50, M, shiny|100/100\n|-ability|p2b: Gardevoir|Rough Skin|Trace|[from] ability: Trace|[of] p1a: Garchomp\n|turn|1\n|\n|t:|1776433451\n|switch|p1a: Glimmora|Glimmora, L50, M|100/100\n|detailschange|p2b: Gardevoir|Gardevoir-Mega, L50, M, shiny\n|-mega|p2b: Gardevoir|Gardevoir|Gardevoirite\n|move|p2a: Sneasler|Fake Out|p1a: Glimmora\n|-resisted|p1a: Glimmora|1\n|-damage|p1a: Glimmora|91/100\n|-activate|p1a: Glimmora|ability: Toxic Debris\n|-sidestart|p2: TacoxBellhop|move: Toxic Spikes\n|move|p1b: Gardevoir|Psychic|p2a: Sneasler\n|-supereffective|p2a: Sneasler|2\n|-damage|p2a: Sneasler|0 fnt\n|faint|p2a: Sneasler\n|move|p2b: Gardevoir|Trick Room|p2b: Gardevoir\n|-fieldstart|move: Trick Room|[of] p2b: Gardevoir\n|\n|upkeep\n|\n|t:|1776433467\n|switch|p2a: Primarina|Primarina, L50, M, shiny|100/100\n|-status|p2a: Primarina|psn\n|turn|2\n|\n|t:|1776433488\n|switch|p1a: Corviknight|Corviknight, L50, M|100/100\n|move|p2a: Primarina|Hyper Voice|p1a: Corviknight|[spread] p1a,p1b\n|-damage|p1a: Corviknight|64/100\n|-damage|p1b: Gardevoir|57/100\n|move|p2b: Gardevoir|Hyper Voice|p1b: Gardevoir|[spread] p1a,p1b\n|-resisted|p1a: Corviknight|1\n|-damage|p1a: Corviknight|42/100\n|-damage|p1b: Gardevoir|5/100\n|move|p1b: Gardevoir|Moonblast|p2a: Primarina\n|-damage|p2a: Primarina|58/100 psn\n|\n|-heal|p2a: Primarina|64/100 psn|[from] item: Leftovers\n|-heal|p1a: Corviknight|49/100|[from] item: Leftovers\n|-damage|p2a: Primarina|52/100 psn|[from] psn\n|upkeep\n|turn|3\n|inactive|Threazoenine has 30 seconds left.\n|inactive|TacoxBellhop has 30 seconds left.\n|\n|t:|1776433524\n|move|p1b: Gardevoir|Protect|p1b: Gardevoir\n|-singleturn|p1b: Gardevoir|Protect\n|move|p2a: Primarina|Hyper Voice|p1a: Corviknight|[spread] p1a\n|-activate|p1b: Gardevoir|move: Protect\n|-damage|p1a: Corviknight|19/100\n|move|p1a: Corviknight|Iron Head|p2b: Gardevoir\n|-supereffective|p2b: Gardevoir|1\n|-damage|p2b: Gardevoir|0 fnt\n|faint|p2b: Gardevoir\n|\n|-heal|p2a: Primarina|58/100 psn|[from] item: Leftovers\n|-heal|p1a: Corviknight|25/100|[from] item: Leftovers\n|-damage|p2a: Primarina|45/100 psn|[from] psn\n|upkeep\n|\n|t:|1776433536\n|switch|p2b: Arcanine|Arcanine-Hisui, L50, M, shiny|100/100\n|-status|p2b: Arcanine|psn\n|-ability|p2b: Arcanine|Intimidate|boost\n|-ability|p1a: Corviknight|Mirror Armor\n|-unboost|p2b: Arcanine|atk|1\n|-unboost|p1b: Gardevoir|atk|1\n|turn|4\n|inactive|Threazoenine has 30 seconds left.\n|\n|t:|1776433567\n|switch|p1b: Garchomp|Garchomp, L50, F|100/100\n|move|p2a: Primarina|Hyper Voice|p1a: Corviknight|[spread] p1a,p1b\n|-damage|p1a: Corviknight|0 fnt\n|-damage|p1b: Garchomp|62/100\n|faint|p1a: Corviknight\n|move|p2b: Arcanine|Rock Slide|p1b: Garchomp\n|-resisted|p1b: Garchomp|1\n|-damage|p1b: Garchomp|49/100\n|\n|-heal|p2a: Primarina|51/100 psn|[from] item: Leftovers\n|-damage|p2a: Primarina|39/100 psn|[from] psn\n|-damage|p2b: Arcanine|88/100 psn|[from] psn\n|upkeep\n|\n|t:|1776433586\n|switch|p1a: Gardevoir|Gardevoir, L50, M|5/100\n|turn|5\n|\n|t:|1776433598\n|switch|p1b: Glimmora|Glimmora, L50, M|91/100\n|move|p1a: Gardevoir|Protect|p1a: Gardevoir\n|-singleturn|p1a: Gardevoir|Protect\n|move|p2a: Primarina|Hyper Voice|p1a: Gardevoir|[spread] p1b\n|-activate|p1a: Gardevoir|move: Protect\n|-supereffective|p1b: Glimmora|1\n|-damage|p1b: Glimmora|0 fnt\n|faint|p1b: Glimmora\n|move|p2b: Arcanine|Rock Slide|p1a: Gardevoir\n|-activate|p1a: Gardevoir|move: Protect\n|\n|-heal|p2a: Primarina|45/100 psn|[from] item: Leftovers\n|-damage|p2a: Primarina|33/100 psn|[from] psn\n|-damage|p2b: Arcanine|76/100 psn|[from] psn\n|-fieldend|move: Trick Room\n|upkeep\n|\n|t:|1776433615\n|switch|p1b: Garchomp|Garchomp, L50, F|49/100\n|turn|6\n|\n|t:|1776433626\n|move|p2b: Arcanine|Protect|p2b: Arcanine\n|-singleturn|p2b: Arcanine|Protect\n|move|p2a: Primarina|Protect|p2a: Primarina\n|-singleturn|p2a: Primarina|Protect\n|move|p1b: Garchomp|Earthquake|p2a: Primarina|[spread] \n|-activate|p2a: Primarina|move: Protect\n|-activate|p2b: Arcanine|move: Protect\n|-activate|p1a: Gardevoir|ability: Telepathy\n|move|p1a: Gardevoir|Psychic|p2a: Primarina\n|-activate|p2a: Primarina|move: Protect\n|\n|-heal|p2a: Primarina|38/100 psn|[from] item: Leftovers\n|-damage|p2b: Arcanine|64/100 psn|[from] psn\n|-damage|p2a: Primarina|26/100 psn|[from] psn\n|upkeep\n|turn|7\n|inactive|TacoxBellhop has 30 seconds left.\n|\n|t:|1776433657\n|move|p2b: Arcanine|Extreme Speed|p1a: Gardevoir\n|-damage|p1a: Gardevoir|0 fnt\n|faint|p1a: Gardevoir\n|move|p1b: Garchomp|Earthquake|p2b: Arcanine|[spread] p2a,p2b\n|-supereffective|p2b: Arcanine|2\n|-damage|p2a: Primarina|0 fnt\n|-damage|p2b: Arcanine|0 fnt\n|faint|p2a: Primarina\n|faint|p2b: Arcanine\n|\n|win|Threazoenine\n|raw|Threazoenine's rating: 1193 &rarr; <strong>1219</strong><br />(+26 for winning)\n|raw|TacoxBellhop's rating: 1206 &rarr; <strong>1180</strong><br />(-26 for losing)\n",
  "uploadtime": 1776433668,
  "views": 36,
  "formatid": "gen9championsvgc2026regma",
  "rating": 1180,
  "private": 0,
  "password": null
}