{
  "id": "gen9championsvgc2026regma-2581554351",
  "format": "[Gen 9 Champions] VGC 2026 Reg M-A",
  "players": [
    "boom_headsht",
    "ThePeasent"
  ],
  "log": "|j|\u2606boom_headsht\n|j|\u2606ThePeasent\n|t:|1776010538\n|gametype|doubles\n|player|p1|boom_headsht|1|1106\n|player|p2|ThePeasent|170|1164\n|gen|9\n|tier|[Gen 9 Champions] VGC 2026 Reg M-A\n|rated|\n|rule|Species Clause: Limit one of each Pok\u00e9mon\n|rule|Item Clause: Limit 1 of each item\n|clearpoke\n|poke|p1|Delphox, L50, M|\n|poke|p1|Kingambit, L50, M|\n|poke|p1|Clefable, L50, F|\n|poke|p1|Sneasler, L50, M|\n|poke|p1|Basculegion, L50, M|\n|poke|p1|Dragonite, L50, M|\n|poke|p2|Glimmora, L50, M|\n|poke|p2|Tyranitar, L50, M|\n|poke|p2|Excadrill, L50, M|\n|poke|p2|Milotic, L50, M|\n|poke|p2|Sneasler, L50, M|\n|poke|p2|Rotom-Wash, L50|\n|teampreview|4\n|inactive|Battle timer is ON: inactive players will automatically lose when time's up. (requested by ThePeasent)\nThePeasent has agreed to open team sheets.\n|inactive|boom_headsht has 60 seconds left.\nboom_headsht has agreed to open team sheets.\n|showteam|p1|Delphox||Delphoxite|Blaze|HeatWave,Psychic,Substitute,Protect|||M|||50|]Kingambit||BlackGlasses|Defiant|KowtowCleave,SuckerPunch,SwordsDance,Protect|||M|||50|]Clefable||SitrusBerry|Unaware|Moonblast,FollowMe,HelpingHand,Protect|||F|||50|]Sneasler||FocusSash|Unburden|CloseCombat,DireClaw,FakeOut,Protect|||M|||50|]Basculegion||ChoiceScarf|Adaptability|WaveCrash,LastRespects,FlipTurn,AquaJet|||M|||50|]Dragonite||LumBerry|Multiscale|ScaleShot,ExtremeSpeed,Haze,Protect|||M|||50|\n|showteam|p2|Glimmora||Glimmoranite|ToxicDebris|SludgeBomb,PowerGem,EarthPower,SpikyShield|||M|||50|]Tyranitar||ChopleBerry|SandStream|RockSlide,Crunch,LowKick,Protect|||M|||50|]Excadrill||FocusSash|SandRush|Earthquake,RockSlide,HighHorsepower,Protect|||M|||50|]Milotic||Leftovers|Competitive|MuddyWater,Protect,IcyWind,HelpingHand|||M|||50|]Sneasler||WhiteHerb|Pressure|FakeOut,CloseCombat,DireClaw,Coaching|||M|||50|]Rotom-Wash||SitrusBerry|Levitate|HydroPump,Electroweb,VoltSwitch,Protect||||||50|\n|inactive|boom_headsht has 30 seconds left.\n|inactive|boom_headsht has 20 seconds left.\n|inactive|boom_headsht has 15 seconds left.\n|inactive|boom_headsht has 10 seconds left.\n|\n|t:|1776010622\n|teamsize|p1|4\n|teamsize|p2|4\n|start\n|switch|p1a: Delphox|Delphox, L50, M|100/100\n|switch|p1b: Basculegion|Basculegion, L50, M|100/100\n|switch|p2a: Rotom|Rotom-Wash, L50|100/100\n|switch|p2b: Excadrill|Excadrill, L50, M|100/100\n|turn|1\n|inactive|boom_headsht has 30 seconds left.\n|inactive|boom_headsht has 20 seconds left.\n|inactive|boom_headsht has 15 seconds left.\n|inactive|boom_headsht has 10 seconds left.\n|\n|t:|1776010669\n|move|p1a: Delphox|Protect|p1a: Delphox\n|-singleturn|p1a: Delphox|Protect\n|move|p2b: Excadrill|Protect|p2b: Excadrill\n|-singleturn|p2b: Excadrill|Protect\n|move|p1b: Basculegion|Flip Turn|p2b: Excadrill\n|-activate|p2b: Excadrill|move: Protect\n|move|p2a: Rotom|Electroweb|p1a: Delphox|[spread] p1b\n|-activate|p1a: Delphox|move: Protect\n|-supereffective|p1b: Basculegion|1\n|-damage|p1b: Basculegion|63/100\n|-unboost|p1b: Basculegion|spe|1\n|\n|upkeep\n|turn|2\n|\n|t:|1776010688\n|switch|p2a: Tyranitar|Tyranitar, L50, M|100/100\n|-weather|Sandstorm|[from] ability: Sand Stream|[of] p2a: Tyranitar\n|detailschange|p1a: Delphox|Delphox-Mega, L50, M\n|-mega|p1a: Delphox|Delphox|Delphoxite\n|move|p2b: Excadrill|Rock Slide|p1a: Delphox|[spread] p1b\n|-miss|p2b: Excadrill|p1a: Delphox\n|-damage|p1b: Basculegion|36/100\n|move|p1a: Delphox|Heat Wave|p2b: Excadrill|[spread] p2a,p2b\n|-resisted|p2a: Tyranitar|1\n|-supereffective|p2b: Excadrill|1\n|-damage|p2a: Tyranitar|88/100\n|-enditem|p2b: Excadrill|Focus Sash\n|-damage|p2b: Excadrill|1/100\n|move|p1b: Basculegion|Flip Turn|p2b: Excadrill\n|-supereffective|p2b: Excadrill|1\n|-damage|p2b: Excadrill|0 fnt\n|faint|p2b: Excadrill\n|\n|t:|1776010704\n|switch|p1b: Clefable|Clefable, L50, F|100/100|[from] Flip Turn\n|\n|-weather|Sandstorm|[upkeep]\n|-damage|p1a: Delphox|94/100|[from] Sandstorm\n|-damage|p1b: Clefable|95/100|[from] Sandstorm\n|upkeep\n|\n|t:|1776010709\n|switch|p2b: Milotic|Milotic, L50, M|100/100\n|turn|3\n|\n|t:|1776010716\n|move|p1a: Delphox|Protect|p1a: Delphox\n|-singleturn|p1a: Delphox|Protect\n|move|p2b: Milotic|Muddy Water|p1a: Delphox|[spread] p1b\n|-activate|p1a: Delphox|move: Protect\n|-damage|p1b: Clefable|70/100\n|move|p2a: Tyranitar|Rock Slide|p1a: Delphox|[spread] p1b\n|-activate|p1a: Delphox|move: Protect\n|-damage|p1b: Clefable|49/100\n|-enditem|p1b: Clefable|Sitrus Berry|[eat]\n|-heal|p1b: Clefable|74/100|[from] item: Sitrus Berry\n|cant|p1b: Clefable|flinch\n|\n|-weather|Sandstorm|[upkeep]\n|-damage|p1a: Delphox|88/100|[from] Sandstorm\n|-damage|p2b: Milotic|95/100|[from] Sandstorm\n|-damage|p1b: Clefable|68/100|[from] Sandstorm\n|-heal|p2b: Milotic|100/100|[from] item: Leftovers\n|upkeep\n|turn|4\n|\n|t:|1776010737\n|move|p1b: Clefable|Helping Hand|p1a: Delphox\n|-singleturn|p1a: Delphox|Helping Hand|[of] p1b: Clefable\n|move|p1a: Delphox|Heat Wave|p2a: Tyranitar|[spread] p2a,p2b\n|-resisted|p2a: Tyranitar|1\n|-resisted|p2b: Milotic|1\n|-damage|p2a: Tyranitar|69/100\n|-damage|p2b: Milotic|78/100\n|move|p2b: Milotic|Muddy Water|p1b: Clefable|[spread] p1a,p1b\n|-supereffective|p1a: Delphox|1\n|-damage|p1a: Delphox|39/100\n|-damage|p1b: Clefable|44/100\n|-unboost|p1a: Delphox|accuracy|1\n|move|p2a: Tyranitar|Rock Slide|p1a: Delphox|[spread] p1a,p1b\n|-supereffective|p1a: Delphox|1\n|-damage|p1a: Delphox|0 fnt\n|-damage|p1b: Clefable|22/100\n|faint|p1a: Delphox\n|\n|-weather|Sandstorm|[upkeep]\n|-damage|p2b: Milotic|72/100|[from] Sandstorm\n|-damage|p1b: Clefable|16/100|[from] Sandstorm\n|-heal|p2b: Milotic|78/100|[from] item: Leftovers\n|upkeep\n|\n|t:|1776010744\n|switch|p1a: Basculegion|Basculegion, L50, M|36/100\n|turn|5\n|\n|t:|1776010757\n|switch|p2a: Rotom|Rotom-Wash, L50|100/100\n|move|p1b: Clefable|Follow Me|p1b: Clefable\n|-singleturn|p1b: Clefable|move: Follow Me\n|move|p1a: Basculegion|Wave Crash|p2a: Rotom\n|-resisted|p2a: Rotom|1\n|-damage|p2a: Rotom|64/100\n|-damage|p1a: Basculegion|27/100|[from] Recoil\n|move|p2b: Milotic|Muddy Water|p1b: Clefable|[spread] p1a,p1b\n|-resisted|p1a: Basculegion|1\n|-damage|p1a: Basculegion|12/100\n|-damage|p1b: Clefable|0 fnt\n|faint|p1b: Clefable\n|\n|-weather|Sandstorm|[upkeep]\n|-damage|p1a: Basculegion|6/100|[from] Sandstorm\n|-damage|p2a: Rotom|58/100|[from] Sandstorm\n|-damage|p2b: Milotic|72/100|[from] Sandstorm\n|-heal|p2b: Milotic|78/100|[from] item: Leftovers\n|upkeep\n|\n|t:|1776010767\n|switch|p1b: Sneasler|Sneasler, L50, M|100/100\n|turn|6\n|\n|t:|1776010777\n|move|p2a: Rotom|Protect|p2a: Rotom\n|-singleturn|p2a: Rotom|Protect\n|move|p2b: Milotic|Protect|p2b: Milotic\n|-singleturn|p2b: Milotic|Protect\n|move|p1b: Sneasler|Fake Out|p2a: Rotom\n|-activate|p2a: Rotom|move: Protect\n|move|p1a: Basculegion|Wave Crash|p2b: Milotic\n|-activate|p2b: Milotic|move: Protect\n|\n|-weather|none\n|-heal|p2b: Milotic|84/100|[from] item: Leftovers\n|upkeep\n|turn|7\n|inactive|ThePeasent has 30 seconds left.\n|\n|t:|1776010802\n|move|p1a: Basculegion|Wave Crash|p2a: Rotom\n|-resisted|p2a: Rotom|1\n|-damage|p2a: Rotom|21/100\n|-enditem|p2a: Rotom|Sitrus Berry|[eat]\n|-heal|p2a: Rotom|46/100|[from] item: Sitrus Berry\n|-damage|p1a: Basculegion|0 fnt|[from] Recoil\n|faint|p1a: Basculegion\n|move|p1b: Sneasler|Dire Claw|p2a: Rotom\n|-damage|p2a: Rotom|1/100\n|move|p2a: Rotom|Electroweb|p1b: Sneasler\n|-damage|p1b: Sneasler|73/100\n|-unboost|p1b: Sneasler|spe|1\n|move|p2b: Milotic|Muddy Water|p1b: Sneasler\n|-damage|p1b: Sneasler|31/100\n|\n|-heal|p2b: Milotic|90/100|[from] item: Leftovers\n|upkeep\n|turn|8\n|\n|t:|1776010820\n|move|p1b: Sneasler|Dire Claw|p2a: Rotom\n|-damage|p2a: Rotom|0 fnt\n|faint|p2a: Rotom\n|move|p2b: Milotic|Muddy Water|p1b: Sneasler\n|-damage|p1b: Sneasler|0 fnt\n|faint|p1b: Sneasler\n|\n|win|ThePeasent\n|raw|boom_headsht's rating: 1106 &rarr; <strong>1085</strong><br />(-21 for losing)\n|raw|ThePeasent's rating: 1164 &rarr; <strong>1185</strong><br />(+21 for winning)\n|l|\u2606boom_headsht\n|player|p1|\n",
  "uploadtime": 1776010827,
  "views": 29,
  "formatid": "gen9championsvgc2026regma",
  "rating": 1085,
  "private": 0,
  "password": null
}