{
  "id": "gen9championsvgc2026regma-2585256070",
  "format": "[Gen 9 Champions] VGC 2026 Reg M-A",
  "players": [
    "mtaces",
    "txpxyy"
  ],
  "log": "|j|\u2606mtaces\n|j|\u2606txpxyy\n|t:|1776330617\n|gametype|doubles\n|player|p1|mtaces|102|1078\n|player|p2|txpxyy|marshal|1061\n|gen|9\n|tier|[Gen 9 Champions] VGC 2026 Reg M-A\n|rated|\n|rule|Species Clause: Limit one of each Pok\u00e9mon\n|rule|Item Clause: Limit 1 of each item\n|clearpoke\n|poke|p1|Aegislash, L50, F|\n|poke|p1|Espathra, L50, F|\n|poke|p1|Hydreigon, L50, F|\n|poke|p1|Meganium, L50, F|\n|poke|p1|Kangaskhan, L50, F|\n|poke|p1|Sneasler, L50, F|\n|poke|p2|Milotic, L50, M|\n|poke|p2|Arcanine-Hisui, L50, F|\n|poke|p2|Lopunny, L50, M|\n|poke|p2|Dragapult, L50, F|\n|poke|p2|Whimsicott, L50, F|\n|poke|p2|Corviknight, L50, F|\n|teampreview|4\n|\n|t:|1776330648\n|teamsize|p1|4\n|teamsize|p2|4\n|start\n|switch|p1a: Aegislash|Aegislash, L50, F, shiny|100/100\n|switch|p1b: Espathra|Espathra, L50, F, shiny|100/100\n|switch|p2a: Dragapult|Dragapult, L50, F|100/100\n|switch|p2b: Cotton|Whimsicott, L50, F, shiny|100/100\n|turn|1\n|\n|t:|1776330675\n|move|p2b: Cotton|Tailwind|p2b: Cotton\n|-sidestart|p2: txpxyy|move: Tailwind\n|move|p2a: Dragapult|Shadow Ball|p1a: Aegislash\n|-supereffective|p1a: Aegislash|1\n|-damage|p1a: Aegislash|61/100\n|move|p1b: Espathra|Calm Mind|p1b: Espathra\n|-boost|p1b: Espathra|spa|1\n|-boost|p1b: Espathra|spd|1\n|-formechange|p1a: Aegislash|Aegislash-Blade|\n|move|p1a: Aegislash|Rock Slide|p2a: Dragapult|[spread] p2a,p2b\n|-damage|p2a: Dragapult|73/100\n|-damage|p2b: Cotton|78/100\n|\n|-ability|p1b: Espathra|Speed Boost|boost\n|-boost|p1b: Espathra|spe|1\n|upkeep\n|turn|2\n|\n|t:|1776330692\n|-formechange|p1a: Aegislash|Aegislash|\n|move|p1a: Aegislash|King's Shield|p1a: Aegislash\n|-singleturn|p1a: Aegislash|Protect\n|move|p2b: Cotton|Encore|p1b: Espathra\n|-start|p1b: Espathra|Encore\n|move|p2a: Dragapult|Shadow Ball|p1b: Espathra\n|-supereffective|p1b: Espathra|1\n|-damage|p1b: Espathra|64/100\n|move|p1b: Espathra|Calm Mind|p1b: Espathra\n|-boost|p1b: Espathra|spa|1\n|-boost|p1b: Espathra|spd|1\n|\n|-ability|p1b: Espathra|Speed Boost|boost\n|-boost|p1b: Espathra|spe|1\n|upkeep\n|turn|3\n|\n|t:|1776330711\n|switch|p1b: Meganium|Meganium, L50, F, shiny|100/100\n|move|p2b: Cotton|Encore|p1a: Aegislash\n|-start|p1a: Aegislash|Encore\n|move|p1a: Aegislash|King's Shield|p1a: Aegislash\n|-singleturn|p1a: Aegislash|Protect\n|move|p2a: Dragapult|Shadow Ball|p1b: Meganium\n|-crit|p1b: Meganium\n|-damage|p1b: Meganium|66/100\n|\n|upkeep\n|turn|4\n|\n|t:|1776330725\n|switch|p2a: Cleo|Arcanine-Hisui, L50, F, shiny|100/100\n|switch|p1a: Hydreigon|Hydreigon, L50, F|100/100\n|detailschange|p1b: Meganium|Meganium-Mega, L50, F, shiny\n|-mega|p1b: Meganium|Meganium|Meganiumite\n|move|p2b: Cotton|U-turn|p1b: Meganium\n|-damage|p1b: Meganium|57/100\n|\n|t:|1776330734\n|switch|p2b: Bunn|Lopunny, L50, M, shiny|100/100|[from] U-turn\n|move|p1b: Meganium|Dazzling Gleam|p2b: Bunn|[spread] p2a,p2b\n|-resisted|p2a: Cleo|1\n|-damage|p2a: Cleo|79/100\n|-damage|p2b: Bunn|52/100\n|\n|-sideend|p2: txpxyy|move: Tailwind\n|upkeep\n|turn|5\n|\n|t:|1776330771\n|switch|p1a: Espathra|Espathra, L50, F, shiny|64/100\n|detailschange|p2b: Bunn|Lopunny-Mega, L50, M, shiny\n|-mega|p2b: Bunn|Lopunny|Lopunnite\n|move|p2b: Bunn|Fake Out|p1a: Espathra\n|-damage|p1a: Espathra|40/100\n|move|p2a: Cleo|Flare Blitz|p1b: Meganium\n|-supereffective|p1b: Meganium|1\n|-damage|p1b: Meganium|0 fnt\n|faint|p1b: Meganium\n|\n|upkeep\n|\n|t:|1776330779\n|switch|p1b: Aegislash|Aegislash, L50, F, shiny|61/100\n|turn|6\n|\n|t:|1776330800\n|move|p2b: Bunn|Drain Punch|p1b: Aegislash\n|-supereffective|p1b: Aegislash|1\n|-damage|p1b: Aegislash|0 fnt\n|-heal|p2b: Bunn|88/100|[from] drain|[of] p1b: Aegislash\n|faint|p1b: Aegislash\n|move|p2a: Cleo|Flare Blitz|p1a: Espathra\n|-damage|p1a: Espathra|0 fnt\n|faint|p1a: Espathra\n|\n|upkeep\n|-message|mtaces forfeited.\n|\n|win|txpxyy\n|raw|mtaces's rating: 1078 &rarr; <strong>1055</strong><br />(-23 for losing)\n|raw|txpxyy's rating: 1061 &rarr; <strong>1093</strong><br />(+32 for winning)\n|l|\u2606mtaces\n|player|p1|\n",
  "uploadtime": 1776330818,
  "views": 20,
  "formatid": "gen9championsvgc2026regma",
  "rating": 1055,
  "private": 0,
  "password": null
}