{
  "id": "gen9championsvgc2026regma-2587957150",
  "format": "[Gen 9 Champions] VGC 2026 Reg M-A",
  "players": [
    "apfr",
    "Flakenz"
  ],
  "log": "|j|\u203dapfr\n|j|\u2606Flakenz\n|t:|1776584641\n|gametype|doubles\n|player|p1|apfr|clown|1498\n|player|p2|Flakenz|boarder|1517\n|gen|9\n|tier|[Gen 9 Champions] VGC 2026 Reg M-A\n|rated|\n|rule|Species Clause: Limit one of each Pok\u00e9mon\n|rule|Item Clause: Limit 1 of each item\n|clearpoke\n|poke|p1|Drampa, L50, M|\n|poke|p1|Klefki, L50, F|\n|poke|p1|Sinistcha, L50|\n|poke|p1|Farigiraf, L50, F|\n|poke|p1|Camerupt, L50, M|\n|poke|p1|Kingambit, L50, M|\n|poke|p2|Gengar, L50, M|\n|poke|p2|Kingambit, L50, M|\n|poke|p2|Talonflame, L50, F, shiny|\n|poke|p2|Blastoise, L50, F|\n|poke|p2|Sinistcha, L50|\n|poke|p2|Arcanine-Hisui, L50, M|\n|teampreview|4\n|\n|t:|1776584670\n|teamsize|p1|4\n|teamsize|p2|4\n|start\n|switch|p1a: Drampa|Drampa, L50, M|100/100\n|switch|p1b: Sinistcha|Sinistcha, L50|100/100\n|switch|p2a: Blastoise|Blastoise, L50, F|100/100\n|switch|p2b: Arcanine|Arcanine-Hisui, L50, M|100/100\n|-ability|p2b: Arcanine|Intimidate|boost\n|-unboost|p1a: Drampa|atk|1\n|-unboost|p1b: Sinistcha|atk|1\n|-ability|p1a: Drampa|Cloud Nine\n|turn|1\n|j| Rivelta Kenshou\n|\n|t:|1776584694\n|detailschange|p2a: Blastoise|Blastoise-Mega, L50, F\n|-mega|p2a: Blastoise|Blastoise|Blastoisinite\n|detailschange|p1a: Drampa|Drampa-Mega, L50, M\n|-mega|p1a: Drampa|Drampa|Drampanite\n|move|p2b: Arcanine|Extreme Speed|p1a: Drampa\n|-damage|p1a: Drampa|73/100\n|move|p2a: Blastoise|Dark Pulse|p1b: Sinistcha\n|-supereffective|p1b: Sinistcha|1\n|-damage|p1b: Sinistcha|8/100\n|move|p1a: Drampa|Hyper Voice|p2a: Blastoise|[spread] p2a,p2b\n|-resisted|p2b: Arcanine|1\n|-damage|p2a: Blastoise|60/100\n|-damage|p2b: Arcanine|71/100\n|move|p1b: Sinistcha|Trick Room|p1b: Sinistcha\n|-fieldstart|move: Trick Room|[of] p1b: Sinistcha\n|\n|upkeep\n|turn|2\n|\n|t:|1776584715\n|switch|p2b: Sinistcha|Sinistcha, L50|100/100\n|-heal|p2a: Blastoise|85/100|[from] ability: Hospitality|[of] p2b: Sinistcha\n|move|p2a: Blastoise|Protect|p2a: Blastoise\n|-singleturn|p2a: Blastoise|Protect\n|move|p1a: Drampa|Hyper Voice|p2b: Sinistcha|[spread] \n|-activate|p2a: Blastoise|move: Protect\n|-immune|p2b: Sinistcha\n|move|p1b: Sinistcha|Matcha Gotcha|p2a: Blastoise|[spread] p2b\n|-activate|p2a: Blastoise|move: Protect\n|-resisted|p2b: Sinistcha|1\n|-damage|p2b: Sinistcha|89/100\n|-heal|p1b: Sinistcha|15/100|[from] drain|[of] p2b: Sinistcha\n|\n|upkeep\n|turn|3\n|\n|t:|1776584750\n|move|p1a: Drampa|Hyper Voice|p2b: Sinistcha|[spread] p2a\n|-immune|p2b: Sinistcha\n|-damage|p2a: Blastoise|42/100\n|move|p1b: Sinistcha|Matcha Gotcha|p2b: Sinistcha|[spread] p2a,p2b\n|-supereffective|p2a: Blastoise|1\n|-resisted|p2b: Sinistcha|1\n|-damage|p2a: Blastoise|0 fnt\n|-heal|p1b: Sinistcha|34/100|[from] drain|[of] p2a: Blastoise\n|-damage|p2b: Sinistcha|77/100\n|-heal|p1b: Sinistcha|40/100|[from] drain|[of] p2b: Sinistcha\n|faint|p2a: Blastoise\n|move|p2b: Sinistcha|Trick Room|p2b: Sinistcha\n|-fieldend|move: Trick Room\n|\n|upkeep\n|\n|t:|1776584764\n|switch|p2a: Arcanine|Arcanine-Hisui, L50, M|71/100\n|-ability|p2a: Arcanine|Intimidate|boost\n|-unboost|p1a: Drampa|atk|1\n|-unboost|p1b: Sinistcha|atk|1\n|turn|4\n|\n|t:|1776584776\n|move|p2a: Arcanine|Rock Slide|p1a: Drampa|[spread] p1b\n|-miss|p2a: Arcanine|p1a: Drampa\n|-damage|p1b: Sinistcha|15/100\n|move|p2b: Sinistcha|Life Dew|p2b: Sinistcha|[spread] p2a,p2b\n|-heal|p2a: Arcanine|96/100\n|-heal|p2b: Sinistcha|100/100\n|move|p1a: Drampa|Dragon Pulse|p2a: Arcanine\n|-damage|p2a: Arcanine|25/100\n|cant|p1b: Sinistcha|flinch\n|\n|upkeep\n|turn|5\n|\n|t:|1776584808\n|move|p2a: Arcanine|Rock Slide|p1a: Drampa|[spread] p1a,p1b\n|-damage|p1a: Drampa|47/100\n|-damage|p1b: Sinistcha|0 fnt\n|faint|p1b: Sinistcha\n|-ability|p1a: Drampa|Berserk|boost\n|-boost|p1a: Drampa|spa|1\n|move|p2b: Sinistcha|Life Dew||[still]|[spread] p2a,p2b\n|-heal|p2a: Arcanine|50/100\n|-fail|p2b: Sinistcha|heal\n|move|p1a: Drampa|Heat Wave|p2b: Sinistcha|[spread] p2a,p2b\n|-resisted|p2a: Arcanine|2\n|-supereffective|p2b: Sinistcha|1\n|-damage|p2a: Arcanine|37/100\n|-damage|p2b: Sinistcha|13/100\n|-enditem|p2b: Sinistcha|Sitrus Berry|[eat]\n|-heal|p2b: Sinistcha|38/100|[from] item: Sitrus Berry\n|\n|upkeep\n|\n|t:|1776584820\n|switch|p1b: Farigiraf|Farigiraf, L50, F|100/100\n|turn|6\n|\n|t:|1776584833\n|move|p1a: Drampa|Protect|p1a: Drampa\n|-singleturn|p1a: Drampa|Protect\n|move|p2a: Arcanine|Flare Blitz|p1a: Drampa\n|-activate|p1a: Drampa|move: Protect\n|move|p2b: Sinistcha|Life Dew|p2b: Sinistcha|[spread] p2a,p2b\n|-heal|p2a: Arcanine|62/100\n|-heal|p2b: Sinistcha|63/100\n|move|p1b: Farigiraf|Trick Room|p1b: Farigiraf\n|-fieldstart|move: Trick Room|[of] p1b: Farigiraf\n|\n|upkeep\n|turn|7\n|\n|t:|1776584864\n|move|p1a: Drampa|Dragon Pulse|p2a: Arcanine\n|-damage|p2a: Arcanine|0 fnt\n|faint|p2a: Arcanine\n|move|p1b: Farigiraf|Psychic|p2b: Sinistcha\n|-damage|p2b: Sinistcha|26/100\n|move|p2b: Sinistcha|Life Dew|p2b: Sinistcha\n|-heal|p2b: Sinistcha|51/100\n|\n|upkeep\n|\n|t:|1776584872\n|switch|p2a: Kingambit|Kingambit, L50, M|100/100\n|turn|8\n|l|\u203dapfr\n|player|p1|\n|j|\u203dapfr\n|player|p1|apfr|clown|\n|\n|t:|1776584925\n|move|p1a: Drampa|Heat Wave|p2a: Kingambit|[spread] p2a,p2b\n|-supereffective|p2a: Kingambit|1\n|-supereffective|p2b: Sinistcha|1\n|-enditem|p2a: Kingambit|Focus Sash\n|-damage|p2a: Kingambit|1/100\n|-damage|p2b: Sinistcha|0 fnt\n|faint|p2b: Sinistcha\n|move|p1b: Farigiraf|Psychic|p2a: Kingambit\n|-immune|p2a: Kingambit\n|move|p2a: Kingambit|Low Kick|p1a: Drampa\n|-supereffective|p1a: Drampa|1\n|-damage|p1a: Drampa|0 fnt\n|faint|p1a: Drampa\n|\n|upkeep\n|\n|t:|1776584931\n|switch|p1a: Camerupt|Camerupt, L50, M|100/100\n|turn|9\n|inactive|Battle timer is ON: inactive players will automatically lose when time's up. (requested by apfr)\n|j| sammap\n|\n|t:|1776584947\n|move|p1a: Camerupt|Earth Power|p2a: Kingambit\n|-supereffective|p2a: Kingambit|1\n|-damage|p2a: Kingambit|0 fnt\n|faint|p2a: Kingambit\n|\n|win|apfr\n|raw|apfr's rating: 1498 &rarr; <strong>1519</strong><br />(+21 for winning)\n|raw|Flakenz's rating: 1517 &rarr; <strong>1496</strong><br />(-21 for losing)\n|l| sammap\n|l|\u203dapfr\n|player|p1|\n|l| Rivelta Kenshou\n|j| sbpkshowdown\n|l| sbpkshowdown\n",
  "uploadtime": 1776584948,
  "views": 27,
  "formatid": "gen9championsvgc2026regma",
  "rating": 1496,
  "private": 0,
  "password": null
}