{
  "id": "gen9championsvgc2026regma-2584476874",
  "format": "[Gen 9 Champions] VGC 2026 Reg M-A",
  "players": [
    "pebbles371279",
    "alvarriderr"
  ],
  "log": "|j|\u2606pebbles371279\n|j|\u2606alvarriderr\n|t:|1776263454\n|gametype|doubles\n|player|p1|pebbles371279|boarder|1120\n|player|p2|alvarriderr|hilbert-wonderlauncher|1154\n|gen|9\n|tier|[Gen 9 Champions] VGC 2026 Reg M-A\n|rated|\n|rule|Species Clause: Limit one of each Pok\u00e9mon\n|rule|Item Clause: Limit 1 of each item\n|clearpoke\n|poke|p1|Floette-Eternal, L50, F|\n|poke|p1|Garchomp, L50, M|\n|poke|p1|Talonflame, L50, M|\n|poke|p1|Maushold-Four, L50|\n|poke|p1|Rotom-Wash, L50|\n|poke|p1|Aegislash, L50, F|\n|poke|p2|Hawlucha, L50, M|\n|poke|p2|Excadrill, L50, F|\n|poke|p2|Tyranitar, L50, M|\n|poke|p2|Sinistcha, L50|\n|poke|p2|Rotom-Wash, L50|\n|poke|p2|Volcarona, L50, F|\n|teampreview|4\n|inactive|Battle timer is ON: inactive players will automatically lose when time's up. (requested by pebbles371279)\nalvarriderr has agreed to open team sheets.\n|inactive|pebbles371279 has 60 seconds left.\n|inactive|alvarriderr has 60 seconds left.\npebbles371279 rejected open team sheets.\n|inactive|alvarriderr has 30 seconds left.\n|\n|t:|1776263518\n|teamsize|p1|4\n|teamsize|p2|4\n|start\n|switch|p1a: Garchomp|Garchomp, L50, M|100/100\n|switch|p1b: Talonflame|Talonflame, L50, M|100/100\n|switch|p2a: Tyranitar|Tyranitar, L50, M|100/100\n|switch|p2b: Excadrill|Excadrill, L50, F|100/100\n|-weather|Sandstorm|[from] ability: Sand Stream|[of] p2a: Tyranitar\n|turn|1\n|inactive|pebbles371279 has 30 seconds left.\n|inactive|pebbles371279 has 20 seconds left.\n|inactive|pebbles371279 has 15 seconds left.\n|inactive|pebbles371279 has 10 seconds left.\n|inactive|pebbles371279 has 5 seconds left.\n|\n|t:|1776263569\n|move|p1b: Talonflame|Tailwind|p1b: Talonflame\n|-sidestart|p1: pebbles371279|move: Tailwind\n|move|p1a: Garchomp|Earthquake|p2a: Tyranitar|[spread] p2a,p2b\n|-immune|p1b: Talonflame\n|-supereffective|p2a: Tyranitar|1\n|-supereffective|p2b: Excadrill|1\n|-damage|p2a: Tyranitar|22/100\n|-enditem|p2b: Excadrill|Focus Sash\n|-damage|p2b: Excadrill|1/100\n|move|p2b: Excadrill|Iron Head|p1a: Garchomp\n|-damage|p1a: Garchomp|58/100\n|move|p2a: Tyranitar|Rock Slide|p1a: Garchomp|[spread] p1a,p1b\n|-resisted|p1a: Garchomp|1\n|-supereffective|p1b: Talonflame|2\n|-damage|p1a: Garchomp|43/100\n|-damage|p1b: Talonflame|0 fnt\n|faint|p1b: Talonflame\n|\n|-weather|Sandstorm|[upkeep]\n|upkeep\n|\n|t:|1776263578\n|switch|p1b: Rotom|Rotom-Wash, L50|100/100\n|turn|2\n|inactive|alvarriderr has 30 seconds left.\n|\n|t:|1776263611\n|switch|p2a: Sinistcha|Sinistcha, L50|100/100\n|-heal|p2b: Excadrill|26/100|[from] ability: Hospitality|[of] p2a: Sinistcha\n|move|p1b: Rotom|Helping Hand|p1a: Garchomp\n|-singleturn|p1a: Garchomp|Helping Hand|[of] p1b: Rotom\n|move|p2b: Excadrill|Protect|p2b: Excadrill\n|-singleturn|p2b: Excadrill|Protect\n|move|p1a: Garchomp|Earthquake|p2a: Sinistcha|[spread] p2a\n|-activate|p2b: Excadrill|move: Protect\n|-immune|p1b: Rotom|[from] ability: Levitate\n|-resisted|p2a: Sinistcha|1\n|-damage|p2a: Sinistcha|76/100\n|\n|-weather|Sandstorm|[upkeep]\n|-damage|p1b: Rotom|95/100|[from] Sandstorm\n|-damage|p2a: Sinistcha|70/100|[from] Sandstorm\n|upkeep\n|turn|3\n|inactive|pebbles371279 has 30 seconds left.\n|inactive|alvarriderr has 30 seconds left.\n|\n|t:|1776263644\n|switch|p2b: Rotom|Rotom-Wash, L50|100/100\n|move|p1a: Garchomp|Earthquake|p2b: Rotom|[spread] p2a\n|-immune|p1b: Rotom|[from] ability: Levitate\n|-immune|p2b: Rotom|[from] ability: Levitate\n|-resisted|p2a: Sinistcha|1\n|-damage|p2a: Sinistcha|54/100\n|move|p1b: Rotom|Volt Switch|p2a: Sinistcha\n|-resisted|p2a: Sinistcha|1\n|-damage|p2a: Sinistcha|35/100\n|-enditem|p2a: Sinistcha|Sitrus Berry|[eat]\n|-heal|p2a: Sinistcha|59/100|[from] item: Sitrus Berry\n|\n|t:|1776263657\n|switch|p1b: Floette|Floette-Eternal, L50, F|100/100|[from] Volt Switch\n|move|p2a: Sinistcha|Matcha Gotcha|p1b: Floette|[spread] p1a,p1b\n|-damage|p1a: Garchomp|17/100\n|-heal|p2a: Sinistcha|73/100|[from] drain|[of] p1a: Garchomp\n|-damage|p1b: Floette|80/100\n|-heal|p2a: Sinistcha|84/100|[from] drain|[of] p1b: Floette\n|-status|p1b: Floette|brn\n|\n|-weather|Sandstorm|[upkeep]\n|-damage|p1b: Floette|74/100 brn|[from] Sandstorm\n|-damage|p2b: Rotom|95/100|[from] Sandstorm\n|-damage|p2a: Sinistcha|77/100|[from] Sandstorm\n|-heal|p2b: Rotom|100/100|[from] item: Leftovers\n|-damage|p1b: Floette|68/100 brn|[from] brn\n|upkeep\n|turn|4\n|inactive|alvarriderr has 30 seconds left.\n|inactive|alvarriderr has 20 seconds left.\n|inactive|alvarriderr has 15 seconds left.\n|\n|t:|1776263697\n|detailschange|p1b: Floette|Floette-Mega, L50, F\n|-mega|p1b: Floette|Floette|Floettite\n|-ability|p1b: Floette|Fairy Aura\n|move|p1a: Garchomp|Stone Edge|p2b: Rotom\n|-damage|p2b: Rotom|63/100\n|move|p1b: Floette|Dazzling Gleam|p2b: Rotom|[spread] p2a,p2b\n|-damage|p2a: Sinistcha|17/100\n|-damage|p2b: Rotom|4/100\n|move|p2b: Rotom|Volt Switch|p1b: Floette\n|-damage|p1b: Floette|51/100 brn\n|\n|t:|1776263710\n|switch|p2b: Excadrill|Excadrill, L50, F|26/100|[from] Volt Switch\n|move|p2a: Sinistcha|Matcha Gotcha|p1a: Garchomp|[spread] p1a,p1b\n|-damage|p1a: Garchomp|0 fnt\n|-heal|p2a: Sinistcha|25/100|[from] drain|[of] p1a: Garchomp\n|-damage|p1b: Floette|34/100 brn\n|-heal|p2a: Sinistcha|34/100|[from] drain|[of] p1b: Floette\n|faint|p1a: Garchomp\n|\n|-weather|Sandstorm|[upkeep]\n|-damage|p1b: Floette|28/100 brn|[from] Sandstorm\n|-damage|p2a: Sinistcha|28/100|[from] Sandstorm\n|-damage|p1b: Floette|21/100 brn|[from] brn\n|-sideend|p1: pebbles371279|move: Tailwind\n|upkeep\n|\n|t:|1776263717\n|switch|p1a: Rotom|Rotom-Wash, L50|95/100\n|turn|5\n|\n|t:|1776263742\n|move|p1b: Floette|Protect|p1b: Floette\n|-singleturn|p1b: Floette|Protect\n|move|p2b: Excadrill|Iron Head|p1b: Floette\n|-activate|p1b: Floette|move: Protect\n|move|p1a: Rotom|Hydro Pump|p2b: Excadrill\n|-supereffective|p2b: Excadrill|1\n|-crit|p2b: Excadrill\n|-damage|p2b: Excadrill|0 fnt\n|faint|p2b: Excadrill\n|move|p2a: Sinistcha|Matcha Gotcha|p1b: Floette|[spread] p1a\n|-activate|p1b: Floette|move: Protect\n|-supereffective|p1a: Rotom|1\n|-damage|p1a: Rotom|40/100\n|-heal|p2a: Sinistcha|52/100|[from] drain|[of] p1a: Rotom\n|-status|p1a: Rotom|brn\n|-enditem|p1a: Rotom|Sitrus Berry|[eat]\n|-heal|p1a: Rotom|65/100 brn|[from] item: Sitrus Berry\n|\n|-weather|none\n|-damage|p1b: Floette|15/100 brn|[from] brn\n|-damage|p1a: Rotom|59/100 brn|[from] brn\n|upkeep\n|\n|t:|1776263761\n|switch|p2b: Tyranitar|Tyranitar, L50, M|22/100\n|-weather|Sandstorm|[from] ability: Sand Stream|[of] p2b: Tyranitar\n|turn|6\n|inactive|alvarriderr has 30 seconds left.\n|inactive|alvarriderr has 20 seconds left.\n|\n|t:|1776263799\n|move|p2b: Tyranitar|Protect|p2b: Tyranitar\n|-singleturn|p2b: Tyranitar|Protect\n|move|p1b: Floette|Dazzling Gleam|p2a: Sinistcha|[spread] p2a\n|-activate|p2b: Tyranitar|move: Protect\n|-damage|p2a: Sinistcha|0 fnt\n|faint|p2a: Sinistcha\n|move|p1a: Rotom|Hydro Pump|p2b: Tyranitar\n|-activate|p2b: Tyranitar|move: Protect\n|\n|-weather|Sandstorm|[upkeep]\n|-damage|p1b: Floette|9/100 brn|[from] Sandstorm\n|-damage|p1a: Rotom|53/100 brn|[from] Sandstorm\n|-damage|p1b: Floette|3/100 brn|[from] brn\n|-damage|p1a: Rotom|48/100 brn|[from] brn\n|upkeep\n|\n|t:|1776263815\n|switch|p2a: Rotom|Rotom-Wash, L50|4/100\n|turn|7\n|inactive|alvarriderr has 30 seconds left.\n|\n|t:|1776263842\n|move|p2a: Rotom|Protect|p2a: Rotom\n|-singleturn|p2a: Rotom|Protect\n|move|p2b: Tyranitar|Protect||[still]\n|-fail|p2b: Tyranitar\n|move|p1b: Floette|Dazzling Gleam|p2b: Tyranitar|[spread] p2b\n|-activate|p2a: Rotom|move: Protect\n|-supereffective|p2b: Tyranitar|1\n|-damage|p2b: Tyranitar|0 fnt\n|faint|p2b: Tyranitar\n|move|p1a: Rotom|Thunderbolt|p2a: Rotom\n|-activate|p2a: Rotom|move: Protect\n|\n|-weather|Sandstorm|[upkeep]\n|-damage|p2a: Rotom|0 fnt|[from] Sandstorm\n|-damage|p1b: Floette|0 fnt|[from] Sandstorm\n|-damage|p1a: Rotom|42/100 brn|[from] Sandstorm\n|faint|p2a: Rotom\n|faint|p1b: Floette\n|\n|win|pebbles371279\n|raw|pebbles371279's rating: 1120 &rarr; <strong>1147</strong><br />(+27 for winning)\n|raw|alvarriderr's rating: 1154 &rarr; <strong>1127</strong><br />(-27 for losing)\n|c|\u2606alvarriderr|gg\n|c|\u2606pebbles371279|gg\n|l|\u2606pebbles371279\n|player|p1|\n",
  "uploadtime": 1776263902,
  "views": 40,
  "formatid": "gen9championsvgc2026regma",
  "rating": 1127,
  "private": 0,
  "password": null
}