{
  "id": "gen9championsvgc2026regma-2585983192",
  "format": "[Gen 9 Champions] VGC 2026 Reg M-A",
  "players": [
    "a4itw0qwaejrweaw",
    "howie dewit"
  ],
  "log": "|j|\u2606a4itw0qwaejrweaw\n|j|\u2606howie dewit\n|t:|1776387425\n|gametype|doubles\n|player|p1|a4itw0qwaejrweaw|alder|1040\n|player|p2|howie dewit|collector|1000\n|gen|9\n|tier|[Gen 9 Champions] VGC 2026 Reg M-A\n|rated|\n|rule|Species Clause: Limit one of each Pok\u00e9mon\n|rule|Item Clause: Limit 1 of each item\n|clearpoke\n|poke|p1|Scizor, L50, M|\n|poke|p1|Tyranitar, L50, M|\n|poke|p1|Golurk, L50|\n|poke|p1|Volcarona, L50, F|\n|poke|p1|Milotic, L50, F|\n|poke|p1|Dragapult, L50, M|\n|poke|p2|Charizard, L50, F|\n|poke|p2|Venusaur, L50, M|\n|poke|p2|Rotom-Wash, L50|\n|poke|p2|Sneasler, L50, M|\n|poke|p2|Beedrill, L50, F|\n|poke|p2|Incineroar, L50, M|\n|teampreview|4\n|inactive|Battle timer is ON: inactive players will automatically lose when time's up. (requested by howie dewit)\n|\n|t:|1776387445\n|teamsize|p1|4\n|teamsize|p2|4\n|start\n|switch|p1a: Dragapult|Dragapult, L50, M|100/100\n|switch|p1b: Golurk|Golurk, L50|100/100\n|switch|p2a: Beedrill|Beedrill, L50, F, shiny|100/100\n|switch|p2b: Venusaur|Venusaur, L50, M|100/100\n|turn|1\n|inactive|howie dewit has 30 seconds left.\n|\n|t:|1776387473\n|switch|p2a: Charizard|Charizard, L50, F, shiny|100/100\n|detailschange|p1b: Golurk|Golurk-Mega, L50\n|-mega|p1b: Golurk|Golurk|Golurkite\n|move|p1a: Dragapult|Helping Hand|p1b: Golurk\n|-singleturn|p1b: Golurk|Helping Hand|[of] p1a: Dragapult\n|move|p2b: Venusaur|Sleep Powder|p1a: Dragapult\n|-status|p1a: Dragapult|slp|[from] move: Sleep Powder\n|move|p1b: Golurk|Self-Destruct|p2b: Venusaur|[spread] p2a,p2b\n|-immune|p1a: Dragapult\n|-damage|p2a: Charizard|0 fnt\n|-damage|p2b: Venusaur|0 fnt\n|faint|p1b: Golurk\n|faint|p2a: Charizard\n|faint|p2b: Venusaur\n|\n|upkeep\n|inactive|a4itw0qwaejrweaw has 30 seconds left.\n|\n|t:|1776387506\n|switch|p2a: Beedrill|Beedrill, L50, F, shiny|100/100\n|switch|p2b: Rotom|Rotom-Wash, L50|100/100\n|switch|p1b: Volcarona|Volcarona, L50, F|100/100\n|turn|2\n|\n|t:|1776387525\n|detailschange|p2a: Beedrill|Beedrill-Mega, L50, F, shiny\n|-mega|p2a: Beedrill|Beedrill|Beedrillite\n|move|p2b: Rotom|Hydro Pump|p1b: Volcarona|[miss]\n|-miss|p2b: Rotom|p1b: Volcarona\n|move|p2a: Beedrill|Poison Jab|p1b: Volcarona|[miss]\n|-miss|p2a: Beedrill|p1b: Volcarona\n|cant|p1a: Dragapult|slp\n|move|p1b: Volcarona|Quiver Dance|p1b: Volcarona\n|-boost|p1b: Volcarona|spa|1\n|-boost|p1b: Volcarona|spd|1\n|-boost|p1b: Volcarona|spe|1\n|\n|upkeep\n|turn|3\n|inactive|a4itw0qwaejrweaw has 30 seconds left.\n|\n|t:|1776387552\n|move|p2b: Rotom|Hydro Pump|p1b: Volcarona\n|-supereffective|p1b: Volcarona|1\n|-damage|p1b: Volcarona|44/100\n|move|p2a: Beedrill|Poison Jab|p1b: Volcarona\n|-damage|p1b: Volcarona|0 fnt\n|faint|p1b: Volcarona\n|cant|p1a: Dragapult|slp\n|\n|upkeep\n|\n|t:|1776387561\n|switch|p1b: Milotic|Milotic, L50, F|100/100\n|turn|4\n|\n|t:|1776387575\n|move|p2b: Rotom|Hydro Pump|p1a: Dragapult|[miss]\n|-miss|p2b: Rotom|p1a: Dragapult\n|move|p2a: Beedrill|Poison Jab|p1a: Dragapult\n|-resisted|p1a: Dragapult|1\n|-damage|p1a: Dragapult|59/100 slp\n|-curestatus|p1a: Dragapult|slp|[msg]\n|move|p1a: Dragapult|Fire Blast|p2a: Beedrill\n|-supereffective|p2a: Beedrill|1\n|-damage|p2a: Beedrill|3/100\n|move|p1b: Milotic|Coil|p1b: Milotic\n|-boost|p1b: Milotic|atk|1\n|-boost|p1b: Milotic|def|1\n|-boost|p1b: Milotic|accuracy|1\n|\n|upkeep\n|turn|5\n|\n|t:|1776387598\n|move|p2a: Beedrill|Protect|p2a: Beedrill\n|-singleturn|p2a: Beedrill|Protect\n|move|p2b: Rotom|Hydro Pump|p1a: Dragapult|[miss]\n|-miss|p2b: Rotom|p1a: Dragapult\n|move|p1a: Dragapult|Shadow Ball|p2b: Rotom\n|-damage|p2b: Rotom|50/100\n|-unboost|p2b: Rotom|spd|1\n|move|p1b: Milotic|Coil|p1b: Milotic\n|-boost|p1b: Milotic|atk|1\n|-boost|p1b: Milotic|def|1\n|-boost|p1b: Milotic|accuracy|1\n|\n|upkeep\n|turn|6\n|\n|t:|1776387608\n|move|p2b: Rotom|Hydro Pump|p1b: Milotic\n|-resisted|p1b: Milotic|1\n|-damage|p1b: Milotic|83/100\n|move|p2a: Beedrill|Poison Jab|p1b: Milotic\n|-damage|p1b: Milotic|58/100\n|-status|p1b: Milotic|psn\n|move|p1a: Dragapult|Shadow Ball|p2b: Rotom\n|-damage|p2b: Rotom|0 fnt\n|faint|p2b: Rotom\n|move|p1b: Milotic|Coil|p1b: Milotic\n|-boost|p1b: Milotic|atk|1\n|-boost|p1b: Milotic|def|1\n|-boost|p1b: Milotic|accuracy|1\n|\n|-damage|p1b: Milotic|46/100 psn|[from] psn\n|upkeep\n|turn|7\n|\n|t:|1776387614\n|move|p2a: Beedrill|Protect|p2a: Beedrill\n|-singleturn|p2a: Beedrill|Protect\n|move|p1a: Dragapult|Shadow Ball|p2a: Beedrill\n|-activate|p2a: Beedrill|move: Protect\n|move|p1b: Milotic|Recover|p1b: Milotic\n|-heal|p1b: Milotic|96/100 psn\n|\n|-damage|p1b: Milotic|83/100 psn|[from] psn\n|upkeep\n|turn|8\n|\n|t:|1776387618\n|move|p2a: Beedrill|Poison Jab|p1b: Milotic\n|-damage|p1b: Milotic|70/100 psn\n|move|p1a: Dragapult|Shadow Ball|p2a: Beedrill\n|-damage|p2a: Beedrill|0 fnt\n|faint|p2a: Beedrill\n|\n|win|a4itw0qwaejrweaw\n|raw|a4itw0qwaejrweaw's rating: 1040 &rarr; <strong>1070</strong><br />(+30 for winning)\n|raw|howie dewit's rating: 1000 &rarr; <strong>1000</strong><br />(+0 for losing)\n|l|\u2606howie dewit\n|player|p2|\n",
  "uploadtime": 1776387623,
  "views": 18,
  "formatid": "gen9championsvgc2026regma",
  "rating": 1000,
  "private": 0,
  "password": null
}