{
  "id": "gen9championsvgc2026regma-2585322937",
  "format": "[Gen 9 Champions] VGC 2026 Reg M-A",
  "players": [
    "spreckz",
    "goatdolphin"
  ],
  "log": "|j|\u2606spreckz\n|j|\u2606goatdolphin\n|t:|1776337727\n|gametype|doubles\n|player|p1|spreckz|miku-ghost|1275\n|player|p2|goatdolphin|miku-water|1293\n|gen|9\n|tier|[Gen 9 Champions] VGC 2026 Reg M-A\n|rated|\n|rule|Species Clause: Limit one of each Pok\u00e9mon\n|rule|Item Clause: Limit 1 of each item\n|clearpoke\n|poke|p1|Drampa, L50, M|\n|poke|p1|Sinistcha, L50|\n|poke|p1|Kingambit, L50, M|\n|poke|p1|Incineroar, L50, M|\n|poke|p1|Farigiraf, L50, M|\n|poke|p1|Milotic, L50, F|\n|poke|p2|Gourgeist-*, L50, F|\n|poke|p2|Camerupt, L50, M|\n|poke|p2|Torkoal, L50, M|\n|poke|p2|Tsareena, L50, F|\n|poke|p2|Farigiraf, L50, F|\n|poke|p2|Blastoise, L50, F|\n|teampreview|4\n|\n|t:|1776337760\n|teamsize|p1|4\n|teamsize|p2|4\n|start\n|switch|p1a: Incineroar|Incineroar, L50, M|100/100\n|switch|p1b: Milotic|Milotic, L50, F, shiny|100/100\n|switch|p2a: Gourgeist|Gourgeist-Super, L50, F|100/100\n|switch|p2b: Farigiraf|Farigiraf, L50, F|100/100\n|-ability|p1a: Incineroar|Intimidate|boost\n|-unboost|p2a: Gourgeist|atk|1\n|-unboost|p2b: Farigiraf|atk|1\n|-item|p1a: Incineroar|Chople Berry|[from] ability: Frisk|[of] p2a: Gourgeist\n|-item|p1b: Milotic|Leftovers|[from] ability: Frisk|[of] p2a: Gourgeist\n|turn|1\n|\n|t:|1776337803\n|move|p2b: Farigiraf|Endure|p2b: Farigiraf\n|-singleturn|p2b: Farigiraf|move: Endure\n|move|p1b: Milotic|Scald|p2b: Farigiraf\n|-damage|p2b: Farigiraf|80/100\n|move|p1a: Incineroar|Darkest Lariat|p2b: Farigiraf\n|-supereffective|p2b: Farigiraf|1\n|-enditem|p2b: Farigiraf|Colbur Berry|[eat]\n|-enditem|p2b: Farigiraf|Colbur Berry|[weaken]\n|-damage|p2b: Farigiraf|35/100\n|move|p2a: Gourgeist|Trick Room|p2a: Gourgeist\n|-fieldstart|move: Trick Room|[of] p2a: Gourgeist\n|\n|upkeep\n|turn|2\n|\n|t:|1776337830\n|move|p1b: Milotic|Protect|p1b: Milotic\n|-singleturn|p1b: Milotic|Protect\n|move|p2a: Gourgeist|Destiny Bond|p2a: Gourgeist\n|-singlemove|p2a: Gourgeist|Destiny Bond\n|move|p2b: Farigiraf|Endeavor|p1a: Incineroar\n|-damage|p1a: Incineroar|39/100\n|move|p1a: Incineroar|Flare Blitz|p2a: Gourgeist\n|-supereffective|p2a: Gourgeist|1\n|-damage|p2a: Gourgeist|4/100\n|-damage|p1a: Incineroar|9/100|[from] Recoil\n|\n|-activate|p2b: Farigiraf|ability: Cud Chew\n|-enditem|p2b: Farigiraf|Colbur Berry|[eat]\n|upkeep\n|turn|3\n|\n|t:|1776337892\n|move|p2a: Gourgeist|Explosion|p1b: Milotic|[spread] p2b,p1a,p1b\n|-damage|p2b: Farigiraf|0 fnt\n|-damage|p1a: Incineroar|0 fnt\n|-damage|p1b: Milotic|72/100\n|faint|p2a: Gourgeist\n|faint|p2b: Farigiraf\n|faint|p1a: Incineroar\n|move|p1b: Milotic|Scald|p2: Gourgeist|[notarget]\n|-fail|p1b: Milotic\n|\n|-heal|p1b: Milotic|78/100|[from] item: Leftovers\n|upkeep\n|\n|t:|1776337912\n|switch|p2a: Torkoal|Torkoal, L50, M|100/100\n|switch|p2b: Camerupt|Camerupt, L50, M, shiny|100/100\n|switch|p1a: Drampa|Drampa, L50, M, shiny|100/100\n|-weather|SunnyDay|[from] ability: Drought|[of] p2a: Torkoal\n|-ability|p1a: Drampa|Cloud Nine\n|turn|4\n|\n|t:|1776337957\n|detailschange|p1a: Drampa|Drampa-Mega, L50, M, shiny\n|-mega|p1a: Drampa|Drampa|Drampanite\n|move|p2a: Torkoal|Eruption|p1b: Milotic|[spread] p1a,p1b\n|-resisted|p1a: Drampa|1\n|-resisted|p1b: Milotic|1\n|-damage|p1a: Drampa|66/100\n|-damage|p1b: Milotic|44/100\n|move|p1a: Drampa|Hyper Voice|p2a: Torkoal|[spread] p2a,p2b\n|-damage|p2a: Torkoal|46/100\n|-damage|p2b: Camerupt|38/100\n|move|p2b: Camerupt|Heat Wave|p1b: Milotic|[spread] p1a,p1b\n|-resisted|p1a: Drampa|1\n|-resisted|p1b: Milotic|1\n|-damage|p1a: Drampa|43/100\n|-damage|p1b: Milotic|25/100\n|-ability|p1a: Drampa|Berserk|boost\n|-boost|p1a: Drampa|spa|1\n|move|p1b: Milotic|Scald|p2b: Camerupt\n|-supereffective|p2b: Camerupt|2\n|-damage|p2b: Camerupt|0 fnt\n|faint|p2b: Camerupt\n|\n|-weather|SunnyDay|[upkeep]\n|-heal|p1b: Milotic|31/100|[from] item: Leftovers\n|upkeep\n|turn|5\n|c|\u2606goatdolphin|whoops\n|\n|t:|1776337989\n|move|p2a: Torkoal|Solar Beam||[still]\n|-prepare|p2a: Torkoal|Solar Beam\n|-anim|p2a: Torkoal|Solar Beam|p1b: Milotic\n|-supereffective|p1b: Milotic|1\n|-damage|p1b: Milotic|0 fnt\n|faint|p1b: Milotic\n|move|p1a: Drampa|Hyper Voice|p2a: Torkoal\n|-damage|p2a: Torkoal|0 fnt\n|faint|p2a: Torkoal\n|\n|win|spreckz\n|raw|spreckz's rating: 1275 &rarr; <strong>1301</strong><br />(+26 for winning)\n|raw|goatdolphin's rating: 1293 &rarr; <strong>1267</strong><br />(-26 for losing)\n",
  "uploadtime": 1776338001,
  "views": 42,
  "formatid": "gen9championsvgc2026regma",
  "rating": 1267,
  "private": 0,
  "password": null
}