{
  "id": "gen9championsvgc2026regma-2587842432",
  "format": "[Gen 9 Champions] VGC 2026 Reg M-A",
  "players": [
    "Marspiter",
    "SilverVT"
  ],
  "log": "|j|\u2606Marspiter\n|j|\u2606SilverVT\n|t:|1776569653\n|gametype|doubles\n|player|p1|Marspiter|steven|1440\n|player|p2|SilverVT|silver-masters|1524\n|gen|9\n|tier|[Gen 9 Champions] VGC 2026 Reg M-A\n|rated|\n|rule|Species Clause: Limit one of each Pok\u00e9mon\n|rule|Item Clause: Limit 1 of each item\n|clearpoke\n|poke|p1|Scizor, L50, F|\n|poke|p1|Basculegion, L50, M|\n|poke|p1|Sneasler, L50, M|\n|poke|p1|Archaludon, L50, F|\n|poke|p1|Pelipper, L50, M|\n|poke|p1|Dragonite, L50, F|\n|poke|p2|Whimsicott, L50, F|\n|poke|p2|Gardevoir, L50, F|\n|poke|p2|Garchomp, L50, M|\n|poke|p2|Incineroar, L50, F|\n|poke|p2|Sneasler, L50, F|\n|poke|p2|Farigiraf, L50, M|\n|teampreview|4\n|inactive|Battle timer is ON: inactive players will automatically lose when time's up. (requested by SilverVT)\n|inactive|Marspiter has 60 seconds left.\n|inactive|SilverVT has 60 seconds left.\n|\n|t:|1776569688\n|teamsize|p1|4\n|teamsize|p2|4\n|start\n|switch|p1a: Sneasler|Sneasler, L50, M|100/100\n|switch|p1b: Pelipper|Pelipper, L50, M|100/100\n|switch|p2a: Whimsicott|Whimsicott, L50, F|100/100\n|switch|p2b: Gardevoir|Gardevoir, L50, F|100/100\n|-weather|RainDance|[from] ability: Drizzle|[of] p1b: Pelipper\n|-ability|p2b: Gardevoir|Unburden|Trace|[from] ability: Trace|[of] p1a: Sneasler\n|turn|1\n|inactive|Marspiter has 30 seconds left.\n|inactive|SilverVT has 30 seconds left.\n|\n|t:|1776569721\n|switch|p2b: Farigiraf|Farigiraf, L50, M|100/100\n|move|p1a: Sneasler|Fake Out||[still]\n|cant|p2b: Farigiraf|ability: Armor Tail|Fake Out|[of] p1a: Sneasler\n|move|p2a: Whimsicott|Moonblast|p1b: Pelipper\n|-damage|p1b: Pelipper|38/100\n|-unboost|p1b: Pelipper|spa|1\n|move|p1b: Pelipper|Tailwind|p1b: Pelipper\n|-sidestart|p1: Marspiter|move: Tailwind\n|\n|-weather|RainDance|[upkeep]\n|upkeep\n|turn|2\n|inactive|Marspiter has 30 seconds left.\n|inactive|SilverVT has 30 seconds left.\n|\n|t:|1776569749\n|move|p2a: Whimsicott|Encore|p1a: Sneasler\n|-start|p1a: Sneasler|Encore\n|move|p1a: Sneasler|Fake Out||[still]\n|cant|p2b: Farigiraf|ability: Armor Tail|Fake Out|[of] p1a: Sneasler\n|move|p1b: Pelipper|Hurricane|p2a: Whimsicott\n|-supereffective|p2a: Whimsicott|1\n|-damage|p2a: Whimsicott|2/100\n|move|p2b: Farigiraf|Trick Room|p2b: Farigiraf\n|-fieldstart|move: Trick Room|[of] p2b: Farigiraf\n|\n|-weather|RainDance|[upkeep]\n|upkeep\n|turn|3\n|\n|t:|1776569772\n|switch|p2a: Gardevoir|Gardevoir, L50, F|100/100\n|-ability|p2a: Gardevoir|Drizzle|Trace|[from] ability: Trace|[of] p1b: Pelipper\n|switch|p1a: Scizor|Scizor, L50, F|100/100\n|move|p2b: Farigiraf|Hyper Voice|p1a: Scizor|[spread] p1a,p1b\n|-resisted|p1a: Scizor|1\n|-crit|p1a: Scizor\n|-damage|p1a: Scizor|77/100\n|-damage|p1b: Pelipper|0 fnt\n|faint|p1b: Pelipper\n|\n|-weather|RainDance|[upkeep]\n|upkeep\n|\n|t:|1776569792\n|switch|p1b: Basculegion|Basculegion, L50, M|100/100\n|turn|4\n|\n|t:|1776569800\n|detailschange|p2a: Gardevoir|Gardevoir-Mega, L50, F\n|-mega|p2a: Gardevoir|Gardevoir|Gardevoirite\n|detailschange|p1a: Scizor|Scizor-Mega, L50, F\n|-mega|p1a: Scizor|Scizor|Scizorite\n|move|p2b: Farigiraf|Psychic Terrain|p2b: Farigiraf\n|-fieldstart|move: Psychic Terrain\n|move|p2a: Gardevoir|Expanding Force|p1b: Basculegion|[spread] p1a,p1b\n|-resisted|p1a: Scizor|1\n|-damage|p1a: Scizor|35/100\n|-damage|p1b: Basculegion|11/100\n|move|p1a: Scizor|Swords Dance|p1a: Scizor\n|-boost|p1a: Scizor|atk|2\n|move|p1b: Basculegion|Flip Turn|p2a: Gardevoir\n|-damage|p2a: Gardevoir|23/100\n|\n|t:|1776569814\n|switch|p1b: Sneasler|Sneasler, L50, M|100/100|[from] Flip Turn\n|\n|-weather|RainDance|[upkeep]\n|-sideend|p1: Marspiter|move: Tailwind\n|upkeep\n|turn|5\n|\n|t:|1776569822\n|switch|p2a: Garchomp|Garchomp, L50, M|100/100\n|move|p1b: Sneasler|Protect|p1b: Sneasler\n|-singleturn|p1b: Sneasler|Protect\n|move|p2b: Farigiraf|Hyper Voice|p1b: Sneasler|[spread] p1a\n|-activate|p1b: Sneasler|move: Protect\n|-resisted|p1a: Scizor|1\n|-damage|p1a: Scizor|22/100\n|move|p1a: Scizor|Bug Bite|p2b: Farigiraf\n|-supereffective|p2b: Farigiraf|1\n|-damage|p2b: Farigiraf|0 fnt\n|-enditem|p2b: Farigiraf|Sitrus Berry|[from] stealeat|[move] Bug Bite|[of] p1a: Scizor\n|-heal|p1a: Scizor|46/100|[from] item: Sitrus Berry\n|faint|p2b: Farigiraf\n|\n|-weather|none\n|upkeep\n|\n|t:|1776569839\n|switch|p2b: Whimsicott|Whimsicott, L50, F|2/100\n|turn|6\n|inactive|Marspiter has 30 seconds left.\n|\n|t:|1776569865\n|move|p2b: Whimsicott|Protect|p2b: Whimsicott\n|-singleturn|p2b: Whimsicott|Protect\n|move|p1a: Scizor|Bug Bite|p2b: Whimsicott\n|-activate|p2b: Whimsicott|move: Protect\n|move|p2a: Garchomp|Stomping Tantrum|p1b: Sneasler\n|-supereffective|p1b: Sneasler|1\n|-damage|p1b: Sneasler|0 fnt\n|faint|p1b: Sneasler\n|\n|-fieldend|move: Trick Room\n|upkeep\n|\n|t:|1776569877\n|switch|p1b: Basculegion|Basculegion, L50, M|11/100\n|turn|7\n|\n|t:|1776569888\n|move|p2b: Whimsicott|Tailwind|p2b: Whimsicott\n|-sidestart|p2: SilverVT|move: Tailwind\n|move|p2a: Garchomp|Stomping Tantrum|p1b: Basculegion\n|-damage|p1b: Basculegion|0 fnt\n|faint|p1b: Basculegion\n|move|p1a: Scizor|Bug Bite|p2a: Garchomp\n|-damage|p2a: Garchomp|0 fnt\n|-damage|p1a: Scizor|34/100|[from] ability: Rough Skin|[of] p2a: Garchomp\n|faint|p2a: Garchomp\n|\n|upkeep\n|\n|t:|1776569899\n|switch|p2a: Gardevoir|Gardevoir-Mega, L50, F|23/100\n|turn|8\n|\n|t:|1776569904\n|move|p1a: Scizor|Protect|p1a: Scizor\n|-singleturn|p1a: Scizor|Protect\n|move|p2b: Whimsicott|Moonblast|p1a: Scizor\n|-activate|p1a: Scizor|move: Protect\n|move|p2a: Gardevoir|Expanding Force|p1a: Scizor\n|-activate|p1a: Scizor|move: Protect\n|\n|-fieldend|move: Psychic Terrain\n|upkeep\n|turn|9\n|\n|t:|1776569926\n|move|p2b: Whimsicott|Encore|p1a: Scizor\n|-start|p1a: Scizor|Encore\n|move|p1a: Scizor|Protect|p1a: Scizor\n|-singleturn|p1a: Scizor|Protect\n|move|p2a: Gardevoir|Hyper Voice|p1a: Scizor\n|-activate|p1a: Scizor|move: Protect\n|\n|upkeep\n|turn|10\n|-message|Marspiter forfeited.\n|\n|win|SilverVT\n|raw|Marspiter's rating: 1440 &rarr; <strong>1425</strong><br />(-15 for losing)\n|raw|SilverVT's rating: 1524 &rarr; <strong>1539</strong><br />(+15 for winning)\n|l|\u2606Marspiter\n|player|p1|\n",
  "uploadtime": 1776569977,
  "views": 14,
  "formatid": "gen9championsvgc2026regma",
  "rating": 1425,
  "private": 0,
  "password": null
}