{
  "id": "gen9championsvgc2026regma-2582362163",
  "format": "[Gen 9 Champions] VGC 2026 Reg M-A",
  "players": [
    "cheddarchicken",
    "Troubler40"
  ],
  "log": "|j|\u2606cheddarchicken\n|j|\u2606Troubler40\n|t:|1776086455\n|gametype|doubles\n|player|p1|cheddarchicken|plasmagruntf|1084\n|player|p2|Troubler40|101|1110\n|gen|9\n|tier|[Gen 9 Champions] VGC 2026 Reg M-A\n|rated|\n|rule|Species Clause: Limit one of each Pok\u00e9mon\n|rule|Item Clause: Limit 1 of each item\n|clearpoke\n|poke|p1|Excadrill, L50, F|\n|poke|p1|Basculegion, L50, M|\n|poke|p1|Archaludon, L50, M|\n|poke|p1|Whimsicott, L50, F|\n|poke|p1|Pelipper, L50, M|\n|poke|p1|Kangaskhan, L50, F|\n|poke|p2|Froslass, L50, F|\n|poke|p2|Kingambit, L50, F|\n|poke|p2|Primarina, L50, M|\n|poke|p2|Arcanine-Hisui, L50, F|\n|poke|p2|Ninetales-Alola, L50, F|\n|poke|p2|Volcarona, L50, F|\n|teampreview|4\n|inactive|Battle timer is ON: inactive players will automatically lose when time's up. (requested by cheddarchicken)\n|inactive|Troubler40 has 60 seconds left.\n|\n|t:|1776086497\n|teamsize|p1|4\n|teamsize|p2|4\n|start\n|switch|p1a: Kangaskhan|Kangaskhan, L50, F|100/100\n|switch|p1b: Whimsicott|Whimsicott, L50, F|100/100\n|switch|p2a: Froslass|Froslass, L50, F|100/100\n|switch|p2b: Primarina|Primarina, L50, M|100/100\n|turn|1\n|\n|t:|1776086519\n|switch|p2b: Kingambit|Kingambit, L50, F|100/100\n|move|p2a: Froslass|Protect|p2a: Froslass\n|-singleturn|p2a: Froslass|Protect\n|move|p1a: Kangaskhan|Fake Out|p2a: Froslass\n|-activate|p2a: Froslass|move: Protect\n|move|p1b: Whimsicott|Encore|p2a: Froslass\n|-activate|p2a: Froslass|move: Protect\n|\n|upkeep\n|turn|2\n|inactive|Troubler40 has 30 seconds left.\n|\n|t:|1776086546\n|detailschange|p2a: Froslass|Froslass-Mega, L50, F\n|-mega|p2a: Froslass|Froslass|Froslassite\n|-weather|Snowscape|[from] ability: Snow Warning|[of] p2a: Froslass\n|detailschange|p1a: Kangaskhan|Kangaskhan-Mega, L50, F\n|-mega|p1a: Kangaskhan|Kangaskhan|Kangaskhanite\n|move|p1b: Whimsicott|Encore|p2a: Froslass\n|-start|p2a: Froslass|Encore\n|move|p2a: Froslass|Protect||[still]\n|-fail|p2a: Froslass\n|move|p1a: Kangaskhan|Drain Punch|p2b: Kingambit\n|-supereffective|p2b: Kingambit|2\n|-damage|p2b: Kingambit|25/100\n|-supereffective|p2b: Kingambit|2\n|-damage|p2b: Kingambit|4/100\n|-hitcount|p2b: Kingambit|2\n|move|p2b: Kingambit|Swords Dance|p2b: Kingambit\n|-boost|p2b: Kingambit|atk|2\n|\n|-weather|Snowscape|[upkeep]\n|upkeep\n|turn|3\n|\n|t:|1776086568\n|switch|p2a: Primarina|Primarina, L50, M|100/100\n|move|p1b: Whimsicott|Tailwind|p1b: Whimsicott\n|-sidestart|p1: cheddarchicken|move: Tailwind\n|move|p1a: Kangaskhan|Sucker Punch|p2b: Kingambit\n|-resisted|p2b: Kingambit|1\n|-damage|p2b: Kingambit|0 fnt\n|faint|p2b: Kingambit\n|-end|p2b: Kingambit|fallenundefined|[silent]\n|-hitcount|p2: Kingambit|1\n|\n|-weather|Snowscape|[upkeep]\n|upkeep\n|\n|t:|1776086579\n|switch|p2b: Froslass|Froslass-Mega, L50, F|100/100\n|turn|4\n|\n|t:|1776086602\n|switch|p1b: Pelipper|Pelipper, L50, M|100/100\n|-weather|RainDance|[from] ability: Drizzle|[of] p1b: Pelipper\n|move|p2a: Primarina|Protect|p2a: Primarina\n|-singleturn|p2a: Primarina|Protect\n|move|p1a: Kangaskhan|Double-Edge|p2a: Primarina\n|-activate|p2a: Primarina|move: Protect\n|move|p2b: Froslass|Blizzard|p1a: Kangaskhan|[spread] p1a,p1b\n|-damage|p1a: Kangaskhan|54/100\n|-damage|p1b: Pelipper|32/100\n|\n|-weather|RainDance|[upkeep]\n|upkeep\n|turn|5\n|inactive|Troubler40 has 30 seconds left.\n|inactive|cheddarchicken has 30 seconds left.\n|\n|t:|1776086641\n|move|p2b: Froslass|Protect|p2b: Froslass\n|-singleturn|p2b: Froslass|Protect\n|move|p1a: Kangaskhan|Sucker Punch||[still]\n|-fail|p1a: Kangaskhan\n|move|p1b: Pelipper|Hurricane|p2a: Primarina\n|-crit|p2a: Primarina\n|-damage|p2a: Primarina|40/100\n|-enditem|p2a: Primarina|Sitrus Berry|[eat]\n|-heal|p2a: Primarina|64/100|[from] item: Sitrus Berry\n|move|p2a: Primarina|Hyper Voice|p1b: Pelipper|[spread] p1a,p1b\n|-resisted|p1b: Pelipper|1\n|-damage|p1a: Kangaskhan|2/100\n|-damage|p1b: Pelipper|0 fnt\n|faint|p1b: Pelipper\n|\n|-weather|RainDance|[upkeep]\n|upkeep\n|\n|t:|1776086654\n|switch|p1b: Basculegion|Basculegion, L50, M, shiny|100/100\n|turn|6\n|\n|t:|1776086671\n|move|p1a: Kangaskhan|Sucker Punch|p2b: Froslass\n|-supereffective|p2b: Froslass|1\n|-damage|p2b: Froslass|18/100\n|-supereffective|p2b: Froslass|1\n|-damage|p2b: Froslass|0 fnt\n|faint|p2b: Froslass\n|-hitcount|p2: Froslass|2\n|move|p1b: Basculegion|Last Respects|p2a: Primarina\n|-damage|p2a: Primarina|0 fnt\n|faint|p2a: Primarina\n|\n|-weather|RainDance|[upkeep]\n|-sideend|p1: cheddarchicken|move: Tailwind\n|upkeep\n|\n|t:|1776086684\n|switch|p2a: Arcanine|Arcanine-Hisui, L50, F|100/100\n|turn|7\n|\n|t:|1776086708\n|move|p1a: Kangaskhan|Sucker Punch|p2a: Arcanine\n|-damage|p2a: Arcanine|67/100\n|-damage|p2a: Arcanine|59/100\n|-hitcount|p2a: Arcanine|2\n|move|p2a: Arcanine|Wild Charge|p1b: Basculegion\n|-supereffective|p1b: Basculegion|1\n|-damage|p1b: Basculegion|20/100\n|move|p1b: Basculegion|Last Respects|p2a: Arcanine\n|-damage|p2a: Arcanine|0 fnt\n|faint|p2a: Arcanine\n|\n|win|cheddarchicken\n|raw|cheddarchicken's rating: 1084 &rarr; <strong>1113</strong><br />(+29 for winning)\n|raw|Troubler40's rating: 1110 &rarr; <strong>1083</strong><br />(-27 for losing)\n",
  "uploadtime": 1776086719,
  "views": 17,
  "formatid": "gen9championsvgc2026regma",
  "rating": 1083,
  "private": 0,
  "password": null
}