{
  "id": "gen9championsvgc2026regma-2586255131",
  "format": "[Gen 9 Champions] VGC 2026 Reg M-A",
  "players": [
    "VicSaus53",
    "985thgkj"
  ],
  "log": "|j|\u2606VicSaus53\n|j|\u2606985thgkj\n|t:|1776417921\n|gametype|doubles\n|player|p1|VicSaus53|giovanni|1123\n|player|p2|985thgkj|265|1124\n|gen|9\n|tier|[Gen 9 Champions] VGC 2026 Reg M-A\n|rated|\n|rule|Species Clause: Limit one of each Pok\u00e9mon\n|rule|Item Clause: Limit 1 of each item\n|clearpoke\n|poke|p1|Chandelure, L50, F|\n|poke|p1|Whimsicott, L50, F|\n|poke|p1|Sneasler, L50, M|\n|poke|p1|Maushold-Four, L50|\n|poke|p1|Corviknight, L50, M|\n|poke|p1|Garchomp, L50, F|\n|poke|p2|Incineroar, L50, F|\n|poke|p2|Sneasler, L50, F|\n|poke|p2|Garchomp, L50, M|\n|poke|p2|Rotom-Wash, L50|\n|poke|p2|Froslass, L50, F|\n|poke|p2|Talonflame, L50, F|\n|teampreview|4\n|inactive|Battle timer is ON: inactive players will automatically lose when time's up. (requested by VicSaus53)\n|\n|t:|1776417944\n|teamsize|p1|4\n|teamsize|p2|4\n|start\n|switch|p1a: Chandelure|Chandelure, L50, F|100/100\n|switch|p1b: Whimsicott|Whimsicott, L50, F|100/100\n|switch|p2a: Froslass|Froslass, L50, F|100/100\n|switch|p2b: Sneasler|Sneasler, L50, F, shiny|100/100\n|turn|1\n|\n|t:|1776417960\n|switch|p1b: Maushold|Maushold-Four, L50|100/100\n|detailschange|p2a: Froslass|Froslass-Mega, L50, F\n|-mega|p2a: Froslass|Froslass|Froslassite\n|-weather|Snowscape|[from] ability: Snow Warning|[of] p2a: Froslass\n|detailschange|p1a: Chandelure|Chandelure-Mega, L50, F\n|-mega|p1a: Chandelure|Chandelure|Chandelurite\n|move|p2b: Sneasler|Fake Out|p1b: Maushold\n|-damage|p1b: Maushold|82/100\n|move|p2a: Froslass|Shadow Ball|p1a: Chandelure\n|-supereffective|p1a: Chandelure|1\n|-damage|p1a: Chandelure|28/100\n|move|p1a: Chandelure|Heat Wave|p2a: Froslass|[spread] p2a,p2b\n|-supereffective|p2a: Froslass|1\n|-damage|p2a: Froslass|0 fnt\n|-damage|p2b: Sneasler|33/100\n|faint|p2a: Froslass\n|\n|-weather|Snowscape|[upkeep]\n|upkeep\n|\n|t:|1776417978\n|switch|p2a: Incineroar|Incineroar, L50, F|100/100\n|-ability|p2a: Incineroar|Intimidate|boost\n|-unboost|p1a: Chandelure|atk|1\n|-unboost|p1b: Maushold|atk|1\n|turn|2\n|\n|t:|1776417994\n|switch|p1a: Garchomp|Garchomp, L50, F|100/100\n|move|p1b: Maushold|Protect|p1b: Maushold\n|-singleturn|p1b: Maushold|Protect\n|move|p2a: Incineroar|Fake Out|p1b: Maushold\n|-activate|p1b: Maushold|move: Protect\n|move|p2b: Sneasler|Dire Claw|p1a: Garchomp\n|-resisted|p1a: Garchomp|1\n|-damage|p1a: Garchomp|85/100\n|-damage|p2b: Sneasler|21/100|[from] ability: Rough Skin|[of] p1a: Garchomp\n|\n|-weather|Snowscape|[upkeep]\n|upkeep\n|turn|3\n|\n|t:|1776418013\n|switch|p1b: Whimsicott|Whimsicott, L50, F|100/100\n|move|p2b: Sneasler|Close Combat|p1b: Whimsicott\n|-resisted|p1b: Whimsicott|1\n|-damage|p1b: Whimsicott|55/100\n|-unboost|p2b: Sneasler|def|1\n|-unboost|p2b: Sneasler|spd|1\n|-enditem|p2b: Sneasler|White Herb\n|-clearnegativeboost|p2b: Sneasler|[silent]\n|move|p1a: Garchomp|Earthquake|p2a: Incineroar|[spread] p1b,p2a,p2b\n|-resisted|p1b: Whimsicott|1\n|-supereffective|p2a: Incineroar|1\n|-supereffective|p2b: Sneasler|1\n|-damage|p1b: Whimsicott|19/100\n|-damage|p2a: Incineroar|34/100\n|-damage|p2b: Sneasler|0 fnt\n|-enditem|p2a: Incineroar|Sitrus Berry|[eat]\n|-heal|p2a: Incineroar|59/100|[from] item: Sitrus Berry\n|faint|p2b: Sneasler\n|move|p2a: Incineroar|Parting Shot|p1a: Garchomp\n|-unboost|p1a: Garchomp|atk|1\n|-unboost|p1a: Garchomp|spa|1\n|\n|t:|1776418031\n|switch|p2a: Garchomp|Garchomp, L50, M|100/100|[from] Parting Shot\n|\n|-weather|Snowscape|[upkeep]\n|upkeep\n|\n|t:|1776418035\n|switch|p2b: Incineroar|Incineroar, L50, F|59/100\n|-ability|p2b: Incineroar|Intimidate|boost\n|-unboost|p1a: Garchomp|atk|1\n|-unboost|p1b: Whimsicott|atk|1\n|turn|4\n|\n|t:|1776418050\n|switch|p1b: Maushold|Maushold-Four, L50|82/100\n|move|p2b: Incineroar|Fake Out|p1b: Maushold\n|-damage|p1b: Maushold|70/100\n|move|p2a: Garchomp|Rock Slide|p1b: Maushold|[spread] p1a\n|-miss|p2a: Garchomp|p1b: Maushold\n|-resisted|p1a: Garchomp|1\n|-damage|p1a: Garchomp|78/100\n|move|p1a: Garchomp|Stomping Tantrum|p2b: Incineroar\n|-supereffective|p2b: Incineroar|1\n|-damage|p2b: Incineroar|25/100\n|\n|-weather|Snowscape|[upkeep]\n|upkeep\n|turn|5\n|\n|t:|1776418071\n|move|p2b: Incineroar|Fake Out||[still]\n|-hint|Fake Out only works on your first turn out.\n|-fail|p2b: Incineroar\n|move|p2a: Garchomp|Rock Slide|p1a: Garchomp|[spread] p1a,p1b\n|-resisted|p1a: Garchomp|1\n|-damage|p1a: Garchomp|71/100\n|-damage|p1b: Maushold|45/100\n|move|p1b: Maushold|Super Fang|p2a: Garchomp\n|-damage|p2a: Garchomp|51/100\n|-damage|p1b: Maushold|33/100|[from] ability: Rough Skin|[of] p2a: Garchomp\n|move|p1a: Garchomp|Stomping Tantrum|p2b: Incineroar\n|-supereffective|p2b: Incineroar|1\n|-damage|p2b: Incineroar|0 fnt\n|faint|p2b: Incineroar\n|\n|-weather|none\n|upkeep\n|turn|6\n|\n|t:|1776418089\n|move|p2a: Garchomp|Rock Slide|p1b: Maushold|[spread] p1a,p1b\n|-resisted|p1a: Garchomp|1\n|-damage|p1a: Garchomp|64/100\n|-damage|p1b: Maushold|7/100\n|cant|p1b: Maushold|flinch\n|cant|p1a: Garchomp|flinch\n|\n|upkeep\n|turn|7\n|\n|t:|1776418102\n|move|p2a: Garchomp|Rock Slide|p1b: Maushold|[spread] p1a,p1b\n|-resisted|p1a: Garchomp|1\n|-crit|p1b: Maushold\n|-damage|p1a: Garchomp|57/100\n|-damage|p1b: Maushold|0 fnt\n|faint|p1b: Maushold\n|move|p1a: Garchomp|Stomping Tantrum|p2a: Garchomp\n|-damage|p2a: Garchomp|2/100\n|-damage|p1a: Garchomp|44/100|[from] ability: Rough Skin|[of] p2a: Garchomp\n|\n|upkeep\n|\n|t:|1776418104\n|switch|p1b: Whimsicott|Whimsicott, L50, F|19/100\n|turn|8\n|\n|t:|1776418113\n|move|p1b: Whimsicott|Tailwind|p1b: Whimsicott\n|-sidestart|p1: VicSaus53|move: Tailwind\n|move|p1a: Garchomp|Stomping Tantrum|p2a: Garchomp\n|-damage|p2a: Garchomp|0 fnt\n|-damage|p1a: Garchomp|32/100|[from] ability: Rough Skin|[of] p2a: Garchomp\n|faint|p2a: Garchomp\n|\n|win|VicSaus53\n|raw|VicSaus53's rating: 1123 &rarr; <strong>1148</strong><br />(+25 for winning)\n|raw|985thgkj's rating: 1124 &rarr; <strong>1099</strong><br />(-25 for losing)\n",
  "uploadtime": 1776418116,
  "views": 39,
  "formatid": "gen9championsvgc2026regma",
  "rating": 1099,
  "private": 0,
  "password": null
}