{
  "id": "gen9championsvgc2026regma-2583800150",
  "format": "[Gen 9 Champions] VGC 2026 Reg M-A",
  "players": [
    "Blooddemo",
    "ewewrewr"
  ],
  "log": "|j|\u2606Blooddemo\n|j|\u2606ewewrewr\n|t:|1776198610\n|gametype|doubles\n|player|p1|Blooddemo|pokemaniac|1054\n|player|p2|ewewrewr|265|1000\n|gen|9\n|tier|[Gen 9 Champions] VGC 2026 Reg M-A\n|rated|\n|rule|Species Clause: Limit one of each Pok\u00e9mon\n|rule|Item Clause: Limit 1 of each item\n|clearpoke\n|poke|p1|Delphox, L50, M|\n|poke|p1|Torkoal, L50, F|\n|poke|p1|Whimsicott, L50, M|\n|poke|p1|Incineroar, L50, F|\n|poke|p1|Meowstic, L50, M|\n|poke|p1|Rotom-Heat, L50|\n|poke|p2|Maushold, L50|\n|poke|p2|Kommo-o, L50, F|\n|poke|p2|Mimikyu, L50, F|\n|poke|p2|Incineroar, L50, M|\n|poke|p2|Aerodactyl, L50, F|\n|poke|p2|Primarina, L50, M|\n|teampreview|4\n|\n|t:|1776198651\n|teamsize|p1|4\n|teamsize|p2|4\n|start\n|switch|p1a: Meowstic|Meowstic, L50, M|100/100\n|switch|p1b: Delphox|Delphox, L50, M|100/100\n|switch|p2a: Mimikyu|Mimikyu, L50, F, shiny|100/100\n|switch|p2b: Aerodactyl|Aerodactyl, L50, F|100/100\n|turn|1\n|\n|t:|1776198683\n|detailschange|p2b: Aerodactyl|Aerodactyl-Mega, L50, F\n|-mega|p2b: Aerodactyl|Aerodactyl|Aerodactylite\n|detailschange|p1b: Delphox|Delphox-Mega, L50, M\n|-mega|p1b: Delphox|Delphox|Delphoxite\n|move|p1b: Delphox|Protect|p1b: Delphox\n|-singleturn|p1b: Delphox|Protect\n|move|p1a: Meowstic|Skill Swap|p1b: Delphox\n|-activate|p1b: Delphox|move: Protect\n|move|p2b: Aerodactyl|Rock Slide|p1a: Meowstic|[spread] p1a\n|-activate|p1b: Delphox|move: Protect\n|-damage|p1a: Meowstic|70/100\n|move|p2a: Mimikyu|Rain Dance|p2a: Mimikyu\n|-weather|RainDance\n|\n|-weather|RainDance|[upkeep]\n|upkeep\n|turn|2\n|\n|t:|1776198709\n|move|p1a: Meowstic|Psychic Terrain|p1a: Meowstic\n|-fieldstart|move: Psychic Terrain\n|move|p2b: Aerodactyl|Rock Slide|p1a: Meowstic|[spread] p1a,p1b\n|-supereffective|p1b: Delphox|1\n|-damage|p1a: Meowstic|40/100\n|-damage|p1b: Delphox|14/100\n|move|p1b: Delphox|Expanding Force|p2b: Aerodactyl\n|-damage|p2b: Aerodactyl|44/100\n|move|p2a: Mimikyu|Shadow Claw|p1b: Delphox\n|-supereffective|p1b: Delphox|1\n|-damage|p1b: Delphox|0 fnt\n|faint|p1b: Delphox\n|\n|-weather|RainDance|[upkeep]\n|upkeep\n|\n|t:|1776198730\n|switch|p1b: Whimsicott|Whimsicott, L50, M|100/100\n|turn|3\n|\n|t:|1776198744\n|move|p1b: Whimsicott|Protect|p1b: Whimsicott\n|-singleturn|p1b: Whimsicott|Protect\n|move|p2b: Aerodactyl|Protect|p2b: Aerodactyl\n|-singleturn|p2b: Aerodactyl|Protect\n|move|p1a: Meowstic|Expanding Force|p2b: Aerodactyl|[spread] p2a\n|-activate|p2b: Aerodactyl|move: Protect\n|-activate|p2a: Mimikyu|ability: Disguise\n|-damage|p2a: Mimikyu|100/100\n|detailschange|p2a: Mimikyu|Mimikyu-Busted, L50, F, shiny\n|-damage|p2a: Mimikyu|88/100|[from] pokemon: Mimikyu-Busted\n|move|p2a: Mimikyu|Play Rough|p1b: Whimsicott\n|-activate|p1b: Whimsicott|move: Protect\n|\n|-weather|RainDance|[upkeep]\n|upkeep\n|turn|4\n|\n|t:|1776198771\n|move|p2b: Aerodactyl|Dual Wingbeat|p1b: Whimsicott\n|-supereffective|p1b: Whimsicott|1\n|-damage|p1b: Whimsicott|27/100\n|-supereffective|p1b: Whimsicott|1\n|-damage|p1b: Whimsicott|0 fnt\n|faint|p1b: Whimsicott\n|-hitcount|p1: Whimsicott|2\n|move|p1a: Meowstic|Expanding Force|p2a: Mimikyu|[spread] p2a,p2b\n|-damage|p2a: Mimikyu|49/100\n|-damage|p2b: Aerodactyl|6/100\n|move|p2a: Mimikyu|Shadow Claw|p1a: Meowstic\n|-supereffective|p1a: Meowstic|1\n|-damage|p1a: Meowstic|0 fnt\n|faint|p1a: Meowstic\n|\n|-weather|RainDance|[upkeep]\n|upkeep\n|\n|t:|1776198806\n|switch|p1a: Torkoal|Torkoal, L50, F|100/100\n|-weather|SunnyDay|[from] ability: Drought|[of] p1a: Torkoal\n|turn|5\n|\n|t:|1776198813\n|move|p2b: Aerodactyl|Protect|p2b: Aerodactyl\n|-singleturn|p2b: Aerodactyl|Protect\n|move|p2a: Mimikyu|Rain Dance|p2a: Mimikyu\n|-weather|RainDance\n|move|p1a: Torkoal|Heat Wave|p2a: Mimikyu|[spread] p2a\n|-activate|p2b: Aerodactyl|move: Protect\n|-damage|p2a: Mimikyu|31/100\n|\n|-weather|RainDance|[upkeep]\n|upkeep\n|turn|6\n|\n|t:|1776198825\n|move|p2b: Aerodactyl|Rock Slide|p1a: Torkoal\n|-supereffective|p1a: Torkoal|1\n|-damage|p1a: Torkoal|39/100\n|move|p2a: Mimikyu|Shadow Claw|p1a: Torkoal\n|-damage|p1a: Torkoal|16/100\n|move|p1a: Torkoal|Body Press|p2b: Aerodactyl\n|-damage|p2b: Aerodactyl|0 fnt\n|faint|p2b: Aerodactyl\n|\n|-weather|RainDance|[upkeep]\n|-fieldend|move: Psychic Terrain\n|upkeep\n|\n|t:|1776198834\n|switch|p2b: Primarina|Primarina, L50, M|100/100\n|turn|7\n|\n|t:|1776198841\n|move|p1a: Torkoal|Protect|p1a: Torkoal\n|-singleturn|p1a: Torkoal|Protect\n|move|p2a: Mimikyu|Play Rough|p1a: Torkoal\n|-activate|p1a: Torkoal|move: Protect\n|move|p2b: Primarina|Hyper Voice|p1a: Torkoal\n|-activate|p1a: Torkoal|move: Protect\n|\n|-weather|RainDance|[upkeep]\n|upkeep\n|turn|8\n|\n|t:|1776198853\n|move|p2a: Mimikyu|Play Rough|p1a: Torkoal\n|-resisted|p1a: Torkoal|1\n|-damage|p1a: Torkoal|0 fnt\n|faint|p1a: Torkoal\n|\n|win|ewewrewr\n|raw|Blooddemo's rating: 1054 &rarr; <strong>1033</strong><br />(-21 for losing)\n|raw|ewewrewr's rating: 1000 &rarr; <strong>1046</strong><br />(+46 for winning)\n",
  "uploadtime": 1776198856,
  "views": 29,
  "formatid": "gen9championsvgc2026regma",
  "rating": 1033,
  "private": 0,
  "password": null
}