{
  "id": "gen9championsvgc2026regma-2581561017",
  "format": "[Gen 9 Champions] VGC 2026 Reg M-A",
  "players": [
    "Pichusuperlover",
    "oshaboy"
  ],
  "log": "|j|\u2606Pichusuperlover\n|j|\u2606oshaboy\n|t:|1776011066\n|gametype|doubles\n|player|p1|Pichusuperlover|2|\n|player|p2|oshaboy|101|\n|gen|9\n|tier|[Gen 9 Champions] VGC 2026 Reg M-A\n|rule|Species Clause: Limit one of each Pok\u00e9mon\n|rule|Item Clause: Limit 1 of each item\n|clearpoke\n|poke|p1|Drampa, L50, M|\n|poke|p1|Incineroar, L50, M|\n|poke|p1|Torkoal, L50, M|\n|poke|p1|Farigiraf, L50, F|\n|poke|p1|Sinistcha, L50|\n|poke|p2|Garchomp, L50, F|\n|poke|p2|Gliscor, L50, M|\n|poke|p2|Rotom-Wash, L50|\n|poke|p2|Charizard, L50, M|\n|poke|p2|Umbreon, L50, M|\n|poke|p2|Gardevoir, L50, M|\n|teampreview|4\n|\n|t:|1776011123\n|teamsize|p1|4\n|teamsize|p2|4\n|start\n|switch|p1a: Farigiraf|Farigiraf, L50, F|100/100\n|switch|p1b: Incineroar|Incineroar, L50, M|100/100\n|switch|p2a: Gliscor|Gliscor, L50, M|100/100\n|switch|p2b: Rotom|Rotom-Wash, L50|100/100\n|-ability|p1b: Incineroar|Intimidate|boost\n|-fail|p2a: Gliscor|unboost|Attack|[from] ability: Hyper Cutter|[of] p2a: Gliscor\n|-unboost|p2b: Rotom|atk|1\n|turn|1\n|\n|t:|1776011158\n|move|p1b: Incineroar|Fake Out|p2a: Gliscor\n|-damage|p2a: Gliscor|90/100\n|cant|p2a: Gliscor|flinch\n|move|p2b: Rotom|Discharge|p1b: Incineroar|[spread] p1a,p1b\n|-immune|p2a: Gliscor\n|-damage|p1a: Farigiraf|86/100\n|-damage|p1b: Incineroar|86/100\n|move|p1a: Farigiraf|Trick Room|p1a: Farigiraf\n|-fieldstart|move: Trick Room|[of] p1a: Farigiraf\n|\n|upkeep\n|turn|2\n|\n|t:|1776011248\n|move|p1a: Farigiraf|Hyper Voice|p2b: Rotom|[spread] p2a,p2b\n|-damage|p2a: Gliscor|52/100\n|-damage|p2b: Rotom|74/100\n|move|p1b: Incineroar|Parting Shot|p2b: Rotom\n|-unboost|p2b: Rotom|atk|1\n|-unboost|p2b: Rotom|spa|1\n|\n|t:|1776011261\n|switch|p1b: Sinistcha|Sinistcha, L50|100/100|[from] Parting Shot\n|-heal|p1a: Farigiraf|100/100|[from] ability: Hospitality|[of] p1b: Sinistcha\n|move|p2b: Rotom|Hydro Pump|p1b: Sinistcha|[miss]\n|-miss|p2b: Rotom|p1b: Sinistcha\n|move|p2a: Gliscor|Earthquake|p1b: Sinistcha|[spread] p1a,p1b\n|-immune|p2b: Rotom|[from] ability: Levitate\n|-resisted|p1b: Sinistcha|1\n|-damage|p1a: Farigiraf|65/100\n|-damage|p1b: Sinistcha|85/100\n|\n|-heal|p1b: Sinistcha|92/100|[from] item: Leftovers\n|-heal|p2b: Rotom|79/100|[from] item: Leftovers\n|upkeep\n|turn|3\n|\n|t:|1776011290\n|switch|p2b: Umbreon|Umbreon, L50, M|100/100\n|move|p1a: Farigiraf|Hyper Voice|p2b: Umbreon|[spread] p2a,p2b\n|-damage|p2a: Gliscor|12/100\n|-damage|p2b: Umbreon|88/100\n|move|p1b: Sinistcha|Matcha Gotcha|p2b: Umbreon|[spread] p2b\n|-miss|p1b: Sinistcha|p2a: Gliscor\n|-damage|p2b: Umbreon|76/100\n|-heal|p1b: Sinistcha|98/100|[from] drain|[of] p2b: Umbreon\n|move|p2a: Gliscor|Swords Dance|p2a: Gliscor\n|-boost|p2a: Gliscor|atk|2\n|\n|-heal|p1b: Sinistcha|100/100|[from] item: Leftovers\n|upkeep\n|turn|4\n|\n|t:|1776011334\n|switch|p1a: Incineroar|Incineroar, L50, M|86/100\n|-ability|p1a: Incineroar|Intimidate|boost\n|-fail|p2a: Gliscor|unboost|Attack|[from] ability: Hyper Cutter|[of] p2a: Gliscor\n|-fail|p2b: Umbreon|unboost|Attack|[from] ability: Inner Focus|[of] p2b: Umbreon\n|move|p1b: Sinistcha|Matcha Gotcha|p2b: Umbreon|[spread] p2a,p2b\n|-damage|p2a: Gliscor|0 fnt\n|-damage|p2b: Umbreon|63/100\n|faint|p2a: Gliscor\n|move|p2b: Umbreon|Taunt|p1a: Incineroar\n|-start|p1a: Incineroar|move: Taunt\n|-enditem|p1a: Incineroar|Mental Herb\n|-end|p1a: Incineroar|move: Taunt\n|\n|upkeep\n|\n|t:|1776011353\n|switch|p2a: Gardevoir|Gardevoir, L50, M|100/100\n|turn|5\n|\n|t:|1776011384\n|detailschange|p2a: Gardevoir|Gardevoir-Mega, L50, M\n|-mega|p2a: Gardevoir|Gardevoir|Gardevoirite\n|move|p2b: Umbreon|Detect|p2b: Umbreon\n|-singleturn|p2b: Umbreon|Protect\n|move|p1a: Incineroar|Fake Out|p2a: Gardevoir\n|-damage|p2a: Gardevoir|81/100\n|move|p1b: Sinistcha|Matcha Gotcha|p2a: Gardevoir|[spread] p2a\n|-activate|p2b: Umbreon|move: Protect\n|-crit|p2a: Gardevoir\n|-damage|p2a: Gardevoir|47/100\n|-status|p2a: Gardevoir|brn\n|cant|p2a: Gardevoir|flinch\n|\n|-damage|p2a: Gardevoir|41/100 brn|[from] brn\n|-fieldend|move: Trick Room\n|upkeep\n|turn|6\n|\n|t:|1776011409\n|move|p2a: Gardevoir|Hyper Voice|p1a: Incineroar|[spread] p1a,p1b\n|-damage|p1a: Incineroar|47/100\n|-damage|p1b: Sinistcha|56/100\n|move|p2b: Umbreon|Taunt|p1a: Incineroar\n|-start|p1a: Incineroar|move: Taunt\n|cant|p1a: Incineroar|move: Taunt|Parting Shot\n|move|p1b: Sinistcha|Trick Room|p1b: Sinistcha\n|-fieldstart|move: Trick Room|[of] p1b: Sinistcha\n|\n|-heal|p1b: Sinistcha|62/100|[from] item: Leftovers\n|-damage|p2a: Gardevoir|35/100 brn|[from] brn\n|upkeep\n|turn|7\n|\n|t:|1776011431\n|switch|p1a: Drampa|Drampa, L50, M|100/100\n|-ability|p1a: Drampa|Cloud Nine\n|move|p1b: Sinistcha|Matcha Gotcha|p2b: Umbreon|[spread] p2a\n|-miss|p1b: Sinistcha|p2b: Umbreon\n|-damage|p2a: Gardevoir|12/100 brn\n|-heal|p1b: Sinistcha|72/100|[from] drain|[of] p2a: Gardevoir\n|move|p2b: Umbreon|Foul Play|p1b: Sinistcha\n|-supereffective|p1b: Sinistcha|1\n|-damage|p1b: Sinistcha|34/100\n|move|p2a: Gardevoir|Hyper Voice|p1a: Drampa|[spread] p1a,p1b\n|-supereffective|p1a: Drampa|1\n|-damage|p1a: Drampa|0 fnt\n|-damage|p1b: Sinistcha|0 fnt\n|faint|p1a: Drampa\n|faint|p1b: Sinistcha\n|\n|-damage|p2a: Gardevoir|7/100 brn|[from] brn\n|upkeep\n|\n|t:|1776011456\n|switch|p1a: Farigiraf|Farigiraf, L50, F|65/100\n|switch|p1b: Incineroar|Incineroar, L50, M|47/100\n|-ability|p1b: Incineroar|Intimidate|boost\n|-unboost|p2a: Gardevoir|atk|1\n|-fail|p2b: Umbreon|unboost|Attack|[from] ability: Inner Focus|[of] p2b: Umbreon\n|turn|8\n|\n|t:|1776011476\n|move|p1b: Incineroar|Fake Out|p2b: Umbreon\n|-damage|p2b: Umbreon|54/100\n|move|p1a: Farigiraf|Hyper Voice|p2b: Umbreon|[spread] p2a,p2b\n|-damage|p2a: Gardevoir|0 fnt\n|-damage|p2b: Umbreon|40/100\n|faint|p2a: Gardevoir\n|move|p2b: Umbreon|Substitute|p2b: Umbreon\n|-start|p2b: Umbreon|Substitute\n|-damage|p2b: Umbreon|15/100\n|\n|upkeep\n|\n|t:|1776011484\n|switch|p2a: Rotom|Rotom-Wash, L50|79/100\n|turn|9\n|\n|t:|1776011521\n|move|p1a: Farigiraf|Hyper Voice|p2b: Umbreon|[spread] p2a,p2b\n|-damage|p2a: Rotom|52/100\n|-damage|p2b: Umbreon|3/100\n|move|p1b: Incineroar|Flare Blitz|p2b: Umbreon\n|-end|p2b: Umbreon|Substitute\n|-damage|p1b: Incineroar|38/100|[from] Recoil|[of] p2b: Umbreon\n|move|p2b: Umbreon|Foul Play|p1a: Farigiraf\n|-supereffective|p1a: Farigiraf|1\n|-damage|p1a: Farigiraf|0 fnt\n|faint|p1a: Farigiraf\n|move|p2a: Rotom|Hydro Pump|p1b: Incineroar|[miss]\n|-miss|p2a: Rotom|p1b: Incineroar\n|\n|-heal|p2a: Rotom|58/100|[from] item: Leftovers\n|upkeep\n|turn|10\n|\n|t:|1776011566\n|move|p1b: Incineroar|Darkest Lariat|p2a: Rotom\n|-damage|p2a: Rotom|23/100\n|move|p2b: Umbreon|Foul Play|p1b: Incineroar\n|-resisted|p1b: Incineroar|1\n|-damage|p1b: Incineroar|21/100\n|move|p2a: Rotom|Hydro Pump|p1b: Incineroar\n|-supereffective|p1b: Incineroar|1\n|-damage|p1b: Incineroar|0 fnt\n|faint|p1b: Incineroar\n|\n|win|oshaboy\n",
  "uploadtime": 1776011609,
  "views": 11,
  "formatid": "gen9championsvgc2026regma",
  "rating": null,
  "private": 0,
  "password": null
}