{
  "id": "gen9championsvgc2026regma-2582981826",
  "format": "[Gen 9 Champions] VGC 2026 Reg M-A",
  "players": [
    "TerabVGC",
    "It'sJustKen VGC"
  ],
  "log": "|j|\u2606TerabVGC\n|j|\u2606It'sJustKen VGC\n|t:|1776130538\n|gametype|doubles\n|player|p1|TerabVGC|gambler|\n|player|p2|It'sJustKen VGC|player-go|\n|gen|9\n|tier|[Gen 9 Champions] VGC 2026 Reg M-A\n|rated|Tournament battle\n|rule|Species Clause: Limit one of each Pok\u00e9mon\n|rule|Item Clause: Limit 1 of each item\n|raw|<div class=\"infobox\"><details class=\"readmore\" open><summary><strong>1 custom rule:</strong></summary> Force Open Team Sheets</details></div>\n|clearpoke\n|poke|p1|Dragonite, L50, M|\n|poke|p1|Basculegion, L50, M|\n|poke|p1|Farigiraf, L50, M|\n|poke|p1|Archaludon, L50, M|\n|poke|p1|Pelipper, L50, F|\n|poke|p1|Sinistcha, L50|\n|poke|p2|Kingambit, L50, F|\n|poke|p2|Clefable, L50, F|\n|poke|p2|Chimecho, L50, M|\n|poke|p2|Golurk, L50|\n|poke|p2|Rotom-Wash, L50|\n|poke|p2|Hawlucha, L50, M|\n|teampreview|4\n|showteam|p1|Dragonite||Dragoninite|InnerFocus|LowKick,ExtremeSpeed,Hurricane,Protect|||M|||50|]Basculegion||ChoiceScarf|Adaptability|WaveCrash,FlipTurn,AquaJet,LastRespects|||M|||50|]Farigiraf||ColburBerry|ArmorTail|TrickRoom,HelpingHand,PsychicNoise,AllySwitch|||M|||50|]Archaludon||Leftovers|Stamina|ElectroShot,Protect,AuraSphere,FlashCannon|||M|||50|]Pelipper||FocusSash|Drizzle|WeatherBall,WideGuard,Hurricane,Tailwind|||F|||50|]Sinistcha||SitrusBerry|Hospitality|CalmMind,MatchaGotcha,ShadowBall,Protect||||||50|\n|showteam|p2|Kingambit||SitrusBerry|Defiant|Protect,SuckerPunch,Guillotine,KowtowCleave|||F|||50|]Clefable||Leftovers|Unaware|Protect,Moonblast,FollowMe,LifeDew|||F|||50|]Chimecho||Chimechite|Levitate|Protect,SkillSwap,TrickRoom,Hypnosis|||M|||50|]Golurk||WhiteHerb|NoGuard|Protect,HighHorsepower,Curse,Reflect||||||50|]Rotom-Wash||ChoiceScarf|Levitate|VoltSwitch,Trick,Thunderbolt,HydroPump||||||50|]Hawlucha||Hawluchanite|Limber|CloseCombat,BraveBird,Coaching,Entrainment|||M|||50|\n|inactive|Battle timer is ON: inactive players will automatically lose when time's up. (requested by TerabVGC)\n|inactive|It'sJustKen VGC also wants the timer to be on.\n|j| h0nchkrow\n|j| patisaluzr\n|inactive|TerabVGC has 60 seconds left.\n|j| playonbirds\n|inactive|TerabVGC has 30 seconds left.\n|inactive|TerabVGC has 20 seconds left.\n|\n|t:|1776130610\n|teamsize|p1|4\n|teamsize|p2|4\n|start\n|switch|p1a: Pelipper|Pelipper, L50, F|100/100\n|switch|p1b: Sinistcha|Sinistcha, L50|100/100\n|switch|p2a: Important Object|Chimecho, L50, M|100/100\n|switch|p2b: Main Character|Clefable, L50, F, shiny|100/100\n|-weather|RainDance|[from] ability: Drizzle|[of] p1a: Pelipper\n|turn|1\n|j|@Radio Free C-Side\n|inactive|TerabVGC has 30 seconds left.\n|\n|t:|1776130638\n|switch|p2b: Transport Vehicle|Golurk, L50, shiny|100/100\n|detailschange|p2a: Important Object|Chimecho-Mega, L50, M\n|-mega|p2a: Important Object|Chimecho|Chimechite\n|move|p1a: Pelipper|Weather Ball|p2a: Important Object\n|-damage|p2a: Important Object|46/100\n|move|p1b: Sinistcha|Calm Mind|p1b: Sinistcha\n|-boost|p1b: Sinistcha|spa|1\n|-boost|p1b: Sinistcha|spd|1\n|move|p2a: Important Object|Skill Swap|p2b: Transport Vehicle\n|-activate|p2a: Important Object|Skill Swap|||[of] p2b: Transport Vehicle\n|\n|-weather|RainDance|[upkeep]\n|upkeep\n|turn|2\n|inactive|TerabVGC has 30 seconds left.\n|c|@Radio Free C-Side|this is so much set up for this lmao\n|j| 21Kieran\n|\n|t:|1776130669\n|move|p2a: Important Object|Protect|p2a: Important Object\n|-singleturn|p2a: Important Object|Protect\n|move|p1a: Pelipper|Weather Ball|p2a: Important Object\n|-activate|p2a: Important Object|move: Protect\n|move|p1b: Sinistcha|Shadow Ball|p2b: Transport Vehicle\n|-supereffective|p2b: Transport Vehicle|1\n|-damage|p2b: Transport Vehicle|0 fnt\n|faint|p2b: Transport Vehicle\n|\n|-weather|RainDance|[upkeep]\n|upkeep\n|j| OnToTheOther\n|c| patisaluzr|fr lol\n|inactive|It'sJustKen VGC has 30 seconds left.\n|\n|t:|1776130695\n|switch|p2b: Main Character|Clefable, L50, F, shiny|100/100\n|turn|3\n|j| knoxxzeta\n|j| Thogi_\n|\n|t:|1776130716\n|move|p2b: Main Character|Follow Me|p2b: Main Character\n|-singleturn|p2b: Main Character|move: Follow Me\n|move|p1a: Pelipper|Weather Ball|p2b: Main Character\n|-damage|p2b: Main Character|41/100\n|move|p1b: Sinistcha|Matcha Gotcha|p2a: Important Object|[spread] p2a\n|-miss|p1b: Sinistcha|p2b: Main Character\n|-resisted|p2a: Important Object|1\n|-damage|p2a: Important Object|27/100\n|move|p2a: Important Object|Trick Room|p2a: Important Object\n|-fieldstart|move: Trick Room|[of] p2a: Important Object\n|\n|-weather|RainDance|[upkeep]\n|-heal|p2b: Main Character|47/100|[from] item: Leftovers\n|upkeep\n|turn|4\n|\n|t:|1776130736\n|move|p2b: Main Character|Follow Me|p2b: Main Character\n|-singleturn|p2b: Main Character|move: Follow Me\n|move|p2a: Important Object|Hypnosis|p1b: Sinistcha\n|-status|p1b: Sinistcha|slp|[from] move: Hypnosis\n|cant|p1b: Sinistcha|slp\n|move|p1a: Pelipper|Weather Ball|p2b: Main Character\n|-damage|p2b: Main Character|0 fnt\n|faint|p2b: Main Character\n|\n|-weather|RainDance|[upkeep]\n|upkeep\n|j| Rainpelt103\n|inactive|It'sJustKen VGC has 30 seconds left.\n|inactive|It'sJustKen VGC has 20 seconds left.\n|j| I\u2764\ufe0f\u5a1c\u7984Forever\n|inactive|It'sJustKen VGC has 15 seconds left.\n|\n|t:|1776130779\n|switch|p2b: The Final Boss|Kingambit, L50, F|100/100\n|turn|5\n|l| I\u2764\ufe0f\u5a1c\u7984Forever\n|\n|t:|1776130799\n|move|p2a: Important Object|Hypnosis|p1a: Pelipper\n|-status|p1a: Pelipper|slp|[from] move: Hypnosis\n|move|p2b: The Final Boss|Kowtow Cleave|p1b: Sinistcha\n|-supereffective|p1b: Sinistcha|1\n|-damage|p1b: Sinistcha|22/100 slp\n|-enditem|p1b: Sinistcha|Sitrus Berry|[eat]\n|-heal|p1b: Sinistcha|47/100 slp|[from] item: Sitrus Berry\n|cant|p1b: Sinistcha|slp\n|cant|p1a: Pelipper|slp\n|\n|-weather|none\n|upkeep\n|turn|6\n|\n|t:|1776130820\n|-curestatus|p1b: Sinistcha|slp|[msg]\n|move|p1b: Sinistcha|Protect|p1b: Sinistcha\n|-singleturn|p1b: Sinistcha|Protect\n|move|p2a: Important Object|Skill Swap|p2b: The Final Boss\n|-activate|p2a: Important Object|Skill Swap|||[of] p2b: The Final Boss\n|move|p2b: The Final Boss|Kowtow Cleave|p1b: Sinistcha\n|-activate|p1b: Sinistcha|move: Protect\n|-curestatus|p1a: Pelipper|slp|[msg]\n|move|p1a: Pelipper|Hurricane|p2a: Important Object\n|-resisted|p2a: Important Object|1\n|-damage|p2a: Important Object|7/100\n|\n|upkeep\n|turn|7\n|j|+holdingb\n|l| 21Kieran\n|inactive|TerabVGC has 30 seconds left.\n|c|\u2606It'sJustKen VGC|lmao this is so dumb but funnny\n|\n|t:|1776130855\n|switch|p1b: Dragonite|Dragonite, L50, M|100/100\n|move|p2a: Important Object|Hypnosis|p1a: Pelipper\n|-status|p1a: Pelipper|slp|[from] move: Hypnosis\n|move|p2b: The Final Boss|Kowtow Cleave|p1b: Dragonite\n|-damage|p1b: Dragonite|64/100\n|cant|p1a: Pelipper|slp\n|\n|-fieldend|move: Trick Room\n|upkeep\n|turn|8\n|c|\u2606It'sJustKen VGC|didn't get to cleanly pull it off here\n|c|+holdingb|chimecho \ud83d\udc8e\ud83d\udd0d?\n|inactive|TerabVGC has 30 seconds left.\n|inactive|TerabVGC has 20 seconds left.\n|\n|t:|1776130891\n|switch|p1a: Sinistcha|Sinistcha, L50|47/100\n|-heal|p1b: Dragonite|88/100|[from] ability: Hospitality|[of] p1a: Sinistcha\n|move|p2b: The Final Boss|Protect|p2b: The Final Boss\n|-singleturn|p2b: The Final Boss|Protect\n|move|p1b: Dragonite|Extreme Speed|p2a: Important Object\n|-resisted|p2a: Important Object|1\n|-damage|p2a: Important Object|0 fnt\n|faint|p2a: Important Object\n|\n|upkeep\n|turn|9\n|c| patisaluzr|not anymore lol\n|l| Rainpelt103\n|inactive|It'sJustKen VGC has 30 seconds left.\n|j| TaxiCAB2\n|c| patisaluzr|too much setup\n|inactive|TerabVGC has 30 seconds left.\n|inactive|It'sJustKen VGC has 20 seconds left.\n|inactive|It'sJustKen VGC has 15 seconds left.\n|inactive|It'sJustKen VGC has 10 seconds left.\n|inactive|TerabVGC has 20 seconds left.\n|inactive|It'sJustKen VGC has 5 seconds left.\n|inactive|TerabVGC has 15 seconds left.\n|\n|t:|1776130947\n|switch|p1a: Basculegion|Basculegion, L50, M|100/100\n|move|p1b: Dragonite|Protect|p1b: Dragonite\n|-singleturn|p1b: Dragonite|Protect\n|move|p2b: The Final Boss|Protect||[still]\n|-fail|p2b: The Final Boss\n|\n|upkeep\n|turn|10\n|\n|t:|1776130961\n|switch|p1a: Sinistcha|Sinistcha, L50|47/100\n|-heal|p1b: Dragonite|100/100|[from] ability: Hospitality|[of] p1a: Sinistcha\n|detailschange|p1b: Dragonite|Dragonite-Mega, L50, M\n|-mega|p1b: Dragonite|Dragonite|Dragoninite\n|move|p2b: The Final Boss|Sucker Punch||[still]\n|-fail|p2b: The Final Boss\n|move|p1b: Dragonite|Low Kick|p2b: The Final Boss\n|-supereffective|p2b: The Final Boss|2\n|-damage|p2b: The Final Boss|0 fnt\n|faint|p2b: The Final Boss\n|\n|win|TerabVGC\n|n|\u2606TerabVGC|terabvgc\n|n|\u2606It'sJustKen VGC|itsjustkenvgc\n|n| h0nchkrow|h0nchkrow\n|n| patisaluzr|patisaluzr\n|n| playonbirds|playonbirds\n|n|+Radio Free C-Side|radiofreecside\n|n| OnToTheOther|ontotheother\n|n| knoxxzeta|knoxxzeta\n|n| Thogi_|thogi\n|n| holdingb|holdingb\n|n| TaxiCAB2|taxicab2\n|c|\u2606It'sJustKen VGC|gg wp\n",
  "uploadtime": 1776130965,
  "views": 10,
  "formatid": "gen9championsvgc2026regma",
  "rating": null,
  "private": 0,
  "password": null
}