{
  "id": "gen9championsvgc2026regma-2587551000",
  "format": "[Gen 9 Champions] VGC 2026 Reg M-A",
  "players": [
    "warcrimesgaming",
    "garciaandreu105"
  ],
  "log": "|j|\u2606warcrimesgaming\n|j|\u2606garciaandreu105\n|t:|1776541521\n|gametype|doubles\n|player|p1|warcrimesgaming|harlequin|1223\n|player|p2|garciaandreu105|266|1124\n|gen|9\n|tier|[Gen 9 Champions] VGC 2026 Reg M-A\n|rated|\n|rule|Species Clause: Limit one of each Pok\u00e9mon\n|rule|Item Clause: Limit 1 of each item\n|clearpoke\n|poke|p1|Lopunny, L50, M|\n|poke|p1|Incineroar, L50, M|\n|poke|p1|Whimsicott, L50, M|\n|poke|p1|Milotic, L50, F|\n|poke|p1|Farigiraf, L50, F|\n|poke|p1|Skarmory, L50, M|\n|poke|p2|Oranguru, L50, F|\n|poke|p2|Crabominable, L50, F|\n|poke|p2|Hatterene, L50, F|\n|poke|p2|Rotom-Wash, L50|\n|poke|p2|Goodra-Hisui, L50, F|\n|poke|p2|Incineroar, L50, F|\n|teampreview|4\n|inactive|Battle timer is ON: inactive players will automatically lose when time's up. (requested by warcrimesgaming)\n|inactive|warcrimesgaming has 60 seconds left.\n|\n|t:|1776541580\n|teamsize|p1|4\n|teamsize|p2|4\n|start\n|switch|p1a: DAAAAAAAAAAAAAAAMN|Skarmory, L50, M|100/100\n|switch|p1b: Horse 3|Milotic, L50, F|100/100\n|switch|p2a: Oranguru|Oranguru, L50, F|100/100\n|switch|p2b: Crabominable|Crabominable, L50, F|100/100\n|turn|1\n|\n|t:|1776541603\n|detailschange|p1a: DAAAAAAAAAAAAAAAMN|Skarmory-Mega, L50, M\n|-mega|p1a: DAAAAAAAAAAAAAAAMN|Skarmory|Skarmorite\n|detailschange|p2b: Crabominable|Crabominable-Mega, L50, F\n|-mega|p2b: Crabominable|Crabominable|Crabominite\n|move|p2b: Crabominable|Protect|p2b: Crabominable\n|-singleturn|p2b: Crabominable|Protect\n|move|p1a: DAAAAAAAAAAAAAAAMN|Rock Slide|p2a: Oranguru|[spread] \n|-activate|p2b: Crabominable|move: Protect\n|-miss|p1a: DAAAAAAAAAAAAAAAMN|p2a: Oranguru\n|move|p1b: Horse 3|Scald|p2a: Oranguru\n|-damage|p2a: Oranguru|73/100\n|move|p2a: Oranguru|Trick Room|p2a: Oranguru\n|-fieldstart|move: Trick Room|[of] p2a: Oranguru\n|\n|upkeep\n|turn|2\n|\n|t:|1776541628\n|switch|p1a: John VGC|Incineroar, L50, M|100/100\n|-ability|p1a: John VGC|Intimidate|boost\n|-fail|p2a: Oranguru|unboost|Attack|[from] ability: Inner Focus|[of] p2a: Oranguru\n|-unboost|p2b: Crabominable|atk|1\n|move|p2b: Crabominable|Thunder Punch|p1a: John VGC\n|-damage|p1a: John VGC|78/100\n|move|p2a: Oranguru|Instruct|p2b: Crabominable\n|-singleturn|p2b: Crabominable|move: Instruct|[of] p2a: Oranguru\n|move|p2b: Crabominable|Thunder Punch|p1a: John VGC\n|-damage|p1a: John VGC|53/100\n|move|p1b: Horse 3|Scald|p2b: Crabominable\n|-damage|p2b: Crabominable|68/100\n|\n|upkeep\n|turn|3\n|inactive|warcrimesgaming has 30 seconds left.\n|inactive|warcrimesgaming has 20 seconds left.\n|\n|t:|1776541664\n|switch|p1a: DAAAAAAAAAAAAAAAMN|Skarmory-Mega, L50, M|100/100\n|move|p2b: Crabominable|Protect|p2b: Crabominable\n|-singleturn|p2b: Crabominable|Protect\n|move|p2a: Oranguru|Psychic|p1b: Horse 3\n|-damage|p1b: Horse 3|75/100\n|move|p1b: Horse 3|Scald|p2b: Crabominable\n|-activate|p2b: Crabominable|move: Protect\n|\n|upkeep\n|turn|4\n|\n|t:|1776541682\n|switch|p1a: John VGC|Incineroar, L50, M|53/100\n|-ability|p1a: John VGC|Intimidate|boost\n|-fail|p2a: Oranguru|unboost|Attack|[from] ability: Inner Focus|[of] p2a: Oranguru\n|-unboost|p2b: Crabominable|atk|1\n|move|p2b: Crabominable|Drain Punch|p1a: John VGC\n|-supereffective|p1a: John VGC|1\n|-damage|p1a: John VGC|5/100\n|-heal|p2b: Crabominable|92/100|[from] drain|[of] p1a: John VGC\n|-enditem|p1a: John VGC|Sitrus Berry|[eat]\n|-heal|p1a: John VGC|30/100|[from] item: Sitrus Berry\n|move|p2a: Oranguru|Instruct|p2b: Crabominable\n|-singleturn|p2b: Crabominable|move: Instruct|[of] p2a: Oranguru\n|move|p2b: Crabominable|Drain Punch|p1a: John VGC\n|-supereffective|p1a: John VGC|1\n|-damage|p1a: John VGC|0 fnt\n|-heal|p2b: Crabominable|100/100|[from] drain|[of] p1a: John VGC\n|faint|p1a: John VGC\n|move|p1b: Horse 3|Scald|p2a: Oranguru\n|-damage|p2a: Oranguru|43/100\n|\n|upkeep\n|\n|t:|1776541698\n|switch|p1a: DAAAAAAAAAAAAAAAMN|Skarmory-Mega, L50, M|100/100\n|turn|5\n|\n|t:|1776541708\n|move|p1b: Horse 3|Protect|p1b: Horse 3\n|-singleturn|p1b: Horse 3|Protect\n|move|p1a: DAAAAAAAAAAAAAAAMN|Protect|p1a: DAAAAAAAAAAAAAAAMN\n|-singleturn|p1a: DAAAAAAAAAAAAAAAMN|Protect\n|move|p2b: Crabominable|Drain Punch|p1a: DAAAAAAAAAAAAAAAMN\n|-activate|p1a: DAAAAAAAAAAAAAAAMN|move: Protect\n|move|p2a: Oranguru|Instruct|p2b: Crabominable\n|-singleturn|p2b: Crabominable|move: Instruct|[of] p2a: Oranguru\n|move|p2b: Crabominable|Drain Punch|p1a: DAAAAAAAAAAAAAAAMN\n|-activate|p1a: DAAAAAAAAAAAAAAAMN|move: Protect\n|\n|-fieldend|move: Trick Room\n|upkeep\n|turn|6\n|\n|t:|1776541724\n|switch|p2b: Rotom|Rotom-Wash, L50|100/100\n|move|p2a: Oranguru|Protect|p2a: Oranguru\n|-singleturn|p2a: Oranguru|Protect\n|move|p1a: DAAAAAAAAAAAAAAAMN|Iron Head|p2a: Oranguru\n|-activate|p2a: Oranguru|move: Protect\n|move|p1b: Horse 3|Scald|p2b: Rotom\n|-resisted|p2b: Rotom|1\n|-damage|p2b: Rotom|72/100\n|\n|upkeep\n|turn|7\n|\n|t:|1776541741\n|move|p2b: Rotom|Electroweb|p1a: DAAAAAAAAAAAAAAAMN|[spread] p1a,p1b\n|-supereffective|p1a: DAAAAAAAAAAAAAAAMN|1\n|-supereffective|p1b: Horse 3|1\n|-damage|p1a: DAAAAAAAAAAAAAAAMN|57/100\n|-damage|p1b: Horse 3|49/100\n|-unboost|p1a: DAAAAAAAAAAAAAAAMN|spe|1\n|-unboost|p1b: Horse 3|spe|1\n|-ability|p1b: Horse 3|Competitive|boost\n|-boost|p1b: Horse 3|spa|2\n|move|p1a: DAAAAAAAAAAAAAAAMN|Rock Slide|p2b: Rotom|[spread] p2a,p2b\n|-damage|p2a: Oranguru|18/100\n|-damage|p2b: Rotom|44/100\n|move|p2a: Oranguru|Instruct|p2b: Rotom\n|-singleturn|p2b: Rotom|move: Instruct|[of] p2a: Oranguru\n|move|p2b: Rotom|Electroweb|p1b: Horse 3|[spread] p1a,p1b\n|-supereffective|p1a: DAAAAAAAAAAAAAAAMN|1\n|-supereffective|p1b: Horse 3|1\n|-damage|p1a: DAAAAAAAAAAAAAAAMN|5/100\n|-damage|p1b: Horse 3|22/100\n|-unboost|p1a: DAAAAAAAAAAAAAAAMN|spe|1\n|-unboost|p1b: Horse 3|spe|1\n|-ability|p1b: Horse 3|Competitive|boost\n|-boost|p1b: Horse 3|spa|2\n|move|p1b: Horse 3|Scald|p2a: Oranguru\n|-damage|p2a: Oranguru|0 fnt\n|faint|p2a: Oranguru\n|\n|upkeep\n|\n|t:|1776541762\n|switch|p2a: Incineroar|Incineroar, L50, F|100/100\n|-ability|p2a: Incineroar|Intimidate|boost\n|-unboost|p1a: DAAAAAAAAAAAAAAAMN|atk|1\n|-unboost|p1b: Horse 3|atk|1\n|-ability|p1b: Horse 3|Competitive|boost\n|-boost|p1b: Horse 3|spa|2\n|turn|8\n|\n|t:|1776541784\n|switch|p1a: casio fx 991 sp cw|Farigiraf, L50, F|100/100\n|move|p2a: Incineroar|Fake Out||[still]\n|cant|p1a: casio fx 991 sp cw|ability: Armor Tail|Fake Out|[of] p2a: Incineroar\n|move|p2b: Rotom|Electroweb|p1a: casio fx 991 sp cw|[spread] p1a,p1b\n|-supereffective|p1b: Horse 3|1\n|-damage|p1a: casio fx 991 sp cw|84/100\n|-damage|p1b: Horse 3|0 fnt\n|-unboost|p1a: casio fx 991 sp cw|spe|1\n|faint|p1b: Horse 3\n|\n|-heal|p1a: casio fx 991 sp cw|91/100|[from] item: Leftovers\n|upkeep\n|\n|t:|1776541791\n|switch|p1b: DAAAAAAAAAAAAAAAMN|Skarmory-Mega, L50, M|5/100\n|turn|9\n|\n|t:|1776541803\n|move|p1b: DAAAAAAAAAAAAAAAMN|Protect|p1b: DAAAAAAAAAAAAAAAMN\n|-singleturn|p1b: DAAAAAAAAAAAAAAAMN|Protect\n|move|p2b: Rotom|Electroweb|p1a: casio fx 991 sp cw|[spread] p1a\n|-activate|p1b: DAAAAAAAAAAAAAAAMN|move: Protect\n|-damage|p1a: casio fx 991 sp cw|73/100\n|-unboost|p1a: casio fx 991 sp cw|spe|1\n|move|p2a: Incineroar|Throat Chop|p1a: casio fx 991 sp cw\n|-supereffective|p1a: casio fx 991 sp cw|1\n|-damage|p1a: casio fx 991 sp cw|0 fnt\n|faint|p1a: casio fx 991 sp cw\n|\n|upkeep\n|turn|10\n|-message|warcrimesgaming forfeited.\n|\n|win|garciaandreu105\n|raw|warcrimesgaming's rating: 1223 &rarr; <strong>1191</strong><br />(-32 for losing)\n|raw|garciaandreu105's rating: 1124 &rarr; <strong>1156</strong><br />(+32 for winning)\n|l|\u2606warcrimesgaming\n|player|p1|\n",
  "uploadtime": 1776541816,
  "views": 19,
  "formatid": "gen9championsvgc2026regma",
  "rating": 1156,
  "private": 0,
  "password": null
}