{
  "id": "gen9championsvgc2026regma-2580707678",
  "format": "[Gen 9 Champions] VGC 2026 Reg M-A",
  "players": [
    "sadmvldd",
    "lank22"
  ],
  "log": "|j|\u2606sadmvldd\n|j|\u2606lank22\n|t:|1775925962\n|gametype|doubles\n|player|p1|sadmvldd|266|1189\n|player|p2|lank22|li|1166\n|gen|9\n|tier|[Gen 9 Champions] VGC 2026 Reg M-A\n|rated|\n|rule|Species Clause: Limit one of each Pok\u00e9mon\n|rule|Item Clause: Limit 1 of each item\n|clearpoke\n|poke|p1|Scizor, L50, M|\n|poke|p1|Incineroar, L50, M|\n|poke|p1|Sinistcha-Masterpiece, L50|\n|poke|p1|Kommo-o, L50, M|\n|poke|p1|Politoed, L50, F|\n|poke|p1|Basculegion, L50, M|\n|poke|p2|Drampa, L50, M|\n|poke|p2|Torkoal, L50, M|\n|poke|p2|Incineroar, L50, F|\n|poke|p2|Farigiraf, L50, M|\n|poke|p2|Conkeldurr, L50, F|\n|poke|p2|Sinistcha-Masterpiece, L50|\n|teampreview|4\n|\n|t:|1775926030\n|teamsize|p1|4\n|teamsize|p2|4\n|start\n|switch|p1a: Incineroar|Incineroar, L50, M|100/100\n|switch|p1b: Basculegion|Basculegion, L50, M|100/100\n|switch|p2a: Sinistcha|Sinistcha-Masterpiece, L50|100/100\n|switch|p2b: Farigiraf|Farigiraf, L50, M|100/100\n|-ability|p1a: Incineroar|Intimidate|boost\n|-unboost|p2a: Sinistcha|atk|1\n|-unboost|p2b: Farigiraf|atk|1\n|turn|1\n|\n|t:|1775926086\n|switch|p2a: Drampa|Drampa, L50, M|100/100\n|switch|p1a: Sinistcha|Sinistcha-Masterpiece, L50|100/100\n|move|p1b: Basculegion|Flip Turn|p2a: Drampa\n|-resisted|p2a: Drampa|1\n|-damage|p2a: Drampa|82/100\n|\n|t:|1775926094\n|switch|p1b: Incineroar|Incineroar, L50, M|100/100|[from] Flip Turn\n|-ability|p1b: Incineroar|Intimidate|boost\n|-unboost|p2a: Drampa|atk|1\n|-unboost|p2b: Farigiraf|atk|1\n|move|p2b: Farigiraf|Trick Room|p2b: Farigiraf\n|-fieldstart|move: Trick Room|[of] p2b: Farigiraf\n|\n|upkeep\n|turn|2\n|inactive|Battle timer is ON: inactive players will automatically lose when time's up. (requested by sadmvldd)\n|\n|t:|1775926141\n|detailschange|p2a: Drampa|Drampa-Mega, L50, M\n|-mega|p2a: Drampa|Drampa|Drampanite\n|move|p2a: Drampa|Draco Meteor|p1a: Sinistcha\n|-damage|p1a: Sinistcha|28/100\n|-unboost|p2a: Drampa|spa|2\n|move|p2b: Farigiraf|Hyper Voice|p1a: Sinistcha|[spread] p1b\n|-immune|p1a: Sinistcha\n|-damage|p1b: Incineroar|71/100\n|move|p1b: Incineroar|Darkest Lariat|p2b: Farigiraf\n|-supereffective|p2b: Farigiraf|1\n|-damage|p2b: Farigiraf|34/100\n|move|p1a: Sinistcha|Trick Room|p1a: Sinistcha\n|-fieldend|move: Trick Room\n|\n|upkeep\n|turn|3\n|inactive|sadmvldd has 30 seconds left.\n|inactive|lank22 has 30 seconds left.\n|inactive|sadmvldd has 20 seconds left.\n|inactive|sadmvldd has 15 seconds left.\n|\n|t:|1775926181\n|move|p2b: Farigiraf|Protect|p2b: Farigiraf\n|-singleturn|p2b: Farigiraf|Protect\n|move|p1a: Sinistcha|Life Dew|p1a: Sinistcha|[spread] p1a,p1b\n|-heal|p1a: Sinistcha|52/100\n|-heal|p1b: Incineroar|96/100\n|move|p1b: Incineroar|Flare Blitz|p2b: Farigiraf\n|-activate|p2b: Farigiraf|move: Protect\n|move|p2a: Drampa|Draco Meteor|p1a: Sinistcha\n|-damage|p1a: Sinistcha|15/100\n|-unboost|p2a: Drampa|spa|2\n|\n|upkeep\n|turn|4\n|\n|t:|1775926202\n|switch|p1a: Politoed|Politoed, L50, F|100/100\n|-weather|RainDance|[from] ability: Drizzle|[of] p1a: Politoed\n|switch|p2a: Sinistcha|Sinistcha-Masterpiece, L50|100/100\n|-heal|p2b: Farigiraf|59/100|[from] ability: Hospitality|[of] p2a: Sinistcha\n|move|p1b: Incineroar|Darkest Lariat|p2b: Farigiraf\n|-supereffective|p2b: Farigiraf|1\n|-damage|p2b: Farigiraf|0 fnt\n|faint|p2b: Farigiraf\n|\n|-weather|RainDance|[upkeep]\n|upkeep\n|\n|t:|1775926214\n|switch|p2b: Torkoal|Torkoal, L50, M|100/100\n|-weather|SunnyDay|[from] ability: Drought|[of] p2b: Torkoal\n|turn|5\n|\n|t:|1775926220\n|move|p2b: Torkoal|Protect|p2b: Torkoal\n|-singleturn|p2b: Torkoal|Protect\n|move|p1a: Politoed|Weather Ball|p2a: Sinistcha\n|-supereffective|p2a: Sinistcha|1\n|-damage|p2a: Sinistcha|31/100\n|move|p1b: Incineroar|Flare Blitz|p2a: Sinistcha\n|-supereffective|p2a: Sinistcha|1\n|-damage|p2a: Sinistcha|0 fnt\n|faint|p2a: Sinistcha\n|-damage|p1b: Incineroar|87/100|[from] Recoil\n|\n|-weather|SunnyDay|[upkeep]\n|upkeep\n|inactive|lank22 has 30 seconds left.\n|inactive|lank22 has 20 seconds left.\n|inactive|lank22 has 15 seconds left.\n|inactive|lank22 has 10 seconds left.\n|inactive|lank22 has 5 seconds left.\n|\n|t:|1775926271\n|switch|p2a: Drampa|Drampa-Mega, L50, M|82/100\n|turn|6\n|\n|t:|1775926291\n|move|p1a: Politoed|Encore|p2b: Torkoal\n|-start|p2b: Torkoal|Encore\n|move|p2b: Torkoal|Protect||[still]\n|-fail|p2b: Torkoal\n|move|p1b: Incineroar|Darkest Lariat|p2a: Drampa\n|-damage|p2a: Drampa|54/100\n|move|p2a: Drampa|Hyper Voice|p1b: Incineroar|[spread] p1a,p1b\n|-crit|p1a: Politoed\n|-damage|p1a: Politoed|48/100\n|-damage|p1b: Incineroar|46/100\n|\n|-weather|SunnyDay|[upkeep]\n|-heal|p1a: Politoed|54/100|[from] item: Leftovers\n|upkeep\n|turn|7\n|\n|t:|1775926309\n|switch|p1a: Sinistcha|Sinistcha-Masterpiece, L50|15/100\n|-heal|p1b: Incineroar|71/100|[from] ability: Hospitality|[of] p1a: Sinistcha\n|move|p2b: Torkoal|Protect|p2b: Torkoal\n|-singleturn|p2b: Torkoal|Protect\n|move|p1b: Incineroar|Parting Shot|p2a: Drampa\n|-unboost|p2a: Drampa|atk|1\n|-unboost|p2a: Drampa|spa|1\n|\n|t:|1775926318\n|switch|p1b: Basculegion|Basculegion, L50, M|100/100|[from] Parting Shot\n|move|p2a: Drampa|Hyper Voice|p1b: Basculegion|[spread] \n|-immune|p1a: Sinistcha\n|-immune|p1b: Basculegion\n|\n|-weather|SunnyDay|[upkeep]\n|upkeep\n|turn|8\n|\n|t:|1775926342\n|switch|p1a: Politoed|Politoed, L50, F|54/100\n|-weather|RainDance|[from] ability: Drizzle|[of] p1a: Politoed\n|move|p2b: Torkoal|Protect||[still]\n|-fail|p2b: Torkoal\n|move|p1b: Basculegion|Wave Crash|p2b: Torkoal\n|-supereffective|p2b: Torkoal|1\n|-damage|p2b: Torkoal|0 fnt\n|faint|p2b: Torkoal\n|-damage|p1b: Basculegion|71/100|[from] Recoil\n|move|p2a: Drampa|Draco Meteor|p1b: Basculegion\n|-damage|p1b: Basculegion|2/100\n|-unboost|p2a: Drampa|spa|2\n|\n|-weather|RainDance|[upkeep]\n|-heal|p1a: Politoed|60/100|[from] item: Leftovers\n|upkeep\n|turn|9\n|-message|lank22 forfeited.\n|\n|win|sadmvldd\n|raw|sadmvldd's rating: 1189 &rarr; <strong>1212</strong><br />(+23 for winning)\n|raw|lank22's rating: 1166 &rarr; <strong>1143</strong><br />(-23 for losing)\n|l|\u2606lank22\n|player|p2|\n",
  "uploadtime": 1775926362,
  "views": 14,
  "formatid": "gen9championsvgc2026regma",
  "rating": 1143,
  "private": 0,
  "password": null
}