{
  "id": "gen9championsvgc2026regma-2588490994",
  "format": "[Gen 9 Champions] VGC 2026 Reg M-A",
  "players": [
    "DavidTIS",
    "LordHelixDisciple"
  ],
  "log": "|j|\u2606DavidTIS\n|j|\u2606LordHelixDisciple\n|t:|1776638302\n|gametype|doubles\n|player|p1|DavidTIS|1|1070\n|player|p2|LordHelixDisciple|2|1078\n|gen|9\n|tier|[Gen 9 Champions] VGC 2026 Reg M-A\n|rated|\n|rule|Species Clause: Limit one of each Pok\u00e9mon\n|rule|Item Clause: Limit 1 of each item\n|clearpoke\n|poke|p1|Starmie, L50|\n|poke|p1|Lycanroc-Dusk, L50, F|\n|poke|p1|Hydreigon, L50, M|\n|poke|p1|Gengar, L50, F|\n|poke|p1|Tauros-Paldea-Aqua, L50, M|\n|poke|p1|Meganium, L50, F|\n|poke|p2|Torkoal, L50, M|\n|poke|p2|Oranguru, L50, F|\n|poke|p2|Whimsicott, L50, M|\n|poke|p2|Camerupt, L50, M|\n|poke|p2|Incineroar, L50, M|\n|poke|p2|Vaporeon, L50, M|\n|teampreview|4\n|j| cde34rfv\n|inactive|Battle timer is ON: inactive players will automatically lose when time's up. (requested by LordHelixDisciple)\n|l| cde34rfv\n|c|\u2606LordHelixDisciple|what in the shenanigans?\n|c|\u2606LordHelixDisciple|Perish trap?\n|inactive|DavidTIS has 60 seconds left.\n|inactive|LordHelixDisciple has 60 seconds left.\n|\n|t:|1776638359\n|teamsize|p1|4\n|teamsize|p2|4\n|start\n|switch|p1a: Hydreigon|Hydreigon, L50, M|100/100\n|switch|p1b: Tauros|Tauros-Paldea-Aqua, L50, M|100/100\n|switch|p2a: Oranguru|Oranguru, L50, F|100/100\n|switch|p2b: Incineroar|Incineroar, L50, M|100/100\n|-ability|p1b: Tauros|Intimidate|boost\n|-fail|p2a: Oranguru|unboost|Attack|[from] ability: Inner Focus|[of] p2a: Oranguru\n|-unboost|p2b: Incineroar|atk|1\n|-ability|p2b: Incineroar|Intimidate|boost\n|-unboost|p1a: Hydreigon|atk|1\n|-unboost|p1b: Tauros|atk|1\n|-enditem|p1a: Hydreigon|White Herb\n|-clearnegativeboost|p1a: Hydreigon|[silent]\n|turn|1\n|\n|t:|1776638381\n|move|p1a: Hydreigon|Protect|p1a: Hydreigon\n|-singleturn|p1a: Hydreigon|Protect\n|move|p2b: Incineroar|Fake Out|p1a: Hydreigon\n|-activate|p1a: Hydreigon|move: Protect\n|move|p1b: Tauros|Close Combat|p2a: Oranguru\n|-damage|p2a: Oranguru|71/100\n|-unboost|p1b: Tauros|def|1\n|-unboost|p1b: Tauros|spd|1\n|move|p2a: Oranguru|Trick Room|p2a: Oranguru\n|-fieldstart|move: Trick Room|[of] p2a: Oranguru\n|\n|-heal|p2a: Oranguru|77/100|[from] item: Leftovers\n|upkeep\n|turn|2\n|inactive|DavidTIS has 30 seconds left.\n|\n|t:|1776638407\n|switch|p1b: Starmie|Starmie, L50|100/100\n|move|p2a: Oranguru|Psychic|p1b: Starmie\n|-resisted|p1b: Starmie|1\n|-damage|p1b: Starmie|78/100\n|-unboost|p1b: Starmie|spd|1\n|move|p2b: Incineroar|Parting Shot|p1a: Hydreigon\n|-unboost|p1a: Hydreigon|atk|1\n|-unboost|p1a: Hydreigon|spa|1\n|c|\u2606LordHelixDisciple|so tasty\n|\n|t:|1776638417\n|switch|p2b: Torkoal|Torkoal, L50, M|100/100|[from] Parting Shot\n|-weather|SunnyDay|[from] ability: Drought|[of] p2b: Torkoal\n|move|p1a: Hydreigon|Dark Pulse|p2a: Oranguru\n|-supereffective|p2a: Oranguru|1\n|-damage|p2a: Oranguru|25/100\n|\n|-weather|SunnyDay|[upkeep]\n|-heal|p2a: Oranguru|31/100|[from] item: Leftovers\n|upkeep\n|turn|3\n|c|\u2606LordHelixDisciple|mmmm\n|\n|t:|1776638432\n|move|p2a: Oranguru|Protect|p2a: Oranguru\n|-singleturn|p2a: Oranguru|Protect\n|move|p1a: Hydreigon|Protect|p1a: Hydreigon\n|-singleturn|p1a: Hydreigon|Protect\n|move|p1b: Starmie|Protect|p1b: Starmie\n|-singleturn|p1b: Starmie|Protect\n|move|p2b: Torkoal|Solar Beam||[still]\n|-prepare|p2b: Torkoal|Solar Beam\n|-anim|p2b: Torkoal|Solar Beam|p1b: Starmie\n|-activate|p1b: Starmie|move: Protect\n|\n|-weather|SunnyDay|[upkeep]\n|-heal|p2a: Oranguru|38/100|[from] item: Leftovers\n|upkeep\n|turn|4\n|\n|t:|1776638454\n|detailschange|p1b: Starmie|Starmie-Mega, L50\n|-mega|p1b: Starmie|Starmie|Starminite\n|move|p2b: Torkoal|Eruption|p1b: Starmie|[spread] p1a,p1b\n|-resisted|p1a: Hydreigon|1\n|-resisted|p1b: Starmie|1\n|-damage|p1a: Hydreigon|52/100\n|-damage|p1b: Starmie|0 fnt\n|faint|p1b: Starmie\n|move|p2a: Oranguru|Instruct|p2b: Torkoal\n|-singleturn|p2b: Torkoal|move: Instruct|[of] p2a: Oranguru\n|move|p2b: Torkoal|Eruption|p1a: Hydreigon\n|-resisted|p1a: Hydreigon|1\n|-damage|p1a: Hydreigon|0 fnt\n|faint|p1a: Hydreigon\n|\n|-weather|SunnyDay|[upkeep]\n|-heal|p2a: Oranguru|44/100|[from] item: Leftovers\n|upkeep\n|\n|t:|1776638467\n|switch|p1a: Lycanroc|Lycanroc-Dusk, L50, F|100/100\n|switch|p1b: Tauros|Tauros-Paldea-Aqua, L50, M|100/100\n|-ability|p1b: Tauros|Intimidate|boost\n|-fail|p2a: Oranguru|unboost|Attack|[from] ability: Inner Focus|[of] p2a: Oranguru\n|-unboost|p2b: Torkoal|atk|1\n|turn|5\n|\n|t:|1776638481\n|move|p1b: Tauros|Protect|p1b: Tauros\n|-singleturn|p1b: Tauros|Protect\n|move|p2b: Torkoal|Solar Beam||[still]\n|-prepare|p2b: Torkoal|Solar Beam\n|-anim|p2b: Torkoal|Solar Beam|p1a: Lycanroc\n|-supereffective|p1a: Lycanroc|1\n|-enditem|p1a: Lycanroc|Focus Sash\n|-damage|p1a: Lycanroc|1/100\n|move|p2a: Oranguru|Instruct||[still]\n|-fail|p2a: Oranguru\n|move|p1a: Lycanroc|Crunch|p2a: Oranguru\n|-supereffective|p2a: Oranguru|1\n|-damage|p2a: Oranguru|0 fnt\n|faint|p2a: Oranguru\n|\n|-weather|SunnyDay|[upkeep]\n|-fieldend|move: Trick Room\n|upkeep\n|\n|t:|1776638496\n|switch|p2a: Incineroar|Incineroar, L50, M|100/100\n|-ability|p2a: Incineroar|Intimidate|boost\n|-unboost|p1a: Lycanroc|atk|1\n|-unboost|p1b: Tauros|atk|1\n|turn|6\n|\n|t:|1776638503\n|move|p2a: Incineroar|Fake Out|p1a: Lycanroc\n|-resisted|p1a: Lycanroc|1\n|-damage|p1a: Lycanroc|0 fnt\n|faint|p1a: Lycanroc\n|move|p1b: Tauros|Wave Crash|p2a: Incineroar\n|-supereffective|p2a: Incineroar|1\n|-damage|p2a: Incineroar|68/100\n|-damage|p1b: Tauros|86/100|[from] Recoil\n|move|p2b: Torkoal|Solar Beam||[still]\n|-prepare|p2b: Torkoal|Solar Beam\n|-anim|p2b: Torkoal|Solar Beam|p1b: Tauros\n|-supereffective|p1b: Tauros|1\n|-damage|p1b: Tauros|0 fnt\n|faint|p1b: Tauros\n|\n|win|LordHelixDisciple\n|raw|DavidTIS's rating: 1070 &rarr; <strong>1050</strong><br />(-20 for losing)\n|raw|LordHelixDisciple's rating: 1078 &rarr; <strong>1106</strong><br />(+28 for winning)\n",
  "uploadtime": 1776638510,
  "views": 16,
  "formatid": "gen9championsvgc2026regma",
  "rating": 1050,
  "private": 0,
  "password": null
}