{
  "id": "gen9championsvgc2026regma-2583361870",
  "format": "[Gen 9 Champions] VGC 2026 Reg M-A",
  "players": [
    "Zapdos79",
    "tegith"
  ],
  "log": "|j|\u2606Zapdos79\n|j|\u203dtegith\n|t:|1776170175\n|gametype|doubles\n|player|p1|Zapdos79|flannery|1126\n|player|p2|tegith|veteran|1067\n|gen|9\n|tier|[Gen 9 Champions] VGC 2026 Reg M-A\n|rated|\n|rule|Species Clause: Limit one of each Pok\u00e9mon\n|rule|Item Clause: Limit 1 of each item\n|clearpoke\n|poke|p1|Tyranitar, L50, F|\n|poke|p1|Basculegion, L50, M|\n|poke|p1|Excadrill, L50, M|\n|poke|p1|Meganium, L50, F|\n|poke|p1|Farigiraf, L50, F|\n|poke|p1|Incineroar, L50, F|\n|poke|p2|Floette-Eternal, L50, F|\n|poke|p2|Incineroar, L50, F|\n|poke|p2|Aerodactyl, L50, F|\n|poke|p2|Sneasler, L50, M|\n|poke|p2|Sinistcha, L50|\n|poke|p2|Kingambit, L50, M|\n|teampreview|4\n|inactive|Battle timer is ON: inactive players will automatically lose when time's up. (requested by tegith)\ntegith has agreed to open team sheets.\n|inactive|Zapdos79 has 60 seconds left.\n|inactive|tegith has 60 seconds left.\n|\n|t:|1776170233\n|teamsize|p1|4\n|teamsize|p2|4\n|start\n|switch|p1a: Tyranitar|Tyranitar, L50, F|100/100\n|switch|p1b: Meganium|Meganium, L50, F|100/100\n|switch|p2a: Incineroar|Incineroar, L50, F|100/100\n|switch|p2b: Sneasler|Sneasler, L50, M|100/100\n|-weather|Sandstorm|[from] ability: Sand Stream|[of] p1a: Tyranitar\n|-ability|p2a: Incineroar|Intimidate|boost\n|-unboost|p1a: Tyranitar|atk|1\n|-unboost|p1b: Meganium|atk|1\n|turn|1\n|\n|t:|1776170262\n|switch|p1b: Farigiraf|Farigiraf, L50, F|100/100\n|move|p2a: Incineroar|Fake Out||[still]\n|cant|p1b: Farigiraf|ability: Armor Tail|Fake Out|[of] p2a: Incineroar\n|move|p2b: Sneasler|Dire Claw|p1b: Farigiraf\n|-damage|p1b: Farigiraf|53/100\n|move|p1a: Tyranitar|Breaking Swipe|p2b: Sneasler|[spread] p2a,p2b\n|-damage|p2a: Incineroar|91/100\n|-damage|p2b: Sneasler|82/100\n|-unboost|p2a: Incineroar|atk|1\n|-unboost|p2b: Sneasler|atk|1\n|-enditem|p2b: Sneasler|White Herb\n|-clearnegativeboost|p2b: Sneasler|[silent]\n|\n|-weather|Sandstorm|[upkeep]\n|-damage|p2b: Sneasler|76/100|[from] Sandstorm\n|-damage|p2a: Incineroar|85/100|[from] Sandstorm\n|-damage|p1b: Farigiraf|47/100|[from] Sandstorm\n|upkeep\n|turn|2\n|inactive|tegith has 30 seconds left.\n|inactive|Zapdos79 has 30 seconds left.\n|inactive|tegith has 20 seconds left.\n|\n|t:|1776170301\n|switch|p1a: Incineroar|Incineroar, L50, F|100/100\n|-ability|p1a: Incineroar|Intimidate|boost\n|-unboost|p2a: Incineroar|atk|1\n|-unboost|p2b: Sneasler|atk|1\n|move|p2b: Sneasler|Close Combat|p1a: Incineroar\n|-supereffective|p1a: Incineroar|1\n|-damage|p1a: Incineroar|8/100\n|-unboost|p2b: Sneasler|def|1\n|-unboost|p2b: Sneasler|spd|1\n|-enditem|p1a: Incineroar|Sitrus Berry|[eat]\n|-heal|p1a: Incineroar|33/100|[from] item: Sitrus Berry\n|move|p2a: Incineroar|Throat Chop|p1b: Farigiraf\n|-supereffective|p1b: Farigiraf|1\n|-damage|p1b: Farigiraf|12/100\n|-start|p1b: Farigiraf|Throat Chop|[silent]\n|move|p1b: Farigiraf|Psychic|p2b: Sneasler\n|-supereffective|p2b: Sneasler|2\n|-damage|p2b: Sneasler|0 fnt\n|faint|p2b: Sneasler\n|\n|-weather|Sandstorm|[upkeep]\n|-damage|p2a: Incineroar|79/100|[from] Sandstorm\n|-damage|p1b: Farigiraf|6/100|[from] Sandstorm\n|-damage|p1a: Incineroar|27/100|[from] Sandstorm\n|upkeep\n|\n|t:|1776170311\n|switch|p2b: Kingambit|Kingambit, L50, M|100/100\n|turn|3\n|\n|t:|1776170328\n|move|p2b: Kingambit|Protect|p2b: Kingambit\n|-singleturn|p2b: Kingambit|Protect\n|move|p1b: Farigiraf|Ally Switch|p1b: Farigiraf\n|swap|p1b: Farigiraf|0|[from] move: Ally Switch\n|move|p2a: Incineroar|Throat Chop|p1a: Farigiraf\n|-supereffective|p1a: Farigiraf|1\n|-damage|p1a: Farigiraf|0 fnt\n|faint|p1a: Farigiraf\n|move|p1b: Incineroar|Flare Blitz|p2b: Kingambit\n|-activate|p2b: Kingambit|move: Protect\n|\n|-weather|Sandstorm|[upkeep]\n|-damage|p2a: Incineroar|73/100|[from] Sandstorm\n|-damage|p1b: Incineroar|21/100|[from] Sandstorm\n|upkeep\n|\n|t:|1776170332\n|switch|p1a: Meganium|Meganium, L50, F|100/100\n|turn|4\n|inactive|tegith has 30 seconds left.\n|\n|t:|1776170364\n|detailschange|p1a: Meganium|Meganium-Mega, L50, F\n|-mega|p1a: Meganium|Meganium|Meganiumite\n|move|p1a: Meganium|Weather Ball|p2b: Kingambit\n|-supereffective|p2b: Kingambit|1\n|-damage|p2b: Kingambit|0 fnt\n|faint|p2b: Kingambit\n|move|p2a: Incineroar|Parting Shot|p1b: Incineroar\n|-unboost|p1b: Incineroar|atk|1\n|-unboost|p1b: Incineroar|spa|1\n|\n|t:|1776170368\n|switch|p2a: Sinistcha|Sinistcha, L50|100/100|[from] Parting Shot\n|move|p1b: Incineroar|Parting Shot|p2a: Sinistcha\n|-unboost|p2a: Sinistcha|atk|1\n|-unboost|p2a: Sinistcha|spa|1\n|\n|t:|1776170380\n|switch|p1b: Tyranitar|Tyranitar, L50, F|100/100|[from] Parting Shot\n|\n|-weather|Sandstorm|[upkeep]\n|-damage|p2a: Sinistcha|94/100|[from] Sandstorm\n|-damage|p1a: Meganium|95/100|[from] Sandstorm\n|-heal|p2a: Sinistcha|100/100|[from] item: Leftovers\n|upkeep\n|\n|t:|1776170383\n|switch|p2b: Incineroar|Incineroar, L50, F|73/100\n|-ability|p2b: Incineroar|Intimidate|boost\n|-unboost|p1a: Meganium|atk|1\n|-unboost|p1b: Tyranitar|atk|1\n|turn|5\n|\n|t:|1776170404\n|switch|p1b: Incineroar|Incineroar, L50, F|21/100\n|-ability|p1b: Incineroar|Intimidate|boost\n|-unboost|p2a: Sinistcha|atk|1\n|-unboost|p2b: Incineroar|atk|1\n|move|p1a: Meganium|Protect|p1a: Meganium\n|-singleturn|p1a: Meganium|Protect\n|move|p2b: Incineroar|Fake Out|p1a: Meganium\n|-activate|p1a: Meganium|move: Protect\n|move|p2a: Sinistcha|Trick Room|p2a: Sinistcha\n|-fieldstart|move: Trick Room|[of] p2a: Sinistcha\n|\n|-weather|none\n|upkeep\n|turn|6\n|\n|t:|1776170421\n|switch|p1a: Tyranitar|Tyranitar, L50, F|100/100\n|-weather|Sandstorm|[from] ability: Sand Stream|[of] p1a: Tyranitar\n|move|p1b: Incineroar|Flare Blitz|p2a: Sinistcha\n|-supereffective|p2a: Sinistcha|1\n|-damage|p2a: Sinistcha|0 fnt\n|faint|p2a: Sinistcha\n|-damage|p1b: Incineroar|0 fnt|[from] Recoil\n|faint|p1b: Incineroar\n|move|p2b: Incineroar|Throat Chop|p1a: Tyranitar\n|-resisted|p1a: Tyranitar|1\n|-damage|p1a: Tyranitar|90/100\n|-start|p1a: Tyranitar|Throat Chop|[silent]\n|\n|-weather|Sandstorm|[upkeep]\n|-damage|p2b: Incineroar|67/100|[from] Sandstorm\n|upkeep\n|\n|t:|1776170432\n|switch|p1b: Meganium|Meganium-Mega, L50, F|95/100\n|turn|7\n|\n|t:|1776170436\n|move|p2b: Incineroar|Flare Blitz|p1b: Meganium\n|-supereffective|p1b: Meganium|1\n|-damage|p1b: Meganium|30/100\n|-damage|p2b: Incineroar|50/100|[from] Recoil\n|move|p1a: Tyranitar|Rock Slide|p2b: Incineroar\n|-supereffective|p2b: Incineroar|1\n|-damage|p2b: Incineroar|0 fnt\n|faint|p2b: Incineroar\n|\n|win|Zapdos79\n|raw|Zapdos79's rating: 1126 &rarr; <strong>1147</strong><br />(+21 for winning)\n|raw|tegith's rating: 1067 &rarr; <strong>1050</strong><br />(-17 for losing)\n|l|\u203dtegith\n|player|p2|\n|c|\u2606Zapdos79|gg\n",
  "uploadtime": 1776170458,
  "views": 22,
  "formatid": "gen9championsvgc2026regma",
  "rating": 1050,
  "private": 0,
  "password": null
}