{
  "id": "gen9championsvgc2026regma-2587171888",
  "format": "[Gen 9 Champions] VGC 2026 Reg M-A",
  "players": [
    "Unskilled99",
    "magicallamp"
  ],
  "log": "|j|\u2606Unskilled99\n|j|\u2606magicallamp\n|t:|1776503963\n|gametype|doubles\n|player|p1|Unskilled99|unknown|1405\n|player|p2|magicallamp|n|1396\n|gen|9\n|tier|[Gen 9 Champions] VGC 2026 Reg M-A\n|rated|\n|rule|Species Clause: Limit one of each Pok\u00e9mon\n|rule|Item Clause: Limit 1 of each item\n|clearpoke\n|poke|p1|Floette-Eternal, L50, F|\n|poke|p1|Incineroar, L50, F|\n|poke|p1|Garchomp, L50, F|\n|poke|p1|Sneasler, L50, M|\n|poke|p1|Rotom-Wash, L50|\n|poke|p1|Sinistcha, L50|\n|poke|p2|Meganium, L50, F|\n|poke|p2|Basculegion, L50, M, shiny|\n|poke|p2|Archaludon, L50, M|\n|poke|p2|Sneasler, L50, M|\n|poke|p2|Pelipper, L50, F, shiny|\n|poke|p2|Kangaskhan, L50, F, shiny|\n|teampreview|4\n|\n|t:|1776504006\n|teamsize|p1|4\n|teamsize|p2|4\n|start\n|switch|p1a: Sneasler|Sneasler, L50, M|100/100\n|switch|p1b: Rotom|Rotom-Wash, L50|100/100\n|switch|p2a: Basculegion|Basculegion, L50, M, shiny|100/100\n|switch|p2b: Meganium|Meganium, L50, F|100/100\n|turn|1\n|\n|t:|1776504049\n|move|p2b: Meganium|Protect|p2b: Meganium\n|-singleturn|p2b: Meganium|Protect\n|move|p2a: Basculegion|Flip Turn|p1b: Rotom\n|-resisted|p1b: Rotom|1\n|-damage|p1b: Rotom|81/100\n|\n|t:|1776504057\n|switch|p2a: Archaludon|Archaludon, L50, M|100/100|[from] Flip Turn\n|move|p1a: Sneasler|Dire Claw|p2b: Meganium\n|-activate|p2b: Meganium|move: Protect\n|move|p1b: Rotom|Volt Switch|p2a: Archaludon\n|-resisted|p2a: Archaludon|1\n|-damage|p2a: Archaludon|85/100\n|-ability|p2a: Archaludon|Stamina|boost\n|-boost|p2a: Archaludon|def|1\n|\n|t:|1776504066\n|switch|p1b: Floette|Floette-Eternal, L50, F|100/100|[from] Volt Switch\n|\n|-heal|p2a: Archaludon|91/100|[from] item: Leftovers\n|upkeep\n|turn|2\n|\n|t:|1776504085\n|switch|p2b: Basculegion|Basculegion, L50, M, shiny|100/100\n|detailschange|p1b: Floette|Floette-Mega, L50, F\n|-mega|p1b: Floette|Floette|Floettite\n|-ability|p1b: Floette|Fairy Aura\n|move|p2a: Archaludon|Protect|p2a: Archaludon\n|-singleturn|p2a: Archaludon|Protect\n|move|p1a: Sneasler|Close Combat|p2a: Archaludon\n|-activate|p2a: Archaludon|move: Protect\n|move|p1b: Floette|Dazzling Gleam|p2b: Basculegion|[spread] p2b\n|-activate|p2a: Archaludon|move: Protect\n|-damage|p2b: Basculegion|42/100\n|\n|-heal|p2a: Archaludon|97/100|[from] item: Leftovers\n|upkeep\n|turn|3\n|\n|t:|1776504126\n|switch|p2a: Pelipper|Pelipper, L50, F, shiny|100/100\n|-weather|RainDance|[from] ability: Drizzle|[of] p2a: Pelipper\n|move|p2b: Basculegion|Flip Turn|p1b: Floette\n|-damage|p1b: Floette|43/100\n|j| f2bior7\n|\n|t:|1776504151\n|switch|p2b: Archaludon|Archaludon, L50, M|97/100|[from] Flip Turn\n|move|p1a: Sneasler|Close Combat|p2a: Pelipper\n|-resisted|p2a: Pelipper|1\n|-damage|p2a: Pelipper|59/100\n|-unboost|p1a: Sneasler|def|1\n|-unboost|p1a: Sneasler|spd|1\n|-enditem|p1a: Sneasler|White Herb\n|-clearnegativeboost|p1a: Sneasler|[silent]\n|move|p1b: Floette|Moonblast|p2a: Pelipper\n|-crit|p2a: Pelipper\n|-damage|p2a: Pelipper|0 fnt\n|faint|p2a: Pelipper\n|\n|-weather|RainDance|[upkeep]\n|-heal|p2b: Archaludon|100/100|[from] item: Leftovers\n|upkeep\n|\n|t:|1776504159\n|switch|p2a: Basculegion|Basculegion, L50, M, shiny|42/100\n|turn|4\n|\n|t:|1776504179\n|move|p1a: Sneasler|Close Combat|p2b: Archaludon\n|-supereffective|p2b: Archaludon|1\n|-damage|p2b: Archaludon|8/100\n|-unboost|p1a: Sneasler|def|1\n|-unboost|p1a: Sneasler|spd|1\n|-ability|p2b: Archaludon|Stamina|boost\n|-boost|p2b: Archaludon|def|1\n|move|p2a: Basculegion|Flip Turn|p1b: Floette\n|-damage|p1b: Floette|0 fnt\n|faint|p1b: Floette\n|\n|t:|1776504188\n|switch|p2a: Meganium|Meganium, L50, F|100/100|[from] Flip Turn\n|move|p2b: Archaludon|Electro Shot||[still]\n|-prepare|p2b: Archaludon|Electro Shot\n|-boost|p2b: Archaludon|spa|1\n|-anim|p2b: Archaludon|Electro Shot|p1a: Sneasler\n|-damage|p1a: Sneasler|0 fnt\n|faint|p1a: Sneasler\n|\n|-weather|RainDance|[upkeep]\n|-heal|p2b: Archaludon|14/100|[from] item: Leftovers\n|upkeep\n|\n|t:|1776504190\n|switch|p1a: Rotom|Rotom-Wash, L50|81/100\n|switch|p1b: Incineroar|Incineroar, L50, F|100/100\n|-ability|p1b: Incineroar|Intimidate|boost\n|-unboost|p2a: Meganium|atk|1\n|-unboost|p2b: Archaludon|atk|1\n|turn|5\n|-message|Unskilled99 forfeited.\n|\n|win|magicallamp\n|raw|Unskilled99's rating: 1405 &rarr; <strong>1384</strong><br />(-21 for losing)\n|raw|magicallamp's rating: 1396 &rarr; <strong>1417</strong><br />(+21 for winning)\n|l|\u2606Unskilled99\n|player|p1|\n|l|\u2606magicallamp\n|player|p2|\n",
  "uploadtime": 1776504207,
  "views": 39,
  "formatid": "gen9championsvgc2026regma",
  "rating": 1384,
  "private": 0,
  "password": null
}