{
  "id": "gen9championsvgc2026regma-2582349475",
  "format": "[Gen 9 Champions] VGC 2026 Reg M-A",
  "players": [
    "mars23456",
    "SimMikaze"
  ],
  "log": "|j|\u2606mars23456\n|j|\u2606SimMikaze\n|t:|1776085484\n|gametype|doubles\n|player|p1|mars23456|ingo|1326\n|player|p2|SimMikaze|miku-ghost|1360\n|gen|9\n|tier|[Gen 9 Champions] VGC 2026 Reg M-A\n|rated|\n|rule|Species Clause: Limit one of each Pok\u00e9mon\n|rule|Item Clause: Limit 1 of each item\n|clearpoke\n|poke|p1|Pelipper, L50, F|\n|poke|p1|Archaludon, L50, M|\n|poke|p1|Floette-Eternal, L50, F|\n|poke|p1|Basculegion, L50, M|\n|poke|p1|Incineroar, L50, F|\n|poke|p1|Excadrill, L50, F|\n|poke|p2|Floette-Eternal, L50, F|\n|poke|p2|Maushold-Four, L50|\n|poke|p2|Garchomp, L50, F|\n|poke|p2|Talonflame, L50, F|\n|poke|p2|Sinistcha, L50|\n|poke|p2|Incineroar, L50, M|\n|teampreview|4\n|inactive|Battle timer is ON: inactive players will automatically lose when time's up. (requested by mars23456)\nmars23456 has agreed to open team sheets.\n|inactive|SimMikaze has 60 seconds left.\n|\n|t:|1776085520\n|teamsize|p1|4\n|teamsize|p2|4\n|start\n|switch|p1a: Incineroar|Incineroar, L50, F|100/100\n|switch|p1b: Archaludon|Archaludon, L50, M|100/100\n|switch|p2a: Floette|Floette-Eternal, L50, F|100/100\n|switch|p2b: Maushold|Maushold-Four, L50|100/100\n|-ability|p1a: Incineroar|Intimidate|boost\n|-unboost|p2a: Floette|atk|1\n|-unboost|p2b: Maushold|atk|1\n|turn|1\n|inactive|mars23456 has 30 seconds left.\n|inactive|mars23456 has 20 seconds left.\n|\n|t:|1776085556\n|move|p2b: Maushold|Protect|p2b: Maushold\n|-singleturn|p2b: Maushold|Protect\n|move|p2a: Floette|Protect|p2a: Floette\n|-singleturn|p2a: Floette|Protect\n|move|p1a: Incineroar|Fake Out|p2b: Maushold\n|-activate|p2b: Maushold|move: Protect\n|move|p1b: Archaludon|Draco Meteor|p2b: Maushold\n|-activate|p2b: Maushold|move: Protect\n|\n|upkeep\n|turn|2\n|\n|t:|1776085565\n|detailschange|p2a: Floette|Floette-Mega, L50, F\n|-mega|p2a: Floette|Floette|Floettite\n|-ability|p2a: Floette|Fairy Aura\n|move|p2b: Maushold|Follow Me|p2b: Maushold\n|-singleturn|p2b: Maushold|move: Follow Me\n|move|p1b: Archaludon|Draco Meteor|p2b: Maushold\n|-damage|p2b: Maushold|22/100\n|-unboost|p1b: Archaludon|spa|2\n|-enditem|p1b: Archaludon|White Herb\n|-clearnegativeboost|p1b: Archaludon|[silent]\n|move|p2a: Floette|Calm Mind|p2a: Floette\n|-boost|p2a: Floette|spa|1\n|-boost|p2a: Floette|spd|1\n|move|p1a: Incineroar|Parting Shot|p2b: Maushold\n|-unboost|p2b: Maushold|atk|1\n|-unboost|p2b: Maushold|spa|1\n|\n|t:|1776085578\n|switch|p1a: Floette|Floette-Eternal, L50, F|100/100|[from] Parting Shot\n|\n|upkeep\n|turn|3\n|\n|t:|1776085590\n|detailschange|p1a: Floette|Floette-Mega, L50, F\n|-mega|p1a: Floette|Floette|Floettite\n|-ability|p1a: Floette|Fairy Aura\n|move|p2b: Maushold|Follow Me|p2b: Maushold\n|-singleturn|p2b: Maushold|move: Follow Me\n|move|p1a: Floette|Dazzling Gleam|p2a: Floette|[spread] p2a,p2b\n|-damage|p2a: Floette|83/100\n|-damage|p2b: Maushold|0 fnt\n|faint|p2b: Maushold\n|move|p1b: Archaludon|Flash Cannon|p2a: Floette\n|-supereffective|p2a: Floette|1\n|-damage|p2a: Floette|43/100\n|move|p2a: Floette|Dazzling Gleam|p1b: Archaludon|[spread] p1a,p1b\n|-damage|p1a: Floette|42/100\n|-ability|p1b: Archaludon|Sturdy\n|-damage|p1b: Archaludon|1/100\n|\n|upkeep\n|\n|t:|1776085599\n|switch|p2b: Talonflame|Talonflame, L50, F|100/100\n|turn|4\n|\n|t:|1776085607\n|move|p1a: Floette|Protect|p1a: Floette\n|-singleturn|p1a: Floette|Protect\n|move|p2b: Talonflame|Tailwind|p2b: Talonflame\n|-sidestart|p2: SimMikaze|move: Tailwind\n|move|p2a: Floette|Dazzling Gleam|p1a: Floette|[spread] p1b\n|-activate|p1a: Floette|move: Protect\n|-damage|p1b: Archaludon|0 fnt\n|faint|p1b: Archaludon\n|\n|upkeep\n|\n|t:|1776085609\n|switch|p1b: Incineroar|Incineroar, L50, F|100/100\n|-ability|p1b: Incineroar|Intimidate|boost\n|-unboost|p2a: Floette|atk|1\n|-unboost|p2b: Talonflame|atk|1\n|turn|5\n|\n|t:|1776085621\n|switch|p1a: Basculegion|Basculegion, L50, M|100/100\n|move|p2b: Talonflame|Protect|p2b: Talonflame\n|-singleturn|p2b: Talonflame|Protect\n|move|p2a: Floette|Protect|p2a: Floette\n|-singleturn|p2a: Floette|Protect\n|move|p1b: Incineroar|Fake Out|p2a: Floette\n|-activate|p2a: Floette|move: Protect\n|\n|upkeep\n|turn|6\n|\n|t:|1776085636\n|move|p2b: Talonflame|Acrobatics|p1a: Basculegion\n|-damage|p1a: Basculegion|64/100\n|move|p2a: Floette|Moonblast|p1a: Basculegion\n|-damage|p1a: Basculegion|0 fnt\n|faint|p1a: Basculegion\n|move|p1b: Incineroar|Darkest Lariat|p2b: Talonflame\n|-damage|p2b: Talonflame|38/100\n|\n|upkeep\n|\n|t:|1776085642\n|switch|p1a: Floette|Floette-Mega, L50, F|42/100\n|-ability|p1a: Floette|Fairy Aura\n|turn|7\n|\n|t:|1776085658\n|move|p2b: Talonflame|Protect|p2b: Talonflame\n|-singleturn|p2b: Talonflame|Protect\n|move|p1a: Floette|Protect|p1a: Floette\n|-singleturn|p1a: Floette|Protect\n|move|p2a: Floette|Dazzling Gleam|p1a: Floette|[spread] p1b\n|-activate|p1a: Floette|move: Protect\n|-damage|p1b: Incineroar|35/100\n|move|p1b: Incineroar|Darkest Lariat|p2b: Talonflame\n|-activate|p2b: Talonflame|move: Protect\n|\n|-sideend|p2: SimMikaze|move: Tailwind\n|upkeep\n|turn|8\n|-message|mars23456 forfeited.\n|\n|win|SimMikaze\n|raw|mars23456's rating: 1326 &rarr; <strong>1308</strong><br />(-18 for losing)\n|raw|SimMikaze's rating: 1360 &rarr; <strong>1378</strong><br />(+18 for winning)\n|l|\u2606mars23456\n|player|p1|\n",
  "uploadtime": 1776085670,
  "views": 21,
  "formatid": "gen9championsvgc2026regma",
  "rating": 1308,
  "private": 0,
  "password": null
}