{
  "id": "gen9championsvgc2026regma-2587804547",
  "format": "[Gen 9 Champions] VGC 2026 Reg M-A",
  "players": [
    "La voz favorita",
    "actuary97"
  ],
  "log": "|j|\u2606La voz favorita\n|j|\u2606actuary97\n|t:|1776565717\n|gametype|doubles\n|player|p1|La voz favorita|266|1438\n|player|p2|actuary97|sabrina-frlg|1483\n|gen|9\n|tier|[Gen 9 Champions] VGC 2026 Reg M-A\n|rated|\n|rule|Species Clause: Limit one of each Pok\u00e9mon\n|rule|Item Clause: Limit 1 of each item\n|clearpoke\n|poke|p1|Floette-Eternal, L50, F|\n|poke|p1|Maushold, L50|\n|poke|p1|Rotom-Heat, L50|\n|poke|p1|Aerodactyl, L50, M|\n|poke|p1|Garchomp, L50, M|\n|poke|p1|Aegislash, L50, M, shiny|\n|poke|p2|Incineroar, L50, F|\n|poke|p2|Farigiraf, L50, F|\n|poke|p2|Tyranitar, L50, M, shiny|\n|poke|p2|Gallade, L50, M, shiny|\n|poke|p2|Sinistcha, L50|\n|poke|p2|Corviknight, L50, M|\n|teampreview|4\nLa voz favorita has agreed to open team sheets.\n|\n|t:|1776565747\n|teamsize|p1|4\n|teamsize|p2|4\n|start\n|switch|p1a: Floette|Floette-Eternal, L50, F|100/100\n|switch|p1b: Maushold|Maushold, L50|100/100\n|switch|p2a: Incineroar|Incineroar, L50, F|100/100\n|switch|p2b: Farigiraf|Farigiraf, L50, F|100/100\n|-ability|p2a: Incineroar|Intimidate|boost\n|-unboost|p1a: Floette|atk|1\n|-unboost|p1b: Maushold|atk|1\n|turn|1\n|\n|t:|1776565769\n|detailschange|p1a: Floette|Floette-Mega, L50, F\n|-mega|p1a: Floette|Floette|Floettite\n|-ability|p1a: Floette|Fairy Aura\n|move|p2a: Incineroar|Fake Out|p1b: Maushold\n|-damage|p1b: Maushold|89/100\n|cant|p1b: Maushold|flinch\n|move|p1a: Floette|Calm Mind|p1a: Floette\n|-boost|p1a: Floette|spa|1\n|-boost|p1a: Floette|spd|1\n|move|p2b: Farigiraf|Trick Room|p2b: Farigiraf\n|-fieldstart|move: Trick Room|[of] p2b: Farigiraf\n|\n|upkeep\n|turn|2\n|\n|t:|1776565783\n|move|p1b: Maushold|Follow Me|p1b: Maushold\n|-singleturn|p1b: Maushold|move: Follow Me\n|move|p2b: Farigiraf|Nasty Plot|p2b: Farigiraf\n|-boost|p2b: Farigiraf|spa|2\n|move|p2a: Incineroar|Flare Blitz|p1b: Maushold\n|-damage|p1b: Maushold|42/100\n|-enditem|p1b: Maushold|Sitrus Berry|[eat]\n|-heal|p1b: Maushold|67/100|[from] item: Sitrus Berry\n|-damage|p2a: Incineroar|87/100|[from] Recoil\n|move|p1a: Floette|Calm Mind|p1a: Floette\n|-boost|p1a: Floette|spa|1\n|-boost|p1a: Floette|spd|1\n|\n|upkeep\n|turn|3\n|\n|t:|1776565816\n|move|p1b: Maushold|Helping Hand|p1a: Floette\n|-singleturn|p1a: Floette|Helping Hand|[of] p1b: Maushold\n|move|p2b: Farigiraf|Psyshock|p1a: Floette\n|-crit|p1a: Floette\n|-damage|p1a: Floette|12/100\n|move|p2a: Incineroar|Flare Blitz|p1b: Maushold\n|-damage|p1b: Maushold|24/100\n|-damage|p2a: Incineroar|74/100|[from] Recoil\n|move|p1a: Floette|Dazzling Gleam|p2a: Incineroar|[spread] p2a,p2b\n|-damage|p2a: Incineroar|0 fnt\n|-damage|p2b: Farigiraf|0 fnt\n|faint|p2a: Incineroar\n|faint|p2b: Farigiraf\n|\n|upkeep\n|\n|t:|1776565828\n|switch|p2b: Tyranitar|Tyranitar, L50, M, shiny|100/100\n|switch|p2a: Gallade|Gallade, L50, M, shiny|100/100\n|-weather|Sandstorm|[from] ability: Sand Stream|[of] p2b: Tyranitar\n|turn|4\n|\n|t:|1776565840\n|switch|p1a: Aegislash|Aegislash, L50, M, shiny|100/100\n|move|p1b: Maushold|Protect|p1b: Maushold\n|-singleturn|p1b: Maushold|Protect\n|move|p2b: Tyranitar|Dragon Dance|p2b: Tyranitar\n|-boost|p2b: Tyranitar|atk|1\n|-boost|p2b: Tyranitar|spe|1\n|move|p2a: Gallade|Psycho Cut|p1b: Maushold\n|-activate|p1b: Maushold|move: Protect\n|\n|-weather|Sandstorm|[upkeep]\n|-damage|p2a: Gallade|95/100|[from] Sandstorm\n|-damage|p1b: Maushold|18/100|[from] Sandstorm\n|upkeep\n|turn|5\n|j| sammap\n|\n|t:|1776565874\n|detailschange|p2b: Tyranitar|Tyranitar-Mega, L50, M, shiny\n|-mega|p2b: Tyranitar|Tyranitar|Tyranitarite\n|move|p1b: Maushold|Follow Me|p1b: Maushold\n|-singleturn|p1b: Maushold|move: Follow Me\n|-formechange|p1a: Aegislash|Aegislash-Blade|\n|move|p1a: Aegislash|Poltergeist|p2a: Gallade\n|-activate|p2a: Gallade|move: Poltergeist|Scope Lens\n|-supereffective|p2a: Gallade|1\n|-damage|p2a: Gallade|0 fnt\n|faint|p2a: Gallade\n|move|p2b: Tyranitar|Knock Off|p1b: Maushold\n|-damage|p1b: Maushold|0 fnt\n|faint|p1b: Maushold\n|\n|-weather|Sandstorm|[upkeep]\n|-fieldend|move: Trick Room\n|upkeep\n|\n|t:|1776565881\n|switch|p1b: Rotom|Rotom-Heat, L50|100/100\n|turn|6\n|\n|t:|1776565888\n|move|p1b: Rotom|Protect|p1b: Rotom\n|-singleturn|p1b: Rotom|Protect\n|-formechange|p1a: Aegislash|Aegislash|\n|move|p1a: Aegislash|King's Shield|p1a: Aegislash\n|-singleturn|p1a: Aegislash|Protect\n|move|p2b: Tyranitar|Dragon Dance|p2b: Tyranitar\n|-boost|p2b: Tyranitar|atk|1\n|-boost|p2b: Tyranitar|spe|1\n|\n|-weather|Sandstorm|[upkeep]\n|-damage|p1b: Rotom|95/100|[from] Sandstorm\n|upkeep\n|turn|7\n|\n|t:|1776565901\n|switch|p1a: Floette|Floette-Mega, L50, F|12/100\n|-ability|p1a: Floette|Fairy Aura\n|move|p2b: Tyranitar|Rock Slide|p1a: Floette|[spread] p1a,p1b\n|-supereffective|p1b: Rotom|1\n|-damage|p1a: Floette|0 fnt\n|-damage|p1b: Rotom|0 fnt\n|faint|p1a: Floette\n|faint|p1b: Rotom\n|\n|-weather|Sandstorm|[upkeep]\n|upkeep\n|-message|La voz favorita forfeited.\n|\n|win|actuary97\n|raw|La voz favorita's rating: 1438 &rarr; <strong>1421</strong><br />(-17 for losing)\n|raw|actuary97's rating: 1483 &rarr; <strong>1500</strong><br />(+17 for winning)\n|l|\u2606La voz favorita\n|player|p1|\n|l|\u2606actuary97\n|player|p2|\n",
  "uploadtime": 1776565929,
  "views": 14,
  "formatid": "gen9championsvgc2026regma",
  "rating": 1421,
  "private": 0,
  "password": null
}