{
  "id": "gen9championsvgc2026regma-2580418331",
  "format": "[Gen 9 Champions] VGC 2026 Reg M-A",
  "players": [
    "Quacklimore",
    "ray amyrand"
  ],
  "log": "|j|\u2606Quacklimore\n|j|\u2606ray amyrand\n|t:|1775893518\n|gametype|doubles\n|player|p1|Quacklimore|169|1181\n|player|p2|ray amyrand|102|1195\n|gen|9\n|tier|[Gen 9 Champions] VGC 2026 Reg M-A\n|rated|\n|rule|Species Clause: Limit one of each Pok\u00e9mon\n|rule|Item Clause: Limit 1 of each item\n|clearpoke\n|poke|p1|Meganium, L50, M|\n|poke|p1|Rampardos, L50, M|\n|poke|p1|Tyranitar, L50, F|\n|poke|p1|Talonflame, L50, M|\n|poke|p1|Hatterene, L50, F|\n|poke|p1|Hydreigon, L50, F|\n|poke|p2|Aggron, L50, M|\n|poke|p2|Basculegion, L50, M|\n|poke|p2|Pelipper, L50, M|\n|poke|p2|Incineroar, L50, M|\n|poke|p2|Sinistcha, L50|\n|poke|p2|Hydreigon, L50, M|\n|teampreview|4\n|inactive|Battle timer is ON: inactive players will automatically lose when time's up. (requested by Quacklimore)\nQuacklimore has agreed to open team sheets.\n|\n|t:|1775893582\n|teamsize|p1|4\n|teamsize|p2|4\n|start\n|switch|p1a: Hatterene|Hatterene, L50, F|100/100\n|switch|p1b: Rampardos|Rampardos, L50, M|100/100\n|switch|p2a: Aggron|Aggron, L50, M|100/100\n|switch|p2b: Incineroar|Incineroar, L50, M|100/100\n|-ability|p2b: Incineroar|Intimidate|boost\n|-unboost|p1a: Hatterene|atk|1\n|-unboost|p1b: Rampardos|atk|1\n|turn|1\n|inactive|ray amyrand has 30 seconds left.\n|\n|t:|1775893609\n|detailschange|p2a: Aggron|Aggron-Mega, L50, M\n|-mega|p2a: Aggron|Aggron|Aggronite\n|move|p1a: Hatterene|Protect|p1a: Hatterene\n|-singleturn|p1a: Hatterene|Protect\n|move|p2b: Incineroar|Parting Shot|p1b: Rampardos\n|-unboost|p1b: Rampardos|atk|1\n|-unboost|p1b: Rampardos|spa|1\n|\n|t:|1775893618\n|switch|p2b: Sinistcha|Sinistcha, L50|100/100|[from] Parting Shot\n|move|p1b: Rampardos|Head Smash|p2b: Sinistcha\n|-crit|p2b: Sinistcha\n|-damage|p2b: Sinistcha|0 fnt\n|faint|p2b: Sinistcha\n|-damage|p1b: Rampardos|57/100|[from] Recoil\n|move|p2a: Aggron|Iron Defense|p2a: Aggron\n|-boost|p2a: Aggron|def|2\n|\n|upkeep\n|\n|t:|1775893628\n|switch|p2b: Pelipper|Pelipper, L50, M|100/100\n|-weather|RainDance|[from] ability: Drizzle|[of] p2b: Pelipper\n|turn|2\n|\n|t:|1775893644\n|move|p2b: Pelipper|Tailwind|p2b: Pelipper\n|-sidestart|p2: ray amyrand|move: Tailwind\n|move|p2a: Aggron|Body Press|p1b: Rampardos\n|-supereffective|p1b: Rampardos|1\n|-damage|p1b: Rampardos|0 fnt\n|faint|p1b: Rampardos\n|move|p1a: Hatterene|Trick Room|p1a: Hatterene\n|-fieldstart|move: Trick Room|[of] p1a: Hatterene\n|\n|-weather|RainDance|[upkeep]\n|upkeep\n|inactive|Quacklimore has 30 seconds left.\n|\n|t:|1775893676\n|switch|p1b: Hydreigon|Hydreigon, L50, F|100/100\n|turn|3\n|j| psych1corpsych0tic\n|\n|t:|1775893691\n|move|p2b: Pelipper|Protect|p2b: Pelipper\n|-singleturn|p2b: Pelipper|Protect\n|move|p1a: Hatterene|Psychic|p2a: Aggron\n|-resisted|p2a: Aggron|1\n|-damage|p2a: Aggron|80/100\n|move|p2a: Aggron|Body Press|p1b: Hydreigon\n|-supereffective|p1b: Hydreigon|1\n|-damage|p1b: Hydreigon|0 fnt\n|faint|p1b: Hydreigon\n|\n|-weather|RainDance|[upkeep]\n|upkeep\n|c| psych1corpsych0tic|mega aggron in rain BASED\n|\n|t:|1775893703\n|switch|p1b: Meganium|Meganium, L50, M|100/100\n|turn|4\n|c| psych1corpsych0tic|GIGACHAD\n|\n|t:|1775893718\n|detailschange|p1b: Meganium|Meganium-Mega, L50, M\n|-mega|p1b: Meganium|Meganium|Meganiumite\n|move|p2a: Aggron|Protect|p2a: Aggron\n|-singleturn|p2a: Aggron|Protect\n|move|p1a: Hatterene|Dazzling Gleam|p2b: Pelipper|[spread] p2b\n|-activate|p2a: Aggron|move: Protect\n|-damage|p2b: Pelipper|51/100\n|move|p1b: Meganium|Weather Ball|p2a: Aggron\n|-activate|p2a: Aggron|move: Protect\n|move|p2b: Pelipper|Hurricane|p1b: Meganium\n|-supereffective|p1b: Meganium|1\n|-damage|p1b: Meganium|23/100\n|\n|-weather|RainDance|[upkeep]\n|upkeep\n|turn|5\n|inactiveoff|Battle timer is now OFF.\n|c|\u2606ray amyrand|Thnx\n|\n|t:|1775893766\n|move|p1a: Hatterene|Psychic|p2b: Pelipper\n|-damage|p2b: Pelipper|0 fnt\n|faint|p2b: Pelipper\n|move|p1b: Meganium|Earth Power|p2a: Aggron\n|-supereffective|p2a: Aggron|1\n|-damage|p2a: Aggron|27/100\n|move|p2a: Aggron|Heavy Slam|p1a: Hatterene\n|-supereffective|p1a: Hatterene|1\n|-damage|p1a: Hatterene|0 fnt\n|faint|p1a: Hatterene\n|\n|-weather|RainDance|[upkeep]\n|-sideend|p2: ray amyrand|move: Tailwind\n|upkeep\n|\n|t:|1775893768\n|switch|p2b: Incineroar|Incineroar, L50, M|100/100\n|-ability|p2b: Incineroar|Intimidate|boost\n|-unboost|p1b: Meganium|atk|1\n|turn|6\n|j| Skyloh\n|\n|t:|1775893794\n|move|p2a: Aggron|Heavy Slam|p1b: Meganium\n|-supereffective|p1b: Meganium|1\n|-damage|p1b: Meganium|0 fnt\n|faint|p1b: Meganium\n|\n|win|ray amyrand\n|raw|Quacklimore's rating: 1181 &rarr; <strong>1157</strong><br />(-24 for losing)\n|raw|ray amyrand's rating: 1195 &rarr; <strong>1219</strong><br />(+24 for winning)\n",
  "uploadtime": 1775893801,
  "views": 38,
  "formatid": "gen9championsvgc2026regma",
  "rating": 1157,
  "private": 0,
  "password": null
}