{
  "id": "gen9championsvgc2026regma-2582796951",
  "format": "[Gen 9 Champions] VGC 2026 Reg M-A",
  "players": [
    "b0rja",
    "marwandk"
  ],
  "log": "|j|\u2606b0rja\n|j|\u2606marwandk\n|t:|1776114834\n|gametype|doubles\n|player|p1|b0rja|volkner|1000\n|player|p2|marwandk|102|1047\n|gen|9\n|tier|[Gen 9 Champions] VGC 2026 Reg M-A\n|rated|\n|rule|Species Clause: Limit one of each Pok\u00e9mon\n|rule|Item Clause: Limit 1 of each item\n|clearpoke\n|poke|p1|Crabominable, L50, M|\n|poke|p1|Mimikyu, L50, F|\n|poke|p1|Clawitzer, L50, F|\n|poke|p1|Incineroar, L50, F|\n|poke|p1|Hydrapple, L50, F|\n|poke|p1|Clefable, L50, F|\n|poke|p2|Skarmory, L50, F|\n|poke|p2|Gyarados, L50, F|\n|poke|p2|Aerodactyl, L50, M|\n|poke|p2|Garchomp, L50, M|\n|poke|p2|Milotic, L50, M|\n|poke|p2|Tauros-Paldea-Blaze, L50, M|\n|teampreview|4\n|inactive|Battle timer is ON: inactive players will automatically lose when time's up. (requested by b0rja)\nmarwandk has agreed to open team sheets.\n|inactive|marwandk has 60 seconds left.\n|\n|t:|1776114878\n|teamsize|p1|4\n|teamsize|p2|4\n|start\n|switch|p1a: Mimikyu|Mimikyu, L50, F|100/100\n|switch|p1b: Clawitzer|Clawitzer, L50, F|100/100\n|switch|p2a: Aerodactyl|Aerodactyl, L50, M|100/100\n|switch|p2b: Milotic|Milotic, L50, M|100/100\n|-ability|p2a: Aerodactyl|Unnerve\n|turn|1\n|\n|t:|1776114887\n|move|p2a: Aerodactyl|Dual Wingbeat|p1a: Mimikyu\n|-activate|p1a: Mimikyu|ability: Disguise\n|-damage|p1a: Mimikyu|100/100\n|detailschange|p1a: Mimikyu|Mimikyu-Busted, L50, F\n|-damage|p1a: Mimikyu|88/100|[from] pokemon: Mimikyu-Busted\n|-crit|p1a: Mimikyu\n|-damage|p1a: Mimikyu|56/100\n|-hitcount|p1a: Mimikyu|2\n|move|p2b: Milotic|Scald|p1a: Mimikyu\n|-damage|p1a: Mimikyu|23/100\n|move|p1b: Clawitzer|Water Pulse|p2a: Aerodactyl\n|-supereffective|p2a: Aerodactyl|1\n|-enditem|p2a: Aerodactyl|Focus Sash\n|-damage|p2a: Aerodactyl|1/100\n|move|p1a: Mimikyu|Trick Room|p1a: Mimikyu\n|-fieldstart|move: Trick Room|[of] p1a: Mimikyu\n|\n|upkeep\n|turn|2\n|\n|t:|1776114910\n|move|p2a: Aerodactyl|Protect|p2a: Aerodactyl\n|-singleturn|p2a: Aerodactyl|Protect\n|move|p1b: Clawitzer|Flip Turn|p2a: Aerodactyl\n|-activate|p2a: Aerodactyl|move: Protect\n|move|p1a: Mimikyu|Pain Split|p2b: Milotic\n|-sethp|p2b: Milotic|59/100|[from] move: Pain Split|[silent]\n|-sethp|p1a: Mimikyu|74/100|[from] move: Pain Split\n|move|p2b: Milotic|Scald|p1a: Mimikyu\n|-damage|p1a: Mimikyu|46/100\n|-status|p1a: Mimikyu|brn\n|\n|-heal|p2b: Milotic|65/100|[from] item: Leftovers\n|-damage|p1a: Mimikyu|40/100 brn|[from] brn\n|upkeep\n|turn|3\n|\n|t:|1776114932\n|move|p2a: Aerodactyl|Protect||[still]\n|-fail|p2a: Aerodactyl\n|move|p1b: Clawitzer|Flip Turn|p2a: Aerodactyl\n|-supereffective|p2a: Aerodactyl|1\n|-damage|p2a: Aerodactyl|0 fnt\n|faint|p2a: Aerodactyl\n|\n|t:|1776114938\n|switch|p1b: Crabominable|Crabominable, L50, M|100/100|[from] Flip Turn\n|move|p1a: Mimikyu|Pain Split|p2b: Milotic\n|-sethp|p2b: Milotic|49/100|[from] move: Pain Split|[silent]\n|-sethp|p1a: Mimikyu|60/100 brn|[from] move: Pain Split\n|move|p2b: Milotic|Scald|p1b: Crabominable\n|-damage|p1b: Crabominable|55/100\n|-status|p1b: Crabominable|brn\n|\n|-heal|p2b: Milotic|54/100|[from] item: Leftovers\n|-damage|p1b: Crabominable|49/100 brn|[from] brn\n|-damage|p1a: Mimikyu|54/100 brn|[from] brn\n|upkeep\n|\n|t:|1776114954\n|switch|p2a: Tauros|Tauros-Paldea-Blaze, L50, M|100/100\n|-ability|p2a: Tauros|Intimidate|boost\n|-unboost|p1a: Mimikyu|atk|1\n|-unboost|p1b: Crabominable|atk|1\n|turn|4\n|inactive|b0rja has 30 seconds left.\n|\n|t:|1776114986\n|switch|p1a: Clawitzer|Clawitzer, L50, F|100/100\n|detailschange|p1b: Crabominable|Crabominable-Mega, L50, M\n|-mega|p1b: Crabominable|Crabominable|Crabominite\n|move|p2b: Milotic|Protect|p2b: Milotic\n|-singleturn|p2b: Milotic|Protect\n|move|p1b: Crabominable|Rock Slide|p2b: Milotic|[spread] p2a\n|-activate|p2b: Milotic|move: Protect\n|-damage|p2a: Tauros|93/100\n|cant|p2a: Tauros|flinch\n|\n|-heal|p2b: Milotic|60/100|[from] item: Leftovers\n|-damage|p1b: Crabominable|43/100 brn|[from] brn\n|upkeep\n|turn|5\n|\n|t:|1776115002\n|switch|p1b: Mimikyu|Mimikyu-Busted, L50, F|54/100 brn\n|move|p2a: Tauros|Protect|p2a: Tauros\n|-singleturn|p2a: Tauros|Protect\n|move|p1a: Clawitzer|Water Pulse|p2a: Tauros\n|-activate|p2a: Tauros|move: Protect\n|move|p2b: Milotic|Recover|p2b: Milotic\n|-heal|p2b: Milotic|100/100\n|\n|-damage|p1b: Mimikyu|48/100 brn|[from] brn\n|-fieldend|move: Trick Room\n|upkeep\n|turn|6\n|\n|t:|1776115019\n|move|p2a: Tauros|Raging Bull|p1b: Mimikyu\n|-damage|p1b: Mimikyu|0 fnt\n|faint|p1b: Mimikyu\n|move|p2b: Milotic|Scald|p1a: Clawitzer\n|-resisted|p1a: Clawitzer|1\n|-damage|p1a: Clawitzer|81/100\n|move|p1a: Clawitzer|Water Pulse|p2a: Tauros\n|-supereffective|p2a: Tauros|1\n|-damage|p2a: Tauros|0 fnt\n|faint|p2a: Tauros\n|\n|upkeep\n|\n|t:|1776115030\n|switch|p2a: Gyarados|Gyarados, L50, F|100/100\n|switch|p1b: Crabominable|Crabominable-Mega, L50, M|43/100 brn\n|-ability|p2a: Gyarados|Intimidate|boost\n|-unboost|p1a: Clawitzer|atk|1\n|-unboost|p1b: Crabominable|atk|1\n|turn|7\n|\n|t:|1776115044\n|detailschange|p2a: Gyarados|Gyarados-Mega, L50, F\n|-mega|p2a: Gyarados|Gyarados|Gyaradosite\n|-ability|p2a: Gyarados|Mold Breaker\n|move|p2b: Milotic|Protect|p2b: Milotic\n|-singleturn|p2b: Milotic|Protect\n|move|p2a: Gyarados|Crunch|p1a: Clawitzer\n|-damage|p1a: Clawitzer|26/100\n|move|p1a: Clawitzer|Water Pulse|p2a: Gyarados\n|-resisted|p2a: Gyarados|1\n|-damage|p2a: Gyarados|79/100\n|move|p1b: Crabominable|Drain Punch|p2a: Gyarados\n|-supereffective|p2a: Gyarados|1\n|-damage|p2a: Gyarados|43/100\n|-heal|p1b: Crabominable|59/100 brn|[from] drain|[of] p2a: Gyarados\n|\n|-damage|p1b: Crabominable|53/100 brn|[from] brn\n|upkeep\n|turn|8\n|inactive|b0rja has 30 seconds left.\n|inactive|b0rja has 20 seconds left.\n|\n|t:|1776115082\n|move|p2a: Gyarados|Protect|p2a: Gyarados\n|-singleturn|p2a: Gyarados|Protect\n|move|p2b: Milotic|Scald|p1b: Crabominable\n|-damage|p1b: Crabominable|25/100 brn\n|move|p1a: Clawitzer|Dark Pulse|p2b: Milotic\n|-damage|p2b: Milotic|68/100\n|move|p1b: Crabominable|Drain Punch|p2a: Gyarados\n|-activate|p2a: Gyarados|move: Protect\n|\n|-heal|p2b: Milotic|74/100|[from] item: Leftovers\n|-damage|p1b: Crabominable|19/100 brn|[from] brn\n|upkeep\n|turn|9\n|\n|t:|1776115102\n|move|p1b: Crabominable|Mach Punch|p2a: Gyarados\n|-supereffective|p2a: Gyarados|1\n|-damage|p2a: Gyarados|23/100\n|move|p2a: Gyarados|Crunch|p1a: Clawitzer\n|-damage|p1a: Clawitzer|0 fnt\n|faint|p1a: Clawitzer\n|move|p2b: Milotic|Scald|p1b: Crabominable\n|-damage|p1b: Crabominable|0 fnt\n|faint|p1b: Crabominable\n|\n|-heal|p2b: Milotic|80/100|[from] item: Leftovers\n|upkeep\n|\n|t:|1776115108\n|switch|p1b: Clefable|Clefable, L50, F|100/100\n|turn|10\n|\n|t:|1776115115\n|move|p2a: Gyarados|Waterfall|p1b: Clefable\n|-damage|p1b: Clefable|52/100\n|move|p2b: Milotic|Scald|p1b: Clefable\n|-damage|p1b: Clefable|25/100\n|move|p1b: Clefable|Wish|p1b: Clefable\n|\n|-heal|p2b: Milotic|86/100|[from] item: Leftovers\n|-heal|p1b: Clefable|31/100|[from] item: Leftovers\n|upkeep\n|turn|11\n|\n|t:|1776115130\n|move|p1b: Clefable|Protect|p1b: Clefable\n|-singleturn|p1b: Clefable|Protect\n|move|p2a: Gyarados|Waterfall|p1b: Clefable\n|-activate|p1b: Clefable|move: Protect\n|move|p2b: Milotic|Scald|p1b: Clefable\n|-activate|p1b: Clefable|move: Protect\n|\n|-heal|p1b: Clefable|81/100|[from] move: Wish|[wisher] Clefable\n|-heal|p2b: Milotic|92/100|[from] item: Leftovers\n|-heal|p1b: Clefable|87/100|[from] item: Leftovers\n|upkeep\n|turn|12\n|\n|t:|1776115134\n|move|p2a: Gyarados|Waterfall|p1b: Clefable\n|-damage|p1b: Clefable|35/100\n|move|p2b: Milotic|Scald|p1b: Clefable\n|-damage|p1b: Clefable|9/100\n|cant|p1b: Clefable|flinch\n|\n|-heal|p2b: Milotic|98/100|[from] item: Leftovers\n|-heal|p1b: Clefable|15/100|[from] item: Leftovers\n|upkeep\n|turn|13\n|\n|t:|1776115141\n|move|p1b: Clefable|Protect|p1b: Clefable\n|-singleturn|p1b: Clefable|Protect\n|move|p2a: Gyarados|Waterfall|p1b: Clefable\n|-activate|p1b: Clefable|move: Protect\n|move|p2b: Milotic|Scald|p1b: Clefable\n|-activate|p1b: Clefable|move: Protect\n|\n|-heal|p2b: Milotic|100/100|[from] item: Leftovers\n|-heal|p1b: Clefable|21/100|[from] item: Leftovers\n|upkeep\n|turn|14\n|\n|t:|1776115145\n|move|p2a: Gyarados|Waterfall|p1b: Clefable\n|-damage|p1b: Clefable|0 fnt\n|faint|p1b: Clefable\n|\n|win|marwandk\n|raw|b0rja's rating: 1000 &rarr; <strong>1000</strong><br />(+0 for losing)\n|raw|marwandk's rating: 1047 &rarr; <strong>1076</strong><br />(+29 for winning)\n|l|\u2606b0rja\n|player|p1|\n",
  "uploadtime": 1776116359,
  "views": 16,
  "formatid": "gen9championsvgc2026regma",
  "rating": 1000,
  "private": 0,
  "password": null
}