{
  "id": "gen9championsvgc2026regma-2581162931",
  "format": "[Gen 9 Champions] VGC 2026 Reg M-A",
  "players": [
    "catball 1500",
    "lestra24"
  ],
  "log": "|j|\u203dcatball 1500\n|j|\u2606lestra24\n|t:|1775965991\n|gametype|doubles\n|player|p1|catball 1500|roughneck|1076\n|player|p2|lestra24|cynthia-gen4|1035\n|gen|9\n|tier|[Gen 9 Champions] VGC 2026 Reg M-A\n|rated|\n|rule|Species Clause: Limit one of each Pok\u00e9mon\n|rule|Item Clause: Limit 1 of each item\n|clearpoke\n|poke|p1|Skarmory, L50, M|\n|poke|p1|Incineroar, L50, F|\n|poke|p1|Garchomp, L50, F|\n|poke|p1|Gardevoir, L50, M|\n|poke|p1|Tyranitar, L50, F|\n|poke|p1|Basculegion-F, L50, F|\n|poke|p2|Tyranitar, L50, M|\n|poke|p2|Aggron, L50, M|\n|poke|p2|Incineroar, L50, M|\n|poke|p2|Excadrill, L50, M|\n|poke|p2|Dragapult, L50, F|\n|poke|p2|Gyarados, L50, M|\n|teampreview|4\n|inactive|Battle timer is ON: inactive players will automatically lose when time's up. (requested by lestra24)\n|inactive|catball 1500 also wants the timer to be on.\ncatball 1500 has agreed to open team sheets.\n|\n|t:|1775966016\n|teamsize|p1|4\n|teamsize|p2|4\n|start\n|switch|p1a: Skarmory|Skarmory, L50, M|100/100\n|switch|p1b: Garchomp|Garchomp, L50, F|100/100\n|switch|p2a: Tyranitar|Tyranitar, L50, M|100/100\n|switch|p2b: Incineroar|Incineroar, L50, M|100/100\n|-weather|Sandstorm|[from] ability: Sand Stream|[of] p2a: Tyranitar\n|-ability|p2b: Incineroar|Intimidate|boost\n|-unboost|p1a: Skarmory|atk|1\n|-unboost|p1b: Garchomp|atk|1\n|turn|1\n|\n|t:|1775966035\n|switch|p2a: Aggron|Aggron, L50, M|100/100\n|detailschange|p1a: Skarmory|Skarmory-Mega, L50, M\n|-mega|p1a: Skarmory|Skarmory|Skarmorite\n|move|p2b: Incineroar|Fake Out|p1b: Garchomp\n|-damage|p1b: Garchomp|90/100\n|-damage|p2b: Incineroar|88/100|[from] ability: Rough Skin|[of] p1b: Garchomp\n|cant|p1b: Garchomp|flinch\n|move|p1a: Skarmory|Tailwind|p1a: Skarmory\n|-sidestart|p1: catball 1500|move: Tailwind\n|\n|-weather|Sandstorm|[upkeep]\n|-damage|p2b: Incineroar|82/100|[from] Sandstorm\n|upkeep\n|turn|2\n|inactive|lestra24 has 30 seconds left.\n|\n|t:|1775966062\n|detailschange|p2a: Aggron|Aggron-Mega, L50, M\n|-mega|p2a: Aggron|Aggron|Aggronite\n|move|p1b: Garchomp|Earthquake|p2b: Incineroar|[spread] p2a,p2b\n|-immune|p1a: Skarmory\n|-supereffective|p2a: Aggron|1\n|-supereffective|p2b: Incineroar|1\n|-damage|p2a: Aggron|83/100\n|-damage|p2b: Incineroar|34/100\n|-enditem|p2b: Incineroar|Sitrus Berry|[eat]\n|-heal|p2b: Incineroar|58/100|[from] item: Sitrus Berry\n|move|p1a: Skarmory|Brave Bird|p2b: Incineroar\n|-damage|p2b: Incineroar|16/100\n|-damage|p1a: Skarmory|80/100|[from] Recoil\n|move|p2b: Incineroar|Parting Shot|p1b: Garchomp\n|-unboost|p1b: Garchomp|atk|1\n|-unboost|p1b: Garchomp|spa|1\n|\n|t:|1775966075\n|switch|p2b: Gyarados|Gyarados, L50, M|100/100|[from] Parting Shot\n|-ability|p2b: Gyarados|Intimidate|boost\n|-unboost|p1a: Skarmory|atk|1\n|-unboost|p1b: Garchomp|atk|1\n|move|p2a: Aggron|Iron Defense|p2a: Aggron\n|-boost|p2a: Aggron|def|2\n|\n|-weather|Sandstorm|[upkeep]\n|-damage|p2b: Gyarados|95/100|[from] Sandstorm\n|upkeep\n|turn|3\n|inactive|catball 1500 has 30 seconds left.\n|\n|t:|1775966101\n|move|p1b: Garchomp|Rock Slide|p2a: Aggron|[spread] p2a,p2b\n|-resisted|p2a: Aggron|1\n|-crit|p2a: Aggron\n|-supereffective|p2b: Gyarados|1\n|-damage|p2a: Aggron|77/100\n|-damage|p2b: Gyarados|76/100\n|move|p1a: Skarmory|Brave Bird|p2b: Gyarados\n|-damage|p2b: Gyarados|35/100\n|-damage|p1a: Skarmory|62/100|[from] Recoil\n|move|p2b: Gyarados|Thunder Wave|p1a: Skarmory\n|-status|p1a: Skarmory|par\n|cant|p2a: Aggron|flinch\n|\n|-weather|Sandstorm|[upkeep]\n|-damage|p2b: Gyarados|29/100|[from] Sandstorm\n|upkeep\n|turn|4\n|\n|t:|1775966124\n|move|p2b: Gyarados|Protect|p2b: Gyarados\n|-singleturn|p2b: Gyarados|Protect\n|move|p1b: Garchomp|Rock Slide|p2a: Aggron|[spread] \n|-activate|p2b: Gyarados|move: Protect\n|-miss|p1b: Garchomp|p2a: Aggron\n|move|p1a: Skarmory|Roost|p1a: Skarmory\n|-heal|p1a: Skarmory|100/100 par\n|-singleturn|p1a: Skarmory|move: Roost\n|move|p2a: Aggron|Body Press|p1b: Garchomp\n|-crit|p1b: Garchomp\n|-damage|p1b: Garchomp|0 fnt\n|-damage|p2a: Aggron|64/100|[from] ability: Rough Skin|[of] p1b: Garchomp\n|faint|p1b: Garchomp\n|\n|-weather|Sandstorm|[upkeep]\n|-damage|p2b: Gyarados|23/100|[from] Sandstorm\n|-sideend|p1: catball 1500|move: Tailwind\n|upkeep\n|\n|t:|1775966143\n|switch|p1b: Basculegion|Basculegion-F, L50, F, shiny|100/100\n|turn|5\n|\n|t:|1775966152\n|switch|p1a: Gardevoir|Gardevoir, L50, M|100/100\n|move|p2b: Gyarados|Thunder Wave|p1b: Basculegion\n|-status|p1b: Basculegion|par\n|move|p2a: Aggron|Body Press|p1b: Basculegion\n|-immune|p1b: Basculegion\n|move|p1b: Basculegion|Shadow Ball|p2a: Aggron\n|-damage|p2a: Aggron|6/100\n|\n|-weather|none\n|upkeep\n|turn|6\n|inactive|lestra24 has 30 seconds left.\n|inactive|lestra24 has 20 seconds left.\n|inactive|lestra24 has 15 seconds left.\n|inactive|lestra24 has 10 seconds left.\n|inactive|lestra24 has 5 seconds left.\n|\n|t:|1775966205\n|switch|p2b: Incineroar|Incineroar, L50, M|16/100\n|-ability|p2b: Incineroar|Intimidate|boost\n|-unboost|p1a: Gardevoir|atk|1\n|-unboost|p1b: Basculegion|atk|1\n|move|p2a: Aggron|Protect|p2a: Aggron\n|-singleturn|p2a: Aggron|Protect\n|move|p1b: Basculegion|Aqua Jet|p2a: Aggron\n|-activate|p2a: Aggron|move: Protect\n|move|p1a: Gardevoir|Trick Room|p1a: Gardevoir\n|-fieldstart|move: Trick Room|[of] p1a: Gardevoir\n|\n|upkeep\n|turn|7\n|\n|t:|1775966224\n|move|p1a: Gardevoir|Protect|p1a: Gardevoir\n|-singleturn|p1a: Gardevoir|Protect\n|move|p2b: Incineroar|Fake Out|p1a: Gardevoir\n|-activate|p1a: Gardevoir|move: Protect\n|move|p1b: Basculegion|Liquidation|p2a: Aggron\n|-damage|p2a: Aggron|0 fnt\n|faint|p2a: Aggron\n|\n|upkeep\n|\n|t:|1775966233\n|switch|p2a: Gyarados|Gyarados, L50, M|23/100\n|-ability|p2a: Gyarados|Intimidate|boost\n|-unboost|p1a: Gardevoir|atk|1\n|-unboost|p1b: Basculegion|atk|1\n|turn|8\n|\n|t:|1775966252\n|move|p1b: Basculegion|Liquidation|p2b: Incineroar\n|-supereffective|p2b: Incineroar|1\n|-damage|p2b: Incineroar|0 fnt\n|faint|p2b: Incineroar\n|move|p2a: Gyarados|Thunder Wave|p1a: Gardevoir\n|-status|p1a: Gardevoir|par\n|move|p1a: Gardevoir|Moonblast|p2a: Gyarados\n|-damage|p2a: Gyarados|0 fnt\n|faint|p2a: Gyarados\n|\n|upkeep\n|\n|t:|1775966262\n|switch|p2a: Tyranitar|Tyranitar, L50, M|100/100\n|-weather|Sandstorm|[from] ability: Sand Stream|[of] p2a: Tyranitar\n|turn|9\n|\n|t:|1775966270\n|move|p2a: Tyranitar|Protect|p2a: Tyranitar\n|-singleturn|p2a: Tyranitar|Protect\n|move|p1b: Basculegion|Liquidation|p2a: Tyranitar\n|-activate|p2a: Tyranitar|move: Protect\n|move|p1a: Gardevoir|Moonblast|p2a: Tyranitar\n|-activate|p2a: Tyranitar|move: Protect\n|\n|-weather|Sandstorm|[upkeep]\n|-damage|p1b: Basculegion|94/100 par|[from] Sandstorm\n|-damage|p1a: Gardevoir|95/100 par|[from] Sandstorm\n|-heal|p1b: Basculegion|100/100 par|[from] item: Leftovers\n|upkeep\n|turn|10\n|\n|t:|1775966281\n|move|p1b: Basculegion|Liquidation|p2a: Tyranitar\n|-supereffective|p2a: Tyranitar|1\n|-damage|p2a: Tyranitar|66/100\n|move|p1a: Gardevoir|Moonblast|p2a: Tyranitar\n|-supereffective|p2a: Tyranitar|1\n|-damage|p2a: Tyranitar|1/100\n|move|p2a: Tyranitar|Rock Slide|p1a: Gardevoir|[spread] p1a\n|-miss|p2a: Tyranitar|p1b: Basculegion\n|-damage|p1a: Gardevoir|40/100 par\n|\n|-weather|Sandstorm|[upkeep]\n|-damage|p1b: Basculegion|94/100 par|[from] Sandstorm\n|-damage|p1a: Gardevoir|35/100 par|[from] Sandstorm\n|-heal|p1b: Basculegion|100/100 par|[from] item: Leftovers\n|-heal|p2a: Tyranitar|7/100|[from] item: Leftovers\n|-fieldend|move: Trick Room\n|upkeep\n|turn|11\n|-message|lestra24 forfeited.\n|\n|win|catball 1500\n|raw|catball 1500's rating: 1076 &rarr; <strong>1101</strong><br />(+25 for winning)\n|raw|lestra24's rating: 1035 &rarr; <strong>1022</strong><br />(-13 for losing)\n|l|\u2606lestra24\n|player|p2|\n",
  "uploadtime": 1775966305,
  "views": 24,
  "formatid": "gen9championsvgc2026regma",
  "rating": 1022,
  "private": 0,
  "password": null
}