{
  "id": "gen9championsvgc2026regma-2587112043",
  "format": "[Gen 9 Champions] VGC 2026 Reg M-A",
  "players": [
    "thejabbar",
    "antbadmon"
  ],
  "log": "|j|\u2606thejabbar\n|j|\u2606antbadmon\n|t:|1776495071\n|gametype|doubles\n|player|p1|thejabbar|266|1000\n|player|p2|antbadmon|169|1044\n|gen|9\n|tier|[Gen 9 Champions] VGC 2026 Reg M-A\n|rated|\n|rule|Species Clause: Limit one of each Pok\u00e9mon\n|rule|Item Clause: Limit 1 of each item\n|clearpoke\n|poke|p1|Glimmora, L50, F|\n|poke|p1|Ninetales-Alola, L50, F|\n|poke|p1|Corviknight, L50, M|\n|poke|p1|Gyarados, L50, M|\n|poke|p1|Garchomp, L50, F|\n|poke|p1|Volcarona, L50, F|\n|poke|p2|Tyranitar, L50, F|\n|poke|p2|Excadrill, L50, F|\n|poke|p2|Meowscarada, L50, M|\n|poke|p2|Rotom-Wash, L50|\n|poke|p2|Aegislash, L50, M|\n|poke|p2|Incineroar, L50, F|\n|teampreview|4\nantbadmon rejected open team sheets.\n|\n|t:|1776495090\n|teamsize|p1|4\n|teamsize|p2|4\n|start\n|switch|p1a: Glimmora|Glimmora, L50, F|100/100\n|switch|p1b: Ninetales|Ninetales-Alola, L50, F|100/100\n|switch|p2a: Rotom|Rotom-Wash, L50|100/100\n|switch|p2b: Aegislash|Aegislash, L50, M|100/100\n|-weather|Snowscape|[from] ability: Snow Warning|[of] p1b: Ninetales\n|turn|1\n|\n|t:|1776495105\n|detailschange|p1a: Glimmora|Glimmora-Mega, L50, F\n|-mega|p1a: Glimmora|Glimmora|Glimmoranite\n|move|p1a: Glimmora|Substitute|p1a: Glimmora\n|-start|p1a: Glimmora|Substitute\n|-damage|p1a: Glimmora|76/100\n|move|p1b: Ninetales|Aurora Veil|p1b: Ninetales\n|-sidestart|p1: thejabbar|move: Aurora Veil\n|move|p2a: Rotom|Hydro Pump|p1a: Glimmora\n|-supereffective|p1a: Glimmora|1\n|-end|p1a: Glimmora|Substitute\n|-formechange|p2b: Aegislash|Aegislash-Blade|\n|move|p2b: Aegislash|Iron Head|p1b: Ninetales\n|-supereffective|p1b: Ninetales|2\n|-crit|p1b: Ninetales\n|-enditem|p1b: Ninetales|Focus Sash\n|-damage|p1b: Ninetales|1/100\n|\n|-weather|Snowscape|[upkeep]\n|upkeep\n|turn|2\n|\n|t:|1776495127\n|-formechange|p2b: Aegislash|Aegislash|\n|move|p2b: Aegislash|King's Shield|p2b: Aegislash\n|-singleturn|p2b: Aegislash|Protect\n|move|p1a: Glimmora|Sludge Bomb|p2a: Rotom\n|-damage|p2a: Rotom|30/100\n|move|p1b: Ninetales|Blizzard|p2b: Aegislash|[spread] p2a\n|-activate|p2b: Aegislash|move: Protect\n|-resisted|p2a: Rotom|1\n|-damage|p2a: Rotom|13/100\n|move|p2a: Rotom|Hydro Pump|p1a: Glimmora\n|-supereffective|p1a: Glimmora|1\n|-damage|p1a: Glimmora|2/100\n|\n|-weather|Snowscape|[upkeep]\n|-heal|p2a: Rotom|19/100|[from] item: Leftovers\n|upkeep\n|turn|3\n|\n|t:|1776495164\n|switch|p2a: Tyranitar|Tyranitar, L50, F|100/100\n|-weather|Sandstorm|[from] ability: Sand Stream|[of] p2a: Tyranitar\n|move|p1a: Glimmora|Sludge Bomb|p2a: Tyranitar\n|-resisted|p2a: Tyranitar|1\n|-damage|p2a: Tyranitar|79/100\n|move|p1b: Ninetales|Encore|p2b: Aegislash\n|-start|p2b: Aegislash|Encore\n|move|p2b: Aegislash|King's Shield||[still]\n|-fail|p2b: Aegislash\n|\n|-weather|Sandstorm|[upkeep]\n|-damage|p1b: Ninetales|0 fnt|[from] Sandstorm\n|faint|p1b: Ninetales\n|upkeep\n|\n|t:|1776495178\n|switch|p1b: Corviknight|Corviknight, L50, M|100/100\n|turn|4\n|\n|t:|1776495199\n|detailschange|p2a: Tyranitar|Tyranitar-Mega, L50, F\n|-mega|p2a: Tyranitar|Tyranitar|Tyranitarite\n|move|p2b: Aegislash|King's Shield|p2b: Aegislash\n|-singleturn|p2b: Aegislash|Protect\n|move|p1a: Glimmora|Sludge Bomb|p2b: Aegislash\n|-activate|p2b: Aegislash|move: Protect\n|move|p2a: Tyranitar|Rock Slide|p1a: Glimmora|[spread] p1a,p1b\n|-damage|p1a: Glimmora|0 fnt\n|-damage|p1b: Corviknight|85/100\n|faint|p1a: Glimmora\n|cant|p1b: Corviknight|flinch\n|\n|-weather|Sandstorm|[upkeep]\n|upkeep\n|\n|t:|1776495211\n|switch|p1a: Volcarona|Volcarona, L50, F|100/100\n|turn|5\n|\n|t:|1776495218\n|switch|p2b: Excadrill|Excadrill, L50, F|100/100\n|move|p1a: Volcarona|Protect|p1a: Volcarona\n|-singleturn|p1a: Volcarona|Protect\n|move|p2a: Tyranitar|Rock Slide|p1b: Corviknight|[spread] p1b\n|-activate|p1a: Volcarona|move: Protect\n|-damage|p1b: Corviknight|71/100\n|move|p1b: Corviknight|Body Press|p2a: Tyranitar\n|-supereffective|p2a: Tyranitar|2\n|-damage|p2a: Tyranitar|12/100\n|\n|-weather|Sandstorm|[upkeep]\n|-damage|p1a: Volcarona|94/100|[from] Sandstorm\n|-heal|p1a: Volcarona|100/100|[from] item: Leftovers\n|-sideend|p1: thejabbar|move: Aurora Veil\n|upkeep\n|turn|6\n|\n|t:|1776495238\n|move|p2b: Excadrill|Rock Slide|p1a: Volcarona|[spread] p1a,p1b\n|-supereffective|p1a: Volcarona|2\n|-crit|p1a: Volcarona\n|-damage|p1a: Volcarona|0 fnt\n|-damage|p1b: Corviknight|58/100\n|faint|p1a: Volcarona\n|move|p2a: Tyranitar|Knock Off|p1b: Corviknight\n|-damage|p1b: Corviknight|21/100\n|-enditem|p1b: Corviknight|Sitrus Berry|[from] move: Knock Off|[of] p2a: Tyranitar\n|move|p1b: Corviknight|Body Press|p2b: Excadrill\n|-supereffective|p2b: Excadrill|1\n|-damage|p2b: Excadrill|31/100\n|\n|-weather|Sandstorm|[upkeep]\n|upkeep\n|turn|7\n|inactive|Battle timer is ON: inactive players will automatically lose when time's up. (requested by antbadmon)\n|-message|thejabbar forfeited.\n|\n|win|antbadmon\n|raw|thejabbar's rating: 1000 &rarr; <strong>1000</strong><br />(+0 for losing)\n|raw|antbadmon's rating: 1044 &rarr; <strong>1073</strong><br />(+29 for winning)\n|l|\u2606thejabbar\n|player|p1|\n",
  "uploadtime": 1776495251,
  "views": 14,
  "formatid": "gen9championsvgc2026regma",
  "rating": 1000,
  "private": 0,
  "password": null
}