{
  "id": "gen9championsvgc2026regma-2584824242",
  "format": "[Gen 9 Champions] VGC 2026 Reg M-A",
  "players": [
    "Jousef9",
    "ohaimiles"
  ],
  "log": "|j|\u2606Jousef9\n|j|\u2606ohaimiles\n|t:|1776286442\n|gametype|doubles\n|player|p1|Jousef9|2|1155\n|player|p2|ohaimiles|266|1241\n|gen|9\n|tier|[Gen 9 Champions] VGC 2026 Reg M-A\n|rated|\n|rule|Species Clause: Limit one of each Pok\u00e9mon\n|rule|Item Clause: Limit 1 of each item\n|clearpoke\n|poke|p1|Venusaur, L50, M|\n|poke|p1|Incineroar, L50, M|\n|poke|p1|Garchomp, L50, M|\n|poke|p1|Farigiraf, L50, M|\n|poke|p1|Primarina, L50, F|\n|poke|p1|Kingambit, L50, M|\n|poke|p2|Froslass, L50, F|\n|poke|p2|Maushold-Four, L50|\n|poke|p2|Rotom-Wash, L50|\n|poke|p2|Garchomp, L50, M|\n|poke|p2|Incineroar, L50, F|\n|poke|p2|Kingambit, L50, F|\n|teampreview|4\nohaimiles has agreed to open team sheets.\n|\n|t:|1776286493\n|teamsize|p1|4\n|teamsize|p2|4\n|start\n|switch|p1a: Venusaur|Venusaur, L50, M, shiny|100/100\n|switch|p1b: Incineroar|Incineroar, L50, M, shiny|100/100\n|switch|p2a: Kingambit|Kingambit, L50, F|100/100\n|switch|p2b: Maushold|Maushold-Four, L50|100/100\n|-ability|p1b: Incineroar|Intimidate|boost\n|-unboost|p2a: Kingambit|atk|1\n|-ability|p2a: Kingambit|Defiant|boost\n|-boost|p2a: Kingambit|atk|2\n|-unboost|p2b: Maushold|atk|1\n|turn|1\n|\n|t:|1776286522\n|detailschange|p1a: Venusaur|Venusaur-Mega, L50, M, shiny\n|-mega|p1a: Venusaur|Venusaur|Venusaurite\n|move|p2a: Kingambit|Protect|p2a: Kingambit\n|-singleturn|p2a: Kingambit|Protect\n|move|p1b: Incineroar|Fake Out|p2b: Maushold\n|-damage|p2b: Maushold|88/100\n|cant|p2b: Maushold|flinch\n|move|p1a: Venusaur|Leech Seed|p2a: Kingambit\n|-activate|p2a: Kingambit|move: Protect\n|\n|upkeep\n|turn|2\n|\n|t:|1776286546\n|move|p2b: Maushold|Follow Me|p2b: Maushold\n|-singleturn|p2b: Maushold|move: Follow Me\n|move|p1a: Venusaur|Leech Seed|p2b: Maushold\n|-start|p2b: Maushold|move: Leech Seed\n|move|p1b: Incineroar|Flare Blitz|p2b: Maushold\n|-damage|p2b: Maushold|25/100\n|-damage|p1b: Incineroar|81/100|[from] Recoil\n|move|p2a: Kingambit|Kowtow Cleave|p1a: Venusaur\n|-damage|p1a: Venusaur|51/100\n|\n|-damage|p2b: Maushold|13/100|[from] Leech Seed|[of] p1a: Venusaur\n|-heal|p1a: Venusaur|63/100|[silent]\n|upkeep\n|turn|3\n|\n|t:|1776286568\n|switch|p2b: Incineroar|Incineroar, L50, F|100/100\n|-ability|p2b: Incineroar|Intimidate|boost\n|-unboost|p1a: Venusaur|atk|1\n|-unboost|p1b: Incineroar|atk|1\n|switch|p1b: Farigiraf|Farigiraf, L50, M|100/100\n|move|p1a: Venusaur|Leech Seed|p2a: Kingambit\n|-start|p2a: Kingambit|move: Leech Seed\n|move|p2a: Kingambit|Kowtow Cleave|p1a: Venusaur\n|-damage|p1a: Venusaur|12/100\n|\n|-damage|p2a: Kingambit|88/100|[from] Leech Seed|[of] p1a: Venusaur\n|-heal|p1a: Venusaur|26/100|[silent]\n|upkeep\n|turn|4\n|inactive|Battle timer is ON: inactive players will automatically lose when time's up. (requested by ohaimiles)\n|\n|t:|1776286598\n|move|p1a: Venusaur|Protect|p1a: Venusaur\n|-singleturn|p1a: Venusaur|Protect\n|move|p2b: Incineroar|Darkest Lariat|p1b: Farigiraf\n|-supereffective|p1b: Farigiraf|1\n|-damage|p1b: Farigiraf|11/100\n|move|p1b: Farigiraf|Thunderbolt|p2a: Kingambit\n|-damage|p2a: Kingambit|67/100\n|move|p2a: Kingambit|Kowtow Cleave|p1b: Farigiraf\n|-supereffective|p1b: Farigiraf|1\n|-crit|p1b: Farigiraf\n|-damage|p1b: Farigiraf|0 fnt\n|faint|p1b: Farigiraf\n|\n|-damage|p2a: Kingambit|55/100|[from] Leech Seed|[of] p1a: Venusaur\n|-heal|p1a: Venusaur|39/100|[silent]\n|upkeep\n|c|\u2606ohaimiles|idk what ur cooking\n|\n|t:|1776286617\n|switch|p1b: Primarina|Primarina, L50, F|100/100\n|turn|5\n|inactive|ohaimiles has 30 seconds left.\n|\n|t:|1776286645\n|move|p1a: Venusaur|Leech Seed|p2b: Incineroar\n|-start|p2b: Incineroar|move: Leech Seed\n|move|p1b: Primarina|Hyper Voice|p2a: Kingambit|[spread] p2a,p2b\n|-supereffective|p2b: Incineroar|1\n|-damage|p2a: Kingambit|14/100\n|-damage|p2b: Incineroar|22/100\n|-enditem|p2b: Incineroar|Sitrus Berry|[eat]\n|-heal|p2b: Incineroar|47/100|[from] item: Sitrus Berry\n|move|p2b: Incineroar|Parting Shot|p1b: Primarina\n|-unboost|p1b: Primarina|atk|1\n|-unboost|p1b: Primarina|spa|1\n|\n|t:|1776286660\n|switch|p2b: Froslass|Froslass, L50, F|100/100|[from] Parting Shot\n|move|p2a: Kingambit|Iron Head|p1b: Primarina\n|-crit|p1b: Primarina\n|-damage|p1b: Primarina|0 fnt\n|faint|p1b: Primarina\n|\n|-damage|p2a: Kingambit|2/100|[from] Leech Seed|[of] p1a: Venusaur\n|-heal|p1a: Venusaur|52/100|[silent]\n|upkeep\n|\n|t:|1776286671\n|switch|p1b: Incineroar|Incineroar, L50, M, shiny|81/100\n|-ability|p1b: Incineroar|Intimidate|boost\n|-unboost|p2a: Kingambit|atk|1\n|-ability|p2a: Kingambit|Defiant|boost\n|-boost|p2a: Kingambit|atk|2\n|-unboost|p2b: Froslass|atk|1\n|turn|6\n|inactive|Jousef9 has 30 seconds left.\n|inactive|ohaimiles has 30 seconds left.\n|\n|t:|1776286707\n|move|p2b: Froslass|Protect|p2b: Froslass\n|-singleturn|p2b: Froslass|Protect\n|move|p1b: Incineroar|Fake Out|p2a: Kingambit\n|-resisted|p2a: Kingambit|1\n|-damage|p2a: Kingambit|0 fnt\n|faint|p2a: Kingambit\n|move|p1a: Venusaur|Leech Seed|p2b: Froslass\n|-activate|p2b: Froslass|move: Protect\n|\n|upkeep\n|\n|t:|1776286711\n|switch|p2a: Incineroar|Incineroar, L50, F|47/100\n|-ability|p2a: Incineroar|Intimidate|boost\n|-unboost|p1a: Venusaur|atk|1\n|-unboost|p1b: Incineroar|atk|1\n|turn|7\n|\n|t:|1776286725\n|detailschange|p2b: Froslass|Froslass-Mega, L50, F\n|-mega|p2b: Froslass|Froslass|Froslassite\n|-weather|Snowscape|[from] ability: Snow Warning|[of] p2b: Froslass\n|move|p1a: Venusaur|Protect|p1a: Venusaur\n|-singleturn|p1a: Venusaur|Protect\n|move|p2a: Incineroar|Fake Out|p1b: Incineroar\n|-damage|p1b: Incineroar|69/100\n|move|p2b: Froslass|Blizzard|p1a: Venusaur|[spread] p1b\n|-activate|p1a: Venusaur|move: Protect\n|-resisted|p1b: Incineroar|1\n|-damage|p1b: Incineroar|50/100\n|-enditem|p1b: Incineroar|Sitrus Berry|[eat]\n|-heal|p1b: Incineroar|75/100|[from] item: Sitrus Berry\n|cant|p1b: Incineroar|flinch\n|\n|-weather|Snowscape|[upkeep]\n|upkeep\n|turn|8\n|inactive|Jousef9 has 30 seconds left.\n|\n|t:|1776286751\n|move|p2b: Froslass|Protect|p2b: Froslass\n|-singleturn|p2b: Froslass|Protect\n|move|p1a: Venusaur|Leech Seed|p2b: Froslass\n|-activate|p2b: Froslass|move: Protect\n|move|p1b: Incineroar|Flare Blitz|p2b: Froslass\n|-activate|p2b: Froslass|move: Protect\n|move|p2a: Incineroar|Parting Shot|p1b: Incineroar\n|-unboost|p1b: Incineroar|atk|1\n|-unboost|p1b: Incineroar|spa|1\n|\n|t:|1776286757\n|switch|p2a: Maushold|Maushold-Four, L50|13/100|[from] Parting Shot\n|\n|-weather|Snowscape|[upkeep]\n|upkeep\n|turn|9\n|\n|t:|1776286769\n|move|p2a: Maushold|Follow Me|p2a: Maushold\n|-singleturn|p2a: Maushold|move: Follow Me\n|move|p2b: Froslass|Blizzard|p1a: Venusaur|[spread] p1a,p1b\n|-supereffective|p1a: Venusaur|1\n|-resisted|p1b: Incineroar|1\n|-damage|p1a: Venusaur|22/100\n|-damage|p1b: Incineroar|55/100\n|move|p1a: Venusaur|Leech Seed|p2a: Maushold\n|-start|p2a: Maushold|move: Leech Seed\n|move|p1b: Incineroar|Parting Shot|p2a: Maushold\n|-unboost|p2a: Maushold|atk|1\n|-unboost|p2a: Maushold|spa|1\n|\n|-weather|Snowscape|[upkeep]\n|-damage|p2a: Maushold|0 fnt|[from] Leech Seed|[of] p1a: Venusaur\n|-heal|p1a: Venusaur|34/100|[silent]\n|faint|p2a: Maushold\n|upkeep\n|\n|t:|1776286776\n|switch|p2a: Incineroar|Incineroar, L50, F|47/100\n|-ability|p2a: Incineroar|Intimidate|boost\n|-unboost|p1a: Venusaur|atk|1\n|-unboost|p1b: Incineroar|atk|1\n|turn|10\n|\n|t:|1776286791\n|move|p1a: Venusaur|Protect|p1a: Venusaur\n|-singleturn|p1a: Venusaur|Protect\n|move|p2a: Incineroar|Fake Out|p1b: Incineroar\n|-damage|p1b: Incineroar|43/100\n|move|p2b: Froslass|Blizzard|p1a: Venusaur|[spread] p1b\n|-activate|p1a: Venusaur|move: Protect\n|-resisted|p1b: Incineroar|1\n|-damage|p1b: Incineroar|23/100\n|cant|p1b: Incineroar|flinch\n|\n|-weather|Snowscape|[upkeep]\n|upkeep\n|turn|11\n|\n|t:|1776286808\n|move|p1a: Venusaur|Protect||[still]\n|-fail|p1a: Venusaur\n|move|p2b: Froslass|Blizzard|p1a: Venusaur|[spread] p1a,p1b\n|-supereffective|p1a: Venusaur|1\n|-resisted|p1b: Incineroar|1\n|-damage|p1a: Venusaur|5/100\n|-damage|p1b: Incineroar|4/100\n|move|p1b: Incineroar|Parting Shot|p2b: Froslass\n|-unboost|p2b: Froslass|atk|1\n|-unboost|p2b: Froslass|spa|1\n|move|p2a: Incineroar|Darkest Lariat|p1b: Incineroar\n|-resisted|p1b: Incineroar|1\n|-damage|p1b: Incineroar|0 fnt\n|faint|p1b: Incineroar\n|\n|-weather|none\n|upkeep\n|turn|12\n|-message|Jousef9 forfeited.\n|\n|win|ohaimiles\n|raw|Jousef9's rating: 1155 &rarr; <strong>1136</strong><br />(-19 for losing)\n|raw|ohaimiles's rating: 1241 &rarr; <strong>1260</strong><br />(+19 for winning)\n|l|\u2606Jousef9\n|player|p1|\n",
  "uploadtime": 1776286817,
  "views": 25,
  "formatid": "gen9championsvgc2026regma",
  "rating": 1136,
  "private": 0,
  "password": null
}