{
  "id": "gen9championsvgc2026regma-2586809706",
  "format": "[Gen 9 Champions] VGC 2026 Reg M-A",
  "players": [
    "YucaPol",
    "NewtonS001"
  ],
  "log": "|j|\u2606YucaPol\n|j|\u2606NewtonS001\n|t:|1776461710\n|gametype|doubles\n|player|p1|YucaPol|pokemonbreeder-gen4|1000\n|player|p2|NewtonS001|266|1040\n|gen|9\n|tier|[Gen 9 Champions] VGC 2026 Reg M-A\n|rated|\n|rule|Species Clause: Limit one of each Pok\u00e9mon\n|rule|Item Clause: Limit 1 of each item\n|clearpoke\n|poke|p1|Hydrapple, L50, M|\n|poke|p1|Spiritomb, L50, M|\n|poke|p1|Incineroar, L50, M|\n|poke|p1|Clawitzer, L50, F|\n|poke|p1|Sinistcha, L50|\n|poke|p1|Steelix, L50, F|\n|poke|p2|Gengar, L50, F|\n|poke|p2|Politoed, L50, F|\n|poke|p2|Dragonite, L50, M|\n|poke|p2|Incineroar, L50, F|\n|poke|p2|Archaludon, L50, M|\n|poke|p2|Basculegion, L50, M|\n|teampreview|4\n|inactive|Battle timer is ON: inactive players will automatically lose when time's up. (requested by NewtonS001)\n|inactive|YucaPol has 60 seconds left.\n|inactive|YucaPol has 30 seconds left.\n|\n|t:|1776461803\n|teamsize|p1|4\n|teamsize|p2|4\n|start\n|switch|p1a: Spiritomb|Spiritomb, L50, M|100/100\n|switch|p1b: Incineroar|Incineroar, L50, M|100/100\n|switch|p2a: Gengar|Gengar, L50, F, shiny|100/100\n|switch|p2b: Politoed|Politoed, L50, F|100/100\n|-weather|RainDance|[from] ability: Drizzle|[of] p2b: Politoed\n|-ability|p1b: Incineroar|Intimidate|boost\n|-unboost|p2a: Gengar|atk|1\n|-unboost|p2b: Politoed|atk|1\n|-ability|p1a: Spiritomb|Pressure\n|turn|1\n|inactive|YucaPol has 30 seconds left.\n|inactive|NewtonS001 has 30 seconds left.\n|\n|t:|1776461834\n|detailschange|p2a: Gengar|Gengar-Mega, L50, F, shiny\n|-mega|p2a: Gengar|Gengar|Gengarite\n|move|p2a: Gengar|Protect|p2a: Gengar\n|-singleturn|p2a: Gengar|Protect\n|move|p2b: Politoed|Perish Song|p2b: Politoed\n|-start|p1a: Spiritomb|perish3|[silent]\n|-start|p1b: Incineroar|perish3|[silent]\n|-start|p2a: Gengar|perish3|[silent]\n|-start|p2b: Politoed|perish3|[silent]\n|-fieldactivate|move: Perish Song\n|move|p1b: Incineroar|Parting Shot|p2b: Politoed\n|-unboost|p2b: Politoed|atk|1\n|-unboost|p2b: Politoed|spa|1\n|\n|t:|1776461843\n|switch|p1b: Hydrapple|Hydrapple, L50, M|100/100|[from] Parting Shot\n|-ability|p1b: Hydrapple|Supersweet Syrup\n|-unboost|p2a: Gengar|evasion|1\n|-unboost|p2b: Politoed|evasion|1\n|move|p1a: Spiritomb|Trick Room|p1a: Spiritomb\n|-fieldstart|move: Trick Room|[of] p1a: Spiritomb\n|\n|-weather|RainDance|[upkeep]\n|-start|p1a: Spiritomb|perish3\n|-start|p2b: Politoed|perish3\n|-start|p2a: Gengar|perish3\n|upkeep\n|turn|2\n|\n|t:|1776461860\n|switch|p2b: Incineroar|Incineroar, L50, F|100/100\n|-ability|p2b: Incineroar|Intimidate|boost\n|-unboost|p1a: Spiritomb|atk|1\n|-unboost|p1b: Hydrapple|atk|1\n|-enditem|p1b: Hydrapple|White Herb\n|-clearnegativeboost|p1b: Hydrapple|[silent]\n|move|p1a: Spiritomb|Snarl|p2b: Incineroar|[spread] p2a,p2b\n|-supereffective|p2a: Gengar|1\n|-resisted|p2b: Incineroar|1\n|-damage|p2a: Gengar|65/100\n|-damage|p2b: Incineroar|94/100\n|-unboost|p2a: Gengar|spa|1\n|-unboost|p2b: Incineroar|spa|1\n|move|p1b: Hydrapple|Earth Power|p2a: Gengar\n|-supereffective|p2a: Gengar|1\n|-damage|p2a: Gengar|0 fnt\n|faint|p2a: Gengar\n|\n|-weather|RainDance|[upkeep]\n|-start|p1a: Spiritomb|perish2\n|upkeep\n|\n|t:|1776461876\n|switch|p2a: Politoed|Politoed, L50, F|100/100\n|turn|3\n|\n|t:|1776461887\n|move|p1b: Hydrapple|Protect|p1b: Hydrapple\n|-singleturn|p1b: Hydrapple|Protect\n|move|p2b: Incineroar|Fake Out|p1b: Hydrapple\n|-activate|p1b: Hydrapple|move: Protect\n|move|p1a: Spiritomb|Snarl|p2b: Incineroar|[spread] p2a,p2b\n|-resisted|p2b: Incineroar|1\n|-damage|p2a: Politoed|89/100\n|-damage|p2b: Incineroar|87/100\n|-unboost|p2a: Politoed|spa|1\n|-unboost|p2b: Incineroar|spa|1\n|move|p2a: Politoed|Weather Ball|p1b: Hydrapple\n|-activate|p1b: Hydrapple|move: Protect\n|\n|-weather|RainDance|[upkeep]\n|-heal|p2a: Politoed|95/100|[from] item: Leftovers\n|-start|p1a: Spiritomb|perish1\n|upkeep\n|turn|4\n|inactive|YucaPol has 30 seconds left.\n|\n|t:|1776461917\n|move|p1a: Spiritomb|Shadow Ball|p2a: Politoed\n|-damage|p2a: Politoed|75/100\n|move|p1b: Hydrapple|Giga Drain|p2a: Politoed\n|-supereffective|p2a: Politoed|1\n|-damage|p2a: Politoed|7/100\n|move|p2b: Incineroar|Parting Shot|p1a: Spiritomb\n|-unboost|p1a: Spiritomb|atk|1\n|-unboost|p1a: Spiritomb|spa|1\n|inactive|NewtonS001 has 30 seconds left.\n|inactive|NewtonS001 has 20 seconds left.\n|\n|t:|1776461956\n|switch|p2b: Basculegion|Basculegion, L50, M|100/100|[from] Parting Shot\n|move|p2a: Politoed|Haze|p2a: Politoed\n|-clearallboost\n|\n|-weather|RainDance|[upkeep]\n|-heal|p2a: Politoed|13/100|[from] item: Leftovers\n|-start|p1a: Spiritomb|perish0\n|faint|p1a: Spiritomb\n|upkeep\n|\n|t:|1776461965\n|switch|p1a: Incineroar|Incineroar, L50, M|100/100\n|-ability|p1a: Incineroar|Intimidate|boost\n|-unboost|p2a: Politoed|atk|1\n|-unboost|p2b: Basculegion|atk|1\n|turn|5\n|inactive|YucaPol has 30 seconds left.\n|\n|t:|1776461994\n|switch|p2b: Incineroar|Incineroar, L50, F|87/100\n|-ability|p2b: Incineroar|Intimidate|boost\n|-unboost|p1a: Incineroar|atk|1\n|-unboost|p1b: Hydrapple|atk|1\n|move|p2a: Politoed|Protect|p2a: Politoed\n|-singleturn|p2a: Politoed|Protect\n|move|p1b: Hydrapple|Giga Drain|p2b: Incineroar\n|-resisted|p2b: Incineroar|1\n|-damage|p2b: Incineroar|68/100\n|move|p1a: Incineroar|Parting Shot|p2b: Incineroar\n|-unboost|p2b: Incineroar|atk|1\n|-unboost|p2b: Incineroar|spa|1\n|\n|t:|1776462004\n|switch|p1a: Clawitzer|Clawitzer, L50, F|100/100|[from] Parting Shot\n|\n|-weather|none\n|-heal|p2a: Politoed|19/100|[from] item: Leftovers\n|-fieldend|move: Trick Room\n|upkeep\n|turn|6\n|inactive|YucaPol has 30 seconds left.\n|inactive|YucaPol has 20 seconds left.\n|inactive|YucaPol has 15 seconds left.\n|\n|t:|1776462050\n|switch|p2a: Basculegion|Basculegion, L50, M|100/100\n|move|p2b: Incineroar|Parting Shot|p1b: Hydrapple\n|-unboost|p1b: Hydrapple|atk|1\n|-unboost|p1b: Hydrapple|spa|1\n|\n|t:|1776462055\n|switch|p2b: Politoed|Politoed, L50, F|19/100|[from] Parting Shot\n|-weather|RainDance|[from] ability: Drizzle|[of] p2b: Politoed\n|move|p1a: Clawitzer|Water Pulse|p2b: Politoed\n|-resisted|p2b: Politoed|1\n|-damage|p2b: Politoed|0 fnt\n|faint|p2b: Politoed\n|move|p1b: Hydrapple|Giga Drain|p2a: Basculegion\n|-supereffective|p2a: Basculegion|1\n|-damage|p2a: Basculegion|39/100\n|\n|-weather|RainDance|[upkeep]\n|upkeep\n|\n|t:|1776462065\n|switch|p2b: Incineroar|Incineroar, L50, F|68/100\n|-ability|p2b: Incineroar|Intimidate|boost\n|-unboost|p1a: Clawitzer|atk|1\n|-unboost|p1b: Hydrapple|atk|1\n|turn|7\n|inactive|YucaPol has 30 seconds left.\n|\n|t:|1776462092\n|move|p1a: Clawitzer|Protect|p1a: Clawitzer\n|-singleturn|p1a: Clawitzer|Protect\n|move|p1b: Hydrapple|Protect|p1b: Hydrapple\n|-singleturn|p1b: Hydrapple|Protect\n|move|p2b: Incineroar|Fake Out|p1b: Hydrapple\n|-activate|p1b: Hydrapple|move: Protect\n|move|p2a: Basculegion|Last Respects|p1a: Clawitzer\n|-activate|p1a: Clawitzer|move: Protect\n|\n|-weather|RainDance|[upkeep]\n|upkeep\n|turn|8\n|inactive|YucaPol has 30 seconds left.\n|inactive|YucaPol has 20 seconds left.\n|inactive|YucaPol has 15 seconds left.\n|\n|t:|1776462134\n|switch|p1b: Incineroar|Incineroar, L50, M|100/100\n|-ability|p1b: Incineroar|Intimidate|boost\n|-unboost|p2a: Basculegion|atk|1\n|-unboost|p2b: Incineroar|atk|1\n|move|p2a: Basculegion|Last Respects|p1b: Incineroar\n|-resisted|p1b: Incineroar|1\n|-damage|p1b: Incineroar|79/100\n|move|p2b: Incineroar|Darkest Lariat|p1b: Incineroar\n|-resisted|p1b: Incineroar|1\n|-damage|p1b: Incineroar|69/100\n|move|p1a: Clawitzer|Dark Pulse|p2a: Basculegion\n|-supereffective|p2a: Basculegion|1\n|-damage|p2a: Basculegion|0 fnt\n|faint|p2a: Basculegion\n|\n|-weather|RainDance|[upkeep]\n|upkeep\n|turn|9\n|-message|NewtonS001 forfeited.\n|\n|win|YucaPol\n|raw|YucaPol's rating: 1000 &rarr; <strong>1045</strong><br />(+45 for winning)\n|raw|NewtonS001's rating: 1040 &rarr; <strong>1022</strong><br />(-18 for losing)\n|l|\u2606NewtonS001\n|player|p2|\n",
  "uploadtime": 1776462160,
  "views": 30,
  "formatid": "gen9championsvgc2026regma",
  "rating": 1022,
  "private": 0,
  "password": null
}