{
  "id": "gen9championsvgc2026regma-2581495212",
  "format": "[Gen 9 Champions] VGC 2026 Reg M-A",
  "players": [
    "HallKerXXII",
    "soulo333"
  ],
  "log": "|j|\u2606HallKerXXII\n|j|\u2606soulo333\n|t:|1776005693\n|gametype|doubles\n|player|p1|HallKerXXII|169|1224\n|player|p2|soulo333|2|1318\n|gen|9\n|tier|[Gen 9 Champions] VGC 2026 Reg M-A\n|rated|\n|rule|Species Clause: Limit one of each Pok\u00e9mon\n|rule|Item Clause: Limit 1 of each item\n|clearpoke\n|poke|p1|Charizard, L50, F|\n|poke|p1|Maushold-Four, L50|\n|poke|p1|Sneasler, L50, M|\n|poke|p1|Dragapult, L50, M|\n|poke|p1|Kingambit, L50, F|\n|poke|p1|Garchomp, L50, F|\n|poke|p2|Charizard, L50, F|\n|poke|p2|Rotom-Wash, L50|\n|poke|p2|Sneasler, L50, M|\n|poke|p2|Garchomp, L50, M|\n|poke|p2|Sinistcha, L50|\n|poke|p2|Kingambit, L50, M|\n|teampreview|4\n|j| Kozakmh\n|inactive|Battle timer is ON: inactive players will automatically lose when time's up. (requested by HallKerXXII)\n|\n|t:|1776005727\n|teamsize|p1|4\n|teamsize|p2|4\n|start\n|switch|p1a: Dragapult|Dragapult, L50, M|100/100\n|switch|p1b: Sneasler|Sneasler, L50, M|100/100\n|switch|p2a: Charizard|Charizard, L50, F|100/100\n|switch|p2b: Sneasler|Sneasler, L50, M|100/100\n|turn|1\n|\n|t:|1776005738\n|move|p2a: Charizard|Protect|p2a: Charizard\n|-singleturn|p2a: Charizard|Protect\n|move|p1b: Sneasler|Feint|p2b: Sneasler\n|-damage|p2b: Sneasler|83/100\n|move|p1a: Dragapult|Will-O-Wisp|p2b: Sneasler\n|-status|p2b: Sneasler|brn\n|move|p2b: Sneasler|Coaching|p2a: Charizard\n|-boost|p2a: Charizard|atk|1\n|-boost|p2a: Charizard|def|1\n|\n|-damage|p2b: Sneasler|77/100 brn|[from] brn\n|upkeep\n|turn|2\n|\n|t:|1776005758\n|detailschange|p2a: Charizard|Charizard-Mega-X, L50, F\n|-mega|p2a: Charizard|Charizard|Charizardite X\n|move|p1a: Dragapult|Psychic Fangs|p2b: Sneasler\n|-supereffective|p2b: Sneasler|2\n|-damage|p2b: Sneasler|0 fnt\n|faint|p2b: Sneasler\n|move|p1b: Sneasler|Close Combat|p2a: Charizard\n|-damage|p2a: Charizard|68/100\n|-unboost|p1b: Sneasler|def|1\n|-unboost|p1b: Sneasler|spd|1\n|-enditem|p1b: Sneasler|White Herb\n|-clearnegativeboost|p1b: Sneasler|[silent]\n|move|p2a: Charizard|Scale Shot|p1a: Dragapult\n|-supereffective|p1a: Dragapult|1\n|-damage|p1a: Dragapult|48/100\n|-supereffective|p1a: Dragapult|1\n|-damage|p1a: Dragapult|0 fnt\n|faint|p1a: Dragapult\n|-hitcount|p1: Dragapult|2\n|-unboost|p2a: Charizard|def|1\n|-boost|p2a: Charizard|spe|1\n|\n|upkeep\n|\n|t:|1776005774\n|switch|p1a: Maushold|Maushold-Four, L50|100/100\n|switch|p2b: Sinistcha|Sinistcha, L50|100/100\n|-heal|p2a: Charizard|92/100|[from] ability: Hospitality|[of] p2b: Sinistcha\n|turn|3\n|\n|t:|1776005789\n|move|p1a: Maushold|Follow Me|p1a: Maushold\n|-singleturn|p1a: Maushold|move: Follow Me\n|move|p2b: Sinistcha|Rage Powder|p2b: Sinistcha\n|-singleturn|p2b: Sinistcha|move: Rage Powder\n|move|p1b: Sneasler|Dire Claw|p2b: Sinistcha\n|-damage|p2b: Sinistcha|63/100\n|-status|p2b: Sinistcha|psn\n|move|p2a: Charizard|Dragon Dance|p2a: Charizard\n|-boost|p2a: Charizard|atk|1\n|-boost|p2a: Charizard|spe|1\n|\n|-damage|p2b: Sinistcha|50/100 psn|[from] psn\n|upkeep\n|turn|4\n|\n|t:|1776005812\n|move|p1a: Maushold|Follow Me|p1a: Maushold\n|-singleturn|p1a: Maushold|move: Follow Me\n|move|p2b: Sinistcha|Rage Powder|p2b: Sinistcha\n|-singleturn|p2b: Sinistcha|move: Rage Powder\n|move|p1b: Sneasler|Dire Claw|p2b: Sinistcha\n|-crit|p2b: Sinistcha\n|-damage|p2b: Sinistcha|0 fnt\n|faint|p2b: Sinistcha\n|move|p2a: Charizard|Scale Shot|p1a: Maushold\n|-crit|p1a: Maushold\n|-damage|p1a: Maushold|59/100\n|-damage|p1a: Maushold|25/100\n|-hitcount|p1a: Maushold|2\n|-unboost|p2a: Charizard|def|1\n|-boost|p2a: Charizard|spe|1\n|\n|upkeep\n|\n|t:|1776005823\n|switch|p2b: Garchomp|Garchomp, L50, M|100/100\n|turn|5\n|\n|t:|1776005841\n|move|p2a: Charizard|Protect|p2a: Charizard\n|-singleturn|p2a: Charizard|Protect\n|move|p1a: Maushold|Protect|p1a: Maushold\n|-singleturn|p1a: Maushold|Protect\n|move|p1b: Sneasler|Dire Claw|p2a: Charizard\n|-activate|p2a: Charizard|move: Protect\n|move|p2b: Garchomp|Earthquake|p1b: Sneasler|[spread] p1b\n|-activate|p2a: Charizard|move: Protect\n|-activate|p1a: Maushold|move: Protect\n|-supereffective|p1b: Sneasler|1\n|-damage|p1b: Sneasler|0 fnt\n|faint|p1b: Sneasler\n|\n|upkeep\n|\n|t:|1776005843\n|switch|p1b: Charizard|Charizard, L50, F|100/100\n|turn|6\n|\n|t:|1776005864\n|detailschange|p1b: Charizard|Charizard-Mega-Y, L50, F\n|-mega|p1b: Charizard|Charizard|Charizardite Y\n|-weather|SunnyDay|[from] ability: Drought|[of] p1b: Charizard\n|move|p1a: Maushold|Follow Me|p1a: Maushold\n|-singleturn|p1a: Maushold|move: Follow Me\n|move|p2a: Charizard|Flare Blitz|p1a: Maushold\n|-damage|p1a: Maushold|0 fnt\n|faint|p1a: Maushold\n|-damage|p2a: Charizard|84/100|[from] Recoil\n|move|p2b: Garchomp|Rock Slide|p1b: Charizard|[miss]\n|-miss|p2b: Garchomp|p1b: Charizard\n|move|p1b: Charizard|Heat Wave|p2a: Charizard|[spread] p2b\n|-miss|p1b: Charizard|p2a: Charizard\n|-resisted|p2b: Garchomp|1\n|-damage|p2b: Garchomp|63/100\n|\n|-weather|SunnyDay|[upkeep]\n|upkeep\n|turn|7\n|\n|t:|1776005878\n|move|p2a: Charizard|Flare Blitz|p1b: Charizard\n|-resisted|p1b: Charizard|1\n|-damage|p1b: Charizard|0 fnt\n|faint|p1b: Charizard\n|-damage|p2a: Charizard|57/100|[from] Recoil\n|\n|win|soulo333\n|raw|HallKerXXII's rating: 1224 &rarr; <strong>1206</strong><br />(-18 for losing)\n|raw|soulo333's rating: 1318 &rarr; <strong>1333</strong><br />(+15 for winning)\n",
  "uploadtime": 1776005878,
  "views": 20,
  "formatid": "gen9championsvgc2026regma",
  "rating": 1206,
  "private": 0,
  "password": null
}