{
  "id": "gen9championsvgc2026regma-2583282336",
  "format": "[Gen 9 Champions] VGC 2026 Reg M-A",
  "players": [
    "Dan20120",
    "soulo333"
  ],
  "log": "|j|\u2606Dan20120\n|j|\u2606soulo333\n|t:|1776162879\n|gametype|doubles\n|player|p1|Dan20120|n|1076\n|player|p2|soulo333|101|1129\n|gen|9\n|tier|[Gen 9 Champions] VGC 2026 Reg M-A\n|rated|\n|rule|Species Clause: Limit one of each Pok\u00e9mon\n|rule|Item Clause: Limit 1 of each item\n|clearpoke\n|poke|p1|Basculegion, L50, M|\n|poke|p1|Archaludon, L50, F|\n|poke|p1|Pelipper, L50, M|\n|poke|p1|Dragonite, L50, F|\n|poke|p1|Quaquaval, L50, M|\n|poke|p1|Kingambit, L50, F|\n|poke|p2|Charizard, L50, F|\n|poke|p2|Sneasler, L50, M|\n|poke|p2|Sinistcha, L50|\n|poke|p2|Incineroar, L50, F|\n|poke|p2|Milotic, L50, M|\n|poke|p2|Tyranitar, L50, M|\n|teampreview|4\n|inactive|Battle timer is ON: inactive players will automatically lose when time's up. (requested by Dan20120)\n|\n|t:|1776162895\n|teamsize|p1|4\n|teamsize|p2|4\n|start\n|switch|p1a: Quaquaval|Quaquaval, L50, M|100/100\n|switch|p1b: Pelipper|Pelipper, L50, M|100/100\n|switch|p2a: Sneasler|Sneasler, L50, M|100/100\n|switch|p2b: Charizard|Charizard, L50, F|100/100\n|-weather|RainDance|[from] ability: Drizzle|[of] p1b: Pelipper\n|turn|1\n|inactive|soulo333 has 30 seconds left.\n|\n|t:|1776162922\n|switch|p1a: Basculegion|Basculegion, L50, M|100/100\n|switch|p2b: Tyranitar|Tyranitar, L50, M|100/100\n|-weather|Sandstorm|[from] ability: Sand Stream|[of] p2b: Tyranitar\n|move|p2a: Sneasler|Coaching|p2b: Tyranitar\n|-boost|p2b: Tyranitar|atk|1\n|-boost|p2b: Tyranitar|def|1\n|move|p1b: Pelipper|Tailwind|p1b: Pelipper\n|-sidestart|p1: Dan20120|move: Tailwind\n|\n|-weather|Sandstorm|[upkeep]\n|-damage|p1a: Basculegion|94/100|[from] Sandstorm\n|-damage|p2a: Sneasler|95/100|[from] Sandstorm\n|-damage|p1b: Pelipper|95/100|[from] Sandstorm\n|upkeep\n|turn|2\n|inactive|Dan20120 has 30 seconds left.\n|inactive|soulo333 has 30 seconds left.\n|\n|t:|1776162956\n|switch|p2a: Sinistcha|Sinistcha, L50|100/100\n|move|p1a: Basculegion|Waterfall|p2b: Tyranitar\n|-supereffective|p2b: Tyranitar|1\n|-damage|p2b: Tyranitar|54/100\n|move|p1b: Pelipper|U-turn|p2b: Tyranitar\n|-supereffective|p2b: Tyranitar|1\n|-damage|p2b: Tyranitar|45/100\n|\n|t:|1776162964\n|switch|p1b: Quaquaval|Quaquaval, L50, M|100/100|[from] U-turn\n|move|p2b: Tyranitar|Knock Off|p1a: Basculegion\n|-supereffective|p1a: Basculegion|1\n|-damage|p1a: Basculegion|0 fnt\n|-enditem|p1a: Basculegion|Focus Sash|[from] move: Knock Off|[of] p2b: Tyranitar\n|faint|p1a: Basculegion\n|\n|-weather|Sandstorm|[upkeep]\n|-damage|p1b: Quaquaval|94/100|[from] Sandstorm\n|-damage|p2a: Sinistcha|94/100|[from] Sandstorm\n|upkeep\n|\n|t:|1776162989\n|switch|p1a: Pelipper|Pelipper, L50, M|95/100\n|-weather|RainDance|[from] ability: Drizzle|[of] p1a: Pelipper\n|turn|3\n|\n|t:|1776163002\n|move|p2b: Tyranitar|Protect|p2b: Tyranitar\n|-singleturn|p2b: Tyranitar|Protect\n|move|p1a: Pelipper|Wide Guard|p1a: Pelipper\n|-singleturn|p1a: Pelipper|Wide Guard\n|move|p1b: Quaquaval|Close Combat|p2b: Tyranitar\n|-activate|p2b: Tyranitar|move: Protect\n|move|p2a: Sinistcha|Trick Room|p2a: Sinistcha\n|-fieldstart|move: Trick Room|[of] p2a: Sinistcha\n|\n|-weather|RainDance|[upkeep]\n|upkeep\n|turn|4\n|\n|t:|1776163016\n|detailschange|p2b: Tyranitar|Tyranitar-Mega, L50, M\n|-mega|p2b: Tyranitar|Tyranitar|Tyranitarite\n|-weather|Sandstorm|[from] ability: Sand Stream|[of] p2b: Tyranitar\n|move|p1a: Pelipper|Wide Guard|p1a: Pelipper\n|-singleturn|p1a: Pelipper|Wide Guard\n|move|p2b: Tyranitar|Knock Off|p1a: Pelipper\n|-damage|p1a: Pelipper|17/100\n|-enditem|p1a: Pelipper|Sitrus Berry|[from] move: Knock Off|[of] p2b: Tyranitar\n|move|p2a: Sinistcha|Life Dew|p2a: Sinistcha|[spread] p2a,p2b\n|-heal|p2a: Sinistcha|100/100\n|-heal|p2b: Tyranitar|71/100\n|move|p1b: Quaquaval|Close Combat|p2b: Tyranitar\n|-supereffective|p2b: Tyranitar|2\n|-damage|p2b: Tyranitar|0 fnt\n|-unboost|p1b: Quaquaval|def|1\n|-unboost|p1b: Quaquaval|spd|1\n|faint|p2b: Tyranitar\n|-ability|p1b: Quaquaval|Moxie|boost\n|-boost|p1b: Quaquaval|atk|1\n|\n|-weather|Sandstorm|[upkeep]\n|-damage|p2a: Sinistcha|94/100|[from] Sandstorm\n|-damage|p1a: Pelipper|11/100|[from] Sandstorm\n|-damage|p1b: Quaquaval|88/100|[from] Sandstorm\n|-sideend|p1: Dan20120|move: Tailwind\n|upkeep\n|\n|t:|1776163024\n|switch|p2b: Sneasler|Sneasler, L50, M|95/100\n|turn|5\n|\n|t:|1776163045\n|switch|p1a: Dragonite|Dragonite, L50, F|100/100\n|move|p1b: Quaquaval|Protect|p1b: Quaquaval\n|-singleturn|p1b: Quaquaval|Protect\n|move|p2a: Sinistcha|Matcha Gotcha|p1a: Dragonite|[spread] p1a\n|-activate|p1b: Quaquaval|move: Protect\n|-resisted|p1a: Dragonite|2\n|-damage|p1a: Dragonite|97/100\n|-heal|p2a: Sinistcha|96/100|[from] drain|[of] p1a: Dragonite\n|move|p2b: Sneasler|Dire Claw|p1b: Quaquaval\n|-activate|p1b: Quaquaval|move: Protect\n|\n|-weather|Sandstorm|[upkeep]\n|-damage|p2a: Sinistcha|90/100|[from] Sandstorm\n|-damage|p1a: Dragonite|91/100|[from] Sandstorm\n|-damage|p1b: Quaquaval|82/100|[from] Sandstorm\n|-damage|p2b: Sneasler|89/100|[from] Sandstorm\n|upkeep\n|turn|6\n|inactive|Dan20120 has 30 seconds left.\n|\n|t:|1776163078\n|switch|p1b: Pelipper|Pelipper, L50, M|11/100\n|-weather|RainDance|[from] ability: Drizzle|[of] p1b: Pelipper\n|detailschange|p1a: Dragonite|Dragonite-Mega, L50, F\n|-mega|p1a: Dragonite|Dragonite|Dragoninite\n|move|p2a: Sinistcha|Matcha Gotcha|p1b: Pelipper|[spread] p1a,p1b\n|-resisted|p1a: Dragonite|2\n|-damage|p1a: Dragonite|84/100\n|-heal|p2a: Sinistcha|93/100|[from] drain|[of] p1a: Dragonite\n|-damage|p1b: Pelipper|0 fnt\n|-heal|p2a: Sinistcha|98/100|[from] drain|[of] p1b: Pelipper\n|-status|p1a: Dragonite|brn\n|faint|p1b: Pelipper\n|move|p1a: Dragonite|Hurricane|p2a: Sinistcha\n|-supereffective|p2a: Sinistcha|1\n|-damage|p2a: Sinistcha|0 fnt\n|faint|p2a: Sinistcha\n|move|p2b: Sneasler|Dire Claw|p1a: Dragonite\n|-damage|p1a: Dragonite|45/100 brn\n|\n|-weather|RainDance|[upkeep]\n|-damage|p1a: Dragonite|39/100 brn|[from] brn\n|upkeep\n|inactive|Dan20120 has 30 seconds left.\n|inactive|Dan20120 has 20 seconds left.\n|-message|soulo333 forfeited.\n|\n|win|Dan20120\n|raw|Dan20120's rating: 1076 &rarr; <strong>1109</strong><br />(+33 for winning)\n|raw|soulo333's rating: 1129 &rarr; <strong>1100</strong><br />(-29 for losing)\n",
  "uploadtime": 1776163114,
  "views": 17,
  "formatid": "gen9championsvgc2026regma",
  "rating": 1100,
  "private": 0,
  "password": null
}