{
  "id": "gen9championsvgc2026regma-2584329258",
  "format": "[Gen 9 Champions] VGC 2026 Reg M-A",
  "players": [
    "hernndezz_vgc",
    "Filo0o0o"
  ],
  "log": "|j|\u2606hernndezz_vgc\n|j|\u2606Filo0o0o\n|t:|1776251828\n|gametype|doubles\n|player|p1|hernndezz_vgc|cyrus|1209\n|player|p2|Filo0o0o|1|1302\n|gen|9\n|tier|[Gen 9 Champions] VGC 2026 Reg M-A\n|rated|\n|rule|Species Clause: Limit one of each Pok\u00e9mon\n|rule|Item Clause: Limit 1 of each item\n|clearpoke\n|poke|p1|Incineroar, L50, F|\n|poke|p1|Golurk, L50|\n|poke|p1|Farigiraf, L50, M|\n|poke|p1|Torkoal, L50, M|\n|poke|p1|Kingambit, L50, M|\n|poke|p1|Charizard, L50, F|\n|poke|p2|Aerodactyl, L50, F|\n|poke|p2|Scovillain, L50, F|\n|poke|p2|Primarina, L50, M|\n|poke|p2|Tyranitar, L50, M|\n|poke|p2|Sneasler, L50, F|\n|poke|p2|Sinistcha, L50|\n|teampreview|4\n|inactive|Battle timer is ON: inactive players will automatically lose when time's up. (requested by Filo0o0o)\n|inactive|hernndezz_vgc has 60 seconds left.\n|inactive|Filo0o0o has 60 seconds left.\n|\n|t:|1776251879\n|teamsize|p1|4\n|teamsize|p2|4\n|start\n|switch|p1a: Wisin&Yandel|Farigiraf, L50, M|100/100\n|switch|p1b: J\u00f6tunn|Golurk, L50|100/100\n|switch|p2a: Scovillain|Scovillain, L50, F|100/100\n|switch|p2b: Primarina|Primarina, L50, M|100/100\n|turn|1\n|inactive|hernndezz_vgc has 30 seconds left.\n|inactive|Filo0o0o has 30 seconds left.\n|inactive|Filo0o0o has 20 seconds left.\n|inactive|Filo0o0o has 15 seconds left.\n|inactive|Filo0o0o has 10 seconds left.\n|inactive|Filo0o0o has 5 seconds left.\n|\n|t:|1776251931\n|detailschange|p2a: Scovillain|Scovillain-Mega, L50, F\n|-mega|p2a: Scovillain|Scovillain|Scovillainite\n|detailschange|p1b: J\u00f6tunn|Golurk-Mega, L50\n|-mega|p1b: J\u00f6tunn|Golurk|Golurkite\n|move|p1b: J\u00f6tunn|Protect|p1b: J\u00f6tunn\n|-singleturn|p1b: J\u00f6tunn|Protect\n|move|p2b: Primarina|Moonblast|p1a: Wisin&Yandel\n|-damage|p1a: Wisin&Yandel|55/100\n|move|p2a: Scovillain|Leech Seed|p1a: Wisin&Yandel\n|-start|p1a: Wisin&Yandel|move: Leech Seed\n|move|p1a: Wisin&Yandel|Trick Room|p1a: Wisin&Yandel\n|-fieldstart|move: Trick Room|[of] p1a: Wisin&Yandel\n|\n|-damage|p1a: Wisin&Yandel|42/100|[from] Leech Seed|[of] p2a: Scovillain\n|upkeep\n|turn|2\n|inactive|hernndezz_vgc has 30 seconds left.\n|inactive|hernndezz_vgc has 20 seconds left.\n|inactive|hernndezz_vgc has 15 seconds left.\n|\n|t:|1776251976\n|move|p2a: Scovillain|Protect|p2a: Scovillain\n|-singleturn|p2a: Scovillain|Protect\n|move|p2b: Primarina|Protect|p2b: Primarina\n|-singleturn|p2b: Primarina|Protect\n|move|p1b: J\u00f6tunn|Poltergeist|p2a: Scovillain\n|-activate|p2a: Scovillain|move: Protect\n|move|p1a: Wisin&Yandel|Imprison|p1a: Wisin&Yandel\n|-start|p1a: Wisin&Yandel|move: Imprison\n|\n|-damage|p1a: Wisin&Yandel|30/100|[from] Leech Seed|[of] p2a: Scovillain\n|upkeep\n|turn|3\n|inactive|hernndezz_vgc has 30 seconds left.\n|inactive|hernndezz_vgc has 20 seconds left.\n|inactive|Filo0o0o has 30 seconds left.\n|inactive|hernndezz_vgc has 15 seconds left.\n|\n|t:|1776252018\n|move|p1a: Wisin&Yandel|Protect|p1a: Wisin&Yandel\n|-singleturn|p1a: Wisin&Yandel|Protect\n|move|p2a: Scovillain|Rage Powder|p2a: Scovillain\n|-singleturn|p2a: Scovillain|move: Rage Powder\n|move|p1b: J\u00f6tunn|Headlong Rush|p2a: Scovillain\n|-damage|p2a: Scovillain|29/100\n|-unboost|p1b: J\u00f6tunn|def|1\n|-unboost|p1b: J\u00f6tunn|spd|1\n|-status|p1b: J\u00f6tunn|brn|[from] ability: Spicy Spray|[of] p2a: Scovillain\n|move|p2b: Primarina|Moonblast|p1a: Wisin&Yandel\n|-activate|p1a: Wisin&Yandel|move: Protect\n|\n|-damage|p1a: Wisin&Yandel|17/100|[from] Leech Seed|[of] p2a: Scovillain\n|-heal|p2a: Scovillain|45/100|[silent]\n|-damage|p1b: J\u00f6tunn|95/100 brn|[from] brn\n|upkeep\n|turn|4\n|inactive|hernndezz_vgc has 30 seconds left.\n|inactive|Filo0o0o has 30 seconds left.\n|inactive|hernndezz_vgc has 20 seconds left.\n|inactive|hernndezz_vgc has 15 seconds left.\n|\n|t:|1776252060\n|move|p2a: Scovillain|Rage Powder|p2a: Scovillain\n|-singleturn|p2a: Scovillain|move: Rage Powder\n|move|p1b: J\u00f6tunn|Poltergeist|p2a: Scovillain\n|-activate|p2a: Scovillain|move: Poltergeist|Scovillainite\n|-damage|p2a: Scovillain|16/100\n|move|p1a: Wisin&Yandel|Hyper Voice|p2a: Scovillain|[spread] p2a,p2b\n|-damage|p2a: Scovillain|0 fnt\n|-damage|p2b: Primarina|75/100\n|-status|p1a: Wisin&Yandel|brn|[from] ability: Spicy Spray|[of] p2a: Scovillain\n|-enditem|p1a: Wisin&Yandel|Lum Berry|[eat]\n|-curestatus|p1a: Wisin&Yandel|brn|[msg]\n|faint|p2a: Scovillain\n|move|p2b: Primarina|Moonblast|p1b: J\u00f6tunn\n|-damage|p1b: J\u00f6tunn|14/100 brn\n|\n|-heal|p2b: Primarina|81/100|[from] item: Leftovers\n|-damage|p1b: J\u00f6tunn|8/100 brn|[from] brn\n|upkeep\n|inactive|Filo0o0o has 30 seconds left.\n|\n|t:|1776252087\n|switch|p2a: Tyranitar|Tyranitar, L50, M|100/100\n|-weather|Sandstorm|[from] ability: Sand Stream|[of] p2a: Tyranitar\n|turn|5\n|\n|t:|1776252103\n|move|p1b: J\u00f6tunn|Drain Punch|p2a: Tyranitar\n|-supereffective|p2a: Tyranitar|2\n|-damage|p2a: Tyranitar|36/100\n|-heal|p1b: J\u00f6tunn|42/100 brn|[from] drain|[of] p2a: Tyranitar\n|move|p1a: Wisin&Yandel|Hyper Voice|p2a: Tyranitar|[spread] p2a,p2b\n|-resisted|p2a: Tyranitar|1\n|-crit|p2b: Primarina\n|-damage|p2a: Tyranitar|25/100\n|-damage|p2b: Primarina|43/100\n|move|p2b: Primarina|Moonblast|p1a: Wisin&Yandel\n|-damage|p1a: Wisin&Yandel|0 fnt\n|faint|p1a: Wisin&Yandel\n|move|p2a: Tyranitar|Knock Off|p1b: J\u00f6tunn\n|-supereffective|p1b: J\u00f6tunn|1\n|-damage|p1b: J\u00f6tunn|0 fnt\n|faint|p1b: J\u00f6tunn\n|\n|-weather|Sandstorm|[upkeep]\n|-damage|p2b: Primarina|37/100|[from] Sandstorm\n|-heal|p2b: Primarina|43/100|[from] item: Leftovers\n|-fieldend|move: Trick Room\n|upkeep\n|\n|t:|1776252123\n|switch|p1a: Askeladd|Kingambit, L50, M|100/100\n|switch|p1b: Oogway|Torkoal, L50, M|100/100\n|-weather|SunnyDay|[from] ability: Drought|[of] p1b: Oogway\n|turn|6\n|\n|t:|1776252133\n|move|p1b: Oogway|Helping Hand|p1a: Askeladd\n|-singleturn|p1a: Askeladd|Helping Hand|[of] p1b: Oogway\n|move|p1a: Askeladd|Sucker Punch|p2a: Tyranitar\n|-resisted|p2a: Tyranitar|1\n|-damage|p2a: Tyranitar|0 fnt\n|faint|p2a: Tyranitar\n|move|p2b: Primarina|Hyper Voice|p1b: Oogway|[spread] p1a,p1b\n|-supereffective|p1b: Oogway|1\n|-damage|p1a: Askeladd|85/100\n|-damage|p1b: Oogway|52/100\n|\n|-weather|SunnyDay|[upkeep]\n|-heal|p2b: Primarina|49/100|[from] item: Leftovers\n|upkeep\n|\n|t:|1776252144\n|switch|p2a: Sneasler|Sneasler, L50, F|100/100\n|turn|7\n|inactive|hernndezz_vgc has 30 seconds left.\n|inactive|hernndezz_vgc has 20 seconds left.\n|\n|t:|1776252180\n|move|p1a: Askeladd|Protect|p1a: Askeladd\n|-singleturn|p1a: Askeladd|Protect\n|move|p2a: Sneasler|Close Combat|p1a: Askeladd\n|-activate|p1a: Askeladd|move: Protect\n|move|p2b: Primarina|Hyper Voice|p1b: Oogway|[spread] p1b\n|-activate|p1a: Askeladd|move: Protect\n|-supereffective|p1b: Oogway|1\n|-damage|p1b: Oogway|8/100\n|move|p1b: Oogway|Earth Power|p2a: Sneasler\n|-supereffective|p2a: Sneasler|1\n|-damage|p2a: Sneasler|25/100\n|\n|-weather|SunnyDay|[upkeep]\n|-heal|p2b: Primarina|55/100|[from] item: Leftovers\n|upkeep\n|turn|8\n|inactive|hernndezz_vgc has 30 seconds left.\n|inactive|hernndezz_vgc has 20 seconds left.\n|\n|t:|1776252218\n|move|p1b: Oogway|Protect|p1b: Oogway\n|-singleturn|p1b: Oogway|Protect\n|move|p1a: Askeladd|Sucker Punch|p2a: Sneasler\n|-resisted|p2a: Sneasler|1\n|-damage|p2a: Sneasler|0 fnt\n|faint|p2a: Sneasler\n|move|p2b: Primarina|Hyper Voice|p1a: Askeladd|[spread] p1a\n|-activate|p1b: Oogway|move: Protect\n|-damage|p1a: Askeladd|68/100\n|\n|-weather|SunnyDay|[upkeep]\n|-heal|p2b: Primarina|62/100|[from] item: Leftovers\n|upkeep\n|turn|9\n|\n|t:|1776252237\n|move|p1b: Oogway|Helping Hand|p1a: Askeladd\n|-singleturn|p1a: Askeladd|Helping Hand|[of] p1b: Oogway\n|move|p1a: Askeladd|Sucker Punch|p2b: Primarina\n|-resisted|p2b: Primarina|1\n|-crit|p2b: Primarina\n|-damage|p2b: Primarina|0 fnt\n|faint|p2b: Primarina\n|\n|win|hernndezz_vgc\n|raw|hernndezz_vgc's rating: 1209 &rarr; <strong>1241</strong><br />(+32 for winning)\n|raw|Filo0o0o's rating: 1302 &rarr; <strong>1277</strong><br />(-25 for losing)\n|l|\u2606Filo0o0o\n|player|p2|\n",
  "uploadtime": 1776252247,
  "views": 36,
  "formatid": "gen9championsvgc2026regma",
  "rating": 1241,
  "private": 0,
  "password": null
}