{
  "id": "gen9championsvgc2026regma-2581298526",
  "format": "[Gen 9 Champions] VGC 2026 Reg M-A",
  "players": [
    "iacidicowl",
    "radoovak"
  ],
  "log": "|j|\u2606iacidicowl\n|j|\u2606radoovak\n|t:|1775983189\n|gametype|doubles\n|player|p1|iacidicowl|170|1273\n|player|p2|radoovak|steven|1346\n|gen|9\n|tier|[Gen 9 Champions] VGC 2026 Reg M-A\n|rated|\n|rule|Species Clause: Limit one of each Pok\u00e9mon\n|rule|Item Clause: Limit 1 of each item\n|clearpoke\n|poke|p1|Garchomp, L50, F|\n|poke|p1|Orthworm, L50, F|\n|poke|p1|Floette-Eternal, L50, F|\n|poke|p1|Meowscarada, L50, M|\n|poke|p1|Sinistcha, L50|\n|poke|p1|Pelipper, L50, F|\n|poke|p2|Gengar, L50, M|\n|poke|p2|Sneasler, L50, M|\n|poke|p2|Incineroar, L50, M|\n|poke|p2|Whimsicott, L50, F|\n|poke|p2|Hydreigon, L50, M|\n|poke|p2|Palafin, L50, F|\n|teampreview|4\n|inactive|Battle timer is ON: inactive players will automatically lose when time's up. (requested by iacidicowl)\n|inactive|iacidicowl has 60 seconds left.\n|inactive|radoovak has 60 seconds left.\n|\n|t:|1775983227\n|teamsize|p1|4\n|teamsize|p2|4\n|start\n|switch|p1a: Meowscarada|Meowscarada, L50, M|100/100\n|switch|p1b: Floette|Floette-Eternal, L50, F|100/100\n|switch|p2a: Sneasler|Sneasler, L50, M|100/100\n|switch|p2b: Hydreigon|Hydreigon, L50, M|100/100\n|turn|1\n|inactive|iacidicowl has 30 seconds left.\n|\n|t:|1775983256\n|switch|p2b: Gengar|Gengar, L50, M|100/100\n|switch|p1b: Orthworm|Orthworm, L50, F|100/100\n|move|p2a: Sneasler|Protect|p2a: Sneasler\n|-singleturn|p2a: Sneasler|Protect\n|move|p1a: Meowscarada|Play Rough|p2b: Gengar\n|-start|p1a: Meowscarada|typechange|Fairy|[from] ability: Protean\n|-resisted|p2b: Gengar|1\n|-damage|p2b: Gengar|66/100\n|\n|upkeep\n|turn|2\n|j| gE1xjZRtuhW2DdT0AK\n|inactive|iacidicowl has 30 seconds left.\n|inactive|radoovak has 30 seconds left.\n|\n|t:|1775983289\n|detailschange|p2b: Gengar|Gengar-Mega, L50, M\n|-mega|p2b: Gengar|Gengar|Gengarite\n|move|p1a: Meowscarada|Play Rough|p2b: Gengar\n|-resisted|p2b: Gengar|1\n|-damage|p2b: Gengar|39/100\n|move|p2b: Gengar|Sludge Bomb|p1a: Meowscarada\n|-supereffective|p1a: Meowscarada|1\n|-damage|p1a: Meowscarada|0 fnt\n|faint|p1a: Meowscarada\n|move|p2a: Sneasler|Close Combat|p1b: Orthworm\n|-supereffective|p1b: Orthworm|1\n|-damage|p1b: Orthworm|23/100\n|-unboost|p2a: Sneasler|def|1\n|-unboost|p2a: Sneasler|spd|1\n|-enditem|p1b: Orthworm|Sitrus Berry|[eat]\n|-heal|p1b: Orthworm|47/100|[from] item: Sitrus Berry\n|-enditem|p2a: Sneasler|White Herb\n|-clearnegativeboost|p2a: Sneasler|[silent]\n|move|p1b: Orthworm|Heavy Slam|p2b: Gengar\n|-damage|p2b: Gengar|0 fnt\n|faint|p2b: Gengar\n|\n|upkeep\n|\n|t:|1775983309\n|switch|p1a: Garchomp|Garchomp, L50, F|100/100\n|switch|p2b: Hydreigon|Hydreigon, L50, M|100/100\n|turn|3\n|\n|t:|1775983328\n|move|p2a: Sneasler|Close Combat|p1b: Orthworm\n|-supereffective|p1b: Orthworm|1\n|-damage|p1b: Orthworm|0 fnt\n|-unboost|p2a: Sneasler|def|1\n|-unboost|p2a: Sneasler|spd|1\n|faint|p1b: Orthworm\n|move|p2b: Hydreigon|Draco Meteor|p1a: Garchomp\n|-supereffective|p1a: Garchomp|1\n|-enditem|p1a: Garchomp|Focus Sash\n|-damage|p1a: Garchomp|1/100\n|-unboost|p2b: Hydreigon|spa|2\n|move|p1a: Garchomp|Earthquake|p2b: Hydreigon|[spread] p2a\n|-immune|p2b: Hydreigon|[from] ability: Levitate\n|-supereffective|p2a: Sneasler|1\n|-damage|p2a: Sneasler|0 fnt\n|faint|p2a: Sneasler\n|\n|upkeep\n|\n|t:|1775983343\n|switch|p2a: Whimsicott|Whimsicott, L50, F|100/100\n|switch|p1b: Floette|Floette-Eternal, L50, F|100/100\n|turn|4\n|inactive|iacidicowl has 30 seconds left.\n|\n|t:|1775983369\n|detailschange|p1b: Floette|Floette-Mega, L50, F\n|-mega|p1b: Floette|Floette|Floettite\n|-ability|p1b: Floette|Fairy Aura\n|move|p1a: Garchomp|Protect|p1a: Garchomp\n|-singleturn|p1a: Garchomp|Protect\n|move|p2a: Whimsicott|Fake Tears|p1b: Floette\n|-unboost|p1b: Floette|spd|2\n|move|p2b: Hydreigon|Draco Meteor|p1a: Garchomp\n|-activate|p1a: Garchomp|move: Protect\n|move|p1b: Floette|Dazzling Gleam|p2b: Hydreigon|[spread] p2a,p2b\n|-supereffective|p2b: Hydreigon|2\n|-damage|p2a: Whimsicott|39/100\n|-damage|p2b: Hydreigon|0 fnt\n|faint|p2b: Hydreigon\n|\n|upkeep\n|turn|5\n|\n|t:|1775983387\n|move|p2a: Whimsicott|Moonblast|p1b: Floette\n|-damage|p1b: Floette|39/100\n|move|p1b: Floette|Moonblast|p2a: Whimsicott\n|-damage|p2a: Whimsicott|0 fnt\n|faint|p2a: Whimsicott\n|\n|win|iacidicowl\n|raw|iacidicowl's rating: 1273 &rarr; <strong>1303</strong><br />(+30 for winning)\n|raw|radoovak's rating: 1346 &rarr; <strong>1322</strong><br />(-24 for losing)\n|c|\u2606radoovak|gg\n|l|\u2606radoovak\n|player|p2|\n",
  "uploadtime": 1775983457,
  "views": 29,
  "formatid": "gen9championsvgc2026regma",
  "rating": 1303,
  "private": 0,
  "password": null
}