{
  "id": "gen9championsvgc2026regma-2584206443",
  "format": "[Gen 9 Champions] VGC 2026 Reg M-A",
  "players": [
    "Kingambit Kahn",
    "Pyrophoric"
  ],
  "log": "|j|\u2606Kingambit Kahn\n|j|\u2606Pyrophoric\n|t:|1776238146\n|gametype|doubles\n|player|p1|Kingambit Kahn|roughneck|1146\n|player|p2|Pyrophoric|170|1081\n|gen|9\n|tier|[Gen 9 Champions] VGC 2026 Reg M-A\n|rated|\n|rule|Species Clause: Limit one of each Pok\u00e9mon\n|rule|Item Clause: Limit 1 of each item\n|clearpoke\n|poke|p1|Talonflame, L50, F|\n|poke|p1|Maushold, L50|\n|poke|p1|Basculegion, L50, M|\n|poke|p1|Garchomp, L50, F|\n|poke|p1|Floette-Eternal, L50, F|\n|poke|p1|Pelipper, L50, F|\n|poke|p2|Greninja-*, L50, F|\n|poke|p2|Rotom-Heat, L50|\n|poke|p2|Krookodile, L50, M|\n|poke|p2|Whimsicott, L50, M|\n|poke|p2|Dragapult, L50, F|\n|poke|p2|Slowking-Galar, L50, M|\n|teampreview|4\n|inactive|Battle timer is ON: inactive players will automatically lose when time's up. (requested by Kingambit Kahn)\n|\n|t:|1776238174\n|teamsize|p1|4\n|teamsize|p2|4\n|start\n|switch|p1a: Floette|Floette-Eternal, L50, F|100/100\n|switch|p1b: Maushold|Maushold, L50|100/100\n|switch|p2a: Greninja|Greninja, L50, F|100/100\n|switch|p2b: Whimsicott|Whimsicott, L50, M|100/100\n|turn|1\n|inactive|Pyrophoric has 30 seconds left.\n|\n|t:|1776238201\n|detailschange|p2a: Greninja|Greninja-Mega, L50, F\n|-mega|p2a: Greninja|Greninja|Greninjite\n|detailschange|p1a: Floette|Floette-Mega, L50, F\n|-mega|p1a: Floette|Floette|Floettite\n|-ability|p1a: Floette|Fairy Aura\n|move|p2b: Whimsicott|Taunt|p1b: Maushold\n|-start|p1b: Maushold|move: Taunt\n|move|p2a: Greninja|Rock Slide|p1a: Floette|[spread] p1a,p1b\n|-start|p2a: Greninja|typechange|Rock|[from] ability: Protean\n|-damage|p1a: Floette|70/100\n|-damage|p1b: Maushold|77/100\n|move|p1a: Floette|Dazzling Gleam|p2a: Greninja|[spread] p2a,p2b\n|-damage|p2a: Greninja|28/100\n|-damage|p2b: Whimsicott|41/100\n|cant|p1b: Maushold|move: Taunt|Taunt\n|\n|upkeep\n|turn|2\n|inactive|Pyrophoric has 30 seconds left.\n|\n|t:|1776238236\n|move|p2a: Greninja|Gunk Shot|p1a: Floette\n|-supereffective|p1a: Floette|1\n|-damage|p1a: Floette|0 fnt\n|faint|p1a: Floette\n|move|p2b: Whimsicott|Moonblast|p1b: Maushold\n|-damage|p1b: Maushold|42/100\n|move|p1b: Maushold|Super Fang|p2b: Whimsicott\n|-damage|p2b: Whimsicott|21/100\n|\n|upkeep\n|\n|t:|1776238244\n|switch|p1a: Pelipper|Pelipper, L50, F|100/100\n|-weather|RainDance|[from] ability: Drizzle|[of] p1a: Pelipper\n|turn|3\n|\n|t:|1776238269\n|move|p2a: Greninja|Rock Slide|p1b: Maushold|[spread] p1a,p1b\n|-supereffective|p1a: Pelipper|1\n|-damage|p1a: Pelipper|43/100\n|-damage|p1b: Maushold|17/100\n|move|p1a: Pelipper|Muddy Water|p2a: Greninja|[spread] p2a\n|-miss|p1a: Pelipper|p2b: Whimsicott\n|-supereffective|p2a: Greninja|1\n|-damage|p2a: Greninja|0 fnt\n|faint|p2a: Greninja\n|move|p2b: Whimsicott|Moonblast|p1a: Pelipper\n|-damage|p1a: Pelipper|6/100\n|-unboost|p1a: Pelipper|spa|1\n|move|p1b: Maushold|Super Fang|p2b: Whimsicott\n|-damage|p2b: Whimsicott|11/100\n|\n|-weather|RainDance|[upkeep]\n|-end|p1b: Maushold|move: Taunt\n|upkeep\n|\n|t:|1776238293\n|switch|p2a: Dragapult|Dragapult, L50, F|100/100\n|turn|4\n|\n|t:|1776238311\n|move|p1b: Maushold|Follow Me|p1b: Maushold\n|-singleturn|p1b: Maushold|move: Follow Me\n|move|p2a: Dragapult|Thunderbolt|p1b: Maushold\n|-damage|p1b: Maushold|0 fnt\n|faint|p1b: Maushold\n|move|p1a: Pelipper|Muddy Water|p2b: Whimsicott|[spread] p2a,p2b\n|-resisted|p2a: Dragapult|1\n|-crit|p2a: Dragapult\n|-resisted|p2b: Whimsicott|1\n|-damage|p2a: Dragapult|55/100\n|-damage|p2b: Whimsicott|0 fnt\n|-unboost|p2a: Dragapult|accuracy|1\n|faint|p2b: Whimsicott\n|\n|-weather|RainDance|[upkeep]\n|upkeep\n|\n|t:|1776238322\n|switch|p2b: Krookodile|Krookodile, L50, M|100/100\n|switch|p1b: Basculegion|Basculegion, L50, M|100/100\n|-ability|p2b: Krookodile|Intimidate|boost\n|-unboost|p1a: Pelipper|atk|1\n|-unboost|p1b: Basculegion|atk|1\n|turn|5\n|\n|t:|1776238341\n|move|p2a: Dragapult|Thunderbolt|p1b: Basculegion\n|-supereffective|p1b: Basculegion|1\n|-damage|p1b: Basculegion|35/100\n|move|p1a: Pelipper|Muddy Water|p2b: Krookodile|[spread] p2a,p2b\n|-resisted|p2a: Dragapult|1\n|-supereffective|p2b: Krookodile|1\n|-damage|p2a: Dragapult|36/100\n|-damage|p2b: Krookodile|17/100\n|-unboost|p2a: Dragapult|accuracy|1\n|-unboost|p2b: Krookodile|accuracy|1\n|move|p2b: Krookodile|Knock Off|p1b: Basculegion\n|-supereffective|p1b: Basculegion|1\n|-damage|p1b: Basculegion|0 fnt\n|-enditem|p1b: Basculegion|Focus Sash|[from] move: Knock Off|[of] p2b: Krookodile\n|faint|p1b: Basculegion\n|\n|-weather|RainDance|[upkeep]\n|upkeep\n|turn|6\n|\n|t:|1776238360\n|move|p2a: Dragapult|Thunderbolt|p1a: Pelipper|[miss]\n|-miss|p2a: Dragapult|p1a: Pelipper\n|move|p1a: Pelipper|Muddy Water|p2b: Krookodile|[spread] p2a,p2b\n|-resisted|p2a: Dragapult|1\n|-supereffective|p2b: Krookodile|1\n|-damage|p2a: Dragapult|17/100\n|-damage|p2b: Krookodile|0 fnt\n|faint|p2b: Krookodile\n|\n|-weather|RainDance|[upkeep]\n|upkeep\n|turn|7\n|\n|t:|1776238372\n|move|p2a: Dragapult|Thunderbolt|p1a: Pelipper|[miss]\n|-miss|p2a: Dragapult|p1a: Pelipper\n|move|p1a: Pelipper|Muddy Water|p2a: Dragapult\n|-resisted|p2a: Dragapult|1\n|-damage|p2a: Dragapult|0 fnt\n|faint|p2a: Dragapult\n|\n|win|Kingambit Kahn\n|raw|Kingambit Kahn's rating: 1146 &rarr; <strong>1166</strong><br />(+20 for winning)\n|raw|Pyrophoric's rating: 1081 &rarr; <strong>1063</strong><br />(-18 for losing)\n|c|\u2606Pyrophoric|lucky\n|c|\u2606Kingambit Kahn|YEEESSSSSS\n|l|\u2606Pyrophoric\n|player|p2|\n",
  "uploadtime": 1776238409,
  "views": 38,
  "formatid": "gen9championsvgc2026regma",
  "rating": 1063,
  "private": 0,
  "password": null
}