{
  "id": "gen9championsvgc2026regma-2585842538",
  "format": "[Gen 9 Champions] VGC 2026 Reg M-A",
  "players": [
    "dr.ultraball head",
    "Dangerzone2"
  ],
  "log": "|j|\u2606dr.ultraball head\n|j|\u2606Dangerzone2\n|t:|1776374801\n|gametype|doubles\n|player|p1|dr.ultraball head|gardenia-masters|1114\n|player|p2|Dangerzone2|101|1199\n|gen|9\n|tier|[Gen 9 Champions] VGC 2026 Reg M-A\n|rated|\n|rule|Species Clause: Limit one of each Pok\u00e9mon\n|rule|Item Clause: Limit 1 of each item\n|clearpoke\n|poke|p1|Meganium, L50, M|\n|poke|p1|Pelipper, L50, M|\n|poke|p1|Archaludon, L50, M|\n|poke|p1|Krookodile, L50, F|\n|poke|p1|Basculegion, L50, M|\n|poke|p1|Sneasler, L50, F|\n|poke|p2|Sableye, L50, M|\n|poke|p2|Arcanine, L50, F|\n|poke|p2|Floette-Eternal, L50, F|\n|poke|p2|Kingambit, L50, M|\n|poke|p2|Milotic, L50, M|\n|poke|p2|Rotom-Wash, L50|\n|teampreview|4\n|\n|t:|1776374869\n|teamsize|p1|4\n|teamsize|p2|4\n|start\n|switch|p1a: Meganium|Meganium, L50, M|100/100\n|switch|p1b: Vega|Sneasler, L50, F|100/100\n|switch|p2a: Sableye|Sableye, L50, M|100/100\n|switch|p2b: Floette|Floette-Eternal, L50, F|100/100\n|turn|1\n|\n|t:|1776374885\n|detailschange|p2b: Floette|Floette-Mega, L50, F\n|-mega|p2b: Floette|Floette|Floettite\n|-ability|p2b: Floette|Fairy Aura\n|detailschange|p1a: Meganium|Meganium-Mega, L50, M\n|-mega|p1a: Meganium|Meganium|Meganiumite\n|move|p1b: Vega|Protect|p1b: Vega\n|-singleturn|p1b: Vega|Protect\n|move|p2b: Floette|Protect|p2b: Floette\n|-singleturn|p2b: Floette|Protect\n|move|p2a: Sableye|Fake Out|p1a: Meganium\n|-damage|p1a: Meganium|94/100\n|cant|p1a: Meganium|flinch\n|\n|upkeep\n|turn|2\n|\n|t:|1776374908\n|switch|p1b: Archaludon|Archaludon, L50, M|100/100\n|move|p2a: Sableye|Encore||[still]\n|-fail|p2a: Sableye\n|move|p2b: Floette|Dazzling Gleam|p1b: Archaludon|[spread] p1a,p1b\n|-crit|p1b: Archaludon\n|-damage|p1a: Meganium|53/100\n|-damage|p1b: Archaludon|3/100\n|move|p1a: Meganium|Dazzling Gleam|p2a: Sableye|[spread] p2a,p2b\n|-supereffective|p2a: Sableye|1\n|-enditem|p2a: Sableye|Focus Sash\n|-damage|p2a: Sableye|1/100\n|-damage|p2b: Floette|68/100\n|\n|-heal|p1b: Archaludon|9/100|[from] item: Leftovers\n|upkeep\n|turn|3\n|\n|t:|1776374926\n|move|p1b: Archaludon|Protect|p1b: Archaludon\n|-singleturn|p1b: Archaludon|Protect\n|move|p2a: Sableye|Disable|p1a: Meganium\n|-start|p1a: Meganium|Disable|Dazzling Gleam\n|move|p2b: Floette|Dazzling Gleam|p1a: Meganium|[spread] p1a\n|-activate|p1b: Archaludon|move: Protect\n|-damage|p1a: Meganium|7/100\n|cant|p1a: Meganium|Disable|Dazzling Gleam\n|\n|-heal|p1b: Archaludon|15/100|[from] item: Leftovers\n|upkeep\n|turn|4\n|\n|t:|1776374941\n|move|p2a: Sableye|Encore|p1b: Archaludon\n|-start|p1b: Archaludon|Encore\n|move|p1b: Archaludon|Protect|p1b: Archaludon\n|-singleturn|p1b: Archaludon|Protect\n|move|p2b: Floette|Dazzling Gleam|p1b: Archaludon|[spread] p1a\n|-activate|p1b: Archaludon|move: Protect\n|-damage|p1a: Meganium|0 fnt\n|faint|p1a: Meganium\n|\n|-heal|p1b: Archaludon|21/100|[from] item: Leftovers\n|upkeep\n|\n|t:|1776374951\n|switch|p1a: Vega|Sneasler, L50, F|100/100\n|turn|5\n|\n|t:|1776374975\n|switch|p1b: Krookodile|Krookodile, L50, F|100/100\n|-ability|p1b: Krookodile|Intimidate|boost\n|-unboost|p2a: Sableye|atk|1\n|-unboost|p2b: Floette|atk|1\n|switch|p2a: Kingambit|Kingambit, L50, M|100/100\n|move|p2b: Floette|Protect|p2b: Floette\n|-singleturn|p2b: Floette|Protect\n|move|p1a: Vega|Dire Claw|p2b: Floette\n|-activate|p2b: Floette|move: Protect\n|\n|upkeep\n|turn|6\n|\n|t:|1776375017\n|switch|p2b: Sableye|Sableye, L50, M|1/100\n|switch|p2a: Rotom|Rotom-Wash, L50|100/100\n|move|p1a: Vega|Dire Claw|p2b: Sableye\n|-resisted|p2b: Sableye|1\n|-damage|p2b: Sableye|0 fnt\n|faint|p2b: Sableye\n|move|p1b: Krookodile|Taunt|p2a: Rotom\n|-start|p2a: Rotom|move: Taunt\n|\n|upkeep\n|\n|t:|1776375037\n|switch|p2b: Floette|Floette-Mega, L50, F|68/100\n|-ability|p2b: Floette|Fairy Aura\n|turn|7\n|\n|t:|1776375063\n|switch|p2b: Kingambit|Kingambit, L50, M|100/100\n|move|p2a: Rotom|Hydro Pump|p1b: Krookodile|[miss]\n|-miss|p2a: Rotom|p1b: Krookodile\n|move|p1a: Vega|Dire Claw|p2b: Kingambit\n|-immune|p2b: Kingambit\n|move|p1b: Krookodile|Knock Off|p2a: Rotom\n|-damage|p2a: Rotom|41/100\n|-enditem|p2a: Rotom|Choice Scarf|[from] move: Knock Off|[of] p1b: Krookodile\n|\n|upkeep\n|turn|8\n|\n|t:|1776375089\n|move|p1a: Vega|Protect|p1a: Vega\n|-singleturn|p1a: Vega|Protect\n|move|p2b: Kingambit|Sucker Punch||[still]\n|-fail|p2b: Kingambit\n|move|p1b: Krookodile|Earthquake|p2b: Kingambit|[spread] p2b\n|-activate|p1a: Vega|move: Protect\n|-immune|p2a: Rotom|[from] ability: Levitate\n|-supereffective|p2b: Kingambit|1\n|-damage|p2b: Kingambit|50/100\n|move|p2a: Rotom|Volt Switch|p1a: Vega\n|-activate|p1a: Vega|move: Protect\n|\n|-end|p2a: Rotom|move: Taunt\n|upkeep\n|turn|9\n|\n|t:|1776375112\n|switch|p1a: Archaludon|Archaludon, L50, M|21/100\n|move|p2b: Kingambit|Sucker Punch||[still]\n|-fail|p2b: Kingambit\n|move|p1b: Krookodile|Earthquake|p2b: Kingambit|[spread] p1a,p2b\n|-immune|p2a: Rotom|[from] ability: Levitate\n|-supereffective|p1a: Archaludon|1\n|-supereffective|p2b: Kingambit|1\n|-damage|p1a: Archaludon|0 fnt\n|-damage|p2b: Kingambit|0 fnt\n|faint|p1a: Archaludon\n|faint|p2b: Kingambit\n|move|p2a: Rotom|Volt Switch|p1b: Krookodile\n|-immune|p1b: Krookodile\n|\n|upkeep\n|\n|t:|1776375128\n|switch|p1a: Vega|Sneasler, L50, F|100/100\n|switch|p2b: Floette|Floette-Mega, L50, F|68/100\n|-ability|p2b: Floette|Fairy Aura\n|turn|10\n|\n|t:|1776375169\n|move|p1a: Vega|Protect|p1a: Vega\n|-singleturn|p1a: Vega|Protect\n|move|p1b: Krookodile|Earthquake|p2b: Floette|[spread] p2b\n|-activate|p1a: Vega|move: Protect\n|-immune|p2a: Rotom|[from] ability: Levitate\n|-damage|p2b: Floette|28/100\n|move|p2a: Rotom|Hydro Pump|p1a: Vega\n|-activate|p1a: Vega|move: Protect\n|move|p2b: Floette|Dazzling Gleam|p1a: Vega|[spread] p1b\n|-activate|p1a: Vega|move: Protect\n|-supereffective|p1b: Krookodile|1\n|-damage|p1b: Krookodile|0 fnt\n|faint|p1b: Krookodile\n|\n|upkeep\n|turn|11\n|\n|t:|1776375194\n|move|p2b: Floette|Protect|p2b: Floette\n|-singleturn|p2b: Floette|Protect\n|move|p1a: Vega|Dire Claw|p2a: Rotom\n|-damage|p2a: Rotom|0 fnt\n|faint|p2a: Rotom\n|\n|upkeep\n|turn|12\n|c|\u2606Dangerzone2|gg\n|\n|t:|1776375204\n|move|p1a: Vega|Dire Claw|p2b: Floette\n|-supereffective|p2b: Floette|1\n|-damage|p2b: Floette|0 fnt\n|faint|p2b: Floette\n|\n|win|dr.ultraball head\n|raw|dr.ultraball head's rating: 1114 &rarr; <strong>1145</strong><br />(+31 for winning)\n|raw|Dangerzone2's rating: 1199 &rarr; <strong>1168</strong><br />(-31 for losing)\n|c|\u2606dr.ultraball head|Ggs\n|l|\u2606Dangerzone2\n|player|p2|\n",
  "uploadtime": 1776375253,
  "views": 20,
  "formatid": "gen9championsvgc2026regma",
  "rating": 1145,
  "private": 0,
  "password": null
}