{
  "id": "gen9championsvgc2026regma-2583355336",
  "format": "[Gen 9 Champions] VGC 2026 Reg M-A",
  "players": [
    "the yig",
    "Isidino"
  ],
  "log": "|j|\u2606the yig\n|j|\u2606Isidino\n|t:|1776169654\n|gametype|doubles\n|player|p1|the yig|pokemaniac|1243\n|player|p2|Isidino|169|1147\n|gen|9\n|tier|[Gen 9 Champions] VGC 2026 Reg M-A\n|rated|\n|rule|Species Clause: Limit one of each Pok\u00e9mon\n|rule|Item Clause: Limit 1 of each item\n|clearpoke\n|poke|p1|Froslass, L50, F|\n|poke|p1|Aerodactyl, L50, M|\n|poke|p1|Garchomp, L50, F|\n|poke|p1|Rotom-Wash, L50|\n|poke|p1|Milotic, L50, F|\n|poke|p1|Sneasler, L50, M|\n|poke|p2|Pelipper, L50, F|\n|poke|p2|Basculegion-F, L50, F|\n|poke|p2|Starmie, L50|\n|poke|p2|Sneasler, L50, M|\n|poke|p2|Sableye, L50, M|\n|poke|p2|Archaludon, L50, F|\n|teampreview|4\n|inactive|Battle timer is ON: inactive players will automatically lose when time's up. (requested by Isidino)\n|inactive|Isidino has 60 seconds left.\n|\n|t:|1776169694\n|teamsize|p1|4\n|teamsize|p2|4\n|start\n|switch|p1a: Aerodactyl|Aerodactyl, L50, M|100/100\n|switch|p1b: Garchomp|Garchomp, L50, F|100/100\n|switch|p2a: Basculegion|Basculegion-F, L50, F, shiny|100/100\n|switch|p2b: Sableye|Sableye, L50, M, shiny|100/100\n|-ability|p1a: Aerodactyl|Unnerve\n|turn|1\n|\n|t:|1776169709\n|move|p2b: Sableye|Rain Dance|p2b: Sableye\n|-weather|RainDance\n|move|p2a: Basculegion|Icy Wind|p1a: Aerodactyl|[spread] p1a,p1b\n|-supereffective|p1a: Aerodactyl|1\n|-supereffective|p1b: Garchomp|2\n|-damage|p1a: Aerodactyl|61/100\n|-damage|p1b: Garchomp|46/100\n|-unboost|p1a: Aerodactyl|spe|1\n|-unboost|p1b: Garchomp|spe|1\n|move|p1b: Garchomp|Outrage|p2a: Basculegion\n|-damage|p2a: Basculegion|18/100\n|move|p1a: Aerodactyl|Tailwind|p1a: Aerodactyl\n|-sidestart|p1: the yig|move: Tailwind\n|\n|-weather|RainDance|[upkeep]\n|upkeep\n|turn|2\n|\n|t:|1776169725\n|move|p1a: Aerodactyl|Wide Guard|p1a: Aerodactyl\n|-singleturn|p1a: Aerodactyl|Wide Guard\n|move|p2b: Sableye|Encore|p1a: Aerodactyl\n|-start|p1a: Aerodactyl|Encore\n|move|p1b: Garchomp|Outrage|p2a: Basculegion|[from] lockedmove\n|-damage|p2a: Basculegion|0 fnt\n|faint|p2a: Basculegion\n|-start|p1b: Garchomp|confusion|[fatigue]\n|\n|-weather|RainDance|[upkeep]\n|upkeep\n|\n|t:|1776169734\n|switch|p2a: Starmie|Starmie, L50, shiny|100/100\n|turn|3\n|\n|t:|1776169750\n|detailschange|p2a: Starmie|Starmie-Mega, L50, shiny\n|-mega|p2a: Starmie|Starmie|Starminite\n|move|p1a: Aerodactyl|Wide Guard|p1a: Aerodactyl\n|-singleturn|p1a: Aerodactyl|Wide Guard\n|move|p2a: Starmie|Aqua Jet|p1a: Aerodactyl\n|-supereffective|p1a: Aerodactyl|1\n|-damage|p1a: Aerodactyl|0 fnt\n|faint|p1a: Aerodactyl\n|-activate|p1b: Garchomp|confusion\n|-damage|p1b: Garchomp|32/100|[from] confusion\n|move|p2b: Sableye|Night Shade|p1b: Garchomp\n|-damage|p1b: Garchomp|5/100\n|\n|-weather|RainDance|[upkeep]\n|upkeep\n|\n|t:|1776169761\n|switch|p1a: Froslass|Froslass, L50, F|100/100\n|turn|4\n|\n|t:|1776169780\n|detailschange|p1a: Froslass|Froslass-Mega, L50, F\n|-mega|p1a: Froslass|Froslass|Froslassite\n|-weather|Snowscape|[from] ability: Snow Warning|[of] p1a: Froslass\n|move|p2a: Starmie|Protect|p2a: Starmie\n|-singleturn|p2a: Starmie|Protect\n|move|p2b: Sableye|Rain Dance|p2b: Sableye\n|-weather|RainDance\n|move|p1a: Froslass|Shadow Ball|p2a: Starmie\n|-activate|p2a: Starmie|move: Protect\n|-activate|p1b: Garchomp|confusion\n|-damage|p1b: Garchomp|0 fnt|[from] confusion\n|faint|p1b: Garchomp\n|\n|-weather|RainDance|[upkeep]\n|-sideend|p1: the yig|move: Tailwind\n|upkeep\n|\n|t:|1776169784\n|switch|p1b: Sneasler|Sneasler, L50, M|100/100\n|turn|5\n|\n|t:|1776169809\n|switch|p2a: Sneasler|Sneasler, L50, M|100/100\n|move|p1a: Froslass|Shadow Ball|p2a: Sneasler\n|-damage|p2a: Sneasler|42/100\n|move|p1b: Sneasler|Close Combat|p2a: Sneasler\n|-resisted|p2a: Sneasler|1\n|-damage|p2a: Sneasler|0 fnt\n|-unboost|p1b: Sneasler|def|1\n|-unboost|p1b: Sneasler|spd|1\n|faint|p2a: Sneasler\n|-enditem|p1b: Sneasler|White Herb\n|-clearnegativeboost|p1b: Sneasler|[silent]\n|move|p2b: Sableye|Night Shade|p1a: Froslass\n|-damage|p1a: Froslass|66/100\n|\n|-weather|RainDance|[upkeep]\n|upkeep\n|\n|t:|1776169817\n|switch|p2a: Starmie|Starmie-Mega, L50, shiny|100/100\n|turn|6\n|\n|t:|1776169824\n|move|p2a: Starmie|Aqua Jet|p1a: Froslass\n|-damage|p1a: Froslass|0 fnt\n|faint|p1a: Froslass\n|move|p2b: Sableye|Encore|p1b: Sneasler\n|-start|p1b: Sneasler|Encore\n|move|p1b: Sneasler|Close Combat|p2b: Sableye\n|-immune|p2b: Sableye\n|\n|-weather|RainDance|[upkeep]\n|upkeep\n|turn|7\n|-message|the yig forfeited.\n|\n|win|Isidino\n|raw|the yig's rating: 1243 &rarr; <strong>1211</strong><br />(-32 for losing)\n|raw|Isidino's rating: 1147 &rarr; <strong>1179</strong><br />(+32 for winning)\n|l|\u2606the yig\n|player|p1|\n",
  "uploadtime": 1776169877,
  "views": 16,
  "formatid": "gen9championsvgc2026regma",
  "rating": 1179,
  "private": 0,
  "password": null
}