{
  "id": "gen9championsvgc2026regma-2587056939",
  "format": "[Gen 9 Champions] VGC 2026 Reg M-A",
  "players": [
    "etoosfrog",
    "Matt's Totodile"
  ],
  "log": "|j|\u2606etoosfrog\n|j|\u2606Matt's Totodile\n|t:|1776487710\n|gametype|doubles\n|player|p1|etoosfrog|brycen|1154\n|player|p2|Matt's Totodile|pokekid|1117\n|gen|9\n|tier|[Gen 9 Champions] VGC 2026 Reg M-A\n|rated|\n|rule|Species Clause: Limit one of each Pok\u00e9mon\n|rule|Item Clause: Limit 1 of each item\n|clearpoke\n|poke|p1|Floette-Eternal, L50, F, shiny|\n|poke|p1|Garchomp, L50, M|\n|poke|p1|Sneasler, L50, M|\n|poke|p1|Rotom-Wash, L50, shiny|\n|poke|p1|Aerodactyl, L50, M, shiny|\n|poke|p1|Incineroar, L50, F, shiny|\n|poke|p2|Charizard, L50, M|\n|poke|p2|Sneasler, L50, F|\n|poke|p2|Aegislash, L50, F|\n|poke|p2|Gardevoir, L50, F|\n|poke|p2|Whimsicott, L50, M|\n|poke|p2|Sinistcha, L50|\n|teampreview|4\n|inactive|Battle timer is ON: inactive players will automatically lose when time's up. (requested by etoosfrog)\n|inactive|etoosfrog has 60 seconds left.\n|inactive|Matt's Totodile has 60 seconds left.\n|inactive|Matt's Totodile has 30 seconds left.\n|\n|t:|1776487775\n|teamsize|p1|4\n|teamsize|p2|4\n|start\n|switch|p1a: Aerodactyl|Aerodactyl, L50, M, shiny|100/100\n|switch|p1b: Sneasler|Sneasler, L50, M|100/100\n|switch|p2a: Sneasler|Sneasler, L50, F|100/100\n|switch|p2b: Whimsicott|Whimsicott, L50, M|100/100\n|-ability|p1a: Aerodactyl|Unnerve\n|turn|1\n|\n|t:|1776487796\n|move|p2b: Whimsicott|Protect|p2b: Whimsicott\n|-singleturn|p2b: Whimsicott|Protect\n|move|p1b: Sneasler|Fake Out|p2b: Whimsicott\n|-activate|p2b: Whimsicott|move: Protect\n|move|p2a: Sneasler|Fake Out|p1a: Aerodactyl\n|-resisted|p1a: Aerodactyl|1\n|-damage|p1a: Aerodactyl|89/100\n|cant|p1a: Aerodactyl|flinch\n|\n|upkeep\n|turn|2\n|inactive|Matt's Totodile has 30 seconds left.\n|inactive|Matt's Totodile has 20 seconds left.\n|inactive|Matt's Totodile has 15 seconds left.\n|\n|t:|1776487838\n|move|p2a: Sneasler|Protect|p2a: Sneasler\n|-singleturn|p2a: Sneasler|Protect\n|move|p2b: Whimsicott|Tailwind|p2b: Whimsicott\n|-sidestart|p2: Matt's Totodile|move: Tailwind\n|move|p1a: Aerodactyl|Tailwind|p1a: Aerodactyl\n|-sidestart|p1: etoosfrog|move: Tailwind\n|move|p1b: Sneasler|Dire Claw|p2b: Whimsicott\n|-supereffective|p2b: Whimsicott|2\n|-enditem|p2b: Whimsicott|Focus Sash\n|-damage|p2b: Whimsicott|1/100\n|\n|upkeep\n|turn|3\n|\n|t:|1776487856\n|switch|p2a: Charizard|Charizard, L50, M|100/100\n|move|p2b: Whimsicott|Encore|p1a: Aerodactyl\n|-start|p1a: Aerodactyl|Encore\n|move|p1a: Aerodactyl|Tailwind||[still]\n|-fail|p1a: Aerodactyl\n|move|p1b: Sneasler|Close Combat|p2a: Charizard\n|-resisted|p2a: Charizard|1\n|-damage|p2a: Charizard|66/100\n|-unboost|p1b: Sneasler|def|1\n|-unboost|p1b: Sneasler|spd|1\n|-enditem|p1b: Sneasler|White Herb\n|-clearnegativeboost|p1b: Sneasler|[silent]\n|\n|upkeep\n|turn|4\n|inactive|Matt's Totodile has 30 seconds left.\n|inactive|Matt's Totodile has 20 seconds left.\n|\n|t:|1776487893\n|switch|p1a: Incineroar|Incineroar, L50, F, shiny|100/100\n|-ability|p1a: Incineroar|Intimidate|boost\n|-unboost|p2a: Charizard|atk|1\n|-unboost|p2b: Whimsicott|atk|1\n|detailschange|p2a: Charizard|Charizard-Mega-X, L50, M\n|-mega|p2a: Charizard|Charizard|Charizardite X\n|move|p1b: Sneasler|Dire Claw|p2b: Whimsicott\n|-supereffective|p2b: Whimsicott|2\n|-damage|p2b: Whimsicott|0 fnt\n|faint|p2b: Whimsicott\n|move|p2a: Charizard|Flare Blitz|p1b: Sneasler\n|-damage|p1b: Sneasler|11/100\n|-damage|p2a: Charizard|40/100|[from] Recoil\n|\n|upkeep\n|\n|t:|1776487912\n|switch|p2b: Sinistcha|Sinistcha, L50|100/100\n|-heal|p2a: Charizard|65/100|[from] ability: Hospitality|[of] p2b: Sinistcha\n|turn|5\n|inactive|Matt's Totodile has 30 seconds left.\n|\n|t:|1776487943\n|move|p2a: Charizard|Protect|p2a: Charizard\n|-singleturn|p2a: Charizard|Protect\n|move|p2b: Sinistcha|Protect|p2b: Sinistcha\n|-singleturn|p2b: Sinistcha|Protect\n|move|p1b: Sneasler|Close Combat|p2a: Charizard\n|-activate|p2a: Charizard|move: Protect\n|move|p1a: Incineroar|Throat Chop|p2b: Sinistcha\n|-activate|p2b: Sinistcha|move: Protect\n|\n|-sideend|p1: etoosfrog|move: Tailwind\n|-sideend|p2: Matt's Totodile|move: Tailwind\n|upkeep\n|turn|6\n|\n|t:|1776487960\n|move|p2b: Sinistcha|Rage Powder|p2b: Sinistcha\n|-singleturn|p2b: Sinistcha|move: Rage Powder\n|move|p1b: Sneasler|Close Combat|p2b: Sinistcha\n|-immune|p2b: Sinistcha\n|move|p2a: Charizard|Dragon Claw|p1b: Sneasler\n|-damage|p1b: Sneasler|0 fnt\n|faint|p1b: Sneasler\n|move|p1a: Incineroar|Parting Shot|p2b: Sinistcha\n|-unboost|p2b: Sinistcha|atk|1\n|-unboost|p2b: Sinistcha|spa|1\n|\n|t:|1776487973\n|switch|p1a: Floette|Floette-Eternal, L50, F, shiny|100/100|[from] Parting Shot\n|\n|upkeep\n|\n|t:|1776487979\n|switch|p1b: Incineroar|Incineroar, L50, F, shiny|100/100\n|-ability|p1b: Incineroar|Intimidate|boost\n|-unboost|p2a: Charizard|atk|1\n|-unboost|p2b: Sinistcha|atk|1\n|turn|7\n|inactive|Matt's Totodile has 30 seconds left.\n|inactive|Matt's Totodile has 20 seconds left.\n|\n|t:|1776488018\n|switch|p2b: Sneasler|Sneasler, L50, F|100/100\n|detailschange|p1a: Floette|Floette-Mega, L50, F, shiny\n|-mega|p1a: Floette|Floette|Floettite\n|-ability|p1a: Floette|Fairy Aura\n|move|p2a: Charizard|Protect|p2a: Charizard\n|-singleturn|p2a: Charizard|Protect\n|move|p1a: Floette|Calm Mind|p1a: Floette\n|-boost|p1a: Floette|spa|1\n|-boost|p1a: Floette|spd|1\n|move|p1b: Incineroar|Parting Shot|p2a: Charizard\n|-activate|p2a: Charizard|move: Protect\n|\n|upkeep\n|turn|8\n|inactive|etoosfrog has 30 seconds left.\n|inactive|Matt's Totodile has 30 seconds left.\n|\n|t:|1776488053\n|move|p2b: Sneasler|Fake Out|p1a: Floette\n|-damage|p1a: Floette|86/100\n|cant|p1a: Floette|flinch\n|move|p2a: Charizard|Dragon Claw|p1b: Incineroar\n|-damage|p1b: Incineroar|77/100\n|move|p1b: Incineroar|Parting Shot|p2b: Sneasler\n|-unboost|p2b: Sneasler|atk|1\n|-unboost|p2b: Sneasler|spa|1\n|\n|t:|1776488065\n|switch|p1b: Aerodactyl|Aerodactyl, L50, M, shiny|89/100|[from] Parting Shot\n|-enditem|p2b: Sneasler|White Herb\n|-clearnegativeboost|p2b: Sneasler|[silent]\n|-ability|p1b: Aerodactyl|Unnerve\n|\n|upkeep\n|turn|9\n|inactive|Matt's Totodile has 30 seconds left.\n|\n|t:|1776488090\n|move|p1a: Floette|Protect|p1a: Floette\n|-singleturn|p1a: Floette|Protect\n|move|p2b: Sneasler|Dire Claw|p1a: Floette\n|-activate|p1a: Floette|move: Protect\n|move|p1b: Aerodactyl|Tailwind|p1b: Aerodactyl\n|-sidestart|p1: etoosfrog|move: Tailwind\n|move|p2a: Charizard|Swords Dance|p2a: Charizard\n|-boost|p2a: Charizard|atk|2\n|\n|upkeep\n|turn|10\n|inactive|Matt's Totodile has 30 seconds left.\n|\n|t:|1776488118\n|switch|p1a: Incineroar|Incineroar, L50, F, shiny|77/100\n|-ability|p1a: Incineroar|Intimidate|boost\n|-unboost|p2a: Charizard|atk|1\n|-unboost|p2b: Sneasler|atk|1\n|switch|p2a: Sinistcha|Sinistcha, L50|100/100\n|move|p2b: Sneasler|Protect|p2b: Sneasler\n|-singleturn|p2b: Sneasler|Protect\n|move|p1b: Aerodactyl|Dual Wingbeat|p2b: Sneasler\n|-activate|p2b: Sneasler|move: Protect\n|\n|upkeep\n|turn|11\n|inactive|etoosfrog has 30 seconds left.\n|inactive|Matt's Totodile has 30 seconds left.\n|\n|t:|1776488148\n|move|p1b: Aerodactyl|Dual Wingbeat|p2b: Sneasler\n|-supereffective|p2b: Sneasler|1\n|-damage|p2b: Sneasler|43/100\n|-supereffective|p2b: Sneasler|1\n|-crit|p2b: Sneasler\n|-damage|p2b: Sneasler|0 fnt\n|faint|p2b: Sneasler\n|-hitcount|p2: Sneasler|2\n|move|p1a: Incineroar|Parting Shot|p2a: Sinistcha\n|-unboost|p2a: Sinistcha|atk|1\n|-unboost|p2a: Sinistcha|spa|1\n|\n|t:|1776488160\n|switch|p1a: Floette|Floette-Mega, L50, F, shiny|86/100|[from] Parting Shot\n|-ability|p1a: Floette|Fairy Aura\n|move|p2a: Sinistcha|Life Dew||[still]\n|-fail|p2a: Sinistcha|heal\n|\n|upkeep\n|\n|t:|1776488166\n|switch|p2b: Charizard|Charizard-Mega-X, L50, M|65/100\n|turn|12\n|inactive|Matt's Totodile has 30 seconds left.\n|\n|t:|1776488195\n|move|p2a: Sinistcha|Rage Powder|p2a: Sinistcha\n|-singleturn|p2a: Sinistcha|move: Rage Powder\n|move|p1b: Aerodactyl|Rock Slide|p2a: Sinistcha|[spread] p2a,p2b\n|-supereffective|p2b: Charizard|1\n|-damage|p2a: Sinistcha|76/100\n|-damage|p2b: Charizard|22/100\n|move|p1a: Floette|Dazzling Gleam|p2b: Charizard|[spread] p2a,p2b\n|-crit|p2b: Charizard\n|-damage|p2a: Sinistcha|34/100\n|-damage|p2b: Charizard|0 fnt\n|faint|p2b: Charizard\n|\n|-sideend|p1: etoosfrog|move: Tailwind\n|upkeep\n|turn|13\n|c|\u2606Matt's Totodile|Ggs\n|\n|t:|1776488218\n|move|p1b: Aerodactyl|Dual Wingbeat|p2a: Sinistcha\n|-supereffective|p2a: Sinistcha|1\n|-damage|p2a: Sinistcha|4/100\n|-supereffective|p2a: Sinistcha|1\n|-damage|p2a: Sinistcha|0 fnt\n|faint|p2a: Sinistcha\n|-hitcount|p2: Sinistcha|2\n|\n|win|etoosfrog\n|raw|etoosfrog's rating: 1154 &rarr; <strong>1176</strong><br />(+22 for winning)\n|raw|Matt&apos;s Totodile's rating: 1117 &rarr; <strong>1095</strong><br />(-22 for losing)\n",
  "uploadtime": 1776488226,
  "views": 44,
  "formatid": "gen9championsvgc2026regma",
  "rating": 1095,
  "private": 0,
  "password": null
}