{
  "id": "gen9championsvgc2026regma-2587880459",
  "format": "[Gen 9 Champions] VGC 2026 Reg M-A",
  "players": [
    "bentoboxkiller",
    "jaesun0810"
  ],
  "log": "|j|\u2606bentoboxkiller\n|j|\u2606jaesun0810\n|t:|1776573976\n|gametype|doubles\n|player|p1|bentoboxkiller|2|1467\n|player|p2|jaesun0810|102|1517\n|gen|9\n|tier|[Gen 9 Champions] VGC 2026 Reg M-A\n|rated|\n|rule|Species Clause: Limit one of each Pok\u00e9mon\n|rule|Item Clause: Limit 1 of each item\n|clearpoke\n|poke|p1|Scizor, L50, M|\n|poke|p1|Rotom-Wash, L50|\n|poke|p1|Scovillain, L50, F|\n|poke|p1|Vanilluxe, L50, F|\n|poke|p1|Dragapult, L50, F|\n|poke|p1|Glimmora, L50, M|\n|poke|p2|Basculegion, L50, M|\n|poke|p2|Sableye, L50, F|\n|poke|p2|Archaludon, L50, F|\n|poke|p2|Meganium, L50, M|\n|poke|p2|Pelipper, L50, F|\n|poke|p2|Garchomp, L50, F|\n|teampreview|4\n|inactive|Battle timer is ON: inactive players will automatically lose when time's up. (requested by bentoboxkiller)\n|inactive|bentoboxkiller has 60 seconds left.\n|\n|t:|1776574018\n|teamsize|p1|4\n|teamsize|p2|4\n|start\n|switch|p1a: Dragapult|Dragapult, L50, F|100/100\n|switch|p1b: Rotom|Rotom-Wash, L50|100/100\n|switch|p2a: Pelipper|Pelipper, L50, F|100/100\n|switch|p2b: Archaludon|Archaludon, L50, F|100/100\n|-weather|RainDance|[from] ability: Drizzle|[of] p2a: Pelipper\n|turn|1\n|\n|t:|1776574033\n|move|p1a: Dragapult|Dragon Darts|p2a: Pelipper\n|-damage|p2a: Pelipper|68/100\n|-anim|p1a: Dragapult|Dragon Darts|p2b: Archaludon\n|-damage|p2b: Archaludon|80/100\n|-ability|p2b: Archaludon|Stamina|boost\n|-boost|p2b: Archaludon|def|1\n|move|p2a: Pelipper|Tailwind|p2a: Pelipper\n|-sidestart|p2: jaesun0810|move: Tailwind\n|move|p2b: Archaludon|Electro Shot||[still]\n|-prepare|p2b: Archaludon|Electro Shot\n|-boost|p2b: Archaludon|spa|1\n|-anim|p2b: Archaludon|Electro Shot|p1b: Rotom\n|-damage|p1b: Rotom|34/100\n|-enditem|p1b: Rotom|Sitrus Berry|[eat]\n|-heal|p1b: Rotom|59/100|[from] item: Sitrus Berry\n|move|p1b: Rotom|Volt Switch|p2a: Pelipper\n|-supereffective|p2a: Pelipper|2\n|-damage|p2a: Pelipper|0 fnt\n|faint|p2a: Pelipper\n|\n|t:|1776574044\n|switch|p1b: Vanilluxe|Vanilluxe, L50, F|100/100|[from] Volt Switch\n|-weather|Snowscape|[from] ability: Snow Warning|[of] p1b: Vanilluxe\n|\n|-weather|Snowscape|[upkeep]\n|-heal|p2b: Archaludon|86/100|[from] item: Leftovers\n|upkeep\n|\n|t:|1776574050\n|switch|p2a: Meganium|Meganium, L50, M|100/100\n|turn|2\n|\n|t:|1776574070\n|detailschange|p2a: Meganium|Meganium-Mega, L50, M\n|-mega|p2a: Meganium|Meganium|Meganiumite\n|move|p1a: Dragapult|Protect|p1a: Dragapult\n|-singleturn|p1a: Dragapult|Protect\n|move|p2a: Meganium|Dazzling Gleam|p1b: Vanilluxe|[spread] p1b\n|-activate|p1a: Dragapult|move: Protect\n|-damage|p1b: Vanilluxe|60/100\n|move|p1b: Vanilluxe|Blizzard|p2b: Archaludon|[spread] p2a,p2b\n|-supereffective|p2a: Meganium|1\n|-damage|p2a: Meganium|25/100\n|-damage|p2b: Archaludon|55/100\n|-ability|p2b: Archaludon|Stamina|boost\n|-boost|p2b: Archaludon|def|1\n|move|p2b: Archaludon|Flash Cannon|p1b: Vanilluxe\n|-supereffective|p1b: Vanilluxe|1\n|-damage|p1b: Vanilluxe|0 fnt\n|faint|p1b: Vanilluxe\n|\n|-weather|Snowscape|[upkeep]\n|-heal|p2b: Archaludon|61/100|[from] item: Leftovers\n|upkeep\n|\n|t:|1776574073\n|switch|p1b: Scizor|Scizor, L50, M|100/100\n|turn|3\n|\n|t:|1776574093\n|switch|p2a: Basculegion|Basculegion, L50, M|100/100\n|detailschange|p1b: Scizor|Scizor-Mega, L50, M\n|-mega|p1b: Scizor|Scizor|Scizorite\n|move|p1b: Scizor|Protect|p1b: Scizor\n|-singleturn|p1b: Scizor|Protect\n|move|p1a: Dragapult|Will-O-Wisp|p2b: Archaludon\n|-status|p2b: Archaludon|brn\n|move|p2b: Archaludon|Breaking Swipe|p1b: Scizor|[spread] p1a\n|-activate|p1b: Scizor|move: Protect\n|-supereffective|p1a: Dragapult|1\n|-damage|p1a: Dragapult|78/100\n|\n|-weather|Snowscape|[upkeep]\n|-heal|p2b: Archaludon|68/100 brn|[from] item: Leftovers\n|-damage|p2b: Archaludon|61/100 brn|[from] brn\n|upkeep\n|turn|4\n|\n|t:|1776574112\n|move|p2a: Basculegion|Last Respects|p1a: Dragapult\n|-supereffective|p1a: Dragapult|1\n|-crit|p1a: Dragapult\n|-enditem|p1a: Dragapult|Kasib Berry|[eat]\n|-enditem|p1a: Dragapult|Kasib Berry|[weaken]\n|-damage|p1a: Dragapult|0 fnt\n|faint|p1a: Dragapult\n|move|p2b: Archaludon|Breaking Swipe|p1b: Scizor\n|-resisted|p1b: Scizor|1\n|-damage|p1b: Scizor|97/100\n|-unboost|p1b: Scizor|atk|1\n|move|p1b: Scizor|Swords Dance|p1b: Scizor\n|-boost|p1b: Scizor|atk|2\n|\n|-weather|Snowscape|[upkeep]\n|-heal|p2b: Archaludon|68/100 brn|[from] item: Leftovers\n|-damage|p2b: Archaludon|61/100 brn|[from] brn\n|-sideend|p2: jaesun0810|move: Tailwind\n|upkeep\n|\n|t:|1776574117\n|switch|p1a: Rotom|Rotom-Wash, L50|59/100\n|turn|5\n|\n|t:|1776574137\n|move|p1a: Rotom|Protect|p1a: Rotom\n|-singleturn|p1a: Rotom|Protect\n|move|p2a: Basculegion|Last Respects|p1a: Rotom\n|-activate|p1a: Rotom|move: Protect\n|move|p2b: Archaludon|Flash Cannon|p1a: Rotom\n|-activate|p1a: Rotom|move: Protect\n|move|p1b: Scizor|Swords Dance|p1b: Scizor\n|-boost|p1b: Scizor|atk|2\n|\n|-weather|none\n|-heal|p2b: Archaludon|68/100 brn|[from] item: Leftovers\n|-damage|p2b: Archaludon|61/100 brn|[from] brn\n|upkeep\n|turn|6\n|inactive|bentoboxkiller has 30 seconds left.\n|\n|t:|1776574163\n|move|p2a: Basculegion|Last Respects|p1a: Rotom\n|-damage|p1a: Rotom|0 fnt\n|faint|p1a: Rotom\n|move|p2b: Archaludon|Flash Cannon|p1b: Scizor\n|-resisted|p1b: Scizor|1\n|-damage|p1b: Scizor|71/100\n|move|p1b: Scizor|Bug Bite|p2b: Archaludon\n|-resisted|p2b: Archaludon|1\n|-damage|p2b: Archaludon|35/100 brn\n|-ability|p2b: Archaludon|Stamina|boost\n|-boost|p2b: Archaludon|def|1\n|\n|-heal|p2b: Archaludon|41/100 brn|[from] item: Leftovers\n|-damage|p2b: Archaludon|35/100 brn|[from] brn\n|upkeep\n|turn|7\n|inactive|bentoboxkiller has 30 seconds left.\n|\n|t:|1776574192\n|move|p2a: Basculegion|Last Respects|p1b: Scizor\n|-damage|p1b: Scizor|34/100\n|move|p2b: Archaludon|Breaking Swipe|p1b: Scizor\n|-resisted|p1b: Scizor|1\n|-damage|p1b: Scizor|30/100\n|-unboost|p1b: Scizor|atk|1\n|move|p1b: Scizor|Bug Bite|p2a: Basculegion\n|-resisted|p2a: Basculegion|1\n|-damage|p2a: Basculegion|25/100\n|\n|-heal|p2b: Archaludon|41/100 brn|[from] item: Leftovers\n|-damage|p2b: Archaludon|35/100 brn|[from] brn\n|upkeep\n|turn|8\n|\n|t:|1776574200\n|move|p1b: Scizor|Protect|p1b: Scizor\n|-singleturn|p1b: Scizor|Protect\n|move|p2a: Basculegion|Aqua Jet|p1b: Scizor\n|-activate|p1b: Scizor|move: Protect\n|move|p2b: Archaludon|Breaking Swipe|p1b: Scizor\n|-activate|p1b: Scizor|move: Protect\n|\n|-heal|p2b: Archaludon|41/100 brn|[from] item: Leftovers\n|-damage|p2b: Archaludon|35/100 brn|[from] brn\n|upkeep\n|turn|9\n|\n|t:|1776574211\n|move|p2a: Basculegion|Aqua Jet|p1b: Scizor\n|-damage|p1b: Scizor|10/100\n|move|p1b: Scizor|Bullet Punch|p2a: Basculegion\n|-resisted|p2a: Basculegion|1\n|-damage|p2a: Basculegion|0 fnt\n|faint|p2a: Basculegion\n|move|p2b: Archaludon|Breaking Swipe|p1b: Scizor\n|-resisted|p1b: Scizor|1\n|-damage|p1b: Scizor|7/100\n|-unboost|p1b: Scizor|atk|1\n|\n|-heal|p2b: Archaludon|41/100 brn|[from] item: Leftovers\n|-damage|p2b: Archaludon|35/100 brn|[from] brn\n|upkeep\n|\n|t:|1776574213\n|switch|p2a: Meganium|Meganium-Mega, L50, M|25/100\n|turn|10\n|\n|t:|1776574218\n|move|p1b: Scizor|Protect|p1b: Scizor\n|-singleturn|p1b: Scizor|Protect\n|move|p2a: Meganium|Weather Ball|p1b: Scizor\n|-activate|p1b: Scizor|move: Protect\n|move|p2b: Archaludon|Flash Cannon|p1b: Scizor\n|-activate|p1b: Scizor|move: Protect\n|\n|-heal|p2b: Archaludon|41/100 brn|[from] item: Leftovers\n|-damage|p2b: Archaludon|35/100 brn|[from] brn\n|upkeep\n|turn|11\n|\n|t:|1776574226\n|move|p1b: Scizor|Bullet Punch|p2a: Meganium\n|-supereffective|p2a: Meganium|1\n|-damage|p2a: Meganium|0 fnt\n|faint|p2a: Meganium\n|move|p2b: Archaludon|Flash Cannon|p1b: Scizor\n|-resisted|p1b: Scizor|1\n|-damage|p1b: Scizor|0 fnt\n|faint|p1b: Scizor\n|\n|win|jaesun0810\n|raw|bentoboxkiller's rating: 1467 &rarr; <strong>1450</strong><br />(-17 for losing)\n|raw|jaesun0810's rating: 1517 &rarr; <strong>1534</strong><br />(+17 for winning)\n|l|\u2606bentoboxkiller\n|player|p1|\n|l|\u2606jaesun0810\n|player|p2|\n",
  "uploadtime": 1776574237,
  "views": 16,
  "formatid": "gen9championsvgc2026regma",
  "rating": 1450,
  "private": 0,
  "password": null
}