{
  "id": "gen9championsvgc2026regma-2581964094",
  "format": "[Gen 9 Champions] VGC 2026 Reg M-A",
  "players": [
    "TheRealBanette\u00a9\u00ae",
    "enitoni"
  ],
  "log": "|j|\u2606TheRealBanette\u00a9\u00ae\n|j|\u2606enitoni\n|t:|1776043791\n|gametype|doubles\n|player|p1|TheRealBanette\u00a9\u00ae|colress|1039\n|player|p2|enitoni|102|1034\n|gen|9\n|tier|[Gen 9 Champions] VGC 2026 Reg M-A\n|rated|\n|rule|Species Clause: Limit one of each Pok\u00e9mon\n|rule|Item Clause: Limit 1 of each item\n|clearpoke\n|poke|p1|Lopunny, L50, F|\n|poke|p1|Charizard, L50, M|\n|poke|p1|Froslass, L50, F|\n|poke|p1|Ditto, L50|\n|poke|p1|Whimsicott, L50, F|\n|poke|p1|Zoroark-Hisui, L50, M|\n|poke|p2|Greninja-*, L50, M|\n|poke|p2|Gardevoir, L50, M|\n|poke|p2|Sinistcha, L50|\n|poke|p2|Umbreon, L50, F|\n|poke|p2|Glimmora, L50, F|\n|poke|p2|Kingambit, L50, M|\n|teampreview|4\n|\n|t:|1776043829\n|teamsize|p1|4\n|teamsize|p2|4\n|start\n|switch|p1a: Loppy|Lopunny, L50, F|100/100\n|switch|p1b: Lass|Froslass, L50, F|100/100\n|switch|p2a: Greninja|Greninja, L50, M|100/100\n|switch|p2b: Umbreon|Umbreon, L50, F|100/100\n|turn|1\n|\n|t:|1776043854\n|detailschange|p2a: Greninja|Greninja-Mega, L50, M\n|-mega|p2a: Greninja|Greninja|Greninjite\n|detailschange|p1b: Lass|Froslass-Mega, L50, F\n|-mega|p1b: Lass|Froslass|Froslassite\n|-weather|Snowscape|[from] ability: Snow Warning|[of] p1b: Lass\n|move|p2b: Umbreon|Helping Hand|p2a: Greninja\n|-singleturn|p2a: Greninja|Helping Hand|[of] p2b: Umbreon\n|move|p1a: Loppy|Fake Out|p2a: Greninja\n|-damage|p2a: Greninja|76/100\n|cant|p2a: Greninja|flinch\n|move|p1b: Lass|Blizzard|p2b: Umbreon|[spread] p2a,p2b\n|-resisted|p2a: Greninja|1\n|-damage|p2a: Greninja|44/100\n|-damage|p2b: Umbreon|67/100\n|-status|p2b: Umbreon|frz\n|\n|-weather|Snowscape|[upkeep]\n|-heal|p2b: Umbreon|73/100 frz|[from] item: Leftovers\n|upkeep\n|turn|2\n|\n|t:|1776043886\n|cant|p2b: Umbreon|frz\n|move|p1b: Lass|Protect|p1b: Lass\n|-singleturn|p1b: Lass|Protect\n|move|p2a: Greninja|Rock Slide|p1b: Lass|[spread] p1a\n|-start|p2a: Greninja|typechange|Rock|[from] ability: Protean\n|-activate|p1b: Lass|move: Protect\n|-damage|p1a: Loppy|55/100\n|cant|p1a: Loppy|flinch\n|\n|-weather|Snowscape|[upkeep]\n|-heal|p2b: Umbreon|79/100 frz|[from] item: Leftovers\n|upkeep\n|turn|3\n|\n|t:|1776043921\n|switch|p1b: Whimsy|Whimsicott, L50, F, shiny|100/100\n|cant|p2b: Umbreon|frz\n|move|p2a: Greninja|Rock Slide|p1b: Whimsy|[spread] p1a,p1b\n|-damage|p1a: Loppy|13/100\n|-damage|p1b: Whimsy|56/100\n|move|p1a: Loppy|Close Combat|p2a: Greninja\n|-supereffective|p2a: Greninja|1\n|-damage|p2a: Greninja|0 fnt\n|-unboost|p1a: Loppy|def|1\n|-unboost|p1a: Loppy|spd|1\n|faint|p2a: Greninja\n|\n|-weather|Snowscape|[upkeep]\n|-heal|p2b: Umbreon|84/100 frz|[from] item: Leftovers\n|upkeep\n|\n|t:|1776043939\n|switch|p2a: Kingambit|Kingambit, L50, M|100/100\n|turn|4\n|\n|t:|1776043974\n|move|p2a: Kingambit|Protect|p2a: Kingambit\n|-singleturn|p2a: Kingambit|Protect\n|move|p1b: Whimsy|Tailwind|p1b: Whimsy\n|-sidestart|p1: TheRealBanette\u00a9\u00ae|move: Tailwind\n|move|p1a: Loppy|Encore|p2b: Umbreon\n|-start|p2b: Umbreon|Encore\n|-curestatus|p2b: Umbreon|frz|[msg]\n|move|p2b: Umbreon|Helping Hand||[still]\n|-fail|p2b: Umbreon\n|\n|-weather|Snowscape|[upkeep]\n|-heal|p2b: Umbreon|90/100|[from] item: Leftovers\n|upkeep\n|turn|5\n|\n|t:|1776043989\n|switch|p2b: Sinistcha|Sinistcha, L50|100/100\n|move|p1b: Whimsy|Encore|p2a: Kingambit\n|-hint|Since gen 7, Dark is immune to Prankster moves.\n|-immune|p2a: Kingambit\n|move|p1a: Loppy|Close Combat|p2a: Kingambit\n|-supereffective|p2a: Kingambit|2\n|-enditem|p2a: Kingambit|Chople Berry|[eat]\n|-enditem|p2a: Kingambit|Chople Berry|[weaken]\n|-damage|p2a: Kingambit|55/100\n|-unboost|p1a: Loppy|def|1\n|-unboost|p1a: Loppy|spd|1\n|move|p2a: Kingambit|Iron Head|p1b: Whimsy\n|-supereffective|p1b: Whimsy|1\n|-damage|p1b: Whimsy|0 fnt\n|faint|p1b: Whimsy\n|\n|-weather|none\n|upkeep\n|\n|t:|1776044014\n|switch|p1b: Itto|Ditto, L50, shiny|100/100\n|-transform|p1b: Itto|p2a: Kingambit|[from] ability: Imposter\n|turn|6\n|\n|t:|1776044041\n|move|p2b: Sinistcha|Rage Powder|p2b: Sinistcha\n|-singleturn|p2b: Sinistcha|move: Rage Powder\n|move|p1a: Loppy|Close Combat|p2b: Sinistcha\n|-immune|p2b: Sinistcha\n|move|p1b: Itto|Kowtow Cleave|p2b: Sinistcha\n|-supereffective|p2b: Sinistcha|1\n|-damage|p2b: Sinistcha|30/100\n|-enditem|p2b: Sinistcha|Sitrus Berry|[eat]\n|-heal|p2b: Sinistcha|54/100|[from] item: Sitrus Berry\n|move|p2a: Kingambit|Iron Head|p1b: Itto\n|-resisted|p1b: Itto|1\n|-damage|p1b: Itto|77/100\n|\n|upkeep\n|turn|7\n|\n|t:|1776044064\n|move|p2a: Kingambit|Sucker Punch||[still]\n|-fail|p2a: Kingambit\n|move|p1a: Loppy|Encore|p2b: Sinistcha\n|-start|p2b: Sinistcha|Encore\n|move|p2b: Sinistcha|Rage Powder|p2b: Sinistcha\n|-singleturn|p2b: Sinistcha|move: Rage Powder\n|move|p1b: Itto|Kowtow Cleave|p2b: Sinistcha\n|-supereffective|p2b: Sinistcha|1\n|-damage|p2b: Sinistcha|0 fnt\n|faint|p2b: Sinistcha\n|\n|-sideend|p1: TheRealBanette\u00a9\u00ae|move: Tailwind\n|upkeep\n|\n|t:|1776044073\n|switch|p2b: Umbreon|Umbreon, L50, F|90/100\n|turn|8\n|\n|t:|1776044087\n|move|p2a: Kingambit|Protect|p2a: Kingambit\n|-singleturn|p2a: Kingambit|Protect\n|move|p1a: Loppy|Encore|p2a: Kingambit\n|-activate|p2a: Kingambit|move: Protect\n|move|p2b: Umbreon|Snarl|p1a: Loppy|[spread] p1a,p1b\n|-resisted|p1b: Itto|1\n|-damage|p1a: Loppy|0 fnt\n|-damage|p1b: Itto|70/100\n|-unboost|p1b: Itto|spa|1\n|-ability|p1b: Itto|Defiant|boost\n|-boost|p1b: Itto|atk|2\n|faint|p1a: Loppy\n|move|p1b: Itto|Kowtow Cleave|p2b: Umbreon\n|-resisted|p2b: Umbreon|1\n|-damage|p2b: Umbreon|58/100\n|\n|-heal|p2b: Umbreon|64/100|[from] item: Leftovers\n|upkeep\n|\n|t:|1776044105\n|switch|p1a: Lass|Froslass-Mega, L50, F|100/100\n|-weather|Snowscape|[from] ability: Snow Warning|[of] p1a: Lass\n|turn|9\n|\n|t:|1776044127\n|move|p1a: Lass|Blizzard|p2a: Kingambit|[spread] p2a,p2b\n|-resisted|p2a: Kingambit|1\n|-damage|p2a: Kingambit|31/100\n|-damage|p2b: Umbreon|35/100\n|move|p2b: Umbreon|Foul Play|p1b: Itto\n|-resisted|p1b: Itto|1\n|-damage|p1b: Itto|13/100\n|move|p1b: Itto|Iron Head|p2b: Umbreon\n|-damage|p2b: Umbreon|0 fnt\n|faint|p2b: Umbreon\n|move|p2a: Kingambit|Kowtow Cleave|p1b: Itto\n|-resisted|p1b: Itto|1\n|-damage|p1b: Itto|0 fnt\n|faint|p1b: Itto\n|\n|-weather|Snowscape|[upkeep]\n|upkeep\n|turn|10\n|\n|t:|1776044156\n|move|p1a: Lass|Protect|p1a: Lass\n|-singleturn|p1a: Lass|Protect\n|move|p2a: Kingambit|Sucker Punch||[still]\n|-fail|p2a: Kingambit\n|\n|-weather|Snowscape|[upkeep]\n|upkeep\n|turn|11\n|\n|t:|1776044166\n|move|p1a: Lass|Protect|p1a: Lass\n|-singleturn|p1a: Lass|Protect\n|move|p2a: Kingambit|Sucker Punch||[still]\n|-fail|p2a: Kingambit\n|\n|-weather|Snowscape|[upkeep]\n|upkeep\n|turn|12\n|\n|t:|1776044179\n|move|p2a: Kingambit|Sucker Punch|p1a: Lass\n|-supereffective|p1a: Lass|1\n|-damage|p1a: Lass|18/100\n|move|p1a: Lass|Blizzard|p2a: Kingambit\n|-resisted|p2a: Kingambit|1\n|-damage|p2a: Kingambit|0 fnt\n|faint|p2a: Kingambit\n|\n|win|TheRealBanette\u00a9\u00ae\n|raw|TheRealBanette\u00a9\u00ae's rating: 1039 &rarr; <strong>1073</strong><br />(+34 for winning)\n|raw|enitoni's rating: 1034 &rarr; <strong>1019</strong><br />(-15 for losing)\n|l|\u2606enitoni\n|player|p2|\n|c|\u2606TheRealBanette\u00a9\u00ae|gg\n",
  "uploadtime": 1776044193,
  "views": 29,
  "formatid": "gen9championsvgc2026regma",
  "rating": 1019,
  "private": 0,
  "password": null
}