{
  "id": "gen9championsvgc2026regma-2580729548",
  "format": "[Gen 9 Champions] VGC 2026 Reg M-A",
  "players": [
    "AlephSubZero",
    "Byakugan54321"
  ],
  "log": "|j|\u2606AlephSubZero\n|j|\u203dByakugan54321\n|t:|1775927740\n|gametype|doubles\n|player|p1|AlephSubZero|psychic-gen4|1137\n|player|p2|Byakugan54321|101|1060\n|gen|9\n|tier|[Gen 9 Champions] VGC 2026 Reg M-A\n|rated|\n|rule|Species Clause: Limit one of each Pok\u00e9mon\n|rule|Item Clause: Limit 1 of each item\n|clearpoke\n|poke|p1|Glimmora, L50, F|\n|poke|p1|Incineroar, L50, F|\n|poke|p1|Clefable, L50, M|\n|poke|p1|Garchomp, L50, F|\n|poke|p1|Rotom-Wash, L50|\n|poke|p1|Aegislash, L50, M|\n|poke|p2|Incineroar, L50, M|\n|poke|p2|Vivillon-Icy Snow, L50, F|\n|poke|p2|Garchomp, L50, F|\n|poke|p2|Sneasler, L50, F|\n|poke|p2|Charizard, L50, M|\n|poke|p2|Sinistcha, L50|\n|teampreview|4\nAlephSubZero rejected open team sheets.\n|inactive|Battle timer is ON: inactive players will automatically lose when time's up. (requested by Byakugan54321)\n|\n|t:|1775927789\n|teamsize|p1|4\n|teamsize|p2|4\n|start\n|switch|p1a: Incineroar|Incineroar, L50, F|100/100\n|switch|p1b: Glimmora|Glimmora, L50, F|100/100\n|switch|p2a: Incineroar|Incineroar, L50, M|100/100\n|switch|p2b: Garchomp|Garchomp, L50, F|100/100\n|-ability|p1a: Incineroar|Intimidate|boost\n|-unboost|p2a: Incineroar|atk|1\n|-unboost|p2b: Garchomp|atk|1\n|-ability|p2a: Incineroar|Intimidate|boost\n|-unboost|p1a: Incineroar|atk|1\n|-unboost|p1b: Glimmora|atk|1\n|turn|1\n|\n|t:|1775927811\n|switch|p1a: Rotom|Rotom-Wash, L50|100/100\n|detailschange|p1b: Glimmora|Glimmora-Mega, L50, F\n|-mega|p1b: Glimmora|Glimmora|Glimmoranite\n|move|p1b: Glimmora|Spiky Shield|p1b: Glimmora\n|-singleturn|p1b: Glimmora|move: Protect\n|move|p2a: Incineroar|Fake Out|p1a: Rotom\n|-damage|p1a: Rotom|90/100\n|move|p2b: Garchomp|Earthquake|p1a: Rotom|[spread] p2a\n|-activate|p1b: Glimmora|move: Protect\n|-immune|p1a: Rotom|[from] ability: Levitate\n|-supereffective|p2a: Incineroar|1\n|-crit|p2a: Incineroar\n|-damage|p2a: Incineroar|0 fnt\n|faint|p2a: Incineroar\n|\n|-heal|p1a: Rotom|95/100|[from] item: Leftovers\n|upkeep\n|\n|t:|1775927834\n|switch|p2a: Sinistcha|Sinistcha, L50|100/100\n|turn|2\n|\n|t:|1775927844\n|switch|p1b: Incineroar|Incineroar, L50, F|100/100\n|-ability|p1b: Incineroar|Intimidate|boost\n|-unboost|p2a: Sinistcha|atk|1\n|-unboost|p2b: Garchomp|atk|1\n|move|p2b: Garchomp|Earthquake|p1a: Rotom|[spread] p2a,p1b\n|-immune|p1a: Rotom|[from] ability: Levitate\n|-resisted|p2a: Sinistcha|1\n|-supereffective|p1b: Incineroar|1\n|-damage|p2a: Sinistcha|93/100\n|-damage|p1b: Incineroar|65/100\n|move|p1a: Rotom|Will-O-Wisp|p2b: Garchomp\n|-status|p2b: Garchomp|brn\n|move|p2a: Sinistcha|Matcha Gotcha|p1a: Rotom|[spread] p1a,p1b\n|-supereffective|p1a: Rotom|1\n|-resisted|p1b: Incineroar|1\n|-damage|p1a: Rotom|46/100\n|-heal|p2a: Sinistcha|100/100|[from] drain|[of] p1a: Rotom\n|-damage|p1b: Incineroar|54/100\n|\n|-heal|p1a: Rotom|51/100|[from] item: Leftovers\n|-damage|p2b: Garchomp|94/100 brn|[from] brn\n|upkeep\n|turn|3\n|\n|t:|1775927868\n|move|p2b: Garchomp|Earthquake|p1b: Incineroar|[spread] p2a,p1b\n|-immune|p1a: Rotom|[from] ability: Levitate\n|-resisted|p2a: Sinistcha|1\n|-supereffective|p1b: Incineroar|1\n|-damage|p2a: Sinistcha|97/100\n|-damage|p1b: Incineroar|37/100\n|-enditem|p1b: Incineroar|Sitrus Berry|[eat]\n|-heal|p1b: Incineroar|62/100|[from] item: Sitrus Berry\n|move|p1a: Rotom|Volt Switch|p2a: Sinistcha\n|-resisted|p2a: Sinistcha|1\n|-damage|p2a: Sinistcha|79/100\n|\n|t:|1775927884\n|switch|p1a: Garchomp|Garchomp, L50, F|100/100|[from] Volt Switch\n|move|p1b: Incineroar|Flare Blitz|p2a: Sinistcha\n|-supereffective|p2a: Sinistcha|1\n|-crit|p2a: Sinistcha\n|-damage|p2a: Sinistcha|0 fnt\n|faint|p2a: Sinistcha\n|-damage|p1b: Incineroar|39/100|[from] Recoil\n|\n|-damage|p2b: Garchomp|88/100 brn|[from] brn\n|upkeep\n|\n|t:|1775927893\n|switch|p2a: Vivillon|Vivillon-Icy Snow, L50, F|100/100\n|turn|4\n|\n|t:|1775927905\n|move|p2b: Garchomp|Earthquake|p1a: Garchomp|[spread] p1a,p1b\n|-immune|p2a: Vivillon\n|-supereffective|p1b: Incineroar|1\n|-crit|p1b: Incineroar\n|-damage|p1a: Garchomp|91/100\n|-damage|p1b: Incineroar|0 fnt\n|faint|p1b: Incineroar\n|move|p1a: Garchomp|Rock Slide|p2b: Garchomp|[spread] p2a,p2b\n|-supereffective|p2a: Vivillon|2\n|-resisted|p2b: Garchomp|1\n|-enditem|p2a: Vivillon|Focus Sash\n|-damage|p2a: Vivillon|1/100\n|-damage|p2b: Garchomp|78/100 brn\n|move|p2a: Vivillon|Sleep Powder|p1a: Garchomp\n|-status|p1a: Garchomp|slp|[from] move: Sleep Powder\n|\n|-damage|p2b: Garchomp|72/100 brn|[from] brn\n|upkeep\n|\n|t:|1775927918\n|switch|p1b: Glimmora|Glimmora-Mega, L50, F|100/100\n|turn|5\n|\n|t:|1775927934\n|switch|p1a: Rotom|Rotom-Wash, L50|51/100\n|move|p2a: Vivillon|Rage Powder|p2a: Vivillon\n|-singleturn|p2a: Vivillon|move: Rage Powder\n|move|p2b: Garchomp|Earthquake|p1b: Glimmora|[spread] p1b\n|-immune|p2a: Vivillon\n|-immune|p1a: Rotom|[from] ability: Levitate\n|-supereffective|p1b: Glimmora|2\n|-damage|p1b: Glimmora|58/100\n|move|p1b: Glimmora|Power Gem|p2a: Vivillon\n|-supereffective|p2a: Vivillon|2\n|-damage|p2a: Vivillon|0 fnt\n|faint|p2a: Vivillon\n|\n|-heal|p1a: Rotom|57/100|[from] item: Leftovers\n|-damage|p2b: Garchomp|66/100 brn|[from] brn\n|upkeep\n|turn|6\n|\n|t:|1775927950\n|move|p2b: Garchomp|Earthquake|p1a: Rotom|[spread] p1b\n|-immune|p1a: Rotom|[from] ability: Levitate\n|-supereffective|p1b: Glimmora|2\n|-damage|p1b: Glimmora|15/100\n|move|p1b: Glimmora|Sludge Bomb|p2b: Garchomp\n|-resisted|p2b: Garchomp|1\n|-crit|p2b: Garchomp\n|-damage|p2b: Garchomp|3/100 brn\n|move|p1a: Rotom|Hydro Pump|p2b: Garchomp|[miss]\n|-miss|p1a: Rotom|p2b: Garchomp\n|\n|-heal|p1a: Rotom|63/100|[from] item: Leftovers\n|-damage|p2b: Garchomp|0 fnt|[from] brn\n|faint|p2b: Garchomp\n|\n|win|AlephSubZero\n|raw|AlephSubZero's rating: 1137 &rarr; <strong>1157</strong><br />(+20 for winning)\n|raw|Byakugan54321's rating: 1060 &rarr; <strong>1045</strong><br />(-15 for losing)\n",
  "uploadtime": 1775927954,
  "views": 13,
  "formatid": "gen9championsvgc2026regma",
  "rating": 1045,
  "private": 0,
  "password": null
}