{
  "id": "gen9championsvgc2026regma-2588079613",
  "format": "[Gen 9 Champions] VGC 2026 Reg M-A",
  "players": [
    "dirknash413",
    "yuriimon"
  ],
  "log": "|j|\u2606dirknash413\n|j|\u2606yuriimon\n|t:|1776601878\n|gametype|doubles\n|player|p1|dirknash413|2|1149\n|player|p2|yuriimon|waitress-gen4|1156\n|gen|9\n|tier|[Gen 9 Champions] VGC 2026 Reg M-A\n|rated|\n|rule|Species Clause: Limit one of each Pok\u00e9mon\n|rule|Item Clause: Limit 1 of each item\n|clearpoke\n|poke|p1|Whimsicott, L50, F|\n|poke|p1|Incineroar, L50, M|\n|poke|p1|Charizard, L50, F|\n|poke|p1|Garchomp, L50, M|\n|poke|p1|Rotom-Wash, L50|\n|poke|p1|Sneasler, L50, F|\n|poke|p2|Glimmora, L50, F|\n|poke|p2|Incineroar, L50, M|\n|poke|p2|Politoed, L50, M|\n|poke|p2|Basculegion, L50, M|\n|poke|p2|Chesnaught, L50, F|\n|poke|p2|Dragapult, L50, F|\n|teampreview|4\n|inactive|Battle timer is ON: inactive players will automatically lose when time's up. (requested by yuriimon)\n|inactive|dirknash413 has 60 seconds left.\n|inactive|yuriimon has 60 seconds left.\n|\n|t:|1776601922\n|teamsize|p1|4\n|teamsize|p2|4\n|start\n|switch|p1a: Rotom|Rotom-Wash, L50|100/100\n|switch|p1b: Incineroar|Incineroar, L50, M|100/100\n|switch|p2a: Glimmora|Glimmora, L50, F|100/100\n|switch|p2b: Dragapult|Dragapult, L50, F|100/100\n|-ability|p1b: Incineroar|Intimidate|boost\n|-unboost|p2a: Glimmora|atk|1\n|-fail|p2b: Dragapult|unboost|[from] ability: Clear Body|[of] p2b: Dragapult\n|turn|1\n|\n|t:|1776601939\n|detailschange|p2a: Glimmora|Glimmora-Mega, L50, F\n|-mega|p2a: Glimmora|Glimmora|Glimmoranite\n|move|p2a: Glimmora|Spiky Shield|p2a: Glimmora\n|-singleturn|p2a: Glimmora|move: Protect\n|move|p2b: Dragapult|Will-O-Wisp|p1a: Rotom|[miss]\n|-miss|p2b: Dragapult|p1a: Rotom\n|move|p1a: Rotom|Volt Switch|p2a: Glimmora\n|-activate|p2a: Glimmora|move: Protect\n|move|p1b: Incineroar|Snarl|p2b: Dragapult|[spread] p2b\n|-activate|p2a: Glimmora|move: Protect\n|-supereffective|p2b: Dragapult|1\n|-damage|p2b: Dragapult|74/100\n|\n|upkeep\n|turn|2\n|\n|t:|1776601962\n|move|p2b: Dragapult|Will-O-Wisp|p1a: Rotom\n|-status|p1a: Rotom|brn\n|move|p2a: Glimmora|Power Gem|p1b: Incineroar\n|-supereffective|p1b: Incineroar|1\n|-damage|p1b: Incineroar|0 fnt\n|faint|p1b: Incineroar\n|move|p1a: Rotom|Volt Switch|p2a: Glimmora\n|-damage|p2a: Glimmora|64/100\n|\n|t:|1776601970\n|switch|p1a: Charizard|Charizard, L50, F|100/100|[from] Volt Switch\n|\n|upkeep\n|\n|t:|1776601975\n|switch|p1b: Whimsicott|Whimsicott, L50, F|100/100\n|turn|3\n|\n|t:|1776601993\n|detailschange|p1a: Charizard|Charizard-Mega-Y, L50, F\n|-mega|p1a: Charizard|Charizard|Charizardite Y\n|-weather|SunnyDay|[from] ability: Drought|[of] p1a: Charizard\n|move|p1b: Whimsicott|Tailwind|p1b: Whimsicott\n|-sidestart|p1: dirknash413|move: Tailwind\n|move|p1a: Charizard|Solar Beam||[still]\n|-prepare|p1a: Charizard|Solar Beam\n|-anim|p1a: Charizard|Solar Beam|p2a: Glimmora\n|-damage|p2a: Glimmora|7/100\n|move|p2b: Dragapult|Thunder|p1a: Charizard|[miss]\n|-miss|p2b: Dragapult|p1a: Charizard\n|move|p2a: Glimmora|Sludge Wave|p1a: Charizard|[spread] p2b,p1a,p1b\n|-resisted|p2b: Dragapult|1\n|-supereffective|p1b: Whimsicott|2\n|-crit|p1b: Whimsicott\n|-damage|p2b: Dragapult|32/100\n|-damage|p1a: Charizard|50/100\n|-damage|p1b: Whimsicott|0 fnt\n|faint|p1b: Whimsicott\n|\n|-weather|SunnyDay|[upkeep]\n|upkeep\n|\n|t:|1776602008\n|switch|p1b: Rotom|Rotom-Wash, L50|100/100 brn\n|turn|4\n|\n|t:|1776602019\n|switch|p2a: Politoed|Politoed, L50, M|100/100\n|-weather|RainDance|[from] ability: Drizzle|[of] p2a: Politoed\n|move|p1a: Charizard|Heat Wave|p2a: Politoed|[spread] p2a,p2b\n|-resisted|p2a: Politoed|1\n|-resisted|p2b: Dragapult|1\n|-damage|p2a: Politoed|92/100\n|-damage|p2b: Dragapult|18/100\n|move|p1b: Rotom|Thunderbolt|p2b: Dragapult\n|-resisted|p2b: Dragapult|1\n|-damage|p2b: Dragapult|0 fnt\n|faint|p2b: Dragapult\n|\n|-weather|RainDance|[upkeep]\n|-damage|p1b: Rotom|95/100 brn|[from] brn\n|upkeep\n|\n|t:|1776602030\n|switch|p2b: Basculegion|Basculegion, L50, M|100/100\n|turn|5\n|\n|t:|1776602048\n|switch|p2b: Glimmora|Glimmora-Mega, L50, F|7/100\n|move|p1a: Charizard|Protect|p1a: Charizard\n|-singleturn|p1a: Charizard|Protect\n|move|p2a: Politoed|Protect|p2a: Politoed\n|-singleturn|p2a: Politoed|Protect\n|move|p1b: Rotom|Thunderbolt|p2b: Glimmora\n|-damage|p2b: Glimmora|0 fnt\n|faint|p2b: Glimmora\n|\n|-weather|RainDance|[upkeep]\n|-heal|p1b: Rotom|100/100 brn|[from] item: Leftovers\n|-damage|p1b: Rotom|95/100 brn|[from] brn\n|upkeep\n|\n|t:|1776602057\n|switch|p2b: Basculegion|Basculegion, L50, M|100/100\n|turn|6\n|\n|t:|1776602075\n|move|p2a: Politoed|Helping Hand|p2b: Basculegion\n|-singleturn|p2b: Basculegion|Helping Hand|[of] p2a: Politoed\n|move|p1a: Charizard|Solar Beam||[still]\n|-prepare|p1a: Charizard|Solar Beam\n|move|p2b: Basculegion|Last Respects|p1b: Rotom\n|-damage|p1b: Rotom|0 fnt\n|faint|p1b: Rotom\n|\n|-weather|RainDance|[upkeep]\n|-sideend|p1: dirknash413|move: Tailwind\n|upkeep\n|turn|7\n|-message|dirknash413 forfeited.\n|\n|win|yuriimon\n|raw|dirknash413's rating: 1149 &rarr; <strong>1125</strong><br />(-24 for losing)\n|raw|yuriimon's rating: 1156 &rarr; <strong>1180</strong><br />(+24 for winning)\n|l|\u2606dirknash413\n|player|p1|\n",
  "uploadtime": 1776602089,
  "views": 8,
  "formatid": "gen9championsvgc2026regma",
  "rating": 1125,
  "private": 0,
  "password": null
}