{
  "id": "gen9championsvgc2026regma-2586262944",
  "format": "[Gen 9 Champions] VGC 2026 Reg M-A",
  "players": [
    "Xenochiiii",
    "Morote"
  ],
  "log": "|j|\u2606Xenochiiii\n|j|\u2606Morote\n|t:|1776418832\n|gametype|doubles\n|player|p1|Xenochiiii|1|1187\n|player|p2|Morote|2|1172\n|gen|9\n|tier|[Gen 9 Champions] VGC 2026 Reg M-A\n|rated|\n|rule|Species Clause: Limit one of each Pok\u00e9mon\n|rule|Item Clause: Limit 1 of each item\n|clearpoke\n|poke|p1|Froslass, L50, F|\n|poke|p1|Tsareena, L50, F|\n|poke|p1|Primarina, L50, M|\n|poke|p1|Orthworm, L50, M|\n|poke|p1|Garchomp, L50, F|\n|poke|p1|Incineroar, L50, F|\n|poke|p2|Meganium, L50, F|\n|poke|p2|Aerodactyl, L50, F|\n|poke|p2|Tauros-Paldea-Aqua, L50, M|\n|poke|p2|Archaludon, L50, M|\n|poke|p2|Typhlosion-Hisui, L50, M|\n|poke|p2|Kangaskhan, L50, F|\n|teampreview|4\n|inactive|Battle timer is ON: inactive players will automatically lose when time's up. (requested by Xenochiiii)\n|inactive|Xenochiiii has 60 seconds left.\n|inactive|Morote has 60 seconds left.\n|\n|t:|1776418867\n|teamsize|p1|4\n|teamsize|p2|4\n|start\n|switch|p1a: Tsareena|Tsareena, L50, F|100/100\n|switch|p1b: Incineroar|Incineroar, L50, F|100/100\n|switch|p2a: Aerodactyl|Aerodactyl, L50, F|100/100\n|switch|p2b: Typhlosion|Typhlosion-Hisui, L50, M|100/100\n|-ability|p2a: Aerodactyl|Unnerve\n|-item|p1a: Tsareena|Choice Scarf|[from] ability: Frisk|[of] p2b: Typhlosion\n|-item|p1b: Incineroar|Black Glasses|[from] ability: Frisk|[of] p2b: Typhlosion\n|-ability|p1b: Incineroar|Intimidate|boost\n|-unboost|p2a: Aerodactyl|atk|1\n|-unboost|p2b: Typhlosion|atk|1\n|turn|1\n|inactive|Xenochiiii has 30 seconds left.\n|inactive|Morote has 30 seconds left.\n|\n|t:|1776418895\n|move|p2a: Aerodactyl|Protect|p2a: Aerodactyl\n|-singleturn|p2a: Aerodactyl|Protect\n|move|p2b: Typhlosion|Eruption|p1b: Incineroar|[spread] p1a,p1b\n|-supereffective|p1a: Tsareena|1\n|-resisted|p1b: Incineroar|1\n|-damage|p1a: Tsareena|0 fnt\n|-damage|p1b: Incineroar|75/100\n|faint|p1a: Tsareena\n|move|p1b: Incineroar|Darkest Lariat|p2b: Typhlosion\n|-supereffective|p2b: Typhlosion|1\n|-damage|p2b: Typhlosion|0 fnt\n|faint|p2b: Typhlosion\n|\n|upkeep\n|\n|t:|1776418917\n|switch|p2b: Kangaskhan|Kangaskhan, L50, F|100/100\n|switch|p1a: Froslass|Froslass, L50, F|100/100\n|turn|2\n|\n|t:|1776418931\n|detailschange|p1a: Froslass|Froslass-Mega, L50, F\n|-mega|p1a: Froslass|Froslass|Froslassite\n|-weather|Snowscape|[from] ability: Snow Warning|[of] p1a: Froslass\n|detailschange|p2b: Kangaskhan|Kangaskhan-Mega, L50, F\n|-mega|p2b: Kangaskhan|Kangaskhan|Kangaskhanite\n|move|p2b: Kangaskhan|Sucker Punch|p1a: Froslass\n|-supereffective|p1a: Froslass|1\n|-damage|p1a: Froslass|45/100\n|-supereffective|p1a: Froslass|1\n|-damage|p1a: Froslass|32/100\n|-hitcount|p1a: Froslass|2\n|move|p2a: Aerodactyl|Tailwind|p2a: Aerodactyl\n|-sidestart|p2: Morote|move: Tailwind\n|move|p1a: Froslass|Blizzard|p2b: Kangaskhan|[spread] p2a,p2b\n|-supereffective|p2a: Aerodactyl|1\n|-enditem|p2a: Aerodactyl|Focus Sash\n|-damage|p2a: Aerodactyl|1/100\n|-damage|p2b: Kangaskhan|61/100\n|move|p1b: Incineroar|Parting Shot|p2b: Kangaskhan\n|-unboost|p2b: Kangaskhan|atk|1\n|-unboost|p2b: Kangaskhan|spa|1\n|\n|t:|1776418951\n|switch|p1b: Primarina|Primarina, L50, M|100/100|[from] Parting Shot\n|\n|-weather|Snowscape|[upkeep]\n|upkeep\n|turn|3\n|\n|t:|1776418960\n|switch|p2b: Archaludon|Archaludon, L50, M|100/100\n|move|p2a: Aerodactyl|Rock Slide|p1a: Froslass|[spread] p1a\n|-miss|p2a: Aerodactyl|p1b: Primarina\n|-supereffective|p1a: Froslass|1\n|-damage|p1a: Froslass|0 fnt\n|faint|p1a: Froslass\n|move|p1b: Primarina|Hyper Voice|p2a: Aerodactyl|[spread] p2a,p2b\n|-supereffective|p2a: Aerodactyl|1\n|-resisted|p2b: Archaludon|1\n|-crit|p2b: Archaludon\n|-damage|p2a: Aerodactyl|0 fnt\n|-damage|p2b: Archaludon|61/100\n|faint|p2a: Aerodactyl\n|\n|-weather|Snowscape|[upkeep]\n|-heal|p2b: Archaludon|67/100|[from] item: Leftovers\n|upkeep\n|\n|t:|1776418976\n|switch|p2a: Kangaskhan|Kangaskhan-Mega, L50, F|61/100\n|switch|p1a: Incineroar|Incineroar, L50, F|75/100\n|-ability|p1a: Incineroar|Intimidate|boost\n|-unboost|p2a: Kangaskhan|atk|1\n|-unboost|p2b: Archaludon|atk|1\n|turn|4\n|\n|t:|1776418995\n|move|p2a: Kangaskhan|Fake Out|p1a: Incineroar\n|-damage|p1a: Incineroar|65/100\n|-damage|p1a: Incineroar|63/100\n|-hitcount|p1a: Incineroar|2\n|cant|p1a: Incineroar|flinch\n|move|p2b: Archaludon|Thunderbolt|p1b: Primarina\n|-supereffective|p1b: Primarina|1\n|-damage|p1b: Primarina|44/100\n|move|p1b: Primarina|Moonblast|p2b: Archaludon\n|-damage|p2b: Archaludon|0 fnt\n|faint|p2b: Archaludon\n|\n|-weather|Snowscape|[upkeep]\n|-heal|p1b: Primarina|50/100|[from] item: Leftovers\n|upkeep\n|turn|5\n|\n|t:|1776419019\n|move|p1b: Primarina|Protect|p1b: Primarina\n|-singleturn|p1b: Primarina|Protect\n|move|p2a: Kangaskhan|Double-Edge|p1b: Primarina\n|-activate|p1b: Primarina|move: Protect\n|move|p1a: Incineroar|Parting Shot|p2a: Kangaskhan\n|-unboost|p2a: Kangaskhan|atk|1\n|-unboost|p2a: Kangaskhan|spa|1\n|\n|-weather|Snowscape|[upkeep]\n|-heal|p1b: Primarina|56/100|[from] item: Leftovers\n|-sideend|p2: Morote|move: Tailwind\n|upkeep\n|turn|6\n|-message|Morote forfeited.\n|\n|win|Xenochiiii\n|raw|Xenochiiii's rating: 1187 &rarr; <strong>1211</strong><br />(+24 for winning)\n|raw|Morote's rating: 1172 &rarr; <strong>1148</strong><br />(-24 for losing)\n|l|\u2606Morote\n|player|p2|\n",
  "uploadtime": 1776419074,
  "views": 19,
  "formatid": "gen9championsvgc2026regma",
  "rating": 1148,
  "private": 0,
  "password": null
}