{
  "id": "gen9championsvgc2026regma-2588521111",
  "format": "[Gen 9 Champions] VGC 2026 Reg M-A",
  "players": [
    "Shrim101",
    "CappyCappy"
  ],
  "log": "|j|\u2606Shrim101\n|j|\u2606CappyCappy\n|t:|1776641202\n|gametype|doubles\n|player|p1|Shrim101|n|1229\n|player|p2|CappyCappy|miku-fairy|1238\n|gen|9\n|tier|[Gen 9 Champions] VGC 2026 Reg M-A\n|rated|\n|rule|Species Clause: Limit one of each Pok\u00e9mon\n|rule|Item Clause: Limit 1 of each item\n|clearpoke\n|poke|p1|Ninetales-Alola, L50, F|\n|poke|p1|Dragapult, L50, F|\n|poke|p1|Floette-Eternal, L50, F|\n|poke|p1|Mudsdale, L50, M|\n|poke|p1|Quaquaval, L50, M|\n|poke|p1|Corviknight, L50, M|\n|poke|p2|Aegislash, L50, F|\n|poke|p2|Incineroar, L50, M|\n|poke|p2|Rotom-Wash, L50|\n|poke|p2|Feraligatr, L50, M|\n|poke|p2|Decidueye-Hisui, L50, M|\n|poke|p2|Altaria, L50, M|\n|teampreview|4\n|inactive|Battle timer is ON: inactive players will automatically lose when time's up. (requested by Shrim101)\nCappyCappy rejected open team sheets.\n|inactive|Shrim101 has 60 seconds left.\n|\n|t:|1776641253\n|teamsize|p1|4\n|teamsize|p2|4\n|start\n|switch|p1a: Ninetales|Ninetales-Alola, L50, F|100/100\n|switch|p1b: Corviknight|Corviknight, L50, M|100/100\n|switch|p2a: Feraligatr|Feraligatr, L50, M|100/100\n|switch|p2b: Decidueye|Decidueye-Hisui, L50, M|100/100\n|-weather|Snowscape|[from] ability: Snow Warning|[of] p1a: Ninetales\n|turn|1\n|inactive|CappyCappy has 30 seconds left.\n|inactive|CappyCappy has 20 seconds left.\n|\n|t:|1776641291\n|move|p2a: Feraligatr|Protect|p2a: Feraligatr\n|-singleturn|p2a: Feraligatr|Protect\n|move|p1a: Ninetales|Aurora Veil|p1a: Ninetales\n|-sidestart|p1: Shrim101|move: Aurora Veil\n|move|p1b: Corviknight|Iron Defense|p1b: Corviknight\n|-boost|p1b: Corviknight|def|2\n|move|p2b: Decidueye|Coaching|p2a: Feraligatr\n|-boost|p2a: Feraligatr|atk|1\n|-boost|p2a: Feraligatr|def|1\n|\n|-weather|Snowscape|[upkeep]\n|upkeep\n|turn|2\n|inactive|CappyCappy has 30 seconds left.\n|\n|t:|1776641319\n|detailschange|p2a: Feraligatr|Feraligatr-Mega, L50, M\n|-mega|p2a: Feraligatr|Feraligatr|Feraligite\n|move|p1a: Ninetales|Encore|p2a: Feraligatr\n|-start|p2a: Feraligatr|Encore\n|move|p2a: Feraligatr|Protect|p2a: Feraligatr\n|-singleturn|p2a: Feraligatr|Protect\n|move|p1b: Corviknight|Brave Bird|p2b: Decidueye\n|-supereffective|p2b: Decidueye|2\n|-enditem|p2b: Decidueye|Coba Berry|[eat]\n|-enditem|p2b: Decidueye|Coba Berry|[weaken]\n|-damage|p2b: Decidueye|33/100\n|-damage|p1b: Corviknight|79/100|[from] Recoil\n|move|p2b: Decidueye|Triple Arrows|p1a: Ninetales\n|-damage|p1a: Ninetales|82/100\n|\n|-weather|Snowscape|[upkeep]\n|-heal|p1b: Corviknight|85/100|[from] item: Leftovers\n|upkeep\n|turn|3\n|\n|t:|1776641338\n|move|p2a: Feraligatr|Protect||[still]\n|-fail|p2a: Feraligatr\n|move|p1a: Ninetales|Blizzard|p2b: Decidueye|[spread] p2a,p2b\n|-supereffective|p2b: Decidueye|1\n|-damage|p2a: Feraligatr|77/100\n|-damage|p2b: Decidueye|0 fnt\n|faint|p2b: Decidueye\n|move|p1b: Corviknight|Iron Defense|p1b: Corviknight\n|-boost|p1b: Corviknight|def|2\n|\n|-weather|Snowscape|[upkeep]\n|-heal|p1b: Corviknight|91/100|[from] item: Leftovers\n|upkeep\n|\n|t:|1776641348\n|switch|p2b: Aegislash|Aegislash, L50, F|100/100\n|turn|4\n|\n|t:|1776641361\n|move|p2a: Feraligatr|Protect|p2a: Feraligatr\n|-singleturn|p2a: Feraligatr|Protect\n|move|p1a: Ninetales|Blizzard|p2b: Aegislash|[spread] p2b\n|-activate|p2a: Feraligatr|move: Protect\n|-resisted|p2b: Aegislash|1\n|-damage|p2b: Aegislash|90/100\n|move|p1b: Corviknight|Iron Defense|p1b: Corviknight\n|-boost|p1b: Corviknight|def|2\n|-formechange|p2b: Aegislash|Aegislash-Blade|\n|move|p2b: Aegislash|Iron Head|p1a: Ninetales\n|-supereffective|p1a: Ninetales|2\n|-damage|p1a: Ninetales|0 fnt\n|faint|p1a: Ninetales\n|\n|-weather|Snowscape|[upkeep]\n|-heal|p1b: Corviknight|97/100|[from] item: Leftovers\n|-end|p2a: Feraligatr|Encore\n|upkeep\n|\n|t:|1776641381\n|switch|p1a: Dragapult|Dragapult, L50, F|100/100\n|turn|5\n|\n|t:|1776641395\n|move|p1a: Dragapult|Shadow Ball|p2b: Aegislash\n|-supereffective|p2b: Aegislash|1\n|-damage|p2b: Aegislash|0 fnt\n|faint|p2b: Aegislash\n|move|p2a: Feraligatr|Double-Edge|p1a: Dragapult\n|-supereffective|p1a: Dragapult|1\n|-damage|p1a: Dragapult|0 fnt\n|faint|p1a: Dragapult\n|-damage|p2a: Feraligatr|48/100|[from] Recoil\n|move|p1b: Corviknight|Body Press|p2a: Feraligatr\n|-damage|p2a: Feraligatr|0 fnt\n|faint|p2a: Feraligatr\n|\n|-weather|none\n|-heal|p1b: Corviknight|100/100|[from] item: Leftovers\n|-sideend|p1: Shrim101|move: Aurora Veil\n|upkeep\n|\n|t:|1776641409\n|switch|p1a: Floette|Floette-Eternal, L50, F|100/100\n|switch|p2b: Incineroar|Incineroar, L50, M|100/100\n|-ability|p2b: Incineroar|Intimidate|boost\n|-unboost|p1a: Floette|atk|1\n|-ability|p1b: Corviknight|Mirror Armor\n|-unboost|p2b: Incineroar|atk|1\n|turn|6\n|\n|t:|1776641418\n|detailschange|p1a: Floette|Floette-Mega, L50, F\n|-mega|p1a: Floette|Floette|Floettite\n|-ability|p1a: Floette|Fairy Aura\n|move|p1a: Floette|Moonblast|p2b: Incineroar\n|-damage|p2b: Incineroar|28/100\n|-enditem|p2b: Incineroar|Sitrus Berry|[eat]\n|-heal|p2b: Incineroar|52/100|[from] item: Sitrus Berry\n|move|p1b: Corviknight|Body Press|p2b: Incineroar\n|-supereffective|p2b: Incineroar|1\n|-damage|p2b: Incineroar|0 fnt\n|faint|p2b: Incineroar\n|\n|win|Shrim101\n|raw|Shrim101's rating: 1229 &rarr; <strong>1255</strong><br />(+26 for winning)\n|raw|CappyCappy's rating: 1238 &rarr; <strong>1212</strong><br />(-26 for losing)\n",
  "uploadtime": 1776641418,
  "views": 12,
  "formatid": "gen9championsvgc2026regma",
  "rating": 1212,
  "private": 0,
  "password": null
}