{
  "id": "gen9championsvgc2026regma-2582125955",
  "format": "[Gen 9 Champions] VGC 2026 Reg M-A",
  "players": [
    "nextxenp",
    "jamesey95"
  ],
  "log": "|j|\u2606nextxenp\n|j|\u2606jamesey95\n|t:|1776061295\n|gametype|doubles\n|player|p1|nextxenp|skier|1125\n|player|p2|jamesey95|rancher|1178\n|gen|9\n|tier|[Gen 9 Champions] VGC 2026 Reg M-A\n|rated|\n|rule|Species Clause: Limit one of each Pok\u00e9mon\n|rule|Item Clause: Limit 1 of each item\n|clearpoke\n|poke|p1|Gengar, L50, F|\n|poke|p1|Incineroar, L50, M|\n|poke|p1|Sinistcha, L50|\n|poke|p1|Kingambit, L50, F|\n|poke|p1|Tyranitar, L50, F|\n|poke|p1|Kommo-o, L50, M|\n|poke|p2|Tyranitar, L50, M|\n|poke|p2|Gardevoir, L50, F|\n|poke|p2|Gyarados, L50, F|\n|poke|p2|Excadrill, L50, F|\n|poke|p2|Sinistcha, L50|\n|poke|p2|Rotom-Heat, L50|\n|teampreview|4\n|\n|t:|1776061322\n|teamsize|p1|4\n|teamsize|p2|4\n|start\n|switch|p1a: Incineroar|Incineroar, L50, M|100/100\n|switch|p1b: Sinistcha|Sinistcha, L50|100/100\n|switch|p2a: Sinistcha|Sinistcha, L50|100/100\n|switch|p2b: Tyranitar|Tyranitar, L50, M|100/100\n|-weather|Sandstorm|[from] ability: Sand Stream|[of] p2b: Tyranitar\n|-ability|p1a: Incineroar|Intimidate|boost\n|-unboost|p2a: Sinistcha|atk|1\n|-unboost|p2b: Tyranitar|atk|1\n|turn|1\n|\n|t:|1776061341\n|detailschange|p2b: Tyranitar|Tyranitar-Mega, L50, M\n|-mega|p2b: Tyranitar|Tyranitar|Tyranitarite\n|move|p1a: Incineroar|Fake Out|p2b: Tyranitar\n|-resisted|p2b: Tyranitar|1\n|-damage|p2b: Tyranitar|97/100\n|move|p2a: Sinistcha|Rage Powder|p2a: Sinistcha\n|-singleturn|p2a: Sinistcha|move: Rage Powder\n|cant|p2b: Tyranitar|flinch\n|move|p1b: Sinistcha|Matcha Gotcha|p2b: Tyranitar|[spread] p2a\n|-miss|p1b: Sinistcha|p2b: Tyranitar\n|-resisted|p2a: Sinistcha|1\n|-damage|p2a: Sinistcha|89/100\n|\n|-weather|Sandstorm|[upkeep]\n|-damage|p1b: Sinistcha|94/100|[from] Sandstorm\n|-damage|p2a: Sinistcha|83/100|[from] Sandstorm\n|-damage|p1a: Incineroar|95/100|[from] Sandstorm\n|upkeep\n|turn|2\n|\n|t:|1776061384\n|move|p1b: Sinistcha|Rage Powder|p1b: Sinistcha\n|-singleturn|p1b: Sinistcha|move: Rage Powder\n|move|p2a: Sinistcha|Rage Powder|p2a: Sinistcha\n|-singleturn|p2a: Sinistcha|move: Rage Powder\n|move|p2b: Tyranitar|Dragon Dance|p2b: Tyranitar\n|-boost|p2b: Tyranitar|atk|1\n|-boost|p2b: Tyranitar|spe|1\n|move|p1a: Incineroar|Parting Shot|p2a: Sinistcha\n|-unboost|p2a: Sinistcha|atk|1\n|-unboost|p2a: Sinistcha|spa|1\n|\n|t:|1776061398\n|switch|p1a: Kingambit|Kingambit, L50, F|100/100|[from] Parting Shot\n|\n|-weather|Sandstorm|[upkeep]\n|-damage|p1b: Sinistcha|88/100|[from] Sandstorm\n|-damage|p2a: Sinistcha|77/100|[from] Sandstorm\n|upkeep\n|turn|3\n|\n|t:|1776061418\n|switch|p1b: Incineroar|Incineroar, L50, M|95/100\n|-ability|p1b: Incineroar|Intimidate|boost\n|-unboost|p2a: Sinistcha|atk|1\n|-unboost|p2b: Tyranitar|atk|1\n|switch|p2a: Rotom|Rotom-Heat, L50|100/100\n|move|p2b: Tyranitar|Protect|p2b: Tyranitar\n|-singleturn|p2b: Tyranitar|Protect\n|move|p1a: Kingambit|Protect||[still]\n|-fail|p1a: Kingambit\n|\n|-weather|Sandstorm|[upkeep]\n|-damage|p2a: Rotom|95/100|[from] Sandstorm\n|-damage|p1b: Incineroar|89/100|[from] Sandstorm\n|upkeep\n|turn|4\n|\n|t:|1776061442\n|switch|p2b: Sinistcha|Sinistcha, L50|77/100\n|-heal|p2a: Rotom|100/100|[from] ability: Hospitality|[of] p2b: Sinistcha\n|move|p1b: Incineroar|Fake Out|p2b: Sinistcha\n|-immune|p2b: Sinistcha\n|move|p2a: Rotom|Overheat|p1a: Kingambit|[miss]\n|-miss|p2a: Rotom|p1a: Kingambit\n|move|p1a: Kingambit|Low Kick|p2b: Sinistcha\n|-immune|p2b: Sinistcha\n|\n|-weather|Sandstorm|[upkeep]\n|-damage|p2a: Rotom|95/100|[from] Sandstorm\n|-damage|p2b: Sinistcha|71/100|[from] Sandstorm\n|-damage|p1b: Incineroar|83/100|[from] Sandstorm\n|upkeep\n|turn|5\n|\n|t:|1776061469\n|switch|p2b: Excadrill|Excadrill, L50, F|100/100\n|switch|p1a: Sinistcha|Sinistcha, L50|88/100\n|-heal|p1b: Incineroar|100/100|[from] ability: Hospitality|[of] p1a: Sinistcha\n|move|p2a: Rotom|Overheat|p1a: Sinistcha\n|-supereffective|p1a: Sinistcha|1\n|-damage|p1a: Sinistcha|0 fnt\n|-unboost|p2a: Rotom|spa|2\n|faint|p1a: Sinistcha\n|move|p1b: Incineroar|Flare Blitz|p2b: Excadrill\n|-supereffective|p2b: Excadrill|1\n|-enditem|p2b: Excadrill|Focus Sash\n|-damage|p2b: Excadrill|1/100\n|-damage|p1b: Incineroar|70/100|[from] Recoil\n|\n|-weather|none\n|upkeep\n|\n|t:|1776061491\n|switch|p1a: Kommo-o|Kommo-o, L50, M|100/100\n|turn|6\n|\n|t:|1776061503\n|switch|p2a: Tyranitar|Tyranitar-Mega, L50, M|97/100\n|-weather|Sandstorm|[from] ability: Sand Stream|[of] p2a: Tyranitar\n|move|p2b: Excadrill|High Horsepower|p1b: Incineroar\n|-supereffective|p1b: Incineroar|1\n|-enditem|p1b: Incineroar|Shuca Berry|[eat]\n|-enditem|p1b: Incineroar|Shuca Berry|[weaken]\n|-damage|p1b: Incineroar|27/100\n|move|p1a: Kommo-o|Aura Sphere|p2b: Excadrill\n|-supereffective|p2b: Excadrill|1\n|-damage|p2b: Excadrill|0 fnt\n|faint|p2b: Excadrill\n|move|p1b: Incineroar|Parting Shot|p2a: Tyranitar\n|-unboost|p2a: Tyranitar|atk|1\n|-unboost|p2a: Tyranitar|spa|1\n|\n|t:|1776061517\n|switch|p1b: Kingambit|Kingambit, L50, F|100/100|[from] Parting Shot\n|\n|-weather|Sandstorm|[upkeep]\n|-damage|p1a: Kommo-o|95/100|[from] Sandstorm\n|-heal|p1a: Kommo-o|100/100|[from] item: Leftovers\n|upkeep\n|\n|t:|1776061522\n|switch|p2b: Rotom|Rotom-Heat, L50|95/100\n|turn|7\n|\n|t:|1776061533\n|switch|p2a: Sinistcha|Sinistcha, L50|71/100\n|-heal|p2b: Rotom|100/100|[from] ability: Hospitality|[of] p2a: Sinistcha\n|move|p2b: Rotom|Overheat|p1b: Kingambit\n|-supereffective|p1b: Kingambit|1\n|-damage|p1b: Kingambit|0 fnt\n|-unboost|p2b: Rotom|spa|2\n|faint|p1b: Kingambit\n|move|p1a: Kommo-o|Clanging Scales|p2a: Sinistcha|[spread] p2a,p2b\n|-damage|p2a: Sinistcha|31/100\n|-damage|p2b: Rotom|51/100\n|-enditem|p2a: Sinistcha|Sitrus Berry|[eat]\n|-heal|p2a: Sinistcha|56/100|[from] item: Sitrus Berry\n|-unboost|p1a: Kommo-o|def|1\n|\n|-weather|Sandstorm|[upkeep]\n|-damage|p2b: Rotom|45/100|[from] Sandstorm\n|-damage|p1a: Kommo-o|95/100|[from] Sandstorm\n|-damage|p2a: Sinistcha|50/100|[from] Sandstorm\n|-heal|p1a: Kommo-o|100/100|[from] item: Leftovers\n|upkeep\n|\n|t:|1776061553\n|switch|p1b: Incineroar|Incineroar, L50, M|27/100\n|-ability|p1b: Incineroar|Intimidate|boost\n|-unboost|p2a: Sinistcha|atk|1\n|-unboost|p2b: Rotom|atk|1\n|turn|8\n|\n|t:|1776061572\n|switch|p2b: Tyranitar|Tyranitar-Mega, L50, M|97/100\n|move|p1b: Incineroar|Fake Out|p2b: Tyranitar\n|-resisted|p2b: Tyranitar|1\n|-damage|p2b: Tyranitar|93/100\n|move|p2a: Sinistcha|Rage Powder|p2a: Sinistcha\n|-singleturn|p2a: Sinistcha|move: Rage Powder\n|move|p1a: Kommo-o|Clanging Scales|p2b: Tyranitar|[spread] p2a,p2b\n|-damage|p2a: Sinistcha|9/100\n|-damage|p2b: Tyranitar|67/100\n|-unboost|p1a: Kommo-o|def|1\n|\n|-weather|Sandstorm|[upkeep]\n|-damage|p1a: Kommo-o|95/100|[from] Sandstorm\n|-damage|p2a: Sinistcha|3/100|[from] Sandstorm\n|-damage|p1b: Incineroar|21/100|[from] Sandstorm\n|-heal|p1a: Kommo-o|100/100|[from] item: Leftovers\n|upkeep\n|turn|9\n|\n|t:|1776061602\n|move|p2a: Sinistcha|Rage Powder|p2a: Sinistcha\n|-singleturn|p2a: Sinistcha|move: Rage Powder\n|move|p2b: Tyranitar|Rock Slide|p1a: Kommo-o|[spread] p1b\n|-miss|p2b: Tyranitar|p1a: Kommo-o\n|-supereffective|p1b: Incineroar|1\n|-damage|p1b: Incineroar|0 fnt\n|faint|p1b: Incineroar\n|move|p1a: Kommo-o|Clangorous Soul|p1a: Kommo-o\n|-boost|p1a: Kommo-o|atk|1\n|-boost|p1a: Kommo-o|def|1\n|-boost|p1a: Kommo-o|spa|1\n|-boost|p1a: Kommo-o|spd|1\n|-boost|p1a: Kommo-o|spe|1\n|-damage|p1a: Kommo-o|68/100\n|\n|-weather|Sandstorm|[upkeep]\n|-damage|p1a: Kommo-o|62/100|[from] Sandstorm\n|-damage|p2a: Sinistcha|0 fnt|[from] Sandstorm\n|faint|p2a: Sinistcha\n|-heal|p1a: Kommo-o|68/100|[from] item: Leftovers\n|upkeep\n|\n|t:|1776061613\n|switch|p2a: Rotom|Rotom-Heat, L50|45/100\n|turn|10\n|\n|t:|1776061630\n|move|p2a: Rotom|Thunderbolt|p1a: Kommo-o\n|-resisted|p1a: Kommo-o|1\n|-damage|p1a: Kommo-o|52/100\n|move|p1a: Kommo-o|Clanging Scales|p2a: Rotom|[spread] p2a,p2b\n|-damage|p2a: Rotom|0 fnt\n|-damage|p2b: Tyranitar|32/100\n|faint|p2a: Rotom\n|-unboost|p1a: Kommo-o|def|1\n|move|p2b: Tyranitar|Rock Slide|p1a: Kommo-o\n|-resisted|p1a: Kommo-o|1\n|-damage|p1a: Kommo-o|7/100\n|\n|-weather|none\n|-heal|p1a: Kommo-o|13/100|[from] item: Leftovers\n|upkeep\n|turn|11\n|\n|t:|1776061644\n|move|p1a: Kommo-o|Aura Sphere|p2b: Tyranitar\n|-supereffective|p2b: Tyranitar|2\n|-damage|p2b: Tyranitar|0 fnt\n|faint|p2b: Tyranitar\n|\n|win|nextxenp\n|raw|nextxenp's rating: 1125 &rarr; <strong>1154</strong><br />(+29 for winning)\n|raw|jamesey95's rating: 1178 &rarr; <strong>1149</strong><br />(-29 for losing)\n|l|\u2606jamesey95\n|player|p2|\n",
  "uploadtime": 1776061650,
  "views": 24,
  "formatid": "gen9championsvgc2026regma",
  "rating": 1149,
  "private": 0,
  "password": null
}