{
  "id": "gen9championsvgc2026regma-2581093296",
  "format": "[Gen 9 Champions] VGC 2026 Reg M-A",
  "players": [
    "covidvax",
    "kaiobaa"
  ],
  "log": "|j|\u2606covidvax\n|j|\u2606kaiobaa\n|t:|1775959195\n|gametype|doubles\n|player|p1|covidvax|hiker-gen4|1017\n|player|p2|kaiobaa|wulfric|1045\n|gen|9\n|tier|[Gen 9 Champions] VGC 2026 Reg M-A\n|rated|\n|rule|Species Clause: Limit one of each Pok\u00e9mon\n|rule|Item Clause: Limit 1 of each item\n|clearpoke\n|poke|p1|Archaludon, L50, F|\n|poke|p1|Pelipper, L50, F|\n|poke|p1|Floette-Eternal, L50, F|\n|poke|p1|Sinistcha, L50|\n|poke|p1|Meganium, L50, F|\n|poke|p1|Incineroar, L50, F|\n|poke|p2|Floette-Eternal, L50, F|\n|poke|p2|Whimsicott, L50, F|\n|poke|p2|Froslass, L50, F|\n|poke|p2|Palafin, L50, F|\n|poke|p2|Incineroar, L50, M|\n|poke|p2|Kingambit, L50, M|\n|teampreview|4\n|inactive|Battle timer is ON: inactive players will automatically lose when time's up. (requested by kaiobaa)\n|\n|t:|1775959228\n|teamsize|p1|4\n|teamsize|p2|4\n|start\n|switch|p1a: Archaludon|Archaludon, L50, F|100/100\n|switch|p1b: Incineroar|Incineroar, L50, F|100/100\n|switch|p2a: Froslass|Froslass, L50, F|100/100\n|switch|p2b: Palafin|Palafin, L50, F|100/100\n|-ability|p1b: Incineroar|Intimidate|boost\n|-unboost|p2a: Froslass|atk|1\n|-unboost|p2b: Palafin|atk|1\n|turn|1\n|inactive|covidvax has 30 seconds left.\n|\n|t:|1775959258\n|detailschange|p2b: Palafin|Palafin-Hero, L50, F\n|switch|p2b: Incineroar|Incineroar, L50, M|100/100\n|-ability|p2b: Incineroar|Intimidate|boost\n|-unboost|p1a: Archaludon|atk|1\n|-unboost|p1b: Incineroar|atk|1\n|-enditem|p1a: Archaludon|White Herb\n|-clearnegativeboost|p1a: Archaludon|[silent]\n|move|p2a: Froslass|Protect|p2a: Froslass\n|-singleturn|p2a: Froslass|Protect\n|move|p1b: Incineroar|Fake Out|p2a: Froslass\n|-activate|p2a: Froslass|move: Protect\n|move|p1a: Archaludon|Electro Shot||[still]\n|-prepare|p1a: Archaludon|Electro Shot\n|-boost|p1a: Archaludon|spa|1\n|\n|upkeep\n|turn|2\n|inactive|kaiobaa has 30 seconds left.\n|inactive|covidvax has 30 seconds left.\n|\n|t:|1775959294\n|detailschange|p2a: Froslass|Froslass-Mega, L50, F\n|-mega|p2a: Froslass|Froslass|Froslassite\n|-weather|Snowscape|[from] ability: Snow Warning|[of] p2a: Froslass\n|move|p2a: Froslass|Aurora Veil|p2a: Froslass\n|-sidestart|p2: kaiobaa|move: Aurora Veil\n|move|p1a: Archaludon|Electro Shot|p2b: Incineroar|[from] lockedmove\n|-damage|p2b: Incineroar|65/100\n|move|p1b: Incineroar|Parting Shot|p2a: Froslass\n|-unboost|p2a: Froslass|atk|1\n|-unboost|p2a: Froslass|spa|1\n|\n|t:|1775959303\n|switch|p1b: Pelipper|Pelipper, L50, F|100/100|[from] Parting Shot\n|-weather|RainDance|[from] ability: Drizzle|[of] p1b: Pelipper\n|move|p2b: Incineroar|Close Combat|p1a: Archaludon\n|-supereffective|p1a: Archaludon|1\n|-damage|p1a: Archaludon|40/100\n|-unboost|p2b: Incineroar|def|1\n|-unboost|p2b: Incineroar|spd|1\n|-ability|p1a: Archaludon|Stamina|boost\n|-boost|p1a: Archaludon|def|1\n|\n|-weather|RainDance|[upkeep]\n|upkeep\n|turn|3\n|inactive|covidvax has 30 seconds left.\n|\n|t:|1775959329\n|move|p1b: Pelipper|Protect|p1b: Pelipper\n|-singleturn|p1b: Pelipper|Protect\n|move|p2a: Froslass|Blizzard|p1b: Pelipper|[spread] p1a\n|-activate|p1b: Pelipper|move: Protect\n|-damage|p1a: Archaludon|0 fnt\n|faint|p1a: Archaludon\n|move|p2b: Incineroar|Parting Shot|p1b: Pelipper\n|-activate|p1b: Pelipper|move: Protect\n|\n|-weather|RainDance|[upkeep]\n|upkeep\n|\n|t:|1775959339\n|switch|p1a: Meganium|Meganium, L50, F|100/100\n|turn|4\n|\n|t:|1775959352\n|switch|p2a: Kingambit|Kingambit, L50, M|100/100\n|detailschange|p1a: Meganium|Meganium-Mega, L50, F\n|-mega|p1a: Meganium|Meganium|Meganiumite\n|move|p1a: Meganium|Dazzling Gleam|p2b: Incineroar|[spread] p2a,p2b\n|-crit|p2a: Kingambit\n|-damage|p2a: Kingambit|53/100\n|-damage|p2b: Incineroar|31/100\n|move|p1b: Pelipper|U-turn|p2a: Kingambit\n|-damage|p2a: Kingambit|49/100\n|\n|t:|1775959361\n|switch|p1b: Incineroar|Incineroar, L50, F|100/100|[from] U-turn\n|-ability|p1b: Incineroar|Intimidate|boost\n|-unboost|p2a: Kingambit|atk|1\n|-ability|p2a: Kingambit|Defiant|boost\n|-boost|p2a: Kingambit|atk|2\n|-unboost|p2b: Incineroar|atk|1\n|move|p2b: Incineroar|Parting Shot|p1a: Meganium\n|-unboost|p1a: Meganium|atk|1\n|-unboost|p1a: Meganium|spa|1\n|\n|t:|1775959371\n|switch|p2b: Froslass|Froslass-Mega, L50, F|100/100|[from] Parting Shot\n|-weather|Snowscape|[from] ability: Snow Warning|[of] p2b: Froslass\n|\n|-weather|Snowscape|[upkeep]\n|upkeep\n|turn|5\n|\n|t:|1775959391\n|switch|p1a: Pelipper|Pelipper, L50, F|100/100\n|-weather|RainDance|[from] ability: Drizzle|[of] p1a: Pelipper\n|move|p1b: Incineroar|Fake Out|p2b: Froslass\n|-immune|p2b: Froslass\n|move|p2b: Froslass|Blizzard|p1a: Pelipper|[spread] p1a,p1b\n|-resisted|p1b: Incineroar|1\n|-damage|p1a: Pelipper|38/100\n|-damage|p1b: Incineroar|84/100\n|-status|p1b: Incineroar|frz\n|move|p2a: Kingambit|Low Kick|p1b: Incineroar\n|-supereffective|p1b: Incineroar|1\n|-damage|p1b: Incineroar|3/100 frz\n|-enditem|p1b: Incineroar|Sitrus Berry|[eat]\n|-heal|p1b: Incineroar|28/100 frz|[from] item: Sitrus Berry\n|\n|-weather|RainDance|[upkeep]\n|upkeep\n|turn|6\n|\n|t:|1775959412\n|move|p2b: Froslass|Blizzard|p1a: Pelipper|[spread] p1b\n|-miss|p2b: Froslass|p1a: Pelipper\n|-resisted|p1b: Incineroar|1\n|-damage|p1b: Incineroar|10/100 frz\n|move|p1a: Pelipper|U-turn|p2a: Kingambit\n|-damage|p2a: Kingambit|44/100\n|\n|t:|1775959419\n|switch|p1a: Meganium|Meganium-Mega, L50, F|100/100|[from] U-turn\n|-curestatus|p1b: Incineroar|frz|[msg]\n|move|p1b: Incineroar|Parting Shot|p2a: Kingambit\n|-unboost|p2a: Kingambit|atk|1\n|-ability|p2a: Kingambit|Defiant|boost\n|-boost|p2a: Kingambit|atk|2\n|-unboost|p2a: Kingambit|spa|1\n|-ability|p2a: Kingambit|Defiant|boost\n|-boost|p2a: Kingambit|atk|2\n|\n|t:|1775959429\n|switch|p1b: Pelipper|Pelipper, L50, F|38/100|[from] Parting Shot\n|move|p2a: Kingambit|Low Kick|p1b: Pelipper\n|-resisted|p1b: Pelipper|1\n|-damage|p1b: Pelipper|0 fnt\n|faint|p1b: Pelipper\n|\n|-weather|RainDance|[upkeep]\n|-sideend|p2: kaiobaa|move: Aurora Veil\n|upkeep\n|\n|t:|1775959437\n|switch|p1b: Incineroar|Incineroar, L50, F|10/100\n|-ability|p1b: Incineroar|Intimidate|boost\n|-unboost|p2a: Kingambit|atk|1\n|-ability|p2a: Kingambit|Defiant|boost\n|-boost|p2a: Kingambit|atk|2\n|-unboost|p2b: Froslass|atk|1\n|turn|7\n|\n|t:|1775959455\n|move|p1b: Incineroar|Fake Out|p2a: Kingambit\n|-resisted|p2a: Kingambit|1\n|-damage|p2a: Kingambit|40/100\n|cant|p2a: Kingambit|flinch\n|move|p2b: Froslass|Blizzard|p1a: Meganium|[spread] p1a\n|-miss|p2b: Froslass|p1b: Incineroar\n|-supereffective|p1a: Meganium|1\n|-damage|p1a: Meganium|27/100\n|move|p1a: Meganium|Dazzling Gleam|p2b: Froslass|[spread] p2a,p2b\n|-damage|p2a: Kingambit|4/100\n|-damage|p2b: Froslass|58/100\n|\n|-weather|RainDance|[upkeep]\n|upkeep\n|turn|8\n|\n|t:|1775959473\n|move|p2a: Kingambit|Sucker Punch|p1b: Incineroar\n|-resisted|p1b: Incineroar|1\n|-damage|p1b: Incineroar|0 fnt\n|faint|p1b: Incineroar\n|move|p2b: Froslass|Blizzard|p1a: Meganium|[miss]\n|-miss|p2b: Froslass|p1a: Meganium\n|move|p1a: Meganium|Dazzling Gleam|p2a: Kingambit|[spread] p2a,p2b\n|-damage|p2a: Kingambit|0 fnt\n|-damage|p2b: Froslass|13/100\n|faint|p2a: Kingambit\n|\n|-weather|RainDance|[upkeep]\n|upkeep\n|\n|t:|1775959483\n|switch|p2a: Palafin|Palafin-Hero, L50, F|100/100\n|-activate|p2a: Palafin|ability: Zero to Hero\n|turn|9\n|\n|t:|1775959495\n|move|p2a: Palafin|Iron Head|p1a: Meganium\n|-supereffective|p1a: Meganium|1\n|-damage|p1a: Meganium|0 fnt\n|faint|p1a: Meganium\n|\n|win|kaiobaa\n|raw|covidvax's rating: 1017 &rarr; <strong>1005</strong><br />(-12 for losing)\n|raw|kaiobaa's rating: 1045 &rarr; <strong>1076</strong><br />(+31 for winning)\n|l|\u2606covidvax\n|player|p1|\n",
  "uploadtime": 1775959500,
  "views": 19,
  "formatid": "gen9championsvgc2026regma",
  "rating": 1005,
  "private": 0,
  "password": null
}