{
  "id": "gen9championsvgc2026regma-2585787404",
  "format": "[Gen 9 Champions] VGC 2026 Reg M-A",
  "players": [
    "sebtct",
    "iLiseq"
  ],
  "log": "|j|\u2606sebtct\n|j|\u2606iLiseq\n|html|<table width=\"100%\"><tr><td align=\"left\">sebtct</td><td align=\"right\">iLiseq</tr><tr><td align=\"left\"><i class=\"fa fa-circle-o\"></i> <i class=\"fa fa-circle-o\"></i> </td><td align=\"right\"><i class=\"fa fa-circle-o\"></i> <i class=\"fa fa-circle\"></i> </tr></table>\n|uhtml|bestof|<h2><strong>Game 2</strong> of <a href=\"/game-bestof3-gen9championsvgc2026regma-2585782333\">a best-of-3</a></h2>\n|t:|1776370619\n|gametype|doubles\n|player|p1|sebtct|2|\n|player|p2|iLiseq|guzma|\n|gen|9\n|tier|[Gen 9 Champions] VGC 2026 Reg M-A\n|rule|Species Clause: Limit one of each Pok\u00e9mon\n|rule|Item Clause: Limit 1 of each item\n|raw|<div class=\"infobox\"><details class=\"readmore\" open><summary><strong>1 custom rule:</strong></summary> Best of = 3</details></div>\n|clearpoke\n|poke|p1|Kangaskhan, L50, F|\n|poke|p1|Basculegion, L50, M|\n|poke|p1|Pelipper, L50, M|\n|poke|p1|Incineroar, L50, M|\n|poke|p1|Sinistcha, L50|\n|poke|p1|Slurpuff, L50, M|\n|poke|p2|Glimmora, L50, F|\n|poke|p2|Talonflame, L50, F|\n|poke|p2|Arcanine-Hisui, L50, M|\n|poke|p2|Gyarados, L50, M|\n|poke|p2|Meowscarada, L50, M|\n|poke|p2|Alakazam, L50, F|\n|teampreview|4\n|j| Sahea\n|j| Unlikely Valentine\n|\n|t:|1776370704\n|teamsize|p1|4\n|teamsize|p2|4\n|start\n|switch|p1a: Kangaskhan|Kangaskhan, L50, F|100/100\n|switch|p1b: Incineroar|Incineroar, L50, M|100/100\n|switch|p2a: Talonflame|Talonflame, L50, F|100/100\n|switch|p2b: Arcanine|Arcanine-Hisui, L50, M|100/100\n|-ability|p1b: Incineroar|Intimidate|boost\n|-unboost|p2a: Talonflame|atk|1\n|-unboost|p2b: Arcanine|atk|1\n|turn|1\n|\n|t:|1776370730\n|switch|p2b: Gyarados|Gyarados, L50, M|100/100\n|-ability|p2b: Gyarados|Intimidate|boost\n|-fail|p1a: Kangaskhan|unboost|Attack|[from] ability: Scrappy|[of] p1a: Kangaskhan\n|-unboost|p1b: Incineroar|atk|1\n|detailschange|p1a: Kangaskhan|Kangaskhan-Mega, L50, F\n|-mega|p1a: Kangaskhan|Kangaskhan|Kangaskhanite\n|move|p2a: Talonflame|Protect|p2a: Talonflame\n|-singleturn|p2a: Talonflame|Protect\n|move|p1b: Incineroar|Fake Out|p2a: Talonflame\n|-activate|p2a: Talonflame|move: Protect\n|move|p1a: Kangaskhan|Drain Punch|p2b: Gyarados\n|-resisted|p2b: Gyarados|1\n|-crit|p2b: Gyarados\n|-damage|p2b: Gyarados|86/100\n|-resisted|p2b: Gyarados|1\n|-damage|p2b: Gyarados|84/100\n|-hitcount|p2b: Gyarados|2\n|\n|-heal|p2b: Gyarados|90/100|[from] item: Leftovers\n|upkeep\n|turn|2\n|\n|t:|1776370749\n|move|p1a: Kangaskhan|Protect|p1a: Kangaskhan\n|-singleturn|p1a: Kangaskhan|Protect\n|move|p2a: Talonflame|Tailwind|p2a: Talonflame\n|-sidestart|p2: iLiseq|move: Tailwind\n|move|p2b: Gyarados|Thunder Wave|p1a: Kangaskhan\n|-activate|p1a: Kangaskhan|move: Protect\n|move|p1b: Incineroar|Parting Shot|p2b: Gyarados\n|-unboost|p2b: Gyarados|atk|1\n|-unboost|p2b: Gyarados|spa|1\n|\n|t:|1776370759\n|switch|p1b: Pelipper|Pelipper, L50, M|100/100|[from] Parting Shot\n|-weather|RainDance|[from] ability: Drizzle|[of] p1b: Pelipper\n|\n|-weather|RainDance|[upkeep]\n|-heal|p2b: Gyarados|96/100|[from] item: Leftovers\n|upkeep\n|turn|3\n|\n|t:|1776370779\n|switch|p1a: Incineroar|Incineroar, L50, M|100/100\n|-ability|p1a: Incineroar|Intimidate|boost\n|-unboost|p2a: Talonflame|atk|1\n|-unboost|p2b: Gyarados|atk|1\n|move|p2a: Talonflame|Sunny Day|p2a: Talonflame\n|-weather|SunnyDay\n|move|p2b: Gyarados|Thunder Wave|p1b: Pelipper\n|-status|p1b: Pelipper|par\n|move|p1b: Pelipper|Weather Ball|p2a: Talonflame\n|-resisted|p2a: Talonflame|1\n|-damage|p2a: Talonflame|72/100\n|\n|-weather|SunnyDay|[upkeep]\n|-heal|p2b: Gyarados|100/100|[from] item: Leftovers\n|upkeep\n|turn|4\n|\n|t:|1776370811\n|switch|p2b: Arcanine|Arcanine-Hisui, L50, M|100/100\n|move|p2a: Talonflame|Protect|p2a: Talonflame\n|-singleturn|p2a: Talonflame|Protect\n|move|p1a: Incineroar|Darkest Lariat|p2a: Talonflame\n|-activate|p2a: Talonflame|move: Protect\n|move|p1b: Pelipper|Tailwind|p1b: Pelipper\n|-sidestart|p1: sebtct|move: Tailwind\n|\n|-weather|SunnyDay|[upkeep]\n|upkeep\n|turn|5\n|\n|t:|1776370845\n|switch|p1b: Kangaskhan|Kangaskhan-Mega, L50, F|100/100\n|move|p2a: Talonflame|Protect|p2a: Talonflame\n|-singleturn|p2a: Talonflame|Protect\n|move|p2b: Arcanine|Rock Slide|p1a: Incineroar|[spread] p1b\n|-miss|p2b: Arcanine|p1a: Incineroar\n|-damage|p1b: Kangaskhan|72/100\n|move|p1a: Incineroar|Low Sweep|p2b: Arcanine\n|-supereffective|p2b: Arcanine|1\n|-damage|p2b: Arcanine|49/100\n|-unboost|p2b: Arcanine|spe|1\n|\n|-weather|SunnyDay|[upkeep]\n|-sideend|p2: iLiseq|move: Tailwind\n|upkeep\n|turn|6\n|\n|t:|1776370886\n|switch|p2b: Gyarados|Gyarados, L50, M|100/100\n|-ability|p2b: Gyarados|Intimidate|boost\n|-unboost|p1a: Incineroar|atk|1\n|-unboost|p1b: Kangaskhan|atk|1\n|move|p1b: Kangaskhan|Thunder Punch|p2a: Talonflame\n|-supereffective|p2a: Talonflame|1\n|-damage|p2a: Talonflame|30/100\n|-supereffective|p2a: Talonflame|1\n|-damage|p2a: Talonflame|20/100\n|-hitcount|p2a: Talonflame|2\n|move|p2a: Talonflame|Tailwind|p2a: Talonflame\n|-sidestart|p2: iLiseq|move: Tailwind\n|move|p1a: Incineroar|Darkest Lariat|p2b: Gyarados\n|-damage|p2b: Gyarados|81/100\n|\n|-weather|SunnyDay|[upkeep]\n|-heal|p2b: Gyarados|87/100|[from] item: Leftovers\n|upkeep\n|turn|7\n|\n|t:|1776370903\n|move|p2a: Talonflame|Will-O-Wisp|p1b: Kangaskhan\n|-status|p1b: Kangaskhan|brn\n|move|p1b: Kangaskhan|Thunder Punch|p2b: Gyarados\n|-supereffective|p2b: Gyarados|2\n|-damage|p2b: Gyarados|62/100\n|-supereffective|p2b: Gyarados|2\n|-damage|p2b: Gyarados|56/100\n|-hitcount|p2b: Gyarados|2\n|move|p2b: Gyarados|Thunder Wave|p1a: Incineroar\n|-status|p1a: Incineroar|par\n|move|p1a: Incineroar|Darkest Lariat|p2a: Talonflame\n|-damage|p2a: Talonflame|0 fnt\n|faint|p2a: Talonflame\n|\n|-weather|none\n|-heal|p2b: Gyarados|62/100|[from] item: Leftovers\n|-damage|p1b: Kangaskhan|66/100 brn|[from] brn\n|-sideend|p1: sebtct|move: Tailwind\n|upkeep\n|\n|t:|1776370921\n|switch|p2a: Mateo beam|Glimmora, L50, F|100/100\n|turn|8\n|\n|t:|1776370944\n|detailschange|p2a: Mateo beam|Glimmora-Mega, L50, F\n|-mega|p2a: Mateo beam|Glimmora|Glimmoranite\n|move|p1b: Kangaskhan|Protect|p1b: Kangaskhan\n|-singleturn|p1b: Kangaskhan|Protect\n|move|p2a: Mateo beam|Sludge Wave|p1a: Incineroar|[spread] p2b,p1a\n|-activate|p1b: Kangaskhan|move: Protect\n|-damage|p2b: Gyarados|14/100\n|-damage|p1a: Incineroar|51/100 par\n|move|p2b: Gyarados|Waterfall|p1a: Incineroar\n|-supereffective|p1a: Incineroar|1\n|-damage|p1a: Incineroar|0 fnt\n|faint|p1a: Incineroar\n|\n|-heal|p2b: Gyarados|20/100|[from] item: Leftovers\n|-damage|p1b: Kangaskhan|61/100 brn|[from] brn\n|upkeep\n|\n|t:|1776370961\n|switch|p1a: Pelipper|Pelipper, L50, M|100/100 par\n|-weather|RainDance|[from] ability: Drizzle|[of] p1a: Pelipper\n|turn|9\n|\n|t:|1776371014\n|switch|p2b: Arcanine|Arcanine-Hisui, L50, M|49/100\n|move|p1a: Pelipper|Protect|p1a: Pelipper\n|-singleturn|p1a: Pelipper|Protect\n|move|p2a: Mateo beam|Sludge Wave|p1a: Pelipper|[spread] p2b,p1b\n|-activate|p1a: Pelipper|move: Protect\n|-resisted|p2b: Arcanine|1\n|-damage|p2b: Arcanine|18/100\n|-damage|p1b: Kangaskhan|9/100 brn\n|move|p1b: Kangaskhan|Thunder Punch|p2b: Arcanine\n|-damage|p2b: Arcanine|8/100\n|-damage|p2b: Arcanine|6/100\n|-hitcount|p2b: Arcanine|2\n|\n|-weather|RainDance|[upkeep]\n|-damage|p1b: Kangaskhan|4/100 brn|[from] brn\n|-sideend|p2: iLiseq|move: Tailwind\n|upkeep\n|turn|10\n|\n|t:|1776371060\n|move|p2a: Mateo beam|Spiky Shield|p2a: Mateo beam\n|-singleturn|p2a: Mateo beam|move: Protect\n|move|p2b: Arcanine|Extreme Speed|p1a: Pelipper\n|-damage|p1a: Pelipper|67/100 par\n|move|p1b: Kangaskhan|Drain Punch|p2b: Arcanine\n|-supereffective|p2b: Arcanine|1\n|-damage|p2b: Arcanine|0 fnt\n|-heal|p1b: Kangaskhan|6/100 brn|[from] drain|[of] p2b: Arcanine\n|faint|p2b: Arcanine\n|-hitcount|p2: Arcanine|1\n|move|p1a: Pelipper|Weather Ball|p2a: Mateo beam\n|-activate|p2a: Mateo beam|move: Protect\n|\n|-weather|RainDance|[upkeep]\n|-damage|p1b: Kangaskhan|0 fnt|[from] brn\n|faint|p1b: Kangaskhan\n|upkeep\n|\n|t:|1776371074\n|switch|p1b: Basculegion|Basculegion, L50, M|100/100\n|switch|p2b: Gyarados|Gyarados, L50, M|20/100\n|-ability|p2b: Gyarados|Intimidate|boost\n|-unboost|p1a: Pelipper|atk|1\n|-unboost|p1b: Basculegion|atk|1\n|turn|11\n|j| OuAndua\n|\n|t:|1776371137\n|move|p2a: Mateo beam|Spiky Shield||[still]\n|-fail|p2a: Mateo beam\n|move|p1b: Basculegion|Wave Crash|p2a: Mateo beam\n|-supereffective|p2a: Mateo beam|1\n|-damage|p2a: Mateo beam|0 fnt\n|faint|p2a: Mateo beam\n|-damage|p1b: Basculegion|74/100|[from] Recoil\n|move|p2b: Gyarados|Thunder Wave|p1b: Basculegion\n|-status|p1b: Basculegion|par\n|move|p1a: Pelipper|Hurricane|p2b: Gyarados\n|-damage|p2b: Gyarados|0 fnt\n|faint|p2b: Gyarados\n|\n|win|sebtct\n||iLiseq is ready for game 3.\n|inactive|sebtct has 30 seconds to confirm battle start!\n||sebtct is ready for game 3.\n|uhtml|next|Next: <a href=\"/battle-gen9championsvgc2026regma-2585794754\"><strong>Game 3 of 3</strong></a>\n|l| OuAndua\n|l| Unlikely Valentine\n|l| Sahea\n|l|\u2606iLiseq\n|player|p2|\n|l|\u2606sebtct\n|player|p1|\n|j|\u2606sebtct\n|player|p1|sebtct|2|\n",
  "uploadtime": 1776371744,
  "views": 53,
  "formatid": "gen9championsvgc2026regma",
  "rating": null,
  "private": 0,
  "password": null
}