{
  "id": "gen9championsvgc2026regma-2587645738",
  "format": "[Gen 9 Champions] VGC 2026 Reg M-A",
  "players": [
    "howdy12345",
    "flamingfearow2"
  ],
  "log": "|j|\u2606howdy12345\n|j|\u2606flamingfearow2\n|html|<table width=\"100%\"><tr><td align=\"left\">howdy12345</td><td align=\"right\">flamingfearow2</tr><tr><td align=\"left\"><i class=\"fa fa-circle-o\"></i> <i class=\"fa fa-circle-o\"></i> </td><td align=\"right\"><i class=\"fa fa-circle-o\"></i> <i class=\"fa fa-circle-o\"></i> </tr></table>\n|uhtml|bestof|<h2><strong>Game 1</strong> of <a href=\"/game-bestof3-gen9championsvgc2026regma-2587645737\">a best-of-3</a></h2>\n|t:|1776549995\n|gametype|doubles\n|player|p1|howdy12345|blackbelt|\n|player|p2|flamingfearow2|266|\n|gen|9\n|tier|[Gen 9 Champions] VGC 2026 Reg M-A\n|rated|Tournament battle\n|rule|Species Clause: Limit one of each Pok\u00e9mon\n|rule|Item Clause: Limit 1 of each item\n|raw|<div class=\"infobox\"><details class=\"readmore\" open><summary><strong>2 custom rules:</strong></summary> Force Open Team Sheets, Best of = 3</details></div>\n|clearpoke\n|poke|p1|Excadrill, L50, F|\n|poke|p1|Sinistcha, L50|\n|poke|p1|Tyranitar, L50, F|\n|poke|p1|Rotom-Heat, L50|\n|poke|p1|Araquanid, L50, F|\n|poke|p1|Farigiraf, L50, M|\n|poke|p2|Scovillain, L50, F|\n|poke|p2|Garganacl, L50, M|\n|poke|p2|Kommo-o, L50, F|\n|poke|p2|Palafin, L50, F|\n|poke|p2|Scizor, L50, M|\n|poke|p2|Incineroar, L50, M|\n|teampreview|4\n|showteam|p1|Excadrill||FocusSash|SandRush|HighHorsepower,Protect,RockSlide,IronHead|||F|||50|]Sinistcha||OccaBerry|Hospitality|MatchaGotcha,Protect,TrickRoom,RagePowder||||||50|]Tyranitar||Tyranitarite|SandStream|RockSlide,LowKick,KnockOff,Protect|||F|||50|]Rotom-Heat||ChoiceScarf|Levitate|Overheat,Discharge,Thunderbolt,VoltSwitch||||||50|]Araquanid||MysticWater|WaterBubble|Liquidation,LeechLife,WideGuard,Protect|||F|||50|]Farigiraf||SitrusBerry|ArmorTail|Psychic,Protect,Imprison,TrickRoom|||M|||50|\n|showteam|p2|Scovillain||Scovillainite|Chlorophyll|Protect,RagePowder,Overheat,LeechSeed|||F|||50|]Garganacl||Leftovers|PurifyingSalt|Protect,Recover,SaltCure,StealthRock|||M|||50|]Kommo-o||DragonFang|Overcoat|Protect,ClangingScales,ClangorousSoul,AuraSphere|||F|||50|]Palafin||MysticWater|ZerotoHero|Protect,JetPunch,FlipTurn,WaveCrash|||F|||50|]Scizor||MetalCoat|Technician|Protect,SwordsDance,BulletPunch,BugBite|||M|||50|]Incineroar||ShucaBerry|Intimidate|FakeOut,PartingShot,ThroatChop,FlareBlitz|||M|||50|\n|inactive|Battle timer is ON: inactive players will automatically lose when time's up. (requested by flamingfearow2)\n|j| TaxiCAB2\n|c|\u2606howdy12345|Oh lord\n|c|\u2606howdy12345|hf\n|j|+holdingb\n|c|\u2606howdy12345|Cause I sure won't\n|j| raijinkamikaze\n|j|@Radio Free C-Side\n|c|\u2606howdy12345|I don't wanna die :sob:\n|inactive|howdy12345 has 60 seconds left.\n|inactive|flamingfearow2 has 60 seconds left.\n|\n|t:|1776550045\n|teamsize|p1|4\n|teamsize|p2|4\n|start\n|switch|p1a: Farigiraf|Farigiraf, L50, M|100/100\n|switch|p1b: Araquanid|Araquanid, L50, F|100/100\n|switch|p2a: Palafin|Palafin, L50, F|100/100\n|switch|p2b: Scovillain|Scovillain, L50, F|100/100\n|turn|1\n|c|\u2606flamingfearow2|its supposed to be a silly team\n|\n|t:|1776550059\n|switch|p2b: Kommo-o|Kommo-o, L50, F|100/100\n|move|p1b: Araquanid|Protect|p1b: Araquanid\n|-singleturn|p1b: Araquanid|Protect\n|move|p2a: Palafin|Flip Turn|p1a: Farigiraf\n|-damage|p1a: Farigiraf|80/100\n|c|\u2606howdy12345|It looks terriying\n|\n|t:|1776550068\n|detailschange|p2a: Palafin|Palafin-Hero, L50, F\n|switch|p2a: Incineroar|Incineroar, L50, M|100/100|[from] Flip Turn\n|-ability|p2a: Incineroar|Intimidate|boost\n|-unboost|p1a: Farigiraf|atk|1\n|-unboost|p1b: Araquanid|atk|1\n|move|p1a: Farigiraf|Trick Room|p1a: Farigiraf\n|-fieldstart|move: Trick Room|[of] p1a: Farigiraf\n|\n|upkeep\n|turn|2\n|j| christianfinity\n|inactive|flamingfearow2 has 30 seconds left.\n|inactive|flamingfearow2 has 20 seconds left.\n|inactive|flamingfearow2 has 15 seconds left.\n|inactive|flamingfearow2 has 10 seconds left.\n|\n|t:|1776550117\n|switch|p2b: Palafin|Palafin-Hero, L50, F|100/100\n|-activate|p2b: Palafin|ability: Zero to Hero\n|move|p1a: Farigiraf|Protect|p1a: Farigiraf\n|-singleturn|p1a: Farigiraf|Protect\n|move|p1b: Araquanid|Liquidation|p2a: Incineroar\n|-supereffective|p2a: Incineroar|1\n|-damage|p2a: Incineroar|12/100\n|move|p2a: Incineroar|Parting Shot|p1a: Farigiraf\n|-activate|p1a: Farigiraf|move: Protect\n|\n|upkeep\n|turn|3\n|inactive|howdy12345 has 30 seconds left.\n|inactive|howdy12345 has 20 seconds left.\n|inactive|howdy12345 has 15 seconds left.\n|l|@Radio Free C-Side\n|inactive|howdy12345 has 10 seconds left.\n|\n|t:|1776550162\n|switch|p2a: Kommo-o|Kommo-o, L50, F|100/100\n|move|p1b: Araquanid|Liquidation|p2a: Kommo-o\n|-resisted|p2a: Kommo-o|1\n|-damage|p2a: Kommo-o|76/100\n|move|p1a: Farigiraf|Psychic|p2b: Palafin\n|-damage|p2b: Palafin|61/100\n|move|p2b: Palafin|Wave Crash|p1a: Farigiraf\n|-damage|p1a: Farigiraf|9/100\n|-enditem|p1a: Farigiraf|Sitrus Berry|[eat]\n|-heal|p1a: Farigiraf|34/100|[from] item: Sitrus Berry\n|-damage|p2b: Palafin|32/100|[from] Recoil\n|\n|upkeep\n|turn|4\n|inactive|howdy12345 has 30 seconds left.\n|\n|t:|1776550189\n|switch|p1b: Sinistcha|Sinistcha, L50|100/100\n|-heal|p1a: Farigiraf|59/100|[from] ability: Hospitality|[of] p1b: Sinistcha\n|switch|p2a: Incineroar|Incineroar, L50, M|12/100\n|-ability|p2a: Incineroar|Intimidate|boost\n|-unboost|p1a: Farigiraf|atk|1\n|-unboost|p1b: Sinistcha|atk|1\n|move|p2b: Palafin|Protect|p2b: Palafin\n|-singleturn|p2b: Palafin|Protect\n|move|p1a: Farigiraf|Psychic|p2a: Incineroar\n|-immune|p2a: Incineroar\n|\n|upkeep\n|turn|5\n|j| Rainpelt103\n|inactive|howdy12345 has 30 seconds left.\n|inactive|flamingfearow2 has 30 seconds left.\n|inactive|howdy12345 has 20 seconds left.\n|\n|t:|1776550225\n|switch|p2b: Scovillain|Scovillain, L50, F|100/100\n|move|p1a: Farigiraf|Psychic|p2b: Scovillain\n|-damage|p2b: Scovillain|55/100\n|move|p1b: Sinistcha|Matcha Gotcha|p2a: Incineroar|[spread] p2a,p2b\n|-resisted|p2a: Incineroar|1\n|-resisted|p2b: Scovillain|2\n|-damage|p2a: Incineroar|2/100\n|-damage|p2b: Scovillain|47/100\n|move|p2a: Incineroar|Throat Chop|p1b: Sinistcha\n|-supereffective|p1b: Sinistcha|1\n|-damage|p1b: Sinistcha|47/100\n|-start|p1b: Sinistcha|Throat Chop|[silent]\n|\n|-fieldend|move: Trick Room\n|upkeep\n|turn|6\n|inactive|howdy12345 has 30 seconds left.\n|inactive|howdy12345 has 20 seconds left.\n|inactive|howdy12345 has 15 seconds left.\n|inactive|howdy12345 has 10 seconds left.\n|inactive|howdy12345 has 5 seconds left.\n|\n|t:|1776550276\n|detailschange|p2b: Scovillain|Scovillain-Mega, L50, F\n|-mega|p2b: Scovillain|Scovillain|Scovillainite\n|move|p1b: Sinistcha|Rage Powder|p1b: Sinistcha\n|-singleturn|p1b: Sinistcha|move: Rage Powder\n|move|p2b: Scovillain|Overheat|p1b: Sinistcha\n|-supereffective|p1b: Sinistcha|1\n|-enditem|p1b: Sinistcha|Occa Berry|[eat]\n|-enditem|p1b: Sinistcha|Occa Berry|[weaken]\n|-damage|p1b: Sinistcha|0 fnt\n|-unboost|p2b: Scovillain|spa|2\n|faint|p1b: Sinistcha\n|move|p2a: Incineroar|Throat Chop|p1a: Farigiraf\n|-supereffective|p1a: Farigiraf|1\n|-damage|p1a: Farigiraf|9/100\n|-start|p1a: Farigiraf|Throat Chop|[silent]\n|move|p1a: Farigiraf|Trick Room|p1a: Farigiraf\n|-fieldstart|move: Trick Room|[of] p1a: Farigiraf\n|\n|upkeep\n|j| Araquanid Glazer\n|\n|t:|1776550284\n|switch|p1b: Tyranitar|Tyranitar, L50, F|100/100\n|-weather|Sandstorm|[from] ability: Sand Stream|[of] p1b: Tyranitar\n|turn|7\n|\n|t:|1776550305\n|switch|p1a: Araquanid|Araquanid, L50, F|100/100\n|detailschange|p1b: Tyranitar|Tyranitar-Mega, L50, F\n|-mega|p1b: Tyranitar|Tyranitar|Tyranitarite\n|move|p2b: Scovillain|Protect|p2b: Scovillain\n|-singleturn|p2b: Scovillain|Protect\n|move|p2a: Incineroar|Parting Shot|p1b: Tyranitar\n|-unboost|p1b: Tyranitar|atk|1\n|-unboost|p1b: Tyranitar|spa|1\n|\n|t:|1776550313\n|switch|p2a: Kommo-o|Kommo-o, L50, F|76/100|[from] Parting Shot\n|move|p1b: Tyranitar|Rock Slide|p2a: Kommo-o|[spread] p2a\n|-activate|p2b: Scovillain|move: Protect\n|-resisted|p2a: Kommo-o|1\n|-damage|p2a: Kommo-o|66/100\n|\n|-weather|Sandstorm|[upkeep]\n|-damage|p1a: Araquanid|95/100|[from] Sandstorm\n|-damage|p2b: Scovillain|41/100|[from] Sandstorm\n|upkeep\n|turn|8\n|inactive|howdy12345 has 30 seconds left.\n|inactive|howdy12345 has 20 seconds left.\n|\n|t:|1776550349\n|switch|p2b: Incineroar|Incineroar, L50, M|2/100\n|-ability|p2b: Incineroar|Intimidate|boost\n|-unboost|p1a: Araquanid|atk|1\n|-unboost|p1b: Tyranitar|atk|1\n|move|p1a: Araquanid|Liquidation|p2b: Incineroar\n|-supereffective|p2b: Incineroar|1\n|-damage|p2b: Incineroar|0 fnt\n|faint|p2b: Incineroar\n|move|p1b: Tyranitar|Rock Slide|p2a: Kommo-o\n|-resisted|p2a: Kommo-o|1\n|-damage|p2a: Kommo-o|55/100\n|move|p2a: Kommo-o|Aura Sphere|p1b: Tyranitar\n|-supereffective|p1b: Tyranitar|2\n|-damage|p1b: Tyranitar|31/100\n|\n|-weather|Sandstorm|[upkeep]\n|-damage|p1a: Araquanid|89/100|[from] Sandstorm\n|upkeep\n|\n|t:|1776550367\n|switch|p2b: Palafin|Palafin-Hero, L50, F|32/100\n|turn|9\n|\n|t:|1776550379\n|switch|p1a: Farigiraf|Farigiraf, L50, M|9/100\n|switch|p2b: Scovillain|Scovillain-Mega, L50, F|41/100\n|move|p1b: Tyranitar|Knock Off|p2b: Scovillain\n|-damage|p2b: Scovillain|25/100\n|-status|p1b: Tyranitar|brn|[from] ability: Spicy Spray|[of] p2b: Scovillain\n|move|p2a: Kommo-o|Clanging Scales|p1a: Farigiraf|[spread] p1a,p1b\n|-crit|p1a: Farigiraf\n|-damage|p1a: Farigiraf|0 fnt\n|-damage|p1b: Tyranitar|9/100 brn\n|faint|p1a: Farigiraf\n|-unboost|p2a: Kommo-o|def|1\n|\n|-weather|Sandstorm|[upkeep]\n|-damage|p2b: Scovillain|20/100|[from] Sandstorm\n|-damage|p1b: Tyranitar|3/100 brn|[from] brn\n|upkeep\n|\n|t:|1776550393\n|switch|p1a: Araquanid|Araquanid, L50, F|89/100\n|turn|10\n|\n|t:|1776550401\n|move|p2b: Scovillain|Protect|p2b: Scovillain\n|-singleturn|p2b: Scovillain|Protect\n|move|p2a: Kommo-o|Protect|p2a: Kommo-o\n|-singleturn|p2a: Kommo-o|Protect\n|move|p1a: Araquanid|Liquidation|p2a: Kommo-o\n|-activate|p2a: Kommo-o|move: Protect\n|move|p1b: Tyranitar|Knock Off|p2a: Kommo-o\n|-activate|p2a: Kommo-o|move: Protect\n|\n|-weather|Sandstorm|[upkeep]\n|-damage|p1a: Araquanid|83/100|[from] Sandstorm\n|-damage|p2b: Scovillain|14/100|[from] Sandstorm\n|-damage|p1b: Tyranitar|0 fnt|[from] brn\n|faint|p1b: Tyranitar\n|-fieldend|move: Trick Room\n|upkeep\n|turn|11\n|\n|t:|1776550410\n|move|p2b: Scovillain|Rage Powder|p2b: Scovillain\n|-singleturn|p2b: Scovillain|move: Rage Powder\n|move|p2a: Kommo-o|Clanging Scales|p1a: Araquanid\n|-crit|p1a: Araquanid\n|-damage|p1a: Araquanid|10/100\n|-unboost|p2a: Kommo-o|def|1\n|move|p1a: Araquanid|Liquidation|p2b: Scovillain\n|-damage|p2b: Scovillain|0 fnt\n|faint|p2b: Scovillain\n|\n|-weather|none\n|upkeep\n|\n|t:|1776550415\n|switch|p2b: Palafin|Palafin-Hero, L50, F|32/100\n|turn|12\n|j|@thacrow\n|\n|t:|1776550418\n|move|p2b: Palafin|Wave Crash|p1a: Araquanid\n|-resisted|p1a: Araquanid|1\n|-damage|p1a: Araquanid|0 fnt\n|faint|p1a: Araquanid\n|-damage|p2b: Palafin|29/100|[from] Recoil\n|\n|win|flamingfearow2\n|c|\u2606howdy12345|gg\n||howdy12345 is ready for game 2.\n|c|\u2606flamingfearow2|gg\n|l| Araquanid Glazer\n||flamingfearow2 is ready for game 2.\n|uhtml|next|Next: <a href=\"/battle-gen9championsvgc2026regma-2587650506\"><strong>Game 2 of 3</strong></a>\n",
  "uploadtime": 1776550432,
  "views": 9,
  "formatid": "gen9championsvgc2026regma",
  "rating": null,
  "private": 0,
  "password": null
}