{
  "id": "gen9championsvgc2026regma-2582497891",
  "format": "[Gen 9 Champions] VGC 2026 Reg M-A",
  "players": [
    "IfIFindJessie",
    "hypnosedu15"
  ],
  "log": "|j|\u2606IfIFindJessie\n|j|\u2606hypnosedu15\n|t:|1776095503\n|gametype|doubles\n|player|p1|IfIFindJessie|miku-ghost|1115\n|player|p2|hypnosedu15|pokemaniac|1131\n|gen|9\n|tier|[Gen 9 Champions] VGC 2026 Reg M-A\n|rated|\n|rule|Species Clause: Limit one of each Pok\u00e9mon\n|rule|Item Clause: Limit 1 of each item\n|clearpoke\n|poke|p1|Glimmora, L50, F|\n|poke|p1|Mimikyu, L50, F|\n|poke|p1|Ninetales-Alola, L50, F|\n|poke|p1|Incineroar, L50, M|\n|poke|p1|Noivern, L50, M|\n|poke|p1|Farigiraf, L50, M|\n|poke|p2|Dragonite, L50, M|\n|poke|p2|Basculegion, L50, M|\n|poke|p2|Pelipper, L50, F|\n|poke|p2|Archaludon, L50, M|\n|poke|p2|Incineroar, L50, M|\n|poke|p2|Sinistcha, L50|\n|teampreview|4\n|inactive|Battle timer is ON: inactive players will automatically lose when time's up. (requested by hypnosedu15)\n|\n|t:|1776095541\n|teamsize|p1|4\n|teamsize|p2|4\n|start\n|switch|p1a: Glimmora|Glimmora, L50, F|100/100\n|switch|p1b: Noivern|Noivern, L50, M|100/100\n|switch|p2a: Pelipper|Pelipper, L50, F|100/100\n|switch|p2b: Basculegion|Basculegion, L50, M, shiny|100/100\n|-weather|RainDance|[from] ability: Drizzle|[of] p2a: Pelipper\n|turn|1\n|inactive|hypnosedu15 has 30 seconds left.\n|inactive|IfIFindJessie has 30 seconds left.\n|\n|t:|1776095578\n|switch|p1a: Ninetales|Ninetales-Alola, L50, F|100/100\n|-weather|Snowscape|[from] ability: Snow Warning|[of] p1a: Ninetales\n|move|p2b: Basculegion|Liquidation|p1a: Ninetales\n|-damage|p1a: Ninetales|66/100\n|move|p1b: Noivern|Dark Pulse|p2b: Basculegion\n|-supereffective|p2b: Basculegion|1\n|-damage|p2b: Basculegion|47/100\n|move|p2a: Pelipper|Tailwind|p2a: Pelipper\n|-sidestart|p2: hypnosedu15|move: Tailwind\n|\n|-weather|Snowscape|[upkeep]\n|upkeep\n|turn|2\n|\n|t:|1776095598\n|switch|p2b: Dragonite|Dragonite, L50, M, shiny|100/100\n|switch|p2a: Archaludon|Archaludon, L50, M|100/100\n|move|p1b: Noivern|Dark Pulse|p2b: Dragonite\n|-damage|p2b: Dragonite|89/100\n|move|p1a: Ninetales|Aurora Veil|p1a: Ninetales\n|-sidestart|p1: IfIFindJessie|move: Aurora Veil\n|\n|-weather|Snowscape|[upkeep]\n|upkeep\n|turn|3\n|inactive|IfIFindJessie has 30 seconds left.\n|\n|t:|1776095627\n|switch|p2b: Pelipper|Pelipper, L50, F|100/100\n|-weather|RainDance|[from] ability: Drizzle|[of] p2b: Pelipper\n|switch|p1b: Mimikyu|Mimikyu, L50, F|100/100\n|move|p1a: Ninetales|Protect|p1a: Ninetales\n|-singleturn|p1a: Ninetales|Protect\n|move|p2a: Archaludon|Electro Shot||[still]\n|-prepare|p2a: Archaludon|Electro Shot\n|-boost|p2a: Archaludon|spa|1\n|-anim|p2a: Archaludon|Electro Shot|p1b: Mimikyu\n|-activate|p1b: Mimikyu|ability: Disguise\n|-damage|p1b: Mimikyu|100/100\n|detailschange|p1b: Mimikyu|Mimikyu-Busted, L50, F\n|-damage|p1b: Mimikyu|89/100|[from] pokemon: Mimikyu-Busted\n|\n|-weather|RainDance|[upkeep]\n|upkeep\n|turn|4\n|\n|t:|1776095652\n|switch|p1a: Glimmora|Glimmora, L50, F|100/100\n|move|p2a: Archaludon|Flash Cannon|p1a: Glimmora\n|-supereffective|p1a: Glimmora|1\n|-damage|p1a: Glimmora|27/100\n|move|p2b: Pelipper|Hurricane|p1b: Mimikyu\n|-damage|p1b: Mimikyu|57/100\n|-start|p1b: Mimikyu|confusion\n|-activate|p1b: Mimikyu|confusion\n|move|p1b: Mimikyu|Drain Punch|p2a: Archaludon\n|-supereffective|p2a: Archaludon|1\n|-damage|p2a: Archaludon|69/100\n|-heal|p1b: Mimikyu|80/100|[from] drain|[of] p2a: Archaludon\n|-ability|p2a: Archaludon|Stamina|boost\n|-boost|p2a: Archaludon|def|1\n|\n|-weather|RainDance|[upkeep]\n|-heal|p2a: Archaludon|75/100|[from] item: Leftovers\n|-sideend|p2: hypnosedu15|move: Tailwind\n|upkeep\n|turn|5\n|inactive|IfIFindJessie has 30 seconds left.\n|\n|t:|1776095679\n|detailschange|p1a: Glimmora|Glimmora-Mega, L50, F\n|-mega|p1a: Glimmora|Glimmora|Glimmoranite\n|move|p1a: Glimmora|Earth Power|p2a: Archaludon\n|-supereffective|p2a: Archaludon|1\n|-damage|p2a: Archaludon|11/100\n|-ability|p2a: Archaludon|Stamina|boost\n|-boost|p2a: Archaludon|def|1\n|-activate|p1b: Mimikyu|confusion\n|move|p1b: Mimikyu|Play Rough|p2a: Archaludon\n|-damage|p2a: Archaludon|0 fnt\n|faint|p2a: Archaludon\n|move|p2b: Pelipper|Hurricane|p1a: Glimmora\n|-resisted|p1a: Glimmora|1\n|-damage|p1a: Glimmora|15/100\n|\n|-weather|RainDance|[upkeep]\n|upkeep\n|\n|t:|1776095696\n|switch|p2a: Dragonite|Dragonite, L50, M, shiny|89/100\n|turn|6\n|\n|t:|1776095711\n|detailschange|p2a: Dragonite|Dragonite-Mega, L50, M, shiny\n|-mega|p2a: Dragonite|Dragonite|Dragoninite\n|move|p2a: Dragonite|Hurricane|p1a: Glimmora\n|-resisted|p1a: Glimmora|1\n|-damage|p1a: Glimmora|0 fnt\n|faint|p1a: Glimmora\n|-activate|p1b: Mimikyu|confusion\n|move|p1b: Mimikyu|Play Rough|p2a: Dragonite\n|-supereffective|p2a: Dragonite|1\n|-damage|p2a: Dragonite|18/100\n|move|p2b: Pelipper|Weather Ball|p1b: Mimikyu\n|-damage|p1b: Mimikyu|33/100\n|\n|-weather|RainDance|[upkeep]\n|-sideend|p1: IfIFindJessie|move: Aurora Veil\n|upkeep\n|\n|t:|1776095728\n|switch|p1a: Noivern|Noivern, L50, M|100/100\n|turn|7\n|\n|t:|1776095744\n|switch|p2b: Basculegion|Basculegion, L50, M, shiny|47/100\n|move|p1a: Noivern|Air Slash|p2a: Dragonite\n|-crit|p2a: Dragonite\n|-damage|p2a: Dragonite|0 fnt\n|faint|p2a: Dragonite\n|-end|p1b: Mimikyu|confusion\n|move|p1b: Mimikyu|Play Rough|p2b: Basculegion\n|-damage|p2b: Basculegion|0 fnt\n|faint|p2b: Basculegion\n|\n|-weather|none\n|upkeep\n|-message|hypnosedu15 forfeited.\n|\n|win|IfIFindJessie\n|raw|IfIFindJessie's rating: 1115 &rarr; <strong>1141</strong><br />(+26 for winning)\n|raw|hypnosedu15's rating: 1131 &rarr; <strong>1105</strong><br />(-26 for losing)\n|l|\u2606hypnosedu15\n|player|p2|\n",
  "uploadtime": 1776095761,
  "views": 14,
  "formatid": "gen9championsvgc2026regma",
  "rating": 1105,
  "private": 0,
  "password": null
}