{
  "id": "gen9championsvgc2026regma-2585126794",
  "format": "[Gen 9 Champions] VGC 2026 Reg M-A",
  "players": [
    "drake78976",
    "arthur.ayms"
  ],
  "log": "|j|\u2606drake78976\n|j|\u2606arthur.ayms\n|t:|1776314927\n|gametype|doubles\n|player|p1|drake78976|li|1132\n|player|p2|arthur.ayms|265|1159\n|gen|9\n|tier|[Gen 9 Champions] VGC 2026 Reg M-A\n|rated|\n|rule|Species Clause: Limit one of each Pok\u00e9mon\n|rule|Item Clause: Limit 1 of each item\n|clearpoke\n|poke|p1|Aggron, L50, M|\n|poke|p1|Primarina, L50, F|\n|poke|p1|Hydreigon, L50, F|\n|poke|p1|Sinistcha, L50|\n|poke|p1|Glimmora, L50, M|\n|poke|p1|Farigiraf, L50, M|\n|poke|p2|Farigiraf, L50, M|\n|poke|p2|Incineroar, L50, M|\n|poke|p2|Machamp, L50, F|\n|poke|p2|Torkoal, L50, F|\n|poke|p2|Sinistcha-Masterpiece, L50|\n|poke|p2|Gengar, L50, F|\n|teampreview|4\n|\n|t:|1776314959\n|teamsize|p1|4\n|teamsize|p2|4\n|start\n|switch|p1a: Farigiraf|Farigiraf, L50, M|100/100\n|switch|p1b: Hydreigon|Hydreigon, L50, F|100/100\n|switch|p2a: Farigiraf|Farigiraf, L50, M|100/100\n|switch|p2b: Incineroar|Incineroar, L50, M|100/100\n|-ability|p2b: Incineroar|Intimidate|boost\n|-unboost|p1a: Farigiraf|atk|1\n|-unboost|p1b: Hydreigon|atk|1\n|turn|1\n|inactive|Battle timer is ON: inactive players will automatically lose when time's up. (requested by arthur.ayms)\n|\n|t:|1776314983\n|switch|p2a: Machamp|Machamp, L50, F|100/100\n|move|p1b: Hydreigon|Dark Pulse|p2a: Machamp\n|-resisted|p2a: Machamp|1\n|-damage|p2a: Machamp|77/100\n|move|p2b: Incineroar|Throat Chop|p1a: Farigiraf\n|-supereffective|p1a: Farigiraf|1\n|-damage|p1a: Farigiraf|23/100\n|-start|p1a: Farigiraf|Throat Chop|[silent]\n|-enditem|p1a: Farigiraf|Sitrus Berry|[eat]\n|-heal|p1a: Farigiraf|48/100|[from] item: Sitrus Berry\n|move|p1a: Farigiraf|Psychic|p2a: Machamp\n|-supereffective|p2a: Machamp|1\n|-damage|p2a: Machamp|4/100\n|\n|upkeep\n|turn|2\n|inactive|arthur.ayms has 30 seconds left.\n|\n|t:|1776315014\n|switch|p1a: Primarina|Primarina, L50, F|100/100\n|move|p2a: Machamp|Protect|p2a: Machamp\n|-singleturn|p2a: Machamp|Protect\n|move|p1b: Hydreigon|Dark Pulse|p2a: Machamp\n|-activate|p2a: Machamp|move: Protect\n|move|p2b: Incineroar|Parting Shot|p1b: Hydreigon\n|-unboost|p1b: Hydreigon|atk|1\n|-unboost|p1b: Hydreigon|spa|1\n|\n|t:|1776315027\n|switch|p2b: Sinistcha|Sinistcha-Masterpiece, L50|100/100|[from] Parting Shot\n|-heal|p2a: Machamp|29/100|[from] ability: Hospitality|[of] p2b: Sinistcha\n|\n|upkeep\n|turn|3\n|inactive|arthur.ayms has 30 seconds left.\n|\n|t:|1776315056\n|switch|p2a: Farigiraf|Farigiraf, L50, M|100/100\n|move|p1b: Hydreigon|Dark Pulse|p2b: Sinistcha\n|-supereffective|p2b: Sinistcha|1\n|-damage|p2b: Sinistcha|42/100\n|move|p1a: Primarina|Hyper Voice|p2b: Sinistcha|[spread] p2a,p2b\n|-resisted|p2b: Sinistcha|1\n|-damage|p2a: Farigiraf|63/100\n|-damage|p2b: Sinistcha|23/100\n|move|p2b: Sinistcha|Trick Room|p2b: Sinistcha\n|-fieldstart|move: Trick Room|[of] p2b: Sinistcha\n|\n|upkeep\n|turn|4\n|inactive|arthur.ayms has 30 seconds left.\n|\n|t:|1776315085\n|move|p1a: Primarina|Protect|p1a: Primarina\n|-singleturn|p1a: Primarina|Protect\n|move|p2a: Farigiraf|Psychic Fangs|p1a: Primarina\n|-activate|p1a: Primarina|move: Protect\n|move|p2b: Sinistcha|Matcha Gotcha|p1a: Primarina|[spread] p1b\n|-activate|p1a: Primarina|move: Protect\n|-resisted|p1b: Hydreigon|1\n|-damage|p1b: Hydreigon|87/100\n|-heal|p2b: Sinistcha|30/100|[from] drain|[of] p1b: Hydreigon\n|-status|p1b: Hydreigon|brn\n|move|p1b: Hydreigon|Dark Pulse|p2b: Sinistcha\n|-supereffective|p2b: Sinistcha|1\n|-damage|p2b: Sinistcha|0 fnt\n|faint|p2b: Sinistcha\n|\n|-damage|p1b: Hydreigon|81/100 brn|[from] brn\n|upkeep\n|\n|t:|1776315090\n|switch|p2b: Machamp|Machamp, L50, F|29/100\n|turn|5\n|\n|t:|1776315114\n|switch|p1b: Farigiraf|Farigiraf, L50, M|48/100\n|move|p2b: Machamp|Dynamic Punch|p1b: Farigiraf\n|-damage|p1b: Farigiraf|0 fnt\n|faint|p1b: Farigiraf\n|move|p2a: Farigiraf|Psychic Fangs|p1a: Primarina\n|-damage|p1a: Primarina|69/100\n|move|p1a: Primarina|Hyper Voice|p2b: Machamp|[spread] p2a,p2b\n|-damage|p2a: Farigiraf|21/100\n|-damage|p2b: Machamp|0 fnt\n|faint|p2b: Machamp\n|\n|upkeep\n|\n|t:|1776315129\n|switch|p2b: Incineroar|Incineroar, L50, M|100/100\n|switch|p1b: Aggron|Aggron, L50, M|100/100\n|-ability|p2b: Incineroar|Intimidate|boost\n|-unboost|p1a: Primarina|atk|1\n|-unboost|p1b: Aggron|atk|1\n|turn|6\n|\n|t:|1776315154\n|move|p1b: Aggron|Iron Defense|p1b: Aggron\n|-boost|p1b: Aggron|def|2\n|move|p2b: Incineroar|Throat Chop|p1a: Primarina\n|-resisted|p1a: Primarina|1\n|-damage|p1a: Primarina|44/100\n|-start|p1a: Primarina|Throat Chop|[silent]\n|cant|p1a: Primarina|move: Throat Chop\n|move|p2a: Farigiraf|Psychic Fangs|p1b: Aggron\n|-resisted|p1b: Aggron|1\n|-damage|p1b: Aggron|97/100\n|\n|upkeep\n|turn|7\n|\n|t:|1776315175\n|detailschange|p1b: Aggron|Aggron-Mega, L50, M\n|-mega|p1b: Aggron|Aggron|Aggronite\n|move|p1b: Aggron|Body Press|p2b: Incineroar\n|-supereffective|p2b: Incineroar|1\n|-damage|p2b: Incineroar|0 fnt\n|faint|p2b: Incineroar\n|move|p2a: Farigiraf|Psychic Fangs|p1a: Primarina\n|-damage|p1a: Primarina|11/100\n|move|p1a: Primarina|Moonblast|p2a: Farigiraf\n|-damage|p2a: Farigiraf|0 fnt\n|faint|p2a: Farigiraf\n|\n|win|drake78976\n|raw|drake78976's rating: 1132 &rarr; <strong>1159</strong><br />(+27 for winning)\n|raw|arthur.ayms's rating: 1159 &rarr; <strong>1132</strong><br />(-27 for losing)\n|l|\u2606arthur.ayms\n|player|p2|\n|l|\u2606drake78976\n|player|p1|\n|j|\u2606drake78976\n|player|p1|drake78976|li|\n",
  "uploadtime": 1776315353,
  "views": 23,
  "formatid": "gen9championsvgc2026regma",
  "rating": 1132,
  "private": 0,
  "password": null
}