{
  "id": "gen9championsvgc2026regma-2583574257",
  "format": "[Gen 9 Champions] VGC 2026 Reg M-A",
  "players": [
    "lfdgm",
    "kimiracer"
  ],
  "log": "|j|\u2606lfdgm\n|j|\u2606kimiracer\n|t:|1776184201\n|gametype|doubles\n|player|p1|lfdgm|skyla|1160\n|player|p2|kimiracer|2|1090\n|gen|9\n|tier|[Gen 9 Champions] VGC 2026 Reg M-A\n|rated|\n|rule|Species Clause: Limit one of each Pok\u00e9mon\n|rule|Item Clause: Limit 1 of each item\n|clearpoke\n|poke|p1|Drampa, L50, F|\n|poke|p1|Audino, L50, F|\n|poke|p1|Sinistcha, L50|\n|poke|p1|Torkoal, L50, M|\n|poke|p1|Scizor, L50, F|\n|poke|p1|Basculegion, L50, M|\n|poke|p2|Hydrapple, L50, M|\n|poke|p2|Golurk, L50|\n|poke|p2|Sinistcha, L50|\n|poke|p2|Torkoal, L50, F|\n|poke|p2|Kingambit, L50, M|\n|poke|p2|Oranguru, L50, F|\n|teampreview|4\n|inactive|Battle timer is ON: inactive players will automatically lose when time's up. (requested by kimiracer)\n|\n|t:|1776184233\n|teamsize|p1|4\n|teamsize|p2|4\n|start\n|switch|p1a: Audino|Audino, L50, F|100/100\n|switch|p1b: Basculegion|Basculegion, L50, M|100/100\n|switch|p2a: Hydrapple|Hydrapple, L50, M|100/100\n|switch|p2b: Oranguru|Oranguru, L50, F|100/100\n|turn|1\n|\n|t:|1776184243\n|move|p1b: Basculegion|Wave Crash|p2b: Oranguru\n|-damage|p2b: Oranguru|21/100\n|-damage|p1b: Basculegion|75/100|[from] Recoil\n|move|p1a: Audino|Wish|p1a: Audino\n|move|p2a: Hydrapple|Substitute|p2a: Hydrapple\n|-start|p2a: Hydrapple|Substitute\n|-damage|p2a: Hydrapple|76/100\n|move|p2b: Oranguru|Trick Room|p2b: Oranguru\n|-fieldstart|move: Trick Room|[of] p2b: Oranguru\n|\n|-heal|p2a: Hydrapple|82/100|[from] item: Leftovers\n|upkeep\n|turn|2\n|inactive|lfdgm has 30 seconds left.\n|\n|t:|1776184272\n|move|p2a: Hydrapple|Giga Drain|p1b: Basculegion\n|-supereffective|p1b: Basculegion|1\n|-damage|p1b: Basculegion|9/100\n|-heal|p2a: Hydrapple|100/100|[from] drain|[of] p1b: Basculegion\n|move|p1a: Audino|Wish||[still]\n|-fail|p1a: Audino\n|move|p2b: Oranguru|Taunt|p1a: Audino\n|-start|p1a: Audino|move: Taunt\n|move|p1b: Basculegion|Flip Turn|p2b: Oranguru\n|-damage|p2b: Oranguru|0 fnt\n|faint|p2b: Oranguru\n|\n|t:|1776184295\n|switch|p1b: Torkoal|Torkoal, L50, M|100/100|[from] Flip Turn\n|-weather|SunnyDay|[from] ability: Drought|[of] p1b: Torkoal\n|\n|-weather|SunnyDay|[upkeep]\n|upkeep\n|\n|t:|1776184302\n|switch|p2b: Golurk|Golurk, L50|100/100\n|turn|3\n|\n|t:|1776184313\n|switch|p1a: Basculegion|Basculegion, L50, M|9/100\n|detailschange|p2b: Golurk|Golurk-Mega, L50\n|-mega|p2b: Golurk|Golurk|Golurkite\n|move|p1b: Torkoal|Will-O-Wisp|p2b: Golurk\n|-status|p2b: Golurk|brn\n|move|p2a: Hydrapple|Nasty Plot|p2a: Hydrapple\n|-boost|p2a: Hydrapple|spa|2\n|move|p2b: Golurk|Headlong Rush|p1b: Torkoal\n|-supereffective|p1b: Torkoal|1\n|-damage|p1b: Torkoal|56/100\n|-unboost|p2b: Golurk|def|1\n|-unboost|p2b: Golurk|spd|1\n|\n|-weather|SunnyDay|[upkeep]\n|-damage|p2b: Golurk|94/100 brn|[from] brn\n|upkeep\n|turn|4\n|inactive|kimiracer has 30 seconds left.\n|\n|t:|1776184340\n|move|p1b: Torkoal|Eruption|p2b: Golurk|[spread] p2a,p2b\n|-crit|p2a: Hydrapple\n|-end|p2a: Hydrapple|Substitute\n|-damage|p2b: Golurk|48/100 brn\n|move|p2a: Hydrapple|Fickle Beam|p1b: Torkoal|[anim] Fickle Beam All Out\n|-activate|p2a: Hydrapple|move: Fickle Beam\n|-damage|p1b: Torkoal|0 fnt\n|faint|p1b: Torkoal\n|move|p2b: Golurk|Poltergeist|p1a: Basculegion\n|-activate|p1a: Basculegion|move: Poltergeist|Mystic Water\n|-supereffective|p1a: Basculegion|1\n|-damage|p1a: Basculegion|0 fnt\n|faint|p1a: Basculegion\n|\n|-weather|SunnyDay|[upkeep]\n|-damage|p2b: Golurk|42/100 brn|[from] brn\n|upkeep\n|\n|t:|1776184351\n|switch|p1b: Audino|Audino, L50, F|100/100\n|switch|p1a: Drampa|Drampa, L50, F|100/100\n|-ability|p1a: Drampa|Cloud Nine\n|turn|5\n|\n|t:|1776184376\n|detailschange|p1a: Drampa|Drampa-Mega, L50, F\n|-mega|p1a: Drampa|Drampa|Drampanite\n|move|p1b: Audino|Ally Switch|p1b: Audino\n|swap|p1b: Audino|0|[from] move: Ally Switch\n|move|p1b: Drampa|Dragon Pulse|p2a: Hydrapple\n|-supereffective|p2a: Hydrapple|1\n|-damage|p2a: Hydrapple|24/100\n|move|p2a: Hydrapple|Fickle Beam|p1a: Audino\n|-damage|p1a: Audino|46/100\n|move|p2b: Golurk|Headlong Rush|p1b: Drampa\n|-damage|p1b: Drampa|73/100\n|-unboost|p2b: Golurk|def|1\n|-unboost|p2b: Golurk|spd|1\n|\n|-weather|SunnyDay|[upkeep]\n|-heal|p2a: Hydrapple|31/100|[from] item: Leftovers\n|-heal|p1a: Audino|52/100|[from] item: Leftovers\n|-damage|p2b: Golurk|36/100 brn|[from] brn\n|-fieldend|move: Trick Room\n|upkeep\n|turn|6\n|inactive|kimiracer has 30 seconds left.\n|\n|t:|1776184404\n|switch|p2a: Sinistcha|Sinistcha, L50|100/100\n|-heal|p2b: Golurk|61/100 brn|[from] ability: Hospitality|[of] p2a: Sinistcha\n|move|p1b: Drampa|Protect|p1b: Drampa\n|-singleturn|p1b: Drampa|Protect\n|move|p2b: Golurk|Ice Punch|p1b: Drampa\n|-supereffective|p1b: Drampa|1\n|-ability|p2b: Golurk|Unseen Fist\n|-zbroken|p1b: Drampa\n|-damage|p1b: Drampa|67/100\n|move|p1a: Audino|Trick Room|p1a: Audino\n|-fieldstart|move: Trick Room|[of] p1a: Audino\n|\n|-weather|none\n|-heal|p1a: Audino|58/100|[from] item: Leftovers\n|-damage|p2b: Golurk|55/100 brn|[from] brn\n|upkeep\n|turn|7\n|\n|t:|1776184430\n|move|p2a: Sinistcha|Rage Powder|p2a: Sinistcha\n|-singleturn|p2a: Sinistcha|move: Rage Powder\n|move|p1b: Drampa|Dragon Pulse|p2a: Sinistcha\n|-damage|p2a: Sinistcha|57/100\n|move|p2b: Golurk|Ice Punch|p1a: Audino\n|-damage|p1a: Audino|47/100\n|-status|p1a: Audino|frz\n|cant|p1a: Audino|frz\n|\n|-heal|p1a: Audino|53/100 frz|[from] item: Leftovers\n|-damage|p2b: Golurk|48/100 brn|[from] brn\n|upkeep\n|turn|8\n|\n|t:|1776184444\n|move|p1b: Drampa|Dragon Pulse|p2a: Sinistcha\n|-crit|p2a: Sinistcha\n|-damage|p2a: Sinistcha|0 fnt\n|faint|p2a: Sinistcha\n|-curestatus|p1a: Audino|frz|[msg]\n|move|p1a: Audino|Wish|p1a: Audino\n|move|p2b: Golurk|Ice Punch|p1b: Drampa\n|-supereffective|p1b: Drampa|1\n|-damage|p1b: Drampa|42/100\n|-status|p1b: Drampa|frz\n|-ability|p1b: Drampa|Berserk|boost\n|-boost|p1b: Drampa|spa|1\n|\n|-heal|p1a: Audino|59/100|[from] item: Leftovers\n|-damage|p2b: Golurk|42/100 brn|[from] brn\n|upkeep\n|c|\u2606lfdgm|broooooooo double freeze is wild\n|\n|t:|1776184462\n|switch|p2a: Hydrapple|Hydrapple, L50, M|64/100\n|turn|9\n|\n|t:|1776184475\n|-curestatus|p1b: Drampa|frz|[msg]\n|move|p1b: Drampa|Protect|p1b: Drampa\n|-singleturn|p1b: Drampa|Protect\n|move|p1a: Audino|Ally Switch|p1a: Audino\n|swap|p1a: Audino|1|[from] move: Ally Switch\n|move|p2a: Hydrapple|Fickle Beam|p1b: Audino\n|-damage|p1b: Audino|33/100\n|move|p2b: Golurk|Headlong Rush|p1a: Drampa\n|-ability|p2b: Golurk|Unseen Fist\n|-zbroken|p1a: Drampa\n|-damage|p1a: Drampa|35/100\n|-unboost|p2b: Golurk|def|1\n|-unboost|p2b: Golurk|spd|1\n|\n|-heal|p1a: Drampa|92/100|[from] move: Wish|[wisher] Audino\n|-heal|p2a: Hydrapple|70/100|[from] item: Leftovers\n|-heal|p1b: Audino|39/100|[from] item: Leftovers\n|-damage|p2b: Golurk|36/100 brn|[from] brn\n|upkeep\n|turn|10\n|inactive|kimiracer has 30 seconds left.\n|\n|t:|1776184500\n|move|p1a: Drampa|Dragon Pulse|p2a: Hydrapple\n|-supereffective|p2a: Hydrapple|1\n|-damage|p2a: Hydrapple|0 fnt\n|faint|p2a: Hydrapple\n|move|p1b: Audino|Wish|p1b: Audino\n|move|p2b: Golurk|Ice Punch|p1b: Audino\n|-damage|p1b: Audino|28/100\n|\n|-heal|p1b: Audino|34/100|[from] item: Leftovers\n|-damage|p2b: Golurk|30/100 brn|[from] brn\n|-fieldend|move: Trick Room\n|upkeep\n|turn|11\n|-message|kimiracer forfeited.\n|\n|win|lfdgm\n|raw|lfdgm's rating: 1160 &rarr; <strong>1180</strong><br />(+20 for winning)\n|raw|kimiracer's rating: 1090 &rarr; <strong>1071</strong><br />(-19 for losing)\n|l|\u2606kimiracer\n|player|p2|\n",
  "uploadtime": 1776184522,
  "views": 12,
  "formatid": "gen9championsvgc2026regma",
  "rating": 1071,
  "private": 0,
  "password": null
}