{
  "id": "gen9championsvgc2026regma-2584964645",
  "format": "[Gen 9 Champions] VGC 2026 Reg M-A",
  "players": [
    "happorere",
    "YourBoyAiden"
  ],
  "log": "|j|\u2606happorere\n|j|\u2606YourBoyAiden\n|t:|1776298755\n|gametype|doubles\n|player|p1|happorere|acetrainerf-gen4dp|1049\n|player|p2|YourBoyAiden|rocketgrunt|1000\n|gen|9\n|tier|[Gen 9 Champions] VGC 2026 Reg M-A\n|rated|\n|rule|Species Clause: Limit one of each Pok\u00e9mon\n|rule|Item Clause: Limit 1 of each item\n|clearpoke\n|poke|p1|Spiritomb, L50, M|\n|poke|p1|Gengar, L50, M|\n|poke|p1|Sableye, L50, M|\n|poke|p1|Chandelure, L50, F|\n|poke|p1|Banette, L50, M|\n|poke|p1|Ceruledge, L50, F|\n|poke|p2|Golurk, L50|\n|poke|p2|Farigiraf, L50, F|\n|poke|p2|Sinistcha-Masterpiece, L50|\n|poke|p2|Gardevoir, L50, M|\n|poke|p2|Volcarona, L50, F|\n|poke|p2|Aerodactyl, L50, F|\n|teampreview|4\n|inactive|Battle timer is ON: inactive players will automatically lose when time's up. (requested by YourBoyAiden)\n|\n|t:|1776298773\n|teamsize|p1|4\n|teamsize|p2|4\n|start\n|switch|p1a: Gengar|Gengar, L50, M|100/100\n|switch|p1b: Spiritomb|Spiritomb, L50, M|100/100\n|switch|p2a: Aerodactyl|Aerodactyl, L50, F|100/100\n|switch|p2b: Volcarona|Volcarona, L50, F|100/100\n|-ability|p2a: Aerodactyl|Unnerve\n|turn|1\n|inactive|happorere has 30 seconds left.\n|\n|t:|1776298803\n|move|p2a: Aerodactyl|Tailwind|p2a: Aerodactyl\n|-sidestart|p2: YourBoyAiden|move: Tailwind\n|move|p2b: Volcarona|Heat Wave|p1a: Gengar|[spread] p1a,p1b\n|-damage|p1a: Gengar|35/100\n|-damage|p1b: Spiritomb|60/100\n|move|p1a: Gengar|Icy Wind|p2a: Aerodactyl|[spread] p2a,p2b\n|-supereffective|p2a: Aerodactyl|1\n|-resisted|p2b: Volcarona|1\n|-damage|p2a: Aerodactyl|58/100\n|-damage|p2b: Volcarona|94/100\n|-unboost|p2a: Aerodactyl|spe|1\n|-unboost|p2b: Volcarona|spe|1\n|move|p1b: Spiritomb|Poltergeist|p2b: Volcarona\n|-activate|p2b: Volcarona|move: Poltergeist|Charcoal\n|-damage|p2b: Volcarona|16/100\n|\n|upkeep\n|turn|2\n|inactive|happorere has 30 seconds left.\n|\n|t:|1776298829\n|switch|p2b: Sinistcha|Sinistcha-Masterpiece, L50|100/100\n|-heal|p2a: Aerodactyl|83/100|[from] ability: Hospitality|[of] p2b: Sinistcha\n|move|p2a: Aerodactyl|Rock Slide|p1a: Gengar|[spread] p1a,p1b\n|-damage|p1a: Gengar|0 fnt\n|-damage|p1b: Spiritomb|25/100\n|faint|p1a: Gengar\n|move|p1b: Spiritomb|Poltergeist|p2a: Aerodactyl\n|-activate|p2a: Aerodactyl|move: Poltergeist|Hard Stone\n|-damage|p2a: Aerodactyl|4/100\n|\n|upkeep\n|\n|t:|1776298844\n|switch|p1a: Banette|Banette, L50, M|100/100\n|turn|3\n|\n|t:|1776298856\n|move|p1a: Banette|Shadow Sneak|p2a: Aerodactyl\n|-damage|p2a: Aerodactyl|0 fnt\n|faint|p2a: Aerodactyl\n|move|p2b: Sinistcha|Shadow Ball|p1b: Spiritomb\n|-damage|p1b: Spiritomb|0 fnt\n|faint|p1b: Spiritomb\n|\n|upkeep\n|\n|t:|1776298864\n|switch|p2a: Gardevoir|Gardevoir, L50, M|100/100\n|switch|p1b: Chandelure|Chandelure, L50, F|100/100\n|-ability|p2a: Gardevoir|Infiltrator|Trace|[from] ability: Trace|[of] p1b: Chandelure\n|turn|4\n|\n|t:|1776298886\n|detailschange|p2a: Gardevoir|Gardevoir-Mega, L50, M\n|-mega|p2a: Gardevoir|Gardevoir|Gardevoirite\n|detailschange|p1b: Chandelure|Chandelure-Mega, L50, F\n|-mega|p1b: Chandelure|Chandelure|Chandelurite\n|move|p2a: Gardevoir|Hyper Voice|p1a: Banette|[spread] p1a,p1b\n|-resisted|p1b: Chandelure|1\n|-damage|p1a: Banette|23/100\n|-damage|p1b: Chandelure|72/100\n|move|p2b: Sinistcha|Shadow Ball|p1a: Banette\n|-supereffective|p1a: Banette|1\n|-enditem|p1a: Banette|Kasib Berry|[eat]\n|-enditem|p1a: Banette|Kasib Berry|[weaken]\n|-damage|p1a: Banette|0 fnt\n|faint|p1a: Banette\n|move|p1b: Chandelure|Calm Mind|p1b: Chandelure\n|-boost|p1b: Chandelure|spa|1\n|-boost|p1b: Chandelure|spd|1\n|\n|-sideend|p2: YourBoyAiden|move: Tailwind\n|upkeep\n|turn|5\n|\n|t:|1776298905\n|move|p2a: Gardevoir|Shadow Ball|p1b: Chandelure\n|-supereffective|p1b: Chandelure|1\n|-damage|p1b: Chandelure|20/100\n|-unboost|p1b: Chandelure|spd|1\n|move|p1b: Chandelure|Heat Wave|p2b: Sinistcha|[spread] p2a,p2b\n|-supereffective|p2b: Sinistcha|1\n|-damage|p2a: Gardevoir|32/100\n|-damage|p2b: Sinistcha|0 fnt\n|faint|p2b: Sinistcha\n|\n|upkeep\n|\n|t:|1776298912\n|switch|p2b: Volcarona|Volcarona, L50, F|16/100\n|turn|6\n|-message|happorere forfeited.\n|\n|win|YourBoyAiden\n|raw|happorere's rating: 1049 &rarr; <strong>1029</strong><br />(-20 for losing)\n|raw|YourBoyAiden's rating: 1000 &rarr; <strong>1046</strong><br />(+46 for winning)\n|l|\u2606happorere\n|player|p1|\n",
  "uploadtime": 1776298922,
  "views": 20,
  "formatid": "gen9championsvgc2026regma",
  "rating": 1029,
  "private": 0,
  "password": null
}