{
  "id": "gen9championsvgc2026regma-2584176633",
  "format": "[Gen 9 Champions] VGC 2026 Reg M-A",
  "players": [
    "strongestManAlive",
    "rus0804"
  ],
  "log": "|j|\u2606strongestManAlive\n|j|\u2606rus0804\n|t:|1776234557\n|gametype|doubles\n|player|p1|strongestManAlive|266|1088\n|player|p2|rus0804|266|1122\n|gen|9\n|tier|[Gen 9 Champions] VGC 2026 Reg M-A\n|rated|\n|rule|Species Clause: Limit one of each Pok\u00e9mon\n|rule|Item Clause: Limit 1 of each item\n|clearpoke\n|poke|p1|Pelipper, L50, F|\n|poke|p1|Incineroar, L50, F|\n|poke|p1|Basculegion, L50, M|\n|poke|p1|Archaludon, L50, F|\n|poke|p1|Dragonite, L50, M|\n|poke|p1|Sneasler, L50, F|\n|poke|p2|Meganium, L50, F|\n|poke|p2|Aerodactyl, L50, F|\n|poke|p2|Tauros-Paldea-Aqua, L50, M|\n|poke|p2|Typhlosion-Hisui, L50, M|\n|poke|p2|Archaludon, L50, F|\n|poke|p2|Kangaskhan, L50, F|\n|teampreview|4\n|\n|t:|1776234588\n|teamsize|p1|4\n|teamsize|p2|4\n|start\n|switch|p1a: Pelipper|Pelipper, L50, F|100/100\n|switch|p1b: Archaludon|Archaludon, L50, F|100/100\n|switch|p2a: Kangy|Kangaskhan, L50, F|100/100\n|switch|p2b: Airy|Aerodactyl, L50, F|100/100\n|-ability|p2b: Airy|Unnerve\n|-weather|RainDance|[from] ability: Drizzle|[of] p1a: Pelipper\n|turn|1\n|\n|t:|1776234609\n|move|p2b: Airy|Protect|p2b: Airy\n|-singleturn|p2b: Airy|Protect\n|move|p2a: Kangy|Fake Out|p1a: Pelipper\n|-damage|p1a: Pelipper|79/100\n|cant|p1a: Pelipper|flinch\n|move|p1b: Archaludon|Electro Shot||[still]\n|-prepare|p1b: Archaludon|Electro Shot\n|-boost|p1b: Archaludon|spa|1\n|-anim|p1b: Archaludon|Electro Shot|p2b: Airy\n|-activate|p2b: Airy|move: Protect\n|\n|-weather|RainDance|[upkeep]\n|upkeep\n|turn|2\n|\n|t:|1776234658\n|move|p2b: Airy|Tailwind|p2b: Airy\n|-sidestart|p2: rus0804|move: Tailwind\n|move|p2a: Kangy|Low Kick|p1b: Archaludon\n|-supereffective|p1b: Archaludon|1\n|-damage|p1b: Archaludon|60/100\n|-ability|p1b: Archaludon|Stamina|boost\n|-boost|p1b: Archaludon|def|1\n|move|p1a: Pelipper|Tailwind|p1a: Pelipper\n|-sidestart|p1: strongestManAlive|move: Tailwind\n|move|p1b: Archaludon|Electro Shot||[still]\n|-prepare|p1b: Archaludon|Electro Shot\n|-boost|p1b: Archaludon|spa|1\n|-anim|p1b: Archaludon|Electro Shot|p2b: Airy\n|-supereffective|p2b: Airy|1\n|-enditem|p2b: Airy|Focus Sash\n|-damage|p2b: Airy|1/100\n|\n|-weather|RainDance|[upkeep]\n|-heal|p1b: Archaludon|67/100|[from] item: Leftovers\n|upkeep\n|turn|3\n|\n|t:|1776234691\n|move|p2b: Airy|Rock Slide|p1b: Archaludon|[spread] p1a,p1b\n|-supereffective|p1a: Pelipper|1\n|-resisted|p1b: Archaludon|1\n|-damage|p1a: Pelipper|11/100\n|-damage|p1b: Archaludon|60/100\n|-ability|p1b: Archaludon|Stamina|boost\n|-boost|p1b: Archaludon|def|1\n|move|p2a: Kangy|Double-Edge|p1a: Pelipper\n|-damage|p1a: Pelipper|0 fnt\n|faint|p1a: Pelipper\n|-damage|p2a: Kangy|98/100|[from] Recoil\n|move|p1b: Archaludon|Electro Shot||[still]\n|-prepare|p1b: Archaludon|Electro Shot\n|-boost|p1b: Archaludon|spa|1\n|-anim|p1b: Archaludon|Electro Shot|p2a: Kangy\n|-damage|p2a: Kangy|0 fnt\n|faint|p2a: Kangy\n|\n|-weather|RainDance|[upkeep]\n|-heal|p1b: Archaludon|66/100|[from] item: Leftovers\n|upkeep\n|\n|t:|1776234723\n|switch|p2a: Tau|Tauros-Paldea-Aqua, L50, M|100/100\n|switch|p1a: Dragonite|Dragonite, L50, M|100/100\n|-ability|p2a: Tau|Intimidate|boost\n|-unboost|p1a: Dragonite|atk|1\n|-unboost|p1b: Archaludon|atk|1\n|turn|4\n|\n|t:|1776234753\n|detailschange|p1a: Dragonite|Dragonite-Mega, L50, M\n|-mega|p1a: Dragonite|Dragonite|Dragoninite\n|move|p2b: Airy|Rock Slide|p1a: Dragonite|[spread] p1a,p1b\n|-supereffective|p1a: Dragonite|1\n|-resisted|p1b: Archaludon|1\n|-damage|p1a: Dragonite|77/100\n|-damage|p1b: Archaludon|61/100\n|-ability|p1b: Archaludon|Stamina|boost\n|-boost|p1b: Archaludon|def|1\n|move|p2a: Tau|Close Combat|p1b: Archaludon\n|-supereffective|p1b: Archaludon|1\n|-damage|p1b: Archaludon|25/100\n|-unboost|p2a: Tau|def|1\n|-unboost|p2a: Tau|spd|1\n|-ability|p1b: Archaludon|Stamina|boost\n|-boost|p1b: Archaludon|def|1\n|-enditem|p2a: Tau|White Herb\n|-clearnegativeboost|p2a: Tau|[silent]\n|cant|p1a: Dragonite|flinch\n|move|p1b: Archaludon|Electro Shot||[still]\n|-prepare|p1b: Archaludon|Electro Shot\n|-boost|p1b: Archaludon|spa|1\n|-anim|p1b: Archaludon|Electro Shot|p2a: Tau\n|-supereffective|p2a: Tau|1\n|-damage|p2a: Tau|0 fnt\n|faint|p2a: Tau\n|\n|-weather|RainDance|[upkeep]\n|-heal|p1b: Archaludon|31/100|[from] item: Leftovers\n|upkeep\n|\n|t:|1776234773\n|switch|p2a: Typho|Typhlosion-Hisui, L50, M|100/100\n|-item|p1a: Dragonite|Dragoninite|[from] ability: Frisk|[of] p2a: Typho\n|-item|p1b: Archaludon|Leftovers|[from] ability: Frisk|[of] p2a: Typho\n|turn|5\n|\n|t:|1776234803\n|switch|p1a: Incineroar|Incineroar, L50, F|100/100\n|-ability|p1a: Incineroar|Intimidate|boost\n|-unboost|p2a: Typho|atk|1\n|-unboost|p2b: Airy|atk|1\n|move|p2a: Typho|Shadow Ball|p1b: Archaludon\n|-damage|p1b: Archaludon|0 fnt\n|faint|p1b: Archaludon\n|move|p2b: Airy|Rock Slide|p1a: Incineroar\n|-supereffective|p1a: Incineroar|1\n|-crit|p1a: Incineroar\n|-damage|p1a: Incineroar|1/100\n|\n|-weather|none\n|-sideend|p1: strongestManAlive|move: Tailwind\n|-sideend|p2: rus0804|move: Tailwind\n|upkeep\n|\n|t:|1776234815\n|switch|p1b: Dragonite|Dragonite-Mega, L50, M|77/100\n|turn|6\n|\n|t:|1776234825\n|move|p2b: Airy|Protect|p2b: Airy\n|-singleturn|p2b: Airy|Protect\n|move|p1a: Incineroar|Fake Out|p2b: Airy\n|-activate|p2b: Airy|move: Protect\n|move|p2a: Typho|Shadow Ball|p1b: Dragonite\n|-crit|p1b: Dragonite\n|-damage|p1b: Dragonite|28/100\n|move|p1b: Dragonite|Draco Meteor|p2a: Typho\n|-damage|p2a: Typho|0 fnt\n|-unboost|p1b: Dragonite|spa|2\n|faint|p2a: Typho\n|\n|upkeep\n|turn|7\n|\n|t:|1776234847\n|move|p2b: Airy|Rock Slide|p1b: Dragonite|[spread] p1a,p1b\n|-supereffective|p1a: Incineroar|1\n|-supereffective|p1b: Dragonite|1\n|-damage|p1a: Incineroar|0 fnt\n|-damage|p1b: Dragonite|0 fnt\n|faint|p1a: Incineroar\n|faint|p1b: Dragonite\n|\n|win|rus0804\n|raw|strongestManAlive's rating: 1088 &rarr; <strong>1067</strong><br />(-21 for losing)\n|raw|rus0804's rating: 1122 &rarr; <strong>1145</strong><br />(+23 for winning)\n|c|\u2606strongestManAlive|ggs\n|c|\u2606rus0804|gg\n|l|\u2606strongestManAlive\n|player|p1|\n",
  "uploadtime": 1776234860,
  "views": 17,
  "formatid": "gen9championsvgc2026regma",
  "rating": 1067,
  "private": 0,
  "password": null
}