{
  "id": "gen9championsvgc2026regma-2580710696",
  "format": "[Gen 9 Champions] VGC 2026 Reg M-A",
  "players": [
    "pedolemefc",
    "lolgz"
  ],
  "log": "|j|\u2606pedolemefc\n|j|\u2606lolgz\n|t:|1775926210\n|gametype|doubles\n|player|p1|pedolemefc|102|1131\n|player|p2|lolgz|265|1197\n|gen|9\n|tier|[Gen 9 Champions] VGC 2026 Reg M-A\n|rated|\n|rule|Species Clause: Limit one of each Pok\u00e9mon\n|rule|Item Clause: Limit 1 of each item\n|clearpoke\n|poke|p1|Tyranitar, L50, M|\n|poke|p1|Lycanroc, L50, F|\n|poke|p1|Gyarados, L50, M|\n|poke|p1|Talonflame, L50, M|\n|poke|p1|Floette-Eternal, L50, F|\n|poke|p1|Garchomp, L50, M|\n|poke|p2|Charizard, L50, F|\n|poke|p2|Whimsicott, L50, F|\n|poke|p2|Basculegion, L50, M|\n|poke|p2|Farigiraf, L50, M|\n|poke|p2|Sneasler, L50, M|\n|poke|p2|Floette-Eternal, L50, F|\n|teampreview|4\n|\n|t:|1775926226\n|teamsize|p1|4\n|teamsize|p2|4\n|start\n|switch|p1a: Tyranitar|Tyranitar, L50, M|100/100\n|switch|p1b: Lycanroc|Lycanroc, L50, F|100/100\n|switch|p2a: Whimsicott|Whimsicott, L50, F|100/100\n|switch|p2b: Floette|Floette-Eternal, L50, F|100/100\n|-weather|Sandstorm|[from] ability: Sand Stream|[of] p1a: Tyranitar\n|turn|1\n|inactive|Battle timer is ON: inactive players will automatically lose when time's up. (requested by pedolemefc)\n|inactive|pedolemefc has 60 seconds left.\n|\n|t:|1775926268\n|detailschange|p1a: Tyranitar|Tyranitar-Mega, L50, M\n|-mega|p1a: Tyranitar|Tyranitar|Tyranitarite\n|move|p2b: Floette|Protect|p2b: Floette\n|-singleturn|p2b: Floette|Protect\n|move|p2a: Whimsicott|Tailwind|p2a: Whimsicott\n|-sidestart|p2: lolgz|move: Tailwind\n|move|p1b: Lycanroc|Rock Slide|p2b: Floette|[spread] p2a\n|-activate|p2b: Floette|move: Protect\n|-damage|p2a: Whimsicott|63/100\n|move|p1a: Tyranitar|Rock Slide|p2b: Floette|[spread] p2a\n|-activate|p2b: Floette|move: Protect\n|-damage|p2a: Whimsicott|6/100\n|\n|-weather|Sandstorm|[upkeep]\n|-damage|p2a: Whimsicott|0 fnt|[from] Sandstorm\n|-damage|p2b: Floette|94/100|[from] Sandstorm\n|faint|p2a: Whimsicott\n|upkeep\n|\n|t:|1775926292\n|switch|p2a: Sneasler|Sneasler, L50, M|100/100\n|turn|2\n|\n|t:|1775926305\n|switch|p1a: Gyarados|Gyarados, L50, M|100/100\n|-ability|p1a: Gyarados|Intimidate|boost\n|-unboost|p2a: Sneasler|atk|1\n|-unboost|p2b: Floette|atk|1\n|-enditem|p2a: Sneasler|White Herb\n|-clearnegativeboost|p2a: Sneasler|[silent]\n|detailschange|p2b: Floette|Floette-Mega, L50, F\n|-mega|p2b: Floette|Floette|Floettite\n|-ability|p2b: Floette|Fairy Aura\n|move|p1b: Lycanroc|Protect|p1b: Lycanroc\n|-singleturn|p1b: Lycanroc|Protect\n|move|p2a: Sneasler|Fake Out|p1a: Gyarados\n|-damage|p1a: Gyarados|85/100\n|move|p2b: Floette|Dazzling Gleam|p1a: Gyarados|[spread] p1a\n|-activate|p1b: Lycanroc|move: Protect\n|-damage|p1a: Gyarados|42/100\n|-enditem|p1a: Gyarados|Sitrus Berry|[eat]\n|-heal|p1a: Gyarados|67/100|[from] item: Sitrus Berry\n|\n|-weather|Sandstorm|[upkeep]\n|-damage|p2a: Sneasler|95/100|[from] Sandstorm\n|-damage|p2b: Floette|88/100|[from] Sandstorm\n|-damage|p1a: Gyarados|61/100|[from] Sandstorm\n|upkeep\n|turn|3\n|\n|t:|1775926329\n|move|p2a: Sneasler|Close Combat|p1b: Lycanroc\n|-supereffective|p1b: Lycanroc|1\n|-enditem|p1b: Lycanroc|Focus Sash\n|-damage|p1b: Lycanroc|1/100\n|-unboost|p2a: Sneasler|def|1\n|-unboost|p2a: Sneasler|spd|1\n|move|p1b: Lycanroc|Psychic Fangs|p2a: Sneasler\n|-supereffective|p2a: Sneasler|2\n|-damage|p2a: Sneasler|0 fnt\n|faint|p2a: Sneasler\n|move|p2b: Floette|Dazzling Gleam|p1b: Lycanroc|[spread] p1a,p1b\n|-crit|p1a: Gyarados\n|-damage|p1a: Gyarados|5/100\n|-damage|p1b: Lycanroc|0 fnt\n|faint|p1b: Lycanroc\n|move|p1a: Gyarados|Thunder Wave|p2b: Floette\n|-status|p2b: Floette|par\n|\n|-weather|Sandstorm|[upkeep]\n|-damage|p2b: Floette|82/100 par|[from] Sandstorm\n|-damage|p1a: Gyarados|0 fnt|[from] Sandstorm\n|faint|p1a: Gyarados\n|upkeep\n|\n|t:|1775926345\n|switch|p1b: Garchomp|Garchomp, L50, M|100/100\n|switch|p2a: Basculegion|Basculegion, L50, M|100/100\n|switch|p1a: Tyranitar|Tyranitar-Mega, L50, M|100/100\n|turn|4\n|inactive|pedolemefc has 30 seconds left.\n|\n|t:|1775926370\n|move|p1a: Tyranitar|Protect|p1a: Tyranitar\n|-singleturn|p1a: Tyranitar|Protect\n|move|p2a: Basculegion|Wave Crash|p1a: Tyranitar\n|-activate|p1a: Tyranitar|move: Protect\n|move|p2b: Floette|Dazzling Gleam|p1b: Garchomp|[spread] p1b\n|-activate|p1a: Tyranitar|move: Protect\n|-supereffective|p1b: Garchomp|1\n|-damage|p1b: Garchomp|2/100\n|move|p1b: Garchomp|Earthquake|p2b: Floette|[spread] p2a,p2b\n|-activate|p1a: Tyranitar|move: Protect\n|-damage|p2a: Basculegion|47/100\n|-damage|p2b: Floette|27/100 par\n|\n|-weather|Sandstorm|[upkeep]\n|-damage|p2a: Basculegion|40/100|[from] Sandstorm\n|-damage|p2b: Floette|21/100 par|[from] Sandstorm\n|-sideend|p2: lolgz|move: Tailwind\n|upkeep\n|turn|5\n|inactive|pedolemefc has 30 seconds left.\n|inactive|pedolemefc has 20 seconds left.\n|inactive|pedolemefc has 15 seconds left.\n|\n|t:|1775926415\n|move|p2b: Floette|Protect|p2b: Floette\n|-singleturn|p2b: Floette|Protect\n|move|p2a: Basculegion|Wave Crash|p1b: Garchomp\n|-damage|p1b: Garchomp|0 fnt\n|faint|p1b: Garchomp\n|-damage|p2a: Basculegion|40/100|[from] Recoil\n|move|p1a: Tyranitar|Knock Off|p2a: Basculegion\n|-supereffective|p2a: Basculegion|1\n|-damage|p2a: Basculegion|0 fnt\n|-enditem|p2a: Basculegion|Choice Scarf|[from] move: Knock Off|[of] p1a: Tyranitar\n|faint|p2a: Basculegion\n|\n|-weather|none\n|upkeep\n|turn|6\n|\n|t:|1775926438\n|move|p1a: Tyranitar|Rock Slide|p2b: Floette\n|-damage|p2b: Floette|0 fnt\n|faint|p2b: Floette\n|\n|win|pedolemefc\n|raw|pedolemefc's rating: 1131 &rarr; <strong>1161</strong><br />(+30 for winning)\n|raw|lolgz's rating: 1197 &rarr; <strong>1167</strong><br />(-30 for losing)\n",
  "uploadtime": 1775926438,
  "views": 14,
  "formatid": "gen9championsvgc2026regma",
  "rating": 1161,
  "private": 0,
  "password": null
}