{
  "id": "gen9championsvgc2026regma-2587212561",
  "format": "[Gen 9 Champions] VGC 2026 Reg M-A",
  "players": [
    "SWAGSOLDIER08",
    "Kolakoala44"
  ],
  "log": "|j|\u2606SWAGSOLDIER08\n|j|\u2606Kolakoala44\n|t:|1776509678\n|gametype|doubles\n|player|p1|SWAGSOLDIER08|dawn|\n|player|p2|Kolakoala44|steven|\n|gen|9\n|tier|[Gen 9 Champions] VGC 2026 Reg M-A\n|rule|Species Clause: Limit one of each Pok\u00e9mon\n|rule|Item Clause: Limit 1 of each item\n|clearpoke\n|poke|p1|Manectric, L50, F|\n|poke|p1|Milotic, L50, M|\n|poke|p1|Excadrill, L50, F|\n|poke|p1|Drampa, L50, F|\n|poke|p1|Whimsicott, L50, F|\n|poke|p1|Hydreigon, L50, M|\n|poke|p2|Politoed, L50, F|\n|poke|p2|Gengar, L50, M|\n|poke|p2|Incineroar, L50, F|\n|poke|p2|Palafin, L50, F|\n|poke|p2|Whimsicott, L50, M|\n|poke|p2|Kommo-o, L50, M|\n|teampreview|4\n|inactive|Battle timer is ON: inactive players will automatically lose when time's up. (requested by SWAGSOLDIER08)\nKolakoala44 has agreed to open team sheets.\n|inactiveoff|Battle timer is now OFF.\n|c|\u2606SWAGSOLDIER08|forgive if my moves are slow, still wrapping up a game\n|\n|t:|1776509749\n|teamsize|p1|4\n|teamsize|p2|4\n|start\n|switch|p1a: Excadrill|Excadrill, L50, F|100/100\n|switch|p1b: Whimsicott|Whimsicott, L50, F|100/100\n|switch|p2a: Gengar|Gengar, L50, M|100/100\n|switch|p2b: Whimsicott|Whimsicott, L50, M|100/100\n|turn|1\n|c|\u2606Kolakoala44|All good\n|c|\u2606Kolakoala44|Glhf\n|\n|t:|1776509790\n|detailschange|p2a: Gengar|Gengar-Mega, L50, M\n|-mega|p2a: Gengar|Gengar|Gengarite\n|detailschange|p1a: Excadrill|Excadrill-Mega, L50, F\n|-mega|p1a: Excadrill|Excadrill|Excadrite\n|move|p2a: Gengar|Protect|p2a: Gengar\n|-singleturn|p2a: Gengar|Protect\n|move|p2b: Whimsicott|Tailwind|p2b: Whimsicott\n|-sidestart|p2: Kolakoala44|move: Tailwind\n|move|p1b: Whimsicott|Tailwind|p1b: Whimsicott\n|-sidestart|p1: SWAGSOLDIER08|move: Tailwind\n|move|p1a: Excadrill|Earthquake|p2b: Whimsicott|[spread] p1b,p2b\n|-activate|p2a: Gengar|move: Protect\n|-resisted|p1b: Whimsicott|1\n|-resisted|p2b: Whimsicott|1\n|-damage|p1b: Whimsicott|81/100\n|-damage|p2b: Whimsicott|74/100\n|\n|upkeep\n|turn|2\n|\n|t:|1776509820\n|switch|p2a: Incineroar|Incineroar, L50, F|100/100\n|-ability|p2a: Incineroar|Intimidate|boost\n|-unboost|p1a: Excadrill|atk|1\n|-unboost|p1b: Whimsicott|atk|1\n|move|p2b: Whimsicott|Encore|p1b: Whimsicott\n|-start|p1b: Whimsicott|Encore\n|-enditem|p1b: Whimsicott|Mental Herb\n|-end|p1b: Whimsicott|Encore\n|move|p1b: Whimsicott|Encore||[still]\n|-fail|p1b: Whimsicott\n|move|p1a: Excadrill|Earthquake|p2a: Incineroar|[spread] p1b,p2a,p2b\n|-resisted|p1b: Whimsicott|1\n|-supereffective|p2a: Incineroar|1\n|-resisted|p2b: Whimsicott|1\n|-damage|p1b: Whimsicott|68/100\n|-damage|p2a: Incineroar|52/100\n|-damage|p2b: Whimsicott|56/100\n|\n|upkeep\n|turn|3\n|\n|t:|1776509856\n|switch|p1a: Milotic|Milotic, L50, M|100/100\n|switch|p1b: Hydreigon|Hydreigon, L50, M|100/100\n|move|p2a: Incineroar|Fake Out|p1a: Milotic\n|-damage|p1a: Milotic|93/100\n|move|p2b: Whimsicott|Moonblast|p1b: Hydreigon\n|-supereffective|p1b: Hydreigon|2\n|-damage|p1b: Hydreigon|0 fnt\n|faint|p1b: Hydreigon\n|\n|upkeep\n|c|\u2606SWAGSOLDIER08|ow\n|\n|t:|1776509868\n|switch|p1b: Excadrill|Excadrill-Mega, L50, F|100/100\n|turn|4\n|c|\u2606Kolakoala44|Sorry\n|\n|t:|1776509892\n|move|p2b: Whimsicott|Protect|p2b: Whimsicott\n|-singleturn|p2b: Whimsicott|Protect\n|move|p1b: Excadrill|Iron Head|p2b: Whimsicott\n|-supereffective|p2b: Whimsicott|1\n|-ability|p1b: Excadrill|Piercing Drill\n|-zbroken|p2b: Whimsicott\n|-damage|p2b: Whimsicott|26/100\n|move|p1a: Milotic|Scald|p2a: Incineroar\n|-supereffective|p2a: Incineroar|1\n|-damage|p2a: Incineroar|10/100\n|-enditem|p2a: Incineroar|Sitrus Berry|[eat]\n|-heal|p2a: Incineroar|35/100|[from] item: Sitrus Berry\n|move|p2a: Incineroar|Parting Shot|p1b: Excadrill\n|-unboost|p1b: Excadrill|atk|1\n|-unboost|p1b: Excadrill|spa|1\n|\n|t:|1776509910\n|switch|p2a: Kommo-o|Kommo-o, L50, M|100/100|[from] Parting Shot\n|\n|-sideend|p2: Kolakoala44|move: Tailwind\n|-sideend|p1: SWAGSOLDIER08|move: Tailwind\n|upkeep\n|turn|5\n|\n|t:|1776509922\n|switch|p1b: Whimsicott|Whimsicott, L50, F|68/100\n|move|p2b: Whimsicott|Tailwind|p2b: Whimsicott\n|-sidestart|p2: Kolakoala44|move: Tailwind\n|move|p2a: Kommo-o|Aura Sphere|p1b: Whimsicott\n|-resisted|p1b: Whimsicott|1\n|-damage|p1b: Whimsicott|44/100\n|move|p1a: Milotic|Ice Beam|p2b: Whimsicott\n|-supereffective|p2b: Whimsicott|1\n|-damage|p2b: Whimsicott|0 fnt\n|faint|p2b: Whimsicott\n|\n|upkeep\n|\n|t:|1776509940\n|switch|p2b: Gengar|Gengar-Mega, L50, M|100/100\n|turn|6\n|\n|t:|1776509955\n|move|p1b: Whimsicott|Taunt|p2b: Gengar\n|-start|p2b: Gengar|move: Taunt\n|move|p2b: Gengar|Shadow Ball|p1b: Whimsicott\n|-damage|p1b: Whimsicott|0 fnt\n|faint|p1b: Whimsicott\n|move|p2a: Kommo-o|Clangorous Soul|p2a: Kommo-o\n|-boost|p2a: Kommo-o|atk|1\n|-boost|p2a: Kommo-o|def|1\n|-boost|p2a: Kommo-o|spa|1\n|-boost|p2a: Kommo-o|spd|1\n|-boost|p2a: Kommo-o|spe|1\n|-damage|p2a: Kommo-o|68/100\n|move|p1a: Milotic|Ice Beam|p2a: Kommo-o\n|-supereffective|p2a: Kommo-o|1\n|-damage|p2a: Kommo-o|33/100\n|\n|upkeep\n|c|\u2606SWAGSOLDIER08|NOOO\n|c|\u2606SWAGSOLDIER08|tried to hard read perish\n|c|\u2606SWAGSOLDIER08|im so greedy\n|\n|t:|1776509977\n|switch|p1b: Excadrill|Excadrill-Mega, L50, F|100/100\n|turn|7\n|\n|t:|1776509988\n|move|p2a: Kommo-o|Protect|p2a: Kommo-o\n|-singleturn|p2a: Kommo-o|Protect\n|move|p1b: Excadrill|Protect|p1b: Excadrill\n|-singleturn|p1b: Excadrill|Protect\n|move|p2b: Gengar|Shadow Ball|p1a: Milotic\n|-damage|p1a: Milotic|61/100\n|move|p1a: Milotic|Ice Beam|p2a: Kommo-o\n|-activate|p2a: Kommo-o|move: Protect\n|\n|upkeep\n|turn|8\n|\n|t:|1776510006\n|move|p1b: Excadrill|Protect|p1b: Excadrill\n|-singleturn|p1b: Excadrill|Protect\n|move|p2a: Kommo-o|Aura Sphere|p1b: Excadrill\n|-activate|p1b: Excadrill|move: Protect\n|move|p2b: Gengar|Shadow Ball|p1a: Milotic\n|-damage|p1a: Milotic|27/100\n|-unboost|p1a: Milotic|spd|1\n|-ability|p1a: Milotic|Competitive|boost\n|-boost|p1a: Milotic|spa|2\n|move|p1a: Milotic|Ice Beam|p2a: Kommo-o\n|-supereffective|p2a: Kommo-o|1\n|-damage|p2a: Kommo-o|0 fnt\n|faint|p2a: Kommo-o\n|\n|-end|p2b: Gengar|move: Taunt\n|-sideend|p2: Kolakoala44|move: Tailwind\n|upkeep\n|c|\u2606SWAGSOLDIER08|RN  JESUS FTW\n|c|\u2606Kolakoala44|Ggs\n|\n|t:|1776510029\n|switch|p2a: Incineroar|Incineroar, L50, F|35/100\n|-ability|p2a: Incineroar|Intimidate|boost\n|-unboost|p1a: Milotic|atk|1\n|-ability|p1a: Milotic|Competitive|boost\n|-boost|p1a: Milotic|spa|2\n|-unboost|p1b: Excadrill|atk|1\n|turn|9\n|\n|t:|1776510042\n|move|p2a: Incineroar|Fake Out|p1a: Milotic\n|-damage|p1a: Milotic|19/100\n|move|p2b: Gengar|Shadow Ball|p1b: Excadrill\n|-damage|p1b: Excadrill|45/100\n|move|p1b: Excadrill|Earthquake|p2a: Incineroar|[spread] p1a,p2a,p2b\n|-supereffective|p2a: Incineroar|1\n|-supereffective|p2b: Gengar|1\n|-damage|p1a: Milotic|0 fnt\n|-damage|p2a: Incineroar|0 fnt\n|-damage|p2b: Gengar|18/100\n|faint|p1a: Milotic\n|faint|p2a: Incineroar\n|\n|upkeep\n|turn|10\n|\n|t:|1776510060\n|move|p1b: Excadrill|Protect|p1b: Excadrill\n|-singleturn|p1b: Excadrill|Protect\n|move|p2b: Gengar|Shadow Ball|p1b: Excadrill\n|-activate|p1b: Excadrill|move: Protect\n|\n|upkeep\n|turn|11\n|\n|t:|1776510065\n|move|p2b: Gengar|Shadow Ball|p1b: Excadrill\n|-damage|p1b: Excadrill|0 fnt\n|faint|p1b: Excadrill\n|\n|win|Kolakoala44\n|c|\u2606SWAGSOLDIER08|gg\n|c|\u2606Kolakoala44|Omg\n|c|\u2606Kolakoala44|ggs\n|c|\u2606SWAGSOLDIER08|threw with taunting\n|c|\u2606Kolakoala44|I\u2019ve gtg sadly\n|c|\u2606Kolakoala44|yeah\n|c|\u2606Kolakoala44|I threw by not reading getting double protect + stat drop\n",
  "uploadtime": 1776510122,
  "views": 19,
  "formatid": "gen9championsvgc2026regma",
  "rating": null,
  "private": 0,
  "password": null
}