{
  "id": "gen9championsvgc2026regma-2585883870",
  "format": "[Gen 9 Champions] VGC 2026 Reg M-A",
  "players": [
    "ernozo",
    "Empilhadeira"
  ],
  "log": "|j|\u2606ernozo\n|j|\u2606Empilhadeira\n|t:|1776378245\n|gametype|doubles\n|player|p1|ernozo|169|1166\n|player|p2|Empilhadeira|hooligans|1178\n|gen|9\n|tier|[Gen 9 Champions] VGC 2026 Reg M-A\n|rated|\n|rule|Species Clause: Limit one of each Pok\u00e9mon\n|rule|Item Clause: Limit 1 of each item\n|clearpoke\n|poke|p1|Crabominable, L50, F|\n|poke|p1|Toucannon, L50, F|\n|poke|p1|Slowking, L50, M|\n|poke|p1|Aurorus, L50, M|\n|poke|p1|Tsareena, L50, F|\n|poke|p1|Incineroar, L50, M|\n|poke|p2|Pinsir, L50, F|\n|poke|p2|Rotom-Heat, L50|\n|poke|p2|Sneasler, L50, F|\n|poke|p2|Kingambit, L50, M|\n|poke|p2|Garchomp, L50, F|\n|poke|p2|Basculegion, L50, M|\n|teampreview|4\n|\n|t:|1776378267\n|teamsize|p1|4\n|teamsize|p2|4\n|start\n|switch|p1a: Toucannon|Toucannon, L50, F|100/100\n|switch|p1b: Slowking|Slowking, L50, M|100/100\n|switch|p2a: Pinsir|Pinsir, L50, F|100/100\n|switch|p2b: Basculegion|Basculegion, L50, M|100/100\n|turn|1\n|\n|t:|1776378281\n|-singleturn|p1a: Toucannon|move: Beak Blast\n|move|p2a: Pinsir|Feint|p1b: Slowking\n|-damage|p1b: Slowking|91/100\n|move|p2b: Basculegion|Last Respects|p1b: Slowking\n|-supereffective|p1b: Slowking|1\n|-damage|p1b: Slowking|31/100\n|move|p1a: Toucannon|Beak Blast|p2a: Pinsir\n|-supereffective|p2a: Pinsir|1\n|-damage|p2a: Pinsir|0 fnt\n|faint|p2a: Pinsir\n|move|p1b: Slowking|Trick Room|p1b: Slowking\n|-fieldstart|move: Trick Room|[of] p1b: Slowking\n|\n|upkeep\n|\n|t:|1776378295\n|switch|p2a: Rotom|Rotom-Heat, L50|100/100\n|turn|2\n|\n|t:|1776378316\n|-singleturn|p1a: Toucannon|move: Beak Blast\n|-prepare|p1b: Slowking|Chilly Reception|[premajor]\n|move|p1b: Slowking|Chilly Reception|p1b: Slowking\n|-weather|Snowscape\n|\n|t:|1776378321\n|switch|p1b: Aurorus|Aurorus, L50, M|100/100|[from] Chilly Reception\n|move|p2a: Rotom|Volt Switch|p1a: Toucannon\n|-supereffective|p1a: Toucannon|1\n|-damage|p1a: Toucannon|28/100\n|\n|t:|1776378327\n|switch|p2a: Sneasler|Sneasler, L50, F|100/100|[from] Volt Switch\n|move|p2b: Basculegion|Last Respects|p1b: Aurorus\n|-damage|p1b: Aurorus|59/100\n|move|p1a: Toucannon|Beak Blast|p2b: Basculegion\n|-damage|p2b: Basculegion|0 fnt\n|faint|p2b: Basculegion\n|\n|-weather|Snowscape|[upkeep]\n|upkeep\n|\n|t:|1776378336\n|switch|p2b: Rotom|Rotom-Heat, L50|100/100\n|turn|3\n|\n|t:|1776378345\n|move|p1a: Toucannon|Protect|p1a: Toucannon\n|-singleturn|p1a: Toucannon|Protect\n|move|p1b: Aurorus|Aurora Veil|p1b: Aurorus\n|-sidestart|p1: ernozo|move: Aurora Veil\n|move|p2b: Rotom|Volt Switch|p1a: Toucannon\n|-activate|p1a: Toucannon|move: Protect\n|move|p2a: Sneasler|Close Combat|p1b: Aurorus\n|-supereffective|p1b: Aurorus|2\n|-damage|p1b: Aurorus|0 fnt\n|-unboost|p2a: Sneasler|def|1\n|-unboost|p2a: Sneasler|spd|1\n|faint|p1b: Aurorus\n|-enditem|p2a: Sneasler|White Herb\n|-clearnegativeboost|p2a: Sneasler|[silent]\n|\n|-weather|Snowscape|[upkeep]\n|upkeep\n|\n|t:|1776378357\n|switch|p1b: Slowking|Slowking, L50, M|64/100\n|turn|4\n|\n|t:|1776378366\n|move|p1b: Slowking|Scald|p2b: Rotom\n|-supereffective|p2b: Rotom|1\n|-damage|p2b: Rotom|40/100\n|-enditem|p2b: Rotom|Sitrus Berry|[eat]\n|-heal|p2b: Rotom|65/100|[from] item: Sitrus Berry\n|move|p1a: Toucannon|Dual Wingbeat|p2a: Sneasler\n|-supereffective|p2a: Sneasler|1\n|-damage|p2a: Sneasler|18/100\n|-supereffective|p2a: Sneasler|1\n|-damage|p2a: Sneasler|0 fnt\n|faint|p2a: Sneasler\n|-hitcount|p2: Sneasler|2\n|move|p2b: Rotom|Volt Switch|p1b: Slowking\n|-supereffective|p1b: Slowking|1\n|-damage|p1b: Slowking|38/100\n|\n|-weather|Snowscape|[upkeep]\n|upkeep\n|turn|5\n|-message|Empilhadeira forfeited.\n|\n|win|ernozo\n|raw|ernozo's rating: 1166 &rarr; <strong>1192</strong><br />(+26 for winning)\n|raw|Empilhadeira's rating: 1178 &rarr; <strong>1152</strong><br />(-26 for losing)\n|l|\u2606Empilhadeira\n|player|p2|\n",
  "uploadtime": 1776378385,
  "views": 17,
  "formatid": "gen9championsvgc2026regma",
  "rating": 1152,
  "private": 0,
  "password": null
}