{
  "id": "gen9championsvgc2026regma-2584504467",
  "format": "[Gen 9 Champions] VGC 2026 Reg M-A",
  "players": [
    "mudfellakipaf",
    "Cannedwolfmeat"
  ],
  "log": "|j|\u2606mudfellakipaf\n|j|\u2606Cannedwolfmeat\n|t:|1776265231\n|gametype|doubles\n|player|p1|mudfellakipaf|1|1172\n|player|p2|Cannedwolfmeat|az|1164\n|gen|9\n|tier|[Gen 9 Champions] VGC 2026 Reg M-A\n|rated|\n|rule|Species Clause: Limit one of each Pok\u00e9mon\n|rule|Item Clause: Limit 1 of each item\n|clearpoke\n|poke|p1|Oranguru, L50, M|\n|poke|p1|Mudsdale, L50, M|\n|poke|p1|Drampa, L50, M|\n|poke|p1|Torkoal, L50, M|\n|poke|p1|Archaludon, L50, M|\n|poke|p1|Gardevoir, L50, M|\n|poke|p2|Passimian, L50, F|\n|poke|p2|Farigiraf, L50, M|\n|poke|p2|Golurk, L50|\n|poke|p2|Sneasler, L50, F|\n|poke|p2|Torkoal, L50, F|\n|poke|p2|Venusaur, L50, M|\n|teampreview|4\n|\n|t:|1776265272\n|teamsize|p1|4\n|teamsize|p2|4\n|start\n|switch|p1a: Torkoal|Torkoal, L50, M|100/100\n|switch|p1b: Oranguru|Oranguru, L50, M|100/100\n|switch|p2a: Sneasler|Sneasler, L50, F|100/100\n|switch|p2b: Golurk|Golurk, L50|100/100\n|-weather|SunnyDay|[from] ability: Drought|[of] p1a: Torkoal\n|turn|1\n|\n|t:|1776265302\n|detailschange|p2b: Golurk|Golurk-Mega, L50\n|-mega|p2b: Golurk|Golurk|Golurkite\n|move|p1a: Torkoal|Protect|p1a: Torkoal\n|-singleturn|p1a: Torkoal|Protect\n|move|p2a: Sneasler|Fake Out|p1b: Oranguru\n|-damage|p1b: Oranguru|89/100\n|move|p2b: Golurk|Headlong Rush|p1a: Torkoal\n|-supereffective|p1a: Torkoal|1\n|-ability|p2b: Golurk|Unseen Fist\n|-zbroken|p1a: Torkoal\n|-damage|p1a: Torkoal|70/100\n|-unboost|p2b: Golurk|def|1\n|-unboost|p2b: Golurk|spd|1\n|move|p1b: Oranguru|Trick Room|p1b: Oranguru\n|-fieldstart|move: Trick Room|[of] p1b: Oranguru\n|\n|-weather|SunnyDay|[upkeep]\n|upkeep\n|turn|2\n|\n|t:|1776265331\n|switch|p2a: Torkoal|Torkoal, L50, F|100/100\n|move|p1a: Torkoal|Solar Beam||[still]\n|-prepare|p1a: Torkoal|Solar Beam\n|-anim|p1a: Torkoal|Solar Beam|p2b: Golurk\n|-supereffective|p2b: Golurk|1\n|-damage|p2b: Golurk|14/100\n|move|p2b: Golurk|Headlong Rush|p1a: Torkoal\n|-supereffective|p1a: Torkoal|1\n|-damage|p1a: Torkoal|0 fnt\n|-unboost|p2b: Golurk|def|1\n|-unboost|p2b: Golurk|spd|1\n|faint|p1a: Torkoal\n|move|p1b: Oranguru|Instruct|p1: Torkoal|[notarget]\n|-fail|p1b: Oranguru\n|\n|-weather|SunnyDay|[upkeep]\n|upkeep\n|\n|t:|1776265346\n|switch|p1a: Mudsdale|Mudsdale, L50, M|100/100\n|turn|3\n|\n|t:|1776265362\n|move|p1a: Mudsdale|Protect|p1a: Mudsdale\n|-singleturn|p1a: Mudsdale|Protect\n|move|p2b: Golurk|Protect|p2b: Golurk\n|-singleturn|p2b: Golurk|Protect\n|move|p2a: Torkoal|Eruption|p1a: Mudsdale|[spread] p1b\n|-activate|p1a: Mudsdale|move: Protect\n|-damage|p1b: Oranguru|17/100\n|move|p1b: Oranguru|Trick Room|p1b: Oranguru\n|-fieldend|move: Trick Room\n|\n|-weather|SunnyDay|[upkeep]\n|upkeep\n|turn|4\n|\n|t:|1776265378\n|move|p2a: Torkoal|Protect|p2a: Torkoal\n|-singleturn|p2a: Torkoal|Protect\n|move|p1b: Oranguru|Instruct|p1a: Mudsdale\n|-singleturn|p1a: Mudsdale|move: Instruct|[of] p1b: Oranguru\n|move|p1a: Mudsdale|Protect|p1a: Mudsdale\n|-singleturn|p1a: Mudsdale|Protect\n|move|p2b: Golurk|Ice Punch|p1a: Mudsdale\n|-supereffective|p1a: Mudsdale|1\n|-ability|p2b: Golurk|Unseen Fist\n|-zbroken|p1a: Mudsdale\n|-damage|p1a: Mudsdale|86/100\n|-ability|p1a: Mudsdale|Stamina|boost\n|-boost|p1a: Mudsdale|def|1\n|move|p1a: Mudsdale|Earthquake|p2a: Torkoal|[spread] p1b,p2b\n|-activate|p2a: Torkoal|move: Protect\n|-crit|p2b: Golurk\n|-damage|p1b: Oranguru|0 fnt\n|-damage|p2b: Golurk|0 fnt\n|faint|p1b: Oranguru\n|faint|p2b: Golurk\n|\n|-weather|SunnyDay|[upkeep]\n|-heal|p1a: Mudsdale|92/100|[from] item: Leftovers\n|upkeep\n|\n|t:|1776265398\n|switch|p1b: Gardevoir|Gardevoir, L50, M|100/100\n|switch|p2b: Venusaur|Venusaur, L50, M|100/100\n|-ability|p1b: Gardevoir|Chlorophyll|Trace|[from] ability: Trace|[of] p2b: Venusaur\n|turn|5\n|\n|t:|1776265426\n|switch|p2a: Sneasler|Sneasler, L50, F|100/100\n|detailschange|p1b: Gardevoir|Gardevoir-Mega, L50, M\n|-mega|p1b: Gardevoir|Gardevoir|Gardevoirite\n|move|p2b: Venusaur|Leaf Storm|p1a: Mudsdale\n|-supereffective|p1a: Mudsdale|1\n|-damage|p1a: Mudsdale|0 fnt\n|-unboost|p2b: Venusaur|spa|2\n|faint|p1a: Mudsdale\n|move|p1b: Gardevoir|Hyper Voice|p2a: Sneasler|[spread] p2a,p2b\n|-resisted|p2b: Venusaur|1\n|-damage|p2a: Sneasler|22/100\n|-damage|p2b: Venusaur|75/100\n|\n|-weather|none\n|upkeep\n|turn|6\n|\n|t:|1776265449\n|move|p2a: Sneasler|Fake Out|p1b: Gardevoir\n|-damage|p1b: Gardevoir|78/100\n|cant|p1b: Gardevoir|flinch\n|move|p2b: Venusaur|Sludge Bomb|p1b: Gardevoir\n|-supereffective|p1b: Gardevoir|1\n|-damage|p1b: Gardevoir|43/100\n|-status|p1b: Gardevoir|psn\n|\n|-damage|p1b: Gardevoir|31/100 psn|[from] psn\n|upkeep\n|turn|7\n|\n|t:|1776265461\n|switch|p2a: Torkoal|Torkoal, L50, F|100/100\n|-weather|SunnyDay|[from] ability: Drought|[of] p2a: Torkoal\n|move|p2b: Venusaur|Sludge Bomb|p1b: Gardevoir\n|-supereffective|p1b: Gardevoir|1\n|-damage|p1b: Gardevoir|0 fnt\n|faint|p1b: Gardevoir\n|\n|win|Cannedwolfmeat\n|raw|mudfellakipaf's rating: 1172 &rarr; <strong>1146</strong><br />(-26 for losing)\n|raw|Cannedwolfmeat's rating: 1164 &rarr; <strong>1190</strong><br />(+26 for winning)\n|c|\u2606Cannedwolfmeat|gg\n|l|\u2606mudfellakipaf\n|player|p1|\n",
  "uploadtime": 1776265478,
  "views": 21,
  "formatid": "gen9championsvgc2026regma",
  "rating": 1146,
  "private": 0,
  "password": null
}