{
  "id": "gen9championsvgc2026regma-2586057329",
  "format": "[Gen 9 Champions] VGC 2026 Reg M-A",
  "players": [
    "b(r)2",
    "primalogrepon786"
  ],
  "log": "|j|\u2606b(r)2\n|j|\u2606primalogrepon786\n|t:|1776394498\n|gametype|doubles\n|player|p1|b(r)2|pryce|1113\n|player|p2|primalogrepon786|hilda|1066\n|gen|9\n|tier|[Gen 9 Champions] VGC 2026 Reg M-A\n|rated|\n|rule|Species Clause: Limit one of each Pok\u00e9mon\n|rule|Item Clause: Limit 1 of each item\n|clearpoke\n|poke|p1|Mimikyu, L50, F|\n|poke|p1|Sinistcha, L50|\n|poke|p1|Ampharos, L50, M|\n|poke|p1|Rhyperior, L50, F|\n|poke|p1|Farigiraf, L50, M|\n|poke|p1|Blastoise, L50, F|\n|poke|p2|Gardevoir, L50, F|\n|poke|p2|Incineroar, L50, F|\n|poke|p2|Rotom-Wash, L50|\n|poke|p2|Farigiraf, L50, F|\n|poke|p2|Altaria, L50, M|\n|poke|p2|Maushold-Four, L50|\n|teampreview|4\n|\n|t:|1776394537\n|teamsize|p1|4\n|teamsize|p2|4\n|start\n|switch|p1a: Farigiraf|Farigiraf, L50, M|100/100\n|switch|p1b: Blastoise|Blastoise, L50, F|100/100\n|switch|p2a: Incineroar|Incineroar, L50, F|100/100\n|switch|p2b: Rotom|Rotom-Wash, L50|100/100\n|-ability|p2a: Incineroar|Intimidate|boost\n|-unboost|p1a: Farigiraf|atk|1\n|-unboost|p1b: Blastoise|atk|1\n|turn|1\n|inactive|Battle timer is ON: inactive players will automatically lose when time's up. (requested by primalogrepon786)\n|\n|t:|1776394560\n|move|p1b: Blastoise|Fake Out|p2b: Rotom\n|-damage|p2b: Rotom|95/100\n|cant|p2b: Rotom|flinch\n|move|p2a: Incineroar|Darkest Lariat|p1a: Farigiraf\n|-supereffective|p1a: Farigiraf|1\n|-damage|p1a: Farigiraf|40/100\n|-enditem|p1a: Farigiraf|Sitrus Berry|[eat]\n|-heal|p1a: Farigiraf|65/100|[from] item: Sitrus Berry\n|move|p1a: Farigiraf|Trick Room|p1a: Farigiraf\n|-fieldstart|move: Trick Room|[of] p1a: Farigiraf\n|\n|upkeep\n|turn|2\n|inactive|b(r)2 has 30 seconds left.\n|inactive|primalogrepon786 has 30 seconds left.\n|inactive|b(r)2 has 20 seconds left.\n|inactive|primalogrepon786 has 20 seconds left.\n|\n|t:|1776394598\n|move|p1a: Farigiraf|Psychic|p2b: Rotom\n|-damage|p2b: Rotom|52/100\n|move|p2a: Incineroar|Darkest Lariat|p1b: Blastoise\n|-damage|p1b: Blastoise|59/100\n|move|p1b: Blastoise|Water Spout|p2b: Rotom|[spread] p2a,p2b\n|-supereffective|p2a: Incineroar|1\n|-resisted|p2b: Rotom|1\n|-damage|p2a: Incineroar|42/100\n|-damage|p2b: Rotom|36/100\n|-enditem|p2a: Incineroar|Sitrus Berry|[eat]\n|-heal|p2a: Incineroar|67/100|[from] item: Sitrus Berry\n|move|p2b: Rotom|Thunderbolt|p1b: Blastoise\n|-supereffective|p1b: Blastoise|1\n|-damage|p1b: Blastoise|0 fnt\n|faint|p1b: Blastoise\n|\n|upkeep\n|\n|t:|1776394607\n|switch|p1b: Ampharos|Ampharos, L50, M|100/100\n|turn|3\n|inactive|primalogrepon786 has 30 seconds left.\n|\n|t:|1776394632\n|switch|p1a: Rhyperior|Rhyperior, L50, F|100/100\n|switch|p2b: Gardevoir|Gardevoir, L50, F|100/100\n|detailschange|p1b: Ampharos|Ampharos-Mega, L50, M\n|-mega|p1b: Ampharos|Ampharos|Ampharosite\n|-ability|p1b: Ampharos|Mold Breaker\n|move|p1b: Ampharos|Discharge|p2a: Incineroar|[spread] p2a,p2b\n|-immune|p1a: Rhyperior\n|-damage|p2a: Incineroar|26/100\n|-damage|p2b: Gardevoir|55/100\n|move|p2a: Incineroar|Darkest Lariat|p1a: Rhyperior\n|-damage|p1a: Rhyperior|70/100\n|\n|upkeep\n|turn|4\n|inactive|primalogrepon786 has 30 seconds left.\n|\n|t:|1776394662\n|switch|p2a: Rotom|Rotom-Wash, L50|36/100\n|detailschange|p2b: Gardevoir|Gardevoir-Mega, L50, F\n|-mega|p2b: Gardevoir|Gardevoir|Gardevoirite\n|move|p2b: Gardevoir|Protect|p2b: Gardevoir\n|-singleturn|p2b: Gardevoir|Protect\n|move|p1b: Ampharos|Discharge|p2a: Rotom|[spread] p2a\n|-activate|p2b: Gardevoir|move: Protect\n|-immune|p1a: Rhyperior\n|-damage|p2a: Rotom|0 fnt\n|faint|p2a: Rotom\n|move|p1a: Rhyperior|Rock Slide|p2b: Gardevoir\n|-activate|p2b: Gardevoir|move: Protect\n|\n|upkeep\n|\n|t:|1776394679\n|switch|p2a: Incineroar|Incineroar, L50, F|26/100\n|-ability|p2a: Incineroar|Intimidate|boost\n|-unboost|p1a: Rhyperior|atk|1\n|-unboost|p1b: Ampharos|atk|1\n|turn|5\n|\n|t:|1776394699\n|switch|p1b: Farigiraf|Farigiraf, L50, M|65/100\n|move|p2a: Incineroar|Fake Out||[still]\n|cant|p1b: Farigiraf|ability: Armor Tail|Fake Out|[of] p2a: Incineroar\n|move|p1a: Rhyperior|Rock Wrecker|p2b: Gardevoir\n|-damage|p2b: Gardevoir|0 fnt\n|-mustrecharge|p1a: Rhyperior\n|faint|p2b: Gardevoir\n|\n|-fieldend|move: Trick Room\n|upkeep\n|\n|t:|1776394710\n|switch|p2b: Farigiraf|Farigiraf, L50, F|100/100\n|turn|6\n|\n|t:|1776394727\n|move|p2b: Farigiraf|Psychic|p1a: Rhyperior\n|-damage|p1a: Rhyperior|6/100\n|move|p2a: Incineroar|Darkest Lariat|p1b: Farigiraf\n|-supereffective|p1b: Farigiraf|1\n|-damage|p1b: Farigiraf|7/100\n|cant|p1a: Rhyperior|recharge\n|move|p1b: Farigiraf|Trick Room|p1b: Farigiraf\n|-fieldstart|move: Trick Room|[of] p1b: Farigiraf\n|\n|upkeep\n|turn|7\n|\n|t:|1776394747\n|move|p1b: Farigiraf|Helping Hand|p1a: Rhyperior\n|-singleturn|p1a: Rhyperior|Helping Hand|[of] p1b: Farigiraf\n|move|p1a: Rhyperior|Rock Slide|p2a: Incineroar|[spread] p2a,p2b\n|-supereffective|p2a: Incineroar|1\n|-damage|p2a: Incineroar|0 fnt\n|-damage|p2b: Farigiraf|58/100\n|faint|p2a: Incineroar\n|move|p2b: Farigiraf|Psychic|p1a: Rhyperior\n|-damage|p1a: Rhyperior|0 fnt\n|faint|p1a: Rhyperior\n|\n|upkeep\n|\n|t:|1776394755\n|switch|p1a: Ampharos|Ampharos-Mega, L50, M|100/100\n|-ability|p1a: Ampharos|Mold Breaker\n|turn|8\n|\n|t:|1776394775\n|move|p1a: Ampharos|Thunder|p2b: Farigiraf\n|-damage|p2b: Farigiraf|0 fnt\n|faint|p2b: Farigiraf\n|\n|win|b(r)2\n|raw|b(r)2's rating: 1113 &rarr; <strong>1135</strong><br />(+22 for winning)\n|raw|primalogrepon786's rating: 1066 &rarr; <strong>1049</strong><br />(-17 for losing)\n",
  "uploadtime": 1776394780,
  "views": 17,
  "formatid": "gen9championsvgc2026regma",
  "rating": 1049,
  "private": 0,
  "password": null
}