{
  "id": "gen9championsvgc2026regma-2585297579",
  "format": "[Gen 9 Champions] VGC 2026 Reg M-A",
  "players": [
    "Te trolee",
    "Jun BF"
  ],
  "log": "|j|\u2606Te trolee\n|j|\u2606Jun BF\n|t:|1776335118\n|gametype|doubles\n|player|p1|Te trolee|hilbert-wonderlauncher|1055\n|player|p2|Jun BF|265|1049\n|gen|9\n|tier|[Gen 9 Champions] VGC 2026 Reg M-A\n|rated|\n|rule|Species Clause: Limit one of each Pok\u00e9mon\n|rule|Item Clause: Limit 1 of each item\n|clearpoke\n|poke|p1|Kingambit, L50, M|\n|poke|p1|Dragonite, L50, F|\n|poke|p1|Sneasler, L50, F|\n|poke|p1|Venusaur, L50, F|\n|poke|p1|Incineroar, L50, M|\n|poke|p1|Basculegion, L50, M|\n|poke|p2|Floette-Eternal, L50, F|\n|poke|p2|Basculegion, L50, M|\n|poke|p2|Pelipper, L50, M|\n|poke|p2|Incineroar, L50, F|\n|poke|p2|Sinistcha, L50|\n|poke|p2|Sneasler, L50, F|\n|teampreview|4\nTe trolee rejected open team sheets.\n|inactive|Battle timer is ON: inactive players will automatically lose when time's up. (requested by Te trolee)\n|\n|t:|1776335167\n|teamsize|p1|4\n|teamsize|p2|4\n|start\n|switch|p1a: Kingambit|Kingambit, L50, M, shiny|100/100\n|switch|p1b: Incineroar|Incineroar, L50, M, shiny|100/100\n|switch|p2a: Pelipper|Pelipper, L50, M|100/100\n|switch|p2b: Basculegion|Basculegion, L50, M|100/100\n|-weather|RainDance|[from] ability: Drizzle|[of] p2a: Pelipper\n|-ability|p1b: Incineroar|Intimidate|boost\n|-unboost|p2a: Pelipper|atk|1\n|-unboost|p2b: Basculegion|atk|1\n|turn|1\n|\n|t:|1776335190\n|switch|p2b: Floette|Floette-Eternal, L50, F|100/100\n|move|p1b: Incineroar|Fake Out|p2a: Pelipper\n|-damage|p2a: Pelipper|84/100\n|cant|p2a: Pelipper|flinch\n|move|p1a: Kingambit|Kowtow Cleave|p2b: Floette\n|-resisted|p2b: Floette|1\n|-damage|p2b: Floette|69/100\n|\n|-weather|RainDance|[upkeep]\n|upkeep\n|turn|2\n|inactive|Te trolee has 30 seconds left.\n|\n|t:|1776335217\n|switch|p1b: Venusaur|Venusaur, L50, F, shiny|100/100\n|detailschange|p2b: Floette|Floette-Mega, L50, F\n|-mega|p2b: Floette|Floette|Floettite\n|-ability|p2b: Floette|Fairy Aura\n|move|p2b: Floette|Draining Kiss|p1a: Kingambit\n|-damage|p1a: Kingambit|66/100\n|-heal|p2b: Floette|95/100|[from] drain|[of] p1a: Kingambit\n|move|p2a: Pelipper|Muddy Water|p1a: Kingambit|[spread] p1a,p1b\n|-resisted|p1b: Venusaur|1\n|-damage|p1a: Kingambit|19/100\n|-damage|p1b: Venusaur|73/100\n|move|p1a: Kingambit|Swords Dance|p1a: Kingambit\n|-boost|p1a: Kingambit|atk|2\n|\n|-weather|RainDance|[upkeep]\n|upkeep\n|turn|3\n|inactive|Te trolee has 30 seconds left.\n|\n|t:|1776335243\n|move|p2b: Floette|Protect|p2b: Floette\n|-singleturn|p2b: Floette|Protect\n|move|p1a: Kingambit|Sucker Punch|p2a: Pelipper\n|-damage|p2a: Pelipper|0 fnt\n|faint|p2a: Pelipper\n|move|p1b: Venusaur|Leech Seed|p2b: Floette\n|-activate|p2b: Floette|move: Protect\n|\n|-weather|RainDance|[upkeep]\n|upkeep\n|\n|t:|1776335253\n|switch|p2a: Basculegion|Basculegion, L50, M|100/100\n|turn|4\n|inactive|Te trolee has 30 seconds left.\n|\n|t:|1776335284\n|detailschange|p1b: Venusaur|Venusaur-Mega, L50, F, shiny\n|-mega|p1b: Venusaur|Venusaur|Venusaurite\n|move|p1a: Kingambit|Sucker Punch|p2a: Basculegion\n|-supereffective|p2a: Basculegion|1\n|-damage|p2a: Basculegion|0 fnt\n|faint|p2a: Basculegion\n|move|p2b: Floette|Calm Mind|p2b: Floette\n|-boost|p2b: Floette|spa|1\n|-boost|p2b: Floette|spd|1\n|move|p1b: Venusaur|Leech Seed|p2b: Floette|[miss]\n|-miss|p1b: Venusaur|p2b: Floette\n|\n|-weather|RainDance|[upkeep]\n|upkeep\n|\n|t:|1776335294\n|switch|p2a: Sneasler|Sneasler, L50, F|100/100\n|turn|5\n|inactive|Te trolee has 30 seconds left.\n|\n|t:|1776335327\n|move|p2a: Sneasler|Fake Out|p1b: Venusaur\n|-damage|p1b: Venusaur|61/100\n|move|p1a: Kingambit|Sucker Punch|p2b: Floette\n|-resisted|p2b: Floette|1\n|-damage|p2b: Floette|49/100\n|move|p2b: Floette|Dazzling Gleam|p1a: Kingambit|[spread] p1a,p1b\n|-resisted|p1b: Venusaur|1\n|-damage|p1a: Kingambit|0 fnt\n|-damage|p1b: Venusaur|28/100\n|faint|p1a: Kingambit\n|cant|p1b: Venusaur|flinch\n|\n|-weather|none\n|upkeep\n|\n|t:|1776335336\n|switch|p1a: Sneasler|Sneasler, L50, F, shiny|100/100\n|turn|6\n|\n|t:|1776335347\n|move|p2b: Floette|Protect|p2b: Floette\n|-singleturn|p2b: Floette|Protect\n|move|p1b: Venusaur|Protect|p1b: Venusaur\n|-singleturn|p1b: Venusaur|Protect\n|move|p1a: Sneasler|Dire Claw|p2b: Floette\n|-activate|p2b: Floette|move: Protect\n|move|p2a: Sneasler|Dire Claw|p1b: Venusaur\n|-activate|p1b: Venusaur|move: Protect\n|\n|upkeep\n|turn|7\n|\n|t:|1776335372\n|move|p1a: Sneasler|Dire Claw|p2b: Floette\n|-supereffective|p2b: Floette|1\n|-damage|p2b: Floette|0 fnt\n|faint|p2b: Floette\n|move|p2a: Sneasler|Dire Claw|p1b: Venusaur\n|-damage|p1b: Venusaur|0 fnt\n|faint|p1b: Venusaur\n|\n|upkeep\n|\n|t:|1776335378\n|switch|p1b: Incineroar|Incineroar, L50, M, shiny|100/100\n|-ability|p1b: Incineroar|Intimidate|boost\n|-unboost|p2a: Sneasler|atk|1\n|-enditem|p2a: Sneasler|White Herb\n|-clearnegativeboost|p2a: Sneasler|[silent]\n|turn|8\n|c|\u2606Te trolee|GG\n|\n|t:|1776335392\n|move|p1b: Incineroar|Fake Out|p2a: Sneasler\n|-damage|p2a: Sneasler|85/100\n|cant|p2a: Sneasler|flinch\n|move|p1a: Sneasler|Close Combat|p2a: Sneasler\n|-resisted|p2a: Sneasler|1\n|-damage|p2a: Sneasler|36/100\n|-unboost|p1a: Sneasler|def|1\n|-unboost|p1a: Sneasler|spd|1\n|\n|upkeep\n|turn|9\n|inactive|Jun BF has 30 seconds left.\n|-message|Jun BF forfeited.\n|\n|win|Te trolee\n|raw|Te trolee's rating: 1055 &rarr; <strong>1086</strong><br />(+31 for winning)\n|raw|Jun BF's rating: 1049 &rarr; <strong>1032</strong><br />(-17 for losing)\n|l|\u2606Te trolee\n|player|p1|\n",
  "uploadtime": 1776335425,
  "views": 18,
  "formatid": "gen9championsvgc2026regma",
  "rating": 1032,
  "private": 0,
  "password": null
}