{
  "id": "gen9championsvgc2026regma-2584204292",
  "format": "[Gen 9 Champions] VGC 2026 Reg M-A",
  "players": [
    "rafa1000",
    "fluffysheep17"
  ],
  "log": "|j|\u2606rafa1000\n|j|\u2606fluffysheep17\n|t:|1776237897\n|gametype|doubles\n|player|p1|rafa1000|265|1337\n|player|p2|fluffysheep17|lillie-z|1279\n|gen|9\n|tier|[Gen 9 Champions] VGC 2026 Reg M-A\n|rated|\n|rule|Species Clause: Limit one of each Pok\u00e9mon\n|rule|Item Clause: Limit 1 of each item\n|clearpoke\n|poke|p1|Excadrill, L50, M|\n|poke|p1|Tyranitar, L50, F|\n|poke|p1|Corviknight, L50, F|\n|poke|p1|Primarina, L50, F|\n|poke|p1|Incineroar, L50, F|\n|poke|p1|Sinistcha-Masterpiece, L50|\n|poke|p2|Altaria, L50, M|\n|poke|p2|Aegislash, L50, F|\n|poke|p2|Aerodactyl, L50, F|\n|poke|p2|Incineroar, L50, M|\n|poke|p2|Sneasler, L50, M|\n|poke|p2|Rotom-Wash, L50|\n|teampreview|4\n|inactive|Battle timer is ON: inactive players will automatically lose when time's up. (requested by rafa1000)\n|c|\u2606rafa1000|Vaya equipo mas malo\n|inactive|fluffysheep17 has 60 seconds left.\n|\n|t:|1776237947\n|teamsize|p1|4\n|teamsize|p2|4\n|start\n|switch|p1a: Tyranitar|Tyranitar, L50, F|100/100\n|switch|p1b: Excadrill|Excadrill, L50, M|100/100\n|switch|p2a: Sneasler|Sneasler, L50, M|100/100\n|switch|p2b: Rotom|Rotom-Wash, L50|100/100\n|-weather|Sandstorm|[from] ability: Sand Stream|[of] p1a: Tyranitar\n|turn|1\n|inactive|fluffysheep17 has 30 seconds left.\n|\n|t:|1776237974\n|switch|p1a: Incineroar|Incineroar, L50, F|100/100\n|-ability|p1a: Incineroar|Intimidate|boost\n|-unboost|p2a: Sneasler|atk|1\n|-unboost|p2b: Rotom|atk|1\n|-enditem|p2a: Sneasler|White Herb\n|-clearnegativeboost|p2a: Sneasler|[silent]\n|move|p2a: Sneasler|Close Combat|p1a: Incineroar\n|-supereffective|p1a: Incineroar|1\n|-damage|p1a: Incineroar|0 fnt\n|-unboost|p2a: Sneasler|def|1\n|-unboost|p2a: Sneasler|spd|1\n|faint|p1a: Incineroar\n|move|p1b: Excadrill|High Horsepower|p2a: Sneasler\n|-supereffective|p2a: Sneasler|1\n|-damage|p2a: Sneasler|0 fnt\n|faint|p2a: Sneasler\n|move|p2b: Rotom|Hydro Pump|p1b: Excadrill\n|-supereffective|p1b: Excadrill|1\n|-enditem|p1b: Excadrill|Focus Sash\n|-damage|p1b: Excadrill|1/100\n|\n|-weather|Sandstorm|[upkeep]\n|-damage|p2b: Rotom|95/100|[from] Sandstorm\n|upkeep\n|inactive|fluffysheep17 has 30 seconds left.\n|\n|t:|1776238004\n|switch|p2a: Incineroar|Incineroar, L50, M|100/100\n|switch|p1a: Corviknight|Corviknight, L50, F|100/100\n|-ability|p2a: Incineroar|Intimidate|boost\n|-ability|p1a: Corviknight|Mirror Armor\n|-unboost|p2a: Incineroar|atk|1\n|-unboost|p1b: Excadrill|atk|1\n|turn|2\n|inactive|fluffysheep17 has 30 seconds left.\n|inactive|fluffysheep17 has 20 seconds left.\n|inactive|fluffysheep17 has 15 seconds left.\n|\n|t:|1776238044\n|move|p1b: Excadrill|Protect|p1b: Excadrill\n|-singleturn|p1b: Excadrill|Protect\n|move|p2a: Incineroar|Fake Out|p1a: Corviknight\n|-resisted|p1a: Corviknight|1\n|-damage|p1a: Corviknight|98/100\n|move|p2b: Rotom|Hydro Pump|p1b: Excadrill\n|-activate|p1b: Excadrill|move: Protect\n|cant|p1a: Corviknight|flinch\n|\n|-weather|Sandstorm|[upkeep]\n|-damage|p2b: Rotom|89/100|[from] Sandstorm\n|-damage|p2a: Incineroar|95/100|[from] Sandstorm\n|-heal|p1a: Corviknight|100/100|[from] item: Leftovers\n|upkeep\n|turn|3\n|inactive|rafa1000 has 30 seconds left.\n|\n|t:|1776238073\n|switch|p2a: Altaria|Altaria, L50, M|100/100\n|-ability|p2a: Altaria|Cloud Nine\n|move|p2b: Rotom|Hydro Pump|p1b: Excadrill\n|-supereffective|p1b: Excadrill|1\n|-damage|p1b: Excadrill|0 fnt\n|faint|p1b: Excadrill\n|move|p1a: Corviknight|Tailwind|p1a: Corviknight\n|-sidestart|p1: rafa1000|move: Tailwind\n|\n|-weather|Sandstorm|[upkeep]\n|upkeep\n|\n|t:|1776238079\n|switch|p1b: Tyranitar|Tyranitar, L50, F|100/100\n|turn|4\n|inactive|rafa1000 has 30 seconds left.\n|inactive|fluffysheep17 has 30 seconds left.\n|inactive|rafa1000 has 20 seconds left.\n|inactive|rafa1000 has 15 seconds left.\n|\n|t:|1776238121\n|switch|p2b: Incineroar|Incineroar, L50, M|95/100\n|-ability|p2b: Incineroar|Intimidate|boost\n|-ability|p1a: Corviknight|Mirror Armor\n|-unboost|p2b: Incineroar|atk|1\n|-unboost|p1b: Tyranitar|atk|1\n|detailschange|p1b: Tyranitar|Tyranitar-Mega, L50, F\n|-mega|p1b: Tyranitar|Tyranitar|Tyranitarite\n|detailschange|p2a: Altaria|Altaria-Mega, L50, M\n|-mega|p2a: Altaria|Altaria|Altarianite\n|move|p1b: Tyranitar|Rock Slide|p2b: Incineroar|[spread] p2a,p2b\n|-supereffective|p2b: Incineroar|1\n|-damage|p2a: Altaria|76/100\n|-damage|p2b: Incineroar|56/100\n|move|p1a: Corviknight|Brave Bird|p2a: Altaria\n|-damage|p2a: Altaria|33/100\n|-damage|p1a: Corviknight|88/100|[from] Recoil\n|cant|p2a: Altaria|flinch\n|\n|-weather|Sandstorm|[upkeep]\n|-damage|p2a: Altaria|27/100|[from] Sandstorm\n|-damage|p2b: Incineroar|50/100|[from] Sandstorm\n|-enditem|p2b: Incineroar|Sitrus Berry|[eat]\n|-heal|p2b: Incineroar|75/100|[from] item: Sitrus Berry\n|-heal|p1a: Corviknight|94/100|[from] item: Leftovers\n|upkeep\n|turn|5\n|inactive|rafa1000 has 30 seconds left.\n|inactive|fluffysheep17 has 30 seconds left.\n|inactive|rafa1000 has 20 seconds left.\n|inactive|fluffysheep17 has 20 seconds left.\n|inactive|rafa1000 has 15 seconds left.\n|inactive|fluffysheep17 has 15 seconds left.\n|inactive|fluffysheep17 has 10 seconds left.\n|\n|t:|1776238166\n|move|p2b: Incineroar|Fake Out|p1a: Corviknight\n|-resisted|p1a: Corviknight|1\n|-damage|p1a: Corviknight|91/100\n|move|p1b: Tyranitar|Rock Slide|p2b: Incineroar|[spread] p2a,p2b\n|-supereffective|p2b: Incineroar|1\n|-damage|p2a: Altaria|5/100\n|-damage|p2b: Incineroar|36/100\n|cant|p1a: Corviknight|flinch\n|move|p2a: Altaria|Hyper Voice|p1b: Tyranitar|[spread] p1a,p1b\n|-resisted|p1a: Corviknight|1\n|-supereffective|p1b: Tyranitar|1\n|-damage|p1a: Corviknight|69/100\n|-damage|p1b: Tyranitar|60/100\n|\n|-weather|none\n|-heal|p1a: Corviknight|75/100|[from] item: Leftovers\n|upkeep\n|turn|6\n|inactive|fluffysheep17 has 30 seconds left.\n|\n|t:|1776238195\n|move|p2a: Altaria|Protect|p2a: Altaria\n|-singleturn|p2a: Altaria|Protect\n|move|p1b: Tyranitar|Rock Slide|p2a: Altaria|[spread] p2b\n|-activate|p2a: Altaria|move: Protect\n|-supereffective|p2b: Incineroar|1\n|-damage|p2b: Incineroar|0 fnt\n|faint|p2b: Incineroar\n|move|p1a: Corviknight|Bulk Up|p1a: Corviknight\n|-boost|p1a: Corviknight|atk|1\n|-boost|p1a: Corviknight|def|1\n|\n|-heal|p1a: Corviknight|81/100|[from] item: Leftovers\n|-sideend|p1: rafa1000|move: Tailwind\n|upkeep\n|\n|t:|1776238202\n|switch|p2b: Rotom|Rotom-Wash, L50|89/100\n|turn|7\n|inactive|rafa1000 has 30 seconds left.\n|\n|t:|1776238233\n|move|p1b: Tyranitar|Protect|p1b: Tyranitar\n|-singleturn|p1b: Tyranitar|Protect\n|move|p2b: Rotom|Thunderbolt|p1a: Corviknight\n|-supereffective|p1a: Corviknight|1\n|-damage|p1a: Corviknight|0 fnt\n|faint|p1a: Corviknight\n|move|p2a: Altaria|Hyper Voice|p1b: Tyranitar\n|-activate|p1b: Tyranitar|move: Protect\n|\n|upkeep\n|turn|8\n|c|\u2606fluffysheep17|Que terrible jugador\n|c|\u2606rafa1000|Es lo que pasa por copiar equipos de YouTube\n|inactive|rafa1000 has 30 seconds left.\n|c|\u2606rafa1000|Si tengo mi equipo no duras 6 turnos\n|inactive|rafa1000 has 20 seconds left.\n|\n|t:|1776238269\n|move|p2b: Rotom|Thunderbolt|p1b: Tyranitar\n|-damage|p1b: Tyranitar|27/100\n|move|p2a: Altaria|Hyper Voice|p1b: Tyranitar\n|-supereffective|p1b: Tyranitar|1\n|-damage|p1b: Tyranitar|0 fnt\n|faint|p1b: Tyranitar\n|\n|win|fluffysheep17\n|raw|rafa1000's rating: 1337 &rarr; <strong>1314</strong><br />(-23 for losing)\n|raw|fluffysheep17's rating: 1279 &rarr; <strong>1308</strong><br />(+29 for winning)\n|l|\u2606rafa1000\n|player|p1|\n",
  "uploadtime": 1776238336,
  "views": 66,
  "formatid": "gen9championsvgc2026regma",
  "rating": 1308,
  "private": 0,
  "password": null
}