{
  "id": "gen9championsvgc2026regma-2588910694",
  "format": "[Gen 9 Champions] VGC 2026 Reg M-A",
  "players": [
    "ELEGOLAS",
    "Idkanygoodteams1"
  ],
  "log": "|j|\u2606ELEGOLAS\n|j|\u2606Idkanygoodteams1\n|t:|1776685023\n|gametype|doubles\n|player|p1|ELEGOLAS|bruno|1069\n|player|p2|Idkanygoodteams1|unknown|1122\n|gen|9\n|tier|[Gen 9 Champions] VGC 2026 Reg M-A\n|rated|\n|rule|Species Clause: Limit one of each Pok\u00e9mon\n|rule|Item Clause: Limit 1 of each item\n|clearpoke\n|poke|p1|Incineroar, L50, F|\n|poke|p1|Charizard, L50, M|\n|poke|p1|Milotic, L50, F|\n|poke|p1|Sneasler, L50, M|\n|poke|p1|Hydreigon, L50, F|\n|poke|p1|Sinistcha, L50|\n|poke|p2|Tyranitar, L50, M|\n|poke|p2|Excadrill, L50, F|\n|poke|p2|Meganium, L50, F|\n|poke|p2|Arcanine, L50, M|\n|poke|p2|Gengar, L50, F|\n|poke|p2|Whimsicott, L50, M|\n|teampreview|4\n|inactive|Battle timer is ON: inactive players will automatically lose when time's up. (requested by ELEGOLAS)\n|inactive|ELEGOLAS has 60 seconds left.\n|inactive|Idkanygoodteams1 has 60 seconds left.\n|\n|t:|1776685068\n|teamsize|p1|4\n|teamsize|p2|4\n|start\n|switch|p1a: Sneasler|Sneasler, L50, M|100/100\n|switch|p1b: Incineroar|Incineroar, L50, F|100/100\n|switch|p2a: Whimsicott|Whimsicott, L50, M|100/100\n|switch|p2b: Tyranitar|Tyranitar, L50, M|100/100\n|-weather|Sandstorm|[from] ability: Sand Stream|[of] p2b: Tyranitar\n|-ability|p1b: Incineroar|Intimidate|boost\n|-unboost|p2a: Whimsicott|atk|1\n|-unboost|p2b: Tyranitar|atk|1\n|turn|1\n|inactive|ELEGOLAS has 30 seconds left.\n|inactive|ELEGOLAS has 20 seconds left.\n|\n|t:|1776685103\n|move|p2b: Tyranitar|Protect|p2b: Tyranitar\n|-singleturn|p2b: Tyranitar|Protect\n|move|p1b: Incineroar|Fake Out|p2a: Whimsicott\n|-damage|p2a: Whimsicott|84/100\n|cant|p2a: Whimsicott|flinch\n|move|p1a: Sneasler|Dire Claw|p2a: Whimsicott\n|-supereffective|p2a: Whimsicott|2\n|-damage|p2a: Whimsicott|0 fnt\n|faint|p2a: Whimsicott\n|\n|-weather|Sandstorm|[upkeep]\n|-damage|p1a: Sneasler|95/100|[from] Sandstorm\n|-damage|p1b: Incineroar|95/100|[from] Sandstorm\n|upkeep\n|\n|t:|1776685112\n|switch|p2a: Excadrill|Excadrill, L50, F|100/100\n|turn|2\n|inactive|ELEGOLAS has 30 seconds left.\n|inactive|ELEGOLAS has 20 seconds left.\n|inactive|ELEGOLAS has 15 seconds left.\n|inactive|ELEGOLAS has 10 seconds left.\n|inactive|ELEGOLAS has 5 seconds left.\n|\n|t:|1776685164\n|switch|p2b: Meganium|Meganium, L50, F|100/100\n|switch|p1b: Sinistcha|Sinistcha, L50|100/100\n|-heal|p1a: Sneasler|100/100|[from] ability: Hospitality|[of] p1b: Sinistcha\n|move|p2a: Excadrill|Earthquake|p1a: Sneasler|[spread] p2b,p1a,p1b\n|-resisted|p2b: Meganium|1\n|-supereffective|p1a: Sneasler|1\n|-resisted|p1b: Sinistcha|1\n|-damage|p2b: Meganium|80/100\n|-damage|p1a: Sneasler|0 fnt\n|-damage|p1b: Sinistcha|80/100\n|faint|p1a: Sneasler\n|\n|-weather|Sandstorm|[upkeep]\n|-damage|p2b: Meganium|74/100|[from] Sandstorm\n|-damage|p1b: Sinistcha|74/100|[from] Sandstorm\n|upkeep\n|inactive|ELEGOLAS has 30 seconds left.\n|\n|t:|1776685195\n|switch|p1a: Charizard|Charizard, L50, M|100/100\n|turn|3\n|\n|t:|1776685209\n|detailschange|p1a: Charizard|Charizard-Mega-X, L50, M\n|-mega|p1a: Charizard|Charizard|Charizardite X\n|detailschange|p2b: Meganium|Meganium-Mega, L50, F\n|-mega|p2b: Meganium|Meganium|Meganiumite\n|move|p1a: Charizard|Protect|p1a: Charizard\n|-singleturn|p1a: Charizard|Protect\n|move|p2a: Excadrill|Rock Slide|p1a: Charizard|[spread] p1b\n|-activate|p1a: Charizard|move: Protect\n|-damage|p1b: Sinistcha|53/100\n|move|p2b: Meganium|Weather Ball|p1b: Sinistcha\n|-supereffective|p1b: Sinistcha|1\n|-damage|p1b: Sinistcha|0 fnt\n|faint|p1b: Sinistcha\n|\n|-weather|Sandstorm|[upkeep]\n|-damage|p1a: Charizard|95/100|[from] Sandstorm\n|-damage|p2b: Meganium|68/100|[from] Sandstorm\n|upkeep\n|inactive|ELEGOLAS has 30 seconds left.\n|inactive|ELEGOLAS has 20 seconds left.\n|inactive|ELEGOLAS has 15 seconds left.\n|\n|t:|1776685251\n|switch|p1b: Incineroar|Incineroar, L50, F|95/100\n|-ability|p1b: Incineroar|Intimidate|boost\n|-unboost|p2a: Excadrill|atk|1\n|-unboost|p2b: Meganium|atk|1\n|turn|4\n|\n|t:|1776685264\n|move|p1b: Incineroar|Fake Out|p2a: Excadrill\n|-resisted|p2a: Excadrill|1\n|-damage|p2a: Excadrill|93/100\n|cant|p2a: Excadrill|flinch\n|move|p1a: Charizard|Dragon Dance|p1a: Charizard\n|-boost|p1a: Charizard|atk|1\n|-boost|p1a: Charizard|spe|1\n|move|p2b: Meganium|Dazzling Gleam|p1b: Incineroar|[spread] p1a,p1b\n|-damage|p1a: Charizard|47/100\n|-damage|p1b: Incineroar|72/100\n|\n|-weather|Sandstorm|[upkeep]\n|-damage|p1a: Charizard|41/100|[from] Sandstorm\n|-damage|p2b: Meganium|62/100|[from] Sandstorm\n|-damage|p1b: Incineroar|66/100|[from] Sandstorm\n|upkeep\n|turn|5\n|inactive|ELEGOLAS has 30 seconds left.\n|inactive|ELEGOLAS has 20 seconds left.\n|inactive|ELEGOLAS has 15 seconds left.\n|\n|t:|1776685309\n|move|p1a: Charizard|Protect|p1a: Charizard\n|-singleturn|p1a: Charizard|Protect\n|move|p2a: Excadrill|Earthquake|p1a: Charizard|[spread] p2b,p1b\n|-activate|p1a: Charizard|move: Protect\n|-resisted|p2b: Meganium|1\n|-supereffective|p1b: Incineroar|1\n|-damage|p2b: Meganium|49/100\n|-damage|p1b: Incineroar|9/100\n|-enditem|p1b: Incineroar|Sitrus Berry|[eat]\n|-heal|p1b: Incineroar|34/100|[from] item: Sitrus Berry\n|-heal|p2a: Excadrill|100/100|[from] item: Shell Bell|[of] p1b: Incineroar\n|move|p2b: Meganium|Dazzling Gleam|p1a: Charizard|[spread] p1b\n|-activate|p1a: Charizard|move: Protect\n|-damage|p1b: Incineroar|8/100\n|move|p1b: Incineroar|Flare Blitz|p2a: Excadrill\n|-supereffective|p2a: Excadrill|1\n|-damage|p2a: Excadrill|0 fnt\n|faint|p2a: Excadrill\n|-damage|p1b: Incineroar|0 fnt|[from] Recoil\n|faint|p1b: Incineroar\n|\n|-weather|none\n|upkeep\n|\n|t:|1776685330\n|switch|p2a: Tyranitar|Tyranitar, L50, M|100/100\n|-weather|Sandstorm|[from] ability: Sand Stream|[of] p2a: Tyranitar\n|turn|6\n|inactive|ELEGOLAS has 30 seconds left.\n|inactive|ELEGOLAS has 20 seconds left.\n|inactive|ELEGOLAS has 15 seconds left.\n|inactive|ELEGOLAS has 10 seconds left.\n|inactive|ELEGOLAS has 5 seconds left.\n|\n|t:|1776685384\n|move|p1a: Charizard|Dragon Claw|p2a: Tyranitar\n|-crit|p2a: Tyranitar\n|-damage|p2a: Tyranitar|0 fnt\n|faint|p2a: Tyranitar\n|move|p2b: Meganium|Dazzling Gleam|p1a: Charizard\n|-damage|p1a: Charizard|0 fnt\n|faint|p1a: Charizard\n|\n|win|Idkanygoodteams1\n|raw|ELEGOLAS's rating: 1069 &rarr; <strong>1052</strong><br />(-17 for losing)\n|raw|Idkanygoodteams1's rating: 1122 &rarr; <strong>1143</strong><br />(+21 for winning)\n|l|\u2606ELEGOLAS\n|player|p1|\n",
  "uploadtime": 1776685441,
  "views": 20,
  "formatid": "gen9championsvgc2026regma",
  "rating": 1052,
  "private": 0,
  "password": null
}