{
  "id": "gen9championsvgc2026regma-2585743409",
  "format": "[Gen 9 Champions] VGC 2026 Reg M-A",
  "players": [
    "Egzy",
    "drake78976"
  ],
  "log": "|j|\u2606Egzy\n|j|\u2606drake78976\n|t:|1776367529\n|gametype|doubles\n|player|p1|Egzy|1|1109\n|player|p2|drake78976|li|1171\n|gen|9\n|tier|[Gen 9 Champions] VGC 2026 Reg M-A\n|rated|\n|rule|Species Clause: Limit one of each Pok\u00e9mon\n|rule|Item Clause: Limit 1 of each item\n|clearpoke\n|poke|p1|Garchomp, L50, M|\n|poke|p1|Rotom-Wash, L50|\n|poke|p1|Delphox, L50, M|\n|poke|p1|Aerodactyl, L50, F|\n|poke|p1|Sneasler, L50, M|\n|poke|p1|Meganium, L50, M|\n|poke|p2|Aggron, L50, M|\n|poke|p2|Primarina, L50, F|\n|poke|p2|Hydreigon, L50, M|\n|poke|p2|Sinistcha, L50|\n|poke|p2|Glimmora, L50, M|\n|poke|p2|Farigiraf, L50, F|\n|teampreview|4\n|inactive|Battle timer is ON: inactive players will automatically lose when time's up. (requested by Egzy)\n|\n|t:|1776367549\n|teamsize|p1|4\n|teamsize|p2|4\n|start\n|switch|p1a: Sneasler|Sneasler, L50, M|100/100\n|switch|p1b: Aerodactyl|Aerodactyl, L50, F|100/100\n|switch|p2a: Farigiraf|Farigiraf, L50, F|100/100\n|switch|p2b: Hydreigon|Hydreigon, L50, M|100/100\n|turn|1\n|\n|t:|1776367560\n|move|p2b: Hydreigon|Earth Power|p1a: Sneasler\n|-supereffective|p1a: Sneasler|1\n|-damage|p1a: Sneasler|11/100\n|move|p1b: Aerodactyl|Rock Slide|p2a: Farigiraf|[spread] p2a,p2b\n|-damage|p2a: Farigiraf|78/100\n|-damage|p2b: Hydreigon|70/100\n|move|p1a: Sneasler|Dire Claw|p2a: Farigiraf\n|-damage|p2a: Farigiraf|35/100\n|-enditem|p2a: Farigiraf|Sitrus Berry|[eat]\n|-heal|p2a: Farigiraf|60/100|[from] item: Sitrus Berry\n|cant|p2a: Farigiraf|flinch\n|\n|upkeep\n|turn|2\n|\n|t:|1776367584\n|move|p2b: Hydreigon|Earth Power|p1a: Sneasler\n|-supereffective|p1a: Sneasler|1\n|-damage|p1a: Sneasler|0 fnt\n|faint|p1a: Sneasler\n|move|p1b: Aerodactyl|Rock Slide|p2a: Farigiraf|[spread] p2a,p2b\n|-damage|p2a: Farigiraf|36/100\n|-damage|p2b: Hydreigon|41/100\n|move|p2a: Farigiraf|Trick Room|p2a: Farigiraf\n|-fieldstart|move: Trick Room|[of] p2a: Farigiraf\n|\n|upkeep\n|\n|t:|1776367594\n|switch|p1a: Rotom|Rotom-Wash, L50|100/100\n|turn|3\n|\n|t:|1776367606\n|switch|p2b: Primarina|Primarina, L50, F|100/100\n|move|p2a: Farigiraf|Light Screen|p2a: Farigiraf\n|-sidestart|p2: drake78976|move: Light Screen\n|move|p1a: Rotom|Electroweb|p2b: Primarina|[spread] p2a,p2b\n|-supereffective|p2b: Primarina|1\n|-damage|p2a: Farigiraf|25/100\n|-damage|p2b: Primarina|81/100\n|-unboost|p2a: Farigiraf|spe|1\n|-unboost|p2b: Primarina|spe|1\n|move|p1b: Aerodactyl|Rock Slide|p2b: Primarina|[spread] p2a,p2b\n|-damage|p2a: Farigiraf|1/100\n|-damage|p2b: Primarina|52/100\n|\n|upkeep\n|turn|4\n|inactive|Egzy has 30 seconds left.\n|\n|t:|1776367636\n|move|p1b: Aerodactyl|Protect|p1b: Aerodactyl\n|-singleturn|p1b: Aerodactyl|Protect\n|move|p2b: Primarina|Hyper Voice|p1a: Rotom|[spread] p1a\n|-activate|p1b: Aerodactyl|move: Protect\n|-resisted|p1a: Rotom|1\n|-damage|p1a: Rotom|73/100\n|move|p2a: Farigiraf|Psychic|p1a: Rotom\n|-damage|p1a: Rotom|32/100\n|move|p1a: Rotom|Volt Switch|p2b: Primarina\n|-supereffective|p2b: Primarina|1\n|-damage|p2b: Primarina|17/100\n|\n|t:|1776367649\n|switch|p1a: Delphox|Delphox, L50, M|100/100|[from] Volt Switch\n|\n|upkeep\n|turn|5\n|\n|t:|1776367671\n|detailschange|p1a: Delphox|Delphox-Mega, L50, M\n|-mega|p1a: Delphox|Delphox|Delphoxite\n|move|p2a: Farigiraf|Helping Hand|p2b: Primarina\n|-singleturn|p2b: Primarina|Helping Hand|[of] p2a: Farigiraf\n|move|p1a: Delphox|Protect|p1a: Delphox\n|-singleturn|p1a: Delphox|Protect\n|move|p2b: Primarina|Hyper Voice|p1b: Aerodactyl|[spread] p1b\n|-activate|p1a: Delphox|move: Protect\n|-supereffective|p1b: Aerodactyl|1\n|-enditem|p1b: Aerodactyl|Focus Sash\n|-damage|p1b: Aerodactyl|1/100\n|move|p1b: Aerodactyl|Rock Slide|p2a: Farigiraf|[spread] p2b\n|-miss|p1b: Aerodactyl|p2a: Farigiraf\n|-damage|p2b: Primarina|0 fnt\n|faint|p2b: Primarina\n|\n|upkeep\n|\n|t:|1776367685\n|switch|p2b: Glimmora|Glimmora, L50, M, shiny|100/100\n|turn|6\n|\n|t:|1776367700\n|move|p1b: Aerodactyl|Protect|p1b: Aerodactyl\n|-singleturn|p1b: Aerodactyl|Protect\n|move|p2a: Farigiraf|Psychic|p1b: Aerodactyl\n|-activate|p1b: Aerodactyl|move: Protect\n|move|p2b: Glimmora|Power Gem|p1a: Delphox\n|-supereffective|p1a: Delphox|1\n|-damage|p1a: Delphox|18/100\n|move|p1a: Delphox|Heat Wave|p2a: Farigiraf|[spread] p2a,p2b\n|-resisted|p2b: Glimmora|1\n|-damage|p2a: Farigiraf|0 fnt\n|-damage|p2b: Glimmora|83/100\n|-status|p2b: Glimmora|brn\n|faint|p2a: Farigiraf\n|\n|-damage|p2b: Glimmora|77/100 brn|[from] brn\n|-fieldend|move: Trick Room\n|upkeep\n|\n|t:|1776367707\n|switch|p2a: Hydreigon|Hydreigon, L50, M|41/100\n|turn|7\n|\n|t:|1776367716\n|move|p2b: Glimmora|Spiky Shield|p2b: Glimmora\n|-singleturn|p2b: Glimmora|move: Protect\n|move|p2a: Hydreigon|Snarl|p1b: Aerodactyl|[spread] p1a,p1b\n|-supereffective|p1a: Delphox|1\n|-damage|p1a: Delphox|0 fnt\n|-damage|p1b: Aerodactyl|0 fnt\n|faint|p1a: Delphox\n|faint|p1b: Aerodactyl\n|\n|-damage|p2b: Glimmora|70/100 brn|[from] brn\n|-sideend|p2: drake78976|move: Light Screen\n|upkeep\n|\n|t:|1776367722\n|switch|p1b: Rotom|Rotom-Wash, L50|32/100\n|turn|8\n|\n|t:|1776367733\n|move|p2a: Hydreigon|Snarl|p1b: Rotom\n|-damage|p1b: Rotom|0 fnt\n|faint|p1b: Rotom\n|\n|win|drake78976\n|raw|Egzy's rating: 1109 &rarr; <strong>1088</strong><br />(-21 for losing)\n|raw|drake78976's rating: 1171 &rarr; <strong>1192</strong><br />(+21 for winning)\n|l|\u2606Egzy\n|player|p1|\n",
  "uploadtime": 1776367739,
  "views": 21,
  "formatid": "gen9championsvgc2026regma",
  "rating": 1088,
  "private": 0,
  "password": null
}