{
  "id": "gen9championsvgc2026regma-2582444366",
  "format": "[Gen 9 Champions] VGC 2026 Reg M-A",
  "players": [
    "Gooatoatss",
    "151012wen"
  ],
  "log": "|j|\u2606Gooatoatss\n|j|\u2606151012wen\n|t:|1776092089\n|gametype|doubles\n|player|p1|Gooatoatss|266|1091\n|player|p2|151012wen|hilbert|1116\n|gen|9\n|tier|[Gen 9 Champions] VGC 2026 Reg M-A\n|rated|\n|rule|Species Clause: Limit one of each Pok\u00e9mon\n|rule|Item Clause: Limit 1 of each item\n|clearpoke\n|poke|p1|Floette-Eternal, L50, F|\n|poke|p1|Primarina, L50, M|\n|poke|p1|Archaludon, L50, M|\n|poke|p1|Aerodactyl, L50, M|\n|poke|p1|Sinistcha, L50|\n|poke|p1|Tauros-Paldea-Blaze, L50, M|\n|poke|p2|Tyranitar, L50, M|\n|poke|p2|Sinistcha, L50|\n|poke|p2|Garchomp, L50, F|\n|poke|p2|Incineroar, L50, M|\n|poke|p2|Kingambit, L50, F|\n|poke|p2|Lycanroc-Dusk, L50, M|\n|teampreview|4\n|\n|t:|1776092131\n|teamsize|p1|4\n|teamsize|p2|4\n|start\n|switch|p1a: Sinistcha|Sinistcha, L50|100/100\n|switch|p1b: Tauros|Tauros-Paldea-Blaze, L50, M|100/100\n|switch|p2a: \u7262\u5927|Tyranitar, L50, M, shiny|100/100\n|switch|p2b: \u98ce\u901f\u72d7|Lycanroc-Dusk, L50, M, shiny|100/100\n|-ability|p1b: Tauros|Intimidate|boost\n|-unboost|p2a: \u7262\u5927|atk|1\n|-unboost|p2b: \u98ce\u901f\u72d7|atk|1\n|-weather|Sandstorm|[from] ability: Sand Stream|[of] p2a: \u7262\u5927\n|turn|1\n|\n|t:|1776092151\n|move|p1b: Tauros|Protect|p1b: Tauros\n|-singleturn|p1b: Tauros|Protect\n|move|p2a: \u7262\u5927|Protect|p2a: \u7262\u5927\n|-singleturn|p2a: \u7262\u5927|Protect\n|move|p2b: \u98ce\u901f\u72d7|Rock Slide|p1b: Tauros|[spread] \n|-activate|p1b: Tauros|move: Protect\n|-miss|p2b: \u98ce\u901f\u72d7|p1a: Sinistcha\n|move|p1a: Sinistcha|Matcha Gotcha|p2a: \u7262\u5927|[spread] \n|-activate|p2a: \u7262\u5927|move: Protect\n|-miss|p1a: Sinistcha|p2b: \u98ce\u901f\u72d7\n|\n|-weather|Sandstorm|[upkeep]\n|-damage|p1b: Tauros|94/100|[from] Sandstorm\n|-damage|p1a: Sinistcha|94/100|[from] Sandstorm\n|upkeep\n|turn|2\n|\n|t:|1776092192\n|switch|p1b: Primarina|Primarina, L50, M|100/100\n|switch|p2a: \u7262\u864e|Incineroar, L50, M|100/100\n|-ability|p2a: \u7262\u864e|Intimidate|boost\n|-unboost|p1a: Sinistcha|atk|1\n|-unboost|p1b: Primarina|atk|1\n|move|p2b: \u98ce\u901f\u72d7|Rock Slide|p1a: Sinistcha|[spread] p1a,p1b\n|-damage|p1a: Sinistcha|80/100\n|-damage|p1b: Primarina|80/100\n|move|p1a: Sinistcha|Strength Sap|p2b: \u98ce\u901f\u72d7\n|-unboost|p2b: \u98ce\u901f\u72d7|atk|1\n|-heal|p1a: Sinistcha|100/100\n|\n|-weather|Sandstorm|[upkeep]\n|-damage|p1a: Sinistcha|94/100|[from] Sandstorm\n|-damage|p2a: \u7262\u864e|95/100|[from] Sandstorm\n|-damage|p1b: Primarina|74/100|[from] Sandstorm\n|upkeep\n|turn|3\n|\n|t:|1776092223\n|move|p2b: \u98ce\u901f\u72d7|Rock Slide|p1b: Primarina|[spread] p1a,p1b\n|-damage|p1a: Sinistcha|84/100\n|-damage|p1b: Primarina|58/100\n|move|p1a: Sinistcha|Strength Sap|p2b: \u98ce\u901f\u72d7\n|-unboost|p2b: \u98ce\u901f\u72d7|atk|1\n|-heal|p1a: Sinistcha|100/100\n|move|p2a: \u7262\u864e|Flare Blitz|p1a: Sinistcha\n|-supereffective|p1a: Sinistcha|1\n|-damage|p1a: Sinistcha|6/100\n|-enditem|p1a: Sinistcha|Sitrus Berry|[eat]\n|-heal|p1a: Sinistcha|31/100|[from] item: Sitrus Berry\n|-damage|p2a: \u7262\u864e|63/100|[from] Recoil\n|move|p1b: Primarina|Hyper Voice|p2b: \u98ce\u901f\u72d7|[spread] p2a,p2b\n|-supereffective|p2a: \u7262\u864e|1\n|-supereffective|p2b: \u98ce\u901f\u72d7|1\n|-damage|p2a: \u7262\u864e|0 fnt\n|-enditem|p2b: \u98ce\u901f\u72d7|Focus Sash\n|-damage|p2b: \u98ce\u901f\u72d7|1/100\n|faint|p2a: \u7262\u864e\n|\n|-weather|Sandstorm|[upkeep]\n|-damage|p1a: Sinistcha|25/100|[from] Sandstorm\n|-damage|p1b: Primarina|52/100|[from] Sandstorm\n|upkeep\n|\n|t:|1776092249\n|switch|p2a: \u5927\u5c06|Kingambit, L50, F|100/100\n|turn|4\n|\n|t:|1776092276\n|move|p2a: \u5927\u5c06|Sucker Punch||[still]\n|-fail|p2a: \u5927\u5c06\n|move|p2b: \u98ce\u901f\u72d7|Endeavor|p1b: Primarina\n|-damage|p1b: Primarina|1/100\n|move|p1a: Sinistcha|Strength Sap|p2a: \u5927\u5c06\n|-unboost|p2a: \u5927\u5c06|atk|1\n|-ability|p2a: \u5927\u5c06|Defiant|boost\n|-boost|p2a: \u5927\u5c06|atk|2\n|-heal|p1a: Sinistcha|100/100\n|move|p1b: Primarina|Rain Dance|p1b: Primarina\n|-weather|RainDance\n|\n|-weather|RainDance|[upkeep]\n|upkeep\n|turn|5\n|\n|t:|1776092294\n|move|p1a: Sinistcha|Rage Powder|p1a: Sinistcha\n|-singleturn|p1a: Sinistcha|move: Rage Powder\n|move|p2b: \u98ce\u901f\u72d7|Accelerock|p1a: Sinistcha\n|-damage|p1a: Sinistcha|92/100\n|move|p2a: \u5927\u5c06|Sucker Punch||[still]\n|-fail|p2a: \u5927\u5c06\n|move|p1b: Primarina|Hyper Voice|p2a: \u5927\u5c06|[spread] p2a,p2b\n|-supereffective|p2b: \u98ce\u901f\u72d7|1\n|-damage|p2a: \u5927\u5c06|40/100\n|-damage|p2b: \u98ce\u901f\u72d7|0 fnt\n|faint|p2b: \u98ce\u901f\u72d7\n|\n|-weather|RainDance|[upkeep]\n|upkeep\n|\n|t:|1776092308\n|switch|p2b: \u7262\u5927|Tyranitar, L50, M, shiny|100/100\n|-weather|Sandstorm|[from] ability: Sand Stream|[of] p2b: \u7262\u5927\n|turn|6\n|\n|t:|1776092317\n|switch|p1b: Tauros|Tauros-Paldea-Blaze, L50, M|94/100\n|-ability|p1b: Tauros|Intimidate|boost\n|-unboost|p2a: \u5927\u5c06|atk|1\n|-ability|p2a: \u5927\u5c06|Defiant|boost\n|-boost|p2a: \u5927\u5c06|atk|2\n|-unboost|p2b: \u7262\u5927|atk|1\n|detailschange|p2b: \u7262\u5927|Tyranitar-Mega, L50, M, shiny\n|-mega|p2b: \u7262\u5927|Tyranitar|Tyranitarite\n|move|p2a: \u5927\u5c06|Protect|p2a: \u5927\u5c06\n|-singleturn|p2a: \u5927\u5c06|Protect\n|move|p2b: \u7262\u5927|Earthquake|p1b: Tauros|[spread] p1a,p1b\n|-activate|p2a: \u5927\u5c06|move: Protect\n|-resisted|p1a: Sinistcha|1\n|-supereffective|p1b: Tauros|1\n|-damage|p1a: Sinistcha|83/100\n|-damage|p1b: Tauros|42/100\n|move|p1a: Sinistcha|Matcha Gotcha|p2a: \u5927\u5c06|[spread] p2b\n|-activate|p2a: \u5927\u5c06|move: Protect\n|-supereffective|p2b: \u7262\u5927|1\n|-damage|p2b: \u7262\u5927|70/100\n|-heal|p1a: Sinistcha|98/100|[from] drain|[of] p2b: \u7262\u5927\n|\n|-weather|Sandstorm|[upkeep]\n|-damage|p1b: Tauros|36/100|[from] Sandstorm\n|-damage|p1a: Sinistcha|92/100|[from] Sandstorm\n|upkeep\n|turn|7\n|\n|t:|1776092345\n|move|p1a: Sinistcha|Rage Powder|p1a: Sinistcha\n|-singleturn|p1a: Sinistcha|move: Rage Powder\n|move|p2a: \u5927\u5c06|Sucker Punch||[still]\n|-fail|p2a: \u5927\u5c06\n|move|p1b: Tauros|Close Combat|p2a: \u5927\u5c06\n|-supereffective|p2a: \u5927\u5c06|2\n|-damage|p2a: \u5927\u5c06|0 fnt\n|-unboost|p1b: Tauros|def|1\n|-unboost|p1b: Tauros|spd|1\n|faint|p2a: \u5927\u5c06\n|move|p2b: \u7262\u5927|Rock Slide|p1a: Sinistcha|[spread] p1b\n|-miss|p2b: \u7262\u5927|p1a: Sinistcha\n|-damage|p1b: Tauros|0 fnt\n|faint|p1b: Tauros\n|\n|-weather|Sandstorm|[upkeep]\n|-damage|p1a: Sinistcha|86/100|[from] Sandstorm\n|upkeep\n|\n|t:|1776092355\n|switch|p1b: Floette|Floette-Eternal, L50, F|100/100\n|turn|8\n|l|\u2606151012wen\n|player|p2|\n|j|\u2606151012wen\n|player|p2|151012wen|hilbert|\n|\n|t:|1776092417\n|detailschange|p1b: Floette|Floette-Mega, L50, F\n|-mega|p1b: Floette|Floette|Floettite\n|-ability|p1b: Floette|Fairy Aura\n|move|p1b: Floette|Calm Mind|p1b: Floette\n|-boost|p1b: Floette|spa|1\n|-boost|p1b: Floette|spd|1\n|move|p2b: \u7262\u5927|Earthquake|p1a: Sinistcha|[spread] p1a,p1b\n|-resisted|p1a: Sinistcha|1\n|-damage|p1a: Sinistcha|76/100\n|-damage|p1b: Floette|69/100\n|move|p1a: Sinistcha|Strength Sap|p2b: \u7262\u5927\n|-unboost|p2b: \u7262\u5927|atk|1\n|-heal|p1a: Sinistcha|100/100\n|\n|-weather|Sandstorm|[upkeep]\n|-damage|p1b: Floette|63/100|[from] Sandstorm\n|-damage|p1a: Sinistcha|94/100|[from] Sandstorm\n|upkeep\n|turn|9\n|\n|t:|1776092434\n|move|p2b: \u7262\u5927|Protect|p2b: \u7262\u5927\n|-singleturn|p2b: \u7262\u5927|Protect\n|move|p1b: Floette|Light of Ruin|p1a: Sinistcha\n|-damage|p1a: Sinistcha|0 fnt\n|faint|p1a: Sinistcha\n|-damage|p1b: Floette|7/100|[from] Recoil\n|\n|-weather|Sandstorm|[upkeep]\n|-damage|p1b: Floette|1/100|[from] Sandstorm\n|upkeep\n|\n|t:|1776092438\n|switch|p1a: Primarina|Primarina, L50, M|1/100\n|turn|10\n|c|\u2606Gooatoatss|???? LOL\n|\n|t:|1776092451\n|move|p1b: Floette|Protect|p1b: Floette\n|-singleturn|p1b: Floette|Protect\n|move|p2b: \u7262\u5927|Protect||[still]\n|-fail|p2b: \u7262\u5927\n|move|p1a: Primarina|Hyper Voice|p2b: \u7262\u5927\n|-supereffective|p2b: \u7262\u5927|1\n|-damage|p2b: \u7262\u5927|0 fnt\n|faint|p2b: \u7262\u5927\n|\n|win|Gooatoatss\n|raw|Gooatoatss's rating: 1091 &rarr; <strong>1119</strong><br />(+28 for winning)\n|raw|151012wen's rating: 1116 &rarr; <strong>1089</strong><br />(-27 for losing)\n|l|\u2606151012wen\n|player|p2|\n|j|\u2606151012wen\n|player|p2|151012wen|hilbert|\n",
  "uploadtime": 1776092469,
  "views": 16,
  "formatid": "gen9championsvgc2026regma",
  "rating": 1089,
  "private": 0,
  "password": null
}