{
  "id": "gen9championsvgc2026regma-2585834254",
  "format": "[Gen 9 Champions] VGC 2026 Reg M-A",
  "players": [
    "Yeah185",
    "Rebellion077"
  ],
  "log": "|j|\u2606Yeah185\n|j|\u2606Rebellion077\n|t:|1776374148\n|gametype|doubles\n|player|p1|Yeah185|265|1086\n|player|p2|Rebellion077|preschooler|1000\n|gen|9\n|tier|[Gen 9 Champions] VGC 2026 Reg M-A\n|rated|\n|rule|Species Clause: Limit one of each Pok\u00e9mon\n|rule|Item Clause: Limit 1 of each item\n|clearpoke\n|poke|p1|Froslass, L50, F|\n|poke|p1|Kingambit, L50, F|\n|poke|p1|Garchomp, L50, F|\n|poke|p1|Sneasler, L50, M|\n|poke|p1|Garganacl, L50, F|\n|poke|p1|Rotom-Wash, L50|\n|poke|p2|Scovillain, L50, M|\n|poke|p2|Klefki, L50, M|\n|poke|p2|Gallade, L50, M|\n|poke|p2|Vivillon-Pokeball, L50, F|\n|poke|p2|Meganium, L50, F|\n|poke|p2|Alcremie, L50, F|\n|teampreview|4\n|\n|t:|1776374188\n|teamsize|p1|4\n|teamsize|p2|4\n|start\n|switch|p1a: Sneasler|Sneasler, L50, M|100/100\n|switch|p1b: Rotom|Rotom-Wash, L50|100/100\n|switch|p2a: Scovillain|Scovillain, L50, M|100/100\n|switch|p2b: Klefki|Klefki, L50, M|100/100\n|turn|1\n|\n|t:|1776374215\n|move|p2a: Scovillain|Protect|p2a: Scovillain\n|-singleturn|p2a: Scovillain|Protect\n|move|p2b: Klefki|Reflect|p2b: Klefki\n|-sidestart|p2: Rebellion077|Reflect\n|move|p1a: Sneasler|Dire Claw|p2a: Scovillain\n|-activate|p2a: Scovillain|move: Protect\n|move|p1b: Rotom|Hydro Pump|p2b: Klefki\n|-damage|p2b: Klefki|53/100\n|\n|-ability|p2a: Scovillain|Moody|boost\n|-boost|p2a: Scovillain|spa|2\n|-unboost|p2a: Scovillain|spe|1\n|upkeep\n|turn|2\n|\n|t:|1776374252\n|detailschange|p2a: Scovillain|Scovillain-Mega, L50, M\n|-mega|p2a: Scovillain|Scovillain|Scovillainite\n|move|p2b: Klefki|Light Screen|p2b: Klefki\n|-sidestart|p2: Rebellion077|move: Light Screen\n|move|p1a: Sneasler|Dire Claw|p2a: Scovillain\n|-supereffective|p2a: Scovillain|1\n|-damage|p2a: Scovillain|46/100\n|-status|p1a: Sneasler|brn|[from] ability: Spicy Spray|[of] p2a: Scovillain\n|move|p1b: Rotom|Hydro Pump|p2b: Klefki\n|-damage|p2b: Klefki|19/100\n|move|p2a: Scovillain|Giga Drain|p1b: Rotom\n|-supereffective|p1b: Rotom|1\n|-damage|p1b: Rotom|0 fnt\n|-heal|p2a: Scovillain|92/100|[from] drain|[of] p1b: Rotom\n|faint|p1b: Rotom\n|\n|-damage|p1a: Sneasler|95/100 brn|[from] brn\n|upkeep\n|\n|t:|1776374272\n|switch|p1b: Froslass|Froslass, L50, F|100/100\n|turn|3\n|\n|t:|1776374288\n|detailschange|p1b: Froslass|Froslass-Mega, L50, F\n|-mega|p1b: Froslass|Froslass|Froslassite\n|-weather|Snowscape|[from] ability: Snow Warning|[of] p1b: Froslass\n|move|p1a: Sneasler|Dire Claw|p2a: Scovillain\n|-supereffective|p2a: Scovillain|1\n|-damage|p2a: Scovillain|64/100\n|-status|p2a: Scovillain|par\n|move|p1b: Froslass|Blizzard|p2b: Klefki|[spread] p2a,p2b\n|-crit|p2a: Scovillain\n|-resisted|p2b: Klefki|1\n|-damage|p2a: Scovillain|2/100 par\n|-damage|p2b: Klefki|1/100\n|-status|p1b: Froslass|brn|[from] ability: Spicy Spray|[of] p2a: Scovillain\n|move|p2b: Klefki|Dazzling Gleam|p1a: Sneasler|[spread] p1a,p1b\n|-damage|p1a: Sneasler|64/100 brn\n|-damage|p1b: Froslass|75/100 brn\n|move|p2a: Scovillain|Flamethrower|p1b: Froslass\n|-supereffective|p1b: Froslass|1\n|-damage|p1b: Froslass|0 fnt\n|faint|p1b: Froslass\n|\n|-weather|Snowscape|[upkeep]\n|-damage|p1a: Sneasler|58/100 brn|[from] brn\n|upkeep\n|\n|t:|1776374307\n|switch|p1b: Kingambit|Kingambit, L50, F|100/100\n|turn|4\n|\n|t:|1776374340\n|move|p2a: Scovillain|Protect|p2a: Scovillain\n|-singleturn|p2a: Scovillain|Protect\n|move|p1a: Sneasler|Dire Claw|p2a: Scovillain\n|-activate|p2a: Scovillain|move: Protect\n|move|p2b: Klefki|Dazzling Gleam|p1a: Sneasler|[spread] p1a,p1b\n|-damage|p1a: Sneasler|27/100 brn\n|-damage|p1b: Kingambit|76/100\n|move|p1b: Kingambit|Kowtow Cleave|p2b: Klefki\n|-resisted|p2b: Klefki|1\n|-damage|p2b: Klefki|0 fnt\n|faint|p2b: Klefki\n|\n|-weather|Snowscape|[upkeep]\n|-damage|p1a: Sneasler|22/100 brn|[from] brn\n|upkeep\n|\n|t:|1776374352\n|switch|p2b: Gallade|Gallade, L50, M|100/100\n|turn|5\n|\n|t:|1776374363\n|move|p2a: Scovillain|Rage Powder|p2a: Scovillain\n|-singleturn|p2a: Scovillain|move: Rage Powder\n|move|p1b: Kingambit|Sucker Punch||[still]\n|-fail|p1b: Kingambit\n|move|p2b: Gallade|Psycho Cut|p1a: Sneasler\n|-supereffective|p1a: Sneasler|2\n|-damage|p1a: Sneasler|0 fnt\n|faint|p1a: Sneasler\n|\n|-weather|Snowscape|[upkeep]\n|-sideend|p2: Rebellion077|Reflect\n|upkeep\n|turn|6\n|-message|Yeah185 forfeited.\n|\n|win|Rebellion077\n|raw|Yeah185's rating: 1086 &rarr; <strong>1058</strong><br />(-28 for losing)\n|raw|Rebellion077's rating: 1000 &rarr; <strong>1050</strong><br />(+50 for winning)\n|l|\u2606Yeah185\n|player|p1|\n",
  "uploadtime": 1776374374,
  "views": 24,
  "formatid": "gen9championsvgc2026regma",
  "rating": 1050,
  "private": 0,
  "password": null
}