{
  "id": "gen9championsvgc2026regma-2586430285",
  "format": "[Gen 9 Champions] VGC 2026 Reg M-A",
  "players": [
    "parwes",
    "Incenre"
  ],
  "log": "|j|\u2606parwes\n|j|\u2606Incenre\n|t:|1776434143\n|gametype|doubles\n|player|p1|parwes|265|1041\n|player|p2|Incenre|benga|1023\n|gen|9\n|tier|[Gen 9 Champions] VGC 2026 Reg M-A\n|rated|\n|rule|Species Clause: Limit one of each Pok\u00e9mon\n|rule|Item Clause: Limit 1 of each item\n|clearpoke\n|poke|p1|Glalie, L50, F|\n|poke|p1|Whimsicott, L50, M|\n|poke|p1|Pelipper, L50, F|\n|poke|p1|Incineroar, L50, M|\n|poke|p1|Basculegion, L50, M|\n|poke|p1|Archaludon, L50, M|\n|poke|p2|Charizard, L50, M|\n|poke|p2|Garchomp, L50, F|\n|poke|p2|Heliolisk, L50, F|\n|poke|p2|Venusaur, L50, F|\n|poke|p2|Corviknight, L50, M|\n|poke|p2|Dragonite, L50, M|\n|teampreview|4\n|inactive|Battle timer is ON: inactive players will automatically lose when time's up. (requested by Incenre)\n|\n|t:|1776434158\n|teamsize|p1|4\n|teamsize|p2|4\n|start\n|switch|p1a: Glalie|Glalie, L50, F|100/100\n|switch|p1b: Whimsicott|Whimsicott, L50, M|100/100\n|switch|p2a: Dragonite|Dragonite, L50, M|100/100\n|switch|p2b: Heliolisk|Heliolisk, L50, F|100/100\n|turn|1\n|\n|t:|1776434174\n|detailschange|p1a: Glalie|Glalie-Mega, L50, F\n|-mega|p1a: Glalie|Glalie|Glalitite\n|detailschange|p2a: Dragonite|Dragonite-Mega, L50, M\n|-mega|p2a: Dragonite|Dragonite|Dragoninite\n|move|p2a: Dragonite|Protect|p2a: Dragonite\n|-singleturn|p2a: Dragonite|Protect\n|move|p1b: Whimsicott|Tailwind|p1b: Whimsicott\n|-sidestart|p1: parwes|move: Tailwind\n|move|p1a: Glalie|Explosion|p2b: Heliolisk|[spread] p1b,p2b\n|-activate|p2a: Dragonite|move: Protect\n|-supereffective|p1b: Whimsicott|1\n|-enditem|p1b: Whimsicott|Focus Sash\n|-damage|p1b: Whimsicott|1/100\n|-damage|p2b: Heliolisk|0 fnt\n|faint|p1a: Glalie\n|faint|p2b: Heliolisk\n|\n|upkeep\n|\n|t:|1776434188\n|switch|p2b: Venusaur|Venusaur, L50, F|100/100\n|switch|p1a: Pelipper|Pelipper, L50, F|100/100\n|-weather|RainDance|[from] ability: Drizzle|[of] p1a: Pelipper\n|turn|2\n|\n|t:|1776434203\n|move|p1a: Pelipper|Hurricane|p2b: Venusaur\n|-supereffective|p2b: Venusaur|1\n|-damage|p2b: Venusaur|14/100\n|-enditem|p2b: Venusaur|Sitrus Berry|[eat]\n|-heal|p2b: Venusaur|38/100|[from] item: Sitrus Berry\n|move|p1b: Whimsicott|Dazzling Gleam|p2a: Dragonite|[spread] p2a,p2b\n|-supereffective|p2a: Dragonite|1\n|-resisted|p2b: Venusaur|1\n|-damage|p2a: Dragonite|84/100\n|-damage|p2b: Venusaur|27/100\n|move|p2b: Venusaur|Sludge Bomb|p1b: Whimsicott\n|-supereffective|p1b: Whimsicott|2\n|-damage|p1b: Whimsicott|0 fnt\n|faint|p1b: Whimsicott\n|move|p2a: Dragonite|Thunder|p1a: Pelipper\n|-supereffective|p1a: Pelipper|2\n|-damage|p1a: Pelipper|0 fnt\n|faint|p1a: Pelipper\n|\n|-weather|RainDance|[upkeep]\n|upkeep\n|\n|t:|1776434221\n|switch|p1a: Basculegion|Basculegion, L50, M|100/100\n|turn|3\n|\n|t:|1776434227\n|move|p1a: Basculegion|Last Respects|p2a: Dragonite\n|-damage|p2a: Dragonite|0 fnt\n|faint|p2a: Dragonite\n|move|p2b: Venusaur|Sleep Powder|p1a: Basculegion|[miss]\n|-miss|p2b: Venusaur|p1a: Basculegion\n|\n|-weather|RainDance|[upkeep]\n|upkeep\n|\n|t:|1776434230\n|switch|p2a: Corviknight|Corviknight, L50, M|100/100\n|turn|4\n|\n|t:|1776434234\n|move|p1a: Basculegion|Last Respects|p2b: Venusaur\n|-damage|p2b: Venusaur|0 fnt\n|faint|p2b: Venusaur\n|move|p2a: Corviknight|Dual Wingbeat|p1a: Basculegion\n|-damage|p1a: Basculegion|84/100\n|-damage|p1a: Basculegion|67/100\n|-hitcount|p1a: Basculegion|2\n|\n|-weather|RainDance|[upkeep]\n|-sideend|p1: parwes|move: Tailwind\n|upkeep\n|turn|5\n|\n|t:|1776434239\n|move|p1a: Basculegion|Last Respects|p2a: Corviknight\n|-damage|p2a: Corviknight|0 fnt\n|faint|p2a: Corviknight\n|\n|win|parwes\n|raw|parwes's rating: 1041 &rarr; <strong>1073</strong><br />(+32 for winning)\n|raw|Incenre's rating: 1023 &rarr; <strong>1010</strong><br />(-13 for losing)\n|l|\u2606Incenre\n|player|p2|\n",
  "uploadtime": 1776434244,
  "views": 19,
  "formatid": "gen9championsvgc2026regma",
  "rating": 1010,
  "private": 0,
  "password": null
}