{
  "id": "gen9championsvgc2026regma-2580778546",
  "format": "[Gen 9 Champions] VGC 2026 Reg M-A",
  "players": [
    "dddadadadadadad",
    "cadekroeker"
  ],
  "log": "|j|\u2606dddadadadadadad\n|j|\u2606cadekroeker\n|t:|1775931747\n|gametype|doubles\n|player|p1|dddadadadadadad|101|1135\n|player|p2|cadekroeker|flannery|1119\n|gen|9\n|tier|[Gen 9 Champions] VGC 2026 Reg M-A\n|rated|\n|rule|Species Clause: Limit one of each Pok\u00e9mon\n|rule|Item Clause: Limit 1 of each item\n|clearpoke\n|poke|p1|Chimecho, L50, F|\n|poke|p1|Gardevoir, L50, M|\n|poke|p1|Basculegion, L50, M|\n|poke|p1|Steelix, L50, F|\n|poke|p1|Glimmora, L50, M|\n|poke|p1|Incineroar, L50, M|\n|poke|p2|Floette-Eternal, L50, F|\n|poke|p2|Excadrill, L50, F|\n|poke|p2|Garchomp, L50, F|\n|poke|p2|Tyranitar, L50, M|\n|poke|p2|Aegislash, L50, M|\n|poke|p2|Aerodactyl, L50, M|\n|teampreview|4\n|inactive|Battle timer is ON: inactive players will automatically lose when time's up. (requested by cadekroeker)\n|inactive|cadekroeker has 60 seconds left.\n|\n|t:|1775931783\n|teamsize|p1|4\n|teamsize|p2|4\n|start\n|switch|p1a: Chimecho|Chimecho, L50, F|100/100\n|switch|p1b: Incineroar|Incineroar, L50, M|100/100\n|switch|p2a: Aegislash|Aegislash, L50, M|100/100\n|switch|p2b: Tyranitar|Tyranitar, L50, M|100/100\n|-weather|Sandstorm|[from] ability: Sand Stream|[of] p2b: Tyranitar\n|-ability|p1b: Incineroar|Intimidate|boost\n|-unboost|p2a: Aegislash|atk|1\n|-unboost|p2b: Tyranitar|atk|1\n|-enditem|p2b: Tyranitar|White Herb\n|-clearnegativeboost|p2b: Tyranitar|[silent]\n|turn|1\n|\n|t:|1775931803\n|detailschange|p1a: Chimecho|Chimecho-Mega, L50, F\n|-mega|p1a: Chimecho|Chimecho|Chimechite\n|move|p2b: Tyranitar|Protect|p2b: Tyranitar\n|-singleturn|p2b: Tyranitar|Protect\n|move|p1a: Chimecho|Protect|p1a: Chimecho\n|-singleturn|p1a: Chimecho|Protect\n|move|p1b: Incineroar|Parting Shot|p2a: Aegislash\n|-unboost|p2a: Aegislash|atk|1\n|-unboost|p2a: Aegislash|spa|1\n|\n|t:|1775931817\n|switch|p1b: Steelix|Steelix, L50, F|100/100|[from] Parting Shot\n|-formechange|p2a: Aegislash|Aegislash-Blade|\n|move|p2a: Aegislash|Shadow Ball|p1a: Chimecho\n|-activate|p1a: Chimecho|move: Protect\n|\n|-weather|Sandstorm|[upkeep]\n|upkeep\n|turn|2\n|\n|t:|1775931831\n|switch|p2a: Garchomp|Garchomp, L50, F|100/100\n|move|p2b: Tyranitar|Dragon Dance|p2b: Tyranitar\n|-boost|p2b: Tyranitar|atk|1\n|-boost|p2b: Tyranitar|spe|1\n|move|p1b: Steelix|Earthquake|p2b: Tyranitar|[spread] p2b\n|-immune|p1a: Chimecho|[from] ability: Levitate\n|-miss|p1b: Steelix|p2a: Garchomp\n|-supereffective|p2b: Tyranitar|1\n|-damage|p2b: Tyranitar|63/100\n|move|p1a: Chimecho|Trick Room|p1a: Chimecho\n|-fieldstart|move: Trick Room|[of] p1a: Chimecho\n|\n|-weather|Sandstorm|[upkeep]\n|upkeep\n|turn|3\n|\n|t:|1775931854\n|move|p1b: Steelix|Body Press|p2b: Tyranitar\n|-supereffective|p2b: Tyranitar|2\n|-damage|p2b: Tyranitar|0 fnt\n|faint|p2b: Tyranitar\n|move|p1a: Chimecho|Snarl|p2a: Garchomp|[miss]\n|-miss|p1a: Chimecho|p2a: Garchomp\n|move|p2a: Garchomp|Stomping Tantrum|p1b: Steelix\n|-supereffective|p1b: Steelix|1\n|-damage|p1b: Steelix|63/100\n|\n|-weather|Sandstorm|[upkeep]\n|-heal|p1b: Steelix|69/100|[from] item: Leftovers\n|upkeep\n|\n|t:|1775931867\n|switch|p2b: Aegislash|Aegislash, L50, M|100/100\n|turn|4\n|\n|t:|1775931873\n|move|p2b: Aegislash|King's Shield|p2b: Aegislash\n|-singleturn|p2b: Aegislash|Protect\n|move|p1b: Steelix|Earthquake|p2b: Aegislash|[spread] \n|-activate|p2b: Aegislash|move: Protect\n|-immune|p1a: Chimecho|[from] ability: Levitate\n|-miss|p1b: Steelix|p2a: Garchomp\n|move|p1a: Chimecho|Snarl|p2a: Garchomp|[spread] p2a\n|-activate|p2b: Aegislash|move: Protect\n|-damage|p2a: Garchomp|86/100\n|-unboost|p2a: Garchomp|spa|1\n|move|p2a: Garchomp|Swords Dance|p2a: Garchomp\n|-boost|p2a: Garchomp|atk|2\n|\n|-weather|Sandstorm|[upkeep]\n|-heal|p1b: Steelix|75/100|[from] item: Leftovers\n|upkeep\n|turn|5\n|\n|t:|1775931893\n|move|p1b: Steelix|Earthquake|p2a: Garchomp|[spread] p2a,p2b\n|-immune|p1a: Chimecho|[from] ability: Levitate\n|-supereffective|p2b: Aegislash|1\n|-damage|p2a: Garchomp|63/100\n|-damage|p2b: Aegislash|65/100\n|-formechange|p2b: Aegislash|Aegislash-Blade|\n|move|p2b: Aegislash|Shadow Ball|p1a: Chimecho\n|-supereffective|p1a: Chimecho|1\n|-damage|p1a: Chimecho|43/100\n|move|p1a: Chimecho|Snarl|p2a: Garchomp|[spread] p2a,p2b\n|-supereffective|p2b: Aegislash|1\n|-damage|p2a: Garchomp|48/100\n|-damage|p2b: Aegislash|14/100\n|-unboost|p2a: Garchomp|spa|1\n|-unboost|p2b: Aegislash|spa|1\n|move|p2a: Garchomp|Stomping Tantrum|p1b: Steelix\n|-supereffective|p1b: Steelix|1\n|-damage|p1b: Steelix|3/100\n|\n|-weather|none\n|-heal|p1b: Steelix|9/100|[from] item: Leftovers\n|-heal|p2b: Aegislash|20/100|[from] item: Leftovers\n|upkeep\n|turn|6\n|\n|t:|1775931916\n|-formechange|p2b: Aegislash|Aegislash|\n|move|p2b: Aegislash|King's Shield|p2b: Aegislash\n|-singleturn|p2b: Aegislash|Protect\n|move|p2a: Garchomp|Protect|p2a: Garchomp\n|-singleturn|p2a: Garchomp|Protect\n|move|p1b: Steelix|Earthquake|p2b: Aegislash|[spread] \n|-activate|p2a: Garchomp|move: Protect\n|-activate|p2b: Aegislash|move: Protect\n|-immune|p1a: Chimecho|[from] ability: Levitate\n|move|p1a: Chimecho|Boomburst|p2a: Garchomp|[spread] p1b\n|-activate|p2a: Garchomp|move: Protect\n|-activate|p2b: Aegislash|move: Protect\n|-resisted|p1b: Steelix|1\n|-damage|p1b: Steelix|0 fnt\n|faint|p1b: Steelix\n|\n|-heal|p2b: Aegislash|26/100|[from] item: Leftovers\n|-fieldend|move: Trick Room\n|upkeep\n|\n|t:|1775931924\n|switch|p1b: Incineroar|Incineroar, L50, M|100/100\n|-ability|p1b: Incineroar|Intimidate|boost\n|-unboost|p2a: Garchomp|atk|1\n|-unboost|p2b: Aegislash|atk|1\n|turn|7\n|\n|t:|1775931942\n|move|p2a: Garchomp|Protect||[still]\n|-fail|p2a: Garchomp\n|move|p1a: Chimecho|Protect|p1a: Chimecho\n|-singleturn|p1a: Chimecho|Protect\n|move|p1b: Incineroar|Fake Out|p2a: Garchomp\n|-damage|p2a: Garchomp|35/100\n|-formechange|p2b: Aegislash|Aegislash-Blade|\n|move|p2b: Aegislash|Shadow Sneak|p1a: Chimecho\n|-activate|p1a: Chimecho|move: Protect\n|\n|-heal|p2b: Aegislash|32/100|[from] item: Leftovers\n|upkeep\n|turn|8\n|\n|t:|1775931966\n|switch|p2b: Excadrill|Excadrill, L50, F|100/100\n|move|p2a: Garchomp|Stomping Tantrum|p1b: Incineroar\n|-supereffective|p1b: Incineroar|1\n|-damage|p1b: Incineroar|0 fnt\n|faint|p1b: Incineroar\n|move|p1a: Chimecho|Trick Room|p1a: Chimecho\n|-fieldstart|move: Trick Room|[of] p1a: Chimecho\n|\n|upkeep\n|\n|t:|1775931974\n|switch|p1b: Basculegion|Basculegion, L50, M|100/100\n|turn|9\n|inactive|cadekroeker has 30 seconds left.\n|\n|t:|1775932002\n|move|p1a: Chimecho|Snarl|p2b: Excadrill|[spread] p2a,p2b\n|-damage|p2a: Garchomp|21/100\n|-damage|p2b: Excadrill|84/100\n|-unboost|p2a: Garchomp|spa|1\n|-unboost|p2b: Excadrill|spa|1\n|move|p1b: Basculegion|Wave Crash|p2b: Excadrill\n|-supereffective|p2b: Excadrill|1\n|-damage|p2b: Excadrill|0 fnt\n|faint|p2b: Excadrill\n|-damage|p1b: Basculegion|78/100|[from] Recoil\n|move|p2a: Garchomp|Dragon Claw|p1b: Basculegion\n|-damage|p1b: Basculegion|8/100\n|\n|upkeep\n|\n|t:|1775932009\n|switch|p2b: Aegislash|Aegislash, L50, M|32/100\n|turn|10\n|inactive|cadekroeker has 30 seconds left.\n|\n|t:|1775932038\n|move|p2b: Aegislash|King's Shield|p2b: Aegislash\n|-singleturn|p2b: Aegislash|Protect\n|move|p1b: Basculegion|Aqua Jet|p2a: Garchomp\n|-damage|p2a: Garchomp|1/100\n|move|p1a: Chimecho|Snarl|p2b: Aegislash|[spread] p2a\n|-activate|p2b: Aegislash|move: Protect\n|-damage|p2a: Garchomp|0 fnt\n|faint|p2a: Garchomp\n|\n|-heal|p2b: Aegislash|38/100|[from] item: Leftovers\n|upkeep\n|turn|11\n|\n|t:|1775932057\n|-formechange|p2b: Aegislash|Aegislash-Blade|\n|move|p2b: Aegislash|Shadow Sneak|p1b: Basculegion\n|-supereffective|p1b: Basculegion|1\n|-damage|p1b: Basculegion|0 fnt\n|faint|p1b: Basculegion\n|move|p1a: Chimecho|Snarl|p2b: Aegislash\n|-supereffective|p2b: Aegislash|1\n|-damage|p2b: Aegislash|0 fnt\n|faint|p2b: Aegislash\n|\n|win|dddadadadadadad\n|raw|dddadadadadadad's rating: 1135 &rarr; <strong>1159</strong><br />(+24 for winning)\n|raw|cadekroeker's rating: 1119 &rarr; <strong>1095</strong><br />(-24 for losing)\n",
  "uploadtime": 1775932058,
  "views": 15,
  "formatid": "gen9championsvgc2026regma",
  "rating": 1095,
  "private": 0,
  "password": null
}