{
  "id": "gen9championsvgc2026regma-2581855004",
  "format": "[Gen 9 Champions] VGC 2026 Reg M-A",
  "players": [
    "Nenepoke",
    "pikachufan7943"
  ],
  "log": "|j|\u2606Nenepoke\n|j|\u2606pikachufan7943\n|t:|1776033994\n|gametype|doubles\n|player|p1|Nenepoke|265|1325\n|player|p2|pikachufan7943|pokekid|1383\n|gen|9\n|tier|[Gen 9 Champions] VGC 2026 Reg M-A\n|rated|\n|rule|Species Clause: Limit one of each Pok\u00e9mon\n|rule|Item Clause: Limit 1 of each item\n|clearpoke\n|poke|p1|Kommo-o, L50, M|\n|poke|p1|Garchomp, L50, M|\n|poke|p1|Rotom-Wash, L50|\n|poke|p1|Sinistcha-Masterpiece, L50|\n|poke|p1|Incineroar, L50, F|\n|poke|p1|Aggron, L50, F|\n|poke|p2|Garchomp, L50, M|\n|poke|p2|Delphox, L50, F|\n|poke|p2|Aerodactyl, L50, F|\n|poke|p2|Sneasler, L50, M|\n|poke|p2|Aegislash, L50, M|\n|poke|p2|Sinistcha, L50|\n|teampreview|4\n|j| Kozakmh\n|l| Kozakmh\n|inactive|Battle timer is ON: inactive players will automatically lose when time's up. (requested by Nenepoke)\n|\n|t:|1776034061\n|teamsize|p1|4\n|teamsize|p2|4\n|start\n|switch|p1a: Garchomp|Garchomp, L50, M, shiny|100/100\n|switch|p1b: Rotom|Rotom-Wash, L50|100/100\n|switch|p2a: Delphox|Delphox, L50, F|100/100\n|switch|p2b: Sneasler|Sneasler, L50, M|100/100\n|turn|1\n|inactive|Nenepoke has 30 seconds left.\n|\n|t:|1776034089\n|detailschange|p2a: Delphox|Delphox-Mega, L50, F\n|-mega|p2a: Delphox|Delphox|Delphoxite\n|move|p2b: Sneasler|Fake Out|p1a: Garchomp\n|-damage|p1a: Garchomp|87/100\n|-damage|p2b: Sneasler|88/100|[from] ability: Rough Skin|[of] p1a: Garchomp\n|move|p2a: Delphox|Calm Mind|p2a: Delphox\n|-boost|p2a: Delphox|spa|1\n|-boost|p2a: Delphox|spd|1\n|move|p1b: Rotom|Hydro Pump|p2a: Delphox\n|-supereffective|p2a: Delphox|1\n|-damage|p2a: Delphox|33/100\n|cant|p1a: Garchomp|flinch\n|\n|upkeep\n|turn|2\n|inactive|Nenepoke has 30 seconds left.\n|inactive|Nenepoke has 20 seconds left.\n|inactive|Nenepoke has 15 seconds left.\n|\n|t:|1776034131\n|switch|p2b: Sinistcha|Sinistcha, L50|100/100\n|-heal|p2a: Delphox|57/100|[from] ability: Hospitality|[of] p2b: Sinistcha\n|switch|p1a: Incineroar|Incineroar, L50, F, shiny|100/100\n|-ability|p1a: Incineroar|Intimidate|boost\n|-unboost|p2a: Delphox|atk|1\n|-unboost|p2b: Sinistcha|atk|1\n|move|p2a: Delphox|Protect|p2a: Delphox\n|-singleturn|p2a: Delphox|Protect\n|move|p1b: Rotom|Hydro Pump|p2a: Delphox\n|-activate|p2a: Delphox|move: Protect\n|\n|upkeep\n|turn|3\n|inactive|pikachufan7943 has 30 seconds left.\n|\n|t:|1776034159\n|move|p2b: Sinistcha|Rage Powder|p2b: Sinistcha\n|-singleturn|p2b: Sinistcha|move: Rage Powder\n|move|p2a: Delphox|Psychic|p1b: Rotom\n|-damage|p1b: Rotom|18/100\n|move|p1b: Rotom|Hydro Pump|p2b: Sinistcha\n|-resisted|p2b: Sinistcha|1\n|-damage|p2b: Sinistcha|77/100\n|move|p1a: Incineroar|Throat Chop|p2b: Sinistcha\n|-supereffective|p2b: Sinistcha|1\n|-damage|p2b: Sinistcha|26/100\n|-start|p2b: Sinistcha|Throat Chop|[silent]\n|-enditem|p2b: Sinistcha|Sitrus Berry|[eat]\n|-heal|p2b: Sinistcha|51/100|[from] item: Sitrus Berry\n|\n|upkeep\n|turn|4\n|\n|t:|1776034180\n|move|p2b: Sinistcha|Rage Powder|p2b: Sinistcha\n|-singleturn|p2b: Sinistcha|move: Rage Powder\n|move|p2a: Delphox|Heat Wave|p1b: Rotom|[spread] p1a,p1b\n|-resisted|p1a: Incineroar|1\n|-resisted|p1b: Rotom|1\n|-damage|p1a: Incineroar|77/100\n|-damage|p1b: Rotom|0 fnt\n|faint|p1b: Rotom\n|move|p1a: Incineroar|Throat Chop|p2b: Sinistcha\n|-supereffective|p2b: Sinistcha|1\n|-damage|p2b: Sinistcha|3/100\n|\n|-end|p2b: Sinistcha|Throat Chop|[silent]\n|upkeep\n|\n|t:|1776034200\n|switch|p1b: Garchomp|Garchomp, L50, M, shiny|87/100\n|turn|5\n|\n|t:|1776034211\n|switch|p2b: Sneasler|Sneasler, L50, M|88/100\n|move|p2a: Delphox|Protect|p2a: Delphox\n|-singleturn|p2a: Delphox|Protect\n|move|p1b: Garchomp|Rock Slide|p2a: Delphox|[spread] p2b\n|-activate|p2a: Delphox|move: Protect\n|-resisted|p2b: Sneasler|1\n|-damage|p2b: Sneasler|71/100\n|move|p1a: Incineroar|Throat Chop|p2a: Delphox\n|-activate|p2a: Delphox|move: Protect\n|\n|upkeep\n|turn|6\n|\n|t:|1776034228\n|move|p1b: Garchomp|Protect|p1b: Garchomp\n|-singleturn|p1b: Garchomp|Protect\n|move|p2b: Sneasler|Fake Out|p1a: Incineroar\n|-damage|p1a: Incineroar|63/100\n|move|p2a: Delphox|Psychic|p1b: Garchomp\n|-activate|p1b: Garchomp|move: Protect\n|cant|p1a: Incineroar|flinch\n|\n|upkeep\n|turn|7\n|\n|t:|1776034244\n|move|p2a: Delphox|Psychic|p1b: Garchomp\n|-damage|p1b: Garchomp|0 fnt\n|faint|p1b: Garchomp\n|move|p2b: Sneasler|Close Combat|p1a: Incineroar\n|-supereffective|p1a: Incineroar|1\n|-damage|p1a: Incineroar|0 fnt\n|-unboost|p2b: Sneasler|def|1\n|-unboost|p2b: Sneasler|spd|1\n|faint|p1a: Incineroar\n|-enditem|p2b: Sneasler|White Herb\n|-clearnegativeboost|p2b: Sneasler|[silent]\n|\n|upkeep\n|-message|Nenepoke forfeited.\n|\n|win|pikachufan7943\n|raw|Nenepoke's rating: 1325 &rarr; <strong>1308</strong><br />(-17 for losing)\n|raw|pikachufan7943's rating: 1383 &rarr; <strong>1400</strong><br />(+17 for winning)\n|l|\u2606Nenepoke\n|player|p1|\n|l|\u2606pikachufan7943\n|player|p2|\n",
  "uploadtime": 1776034423,
  "views": 33,
  "formatid": "gen9championsvgc2026regma",
  "rating": 1308,
  "private": 0,
  "password": null
}