{
  "id": "gen9championsvgc2026regma-2581893001",
  "format": "[Gen 9 Champions] VGC 2026 Reg M-A",
  "players": [
    "estoc2",
    "Sig.ra Sciagura"
  ],
  "log": "|j|\u2606estoc2\n|j|\u2606Sig.ra Sciagura\n|t:|1776037367\n|gametype|doubles\n|player|p1|estoc2|dawn|1232\n|player|p2|Sig.ra Sciagura|madame|1203\n|gen|9\n|tier|[Gen 9 Champions] VGC 2026 Reg M-A\n|rated|\n|rule|Species Clause: Limit one of each Pok\u00e9mon\n|rule|Item Clause: Limit 1 of each item\n|clearpoke\n|poke|p1|Corviknight, L50, M|\n|poke|p1|Sinistcha, L50|\n|poke|p1|Sneasler, L50, M|\n|poke|p1|Talonflame, L50, M|\n|poke|p1|Kommo-o, L50, M|\n|poke|p1|Delphox, L50, F|\n|poke|p2|Orthworm, L50, F|\n|poke|p2|Basculegion, L50, M|\n|poke|p2|Incineroar, L50, M|\n|poke|p2|Rotom-Frost, L50|\n|poke|p2|Froslass, L50, F|\n|poke|p2|Garchomp, L50, M|\n|teampreview|4\n|j| cadubatatau\n|inactive|Battle timer is ON: inactive players will automatically lose when time's up. (requested by estoc2)\n|inactive|Sig.ra Sciagura has 60 seconds left.\n|\n|t:|1776037467\n|teamsize|p1|4\n|teamsize|p2|4\n|start\n|switch|p1a: Talonflame|Talonflame, L50, M|100/100\n|switch|p1b: Delphox|Delphox, L50, F|100/100\n|switch|p2a: Linea Rossa|Orthworm, L50, F|100/100\n|switch|p2b: Romeo|Incineroar, L50, M|100/100\n|-ability|p2b: Romeo|Intimidate|boost\n|-unboost|p1a: Talonflame|atk|1\n|-unboost|p1b: Delphox|atk|1\n|turn|1\n|\n|t:|1776037487\n|switch|p2a: Salmo|Basculegion, L50, M|100/100\n|detailschange|p1b: Delphox|Delphox-Mega, L50, F\n|-mega|p1b: Delphox|Delphox|Delphoxite\n|move|p2b: Romeo|Fake Out|p1a: Talonflame\n|-damage|p1a: Talonflame|79/100\n|move|p1b: Delphox|Heat Wave|p2a: Salmo|[spread] p2a,p2b\n|-resisted|p2a: Salmo|1\n|-resisted|p2b: Romeo|1\n|-damage|p2a: Salmo|78/100\n|-damage|p2b: Romeo|83/100\n|cant|p1a: Talonflame|flinch\n|\n|upkeep\n|turn|2\n|inactive|estoc2 has 30 seconds left.\n|\n|t:|1776037512\n|switch|p1b: Sinistcha|Sinistcha, L50|100/100\n|-heal|p1a: Talonflame|100/100|[from] ability: Hospitality|[of] p1b: Sinistcha\n|move|p1a: Talonflame|Tailwind|p1a: Talonflame\n|-sidestart|p1: estoc2|move: Tailwind\n|move|p2a: Salmo|Flip Turn|p1a: Talonflame\n|-supereffective|p1a: Talonflame|1\n|-enditem|p1a: Talonflame|Focus Sash\n|-damage|p1a: Talonflame|1/100\n|\n|t:|1776037523\n|switch|p2a: Linea Rossa|Orthworm, L50, F|100/100|[from] Flip Turn\n|move|p2b: Romeo|Darkest Lariat|p1b: Sinistcha\n|-supereffective|p1b: Sinistcha|1\n|-damage|p1b: Sinistcha|25/100\n|\n|upkeep\n|turn|3\n|\n|t:|1776037548\n|switch|p2a: Salmo|Basculegion, L50, M|78/100\n|move|p1a: Talonflame|Taunt|p2a: Salmo\n|-start|p2a: Salmo|move: Taunt\n|move|p1b: Sinistcha|Strength Sap|p2b: Romeo\n|-unboost|p2b: Romeo|atk|1\n|-heal|p1b: Sinistcha|100/100\n|move|p2b: Romeo|Darkest Lariat|p1b: Sinistcha\n|-supereffective|p1b: Sinistcha|1\n|-damage|p1b: Sinistcha|53/100\n|\n|upkeep\n|turn|4\n|\n|t:|1776037566\n|switch|p1a: Sneasler|Sneasler, L50, M|100/100\n|switch|p2b: Linea Rossa|Orthworm, L50, F|100/100\n|move|p2a: Salmo|Aqua Jet|p1a: Sneasler\n|-damage|p1a: Sneasler|59/100\n|move|p1b: Sinistcha|Matcha Gotcha|p2a: Salmo|[spread] p2a,p2b\n|-supereffective|p2a: Salmo|1\n|-resisted|p2b: Linea Rossa|1\n|-damage|p2a: Salmo|15/100\n|-heal|p1b: Sinistcha|88/100|[from] drain|[of] p2a: Salmo\n|-damage|p2b: Linea Rossa|77/100\n|-heal|p1b: Sinistcha|99/100|[from] drain|[of] p2b: Linea Rossa\n|\n|upkeep\n|turn|5\n|inactive|estoc2 has 30 seconds left.\n|\n|t:|1776037598\n|switch|p2a: Romeo|Incineroar, L50, M|83/100\n|-ability|p2a: Romeo|Intimidate|boost\n|-unboost|p1a: Sneasler|atk|1\n|-unboost|p1b: Sinistcha|atk|1\n|-enditem|p1a: Sneasler|White Herb\n|-clearnegativeboost|p1a: Sneasler|[silent]\n|switch|p2b: Algida|Froslass, L50, F|100/100\n|move|p1a: Sneasler|Close Combat|p2a: Romeo\n|-supereffective|p2a: Romeo|1\n|-damage|p2a: Romeo|0 fnt\n|-unboost|p1a: Sneasler|def|1\n|-unboost|p1a: Sneasler|spd|1\n|faint|p2a: Romeo\n|move|p1b: Sinistcha|Matcha Gotcha|p2b: Algida\n|-damage|p2b: Algida|45/100\n|-heal|p1b: Sinistcha|100/100|[from] drain|[of] p2b: Algida\n|\n|-sideend|p1: estoc2|move: Tailwind\n|upkeep\n|\n|t:|1776037617\n|switch|p2a: Salmo|Basculegion, L50, M|15/100\n|turn|6\n|\n|t:|1776037632\n|detailschange|p2b: Algida|Froslass-Mega, L50, F\n|-mega|p2b: Algida|Froslass|Froslassite\n|-weather|Snowscape|[from] ability: Snow Warning|[of] p2b: Algida\n|move|p1b: Sinistcha|Rage Powder|p1b: Sinistcha\n|-singleturn|p1b: Sinistcha|move: Rage Powder\n|move|p1a: Sneasler|Dire Claw|p2a: Salmo\n|-resisted|p2a: Salmo|1\n|-damage|p2a: Salmo|0 fnt\n|faint|p2a: Salmo\n|move|p2b: Algida|Shadow Ball|p1b: Sinistcha\n|-supereffective|p1b: Sinistcha|1\n|-damage|p1b: Sinistcha|2/100\n|-unboost|p1b: Sinistcha|spd|1\n|\n|-weather|Snowscape|[upkeep]\n|upkeep\n|\n|t:|1776037645\n|switch|p2a: Linea Rossa|Orthworm, L50, F|77/100\n|turn|7\n|\n|t:|1776037667\n|move|p1a: Sneasler|Close Combat|p2a: Linea Rossa\n|-supereffective|p2a: Linea Rossa|1\n|-damage|p2a: Linea Rossa|0 fnt\n|-unboost|p1a: Sneasler|def|1\n|-unboost|p1a: Sneasler|spd|1\n|faint|p2a: Linea Rossa\n|move|p2b: Algida|Blizzard|p1b: Sinistcha|[spread] p1a,p1b\n|-supereffective|p1b: Sinistcha|1\n|-damage|p1a: Sneasler|0 fnt\n|-damage|p1b: Sinistcha|0 fnt\n|faint|p1a: Sneasler\n|faint|p1b: Sinistcha\n|\n|-weather|Snowscape|[upkeep]\n|upkeep\n|\n|t:|1776037677\n|switch|p1a: Delphox|Delphox-Mega, L50, F|100/100\n|switch|p1b: Talonflame|Talonflame, L50, M|1/100\n|turn|8\n|\n|t:|1776037691\n|move|p1a: Delphox|Psychic|p2b: Algida\n|-damage|p2b: Algida|0 fnt\n|faint|p2b: Algida\n|\n|win|estoc2\n|raw|estoc2's rating: 1232 &rarr; <strong>1255</strong><br />(+23 for winning)\n|raw|Sig.ra Sciagura's rating: 1203 &rarr; <strong>1180</strong><br />(-23 for losing)\n|l|\u2606Sig.ra Sciagura\n|player|p2|\n|l| cadubatatau\n",
  "uploadtime": 1776037718,
  "views": 14,
  "formatid": "gen9championsvgc2026regma",
  "rating": 1180,
  "private": 0,
  "password": null
}