{
  "id": "gen9championsvgc2026regma-2585305807",
  "format": "[Gen 9 Champions] VGC 2026 Reg M-A",
  "players": [
    "CreatureArchives",
    "storm93ita"
  ],
  "log": "|j|\u2606CreatureArchives\n|j|\u2606storm93ita\n|t:|1776335977\n|gametype|doubles\n|player|p1|CreatureArchives|ghetsis|1064\n|player|p2|storm93ita|volkner|1150\n|gen|9\n|tier|[Gen 9 Champions] VGC 2026 Reg M-A\n|rated|\n|rule|Species Clause: Limit one of each Pok\u00e9mon\n|rule|Item Clause: Limit 1 of each item\n|clearpoke\n|poke|p1|Flapple, L50, F|\n|poke|p1|Sableye, L50, M|\n|poke|p1|Milotic, L50, F|\n|poke|p1|Aerodactyl, L50, F|\n|poke|p1|Charizard, L50, F|\n|poke|p1|Venusaur, L50, F|\n|poke|p2|Dragonite, L50, M|\n|poke|p2|Basculegion, L50, M|\n|poke|p2|Archaludon, L50, M|\n|poke|p2|Meganium, L50, M|\n|poke|p2|Sneasler, L50, F|\n|poke|p2|Pelipper, L50, M|\n|teampreview|4\n|inactive|Battle timer is ON: inactive players will automatically lose when time's up. (requested by storm93ita)\n|inactive|CreatureArchives has 60 seconds left.\n|inactive|storm93ita has 60 seconds left.\n|\n|t:|1776336031\n|teamsize|p1|4\n|teamsize|p2|4\n|start\n|switch|p1a: Flapple|Flapple, L50, F|100/100\n|switch|p1b: Sableye|Sableye, L50, M|100/100\n|switch|p2a: Pelipper|Pelipper, L50, M|100/100\n|switch|p2b: Basculegion|Basculegion, L50, M|100/100\n|-weather|RainDance|[from] ability: Drizzle|[of] p2a: Pelipper\n|turn|1\n|\n|t:|1776336056\n|move|p1b: Sableye|Fake Out|p2a: Pelipper\n|-damage|p2a: Pelipper|93/100\n|move|p2b: Basculegion|Wave Crash|p1b: Sableye\n|-damage|p1b: Sableye|0 fnt\n|faint|p1b: Sableye\n|-damage|p2b: Basculegion|74/100|[from] Recoil\n|move|p1a: Flapple|Grav Apple|p2a: Pelipper|[miss]\n|-miss|p1a: Flapple|p2a: Pelipper\n|cant|p2a: Pelipper|flinch\n|\n|-weather|RainDance|[upkeep]\n|upkeep\n|\n|t:|1776336070\n|switch|p1b: Aerodactyl|Aerodactyl, L50, F|100/100\n|-ability|p1b: Aerodactyl|Unnerve\n|turn|2\n|\n|t:|1776336081\n|move|p2b: Basculegion|Wave Crash|p1b: Aerodactyl\n|-supereffective|p1b: Aerodactyl|1\n|-enditem|p1b: Aerodactyl|Focus Sash\n|-damage|p1b: Aerodactyl|1/100\n|-damage|p2b: Basculegion|48/100|[from] Recoil\n|move|p1a: Flapple|Grav Apple|p2a: Pelipper\n|-damage|p2a: Pelipper|33/100\n|-unboost|p2a: Pelipper|def|1\n|move|p1b: Aerodactyl|Tailwind|p1b: Aerodactyl\n|-sidestart|p1: CreatureArchives|move: Tailwind\n|move|p2a: Pelipper|Tailwind|p2a: Pelipper\n|-sidestart|p2: storm93ita|move: Tailwind\n|\n|-weather|RainDance|[upkeep]\n|upkeep\n|turn|3\n|\n|t:|1776336102\n|move|p1b: Aerodactyl|Protect|p1b: Aerodactyl\n|-singleturn|p1b: Aerodactyl|Protect\n|move|p2a: Pelipper|Protect|p2a: Pelipper\n|-singleturn|p2a: Pelipper|Protect\n|move|p2b: Basculegion|Wave Crash|p1b: Aerodactyl\n|-activate|p1b: Aerodactyl|move: Protect\n|move|p1a: Flapple|Grav Apple|p2b: Basculegion\n|-supereffective|p2b: Basculegion|1\n|-damage|p2b: Basculegion|0 fnt\n|faint|p2b: Basculegion\n|\n|-weather|RainDance|[upkeep]\n|upkeep\n|\n|t:|1776336106\n|switch|p2b: Archaludon|Archaludon, L50, M|100/100\n|turn|4\n|\n|t:|1776336125\n|switch|p1a: Charizard|Charizard, L50, F|100/100\n|move|p1b: Aerodactyl|Rock Slide|p2a: Pelipper|[spread] p2a,p2b\n|-supereffective|p2a: Pelipper|1\n|-resisted|p2b: Archaludon|1\n|-damage|p2a: Pelipper|0 fnt\n|-damage|p2b: Archaludon|90/100\n|-ability|p2b: Archaludon|Stamina|boost\n|-boost|p2b: Archaludon|def|1\n|faint|p2a: Pelipper\n|move|p2b: Archaludon|Electro Shot||[still]\n|-prepare|p2b: Archaludon|Electro Shot\n|-boost|p2b: Archaludon|spa|1\n|-anim|p2b: Archaludon|Electro Shot|p1b: Aerodactyl\n|-supereffective|p1b: Aerodactyl|1\n|-damage|p1b: Aerodactyl|0 fnt\n|faint|p1b: Aerodactyl\n|\n|-weather|RainDance|[upkeep]\n|-heal|p2b: Archaludon|96/100|[from] item: Leftovers\n|upkeep\n|\n|t:|1776336141\n|switch|p1b: Flapple|Flapple, L50, F|100/100\n|switch|p2a: Dragonite|Dragonite, L50, M|100/100\n|turn|5\n|\n|t:|1776336161\n|detailschange|p1a: Charizard|Charizard-Mega-Y, L50, F\n|-mega|p1a: Charizard|Charizard|Charizardite Y\n|-weather|SunnyDay|[from] ability: Drought|[of] p1a: Charizard\n|detailschange|p2a: Dragonite|Dragonite-Mega, L50, M\n|-mega|p2a: Dragonite|Dragonite|Dragoninite\n|move|p1b: Flapple|Dragon Rush|p2a: Dragonite\n|-supereffective|p2a: Dragonite|1\n|-damage|p2a: Dragonite|31/100\n|move|p1a: Charizard|Heat Wave|p2a: Dragonite|[spread] p2a,p2b\n|-resisted|p2a: Dragonite|1\n|-damage|p2a: Dragonite|1/100\n|-damage|p2b: Archaludon|24/100\n|-status|p2b: Archaludon|brn\n|-ability|p2b: Archaludon|Stamina|boost\n|-boost|p2b: Archaludon|def|1\n|move|p2a: Dragonite|Hurricane|p1b: Flapple|[miss]\n|-miss|p2a: Dragonite|p1b: Flapple\n|move|p2b: Archaludon|Draco Meteor|p1a: Charizard\n|-damage|p1a: Charizard|3/100\n|-unboost|p2b: Archaludon|spa|2\n|\n|-weather|SunnyDay|[upkeep]\n|-heal|p2b: Archaludon|30/100 brn|[from] item: Leftovers\n|-damage|p2b: Archaludon|24/100 brn|[from] brn\n|-sideend|p2: storm93ita|move: Tailwind\n|-sideend|p1: CreatureArchives|move: Tailwind\n|upkeep\n|turn|6\n|inactive|CreatureArchives has 30 seconds left.\n|inactive|storm93ita has 30 seconds left.\n|inactive|storm93ita has 20 seconds left.\n|inactive|storm93ita has 15 seconds left.\n|inactive|storm93ita has 10 seconds left.\n|\n|t:|1776336208\n|move|p2a: Dragonite|Protect|p2a: Dragonite\n|-singleturn|p2a: Dragonite|Protect\n|move|p2b: Archaludon|Protect|p2b: Archaludon\n|-singleturn|p2b: Archaludon|Protect\n|move|p1b: Flapple|Dragon Rush|p2a: Dragonite\n|-activate|p2a: Dragonite|move: Protect\n|move|p1a: Charizard|Heat Wave|p2b: Archaludon|[spread] \n|-activate|p2a: Dragonite|move: Protect\n|-activate|p2b: Archaludon|move: Protect\n|\n|-weather|SunnyDay|[upkeep]\n|-heal|p2b: Archaludon|30/100 brn|[from] item: Leftovers\n|-damage|p2b: Archaludon|24/100 brn|[from] brn\n|upkeep\n|turn|7\n|\n|t:|1776336226\n|move|p1b: Flapple|Dragon Rush|p2a: Dragonite\n|-supereffective|p2a: Dragonite|1\n|-damage|p2a: Dragonite|0 fnt\n|faint|p2a: Dragonite\n|move|p1a: Charizard|Heat Wave|p2b: Archaludon\n|-damage|p2b: Archaludon|0 fnt\n|faint|p2b: Archaludon\n|\n|win|CreatureArchives\n|raw|CreatureArchives's rating: 1064 &rarr; <strong>1102</strong><br />(+38 for winning)\n|raw|storm93ita's rating: 1150 &rarr; <strong>1119</strong><br />(-31 for losing)\n",
  "uploadtime": 1776336230,
  "views": 17,
  "formatid": "gen9championsvgc2026regma",
  "rating": 1102,
  "private": 0,
  "password": null
}