{
  "id": "gen9championsvgc2026regma-2587699838",
  "format": "[Gen 9 Champions] VGC 2026 Reg M-A",
  "players": [
    "regitron 21",
    "luckyboof"
  ],
  "log": "|j|\u2606regitron 21\n|j|\u2606luckyboof\n|t:|1776555179\n|gametype|doubles\n|player|p1|regitron 21|n|1075\n|player|p2|luckyboof|hiker|1096\n|gen|9\n|tier|[Gen 9 Champions] VGC 2026 Reg M-A\n|rated|\n|rule|Species Clause: Limit one of each Pok\u00e9mon\n|rule|Item Clause: Limit 1 of each item\n|clearpoke\n|poke|p1|Volcarona, L50, M|\n|poke|p1|Aegislash, L50, M|\n|poke|p1|Froslass, L50, F|\n|poke|p1|Garchomp, L50, M|\n|poke|p1|Sneasler, L50, F|\n|poke|p1|Kangaskhan, L50, F|\n|poke|p2|Incineroar, L50, M|\n|poke|p2|Sinistcha-Masterpiece, L50|\n|poke|p2|Starmie, L50|\n|poke|p2|Farigiraf, L50, F|\n|poke|p2|Lycanroc-Dusk, L50, M|\n|poke|p2|Zoroark-Hisui, L50, M|\n|teampreview|4\n|inactive|Battle timer is ON: inactive players will automatically lose when time's up. (requested by luckyboof)\n|c|\u2606regitron 21|hey good luck bud\n|c|\u2606regitron 21|cool team\nregitron 21 has agreed to open team sheets.\n|inactive|regitron 21 has 60 seconds left.\n|\n|t:|1776555232\n|teamsize|p1|4\n|teamsize|p2|4\n|start\n|switch|p1a: Volcarona|Volcarona, L50, M|100/100\n|switch|p1b: Kangaskhan|Kangaskhan, L50, F|100/100\n|switch|p2a: Starmie|Starmie, L50|100/100\n|switch|p2b: Farigiraf|Farigiraf, L50, F|100/100\n|turn|1\n|c|\u2606luckyboof|Same!\n|\n|t:|1776555250\n|detailschange|p2a: Starmie|Starmie-Mega, L50\n|-mega|p2a: Starmie|Starmie|Starminite\n|detailschange|p1b: Kangaskhan|Kangaskhan-Mega, L50, F\n|-mega|p1b: Kangaskhan|Kangaskhan|Kangaskhanite\n|move|p2b: Farigiraf|Icy Wind|p1b: Kangaskhan|[spread] p1a,p1b\n|-resisted|p1a: Volcarona|1\n|-damage|p1a: Volcarona|93/100\n|-damage|p1b: Kangaskhan|87/100\n|-unboost|p1a: Volcarona|spe|1\n|-unboost|p1b: Kangaskhan|spe|1\n|move|p2a: Starmie|Liquidation|p1a: Volcarona\n|-supereffective|p1a: Volcarona|1\n|-damage|p1a: Volcarona|0 fnt\n|faint|p1a: Volcarona\n|move|p1b: Kangaskhan|Body Slam|p2b: Farigiraf\n|-immune|p2b: Farigiraf\n|\n|upkeep\n|\n|t:|1776555268\n|switch|p1a: Aegislash|Aegislash, L50, M|100/100\n|turn|2\n|\n|t:|1776555277\n|switch|p2b: Farigiraf|Farigiraf, L50, F|100/100\n|move|p1b: Kangaskhan|Sucker Punch||[still]\n|cant|p2b: Farigiraf|ability: Armor Tail|Sucker Punch|[of] p1b: Kangaskhan\n|move|p2a: Starmie|Liquidation|p1b: Kangaskhan\n|-damage|p1b: Kangaskhan|20/100\n|-formechange|p1a: Aegislash|Aegislash-Blade|\n|move|p1a: Aegislash|Poltergeist|p2a: Starmie\n|-activate|p2a: Starmie|move: Poltergeist|Starminite\n|-supereffective|p2a: Starmie|1\n|-damage|p2a: Starmie|0 fnt\n|faint|p2a: Starmie\n|\n|upkeep\n|\n|t:|1776555293\n|switch|p2a: Lycanroc|Lycanroc-Dusk, L50, M|100/100\n|turn|3\n|\n|t:|1776555305\n|-formechange|p1a: Aegislash|Aegislash|\n|move|p1a: Aegislash|King's Shield|p1a: Aegislash\n|-singleturn|p1a: Aegislash|Protect\n|move|p2a: Lycanroc|Shadow Ball|p1a: Aegislash\n|-activate|p1a: Aegislash|move: Protect\n|move|p1b: Kangaskhan|Body Slam|p2a: Lycanroc\n|-immune|p2a: Lycanroc\n|move|p2b: Farigiraf|Psychic|p1b: Kangaskhan\n|-damage|p1b: Kangaskhan|0 fnt\n|faint|p1b: Kangaskhan\n|\n|upkeep\n|\n|t:|1776555315\n|switch|p1b: Froslass|Froslass, L50, F|100/100\n|turn|4\n|c|\u2606regitron 21|gg\n|\n|t:|1776555335\n|switch|p2b: Lycanroc|Lycanroc-Dusk, L50, M|100/100\n|move|p2a: Lycanroc|Shadow Ball|p1a: Aegislash\n|-supereffective|p1a: Aegislash|1\n|-damage|p1a: Aegislash|25/100\n|-unboost|p1a: Aegislash|spd|1\n|move|p1b: Froslass|Blizzard|p2a: Lycanroc|[spread] p2a,p2b\n|-damage|p2a: Lycanroc|38/100\n|-damage|p2b: Lycanroc|45/100\n|replace|p2a: Zoroark|Zoroark-Hisui, L50, M\n|-end|p2a: Zoroark|Illusion\n|-formechange|p1a: Aegislash|Aegislash-Blade|\n|move|p1a: Aegislash|Sacred Sword|p2b: Lycanroc\n|-supereffective|p2b: Lycanroc|1\n|-damage|p2b: Lycanroc|0 fnt\n|faint|p2b: Lycanroc\n|\n|upkeep\n|\n|t:|1776555349\n|switch|p2b: Farigiraf|Farigiraf, L50, F|100/100\n|turn|5\n|-message|regitron 21 forfeited.\n|\n|win|luckyboof\n|raw|regitron 21's rating: 1075 &rarr; <strong>1055</strong><br />(-20 for losing)\n|raw|luckyboof's rating: 1096 &rarr; <strong>1120</strong><br />(+24 for winning)\n",
  "uploadtime": 1776555356,
  "views": 12,
  "formatid": "gen9championsvgc2026regma",
  "rating": 1055,
  "private": 0,
  "password": null
}