{
  "id": "gen9championsvgc2026regma-2585973335",
  "format": "[Gen 9 Champions] VGC 2026 Reg M-A",
  "players": [
    "eheueheu",
    "Avelamati2"
  ],
  "log": "|j|\u2606eheueheu\n|j|\u2606Avelamati2\n|t:|1776386507\n|gametype|doubles\n|player|p1|eheueheu|volo|1079\n|player|p2|Avelamati2|266|1163\n|gen|9\n|tier|[Gen 9 Champions] VGC 2026 Reg M-A\n|rated|\n|rule|Species Clause: Limit one of each Pok\u00e9mon\n|rule|Item Clause: Limit 1 of each item\n|clearpoke\n|poke|p1|Scovillain, L50, M|\n|poke|p1|Milotic, L50, M|\n|poke|p1|Incineroar, L50, F|\n|poke|p1|Sinistcha, L50|\n|poke|p1|Garchomp, L50, F|\n|poke|p1|Kingambit, L50, F|\n|poke|p2|Incineroar, L50, M|\n|poke|p2|Garchomp, L50, M|\n|poke|p2|Sneasler, L50, M|\n|poke|p2|Whimsicott, L50, M|\n|poke|p2|Raichu, L50, F|\n|poke|p2|Froslass, L50, F|\n|teampreview|4\n|\n|t:|1776386547\n|teamsize|p1|4\n|teamsize|p2|4\n|start\n|switch|p1a: Kingambit|Kingambit, L50, F|100/100\n|switch|p1b: Scovillain|Scovillain, L50, M|100/100\n|switch|p2a: Raichu|Raichu, L50, F|100/100\n|switch|p2b: Whimsicott|Whimsicott, L50, M|100/100\n|turn|1\n|inactive|Battle timer is ON: inactive players will automatically lose when time's up. (requested by Avelamati2)\n|\n|t:|1776386567\n|detailschange|p1b: Scovillain|Scovillain-Mega, L50, M\n|-mega|p1b: Scovillain|Scovillain|Scovillainite\n|move|p2b: Whimsicott|Light Screen|p2b: Whimsicott\n|-sidestart|p2: Avelamati2|move: Light Screen\n|move|p2a: Raichu|Thunderbolt|p1a: Kingambit\n|-damage|p1a: Kingambit|62/100\n|move|p1b: Scovillain|Leech Seed|p2a: Raichu\n|-start|p2a: Raichu|move: Leech Seed\n|move|p1a: Kingambit|Iron Head|p2b: Whimsicott\n|-supereffective|p2b: Whimsicott|1\n|-enditem|p2b: Whimsicott|Focus Sash\n|-damage|p2b: Whimsicott|1/100\n|\n|-damage|p2a: Raichu|88/100|[from] Leech Seed|[of] p1b: Scovillain\n|upkeep\n|turn|2\n|inactive|eheueheu has 30 seconds left.\n|\n|t:|1776386595\n|move|p1b: Scovillain|Rage Powder|p1b: Scovillain\n|-singleturn|p1b: Scovillain|move: Rage Powder\n|move|p2b: Whimsicott|Tailwind|p2b: Whimsicott\n|-sidestart|p2: Avelamati2|move: Tailwind\n|move|p1a: Kingambit|Sucker Punch|p2a: Raichu\n|-damage|p2a: Raichu|0 fnt\n|-status|p1a: Kingambit|par|[from] ability: Static|[of] p2a: Raichu\n|faint|p2a: Raichu\n|\n|upkeep\n|\n|t:|1776386605\n|switch|p2a: Sneasler|Sneasler, L50, M|100/100\n|turn|3\n|\n|t:|1776386623\n|move|p1b: Scovillain|Protect|p1b: Scovillain\n|-singleturn|p1b: Scovillain|Protect\n|move|p1a: Kingambit|Protect|p1a: Kingambit\n|-singleturn|p1a: Kingambit|Protect\n|move|p2b: Whimsicott|Encore|p1b: Scovillain\n|-activate|p1b: Scovillain|move: Protect\n|move|p2a: Sneasler|Dire Claw|p1b: Scovillain\n|-activate|p1b: Scovillain|move: Protect\n|\n|upkeep\n|turn|4\n|inactive|eheueheu has 30 seconds left.\n|inactive|eheueheu has 20 seconds left.\n|\n|t:|1776386660\n|switch|p1b: Milotic|Milotic, L50, M|100/100\n|move|p2b: Whimsicott|Encore||[still]\n|-fail|p2b: Whimsicott\n|move|p2a: Sneasler|Close Combat|p1a: Kingambit\n|-supereffective|p1a: Kingambit|2\n|-damage|p1a: Kingambit|0 fnt\n|-unboost|p2a: Sneasler|def|1\n|-unboost|p2a: Sneasler|spd|1\n|faint|p1a: Kingambit\n|-enditem|p2a: Sneasler|White Herb\n|-clearnegativeboost|p2a: Sneasler|[silent]\n|\n|upkeep\n|\n|t:|1776386674\n|switch|p1a: Incineroar|Incineroar, L50, F|100/100\n|-ability|p1a: Incineroar|Intimidate|boost\n|-unboost|p2a: Sneasler|atk|1\n|-unboost|p2b: Whimsicott|atk|1\n|turn|5\n|\n|t:|1776386689\n|switch|p2b: Froslass|Froslass, L50, F|100/100\n|move|p1a: Incineroar|Fake Out|p2a: Sneasler\n|-damage|p2a: Sneasler|83/100\n|cant|p2a: Sneasler|flinch\n|move|p1b: Milotic|Ice Beam|p2b: Froslass\n|-resisted|p2b: Froslass|1\n|-crit|p2b: Froslass\n|-damage|p2b: Froslass|64/100\n|\n|-sideend|p2: Avelamati2|move: Light Screen\n|-sideend|p2: Avelamati2|move: Tailwind\n|upkeep\n|turn|6\n|\n|t:|1776386707\n|detailschange|p2b: Froslass|Froslass-Mega, L50, F\n|-mega|p2b: Froslass|Froslass|Froslassite\n|-weather|Snowscape|[from] ability: Snow Warning|[of] p2b: Froslass\n|move|p2a: Sneasler|Close Combat|p1a: Incineroar\n|-supereffective|p1a: Incineroar|1\n|-damage|p1a: Incineroar|14/100\n|-unboost|p2a: Sneasler|def|1\n|-unboost|p2a: Sneasler|spd|1\n|-enditem|p1a: Incineroar|Sitrus Berry|[eat]\n|-heal|p1a: Incineroar|39/100|[from] item: Sitrus Berry\n|move|p2b: Froslass|Shadow Ball|p1b: Milotic\n|-damage|p1b: Milotic|67/100\n|move|p1b: Milotic|Scald|p2a: Sneasler\n|-damage|p2a: Sneasler|1/100\n|move|p1a: Incineroar|Darkest Lariat|p2b: Froslass\n|-supereffective|p2b: Froslass|1\n|-damage|p2b: Froslass|0 fnt\n|faint|p2b: Froslass\n|\n|-weather|Snowscape|[upkeep]\n|-heal|p1b: Milotic|73/100|[from] item: Leftovers\n|upkeep\n|\n|t:|1776386714\n|switch|p2b: Whimsicott|Whimsicott, L50, M|1/100\n|turn|7\n|-message|Avelamati2 forfeited.\n|\n|win|eheueheu\n|raw|eheueheu's rating: 1079 &rarr; <strong>1114</strong><br />(+35 for winning)\n|raw|Avelamati2's rating: 1163 &rarr; <strong>1132</strong><br />(-31 for losing)\n|l|\u2606Avelamati2\n|player|p2|\n",
  "uploadtime": 1776386748,
  "views": 18,
  "formatid": "gen9championsvgc2026regma",
  "rating": 1114,
  "private": 0,
  "password": null
}