{
  "id": "gen9championsvgc2026regma-2583728395",
  "format": "[Gen 9 Champions] VGC 2026 Reg M-A",
  "players": [
    "HisuianPaperBoy",
    "skeletoreum"
  ],
  "log": "|j|\u2606HisuianPaperBoy\n|j|\u2606skeletoreum\n|t:|1776193659\n|gametype|doubles\n|player|p1|HisuianPaperBoy|lenora|1148\n|player|p2|skeletoreum|2|1110\n|gen|9\n|tier|[Gen 9 Champions] VGC 2026 Reg M-A\n|rated|\n|rule|Species Clause: Limit one of each Pok\u00e9mon\n|rule|Item Clause: Limit 1 of each item\n|clearpoke\n|poke|p1|Froslass, L50, F|\n|poke|p1|Arcanine-Hisui, L50, M|\n|poke|p1|Kingambit, L50, F|\n|poke|p1|Clefable, L50, M|\n|poke|p1|Palafin, L50, M|\n|poke|p1|Kommo-o, L50, M|\n|poke|p2|Scovillain, L50, M|\n|poke|p2|Sneasler, L50, F|\n|poke|p2|Golurk, L50|\n|poke|p2|Incineroar, L50, M|\n|poke|p2|Greninja-*, L50, F|\n|poke|p2|Farigiraf, L50, F|\n|teampreview|4\n|inactive|Battle timer is ON: inactive players will automatically lose when time's up. (requested by skeletoreum)\n|inactive|HisuianPaperBoy has 60 seconds left.\n|inactive|skeletoreum has 60 seconds left.\n|inactive|HisuianPaperBoy has 30 seconds left.\n|inactive|skeletoreum has 30 seconds left.\n|inactive|HisuianPaperBoy has 20 seconds left.\n|\n|t:|1776193730\n|teamsize|p1|4\n|teamsize|p2|4\n|start\n|switch|p1a: Kingambit|Kingambit, L50, F|100/100\n|switch|p1b: Palafin|Palafin, L50, M|100/100\n|switch|p2a: Sneasler|Sneasler, L50, F|100/100\n|switch|p2b: Greninja|Greninja, L50, F|100/100\n|turn|1\n|inactive|HisuianPaperBoy has 30 seconds left.\n|inactive|skeletoreum has 30 seconds left.\n|inactive|HisuianPaperBoy has 20 seconds left.\n|inactive|skeletoreum has 20 seconds left.\n|inactive|HisuianPaperBoy has 15 seconds left.\n|inactive|skeletoreum has 15 seconds left.\n|\n|t:|1776193774\n|detailschange|p1b: Palafin|Palafin-Hero, L50, M\n|switch|p1b: Clefable|Clefable, L50, M|100/100\n|move|p1a: Kingambit|Protect|p1a: Kingambit\n|-singleturn|p1a: Kingambit|Protect\n|move|p2a: Sneasler|Fake Out|p1b: Clefable\n|-damage|p1b: Clefable|89/100\n|move|p2b: Greninja|Dark Pulse|p1b: Clefable\n|-start|p2b: Greninja|typechange|Dark|[from] ability: Protean\n|-resisted|p1b: Clefable|1\n|-damage|p1b: Clefable|72/100\n|\n|upkeep\n|turn|2\n|inactive|HisuianPaperBoy has 30 seconds left.\n|\n|t:|1776193808\n|switch|p2b: Incineroar|Incineroar, L50, M|100/100\n|-ability|p2b: Incineroar|Intimidate|boost\n|-unboost|p1a: Kingambit|atk|1\n|-ability|p1a: Kingambit|Defiant|boost\n|-boost|p1a: Kingambit|atk|2\n|-unboost|p1b: Clefable|atk|1\n|switch|p1a: Froslass|Froslass, L50, F|100/100\n|move|p2a: Sneasler|Close Combat|p1a: Froslass\n|-immune|p1a: Froslass\n|move|p1b: Clefable|Thunder Wave|p2a: Sneasler\n|-status|p2a: Sneasler|par\n|\n|upkeep\n|turn|3\n|inactive|HisuianPaperBoy has 30 seconds left.\n|inactive|skeletoreum has 30 seconds left.\n|inactive|HisuianPaperBoy has 20 seconds left.\n|inactive|skeletoreum has 20 seconds left.\n|\n|t:|1776193844\n|switch|p1b: Palafin|Palafin-Hero, L50, M|100/100\n|-activate|p1b: Palafin|ability: Zero to Hero\n|detailschange|p1a: Froslass|Froslass-Mega, L50, F\n|-mega|p1a: Froslass|Froslass|Froslassite\n|-weather|Snowscape|[from] ability: Snow Warning|[of] p1a: Froslass\n|move|p2b: Incineroar|Fake Out|p1b: Palafin\n|-damage|p1b: Palafin|91/100\n|move|p1a: Froslass|Aurora Veil|p1a: Froslass\n|-sidestart|p1: HisuianPaperBoy|move: Aurora Veil\n|move|p2a: Sneasler|Dire Claw|p1a: Froslass\n|-resisted|p1a: Froslass|1\n|-damage|p1a: Froslass|86/100\n|\n|-weather|Snowscape|[upkeep]\n|upkeep\n|turn|4\n|inactive|HisuianPaperBoy has 30 seconds left.\n|inactive|skeletoreum has 30 seconds left.\n|inactive|HisuianPaperBoy has 20 seconds left.\n|inactive|skeletoreum has 20 seconds left.\n|\n|t:|1776193884\n|switch|p1a: Clefable|Clefable, L50, M|72/100\n|move|p2a: Sneasler|Protect|p2a: Sneasler\n|-singleturn|p2a: Sneasler|Protect\n|move|p1b: Palafin|Jet Punch|p2b: Incineroar\n|-supereffective|p2b: Incineroar|1\n|-damage|p2b: Incineroar|32/100\n|-enditem|p2b: Incineroar|Sitrus Berry|[eat]\n|-heal|p2b: Incineroar|57/100|[from] item: Sitrus Berry\n|move|p2b: Incineroar|Parting Shot|p1b: Palafin\n|-unboost|p1b: Palafin|atk|1\n|-unboost|p1b: Palafin|spa|1\n|\n|t:|1776193903\n|switch|p2b: Scovillain|Scovillain, L50, M|100/100|[from] Parting Shot\n|\n|-weather|Snowscape|[upkeep]\n|-ability|p2b: Scovillain|Moody|boost\n|-boost|p2b: Scovillain|spe|2\n|-unboost|p2b: Scovillain|spd|1\n|upkeep\n|turn|5\n|\n|t:|1776193927\n|switch|p1b: Froslass|Froslass-Mega, L50, F|86/100\n|move|p2b: Scovillain|Spicy Extract|p2a: Sneasler\n|-boost|p2a: Sneasler|atk|2\n|-unboost|p2a: Sneasler|def|2\n|-enditem|p2a: Sneasler|White Herb\n|-clearnegativeboost|p2a: Sneasler|[silent]\n|move|p2a: Sneasler|Dire Claw|p1a: Clefable\n|-supereffective|p1a: Clefable|1\n|-crit|p1a: Clefable\n|-damage|p1a: Clefable|0 fnt\n|faint|p1a: Clefable\n|\n|-weather|Snowscape|[upkeep]\n|-ability|p2b: Scovillain|Moody|boost\n|-boost|p2b: Scovillain|spa|2\n|-unboost|p2b: Scovillain|spe|1\n|upkeep\n|\n|t:|1776193951\n|switch|p1a: Palafin|Palafin-Hero, L50, M|91/100\n|turn|6\n|inactive|skeletoreum has 30 seconds left.\n|inactive|skeletoreum has 20 seconds left.\n|inactive|skeletoreum has 15 seconds left.\n|inactive|skeletoreum has 10 seconds left.\n|inactive|skeletoreum has 5 seconds left.\n|\n|t:|1776194003\n|detailschange|p2b: Scovillain|Scovillain-Mega, L50, M\n|-mega|p2b: Scovillain|Scovillain|Scovillainite\n|move|p2a: Sneasler|Protect|p2a: Sneasler\n|-singleturn|p2a: Sneasler|Protect\n|move|p1a: Palafin|Jet Punch|p2a: Sneasler\n|-activate|p2a: Sneasler|move: Protect\n|move|p1b: Froslass|Blizzard|p2a: Sneasler|[spread] p2b\n|-activate|p2a: Sneasler|move: Protect\n|-damage|p2b: Scovillain|18/100\n|-status|p1b: Froslass|brn|[from] ability: Spicy Spray|[of] p2b: Scovillain\n|move|p2b: Scovillain|Spicy Extract|p1b: Froslass\n|-boost|p1b: Froslass|atk|2\n|-unboost|p1b: Froslass|def|2\n|\n|-weather|Snowscape|[upkeep]\n|-damage|p1b: Froslass|80/100 brn|[from] brn\n|upkeep\n|turn|7\n|inactive|HisuianPaperBoy has 30 seconds left.\n|inactive|skeletoreum has 30 seconds left.\n|inactive|skeletoreum has 20 seconds left.\n|inactive|skeletoreum has 15 seconds left.\n|\n|t:|1776194045\n|move|p2b: Scovillain|Rage Powder|p2b: Scovillain\n|-singleturn|p2b: Scovillain|move: Rage Powder\n|move|p1a: Palafin|Jet Punch|p2b: Scovillain\n|-damage|p2b: Scovillain|0 fnt\n|-status|p1a: Palafin|brn|[from] ability: Spicy Spray|[of] p2b: Scovillain\n|faint|p2b: Scovillain\n|move|p1b: Froslass|Blizzard|p2a: Sneasler\n|-damage|p2a: Sneasler|20/100 par\n|move|p2a: Sneasler|Close Combat|p1a: Palafin\n|-damage|p1a: Palafin|22/100 brn\n|-unboost|p2a: Sneasler|def|1\n|-unboost|p2a: Sneasler|spd|1\n|\n|-weather|none\n|-damage|p1b: Froslass|74/100 brn|[from] brn\n|-damage|p1a: Palafin|16/100 brn|[from] brn\n|-sideend|p1: HisuianPaperBoy|move: Aurora Veil\n|upkeep\n|\n|t:|1776194061\n|switch|p2b: Greninja|Greninja, L50, F|100/100\n|turn|8\n|inactive|HisuianPaperBoy has 30 seconds left.\n|\n|t:|1776194088\n|switch|p2a: Incineroar|Incineroar, L50, M|57/100\n|-ability|p2a: Incineroar|Intimidate|boost\n|-unboost|p1a: Palafin|atk|1\n|-unboost|p1b: Froslass|atk|1\n|switch|p1b: Kingambit|Kingambit, L50, F|100/100\n|move|p2b: Greninja|Protect|p2b: Greninja\n|-start|p2b: Greninja|typechange|Normal|[from] ability: Protean\n|-singleturn|p2b: Greninja|Protect\n|move|p1a: Palafin|Jet Punch|p2a: Incineroar\n|-supereffective|p2a: Incineroar|1\n|-damage|p2a: Incineroar|34/100\n|\n|-damage|p1a: Palafin|10/100 brn|[from] brn\n|upkeep\n|turn|9\n|inactive|HisuianPaperBoy has 30 seconds left.\n|inactive|skeletoreum has 30 seconds left.\n|inactive|skeletoreum has 20 seconds left.\n|inactive|HisuianPaperBoy has 20 seconds left.\n|\n|t:|1776194130\n|move|p2a: Incineroar|Fake Out|p1b: Kingambit\n|-resisted|p1b: Kingambit|1\n|-damage|p1b: Kingambit|97/100\n|move|p2b: Greninja|Dark Pulse|p1a: Palafin\n|-damage|p1a: Palafin|0 fnt\n|faint|p1a: Palafin\n|cant|p1b: Kingambit|flinch\n|\n|upkeep\n|\n|t:|1776194140\n|switch|p1a: Froslass|Froslass-Mega, L50, F|74/100 brn\n|-weather|Snowscape|[from] ability: Snow Warning|[of] p1a: Froslass\n|turn|10\n|\n|t:|1776194154\n|move|p1b: Kingambit|Protect|p1b: Kingambit\n|-singleturn|p1b: Kingambit|Protect\n|move|p2b: Greninja|Dark Pulse|p1a: Froslass\n|-supereffective|p1a: Froslass|1\n|-damage|p1a: Froslass|21/100 brn\n|cant|p1a: Froslass|flinch\n|move|p2a: Incineroar|Flare Blitz|p1b: Kingambit\n|-activate|p1b: Kingambit|move: Protect\n|\n|-weather|Snowscape|[upkeep]\n|-damage|p1a: Froslass|15/100 brn|[from] brn\n|upkeep\n|turn|11\n|\n|t:|1776194173\n|move|p1b: Kingambit|Sucker Punch|p2a: Incineroar\n|-resisted|p2a: Incineroar|1\n|-damage|p2a: Incineroar|16/100\n|move|p2b: Greninja|Dark Pulse|p1a: Froslass\n|-supereffective|p1a: Froslass|1\n|-crit|p1a: Froslass\n|-damage|p1a: Froslass|0 fnt\n|faint|p1a: Froslass\n|move|p2a: Incineroar|Flare Blitz|p1b: Kingambit\n|-supereffective|p1b: Kingambit|1\n|-damage|p1b: Kingambit|32/100\n|-damage|p2a: Incineroar|0 fnt|[from] Recoil\n|faint|p2a: Incineroar\n|\n|-weather|Snowscape|[upkeep]\n|upkeep\n|-message|HisuianPaperBoy forfeited.\n|\n|win|skeletoreum\n|raw|HisuianPaperBoy's rating: 1148 &rarr; <strong>1120</strong><br />(-28 for losing)\n|raw|skeletoreum's rating: 1110 &rarr; <strong>1138</strong><br />(+28 for winning)\n|l|\u2606HisuianPaperBoy\n|player|p1|\n",
  "uploadtime": 1776194184,
  "views": 14,
  "formatid": "gen9championsvgc2026regma",
  "rating": 1120,
  "private": 0,
  "password": null
}