{
  "id": "gen9championsvgc2026regma-2583444228",
  "format": "[Gen 9 Champions] VGC 2026 Reg M-A",
  "players": [
    "Happyguy09",
    "habiola"
  ],
  "log": "|j|\u2606Happyguy09\n|j|\u2606habiola\n|t:|1776176051\n|gametype|doubles\n|player|p1|Happyguy09|266|1127\n|player|p2|habiola|fisherman-gen4|1118\n|gen|9\n|tier|[Gen 9 Champions] VGC 2026 Reg M-A\n|rated|\n|rule|Species Clause: Limit one of each Pok\u00e9mon\n|rule|Item Clause: Limit 1 of each item\n|clearpoke\n|poke|p1|Sharpedo, L50, M|\n|poke|p1|Incineroar, L50, M|\n|poke|p1|Garchomp, L50, M|\n|poke|p1|Orthworm, L50, F|\n|poke|p1|Basculegion, L50, M|\n|poke|p1|Clefable, L50, F|\n|poke|p2|Altaria, L50, F|\n|poke|p2|Aegislash, L50, F|\n|poke|p2|Gengar, L50, M|\n|poke|p2|Corviknight, L50, M|\n|poke|p2|Garchomp, L50, M|\n|teampreview|4\n|inactive|Battle timer is ON: inactive players will automatically lose when time's up. (requested by habiola)\n|l|\u2606Happyguy09\n|inactive|Happyguy09 disconnected and has a minute to reconnect!\n|player|p1|\n|j|\u2606Happyguy09\n|inactive|Happyguy09 reconnected and has 65 seconds left.\n|player|p1|Happyguy09|266|\n|inactive|Happyguy09 has 60 seconds left.\n|\n|t:|1776176107\n|teamsize|p1|4\n|teamsize|p2|4\n|start\n|switch|p1a: Garchomp|Garchomp, L50, M|100/100\n|switch|p1b: Orthworm|Orthworm, L50, F|100/100\n|switch|p2a: Altaria|Altaria, L50, F|100/100\n|switch|p2b: Gengar|Gengar, L50, M, shiny|100/100\n|-ability|p2a: Altaria|Cloud Nine\n|turn|1\n|\n|t:|1776176124\n|detailschange|p2a: Altaria|Altaria-Mega, L50, F\n|-mega|p2a: Altaria|Altaria|Altarianite\n|move|p1b: Orthworm|Protect|p1b: Orthworm\n|-singleturn|p1b: Orthworm|Protect\n|move|p2b: Gengar|Focus Blast|p1b: Orthworm\n|-activate|p1b: Orthworm|move: Protect\n|move|p1a: Garchomp|Rock Slide|p2a: Altaria|[spread] p2a,p2b\n|-damage|p2a: Altaria|82/100\n|-damage|p2b: Gengar|63/100\n|-start|p1a: Garchomp|Disable|Rock Slide|[from] ability: Cursed Body|[of] p2b: Gengar\n|move|p2a: Altaria|Moonblast|p1a: Garchomp\n|-supereffective|p1a: Garchomp|1\n|-enditem|p1a: Garchomp|Focus Sash\n|-damage|p1a: Garchomp|1/100\n|\n|upkeep\n|turn|2\n|\n|t:|1776176145\n|move|p1a: Garchomp|Protect|p1a: Garchomp\n|-singleturn|p1a: Garchomp|Protect\n|move|p2b: Gengar|Focus Blast|p1b: Orthworm\n|-supereffective|p1b: Orthworm|1\n|-damage|p1b: Orthworm|0 fnt\n|faint|p1b: Orthworm\n|move|p2a: Altaria|Hyper Voice|p1a: Garchomp\n|-activate|p1a: Garchomp|move: Protect\n|\n|upkeep\n|\n|t:|1776176155\n|switch|p1b: Clefable|Clefable, L50, F|100/100\n|turn|3\n|\n|t:|1776176165\n|move|p1b: Clefable|Protect|p1b: Clefable\n|-singleturn|p1b: Clefable|Protect\n|move|p2b: Gengar|Sludge Bomb|p1b: Clefable\n|-activate|p1b: Clefable|move: Protect\n|move|p1a: Garchomp|Outrage|p2a: Altaria\n|-immune|p2a: Altaria\n|move|p2a: Altaria|Hyper Voice|p1b: Clefable|[spread] p1a\n|-activate|p1b: Clefable|move: Protect\n|-supereffective|p1a: Garchomp|1\n|-damage|p1a: Garchomp|0 fnt\n|faint|p1a: Garchomp\n|\n|upkeep\n|\n|t:|1776176182\n|switch|p1a: Incineroar|Incineroar, L50, M|100/100\n|-ability|p1a: Incineroar|Intimidate|boost\n|-unboost|p2a: Altaria|atk|1\n|-unboost|p2b: Gengar|atk|1\n|turn|4\n|\n|t:|1776176198\n|detailschange|p1b: Clefable|Clefable-Mega, L50, F\n|-mega|p1b: Clefable|Clefable|Clefablite\n|move|p1a: Incineroar|Fake Out|p2a: Altaria\n|-damage|p2a: Altaria|72/100\n|move|p2b: Gengar|Focus Blast|p1a: Incineroar|[miss]\n|-miss|p2b: Gengar|p1a: Incineroar\n|cant|p2a: Altaria|flinch\n|move|p1b: Clefable|Moonblast|p2a: Altaria\n|-supereffective|p2a: Altaria|1\n|-crit|p2a: Altaria\n|-damage|p2a: Altaria|0 fnt\n|faint|p2a: Altaria\n|\n|upkeep\n|\n|t:|1776176210\n|switch|p2a: Aegislash|Aegislash, L50, F, shiny|100/100\n|turn|5\n|\n|t:|1776176222\n|move|p2a: Aegislash|King's Shield|p2a: Aegislash\n|-singleturn|p2a: Aegislash|Protect\n|move|p2b: Gengar|Sludge Bomb|p1b: Clefable\n|-supereffective|p1b: Clefable|1\n|-damage|p1b: Clefable|23/100\n|move|p1b: Clefable|Flamethrower|p2a: Aegislash\n|-activate|p2a: Aegislash|move: Protect\n|move|p1a: Incineroar|Flare Blitz|p2a: Aegislash\n|-activate|p2a: Aegislash|move: Protect\n|-unboost|p1a: Incineroar|atk|1\n|\n|upkeep\n|turn|6\n|\n|t:|1776176239\n|-formechange|p2a: Aegislash|Aegislash-Blade|\n|move|p2a: Aegislash|Shadow Sneak|p1b: Clefable\n|-damage|p1b: Clefable|2/100\n|move|p2b: Gengar|Focus Blast|p1a: Incineroar\n|-supereffective|p1a: Incineroar|1\n|-damage|p1a: Incineroar|31/100\n|move|p1b: Clefable|Flamethrower|p2a: Aegislash\n|-supereffective|p2a: Aegislash|1\n|-damage|p2a: Aegislash|0 fnt\n|faint|p2a: Aegislash\n|move|p1a: Incineroar|Flare Blitz|p2b: Gengar\n|-damage|p2b: Gengar|0 fnt\n|faint|p2b: Gengar\n|-damage|p1a: Incineroar|15/100|[from] Recoil\n|\n|upkeep\n|\n|t:|1776176255\n|switch|p2b: Garchomp|Garchomp, L50, M, shiny|100/100\n|turn|7\n|\n|t:|1776176267\n|move|p1b: Clefable|Protect|p1b: Clefable\n|-singleturn|p1b: Clefable|Protect\n|move|p2b: Garchomp|Stone Edge|p1b: Clefable\n|-activate|p1b: Clefable|move: Protect\n|move|p1a: Incineroar|Parting Shot|p2b: Garchomp\n|-unboost|p2b: Garchomp|atk|1\n|-unboost|p2b: Garchomp|spa|1\n|\n|upkeep\n|turn|8\n|\n|t:|1776176288\n|move|p2b: Garchomp|Stone Edge|p1b: Clefable\n|-supereffective|p1b: Clefable|1\n|-damage|p1b: Clefable|0 fnt\n|faint|p1b: Clefable\n|move|p1a: Incineroar|Flare Blitz|p2b: Garchomp\n|-resisted|p2b: Garchomp|1\n|-damage|p2b: Garchomp|86/100\n|-status|p2b: Garchomp|brn\n|-damage|p1a: Incineroar|2/100|[from] ability: Rough Skin|[of] p2b: Garchomp\n|-damage|p1a: Incineroar|0 fnt|[from] Recoil\n|faint|p1a: Incineroar\n|\n|win|habiola\n|raw|Happyguy09's rating: 1127 &rarr; <strong>1101</strong><br />(-26 for losing)\n|raw|habiola's rating: 1118 &rarr; <strong>1144</strong><br />(+26 for winning)\n",
  "uploadtime": 1776176302,
  "views": 16,
  "formatid": "gen9championsvgc2026regma",
  "rating": 1101,
  "private": 0,
  "password": null
}