{
  "id": "gen9championsvgc2026regma-2580444327",
  "format": "[Gen 9 Champions] VGC 2026 Reg M-A",
  "players": [
    "zZoey",
    "ferenainexi"
  ],
  "log": "|j|\u2606zZoey\n|j|\u2606ferenainexi\n|t:|1775897502\n|gametype|doubles\n|player|p1|zZoey|n|1040\n|player|p2|ferenainexi|scientistf|1000\n|gen|9\n|tier|[Gen 9 Champions] VGC 2026 Reg M-A\n|rated|\n|rule|Species Clause: Limit one of each Pok\u00e9mon\n|rule|Item Clause: Limit 1 of each item\n|clearpoke\n|poke|p1|Meganium, L50, M|\n|poke|p1|Pelipper, L50, F|\n|poke|p1|Incineroar, L50, M|\n|poke|p1|Archaludon, L50, F|\n|poke|p1|Goodra-Hisui, L50, F|\n|poke|p1|Whimsicott, L50, M|\n|poke|p2|Pinsir, L50, F|\n|poke|p2|Heracross, L50, F|\n|poke|p2|Vivillon, L50, M|\n|poke|p2|Orthworm, L50, M|\n|poke|p2|Kleavor, L50, M|\n|poke|p2|Clawitzer, L50, M|\n|teampreview|4\n|\n|t:|1775897546\n|teamsize|p1|4\n|teamsize|p2|4\n|start\n|switch|p1a: Whimsicott|Whimsicott, L50, M|100/100\n|switch|p1b: Incineroar|Incineroar, L50, M|100/100\n|switch|p2a: Kleavor|Kleavor, L50, M|100/100\n|switch|p2b: Vivillon|Vivillon, L50, M|100/100\n|-ability|p1b: Incineroar|Intimidate|boost\n|-unboost|p2a: Kleavor|atk|1\n|-unboost|p2b: Vivillon|atk|1\n|turn|1\n|\n|t:|1775897568\n|move|p1b: Incineroar|Fake Out|p2b: Vivillon\n|-damage|p2b: Vivillon|78/100\n|move|p1a: Whimsicott|Tailwind|p1a: Whimsicott\n|-sidestart|p1: zZoey|move: Tailwind\n|cant|p2b: Vivillon|flinch\n|move|p2a: Kleavor|Stone Axe|p1b: Incineroar\n|-supereffective|p1b: Incineroar|1\n|-damage|p1b: Incineroar|25/100\n|-sidestart|p1: zZoey|move: Stealth Rock\n|-enditem|p1b: Incineroar|Sitrus Berry|[eat]\n|-heal|p1b: Incineroar|50/100|[from] item: Sitrus Berry\n|\n|upkeep\n|turn|2\n|\n|t:|1775897604\n|move|p1a: Whimsicott|Moonblast|p2a: Kleavor\n|-damage|p2a: Kleavor|57/100\n|move|p1b: Incineroar|Parting Shot|p2a: Kleavor\n|-unboost|p2a: Kleavor|atk|1\n|-unboost|p2a: Kleavor|spa|1\n|\n|t:|1775897610\n|switch|p1b: Pelipper|Pelipper, L50, F|100/100|[from] Parting Shot\n|-damage|p1b: Pelipper|76/100|[from] Stealth Rock\n|-weather|RainDance|[from] ability: Drizzle|[of] p1b: Pelipper\n|move|p2b: Vivillon|Sleep Powder|p1b: Pelipper\n|-status|p1b: Pelipper|slp|[from] move: Sleep Powder\n|move|p2a: Kleavor|Stone Axe|p1b: Pelipper\n|-supereffective|p1b: Pelipper|1\n|-damage|p1b: Pelipper|15/100 slp\n|\n|-weather|RainDance|[upkeep]\n|upkeep\n|turn|3\n|\n|t:|1775897634\n|move|p1a: Whimsicott|Moonblast|p2a: Kleavor\n|-damage|p2a: Kleavor|13/100\n|cant|p1b: Pelipper|slp\n|move|p2b: Vivillon|Hurricane|p1a: Whimsicott\n|-supereffective|p1a: Whimsicott|1\n|-damage|p1a: Whimsicott|0 fnt\n|faint|p1a: Whimsicott\n|move|p2a: Kleavor|Trailblaze|p1b: Pelipper\n|-damage|p1b: Pelipper|4/100 slp\n|-boost|p2a: Kleavor|spe|1\n|\n|-weather|RainDance|[upkeep]\n|upkeep\n|\n|t:|1775897649\n|switch|p1a: Meganium|Meganium, L50, M|100/100\n|-damage|p1a: Meganium|88/100|[from] Stealth Rock\n|turn|4\n|\n|t:|1775897670\n|detailschange|p1a: Meganium|Meganium-Mega, L50, M\n|-mega|p1a: Meganium|Meganium|Meganiumite\n|move|p2a: Kleavor|Protect|p2a: Kleavor\n|-singleturn|p2a: Kleavor|Protect\n|move|p1a: Meganium|Solar Beam||[still]\n|-prepare|p1a: Meganium|Solar Beam\n|-activate|p1a: Meganium|ability: Mega Sol\n|-anim|p1a: Meganium|Solar Beam|p2a: Kleavor\n|-activate|p2a: Kleavor|move: Protect\n|cant|p1b: Pelipper|slp\n|move|p2b: Vivillon|Hurricane|p1a: Meganium\n|-supereffective|p1a: Meganium|1\n|-damage|p1a: Meganium|2/100\n|\n|-weather|RainDance|[upkeep]\n|-sideend|p1: zZoey|move: Tailwind\n|upkeep\n|turn|5\n|\n|t:|1775897691\n|move|p2a: Kleavor|Trailblaze|p1a: Meganium\n|-resisted|p1a: Meganium|1\n|-damage|p1a: Meganium|0 fnt\n|-boost|p2a: Kleavor|spe|1\n|faint|p1a: Meganium\n|move|p2b: Vivillon|Tailwind|p2b: Vivillon\n|-sidestart|p2: ferenainexi|move: Tailwind\n|-curestatus|p1b: Pelipper|slp|[msg]\n|move|p1b: Pelipper|Hurricane|p2b: Vivillon\n|-supereffective|p2b: Vivillon|1\n|-damage|p2b: Vivillon|0 fnt\n|faint|p2b: Vivillon\n|\n|-weather|RainDance|[upkeep]\n|upkeep\n|\n|t:|1775897714\n|switch|p2b: Clawitzer|Clawitzer, L50, M|100/100\n|switch|p1a: Incineroar|Incineroar, L50, M|50/100\n|-damage|p1a: Incineroar|25/100|[from] Stealth Rock\n|-ability|p1a: Incineroar|Intimidate|boost\n|-unboost|p2a: Kleavor|atk|1\n|-unboost|p2b: Clawitzer|atk|1\n|turn|6\n|\n|t:|1775897742\n|move|p1a: Incineroar|Fake Out|p2a: Kleavor\n|-resisted|p2a: Kleavor|1\n|-damage|p2a: Kleavor|6/100\n|cant|p2a: Kleavor|flinch\n|move|p2b: Clawitzer|Aura Sphere|p1a: Incineroar\n|-supereffective|p1a: Incineroar|1\n|-damage|p1a: Incineroar|0 fnt\n|faint|p1a: Incineroar\n|move|p1b: Pelipper|Hurricane|p2b: Clawitzer\n|-damage|p2b: Clawitzer|58/100\n|\n|-weather|none\n|upkeep\n|turn|7\n|\n|t:|1775897777\n|move|p2a: Kleavor|Stone Axe|p1b: Pelipper\n|-supereffective|p1b: Pelipper|1\n|-damage|p1b: Pelipper|0 fnt\n|faint|p1b: Pelipper\n|\n|win|ferenainexi\n|raw|zZoey's rating: 1040 &rarr; <strong>1022</strong><br />(-18 for losing)\n|raw|ferenainexi's rating: 1000 &rarr; <strong>1045</strong><br />(+45 for winning)\n|l|\u2606zZoey\n|player|p1|\n",
  "uploadtime": 1775897785,
  "views": 20,
  "formatid": "gen9championsvgc2026regma",
  "rating": 1022,
  "private": 0,
  "password": null
}