{
  "id": "gen9championsvgc2026regma-2581249395",
  "format": "[Gen 9 Champions] VGC 2026 Reg M-A",
  "players": [
    "happidoodledoo",
    "ConnerTEP"
  ],
  "log": "|j|\u2606happidoodledoo\n|j|\u2606ConnerTEP\n|t:|1775976202\n|gametype|doubles\n|player|p1|happidoodledoo|ghetsis|1439\n|player|p2|ConnerTEP|acerola-masters2|1441\n|gen|9\n|tier|[Gen 9 Champions] VGC 2026 Reg M-A\n|rated|\n|rule|Species Clause: Limit one of each Pok\u00e9mon\n|rule|Item Clause: Limit 1 of each item\n|clearpoke\n|poke|p1|Starmie, L50|\n|poke|p1|Archaludon, L50, F|\n|poke|p1|Sneasler, L50, M|\n|poke|p1|Pelipper, L50, F|\n|poke|p1|Talonflame, L50, F|\n|poke|p1|Tsareena, L50, F|\n|poke|p2|Aerodactyl, L50, M|\n|poke|p2|Garchomp, L50, F|\n|poke|p2|Gardevoir, L50, F|\n|poke|p2|Kingambit, L50, F|\n|poke|p2|Kangaskhan, L50, F|\n|poke|p2|Sinistcha, L50|\n|teampreview|4\n|inactive|Battle timer is ON: inactive players will automatically lose when time's up. (requested by ConnerTEP)\n|j| darryj\n|j| Muggcat\n|j| blaines1\n|inactive|happidoodledoo has 60 seconds left.\n|inactive|ConnerTEP has 60 seconds left.\n|inactive|happidoodledoo has 30 seconds left.\n|inactive|happidoodledoo has 20 seconds left.\n|\n|t:|1775976274\n|teamsize|p1|4\n|teamsize|p2|4\n|start\n|switch|p1a: Sneasler|Sneasler, L50, M|100/100\n|switch|p1b: Starmie|Starmie, L50|100/100\n|switch|p2a: Aerodactyl|Aerodactyl, L50, M|100/100\n|switch|p2b: Garchomp|Garchomp, L50, F|100/100\n|-ability|p2a: Aerodactyl|Unnerve\n|turn|1\n|inactive|happidoodledoo has 30 seconds left.\n|\n|t:|1775976300\n|detailschange|p1b: Starmie|Starmie-Mega, L50\n|-mega|p1b: Starmie|Starmie|Starminite\n|move|p2a: Aerodactyl|Protect|p2a: Aerodactyl\n|-singleturn|p2a: Aerodactyl|Protect\n|move|p1a: Sneasler|Fake Out|p2a: Aerodactyl\n|-activate|p2a: Aerodactyl|move: Protect\n|move|p1b: Starmie|Ice Spinner|p2b: Garchomp\n|-supereffective|p2b: Garchomp|2\n|-damage|p2b: Garchomp|0 fnt\n|-damage|p1b: Starmie|89/100|[from] ability: Rough Skin|[of] p2b: Garchomp\n|faint|p2b: Garchomp\n|\n|upkeep\n|j| index0405\n|\n|t:|1775976324\n|switch|p2b: Kingambit|Kingambit, L50, F|100/100\n|turn|2\n|inactive|happidoodledoo has 30 seconds left.\n|inactive|happidoodledoo has 20 seconds left.\n|\n|t:|1775976361\n|move|p2a: Aerodactyl|Dual Wingbeat|p1a: Sneasler\n|-supereffective|p1a: Sneasler|1\n|-damage|p1a: Sneasler|33/100\n|-supereffective|p1a: Sneasler|1\n|-damage|p1a: Sneasler|0 fnt\n|faint|p1a: Sneasler\n|-hitcount|p1: Sneasler|2\n|move|p1b: Starmie|Liquidation|p2a: Aerodactyl\n|-supereffective|p2a: Aerodactyl|1\n|-enditem|p2a: Aerodactyl|Focus Sash\n|-damage|p2a: Aerodactyl|1/100\n|move|p2b: Kingambit|Swords Dance|p2b: Kingambit\n|-boost|p2b: Kingambit|atk|2\n|\n|upkeep\n|\n|t:|1775976379\n|switch|p1a: Talonflame|Talonflame, L50, F|100/100\n|turn|3\n|inactive|ConnerTEP has 30 seconds left.\n|inactive|ConnerTEP has 20 seconds left.\n|inactive|ConnerTEP has 15 seconds left.\n|inactive|ConnerTEP has 10 seconds left.\n|\n|t:|1775976427\n|switch|p1b: Pelipper|Pelipper, L50, F|100/100\n|-weather|RainDance|[from] ability: Drizzle|[of] p1b: Pelipper\n|move|p1a: Talonflame|Dual Wingbeat|p2a: Aerodactyl\n|-resisted|p2a: Aerodactyl|1\n|-damage|p2a: Aerodactyl|0 fnt\n|faint|p2a: Aerodactyl\n|-hitcount|p2: Aerodactyl|1\n|move|p2b: Kingambit|Iron Head|p1a: Talonflame\n|-resisted|p1a: Talonflame|1\n|-damage|p1a: Talonflame|35/100\n|\n|-weather|RainDance|[upkeep]\n|upkeep\n|\n|t:|1775976436\n|switch|p2a: Sinistcha|Sinistcha, L50|100/100\n|turn|4\n|j| KOPLUS\n|inactive|happidoodledoo has 30 seconds left.\n|inactive|happidoodledoo has 20 seconds left.\n|\n|t:|1775976475\n|move|p2b: Kingambit|Sucker Punch||[still]\n|-fail|p2b: Kingambit\n|move|p1a: Talonflame|Will-O-Wisp|p2b: Kingambit\n|-status|p2b: Kingambit|brn\n|move|p1b: Pelipper|Hurricane|p2a: Sinistcha\n|-supereffective|p2a: Sinistcha|1\n|-damage|p2a: Sinistcha|8/100\n|move|p2a: Sinistcha|Matcha Gotcha|p1a: Talonflame|[spread] p1a,p1b\n|-resisted|p1a: Talonflame|2\n|-damage|p1a: Talonflame|24/100\n|-heal|p2a: Sinistcha|13/100|[from] drain|[of] p1a: Talonflame\n|-damage|p1b: Pelipper|47/100\n|-heal|p2a: Sinistcha|34/100|[from] drain|[of] p1b: Pelipper\n|\n|-weather|RainDance|[upkeep]\n|-damage|p2b: Kingambit|95/100 brn|[from] brn\n|upkeep\n|turn|5\n|inactive|ConnerTEP has 30 seconds left.\n|l| blaines1\n|inactive|happidoodledoo has 30 seconds left.\n|inactive|ConnerTEP has 20 seconds left.\n|\n|t:|1775976511\n|switch|p1b: Starmie|Starmie-Mega, L50|89/100\n|move|p2a: Sinistcha|Protect|p2a: Sinistcha\n|-singleturn|p2a: Sinistcha|Protect\n|move|p2b: Kingambit|Protect|p2b: Kingambit\n|-singleturn|p2b: Kingambit|Protect\n|move|p1a: Talonflame|Dual Wingbeat|p2a: Sinistcha\n|-activate|p2a: Sinistcha|move: Protect\n|\n|-weather|RainDance|[upkeep]\n|-damage|p2b: Kingambit|89/100 brn|[from] brn\n|upkeep\n|turn|6\n|inactive|happidoodledoo has 30 seconds left.\n|inactive|ConnerTEP has 30 seconds left.\n|inactive|ConnerTEP has 20 seconds left.\n|\n|t:|1775976547\n|move|p1b: Starmie|Protect|p1b: Starmie\n|-singleturn|p1b: Starmie|Protect\n|move|p2b: Kingambit|Sucker Punch|p1a: Talonflame\n|-damage|p1a: Talonflame|0 fnt\n|faint|p1a: Talonflame\n|move|p2a: Sinistcha|Shadow Ball|p1b: Starmie\n|-activate|p1b: Starmie|move: Protect\n|\n|-weather|RainDance|[upkeep]\n|-damage|p2b: Kingambit|83/100 brn|[from] brn\n|upkeep\n|c|\u2606happidoodledoo|ggs\n|\n|t:|1775976559\n|switch|p1a: Pelipper|Pelipper, L50, F|47/100\n|turn|7\n|\n|t:|1775976569\n|move|p1b: Starmie|Protect||[still]\n|-fail|p1b: Starmie\n|move|p2a: Sinistcha|Rage Powder|p2a: Sinistcha\n|-singleturn|p2a: Sinistcha|move: Rage Powder\n|move|p2b: Kingambit|Sucker Punch||[still]\n|-fail|p2b: Kingambit\n|move|p1a: Pelipper|Weather Ball|p2a: Sinistcha\n|-resisted|p2a: Sinistcha|1\n|-damage|p2a: Sinistcha|4/100\n|\n|-weather|none\n|-damage|p2b: Kingambit|77/100 brn|[from] brn\n|upkeep\n|turn|8\n|-message|happidoodledoo forfeited.\n|\n|win|ConnerTEP\n|raw|happidoodledoo's rating: 1439 &rarr; <strong>1419</strong><br />(-20 for losing)\n|raw|ConnerTEP's rating: 1441 &rarr; <strong>1461</strong><br />(+20 for winning)\n|l|\u2606happidoodledoo\n|player|p1|\n|c|\u2606ConnerTEP|gg\n|l|\u2606ConnerTEP\n|player|p2|\n|l| darryj\n|j|\u2606ConnerTEP\n|player|p2|ConnerTEP|acerola-masters2|\n|l| Muggcat\n",
  "uploadtime": 1775976751,
  "views": 118,
  "formatid": "gen9championsvgc2026regma",
  "rating": 1419,
  "private": 0,
  "password": null
}