{
  "id": "gen9championsvgc2026regma-2586209949",
  "format": "[Gen 9 Champions] VGC 2026 Reg M-A",
  "players": [
    "25th_mang",
    "Beyond.for.mega \u771f\u65b0"
  ],
  "log": "|j|\u260625th_mang\n|j|\u2606Beyond.for.mega \u771f\u65b0\n|t:|1776412745\n|gametype|doubles\n|player|p1|25th_mang|ballguy|1298\n|player|p2|Beyond.for.mega \u771f\u65b0|red|1288\n|gen|9\n|tier|[Gen 9 Champions] VGC 2026 Reg M-A\n|rated|\n|rule|Species Clause: Limit one of each Pok\u00e9mon\n|rule|Item Clause: Limit 1 of each item\n|clearpoke\n|poke|p1|Crabominable, L50, F|\n|poke|p1|Farigiraf, L50, F|\n|poke|p1|Incineroar, L50, M|\n|poke|p1|Archaludon, L50, M|\n|poke|p1|Pelipper, L50, F|\n|poke|p1|Sinistcha, L50|\n|poke|p2|Politoed, L50, M|\n|poke|p2|Basculegion, L50, M|\n|poke|p2|Gengar, L50, M|\n|poke|p2|Incineroar, L50, M|\n|poke|p2|Greninja-*, L50, M|\n|poke|p2|Archaludon, L50, M|\n|teampreview|4\n|inactive|Battle timer is ON: inactive players will automatically lose when time's up. (requested by 25th_mang)\n|inactive|25th_mang has 60 seconds left.\n|\n|t:|1776412787\n|teamsize|p1|4\n|teamsize|p2|4\n|start\n|switch|p1a: My Direction|Sinistcha, L50|100/100\n|switch|p1b: Roar|Incineroar, L50, M|100/100\n|switch|p2a: \u6d77\u7687\u7259|Politoed, L50, M, shiny|100/100\n|switch|p2b: \u5927\u4e54|Archaludon, L50, M|100/100\n|-weather|RainDance|[from] ability: Drizzle|[of] p2a: \u6d77\u7687\u7259\n|-ability|p1b: Roar|Intimidate|boost\n|-unboost|p2a: \u6d77\u7687\u7259|atk|1\n|-unboost|p2b: \u5927\u4e54|atk|1\n|turn|1\n|\n|t:|1776412810\n|move|p1b: Roar|Fake Out|p2a: \u6d77\u7687\u7259\n|-damage|p2a: \u6d77\u7687\u7259|87/100\n|move|p2b: \u5927\u4e54|Electro Shot||[still]\n|-prepare|p2b: \u5927\u4e54|Electro Shot\n|-boost|p2b: \u5927\u4e54|spa|1\n|-anim|p2b: \u5927\u4e54|Electro Shot|p1a: My Direction\n|-resisted|p1a: My Direction|1\n|-damage|p1a: My Direction|66/100\n|cant|p2a: \u6d77\u7687\u7259|flinch\n|move|p1a: My Direction|Trick Room|p1a: My Direction\n|-fieldstart|move: Trick Room|[of] p1a: My Direction\n|\n|-weather|RainDance|[upkeep]\n|upkeep\n|turn|2\n|-activate|p2a: \u6d77\u7687\u7259|item: Quick Claw\n|\n|t:|1776412829\n|move|p2a: \u6d77\u7687\u7259|Surf|p1a: My Direction|[spread] p2b,p1a,p1b\n|-resisted|p2b: \u5927\u4e54|1\n|-resisted|p1a: My Direction|1\n|-supereffective|p1b: Roar|1\n|-damage|p2b: \u5927\u4e54|79/100\n|-damage|p1a: My Direction|49/100\n|-damage|p1b: Roar|42/100\n|-ability|p2b: \u5927\u4e54|Stamina|boost\n|-boost|p2b: \u5927\u4e54|def|1\n|-enditem|p1a: My Direction|Sitrus Berry|[eat]\n|-heal|p1a: My Direction|74/100|[from] item: Sitrus Berry\n|move|p1a: My Direction|Matcha Gotcha|p2b: \u5927\u4e54|[spread] p2a\n|-miss|p1a: My Direction|p2b: \u5927\u4e54\n|-supereffective|p2a: \u6d77\u7687\u7259|1\n|-damage|p2a: \u6d77\u7687\u7259|56/100\n|-heal|p1a: My Direction|91/100|[from] drain|[of] p2a: \u6d77\u7687\u7259\n|move|p1b: Roar|Snarl|p2a: \u6d77\u7687\u7259|[spread] p2a,p2b\n|-damage|p2a: \u6d77\u7687\u7259|48/100\n|-damage|p2b: \u5927\u4e54|61/100\n|-unboost|p2a: \u6d77\u7687\u7259|spa|1\n|-unboost|p2b: \u5927\u4e54|spa|1\n|-ability|p2b: \u5927\u4e54|Stamina|boost\n|-boost|p2b: \u5927\u4e54|def|1\n|move|p2b: \u5927\u4e54|Electro Shot||[still]\n|-prepare|p2b: \u5927\u4e54|Electro Shot\n|-boost|p2b: \u5927\u4e54|spa|1\n|-anim|p2b: \u5927\u4e54|Electro Shot|p1a: My Direction\n|-resisted|p1a: My Direction|1\n|-damage|p1a: My Direction|50/100\n|\n|-weather|RainDance|[upkeep]\n|-heal|p2b: \u5927\u4e54|67/100|[from] item: Leftovers\n|upkeep\n|turn|3\n|inactive|25th_mang has 30 seconds left.\n|\n|t:|1776412855\n|move|p1a: My Direction|Matcha Gotcha|p2b: \u5927\u4e54|[spread] p2a,p2b\n|-supereffective|p2a: \u6d77\u7687\u7259|1\n|-resisted|p2b: \u5927\u4e54|2\n|-damage|p2a: \u6d77\u7687\u7259|15/100\n|-heal|p1a: My Direction|69/100|[from] drain|[of] p2a: \u6d77\u7687\u7259\n|-damage|p2b: \u5927\u4e54|59/100\n|-heal|p1a: My Direction|74/100|[from] drain|[of] p2b: \u5927\u4e54\n|-status|p2a: \u6d77\u7687\u7259|brn\n|-status|p2b: \u5927\u4e54|brn\n|-ability|p2b: \u5927\u4e54|Stamina|boost\n|-boost|p2b: \u5927\u4e54|def|1\n|move|p1b: Roar|Snarl|p2b: \u5927\u4e54|[spread] p2a,p2b\n|-damage|p2a: \u6d77\u7687\u7259|7/100 brn\n|-damage|p2b: \u5927\u4e54|44/100 brn\n|-unboost|p2a: \u6d77\u7687\u7259|spa|1\n|-unboost|p2b: \u5927\u4e54|spa|1\n|-ability|p2b: \u5927\u4e54|Stamina|boost\n|-boost|p2b: \u5927\u4e54|def|1\n|move|p2a: \u6d77\u7687\u7259|Surf|p1a: My Direction|[spread] p2b,p1a,p1b\n|-resisted|p2b: \u5927\u4e54|1\n|-resisted|p1a: My Direction|1\n|-supereffective|p1b: Roar|1\n|-damage|p2b: \u5927\u4e54|33/100 brn\n|-damage|p1a: My Direction|65/100\n|-damage|p1b: Roar|13/100\n|-ability|p2b: \u5927\u4e54|Stamina|boost\n|-boost|p2b: \u5927\u4e54|def|1\n|move|p2b: \u5927\u4e54|Electro Shot||[still]\n|-prepare|p2b: \u5927\u4e54|Electro Shot\n|-boost|p2b: \u5927\u4e54|spa|1\n|-anim|p2b: \u5927\u4e54|Electro Shot|p1a: My Direction\n|-resisted|p1a: My Direction|1\n|-damage|p1a: My Direction|26/100\n|\n|-weather|RainDance|[upkeep]\n|-heal|p2b: \u5927\u4e54|40/100 brn|[from] item: Leftovers\n|-damage|p2a: \u6d77\u7687\u7259|0 fnt|[from] brn\n|faint|p2a: \u6d77\u7687\u7259\n|-damage|p2b: \u5927\u4e54|33/100 brn|[from] brn\n|upkeep\n|\n|t:|1776412870\n|switch|p2a: \u795e|Incineroar, L50, M|100/100\n|-ability|p2a: \u795e|Intimidate|boost\n|-unboost|p1a: My Direction|atk|1\n|-unboost|p1b: Roar|atk|1\n|turn|4\n|inactive|25th_mang has 30 seconds left.\n|\n|t:|1776412897\n|switch|p1a: Flip|Farigiraf, L50, F|100/100\n|move|p2a: \u795e|Fake Out||[still]\n|cant|p1a: Flip|ability: Armor Tail|Fake Out|[of] p2a: \u795e\n|move|p1b: Roar|Snarl|p2a: \u795e|[spread] p2b\n|-miss|p1b: Roar|p2a: \u795e\n|-damage|p2b: \u5927\u4e54|15/100 brn\n|-unboost|p2b: \u5927\u4e54|spa|1\n|-ability|p2b: \u5927\u4e54|Stamina|boost\n|-boost|p2b: \u5927\u4e54|def|1\n|move|p2b: \u5927\u4e54|Electro Shot||[still]\n|-prepare|p2b: \u5927\u4e54|Electro Shot\n|-boost|p2b: \u5927\u4e54|spa|1\n|-anim|p2b: \u5927\u4e54|Electro Shot|p1a: Flip\n|-damage|p1a: Flip|31/100\n|\n|-weather|RainDance|[upkeep]\n|-heal|p2b: \u5927\u4e54|21/100 brn|[from] item: Leftovers\n|-damage|p2b: \u5927\u4e54|15/100 brn|[from] brn\n|upkeep\n|turn|5\n|inactive|25th_mang has 30 seconds left.\n|inactive|Beyond.for.mega \u771f\u65b0 has 30 seconds left.\n|\n|t:|1776412928\n|move|p2b: \u5927\u4e54|Protect|p2b: \u5927\u4e54\n|-singleturn|p2b: \u5927\u4e54|Protect\n|move|p2a: \u795e|Parting Shot|p1a: Flip\n|-unboost|p1a: Flip|atk|1\n|-unboost|p1a: Flip|spa|1\n|\n|t:|1776412931\n|switch|p2a: \u767e\u9b3c\u591c\u884c|Gengar, L50, M|100/100|[from] Parting Shot\n|move|p1a: Flip|Hyper Voice|p2b: \u5927\u4e54|[spread] \n|-activate|p2b: \u5927\u4e54|move: Protect\n|-immune|p2a: \u767e\u9b3c\u591c\u884c\n|move|p1b: Roar|Snarl|p2a: \u767e\u9b3c\u591c\u884c|[spread] p2a\n|-activate|p2b: \u5927\u4e54|move: Protect\n|-supereffective|p2a: \u767e\u9b3c\u591c\u884c|1\n|-damage|p2a: \u767e\u9b3c\u591c\u884c|59/100\n|-unboost|p2a: \u767e\u9b3c\u591c\u884c|spa|1\n|\n|-weather|none\n|-heal|p2b: \u5927\u4e54|21/100 brn|[from] item: Leftovers\n|-damage|p2b: \u5927\u4e54|15/100 brn|[from] brn\n|-fieldend|move: Trick Room\n|upkeep\n|turn|6\n|\n|t:|1776412952\n|switch|p1a: My Direction|Sinistcha, L50|26/100\n|-heal|p1b: Roar|38/100|[from] ability: Hospitality|[of] p1a: My Direction\n|detailschange|p2a: \u767e\u9b3c\u591c\u884c|Gengar-Mega, L50, M\n|-mega|p2a: \u767e\u9b3c\u591c\u884c|Gengar|Gengarite\n|move|p2a: \u767e\u9b3c\u591c\u884c|Sludge Wave|p1a: My Direction|[spread] p1a,p1b\n|-immune|p2b: \u5927\u4e54\n|-damage|p1a: My Direction|0 fnt\n|-damage|p1b: Roar|8/100\n|faint|p1a: My Direction\n|move|p2b: \u5927\u4e54|Aura Sphere|p1b: Roar\n|-supereffective|p1b: Roar|1\n|-damage|p1b: Roar|0 fnt\n|faint|p1b: Roar\n|\n|-heal|p2b: \u5927\u4e54|21/100 brn|[from] item: Leftovers\n|-damage|p2b: \u5927\u4e54|15/100 brn|[from] brn\n|upkeep\n|\n|t:|1776412966\n|switch|p1b: Hockey Reference|Crabominable, L50, F|100/100\n|switch|p1a: Flip|Farigiraf, L50, F|31/100\n|turn|7\n|\n|t:|1776412981\n|detailschange|p1b: Hockey Reference|Crabominable-Mega, L50, F\n|-mega|p1b: Hockey Reference|Crabominable|Crabominite\n|move|p2a: \u767e\u9b3c\u591c\u884c|Sludge Wave|p1b: Hockey Reference|[spread] p1a,p1b\n|-immune|p2b: \u5927\u4e54\n|-damage|p1a: Flip|3/100\n|-damage|p1b: Hockey Reference|76/100\n|move|p2b: \u5927\u4e54|Aura Sphere|p1a: Flip\n|-damage|p1a: Flip|0 fnt\n|faint|p1a: Flip\n|move|p1b: Hockey Reference|Drain Punch|p2b: \u5927\u4e54\n|-supereffective|p2b: \u5927\u4e54|1\n|-damage|p2b: \u5927\u4e54|0 fnt\n|-heal|p1b: Hockey Reference|83/100|[from] drain|[of] p2b: \u5927\u4e54\n|faint|p2b: \u5927\u4e54\n|\n|upkeep\n|\n|t:|1776412987\n|switch|p2b: \u795e|Incineroar, L50, M|100/100\n|-ability|p2b: \u795e|Intimidate|boost\n|-unboost|p1b: Hockey Reference|atk|1\n|turn|8\n|\n|t:|1776412996\n|move|p1b: Hockey Reference|Protect|p1b: Hockey Reference\n|-singleturn|p1b: Hockey Reference|Protect\n|move|p2b: \u795e|Fake Out|p1b: Hockey Reference\n|-activate|p1b: Hockey Reference|move: Protect\n|move|p2a: \u767e\u9b3c\u591c\u884c|Shadow Ball|p1b: Hockey Reference\n|-activate|p1b: Hockey Reference|move: Protect\n|\n|upkeep\n|turn|9\n|\n|t:|1776413008\n|move|p2a: \u767e\u9b3c\u591c\u884c|Protect|p2a: \u767e\u9b3c\u591c\u884c\n|-singleturn|p2a: \u767e\u9b3c\u591c\u884c|Protect\n|move|p2b: \u795e|Will-O-Wisp|p1b: Hockey Reference|[miss]\n|-miss|p2b: \u795e|p1b: Hockey Reference\n|move|p1b: Hockey Reference|Drain Punch|p2b: \u795e\n|-supereffective|p2b: \u795e|1\n|-damage|p2b: \u795e|31/100\n|-heal|p1b: Hockey Reference|100/100|[from] drain|[of] p2b: \u795e\n|-enditem|p2b: \u795e|Sitrus Berry|[eat]\n|-heal|p2b: \u795e|56/100|[from] item: Sitrus Berry\n|\n|upkeep\n|turn|10\n|\n|t:|1776413020\n|move|p2a: \u767e\u9b3c\u591c\u884c|Shadow Ball|p1b: Hockey Reference\n|-damage|p1b: Hockey Reference|73/100\n|move|p2b: \u795e|Will-O-Wisp|p1b: Hockey Reference|[miss]\n|-miss|p2b: \u795e|p1b: Hockey Reference\n|move|p1b: Hockey Reference|Ice Hammer|p2a: \u767e\u9b3c\u591c\u884c\n|-damage|p2a: \u767e\u9b3c\u591c\u884c|0 fnt\n|-unboost|p1b: Hockey Reference|spe|1\n|faint|p2a: \u767e\u9b3c\u591c\u884c\n|\n|upkeep\n|turn|11\n|\n|t:|1776413031\n|move|p2b: \u795e|Will-O-Wisp|p1b: Hockey Reference\n|-status|p1b: Hockey Reference|brn\n|move|p1b: Hockey Reference|Drain Punch|p2b: \u795e\n|-supereffective|p2b: \u795e|1\n|-damage|p2b: \u795e|20/100\n|-heal|p1b: Hockey Reference|92/100 brn|[from] drain|[of] p2b: \u795e\n|\n|-damage|p1b: Hockey Reference|86/100 brn|[from] brn\n|upkeep\n|turn|12\n|-message|Beyond.for.mega \u771f\u65b0 forfeited.\n|\n|win|25th_mang\n|raw|25th_mang's rating: 1298 &rarr; <strong>1322</strong><br />(+24 for winning)\n|raw|Beyond.for.mega \u771f\u65b0's rating: 1288 &rarr; <strong>1264</strong><br />(-24 for losing)\n|l|\u2606Beyond.for.mega \u771f\u65b0\n|player|p2|\n",
  "uploadtime": 1776413042,
  "views": 31,
  "formatid": "gen9championsvgc2026regma",
  "rating": 1264,
  "private": 0,
  "password": null
}