{
  "id": "gen9championsvgc2026regma-2586945838",
  "format": "[Gen 9 Champions] VGC 2026 Reg M-A",
  "players": [
    "magikarp soup",
    "isai7878"
  ],
  "log": "|j|\u2606magikarp soup\n|j|\u2606isai7878\n|html|<table width=\"100%\"><tr><td align=\"left\">magikarp soup</td><td align=\"right\">isai7878</tr><tr><td align=\"left\"><i class=\"fa fa-circle-o\"></i> <i class=\"fa fa-circle-o\"></i> </td><td align=\"right\"><i class=\"fa fa-circle-o\"></i> <i class=\"fa fa-circle\"></i> </tr></table>\n|uhtml|bestof|<h2><strong>Game 2</strong> of <a href=\"/game-bestof3-gen9championsvgc2026regma-2586942106\">a best-of-3</a></h2>\n|t:|1776474391\n|gametype|doubles\n|player|p1|magikarp soup|medium|\n|player|p2|isai7878|170|\n|gen|9\n|tier|[Gen 9 Champions] VGC 2026 Reg M-A\n|rule|Species Clause: Limit one of each Pok\u00e9mon\n|rule|Item Clause: Limit 1 of each item\n|raw|<div class=\"infobox\"><details class=\"readmore\" open><summary><strong>1 custom rule:</strong></summary> Best of = 3</details></div>\n|clearpoke\n|poke|p1|Flapple, L50, M|\n|poke|p1|Sableye, L50, M|\n|poke|p1|Volcarona, L50, F|\n|poke|p1|Floette-Eternal, L50, F|\n|poke|p1|Froslass, L50, F|\n|poke|p1|Starmie, L50|\n|poke|p2|Glimmora, L50, M|\n|poke|p2|Pelipper, L50, M|\n|poke|p2|Archaludon, L50, F|\n|poke|p2|Whimsicott, L50, F|\n|poke|p2|Basculegion, L50, M|\n|poke|p2|Incineroar, L50, M|\n|teampreview|4\nmagikarp soup has agreed to open team sheets.\n|\n|t:|1776474487\n|teamsize|p1|4\n|teamsize|p2|4\n|start\n|switch|p1a: Flapple|Flapple, L50, M|100/100\n|switch|p1b: Starmie|Starmie, L50|100/100\n|switch|p2a: Archaludon|Archaludon, L50, F|100/100\n|switch|p2b: Whimsicott|Whimsicott, L50, F|100/100\n|turn|1\n|\n|t:|1776474503\n|move|p2a: Archaludon|Protect|p2a: Archaludon\n|-singleturn|p2a: Archaludon|Protect\n|move|p1a: Flapple|Protect|p1a: Flapple\n|-singleturn|p1a: Flapple|Protect\n|move|p2b: Whimsicott|Tailwind|p2b: Whimsicott\n|-sidestart|p2: isai7878|move: Tailwind\n|move|p1b: Starmie|Gravity|p1b: Starmie\n|-fieldstart|move: Gravity\n|\n|upkeep\n|turn|2\n|\n|t:|1776474556\n|switch|p1a: Sableye|Sableye, L50, M|100/100\n|move|p2b: Whimsicott|Encore|p1b: Starmie\n|-start|p1b: Starmie|Encore\n|move|p2a: Archaludon|Draco Meteor|p1a: Sableye\n|-damage|p1a: Sableye|24/100\n|-unboost|p2a: Archaludon|spa|2\n|-enditem|p2a: Archaludon|White Herb\n|-clearnegativeboost|p2a: Archaludon|[silent]\n|move|p1b: Starmie|Gravity||[still]\n|-fail|p1b: Starmie\n|\n|upkeep\n|turn|3\n|\n|t:|1776474580\n|switch|p2b: Pelipper|Pelipper, L50, M|100/100\n|-weather|RainDance|[from] ability: Drizzle|[of] p2b: Pelipper\n|switch|p1b: Froslass|Froslass, L50, F|100/100\n|move|p1a: Sableye|Taunt|p2b: Pelipper\n|-start|p2b: Pelipper|move: Taunt\n|move|p2a: Archaludon|Electro Shot||[still]\n|-prepare|p2a: Archaludon|Electro Shot\n|-boost|p2a: Archaludon|spa|1\n|-anim|p2a: Archaludon|Electro Shot|p1a: Sableye\n|-damage|p1a: Sableye|0 fnt\n|faint|p1a: Sableye\n|\n|-weather|RainDance|[upkeep]\n|upkeep\n|\n|t:|1776474593\n|switch|p1a: Starmie|Starmie, L50|100/100\n|turn|4\n|\n|t:|1776474660\n|switch|p2b: Glimmora|Glimmora, L50, M|100/100\n|move|p2a: Archaludon|Protect|p2a: Archaludon\n|-singleturn|p2a: Archaludon|Protect\n|move|p1a: Starmie|Protect|p1a: Starmie\n|-singleturn|p1a: Starmie|Protect\n|move|p1b: Froslass|Protect||[still]\n|-fail|p1b: Froslass\n|\n|-weather|RainDance|[upkeep]\n|-sideend|p2: isai7878|move: Tailwind\n|upkeep\n|turn|5\n|\n|t:|1776474717\n|detailschange|p1b: Froslass|Froslass-Mega, L50, F\n|-mega|p1b: Froslass|Froslass|Froslassite\n|-weather|Snowscape|[from] ability: Snow Warning|[of] p1b: Froslass\n|move|p2b: Glimmora|Spiky Shield|p2b: Glimmora\n|-singleturn|p2b: Glimmora|move: Protect\n|move|p1b: Froslass|Aurora Veil|p1b: Froslass\n|-sidestart|p1: magikarp soup|move: Aurora Veil\n|move|p1a: Starmie|Liquidation|p2b: Glimmora\n|-activate|p2b: Glimmora|move: Protect\n|-damage|p1a: Starmie|88/100|[from] Spiky Shield|[of] p2b: Glimmora\n|move|p2a: Archaludon|Draco Meteor|p1a: Starmie\n|-damage|p1a: Starmie|0 fnt\n|-unboost|p2a: Archaludon|spa|2\n|faint|p1a: Starmie\n|\n|-weather|Snowscape|[upkeep]\n|-fieldend|move: Gravity\n|upkeep\n|\n|t:|1776474732\n|switch|p1a: Flapple|Flapple, L50, M|100/100\n|turn|6\n|\n|t:|1776474765\n|switch|p2b: Pelipper|Pelipper, L50, M|100/100\n|-weather|RainDance|[from] ability: Drizzle|[of] p2b: Pelipper\n|move|p1b: Froslass|Blizzard|p2b: Pelipper|[spread] p2b\n|-miss|p1b: Froslass|p2a: Archaludon\n|-damage|p2b: Pelipper|14/100\n|move|p2a: Archaludon|Electro Shot||[still]\n|-prepare|p2a: Archaludon|Electro Shot\n|-boost|p2a: Archaludon|spa|1\n|-anim|p2a: Archaludon|Electro Shot|p1b: Froslass\n|-damage|p1b: Froslass|58/100\n|move|p1a: Flapple|Dragon Rush|p2b: Pelipper\n|-damage|p2b: Pelipper|0 fnt\n|faint|p2b: Pelipper\n|\n|-weather|RainDance|[upkeep]\n|upkeep\n|\n|t:|1776474784\n|switch|p2b: Whimsicott|Whimsicott, L50, F|100/100\n|turn|7\n|\n|t:|1776474790\n|move|p2b: Whimsicott|Tailwind|p2b: Whimsicott\n|-sidestart|p2: isai7878|move: Tailwind\n|move|p2a: Archaludon|Electro Shot||[still]\n|-prepare|p2a: Archaludon|Electro Shot\n|-boost|p2a: Archaludon|spa|1\n|-anim|p2a: Archaludon|Electro Shot|p1b: Froslass\n|-damage|p1b: Froslass|2/100\n|move|p1b: Froslass|Blizzard|p2b: Whimsicott|[spread] p2b\n|-miss|p1b: Froslass|p2a: Archaludon\n|-supereffective|p2b: Whimsicott|1\n|-damage|p2b: Whimsicott|0 fnt\n|faint|p2b: Whimsicott\n|move|p1a: Flapple|Dragon Rush|p2a: Archaludon|[miss]\n|-miss|p1a: Flapple|p2a: Archaludon\n|\n|-weather|RainDance|[upkeep]\n|upkeep\n|\n|t:|1776474807\n|switch|p2b: Glimmora|Glimmora, L50, M|100/100\n|turn|8\n|\n|t:|1776474815\n|detailschange|p2b: Glimmora|Glimmora-Mega, L50, M\n|-mega|p2b: Glimmora|Glimmora|Glimmoranite\n|move|p1b: Froslass|Protect|p1b: Froslass\n|-singleturn|p1b: Froslass|Protect\n|move|p1a: Flapple|Protect|p1a: Flapple\n|-singleturn|p1a: Flapple|Protect\n|move|p2b: Glimmora|Sludge Bomb|p1a: Flapple\n|-activate|p1a: Flapple|move: Protect\n|move|p2a: Archaludon|Electro Shot||[still]\n|-prepare|p2a: Archaludon|Electro Shot\n|-boost|p2a: Archaludon|spa|1\n|-anim|p2a: Archaludon|Electro Shot|p1b: Froslass\n|-activate|p1b: Froslass|move: Protect\n|\n|-weather|RainDance|[upkeep]\n|upkeep\n|turn|9\n|\n|t:|1776474834\n|move|p1a: Flapple|Sucker Punch|p2a: Archaludon\n|-damage|p2a: Archaludon|72/100\n|move|p2b: Glimmora|Sludge Bomb|p1a: Flapple\n|-supereffective|p1a: Flapple|1\n|-damage|p1a: Flapple|0 fnt\n|faint|p1a: Flapple\n|move|p2a: Archaludon|Electro Shot||[still]\n|-prepare|p2a: Archaludon|Electro Shot\n|-boost|p2a: Archaludon|spa|1\n|-anim|p2a: Archaludon|Electro Shot|p1b: Froslass\n|-damage|p1b: Froslass|0 fnt\n|faint|p1b: Froslass\n|\n|win|isai7878\n",
  "uploadtime": 1776474848,
  "views": 23,
  "formatid": "gen9championsvgc2026regma",
  "rating": null,
  "private": 0,
  "password": null
}