{
  "id": "gen9championsvgc2026regma-2589482367",
  "format": "[Gen 9 Champions] VGC 2026 Reg M-A",
  "players": [
    "chapstick eater",
    "Warehouse User"
  ],
  "log": "|j|\u2606chapstick eater\n|j|\u2606Warehouse User\n|t:|1776726958\n|gametype|doubles\n|player|p1|chapstick eater|101|1103\n|player|p2|Warehouse User|265|1122\n|gen|9\n|tier|[Gen 9 Champions] VGC 2026 Reg M-A\n|rated|\n|rule|Species Clause: Limit one of each Pok\u00e9mon\n|rule|Item Clause: Limit 1 of each item\n|clearpoke\n|poke|p1|Glimmora, L50, F|\n|poke|p1|Primarina, L50, F, shiny|\n|poke|p1|Corviknight, L50, F|\n|poke|p1|Ninetales-Alola, L50, F|\n|poke|p1|Whimsicott, L50, F|\n|poke|p1|Garchomp, L50, F|\n|poke|p2|Aegislash, L50, M|\n|poke|p2|Maushold-Four, L50|\n|poke|p2|Azumarill, L50, F|\n|poke|p2|Whimsicott, L50, M|\n|poke|p2|Glimmora, L50, F|\n|poke|p2|Infernape, L50, M|\n|teampreview|4\n|\n|t:|1776726997\n|teamsize|p1|4\n|teamsize|p2|4\n|start\n|switch|p1a: Whimsicott|Whimsicott, L50, F|100/100\n|switch|p1b: Ninetales|Ninetales-Alola, L50, F|100/100\n|switch|p2a: Azumarill|Azumarill, L50, F|100/100\n|switch|p2b: Aegislash|Aegislash, L50, M|100/100\n|-weather|Snowscape|[from] ability: Snow Warning|[of] p1b: Ninetales\n|turn|1\n|\n|t:|1776727017\n|switch|p1b: Glimmora|Glimmora, L50, F|100/100\n|move|p1a: Whimsicott|Tailwind|p1a: Whimsicott\n|-sidestart|p1: chapstick eater|move: Tailwind\n|-formechange|p2b: Aegislash|Aegislash-Blade|\n|move|p2b: Aegislash|Iron Head|p1a: Whimsicott\n|-supereffective|p1a: Whimsicott|1\n|-damage|p1a: Whimsicott|0 fnt\n|faint|p1a: Whimsicott\n|move|p2a: Azumarill|Play Rough|p1b: Glimmora\n|-resisted|p1b: Glimmora|1\n|-damage|p1b: Glimmora|63/100\n|-activate|p1b: Glimmora|ability: Toxic Debris\n|-sidestart|p2: Warehouse User|move: Toxic Spikes\n|\n|-weather|Snowscape|[upkeep]\n|upkeep\n|\n|t:|1776727026\n|switch|p1a: Garchomp|Garchomp, L50, F|100/100\n|turn|2\n|\n|t:|1776727060\n|move|p1b: Glimmora|Spiky Shield|p1b: Glimmora\n|-singleturn|p1b: Glimmora|move: Protect\n|move|p2b: Aegislash|Shadow Sneak|p1a: Garchomp\n|-damage|p1a: Garchomp|72/100\n|-damage|p2b: Aegislash|89/100|[from] ability: Rough Skin|[of] p1a: Garchomp\n|move|p1a: Garchomp|Earthquake|p2b: Aegislash|[spread] p2a,p2b\n|-activate|p1b: Glimmora|move: Protect\n|-supereffective|p2b: Aegislash|1\n|-damage|p2a: Azumarill|58/100\n|-damage|p2b: Aegislash|0 fnt\n|faint|p2b: Aegislash\n|move|p2a: Azumarill|Play Rough|p1a: Garchomp\n|-supereffective|p1a: Garchomp|1\n|-damage|p1a: Garchomp|0 fnt\n|-damage|p2a: Azumarill|45/100|[from] ability: Rough Skin|[of] p1a: Garchomp\n|-enditem|p2a: Azumarill|Sitrus Berry|[eat]\n|-heal|p2a: Azumarill|70/100|[from] item: Sitrus Berry\n|faint|p1a: Garchomp\n|\n|-weather|Snowscape|[upkeep]\n|upkeep\n|\n|t:|1776727076\n|switch|p1a: Ninetales|Ninetales-Alola, L50, F|100/100\n|switch|p2b: Glimmora|Glimmora, L50, F|100/100\n|-sideend|p2: Warehouse User|move: Toxic Spikes|[of] p2b: Glimmora\n|turn|3\n|\n|t:|1776727103\n|detailschange|p1b: Glimmora|Glimmora-Mega, L50, F\n|-mega|p1b: Glimmora|Glimmora|Glimmoranite\n|detailschange|p2b: Glimmora|Glimmora-Mega, L50, F\n|-mega|p2b: Glimmora|Glimmora|Glimmoranite\n|move|p1a: Ninetales|Blizzard|p2b: Glimmora|[spread] p2a,p2b\n|-resisted|p2a: Azumarill|1\n|-damage|p2a: Azumarill|54/100\n|-damage|p2b: Glimmora|67/100\n|move|p1b: Glimmora|Earth Power|p2b: Glimmora\n|-supereffective|p2b: Glimmora|2\n|-crit|p2b: Glimmora\n|-damage|p2b: Glimmora|0 fnt\n|faint|p2b: Glimmora\n|move|p2a: Azumarill|Belly Drum|p2a: Azumarill\n|-damage|p2a: Azumarill|4/100\n|-setboost|p2a: Azumarill|atk|6|[from] move: Belly Drum\n|\n|-weather|Snowscape|[upkeep]\n|upkeep\n|\n|t:|1776727120\n|switch|p2b: Maushold|Maushold-Four, L50|100/100\n|turn|4\n|\n|t:|1776727130\n|move|p1b: Glimmora|Spiky Shield|p1b: Glimmora\n|-singleturn|p1b: Glimmora|move: Protect\n|move|p2b: Maushold|Follow Me|p2b: Maushold\n|-singleturn|p2b: Maushold|move: Follow Me\n|move|p2a: Azumarill|Aqua Jet|p1a: Ninetales\n|-enditem|p1a: Ninetales|Focus Sash\n|-damage|p1a: Ninetales|1/100\n|move|p1a: Ninetales|Blizzard|p2a: Azumarill|[spread] p2a,p2b\n|-resisted|p2a: Azumarill|1\n|-damage|p2a: Azumarill|0 fnt\n|-damage|p2b: Maushold|62/100\n|faint|p2a: Azumarill\n|\n|-weather|Snowscape|[upkeep]\n|-sideend|p1: chapstick eater|move: Tailwind\n|upkeep\n|turn|5\n|\n|t:|1776727148\n|move|p2b: Maushold|Follow Me|p2b: Maushold\n|-singleturn|p2b: Maushold|move: Follow Me\n|move|p1a: Ninetales|Blizzard|p2b: Maushold\n|-damage|p2b: Maushold|5/100\n|move|p1b: Glimmora|Power Gem|p2b: Maushold\n|-damage|p2b: Maushold|0 fnt\n|faint|p2b: Maushold\n|\n|win|chapstick eater\n|raw|chapstick eater's rating: 1103 &rarr; <strong>1129</strong><br />(+26 for winning)\n|raw|Warehouse User's rating: 1122 &rarr; <strong>1096</strong><br />(-26 for losing)\n",
  "uploadtime": 1776727152,
  "views": 4,
  "formatid": "gen9championsvgc2026regma",
  "rating": 1096,
  "private": 0,
  "password": null
}