{
  "id": "gen9championsvgc2026regma-2586472052",
  "format": "[Gen 9 Champions] VGC 2026 Reg M-A",
  "players": [
    "Sttuarrt",
    "Pethor"
  ],
  "log": "|j|\u2606Sttuarrt\n|j|\u2606Pethor\n|t:|1776437023\n|gametype|doubles\n|player|p1|Sttuarrt|skier|1148\n|player|p2|Pethor|worker|1061\n|gen|9\n|tier|[Gen 9 Champions] VGC 2026 Reg M-A\n|rated|\n|rule|Species Clause: Limit one of each Pok\u00e9mon\n|rule|Item Clause: Limit 1 of each item\n|clearpoke\n|poke|p1|Incineroar, L50, F|\n|poke|p1|Charizard, L50, F|\n|poke|p1|Talonflame, L50, F|\n|poke|p1|Tauros-Paldea-Blaze, L50, M|\n|poke|p1|Rotom-Heat, L50|\n|poke|p1|Typhlosion-Hisui, L50, F|\n|poke|p2|Skeledirge, L50, F|\n|poke|p2|Vivillon-Icy Snow, L50, F|\n|poke|p2|Tauros-Paldea-Aqua, L50, M|\n|poke|p2|Starmie, L50|\n|poke|p2|Charizard, L50, M|\n|poke|p2|Dragapult, L50, F|\n|teampreview|4\n|\n|t:|1776437062\n|teamsize|p1|4\n|teamsize|p2|4\n|start\n|switch|p1a: Talonflame|Talonflame, L50, F|100/100\n|switch|p1b: Charizard|Charizard, L50, F|100/100\n|switch|p2a: Tauros|Tauros-Paldea-Aqua, L50, M, shiny|100/100\n|switch|p2b: Skeledirge|Skeledirge, L50, F|100/100\n|-ability|p2a: Tauros|Intimidate|boost\n|-unboost|p1a: Talonflame|atk|1\n|-unboost|p1b: Charizard|atk|1\n|turn|1\n|\n|t:|1776437090\n|switch|p1b: Incineroar|Incineroar, L50, F|100/100\n|-ability|p1b: Incineroar|Intimidate|boost\n|-unboost|p2a: Tauros|atk|1\n|-unboost|p2b: Skeledirge|atk|1\n|move|p1a: Talonflame|Brave Bird|p2a: Tauros\n|-supereffective|p2a: Tauros|1\n|-damage|p2a: Tauros|37/100\n|-damage|p1a: Talonflame|76/100|[from] Recoil\n|move|p2a: Tauros|Aqua Jet|p1a: Talonflame\n|-supereffective|p1a: Talonflame|1\n|-damage|p1a: Talonflame|44/100\n|move|p2b: Skeledirge|Snarl|p1b: Incineroar|[spread] p1a,p1b\n|-resisted|p1b: Incineroar|1\n|-damage|p1a: Talonflame|24/100\n|-damage|p1b: Incineroar|95/100\n|-unboost|p1a: Talonflame|spa|1\n|-unboost|p1b: Incineroar|spa|1\n|\n|-heal|p2a: Tauros|43/100|[from] item: Leftovers\n|upkeep\n|turn|2\n|\n|t:|1776437112\n|move|p2a: Tauros|Aqua Jet|p1a: Talonflame\n|-supereffective|p1a: Talonflame|1\n|-damage|p1a: Talonflame|0 fnt\n|faint|p1a: Talonflame\n|move|p2b: Skeledirge|Snarl|p1b: Incineroar\n|-resisted|p1b: Incineroar|1\n|-damage|p1b: Incineroar|86/100\n|-unboost|p1b: Incineroar|spa|1\n|move|p1b: Incineroar|Darkest Lariat|p2b: Skeledirge\n|-supereffective|p2b: Skeledirge|1\n|-damage|p2b: Skeledirge|18/100\n|\n|-heal|p2a: Tauros|49/100|[from] item: Leftovers\n|upkeep\n|\n|t:|1776437122\n|switch|p1a: Charizard|Charizard, L50, F|100/100\n|turn|3\n|\n|t:|1776437134\n|switch|p2a: Starmie|Starmie, L50, shiny|100/100\n|detailschange|p1a: Charizard|Charizard-Mega-Y, L50, F\n|-mega|p1a: Charizard|Charizard|Charizardite Y\n|-weather|SunnyDay|[from] ability: Drought|[of] p1a: Charizard\n|move|p2b: Skeledirge|Snarl|p1a: Charizard|[spread] p1a,p1b\n|-resisted|p1b: Incineroar|1\n|-damage|p1a: Charizard|86/100\n|-damage|p1b: Incineroar|79/100\n|-unboost|p1a: Charizard|spa|1\n|-unboost|p1b: Incineroar|spa|1\n|move|p1a: Charizard|Heat Wave|p2b: Skeledirge|[spread] p2a,p2b\n|-resisted|p2a: Starmie|1\n|-resisted|p2b: Skeledirge|1\n|-damage|p2a: Starmie|65/100\n|-damage|p2b: Skeledirge|0 fnt\n|-status|p2a: Starmie|brn\n|faint|p2b: Skeledirge\n|move|p1b: Incineroar|Parting Shot|p2a: Starmie\n|-unboost|p2a: Starmie|atk|1\n|-unboost|p2a: Starmie|spa|1\n|\n|t:|1776437151\n|switch|p1b: Rotom|Rotom-Heat, L50|100/100|[from] Parting Shot\n|\n|-weather|SunnyDay|[upkeep]\n|-damage|p2a: Starmie|60/100 brn|[from] brn\n|upkeep\n|\n|t:|1776437158\n|switch|p2b: Tauros|Tauros-Paldea-Aqua, L50, M, shiny|49/100\n|-ability|p2b: Tauros|Intimidate|boost\n|-unboost|p1a: Charizard|atk|1\n|-unboost|p1b: Rotom|atk|1\n|turn|4\n|\n|t:|1776437189\n|-curestatus|p2a: Starmie|brn|[from] ability: Natural Cure\n|switch|p2a: Dragapult|Dragapult, L50, F|100/100\n|switch|p1a: Incineroar|Incineroar, L50, F|79/100\n|-ability|p1a: Incineroar|Intimidate|boost\n|-fail|p2a: Dragapult|unboost|[from] ability: Clear Body|[of] p2a: Dragapult\n|-unboost|p2b: Tauros|atk|1\n|move|p2b: Tauros|Protect|p2b: Tauros\n|-singleturn|p2b: Tauros|Protect\n|move|p1b: Rotom|Volt Switch|p2b: Tauros\n|-activate|p2b: Tauros|move: Protect\n|\n|-weather|SunnyDay|[upkeep]\n|-heal|p2b: Tauros|55/100|[from] item: Leftovers\n|upkeep\n|turn|5\n|\n|t:|1776437218\n|move|p2a: Dragapult|Dragon Darts|p1b: Rotom\n|-damage|p1b: Rotom|75/100\n|-anim|p2a: Dragapult|Dragon Darts|p1a: Incineroar\n|-damage|p1a: Incineroar|57/100\n|move|p2b: Tauros|Close Combat|p1a: Incineroar\n|-supereffective|p1a: Incineroar|1\n|-damage|p1a: Incineroar|0 fnt\n|-unboost|p2b: Tauros|def|1\n|-unboost|p2b: Tauros|spd|1\n|faint|p1a: Incineroar\n|move|p1b: Rotom|Volt Switch|p2b: Tauros\n|-supereffective|p2b: Tauros|1\n|-crit|p2b: Tauros\n|-damage|p2b: Tauros|0 fnt\n|faint|p2b: Tauros\n|\n|t:|1776437232\n|switch|p1b: Charizard|Charizard-Mega-Y, L50, F|86/100|[from] Volt Switch\n|\n|-weather|SunnyDay|[upkeep]\n|upkeep\n|\n|t:|1776437236\n|switch|p2b: Starmie|Starmie, L50, shiny|60/100\n|switch|p1a: Rotom|Rotom-Heat, L50|75/100\n|turn|6\n|\n|t:|1776437262\n|detailschange|p2b: Starmie|Starmie-Mega, L50, shiny\n|-mega|p2b: Starmie|Starmie|Starminite\n|move|p2a: Dragapult|Sucker Punch|p1a: Rotom\n|-damage|p1a: Rotom|50/100\n|move|p2b: Starmie|Surf|p1b: Charizard|[spread] p2a,p1a,p1b\n|-resisted|p2a: Dragapult|1\n|-supereffective|p1a: Rotom|1\n|-supereffective|p1b: Charizard|1\n|-damage|p2a: Dragapult|88/100\n|-damage|p1a: Rotom|11/100\n|-damage|p1b: Charizard|48/100\n|move|p1a: Rotom|Volt Switch|p2b: Starmie\n|-supereffective|p2b: Starmie|1\n|-damage|p2b: Starmie|0 fnt\n|faint|p2b: Starmie\n|move|p1b: Charizard|Air Slash|p2a: Dragapult\n|-damage|p2a: Dragapult|25/100\n|\n|-weather|SunnyDay|[upkeep]\n|upkeep\n|turn|7\n|inactive|Battle timer is ON: inactive players will automatically lose when time's up. (requested by Sttuarrt)\n|\n|t:|1776437305\n|move|p2a: Dragapult|Dragon Darts|p1b: Charizard\n|-damage|p1b: Charizard|14/100\n|-anim|p2a: Dragapult|Dragon Darts|p1a: Rotom\n|-damage|p1a: Rotom|0 fnt\n|faint|p1a: Rotom\n|move|p1b: Charizard|Air Slash|p2a: Dragapult\n|-damage|p2a: Dragapult|0 fnt\n|faint|p2a: Dragapult\n|\n|win|Sttuarrt\n|raw|Sttuarrt's rating: 1148 &rarr; <strong>1167</strong><br />(+19 for winning)\n|raw|Pethor's rating: 1061 &rarr; <strong>1047</strong><br />(-14 for losing)\n|l|\u2606Pethor\n|player|p2|\n",
  "uploadtime": 1776437318,
  "views": 17,
  "formatid": "gen9championsvgc2026regma",
  "rating": 1047,
  "private": 0,
  "password": null
}