{
  "id": "gen9championsvgc2026regma-2589526041",
  "format": "[Gen 9 Champions] VGC 2026 Reg M-A",
  "players": [
    "SabrinaCarTimburr",
    "Jadenhess"
  ],
  "log": "|j|\u2606SabrinaCarTimburr\n|j|\u2606Jadenhess\n|t:|1776730990\n|gametype|doubles\n|player|p1|SabrinaCarTimburr|sabrina-frlg|1139\n|player|p2|Jadenhess|265|1084\n|gen|9\n|tier|[Gen 9 Champions] VGC 2026 Reg M-A\n|rated|\n|rule|Species Clause: Limit one of each Pok\u00e9mon\n|rule|Item Clause: Limit 1 of each item\n|clearpoke\n|poke|p1|Glimmora, L50, F|\n|poke|p1|Whimsicott, L50, F|\n|poke|p1|Incineroar, L50, F|\n|poke|p1|Aegislash, L50, M|\n|poke|p1|Gyarados, L50, M, shiny|\n|poke|p1|Meganium, L50, F|\n|poke|p2|Meowstic, L50, M|\n|poke|p2|Camerupt, L50, F|\n|poke|p2|Chimecho, L50, F|\n|poke|p2|Sinistcha, L50|\n|poke|p2|Aerodactyl, L50, M|\n|poke|p2|Araquanid, L50, F|\n|teampreview|4\n|inactive|Battle timer is ON: inactive players will automatically lose when time's up. (requested by Jadenhess)\n|inactive|SabrinaCarTimburr also wants the timer to be on.\n|inactive|SabrinaCarTimburr has 60 seconds left.\n|\n|t:|1776731048\n|teamsize|p1|4\n|teamsize|p2|4\n|start\n|switch|p1a: Whimsicott|Whimsicott, L50, F|100/100\n|switch|p1b: Gyarados|Gyarados, L50, M, shiny|100/100\n|switch|p2a: Meowstic|Meowstic, L50, M|100/100\n|switch|p2b: Camerupt|Camerupt, L50, F|100/100\n|-ability|p1b: Gyarados|Intimidate|boost\n|-unboost|p2a: Meowstic|atk|1\n|-unboost|p2b: Camerupt|atk|1\n|turn|1\n|\n|t:|1776731072\n|switch|p2b: Araquanid|Araquanid, L50, F|100/100\n|move|p1a: Whimsicott|Tailwind|p1a: Whimsicott\n|-sidestart|p1: SabrinaCarTimburr|move: Tailwind\n|move|p2a: Meowstic|Reflect|p2a: Meowstic\n|-sidestart|p2: Jadenhess|Reflect\n|move|p1b: Gyarados|Crunch|p2a: Meowstic\n|-supereffective|p2a: Meowstic|1\n|-damage|p2a: Meowstic|61/100\n|-unboost|p2a: Meowstic|def|1\n|\n|upkeep\n|turn|2\n|inactive|SabrinaCarTimburr has 30 seconds left.\n|inactive|SabrinaCarTimburr has 20 seconds left.\n|inactive|SabrinaCarTimburr has 15 seconds left.\n|inactive|SabrinaCarTimburr has 10 seconds left.\n|inactive|SabrinaCarTimburr has 5 seconds left.\n|\n|t:|1776731126\n|switch|p2a: Camerupt|Camerupt, L50, F|100/100\n|move|p1a: Whimsicott|Moonblast|p2b: Araquanid\n|-damage|p2b: Araquanid|75/100\n|move|p1b: Gyarados|Crunch|p2b: Araquanid\n|-damage|p2b: Araquanid|57/100\n|-unboost|p2b: Araquanid|def|1\n|move|p2b: Araquanid|Power Split|p1b: Gyarados\n|-activate|p2b: Araquanid|move: Power Split|[of] p1b: Gyarados\n|\n|upkeep\n|turn|3\n|inactive|SabrinaCarTimburr has 30 seconds left.\n|\n|t:|1776731152\n|detailschange|p2a: Camerupt|Camerupt-Mega, L50, F\n|-mega|p2a: Camerupt|Camerupt|Cameruptite\n|move|p1a: Whimsicott|Encore|p2b: Araquanid\n|-start|p2b: Araquanid|Encore\n|move|p1b: Gyarados|Waterfall|p2a: Camerupt\n|-supereffective|p2a: Camerupt|2\n|-damage|p2a: Camerupt|17/100\n|move|p2b: Araquanid|Power Split|p1a: Whimsicott\n|-activate|p2b: Araquanid|move: Power Split|[of] p1a: Whimsicott\n|cant|p2a: Camerupt|flinch\n|\n|upkeep\n|turn|4\n|\n|t:|1776731168\n|switch|p2b: Sinistcha|Sinistcha, L50|100/100\n|-heal|p2a: Camerupt|42/100|[from] ability: Hospitality|[of] p2b: Sinistcha\n|move|p2a: Camerupt|Protect|p2a: Camerupt\n|-singleturn|p2a: Camerupt|Protect\n|move|p1a: Whimsicott|Moonblast|p2b: Sinistcha\n|-damage|p2b: Sinistcha|74/100\n|move|p1b: Gyarados|Waterfall|p2a: Camerupt\n|-activate|p2a: Camerupt|move: Protect\n|\n|-heal|p2b: Sinistcha|80/100|[from] item: Leftovers\n|-sideend|p1: SabrinaCarTimburr|move: Tailwind\n|upkeep\n|turn|5\n|\n|t:|1776731191\n|switch|p2a: Araquanid|Araquanid, L50, F|57/100\n|move|p1a: Whimsicott|Encore||[still]\n|-fail|p1a: Whimsicott\n|move|p1b: Gyarados|Crunch|p2b: Sinistcha\n|-supereffective|p2b: Sinistcha|1\n|-damage|p2b: Sinistcha|53/100\n|-unboost|p2b: Sinistcha|def|1\n|move|p2b: Sinistcha|Trick Room|p2b: Sinistcha\n|-fieldstart|move: Trick Room|[of] p2b: Sinistcha\n|\n|-heal|p2b: Sinistcha|59/100|[from] item: Leftovers\n|-sideend|p2: Jadenhess|Reflect\n|upkeep\n|turn|6\n|inactive|SabrinaCarTimburr has 30 seconds left.\n|inactive|SabrinaCarTimburr has 20 seconds left.\n|inactive|SabrinaCarTimburr has 15 seconds left.\n|\n|t:|1776731234\n|switch|p2b: Camerupt|Camerupt-Mega, L50, F|42/100\n|switch|p1a: Meganium|Meganium, L50, F|100/100\n|move|p2a: Araquanid|Entrainment|p2b: Camerupt\n|-ability|p2b: Camerupt|Water Absorb|Sheer Force|[from] move: Entrainment|[of] p2a: Araquanid\n|move|p1b: Gyarados|Crunch|p2b: Camerupt\n|-damage|p2b: Camerupt|23/100\n|\n|upkeep\n|turn|7\n|inactive|SabrinaCarTimburr has 30 seconds left.\n|inactive|SabrinaCarTimburr has 20 seconds left.\n|\n|t:|1776731273\n|switch|p2a: Sinistcha|Sinistcha, L50|59/100\n|-heal|p2b: Camerupt|48/100|[from] ability: Hospitality|[of] p2a: Sinistcha\n|detailschange|p1a: Meganium|Meganium-Mega, L50, F\n|-mega|p1a: Meganium|Meganium|Meganiumite\n|move|p2b: Camerupt|Protect|p2b: Camerupt\n|-singleturn|p2b: Camerupt|Protect\n|move|p1a: Meganium|Protect|p1a: Meganium\n|-singleturn|p1a: Meganium|Protect\n|move|p1b: Gyarados|Crunch|p2b: Camerupt\n|-activate|p2b: Camerupt|move: Protect\n|\n|-heal|p2a: Sinistcha|65/100|[from] item: Leftovers\n|upkeep\n|turn|8\n|\n|t:|1776731293\n|move|p2b: Camerupt|Heat Wave|p1b: Gyarados|[spread] p1a,p1b\n|-supereffective|p1a: Meganium|1\n|-resisted|p1b: Gyarados|1\n|-damage|p1a: Meganium|29/100\n|-damage|p1b: Gyarados|84/100\n|move|p2a: Sinistcha|Life Dew|p2a: Sinistcha|[spread] p2a\n|-heal|p2b: Camerupt|73/100|[from] ability: Water Absorb|[of] p2a: Sinistcha\n|-heal|p2a: Sinistcha|90/100\n|move|p1a: Meganium|Weather Ball|p2a: Sinistcha\n|-supereffective|p2a: Sinistcha|1\n|-damage|p2a: Sinistcha|0 fnt\n|faint|p2a: Sinistcha\n|move|p1b: Gyarados|Avalanche|p2b: Camerupt\n|-damage|p2b: Camerupt|44/100\n|\n|upkeep\n|\n|t:|1776731313\n|switch|p2a: Meowstic|Meowstic, L50, M|61/100\n|turn|9\n|\n|t:|1776731331\n|move|p1a: Meganium|Protect|p1a: Meganium\n|-singleturn|p1a: Meganium|Protect\n|move|p2a: Meowstic|Light Screen|p2a: Meowstic\n|-sidestart|p2: Jadenhess|move: Light Screen\n|move|p2b: Camerupt|Rock Slide|p1b: Gyarados|[spread] p1b\n|-activate|p1a: Meganium|move: Protect\n|-supereffective|p1b: Gyarados|1\n|-damage|p1b: Gyarados|52/100\n|move|p1b: Gyarados|Avalanche|p2b: Camerupt\n|-damage|p2b: Camerupt|12/100\n|\n|-fieldend|move: Trick Room\n|upkeep\n|turn|10\n|inactive|SabrinaCarTimburr has 30 seconds left.\n|inactive|Jadenhess has 30 seconds left.\n|\n|t:|1776731361\n|move|p2a: Meowstic|Skill Swap|p1a: Meganium\n|-activate|p2a: Meowstic|Skill Swap|Mega Sol|Prankster|[of] p1a: Meganium\n|move|p1b: Gyarados|Crunch|p2a: Meowstic\n|-supereffective|p2a: Meowstic|1\n|-damage|p2a: Meowstic|17/100\n|-unboost|p2a: Meowstic|def|1\n|move|p1a: Meganium|Solar Beam||[still]\n|-prepare|p1a: Meganium|Solar Beam\n|move|p2b: Camerupt|Rock Slide|p1a: Meganium|[spread] p1a,p1b\n|-supereffective|p1b: Gyarados|1\n|-damage|p1a: Meganium|17/100\n|-damage|p1b: Gyarados|22/100\n|\n|upkeep\n|turn|11\n|\n|t:|1776731383\n|move|p2b: Camerupt|Protect|p2b: Camerupt\n|-singleturn|p2b: Camerupt|Protect\n|move|p2a: Meowstic|Reflect|p2a: Meowstic\n|-sidestart|p2: Jadenhess|Reflect\n|move|p1a: Meganium|Solar Beam|p2b: Camerupt|[from] lockedmove\n|-activate|p2b: Camerupt|move: Protect\n|move|p1b: Gyarados|Crunch|p2a: Meowstic\n|-supereffective|p2a: Meowstic|1\n|-damage|p2a: Meowstic|0 fnt\n|faint|p2a: Meowstic\n|\n|upkeep\n|\n|t:|1776731392\n|switch|p2a: Araquanid|Araquanid, L50, F|57/100\n|turn|12\n|\n|t:|1776731409\n|move|p1a: Meganium|Dazzling Gleam|p2b: Camerupt|[spread] p2a,p2b\n|-resisted|p2b: Camerupt|1\n|-damage|p2a: Araquanid|39/100\n|-damage|p2b: Camerupt|2/100\n|-enditem|p2a: Araquanid|Sitrus Berry|[eat]\n|-heal|p2a: Araquanid|64/100|[from] item: Sitrus Berry\n|move|p1b: Gyarados|Crunch|p2b: Camerupt\n|-damage|p2b: Camerupt|0 fnt\n|faint|p2b: Camerupt\n|move|p2a: Araquanid|Liquidation|p2: Camerupt|[notarget]\n|-fail|p2a: Araquanid\n|\n|upkeep\n|turn|13\n|-message|Jadenhess forfeited.\n|\n|win|SabrinaCarTimburr\n|raw|SabrinaCarTimburr's rating: 1139 &rarr; <strong>1160</strong><br />(+21 for winning)\n|raw|Jadenhess's rating: 1084 &rarr; <strong>1065</strong><br />(-19 for losing)\n|l|\u2606Jadenhess\n|player|p2|\n",
  "uploadtime": 1776731605,
  "views": 4,
  "formatid": "gen9championsvgc2026regma",
  "rating": 1065,
  "private": 0,
  "password": null
}