{
  "id": "gen9championsvgc2026regma-2585053114",
  "format": "[Gen 9 Champions] VGC 2026 Reg M-A",
  "players": [
    "godfocker",
    "foxgirlmoony"
  ],
  "log": "|j|\u2606godfocker\n|j|\u2606foxgirlmoony\n|t:|1776307055\n|gametype|doubles\n|player|p1|godfocker|1|1334\n|player|p2|foxgirlmoony|rocketgruntf|1321\n|gen|9\n|tier|[Gen 9 Champions] VGC 2026 Reg M-A\n|rated|\n|rule|Species Clause: Limit one of each Pok\u00e9mon\n|rule|Item Clause: Limit 1 of each item\n|clearpoke\n|poke|p1|Glimmora, L50, M|\n|poke|p1|Tyranitar, L50, M|\n|poke|p1|Rotom-Wash, L50|\n|poke|p1|Incineroar, L50, F|\n|poke|p1|Corviknight, L50, F|\n|poke|p1|Sinistcha, L50|\n|poke|p2|Gengar, L50, M|\n|poke|p2|Incineroar, L50, F|\n|poke|p2|Sinistcha, L50|\n|poke|p2|Floette-Eternal, L50, F|\n|poke|p2|Politoed, L50, M|\n|poke|p2|Basculegion-F, L50, F|\n|teampreview|4\n|inactive|Battle timer is ON: inactive players will automatically lose when time's up. (requested by foxgirlmoony)\n|inactive|godfocker has 60 seconds left.\n|inactive|foxgirlmoony has 60 seconds left.\n|inactive|godfocker has 30 seconds left.\n|\n|t:|1776307125\n|teamsize|p1|4\n|teamsize|p2|4\n|start\n|switch|p1a: Glimmora|Glimmora, L50, M|100/100\n|switch|p1b: Rotom|Rotom-Wash, L50|100/100\n|switch|p2a: Gengar|Gengar, L50, M|100/100\n|switch|p2b: Incineroar|Incineroar, L50, F|100/100\n|-ability|p2b: Incineroar|Intimidate|boost\n|-unboost|p1a: Glimmora|atk|1\n|-unboost|p1b: Rotom|atk|1\n|turn|1\n|\n|t:|1776307136\n|switch|p1b: Tyranitar|Tyranitar, L50, M|100/100\n|-weather|Sandstorm|[from] ability: Sand Stream|[of] p1b: Tyranitar\n|detailschange|p2a: Gengar|Gengar-Mega, L50, M\n|-mega|p2a: Gengar|Gengar|Gengarite\n|detailschange|p1a: Glimmora|Glimmora-Mega, L50, M\n|-mega|p1a: Glimmora|Glimmora|Glimmoranite\n|move|p1a: Glimmora|Protect|p1a: Glimmora\n|-singleturn|p1a: Glimmora|Protect\n|move|p2b: Incineroar|Protect|p2b: Incineroar\n|-singleturn|p2b: Incineroar|Protect\n|move|p2a: Gengar|Perish Song|p2a: Gengar\n|-start|p1a: Glimmora|perish3|[silent]\n|-start|p1b: Tyranitar|perish3|[silent]\n|-start|p2a: Gengar|perish3|[silent]\n|-start|p2b: Incineroar|perish3|[silent]\n|-fieldactivate|move: Perish Song\n|\n|-weather|Sandstorm|[upkeep]\n|-damage|p2a: Gengar|95/100|[from] Sandstorm\n|-damage|p2b: Incineroar|95/100|[from] Sandstorm\n|-start|p2a: Gengar|perish3\n|-start|p1a: Glimmora|perish3\n|-start|p1b: Tyranitar|perish3\n|-start|p2b: Incineroar|perish3\n|upkeep\n|turn|2\n|inactive|foxgirlmoony has 30 seconds left.\n|\n|t:|1776307162\n|move|p2a: Gengar|Protect|p2a: Gengar\n|-singleturn|p2a: Gengar|Protect\n|move|p1a: Glimmora|Power Gem|p2b: Incineroar\n|-supereffective|p2b: Incineroar|1\n|-damage|p2b: Incineroar|15/100\n|-enditem|p2b: Incineroar|Sitrus Berry|[eat]\n|-heal|p2b: Incineroar|40/100|[from] item: Sitrus Berry\n|move|p1b: Tyranitar|Knock Off|p2a: Gengar\n|-activate|p2a: Gengar|move: Protect\n|move|p2b: Incineroar|Close Combat|p1b: Tyranitar\n|-supereffective|p1b: Tyranitar|2\n|-damage|p1b: Tyranitar|10/100\n|-unboost|p2b: Incineroar|def|1\n|-unboost|p2b: Incineroar|spd|1\n|\n|-weather|Sandstorm|[upkeep]\n|-damage|p2a: Gengar|89/100|[from] Sandstorm\n|-damage|p2b: Incineroar|34/100|[from] Sandstorm\n|-start|p2a: Gengar|perish2\n|-start|p1a: Glimmora|perish2\n|-start|p1b: Tyranitar|perish2\n|-start|p2b: Incineroar|perish2\n|upkeep\n|turn|3\n|\n|t:|1776307185\n|switch|p2a: Politoed|Politoed, L50, M|100/100\n|-weather|RainDance|[from] ability: Drizzle|[of] p2a: Politoed\n|move|p1a: Glimmora|Earth Power|p2a: Politoed\n|-crit|p2a: Politoed\n|-damage|p2a: Politoed|51/100\n|move|p1b: Tyranitar|Rock Slide|p2b: Incineroar|[spread] p2b\n|-miss|p1b: Tyranitar|p2a: Politoed\n|-supereffective|p2b: Incineroar|1\n|-damage|p2b: Incineroar|0 fnt\n|faint|p2b: Incineroar\n|\n|-weather|RainDance|[upkeep]\n|-start|p1a: Glimmora|perish1\n|-start|p1b: Tyranitar|perish1\n|upkeep\n|\n|t:|1776307198\n|switch|p2b: Gengar|Gengar-Mega, L50, M|89/100\n|turn|4\n|\n|t:|1776307206\n|move|p2b: Gengar|Protect|p2b: Gengar\n|-singleturn|p2b: Gengar|Protect\n|move|p2a: Politoed|Protect|p2a: Politoed\n|-singleturn|p2a: Politoed|Protect\n|move|p1a: Glimmora|Earth Power|p2b: Gengar\n|-activate|p2b: Gengar|move: Protect\n|move|p1b: Tyranitar|Rock Slide|p2b: Gengar|[spread] \n|-activate|p2a: Politoed|move: Protect\n|-activate|p2b: Gengar|move: Protect\n|\n|-weather|RainDance|[upkeep]\n|-start|p1a: Glimmora|perish0\n|-start|p1b: Tyranitar|perish0\n|faint|p1a: Glimmora\n|faint|p1b: Tyranitar\n|upkeep\n|\n|t:|1776307208\n|switch|p1a: Rotom|Rotom-Wash, L50|100/100\n|switch|p1b: Sinistcha|Sinistcha, L50|100/100\n|turn|5\n|\n|t:|1776307232\n|move|p2b: Gengar|Protect||[still]\n|-fail|p2b: Gengar\n|move|p1b: Sinistcha|Protect|p1b: Sinistcha\n|-singleturn|p1b: Sinistcha|Protect\n|move|p1a: Rotom|Thunderbolt|p2b: Gengar\n|-damage|p2b: Gengar|45/100\n|move|p2a: Politoed|Perish Song|p2a: Politoed\n|-start|p1a: Rotom|perish3|[silent]\n|-start|p1b: Sinistcha|perish3|[silent]\n|-start|p2a: Politoed|perish3|[silent]\n|-start|p2b: Gengar|perish3|[silent]\n|-fieldactivate|move: Perish Song\n|\n|-weather|RainDance|[upkeep]\n|-start|p1a: Rotom|perish3\n|-start|p2b: Gengar|perish3\n|-start|p1b: Sinistcha|perish3\n|-start|p2a: Politoed|perish3\n|upkeep\n|turn|6\n|\n|t:|1776307252\n|move|p2b: Gengar|Protect|p2b: Gengar\n|-singleturn|p2b: Gengar|Protect\n|move|p2a: Politoed|Protect|p2a: Politoed\n|-singleturn|p2a: Politoed|Protect\n|move|p1a: Rotom|Thunderbolt|p2a: Politoed\n|-activate|p2a: Politoed|move: Protect\n|move|p1b: Sinistcha|Matcha Gotcha|p2a: Politoed|[spread] \n|-activate|p2a: Politoed|move: Protect\n|-activate|p2b: Gengar|move: Protect\n|\n|-weather|RainDance|[upkeep]\n|-start|p1a: Rotom|perish2\n|-start|p2b: Gengar|perish2\n|-start|p1b: Sinistcha|perish2\n|-start|p2a: Politoed|perish2\n|upkeep\n|turn|7\n|\n|t:|1776307276\n|switch|p2a: Basculegion|Basculegion-F, L50, F|100/100\n|move|p1a: Rotom|Thunderbolt|p2b: Gengar\n|-damage|p2b: Gengar|0 fnt\n|faint|p2b: Gengar\n|move|p1b: Sinistcha|Matcha Gotcha|p2a: Basculegion\n|-supereffective|p2a: Basculegion|1\n|-damage|p2a: Basculegion|27/100\n|\n|-weather|none\n|-start|p1a: Rotom|perish1\n|-start|p1b: Sinistcha|perish1\n|upkeep\n|\n|t:|1776307286\n|switch|p2b: Politoed|Politoed, L50, M|51/100\n|-weather|RainDance|[from] ability: Drizzle|[of] p2b: Politoed\n|turn|8\n|\n|t:|1776307291\n|move|p2a: Basculegion|Protect|p2a: Basculegion\n|-singleturn|p2a: Basculegion|Protect\n|move|p2b: Politoed|Protect|p2b: Politoed\n|-singleturn|p2b: Politoed|Protect\n|move|p1a: Rotom|Thunderbolt|p2b: Politoed\n|-activate|p2b: Politoed|move: Protect\n|move|p1b: Sinistcha|Matcha Gotcha|p2b: Politoed|[spread] \n|-activate|p2a: Basculegion|move: Protect\n|-activate|p2b: Politoed|move: Protect\n|\n|-weather|RainDance|[upkeep]\n|-start|p1a: Rotom|perish0\n|-start|p1b: Sinistcha|perish0\n|faint|p1a: Rotom\n|faint|p1b: Sinistcha\n|\n|win|foxgirlmoony\n|raw|godfocker's rating: 1334 &rarr; <strong>1313</strong><br />(-21 for losing)\n|raw|foxgirlmoony's rating: 1321 &rarr; <strong>1342</strong><br />(+21 for winning)\n",
  "uploadtime": 1776307303,
  "views": 30,
  "formatid": "gen9championsvgc2026regma",
  "rating": 1313,
  "private": 0,
  "password": null
}