{
  "id": "gen9championsvgc2026regma-2587641933",
  "format": "[Gen 9 Champions] VGC 2026 Reg M-A",
  "players": [
    "guorongjia",
    "Boredrake2"
  ],
  "log": "|j|\u2606guorongjia\n|j|\u2606Boredrake2\n|t:|1776549636\n|gametype|doubles\n|player|p1|guorongjia|miku-water|1449\n|player|p2|Boredrake2|steven|1547\n|gen|9\n|tier|[Gen 9 Champions] VGC 2026 Reg M-A\n|rated|\n|rule|Species Clause: Limit one of each Pok\u00e9mon\n|rule|Item Clause: Limit 1 of each item\n|clearpoke\n|poke|p1|Gengar, L50, F, shiny|\n|poke|p1|Basculegion, L50, M, shiny|\n|poke|p1|Sneasler, L50, F, shiny|\n|poke|p1|Pelipper, L50, F, shiny|\n|poke|p1|Kingambit, L50, M, shiny|\n|poke|p1|Archaludon, L50, M, shiny|\n|poke|p2|Milotic, L50, M|\n|poke|p2|Farigiraf, L50, F|\n|poke|p2|Altaria, L50, M|\n|poke|p2|Volcarona, L50, M|\n|poke|p2|Aegislash, L50, M|\n|poke|p2|Garchomp, L50, M|\n|teampreview|4\n|inactive|Battle timer is ON: inactive players will automatically lose when time's up. (requested by guorongjia)\n|inactive|Boredrake2 also wants the timer to be on.\n|\n|t:|1776549654\n|teamsize|p1|4\n|teamsize|p2|4\n|start\n|switch|p1a: Pelipper|Pelipper, L50, F, shiny|100/100\n|switch|p1b: Archaludon|Archaludon, L50, M, shiny|100/100\n|switch|p2a: Aegislash|Aegislash, L50, M|100/100\n|switch|p2b: Volcarona|Volcarona, L50, M|100/100\n|-weather|RainDance|[from] ability: Drizzle|[of] p1a: Pelipper\n|turn|1\n|\n|t:|1776549670\n|move|p2b: Volcarona|Protect|p2b: Volcarona\n|-singleturn|p2b: Volcarona|Protect\n|move|p1a: Pelipper|Tailwind|p1a: Pelipper\n|-sidestart|p1: guorongjia|move: Tailwind\n|move|p1b: Archaludon|Electro Shot||[still]\n|-prepare|p1b: Archaludon|Electro Shot\n|-boost|p1b: Archaludon|spa|1\n|-anim|p1b: Archaludon|Electro Shot|p2a: Aegislash\n|-damage|p2a: Aegislash|39/100\n|-formechange|p2a: Aegislash|Aegislash-Blade|\n|move|p2a: Aegislash|Sacred Sword|p1b: Archaludon\n|-supereffective|p1b: Archaludon|1\n|-crit|p1b: Archaludon\n|-enditem|p1b: Archaludon|Chople Berry|[eat]\n|-enditem|p1b: Archaludon|Chople Berry|[weaken]\n|-damage|p1b: Archaludon|57/100\n|-ability|p1b: Archaludon|Stamina|boost\n|-boost|p1b: Archaludon|def|1\n|\n|-weather|RainDance|[upkeep]\n|-heal|p2a: Aegislash|45/100|[from] item: Leftovers\n|upkeep\n|turn|2\n|j| direc_t10n\n|\n|t:|1776549692\n|switch|p2a: Altaria|Altaria, L50, M|100/100\n|-ability|p2a: Altaria|Cloud Nine\n|move|p1a: Pelipper|Weather Ball|p2b: Volcarona\n|-damage|p2b: Volcarona|85/100\n|move|p1b: Archaludon|Electro Shot||[still]\n|-prepare|p1b: Archaludon|Electro Shot\n|-boost|p1b: Archaludon|spa|1\n|move|p2b: Volcarona|Struggle Bug|p1b: Archaludon|[spread] p1a,p1b\n|-resisted|p1a: Pelipper|1\n|-resisted|p1b: Archaludon|1\n|-damage|p1a: Pelipper|83/100\n|-damage|p1b: Archaludon|45/100\n|-unboost|p1a: Pelipper|spa|1\n|-unboost|p1b: Archaludon|spa|1\n|-ability|p1b: Archaludon|Stamina|boost\n|-boost|p1b: Archaludon|def|1\n|\n|-weather|RainDance|[upkeep]\n|upkeep\n|turn|3\n|c| direc_t10n|Goatcarona \ud83d\uddff\n|inactive|Boredrake2 has 30 seconds left.\n|c|\u2606Boredrake2|indeed\n|inactive|Boredrake2 has 20 seconds left.\n|\n|t:|1776549727\n|move|p2a: Altaria|Protect|p2a: Altaria\n|-singleturn|p2a: Altaria|Protect\n|move|p1a: Pelipper|Weather Ball|p2b: Volcarona\n|-crit|p2b: Volcarona\n|-damage|p2b: Volcarona|57/100\n|move|p1b: Archaludon|Electro Shot|p2a: Altaria|[from] lockedmove\n|-activate|p2a: Altaria|move: Protect\n|move|p2b: Volcarona|Flamethrower|p1b: Archaludon\n|-damage|p1b: Archaludon|0 fnt\n|faint|p1b: Archaludon\n|\n|-weather|RainDance|[upkeep]\n|upkeep\n|\n|t:|1776549733\n|switch|p1b: Gengar|Gengar, L50, F, shiny|100/100\n|turn|4\n|\n|t:|1776549749\n|detailschange|p1b: Gengar|Gengar-Mega, L50, F, shiny\n|-mega|p1b: Gengar|Gengar|Gengarite\n|move|p1b: Gengar|Icy Wind|p2b: Volcarona|[spread] p2a,p2b\n|-supereffective|p2a: Altaria|2\n|-resisted|p2b: Volcarona|1\n|-damage|p2a: Altaria|40/100\n|-damage|p2b: Volcarona|49/100\n|-unboost|p2a: Altaria|spe|1\n|-unboost|p2b: Volcarona|spe|1\n|move|p1a: Pelipper|Hurricane|p2b: Volcarona\n|-supereffective|p2b: Volcarona|1\n|-damage|p2b: Volcarona|0 fnt\n|faint|p2b: Volcarona\n|move|p2a: Altaria|Tailwind|p2a: Altaria\n|-sidestart|p2: Boredrake2|move: Tailwind\n|\n|-weather|RainDance|[upkeep]\n|-sideend|p1: guorongjia|move: Tailwind\n|upkeep\n|\n|t:|1776549764\n|switch|p2b: Garchomp|Garchomp, L50, M|100/100\n|turn|5\n|\n|t:|1776549773\n|move|p1b: Gengar|Protect|p1b: Gengar\n|-singleturn|p1b: Gengar|Protect\n|move|p2a: Altaria|Protect|p2a: Altaria\n|-singleturn|p2a: Altaria|Protect\n|move|p2b: Garchomp|Earthquake|p1b: Gengar|[spread] \n|-activate|p2a: Altaria|move: Protect\n|-activate|p1b: Gengar|move: Protect\n|-immune|p1a: Pelipper\n|move|p1a: Pelipper|Tailwind|p1a: Pelipper\n|-sidestart|p1: guorongjia|move: Tailwind\n|\n|-weather|none\n|upkeep\n|turn|6\n|l| direc_t10n\n|inactive|Boredrake2 has 30 seconds left.\n|\n|t:|1776549800\n|detailschange|p2a: Altaria|Altaria-Mega, L50, M\n|-mega|p2a: Altaria|Altaria|Altarianite\n|move|p1b: Gengar|Icy Wind|p2a: Altaria|[spread] p2a,p2b\n|-supereffective|p2a: Altaria|1\n|-supereffective|p2b: Garchomp|2\n|-enditem|p2b: Garchomp|Yache Berry|[eat]\n|-enditem|p2b: Garchomp|Yache Berry|[weaken]\n|-damage|p2a: Altaria|10/100\n|-damage|p2b: Garchomp|62/100\n|-unboost|p2a: Altaria|spe|1\n|-unboost|p2b: Garchomp|spe|1\n|move|p1a: Pelipper|Weather Ball|p2b: Garchomp\n|-damage|p2b: Garchomp|49/100\n|move|p2b: Garchomp|Earthquake|p1a: Pelipper|[spread] p2a,p1b\n|-immune|p1a: Pelipper\n|-supereffective|p1b: Gengar|1\n|-damage|p2a: Altaria|0 fnt\n|-damage|p1b: Gengar|0 fnt\n|faint|p2a: Altaria\n|faint|p1b: Gengar\n|\n|upkeep\n|\n|t:|1776549817\n|switch|p1b: Kingambit|Kingambit, L50, M, shiny|100/100\n|switch|p2a: Aegislash|Aegislash, L50, M|45/100\n|turn|7\n|j| direc_t10n\n|inactive|Boredrake2 has 30 seconds left.\n|inactive|Boredrake2 has 20 seconds left.\n|\n|t:|1776549852\n|move|p1a: Pelipper|Protect|p1a: Pelipper\n|-singleturn|p1a: Pelipper|Protect\n|move|p1b: Kingambit|Protect|p1b: Kingambit\n|-singleturn|p1b: Kingambit|Protect\n|move|p2b: Garchomp|Earthquake|p1a: Pelipper|[spread] p2a\n|-activate|p1a: Pelipper|move: Protect\n|-activate|p1b: Kingambit|move: Protect\n|-supereffective|p2a: Aegislash|1\n|-damage|p2a: Aegislash|0 fnt\n|faint|p2a: Aegislash\n|\n|-sideend|p2: Boredrake2|move: Tailwind\n|upkeep\n|turn|8\n|\n|t:|1776549865\n|move|p1a: Pelipper|Hurricane|p2b: Garchomp\n|-damage|p2b: Garchomp|10/100\n|-start|p2b: Garchomp|confusion\n|move|p1b: Kingambit|Kowtow Cleave|p2b: Garchomp\n|-damage|p2b: Garchomp|0 fnt\n|-damage|p1b: Kingambit|88/100|[from] ability: Rough Skin|[of] p2b: Garchomp\n|faint|p2b: Garchomp\n|\n|win|guorongjia\n|raw|guorongjia's rating: 1449 &rarr; <strong>1474</strong><br />(+25 for winning)\n|raw|Boredrake2's rating: 1547 &rarr; <strong>1522</strong><br />(-25 for losing)\n|l| direc_t10n\n|l|\u2606guorongjia\n|player|p1|\n|l|\u2606Boredrake2\n|player|p2|\n",
  "uploadtime": 1776549930,
  "views": 19,
  "formatid": "gen9championsvgc2026regma",
  "rating": 1474,
  "private": 0,
  "password": null
}