{
  "id": "gen9championsvgc2026regma-2581401835",
  "format": "[Gen 9 Champions] VGC 2026 Reg M-A",
  "players": [
    "ballafjong",
    "zac1212121"
  ],
  "log": "|j|\u2606ballafjong\n|j|\u2606zac1212121\n|t:|1775996622\n|gametype|doubles\n|player|p1|ballafjong|170|1072\n|player|p2|zac1212121|2|1054\n|gen|9\n|tier|[Gen 9 Champions] VGC 2026 Reg M-A\n|rated|\n|rule|Species Clause: Limit one of each Pok\u00e9mon\n|rule|Item Clause: Limit 1 of each item\n|clearpoke\n|poke|p1|Aggron, L50, M|\n|poke|p1|Chandelure, L50, F|\n|poke|p1|Torkoal, L50, M|\n|poke|p1|Farigiraf, L50, M|\n|poke|p1|Incineroar, L50, M|\n|poke|p1|Clefable, L50, M|\n|poke|p2|Goodra-Hisui, L50, M|\n|poke|p2|Sinistcha, L50|\n|poke|p2|Oranguru, L50, F|\n|poke|p2|Glimmora, L50, F|\n|poke|p2|Sylveon, L50, M|\n|poke|p2|Incineroar, L50, F|\n|teampreview|4\n|\n|t:|1775996642\n|teamsize|p1|4\n|teamsize|p2|4\n|start\n|switch|p1a: Incineroar|Incineroar, L50, M|100/100\n|switch|p1b: Farigiraf|Farigiraf, L50, M|100/100\n|switch|p2a: Goodra|Goodra-Hisui, L50, M|100/100\n|switch|p2b: Oranguru|Oranguru, L50, F|100/100\n|-ability|p1a: Incineroar|Intimidate|boost\n|-unboost|p2a: Goodra|atk|1\n|-fail|p2b: Oranguru|unboost|Attack|[from] ability: Inner Focus|[of] p2b: Oranguru\n|turn|1\n|inactive|Battle timer is ON: inactive players will automatically lose when time's up. (requested by ballafjong)\n|\n|t:|1775996670\n|move|p1a: Incineroar|Fake Out|p2a: Goodra\n|-resisted|p2a: Goodra|1\n|-damage|p2a: Goodra|93/100\n|cant|p2a: Goodra|flinch\n|move|p2b: Oranguru|Reflect|p2b: Oranguru\n|-sidestart|p2: zac1212121|Reflect\n|move|p1b: Farigiraf|Trick Room|p1b: Farigiraf\n|-fieldstart|move: Trick Room|[of] p1b: Farigiraf\n|\n|-heal|p2a: Goodra|99/100|[from] item: Leftovers\n|upkeep\n|turn|2\n|\n|t:|1775996685\n|move|p2b: Oranguru|Light Screen|p2b: Oranguru\n|-sidestart|p2: zac1212121|move: Light Screen\n|move|p1a: Incineroar|Darkest Lariat|p2b: Oranguru\n|-supereffective|p2b: Oranguru|1\n|-damage|p2b: Oranguru|46/100\n|move|p2a: Goodra|Shelter|p2a: Goodra\n|-boost|p2a: Goodra|def|2\n|move|p1b: Farigiraf|Hyper Voice|p2b: Oranguru|[spread] p2a,p2b\n|-resisted|p2a: Goodra|1\n|-damage|p2a: Goodra|92/100\n|-damage|p2b: Oranguru|33/100\n|\n|-heal|p2a: Goodra|98/100|[from] item: Leftovers\n|upkeep\n|turn|3\n|inactive|zac1212121 has 30 seconds left.\n|\n|t:|1775996713\n|switch|p2b: Glimmora|Glimmora, L50, F|100/100\n|switch|p1b: Torkoal|Torkoal, L50, M|100/100\n|-weather|SunnyDay|[from] ability: Drought|[of] p1b: Torkoal\n|move|p2a: Goodra|Body Press|p1a: Incineroar\n|-supereffective|p1a: Incineroar|1\n|-damage|p1a: Incineroar|36/100\n|-enditem|p1a: Incineroar|Sitrus Berry|[eat]\n|-heal|p1a: Incineroar|60/100|[from] item: Sitrus Berry\n|move|p1a: Incineroar|Darkest Lariat|p2b: Glimmora\n|-damage|p2b: Glimmora|75/100\n|-activate|p2b: Glimmora|ability: Toxic Debris\n|-sidestart|p1: ballafjong|move: Toxic Spikes\n|\n|-weather|SunnyDay|[upkeep]\n|-heal|p2a: Goodra|100/100|[from] item: Leftovers\n|upkeep\n|turn|4\n|inactive|zac1212121 has 30 seconds left.\n|\n|t:|1775996744\n|detailschange|p2b: Glimmora|Glimmora-Mega, L50, F\n|-mega|p2b: Glimmora|Glimmora|Glimmoranite\n|move|p1b: Torkoal|Protect|p1b: Torkoal\n|-singleturn|p1b: Torkoal|Protect\n|move|p1a: Incineroar|Parting Shot|p2b: Glimmora\n|-unboost|p2b: Glimmora|atk|1\n|-unboost|p2b: Glimmora|spa|1\n|\n|t:|1775996750\n|switch|p1a: Aggron|Aggron, L50, M|100/100|[from] Parting Shot\n|move|p2a: Goodra|Shelter|p2a: Goodra\n|-boost|p2a: Goodra|def|2\n|move|p2b: Glimmora|Power Gem|p1a: Aggron\n|-resisted|p1a: Aggron|1\n|-damage|p1a: Aggron|70/100\n|\n|-weather|SunnyDay|[upkeep]\n|upkeep\n|turn|5\n|inactive|zac1212121 has 30 seconds left.\n|\n|t:|1775996779\n|detailschange|p1a: Aggron|Aggron-Mega, L50, M\n|-mega|p1a: Aggron|Aggron|Aggronite\n|move|p1b: Torkoal|Eruption|p2b: Glimmora|[spread] p2a,p2b\n|-resisted|p2b: Glimmora|1\n|-damage|p2a: Goodra|59/100\n|-damage|p2b: Glimmora|41/100\n|move|p1a: Aggron|Iron Defense|p1a: Aggron\n|-boost|p1a: Aggron|def|2\n|move|p2a: Goodra|Body Press|p1a: Aggron\n|-supereffective|p1a: Aggron|1\n|-damage|p1a: Aggron|51/100\n|move|p2b: Glimmora|Earth Power|p1a: Aggron\n|-supereffective|p1a: Aggron|1\n|-damage|p1a: Aggron|12/100\n|\n|-weather|SunnyDay|[upkeep]\n|-heal|p2a: Goodra|64/100|[from] item: Leftovers\n|-sideend|p2: zac1212121|Reflect\n|-fieldend|move: Trick Room\n|upkeep\n|turn|6\n|\n|t:|1775996800\n|move|p1b: Torkoal|Protect|p1b: Torkoal\n|-singleturn|p1b: Torkoal|Protect\n|move|p2b: Glimmora|Earth Power|p1b: Torkoal\n|-activate|p1b: Torkoal|move: Protect\n|move|p2a: Goodra|Body Press|p1a: Aggron\n|-supereffective|p1a: Aggron|1\n|-damage|p1a: Aggron|0 fnt\n|faint|p1a: Aggron\n|\n|-weather|SunnyDay|[upkeep]\n|-heal|p2a: Goodra|70/100|[from] item: Leftovers\n|-sideend|p2: zac1212121|move: Light Screen\n|upkeep\n|\n|t:|1775996812\n|switch|p1a: Incineroar|Incineroar, L50, M|60/100\n|-status|p1a: Incineroar|psn\n|-ability|p1a: Incineroar|Intimidate|boost\n|-unboost|p2a: Goodra|atk|1\n|-unboost|p2b: Glimmora|atk|1\n|turn|7\n|inactive|zac1212121 has 30 seconds left.\n|\n|t:|1775996846\n|switch|p2b: Oranguru|Oranguru, L50, F|33/100\n|move|p1a: Incineroar|Fake Out|p2b: Oranguru\n|-damage|p2b: Oranguru|22/100\n|move|p2a: Goodra|Shelter|p2a: Goodra\n|-boost|p2a: Goodra|def|2\n|move|p1b: Torkoal|Eruption|p2a: Goodra|[spread] p2a,p2b\n|-damage|p2a: Goodra|15/100\n|-damage|p2b: Oranguru|0 fnt\n|faint|p2b: Oranguru\n|\n|-weather|none\n|-heal|p2a: Goodra|21/100|[from] item: Leftovers\n|-damage|p1a: Incineroar|48/100 psn|[from] psn\n|upkeep\n|\n|t:|1775996849\n|switch|p2b: Incineroar|Incineroar, L50, F|100/100\n|-ability|p2b: Incineroar|Intimidate|boost\n|-unboost|p1a: Incineroar|atk|1\n|-unboost|p1b: Torkoal|atk|1\n|turn|8\n|\n|t:|1775996862\n|switch|p1a: Farigiraf|Farigiraf, L50, M|100/100\n|-status|p1a: Farigiraf|psn\n|move|p2a: Goodra|Body Press|p1a: Farigiraf\n|-damage|p1a: Farigiraf|26/100 psn\n|move|p2b: Incineroar|Parting Shot|p1b: Torkoal\n|-unboost|p1b: Torkoal|atk|1\n|-unboost|p1b: Torkoal|spa|1\n|\n|t:|1775996871\n|switch|p2b: Glimmora|Glimmora-Mega, L50, F|41/100|[from] Parting Shot\n|move|p1b: Torkoal|Eruption|p2a: Goodra|[spread] p2a,p2b\n|-resisted|p2b: Glimmora|1\n|-damage|p2a: Goodra|0 fnt\n|-damage|p2b: Glimmora|19/100\n|faint|p2a: Goodra\n|\n|-damage|p1a: Farigiraf|13/100 psn|[from] psn\n|upkeep\n|\n|t:|1775996880\n|switch|p2a: Incineroar|Incineroar, L50, F|100/100\n|-ability|p2a: Incineroar|Intimidate|boost\n|-unboost|p1a: Farigiraf|atk|1\n|-unboost|p1b: Torkoal|atk|1\n|turn|9\n|\n|t:|1775996891\n|move|p1b: Torkoal|Protect|p1b: Torkoal\n|-singleturn|p1b: Torkoal|Protect\n|move|p2b: Glimmora|Earth Power|p1b: Torkoal\n|-activate|p1b: Torkoal|move: Protect\n|move|p1a: Farigiraf|Hyper Voice|p2b: Glimmora|[spread] p2a,p2b\n|-resisted|p2b: Glimmora|1\n|-damage|p2a: Incineroar|66/100\n|-damage|p2b: Glimmora|2/100\n|move|p2a: Incineroar|Darkest Lariat|p1a: Farigiraf\n|-supereffective|p1a: Farigiraf|1\n|-enditem|p1a: Farigiraf|Colbur Berry|[eat]\n|-enditem|p1a: Farigiraf|Colbur Berry|[weaken]\n|-damage|p1a: Farigiraf|0 fnt\n|faint|p1a: Farigiraf\n|\n|upkeep\n|\n|t:|1775996896\n|switch|p1a: Incineroar|Incineroar, L50, M|48/100 psn\n|-ability|p1a: Incineroar|Intimidate|boost\n|-unboost|p2a: Incineroar|atk|1\n|-unboost|p2b: Glimmora|atk|1\n|turn|10\n|\n|t:|1775996914\n|move|p2b: Glimmora|Protect|p2b: Glimmora\n|-singleturn|p2b: Glimmora|Protect\n|move|p2a: Incineroar|Protect|p2a: Incineroar\n|-singleturn|p2a: Incineroar|Protect\n|move|p1a: Incineroar|Fake Out|p2b: Glimmora\n|-activate|p2b: Glimmora|move: Protect\n|move|p1b: Torkoal|Earth Power|p2a: Incineroar\n|-activate|p2a: Incineroar|move: Protect\n|\n|-damage|p1a: Incineroar|36/100 psn|[from] psn\n|upkeep\n|turn|11\n|\n|t:|1775996937\n|move|p1b: Torkoal|Protect|p1b: Torkoal\n|-singleturn|p1b: Torkoal|Protect\n|move|p2b: Glimmora|Earth Power|p1b: Torkoal\n|-activate|p1b: Torkoal|move: Protect\n|move|p1a: Incineroar|Darkest Lariat|p2b: Glimmora\n|-damage|p2b: Glimmora|0 fnt\n|faint|p2b: Glimmora\n|move|p2a: Incineroar|Darkest Lariat|p1b: Torkoal\n|-activate|p1b: Torkoal|move: Protect\n|\n|-damage|p1a: Incineroar|24/100 psn|[from] psn\n|upkeep\n|turn|12\n|-message|zac1212121 forfeited.\n|\n|win|ballafjong\n|raw|ballafjong's rating: 1072 &rarr; <strong>1100</strong><br />(+28 for winning)\n|raw|zac1212121's rating: 1054 &rarr; <strong>1037</strong><br />(-17 for losing)\n|l|\u2606zac1212121\n|player|p2|\n",
  "uploadtime": 1775996947,
  "views": 19,
  "formatid": "gen9championsvgc2026regma",
  "rating": 1037,
  "private": 0,
  "password": null
}