{
  "id": "gen9championsvgc2026regma-2587594823",
  "format": "[Gen 9 Champions] VGC 2026 Reg M-A",
  "players": [
    "HawaiiCookieCo",
    "tricky mac"
  ],
  "log": "|j|\u2606HawaiiCookieCo\n|j|\u2606tricky mac\n|t:|1776545359\n|gametype|doubles\n|player|p1|HawaiiCookieCo|swimmer-gen4dp|1190\n|player|p2|tricky mac|1|1248\n|gen|9\n|tier|[Gen 9 Champions] VGC 2026 Reg M-A\n|rated|\n|rule|Species Clause: Limit one of each Pok\u00e9mon\n|rule|Item Clause: Limit 1 of each item\n|clearpoke\n|poke|p1|Delphox, L50, M|\n|poke|p1|Maushold, L50|\n|poke|p1|Tsareena, L50, F|\n|poke|p1|Basculegion, L50, M|\n|poke|p1|Dragonite, L50, F|\n|poke|p1|Mimikyu, L50, M|\n|poke|p2|Venusaur, L50, F|\n|poke|p2|Rotom-Wash, L50|\n|poke|p2|Incineroar, L50, M|\n|poke|p2|Orthworm, L50, M|\n|poke|p2|Garchomp, L50, M|\n|poke|p2|Clefable, L50, F|\n|teampreview|4\n|inactive|Battle timer is ON: inactive players will automatically lose when time's up. (requested by HawaiiCookieCo)\n|inactive|HawaiiCookieCo has 60 seconds left.\n|inactive|tricky mac has 60 seconds left.\n|\n|t:|1776545396\n|teamsize|p1|4\n|teamsize|p2|4\n|start\n|switch|p1a: Delphox|Delphox, L50, M|100/100\n|switch|p1b: Maushold|Maushold, L50|100/100\n|switch|p2a: Clefable|Clefable, L50, F|100/100\n|switch|p2b: Garchomp|Garchomp, L50, M|100/100\n|turn|1\n|\n|t:|1776545420\n|detailschange|p1a: Delphox|Delphox-Mega, L50, M\n|-mega|p1a: Delphox|Delphox|Delphoxite\n|move|p1b: Maushold|Feint|p2b: Garchomp\n|-damage|p2b: Garchomp|92/100\n|move|p1a: Delphox|Heat Wave|p2b: Garchomp|[spread] p2a,p2b\n|-resisted|p2b: Garchomp|1\n|-damage|p2a: Clefable|67/100\n|-damage|p2b: Garchomp|71/100\n|-status|p2a: Clefable|brn\n|move|p2b: Garchomp|Swords Dance|p2b: Garchomp\n|-boost|p2b: Garchomp|atk|2\n|move|p2a: Clefable|Icy Wind|p1b: Maushold|[spread] p1a,p1b\n|-resisted|p1a: Delphox|1\n|-damage|p1a: Delphox|98/100\n|-damage|p1b: Maushold|89/100\n|-unboost|p1a: Delphox|spe|1\n|-unboost|p1b: Maushold|spe|1\n|\n|-damage|p2a: Clefable|60/100 brn|[from] brn\n|upkeep\n|turn|2\n|inactive|HawaiiCookieCo has 30 seconds left.\n|\n|t:|1776545447\n|switch|p1a: Basculegion|Basculegion, L50, M|100/100\n|move|p2b: Garchomp|Dragon Claw|p1b: Maushold\n|-damage|p1b: Maushold|14/100\n|move|p1b: Maushold|Super Fang|p2b: Garchomp\n|-damage|p2b: Garchomp|36/100\n|-damage|p1b: Maushold|2/100|[from] ability: Rough Skin|[of] p2b: Garchomp\n|move|p2a: Clefable|Life Dew|p2a: Clefable|[spread] p2a,p2b\n|-heal|p2a: Clefable|86/100 brn\n|-heal|p2b: Garchomp|61/100\n|\n|-damage|p2a: Clefable|79/100 brn|[from] brn\n|upkeep\n|turn|3\n|inactive|HawaiiCookieCo has 30 seconds left.\n|\n|t:|1776545472\n|move|p1b: Maushold|Protect|p1b: Maushold\n|-singleturn|p1b: Maushold|Protect\n|move|p2a: Clefable|Follow Me|p2a: Clefable\n|-singleturn|p2a: Clefable|move: Follow Me\n|move|p1a: Basculegion|Wave Crash|p2a: Clefable\n|-damage|p2a: Clefable|0 fnt\n|faint|p2a: Clefable\n|-damage|p1a: Basculegion|74/100|[from] Recoil\n|move|p2b: Garchomp|Earthquake|p1b: Maushold|[spread] p1a\n|-activate|p1b: Maushold|move: Protect\n|-damage|p1a: Basculegion|9/100\n|\n|upkeep\n|\n|t:|1776545487\n|switch|p2a: Incineroar|Incineroar, L50, M|100/100\n|-ability|p2a: Incineroar|Intimidate|boost\n|-unboost|p1a: Basculegion|atk|1\n|-unboost|p1b: Maushold|atk|1\n|turn|4\n|inactive|HawaiiCookieCo has 30 seconds left.\n|\n|t:|1776545516\n|switch|p2a: Orthworm|Orthworm, L50, M|100/100\n|move|p1a: Basculegion|Wave Crash|p2a: Orthworm\n|-damage|p2a: Orthworm|73/100\n|-damage|p1a: Basculegion|1/100|[from] Recoil\n|move|p2b: Garchomp|Earthquake|p1b: Maushold|[spread] p1a,p1b\n|-heal|p2a: Orthworm|98/100|[from] ability: Earth Eater|[of] p2b: Garchomp\n|-damage|p1a: Basculegion|0 fnt\n|-damage|p1b: Maushold|0 fnt\n|faint|p1a: Basculegion\n|faint|p1b: Maushold\n|\n|upkeep\n|\n|t:|1776545528\n|switch|p1a: Delphox|Delphox-Mega, L50, M|98/100\n|switch|p1b: Dragonite|Dragonite, L50, F|100/100\n|turn|5\n|\n|t:|1776545543\n|move|p2b: Garchomp|Protect|p2b: Garchomp\n|-singleturn|p2b: Garchomp|Protect\n|move|p1a: Delphox|Encore|p2b: Garchomp\n|-activate|p2b: Garchomp|move: Protect\n|move|p1b: Dragonite|Ice Punch|p2b: Garchomp\n|-activate|p2b: Garchomp|move: Protect\n|move|p2a: Orthworm|Iron Head|p1b: Dragonite\n|-damage|p1b: Dragonite|74/100\n|\n|upkeep\n|turn|6\n|\n|t:|1776545564\n|switch|p2b: Incineroar|Incineroar, L50, M|100/100\n|-ability|p2b: Incineroar|Intimidate|boost\n|-unboost|p1a: Delphox|atk|1\n|-fail|p1b: Dragonite|unboost|Attack|[from] ability: Inner Focus|[of] p1b: Dragonite\n|move|p1a: Delphox|Encore||[still]\n|-fail|p1a: Delphox\n|move|p1b: Dragonite|Superpower|p2b: Incineroar\n|-supereffective|p2b: Incineroar|1\n|-enditem|p2b: Incineroar|Chople Berry|[eat]\n|-enditem|p2b: Incineroar|Chople Berry|[weaken]\n|-damage|p2b: Incineroar|58/100\n|-unboost|p1b: Dragonite|atk|1\n|-unboost|p1b: Dragonite|def|1\n|move|p2a: Orthworm|Iron Head|p1b: Dragonite\n|-damage|p1b: Dragonite|35/100\n|\n|upkeep\n|turn|7\n|\n|t:|1776545588\n|move|p2b: Incineroar|Fake Out|p1b: Dragonite\n|-damage|p1b: Dragonite|14/100\n|move|p1a: Delphox|Heat Wave|p2a: Orthworm|[spread] p2a,p2b\n|-supereffective|p2a: Orthworm|1\n|-resisted|p2b: Incineroar|1\n|-damage|p2a: Orthworm|0 fnt\n|-damage|p2b: Incineroar|39/100\n|faint|p2a: Orthworm\n|move|p1b: Dragonite|Superpower|p2b: Incineroar\n|-supereffective|p2b: Incineroar|1\n|-damage|p2b: Incineroar|0 fnt\n|-unboost|p1b: Dragonite|atk|1\n|-unboost|p1b: Dragonite|def|1\n|faint|p2b: Incineroar\n|\n|upkeep\n|\n|t:|1776545597\n|switch|p2a: Garchomp|Garchomp, L50, M|61/100\n|turn|8\n|\n|t:|1776545604\n|move|p1a: Delphox|Psychic|p2a: Garchomp\n|-damage|p2a: Garchomp|7/100\n|move|p2a: Garchomp|Dragon Claw|p1b: Dragonite\n|-supereffective|p1b: Dragonite|1\n|-enditem|p1b: Dragonite|Haban Berry|[eat]\n|-enditem|p1b: Dragonite|Haban Berry|[weaken]\n|-damage|p1b: Dragonite|0 fnt\n|faint|p1b: Dragonite\n|\n|upkeep\n|turn|9\n|\n|t:|1776545613\n|move|p1a: Delphox|Psychic|p2a: Garchomp\n|-damage|p2a: Garchomp|0 fnt\n|faint|p2a: Garchomp\n|\n|win|HawaiiCookieCo\n|raw|HawaiiCookieCo's rating: 1190 &rarr; <strong>1219</strong><br />(+29 for winning)\n|raw|tricky mac's rating: 1248 &rarr; <strong>1219</strong><br />(-29 for losing)\n",
  "uploadtime": 1776545618,
  "views": 29,
  "formatid": "gen9championsvgc2026regma",
  "rating": 1219,
  "private": 0,
  "password": null
}