{
  "id": "gen9championsvgc2026regma-2583025068",
  "format": "[Gen 9 Champions] VGC 2026 Reg M-A",
  "players": [
    "GriffyGuy",
    "hatsuneluna16"
  ],
  "log": "|j|\u2606GriffyGuy\n|j|\u2606hatsuneluna16\n|t:|1776134405\n|gametype|doubles\n|player|p1|GriffyGuy|101|1066\n|player|p2|hatsuneluna16|caitlin|1026\n|gen|9\n|tier|[Gen 9 Champions] VGC 2026 Reg M-A\n|rated|\n|rule|Species Clause: Limit one of each Pok\u00e9mon\n|rule|Item Clause: Limit 1 of each item\n|clearpoke\n|poke|p1|Florges, L50, F|\n|poke|p1|Garbodor, L50, F|\n|poke|p1|Chesnaught, L50, F|\n|poke|p1|Altaria, L50, M|\n|poke|p1|Empoleon, L50, M|\n|poke|p1|Leafeon, L50, M|\n|poke|p2|Altaria, L50, F|\n|poke|p2|Sinistcha, L50|\n|poke|p2|Primarina, L50, F|\n|poke|p2|Meowscarada, L50, M|\n|poke|p2|Zoroark-Hisui, L50, F|\n|poke|p2|Lopunny, L50, M|\n|teampreview|4\n|c|\u2606GriffyGuy|nice altaria\n|c|\u2606hatsuneluna16|same thing :)\n|\n|t:|1776134450\n|teamsize|p1|4\n|teamsize|p2|4\n|start\n|switch|p1a: Leafeon|Leafeon, L50, M|100/100\n|switch|p1b: Garbodor|Garbodor, L50, F|100/100\n|switch|p2a: Sinistcha|Sinistcha, L50|100/100\n|switch|p2b: Lopunny|Lopunny, L50, M, shiny|100/100\n|turn|1\n|\n|t:|1776134475\n|detailschange|p2b: Lopunny|Lopunny-Mega, L50, M, shiny\n|-mega|p2b: Lopunny|Lopunny|Lopunnite\n|move|p2b: Lopunny|Fake Out|p1a: Leafeon\n|-damage|p1a: Leafeon|77/100\n|cant|p1a: Leafeon|flinch\n|move|p1b: Garbodor|Gunk Shot|p2b: Lopunny\n|-damage|p2b: Lopunny|42/100\n|move|p2a: Sinistcha|Matcha Gotcha|p1b: Garbodor|[spread] p1b\n|-miss|p2a: Sinistcha|p1a: Leafeon\n|-resisted|p1b: Garbodor|1\n|-damage|p1b: Garbodor|88/100\n|\n|upkeep\n|turn|2\n|\n|t:|1776134496\n|move|p2b: Lopunny|Ice Punch|p1a: Leafeon\n|-supereffective|p1a: Leafeon|1\n|-damage|p1a: Leafeon|21/100\n|-status|p1a: Leafeon|frz\n|cant|p1a: Leafeon|frz\n|move|p1b: Garbodor|Gunk Shot|p2b: Lopunny\n|-damage|p2b: Lopunny|0 fnt\n|faint|p2b: Lopunny\n|move|p2a: Sinistcha|Life Dew||[still]\n|-fail|p2a: Sinistcha|heal\n|\n|upkeep\n|c|\u2606GriffyGuy|ow\n|\n|t:|1776134510\n|switch|p2b: Meowscarada|Meowscarada, L50, M, shiny|100/100\n|turn|3\n|\n|t:|1776134526\n|move|p2a: Sinistcha|Rage Powder|p2a: Sinistcha\n|-singleturn|p2a: Sinistcha|move: Rage Powder\n|move|p2b: Meowscarada|Triple Axel|p1a: Leafeon\n|-start|p2b: Meowscarada|typechange|Ice|[from] ability: Protean\n|-supereffective|p1a: Leafeon|1\n|-crit|p1a: Leafeon\n|-damage|p1a: Leafeon|0 fnt\n|faint|p1a: Leafeon\n|-hitcount|p1: Leafeon|1\n|move|p1b: Garbodor|Gunk Shot|p2a: Sinistcha\n|-damage|p2a: Sinistcha|61/100\n|-status|p2a: Sinistcha|psn\n|\n|-damage|p2a: Sinistcha|49/100 psn|[from] psn\n|upkeep\n|-enditem|p2a: Sinistcha|Sitrus Berry|[eat]\n|-heal|p2a: Sinistcha|74/100 psn|[from] item: Sitrus Berry\n|\n|t:|1776134542\n|switch|p1a: Florges|Florges, L50, F|100/100\n|turn|4\n|\n|t:|1776134555\n|move|p2b: Meowscarada|Triple Axel|p1a: Florges\n|-damage|p1a: Florges|88/100\n|-damage|p1a: Florges|65/100\n|-damage|p1a: Florges|30/100\n|-hitcount|p1a: Florges|3\n|move|p1b: Garbodor|Gunk Shot|p2a: Sinistcha\n|-damage|p2a: Sinistcha|31/100 psn\n|move|p1a: Florges|Light Screen|p1a: Florges\n|-sidestart|p1: GriffyGuy|move: Light Screen\n|move|p2a: Sinistcha|Matcha Gotcha|p1a: Florges|[spread] p1a\n|-miss|p2a: Sinistcha|p1b: Garbodor\n|-damage|p1a: Florges|20/100\n|-heal|p2a: Sinistcha|36/100 psn|[from] drain|[of] p1a: Florges\n|\n|-damage|p2a: Sinistcha|24/100 psn|[from] psn\n|upkeep\n|turn|5\n|\n|t:|1776134582\n|move|p2b: Meowscarada|Flower Trick|p1a: Florges\n|-crit|p1a: Florges\n|-damage|p1a: Florges|0 fnt\n|faint|p1a: Florges\n|move|p1b: Garbodor|Gunk Shot|p2b: Meowscarada\n|-damage|p2b: Meowscarada|23/100\n|move|p2a: Sinistcha|Matcha Gotcha|p1b: Garbodor\n|-resisted|p1b: Garbodor|1\n|-damage|p1b: Garbodor|75/100\n|-heal|p2a: Sinistcha|31/100 psn|[from] drain|[of] p1b: Garbodor\n|\n|-damage|p2a: Sinistcha|18/100 psn|[from] psn\n|upkeep\n|\n|t:|1776134595\n|switch|p1a: Chesnaught|Chesnaught, L50, F|100/100\n|turn|6\n|\n|t:|1776134604\n|move|p1a: Chesnaught|Spiky Shield|p1a: Chesnaught\n|-singleturn|p1a: Chesnaught|move: Protect\n|move|p2b: Meowscarada|Triple Axel|p1a: Chesnaught\n|-activate|p1a: Chesnaught|move: Protect\n|-damage|p2b: Meowscarada|11/100|[from] Spiky Shield|[of] p1a: Chesnaught\n|move|p1b: Garbodor|Gunk Shot|p2a: Sinistcha\n|-damage|p2a: Sinistcha|0 fnt\n|faint|p2a: Sinistcha\n|\n|upkeep\n|\n|t:|1776134614\n|switch|p2a: Primarina|Primarina, L50, F|100/100\n|turn|7\n|\n|t:|1776134626\n|detailschange|p1a: Chesnaught|Chesnaught-Mega, L50, F\n|-mega|p1a: Chesnaught|Chesnaught|Chesnaughtite\n|move|p2b: Meowscarada|Triple Axel|p1a: Chesnaught\n|-supereffective|p1a: Chesnaught|1\n|-damage|p1a: Chesnaught|88/100\n|-supereffective|p1a: Chesnaught|1\n|-crit|p1a: Chesnaught\n|-damage|p1a: Chesnaught|56/100\n|-supereffective|p1a: Chesnaught|1\n|-damage|p1a: Chesnaught|19/100\n|-hitcount|p1a: Chesnaught|3\n|move|p1b: Garbodor|Gunk Shot|p2a: Primarina|[miss]\n|-miss|p1b: Garbodor|p2a: Primarina\n|move|p2a: Primarina|Moonblast|p1a: Chesnaught\n|-supereffective|p1a: Chesnaught|1\n|-crit|p1a: Chesnaught\n|-damage|p1a: Chesnaught|0 fnt\n|faint|p1a: Chesnaught\n|\n|upkeep\n|turn|8\n|c|\u2606GriffyGuy|nooo\n|c|\u2606GriffyGuy|the gunkkk\n|c|\u2606GriffyGuy|triple axel miss pls\n|c|\u2606GriffyGuy|i deserve it\n|\n|t:|1776134669\n|move|p2b: Meowscarada|Knock Off|p1b: Garbodor\n|-damage|p1b: Garbodor|45/100\n|-ability|p1b: Garbodor|Weak Armor|boost\n|-unboost|p1b: Garbodor|def|1\n|-boost|p1b: Garbodor|spe|2\n|-enditem|p1b: Garbodor|White Herb|[from] move: Knock Off|[of] p2b: Meowscarada\n|move|p1b: Garbodor|Gunk Shot|p2a: Primarina\n|-supereffective|p2a: Primarina|1\n|-damage|p2a: Primarina|0 fnt\n|faint|p2a: Primarina\n|\n|-sideend|p1: GriffyGuy|move: Light Screen\n|upkeep\n|turn|9\n|c|\u2606GriffyGuy|do i even outspeed?\n|c|\u2606GriffyGuy|i think i do\n|\n|t:|1776134714\n|move|p1b: Garbodor|Drain Punch|p2b: Meowscarada\n|-supereffective|p2b: Meowscarada|1\n|-damage|p2b: Meowscarada|0 fnt\n|-heal|p1b: Garbodor|49/100|[from] drain|[of] p2b: Meowscarada\n|faint|p2b: Meowscarada\n|\n|win|GriffyGuy\n|raw|GriffyGuy's rating: 1066 &rarr; <strong>1093</strong><br />(+27 for winning)\n|raw|hatsuneluna16's rating: 1026 &rarr; <strong>1014</strong><br />(-12 for losing)\n|c|\u2606GriffyGuy|ggh\n|c|\u2606hatsuneluna16|gg\n|l|\u2606hatsuneluna16\n|player|p2|\n",
  "uploadtime": 1776134729,
  "views": 19,
  "formatid": "gen9championsvgc2026regma",
  "rating": 1014,
  "private": 0,
  "password": null
}