{
  "id": "gen9championsvgc2026regma-2585990698",
  "format": "[Gen 9 Champions] VGC 2026 Reg M-A",
  "players": [
    "AquaticPanic",
    "StarStorm295"
  ],
  "log": "|j|\u2606AquaticPanic\n|j|\u2606StarStorm295\n|t:|1776388139\n|gametype|doubles\n|player|p1|AquaticPanic|bellelba|1287\n|player|p2|StarStorm295|marley|1240\n|gen|9\n|tier|[Gen 9 Champions] VGC 2026 Reg M-A\n|rated|\n|rule|Species Clause: Limit one of each Pok\u00e9mon\n|rule|Item Clause: Limit 1 of each item\n|clearpoke\n|poke|p1|Gengar, L50, F|\n|poke|p1|Whimsicott, L50, F|\n|poke|p1|Sneasler, L50, F|\n|poke|p1|Rotom-Wash, L50|\n|poke|p1|Kingambit, L50, F|\n|poke|p1|Palafin, L50, M|\n|poke|p2|Lopunny, L50, M|\n|poke|p2|Milotic, L50, F|\n|poke|p2|Garchomp, L50, M|\n|poke|p2|Volcarona, L50, F|\n|poke|p2|Aegislash, L50, M|\n|poke|p2|Meowscarada, L50, M|\n|teampreview|4\n|\n|t:|1776388171\n|teamsize|p1|4\n|teamsize|p2|4\n|start\n|switch|p1a: Rotom|Rotom-Wash, L50|100/100\n|switch|p1b: Sneasler|Sneasler, L50, F|100/100\n|switch|p2a: Bonnie|Lopunny, L50, M, shiny|100/100\n|switch|p2b: Hesper|Volcarona, L50, F|100/100\n|turn|1\n|\n|t:|1776388188\n|detailschange|p2a: Bonnie|Lopunny-Mega, L50, M, shiny\n|-mega|p2a: Bonnie|Lopunny|Lopunnite\n|move|p2a: Bonnie|Fake Out|p1a: Rotom\n|-damage|p1a: Rotom|70/100\n|move|p1b: Sneasler|Fake Out|p2a: Bonnie\n|-damage|p2a: Bonnie|81/100\n|cant|p1a: Rotom|flinch\n|move|p2b: Hesper|Tailwind|p2b: Hesper\n|-sidestart|p2: StarStorm295|move: Tailwind\n|\n|upkeep\n|turn|2\n|\n|t:|1776388202\n|move|p2b: Hesper|Rage Powder|p2b: Hesper\n|-singleturn|p2b: Hesper|move: Rage Powder\n|move|p2a: Bonnie|Encore|p1b: Sneasler\n|-start|p1b: Sneasler|Encore\n|move|p1b: Sneasler|Fake Out||[still]\n|-hint|Fake Out only works on your first turn out.\n|-fail|p1b: Sneasler\n|move|p1a: Rotom|Electroweb|p2b: Hesper|[spread] p2a,p2b\n|-damage|p2a: Bonnie|58/100\n|-damage|p2b: Hesper|83/100\n|-unboost|p2a: Bonnie|spe|1\n|-unboost|p2b: Hesper|spe|1\n|\n|upkeep\n|turn|3\n|\n|t:|1776388219\n|switch|p1b: Whimsicott|Whimsicott, L50, F|100/100\n|move|p2a: Bonnie|Close Combat|p1a: Rotom\n|-damage|p1a: Rotom|0 fnt\n|-unboost|p2a: Bonnie|def|1\n|-unboost|p2a: Bonnie|spd|1\n|faint|p1a: Rotom\n|move|p2b: Hesper|Struggle Bug|p1b: Whimsicott\n|-damage|p1b: Whimsicott|68/100\n|-unboost|p1b: Whimsicott|spa|1\n|\n|upkeep\n|\n|t:|1776388229\n|switch|p1a: Sneasler|Sneasler, L50, F|100/100\n|turn|4\n|\n|t:|1776388244\n|switch|p2a: Scylla|Milotic, L50, F, shiny|100/100\n|move|p1b: Whimsicott|Tailwind|p1b: Whimsicott\n|-sidestart|p1: AquaticPanic|move: Tailwind\n|move|p1a: Sneasler|Rock Slide|p2b: Hesper|[spread] p2a,p2b\n|-supereffective|p2b: Hesper|2\n|-enditem|p2b: Hesper|Charti Berry|[eat]\n|-enditem|p2b: Hesper|Charti Berry|[weaken]\n|-damage|p2a: Scylla|78/100\n|-damage|p2b: Hesper|40/100\n|cant|p2b: Hesper|flinch\n|\n|-heal|p2a: Scylla|84/100|[from] item: Leftovers\n|-sideend|p2: StarStorm295|move: Tailwind\n|upkeep\n|turn|5\n|\n|t:|1776388266\n|move|p1a: Sneasler|Rock Slide|p2a: Scylla|[spread] p2a,p2b\n|-supereffective|p2b: Hesper|2\n|-damage|p2a: Scylla|64/100\n|-damage|p2b: Hesper|0 fnt\n|faint|p2b: Hesper\n|move|p1b: Whimsicott|Moonblast|p2a: Scylla\n|-damage|p2a: Scylla|51/100\n|move|p2a: Scylla|Icy Wind|p1a: Sneasler|[spread] p1a,p1b\n|-crit|p1a: Sneasler\n|-supereffective|p1b: Whimsicott|1\n|-damage|p1a: Sneasler|74/100\n|-damage|p1b: Whimsicott|29/100\n|-unboost|p1a: Sneasler|spe|1\n|-unboost|p1b: Whimsicott|spe|1\n|-enditem|p1a: Sneasler|White Herb\n|-clearnegativeboost|p1a: Sneasler|[silent]\n|\n|-heal|p2a: Scylla|57/100|[from] item: Leftovers\n|upkeep\n|\n|t:|1776388276\n|switch|p2b: Bonnie|Lopunny-Mega, L50, M, shiny|58/100\n|turn|6\n|\n|t:|1776388289\n|move|p1b: Whimsicott|Protect|p1b: Whimsicott\n|-singleturn|p1b: Whimsicott|Protect\n|move|p2b: Bonnie|Fake Out|p1a: Sneasler\n|-damage|p1a: Sneasler|40/100\n|cant|p1a: Sneasler|flinch\n|move|p2a: Scylla|Icy Wind|p1b: Whimsicott|[spread] p1a\n|-activate|p1b: Whimsicott|move: Protect\n|-damage|p1a: Sneasler|22/100\n|-unboost|p1a: Sneasler|spe|1\n|\n|-heal|p2a: Scylla|63/100|[from] item: Leftovers\n|upkeep\n|turn|7\n|\n|t:|1776388313\n|switch|p2b: Meowscarada|Meowscarada, L50, M, shiny|100/100\n|move|p1a: Sneasler|Dire Claw|p2a: Scylla\n|-damage|p2a: Scylla|20/100\n|move|p1b: Whimsicott|Moonblast|p2b: Meowscarada\n|-supereffective|p2b: Meowscarada|1\n|-crit|p2b: Meowscarada\n|-enditem|p2b: Meowscarada|Focus Sash\n|-damage|p2b: Meowscarada|1/100\n|move|p2a: Scylla|Icy Wind|p1a: Sneasler|[spread] p1a,p1b\n|-supereffective|p1b: Whimsicott|1\n|-damage|p1a: Sneasler|6/100\n|-damage|p1b: Whimsicott|0 fnt\n|-unboost|p1a: Sneasler|spe|1\n|faint|p1b: Whimsicott\n|\n|-heal|p2a: Scylla|26/100|[from] item: Leftovers\n|-sideend|p1: AquaticPanic|move: Tailwind\n|upkeep\n|\n|t:|1776388326\n|switch|p1b: Gengar|Gengar, L50, F|100/100\n|turn|8\n|\n|t:|1776388362\n|detailschange|p1b: Gengar|Gengar-Mega, L50, F\n|-mega|p1b: Gengar|Gengar|Gengarite\n|move|p2a: Scylla|Protect|p2a: Scylla\n|-singleturn|p2a: Scylla|Protect\n|move|p2b: Meowscarada|Sucker Punch|p1a: Sneasler\n|-resisted|p1a: Sneasler|1\n|-damage|p1a: Sneasler|0 fnt\n|faint|p1a: Sneasler\n|move|p1b: Gengar|Sludge Bomb|p2b: Meowscarada\n|-supereffective|p2b: Meowscarada|1\n|-damage|p2b: Meowscarada|0 fnt\n|faint|p2b: Meowscarada\n|\n|-heal|p2a: Scylla|32/100|[from] item: Leftovers\n|upkeep\n|\n|t:|1776388371\n|switch|p2b: Bonnie|Lopunny-Mega, L50, M, shiny|58/100\n|turn|9\n|\n|t:|1776388386\n|move|p1b: Gengar|Protect|p1b: Gengar\n|-singleturn|p1b: Gengar|Protect\n|move|p2b: Bonnie|Fake Out|p1b: Gengar\n|-activate|p1b: Gengar|move: Protect\n|move|p2a: Scylla|Icy Wind|p1b: Gengar\n|-activate|p1b: Gengar|move: Protect\n|\n|-heal|p2a: Scylla|38/100|[from] item: Leftovers\n|upkeep\n|turn|10\n|\n|t:|1776388397\n|move|p1b: Gengar|Sludge Bomb|p2b: Bonnie\n|-damage|p2b: Bonnie|0 fnt\n|faint|p2b: Bonnie\n|move|p2a: Scylla|Scald|p1b: Gengar\n|-damage|p1b: Gengar|55/100\n|\n|-heal|p2a: Scylla|44/100|[from] item: Leftovers\n|upkeep\n|turn|11\n|\n|t:|1776388405\n|move|p2a: Scylla|Protect|p2a: Scylla\n|-singleturn|p2a: Scylla|Protect\n|move|p1b: Gengar|Disable|p2a: Scylla\n|-activate|p2a: Scylla|move: Protect\n|\n|-heal|p2a: Scylla|50/100|[from] item: Leftovers\n|upkeep\n|turn|12\n|\n|t:|1776388413\n|move|p1b: Gengar|Sludge Bomb|p2a: Scylla\n|-damage|p2a: Scylla|13/100\n|-status|p2a: Scylla|psn\n|move|p2a: Scylla|Scald|p1b: Gengar\n|-damage|p1b: Gengar|10/100\n|-status|p1b: Gengar|brn\n|\n|-heal|p2a: Scylla|19/100 psn|[from] item: Leftovers\n|-damage|p2a: Scylla|6/100 psn|[from] psn\n|-damage|p1b: Gengar|4/100 brn|[from] brn\n|upkeep\n|turn|13\n|\n|t:|1776388427\n|move|p2a: Scylla|Protect|p2a: Scylla\n|-singleturn|p2a: Scylla|Protect\n|move|p1b: Gengar|Sludge Bomb|p2a: Scylla\n|-activate|p2a: Scylla|move: Protect\n|\n|-heal|p2a: Scylla|12/100 psn|[from] item: Leftovers\n|-damage|p2a: Scylla|0 fnt|[from] psn\n|faint|p2a: Scylla\n|\n|win|AquaticPanic\n|raw|AquaticPanic's rating: 1287 &rarr; <strong>1309</strong><br />(+22 for winning)\n|raw|StarStorm295's rating: 1240 &rarr; <strong>1218</strong><br />(-22 for losing)\n|l|\u2606StarStorm295\n|player|p2|\n",
  "uploadtime": 1776388443,
  "views": 21,
  "formatid": "gen9championsvgc2026regma",
  "rating": 1218,
  "private": 0,
  "password": null
}