{
  "id": "gen9championsvgc2026regma-2582864282",
  "format": "[Gen 9 Champions] VGC 2026 Reg M-A",
  "players": [
    "NiceChyip",
    "Carlos416"
  ],
  "log": "|j|\u2606NiceChyip\n|j|\u2606Carlos416\n|t:|1776120187\n|gametype|doubles\n|player|p1|NiceChyip|lucas|1049\n|player|p2|Carlos416|volkner|1101\n|gen|9\n|tier|[Gen 9 Champions] VGC 2026 Reg M-A\n|rated|\n|rule|Species Clause: Limit one of each Pok\u00e9mon\n|rule|Item Clause: Limit 1 of each item\n|clearpoke\n|poke|p1|Goodra-Hisui, L50, M|\n|poke|p1|Manectric, L50, F|\n|poke|p1|Aerodactyl, L50, M|\n|poke|p1|Aromatisse, L50, M|\n|poke|p1|Sinistcha, L50|\n|poke|p1|Incineroar, L50, F|\n|poke|p2|Aerodactyl, L50, F|\n|poke|p2|Rotom-Wash, L50|\n|poke|p2|Sneasler, L50, F|\n|poke|p2|Whimsicott, L50, F|\n|poke|p2|Incineroar, L50, M|\n|poke|p2|Garchomp, L50, F|\n|teampreview|4\n|inactive|Battle timer is ON: inactive players will automatically lose when time's up. (requested by NiceChyip)\n|\n|t:|1776120230\n|teamsize|p1|4\n|teamsize|p2|4\n|start\n|switch|p1a: Goodra|Goodra-Hisui, L50, M|100/100\n|switch|p1b: Incineroar|Incineroar, L50, F|100/100\n|switch|p2a: Sneasler|Sneasler, L50, F|100/100\n|switch|p2b: Whimsicott|Whimsicott, L50, F|100/100\n|-ability|p1b: Incineroar|Intimidate|boost\n|-unboost|p2a: Sneasler|atk|1\n|-unboost|p2b: Whimsicott|atk|1\n|-enditem|p2a: Sneasler|White Herb\n|-clearnegativeboost|p2a: Sneasler|[silent]\n|turn|1\n|\n|t:|1776120244\n|move|p2a: Sneasler|Fake Out|p1b: Incineroar\n|-damage|p1b: Incineroar|86/100\n|cant|p1b: Incineroar|flinch\n|move|p2b: Whimsicott|Moonblast|p1a: Goodra\n|-damage|p1a: Goodra|78/100\n|move|p1a: Goodra|Shelter|p1a: Goodra\n|-boost|p1a: Goodra|def|2\n|\n|-heal|p1a: Goodra|83/100|[from] item: Leftovers\n|upkeep\n|turn|2\n|\n|t:|1776120264\n|move|p2a: Sneasler|Close Combat|p1a: Goodra\n|-supereffective|p1a: Goodra|1\n|-damage|p1a: Goodra|42/100\n|-unboost|p2a: Sneasler|def|1\n|-unboost|p2a: Sneasler|spd|1\n|move|p2b: Whimsicott|Moonblast|p1a: Goodra\n|-damage|p1a: Goodra|19/100\n|move|p1a: Goodra|Heavy Slam|p2b: Whimsicott\n|-supereffective|p2b: Whimsicott|1\n|-enditem|p2b: Whimsicott|Focus Sash\n|-damage|p2b: Whimsicott|1/100\n|move|p1b: Incineroar|Parting Shot|p2a: Sneasler\n|-unboost|p2a: Sneasler|atk|1\n|-unboost|p2a: Sneasler|spa|1\n|\n|t:|1776120284\n|switch|p1b: Aromatisse|Aromatisse, L50, M|100/100|[from] Parting Shot\n|\n|-heal|p1a: Goodra|25/100|[from] item: Leftovers\n|upkeep\n|turn|3\n|inactive|NiceChyip has 30 seconds left.\n|\n|t:|1776120317\n|move|p1a: Goodra|Protect|p1a: Goodra\n|-singleturn|p1a: Goodra|Protect\n|move|p2b: Whimsicott|Tailwind|p2b: Whimsicott\n|-sidestart|p2: Carlos416|move: Tailwind\n|move|p2a: Sneasler|Close Combat|p1a: Goodra\n|-activate|p1a: Goodra|move: Protect\n|move|p1b: Aromatisse|Moonblast|p2b: Whimsicott\n|-damage|p2b: Whimsicott|0 fnt\n|faint|p2b: Whimsicott\n|\n|-heal|p1a: Goodra|31/100|[from] item: Leftovers\n|upkeep\n|\n|t:|1776120324\n|switch|p2b: Aerodactyl|Aerodactyl, L50, F|100/100\n|-ability|p2b: Aerodactyl|Pressure\n|turn|4\n|\n|t:|1776120335\n|detailschange|p2b: Aerodactyl|Aerodactyl-Mega, L50, F\n|-mega|p2b: Aerodactyl|Aerodactyl|Aerodactylite\n|move|p1b: Aromatisse|Ally Switch|p1b: Aromatisse\n|swap|p1b: Aromatisse|0|[from] move: Ally Switch\n|move|p2a: Sneasler|Close Combat|p1a: Aromatisse\n|-resisted|p1a: Aromatisse|1\n|-damage|p1a: Aromatisse|86/100\n|-unboost|p2a: Sneasler|def|1\n|-unboost|p2a: Sneasler|spd|1\n|move|p2b: Aerodactyl|Rock Slide|p1a: Aromatisse|[spread] p1a,p1b\n|-resisted|p1b: Goodra|1\n|-damage|p1a: Aromatisse|64/100\n|-damage|p1b: Goodra|26/100\n|move|p1b: Goodra|Heavy Slam|p2a: Sneasler\n|-damage|p2a: Sneasler|0 fnt\n|faint|p2a: Sneasler\n|\n|-heal|p1b: Goodra|32/100|[from] item: Leftovers\n|upkeep\n|\n|t:|1776120340\n|switch|p2a: Garchomp|Garchomp, L50, F|100/100\n|turn|5\n|\n|t:|1776120360\n|move|p2b: Aerodactyl|Protect|p2b: Aerodactyl\n|-singleturn|p2b: Aerodactyl|Protect\n|move|p1b: Goodra|Protect|p1b: Goodra\n|-singleturn|p1b: Goodra|Protect\n|move|p2a: Garchomp|Earthquake|p1a: Aromatisse|[spread] p1a\n|-activate|p2b: Aerodactyl|move: Protect\n|-activate|p1b: Goodra|move: Protect\n|-damage|p1a: Aromatisse|35/100\n|move|p1a: Aromatisse|Moonblast|p2a: Garchomp\n|-supereffective|p2a: Garchomp|1\n|-damage|p2a: Garchomp|28/100\n|\n|-heal|p1b: Goodra|37/100|[from] item: Leftovers\n|upkeep\n|turn|6\n|\n|t:|1776120381\n|move|p2b: Aerodactyl|Dual Wingbeat|p1b: Goodra\n|-resisted|p1b: Goodra|1\n|-damage|p1b: Goodra|33/100\n|-resisted|p1b: Goodra|1\n|-damage|p1b: Goodra|28/100\n|-hitcount|p1b: Goodra|2\n|move|p2a: Garchomp|Earthquake|p1b: Goodra|[spread] p1a,p1b\n|-immune|p2b: Aerodactyl\n|-supereffective|p1b: Goodra|1\n|-damage|p1a: Aromatisse|6/100\n|-damage|p1b: Goodra|1/100\n|move|p1b: Goodra|Heavy Slam|p2b: Aerodactyl\n|-supereffective|p2b: Aerodactyl|1\n|-damage|p2b: Aerodactyl|14/100\n|move|p1a: Aromatisse|Heal Pulse|p1b: Goodra\n|-heal|p1b: Goodra|51/100\n|\n|-heal|p1b: Goodra|57/100|[from] item: Leftovers\n|-sideend|p2: Carlos416|move: Tailwind\n|upkeep\n|turn|7\n|-message|Carlos416 forfeited.\n|\n|win|NiceChyip\n|raw|NiceChyip's rating: 1049 &rarr; <strong>1087</strong><br />(+38 for winning)\n|raw|Carlos416's rating: 1101 &rarr; <strong>1072</strong><br />(-29 for losing)\n|l|\u2606Carlos416\n|player|p2|\n",
  "uploadtime": 1776120408,
  "views": 13,
  "formatid": "gen9championsvgc2026regma",
  "rating": 1072,
  "private": 0,
  "password": null
}