{
  "id": "gen9championsvgc2026regma-2582886308",
  "format": "[Gen 9 Champions] VGC 2026 Reg M-A",
  "players": [
    "Slawppi",
    "the same as here"
  ],
  "log": "|j|\u2606Slawppi\n|j|\u2606the same as here\n|t:|1776122079\n|gametype|doubles\n|player|p1|Slawppi|101|1129\n|player|p2|the same as here|janitor|1127\n|gen|9\n|tier|[Gen 9 Champions] VGC 2026 Reg M-A\n|rated|\n|rule|Species Clause: Limit one of each Pok\u00e9mon\n|rule|Item Clause: Limit 1 of each item\n|clearpoke\n|poke|p1|Garchomp, L50, M|\n|poke|p1|Charizard, L50, F|\n|poke|p1|Sneasler, L50, M|\n|poke|p1|Whimsicott, L50, F|\n|poke|p1|Incineroar, L50, M|\n|poke|p1|Maushold-Four, L50|\n|poke|p2|Floette-Eternal, L50, F|\n|poke|p2|Sinistcha, L50|\n|poke|p2|Incineroar, L50, M|\n|poke|p2|Gyarados, L50, F|\n|poke|p2|Garchomp, L50, M|\n|poke|p2|Glimmora, L50, M|\n|teampreview|4\n|\n|t:|1776122126\n|teamsize|p1|4\n|teamsize|p2|4\n|start\n|switch|p1a: Garchomp|Garchomp, L50, M|100/100\n|switch|p1b: Whimsicott|Whimsicott, L50, F|100/100\n|switch|p2a: Ye old Gyara|Gyarados, L50, F|100/100\n|switch|p2b: The difference|Incineroar, L50, M|100/100\n|-ability|p2a: Ye old Gyara|Intimidate|boost\n|-unboost|p1a: Garchomp|atk|1\n|-unboost|p1b: Whimsicott|atk|1\n|-ability|p2b: The difference|Intimidate|boost\n|-unboost|p1a: Garchomp|atk|1\n|-unboost|p1b: Whimsicott|atk|1\n|turn|1\n|\n|t:|1776122145\n|move|p1a: Garchomp|Protect|p1a: Garchomp\n|-singleturn|p1a: Garchomp|Protect\n|move|p2b: The difference|Fake Out|p1b: Whimsicott\n|-damage|p1b: Whimsicott|85/100\n|cant|p1b: Whimsicott|flinch\n|move|p2a: Ye old Gyara|Taunt|p1b: Whimsicott\n|-start|p1b: Whimsicott|move: Taunt\n|\n|upkeep\n|turn|2\n|\n|t:|1776122192\n|switch|p1a: Charizard|Charizard, L50, F|100/100\n|move|p1b: Whimsicott|Moonblast|p2b: The difference\n|-damage|p2b: The difference|71/100\n|move|p2a: Ye old Gyara|Waterfall|p1a: Charizard\n|-supereffective|p1a: Charizard|1\n|-crit|p1a: Charizard\n|-damage|p1a: Charizard|0 fnt\n|faint|p1a: Charizard\n|move|p2b: The difference|Flare Blitz|p1b: Whimsicott\n|-supereffective|p1b: Whimsicott|1\n|-damage|p1b: Whimsicott|0 fnt\n|faint|p1b: Whimsicott\n|-damage|p2b: The difference|52/100|[from] Recoil\n|\n|upkeep\n|\n|t:|1776122214\n|switch|p1b: Garchomp|Garchomp, L50, M|100/100\n|switch|p1a: Sneasler|Sneasler, L50, M|100/100\n|turn|3\n|\n|t:|1776122230\n|switch|p2b: Problems|Sinistcha, L50|100/100\n|move|p1a: Sneasler|Fake Out|p2b: Problems\n|-immune|p2b: Problems\n|move|p1b: Garchomp|Rock Slide|p2b: Problems|[spread] p2a,p2b\n|-supereffective|p2a: Ye old Gyara|1\n|-damage|p2a: Ye old Gyara|60/100\n|-damage|p2b: Problems|82/100\n|move|p2a: Ye old Gyara|Thunder Wave|p1a: Sneasler\n|-status|p1a: Sneasler|par\n|\n|-heal|p2a: Ye old Gyara|66/100|[from] item: Leftovers\n|upkeep\n|turn|4\n|\n|t:|1776122255\n|move|p1b: Garchomp|Rock Slide|p2b: Problems|[spread] p2a\n|-miss|p1b: Garchomp|p2b: Problems\n|-supereffective|p2a: Ye old Gyara|1\n|-damage|p2a: Ye old Gyara|25/100\n|move|p2a: Ye old Gyara|Waterfall|p1b: Garchomp\n|-damage|p1b: Garchomp|68/100\n|-damage|p2a: Ye old Gyara|13/100|[from] ability: Rough Skin|[of] p1b: Garchomp\n|move|p2b: Problems|Matcha Gotcha|p1a: Sneasler|[spread] p1a,p1b\n|-resisted|p1a: Sneasler|1\n|-damage|p1a: Sneasler|84/100 par\n|-heal|p2b: Problems|89/100|[from] drain|[of] p1a: Sneasler\n|-damage|p1b: Garchomp|40/100\n|-heal|p2b: Problems|100/100|[from] drain|[of] p1b: Garchomp\n|move|p1a: Sneasler|Dire Claw|p2b: Problems\n|-damage|p2b: Problems|58/100\n|\n|-heal|p2a: Ye old Gyara|19/100|[from] item: Leftovers\n|upkeep\n|turn|5\n|\n|t:|1776122284\n|move|p1a: Sneasler|Protect|p1a: Sneasler\n|-singleturn|p1a: Sneasler|Protect\n|move|p1b: Garchomp|Rock Slide|p2a: Ye old Gyara|[spread] p2a,p2b\n|-supereffective|p2a: Ye old Gyara|1\n|-damage|p2a: Ye old Gyara|0 fnt\n|-damage|p2b: Problems|38/100\n|-enditem|p2b: Problems|Sitrus Berry|[eat]\n|-heal|p2b: Problems|63/100|[from] item: Sitrus Berry\n|faint|p2a: Ye old Gyara\n|cant|p2b: Problems|flinch\n|\n|upkeep\n|\n|t:|1776122292\n|switch|p2a: The difference|Incineroar, L50, M|52/100\n|-ability|p2a: The difference|Intimidate|boost\n|-unboost|p1a: Sneasler|atk|1\n|-unboost|p1b: Garchomp|atk|1\n|-enditem|p1a: Sneasler|White Herb\n|-clearnegativeboost|p1a: Sneasler|[silent]\n|turn|6\n|\n|t:|1776122300\n|move|p2a: The difference|Fake Out|p1b: Garchomp\n|-crit|p1b: Garchomp\n|-damage|p1b: Garchomp|25/100\n|-damage|p2a: The difference|40/100|[from] ability: Rough Skin|[of] p1b: Garchomp\n|move|p1a: Sneasler|Close Combat|p2a: The difference\n|-supereffective|p2a: The difference|1\n|-damage|p2a: The difference|0 fnt\n|-unboost|p1a: Sneasler|def|1\n|-unboost|p1a: Sneasler|spd|1\n|faint|p2a: The difference\n|cant|p1b: Garchomp|flinch\n|move|p2b: Problems|Matcha Gotcha|p1a: Sneasler|[spread] p1b\n|-miss|p2b: Problems|p1a: Sneasler\n|-damage|p1b: Garchomp|0 fnt\n|-heal|p2b: Problems|76/100|[from] drain|[of] p1b: Garchomp\n|faint|p1b: Garchomp\n|\n|upkeep\n|\n|t:|1776122307\n|switch|p2a: Eden Hazards|Glimmora, L50, M|100/100\n|turn|7\n|\n|t:|1776122323\n|detailschange|p2a: Eden Hazards|Glimmora-Mega, L50, M\n|-mega|p2a: Eden Hazards|Glimmora|Glimmoranite\n|move|p1a: Sneasler|Close Combat|p2a: Eden Hazards\n|-damage|p2a: Eden Hazards|30/100\n|-unboost|p1a: Sneasler|def|1\n|-unboost|p1a: Sneasler|spd|1\n|move|p2a: Eden Hazards|Earth Power|p1a: Sneasler\n|-supereffective|p1a: Sneasler|1\n|-damage|p1a: Sneasler|0 fnt\n|faint|p1a: Sneasler\n|\n|win|the same as here\n|raw|Slawppi's rating: 1129 &rarr; <strong>1104</strong><br />(-25 for losing)\n|raw|the same as here's rating: 1127 &rarr; <strong>1152</strong><br />(+25 for winning)\n|l|\u2606Slawppi\n|player|p1|\n",
  "uploadtime": 1776122332,
  "views": 27,
  "formatid": "gen9championsvgc2026regma",
  "rating": 1104,
  "private": 0,
  "password": null
}