{
  "id": "gen9championsvgc2026regma-2584919411",
  "format": "[Gen 9 Champions] VGC 2026 Reg M-A",
  "players": [
    "AAACompanyBtw",
    "indypacer"
  ],
  "log": "|j|\u2606AAACompanyBtw\n|j|\u2606indypacer\n|t:|1776294529\n|gametype|doubles\n|player|p1|AAACompanyBtw|2|1191\n|player|p2|indypacer|102|1277\n|gen|9\n|tier|[Gen 9 Champions] VGC 2026 Reg M-A\n|rated|\n|rule|Species Clause: Limit one of each Pok\u00e9mon\n|rule|Item Clause: Limit 1 of each item\n|clearpoke\n|poke|p1|Incineroar, L50, F|\n|poke|p1|Kingambit, L50, F|\n|poke|p1|Rotom-Wash, L50|\n|poke|p1|Mamoswine, L50, M|\n|poke|p1|Whimsicott, L50, M|\n|poke|p1|Froslass, L50, F|\n|poke|p2|Delphox, L50, M|\n|poke|p2|Basculegion, L50, M|\n|poke|p2|Clefable, L50, M|\n|poke|p2|Kingambit, L50, M|\n|poke|p2|Dragonite, L50, F|\n|poke|p2|Sneasler, L50, M|\n|teampreview|4\n|inactive|Battle timer is ON: inactive players will automatically lose when time's up. (requested by AAACompanyBtw)\n|inactive|indypacer has 60 seconds left.\n|\n|t:|1776294585\n|teamsize|p1|4\n|teamsize|p2|4\n|start\n|switch|p1a: Whimsicott|Whimsicott, L50, M|100/100\n|switch|p1b: Rotom|Rotom-Wash, L50|100/100\n|switch|p2a: Kingambit|Kingambit, L50, M|100/100\n|switch|p2b: Delphox|Delphox, L50, M|100/100\n|turn|1\n|inactive|AAACompanyBtw has 30 seconds left.\n|inactive|indypacer has 30 seconds left.\n|inactive|AAACompanyBtw has 20 seconds left.\n|inactive|AAACompanyBtw has 15 seconds left.\n|\n|t:|1776294629\n|detailschange|p2b: Delphox|Delphox-Mega, L50, M\n|-mega|p2b: Delphox|Delphox|Delphoxite\n|move|p2b: Delphox|Protect|p2b: Delphox\n|-singleturn|p2b: Delphox|Protect\n|move|p1a: Whimsicott|Tailwind|p1a: Whimsicott\n|-sidestart|p1: AAACompanyBtw|move: Tailwind\n|move|p1b: Rotom|Volt Switch|p2a: Kingambit\n|-damage|p2a: Kingambit|72/100\n|\n|t:|1776294637\n|switch|p1b: Mamoswine|Mamoswine, L50, M|100/100|[from] Volt Switch\n|move|p2a: Kingambit|Swords Dance|p2a: Kingambit\n|-boost|p2a: Kingambit|atk|2\n|\n|upkeep\n|turn|2\n|\n|t:|1776294662\n|switch|p1b: Rotom|Rotom-Wash, L50|100/100\n|move|p2a: Kingambit|Protect|p2a: Kingambit\n|-singleturn|p2a: Kingambit|Protect\n|move|p1a: Whimsicott|Encore|p2a: Kingambit\n|-activate|p2a: Kingambit|move: Protect\n|move|p2b: Delphox|Heat Wave|p1a: Whimsicott|[spread] p1b\n|-miss|p2b: Delphox|p1a: Whimsicott\n|-resisted|p1b: Rotom|1\n|-damage|p1b: Rotom|70/100\n|\n|upkeep\n|turn|3\n|\n|t:|1776294680\n|switch|p2a: Sneasler|Sneasler, L50, M|100/100\n|move|p1b: Rotom|Hydro Pump|p2b: Delphox\n|-supereffective|p2b: Delphox|1\n|-damage|p2b: Delphox|0 fnt\n|faint|p2b: Delphox\n|move|p1a: Whimsicott|Moonblast|p2a: Sneasler\n|-damage|p2a: Sneasler|63/100\n|\n|upkeep\n|\n|t:|1776294693\n|switch|p2b: Kingambit|Kingambit, L50, M|72/100\n|turn|4\n|\n|t:|1776294706\n|move|p1a: Whimsicott|Protect|p1a: Whimsicott\n|-singleturn|p1a: Whimsicott|Protect\n|move|p1b: Rotom|Hydro Pump|p2a: Sneasler\n|-crit|p2a: Sneasler\n|-damage|p2a: Sneasler|0 fnt\n|faint|p2a: Sneasler\n|move|p2b: Kingambit|Swords Dance|p2b: Kingambit\n|-boost|p2b: Kingambit|atk|2\n|\n|-sideend|p1: AAACompanyBtw|move: Tailwind\n|upkeep\n|\n|t:|1776294716\n|switch|p2a: Basculegion|Basculegion, L50, M|100/100\n|turn|5\n|\n|t:|1776294735\n|move|p2b: Kingambit|Protect|p2b: Kingambit\n|-singleturn|p2b: Kingambit|Protect\n|move|p1a: Whimsicott|Encore|p2b: Kingambit\n|-activate|p2b: Kingambit|move: Protect\n|move|p1b: Rotom|Hydro Pump|p2a: Basculegion\n|-resisted|p2a: Basculegion|1\n|-crit|p2a: Basculegion\n|-damage|p2a: Basculegion|61/100\n|move|p2a: Basculegion|Last Respects|p1a: Whimsicott\n|-crit|p1a: Whimsicott\n|-enditem|p1a: Whimsicott|Focus Sash\n|-damage|p1a: Whimsicott|1/100\n|\n|upkeep\n|turn|6\n|\n|t:|1776294754\n|switch|p1b: Kingambit|Kingambit, L50, F|100/100\n|move|p1a: Whimsicott|Encore|p2b: Kingambit\n|-hint|Since gen 7, Dark is immune to Prankster moves.\n|-immune|p2b: Kingambit\n|move|p2b: Kingambit|Sucker Punch||[still]\n|-fail|p2b: Kingambit\n|move|p2a: Basculegion|Last Respects|p1a: Whimsicott\n|-damage|p1a: Whimsicott|0 fnt\n|faint|p1a: Whimsicott\n|\n|upkeep\n|\n|t:|1776294764\n|switch|p1a: Rotom|Rotom-Wash, L50|70/100\n|turn|7\n|\n|t:|1776294772\n|move|p1b: Kingambit|Sucker Punch|p2a: Basculegion\n|-supereffective|p2a: Basculegion|1\n|-damage|p2a: Basculegion|0 fnt\n|faint|p2a: Basculegion\n|move|p1a: Rotom|Volt Switch|p2b: Kingambit\n|-damage|p2b: Kingambit|44/100\n|\n|t:|1776294777\n|switch|p1a: Mamoswine|Mamoswine, L50, M|100/100|[from] Volt Switch\n|move|p2b: Kingambit|Kowtow Cleave|p1b: Kingambit\n|-resisted|p1b: Kingambit|1\n|-damage|p1b: Kingambit|47/100\n|\n|upkeep\n|turn|8\n|\n|t:|1776294794\n|move|p2b: Kingambit|Sucker Punch|p1a: Mamoswine\n|-damage|p1a: Mamoswine|0 fnt\n|faint|p1a: Mamoswine\n|move|p1b: Kingambit|Kowtow Cleave|p2b: Kingambit\n|-resisted|p2b: Kingambit|1\n|-damage|p2b: Kingambit|23/100\n|\n|upkeep\n|\n|t:|1776294799\n|switch|p1a: Rotom|Rotom-Wash, L50|70/100\n|turn|9\n|\n|t:|1776294818\n|move|p2b: Kingambit|Sucker Punch|p1a: Rotom\n|-damage|p1a: Rotom|0 fnt\n|faint|p1a: Rotom\n|move|p1b: Kingambit|Kowtow Cleave|p2b: Kingambit\n|-resisted|p2b: Kingambit|1\n|-damage|p2b: Kingambit|0 fnt\n|faint|p2b: Kingambit\n|\n|win|AAACompanyBtw\n|raw|AAACompanyBtw's rating: 1191 &rarr; <strong>1222</strong><br />(+31 for winning)\n|raw|indypacer's rating: 1277 &rarr; <strong>1246</strong><br />(-31 for losing)\n",
  "uploadtime": 1776294823,
  "views": 38,
  "formatid": "gen9championsvgc2026regma",
  "rating": 1222,
  "private": 0,
  "password": null
}