{
  "id": "gen9championsvgc2026regma-2582836780",
  "format": "[Gen 9 Champions] VGC 2026 Reg M-A",
  "players": [
    "Nasihasi",
    "ChillSwadloon"
  ],
  "log": "|j|\u2606Nasihasi\n|j|\u2606ChillSwadloon\n|t:|1776117897\n|gametype|doubles\n|player|p1|Nasihasi|hiker-gen4|1279\n|player|p2|ChillSwadloon|steven|1325\n|gen|9\n|tier|[Gen 9 Champions] VGC 2026 Reg M-A\n|rated|\n|rule|Species Clause: Limit one of each Pok\u00e9mon\n|rule|Item Clause: Limit 1 of each item\n|clearpoke\n|poke|p1|Floette-Eternal, L50, F|\n|poke|p1|Incineroar, L50, M|\n|poke|p1|Sinistcha, L50|\n|poke|p1|Basculegion, L50, M|\n|poke|p1|Sneasler, L50, M|\n|poke|p1|Kleavor, L50, F|\n|poke|p2|Pelipper, L50, F|\n|poke|p2|Archaludon, L50, F|\n|poke|p2|Meganium, L50, F|\n|poke|p2|Basculegion, L50, M|\n|poke|p2|Kleavor, L50, M|\n|poke|p2|Gengar, L50, F|\n|teampreview|4\n|inactive|Battle timer is ON: inactive players will automatically lose when time's up. (requested by Nasihasi)\n|\n|t:|1776117934\n|teamsize|p1|4\n|teamsize|p2|4\n|start\n|switch|p1a: Sneasler|Sneasler, L50, M|100/100\n|switch|p1b: Incineroar|Incineroar, L50, M|100/100\n|switch|p2a: Kleavor|Kleavor, L50, M|100/100\n|switch|p2b: Gengar|Gengar, L50, F|100/100\n|-ability|p1b: Incineroar|Intimidate|boost\n|-unboost|p2a: Kleavor|atk|1\n|-unboost|p2b: Gengar|atk|1\n|turn|1\n|\n|t:|1776117954\n|switch|p2b: Archaludon|Archaludon, L50, F|100/100\n|move|p1a: Sneasler|Fake Out|p2a: Kleavor\n|-resisted|p2a: Kleavor|1\n|-damage|p2a: Kleavor|92/100\n|cant|p2a: Kleavor|flinch\n|move|p1b: Incineroar|Darkest Lariat|p2b: Archaludon\n|-damage|p2b: Archaludon|78/100\n|-ability|p2b: Archaludon|Stamina|boost\n|-boost|p2b: Archaludon|def|1\n|\n|upkeep\n|turn|2\n|\n|t:|1776117973\n|move|p2b: Archaludon|Protect|p2b: Archaludon\n|-singleturn|p2b: Archaludon|Protect\n|move|p2a: Kleavor|Stone Axe|p1b: Incineroar\n|-supereffective|p1b: Incineroar|1\n|-damage|p1b: Incineroar|46/100\n|-sidestart|p1: Nasihasi|move: Stealth Rock\n|-enditem|p1b: Incineroar|Sitrus Berry|[eat]\n|-heal|p1b: Incineroar|71/100|[from] item: Sitrus Berry\n|move|p1a: Sneasler|Close Combat|p2b: Archaludon\n|-activate|p2b: Archaludon|move: Protect\n|move|p1b: Incineroar|Darkest Lariat|p2a: Kleavor\n|-damage|p2a: Kleavor|47/100\n|\n|upkeep\n|turn|3\n|inactive|Nasihasi has 30 seconds left.\n|\n|t:|1776117998\n|switch|p2a: Pelipper|Pelipper, L50, F|100/100\n|-weather|RainDance|[from] ability: Drizzle|[of] p2a: Pelipper\n|move|p1a: Sneasler|Close Combat|p2b: Archaludon\n|-supereffective|p2b: Archaludon|1\n|-damage|p2b: Archaludon|17/100\n|-unboost|p1a: Sneasler|def|1\n|-unboost|p1a: Sneasler|spd|1\n|-ability|p2b: Archaludon|Stamina|boost\n|-boost|p2b: Archaludon|def|1\n|-enditem|p1a: Sneasler|White Herb\n|-clearnegativeboost|p1a: Sneasler|[silent]\n|move|p2b: Archaludon|Electro Shot||[still]\n|-prepare|p2b: Archaludon|Electro Shot\n|-boost|p2b: Archaludon|spa|1\n|-anim|p2b: Archaludon|Electro Shot|p1a: Sneasler\n|-crit|p1a: Sneasler\n|-damage|p1a: Sneasler|0 fnt\n|faint|p1a: Sneasler\n|move|p1b: Incineroar|Parting Shot|p2a: Pelipper\n|-unboost|p2a: Pelipper|atk|1\n|-unboost|p2a: Pelipper|spa|1\n|\n|t:|1776118019\n|switch|p1b: Floette|Floette-Eternal, L50, F|100/100|[from] Parting Shot\n|-damage|p1b: Floette|88/100|[from] Stealth Rock\n|\n|-weather|RainDance|[upkeep]\n|upkeep\n|\n|t:|1776118034\n|switch|p1a: Sinistcha|Sinistcha, L50|100/100\n|-damage|p1a: Sinistcha|88/100|[from] Stealth Rock\n|-heal|p1b: Floette|100/100|[from] ability: Hospitality|[of] p1a: Sinistcha\n|turn|4\n|\n|t:|1776118044\n|detailschange|p1b: Floette|Floette-Mega, L50, F\n|-mega|p1b: Floette|Floette|Floettite\n|-ability|p1b: Floette|Fairy Aura\n|move|p2b: Archaludon|Protect|p2b: Archaludon\n|-singleturn|p2b: Archaludon|Protect\n|move|p1b: Floette|Dazzling Gleam|p2b: Archaludon|[spread] p2a\n|-activate|p2b: Archaludon|move: Protect\n|-damage|p2a: Pelipper|16/100\n|move|p2a: Pelipper|Tailwind|p2a: Pelipper\n|-sidestart|p2: ChillSwadloon|move: Tailwind\n|move|p1a: Sinistcha|Trick Room|p1a: Sinistcha\n|-fieldstart|move: Trick Room|[of] p1a: Sinistcha\n|\n|-weather|RainDance|[upkeep]\n|upkeep\n|turn|5\n|-activate|p2b: Archaludon|item: Quick Claw\n|\n|t:|1776118063\n|move|p2b: Archaludon|Flash Cannon|p1b: Floette\n|-supereffective|p1b: Floette|1\n|-damage|p1b: Floette|8/100\n|move|p1a: Sinistcha|Matcha Gotcha|p2b: Archaludon|[spread] p2a,p2b\n|-resisted|p2b: Archaludon|2\n|-damage|p2a: Pelipper|0 fnt\n|-heal|p1a: Sinistcha|94/100|[from] drain|[of] p2a: Pelipper\n|-damage|p2b: Archaludon|9/100\n|-heal|p1a: Sinistcha|99/100|[from] drain|[of] p2b: Archaludon\n|-ability|p2b: Archaludon|Stamina|boost\n|-boost|p2b: Archaludon|def|1\n|faint|p2a: Pelipper\n|move|p1b: Floette|Moonblast|p2b: Archaludon\n|-damage|p2b: Archaludon|0 fnt\n|faint|p2b: Archaludon\n|\n|-weather|RainDance|[upkeep]\n|upkeep\n|\n|t:|1776118079\n|switch|p2b: Gengar|Gengar, L50, F|100/100\n|switch|p2a: Kleavor|Kleavor, L50, M|47/100\n|turn|6\n|inactive|ChillSwadloon has 30 seconds left.\n|\n|t:|1776118114\n|detailschange|p2b: Gengar|Gengar-Mega, L50, F\n|-mega|p2b: Gengar|Gengar|Gengarite\n|move|p1a: Sinistcha|Rage Powder|p1a: Sinistcha\n|-singleturn|p1a: Sinistcha|move: Rage Powder\n|move|p1b: Floette|Dazzling Gleam|p2a: Kleavor|[spread] p2a,p2b\n|-resisted|p2b: Gengar|1\n|-damage|p2a: Kleavor|0 fnt\n|-damage|p2b: Gengar|63/100\n|faint|p2a: Kleavor\n|move|p2b: Gengar|Perish Song|p2b: Gengar\n|-start|p1a: Sinistcha|perish3|[silent]\n|-start|p1b: Floette|perish3|[silent]\n|-start|p2b: Gengar|perish3|[silent]\n|-fieldactivate|move: Perish Song\n|\n|-weather|RainDance|[upkeep]\n|-start|p1a: Sinistcha|perish3\n|-start|p1b: Floette|perish3\n|-start|p2b: Gengar|perish3\n|upkeep\n|turn|7\n|\n|t:|1776118129\n|move|p2b: Gengar|Protect|p2b: Gengar\n|-singleturn|p2b: Gengar|Protect\n|move|p1a: Sinistcha|Life Dew|p1a: Sinistcha|[spread] p1a,p1b\n|-heal|p1a: Sinistcha|100/100\n|-heal|p1b: Floette|33/100\n|move|p1b: Floette|Moonblast|p2b: Gengar\n|-activate|p2b: Gengar|move: Protect\n|\n|-weather|none\n|-start|p1a: Sinistcha|perish2\n|-start|p1b: Floette|perish2\n|-start|p2b: Gengar|perish2\n|-sideend|p2: ChillSwadloon|move: Tailwind\n|upkeep\n|turn|8\n|\n|t:|1776118149\n|move|p1a: Sinistcha|Life Dew||[still]|[spread] p1a,p1b\n|-fail|p1a: Sinistcha|heal\n|-heal|p1b: Floette|57/100\n|move|p1b: Floette|Moonblast|p2b: Gengar\n|-resisted|p2b: Gengar|1\n|-damage|p2b: Gengar|9/100\n|move|p2b: Gengar|Sludge Bomb|p1b: Floette\n|-supereffective|p1b: Floette|1\n|-damage|p1b: Floette|0 fnt\n|faint|p1b: Floette\n|\n|-start|p1a: Sinistcha|perish1\n|-start|p2b: Gengar|perish1\n|-fieldend|move: Trick Room\n|upkeep\n|\n|t:|1776118158\n|switch|p1b: Incineroar|Incineroar, L50, M|71/100\n|-damage|p1b: Incineroar|46/100|[from] Stealth Rock\n|-ability|p1b: Incineroar|Intimidate|boost\n|-unboost|p2b: Gengar|atk|1\n|turn|9\n|\n|t:|1776118163\n|move|p1b: Incineroar|Fake Out|p1a: Sinistcha\n|-immune|p1a: Sinistcha\n|move|p2b: Gengar|Sludge Bomb|p1a: Sinistcha\n|-damage|p1a: Sinistcha|39/100\n|move|p1a: Sinistcha|Matcha Gotcha|p2b: Gengar\n|-resisted|p2b: Gengar|1\n|-damage|p2b: Gengar|0 fnt\n|-heal|p1a: Sinistcha|43/100|[from] drain|[of] p2b: Gengar\n|faint|p2b: Gengar\n|\n|win|Nasihasi\n|raw|Nasihasi's rating: 1279 &rarr; <strong>1307</strong><br />(+28 for winning)\n|raw|ChillSwadloon's rating: 1325 &rarr; <strong>1302</strong><br />(-23 for losing)\n",
  "uploadtime": 1776118170,
  "views": 34,
  "formatid": "gen9championsvgc2026regma",
  "rating": 1302,
  "private": 0,
  "password": null
}