{
  "id": "gen9championsvgc2026regma-2581685396",
  "format": "[Gen 9 Champions] VGC 2026 Reg M-A",
  "players": [
    "NoMercyPex",
    "actuary97"
  ],
  "log": "|j|\u2606NoMercyPex\n|j|\u2606actuary97\n|t:|1776020594\n|gametype|doubles\n|player|p1|NoMercyPex|silver-masters|1286\n|player|p2|actuary97|sabrina-frlg|1307\n|gen|9\n|tier|[Gen 9 Champions] VGC 2026 Reg M-A\n|rated|\n|rule|Species Clause: Limit one of each Pok\u00e9mon\n|rule|Item Clause: Limit 1 of each item\n|clearpoke\n|poke|p1|Whimsicott, L50, M|\n|poke|p1|Gardevoir, L50, F|\n|poke|p1|Garchomp, L50, M|\n|poke|p1|Incineroar, L50, M|\n|poke|p1|Sneasler, L50, F|\n|poke|p1|Farigiraf, L50, M|\n|poke|p2|Tyranitar, L50, M|\n|poke|p2|Gallade, L50, M|\n|poke|p2|Sinistcha, L50|\n|poke|p2|Corviknight, L50, M|\n|poke|p2|Incineroar, L50, M|\n|poke|p2|Alakazam, L50, F|\n|teampreview|4\n|inactive|Battle timer is ON: inactive players will automatically lose when time's up. (requested by NoMercyPex)\n|inactive|NoMercyPex has 60 seconds left.\n|inactive|actuary97 has 60 seconds left.\n|inactive|NoMercyPex has 30 seconds left.\n|inactive|NoMercyPex has 20 seconds left.\n|inactive|NoMercyPex has 15 seconds left.\n|inactive|NoMercyPex has 10 seconds left.\n|\n|t:|1776020679\n|teamsize|p1|4\n|teamsize|p2|4\n|start\n|switch|p1a: Whimsicott|Whimsicott, L50, M|100/100\n|switch|p1b: Sneasler|Sneasler, L50, F|100/100\n|switch|p2a: Corviknight|Corviknight, L50, M|100/100\n|switch|p2b: Incineroar|Incineroar, L50, M|100/100\n|-ability|p2b: Incineroar|Intimidate|boost\n|-unboost|p1a: Whimsicott|atk|1\n|-unboost|p1b: Sneasler|atk|1\n|-enditem|p1b: Sneasler|White Herb\n|-clearnegativeboost|p1b: Sneasler|[silent]\n|turn|1\n|\n|t:|1776020696\n|switch|p1a: Garchomp|Garchomp, L50, M|100/100\n|switch|p2b: Sinistcha|Sinistcha, L50|100/100\n|move|p1b: Sneasler|Fake Out|p2a: Corviknight\n|-resisted|p2a: Corviknight|1\n|-damage|p2a: Corviknight|94/100\n|cant|p2a: Corviknight|flinch\n|\n|-heal|p2a: Corviknight|99/100|[from] item: Leftovers\n|upkeep\n|turn|2\n|\n|t:|1776020718\n|move|p2b: Sinistcha|Rage Powder|p2b: Sinistcha\n|-singleturn|p2b: Sinistcha|move: Rage Powder\n|move|p1b: Sneasler|Dire Claw|p2b: Sinistcha\n|-damage|p2b: Sinistcha|56/100\n|move|p1a: Garchomp|Dragon Claw|p2b: Sinistcha\n|-damage|p2b: Sinistcha|17/100\n|-enditem|p2b: Sinistcha|Sitrus Berry|[eat]\n|-heal|p2b: Sinistcha|42/100|[from] item: Sitrus Berry\n|move|p2a: Corviknight|Bulk Up|p2a: Corviknight\n|-boost|p2a: Corviknight|atk|1\n|-boost|p2a: Corviknight|def|1\n|\n|-heal|p2a: Corviknight|100/100|[from] item: Leftovers\n|upkeep\n|turn|3\n|\n|t:|1776020732\n|switch|p2b: Incineroar|Incineroar, L50, M|100/100\n|-ability|p2b: Incineroar|Intimidate|boost\n|-unboost|p1a: Garchomp|atk|1\n|-unboost|p1b: Sneasler|atk|1\n|move|p1b: Sneasler|Dire Claw|p2b: Incineroar\n|-damage|p2b: Incineroar|75/100\n|move|p1a: Garchomp|Dragon Claw|p2b: Incineroar\n|-damage|p2b: Incineroar|50/100\n|move|p2a: Corviknight|Tailwind|p2a: Corviknight\n|-sidestart|p2: actuary97|move: Tailwind\n|\n|upkeep\n|turn|4\n|\n|t:|1776020761\n|switch|p1a: Whimsicott|Whimsicott, L50, M|100/100\n|switch|p2b: Sinistcha|Sinistcha, L50|42/100\n|move|p1b: Sneasler|Close Combat|p2b: Sinistcha\n|-immune|p2b: Sinistcha\n|move|p2a: Corviknight|Brave Bird|p1b: Sneasler\n|-supereffective|p1b: Sneasler|1\n|-damage|p1b: Sneasler|0 fnt\n|faint|p1b: Sneasler\n|-damage|p2a: Corviknight|76/100|[from] Recoil\n|\n|-heal|p2a: Corviknight|81/100|[from] item: Leftovers\n|upkeep\n|\n|t:|1776020772\n|switch|p1b: Gardevoir|Gardevoir, L50, F|100/100\n|-ability|p1b: Gardevoir|Mirror Armor|Trace|[from] ability: Trace|[of] p2a: Corviknight\n|turn|5\n|\n|t:|1776020795\n|detailschange|p1b: Gardevoir|Gardevoir-Mega, L50, F\n|-mega|p1b: Gardevoir|Gardevoir|Gardevoirite\n|move|p1a: Whimsicott|Tailwind|p1a: Whimsicott\n|-sidestart|p1: NoMercyPex|move: Tailwind\n|move|p1b: Gardevoir|Calm Mind|p1b: Gardevoir\n|-boost|p1b: Gardevoir|spa|1\n|-boost|p1b: Gardevoir|spd|1\n|move|p2a: Corviknight|Brave Bird|p1a: Whimsicott\n|-supereffective|p1a: Whimsicott|1\n|-enditem|p1a: Whimsicott|Focus Sash\n|-damage|p1a: Whimsicott|1/100\n|-damage|p2a: Corviknight|60/100|[from] Recoil\n|move|p2b: Sinistcha|Trick Room|p2b: Sinistcha\n|-fieldstart|move: Trick Room|[of] p2b: Sinistcha\n|\n|-heal|p2a: Corviknight|65/100|[from] item: Leftovers\n|upkeep\n|turn|6\n|\n|t:|1776020813\n|switch|p2b: Incineroar|Incineroar, L50, M|50/100\n|-ability|p2b: Incineroar|Intimidate|boost\n|-unboost|p1a: Whimsicott|atk|1\n|-unboost|p1b: Gardevoir|atk|1\n|move|p1b: Gardevoir|Protect|p1b: Gardevoir\n|-singleturn|p1b: Gardevoir|Protect\n|move|p1a: Whimsicott|Encore|p2b: Incineroar\n|-hint|Since gen 7, Dark is immune to Prankster moves.\n|-immune|p2b: Incineroar\n|move|p2a: Corviknight|Brave Bird|p1b: Gardevoir\n|-activate|p1b: Gardevoir|move: Protect\n|\n|-heal|p2a: Corviknight|71/100|[from] item: Leftovers\n|-sideend|p2: actuary97|move: Tailwind\n|upkeep\n|turn|7\n|\n|t:|1776020827\n|switch|p1b: Garchomp|Garchomp, L50, M|100/100\n|move|p2b: Incineroar|Flare Blitz|p1b: Garchomp\n|-resisted|p1b: Garchomp|1\n|-damage|p1b: Garchomp|76/100\n|-damage|p2b: Incineroar|38/100|[from] ability: Rough Skin|[of] p1b: Garchomp\n|-damage|p2b: Incineroar|31/100|[from] Recoil\n|move|p2a: Corviknight|Brave Bird|p1b: Garchomp\n|-damage|p1b: Garchomp|22/100\n|-damage|p2a: Corviknight|59/100|[from] ability: Rough Skin|[of] p1b: Garchomp\n|-damage|p2a: Corviknight|43/100|[from] Recoil\n|move|p1a: Whimsicott|Moonblast|p2a: Corviknight\n|-resisted|p2a: Corviknight|1\n|-damage|p2a: Corviknight|30/100\n|\n|-heal|p2a: Corviknight|36/100|[from] item: Leftovers\n|upkeep\n|turn|8\n|\n|t:|1776020850\n|move|p2b: Incineroar|Flare Blitz|p1a: Whimsicott\n|-supereffective|p1a: Whimsicott|1\n|-damage|p1a: Whimsicott|0 fnt\n|faint|p1a: Whimsicott\n|-damage|p2b: Incineroar|30/100|[from] Recoil\n|move|p2a: Corviknight|Body Press|p1b: Garchomp\n|-damage|p1b: Garchomp|0 fnt\n|-damage|p2a: Corviknight|23/100|[from] ability: Rough Skin|[of] p1b: Garchomp\n|faint|p1b: Garchomp\n|\n|-heal|p2a: Corviknight|29/100|[from] item: Leftovers\n|-sideend|p1: NoMercyPex|move: Tailwind\n|upkeep\n|\n|t:|1776020860\n|switch|p1b: Gardevoir|Gardevoir-Mega, L50, F|100/100\n|turn|9\n|\n|t:|1776020866\n|move|p1b: Gardevoir|Protect|p1b: Gardevoir\n|-singleturn|p1b: Gardevoir|Protect\n|move|p2b: Incineroar|Parting Shot|p1b: Gardevoir\n|-activate|p1b: Gardevoir|move: Protect\n|move|p2a: Corviknight|Tailwind|p2a: Corviknight\n|-sidestart|p2: actuary97|move: Tailwind\n|\n|-heal|p2a: Corviknight|35/100|[from] item: Leftovers\n|-fieldend|move: Trick Room\n|upkeep\n|turn|10\n|\n|t:|1776020873\n|move|p2a: Corviknight|Brave Bird|p1b: Gardevoir\n|-damage|p1b: Gardevoir|18/100\n|-damage|p2a: Corviknight|12/100|[from] Recoil\n|move|p2b: Incineroar|Parting Shot|p1b: Gardevoir\n|-unboost|p1b: Gardevoir|atk|1\n|-unboost|p1b: Gardevoir|spa|1\n|\n|t:|1776020880\n|switch|p2b: Sinistcha|Sinistcha, L50|42/100|[from] Parting Shot\n|-heal|p2a: Corviknight|37/100|[from] ability: Hospitality|[of] p2b: Sinistcha\n|move|p1b: Gardevoir|Hyper Voice|p2a: Corviknight|[spread] p2a,p2b\n|-resisted|p2a: Corviknight|1\n|-crit|p2a: Corviknight\n|-damage|p2a: Corviknight|9/100\n|-damage|p2b: Sinistcha|4/100\n|\n|-heal|p2a: Corviknight|15/100|[from] item: Leftovers\n|upkeep\n|turn|11\n|-message|NoMercyPex forfeited.\n|\n|win|actuary97\n|raw|NoMercyPex's rating: 1286 &rarr; <strong>1263</strong><br />(-23 for losing)\n|raw|actuary97's rating: 1307 &rarr; <strong>1326</strong><br />(+19 for winning)\n|l|\u2606NoMercyPex\n|player|p1|\n",
  "uploadtime": 1776020894,
  "views": 50,
  "formatid": "gen9championsvgc2026regma",
  "rating": 1263,
  "private": 0,
  "password": null
}