{
  "id": "gen9championsvgc2026regma-2580533144",
  "format": "[Gen 9 Champions] VGC 2026 Reg M-A",
  "players": [
    "jayoticnl",
    "JositoPkm"
  ],
  "log": "|j|\u2606jayoticnl\n|j|\u2606JositoPkm\n|t:|1775909744\n|gametype|doubles\n|player|p1|jayoticnl|idol|1116\n|player|p2|JositoPkm|benga|1114\n|gen|9\n|tier|[Gen 9 Champions] VGC 2026 Reg M-A\n|rated|\n|rule|Species Clause: Limit one of each Pok\u00e9mon\n|rule|Item Clause: Limit 1 of each item\n|clearpoke\n|poke|p1|Banette, L50, M|\n|poke|p1|Incineroar, L50, M|\n|poke|p1|Araquanid, L50, F|\n|poke|p1|Rotom-Mow, L50|\n|poke|p1|Corviknight, L50, M|\n|poke|p1|Garchomp, L50, F|\n|poke|p2|Charizard, L50, F|\n|poke|p2|Garganacl, L50, M|\n|poke|p2|Dragapult, L50, F|\n|poke|p2|Garchomp, L50, F|\n|poke|p2|Kingambit, L50, M|\n|poke|p2|Rotom-Wash, L50|\n|teampreview|4\nJositoPkm has agreed to open team sheets.\n|\n|t:|1775909802\n|teamsize|p1|4\n|teamsize|p2|4\n|start\n|switch|p1a: Banette|Banette, L50, M|100/100\n|switch|p1b: Garchomp|Garchomp, L50, F|100/100\n|switch|p2a: Charizard|Charizard, L50, F|100/100\n|switch|p2b: Garganacl|Garganacl, L50, M|100/100\n|-item|p2a: Charizard|Charizardite Y|[from] ability: Frisk|[of] p1a: Banette\n|-item|p2b: Garganacl|Chople Berry|[from] ability: Frisk|[of] p1a: Banette\n|turn|1\n|\n|t:|1775909823\n|detailschange|p2a: Charizard|Charizard-Mega-Y, L50, F\n|-mega|p2a: Charizard|Charizard|Charizardite Y\n|-weather|SunnyDay|[from] ability: Drought|[of] p2a: Charizard\n|detailschange|p1a: Banette|Banette-Mega, L50, M\n|-mega|p1a: Banette|Banette|Banettite\n|move|p2a: Charizard|Protect|p2a: Charizard\n|-singleturn|p2a: Charizard|Protect\n|move|p1b: Garchomp|Dragon Claw|p2a: Charizard\n|-activate|p2a: Charizard|move: Protect\n|move|p1a: Banette|Poltergeist|p2a: Charizard\n|-activate|p2a: Charizard|move: Protect\n|move|p2b: Garganacl|Salt Cure|p1a: Banette\n|-damage|p1a: Banette|86/100\n|-start|p1a: Banette|Salt Cure\n|\n|-weather|SunnyDay|[upkeep]\n|-damage|p1a: Banette|80/100|[from] Salt Cure\n|upkeep\n|turn|2\n|l|\u2606jayoticnl\n|player|p1|\n|j|\u2606jayoticnl\n|player|p1|jayoticnl|idol|\n|\n|t:|1775909871\n|switch|p2a: Rotom|Rotom-Wash, L50|100/100\n|move|p1a: Banette|Encore||[still]\n|-fail|p1a: Banette\n|move|p1b: Garchomp|Stomping Tantrum|p2b: Garganacl\n|-supereffective|p2b: Garganacl|1\n|-damage|p2b: Garganacl|62/100\n|move|p2b: Garganacl|Salt Cure|p1b: Garchomp\n|-resisted|p1b: Garchomp|1\n|-damage|p1b: Garchomp|94/100\n|-start|p1b: Garchomp|Salt Cure\n|\n|-weather|SunnyDay|[upkeep]\n|-damage|p1b: Garchomp|88/100|[from] Salt Cure\n|-damage|p1a: Banette|74/100|[from] Salt Cure\n|upkeep\n|turn|3\n|\n|t:|1775909907\n|move|p1b: Garchomp|Dragon Claw|p2a: Rotom\n|-damage|p2a: Rotom|56/100\n|move|p2a: Rotom|Nasty Plot|p2a: Rotom\n|-boost|p2a: Rotom|spa|2\n|move|p1a: Banette|Poltergeist|p2a: Rotom\n|-activate|p2a: Rotom|move: Poltergeist|Magnet\n|-damage|p2a: Rotom|0 fnt\n|faint|p2a: Rotom\n|move|p2b: Garganacl|Recover|p2b: Garganacl\n|-heal|p2b: Garganacl|100/100\n|\n|-weather|SunnyDay|[upkeep]\n|-damage|p1b: Garchomp|82/100|[from] Salt Cure\n|-damage|p1a: Banette|68/100|[from] Salt Cure\n|upkeep\n|\n|t:|1775909916\n|switch|p2a: Dragapult|Dragapult, L50, F|100/100\n|turn|4\n|\n|t:|1775909929\n|move|p1a: Banette|Will-O-Wisp|p2a: Dragapult\n|-status|p2a: Dragapult|brn\n|move|p2a: Dragapult|Phantom Force||[still]\n|-prepare|p2a: Dragapult|Phantom Force\n|move|p1b: Garchomp|Dragon Claw|p2a: Dragapult|[miss]\n|-miss|p1b: Garchomp|p2a: Dragapult\n|move|p2b: Garganacl|Salt Cure|p1b: Garchomp\n|-resisted|p1b: Garchomp|1\n|-damage|p1b: Garchomp|75/100\n|\n|-weather|SunnyDay|[upkeep]\n|-damage|p2a: Dragapult|94/100 brn|[from] brn\n|-damage|p1b: Garchomp|69/100|[from] Salt Cure\n|-damage|p1a: Banette|62/100|[from] Salt Cure\n|upkeep\n|turn|5\n|\n|t:|1775909946\n|switch|p1a: Incineroar|Incineroar, L50, M|100/100\n|-ability|p1a: Incineroar|Intimidate|boost\n|-fail|p2a: Dragapult|unboost|[from] ability: Clear Body|[of] p2a: Dragapult\n|-fail|p2b: Garganacl|unboost|[from] ability: Clear Body|[of] p2b: Garganacl\n|move|p2a: Dragapult|Phantom Force|p1a: Incineroar|[from] lockedmove\n|-resisted|p1a: Incineroar|1\n|-damage|p1a: Incineroar|92/100\n|move|p1b: Garchomp|Stomping Tantrum|p2b: Garganacl\n|-supereffective|p2b: Garganacl|1\n|-damage|p2b: Garganacl|25/100\n|move|p2b: Garganacl|Salt Cure|p1a: Incineroar\n|-supereffective|p1a: Incineroar|1\n|-damage|p1a: Incineroar|65/100\n|-start|p1a: Incineroar|Salt Cure\n|\n|-weather|none\n|-damage|p2a: Dragapult|88/100 brn|[from] brn\n|-damage|p1b: Garchomp|63/100|[from] Salt Cure\n|-damage|p1a: Incineroar|59/100|[from] Salt Cure\n|upkeep\n|turn|6\n|\n|t:|1775909992\n|move|p2a: Dragapult|Dragon Claw|p1b: Garchomp\n|-supereffective|p1b: Garchomp|1\n|-damage|p1b: Garchomp|24/100\n|-damage|p2a: Dragapult|76/100 brn|[from] ability: Rough Skin|[of] p1b: Garchomp\n|move|p1b: Garchomp|Stomping Tantrum|p2b: Garganacl\n|-supereffective|p2b: Garganacl|1\n|-damage|p2b: Garganacl|0 fnt\n|faint|p2b: Garganacl\n|move|p1a: Incineroar|Assurance|p2a: Dragapult\n|-supereffective|p2a: Dragapult|1\n|-damage|p2a: Dragapult|0 fnt\n|faint|p2a: Dragapult\n|\n|-damage|p1b: Garchomp|18/100|[from] Salt Cure\n|-damage|p1a: Incineroar|53/100|[from] Salt Cure\n|upkeep\n|\n|t:|1775910003\n|switch|p2b: Charizard|Charizard-Mega-Y, L50, F|100/100\n|-weather|SunnyDay|[from] ability: Drought|[of] p2b: Charizard\n|turn|7\n|\n|t:|1775910023\n|move|p1b: Garchomp|Dragon Claw|p2b: Charizard\n|-damage|p2b: Charizard|42/100\n|move|p2b: Charizard|Solar Beam||[still]\n|-prepare|p2b: Charizard|Solar Beam\n|-anim|p2b: Charizard|Solar Beam|p1b: Garchomp\n|-damage|p1b: Garchomp|0 fnt\n|faint|p1b: Garchomp\n|move|p1a: Incineroar|Parting Shot|p2b: Charizard\n|-unboost|p2b: Charizard|atk|1\n|-unboost|p2b: Charizard|spa|1\n|\n|t:|1775910029\n|switch|p1a: Banette|Banette-Mega, L50, M|62/100|[from] Parting Shot\n|\n|-weather|SunnyDay|[upkeep]\n|upkeep\n|\n|t:|1775910031\n|switch|p1b: Incineroar|Incineroar, L50, M|53/100\n|-ability|p1b: Incineroar|Intimidate|boost\n|-unboost|p2b: Charizard|atk|1\n|turn|8\n|\n|t:|1775910037\n|move|p1b: Incineroar|Fake Out|p2b: Charizard\n|-damage|p2b: Charizard|26/100\n|cant|p2b: Charizard|flinch\n|move|p1a: Banette|Trick Room|p1a: Banette\n|-fieldstart|move: Trick Room|[of] p1a: Banette\n|\n|-weather|SunnyDay|[upkeep]\n|upkeep\n|turn|9\n|\n|t:|1775910045\n|move|p2b: Charizard|Protect|p2b: Charizard\n|-singleturn|p2b: Charizard|Protect\n|move|p1b: Incineroar|Parting Shot|p2b: Charizard\n|-activate|p2b: Charizard|move: Protect\n|move|p1a: Banette|Poltergeist|p2b: Charizard\n|-activate|p2b: Charizard|move: Protect\n|\n|-weather|SunnyDay|[upkeep]\n|upkeep\n|turn|10\n|\n|t:|1775910089\n|switch|p1b: Rotom|Rotom-Mow, L50|100/100\n|move|p1a: Banette|Encore|p2b: Charizard\n|-start|p2b: Charizard|Encore\n|move|p2b: Charizard|Protect||[still]\n|-fail|p2b: Charizard\n|\n|-weather|SunnyDay|[upkeep]\n|upkeep\n|turn|11\n|\n|t:|1775910096\n|move|p2b: Charizard|Protect|p2b: Charizard\n|-singleturn|p2b: Charizard|Protect\n|move|p1a: Banette|Poltergeist|p2b: Charizard\n|-activate|p2b: Charizard|move: Protect\n|move|p1b: Rotom|Thunderbolt|p2b: Charizard\n|-activate|p2b: Charizard|move: Protect\n|\n|-weather|none\n|upkeep\n|turn|12\n|\n|t:|1775910104\n|move|p2b: Charizard|Protect||[still]\n|-fail|p2b: Charizard\n|move|p1a: Banette|Poltergeist|p2b: Charizard\n|-activate|p2b: Charizard|move: Poltergeist|Charizardite Y\n|-damage|p2b: Charizard|0 fnt\n|faint|p2b: Charizard\n|\n|win|jayoticnl\n|raw|jayoticnl's rating: 1116 &rarr; <strong>1141</strong><br />(+25 for winning)\n|raw|JositoPkm's rating: 1114 &rarr; <strong>1089</strong><br />(-25 for losing)\n|l|\u2606JositoPkm\n|player|p2|\n",
  "uploadtime": 1775910329,
  "views": 11,
  "formatid": "gen9championsvgc2026regma",
  "rating": 1089,
  "private": 0,
  "password": null
}