{
  "id": "gen9championsvgc2026regma-2585066136",
  "format": "[Gen 9 Champions] VGC 2026 Reg M-A",
  "players": [
    "the great crusader",
    "yiyi yizi"
  ],
  "log": "|j|\u2606the great crusader\n|j|\u2606yiyi yizi\n|t:|1776308292\n|gametype|doubles\n|player|p1|the great crusader|plasmagrunt|1187\n|player|p2|yiyi yizi|hilbert|1152\n|gen|9\n|tier|[Gen 9 Champions] VGC 2026 Reg M-A\n|rated|\n|rule|Species Clause: Limit one of each Pok\u00e9mon\n|rule|Item Clause: Limit 1 of each item\n|clearpoke\n|poke|p1|Charizard, L50, F|\n|poke|p1|Venusaur, L50, F|\n|poke|p1|Rotom-Wash, L50|\n|poke|p1|Garchomp, L50, M|\n|poke|p1|Whimsicott, L50, M|\n|poke|p1|Kingambit, L50, M|\n|poke|p2|Primarina, L50, M|\n|poke|p2|Politoed, L50, M|\n|poke|p2|Azumarill, L50, M|\n|poke|p2|Whimsicott, L50, F|\n|poke|p2|Starmie, L50|\n|poke|p2|Vaporeon, L50, F|\n|teampreview|4\n|inactive|Battle timer is ON: inactive players will automatically lose when time's up. (requested by yiyi yizi)\nyiyi yizi rejected open team sheets.\n|inactive|yiyi yizi has 60 seconds left.\n|\n|t:|1776308330\n|teamsize|p1|4\n|teamsize|p2|4\n|start\n|switch|p1a: Charizard|Charizard, L50, F|100/100\n|switch|p1b: Rotom|Rotom-Wash, L50|100/100\n|switch|p2a: Whimsicott|Whimsicott, L50, F, shiny|100/100\n|switch|p2b: Vaporeon|Vaporeon, L50, F|100/100\n|turn|1\n|\n|t:|1776308346\n|move|p1a: Charizard|Protect|p1a: Charizard\n|-singleturn|p1a: Charizard|Protect\n|move|p2b: Vaporeon|Protect|p2b: Vaporeon\n|-singleturn|p2b: Vaporeon|Protect\n|move|p1b: Rotom|Trick|p2a: Whimsicott\n|-activate|p1b: Rotom|move: Trick|[of] p2a: Whimsicott\n|-item|p2a: Whimsicott|Choice Scarf|[from] move: Trick\n|-item|p1b: Rotom|Focus Sash|[from] move: Trick\n|move|p2a: Whimsicott|Trick Room|p2a: Whimsicott\n|-fieldstart|move: Trick Room|[of] p2a: Whimsicott\n|\n|upkeep\n|turn|2\n|\n|t:|1776308364\n|switch|p1a: Venusaur|Venusaur, L50, F|100/100\n|switch|p2a: Politoed|Politoed, L50, M|100/100\n|-weather|RainDance|[from] ability: Drizzle|[of] p2a: Politoed\n|move|p2b: Vaporeon|Surf|p1b: Rotom|[spread] p2a,p1a,p1b\n|-resisted|p2a: Politoed|1\n|-resisted|p1a: Venusaur|1\n|-resisted|p1b: Rotom|1\n|-damage|p2a: Politoed|78/100\n|-damage|p1a: Venusaur|71/100\n|-damage|p1b: Rotom|64/100\n|move|p1b: Rotom|Volt Switch|p2b: Vaporeon\n|-supereffective|p2b: Vaporeon|1\n|-damage|p2b: Vaporeon|52/100\n|\n|t:|1776308378\n|switch|p1b: Charizard|Charizard, L50, F|100/100|[from] Volt Switch\n|\n|-weather|RainDance|[upkeep]\n|-heal|p2b: Vaporeon|57/100|[from] item: Leftovers\n|-heal|p1a: Venusaur|77/100|[from] item: Leftovers\n|upkeep\n|turn|3\n|\n|t:|1776308387\n|switch|p2a: Whimsicott|Whimsicott, L50, F, shiny|100/100\n|detailschange|p1b: Charizard|Charizard-Mega-Y, L50, F\n|-mega|p1b: Charizard|Charizard|Charizardite Y\n|-weather|SunnyDay|[from] ability: Drought|[of] p1b: Charizard\n|move|p2b: Vaporeon|Protect|p2b: Vaporeon\n|-singleturn|p2b: Vaporeon|Protect\n|move|p1b: Charizard|Protect|p1b: Charizard\n|-singleturn|p1b: Charizard|Protect\n|move|p1a: Venusaur|Energy Ball|p2b: Vaporeon\n|-activate|p2b: Vaporeon|move: Protect\n|\n|-weather|SunnyDay|[upkeep]\n|-heal|p2b: Vaporeon|63/100|[from] item: Leftovers\n|-heal|p1a: Venusaur|83/100|[from] item: Leftovers\n|upkeep\n|turn|4\n|\n|t:|1776308404\n|switch|p1b: Whimsicott|Whimsicott, L50, M|100/100\n|move|p2a: Whimsicott|Memento|p1b: Whimsicott\n|-unboost|p1b: Whimsicott|atk|2\n|-unboost|p1b: Whimsicott|spa|2\n|faint|p2a: Whimsicott\n|move|p2b: Vaporeon|Rain Dance|p2b: Vaporeon\n|-weather|RainDance\n|move|p1a: Venusaur|Sludge Bomb|p2b: Vaporeon\n|-damage|p2b: Vaporeon|32/100\n|\n|-weather|RainDance|[upkeep]\n|-heal|p2b: Vaporeon|38/100|[from] item: Leftovers\n|-heal|p1a: Venusaur|88/100|[from] item: Leftovers\n|upkeep\n|\n|t:|1776308411\n|switch|p2a: Starmie|Starmie, L50|100/100\n|turn|5\n|\n|t:|1776308422\n|detailschange|p2a: Starmie|Starmie-Mega, L50\n|-mega|p2a: Starmie|Starmie|Starminite\n|move|p1b: Whimsicott|Encore|p2b: Vaporeon\n|-start|p2b: Vaporeon|Encore\n|move|p2b: Vaporeon|Rain Dance||[still]\n|-fail|p2b: Vaporeon\n|move|p1a: Venusaur|Energy Ball|p2a: Starmie\n|-supereffective|p2a: Starmie|1\n|-damage|p2a: Starmie|0 fnt\n|faint|p2a: Starmie\n|\n|-weather|RainDance|[upkeep]\n|-heal|p2b: Vaporeon|44/100|[from] item: Leftovers\n|-heal|p1a: Venusaur|94/100|[from] item: Leftovers\n|-fieldend|move: Trick Room\n|upkeep\n|-message|yiyi yizi forfeited.\n|\n|win|the great crusader\n|raw|the great crusader's rating: 1187 &rarr; <strong>1209</strong><br />(+22 for winning)\n|raw|yiyi yizi's rating: 1152 &rarr; <strong>1130</strong><br />(-22 for losing)\n|l|\u2606yiyi yizi\n|player|p2|\n",
  "uploadtime": 1776308432,
  "views": 21,
  "formatid": "gen9championsvgc2026regma",
  "rating": 1130,
  "private": 0,
  "password": null
}