{
  "id": "gen9championsvgc2026regma-2587152870",
  "format": "[Gen 9 Champions] VGC 2026 Reg M-A",
  "players": [
    "keipt",
    "BlackWu"
  ],
  "log": "|j|\u2606keipt\n|j|\u2606BlackWu\n|t:|1776501173\n|gametype|doubles\n|player|p1|keipt|1|1333\n|player|p2|BlackWu|101|1258\n|gen|9\n|tier|[Gen 9 Champions] VGC 2026 Reg M-A\n|rated|\n|rule|Species Clause: Limit one of each Pok\u00e9mon\n|rule|Item Clause: Limit 1 of each item\n|clearpoke\n|poke|p1|Glimmora, L50, M|\n|poke|p1|Archaludon, L50, F|\n|poke|p1|Incineroar, L50, M|\n|poke|p1|Sinistcha-Masterpiece, L50|\n|poke|p1|Rotom-Wash, L50|\n|poke|p1|Corviknight, L50, M|\n|poke|p2|Tyranitar, L50, M|\n|poke|p2|Sneasler, L50, M|\n|poke|p2|Gyarados, L50, M|\n|poke|p2|Goodra-Hisui, L50, F|\n|poke|p2|Sinistcha, L50|\n|poke|p2|Farigiraf, L50, M|\n|teampreview|4\n|\n|t:|1776501223\n|teamsize|p1|4\n|teamsize|p2|4\n|start\n|switch|p1a: Corviknight|Corviknight, L50, M|100/100\n|switch|p1b: Rotom|Rotom-Wash, L50|100/100\n|switch|p2a: Goodra|Goodra-Hisui, L50, F|100/100\n|switch|p2b: Sneasler|Sneasler, L50, M|100/100\n|turn|1\n|\n|t:|1776501244\n|move|p1b: Rotom|Will-O-Wisp|p2b: Sneasler\n|-status|p2b: Sneasler|brn\n|move|p2b: Sneasler|Close Combat|p1a: Corviknight\n|-damage|p1a: Corviknight|79/100\n|-unboost|p2b: Sneasler|def|1\n|-unboost|p2b: Sneasler|spd|1\n|-enditem|p2b: Sneasler|White Herb\n|-clearnegativeboost|p2b: Sneasler|[silent]\n|move|p1a: Corviknight|Iron Defense|p1a: Corviknight\n|-boost|p1a: Corviknight|def|2\n|move|p2a: Goodra|Shelter|p2a: Goodra\n|-boost|p2a: Goodra|def|2\n|\n|-damage|p2b: Sneasler|95/100 brn|[from] brn\n|upkeep\n|turn|2\n|\n|t:|1776501290\n|switch|p2b: Sinistcha|Sinistcha, L50|100/100\n|switch|p1b: Incineroar|Incineroar, L50, M|100/100\n|-ability|p1b: Incineroar|Intimidate|boost\n|-unboost|p2a: Goodra|atk|1\n|-unboost|p2b: Sinistcha|atk|1\n|move|p2a: Goodra|Protect|p2a: Goodra\n|-singleturn|p2a: Goodra|Protect\n|move|p1a: Corviknight|Body Press|p2a: Goodra\n|-activate|p2a: Goodra|move: Protect\n|\n|upkeep\n|turn|3\n|\n|t:|1776501311\n|move|p1b: Incineroar|Fake Out|p2a: Goodra\n|-resisted|p2a: Goodra|1\n|-damage|p2a: Goodra|98/100\n|move|p1a: Corviknight|Brave Bird|p2b: Sinistcha\n|-supereffective|p2b: Sinistcha|1\n|-damage|p2b: Sinistcha|33/100\n|-damage|p1a: Corviknight|59/100|[from] Recoil\n|move|p2b: Sinistcha|Matcha Gotcha|p1a: Corviknight|[spread] p1b\n|-miss|p2b: Sinistcha|p1a: Corviknight\n|-resisted|p1b: Incineroar|1\n|-damage|p1b: Incineroar|92/100\n|-heal|p2b: Sinistcha|38/100|[from] drain|[of] p1b: Incineroar\n|cant|p2a: Goodra|flinch\n|\n|-heal|p2a: Goodra|100/100|[from] item: Leftovers\n|upkeep\n|turn|4\n|\n|t:|1776501353\n|move|p2b: Sinistcha|Protect|p2b: Sinistcha\n|-singleturn|p2b: Sinistcha|Protect\n|move|p1a: Corviknight|Iron Defense|p1a: Corviknight\n|-boost|p1a: Corviknight|def|2\n|move|p1b: Incineroar|Flare Blitz|p2b: Sinistcha\n|-activate|p2b: Sinistcha|move: Protect\n|move|p2a: Goodra|Body Press|p1b: Incineroar\n|-supereffective|p1b: Incineroar|1\n|-damage|p1b: Incineroar|0 fnt\n|faint|p1b: Incineroar\n|\n|upkeep\n|\n|t:|1776501375\n|switch|p1b: Archaludon|Archaludon, L50, F|100/100\n|turn|5\n|\n|t:|1776501383\n|switch|p2b: Tyranitar|Tyranitar, L50, M|100/100\n|-weather|Sandstorm|[from] ability: Sand Stream|[of] p2b: Tyranitar\n|move|p1a: Corviknight|Brave Bird|p2b: Tyranitar\n|-resisted|p2b: Tyranitar|1\n|-damage|p2b: Tyranitar|86/100\n|-damage|p1a: Corviknight|55/100|[from] Recoil\n|move|p1b: Archaludon|Aura Sphere|p2a: Goodra\n|-supereffective|p2a: Goodra|1\n|-damage|p2a: Goodra|72/100\n|move|p2a: Goodra|Shelter|p2a: Goodra\n|-boost|p2a: Goodra|def|2\n|\n|-weather|Sandstorm|[upkeep]\n|-heal|p2a: Goodra|78/100|[from] item: Leftovers\n|upkeep\n|turn|6\n|\n|t:|1776501414\n|switch|p2b: Sinistcha|Sinistcha, L50|38/100\n|-heal|p2a: Goodra|100/100|[from] ability: Hospitality|[of] p2b: Sinistcha\n|move|p1a: Corviknight|Iron Defense|p1a: Corviknight\n|-boost|p1a: Corviknight|def|2\n|move|p1b: Archaludon|Aura Sphere|p2b: Sinistcha\n|-immune|p2b: Sinistcha\n|move|p2a: Goodra|Body Press|p1b: Archaludon\n|-supereffective|p1b: Archaludon|1\n|-damage|p1b: Archaludon|0 fnt\n|faint|p1b: Archaludon\n|\n|-weather|Sandstorm|[upkeep]\n|-damage|p2b: Sinistcha|32/100|[from] Sandstorm\n|upkeep\n|\n|t:|1776501429\n|switch|p1b: Rotom|Rotom-Wash, L50|100/100\n|turn|7\n|\n|t:|1776501465\n|move|p2b: Sinistcha|Rage Powder|p2b: Sinistcha\n|-singleturn|p2b: Sinistcha|move: Rage Powder\n|move|p1b: Rotom|Will-O-Wisp|p2b: Sinistcha|[miss]\n|-miss|p1b: Rotom|p2b: Sinistcha\n|move|p1a: Corviknight|Brave Bird|p2b: Sinistcha\n|-supereffective|p2b: Sinistcha|1\n|-damage|p2b: Sinistcha|0 fnt\n|faint|p2b: Sinistcha\n|-damage|p1a: Corviknight|46/100|[from] Recoil\n|move|p2a: Goodra|Body Press|p1b: Rotom\n|-damage|p1b: Rotom|17/100\n|\n|-weather|Sandstorm|[upkeep]\n|-damage|p1b: Rotom|11/100|[from] Sandstorm\n|upkeep\n|\n|t:|1776501480\n|switch|p2b: Sneasler|Sneasler, L50, M|95/100 brn\n|turn|8\n|\n|t:|1776501494\n|move|p2b: Sneasler|Fake Out|p1b: Rotom\n|-damage|p1b: Rotom|3/100\n|cant|p1b: Rotom|flinch\n|move|p1a: Corviknight|Brave Bird|p2b: Sneasler\n|-supereffective|p2b: Sneasler|1\n|-damage|p2b: Sneasler|0 fnt\n|faint|p2b: Sneasler\n|-damage|p1a: Corviknight|22/100|[from] Recoil\n|move|p2a: Goodra|Body Press|p1b: Rotom\n|-damage|p1b: Rotom|0 fnt\n|faint|p1b: Rotom\n|\n|-weather|Sandstorm|[upkeep]\n|upkeep\n|\n|t:|1776501497\n|switch|p2b: Tyranitar|Tyranitar, L50, M|86/100\n|turn|9\n|\n|t:|1776501515\n|detailschange|p2b: Tyranitar|Tyranitar-Mega, L50, M\n|-mega|p2b: Tyranitar|Tyranitar|Tyranitarite\n|move|p2b: Tyranitar|Knock Off|p1a: Corviknight\n|-damage|p1a: Corviknight|10/100\n|-enditem|p1a: Corviknight|Lum Berry|[from] move: Knock Off|[of] p2b: Tyranitar\n|move|p1a: Corviknight|Body Press|p2b: Tyranitar\n|-supereffective|p2b: Tyranitar|2\n|-damage|p2b: Tyranitar|0 fnt\n|faint|p2b: Tyranitar\n|move|p2a: Goodra|Body Press|p1a: Corviknight\n|-damage|p1a: Corviknight|0 fnt\n|faint|p1a: Corviknight\n|\n|win|BlackWu\n|raw|keipt's rating: 1333 &rarr; <strong>1309</strong><br />(-24 for losing)\n|raw|BlackWu's rating: 1258 &rarr; <strong>1288</strong><br />(+30 for winning)\n|l|\u2606keipt\n|player|p1|\n",
  "uploadtime": 1776501527,
  "views": 45,
  "formatid": "gen9championsvgc2026regma",
  "rating": 1288,
  "private": 0,
  "password": null
}