{
  "id": "gen9championsvgc2026regma-2581205765",
  "format": "[Gen 9 Champions] VGC 2026 Reg M-A",
  "players": [
    "sosmile19",
    "Sceptilicious"
  ],
  "log": "|j|\u2606sosmile19\n|j|\u2606Sceptilicious\n|t:|1775970649\n|gametype|doubles\n|player|p1|sosmile19|cheryl|1079\n|player|p2|Sceptilicious|266|1130\n|gen|9\n|tier|[Gen 9 Champions] VGC 2026 Reg M-A\n|rated|\n|rule|Species Clause: Limit one of each Pok\u00e9mon\n|rule|Item Clause: Limit 1 of each item\n|clearpoke\n|poke|p1|Garchomp, L50, M|\n|poke|p1|Charizard, L50, M|\n|poke|p1|Farigiraf, L50, F|\n|poke|p1|Incineroar, L50, M|\n|poke|p1|Whimsicott, L50, F|\n|poke|p1|Kingambit, L50, M|\n|poke|p2|Sinistcha, L50|\n|poke|p2|Dragonite, L50, M|\n|poke|p2|Milotic, L50, F|\n|poke|p2|Incineroar, L50, M|\n|poke|p2|Rotom-Wash, L50|\n|poke|p2|Maushold, L50|\n|teampreview|4\n|inactive|Battle timer is ON: inactive players will automatically lose when time's up. (requested by sosmile19)\n|\n|t:|1775970681\n|teamsize|p1|4\n|teamsize|p2|4\n|start\n|switch|p1a: Charizard|Charizard, L50, M|100/100\n|switch|p1b: Whimsicott|Whimsicott, L50, F|100/100\n|switch|p2a: Lucy|Milotic, L50, F, shiny|100/100\n|switch|p2b: The Trickster|Rotom-Wash, L50|100/100\n|turn|1\n|\n|t:|1775970696\n|detailschange|p1a: Charizard|Charizard-Mega-Y, L50, M\n|-mega|p1a: Charizard|Charizard|Charizardite Y\n|-weather|SunnyDay|[from] ability: Drought|[of] p1a: Charizard\n|move|p1b: Whimsicott|Tailwind|p1b: Whimsicott\n|-sidestart|p1: sosmile19|move: Tailwind\n|move|p1a: Charizard|Solar Beam||[still]\n|-prepare|p1a: Charizard|Solar Beam\n|-anim|p1a: Charizard|Solar Beam|p2a: Lucy\n|-supereffective|p2a: Lucy|1\n|-damage|p2a: Lucy|20/100\n|move|p2b: The Trickster|Volt Switch|p1a: Charizard\n|-supereffective|p1a: Charizard|1\n|-damage|p1a: Charizard|45/100\n|\n|t:|1775970712\n|switch|p2b: Nicole|Dragonite, L50, M, shiny|100/100|[from] Volt Switch\n|move|p2a: Lucy|Rain Dance|p2a: Lucy\n|-weather|RainDance\n|\n|-weather|RainDance|[upkeep]\n|upkeep\n|turn|2\n|\n|t:|1775970732\n|detailschange|p2b: Nicole|Dragonite-Mega, L50, M, shiny\n|-mega|p2b: Nicole|Dragonite|Dragoninite\n|move|p1b: Whimsicott|Sunny Day|p1b: Whimsicott\n|-weather|SunnyDay\n|move|p1a: Charizard|Solar Beam||[still]\n|-prepare|p1a: Charizard|Solar Beam\n|-anim|p1a: Charizard|Solar Beam|p2a: Lucy\n|-supereffective|p2a: Lucy|1\n|-crit|p2a: Lucy\n|-damage|p2a: Lucy|0 fnt\n|faint|p2a: Lucy\n|move|p2b: Nicole|Thunder|p1a: Charizard|[miss]\n|-miss|p2b: Nicole|p1a: Charizard\n|\n|-weather|SunnyDay|[upkeep]\n|upkeep\n|\n|t:|1775970744\n|switch|p2a: Tea Time|Sinistcha, L50|100/100\n|turn|3\n|\n|t:|1775970749\n|move|p2a: Tea Time|Rage Powder|p2a: Tea Time\n|-singleturn|p2a: Tea Time|move: Rage Powder\n|move|p1b: Whimsicott|Moonblast|p2b: Nicole\n|-supereffective|p2b: Nicole|1\n|-damage|p2b: Nicole|67/100\n|move|p1a: Charizard|Heat Wave|p2a: Tea Time|[spread] p2a,p2b\n|-supereffective|p2a: Tea Time|1\n|-resisted|p2b: Nicole|1\n|-damage|p2a: Tea Time|0 fnt\n|-damage|p2b: Nicole|33/100\n|faint|p2a: Tea Time\n|move|p2b: Nicole|Draco Meteor|p1a: Charizard\n|-damage|p1a: Charizard|0 fnt\n|-unboost|p2b: Nicole|spa|2\n|faint|p1a: Charizard\n|\n|-weather|SunnyDay|[upkeep]\n|upkeep\n|\n|t:|1775970765\n|switch|p1a: Kingambit|Kingambit, L50, M|100/100\n|switch|p2a: The Trickster|Rotom-Wash, L50|100/100\n|turn|4\n|inactive|Sceptilicious has 30 seconds left.\n|\n|t:|1775970794\n|move|p2b: Nicole|Protect|p2b: Nicole\n|-singleturn|p2b: Nicole|Protect\n|move|p1b: Whimsicott|Moonblast|p2b: Nicole\n|-activate|p2b: Nicole|move: Protect\n|move|p1a: Kingambit|Kowtow Cleave|p2a: The Trickster\n|-damage|p2a: The Trickster|41/100\n|move|p2a: The Trickster|Will-O-Wisp|p1a: Kingambit\n|-status|p1a: Kingambit|brn\n|\n|-weather|SunnyDay|[upkeep]\n|-heal|p2a: The Trickster|47/100|[from] item: Leftovers\n|-damage|p1a: Kingambit|95/100 brn|[from] brn\n|-sideend|p1: sosmile19|move: Tailwind\n|upkeep\n|turn|5\n|\n|t:|1775970813\n|move|p2a: The Trickster|Protect|p2a: The Trickster\n|-singleturn|p2a: The Trickster|Protect\n|move|p1b: Whimsicott|Moonblast|p2b: Nicole\n|-supereffective|p2b: Nicole|1\n|-damage|p2b: Nicole|0 fnt\n|faint|p2b: Nicole\n|move|p1a: Kingambit|Kowtow Cleave|p2a: The Trickster\n|-activate|p2a: The Trickster|move: Protect\n|\n|-weather|SunnyDay|[upkeep]\n|-heal|p2a: The Trickster|53/100|[from] item: Leftovers\n|-damage|p1a: Kingambit|89/100 brn|[from] brn\n|upkeep\n|turn|6\n|\n|t:|1775970827\n|move|p1b: Whimsicott|Encore|p2a: The Trickster\n|-start|p2a: The Trickster|Encore\n|move|p2a: The Trickster|Protect||[still]\n|-fail|p2a: The Trickster\n|move|p1a: Kingambit|Kowtow Cleave|p2a: The Trickster\n|-damage|p2a: The Trickster|22/100\n|\n|-weather|none\n|-heal|p2a: The Trickster|28/100|[from] item: Leftovers\n|-damage|p1a: Kingambit|83/100 brn|[from] brn\n|upkeep\n|turn|7\n|-message|Sceptilicious forfeited.\n|\n|win|sosmile19\n|raw|sosmile19's rating: 1079 &rarr; <strong>1111</strong><br />(+32 for winning)\n|raw|Sceptilicious's rating: 1130 &rarr; <strong>1101</strong><br />(-29 for losing)\n",
  "uploadtime": 1775970838,
  "views": 13,
  "formatid": "gen9championsvgc2026regma",
  "rating": 1101,
  "private": 0,
  "password": null
}