{
  "id": "gen9championsvgc2026regma-2580691499",
  "format": "[Gen 9 Champions] VGC 2026 Reg M-A",
  "players": [
    "unovan glazer",
    "FizzKing"
  ],
  "log": "|j|\u2606unovan glazer\n|j|\u2606FizzKing\n|t:|1775924646\n|gametype|doubles\n|player|p1|unovan glazer|caitlin|1160\n|player|p2|FizzKing|266|1102\n|gen|9\n|tier|[Gen 9 Champions] VGC 2026 Reg M-A\n|rated|\n|rule|Species Clause: Limit one of each Pok\u00e9mon\n|rule|Item Clause: Limit 1 of each item\n|clearpoke\n|poke|p1|Hatterene, L50, F|\n|poke|p1|Farigiraf, L50, M|\n|poke|p1|Golurk, L50|\n|poke|p1|Torkoal, L50, F|\n|poke|p1|Kingambit, L50, M|\n|poke|p1|Armarouge, L50, F|\n|poke|p2|Hawlucha, L50, M|\n|poke|p2|Bastiodon, L50, F|\n|poke|p2|Venusaur, L50, F|\n|poke|p2|Sinistcha, L50|\n|poke|p2|Dragonite, L50, M|\n|poke|p2|Torkoal, L50, F|\n|teampreview|4\n|\n|t:|1775924676\n|teamsize|p1|4\n|teamsize|p2|4\n|start\n|switch|p1a: Kingambit|Kingambit, L50, M|100/100\n|switch|p1b: Golurk|Golurk, L50|100/100\n|switch|p2a: Hawlucha|Hawlucha, L50, M|100/100\n|switch|p2b: Bastiodon|Bastiodon, L50, F|100/100\n|-ability|p2a: Hawlucha|Mold Breaker\n|turn|1\n|inactive|Battle timer is ON: inactive players will automatically lose when time's up. (requested by unovan glazer)\n|\n|t:|1775924715\n|detailschange|p2a: Hawlucha|Hawlucha-Mega, L50, M\n|-mega|p2a: Hawlucha|Hawlucha|Hawluchanite\n|detailschange|p1b: Golurk|Golurk-Mega, L50\n|-mega|p1b: Golurk|Golurk|Golurkite\n|move|p2a: Hawlucha|Entrainment|p2b: Bastiodon\n|-ability|p2b: Bastiodon|No Guard|Sturdy|[from] move: Entrainment|[of] p2a: Hawlucha\n|move|p1b: Golurk|Headlong Rush|p2b: Bastiodon\n|-supereffective|p2b: Bastiodon|2\n|-enditem|p2b: Bastiodon|Shuca Berry|[eat]\n|-enditem|p2b: Bastiodon|Shuca Berry|[weaken]\n|-damage|p2b: Bastiodon|7/100\n|-unboost|p1b: Golurk|def|1\n|-unboost|p1b: Golurk|spd|1\n|move|p1a: Kingambit|Kowtow Cleave|p2b: Bastiodon\n|-damage|p2b: Bastiodon|0 fnt\n|faint|p2b: Bastiodon\n|\n|upkeep\n|c|\u2606unovan glazer|Not in my house\n|inactive|FizzKing has 30 seconds left.\n|\n|t:|1775924745\n|switch|p2b: Venusaur|Venusaur, L50, F|100/100\n|turn|2\n|\n|t:|1775924765\n|switch|p1a: Hatterene|Hatterene, L50, F|100/100\n|move|p2a: Hawlucha|High Jump Kick|p1a: Hatterene\n|-resisted|p1a: Hatterene|2\n|-damage|p1a: Hatterene|85/100\n|move|p2b: Venusaur|Solar Beam||[still]\n|-prepare|p2b: Venusaur|Solar Beam\n|move|p1b: Golurk|Poltergeist|p2a: Hawlucha\n|-activate|p2a: Hawlucha|move: Poltergeist|Hawluchanite\n|-damage|p2a: Hawlucha|40/100\n|\n|upkeep\n|turn|3\n|\n|t:|1775924788\n|switch|p1b: Armarouge|Armarouge, L50, F|100/100\n|move|p2a: Hawlucha|Brave Bird|p1b: Armarouge\n|-damage|p1b: Armarouge|58/100\n|-damage|p2a: Hawlucha|22/100|[from] Recoil\n|move|p2b: Venusaur|Solar Beam|p1b: Armarouge|[from] lockedmove\n|-resisted|p1b: Armarouge|1\n|-damage|p1b: Armarouge|35/100\n|move|p1a: Hatterene|Trick Room|p1a: Hatterene\n|-fieldstart|move: Trick Room|[of] p1a: Hatterene\n|\n|upkeep\n|turn|4\n|inactive|FizzKing has 30 seconds left.\n|inactive|FizzKing has 20 seconds left.\n|inactive|FizzKing has 15 seconds left.\n|inactive|FizzKing has 10 seconds left.\n|\n|t:|1775924835\n|switch|p2b: Sinistcha|Sinistcha, L50|100/100\n|-heal|p2a: Hawlucha|47/100|[from] ability: Hospitality|[of] p2b: Sinistcha\n|move|p1a: Hatterene|Psychic|p2b: Sinistcha\n|-damage|p2b: Sinistcha|47/100\n|-enditem|p2b: Sinistcha|Sitrus Berry|[eat]\n|-heal|p2b: Sinistcha|72/100|[from] item: Sitrus Berry\n|move|p1b: Armarouge|Heat Wave|p2b: Sinistcha|[spread] p2a,p2b\n|-supereffective|p2b: Sinistcha|1\n|-damage|p2a: Hawlucha|15/100\n|-damage|p2b: Sinistcha|11/100\n|-status|p2a: Hawlucha|brn\n|move|p2a: Hawlucha|Stone Edge|p1b: Armarouge\n|-supereffective|p1b: Armarouge|1\n|-damage|p1b: Armarouge|10/100\n|\n|-damage|p2a: Hawlucha|9/100 brn|[from] brn\n|upkeep\n|turn|5\n|-message|FizzKing forfeited.\n|\n|win|unovan glazer\n|raw|unovan glazer's rating: 1160 &rarr; <strong>1181</strong><br />(+21 for winning)\n|raw|FizzKing's rating: 1102 &rarr; <strong>1081</strong><br />(-21 for losing)\n|l|\u2606FizzKing\n|player|p2|\n",
  "uploadtime": 1775924904,
  "views": 40,
  "formatid": "gen9championsvgc2026regma",
  "rating": 1081,
  "private": 0,
  "password": null
}