{
  "id": "gen9championsvgc2026regma-2584690720",
  "format": "[Gen 9 Champions] VGC 2026 Reg M-A",
  "players": [
    "sotero23",
    "Cgbvgc"
  ],
  "log": "|j|\u2606sotero23\n|j|\u2606Cgbvgc\n|t:|1776277042\n|gametype|doubles\n|player|p1|sotero23|veteran|1221\n|player|p2|Cgbvgc|2|1182\n|gen|9\n|tier|[Gen 9 Champions] VGC 2026 Reg M-A\n|rated|\n|rule|Species Clause: Limit one of each Pok\u00e9mon\n|rule|Item Clause: Limit 1 of each item\n|clearpoke\n|poke|p1|Incineroar, L50, F|\n|poke|p1|Floette-Eternal, L50, F|\n|poke|p1|Sinistcha, L50|\n|poke|p1|Palafin, L50, F|\n|poke|p1|Aerodactyl, L50, F|\n|poke|p1|Sneasler, L50, F|\n|poke|p2|Chesnaught, L50, F|\n|poke|p2|Aerodactyl, L50, F|\n|poke|p2|Milotic, L50, F|\n|poke|p2|Incineroar, L50, F|\n|poke|p2|Aegislash, L50, F|\n|poke|p2|Typhlosion-Hisui, L50, M|\n|teampreview|4\n|\n|t:|1776277087\n|teamsize|p1|4\n|teamsize|p2|4\n|start\n|switch|p1a: Aerodactyl|Aerodactyl, L50, F|100/100\n|switch|p1b: Sneasler|Sneasler, L50, F|100/100\n|switch|p2a: Incineroar|Incineroar, L50, F|100/100\n|switch|p2b: Typhlosion|Typhlosion-Hisui, L50, M|100/100\n|-item|p1a: Aerodactyl|Focus Sash|[from] ability: Frisk|[of] p2b: Typhlosion\n|-item|p1b: Sneasler|White Herb|[from] ability: Frisk|[of] p2b: Typhlosion\n|-ability|p2a: Incineroar|Intimidate|boost\n|-unboost|p1a: Aerodactyl|atk|1\n|-unboost|p1b: Sneasler|atk|1\n|-enditem|p1b: Sneasler|White Herb\n|-clearnegativeboost|p1b: Sneasler|[silent]\n|turn|1\n|\n|t:|1776277122\n|move|p1b: Sneasler|Fake Out|p2a: Incineroar\n|-damage|p2a: Incineroar|87/100\n|cant|p2a: Incineroar|flinch\n|move|p2b: Typhlosion|Eruption|p1a: Aerodactyl|[spread] p1a,p1b\n|-resisted|p1a: Aerodactyl|1\n|-damage|p1a: Aerodactyl|64/100\n|-damage|p1b: Sneasler|27/100\n|move|p1a: Aerodactyl|Rock Slide|p2a: Incineroar|[spread] p2a,p2b\n|-supereffective|p2a: Incineroar|1\n|-supereffective|p2b: Typhlosion|1\n|-damage|p2a: Incineroar|59/100\n|-damage|p2b: Typhlosion|48/100\n|\n|upkeep\n|turn|2\n|\n|t:|1776277155\n|switch|p2b: Aegislash|Aegislash, L50, F|100/100\n|move|p1b: Sneasler|Close Combat|p2a: Incineroar\n|-supereffective|p2a: Incineroar|1\n|-crit|p2a: Incineroar\n|-damage|p2a: Incineroar|0 fnt\n|-unboost|p1b: Sneasler|def|1\n|-unboost|p1b: Sneasler|spd|1\n|faint|p2a: Incineroar\n|move|p1a: Aerodactyl|Tailwind|p1a: Aerodactyl\n|-sidestart|p1: sotero23|move: Tailwind\n|\n|upkeep\n|\n|t:|1776277168\n|switch|p2a: Chesnaught|Chesnaught, L50, F|100/100\n|turn|3\n|\n|t:|1776277181\n|switch|p1b: Palafin|Palafin, L50, F|100/100\n|move|p2a: Chesnaught|Spiky Shield|p2a: Chesnaught\n|-singleturn|p2a: Chesnaught|move: Protect\n|-formechange|p2b: Aegislash|Aegislash-Blade|\n|move|p2b: Aegislash|Shadow Sneak|p1b: Palafin\n|-damage|p1b: Palafin|68/100\n|move|p1a: Aerodactyl|Dual Wingbeat|p2a: Chesnaught\n|-activate|p2a: Chesnaught|move: Protect\n|-damage|p1a: Aerodactyl|51/100|[from] Spiky Shield|[of] p2a: Chesnaught\n|\n|upkeep\n|turn|4\n|\n|t:|1776277223\n|switch|p2a: Typhlosion|Typhlosion-Hisui, L50, M|48/100\n|-item|p1a: Aerodactyl|Focus Sash|[from] ability: Frisk|[of] p2a: Typhlosion\n|-item|p1b: Palafin|Choice Scarf|[from] ability: Frisk|[of] p2a: Typhlosion\n|move|p1b: Palafin|Flip Turn|p2a: Typhlosion\n|-supereffective|p2a: Typhlosion|1\n|-damage|p2a: Typhlosion|0 fnt\n|faint|p2a: Typhlosion\n|\n|t:|1776277245\n|detailschange|p1b: Palafin|Palafin-Hero, L50, F\n|switch|p1b: Sneasler|Sneasler, L50, F|27/100|[from] Flip Turn\n|move|p1a: Aerodactyl|Dual Wingbeat|p2b: Aegislash\n|-resisted|p2b: Aegislash|1\n|-damage|p2b: Aegislash|90/100\n|-resisted|p2b: Aegislash|1\n|-damage|p2b: Aegislash|77/100\n|-hitcount|p2b: Aegislash|2\n|move|p2b: Aegislash|Poltergeist|p1a: Aerodactyl\n|-activate|p1a: Aerodactyl|move: Poltergeist|Focus Sash\n|-damage|p1a: Aerodactyl|0 fnt\n|faint|p1a: Aerodactyl\n|\n|upkeep\n|\n|t:|1776277260\n|switch|p1a: Palafin|Palafin-Hero, L50, F|68/100\n|switch|p2a: Chesnaught|Chesnaught, L50, F|100/100\n|-activate|p1a: Palafin|ability: Zero to Hero\n|turn|5\n|\n|t:|1776277279\n|switch|p1a: Floette|Floette-Eternal, L50, F|100/100\n|detailschange|p2a: Chesnaught|Chesnaught-Mega, L50, F\n|-mega|p2a: Chesnaught|Chesnaught|Chesnaughtite\n|move|p1b: Sneasler|Protect|p1b: Sneasler\n|-singleturn|p1b: Sneasler|Protect\n|-formechange|p2b: Aegislash|Aegislash|\n|move|p2b: Aegislash|King's Shield|p2b: Aegislash\n|-singleturn|p2b: Aegislash|Protect\n|move|p2a: Chesnaught|Spiky Shield||[still]\n|-fail|p2a: Chesnaught\n|\n|-sideend|p1: sotero23|move: Tailwind\n|upkeep\n|turn|6\n|\n|t:|1776277302\n|detailschange|p1a: Floette|Floette-Mega, L50, F\n|-mega|p1a: Floette|Floette|Floettite\n|-ability|p1a: Floette|Fairy Aura\n|move|p1b: Sneasler|Dire Claw|p2a: Chesnaught\n|-supereffective|p2a: Chesnaught|1\n|-damage|p2a: Chesnaught|42/100\n|move|p1a: Floette|Dazzling Gleam|p2a: Chesnaught|[spread] p2a,p2b\n|-supereffective|p2a: Chesnaught|1\n|-resisted|p2b: Aegislash|1\n|-damage|p2a: Chesnaught|0 fnt\n|-damage|p2b: Aegislash|59/100\n|faint|p2a: Chesnaught\n|-formechange|p2b: Aegislash|Aegislash-Blade|\n|move|p2b: Aegislash|Poltergeist|p1a: Floette\n|-activate|p1a: Floette|move: Poltergeist|Floettite\n|-damage|p1a: Floette|24/100\n|\n|upkeep\n|turn|7\n|\n|t:|1776277322\n|switch|p1b: Palafin|Palafin-Hero, L50, F|68/100\n|move|p1a: Floette|Protect|p1a: Floette\n|-singleturn|p1a: Floette|Protect\n|move|p2b: Aegislash|Shadow Sneak|p1a: Floette\n|-activate|p1a: Floette|move: Protect\n|\n|upkeep\n|turn|8\n|\n|t:|1776277334\n|switch|p1a: Sneasler|Sneasler, L50, F|27/100\n|-formechange|p2b: Aegislash|Aegislash|\n|move|p2b: Aegislash|King's Shield|p2b: Aegislash\n|-singleturn|p2b: Aegislash|Protect\n|move|p1b: Palafin|Flip Turn|p2b: Aegislash\n|-activate|p2b: Aegislash|move: Protect\n|-unboost|p1b: Palafin|atk|1\n|\n|upkeep\n|turn|9\n|\n|t:|1776277353\n|switch|p1a: Floette|Floette-Mega, L50, F|24/100\n|-ability|p1a: Floette|Fairy Aura\n|move|p1b: Palafin|Flip Turn|p2b: Aegislash\n|-damage|p2b: Aegislash|38/100\n|\n|t:|1776277360\n|switch|p1b: Sneasler|Sneasler, L50, F|27/100|[from] Flip Turn\n|-formechange|p2b: Aegislash|Aegislash-Blade|\n|move|p2b: Aegislash|Poltergeist||[still]\n|-fail|p2b: Aegislash\n|\n|upkeep\n|turn|10\n|\n|t:|1776277370\n|switch|p1b: Palafin|Palafin-Hero, L50, F|68/100\n|move|p1a: Floette|Protect|p1a: Floette\n|-singleturn|p1a: Floette|Protect\n|move|p2b: Aegislash|Shadow Sneak|p1a: Floette\n|-activate|p1a: Floette|move: Protect\n|\n|upkeep\n|turn|11\n|\n|t:|1776277382\n|switch|p1a: Sneasler|Sneasler, L50, F|27/100\n|move|p2b: Aegislash|Shadow Sneak|p1a: Sneasler\n|-damage|p1a: Sneasler|0 fnt\n|faint|p1a: Sneasler\n|move|p1b: Palafin|Wave Crash|p2b: Aegislash\n|-damage|p2b: Aegislash|0 fnt\n|faint|p2b: Aegislash\n|-damage|p1b: Palafin|57/100|[from] Recoil\n|\n|win|sotero23\n|raw|sotero23's rating: 1221 &rarr; <strong>1243</strong><br />(+22 for winning)\n|raw|Cgbvgc's rating: 1182 &rarr; <strong>1160</strong><br />(-22 for losing)\n|l|\u2606Cgbvgc\n|player|p2|\n",
  "uploadtime": 1776277400,
  "views": 18,
  "formatid": "gen9championsvgc2026regma",
  "rating": 1160,
  "private": 0,
  "password": null
}