{
  "id": "gen9championsvgc2026regma-2587692165",
  "format": "[Gen 9 Champions] VGC 2026 Reg M-A",
  "players": [
    "Echidona1",
    "Phayeta"
  ],
  "log": "|j|\u2606Echidona1\n|j|\u2606Phayeta\n|t:|1776554432\n|gametype|doubles\n|player|p1|Echidona1|169|1147\n|player|p2|Phayeta|iris-gen5bw2|1158\n|gen|9\n|tier|[Gen 9 Champions] VGC 2026 Reg M-A\n|rated|\n|rule|Species Clause: Limit one of each Pok\u00e9mon\n|rule|Item Clause: Limit 1 of each item\n|clearpoke\n|poke|p1|Floette-Eternal, L50, F|\n|poke|p1|Incineroar, L50, M|\n|poke|p1|Basculegion, L50, M|\n|poke|p1|Sneasler, L50, F|\n|poke|p1|Corviknight, L50, F|\n|poke|p1|Sinistcha, L50|\n|poke|p2|Talonflame, L50, M|\n|poke|p2|Gardevoir, L50, M, shiny|\n|poke|p2|Empoleon, L50, F|\n|poke|p2|Garchomp, L50, M|\n|poke|p2|Rotom-Mow, L50|\n|poke|p2|Sneasler, L50, M|\n|teampreview|4\n|\n|t:|1776554453\n|teamsize|p1|4\n|teamsize|p2|4\n|start\n|switch|p1a: Floette|Floette-Eternal, L50, F|100/100\n|switch|p1b: Sinistcha|Sinistcha, L50|100/100\n|switch|p2a: Empoleon|Empoleon, L50, F|100/100\n|switch|p2b: Talonflame|Talonflame, L50, M|100/100\n|turn|1\n|inactive|Battle timer is ON: inactive players will automatically lose when time's up. (requested by Phayeta)\n|\n|t:|1776554519\n|switch|p1a: Corviknight|Corviknight, L50, F|100/100\n|switch|p1b: Sneasler|Sneasler, L50, F|100/100\n|move|p2b: Talonflame|Tailwind|p2b: Talonflame\n|-sidestart|p2: Phayeta|move: Tailwind\n|move|p2a: Empoleon|Yawn|p1a: Corviknight\n|-start|p1a: Corviknight|move: Yawn|[of] p2a: Empoleon\n|\n|upkeep\n|turn|2\n|\n|t:|1776554540\n|switch|p1a: Floette|Floette-Eternal, L50, F|100/100\n|move|p2b: Talonflame|Brave Bird|p1b: Sneasler\n|-supereffective|p1b: Sneasler|1\n|-enditem|p1b: Sneasler|Focus Sash\n|-damage|p1b: Sneasler|1/100\n|-damage|p2b: Talonflame|61/100|[from] Recoil\n|move|p2a: Empoleon|Flash Cannon|p1b: Sneasler\n|-damage|p1b: Sneasler|0 fnt\n|faint|p1b: Sneasler\n|\n|upkeep\n|\n|t:|1776554551\n|switch|p1b: Corviknight|Corviknight, L50, F|100/100\n|turn|3\n|\n|t:|1776554565\n|detailschange|p1a: Floette|Floette-Mega, L50, F\n|-mega|p1a: Floette|Floette|Floettite\n|-ability|p1a: Floette|Fairy Aura\n|move|p2b: Talonflame|Flare Blitz|p1a: Floette\n|-damage|p1a: Floette|40/100\n|-damage|p2b: Talonflame|41/100|[from] Recoil\n|move|p2a: Empoleon|Yawn|p1a: Floette\n|-start|p1a: Floette|move: Yawn|[of] p2a: Empoleon\n|move|p1a: Floette|Dazzling Gleam|p2a: Empoleon|[spread] p2a,p2b\n|-resisted|p2a: Empoleon|1\n|-resisted|p2b: Talonflame|1\n|-damage|p2a: Empoleon|82/100\n|-damage|p2b: Talonflame|0 fnt\n|faint|p2b: Talonflame\n|move|p1b: Corviknight|Body Press|p2a: Empoleon\n|-supereffective|p2a: Empoleon|1\n|-enditem|p2a: Empoleon|Chople Berry|[eat]\n|-enditem|p2a: Empoleon|Chople Berry|[weaken]\n|-damage|p2a: Empoleon|59/100\n|\n|upkeep\n|\n|t:|1776554579\n|switch|p2b: Rotom|Rotom-Mow, L50|100/100\n|turn|4\n|\n|t:|1776554589\n|switch|p1a: Sinistcha|Sinistcha, L50|100/100\n|move|p2b: Rotom|Thunderbolt|p1b: Corviknight\n|-supereffective|p1b: Corviknight|1\n|-damage|p1b: Corviknight|26/100\n|-status|p1b: Corviknight|par\n|move|p2a: Empoleon|Hydro Pump|p1b: Corviknight\n|-damage|p1b: Corviknight|0 fnt\n|faint|p1b: Corviknight\n|\n|-sideend|p2: Phayeta|move: Tailwind\n|upkeep\n|\n|t:|1776554594\n|switch|p1b: Floette|Floette-Mega, L50, F|40/100\n|-ability|p1b: Floette|Fairy Aura\n|turn|5\n|\n|t:|1776554604\n|move|p1a: Sinistcha|Rage Powder|p1a: Sinistcha\n|-singleturn|p1a: Sinistcha|move: Rage Powder\n|move|p2b: Rotom|Thunderbolt|p1b: Floette\n|-damage|p1b: Floette|6/100\n|move|p1b: Floette|Calm Mind|p1b: Floette\n|-boost|p1b: Floette|spa|1\n|-boost|p1b: Floette|spd|1\n|move|p2a: Empoleon|Flash Cannon|p1a: Sinistcha\n|-damage|p1a: Sinistcha|72/100\n|\n|upkeep\n|turn|6\n|\n|t:|1776554615\n|move|p1a: Sinistcha|Rage Powder|p1a: Sinistcha\n|-singleturn|p1a: Sinistcha|move: Rage Powder\n|move|p2b: Rotom|Thunderbolt|p1b: Floette\n|-damage|p1b: Floette|0 fnt\n|faint|p1b: Floette\n|move|p2a: Empoleon|Yawn|p1a: Sinistcha\n|-start|p1a: Sinistcha|move: Yawn|[of] p2a: Empoleon\n|\n|upkeep\n|turn|7\n|-message|Echidona1 forfeited.\n|\n|win|Phayeta\n|raw|Echidona1's rating: 1147 &rarr; <strong>1123</strong><br />(-24 for losing)\n|raw|Phayeta's rating: 1158 &rarr; <strong>1182</strong><br />(+24 for winning)\n|l|\u2606Echidona1\n|player|p1|\n",
  "uploadtime": 1776554627,
  "views": 13,
  "formatid": "gen9championsvgc2026regma",
  "rating": 1123,
  "private": 0,
  "password": null
}