{
  "id": "gen9championsvgc2026regma-2588568690",
  "format": "[Gen 9 Champions] VGC 2026 Reg M-A",
  "players": [
    "noahtdiditfirst",
    "HeavyLobsterAlf"
  ],
  "log": "|j|\u2606noahtdiditfirst\n|j|\u2606HeavyLobsterAlf\n|t:|1776645842\n|gametype|doubles\n|player|p1|noahtdiditfirst|marshal|1418\n|player|p2|HeavyLobsterAlf|phoebe-masters|1331\n|gen|9\n|tier|[Gen 9 Champions] VGC 2026 Reg M-A\n|rated|\n|rule|Species Clause: Limit one of each Pok\u00e9mon\n|rule|Item Clause: Limit 1 of each item\n|clearpoke\n|poke|p1|Archaludon, L50, M, shiny|\n|poke|p1|Sinistcha, L50|\n|poke|p1|Manectric, L50, M, shiny|\n|poke|p1|Dragonite, L50, M|\n|poke|p1|Pelipper, L50, M, shiny|\n|poke|p1|Maushold-Four, L50|\n|poke|p2|Gardevoir, L50, M|\n|poke|p2|Primarina, L50, F|\n|poke|p2|Whimsicott, L50, M|\n|poke|p2|Sneasler, L50, F|\n|poke|p2|Arcanine-Hisui, L50, F|\n|poke|p2|Kingambit, L50, F|\n|teampreview|4\n|\n|t:|1776645890\n|teamsize|p1|4\n|teamsize|p2|4\n|start\n|switch|p1a: Archaludon|Archaludon, L50, M, shiny|100/100\n|switch|p1b: Manectric|Manectric, L50, M, shiny|100/100\n|switch|p2a: Gardevoir|Gardevoir, L50, M|100/100\n|switch|p2b: Whimsicott|Whimsicott, L50, M|100/100\n|-ability|p2a: Gardevoir|Stamina|Trace|[from] ability: Trace|[of] p1a: Archaludon\n|turn|1\n|\n|t:|1776645923\n|detailschange|p1b: Manectric|Manectric-Mega, L50, M, shiny\n|-mega|p1b: Manectric|Manectric|Manectite\n|-ability|p1b: Manectric|Intimidate|boost\n|-unboost|p2a: Gardevoir|atk|1\n|-unboost|p2b: Whimsicott|atk|1\n|move|p2a: Gardevoir|Protect|p2a: Gardevoir\n|-singleturn|p2a: Gardevoir|Protect\n|move|p1a: Archaludon|Protect|p1a: Archaludon\n|-singleturn|p1a: Archaludon|Protect\n|move|p1b: Manectric|Eerie Impulse|p2a: Gardevoir\n|-activate|p2a: Gardevoir|move: Protect\n|move|p2b: Whimsicott|Moonblast|p1a: Archaludon\n|-activate|p1a: Archaludon|move: Protect\n|\n|upkeep\n|turn|2\n|\n|t:|1776645937\n|detailschange|p2a: Gardevoir|Gardevoir-Mega, L50, M\n|-mega|p2a: Gardevoir|Gardevoir|Gardevoirite\n|move|p1b: Manectric|Protect|p1b: Manectric\n|-singleturn|p1b: Manectric|Protect\n|move|p2b: Whimsicott|Encore|p1a: Archaludon\n|-start|p1a: Archaludon|Encore\n|move|p1a: Archaludon|Protect|p1a: Archaludon\n|-singleturn|p1a: Archaludon|Protect\n|move|p2a: Gardevoir|Hyper Voice|p1a: Archaludon|[spread] \n|-activate|p1a: Archaludon|move: Protect\n|-activate|p1b: Manectric|move: Protect\n|\n|upkeep\n|turn|3\n|inactive|Battle timer is ON: inactive players will automatically lose when time's up. (requested by HeavyLobsterAlf)\n|\n|t:|1776645990\n|switch|p1a: Pelipper|Pelipper, L50, M, shiny|100/100\n|-weather|RainDance|[from] ability: Drizzle|[of] p1a: Pelipper\n|move|p2b: Whimsicott|Encore|p1b: Manectric\n|-start|p1b: Manectric|Encore\n|move|p1b: Manectric|Protect||[still]\n|-fail|p1b: Manectric\n|move|p2a: Gardevoir|Hyper Voice|p1a: Pelipper|[spread] p1a,p1b\n|-damage|p1a: Pelipper|13/100\n|-damage|p1b: Manectric|34/100\n|\n|-weather|RainDance|[upkeep]\n|upkeep\n|turn|4\n|\n|t:|1776646006\n|switch|p1b: Sinistcha|Sinistcha, L50|100/100\n|-heal|p1a: Pelipper|38/100|[from] ability: Hospitality|[of] p1b: Sinistcha\n|move|p1a: Pelipper|Hurricane|p2b: Whimsicott\n|-supereffective|p2b: Whimsicott|1\n|-enditem|p2b: Whimsicott|Focus Sash\n|-damage|p2b: Whimsicott|1/100\n|move|p2b: Whimsicott|Moonblast|p1b: Sinistcha\n|-damage|p1b: Sinistcha|75/100\n|move|p2a: Gardevoir|Psychic|p1a: Pelipper\n|-damage|p1a: Pelipper|0 fnt\n|faint|p1a: Pelipper\n|\n|-weather|RainDance|[upkeep]\n|upkeep\n|\n|t:|1776646013\n|switch|p1a: Manectric|Manectric-Mega, L50, M, shiny|34/100\n|-ability|p1a: Manectric|Intimidate|boost\n|-unboost|p2a: Gardevoir|atk|1\n|-unboost|p2b: Whimsicott|atk|1\n|turn|5\n|\n|t:|1776646024\n|move|p1a: Manectric|Quick Attack|p2b: Whimsicott\n|-damage|p2b: Whimsicott|0 fnt\n|faint|p2b: Whimsicott\n|move|p2a: Gardevoir|Hyper Voice|p1b: Sinistcha|[spread] p1a,p1b\n|-damage|p1a: Manectric|0 fnt\n|-damage|p1b: Sinistcha|29/100\n|-enditem|p1b: Sinistcha|Sitrus Berry|[eat]\n|-heal|p1b: Sinistcha|53/100|[from] item: Sitrus Berry\n|faint|p1a: Manectric\n|move|p1b: Sinistcha|Life Dew|p1b: Sinistcha\n|-heal|p1b: Sinistcha|79/100\n|\n|-weather|RainDance|[upkeep]\n|upkeep\n|\n|t:|1776646034\n|switch|p1a: Archaludon|Archaludon, L50, M, shiny|100/100\n|switch|p2b: Sneasler|Sneasler, L50, F|100/100\n|turn|6\n|inactive|noahtdiditfirst has 30 seconds left.\n|\n|t:|1776646061\n|move|p1a: Archaludon|Protect|p1a: Archaludon\n|-singleturn|p1a: Archaludon|Protect\n|move|p2b: Sneasler|Close Combat|p1a: Archaludon\n|-activate|p1a: Archaludon|move: Protect\n|move|p2a: Gardevoir|Hyper Voice|p1a: Archaludon|[spread] p1b\n|-activate|p1a: Archaludon|move: Protect\n|-damage|p1b: Sinistcha|27/100\n|move|p1b: Sinistcha|Matcha Gotcha|p2a: Gardevoir|[spread] p2a,p2b\n|-resisted|p2b: Sneasler|1\n|-crit|p2b: Sneasler\n|-damage|p2a: Gardevoir|78/100\n|-heal|p1b: Sinistcha|37/100|[from] drain|[of] p2a: Gardevoir\n|-damage|p2b: Sneasler|75/100\n|-heal|p1b: Sinistcha|48/100|[from] drain|[of] p2b: Sneasler\n|\n|-weather|RainDance|[upkeep]\n|upkeep\n|turn|7\n|\n|t:|1776646086\n|move|p1b: Sinistcha|Rage Powder|p1b: Sinistcha\n|-singleturn|p1b: Sinistcha|move: Rage Powder\n|move|p2b: Sneasler|Dire Claw|p1b: Sinistcha\n|-damage|p1b: Sinistcha|12/100\n|move|p2a: Gardevoir|Psychic|p1b: Sinistcha\n|-damage|p1b: Sinistcha|0 fnt\n|faint|p1b: Sinistcha\n|move|p1a: Archaludon|Electro Shot||[still]\n|-prepare|p1a: Archaludon|Electro Shot\n|-boost|p1a: Archaludon|spa|1\n|-anim|p1a: Archaludon|Electro Shot|p2a: Gardevoir\n|-damage|p2a: Gardevoir|23/100\n|\n|-weather|none\n|upkeep\n|turn|8\n|-message|noahtdiditfirst forfeited.\n|\n|win|HeavyLobsterAlf\n|raw|noahtdiditfirst's rating: 1418 &rarr; <strong>1392</strong><br />(-26 for losing)\n|raw|HeavyLobsterAlf's rating: 1308 &rarr; <strong>1334</strong><br />(+26 for winning)\n|l|\u2606noahtdiditfirst\n|player|p1|\n",
  "uploadtime": 1776646102,
  "views": 8,
  "formatid": "gen9championsvgc2026regma",
  "rating": 1334,
  "private": 0,
  "password": null
}