{
  "id": "gen9championsvgc2026regma-2587889716",
  "format": "[Gen 9 Champions] VGC 2026 Reg M-A",
  "players": [
    "Steelcrest",
    "moldycream"
  ],
  "log": "|j|\u2606Steelcrest\n|j|\u2606moldycream\n|t:|1776575116\n|gametype|doubles\n|player|p1|Steelcrest|acetrainersnowf|1101\n|player|p2|moldycream|picnicker|1017\n|gen|9\n|tier|[Gen 9 Champions] VGC 2026 Reg M-A\n|rated|\n|rule|Species Clause: Limit one of each Pok\u00e9mon\n|rule|Item Clause: Limit 1 of each item\n|clearpoke\n|poke|p1|Crabominable, L50, F|\n|poke|p1|Farigiraf, L50, F|\n|poke|p1|Ninetales-Alola, L50, F|\n|poke|p1|Kingambit, L50, F|\n|poke|p1|Incineroar, L50, F|\n|poke|p1|Hydrapple, L50, F|\n|poke|p2|Dragonite, L50, F|\n|poke|p2|Ninetales-Alola, L50, M|\n|poke|p2|Emolga, L50, F|\n|poke|p2|Banette, L50, M|\n|poke|p2|Avalugg, L50, M|\n|poke|p2|Audino, L50, M|\n|teampreview|4\n|\n|t:|1776575131\n|teamsize|p1|4\n|teamsize|p2|4\n|start\n|switch|p1a: Farigiraf|Farigiraf, L50, F|100/100\n|switch|p1b: Crabominable|Crabominable, L50, F|100/100\n|switch|p2a: Banette|Banette, L50, M|100/100\n|switch|p2b: Emolga|Emolga, L50, F|100/100\n|-item|p1a: Farigiraf|Sitrus Berry|[from] ability: Frisk|[of] p2a: Banette\n|-item|p1b: Crabominable|Crabominite|[from] ability: Frisk|[of] p2a: Banette\n|turn|1\n|\n|t:|1776575151\n|detailschange|p2a: Banette|Banette-Mega, L50, M\n|-mega|p2a: Banette|Banette|Banettite\n|detailschange|p1b: Crabominable|Crabominable-Mega, L50, F\n|-mega|p1b: Crabominable|Crabominable|Crabominite\n|move|p2b: Emolga|Speed Swap|p2a: Banette\n|-activate|p2b: Emolga|move: Speed Swap|[of] p2a: Banette\n|move|p2a: Banette|Poltergeist|p1b: Crabominable\n|-activate|p1b: Crabominable|move: Poltergeist|Crabominite\n|-damage|p1b: Crabominable|40/100\n|move|p1b: Crabominable|Ice Hammer|p2b: Emolga\n|-supereffective|p2b: Emolga|1\n|-damage|p2b: Emolga|0 fnt\n|-unboost|p1b: Crabominable|spe|1\n|faint|p2b: Emolga\n|move|p1a: Farigiraf|Trick Room|p1a: Farigiraf\n|-fieldstart|move: Trick Room|[of] p1a: Farigiraf\n|\n|upkeep\n|\n|t:|1776575167\n|switch|p2b: Avalugg|Avalugg, L50, M|100/100\n|turn|2\n|\n|t:|1776575172\n|move|p2a: Banette|Protect|p2a: Banette\n|-singleturn|p2a: Banette|Protect\n|move|p1a: Farigiraf|Ally Switch|p1a: Farigiraf\n|swap|p1a: Farigiraf|1|[from] move: Ally Switch\n|move|p1a: Crabominable|Drain Punch|p2b: Avalugg\n|-supereffective|p2b: Avalugg|1\n|-damage|p2b: Avalugg|44/100\n|-heal|p1a: Crabominable|67/100|[from] drain|[of] p2b: Avalugg\n|-enditem|p2b: Avalugg|Sitrus Berry|[eat]\n|-heal|p2b: Avalugg|69/100|[from] item: Sitrus Berry\n|move|p2b: Avalugg|Body Press|p1b: Farigiraf\n|-damage|p1b: Farigiraf|58/100\n|\n|upkeep\n|turn|3\n|\n|t:|1776575193\n|switch|p1b: Ninetales|Ninetales-Alola, L50, F|100/100\n|-weather|Snowscape|[from] ability: Snow Warning|[of] p1b: Ninetales\n|move|p2a: Banette|Sucker Punch||[still]\n|-fail|p2a: Banette\n|move|p1a: Crabominable|Thunder Punch|p2a: Banette\n|-damage|p2a: Banette|53/100\n|move|p2b: Avalugg|Recover|p2b: Avalugg\n|-heal|p2b: Avalugg|100/100\n|\n|-weather|Snowscape|[upkeep]\n|upkeep\n|turn|4\n|\n|t:|1776575208\n|move|p2a: Banette|Protect|p2a: Banette\n|-singleturn|p2a: Banette|Protect\n|move|p1a: Crabominable|Ice Hammer|p2a: Banette\n|-activate|p2a: Banette|move: Protect\n|move|p2b: Avalugg|Body Press|p1a: Crabominable\n|-supereffective|p1a: Crabominable|1\n|-damage|p1a: Crabominable|17/100\n|move|p1b: Ninetales|Aurora Veil|p1b: Ninetales\n|-sidestart|p1: Steelcrest|move: Aurora Veil\n|\n|-weather|Snowscape|[upkeep]\n|upkeep\n|turn|5\n|\n|t:|1776575221\n|move|p2a: Banette|Sucker Punch|p1a: Crabominable\n|-resisted|p1a: Crabominable|1\n|-damage|p1a: Crabominable|10/100\n|move|p1a: Crabominable|Drain Punch|p2b: Avalugg\n|-supereffective|p2b: Avalugg|1\n|-damage|p2b: Avalugg|58/100\n|-heal|p1a: Crabominable|31/100|[from] drain|[of] p2b: Avalugg\n|move|p2b: Avalugg|Curse|p2b: Avalugg\n|-unboost|p2b: Avalugg|spe|1\n|-boost|p2b: Avalugg|atk|1\n|-boost|p2b: Avalugg|def|1\n|move|p1b: Ninetales|Blizzard|p2b: Avalugg|[spread] p2a,p2b\n|-resisted|p2b: Avalugg|1\n|-damage|p2a: Banette|13/100\n|-damage|p2b: Avalugg|27/100\n|\n|-weather|Snowscape|[upkeep]\n|-fieldend|move: Trick Room\n|upkeep\n|turn|6\n|\n|t:|1776575243\n|switch|p1a: Farigiraf|Farigiraf, L50, F|58/100\n|move|p2a: Banette|Destiny Bond|p2a: Banette\n|-singlemove|p2a: Banette|Destiny Bond\n|move|p1b: Ninetales|Dazzling Gleam|p2b: Avalugg|[spread] p2a,p2b\n|-damage|p2a: Banette|0 fnt\n|-damage|p2b: Avalugg|0 fnt\n|faint|p2a: Banette\n|-activate|p2a: Banette|move: Destiny Bond\n|faint|p2b: Avalugg\n|faint|p1b: Ninetales\n|\n|-weather|Snowscape|[upkeep]\n|upkeep\n|-message|moldycream forfeited.\n|\n|win|Steelcrest\n|raw|Steelcrest's rating: 1101 &rarr; <strong>1120</strong><br />(+19 for winning)\n|raw|moldycream's rating: 1017 &rarr; <strong>1007</strong><br />(-10 for losing)\n|l|\u2606moldycream\n|player|p2|\n",
  "uploadtime": 1776575255,
  "views": 13,
  "formatid": "gen9championsvgc2026regma",
  "rating": 1007,
  "private": 0,
  "password": null
}