{
  "id": "gen9championsvgc2026regma-2587055421",
  "format": "[Gen 9 Champions] VGC 2026 Reg M-A",
  "players": [
    "r13974682",
    "Jadenhess"
  ],
  "log": "|j|\u2606r13974682\n|j|\u2606Jadenhess\n|t:|1776487523\n|gametype|doubles\n|player|p1|r13974682|170|1362\n|player|p2|Jadenhess|2|1467\n|gen|9\n|tier|[Gen 9 Champions] VGC 2026 Reg M-A\n|rated|\n|rule|Species Clause: Limit one of each Pok\u00e9mon\n|rule|Item Clause: Limit 1 of each item\n|clearpoke\n|poke|p1|Gardevoir, L50, F|\n|poke|p1|Incineroar, L50, M|\n|poke|p1|Garchomp, L50, M|\n|poke|p1|Basculegion, L50, M|\n|poke|p1|Aerodactyl, L50, F|\n|poke|p1|Kingambit, L50, F|\n|poke|p2|Meganium, L50, M|\n|poke|p2|Aerodactyl, L50, F|\n|poke|p2|Lucario, L50, F|\n|poke|p2|Pelipper, L50, M|\n|poke|p2|Clefable, L50, M|\n|poke|p2|Whimsicott, L50, M|\n|teampreview|4\n|inactive|Battle timer is ON: inactive players will automatically lose when time's up. (requested by Jadenhess)\n|inactive|r13974682 has 60 seconds left.\n|inactive|Jadenhess has 60 seconds left.\n|inactive|Jadenhess has 30 seconds left.\n|\n|t:|1776487584\n|teamsize|p1|4\n|teamsize|p2|4\n|start\n|switch|p1a: Basculegion|Basculegion, L50, M|100/100\n|switch|p1b: Incineroar|Incineroar, L50, M|100/100\n|switch|p2a: Meganium|Meganium, L50, M|100/100\n|switch|p2b: Whimsicott|Whimsicott, L50, M|100/100\n|-ability|p1b: Incineroar|Intimidate|boost\n|-unboost|p2a: Meganium|atk|1\n|-unboost|p2b: Whimsicott|atk|1\n|turn|1\n|\n|t:|1776487605\n|move|p2a: Meganium|Protect|p2a: Meganium\n|-singleturn|p2a: Meganium|Protect\n|move|p1b: Incineroar|Fake Out|p2a: Meganium\n|-activate|p2a: Meganium|move: Protect\n|move|p2b: Whimsicott|Tailwind|p2b: Whimsicott\n|-sidestart|p2: Jadenhess|move: Tailwind\n|move|p1a: Basculegion|Flip Turn|p2b: Whimsicott\n|-resisted|p2b: Whimsicott|1\n|-damage|p2b: Whimsicott|79/100\n|\n|t:|1776487615\n|switch|p1a: Gardevoir|Gardevoir, L50, F|100/100|[from] Flip Turn\n|-ability|p1a: Gardevoir|Prankster|Trace|[from] ability: Trace|[of] p2b: Whimsicott\n|\n|upkeep\n|turn|2\n|\n|t:|1776487625\n|detailschange|p2a: Meganium|Meganium-Mega, L50, M\n|-mega|p2a: Meganium|Meganium|Meganiumite\n|move|p1a: Gardevoir|Protect|p1a: Gardevoir\n|-singleturn|p1a: Gardevoir|Protect\n|move|p2b: Whimsicott|Fake Tears|p1a: Gardevoir\n|-activate|p1a: Gardevoir|move: Protect\n|move|p2a: Meganium|Solar Beam||[still]\n|-prepare|p2a: Meganium|Solar Beam\n|-activate|p2a: Meganium|ability: Mega Sol\n|-anim|p2a: Meganium|Solar Beam|p1a: Gardevoir\n|-activate|p1a: Gardevoir|move: Protect\n|move|p1b: Incineroar|Parting Shot|p2a: Meganium\n|-unboost|p2a: Meganium|atk|1\n|-unboost|p2a: Meganium|spa|1\n|\n|t:|1776487643\n|switch|p1b: Basculegion|Basculegion, L50, M|100/100|[from] Parting Shot\n|\n|upkeep\n|turn|3\n|\n|t:|1776487656\n|switch|p1a: Incineroar|Incineroar, L50, M|100/100\n|-ability|p1a: Incineroar|Intimidate|boost\n|-unboost|p2a: Meganium|atk|1\n|-unboost|p2b: Whimsicott|atk|1\n|move|p2b: Whimsicott|Encore|p1a: Incineroar\n|-hint|Since gen 7, Dark is immune to Prankster moves.\n|-immune|p1a: Incineroar\n|move|p2a: Meganium|Solar Beam||[still]\n|-prepare|p2a: Meganium|Solar Beam\n|-activate|p2a: Meganium|ability: Mega Sol\n|-anim|p2a: Meganium|Solar Beam|p1b: Basculegion\n|-supereffective|p1b: Basculegion|1\n|-damage|p1b: Basculegion|0 fnt\n|faint|p1b: Basculegion\n|\n|upkeep\n|\n|t:|1776487670\n|switch|p1b: Gardevoir|Gardevoir, L50, F|100/100\n|-ability|p1b: Gardevoir|Prankster|Trace|[from] ability: Trace|[of] p2b: Whimsicott\n|turn|4\n|\n|t:|1776487688\n|switch|p2a: Clefable|Clefable, L50, M|100/100\n|detailschange|p1b: Gardevoir|Gardevoir-Mega, L50, F\n|-mega|p1b: Gardevoir|Gardevoir|Gardevoirite\n|move|p2b: Whimsicott|Dazzling Gleam|p1a: Incineroar|[spread] p1a,p1b\n|-damage|p1a: Incineroar|86/100\n|-damage|p1b: Gardevoir|87/100\n|move|p1a: Incineroar|Flare Blitz|p2b: Whimsicott\n|-supereffective|p2b: Whimsicott|1\n|-damage|p2b: Whimsicott|0 fnt\n|faint|p2b: Whimsicott\n|-damage|p1a: Incineroar|64/100|[from] Recoil\n|move|p1b: Gardevoir|Trick Room|p1b: Gardevoir\n|-fieldstart|move: Trick Room|[of] p1b: Gardevoir\n|\n|-sideend|p2: Jadenhess|move: Tailwind\n|upkeep\n|\n|t:|1776487704\n|switch|p2b: Lucario|Lucario, L50, F|100/100\n|turn|5\n|inactive|r13974682 has 30 seconds left.\n|\n|t:|1776487737\n|move|p2a: Clefable|Follow Me|p2a: Clefable\n|-singleturn|p2a: Clefable|move: Follow Me\n|move|p1a: Incineroar|Flare Blitz|p2a: Clefable\n|-damage|p2a: Clefable|42/100\n|-damage|p1a: Incineroar|45/100|[from] Recoil\n|-enditem|p1a: Incineroar|Sitrus Berry|[eat]\n|-heal|p1a: Incineroar|70/100|[from] item: Sitrus Berry\n|move|p1b: Gardevoir|Hyper Voice|p2a: Clefable|[spread] p2a,p2b\n|-damage|p2a: Clefable|9/100\n|-damage|p2b: Lucario|17/100\n|move|p2b: Lucario|Close Combat|p1a: Incineroar\n|-supereffective|p1a: Incineroar|1\n|-damage|p1a: Incineroar|0 fnt\n|-unboost|p2b: Lucario|def|1\n|-unboost|p2b: Lucario|spd|1\n|faint|p1a: Incineroar\n|\n|-heal|p2a: Clefable|15/100|[from] item: Leftovers\n|upkeep\n|\n|t:|1776487756\n|switch|p1a: Garchomp|Garchomp, L50, M|100/100\n|turn|6\n|\n|t:|1776487776\n|move|p1b: Gardevoir|Protect|p1b: Gardevoir\n|-singleturn|p1b: Gardevoir|Protect\n|move|p2b: Lucario|Protect|p2b: Lucario\n|-singleturn|p2b: Lucario|Protect\n|move|p2a: Clefable|Dazzling Gleam|p1b: Gardevoir|[spread] p1a\n|-activate|p1b: Gardevoir|move: Protect\n|-supereffective|p1a: Garchomp|1\n|-damage|p1a: Garchomp|58/100\n|move|p1a: Garchomp|Earthquake|p2b: Lucario|[spread] p2a\n|-activate|p1b: Gardevoir|move: Protect\n|-activate|p2b: Lucario|move: Protect\n|-damage|p2a: Clefable|0 fnt\n|faint|p2a: Clefable\n|\n|upkeep\n|\n|t:|1776487779\n|switch|p2a: Meganium|Meganium-Mega, L50, M|100/100\n|turn|7\n|\n|t:|1776487796\n|move|p2b: Lucario|Protect||[still]\n|-fail|p2b: Lucario\n|move|p1a: Garchomp|Protect|p1a: Garchomp\n|-singleturn|p1a: Garchomp|Protect\n|move|p1b: Gardevoir|Hyper Voice|p2b: Lucario|[spread] p2a,p2b\n|-damage|p2a: Meganium|51/100\n|-damage|p2b: Lucario|0 fnt\n|faint|p2b: Lucario\n|move|p2a: Meganium|Dazzling Gleam|p1a: Garchomp|[spread] p1b\n|-activate|p1a: Garchomp|move: Protect\n|-damage|p1b: Gardevoir|60/100\n|\n|upkeep\n|turn|8\n|inactive|r13974682 has 30 seconds left.\n|inactive|r13974682 has 20 seconds left.\n|inactive|r13974682 has 15 seconds left.\n|\n|t:|1776487838\n|move|p1a: Garchomp|Protect|p1a: Garchomp\n|-singleturn|p1a: Garchomp|Protect\n|move|p1b: Gardevoir|Hyper Voice|p2a: Meganium\n|-damage|p2a: Meganium|0 fnt\n|faint|p2a: Meganium\n|\n|win|r13974682\n|raw|r13974682's rating: 1362 &rarr; <strong>1388</strong><br />(+26 for winning)\n|raw|Jadenhess's rating: 1467 &rarr; <strong>1441</strong><br />(-26 for losing)\n|l|\u2606Jadenhess\n|player|p2|\n|l|\u2606r13974682\n|player|p1|\n|j|\u2606r13974682\n|player|p1|r13974682|170|\n",
  "uploadtime": 1776487867,
  "views": 31,
  "formatid": "gen9championsvgc2026regma",
  "rating": 1388,
  "private": 0,
  "password": null
}