{
  "id": "gen9championsvgc2026regma-2584604547",
  "format": "[Gen 9 Champions] VGC 2026 Reg M-A",
  "players": [
    "KUTF1",
    "Crozzs"
  ],
  "log": "|j|\u2606KUTF1\n|j|\u2606Crozzs\n|t:|1776271594\n|gametype|doubles\n|player|p1|KUTF1|firebreather|1116\n|player|p2|Crozzs|169|1196\n|gen|9\n|tier|[Gen 9 Champions] VGC 2026 Reg M-A\n|rated|\n|rule|Species Clause: Limit one of each Pok\u00e9mon\n|rule|Item Clause: Limit 1 of each item\n|clearpoke\n|poke|p1|Lucario, L50, F|\n|poke|p1|Medicham, L50, F|\n|poke|p1|Ninetales-Alola, L50, F|\n|poke|p1|Whimsicott, L50, M|\n|poke|p1|Hydreigon, L50, F|\n|poke|p1|Incineroar, L50, M|\n|poke|p2|Scizor, L50, F|\n|poke|p2|Aerodactyl, L50, F|\n|poke|p2|Archaludon, L50, M|\n|poke|p2|Basculegion, L50, M|\n|poke|p2|Pelipper, L50, F|\n|poke|p2|Sneasler, L50, F|\n|teampreview|4\n|inactive|Battle timer is ON: inactive players will automatically lose when time's up. (requested by KUTF1)\n|inactive|KUTF1 has 60 seconds left.\n|inactive|Crozzs has 60 seconds left.\n|\n|t:|1776271639\n|teamsize|p1|4\n|teamsize|p2|4\n|start\n|switch|p1a: Hydreigon|Hydreigon, L50, F|100/100\n|switch|p1b: Whimsicott|Whimsicott, L50, M|100/100\n|switch|p2a: Basculegion|Basculegion, L50, M|100/100\n|switch|p2b: Pelipper|Pelipper, L50, F|100/100\n|-weather|RainDance|[from] ability: Drizzle|[of] p2b: Pelipper\n|turn|1\n|inactive|Crozzs has 30 seconds left.\n|inactive|Crozzs has 20 seconds left.\n|inactive|Crozzs has 15 seconds left.\n|\n|t:|1776271683\n|move|p1b: Whimsicott|Tailwind|p1b: Whimsicott\n|-sidestart|p1: KUTF1|move: Tailwind\n|move|p1a: Hydreigon|Draco Meteor|p2a: Basculegion\n|-damage|p2a: Basculegion|24/100\n|-unboost|p1a: Hydreigon|spa|2\n|move|p2a: Basculegion|Wave Crash|p1a: Hydreigon\n|-resisted|p1a: Hydreigon|1\n|-damage|p1a: Hydreigon|35/100\n|-damage|p2a: Basculegion|6/100|[from] Recoil\n|move|p2b: Pelipper|Hurricane|p1a: Hydreigon\n|-damage|p1a: Hydreigon|0 fnt\n|faint|p1a: Hydreigon\n|\n|-weather|RainDance|[upkeep]\n|upkeep\n|\n|t:|1776271695\n|switch|p1a: Ninetales|Ninetales-Alola, L50, F, shiny|100/100\n|-weather|Snowscape|[from] ability: Snow Warning|[of] p1a: Ninetales\n|turn|2\n|inactive|Crozzs has 30 seconds left.\n|\n|t:|1776271725\n|switch|p2a: Archaludon|Archaludon, L50, M|100/100\n|move|p2b: Pelipper|Protect|p2b: Pelipper\n|-singleturn|p2b: Pelipper|Protect\n|move|p1b: Whimsicott|Moonblast|p2a: Archaludon\n|-damage|p2a: Archaludon|66/100\n|-ability|p2a: Archaludon|Stamina|boost\n|-boost|p2a: Archaludon|def|1\n|move|p1a: Ninetales|Aurora Veil|p1a: Ninetales\n|-sidestart|p1: KUTF1|move: Aurora Veil\n|\n|-weather|Snowscape|[upkeep]\n|-heal|p2a: Archaludon|73/100|[from] item: Leftovers\n|upkeep\n|turn|3\n|\n|t:|1776271746\n|move|p2a: Archaludon|Protect|p2a: Archaludon\n|-singleturn|p2a: Archaludon|Protect\n|move|p1b: Whimsicott|Moonblast|p2a: Archaludon\n|-activate|p2a: Archaludon|move: Protect\n|move|p1a: Ninetales|Freeze-Dry|p2b: Pelipper\n|-supereffective|p2b: Pelipper|2\n|-damage|p2b: Pelipper|0 fnt\n|faint|p2b: Pelipper\n|\n|-weather|Snowscape|[upkeep]\n|-heal|p2a: Archaludon|79/100|[from] item: Leftovers\n|upkeep\n|\n|t:|1776271754\n|switch|p2b: Scizor|Scizor, L50, F|100/100\n|turn|4\n|inactive|Crozzs has 30 seconds left.\n|\n|t:|1776271782\n|detailschange|p2b: Scizor|Scizor-Mega, L50, F\n|-mega|p2b: Scizor|Scizor|Scizorite\n|move|p2b: Scizor|Bullet Punch|p1a: Ninetales\n|-supereffective|p1a: Ninetales|2\n|-damage|p1a: Ninetales|0 fnt\n|faint|p1a: Ninetales\n|move|p1b: Whimsicott|Moonblast|p2a: Archaludon\n|-damage|p2a: Archaludon|45/100\n|-ability|p2a: Archaludon|Stamina|boost\n|-boost|p2a: Archaludon|def|1\n|move|p2a: Archaludon|Aura Sphere|p1b: Whimsicott\n|-resisted|p1b: Whimsicott|1\n|-damage|p1b: Whimsicott|87/100\n|\n|-weather|Snowscape|[upkeep]\n|-heal|p2a: Archaludon|51/100|[from] item: Leftovers\n|-sideend|p1: KUTF1|move: Tailwind\n|upkeep\n|\n|t:|1776271791\n|switch|p1a: Lucario|Lucario, L50, F|100/100\n|turn|5\n|\n|t:|1776271811\n|detailschange|p1a: Lucario|Lucario-Mega, L50, F\n|-mega|p1a: Lucario|Lucario|Lucarionite\n|move|p1b: Whimsicott|Protect|p1b: Whimsicott\n|-singleturn|p1b: Whimsicott|Protect\n|move|p2b: Scizor|Bullet Punch|p1b: Whimsicott\n|-activate|p1b: Whimsicott|move: Protect\n|move|p1a: Lucario|Close Combat|p2b: Scizor\n|-damage|p2b: Scizor|28/100\n|-unboost|p1a: Lucario|def|1\n|-unboost|p1a: Lucario|spd|1\n|move|p2a: Archaludon|Electro Shot||[still]\n|-prepare|p2a: Archaludon|Electro Shot\n|-boost|p2a: Archaludon|spa|1\n|\n|-weather|Snowscape|[upkeep]\n|-heal|p2a: Archaludon|57/100|[from] item: Leftovers\n|upkeep\n|turn|6\n|\n|t:|1776271831\n|move|p1b: Whimsicott|Protect|p1b: Whimsicott\n|-singleturn|p1b: Whimsicott|Protect\n|move|p1a: Lucario|Protect|p1a: Lucario\n|-singleturn|p1a: Lucario|Protect\n|move|p2b: Scizor|Bullet Punch|p1b: Whimsicott\n|-activate|p1b: Whimsicott|move: Protect\n|move|p2a: Archaludon|Electro Shot|p1a: Lucario|[from] lockedmove\n|-activate|p1a: Lucario|move: Protect\n|\n|-weather|none\n|-heal|p2a: Archaludon|64/100|[from] item: Leftovers\n|-sideend|p1: KUTF1|move: Aurora Veil\n|upkeep\n|turn|7\n|\n|t:|1776271846\n|move|p2b: Scizor|Bullet Punch|p1b: Whimsicott\n|-supereffective|p1b: Whimsicott|1\n|-damage|p1b: Whimsicott|0 fnt\n|faint|p1b: Whimsicott\n|move|p1a: Lucario|Close Combat|p2a: Archaludon\n|-supereffective|p2a: Archaludon|1\n|-damage|p2a: Archaludon|0 fnt\n|-unboost|p1a: Lucario|def|1\n|-unboost|p1a: Lucario|spd|1\n|faint|p2a: Archaludon\n|\n|upkeep\n|\n|t:|1776271852\n|switch|p2a: Basculegion|Basculegion, L50, M|6/100\n|turn|8\n|\n|t:|1776271876\n|move|p1a: Lucario|Bullet Punch|p2a: Basculegion\n|-resisted|p2a: Basculegion|1\n|-damage|p2a: Basculegion|0 fnt\n|faint|p2a: Basculegion\n|move|p2b: Scizor|Bullet Punch|p1a: Lucario\n|-resisted|p1a: Lucario|1\n|-damage|p1a: Lucario|49/100\n|\n|upkeep\n|turn|9\n|\n|t:|1776271888\n|move|p1a: Lucario|Bullet Punch|p2b: Scizor\n|-resisted|p2b: Scizor|1\n|-damage|p2b: Scizor|17/100\n|move|p2b: Scizor|Bullet Punch|p1a: Lucario\n|-resisted|p1a: Lucario|1\n|-damage|p1a: Lucario|0 fnt\n|faint|p1a: Lucario\n|\n|win|Crozzs\n|raw|KUTF1's rating: 1116 &rarr; <strong>1097</strong><br />(-19 for losing)\n|raw|Crozzs's rating: 1196 &rarr; <strong>1215</strong><br />(+19 for winning)\n",
  "uploadtime": 1776271890,
  "views": 14,
  "formatid": "gen9championsvgc2026regma",
  "rating": 1097,
  "private": 0,
  "password": null
}