{
  "id": "gen9championsvgc2026regma-2581975078",
  "format": "[Gen 9 Champions] VGC 2026 Reg M-A",
  "players": [
    "Scoriox",
    "delybird"
  ],
  "log": "|j|\u2606Scoriox\n|j|\u2606delybird\n|t:|1776044773\n|gametype|doubles\n|player|p1|Scoriox|265|1085\n|player|p2|delybird|blue-masters|1104\n|gen|9\n|tier|[Gen 9 Champions] VGC 2026 Reg M-A\n|rated|\n|rule|Species Clause: Limit one of each Pok\u00e9mon\n|rule|Item Clause: Limit 1 of each item\n|clearpoke\n|poke|p1|Froslass, L50, F|\n|poke|p1|Rotom-Wash, L50|\n|poke|p1|Whimsicott, L50, M|\n|poke|p1|Zoroark-Hisui, L50, M|\n|poke|p1|Kingambit, L50, F|\n|poke|p1|Arcanine-Hisui, L50, F|\n|poke|p2|Floette-Eternal, L50, F|\n|poke|p2|Incineroar, L50, F|\n|poke|p2|Sinistcha, L50|\n|poke|p2|Klefki, L50, F|\n|poke|p2|Milotic, L50, F|\n|teampreview|4\n|\n|t:|1776044806\n|teamsize|p1|4\n|teamsize|p2|4\n|start\n|switch|p1a: Whimsicott|Whimsicott, L50, M|100/100\n|switch|p1b: Froslass|Froslass, L50, F|100/100\n|switch|p2a: Milotic|Milotic, L50, F|100/100\n|switch|p2b: Klefki|Klefki, L50, F|100/100\n|turn|1\n|\n|t:|1776044828\n|detailschange|p1b: Froslass|Froslass-Mega, L50, F\n|-mega|p1b: Froslass|Froslass|Froslassite\n|-weather|Snowscape|[from] ability: Snow Warning|[of] p1b: Froslass\n|move|p1a: Whimsicott|Fake Tears|p2a: Milotic\n|-unboost|p2a: Milotic|spd|2\n|-ability|p2a: Milotic|Competitive|boost\n|-boost|p2a: Milotic|spa|2\n|move|p2b: Klefki|Light Screen|p2b: Klefki\n|-sidestart|p2: delybird|move: Light Screen\n|move|p1b: Froslass|Shadow Ball|p2a: Milotic\n|-damage|p2a: Milotic|59/100\n|-unboost|p2a: Milotic|spd|1\n|-ability|p2a: Milotic|Competitive|boost\n|-boost|p2a: Milotic|spa|2\n|move|p2a: Milotic|Icy Wind|p1b: Froslass|[spread] p1a,p1b\n|-supereffective|p1a: Whimsicott|1\n|-resisted|p1b: Froslass|1\n|-damage|p1a: Whimsicott|9/100\n|-damage|p1b: Froslass|83/100\n|-unboost|p1a: Whimsicott|spe|1\n|-unboost|p1b: Froslass|spe|1\n|\n|-weather|Snowscape|[upkeep]\n|-heal|p2a: Milotic|65/100|[from] item: Leftovers\n|upkeep\n|turn|2\n|c|\u2606Scoriox|lol\n|\n|t:|1776044857\n|switch|p2a: Incineroar|Incineroar, L50, F|100/100\n|-ability|p2a: Incineroar|Intimidate|boost\n|-unboost|p1a: Whimsicott|atk|1\n|-unboost|p1b: Froslass|atk|1\n|move|p1a: Whimsicott|Encore|p2a: Incineroar\n|-hint|Since gen 7, Dark is immune to Prankster moves.\n|-immune|p2a: Incineroar\n|move|p1b: Froslass|Aurora Veil|p1b: Froslass\n|-sidestart|p1: Scoriox|move: Aurora Veil\n|move|p2b: Klefki|Dazzling Gleam|p1b: Froslass|[spread] p1a,p1b\n|-damage|p1a: Whimsicott|0 fnt\n|-damage|p1b: Froslass|68/100\n|faint|p1a: Whimsicott\n|\n|-weather|Snowscape|[upkeep]\n|upkeep\n|\n|t:|1776044873\n|switch|p1a: Rotom|Rotom-Wash, L50|100/100\n|turn|3\n|\n|t:|1776044888\n|move|p1b: Froslass|Protect|p1b: Froslass\n|-singleturn|p1b: Froslass|Protect\n|move|p2b: Klefki|Thunder Wave|p1b: Froslass\n|-activate|p1b: Froslass|move: Protect\n|move|p1a: Rotom|Hydro Pump|p2a: Incineroar\n|-supereffective|p2a: Incineroar|1\n|-damage|p2a: Incineroar|54/100\n|move|p2a: Incineroar|Parting Shot|p1a: Rotom\n|-unboost|p1a: Rotom|atk|1\n|-unboost|p1a: Rotom|spa|1\n|\n|t:|1776044898\n|switch|p2a: Floette|Floette-Eternal, L50, F|100/100|[from] Parting Shot\n|\n|-weather|Snowscape|[upkeep]\n|upkeep\n|turn|4\n|\n|t:|1776044909\n|switch|p1b: Kingambit|Kingambit, L50, F|100/100\n|detailschange|p2a: Floette|Floette-Mega, L50, F\n|-mega|p2a: Floette|Floette|Floettite\n|-ability|p2a: Floette|Fairy Aura\n|move|p2b: Klefki|Thunder Wave|p1b: Kingambit\n|-hint|Since gen 7, Dark is immune to Prankster moves.\n|-immune|p1b: Kingambit\n|move|p2a: Floette|Dazzling Gleam|p1a: Rotom|[spread] p1a,p1b\n|-damage|p1a: Rotom|67/100\n|-damage|p1b: Kingambit|72/100\n|move|p1a: Rotom|Volt Switch|p2a: Floette\n|-damage|p2a: Floette|90/100\n|\n|t:|1776044921\n|switch|p1a: Froslass|Froslass-Mega, L50, F|68/100|[from] Volt Switch\n|\n|-weather|Snowscape|[upkeep]\n|upkeep\n|turn|5\n|\n|t:|1776044936\n|move|p2b: Klefki|Reflect|p2b: Klefki\n|-sidestart|p2: delybird|Reflect\n|move|p1a: Froslass|Blizzard|p2b: Klefki|[spread] p2a,p2b\n|-resisted|p2b: Klefki|1\n|-damage|p2a: Floette|63/100\n|-damage|p2b: Klefki|87/100\n|move|p2a: Floette|Moonblast|p1b: Kingambit\n|-damage|p1b: Kingambit|22/100\n|move|p1b: Kingambit|Iron Head|p2a: Floette\n|-supereffective|p2a: Floette|1\n|-damage|p2a: Floette|0 fnt\n|faint|p2a: Floette\n|\n|-weather|none\n|-sideend|p2: delybird|move: Light Screen\n|upkeep\n|\n|t:|1776044945\n|switch|p2a: Milotic|Milotic, L50, F|65/100\n|turn|6\n|\n|t:|1776044970\n|move|p2b: Klefki|Light Screen|p2b: Klefki\n|-sidestart|p2: delybird|move: Light Screen\n|move|p1b: Kingambit|Sucker Punch|p2a: Milotic\n|-damage|p2a: Milotic|42/100\n|move|p1a: Froslass|Shadow Ball|p2a: Milotic\n|-damage|p2a: Milotic|22/100\n|-unboost|p2a: Milotic|spd|1\n|-ability|p2a: Milotic|Competitive|boost\n|-boost|p2a: Milotic|spa|2\n|move|p2a: Milotic|Scald|p1b: Kingambit\n|-damage|p1b: Kingambit|0 fnt\n|faint|p1b: Kingambit\n|\n|-heal|p2a: Milotic|28/100|[from] item: Leftovers\n|-sideend|p1: Scoriox|move: Aurora Veil\n|upkeep\n|\n|t:|1776044984\n|switch|p1b: Rotom|Rotom-Wash, L50|67/100\n|turn|7\n|\n|t:|1776044996\n|move|p2a: Milotic|Protect|p2a: Milotic\n|-singleturn|p2a: Milotic|Protect\n|move|p2b: Klefki|Thunder Wave|p1a: Froslass\n|-status|p1a: Froslass|par\n|move|p1b: Rotom|Thunderbolt|p2a: Milotic\n|-activate|p2a: Milotic|move: Protect\n|move|p1a: Froslass|Shadow Ball|p2b: Klefki\n|-damage|p2b: Klefki|61/100\n|\n|-heal|p2a: Milotic|34/100|[from] item: Leftovers\n|upkeep\n|turn|8\n|\n|t:|1776045011\n|switch|p2a: Incineroar|Incineroar, L50, F|54/100\n|-ability|p2a: Incineroar|Intimidate|boost\n|-unboost|p1a: Froslass|atk|1\n|-unboost|p1b: Rotom|atk|1\n|move|p1b: Rotom|Thunderbolt|p2a: Incineroar\n|-damage|p2a: Incineroar|37/100\n|-enditem|p2a: Incineroar|Sitrus Berry|[eat]\n|-heal|p2a: Incineroar|61/100|[from] item: Sitrus Berry\n|move|p2b: Klefki|Dazzling Gleam|p1b: Rotom|[spread] p1a,p1b\n|-damage|p1a: Froslass|47/100 par\n|-damage|p1b: Rotom|50/100\n|-enditem|p1b: Rotom|Sitrus Berry|[eat]\n|-heal|p1b: Rotom|75/100|[from] item: Sitrus Berry\n|move|p1a: Froslass|Shadow Ball|p2b: Klefki\n|-damage|p2b: Klefki|33/100\n|\n|upkeep\n|turn|9\n|\n|t:|1776045031\n|move|p1a: Froslass|Protect|p1a: Froslass\n|-singleturn|p1a: Froslass|Protect\n|move|p1b: Rotom|Hydro Pump|p2a: Incineroar\n|-supereffective|p2a: Incineroar|1\n|-damage|p2a: Incineroar|21/100\n|move|p2b: Klefki|Dazzling Gleam|p1b: Rotom|[spread] p1b\n|-activate|p1a: Froslass|move: Protect\n|-damage|p1b: Rotom|57/100\n|move|p2a: Incineroar|Throat Chop|p1a: Froslass\n|-activate|p1a: Froslass|move: Protect\n|\n|-sideend|p2: delybird|Reflect\n|upkeep\n|turn|10\n|\n|t:|1776045048\n|move|p1b: Rotom|Hydro Pump|p2a: Incineroar|[miss]\n|-miss|p1b: Rotom|p2a: Incineroar\n|move|p2b: Klefki|Dazzling Gleam|p1b: Rotom|[spread] p1a,p1b\n|-damage|p1a: Froslass|26/100 par\n|-damage|p1b: Rotom|40/100\n|move|p1a: Froslass|Shadow Ball|p2b: Klefki\n|-damage|p2b: Klefki|4/100\n|-unboost|p2b: Klefki|spd|1\n|move|p2a: Incineroar|Throat Chop|p1b: Rotom\n|-damage|p1b: Rotom|3/100\n|-start|p1b: Rotom|Throat Chop|[silent]\n|\n|-sideend|p2: delybird|move: Light Screen\n|upkeep\n|turn|11\n|c|\u2606Scoriox|gg\n|c|\u2606Scoriox|misses hydro\n|c|\u2606Scoriox|oh shit nvm\n|\n|t:|1776045075\n|switch|p2a: Milotic|Milotic, L50, F|34/100\n|move|p1b: Rotom|Hydro Pump|p2a: Milotic\n|-resisted|p2a: Milotic|1\n|-damage|p2a: Milotic|22/100\n|move|p2b: Klefki|Dazzling Gleam|p1b: Rotom|[spread] p1a,p1b\n|-damage|p1a: Froslass|5/100 par\n|-damage|p1b: Rotom|0 fnt\n|faint|p1b: Rotom\n|move|p1a: Froslass|Shadow Ball|p2b: Klefki\n|-damage|p2b: Klefki|0 fnt\n|faint|p2b: Klefki\n|\n|-heal|p2a: Milotic|28/100|[from] item: Leftovers\n|upkeep\n|c|\u2606Scoriox|still gg i think\n|c|\u2606delybird|ya gg\n|c|\u2606delybird|close one\n|\n|t:|1776045086\n|switch|p2b: Incineroar|Incineroar, L50, F|21/100\n|-ability|p2b: Incineroar|Intimidate|boost\n|-unboost|p1a: Froslass|atk|1\n|turn|12\n|-message|Scoriox forfeited.\n|\n|win|delybird\n|raw|Scoriox's rating: 1085 &rarr; <strong>1063</strong><br />(-22 for losing)\n|raw|delybird's rating: 1104 &rarr; <strong>1128</strong><br />(+24 for winning)\n|l|\u2606Scoriox\n|player|p1|\n",
  "uploadtime": 1776045093,
  "views": 17,
  "formatid": "gen9championsvgc2026regma",
  "rating": 1063,
  "private": 0,
  "password": null
}