{
  "id": "gen9championsvgc2026regma-2581890818",
  "format": "[Gen 9 Champions] VGC 2026 Reg M-A",
  "players": [
    "blindfishptsd",
    "iAmGross"
  ],
  "log": "|j|\u2606blindfishptsd\n|j|\u2606iAmGross\n|html|<table width=\"100%\"><tr><td align=\"left\">blindfishptsd</td><td align=\"right\">iAmGross</tr><tr><td align=\"left\"><i class=\"fa fa-circle\"></i> <i class=\"fa fa-circle-o\"></i> </td><td align=\"right\"><i class=\"fa fa-circle-o\"></i> <i class=\"fa fa-circle-o\"></i> </tr></table>\n|uhtml|bestof|<h2><strong>Game 2</strong> of <a href=\"/game-bestof3-gen9championsvgc2026regma-2581886600\">a best-of-3</a></h2>\n|t:|1776037172\n|gametype|doubles\n|player|p1|blindfishptsd|olympia|\n|player|p2|iAmGross|1|\n|gen|9\n|tier|[Gen 9 Champions] VGC 2026 Reg M-A\n|rule|Species Clause: Limit one of each Pok\u00e9mon\n|rule|Item Clause: Limit 1 of each item\n|raw|<div class=\"infobox\"><details class=\"readmore\" open><summary><strong>1 custom rule:</strong></summary> Best of = 3</details></div>\n|clearpoke\n|poke|p1|Sneasler, L50, M|\n|poke|p1|Mamoswine, L50, F|\n|poke|p1|Rotom-Wash, L50|\n|poke|p1|Charizard, L50, M|\n|poke|p1|Meowstic, L50, M|\n|poke|p1|Venusaur, L50, F|\n|poke|p2|Tyranitar, L50, F|\n|poke|p2|Clefable, L50, M|\n|poke|p2|Excadrill, L50, F|\n|poke|p2|Wyrdeer, L50, M|\n|poke|p2|Rotom-Heat, L50|\n|poke|p2|Dragapult, L50, M|\n|teampreview|4\n|inactive|Battle timer is ON: inactive players will automatically lose when time's up. (requested by blindfishptsd)\n|\n|t:|1776037199\n|teamsize|p1|4\n|teamsize|p2|4\n|start\n|switch|p1a: Sneasler|Sneasler, L50, M|100/100\n|switch|p1b: Mamoswine|Mamoswine, L50, F|100/100\n|switch|p2a: Wyrdeer|Wyrdeer, L50, M|100/100\n|switch|p2b: Rotom|Rotom-Heat, L50|100/100\n|turn|1\n|inactive|blindfishptsd has 30 seconds left.\n|l|\u2606blindfishptsd\n|inactive|blindfishptsd disconnected and has 300 seconds to reconnect!\n|player|p1|\n|j|\u2606blindfishptsd\n|inactive|blindfishptsd reconnected and has 30 seconds left.\n|player|p1|blindfishptsd|olympia|\n|inactive|blindfishptsd has 20 seconds left.\n|inactive|blindfishptsd has 15 seconds left.\n|\n|t:|1776037259\n|switch|p1a: Rotom|Rotom-Wash, L50|100/100\n|switch|p1b: Charizard|Charizard, L50, M|100/100\n|move|p2a: Wyrdeer|Protect|p2a: Wyrdeer\n|-singleturn|p2a: Wyrdeer|Protect\n|move|p2b: Rotom|Nasty Plot|p2b: Rotom\n|-boost|p2b: Rotom|spa|2\n|\n|upkeep\n|turn|2\n|\n|t:|1776037278\n|move|p2b: Rotom|Protect|p2b: Rotom\n|-singleturn|p2b: Rotom|Protect\n|move|p1a: Rotom|Hydro Pump|p2b: Rotom\n|-activate|p2b: Rotom|move: Protect\n|move|p1b: Charizard|Heat Wave|p2a: Wyrdeer|[spread] p2a\n|-activate|p2b: Rotom|move: Protect\n|-damage|p2a: Wyrdeer|66/100\n|move|p2a: Wyrdeer|Trick Room|p2a: Wyrdeer\n|-fieldstart|move: Trick Room|[of] p2a: Wyrdeer\n|\n|upkeep\n|turn|3\n|inactive|iAmGross has 30 seconds left.\n|inactive|iAmGross has 20 seconds left.\n|inactive|iAmGross has 15 seconds left.\n|inactive|iAmGross has 10 seconds left.\n|\n|t:|1776037324\n|switch|p2b: Clefable|Clefable, L50, M|100/100\n|switch|p1a: Mamoswine|Mamoswine, L50, F|100/100\n|detailschange|p1b: Charizard|Charizard-Mega-Y, L50, M\n|-mega|p1b: Charizard|Charizard|Charizardite Y\n|-weather|SunnyDay|[from] ability: Drought|[of] p1b: Charizard\n|move|p2a: Wyrdeer|Double-Edge|p1a: Mamoswine\n|-damage|p1a: Mamoswine|33/100\n|-damage|p2a: Wyrdeer|47/100|[from] Recoil\n|move|p1b: Charizard|Heat Wave|p2a: Wyrdeer|[spread] p2a,p2b\n|-damage|p2a: Wyrdeer|0 fnt\n|-damage|p2b: Clefable|38/100\n|faint|p2a: Wyrdeer\n|\n|-weather|SunnyDay|[upkeep]\n|upkeep\n|\n|t:|1776037335\n|switch|p2a: Tyranitar|Tyranitar, L50, F|100/100\n|-weather|Sandstorm|[from] ability: Sand Stream|[of] p2a: Tyranitar\n|turn|4\n|\n|t:|1776037349\n|move|p2b: Clefable|Protect|p2b: Clefable\n|-singleturn|p2b: Clefable|Protect\n|move|p1a: Mamoswine|Protect|p1a: Mamoswine\n|-singleturn|p1a: Mamoswine|Protect\n|move|p1b: Charizard|Protect|p1b: Charizard\n|-singleturn|p1b: Charizard|Protect\n|move|p2a: Tyranitar|Rock Slide|p1b: Charizard|[spread] \n|-activate|p1a: Mamoswine|move: Protect\n|-activate|p1b: Charizard|move: Protect\n|\n|-weather|Sandstorm|[upkeep]\n|-damage|p2b: Clefable|32/100|[from] Sandstorm\n|-damage|p1b: Charizard|95/100|[from] Sandstorm\n|upkeep\n|turn|5\n|\n|t:|1776037365\n|switch|p2b: Rotom|Rotom-Heat, L50|100/100\n|switch|p1b: Sneasler|Sneasler, L50, M|100/100\n|move|p2a: Tyranitar|Rock Slide|p1b: Sneasler|[spread] p1a,p1b\n|-resisted|p1b: Sneasler|1\n|-damage|p1a: Mamoswine|0 fnt\n|-damage|p1b: Sneasler|71/100\n|faint|p1a: Mamoswine\n|\n|-weather|Sandstorm|[upkeep]\n|-damage|p2b: Rotom|95/100|[from] Sandstorm\n|-damage|p1b: Sneasler|66/100|[from] Sandstorm\n|upkeep\n|\n|t:|1776037380\n|switch|p1a: Rotom|Rotom-Wash, L50|100/100\n|turn|6\n|\n|t:|1776037391\n|switch|p2a: Clefable|Clefable, L50, M|32/100\n|move|p2b: Rotom|Protect|p2b: Rotom\n|-singleturn|p2b: Rotom|Protect\n|move|p1b: Sneasler|Fake Out|p2b: Rotom\n|-activate|p2b: Rotom|move: Protect\n|move|p1a: Rotom|Hydro Pump|p2b: Rotom\n|-activate|p2b: Rotom|move: Protect\n|\n|-weather|Sandstorm|[upkeep]\n|-damage|p2a: Clefable|26/100|[from] Sandstorm\n|-damage|p2b: Rotom|89/100|[from] Sandstorm\n|-damage|p1b: Sneasler|60/100|[from] Sandstorm\n|-damage|p1a: Rotom|95/100|[from] Sandstorm\n|-fieldend|move: Trick Room\n|upkeep\n|turn|7\n|inactive|iAmGross has 30 seconds left.\n|inactive|iAmGross has 20 seconds left.\n|inactive|iAmGross has 15 seconds left.\n|\n|t:|1776037432\n|move|p2a: Clefable|Protect|p2a: Clefable\n|-singleturn|p2a: Clefable|Protect\n|move|p1a: Rotom|Hydro Pump|p2b: Rotom\n|-supereffective|p2b: Rotom|1\n|-damage|p2b: Rotom|0 fnt\n|faint|p2b: Rotom\n|move|p1b: Sneasler|Dire Claw|p2a: Clefable\n|-activate|p2a: Clefable|move: Protect\n|\n|-weather|Sandstorm|[upkeep]\n|-damage|p1a: Rotom|89/100|[from] Sandstorm\n|-damage|p1b: Sneasler|54/100|[from] Sandstorm\n|-damage|p2a: Clefable|20/100|[from] Sandstorm\n|upkeep\n|\n|t:|1776037439\n|switch|p2b: Tyranitar|Tyranitar, L50, F|100/100\n|turn|8\n|\n|t:|1776037449\n|move|p2a: Clefable|Follow Me|p2a: Clefable\n|-singleturn|p2a: Clefable|move: Follow Me\n|move|p1a: Rotom|Hydro Pump|p2a: Clefable\n|-damage|p2a: Clefable|0 fnt\n|faint|p2a: Clefable\n|move|p1b: Sneasler|Close Combat|p2b: Tyranitar\n|-supereffective|p2b: Tyranitar|2\n|-damage|p2b: Tyranitar|0 fnt\n|-unboost|p1b: Sneasler|def|1\n|-unboost|p1b: Sneasler|spd|1\n|faint|p2b: Tyranitar\n|\n|win|blindfishptsd\n|c|\u2606blindfishptsd|Ggs\n|c|\u2606iAmGross|gg\n|l|\u2606iAmGross\n|player|p2|\n|j|\u2606iAmGross\n|player|p2|iAmGross|1|\n",
  "uploadtime": 1776037490,
  "views": 22,
  "formatid": "gen9championsvgc2026regma",
  "rating": null,
  "private": 0,
  "password": null
}