{
  "id": "gen9championsvgc2026regma-2582819183",
  "format": "[Gen 9 Champions] VGC 2026 Reg M-A",
  "players": [
    "ScribbleScribble",
    "fangyusuhe"
  ],
  "log": "|j|\u2606ScribbleScribble\n|j|\u2606fangyusuhe\n|t:|1776116503\n|gametype|doubles\n|player|p1|ScribbleScribble|mina-lgpe|1360\n|player|p2|fangyusuhe|dawn|1365\n|gen|9\n|tier|[Gen 9 Champions] VGC 2026 Reg M-A\n|rated|\n|rule|Species Clause: Limit one of each Pok\u00e9mon\n|rule|Item Clause: Limit 1 of each item\n|clearpoke\n|poke|p1|Floette-Eternal, L50, F|\n|poke|p1|Sneasler, L50, M|\n|poke|p1|Aerodactyl, L50, M|\n|poke|p1|Garchomp, L50, M|\n|poke|p1|Kingambit, L50, M|\n|poke|p1|Basculegion, L50, M|\n|poke|p2|Incineroar, L50, F|\n|poke|p2|Sinistcha, L50|\n|poke|p2|Kingambit, L50, F|\n|poke|p2|Floette-Eternal, L50, F|\n|poke|p2|Dragapult, L50, M|\n|poke|p2|Sneasler, L50, F|\n|teampreview|4\n|inactive|Battle timer is ON: inactive players will automatically lose when time's up. (requested by ScribbleScribble)\n|\n|t:|1776116515\n|teamsize|p1|4\n|teamsize|p2|4\n|start\n|switch|p1a: Aerodactyl|Aerodactyl, L50, M|100/100\n|switch|p1b: Floette|Floette-Eternal, L50, F|100/100\n|switch|p2a: Floette|Floette-Eternal, L50, F|100/100\n|switch|p2b: Dragapult|Dragapult, L50, M|100/100\n|-ability|p1a: Aerodactyl|Unnerve\n|turn|1\n|inactive|fangyusuhe has 30 seconds left.\n|inactive|fangyusuhe has 20 seconds left.\n|\n|t:|1776116551\n|detailschange|p1b: Floette|Floette-Mega, L50, F\n|-mega|p1b: Floette|Floette|Floettite\n|-ability|p1b: Floette|Fairy Aura\n|move|p2b: Dragapult|Thunder Wave|p1b: Floette\n|-status|p1b: Floette|par\n|move|p1a: Aerodactyl|Tailwind|p1a: Aerodactyl\n|-sidestart|p1: ScribbleScribble|move: Tailwind\n|move|p1b: Floette|Dazzling Gleam|p2a: Floette|[spread] p2a,p2b\n|-supereffective|p2b: Dragapult|1\n|-damage|p2a: Floette|62/100\n|-enditem|p2b: Dragapult|Focus Sash\n|-damage|p2b: Dragapult|1/100\n|move|p2a: Floette|Calm Mind|p2a: Floette\n|-boost|p2a: Floette|spa|1\n|-boost|p2a: Floette|spd|1\n|\n|upkeep\n|turn|2\n|\n|t:|1776116574\n|switch|p2b: Sinistcha|Sinistcha, L50|100/100\n|-heal|p2a: Floette|87/100|[from] ability: Hospitality|[of] p2b: Sinistcha\n|detailschange|p2a: Floette|Floette-Mega, L50, F\n|-mega|p2a: Floette|Floette|Floettite\n|-ability|p2a: Floette|Fairy Aura\n|move|p1a: Aerodactyl|Rock Slide|p2a: Floette|[spread] p2a,p2b\n|-damage|p2a: Floette|67/100\n|-damage|p2b: Sinistcha|79/100\n|move|p1b: Floette|Moonblast|p2a: Floette\n|-damage|p2a: Floette|29/100\n|move|p2a: Floette|Draining Kiss|p1a: Aerodactyl\n|-damage|p1a: Aerodactyl|11/100\n|-heal|p2a: Floette|87/100|[from] drain|[of] p1a: Aerodactyl\n|\n|upkeep\n|turn|3\n|\n|t:|1776116597\n|move|p1a: Aerodactyl|Dual Wingbeat|p2b: Sinistcha\n|-supereffective|p2b: Sinistcha|1\n|-damage|p2b: Sinistcha|48/100\n|-supereffective|p2b: Sinistcha|1\n|-damage|p2b: Sinistcha|18/100\n|-hitcount|p2b: Sinistcha|2\n|move|p1b: Floette|Moonblast|p2b: Sinistcha\n|-damage|p2b: Sinistcha|0 fnt\n|faint|p2b: Sinistcha\n|move|p2a: Floette|Dazzling Gleam|p1a: Aerodactyl|[spread] p1a,p1b\n|-damage|p1a: Aerodactyl|0 fnt\n|-damage|p1b: Floette|46/100 par\n|faint|p1a: Aerodactyl\n|\n|upkeep\n|\n|t:|1776116611\n|switch|p1a: Kingambit|Kingambit, L50, M|100/100\n|switch|p2b: Sneasler|Sneasler, L50, F|100/100\n|turn|4\n|\n|t:|1776116633\n|move|p2b: Sneasler|Close Combat|p1a: Kingambit\n|-supereffective|p1a: Kingambit|2\n|-crit|p1a: Kingambit\n|-damage|p1a: Kingambit|0 fnt\n|-unboost|p2b: Sneasler|def|1\n|-unboost|p2b: Sneasler|spd|1\n|faint|p1a: Kingambit\n|-enditem|p2b: Sneasler|White Herb\n|-clearnegativeboost|p2b: Sneasler|[silent]\n|move|p1b: Floette|Moonblast|p2b: Sneasler\n|-damage|p2b: Sneasler|0 fnt\n|faint|p2b: Sneasler\n|move|p2a: Floette|Dazzling Gleam|p1b: Floette\n|-damage|p1b: Floette|0 fnt\n|faint|p1b: Floette\n|\n|-sideend|p1: ScribbleScribble|move: Tailwind\n|upkeep\n|\n|t:|1776116653\n|switch|p2b: Dragapult|Dragapult, L50, M|1/100\n|switch|p1b: Basculegion|Basculegion, L50, M|100/100\n|turn|5\n|\n|t:|1776116668\n|move|p1b: Basculegion|Last Respects|p2a: Floette\n|-damage|p2a: Floette|0 fnt\n|faint|p2a: Floette\n|move|p2b: Dragapult|Will-O-Wisp|p1b: Basculegion|[miss]\n|-miss|p2b: Dragapult|p1b: Basculegion\n|\n|upkeep\n|turn|6\n|\n|t:|1776116685\n|move|p1b: Basculegion|Last Respects|p2b: Dragapult\n|-supereffective|p2b: Dragapult|1\n|-damage|p2b: Dragapult|0 fnt\n|faint|p2b: Dragapult\n|\n|win|ScribbleScribble\n|raw|ScribbleScribble's rating: 1360 &rarr; <strong>1379</strong><br />(+19 for winning)\n|raw|fangyusuhe's rating: 1342 &rarr; <strong>1323</strong><br />(-19 for losing)\n|l|\u2606ScribbleScribble\n|player|p1|\n",
  "uploadtime": 1776116706,
  "views": 35,
  "formatid": "gen9championsvgc2026regma",
  "rating": 1323,
  "private": 0,
  "password": null
}