{
  "id": "gen9championsvgc2026regma-2583014385",
  "format": "[Gen 9 Champions] VGC 2026 Reg M-A",
  "players": [
    "ThePeasent",
    "smoked lobster"
  ],
  "log": "|j|\u2606ThePeasent\n|j|\u2606smoked lobster\n|t:|1776133434\n|gametype|doubles\n|player|p1|ThePeasent|gloria-dojo|1257\n|player|p2|smoked lobster|102|1280\n|gen|9\n|tier|[Gen 9 Champions] VGC 2026 Reg M-A\n|rated|\n|rule|Species Clause: Limit one of each Pok\u00e9mon\n|rule|Item Clause: Limit 1 of each item\n|clearpoke\n|poke|p1|Glimmora, L50, F|\n|poke|p1|Tyranitar, L50, M|\n|poke|p1|Excadrill, L50, F|\n|poke|p1|Milotic, L50, M|\n|poke|p1|Sneasler, L50, M|\n|poke|p1|Rotom-Wash, L50|\n|poke|p2|Chesnaught, L50, F|\n|poke|p2|Espathra, L50, M|\n|poke|p2|Sableye, L50, F|\n|poke|p2|Dragonite, L50, F|\n|poke|p2|Pelipper, L50, M|\n|poke|p2|Basculegion, L50, M|\n|teampreview|4\n|inactive|Battle timer is ON: inactive players will automatically lose when time's up. (requested by ThePeasent)\nsmoked lobster has agreed to open team sheets.\nThePeasent has agreed to open team sheets.\n|showteam|p1|Glimmora||Glimmoranite|ToxicDebris|SludgeBomb,PowerGem,EarthPower,SpikyShield|||F|||50|]Tyranitar||ChopleBerry|SandStream|RockSlide,Crunch,LowKick,Protect|||M|||50|]Excadrill||FocusSash|SandRush|Earthquake,RockSlide,HighHorsepower,Protect|||F|||50|]Milotic||Leftovers|Competitive|MuddyWater,Protect,IcyWind,HelpingHand|||M|||50|]Sneasler||WhiteHerb|Pressure|FakeOut,CloseCombat,DireClaw,Coaching|||M|||50|]Rotom-Wash||SitrusBerry|Levitate|HydroPump,Electroweb,VoltSwitch,Protect||||||50|\n|showteam|p2|Chesnaught||Chesnaughtite|Bulletproof|BodyPress,BulkUp,WoodHammer,SpikyShield|||F|||50|]Espathra||ColburBerry|SpeedBoost|LuminaCrash,LowKick,Hypnosis,Protect|||M|||50|]Sableye||FocusSash|Prankster|FakeOut,Gravity,Encore,ThroatChop|||F|||50|]Dragonite||Dragoninite|Multiscale|DracoMeteor,Hurricane,Thunder,Protect|||F|||50|]Pelipper||ChartiBerry|Drizzle|Tailwind,WeatherBall,Hurricane,WideGuard|||M|||50|]Basculegion||MysticWater|SwiftSwim|LastRespects,WaveCrash,AquaJet,Protect|||M|||50|\n|inactive|smoked lobster has 60 seconds left.\n|\n|t:|1776133477\n|teamsize|p1|4\n|teamsize|p2|4\n|start\n|switch|p1a: Rotom|Rotom-Wash, L50|100/100\n|switch|p1b: Excadrill|Excadrill, L50, F|100/100\n|switch|p2a: Sableye|Sableye, L50, F|100/100\n|switch|p2b: Espathra|Espathra, L50, M|100/100\n|turn|1\n|inactive|smoked lobster has 30 seconds left.\n|\n|t:|1776133503\n|move|p2a: Sableye|Gravity|p2a: Sableye\n|-fieldstart|move: Gravity\n|move|p2b: Espathra|Hypnosis|p1a: Rotom\n|-status|p1a: Rotom|slp|[from] move: Hypnosis\n|move|p1b: Excadrill|Earthquake|p2b: Espathra|[spread] p1a,p2a,p2b\n|-supereffective|p1a: Rotom|1\n|-damage|p1a: Rotom|16/100 slp\n|-damage|p2a: Sableye|55/100\n|-damage|p2b: Espathra|36/100\n|-enditem|p1a: Rotom|Sitrus Berry|[eat]\n|-heal|p1a: Rotom|41/100 slp|[from] item: Sitrus Berry\n|cant|p1a: Rotom|slp\n|\n|-ability|p2b: Espathra|Speed Boost|boost\n|-boost|p2b: Espathra|spe|1\n|upkeep\n|turn|2\n|\n|t:|1776133525\n|switch|p2a: Chesnaught|Chesnaught, L50, F|100/100\n|move|p2b: Espathra|Hypnosis|p1b: Excadrill\n|-status|p1b: Excadrill|slp|[from] move: Hypnosis\n|cant|p1b: Excadrill|slp\n|-curestatus|p1a: Rotom|slp|[msg]\n|move|p1a: Rotom|Electroweb|p2a: Chesnaught|[spread] p2a,p2b\n|-resisted|p2a: Chesnaught|1\n|-damage|p2a: Chesnaught|93/100\n|-damage|p2b: Espathra|13/100\n|-unboost|p2a: Chesnaught|spe|1\n|-unboost|p2b: Espathra|spe|1\n|\n|-ability|p2b: Espathra|Speed Boost|boost\n|-boost|p2b: Espathra|spe|1\n|upkeep\n|turn|3\n|\n|t:|1776133546\n|switch|p1b: Sneasler|Sneasler, L50, M|100/100\n|-ability|p1b: Sneasler|Pressure\n|detailschange|p2a: Chesnaught|Chesnaught-Mega, L50, F\n|-mega|p2a: Chesnaught|Chesnaught|Chesnaughtite\n|move|p2b: Espathra|Hypnosis|p1a: Rotom\n|-status|p1a: Rotom|slp|[from] move: Hypnosis\n|cant|p1a: Rotom|slp\n|move|p2a: Chesnaught|Bulk Up|p2a: Chesnaught\n|-boost|p2a: Chesnaught|atk|1\n|-boost|p2a: Chesnaught|def|1\n|\n|-ability|p2b: Espathra|Speed Boost|boost\n|-boost|p2b: Espathra|spe|1\n|upkeep\n|turn|4\n|inactive|smoked lobster has 30 seconds left.\n|\n|t:|1776133573\n|move|p2b: Espathra|Protect|p2b: Espathra\n|-singleturn|p2b: Espathra|Protect\n|move|p1b: Sneasler|Dire Claw|p2a: Chesnaught\n|-supereffective|p2a: Chesnaught|1\n|-damage|p2a: Chesnaught|64/100\n|-curestatus|p1a: Rotom|slp|[msg]\n|move|p1a: Rotom|Electroweb|p2a: Chesnaught|[spread] p2a\n|-activate|p2b: Espathra|move: Protect\n|-resisted|p2a: Chesnaught|1\n|-damage|p2a: Chesnaught|58/100\n|-unboost|p2a: Chesnaught|spe|1\n|move|p2a: Chesnaught|Body Press|p1a: Rotom\n|-damage|p1a: Rotom|0 fnt\n|faint|p1a: Rotom\n|\n|-ability|p2b: Espathra|Speed Boost|boost\n|-boost|p2b: Espathra|spe|1\n|upkeep\n|\n|t:|1776133591\n|switch|p1a: Tyranitar|Tyranitar, L50, M, shiny|100/100\n|-weather|Sandstorm|[from] ability: Sand Stream|[of] p1a: Tyranitar\n|turn|5\n|\n|t:|1776133598\n|switch|p1b: Excadrill|Excadrill, L50, F|100/100 slp\n|move|p2b: Espathra|Lumina Crash|p1b: Excadrill\n|-resisted|p1b: Excadrill|1\n|-damage|p1b: Excadrill|77/100 slp\n|-unboost|p1b: Excadrill|spd|2\n|move|p1a: Tyranitar|Rock Slide|p2b: Espathra|[spread] p2a,p2b\n|-resisted|p2a: Chesnaught|1\n|-damage|p2a: Chesnaught|54/100\n|-damage|p2b: Espathra|0 fnt\n|faint|p2b: Espathra\n|cant|p2a: Chesnaught|flinch\n|\n|-weather|Sandstorm|[upkeep]\n|-damage|p2a: Chesnaught|48/100|[from] Sandstorm\n|-fieldend|move: Gravity\n|upkeep\n|\n|t:|1776133615\n|switch|p2b: Sableye|Sableye, L50, F|55/100\n|turn|6\n|\n|t:|1776133621\n|move|p2b: Sableye|Fake Out|p1b: Excadrill\n|-resisted|p1b: Excadrill|1\n|-damage|p1b: Excadrill|72/100 slp\n|cant|p1b: Excadrill|slp\n|move|p1a: Tyranitar|Rock Slide|p2a: Chesnaught|[spread] p2a,p2b\n|-resisted|p2a: Chesnaught|1\n|-damage|p2a: Chesnaught|43/100\n|-damage|p2b: Sableye|23/100\n|move|p2a: Chesnaught|Body Press|p1a: Tyranitar\n|-supereffective|p1a: Tyranitar|2\n|-enditem|p1a: Tyranitar|Chople Berry|[eat]\n|-enditem|p1a: Tyranitar|Chople Berry|[weaken]\n|-damage|p1a: Tyranitar|0 fnt\n|faint|p1a: Tyranitar\n|\n|-weather|Sandstorm|[upkeep]\n|-damage|p2b: Sableye|18/100|[from] Sandstorm\n|-damage|p2a: Chesnaught|37/100|[from] Sandstorm\n|upkeep\n|\n|t:|1776133633\n|switch|p1a: Sneasler|Sneasler, L50, M|100/100\n|-ability|p1a: Sneasler|Pressure\n|turn|7\n|\n|t:|1776133646\n|move|p2a: Chesnaught|Spiky Shield|p2a: Chesnaught\n|-singleturn|p2a: Chesnaught|move: Protect\n|move|p2b: Sableye|Gravity|p2b: Sableye\n|-fieldstart|move: Gravity\n|-curestatus|p1b: Excadrill|slp|[msg]\n|move|p1b: Excadrill|Rock Slide|p2b: Sableye|[spread] p2b\n|-activate|p2a: Chesnaught|move: Protect\n|-crit|p2b: Sableye\n|-damage|p2b: Sableye|0 fnt\n|faint|p2b: Sableye\n|move|p1a: Sneasler|Dire Claw|p2a: Chesnaught\n|-activate|p2a: Chesnaught|move: Protect\n|-damage|p1a: Sneasler|88/100|[from] Spiky Shield|[of] p2a: Chesnaught\n|\n|-weather|Sandstorm|[upkeep]\n|-damage|p1a: Sneasler|83/100|[from] Sandstorm\n|-damage|p2a: Chesnaught|31/100|[from] Sandstorm\n|upkeep\n|\n|t:|1776133659\n|switch|p2b: Dragonite|Dragonite, L50, F|100/100\n|turn|8\n|\n|t:|1776133675\n|move|p1b: Excadrill|Rock Slide|p2b: Dragonite|[spread] p2a,p2b\n|-resisted|p2a: Chesnaught|1\n|-supereffective|p2b: Dragonite|1\n|-damage|p2a: Chesnaught|27/100\n|-damage|p2b: Dragonite|76/100\n|move|p1a: Sneasler|Dire Claw|p2a: Chesnaught\n|-supereffective|p2a: Chesnaught|1\n|-damage|p2a: Chesnaught|0 fnt\n|faint|p2a: Chesnaught\n|cant|p2b: Dragonite|flinch\n|\n|-weather|Sandstorm|[upkeep]\n|-damage|p1a: Sneasler|77/100|[from] Sandstorm\n|-damage|p2b: Dragonite|70/100|[from] Sandstorm\n|upkeep\n|turn|9\n|\n|t:|1776133689\n|move|p1b: Excadrill|Rock Slide|p2b: Dragonite\n|-supereffective|p2b: Dragonite|1\n|-damage|p2b: Dragonite|2/100\n|move|p1a: Sneasler|Coaching|p1b: Excadrill\n|-boost|p1b: Excadrill|atk|1\n|-boost|p1b: Excadrill|def|1\n|cant|p2b: Dragonite|flinch\n|\n|-weather|none\n|upkeep\n|turn|10\n|c|\u2606smoked lobster|actually what the hell\n|c|\u2606smoked lobster|3 flinch\n|inactive|smoked lobster has 30 seconds left.\n|c|\u2606smoked lobster|smh\n|-message|smoked lobster forfeited.\n|\n|win|ThePeasent\n|raw|ThePeasent's rating: 1257 &rarr; <strong>1284</strong><br />(+27 for winning)\n|raw|smoked lobster's rating: 1280 &rarr; <strong>1253</strong><br />(-27 for losing)\n|c|\u2606ThePeasent|yeah mb bro\n|l|\u2606smoked lobster\n|player|p2|\n|c|\u2606ThePeasent|you didnt deserve that\n",
  "uploadtime": 1776133727,
  "views": 66,
  "formatid": "gen9championsvgc2026regma",
  "rating": 1253,
  "private": 0,
  "password": null
}