{
  "id": "gen9championsvgc2026regma-2586159934",
  "format": "[Gen 9 Champions] VGC 2026 Reg M-A",
  "players": [
    "Ashen206",
    "opkil"
  ],
  "log": "|j|\u2606Ashen206\n|j|\u2606opkil\n|t:|1776406613\n|gametype|doubles\n|player|p1|Ashen206|cynthia-gen4|1447\n|player|p2|opkil|101|1391\n|gen|9\n|tier|[Gen 9 Champions] VGC 2026 Reg M-A\n|rated|\n|rule|Species Clause: Limit one of each Pok\u00e9mon\n|rule|Item Clause: Limit 1 of each item\n|clearpoke\n|poke|p1|Incineroar, L50, M|\n|poke|p1|Gengar, L50, F|\n|poke|p1|Blastoise, L50, M|\n|poke|p1|Kommo-o, L50, M|\n|poke|p1|Sableye, L50, F|\n|poke|p1|Morpeko, L50, M|\n|poke|p2|Floette-Eternal, L50, F|\n|poke|p2|Garchomp, L50, F|\n|poke|p2|Aerodactyl, L50, M|\n|poke|p2|Sneasler, L50, M|\n|poke|p2|Incineroar, L50, F|\n|poke|p2|Sinistcha, L50|\n|teampreview|4\n|inactive|Battle timer is ON: inactive players will automatically lose when time's up. (requested by opkil)\n|inactive|Ashen206 has 60 seconds left.\n|inactive|opkil has 60 seconds left.\n|\n|t:|1776406673\n|teamsize|p1|4\n|teamsize|p2|4\n|start\n|switch|p1a: Himejoshi<3|Gengar, L50, F, shiny|100/100\n|switch|p1b: Incineroar|Incineroar, L50, M|100/100\n|switch|p2a: Sneasler|Sneasler, L50, M|100/100\n|switch|p2b: Sinistcha|Sinistcha, L50|100/100\n|-ability|p1b: Incineroar|Intimidate|boost\n|-unboost|p2a: Sneasler|atk|1\n|-unboost|p2b: Sinistcha|atk|1\n|-enditem|p2a: Sneasler|White Herb\n|-clearnegativeboost|p2a: Sneasler|[silent]\n|turn|1\n|j| gamalvgc?\n|\n|t:|1776406701\n|move|p1a: Himejoshi<3|Protect|p1a: Himejoshi<3\n|-singleturn|p1a: Himejoshi<3|Protect\n|move|p2a: Sneasler|Close Combat|p1b: Incineroar\n|-supereffective|p1b: Incineroar|1\n|-crit|p1b: Incineroar\n|-damage|p1b: Incineroar|0 fnt\n|-unboost|p2a: Sneasler|def|1\n|-unboost|p2a: Sneasler|spd|1\n|faint|p1b: Incineroar\n|move|p2b: Sinistcha|Trick Room|p2b: Sinistcha\n|-fieldstart|move: Trick Room|[of] p2b: Sinistcha\n|\n|upkeep\n|\n|t:|1776406713\n|switch|p1b: Sableye|Sableye, L50, F, shiny|100/100\n|turn|2\n|\n|t:|1776406731\n|switch|p2a: Garchomp|Garchomp, L50, F|100/100\n|detailschange|p1a: Himejoshi<3|Gengar-Mega, L50, F, shiny\n|-mega|p1a: Himejoshi<3|Gengar|Gengarite\n|move|p1b: Sableye|Fake Out|p2a: Garchomp\n|-damage|p2a: Garchomp|93/100\n|-damage|p1b: Sableye|88/100|[from] ability: Rough Skin|[of] p2a: Garchomp\n|move|p2b: Sinistcha|Rage Powder|p2b: Sinistcha\n|-singleturn|p2b: Sinistcha|move: Rage Powder\n|move|p1a: Himejoshi<3|Perish Song|p1a: Himejoshi<3\n|-start|p1a: Himejoshi<3|perish3|[silent]\n|-start|p1b: Sableye|perish3|[silent]\n|-start|p2a: Garchomp|perish3|[silent]\n|-start|p2b: Sinistcha|perish3|[silent]\n|-fieldactivate|move: Perish Song\n|\n|-start|p1b: Sableye|perish3\n|-start|p2b: Sinistcha|perish3\n|-start|p2a: Garchomp|perish3\n|-start|p1a: Himejoshi<3|perish3\n|upkeep\n|turn|3\n|\n|t:|1776406751\n|move|p1b: Sableye|Protect|p1b: Sableye\n|-singleturn|p1b: Sableye|Protect\n|move|p1a: Himejoshi<3|Protect|p1a: Himejoshi<3\n|-singleturn|p1a: Himejoshi<3|Protect\n|move|p2b: Sinistcha|Matcha Gotcha|p1a: Himejoshi<3|[spread] \n|-activate|p1a: Himejoshi<3|move: Protect\n|-activate|p1b: Sableye|move: Protect\n|move|p2a: Garchomp|Earthquake|p1b: Sableye|[spread] p2b\n|-activate|p1a: Himejoshi<3|move: Protect\n|-activate|p1b: Sableye|move: Protect\n|-resisted|p2b: Sinistcha|1\n|-damage|p2b: Sinistcha|85/100\n|\n|-start|p1b: Sableye|perish2\n|-start|p2b: Sinistcha|perish2\n|-start|p2a: Garchomp|perish2\n|-start|p1a: Himejoshi<3|perish2\n|upkeep\n|turn|4\n|\n|t:|1776406771\n|move|p2b: Sinistcha|Rage Powder|p2b: Sinistcha\n|-singleturn|p2b: Sinistcha|move: Rage Powder\n|move|p1b: Sableye|Disable|p2b: Sinistcha\n|-start|p2b: Sinistcha|Disable|Rage Powder\n|move|p2a: Garchomp|Earthquake|p1a: Himejoshi<3|[spread] p2b,p1a,p1b\n|-resisted|p2b: Sinistcha|1\n|-supereffective|p1a: Himejoshi<3|1\n|-damage|p2b: Sinistcha|68/100\n|-damage|p1a: Himejoshi<3|3/100\n|-damage|p1b: Sableye|48/100\n|move|p1a: Himejoshi<3|Shadow Ball|p2b: Sinistcha\n|-supereffective|p2b: Sinistcha|1\n|-damage|p2b: Sinistcha|0 fnt\n|faint|p2b: Sinistcha\n|\n|-start|p1b: Sableye|perish1\n|-start|p2a: Garchomp|perish1\n|-start|p1a: Himejoshi<3|perish1\n|upkeep\n|\n|t:|1776406779\n|switch|p2b: Floette|Floette-Eternal, L50, F|100/100\n|turn|5\n|\n|t:|1776406800\n|switch|p1a: Blastoise|Blastoise, L50, M|100/100\n|detailschange|p2b: Floette|Floette-Mega, L50, F\n|-mega|p2b: Floette|Floette|Floettite\n|-ability|p2b: Floette|Fairy Aura\n|move|p1b: Sableye|Disable|p2a: Garchomp\n|-start|p2a: Garchomp|Disable|Earthquake\n|move|p2b: Floette|Calm Mind|p2b: Floette\n|-boost|p2b: Floette|spa|1\n|-boost|p2b: Floette|spd|1\n|move|p2a: Garchomp|Rock Slide|p1b: Sableye|[spread] p1a,p1b\n|-damage|p1a: Blastoise|85/100\n|-damage|p1b: Sableye|27/100\n|\n|-start|p1b: Sableye|perish0\n|-start|p2a: Garchomp|perish0\n|-fieldend|move: Trick Room\n|upkeep\n|faint|p1b: Sableye\n|faint|p2a: Garchomp\n|\n|t:|1776406816\n|switch|p2a: Sneasler|Sneasler, L50, M|100/100\n|switch|p1b: Himejoshi<3|Gengar-Mega, L50, F, shiny|3/100\n|turn|6\n|\n|t:|1776406834\n|move|p2b: Floette|Protect|p2b: Floette\n|-singleturn|p2b: Floette|Protect\n|move|p1a: Blastoise|Fake Out|p2b: Floette\n|-activate|p2b: Floette|move: Protect\n|move|p1b: Himejoshi<3|Perish Song|p1b: Himejoshi<3\n|-start|p1a: Blastoise|perish3|[silent]\n|-start|p1b: Himejoshi<3|perish3|[silent]\n|-start|p2a: Sneasler|perish3|[silent]\n|-start|p2b: Floette|perish3|[silent]\n|-fieldactivate|move: Perish Song\n|move|p2a: Sneasler|Dire Claw|p1b: Himejoshi<3\n|-resisted|p1b: Himejoshi<3|2\n|-damage|p1b: Himejoshi<3|0 fnt\n|faint|p1b: Himejoshi<3\n|\n|-start|p2a: Sneasler|perish3\n|-start|p2b: Floette|perish3\n|-start|p1a: Blastoise|perish3\n|upkeep\n|turn|7\n|\n|t:|1776406847\n|move|p1a: Blastoise|Protect|p1a: Blastoise\n|-singleturn|p1a: Blastoise|Protect\n|move|p2a: Sneasler|Close Combat|p1a: Blastoise\n|-activate|p1a: Blastoise|move: Protect\n|move|p2b: Floette|Moonblast|p1a: Blastoise\n|-activate|p1a: Blastoise|move: Protect\n|\n|-start|p2a: Sneasler|perish2\n|-start|p2b: Floette|perish2\n|-start|p1a: Blastoise|perish2\n|upkeep\n|turn|8\n|\n|t:|1776406859\n|move|p2a: Sneasler|Close Combat|p1a: Blastoise\n|-damage|p1a: Blastoise|30/100\n|-unboost|p2a: Sneasler|def|1\n|-unboost|p2a: Sneasler|spd|1\n|move|p2b: Floette|Moonblast|p1a: Blastoise\n|-damage|p1a: Blastoise|0 fnt\n|faint|p1a: Blastoise\n|\n|win|opkil\n|raw|Ashen206's rating: 1447 &rarr; <strong>1424</strong><br />(-23 for losing)\n|raw|opkil's rating: 1391 &rarr; <strong>1414</strong><br />(+23 for winning)\n|c|\u2606opkil|ggs\n",
  "uploadtime": 1776406868,
  "views": 41,
  "formatid": "gen9championsvgc2026regma",
  "rating": 1414,
  "private": 0,
  "password": null
}