{
  "id": "gen9championsvgc2026regma-2582776483",
  "format": "[Gen 9 Champions] VGC 2026 Reg M-A",
  "players": [
    "Guiding Quem",
    "gabe_itch VCG"
  ],
  "log": "|j|\u2606Guiding Quem\n|j|\u2606gabe_itch VCG\n|t:|1776113323\n|gametype|doubles\n|player|p1|Guiding Quem|cynthia-masters4|1397\n|player|p2|gabe_itch VCG|jacinthe|1437\n|gen|9\n|tier|[Gen 9 Champions] VGC 2026 Reg M-A\n|rated|\n|rule|Species Clause: Limit one of each Pok\u00e9mon\n|rule|Item Clause: Limit 1 of each item\n|clearpoke\n|poke|p1|Floette-Eternal, L50, F|\n|poke|p1|Maushold, L50|\n|poke|p1|Garchomp, L50, M|\n|poke|p1|Talonflame, L50, M|\n|poke|p1|Rotom-Wash, L50|\n|poke|p1|Aegislash, L50, F|\n|poke|p2|Floette-Eternal, L50, F|\n|poke|p2|Garchomp, L50, F|\n|poke|p2|Sneasler, L50, F|\n|poke|p2|Pelipper, L50, M|\n|poke|p2|Archaludon, L50, F|\n|poke|p2|Basculegion, L50, M|\n|teampreview|4\n|j| twothousnd\n|\n|t:|1776113367\n|teamsize|p1|4\n|teamsize|p2|4\n|start\n|switch|p1a: Floette|Floette-Eternal, L50, F|100/100\n|switch|p1b: Maushold|Maushold, L50|100/100\n|switch|p2a: Pelipper|Pelipper, L50, M|100/100\n|switch|p2b: Garchomp|Garchomp, L50, F|100/100\n|-weather|RainDance|[from] ability: Drizzle|[of] p2a: Pelipper\n|turn|1\n|inactive|Battle timer is ON: inactive players will automatically lose when time's up. (requested by Guiding Quem)\n|\n|t:|1776113391\n|detailschange|p1a: Floette|Floette-Mega, L50, F\n|-mega|p1a: Floette|Floette|Floettite\n|-ability|p1a: Floette|Fairy Aura\n|move|p2b: Garchomp|Earthquake|p1b: Maushold|[spread] p1a,p1b\n|-immune|p2a: Pelipper\n|-damage|p1a: Floette|65/100\n|-damage|p1b: Maushold|42/100\n|move|p1b: Maushold|Taunt|p2a: Pelipper\n|-start|p2a: Pelipper|move: Taunt\n|cant|p2a: Pelipper|move: Taunt|Tailwind\n|move|p1a: Floette|Dazzling Gleam|p2a: Pelipper|[spread] p2a,p2b\n|-supereffective|p2b: Garchomp|1\n|-damage|p2a: Pelipper|6/100\n|-damage|p2b: Garchomp|0 fnt\n|faint|p2b: Garchomp\n|\n|-weather|RainDance|[upkeep]\n|upkeep\n|\n|t:|1776113408\n|switch|p2b: Sneasler|Sneasler, L50, F|100/100\n|turn|2\n|\n|t:|1776113437\n|move|p1b: Maushold|Protect|p1b: Maushold\n|-singleturn|p1b: Maushold|Protect\n|move|p1a: Floette|Protect|p1a: Floette\n|-singleturn|p1a: Floette|Protect\n|move|p2b: Sneasler|Close Combat|p1b: Maushold\n|-activate|p1b: Maushold|move: Protect\n|move|p2a: Pelipper|Hurricane|p1a: Floette\n|-activate|p1a: Floette|move: Protect\n|\n|-weather|RainDance|[upkeep]\n|upkeep\n|turn|3\n|\n|t:|1776113448\n|move|p1b: Maushold|Follow Me|p1b: Maushold\n|-singleturn|p1b: Maushold|move: Follow Me\n|move|p2b: Sneasler|Dire Claw|p1b: Maushold\n|-damage|p1b: Maushold|0 fnt\n|faint|p1b: Maushold\n|move|p2a: Pelipper|Weather Ball|p1a: Floette\n|-damage|p1a: Floette|19/100\n|move|p1a: Floette|Dazzling Gleam|p2a: Pelipper|[spread] p2a,p2b\n|-crit|p2a: Pelipper\n|-damage|p2a: Pelipper|0 fnt\n|-damage|p2b: Sneasler|29/100\n|faint|p2a: Pelipper\n|\n|-weather|RainDance|[upkeep]\n|upkeep\n|\n|t:|1776113457\n|switch|p1b: Talonflame|Talonflame, L50, M|100/100\n|switch|p2a: Basculegion|Basculegion, L50, M|100/100\n|turn|4\n|l| twothousnd\n|\n|t:|1776113467\n|move|p2a: Basculegion|Aqua Jet|p1a: Floette\n|-crit|p1a: Floette\n|-damage|p1a: Floette|0 fnt\n|faint|p1a: Floette\n|move|p1b: Talonflame|Tailwind|p1b: Talonflame\n|-sidestart|p1: Guiding Quem|move: Tailwind\n|move|p2b: Sneasler|Dire Claw|p1b: Talonflame\n|-crit|p1b: Talonflame\n|-damage|p1b: Talonflame|0 fnt\n|faint|p1b: Talonflame\n|\n|-weather|RainDance|[upkeep]\n|upkeep\n|\n|t:|1776113475\n|switch|p1b: Aegislash|Aegislash, L50, F|100/100\n|turn|5\n|c|\u2606Guiding Quem|W crit in the chat bro\n|\n|t:|1776113500\n|move|p1b: Aegislash|King's Shield|p1b: Aegislash\n|-singleturn|p1b: Aegislash|Protect\n|move|p2a: Basculegion|Last Respects|p1b: Aegislash\n|-activate|p1b: Aegislash|move: Protect\n|move|p2b: Sneasler|Close Combat|p1b: Aegislash\n|-activate|p1b: Aegislash|move: Protect\n|-unboost|p2b: Sneasler|atk|1\n|-enditem|p2b: Sneasler|White Herb\n|-clearnegativeboost|p2b: Sneasler|[silent]\n|\n|-weather|none\n|upkeep\n|turn|6\n|\n|t:|1776113518\n|move|p2a: Basculegion|Protect|p2a: Basculegion\n|-singleturn|p2a: Basculegion|Protect\n|move|p2b: Sneasler|Close Combat|p1b: Aegislash\n|-immune|p1b: Aegislash\n|-formechange|p1b: Aegislash|Aegislash-Blade|\n|move|p1b: Aegislash|Poltergeist|p2a: Basculegion\n|-activate|p2a: Basculegion|move: Protect\n|\n|upkeep\n|turn|7\n|inactive|gabe_itch VCG has 30 seconds left.\n|inactive|gabe_itch VCG has 20 seconds left.\n|\n|t:|1776113554\n|move|p2b: Sneasler|Protect|p2b: Sneasler\n|-singleturn|p2b: Sneasler|Protect\n|move|p2a: Basculegion|Protect|p2a: Basculegion\n|-singleturn|p2a: Basculegion|Protect\n|move|p1b: Aegislash|Poltergeist|p2a: Basculegion\n|-activate|p2a: Basculegion|move: Protect\n|\n|-sideend|p1: Guiding Quem|move: Tailwind\n|upkeep\n|turn|8\n|c|\u2606Guiding Quem|ahahahahahaha\n|c|\u2606Guiding Quem|ahahahah\n|\n|t:|1776113570\n|-formechange|p1b: Aegislash|Aegislash|\n|move|p1b: Aegislash|King's Shield|p1b: Aegislash\n|-singleturn|p1b: Aegislash|Protect\n|move|p2b: Sneasler|Close Combat|p2a: Basculegion\n|-immune|p2a: Basculegion\n|move|p2a: Basculegion|Last Respects|p1b: Aegislash\n|-activate|p1b: Aegislash|move: Protect\n|\n|upkeep\n|turn|9\n|c|\u2606Guiding Quem|wp bro\n|c|\u2606Guiding Quem|go buy lottery ticket\n|\n|t:|1776113584\n|move|p2a: Basculegion|Protect|p2a: Basculegion\n|-singleturn|p2a: Basculegion|Protect\n|-formechange|p1b: Aegislash|Aegislash-Blade|\n|move|p1b: Aegislash|Shadow Sneak|p2a: Basculegion\n|-activate|p2a: Basculegion|move: Protect\n|move|p2b: Sneasler|Dire Claw|p1b: Aegislash\n|-immune|p1b: Aegislash\n|\n|upkeep\n|turn|10\n|\n|t:|1776113591\n|move|p1b: Aegislash|Shadow Sneak|p2a: Basculegion\n|-supereffective|p2a: Basculegion|1\n|-damage|p2a: Basculegion|27/100\n|move|p2b: Sneasler|Close Combat|p1b: Aegislash\n|-immune|p1b: Aegislash\n|move|p2a: Basculegion|Last Respects|p1b: Aegislash\n|-supereffective|p1b: Aegislash|1\n|-damage|p1b: Aegislash|0 fnt\n|faint|p1b: Aegislash\n|\n|win|gabe_itch VCG\n|raw|Guiding Quem's rating: 1397 &rarr; <strong>1379</strong><br />(-18 for losing)\n|raw|gabe_itch VCG's rating: 1437 &rarr; <strong>1455</strong><br />(+18 for winning)\n|l|\u2606Guiding Quem\n|player|p1|\n",
  "uploadtime": 1776113601,
  "views": 55,
  "formatid": "gen9championsvgc2026regma",
  "rating": 1379,
  "private": 0,
  "password": null
}