{
  "id": "gen9championsvgc2026regma-2586823688",
  "format": "[Gen 9 Champions] VGC 2026 Reg M-A",
  "players": [
    "Marshadow27",
    "ult. big chill"
  ],
  "log": "|j|\u2606Marshadow27\n|j|\u2606ult. big chill\n|t:|1776462892\n|gametype|doubles\n|player|p1|Marshadow27|blue-gen3champion|1401\n|player|p2|ult. big chill|burgh|1374\n|gen|9\n|tier|[Gen 9 Champions] VGC 2026 Reg M-A\n|rated|\n|rule|Species Clause: Limit one of each Pok\u00e9mon\n|rule|Item Clause: Limit 1 of each item\n|clearpoke\n|poke|p1|Incineroar, L50, F|\n|poke|p1|Farigiraf, L50, F|\n|poke|p1|Kingambit, L50, M|\n|poke|p1|Sinistcha, L50|\n|poke|p1|Slowking, L50, F|\n|poke|p1|Crabominable, L50, F|\n|poke|p2|Farigiraf, L50, M|\n|poke|p2|Primarina, L50, M|\n|poke|p2|Incineroar, L50, F|\n|poke|p2|Drampa, L50, M|\n|poke|p2|Runerigus, L50, M|\n|poke|p2|Scizor, L50, M|\n|teampreview|4\n|\n|t:|1776462947\n|teamsize|p1|4\n|teamsize|p2|4\n|start\n|switch|p1a: Crabominable|Crabominable, L50, F|100/100\n|switch|p1b: Slowking|Slowking, L50, F|100/100\n|switch|p2a: SandyEggo|Farigiraf, L50, M, shiny|100/100\n|switch|p2b: Molpe|Primarina, L50, M|100/100\n|turn|1\n|\n|t:|1776462964\n|move|p1a: Crabominable|Protect|p1a: Crabominable\n|-singleturn|p1a: Crabominable|Protect\n|move|p2a: SandyEggo|Imprison|p2a: SandyEggo\n|-start|p2a: SandyEggo|move: Imprison\n|move|p2b: Molpe|Dazzling Gleam|p1b: Slowking|[spread] p1b\n|-activate|p1a: Crabominable|move: Protect\n|-damage|p1b: Slowking|78/100\n|cant|p1b: Slowking|move: Imprison|Trick Room\n|\n|upkeep\n|turn|2\n|\n|t:|1776462986\n|switch|p1a: Sinistcha|Sinistcha, L50|100/100\n|-heal|p1b: Slowking|100/100|[from] ability: Hospitality|[of] p1a: Sinistcha\n|move|p2a: SandyEggo|Hyper Voice|p1a: Sinistcha|[spread] p1b\n|-immune|p1a: Sinistcha\n|-damage|p1b: Slowking|81/100\n|move|p2b: Molpe|Moonblast|p1a: Sinistcha\n|-damage|p1a: Sinistcha|49/100\n|-prepare|p1b: Slowking|Chilly Reception|[premajor]\n|move|p1b: Slowking|Chilly Reception|p1b: Slowking\n|-weather|Snowscape\n|\n|t:|1776463005\n|switch|p1b: Incineroar|Incineroar, L50, F|100/100|[from] Chilly Reception\n|-ability|p1b: Incineroar|Intimidate|boost\n|-unboost|p2a: SandyEggo|atk|1\n|-unboost|p2b: Molpe|atk|1\n|\n|-weather|Snowscape|[upkeep]\n|-heal|p1a: Sinistcha|56/100|[from] item: Leftovers\n|upkeep\n|turn|3\n|\n|t:|1776463023\n|move|p2a: SandyEggo|Hyper Voice|p1b: Incineroar|[spread] p1b\n|-immune|p1a: Sinistcha\n|-damage|p1b: Incineroar|75/100\n|move|p1a: Sinistcha|Matcha Gotcha|p2a: SandyEggo|[spread] p2a\n|-miss|p1a: Sinistcha|p2b: Molpe\n|-damage|p2a: SandyEggo|78/100\n|-heal|p1a: Sinistcha|70/100|[from] drain|[of] p2a: SandyEggo\n|move|p1b: Incineroar|Throat Chop|p2b: Molpe\n|-resisted|p2b: Molpe|1\n|-damage|p2b: Molpe|80/100\n|-start|p2b: Molpe|Throat Chop|[silent]\n|move|p2b: Molpe|Moonblast|p1a: Sinistcha\n|-damage|p1a: Sinistcha|15/100\n|\n|-weather|Snowscape|[upkeep]\n|-heal|p1a: Sinistcha|21/100|[from] item: Leftovers\n|upkeep\n|turn|4\n|c|\u2606ult. big chill|why kanto slowking over galar\n|c|\u2606ult. big chill|sun?\n|c|\u2606Marshadow27|oblivious\n|c|\u2606ult. big chill|ah\n|\n|t:|1776463055\n|move|p2a: SandyEggo|Hyper Voice|p1a: Sinistcha|[spread] p1b\n|-immune|p1a: Sinistcha\n|-damage|p1b: Incineroar|51/100\n|move|p1a: Sinistcha|Matcha Gotcha|p2a: SandyEggo|[spread] p2a,p2b\n|-supereffective|p2b: Molpe|1\n|-damage|p2a: SandyEggo|55/100\n|-heal|p1a: Sinistcha|35/100|[from] drain|[of] p2a: SandyEggo\n|-damage|p2b: Molpe|41/100\n|-heal|p1a: Sinistcha|56/100|[from] drain|[of] p2b: Molpe\n|move|p1b: Incineroar|Throat Chop|p2a: SandyEggo\n|-supereffective|p2a: SandyEggo|1\n|-enditem|p2a: SandyEggo|Colbur Berry|[eat]\n|-enditem|p2a: SandyEggo|Colbur Berry|[weaken]\n|-damage|p2a: SandyEggo|15/100\n|-start|p2a: SandyEggo|Throat Chop|[silent]\n|move|p2b: Molpe|Dazzling Gleam|p1a: Sinistcha|[spread] p1a,p1b\n|-damage|p1a: Sinistcha|24/100\n|-damage|p1b: Incineroar|20/100\n|-enditem|p1b: Incineroar|Sitrus Berry|[eat]\n|-heal|p1b: Incineroar|45/100|[from] item: Sitrus Berry\n|\n|-weather|Snowscape|[upkeep]\n|-heal|p1a: Sinistcha|30/100|[from] item: Leftovers\n|-end|p2b: Molpe|Throat Chop|[silent]\n|upkeep\n|turn|5\n|\n|t:|1776463084\n|move|p2a: SandyEggo|Protect|p2a: SandyEggo\n|-singleturn|p2a: SandyEggo|Protect\n|move|p1a: Sinistcha|Matcha Gotcha|p2b: Molpe|[spread] p2b\n|-activate|p2a: SandyEggo|move: Protect\n|-supereffective|p2b: Molpe|1\n|-damage|p2b: Molpe|2/100\n|-heal|p1a: Sinistcha|50/100|[from] drain|[of] p2b: Molpe\n|-status|p2b: Molpe|brn\n|move|p2b: Molpe|Moonblast|p1b: Incineroar\n|-damage|p1b: Incineroar|0 fnt\n|faint|p1b: Incineroar\n|\n|-weather|Snowscape|[upkeep]\n|-heal|p1a: Sinistcha|57/100|[from] item: Leftovers\n|-damage|p2b: Molpe|0 fnt|[from] brn\n|faint|p2b: Molpe\n|-end|p2a: SandyEggo|Throat Chop|[silent]\n|upkeep\n|\n|t:|1776463095\n|switch|p1b: Crabominable|Crabominable, L50, F|100/100\n|switch|p2b: Seam|Scizor, L50, M|100/100\n|turn|6\n|\n|t:|1776463108\n|detailschange|p2b: Seam|Scizor-Mega, L50, M\n|-mega|p2b: Seam|Scizor|Scizorite\n|detailschange|p1b: Crabominable|Crabominable-Mega, L50, F\n|-mega|p1b: Crabominable|Crabominable|Crabominite\n|move|p2b: Seam|Bullet Punch|p1b: Crabominable\n|-supereffective|p1b: Crabominable|1\n|-damage|p1b: Crabominable|61/100\n|move|p2a: SandyEggo|Hyper Voice|p1b: Crabominable|[spread] p1b\n|-immune|p1a: Sinistcha\n|-damage|p1b: Crabominable|36/100\n|move|p1a: Sinistcha|Matcha Gotcha|p2a: SandyEggo|[spread] p2b\n|-miss|p1a: Sinistcha|p2a: SandyEggo\n|-resisted|p2b: Seam|2\n|-damage|p2b: Seam|94/100\n|-heal|p1a: Sinistcha|59/100|[from] drain|[of] p2b: Seam\n|-status|p2b: Seam|brn\n|move|p1b: Crabominable|Bulk Up|p1b: Crabominable\n|-boost|p1b: Crabominable|atk|1\n|-boost|p1b: Crabominable|def|1\n|\n|-weather|none\n|-heal|p1a: Sinistcha|66/100|[from] item: Leftovers\n|-damage|p2b: Seam|88/100 brn|[from] brn\n|upkeep\n|turn|7\n|\n|t:|1776463130\n|move|p2b: Seam|Dual Wingbeat|p1a: Sinistcha\n|-supereffective|p1a: Sinistcha|1\n|-damage|p1a: Sinistcha|44/100\n|-supereffective|p1a: Sinistcha|1\n|-damage|p1a: Sinistcha|22/100\n|-hitcount|p1a: Sinistcha|2\n|move|p2a: SandyEggo|Hyper Voice|p1b: Crabominable|[spread] p1b\n|-immune|p1a: Sinistcha\n|-damage|p1b: Crabominable|12/100\n|move|p1a: Sinistcha|Matcha Gotcha|p2a: SandyEggo|[spread] p2a,p2b\n|-resisted|p2b: Seam|2\n|-crit|p2b: Seam\n|-damage|p2a: SandyEggo|0 fnt\n|-heal|p1a: Sinistcha|32/100|[from] drain|[of] p2a: SandyEggo\n|-damage|p2b: Seam|79/100 brn\n|-heal|p1a: Sinistcha|36/100|[from] drain|[of] p2b: Seam\n|faint|p2a: SandyEggo\n|move|p1b: Crabominable|Drain Punch|p2b: Seam\n|-damage|p2b: Seam|10/100 brn\n|-heal|p1b: Crabominable|40/100|[from] drain|[of] p2b: Seam\n|\n|-heal|p1a: Sinistcha|43/100|[from] item: Leftovers\n|-damage|p2b: Seam|4/100 brn|[from] brn\n|upkeep\n|\n|t:|1776463133\n|switch|p2a: Pivot Man|Incineroar, L50, F|100/100\n|-ability|p2a: Pivot Man|Intimidate|boost\n|-unboost|p1a: Sinistcha|atk|1\n|-unboost|p1b: Crabominable|atk|1\n|turn|8\n|\n|t:|1776463148\n|move|p1b: Crabominable|Protect|p1b: Crabominable\n|-singleturn|p1b: Crabominable|Protect\n|move|p2b: Seam|Bullet Punch|p1a: Sinistcha\n|-damage|p1a: Sinistcha|27/100\n|move|p1a: Sinistcha|Strength Sap|p2a: Pivot Man\n|-unboost|p2a: Pivot Man|atk|1\n|-heal|p1a: Sinistcha|100/100\n|move|p2a: Pivot Man|Darkest Lariat|p1a: Sinistcha\n|-supereffective|p1a: Sinistcha|1\n|-damage|p1a: Sinistcha|56/100\n|\n|-heal|p1a: Sinistcha|62/100|[from] item: Leftovers\n|-damage|p2b: Seam|0 fnt|[from] brn\n|faint|p2b: Seam\n|upkeep\n|turn|9\n|c|\u2606ult. big chill|ggs\n|c|\u2606ult. big chill|w\n|c|\u2606ult. big chill|wp\n|c|\u2606ult. big chill|cool team\n|-message|ult. big chill forfeited.\n|l|\u2606ult. big chill\n|player|p2|\n|\n|win|Marshadow27\n|raw|Marshadow27's rating: 1401 &rarr; <strong>1419</strong><br />(+18 for winning)\n|raw|ult. big chill's rating: 1374 &rarr; <strong>1356</strong><br />(-18 for losing)\n|c|\u2606Marshadow27|thanks\n|c|\u2606Marshadow27|gg\n",
  "uploadtime": 1776463169,
  "views": 49,
  "formatid": "gen9championsvgc2026regma",
  "rating": 1356,
  "private": 0,
  "password": null
}