{
  "id": "gen9championsvgc2026regma-2583414438",
  "format": "[Gen 9 Champions] VGC 2026 Reg M-A",
  "players": [
    "Khungcanh",
    "Sokko666"
  ],
  "log": "|j|\u2606Khungcanh\n|j|\u2606Sokko666\n|t:|1776174071\n|gametype|doubles\n|player|p1|Khungcanh|lillie-masters2|1174\n|player|p2|Sokko666|wattson|1145\n|gen|9\n|tier|[Gen 9 Champions] VGC 2026 Reg M-A\n|rated|\n|rule|Species Clause: Limit one of each Pok\u00e9mon\n|rule|Item Clause: Limit 1 of each item\n|clearpoke\n|poke|p1|Floette-Eternal, L50, F|\n|poke|p1|Incineroar, L50, M|\n|poke|p1|Sneasler, L50, M|\n|poke|p1|Kingambit, L50, M|\n|poke|p1|Garchomp, L50, M|\n|poke|p1|Delphox, L50, F|\n|poke|p2|Sinistcha, L50|\n|poke|p2|Drampa, L50, M|\n|poke|p2|Incineroar, L50, M|\n|poke|p2|Araquanid, L50, F|\n|poke|p2|Farigiraf, L50, F|\n|poke|p2|Conkeldurr, L50, F|\n|teampreview|4\n|inactive|Battle timer is ON: inactive players will automatically lose when time's up. (requested by Khungcanh)\nKhungcanh has agreed to open team sheets.\n|inactive|Sokko666 has 60 seconds left.\n|\n|t:|1776174119\n|teamsize|p1|4\n|teamsize|p2|4\n|start\n|switch|p1a: Sneasler|Sneasler, L50, M|100/100\n|switch|p1b: Floette|Floette-Eternal, L50, F|100/100\n|switch|p2a: Farigiraf|Farigiraf, L50, F|100/100\n|switch|p2b: Araquanid|Araquanid, L50, F|100/100\n|turn|1\n|\n|t:|1776174132\n|detailschange|p1b: Floette|Floette-Mega, L50, F\n|-mega|p1b: Floette|Floette|Floettite\n|-ability|p1b: Floette|Fairy Aura\n|move|p1a: Sneasler|Protect|p1a: Sneasler\n|-singleturn|p1a: Sneasler|Protect\n|move|p2b: Araquanid|Wide Guard|p2b: Araquanid\n|-singleturn|p2b: Araquanid|Wide Guard\n|move|p1b: Floette|Calm Mind|p1b: Floette\n|-boost|p1b: Floette|spa|1\n|-boost|p1b: Floette|spd|1\n|move|p2a: Farigiraf|Trick Room|p2a: Farigiraf\n|-fieldstart|move: Trick Room|[of] p2a: Farigiraf\n|\n|upkeep\n|turn|2\n|\n|t:|1776174152\n|switch|p1a: Kingambit|Kingambit, L50, M, shiny|100/100\n|move|p2b: Araquanid|Liquidation|p1b: Floette\n|-crit|p1b: Floette\n|-damage|p1b: Floette|0 fnt\n|faint|p1b: Floette\n|move|p2a: Farigiraf|Psychic|p1a: Kingambit\n|-immune|p1a: Kingambit\n|\n|upkeep\n|\n|t:|1776174159\n|switch|p1b: Garchomp|Garchomp, L50, M|100/100\n|turn|3\n|inactive|Khungcanh has 30 seconds left.\n|inactive|Khungcanh has 20 seconds left.\n|\n|t:|1776174198\n|move|p2a: Farigiraf|Protect|p2a: Farigiraf\n|-singleturn|p2a: Farigiraf|Protect\n|move|p2b: Araquanid|Liquidation|p1b: Garchomp\n|-damage|p1b: Garchomp|30/100\n|-damage|p2b: Araquanid|88/100|[from] ability: Rough Skin|[of] p1b: Garchomp\n|-enditem|p1b: Garchomp|Sitrus Berry|[eat]\n|-heal|p1b: Garchomp|55/100|[from] item: Sitrus Berry\n|move|p1a: Kingambit|Iron Head|p2a: Farigiraf\n|-activate|p2a: Farigiraf|move: Protect\n|move|p1b: Garchomp|Rock Slide|p2b: Araquanid|[spread] p2b\n|-activate|p2a: Farigiraf|move: Protect\n|-supereffective|p2b: Araquanid|1\n|-damage|p2b: Araquanid|45/100\n|\n|upkeep\n|turn|4\n|inactive|Sokko666 has 30 seconds left.\n|\n|t:|1776174230\n|switch|p2a: Conkeldurr|Conkeldurr, L50, F|100/100\n|move|p1b: Garchomp|Protect|p1b: Garchomp\n|-singleturn|p1b: Garchomp|Protect\n|move|p2b: Araquanid|Leech Life|p1a: Kingambit\n|-damage|p1a: Kingambit|81/100\n|-heal|p2b: Araquanid|56/100|[from] drain|[of] p1a: Kingambit\n|move|p1a: Kingambit|Iron Head|p2a: Conkeldurr\n|-damage|p2a: Conkeldurr|62/100\n|\n|upkeep\n|turn|5\n|\n|t:|1776174253\n|move|p1a: Kingambit|Sucker Punch|p2b: Araquanid\n|-damage|p2b: Araquanid|15/100\n|move|p2b: Araquanid|Liquidation|p1b: Garchomp\n|-damage|p1b: Garchomp|0 fnt\n|-damage|p2b: Araquanid|3/100|[from] ability: Rough Skin|[of] p1b: Garchomp\n|faint|p1b: Garchomp\n|move|p2a: Conkeldurr|Drain Punch|p1a: Kingambit\n|-supereffective|p1a: Kingambit|2\n|-enditem|p1a: Kingambit|Chople Berry|[eat]\n|-enditem|p1a: Kingambit|Chople Berry|[weaken]\n|-damage|p1a: Kingambit|0 fnt\n|-heal|p2a: Conkeldurr|100/100|[from] drain|[of] p1a: Kingambit\n|faint|p1a: Kingambit\n|\n|-fieldend|move: Trick Room\n|upkeep\n|\n|t:|1776174268\n|switch|p1b: Sneasler|Sneasler, L50, M|100/100\n|turn|6\n|-message|Khungcanh forfeited.\n|\n|win|Sokko666\n|raw|Khungcanh's rating: 1174 &rarr; <strong>1147</strong><br />(-27 for losing)\n|raw|Sokko666's rating: 1145 &rarr; <strong>1172</strong><br />(+27 for winning)\n|l|\u2606Khungcanh\n|player|p1|\n",
  "uploadtime": 1776174295,
  "views": 23,
  "formatid": "gen9championsvgc2026regma",
  "rating": 1147,
  "private": 0,
  "password": null
}