{
  "id": "gen9championsvgc2026regma-2588595484",
  "format": "[Gen 9 Champions] VGC 2026 Reg M-A",
  "players": [
    "pablo tyrone",
    "sdlt 2krl coolguy"
  ],
  "log": "|raw|<div class=\"broadcast-blue\"><strong>This battle is required to be public due to a player having a name starting with 'sdlt'.</div>\n|j|\u2606pablo tyrone\n|j|\u2606sdlt 2krl coolguy\n|t:|1776648455\n|gametype|doubles\n|player|p1|pablo tyrone|169|1276\n|player|p2|sdlt 2krl coolguy|leon-masters2|1320\n|gen|9\n|tier|[Gen 9 Champions] VGC 2026 Reg M-A\n|rated|\n|rule|Species Clause: Limit one of each Pok\u00e9mon\n|rule|Item Clause: Limit 1 of each item\n|clearpoke\n|poke|p1|Incineroar, L50, M|\n|poke|p1|Meowscarada, L50, F, shiny|\n|poke|p1|Rotom-Wash, L50, shiny|\n|poke|p1|Gardevoir, L50, F, shiny|\n|poke|p1|Garchomp, L50, F, shiny|\n|poke|p1|Corviknight, L50, F, shiny|\n|poke|p2|Floette-Eternal, L50, F|\n|poke|p2|Incineroar, L50, M|\n|poke|p2|Sinistcha, L50|\n|poke|p2|Garchomp, L50, F|\n|poke|p2|Sneasler, L50, F|\n|poke|p2|Kingambit, L50, M|\n|teampreview|4\n|inactive|Battle timer is ON: inactive players will automatically lose when time's up. (requested by sdlt 2krl coolguy)\n|inactive|pablo tyrone has 60 seconds left.\n|\n|t:|1776648500\n|teamsize|p1|4\n|teamsize|p2|4\n|start\n|switch|p1a: Corviknight|Corviknight, L50, F, shiny|100/100\n|switch|p1b: Rotom|Rotom-Wash, L50, shiny|100/100\n|switch|p2a: Incineroar|Incineroar, L50, M|100/100\n|switch|p2b: Floette|Floette-Eternal, L50, F|100/100\n|-ability|p2a: Incineroar|Intimidate|boost\n|-ability|p1a: Corviknight|Mirror Armor\n|-unboost|p2a: Incineroar|atk|1\n|-unboost|p1b: Rotom|atk|1\n|turn|1\n|\n|t:|1776648519\n|detailschange|p2b: Floette|Floette-Mega, L50, F\n|-mega|p2b: Floette|Floette|Floettite\n|-ability|p2b: Floette|Fairy Aura\n|move|p2a: Incineroar|Fake Out|p1a: Corviknight\n|-resisted|p1a: Corviknight|1\n|-damage|p1a: Corviknight|98/100\n|move|p2b: Floette|Calm Mind|p2b: Floette\n|-boost|p2b: Floette|spa|1\n|-boost|p2b: Floette|spd|1\n|move|p1b: Rotom|Hydro Pump|p2a: Incineroar|[miss]\n|-miss|p1b: Rotom|p2a: Incineroar\n|cant|p1a: Corviknight|flinch\n|\n|upkeep\n|turn|2\n|inactive|pablo tyrone has 30 seconds left.\n|\n|t:|1776648548\n|switch|p1b: Incineroar|Incineroar, L50, M|100/100\n|-ability|p1b: Incineroar|Intimidate|boost\n|-unboost|p2a: Incineroar|atk|1\n|-unboost|p2b: Floette|atk|1\n|switch|p2a: Sinistcha|Sinistcha, L50|100/100\n|move|p2b: Floette|Protect|p2b: Floette\n|-singleturn|p2b: Floette|Protect\n|move|p1a: Corviknight|Tailwind|p1a: Corviknight\n|-sidestart|p1: pablo tyrone|move: Tailwind\n|\n|upkeep\n|turn|3\n|inactive|pablo tyrone has 30 seconds left.\n|\n|t:|1776648583\n|move|p1b: Incineroar|Fake Out|p2b: Floette\n|-damage|p2b: Floette|89/100\n|move|p1a: Corviknight|Brave Bird|p2a: Sinistcha\n|-supereffective|p2a: Sinistcha|1\n|-damage|p2a: Sinistcha|18/100\n|-enditem|p2a: Sinistcha|Sitrus Berry|[eat]\n|-heal|p2a: Sinistcha|43/100|[from] item: Sitrus Berry\n|-damage|p1a: Corviknight|74/100|[from] Recoil\n|cant|p2b: Floette|flinch\n|move|p2a: Sinistcha|Life Dew|p2a: Sinistcha|[spread] p2a,p2b\n|-heal|p2a: Sinistcha|68/100\n|-heal|p2b: Floette|100/100\n|\n|upkeep\n|turn|4\n|\n|t:|1776648605\n|switch|p2a: Kingambit|Kingambit, L50, M|100/100\n|move|p1a: Corviknight|Brave Bird|p2a: Kingambit\n|-resisted|p2a: Kingambit|1\n|-damage|p2a: Kingambit|84/100\n|-damage|p1a: Corviknight|69/100|[from] Recoil\n|move|p1b: Incineroar|Parting Shot|p2b: Floette\n|-unboost|p2b: Floette|atk|1\n|-unboost|p2b: Floette|spa|1\n|\n|t:|1776648617\n|switch|p1b: Rotom|Rotom-Wash, L50, shiny|100/100|[from] Parting Shot\n|move|p2b: Floette|Dazzling Gleam|p1a: Corviknight|[spread] p1a,p1b\n|-resisted|p1a: Corviknight|1\n|-damage|p1a: Corviknight|47/100\n|-damage|p1b: Rotom|52/100\n|\n|upkeep\n|turn|5\n|\n|t:|1776648629\n|move|p1b: Rotom|Will-O-Wisp|p2a: Kingambit\n|-status|p2a: Kingambit|brn\n|move|p1a: Corviknight|Roost|p1a: Corviknight\n|-heal|p1a: Corviknight|97/100\n|-singleturn|p1a: Corviknight|move: Roost\n|move|p2b: Floette|Moonblast|p1b: Rotom\n|-damage|p1b: Rotom|0 fnt\n|faint|p1b: Rotom\n|move|p2a: Kingambit|Kowtow Cleave|p1a: Corviknight\n|-damage|p1a: Corviknight|71/100\n|\n|-damage|p2a: Kingambit|78/100 brn|[from] brn\n|-sideend|p1: pablo tyrone|move: Tailwind\n|upkeep\n|\n|t:|1776648646\n|switch|p1b: Meowscarada|Meowscarada, L50, F, shiny|100/100\n|turn|6\n|-message|pablo tyrone forfeited.\n|\n|win|sdlt 2krl coolguy\n|raw|pablo tyrone's rating: 1276 &rarr; <strong>1254</strong><br />(-22 for losing)\n|raw|sdlt 2krl coolguy's rating: 1320 &rarr; <strong>1337</strong><br />(+17 for winning)\n",
  "uploadtime": 1776648661,
  "views": 8,
  "formatid": "gen9championsvgc2026regma",
  "rating": 1254,
  "private": 0,
  "password": null
}