{
  "id": "gen9championsvgc2026regma-2581648959",
  "format": "[Gen 9 Champions] VGC 2026 Reg M-A",
  "players": [
    "TicPolo14",
    "mickxs"
  ],
  "log": "|j|\u2606TicPolo14\n|j|\u2606mickxs\n|t:|1776017858\n|gametype|doubles\n|player|p1|TicPolo14|266|1098\n|player|p2|mickxs|rocketgruntf|1000\n|gen|9\n|tier|[Gen 9 Champions] VGC 2026 Reg M-A\n|rated|\n|rule|Species Clause: Limit one of each Pok\u00e9mon\n|rule|Item Clause: Limit 1 of each item\n|clearpoke\n|poke|p1|Charizard, L50, F|\n|poke|p1|Venusaur, L50, M|\n|poke|p1|Garchomp, L50, M|\n|poke|p1|Sneasler, L50, F|\n|poke|p1|Rotom-Wash, L50|\n|poke|p1|Incineroar, L50, M|\n|poke|p2|Floette-Eternal, L50, F|\n|poke|p2|Alcremie-Rainbow-Swirl, L50, F|\n|poke|p2|Excadrill, L50, F|\n|poke|p2|Orthworm, L50, F|\n|poke|p2|Hydreigon, L50, M|\n|poke|p2|Tyranitar, L50, M|\n|teampreview|4\n|inactive|Battle timer is ON: inactive players will automatically lose when time's up. (requested by mickxs)\n|\n|t:|1776017893\n|teamsize|p1|4\n|teamsize|p2|4\n|start\n|switch|p1a: Charizard|Charizard, L50, F|100/100\n|switch|p1b: Incineroar|Incineroar, L50, M|100/100\n|switch|p2a: Orthworm|Orthworm, L50, F|100/100\n|switch|p2b: Tyranitar|Tyranitar, L50, M|100/100\n|-weather|Sandstorm|[from] ability: Sand Stream|[of] p2b: Tyranitar\n|-ability|p1b: Incineroar|Intimidate|boost\n|-unboost|p2a: Orthworm|atk|1\n|-unboost|p2b: Tyranitar|atk|1\n|turn|1\n|inactive|TicPolo14 has 30 seconds left.\n|\n|t:|1776017921\n|detailschange|p1a: Charizard|Charizard-Mega-Y, L50, F\n|-mega|p1a: Charizard|Charizard|Charizardite Y\n|-weather|SunnyDay|[from] ability: Drought|[of] p1a: Charizard\n|move|p2a: Orthworm|Protect|p2a: Orthworm\n|-singleturn|p2a: Orthworm|Protect\n|move|p1b: Incineroar|Fake Out|p2b: Tyranitar\n|-resisted|p2b: Tyranitar|1\n|-damage|p2b: Tyranitar|95/100\n|move|p1a: Charizard|Heat Wave|p2a: Orthworm|[spread] \n|-activate|p2a: Orthworm|move: Protect\n|-miss|p1a: Charizard|p2b: Tyranitar\n|cant|p2b: Tyranitar|flinch\n|\n|-weather|SunnyDay|[upkeep]\n|upkeep\n|turn|2\n|\n|t:|1776017945\n|switch|p2a: Hydreigon|Hydreigon, L50, M|100/100\n|move|p1a: Charizard|Protect|p1a: Charizard\n|-singleturn|p1a: Charizard|Protect\n|move|p2b: Tyranitar|Rock Slide|p1b: Incineroar|[spread] p1b\n|-activate|p1a: Charizard|move: Protect\n|-supereffective|p1b: Incineroar|1\n|-damage|p1b: Incineroar|64/100\n|move|p1b: Incineroar|Parting Shot|p2b: Tyranitar\n|-unboost|p2b: Tyranitar|atk|1\n|-unboost|p2b: Tyranitar|spa|1\n|\n|t:|1776017958\n|switch|p1b: Venusaur|Venusaur, L50, M|100/100|[from] Parting Shot\n|\n|-weather|SunnyDay|[upkeep]\n|upkeep\n|turn|3\n|inactive|mickxs has 30 seconds left.\n|\n|t:|1776017993\n|switch|p1a: Incineroar|Incineroar, L50, M|64/100\n|-ability|p1a: Incineroar|Intimidate|boost\n|-unboost|p2a: Hydreigon|atk|1\n|-unboost|p2b: Tyranitar|atk|1\n|switch|p2b: Orthworm|Orthworm, L50, F|100/100\n|move|p1b: Venusaur|Sleep Powder|p2a: Hydreigon\n|-status|p2a: Hydreigon|slp|[from] move: Sleep Powder\n|cant|p2a: Hydreigon|slp\n|\n|-weather|SunnyDay|[upkeep]\n|upkeep\n|turn|4\n|\n|t:|1776018014\n|move|p1b: Venusaur|Sludge Bomb|p2a: Hydreigon\n|-damage|p2a: Hydreigon|50/100 slp\n|cant|p2a: Hydreigon|slp\n|move|p2b: Orthworm|Shed Tail|p2b: Orthworm\n|-start|p2b: Orthworm|Substitute|[from] move: Shed Tail\n|-damage|p2b: Orthworm|50/100\n|\n|t:|1776018022\n|switch|p2b: Excadrill|Excadrill, L50, F|100/100|[from] Shed Tail\n|move|p1a: Incineroar|Flare Blitz|p2b: Excadrill\n|-supereffective|p2b: Excadrill|1\n|-end|p2b: Excadrill|Substitute\n|-damage|p1a: Incineroar|56/100|[from] Recoil|[of] p2b: Excadrill\n|\n|-weather|SunnyDay|[upkeep]\n|upkeep\n|turn|5\n|inactive|TicPolo14 has 30 seconds left.\n|inactive|mickxs has 30 seconds left.\n|\n|t:|1776018055\n|switch|p2a: Tyranitar|Tyranitar, L50, M|95/100\n|-weather|Sandstorm|[from] ability: Sand Stream|[of] p2a: Tyranitar\n|detailschange|p2b: Excadrill|Excadrill-Mega, L50, F\n|-mega|p2b: Excadrill|Excadrill|Excadrite\n|move|p1b: Venusaur|Protect|p1b: Venusaur\n|-singleturn|p1b: Venusaur|Protect\n|move|p2b: Excadrill|Earthquake|p1b: Venusaur|[spread] p2a,p1a\n|-activate|p1b: Venusaur|move: Protect\n|-supereffective|p2a: Tyranitar|1\n|-supereffective|p1a: Incineroar|1\n|-damage|p2a: Tyranitar|37/100\n|-damage|p1a: Incineroar|0 fnt\n|faint|p1a: Incineroar\n|\n|-weather|Sandstorm|[upkeep]\n|-damage|p1b: Venusaur|95/100|[from] Sandstorm\n|upkeep\n|\n|t:|1776018068\n|switch|p1a: Charizard|Charizard-Mega-Y, L50, F|100/100\n|-weather|SunnyDay|[from] ability: Drought|[of] p1a: Charizard\n|turn|6\n|\n|t:|1776018083\n|switch|p2b: Hydreigon|Hydreigon, L50, M|50/100 slp\n|move|p1a: Charizard|Protect|p1a: Charizard\n|-singleturn|p1a: Charizard|Protect\n|move|p1b: Venusaur|Sleep Powder|p2b: Hydreigon\n|-fail|p2b: Hydreigon|slp\n|move|p2a: Tyranitar|Rock Slide|p1b: Venusaur|[spread] p1b\n|-activate|p1a: Charizard|move: Protect\n|-damage|p1b: Venusaur|56/100\n|\n|-weather|SunnyDay|[upkeep]\n|upkeep\n|turn|7\n|\n|t:|1776018108\n|switch|p1a: Sneasler|Sneasler, L50, F|100/100\n|-curestatus|p2b: Hydreigon|slp|[msg]\n|move|p2b: Hydreigon|Protect|p2b: Hydreigon\n|-singleturn|p2b: Hydreigon|Protect\n|move|p2a: Tyranitar|Protect|p2a: Tyranitar\n|-singleturn|p2a: Tyranitar|Protect\n|move|p1b: Venusaur|Leaf Storm|p2a: Tyranitar\n|-activate|p2a: Tyranitar|move: Protect\n|\n|-weather|SunnyDay|[upkeep]\n|upkeep\n|turn|8\n|inactive|mickxs has 30 seconds left.\n|\n|t:|1776018137\n|switch|p2a: Orthworm|Orthworm, L50, F|50/100\n|move|p1b: Venusaur|Sludge Bomb|p2b: Hydreigon\n|-damage|p2b: Hydreigon|0 fnt\n|faint|p2b: Hydreigon\n|move|p1a: Sneasler|Close Combat|p2a: Orthworm\n|-supereffective|p2a: Orthworm|1\n|-crit|p2a: Orthworm\n|-damage|p2a: Orthworm|0 fnt\n|-unboost|p1a: Sneasler|def|1\n|-unboost|p1a: Sneasler|spd|1\n|faint|p2a: Orthworm\n|-enditem|p1a: Sneasler|White Herb\n|-clearnegativeboost|p1a: Sneasler|[silent]\n|\n|-weather|SunnyDay|[upkeep]\n|upkeep\n|\n|t:|1776018153\n|switch|p2b: Excadrill|Excadrill-Mega, L50, F|100/100\n|switch|p2a: Tyranitar|Tyranitar, L50, M|37/100\n|-weather|Sandstorm|[from] ability: Sand Stream|[of] p2a: Tyranitar\n|turn|9\n|\n|t:|1776018170\n|switch|p1b: Charizard|Charizard-Mega-Y, L50, F|100/100\n|-weather|SunnyDay|[from] ability: Drought|[of] p1b: Charizard\n|move|p1a: Sneasler|Close Combat|p2b: Excadrill\n|-supereffective|p2b: Excadrill|1\n|-damage|p2b: Excadrill|0 fnt\n|-unboost|p1a: Sneasler|def|1\n|-unboost|p1a: Sneasler|spd|1\n|faint|p2b: Excadrill\n|move|p2a: Tyranitar|Rock Slide|p1a: Sneasler|[spread] p1a,p1b\n|-resisted|p1a: Sneasler|1\n|-supereffective|p1b: Charizard|2\n|-damage|p1a: Sneasler|59/100\n|-damage|p1b: Charizard|0 fnt\n|faint|p1b: Charizard\n|\n|-weather|SunnyDay|[upkeep]\n|upkeep\n|\n|t:|1776018182\n|switch|p1b: Venusaur|Venusaur, L50, M|56/100\n|turn|10\n|c|\u2606TicPolo14|Gg\n|\n|t:|1776018191\n|move|p1a: Sneasler|Close Combat|p2a: Tyranitar\n|-supereffective|p2a: Tyranitar|2\n|-damage|p2a: Tyranitar|0 fnt\n|-unboost|p1a: Sneasler|def|1\n|-unboost|p1a: Sneasler|spd|1\n|faint|p2a: Tyranitar\n|\n|win|TicPolo14\n|raw|TicPolo14's rating: 1098 &rarr; <strong>1116</strong><br />(+18 for winning)\n|raw|mickxs's rating: 1000 &rarr; <strong>1000</strong><br />(+0 for losing)\n",
  "uploadtime": 1776018198,
  "views": 16,
  "formatid": "gen9championsvgc2026regma",
  "rating": 1000,
  "private": 0,
  "password": null
}