{
  "id": "gen9championsvgc2026regma-2586342228",
  "format": "[Gen 9 Champions] VGC 2026 Reg M-A",
  "players": [
    "LarpLarpSahoor",
    "CreatureArchives"
  ],
  "log": "|j|\u2606LarpLarpSahoor\n|j|\u2606CreatureArchives\n|t:|1776427052\n|gametype|doubles\n|player|p1|LarpLarpSahoor|169|1231\n|player|p2|CreatureArchives|ghetsis|1266\n|gen|9\n|tier|[Gen 9 Champions] VGC 2026 Reg M-A\n|rated|\n|rule|Species Clause: Limit one of each Pok\u00e9mon\n|rule|Item Clause: Limit 1 of each item\n|clearpoke\n|poke|p1|Gengar, L50, F|\n|poke|p1|Incineroar, L50, M|\n|poke|p1|Sinistcha, L50|\n|poke|p1|Rotom-Wash, L50|\n|poke|p1|Politoed, L50, M|\n|poke|p1|Sneasler, L50, M|\n|poke|p2|Flapple, L50, F|\n|poke|p2|Sableye, L50, M|\n|poke|p2|Milotic, L50, M|\n|poke|p2|Farigiraf, L50, M|\n|poke|p2|Tyranitar, L50, F|\n|poke|p2|Delphox, L50, F|\n|teampreview|4\n|\n|t:|1776427086\n|teamsize|p1|4\n|teamsize|p2|4\n|start\n|switch|p1a: Gengar|Gengar, L50, F, shiny|100/100\n|switch|p1b: Rotom|Rotom-Wash, L50|100/100\n|switch|p2a: Farigiraf|Farigiraf, L50, M|100/100\n|switch|p2b: Milotic|Milotic, L50, M|100/100\n|turn|1\n|\n|t:|1776427135\n|detailschange|p1a: Gengar|Gengar-Mega, L50, F, shiny\n|-mega|p1a: Gengar|Gengar|Gengarite\n|move|p2b: Milotic|Protect|p2b: Milotic\n|-singleturn|p2b: Milotic|Protect\n|move|p1a: Gengar|Perish Song|p1a: Gengar\n|-start|p1a: Gengar|perish3|[silent]\n|-start|p1b: Rotom|perish3|[silent]\n|-start|p2a: Farigiraf|perish3|[silent]\n|-start|p2b: Milotic|perish3|[silent]\n|-fieldactivate|move: Perish Song\n|move|p1b: Rotom|Volt Switch|p2a: Farigiraf\n|-damage|p2a: Farigiraf|62/100\n|\n|t:|1776427144\n|switch|p1b: Politoed|Politoed, L50, M|100/100|[from] Volt Switch\n|-weather|RainDance|[from] ability: Drizzle|[of] p1b: Politoed\n|move|p2a: Farigiraf|Trick Room|p2a: Farigiraf\n|-fieldstart|move: Trick Room|[of] p2a: Farigiraf\n|\n|-weather|RainDance|[upkeep]\n|-start|p2a: Farigiraf|perish3\n|-start|p2b: Milotic|perish3\n|-start|p1a: Gengar|perish3\n|upkeep\n|turn|2\n|\n|t:|1776427163\n|move|p1a: Gengar|Protect|p1a: Gengar\n|-singleturn|p1a: Gengar|Protect\n|move|p2a: Farigiraf|Gravity|p2a: Farigiraf\n|-fieldstart|move: Gravity\n|move|p1b: Politoed|Encore|p2b: Milotic\n|-start|p2b: Milotic|Encore\n|move|p2b: Milotic|Protect||[still]\n|-fail|p2b: Milotic\n|\n|-weather|RainDance|[upkeep]\n|-start|p2a: Farigiraf|perish2\n|-start|p2b: Milotic|perish2\n|-start|p1a: Gengar|perish2\n|upkeep\n|turn|3\n|\n|t:|1776427200\n|move|p2b: Milotic|Protect|p2b: Milotic\n|-singleturn|p2b: Milotic|Protect\n|move|p2a: Farigiraf|Dazzling Gleam|p1a: Gengar|[spread] p1a,p1b\n|-resisted|p1a: Gengar|1\n|-damage|p1a: Gengar|92/100\n|-damage|p1b: Politoed|87/100\n|move|p1b: Politoed|Encore|p2a: Farigiraf\n|-start|p2a: Farigiraf|Encore\n|-enditem|p2a: Farigiraf|Mental Herb\n|-end|p2a: Farigiraf|Encore\n|move|p1a: Gengar|Shadow Ball|p2b: Milotic\n|-activate|p2b: Milotic|move: Protect\n|\n|-weather|RainDance|[upkeep]\n|-start|p2a: Farigiraf|perish1\n|-start|p2b: Milotic|perish1\n|-start|p1a: Gengar|perish1\n|upkeep\n|turn|4\n|\n|t:|1776427218\n|switch|p1a: Rotom|Rotom-Wash, L50|100/100\n|move|p2b: Milotic|Protect|p2b: Milotic\n|-singleturn|p2b: Milotic|Protect\n|move|p2a: Farigiraf|Dazzling Gleam|p1b: Politoed|[spread] p1a,p1b\n|-damage|p1a: Rotom|85/100\n|-damage|p1b: Politoed|75/100\n|move|p1b: Politoed|Weather Ball|p2b: Milotic\n|-activate|p2b: Milotic|move: Protect\n|\n|-weather|RainDance|[upkeep]\n|-end|p2b: Milotic|Encore\n|-start|p2a: Farigiraf|perish0\n|-start|p2b: Milotic|perish0\n|faint|p2a: Farigiraf\n|faint|p2b: Milotic\n|upkeep\n|\n|t:|1776427221\n|switch|p2a: Tyranitar|Tyranitar, L50, F|100/100\n|switch|p2b: Flapple|Flapple, L50, F|100/100\n|-weather|Sandstorm|[from] ability: Sand Stream|[of] p2a: Tyranitar\n|turn|5\n|\n|t:|1776427273\n|switch|p1b: Incineroar|Incineroar, L50, M|100/100\n|-ability|p1b: Incineroar|Intimidate|boost\n|-unboost|p2a: Tyranitar|atk|1\n|-unboost|p2b: Flapple|atk|1\n|move|p1a: Rotom|Protect|p1a: Rotom\n|-singleturn|p1a: Rotom|Protect\n|move|p2a: Tyranitar|Knock Off|p1b: Incineroar\n|-resisted|p1b: Incineroar|1\n|-damage|p1b: Incineroar|84/100\n|-enditem|p1b: Incineroar|Shuca Berry|[from] move: Knock Off|[of] p2a: Tyranitar\n|move|p2b: Flapple|Grav Apple|p1a: Rotom\n|-activate|p1a: Rotom|move: Protect\n|\n|-weather|Sandstorm|[upkeep]\n|-damage|p1b: Incineroar|78/100|[from] Sandstorm\n|-damage|p1a: Rotom|79/100|[from] Sandstorm\n|-damage|p2b: Flapple|95/100|[from] Sandstorm\n|-fieldend|move: Trick Room\n|upkeep\n|turn|6\n|\n|t:|1776427303\n|switch|p1a: Politoed|Politoed, L50, M|75/100\n|-weather|RainDance|[from] ability: Drizzle|[of] p1a: Politoed\n|move|p2b: Flapple|Grav Apple|p1a: Politoed\n|-supereffective|p1a: Politoed|1\n|-damage|p1a: Politoed|0 fnt\n|faint|p1a: Politoed\n|move|p2a: Tyranitar|Rock Slide|p1b: Incineroar\n|-supereffective|p1b: Incineroar|1\n|-crit|p1b: Incineroar\n|-damage|p1b: Incineroar|0 fnt\n|faint|p1b: Incineroar\n|\n|-weather|RainDance|[upkeep]\n|-fieldend|move: Gravity\n|upkeep\n|\n|t:|1776427313\n|switch|p1a: Gengar|Gengar-Mega, L50, F, shiny|92/100\n|switch|p1b: Rotom|Rotom-Wash, L50|79/100\n|turn|7\n|\n|t:|1776427325\n|detailschange|p2a: Tyranitar|Tyranitar-Mega, L50, F\n|-mega|p2a: Tyranitar|Tyranitar|Tyranitarite\n|-weather|Sandstorm|[from] ability: Sand Stream|[of] p2a: Tyranitar\n|move|p1a: Gengar|Disable|p2b: Flapple\n|-start|p2b: Flapple|Disable|Grav Apple\n|cant|p2b: Flapple|Disable|Grav Apple\n|move|p1b: Rotom|Hydro Pump|p2a: Tyranitar\n|-supereffective|p2a: Tyranitar|1\n|-damage|p2a: Tyranitar|47/100\n|move|p2a: Tyranitar|Knock Off|p1a: Gengar\n|-supereffective|p1a: Gengar|1\n|-damage|p1a: Gengar|26/100\n|\n|-weather|Sandstorm|[upkeep]\n|-damage|p1a: Gengar|20/100|[from] Sandstorm\n|-damage|p2b: Flapple|89/100|[from] Sandstorm\n|-damage|p1b: Rotom|73/100|[from] Sandstorm\n|upkeep\n|turn|8\n|c|\u2606LarpLarpSahoor|lets see..\n|\n|t:|1776427387\n|move|p2a: Tyranitar|Protect|p2a: Tyranitar\n|-singleturn|p2a: Tyranitar|Protect\n|move|p1a: Gengar|Perish Song|p1a: Gengar\n|-start|p1a: Gengar|perish3|[silent]\n|-start|p1b: Rotom|perish3|[silent]\n|-start|p2a: Tyranitar|perish3|[silent]\n|-start|p2b: Flapple|perish3|[silent]\n|-fieldactivate|move: Perish Song\n|move|p2b: Flapple|Dual Wingbeat|p1a: Gengar\n|-damage|p1a: Gengar|3/100\n|-damage|p1a: Gengar|0 fnt\n|faint|p1a: Gengar\n|-hitcount|p1: Gengar|2\n|move|p1b: Rotom|Hydro Pump|p2a: Tyranitar\n|-activate|p2a: Tyranitar|move: Protect\n|\n|-weather|Sandstorm|[upkeep]\n|-damage|p2b: Flapple|83/100|[from] Sandstorm\n|-damage|p1b: Rotom|67/100|[from] Sandstorm\n|-start|p2b: Flapple|perish3\n|-start|p1b: Rotom|perish3\n|-start|p2a: Tyranitar|perish3\n|upkeep\n|turn|9\n|\n|t:|1776427406\n|move|p2b: Flapple|Dragon Rush|p1b: Rotom|[miss]\n|-miss|p2b: Flapple|p1b: Rotom\n|move|p1b: Rotom|Hydro Pump|p2a: Tyranitar\n|-supereffective|p2a: Tyranitar|1\n|-damage|p2a: Tyranitar|0 fnt\n|faint|p2a: Tyranitar\n|\n|-weather|Sandstorm|[upkeep]\n|-damage|p2b: Flapple|77/100|[from] Sandstorm\n|-damage|p1b: Rotom|62/100|[from] Sandstorm\n|-start|p2b: Flapple|perish2\n|-start|p1b: Rotom|perish2\n|upkeep\n|turn|10\n|\n|t:|1776427416\n|move|p1b: Rotom|Protect|p1b: Rotom\n|-singleturn|p1b: Rotom|Protect\n|move|p2b: Flapple|Dragon Rush|p1b: Rotom\n|-activate|p1b: Rotom|move: Protect\n|\n|-weather|Sandstorm|[upkeep]\n|-damage|p2b: Flapple|72/100|[from] Sandstorm\n|-damage|p1b: Rotom|56/100|[from] Sandstorm\n|-end|p2b: Flapple|Disable\n|-start|p2b: Flapple|perish1\n|-start|p1b: Rotom|perish1\n|upkeep\n|turn|11\n|\n|t:|1776427424\n|move|p1b: Rotom|Protect||[still]\n|-fail|p1b: Rotom\n|move|p2b: Flapple|Grav Apple|p1b: Rotom|[miss]\n|-miss|p2b: Flapple|p1b: Rotom\n|\n|-weather|none\n|-start|p2b: Flapple|perish0\n|-start|p1b: Rotom|perish0\n|upkeep\n|faint|p2b: Flapple\n|faint|p1b: Rotom\n|\n|win|LarpLarpSahoor\n|raw|LarpLarpSahoor's rating: 1231 &rarr; <strong>1259</strong><br />(+28 for winning)\n|raw|CreatureArchives's rating: 1266 &rarr; <strong>1238</strong><br />(-28 for losing)\n|c|\u2606LarpLarpSahoor|gg\n|l|\u2606CreatureArchives\n|player|p2|\n",
  "uploadtime": 1776427437,
  "views": 54,
  "formatid": "gen9championsvgc2026regma",
  "rating": 1238,
  "private": 0,
  "password": null
}