{
  "id": "gen9championsvgc2026regma-2585916105",
  "format": "[Gen 9 Champions] VGC 2026 Reg M-A",
  "players": [
    "Coregear",
    "dr.ultraball head"
  ],
  "log": "|j|\u2606Coregear\n|j|\u2606dr.ultraball head\n|t:|1776381164\n|gametype|doubles\n|player|p1|Coregear|101|1150\n|player|p2|dr.ultraball head|gardenia-masters|1127\n|gen|9\n|tier|[Gen 9 Champions] VGC 2026 Reg M-A\n|rated|\n|rule|Species Clause: Limit one of each Pok\u00e9mon\n|rule|Item Clause: Limit 1 of each item\n|clearpoke\n|poke|p1|Dragonite, L50, M|\n|poke|p1|Pelipper, L50, F|\n|poke|p1|Basculegion, L50, M|\n|poke|p1|Meganium, L50, F|\n|poke|p1|Tauros, L50, M|\n|poke|p1|Sableye, L50, M|\n|poke|p2|Sinistcha, L50|\n|poke|p2|Slowking, L50, M|\n|poke|p2|Incineroar, L50, F|\n|poke|p2|Crabominable, L50, M|\n|poke|p2|Farigiraf, L50, F|\n|poke|p2|Hatterene, L50, F|\n|teampreview|4\n|\n|t:|1776381191\n|teamsize|p1|4\n|teamsize|p2|4\n|start\n|switch|p1a: Pelipper|Pelipper, L50, F|100/100\n|switch|p1b: Basculegion|Basculegion, L50, M|100/100\n|switch|p2a: Slowking|Slowking, L50, M|100/100\n|switch|p2b: Incineroar|Incineroar, L50, F|100/100\n|-weather|RainDance|[from] ability: Drizzle|[of] p1a: Pelipper\n|-ability|p2b: Incineroar|Intimidate|boost\n|-unboost|p1a: Pelipper|atk|1\n|-unboost|p1b: Basculegion|atk|1\n|turn|1\n|l|\u2606Coregear\n|player|p1|\n|j|\u2606Coregear\n|player|p1|Coregear|101|\n|\n|t:|1776381242\n|switch|p2b: Sinistcha|Sinistcha, L50|100/100\n|move|p1a: Pelipper|Protect|p1a: Pelipper\n|-singleturn|p1a: Pelipper|Protect\n|move|p1b: Basculegion|Wave Crash|p2b: Sinistcha\n|-resisted|p2b: Sinistcha|1\n|-damage|p2b: Sinistcha|67/100\n|-damage|p1b: Basculegion|90/100|[from] Recoil\n|-prepare|p2a: Slowking|Chilly Reception|[premajor]\n|move|p2a: Slowking|Chilly Reception|p2a: Slowking\n|-weather|Snowscape\n|\n|t:|1776381261\n|switch|p2a: Incineroar|Incineroar, L50, F|100/100|[from] Chilly Reception\n|-ability|p2a: Incineroar|Intimidate|boost\n|-unboost|p1a: Pelipper|atk|1\n|-unboost|p1b: Basculegion|atk|1\n|\n|-weather|Snowscape|[upkeep]\n|-heal|p2b: Sinistcha|73/100|[from] item: Leftovers\n|upkeep\n|turn|2\n|\n|t:|1776381281\n|move|p1b: Basculegion|Wave Crash|p2a: Incineroar\n|-supereffective|p2a: Incineroar|1\n|-damage|p2a: Incineroar|29/100\n|-enditem|p2a: Incineroar|Sitrus Berry|[eat]\n|-heal|p2a: Incineroar|54/100|[from] item: Sitrus Berry\n|-damage|p1b: Basculegion|66/100|[from] Recoil\n|move|p1a: Pelipper|Tailwind|p1a: Pelipper\n|-sidestart|p1: Coregear|move: Tailwind\n|move|p2a: Incineroar|Parting Shot|p1a: Pelipper\n|-unboost|p1a: Pelipper|atk|1\n|-unboost|p1a: Pelipper|spa|1\n|\n|t:|1776381296\n|switch|p2a: Crabominable|Crabominable, L50, M|100/100|[from] Parting Shot\n|move|p2b: Sinistcha|Trick Room|p2b: Sinistcha\n|-fieldstart|move: Trick Room|[of] p2b: Sinistcha\n|\n|-weather|Snowscape|[upkeep]\n|-heal|p2b: Sinistcha|79/100|[from] item: Leftovers\n|upkeep\n|turn|3\n|\n|t:|1776381321\n|switch|p1a: Sableye|Sableye, L50, M|100/100\n|detailschange|p2a: Crabominable|Crabominable-Mega, L50, M\n|-mega|p2a: Crabominable|Crabominable|Crabominite\n|move|p2a: Crabominable|Ice Hammer|p1a: Sableye\n|-damage|p1a: Sableye|0 fnt\n|-unboost|p2a: Crabominable|spe|1\n|faint|p1a: Sableye\n|move|p2b: Sinistcha|Matcha Gotcha|p1b: Basculegion\n|-supereffective|p1b: Basculegion|1\n|-damage|p1b: Basculegion|0 fnt\n|-heal|p2b: Sinistcha|100/100|[from] drain|[of] p1b: Basculegion\n|faint|p1b: Basculegion\n|\n|-weather|Snowscape|[upkeep]\n|upkeep\n|\n|t:|1776381334\n|switch|p1a: Pelipper|Pelipper, L50, F|100/100\n|switch|p1b: Dragonite|Dragonite, L50, M|100/100\n|-weather|RainDance|[from] ability: Drizzle|[of] p1a: Pelipper\n|turn|4\n|\n|t:|1776381361\n|detailschange|p1b: Dragonite|Dragonite-Mega, L50, M\n|-mega|p1b: Dragonite|Dragonite|Dragoninite\n|move|p2a: Crabominable|Protect|p2a: Crabominable\n|-singleturn|p2a: Crabominable|Protect\n|move|p1b: Dragonite|Protect|p1b: Dragonite\n|-singleturn|p1b: Dragonite|Protect\n|move|p2b: Sinistcha|Matcha Gotcha|p1a: Pelipper|[spread] p1a\n|-activate|p1b: Dragonite|move: Protect\n|-damage|p1a: Pelipper|66/100\n|move|p1a: Pelipper|Hurricane|p2a: Crabominable\n|-activate|p2a: Crabominable|move: Protect\n|\n|-weather|RainDance|[upkeep]\n|upkeep\n|turn|5\n|\n|t:|1776381386\n|switch|p2a: Slowking|Slowking, L50, M|100/100\n|move|p1a: Pelipper|Protect|p1a: Pelipper\n|-singleturn|p1a: Pelipper|Protect\n|move|p2b: Sinistcha|Matcha Gotcha|p1a: Pelipper|[spread] p1b\n|-activate|p1a: Pelipper|move: Protect\n|-resisted|p1b: Dragonite|2\n|-damage|p1b: Dragonite|97/100\n|-status|p1b: Dragonite|brn\n|move|p1b: Dragonite|Hurricane|p2a: Slowking\n|-damage|p2a: Slowking|41/100\n|-start|p2a: Slowking|confusion\n|\n|-weather|RainDance|[upkeep]\n|-damage|p1b: Dragonite|91/100 brn|[from] brn\n|-sideend|p1: Coregear|move: Tailwind\n|upkeep\n|turn|6\n|\n|t:|1776381424\n|-prepare|p2a: Slowking|Chilly Reception|[premajor]\n|-activate|p2a: Slowking|confusion\n|move|p2a: Slowking|Chilly Reception|p2a: Slowking\n|-weather|Snowscape\n|\n|t:|1776381434\n|switch|p2a: Incineroar|Incineroar, L50, F|54/100|[from] Chilly Reception\n|-ability|p2a: Incineroar|Intimidate|boost\n|-unboost|p1a: Pelipper|atk|1\n|-unboost|p1b: Dragonite|atk|1\n|move|p1a: Pelipper|Tailwind|p1a: Pelipper\n|-sidestart|p1: Coregear|move: Tailwind\n|move|p1b: Dragonite|Hurricane|p2b: Sinistcha|[miss]\n|-miss|p1b: Dragonite|p2b: Sinistcha\n|move|p2b: Sinistcha|Trick Room|p2b: Sinistcha\n|-fieldend|move: Trick Room\n|\n|-weather|Snowscape|[upkeep]\n|-damage|p1b: Dragonite|85/100 brn|[from] brn\n|upkeep\n|turn|7\n|\n|t:|1776381462\n|move|p1a: Pelipper|Protect|p1a: Pelipper\n|-singleturn|p1a: Pelipper|Protect\n|move|p2a: Incineroar|Fake Out|p1b: Dragonite\n|-damage|p1b: Dragonite|72/100 brn\n|cant|p1b: Dragonite|flinch\n|move|p2b: Sinistcha|Trick Room|p2b: Sinistcha\n|-fieldstart|move: Trick Room|[of] p2b: Sinistcha\n|\n|-weather|Snowscape|[upkeep]\n|-damage|p1b: Dragonite|66/100 brn|[from] brn\n|upkeep\n|turn|8\n|-message|Coregear forfeited.\n|\n|win|dr.ultraball head\n|raw|Coregear's rating: 1150 &rarr; <strong>1123</strong><br />(-27 for losing)\n|raw|dr.ultraball head's rating: 1127 &rarr; <strong>1154</strong><br />(+27 for winning)\n|l|\u2606Coregear\n|player|p1|\n|c|\u2606dr.ultraball head|Ggs\n",
  "uploadtime": 1776381941,
  "views": 17,
  "formatid": "gen9championsvgc2026regma",
  "rating": 1123,
  "private": 0,
  "password": null
}