{
  "id": "gen9championsvgc2026regma-2581039496",
  "format": "[Gen 9 Champions] VGC 2026 Reg M-A",
  "players": [
    "SleepyPumpk1n",
    "lukeeyc"
  ],
  "log": "|j|\u2606SleepyPumpk1n\n|j|\u2606lukeeyc\n|t:|1775954172\n|gametype|doubles\n|player|p1|SleepyPumpk1n|red-masters3|1057\n|player|p2|lukeeyc|170|1047\n|gen|9\n|tier|[Gen 9 Champions] VGC 2026 Reg M-A\n|rated|\n|rule|Species Clause: Limit one of each Pok\u00e9mon\n|rule|Item Clause: Limit 1 of each item\n|clearpoke\n|poke|p1|Meowstic, L50, M|\n|poke|p1|Alakazam, L50, M|\n|poke|p1|Hatterene, L50, F|\n|poke|p1|Slowking, L50, M|\n|poke|p1|Gallade, L50, M|\n|poke|p1|Armarouge, L50, F|\n|poke|p2|Meganium, L50, F|\n|poke|p2|Froslass, L50, F|\n|poke|p2|Incineroar, L50, M|\n|poke|p2|Rotom-Frost, L50|\n|poke|p2|Empoleon, L50, M|\n|poke|p2|Noivern, L50, M|\n|teampreview|4\n|inactive|Battle timer is ON: inactive players will automatically lose when time's up. (requested by SleepyPumpk1n)\n|inactive|lukeeyc has 60 seconds left.\n|\n|t:|1775954227\n|teamsize|p1|4\n|teamsize|p2|4\n|start\n|switch|p1a: Hatterene|Hatterene, L50, F|100/100\n|switch|p1b: Slowking|Slowking, L50, M|100/100\n|switch|p2a: Incineroar|Incineroar, L50, M|100/100\n|switch|p2b: Rotom|Rotom-Frost, L50|100/100\n|-ability|p2a: Incineroar|Intimidate|boost\n|-unboost|p1a: Hatterene|atk|1\n|-unboost|p1b: Slowking|atk|1\n|turn|1\n|\n|t:|1775954250\n|move|p2b: Rotom|Thunderbolt|p1b: Slowking\n|-supereffective|p1b: Slowking|1\n|-damage|p1b: Slowking|41/100\n|move|p2a: Incineroar|Throat Chop|p1b: Slowking\n|-supereffective|p1b: Slowking|1\n|-damage|p1b: Slowking|0 fnt\n|faint|p1b: Slowking\n|move|p1a: Hatterene|Trick Room|p1a: Hatterene\n|-fieldstart|move: Trick Room|[of] p1a: Hatterene\n|\n|upkeep\n|\n|t:|1775954257\n|switch|p1b: Gallade|Gallade, L50, M, shiny|100/100\n|turn|2\n|\n|t:|1775954288\n|detailschange|p1b: Gallade|Gallade-Mega, L50, M, shiny\n|-mega|p1b: Gallade|Gallade|Galladite\n|move|p1a: Hatterene|Nuzzle|p2a: Incineroar\n|-damage|p2a: Incineroar|98/100\n|-status|p2a: Incineroar|par\n|move|p2a: Incineroar|Throat Chop|p1a: Hatterene\n|-damage|p1a: Hatterene|63/100\n|-start|p1a: Hatterene|Throat Chop|[silent]\n|move|p1b: Gallade|Sacred Sword|p2b: Rotom\n|-supereffective|p2b: Rotom|1\n|-damage|p2b: Rotom|0 fnt\n|faint|p2b: Rotom\n|\n|upkeep\n|\n|t:|1775954301\n|switch|p2b: Meganium|Meganium, L50, F|100/100\n|turn|3\n|\n|t:|1775954323\n|detailschange|p2b: Meganium|Meganium-Mega, L50, F\n|-mega|p2b: Meganium|Meganium|Meganiumite\n|move|p2a: Incineroar|Parting Shot|p1b: Gallade\n|-unboost|p1b: Gallade|atk|1\n|-unboost|p1b: Gallade|spa|1\n|\n|t:|1775954327\n|switch|p2a: Froslass|Froslass, L50, F|100/100|[from] Parting Shot\n|move|p1a: Hatterene|Dazzling Gleam|p2b: Meganium|[spread] p2a,p2b\n|-damage|p2a: Froslass|51/100\n|-damage|p2b: Meganium|67/100\n|move|p2b: Meganium|Dazzling Gleam|p1b: Gallade|[spread] p1a,p1b\n|-supereffective|p1b: Gallade|1\n|-damage|p1a: Hatterene|29/100\n|-damage|p1b: Gallade|26/100\n|-enditem|p1a: Hatterene|Sitrus Berry|[eat]\n|-heal|p1a: Hatterene|54/100|[from] item: Sitrus Berry\n|move|p1b: Gallade|Sacred Sword|p2a: Froslass\n|-immune|p2a: Froslass\n|\n|-end|p1a: Hatterene|Throat Chop|[silent]\n|upkeep\n|turn|4\n|\n|t:|1775954351\n|move|p1a: Hatterene|Helping Hand|p1b: Gallade\n|-singleturn|p1b: Gallade|Helping Hand|[of] p1a: Hatterene\n|move|p2b: Meganium|Protect|p2b: Meganium\n|-singleturn|p2b: Meganium|Protect\n|move|p2a: Froslass|Protect|p2a: Froslass\n|-singleturn|p2a: Froslass|Protect\n|move|p1b: Gallade|Psycho Cut|p2b: Meganium\n|-activate|p2b: Meganium|move: Protect\n|\n|upkeep\n|turn|5\n|\n|t:|1775954370\n|switch|p2b: Incineroar|Incineroar, L50, M|98/100 par\n|-ability|p2b: Incineroar|Intimidate|boost\n|-unboost|p1a: Hatterene|atk|1\n|-fail|p1b: Gallade|unboost|Attack|[from] ability: Inner Focus|[of] p1b: Gallade\n|switch|p1b: Armarouge|Armarouge, L50, F|100/100\n|move|p1a: Hatterene|Dazzling Gleam|p2b: Incineroar|[spread] p2a,p2b\n|-damage|p2a: Froslass|3/100\n|-damage|p2b: Incineroar|74/100 par\n|move|p2a: Froslass|Icy Wind|p1b: Armarouge|[spread] p1a,p1b\n|-resisted|p1b: Armarouge|1\n|-damage|p1a: Hatterene|39/100\n|-damage|p1b: Armarouge|93/100\n|-unboost|p1a: Hatterene|spe|1\n|-unboost|p1b: Armarouge|spe|1\n|\n|-fieldend|move: Trick Room\n|upkeep\n|turn|6\n|inactive|SleepyPumpk1n has 30 seconds left.\n|\n|t:|1775954399\n|move|p1b: Armarouge|Protect|p1b: Armarouge\n|-singleturn|p1b: Armarouge|Protect\n|move|p2a: Froslass|Shadow Ball|p1b: Armarouge\n|-activate|p1b: Armarouge|move: Protect\n|move|p2b: Incineroar|Flare Blitz|p1a: Hatterene\n|-damage|p1a: Hatterene|0 fnt\n|faint|p1a: Hatterene\n|-damage|p2b: Incineroar|64/100 par|[from] Recoil\n|\n|upkeep\n|\n|t:|1775954406\n|switch|p1a: Gallade|Gallade-Mega, L50, M, shiny|26/100\n|turn|7\n|\n|t:|1775954418\n|move|p2a: Froslass|Icy Wind|p1b: Armarouge|[spread] p1a,p1b\n|-resisted|p1b: Armarouge|1\n|-damage|p1a: Gallade|7/100\n|-damage|p1b: Armarouge|84/100\n|-unboost|p1a: Gallade|spe|1\n|-unboost|p1b: Armarouge|spe|1\n|move|p1a: Gallade|Sacred Sword|p2b: Incineroar\n|-supereffective|p2b: Incineroar|1\n|-damage|p2b: Incineroar|0 fnt\n|faint|p2b: Incineroar\n|move|p1b: Armarouge|Flash Cannon|p2a: Froslass\n|-supereffective|p2a: Froslass|1\n|-damage|p2a: Froslass|0 fnt\n|faint|p2a: Froslass\n|\n|upkeep\n|\n|t:|1775954427\n|switch|p2b: Meganium|Meganium-Mega, L50, F|67/100\n|turn|8\n|\n|t:|1775954433\n|move|p1a: Gallade|Protect|p1a: Gallade\n|-singleturn|p1a: Gallade|Protect\n|move|p2b: Meganium|Dazzling Gleam|p1b: Armarouge|[spread] p1b\n|-activate|p1a: Gallade|move: Protect\n|-resisted|p1b: Armarouge|1\n|-damage|p1b: Armarouge|66/100\n|move|p1b: Armarouge|Armor Cannon|p2b: Meganium\n|-supereffective|p2b: Meganium|1\n|-damage|p2b: Meganium|0 fnt\n|-unboost|p1b: Armarouge|def|1\n|-unboost|p1b: Armarouge|spd|1\n|faint|p2b: Meganium\n|\n|win|SleepyPumpk1n\n|raw|SleepyPumpk1n's rating: 1057 &rarr; <strong>1088</strong><br />(+31 for winning)\n|raw|lukeeyc's rating: 1047 &rarr; <strong>1030</strong><br />(-17 for losing)\n|l|\u2606lukeeyc\n|player|p2|\n",
  "uploadtime": 1775954445,
  "views": 12,
  "formatid": "gen9championsvgc2026regma",
  "rating": 1030,
  "private": 0,
  "password": null
}