{
  "id": "gen9championsvgc2026regma-2589582153",
  "format": "[Gen 9 Champions] VGC 2026 Reg M-A",
  "players": [
    "jibanyan0721",
    "Otterz"
  ],
  "log": "|j|\u2606jibanyan0721\n|j|\u2606Otterz\n|t:|1776736206\n|gametype|doubles\n|player|p1|jibanyan0721|1|1630\n|player|p2|Otterz|wattson|1683\n|gen|9\n|tier|[Gen 9 Champions] VGC 2026 Reg M-A\n|rated|\n|rule|Species Clause: Limit one of each Pok\u00e9mon\n|rule|Item Clause: Limit 1 of each item\n|clearpoke\n|poke|p1|Blastoise, L50, M|\n|poke|p1|Sneasler, L50, M|\n|poke|p1|Vivillon, L50, M|\n|poke|p1|Basculegion, L50, M|\n|poke|p1|Farigiraf, L50, M|\n|poke|p1|Scizor, L50, M|\n|poke|p2|Meganium, L50, M|\n|poke|p2|Aegislash, L50, F|\n|poke|p2|Ceruledge, L50, M|\n|poke|p2|Farigiraf, L50, F|\n|poke|p2|Aerodactyl, L50, F|\n|poke|p2|Milotic, L50, M|\n|teampreview|4\n|j| Badaxx\n|j| trisew\n|inactive|Battle timer is ON: inactive players will automatically lose when time's up. (requested by jibanyan0721)\n|\n|t:|1776736237\n|teamsize|p1|4\n|teamsize|p2|4\n|start\n|switch|p1a: Sneasler|Sneasler, L50, M|100/100\n|switch|p1b: Scizor|Scizor, L50, M|100/100\n|switch|p2a: Aerodactyl|Aerodactyl, L50, F|100/100\n|switch|p2b: Meganium|Meganium, L50, M|100/100\n|-ability|p2a: Aerodactyl|Unnerve\n|turn|1\n|\n|t:|1776736244\n|switch|p2b: Farigiraf|Farigiraf, L50, F|100/100\n|move|p2a: Aerodactyl|Dual Wingbeat|p1a: Sneasler\n|-supereffective|p1a: Sneasler|1\n|-damage|p1a: Sneasler|34/100\n|-supereffective|p1a: Sneasler|1\n|-damage|p1a: Sneasler|0 fnt\n|faint|p1a: Sneasler\n|-hitcount|p1: Sneasler|2\n|move|p1b: Scizor|Swords Dance|p1b: Scizor\n|-boost|p1b: Scizor|atk|2\n|\n|upkeep\n|\n|t:|1776736263\n|switch|p1a: Basculegion|Basculegion, L50, M|100/100\n|turn|2\n|\n|t:|1776736282\n|move|p2b: Farigiraf|Protect|p2b: Farigiraf\n|-singleturn|p2b: Farigiraf|Protect\n|move|p1a: Basculegion|Wave Crash|p2a: Aerodactyl\n|-supereffective|p2a: Aerodactyl|1\n|-enditem|p2a: Aerodactyl|Focus Sash\n|-damage|p2a: Aerodactyl|1/100\n|-damage|p1a: Basculegion|75/100|[from] Recoil\n|move|p2a: Aerodactyl|Tailwind|p2a: Aerodactyl\n|-sidestart|p2: Otterz|move: Tailwind\n|move|p1b: Scizor|Bug Bite|p2b: Farigiraf\n|-activate|p2b: Farigiraf|move: Protect\n|\n|upkeep\n|turn|3\n|\n|t:|1776736302\n|move|p2a: Aerodactyl|Rock Slide|p1b: Scizor|[spread] p1a,p1b\n|-damage|p1a: Basculegion|43/100\n|-damage|p1b: Scizor|76/100\n|move|p1a: Basculegion|Wave Crash|p2a: Aerodactyl\n|-supereffective|p2a: Aerodactyl|1\n|-damage|p2a: Aerodactyl|0 fnt\n|faint|p2a: Aerodactyl\n|-damage|p1a: Basculegion|42/100|[from] Recoil\n|move|p2b: Farigiraf|Psychic|p1a: Basculegion\n|-damage|p1a: Basculegion|5/100\n|cant|p1b: Scizor|flinch\n|\n|-heal|p1b: Scizor|82/100|[from] item: Leftovers\n|upkeep\n|\n|t:|1776736324\n|switch|p2a: Meganium|Meganium, L50, M|100/100\n|turn|4\n|\n|t:|1776736332\n|detailschange|p2a: Meganium|Meganium-Mega, L50, M\n|-mega|p2a: Meganium|Meganium|Meganiumite\n|move|p1b: Scizor|Protect|p1b: Scizor\n|-singleturn|p1b: Scizor|Protect\n|move|p2a: Meganium|Weather Ball|p1b: Scizor\n|-activate|p1b: Scizor|move: Protect\n|move|p1a: Basculegion|Wave Crash|p2b: Farigiraf\n|-damage|p2b: Farigiraf|48/100\n|-enditem|p2b: Farigiraf|Sitrus Berry|[eat]\n|-heal|p2b: Farigiraf|73/100|[from] item: Sitrus Berry\n|-damage|p1a: Basculegion|0 fnt|[from] Recoil\n|faint|p1a: Basculegion\n|move|p2b: Farigiraf|Psychic|p1b: Scizor\n|-activate|p1b: Scizor|move: Protect\n|\n|-heal|p1b: Scizor|89/100|[from] item: Leftovers\n|upkeep\n|\n|t:|1776736347\n|switch|p1a: Blastoise|Blastoise, L50, M|100/100\n|turn|5\n|\n|t:|1776736355\n|detailschange|p1a: Blastoise|Blastoise-Mega, L50, M\n|-mega|p1a: Blastoise|Blastoise|Blastoisinite\n|move|p1b: Scizor|Protect||[still]\n|-fail|p1b: Scizor\n|move|p2a: Meganium|Weather Ball|p1b: Scizor\n|-supereffective|p1b: Scizor|2\n|-damage|p1b: Scizor|0 fnt\n|faint|p1b: Scizor\n|move|p1a: Blastoise|Dark Pulse|p2b: Farigiraf\n|-supereffective|p2b: Farigiraf|1\n|-damage|p2b: Farigiraf|0 fnt\n|faint|p2b: Farigiraf\n|\n|-sideend|p2: Otterz|move: Tailwind\n|upkeep\n|-message|jibanyan0721 forfeited.\n|\n|win|Otterz\n|raw|jibanyan0721's rating: 1630 &rarr; <strong>1613</strong><br />(-17 for losing)\n|raw|Otterz's rating: 1683 &rarr; <strong>1700</strong><br />(+17 for winning)\n|l|\u2606jibanyan0721\n|player|p1|\n",
  "uploadtime": 1776736367,
  "views": 0,
  "formatid": "gen9championsvgc2026regma",
  "rating": 1613,
  "private": 0,
  "password": null
}