{
  "id": "gen9championsvgc2026regma-2588029914",
  "format": "[Gen 9 Champions] VGC 2026 Reg M-A",
  "players": [
    "ballafjong",
    "michaelgscott"
  ],
  "log": "|j|\u2606ballafjong\n|j|\u2606michaelgscott\n|t:|1776595292\n|gametype|doubles\n|player|p1|ballafjong|169|1146\n|player|p2|michaelgscott|veteran|1092\n|gen|9\n|tier|[Gen 9 Champions] VGC 2026 Reg M-A\n|rated|\n|rule|Species Clause: Limit one of each Pok\u00e9mon\n|rule|Item Clause: Limit 1 of each item\n|clearpoke\n|poke|p1|Torkoal, L50, M|\n|poke|p1|Sableye, L50, F|\n|poke|p1|Farigiraf, L50, F, shiny|\n|poke|p1|Charizard, L50, M|\n|poke|p1|Volcarona, L50, F|\n|poke|p1|Incineroar, L50, M|\n|poke|p2|Farigiraf, L50, F|\n|poke|p2|Incineroar, L50, F|\n|poke|p2|Camerupt, L50, M|\n|poke|p2|Kingambit, L50, M|\n|poke|p2|Klefki, L50, M|\n|poke|p2|Reuniclus, L50, F|\n|teampreview|4\n|inactive|Battle timer is ON: inactive players will automatically lose when time's up. (requested by michaelgscott)\n|\n|t:|1776595337\n|teamsize|p1|4\n|teamsize|p2|4\n|start\n|switch|p1a: Giedi Prime|Sableye, L50, F|100/100\n|switch|p1b: Kaitain|Farigiraf, L50, F, shiny|100/100\n|switch|p2a: Farigiraf|Farigiraf, L50, F|100/100\n|switch|p2b: Incineroar|Incineroar, L50, F|100/100\n|-ability|p2b: Incineroar|Intimidate|boost\n|-unboost|p1a: Giedi Prime|atk|1\n|-unboost|p1b: Kaitain|atk|1\n|turn|1\n|\n|t:|1776595357\n|switch|p1b: Salusa|Incineroar, L50, M|100/100\n|-ability|p1b: Salusa|Intimidate|boost\n|-unboost|p2a: Farigiraf|atk|1\n|-unboost|p2b: Incineroar|atk|1\n|move|p1a: Giedi Prime|Calm Mind|p1a: Giedi Prime\n|-boost|p1a: Giedi Prime|spa|1\n|-boost|p1a: Giedi Prime|spd|1\n|move|p2b: Incineroar|Parting Shot|p1b: Salusa\n|-unboost|p1b: Salusa|atk|1\n|-unboost|p1b: Salusa|spa|1\n|\n|t:|1776595366\n|switch|p2b: Camerupt|Camerupt, L50, M|100/100|[from] Parting Shot\n|move|p2a: Farigiraf|Trick Room|p2a: Farigiraf\n|-fieldstart|move: Trick Room|[of] p2a: Farigiraf\n|\n|upkeep\n|turn|2\n|\n|t:|1776595379\n|detailschange|p2b: Camerupt|Camerupt-Mega, L50, M\n|-mega|p2b: Camerupt|Camerupt|Cameruptite\n|detailschange|p1a: Giedi Prime|Sableye-Mega, L50, F\n|-mega|p1a: Giedi Prime|Sableye|Sablenite\n|move|p2b: Camerupt|Heat Wave|p1a: Giedi Prime|[spread] p1a\n|-miss|p2b: Camerupt|p1b: Salusa\n|-damage|p1a: Giedi Prime|70/100\n|move|p1a: Giedi Prime|Calm Mind|p1a: Giedi Prime\n|-boost|p1a: Giedi Prime|spa|1\n|-boost|p1a: Giedi Prime|spd|1\n|move|p2a: Farigiraf|Hyper Voice|p1a: Giedi Prime|[spread] p1b\n|-immune|p1a: Giedi Prime\n|-damage|p1b: Salusa|70/100\n|move|p1b: Salusa|Parting Shot|p2b: Camerupt\n|-unboost|p2b: Camerupt|atk|1\n|-unboost|p2b: Camerupt|spa|1\n|\n|t:|1776595390\n|switch|p1b: Kaitain|Farigiraf, L50, F, shiny|100/100|[from] Parting Shot\n|\n|upkeep\n|turn|3\n|\n|t:|1776595418\n|switch|p2b: Reuniclus|Reuniclus, L50, F|100/100\n|move|p1a: Giedi Prime|Calm Mind|p1a: Giedi Prime\n|-boost|p1a: Giedi Prime|spa|1\n|-boost|p1a: Giedi Prime|spd|1\n|move|p2a: Farigiraf|Hyper Voice|p1b: Kaitain|[spread] p1b\n|-immune|p1a: Giedi Prime\n|-damage|p1b: Kaitain|70/100\n|move|p1b: Kaitain|Hyper Voice|p2a: Farigiraf|[spread] p2a,p2b\n|-damage|p2a: Farigiraf|71/100\n|-damage|p2b: Reuniclus|74/100\n|\n|upkeep\n|turn|4\n|inactive|michaelgscott has 30 seconds left.\n|\n|t:|1776595445\n|move|p1a: Giedi Prime|Hex|p2b: Reuniclus\n|-supereffective|p2b: Reuniclus|1\n|-damage|p2b: Reuniclus|0 fnt\n|faint|p2b: Reuniclus\n|move|p2a: Farigiraf|Hyper Voice|p1b: Kaitain|[spread] p1b\n|-immune|p1a: Giedi Prime\n|-damage|p1b: Kaitain|41/100\n|move|p1b: Kaitain|Hyper Voice|p2a: Farigiraf\n|-damage|p2a: Farigiraf|26/100\n|\n|upkeep\n|\n|t:|1776595455\n|switch|p2b: Camerupt|Camerupt-Mega, L50, M|100/100\n|turn|5\n|\n|t:|1776595462\n|move|p1b: Kaitain|Protect|p1b: Kaitain\n|-singleturn|p1b: Kaitain|Protect\n|move|p1a: Giedi Prime|Pain Split|p2b: Camerupt\n|-sethp|p2b: Camerupt|81/100|[from] move: Pain Split|[silent]\n|-sethp|p1a: Giedi Prime|92/100|[from] move: Pain Split\n|move|p2b: Camerupt|Heat Wave|p1a: Giedi Prime|[spread] p1a\n|-activate|p1b: Kaitain|move: Protect\n|-damage|p1a: Giedi Prime|72/100\n|move|p2a: Farigiraf|Hyper Voice|p1a: Giedi Prime|[spread] \n|-activate|p1b: Kaitain|move: Protect\n|-immune|p1a: Giedi Prime\n|\n|-fieldend|move: Trick Room\n|upkeep\n|turn|6\n|-message|michaelgscott forfeited.\n|\n|win|ballafjong\n|raw|ballafjong's rating: 1146 &rarr; <strong>1167</strong><br />(+21 for winning)\n|raw|michaelgscott's rating: 1092 &rarr; <strong>1072</strong><br />(-20 for losing)\n|l|\u2606michaelgscott\n|player|p2|\n",
  "uploadtime": 1776595477,
  "views": 10,
  "formatid": "gen9championsvgc2026regma",
  "rating": 1072,
  "private": 0,
  "password": null
}