{
  "id": "gen9championsvgc2026regma-2584287550",
  "format": "[Gen 9 Champions] VGC 2026 Reg M-A",
  "players": [
    "huhwehuwe",
    "Millercs"
  ],
  "log": "|j|\u2606huhwehuwe\n|j|\u2606Millercs\n|t:|1776247370\n|gametype|doubles\n|player|p1|huhwehuwe|265|1168\n|player|p2|Millercs|266|1178\n|gen|9\n|tier|[Gen 9 Champions] VGC 2026 Reg M-A\n|rated|\n|rule|Species Clause: Limit one of each Pok\u00e9mon\n|rule|Item Clause: Limit 1 of each item\n|clearpoke\n|poke|p1|Incineroar, L50, M|\n|poke|p1|Sinistcha, L50|\n|poke|p1|Palafin, L50, M|\n|poke|p1|Floette-Eternal, L50, F|\n|poke|p1|Aerodactyl, L50, M|\n|poke|p1|Excadrill, L50, M|\n|poke|p2|Floette-Eternal, L50, F|\n|poke|p2|Glimmora, L50, M|\n|poke|p2|Talonflame, L50, F|\n|poke|p2|Maushold-Four, L50|\n|poke|p2|Garchomp, L50, M|\n|poke|p2|Corviknight, L50, F|\n|teampreview|4\n|\n|t:|1776247404\n|teamsize|p1|4\n|teamsize|p2|4\n|start\n|switch|p1a: Palafin|Palafin, L50, M|100/100\n|switch|p1b: Aerodactyl|Aerodactyl, L50, M|100/100\n|switch|p2a: Glimmora|Glimmora, L50, M|100/100\n|switch|p2b: Talonflame|Talonflame, L50, F|100/100\n|-ability|p1b: Aerodactyl|Unnerve\n|turn|1\n|\n|t:|1776247430\n|detailschange|p2a: Glimmora|Glimmora-Mega, L50, M\n|-mega|p2a: Glimmora|Glimmora|Glimmoranite\n|move|p2a: Glimmora|Spiky Shield|p2a: Glimmora\n|-singleturn|p2a: Glimmora|move: Protect\n|move|p2b: Talonflame|Tailwind|p2b: Talonflame\n|-sidestart|p2: Millercs|move: Tailwind\n|move|p1b: Aerodactyl|Rock Slide|p2a: Glimmora|[spread] p2b\n|-activate|p2a: Glimmora|move: Protect\n|-supereffective|p2b: Talonflame|2\n|-enditem|p2b: Talonflame|Focus Sash\n|-damage|p2b: Talonflame|1/100\n|move|p1a: Palafin|Wave Crash|p2a: Glimmora\n|-activate|p2a: Glimmora|move: Protect\n|-damage|p1a: Palafin|88/100|[from] Spiky Shield|[of] p2a: Glimmora\n|\n|upkeep\n|turn|2\n|\n|t:|1776247461\n|switch|p2a: Corviknight|Corviknight, L50, F|100/100\n|move|p2b: Talonflame|Protect|p2b: Talonflame\n|-singleturn|p2b: Talonflame|Protect\n|move|p1a: Palafin|Protect|p1a: Palafin\n|-singleturn|p1a: Palafin|Protect\n|move|p1b: Aerodactyl|Tailwind|p1b: Aerodactyl\n|-sidestart|p1: huhwehuwe|move: Tailwind\n|\n|upkeep\n|turn|3\n|\n|t:|1776247490\n|switch|p1b: Incineroar|Incineroar, L50, M|100/100\n|-ability|p1b: Incineroar|Intimidate|boost\n|-ability|p2a: Corviknight|Mirror Armor\n|-unboost|p1b: Incineroar|atk|1\n|-unboost|p2b: Talonflame|atk|1\n|switch|p2b: Garchomp|Garchomp, L50, M|100/100\n|move|p1a: Palafin|Taunt|p2a: Corviknight\n|-start|p2a: Corviknight|move: Taunt\n|cant|p2a: Corviknight|move: Taunt|Iron Defense\n|\n|upkeep\n|turn|4\n|\n|t:|1776247521\n|detailschange|p1a: Palafin|Palafin-Hero, L50, M\n|switch|p1a: Floette|Floette-Eternal, L50, F|100/100\n|move|p2b: Garchomp|Protect|p2b: Garchomp\n|-singleturn|p2b: Garchomp|Protect\n|move|p1b: Incineroar|Fake Out|p2a: Corviknight\n|-resisted|p2a: Corviknight|1\n|-damage|p2a: Corviknight|97/100\n|cant|p2a: Corviknight|flinch\n|\n|-heal|p2a: Corviknight|100/100|[from] item: Leftovers\n|-sideend|p2: Millercs|move: Tailwind\n|upkeep\n|turn|5\n|\n|t:|1776247546\n|switch|p2b: Talonflame|Talonflame, L50, F|1/100\n|switch|p2a: Glimmora|Glimmora-Mega, L50, M|100/100\n|detailschange|p1a: Floette|Floette-Mega, L50, F\n|-mega|p1a: Floette|Floette|Floettite\n|-ability|p1a: Floette|Fairy Aura\n|move|p1a: Floette|Calm Mind|p1a: Floette\n|-boost|p1a: Floette|spa|1\n|-boost|p1a: Floette|spd|1\n|move|p1b: Incineroar|Parting Shot|p2b: Talonflame\n|-unboost|p2b: Talonflame|atk|1\n|-unboost|p2b: Talonflame|spa|1\n|\n|t:|1776247563\n|switch|p1b: Palafin|Palafin-Hero, L50, M|88/100|[from] Parting Shot\n|-activate|p1b: Palafin|ability: Zero to Hero\n|\n|-sideend|p1: huhwehuwe|move: Tailwind\n|upkeep\n|turn|6\n|\n|t:|1776247593\n|switch|p1a: Incineroar|Incineroar, L50, M|100/100\n|-ability|p1a: Incineroar|Intimidate|boost\n|-unboost|p2a: Glimmora|atk|1\n|-unboost|p2b: Talonflame|atk|1\n|move|p2b: Talonflame|Protect|p2b: Talonflame\n|-singleturn|p2b: Talonflame|Protect\n|move|p2a: Glimmora|Spiky Shield|p2a: Glimmora\n|-singleturn|p2a: Glimmora|move: Protect\n|move|p1b: Palafin|Protect||[still]\n|-fail|p1b: Palafin\n|\n|upkeep\n|turn|7\n|\n|t:|1776247615\n|switch|p2b: Garchomp|Garchomp, L50, M|100/100\n|switch|p2a: Corviknight|Corviknight, L50, F|100/100\n|move|p1a: Incineroar|Fake Out|p2b: Garchomp\n|-damage|p2b: Garchomp|87/100\n|-damage|p1a: Incineroar|88/100|[from] ability: Rough Skin|[of] p2b: Garchomp\n|move|p1b: Palafin|Wave Crash|p2a: Corviknight\n|-damage|p2a: Corviknight|27/100\n|-damage|p1b: Palafin|64/100|[from] Recoil\n|\n|-heal|p2a: Corviknight|33/100|[from] item: Leftovers\n|upkeep\n|turn|8\n|\n|t:|1776247641\n|switch|p1a: Aerodactyl|Aerodactyl, L50, M|100/100\n|-ability|p1a: Aerodactyl|Unnerve\n|move|p2b: Garchomp|Stomping Tantrum|p1a: Aerodactyl\n|-immune|p1a: Aerodactyl\n|move|p1b: Palafin|Wave Crash|p2b: Garchomp\n|-damage|p2b: Garchomp|0 fnt\n|-damage|p1b: Palafin|52/100|[from] ability: Rough Skin|[of] p2b: Garchomp\n|faint|p2b: Garchomp\n|-damage|p1b: Palafin|27/100|[from] Recoil\n|move|p2a: Corviknight|Roost|p2a: Corviknight\n|-heal|p2a: Corviknight|83/100\n|-singleturn|p2a: Corviknight|move: Roost\n|\n|-heal|p2a: Corviknight|89/100|[from] item: Leftovers\n|upkeep\n|\n|t:|1776247663\n|switch|p2b: Talonflame|Talonflame, L50, F|1/100\n|turn|9\n|\n|t:|1776247685\n|move|p1b: Palafin|Protect|p1b: Palafin\n|-singleturn|p1b: Palafin|Protect\n|move|p1a: Aerodactyl|Rock Slide|p2a: Corviknight|[spread] p2a,p2b\n|-supereffective|p2b: Talonflame|2\n|-damage|p2a: Corviknight|70/100\n|-damage|p2b: Talonflame|0 fnt\n|faint|p2b: Talonflame\n|move|p2a: Corviknight|Body Press|p1b: Palafin\n|-activate|p1b: Palafin|move: Protect\n|\n|-heal|p2a: Corviknight|76/100|[from] item: Leftovers\n|upkeep\n|\n|t:|1776247697\n|switch|p2b: Glimmora|Glimmora-Mega, L50, M|100/100\n|turn|10\n|\n|t:|1776247728\n|switch|p1b: Floette|Floette-Mega, L50, F|100/100\n|-ability|p1b: Floette|Fairy Aura\n|move|p2b: Glimmora|Spiky Shield|p2b: Glimmora\n|-singleturn|p2b: Glimmora|move: Protect\n|move|p1a: Aerodactyl|Tailwind|p1a: Aerodactyl\n|-sidestart|p1: huhwehuwe|move: Tailwind\n|move|p2a: Corviknight|Iron Defense|p2a: Corviknight\n|-boost|p2a: Corviknight|def|2\n|\n|-heal|p2a: Corviknight|81/100|[from] item: Leftovers\n|upkeep\n|turn|11\n|\n|t:|1776247750\n|move|p1a: Aerodactyl|Wide Guard|p1a: Aerodactyl\n|-singleturn|p1a: Aerodactyl|Wide Guard\n|move|p1b: Floette|Moonblast|p2a: Corviknight\n|-resisted|p2a: Corviknight|1\n|-damage|p2a: Corviknight|56/100\n|move|p2b: Glimmora|Sludge Bomb|p1b: Floette\n|-supereffective|p1b: Floette|1\n|-damage|p1b: Floette|8/100\n|move|p2a: Corviknight|Body Press|p1a: Aerodactyl\n|-damage|p1a: Aerodactyl|32/100\n|\n|-heal|p2a: Corviknight|61/100|[from] item: Leftovers\n|upkeep\n|turn|12\n|\n|t:|1776247767\n|move|p2b: Glimmora|Spiky Shield|p2b: Glimmora\n|-singleturn|p2b: Glimmora|move: Protect\n|move|p1a: Aerodactyl|Rock Slide|p2b: Glimmora|[spread] p2a\n|-activate|p2b: Glimmora|move: Protect\n|-damage|p2a: Corviknight|51/100\n|move|p1b: Floette|Moonblast|p2b: Glimmora\n|-activate|p2b: Glimmora|move: Protect\n|move|p2a: Corviknight|Roost|p2a: Corviknight\n|-heal|p2a: Corviknight|100/100\n|-singleturn|p2a: Corviknight|move: Roost\n|\n|upkeep\n|turn|13\n|\n|t:|1776247792\n|move|p1a: Aerodactyl|Rock Slide|p2b: Glimmora|[spread] p2a,p2b\n|-damage|p2a: Corviknight|90/100\n|-damage|p2b: Glimmora|71/100\n|move|p1b: Floette|Moonblast|p2b: Glimmora\n|-resisted|p2b: Glimmora|1\n|-damage|p2b: Glimmora|23/100\n|cant|p2b: Glimmora|flinch\n|move|p2a: Corviknight|Body Press|p1a: Aerodactyl\n|-damage|p1a: Aerodactyl|0 fnt\n|faint|p1a: Aerodactyl\n|\n|-heal|p2a: Corviknight|96/100|[from] item: Leftovers\n|-sideend|p1: huhwehuwe|move: Tailwind\n|upkeep\n|\n|t:|1776247813\n|switch|p1a: Incineroar|Incineroar, L50, M|88/100\n|-ability|p1a: Incineroar|Intimidate|boost\n|-ability|p2a: Corviknight|Mirror Armor\n|-unboost|p1a: Incineroar|atk|1\n|-unboost|p2b: Glimmora|atk|1\n|turn|14\n|\n|t:|1776247826\n|move|p2b: Glimmora|Spiky Shield|p2b: Glimmora\n|-singleturn|p2b: Glimmora|move: Protect\n|move|p1a: Incineroar|Fake Out|p2b: Glimmora\n|-activate|p2b: Glimmora|move: Protect\n|-damage|p1a: Incineroar|76/100|[from] Spiky Shield|[of] p2b: Glimmora\n|move|p1b: Floette|Dazzling Gleam|p2a: Corviknight|[spread] p2a\n|-activate|p2b: Glimmora|move: Protect\n|-resisted|p2a: Corviknight|1\n|-damage|p2a: Corviknight|78/100\n|move|p2a: Corviknight|Body Press|p1a: Incineroar\n|-supereffective|p1a: Incineroar|1\n|-damage|p1a: Incineroar|0 fnt\n|faint|p1a: Incineroar\n|\n|-heal|p2a: Corviknight|84/100|[from] item: Leftovers\n|upkeep\n|\n|t:|1776247841\n|switch|p1a: Palafin|Palafin-Hero, L50, M|27/100\n|turn|15\n|\n|t:|1776247851\n|move|p2b: Glimmora|Sludge Bomb|p1b: Floette\n|-supereffective|p1b: Floette|1\n|-damage|p1b: Floette|0 fnt\n|faint|p1b: Floette\n|move|p1a: Palafin|Wave Crash|p2a: Corviknight\n|-damage|p2a: Corviknight|42/100\n|-damage|p1a: Palafin|14/100|[from] Recoil\n|move|p2a: Corviknight|Body Press|p1a: Palafin\n|-damage|p1a: Palafin|0 fnt\n|faint|p1a: Palafin\n|\n|win|Millercs\n|raw|huhwehuwe's rating: 1168 &rarr; <strong>1144</strong><br />(-24 for losing)\n|raw|Millercs's rating: 1178 &rarr; <strong>1202</strong><br />(+24 for winning)\n|c|\u2606huhwehuwe|gg\n",
  "uploadtime": 1776247866,
  "views": 37,
  "formatid": "gen9championsvgc2026regma",
  "rating": 1144,
  "private": 0,
  "password": null
}