{
  "id": "gen9championsvgc2026regma-2582448293",
  "format": "[Gen 9 Champions] VGC 2026 Reg M-A",
  "players": [
    "ghostyq8",
    "Mask4M"
  ],
  "log": "|j|\u2606ghostyq8\n|j|\u2606Mask4M\n|t:|1776092348\n|gametype|doubles\n|player|p1|ghostyq8|2|1137\n|player|p2|Mask4M|101|1156\n|gen|9\n|tier|[Gen 9 Champions] VGC 2026 Reg M-A\n|rated|\n|rule|Species Clause: Limit one of each Pok\u00e9mon\n|rule|Item Clause: Limit 1 of each item\n|clearpoke\n|poke|p1|Blastoise, L50, M|\n|poke|p1|Pelipper, L50, F|\n|poke|p1|Archaludon, L50, M|\n|poke|p1|Whimsicott, L50, M|\n|poke|p1|Incineroar, L50, F|\n|poke|p1|Sneasler, L50, F|\n|poke|p2|Glimmora, L50, F|\n|poke|p2|Meganium, L50, F|\n|poke|p2|Sneasler, L50, M|\n|poke|p2|Incineroar, L50, F|\n|poke|p2|Whimsicott, L50, F|\n|poke|p2|Gyarados, L50, F|\n|teampreview|4\n|inactive|Battle timer is ON: inactive players will automatically lose when time's up. (requested by ghostyq8)\nMask4M has agreed to open team sheets.\n|inactive|ghostyq8 has 60 seconds left.\n|inactive|Mask4M has 60 seconds left.\n|\n|t:|1776092392\n|teamsize|p1|4\n|teamsize|p2|4\n|start\n|switch|p1a: Sneasler|Sneasler, L50, F|100/100\n|switch|p1b: Pelipper|Pelipper, L50, F|100/100\n|switch|p2a: Sneasler|Sneasler, L50, M|100/100\n|switch|p2b: Whimsicott|Whimsicott, L50, F|100/100\n|-weather|RainDance|[from] ability: Drizzle|[of] p1b: Pelipper\n|turn|1\n|\n|t:|1776092409\n|move|p2a: Sneasler|Fake Out|p1b: Pelipper\n|-damage|p1b: Pelipper|85/100\n|move|p2b: Whimsicott|Tailwind|p2b: Whimsicott\n|-sidestart|p2: Mask4M|move: Tailwind\n|move|p1a: Sneasler|Acrobatics|p2a: Sneasler\n|-supereffective|p2a: Sneasler|1\n|-damage|p2a: Sneasler|0 fnt\n|faint|p2a: Sneasler\n|cant|p1b: Pelipper|flinch\n|\n|-weather|RainDance|[upkeep]\n|upkeep\n|\n|t:|1776092423\n|switch|p2a: Gyarados|Gyarados, L50, F|100/100\n|-ability|p2a: Gyarados|Intimidate|boost\n|-unboost|p1a: Sneasler|atk|1\n|-unboost|p1b: Pelipper|atk|1\n|turn|2\n|\n|t:|1776092439\n|move|p1a: Sneasler|Protect|p1a: Sneasler\n|-singleturn|p1a: Sneasler|Protect\n|move|p2b: Whimsicott|Sunny Day|p2b: Whimsicott\n|-weather|SunnyDay\n|move|p2a: Gyarados|Taunt|p1b: Pelipper\n|-start|p1b: Pelipper|move: Taunt\n|cant|p1b: Pelipper|move: Taunt|Tailwind\n|\n|-weather|SunnyDay|[upkeep]\n|upkeep\n|turn|3\n|inactive|Mask4M has 30 seconds left.\n|\n|t:|1776092470\n|switch|p1b: Incineroar|Incineroar, L50, F|100/100\n|-ability|p1b: Incineroar|Intimidate|boost\n|-unboost|p2a: Gyarados|atk|1\n|-unboost|p2b: Whimsicott|atk|1\n|move|p2b: Whimsicott|Moonblast|p1a: Sneasler\n|-damage|p1a: Sneasler|43/100\n|move|p2a: Gyarados|Waterfall|p1a: Sneasler\n|-damage|p1a: Sneasler|24/100\n|move|p1a: Sneasler|Dire Claw|p2b: Whimsicott\n|-supereffective|p2b: Whimsicott|2\n|-enditem|p2b: Whimsicott|Focus Sash\n|-damage|p2b: Whimsicott|1/100\n|-status|p2b: Whimsicott|psn|[from] ability: Poison Touch|[of] p1a: Sneasler\n|\n|-weather|SunnyDay|[upkeep]\n|-damage|p2b: Whimsicott|0 fnt|[from] psn\n|faint|p2b: Whimsicott\n|upkeep\n|\n|t:|1776092487\n|switch|p2b: Meganium|Meganium, L50, F|100/100\n|turn|4\n|\n|t:|1776092501\n|detailschange|p2b: Meganium|Meganium-Mega, L50, F\n|-mega|p2b: Meganium|Meganium|Meganiumite\n|move|p2a: Gyarados|Protect|p2a: Gyarados\n|-singleturn|p2a: Gyarados|Protect\n|move|p1a: Sneasler|Protect|p1a: Sneasler\n|-singleturn|p1a: Sneasler|Protect\n|move|p1b: Incineroar|Fake Out|p2a: Gyarados\n|-activate|p2a: Gyarados|move: Protect\n|move|p2b: Meganium|Dazzling Gleam|p1a: Sneasler|[spread] p1b\n|-activate|p1a: Sneasler|move: Protect\n|-damage|p1b: Incineroar|67/100\n|\n|-weather|SunnyDay|[upkeep]\n|-sideend|p2: Mask4M|move: Tailwind\n|upkeep\n|turn|5\n|\n|t:|1776092525\n|switch|p1a: Archaludon|Archaludon, L50, M|100/100\n|move|p2a: Gyarados|Helping Hand|p2b: Meganium\n|-singleturn|p2b: Meganium|Helping Hand|[of] p2a: Gyarados\n|move|p2b: Meganium|Dazzling Gleam|p1a: Archaludon|[spread] p1a,p1b\n|-damage|p1a: Archaludon|16/100\n|-damage|p1b: Incineroar|15/100\n|-enditem|p1b: Incineroar|Sitrus Berry|[eat]\n|-heal|p1b: Incineroar|40/100|[from] item: Sitrus Berry\n|move|p1b: Incineroar|Flare Blitz|p2b: Meganium\n|-supereffective|p2b: Meganium|1\n|-damage|p2b: Meganium|0 fnt\n|faint|p2b: Meganium\n|-damage|p1b: Incineroar|9/100|[from] Recoil\n|\n|-weather|SunnyDay|[upkeep]\n|upkeep\n|turn|6\n|-message|Mask4M forfeited.\n|\n|win|ghostyq8\n|raw|ghostyq8's rating: 1137 &rarr; <strong>1163</strong><br />(+26 for winning)\n|raw|Mask4M's rating: 1156 &rarr; <strong>1130</strong><br />(-26 for losing)\n",
  "uploadtime": 1776092544,
  "views": 19,
  "formatid": "gen9championsvgc2026regma",
  "rating": 1130,
  "private": 0,
  "password": null
}