{
  "id": "gen9championsvgc2026regma-2581327134",
  "format": "[Gen 9 Champions] VGC 2026 Reg M-A",
  "players": [
    "Tryanzg",
    "Karratti"
  ],
  "log": "|j|\u203dTryanzg\n|j|\u2606Karratti\n|t:|1775987132\n|gametype|doubles\n|player|p1|Tryanzg|265|1000\n|player|p2|Karratti|harlequin|1000\n|gen|9\n|tier|[Gen 9 Champions] VGC 2026 Reg M-A\n|rated|\n|rule|Species Clause: Limit one of each Pok\u00e9mon\n|rule|Item Clause: Limit 1 of each item\n|clearpoke\n|poke|p1|Feraligatr, L50, M|\n|poke|p1|Skeledirge, L50, M|\n|poke|p1|Ditto, L50|\n|poke|p1|Glimmora, L50, M|\n|poke|p1|Quaquaval, L50, M|\n|poke|p1|Goodra-Hisui, L50, M|\n|poke|p2|Aerodactyl, L50, F|\n|poke|p2|Ninetales-Alola, L50, F|\n|poke|p2|Zoroark-Hisui, L50, M|\n|poke|p2|Arcanine, L50, M|\n|poke|p2|Ditto, L50|\n|poke|p2|Whimsicott, L50, F|\n|teampreview|4\n|inactive|Battle timer is ON: inactive players will automatically lose when time's up. (requested by Tryanzg)\n|inactive|Tryanzg has 60 seconds left.\n|inactive|Karratti has 60 seconds left.\n|\n|t:|1775987173\n|teamsize|p1|4\n|teamsize|p2|4\n|start\n|switch|p1a: Feraligatr|Feraligatr, L50, M, shiny|100/100\n|switch|p1b: Skeledirge|Skeledirge, L50, M, shiny|100/100\n|switch|p2a: Ninetales|Ninetales-Alola, L50, F, shiny|100/100\n|switch|p2b: Whimsicott|Whimsicott, L50, F|100/100\n|-weather|Snowscape|[from] ability: Snow Warning|[of] p2a: Ninetales\n|turn|1\n|inactive|Tryanzg has 30 seconds left.\n|\n|t:|1775987200\n|detailschange|p1a: Feraligatr|Feraligatr-Mega, L50, M, shiny\n|-mega|p1a: Feraligatr|Feraligatr|Feraligite\n|move|p2a: Ninetales|Aurora Veil|p2a: Ninetales\n|-sidestart|p2: Karratti|move: Aurora Veil\n|move|p2b: Whimsicott|Nasty Plot|p2b: Whimsicott\n|-boost|p2b: Whimsicott|spa|2\n|move|p1a: Feraligatr|Liquidation|p2a: Ninetales\n|-damage|p2a: Ninetales|63/100\n|move|p1b: Skeledirge|Torch Song|p2b: Whimsicott\n|-damage|p2b: Whimsicott|65/100\n|-boost|p1b: Skeledirge|spa|1\n|replace|p2b: Zoroark|Zoroark-Hisui, L50, M, shiny\n|-end|p2b: Zoroark|Illusion\n|\n|-weather|Snowscape|[upkeep]\n|upkeep\n|turn|2\n|inactive|Tryanzg has 30 seconds left.\n|\n|t:|1775987227\n|switch|p1b: Goodra|Goodra-Hisui, L50, M, shiny|100/100\n|move|p2a: Ninetales|Dazzling Gleam|p1a: Feraligatr|[spread] p1a,p1b\n|-supereffective|p1a: Feraligatr|1\n|-crit|p1a: Feraligatr\n|-damage|p1a: Feraligatr|23/100\n|-damage|p1b: Goodra|82/100\n|move|p2b: Zoroark|Shadow Ball|p1b: Goodra\n|-damage|p1b: Goodra|28/100\n|move|p1a: Feraligatr|Dragon Dance|p1a: Feraligatr\n|-boost|p1a: Feraligatr|atk|1\n|-boost|p1a: Feraligatr|spe|1\n|\n|-weather|Snowscape|[upkeep]\n|upkeep\n|turn|3\n|inactive|Tryanzg has 30 seconds left.\n|\n|t:|1775987254\n|move|p1a: Feraligatr|Body Slam|p2b: Zoroark\n|-damage|p2b: Zoroark|0 fnt\n|faint|p2b: Zoroark\n|move|p2a: Ninetales|Dazzling Gleam|p1b: Goodra|[spread] p1a,p1b\n|-supereffective|p1a: Feraligatr|1\n|-damage|p1a: Feraligatr|0 fnt\n|-damage|p1b: Goodra|11/100\n|faint|p1a: Feraligatr\n|move|p1b: Goodra|Iron Head|p2a: Ninetales\n|-supereffective|p2a: Ninetales|2\n|-damage|p2a: Ninetales|0 fnt\n|faint|p2a: Ninetales\n|\n|-weather|Snowscape|[upkeep]\n|upkeep\n|\n|t:|1775987268\n|switch|p2a: Aerodactyl|Aerodactyl, L50, F, shiny|100/100\n|switch|p2b: Whimsicott|Whimsicott, L50, F|100/100\n|switch|p1a: Quaquaval|Quaquaval, L50, M|100/100\n|turn|4\n|\n|t:|1775987288\n|detailschange|p2a: Aerodactyl|Aerodactyl-Mega, L50, F, shiny\n|-mega|p2a: Aerodactyl|Aerodactyl|Aerodactylite\n|move|p2a: Aerodactyl|Dual Wingbeat|p1a: Quaquaval\n|-supereffective|p1a: Quaquaval|1\n|-damage|p1a: Quaquaval|33/100\n|-supereffective|p1a: Quaquaval|1\n|-damage|p1a: Quaquaval|0 fnt\n|faint|p1a: Quaquaval\n|-hitcount|p1: Quaquaval|2\n|move|p2b: Whimsicott|Moonblast|p1b: Goodra\n|-damage|p1b: Goodra|0 fnt\n|faint|p1b: Goodra\n|\n|-weather|Snowscape|[upkeep]\n|upkeep\n|\n|t:|1775987309\n|switch|p1b: Skeledirge|Skeledirge, L50, M, shiny|100/100\n|turn|5\n|\n|t:|1775987320\n|move|p2b: Whimsicott|Protect|p2b: Whimsicott\n|-singleturn|p2b: Whimsicott|Protect\n|move|p2a: Aerodactyl|Rock Slide|p1b: Skeledirge\n|-supereffective|p1b: Skeledirge|1\n|-damage|p1b: Skeledirge|51/100\n|move|p1b: Skeledirge|Torch Song|p2b: Whimsicott\n|-activate|p2b: Whimsicott|move: Protect\n|\n|-weather|none\n|-heal|p1b: Skeledirge|57/100|[from] item: Leftovers\n|-sideend|p2: Karratti|move: Aurora Veil\n|upkeep\n|turn|6\n|-message|Tryanzg forfeited.\n|\n|win|Karratti\n|raw|Tryanzg's rating: 1000 &rarr; <strong>1000</strong><br />(+0 for losing)\n|raw|Karratti's rating: 1000 &rarr; <strong>1040</strong><br />(+40 for winning)\n|l|\u203dTryanzg\n|player|p1|\n",
  "uploadtime": 1775987333,
  "views": 28,
  "formatid": "gen9championsvgc2026regma",
  "rating": 1000,
  "private": 0,
  "password": null
}