{
  "id": "gen9championsvgc2026regma-2587248208",
  "format": "[Gen 9 Champions] VGC 2026 Reg M-A",
  "players": [
    "EsqciMinhaSenha2",
    "Calybar"
  ],
  "log": "|j|\u2606EsqciMinhaSenha2\n|j|\u2606Calybar\n|t:|1776514165\n|gametype|doubles\n|player|p1|EsqciMinhaSenha2|swimmer|1000\n|player|p2|Calybar|grimsley|1048\n|gen|9\n|tier|[Gen 9 Champions] VGC 2026 Reg M-A\n|rated|\n|rule|Species Clause: Limit one of each Pok\u00e9mon\n|rule|Item Clause: Limit 1 of each item\n|clearpoke\n|poke|p1|Torkoal, L50, F|\n|poke|p1|Chandelure, L50, F|\n|poke|p1|Sneasler, L50, F|\n|poke|p1|Victreebel, L50, M|\n|poke|p1|Gliscor, L50, F|\n|poke|p1|Rotom-Wash, L50|\n|poke|p2|Raichu-Alola, L50, M|\n|poke|p2|Gengar, L50, F, shiny|\n|poke|p2|Talonflame, L50, M|\n|poke|p2|Incineroar, L50, M|\n|poke|p2|Kangaskhan, L50, F|\n|poke|p2|Sinistcha, L50|\n|teampreview|4\n|inactive|Battle timer is ON: inactive players will automatically lose when time's up. (requested by Calybar)\n|inactive|EsqciMinhaSenha2 has 60 seconds left.\n|\n|t:|1776514245\n|teamsize|p1|4\n|teamsize|p2|4\n|start\n|switch|p1a: Torkoal|Torkoal, L50, F|100/100\n|switch|p1b: Victreebel|Victreebel, L50, M|100/100\n|switch|p2a: Talonflame|Talonflame, L50, M|100/100\n|switch|p2b: Kangaskhan|Kangaskhan, L50, F|100/100\n|-weather|SunnyDay|[from] ability: Drought|[of] p1a: Torkoal\n|turn|1\n|inactive|Calybar has 30 seconds left.\n|\n|t:|1776514279\n|detailschange|p1b: Victreebel|Victreebel-Mega, L50, M\n|-mega|p1b: Victreebel|Victreebel|Victreebelite\n|move|p2b: Kangaskhan|Fake Out|p1a: Torkoal\n|-crit|p1a: Torkoal\n|-damage|p1a: Torkoal|78/100\n|move|p2a: Talonflame|Brave Bird|p1b: Victreebel\n|-supereffective|p1b: Victreebel|1\n|-damage|p1b: Victreebel|13/100\n|-damage|p2a: Talonflame|67/100|[from] Recoil\n|move|p1b: Victreebel|Strength Sap|p2b: Kangaskhan\n|-unboost|p2b: Kangaskhan|atk|1\n|-heal|p1b: Victreebel|99/100\n|cant|p1a: Torkoal|flinch\n|\n|-weather|SunnyDay|[upkeep]\n|upkeep\n|turn|2\n|inactive|EsqciMinhaSenha2 has 30 seconds left.\n|inactive|Calybar has 30 seconds left.\n|\n|t:|1776514308\n|detailschange|p2b: Kangaskhan|Kangaskhan-Mega, L50, F\n|-mega|p2b: Kangaskhan|Kangaskhan|Kangaskhanite\n|move|p2a: Talonflame|Brave Bird|p1a: Torkoal\n|-damage|p1a: Torkoal|49/100\n|-enditem|p1a: Torkoal|Sitrus Berry|[eat]\n|-heal|p1a: Torkoal|74/100|[from] item: Sitrus Berry\n|-damage|p2a: Talonflame|56/100|[from] Recoil\n|move|p2b: Kangaskhan|Double-Edge|p1a: Torkoal\n|-damage|p1a: Torkoal|40/100\n|-damage|p1a: Torkoal|33/100\n|-hitcount|p1a: Torkoal|2\n|-damage|p2b: Kangaskhan|88/100|[from] Recoil\n|move|p1b: Victreebel|Strength Sap|p2a: Talonflame\n|-unboost|p2a: Talonflame|atk|1\n|-heal|p1b: Victreebel|100/100\n|move|p1a: Torkoal|Eruption|p2a: Talonflame|[spread] p2a,p2b\n|-resisted|p2a: Talonflame|1\n|-damage|p2a: Talonflame|46/100\n|-damage|p2b: Kangaskhan|73/100\n|\n|-weather|SunnyDay|[upkeep]\n|upkeep\n|turn|3\n|inactive|EsqciMinhaSenha2 has 30 seconds left.\n|inactive|EsqciMinhaSenha2 has 20 seconds left.\n|\n|t:|1776514350\n|move|p2a: Talonflame|Flare Blitz|p1b: Victreebel\n|-supereffective|p1b: Victreebel|1\n|-damage|p1b: Victreebel|11/100\n|-damage|p2a: Talonflame|12/100|[from] Recoil\n|move|p2b: Kangaskhan|Drain Punch|p1a: Torkoal\n|-damage|p1a: Torkoal|18/100\n|-heal|p2b: Kangaskhan|80/100|[from] drain|[of] p1a: Torkoal\n|-damage|p1a: Torkoal|14/100\n|-heal|p2b: Kangaskhan|82/100|[from] drain|[of] p1a: Torkoal\n|-hitcount|p1a: Torkoal|2\n|move|p1b: Victreebel|Sludge Wave|p2a: Talonflame|[spread] p1a,p2a,p2b\n|-crit|p2a: Talonflame\n|-damage|p1a: Torkoal|0 fnt\n|-damage|p2a: Talonflame|0 fnt\n|-damage|p2b: Kangaskhan|45/100\n|faint|p1a: Torkoal\n|faint|p2a: Talonflame\n|\n|-weather|SunnyDay|[upkeep]\n|upkeep\n|inactive|EsqciMinhaSenha2 has 30 seconds left.\n|\n|t:|1776514377\n|switch|p2a: Sinistcha|Sinistcha, L50|100/100\n|switch|p1a: Sneasler|Sneasler, L50, F|100/100\n|-heal|p2b: Kangaskhan|70/100|[from] ability: Hospitality|[of] p2a: Sinistcha\n|turn|4\n|inactive|EsqciMinhaSenha2 has 30 seconds left.\n|inactive|Calybar has 30 seconds left.\n|inactive|Calybar has 20 seconds left.\n|inactive|Calybar has 15 seconds left.\n|\n|t:|1776514418\n|move|p2a: Sinistcha|Rage Powder|p2a: Sinistcha\n|-singleturn|p2a: Sinistcha|move: Rage Powder\n|move|p2b: Kangaskhan|Sucker Punch|p1b: Victreebel\n|-damage|p1b: Victreebel|0 fnt\n|-damage|p2b: Kangaskhan|61/100|[from] ability: Innards Out|[of] p1b: Victreebel\n|faint|p1b: Victreebel\n|-hitcount|p1: Victreebel|1\n|move|p1a: Sneasler|Throat Chop|p2a: Sinistcha\n|-supereffective|p2a: Sinistcha|1\n|-damage|p2a: Sinistcha|56/100\n|-start|p2a: Sinistcha|Throat Chop|[silent]\n|\n|-weather|SunnyDay|[upkeep]\n|upkeep\n|\n|t:|1776514431\n|switch|p1b: Gliscor|Gliscor, L50, F|100/100\n|turn|5\n|inactive|EsqciMinhaSenha2 has 30 seconds left.\n|inactive|Calybar has 30 seconds left.\n|inactive|EsqciMinhaSenha2 has 20 seconds left.\n|inactive|EsqciMinhaSenha2 has 15 seconds left.\n|\n|t:|1776514473\n|switch|p2b: Gengar|Gengar, L50, F, shiny|100/100\n|move|p1a: Sneasler|Protect|p1a: Sneasler\n|-singleturn|p1a: Sneasler|Protect\n|move|p1b: Gliscor|Earthquake|p2b: Gengar|[spread] p2a,p2b\n|-activate|p1a: Sneasler|move: Protect\n|-resisted|p2a: Sinistcha|1\n|-supereffective|p2b: Gengar|1\n|-damage|p2a: Sinistcha|44/100\n|-damage|p2b: Gengar|15/100\n|-enditem|p2a: Sinistcha|Sitrus Berry|[eat]\n|-heal|p2a: Sinistcha|69/100|[from] item: Sitrus Berry\n|move|p2a: Sinistcha|Trick Room|p2a: Sinistcha\n|-fieldstart|move: Trick Room|[of] p2a: Sinistcha\n|\n|-weather|none\n|-end|p2a: Sinistcha|Throat Chop|[silent]\n|upkeep\n|turn|6\n|inactive|EsqciMinhaSenha2 has 30 seconds left.\n|inactive|EsqciMinhaSenha2 has 20 seconds left.\n|inactive|EsqciMinhaSenha2 has 15 seconds left.\n|\n|t:|1776514516\n|move|p2b: Gengar|Protect|p2b: Gengar\n|-singleturn|p2b: Gengar|Protect\n|move|p2a: Sinistcha|Life Dew|p2a: Sinistcha|[spread] p2a,p2b\n|-heal|p2a: Sinistcha|94/100\n|-heal|p2b: Gengar|39/100\n|move|p1b: Gliscor|Earthquake|p2b: Gengar|[spread] p1a,p2a\n|-activate|p2b: Gengar|move: Protect\n|-supereffective|p1a: Sneasler|1\n|-resisted|p2a: Sinistcha|1\n|-damage|p1a: Sneasler|15/100\n|-damage|p2a: Sinistcha|83/100\n|move|p1a: Sneasler|Dire Claw|p2a: Sinistcha\n|-damage|p2a: Sinistcha|49/100\n|-status|p2a: Sinistcha|psn\n|\n|-damage|p2a: Sinistcha|36/100 psn|[from] psn\n|upkeep\n|turn|7\n|inactive|EsqciMinhaSenha2 has 30 seconds left.\n|inactive|Calybar has 30 seconds left.\n|inactive|EsqciMinhaSenha2 has 20 seconds left.\n|\n|t:|1776514554\n|move|p1a: Sneasler|Protect|p1a: Sneasler\n|-singleturn|p1a: Sneasler|Protect\n|move|p2a: Sinistcha|Matcha Gotcha|p1b: Gliscor|[spread] p1b\n|-activate|p1a: Sneasler|move: Protect\n|-damage|p1b: Gliscor|79/100\n|-heal|p2a: Sinistcha|48/100 psn|[from] drain|[of] p1b: Gliscor\n|move|p1b: Gliscor|Knock Off|p2b: Gengar\n|-supereffective|p2b: Gengar|1\n|-damage|p2b: Gengar|0 fnt\n|faint|p2b: Gengar\n|\n|-heal|p1b: Gliscor|85/100|[from] item: Leftovers\n|-damage|p2a: Sinistcha|35/100 psn|[from] psn\n|upkeep\n|l|\u2606Calybar\n|inactive|Calybar disconnected and has a minute to reconnect!\n|player|p2|\n|inactive|Calybar has 30 seconds left.\n|inactive|Calybar has 20 seconds left.\n|inactive|Calybar has 15 seconds left.\n|inactive|Calybar has 10 seconds left.\n|inactive|Calybar has 5 seconds left.\n|-message|Calybar lost due to inactivity.\n|\n|win|EsqciMinhaSenha2\n|raw|EsqciMinhaSenha2's rating: 1000 &rarr; <strong>1045</strong><br />(+45 for winning)\n|raw|Calybar's rating: 1048 &rarr; <strong>1028</strong><br />(-20 for losing)\n|j|\u2606Calybar\n|player|p2|Calybar|grimsley|\n|l|\u2606Calybar\n|player|p2|\n|j|\u2606Calybar\n|player|p2|Calybar|grimsley|\n|l|\u2606Calybar\n|player|p2|\n",
  "uploadtime": 1776514654,
  "views": 16,
  "formatid": "gen9championsvgc2026regma",
  "rating": 1028,
  "private": 0,
  "password": null
}