{
  "id": "gen9championsvgc2026regma-2584764723",
  "format": "[Gen 9 Champions] VGC 2026 Reg M-A",
  "players": [
    "BxnnyBride",
    "Ploominator"
  ],
  "log": "|j|\u2606BxnnyBride\n|j|\u2606Ploominator\n|t:|1776282035\n|gametype|doubles\n|player|p1|BxnnyBride|1|1030\n|player|p2|Ploominator|guitarist|1062\n|gen|9\n|tier|[Gen 9 Champions] VGC 2026 Reg M-A\n|rated|\n|rule|Species Clause: Limit one of each Pok\u00e9mon\n|rule|Item Clause: Limit 1 of each item\n|clearpoke\n|poke|p1|Lopunny, L50, F|\n|poke|p1|Tinkaton, L50, F|\n|poke|p1|Dragonite, L50, M|\n|poke|p1|Goodra, L50, F|\n|poke|p1|Aurorus, L50, F|\n|poke|p1|Samurott-Hisui, L50, M|\n|poke|p2|Lucario, L50, M|\n|poke|p2|Raichu, L50, M|\n|poke|p2|Delphox, L50, F|\n|poke|p2|Aerodactyl, L50, F|\n|poke|p2|Sinistcha, L50|\n|poke|p2|Palafin, L50, M|\n|teampreview|4\n|\n|t:|1776282054\n|teamsize|p1|4\n|teamsize|p2|4\n|start\n|switch|p1a: Lopunny|Lopunny, L50, F|100/100\n|switch|p1b: Tinkaton|Tinkaton, L50, F|100/100\n|switch|p2a: Aerodactyl|Aerodactyl, L50, F|100/100\n|switch|p2b: Palafin|Palafin, L50, M|100/100\n|-ability|p2a: Aerodactyl|Unnerve\n|turn|1\n|\n|t:|1776282080\n|move|p1a: Lopunny|Fake Out|p2b: Palafin\n|-damage|p2b: Palafin|78/100\n|move|p2a: Aerodactyl|Tailwind|p2a: Aerodactyl\n|-sidestart|p2: Ploominator|move: Tailwind\n|cant|p2b: Palafin|flinch\n|move|p1b: Tinkaton|Thunder Wave|p2a: Aerodactyl\n|-status|p2a: Aerodactyl|par\n|\n|upkeep\n|turn|2\n|\n|t:|1776282098\n|move|p2b: Palafin|Flip Turn|p1a: Lopunny\n|-damage|p1a: Lopunny|65/100\n|-start|p2b: Palafin|Attract|[from] ability: Cute Charm|[of] p1a: Lopunny\n|\n|t:|1776282103\n|detailschange|p2b: Palafin|Palafin-Hero, L50, M\n|switch|p2b: Lucario|Lucario, L50, M|100/100|[from] Flip Turn\n|move|p2a: Aerodactyl|Rock Slide|p1a: Lopunny|[spread] p1a\n|-miss|p2a: Aerodactyl|p1b: Tinkaton\n|-damage|p1a: Lopunny|33/100\n|move|p1b: Tinkaton|Thunder Wave|p2b: Lucario\n|-status|p2b: Lucario|par\n|move|p1a: Lopunny|Teeter Dance|p2a: Aerodactyl|[spread] p1b,p2a,p2b\n|-immune|p1b: Tinkaton|confusion|[from] ability: Own Tempo\n|-start|p2a: Aerodactyl|confusion\n|-start|p2b: Lucario|confusion\n|\n|upkeep\n|turn|3\n|\n|t:|1776282126\n|-activate|p2b: Lucario|confusion\n|-damage|p2b: Lucario|86/100 par|[from] confusion\n|-activate|p2a: Aerodactyl|confusion\n|move|p2a: Aerodactyl|Dual Wingbeat|p1a: Lopunny\n|-damage|p1a: Lopunny|10/100\n|-damage|p1a: Lopunny|0 fnt\n|faint|p1a: Lopunny\n|-hitcount|p1: Lopunny|2\n|move|p1b: Tinkaton|Gigaton Hammer|p2a: Aerodactyl\n|-supereffective|p2a: Aerodactyl|1\n|-enditem|p2a: Aerodactyl|Focus Sash\n|-damage|p2a: Aerodactyl|1/100 par\n|\n|upkeep\n|\n|t:|1776282142\n|switch|p1a: Goodra|Goodra, L50, F|100/100\n|turn|4\n|\n|t:|1776282155\n|detailschange|p2b: Lucario|Lucario-Mega, L50, M\n|-mega|p2b: Lucario|Lucario|Lucarionite\n|-activate|p2a: Aerodactyl|confusion\n|-damage|p2a: Aerodactyl|0 fnt|[from] confusion\n|faint|p2a: Aerodactyl\n|-activate|p2b: Lucario|confusion\n|move|p2b: Lucario|Aura Sphere|p1b: Tinkaton\n|-damage|p1b: Tinkaton|29/100\n|move|p1b: Tinkaton|Knock Off|p2b: Lucario\n|-resisted|p2b: Lucario|1\n|-damage|p2b: Lucario|75/100 par\n|-heal|p1b: Tinkaton|30/100|[from] item: Shell Bell|[of] p2b: Lucario\n|move|p1a: Goodra|Rock Slide|p2b: Lucario\n|-resisted|p2b: Lucario|2\n|-damage|p2b: Lucario|67/100 par\n|\n|-sideend|p2: Ploominator|move: Tailwind\n|upkeep\n|\n|t:|1776282171\n|switch|p2a: Delphox|Delphox, L50, F|100/100\n|turn|5\n|\n|t:|1776282197\n|move|p1a: Goodra|Protect|p1a: Goodra\n|-singleturn|p1a: Goodra|Protect\n|move|p1b: Tinkaton|Thunder Wave|p2a: Delphox\n|-status|p2a: Delphox|par\n|-activate|p2b: Lucario|confusion\n|-damage|p2b: Lucario|51/100 par|[from] confusion\n|move|p2a: Delphox|Heat Wave|p1a: Goodra|[spread] p1b\n|-activate|p1a: Goodra|move: Protect\n|-supereffective|p1b: Tinkaton|1\n|-damage|p1b: Tinkaton|0 fnt\n|faint|p1b: Tinkaton\n|\n|upkeep\n|\n|t:|1776282209\n|switch|p1b: Dragonite|Dragonite, L50, M, shiny|100/100\n|turn|6\n|\n|t:|1776282225\n|detailschange|p1b: Dragonite|Dragonite-Mega, L50, M, shiny\n|-mega|p1b: Dragonite|Dragonite|Dragoninite\n|move|p1b: Dragonite|Rock Slide|p2a: Delphox|[spread] p2b\n|-miss|p1b: Dragonite|p2a: Delphox\n|-resisted|p2b: Lucario|2\n|-damage|p2b: Lucario|44/100 par\n|move|p1a: Goodra|Superpower|p2b: Lucario\n|-supereffective|p2b: Lucario|1\n|-damage|p2b: Lucario|0 fnt\n|-unboost|p1a: Goodra|atk|1\n|-unboost|p1a: Goodra|def|1\n|faint|p2b: Lucario\n|move|p2a: Delphox|Dazzling Gleam|p1b: Dragonite|[spread] p1a,p1b\n|-supereffective|p1a: Goodra|1\n|-supereffective|p1b: Dragonite|1\n|-damage|p1a: Goodra|71/100\n|-damage|p1b: Dragonite|85/100\n|\n|-heal|p1a: Goodra|77/100|[from] item: Leftovers\n|upkeep\n|\n|t:|1776282243\n|switch|p2b: Palafin|Palafin-Hero, L50, M|78/100\n|-activate|p2b: Palafin|ability: Zero to Hero\n|turn|7\n|\n|t:|1776282278\n|move|p2b: Palafin|Close Combat|p1a: Goodra\n|-damage|p1a: Goodra|0 fnt\n|-unboost|p2b: Palafin|def|1\n|-unboost|p2b: Palafin|spd|1\n|-ability|p1a: Goodra|Gooey\n|-unboost|p2b: Palafin|spe|1\n|faint|p1a: Goodra\n|move|p1b: Dragonite|Thunder Wave|p2b: Palafin\n|-status|p2b: Palafin|par\n|move|p2a: Delphox|Dazzling Gleam|p1b: Dragonite\n|-supereffective|p1b: Dragonite|1\n|-damage|p1b: Dragonite|42/100\n|\n|upkeep\n|turn|8\n|\n|t:|1776282296\n|cant|p2b: Palafin|par\n|move|p1b: Dragonite|Rock Slide|p2b: Palafin|[spread] p2a,p2b\n|-supereffective|p2a: Delphox|1\n|-damage|p2a: Delphox|54/100 par\n|-damage|p2b: Palafin|48/100 par\n|cant|p2a: Delphox|flinch\n|\n|upkeep\n|turn|9\n|\n|t:|1776282308\n|move|p1b: Dragonite|Protect|p1b: Dragonite\n|-singleturn|p1b: Dragonite|Protect\n|move|p2b: Palafin|Jet Punch|p1b: Dragonite\n|-activate|p1b: Dragonite|move: Protect\n|cant|p2a: Delphox|par\n|\n|upkeep\n|turn|10\n|\n|t:|1776282318\n|cant|p2b: Palafin|par\n|move|p1b: Dragonite|Rock Slide|p2b: Palafin|[spread] p2a,p2b\n|-supereffective|p2a: Delphox|1\n|-damage|p2a: Delphox|6/100 par\n|-damage|p2b: Palafin|15/100 par\n|cant|p2a: Delphox|flinch\n|\n|upkeep\n|turn|11\n|\n|t:|1776282340\n|move|p2a: Delphox|Protect|p2a: Delphox\n|-singleturn|p2a: Delphox|Protect\n|move|p1b: Dragonite|Rock Slide|p2b: Palafin|[spread] p2b\n|-activate|p2a: Delphox|move: Protect\n|-damage|p2b: Palafin|0 fnt\n|faint|p2b: Palafin\n|\n|upkeep\n|turn|12\n|\n|t:|1776282351\n|move|p1b: Dragonite|Rock Slide|p2a: Delphox\n|-supereffective|p2a: Delphox|1\n|-damage|p2a: Delphox|0 fnt\n|faint|p2a: Delphox\n|\n|win|BxnnyBride\n|raw|BxnnyBride's rating: 1030 &rarr; <strong>1069</strong><br />(+39 for winning)\n|raw|Ploominator's rating: 1062 &rarr; <strong>1041</strong><br />(-21 for losing)\n",
  "uploadtime": 1776282358,
  "views": 33,
  "formatid": "gen9championsvgc2026regma",
  "rating": 1041,
  "private": 0,
  "password": null
}