{
  "id": "gen9championsvgc2026regma-2582496236",
  "format": "[Gen 9 Champions] VGC 2026 Reg M-A",
  "players": [
    "gengarhaunt",
    "Isidino"
  ],
  "log": "|j|\u2606gengarhaunt\n|j|\u2606Isidino\n|t:|1776095398\n|gametype|doubles\n|player|p1|gengarhaunt|red|1101\n|player|p2|Isidino|102|1117\n|gen|9\n|tier|[Gen 9 Champions] VGC 2026 Reg M-A\n|rated|\n|rule|Species Clause: Limit one of each Pok\u00e9mon\n|rule|Item Clause: Limit 1 of each item\n|clearpoke\n|poke|p1|Charizard, L50, M|\n|poke|p1|Incineroar, L50, M|\n|poke|p1|Sneasler, L50, F|\n|poke|p1|Milotic, L50, F|\n|poke|p1|Sinistcha, L50|\n|poke|p1|Whimsicott, L50, F|\n|poke|p2|Charizard, L50, M|\n|poke|p2|Whimsicott, L50, F|\n|poke|p2|Venusaur, L50, F|\n|poke|p2|Dragonite, L50, M|\n|poke|p2|Sneasler, L50, M|\n|poke|p2|Torkoal, L50, F|\n|teampreview|4\n|inactive|Battle timer is ON: inactive players will automatically lose when time's up. (requested by Isidino)\ngengarhaunt rejected open team sheets.\n|inactive|Isidino has 60 seconds left.\n|\n|t:|1776095441\n|teamsize|p1|4\n|teamsize|p2|4\n|start\n|switch|p1a: Milotic|Milotic, L50, F, shiny|100/100\n|switch|p1b: Sneasler|Sneasler, L50, F|100/100\n|switch|p2a: Sneasler|Sneasler, L50, M|100/100\n|switch|p2b: Whimsicott|Whimsicott, L50, F, shiny|100/100\n|turn|1\n|\n|t:|1776095458\n|move|p1b: Sneasler|Fake Out|p2a: Sneasler\n|-damage|p2a: Sneasler|77/100\n|cant|p2a: Sneasler|flinch\n|move|p2b: Whimsicott|Tailwind|p2b: Whimsicott\n|-sidestart|p2: Isidino|move: Tailwind\n|move|p1a: Milotic|Icy Wind|p2a: Sneasler|[spread] p2a,p2b\n|-supereffective|p2b: Whimsicott|1\n|-damage|p2a: Sneasler|62/100\n|-damage|p2b: Whimsicott|63/100\n|-unboost|p2a: Sneasler|spe|1\n|-unboost|p2b: Whimsicott|spe|1\n|-enditem|p2a: Sneasler|White Herb\n|-clearnegativeboost|p2a: Sneasler|[silent]\n|\n|upkeep\n|turn|2\n|\n|t:|1776095471\n|move|p2b: Whimsicott|Encore|p1b: Sneasler\n|-start|p1b: Sneasler|Encore\n|move|p1b: Sneasler|Fake Out||[still]\n|-hint|Fake Out only works on your first turn out.\n|-fail|p1b: Sneasler\n|move|p2a: Sneasler|Close Combat|p1a: Milotic\n|-crit|p1a: Milotic\n|-damage|p1a: Milotic|20/100\n|-unboost|p2a: Sneasler|def|1\n|-unboost|p2a: Sneasler|spd|1\n|move|p1a: Milotic|Icy Wind|p2b: Whimsicott|[spread] p2a,p2b\n|-supereffective|p2b: Whimsicott|1\n|-damage|p2a: Sneasler|39/100\n|-damage|p2b: Whimsicott|26/100\n|-unboost|p2a: Sneasler|spe|1\n|-unboost|p2b: Whimsicott|spe|1\n|\n|-heal|p1a: Milotic|26/100|[from] item: Leftovers\n|upkeep\n|turn|3\n|\n|t:|1776095490\n|switch|p1b: Incineroar|Incineroar, L50, M, shiny|100/100\n|-ability|p1b: Incineroar|Intimidate|boost\n|-unboost|p2a: Sneasler|atk|1\n|-unboost|p2b: Whimsicott|atk|1\n|move|p1a: Milotic|Protect|p1a: Milotic\n|-singleturn|p1a: Milotic|Protect\n|move|p2a: Sneasler|Dire Claw|p1a: Milotic\n|-activate|p1a: Milotic|move: Protect\n|move|p2b: Whimsicott|Moonblast|p1b: Incineroar\n|-damage|p1b: Incineroar|66/100\n|-unboost|p1b: Incineroar|spa|1\n|\n|-heal|p1a: Milotic|32/100|[from] item: Leftovers\n|upkeep\n|turn|4\n|\n|t:|1776095506\n|move|p1b: Incineroar|Fake Out|p2a: Sneasler\n|-damage|p2a: Sneasler|7/100\n|cant|p2a: Sneasler|flinch\n|move|p2b: Whimsicott|Moonblast|p1a: Milotic\n|-damage|p1a: Milotic|6/100\n|move|p1a: Milotic|Recover|p1a: Milotic\n|-heal|p1a: Milotic|56/100\n|\n|-heal|p1a: Milotic|62/100|[from] item: Leftovers\n|-sideend|p2: Isidino|move: Tailwind\n|upkeep\n|turn|5\n|\n|t:|1776095519\n|switch|p1b: Sneasler|Sneasler, L50, F|100/100\n|move|p1a: Milotic|Protect|p1a: Milotic\n|-singleturn|p1a: Milotic|Protect\n|move|p2b: Whimsicott|Tailwind|p2b: Whimsicott\n|-sidestart|p2: Isidino|move: Tailwind\n|move|p2a: Sneasler|Close Combat|p1b: Sneasler\n|-resisted|p1b: Sneasler|1\n|-damage|p1b: Sneasler|62/100\n|-unboost|p2a: Sneasler|def|1\n|-unboost|p2a: Sneasler|spd|1\n|\n|-heal|p1a: Milotic|68/100|[from] item: Leftovers\n|upkeep\n|turn|6\n|\n|t:|1776095535\n|switch|p2a: Charizard|Charizard, L50, M, shiny|100/100\n|move|p1b: Sneasler|Fake Out|p2a: Charizard\n|-damage|p2a: Charizard|80/100\n|move|p2b: Whimsicott|Encore|p1a: Milotic\n|-start|p1a: Milotic|Encore\n|move|p1a: Milotic|Protect||[still]\n|-fail|p1a: Milotic\n|\n|-heal|p1a: Milotic|74/100|[from] item: Leftovers\n|upkeep\n|turn|7\n|\n|t:|1776095551\n|switch|p1b: Incineroar|Incineroar, L50, M, shiny|66/100\n|-ability|p1b: Incineroar|Intimidate|boost\n|-unboost|p2a: Charizard|atk|1\n|-unboost|p2b: Whimsicott|atk|1\n|detailschange|p2a: Charizard|Charizard-Mega-Y, L50, M, shiny\n|-mega|p2a: Charizard|Charizard|Charizardite Y\n|-weather|SunnyDay|[from] ability: Drought|[of] p2a: Charizard\n|move|p1a: Milotic|Protect|p1a: Milotic\n|-singleturn|p1a: Milotic|Protect\n|move|p2a: Charizard|Heat Wave|p1a: Milotic|[spread] p1b\n|-activate|p1a: Milotic|move: Protect\n|-resisted|p1b: Incineroar|1\n|-damage|p1b: Incineroar|36/100\n|-enditem|p1b: Incineroar|Sitrus Berry|[eat]\n|-heal|p1b: Incineroar|60/100|[from] item: Sitrus Berry\n|move|p2b: Whimsicott|Moonblast|p1b: Incineroar\n|-damage|p1b: Incineroar|26/100\n|\n|-weather|SunnyDay|[upkeep]\n|-heal|p1a: Milotic|80/100|[from] item: Leftovers\n|upkeep\n|turn|8\n|\n|t:|1776095572\n|move|p2a: Charizard|Protect|p2a: Charizard\n|-singleturn|p2a: Charizard|Protect\n|move|p1a: Milotic|Protect||[still]\n|-fail|p1a: Milotic\n|move|p1b: Incineroar|Fake Out|p2b: Whimsicott\n|-damage|p2b: Whimsicott|9/100\n|cant|p2b: Whimsicott|flinch\n|\n|-weather|SunnyDay|[upkeep]\n|-heal|p1a: Milotic|86/100|[from] item: Leftovers\n|-end|p1a: Milotic|Encore\n|-sideend|p2: Isidino|move: Tailwind\n|upkeep\n|turn|9\n|inactive|gengarhaunt has 30 seconds left.\n|\n|t:|1776095601\n|move|p2b: Whimsicott|Encore|p1a: Milotic\n|-start|p1a: Milotic|Encore\n|move|p1a: Milotic|Protect|p1a: Milotic\n|-singleturn|p1a: Milotic|Protect\n|move|p2a: Charizard|Heat Wave|p1b: Incineroar|[spread] p1b\n|-activate|p1a: Milotic|move: Protect\n|-resisted|p1b: Incineroar|1\n|-damage|p1b: Incineroar|0 fnt\n|faint|p1b: Incineroar\n|\n|-weather|SunnyDay|[upkeep]\n|-heal|p1a: Milotic|92/100|[from] item: Leftovers\n|upkeep\n|\n|t:|1776095608\n|switch|p1b: Sneasler|Sneasler, L50, F|62/100\n|turn|10\n|\n|t:|1776095616\n|move|p1a: Milotic|Protect|p1a: Milotic\n|-singleturn|p1a: Milotic|Protect\n|move|p1b: Sneasler|Fake Out|p2b: Whimsicott\n|-damage|p2b: Whimsicott|0 fnt\n|faint|p2b: Whimsicott\n|move|p2a: Charizard|Heat Wave|p1a: Milotic|[spread] \n|-activate|p1a: Milotic|move: Protect\n|-miss|p2a: Charizard|p1b: Sneasler\n|\n|-weather|SunnyDay|[upkeep]\n|-heal|p1a: Milotic|98/100|[from] item: Leftovers\n|upkeep\n|\n|t:|1776095622\n|switch|p2b: Sneasler|Sneasler, L50, M|7/100\n|turn|11\n|\n|t:|1776095633\n|switch|p1b: Charizard|Charizard, L50, M, shiny|100/100\n|move|p1a: Milotic|Protect||[still]\n|-fail|p1a: Milotic\n|move|p2b: Sneasler|Fake Out|p1b: Charizard\n|-damage|p1b: Charizard|83/100\n|move|p2a: Charizard|Heat Wave|p1b: Charizard|[spread] p1a,p1b\n|-resisted|p1a: Milotic|1\n|-resisted|p1b: Charizard|1\n|-damage|p1a: Milotic|74/100\n|-damage|p1b: Charizard|48/100\n|\n|-weather|none\n|-heal|p1a: Milotic|80/100|[from] item: Leftovers\n|-end|p1a: Milotic|Encore\n|upkeep\n|turn|12\n|\n|t:|1776095647\n|switch|p2a: Venusaur|Venusaur, L50, F|100/100\n|move|p1b: Charizard|Protect|p1b: Charizard\n|-singleturn|p1b: Charizard|Protect\n|move|p2b: Sneasler|Dire Claw|p1b: Charizard\n|-activate|p1b: Charizard|move: Protect\n|move|p1a: Milotic|Icy Wind|p2b: Sneasler|[spread] p2a,p2b\n|-supereffective|p2a: Venusaur|1\n|-damage|p2a: Venusaur|75/100\n|-damage|p2b: Sneasler|0 fnt\n|-unboost|p2a: Venusaur|spe|1\n|faint|p2b: Sneasler\n|\n|-heal|p1a: Milotic|86/100|[from] item: Leftovers\n|upkeep\n|\n|t:|1776095650\n|switch|p2b: Charizard|Charizard-Mega-Y, L50, M, shiny|80/100\n|-weather|SunnyDay|[from] ability: Drought|[of] p2b: Charizard\n|turn|13\n|\n|t:|1776095663\n|switch|p1b: Sneasler|Sneasler, L50, F|62/100\n|move|p2a: Venusaur|Leaf Storm|p1a: Milotic\n|-supereffective|p1a: Milotic|1\n|-damage|p1a: Milotic|0 fnt\n|-unboost|p2a: Venusaur|spa|2\n|faint|p1a: Milotic\n|move|p2b: Charizard|Ancient Power|p1b: Sneasler\n|-resisted|p1b: Sneasler|1\n|-damage|p1b: Sneasler|46/100\n|\n|-weather|SunnyDay|[upkeep]\n|upkeep\n|inactive|gengarhaunt has 30 seconds left.\n|\n|t:|1776095691\n|switch|p1a: Charizard|Charizard, L50, M, shiny|48/100\n|turn|14\n|\n|t:|1776095706\n|detailschange|p1a: Charizard|Charizard-Mega-X, L50, M, shiny\n|-mega|p1a: Charizard|Charizard|Charizardite X\n|move|p2b: Charizard|Protect|p2b: Charizard\n|-singleturn|p2b: Charizard|Protect\n|move|p1b: Sneasler|Fake Out|p2a: Venusaur\n|-damage|p2a: Venusaur|57/100\n|cant|p2a: Venusaur|flinch\n|move|p1a: Charizard|Dragon Dance|p1a: Charizard\n|-boost|p1a: Charizard|atk|1\n|-boost|p1a: Charizard|spe|1\n|\n|-weather|SunnyDay|[upkeep]\n|upkeep\n|turn|15\n|\n|t:|1776095727\n|move|p1a: Charizard|Dragon Claw|p2a: Venusaur\n|-damage|p2a: Venusaur|0 fnt\n|faint|p2a: Venusaur\n|move|p1b: Sneasler|Dire Claw|p2b: Charizard\n|-damage|p2b: Charizard|24/100\n|move|p2b: Charizard|Heat Wave|p1a: Charizard|[spread] p1a,p1b\n|-resisted|p1a: Charizard|2\n|-damage|p1a: Charizard|27/100\n|-damage|p1b: Sneasler|0 fnt\n|faint|p1b: Sneasler\n|\n|-weather|SunnyDay|[upkeep]\n|upkeep\n|turn|16\n|-message|Isidino forfeited.\n|\n|win|gengarhaunt\n|raw|gengarhaunt's rating: 1101 &rarr; <strong>1127</strong><br />(+26 for winning)\n|raw|Isidino's rating: 1117 &rarr; <strong>1091</strong><br />(-26 for losing)\n",
  "uploadtime": 1776095735,
  "views": 13,
  "formatid": "gen9championsvgc2026regma",
  "rating": 1091,
  "private": 0,
  "password": null
}