{
  "id": "gen9championsvgc2026regma-2584069899",
  "format": "[Gen 9 Champions] VGC 2026 Reg M-A",
  "players": [
    "Rockoso",
    "hiyopon"
  ],
  "log": "|j|\u2606Rockoso\n|j|\u2606hiyopon\n|t:|1776222079\n|gametype|doubles\n|player|p1|Rockoso|bruno|\n|player|p2|hiyopon|266|\n|gen|9\n|tier|[Gen 9 Champions] VGC 2026 Reg M-A\n|rated|Tournament battle\n|rule|Species Clause: Limit one of each Pok\u00e9mon\n|rule|Item Clause: Limit 1 of each item\n|raw|<div class=\"infobox\"><details class=\"readmore\" open><summary><strong>1 custom rule:</strong></summary> Force Open Team Sheets</details></div>\n|clearpoke\n|poke|p1|Feraligatr, L50, F|\n|poke|p1|Sableye, L50, M|\n|poke|p1|Pelipper, L50, M|\n|poke|p1|Sinistcha, L50|\n|poke|p1|Incineroar, L50, M|\n|poke|p1|Aegislash, L50, M|\n|poke|p2|Aegislash, L50, M|\n|poke|p2|Incineroar, L50, F|\n|poke|p2|Milotic, L50, F|\n|poke|p2|Venusaur, L50, F|\n|poke|p2|Charizard, L50, F|\n|poke|p2|Sneasler, L50, F|\n|teampreview|4\n|showteam|p1|Feraligatr||Feraligite|Torrent|Facade,Liquidation,Protect,DragonDance|||F|||50|]Sableye||Leftovers|Prankster|Encore,NightShade,WillOWisp,LightScreen|||M|||50|]Pelipper||FocusSash|Drizzle|WeatherBall,Hurricane,Tailwind,Protect|||M|||50|]Sinistcha||SitrusBerry|Hospitality|MatchaGotcha,TrickRoom,RagePowder,Imprison||||||50|]Incineroar||ChopleBerry|Intimidate|FakeOut,FlareBlitz,ThroatChop,PartingShot|||M|||50|]Aegislash||SpellTag|StanceChange|IronHead,ShadowBall,WideGuard,KingsShield|||M|||50|\n|showteam|p2|Aegislash||SpellTag|StanceChange|KingsShield,Poltergeist,IronHead,ShadowSneak|||M|||50|]Incineroar||Leftovers|Intimidate|FlareBlitz,ThroatChop,PartingShot,FakeOut|||F|||50|]Milotic||SitrusBerry|Competitive|Scald,IcyWind,Recover,Protect|||F|||50|]Venusaur||FocusSash|Chlorophyll|GigaDrain,SludgeBomb,SleepPowder,Protect|||F|||50|]Charizard||CharizarditeY|Blaze|HeatWave,WeatherBall,SolarBeam,Protect|||F|||50|]Sneasler||WhiteHerb|Unburden|CloseCombat,DireClaw,Coaching,Protect|||F|||50|\n|inactive|Battle timer is ON: inactive players will automatically lose when time's up. (requested by hiyopon)\n|inactive|Rockoso has 60 seconds left.\n|\n|t:|1776222120\n|teamsize|p1|4\n|teamsize|p2|4\n|start\n|switch|p1a: Pelipper|Pelipper, L50, M|100/100\n|switch|p1b: Sableye|Sableye, L50, M|100/100\n|switch|p2a: Venusaur|Venusaur, L50, F|100/100\n|switch|p2b: Milotic|Milotic, L50, F|100/100\n|-weather|RainDance|[from] ability: Drizzle|[of] p1a: Pelipper\n|turn|1\n|inactive|hiyopon has 30 seconds left.\n|\n|t:|1776222149\n|switch|p2b: Charizard|Charizard, L50, F|100/100\n|move|p1b: Sableye|Light Screen|p1b: Sableye\n|-sidestart|p1: Rockoso|move: Light Screen\n|move|p2a: Venusaur|Sleep Powder|p1a: Pelipper\n|-status|p1a: Pelipper|slp|[from] move: Sleep Powder\n|cant|p1a: Pelipper|slp\n|\n|-weather|RainDance|[upkeep]\n|upkeep\n|turn|2\n|inactive|Rockoso has 30 seconds left.\n|inactive|Rockoso has 20 seconds left.\n|inactive|Rockoso has 15 seconds left.\n|\n|t:|1776222191\n|detailschange|p2b: Charizard|Charizard-Mega-Y, L50, F\n|-mega|p2b: Charizard|Charizard|Charizardite Y\n|-weather|SunnyDay|[from] ability: Drought|[of] p2b: Charizard\n|move|p2a: Venusaur|Sleep Powder|p1b: Sableye\n|-status|p1b: Sableye|slp|[from] move: Sleep Powder\n|move|p2b: Charizard|Heat Wave|p1a: Pelipper|[spread] p1a,p1b\n|-resisted|p1a: Pelipper|1\n|-damage|p1a: Pelipper|60/100 slp\n|-damage|p1b: Sableye|43/100 slp\n|-curestatus|p1a: Pelipper|slp|[msg]\n|move|p1a: Pelipper|Hurricane|p2a: Venusaur|[miss]\n|-miss|p1a: Pelipper|p2a: Venusaur\n|cant|p1b: Sableye|slp\n|\n|-weather|SunnyDay|[upkeep]\n|-heal|p1b: Sableye|48/100 slp|[from] item: Leftovers\n|upkeep\n|turn|3\n|inactive|Rockoso has 30 seconds left.\n|\n|t:|1776222216\n|switch|p1a: Incineroar|Incineroar, L50, M|100/100\n|-ability|p1a: Incineroar|Intimidate|boost\n|-unboost|p2a: Venusaur|atk|1\n|-unboost|p2b: Charizard|atk|1\n|move|p2a: Venusaur|Sleep Powder|p1a: Incineroar\n|-status|p1a: Incineroar|slp|[from] move: Sleep Powder\n|move|p2b: Charizard|Heat Wave|p1b: Sableye|[spread] p1a\n|-miss|p2b: Charizard|p1b: Sableye\n|-resisted|p1a: Incineroar|1\n|-damage|p1a: Incineroar|82/100 slp\n|cant|p1b: Sableye|slp\n|\n|-weather|SunnyDay|[upkeep]\n|-heal|p1b: Sableye|54/100 slp|[from] item: Leftovers\n|upkeep\n|turn|4\n|inactive|Rockoso has 30 seconds left.\n|\n|t:|1776222245\n|cant|p1a: Incineroar|slp\n|move|p2a: Venusaur|Giga Drain|p1b: Sableye\n|-damage|p1b: Sableye|29/100 slp\n|move|p2b: Charizard|Heat Wave|p1a: Incineroar|[spread] p1a,p1b\n|-resisted|p1a: Incineroar|1\n|-crit|p1a: Incineroar\n|-damage|p1a: Incineroar|38/100 slp\n|-damage|p1b: Sableye|0 fnt\n|faint|p1b: Sableye\n|\n|-weather|SunnyDay|[upkeep]\n|upkeep\n|\n|t:|1776222257\n|switch|p1b: Pelipper|Pelipper, L50, M|60/100\n|-weather|RainDance|[from] ability: Drizzle|[of] p1b: Pelipper\n|turn|5\n|\n|t:|1776222269\n|move|p2b: Charizard|Weather Ball|p1a: Incineroar\n|-supereffective|p1a: Incineroar|1\n|-damage|p1a: Incineroar|0 fnt\n|faint|p1a: Incineroar\n|move|p2a: Venusaur|Sleep Powder|p1b: Pelipper\n|-status|p1b: Pelipper|slp|[from] move: Sleep Powder\n|cant|p1b: Pelipper|slp\n|\n|-weather|RainDance|[upkeep]\n|-sideend|p1: Rockoso|move: Light Screen\n|upkeep\n|\n|t:|1776222279\n|switch|p1a: Feraligatr|Feraligatr, L50, F|100/100\n|turn|6\n|\n|t:|1776222289\n|switch|p2b: Incineroar|Incineroar, L50, F|100/100\n|-ability|p2b: Incineroar|Intimidate|boost\n|-unboost|p1a: Feraligatr|atk|1\n|-unboost|p1b: Pelipper|atk|1\n|detailschange|p1a: Feraligatr|Feraligatr-Mega, L50, F\n|-mega|p1a: Feraligatr|Feraligatr|Feraligite\n|move|p2a: Venusaur|Sleep Powder|p1a: Feraligatr\n|-status|p1a: Feraligatr|slp|[from] move: Sleep Powder\n|cant|p1b: Pelipper|slp\n|cant|p1a: Feraligatr|slp\n|\n|-weather|RainDance|[upkeep]\n|upkeep\n|turn|7\n|\n|t:|1776222313\n|switch|p2a: Charizard|Charizard-Mega-Y, L50, F|100/100\n|-weather|SunnyDay|[from] ability: Drought|[of] p2a: Charizard\n|-curestatus|p1b: Pelipper|slp|[msg]\n|move|p1b: Pelipper|Hurricane|p2a: Charizard|[miss]\n|-miss|p1b: Pelipper|p2a: Charizard\n|-curestatus|p1a: Feraligatr|slp|[msg]\n|move|p1a: Feraligatr|Facade|p2b: Incineroar\n|-crit|p2b: Incineroar\n|-damage|p2b: Incineroar|19/100\n|move|p2b: Incineroar|Parting Shot|p1a: Feraligatr\n|-unboost|p1a: Feraligatr|atk|1\n|-unboost|p1a: Feraligatr|spa|1\n|j| the boy savior\n|\n|t:|1776222325\n|switch|p2b: Venusaur|Venusaur, L50, F|100/100|[from] Parting Shot\n|\n|-weather|SunnyDay|[upkeep]\n|upkeep\n|turn|8\n|\n|t:|1776222332\n|move|p1a: Feraligatr|Protect|p1a: Feraligatr\n|-singleturn|p1a: Feraligatr|Protect\n|move|p2b: Venusaur|Sleep Powder|p1a: Feraligatr\n|-activate|p1a: Feraligatr|move: Protect\n|move|p2a: Charizard|Solar Beam||[still]\n|-prepare|p2a: Charizard|Solar Beam\n|-anim|p2a: Charizard|Solar Beam|p1b: Pelipper\n|-damage|p1b: Pelipper|0 fnt\n|faint|p1b: Pelipper\n|\n|-weather|SunnyDay|[upkeep]\n|upkeep\n|turn|9\n|c|\u2606Rockoso|gg\n|-message|Rockoso forfeited.\n|\n|win|hiyopon\n|n|\u2606Rockoso|rockoso\n|n|\u2606hiyopon|hiyopon\n|n| the boy savior|theboysavior\n|l|\u2606Rockoso\n|player|p1|\n",
  "uploadtime": 1776222353,
  "views": 23,
  "formatid": "gen9championsvgc2026regma",
  "rating": null,
  "private": 0,
  "password": null
}