{
  "id": "gen9championsvgc2026regma-2585375412",
  "format": "[Gen 9 Champions] VGC 2026 Reg M-A",
  "players": [
    "Shampton",
    "guim25"
  ],
  "log": "|j|\u2606Shampton\n|j|\u2606guim25\n|t:|1776342524\n|gametype|doubles\n|player|p1|Shampton|169|1201\n|player|p2|guim25|will|1251\n|gen|9\n|tier|[Gen 9 Champions] VGC 2026 Reg M-A\n|rated|\n|rule|Species Clause: Limit one of each Pok\u00e9mon\n|rule|Item Clause: Limit 1 of each item\n|clearpoke\n|poke|p1|Blastoise, L50, F|\n|poke|p1|Pelipper, L50, M|\n|poke|p1|Sinistcha, L50|\n|poke|p1|Sneasler, L50, M|\n|poke|p1|Garchomp, L50, M|\n|poke|p1|Kingambit, L50, M|\n|poke|p2|Gallade, L50, M|\n|poke|p2|Farigiraf, L50, M|\n|poke|p2|Kingambit, L50, F|\n|poke|p2|Milotic, L50, M|\n|poke|p2|Tyranitar, L50, M|\n|poke|p2|Mimikyu, L50, M|\n|teampreview|4\n|inactive|Battle timer is ON: inactive players will automatically lose when time's up. (requested by guim25)\n|inactive|Shampton also wants the timer to be on.\n|inactive|guim25 has 60 seconds left.\n|\n|t:|1776342561\n|teamsize|p1|4\n|teamsize|p2|4\n|start\n|switch|p1a: Blastoise|Blastoise, L50, F|100/100\n|switch|p1b: Sneasler|Sneasler, L50, M|100/100\n|switch|p2a: Farigiraf|Farigiraf, L50, M|100/100\n|switch|p2b: Mimikyu|Mimikyu, L50, M|100/100\n|turn|1\n|\n|t:|1776342581\n|detailschange|p1a: Blastoise|Blastoise-Mega, L50, F\n|-mega|p1a: Blastoise|Blastoise|Blastoisinite\n|move|p1b: Sneasler|Dire Claw|p2a: Farigiraf\n|-damage|p2a: Farigiraf|62/100\n|move|p1a: Blastoise|Water Spout|p2a: Farigiraf|[spread] p2a,p2b\n|-damage|p2a: Farigiraf|3/100\n|-activate|p2b: Mimikyu|ability: Disguise\n|-damage|p2b: Mimikyu|100/100\n|detailschange|p2b: Mimikyu|Mimikyu-Busted, L50, M\n|-damage|p2b: Mimikyu|88/100|[from] pokemon: Mimikyu-Busted\n|move|p2b: Mimikyu|Play Rough|p1a: Blastoise\n|-damage|p1a: Blastoise|62/100\n|move|p2a: Farigiraf|Trick Room|p2a: Farigiraf\n|-fieldstart|move: Trick Room|[of] p2a: Farigiraf\n|\n|-heal|p2b: Mimikyu|94/100|[from] item: Leftovers\n|upkeep\n|turn|2\n|inactive|Shampton has 30 seconds left.\n|\n|t:|1776342608\n|move|p1a: Blastoise|Protect|p1a: Blastoise\n|-singleturn|p1a: Blastoise|Protect\n|move|p2a: Farigiraf|Psychic|p1b: Sneasler\n|-supereffective|p1b: Sneasler|2\n|-enditem|p1b: Sneasler|Focus Sash\n|-damage|p1b: Sneasler|1/100\n|move|p2b: Mimikyu|Play Rough|p1a: Blastoise\n|-activate|p1a: Blastoise|move: Protect\n|move|p1b: Sneasler|Rock Slide|p2b: Mimikyu|[spread] p2a,p2b\n|-damage|p2a: Farigiraf|0 fnt\n|-damage|p2b: Mimikyu|67/100\n|faint|p2a: Farigiraf\n|\n|-heal|p2b: Mimikyu|74/100|[from] item: Leftovers\n|upkeep\n|\n|t:|1776342616\n|switch|p2a: Gallade|Gallade, L50, M, shiny|100/100\n|turn|3\n|\n|t:|1776342639\n|move|p1b: Sneasler|Protect|p1b: Sneasler\n|-singleturn|p1b: Sneasler|Protect\n|move|p2a: Gallade|Leaf Blade|p1a: Blastoise\n|-supereffective|p1a: Blastoise|1\n|-damage|p1a: Blastoise|0 fnt\n|faint|p1a: Blastoise\n|move|p2b: Mimikyu|Shadow Claw|p1b: Sneasler\n|-activate|p1b: Sneasler|move: Protect\n|\n|-heal|p2b: Mimikyu|80/100|[from] item: Leftovers\n|upkeep\n|\n|t:|1776342658\n|switch|p1a: Garchomp|Garchomp, L50, M|100/100\n|turn|4\n|\n|t:|1776342679\n|switch|p1b: Pelipper|Pelipper, L50, M|100/100\n|-weather|RainDance|[from] ability: Drizzle|[of] p1b: Pelipper\n|move|p1a: Garchomp|Protect|p1a: Garchomp\n|-singleturn|p1a: Garchomp|Protect\n|move|p2a: Gallade|Psycho Cut|p1a: Garchomp\n|-activate|p1a: Garchomp|move: Protect\n|move|p2b: Mimikyu|Play Rough|p1a: Garchomp\n|-activate|p1a: Garchomp|move: Protect\n|\n|-weather|RainDance|[upkeep]\n|-heal|p2b: Mimikyu|86/100|[from] item: Leftovers\n|upkeep\n|turn|5\n|inactive|Shampton has 30 seconds left.\n|inactive|Shampton has 20 seconds left.\n|inactive|Shampton has 15 seconds left.\n|\n|t:|1776342722\n|switch|p1a: Sneasler|Sneasler, L50, M|1/100\n|move|p2a: Gallade|Psycho Cut|p1a: Sneasler\n|-supereffective|p1a: Sneasler|2\n|-crit|p1a: Sneasler\n|-damage|p1a: Sneasler|0 fnt\n|faint|p1a: Sneasler\n|move|p2b: Mimikyu|Play Rough|p1b: Pelipper\n|-damage|p1b: Pelipper|49/100\n|move|p1b: Pelipper|Hurricane|p2a: Gallade\n|-supereffective|p2a: Gallade|1\n|-damage|p2a: Gallade|3/100\n|\n|-weather|RainDance|[upkeep]\n|-heal|p2b: Mimikyu|92/100|[from] item: Leftovers\n|-fieldend|move: Trick Room\n|upkeep\n|\n|t:|1776342736\n|switch|p1a: Garchomp|Garchomp, L50, M|100/100\n|turn|6\n|\n|t:|1776342759\n|move|p1b: Pelipper|Hurricane|p2b: Mimikyu\n|-damage|p2b: Mimikyu|38/100\n|-start|p2b: Mimikyu|confusion\n|move|p1a: Garchomp|Earthquake|p2b: Mimikyu|[spread] p2a,p2b\n|-immune|p1b: Pelipper\n|-damage|p2a: Gallade|0 fnt\n|-damage|p2b: Mimikyu|0 fnt\n|faint|p2a: Gallade\n|faint|p2b: Mimikyu\n|\n|-weather|RainDance|[upkeep]\n|upkeep\n|\n|t:|1776342767\n|switch|p2b: Kingambit|Kingambit, L50, F|100/100\n|-activate|p2b: Kingambit|ability: Supreme Overlord\n|-start|p2b: Kingambit|fallen3|[silent]\n|turn|7\n|\n|t:|1776342785\n|move|p1a: Garchomp|Protect|p1a: Garchomp\n|-singleturn|p1a: Garchomp|Protect\n|move|p1b: Pelipper|Hurricane|p2b: Kingambit\n|-resisted|p2b: Kingambit|1\n|-damage|p2b: Kingambit|77/100\n|move|p2b: Kingambit|Swords Dance|p2b: Kingambit\n|-boost|p2b: Kingambit|atk|2\n|\n|-weather|RainDance|[upkeep]\n|upkeep\n|turn|8\n|\n|t:|1776342796\n|move|p2b: Kingambit|Sucker Punch|p1a: Garchomp\n|-damage|p1a: Garchomp|0 fnt\n|-damage|p2b: Kingambit|65/100|[from] ability: Rough Skin|[of] p1a: Garchomp\n|faint|p1a: Garchomp\n|move|p1b: Pelipper|Hurricane|p2b: Kingambit\n|-resisted|p2b: Kingambit|1\n|-damage|p2b: Kingambit|43/100\n|\n|-weather|none\n|upkeep\n|turn|9\n|\n|t:|1776342806\n|move|p2b: Kingambit|Sucker Punch|p1b: Pelipper\n|-damage|p1b: Pelipper|0 fnt\n|faint|p1b: Pelipper\n|\n|win|guim25\n|raw|Shampton's rating: 1201 &rarr; <strong>1180</strong><br />(-21 for losing)\n|raw|guim25's rating: 1251 &rarr; <strong>1272</strong><br />(+21 for winning)\n|l|\u2606Shampton\n|player|p1|\n",
  "uploadtime": 1776342809,
  "views": 21,
  "formatid": "gen9championsvgc2026regma",
  "rating": 1180,
  "private": 0,
  "password": null
}