{
  "id": "gen9championsvgc2026regma-2588317643",
  "format": "[Gen 9 Champions] VGC 2026 Reg M-A",
  "players": [
    "nobeigar",
    "ChronicNikos"
  ],
  "log": "|j|\u2606nobeigar\n|j|\u2606ChronicNikos\n|t:|1776623619\n|gametype|doubles\n|player|p1|nobeigar|169|1496\n|player|p2|ChronicNikos|cynthia-gen4|1461\n|gen|9\n|tier|[Gen 9 Champions] VGC 2026 Reg M-A\n|rated|\n|rule|Species Clause: Limit one of each Pok\u00e9mon\n|rule|Item Clause: Limit 1 of each item\n|clearpoke\n|poke|p1|Garchomp, L50, M|\n|poke|p1|Sneasler, L50, F|\n|poke|p1|Gengar, L50, M|\n|poke|p1|Kingambit, L50, M|\n|poke|p1|Basculegion, L50, M|\n|poke|p1|Froslass, L50, F|\n|poke|p2|Gengar, L50, F, shiny|\n|poke|p2|Incineroar, L50, M|\n|poke|p2|Politoed, L50, M|\n|poke|p2|Archaludon, L50, F|\n|poke|p2|Basculegion, L50, M|\n|poke|p2|Meganium, L50, F|\n|teampreview|4\nChronicNikos rejected open team sheets.\n|\n|t:|1776623669\n|teamsize|p1|4\n|teamsize|p2|4\n|start\n|switch|p1a: Froslass|Froslass, L50, F|100/100\n|switch|p1b: Kingambit|Kingambit, L50, M|100/100\n|switch|p2a: Due Process|Archaludon, L50, F|100/100\n|switch|p2b: PetalBurst|Meganium, L50, F|100/100\n|turn|1\n|\n|t:|1776623689\n|detailschange|p1a: Froslass|Froslass-Mega, L50, F\n|-mega|p1a: Froslass|Froslass|Froslassite\n|-weather|Snowscape|[from] ability: Snow Warning|[of] p1a: Froslass\n|detailschange|p2b: PetalBurst|Meganium-Mega, L50, F\n|-mega|p2b: PetalBurst|Meganium|Meganiumite\n|move|p2a: Due Process|Protect|p2a: Due Process\n|-singleturn|p2a: Due Process|Protect\n|move|p1a: Froslass|Blizzard|p2a: Due Process|[spread] p2b\n|-activate|p2a: Due Process|move: Protect\n|-supereffective|p2b: PetalBurst|1\n|-damage|p2b: PetalBurst|21/100\n|move|p2b: PetalBurst|Weather Ball|p1b: Kingambit\n|-supereffective|p1b: Kingambit|1\n|-damage|p1b: Kingambit|0 fnt\n|faint|p1b: Kingambit\n|\n|-weather|Snowscape|[upkeep]\n|upkeep\n|\n|t:|1776623701\n|switch|p1b: Sneasler|Sneasler, L50, F|100/100\n|turn|2\n|\n|t:|1776623720\n|switch|p2b: I May Fall|Politoed, L50, M|100/100\n|-weather|RainDance|[from] ability: Drizzle|[of] p2b: I May Fall\n|move|p1b: Sneasler|Close Combat|p2a: Due Process\n|-supereffective|p2a: Due Process|1\n|-enditem|p2a: Due Process|Chople Berry|[eat]\n|-enditem|p2a: Due Process|Chople Berry|[weaken]\n|-damage|p2a: Due Process|47/100\n|-unboost|p1b: Sneasler|def|1\n|-unboost|p1b: Sneasler|spd|1\n|-ability|p2a: Due Process|Stamina|boost\n|-boost|p2a: Due Process|def|1\n|move|p1a: Froslass|Blizzard|p2a: Due Process|[spread] p2b\n|-miss|p1a: Froslass|p2a: Due Process\n|-resisted|p2b: I May Fall|1\n|-damage|p2b: I May Fall|85/100\n|move|p2a: Due Process|Electro Shot||[still]\n|-prepare|p2a: Due Process|Electro Shot\n|-boost|p2a: Due Process|spa|1\n|-anim|p2a: Due Process|Electro Shot|p1b: Sneasler\n|-enditem|p1b: Sneasler|Focus Sash\n|-damage|p1b: Sneasler|1/100\n|\n|-weather|RainDance|[upkeep]\n|-heal|p2b: I May Fall|91/100|[from] item: Leftovers\n|upkeep\n|turn|3\n|\n|t:|1776623764\n|switch|p1a: Basculegion|Basculegion, L50, M|100/100\n|move|p2a: Due Process|Protect|p2a: Due Process\n|-singleturn|p2a: Due Process|Protect\n|move|p1b: Sneasler|Close Combat|p2b: I May Fall\n|-damage|p2b: I May Fall|17/100\n|-unboost|p1b: Sneasler|def|1\n|-unboost|p1b: Sneasler|spd|1\n|move|p2b: I May Fall|Perish Song|p2b: I May Fall\n|-start|p1a: Basculegion|perish3|[silent]\n|-start|p1b: Sneasler|perish3|[silent]\n|-start|p2a: Due Process|perish3|[silent]\n|-start|p2b: I May Fall|perish3|[silent]\n|-fieldactivate|move: Perish Song\n|\n|-weather|RainDance|[upkeep]\n|-heal|p2b: I May Fall|23/100|[from] item: Leftovers\n|-start|p1b: Sneasler|perish3\n|-start|p1a: Basculegion|perish3\n|-start|p2a: Due Process|perish3\n|-start|p2b: I May Fall|perish3\n|upkeep\n|turn|4\n|\n|t:|1776623797\n|switch|p1a: Froslass|Froslass-Mega, L50, F|100/100\n|-weather|Snowscape|[from] ability: Snow Warning|[of] p1a: Froslass\n|switch|p2b: PetalBurst|Meganium-Mega, L50, F|21/100\n|move|p1b: Sneasler|Close Combat|p2a: Due Process\n|-supereffective|p2a: Due Process|1\n|-damage|p2a: Due Process|0 fnt\n|-unboost|p1b: Sneasler|def|1\n|-unboost|p1b: Sneasler|spd|1\n|faint|p2a: Due Process\n|\n|-weather|Snowscape|[upkeep]\n|-start|p1b: Sneasler|perish2\n|upkeep\n|\n|t:|1776623812\n|switch|p2a: Tri-Hard|Basculegion, L50, M|100/100\n|turn|5\n|\n|t:|1776623834\n|switch|p1b: Basculegion|Basculegion, L50, M|100/100\n|move|p2a: Tri-Hard|Last Respects|p1a: Froslass\n|-supereffective|p1a: Froslass|1\n|-damage|p1a: Froslass|0 fnt\n|faint|p1a: Froslass\n|move|p2b: PetalBurst|Solar Beam||[still]\n|-prepare|p2b: PetalBurst|Solar Beam\n|-activate|p2b: PetalBurst|ability: Mega Sol\n|-anim|p2b: PetalBurst|Solar Beam|p1b: Basculegion\n|-supereffective|p1b: Basculegion|1\n|-damage|p1b: Basculegion|0 fnt\n|faint|p1b: Basculegion\n|\n|-weather|Snowscape|[upkeep]\n|upkeep\n|-message|nobeigar forfeited.\n|\n|win|ChronicNikos\n|raw|nobeigar's rating: 1496 &rarr; <strong>1474</strong><br />(-22 for losing)\n|raw|ChronicNikos's rating: 1461 &rarr; <strong>1483</strong><br />(+22 for winning)\n|l|\u2606nobeigar\n|player|p1|\n|l|\u2606ChronicNikos\n|player|p2|\n",
  "uploadtime": 1776623852,
  "views": 12,
  "formatid": "gen9championsvgc2026regma",
  "rating": 1474,
  "private": 0,
  "password": null
}