{
  "id": "gen9championsvgc2026regma-2585081518",
  "format": "[Gen 9 Champions] VGC 2026 Reg M-A",
  "players": [
    "caprid",
    "Skib72726161"
  ],
  "log": "|j|\u2606caprid\n|j|\u2606Skib72726161\n|t:|1776309802\n|gametype|doubles\n|player|p1|caprid|2|1094\n|player|p2|Skib72726161|2|1000\n|gen|9\n|tier|[Gen 9 Champions] VGC 2026 Reg M-A\n|rated|\n|rule|Species Clause: Limit one of each Pok\u00e9mon\n|rule|Item Clause: Limit 1 of each item\n|clearpoke\n|poke|p1|Charizard, L50, M|\n|poke|p1|Incineroar, L50, M|\n|poke|p1|Garchomp, L50, M|\n|poke|p1|Milotic, L50, F|\n|poke|p1|Gardevoir, L50, M|\n|poke|p1|Venusaur, L50, F|\n|poke|p2|Delphox, L50, M|\n|poke|p2|Garchomp, L50, F|\n|poke|p2|Lucario, L50, F|\n|poke|p2|Sneasler, L50, M|\n|poke|p2|Sinistcha, L50|\n|poke|p2|Slowbro, L50, F|\n|teampreview|4\n|\n|t:|1776309846\n|teamsize|p1|4\n|teamsize|p2|4\n|start\n|switch|p1a: Charizard|Charizard, L50, M|100/100\n|switch|p1b: Venusaur|Venusaur, L50, F|100/100\n|switch|p2a: Garchomp|Garchomp, L50, F|100/100\n|switch|p2b: Sneasler|Sneasler, L50, M|100/100\n|turn|1\n|\n|t:|1776309860\n|detailschange|p1a: Charizard|Charizard-Mega-Y, L50, M\n|-mega|p1a: Charizard|Charizard|Charizardite Y\n|-weather|SunnyDay|[from] ability: Drought|[of] p1a: Charizard\n|move|p1a: Charizard|Protect|p1a: Charizard\n|-singleturn|p1a: Charizard|Protect\n|move|p2b: Sneasler|Fake Out|p1b: Venusaur\n|-damage|p1b: Venusaur|82/100\n|cant|p1b: Venusaur|flinch\n|move|p2a: Garchomp|Rock Slide|p1b: Venusaur|[spread] p1b\n|-activate|p1a: Charizard|move: Protect\n|-damage|p1b: Venusaur|55/100\n|\n|-weather|SunnyDay|[upkeep]\n|upkeep\n|turn|2\n|\n|t:|1776309891\n|switch|p2b: Sinistcha|Sinistcha, L50|100/100\n|move|p1b: Venusaur|Sleep Powder|p2a: Garchomp|[miss]\n|-miss|p1b: Venusaur|p2a: Garchomp\n|move|p2a: Garchomp|Rock Slide|p1b: Venusaur|[spread] p1a,p1b\n|-supereffective|p1a: Charizard|2\n|-crit|p1b: Venusaur\n|-damage|p1a: Charizard|0 fnt\n|-damage|p1b: Venusaur|15/100\n|faint|p1a: Charizard\n|\n|-weather|SunnyDay|[upkeep]\n|upkeep\n|\n|t:|1776309907\n|switch|p1a: Gardevoir|Gardevoir, L50, M|100/100\n|turn|3\n|\n|t:|1776309918\n|move|p1b: Venusaur|Protect|p1b: Venusaur\n|-singleturn|p1b: Venusaur|Protect\n|move|p2b: Sinistcha|Rage Powder|p2b: Sinistcha\n|-singleturn|p2b: Sinistcha|move: Rage Powder\n|move|p2a: Garchomp|Rock Slide|p1a: Gardevoir|[spread] p1a\n|-activate|p1b: Venusaur|move: Protect\n|-damage|p1a: Gardevoir|62/100\n|cant|p1a: Gardevoir|flinch\n|\n|-weather|SunnyDay|[upkeep]\n|upkeep\n|turn|4\n|\n|t:|1776309947\n|switch|p1b: Milotic|Milotic, L50, F|100/100\n|switch|p2b: Sneasler|Sneasler, L50, M|100/100\n|move|p2a: Garchomp|Rock Slide|p1a: Gardevoir|[spread] p1a\n|-miss|p2a: Garchomp|p1b: Milotic\n|-damage|p1a: Gardevoir|25/100\n|cant|p1a: Gardevoir|flinch\n|\n|-weather|SunnyDay|[upkeep]\n|upkeep\n|turn|5\n|\n|t:|1776309986\n|switch|p1a: Venusaur|Venusaur, L50, F|15/100\n|move|p2b: Sneasler|Fake Out|p1b: Milotic\n|-crit|p1b: Milotic\n|-damage|p1b: Milotic|78/100\n|move|p2a: Garchomp|Rock Slide|p1b: Milotic|[spread] p1a,p1b\n|-damage|p1a: Venusaur|0 fnt\n|-damage|p1b: Milotic|57/100\n|faint|p1a: Venusaur\n|cant|p1b: Milotic|flinch\n|\n|-weather|none\n|-heal|p1b: Milotic|63/100|[from] item: Leftovers\n|upkeep\n|\n|t:|1776310000\n|switch|p1a: Gardevoir|Gardevoir, L50, M|25/100\n|turn|6\n|\n|t:|1776310012\n|move|p2a: Garchomp|Rock Slide|p1b: Milotic|[spread] p1a,p1b\n|-damage|p1a: Gardevoir|0 fnt\n|-damage|p1b: Milotic|42/100\n|faint|p1a: Gardevoir\n|move|p2b: Sneasler|Dire Claw|p1b: Milotic\n|-damage|p1b: Milotic|0 fnt\n|faint|p1b: Milotic\n|\n|win|Skib72726161\n|raw|caprid's rating: 1094 &rarr; <strong>1064</strong><br />(-30 for losing)\n|raw|Skib72726161's rating: 1000 &rarr; <strong>1051</strong><br />(+51 for winning)\n|l|\u2606caprid\n|player|p1|\n",
  "uploadtime": 1776310045,
  "views": 32,
  "formatid": "gen9championsvgc2026regma",
  "rating": 1051,
  "private": 0,
  "password": null
}