{
  "id": "gen9championsvgc2026regma-2584974207",
  "format": "[Gen 9 Champions] VGC 2026 Reg M-A",
  "players": [
    "MRRAAWWWW",
    "IndoMichael"
  ],
  "log": "|j|\u203dMRRAAWWWW\n|j|\u2606IndoMichael\n|t:|1776299658\n|gametype|doubles\n|player|p1|MRRAAWWWW|steven|1047\n|player|p2|IndoMichael|169|1000\n|gen|9\n|tier|[Gen 9 Champions] VGC 2026 Reg M-A\n|rated|\n|rule|Species Clause: Limit one of each Pok\u00e9mon\n|rule|Item Clause: Limit 1 of each item\n|clearpoke\n|poke|p1|Delphox, L50, M|\n|poke|p1|Sneasler, L50, F|\n|poke|p1|Basculegion, L50, M|\n|poke|p1|Dragonite, L50, M|\n|poke|p1|Clefable, L50, M|\n|poke|p1|Kingambit, L50, M|\n|poke|p2|Gallade, L50, M|\n|poke|p2|Maushold-Four, L50|\n|poke|p2|Aerodactyl, L50, F|\n|poke|p2|Arcanine, L50, F|\n|poke|p2|Meowscarada, L50, M|\n|poke|p2|Gengar, L50, F|\n|teampreview|4\nMRRAAWWWW rejected open team sheets.\n|\n|t:|1776299682\n|teamsize|p1|4\n|teamsize|p2|4\n|start\n|switch|p1a: Delphox|Delphox, L50, M, shiny|100/100\n|switch|p1b: Basculegion|Basculegion, L50, M|100/100\n|switch|p2a: Aerodactyl|Aerodactyl, L50, F, shiny|100/100\n|switch|p2b: Maushold|Maushold-Four, L50, shiny|100/100\n|-ability|p2a: Aerodactyl|Unnerve\n|turn|1\n|inactive|Battle timer is ON: inactive players will automatically lose when time's up. (requested by IndoMichael)\n|\n|t:|1776299716\n|detailschange|p1a: Delphox|Delphox-Mega, L50, M, shiny\n|-mega|p1a: Delphox|Delphox|Delphoxite\n|move|p2b: Maushold|Follow Me|p2b: Maushold\n|-singleturn|p2b: Maushold|move: Follow Me\n|move|p1a: Delphox|Psychic|p2b: Maushold\n|-damage|p2b: Maushold|36/100\n|move|p2a: Aerodactyl|Tailwind|p2a: Aerodactyl\n|-sidestart|p2: IndoMichael|move: Tailwind\n|move|p1b: Basculegion|Flip Turn|p2b: Maushold\n|-damage|p2b: Maushold|0 fnt\n|faint|p2b: Maushold\n|\n|t:|1776299737\n|switch|p1b: Sneasler|Sneasler, L50, F|100/100|[from] Flip Turn\n|\n|upkeep\n|\n|t:|1776299743\n|switch|p2b: Gallade|Gallade, L50, M, shiny|100/100\n|turn|2\n|inactive|MRRAAWWWW has 30 seconds left.\n|\n|t:|1776299769\n|detailschange|p2b: Gallade|Gallade-Mega, L50, M, shiny\n|-mega|p2b: Gallade|Gallade|Galladite\n|move|p1b: Sneasler|Fake Out|p2a: Aerodactyl\n|-resisted|p2a: Aerodactyl|1\n|-crit|p2a: Aerodactyl\n|-damage|p2a: Aerodactyl|84/100\n|cant|p2a: Aerodactyl|flinch\n|move|p2b: Gallade|Psycho Cut|p1b: Sneasler\n|-supereffective|p1b: Sneasler|2\n|-enditem|p1b: Sneasler|Focus Sash\n|-damage|p1b: Sneasler|1/100\n|move|p1a: Delphox|Heat Wave|p2a: Aerodactyl|[spread] p2a,p2b\n|-resisted|p2a: Aerodactyl|1\n|-damage|p2a: Aerodactyl|51/100\n|-damage|p2b: Gallade|57/100\n|\n|upkeep\n|turn|3\n|inactive|MRRAAWWWW has 30 seconds left.\n|inactive|MRRAAWWWW has 20 seconds left.\n|\n|t:|1776299805\n|move|p2b: Gallade|Protect|p2b: Gallade\n|-singleturn|p2b: Gallade|Protect\n|move|p2a: Aerodactyl|Rock Slide|p1b: Sneasler|[spread] p1a,p1b\n|-supereffective|p1a: Delphox|1\n|-resisted|p1b: Sneasler|1\n|-damage|p1a: Delphox|24/100\n|-damage|p1b: Sneasler|0 fnt\n|faint|p1b: Sneasler\n|cant|p1a: Delphox|flinch\n|\n|upkeep\n|inactive|MRRAAWWWW has 30 seconds left.\n|inactive|MRRAAWWWW has 20 seconds left.\n|inactive|MRRAAWWWW has 15 seconds left.\n|\n|t:|1776299848\n|switch|p1b: Clefable|Clefable, L50, M|100/100\n|turn|4\n|inactive|MRRAAWWWW has 30 seconds left.\n|\n|t:|1776299873\n|move|p1b: Clefable|Follow Me|p1b: Clefable\n|-singleturn|p1b: Clefable|move: Follow Me\n|move|p2a: Aerodactyl|Rock Slide|p1b: Clefable|[spread] p1a,p1b\n|-supereffective|p1a: Delphox|1\n|-damage|p1a: Delphox|0 fnt\n|-damage|p1b: Clefable|80/100\n|faint|p1a: Delphox\n|move|p2b: Gallade|Psycho Cut|p1b: Clefable\n|-damage|p1b: Clefable|44/100\n|\n|-sideend|p2: IndoMichael|move: Tailwind\n|upkeep\n|\n|t:|1776299896\n|switch|p1a: Basculegion|Basculegion, L50, M|100/100\n|turn|5\n|\n|t:|1776299908\n|move|p2a: Aerodactyl|Rock Slide|p1a: Basculegion|[spread] p1a,p1b\n|-damage|p1a: Basculegion|71/100\n|-damage|p1b: Clefable|26/100\n|cant|p1a: Basculegion|flinch\n|move|p2b: Gallade|Psycho Cut|p1b: Clefable\n|-damage|p1b: Clefable|0 fnt\n|faint|p1b: Clefable\n|\n|upkeep\n|turn|6\n|\n|t:|1776299924\n|move|p2a: Aerodactyl|Dual Wingbeat|p1a: Basculegion\n|-damage|p1a: Basculegion|48/100\n|-damage|p1a: Basculegion|27/100\n|-hitcount|p1a: Basculegion|2\n|move|p1a: Basculegion|Wave Crash|p2b: Gallade\n|-damage|p2b: Gallade|0 fnt\n|faint|p2b: Gallade\n|-damage|p1a: Basculegion|13/100|[from] Recoil\n|\n|upkeep\n|\n|t:|1776299934\n|switch|p2b: Meowscarada|Meowscarada, L50, M, shiny|100/100\n|turn|7\n|\n|t:|1776299939\n|move|p2b: Meowscarada|Flower Trick|p1a: Basculegion\n|-start|p2b: Meowscarada|typechange|Grass|[from] ability: Protean\n|-supereffective|p1a: Basculegion|1\n|-crit|p1a: Basculegion\n|-damage|p1a: Basculegion|0 fnt\n|faint|p1a: Basculegion\n|\n|win|IndoMichael\n|raw|MRRAAWWWW's rating: 1047 &rarr; <strong>1028</strong><br />(-19 for losing)\n|raw|IndoMichael's rating: 1000 &rarr; <strong>1045</strong><br />(+45 for winning)\n|l|\u203dMRRAAWWWW\n|player|p1|\n",
  "uploadtime": 1776299948,
  "views": 37,
  "formatid": "gen9championsvgc2026regma",
  "rating": 1028,
  "private": 0,
  "password": null
}