{
  "id": "gen9championsvgc2026regma-2581271963",
  "format": "[Gen 9 Champions] VGC 2026 Reg M-A",
  "players": [
    "Escavalegs",
    "johnngxyen1"
  ],
  "log": "|j|\u2606Escavalegs\n|j|\u2606johnngxyen1\n|t:|1775979432\n|gametype|doubles\n|player|p1|Escavalegs|mela|1000\n|player|p2|johnngxyen1|170|1000\n|gen|9\n|tier|[Gen 9 Champions] VGC 2026 Reg M-A\n|rated|\n|rule|Species Clause: Limit one of each Pok\u00e9mon\n|rule|Item Clause: Limit 1 of each item\n|clearpoke\n|poke|p1|Drampa, L50, M|\n|poke|p1|Sylveon, L50, F|\n|poke|p1|Primarina, L50, M|\n|poke|p1|Beartic, L50, F|\n|poke|p1|Slowking, L50, F|\n|poke|p1|Ninetales-Alola, L50, M|\n|poke|p2|Froslass, L50, F|\n|poke|p2|Rotom-Frost, L50|\n|poke|p2|Incineroar, L50, M|\n|poke|p2|Basculegion, L50, M|\n|poke|p2|Garchomp, L50, M|\n|poke|p2|Orthworm, L50, M|\n|teampreview|4\njohnngxyen1 has agreed to open team sheets.\n|\n|t:|1775979480\n|teamsize|p1|4\n|teamsize|p2|4\n|start\n|switch|p1a: Beartic|Beartic, L50, F|100/100\n|switch|p1b: Primarina|Primarina, L50, M|100/100\n|switch|p2a: Orthworm|Orthworm, L50, M|100/100\n|switch|p2b: Froslass|Froslass, L50, F|100/100\n|turn|1\n|\n|t:|1775979513\n|detailschange|p2b: Froslass|Froslass-Mega, L50, F\n|-mega|p2b: Froslass|Froslass|Froslassite\n|-weather|Snowscape|[from] ability: Snow Warning|[of] p2b: Froslass\n|move|p1a: Beartic|Round|p2a: Orthworm\n|-resisted|p2a: Orthworm|1\n|-damage|p2a: Orthworm|93/100\n|move|p1b: Primarina|Round|p2b: Froslass|[from] move: Round\n|-damage|p2b: Froslass|0 fnt\n|faint|p2b: Froslass\n|move|p2a: Orthworm|Iron Defense|p2a: Orthworm\n|-boost|p2a: Orthworm|def|2\n|\n|-weather|Snowscape|[upkeep]\n|upkeep\n|\n|t:|1775979529\n|switch|p2b: Basculegion|Basculegion, L50, M|100/100\n|turn|2\n|\n|t:|1775979549\n|move|p1a: Beartic|Round|p2a: Orthworm\n|-resisted|p2a: Orthworm|1\n|-damage|p2a: Orthworm|85/100\n|move|p1b: Primarina|Round|p2a: Orthworm|[from] move: Round\n|-damage|p2a: Orthworm|0 fnt\n|faint|p2a: Orthworm\n|move|p2b: Basculegion|Last Respects|p1b: Primarina\n|-damage|p1b: Primarina|0 fnt\n|faint|p1b: Primarina\n|\n|-weather|Snowscape|[upkeep]\n|upkeep\n|\n|t:|1775979561\n|switch|p2a: Rotom|Rotom-Frost, L50|100/100\n|switch|p1b: Drampa|Drampa, L50, M|100/100\n|-ability|p1b: Drampa|Cloud Nine\n|turn|3\n|\n|t:|1775979571\n|detailschange|p1b: Drampa|Drampa-Mega, L50, M\n|-mega|p1b: Drampa|Drampa|Drampanite\n|move|p1b: Drampa|Protect|p1b: Drampa\n|-singleturn|p1b: Drampa|Protect\n|move|p1a: Beartic|Rock Slide|p2a: Rotom|[spread] p2a,p2b\n|-supereffective|p2a: Rotom|1\n|-damage|p2a: Rotom|71/100\n|-damage|p2b: Basculegion|76/100\n|move|p2b: Basculegion|Last Respects|p1a: Beartic\n|-damage|p1a: Beartic|6/100\n|move|p2a: Rotom|Substitute|p2a: Rotom\n|-start|p2a: Rotom|Substitute\n|-damage|p2a: Rotom|46/100\n|\n|-weather|Snowscape|[upkeep]\n|upkeep\n|turn|4\n|\n|t:|1775979593\n|move|p1a: Beartic|Rock Slide|p2b: Basculegion|[spread] p2a,p2b\n|-supereffective|p2a: Rotom|1\n|-crit|p2a: Rotom\n|-end|p2a: Rotom|Substitute\n|-damage|p2b: Basculegion|52/100\n|cant|p2b: Basculegion|flinch\n|move|p2a: Rotom|Blizzard|p1a: Beartic|[spread] p1a,p1b\n|-resisted|p1a: Beartic|1\n|-supereffective|p1b: Drampa|1\n|-damage|p1a: Beartic|0 fnt\n|-damage|p1b: Drampa|19/100\n|faint|p1a: Beartic\n|-ability|p1b: Drampa|Berserk|boost\n|-boost|p1b: Drampa|spa|1\n|move|p1b: Drampa|Dragon Pulse|p2b: Basculegion\n|-damage|p2b: Basculegion|0 fnt\n|faint|p2b: Basculegion\n|\n|-weather|Snowscape|[upkeep]\n|upkeep\n|\n|t:|1775979602\n|switch|p1a: Ninetales|Ninetales-Alola, L50, M|100/100\n|turn|5\n|\n|t:|1775979610\n|move|p1a: Ninetales|Round|p2a: Rotom\n|-damage|p2a: Rotom|34/100\n|move|p1b: Drampa|Round|p2a: Rotom|[from] move: Round\n|-damage|p2a: Rotom|0 fnt\n|faint|p2a: Rotom\n|\n|win|Escavalegs\n|raw|Escavalegs's rating: 1000 &rarr; <strong>1040</strong><br />(+40 for winning)\n|raw|johnngxyen1's rating: 1000 &rarr; <strong>1000</strong><br />(+0 for losing)\n|l|\u2606johnngxyen1\n|player|p2|\n",
  "uploadtime": 1775979619,
  "views": 21,
  "formatid": "gen9championsvgc2026regma",
  "rating": 1000,
  "private": 0,
  "password": null
}