{
  "id": "gen9championsvgc2026regma-2586889372",
  "format": "[Gen 9 Champions] VGC 2026 Reg M-A",
  "players": [
    "AzzIcooked",
    "Deimossart"
  ],
  "log": "|j|\u2606AzzIcooked\n|j|\u2606Deimossart\n|t:|1776468877\n|gametype|doubles\n|player|p1|AzzIcooked|170|1033\n|player|p2|Deimossart|clown|1070\n|gen|9\n|tier|[Gen 9 Champions] VGC 2026 Reg M-A\n|rated|\n|rule|Species Clause: Limit one of each Pok\u00e9mon\n|rule|Item Clause: Limit 1 of each item\n|clearpoke\n|poke|p1|Heracross, L50, M|\n|poke|p1|Farigiraf, L50, F|\n|poke|p1|Armarouge, L50, F|\n|poke|p1|Clefable, L50, M|\n|poke|p1|Aerodactyl, L50, F|\n|poke|p1|Tinkaton, L50, F|\n|poke|p2|Farigiraf, L50, M|\n|poke|p2|Ampharos, L50, F|\n|poke|p2|Conkeldurr, L50, F|\n|poke|p2|Kingambit, L50, F|\n|poke|p2|Sinistcha, L50|\n|poke|p2|Toxapex, L50, M|\n|teampreview|4\n|inactive|Battle timer is ON: inactive players will automatically lose when time's up. (requested by AzzIcooked)\n|\n|t:|1776468925\n|teamsize|p1|4\n|teamsize|p2|4\n|start\n|switch|p1a: Heracross|Heracross, L50, M, shiny|100/100\n|switch|p1b: Tinkaton|Tinkaton, L50, F|100/100\n|switch|p2a: Farigiraf|Farigiraf, L50, M|100/100\n|switch|p2b: Ampharos|Ampharos, L50, F|100/100\n|-ability|p1b: Tinkaton|Mold Breaker\n|turn|1\n|inactive|Deimossart has 30 seconds left.\n|\n|t:|1776468959\n|detailschange|p1a: Heracross|Heracross-Mega, L50, M, shiny\n|-mega|p1a: Heracross|Heracross|Heracronite\n|detailschange|p2b: Ampharos|Ampharos-Mega, L50, F\n|-mega|p2b: Ampharos|Ampharos|Ampharosite\n|-ability|p2b: Ampharos|Mold Breaker\n|move|p1b: Tinkaton|Gigaton Hammer|p2b: Ampharos\n|-resisted|p2b: Ampharos|1\n|-damage|p2b: Ampharos|82/100\n|move|p1a: Heracross|Pin Missile|p2a: Farigiraf\n|-supereffective|p2a: Farigiraf|1\n|-damage|p2a: Farigiraf|67/100\n|-supereffective|p2a: Farigiraf|1\n|-damage|p2a: Farigiraf|32/100\n|-supereffective|p2a: Farigiraf|1\n|-damage|p2a: Farigiraf|0 fnt\n|faint|p2a: Farigiraf\n|-hitcount|p2: Farigiraf|3\n|move|p2b: Ampharos|Meteor Beam||[still]\n|-prepare|p2b: Ampharos|Meteor Beam\n|-boost|p2b: Ampharos|spa|1\n|\n|upkeep\n|inactive|Deimossart has 30 seconds left.\n|\n|t:|1776468988\n|switch|p2a: Toxapex|Toxapex, L50, M|100/100\n|turn|2\n|\n|t:|1776469004\n|move|p1b: Tinkaton|Play Rough|p2b: Ampharos\n|-supereffective|p2b: Ampharos|1\n|-damage|p2b: Ampharos|36/100\n|-unboost|p2b: Ampharos|atk|1\n|move|p1a: Heracross|Pin Missile|p2b: Ampharos\n|-damage|p2b: Ampharos|20/100\n|-damage|p2b: Ampharos|5/100\n|-damage|p2b: Ampharos|0 fnt\n|faint|p2b: Ampharos\n|-hitcount|p2: Ampharos|3\n|move|p2a: Toxapex|Toxic|p1b: Tinkaton\n|-immune|p1b: Tinkaton\n|\n|upkeep\n|\n|t:|1776469017\n|switch|p2b: Kingambit|Kingambit, L50, F|100/100\n|turn|3\n|\n|t:|1776469031\n|move|p2a: Toxapex|Baneful Bunker|p2a: Toxapex\n|-singleturn|p2a: Toxapex|move: Protect\n|move|p1b: Tinkaton|Feint|p2b: Kingambit\n|-resisted|p2b: Kingambit|1\n|-damage|p2b: Kingambit|98/100\n|move|p1a: Heracross|Close Combat|p2b: Kingambit\n|-supereffective|p2b: Kingambit|2\n|-damage|p2b: Kingambit|0 fnt\n|-unboost|p1a: Heracross|def|1\n|-unboost|p1a: Heracross|spd|1\n|faint|p2b: Kingambit\n|\n|upkeep\n|turn|4\n|\n|t:|1776469047\n|move|p2a: Toxapex|Baneful Bunker||[still]\n|-fail|p2a: Toxapex\n|move|p1b: Tinkaton|Gigaton Hammer|p2a: Toxapex\n|-resisted|p2a: Toxapex|1\n|-damage|p2a: Toxapex|81/100\n|move|p1a: Heracross|Rock Blast|p2a: Toxapex\n|-damage|p2a: Toxapex|70/100\n|-damage|p2a: Toxapex|58/100\n|-damage|p2a: Toxapex|45/100\n|-damage|p2a: Toxapex|33/100\n|-damage|p2a: Toxapex|21/100\n|-hitcount|p2a: Toxapex|5\n|\n|-heal|p2a: Toxapex|27/100|[from] item: Leftovers\n|upkeep\n|turn|5\n|\n|t:|1776469067\n|move|p1b: Tinkaton|Feint|p2a: Toxapex\n|-damage|p2a: Toxapex|21/100\n|move|p1a: Heracross|Rock Blast|p2a: Toxapex\n|-damage|p2a: Toxapex|9/100\n|-damage|p2a: Toxapex|0 fnt\n|faint|p2a: Toxapex\n|-hitcount|p2: Toxapex|2\n|\n|win|AzzIcooked\n|raw|AzzIcooked's rating: 1033 &rarr; <strong>1072</strong><br />(+39 for winning)\n|raw|Deimossart's rating: 1070 &rarr; <strong>1047</strong><br />(-23 for losing)\n",
  "uploadtime": 1776469074,
  "views": 22,
  "formatid": "gen9championsvgc2026regma",
  "rating": 1047,
  "private": 0,
  "password": null
}