{
  "id": "gen9championsvgc2026regma-2585607038",
  "format": "[Gen 9 Champions] VGC 2026 Reg M-A",
  "players": [
    "freakyman",
    "tommygohard"
  ],
  "log": "|j|\u2606freakyman\n|j|\u2606tommygohard\n|t:|1776358522\n|gametype|doubles\n|player|p1|freakyman|artist-gen4|1127\n|player|p2|tommygohard|ghetsis|1125\n|gen|9\n|tier|[Gen 9 Champions] VGC 2026 Reg M-A\n|rated|\n|rule|Species Clause: Limit one of each Pok\u00e9mon\n|rule|Item Clause: Limit 1 of each item\n|clearpoke\n|poke|p1|Blastoise, L50, F|\n|poke|p1|Alakazam, L50, M|\n|poke|p1|Pelipper, L50, F|\n|poke|p1|Scizor, L50, M|\n|poke|p1|Rotom, L50|\n|poke|p1|Sinistcha-Masterpiece, L50|\n|poke|p2|Aggron, L50, F|\n|poke|p2|Pelipper, L50, M|\n|poke|p2|Sinistcha, L50|\n|poke|p2|Incineroar, L50, F|\n|poke|p2|Sneasler, L50, F|\n|poke|p2|Basculegion, L50, M|\n|teampreview|4\n|inactive|Battle timer is ON: inactive players will automatically lose when time's up. (requested by freakyman)\n|inactive|tommygohard has 60 seconds left.\n|\n|t:|1776358562\n|teamsize|p1|4\n|teamsize|p2|4\n|start\n|switch|p1a: Blastoise|Blastoise, L50, F|100/100\n|switch|p1b: Sinistcha|Sinistcha-Masterpiece, L50|100/100\n|switch|p2a: Aggron|Aggron, L50, F|100/100\n|switch|p2b: Sneasler|Sneasler, L50, F|100/100\n|turn|1\n|\n|t:|1776358581\n|detailschange|p1a: Blastoise|Blastoise-Mega, L50, F\n|-mega|p1a: Blastoise|Blastoise|Blastoisinite\n|detailschange|p2a: Aggron|Aggron-Mega, L50, F\n|-mega|p2a: Aggron|Aggron|Aggronite\n|move|p2b: Sneasler|Fake Out|p1a: Blastoise\n|-damage|p1a: Blastoise|85/100\n|move|p1b: Sinistcha|Rage Powder|p1b: Sinistcha\n|-singleturn|p1b: Sinistcha|move: Rage Powder\n|cant|p1a: Blastoise|flinch\n|move|p2a: Aggron|Iron Defense|p2a: Aggron\n|-boost|p2a: Aggron|def|2\n|\n|upkeep\n|turn|2\n|inactive|freakyman has 30 seconds left.\n|inactive|tommygohard has 30 seconds left.\n|inactive|tommygohard has 20 seconds left.\n|\n|t:|1776358619\n|switch|p1b: Alakazam|Alakazam, L50, M|100/100\n|move|p2b: Sneasler|Dire Claw|p1a: Blastoise\n|-damage|p1a: Blastoise|40/100\n|move|p1a: Blastoise|Shell Smash|p1a: Blastoise\n|-unboost|p1a: Blastoise|def|1\n|-unboost|p1a: Blastoise|spd|1\n|-boost|p1a: Blastoise|atk|2\n|-boost|p1a: Blastoise|spa|2\n|-boost|p1a: Blastoise|spe|2\n|move|p2a: Aggron|Heavy Slam|p1b: Alakazam\n|-enditem|p1b: Alakazam|Focus Sash\n|-damage|p1b: Alakazam|1/100\n|\n|upkeep\n|turn|3\n|inactive|freakyman has 30 seconds left.\n|\n|t:|1776358648\n|move|p2a: Aggron|Protect|p2a: Aggron\n|-singleturn|p2a: Aggron|Protect\n|move|p1a: Blastoise|Water Pulse|p2a: Aggron\n|-activate|p2a: Aggron|move: Protect\n|move|p1b: Alakazam|Psychic Terrain|p1b: Alakazam\n|-fieldstart|move: Psychic Terrain\n|move|p2b: Sneasler|Rock Slide|p1a: Blastoise|[spread] p1a,p1b\n|-damage|p1a: Blastoise|11/100\n|-damage|p1b: Alakazam|0 fnt\n|faint|p1b: Alakazam\n|\n|upkeep\n|\n|t:|1776358661\n|switch|p1b: Sinistcha|Sinistcha-Masterpiece, L50|100/100\n|-heal|p1a: Blastoise|36/100|[from] ability: Hospitality|[of] p1b: Sinistcha\n|turn|4\n|inactive|tommygohard has 30 seconds left.\n|\n|t:|1776358688\n|switch|p2b: Basculegion|Basculegion, L50, M|100/100\n|move|p1b: Sinistcha|Rage Powder|p1b: Sinistcha\n|-singleturn|p1b: Sinistcha|move: Rage Powder\n|move|p1a: Blastoise|Terrain Pulse|p2b: Basculegion\n|-damage|p2b: Basculegion|0 fnt\n|faint|p2b: Basculegion\n|move|p2a: Aggron|Heavy Slam|p1b: Sinistcha\n|-damage|p1b: Sinistcha|56/100\n|\n|upkeep\n|\n|t:|1776358701\n|switch|p2b: Sinistcha|Sinistcha, L50|100/100\n|turn|5\n|l|\u2606freakyman\n|inactive|freakyman disconnected and has a minute to reconnect!\n|player|p1|\n|inactive|freakyman has 30 seconds left.\n|j|\u2606freakyman\n|inactive|freakyman reconnected and has 30 seconds left.\n|player|p1|freakyman|artist-gen4|\n|\n|t:|1776358734\n|switch|p1b: Pelipper|Pelipper, L50, F|100/100\n|-weather|RainDance|[from] ability: Drizzle|[of] p1b: Pelipper\n|move|p2a: Aggron|Protect|p2a: Aggron\n|-singleturn|p2a: Aggron|Protect\n|move|p1a: Blastoise|Terrain Pulse|p2b: Sinistcha\n|-damage|p2b: Sinistcha|0 fnt\n|faint|p2b: Sinistcha\n|\n|-weather|RainDance|[upkeep]\n|upkeep\n|\n|t:|1776358747\n|switch|p2b: Sneasler|Sneasler, L50, F|100/100\n|turn|6\n|\n|t:|1776358754\n|switch|p1b: Sinistcha|Sinistcha-Masterpiece, L50|56/100\n|-heal|p1a: Blastoise|61/100|[from] ability: Hospitality|[of] p1b: Sinistcha\n|move|p2b: Sneasler|Fake Out|p1a: Blastoise\n|-activate|p1a: Blastoise|move: Psychic Terrain\n|move|p1a: Blastoise|Terrain Pulse|p2b: Sneasler\n|-supereffective|p2b: Sneasler|2\n|-damage|p2b: Sneasler|0 fnt\n|faint|p2b: Sneasler\n|move|p2a: Aggron|Body Press|p1a: Blastoise\n|-crit|p1a: Blastoise\n|-damage|p1a: Blastoise|0 fnt\n|faint|p1a: Blastoise\n|\n|-weather|RainDance|[upkeep]\n|upkeep\n|\n|t:|1776358766\n|switch|p1a: Pelipper|Pelipper, L50, F|100/100\n|turn|7\n|\n|t:|1776358783\n|move|p1b: Sinistcha|Matcha Gotcha|p2a: Aggron\n|-resisted|p2a: Aggron|1\n|-damage|p2a: Aggron|86/100\n|-heal|p1b: Sinistcha|64/100|[from] drain|[of] p2a: Aggron\n|-status|p2a: Aggron|brn\n|move|p1a: Pelipper|Weather Ball|p2a: Aggron\n|-damage|p2a: Aggron|39/100 brn\n|move|p2a: Aggron|Heavy Slam|p1b: Sinistcha\n|-damage|p1b: Sinistcha|44/100\n|\n|-weather|RainDance|[upkeep]\n|-damage|p2a: Aggron|33/100 brn|[from] brn\n|-fieldend|move: Psychic Terrain\n|upkeep\n|turn|8\n|inactive|tommygohard has 30 seconds left.\n|inactive|tommygohard has 20 seconds left.\n|inactive|tommygohard has 15 seconds left.\n|c|\u2606tommygohard|hai beccato tutto coglione del cazzo muori sotto atroci sofferenze\n|inactive|tommygohard has 10 seconds left.\n|inactive|tommygohard has 5 seconds left.\n|\n|t:|1776358838\n|move|p1b: Sinistcha|Strength Sap|p2a: Aggron\n|-unboost|p2a: Aggron|atk|1\n|-heal|p1b: Sinistcha|100/100\n|move|p1a: Pelipper|Weather Ball|p2a: Aggron\n|-damage|p2a: Aggron|0 fnt\n|faint|p2a: Aggron\n|\n|win|freakyman\n",
  "uploadtime": 1776358824,
  "views": 17,
  "formatid": "gen9championsvgc2026regma",
  "rating": null,
  "private": 0,
  "password": null
}