{
  "id": "gen9championsvgc2026regma-2582302721",
  "format": "[Gen 9 Champions] VGC 2026 Reg M-A",
  "players": [
    "key114514",
    "mmuurrii"
  ],
  "log": "|badge|p1|bronze|gen9nu|100-9\n|uhtml|medal-msg|<div class=\"broadcast-blue\">Curious what those medals under the avatar are? PS now has Ladder Seasons! For more information, check out the <a href=\"https://www.smogon.com/forums/threads/3740067/\">thread on Smogon.</a></div>\n|j|\u2606key114514\n|j|\u2606mmuurrii\n|t:|1776081445\n|gametype|doubles\n|player|p1|key114514|101|1041\n|player|p2|mmuurrii|169|1128\n|gen|9\n|tier|[Gen 9 Champions] VGC 2026 Reg M-A\n|rated|\n|rule|Species Clause: Limit one of each Pok\u00e9mon\n|rule|Item Clause: Limit 1 of each item\n|clearpoke\n|poke|p1|Krookodile, L50, F|\n|poke|p1|Vanilluxe, L50, F|\n|poke|p1|Hawlucha, L50, F|\n|poke|p1|Kingambit, L50, M|\n|poke|p1|Froslass, L50, F|\n|poke|p1|Snorlax, L50, F|\n|poke|p2|Kingambit, L50, F|\n|poke|p2|Incineroar, L50, M|\n|poke|p2|Venusaur, L50, M|\n|poke|p2|Sneasler, L50, M|\n|poke|p2|Dragonite, L50, M|\n|poke|p2|Basculegion, L50, M|\n|teampreview|4\n|\n|t:|1776081489\n|teamsize|p1|4\n|teamsize|p2|4\n|start\n|switch|p1a: Hawlucha|Hawlucha, L50, F|100/100\n|switch|p1b: Krookodile|Krookodile, L50, F|100/100\n|switch|p2a: Sneasler|Sneasler, L50, M|100/100\n|switch|p2b: Kingambit|Kingambit, L50, F|100/100\n|-ability|p1b: Krookodile|Intimidate|boost\n|-unboost|p2a: Sneasler|atk|1\n|-unboost|p2b: Kingambit|atk|1\n|-ability|p2b: Kingambit|Defiant|boost\n|-boost|p2b: Kingambit|atk|2\n|turn|1\n|\n|t:|1776081515\n|detailschange|p1a: Hawlucha|Hawlucha-Mega, L50, F\n|-mega|p1a: Hawlucha|Hawlucha|Hawluchanite\n|move|p2b: Kingambit|Protect|p2b: Kingambit\n|-singleturn|p2b: Kingambit|Protect\n|move|p2a: Sneasler|Close Combat|p1b: Krookodile\n|-supereffective|p1b: Krookodile|1\n|-damage|p1b: Krookodile|8/100\n|-unboost|p2a: Sneasler|def|1\n|-unboost|p2a: Sneasler|spd|1\n|move|p1a: Hawlucha|Cross Chop|p2b: Kingambit\n|-activate|p2b: Kingambit|move: Protect\n|move|p1b: Krookodile|Rock Slide|p2a: Sneasler|[spread] p2a\n|-activate|p2b: Kingambit|move: Protect\n|-resisted|p2a: Sneasler|1\n|-damage|p2a: Sneasler|82/100\n|\n|-heal|p1b: Krookodile|14/100|[from] item: Leftovers\n|upkeep\n|turn|2\n|\n|t:|1776081542\n|switch|p2b: Basculegion|Basculegion, L50, M|100/100\n|move|p1b: Krookodile|Protect|p1b: Krookodile\n|-singleturn|p1b: Krookodile|Protect\n|move|p2a: Sneasler|Close Combat|p1b: Krookodile\n|-activate|p1b: Krookodile|move: Protect\n|move|p1a: Hawlucha|Cross Chop|p2b: Basculegion\n|-immune|p2b: Basculegion\n|\n|-heal|p1b: Krookodile|20/100|[from] item: Leftovers\n|upkeep\n|turn|3\n|\n|t:|1776081568\n|move|p2b: Basculegion|Flip Turn|p1b: Krookodile\n|-supereffective|p1b: Krookodile|1\n|-damage|p1b: Krookodile|0 fnt\n|faint|p1b: Krookodile\n|\n|t:|1776081575\n|switch|p2b: Venusaur|Venusaur, L50, M|100/100|[from] Flip Turn\n|move|p2a: Sneasler|Close Combat|p1a: Hawlucha\n|-resisted|p1a: Hawlucha|1\n|-crit|p1a: Hawlucha\n|-damage|p1a: Hawlucha|55/100\n|-unboost|p2a: Sneasler|def|1\n|-unboost|p2a: Sneasler|spd|1\n|move|p1a: Hawlucha|Cross Chop|p2a: Sneasler\n|-resisted|p2a: Sneasler|1\n|-damage|p2a: Sneasler|2/100\n|\n|upkeep\n|\n|t:|1776081583\n|switch|p1b: Kingambit|Kingambit, L50, M|100/100\n|turn|4\n|\n|t:|1776081614\n|detailschange|p2b: Venusaur|Venusaur-Mega, L50, M\n|-mega|p2b: Venusaur|Venusaur|Venusaurite\n|move|p2a: Sneasler|Protect|p2a: Sneasler\n|-singleturn|p2a: Sneasler|Protect\n|move|p1a: Hawlucha|Entrainment|p1b: Kingambit\n|-ability|p1b: Kingambit|No Guard|Defiant|[from] move: Entrainment|[of] p1a: Hawlucha\n|move|p2b: Venusaur|Earth Power|p1b: Kingambit\n|-supereffective|p1b: Kingambit|1\n|-damage|p1b: Kingambit|49/100\n|-unboost|p1b: Kingambit|spd|1\n|move|p1b: Kingambit|Guillotine|p2b: Venusaur\n|-damage|p2b: Venusaur|0 fnt\n|faint|p2b: Venusaur\n|-ohko\n|\n|upkeep\n|\n|t:|1776081635\n|switch|p2b: Basculegion|Basculegion, L50, M|100/100\n|turn|5\n|\n|t:|1776081646\n|move|p1b: Kingambit|Protect|p1b: Kingambit\n|-singleturn|p1b: Kingambit|Protect\n|move|p2b: Basculegion|Flip Turn|p1b: Kingambit\n|-activate|p1b: Kingambit|move: Protect\n|move|p2a: Sneasler|Close Combat|p1b: Kingambit\n|-activate|p1b: Kingambit|move: Protect\n|move|p1a: Hawlucha|Cross Chop|p2a: Sneasler\n|-resisted|p2a: Sneasler|1\n|-damage|p2a: Sneasler|0 fnt\n|faint|p2a: Sneasler\n|\n|upkeep\n|\n|t:|1776081658\n|switch|p2a: Kingambit|Kingambit, L50, F|100/100\n|turn|6\n|\n|t:|1776081665\n|move|p2a: Kingambit|Protect|p2a: Kingambit\n|-singleturn|p2a: Kingambit|Protect\n|move|p1b: Kingambit|Sucker Punch|p2b: Basculegion\n|-supereffective|p2b: Basculegion|1\n|-damage|p2b: Basculegion|0 fnt\n|faint|p2b: Basculegion\n|move|p1a: Hawlucha|Cross Chop|p2a: Kingambit\n|-activate|p2a: Kingambit|move: Protect\n|\n|upkeep\n|turn|7\n|-message|mmuurrii forfeited.\n|\n|win|key114514\n|raw|key114514's rating: 1041 &rarr; <strong>1083</strong><br />(+42 for winning)\n|raw|mmuurrii's rating: 1128 &rarr; <strong>1097</strong><br />(-31 for losing)\n|l|\u2606mmuurrii\n|player|p2|\n",
  "uploadtime": 1776081686,
  "views": 10,
  "formatid": "gen9championsvgc2026regma",
  "rating": 1083,
  "private": 0,
  "password": null
}