{
  "id": "gen9championsvgc2026regma-2582180835",
  "format": "[Gen 9 Champions] VGC 2026 Reg M-A",
  "players": [
    "Wooper2988",
    "jukasinjakudo"
  ],
  "log": "|j|\u2606Wooper2988\n|j|\u2606jukasinjakudo\n|t:|1776068205\n|gametype|doubles\n|player|p1|Wooper2988|sage|1115\n|player|p2|jukasinjakudo|n|1093\n|gen|9\n|tier|[Gen 9 Champions] VGC 2026 Reg M-A\n|rated|\n|rule|Species Clause: Limit one of each Pok\u00e9mon\n|rule|Item Clause: Limit 1 of each item\n|clearpoke\n|poke|p1|Incineroar, L50, F|\n|poke|p1|Orthworm, L50, F|\n|poke|p1|Tyranitar, L50, F|\n|poke|p1|Garchomp, L50, F|\n|poke|p1|Sinistcha, L50|\n|poke|p1|Rotom-Wash, L50|\n|poke|p2|Archaludon, L50, M|\n|poke|p2|Aegislash, L50, M|\n|poke|p2|Ninetales-Alola, L50, M|\n|poke|p2|Blastoise, L50, M|\n|poke|p2|Sinistcha, L50|\n|poke|p2|Sableye, L50, M|\n|teampreview|4\n|inactive|Battle timer is ON: inactive players will automatically lose when time's up. (requested by jukasinjakudo)\n|inactive|Wooper2988 has 60 seconds left.\n|inactive|Wooper2988 has 30 seconds left.\n|inactive|Wooper2988 has 20 seconds left.\n|inactive|Wooper2988 has 15 seconds left.\n|\n|t:|1776068328\n|teamsize|p1|4\n|teamsize|p2|4\n|start\n|switch|p1a: Orthworm|Orthworm, L50, F|100/100\n|switch|p1b: Rotom|Rotom-Wash, L50|100/100\n|switch|p2a: Archaludon|Archaludon, L50, M|100/100\n|switch|p2b: Sableye|Sableye, L50, M|100/100\n|turn|1\n|inactive|Wooper2988 has 30 seconds left.\n|\n|t:|1776068355\n|move|p2b: Sableye|Rain Dance|p2b: Sableye\n|-weather|RainDance\n|move|p1b: Rotom|Volt Switch|p2a: Archaludon\n|-resisted|p2a: Archaludon|1\n|-damage|p2a: Archaludon|80/100\n|-ability|p2a: Archaludon|Stamina|boost\n|-boost|p2a: Archaludon|def|1\n|\n|t:|1776068364\n|switch|p1b: Tyranitar|Tyranitar, L50, F|100/100|[from] Volt Switch\n|-weather|Sandstorm|[from] ability: Sand Stream|[of] p1b: Tyranitar\n|move|p2a: Archaludon|Electro Shot||[still]\n|-prepare|p2a: Archaludon|Electro Shot\n|-boost|p2a: Archaludon|spa|1\n|move|p1a: Orthworm|Body Press|p2a: Archaludon\n|-supereffective|p2a: Archaludon|1\n|-crit|p2a: Archaludon\n|-damage|p2a: Archaludon|1/100\n|-ability|p2a: Archaludon|Stamina|boost\n|-boost|p2a: Archaludon|def|1\n|\n|-weather|Sandstorm|[upkeep]\n|-damage|p2b: Sableye|95/100|[from] Sandstorm\n|-heal|p2a: Archaludon|7/100|[from] item: Leftovers\n|upkeep\n|turn|2\n|\n|t:|1776068380\n|move|p1a: Orthworm|Protect|p1a: Orthworm\n|-singleturn|p1a: Orthworm|Protect\n|move|p1b: Tyranitar|Protect|p1b: Tyranitar\n|-singleturn|p1b: Tyranitar|Protect\n|move|p2b: Sableye|Disable|p1a: Orthworm\n|-activate|p1a: Orthworm|move: Protect\n|move|p2a: Archaludon|Electro Shot|p1a: Orthworm|[from] lockedmove\n|-activate|p1a: Orthworm|move: Protect\n|\n|-weather|Sandstorm|[upkeep]\n|-damage|p2b: Sableye|89/100|[from] Sandstorm\n|-heal|p2a: Archaludon|14/100|[from] item: Leftovers\n|upkeep\n|turn|3\n|inactive|jukasinjakudo has 30 seconds left.\n|inactive|jukasinjakudo has 20 seconds left.\n|\n|t:|1776068417\n|move|p2b: Sableye|Encore|p1a: Orthworm\n|-start|p1a: Orthworm|Encore\n|move|p1a: Orthworm|Protect||[still]\n|-fail|p1a: Orthworm\n|move|p2a: Archaludon|Aura Sphere|p1b: Tyranitar\n|-supereffective|p1b: Tyranitar|2\n|-damage|p1b: Tyranitar|14/100\n|move|p1b: Tyranitar|Rock Slide|p2a: Archaludon|[spread] p2a\n|-miss|p1b: Tyranitar|p2b: Sableye\n|-resisted|p2a: Archaludon|1\n|-damage|p2a: Archaludon|8/100\n|-ability|p2a: Archaludon|Stamina|boost\n|-boost|p2a: Archaludon|def|1\n|\n|-weather|Sandstorm|[upkeep]\n|-damage|p2b: Sableye|83/100|[from] Sandstorm\n|-heal|p2a: Archaludon|14/100|[from] item: Leftovers\n|upkeep\n|turn|4\n|inactive|Wooper2988 has 30 seconds left.\n|\n|t:|1776068448\n|switch|p1a: Rotom|Rotom-Wash, L50|100/100\n|move|p1b: Tyranitar|Protect|p1b: Tyranitar\n|-singleturn|p1b: Tyranitar|Protect\n|move|p2b: Sableye|Encore|p1b: Tyranitar\n|-activate|p1b: Tyranitar|move: Protect\n|move|p2a: Archaludon|Aura Sphere|p1a: Rotom\n|-damage|p1a: Rotom|48/100\n|\n|-weather|Sandstorm|[upkeep]\n|-damage|p1a: Rotom|42/100|[from] Sandstorm\n|-damage|p2b: Sableye|78/100|[from] Sandstorm\n|-heal|p2a: Archaludon|20/100|[from] item: Leftovers\n|upkeep\n|turn|5\n|inactive|Wooper2988 has 30 seconds left.\n|\n|t:|1776068476\n|switch|p1b: Orthworm|Orthworm, L50, F|100/100\n|switch|p2b: Sinistcha|Sinistcha, L50|100/100\n|-heal|p2a: Archaludon|45/100|[from] ability: Hospitality|[of] p2b: Sinistcha\n|move|p2a: Archaludon|Protect|p2a: Archaludon\n|-singleturn|p2a: Archaludon|Protect\n|move|p1a: Rotom|Shadow Ball|p2a: Archaludon\n|-activate|p2a: Archaludon|move: Protect\n|\n|-weather|none\n|-heal|p2a: Archaludon|52/100|[from] item: Leftovers\n|upkeep\n|turn|6\n|inactive|jukasinjakudo has 30 seconds left.\n|\n|t:|1776068504\n|move|p2b: Sinistcha|Rage Powder|p2b: Sinistcha\n|-singleturn|p2b: Sinistcha|move: Rage Powder\n|move|p1a: Rotom|Shadow Ball|p2b: Sinistcha\n|-supereffective|p2b: Sinistcha|1\n|-damage|p2b: Sinistcha|56/100\n|move|p2a: Archaludon|Aura Sphere|p1b: Orthworm\n|-supereffective|p1b: Orthworm|1\n|-damage|p1b: Orthworm|0 fnt\n|faint|p1b: Orthworm\n|\n|-heal|p2a: Archaludon|58/100|[from] item: Leftovers\n|upkeep\n|\n|t:|1776068519\n|switch|p1b: Garchomp|Garchomp, L50, F|100/100\n|turn|7\n|\n|t:|1776068533\n|switch|p1a: Tyranitar|Tyranitar, L50, F|14/100\n|-weather|Sandstorm|[from] ability: Sand Stream|[of] p1a: Tyranitar\n|move|p1b: Garchomp|Protect|p1b: Garchomp\n|-singleturn|p1b: Garchomp|Protect\n|move|p2a: Archaludon|Protect|p2a: Archaludon\n|-singleturn|p2a: Archaludon|Protect\n|move|p2b: Sinistcha|Trick Room|p2b: Sinistcha\n|-fieldstart|move: Trick Room|[of] p2b: Sinistcha\n|\n|-weather|Sandstorm|[upkeep]\n|-damage|p2b: Sinistcha|49/100|[from] Sandstorm\n|-enditem|p2b: Sinistcha|Sitrus Berry|[eat]\n|-heal|p2b: Sinistcha|74/100|[from] item: Sitrus Berry\n|-heal|p2a: Archaludon|64/100|[from] item: Leftovers\n|upkeep\n|turn|8\n|inactive|Wooper2988 has 30 seconds left.\n|\n|t:|1776068559\n|move|p1a: Tyranitar|Protect|p1a: Tyranitar\n|-singleturn|p1a: Tyranitar|Protect\n|move|p2b: Sinistcha|Matcha Gotcha|p1a: Tyranitar|[spread] \n|-activate|p1a: Tyranitar|move: Protect\n|-miss|p2b: Sinistcha|p1b: Garchomp\n|move|p2a: Archaludon|Flash Cannon|p1b: Garchomp|[miss]\n|-miss|p2a: Archaludon|p1b: Garchomp\n|move|p1b: Garchomp|Earthquake|p2b: Sinistcha|[spread] p2a,p2b\n|-activate|p1a: Tyranitar|move: Protect\n|-supereffective|p2a: Archaludon|1\n|-resisted|p2b: Sinistcha|1\n|-crit|p2b: Sinistcha\n|-damage|p2a: Archaludon|39/100\n|-damage|p2b: Sinistcha|49/100\n|-ability|p2a: Archaludon|Stamina|boost\n|-boost|p2a: Archaludon|def|1\n|\n|-weather|Sandstorm|[upkeep]\n|-damage|p2b: Sinistcha|43/100|[from] Sandstorm\n|-heal|p2a: Archaludon|45/100|[from] item: Leftovers\n|upkeep\n|turn|9\n|inactive|Wooper2988 has 30 seconds left.\n|\n|t:|1776068590\n|switch|p1b: Rotom|Rotom-Wash, L50|42/100\n|detailschange|p1a: Tyranitar|Tyranitar-Mega, L50, F\n|-mega|p1a: Tyranitar|Tyranitar|Tyranitarite\n|move|p2b: Sinistcha|Life Dew|p2b: Sinistcha|[spread] p2a,p2b\n|-heal|p2a: Archaludon|70/100\n|-heal|p2b: Sinistcha|68/100\n|move|p1a: Tyranitar|Knock Off|p2b: Sinistcha\n|-supereffective|p2b: Sinistcha|1\n|-damage|p2b: Sinistcha|0 fnt\n|faint|p2b: Sinistcha\n|move|p2a: Archaludon|Flash Cannon|p1b: Rotom\n|-resisted|p1b: Rotom|2\n|-damage|p1b: Rotom|23/100\n|\n|-weather|Sandstorm|[upkeep]\n|-damage|p1b: Rotom|17/100|[from] Sandstorm\n|-heal|p2a: Archaludon|77/100|[from] item: Leftovers\n|upkeep\n|\n|t:|1776068604\n|switch|p2b: Sableye|Sableye, L50, M|78/100\n|turn|10\n|\n|t:|1776068618\n|switch|p1a: Garchomp|Garchomp, L50, F|100/100\n|move|p2b: Sableye|Rain Dance|p2b: Sableye\n|-weather|RainDance\n|move|p2a: Archaludon|Electro Shot||[still]\n|-prepare|p2a: Archaludon|Electro Shot\n|-boost|p2a: Archaludon|spa|1\n|-anim|p2a: Archaludon|Electro Shot|p1b: Rotom\n|-damage|p1b: Rotom|0 fnt\n|faint|p1b: Rotom\n|\n|-weather|RainDance|[upkeep]\n|-heal|p2a: Archaludon|83/100|[from] item: Leftovers\n|upkeep\n|\n|t:|1776068626\n|switch|p1b: Tyranitar|Tyranitar-Mega, L50, F|14/100\n|-weather|Sandstorm|[from] ability: Sand Stream|[of] p1b: Tyranitar\n|turn|11\n|\n|t:|1776068640\n|move|p2a: Archaludon|Protect|p2a: Archaludon\n|-singleturn|p2a: Archaludon|Protect\n|move|p2b: Sableye|Rain Dance|p2b: Sableye\n|-weather|RainDance\n|move|p1b: Tyranitar|Low Kick|p2a: Archaludon\n|-activate|p2a: Archaludon|move: Protect\n|move|p1a: Garchomp|Earthquake|p2a: Archaludon|[spread] p1b,p2b\n|-activate|p2a: Archaludon|move: Protect\n|-supereffective|p1b: Tyranitar|1\n|-damage|p1b: Tyranitar|0 fnt\n|-damage|p2b: Sableye|43/100\n|faint|p1b: Tyranitar\n|\n|-weather|RainDance|[upkeep]\n|-heal|p2a: Archaludon|89/100|[from] item: Leftovers\n|-fieldend|move: Trick Room\n|upkeep\n|turn|12\n|\n|t:|1776068655\n|move|p2b: Sableye|Disable|p1a: Garchomp\n|-start|p1a: Garchomp|Disable|Earthquake\n|move|p1a: Garchomp|Rock Slide|p2b: Sableye|[spread] p2a,p2b\n|-resisted|p2a: Archaludon|1\n|-damage|p2a: Archaludon|87/100\n|-damage|p2b: Sableye|22/100\n|-ability|p2a: Archaludon|Stamina|boost\n|-boost|p2a: Archaludon|def|1\n|cant|p2a: Archaludon|flinch\n|\n|-weather|RainDance|[upkeep]\n|-heal|p2a: Archaludon|93/100|[from] item: Leftovers\n|upkeep\n|turn|13\n|\n|t:|1776068674\n|move|p1a: Garchomp|Protect|p1a: Garchomp\n|-singleturn|p1a: Garchomp|Protect\n|move|p2b: Sableye|Encore|p1a: Garchomp\n|-activate|p1a: Garchomp|move: Protect\n|move|p2a: Archaludon|Electro Shot||[still]\n|-prepare|p2a: Archaludon|Electro Shot\n|-boost|p2a: Archaludon|spa|1\n|-anim|p2a: Archaludon|Electro Shot|p1a: Garchomp\n|-activate|p1a: Garchomp|move: Protect\n|\n|-weather|RainDance|[upkeep]\n|-heal|p2a: Archaludon|99/100|[from] item: Leftovers\n|upkeep\n|turn|14\n|\n|t:|1776068686\n|move|p2b: Sableye|Encore|p1a: Garchomp\n|-start|p1a: Garchomp|Encore\n|move|p1a: Garchomp|Protect|p1a: Garchomp\n|-singleturn|p1a: Garchomp|Protect\n|move|p2a: Archaludon|Flash Cannon|p1a: Garchomp\n|-activate|p1a: Garchomp|move: Protect\n|\n|-weather|RainDance|[upkeep]\n|-heal|p2a: Archaludon|100/100|[from] item: Leftovers\n|upkeep\n|turn|15\n|\n|t:|1776068697\n|move|p1a: Garchomp|Protect||[still]\n|-fail|p1a: Garchomp\n|move|p2b: Sableye|Taunt|p1a: Garchomp\n|-start|p1a: Garchomp|move: Taunt\n|move|p2a: Archaludon|Electro Shot||[still]\n|-prepare|p2a: Archaludon|Electro Shot\n|-boost|p2a: Archaludon|spa|1\n|-anim|p2a: Archaludon|Electro Shot|p1a: Garchomp\n|-immune|p1a: Garchomp\n|\n|-weather|none\n|-end|p1a: Garchomp|Disable\n|upkeep\n|turn|16\n|\n|t:|1776068714\n|move|p2b: Sableye|Disable|p1a: Garchomp\n|-start|p1a: Garchomp|Disable|Protect\n|-activate|p1a: Garchomp|move: Struggle\n|move|p1a: Garchomp|Struggle|p2a: Archaludon\n|-damage|p2a: Archaludon|96/100\n|-ability|p2a: Archaludon|Stamina|boost\n|-boost|p2a: Archaludon|def|1\n|-damage|p1a: Garchomp|76/100|[from] recoil\n|move|p2a: Archaludon|Flash Cannon|p1a: Garchomp\n|-damage|p1a: Garchomp|0 fnt\n|faint|p1a: Garchomp\n|\n|win|jukasinjakudo\n|raw|Wooper2988's rating: 1115 &rarr; <strong>1088</strong><br />(-27 for losing)\n|raw|jukasinjakudo's rating: 1093 &rarr; <strong>1121</strong><br />(+28 for winning)\n|l|\u2606Wooper2988\n|player|p1|\n",
  "uploadtime": 1776068724,
  "views": 30,
  "formatid": "gen9championsvgc2026regma",
  "rating": 1088,
  "private": 0,
  "password": null
}