{
  "id": "gen9championsvgc2026regma-2581871584",
  "format": "[Gen 9 Champions] VGC 2026 Reg M-A",
  "players": [
    "pikachufan7943",
    "happidoodledoo"
  ],
  "log": "|j|\u2606pikachufan7943\n|j|\u2606happidoodledoo\n|t:|1776035453\n|gametype|doubles\n|player|p1|pikachufan7943|pokekid|1406\n|player|p2|happidoodledoo|ghetsis|1489\n|gen|9\n|tier|[Gen 9 Champions] VGC 2026 Reg M-A\n|rated|\n|rule|Species Clause: Limit one of each Pok\u00e9mon\n|rule|Item Clause: Limit 1 of each item\n|clearpoke\n|poke|p1|Garchomp, L50, F|\n|poke|p1|Delphox, L50, M|\n|poke|p1|Aerodactyl, L50, F|\n|poke|p1|Sneasler, L50, M|\n|poke|p1|Aegislash, L50, F|\n|poke|p1|Sinistcha, L50|\n|poke|p2|Starmie, L50|\n|poke|p2|Incineroar, L50, F|\n|poke|p2|Archaludon, L50, F|\n|poke|p2|Sneasler, L50, F|\n|poke|p2|Pelipper, L50, M|\n|poke|p2|Kingambit, L50, M|\n|teampreview|4\n|inactive|Battle timer is ON: inactive players will automatically lose when time's up. (requested by pikachufan7943)\n|\n|t:|1776035501\n|teamsize|p1|4\n|teamsize|p2|4\n|start\n|switch|p1a: Delphox|Delphox, L50, M|100/100\n|switch|p1b: Aerodactyl|Aerodactyl, L50, F|100/100\n|switch|p2a: Sneasler|Sneasler, L50, F|100/100\n|switch|p2b: Pelipper|Pelipper, L50, M|100/100\n|-ability|p1b: Aerodactyl|Unnerve\n|-weather|RainDance|[from] ability: Drizzle|[of] p2b: Pelipper\n|turn|1\n|inactive|pikachufan7943 has 30 seconds left.\n|\n|t:|1776035535\n|detailschange|p1a: Delphox|Delphox-Mega, L50, M\n|-mega|p1a: Delphox|Delphox|Delphoxite\n|move|p1a: Delphox|Protect|p1a: Delphox\n|-singleturn|p1a: Delphox|Protect\n|move|p1b: Aerodactyl|Protect|p1b: Aerodactyl\n|-singleturn|p1b: Aerodactyl|Protect\n|move|p2a: Sneasler|Fake Out|p1b: Aerodactyl\n|-activate|p1b: Aerodactyl|move: Protect\n|move|p2b: Pelipper|Tailwind|p2b: Pelipper\n|-sidestart|p2: happidoodledoo|move: Tailwind\n|\n|-weather|RainDance|[upkeep]\n|upkeep\n|turn|2\n|\n|t:|1776035556\n|switch|p1a: Aegislash|Aegislash, L50, F|100/100\n|move|p2a: Sneasler|Dire Claw|p1b: Aerodactyl\n|-resisted|p1b: Aerodactyl|1\n|-damage|p1b: Aerodactyl|67/100\n|move|p2b: Pelipper|Weather Ball|p1b: Aerodactyl\n|-supereffective|p1b: Aerodactyl|1\n|-damage|p1b: Aerodactyl|0 fnt\n|faint|p1b: Aerodactyl\n|\n|-weather|RainDance|[upkeep]\n|upkeep\n|j| Tall Tamara\n|l| Tall Tamara\n|\n|t:|1776035566\n|switch|p1b: Sneasler|Sneasler, L50, M|100/100\n|turn|3\n|\n|t:|1776035590\n|switch|p2a: Archaludon|Archaludon, L50, F|100/100\n|move|p2b: Pelipper|Hurricane|p1b: Sneasler\n|-supereffective|p1b: Sneasler|1\n|-damage|p1b: Sneasler|0 fnt\n|faint|p1b: Sneasler\n|move|p1a: Aegislash|Substitute|p1a: Aegislash\n|-start|p1a: Aegislash|Substitute\n|-damage|p1a: Aegislash|76/100\n|\n|-weather|RainDance|[upkeep]\n|-heal|p1a: Aegislash|82/100|[from] item: Leftovers\n|upkeep\n|\n|t:|1776035597\n|switch|p1b: Delphox|Delphox-Mega, L50, M|100/100\n|turn|4\n|\n|t:|1776035605\n|move|p1b: Delphox|Protect|p1b: Delphox\n|-singleturn|p1b: Delphox|Protect\n|move|p1a: Aegislash|King's Shield|p1a: Aegislash\n|-singleturn|p1a: Aegislash|Protect\n|move|p2a: Archaludon|Electro Shot||[still]\n|-prepare|p2a: Archaludon|Electro Shot\n|-boost|p2a: Archaludon|spa|1\n|-anim|p2a: Archaludon|Electro Shot|p1a: Aegislash\n|-activate|p1a: Aegislash|move: Protect\n|move|p2b: Pelipper|Weather Ball|p1b: Delphox\n|-activate|p1b: Delphox|move: Protect\n|\n|-weather|RainDance|[upkeep]\n|-heal|p1a: Aegislash|88/100|[from] item: Leftovers\n|-sideend|p2: happidoodledoo|move: Tailwind\n|upkeep\n|turn|5\n|inactive|pikachufan7943 has 30 seconds left.\n|\n|t:|1776035638\n|move|p2a: Archaludon|Electro Shot||[still]\n|-prepare|p2a: Archaludon|Electro Shot\n|-boost|p2a: Archaludon|spa|1\n|-anim|p2a: Archaludon|Electro Shot|p1a: Aegislash\n|-end|p1a: Aegislash|Substitute\n|move|p1b: Delphox|Psychic|p2b: Pelipper\n|-damage|p2b: Pelipper|9/100\n|move|p2b: Pelipper|Weather Ball|p1b: Delphox\n|-supereffective|p1b: Delphox|1\n|-damage|p1b: Delphox|0 fnt\n|faint|p1b: Delphox\n|-formechange|p1a: Aegislash|Aegislash-Blade|\n|move|p1a: Aegislash|Shadow Ball|p2a: Archaludon\n|-damage|p2a: Archaludon|34/100\n|\n|-weather|none\n|-heal|p1a: Aegislash|94/100|[from] item: Leftovers\n|upkeep\n|turn|6\n|-message|pikachufan7943 forfeited.\n|\n|win|happidoodledoo\n|raw|pikachufan7943's rating: 1406 &rarr; <strong>1391</strong><br />(-15 for losing)\n|raw|happidoodledoo's rating: 1489 &rarr; <strong>1504</strong><br />(+15 for winning)\n|l|\u2606pikachufan7943\n|player|p1|\n|l|\u2606happidoodledoo\n|player|p2|\n",
  "uploadtime": 1776035654,
  "views": 52,
  "formatid": "gen9championsvgc2026regma",
  "rating": 1391,
  "private": 0,
  "password": null
}