{
  "id": "gen9championsvgc2026regma-2581056921",
  "format": "[Gen 9 Champions] VGC 2026 Reg M-A",
  "players": [
    "A5h3r",
    "bujo0n"
  ],
  "log": "|j|\u2606A5h3r\n|j|\u2606bujo0n\n|t:|1775955783\n|gametype|doubles\n|player|p1|A5h3r|alder|1224\n|player|p2|bujo0n|pokemaniac|1298\n|gen|9\n|tier|[Gen 9 Champions] VGC 2026 Reg M-A\n|rated|\n|rule|Species Clause: Limit one of each Pok\u00e9mon\n|rule|Item Clause: Limit 1 of each item\n|clearpoke\n|poke|p1|Pelipper, L50, F|\n|poke|p1|Starmie, L50|\n|poke|p1|Archaludon, L50, F|\n|poke|p1|Sneasler, L50, F|\n|poke|p1|Garchomp, L50, F|\n|poke|p1|Manectric, L50, F|\n|poke|p2|Gengar, L50, M|\n|poke|p2|Incineroar, L50, F|\n|poke|p2|Kingambit, L50, M|\n|poke|p2|Kommo-o, L50, F|\n|poke|p2|Sinistcha-Masterpiece, L50|\n|poke|p2|Tyranitar, L50, M|\n|teampreview|4\n|c|\u2606A5h3r|glhf\n|inactive|Battle timer is ON: inactive players will automatically lose when time's up. (requested by bujo0n)\n|\n|t:|1775955858\n|teamsize|p1|4\n|teamsize|p2|4\n|start\n|switch|p1a: Unity Towers|Archaludon, L50, F|100/100\n|switch|p1b: Rocc Climbing|Sneasler, L50, F, shiny|100/100\n|switch|p2a: Gengar|Gengar, L50, M, shiny|100/100\n|switch|p2b: Kommo-o|Kommo-o, L50, F, shiny|100/100\n|turn|1\n|inactive|A5h3r has 30 seconds left.\n|\n|t:|1775955891\n|detailschange|p2a: Gengar|Gengar-Mega, L50, M, shiny\n|-mega|p2a: Gengar|Gengar|Gengarite\n|move|p2a: Gengar|Protect|p2a: Gengar\n|-singleturn|p2a: Gengar|Protect\n|move|p2b: Kommo-o|Protect|p2b: Kommo-o\n|-singleturn|p2b: Kommo-o|Protect\n|move|p1b: Rocc Climbing|Fake Out|p2b: Kommo-o\n|-activate|p2b: Kommo-o|move: Protect\n|move|p1a: Unity Towers|Draco Meteor|p2a: Gengar\n|-activate|p2a: Gengar|move: Protect\n|\n|upkeep\n|turn|2\n|inactive|A5h3r has 30 seconds left.\n|inactive|bujo0n has 30 seconds left.\n|inactive|bujo0n has 20 seconds left.\n|inactive|bujo0n has 15 seconds left.\n|\n|t:|1775955933\n|move|p2a: Gengar|Perish Song|p2a: Gengar\n|-start|p1a: Unity Towers|perish3|[silent]\n|-start|p1b: Rocc Climbing|perish3|[silent]\n|-start|p2a: Gengar|perish3|[silent]\n|-immune|p2b: Kommo-o|[from] ability: Soundproof\n|-fieldactivate|move: Perish Song\n|move|p1b: Rocc Climbing|Dire Claw|p2b: Kommo-o\n|-damage|p2b: Kommo-o|52/100\n|move|p2b: Kommo-o|Aura Sphere|p1a: Unity Towers\n|-supereffective|p1a: Unity Towers|1\n|-damage|p1a: Unity Towers|8/100\n|move|p1a: Unity Towers|Flash Cannon|p2a: Gengar\n|-damage|p2a: Gengar|50/100\n|\n|-heal|p2b: Kommo-o|58/100|[from] item: Leftovers\n|-start|p2a: Gengar|perish3\n|-start|p1b: Rocc Climbing|perish3\n|-start|p1a: Unity Towers|perish3\n|upkeep\n|turn|3\n|inactive|bujo0n has 30 seconds left.\n|inactive|bujo0n has 20 seconds left.\n|\n|t:|1775955972\n|move|p2a: Gengar|Protect|p2a: Gengar\n|-singleturn|p2a: Gengar|Protect\n|move|p2b: Kommo-o|Protect|p2b: Kommo-o\n|-singleturn|p2b: Kommo-o|Protect\n|move|p1a: Unity Towers|Protect|p1a: Unity Towers\n|-singleturn|p1a: Unity Towers|Protect\n|move|p1b: Rocc Climbing|Dire Claw|p2a: Gengar\n|-activate|p2a: Gengar|move: Protect\n|\n|-heal|p2b: Kommo-o|64/100|[from] item: Leftovers\n|-start|p2a: Gengar|perish2\n|-start|p1b: Rocc Climbing|perish2\n|-start|p1a: Unity Towers|perish2\n|upkeep\n|turn|4\n|\n|t:|1775955996\n|move|p1a: Unity Towers|Protect||[still]\n|-fail|p1a: Unity Towers\n|move|p2a: Gengar|Substitute|p2a: Gengar\n|-start|p2a: Gengar|Substitute\n|-damage|p2a: Gengar|26/100\n|move|p1b: Rocc Climbing|Dire Claw|p2b: Kommo-o\n|-damage|p2b: Kommo-o|13/100\n|move|p2b: Kommo-o|Aura Sphere|p1a: Unity Towers\n|-supereffective|p1a: Unity Towers|1\n|-damage|p1a: Unity Towers|0 fnt\n|faint|p1a: Unity Towers\n|\n|-heal|p2b: Kommo-o|19/100|[from] item: Leftovers\n|-start|p2a: Gengar|perish1\n|-start|p1b: Rocc Climbing|perish1\n|upkeep\n|\n|t:|1775956012\n|switch|p1a: DUMPSTER|Pelipper, L50, F|100/100\n|-weather|RainDance|[from] ability: Drizzle|[of] p1a: DUMPSTER\n|turn|5\n|\n|t:|1775956033\n|switch|p2a: Sinistcha|Sinistcha-Masterpiece, L50, shiny|100/100\n|-heal|p2b: Kommo-o|44/100|[from] ability: Hospitality|[of] p2a: Sinistcha\n|move|p1b: Rocc Climbing|Dire Claw|p2b: Kommo-o\n|-damage|p2b: Kommo-o|0 fnt\n|faint|p2b: Kommo-o\n|move|p1a: DUMPSTER|Weather Ball|p2a: Sinistcha\n|-resisted|p2a: Sinistcha|1\n|-damage|p2a: Sinistcha|68/100\n|\n|-weather|RainDance|[upkeep]\n|-start|p1b: Rocc Climbing|perish0\n|upkeep\n|faint|p1b: Rocc Climbing\n|\n|t:|1775956055\n|switch|p1b: STRUT IT|Starmie, L50, shiny|100/100\n|switch|p2b: Tyranitar|Tyranitar, L50, M, shiny|100/100\n|-weather|Sandstorm|[from] ability: Sand Stream|[of] p2b: Tyranitar\n|turn|6\n|\n|t:|1775956072\n|detailschange|p1b: STRUT IT|Starmie-Mega, L50, shiny\n|-mega|p1b: STRUT IT|Starmie|Starminite\n|move|p2b: Tyranitar|Rock Slide|p1a: DUMPSTER|[spread] p1a,p1b\n|-supereffective|p1a: DUMPSTER|1\n|-damage|p1a: DUMPSTER|19/100\n|-damage|p1b: STRUT IT|62/100\n|cant|p1b: STRUT IT|flinch\n|cant|p1a: DUMPSTER|flinch\n|move|p2a: Sinistcha|Matcha Gotcha|p1a: DUMPSTER|[spread] p1a,p1b\n|-supereffective|p1b: STRUT IT|1\n|-damage|p1a: DUMPSTER|0 fnt\n|-heal|p2a: Sinistcha|76/100|[from] drain|[of] p1a: DUMPSTER\n|-damage|p1b: STRUT IT|3/100\n|-heal|p2a: Sinistcha|98/100|[from] drain|[of] p1b: STRUT IT\n|faint|p1a: DUMPSTER\n|\n|-weather|Sandstorm|[upkeep]\n|-damage|p1b: STRUT IT|0 fnt|[from] Sandstorm\n|-damage|p2a: Sinistcha|92/100|[from] Sandstorm\n|faint|p1b: STRUT IT\n|\n|win|bujo0n\n|raw|A5h3r's rating: 1224 &rarr; <strong>1204</strong><br />(-20 for losing)\n|raw|bujo0n's rating: 1298 &rarr; <strong>1318</strong><br />(+20 for winning)\n|c|\u2606A5h3r|gg\n|l|\u2606bujo0n\n|player|p2|\n",
  "uploadtime": 1775956111,
  "views": 34,
  "formatid": "gen9championsvgc2026regma",
  "rating": 1204,
  "private": 0,
  "password": null
}