{
  "id": "gen9championsvgc2026regma-2586812398",
  "format": "[Gen 9 Champions] VGC 2026 Reg M-A",
  "players": [
    "SparkelzVGC",
    "temporary name 3"
  ],
  "log": "|j|\u2606SparkelzVGC\n|j|\u2606temporary name 3\n|t:|1776461935\n|gametype|doubles\n|player|p1|SparkelzVGC|n-masters|1242\n|player|p2|temporary name 3|2|1224\n|gen|9\n|tier|[Gen 9 Champions] VGC 2026 Reg M-A\n|rated|\n|rule|Species Clause: Limit one of each Pok\u00e9mon\n|rule|Item Clause: Limit 1 of each item\n|clearpoke\n|poke|p1|Aggron, L50, M|\n|poke|p1|Sinistcha, L50|\n|poke|p1|Farigiraf, L50, M|\n|poke|p1|Pelipper, L50, M|\n|poke|p1|Sneasler, L50, M|\n|poke|p1|Hydreigon, L50, F|\n|poke|p2|Tyranitar, L50, M|\n|poke|p2|Garchomp, L50, M|\n|poke|p2|Sinistcha, L50|\n|poke|p2|Incineroar, L50, F|\n|poke|p2|Blastoise, L50, M|\n|poke|p2|Gardevoir, L50, F|\n|teampreview|4\n|inactive|Battle timer is ON: inactive players will automatically lose when time's up. (requested by SparkelzVGC)\n|\n|t:|1776461952\n|teamsize|p1|4\n|teamsize|p2|4\n|start\n|switch|p1a: Hydreigon|Hydreigon, L50, F|100/100\n|switch|p1b: Sneasler|Sneasler, L50, M|100/100\n|switch|p2a: Garchomp|Garchomp, L50, M|100/100\n|switch|p2b: Gardevoir|Gardevoir, L50, F|100/100\n|turn|1\n|\n|t:|1776461972\n|move|p1b: Sneasler|Fake Out|p2b: Gardevoir\n|-damage|p2b: Gardevoir|84/100\n|move|p1a: Hydreigon|Draco Meteor|p2a: Garchomp|[miss]\n|-miss|p1a: Hydreigon|p2a: Garchomp\n|move|p2a: Garchomp|Stomping Tantrum|p1b: Sneasler\n|-supereffective|p1b: Sneasler|1\n|-damage|p1b: Sneasler|0 fnt\n|faint|p1b: Sneasler\n|cant|p2b: Gardevoir|flinch\n|\n|upkeep\n|inactive|SparkelzVGC has 30 seconds left.\n|\n|t:|1776462000\n|switch|p1b: Aggron|Aggron, L50, M, shiny|100/100\n|turn|2\n|\n|t:|1776462008\n|switch|p2a: Blastoise|Blastoise, L50, M|100/100\n|detailschange|p2b: Gardevoir|Gardevoir-Mega, L50, F\n|-mega|p2b: Gardevoir|Gardevoir|Gardevoirite\n|detailschange|p1b: Aggron|Aggron-Mega, L50, M, shiny\n|-mega|p1b: Aggron|Aggron|Aggronite\n|move|p1a: Hydreigon|Draco Meteor|p2a: Blastoise|[miss]\n|-miss|p1a: Hydreigon|p2a: Blastoise\n|move|p2b: Gardevoir|Hyper Voice|p1b: Aggron|[spread] p1a,p1b\n|-supereffective|p1a: Hydreigon|2\n|-resisted|p1b: Aggron|1\n|-damage|p1a: Hydreigon|0 fnt\n|-damage|p1b: Aggron|82/100\n|faint|p1a: Hydreigon\n|move|p1b: Aggron|Heavy Slam|p2b: Gardevoir\n|-supereffective|p2b: Gardevoir|1\n|-damage|p2b: Gardevoir|0 fnt\n|faint|p2b: Gardevoir\n|\n|upkeep\n|\n|t:|1776462030\n|switch|p1a: Pelipper|Pelipper, L50, M|100/100\n|switch|p2b: Garchomp|Garchomp, L50, M|100/100\n|-weather|RainDance|[from] ability: Drizzle|[of] p1a: Pelipper\n|turn|3\n|\n|t:|1776462038\n|move|p2b: Garchomp|Stomping Tantrum|p1b: Aggron\n|-supereffective|p1b: Aggron|1\n|-damage|p1b: Aggron|51/100\n|move|p1a: Pelipper|Hurricane|p2a: Blastoise\n|-damage|p2a: Blastoise|58/100\n|-start|p2a: Blastoise|confusion\n|-activate|p2a: Blastoise|confusion\n|move|p2a: Blastoise|Yawn|p1b: Aggron\n|-start|p1b: Aggron|move: Yawn|[of] p2a: Blastoise\n|move|p1b: Aggron|Iron Defense|p1b: Aggron\n|-boost|p1b: Aggron|def|2\n|\n|-weather|RainDance|[upkeep]\n|-heal|p2a: Blastoise|64/100|[from] item: Leftovers\n|upkeep\n|turn|4\n|\n|t:|1776462058\n|move|p2b: Garchomp|Stomping Tantrum|p1b: Aggron\n|-supereffective|p1b: Aggron|1\n|-crit|p1b: Aggron\n|-damage|p1b: Aggron|0 fnt\n|faint|p1b: Aggron\n|move|p1a: Pelipper|Muddy Water|p2b: Garchomp|[spread] p2a,p2b\n|-resisted|p2a: Blastoise|1\n|-crit|p2b: Garchomp\n|-damage|p2a: Blastoise|45/100\n|-damage|p2b: Garchomp|20/100\n|-unboost|p2a: Blastoise|accuracy|1\n|-end|p2a: Blastoise|confusion\n|move|p2a: Blastoise|Muddy Water|p1a: Pelipper\n|-resisted|p1a: Pelipper|1\n|-damage|p1a: Pelipper|67/100\n|\n|-weather|RainDance|[upkeep]\n|-heal|p2a: Blastoise|50/100|[from] item: Leftovers\n|upkeep\n|turn|5\n|\n|t:|1776462077\n|switch|p2b: Sinistcha|Sinistcha, L50|100/100\n|-heal|p2a: Blastoise|75/100|[from] ability: Hospitality|[of] p2b: Sinistcha\n|move|p1a: Pelipper|Muddy Water|p2a: Blastoise|[spread] p2a,p2b\n|-resisted|p2a: Blastoise|1\n|-resisted|p2b: Sinistcha|1\n|-damage|p2a: Blastoise|55/100\n|-damage|p2b: Sinistcha|75/100\n|-unboost|p2a: Blastoise|accuracy|1\n|move|p2a: Blastoise|Yawn|p1a: Pelipper\n|-start|p1a: Pelipper|move: Yawn|[of] p2a: Blastoise\n|\n|-weather|RainDance|[upkeep]\n|-heal|p2a: Blastoise|61/100|[from] item: Leftovers\n|upkeep\n|turn|6\n|\n|t:|1776462102\n|move|p1a: Pelipper|Hurricane|p2b: Sinistcha\n|-supereffective|p2b: Sinistcha|1\n|-damage|p2b: Sinistcha|0 fnt\n|faint|p2b: Sinistcha\n|move|p2a: Blastoise|Muddy Water|p1a: Pelipper|[miss]\n|-miss|p2a: Blastoise|p1a: Pelipper\n|\n|-weather|RainDance|[upkeep]\n|-heal|p2a: Blastoise|67/100|[from] item: Leftovers\n|-end|p1a: Pelipper|move: Yawn|[silent]\n|-status|p1a: Pelipper|slp\n|upkeep\n|\n|t:|1776462104\n|switch|p2b: Garchomp|Garchomp, L50, M|20/100\n|turn|7\n|\n|t:|1776462111\n|move|p2b: Garchomp|Dragon Claw|p1a: Pelipper\n|-damage|p1a: Pelipper|11/100 slp\n|cant|p1a: Pelipper|slp\n|move|p2a: Blastoise|Life Dew|p2a: Blastoise|[spread] p2a,p2b\n|-heal|p2a: Blastoise|92/100\n|-heal|p2b: Garchomp|45/100\n|\n|-weather|none\n|-heal|p2a: Blastoise|98/100|[from] item: Leftovers\n|upkeep\n|turn|8\n|\n|t:|1776462115\n|move|p2b: Garchomp|Dragon Claw|p1a: Pelipper\n|-damage|p1a: Pelipper|0 fnt\n|faint|p1a: Pelipper\n|\n|win|temporary name 3\n|raw|SparkelzVGC's rating: 1242 &rarr; <strong>1216</strong><br />(-26 for losing)\n|raw|temporary name 3's rating: 1224 &rarr; <strong>1250</strong><br />(+26 for winning)\n|l|\u2606temporary name 3\n|player|p2|\n",
  "uploadtime": 1776462119,
  "views": 86,
  "formatid": "gen9championsvgc2026regma",
  "rating": 1216,
  "private": 0,
  "password": null
}