{
  "id": "gen9championsvgc2026regma-2582380565",
  "format": "[Gen 9 Champions] VGC 2026 Reg M-A",
  "players": [
    "GenericEdgeLrd",
    "plaweh"
  ],
  "log": "|j|\u2606GenericEdgeLrd\n|j|\u2606plaweh\n|t:|1776087816\n|gametype|doubles\n|player|p1|GenericEdgeLrd|gentleman-gen4|1062\n|player|p2|plaweh|170|1000\n|gen|9\n|tier|[Gen 9 Champions] VGC 2026 Reg M-A\n|rated|\n|rule|Species Clause: Limit one of each Pok\u00e9mon\n|rule|Item Clause: Limit 1 of each item\n|clearpoke\n|poke|p1|Glimmora, L50, F|\n|poke|p1|Orthworm, L50, M|\n|poke|p1|Garchomp, L50, F|\n|poke|p1|Tyranitar, L50, F|\n|poke|p1|Sinistcha, L50|\n|poke|p1|Mamoswine, L50, M|\n|poke|p2|Basculegion, L50, M|\n|poke|p2|Pelipper, L50, M|\n|poke|p2|Archaludon, L50, F|\n|poke|p2|Incineroar, L50, M|\n|poke|p2|Venusaur, L50, M|\n|poke|p2|Farigiraf, L50, F|\n|teampreview|4\n|j| fnewa fkjfn\n|inactive|Battle timer is ON: inactive players will automatically lose when time's up. (requested by GenericEdgeLrd)\n|\n|t:|1776087872\n|teamsize|p1|4\n|teamsize|p2|4\n|start\n|switch|p1a: Orthworm|Orthworm, L50, M|100/100\n|switch|p1b: Garchomp|Garchomp, L50, F|100/100\n|switch|p2a: Incineroar|Incineroar, L50, M|100/100\n|switch|p2b: Pelipper|Pelipper, L50, M|100/100\n|-weather|RainDance|[from] ability: Drizzle|[of] p2b: Pelipper\n|-ability|p2a: Incineroar|Intimidate|boost\n|-unboost|p1a: Orthworm|atk|1\n|-unboost|p1b: Garchomp|atk|1\n|turn|1\n|inactive|plaweh has 30 seconds left.\n|\n|t:|1776087899\n|move|p1b: Garchomp|Protect|p1b: Garchomp\n|-singleturn|p1b: Garchomp|Protect\n|move|p2a: Incineroar|Fake Out|p1b: Garchomp\n|-activate|p1b: Garchomp|move: Protect\n|move|p2b: Pelipper|Tailwind|p2b: Pelipper\n|-sidestart|p2: plaweh|move: Tailwind\n|move|p1a: Orthworm|Shed Tail|p1a: Orthworm\n|-start|p1a: Orthworm|Substitute|[from] move: Shed Tail\n|-damage|p1a: Orthworm|50/100\n|\n|t:|1776087910\n|switch|p1a: Glimmora|Glimmora, L50, F, shiny|100/100|[from] Shed Tail\n|\n|-weather|RainDance|[upkeep]\n|upkeep\n|turn|2\n|\n|t:|1776087928\n|switch|p1b: Orthworm|Orthworm, L50, M|50/100\n|detailschange|p1a: Glimmora|Glimmora-Mega, L50, F, shiny\n|-mega|p1a: Glimmora|Glimmora|Glimmoranite\n|move|p2b: Pelipper|Chilling Water|p1a: Glimmora\n|-supereffective|p1a: Glimmora|1\n|-end|p1a: Glimmora|Substitute\n|move|p1a: Glimmora|Power Gem|p2b: Pelipper\n|-supereffective|p2b: Pelipper|1\n|-enditem|p2b: Pelipper|Focus Sash\n|-damage|p2b: Pelipper|1/100\n|move|p2a: Incineroar|Parting Shot|p1a: Glimmora\n|-unboost|p1a: Glimmora|atk|1\n|-unboost|p1a: Glimmora|spa|1\n|l| fnewa fkjfn\n|\n|t:|1776087947\n|switch|p2a: Basculegion|Basculegion, L50, M|100/100|[from] Parting Shot\n|\n|-weather|RainDance|[upkeep]\n|-heal|p1b: Orthworm|56/100|[from] item: Leftovers\n|upkeep\n|turn|3\n|\n|t:|1776087969\n|switch|p1a: Sinistcha|Sinistcha, L50|100/100\n|-heal|p1b: Orthworm|81/100|[from] ability: Hospitality|[of] p1a: Sinistcha\n|move|p2a: Basculegion|Wave Crash|p1a: Sinistcha\n|-resisted|p1a: Sinistcha|1\n|-damage|p1a: Sinistcha|61/100\n|-damage|p2a: Basculegion|89/100|[from] Recoil\n|move|p2b: Pelipper|Roost|p2b: Pelipper\n|-heal|p2b: Pelipper|51/100\n|-singleturn|p2b: Pelipper|move: Roost\n|move|p1b: Orthworm|Body Press|p2b: Pelipper\n|-damage|p2b: Pelipper|12/100\n|\n|-weather|RainDance|[upkeep]\n|-heal|p1b: Orthworm|88/100|[from] item: Leftovers\n|upkeep\n|turn|4\n|inactive|plaweh has 30 seconds left.\n|\n|t:|1776087999\n|move|p1a: Sinistcha|Protect|p1a: Sinistcha\n|-singleturn|p1a: Sinistcha|Protect\n|move|p1b: Orthworm|Protect|p1b: Orthworm\n|-singleturn|p1b: Orthworm|Protect\n|move|p2a: Basculegion|Last Respects|p1a: Sinistcha\n|-activate|p1a: Sinistcha|move: Protect\n|move|p2b: Pelipper|Roost|p2b: Pelipper\n|-heal|p2b: Pelipper|63/100\n|-singleturn|p2b: Pelipper|move: Roost\n|\n|-weather|RainDance|[upkeep]\n|-heal|p1b: Orthworm|94/100|[from] item: Leftovers\n|-sideend|p2: plaweh|move: Tailwind\n|upkeep\n|turn|5\n|inactive|plaweh has 30 seconds left.\n|\n|t:|1776088031\n|move|p2a: Basculegion|Crunch|p1a: Sinistcha\n|-supereffective|p1a: Sinistcha|1\n|-damage|p1a: Sinistcha|18/100\n|-enditem|p1a: Sinistcha|Sitrus Berry|[eat]\n|-heal|p1a: Sinistcha|43/100|[from] item: Sitrus Berry\n|move|p2b: Pelipper|Tailwind|p2b: Pelipper\n|-sidestart|p2: plaweh|move: Tailwind\n|move|p1a: Sinistcha|Matcha Gotcha|p2b: Pelipper|[spread] p2a,p2b\n|-supereffective|p2a: Basculegion|1\n|-damage|p2a: Basculegion|33/100\n|-heal|p1a: Sinistcha|74/100|[from] drain|[of] p2a: Basculegion\n|-damage|p2b: Pelipper|30/100\n|-heal|p1a: Sinistcha|89/100|[from] drain|[of] p2b: Pelipper\n|move|p1b: Orthworm|Shed Tail|p1b: Orthworm\n|-start|p1b: Orthworm|Substitute|[from] move: Shed Tail\n|-damage|p1b: Orthworm|43/100\n|\n|t:|1776088047\n|switch|p1b: Glimmora|Glimmora-Mega, L50, F, shiny|100/100|[from] Shed Tail\n|\n|-weather|none\n|upkeep\n|turn|6\n|inactive|GenericEdgeLrd has 30 seconds left.\n|inactive|plaweh has 30 seconds left.\n|\n|t:|1776088081\n|move|p1a: Sinistcha|Protect|p1a: Sinistcha\n|-singleturn|p1a: Sinistcha|Protect\n|move|p2a: Basculegion|Wave Crash|p1b: Glimmora\n|-supereffective|p1b: Glimmora|1\n|-end|p1b: Glimmora|Substitute\n|-damage|p2a: Basculegion|26/100|[from] Recoil|[of] p1b: Glimmora\n|move|p2b: Pelipper|Hurricane|p1a: Sinistcha\n|-activate|p1a: Sinistcha|move: Protect\n|move|p1b: Glimmora|Power Gem|p2a: Basculegion\n|-damage|p2a: Basculegion|0 fnt\n|faint|p2a: Basculegion\n|\n|upkeep\n|\n|t:|1776088096\n|switch|p2a: Incineroar|Incineroar, L50, M|100/100\n|-ability|p2a: Incineroar|Intimidate|boost\n|-unboost|p1a: Sinistcha|atk|1\n|-unboost|p1b: Glimmora|atk|1\n|turn|7\n|\n|t:|1776088114\n|switch|p1b: Orthworm|Orthworm, L50, M|43/100\n|switch|p1a: Garchomp|Garchomp, L50, F|100/100\n|move|p2a: Incineroar|Fake Out|p1a: Garchomp\n|-damage|p1a: Garchomp|89/100\n|move|p2b: Pelipper|Chilling Water|p1b: Orthworm\n|-damage|p1b: Orthworm|16/100\n|-unboost|p1b: Orthworm|atk|1\n|\n|-heal|p1b: Orthworm|23/100|[from] item: Leftovers\n|upkeep\n|turn|8\n|inactive|plaweh has 30 seconds left.\n|\n|t:|1776088143\n|move|p1b: Orthworm|Protect|p1b: Orthworm\n|-singleturn|p1b: Orthworm|Protect\n|move|p2b: Pelipper|Chilling Water|p1b: Orthworm\n|-activate|p1b: Orthworm|move: Protect\n|move|p1a: Garchomp|Earthquake|p2b: Pelipper|[spread] p2a\n|-activate|p1b: Orthworm|move: Protect\n|-immune|p2b: Pelipper\n|-supereffective|p2a: Incineroar|1\n|-damage|p2a: Incineroar|47/100\n|-enditem|p2a: Incineroar|Sitrus Berry|[eat]\n|-heal|p2a: Incineroar|72/100|[from] item: Sitrus Berry\n|move|p2a: Incineroar|Parting Shot|p1a: Garchomp\n|-unboost|p1a: Garchomp|atk|1\n|-unboost|p1a: Garchomp|spa|1\n|\n|t:|1776088158\n|switch|p2a: Venusaur|Venusaur, L50, M|100/100|[from] Parting Shot\n|\n|-heal|p1b: Orthworm|29/100|[from] item: Leftovers\n|-sideend|p2: plaweh|move: Tailwind\n|upkeep\n|turn|9\n|inactive|GenericEdgeLrd has 30 seconds left.\n|inactive|plaweh has 30 seconds left.\n|inactive|GenericEdgeLrd has 20 seconds left.\n|\n|t:|1776088197\n|detailschange|p2a: Venusaur|Venusaur-Mega, L50, M\n|-mega|p2a: Venusaur|Venusaur|Venusaurite\n|move|p1b: Orthworm|Helping Hand|p1a: Garchomp\n|-singleturn|p1a: Garchomp|Helping Hand|[of] p1b: Orthworm\n|move|p1a: Garchomp|Dragon Claw|p2b: Pelipper\n|-damage|p2b: Pelipper|0 fnt\n|faint|p2b: Pelipper\n|move|p2a: Venusaur|Sleep Powder|p1a: Garchomp\n|-status|p1a: Garchomp|slp|[from] move: Sleep Powder\n|\n|-heal|p1b: Orthworm|35/100|[from] item: Leftovers\n|upkeep\n|\n|t:|1776088207\n|switch|p2b: Incineroar|Incineroar, L50, M|72/100\n|-ability|p2b: Incineroar|Intimidate|boost\n|-unboost|p1a: Garchomp|atk|1\n|-unboost|p1b: Orthworm|atk|1\n|turn|10\n|\n|t:|1776088230\n|cant|p1a: Garchomp|slp\n|move|p2a: Venusaur|Sludge Bomb|p1a: Garchomp\n|-resisted|p1a: Garchomp|1\n|-damage|p1a: Garchomp|68/100 slp\n|move|p1b: Orthworm|Body Press|p2b: Incineroar\n|-supereffective|p2b: Incineroar|1\n|-damage|p2b: Incineroar|25/100\n|move|p2b: Incineroar|Parting Shot|p1a: Garchomp\n|-unboost|p1a: Garchomp|atk|1\n|-unboost|p1a: Garchomp|spa|1\n|\n|-heal|p1b: Orthworm|41/100|[from] item: Leftovers\n|upkeep\n|turn|11\n|\n|t:|1776088249\n|cant|p1a: Garchomp|slp\n|move|p2a: Venusaur|Sludge Bomb|p1a: Garchomp\n|-resisted|p1a: Garchomp|1\n|-damage|p1a: Garchomp|43/100 slp\n|move|p1b: Orthworm|Body Press|p2b: Incineroar\n|-supereffective|p2b: Incineroar|1\n|-damage|p2b: Incineroar|0 fnt\n|faint|p2b: Incineroar\n|\n|-heal|p1b: Orthworm|47/100|[from] item: Leftovers\n|upkeep\n|turn|12\n|\n|t:|1776088273\n|switch|p1a: Sinistcha|Sinistcha, L50|89/100\n|-heal|p1b: Orthworm|72/100|[from] ability: Hospitality|[of] p1a: Sinistcha\n|move|p1b: Orthworm|Protect|p1b: Orthworm\n|-singleturn|p1b: Orthworm|Protect\n|move|p2a: Venusaur|Sleep Powder|p1b: Orthworm\n|-activate|p1b: Orthworm|move: Protect\n|\n|-heal|p1b: Orthworm|78/100|[from] item: Leftovers\n|upkeep\n|turn|13\n|\n|t:|1776088288\n|switch|p1a: Garchomp|Garchomp, L50, F|43/100 slp\n|move|p2a: Venusaur|Sludge Bomb|p1a: Garchomp|[miss]\n|-miss|p2a: Venusaur|p1a: Garchomp\n|move|p1b: Orthworm|Shed Tail|p1b: Orthworm\n|-start|p1b: Orthworm|Substitute|[from] move: Shed Tail\n|-damage|p1b: Orthworm|28/100\n|\n|t:|1776088295\n|switch|p1b: Glimmora|Glimmora-Mega, L50, F, shiny|100/100|[from] Shed Tail\n|\n|upkeep\n|turn|14\n|-message|plaweh forfeited.\n|\n|win|GenericEdgeLrd\n|raw|GenericEdgeLrd's rating: 1062 &rarr; <strong>1087</strong><br />(+25 for winning)\n|raw|plaweh's rating: 1000 &rarr; <strong>1000</strong><br />(+0 for losing)\n|l|\u2606plaweh\n|player|p2|\n",
  "uploadtime": 1776088302,
  "views": 8,
  "formatid": "gen9championsvgc2026regma",
  "rating": 1000,
  "private": 0,
  "password": null
}