{
  "id": "gen9championsvgc2026regma-2588063981",
  "format": "[Gen 9 Champions] VGC 2026 Reg M-A",
  "players": [
    "Micael03",
    "imperialdave1"
  ],
  "log": "|j|\u2606Micael03\n|j|\u2606imperialdave1\n|t:|1776599932\n|gametype|doubles\n|player|p1|Micael03|veteran|1101\n|player|p2|imperialdave1|265|1090\n|gen|9\n|tier|[Gen 9 Champions] VGC 2026 Reg M-A\n|rated|\n|rule|Species Clause: Limit one of each Pok\u00e9mon\n|rule|Item Clause: Limit 1 of each item\n|clearpoke\n|poke|p1|Charizard, L50, F|\n|poke|p1|Sneasler, L50, M|\n|poke|p1|Gengar, L50, M|\n|poke|p1|Kangaskhan, L50, F|\n|poke|p1|Milotic, L50, F|\n|poke|p1|Sinistcha-Masterpiece, L50|\n|poke|p2|Zoroark-Hisui, L50, F|\n|poke|p2|Sinistcha, L50|\n|poke|p2|Incineroar, L50, F|\n|poke|p2|Kleavor, L50, F|\n|poke|p2|Whimsicott, L50, F|\n|poke|p2|Aggron, L50, M|\n|teampreview|4\n|inactive|Battle timer is ON: inactive players will automatically lose when time's up. (requested by imperialdave1)\n|inactive|imperialdave1 has 60 seconds left.\n|\n|t:|1776599967\n|teamsize|p1|4\n|teamsize|p2|4\n|start\n|switch|p1a: Sneasler|Sneasler, L50, M|100/100\n|switch|p1b: Milotic|Milotic, L50, F|100/100\n|switch|p2a: Kleavor|Kleavor, L50, F|100/100\n|switch|p2b: Sinistcha|Sinistcha, L50|100/100\n|turn|1\n|\n|t:|1776599990\n|move|p1a: Sneasler|Fake Out|p2a: Kleavor\n|-resisted|p2a: Kleavor|1\n|-damage|p2a: Kleavor|91/100\n|cant|p2a: Kleavor|flinch\n|move|p2b: Sinistcha|Hyper Voice|p1b: Milotic|[spread] p1a,p1b\n|-damage|p1a: Sneasler|56/100\n|-damage|p1b: Milotic|76/100\n|move|p1b: Milotic|Icy Wind|p2b: Sinistcha|[spread] p2a,p2b\n|-damage|p2a: Kleavor|73/100\n|-damage|p2b: Sinistcha|77/100\n|-unboost|p2a: Kleavor|spe|1\n|-unboost|p2b: Sinistcha|spe|1\n|replace|p2b: Zoroark|Zoroark-Hisui, L50, F\n|-end|p2b: Zoroark|Illusion\n|\n|-heal|p1b: Milotic|82/100|[from] item: Leftovers\n|upkeep\n|turn|2\n|\n|t:|1776600009\n|switch|p2a: Sinistcha|Sinistcha, L50|100/100\n|-heal|p2b: Zoroark|100/100|[from] ability: Hospitality|[of] p2a: Sinistcha\n|switch|p1b: Charizard|Charizard, L50, F|100/100\n|move|p2b: Zoroark|Protect|p2b: Zoroark\n|-singleturn|p2b: Zoroark|Protect\n|move|p1a: Sneasler|Close Combat|p2a: Sinistcha\n|-immune|p2a: Sinistcha\n|\n|upkeep\n|turn|3\n|\n|t:|1776600033\n|switch|p2a: Incineroar|Incineroar, L50, F|100/100\n|-ability|p2a: Incineroar|Intimidate|boost\n|-unboost|p1a: Sneasler|atk|1\n|-unboost|p1b: Charizard|atk|1\n|-enditem|p1a: Sneasler|White Herb\n|-clearnegativeboost|p1a: Sneasler|[silent]\n|detailschange|p1b: Charizard|Charizard-Mega-X, L50, F\n|-mega|p1b: Charizard|Charizard|Charizardite X\n|move|p1a: Sneasler|Dire Claw|p2b: Zoroark\n|-resisted|p2b: Zoroark|1\n|-damage|p2b: Zoroark|49/100\n|move|p1b: Charizard|Flare Blitz|p2a: Incineroar\n|-resisted|p2a: Incineroar|1\n|-damage|p2a: Incineroar|75/100\n|-damage|p1b: Charizard|90/100|[from] Recoil\n|move|p2b: Zoroark|Shadow Ball|p1a: Sneasler\n|-damage|p1a: Sneasler|2/100\n|\n|upkeep\n|turn|4\n|inactive|imperialdave1 has 30 seconds left.\n|\n|t:|1776600059\n|move|p1a: Sneasler|Protect|p1a: Sneasler\n|-singleturn|p1a: Sneasler|Protect\n|move|p1b: Charizard|Protect|p1b: Charizard\n|-singleturn|p1b: Charizard|Protect\n|move|p2b: Zoroark|Protect|p2b: Zoroark\n|-singleturn|p2b: Zoroark|Protect\n|move|p2a: Incineroar|Fake Out|p1a: Sneasler\n|-activate|p1a: Sneasler|move: Protect\n|\n|upkeep\n|turn|5\n|inactive|imperialdave1 has 30 seconds left.\n|\n|t:|1776600090\n|switch|p1b: Milotic|Milotic, L50, F|82/100\n|switch|p2a: Sinistcha|Sinistcha, L50|100/100\n|-heal|p2b: Zoroark|74/100|[from] ability: Hospitality|[of] p2a: Sinistcha\n|move|p2b: Zoroark|Protect|p2b: Zoroark\n|-singleturn|p2b: Zoroark|Protect\n|move|p1a: Sneasler|Dire Claw|p2b: Zoroark\n|-activate|p2b: Zoroark|move: Protect\n|\n|-heal|p1b: Milotic|88/100|[from] item: Leftovers\n|upkeep\n|turn|6\n|inactive|imperialdave1 has 30 seconds left.\n|\n|t:|1776600122\n|move|p1a: Sneasler|Protect|p1a: Sneasler\n|-singleturn|p1a: Sneasler|Protect\n|move|p2b: Zoroark|Hyper Voice|p1a: Sneasler|[spread] p1b\n|-activate|p1a: Sneasler|move: Protect\n|-crit|p1b: Milotic\n|-damage|p1b: Milotic|51/100\n|move|p1b: Milotic|Icy Wind|p2a: Sinistcha|[spread] p2a,p2b\n|-supereffective|p2a: Sinistcha|1\n|-damage|p2a: Sinistcha|74/100\n|-damage|p2b: Zoroark|51/100\n|-unboost|p2a: Sinistcha|spe|1\n|-unboost|p2b: Zoroark|spe|1\n|move|p2a: Sinistcha|Matcha Gotcha|p1a: Sneasler|[spread] p1b\n|-activate|p1a: Sneasler|move: Protect\n|-supereffective|p1b: Milotic|1\n|-damage|p1b: Milotic|13/100\n|-heal|p2a: Sinistcha|94/100|[from] drain|[of] p1b: Milotic\n|\n|-heal|p1b: Milotic|19/100|[from] item: Leftovers\n|upkeep\n|turn|7\n|inactive|Micael03 has 30 seconds left.\n|inactive|imperialdave1 has 30 seconds left.\n|\n|t:|1776600153\n|switch|p2b: Kleavor|Kleavor, L50, F|73/100\n|move|p1b: Milotic|Protect|p1b: Milotic\n|-singleturn|p1b: Milotic|Protect\n|move|p1a: Sneasler|Dire Claw|p2b: Kleavor\n|-resisted|p2b: Kleavor|1\n|-damage|p2b: Kleavor|45/100\n|move|p2a: Sinistcha|Matcha Gotcha|p1a: Sneasler|[spread] p1a\n|-activate|p1b: Milotic|move: Protect\n|-resisted|p1a: Sneasler|1\n|-damage|p1a: Sneasler|0 fnt\n|-heal|p2a: Sinistcha|94/100|[from] drain|[of] p1a: Sneasler\n|faint|p1a: Sneasler\n|\n|-heal|p1b: Milotic|25/100|[from] item: Leftovers\n|upkeep\n|\n|t:|1776600170\n|switch|p1a: Charizard|Charizard-Mega-X, L50, F|90/100\n|turn|8\n|\n|t:|1776600177\n|move|p2b: Kleavor|Stone Axe|p1a: Charizard\n|-supereffective|p1a: Charizard|1\n|-damage|p1a: Charizard|0 fnt\n|-sidestart|p1: Micael03|move: Stealth Rock\n|faint|p1a: Charizard\n|move|p1b: Milotic|Recover|p1b: Milotic\n|-heal|p1b: Milotic|75/100\n|move|p2a: Sinistcha|Matcha Gotcha|p1b: Milotic\n|-supereffective|p1b: Milotic|1\n|-crit|p1b: Milotic\n|-damage|p1b: Milotic|0 fnt\n|-heal|p2a: Sinistcha|100/100|[from] drain|[of] p1b: Milotic\n|faint|p1b: Milotic\n|\n|upkeep\n|-message|Micael03 forfeited.\n|\n|win|imperialdave1\n|raw|Micael03's rating: 1101 &rarr; <strong>1075</strong><br />(-26 for losing)\n|raw|imperialdave1's rating: 1090 &rarr; <strong>1117</strong><br />(+27 for winning)\n|l|\u2606Micael03\n|player|p1|\n",
  "uploadtime": 1776600199,
  "views": 23,
  "formatid": "gen9championsvgc2026regma",
  "rating": 1075,
  "private": 0,
  "password": null
}