{
  "id": "gen9championsvgc2026regma-2582677255",
  "format": "[Gen 9 Champions] VGC 2026 Reg M-A",
  "players": [
    "SleepyBadBoy",
    "sirae"
  ],
  "log": "|j|\u2606SleepyBadBoy\n|j|\u2606sirae\n|t:|1776106657\n|gametype|doubles\n|player|p1|SleepyBadBoy|102|1190\n|player|p2|sirae|caitlin|1223\n|gen|9\n|tier|[Gen 9 Champions] VGC 2026 Reg M-A\n|rated|\n|rule|Species Clause: Limit one of each Pok\u00e9mon\n|rule|Item Clause: Limit 1 of each item\n|clearpoke\n|poke|p1|Gengar, L50, F|\n|poke|p1|Politoed, L50, M|\n|poke|p1|Incineroar, L50, M|\n|poke|p1|Kommo-o, L50, F|\n|poke|p1|Whimsicott, L50, F|\n|poke|p1|Floette-Eternal, L50, F|\n|poke|p2|Floette-Eternal, L50, F|\n|poke|p2|Sylveon, L50, F|\n|poke|p2|Tyranitar, L50, F|\n|poke|p2|Excadrill, L50, F|\n|poke|p2|Sableye, L50, F|\n|poke|p2|Incineroar, L50, F|\n|teampreview|4\n|inactive|Battle timer is ON: inactive players will automatically lose when time's up. (requested by sirae)\n|\n|t:|1776106688\n|teamsize|p1|4\n|teamsize|p2|4\n|start\n|switch|p1a: Incineroar|Incineroar, L50, M|100/100\n|switch|p1b: Kommo-o|Kommo-o, L50, F|100/100\n|switch|p2a: the only one|Sableye, L50, F|100/100\n|switch|p2b: 1# Best pokemon|Incineroar, L50, F|100/100\n|-ability|p1a: Incineroar|Intimidate|boost\n|-unboost|p2a: the only one|atk|1\n|-unboost|p2b: 1# Best pokemon|atk|1\n|-ability|p2b: 1# Best pokemon|Intimidate|boost\n|-unboost|p1a: Incineroar|atk|1\n|-unboost|p1b: Kommo-o|atk|1\n|-enditem|p2b: 1# Best pokemon|White Herb\n|-clearnegativeboost|p2b: 1# Best pokemon|[silent]\n|turn|1\n|\n|t:|1776106702\n|move|p1a: Incineroar|Fake Out|p2b: 1# Best pokemon\n|-damage|p2b: 1# Best pokemon|93/100\n|move|p2a: the only one|Fake Out|p1b: Kommo-o\n|-damage|p1b: Kommo-o|96/100\n|cant|p1b: Kommo-o|flinch\n|cant|p2b: 1# Best pokemon|flinch\n|\n|upkeep\n|turn|2\n|\n|t:|1776106715\n|move|p2a: the only one|Will-O-Wisp|p1b: Kommo-o\n|-status|p1b: Kommo-o|brn\n|move|p1b: Kommo-o|Clangorous Soul|p1b: Kommo-o\n|-boost|p1b: Kommo-o|atk|1\n|-boost|p1b: Kommo-o|def|1\n|-boost|p1b: Kommo-o|spa|1\n|-boost|p1b: Kommo-o|spd|1\n|-boost|p1b: Kommo-o|spe|1\n|-damage|p1b: Kommo-o|63/100 brn\n|move|p1a: Incineroar|Throat Chop|p2b: 1# Best pokemon\n|-resisted|p2b: 1# Best pokemon|1\n|-damage|p2b: 1# Best pokemon|82/100\n|-start|p2b: 1# Best pokemon|Throat Chop|[silent]\n|cant|p2b: 1# Best pokemon|move: Throat Chop\n|\n|-damage|p1b: Kommo-o|57/100 brn|[from] brn\n|upkeep\n|turn|3\n|inactive|sirae has 30 seconds left.\n|\n|t:|1776106744\n|move|p2a: the only one|Light Screen|p2a: the only one\n|-sidestart|p2: sirae|move: Light Screen\n|move|p1b: Kommo-o|Clanging Scales|p2a: the only one|[spread] p2a,p2b\n|-damage|p2a: the only one|46/100\n|-damage|p2b: 1# Best pokemon|39/100\n|-unboost|p1b: Kommo-o|def|1\n|move|p1a: Incineroar|Throat Chop|p2a: the only one\n|-damage|p2a: the only one|19/100\n|-start|p2a: the only one|Throat Chop|[silent]\n|move|p2b: 1# Best pokemon|Flare Blitz|p1b: Kommo-o\n|-resisted|p1b: Kommo-o|1\n|-damage|p1b: Kommo-o|33/100 brn\n|-damage|p2b: 1# Best pokemon|31/100|[from] Recoil\n|\n|-damage|p1b: Kommo-o|27/100 brn|[from] brn\n|-end|p2b: 1# Best pokemon|Throat Chop|[silent]\n|upkeep\n|turn|4\n|\n|t:|1776106767\n|switch|p2b: Transgender|Sylveon, L50, F|100/100\n|switch|p2a: Just this once|Floette-Eternal, L50, F|100/100\n|move|p1b: Kommo-o|Clanging Scales|p2b: Transgender|[spread] \n|-immune|p2a: Just this once\n|-immune|p2b: Transgender\n|move|p1a: Incineroar|Parting Shot|p2b: Transgender\n|-unboost|p2b: Transgender|atk|1\n|-unboost|p2b: Transgender|spa|1\n|\n|t:|1776106782\n|switch|p1a: Politoed|Politoed, L50, M|100/100|[from] Parting Shot\n|-weather|RainDance|[from] ability: Drizzle|[of] p1a: Politoed\n|\n|-weather|RainDance|[upkeep]\n|-damage|p1b: Kommo-o|21/100 brn|[from] brn\n|upkeep\n|turn|5\n|\n|t:|1776106799\n|switch|p1b: Incineroar|Incineroar, L50, M|100/100\n|-ability|p1b: Incineroar|Intimidate|boost\n|-unboost|p2a: Just this once|atk|1\n|-unboost|p2b: Transgender|atk|1\n|detailschange|p2a: Just this once|Floette-Mega, L50, F\n|-mega|p2a: Just this once|Floette|Floettite\n|-ability|p2a: Just this once|Fairy Aura\n|move|p2a: Just this once|Helping Hand|p2b: Transgender\n|-singleturn|p2b: Transgender|Helping Hand|[of] p2a: Just this once\n|move|p2b: Transgender|Hyper Voice|p1b: Incineroar|[spread] p1a,p1b\n|-damage|p1a: Politoed|54/100\n|-damage|p1b: Incineroar|56/100\n|move|p1a: Politoed|Perish Song|p1a: Politoed\n|-start|p1a: Politoed|perish3|[silent]\n|-start|p1b: Incineroar|perish3|[silent]\n|-start|p2a: Just this once|perish3|[silent]\n|-start|p2b: Transgender|perish3|[silent]\n|-fieldactivate|move: Perish Song\n|\n|-weather|RainDance|[upkeep]\n|-heal|p1a: Politoed|60/100|[from] item: Leftovers\n|-start|p2b: Transgender|perish3\n|-start|p2a: Just this once|perish3\n|-start|p1a: Politoed|perish3\n|-start|p1b: Incineroar|perish3\n|upkeep\n|turn|6\n|inactive|sirae has 30 seconds left.\n|\n|t:|1776106830\n|switch|p2b: the only one|Sableye, L50, F|19/100\n|move|p2a: Just this once|Moonblast|p1b: Incineroar\n|-damage|p1b: Incineroar|0 fnt\n|faint|p1b: Incineroar\n|move|p1a: Politoed|Weather Ball|p2a: Just this once\n|-damage|p2a: Just this once|73/100\n|\n|-weather|RainDance|[upkeep]\n|-heal|p1a: Politoed|66/100|[from] item: Leftovers\n|-start|p2a: Just this once|perish2\n|-start|p1a: Politoed|perish2\n|upkeep\n|\n|t:|1776106840\n|switch|p1b: Whimsicott|Whimsicott, L50, F|100/100\n|turn|7\n|\n|t:|1776106853\n|switch|p2a: 1# Best pokemon|Incineroar, L50, F|31/100\n|-ability|p2a: 1# Best pokemon|Intimidate|boost\n|-unboost|p1a: Politoed|atk|1\n|-unboost|p1b: Whimsicott|atk|1\n|move|p2b: the only one|Fake Out|p1b: Whimsicott\n|-damage|p1b: Whimsicott|90/100\n|cant|p1b: Whimsicott|flinch\n|move|p1a: Politoed|Weather Ball|p2a: 1# Best pokemon\n|-supereffective|p2a: 1# Best pokemon|1\n|-damage|p2a: 1# Best pokemon|0 fnt\n|faint|p2a: 1# Best pokemon\n|\n|-weather|RainDance|[upkeep]\n|-heal|p1a: Politoed|73/100|[from] item: Leftovers\n|-start|p1a: Politoed|perish1\n|-sideend|p2: sirae|move: Light Screen\n|upkeep\n|\n|t:|1776106872\n|switch|p2a: Transgender|Sylveon, L50, F|100/100\n|turn|8\n|\n|t:|1776106880\n|switch|p1a: Kommo-o|Kommo-o, L50, F|21/100 brn\n|switch|p2b: Just this once|Floette-Mega, L50, F|73/100\n|-ability|p2b: Just this once|Fairy Aura\n|move|p1b: Whimsicott|Moonblast|p2b: Just this once\n|-damage|p2b: Just this once|35/100\n|move|p2a: Transgender|Hyper Voice|p1b: Whimsicott|[spread] p1b\n|-immune|p1a: Kommo-o|[from] ability: Soundproof\n|-damage|p1b: Whimsicott|9/100\n|\n|-weather|none\n|-damage|p1a: Kommo-o|15/100 brn|[from] brn\n|upkeep\n|turn|9\n|\n|t:|1776106900\n|move|p1b: Whimsicott|Fake Tears|p2a: Transgender\n|-unboost|p2a: Transgender|spd|2\n|move|p2a: Transgender|Hyper Voice|p1b: Whimsicott|[spread] p1b\n|-immune|p1a: Kommo-o|[from] ability: Soundproof\n|-damage|p1b: Whimsicott|0 fnt\n|faint|p1b: Whimsicott\n|move|p2b: Just this once|Moonblast|p1a: Kommo-o\n|-supereffective|p1a: Kommo-o|2\n|-damage|p1a: Kommo-o|0 fnt\n|faint|p1a: Kommo-o\n|\n|upkeep\n|-message|SleepyBadBoy forfeited.\n|\n|win|sirae\n|raw|SleepyBadBoy's rating: 1190 &rarr; <strong>1167</strong><br />(-23 for losing)\n|raw|sirae's rating: 1223 &rarr; <strong>1246</strong><br />(+23 for winning)\n|l|\u2606SleepyBadBoy\n|player|p1|\n",
  "uploadtime": 1776106914,
  "views": 19,
  "formatid": "gen9championsvgc2026regma",
  "rating": 1167,
  "private": 0,
  "password": null
}