{
  "id": "gen9championsvgc2026regma-2587120293",
  "format": "[Gen 9 Champions] VGC 2026 Reg M-A",
  "players": [
    "Ace_Remnant",
    "Oskiiwi"
  ],
  "log": "|j|\u2606Ace_Remnant\n|j|\u2606Oskiiwi\n|t:|1776496285\n|gametype|doubles\n|player|p1|Ace_Remnant|n|1172\n|player|p2|Oskiiwi|n|1176\n|gen|9\n|tier|[Gen 9 Champions] VGC 2026 Reg M-A\n|rated|\n|rule|Species Clause: Limit one of each Pok\u00e9mon\n|rule|Item Clause: Limit 1 of each item\n|clearpoke\n|poke|p1|Gengar, L50, F|\n|poke|p1|Basculegion, L50, M|\n|poke|p1|Empoleon, L50, F|\n|poke|p1|Tsareena, L50, F|\n|poke|p1|Sneasler, L50, F|\n|poke|p1|Incineroar, L50, M|\n|poke|p2|Floette-Eternal, L50, F|\n|poke|p2|Sinistcha, L50|\n|poke|p2|Scizor, L50, F|\n|poke|p2|Sneasler, L50, F|\n|poke|p2|Aerodactyl, L50, M|\n|poke|p2|Incineroar, L50, F|\n|teampreview|4\n|inactive|Battle timer is ON: inactive players will automatically lose when time's up. (requested by Ace_Remnant)\n|inactive|Oskiiwi has 60 seconds left.\nAce_Remnant rejected open team sheets.\n|\n|t:|1776496342\n|teamsize|p1|4\n|teamsize|p2|4\n|start\n|switch|p1a: Sneasler|Sneasler, L50, F|100/100\n|switch|p1b: Empoleon|Empoleon, L50, F|100/100\n|switch|p2a: Scizor|Scizor, L50, F|100/100\n|switch|p2b: Aerodactyl|Aerodactyl, L50, M|100/100\n|-ability|p2b: Aerodactyl|Unnerve\n|turn|1\n|inactive|Oskiiwi has 30 seconds left.\n|\n|t:|1776496372\n|move|p2b: Aerodactyl|Protect|p2b: Aerodactyl\n|-singleturn|p2b: Aerodactyl|Protect\n|move|p2a: Scizor|Protect|p2a: Scizor\n|-singleturn|p2a: Scizor|Protect\n|move|p1a: Sneasler|Fake Out|p2b: Aerodactyl\n|-activate|p2b: Aerodactyl|move: Protect\n|move|p1b: Empoleon|Hydro Pump|p2a: Scizor\n|-activate|p2a: Scizor|move: Protect\n|\n|upkeep\n|turn|2\n|inactive|Oskiiwi has 30 seconds left.\n|inactive|Oskiiwi has 20 seconds left.\n|\n|t:|1776496408\n|detailschange|p2a: Scizor|Scizor-Mega, L50, F\n|-mega|p2a: Scizor|Scizor|Scizorite\n|move|p2b: Aerodactyl|Dual Wingbeat|p1a: Sneasler|[miss]\n|-miss|p2b: Aerodactyl|p1a: Sneasler\n|move|p1a: Sneasler|Close Combat|p2a: Scizor\n|-damage|p2a: Scizor|50/100\n|-unboost|p1a: Sneasler|def|1\n|-unboost|p1a: Sneasler|spd|1\n|-enditem|p1a: Sneasler|White Herb\n|-clearnegativeboost|p1a: Sneasler|[silent]\n|move|p1b: Empoleon|Hydro Pump|p2a: Scizor\n|-damage|p2a: Scizor|2/100\n|move|p2a: Scizor|Swords Dance|p2a: Scizor\n|-boost|p2a: Scizor|atk|2\n|\n|upkeep\n|turn|3\n|inactive|Ace_Remnant has 30 seconds left.\n|inactive|Oskiiwi has 30 seconds left.\n|\n|t:|1776496441\n|move|p2a: Scizor|Bullet Punch|p1a: Sneasler\n|-damage|p1a: Sneasler|0 fnt\n|faint|p1a: Sneasler\n|move|p2b: Aerodactyl|Rock Slide|p1b: Empoleon\n|-resisted|p1b: Empoleon|1\n|-damage|p1b: Empoleon|81/100\n|move|p1b: Empoleon|Hydro Pump|p2b: Aerodactyl|[miss]\n|-miss|p1b: Empoleon|p2b: Aerodactyl\n|\n|-heal|p1b: Empoleon|87/100|[from] item: Leftovers\n|upkeep\n|\n|t:|1776496454\n|switch|p1a: Tsareena|Tsareena, L50, F|100/100\n|turn|4\n|\n|t:|1776496471\n|move|p2b: Aerodactyl|Tailwind|p2b: Aerodactyl\n|-sidestart|p2: Oskiiwi|move: Tailwind\n|move|p2a: Scizor|Bug Bite|p1a: Tsareena\n|-supereffective|p1a: Tsareena|1\n|-damage|p1a: Tsareena|0 fnt\n|-enditem|p1a: Tsareena|Occa Berry|[from] stealeat|[move] Bug Bite|[of] p2a: Scizor\n|faint|p1a: Tsareena\n|move|p1b: Empoleon|Hydro Pump|p2b: Aerodactyl\n|-supereffective|p2b: Aerodactyl|1\n|-enditem|p2b: Aerodactyl|Focus Sash\n|-damage|p2b: Aerodactyl|1/100\n|\n|-heal|p1b: Empoleon|94/100|[from] item: Leftovers\n|upkeep\n|\n|t:|1776496483\n|switch|p1a: Gengar|Gengar, L50, F|100/100\n|turn|5\n|\n|t:|1776496490\n|detailschange|p1a: Gengar|Gengar-Mega, L50, F\n|-mega|p1a: Gengar|Gengar|Gengarite\n|move|p1b: Empoleon|Protect|p1b: Empoleon\n|-singleturn|p1b: Empoleon|Protect\n|move|p2a: Scizor|Bullet Punch|p1a: Gengar\n|-damage|p1a: Gengar|0 fnt\n|faint|p1a: Gengar\n|move|p2b: Aerodactyl|Rock Slide|p1b: Empoleon\n|-activate|p1b: Empoleon|move: Protect\n|\n|-heal|p1b: Empoleon|99/100|[from] item: Leftovers\n|upkeep\n|turn|6\n|-message|Ace_Remnant forfeited.\n|\n|win|Oskiiwi\n|raw|Ace_Remnant's rating: 1172 &rarr; <strong>1147</strong><br />(-25 for losing)\n|raw|Oskiiwi's rating: 1176 &rarr; <strong>1201</strong><br />(+25 for winning)\n|l|\u2606Ace_Remnant\n|player|p1|\n",
  "uploadtime": 1776496504,
  "views": 17,
  "formatid": "gen9championsvgc2026regma",
  "rating": 1147,
  "private": 0,
  "password": null
}