{
  "id": "gen9championsvgc2026regma-2580694907",
  "format": "[Gen 9 Champions] VGC 2026 Reg M-A",
  "players": [
    "asr23",
    "jmugi0207"
  ],
  "log": "|j|\u2606asr23\n|j|\u2606jmugi0207\n|t:|1775924920\n|gametype|doubles\n|player|p1|asr23|102|1000\n|player|p2|jmugi0207|cynthia-gen4|1049\n|gen|9\n|tier|[Gen 9 Champions] VGC 2026 Reg M-A\n|rated|\n|rule|Species Clause: Limit one of each Pok\u00e9mon\n|rule|Item Clause: Limit 1 of each item\n|clearpoke\n|poke|p1|Tyranitar, L50, M|\n|poke|p1|Whimsicott, L50, F|\n|poke|p1|Sinistcha, L50|\n|poke|p1|Sneasler, L50, M|\n|poke|p1|Corviknight, L50, M|\n|poke|p1|Rotom-Wash, L50|\n|poke|p2|Gardevoir, L50, F|\n|poke|p2|Talonflame, L50, F|\n|poke|p2|Gallade, L50, M|\n|poke|p2|Garchomp, L50, M|\n|poke|p2|Milotic, L50, M|\n|poke|p2|Meowscarada, L50, M|\n|teampreview|4\njmugi0207 has agreed to open team sheets.\n|\n|t:|1775925061\n|teamsize|p1|4\n|teamsize|p2|4\n|start\n|switch|p1a: Tyranitar|Tyranitar, L50, M, shiny|100/100\n|switch|p1b: Sneasler|Sneasler, L50, M, shiny|100/100\n|switch|p2a: Gallade|Gallade, L50, M, shiny|100/100\n|switch|p2b: Milotic|Milotic, L50, M|100/100\n|-weather|Sandstorm|[from] ability: Sand Stream|[of] p1a: Tyranitar\n|turn|1\n|\n|t:|1775925098\n|switch|p2a: Garchomp|Garchomp, L50, M|100/100\n|switch|p1a: Sinistcha|Sinistcha, L50, shiny|100/100\n|move|p1b: Sneasler|Fake Out|p2a: Garchomp\n|-damage|p2a: Garchomp|87/100\n|move|p2b: Milotic|Scald|p1a: Sinistcha\n|-resisted|p1a: Sinistcha|1\n|-damage|p1a: Sinistcha|84/100\n|-status|p1a: Sinistcha|brn\n|\n|-weather|Sandstorm|[upkeep]\n|-damage|p1b: Sneasler|95/100|[from] Sandstorm\n|-damage|p2b: Milotic|95/100|[from] Sandstorm\n|-damage|p1a: Sinistcha|78/100 brn|[from] Sandstorm\n|-damage|p1a: Sinistcha|72/100 brn|[from] brn\n|upkeep\n|turn|2\n|\n|t:|1775925134\n|move|p1b: Sneasler|Protect|p1b: Sneasler\n|-singleturn|p1b: Sneasler|Protect\n|move|p2a: Garchomp|Earthquake|p1b: Sneasler|[spread] p2b,p1a\n|-activate|p1b: Sneasler|move: Protect\n|-resisted|p1a: Sinistcha|1\n|-damage|p2b: Milotic|50/100\n|-damage|p1a: Sinistcha|56/100 brn\n|-enditem|p2b: Milotic|Sitrus Berry|[eat]\n|-heal|p2b: Milotic|74/100|[from] item: Sitrus Berry\n|move|p2b: Milotic|Ice Beam|p1a: Sinistcha\n|-supereffective|p1a: Sinistcha|1\n|-damage|p1a: Sinistcha|11/100 brn\n|-enditem|p1a: Sinistcha|Sitrus Berry|[eat]\n|-heal|p1a: Sinistcha|35/100 brn|[from] item: Sitrus Berry\n|move|p1a: Sinistcha|Matcha Gotcha|p2a: Garchomp|[spread] p2a,p2b\n|-supereffective|p2b: Milotic|1\n|-damage|p2a: Garchomp|60/100\n|-heal|p1a: Sinistcha|50/100 brn|[from] drain|[of] p2a: Garchomp\n|-damage|p2b: Milotic|48/100\n|-heal|p1a: Sinistcha|65/100 brn|[from] drain|[of] p2b: Milotic\n|\n|-weather|Sandstorm|[upkeep]\n|-damage|p1b: Sneasler|89/100|[from] Sandstorm\n|-damage|p2b: Milotic|42/100|[from] Sandstorm\n|-damage|p1a: Sinistcha|59/100 brn|[from] Sandstorm\n|-damage|p1a: Sinistcha|53/100 brn|[from] brn\n|upkeep\n|turn|3\n|\n|t:|1775925179\n|move|p2a: Garchomp|Earthquake|p1b: Sneasler|[spread] p2b,p1a,p1b\n|-resisted|p1a: Sinistcha|1\n|-supereffective|p1b: Sneasler|1\n|-damage|p2b: Milotic|0 fnt\n|-damage|p1a: Sinistcha|38/100 brn\n|-damage|p1b: Sneasler|0 fnt\n|faint|p2b: Milotic\n|faint|p1b: Sneasler\n|move|p1a: Sinistcha|Matcha Gotcha|p2a: Garchomp\n|-damage|p2a: Garchomp|22/100\n|-heal|p1a: Sinistcha|58/100 brn|[from] drain|[of] p2a: Garchomp\n|\n|-weather|Sandstorm|[upkeep]\n|-damage|p1a: Sinistcha|52/100 brn|[from] Sandstorm\n|-damage|p1a: Sinistcha|45/100 brn|[from] brn\n|upkeep\n|\n|t:|1775925193\n|switch|p1b: Corviknight|Corviknight, L50, M, shiny|100/100\n|switch|p2b: Talonflame|Talonflame, L50, F|100/100\n|turn|4\n|\n|t:|1775925217\n|switch|p2a: Gallade|Gallade, L50, M, shiny|100/100\n|switch|p1a: Tyranitar|Tyranitar, L50, M, shiny|100/100\n|move|p2b: Talonflame|Flare Blitz|p1a: Tyranitar\n|-resisted|p1a: Tyranitar|1\n|-damage|p1a: Tyranitar|82/100\n|-damage|p2b: Talonflame|93/100|[from] Recoil\n|-heal|p2b: Talonflame|96/100|[from] item: Shell Bell|[of] p1a: Tyranitar\n|move|p1b: Corviknight|Tailwind|p1b: Corviknight\n|-sidestart|p1: asr23|move: Tailwind\n|\n|-weather|Sandstorm|[upkeep]\n|-damage|p2b: Talonflame|90/100|[from] Sandstorm\n|-damage|p2a: Gallade|94/100|[from] Sandstorm\n|upkeep\n|turn|5\n|\n|t:|1775925247\n|switch|p2b: Garchomp|Garchomp, L50, M|22/100\n|detailschange|p1a: Tyranitar|Tyranitar-Mega, L50, M, shiny\n|-mega|p1a: Tyranitar|Tyranitar|Tyranitarite\n|detailschange|p2a: Gallade|Gallade-Mega, L50, M, shiny\n|-mega|p2a: Gallade|Gallade|Galladite\n|move|p1a: Tyranitar|Rock Slide|p2b: Garchomp|[spread] p2a,p2b\n|-resisted|p2a: Gallade|1\n|-resisted|p2b: Garchomp|1\n|-damage|p2a: Gallade|71/100\n|-damage|p2b: Garchomp|4/100\n|move|p1b: Corviknight|Bulk Up|p1b: Corviknight\n|-boost|p1b: Corviknight|atk|1\n|-boost|p1b: Corviknight|def|1\n|move|p2a: Gallade|Thunder Punch|p1b: Corviknight\n|-supereffective|p1b: Corviknight|1\n|-damage|p1b: Corviknight|62/100\n|\n|-weather|none\n|upkeep\n|turn|6\n|\n|t:|1775925270\n|move|p1a: Tyranitar|Rock Slide|p2b: Garchomp|[spread] p2a,p2b\n|-resisted|p2a: Gallade|1\n|-resisted|p2b: Garchomp|1\n|-damage|p2a: Gallade|49/100\n|-damage|p2b: Garchomp|0 fnt\n|faint|p2b: Garchomp\n|move|p1b: Corviknight|Dual Wingbeat|p2a: Gallade\n|-supereffective|p2a: Gallade|1\n|-damage|p2a: Gallade|0 fnt\n|faint|p2a: Gallade\n|-hitcount|p2: Gallade|1\n|\n|upkeep\n|\n|t:|1775925274\n|switch|p2b: Talonflame|Talonflame, L50, F|90/100\n|turn|7\n|-message|jmugi0207 forfeited.\n|\n|win|asr23\n|raw|asr23's rating: 1000 &rarr; <strong>1046</strong><br />(+46 for winning)\n|raw|jmugi0207's rating: 1049 &rarr; <strong>1029</strong><br />(-20 for losing)\n|l|\u2606jmugi0207\n|player|p2|\n",
  "uploadtime": 1775925300,
  "views": 11,
  "formatid": "gen9championsvgc2026regma",
  "rating": 1029,
  "private": 0,
  "password": null
}