{
  "id": "gen9championsvgc2026regma-2580832908",
  "format": "[Gen 9 Champions] VGC 2026 Reg M-A",
  "players": [
    "thatdoodguy",
    "MikeTitan"
  ],
  "log": "|j|\u2606thatdoodguy\n|j|\u2606MikeTitan\n|t:|1775936172\n|gametype|doubles\n|player|p1|thatdoodguy|cyrus|1041\n|player|p2|MikeTitan|blaine|1131\n|gen|9\n|tier|[Gen 9 Champions] VGC 2026 Reg M-A\n|rated|\n|rule|Species Clause: Limit one of each Pok\u00e9mon\n|rule|Item Clause: Limit 1 of each item\n|clearpoke\n|poke|p1|Charizard, L50, M|\n|poke|p1|Incineroar, L50, F|\n|poke|p1|Ninetales-Alola, L50, M|\n|poke|p1|Sneasler, L50, M|\n|poke|p1|Hydrapple, L50, F|\n|poke|p1|Dragapult, L50, M|\n|poke|p2|Floette-Eternal, L50, F|\n|poke|p2|Garchomp, L50, M|\n|poke|p2|Corviknight, L50, F|\n|poke|p2|Arcanine-Hisui, L50, M|\n|poke|p2|Maushold, L50|\n|poke|p2|Rotom-Wash, L50|\n|teampreview|4\n|\n|t:|1775936237\n|teamsize|p1|4\n|teamsize|p2|4\n|start\n|switch|p1a: Sneasler|Sneasler, L50, M|100/100\n|switch|p1b: Ninetales|Ninetales-Alola, L50, M|100/100\n|switch|p2a: Arcanine|Arcanine-Hisui, L50, M, shiny|100/100\n|switch|p2b: Corviknight|Corviknight, L50, F, shiny|100/100\n|-ability|p2a: Arcanine|Intimidate|boost\n|-unboost|p1a: Sneasler|atk|1\n|-unboost|p1b: Ninetales|atk|1\n|-weather|Snowscape|[from] ability: Snow Warning|[of] p1b: Ninetales\n|-enditem|p1a: Sneasler|White Herb\n|-clearnegativeboost|p1a: Sneasler|[silent]\n|turn|1\n|\n|t:|1775936262\n|switch|p2a: Floette|Floette-Eternal, L50, F|100/100\n|move|p1a: Sneasler|Fake Out|p2b: Corviknight\n|-resisted|p2b: Corviknight|1\n|-damage|p2b: Corviknight|95/100\n|move|p1b: Ninetales|Aurora Veil|p1b: Ninetales\n|-sidestart|p1: thatdoodguy|move: Aurora Veil\n|cant|p2b: Corviknight|flinch\n|\n|-weather|Snowscape|[upkeep]\n|upkeep\n|turn|2\n|\n|t:|1775936293\n|switch|p2b: Arcanine|Arcanine-Hisui, L50, M, shiny|100/100\n|-ability|p2b: Arcanine|Intimidate|boost\n|-unboost|p1a: Sneasler|atk|1\n|-unboost|p1b: Ninetales|atk|1\n|move|p2a: Floette|Protect|p2a: Floette\n|-singleturn|p2a: Floette|Protect\n|move|p1a: Sneasler|Dire Claw|p2a: Floette\n|-activate|p2a: Floette|move: Protect\n|move|p1b: Ninetales|Blizzard|p2b: Arcanine|[spread] p2b\n|-activate|p2a: Floette|move: Protect\n|-resisted|p2b: Arcanine|1\n|-damage|p2b: Arcanine|85/100\n|\n|-weather|Snowscape|[upkeep]\n|upkeep\n|turn|3\n|\n|t:|1775936332\n|switch|p2a: Corviknight|Corviknight, L50, F, shiny|95/100\n|move|p1a: Sneasler|Dire Claw|p2a: Corviknight\n|-immune|p2a: Corviknight\n|move|p2b: Arcanine|Flare Blitz|p1b: Ninetales|[miss]\n|-miss|p2b: Arcanine|p1b: Ninetales\n|move|p1b: Ninetales|Blizzard|p2a: Corviknight|[spread] p2a,p2b\n|-resisted|p2b: Arcanine|1\n|-damage|p2a: Corviknight|69/100\n|-damage|p2b: Arcanine|70/100\n|\n|-weather|Snowscape|[upkeep]\n|upkeep\n|turn|4\n|c|\u2606MikeTitan|Bright powder goes crazy\n|c|\u2606MikeTitan|wp\n|\n|t:|1775936369\n|switch|p1a: Charizard|Charizard, L50, M|100/100\n|move|p2b: Arcanine|Flare Blitz|p1b: Ninetales\n|-supereffective|p1b: Ninetales|1\n|-damage|p1b: Ninetales|33/100\n|-damage|p2b: Arcanine|48/100|[from] Recoil\n|move|p1b: Ninetales|Blizzard|p2b: Arcanine|[spread] p2a,p2b\n|-resisted|p2b: Arcanine|1\n|-damage|p2a: Corviknight|44/100\n|-damage|p2b: Arcanine|31/100\n|move|p2a: Corviknight|Brave Bird|p1a: Charizard\n|-damage|p1a: Charizard|52/100\n|-damage|p2a: Corviknight|31/100|[from] Recoil\n|\n|-weather|Snowscape|[upkeep]\n|upkeep\n|turn|5\n|\n|t:|1775936402\n|switch|p2b: Floette|Floette-Eternal, L50, F|100/100\n|switch|p1a: Incineroar|Incineroar, L50, F|100/100\n|-ability|p1a: Incineroar|Intimidate|boost\n|-ability|p2a: Corviknight|Mirror Armor\n|-unboost|p1a: Incineroar|atk|1\n|-unboost|p2b: Floette|atk|1\n|move|p1b: Ninetales|Protect|p1b: Ninetales\n|-singleturn|p1b: Ninetales|Protect\n|move|p2a: Corviknight|Roost|p2a: Corviknight\n|-heal|p2a: Corviknight|82/100\n|-singleturn|p2a: Corviknight|move: Roost\n|\n|-weather|none\n|-sideend|p1: thatdoodguy|move: Aurora Veil\n|upkeep\n|turn|6\n|\n|t:|1775936437\n|detailschange|p2b: Floette|Floette-Mega, L50, F\n|-mega|p2b: Floette|Floette|Floettite\n|-ability|p2b: Floette|Fairy Aura\n|move|p1b: Ninetales|Blizzard|p2b: Floette|[spread] p2a,p2b\n|-damage|p2a: Corviknight|56/100\n|-damage|p2b: Floette|82/100\n|move|p2b: Floette|Calm Mind|p2b: Floette\n|-boost|p2b: Floette|spa|1\n|-boost|p2b: Floette|spd|1\n|move|p2a: Corviknight|Brave Bird|p1b: Ninetales\n|-damage|p1b: Ninetales|0 fnt\n|faint|p1b: Ninetales\n|-damage|p2a: Corviknight|47/100|[from] Recoil\n|move|p1a: Incineroar|Parting Shot|p2b: Floette\n|-unboost|p2b: Floette|atk|1\n|-unboost|p2b: Floette|spa|1\n|\n|t:|1775936454\n|switch|p1a: Charizard|Charizard, L50, M|52/100|[from] Parting Shot\n|\n|upkeep\n|\n|t:|1775936459\n|switch|p1b: Sneasler|Sneasler, L50, M|100/100\n|turn|7\n|\n|t:|1775936486\n|switch|p2a: Arcanine|Arcanine-Hisui, L50, M, shiny|31/100\n|-ability|p2a: Arcanine|Intimidate|boost\n|-unboost|p1a: Charizard|atk|1\n|-unboost|p1b: Sneasler|atk|1\n|detailschange|p1a: Charizard|Charizard-Mega-X, L50, M\n|-mega|p1a: Charizard|Charizard|Charizardite X\n|move|p2b: Floette|Protect|p2b: Floette\n|-singleturn|p2b: Floette|Protect\n|move|p1b: Sneasler|Fake Out|p2b: Floette\n|-activate|p2b: Floette|move: Protect\n|move|p1a: Charizard|Flare Blitz|p2a: Arcanine\n|-resisted|p2a: Arcanine|2\n|-damage|p2a: Arcanine|14/100\n|-damage|p1a: Charizard|46/100|[from] Recoil\n|\n|upkeep\n|turn|8\n|\n|t:|1775936527\n|move|p2a: Arcanine|Rock Slide|p1a: Charizard|[spread] p1a,p1b\n|-supereffective|p1a: Charizard|1\n|-resisted|p1b: Sneasler|1\n|-damage|p1a: Charizard|0 fnt\n|-damage|p1b: Sneasler|73/100\n|faint|p1a: Charizard\n|move|p1b: Sneasler|Dire Claw|p2b: Floette\n|-supereffective|p2b: Floette|1\n|-damage|p2b: Floette|15/100\n|move|p2b: Floette|Moonblast|p1b: Sneasler\n|-damage|p1b: Sneasler|0 fnt\n|faint|p1b: Sneasler\n|\n|upkeep\n|\n|t:|1775936544\n|switch|p1b: Incineroar|Incineroar, L50, F|100/100\n|-ability|p1b: Incineroar|Intimidate|boost\n|-unboost|p2a: Arcanine|atk|1\n|-unboost|p2b: Floette|atk|1\n|turn|9\n|\n|t:|1775936554\n|switch|p2a: Garchomp|Garchomp, L50, M, shiny|100/100\n|switch|p2b: Corviknight|Corviknight, L50, F, shiny|47/100\n|move|p1b: Incineroar|Fake Out|p2b: Corviknight\n|-resisted|p2b: Corviknight|1\n|-damage|p2b: Corviknight|42/100\n|\n|upkeep\n|turn|10\n|-message|thatdoodguy forfeited.\n|\n|win|MikeTitan\n|raw|thatdoodguy's rating: 1041 &rarr; <strong>1029</strong><br />(-12 for losing)\n|raw|MikeTitan's rating: 1131 &rarr; <strong>1150</strong><br />(+19 for winning)\n|l|\u2606thatdoodguy\n|player|p1|\n",
  "uploadtime": 1775936571,
  "views": 26,
  "formatid": "gen9championsvgc2026regma",
  "rating": 1029,
  "private": 0,
  "password": null
}