{
  "id": "gen9championsvgc2026regma-2581975465",
  "format": "[Gen 9 Champions] VGC 2026 Reg M-A",
  "players": [
    "SNKPlissken319",
    "amongdripgoku"
  ],
  "log": "|j|\u2606SNKPlissken319\n|j|\u2606amongdripgoku\n|t:|1776044807\n|gametype|doubles\n|player|p1|SNKPlissken319|265|1057\n|player|p2|amongdripgoku|169|1062\n|gen|9\n|tier|[Gen 9 Champions] VGC 2026 Reg M-A\n|rated|\n|rule|Species Clause: Limit one of each Pok\u00e9mon\n|rule|Item Clause: Limit 1 of each item\n|clearpoke\n|poke|p1|Feraligatr, L50, M|\n|poke|p1|Milotic, L50, M|\n|poke|p1|Pelipper, L50, F|\n|poke|p1|Corviknight, L50, M|\n|poke|p1|Raichu, L50, F|\n|poke|p1|Clefable, L50, M|\n|poke|p2|Pelipper, L50, F|\n|poke|p2|Gengar, L50, F|\n|poke|p2|Greninja-*, L50, F|\n|poke|p2|Basculegion, L50, M|\n|poke|p2|Archaludon, L50, F|\n|poke|p2|Whimsicott, L50, F|\n|teampreview|4\n|\n|t:|1776044841\n|teamsize|p1|4\n|teamsize|p2|4\n|start\n|switch|p1a: Pelipper|Pelipper, L50, F|100/100\n|switch|p1b: Feraligatr|Feraligatr, L50, M|100/100\n|switch|p2a: Basculegion|Basculegion, L50, M|100/100\n|switch|p2b: Archaludon|Archaludon, L50, F|100/100\n|-weather|RainDance|[from] ability: Drizzle|[of] p1a: Pelipper\n|turn|1\n|inactive|Battle timer is ON: inactive players will automatically lose when time's up. (requested by amongdripgoku)\n|\n|t:|1776044860\n|switch|p1b: Raichu|Raichu, L50, F|100/100\n|move|p2a: Basculegion|Flip Turn|p1a: Pelipper\n|-resisted|p1a: Pelipper|1\n|-damage|p1a: Pelipper|77/100\n|\n|t:|1776044867\n|switch|p2a: Gengar|Gengar, L50, F|100/100|[from] Flip Turn\n|move|p1a: Pelipper|Tailwind|p1a: Pelipper\n|-sidestart|p1: SNKPlissken319|move: Tailwind\n|move|p2b: Archaludon|Draco Meteor|p1b: Raichu\n|-enditem|p1b: Raichu|Focus Sash\n|-damage|p1b: Raichu|1/100\n|-unboost|p2b: Archaludon|spa|2\n|\n|-weather|RainDance|[upkeep]\n|upkeep\n|turn|2\n|\n|t:|1776044889\n|move|p2a: Gengar|Protect|p2a: Gengar\n|-singleturn|p2a: Gengar|Protect\n|move|p1b: Raichu|Fake Out|p2b: Archaludon\n|-resisted|p2b: Archaludon|1\n|-damage|p2b: Archaludon|97/100\n|move|p1a: Pelipper|Weather Ball|p2a: Gengar\n|-activate|p2a: Gengar|move: Protect\n|cant|p2b: Archaludon|flinch\n|\n|-weather|RainDance|[upkeep]\n|upkeep\n|turn|3\n|inactive|SNKPlissken319 has 30 seconds left.\n|inactive|amongdripgoku has 30 seconds left.\n|inactive|SNKPlissken319 has 20 seconds left.\n|\n|t:|1776044924\n|detailschange|p2a: Gengar|Gengar-Mega, L50, F\n|-mega|p2a: Gengar|Gengar|Gengarite\n|move|p1b: Raichu|Nuzzle|p2b: Archaludon\n|-resisted|p2b: Archaludon|1\n|-damage|p2b: Archaludon|94/100\n|-status|p2b: Archaludon|par\n|move|p1a: Pelipper|Weather Ball|p2a: Gengar\n|-damage|p2a: Gengar|24/100\n|move|p2a: Gengar|Icy Wind|p1b: Raichu|[spread] p1a,p1b\n|-damage|p1a: Pelipper|51/100\n|-damage|p1b: Raichu|0 fnt\n|-unboost|p1a: Pelipper|spe|1\n|faint|p1b: Raichu\n|move|p2b: Archaludon|Electro Shot||[still]\n|-prepare|p2b: Archaludon|Electro Shot\n|-boost|p2b: Archaludon|spa|1\n|-anim|p2b: Archaludon|Electro Shot|p1a: Pelipper\n|-supereffective|p1a: Pelipper|2\n|-damage|p1a: Pelipper|0 fnt\n|faint|p1a: Pelipper\n|\n|-weather|RainDance|[upkeep]\n|upkeep\n|\n|t:|1776044944\n|switch|p1b: Feraligatr|Feraligatr, L50, M|100/100\n|switch|p1a: Milotic|Milotic, L50, M|100/100\n|turn|4\n|\n|t:|1776044959\n|detailschange|p1b: Feraligatr|Feraligatr-Mega, L50, M\n|-mega|p1b: Feraligatr|Feraligatr|Feraligite\n|move|p2a: Gengar|Protect|p2a: Gengar\n|-singleturn|p2a: Gengar|Protect\n|move|p1a: Milotic|Icy Wind|p2b: Archaludon|[spread] p2b\n|-activate|p2a: Gengar|move: Protect\n|-damage|p2b: Archaludon|81/100 par\n|-unboost|p2b: Archaludon|spe|1\n|move|p1b: Feraligatr|Double-Edge|p2b: Archaludon\n|-damage|p2b: Archaludon|2/100 par\n|-enditem|p2b: Archaludon|Sitrus Berry|[eat]\n|-heal|p2b: Archaludon|27/100 par|[from] item: Sitrus Berry\n|-damage|p1b: Feraligatr|74/100|[from] Recoil\n|move|p2b: Archaludon|Electro Shot||[still]\n|-prepare|p2b: Archaludon|Electro Shot\n|-boost|p2b: Archaludon|spa|1\n|-anim|p2b: Archaludon|Electro Shot|p1a: Milotic\n|-supereffective|p1a: Milotic|1\n|-damage|p1a: Milotic|24/100\n|-enditem|p1a: Milotic|Sitrus Berry|[eat]\n|-heal|p1a: Milotic|49/100|[from] item: Sitrus Berry\n|\n|-weather|RainDance|[upkeep]\n|-sideend|p1: SNKPlissken319|move: Tailwind\n|upkeep\n|turn|5\n|inactive|SNKPlissken319 has 30 seconds left.\n|inactive|amongdripgoku has 30 seconds left.\n|inactive|SNKPlissken319 has 20 seconds left.\n|inactive|amongdripgoku has 20 seconds left.\n|inactive|SNKPlissken319 has 15 seconds left.\n|inactive|amongdripgoku has 15 seconds left.\n|\n|t:|1776045001\n|move|p2b: Archaludon|Protect|p2b: Archaludon\n|-singleturn|p2b: Archaludon|Protect\n|move|p2a: Gengar|Sludge Bomb|p1b: Feraligatr\n|-damage|p1b: Feraligatr|0 fnt\n|faint|p1b: Feraligatr\n|move|p1a: Milotic|Recover|p1a: Milotic\n|-heal|p1a: Milotic|99/100\n|\n|-weather|none\n|upkeep\n|turn|6\n|\n|t:|1776045020\n|move|p2a: Gengar|Sludge Bomb|p1a: Milotic\n|-damage|p1a: Milotic|57/100\n|-status|p1a: Milotic|psn\n|move|p1a: Milotic|Coil|p1a: Milotic\n|-boost|p1a: Milotic|atk|1\n|-boost|p1a: Milotic|def|1\n|-boost|p1a: Milotic|accuracy|1\n|move|p2b: Archaludon|Draco Meteor|p1a: Milotic\n|-damage|p1a: Milotic|7/100 psn\n|-unboost|p2b: Archaludon|spa|2\n|\n|-damage|p1a: Milotic|0 fnt|[from] psn\n|faint|p1a: Milotic\n|\n|win|amongdripgoku\n|raw|SNKPlissken319's rating: 1057 &rarr; <strong>1039</strong><br />(-18 for losing)\n|raw|amongdripgoku's rating: 1062 &rarr; <strong>1092</strong><br />(+30 for winning)\n",
  "uploadtime": 1776045021,
  "views": 11,
  "formatid": "gen9championsvgc2026regma",
  "rating": 1039,
  "private": 0,
  "password": null
}