{
  "id": "gen9championsvgc2026regma-2584725704",
  "format": "[Gen 9 Champions] VGC 2026 Reg M-A",
  "players": [
    "battle sim trainer",
    "Tisor"
  ],
  "log": "|j|\u2606battle sim trainer\n|j|\u2606Tisor\n|t:|1776279310\n|gametype|doubles\n|player|p1|battle sim trainer|turo|1087\n|player|p2|Tisor|ethan|1139\n|gen|9\n|tier|[Gen 9 Champions] VGC 2026 Reg M-A\n|rated|\n|rule|Species Clause: Limit one of each Pok\u00e9mon\n|rule|Item Clause: Limit 1 of each item\n|clearpoke\n|poke|p1|Farigiraf, L50, F|\n|poke|p1|Sinistcha, L50|\n|poke|p1|Slowbro, L50, M|\n|poke|p1|Crabominable, L50, F|\n|poke|p1|Medicham, L50, M|\n|poke|p1|Torkoal, L50, M|\n|poke|p2|Aggron, L50, F|\n|poke|p2|Alakazam, L50, M|\n|poke|p2|Incineroar, L50, M|\n|poke|p2|Sinistcha, L50|\n|poke|p2|Milotic, L50, F|\n|poke|p2|Whimsicott, L50, F|\n|teampreview|4\n|inactive|Battle timer is ON: inactive players will automatically lose when time's up. (requested by Tisor)\n|inactive|battle sim trainer has 60 seconds left.\n|inactive|battle sim trainer has 30 seconds left.\n|inactive|battle sim trainer has 20 seconds left.\n|\n|t:|1776279386\n|teamsize|p1|4\n|teamsize|p2|4\n|start\n|switch|p1a: Farigiraf|Farigiraf, L50, F|100/100\n|switch|p1b: Slowbro|Slowbro, L50, M|100/100\n|switch|p2a: Sinistcha|Sinistcha, L50|100/100\n|switch|p2b: Milotic|Milotic, L50, F|100/100\n|turn|1\n|inactive|battle sim trainer has 30 seconds left.\n|\n|t:|1776279417\n|detailschange|p1b: Slowbro|Slowbro-Mega, L50, M\n|-mega|p1b: Slowbro|Slowbro|Slowbronite\n|move|p2b: Milotic|Muddy Water|p1a: Farigiraf|[spread] p1a,p1b\n|-resisted|p1b: Slowbro|1\n|-damage|p1a: Farigiraf|75/100\n|-damage|p1b: Slowbro|89/100\n|move|p2a: Sinistcha|Matcha Gotcha|p1a: Farigiraf|[spread] p1a\n|-miss|p2a: Sinistcha|p1b: Slowbro\n|-damage|p1a: Farigiraf|52/100\n|move|p1b: Slowbro|Iron Defense|p1b: Slowbro\n|-boost|p1b: Slowbro|def|2\n|move|p1a: Farigiraf|Trick Room|p1a: Farigiraf\n|-fieldstart|move: Trick Room|[of] p1a: Farigiraf\n|\n|upkeep\n|turn|2\n|\n|t:|1776279441\n|switch|p1a: Torkoal|Torkoal, L50, M|100/100\n|-weather|SunnyDay|[from] ability: Drought|[of] p1a: Torkoal\n|move|p1b: Slowbro|Iron Defense|p1b: Slowbro\n|-boost|p1b: Slowbro|def|2\n|move|p2a: Sinistcha|Matcha Gotcha|p1a: Torkoal|[spread] p1a,p1b\n|-resisted|p1a: Torkoal|1\n|-supereffective|p1b: Slowbro|1\n|-damage|p1a: Torkoal|84/100\n|-damage|p1b: Slowbro|50/100\n|-status|p1b: Slowbro|brn\n|move|p2b: Milotic|Muddy Water|p1a: Torkoal|[spread] \n|-miss|p2b: Milotic|p1a: Torkoal\n|-miss|p2b: Milotic|p1b: Slowbro\n|\n|-weather|SunnyDay|[upkeep]\n|-damage|p1b: Slowbro|44/100 brn|[from] brn\n|upkeep\n|turn|3\n|inactive|battle sim trainer has 30 seconds left.\n|inactive|Tisor has 30 seconds left.\n|\n|t:|1776279469\n|move|p2a: Sinistcha|Protect|p2a: Sinistcha\n|-singleturn|p2a: Sinistcha|Protect\n|move|p1a: Torkoal|Eruption|p2b: Milotic|[spread] p2b\n|-activate|p2a: Sinistcha|move: Protect\n|-resisted|p2b: Milotic|1\n|-damage|p2b: Milotic|75/100\n|move|p1b: Slowbro|Body Press|p2b: Milotic\n|-damage|p2b: Milotic|18/100\n|move|p2b: Milotic|Muddy Water|p1a: Torkoal|[spread] p1a,p1b\n|-supereffective|p1a: Torkoal|1\n|-resisted|p1b: Slowbro|1\n|-damage|p1a: Torkoal|38/100\n|-damage|p1b: Slowbro|38/100 brn\n|\n|-weather|SunnyDay|[upkeep]\n|-damage|p1b: Slowbro|32/100 brn|[from] brn\n|upkeep\n|turn|4\n|\n|t:|1776279494\n|move|p2b: Milotic|Protect|p2b: Milotic\n|-singleturn|p2b: Milotic|Protect\n|move|p1a: Torkoal|Weather Ball|p2a: Sinistcha\n|-supereffective|p2a: Sinistcha|1\n|-damage|p2a: Sinistcha|0 fnt\n|faint|p2a: Sinistcha\n|move|p1b: Slowbro|Slack Off|p1b: Slowbro\n|-heal|p1b: Slowbro|82/100 brn\n|\n|-weather|SunnyDay|[upkeep]\n|-damage|p1b: Slowbro|76/100 brn|[from] brn\n|upkeep\n|\n|t:|1776279509\n|switch|p2a: Aggron|Aggron, L50, F|100/100\n|turn|5\n|\n|t:|1776279527\n|switch|p1a: Medicham|Medicham, L50, M|100/100\n|detailschange|p2a: Aggron|Aggron-Mega, L50, F\n|-mega|p2a: Aggron|Aggron|Aggronite\n|move|p2a: Aggron|Protect|p2a: Aggron\n|-singleturn|p2a: Aggron|Protect\n|move|p1b: Slowbro|Body Press|p2b: Milotic\n|-crit|p2b: Milotic\n|-damage|p2b: Milotic|0 fnt\n|faint|p2b: Milotic\n|\n|-weather|SunnyDay|[upkeep]\n|-damage|p1b: Slowbro|70/100 brn|[from] brn\n|-fieldend|move: Trick Room\n|upkeep\n|\n|t:|1776279536\n|switch|p2b: Alakazam|Alakazam, L50, M|100/100\n|turn|6\n|\n|t:|1776279547\n|move|p1a: Medicham|Fake Out|p2b: Alakazam\n|-damage|p2b: Alakazam|49/100\n|move|p2b: Alakazam|Speed Swap|p2a: Aggron\n|-activate|p2b: Alakazam|move: Speed Swap|[of] p2a: Aggron\n|move|p2a: Aggron|Iron Defense|p2a: Aggron\n|-boost|p2a: Aggron|def|2\n|move|p1b: Slowbro|Trick Room|p1b: Slowbro\n|-fieldstart|move: Trick Room|[of] p1b: Slowbro\n|\n|-weather|none\n|-damage|p1b: Slowbro|64/100 brn|[from] brn\n|upkeep\n|turn|7\n|inactive|Tisor has 30 seconds left.\n|\n|t:|1776279575\n|move|p1b: Slowbro|Body Press|p2a: Aggron\n|-supereffective|p2a: Aggron|1\n|-damage|p2a: Aggron|85/100\n|move|p2b: Alakazam|Speed Swap|p2a: Aggron\n|-activate|p2b: Alakazam|move: Speed Swap|[of] p2a: Aggron\n|move|p2a: Aggron|Iron Defense|p2a: Aggron\n|-boost|p2a: Aggron|def|2\n|move|p1a: Medicham|Psycho Cut|p2b: Alakazam\n|-resisted|p2b: Alakazam|1\n|-damage|p2b: Alakazam|0 fnt\n|faint|p2b: Alakazam\n|\n|-damage|p1b: Slowbro|58/100 brn|[from] brn\n|upkeep\n|turn|8\n|\n|t:|1776279596\n|move|p1b: Slowbro|Slack Off|p1b: Slowbro\n|-heal|p1b: Slowbro|100/100 brn\n|move|p2a: Aggron|Body Press|p1b: Slowbro\n|-resisted|p1b: Slowbro|1\n|-damage|p1b: Slowbro|91/100 brn\n|move|p1a: Medicham|Close Combat|p2a: Aggron\n|-supereffective|p2a: Aggron|1\n|-damage|p2a: Aggron|65/100\n|-unboost|p1a: Medicham|def|1\n|-unboost|p1a: Medicham|spd|1\n|\n|-damage|p1b: Slowbro|85/100 brn|[from] brn\n|upkeep\n|turn|9\n|-message|Tisor forfeited.\n|\n|win|battle sim trainer\n|raw|battle sim trainer's rating: 1087 &rarr; <strong>1118</strong><br />(+31 for winning)\n|raw|Tisor's rating: 1139 &rarr; <strong>1110</strong><br />(-29 for losing)\n|l|\u2606Tisor\n|player|p2|\n",
  "uploadtime": 1776279618,
  "views": 16,
  "formatid": "gen9championsvgc2026regma",
  "rating": 1110,
  "private": 0,
  "password": null
}