{
  "id": "gen9championsvgc2026regma-2583972538",
  "format": "[Gen 9 Champions] VGC 2026 Reg M-A",
  "players": [
    "Ianc123",
    "thomas_shelby_obe"
  ],
  "log": "|j|\u2606Ianc123\n|j|\u2606thomas_shelby_obe\n|t:|1776213097\n|gametype|doubles\n|player|p1|Ianc123|170|1058\n|player|p2|thomas_shelby_obe|veteran|1103\n|gen|9\n|tier|[Gen 9 Champions] VGC 2026 Reg M-A\n|rated|\n|rule|Species Clause: Limit one of each Pok\u00e9mon\n|rule|Item Clause: Limit 1 of each item\n|clearpoke\n|poke|p1|Floette-Eternal, L50, F|\n|poke|p1|Archaludon, L50, F|\n|poke|p1|Abomasnow, L50, F|\n|poke|p1|Rampardos, L50, F|\n|poke|p1|Espathra, L50, M|\n|poke|p1|Sinistcha, L50|\n|poke|p2|Froslass, L50, F|\n|poke|p2|Ninetales-Alola, L50, F|\n|poke|p2|Infernape, L50, M|\n|poke|p2|Sneasler, L50, F|\n|poke|p2|Bellibolt, L50, F|\n|poke|p2|Milotic, L50, F|\n|teampreview|4\n|inactive|Battle timer is ON: inactive players will automatically lose when time's up. (requested by Ianc123)\n|\n|t:|1776213117\n|teamsize|p1|4\n|teamsize|p2|4\n|start\n|switch|p1a: Abomasnow|Abomasnow, L50, F|100/100\n|switch|p1b: Espathra|Espathra, L50, M, shiny|100/100\n|switch|p2a: Infernape|Infernape, L50, M|100/100\n|switch|p2b: Sneasler|Sneasler, L50, F|100/100\n|-weather|Snowscape|[from] ability: Snow Warning|[of] p1a: Abomasnow\n|turn|1\n|\n|t:|1776213136\n|move|p2b: Sneasler|Fake Out|p1b: Espathra\n|-damage|p1b: Espathra|84/100\n|move|p2a: Infernape|Flare Blitz|p1a: Abomasnow\n|-supereffective|p1a: Abomasnow|2\n|-damage|p1a: Abomasnow|0 fnt\n|faint|p1a: Abomasnow\n|-damage|p2a: Infernape|65/100|[from] Recoil\n|cant|p1b: Espathra|flinch\n|\n|-weather|Snowscape|[upkeep]\n|-heal|p1b: Espathra|90/100|[from] item: Leftovers\n|-ability|p1b: Espathra|Speed Boost|boost\n|-boost|p1b: Espathra|spe|1\n|upkeep\n|\n|t:|1776213147\n|switch|p1a: Floette|Floette-Eternal, L50, F|100/100\n|turn|2\n|\n|t:|1776213159\n|detailschange|p1a: Floette|Floette-Mega, L50, F\n|-mega|p1a: Floette|Floette|Floettite\n|-ability|p1a: Floette|Fairy Aura\n|move|p1b: Espathra|Protect|p1b: Espathra\n|-singleturn|p1b: Espathra|Protect\n|move|p1a: Floette|Protect|p1a: Floette\n|-singleturn|p1a: Floette|Protect\n|move|p2a: Infernape|Flare Blitz|p1a: Floette\n|-activate|p1a: Floette|move: Protect\n|move|p2b: Sneasler|Dire Claw|p1a: Floette\n|-activate|p1a: Floette|move: Protect\n|\n|-weather|Snowscape|[upkeep]\n|-heal|p1b: Espathra|96/100|[from] item: Leftovers\n|-ability|p1b: Espathra|Speed Boost|boost\n|-boost|p1b: Espathra|spe|1\n|upkeep\n|turn|3\n|\n|t:|1776213180\n|switch|p1a: Rampardos|Rampardos, L50, F|100/100\n|move|p1b: Espathra|Calm Mind|p1b: Espathra\n|-boost|p1b: Espathra|spa|1\n|-boost|p1b: Espathra|spd|1\n|move|p2a: Infernape|Flare Blitz|p1a: Rampardos\n|-resisted|p1a: Rampardos|1\n|-damage|p1a: Rampardos|59/100\n|-damage|p2a: Infernape|50/100|[from] Recoil\n|move|p2b: Sneasler|Dire Claw|p1a: Rampardos\n|-resisted|p1a: Rampardos|1\n|-damage|p1a: Rampardos|29/100\n|\n|-weather|Snowscape|[upkeep]\n|-heal|p1b: Espathra|100/100|[from] item: Leftovers\n|-ability|p1b: Espathra|Speed Boost|boost\n|-boost|p1b: Espathra|spe|1\n|upkeep\n|turn|4\n|inactive|Ianc123 has 30 seconds left.\n|inactive|thomas_shelby_obe has 30 seconds left.\n|\n|t:|1776213213\n|switch|p2a: Bellibolt|Bellibolt, L50, F|100/100\n|move|p1b: Espathra|Protect|p1b: Espathra\n|-singleturn|p1b: Espathra|Protect\n|move|p2b: Sneasler|Close Combat|p1a: Rampardos\n|-supereffective|p1a: Rampardos|1\n|-damage|p1a: Rampardos|0 fnt\n|-unboost|p2b: Sneasler|def|1\n|-unboost|p2b: Sneasler|spd|1\n|faint|p1a: Rampardos\n|\n|-weather|Snowscape|[upkeep]\n|-ability|p1b: Espathra|Speed Boost|boost\n|-boost|p1b: Espathra|spe|1\n|upkeep\n|\n|t:|1776213228\n|switch|p1a: Floette|Floette-Mega, L50, F|100/100\n|-ability|p1a: Floette|Fairy Aura\n|turn|5\n|\n|t:|1776213241\n|move|p1b: Espathra|Stored Power|p2b: Sneasler\n|-supereffective|p2b: Sneasler|2\n|-damage|p2b: Sneasler|0 fnt\n|faint|p2b: Sneasler\n|move|p1a: Floette|Wish|p1a: Floette\n|move|p2a: Bellibolt|Thunder Wave|p1b: Espathra\n|-status|p1b: Espathra|par\n|\n|-weather|none\n|-ability|p1b: Espathra|Speed Boost|boost\n|-boost|p1b: Espathra|spe|1\n|upkeep\n|\n|t:|1776213252\n|switch|p2b: Infernape|Infernape, L50, M|50/100\n|turn|6\n|\n|t:|1776213269\n|move|p1b: Espathra|Stored Power|p2a: Bellibolt\n|-damage|p2a: Bellibolt|24/100\n|-start|p2a: Bellibolt|Charge|Stored Power|[from] ability: Electromorphosis\n|move|p2b: Infernape|Gunk Shot|p1a: Floette\n|-supereffective|p1a: Floette|1\n|-damage|p1a: Floette|25/100\n|move|p1a: Floette|Dazzling Gleam|p2a: Bellibolt|[spread] p2a,p2b\n|-damage|p2a: Bellibolt|0 fnt\n|-damage|p2b: Infernape|0 fnt\n|faint|p2a: Bellibolt\n|faint|p2b: Infernape\n|\n|-heal|p1a: Floette|75/100|[from] move: Wish|[wisher] Floette\n|-ability|p1b: Espathra|Speed Boost|boost\n|-boost|p1b: Espathra|spe|1\n|upkeep\n|\n|t:|1776213284\n|switch|p2b: Froslass|Froslass, L50, F, shiny|100/100\n|turn|7\n|\n|t:|1776213296\n|detailschange|p2b: Froslass|Froslass-Mega, L50, F, shiny\n|-mega|p2b: Froslass|Froslass|Froslassite\n|-weather|Snowscape|[from] ability: Snow Warning|[of] p2b: Froslass\n|cant|p1b: Espathra|par\n|move|p2b: Froslass|Shadow Ball|p1b: Espathra\n|-supereffective|p1b: Espathra|1\n|-damage|p1b: Espathra|10/100 par\n|move|p1a: Floette|Dazzling Gleam|p2b: Froslass\n|-damage|p2b: Froslass|22/100\n|\n|-weather|Snowscape|[upkeep]\n|-heal|p1b: Espathra|16/100 par|[from] item: Leftovers\n|upkeep\n|turn|8\n|\n|t:|1776213314\n|move|p1b: Espathra|Stored Power|p2b: Froslass\n|-damage|p2b: Froslass|0 fnt\n|faint|p2b: Froslass\n|\n|win|Ianc123\n|raw|Ianc123's rating: 1058 &rarr; <strong>1093</strong><br />(+35 for winning)\n|raw|thomas_shelby_obe's rating: 1103 &rarr; <strong>1075</strong><br />(-28 for losing)\n",
  "uploadtime": 1776213322,
  "views": 13,
  "formatid": "gen9championsvgc2026regma",
  "rating": 1075,
  "private": 0,
  "password": null
}