{
  "id": "gen9championsvgc2026regma-2582855268",
  "format": "[Gen 9 Champions] VGC 2026 Reg M-A",
  "players": [
    "51_vm",
    "Prohxy"
  ],
  "log": "|j|\u260651_vm\n|j|\u2606Prohxy\n|t:|1776119425\n|gametype|doubles\n|player|p1|51_vm|unknown|1025\n|player|p2|Prohxy|lorelei-lgpe|1037\n|gen|9\n|tier|[Gen 9 Champions] VGC 2026 Reg M-A\n|rated|\n|rule|Species Clause: Limit one of each Pok\u00e9mon\n|rule|Item Clause: Limit 1 of each item\n|clearpoke\n|poke|p1|Milotic, L50, F|\n|poke|p1|Incineroar, L50, M|\n|poke|p1|Whimsicott, L50, M|\n|poke|p1|Gardevoir, L50, F|\n|poke|p1|Zoroark-Hisui, L50, M|\n|poke|p1|Rotom-Wash, L50|\n|poke|p2|Camerupt, L50, M|\n|poke|p2|Sinistcha, L50|\n|poke|p2|Basculegion, L50, M|\n|poke|p2|Glalie, L50, M|\n|poke|p2|Alcremie-Rainbow-Swirl, L50, F|\n|poke|p2|Oranguru, L50, F|\n|teampreview|4\n|\n|t:|1776119448\n|teamsize|p1|4\n|teamsize|p2|4\n|start\n|switch|p1a: What!|Whimsicott, L50, M, shiny|100/100\n|switch|p1b: Opera|Gardevoir, L50, F, shiny|100/100\n|switch|p2a: Alcremie|Alcremie-Rainbow-Swirl, L50, F|100/100\n|switch|p2b: Oranguru|Oranguru, L50, F, shiny|100/100\n|turn|1\n|\n|t:|1776119477\n|move|p1a: What!|Taunt|p2b: Oranguru\n|-block|p2b: Oranguru|ability: Aroma Veil|[of] p2a: Alcremie\n|move|p1b: Opera|Sludge Bomb|p2a: Alcremie\n|-supereffective|p2a: Alcremie|1\n|-damage|p2a: Alcremie|39/100\n|move|p2a: Alcremie|Decorate|p2b: Oranguru\n|-boost|p2b: Oranguru|atk|2\n|-boost|p2b: Oranguru|spa|2\n|move|p2b: Oranguru|Trick Room|p2b: Oranguru\n|-fieldstart|move: Trick Room|[of] p2b: Oranguru\n|\n|upkeep\n|turn|2\n|\n|t:|1776119512\n|move|p1a: What!|Switcheroo|p2b: Oranguru\n|-activate|p1a: What!|move: Trick|[of] p2b: Oranguru\n|-item|p2b: Oranguru|Persim Berry|[from] move: Switcheroo\n|-item|p1a: What!|Mental Herb|[from] move: Switcheroo\n|move|p2b: Oranguru|Psychic|p1a: What!\n|-damage|p1a: What!|16/100\n|move|p2a: Alcremie|Recover|p2a: Alcremie\n|-heal|p2a: Alcremie|89/100\n|move|p1b: Opera|Sludge Bomb|p2a: Alcremie\n|-supereffective|p2a: Alcremie|1\n|-damage|p2a: Alcremie|28/100\n|-status|p2a: Alcremie|psn\n|\n|-damage|p2a: Alcremie|16/100 psn|[from] psn\n|upkeep\n|turn|3\n|\n|t:|1776119567\n|move|p1a: What!|Tailwind|p1a: What!\n|-sidestart|p1: 51_vm|move: Tailwind\n|move|p2b: Oranguru|Psychic|p1b: Opera\n|-enditem|p1b: Opera|Focus Sash\n|-damage|p1b: Opera|1/100\n|replace|p1b: Lies|Zoroark-Hisui, L50, M, shiny\n|-end|p1b: Lies|Illusion\n|move|p2a: Alcremie|Recover|p2a: Alcremie\n|-heal|p2a: Alcremie|66/100 psn\n|move|p1b: Lies|Sludge Bomb|p2b: Oranguru\n|-damage|p2b: Oranguru|72/100\n|\n|-damage|p2a: Alcremie|54/100 psn|[from] psn\n|upkeep\n|turn|4\n|\n|t:|1776119595\n|move|p1b: Lies|Protect|p1b: Lies\n|-singleturn|p1b: Lies|Protect\n|move|p1a: What!|Switcheroo|p2a: Alcremie\n|-activate|p1a: What!|move: Trick|[of] p2a: Alcremie\n|-item|p2a: Alcremie|Mental Herb|[from] move: Switcheroo\n|-item|p1a: What!|Babiri Berry|[from] move: Switcheroo\n|move|p2b: Oranguru|Psychic|p1a: What!\n|-damage|p1a: What!|0 fnt\n|faint|p1a: What!\n|move|p2a: Alcremie|Decorate|p2b: Oranguru\n|-boost|p2b: Oranguru|atk|2\n|-boost|p2b: Oranguru|spa|2\n|\n|-damage|p2a: Alcremie|42/100 psn|[from] psn\n|upkeep\n|\n|t:|1776119620\n|switch|p1a: Idk|Incineroar, L50, M|100/100\n|-ability|p1a: Idk|Intimidate|boost\n|-unboost|p2a: Alcremie|atk|1\n|-fail|p2b: Oranguru|unboost|Attack|[from] ability: Inner Focus|[of] p2b: Oranguru\n|turn|5\n|inactive|Battle timer is ON: inactive players will automatically lose when time's up. (requested by 51_vm)\n|\n|t:|1776119654\n|move|p1a: Idk|Protect|p1a: Idk\n|-singleturn|p1a: Idk|Protect\n|move|p2b: Oranguru|Instruct|p2a: Alcremie\n|-singleturn|p2a: Alcremie|move: Instruct|[of] p2b: Oranguru\n|move|p2a: Alcremie|Decorate|p2b: Oranguru\n|-boost|p2b: Oranguru|atk|2\n|-boost|p2b: Oranguru|spa|2\n|move|p2a: Alcremie|Recover|p2a: Alcremie\n|-heal|p2a: Alcremie|92/100 psn\n|move|p1b: Lies|Sludge Bomb|p2a: Alcremie\n|-supereffective|p2a: Alcremie|1\n|-damage|p2a: Alcremie|27/100 psn\n|\n|-damage|p2a: Alcremie|14/100 psn|[from] psn\n|-fieldend|move: Trick Room\n|upkeep\n|turn|6\n|inactive|51_vm has 30 seconds left.\n|\n|t:|1776119680\n|move|p1b: Lies|Sludge Bomb|p2a: Alcremie\n|-supereffective|p2a: Alcremie|1\n|-damage|p2a: Alcremie|0 fnt\n|faint|p2a: Alcremie\n|move|p1a: Idk|Flare Blitz|p2b: Oranguru\n|-damage|p2b: Oranguru|23/100\n|-damage|p1a: Idk|82/100|[from] Recoil\n|move|p2b: Oranguru|Psychic|p1b: Lies\n|-damage|p1b: Lies|0 fnt\n|faint|p1b: Lies\n|\n|-sideend|p1: 51_vm|move: Tailwind\n|upkeep\n|\n|t:|1776119699\n|switch|p1b: Opera|Gardevoir, L50, F, shiny|100/100\n|switch|p2a: Basculegion|Basculegion, L50, M|100/100\n|-ability|p1b: Opera|Inner Focus|Trace|[from] ability: Trace|[of] p2b: Oranguru\n|turn|7\n|\n|t:|1776119722\n|detailschange|p1b: Opera|Gardevoir-Mega, L50, F, shiny\n|-mega|p1b: Opera|Gardevoir|Gardevoirite\n|move|p1a: Idk|Protect|p1a: Idk\n|-singleturn|p1a: Idk|Protect\n|move|p2b: Oranguru|Protect|p2b: Oranguru\n|-singleturn|p2b: Oranguru|Protect\n|move|p1b: Opera|Hyper Voice|p2a: Basculegion|[spread] p2a\n|-activate|p2b: Oranguru|move: Protect\n|-damage|p2a: Basculegion|53/100\n|move|p2a: Basculegion|Last Respects|p1b: Opera\n|-supereffective|p1b: Opera|1\n|-damage|p1b: Opera|0 fnt\n|faint|p1b: Opera\n|\n|upkeep\n|turn|8\n|-message|51_vm forfeited.\n|\n|win|Prohxy\n|raw|51_vm's rating: 1025 &rarr; <strong>1012</strong><br />(-13 for losing)\n|raw|Prohxy's rating: 1037 &rarr; <strong>1070</strong><br />(+33 for winning)\n|l|\u260651_vm\n|player|p1|\n",
  "uploadtime": 1776119744,
  "views": 21,
  "formatid": "gen9championsvgc2026regma",
  "rating": 1012,
  "private": 0,
  "password": null
}