{
  "id": "gen9championsvgc2026regma-2586153294",
  "format": "[Gen 9 Champions] VGC 2026 Reg M-A",
  "players": [
    "sobito",
    "kuoli00021"
  ],
  "log": "|j|\u2606sobito\n|j|\u2606kuoli00021\n|t:|1776405764\n|gametype|doubles\n|player|p1|sobito|grimsley|1459\n|player|p2|kuoli00021|102|1415\n|gen|9\n|tier|[Gen 9 Champions] VGC 2026 Reg M-A\n|rated|\n|rule|Species Clause: Limit one of each Pok\u00e9mon\n|rule|Item Clause: Limit 1 of each item\n|clearpoke\n|poke|p1|Froslass, L50, F|\n|poke|p1|Glaceon, L50, M|\n|poke|p1|Palafin, L50, F|\n|poke|p1|Incineroar, L50, F|\n|poke|p1|Kingambit, L50, M|\n|poke|p1|Gallade, L50, M|\n|poke|p2|Kingambit, L50, M|\n|poke|p2|Incineroar, L50, F|\n|poke|p2|Starmie, L50|\n|poke|p2|Sylveon, L50, F|\n|poke|p2|Sinistcha, L50|\n|poke|p2|Sneasler, L50, F|\n|teampreview|4\n|inactive|Battle timer is ON: inactive players will automatically lose when time's up. (requested by kuoli00021)\n|inactive|sobito has 60 seconds left.\n|inactive|kuoli00021 has 60 seconds left.\n|\n|t:|1776405817\n|teamsize|p1|4\n|teamsize|p2|4\n|start\n|switch|p1a: Froslass|Froslass, L50, F|100/100\n|switch|p1b: Glaceon|Glaceon, L50, M|100/100\n|switch|p2a: Incineroar|Incineroar, L50, F|100/100\n|switch|p2b: Sneasler|Sneasler, L50, F|100/100\n|-ability|p2a: Incineroar|Intimidate|boost\n|-unboost|p1a: Froslass|atk|1\n|-unboost|p1b: Glaceon|atk|1\n|turn|1\n|inactive|sobito has 30 seconds left.\n|\n|t:|1776405847\n|detailschange|p1a: Froslass|Froslass-Mega, L50, F\n|-mega|p1a: Froslass|Froslass|Froslassite\n|-weather|Snowscape|[from] ability: Snow Warning|[of] p1a: Froslass\n|move|p2b: Sneasler|Close Combat|p1b: Glaceon|[miss]\n|-miss|p2b: Sneasler|p1b: Glaceon\n|move|p1a: Froslass|Aurora Veil|p1a: Froslass\n|-sidestart|p1: sobito|move: Aurora Veil\n|move|p1b: Glaceon|Blizzard|p2b: Sneasler|[spread] p2a,p2b\n|-resisted|p2a: Incineroar|1\n|-damage|p2a: Incineroar|80/100\n|-damage|p2b: Sneasler|34/100\n|-status|p2a: Incineroar|frz\n|cant|p2a: Incineroar|frz\n|\n|-weather|Snowscape|[upkeep]\n|upkeep\n|turn|2\n|\n|t:|1776405870\n|switch|p1b: Incineroar|Incineroar, L50, F, shiny|100/100\n|-ability|p1b: Incineroar|Intimidate|boost\n|-unboost|p2a: Incineroar|atk|1\n|-unboost|p2b: Sneasler|atk|1\n|move|p2b: Sneasler|Rock Slide|p1a: Froslass|[spread] p1a,p1b\n|-supereffective|p1a: Froslass|1\n|-supereffective|p1b: Incineroar|1\n|-damage|p1a: Froslass|83/100\n|-damage|p1b: Incineroar|86/100\n|cant|p1a: Froslass|flinch\n|-curestatus|p2a: Incineroar|frz|[from] move: Flare Blitz\n|move|p2a: Incineroar|Flare Blitz|p1b: Incineroar\n|-resisted|p1b: Incineroar|1\n|-damage|p1b: Incineroar|73/100\n|-damage|p2a: Incineroar|76/100|[from] Recoil\n|\n|-weather|Snowscape|[upkeep]\n|upkeep\n|turn|3\n|\n|t:|1776405891\n|move|p1b: Incineroar|Fake Out|p2a: Incineroar\n|-damage|p2a: Incineroar|65/100\n|move|p1a: Froslass|Blizzard|p2b: Sneasler|[spread] p2a,p2b\n|-resisted|p2a: Incineroar|1\n|-damage|p2a: Incineroar|46/100\n|-damage|p2b: Sneasler|0 fnt\n|-enditem|p2a: Incineroar|Sitrus Berry|[eat]\n|-heal|p2a: Incineroar|71/100|[from] item: Sitrus Berry\n|faint|p2b: Sneasler\n|cant|p2a: Incineroar|flinch\n|\n|-weather|Snowscape|[upkeep]\n|upkeep\n|\n|t:|1776405898\n|switch|p2b: Sinistcha|Sinistcha, L50|100/100\n|-heal|p2a: Incineroar|96/100|[from] ability: Hospitality|[of] p2b: Sinistcha\n|turn|4\n|\n|t:|1776405914\n|move|p1a: Froslass|Blizzard|p2a: Incineroar|[spread] p2a,p2b\n|-resisted|p2a: Incineroar|1\n|-supereffective|p2b: Sinistcha|1\n|-damage|p2a: Incineroar|75/100\n|-damage|p2b: Sinistcha|25/100\n|move|p1b: Incineroar|Parting Shot|p2a: Incineroar\n|-unboost|p2a: Incineroar|atk|1\n|-unboost|p2a: Incineroar|spa|1\n|\n|t:|1776405921\n|switch|p1b: Glaceon|Glaceon, L50, M|100/100|[from] Parting Shot\n|move|p2a: Incineroar|Darkest Lariat|p1a: Froslass\n|-supereffective|p1a: Froslass|1\n|-damage|p1a: Froslass|51/100\n|move|p2b: Sinistcha|Trick Room|p2b: Sinistcha\n|-fieldstart|move: Trick Room|[of] p2b: Sinistcha\n|\n|-weather|Snowscape|[upkeep]\n|-heal|p2b: Sinistcha|31/100|[from] item: Leftovers\n|upkeep\n|turn|5\n|\n|t:|1776405943\n|switch|p1a: Incineroar|Incineroar, L50, F, shiny|73/100\n|-ability|p1a: Incineroar|Intimidate|boost\n|-unboost|p2a: Incineroar|atk|1\n|-unboost|p2b: Sinistcha|atk|1\n|move|p2a: Incineroar|Parting Shot|p1a: Incineroar\n|-unboost|p1a: Incineroar|atk|1\n|-unboost|p1a: Incineroar|spa|1\n|\n|t:|1776405949\n|switch|p2a: Kingambit|Kingambit, L50, M|100/100|[from] Parting Shot\n|move|p1b: Glaceon|Blizzard|p2a: Kingambit|[spread] p2a,p2b\n|-resisted|p2a: Kingambit|1\n|-supereffective|p2b: Sinistcha|1\n|-damage|p2a: Kingambit|76/100\n|-damage|p2b: Sinistcha|0 fnt\n|faint|p2b: Sinistcha\n|\n|-weather|none\n|-sideend|p1: sobito|move: Aurora Veil\n|upkeep\n|\n|t:|1776405956\n|switch|p2b: Incineroar|Incineroar, L50, F|75/100\n|-ability|p2b: Incineroar|Intimidate|boost\n|-unboost|p1a: Incineroar|atk|1\n|-unboost|p1b: Glaceon|atk|1\n|turn|6\n|\n|t:|1776405979\n|switch|p1a: Froslass|Froslass-Mega, L50, F|51/100\n|-weather|Snowscape|[from] ability: Snow Warning|[of] p1a: Froslass\n|move|p2b: Incineroar|Fake Out|p1a: Froslass\n|-immune|p1a: Froslass\n|move|p2a: Kingambit|Iron Head|p1b: Glaceon\n|-supereffective|p1b: Glaceon|1\n|-damage|p1b: Glaceon|38/100\n|cant|p1b: Glaceon|flinch\n|\n|-weather|Snowscape|[upkeep]\n|upkeep\n|turn|7\n|inactive|sobito has 30 seconds left.\n|\n|t:|1776406005\n|move|p1a: Froslass|Protect|p1a: Froslass\n|-singleturn|p1a: Froslass|Protect\n|move|p2a: Kingambit|Iron Head|p1b: Glaceon\n|-supereffective|p1b: Glaceon|1\n|-damage|p1b: Glaceon|0 fnt\n|faint|p1b: Glaceon\n|move|p2b: Incineroar|Darkest Lariat|p1a: Froslass\n|-activate|p1a: Froslass|move: Protect\n|\n|-weather|Snowscape|[upkeep]\n|upkeep\n|\n|t:|1776406017\n|switch|p1b: Incineroar|Incineroar, L50, F, shiny|73/100\n|-ability|p1b: Incineroar|Intimidate|boost\n|-unboost|p2a: Kingambit|atk|1\n|-ability|p2a: Kingambit|Defiant|boost\n|-boost|p2a: Kingambit|atk|2\n|-unboost|p2b: Incineroar|atk|1\n|turn|8\n|\n|t:|1776406037\n|switch|p1a: Gallade|Gallade, L50, M|100/100\n|move|p1b: Incineroar|Fake Out|p2a: Kingambit\n|-resisted|p2a: Kingambit|1\n|-damage|p2a: Kingambit|71/100\n|cant|p2a: Kingambit|flinch\n|move|p2b: Incineroar|Flare Blitz|p1a: Gallade\n|-damage|p1a: Gallade|28/100\n|-damage|p2b: Incineroar|58/100|[from] Recoil\n|\n|-weather|Snowscape|[upkeep]\n|-fieldend|move: Trick Room\n|upkeep\n|turn|9\n|\n|t:|1776406061\n|switch|p1a: Froslass|Froslass-Mega, L50, F|51/100\n|move|p2a: Kingambit|Sucker Punch||[still]\n|-fail|p2a: Kingambit\n|move|p1b: Incineroar|Flare Blitz|p2a: Kingambit\n|-supereffective|p2a: Kingambit|1\n|-damage|p2a: Kingambit|1/100\n|-status|p2a: Kingambit|brn\n|-damage|p1b: Incineroar|49/100|[from] Recoil\n|-enditem|p1b: Incineroar|Sitrus Berry|[eat]\n|-heal|p1b: Incineroar|74/100|[from] item: Sitrus Berry\n|move|p2b: Incineroar|Parting Shot|p1b: Incineroar\n|-unboost|p1b: Incineroar|atk|1\n|-unboost|p1b: Incineroar|spa|1\n|\n|-weather|Snowscape|[upkeep]\n|-damage|p2a: Kingambit|0 fnt|[from] brn\n|faint|p2a: Kingambit\n|upkeep\n|turn|10\n|-message|kuoli00021 forfeited.\n|\n|win|sobito\n|raw|sobito's rating: 1459 &rarr; <strong>1476</strong><br />(+17 for winning)\n|raw|kuoli00021's rating: 1415 &rarr; <strong>1398</strong><br />(-17 for losing)\n|l|\u2606kuoli00021\n|player|p2|\n",
  "uploadtime": 1776406120,
  "views": 47,
  "formatid": "gen9championsvgc2026regma",
  "rating": 1398,
  "private": 0,
  "password": null
}