{
  "id": "gen9championsvgc2026regma-2583233052",
  "format": "[Gen 9 Champions] VGC 2026 Reg M-A",
  "players": [
    "SuperNovaKush",
    "LordSpectreX"
  ],
  "log": "|j|\u2606SuperNovaKush\n|j|\u203dLordSpectreX\n|t:|1776157634\n|gametype|doubles\n|player|p1|SuperNovaKush|iris-gen5bw2|1147\n|player|p2|LordSpectreX|2|1135\n|gen|9\n|tier|[Gen 9 Champions] VGC 2026 Reg M-A\n|rated|\n|rule|Species Clause: Limit one of each Pok\u00e9mon\n|rule|Item Clause: Limit 1 of each item\n|clearpoke\n|poke|p1|Floette-Eternal, L50, F|\n|poke|p1|Garchomp, L50, F|\n|poke|p1|Sneasler, L50, F|\n|poke|p1|Rotom-Wash, L50|\n|poke|p1|Aerodactyl, L50, M|\n|poke|p1|Incineroar, L50, M|\n|poke|p2|Ceruledge, L50, M|\n|poke|p2|Sneasler, L50, M|\n|poke|p2|Ninetales-Alola, L50, F|\n|poke|p2|Gyarados, L50, F|\n|poke|p2|Jolteon, L50, M|\n|poke|p2|Kingambit, L50, F|\n|teampreview|4\n|\n|t:|1776157670\n|teamsize|p1|4\n|teamsize|p2|4\n|start\n|switch|p1a: Incineroar|Incineroar, L50, M|100/100\n|switch|p1b: Aerodactyl|Aerodactyl, L50, M|100/100\n|switch|p2a: Ninetales|Ninetales-Alola, L50, F|100/100\n|switch|p2b: Jolteon|Jolteon, L50, M|100/100\n|-ability|p1b: Aerodactyl|Unnerve\n|-weather|Snowscape|[from] ability: Snow Warning|[of] p2a: Ninetales\n|-ability|p1a: Incineroar|Intimidate|boost\n|-unboost|p2a: Ninetales|atk|1\n|-unboost|p2b: Jolteon|atk|1\n|turn|1\n|\n|t:|1776157702\n|move|p1a: Incineroar|Fake Out|p2a: Ninetales\n|-damage|p2a: Ninetales|92/100\n|move|p2b: Jolteon|Electroweb|p1b: Aerodactyl|[spread] p1a,p1b\n|-supereffective|p1b: Aerodactyl|1\n|-damage|p1a: Incineroar|84/100\n|-damage|p1b: Aerodactyl|46/100\n|-unboost|p1a: Incineroar|spe|1\n|-unboost|p1b: Aerodactyl|spe|1\n|cant|p2a: Ninetales|flinch\n|move|p1b: Aerodactyl|Tailwind|p1b: Aerodactyl\n|-sidestart|p1: SuperNovaKush|move: Tailwind\n|\n|-weather|Snowscape|[upkeep]\n|upkeep\n|turn|2\n|\n|t:|1776157729\n|move|p1b: Aerodactyl|Protect|p1b: Aerodactyl\n|-singleturn|p1b: Aerodactyl|Protect\n|move|p2b: Jolteon|Electroweb|p1b: Aerodactyl|[spread] p1a\n|-activate|p1b: Aerodactyl|move: Protect\n|-damage|p1a: Incineroar|67/100\n|-unboost|p1a: Incineroar|spe|1\n|move|p2a: Ninetales|Aurora Veil|p2a: Ninetales\n|-sidestart|p2: LordSpectreX|move: Aurora Veil\n|move|p1a: Incineroar|Parting Shot|p2a: Ninetales\n|-unboost|p2a: Ninetales|atk|1\n|-unboost|p2a: Ninetales|spa|1\n|\n|t:|1776157740\n|switch|p1a: Garchomp|Garchomp, L50, F|100/100|[from] Parting Shot\n|\n|-weather|Snowscape|[upkeep]\n|upkeep\n|turn|3\n|\n|t:|1776157773\n|move|p1a: Garchomp|Earthquake|p2b: Jolteon|[spread] p2a,p2b\n|-immune|p1b: Aerodactyl\n|-supereffective|p2b: Jolteon|1\n|-damage|p2a: Ninetales|64/100\n|-enditem|p2b: Jolteon|Focus Sash\n|-damage|p2b: Jolteon|1/100\n|move|p1b: Aerodactyl|Rock Slide|p2b: Jolteon|[spread] p2a,p2b\n|-supereffective|p2a: Ninetales|1\n|-damage|p2a: Ninetales|35/100\n|-damage|p2b: Jolteon|0 fnt\n|faint|p2b: Jolteon\n|move|p2a: Ninetales|Blizzard|p1a: Garchomp|[spread] p1a,p1b\n|-supereffective|p1a: Garchomp|2\n|-supereffective|p1b: Aerodactyl|1\n|-damage|p1a: Garchomp|17/100\n|-damage|p1b: Aerodactyl|0 fnt\n|-status|p1a: Garchomp|frz\n|faint|p1b: Aerodactyl\n|\n|-weather|Snowscape|[upkeep]\n|upkeep\n|\n|t:|1776157790\n|switch|p2b: Kingambit|Kingambit, L50, F|100/100\n|switch|p1b: Incineroar|Incineroar, L50, M|67/100\n|-ability|p1b: Incineroar|Intimidate|boost\n|-unboost|p2a: Ninetales|atk|1\n|-unboost|p2b: Kingambit|atk|1\n|-ability|p2b: Kingambit|Defiant|boost\n|-boost|p2b: Kingambit|atk|2\n|turn|4\n|\n|t:|1776157817\n|switch|p2a: Sneasler|Sneasler, L50, M|100/100\n|-curestatus|p1a: Garchomp|frz|[msg]\n|move|p1a: Garchomp|Stomping Tantrum|p2a: Sneasler\n|-supereffective|p2a: Sneasler|1\n|-damage|p2a: Sneasler|0 fnt\n|faint|p2a: Sneasler\n|move|p1b: Incineroar|Flare Blitz|p2b: Kingambit\n|-supereffective|p2b: Kingambit|1\n|-damage|p2b: Kingambit|52/100\n|-status|p2b: Kingambit|brn\n|-damage|p1b: Incineroar|51/100|[from] Recoil\n|move|p2b: Kingambit|Kowtow Cleave|p1a: Garchomp\n|-damage|p1a: Garchomp|0 fnt\n|-damage|p2b: Kingambit|40/100 brn|[from] ability: Rough Skin|[of] p1a: Garchomp\n|faint|p1a: Garchomp\n|\n|-weather|Snowscape|[upkeep]\n|-damage|p2b: Kingambit|34/100 brn|[from] brn\n|-sideend|p1: SuperNovaKush|move: Tailwind\n|upkeep\n|\n|t:|1776157836\n|switch|p2a: Ninetales|Ninetales-Alola, L50, F|35/100\n|switch|p1a: Floette|Floette-Eternal, L50, F|100/100\n|turn|5\n|\n|t:|1776157851\n|detailschange|p1a: Floette|Floette-Mega, L50, F\n|-mega|p1a: Floette|Floette|Floettite\n|-ability|p1a: Floette|Fairy Aura\n|move|p2b: Kingambit|Protect|p2b: Kingambit\n|-singleturn|p2b: Kingambit|Protect\n|move|p2a: Ninetales|Blizzard|p1b: Incineroar|[spread] p1a,p1b\n|-resisted|p1b: Incineroar|1\n|-damage|p1a: Floette|77/100\n|-damage|p1b: Incineroar|37/100\n|-enditem|p1b: Incineroar|Sitrus Berry|[eat]\n|-heal|p1b: Incineroar|62/100|[from] item: Sitrus Berry\n|move|p1a: Floette|Calm Mind|p1a: Floette\n|-boost|p1a: Floette|spa|1\n|-boost|p1a: Floette|spd|1\n|move|p1b: Incineroar|Flare Blitz|p2b: Kingambit\n|-activate|p2b: Kingambit|move: Protect\n|\n|-weather|none\n|-damage|p2b: Kingambit|29/100 brn|[from] brn\n|upkeep\n|turn|6\n|\n|t:|1776157871\n|move|p2a: Ninetales|Moonblast|p1b: Incineroar\n|-damage|p1b: Incineroar|26/100\n|-unboost|p1b: Incineroar|spa|1\n|move|p1a: Floette|Dazzling Gleam|p2a: Ninetales|[spread] p2a,p2b\n|-damage|p2a: Ninetales|0 fnt\n|-damage|p2b: Kingambit|0 fnt\n|faint|p2a: Ninetales\n|faint|p2b: Kingambit\n|\n|win|SuperNovaKush\n|raw|SuperNovaKush's rating: 1147 &rarr; <strong>1171</strong><br />(+24 for winning)\n|raw|LordSpectreX's rating: 1135 &rarr; <strong>1111</strong><br />(-24 for losing)\n|l|\u203dLordSpectreX\n|player|p2|\n",
  "uploadtime": 1776157880,
  "views": 21,
  "formatid": "gen9championsvgc2026regma",
  "rating": 1111,
  "private": 0,
  "password": null
}