{
  "id": "gen9championsvgc2026regma-2582996870",
  "format": "[Gen 9 Champions] VGC 2026 Reg M-A",
  "players": [
    "muk_pegajoso",
    "kingflames"
  ],
  "log": "|j|\u2606muk_pegajoso\n|j|\u2606kingflames\n|t:|1776131871\n|gametype|doubles\n|player|p1|muk_pegajoso|theroyal|\n|player|p2|kingflames|170|\n|gen|9\n|tier|[Gen 9 Champions] VGC 2026 Reg M-A\n|rule|Species Clause: Limit one of each Pok\u00e9mon\n|rule|Item Clause: Limit 1 of each item\n|clearpoke\n|poke|p1|Ceruledge, L50, F|\n|poke|p1|Aerodactyl, L50, M|\n|poke|p1|Palafin, L50, F|\n|poke|p1|Empoleon, L50, F|\n|poke|p1|Raichu, L50, M|\n|poke|p1|Appletun, L50, F|\n|poke|p2|Tyranitar, L50, M|\n|poke|p2|Garchomp, L50, F|\n|poke|p2|Rotom-Wash, L50|\n|poke|p2|Whimsicott, L50, M|\n|poke|p2|Gengar, L50, F|\n|poke|p2|Sneasler, L50, F|\n|teampreview|4\nkingflames has agreed to open team sheets.\n|\n|t:|1776131917\n|teamsize|p1|4\n|teamsize|p2|4\n|start\n|switch|p1a: Aerodactyl|Aerodactyl, L50, M|100/100\n|switch|p1b: Palafin|Palafin, L50, F|100/100\n|switch|p2a: Whimsicott|Whimsicott, L50, M|100/100\n|switch|p2b: Rotom|Rotom-Wash, L50|100/100\n|turn|1\n|\n|t:|1776131930\n|detailschange|p1a: Aerodactyl|Aerodactyl-Mega, L50, M\n|-mega|p1a: Aerodactyl|Aerodactyl|Aerodactylite\n|move|p2a: Whimsicott|Tailwind|p2a: Whimsicott\n|-sidestart|p2: kingflames|move: Tailwind\n|move|p1a: Aerodactyl|Rock Slide|p2a: Whimsicott|[spread] p2a\n|-miss|p1a: Aerodactyl|p2b: Rotom\n|-damage|p2a: Whimsicott|73/100\n|move|p2b: Rotom|Will-O-Wisp|p1b: Palafin\n|-status|p1b: Palafin|brn\n|move|p1b: Palafin|Flip Turn|p2a: Whimsicott\n|-resisted|p2a: Whimsicott|1\n|-damage|p2a: Whimsicott|68/100\n|\n|t:|1776131942\n|detailschange|p1b: Palafin|Palafin-Hero, L50, F\n|switch|p1b: Raichu|Raichu, L50, M|100/100|[from] Flip Turn\n|\n|upkeep\n|turn|2\n|\n|t:|1776131958\n|move|p2a: Whimsicott|Fake Tears|p1b: Raichu\n|-unboost|p1b: Raichu|spd|2\n|move|p1a: Aerodactyl|Fire Fang|p2a: Whimsicott\n|-supereffective|p2a: Whimsicott|1\n|-damage|p2a: Whimsicott|16/100\n|move|p2b: Rotom|Hydro Pump|p1b: Raichu\n|-damage|p1b: Raichu|0 fnt\n|faint|p1b: Raichu\n|\n|upkeep\n|\n|t:|1776131964\n|switch|p1b: Palafin|Palafin-Hero, L50, F|100/100 brn\n|-activate|p1b: Palafin|ability: Zero to Hero\n|turn|3\n|\n|t:|1776131988\n|move|p2a: Whimsicott|Protect|p2a: Whimsicott\n|-singleturn|p2a: Whimsicott|Protect\n|move|p1b: Palafin|Jet Punch|p2a: Whimsicott\n|-activate|p2a: Whimsicott|move: Protect\n|move|p1a: Aerodactyl|Rock Slide|p2b: Rotom|[spread] p2b\n|-activate|p2a: Whimsicott|move: Protect\n|-damage|p2b: Rotom|74/100\n|move|p2b: Rotom|Volt Switch|p1a: Aerodactyl\n|-supereffective|p1a: Aerodactyl|1\n|-damage|p1a: Aerodactyl|41/100\n|\n|t:|1776131999\n|switch|p2b: Gengar|Gengar, L50, F|100/100|[from] Volt Switch\n|\n|-damage|p1b: Palafin|95/100 brn|[from] brn\n|upkeep\n|turn|4\n|\n|t:|1776132033\n|switch|p2a: Rotom|Rotom-Wash, L50|74/100\n|detailschange|p2b: Gengar|Gengar-Mega, L50, F\n|-mega|p2b: Gengar|Gengar|Gengarite\n|move|p1a: Aerodactyl|Wide Guard|p1a: Aerodactyl\n|-singleturn|p1a: Aerodactyl|Wide Guard\n|move|p2b: Gengar|Shadow Ball|p1a: Aerodactyl\n|-damage|p1a: Aerodactyl|0 fnt\n|faint|p1a: Aerodactyl\n|move|p1b: Palafin|Iron Head|p2a: Rotom\n|-resisted|p2a: Rotom|2\n|-damage|p2a: Rotom|70/100\n|\n|-heal|p2a: Rotom|76/100|[from] item: Leftovers\n|-damage|p1b: Palafin|89/100 brn|[from] brn\n|-sideend|p2: kingflames|move: Tailwind\n|upkeep\n|\n|t:|1776132043\n|switch|p1a: Ceruledge|Ceruledge, L50, F|100/100\n|turn|5\n|\n|t:|1776132057\n|move|p1b: Palafin|Jet Punch|p2b: Gengar\n|-damage|p2b: Gengar|63/100\n|move|p1a: Ceruledge|Shadow Sneak|p2b: Gengar\n|-supereffective|p2b: Gengar|1\n|-damage|p2b: Gengar|0 fnt\n|faint|p2b: Gengar\n|move|p2a: Rotom|Volt Switch|p1a: Ceruledge\n|-damage|p1a: Ceruledge|70/100\n|\n|t:|1776132062\n|switch|p2a: Garchomp|Garchomp, L50, F|100/100|[from] Volt Switch\n|\n|-damage|p1b: Palafin|83/100 brn|[from] brn\n|upkeep\n|\n|t:|1776132064\n|switch|p2b: Whimsicott|Whimsicott, L50, M|16/100\n|turn|6\n|\n|t:|1776132081\n|move|p2b: Whimsicott|Protect|p2b: Whimsicott\n|-singleturn|p2b: Whimsicott|Protect\n|move|p1b: Palafin|Jet Punch|p2a: Garchomp\n|-damage|p2a: Garchomp|76/100\n|move|p2a: Garchomp|Earthquake|p1a: Ceruledge|[spread] p1a,p1b\n|-activate|p2b: Whimsicott|move: Protect\n|-supereffective|p1a: Ceruledge|1\n|-crit|p1a: Ceruledge\n|-damage|p1a: Ceruledge|0 fnt\n|-damage|p1b: Palafin|43/100 brn\n|faint|p1a: Ceruledge\n|\n|-damage|p1b: Palafin|38/100 brn|[from] brn\n|upkeep\n|turn|7\n|\n|t:|1776132092\n|move|p2a: Garchomp|Earthquake|p1b: Palafin|[spread] p2b,p1b\n|-resisted|p2b: Whimsicott|1\n|-damage|p2b: Whimsicott|0 fnt\n|-damage|p1b: Palafin|0 fnt\n|faint|p2b: Whimsicott\n|faint|p1b: Palafin\n|\n|win|kingflames\n|l|\u2606muk_pegajoso\n|player|p1|\n",
  "uploadtime": 1776132108,
  "views": 14,
  "formatid": "gen9championsvgc2026regma",
  "rating": null,
  "private": 0,
  "password": null
}