{
  "id": "gen9championsvgc2026regma-2582777131",
  "format": "[Gen 9 Champions] VGC 2026 Reg M-A",
  "players": [
    "heyyitsoracle",
    "yuriimon"
  ],
  "log": "|j|\u2606heyyitsoracle\n|j|\u2606yuriimon\n|t:|1776113370\n|gametype|doubles\n|player|p1|heyyitsoracle|iono-masters2|1000\n|player|p2|yuriimon|waitress-gen4|1046\n|gen|9\n|tier|[Gen 9 Champions] VGC 2026 Reg M-A\n|rated|\n|rule|Species Clause: Limit one of each Pok\u00e9mon\n|rule|Item Clause: Limit 1 of each item\n|clearpoke\n|poke|p1|Golurk, L50|\n|poke|p1|Starmie, L50|\n|poke|p1|Alcremie, L50, F|\n|poke|p1|Samurott-Hisui, L50, F|\n|poke|p1|Meowstic, L50, M|\n|poke|p1|Aegislash, L50, M|\n|poke|p2|Feraligatr, L50, M|\n|poke|p2|Talonflame, L50, F|\n|poke|p2|Sneasler, L50, F|\n|poke|p2|Mimikyu, L50, F|\n|poke|p2|Camerupt, L50, M|\n|poke|p2|Kingambit, L50, M|\n|teampreview|4\n|inactive|Battle timer is ON: inactive players will automatically lose when time's up. (requested by yuriimon)\n|\n|t:|1776113383\n|teamsize|p1|4\n|teamsize|p2|4\n|start\n|switch|p1a: Aegislash|Aegislash, L50, M, shiny|100/100\n|switch|p1b: Meowstic|Meowstic, L50, M, shiny|100/100\n|switch|p2a: Sneasler|Sneasler, L50, F|100/100\n|switch|p2b: Mimikyu|Mimikyu, L50, F|100/100\n|turn|1\n|\n|t:|1776113399\n|move|p2a: Sneasler|Fake Out|p1b: Meowstic\n|-damage|p1b: Meowstic|86/100\n|cant|p1b: Meowstic|flinch\n|move|p1a: Aegislash|Swords Dance|p1a: Aegislash\n|-boost|p1a: Aegislash|atk|2\n|move|p2b: Mimikyu|Trick Room|p2b: Mimikyu\n|-fieldstart|move: Trick Room|[of] p2b: Mimikyu\n|\n|upkeep\n|turn|2\n|inactive|heyyitsoracle has 30 seconds left.\n|inactive|heyyitsoracle has 20 seconds left.\n|inactive|heyyitsoracle has 15 seconds left.\n|inactive|heyyitsoracle has 10 seconds left.\n|\n|t:|1776113448\n|switch|p2b: Kingambit|Kingambit, L50, M|100/100\n|switch|p1b: Alcremie|Alcremie, L50, F, shiny|100/100\n|move|p1a: Aegislash|Swords Dance|p1a: Aegislash\n|-boost|p1a: Aegislash|atk|2\n|move|p2a: Sneasler|Coaching|p2b: Kingambit\n|-boost|p2b: Kingambit|atk|1\n|-boost|p2b: Kingambit|def|1\n|\n|upkeep\n|turn|3\n|inactive|heyyitsoracle has 30 seconds left.\n|inactive|yuriimon has 30 seconds left.\n|inactive|heyyitsoracle has 20 seconds left.\n|\n|t:|1776113487\n|switch|p1b: Golurk|Golurk, L50, shiny|100/100\n|move|p2b: Kingambit|Kowtow Cleave|p1a: Aegislash\n|-supereffective|p1a: Aegislash|1\n|-damage|p1a: Aegislash|0 fnt\n|faint|p1a: Aegislash\n|move|p2a: Sneasler|Dire Claw|p1b: Golurk\n|-resisted|p1b: Golurk|2\n|-crit|p1b: Golurk\n|-damage|p1b: Golurk|83/100\n|-status|p1b: Golurk|psn\n|\n|-damage|p1b: Golurk|71/100 psn|[from] psn\n|upkeep\n|\n|t:|1776113501\n|switch|p1a: Meowstic|Meowstic, L50, M, shiny|86/100\n|turn|4\n|\n|t:|1776113521\n|move|p1a: Meowstic|Fake Out|p2b: Kingambit\n|-resisted|p2b: Kingambit|1\n|-damage|p2b: Kingambit|99/100\n|cant|p2b: Kingambit|flinch\n|move|p1b: Golurk|Earthquake|p2a: Sneasler|[spread] p1a,p2a,p2b\n|-supereffective|p2a: Sneasler|1\n|-supereffective|p2b: Kingambit|1\n|-damage|p1a: Meowstic|42/100\n|-enditem|p2a: Sneasler|Focus Sash\n|-damage|p2a: Sneasler|1/100\n|-damage|p2b: Kingambit|62/100\n|move|p2a: Sneasler|Dire Claw|p1a: Meowstic\n|-damage|p1a: Meowstic|0 fnt\n|faint|p1a: Meowstic\n|\n|-damage|p1b: Golurk|59/100 psn|[from] psn\n|upkeep\n|\n|t:|1776113537\n|switch|p1a: Alcremie|Alcremie, L50, F, shiny|100/100\n|turn|5\n|\n|t:|1776113548\n|move|p2b: Kingambit|Iron Head|p1a: Alcremie\n|-supereffective|p1a: Alcremie|1\n|-damage|p1a: Alcremie|0 fnt\n|faint|p1a: Alcremie\n|move|p1b: Golurk|Drain Punch|p2b: Kingambit\n|-supereffective|p2b: Kingambit|2\n|-enditem|p2b: Kingambit|Chople Berry|[eat]\n|-enditem|p2b: Kingambit|Chople Berry|[weaken]\n|-damage|p2b: Kingambit|32/100\n|-heal|p1b: Golurk|75/100 psn|[from] drain|[of] p2b: Kingambit\n|move|p2a: Sneasler|Dire Claw|p1b: Golurk\n|-resisted|p1b: Golurk|2\n|-damage|p1b: Golurk|64/100 psn\n|\n|-damage|p1b: Golurk|52/100 psn|[from] psn\n|-fieldend|move: Trick Room\n|upkeep\n|turn|6\n|\n|t:|1776113568\n|move|p2b: Kingambit|Sucker Punch|p1b: Golurk\n|-supereffective|p1b: Golurk|1\n|-damage|p1b: Golurk|0 fnt\n|faint|p1b: Golurk\n|\n|win|yuriimon\n|raw|heyyitsoracle's rating: 1000 &rarr; <strong>1000</strong><br />(+0 for losing)\n|raw|yuriimon's rating: 1046 &rarr; <strong>1075</strong><br />(+29 for winning)\n|c|\u2606yuriimon|gg\n|c|\u2606heyyitsoracle|gg\n|l|\u2606heyyitsoracle\n|player|p1|\n",
  "uploadtime": 1776113580,
  "views": 15,
  "formatid": "gen9championsvgc2026regma",
  "rating": 1000,
  "private": 0,
  "password": null
}