{
  "id": "gen9championsvgc2026regma-2583066931",
  "format": "[Gen 9 Champions] VGC 2026 Reg M-A",
  "players": [
    "orionsayshi",
    "owhqle"
  ],
  "log": "|j|\u2606orionsayshi\n|j|\u2606owhqle\n|t:|1776138364\n|gametype|doubles\n|player|p1|orionsayshi|elesa|1128\n|player|p2|owhqle|169|1101\n|gen|9\n|tier|[Gen 9 Champions] VGC 2026 Reg M-A\n|rated|\n|rule|Species Clause: Limit one of each Pok\u00e9mon\n|rule|Item Clause: Limit 1 of each item\n|clearpoke\n|poke|p1|Gengar, L50, F|\n|poke|p1|Sinistcha, L50|\n|poke|p1|Palafin, L50, F|\n|poke|p1|Sableye, L50, M|\n|poke|p1|Kommo-o, L50, F|\n|poke|p1|Heliolisk, L50, F|\n|poke|p2|Crabominable, L50, M|\n|poke|p2|Farigiraf, L50, F|\n|poke|p2|Incineroar, L50, M|\n|poke|p2|Volcarona, L50, M|\n|poke|p2|Rotom-Wash, L50|\n|poke|p2|Aegislash, L50, F|\n|teampreview|4\n|\n|t:|1776138428\n|teamsize|p1|4\n|teamsize|p2|4\n|start\n|switch|p1a: Gengar|Gengar, L50, F|100/100\n|switch|p1b: Palafin|Palafin, L50, F|100/100\n|switch|p2a: Incineroar|Incineroar, L50, M|100/100\n|switch|p2b: Rotom|Rotom-Wash, L50|100/100\n|-ability|p2a: Incineroar|Intimidate|boost\n|-unboost|p1a: Gengar|atk|1\n|-unboost|p1b: Palafin|atk|1\n|turn|1\n|\n|t:|1776138443\n|detailschange|p1a: Gengar|Gengar-Mega, L50, F\n|-mega|p1a: Gengar|Gengar|Gengarite\n|move|p1a: Gengar|Protect|p1a: Gengar\n|-singleturn|p1a: Gengar|Protect\n|move|p2a: Incineroar|Fake Out|p1b: Palafin\n|-damage|p1b: Palafin|80/100\n|cant|p1b: Palafin|flinch\n|move|p2b: Rotom|Shadow Ball|p1a: Gengar\n|-activate|p1a: Gengar|move: Protect\n|\n|upkeep\n|turn|2\n|\n|t:|1776138463\n|switch|p1a: Sableye|Sableye, L50, M|100/100\n|move|p1b: Palafin|Flip Turn|p2a: Incineroar\n|-supereffective|p2a: Incineroar|1\n|-damage|p2a: Incineroar|70/100\n|\n|t:|1776138469\n|detailschange|p1b: Palafin|Palafin-Hero, L50, F\n|switch|p1b: Sinistcha|Sinistcha, L50|100/100|[from] Flip Turn\n|move|p2b: Rotom|Shadow Ball|p1a: Sableye\n|-damage|p1a: Sableye|58/100\n|-unboost|p1a: Sableye|spd|1\n|move|p2a: Incineroar|Darkest Lariat|p1a: Sableye\n|-damage|p1a: Sableye|0 fnt\n|faint|p1a: Sableye\n|\n|upkeep\n|\n|t:|1776138479\n|switch|p1a: Palafin|Palafin-Hero, L50, F|80/100\n|-activate|p1a: Palafin|ability: Zero to Hero\n|turn|3\n|\n|t:|1776138492\n|move|p1a: Palafin|Wave Crash|p2a: Incineroar\n|-supereffective|p2a: Incineroar|1\n|-damage|p2a: Incineroar|0 fnt\n|faint|p2a: Incineroar\n|-damage|p1a: Palafin|57/100|[from] Recoil\n|move|p2b: Rotom|Shadow Ball|p1b: Sinistcha\n|-supereffective|p1b: Sinistcha|1\n|-damage|p1b: Sinistcha|53/100\n|move|p1b: Sinistcha|Matcha Gotcha|p2b: Rotom\n|-supereffective|p2b: Rotom|1\n|-damage|p2b: Rotom|6/100\n|-heal|p1b: Sinistcha|87/100|[from] drain|[of] p2b: Rotom\n|-status|p2b: Rotom|brn\n|\n|-damage|p2b: Rotom|0 fnt|[from] brn\n|faint|p2b: Rotom\n|upkeep\n|\n|t:|1776138506\n|switch|p2b: Crabominable|Crabominable, L50, M|100/100\n|switch|p2a: Farigiraf|Farigiraf, L50, F|100/100\n|turn|4\n|\n|t:|1776138524\n|move|p2b: Crabominable|Protect|p2b: Crabominable\n|-singleturn|p2b: Crabominable|Protect\n|move|p1a: Palafin|Wave Crash|p2a: Farigiraf\n|-damage|p2a: Farigiraf|39/100\n|-enditem|p2a: Farigiraf|Sitrus Berry|[eat]\n|-heal|p2a: Farigiraf|64/100|[from] item: Sitrus Berry\n|-damage|p1a: Palafin|31/100|[from] Recoil\n|move|p1b: Sinistcha|Strength Sap|p2b: Crabominable\n|-activate|p2b: Crabominable|move: Protect\n|move|p2a: Farigiraf|Trick Room|p2a: Farigiraf\n|-fieldstart|move: Trick Room|[of] p2a: Farigiraf\n|\n|upkeep\n|turn|5\n|\n|t:|1776138558\n|detailschange|p2b: Crabominable|Crabominable-Mega, L50, M\n|-mega|p2b: Crabominable|Crabominable|Crabominite\n|move|p1b: Sinistcha|Protect|p1b: Sinistcha\n|-singleturn|p1b: Sinistcha|Protect\n|move|p2b: Crabominable|Ice Punch|p1b: Sinistcha\n|-activate|p1b: Sinistcha|move: Protect\n|move|p2a: Farigiraf|Hyper Voice|p1b: Sinistcha|[spread] p1a\n|-activate|p1b: Sinistcha|move: Protect\n|-damage|p1a: Palafin|2/100\n|move|p1a: Palafin|Wave Crash|p2a: Farigiraf\n|-damage|p2a: Farigiraf|2/100\n|-damage|p1a: Palafin|0 fnt|[from] Recoil\n|faint|p1a: Palafin\n|\n|upkeep\n|\n|t:|1776138573\n|switch|p1a: Gengar|Gengar-Mega, L50, F|100/100\n|turn|6\n|\n|t:|1776138598\n|move|p2a: Farigiraf|Helping Hand|p2b: Crabominable\n|-singleturn|p2b: Crabominable|Helping Hand|[of] p2a: Farigiraf\n|move|p2b: Crabominable|Ice Punch|p1a: Gengar\n|-damage|p1a: Gengar|0 fnt\n|faint|p1a: Gengar\n|move|p1b: Sinistcha|Matcha Gotcha|p2a: Farigiraf|[spread] p2a,p2b\n|-damage|p2a: Farigiraf|0 fnt\n|-heal|p1b: Sinistcha|88/100|[from] drain|[of] p2a: Farigiraf\n|-damage|p2b: Crabominable|80/100\n|-heal|p1b: Sinistcha|99/100|[from] drain|[of] p2b: Crabominable\n|-status|p2b: Crabominable|brn\n|faint|p2a: Farigiraf\n|\n|-damage|p2b: Crabominable|74/100 brn|[from] brn\n|upkeep\n|turn|7\n|\n|t:|1776138615\n|move|p1b: Sinistcha|Protect|p1b: Sinistcha\n|-singleturn|p1b: Sinistcha|Protect\n|move|p2b: Crabominable|Ice Punch|p1b: Sinistcha\n|-activate|p1b: Sinistcha|move: Protect\n|\n|-damage|p2b: Crabominable|68/100 brn|[from] brn\n|upkeep\n|turn|8\n|\n|t:|1776138621\n|move|p1b: Sinistcha|Protect||[still]\n|-fail|p1b: Sinistcha\n|move|p2b: Crabominable|Ice Punch|p1b: Sinistcha\n|-supereffective|p1b: Sinistcha|1\n|-damage|p1b: Sinistcha|43/100\n|-enditem|p1b: Sinistcha|Sitrus Berry|[eat]\n|-heal|p1b: Sinistcha|68/100|[from] item: Sitrus Berry\n|\n|-damage|p2b: Crabominable|62/100 brn|[from] brn\n|-fieldend|move: Trick Room\n|upkeep\n|turn|9\n|\n|t:|1776138628\n|move|p1b: Sinistcha|Strength Sap|p2b: Crabominable\n|-unboost|p2b: Crabominable|atk|1\n|-heal|p1b: Sinistcha|100/100\n|move|p2b: Crabominable|Ice Punch|p1b: Sinistcha\n|-supereffective|p1b: Sinistcha|1\n|-damage|p1b: Sinistcha|64/100\n|\n|-damage|p2b: Crabominable|56/100 brn|[from] brn\n|upkeep\n|turn|10\n|\n|t:|1776138638\n|move|p1b: Sinistcha|Strength Sap|p2b: Crabominable\n|-unboost|p2b: Crabominable|atk|1\n|-heal|p1b: Sinistcha|100/100\n|move|p2b: Crabominable|Ice Punch|p1b: Sinistcha\n|-supereffective|p1b: Sinistcha|1\n|-damage|p1b: Sinistcha|75/100\n|\n|-damage|p2b: Crabominable|50/100 brn|[from] brn\n|upkeep\n|turn|11\n|\n|t:|1776138649\n|move|p1b: Sinistcha|Strength Sap|p2b: Crabominable\n|-unboost|p2b: Crabominable|atk|1\n|-heal|p1b: Sinistcha|100/100\n|move|p2b: Crabominable|Ice Punch|p1b: Sinistcha\n|-supereffective|p1b: Sinistcha|1\n|-damage|p1b: Sinistcha|80/100\n|\n|-damage|p2b: Crabominable|44/100 brn|[from] brn\n|upkeep\n|turn|12\n|\n|t:|1776138659\n|move|p1b: Sinistcha|Matcha Gotcha|p2b: Crabominable\n|-damage|p2b: Crabominable|18/100 brn\n|-heal|p1b: Sinistcha|95/100|[from] drain|[of] p2b: Crabominable\n|move|p2b: Crabominable|Ice Punch|p1b: Sinistcha\n|-supereffective|p1b: Sinistcha|1\n|-damage|p1b: Sinistcha|75/100\n|\n|-damage|p2b: Crabominable|12/100 brn|[from] brn\n|upkeep\n|turn|13\n|\n|t:|1776138668\n|move|p1b: Sinistcha|Matcha Gotcha|p2b: Crabominable\n|-damage|p2b: Crabominable|0 fnt\n|-heal|p1b: Sinistcha|81/100|[from] drain|[of] p2b: Crabominable\n|faint|p2b: Crabominable\n|\n|win|orionsayshi\n|raw|orionsayshi's rating: 1128 &rarr; <strong>1151</strong><br />(+23 for winning)\n|raw|owhqle's rating: 1101 &rarr; <strong>1078</strong><br />(-23 for losing)\n|l|\u2606owhqle\n|player|p2|\n",
  "uploadtime": 1776138682,
  "views": 20,
  "formatid": "gen9championsvgc2026regma",
  "rating": 1078,
  "private": 0,
  "password": null
}