{
  "id": "gen9championsvgc2026regma-2588677602",
  "format": "[Gen 9 Champions] VGC 2026 Reg M-A",
  "players": [
    "raparent3",
    "Charizard=trash"
  ],
  "log": "|j|\u2606raparent3\n|j|\u2606Charizard=trash\n|t:|1776656709\n|gametype|doubles\n|player|p1|raparent3|1|1428\n|player|p2|Charizard=trash|carmine-festival|1434\n|gen|9\n|tier|[Gen 9 Champions] VGC 2026 Reg M-A\n|rated|\n|rule|Species Clause: Limit one of each Pok\u00e9mon\n|rule|Item Clause: Limit 1 of each item\n|clearpoke\n|poke|p1|Milotic, L50, M|\n|poke|p1|Gengar, L50, M|\n|poke|p1|Hydreigon, L50, M|\n|poke|p1|Sneasler, L50, M|\n|poke|p1|Meganium, L50, M|\n|poke|p1|Incineroar, L50, F|\n|poke|p2|Farigiraf, L50, M|\n|poke|p2|Crabominable, L50, F|\n|poke|p2|Kingambit, L50, M|\n|poke|p2|Primarina, L50, F|\n|poke|p2|Incineroar, L50, F|\n|poke|p2|Basculegion, L50, M|\n|teampreview|4\n|inactive|Battle timer is ON: inactive players will automatically lose when time's up. (requested by raparent3)\n|\n|t:|1776656734\n|teamsize|p1|4\n|teamsize|p2|4\n|start\n|switch|p1a: Incineroar|Incineroar, L50, F|100/100\n|switch|p1b: Milotic|Milotic, L50, M|100/100\n|switch|p2a: Incineroar|Incineroar, L50, F|100/100\n|switch|p2b: Crabominable|Crabominable, L50, F|100/100\n|-ability|p1a: Incineroar|Intimidate|boost\n|-unboost|p2a: Incineroar|atk|1\n|-fail|p2b: Crabominable|unboost|Attack|[from] ability: Hyper Cutter|[of] p2b: Crabominable\n|-ability|p2a: Incineroar|Intimidate|boost\n|-unboost|p1a: Incineroar|atk|1\n|-unboost|p1b: Milotic|atk|1\n|-ability|p1b: Milotic|Competitive|boost\n|-boost|p1b: Milotic|spa|2\n|turn|1\n|\n|t:|1776656755\n|detailschange|p2b: Crabominable|Crabominable-Mega, L50, F\n|-mega|p2b: Crabominable|Crabominable|Crabominite\n|move|p1a: Incineroar|Fake Out|p2b: Crabominable\n|-damage|p2b: Crabominable|95/100\n|move|p2a: Incineroar|Fake Out|p1b: Milotic\n|-damage|p1b: Milotic|95/100\n|cant|p1b: Milotic|flinch\n|cant|p2b: Crabominable|flinch\n|\n|-heal|p1b: Milotic|100/100|[from] item: Leftovers\n|upkeep\n|turn|2\n|\n|t:|1776656778\n|move|p1b: Milotic|Muddy Water|p2a: Incineroar|[spread] p2a,p2b\n|-supereffective|p2a: Incineroar|1\n|-damage|p2a: Incineroar|34/100\n|-damage|p2b: Crabominable|55/100\n|-enditem|p2a: Incineroar|Sitrus Berry|[eat]\n|-heal|p2a: Incineroar|59/100|[from] item: Sitrus Berry\n|move|p1a: Incineroar|Parting Shot|p2b: Crabominable\n|-unboost|p2b: Crabominable|atk|1\n|-unboost|p2b: Crabominable|spa|1\n|\n|t:|1776656786\n|switch|p1a: Meganium|Meganium, L50, M|100/100|[from] Parting Shot\n|move|p2a: Incineroar|Throat Chop|p1b: Milotic\n|-damage|p1b: Milotic|83/100\n|-start|p1b: Milotic|Throat Chop|[silent]\n|move|p2b: Crabominable|Close Combat|p1b: Milotic\n|-damage|p1b: Milotic|44/100\n|-unboost|p2b: Crabominable|def|1\n|-unboost|p2b: Crabominable|spd|1\n|\n|-heal|p1b: Milotic|50/100|[from] item: Leftovers\n|upkeep\n|turn|3\n|inactive|Charizard=trash has 30 seconds left.\n|\n|t:|1776656817\n|detailschange|p1a: Meganium|Meganium-Mega, L50, M\n|-mega|p1a: Meganium|Meganium|Meganiumite\n|move|p2b: Crabominable|Mach Punch|p1b: Milotic\n|-damage|p1b: Milotic|33/100\n|move|p1b: Milotic|Recover|p1b: Milotic\n|-heal|p1b: Milotic|83/100\n|move|p1a: Meganium|Solar Beam||[still]\n|-prepare|p1a: Meganium|Solar Beam\n|-activate|p1a: Meganium|ability: Mega Sol\n|-anim|p1a: Meganium|Solar Beam|p2b: Crabominable\n|-damage|p2b: Crabominable|0 fnt\n|faint|p2b: Crabominable\n|move|p2a: Incineroar|Flare Blitz|p1a: Meganium\n|-supereffective|p1a: Meganium|1\n|-damage|p1a: Meganium|46/100\n|-damage|p2a: Incineroar|42/100|[from] Recoil\n|\n|-heal|p1b: Milotic|89/100|[from] item: Leftovers\n|-end|p1b: Milotic|Throat Chop|[silent]\n|upkeep\n|\n|t:|1776656830\n|switch|p2b: Basculegion|Basculegion, L50, M|100/100\n|turn|4\n|\n|t:|1776656839\n|switch|p1a: Hydreigon|Hydreigon, L50, M|100/100\n|move|p2b: Basculegion|Last Respects|p1a: Hydreigon\n|-resisted|p1a: Hydreigon|1\n|-damage|p1a: Hydreigon|67/100\n|move|p1b: Milotic|Muddy Water|p2a: Incineroar|[spread] p2a,p2b\n|-supereffective|p2a: Incineroar|1\n|-resisted|p2b: Basculegion|1\n|-damage|p2a: Incineroar|0 fnt\n|-damage|p2b: Basculegion|72/100\n|faint|p2a: Incineroar\n|\n|-heal|p1b: Milotic|95/100|[from] item: Leftovers\n|upkeep\n|\n|t:|1776656841\n|switch|p2a: Kingambit|Kingambit, L50, M|100/100\n|turn|5\n|-message|Charizard=trash forfeited.\n|\n|win|raparent3\n|raw|raparent3's rating: 1428 &rarr; <strong>1448</strong><br />(+20 for winning)\n|raw|Charizard=trash's rating: 1434 &rarr; <strong>1414</strong><br />(-20 for losing)\n|l|\u2606Charizard=trash\n|player|p2|\n|l|\u2606raparent3\n|player|p1|\n",
  "uploadtime": 1776657145,
  "views": 7,
  "formatid": "gen9championsvgc2026regma",
  "rating": 1414,
  "private": 0,
  "password": null
}