{
  "id": "gen9championsvgc2026regma-2582235583",
  "format": "[Gen 9 Champions] VGC 2026 Reg M-A",
  "players": [
    "blackashura",
    "LordMarc"
  ],
  "log": "|j|\u2606blackashura\n|j|\u2606LordMarc\n|t:|1776074523\n|gametype|doubles\n|player|p1|blackashura|169|1000\n|player|p2|LordMarc|hiker-gen4|1076\n|gen|9\n|tier|[Gen 9 Champions] VGC 2026 Reg M-A\n|rated|\n|rule|Species Clause: Limit one of each Pok\u00e9mon\n|rule|Item Clause: Limit 1 of each item\n|clearpoke\n|poke|p1|Tyranitar, L50, F|\n|poke|p1|Rotom-Wash, L50|\n|poke|p1|Garchomp, L50, F|\n|poke|p1|Sneasler, L50, F|\n|poke|p1|Skarmory, L50, F|\n|poke|p1|Volcarona, L50, M|\n|poke|p2|Hawlucha, L50, F|\n|poke|p2|Vanilluxe, L50, M|\n|poke|p2|Dedenne, L50, M|\n|poke|p2|Araquanid, L50, F|\n|poke|p2|Empoleon, L50, M|\n|poke|p2|Ceruledge, L50, M|\n|teampreview|4\n|inactive|Battle timer is ON: inactive players will automatically lose when time's up. (requested by LordMarc)\n|inactive|blackashura has 60 seconds left.\n|\n|t:|1776074559\n|teamsize|p1|4\n|teamsize|p2|4\n|start\n|switch|p1a: Sneasler|Sneasler, L50, F|100/100\n|switch|p1b: Rotom|Rotom-Wash, L50|100/100\n|switch|p2a: Vanilluxe|Vanilluxe, L50, M|100/100\n|switch|p2b: Hawlucha|Hawlucha, L50, F|100/100\n|-ability|p1a: Sneasler|Pressure\n|-ability|p2b: Hawlucha|Mold Breaker\n|-weather|Snowscape|[from] ability: Snow Warning|[of] p2a: Vanilluxe\n|turn|1\n|inactive|LordMarc has 30 seconds left.\n|\n|t:|1776074586\n|detailschange|p2b: Hawlucha|Hawlucha-Mega, L50, F\n|-mega|p2b: Hawlucha|Hawlucha|Hawluchanite\n|move|p1a: Sneasler|Fake Out|p2a: Vanilluxe\n|-damage|p2a: Vanilluxe|87/100\n|move|p1b: Rotom|Thunderbolt|p2b: Hawlucha\n|-supereffective|p2b: Hawlucha|1\n|-damage|p2b: Hawlucha|0 fnt\n|faint|p2b: Hawlucha\n|cant|p2a: Vanilluxe|flinch\n|\n|-weather|Snowscape|[upkeep]\n|upkeep\n|\n|t:|1776074600\n|switch|p2b: Ceruledge|Ceruledge, L50, M|100/100\n|turn|2\n|inactive|blackashura has 30 seconds left.\n|\n|t:|1776074627\n|move|p1a: Sneasler|Protect|p1a: Sneasler\n|-singleturn|p1a: Sneasler|Protect\n|move|p1b: Rotom|Thunderbolt|p2a: Vanilluxe\n|-damage|p2a: Vanilluxe|38/100\n|move|p2b: Ceruledge|Bitter Blade|p1a: Sneasler\n|-activate|p1a: Sneasler|move: Protect\n|move|p2a: Vanilluxe|Aurora Veil|p2a: Vanilluxe\n|-sidestart|p2: LordMarc|move: Aurora Veil\n|\n|-weather|Snowscape|[upkeep]\n|upkeep\n|turn|3\n|\n|t:|1776074648\n|switch|p1a: Volcarona|Volcarona, L50, M|100/100\n|move|p1b: Rotom|Thunderbolt|p2a: Vanilluxe\n|-damage|p2a: Vanilluxe|0 fnt\n|faint|p2a: Vanilluxe\n|move|p2b: Ceruledge|Bitter Blade|p1a: Volcarona\n|-damage|p1a: Volcarona|58/100\n|\n|-weather|Snowscape|[upkeep]\n|upkeep\n|\n|t:|1776074661\n|switch|p2a: Empoleon|Empoleon, L50, M|100/100\n|turn|4\n|inactive|blackashura has 30 seconds left.\n|inactive|blackashura has 20 seconds left.\n|\n|t:|1776074697\n|switch|p1b: Sneasler|Sneasler, L50, F|100/100\n|-ability|p1b: Sneasler|Pressure\n|move|p1a: Volcarona|Rage Powder|p1a: Volcarona\n|-singleturn|p1a: Volcarona|move: Rage Powder\n|move|p2a: Empoleon|Vacuum Wave|p1a: Volcarona\n|-resisted|p1a: Volcarona|1\n|-damage|p1a: Volcarona|51/100\n|move|p2b: Ceruledge|Bitter Blade|p1a: Volcarona\n|-crit|p1a: Volcarona\n|-damage|p1a: Volcarona|0 fnt\n|faint|p1a: Volcarona\n|\n|-weather|Snowscape|[upkeep]\n|upkeep\n|\n|t:|1776074711\n|switch|p1a: Rotom|Rotom-Wash, L50|100/100\n|turn|5\n|\n|t:|1776074724\n|move|p1b: Sneasler|Protect|p1b: Sneasler\n|-singleturn|p1b: Sneasler|Protect\n|move|p1a: Rotom|Hydro Pump|p2b: Ceruledge\n|-supereffective|p2b: Ceruledge|1\n|-damage|p2b: Ceruledge|29/100\n|move|p2b: Ceruledge|Bitter Blade|p1b: Sneasler\n|-activate|p1b: Sneasler|move: Protect\n|move|p2a: Empoleon|Flash Cannon|p1b: Sneasler\n|-activate|p1b: Sneasler|move: Protect\n|\n|-weather|none\n|upkeep\n|turn|6\n|\n|t:|1776074741\n|move|p1a: Rotom|Hydro Pump|p2b: Ceruledge|[miss]\n|-miss|p1a: Rotom|p2b: Ceruledge\n|move|p2b: Ceruledge|Bitter Blade|p1b: Sneasler\n|-damage|p1b: Sneasler|18/100\n|-heal|p2b: Ceruledge|72/100|[from] drain|[of] p1b: Sneasler\n|move|p1b: Sneasler|Close Combat|p2a: Empoleon\n|-supereffective|p2a: Empoleon|1\n|-damage|p2a: Empoleon|4/100\n|-unboost|p1b: Sneasler|def|1\n|-unboost|p1b: Sneasler|spd|1\n|-enditem|p1b: Sneasler|White Herb\n|-clearnegativeboost|p1b: Sneasler|[silent]\n|move|p2a: Empoleon|Flash Cannon|p1b: Sneasler\n|-damage|p1b: Sneasler|0 fnt\n|faint|p1b: Sneasler\n|\n|-sideend|p2: LordMarc|move: Aurora Veil\n|upkeep\n|\n|t:|1776074757\n|switch|p1b: Skarmory|Skarmory, L50, F, shiny|100/100\n|turn|7\n|\n|t:|1776074772\n|detailschange|p1b: Skarmory|Skarmory-Mega, L50, F, shiny\n|-mega|p1b: Skarmory|Skarmory|Skarmorite\n|move|p1a: Rotom|Hydro Pump|p2b: Ceruledge\n|-supereffective|p2b: Ceruledge|1\n|-damage|p2b: Ceruledge|0 fnt\n|faint|p2b: Ceruledge\n|move|p1b: Skarmory|Rock Slide|p2a: Empoleon\n|-resisted|p2a: Empoleon|1\n|-damage|p2a: Empoleon|0 fnt\n|faint|p2a: Empoleon\n|\n|win|blackashura\n",
  "uploadtime": 1776074525,
  "views": 16,
  "formatid": "gen9championsvgc2026regma",
  "rating": null,
  "private": 0,
  "password": null
}