{
  "id": "gen9championsvgc2026regma-2587696301",
  "format": "[Gen 9 Champions] VGC 2026 Reg M-A",
  "players": [
    "DecorateWithDonuts",
    "magnus orion"
  ],
  "log": "|j|\u2606DecorateWithDonuts\n|j|\u2606magnus orion\n|t:|1776554841\n|gametype|doubles\n|player|p1|DecorateWithDonuts|rosa|1022\n|player|p2|magnus orion|clerk|1061\n|gen|9\n|tier|[Gen 9 Champions] VGC 2026 Reg M-A\n|rated|\n|rule|Species Clause: Limit one of each Pok\u00e9mon\n|rule|Item Clause: Limit 1 of each item\n|clearpoke\n|poke|p1|Floette-Eternal, L50, F|\n|poke|p1|Garchomp, L50, M|\n|poke|p1|Charizard, L50, M|\n|poke|p1|Scizor, L50, F|\n|poke|p1|Sinistcha, L50|\n|poke|p1|Incineroar, L50, M|\n|poke|p2|Sneasler, L50, M|\n|poke|p2|Scizor, L50, M|\n|poke|p2|Lycanroc-Dusk, L50, F|\n|poke|p2|Aerodactyl, L50, F|\n|poke|p2|Manectric, L50, F|\n|poke|p2|Incineroar, L50, M|\n|teampreview|4\nDecorateWithDonuts has agreed to open team sheets.\n|inactive|Battle timer is ON: inactive players will automatically lose when time's up. (requested by DecorateWithDonuts)\n|inactive|DecorateWithDonuts has 60 seconds left.\n|inactive|magnus orion has 60 seconds left.\n|inactive|DecorateWithDonuts has 30 seconds left.\n|inactive|DecorateWithDonuts has 20 seconds left.\n|\n|t:|1776554921\n|teamsize|p1|4\n|teamsize|p2|4\n|start\n|switch|p1a: Scizor|Scizor, L50, F|100/100\n|switch|p1b: Incineroar|Incineroar, L50, M|100/100\n|switch|p2a: Aerodactyl|Aerodactyl, L50, F|100/100\n|switch|p2b: Incineroar|Incineroar, L50, M|100/100\n|-ability|p2a: Aerodactyl|Unnerve\n|-ability|p1b: Incineroar|Intimidate|boost\n|-unboost|p2a: Aerodactyl|atk|1\n|-unboost|p2b: Incineroar|atk|1\n|-ability|p2b: Incineroar|Intimidate|boost\n|-unboost|p1a: Scizor|atk|1\n|-unboost|p1b: Incineroar|atk|1\n|turn|1\n|inactive|DecorateWithDonuts has 30 seconds left.\n|inactive|magnus orion has 30 seconds left.\n|inactive|DecorateWithDonuts has 20 seconds left.\n|inactive|DecorateWithDonuts has 15 seconds left.\n|\n|t:|1776554965\n|move|p1b: Incineroar|Fake Out|p2a: Aerodactyl\n|-resisted|p2a: Aerodactyl|1\n|-damage|p2a: Aerodactyl|94/100\n|move|p2b: Incineroar|Fake Out|p1a: Scizor\n|-resisted|p1a: Scizor|1\n|-damage|p1a: Scizor|95/100\n|cant|p2a: Aerodactyl|flinch\n|cant|p1a: Scizor|flinch\n|\n|upkeep\n|turn|2\n|inactive|DecorateWithDonuts has 30 seconds left.\n|inactive|magnus orion has 30 seconds left.\n|inactive|DecorateWithDonuts has 20 seconds left.\n|inactive|magnus orion has 20 seconds left.\n|inactive|DecorateWithDonuts has 15 seconds left.\n|\n|t:|1776555008\n|switch|p2a: Sneasler|Sneasler, L50, M|100/100\n|switch|p1b: Garchomp|Garchomp, L50, M|100/100\n|switch|p2b: Scizor|Scizor, L50, M|100/100\n|move|p1a: Scizor|Tailwind|p1a: Scizor\n|-sidestart|p1: DecorateWithDonuts|move: Tailwind\n|\n|upkeep\n|turn|3\n|inactive|DecorateWithDonuts has 30 seconds left.\n|inactive|magnus orion has 30 seconds left.\n|inactive|DecorateWithDonuts has 20 seconds left.\n|inactive|DecorateWithDonuts has 15 seconds left.\n|\n|t:|1776555050\n|detailschange|p2b: Scizor|Scizor-Mega, L50, M\n|-mega|p2b: Scizor|Scizor|Scizorite\n|move|p2a: Sneasler|Fake Out|p1b: Garchomp\n|-damage|p1b: Garchomp|87/100\n|cant|p1b: Garchomp|flinch\n|move|p1a: Scizor|Tailwind||[still]\n|-fail|p1a: Scizor\n|move|p2b: Scizor|Dual Wingbeat|p1b: Garchomp\n|-damage|p1b: Garchomp|59/100\n|-damage|p1b: Garchomp|34/100\n|-hitcount|p1b: Garchomp|2\n|\n|upkeep\n|turn|4\n|inactive|DecorateWithDonuts has 30 seconds left.\n|inactive|DecorateWithDonuts has 20 seconds left.\n|inactive|DecorateWithDonuts has 15 seconds left.\n|inactive|DecorateWithDonuts has 10 seconds left.\n|\n|t:|1776555095\n|switch|p1a: Incineroar|Incineroar, L50, M|100/100\n|-ability|p1a: Incineroar|Intimidate|boost\n|-unboost|p2a: Sneasler|atk|1\n|-unboost|p2b: Scizor|atk|1\n|-enditem|p2a: Sneasler|White Herb\n|-clearnegativeboost|p2a: Sneasler|[silent]\n|switch|p2a: Incineroar|Incineroar, L50, M|100/100\n|-ability|p2a: Incineroar|Intimidate|boost\n|-unboost|p1a: Incineroar|atk|1\n|-unboost|p1b: Garchomp|atk|1\n|-enditem|p1b: Garchomp|White Herb\n|-clearnegativeboost|p1b: Garchomp|[silent]\n|switch|p2b: Aerodactyl|Aerodactyl, L50, F|94/100\n|-ability|p2b: Aerodactyl|Unnerve\n|move|p1b: Garchomp|Rock Slide|p2a: Incineroar|[spread] p2a\n|-miss|p1b: Garchomp|p2b: Aerodactyl\n|-supereffective|p2a: Incineroar|1\n|-damage|p2a: Incineroar|68/100\n|\n|upkeep\n|turn|5\n|inactive|DecorateWithDonuts has 30 seconds left.\n|inactive|magnus orion has 30 seconds left.\n|inactive|magnus orion has 20 seconds left.\n|inactive|magnus orion has 15 seconds left.\n|\n|t:|1776555135\n|switch|p1b: Scizor|Scizor, L50, F|95/100\n|move|p1a: Incineroar|Fake Out|p2b: Aerodactyl\n|-resisted|p2b: Aerodactyl|1\n|-damage|p2b: Aerodactyl|88/100\n|move|p2a: Incineroar|Fake Out|p1b: Scizor\n|-resisted|p1b: Scizor|1\n|-damage|p1b: Scizor|88/100\n|cant|p2b: Aerodactyl|flinch\n|\n|-sideend|p1: DecorateWithDonuts|move: Tailwind\n|upkeep\n|turn|6\n|inactive|DecorateWithDonuts has 30 seconds left.\n|inactive|DecorateWithDonuts has 20 seconds left.\n|\n|t:|1776555174\n|move|p2b: Aerodactyl|Tailwind|p2b: Aerodactyl\n|-sidestart|p2: magnus orion|move: Tailwind\n|move|p2a: Incineroar|Flare Blitz|p1b: Scizor\n|-supereffective|p1b: Scizor|2\n|-damage|p1b: Scizor|0 fnt\n|faint|p1b: Scizor\n|-damage|p2a: Incineroar|47/100|[from] Recoil\n|-enditem|p2a: Incineroar|Sitrus Berry|[eat]\n|-heal|p2a: Incineroar|71/100|[from] item: Sitrus Berry\n|move|p1a: Incineroar|Parting Shot|p2a: Incineroar\n|-unboost|p2a: Incineroar|atk|1\n|-unboost|p2a: Incineroar|spa|1\n|\n|t:|1776555192\n|switch|p1a: Garchomp|Garchomp, L50, M|34/100|[from] Parting Shot\n|\n|upkeep\n|\n|t:|1776555216\n|switch|p1b: Incineroar|Incineroar, L50, M|100/100\n|-ability|p1b: Incineroar|Intimidate|boost\n|-unboost|p2a: Incineroar|atk|1\n|-unboost|p2b: Aerodactyl|atk|1\n|turn|7\n|inactive|DecorateWithDonuts has 30 seconds left.\n|\n|t:|1776555242\n|move|p1a: Garchomp|Protect|p1a: Garchomp\n|-singleturn|p1a: Garchomp|Protect\n|move|p1b: Incineroar|Fake Out|p2b: Aerodactyl\n|-resisted|p2b: Aerodactyl|1\n|-damage|p2b: Aerodactyl|79/100\n|cant|p2b: Aerodactyl|flinch\n|move|p2a: Incineroar|Parting Shot|p1a: Garchomp\n|-activate|p1a: Garchomp|move: Protect\n|\n|upkeep\n|turn|8\n|inactive|DecorateWithDonuts has 30 seconds left.\n|inactive|DecorateWithDonuts has 20 seconds left.\n|inactive|DecorateWithDonuts has 15 seconds left.\n|inactive|DecorateWithDonuts has 10 seconds left.\n|\n|t:|1776555291\n|move|p2b: Aerodactyl|Dual Wingbeat|p1a: Garchomp\n|-damage|p1a: Garchomp|19/100\n|-damage|p1a: Garchomp|6/100\n|-hitcount|p1a: Garchomp|2\n|move|p1a: Garchomp|Rock Slide|p2b: Aerodactyl|[spread] p2a\n|-miss|p1a: Garchomp|p2b: Aerodactyl\n|-supereffective|p2a: Incineroar|1\n|-damage|p2a: Incineroar|33/100\n|move|p2a: Incineroar|Parting Shot|p1a: Garchomp\n|-unboost|p1a: Garchomp|atk|1\n|-unboost|p1a: Garchomp|spa|1\n|\n|t:|1776555303\n|switch|p2a: Sneasler|Sneasler, L50, M|100/100|[from] Parting Shot\n|move|p1b: Incineroar|Throat Chop|p2a: Sneasler\n|-resisted|p2a: Sneasler|1\n|-damage|p2a: Sneasler|70/100\n|-start|p2a: Sneasler|Throat Chop|[silent]\n|\n|upkeep\n|turn|9\n|inactive|DecorateWithDonuts has 30 seconds left.\n|inactive|magnus orion has 30 seconds left.\n|\n|t:|1776555337\n|move|p1a: Garchomp|Protect|p1a: Garchomp\n|-singleturn|p1a: Garchomp|Protect\n|move|p2a: Sneasler|Close Combat|p1b: Incineroar\n|-supereffective|p1b: Incineroar|1\n|-damage|p1b: Incineroar|0 fnt\n|-unboost|p2a: Sneasler|def|1\n|-unboost|p2a: Sneasler|spd|1\n|faint|p1b: Incineroar\n|move|p2b: Aerodactyl|Dual Wingbeat|p1a: Garchomp\n|-activate|p1a: Garchomp|move: Protect\n|\n|-end|p2a: Sneasler|Throat Chop|[silent]\n|-sideend|p2: magnus orion|move: Tailwind\n|upkeep\n|\n|t:|1776555354\n|switch|p1b: Charizard|Charizard, L50, M|100/100\n|turn|10\n|inactive|DecorateWithDonuts has 30 seconds left.\n|inactive|DecorateWithDonuts has 20 seconds left.\n|inactive|DecorateWithDonuts has 15 seconds left.\n|inactive|DecorateWithDonuts has 10 seconds left.\n|inactive|DecorateWithDonuts has 5 seconds left.\n|\n|t:|1776555389\n|detailschange|p1b: Charizard|Charizard-Mega-Y, L50, M\n|-mega|p1b: Charizard|Charizard|Charizardite Y\n|-weather|SunnyDay|[from] ability: Drought|[of] p1b: Charizard\n|move|p1b: Charizard|Protect|p1b: Charizard\n|-singleturn|p1b: Charizard|Protect\n|move|p2a: Sneasler|Close Combat|p1a: Garchomp\n|-damage|p1a: Garchomp|0 fnt\n|-unboost|p2a: Sneasler|def|1\n|-unboost|p2a: Sneasler|spd|1\n|faint|p1a: Garchomp\n|move|p2b: Aerodactyl|Rock Slide|p1b: Charizard\n|-activate|p1b: Charizard|move: Protect\n|\n|-weather|SunnyDay|[upkeep]\n|upkeep\n|turn|11\n|inactive|DecorateWithDonuts has 5 seconds left this turn.\n|-message|DecorateWithDonuts lost due to inactivity.\n|\n|win|magnus orion\n",
  "uploadtime": 1776554843,
  "views": 16,
  "formatid": "gen9championsvgc2026regma",
  "rating": null,
  "private": 0,
  "password": null
}