{
  "id": "gen9championsvgc2026regma-2588957688",
  "format": "[Gen 9 Champions] VGC 2026 Reg M-A",
  "players": [
    "zoneviz",
    "gundi8"
  ],
  "log": "|j|\u2606zoneviz\n|j|\u2606gundi8\n|t:|1776689428\n|gametype|doubles\n|player|p1|zoneviz|fantina|1203\n|player|p2|gundi8|ethan|1181\n|gen|9\n|tier|[Gen 9 Champions] VGC 2026 Reg M-A\n|rated|\n|rule|Species Clause: Limit one of each Pok\u00e9mon\n|rule|Item Clause: Limit 1 of each item\n|clearpoke\n|poke|p1|Pelipper, L50, M|\n|poke|p1|Archaludon, L50, M|\n|poke|p1|Quaquaval, L50, M|\n|poke|p1|Heliolisk, L50, M|\n|poke|p1|Mr. Rime, L50, F|\n|poke|p1|Victreebel, L50, M|\n|poke|p2|Venusaur, L50, M, shiny|\n|poke|p2|Incineroar, L50, M, shiny|\n|poke|p2|Tyranitar, L50, F|\n|poke|p2|Garchomp, L50, M|\n|poke|p2|Rotom-Wash, L50|\n|poke|p2|Gardevoir, L50, F|\n|teampreview|4\n|inactive|Battle timer is ON: inactive players will automatically lose when time's up. (requested by gundi8)\n|inactive|gundi8 has 60 seconds left.\n|inactive|zoneviz has 60 seconds left.\n|inactive|gundi8 has 30 seconds left.\n|inactive|gundi8 has 20 seconds left.\n|inactive|gundi8 has 15 seconds left.\n|inactive|gundi8 has 10 seconds left.\n|\n|t:|1776689512\n|teamsize|p1|4\n|teamsize|p2|4\n|start\n|switch|p1a: Archaludon|Archaludon, L50, M|100/100\n|switch|p1b: Victreebel|Victreebel, L50, M|100/100\n|switch|p2a: Venusaur|Venusaur, L50, M, shiny|100/100\n|switch|p2b: Gardevoir|Gardevoir, L50, F|100/100\n|turn|1\n|inactive|gundi8 has 30 seconds left.\n|inactive|gundi8 has 20 seconds left.\n|\n|t:|1776689550\n|detailschange|p2a: Venusaur|Venusaur-Mega, L50, M, shiny\n|-mega|p2a: Venusaur|Venusaur|Venusaurite\n|detailschange|p1b: Victreebel|Victreebel-Mega, L50, M\n|-mega|p1b: Victreebel|Victreebel|Victreebelite\n|move|p2b: Gardevoir|Psychic|p1b: Victreebel\n|-supereffective|p1b: Victreebel|1\n|-damage|p1b: Victreebel|0 fnt\n|-damage|p2b: Gardevoir|0 fnt|[from] ability: Innards Out|[of] p1b: Victreebel\n|faint|p1b: Victreebel\n|faint|p2b: Gardevoir\n|move|p2a: Venusaur|Leech Seed|p1a: Archaludon\n|-start|p1a: Archaludon|move: Leech Seed\n|move|p1a: Archaludon|Mirror Coat||[still]\n|-fail|p1a: Archaludon\n|\n|-damage|p1a: Archaludon|88/100|[from] Leech Seed|[of] p2a: Venusaur\n|upkeep\n|inactive|gundi8 has 30 seconds left.\n|inactive|gundi8 has 20 seconds left.\n|inactive|gundi8 has 15 seconds left.\n|inactive|gundi8 has 10 seconds left.\n|\n|t:|1776689598\n|switch|p2b: Rotom|Rotom-Wash, L50|100/100\n|switch|p1b: Quaquaval|Quaquaval, L50, M|100/100\n|turn|2\n|\n|t:|1776689622\n|switch|p1a: Pelipper|Pelipper, L50, M|100/100\n|-weather|RainDance|[from] ability: Drizzle|[of] p1a: Pelipper\n|move|p1b: Quaquaval|Protect|p1b: Quaquaval\n|-singleturn|p1b: Quaquaval|Protect\n|move|p2b: Rotom|Thunderbolt|p1b: Quaquaval\n|-activate|p1b: Quaquaval|move: Protect\n|move|p2a: Venusaur|Leech Seed|p1b: Quaquaval\n|-activate|p1b: Quaquaval|move: Protect\n|\n|-weather|RainDance|[upkeep]\n|upkeep\n|turn|3\n|inactive|gundi8 has 30 seconds left.\n|\n|t:|1776689648\n|switch|p2a: Tyranitar|Tyranitar, L50, F|100/100\n|-weather|Sandstorm|[from] ability: Sand Stream|[of] p2a: Tyranitar\n|move|p1b: Quaquaval|Triple Axel|p2a: Tyranitar\n|-damage|p2a: Tyranitar|95/100\n|-damage|p2a: Tyranitar|85/100\n|-hitcount|p2a: Tyranitar|2\n|move|p2b: Rotom|Thunderbolt|p1a: Pelipper\n|-supereffective|p1a: Pelipper|2\n|-damage|p1a: Pelipper|0 fnt\n|faint|p1a: Pelipper\n|\n|-weather|Sandstorm|[upkeep]\n|-damage|p1b: Quaquaval|94/100|[from] Sandstorm\n|-damage|p2b: Rotom|95/100|[from] Sandstorm\n|upkeep\n|\n|t:|1776689664\n|switch|p1a: Archaludon|Archaludon, L50, M|88/100\n|turn|4\n|\n|t:|1776689686\n|switch|p2a: Venusaur|Venusaur-Mega, L50, M, shiny|100/100\n|move|p1b: Quaquaval|Close Combat|p2b: Rotom\n|-damage|p2b: Rotom|31/100\n|-unboost|p1b: Quaquaval|def|1\n|-unboost|p1b: Quaquaval|spd|1\n|-enditem|p2b: Rotom|Sitrus Berry|[eat]\n|-heal|p2b: Rotom|56/100|[from] item: Sitrus Berry\n|move|p2b: Rotom|Thunderbolt|p1b: Quaquaval\n|-supereffective|p1b: Quaquaval|1\n|-damage|p1b: Quaquaval|0 fnt\n|faint|p1b: Quaquaval\n|move|p1a: Archaludon|Flash Cannon|p2a: Venusaur\n|-damage|p2a: Venusaur|75/100\n|\n|-weather|Sandstorm|[upkeep]\n|-damage|p2b: Rotom|50/100|[from] Sandstorm\n|-damage|p2a: Venusaur|69/100|[from] Sandstorm\n|upkeep\n|turn|5\n|-message|zoneviz forfeited.\n|\n|win|gundi8\n|raw|zoneviz's rating: 1203 &rarr; <strong>1176</strong><br />(-27 for losing)\n|raw|gundi8's rating: 1181 &rarr; <strong>1208</strong><br />(+27 for winning)\n",
  "uploadtime": 1776689698,
  "views": 3,
  "formatid": "gen9championsvgc2026regma",
  "rating": 1176,
  "private": 0,
  "password": null
}