{
  "id": "gen9championsvgc2026regma-2581152566",
  "format": "[Gen 9 Champions] VGC 2026 Reg M-A",
  "players": [
    "cuong6736",
    "throh it baxc"
  ],
  "log": "|j|\u2606cuong6736\n|j|\u2606throh it baxc\n|t:|1775964949\n|gametype|doubles\n|player|p1|cuong6736|169|1179\n|player|p2|throh it baxc|ltsurge|1169\n|gen|9\n|tier|[Gen 9 Champions] VGC 2026 Reg M-A\n|rated|\n|rule|Species Clause: Limit one of each Pok\u00e9mon\n|rule|Item Clause: Limit 1 of each item\n|clearpoke\n|poke|p1|Excadrill, L50, M|\n|poke|p1|Tyranitar, L50, M|\n|poke|p1|Sinistcha, L50|\n|poke|p1|Incineroar, L50, M|\n|poke|p1|Rotom-Wash, L50|\n|poke|p1|Floette-Eternal, L50, F|\n|poke|p2|Arcanine-Hisui, L50, F|\n|poke|p2|Tinkaton, L50, F|\n|poke|p2|Rotom-Wash, L50|\n|poke|p2|Sneasler, L50, F|\n|poke|p2|Gyarados, L50, M|\n|poke|p2|Whimsicott, L50, M|\n|teampreview|4\n|inactive|Battle timer is ON: inactive players will automatically lose when time's up. (requested by cuong6736)\n|\n|t:|1775964972\n|teamsize|p1|4\n|teamsize|p2|4\n|start\n|switch|p1a: Tyranitar|Tyranitar, L50, M, shiny|100/100\n|switch|p1b: Excadrill|Excadrill, L50, M, shiny|100/100\n|switch|p2a: Sneasler|Sneasler, L50, F|100/100\n|switch|p2b: Tinkaton|Tinkaton, L50, F|100/100\n|-ability|p2b: Tinkaton|Mold Breaker\n|-weather|Sandstorm|[from] ability: Sand Stream|[of] p1a: Tyranitar\n|turn|1\n|\n|t:|1775964982\n|move|p1b: Excadrill|Protect|p1b: Excadrill\n|-singleturn|p1b: Excadrill|Protect\n|move|p1a: Tyranitar|Protect|p1a: Tyranitar\n|-singleturn|p1a: Tyranitar|Protect\n|move|p2b: Tinkaton|Fake Out|p1b: Excadrill\n|-activate|p1b: Excadrill|move: Protect\n|move|p2a: Sneasler|Close Combat|p1a: Tyranitar\n|-activate|p1a: Tyranitar|move: Protect\n|\n|-weather|Sandstorm|[upkeep]\n|-damage|p2a: Sneasler|95/100|[from] Sandstorm\n|upkeep\n|turn|2\n|inactive|cuong6736 has 30 seconds left.\n|inactive|cuong6736 has 20 seconds left.\n|inactive|cuong6736 has 15 seconds left.\n|\n|t:|1775965022\n|switch|p2a: Rotom|Rotom-Wash, L50|100/100\n|switch|p2b: Gyarados|Gyarados, L50, M|100/100\n|-ability|p2b: Gyarados|Intimidate|boost\n|-unboost|p1a: Tyranitar|atk|1\n|-unboost|p1b: Excadrill|atk|1\n|switch|p1a: Sinistcha|Sinistcha, L50, shiny|100/100\n|move|p1b: Excadrill|High Horsepower|p2b: Gyarados\n|-immune|p2b: Gyarados\n|\n|-weather|Sandstorm|[upkeep]\n|-damage|p2b: Gyarados|94/100|[from] Sandstorm\n|-damage|p2a: Rotom|95/100|[from] Sandstorm\n|-damage|p1a: Sinistcha|94/100|[from] Sandstorm\n|-heal|p1a: Sinistcha|100/100|[from] item: Leftovers\n|upkeep\n|turn|3\n|inactive|cuong6736 has 30 seconds left.\n|inactive|throh it baxc has 30 seconds left.\n|inactive|cuong6736 has 20 seconds left.\n|inactive|throh it baxc has 20 seconds left.\n|inactive|cuong6736 has 15 seconds left.\n|\n|t:|1775965065\n|move|p1b: Excadrill|Protect|p1b: Excadrill\n|-singleturn|p1b: Excadrill|Protect\n|move|p2b: Gyarados|Dragon Dance|p2b: Gyarados\n|-boost|p2b: Gyarados|atk|1\n|-boost|p2b: Gyarados|spe|1\n|move|p2a: Rotom|Eerie Impulse|p1a: Sinistcha\n|-unboost|p1a: Sinistcha|spa|2\n|move|p1a: Sinistcha|Matcha Gotcha|p2a: Rotom|[spread] p2a\n|-miss|p1a: Sinistcha|p2b: Gyarados\n|-supereffective|p2a: Rotom|1\n|-damage|p2a: Rotom|74/100\n|-status|p2a: Rotom|brn\n|\n|-weather|Sandstorm|[upkeep]\n|-damage|p2b: Gyarados|88/100|[from] Sandstorm\n|-damage|p2a: Rotom|69/100 brn|[from] Sandstorm\n|-damage|p1a: Sinistcha|94/100|[from] Sandstorm\n|-heal|p1a: Sinistcha|100/100|[from] item: Leftovers\n|-damage|p2a: Rotom|63/100 brn|[from] brn\n|upkeep\n|turn|4\n|inactive|throh it baxc has 30 seconds left.\n|\n|t:|1775965094\n|move|p1b: Excadrill|Rock Slide|p2b: Gyarados|[spread] p2a,p2b\n|-supereffective|p2b: Gyarados|1\n|-damage|p2a: Rotom|47/100 brn\n|-damage|p2b: Gyarados|56/100\n|-enditem|p2a: Rotom|Sitrus Berry|[eat]\n|-heal|p2a: Rotom|72/100 brn|[from] item: Sitrus Berry\n|move|p2b: Gyarados|Waterfall|p1b: Excadrill\n|-supereffective|p1b: Excadrill|1\n|-enditem|p1b: Excadrill|Focus Sash\n|-damage|p1b: Excadrill|1/100\n|move|p2a: Rotom|Hydro Pump|p1b: Excadrill\n|-supereffective|p1b: Excadrill|1\n|-damage|p1b: Excadrill|0 fnt\n|faint|p1b: Excadrill\n|move|p1a: Sinistcha|Matcha Gotcha|p2a: Rotom|[spread] p2a\n|-miss|p1a: Sinistcha|p2b: Gyarados\n|-supereffective|p2a: Rotom|1\n|-crit|p2a: Rotom\n|-damage|p2a: Rotom|11/100 brn\n|\n|-weather|Sandstorm|[upkeep]\n|-damage|p2b: Gyarados|50/100|[from] Sandstorm\n|-damage|p2a: Rotom|5/100 brn|[from] Sandstorm\n|-damage|p1a: Sinistcha|94/100|[from] Sandstorm\n|-heal|p1a: Sinistcha|100/100|[from] item: Leftovers\n|-damage|p2a: Rotom|0 fnt|[from] brn\n|faint|p2a: Rotom\n|upkeep\n|\n|t:|1775965108\n|switch|p1b: Incineroar|Incineroar, L50, M, shiny|100/100\n|switch|p2a: Tinkaton|Tinkaton, L50, F|100/100\n|-ability|p2a: Tinkaton|Mold Breaker\n|-ability|p1b: Incineroar|Intimidate|boost\n|-unboost|p2a: Tinkaton|atk|1\n|-unboost|p2b: Gyarados|atk|1\n|turn|5\n|inactive|cuong6736 has 30 seconds left.\n|\n|t:|1775965136\n|move|p2a: Tinkaton|Fake Out|p1b: Incineroar\n|-damage|p1b: Incineroar|96/100\n|cant|p1b: Incineroar|flinch\n|move|p2b: Gyarados|Dragon Dance|p2b: Gyarados\n|-boost|p2b: Gyarados|atk|1\n|-boost|p2b: Gyarados|spe|1\n|move|p1a: Sinistcha|Trick Room|p1a: Sinistcha\n|-fieldstart|move: Trick Room|[of] p1a: Sinistcha\n|\n|-weather|none\n|upkeep\n|turn|6\n|inactive|throh it baxc has 30 seconds left.\n|\n|t:|1775965169\n|detailschange|p2b: Gyarados|Gyarados-Mega, L50, M\n|-mega|p2b: Gyarados|Gyarados|Gyaradosite\n|-ability|p2b: Gyarados|Mold Breaker\n|move|p2a: Tinkaton|Protect|p2a: Tinkaton\n|-singleturn|p2a: Tinkaton|Protect\n|move|p1b: Incineroar|Flare Blitz|p2a: Tinkaton\n|-activate|p2a: Tinkaton|move: Protect\n|move|p1a: Sinistcha|Matcha Gotcha|p2b: Gyarados|[spread] p2b\n|-activate|p2a: Tinkaton|move: Protect\n|-supereffective|p2b: Gyarados|1\n|-damage|p2b: Gyarados|32/100\n|move|p2b: Gyarados|Waterfall|p1b: Incineroar\n|-supereffective|p1b: Incineroar|1\n|-damage|p1b: Incineroar|0 fnt\n|faint|p1b: Incineroar\n|\n|upkeep\n|\n|t:|1775965176\n|switch|p1b: Tyranitar|Tyranitar, L50, M, shiny|100/100\n|-weather|Sandstorm|[from] ability: Sand Stream|[of] p1b: Tyranitar\n|turn|7\n|\n|t:|1775965193\n|detailschange|p1b: Tyranitar|Tyranitar-Mega, L50, M, shiny\n|-mega|p1b: Tyranitar|Tyranitar|Tyranitarite\n|move|p2b: Gyarados|Protect|p2b: Gyarados\n|-singleturn|p2b: Gyarados|Protect\n|move|p1a: Sinistcha|Matcha Gotcha|p2b: Gyarados|[spread] p2a\n|-activate|p2b: Gyarados|move: Protect\n|-resisted|p2a: Tinkaton|1\n|-damage|p2a: Tinkaton|96/100\n|-status|p2a: Tinkaton|brn\n|move|p1b: Tyranitar|Low Kick|p2b: Gyarados\n|-activate|p2b: Gyarados|move: Protect\n|move|p2a: Tinkaton|Gigaton Hammer|p1b: Tyranitar\n|-supereffective|p1b: Tyranitar|1\n|-damage|p1b: Tyranitar|81/100\n|\n|-weather|Sandstorm|[upkeep]\n|-damage|p1a: Sinistcha|94/100|[from] Sandstorm\n|-damage|p2b: Gyarados|26/100|[from] Sandstorm\n|-heal|p1a: Sinistcha|100/100|[from] item: Leftovers\n|-heal|p2a: Tinkaton|100/100 brn|[from] item: Leftovers\n|-damage|p2a: Tinkaton|94/100 brn|[from] brn\n|upkeep\n|turn|8\n|\n|t:|1775965212\n|switch|p2b: Sneasler|Sneasler, L50, F|95/100\n|move|p2a: Tinkaton|Protect|p2a: Tinkaton\n|-singleturn|p2a: Tinkaton|Protect\n|move|p1a: Sinistcha|Matcha Gotcha|p2a: Tinkaton|[spread] p2b\n|-activate|p2a: Tinkaton|move: Protect\n|-resisted|p2b: Sneasler|1\n|-damage|p2b: Sneasler|87/100\n|move|p1b: Tyranitar|Low Kick|p2b: Sneasler\n|-resisted|p2b: Sneasler|1\n|-damage|p2b: Sneasler|64/100\n|\n|-weather|Sandstorm|[upkeep]\n|-damage|p1a: Sinistcha|94/100|[from] Sandstorm\n|-damage|p2b: Sneasler|59/100|[from] Sandstorm\n|-heal|p1a: Sinistcha|100/100|[from] item: Leftovers\n|-heal|p2a: Tinkaton|100/100 brn|[from] item: Leftovers\n|-damage|p2a: Tinkaton|94/100 brn|[from] brn\n|upkeep\n|turn|9\n|inactive|cuong6736 has 30 seconds left.\n|inactive|cuong6736 has 20 seconds left.\n|\n|t:|1775965252\n|move|p2b: Sneasler|Fake Out|p1b: Tyranitar\n|-resisted|p1b: Tyranitar|1\n|-damage|p1b: Tyranitar|77/100\n|move|p1a: Sinistcha|Rage Powder|p1a: Sinistcha\n|-singleturn|p1a: Sinistcha|move: Rage Powder\n|cant|p1b: Tyranitar|flinch\n|move|p2a: Tinkaton|Gigaton Hammer|p1a: Sinistcha\n|-damage|p1a: Sinistcha|86/100\n|\n|-weather|Sandstorm|[upkeep]\n|-damage|p1a: Sinistcha|80/100|[from] Sandstorm\n|-damage|p2b: Sneasler|53/100|[from] Sandstorm\n|-heal|p1a: Sinistcha|86/100|[from] item: Leftovers\n|-heal|p2a: Tinkaton|100/100 brn|[from] item: Leftovers\n|-damage|p2a: Tinkaton|94/100 brn|[from] brn\n|-fieldend|move: Trick Room\n|upkeep\n|turn|10\n|inactive|throh it baxc has 30 seconds left.\n|\n|t:|1775965277\n|move|p2a: Tinkaton|Helping Hand|p2b: Sneasler\n|-singleturn|p2b: Sneasler|Helping Hand|[of] p2a: Tinkaton\n|move|p1b: Tyranitar|Protect|p1b: Tyranitar\n|-singleturn|p1b: Tyranitar|Protect\n|move|p2b: Sneasler|Dire Claw|p1a: Sinistcha\n|-damage|p1a: Sinistcha|34/100\n|-status|p1a: Sinistcha|psn|[from] ability: Poison Touch|[of] p2b: Sneasler\n|move|p1a: Sinistcha|Trick Room|p1a: Sinistcha\n|-fieldstart|move: Trick Room|[of] p1a: Sinistcha\n|\n|-weather|Sandstorm|[upkeep]\n|-damage|p1a: Sinistcha|27/100 psn|[from] Sandstorm\n|-damage|p2b: Sneasler|47/100|[from] Sandstorm\n|-heal|p1a: Sinistcha|34/100 psn|[from] item: Leftovers\n|-heal|p2a: Tinkaton|100/100 brn|[from] item: Leftovers\n|-damage|p1a: Sinistcha|21/100 psn|[from] psn\n|-damage|p2a: Tinkaton|94/100 brn|[from] brn\n|upkeep\n|turn|11\n|inactive|throh it baxc has 30 seconds left.\n|\n|t:|1775965309\n|switch|p2b: Gyarados|Gyarados-Mega, L50, M|26/100\n|-ability|p2b: Gyarados|Mold Breaker\n|move|p2a: Tinkaton|Protect|p2a: Tinkaton\n|-singleturn|p2a: Tinkaton|Protect\n|move|p1a: Sinistcha|Strength Sap|p2b: Gyarados\n|-unboost|p2b: Gyarados|atk|1\n|-heal|p1a: Sinistcha|100/100 psn\n|move|p1b: Tyranitar|Low Kick|p2a: Tinkaton\n|-activate|p2a: Tinkaton|move: Protect\n|\n|-weather|none\n|-heal|p2a: Tinkaton|100/100 brn|[from] item: Leftovers\n|-damage|p1a: Sinistcha|88/100 psn|[from] psn\n|-damage|p2a: Tinkaton|94/100 brn|[from] brn\n|upkeep\n|turn|12\n|\n|t:|1775965320\n|move|p2b: Gyarados|Protect|p2b: Gyarados\n|-singleturn|p2b: Gyarados|Protect\n|move|p1a: Sinistcha|Matcha Gotcha|p2b: Gyarados|[spread] p2a\n|-activate|p2b: Gyarados|move: Protect\n|-resisted|p2a: Tinkaton|1\n|-damage|p2a: Tinkaton|90/100 brn\n|-heal|p1a: Sinistcha|90/100 psn|[from] drain|[of] p2a: Tinkaton\n|move|p1b: Tyranitar|Rock Slide|p2b: Gyarados|[spread] \n|-activate|p2b: Gyarados|move: Protect\n|-miss|p1b: Tyranitar|p2a: Tinkaton\n|move|p2a: Tinkaton|Gigaton Hammer|p1b: Tyranitar\n|-supereffective|p1b: Tyranitar|1\n|-damage|p1b: Tyranitar|58/100\n|\n|-heal|p1a: Sinistcha|97/100 psn|[from] item: Leftovers\n|-heal|p2a: Tinkaton|96/100 brn|[from] item: Leftovers\n|-damage|p1a: Sinistcha|84/100 psn|[from] psn\n|-damage|p2a: Tinkaton|90/100 brn|[from] brn\n|upkeep\n|turn|13\n|inactive|throh it baxc has 30 seconds left.\n|\n|t:|1775965347\n|switch|p2b: Sneasler|Sneasler, L50, F|47/100\n|move|p2a: Tinkaton|Protect|p2a: Tinkaton\n|-singleturn|p2a: Tinkaton|Protect\n|move|p1a: Sinistcha|Matcha Gotcha|p2a: Tinkaton|[spread] p2b\n|-activate|p2a: Tinkaton|move: Protect\n|-resisted|p2b: Sneasler|1\n|-damage|p2b: Sneasler|39/100\n|-heal|p1a: Sinistcha|88/100 psn|[from] drain|[of] p2b: Sneasler\n|move|p1b: Tyranitar|Rock Slide|p2a: Tinkaton|[spread] p2b\n|-activate|p2a: Tinkaton|move: Protect\n|-resisted|p2b: Sneasler|1\n|-damage|p2b: Sneasler|11/100\n|\n|-heal|p1a: Sinistcha|94/100 psn|[from] item: Leftovers\n|-heal|p2a: Tinkaton|96/100 brn|[from] item: Leftovers\n|-damage|p1a: Sinistcha|82/100 psn|[from] psn\n|-damage|p2a: Tinkaton|90/100 brn|[from] brn\n|upkeep\n|turn|14\n|\n|t:|1775965365\n|switch|p2a: Gyarados|Gyarados-Mega, L50, M|26/100\n|-ability|p2a: Gyarados|Mold Breaker\n|move|p2b: Sneasler|Fake Out|p1b: Tyranitar\n|-resisted|p1b: Tyranitar|1\n|-damage|p1b: Tyranitar|55/100\n|move|p1a: Sinistcha|Matcha Gotcha|p2a: Gyarados|[spread] p2a,p2b\n|-supereffective|p2a: Gyarados|1\n|-resisted|p2b: Sneasler|1\n|-damage|p2a: Gyarados|8/100\n|-heal|p1a: Sinistcha|91/100 psn|[from] drain|[of] p2a: Gyarados\n|-damage|p2b: Sneasler|4/100\n|-heal|p1a: Sinistcha|94/100 psn|[from] drain|[of] p2b: Sneasler\n|cant|p1b: Tyranitar|flinch\n|\n|-heal|p1a: Sinistcha|100/100 psn|[from] item: Leftovers\n|-damage|p1a: Sinistcha|88/100 psn|[from] psn\n|-fieldend|move: Trick Room\n|upkeep\n|turn|15\n|\n|t:|1775965390\n|move|p2b: Sneasler|Dire Claw|p1a: Sinistcha\n|-damage|p1a: Sinistcha|50/100 psn\n|move|p2a: Gyarados|Crunch|p1a: Sinistcha\n|-supereffective|p1a: Sinistcha|1\n|-damage|p1a: Sinistcha|0 fnt\n|faint|p1a: Sinistcha\n|move|p1b: Tyranitar|Rock Slide|p2b: Sneasler|[spread] p2a,p2b\n|-resisted|p2b: Sneasler|1\n|-damage|p2a: Gyarados|0 fnt\n|-damage|p2b: Sneasler|0 fnt\n|faint|p2a: Gyarados\n|faint|p2b: Sneasler\n|\n|upkeep\n|\n|t:|1775965394\n|switch|p2b: Tinkaton|Tinkaton, L50, F|90/100 brn\n|-ability|p2b: Tinkaton|Mold Breaker\n|turn|16\n|\n|t:|1775965410\n|move|p1b: Tyranitar|Protect|p1b: Tyranitar\n|-singleturn|p1b: Tyranitar|Protect\n|move|p2b: Tinkaton|Gigaton Hammer|p1b: Tyranitar\n|-activate|p1b: Tyranitar|move: Protect\n|\n|-heal|p2b: Tinkaton|96/100 brn|[from] item: Leftovers\n|-damage|p2b: Tinkaton|90/100 brn|[from] brn\n|upkeep\n|turn|17\n|\n|t:|1775965418\n|move|p2b: Tinkaton|Protect|p2b: Tinkaton\n|-singleturn|p2b: Tinkaton|Protect\n|move|p1b: Tyranitar|Knock Off|p2b: Tinkaton\n|-activate|p2b: Tinkaton|move: Protect\n|\n|-heal|p2b: Tinkaton|96/100 brn|[from] item: Leftovers\n|-damage|p2b: Tinkaton|90/100 brn|[from] brn\n|upkeep\n|turn|18\n|\n|t:|1775965425\n|move|p2b: Tinkaton|Helping Hand|p2: Gyarados|[notarget]\n|-fail|p2b: Tinkaton\n|move|p1b: Tyranitar|Protect||[still]\n|-fail|p1b: Tyranitar\n|\n|-heal|p2b: Tinkaton|96/100 brn|[from] item: Leftovers\n|-damage|p2b: Tinkaton|90/100 brn|[from] brn\n|upkeep\n|turn|19\n|\n|t:|1775965429\n|move|p2b: Tinkaton|Gigaton Hammer|p1b: Tyranitar\n|-supereffective|p1b: Tyranitar|1\n|-damage|p1b: Tyranitar|25/100\n|move|p1b: Tyranitar|Knock Off|p2b: Tinkaton\n|-resisted|p2b: Tinkaton|1\n|-damage|p2b: Tinkaton|55/100 brn\n|-enditem|p2b: Tinkaton|Leftovers|[from] move: Knock Off|[of] p1b: Tyranitar\n|\n|-damage|p2b: Tinkaton|48/100 brn|[from] brn\n|upkeep\n|turn|20\n|\n|t:|1775965441\n|move|p2b: Tinkaton|Protect|p2b: Tinkaton\n|-singleturn|p2b: Tinkaton|Protect\n|move|p1b: Tyranitar|Low Kick|p2b: Tinkaton\n|-activate|p2b: Tinkaton|move: Protect\n|\n|-damage|p2b: Tinkaton|42/100 brn|[from] brn\n|upkeep\n|turn|21\n|\n|t:|1775965451\n|move|p1b: Tyranitar|Protect|p1b: Tyranitar\n|-singleturn|p1b: Tyranitar|Protect\n|move|p2b: Tinkaton|Gigaton Hammer|p1b: Tyranitar\n|-activate|p1b: Tyranitar|move: Protect\n|\n|-damage|p2b: Tinkaton|36/100 brn|[from] brn\n|upkeep\n|turn|22\n|\n|t:|1775965457\n|move|p2b: Tinkaton|Protect|p2b: Tinkaton\n|-singleturn|p2b: Tinkaton|Protect\n|move|p1b: Tyranitar|Low Kick|p2b: Tinkaton\n|-activate|p2b: Tinkaton|move: Protect\n|\n|-damage|p2b: Tinkaton|30/100 brn|[from] brn\n|upkeep\n|turn|23\n|\n|t:|1775965468\n|move|p2b: Tinkaton|Helping Hand|p2: Gyarados|[notarget]\n|-fail|p2b: Tinkaton\n|move|p1b: Tyranitar|Protect||[still]\n|-fail|p1b: Tyranitar\n|\n|-damage|p2b: Tinkaton|23/100 brn|[from] brn\n|upkeep\n|turn|24\n|\n|t:|1775965473\n|move|p1b: Tyranitar|Protect|p1b: Tyranitar\n|-singleturn|p1b: Tyranitar|Protect\n|move|p2b: Tinkaton|Gigaton Hammer|p1b: Tyranitar\n|-activate|p1b: Tyranitar|move: Protect\n|\n|-damage|p2b: Tinkaton|17/100 brn|[from] brn\n|upkeep\n|turn|25\n|\n|t:|1775965482\n|move|p2b: Tinkaton|Protect|p2b: Tinkaton\n|-singleturn|p2b: Tinkaton|Protect\n|move|p1b: Tyranitar|Low Kick|p2b: Tinkaton\n|-activate|p2b: Tinkaton|move: Protect\n|\n|-damage|p2b: Tinkaton|11/100 brn|[from] brn\n|upkeep\n|turn|26\n|\n|t:|1775965490\n|move|p2b: Tinkaton|Helping Hand|p2: Gyarados|[notarget]\n|-fail|p2b: Tinkaton\n|move|p1b: Tyranitar|Protect||[still]\n|-fail|p1b: Tyranitar\n|\n|-damage|p2b: Tinkaton|5/100 brn|[from] brn\n|upkeep\n|turn|27\n|c|\u2606throh it baxc|gg\n|\n|t:|1775965499\n|move|p2b: Tinkaton|Gigaton Hammer|p1b: Tyranitar\n|-supereffective|p1b: Tyranitar|1\n|-damage|p1b: Tyranitar|0 fnt\n|faint|p1b: Tyranitar\n|\n|win|throh it baxc\n|raw|cuong6736's rating: 1179 &rarr; <strong>1153</strong><br />(-26 for losing)\n|raw|throh it baxc's rating: 1169 &rarr; <strong>1195</strong><br />(+26 for winning)\n|l|\u2606cuong6736\n|player|p1|\n",
  "uploadtime": 1775965511,
  "views": 35,
  "formatid": "gen9championsvgc2026regma",
  "rating": 1153,
  "private": 0,
  "password": null
}