{
  "id": "gen9championsvgc2026regma-2583923015",
  "format": "[Gen 9 Champions] VGC 2026 Reg M-A",
  "players": [
    "Zarato",
    "Yahia Salman"
  ],
  "log": "|j|\u2606Zarato\n|j|\u2606Yahia Salman\n|t:|1776208634\n|gametype|doubles\n|player|p1|Zarato|n|1070\n|player|p2|Yahia Salman|170|1028\n|gen|9\n|tier|[Gen 9 Champions] VGC 2026 Reg M-A\n|rated|\n|rule|Species Clause: Limit one of each Pok\u00e9mon\n|rule|Item Clause: Limit 1 of each item\n|clearpoke\n|poke|p1|Weavile, L50, M|\n|poke|p1|Glaceon, L50, F|\n|poke|p1|Froslass, L50, F|\n|poke|p1|Incineroar, L50, F|\n|poke|p1|Sinistcha, L50|\n|poke|p1|Sneasler, L50, F|\n|poke|p2|Delphox, L50, F|\n|poke|p2|Clefable, L50, M|\n|poke|p2|Sneasler, L50, M|\n|poke|p2|Venusaur, L50, M|\n|poke|p2|Sableye, L50, F|\n|poke|p2|Torkoal, L50, M|\n|teampreview|4\n|inactive|Battle timer is ON: inactive players will automatically lose when time's up. (requested by Zarato)\nZarato has agreed to open team sheets.\n|inactive|Yahia Salman has 60 seconds left.\n|\n|t:|1776208665\n|teamsize|p1|4\n|teamsize|p2|4\n|start\n|switch|p1a: Sinistcha|Sinistcha, L50|100/100\n|switch|p1b: Froslass|Froslass, L50, F|100/100\n|switch|p2a: Delphox|Delphox, L50, F|100/100\n|switch|p2b: Sneasler|Sneasler, L50, M|100/100\n|turn|1\n|\n|t:|1776208686\n|detailschange|p1b: Froslass|Froslass-Mega, L50, F\n|-mega|p1b: Froslass|Froslass|Froslassite\n|-weather|Snowscape|[from] ability: Snow Warning|[of] p1b: Froslass\n|detailschange|p2a: Delphox|Delphox-Mega, L50, F\n|-mega|p2a: Delphox|Delphox|Delphoxite\n|move|p2a: Delphox|Heat Wave|p1b: Froslass|[spread] p1a,p1b\n|-supereffective|p1a: Sinistcha|1\n|-supereffective|p1b: Froslass|1\n|-damage|p1a: Sinistcha|66/100\n|-damage|p1b: Froslass|0 fnt\n|faint|p1b: Froslass\n|move|p2b: Sneasler|Dire Claw|p1a: Sinistcha\n|-damage|p1a: Sinistcha|32/100\n|-status|p1a: Sinistcha|par\n|cant|p1a: Sinistcha|par\n|\n|-weather|Snowscape|[upkeep]\n|upkeep\n|\n|t:|1776208702\n|switch|p1b: Incineroar|Incineroar, L50, F|100/100\n|-ability|p1b: Incineroar|Intimidate|boost\n|-unboost|p2a: Delphox|atk|1\n|-unboost|p2b: Sneasler|atk|1\n|turn|2\n|\n|t:|1776208714\n|switch|p2a: Sableye|Sableye, L50, F|100/100\n|move|p2b: Sneasler|Protect|p2b: Sneasler\n|-singleturn|p2b: Sneasler|Protect\n|move|p1b: Incineroar|Fake Out|p2b: Sneasler\n|-activate|p2b: Sneasler|move: Protect\n|move|p1a: Sinistcha|Shadow Ball|p2a: Sableye\n|-damage|p2a: Sableye|57/100\n|-unboost|p2a: Sableye|spd|1\n|\n|-weather|Snowscape|[upkeep]\n|upkeep\n|turn|3\n|inactive|Zarato has 30 seconds left.\n|inactive|Yahia Salman has 30 seconds left.\n|\n|t:|1776208745\n|move|p1b: Incineroar|Fake Out||[still]\n|-hint|Fake Out only works on your first turn out.\n|-fail|p1b: Incineroar\n|move|p2a: Sableye|Sunny Day|p2a: Sableye\n|-weather|SunnyDay\n|move|p2b: Sneasler|Close Combat|p1b: Incineroar\n|-supereffective|p1b: Incineroar|1\n|-enditem|p1b: Incineroar|Chople Berry|[eat]\n|-enditem|p1b: Incineroar|Chople Berry|[weaken]\n|-damage|p1b: Incineroar|61/100\n|-unboost|p2b: Sneasler|def|1\n|-unboost|p2b: Sneasler|spd|1\n|-status|p1b: Incineroar|psn|[from] ability: Poison Touch|[of] p2b: Sneasler\n|cant|p1a: Sinistcha|par\n|\n|-weather|SunnyDay|[upkeep]\n|-damage|p1b: Incineroar|49/100 psn|[from] psn\n|upkeep\n|turn|4\n|inactive|Zarato has 30 seconds left.\n|inactive|Yahia Salman has 30 seconds left.\n|\n|t:|1776208772\n|move|p2b: Sneasler|Close Combat|p1b: Incineroar\n|-supereffective|p1b: Incineroar|1\n|-damage|p1b: Incineroar|0 fnt\n|-unboost|p2b: Sneasler|def|1\n|-unboost|p2b: Sneasler|spd|1\n|faint|p1b: Incineroar\n|move|p2a: Sableye|Foul Play|p1a: Sinistcha\n|-supereffective|p1a: Sinistcha|1\n|-enditem|p1a: Sinistcha|Colbur Berry|[eat]\n|-enditem|p1a: Sinistcha|Colbur Berry|[weaken]\n|-damage|p1a: Sinistcha|13/100 par\n|move|p1a: Sinistcha|Matcha Gotcha|p2b: Sneasler|[spread] p2a,p2b\n|-resisted|p2b: Sneasler|1\n|-damage|p2a: Sableye|10/100\n|-heal|p1a: Sinistcha|34/100 par|[from] drain|[of] p2a: Sableye\n|-damage|p2b: Sneasler|73/100\n|-heal|p1a: Sinistcha|46/100 par|[from] drain|[of] p2b: Sneasler\n|\n|-weather|SunnyDay|[upkeep]\n|upkeep\n|\n|t:|1776208797\n|switch|p1b: Glaceon|Glaceon, L50, F|100/100\n|turn|5\n|inactive|Yahia Salman has 30 seconds left.\n|inactive|Yahia Salman has 20 seconds left.\n|inactive|Yahia Salman has 15 seconds left.\n|inactive|Yahia Salman has 10 seconds left.\n|inactive|Yahia Salman has 5 seconds left.\n|\n|t:|1776208852\n|move|p2a: Sableye|Will-O-Wisp|p1a: Sinistcha|[miss]\n|-miss|p2a: Sableye|p1a: Sinistcha\n|move|p2b: Sneasler|Dire Claw|p1b: Glaceon|[miss]\n|-miss|p2b: Sneasler|p1b: Glaceon\n|move|p1b: Glaceon|Ice Beam|p2b: Sneasler\n|-damage|p2b: Sneasler|0 fnt\n|faint|p2b: Sneasler\n|move|p1a: Sinistcha|Trick Room|p1a: Sinistcha\n|-fieldstart|move: Trick Room|[of] p1a: Sinistcha\n|\n|-weather|SunnyDay|[upkeep]\n|upkeep\n|\n|t:|1776208864\n|switch|p2b: Delphox|Delphox-Mega, L50, F|100/100\n|turn|6\n|\n|t:|1776208888\n|move|p2a: Sableye|Will-O-Wisp|p1b: Glaceon\n|-status|p1b: Glaceon|brn\n|move|p1a: Sinistcha|Shadow Ball|p2b: Delphox\n|-supereffective|p2b: Delphox|1\n|-damage|p2b: Delphox|36/100\n|move|p1b: Glaceon|Shadow Ball|p2a: Sableye\n|-damage|p2a: Sableye|0 fnt\n|faint|p2a: Sableye\n|move|p2b: Delphox|Heat Wave|p1b: Glaceon|[spread] p1a,p1b\n|-supereffective|p1a: Sinistcha|1\n|-supereffective|p1b: Glaceon|1\n|-damage|p1a: Sinistcha|0 fnt\n|-damage|p1b: Glaceon|0 fnt\n|faint|p1a: Sinistcha\n|faint|p1b: Glaceon\n|\n|win|Yahia Salman\n|raw|Zarato's rating: 1070 &rarr; <strong>1047</strong><br />(-23 for losing)\n|raw|Yahia Salman's rating: 1028 &rarr; <strong>1068</strong><br />(+40 for winning)\n",
  "uploadtime": 1776208947,
  "views": 23,
  "formatid": "gen9championsvgc2026regma",
  "rating": 1047,
  "private": 0,
  "password": null
}