{
  "id": "gen9championsvgc2026regma-2588051408",
  "format": "[Gen 9 Champions] VGC 2026 Reg M-A",
  "players": [
    "Daniclo",
    "Frizuuuu"
  ],
  "log": "|j|\u2606Daniclo\n|j|\u2606Frizuuuu\n|t:|1776598296\n|gametype|doubles\n|player|p1|Daniclo|169|1000\n|player|p2|Frizuuuu|102|1050\n|gen|9\n|tier|[Gen 9 Champions] VGC 2026 Reg M-A\n|rated|\n|rule|Species Clause: Limit one of each Pok\u00e9mon\n|rule|Item Clause: Limit 1 of each item\n|clearpoke\n|poke|p1|Araquanid, L50, F, shiny|\n|poke|p1|Gyarados, L50, F|\n|poke|p1|Chandelure, L50, F|\n|poke|p1|Farigiraf, L50, M|\n|poke|p1|Kingambit, L50, M|\n|poke|p1|Drampa, L50, M|\n|poke|p2|Archaludon, L50, M, shiny|\n|poke|p2|Pelipper, L50, F, shiny|\n|poke|p2|Dragonite, L50, M, shiny|\n|poke|p2|Sinistcha-Masterpiece, L50, shiny|\n|poke|p2|Sneasler, L50, F, shiny|\n|poke|p2|Blastoise, L50, M, shiny|\n|teampreview|4\n|inactive|Battle timer is ON: inactive players will automatically lose when time's up. (requested by Frizuuuu)\nDaniclo rejected open team sheets.\n|inactive|Daniclo has 60 seconds left.\n|inactive|Frizuuuu has 60 seconds left.\n|inactive|Daniclo has 30 seconds left.\n|inactive|Daniclo has 20 seconds left.\n|\n|t:|1776598374\n|teamsize|p1|4\n|teamsize|p2|4\n|start\n|switch|p1a: Chandelure|Chandelure, L50, F|100/100\n|switch|p1b: Drampa|Drampa, L50, M|100/100\n|switch|p2a: Pelipper|Pelipper, L50, F, shiny|100/100\n|switch|p2b: Archaludon|Archaludon, L50, M, shiny|100/100\n|-weather|RainDance|[from] ability: Drizzle|[of] p2a: Pelipper\n|turn|1\n|inactive|Daniclo has 30 seconds left.\n|inactive|Frizuuuu has 30 seconds left.\n|inactive|Daniclo has 20 seconds left.\n|inactive|Daniclo has 15 seconds left.\n|inactive|Frizuuuu has 20 seconds left.\n|inactive|Daniclo has 10 seconds left.\n|inactive|Frizuuuu has 15 seconds left.\n|inactive|Frizuuuu has 10 seconds left.\n|inactive|Frizuuuu has 5 seconds left.\n|\n|t:|1776598434\n|detailschange|p1b: Drampa|Drampa-Mega, L50, M\n|-mega|p1b: Drampa|Drampa|Drampanite\n|move|p2b: Archaludon|Protect|p2b: Archaludon\n|-singleturn|p2b: Archaludon|Protect\n|move|p1b: Drampa|Protect|p1b: Drampa\n|-singleturn|p1b: Drampa|Protect\n|move|p2a: Pelipper|Weather Ball|p1a: Chandelure\n|-supereffective|p1a: Chandelure|1\n|-enditem|p1a: Chandelure|Focus Sash\n|-damage|p1a: Chandelure|1/100\n|move|p1a: Chandelure|Trick Room|p1a: Chandelure\n|-fieldstart|move: Trick Room|[of] p1a: Chandelure\n|\n|-weather|RainDance|[upkeep]\n|upkeep\n|turn|2\n|inactive|Daniclo has 30 seconds left.\n|inactive|Frizuuuu has 30 seconds left.\n|inactive|Daniclo has 20 seconds left.\n|inactive|Frizuuuu has 20 seconds left.\n|inactive|Daniclo has 15 seconds left.\n|inactive|Frizuuuu has 15 seconds left.\n|inactive|Frizuuuu has 10 seconds left.\n|\n|t:|1776598480\n|switch|p2b: Blastoise|Blastoise, L50, M, shiny|100/100\n|move|p1b: Drampa|Draco Meteor|p2b: Blastoise\n|-damage|p2b: Blastoise|4/100\n|-unboost|p1b: Drampa|spa|2\n|move|p1a: Chandelure|Will-O-Wisp|p2b: Blastoise\n|-status|p2b: Blastoise|brn\n|move|p2a: Pelipper|Weather Ball|p1a: Chandelure\n|-supereffective|p1a: Chandelure|1\n|-damage|p1a: Chandelure|0 fnt\n|faint|p1a: Chandelure\n|\n|-weather|RainDance|[upkeep]\n|-heal|p2b: Blastoise|9/100 brn|[from] ability: Rain Dish\n|-damage|p2b: Blastoise|4/100 brn|[from] brn\n|upkeep\n|\n|t:|1776598502\n|switch|p1a: Farigiraf|Farigiraf, L50, M|100/100\n|turn|3\n|inactive|Frizuuuu has 30 seconds left.\n|\n|t:|1776598527\n|detailschange|p2b: Blastoise|Blastoise-Mega, L50, M, shiny\n|-mega|p2b: Blastoise|Blastoise|Blastoisinite\n|move|p1b: Drampa|Hyper Voice|p2b: Blastoise|[spread] p2a,p2b\n|-damage|p2a: Pelipper|61/100\n|-damage|p2b: Blastoise|0 fnt\n|faint|p2b: Blastoise\n|move|p1a: Farigiraf|Hyper Voice|p2a: Pelipper\n|-damage|p2a: Pelipper|1/100\n|move|p2a: Pelipper|Hurricane|p1b: Drampa\n|-damage|p1b: Drampa|58/100\n|\n|-weather|RainDance|[upkeep]\n|upkeep\n|\n|t:|1776598543\n|switch|p2b: Archaludon|Archaludon, L50, M, shiny|100/100\n|turn|4\n|inactive|Daniclo has 30 seconds left.\n|\n|t:|1776598581\n|switch|p2a: Dragonite|Dragonite, L50, M, shiny|100/100\n|move|p1a: Farigiraf|Helping Hand|p1b: Drampa\n|-singleturn|p1b: Drampa|Helping Hand|[of] p1a: Farigiraf\n|move|p1b: Drampa|Draco Meteor|p2b: Archaludon\n|-damage|p2b: Archaludon|30/100\n|-unboost|p1b: Drampa|spa|2\n|-ability|p2b: Archaludon|Stamina|boost\n|-boost|p2b: Archaludon|def|1\n|move|p2b: Archaludon|Electro Shot||[still]\n|-prepare|p2b: Archaludon|Electro Shot\n|-boost|p2b: Archaludon|spa|1\n|-anim|p2b: Archaludon|Electro Shot|p1b: Drampa\n|-resisted|p1b: Drampa|1\n|-damage|p1b: Drampa|31/100\n|-ability|p1b: Drampa|Berserk|boost\n|-boost|p1b: Drampa|spa|1\n|\n|-weather|RainDance|[upkeep]\n|-heal|p2b: Archaludon|36/100|[from] item: Leftovers\n|upkeep\n|turn|5\n|inactive|Daniclo has 30 seconds left.\n|inactive|Frizuuuu has 30 seconds left.\n|\n|t:|1776598615\n|move|p1a: Farigiraf|Helping Hand|p1b: Drampa\n|-singleturn|p1b: Drampa|Helping Hand|[of] p1a: Farigiraf\n|move|p2b: Archaludon|Protect|p2b: Archaludon\n|-singleturn|p2b: Archaludon|Protect\n|move|p1b: Drampa|Draco Meteor|p2b: Archaludon\n|-activate|p2b: Archaludon|move: Protect\n|move|p2a: Dragonite|Hurricane|p1b: Drampa\n|-damage|p1b: Drampa|0 fnt\n|faint|p1b: Drampa\n|\n|-weather|none\n|-heal|p2b: Archaludon|42/100|[from] item: Leftovers\n|-fieldend|move: Trick Room\n|upkeep\n|\n|t:|1776598624\n|switch|p1b: Kingambit|Kingambit, L50, M|100/100\n|turn|6\n|inactive|Daniclo has 30 seconds left.\n|inactive|Frizuuuu has 30 seconds left.\n|\n|t:|1776598653\n|switch|p2a: Pelipper|Pelipper, L50, F, shiny|1/100\n|-weather|RainDance|[from] ability: Drizzle|[of] p2a: Pelipper\n|move|p2b: Archaludon|Electro Shot||[still]\n|-prepare|p2b: Archaludon|Electro Shot\n|-boost|p2b: Archaludon|spa|1\n|-anim|p2b: Archaludon|Electro Shot|p1b: Kingambit\n|-damage|p1b: Kingambit|12/100\n|move|p1b: Kingambit|Low Kick|p2b: Archaludon\n|-supereffective|p2b: Archaludon|1\n|-damage|p2b: Archaludon|14/100\n|-ability|p2b: Archaludon|Stamina|boost\n|-boost|p2b: Archaludon|def|1\n|move|p1a: Farigiraf|Trick Room|p1a: Farigiraf\n|-fieldstart|move: Trick Room|[of] p1a: Farigiraf\n|\n|-weather|RainDance|[upkeep]\n|-heal|p1b: Kingambit|18/100|[from] item: Leftovers\n|-heal|p2b: Archaludon|20/100|[from] item: Leftovers\n|upkeep\n|turn|7\n|inactive|Daniclo has 30 seconds left.\n|\n|t:|1776598679\n|switch|p2a: Dragonite|Dragonite, L50, M, shiny|100/100\n|move|p2b: Archaludon|Protect|p2b: Archaludon\n|-singleturn|p2b: Archaludon|Protect\n|move|p1b: Kingambit|Low Kick|p2b: Archaludon\n|-activate|p2b: Archaludon|move: Protect\n|move|p1a: Farigiraf|Hyper Voice|p2b: Archaludon|[spread] p2a\n|-activate|p2b: Archaludon|move: Protect\n|-damage|p2a: Dragonite|86/100\n|\n|-weather|RainDance|[upkeep]\n|-heal|p1b: Kingambit|24/100|[from] item: Leftovers\n|-heal|p2b: Archaludon|27/100|[from] item: Leftovers\n|upkeep\n|turn|8\n|inactive|Daniclo has 30 seconds left.\n|inactive|Frizuuuu has 30 seconds left.\n|inactive|Daniclo has 20 seconds left.\n|inactive|Frizuuuu has 20 seconds left.\n|\n|t:|1776598723\n|move|p1b: Kingambit|Low Kick|p2b: Archaludon\n|-supereffective|p2b: Archaludon|1\n|-damage|p2b: Archaludon|1/100\n|-ability|p2b: Archaludon|Stamina|boost\n|-boost|p2b: Archaludon|def|1\n|move|p1a: Farigiraf|Psychic|p2a: Dragonite\n|-damage|p2a: Dragonite|43/100\n|move|p2b: Archaludon|Electro Shot||[still]\n|-prepare|p2b: Archaludon|Electro Shot\n|-boost|p2b: Archaludon|spa|1\n|-anim|p2b: Archaludon|Electro Shot|p1b: Kingambit\n|-damage|p1b: Kingambit|0 fnt\n|faint|p1b: Kingambit\n|move|p2a: Dragonite|Hurricane|p1a: Farigiraf\n|-damage|p1a: Farigiraf|49/100\n|-enditem|p1a: Farigiraf|Sitrus Berry|[eat]\n|-heal|p1a: Farigiraf|73/100|[from] item: Sitrus Berry\n|\n|-weather|RainDance|[upkeep]\n|-heal|p2b: Archaludon|7/100|[from] item: Leftovers\n|upkeep\n|turn|9\n|c|\u2606Daniclo|omg\n|inactive|Frizuuuu has 30 seconds left.\n|\n|t:|1776598754\n|switch|p2b: Pelipper|Pelipper, L50, F, shiny|1/100\n|move|p1a: Farigiraf|Hyper Voice|p2b: Pelipper|[spread] p2a,p2b\n|-damage|p2a: Dragonite|12/100\n|-damage|p2b: Pelipper|0 fnt\n|faint|p2b: Pelipper\n|move|p2a: Dragonite|Draco Meteor|p1a: Farigiraf\n|-damage|p1a: Farigiraf|6/100\n|-unboost|p2a: Dragonite|spa|2\n|\n|-weather|RainDance|[upkeep]\n|upkeep\n|\n|t:|1776598767\n|switch|p2b: Archaludon|Archaludon, L50, M, shiny|7/100\n|turn|10\n|\n|t:|1776598774\n|move|p2b: Archaludon|Protect|p2b: Archaludon\n|-singleturn|p2b: Archaludon|Protect\n|move|p2a: Dragonite|Protect|p2a: Dragonite\n|-singleturn|p2a: Dragonite|Protect\n|move|p1a: Farigiraf|Hyper Voice|p2a: Dragonite|[spread] \n|-activate|p2a: Dragonite|move: Protect\n|-activate|p2b: Archaludon|move: Protect\n|\n|-weather|none\n|-heal|p2b: Archaludon|13/100|[from] item: Leftovers\n|-fieldend|move: Trick Room\n|upkeep\n|turn|11\n|c|\u2606Daniclo|gg\n|\n|t:|1776598795\n|move|p2a: Dragonite|Draco Meteor|p1a: Farigiraf\n|-damage|p1a: Farigiraf|0 fnt\n|-unboost|p2a: Dragonite|spa|2\n|faint|p1a: Farigiraf\n|\n|win|Frizuuuu\n|raw|Daniclo's rating: 1000 &rarr; <strong>1000</strong><br />(+0 for losing)\n|raw|Frizuuuu's rating: 1050 &rarr; <strong>1078</strong><br />(+28 for winning)\n|l|\u2606Daniclo\n|player|p1|\n",
  "uploadtime": 1776598809,
  "views": 18,
  "formatid": "gen9championsvgc2026regma",
  "rating": 1000,
  "private": 0,
  "password": null
}