{
  "id": "gen9championsvgc2026regma-2586037273",
  "format": "[Gen 9 Champions] VGC 2026 Reg M-A",
  "players": [
    "Saachan46",
    "shut_observer"
  ],
  "log": "|j|\u2606Saachan46\n|j|\u2606shut_observer\n|t:|1776392567\n|gametype|doubles\n|player|p1|Saachan46|170|1200\n|player|p2|shut_observer|caitlin|1192\n|gen|9\n|tier|[Gen 9 Champions] VGC 2026 Reg M-A\n|rated|\n|rule|Species Clause: Limit one of each Pok\u00e9mon\n|rule|Item Clause: Limit 1 of each item\n|clearpoke\n|poke|p1|Floette-Eternal, L50, F|\n|poke|p1|Aegislash, L50, M|\n|poke|p1|Incineroar, L50, M|\n|poke|p1|Sneasler, L50, M|\n|poke|p1|Rotom-Wash, L50|\n|poke|p1|Greninja-*, L50, F|\n|poke|p2|Glimmora, L50, M|\n|poke|p2|Tyranitar, L50, M|\n|poke|p2|Excadrill, L50, F|\n|poke|p2|Talonflame, L50, M|\n|poke|p2|Rotom-Mow, L50|\n|poke|p2|Gallade, L50, M|\n|teampreview|4\n|\n|t:|1776392619\n|teamsize|p1|4\n|teamsize|p2|4\n|start\n|switch|p1a: Incineroar|Incineroar, L50, M|100/100\n|switch|p1b: Greninja|Greninja, L50, F|100/100\n|switch|p2a: Talonflame|Talonflame, L50, M|100/100\n|switch|p2b: Glimmora|Glimmora, L50, M|100/100\n|-ability|p1a: Incineroar|Intimidate|boost\n|-unboost|p2a: Talonflame|atk|1\n|-unboost|p2b: Glimmora|atk|1\n|turn|1\n|\n|t:|1776392672\n|detailschange|p1b: Greninja|Greninja-Mega, L50, F\n|-mega|p1b: Greninja|Greninja|Greninjite\n|detailschange|p2b: Glimmora|Glimmora-Mega, L50, M\n|-mega|p2b: Glimmora|Glimmora|Glimmoranite\n|move|p1a: Incineroar|Helping Hand|p1b: Greninja\n|-singleturn|p1b: Greninja|Helping Hand|[of] p1a: Incineroar\n|move|p2a: Talonflame|Quick Guard|p2a: Talonflame\n|-singleturn|p2a: Talonflame|Quick Guard\n|move|p1b: Greninja|Extrasensory|p2b: Glimmora\n|-start|p1b: Greninja|typechange|Psychic|[from] ability: Protean\n|-supereffective|p2b: Glimmora|1\n|-damage|p2b: Glimmora|0 fnt\n|faint|p2b: Glimmora\n|\n|upkeep\n|\n|t:|1776392691\n|switch|p2b: Excadrill|Excadrill, L50, F|100/100\n|turn|2\n|\n|t:|1776392700\n|switch|p1a: Rotom|Rotom-Wash, L50|100/100\n|move|p2a: Talonflame|Tailwind|p2a: Talonflame\n|-sidestart|p2: shut_observer|move: Tailwind\n|move|p1b: Greninja|Water Shuriken|p2a: Talonflame\n|-supereffective|p2a: Talonflame|1\n|-damage|p2a: Talonflame|81/100\n|-supereffective|p2a: Talonflame|1\n|-damage|p2a: Talonflame|61/100\n|-hitcount|p2a: Talonflame|2\n|move|p2b: Excadrill|High Horsepower|p1a: Rotom\n|-immune|p1a: Rotom|[from] ability: Levitate\n|\n|upkeep\n|turn|3\n|\n|t:|1776392727\n|switch|p1a: Incineroar|Incineroar, L50, M|100/100\n|-ability|p1a: Incineroar|Intimidate|boost\n|-unboost|p2a: Talonflame|atk|1\n|-unboost|p2b: Excadrill|atk|1\n|move|p1b: Greninja|Water Shuriken|p2a: Talonflame\n|-supereffective|p2a: Talonflame|1\n|-damage|p2a: Talonflame|44/100\n|-supereffective|p2a: Talonflame|1\n|-damage|p2a: Talonflame|25/100\n|-supereffective|p2a: Talonflame|1\n|-damage|p2a: Talonflame|6/100\n|-supereffective|p2a: Talonflame|1\n|-damage|p2a: Talonflame|0 fnt\n|faint|p2a: Talonflame\n|-hitcount|p2: Talonflame|4\n|move|p2b: Excadrill|High Horsepower|p1b: Greninja\n|-damage|p1b: Greninja|51/100\n|\n|upkeep\n|\n|t:|1776392741\n|switch|p2a: Rotom|Rotom-Mow, L50|100/100\n|turn|4\n|\n|t:|1776392750\n|move|p1a: Incineroar|Fake Out|p2a: Rotom\n|-damage|p2a: Rotom|88/100\n|move|p1b: Greninja|Water Shuriken|p2b: Excadrill\n|-supereffective|p2b: Excadrill|1\n|-crit|p2b: Excadrill\n|-damage|p2b: Excadrill|75/100\n|-supereffective|p2b: Excadrill|1\n|-damage|p2b: Excadrill|58/100\n|-supereffective|p2b: Excadrill|1\n|-damage|p2b: Excadrill|41/100\n|-hitcount|p2b: Excadrill|3\n|move|p2b: Excadrill|High Horsepower|p1a: Incineroar\n|-supereffective|p1a: Incineroar|1\n|-damage|p1a: Incineroar|46/100\n|-enditem|p1a: Incineroar|Sitrus Berry|[eat]\n|-heal|p1a: Incineroar|71/100|[from] item: Sitrus Berry\n|cant|p2a: Rotom|flinch\n|\n|upkeep\n|turn|5\n|-message|shut_observer forfeited.\n|\n|win|Saachan46\n|raw|Saachan46's rating: 1200 &rarr; <strong>1224</strong><br />(+24 for winning)\n|raw|shut_observer's rating: 1192 &rarr; <strong>1168</strong><br />(-24 for losing)\n|l|\u2606shut_observer\n|player|p2|\n",
  "uploadtime": 1776392763,
  "views": 31,
  "formatid": "gen9championsvgc2026regma",
  "rating": 1168,
  "private": 0,
  "password": null
}