{
  "id": "gen9championsvgc2026regma-2580735604",
  "format": "[Gen 9 Champions] VGC 2026 Reg M-A",
  "players": [
    "L0n31yGam3r",
    "gomb#360"
  ],
  "log": "|j|\u2606L0n31yGam3r\n|j|\u2606gomb#360\n|t:|1775928227\n|gametype|doubles\n|player|p1|L0n31yGam3r|n|1075\n|player|p2|gomb#360|265|1033\n|gen|9\n|tier|[Gen 9 Champions] VGC 2026 Reg M-A\n|rated|\n|rule|Species Clause: Limit one of each Pok\u00e9mon\n|rule|Item Clause: Limit 1 of each item\n|clearpoke\n|poke|p1|Incineroar, L50, M|\n|poke|p1|Roserade, L50, M|\n|poke|p1|Farigiraf, L50, M|\n|poke|p1|Goodra-Hisui, L50, F|\n|poke|p1|Scizor, L50, F|\n|poke|p1|Politoed, L50, F|\n|poke|p2|Sinistcha-Masterpiece, L50|\n|poke|p2|Incineroar, L50, M|\n|poke|p2|Corviknight, L50, M|\n|poke|p2|Tyranitar, L50, M|\n|poke|p2|Kommo-o, L50, F|\n|poke|p2|Slowbro, L50, F|\n|teampreview|4\nL0n31yGam3r rejected open team sheets.\n|\n|t:|1775928267\n|teamsize|p1|4\n|teamsize|p2|4\n|start\n|switch|p1a: Lorenz|Incineroar, L50, M|100/100\n|switch|p1b: Goopy|Goodra-Hisui, L50, F|100/100\n|switch|p2a: Kommo-o|Kommo-o, L50, F, shiny|100/100\n|switch|p2b: Sinistcha|Sinistcha-Masterpiece, L50, shiny|100/100\n|-ability|p1a: Lorenz|Intimidate|boost\n|-unboost|p2a: Kommo-o|atk|1\n|-unboost|p2b: Sinistcha|atk|1\n|turn|1\n|\n|t:|1775928301\n|switch|p2b: Slowbro|Slowbro, L50, F, shiny|100/100\n|move|p2a: Kommo-o|Protect|p2a: Kommo-o\n|-singleturn|p2a: Kommo-o|Protect\n|move|p1a: Lorenz|Fake Out|p2a: Kommo-o\n|-activate|p2a: Kommo-o|move: Protect\n|move|p1b: Goopy|Shelter|p1b: Goopy\n|-boost|p1b: Goopy|def|2\n|\n|upkeep\n|turn|2\n|\n|t:|1775928341\n|detailschange|p2b: Slowbro|Slowbro-Mega, L50, F, shiny\n|-mega|p2b: Slowbro|Slowbro|Slowbronite\n|move|p2a: Kommo-o|Iron Defense|p2a: Kommo-o\n|-boost|p2a: Kommo-o|def|2\n|move|p1a: Lorenz|Parting Shot|p2a: Kommo-o\n|-unboost|p2a: Kommo-o|atk|1\n|-unboost|p2a: Kommo-o|spa|1\n|\n|t:|1775928349\n|switch|p1a: Crunch|Scizor, L50, F|100/100|[from] Parting Shot\n|move|p1b: Goopy|Shelter|p1b: Goopy\n|-boost|p1b: Goopy|def|2\n|move|p2b: Slowbro|Iron Defense|p2b: Slowbro\n|-boost|p2b: Slowbro|def|2\n|\n|upkeep\n|turn|3\n|\n|t:|1775928368\n|detailschange|p1a: Crunch|Scizor-Mega, L50, F\n|-mega|p1a: Crunch|Scizor|Scizorite\n|move|p2a: Kommo-o|Body Press|p1a: Crunch\n|-damage|p1a: Crunch|49/100\n|move|p1a: Crunch|Knock Off|p2b: Slowbro\n|-supereffective|p2b: Slowbro|1\n|-damage|p2b: Slowbro|87/100\n|move|p1b: Goopy|Thunderbolt|p2b: Slowbro\n|-supereffective|p2b: Slowbro|1\n|-damage|p2b: Slowbro|51/100\n|move|p2b: Slowbro|Iron Defense|p2b: Slowbro\n|-boost|p2b: Slowbro|def|2\n|\n|upkeep\n|turn|4\n|\n|t:|1775928388\n|move|p1a: Crunch|Protect|p1a: Crunch\n|-singleturn|p1a: Crunch|Protect\n|move|p2a: Kommo-o|Body Press|p1b: Goopy\n|-supereffective|p1b: Goopy|1\n|-damage|p1b: Goopy|58/100\n|-ability|p1b: Goopy|Gooey\n|-unboost|p2a: Kommo-o|spe|1\n|move|p1b: Goopy|Life Dew|p1b: Goopy|[spread] p1a,p1b\n|-heal|p1a: Crunch|74/100\n|-heal|p1b: Goopy|83/100\n|move|p2b: Slowbro|Body Press|p1a: Crunch\n|-activate|p1a: Crunch|move: Protect\n|\n|upkeep\n|turn|5\n|\n|t:|1775928451\n|switch|p1a: Lorenz|Incineroar, L50, M|100/100\n|-ability|p1a: Lorenz|Intimidate|boost\n|-unboost|p2a: Kommo-o|atk|1\n|-unboost|p2b: Slowbro|atk|1\n|move|p2b: Slowbro|Protect|p2b: Slowbro\n|-singleturn|p2b: Slowbro|Protect\n|move|p2a: Kommo-o|Body Press|p1a: Lorenz\n|-supereffective|p1a: Lorenz|1\n|-damage|p1a: Lorenz|0 fnt\n|faint|p1a: Lorenz\n|move|p1b: Goopy|Thunderbolt|p2b: Slowbro\n|-activate|p2b: Slowbro|move: Protect\n|\n|upkeep\n|\n|t:|1775928460\n|switch|p1a: Wet|Politoed, L50, F|100/100\n|-weather|RainDance|[from] ability: Drizzle|[of] p1a: Wet\n|turn|6\n|\n|t:|1775928472\n|move|p1a: Wet|Helping Hand|p1b: Goopy\n|-singleturn|p1b: Goopy|Helping Hand|[of] p1a: Wet\n|move|p2a: Kommo-o|Body Press|p1b: Goopy\n|-supereffective|p1b: Goopy|1\n|-damage|p1b: Goopy|37/100\n|-ability|p1b: Goopy|Gooey\n|-unboost|p2a: Kommo-o|spe|1\n|move|p1b: Goopy|Thunderbolt|p2b: Slowbro\n|-supereffective|p2b: Slowbro|1\n|-damage|p2b: Slowbro|0 fnt\n|faint|p2b: Slowbro\n|\n|-weather|RainDance|[upkeep]\n|upkeep\n|\n|t:|1775928490\n|switch|p2b: Corviknight|Corviknight, L50, M, shiny|100/100\n|turn|7\n|\n|t:|1775928512\n|switch|p2b: Sinistcha|Sinistcha-Masterpiece, L50, shiny|100/100\n|switch|p1b: Crunch|Scizor-Mega, L50, F|74/100\n|move|p1a: Wet|Weather Ball|p2a: Kommo-o\n|-resisted|p2a: Kommo-o|1\n|-damage|p2a: Kommo-o|77/100\n|move|p2a: Kommo-o|Body Press|p1b: Crunch\n|-damage|p1b: Crunch|23/100\n|\n|-weather|RainDance|[upkeep]\n|upkeep\n|turn|8\n|\n|t:|1775928533\n|move|p1a: Wet|Weather Ball|p2a: Kommo-o\n|-resisted|p2a: Kommo-o|1\n|-damage|p2a: Kommo-o|53/100\n|move|p2b: Sinistcha|Life Dew||[still]|[spread] p2a,p2b\n|-heal|p2a: Kommo-o|79/100\n|-fail|p2b: Sinistcha|heal\n|move|p1b: Crunch|Knock Off|p2b: Sinistcha\n|-supereffective|p2b: Sinistcha|1\n|-damage|p2b: Sinistcha|20/100\n|-enditem|p2b: Sinistcha|Leftovers|[from] move: Knock Off|[of] p1b: Crunch\n|move|p2a: Kommo-o|Body Press|p1a: Wet\n|-damage|p1a: Wet|29/100\n|\n|-weather|RainDance|[upkeep]\n|-heal|p1a: Wet|35/100|[from] item: Leftovers\n|upkeep\n|turn|9\n|\n|t:|1775928566\n|switch|p2b: Corviknight|Corviknight, L50, M, shiny|100/100\n|move|p1b: Crunch|Bullet Punch|p2b: Corviknight\n|-resisted|p2b: Corviknight|1\n|-damage|p2b: Corviknight|84/100\n|move|p1a: Wet|Weather Ball|p2a: Kommo-o\n|-resisted|p2a: Kommo-o|1\n|-crit|p2a: Kommo-o\n|-damage|p2a: Kommo-o|42/100\n|move|p2a: Kommo-o|Body Press|p1b: Crunch\n|-damage|p1b: Crunch|0 fnt\n|faint|p1b: Crunch\n|\n|-weather|RainDance|[upkeep]\n|-heal|p1a: Wet|41/100|[from] item: Leftovers\n|upkeep\n|\n|t:|1775928569\n|switch|p1b: Goopy|Goodra-Hisui, L50, F|37/100\n|turn|10\n|\n|t:|1775928603\n|move|p2a: Kommo-o|Protect|p2a: Kommo-o\n|-singleturn|p2a: Kommo-o|Protect\n|move|p2b: Corviknight|Brave Bird|p1a: Wet\n|-damage|p1a: Wet|4/100\n|-damage|p2b: Corviknight|72/100|[from] Recoil\n|move|p1a: Wet|Weather Ball|p2a: Kommo-o\n|-activate|p2a: Kommo-o|move: Protect\n|move|p1b: Goopy|Thunderbolt|p2b: Corviknight\n|-supereffective|p2b: Corviknight|1\n|-damage|p2b: Corviknight|20/100\n|-enditem|p2b: Corviknight|Sitrus Berry|[eat]\n|-heal|p2b: Corviknight|45/100|[from] item: Sitrus Berry\n|\n|-weather|none\n|-heal|p1a: Wet|10/100|[from] item: Leftovers\n|upkeep\n|turn|11\n|\n|t:|1775928632\n|switch|p2a: Sinistcha|Sinistcha-Masterpiece, L50, shiny|20/100\n|-heal|p2b: Corviknight|70/100|[from] ability: Hospitality|[of] p2a: Sinistcha\n|move|p1a: Wet|Protect|p1a: Wet\n|-singleturn|p1a: Wet|Protect\n|move|p2b: Corviknight|Roost|p2b: Corviknight\n|-heal|p2b: Corviknight|100/100\n|-singleturn|p2b: Corviknight|move: Roost\n|move|p1b: Goopy|Life Dew|p1b: Goopy|[spread] p1a,p1b\n|-heal|p1a: Wet|35/100\n|-heal|p1b: Goopy|62/100\n|\n|-heal|p1a: Wet|41/100|[from] item: Leftovers\n|upkeep\n|turn|12\n|\n|t:|1775928658\n|move|p2b: Corviknight|Brave Bird|p1a: Wet\n|-damage|p1a: Wet|0 fnt\n|faint|p1a: Wet\n|-damage|p2b: Corviknight|88/100|[from] Recoil\n|move|p2a: Sinistcha|Matcha Gotcha|p1b: Goopy|[miss]\n|-miss|p2a: Sinistcha|p1b: Goopy\n|move|p1b: Goopy|Life Dew|p1b: Goopy\n|-heal|p1b: Goopy|87/100\n|\n|upkeep\n|turn|13\n|\n|t:|1775928679\n|move|p2b: Corviknight|Bulk Up|p2b: Corviknight\n|-boost|p2b: Corviknight|atk|1\n|-boost|p2b: Corviknight|def|1\n|move|p2a: Sinistcha|Life Dew|p2a: Sinistcha|[spread] p2a,p2b\n|-heal|p2a: Sinistcha|45/100\n|-heal|p2b: Corviknight|100/100\n|move|p1b: Goopy|Thunderbolt|p2a: Sinistcha\n|-resisted|p2a: Sinistcha|1\n|-damage|p2a: Sinistcha|31/100\n|\n|upkeep\n|turn|14\n|\n|t:|1775928692\n|move|p2b: Corviknight|Iron Head|p1b: Goopy\n|-resisted|p1b: Goopy|1\n|-damage|p1b: Goopy|67/100\n|-ability|p1b: Goopy|Gooey\n|-ability|p2b: Corviknight|Mirror Armor\n|-unboost|p1b: Goopy|spe|1\n|move|p2a: Sinistcha|Matcha Gotcha|p1b: Goopy|[miss]\n|-miss|p2a: Sinistcha|p1b: Goopy\n|move|p1b: Goopy|Shelter|p1b: Goopy\n|-boost|p1b: Goopy|def|2\n|\n|upkeep\n|turn|15\n|\n|t:|1775928714\n|move|p2b: Corviknight|Iron Head|p1b: Goopy\n|-resisted|p1b: Goopy|1\n|-damage|p1b: Goopy|56/100\n|-ability|p1b: Goopy|Gooey\n|-ability|p2b: Corviknight|Mirror Armor\n|-unboost|p1b: Goopy|spe|1\n|move|p2a: Sinistcha|Matcha Gotcha|p1b: Goopy|[miss]\n|-miss|p2a: Sinistcha|p1b: Goopy\n|move|p1b: Goopy|Life Dew|p1b: Goopy\n|-heal|p1b: Goopy|81/100\n|\n|upkeep\n|turn|16\n|\n|t:|1775928732\n|switch|p2a: Kommo-o|Kommo-o, L50, F, shiny|42/100\n|move|p2b: Corviknight|Iron Head|p1b: Goopy\n|-resisted|p1b: Goopy|1\n|-damage|p1b: Goopy|72/100\n|-ability|p1b: Goopy|Gooey\n|-ability|p2b: Corviknight|Mirror Armor\n|-unboost|p1b: Goopy|spe|1\n|cant|p1b: Goopy|flinch\n|\n|upkeep\n|turn|17\n|\n|t:|1775928747\n|move|p2a: Kommo-o|Body Press|p1b: Goopy\n|-supereffective|p1b: Goopy|1\n|-damage|p1b: Goopy|40/100\n|-ability|p1b: Goopy|Gooey\n|-unboost|p2a: Kommo-o|spe|1\n|move|p2b: Corviknight|Brave Bird|p1b: Goopy\n|-resisted|p1b: Goopy|1\n|-damage|p1b: Goopy|24/100\n|-ability|p1b: Goopy|Gooey\n|-ability|p2b: Corviknight|Mirror Armor\n|-unboost|p1b: Goopy|spe|1\n|-damage|p2b: Corviknight|96/100|[from] Recoil\n|move|p1b: Goopy|Shelter|p1b: Goopy\n|-boost|p1b: Goopy|def|2\n|\n|upkeep\n|turn|18\n|\n|t:|1775928766\n|move|p2b: Corviknight|Brave Bird|p1b: Goopy\n|-resisted|p1b: Goopy|1\n|-damage|p1b: Goopy|13/100\n|-ability|p1b: Goopy|Gooey\n|-ability|p2b: Corviknight|Mirror Armor\n|-unboost|p1b: Goopy|spe|1\n|-damage|p2b: Corviknight|92/100|[from] Recoil\n|move|p2a: Kommo-o|Body Press|p1b: Goopy\n|-supereffective|p1b: Goopy|1\n|-damage|p1b: Goopy|0 fnt\n|-ability|p1b: Goopy|Gooey\n|-unboost|p2a: Kommo-o|spe|1\n|faint|p1b: Goopy\n|\n|win|gomb#360\n|raw|L0n31yGam3r's rating: 1075 &rarr; <strong>1051</strong><br />(-24 for losing)\n|raw|gomb#360's rating: 1033 &rarr; <strong>1072</strong><br />(+39 for winning)\n|c|\u2606L0n31yGam3r|gg\n|c|\u2606gomb#360|Gg\n|l|\u2606L0n31yGam3r\n|player|p1|\n",
  "uploadtime": 1775928788,
  "views": 25,
  "formatid": "gen9championsvgc2026regma",
  "rating": 1051,
  "private": 0,
  "password": null
}