{
  "id": "gen9championsvgc2026regma-2581233113",
  "format": "[Gen 9 Champions] VGC 2026 Reg M-A",
  "players": [
    "korinn",
    "Bepis39"
  ],
  "log": "|j|\u2606korinn\n|j|\u2606Bepis39\n|t:|1775974009\n|gametype|doubles\n|player|p1|korinn|169|1268\n|player|p2|Bepis39|miku-water|1193\n|gen|9\n|tier|[Gen 9 Champions] VGC 2026 Reg M-A\n|rated|\n|rule|Species Clause: Limit one of each Pok\u00e9mon\n|rule|Item Clause: Limit 1 of each item\n|clearpoke\n|poke|p1|Blastoise, L50, M|\n|poke|p1|Talonflame, L50, F|\n|poke|p1|Sinistcha, L50|\n|poke|p1|Garchomp, L50, M|\n|poke|p1|Corviknight, L50, F|\n|poke|p1|Sylveon, L50, F|\n|poke|p2|Floette-Eternal, L50, F|\n|poke|p2|Aerodactyl, L50, F|\n|poke|p2|Incineroar, L50, F|\n|poke|p2|Garchomp, L50, M|\n|poke|p2|Sneasler, L50, F|\n|poke|p2|Basculegion, L50, M|\n|teampreview|4\n|\n|t:|1775974079\n|teamsize|p1|4\n|teamsize|p2|4\n|start\n|switch|p1a: Talonflame|Talonflame, L50, F|100/100\n|switch|p1b: Blastoise|Blastoise, L50, M|100/100\n|switch|p2a: Sneasler|Sneasler, L50, F|100/100\n|switch|p2b: Aerodactyl|Aerodactyl, L50, F|100/100\n|-ability|p2b: Aerodactyl|Unnerve\n|turn|1\n|\n|t:|1775974094\n|detailschange|p1b: Blastoise|Blastoise-Mega, L50, M\n|-mega|p1b: Blastoise|Blastoise|Blastoisinite\n|move|p1a: Talonflame|Quick Guard|p1a: Talonflame\n|-singleturn|p1a: Talonflame|Quick Guard\n|move|p2a: Sneasler|Fake Out|p1b: Blastoise\n|-activate|p1b: Blastoise|move: Quick Guard\n|move|p2b: Aerodactyl|Rock Slide|p1b: Blastoise|[spread] p1a,p1b\n|-supereffective|p1a: Talonflame|2\n|-damage|p1a: Talonflame|0 fnt\n|-damage|p1b: Blastoise|75/100\n|faint|p1a: Talonflame\n|move|p1b: Blastoise|Water Spout|p2b: Aerodactyl|[spread] p2a,p2b\n|-supereffective|p2b: Aerodactyl|1\n|-damage|p2a: Sneasler|30/100\n|-enditem|p2b: Aerodactyl|Focus Sash\n|-damage|p2b: Aerodactyl|1/100\n|\n|upkeep\n|\n|t:|1775974108\n|switch|p1a: Garchomp|Garchomp, L50, M|100/100\n|turn|2\n|\n|t:|1775974124\n|move|p1a: Garchomp|Rock Slide|p2a: Sneasler|[spread] p2a,p2b\n|-resisted|p2a: Sneasler|1\n|-supereffective|p2b: Aerodactyl|1\n|-damage|p2a: Sneasler|12/100\n|-damage|p2b: Aerodactyl|0 fnt\n|faint|p2b: Aerodactyl\n|cant|p2a: Sneasler|flinch\n|move|p1b: Blastoise|Water Spout|p2a: Sneasler\n|-damage|p2a: Sneasler|0 fnt\n|faint|p2a: Sneasler\n|\n|upkeep\n|\n|t:|1775974134\n|switch|p2b: Floette|Floette-Eternal, L50, F|100/100\n|switch|p2a: Basculegion|Basculegion, L50, M|100/100\n|turn|3\n|\n|t:|1775974150\n|detailschange|p2b: Floette|Floette-Mega, L50, F\n|-mega|p2b: Floette|Floette|Floettite\n|-ability|p2b: Floette|Fairy Aura\n|move|p1a: Garchomp|Rock Slide|p2a: Basculegion|[spread] p2a,p2b\n|-crit|p2a: Basculegion\n|-crit|p2b: Floette\n|-damage|p2a: Basculegion|59/100\n|-damage|p2b: Floette|59/100\n|cant|p2a: Basculegion|flinch\n|move|p2b: Floette|Dazzling Gleam|p1b: Blastoise|[spread] p1a,p1b\n|-supereffective|p1a: Garchomp|1\n|-damage|p1a: Garchomp|0 fnt\n|-damage|p1b: Blastoise|26/100\n|faint|p1a: Garchomp\n|move|p1b: Blastoise|Dark Pulse|p2a: Basculegion\n|-supereffective|p2a: Basculegion|1\n|-damage|p2a: Basculegion|0 fnt\n|faint|p2a: Basculegion\n|\n|upkeep\n|\n|t:|1775974161\n|switch|p1a: Corviknight|Corviknight, L50, F|100/100\n|turn|4\n|c|\u2606Bepis39|double crit and a flinch is insane bruh\n|\n|t:|1775974187\n|move|p2b: Floette|Moonblast|p1b: Blastoise\n|-damage|p1b: Blastoise|0 fnt\n|faint|p1b: Blastoise\n|move|p1a: Corviknight|Brave Bird|p2b: Floette\n|-damage|p2b: Floette|12/100\n|-damage|p1a: Corviknight|89/100|[from] Recoil\n|\n|-heal|p1a: Corviknight|95/100|[from] item: Leftovers\n|upkeep\n|turn|5\n|\n|t:|1775974200\n|move|p2b: Floette|Moonblast|p1a: Corviknight\n|-resisted|p1a: Corviknight|1\n|-damage|p1a: Corviknight|66/100\n|move|p1a: Corviknight|Brave Bird|p2b: Floette\n|-damage|p2b: Floette|0 fnt\n|faint|p2b: Floette\n|-damage|p1a: Corviknight|63/100|[from] Recoil\n|\n|win|korinn\n|raw|korinn's rating: 1268 &rarr; <strong>1288</strong><br />(+20 for winning)\n|raw|Bepis39's rating: 1193 &rarr; <strong>1173</strong><br />(-20 for losing)\n",
  "uploadtime": 1775974235,
  "views": 15,
  "formatid": "gen9championsvgc2026regma",
  "rating": 1173,
  "private": 0,
  "password": null
}