{
  "id": "gen9championsvgc2026regma-2586515532",
  "format": "[Gen 9 Champions] VGC 2026 Reg M-A",
  "players": [
    "gholdengogobbler",
    "biglewt"
  ],
  "log": "|j|\u203dgholdengogobbler\n|j|\u2606biglewt\n|t:|1776439970\n|gametype|doubles\n|player|p1|gholdengogobbler|rainbowrocketgruntf|1089\n|player|p2|biglewt|170|1185\n|gen|9\n|tier|[Gen 9 Champions] VGC 2026 Reg M-A\n|rated|\n|rule|Species Clause: Limit one of each Pok\u00e9mon\n|rule|Item Clause: Limit 1 of each item\n|clearpoke\n|poke|p1|Starmie, L50|\n|poke|p1|Passimian, L50, M|\n|poke|p1|Sableye, L50, M|\n|poke|p1|Alcremie-Rainbow-Swirl, L50, F|\n|poke|p1|Drampa, L50, F|\n|poke|p1|Pelipper, L50, M|\n|poke|p2|Farigiraf, L50, F|\n|poke|p2|Camerupt, L50, F|\n|poke|p2|Sneasler, L50, F|\n|poke|p2|Basculegion, L50, M|\n|poke|p2|Incineroar, L50, M|\n|poke|p2|Drampa, L50, M|\n|teampreview|4\n|inactive|Battle timer is ON: inactive players will automatically lose when time's up. (requested by gholdengogobbler)\ngholdengogobbler has agreed to open team sheets.\n|\n|t:|1776439995\n|teamsize|p1|4\n|teamsize|p2|4\n|start\n|switch|p1a: Starmie|Starmie, L50, shiny|100/100\n|switch|p1b: Passimian|Passimian, L50, M, shiny|100/100\n|switch|p2a: Farigiraf|Farigiraf, L50, F|100/100\n|switch|p2b: Camerupt|Camerupt, L50, F|100/100\n|turn|1\n|inactive|biglewt has 30 seconds left.\n|\n|t:|1776440020\n|switch|p2a: Incineroar|Incineroar, L50, M|100/100\n|-ability|p2a: Incineroar|Intimidate|boost\n|-unboost|p1a: Starmie|atk|1\n|-unboost|p1b: Passimian|atk|1\n|-enditem|p1b: Passimian|White Herb\n|-clearnegativeboost|p1b: Passimian|[silent]\n|switch|p2b: Drampa|Drampa, L50, M|100/100\n|-ability|p2b: Drampa|Cloud Nine\n|detailschange|p1a: Starmie|Starmie-Mega, L50, shiny\n|-mega|p1a: Starmie|Starmie|Starminite\n|move|p1a: Starmie|Liquidation|p2b: Drampa\n|-resisted|p2b: Drampa|1\n|-damage|p2b: Drampa|76/100\n|move|p1b: Passimian|Coaching|p1a: Starmie\n|-boost|p1a: Starmie|atk|1\n|-boost|p1a: Starmie|def|1\n|\n|upkeep\n|turn|2\n|inactive|gholdengogobbler has 30 seconds left.\n|inactive|biglewt has 30 seconds left.\n|inactive|gholdengogobbler has 20 seconds left.\n|\n|t:|1776440058\n|switch|p2b: Farigiraf|Farigiraf, L50, F|100/100\n|move|p1a: Starmie|Protect|p1a: Starmie\n|-singleturn|p1a: Starmie|Protect\n|move|p2a: Incineroar|Fake Out|p1a: Starmie\n|-activate|p1a: Starmie|move: Protect\n|move|p1b: Passimian|Coaching|p1a: Starmie\n|-boost|p1a: Starmie|atk|1\n|-boost|p1a: Starmie|def|1\n|\n|upkeep\n|turn|3\n|inactive|gholdengogobbler has 30 seconds left.\n|inactive|biglewt has 30 seconds left.\n|\n|t:|1776440085\n|move|p1a: Starmie|Liquidation|p2a: Incineroar\n|-supereffective|p2a: Incineroar|1\n|-damage|p2a: Incineroar|0 fnt\n|faint|p2a: Incineroar\n|move|p1b: Passimian|Coaching|p1a: Starmie\n|-boost|p1a: Starmie|atk|1\n|-boost|p1a: Starmie|def|1\n|move|p2b: Farigiraf|Trick Room|p2b: Farigiraf\n|-fieldstart|move: Trick Room|[of] p2b: Farigiraf\n|\n|upkeep\n|\n|t:|1776440102\n|switch|p2a: Drampa|Drampa, L50, M|76/100\n|-ability|p2a: Drampa|Cloud Nine\n|turn|4\n|\n|t:|1776440123\n|move|p1b: Passimian|Protect|p1b: Passimian\n|-singleturn|p1b: Passimian|Protect\n|move|p2a: Drampa|Hyper Voice|p1b: Passimian|[spread] p1a\n|-activate|p1b: Passimian|move: Protect\n|-damage|p1a: Starmie|52/100\n|move|p2b: Farigiraf|Psychic|p1b: Passimian\n|-activate|p1b: Passimian|move: Protect\n|move|p1a: Starmie|Self-Destruct|p2b: Farigiraf|[spread] p2a,p2b\n|-activate|p1b: Passimian|move: Protect\n|-damage|p2a: Drampa|0 fnt\n|-damage|p2b: Farigiraf|0 fnt\n|faint|p1a: Starmie\n|-ability|p1b: Passimian|Huge Power|Receiver|[from] ability: Receiver|[of] p1a: Starmie\n|faint|p2a: Drampa\n|faint|p2b: Farigiraf\n|\n|upkeep\n|\n|t:|1776440145\n|switch|p2b: Camerupt|Camerupt, L50, F|100/100\n|switch|p1a: Alcremie|Alcremie-Rainbow-Swirl, L50, F, shiny|100/100\n|turn|5\n|\n|t:|1776440162\n|detailschange|p2b: Camerupt|Camerupt-Mega, L50, F\n|-mega|p2b: Camerupt|Camerupt|Cameruptite\n|move|p2b: Camerupt|Eruption|p1b: Passimian|[spread] p1a,p1b\n|-damage|p1a: Alcremie|58/100\n|-damage|p1b: Passimian|0 fnt\n|faint|p1b: Passimian\n|move|p1a: Alcremie|Decorate|p1: Passimian|[notarget]\n|-fail|p1a: Alcremie\n|\n|upkeep\n|\n|t:|1776440175\n|switch|p1b: Sableye|Sableye, L50, M, shiny|100/100\n|turn|6\n|\n|t:|1776440187\n|move|p1b: Sableye|Fake Out|p2b: Camerupt\n|-damage|p2b: Camerupt|93/100\n|cant|p2b: Camerupt|flinch\n|move|p1a: Alcremie|Alluring Voice|p2b: Camerupt\n|-resisted|p2b: Camerupt|1\n|-damage|p2b: Camerupt|78/100\n|\n|upkeep\n|turn|7\n|\n|t:|1776440209\n|move|p2b: Camerupt|Eruption|p1a: Alcremie|[spread] p1a,p1b\n|-damage|p1a: Alcremie|21/100\n|-damage|p1b: Sableye|2/100\n|-enditem|p1a: Alcremie|Sitrus Berry|[eat]\n|-heal|p1a: Alcremie|46/100|[from] item: Sitrus Berry\n|move|p1a: Alcremie|Mystical Fire|p2b: Camerupt\n|-resisted|p2b: Camerupt|1\n|-damage|p2b: Camerupt|68/100\n|-unboost|p2b: Camerupt|spa|1\n|move|p1b: Sableye|Foul Play|p2b: Camerupt\n|-damage|p2b: Camerupt|27/100\n|\n|-fieldend|move: Trick Room\n|upkeep\n|turn|8\n|\n|t:|1776440228\n|move|p1b: Sableye|Foul Play|p2b: Camerupt\n|-damage|p2b: Camerupt|0 fnt\n|faint|p2b: Camerupt\n|\n|win|gholdengogobbler\n|raw|gholdengogobbler's rating: 1089 &rarr; <strong>1123</strong><br />(+34 for winning)\n|raw|biglewt's rating: 1185 &rarr; <strong>1153</strong><br />(-32 for losing)\n",
  "uploadtime": 1776440234,
  "views": 27,
  "formatid": "gen9championsvgc2026regma",
  "rating": 1123,
  "private": 0,
  "password": null
}