{
  "id": "gen9championsvgc2026regma-2583965069",
  "format": "[Gen 9 Champions] VGC 2026 Reg M-A",
  "players": [
    "swbthj",
    "Kalaphant"
  ],
  "log": "|j|\u2606swbthj\n|j|\u2606Kalaphant\n|t:|1776212427\n|gametype|doubles\n|player|p1|swbthj|skyla|1350\n|player|p2|Kalaphant|1|1262\n|gen|9\n|tier|[Gen 9 Champions] VGC 2026 Reg M-A\n|rated|\n|rule|Species Clause: Limit one of each Pok\u00e9mon\n|rule|Item Clause: Limit 1 of each item\n|clearpoke\n|poke|p1|Charizard, L50, F|\n|poke|p1|Whimsicott, L50, F|\n|poke|p1|Garchomp, L50, F|\n|poke|p1|Corviknight, L50, M|\n|poke|p1|Incineroar, L50, M|\n|poke|p1|Rotom-Wash, L50|\n|poke|p2|Floette-Eternal, L50, F|\n|poke|p2|Incineroar, L50, M|\n|poke|p2|Charizard, L50, M|\n|poke|p2|Sneasler, L50, F|\n|poke|p2|Sinistcha, L50|\n|poke|p2|Garchomp, L50, F|\n|teampreview|4\n|inactive|Battle timer is ON: inactive players will automatically lose when time's up. (requested by Kalaphant)\n|c|\u2606Kalaphant|glhf\nKalaphant has agreed to open team sheets.\n|inactive|swbthj has 60 seconds left.\n|inactive|Kalaphant has 60 seconds left.\n|inactive|swbthj has 30 seconds left.\n|inactive|swbthj has 20 seconds left.\n|inactive|swbthj has 15 seconds left.\n|inactive|swbthj has 10 seconds left.\n|\n|t:|1776212510\n|teamsize|p1|4\n|teamsize|p2|4\n|start\n|switch|p1a: Garchomp|Garchomp, L50, F|100/100\n|switch|p1b: Rotom|Rotom-Wash, L50|100/100\n|switch|p2a: Floette|Floette-Eternal, L50, F|100/100\n|switch|p2b: Incineroar|Incineroar, L50, M|100/100\n|-ability|p2b: Incineroar|Intimidate|boost\n|-unboost|p1a: Garchomp|atk|1\n|-unboost|p1b: Rotom|atk|1\n|turn|1\n|inactive|swbthj has 30 seconds left.\n|\n|t:|1776212537\n|switch|p1a: Corviknight|Corviknight, L50, M|100/100\n|detailschange|p2a: Floette|Floette-Mega, L50, F\n|-mega|p2a: Floette|Floette|Floettite\n|-ability|p2a: Floette|Fairy Aura\n|move|p2b: Incineroar|Fake Out|p1a: Corviknight\n|-resisted|p1a: Corviknight|1\n|-damage|p1a: Corviknight|97/100\n|move|p1b: Rotom|Volt Switch|p2a: Floette\n|-damage|p2a: Floette|68/100\n|\n|t:|1776212550\n|switch|p1b: Charizard|Charizard, L50, F|100/100|[from] Volt Switch\n|move|p2a: Floette|Dazzling Gleam|p1b: Charizard|[spread] p1a,p1b\n|-resisted|p1a: Corviknight|1\n|-resisted|p1b: Charizard|1\n|-damage|p1a: Corviknight|72/100\n|-damage|p1b: Charizard|68/100\n|\n|-heal|p1a: Corviknight|78/100|[from] item: Leftovers\n|upkeep\n|turn|2\n|\n|t:|1776212573\n|move|p2a: Floette|Protect|p2a: Floette\n|-singleturn|p2a: Floette|Protect\n|move|p1b: Charizard|Heat Wave|p2a: Floette|[spread] p2b\n|-activate|p2a: Floette|move: Protect\n|-resisted|p2b: Incineroar|1\n|-damage|p2b: Incineroar|88/100\n|move|p1a: Corviknight|Body Press|p2b: Incineroar\n|-supereffective|p2b: Incineroar|1\n|-enditem|p2b: Incineroar|Chople Berry|[eat]\n|-enditem|p2b: Incineroar|Chople Berry|[weaken]\n|-damage|p2b: Incineroar|70/100\n|move|p2b: Incineroar|Parting Shot|p1b: Charizard\n|-unboost|p1b: Charizard|atk|1\n|-unboost|p1b: Charizard|spa|1\n|\n|t:|1776212587\n|switch|p2b: Sneasler|Sneasler, L50, F|100/100|[from] Parting Shot\n|\n|-heal|p1a: Corviknight|84/100|[from] item: Leftovers\n|upkeep\n|turn|3\n|inactive|swbthj has 30 seconds left.\n|\n|t:|1776212618\n|switch|p2a: Incineroar|Incineroar, L50, M|70/100\n|-ability|p2a: Incineroar|Intimidate|boost\n|-ability|p1a: Corviknight|Mirror Armor\n|-unboost|p2a: Incineroar|atk|1\n|-unboost|p1b: Charizard|atk|1\n|detailschange|p1b: Charizard|Charizard-Mega-Y, L50, F\n|-mega|p1b: Charizard|Charizard|Charizardite Y\n|-weather|SunnyDay|[from] ability: Drought|[of] p1b: Charizard\n|move|p2b: Sneasler|Fake Out|p1b: Charizard\n|-damage|p1b: Charizard|48/100\n|cant|p1b: Charizard|flinch\n|move|p1a: Corviknight|Tailwind|p1a: Corviknight\n|-sidestart|p1: swbthj|move: Tailwind\n|\n|-weather|SunnyDay|[upkeep]\n|-heal|p1a: Corviknight|90/100|[from] item: Leftovers\n|upkeep\n|turn|4\n|inactive|swbthj has 30 seconds left.\n|inactive|Kalaphant has 30 seconds left.\n|inactive|Kalaphant has 20 seconds left.\n|inactive|Kalaphant has 15 seconds left.\n|\n|t:|1776212661\n|switch|p1a: Garchomp|Garchomp, L50, F|100/100\n|move|p1b: Charizard|Weather Ball|p2b: Sneasler\n|-damage|p2b: Sneasler|24/100\n|move|p2b: Sneasler|Dire Claw|p1b: Charizard\n|-damage|p1b: Charizard|0 fnt\n|faint|p1b: Charizard\n|move|p2a: Incineroar|Flare Blitz|p1a: Garchomp\n|-resisted|p1a: Garchomp|1\n|-damage|p1a: Garchomp|77/100\n|-damage|p2a: Incineroar|58/100|[from] ability: Rough Skin|[of] p1a: Garchomp\n|-damage|p2a: Incineroar|50/100|[from] Recoil\n|\n|-weather|SunnyDay|[upkeep]\n|upkeep\n|\n|t:|1776212681\n|switch|p1b: Corviknight|Corviknight, L50, M|90/100\n|turn|5\n|inactive|Kalaphant has 30 seconds left.\n|\n|t:|1776212715\n|move|p1a: Garchomp|Earthquake|p2a: Incineroar|[spread] p2a,p2b\n|-immune|p1b: Corviknight\n|-supereffective|p2a: Incineroar|1\n|-supereffective|p2b: Sneasler|1\n|-damage|p2a: Incineroar|0 fnt\n|-damage|p2b: Sneasler|0 fnt\n|faint|p2a: Incineroar\n|faint|p2b: Sneasler\n|move|p1b: Corviknight|Brave Bird|p2: Incineroar|[notarget]\n|-fail|p1b: Corviknight\n|\n|-weather|SunnyDay|[upkeep]\n|-heal|p1b: Corviknight|96/100|[from] item: Leftovers\n|upkeep\n|\n|t:|1776212719\n|switch|p2b: Floette|Floette-Mega, L50, F|68/100\n|switch|p2a: Garchomp|Garchomp, L50, F|100/100\n|-ability|p2b: Floette|Fairy Aura\n|turn|6\n|\n|t:|1776212741\n|move|p1a: Garchomp|Earthquake|p2a: Garchomp|[spread] p2a,p2b\n|-immune|p1b: Corviknight\n|-damage|p2a: Garchomp|63/100\n|-damage|p2b: Floette|16/100\n|move|p2a: Garchomp|Dragon Claw|p1a: Garchomp\n|-supereffective|p1a: Garchomp|1\n|-damage|p1a: Garchomp|0 fnt\n|-damage|p2a: Garchomp|51/100|[from] ability: Rough Skin|[of] p1a: Garchomp\n|faint|p1a: Garchomp\n|move|p1b: Corviknight|Iron Head|p2b: Floette\n|-supereffective|p2b: Floette|1\n|-damage|p2b: Floette|0 fnt\n|faint|p2b: Floette\n|\n|-weather|SunnyDay|[upkeep]\n|-heal|p1b: Corviknight|100/100|[from] item: Leftovers\n|-sideend|p1: swbthj|move: Tailwind\n|upkeep\n|\n|t:|1776212757\n|switch|p1a: Rotom|Rotom-Wash, L50|100/100\n|turn|7\n|\n|t:|1776212765\n|move|p2a: Garchomp|Dragon Claw|p1a: Rotom\n|-damage|p1a: Rotom|44/100\n|move|p1a: Rotom|Hydro Pump|p2a: Garchomp|[miss]\n|-miss|p1a: Rotom|p2a: Garchomp\n|move|p1b: Corviknight|Brave Bird|p2a: Garchomp\n|-damage|p2a: Garchomp|8/100\n|-damage|p1b: Corviknight|88/100|[from] ability: Rough Skin|[of] p2a: Garchomp\n|-damage|p1b: Corviknight|76/100|[from] Recoil\n|\n|-weather|none\n|-heal|p1b: Corviknight|81/100|[from] item: Leftovers\n|upkeep\n|turn|8\n|c|\u2606Kalaphant|gg\n|\n|t:|1776212781\n|move|p2a: Garchomp|Dragon Claw|p1a: Rotom\n|-damage|p1a: Rotom|0 fnt\n|faint|p1a: Rotom\n|move|p1b: Corviknight|Brave Bird|p2a: Garchomp\n|-damage|p2a: Garchomp|0 fnt\n|-damage|p1b: Corviknight|69/100|[from] ability: Rough Skin|[of] p2a: Garchomp\n|faint|p2a: Garchomp\n|-damage|p1b: Corviknight|67/100|[from] Recoil\n|\n|win|swbthj\n|raw|swbthj's rating: 1350 &rarr; <strong>1365</strong><br />(+15 for winning)\n|raw|Kalaphant's rating: 1262 &rarr; <strong>1243</strong><br />(-19 for losing)\n",
  "uploadtime": 1776212781,
  "views": 25,
  "formatid": "gen9championsvgc2026regma",
  "rating": 1243,
  "private": 0,
  "password": null
}