{
  "id": "gen9championsvgc2026regma-2581891210",
  "format": "[Gen 9 Champions] VGC 2026 Reg M-A",
  "players": [
    "QuantumTwinSpark",
    "volkanoski"
  ],
  "log": "|j|\u2606QuantumTwinSpark\n|j|\u2606volkanoski\n|t:|1776037210\n|gametype|doubles\n|player|p1|QuantumTwinSpark|cress|1076\n|player|p2|volkanoski|265|1050\n|gen|9\n|tier|[Gen 9 Champions] VGC 2026 Reg M-A\n|rated|\n|rule|Species Clause: Limit one of each Pok\u00e9mon\n|rule|Item Clause: Limit 1 of each item\n|clearpoke\n|poke|p1|Scovillain, L50, F|\n|poke|p1|Drampa, L50, F|\n|poke|p1|Empoleon, L50, F|\n|poke|p1|Meowscarada, L50, M|\n|poke|p1|Dragapult, L50, F|\n|poke|p1|Salazzle, L50, F|\n|poke|p2|Starmie, L50|\n|poke|p2|Sinistcha, L50|\n|poke|p2|Pelipper, L50, F|\n|poke|p2|Sneasler, L50, F|\n|poke|p2|Archaludon, L50, F|\n|poke|p2|Incineroar, L50, F|\n|teampreview|4\nQuantumTwinSpark rejected open team sheets.\n|\n|t:|1776037250\n|teamsize|p1|4\n|teamsize|p2|4\n|start\n|switch|p1a: Drampa|Drampa, L50, F|100/100\n|switch|p1b: Empoleon|Empoleon, L50, F|100/100\n|switch|p2a: Starmie|Starmie, L50|100/100\n|switch|p2b: Sneasler|Sneasler, L50, F|100/100\n|-ability|p1a: Drampa|Cloud Nine\n|turn|1\n|inactive|Battle timer is ON: inactive players will automatically lose when time's up. (requested by QuantumTwinSpark)\n|\n|t:|1776037339\n|detailschange|p2a: Starmie|Starmie-Mega, L50\n|-mega|p2a: Starmie|Starmie|Starminite\n|move|p2b: Sneasler|Fake Out|p1b: Empoleon\n|-resisted|p1b: Empoleon|1\n|-crit|p1b: Empoleon\n|-damage|p1b: Empoleon|88/100\n|move|p2a: Starmie|Zen Headbutt|p1a: Drampa\n|-damage|p1a: Drampa|22/100\n|-enditem|p1a: Drampa|Sitrus Berry|[eat]\n|-heal|p1a: Drampa|47/100|[from] item: Sitrus Berry\n|cant|p1b: Empoleon|flinch\n|move|p1a: Drampa|Earth Power|p2b: Sneasler\n|-supereffective|p2b: Sneasler|1\n|-damage|p2b: Sneasler|0 fnt\n|faint|p2b: Sneasler\n|\n|-heal|p1b: Empoleon|94/100|[from] item: Leftovers\n|upkeep\n|\n|t:|1776037355\n|switch|p2b: Pelipper|Pelipper, L50, F|100/100\n|-weather|RainDance|[from] ability: Drizzle|[of] p2b: Pelipper\n|turn|2\n|inactive|QuantumTwinSpark has 30 seconds left.\n|\n|t:|1776037384\n|switch|p2b: Sinistcha|Sinistcha, L50|100/100\n|switch|p1a: Meowscarada|Meowscarada, L50, M|100/100\n|move|p2a: Starmie|Zen Headbutt|p1a: Meowscarada\n|-immune|p1a: Meowscarada\n|move|p1b: Empoleon|Ice Beam|p2b: Sinistcha\n|-supereffective|p2b: Sinistcha|1\n|-damage|p2b: Sinistcha|23/100\n|\n|-weather|RainDance|[upkeep]\n|-heal|p2b: Sinistcha|29/100|[from] item: Leftovers\n|-heal|p1b: Empoleon|99/100|[from] item: Leftovers\n|upkeep\n|turn|3\n|inactive|QuantumTwinSpark has 30 seconds left.\n|inactive|volkanoski has 30 seconds left.\n|\n|t:|1776037416\n|switch|p2b: Pelipper|Pelipper, L50, F|100/100\n|move|p2a: Starmie|Protect|p2a: Starmie\n|-singleturn|p2a: Starmie|Protect\n|move|p1a: Meowscarada|Sucker Punch||[still]\n|-fail|p1a: Meowscarada\n|move|p1b: Empoleon|Ice Beam|p2a: Starmie\n|-activate|p2a: Starmie|move: Protect\n|\n|-weather|RainDance|[upkeep]\n|-heal|p1b: Empoleon|100/100|[from] item: Leftovers\n|upkeep\n|turn|4\n|inactive|volkanoski has 30 seconds left.\n|\n|t:|1776037442\n|switch|p2a: Sinistcha|Sinistcha, L50|29/100\n|move|p1a: Meowscarada|Sucker Punch||[still]\n|-fail|p1a: Meowscarada\n|move|p2b: Pelipper|Hurricane|p1a: Meowscarada\n|-supereffective|p1a: Meowscarada|1\n|-damage|p1a: Meowscarada|0 fnt\n|faint|p1a: Meowscarada\n|move|p1b: Empoleon|Ice Beam|p2b: Pelipper\n|-damage|p2b: Pelipper|55/100\n|\n|-weather|RainDance|[upkeep]\n|-heal|p2a: Sinistcha|35/100|[from] item: Leftovers\n|upkeep\n|\n|t:|1776037454\n|switch|p1a: Scovillain|Scovillain, L50, F|100/100\n|turn|5\n|inactive|volkanoski has 30 seconds left.\n|\n|t:|1776037481\n|switch|p2b: Starmie|Starmie-Mega, L50|100/100\n|detailschange|p1a: Scovillain|Scovillain-Mega, L50, F\n|-mega|p1a: Scovillain|Scovillain|Scovillainite\n|move|p2a: Sinistcha|Protect|p2a: Sinistcha\n|-singleturn|p2a: Sinistcha|Protect\n|move|p1a: Scovillain|Giga Drain|p2b: Starmie\n|-supereffective|p2b: Starmie|1\n|-damage|p2b: Starmie|11/100\n|move|p1b: Empoleon|Ice Beam|p2a: Sinistcha\n|-activate|p2a: Sinistcha|move: Protect\n|\n|-weather|RainDance|[upkeep]\n|-heal|p2a: Sinistcha|42/100|[from] item: Leftovers\n|upkeep\n|turn|6\n|inactive|QuantumTwinSpark has 30 seconds left.\n|inactive|volkanoski has 30 seconds left.\n|inactive|volkanoski has 20 seconds left.\n|\n|t:|1776037520\n|switch|p2a: Pelipper|Pelipper, L50, F|55/100\n|move|p1b: Empoleon|Vacuum Wave|p2b: Starmie\n|-resisted|p2b: Starmie|1\n|-damage|p2b: Starmie|2/100\n|move|p2b: Starmie|Waterfall|p1a: Scovillain\n|-damage|p1a: Scovillain|0 fnt\n|-status|p2b: Starmie|brn|[from] ability: Spicy Spray|[of] p1a: Scovillain\n|faint|p1a: Scovillain\n|\n|-weather|none\n|-damage|p2b: Starmie|0 fnt|[from] brn\n|faint|p2b: Starmie\n|upkeep\n|\n|t:|1776037531\n|switch|p2b: Sinistcha|Sinistcha, L50|42/100\n|switch|p1a: Drampa|Drampa, L50, F|47/100\n|-ability|p1a: Drampa|Cloud Nine\n|-heal|p2a: Pelipper|80/100|[from] ability: Hospitality|[of] p2b: Sinistcha\n|turn|7\n|inactive|volkanoski has 30 seconds left.\n|inactive|volkanoski has 20 seconds left.\n|\n|t:|1776037566\n|move|p2b: Sinistcha|Matcha Gotcha|p1a: Drampa|[spread] p1a,p1b\n|-resisted|p1a: Drampa|1\n|-damage|p1a: Drampa|30/100\n|-heal|p2b: Sinistcha|50/100|[from] drain|[of] p1a: Drampa\n|-damage|p1b: Empoleon|68/100\n|-heal|p2b: Sinistcha|68/100|[from] drain|[of] p1b: Empoleon\n|move|p2a: Pelipper|Hurricane|p1a: Drampa\n|-damage|p1a: Drampa|0 fnt\n|faint|p1a: Drampa\n|move|p1b: Empoleon|Ice Beam|p2b: Sinistcha\n|-supereffective|p2b: Sinistcha|1\n|-damage|p2b: Sinistcha|0 fnt\n|faint|p2b: Sinistcha\n|\n|-heal|p1b: Empoleon|73/100|[from] item: Leftovers\n|upkeep\n|turn|8\n|inactive|QuantumTwinSpark has 30 seconds left.\n|inactive|volkanoski has 30 seconds left.\n|inactive|QuantumTwinSpark has 20 seconds left.\n|inactive|QuantumTwinSpark has 15 seconds left.\n|\n|t:|1776037609\n|move|p2a: Pelipper|Hurricane|p1b: Empoleon|[miss]\n|-miss|p2a: Pelipper|p1b: Empoleon\n|move|p1b: Empoleon|Ice Beam|p2a: Pelipper\n|-damage|p2a: Pelipper|33/100\n|-status|p2a: Pelipper|frz\n|\n|-heal|p1b: Empoleon|79/100|[from] item: Leftovers\n|upkeep\n|turn|9\n|c|\u2606QuantumTwinSpark|gg\n|\n|t:|1776037616\n|cant|p2a: Pelipper|frz\n|move|p1b: Empoleon|Ice Beam|p2a: Pelipper\n|-damage|p2a: Pelipper|0 fnt\n|faint|p2a: Pelipper\n|\n|win|QuantumTwinSpark\n|raw|QuantumTwinSpark's rating: 1098 &rarr; <strong>1120</strong><br />(+22 for winning)\n|raw|volkanoski's rating: 1050 &rarr; <strong>1035</strong><br />(-15 for losing)\n|l|\u2606volkanoski\n|player|p2|\n",
  "uploadtime": 1776037624,
  "views": 31,
  "formatid": "gen9championsvgc2026regma",
  "rating": 1035,
  "private": 0,
  "password": null
}