{
  "id": "gen9championsvgc2026regma-2588828840",
  "format": "[Gen 9 Champions] VGC 2026 Reg M-A",
  "players": [
    "SDLT 2KRL Mid",
    "haram ball 2.0"
  ],
  "log": "|raw|<div class=\"broadcast-blue\"><strong>This battle is required to be public due to a player having a name starting with 'sdlt'.</div>\n|j|\u2606SDLT 2KRL Mid\n|j|\u2606haram ball 2.0\n|t:|1776675893\n|gametype|doubles\n|player|p1|SDLT 2KRL Mid|veteran|1134\n|player|p2|haram ball 2.0|ghetsis|1161\n|gen|9\n|tier|[Gen 9 Champions] VGC 2026 Reg M-A\n|rated|\n|rule|Species Clause: Limit one of each Pok\u00e9mon\n|rule|Item Clause: Limit 1 of each item\n|clearpoke\n|poke|p1|Sneasler, L50, M|\n|poke|p1|Floette-Eternal, L50, F|\n|poke|p1|Garchomp, L50, F|\n|poke|p1|Basculegion, L50, M|\n|poke|p1|Delphox, L50, M|\n|poke|p1|Kingambit, L50, M|\n|poke|p2|Floette-Eternal, L50, F|\n|poke|p2|Sinistcha, L50|\n|poke|p2|Incineroar, L50, M|\n|poke|p2|Dragonite, L50, F|\n|poke|p2|Pelipper, L50, M|\n|poke|p2|Archaludon, L50, M|\n|teampreview|4\n|inactive|Battle timer is ON: inactive players will automatically lose when time's up. (requested by haram ball 2.0)\n|inactive|haram ball 2.0 has 60 seconds left.\n|inactive|haram ball 2.0 has 30 seconds left.\n|\n|t:|1776675971\n|teamsize|p1|4\n|teamsize|p2|4\n|start\n|switch|p1a: Floette|Floette-Eternal, L50, F|100/100\n|switch|p1b: Ashleigh|Sneasler, L50, M|100/100\n|switch|p2a: Incineroar|Incineroar, L50, M|100/100\n|switch|p2b: Floette|Floette-Eternal, L50, F|100/100\n|-ability|p2a: Incineroar|Intimidate|boost\n|-unboost|p1a: Floette|atk|1\n|-unboost|p1b: Ashleigh|atk|1\n|-enditem|p1b: Ashleigh|White Herb\n|-clearnegativeboost|p1b: Ashleigh|[silent]\n|turn|1\n|\n|t:|1776675979\n|detailschange|p2b: Floette|Floette-Mega, L50, F\n|-mega|p2b: Floette|Floette|Floettite\n|-ability|p2b: Floette|Fairy Aura\n|detailschange|p1a: Floette|Floette-Mega, L50, F\n|-mega|p1a: Floette|Floette|Floettite\n|-ability|p1a: Floette|Fairy Aura\n|move|p1b: Ashleigh|Fake Out|p2b: Floette\n|-damage|p2b: Floette|87/100\n|move|p2a: Incineroar|Fake Out|p1a: Floette\n|-damage|p1a: Floette|92/100\n|cant|p2b: Floette|flinch\n|cant|p1a: Floette|flinch\n|\n|upkeep\n|turn|2\n|inactive|haram ball 2.0 has 30 seconds left.\n|\n|t:|1776676009\n|switch|p2a: Sinistcha|Sinistcha, L50|100/100\n|-heal|p2b: Floette|100/100|[from] ability: Hospitality|[of] p2a: Sinistcha\n|move|p1b: Ashleigh|Close Combat|p2a: Sinistcha\n|-immune|p2a: Sinistcha\n|move|p2b: Floette|Calm Mind|p2b: Floette\n|-boost|p2b: Floette|spa|1\n|-boost|p2b: Floette|spd|1\n|move|p1a: Floette|Calm Mind|p1a: Floette\n|-boost|p1a: Floette|spa|1\n|-boost|p1a: Floette|spd|1\n|\n|upkeep\n|turn|3\n|\n|t:|1776676026\n|switch|p2a: Incineroar|Incineroar, L50, M|100/100\n|-ability|p2a: Incineroar|Intimidate|boost\n|-unboost|p1a: Floette|atk|1\n|-unboost|p1b: Ashleigh|atk|1\n|move|p1b: Ashleigh|Dire Claw|p2a: Incineroar\n|-damage|p2a: Incineroar|72/100\n|move|p2b: Floette|Dazzling Gleam|p1b: Ashleigh|[spread] p1a,p1b\n|-damage|p1a: Floette|56/100\n|-damage|p1b: Ashleigh|2/100\n|move|p1a: Floette|Dazzling Gleam|p2a: Incineroar|[spread] p2a,p2b\n|-damage|p2a: Incineroar|12/100\n|-damage|p2b: Floette|67/100\n|\n|upkeep\n|turn|4\n|\n|t:|1776676042\n|move|p1b: Ashleigh|Protect|p1b: Ashleigh\n|-singleturn|p1b: Ashleigh|Protect\n|move|p1a: Floette|Protect|p1a: Floette\n|-singleturn|p1a: Floette|Protect\n|move|p2a: Incineroar|Fake Out|p1b: Ashleigh\n|-activate|p1b: Ashleigh|move: Protect\n|move|p2b: Floette|Moonblast|p1a: Floette\n|-activate|p1a: Floette|move: Protect\n|\n|upkeep\n|turn|5\n|inactive|SDLT 2KRL Mid has 30 seconds left.\n|\n|t:|1776676071\n|switch|p2a: Sinistcha|Sinistcha, L50|100/100\n|-heal|p2b: Floette|92/100|[from] ability: Hospitality|[of] p2a: Sinistcha\n|move|p1b: Ashleigh|Dire Claw|p2b: Floette\n|-supereffective|p2b: Floette|1\n|-damage|p2b: Floette|33/100\n|-status|p2b: Floette|par\n|move|p1a: Floette|Dazzling Gleam|p2b: Floette|[spread] p2a,p2b\n|-damage|p2a: Sinistcha|41/100\n|-damage|p2b: Floette|3/100 par\n|-enditem|p2a: Sinistcha|Sitrus Berry|[eat]\n|-heal|p2a: Sinistcha|66/100|[from] item: Sitrus Berry\n|move|p2b: Floette|Moonblast|p1a: Floette\n|-damage|p1a: Floette|2/100\n|\n|upkeep\n|turn|6\n|inactive|haram ball 2.0 has 30 seconds left.\n|\n|t:|1776676100\n|switch|p2a: Incineroar|Incineroar, L50, M|12/100\n|-ability|p2a: Incineroar|Intimidate|boost\n|-unboost|p1a: Floette|atk|1\n|-unboost|p1b: Ashleigh|atk|1\n|move|p1b: Ashleigh|Dire Claw|p2a: Incineroar\n|-damage|p2a: Incineroar|0 fnt\n|faint|p2a: Incineroar\n|move|p1a: Floette|Dazzling Gleam|p2b: Floette\n|-damage|p2b: Floette|0 fnt\n|faint|p2b: Floette\n|\n|upkeep\n|\n|t:|1776676102\n|switch|p2b: Pelipper|Pelipper, L50, M|100/100\n|switch|p2a: Sinistcha|Sinistcha, L50|66/100\n|-weather|RainDance|[from] ability: Drizzle|[of] p2b: Pelipper\n|turn|7\n|\n|t:|1776676113\n|move|p2b: Pelipper|Protect|p2b: Pelipper\n|-singleturn|p2b: Pelipper|Protect\n|move|p1b: Ashleigh|Dire Claw|p2a: Sinistcha\n|-damage|p2a: Sinistcha|48/100\n|move|p1a: Floette|Draining Kiss|p2a: Sinistcha\n|-damage|p2a: Sinistcha|0 fnt\n|-heal|p1a: Floette|37/100|[from] drain|[of] p2a: Sinistcha\n|faint|p2a: Sinistcha\n|\n|-weather|RainDance|[upkeep]\n|upkeep\n|turn|8\n|-message|haram ball 2.0 forfeited.\n|\n|win|SDLT 2KRL Mid\n|raw|SDLT 2KRL Mid's rating: 1134 &rarr; <strong>1161</strong><br />(+27 for winning)\n|raw|haram ball 2.0's rating: 1161 &rarr; <strong>1134</strong><br />(-27 for losing)\n",
  "uploadtime": 1776676121,
  "views": 9,
  "formatid": "gen9championsvgc2026regma",
  "rating": 1134,
  "private": 0,
  "password": null
}