{
  "id": "gen9championsvgc2026regma-2587522600",
  "format": "[Gen 9 Champions] VGC 2026 Reg M-A",
  "players": [
    "NutritiousLemon",
    "Pissntel"
  ],
  "log": "|j|\u2606NutritiousLemon\n|j|\u2606Pissntel\n|t:|1776539053\n|gametype|doubles\n|player|p1|NutritiousLemon|266|1105\n|player|p2|Pissntel|170|1048\n|gen|9\n|tier|[Gen 9 Champions] VGC 2026 Reg M-A\n|rated|\n|rule|Species Clause: Limit one of each Pok\u00e9mon\n|rule|Item Clause: Limit 1 of each item\n|clearpoke\n|poke|p1|Hawlucha, L50, M|\n|poke|p1|Chimecho, L50, M|\n|poke|p1|Excadrill, L50, M|\n|poke|p1|Tyranitar, L50, M|\n|poke|p1|Sinistcha, L50|\n|poke|p1|Primarina, L50, M|\n|poke|p2|Bellibolt, L50, M|\n|poke|p2|Raichu-Alola, L50, M|\n|poke|p2|Chandelure, L50, M|\n|poke|p2|Gyarados, L50, F|\n|poke|p2|Volcarona, L50, M|\n|poke|p2|Slowbro-Galar, L50, M|\n|teampreview|4\n|\n|t:|1776539077\n|teamsize|p1|4\n|teamsize|p2|4\n|start\n|switch|p1a: Chimecho|Chimecho, L50, M|100/100\n|switch|p1b: Tyranitar|Tyranitar, L50, M|100/100\n|switch|p2a: Gyarados|Gyarados, L50, F|100/100\n|switch|p2b: Slowbro|Slowbro-Galar, L50, M|100/100\n|-weather|Sandstorm|[from] ability: Sand Stream|[of] p1b: Tyranitar\n|-ability|p2a: Gyarados|Intimidate|boost\n|-unboost|p1a: Chimecho|atk|1\n|-unboost|p1b: Tyranitar|atk|1\n|turn|1\n|\n|t:|1776539106\n|switch|p1b: Sinistcha|Sinistcha, L50|100/100\n|detailschange|p1a: Chimecho|Chimecho-Mega, L50, M\n|-mega|p1a: Chimecho|Chimecho|Chimechite\n|move|p2a: Gyarados|Rain Dance|p2a: Gyarados\n|-weather|RainDance\n|move|p1a: Chimecho|Cosmic Power|p1a: Chimecho\n|-boost|p1a: Chimecho|def|1\n|-boost|p1a: Chimecho|spd|1\n|move|p2b: Slowbro|Shadow Ball|p1a: Chimecho\n|-supereffective|p1a: Chimecho|1\n|-damage|p1a: Chimecho|82/100\n|\n|-weather|RainDance|[upkeep]\n|upkeep\n|turn|2\n|\n|t:|1776539149\n|move|p1b: Sinistcha|Rage Powder|p1b: Sinistcha\n|-singleturn|p1b: Sinistcha|move: Rage Powder\n|move|p2a: Gyarados|Dragon Dance|p2a: Gyarados\n|-boost|p2a: Gyarados|atk|1\n|-boost|p2a: Gyarados|spe|1\n|move|p1a: Chimecho|Cosmic Power|p1a: Chimecho\n|-boost|p1a: Chimecho|def|1\n|-boost|p1a: Chimecho|spd|1\n|move|p2b: Slowbro|Shadow Ball|p1b: Sinistcha\n|-supereffective|p1b: Sinistcha|1\n|-damage|p1b: Sinistcha|67/100\n|\n|-weather|RainDance|[upkeep]\n|upkeep\n|turn|3\n|inactive|Battle timer is ON: inactive players will automatically lose when time's up. (requested by NutritiousLemon)\n|\n|t:|1776539171\n|switch|p1b: Tyranitar|Tyranitar, L50, M|100/100\n|-weather|Sandstorm|[from] ability: Sand Stream|[of] p1b: Tyranitar\n|switch|p2b: Raichu|Raichu-Alola, L50, M|100/100\n|move|p2a: Gyarados|Waterfall|p1a: Chimecho\n|-damage|p1a: Chimecho|60/100\n|move|p1a: Chimecho|Stored Power|p2a: Gyarados\n|-damage|p2a: Gyarados|63/100\n|\n|-weather|Sandstorm|[upkeep]\n|-damage|p2b: Raichu|95/100|[from] Sandstorm\n|-damage|p2a: Gyarados|57/100|[from] Sandstorm\n|upkeep\n|turn|4\n|\n|t:|1776539194\n|switch|p1b: Sinistcha|Sinistcha, L50|67/100\n|-heal|p1a: Chimecho|84/100|[from] ability: Hospitality|[of] p1b: Sinistcha\n|move|p2b: Raichu|Electric Terrain|p2b: Raichu\n|-fieldstart|move: Electric Terrain\n|move|p2a: Gyarados|Rain Dance|p2a: Gyarados\n|-weather|RainDance\n|move|p1a: Chimecho|Recover|p1a: Chimecho\n|-heal|p1a: Chimecho|100/100\n|\n|-weather|RainDance|[upkeep]\n|upkeep\n|turn|5\n|inactive|Pissntel has 30 seconds left.\n|\n|t:|1776539220\n|move|p1b: Sinistcha|Rage Powder|p1b: Sinistcha\n|-singleturn|p1b: Sinistcha|move: Rage Powder\n|move|p2b: Raichu|Thunder|p1b: Sinistcha\n|-resisted|p1b: Sinistcha|1\n|-damage|p1b: Sinistcha|34/100\n|-status|p1b: Sinistcha|par\n|move|p1a: Chimecho|Cosmic Power|p1a: Chimecho\n|-boost|p1a: Chimecho|def|1\n|-boost|p1a: Chimecho|spd|1\n|move|p2a: Gyarados|Dragon Tail|p1b: Sinistcha\n|-damage|p1b: Sinistcha|7/100 par\n|drag|p1b: Primarina|Primarina, L50, M|100/100\n|\n|-weather|RainDance|[upkeep]\n|upkeep\n|turn|6\n|\n|t:|1776539245\n|switch|p1b: Tyranitar|Tyranitar, L50, M|100/100\n|-weather|Sandstorm|[from] ability: Sand Stream|[of] p1b: Tyranitar\n|move|p2b: Raichu|Thunder|p1b: Tyranitar|[miss]\n|-miss|p2b: Raichu|p1b: Tyranitar\n|move|p2a: Gyarados|Waterfall|p1a: Chimecho\n|-damage|p1a: Chimecho|82/100\n|move|p1a: Chimecho|Stored Power|p2a: Gyarados\n|-damage|p2a: Gyarados|2/100\n|\n|-weather|Sandstorm|[upkeep]\n|-damage|p2b: Raichu|89/100|[from] Sandstorm\n|-damage|p2a: Gyarados|0 fnt|[from] Sandstorm\n|faint|p2a: Gyarados\n|upkeep\n|\n|t:|1776539263\n|switch|p2a: Chandelure|Chandelure, L50, M|100/100\n|turn|7\n|inactive|Pissntel has 30 seconds left.\n|\n|t:|1776539288\n|switch|p2b: Slowbro|Slowbro-Galar, L50, M|100/100\n|detailschange|p2a: Chandelure|Chandelure-Mega, L50, M\n|-mega|p2a: Chandelure|Chandelure|Chandelurite\n|move|p1a: Chimecho|Protect|p1a: Chimecho\n|-singleturn|p1a: Chimecho|Protect\n|move|p2a: Chandelure|Poltergeist|p1a: Chimecho\n|-activate|p1a: Chimecho|move: Protect\n|move|p1b: Tyranitar|Rock Slide|p2a: Chandelure|[spread] p2a,p2b\n|-supereffective|p2a: Chandelure|1\n|-damage|p2a: Chandelure|43/100\n|-damage|p2b: Slowbro|65/100\n|\n|-weather|Sandstorm|[upkeep]\n|-damage|p2a: Chandelure|37/100|[from] Sandstorm\n|-damage|p2b: Slowbro|59/100|[from] Sandstorm\n|upkeep\n|turn|8\n|inactive|Pissntel has 30 seconds left.\n|inactive|Pissntel has 20 seconds left.\n|-activate|p2b: Slowbro|ability: Quick Draw\n|\n|t:|1776539327\n|move|p2b: Slowbro|Shadow Ball|p1a: Chimecho\n|-supereffective|p1a: Chimecho|1\n|-damage|p1a: Chimecho|70/100\n|move|p2a: Chandelure|Poltergeist|p1a: Chimecho\n|-activate|p1a: Chimecho|move: Poltergeist|Chimechite\n|-supereffective|p1a: Chimecho|1\n|-damage|p1a: Chimecho|49/100\n|move|p1b: Tyranitar|Rock Slide|p2b: Slowbro|[spread] p2a,p2b\n|-supereffective|p2a: Chandelure|1\n|-damage|p2a: Chandelure|0 fnt\n|-damage|p2b: Slowbro|29/100\n|faint|p2a: Chandelure\n|move|p1a: Chimecho|Recover|p1a: Chimecho\n|-heal|p1a: Chimecho|99/100\n|\n|-weather|Sandstorm|[upkeep]\n|-damage|p2b: Slowbro|23/100|[from] Sandstorm\n|-fieldend|move: Electric Terrain\n|upkeep\n|-message|Pissntel forfeited.\n|\n|win|NutritiousLemon\n|raw|NutritiousLemon's rating: 1105 &rarr; <strong>1126</strong><br />(+21 for winning)\n|raw|Pissntel's rating: 1048 &rarr; <strong>1034</strong><br />(-14 for losing)\n|l|\u2606Pissntel\n|player|p2|\n",
  "uploadtime": 1776539348,
  "views": 24,
  "formatid": "gen9championsvgc2026regma",
  "rating": 1034,
  "private": 0,
  "password": null
}