{
  "id": "gen9championsvgc2026regma-2581277031",
  "format": "[Gen 9 Champions] VGC 2026 Reg M-A",
  "players": [
    "WessellRustbrook",
    "daedae007"
  ],
  "log": "|j|\u2606WessellRustbrook\n|j|\u2606daedae007\n|t:|1775980167\n|gametype|doubles\n|player|p1|WessellRustbrook|hoopster|1232\n|player|p2|daedae007|1|1311\n|gen|9\n|tier|[Gen 9 Champions] VGC 2026 Reg M-A\n|rated|\n|rule|Species Clause: Limit one of each Pok\u00e9mon\n|rule|Item Clause: Limit 1 of each item\n|clearpoke\n|poke|p1|Audino, L50, F|\n|poke|p1|Avalugg-Hisui, L50, F|\n|poke|p1|Armarouge, L50, M|\n|poke|p1|Palafin, L50, M|\n|poke|p1|Sneasler, L50, M|\n|poke|p1|Ninetales-Alola, L50, M|\n|poke|p2|Greninja-*, L50, F|\n|poke|p2|Kingambit, L50, M|\n|poke|p2|Kommo-o, L50, M|\n|poke|p2|Sinistcha-Masterpiece, L50|\n|poke|p2|Incineroar, L50, F|\n|poke|p2|Aerodactyl, L50, F|\n|teampreview|4\n|inactive|Battle timer is ON: inactive players will automatically lose when time's up. (requested by WessellRustbrook)\n|\n|t:|1775980204\n|teamsize|p1|4\n|teamsize|p2|4\n|start\n|switch|p1a: Audino|Audino, L50, F, shiny|100/100\n|switch|p1b: Palafin|Palafin, L50, M|100/100\n|switch|p2a: Greninja|Greninja, L50, F|100/100\n|switch|p2b: Incineroar|Incineroar, L50, F|100/100\n|-ability|p2b: Incineroar|Intimidate|boost\n|-unboost|p1a: Audino|atk|1\n|-unboost|p1b: Palafin|atk|1\n|turn|1\n|inactive|daedae007 has 30 seconds left.\n|\n|t:|1775980234\n|move|p2b: Incineroar|Fake Out|p1a: Audino\n|-damage|p1a: Audino|88/100\n|move|p2a: Greninja|Extrasensory|p1b: Palafin\n|-start|p2a: Greninja|typechange|Psychic|[from] ability: Protean\n|-damage|p1b: Palafin|56/100\n|move|p1b: Palafin|Flip Turn|p2b: Incineroar\n|-supereffective|p2b: Incineroar|1\n|-damage|p2b: Incineroar|65/100\n|j| Junglebolt\n|l| Junglebolt\n|\n|t:|1775980252\n|detailschange|p1b: Palafin|Palafin-Hero, L50, M\n|switch|p1b: Avalugg|Avalugg-Hisui, L50, F, shiny|100/100|[from] Flip Turn\n|cant|p1a: Audino|flinch\n|\n|upkeep\n|turn|2\n|inactive|WessellRustbrook has 30 seconds left.\n|\n|t:|1775980284\n|detailschange|p2a: Greninja|Greninja-Mega, L50, F\n|-mega|p2a: Greninja|Greninja|Greninjite\n|detailschange|p1a: Audino|Audino-Mega, L50, F, shiny\n|-mega|p1a: Audino|Audino|Audinite\n|move|p2a: Greninja|Hydro Pump|p1b: Avalugg\n|-start|p2a: Greninja|typechange|Water|[from] ability: Protean\n|-supereffective|p1b: Avalugg|1\n|-ability|p1b: Avalugg|Sturdy\n|-damage|p1b: Avalugg|1/100\n|move|p2b: Incineroar|Parting Shot|p1b: Avalugg\n|-unboost|p1b: Avalugg|atk|1\n|-unboost|p1b: Avalugg|spa|1\n|\n|t:|1775980297\n|switch|p2b: Kingambit|Kingambit, L50, M|100/100|[from] Parting Shot\n|move|p1b: Avalugg|Rock Slide|p2b: Kingambit|[spread] p2a,p2b\n|-resisted|p2b: Kingambit|1\n|-damage|p2a: Greninja|72/100\n|-damage|p2b: Kingambit|94/100\n|move|p1a: Audino|Trick Room|p1a: Audino\n|-fieldstart|move: Trick Room|[of] p1a: Audino\n|\n|-heal|p1b: Avalugg|7/100|[from] item: Leftovers\n|upkeep\n|turn|3\n|\n|t:|1775980319\n|switch|p2a: Sinistcha|Sinistcha-Masterpiece, L50|100/100\n|-heal|p2b: Kingambit|100/100|[from] ability: Hospitality|[of] p2a: Sinistcha\n|move|p2b: Kingambit|Sucker Punch|p1b: Avalugg\n|-damage|p1b: Avalugg|0 fnt\n|faint|p1b: Avalugg\n|move|p1a: Audino|Calm Mind|p1a: Audino\n|-boost|p1a: Audino|spa|1\n|-boost|p1a: Audino|spd|1\n|\n|upkeep\n|\n|t:|1775980331\n|switch|p1b: Sneasler|Sneasler, L50, M|100/100\n|turn|4\n|\n|t:|1775980343\n|move|p1a: Audino|Dazzling Gleam|p2a: Sinistcha|[spread] p2a,p2b\n|-damage|p2a: Sinistcha|68/100\n|-damage|p2b: Kingambit|63/100\n|move|p2b: Kingambit|Iron Head|p1b: Sneasler\n|-damage|p1b: Sneasler|22/100\n|move|p2a: Sinistcha|Shadow Ball|p1b: Sneasler\n|-damage|p1b: Sneasler|0 fnt\n|faint|p1b: Sneasler\n|\n|upkeep\n|\n|t:|1775980346\n|switch|p1b: Palafin|Palafin-Hero, L50, M|56/100\n|-activate|p1b: Palafin|ability: Zero to Hero\n|turn|5\n|\n|t:|1775980363\n|switch|p2b: Incineroar|Incineroar, L50, F|65/100\n|-ability|p2b: Incineroar|Intimidate|boost\n|-unboost|p1a: Audino|atk|1\n|-unboost|p1b: Palafin|atk|1\n|move|p1a: Audino|Dazzling Gleam|p2a: Sinistcha|[spread] p2a,p2b\n|-damage|p2a: Sinistcha|39/100\n|-damage|p2b: Incineroar|33/100\n|-enditem|p2a: Sinistcha|Sitrus Berry|[eat]\n|-heal|p2a: Sinistcha|64/100|[from] item: Sitrus Berry\n|move|p2a: Sinistcha|Shadow Ball|p1b: Palafin\n|-damage|p1b: Palafin|27/100\n|move|p1b: Palafin|Close Combat|p2b: Incineroar\n|-supereffective|p2b: Incineroar|1\n|-enditem|p2b: Incineroar|Chople Berry|[eat]\n|-enditem|p2b: Incineroar|Chople Berry|[weaken]\n|-damage|p2b: Incineroar|1/100\n|-unboost|p1b: Palafin|def|1\n|-unboost|p1b: Palafin|spd|1\n|\n|upkeep\n|turn|6\n|\n|t:|1775980379\n|move|p2b: Incineroar|Fake Out|p1a: Audino\n|-damage|p1a: Audino|79/100\n|move|p1b: Palafin|Jet Punch|p2b: Incineroar\n|-supereffective|p2b: Incineroar|1\n|-damage|p2b: Incineroar|0 fnt\n|faint|p2b: Incineroar\n|cant|p1a: Audino|flinch\n|move|p2a: Sinistcha|Shadow Ball|p1b: Palafin\n|-damage|p1b: Palafin|0 fnt\n|faint|p1b: Palafin\n|\n|-fieldend|move: Trick Room\n|upkeep\n|\n|t:|1775980385\n|switch|p2b: Kingambit|Kingambit, L50, M|63/100\n|turn|7\n|\n|t:|1775980390\n|move|p2a: Sinistcha|Life Dew|p2a: Sinistcha|[spread] p2a,p2b\n|-heal|p2a: Sinistcha|89/100\n|-heal|p2b: Kingambit|88/100\n|move|p2b: Kingambit|Kowtow Cleave|p1a: Audino\n|-resisted|p1a: Audino|1\n|-damage|p1a: Audino|61/100\n|move|p1a: Audino|Dazzling Gleam|p2a: Sinistcha|[spread] p2a,p2b\n|-damage|p2a: Sinistcha|61/100\n|-damage|p2b: Kingambit|48/100\n|\n|upkeep\n|turn|8\n|\n|t:|1775980402\n|move|p2a: Sinistcha|Life Dew|p2a: Sinistcha|[spread] p2a,p2b\n|-heal|p2a: Sinistcha|86/100\n|-heal|p2b: Kingambit|73/100\n|move|p2b: Kingambit|Iron Head|p1a: Audino\n|-supereffective|p1a: Audino|1\n|-damage|p1a: Audino|0 fnt\n|faint|p1a: Audino\n|\n|win|daedae007\n|raw|WessellRustbrook's rating: 1232 &rarr; <strong>1213</strong><br />(-19 for losing)\n|raw|daedae007's rating: 1311 &rarr; <strong>1327</strong><br />(+16 for winning)\n",
  "uploadtime": 1775980403,
  "views": 17,
  "formatid": "gen9championsvgc2026regma",
  "rating": 1213,
  "private": 0,
  "password": null
}