{
  "id": "gen9championsvgc2026regma-2583840046",
  "format": "[Gen 9 Champions] VGC 2026 Reg M-A",
  "players": [
    "CallMeHumphrey",
    "ZA WORDLE"
  ],
  "log": "|j|\u2606CallMeHumphrey\n|j|\u2606ZA WORDLE\n|t:|1776201787\n|gametype|doubles\n|player|p1|CallMeHumphrey|grimsley|1040\n|player|p2|ZA WORDLE|palmer|1120\n|gen|9\n|tier|[Gen 9 Champions] VGC 2026 Reg M-A\n|rated|\n|rule|Species Clause: Limit one of each Pok\u00e9mon\n|rule|Item Clause: Limit 1 of each item\n|clearpoke\n|poke|p1|Incineroar, L50, M|\n|poke|p1|Dragonite, L50, M|\n|poke|p1|Pelipper, L50, M|\n|poke|p1|Klefki, L50, M|\n|poke|p1|Archaludon, L50, F|\n|poke|p1|Basculegion, L50, M|\n|poke|p2|Lucario, L50, F|\n|poke|p2|Garchomp, L50, M|\n|poke|p2|Pelipper, L50, M|\n|poke|p2|Dragonite, L50, M|\n|poke|p2|Basculegion, L50, M|\n|poke|p2|Talonflame, L50, M|\n|teampreview|4\n|\n|t:|1776201822\n|teamsize|p1|4\n|teamsize|p2|4\n|start\n|switch|p1a: Jane|Archaludon, L50, F|100/100\n|switch|p1b: Incineroar|Incineroar, L50, M|100/100\n|switch|p2a: Lucario|Lucario, L50, F|100/100\n|switch|p2b: Basculegion|Basculegion, L50, M|100/100\n|-ability|p1b: Incineroar|Intimidate|boost\n|-fail|p2a: Lucario|unboost|Attack|[from] ability: Inner Focus|[of] p2a: Lucario\n|-unboost|p2b: Basculegion|atk|1\n|turn|1\n|\n|t:|1776201843\n|detailschange|p2a: Lucario|Lucario-Mega, L50, F\n|-mega|p2a: Lucario|Lucario|Lucarionite\n|move|p1b: Incineroar|Fake Out|p2a: Lucario\n|-resisted|p2a: Lucario|1\n|-damage|p2a: Lucario|92/100\n|cant|p2a: Lucario|flinch\n|move|p2b: Basculegion|Wave Crash|p1b: Incineroar\n|-supereffective|p1b: Incineroar|1\n|-damage|p1b: Incineroar|2/100\n|-damage|p2b: Basculegion|69/100|[from] Recoil\n|move|p1a: Jane|Aura Sphere|p2a: Lucario\n|-supereffective|p2a: Lucario|1\n|-damage|p2a: Lucario|0 fnt\n|faint|p2a: Lucario\n|\n|upkeep\n|\n|t:|1776201850\n|switch|p2a: Garchomp|Garchomp, L50, M|100/100\n|turn|2\n|\n|t:|1776201864\n|switch|p2b: Pelipper|Pelipper, L50, M|100/100\n|-weather|RainDance|[from] ability: Drizzle|[of] p2b: Pelipper\n|move|p1a: Jane|Protect|p1a: Jane\n|-singleturn|p1a: Jane|Protect\n|move|p2a: Garchomp|Earthquake|p1a: Jane|[spread] p1b\n|-activate|p1a: Jane|move: Protect\n|-immune|p2b: Pelipper\n|-supereffective|p1b: Incineroar|1\n|-damage|p1b: Incineroar|0 fnt\n|faint|p1b: Incineroar\n|\n|-weather|RainDance|[upkeep]\n|upkeep\n|\n|t:|1776201875\n|switch|p1b: Basculegion|Basculegion, L50, M|100/100\n|turn|3\n|\n|t:|1776201883\n|move|p2a: Garchomp|Protect|p2a: Garchomp\n|-singleturn|p2a: Garchomp|Protect\n|move|p1b: Basculegion|Wave Crash|p2a: Garchomp\n|-activate|p2a: Garchomp|move: Protect\n|move|p2b: Pelipper|Hurricane|p1b: Basculegion\n|-damage|p1b: Basculegion|44/100\n|move|p1a: Jane|Electro Shot||[still]\n|-prepare|p1a: Jane|Electro Shot\n|-boost|p1a: Jane|spa|1\n|-anim|p1a: Jane|Electro Shot|p2b: Pelipper\n|-supereffective|p2b: Pelipper|2\n|-enditem|p2b: Pelipper|Focus Sash\n|-damage|p2b: Pelipper|1/100\n|\n|-weather|RainDance|[upkeep]\n|upkeep\n|turn|4\n|\n|t:|1776201914\n|move|p2a: Garchomp|Protect||[still]\n|-fail|p2a: Garchomp\n|move|p1b: Basculegion|Aqua Jet|p2b: Pelipper\n|-resisted|p2b: Pelipper|1\n|-damage|p2b: Pelipper|0 fnt\n|faint|p2b: Pelipper\n|move|p1a: Jane|Flash Cannon|p2a: Garchomp\n|-damage|p2a: Garchomp|20/100\n|\n|-weather|RainDance|[upkeep]\n|upkeep\n|\n|t:|1776201917\n|switch|p2b: Basculegion|Basculegion, L50, M|69/100\n|turn|5\n|\n|t:|1776201928\n|move|p1b: Basculegion|Protect|p1b: Basculegion\n|-singleturn|p1b: Basculegion|Protect\n|move|p2a: Garchomp|Protect|p2a: Garchomp\n|-singleturn|p2a: Garchomp|Protect\n|move|p2b: Basculegion|Last Respects|p1a: Jane\n|-damage|p1a: Jane|42/100\n|-ability|p1a: Jane|Stamina|boost\n|-boost|p1a: Jane|def|1\n|move|p1a: Jane|Electro Shot||[still]\n|-prepare|p1a: Jane|Electro Shot\n|-boost|p1a: Jane|spa|1\n|-anim|p1a: Jane|Electro Shot|p2b: Basculegion\n|-supereffective|p2b: Basculegion|1\n|-damage|p2b: Basculegion|0 fnt\n|faint|p2b: Basculegion\n|\n|-weather|RainDance|[upkeep]\n|-heal|p1a: Jane|48/100|[from] item: Leftovers\n|upkeep\n|turn|6\n|\n|t:|1776201946\n|move|p2a: Garchomp|Protect||[still]\n|-fail|p2a: Garchomp\n|move|p1b: Basculegion|Aqua Jet|p2a: Garchomp\n|-damage|p2a: Garchomp|0 fnt\n|-damage|p1b: Basculegion|32/100|[from] ability: Rough Skin|[of] p2a: Garchomp\n|faint|p2a: Garchomp\n|\n|win|CallMeHumphrey\n|raw|CallMeHumphrey's rating: 1040 &rarr; <strong>1082</strong><br />(+42 for winning)\n|raw|ZA WORDLE's rating: 1120 &rarr; <strong>1089</strong><br />(-31 for losing)\n|l|\u2606ZA WORDLE\n|player|p2|\n",
  "uploadtime": 1776202016,
  "views": 27,
  "formatid": "gen9championsvgc2026regma",
  "rating": 1082,
  "private": 0,
  "password": null
}