{
  "id": "gen9championsvgc2026regma-2582567926",
  "format": "[Gen 9 Champions] VGC 2026 Reg M-A",
  "players": [
    "walkemdownm0rt",
    "Wilfredistall"
  ],
  "log": "|j|\u2606walkemdownm0rt\n|j|\u2606Wilfredistall\n|t:|1776099879\n|gametype|doubles\n|player|p1|walkemdownm0rt|boarder|1388\n|player|p2|Wilfredistall|170|1414\n|gen|9\n|tier|[Gen 9 Champions] VGC 2026 Reg M-A\n|rated|\n|rule|Species Clause: Limit one of each Pok\u00e9mon\n|rule|Item Clause: Limit 1 of each item\n|clearpoke\n|poke|p1|Floette-Eternal, L50, F|\n|poke|p1|Garchomp, L50, M|\n|poke|p1|Delphox, L50, F|\n|poke|p1|Basculegion, L50, M|\n|poke|p1|Sneasler, L50, M|\n|poke|p1|Kingambit, L50, M|\n|poke|p2|Palafin, L50, F|\n|poke|p2|Arcanine, L50, F|\n|poke|p2|Sinistcha, L50|\n|poke|p2|Sylveon, L50, F|\n|poke|p2|Aggron, L50, M|\n|poke|p2|Drampa, L50, M|\n|teampreview|4\nWilfredistall has agreed to open team sheets.\nwalkemdownm0rt has agreed to open team sheets.\n|showteam|p1|Floette-Eternal||Floettite|FlowerVeil|DrainingKiss,DazzlingGleam,CalmMind,Protect|||F|||50|]Garchomp||SitrusBerry|RoughSkin|Earthquake,DragonClaw,RockSlide,Protect|||M|||50|]Delphox||Delphoxite|Blaze|HeatWave,Psychic,WillOWisp,Protect|||F|||50|]Basculegion||FocusSash|Adaptability|Liquidation,LastRespects,AquaJet,Protect|||M|||50|]Sneasler||WhiteHerb|Unburden|CloseCombat,GunkShot,FakeOut,Protect|||M|||50|]Kingambit||ChopleBerry|Defiant|IronHead,LowKick,SuckerPunch,Protect|||M|||50|\n|showteam|p2|Palafin||MysticWater|ZerotoHero|WaveCrash,JetPunch,FlipTurn,Protect|||F|||50|]Arcanine||SitrusBerry|Intimidate|FlareBlitz,ExtremeSpeed,WillOWisp,Protect|||F|||50|]Sinistcha||Leftovers|Hospitality|MatchaGotcha,ShadowBall,TrickRoom,RagePowder||||||50|]Sylveon||FairyFeather|Pixilate|HyperVoice,HyperBeam,Protect,QuickAttack|||F|||50|]Aggron||Aggronite|Sturdy|BodyPress,HeavySlam,IronDefense,Protect|||M|||50|]Drampa||Drampanite|CloudNine|DracoMeteor,HyperVoice,Flamethrower,Protect|||M|||50|\n|j| CARtu348rjf90\n|j| number86\n|l| number86\n|\n|t:|1776099922\n|teamsize|p1|4\n|teamsize|p2|4\n|start\n|switch|p1a: Delphox|Delphox, L50, F|100/100\n|switch|p1b: Sneasler|Sneasler, L50, M|100/100\n|switch|p2a: Palafin|Palafin, L50, F|100/100\n|switch|p2b: Arcanine|Arcanine, L50, F|100/100\n|-ability|p2b: Arcanine|Intimidate|boost\n|-unboost|p1a: Delphox|atk|1\n|-unboost|p1b: Sneasler|atk|1\n|-enditem|p1b: Sneasler|White Herb\n|-clearnegativeboost|p1b: Sneasler|[silent]\n|turn|1\n|\n|t:|1776099932\n|detailschange|p1a: Delphox|Delphox-Mega, L50, F\n|-mega|p1a: Delphox|Delphox|Delphoxite\n|move|p1b: Sneasler|Fake Out|p2a: Palafin\n|-damage|p2a: Palafin|82/100\n|move|p1a: Delphox|Will-O-Wisp|p2a: Palafin\n|-status|p2a: Palafin|brn\n|cant|p2a: Palafin|flinch\n|move|p2b: Arcanine|Flare Blitz|p1b: Sneasler\n|-damage|p1b: Sneasler|6/100\n|-damage|p2b: Arcanine|74/100|[from] Recoil\n|\n|-damage|p2a: Palafin|76/100 brn|[from] brn\n|upkeep\n|turn|2\n|\n|t:|1776099949\n|move|p1b: Sneasler|Protect|p1b: Sneasler\n|-singleturn|p1b: Sneasler|Protect\n|move|p2b: Arcanine|Protect|p2b: Arcanine\n|-singleturn|p2b: Arcanine|Protect\n|move|p1a: Delphox|Psychic|p2b: Arcanine\n|-activate|p2b: Arcanine|move: Protect\n|move|p2a: Palafin|Flip Turn|p1a: Delphox\n|-supereffective|p1a: Delphox|1\n|-damage|p1a: Delphox|68/100\n|\n|t:|1776099959\n|detailschange|p2a: Palafin|Palafin-Hero, L50, F\n|switch|p2a: Sinistcha|Sinistcha, L50|100/100|[from] Flip Turn\n|-heal|p2b: Arcanine|99/100|[from] ability: Hospitality|[of] p2a: Sinistcha\n|\n|upkeep\n|turn|3\n|\n|t:|1776099966\n|switch|p2a: Palafin|Palafin-Hero, L50, F|76/100 brn\n|-activate|p2a: Palafin|ability: Zero to Hero\n|move|p2b: Arcanine|Extreme Speed|p1b: Sneasler\n|-damage|p1b: Sneasler|0 fnt\n|faint|p1b: Sneasler\n|move|p1a: Delphox|Heat Wave|p2b: Arcanine|[spread] p2a\n|-miss|p1a: Delphox|p2b: Arcanine\n|-resisted|p2a: Palafin|1\n|-damage|p2a: Palafin|56/100 brn\n|\n|-damage|p2a: Palafin|51/100 brn|[from] brn\n|upkeep\n|\n|t:|1776099976\n|switch|p1b: Basculegion|Basculegion, L50, M|100/100\n|turn|4\n|\n|t:|1776099995\n|move|p1a: Delphox|Protect|p1a: Delphox\n|-singleturn|p1a: Delphox|Protect\n|move|p2a: Palafin|Protect|p2a: Palafin\n|-singleturn|p2a: Palafin|Protect\n|move|p2b: Arcanine|Protect|p2b: Arcanine\n|-singleturn|p2b: Arcanine|Protect\n|move|p1b: Basculegion|Liquidation|p2b: Arcanine\n|-activate|p2b: Arcanine|move: Protect\n|\n|-damage|p2a: Palafin|45/100 brn|[from] brn\n|upkeep\n|turn|5\n|\n|t:|1776100010\n|move|p2b: Arcanine|Extreme Speed|p1a: Delphox\n|-damage|p1a: Delphox|39/100\n|move|p2a: Palafin|Jet Punch|p1a: Delphox\n|-supereffective|p1a: Delphox|1\n|-damage|p1a: Delphox|0 fnt\n|faint|p1a: Delphox\n|move|p1b: Basculegion|Last Respects|p2a: Palafin\n|-damage|p2a: Palafin|0 fnt\n|faint|p2a: Palafin\n|\n|upkeep\n|\n|t:|1776100017\n|switch|p1a: Kingambit|Kingambit, L50, M|100/100\n|switch|p2a: Sinistcha|Sinistcha, L50|100/100\n|-heal|p2b: Arcanine|100/100|[from] ability: Hospitality|[of] p2a: Sinistcha\n|turn|6\n|\n|t:|1776100029\n|move|p1a: Kingambit|Protect|p1a: Kingambit\n|-singleturn|p1a: Kingambit|Protect\n|move|p2a: Sinistcha|Rage Powder|p2a: Sinistcha\n|-singleturn|p2a: Sinistcha|move: Rage Powder\n|move|p2b: Arcanine|Will-O-Wisp|p1a: Kingambit\n|-activate|p1a: Kingambit|move: Protect\n|move|p1b: Basculegion|Last Respects|p2a: Sinistcha\n|-supereffective|p2a: Sinistcha|1\n|-damage|p2a: Sinistcha|0 fnt\n|faint|p2a: Sinistcha\n|\n|upkeep\n|\n|t:|1776100031\n|switch|p2a: Drampa|Drampa, L50, M|100/100\n|-ability|p2a: Drampa|Cloud Nine\n|turn|7\n|\n|t:|1776100041\n|detailschange|p2a: Drampa|Drampa-Mega, L50, M\n|-mega|p2a: Drampa|Drampa|Drampanite\n|move|p2b: Arcanine|Protect|p2b: Arcanine\n|-singleturn|p2b: Arcanine|Protect\n|move|p1b: Basculegion|Liquidation|p2b: Arcanine\n|-activate|p2b: Arcanine|move: Protect\n|move|p1a: Kingambit|Low Kick|p2a: Drampa\n|-supereffective|p2a: Drampa|1\n|-damage|p2a: Drampa|20/100\n|-ability|p2a: Drampa|Berserk|boost\n|-boost|p2a: Drampa|spa|1\n|move|p2a: Drampa|Flamethrower|p1a: Kingambit\n|-supereffective|p1a: Kingambit|1\n|-crit|p1a: Kingambit\n|-damage|p1a: Kingambit|0 fnt\n|faint|p1a: Kingambit\n|\n|upkeep\n|turn|8\n|\n|t:|1776100057\n|move|p1b: Basculegion|Liquidation|p2a: Drampa\n|-resisted|p2a: Drampa|1\n|-damage|p2a: Drampa|0 fnt\n|faint|p2a: Drampa\n|move|p2b: Arcanine|Will-O-Wisp|p1b: Basculegion\n|-status|p1b: Basculegion|brn\n|\n|-damage|p1b: Basculegion|94/100 brn|[from] brn\n|upkeep\n|turn|9\n|\n|t:|1776100060\n|move|p2b: Arcanine|Protect|p2b: Arcanine\n|-singleturn|p2b: Arcanine|Protect\n|move|p1b: Basculegion|Liquidation|p2b: Arcanine\n|-activate|p2b: Arcanine|move: Protect\n|\n|-damage|p1b: Basculegion|88/100 brn|[from] brn\n|upkeep\n|turn|10\n|j| stewpeed\n|\n|t:|1776100066\n|move|p1b: Basculegion|Last Respects|p2b: Arcanine\n|-damage|p2b: Arcanine|25/100\n|-enditem|p2b: Arcanine|Sitrus Berry|[eat]\n|-heal|p2b: Arcanine|50/100|[from] item: Sitrus Berry\n|move|p2b: Arcanine|Flare Blitz|p1b: Basculegion\n|-resisted|p1b: Basculegion|1\n|-damage|p1b: Basculegion|52/100 brn\n|-damage|p2b: Arcanine|37/100|[from] Recoil\n|\n|-damage|p1b: Basculegion|46/100 brn|[from] brn\n|upkeep\n|turn|11\n|-message|Wilfredistall forfeited.\n|\n|win|walkemdownm0rt\n|raw|walkemdownm0rt's rating: 1388 &rarr; <strong>1409</strong><br />(+21 for winning)\n|raw|Wilfredistall's rating: 1414 &rarr; <strong>1393</strong><br />(-21 for losing)\n|l|\u2606Wilfredistall\n|player|p2|\n|l|\u2606walkemdownm0rt\n|player|p1|\n",
  "uploadtime": 1776100083,
  "views": 26,
  "formatid": "gen9championsvgc2026regma",
  "rating": 1393,
  "private": 0,
  "password": null
}