{
  "id": "gen9championsvgc2026regma-2585035963",
  "format": "[Gen 9 Champions] VGC 2026 Reg M-A",
  "players": [
    "MelloJelloLol",
    "TheColorDown"
  ],
  "log": "|j|\u203dMelloJelloLol\n|j|\u2606TheColorDown\n|t:|1776305446\n|gametype|doubles\n|player|p1|MelloJelloLol|rosa|1178\n|player|p2|TheColorDown|265|1189\n|gen|9\n|tier|[Gen 9 Champions] VGC 2026 Reg M-A\n|rated|\n|rule|Species Clause: Limit one of each Pok\u00e9mon\n|rule|Item Clause: Limit 1 of each item\n|clearpoke\n|poke|p1|Gengar, L50, F|\n|poke|p1|Incineroar, L50, F|\n|poke|p1|Whimsicott, L50, M|\n|poke|p1|Sinistcha, L50|\n|poke|p1|Kommo-o, L50, F|\n|poke|p1|Politoed, L50, M|\n|poke|p2|Zoroark-Hisui, L50, F|\n|poke|p2|Delphox, L50, F|\n|poke|p2|Kingambit, L50, F|\n|poke|p2|Sneasler, L50, M|\n|poke|p2|Clefable, L50, F|\n|poke|p2|Dragonite, L50, F|\n|teampreview|4\nTheColorDown rejected open team sheets.\n|inactive|Battle timer is ON: inactive players will automatically lose when time's up. (requested by TheColorDown)\n|\n|t:|1776305477\n|teamsize|p1|4\n|teamsize|p2|4\n|start\n|switch|p1a: Gengar|Gengar, L50, F, shiny|100/100\n|switch|p1b: Politoed|Politoed, L50, M|100/100\n|switch|p2a: Kingambit|Kingambit, L50, F|100/100\n|switch|p2b: Sneasler|Sneasler, L50, M|100/100\n|-weather|RainDance|[from] ability: Drizzle|[of] p1b: Politoed\n|turn|1\n|\n|t:|1776305495\n|detailschange|p1a: Gengar|Gengar-Mega, L50, F, shiny\n|-mega|p1a: Gengar|Gengar|Gengarite\n|move|p1a: Gengar|Protect|p1a: Gengar\n|-singleturn|p1a: Gengar|Protect\n|move|p1b: Politoed|Protect|p1b: Politoed\n|-singleturn|p1b: Politoed|Protect\n|move|p2b: Sneasler|Fake Out|p1b: Politoed\n|-activate|p1b: Politoed|move: Protect\n|move|p2a: Kingambit|Kowtow Cleave|p1a: Gengar\n|-activate|p1a: Gengar|move: Protect\n|\n|-weather|RainDance|[upkeep]\n|upkeep\n|turn|2\n|\n|t:|1776305515\n|move|p1a: Gengar|Disable|p2a: Kingambit\n|-start|p2a: Kingambit|Disable|Kowtow Cleave\n|move|p2b: Sneasler|Close Combat|p1a: Gengar\n|-immune|p1a: Gengar\n|move|p1b: Politoed|Perish Song|p1b: Politoed\n|-start|p1a: Gengar|perish3|[silent]\n|-start|p1b: Politoed|perish3|[silent]\n|-start|p2a: Kingambit|perish3|[silent]\n|-start|p2b: Sneasler|perish3|[silent]\n|-fieldactivate|move: Perish Song\n|cant|p2a: Kingambit|Disable|Kowtow Cleave\n|\n|-weather|RainDance|[upkeep]\n|-start|p1a: Gengar|perish3\n|-start|p2b: Sneasler|perish3\n|-start|p1b: Politoed|perish3\n|-start|p2a: Kingambit|perish3\n|upkeep\n|turn|3\n|c|\u2606TheColorDown|shiiiii\n|inactive|MelloJelloLol has 30 seconds left.\n|inactive|TheColorDown has 30 seconds left.\n|\n|t:|1776305543\n|move|p1a: Gengar|Disable|p2b: Sneasler\n|-start|p2b: Sneasler|Disable|Close Combat\n|move|p2b: Sneasler|Dire Claw|p1b: Politoed\n|-damage|p1b: Politoed|54/100\n|move|p1b: Politoed|Encore|p2b: Sneasler\n|-start|p2b: Sneasler|Encore\n|move|p2a: Kingambit|Swords Dance|p2a: Kingambit\n|-boost|p2a: Kingambit|atk|2\n|\n|-weather|RainDance|[upkeep]\n|-heal|p1b: Politoed|60/100|[from] item: Leftovers\n|-start|p1a: Gengar|perish2\n|-start|p2b: Sneasler|perish2\n|-start|p1b: Politoed|perish2\n|-start|p2a: Kingambit|perish2\n|upkeep\n|turn|4\n|inactive|TheColorDown has 30 seconds left.\n|inactive|TheColorDown has 20 seconds left.\n|inactive|TheColorDown has 15 seconds left.\n|\n|t:|1776305588\n|move|p1a: Gengar|Protect|p1a: Gengar\n|-singleturn|p1a: Gengar|Protect\n|move|p2a: Kingambit|Sucker Punch||[still]\n|-fail|p2a: Kingambit\n|move|p2b: Sneasler|Dire Claw|p1b: Politoed\n|-damage|p1b: Politoed|19/100\n|move|p1b: Politoed|Encore|p2a: Kingambit\n|-start|p2a: Kingambit|Encore\n|\n|-weather|RainDance|[upkeep]\n|-heal|p1b: Politoed|25/100|[from] item: Leftovers\n|-start|p1a: Gengar|perish1\n|-start|p2b: Sneasler|perish1\n|-start|p1b: Politoed|perish1\n|-start|p2a: Kingambit|perish1\n|upkeep\n|turn|5\n|inactive|MelloJelloLol has 30 seconds left.\n|\n|t:|1776305614\n|switch|p1a: Incineroar|Incineroar, L50, F|100/100\n|-ability|p1a: Incineroar|Intimidate|boost\n|-unboost|p2a: Kingambit|atk|1\n|-ability|p2a: Kingambit|Defiant|boost\n|-boost|p2a: Kingambit|atk|2\n|-unboost|p2b: Sneasler|atk|1\n|switch|p1b: Sinistcha|Sinistcha, L50|100/100\n|move|p2a: Kingambit|Sucker Punch||[still]\n|-fail|p2a: Kingambit\n|move|p2b: Sneasler|Dire Claw|p1a: Incineroar\n|-damage|p1a: Incineroar|76/100\n|-status|p1a: Incineroar|par\n|\n|-weather|none\n|-end|p2a: Kingambit|Disable\n|-start|p2b: Sneasler|perish0\n|-start|p2a: Kingambit|perish0\n|upkeep\n|faint|p2b: Sneasler\n|faint|p2a: Kingambit\n|\n|t:|1776305632\n|switch|p2b: Clefable|Clefable, L50, F|100/100\n|switch|p2a: Delphox|Delphox, L50, F|100/100\n|turn|6\n|\n|t:|1776305653\n|detailschange|p2a: Delphox|Delphox-Mega, L50, F\n|-mega|p2a: Delphox|Delphox|Delphoxite\n|move|p1b: Sinistcha|Protect|p1b: Sinistcha\n|-singleturn|p1b: Sinistcha|Protect\n|move|p2a: Delphox|Substitute|p2a: Delphox\n|-start|p2a: Delphox|Substitute\n|-damage|p2a: Delphox|76/100\n|move|p2b: Clefable|Moonblast|p1a: Incineroar\n|-damage|p1a: Incineroar|52/100 par\n|move|p1a: Incineroar|Parting Shot|p2a: Delphox\n|-unboost|p2a: Delphox|atk|1\n|-unboost|p2a: Delphox|spa|1\n|\n|t:|1776305667\n|switch|p1a: Gengar|Gengar-Mega, L50, F, shiny|100/100|[from] Parting Shot\n|\n|upkeep\n|turn|7\n|inactive|TheColorDown has 30 seconds left.\n|\n|t:|1776305694\n|move|p1b: Sinistcha|Rage Powder|p1b: Sinistcha\n|-singleturn|p1b: Sinistcha|move: Rage Powder\n|move|p2a: Delphox|Psychic|p1b: Sinistcha\n|-damage|p1b: Sinistcha|70/100\n|-unboost|p1b: Sinistcha|spd|1\n|move|p1a: Gengar|Perish Song|p1a: Gengar\n|-start|p1a: Gengar|perish3|[silent]\n|-start|p1b: Sinistcha|perish3|[silent]\n|-start|p2a: Delphox|perish3|[silent]\n|-start|p2b: Clefable|perish3|[silent]\n|-fieldactivate|move: Perish Song\n|move|p2b: Clefable|Moonblast|p1b: Sinistcha\n|-damage|p1b: Sinistcha|39/100\n|\n|-start|p2a: Delphox|perish3\n|-start|p1a: Gengar|perish3\n|-start|p1b: Sinistcha|perish3\n|-start|p2b: Clefable|perish3\n|upkeep\n|turn|8\n|\n|t:|1776305711\n|move|p2b: Clefable|Helping Hand|p2a: Delphox\n|-singleturn|p2a: Delphox|Helping Hand|[of] p2b: Clefable\n|move|p1a: Gengar|Protect|p1a: Gengar\n|-singleturn|p1a: Gengar|Protect\n|move|p1b: Sinistcha|Protect|p1b: Sinistcha\n|-singleturn|p1b: Sinistcha|Protect\n|move|p2a: Delphox|Heat Wave|p1b: Sinistcha|[spread] \n|-activate|p1a: Gengar|move: Protect\n|-activate|p1b: Sinistcha|move: Protect\n|\n|-start|p2a: Delphox|perish2\n|-start|p1a: Gengar|perish2\n|-start|p1b: Sinistcha|perish2\n|-start|p2b: Clefable|perish2\n|upkeep\n|turn|9\n|c|\u2606TheColorDown|gg\n|\n|t:|1776305732\n|switch|p1b: Politoed|Politoed, L50, M|25/100\n|-weather|RainDance|[from] ability: Drizzle|[of] p1b: Politoed\n|move|p2b: Clefable|Helping Hand|p2a: Delphox\n|-singleturn|p2a: Delphox|Helping Hand|[of] p2b: Clefable\n|move|p2a: Delphox|Heat Wave|p1a: Gengar|[spread] p1a,p1b\n|-resisted|p1b: Politoed|1\n|-damage|p1a: Gengar|73/100\n|-damage|p1b: Politoed|15/100\n|move|p1a: Gengar|Disable|p2b: Clefable\n|-start|p2b: Clefable|Disable|Helping Hand\n|\n|-weather|RainDance|[upkeep]\n|-heal|p1b: Politoed|21/100|[from] item: Leftovers\n|-start|p2a: Delphox|perish1\n|-start|p1a: Gengar|perish1\n|-start|p2b: Clefable|perish1\n|upkeep\n|turn|10\n|-message|TheColorDown forfeited.\n|\n|win|MelloJelloLol\n|raw|MelloJelloLol's rating: 1178 &rarr; <strong>1204</strong><br />(+26 for winning)\n|raw|TheColorDown's rating: 1189 &rarr; <strong>1163</strong><br />(-26 for losing)\n",
  "uploadtime": 1776305768,
  "views": 23,
  "formatid": "gen9championsvgc2026regma",
  "rating": 1163,
  "private": 0,
  "password": null
}