{
  "id": "gen9championsvgc2026regma-2587666428",
  "format": "[Gen 9 Champions] VGC 2026 Reg M-A",
  "players": [
    "hyunbelievable",
    "tpmorf"
  ],
  "log": "|j|\u2606hyunbelievable\n|j|\u2606tpmorf\n|t:|1776551898\n|gametype|doubles\n|player|p1|hyunbelievable|guzma|1205\n|player|p2|tpmorf|170|1195\n|gen|9\n|tier|[Gen 9 Champions] VGC 2026 Reg M-A\n|rated|\n|rule|Species Clause: Limit one of each Pok\u00e9mon\n|rule|Item Clause: Limit 1 of each item\n|clearpoke\n|poke|p1|Blastoise, L50, F|\n|poke|p1|Sinistcha, L50|\n|poke|p1|Tyranitar, L50, M|\n|poke|p1|Excadrill, L50, F|\n|poke|p1|Incineroar, L50, M|\n|poke|p1|Typhlosion-Hisui, L50, F|\n|poke|p2|Golurk, L50|\n|poke|p2|Oranguru, L50, F|\n|poke|p2|Kingambit, L50, M|\n|poke|p2|Whimsicott, L50, M|\n|poke|p2|Torkoal, L50, M|\n|poke|p2|Glimmora, L50, F|\n|teampreview|4\n|\n|t:|1776551935\n|teamsize|p1|4\n|teamsize|p2|4\n|start\n|switch|p1a: Revy|Blastoise, L50, F|100/100\n|switch|p1b: Roberta|Typhlosion-Hisui, L50, F|100/100\n|switch|p2a: Kingambit|Kingambit, L50, M|100/100\n|switch|p2b: Glimmora|Glimmora, L50, F|100/100\n|-item|p2a: Kingambit|Black Glasses|[from] ability: Frisk|[of] p1b: Roberta\n|-item|p2b: Glimmora|Hard Stone|[from] ability: Frisk|[of] p1b: Roberta\n|turn|1\n|\n|t:|1776551964\n|switch|p1b: Balalaika|Sinistcha, L50|100/100\n|switch|p2b: Torkoal|Torkoal, L50, M|100/100\n|-weather|SunnyDay|[from] ability: Drought|[of] p2b: Torkoal\n|detailschange|p1a: Revy|Blastoise-Mega, L50, F\n|-mega|p1a: Revy|Blastoise|Blastoisinite\n|move|p2a: Kingambit|Sucker Punch||[still]\n|-fail|p2a: Kingambit\n|move|p1a: Revy|Water Spout|p2a: Kingambit|[spread] p2a,p2b\n|-supereffective|p2b: Torkoal|1\n|-damage|p2a: Kingambit|71/100\n|-damage|p2b: Torkoal|21/100\n|\n|-weather|SunnyDay|[upkeep]\n|upkeep\n|turn|2\n|\n|t:|1776551981\n|move|p2b: Torkoal|Protect|p2b: Torkoal\n|-singleturn|p2b: Torkoal|Protect\n|move|p1b: Balalaika|Rage Powder|p1b: Balalaika\n|-singleturn|p1b: Balalaika|move: Rage Powder\n|move|p1a: Revy|Water Spout|p2a: Kingambit|[spread] p2a\n|-activate|p2b: Torkoal|move: Protect\n|-damage|p2a: Kingambit|43/100\n|move|p2a: Kingambit|Kowtow Cleave|p1b: Balalaika\n|-supereffective|p1b: Balalaika|1\n|-damage|p1b: Balalaika|0 fnt\n|faint|p1b: Balalaika\n|\n|-weather|SunnyDay|[upkeep]\n|upkeep\n|\n|t:|1776551987\n|switch|p1b: Rock|Tyranitar, L50, M|100/100\n|-weather|Sandstorm|[from] ability: Sand Stream|[of] p1b: Rock\n|turn|3\n|\n|t:|1776552005\n|move|p1a: Revy|Protect|p1a: Revy\n|-singleturn|p1a: Revy|Protect\n|move|p2a: Kingambit|Sucker Punch||[still]\n|-fail|p2a: Kingambit\n|move|p1b: Rock|Low Kick|p2a: Kingambit\n|-supereffective|p2a: Kingambit|2\n|-damage|p2a: Kingambit|0 fnt\n|faint|p2a: Kingambit\n|move|p2b: Torkoal|Earth Power|p1b: Rock\n|-supereffective|p1b: Rock|1\n|-damage|p1b: Rock|70/100\n|\n|-weather|Sandstorm|[upkeep]\n|-damage|p1a: Revy|95/100|[from] Sandstorm\n|-damage|p2b: Torkoal|15/100|[from] Sandstorm\n|upkeep\n|\n|t:|1776552019\n|switch|p2a: Glimmora|Glimmora, L50, F|100/100\n|turn|4\n|\n|t:|1776552037\n|move|p2b: Torkoal|Protect|p2b: Torkoal\n|-singleturn|p2b: Torkoal|Protect\n|move|p2a: Glimmora|Earth Power|p1b: Rock\n|-supereffective|p1b: Rock|1\n|-crit|p1b: Rock\n|-damage|p1b: Rock|10/100\n|move|p1a: Revy|Water Spout|p2b: Torkoal|[spread] p2a\n|-activate|p2b: Torkoal|move: Protect\n|-supereffective|p2a: Glimmora|1\n|-damage|p2a: Glimmora|5/100\n|move|p1b: Rock|Low Kick|p2a: Glimmora\n|-damage|p2a: Glimmora|0 fnt\n|-activate|p2a: Glimmora|ability: Toxic Debris\n|-sidestart|p1: hyunbelievable|move: Toxic Spikes\n|faint|p2a: Glimmora\n|\n|-weather|Sandstorm|[upkeep]\n|-damage|p1a: Revy|89/100|[from] Sandstorm\n|-damage|p2b: Torkoal|9/100|[from] Sandstorm\n|upkeep\n|inactive|Battle timer is ON: inactive players will automatically lose when time's up. (requested by tpmorf)\n|\n|t:|1776552040\n|switch|p2a: Golurk|Golurk, L50|100/100\n|turn|5\n|\n|t:|1776552052\n|detailschange|p2a: Golurk|Golurk-Mega, L50\n|-mega|p2a: Golurk|Golurk|Golurkite\n|move|p2a: Golurk|Protect|p2a: Golurk\n|-singleturn|p2a: Golurk|Protect\n|move|p1a: Revy|Water Spout|p2b: Torkoal|[spread] p2b\n|-activate|p2a: Golurk|move: Protect\n|-supereffective|p2b: Torkoal|1\n|-damage|p2b: Torkoal|0 fnt\n|faint|p2b: Torkoal\n|move|p1b: Rock|Knock Off|p2a: Golurk\n|-activate|p2a: Golurk|move: Protect\n|\n|-weather|Sandstorm|[upkeep]\n|-damage|p1a: Revy|83/100|[from] Sandstorm\n|upkeep\n|turn|6\n|\n|t:|1776552061\n|move|p1a: Revy|Water Spout|p2a: Golurk\n|-supereffective|p2a: Golurk|1\n|-damage|p2a: Golurk|0 fnt\n|faint|p2a: Golurk\n|\n|win|hyunbelievable\n|raw|hyunbelievable's rating: 1205 &rarr; <strong>1229</strong><br />(+24 for winning)\n|raw|tpmorf's rating: 1195 &rarr; <strong>1171</strong><br />(-24 for losing)\n",
  "uploadtime": 1776552064,
  "views": 10,
  "formatid": "gen9championsvgc2026regma",
  "rating": 1171,
  "private": 0,
  "password": null
}