{
  "id": "gen9championsvgc2026regma-2588140804",
  "format": "[Gen 9 Champions] VGC 2026 Reg M-A",
  "players": [
    "SweepAllYo",
    "BANKAI_545"
  ],
  "log": "|j|\u2606SweepAllYo\n|j|\u2606BANKAI_545\n|t:|1776608457\n|gametype|doubles\n|player|p1|SweepAllYo|2|1256\n|player|p2|BANKAI_545|n|1308\n|gen|9\n|tier|[Gen 9 Champions] VGC 2026 Reg M-A\n|rated|\n|rule|Species Clause: Limit one of each Pok\u00e9mon\n|rule|Item Clause: Limit 1 of each item\n|clearpoke\n|poke|p1|Delphox, L50, F|\n|poke|p1|Floette-Eternal, L50, F|\n|poke|p1|Sneasler, L50, F|\n|poke|p1|Incineroar, L50, F|\n|poke|p1|Kingambit, L50, M|\n|poke|p1|Garchomp, L50, F|\n|poke|p2|Gengar, L50, M, shiny|\n|poke|p2|Incineroar, L50, M|\n|poke|p2|Sinistcha-Masterpiece, L50, shiny|\n|poke|p2|Tauros-Paldea-Aqua, L50, M|\n|poke|p2|Tyranitar, L50, F, shiny|\n|poke|p2|Rotom-Heat, L50, shiny|\n|teampreview|4\n|inactive|Battle timer is ON: inactive players will automatically lose when time's up. (requested by BANKAI_545)\nSweepAllYo rejected open team sheets.\n|c|\u2606SweepAllYo|glhf\n|inactive|SweepAllYo has 60 seconds left.\n|\n|t:|1776608511\n|teamsize|p1|4\n|teamsize|p2|4\n|start\n|switch|p1a: Kingambit|Kingambit, L50, M|100/100\n|switch|p1b: Sneasler|Sneasler, L50, F|100/100\n|switch|p2a: Tauros|Tauros-Paldea-Aqua, L50, M|100/100\n|switch|p2b: gengy|Gengar, L50, M, shiny|100/100\n|-ability|p2a: Tauros|Intimidate|boost\n|-unboost|p1a: Kingambit|atk|1\n|-ability|p1a: Kingambit|Defiant|boost\n|-boost|p1a: Kingambit|atk|2\n|-unboost|p1b: Sneasler|atk|1\n|-enditem|p1b: Sneasler|White Herb\n|-clearnegativeboost|p1b: Sneasler|[silent]\n|turn|1\n|\n|t:|1776608535\n|detailschange|p2b: gengy|Gengar-Mega, L50, M, shiny\n|-mega|p2b: gengy|Gengar|Gengarite\n|move|p2b: gengy|Protect|p2b: gengy\n|-singleturn|p2b: gengy|Protect\n|move|p1b: Sneasler|Fake Out|p2a: Tauros\n|-damage|p2a: Tauros|83/100\n|cant|p2a: Tauros|flinch\n|move|p1a: Kingambit|Kowtow Cleave|p2b: gengy\n|-activate|p2b: gengy|move: Protect\n|\n|upkeep\n|turn|2\n|\n|t:|1776608550\n|switch|p2b: Rotom|Rotom-Heat, L50, shiny|100/100\n|move|p1a: Kingambit|Sucker Punch|p2a: Tauros\n|-resisted|p2a: Tauros|1\n|-damage|p2a: Tauros|52/100\n|move|p1b: Sneasler|Close Combat|p2a: Tauros\n|-crit|p2a: Tauros\n|-damage|p2a: Tauros|0 fnt\n|-unboost|p1b: Sneasler|def|1\n|-unboost|p1b: Sneasler|spd|1\n|faint|p2a: Tauros\n|\n|upkeep\n|\n|t:|1776608563\n|switch|p2a: gengy|Gengar-Mega, L50, M, shiny|100/100\n|turn|3\n|\n|t:|1776608574\n|move|p1a: Kingambit|Sucker Punch||[still]\n|-fail|p1a: Kingambit\n|move|p1b: Sneasler|Close Combat|p2b: Rotom\n|-damage|p2b: Rotom|37/100\n|-unboost|p1b: Sneasler|def|1\n|-unboost|p1b: Sneasler|spd|1\n|move|p2a: gengy|Perish Song|p2a: gengy\n|-start|p1a: Kingambit|perish3|[silent]\n|-start|p1b: Sneasler|perish3|[silent]\n|-start|p2a: gengy|perish3|[silent]\n|-start|p2b: Rotom|perish3|[silent]\n|-fieldactivate|move: Perish Song\n|move|p2b: Rotom|Will-O-Wisp|p1a: Kingambit|[miss]\n|-miss|p2b: Rotom|p1a: Kingambit\n|\n|-heal|p2b: Rotom|43/100|[from] item: Leftovers\n|-start|p1b: Sneasler|perish3\n|-start|p2a: gengy|perish3\n|-start|p2b: Rotom|perish3\n|-start|p1a: Kingambit|perish3\n|upkeep\n|turn|4\n|\n|t:|1776608595\n|move|p2a: gengy|Protect|p2a: gengy\n|-singleturn|p2a: gengy|Protect\n|move|p2b: Rotom|Protect|p2b: Rotom\n|-singleturn|p2b: Rotom|Protect\n|move|p1b: Sneasler|Close Combat|p2b: Rotom\n|-activate|p2b: Rotom|move: Protect\n|move|p1a: Kingambit|Kowtow Cleave|p2a: gengy\n|-activate|p2a: gengy|move: Protect\n|\n|-heal|p2b: Rotom|48/100|[from] item: Leftovers\n|-start|p1b: Sneasler|perish2\n|-start|p2a: gengy|perish2\n|-start|p2b: Rotom|perish2\n|-start|p1a: Kingambit|perish2\n|upkeep\n|turn|5\n|\n|t:|1776608600\n|switch|p2a: roar!|Incineroar, L50, M|100/100\n|-ability|p2a: roar!|Intimidate|boost\n|-unboost|p1a: Kingambit|atk|1\n|-ability|p1a: Kingambit|Defiant|boost\n|-boost|p1a: Kingambit|atk|2\n|-unboost|p1b: Sneasler|atk|1\n|move|p1b: Sneasler|Close Combat|p2b: Rotom\n|-damage|p2b: Rotom|8/100\n|-unboost|p1b: Sneasler|def|1\n|-unboost|p1b: Sneasler|spd|1\n|move|p2b: Rotom|Volt Switch|p1a: Kingambit\n|-damage|p1a: Kingambit|74/100\n|\n|t:|1776608605\n|switch|p2b: gengy|Gengar-Mega, L50, M, shiny|100/100|[from] Volt Switch\n|move|p1a: Kingambit|Kowtow Cleave|p2a: roar!\n|-resisted|p2a: roar!|1\n|-damage|p2a: roar!|57/100\n|\n|-start|p1b: Sneasler|perish1\n|-start|p1a: Kingambit|perish1\n|upkeep\n|turn|6\n|\n|t:|1776608612\n|move|p2b: gengy|Protect|p2b: gengy\n|-singleturn|p2b: gengy|Protect\n|move|p2a: roar!|Protect|p2a: roar!\n|-singleturn|p2a: roar!|Protect\n|move|p1b: Sneasler|Close Combat|p2a: roar!\n|-activate|p2a: roar!|move: Protect\n|move|p1a: Kingambit|Low Kick|p2a: roar!\n|-activate|p2a: roar!|move: Protect\n|\n|-start|p1b: Sneasler|perish0\n|-start|p1a: Kingambit|perish0\n|faint|p1b: Sneasler\n|faint|p1a: Kingambit\n|upkeep\n|\n|t:|1776608616\n|switch|p1b: Incineroar|Incineroar, L50, F|100/100\n|switch|p1a: Garchomp|Garchomp, L50, F|100/100\n|-ability|p1b: Incineroar|Intimidate|boost\n|-unboost|p2a: roar!|atk|1\n|-unboost|p2b: gengy|atk|1\n|turn|7\n|\n|t:|1776608631\n|switch|p2b: Rotom|Rotom-Heat, L50, shiny|8/100\n|move|p1a: Garchomp|Rock Slide|p2b: Rotom|[spread] p2a,p2b\n|-supereffective|p2a: roar!|1\n|-supereffective|p2b: Rotom|1\n|-damage|p2a: roar!|21/100\n|-damage|p2b: Rotom|0 fnt\n|faint|p2b: Rotom\n|move|p1b: Incineroar|Darkest Lariat|p2a: roar!\n|-resisted|p2a: roar!|1\n|-damage|p2a: roar!|6/100\n|move|p2a: roar!|Parting Shot|p1a: Garchomp\n|-unboost|p1a: Garchomp|atk|1\n|-unboost|p1a: Garchomp|spa|1\n|\n|t:|1776608636\n|switch|p2a: gengy|Gengar-Mega, L50, M, shiny|100/100|[from] Parting Shot\n|\n|upkeep\n|\n|t:|1776608638\n|switch|p2b: roar!|Incineroar, L50, M|6/100\n|-ability|p2b: roar!|Intimidate|boost\n|-unboost|p1a: Garchomp|atk|1\n|-unboost|p1b: Incineroar|atk|1\n|turn|8\n|\n|t:|1776608649\n|move|p2b: roar!|Fake Out|p1b: Incineroar\n|-damage|p1b: Incineroar|91/100\n|move|p1a: Garchomp|Rock Slide|p2b: roar!|[spread] p2a,p2b\n|-supereffective|p2b: roar!|1\n|-damage|p2a: gengy|86/100\n|-damage|p2b: roar!|0 fnt\n|faint|p2b: roar!\n|move|p2a: gengy|Shadow Ball|p1a: Garchomp\n|-damage|p1a: Garchomp|47/100\n|cant|p1b: Incineroar|flinch\n|\n|upkeep\n|turn|9\n|c|\u2606SweepAllYo|nice perish trap\n|\n|t:|1776608659\n|move|p1a: Garchomp|Rock Slide|p2a: gengy\n|-damage|p2a: gengy|65/100\n|move|p2a: gengy|Shadow Ball|p1a: Garchomp\n|-damage|p1a: Garchomp|0 fnt\n|faint|p1a: Garchomp\n|move|p1b: Incineroar|Darkest Lariat|p2a: gengy\n|-supereffective|p2a: gengy|1\n|-damage|p2a: gengy|0 fnt\n|faint|p2a: gengy\n|\n|win|SweepAllYo\n|raw|SweepAllYo's rating: 1256 &rarr; <strong>1285</strong><br />(+29 for winning)\n|raw|BANKAI_545's rating: 1308 &rarr; <strong>1285</strong><br />(-23 for losing)\n|l|\u2606BANKAI_545\n|player|p2|\n",
  "uploadtime": 1776608681,
  "views": 15,
  "formatid": "gen9championsvgc2026regma",
  "rating": 1285,
  "private": 0,
  "password": null
}