{
  "id": "gen9championsvgc2026regma-2582000361",
  "format": "[Gen 9 Champions] VGC 2026 Reg M-A",
  "players": [
    "Rose Gastrodon",
    "Glavenus71601"
  ],
  "log": "|j|\u2606Rose Gastrodon\n|j|\u2606Glavenus71601\n|t:|1776047115\n|gametype|doubles\n|player|p1|Rose Gastrodon|barry|\n|player|p2|Glavenus71601|265|\n|gen|9\n|tier|[Gen 9 Champions] VGC 2026 Reg M-A\n|rated|Tournament battle\n|rule|Species Clause: Limit one of each Pok\u00e9mon\n|rule|Item Clause: Limit 1 of each item\n|clearpoke\n|poke|p1|Incineroar, L50, F|\n|poke|p1|Sinistcha, L50|\n|poke|p1|Floette-Eternal, L50, F|\n|poke|p1|Pelipper, L50, F|\n|poke|p1|Basculegion, L50, M|\n|poke|p1|Archaludon, L50, M|\n|poke|p2|Pelipper, L50, M|\n|poke|p2|Archaludon, L50, M|\n|poke|p2|Basculegion, L50, M|\n|poke|p2|Meganium, L50, M|\n|poke|p2|Incineroar, L50, F|\n|poke|p2|Glimmora, L50, M|\n|teampreview|4\nGlavenus71601 has agreed to open team sheets.\n|j| peekay ex\n|\n|t:|1776047157\n|teamsize|p1|4\n|teamsize|p2|4\n|start\n|switch|p1a: Pelipper|Pelipper, L50, F|100/100\n|switch|p1b: Archaludon|Archaludon, L50, M|100/100\n|switch|p2a: Glimmora|Glimmora, L50, M|100/100\n|switch|p2b: Incineroar|Incineroar, L50, F|100/100\n|-weather|RainDance|[from] ability: Drizzle|[of] p1a: Pelipper\n|-ability|p2b: Incineroar|Intimidate|boost\n|-unboost|p1a: Pelipper|atk|1\n|-unboost|p1b: Archaludon|atk|1\n|turn|1\n|\n|t:|1776047189\n|detailschange|p2a: Glimmora|Glimmora-Mega, L50, M\n|-mega|p2a: Glimmora|Glimmora|Glimmoranite\n|move|p1a: Pelipper|Protect|p1a: Pelipper\n|-singleturn|p1a: Pelipper|Protect\n|move|p1b: Archaludon|Protect|p1b: Archaludon\n|-singleturn|p1b: Archaludon|Protect\n|move|p2b: Incineroar|Fake Out|p1a: Pelipper\n|-activate|p1a: Pelipper|move: Protect\n|move|p2a: Glimmora|Power Gem|p1a: Pelipper\n|-activate|p1a: Pelipper|move: Protect\n|\n|-weather|RainDance|[upkeep]\n|upkeep\n|turn|2\n|\n|t:|1776047204\n|move|p2a: Glimmora|Spiky Shield|p2a: Glimmora\n|-singleturn|p2a: Glimmora|move: Protect\n|move|p1a: Pelipper|Tailwind|p1a: Pelipper\n|-sidestart|p1: Rose Gastrodon|move: Tailwind\n|move|p1b: Archaludon|Electro Shot||[still]\n|-prepare|p1b: Archaludon|Electro Shot\n|-boost|p1b: Archaludon|spa|1\n|-anim|p1b: Archaludon|Electro Shot|p2a: Glimmora\n|-activate|p2a: Glimmora|move: Protect\n|move|p2b: Incineroar|Parting Shot|p1b: Archaludon\n|-unboost|p1b: Archaludon|atk|1\n|-unboost|p1b: Archaludon|spa|1\n|\n|t:|1776047211\n|switch|p2b: Archaludon|Archaludon, L50, M|100/100|[from] Parting Shot\n|\n|-weather|RainDance|[upkeep]\n|upkeep\n|turn|3\n|\n|t:|1776047223\n|move|p1a: Pelipper|Weather Ball|p2a: Glimmora\n|-supereffective|p2a: Glimmora|1\n|-damage|p2a: Glimmora|0 fnt\n|faint|p2a: Glimmora\n|move|p1b: Archaludon|Electro Shot||[still]\n|-prepare|p1b: Archaludon|Electro Shot\n|-boost|p1b: Archaludon|spa|1\n|-anim|p1b: Archaludon|Electro Shot|p2b: Archaludon\n|-resisted|p2b: Archaludon|1\n|-damage|p2b: Archaludon|59/100\n|-ability|p2b: Archaludon|Stamina|boost\n|-boost|p2b: Archaludon|def|1\n|move|p2b: Archaludon|Draco Meteor|p1b: Archaludon\n|-damage|p1b: Archaludon|36/100\n|-unboost|p2b: Archaludon|spa|2\n|-ability|p1b: Archaludon|Stamina|boost\n|-boost|p1b: Archaludon|def|1\n|-enditem|p2b: Archaludon|White Herb\n|-clearnegativeboost|p2b: Archaludon|[silent]\n|\n|-weather|RainDance|[upkeep]\n|-heal|p1b: Archaludon|42/100|[from] item: Leftovers\n|upkeep\n|\n|t:|1776047227\n|switch|p2a: Incineroar|Incineroar, L50, F|100/100\n|-ability|p2a: Incineroar|Intimidate|boost\n|-unboost|p1a: Pelipper|atk|1\n|-unboost|p1b: Archaludon|atk|1\n|turn|4\n|\n|t:|1776047236\n|move|p1a: Pelipper|Protect|p1a: Pelipper\n|-singleturn|p1a: Pelipper|Protect\n|move|p1b: Archaludon|Protect|p1b: Archaludon\n|-singleturn|p1b: Archaludon|Protect\n|move|p2a: Incineroar|Fake Out|p1b: Archaludon\n|-activate|p1b: Archaludon|move: Protect\n|move|p2b: Archaludon|Electro Shot||[still]\n|-prepare|p2b: Archaludon|Electro Shot\n|-boost|p2b: Archaludon|spa|1\n|-anim|p2b: Archaludon|Electro Shot|p1a: Pelipper\n|-activate|p1a: Pelipper|move: Protect\n|\n|-weather|RainDance|[upkeep]\n|-heal|p1b: Archaludon|48/100|[from] item: Leftovers\n|upkeep\n|turn|5\n|\n|t:|1776047267\n|switch|p2a: Pelipper|Pelipper, L50, M|100/100\n|move|p1a: Pelipper|Weather Ball|p2a: Pelipper\n|-resisted|p2a: Pelipper|1\n|-damage|p2a: Pelipper|57/100\n|move|p1b: Archaludon|Draco Meteor|p2b: Archaludon\n|-damage|p2b: Archaludon|0 fnt\n|-unboost|p1b: Archaludon|spa|2\n|faint|p2b: Archaludon\n|\n|-weather|none\n|-heal|p1b: Archaludon|54/100|[from] item: Leftovers\n|-sideend|p1: Rose Gastrodon|move: Tailwind\n|upkeep\n|\n|t:|1776047275\n|switch|p2b: Incineroar|Incineroar, L50, F|100/100\n|-ability|p2b: Incineroar|Intimidate|boost\n|-unboost|p1a: Pelipper|atk|1\n|-unboost|p1b: Archaludon|atk|1\n|turn|6\n|\n|t:|1776047299\n|move|p1a: Pelipper|Hurricane|p2a: Pelipper|[miss]\n|-miss|p1a: Pelipper|p2a: Pelipper\n|move|p1b: Archaludon|Draco Meteor|p2a: Pelipper\n|-damage|p2a: Pelipper|2/100\n|-unboost|p1b: Archaludon|spa|2\n|move|p2a: Pelipper|Tailwind|p2a: Pelipper\n|-sidestart|p2: Glavenus71601|move: Tailwind\n|move|p2b: Incineroar|Flare Blitz|p1b: Archaludon\n|-damage|p1b: Archaludon|29/100\n|-ability|p1b: Archaludon|Stamina|boost\n|-boost|p1b: Archaludon|def|1\n|-damage|p2b: Incineroar|93/100|[from] Recoil\n|\n|-heal|p1b: Archaludon|36/100|[from] item: Leftovers\n|upkeep\n|turn|7\n|\n|t:|1776047309\n|move|p2a: Pelipper|Hurricane|p1b: Archaludon\n|-resisted|p1b: Archaludon|1\n|-damage|p1b: Archaludon|20/100\n|-start|p1b: Archaludon|confusion\n|-ability|p1b: Archaludon|Stamina|boost\n|-boost|p1b: Archaludon|def|1\n|move|p2b: Incineroar|Flare Blitz|p1b: Archaludon\n|-damage|p1b: Archaludon|5/100\n|-status|p1b: Archaludon|brn\n|-ability|p1b: Archaludon|Stamina|boost\n|-boost|p1b: Archaludon|def|1\n|-damage|p2b: Incineroar|88/100|[from] Recoil\n|move|p1a: Pelipper|Tailwind|p1a: Pelipper\n|-sidestart|p1: Rose Gastrodon|move: Tailwind\n|-activate|p1b: Archaludon|confusion\n|move|p1b: Archaludon|Draco Meteor|p2a: Pelipper\n|-damage|p2a: Pelipper|0 fnt\n|-unboost|p1b: Archaludon|spa|2\n|faint|p2a: Pelipper\n|\n|-heal|p1b: Archaludon|11/100 brn|[from] item: Leftovers\n|-damage|p1b: Archaludon|5/100 brn|[from] brn\n|upkeep\n|turn|8\n|\n|t:|1776047328\n|switch|p1a: Sinistcha|Sinistcha, L50|100/100\n|-heal|p1b: Archaludon|29/100 brn|[from] ability: Hospitality|[of] p1a: Sinistcha\n|-activate|p1b: Archaludon|confusion\n|move|p1b: Archaludon|Draco Meteor|p2b: Incineroar\n|-damage|p2b: Incineroar|77/100\n|-unboost|p1b: Archaludon|spa|1\n|move|p2b: Incineroar|Darkest Lariat|p1b: Archaludon\n|-crit|p1b: Archaludon\n|-damage|p1b: Archaludon|0 fnt\n|faint|p1b: Archaludon\n|\n|upkeep\n|\n|t:|1776047372\n|switch|p1b: Pelipper|Pelipper, L50, F|100/100\n|-weather|RainDance|[from] ability: Drizzle|[of] p1b: Pelipper\n|turn|9\n|\n|t:|1776047378\n|move|p1a: Sinistcha|Rage Powder|p1a: Sinistcha\n|-singleturn|p1a: Sinistcha|move: Rage Powder\n|move|p1b: Pelipper|Weather Ball|p2b: Incineroar\n|-supereffective|p2b: Incineroar|1\n|-damage|p2b: Incineroar|0 fnt\n|faint|p2b: Incineroar\n|\n|win|Rose Gastrodon\n|n|\u2606Rose Gastrodon|rosegastrodon\n|n|\u2606Glavenus71601|glavenus71601\n|n| peekay ex|peekayex\n",
  "uploadtime": 1776047379,
  "views": 15,
  "formatid": "gen9championsvgc2026regma",
  "rating": null,
  "private": 0,
  "password": null
}