{
  "id": "gen9championsvgc2026regma-2582755822",
  "format": "[Gen 9 Champions] VGC 2026 Reg M-A",
  "players": [
    "Lastmenson",
    "Zapdos79"
  ],
  "log": "|j|\u2606Lastmenson\n|j|\u2606Zapdos79\n|t:|1776111881\n|gametype|doubles\n|player|p1|Lastmenson|2|1076\n|player|p2|Zapdos79|flannery|1067\n|gen|9\n|tier|[Gen 9 Champions] VGC 2026 Reg M-A\n|rated|\n|rule|Species Clause: Limit one of each Pok\u00e9mon\n|rule|Item Clause: Limit 1 of each item\n|clearpoke\n|poke|p1|Basculegion, L50, M|\n|poke|p1|Pelipper, L50, F|\n|poke|p1|Blastoise, L50, M|\n|poke|p1|Whimsicott, L50, F|\n|poke|p1|Archaludon, L50, F|\n|poke|p1|Dragonite, L50, F|\n|poke|p2|Tyranitar, L50, M|\n|poke|p2|Zoroark-Hisui, L50, M|\n|poke|p2|Excadrill, L50, M|\n|poke|p2|Meganium, L50, F|\n|poke|p2|Farigiraf, L50, M|\n|poke|p2|Incineroar, L50, M|\n|teampreview|4\n|inactive|Battle timer is ON: inactive players will automatically lose when time's up. (requested by Lastmenson)\n|inactive|Lastmenson has 60 seconds left.\n|inactive|Zapdos79 has 60 seconds left.\n|\n|t:|1776111924\n|teamsize|p1|4\n|teamsize|p2|4\n|start\n|switch|p1a: Blastoise|Blastoise, L50, M|100/100\n|switch|p1b: Archaludon|Archaludon, L50, F|100/100\n|switch|p2a: Meganium|Meganium, L50, F|100/100\n|switch|p2b: Farigiraf|Farigiraf, L50, M|100/100\n|turn|1\n|\n|t:|1776111940\n|detailschange|p2a: Meganium|Meganium-Mega, L50, F\n|-mega|p2a: Meganium|Meganium|Meganiumite\n|move|p2a: Meganium|Dazzling Gleam|p1a: Blastoise|[spread] p1a,p1b\n|-damage|p1a: Blastoise|66/100\n|-damage|p1b: Archaludon|56/100\n|move|p1b: Archaludon|Dark Pulse|p2b: Farigiraf\n|-supereffective|p2b: Farigiraf|1\n|-damage|p2b: Farigiraf|62/100\n|move|p1a: Blastoise|Yawn|p2a: Meganium\n|-start|p2a: Meganium|move: Yawn|[of] p1a: Blastoise\n|cant|p2b: Farigiraf|flinch\n|\n|upkeep\n|turn|2\n|\n|t:|1776111962\n|switch|p2a: Tyranitar|Tyranitar, L50, M|100/100\n|-weather|Sandstorm|[from] ability: Sand Stream|[of] p2a: Tyranitar\n|move|p2b: Farigiraf|Ally Switch|p2b: Farigiraf\n|swap|p2b: Farigiraf|0|[from] move: Ally Switch\n|move|p1b: Archaludon|Electro Shot||[still]\n|-prepare|p1b: Archaludon|Electro Shot\n|-boost|p1b: Archaludon|spa|1\n|move|p1a: Blastoise|Rain Dance|p1a: Blastoise\n|-weather|RainDance\n|\n|-weather|RainDance|[upkeep]\n|-heal|p1a: Blastoise|72/100|[from] ability: Rain Dish\n|upkeep\n|turn|3\n|inactive|Zapdos79 has 30 seconds left.\n|\n|t:|1776111987\n|switch|p2b: Meganium|Meganium-Mega, L50, F|100/100\n|move|p1b: Archaludon|Electro Shot|p2b: Meganium|[from] lockedmove\n|-resisted|p2b: Meganium|1\n|-damage|p2b: Meganium|64/100\n|move|p1a: Blastoise|Liquidation|p2b: Meganium\n|-resisted|p2b: Meganium|1\n|-damage|p2b: Meganium|41/100\n|-heal|p1a: Blastoise|74/100|[from] item: Shell Bell|[of] p2b: Meganium\n|move|p2a: Farigiraf|Psychic|p1a: Blastoise\n|-damage|p1a: Blastoise|45/100\n|\n|-weather|RainDance|[upkeep]\n|-heal|p1a: Blastoise|51/100|[from] ability: Rain Dish\n|upkeep\n|turn|4\n|inactive|Lastmenson has 30 seconds left.\n|inactive|Zapdos79 has 30 seconds left.\n|inactive|Lastmenson has 20 seconds left.\n|\n|t:|1776112025\n|move|p2b: Meganium|Dazzling Gleam|p1a: Blastoise|[spread] p1a,p1b\n|-damage|p1a: Blastoise|18/100\n|-damage|p1b: Archaludon|13/100\n|move|p1b: Archaludon|Flash Cannon|p2a: Farigiraf\n|-damage|p2a: Farigiraf|15/100\n|move|p1a: Blastoise|Yawn|p2b: Meganium\n|-start|p2b: Meganium|move: Yawn|[of] p1a: Blastoise\n|move|p2a: Farigiraf|Psychic|p1a: Blastoise\n|-damage|p1a: Blastoise|0 fnt\n|faint|p1a: Blastoise\n|\n|-weather|RainDance|[upkeep]\n|upkeep\n|\n|t:|1776112038\n|switch|p1a: Dragonite|Dragonite, L50, F|100/100\n|turn|5\n|\n|t:|1776112053\n|switch|p1a: Pelipper|Pelipper, L50, F|100/100\n|move|p2b: Meganium|Dazzling Gleam|p1a: Pelipper|[spread] p1a,p1b\n|-damage|p1a: Pelipper|63/100\n|-damage|p1b: Archaludon|0 fnt\n|faint|p1b: Archaludon\n|move|p2a: Farigiraf|Thunder Wave|p1a: Pelipper\n|-status|p1a: Pelipper|par\n|\n|-weather|RainDance|[upkeep]\n|-end|p2b: Meganium|move: Yawn|[silent]\n|-status|p2b: Meganium|slp\n|upkeep\n|\n|t:|1776112064\n|switch|p1b: Dragonite|Dragonite, L50, F|100/100\n|turn|6\n|\n|t:|1776112074\n|detailschange|p1b: Dragonite|Dragonite-Mega, L50, F\n|-mega|p1b: Dragonite|Dragonite|Dragoninite\n|cant|p2b: Meganium|slp\n|move|p1b: Dragonite|Hurricane|p2a: Farigiraf\n|-crit|p2a: Farigiraf\n|-damage|p2a: Farigiraf|0 fnt\n|faint|p2a: Farigiraf\n|move|p1a: Pelipper|Hurricane|p2b: Meganium\n|-supereffective|p2b: Meganium|1\n|-damage|p2b: Meganium|0 fnt\n|faint|p2b: Meganium\n|\n|-weather|none\n|upkeep\n|\n|t:|1776112085\n|switch|p2b: Tyranitar|Tyranitar, L50, M|100/100\n|switch|p2a: Excadrill|Excadrill, L50, M|100/100\n|-weather|Sandstorm|[from] ability: Sand Stream|[of] p2b: Tyranitar\n|turn|7\n|\n|t:|1776112107\n|move|p2a: Excadrill|Rock Slide|p1a: Pelipper|[spread] p1a,p1b\n|-supereffective|p1a: Pelipper|1\n|-supereffective|p1b: Dragonite|1\n|-damage|p1a: Pelipper|17/100 par\n|-damage|p1b: Dragonite|82/100\n|move|p2b: Tyranitar|Rock Slide|p1a: Pelipper|[spread] p1a,p1b\n|-supereffective|p1a: Pelipper|1\n|-supereffective|p1b: Dragonite|1\n|-damage|p1a: Pelipper|0 fnt\n|-damage|p1b: Dragonite|28/100\n|faint|p1a: Pelipper\n|cant|p1b: Dragonite|flinch\n|\n|-weather|Sandstorm|[upkeep]\n|-damage|p1b: Dragonite|22/100|[from] Sandstorm\n|upkeep\n|turn|8\n|-message|Lastmenson forfeited.\n|\n|win|Zapdos79\n|raw|Lastmenson's rating: 1076 &rarr; <strong>1054</strong><br />(-22 for losing)\n|raw|Zapdos79's rating: 1067 &rarr; <strong>1098</strong><br />(+31 for winning)\n|l|\u2606Lastmenson\n|player|p1|\n",
  "uploadtime": 1776112120,
  "views": 22,
  "formatid": "gen9championsvgc2026regma",
  "rating": 1054,
  "private": 0,
  "password": null
}