{
  "id": "gen9championsvgc2026regma-2581279388",
  "format": "[Gen 9 Champions] VGC 2026 Reg M-A",
  "players": [
    "tranier lucas",
    "ray_game0"
  ],
  "log": "|j|\u2606tranier lucas\n|j|\u2606ray_game0\n|t:|1775980502\n|gametype|doubles\n|player|p1|tranier lucas|cynthia-masters4|1013\n|player|p2|ray_game0|hiker-gen4|1000\n|gen|9\n|tier|[Gen 9 Champions] VGC 2026 Reg M-A\n|rated|\n|rule|Species Clause: Limit one of each Pok\u00e9mon\n|rule|Item Clause: Limit 1 of each item\n|clearpoke\n|poke|p1|Charizard, L50, M|\n|poke|p1|Whimsicott, L50, M|\n|poke|p1|Incineroar, L50, M|\n|poke|p1|Venusaur, L50, M|\n|poke|p1|Garchomp, L50, F|\n|poke|p1|Milotic, L50, M|\n|poke|p2|Whimsicott, L50, M|\n|poke|p2|Glalie, L50, F|\n|poke|p2|Archaludon, L50, M|\n|poke|p2|Pelipper, L50, M|\n|teampreview|4\n|\n|t:|1775980528\n|teamsize|p1|4\n|teamsize|p2|4\n|start\n|switch|p1a: Venusaur|Venusaur, L50, M|100/100\n|switch|p1b: Whimsicott|Whimsicott, L50, M|100/100\n|switch|p2a: Whimsicott|Whimsicott, L50, M|100/100\n|switch|p2b: Glalie|Glalie, L50, F|100/100\n|turn|1\n|j| Xei_Arakis2\n|\n|t:|1775980550\n|detailschange|p2b: Glalie|Glalie-Mega, L50, F\n|-mega|p2b: Glalie|Glalie|Glalitite\n|move|p2a: Whimsicott|Tailwind|p2a: Whimsicott\n|-sidestart|p2: ray_game0|move: Tailwind\n|move|p1b: Whimsicott|Tailwind|p1b: Whimsicott\n|-sidestart|p1: tranier lucas|move: Tailwind\n|move|p2b: Glalie|Explosion|p1b: Whimsicott|[spread] p2a,p1a,p1b\n|-supereffective|p2a: Whimsicott|1\n|-supereffective|p1a: Venusaur|1\n|-supereffective|p1b: Whimsicott|1\n|-damage|p2a: Whimsicott|0 fnt\n|-damage|p1a: Venusaur|0 fnt\n|-enditem|p1b: Whimsicott|Focus Sash\n|-damage|p1b: Whimsicott|1/100\n|faint|p2b: Glalie\n|faint|p2a: Whimsicott\n|faint|p1a: Venusaur\n|\n|upkeep\n|\n|t:|1775980563\n|switch|p2a: Archaludon|Archaludon, L50, M|100/100\n|switch|p2b: Pelipper|Pelipper, L50, M|100/100\n|switch|p1a: Garchomp|Garchomp, L50, F|100/100\n|turn|2\n|\n|t:|1775980587\n|move|p1b: Whimsicott|Protect|p1b: Whimsicott\n|-singleturn|p1b: Whimsicott|Protect\n|move|p2b: Pelipper|Wide Guard|p2b: Pelipper\n|-singleturn|p2b: Pelipper|Wide Guard\n|move|p1a: Garchomp|Earthquake|p2b: Pelipper|[spread] \n|-activate|p2a: Archaludon|move: Wide Guard\n|-activate|p2b: Pelipper|move: Wide Guard\n|-activate|p1b: Whimsicott|move: Protect\n|move|p2a: Archaludon|Aura Sphere|p1a: Garchomp\n|-damage|p1a: Garchomp|69/100\n|\n|upkeep\n|turn|3\n|\n|t:|1775980614\n|switch|p1a: Charizard|Charizard, L50, M|100/100\n|move|p1b: Whimsicott|Encore|p2a: Archaludon\n|-start|p2a: Archaludon|Encore\n|move|p2a: Archaludon|Aura Sphere|p1b: Whimsicott\n|-resisted|p1b: Whimsicott|1\n|-damage|p1b: Whimsicott|0 fnt\n|faint|p1b: Whimsicott\n|move|p2b: Pelipper|Hurricane|p1a: Charizard\n|-damage|p1a: Charizard|50/100\n|\n|upkeep\n|\n|t:|1775980618\n|switch|p1b: Garchomp|Garchomp, L50, F|69/100\n|turn|4\n|\n|t:|1775980633\n|detailschange|p1a: Charizard|Charizard-Mega-Y, L50, M\n|-mega|p1a: Charizard|Charizard|Charizardite Y\n|-weather|SunnyDay|[from] ability: Drought|[of] p1a: Charizard\n|move|p1b: Garchomp|Protect|p1b: Garchomp\n|-singleturn|p1b: Garchomp|Protect\n|move|p2b: Pelipper|Wide Guard|p2b: Pelipper\n|-singleturn|p2b: Pelipper|Wide Guard\n|move|p1a: Charizard|Air Slash|p2b: Pelipper\n|-damage|p2b: Pelipper|47/100\n|move|p2a: Archaludon|Aura Sphere|p1b: Garchomp\n|-activate|p1b: Garchomp|move: Protect\n|\n|-weather|SunnyDay|[upkeep]\n|-sideend|p2: ray_game0|move: Tailwind\n|-sideend|p1: tranier lucas|move: Tailwind\n|upkeep\n|turn|5\n|\n|t:|1775980651\n|move|p1b: Garchomp|Earthquake|p2b: Pelipper|[spread] p2a\n|-immune|p1a: Charizard\n|-immune|p2b: Pelipper\n|-supereffective|p2a: Archaludon|1\n|-damage|p2a: Archaludon|48/100\n|-ability|p2a: Archaludon|Stamina|boost\n|-boost|p2a: Archaludon|def|1\n|move|p1a: Charizard|Air Slash|p2b: Pelipper\n|-damage|p2b: Pelipper|0 fnt\n|faint|p2b: Pelipper\n|move|p2a: Archaludon|Aura Sphere|p1b: Garchomp\n|-crit|p1b: Garchomp\n|-damage|p1b: Garchomp|16/100\n|\n|-weather|SunnyDay|[upkeep]\n|-end|p2a: Archaludon|Encore\n|upkeep\n|turn|6\n|\n|t:|1775980677\n|move|p1b: Garchomp|Earthquake|p2a: Archaludon|[spread] p2a\n|-immune|p1a: Charizard\n|-supereffective|p2a: Archaludon|1\n|-damage|p2a: Archaludon|7/100\n|-ability|p2a: Archaludon|Stamina|boost\n|-boost|p2a: Archaludon|def|1\n|move|p1a: Charizard|Heat Wave|p2a: Archaludon\n|-damage|p2a: Archaludon|0 fnt\n|faint|p2a: Archaludon\n|\n|win|tranier lucas\n",
  "uploadtime": 1775980505,
  "views": 10,
  "formatid": "gen9championsvgc2026regma",
  "rating": null,
  "private": 0,
  "password": null
}