{
  "id": "gen9championsvgc2026regma-2584835921",
  "format": "[Gen 9 Champions] VGC 2026 Reg M-A",
  "players": [
    "arashizzz",
    "Reilly5005"
  ],
  "log": "|j|\u2606arashizzz\n|j|\u2606Reilly5005\n|t:|1776287399\n|gametype|doubles\n|player|p1|arashizzz|veteran-gen4|1048\n|player|p2|Reilly5005|roxie|1100\n|gen|9\n|tier|[Gen 9 Champions] VGC 2026 Reg M-A\n|rated|\n|rule|Species Clause: Limit one of each Pok\u00e9mon\n|rule|Item Clause: Limit 1 of each item\n|clearpoke\n|poke|p1|Sneasler, L50, F|\n|poke|p1|Dragonite, L50, F|\n|poke|p1|Pelipper, L50, F|\n|poke|p1|Sinistcha, L50|\n|poke|p1|Floette-Eternal, L50, F|\n|poke|p1|Garchomp, L50, M|\n|poke|p2|Charizard, L50, F|\n|poke|p2|Venusaur, L50, F|\n|poke|p2|Incineroar, L50, M|\n|poke|p2|Whimsicott, L50, F|\n|poke|p2|Garchomp, L50, M|\n|poke|p2|Sneasler, L50, F|\n|teampreview|4\nReilly5005 has agreed to open team sheets.\n|\n|t:|1776287448\n|teamsize|p1|4\n|teamsize|p2|4\n|start\n|switch|p1a: Pelipper|Pelipper, L50, F|100/100\n|switch|p1b: Dragonite|Dragonite, L50, F|100/100\n|switch|p2a: Patrasche|Garchomp, L50, M|100/100\n|switch|p2b: Incineroar|Incineroar, L50, M|100/100\n|-weather|RainDance|[from] ability: Drizzle|[of] p1a: Pelipper\n|-ability|p2b: Incineroar|Intimidate|boost\n|-unboost|p1a: Pelipper|atk|1\n|-fail|p1b: Dragonite|unboost|Attack|[from] ability: Inner Focus|[of] p1b: Dragonite\n|turn|1\n|\n|t:|1776287482\n|move|p2b: Incineroar|Fake Out|p1b: Dragonite\n|-crit|p1b: Dragonite\n|-damage|p1b: Dragonite|82/100\n|move|p2a: Patrasche|Rock Slide|p1a: Pelipper|[spread] p1a,p1b\n|-supereffective|p1a: Pelipper|1\n|-supereffective|p1b: Dragonite|1\n|-damage|p1a: Pelipper|62/100\n|-damage|p1b: Dragonite|43/100\n|move|p1b: Dragonite|Draco Meteor|p2a: Patrasche\n|-supereffective|p2a: Patrasche|1\n|-damage|p2a: Patrasche|0 fnt\n|-unboost|p1b: Dragonite|spa|2\n|faint|p2a: Patrasche\n|cant|p1a: Pelipper|flinch\n|\n|-weather|RainDance|[upkeep]\n|upkeep\n|\n|t:|1776287495\n|switch|p2a: Industry Baby|Charizard, L50, F, shiny|100/100\n|turn|2\n|\n|t:|1776287550\n|switch|p1b: Garchomp|Garchomp, L50, M|100/100\n|detailschange|p2a: Industry Baby|Charizard-Mega-Y, L50, F, shiny\n|-mega|p2a: Industry Baby|Charizard|Charizardite Y\n|-weather|SunnyDay|[from] ability: Drought|[of] p2a: Industry Baby\n|move|p2a: Industry Baby|Solar Beam||[still]\n|-prepare|p2a: Industry Baby|Solar Beam\n|-anim|p2a: Industry Baby|Solar Beam|p1a: Pelipper\n|-damage|p1a: Pelipper|4/100\n|move|p1a: Pelipper|Weather Ball|p2b: Incineroar\n|-resisted|p2b: Incineroar|1\n|-damage|p2b: Incineroar|87/100\n|move|p2b: Incineroar|Parting Shot|p1b: Garchomp\n|-unboost|p1b: Garchomp|atk|1\n|-unboost|p1b: Garchomp|spa|1\n|\n|t:|1776287565\n|switch|p2b: Adolf Sneasler|Sneasler, L50, F|100/100|[from] Parting Shot\n|\n|-weather|SunnyDay|[upkeep]\n|upkeep\n|turn|3\n|\n|t:|1776287586\n|switch|p1a: Sneasler|Sneasler, L50, F|100/100\n|move|p1b: Garchomp|Stomping Tantrum|p2b: Adolf Sneasler\n|-supereffective|p2b: Adolf Sneasler|1\n|-damage|p2b: Adolf Sneasler|14/100\n|move|p2b: Adolf Sneasler|Dire Claw|p1a: Sneasler\n|-resisted|p1a: Sneasler|1\n|-damage|p1a: Sneasler|66/100\n|move|p2a: Industry Baby|Solar Beam||[still]\n|-prepare|p2a: Industry Baby|Solar Beam\n|-anim|p2a: Industry Baby|Solar Beam|p1b: Garchomp\n|-damage|p1b: Garchomp|51/100\n|\n|-weather|SunnyDay|[upkeep]\n|upkeep\n|turn|4\n|\n|t:|1776287611\n|switch|p2b: Incineroar|Incineroar, L50, M|87/100\n|-ability|p2b: Incineroar|Intimidate|boost\n|-unboost|p1a: Sneasler|atk|1\n|-unboost|p1b: Garchomp|atk|1\n|move|p1a: Sneasler|Fake Out|p2a: Industry Baby\n|-damage|p2a: Industry Baby|85/100\n|move|p1b: Garchomp|Stomping Tantrum|p2b: Incineroar\n|-supereffective|p2b: Incineroar|1\n|-damage|p2b: Incineroar|50/100\n|-enditem|p2b: Incineroar|Sitrus Berry|[eat]\n|-heal|p2b: Incineroar|75/100|[from] item: Sitrus Berry\n|cant|p2a: Industry Baby|flinch\n|\n|-weather|SunnyDay|[upkeep]\n|upkeep\n|turn|5\n|\n|t:|1776287628\n|switch|p1b: Pelipper|Pelipper, L50, F|4/100\n|-weather|RainDance|[from] ability: Drizzle|[of] p1b: Pelipper\n|move|p2b: Incineroar|Fake Out|p1b: Pelipper\n|-damage|p1b: Pelipper|0 fnt\n|faint|p1b: Pelipper\n|move|p1a: Sneasler|Close Combat|p2b: Incineroar\n|-supereffective|p2b: Incineroar|1\n|-damage|p2b: Incineroar|0 fnt\n|-unboost|p1a: Sneasler|def|1\n|-unboost|p1a: Sneasler|spd|1\n|faint|p2b: Incineroar\n|move|p2a: Industry Baby|Hurricane|p1a: Sneasler\n|-supereffective|p1a: Sneasler|1\n|-damage|p1a: Sneasler|0 fnt\n|faint|p1a: Sneasler\n|\n|-weather|RainDance|[upkeep]\n|upkeep\n|\n|t:|1776287648\n|switch|p1a: Dragonite|Dragonite, L50, F|43/100\n|switch|p1b: Garchomp|Garchomp, L50, M|51/100\n|switch|p2b: Adolf Sneasler|Sneasler, L50, F|14/100\n|turn|6\n|\n|t:|1776287692\n|detailschange|p1a: Dragonite|Dragonite-Mega, L50, F\n|-mega|p1a: Dragonite|Dragonite|Dragoninite\n|move|p2b: Adolf Sneasler|Fake Out|p1a: Dragonite\n|-damage|p1a: Dragonite|31/100\n|move|p1b: Garchomp|Stomping Tantrum|p2b: Adolf Sneasler\n|-supereffective|p2b: Adolf Sneasler|1\n|-damage|p2b: Adolf Sneasler|0 fnt\n|faint|p2b: Adolf Sneasler\n|move|p2a: Industry Baby|Weather Ball|p1b: Garchomp\n|-damage|p1b: Garchomp|0 fnt\n|faint|p1b: Garchomp\n|cant|p1a: Dragonite|flinch\n|\n|-weather|RainDance|[upkeep]\n|upkeep\n|turn|7\n|c|\u2606Reilly5005|oh my god does this entire game come down to a fucking speed tie\n|c|\u2606arashizzz|hahahahah\n|\n|t:|1776287758\n|move|p2a: Industry Baby|Hurricane|p1a: Dragonite\n|-damage|p1a: Dragonite|0 fnt\n|faint|p1a: Dragonite\n|\n|win|Reilly5005\n|raw|arashizzz's rating: 1048 &rarr; <strong>1033</strong><br />(-15 for losing)\n|raw|Reilly5005's rating: 1100 &rarr; <strong>1121</strong><br />(+21 for winning)\n|c|\u2606Reilly5005|That's so dumb\n|c|\u2606arashizzz|yea\n|l|\u2606arashizzz\n|player|p1|\n|c|\u2606Reilly5005|I don't even care that I won losing to a speed tie is awful\n|c|\u2606Reilly5005|ggs\n",
  "uploadtime": 1776287814,
  "views": 22,
  "formatid": "gen9championsvgc2026regma",
  "rating": 1033,
  "private": 0,
  "password": null
}