{
  "id": "gen9championsvgc2026regma-2583551418",
  "format": "[Gen 9 Champions] VGC 2026 Reg M-A",
  "players": [
    "firebird97631",
    "silvrvolt"
  ],
  "log": "|j|\u2606firebird97631\n|j|\u2606silvrvolt\n|html|<table width=\"100%\"><tr><td align=\"left\">firebird97631</td><td align=\"right\">silvrvolt</tr><tr><td align=\"left\"><i class=\"fa fa-circle\"></i> <i class=\"fa fa-circle-o\"></i> </td><td align=\"right\"><i class=\"fa fa-circle-o\"></i> <i class=\"fa fa-circle-o\"></i> </tr></table>\n|uhtml|bestof|<h2><strong>Game 2</strong> of <a href=\"/game-bestof3-gen9championsvgc2026regma-2583547237\">a best-of-3</a></h2>\n|t:|1776182792\n|gametype|doubles\n|player|p1|firebird97631|169|\n|player|p2|silvrvolt|2|\n|gen|9\n|tier|[Gen 9 Champions] VGC 2026 Reg M-A\n|rule|Species Clause: Limit one of each Pok\u00e9mon\n|rule|Item Clause: Limit 1 of each item\n|raw|<div class=\"infobox\"><details class=\"readmore\" open><summary><strong>1 custom rule:</strong></summary> Best of = 3</details></div>\n|clearpoke\n|poke|p1|Delphox, L50, F|\n|poke|p1|Incineroar, L50, F|\n|poke|p1|Dragonite, L50, F|\n|poke|p1|Whimsicott, L50, F|\n|poke|p1|Flapple, L50, F|\n|poke|p1|Blastoise, L50, M|\n|poke|p2|Serperior, L50, F|\n|poke|p2|Gliscor, L50, F|\n|poke|p2|Charizard, L50, M|\n|poke|p2|Azumarill, L50, M|\n|poke|p2|Archaludon, L50, M|\n|poke|p2|Raichu, L50, F|\n|teampreview|4\nsilvrvolt rejected open team sheets.\n|\n|t:|1776182812\n|teamsize|p1|4\n|teamsize|p2|4\n|start\n|switch|p1a: Blastoise|Blastoise, L50, M|100/100\n|switch|p1b: Flapple|Flapple, L50, F, shiny|100/100\n|switch|p2a: Azumarill|Azumarill, L50, M, shiny|100/100\n|switch|p2b: Archaludon|Archaludon, L50, M, shiny|100/100\n|turn|1\n|\n|t:|1776182836\n|switch|p2a: Gliscor|Gliscor, L50, F, shiny|100/100\n|move|p1b: Flapple|Grav Apple|p2a: Gliscor\n|-damage|p2a: Gliscor|38/100\n|-unboost|p2a: Gliscor|def|1\n|move|p2b: Archaludon|Iron Defense|p2b: Archaludon\n|-boost|p2b: Archaludon|def|2\n|move|p1a: Blastoise|Shell Smash|p1a: Blastoise\n|-unboost|p1a: Blastoise|def|1\n|-unboost|p1a: Blastoise|spd|1\n|-boost|p1a: Blastoise|atk|2\n|-boost|p1a: Blastoise|spa|2\n|-boost|p1a: Blastoise|spe|2\n|\n|upkeep\n|turn|2\n|-activate|p2a: Gliscor|item: Quick Claw\n|\n|t:|1776182864\n|move|p2a: Gliscor|Protect|p2a: Gliscor\n|-singleturn|p2a: Gliscor|Protect\n|move|p1a: Blastoise|Surf|p2a: Gliscor|[spread] p1b,p2b\n|-activate|p2a: Gliscor|move: Protect\n|-resisted|p1b: Flapple|2\n|-resisted|p2b: Archaludon|1\n|-crit|p2b: Archaludon\n|-damage|p1b: Flapple|73/100\n|-damage|p2b: Archaludon|56/100\n|-ability|p2b: Archaludon|Stamina|boost\n|-boost|p2b: Archaludon|def|1\n|move|p1b: Flapple|Acrobatics|p2b: Archaludon\n|-resisted|p2b: Archaludon|1\n|-damage|p2b: Archaludon|47/100\n|-ability|p2b: Archaludon|Stamina|boost\n|-boost|p2b: Archaludon|def|1\n|move|p2b: Archaludon|Dragon Tail|p1b: Flapple\n|-supereffective|p1b: Flapple|1\n|-damage|p1b: Flapple|15/100\n|drag|p1b: Delphox|Delphox, L50, F, shiny|100/100\n|\n|upkeep\n|turn|3\n|\n|t:|1776182890\n|switch|p2a: Serperior|Serperior, L50, F|100/100\n|detailschange|p1b: Delphox|Delphox-Mega, L50, F, shiny\n|-mega|p1b: Delphox|Delphox|Delphoxite\n|move|p1b: Delphox|Nasty Plot|p1b: Delphox\n|-boost|p1b: Delphox|spa|2\n|move|p1a: Blastoise|Aura Sphere|p2b: Archaludon\n|-supereffective|p2b: Archaludon|1\n|-damage|p2b: Archaludon|0 fnt\n|faint|p2b: Archaludon\n|\n|upkeep\n|\n|t:|1776182906\n|switch|p2b: Gliscor|Gliscor, L50, F, shiny|38/100\n|turn|4\n|\n|t:|1776182919\n|move|p2b: Gliscor|Protect|p2b: Gliscor\n|-singleturn|p2b: Gliscor|Protect\n|move|p1b: Delphox|Heat Wave|p2b: Gliscor|[spread] p2a\n|-activate|p2b: Gliscor|move: Protect\n|-supereffective|p2a: Serperior|1\n|-damage|p2a: Serperior|0 fnt\n|faint|p2a: Serperior\n|move|p1a: Blastoise|Blizzard|p2b: Gliscor\n|-activate|p2b: Gliscor|move: Protect\n|\n|upkeep\n|\n|t:|1776182928\n|switch|p2a: Azumarill|Azumarill, L50, M, shiny|100/100\n|turn|5\n|\n|t:|1776183084\n|move|p1b: Delphox|Dazzling Gleam|p2b: Gliscor|[spread] p2a,p2b\n|-damage|p2a: Azumarill|42/100\n|-damage|p2b: Gliscor|0 fnt\n|-enditem|p2a: Azumarill|Sitrus Berry|[eat]\n|-heal|p2a: Azumarill|66/100|[from] item: Sitrus Berry\n|faint|p2b: Gliscor\n|move|p1a: Blastoise|Blizzard|p2a: Azumarill\n|-resisted|p2a: Azumarill|1\n|-damage|p2a: Azumarill|27/100\n|move|p2a: Azumarill|Belly Drum||[still]\n|-fail|p2a: Azumarill\n|\n|upkeep\n|turn|6\n|\n|t:|1776183106\n|move|p2a: Azumarill|Aqua Jet|p1b: Delphox\n|-supereffective|p1b: Delphox|1\n|-damage|p1b: Delphox|19/100\n|move|p1b: Delphox|Dazzling Gleam|p2a: Azumarill\n|-damage|p2a: Azumarill|0 fnt\n|faint|p2a: Azumarill\n|\n|win|firebird97631\n|l|\u2606silvrvolt\n|player|p2|\n",
  "uploadtime": 1776183121,
  "views": 29,
  "formatid": "gen9championsvgc2026regma",
  "rating": null,
  "private": 0,
  "password": null
}