{
  "id": "gen9championsvgc2026regma-2586730321",
  "format": "[Gen 9 Champions] VGC 2026 Reg M-A",
  "players": [
    "wolfey clik",
    "Gellapo"
  ],
  "log": "|j|\u2606wolfey clik\n|j|\u2606Gellapo\n|t:|1776455443\n|gametype|doubles\n|player|p1|wolfey clik|101|1076\n|player|p2|Gellapo|psychic-gen4|1000\n|gen|9\n|tier|[Gen 9 Champions] VGC 2026 Reg M-A\n|rated|\n|rule|Species Clause: Limit one of each Pok\u00e9mon\n|rule|Item Clause: Limit 1 of each item\n|clearpoke\n|poke|p1|Gyarados, L50, F|\n|poke|p1|Delphox, L50, F|\n|poke|p1|Whimsicott, L50, M|\n|poke|p1|Dragonite, L50, F|\n|poke|p1|Lucario, L50, M|\n|poke|p1|Sneasler, L50, F|\n|poke|p2|Skarmory, L50, M|\n|poke|p2|Garchomp, L50, F|\n|poke|p2|Sinistcha, L50|\n|poke|p2|Sneasler, L50, M|\n|poke|p2|Incineroar, L50, M|\n|poke|p2|Primarina, L50, M|\n|teampreview|4\n|inactive|Battle timer is ON: inactive players will automatically lose when time's up. (requested by wolfey clik)\n|\n|t:|1776455506\n|teamsize|p1|4\n|teamsize|p2|4\n|start\n|switch|p1a: Sneasler|Sneasler, L50, F|100/100\n|switch|p1b: Whimsicott|Whimsicott, L50, M|100/100\n|switch|p2a: Skarmory|Skarmory, L50, M|100/100\n|switch|p2b: Incineroar|Incineroar, L50, M|100/100\n|-ability|p2b: Incineroar|Intimidate|boost\n|-unboost|p1a: Sneasler|atk|1\n|-unboost|p1b: Whimsicott|atk|1\n|-enditem|p1a: Sneasler|White Herb\n|-clearnegativeboost|p1a: Sneasler|[silent]\n|turn|1\n|\n|t:|1776455527\n|move|p2a: Skarmory|Protect|p2a: Skarmory\n|-singleturn|p2a: Skarmory|Protect\n|move|p1a: Sneasler|Fake Out|p2b: Incineroar\n|-damage|p2b: Incineroar|90/100\n|cant|p2b: Incineroar|flinch\n|move|p1b: Whimsicott|Tailwind|p1b: Whimsicott\n|-sidestart|p1: wolfey clik|move: Tailwind\n|\n|upkeep\n|turn|2\n|inactive|Gellapo has 30 seconds left.\n|\n|t:|1776455554\n|detailschange|p2a: Skarmory|Skarmory-Mega, L50, M\n|-mega|p2a: Skarmory|Skarmory|Skarmorite\n|move|p1a: Sneasler|Close Combat|p2b: Incineroar\n|-supereffective|p2b: Incineroar|1\n|-damage|p2b: Incineroar|0 fnt\n|-unboost|p1a: Sneasler|def|1\n|-unboost|p1a: Sneasler|spd|1\n|faint|p2b: Incineroar\n|move|p1b: Whimsicott|Moonblast|p2a: Skarmory\n|-resisted|p2a: Skarmory|1\n|-damage|p2a: Skarmory|80/100\n|move|p2a: Skarmory|Brave Bird|p1a: Sneasler\n|-supereffective|p1a: Sneasler|1\n|-damage|p1a: Sneasler|0 fnt\n|faint|p1a: Sneasler\n|-damage|p2a: Skarmory|44/100|[from] Recoil\n|\n|upkeep\n|\n|t:|1776455568\n|switch|p1a: Delphox|Delphox, L50, F|100/100\n|switch|p2b: Sinistcha|Sinistcha, L50|100/100\n|-heal|p2a: Skarmory|69/100|[from] ability: Hospitality|[of] p2b: Sinistcha\n|turn|3\n|\n|t:|1776455591\n|move|p1b: Whimsicott|Protect|p1b: Whimsicott\n|-singleturn|p1b: Whimsicott|Protect\n|move|p2b: Sinistcha|Rage Powder|p2b: Sinistcha\n|-singleturn|p2b: Sinistcha|move: Rage Powder\n|move|p1a: Delphox|Calm Mind|p1a: Delphox\n|-boost|p1a: Delphox|spa|1\n|-boost|p1a: Delphox|spd|1\n|move|p2a: Skarmory|Tailwind|p2a: Skarmory\n|-sidestart|p2: Gellapo|move: Tailwind\n|\n|upkeep\n|turn|4\n|\n|t:|1776455610\n|move|p1b: Whimsicott|Helping Hand|p1a: Delphox\n|-singleturn|p1a: Delphox|Helping Hand|[of] p1b: Whimsicott\n|move|p2a: Skarmory|Protect|p2a: Skarmory\n|-singleturn|p2a: Skarmory|Protect\n|move|p2b: Sinistcha|Protect|p2b: Sinistcha\n|-singleturn|p2b: Sinistcha|Protect\n|move|p1a: Delphox|Flamethrower|p2b: Sinistcha\n|-activate|p2b: Sinistcha|move: Protect\n|\n|-sideend|p1: wolfey clik|move: Tailwind\n|upkeep\n|turn|5\n|\n|t:|1776455629\n|switch|p2b: Garchomp|Garchomp, L50, F|100/100\n|move|p1b: Whimsicott|Tailwind|p1b: Whimsicott\n|-sidestart|p1: wolfey clik|move: Tailwind\n|move|p2a: Skarmory|Brave Bird|p1a: Delphox\n|-damage|p1a: Delphox|36/100\n|-damage|p2a: Skarmory|43/100|[from] Recoil\n|move|p1a: Delphox|Calm Mind|p1a: Delphox\n|-boost|p1a: Delphox|spa|1\n|-boost|p1a: Delphox|spd|1\n|\n|upkeep\n|turn|6\n|\n|t:|1776455651\n|move|p2a: Skarmory|Protect|p2a: Skarmory\n|-singleturn|p2a: Skarmory|Protect\n|move|p1a: Delphox|Flamethrower|p2a: Skarmory\n|-activate|p2a: Skarmory|move: Protect\n|move|p1b: Whimsicott|Moonblast|p2b: Garchomp\n|-supereffective|p2b: Garchomp|1\n|-damage|p2b: Garchomp|44/100\n|move|p2b: Garchomp|Rock Slide|p1a: Delphox|[spread] p1a,p1b\n|-supereffective|p1a: Delphox|1\n|-damage|p1a: Delphox|0 fnt\n|-damage|p1b: Whimsicott|75/100\n|faint|p1a: Delphox\n|\n|-sideend|p2: Gellapo|move: Tailwind\n|upkeep\n|\n|t:|1776455655\n|switch|p1a: Lucario|Lucario, L50, M|100/100\n|turn|7\n|\n|t:|1776455677\n|switch|p2b: Sinistcha|Sinistcha, L50|100/100\n|-heal|p2a: Skarmory|68/100|[from] ability: Hospitality|[of] p2b: Sinistcha\n|detailschange|p1a: Lucario|Lucario-Mega, L50, M\n|-mega|p1a: Lucario|Lucario|Lucarionite\n|move|p1a: Lucario|Nasty Plot|p1a: Lucario\n|-boost|p1a: Lucario|spa|2\n|move|p1b: Whimsicott|Moonblast|p2b: Sinistcha\n|-damage|p2b: Sinistcha|65/100\n|move|p2a: Skarmory|Iron Head|p1b: Whimsicott\n|-supereffective|p1b: Whimsicott|1\n|-damage|p1b: Whimsicott|0 fnt\n|faint|p1b: Whimsicott\n|\n|-heal|p2b: Sinistcha|70/100|[from] item: Leftovers\n|upkeep\n|turn|8\n|inactive|Gellapo has 30 seconds left.\n|inactive|Gellapo has 20 seconds left.\n|\n|t:|1776455717\n|switch|p2b: Garchomp|Garchomp, L50, F|44/100\n|move|p1a: Lucario|Flash Cannon|p2b: Garchomp\n|-damage|p2b: Garchomp|0 fnt\n|faint|p2b: Garchomp\n|move|p2a: Skarmory|Brave Bird|p1a: Lucario\n|-damage|p1a: Lucario|29/100\n|-damage|p2a: Skarmory|41/100|[from] Recoil\n|\n|-sideend|p1: wolfey clik|move: Tailwind\n|upkeep\n|\n|t:|1776455726\n|switch|p2b: Sinistcha|Sinistcha, L50|70/100\n|-heal|p2a: Skarmory|66/100|[from] ability: Hospitality|[of] p2b: Sinistcha\n|turn|9\n|\n|t:|1776455737\n|move|p2b: Sinistcha|Rage Powder|p2b: Sinistcha\n|-singleturn|p2b: Sinistcha|move: Rage Powder\n|move|p2a: Skarmory|Brave Bird|p1a: Lucario\n|-damage|p1a: Lucario|0 fnt\n|faint|p1a: Lucario\n|-damage|p2a: Skarmory|55/100|[from] Recoil\n|\n|win|Gellapo\n|raw|wolfey clik's rating: 1076 &rarr; <strong>1050</strong><br />(-26 for losing)\n|raw|Gellapo's rating: 1000 &rarr; <strong>1049</strong><br />(+49 for winning)\n|l|\u2606wolfey clik\n|player|p1|\n|c|\u2606Gellapo|gg wp\n",
  "uploadtime": 1776455804,
  "views": 30,
  "formatid": "gen9championsvgc2026regma",
  "rating": 1049,
  "private": 0,
  "password": null
}