{
  "id": "gen9championsvgc2026regma-2583025052",
  "format": "[Gen 9 Champions] VGC 2026 Reg M-A",
  "players": [
    "Vengeance0",
    "velvet132"
  ],
  "log": "|j|\u2606Vengeance0\n|j|\u2606velvet132\n|t:|1776134404\n|gametype|doubles\n|player|p1|Vengeance0|rosa|1093\n|player|p2|velvet132|bruno|1032\n|gen|9\n|tier|[Gen 9 Champions] VGC 2026 Reg M-A\n|rated|\n|rule|Species Clause: Limit one of each Pok\u00e9mon\n|rule|Item Clause: Limit 1 of each item\n|clearpoke\n|poke|p1|Tsareena, L50, F|\n|poke|p1|Slowking, L50, M|\n|poke|p1|Camerupt, L50, F|\n|poke|p1|Crabominable, L50, M|\n|poke|p1|Incineroar, L50, M|\n|poke|p1|Hatterene, L50, F|\n|poke|p2|Starmie, L50|\n|poke|p2|Incineroar, L50, M|\n|poke|p2|Sneasler, L50, F|\n|poke|p2|Dragonite, L50, M|\n|poke|p2|Pelipper, L50, M|\n|poke|p2|Archaludon, L50, F|\n|teampreview|4\n|inactive|Battle timer is ON: inactive players will automatically lose when time's up. (requested by velvet132)\nVengeance0 rejected open team sheets.\n|\n|t:|1776134422\n|teamsize|p1|4\n|teamsize|p2|4\n|start\n|switch|p1a: Incineroar|Incineroar, L50, M|100/100\n|switch|p1b: Slowking|Slowking, L50, M|100/100\n|switch|p2a: :V|Pelipper, L50, M, shiny|100/100\n|switch|p2b: Patricio|Starmie, L50|100/100\n|-weather|RainDance|[from] ability: Drizzle|[of] p2a: :V\n|-ability|p1a: Incineroar|Intimidate|boost\n|-unboost|p2a: :V|atk|1\n|-unboost|p2b: Patricio|atk|1\n|turn|1\n|\n|t:|1776134444\n|detailschange|p2b: Patricio|Starmie-Mega, L50\n|-mega|p2b: Patricio|Starmie|Starminite\n|move|p1a: Incineroar|Fake Out|p2b: Patricio\n|-damage|p2b: Patricio|84/100\n|cant|p2b: Patricio|flinch\n|move|p2a: :V|Tailwind|p2a: :V\n|-sidestart|p2: velvet132|move: Tailwind\n|move|p1b: Slowking|Trick Room|p1b: Slowking\n|-fieldstart|move: Trick Room|[of] p1b: Slowking\n|\n|-weather|RainDance|[upkeep]\n|upkeep\n|turn|2\n|\n|t:|1776134459\n|move|p2b: Patricio|Aqua Jet|p1a: Incineroar\n|-supereffective|p1a: Incineroar|1\n|-damage|p1a: Incineroar|34/100\n|-enditem|p1a: Incineroar|Sitrus Berry|[eat]\n|-heal|p1a: Incineroar|59/100|[from] item: Sitrus Berry\n|-prepare|p1b: Slowking|Chilly Reception|[premajor]\n|move|p1b: Slowking|Chilly Reception|p1b: Slowking\n|-weather|Snowscape\n|\n|t:|1776134473\n|switch|p1b: Crabominable|Crabominable, L50, M|100/100|[from] Chilly Reception\n|move|p1a: Incineroar|Darkest Lariat|p2b: Patricio\n|-supereffective|p2b: Patricio|1\n|-damage|p2b: Patricio|0 fnt\n|faint|p2b: Patricio\n|move|p2a: :V|Hurricane|p1b: Crabominable\n|-supereffective|p1b: Crabominable|1\n|-damage|p1b: Crabominable|0 fnt\n|faint|p1b: Crabominable\n|\n|-weather|Snowscape|[upkeep]\n|upkeep\n|\n|t:|1776134489\n|switch|p1b: Hatterene|Hatterene, L50, F|100/100\n|switch|p2b: To\u00f1o the Tiger|Incineroar, L50, M, shiny|100/100\n|-ability|p2b: To\u00f1o the Tiger|Intimidate|boost\n|-unboost|p1a: Incineroar|atk|1\n|-unboost|p1b: Hatterene|atk|1\n|turn|3\n|\n|t:|1776134504\n|switch|p1a: Slowking|Slowking, L50, M|100/100\n|move|p1b: Hatterene|Protect|p1b: Hatterene\n|-singleturn|p1b: Hatterene|Protect\n|move|p2b: To\u00f1o the Tiger|Fake Out|p1a: Slowking\n|-damage|p1a: Slowking|89/100\n|move|p2a: :V|Weather Ball|p1b: Hatterene\n|-activate|p1b: Hatterene|move: Protect\n|\n|-weather|Snowscape|[upkeep]\n|upkeep\n|turn|4\n|\n|t:|1776134521\n|move|p1b: Hatterene|Dazzling Gleam|p2b: To\u00f1o the Tiger|[spread] p2a,p2b\n|-damage|p2a: :V|35/100\n|-damage|p2b: To\u00f1o the Tiger|62/100\n|move|p1a: Slowking|Scald|p2b: To\u00f1o the Tiger\n|-supereffective|p2b: To\u00f1o the Tiger|1\n|-damage|p2b: To\u00f1o the Tiger|5/100\n|-enditem|p2b: To\u00f1o the Tiger|Sitrus Berry|[eat]\n|-heal|p2b: To\u00f1o the Tiger|30/100|[from] item: Sitrus Berry\n|move|p2b: To\u00f1o the Tiger|Darkest Lariat|p1a: Slowking\n|-supereffective|p1a: Slowking|1\n|-enditem|p1a: Slowking|Colbur Berry|[eat]\n|-enditem|p1a: Slowking|Colbur Berry|[weaken]\n|-damage|p1a: Slowking|56/100\n|move|p2a: :V|Weather Ball|p1b: Hatterene\n|-damage|p1b: Hatterene|71/100\n|\n|-weather|Snowscape|[upkeep]\n|-sideend|p2: velvet132|move: Tailwind\n|upkeep\n|turn|5\n|\n|t:|1776134542\n|move|p2a: :V|Protect|p2a: :V\n|-singleturn|p2a: :V|Protect\n|move|p1b: Hatterene|Psychic|p2a: :V\n|-activate|p2a: :V|move: Protect\n|move|p1a: Slowking|Scald|p2b: To\u00f1o the Tiger\n|-supereffective|p2b: To\u00f1o the Tiger|1\n|-damage|p2b: To\u00f1o the Tiger|0 fnt\n|faint|p2b: To\u00f1o the Tiger\n|\n|-weather|Snowscape|[upkeep]\n|-fieldend|move: Trick Room\n|upkeep\n|\n|t:|1776134552\n|switch|p2b: Yeri Mua|Sneasler, L50, F|100/100\n|turn|6\n|\n|t:|1776134560\n|move|p1b: Hatterene|Protect|p1b: Hatterene\n|-singleturn|p1b: Hatterene|Protect\n|move|p2b: Yeri Mua|Fake Out|p1a: Slowking\n|-damage|p1a: Slowking|43/100\n|move|p2a: :V|Weather Ball|p1b: Hatterene\n|-activate|p1b: Hatterene|move: Protect\n|cant|p1a: Slowking|flinch\n|\n|-weather|none\n|upkeep\n|turn|7\n|\n|t:|1776134583\n|switch|p1b: Incineroar|Incineroar, L50, M|59/100\n|-ability|p1b: Incineroar|Intimidate|boost\n|-unboost|p2a: :V|atk|1\n|-unboost|p2b: Yeri Mua|atk|1\n|-enditem|p2b: Yeri Mua|White Herb\n|-clearnegativeboost|p2b: Yeri Mua|[silent]\n|move|p2b: Yeri Mua|Dire Claw|p1a: Slowking\n|-damage|p1a: Slowking|3/100\n|-status|p1a: Slowking|slp\n|move|p2a: :V|Hurricane|p1b: Incineroar\n|-damage|p1b: Incineroar|18/100\n|-start|p1b: Incineroar|confusion\n|cant|p1a: Slowking|slp\n|\n|upkeep\n|turn|8\n|inactive|velvet132 has 30 seconds left.\n|\n|t:|1776134609\n|move|p2b: Yeri Mua|Protect|p2b: Yeri Mua\n|-singleturn|p2b: Yeri Mua|Protect\n|-activate|p1b: Incineroar|confusion\n|-damage|p1b: Incineroar|6/100|[from] confusion\n|move|p2a: :V|Weather Ball|p1b: Incineroar\n|-damage|p1b: Incineroar|0 fnt\n|faint|p1b: Incineroar\n|-curestatus|p1a: Slowking|slp|[msg]\n|move|p1a: Slowking|Trick Room|p1a: Slowking\n|-fieldstart|move: Trick Room|[of] p1a: Slowking\n|\n|upkeep\n|\n|t:|1776134619\n|switch|p1b: Hatterene|Hatterene, L50, F|71/100\n|turn|9\n|\n|t:|1776134629\n|move|p1b: Hatterene|Psychic|p2b: Yeri Mua\n|-supereffective|p2b: Yeri Mua|2\n|-damage|p2b: Yeri Mua|0 fnt\n|faint|p2b: Yeri Mua\n|move|p1a: Slowking|Psychic Noise|p2a: :V\n|-damage|p2a: :V|0 fnt\n|faint|p2a: :V\n|\n|win|Vengeance0\n|raw|Vengeance0's rating: 1093 &rarr; <strong>1115</strong><br />(+22 for winning)\n|raw|velvet132's rating: 1032 &rarr; <strong>1020</strong><br />(-12 for losing)\n|l|\u2606velvet132\n|player|p2|\n",
  "uploadtime": 1776134638,
  "views": 17,
  "formatid": "gen9championsvgc2026regma",
  "rating": 1020,
  "private": 0,
  "password": null
}