{
  "id": "gen9championsvgc2026regma-2587184309",
  "format": "[Gen 9 Champions] VGC 2026 Reg M-A",
  "players": [
    "lolgz",
    "magicalarcher57"
  ],
  "log": "|j|\u2606lolgz\n|j|\u2606magicalarcher57\n|t:|1776505726\n|gametype|doubles\n|player|p1|lolgz|dawn|\n|player|p2|magicalarcher57|valerie|\n|gen|9\n|tier|[Gen 9 Champions] VGC 2026 Reg M-A\n|rated|Tournament battle\n|rule|Species Clause: Limit one of each Pok\u00e9mon\n|rule|Item Clause: Limit 1 of each item\n|raw|<div class=\"infobox\"><details class=\"readmore\" open><summary><strong>1 custom rule:</strong></summary> Force Open Team Sheets</details></div>\n|clearpoke\n|poke|p1|Floette-Eternal, L50, F|\n|poke|p1|Maushold, L50|\n|poke|p1|Garchomp, L50, M|\n|poke|p1|Aerodactyl, L50, M|\n|poke|p1|Delphox, L50, F|\n|poke|p1|Milotic, L50, M|\n|poke|p2|Kangaskhan, L50, F, shiny|\n|poke|p2|Farigiraf, L50, F, shiny|\n|poke|p2|Talonflame, L50, M, shiny|\n|poke|p2|Floette-Eternal, L50, F|\n|poke|p2|Sneasler, L50, M, shiny|\n|poke|p2|Basculegion, L50, M, shiny|\n|teampreview|4\n|showteam|p1|Floette-Eternal||Floettite|FlowerVeil|Moonblast,DazzlingGleam,LightofRuin,Protect|||F|||50|]Maushold||SitrusBerry|FriendGuard|SuperFang,FollowMe,FakeTears,Encore||||||50|]Garchomp||WhiteHerb|RoughSkin|Earthquake,DragonClaw,StompingTantrum,Protect|||M|||50|]Aerodactyl||FocusSash|Unnerve|RockSlide,Tailwind,DualWingbeat,Protect|||M|||50|]Delphox||Delphoxite|Blaze|HeatWave,Psychic,Substitute,Protect|||F|||50|]Milotic||Leftovers|Competitive|Scald,IceBeam,Protect,Recover|||M|||50|\n|showteam|p2|Kangaskhan||Kangaskhanite|Scrappy|FakeOut,HammerArm,DoubleEdge,Crunch|||F|||50|]Farigiraf||ColburBerry|ArmorTail|ShadowBall,HyperVoice,TrickRoom,Psychic|||F|||50|]Talonflame||SharpBeak|GaleWings|Tailwind,Taunt,Overheat,BraveBird|||M|||50|]Floette-Eternal||Floettite|FlowerVeil|Moonblast,LightofRuin,DazzlingGleam,Protect|||F|||50|]Sneasler||FocusSash|Unburden|FakeOut,CloseCombat,DireClaw,Protect|||M|||50|]Basculegion||MysticWater|Adaptability|WaveCrash,LastRespects,AquaJet,Protect|||M|||50|\n|j| Jamstiffer\n|j|@llefface\n|\n|t:|1776505760\n|teamsize|p1|4\n|teamsize|p2|4\n|start\n|switch|p1a: Aerodactyl|Aerodactyl, L50, M|100/100\n|switch|p1b: Garchomp|Garchomp, L50, M|100/100\n|switch|p2a: Ryoiki Tenkai|Farigiraf, L50, F, shiny|100/100\n|switch|p2b: Kangaskhan|Kangaskhan, L50, F, shiny|100/100\n|-ability|p1a: Aerodactyl|Unnerve\n|turn|1\n|j| INT Leite Ninho\n|\n|t:|1776505778\n|move|p2b: Kangaskhan|Fake Out|p1a: Aerodactyl\n|-resisted|p1a: Aerodactyl|1\n|-damage|p1a: Aerodactyl|84/100\n|cant|p1a: Aerodactyl|flinch\n|move|p1b: Garchomp|Earthquake|p2a: Ryoiki Tenkai|[spread] p2a,p2b\n|-immune|p1a: Aerodactyl\n|-damage|p2a: Ryoiki Tenkai|64/100\n|-damage|p2b: Kangaskhan|64/100\n|move|p2a: Ryoiki Tenkai|Trick Room|p2a: Ryoiki Tenkai\n|-fieldstart|move: Trick Room|[of] p2a: Ryoiki Tenkai\n|\n|upkeep\n|turn|2\n|\n|t:|1776505788\n|detailschange|p2b: Kangaskhan|Kangaskhan-Mega, L50, F, shiny\n|-mega|p2b: Kangaskhan|Kangaskhan|Kangaskhanite\n|move|p2a: Ryoiki Tenkai|Hyper Voice|p1a: Aerodactyl|[spread] p1a,p1b\n|-resisted|p1a: Aerodactyl|1\n|-damage|p1a: Aerodactyl|60/100\n|-damage|p1b: Garchomp|60/100\n|move|p2b: Kangaskhan|Double-Edge|p1b: Garchomp\n|-damage|p1b: Garchomp|0 fnt\n|-damage|p2b: Kangaskhan|51/100|[from] ability: Rough Skin|[of] p1b: Garchomp\n|faint|p1b: Garchomp\n|-hitcount|p1: Garchomp|1\n|-damage|p2b: Kangaskhan|34/100|[from] Recoil\n|move|p1a: Aerodactyl|Rock Slide|p2b: Kangaskhan|[spread] p2a,p2b\n|-damage|p2a: Ryoiki Tenkai|42/100\n|-damage|p2b: Kangaskhan|16/100\n|\n|upkeep\n|\n|t:|1776505797\n|switch|p1b: Floette|Floette-Eternal, L50, F|100/100\n|turn|3\n|\n|t:|1776505813\n|move|p1b: Floette|Protect|p1b: Floette\n|-singleturn|p1b: Floette|Protect\n|move|p1a: Aerodactyl|Protect|p1a: Aerodactyl\n|-singleturn|p1a: Aerodactyl|Protect\n|move|p2a: Ryoiki Tenkai|Hyper Voice|p1a: Aerodactyl|[spread] \n|-activate|p1a: Aerodactyl|move: Protect\n|-activate|p1b: Floette|move: Protect\n|move|p2b: Kangaskhan|Hammer Arm|p1a: Aerodactyl\n|-activate|p1a: Aerodactyl|move: Protect\n|\n|upkeep\n|turn|4\n|\n|t:|1776505834\n|switch|p1b: Maushold|Maushold, L50|100/100\n|move|p2a: Ryoiki Tenkai|Hyper Voice|p1b: Maushold|[spread] p1a,p1b\n|-resisted|p1a: Aerodactyl|1\n|-damage|p1a: Aerodactyl|41/100\n|-damage|p1b: Maushold|59/100\n|move|p2b: Kangaskhan|Double-Edge|p1b: Maushold\n|-damage|p1b: Maushold|0 fnt\n|faint|p1b: Maushold\n|-hitcount|p1: Maushold|1\n|-damage|p2b: Kangaskhan|0 fnt|[from] Recoil\n|faint|p2b: Kangaskhan\n|move|p1a: Aerodactyl|Rock Slide|p2a: Ryoiki Tenkai\n|-damage|p2a: Ryoiki Tenkai|13/100\n|\n|upkeep\n|\n|t:|1776505857\n|switch|p2b: Basculegion|Basculegion, L50, M, shiny|100/100\n|switch|p1b: Floette|Floette-Eternal, L50, F|100/100\n|turn|5\n|\n|t:|1776505875\n|detailschange|p1b: Floette|Floette-Mega, L50, F\n|-mega|p1b: Floette|Floette|Floettite\n|-ability|p1b: Floette|Fairy Aura\n|move|p1b: Floette|Protect|p1b: Floette\n|-singleturn|p1b: Floette|Protect\n|move|p2a: Ryoiki Tenkai|Psychic|p1a: Aerodactyl\n|-damage|p1a: Aerodactyl|0 fnt\n|faint|p1a: Aerodactyl\n|move|p2b: Basculegion|Wave Crash|p1b: Floette\n|-activate|p1b: Floette|move: Protect\n|\n|-fieldend|move: Trick Room\n|upkeep\n|turn|6\n|\n|t:|1776505888\n|move|p2b: Basculegion|Protect|p2b: Basculegion\n|-singleturn|p2b: Basculegion|Protect\n|move|p1b: Floette|Light of Ruin|p2b: Basculegion\n|-activate|p2b: Basculegion|move: Protect\n|move|p2a: Ryoiki Tenkai|Trick Room|p2a: Ryoiki Tenkai\n|-fieldstart|move: Trick Room|[of] p2a: Ryoiki Tenkai\n|\n|upkeep\n|turn|7\n|\n|t:|1776505902\n|move|p2a: Ryoiki Tenkai|Psychic|p1b: Floette\n|-damage|p1b: Floette|60/100\n|move|p2b: Basculegion|Wave Crash|p1b: Floette\n|-damage|p1b: Floette|0 fnt\n|faint|p1b: Floette\n|-damage|p2b: Basculegion|88/100|[from] Recoil\n|\n|win|magicalarcher57\n|n|\u2606lolgz|lolgz\n|n|\u2606magicalarcher57|magicalarcher57\n|n| Jamstiffer|jamstiffer\n|n| llefface|llefface\n|n| INT Leite Ninho|intleiteninho\n",
  "uploadtime": 1776505902,
  "views": 13,
  "formatid": "gen9championsvgc2026regma",
  "rating": null,
  "private": 0,
  "password": null
}