{
  "id": "gen9championsvgc2026regma-2585421262",
  "format": "[Gen 9 Champions] VGC 2026 Reg M-A",
  "players": [
    "imxdness \u266a",
    "TytaniumV"
  ],
  "log": "|j|\u2606imxdness \u266a\n|j|\u2606TytaniumV\n|t:|1776346122\n|gametype|doubles\n|player|p1|imxdness \u266a|169|1286\n|player|p2|TytaniumV|cyclist-gen4|1374\n|gen|9\n|tier|[Gen 9 Champions] VGC 2026 Reg M-A\n|rated|\n|rule|Species Clause: Limit one of each Pok\u00e9mon\n|rule|Item Clause: Limit 1 of each item\n|clearpoke\n|poke|p1|Pelipper, L50, M|\n|poke|p1|Archaludon, L50, M|\n|poke|p1|Dragonite, L50, M|\n|poke|p1|Incineroar, L50, F|\n|poke|p1|Sneasler, L50, M|\n|poke|p1|Kingambit, L50, F|\n|poke|p2|Garchomp, L50, M|\n|poke|p2|Rotom-Wash, L50|\n|poke|p2|Delphox, L50, M|\n|poke|p2|Orthworm, L50, F|\n|poke|p2|Tyranitar, L50, M|\n|poke|p2|Aerodactyl, L50, M|\n|teampreview|4\n|inactive|Battle timer is ON: inactive players will automatically lose when time's up. (requested by imxdness \u266a)\n|\n|t:|1776346151\n|teamsize|p1|4\n|teamsize|p2|4\n|start\n|switch|p1a: Incineroar|Incineroar, L50, F|100/100\n|switch|p1b: Dragonite|Dragonite, L50, M|100/100\n|switch|p2a: Rotom|Rotom-Wash, L50|100/100\n|switch|p2b: Orthworm|Orthworm, L50, F|100/100\n|-ability|p1a: Incineroar|Intimidate|boost\n|-unboost|p2a: Rotom|atk|1\n|-unboost|p2b: Orthworm|atk|1\n|turn|1\n|\n|t:|1776346166\n|detailschange|p1b: Dragonite|Dragonite-Mega, L50, M\n|-mega|p1b: Dragonite|Dragonite|Dragoninite\n|move|p1a: Incineroar|Fake Out|p2a: Rotom\n|-damage|p2a: Rotom|86/100\n|move|p1b: Dragonite|Tailwind|p1b: Dragonite\n|-sidestart|p1: imxdness \u266a|move: Tailwind\n|cant|p2a: Rotom|flinch\n|move|p2b: Orthworm|Body Press|p1a: Incineroar\n|-supereffective|p1a: Incineroar|1\n|-damage|p1a: Incineroar|40/100\n|-enditem|p1a: Incineroar|Sitrus Berry|[eat]\n|-heal|p1a: Incineroar|65/100|[from] item: Sitrus Berry\n|\n|-heal|p2a: Rotom|92/100|[from] item: Leftovers\n|upkeep\n|turn|2\n|inactive|imxdness \u266a has 30 seconds left.\n|\n|t:|1776346193\n|switch|p2b: Tyranitar|Tyranitar, L50, M|100/100\n|-weather|Sandstorm|[from] ability: Sand Stream|[of] p2b: Tyranitar\n|move|p1b: Dragonite|Hurricane|p2a: Rotom\n|-resisted|p2a: Rotom|1\n|-damage|p2a: Rotom|62/100\n|move|p1a: Incineroar|Parting Shot|p2b: Tyranitar\n|-unboost|p2b: Tyranitar|atk|1\n|-unboost|p2b: Tyranitar|spa|1\n|\n|t:|1776346202\n|switch|p1a: Pelipper|Pelipper, L50, M|100/100|[from] Parting Shot\n|-weather|RainDance|[from] ability: Drizzle|[of] p1a: Pelipper\n|move|p2a: Rotom|Volt Switch|p1b: Dragonite\n|-damage|p1b: Dragonite|90/100\n|\n|t:|1776346206\n|switch|p2a: Garchomp|Garchomp, L50, M|100/100|[from] Volt Switch\n|\n|-weather|RainDance|[upkeep]\n|upkeep\n|turn|3\n|\n|t:|1776346217\n|switch|p2a: Orthworm|Orthworm, L50, F|100/100\n|detailschange|p2b: Tyranitar|Tyranitar-Mega, L50, M\n|-mega|p2b: Tyranitar|Tyranitar|Tyranitarite\n|-weather|Sandstorm|[from] ability: Sand Stream|[of] p2b: Tyranitar\n|move|p1b: Dragonite|Draco Meteor|p2a: Orthworm\n|-resisted|p2a: Orthworm|1\n|-damage|p2a: Orthworm|34/100\n|-unboost|p1b: Dragonite|spa|2\n|-enditem|p2a: Orthworm|Sitrus Berry|[eat]\n|-heal|p2a: Orthworm|59/100|[from] item: Sitrus Berry\n|move|p1a: Pelipper|Weather Ball|p2a: Orthworm\n|-resisted|p2a: Orthworm|1\n|-damage|p2a: Orthworm|39/100\n|move|p2b: Tyranitar|Rock Slide|p1b: Dragonite|[spread] p1a\n|-miss|p2b: Tyranitar|p1b: Dragonite\n|-supereffective|p1a: Pelipper|1\n|-damage|p1a: Pelipper|50/100\n|\n|-weather|Sandstorm|[upkeep]\n|-damage|p1b: Dragonite|84/100|[from] Sandstorm\n|-damage|p1a: Pelipper|45/100|[from] Sandstorm\n|upkeep\n|turn|4\n|\n|t:|1776346242\n|switch|p1a: Incineroar|Incineroar, L50, F|65/100\n|-ability|p1a: Incineroar|Intimidate|boost\n|-unboost|p2a: Orthworm|atk|1\n|-unboost|p2b: Tyranitar|atk|1\n|move|p1b: Dragonite|Protect|p1b: Dragonite\n|-singleturn|p1b: Dragonite|Protect\n|move|p2b: Tyranitar|Rock Slide|p1b: Dragonite|[spread] p1a\n|-activate|p1b: Dragonite|move: Protect\n|-supereffective|p1a: Incineroar|1\n|-damage|p1a: Incineroar|31/100\n|move|p2a: Orthworm|Iron Defense|p2a: Orthworm\n|-boost|p2a: Orthworm|def|2\n|\n|-weather|Sandstorm|[upkeep]\n|-damage|p1b: Dragonite|78/100|[from] Sandstorm\n|-damage|p1a: Incineroar|25/100|[from] Sandstorm\n|-sideend|p1: imxdness \u266a|move: Tailwind\n|upkeep\n|turn|5\n|inactive|imxdness \u266a has 30 seconds left.\n|inactive|imxdness \u266a has 20 seconds left.\n|\n|t:|1776346282\n|switch|p2b: Garchomp|Garchomp, L50, M|100/100\n|move|p1a: Incineroar|Fake Out|p2a: Orthworm\n|-resisted|p2a: Orthworm|1\n|-damage|p2a: Orthworm|38/100\n|move|p1b: Dragonite|Tailwind|p1b: Dragonite\n|-sidestart|p1: imxdness \u266a|move: Tailwind\n|cant|p2a: Orthworm|flinch\n|\n|-weather|Sandstorm|[upkeep]\n|-damage|p1b: Dragonite|72/100|[from] Sandstorm\n|-damage|p1a: Incineroar|19/100|[from] Sandstorm\n|upkeep\n|turn|6\n|inactive|imxdness \u266a has 30 seconds left.\n|\n|t:|1776346307\n|move|p1b: Dragonite|Draco Meteor|p2a: Orthworm\n|-resisted|p2a: Orthworm|1\n|-damage|p2a: Orthworm|9/100\n|-unboost|p1b: Dragonite|spa|2\n|move|p2b: Garchomp|Dragon Claw|p1b: Dragonite\n|-supereffective|p1b: Dragonite|1\n|-damage|p1b: Dragonite|0 fnt\n|faint|p1b: Dragonite\n|move|p1a: Incineroar|Flare Blitz|p2a: Orthworm\n|-supereffective|p2a: Orthworm|1\n|-damage|p2a: Orthworm|0 fnt\n|faint|p2a: Orthworm\n|-damage|p1a: Incineroar|17/100|[from] Recoil\n|\n|-weather|Sandstorm|[upkeep]\n|-damage|p1a: Incineroar|11/100|[from] Sandstorm\n|upkeep\n|\n|t:|1776346321\n|switch|p1b: Pelipper|Pelipper, L50, M|45/100\n|switch|p2a: Rotom|Rotom-Wash, L50|62/100\n|-weather|RainDance|[from] ability: Drizzle|[of] p1b: Pelipper\n|turn|7\n|inactive|imxdness \u266a has 30 seconds left.\n|\n|t:|1776346353\n|switch|p1b: Archaludon|Archaludon, L50, M|100/100\n|move|p2b: Garchomp|Dragon Claw|p1a: Incineroar\n|-damage|p1a: Incineroar|0 fnt\n|faint|p1a: Incineroar\n|move|p2a: Rotom|Volt Switch|p1b: Archaludon\n|-resisted|p1b: Archaludon|1\n|-damage|p1b: Archaludon|84/100\n|-ability|p1b: Archaludon|Stamina|boost\n|-boost|p1b: Archaludon|def|1\n|\n|t:|1776346358\n|switch|p2a: Tyranitar|Tyranitar-Mega, L50, M|100/100|[from] Volt Switch\n|-weather|Sandstorm|[from] ability: Sand Stream|[of] p2a: Tyranitar\n|\n|-weather|Sandstorm|[upkeep]\n|-heal|p1b: Archaludon|90/100|[from] item: Leftovers\n|upkeep\n|\n|t:|1776346368\n|switch|p1a: Pelipper|Pelipper, L50, M|45/100\n|-weather|RainDance|[from] ability: Drizzle|[of] p1a: Pelipper\n|turn|8\n|\n|t:|1776346378\n|switch|p2a: Rotom|Rotom-Wash, L50|62/100\n|move|p2b: Garchomp|Dragon Claw|p1a: Pelipper\n|-damage|p1a: Pelipper|2/100\n|move|p1b: Archaludon|Electro Shot||[still]\n|-prepare|p1b: Archaludon|Electro Shot\n|-boost|p1b: Archaludon|spa|1\n|-anim|p1b: Archaludon|Electro Shot|p2a: Rotom\n|-damage|p2a: Rotom|1/100\n|move|p1a: Pelipper|Weather Ball|p2b: Garchomp\n|-damage|p2b: Garchomp|38/100\n|\n|-weather|RainDance|[upkeep]\n|-heal|p1b: Archaludon|96/100|[from] item: Leftovers\n|-heal|p2a: Rotom|7/100|[from] item: Leftovers\n|-sideend|p1: imxdness \u266a|move: Tailwind\n|upkeep\n|turn|9\n|\n|t:|1776346400\n|move|p1a: Pelipper|Protect|p1a: Pelipper\n|-singleturn|p1a: Pelipper|Protect\n|move|p2b: Garchomp|Dragon Claw|p1a: Pelipper\n|-activate|p1a: Pelipper|move: Protect\n|move|p2a: Rotom|Will-O-Wisp|p1b: Archaludon\n|-status|p1b: Archaludon|brn\n|move|p1b: Archaludon|Aura Sphere|p2b: Garchomp\n|-damage|p2b: Garchomp|0 fnt\n|faint|p2b: Garchomp\n|\n|-weather|RainDance|[upkeep]\n|-heal|p2a: Rotom|13/100|[from] item: Leftovers\n|-heal|p1b: Archaludon|100/100 brn|[from] item: Leftovers\n|-damage|p1b: Archaludon|95/100 brn|[from] brn\n|upkeep\n|\n|t:|1776346408\n|switch|p2b: Tyranitar|Tyranitar-Mega, L50, M|100/100\n|-weather|Sandstorm|[from] ability: Sand Stream|[of] p2b: Tyranitar\n|turn|10\n|\n|t:|1776346420\n|move|p2a: Rotom|Protect|p2a: Rotom\n|-singleturn|p2a: Rotom|Protect\n|move|p2b: Tyranitar|Protect|p2b: Tyranitar\n|-singleturn|p2b: Tyranitar|Protect\n|move|p1a: Pelipper|Protect||[still]\n|-fail|p1a: Pelipper\n|move|p1b: Archaludon|Aura Sphere|p2b: Tyranitar\n|-activate|p2b: Tyranitar|move: Protect\n|\n|-weather|Sandstorm|[upkeep]\n|-damage|p2a: Rotom|7/100|[from] Sandstorm\n|-damage|p1a: Pelipper|0 fnt|[from] Sandstorm\n|faint|p1a: Pelipper\n|-heal|p2a: Rotom|13/100|[from] item: Leftovers\n|-heal|p1b: Archaludon|100/100 brn|[from] item: Leftovers\n|-damage|p1b: Archaludon|95/100 brn|[from] brn\n|upkeep\n|turn|11\n|\n|t:|1776346435\n|move|p2a: Rotom|Hydro Pump|p1b: Archaludon\n|-resisted|p1b: Archaludon|1\n|-damage|p1b: Archaludon|72/100 brn\n|-ability|p1b: Archaludon|Stamina|boost\n|-boost|p1b: Archaludon|def|1\n|move|p1b: Archaludon|Aura Sphere|p2b: Tyranitar\n|-supereffective|p2b: Tyranitar|2\n|-damage|p2b: Tyranitar|19/100\n|move|p2b: Tyranitar|Low Kick|p1b: Archaludon\n|-supereffective|p1b: Archaludon|1\n|-crit|p1b: Archaludon\n|-damage|p1b: Archaludon|0 fnt\n|faint|p1b: Archaludon\n|\n|win|TytaniumV\n|raw|imxdness \u266a's rating: 1286 &rarr; <strong>1267</strong><br />(-19 for losing)\n|raw|TytaniumV's rating: 1374 &rarr; <strong>1389</strong><br />(+15 for winning)\n|c|\u2606TytaniumV|Ggwp\n|c|\u2606imxdness \u266a|gg\n",
  "uploadtime": 1776346448,
  "views": 42,
  "formatid": "gen9championsvgc2026regma",
  "rating": 1267,
  "private": 0,
  "password": null
}