{
  "id": "gen9championsvgc2026regma-2586191996",
  "format": "[Gen 9 Champions] VGC 2026 Reg M-A",
  "players": [
    "Mapache_zgz_Ant",
    "gfgdgdgdgdge"
  ],
  "log": "|j|\u2606Mapache_zgz_Ant\n|j|\u2606gfgdgdgdgdge\n|t:|1776410602\n|gametype|doubles\n|player|p1|Mapache_zgz_Ant|fisherman-gen4|1060\n|player|p2|gfgdgdgdgdge|juggler|1000\n|gen|9\n|tier|[Gen 9 Champions] VGC 2026 Reg M-A\n|rated|\n|rule|Species Clause: Limit one of each Pok\u00e9mon\n|rule|Item Clause: Limit 1 of each item\n|clearpoke\n|poke|p1|Meganium, L50, M|\n|poke|p1|Aerodactyl, L50, F|\n|poke|p1|Tauros-Paldea-Aqua, L50, M|\n|poke|p1|Typhlosion, L50, M|\n|poke|p1|Archaludon, L50, F|\n|poke|p1|Kangaskhan, L50, F|\n|poke|p2|Garchomp, L50, F|\n|poke|p2|Tyranitar, L50, F|\n|poke|p2|Gengar, L50, F|\n|poke|p2|Aerodactyl, L50, F|\n|poke|p2|Rotom-Wash, L50|\n|poke|p2|Sneasler, L50, F|\n|teampreview|4\n|inactive|Battle timer is ON: inactive players will automatically lose when time's up. (requested by gfgdgdgdgdge)\n|inactive|Mapache_zgz_Ant has 60 seconds left.\n|\n|t:|1776410649\n|teamsize|p1|4\n|teamsize|p2|4\n|start\n|switch|p1a: Meganium|Meganium, L50, M|100/100\n|switch|p1b: Aerodactyl|Aerodactyl, L50, F|100/100\n|switch|p2a: Tyranitar|Tyranitar, L50, F|100/100\n|switch|p2b: Aerodactyl|Aerodactyl, L50, F|100/100\n|-ability|p2b: Aerodactyl|Unnerve\n|-ability|p1b: Aerodactyl|Unnerve\n|-weather|Sandstorm|[from] ability: Sand Stream|[of] p2a: Tyranitar\n|turn|1\n|\n|t:|1776410673\n|detailschange|p1a: Meganium|Meganium-Mega, L50, M\n|-mega|p1a: Meganium|Meganium|Meganiumite\n|move|p2b: Aerodactyl|Tailwind|p2b: Aerodactyl\n|-sidestart|p2: gfgdgdgdgdge|move: Tailwind\n|move|p2a: Tyranitar|Rock Slide|p1a: Meganium|[spread] p1a,p1b\n|-supereffective|p1b: Aerodactyl|1\n|-damage|p1a: Meganium|73/100\n|-damage|p1b: Aerodactyl|2/100\n|move|p1b: Aerodactyl|Tailwind|p1b: Aerodactyl\n|-sidestart|p1: Mapache_zgz_Ant|move: Tailwind\n|move|p1a: Meganium|Solar Beam||[still]\n|-prepare|p1a: Meganium|Solar Beam\n|-activate|p1a: Meganium|ability: Mega Sol\n|-anim|p1a: Meganium|Solar Beam|p2a: Tyranitar\n|-supereffective|p2a: Tyranitar|1\n|-damage|p2a: Tyranitar|0 fnt\n|faint|p2a: Tyranitar\n|\n|-weather|Sandstorm|[upkeep]\n|-damage|p1a: Meganium|68/100|[from] Sandstorm\n|upkeep\n|\n|t:|1776410678\n|switch|p2a: Garchomp|Garchomp, L50, F|100/100\n|turn|2\n|\n|t:|1776410697\n|detailschange|p2a: Garchomp|Garchomp-Mega, L50, F\n|-mega|p2a: Garchomp|Garchomp|Garchompite\n|move|p2b: Aerodactyl|Dual Wingbeat|p1a: Meganium\n|-supereffective|p1a: Meganium|1\n|-damage|p1a: Meganium|31/100\n|-supereffective|p1a: Meganium|1\n|-damage|p1a: Meganium|0 fnt\n|faint|p1a: Meganium\n|-hitcount|p1: Meganium|2\n|move|p2a: Garchomp|Earthquake|p1b: Aerodactyl|[spread] \n|-immune|p2b: Aerodactyl\n|-immune|p1b: Aerodactyl\n|move|p1b: Aerodactyl|Rock Slide|p2a: Garchomp|[spread] p2a,p2b\n|-resisted|p2a: Garchomp|1\n|-supereffective|p2b: Aerodactyl|1\n|-damage|p2a: Garchomp|90/100\n|-damage|p2b: Aerodactyl|19/100\n|\n|-weather|Sandstorm|[upkeep]\n|upkeep\n|\n|t:|1776410716\n|switch|p1a: Tauros|Tauros-Paldea-Aqua, L50, M|100/100\n|-ability|p1a: Tauros|Intimidate|boost\n|-unboost|p2a: Garchomp|atk|1\n|-unboost|p2b: Aerodactyl|atk|1\n|turn|3\n|\n|t:|1776410726\n|move|p2a: Garchomp|Protect|p2a: Garchomp\n|-singleturn|p2a: Garchomp|Protect\n|move|p2b: Aerodactyl|Rock Slide|p1b: Aerodactyl|[spread] p1a,p1b\n|-resisted|p1a: Tauros|1\n|-supereffective|p1b: Aerodactyl|1\n|-damage|p1a: Tauros|93/100\n|-damage|p1b: Aerodactyl|0 fnt\n|faint|p1b: Aerodactyl\n|move|p1a: Tauros|Wave Crash|p2a: Garchomp\n|-activate|p2a: Garchomp|move: Protect\n|\n|-weather|Sandstorm|[upkeep]\n|-damage|p1a: Tauros|87/100|[from] Sandstorm\n|upkeep\n|\n|t:|1776410736\n|switch|p1b: Archaludon|Archaludon, L50, F|100/100\n|turn|4\n|\n|t:|1776410751\n|switch|p2b: Rotom|Rotom-Wash, L50|100/100\n|move|p2a: Garchomp|Earthquake|p1b: Archaludon|[spread] p1a,p1b\n|-immune|p2b: Rotom|[from] ability: Levitate\n|-supereffective|p1b: Archaludon|1\n|-damage|p1a: Tauros|49/100\n|-damage|p1b: Archaludon|35/100\n|move|p1b: Archaludon|Flash Cannon|p2b: Rotom\n|-resisted|p2b: Rotom|2\n|-damage|p2b: Rotom|90/100\n|move|p1a: Tauros|Wave Crash|p2a: Garchomp\n|-damage|p2a: Garchomp|41/100\n|-damage|p1a: Tauros|30/100|[from] Recoil\n|\n|-weather|Sandstorm|[upkeep]\n|-damage|p1a: Tauros|24/100|[from] Sandstorm\n|-damage|p2b: Rotom|85/100|[from] Sandstorm\n|-sideend|p1: Mapache_zgz_Ant|move: Tailwind\n|-sideend|p2: gfgdgdgdgdge|move: Tailwind\n|upkeep\n|turn|5\n|\n|t:|1776410775\n|move|p1a: Tauros|Protect|p1a: Tauros\n|-singleturn|p1a: Tauros|Protect\n|move|p2a: Garchomp|Earthquake|p1a: Tauros|[spread] p1b\n|-activate|p1a: Tauros|move: Protect\n|-immune|p2b: Rotom|[from] ability: Levitate\n|-supereffective|p1b: Archaludon|1\n|-damage|p1b: Archaludon|0 fnt\n|faint|p1b: Archaludon\n|move|p2b: Rotom|Discharge|p1a: Tauros|[spread] \n|-activate|p1a: Tauros|move: Protect\n|-immune|p2a: Garchomp\n|\n|-weather|none\n|upkeep\n|turn|6\n|-message|Mapache_zgz_Ant forfeited.\n|\n|win|gfgdgdgdgdge\n|raw|Mapache_zgz_Ant's rating: 1060 &rarr; <strong>1038</strong><br />(-22 for losing)\n|raw|gfgdgdgdgdge's rating: 1000 &rarr; <strong>1047</strong><br />(+47 for winning)\n|l|\u2606Mapache_zgz_Ant\n|player|p1|\n",
  "uploadtime": 1776410789,
  "views": 20,
  "formatid": "gen9championsvgc2026regma",
  "rating": 1038,
  "private": 0,
  "password": null
}