{
  "id": "gen9championsvgc2026regma-2586279733",
  "format": "[Gen 9 Champions] VGC 2026 Reg M-A",
  "players": [
    "zhipiyy",
    "potentvapors"
  ],
  "log": "|j|\u2606zhipiyy\n|j|\u2606potentvapors\n|t:|1776420692\n|gametype|doubles\n|player|p1|zhipiyy|marley|1055\n|player|p2|potentvapors|flannery|1085\n|gen|9\n|tier|[Gen 9 Champions] VGC 2026 Reg M-A\n|rated|\n|rule|Species Clause: Limit one of each Pok\u00e9mon\n|rule|Item Clause: Limit 1 of each item\n|clearpoke\n|poke|p1|Floette-Eternal, L50, F|\n|poke|p1|Garchomp, L50, M|\n|poke|p1|Basculegion, L50, M|\n|poke|p1|Froslass, L50, F|\n|poke|p1|Kingambit, L50, M|\n|poke|p1|Sneasler, L50, M|\n|poke|p2|Manectric, L50, M|\n|poke|p2|Slowking-Galar, L50, F|\n|poke|p2|Umbreon, L50, M|\n|poke|p2|Typhlosion, L50, F|\n|poke|p2|Raichu, L50, M|\n|poke|p2|Weavile, L50, F|\n|teampreview|4\n|inactive|Battle timer is ON: inactive players will automatically lose when time's up. (requested by potentvapors)\n|\n|t:|1776420733\n|teamsize|p1|4\n|teamsize|p2|4\n|start\n|switch|p1a: Floette|Floette-Eternal, L50, F|100/100\n|switch|p1b: Sneasler|Sneasler, L50, M|100/100\n|switch|p2a: Slowking|Slowking-Galar, L50, F|100/100\n|switch|p2b: Weavile|Weavile, L50, F, shiny|100/100\n|-ability|p2b: Weavile|Pressure\n|-ability|p1b: Sneasler|Pressure\n|turn|1\n|inactive|zhipiyy has 30 seconds left.\n|inactive|potentvapors has 30 seconds left.\n|\n|t:|1776420763\n|detailschange|p1a: Floette|Floette-Mega, L50, F\n|-mega|p1a: Floette|Floette|Floettite\n|-ability|p1a: Floette|Fairy Aura\n|move|p1b: Sneasler|Protect|p1b: Sneasler\n|-singleturn|p1b: Sneasler|Protect\n|move|p1a: Floette|Protect|p1a: Floette\n|-singleturn|p1a: Floette|Protect\n|move|p2b: Weavile|Fake Out|p1b: Sneasler\n|-activate|p1b: Sneasler|move: Protect\n|move|p2a: Slowking|Sludge Bomb|p1a: Floette\n|-activate|p1a: Floette|move: Protect\n|\n|upkeep\n|turn|2\n|inactive|zhipiyy has 30 seconds left.\n|inactive|potentvapors has 30 seconds left.\n|inactive|potentvapors has 20 seconds left.\n|\n|t:|1776420801\n|switch|p1a: Garchomp|Garchomp, L50, M|100/100\n|move|p2b: Weavile|Psycho Cut|p1b: Sneasler\n|-supereffective|p1b: Sneasler|2\n|-enditem|p1b: Sneasler|Focus Sash\n|-damage|p1b: Sneasler|1/100\n|move|p1b: Sneasler|Close Combat|p2b: Weavile\n|-supereffective|p2b: Weavile|2\n|-enditem|p2b: Weavile|Chople Berry|[eat]\n|-enditem|p2b: Weavile|Chople Berry|[weaken]\n|-damage|p2b: Weavile|0 fnt\n|-unboost|p1b: Sneasler|def|1\n|-unboost|p1b: Sneasler|spd|1\n|faint|p2b: Weavile\n|move|p2a: Slowking|Yawn|p1a: Garchomp\n|-start|p1a: Garchomp|move: Yawn|[of] p2a: Slowking\n|\n|upkeep\n|inactive|potentvapors has 30 seconds left.\n|inactive|potentvapors has 20 seconds left.\n|\n|t:|1776420839\n|switch|p2b: Raichu|Raichu, L50, M|100/100\n|turn|3\n|\n|t:|1776420852\n|move|p2b: Raichu|Fake Out|p1a: Garchomp\n|-damage|p1a: Garchomp|94/100\n|-damage|p2b: Raichu|89/100|[from] ability: Rough Skin|[of] p1a: Garchomp\n|move|p1b: Sneasler|Close Combat|p2a: Slowking\n|-resisted|p2a: Slowking|2\n|-crit|p2a: Slowking\n|-damage|p2a: Slowking|74/100\n|-unboost|p1b: Sneasler|def|1\n|-unboost|p1b: Sneasler|spd|1\n|cant|p1a: Garchomp|flinch\n|move|p2a: Slowking|Sludge Bomb|p1b: Sneasler\n|-resisted|p1b: Sneasler|1\n|-damage|p1b: Sneasler|0 fnt\n|faint|p1b: Sneasler\n|\n|-heal|p2a: Slowking|80/100|[from] item: Leftovers\n|-end|p1a: Garchomp|move: Yawn|[silent]\n|-status|p1a: Garchomp|slp\n|upkeep\n|\n|t:|1776420868\n|switch|p1b: Floette|Floette-Mega, L50, F|100/100\n|-ability|p1b: Floette|Fairy Aura\n|turn|4\n|\n|t:|1776420891\n|move|p1b: Floette|Protect|p1b: Floette\n|-singleturn|p1b: Floette|Protect\n|move|p2b: Raichu|Alluring Voice|p1a: Garchomp\n|-supereffective|p1a: Garchomp|1\n|-damage|p1a: Garchomp|37/100 slp\n|cant|p1a: Garchomp|slp\n|move|p2a: Slowking|Sludge Bomb|p1b: Floette\n|-activate|p1b: Floette|move: Protect\n|\n|-heal|p2a: Slowking|86/100|[from] item: Leftovers\n|upkeep\n|turn|5\n|inactive|zhipiyy has 30 seconds left.\n|inactive|potentvapors has 30 seconds left.\n|inactive|zhipiyy has 20 seconds left.\n|inactive|zhipiyy has 15 seconds left.\n|inactive|zhipiyy has 10 seconds left.\n|inactive|zhipiyy has 5 seconds left.\n|\n|t:|1776420946\n|move|p2b: Raichu|Alluring Voice|p1a: Garchomp\n|-supereffective|p1a: Garchomp|1\n|-damage|p1a: Garchomp|0 fnt\n|faint|p1a: Garchomp\n|move|p1b: Floette|Light of Ruin|p2a: Slowking|[miss]\n|-miss|p1b: Floette|p2a: Slowking\n|move|p2a: Slowking|Yawn|p1b: Floette\n|-start|p1b: Floette|move: Yawn|[of] p2a: Slowking\n|\n|-heal|p2a: Slowking|92/100|[from] item: Leftovers\n|upkeep\n|\n|t:|1776420958\n|switch|p1a: Basculegion|Basculegion, L50, M|100/100\n|turn|6\n|inactive|potentvapors has 30 seconds left.\n|\n|t:|1776420990\n|move|p1a: Basculegion|Protect|p1a: Basculegion\n|-singleturn|p1a: Basculegion|Protect\n|move|p2b: Raichu|Thunderbolt|p1a: Basculegion\n|-activate|p1a: Basculegion|move: Protect\n|move|p1b: Floette|Dazzling Gleam|p2a: Slowking|[spread] p2a,p2b\n|-resisted|p2a: Slowking|1\n|-damage|p2a: Slowking|76/100\n|-damage|p2b: Raichu|8/100\n|move|p2a: Slowking|Slack Off|p2a: Slowking\n|-heal|p2a: Slowking|100/100\n|\n|-end|p1b: Floette|move: Yawn|[silent]\n|-status|p1b: Floette|slp\n|upkeep\n|turn|7\n|inactive|potentvapors has 30 seconds left.\n|inactive|potentvapors has 20 seconds left.\n|\n|t:|1776421029\n|move|p1a: Basculegion|Aqua Jet|p2b: Raichu\n|-damage|p2b: Raichu|0 fnt\n|faint|p2b: Raichu\n|cant|p1b: Floette|slp\n|move|p2a: Slowking|Sludge Bomb|p1b: Floette\n|-supereffective|p1b: Floette|1\n|-damage|p1b: Floette|44/100 slp\n|\n|upkeep\n|\n|t:|1776421039\n|switch|p2b: Manectric|Manectric, L50, M, shiny|100/100\n|turn|8\n|\n|t:|1776421052\n|detailschange|p2b: Manectric|Manectric-Mega, L50, M, shiny\n|-mega|p2b: Manectric|Manectric|Manectite\n|-ability|p2b: Manectric|Intimidate|boost\n|-unboost|p1a: Basculegion|atk|1\n|-unboost|p1b: Floette|atk|1\n|move|p2b: Manectric|Discharge|p1b: Floette|[spread] p2a,p1a,p1b\n|-supereffective|p1a: Basculegion|1\n|-damage|p2a: Slowking|80/100\n|-damage|p1a: Basculegion|27/100\n|-damage|p1b: Floette|16/100 slp\n|-enditem|p1a: Basculegion|Sitrus Berry|[eat]\n|-heal|p1a: Basculegion|52/100|[from] item: Sitrus Berry\n|-curestatus|p1b: Floette|slp|[msg]\n|move|p1b: Floette|Dazzling Gleam|p2a: Slowking|[spread] p2a,p2b\n|-resisted|p2a: Slowking|1\n|-damage|p2a: Slowking|65/100\n|-damage|p2b: Manectric|34/100\n|move|p1a: Basculegion|Last Respects|p2a: Slowking\n|-supereffective|p2a: Slowking|1\n|-damage|p2a: Slowking|0 fnt\n|faint|p2a: Slowking\n|\n|upkeep\n|turn|9\n|inactive|zhipiyy has 30 seconds left.\n|\n|t:|1776421081\n|move|p2b: Manectric|Discharge|p1a: Basculegion|[spread] p1a,p1b\n|-supereffective|p1a: Basculegion|1\n|-damage|p1a: Basculegion|0 fnt\n|-damage|p1b: Floette|0 fnt\n|faint|p1a: Basculegion\n|faint|p1b: Floette\n|\n|win|potentvapors\n|raw|zhipiyy's rating: 1055 &rarr; <strong>1038</strong><br />(-17 for losing)\n|raw|potentvapors's rating: 1085 &rarr; <strong>1110</strong><br />(+25 for winning)\n",
  "uploadtime": 1776421091,
  "views": 36,
  "formatid": "gen9championsvgc2026regma",
  "rating": 1038,
  "private": 0,
  "password": null
}