{
  "id": "gen9championsvgc2026regma-2588127351",
  "format": "[Gen 9 Champions] VGC 2026 Reg M-A",
  "players": [
    "biludbiludbilud",
    "ok132"
  ],
  "log": "|j|\u2606biludbiludbilud\n|j|\u2606ok132\n|t:|1776607166\n|gametype|doubles\n|player|p1|biludbiludbilud|lucas|1468\n|player|p2|ok132|ninjaboy|1495\n|gen|9\n|tier|[Gen 9 Champions] VGC 2026 Reg M-A\n|rated|\n|rule|Species Clause: Limit one of each Pok\u00e9mon\n|rule|Item Clause: Limit 1 of each item\n|clearpoke\n|poke|p1|Floette-Eternal, L50, F|\n|poke|p1|Corviknight, L50, F|\n|poke|p1|Sinistcha, L50|\n|poke|p1|Politoed, L50, M|\n|poke|p1|Tyranitar, L50, F|\n|poke|p1|Incineroar, L50, M|\n|poke|p2|Charizard, L50, F|\n|poke|p2|Aerodactyl, L50, M|\n|poke|p2|Farigiraf, L50, F|\n|poke|p2|Rotom-Wash, L50|\n|poke|p2|Kommo-o, L50, M|\n|poke|p2|Mamoswine, L50, M|\n|teampreview|4\n|inactive|Battle timer is ON: inactive players will automatically lose when time's up. (requested by biludbiludbilud)\n|\n|t:|1776607201\n|teamsize|p1|4\n|teamsize|p2|4\n|start\n|switch|p1a: Floette|Floette-Eternal, L50, F|100/100\n|switch|p1b: Incineroar|Incineroar, L50, M|100/100\n|switch|p2a: Rotom|Rotom-Wash, L50|100/100\n|switch|p2b: Mamoswine|Mamoswine, L50, M|100/100\n|-ability|p1b: Incineroar|Intimidate|boost\n|-unboost|p2a: Rotom|atk|1\n|-fail|p2b: Mamoswine|unboost|Attack|[from] ability: Oblivious|[of] p2b: Mamoswine\n|turn|1\n|inactive|biludbiludbilud has 30 seconds left.\n|\n|t:|1776607229\n|move|p1b: Incineroar|Fake Out|p2b: Mamoswine\n|-damage|p2b: Mamoswine|89/100\n|move|p2a: Rotom|Electroweb|p1b: Incineroar|[spread] p1b\n|-miss|p2a: Rotom|p1a: Floette\n|-damage|p1b: Incineroar|90/100\n|-unboost|p1b: Incineroar|spe|1\n|cant|p2b: Mamoswine|flinch\n|move|p1a: Floette|Calm Mind|p1a: Floette\n|-boost|p1a: Floette|spa|1\n|-boost|p1a: Floette|spd|1\n|\n|upkeep\n|turn|2\n|\n|t:|1776607236\n|move|p1a: Floette|Protect|p1a: Floette\n|-singleturn|p1a: Floette|Protect\n|move|p2a: Rotom|Electroweb|p1b: Incineroar|[spread] p1b\n|-activate|p1a: Floette|move: Protect\n|-damage|p1b: Incineroar|79/100\n|-unboost|p1b: Incineroar|spe|1\n|move|p2b: Mamoswine|Earthquake|p1b: Incineroar|[spread] p1b\n|-activate|p1a: Floette|move: Protect\n|-immune|p2a: Rotom|[from] ability: Levitate\n|-supereffective|p1b: Incineroar|1\n|-damage|p1b: Incineroar|7/100\n|move|p1b: Incineroar|Parting Shot|p2b: Mamoswine\n|-unboost|p2b: Mamoswine|atk|1\n|-unboost|p2b: Mamoswine|spa|1\n|\n|t:|1776607245\n|switch|p1b: Politoed|Politoed, L50, M|100/100|[from] Parting Shot\n|-weather|RainDance|[from] ability: Drizzle|[of] p1b: Politoed\n|\n|-weather|RainDance|[upkeep]\n|upkeep\n|turn|3\n|\n|t:|1776607264\n|detailschange|p1a: Floette|Floette-Mega, L50, F\n|-mega|p1a: Floette|Floette|Floettite\n|-ability|p1a: Floette|Fairy Aura\n|move|p1b: Politoed|Protect|p1b: Politoed\n|-singleturn|p1b: Politoed|Protect\n|move|p2a: Rotom|Electroweb|p1a: Floette|[spread] p1a\n|-activate|p1b: Politoed|move: Protect\n|-damage|p1a: Floette|93/100\n|-unboost|p1a: Floette|spe|1\n|move|p2b: Mamoswine|Icicle Crash|p1a: Floette\n|-damage|p1a: Floette|58/100\n|cant|p1a: Floette|flinch\n|\n|-weather|RainDance|[upkeep]\n|upkeep\n|turn|4\n|\n|t:|1776607279\n|move|p2a: Rotom|Electroweb|p1b: Politoed|[spread] p1a,p1b\n|-supereffective|p1b: Politoed|1\n|-damage|p1a: Floette|51/100\n|-damage|p1b: Politoed|76/100\n|-unboost|p1a: Floette|spe|1\n|-unboost|p1b: Politoed|spe|1\n|move|p2b: Mamoswine|Icicle Crash|p1a: Floette\n|-damage|p1a: Floette|12/100\n|move|p1a: Floette|Dazzling Gleam|p2b: Mamoswine|[spread] p2a,p2b\n|-damage|p2a: Rotom|32/100\n|-damage|p2b: Mamoswine|0 fnt\n|faint|p2b: Mamoswine\n|move|p1b: Politoed|Weather Ball|p2a: Rotom\n|-resisted|p2a: Rotom|1\n|-damage|p2a: Rotom|7/100\n|\n|-weather|RainDance|[upkeep]\n|-heal|p1b: Politoed|82/100|[from] item: Leftovers\n|upkeep\n|\n|t:|1776607291\n|switch|p2b: Charizard|Charizard, L50, F|100/100\n|turn|5\n|\n|t:|1776607306\n|detailschange|p2b: Charizard|Charizard-Mega-Y, L50, F\n|-mega|p2b: Charizard|Charizard|Charizardite Y\n|-weather|SunnyDay|[from] ability: Drought|[of] p2b: Charizard\n|move|p2a: Rotom|Electroweb|p1b: Politoed|[spread] p1a,p1b\n|-supereffective|p1b: Politoed|1\n|-damage|p1a: Floette|5/100\n|-damage|p1b: Politoed|58/100\n|-unboost|p1a: Floette|spe|1\n|-unboost|p1b: Politoed|spe|1\n|move|p2b: Charizard|Heat Wave|p1a: Floette|[spread] p1a\n|-miss|p2b: Charizard|p1b: Politoed\n|-damage|p1a: Floette|0 fnt\n|faint|p1a: Floette\n|move|p1b: Politoed|Perish Song|p1b: Politoed\n|-start|p1b: Politoed|perish3|[silent]\n|-start|p2a: Rotom|perish3|[silent]\n|-start|p2b: Charizard|perish3|[silent]\n|-fieldactivate|move: Perish Song\n|\n|-weather|SunnyDay|[upkeep]\n|-heal|p1b: Politoed|64/100|[from] item: Leftovers\n|-start|p2a: Rotom|perish3\n|-start|p2b: Charizard|perish3\n|-start|p1b: Politoed|perish3\n|upkeep\n|\n|t:|1776607315\n|switch|p1a: Incineroar|Incineroar, L50, M|7/100\n|-ability|p1a: Incineroar|Intimidate|boost\n|-unboost|p2a: Rotom|atk|1\n|-unboost|p2b: Charizard|atk|1\n|turn|6\n|\n|t:|1776607322\n|switch|p2a: Aerodactyl|Aerodactyl, L50, M|100/100\n|-ability|p2a: Aerodactyl|Unnerve\n|move|p2b: Charizard|Protect|p2b: Charizard\n|-singleturn|p2b: Charizard|Protect\n|move|p1a: Incineroar|Throat Chop|p2b: Charizard\n|-activate|p2b: Charizard|move: Protect\n|move|p1b: Politoed|Weather Ball|p2a: Aerodactyl\n|-resisted|p2a: Aerodactyl|1\n|-damage|p2a: Aerodactyl|78/100\n|\n|-weather|SunnyDay|[upkeep]\n|-heal|p1b: Politoed|70/100|[from] item: Leftovers\n|-start|p2b: Charizard|perish2\n|-start|p1b: Politoed|perish2\n|upkeep\n|turn|7\n|\n|t:|1776607340\n|switch|p2b: Rotom|Rotom-Wash, L50|7/100\n|move|p1a: Incineroar|Protect|p1a: Incineroar\n|-singleturn|p1a: Incineroar|Protect\n|move|p2a: Aerodactyl|Rock Slide|p1b: Politoed|[spread] p1b\n|-activate|p1a: Incineroar|move: Protect\n|-damage|p1b: Politoed|49/100\n|move|p1b: Politoed|Perish Song|p1b: Politoed\n|-start|p1a: Incineroar|perish3|[silent]\n|-start|p2a: Aerodactyl|perish3|[silent]\n|-start|p2b: Rotom|perish3|[silent]\n|-fieldactivate|move: Perish Song\n|\n|-weather|SunnyDay|[upkeep]\n|-heal|p1b: Politoed|55/100|[from] item: Leftovers\n|-start|p2b: Rotom|perish3\n|-start|p2a: Aerodactyl|perish3\n|-start|p1a: Incineroar|perish3\n|-start|p1b: Politoed|perish1\n|upkeep\n|turn|8\n|\n|t:|1776607352\n|switch|p1b: Tyranitar|Tyranitar, L50, F|100/100\n|-weather|Sandstorm|[from] ability: Sand Stream|[of] p1b: Tyranitar\n|move|p2b: Rotom|Volt Switch|p1b: Tyranitar\n|-damage|p1b: Tyranitar|84/100\n|\n|t:|1776607357\n|switch|p2b: Charizard|Charizard-Mega-Y, L50, F|100/100|[from] Volt Switch\n|-weather|SunnyDay|[from] ability: Drought|[of] p2b: Charizard\n|move|p2a: Aerodactyl|Rock Slide|p1b: Tyranitar|[spread] p1b\n|-miss|p2a: Aerodactyl|p1a: Incineroar\n|-damage|p1b: Tyranitar|64/100\n|move|p1a: Incineroar|Parting Shot|p2a: Aerodactyl\n|-unboost|p2a: Aerodactyl|atk|1\n|-unboost|p2a: Aerodactyl|spa|1\n|\n|t:|1776607364\n|switch|p1a: Politoed|Politoed, L50, M|55/100|[from] Parting Shot\n|-weather|RainDance|[from] ability: Drizzle|[of] p1a: Politoed\n|\n|-weather|RainDance|[upkeep]\n|-heal|p1a: Politoed|61/100|[from] item: Leftovers\n|-start|p2a: Aerodactyl|perish2\n|upkeep\n|turn|9\n|\n|t:|1776607389\n|switch|p2b: Rotom|Rotom-Wash, L50|7/100\n|move|p2a: Aerodactyl|Rock Slide|p1a: Politoed|[spread] p1a,p1b\n|-damage|p1a: Politoed|47/100\n|-damage|p1b: Tyranitar|50/100\n|move|p1b: Tyranitar|Rock Slide|p2b: Rotom|[spread] p2a,p2b\n|-supereffective|p2a: Aerodactyl|1\n|-damage|p2a: Aerodactyl|0 fnt\n|-damage|p2b: Rotom|0 fnt\n|faint|p2a: Aerodactyl\n|faint|p2b: Rotom\n|move|p1a: Politoed|Weather Ball|p2: Aerodactyl|[notarget]\n|-fail|p1a: Politoed\n|\n|-weather|RainDance|[upkeep]\n|-heal|p1a: Politoed|53/100|[from] item: Leftovers\n|upkeep\n|-message|ok132 forfeited.\n|\n|win|biludbiludbilud\n|raw|biludbiludbilud's rating: 1468 &rarr; <strong>1490</strong><br />(+22 for winning)\n|raw|ok132's rating: 1495 &rarr; <strong>1473</strong><br />(-22 for losing)\n|l|\u2606ok132\n|player|p2|\n",
  "uploadtime": 1776607402,
  "views": 17,
  "formatid": "gen9championsvgc2026regma",
  "rating": 1473,
  "private": 0,
  "password": null
}