{
  "id": "gen9championsvgc2026regma-2582176696",
  "format": "[Gen 9 Champions] VGC 2026 Reg M-A",
  "players": [
    "Forbranna",
    "Inciniroarrr"
  ],
  "log": "|j|\u2606Forbranna\n|j|\u2606Inciniroarrr\n|t:|1776067704\n|gametype|doubles\n|player|p1|Forbranna|101|1308\n|player|p2|Inciniroarrr|2|1362\n|gen|9\n|tier|[Gen 9 Champions] VGC 2026 Reg M-A\n|rated|\n|rule|Species Clause: Limit one of each Pok\u00e9mon\n|rule|Item Clause: Limit 1 of each item\n|clearpoke\n|poke|p1|Meganium, L50, F|\n|poke|p1|Tyranitar, L50, M|\n|poke|p1|Excadrill, L50, M|\n|poke|p1|Farigiraf, L50, F|\n|poke|p1|Aegislash, L50, M|\n|poke|p1|Volcarona, L50, F|\n|poke|p2|Gyarados, L50, F|\n|poke|p2|Delphox, L50, F|\n|poke|p2|Sneasler, L50, F|\n|poke|p2|Garchomp, L50, F|\n|poke|p2|Sinistcha, L50|\n|poke|p2|Tyranitar, L50, F|\n|teampreview|4\n|inactive|Battle timer is ON: inactive players will automatically lose when time's up. (requested by Inciniroarrr)\n|j| CARtu348rjf90\n|inactive|Forbranna has 60 seconds left.\n|inactive|Inciniroarrr has 60 seconds left.\n|\n|t:|1776067766\n|teamsize|p1|4\n|teamsize|p2|4\n|start\n|switch|p1a: Dr. Freud|Farigiraf, L50, F|100/100\n|switch|p1b: Charles V|Aegislash, L50, M, shiny|100/100\n|switch|p2a: Gyarados|Gyarados, L50, F|100/100\n|switch|p2b: Sneasler|Sneasler, L50, F|100/100\n|-ability|p2a: Gyarados|Intimidate|boost\n|-unboost|p1a: Dr. Freud|atk|1\n|-unboost|p1b: Charles V|atk|1\n|turn|1\n|\n|t:|1776067782\n|detailschange|p2a: Gyarados|Gyarados-Mega, L50, F\n|-mega|p2a: Gyarados|Gyarados|Gyaradosite\n|-ability|p2a: Gyarados|Mold Breaker\n|move|p2b: Sneasler|Close Combat|p1a: Dr. Freud\n|-damage|p1a: Dr. Freud|42/100\n|-unboost|p2b: Sneasler|def|1\n|-unboost|p2b: Sneasler|spd|1\n|-enditem|p2b: Sneasler|White Herb\n|-clearnegativeboost|p2b: Sneasler|[silent]\n|move|p2a: Gyarados|Crunch|p1a: Dr. Freud\n|-supereffective|p1a: Dr. Freud|1\n|-damage|p1a: Dr. Freud|0 fnt\n|faint|p1a: Dr. Freud\n|-formechange|p1b: Charles V|Aegislash-Blade|\n|move|p1b: Charles V|Shadow Ball|p2a: Gyarados\n|-resisted|p2a: Gyarados|1\n|-damage|p2a: Gyarados|81/100\n|\n|upkeep\n|\n|t:|1776067803\n|switch|p1a: Robespierre|Excadrill, L50, M, shiny|100/100\n|turn|2\n|\n|t:|1776067814\n|move|p2b: Sneasler|Protect|p2b: Sneasler\n|-singleturn|p2b: Sneasler|Protect\n|move|p1a: Robespierre|Protect|p1a: Robespierre\n|-singleturn|p1a: Robespierre|Protect\n|move|p2a: Gyarados|Waterfall|p1a: Robespierre\n|-activate|p1a: Robespierre|move: Protect\n|move|p1b: Charles V|Flash Cannon|p2b: Sneasler\n|-activate|p2b: Sneasler|move: Protect\n|\n|upkeep\n|turn|3\n|\n|t:|1776067829\n|switch|p1b: Ivan IV|Tyranitar, L50, M, shiny|100/100\n|-weather|Sandstorm|[from] ability: Sand Stream|[of] p1b: Ivan IV\n|move|p2b: Sneasler|Close Combat|p1a: Robespierre\n|-supereffective|p1a: Robespierre|1\n|-enditem|p1a: Robespierre|Focus Sash\n|-damage|p1a: Robespierre|1/100\n|-unboost|p2b: Sneasler|def|1\n|-unboost|p2b: Sneasler|spd|1\n|move|p1a: Robespierre|Rock Slide|p2b: Sneasler|[spread] p2a,p2b\n|-resisted|p2b: Sneasler|1\n|-damage|p2a: Gyarados|61/100\n|-damage|p2b: Sneasler|71/100\n|cant|p2a: Gyarados|flinch\n|\n|-weather|Sandstorm|[upkeep]\n|-damage|p2b: Sneasler|65/100|[from] Sandstorm\n|-damage|p2a: Gyarados|55/100|[from] Sandstorm\n|upkeep\n|turn|4\n|inactive|Forbranna has 30 seconds left.\n|inactive|Forbranna has 20 seconds left.\n|\n|t:|1776067867\n|detailschange|p1b: Ivan IV|Tyranitar-Mega, L50, M, shiny\n|-mega|p1b: Ivan IV|Tyranitar|Tyranitarite\n|move|p1a: Robespierre|Protect|p1a: Robespierre\n|-singleturn|p1a: Robespierre|Protect\n|move|p2b: Sneasler|Close Combat|p1a: Robespierre\n|-activate|p1a: Robespierre|move: Protect\n|move|p2a: Gyarados|Waterfall|p1b: Ivan IV\n|-supereffective|p1b: Ivan IV|1\n|-damage|p1b: Ivan IV|35/100\n|move|p1b: Ivan IV|Ice Punch|p2b: Sneasler\n|-damage|p2b: Sneasler|0 fnt\n|faint|p2b: Sneasler\n|\n|-weather|Sandstorm|[upkeep]\n|-damage|p2a: Gyarados|49/100|[from] Sandstorm\n|upkeep\n|\n|t:|1776067881\n|switch|p2b: Garchomp|Garchomp, L50, F|100/100\n|turn|5\n|\n|t:|1776067892\n|move|p2a: Gyarados|Protect|p2a: Gyarados\n|-singleturn|p2a: Gyarados|Protect\n|move|p1b: Ivan IV|Protect|p1b: Ivan IV\n|-singleturn|p1b: Ivan IV|Protect\n|move|p1a: Robespierre|High Horsepower|p2a: Gyarados\n|-activate|p2a: Gyarados|move: Protect\n|move|p2b: Garchomp|Earthquake|p1b: Ivan IV|[spread] p1a\n|-activate|p2a: Gyarados|move: Protect\n|-activate|p1b: Ivan IV|move: Protect\n|-supereffective|p1a: Robespierre|1\n|-damage|p1a: Robespierre|0 fnt\n|faint|p1a: Robespierre\n|\n|-weather|Sandstorm|[upkeep]\n|-damage|p2a: Gyarados|44/100|[from] Sandstorm\n|upkeep\n|-message|Forbranna forfeited.\n|\n|win|Inciniroarrr\n|raw|Forbranna's rating: 1308 &rarr; <strong>1291</strong><br />(-17 for losing)\n|raw|Inciniroarrr's rating: 1362 &rarr; <strong>1379</strong><br />(+17 for winning)\n|l|\u2606Inciniroarrr\n|player|p2|\n",
  "uploadtime": 1776067913,
  "views": 19,
  "formatid": "gen9championsvgc2026regma",
  "rating": 1291,
  "private": 0,
  "password": null
}