{
  "id": "gen9championsvgc2026regma-2584125807",
  "format": "[Gen 9 Champions] VGC 2026 Reg M-A",
  "players": [
    "dahgedas",
    "Techwiz_101"
  ],
  "log": "|j|\u2606dahgedas\n|j|\u2606Techwiz_101\n|t:|1776227995\n|gametype|doubles\n|player|p1|dahgedas|102|1073\n|player|p2|Techwiz_101|2|1114\n|gen|9\n|tier|[Gen 9 Champions] VGC 2026 Reg M-A\n|rated|\n|rule|Species Clause: Limit one of each Pok\u00e9mon\n|rule|Item Clause: Limit 1 of each item\n|clearpoke\n|poke|p1|Aggron, L50, M|\n|poke|p1|Basculegion, L50, M|\n|poke|p1|Hatterene, L50, F|\n|poke|p1|Sinistcha, L50|\n|poke|p1|Sneasler, L50, M|\n|poke|p1|Meganium, L50, M|\n|poke|p2|Zoroark-Hisui, L50, F|\n|poke|p2|Gallade, L50, M|\n|poke|p2|Liepard, L50, F|\n|poke|p2|Emboar, L50, F|\n|poke|p2|Aggron, L50, F|\n|poke|p2|Weavile, L50, F|\n|teampreview|4\n|\n|t:|1776228031\n|teamsize|p1|4\n|teamsize|p2|4\n|start\n|switch|p1a: Aggron|Aggron, L50, M|100/100\n|switch|p1b: Basculegion|Basculegion, L50, M|100/100\n|switch|p2a: Aggron|Aggron, L50, F|100/100\n|switch|p2b: Liepard|Liepard, L50, F|100/100\n|turn|1\n|\n|t:|1776228055\n|detailschange|p1a: Aggron|Aggron-Mega, L50, M\n|-mega|p1a: Aggron|Aggron|Aggronite\n|move|p2b: Liepard|Fake Out|p1a: Aggron\n|-resisted|p1a: Aggron|1\n|-damage|p1a: Aggron|99/100\n|move|p1b: Basculegion|Flip Turn|p2b: Liepard\n|-damage|p2b: Liepard|49/100\n|\n|t:|1776228064\n|switch|p1b: Sinistcha|Sinistcha, L50|100/100|[from] Flip Turn\n|-heal|p1a: Aggron|100/100|[from] ability: Hospitality|[of] p1b: Sinistcha\n|move|p2a: Aggron|Icy Wind|p1a: Aggron|[spread] p1a,p1b\n|-resisted|p1a: Aggron|1\n|-supereffective|p1b: Sinistcha|1\n|-damage|p1a: Aggron|92/100\n|-damage|p1b: Sinistcha|70/100\n|-unboost|p1a: Aggron|spe|1\n|-unboost|p1b: Sinistcha|spe|1\n|cant|p1a: Aggron|flinch\n|\n|upkeep\n|turn|2\n|\n|t:|1776228095\n|move|p2b: Liepard|Taunt|p1a: Aggron\n|-start|p1a: Aggron|move: Taunt\n|move|p2a: Aggron|Bitter Malice|p1b: Sinistcha\n|-supereffective|p1b: Sinistcha|1\n|-damage|p1b: Sinistcha|0 fnt\n|faint|p1b: Sinistcha\n|move|p1a: Aggron|Body Press|p2b: Liepard\n|-supereffective|p2b: Liepard|1\n|-damage|p2b: Liepard|0 fnt\n|faint|p2b: Liepard\n|\n|upkeep\n|\n|t:|1776228108\n|switch|p2b: Gallade|Gallade, L50, M|100/100\n|switch|p1b: Basculegion|Basculegion, L50, M|100/100\n|turn|3\n|\n|t:|1776228136\n|move|p1b: Basculegion|Aqua Jet|p2a: Aggron\n|-damage|p2a: Aggron|44/100\n|replace|p2a: Zoroark|Zoroark-Hisui, L50, F\n|-end|p2a: Zoroark|Illusion\n|move|p2b: Gallade|Sacred Sword|p1a: Aggron\n|-supereffective|p1a: Aggron|1\n|-damage|p1a: Aggron|54/100\n|move|p2a: Zoroark|Bitter Malice|p1b: Basculegion\n|-supereffective|p1b: Basculegion|1\n|-damage|p1b: Basculegion|20/100\n|-unboost|p1b: Basculegion|atk|1\n|move|p1a: Aggron|Heavy Slam|p2a: Zoroark\n|-damage|p2a: Zoroark|0 fnt\n|faint|p2a: Zoroark\n|\n|upkeep\n|\n|t:|1776228151\n|switch|p2a: Aggron|Aggron, L50, F|100/100\n|turn|4\n|\n|t:|1776228169\n|detailschange|p2a: Aggron|Aggron-Mega, L50, F\n|-mega|p2a: Aggron|Aggron|Aggronite\n|move|p1b: Basculegion|Aqua Jet|p2a: Aggron\n|-damage|p2a: Aggron|94/100\n|move|p2b: Gallade|Sacred Sword|p1a: Aggron\n|-supereffective|p1a: Aggron|1\n|-damage|p1a: Aggron|18/100\n|move|p2a: Aggron|Heavy Slam|p1b: Basculegion\n|-resisted|p1b: Basculegion|1\n|-damage|p1b: Basculegion|0 fnt\n|faint|p1b: Basculegion\n|move|p1a: Aggron|Body Press|p2a: Aggron\n|-supereffective|p2a: Aggron|1\n|-damage|p2a: Aggron|65/100\n|\n|-end|p1a: Aggron|move: Taunt\n|upkeep\n|\n|t:|1776228183\n|switch|p1b: Meganium|Meganium, L50, M|100/100\n|turn|5\n|\n|t:|1776228194\n|move|p1a: Aggron|Protect|p1a: Aggron\n|-singleturn|p1a: Aggron|Protect\n|move|p2b: Gallade|Sacred Sword|p1a: Aggron\n|-activate|p1a: Aggron|move: Protect\n|move|p1b: Meganium|Dazzling Gleam|p2a: Aggron|[spread] p2a,p2b\n|-resisted|p2a: Aggron|1\n|-supereffective|p2b: Gallade|1\n|-damage|p2a: Aggron|57/100\n|-damage|p2b: Gallade|63/100\n|move|p2a: Aggron|Heavy Slam|p1b: Meganium\n|-damage|p1b: Meganium|65/100\n|\n|upkeep\n|turn|6\n|\n|t:|1776228215\n|move|p2b: Gallade|Sacred Sword|p1a: Aggron\n|-supereffective|p1a: Aggron|1\n|-damage|p1a: Aggron|0 fnt\n|faint|p1a: Aggron\n|move|p1b: Meganium|Dazzling Gleam|p2b: Gallade|[spread] p2a,p2b\n|-resisted|p2a: Aggron|1\n|-supereffective|p2b: Gallade|1\n|-crit|p2b: Gallade\n|-damage|p2a: Aggron|48/100\n|-damage|p2b: Gallade|4/100\n|move|p2a: Aggron|Body Press|p1b: Meganium\n|-damage|p1b: Meganium|21/100\n|\n|upkeep\n|turn|7\n|\n|t:|1776228228\n|move|p2b: Gallade|Sacred Sword|p1b: Meganium\n|-damage|p1b: Meganium|0 fnt\n|faint|p1b: Meganium\n|\n|win|Techwiz_101\n|raw|dahgedas's rating: 1073 &rarr; <strong>1055</strong><br />(-18 for losing)\n|raw|Techwiz_101's rating: 1114 &rarr; <strong>1136</strong><br />(+22 for winning)\n|l|\u2606dahgedas\n|player|p1|\n",
  "uploadtime": 1776228233,
  "views": 33,
  "formatid": "gen9championsvgc2026regma",
  "rating": 1055,
  "private": 0,
  "password": null
}