{
  "id": "gen9championsvgc2026regma-2585947004",
  "format": "[Gen 9 Champions] VGC 2026 Reg M-A",
  "players": [
    "isux",
    "benjiapollo"
  ],
  "log": "|j|\u2606isux\n|j|\u2606benjiapollo\n|t:|1776384032\n|gametype|doubles\n|player|p1|isux|102|1293\n|player|p2|benjiapollo|giovanni|1214\n|gen|9\n|tier|[Gen 9 Champions] VGC 2026 Reg M-A\n|rated|\n|rule|Species Clause: Limit one of each Pok\u00e9mon\n|rule|Item Clause: Limit 1 of each item\n|clearpoke\n|poke|p1|Runerigus, L50, M|\n|poke|p1|Sinistcha, L50|\n|poke|p1|Archaludon, L50, M|\n|poke|p1|Crabominable, L50, M|\n|poke|p1|Kingambit, L50, M|\n|poke|p1|Araquanid, L50, M|\n|poke|p2|Basculegion, L50, M|\n|poke|p2|Charizard, L50, M|\n|poke|p2|Kingambit, L50, F|\n|poke|p2|Sneasler, L50, F|\n|poke|p2|Venusaur, L50, F|\n|poke|p2|Talonflame, L50, M|\n|teampreview|4\n|inactive|Battle timer is ON: inactive players will automatically lose when time's up. (requested by isux)\n|\n|t:|1776384064\n|teamsize|p1|4\n|teamsize|p2|4\n|start\n|switch|p1a: Runerigus|Runerigus, L50, M|100/100\n|switch|p1b: Crabominable|Crabominable, L50, M|100/100\n|switch|p2a: Talonflame|Talonflame, L50, M|100/100\n|switch|p2b: Basculegion|Basculegion, L50, M|100/100\n|turn|1\n|\n|t:|1776384077\n|detailschange|p1b: Crabominable|Crabominable-Mega, L50, M\n|-mega|p1b: Crabominable|Crabominable|Crabominite\n|move|p1b: Crabominable|Protect|p1b: Crabominable\n|-singleturn|p1b: Crabominable|Protect\n|move|p2b: Basculegion|Wave Crash|p1a: Runerigus\n|-supereffective|p1a: Runerigus|1\n|-damage|p1a: Runerigus|0 fnt\n|-activate|p2b: Basculegion|Skill Swap|Wandering Spirit|Adaptability|[of] p1a: Runerigus\n|faint|p1a: Runerigus\n|-damage|p2b: Basculegion|73/100|[from] Recoil\n|move|p2a: Talonflame|Flare Blitz|p1b: Crabominable\n|-activate|p1b: Crabominable|move: Protect\n|\n|upkeep\n|\n|t:|1776384086\n|switch|p1a: Archaludon|Archaludon, L50, M|100/100\n|turn|2\n|\n|t:|1776384102\n|switch|p1b: Araquanid|Araquanid, L50, M|100/100\n|move|p2a: Talonflame|Flare Blitz|p1b: Araquanid\n|-damage|p1b: Araquanid|76/100\n|-damage|p2a: Talonflame|91/100|[from] Recoil\n|move|p2b: Basculegion|Wave Crash|p1b: Araquanid\n|-resisted|p1b: Araquanid|1\n|-damage|p1b: Araquanid|43/100\n|-damage|p2b: Basculegion|63/100|[from] Recoil\n|move|p1a: Archaludon|Draco Meteor|p2a: Talonflame\n|-damage|p2a: Talonflame|0 fnt\n|-unboost|p1a: Archaludon|spa|2\n|faint|p2a: Talonflame\n|-enditem|p1a: Archaludon|White Herb\n|-clearnegativeboost|p1a: Archaludon|[silent]\n|\n|upkeep\n|\n|t:|1776384117\n|switch|p2a: Sneasler|Sneasler, L50, F|100/100\n|turn|3\n|\n|t:|1776384126\n|move|p1a: Archaludon|Protect|p1a: Archaludon\n|-singleturn|p1a: Archaludon|Protect\n|move|p2b: Basculegion|Wave Crash|p1b: Araquanid\n|-resisted|p1b: Araquanid|1\n|-damage|p1b: Araquanid|11/100\n|-damage|p2b: Basculegion|53/100|[from] Recoil\n|move|p2a: Sneasler|Dire Claw|p1b: Araquanid\n|-damage|p1b: Araquanid|0 fnt\n|faint|p1b: Araquanid\n|\n|upkeep\n|\n|t:|1776384131\n|switch|p1b: Crabominable|Crabominable-Mega, L50, M|100/100\n|turn|4\n|\n|t:|1776384140\n|move|p1a: Archaludon|Protect||[still]\n|-fail|p1a: Archaludon\n|move|p2b: Basculegion|Wave Crash|p1b: Crabominable\n|-damage|p1b: Crabominable|53/100\n|-damage|p2b: Basculegion|37/100|[from] Recoil\n|move|p2a: Sneasler|Close Combat|p1a: Archaludon\n|-supereffective|p1a: Archaludon|1\n|-damage|p1a: Archaludon|9/100\n|-unboost|p2a: Sneasler|def|1\n|-unboost|p2a: Sneasler|spd|1\n|-ability|p1a: Archaludon|Stamina|boost\n|-boost|p1a: Archaludon|def|1\n|-enditem|p2a: Sneasler|White Herb\n|-clearnegativeboost|p2a: Sneasler|[silent]\n|move|p1b: Crabominable|Ice Hammer|p2a: Sneasler\n|-damage|p2a: Sneasler|0 fnt\n|-unboost|p1b: Crabominable|spe|1\n|faint|p2a: Sneasler\n|\n|upkeep\n|\n|t:|1776384157\n|switch|p2a: Charizard|Charizard, L50, M|100/100\n|turn|5\n|\n|t:|1776384173\n|detailschange|p2a: Charizard|Charizard-Mega-X, L50, M\n|-mega|p2a: Charizard|Charizard|Charizardite X\n|move|p2b: Basculegion|Wave Crash|p1a: Archaludon\n|-resisted|p1a: Archaludon|1\n|-damage|p1a: Archaludon|0 fnt\n|faint|p1a: Archaludon\n|-damage|p2b: Basculegion|34/100|[from] Recoil\n|move|p2a: Charizard|Flare Blitz|p1b: Crabominable\n|-supereffective|p1b: Crabominable|1\n|-damage|p1b: Crabominable|0 fnt\n|faint|p1b: Crabominable\n|-damage|p2a: Charizard|78/100|[from] Recoil\n|\n|win|benjiapollo\n|raw|isux's rating: 1293 &rarr; <strong>1262</strong><br />(-31 for losing)\n|raw|benjiapollo's rating: 1214 &rarr; <strong>1245</strong><br />(+31 for winning)\n|l|\u2606isux\n|player|p1|\n",
  "uploadtime": 1776384187,
  "views": 23,
  "formatid": "gen9championsvgc2026regma",
  "rating": 1245,
  "private": 0,
  "password": null
}