{
  "id": "gen9championsvgc2026regma-2588626297",
  "format": "[Gen 9 Champions] VGC 2026 Reg M-A",
  "players": [
    "v001",
    "ye979402"
  ],
  "log": "|j|\u2606v001\n|j|\u203dye979402\n|t:|1776651424\n|gametype|doubles\n|player|p1|v001|pokemonbreederf-gen4|1425\n|player|p2|ye979402|2|1492\n|gen|9\n|tier|[Gen 9 Champions] VGC 2026 Reg M-A\n|rated|\n|rule|Species Clause: Limit one of each Pok\u00e9mon\n|rule|Item Clause: Limit 1 of each item\n|clearpoke\n|poke|p1|Delphox, L50, M|\n|poke|p1|Garchomp, L50, F|\n|poke|p1|Rotom-Wash, L50|\n|poke|p1|Sneasler, L50, F|\n|poke|p1|Aegislash, L50, F|\n|poke|p1|Whimsicott, L50, M|\n|poke|p2|Aerodactyl, L50, M|\n|poke|p2|Pelipper, L50, M, shiny|\n|poke|p2|Archaludon, L50, F, shiny|\n|poke|p2|Scizor, L50, M|\n|poke|p2|Sneasler, L50, M|\n|poke|p2|Garchomp, L50, F, shiny|\n|teampreview|4\n|inactive|Battle timer is ON: inactive players will automatically lose when time's up. (requested by v001)\n|\n|t:|1776651474\n|teamsize|p1|4\n|teamsize|p2|4\n|start\n|switch|p1a: Sneasler|Sneasler, L50, F|100/100\n|switch|p1b: Whimsicott|Whimsicott, L50, M|100/100\n|switch|p2a: Aerodactyl|Aerodactyl, L50, M|100/100\n|switch|p2b: Garchomp|Garchomp, L50, F, shiny|100/100\n|-ability|p2a: Aerodactyl|Unnerve\n|turn|1\n|inactive|ye979402 has 30 seconds left.\n|inactive|ye979402 has 20 seconds left.\n|\n|t:|1776651511\n|switch|p2a: Archaludon|Archaludon, L50, F, shiny|100/100\n|switch|p1a: Rotom|Rotom-Wash, L50|100/100\n|move|p1b: Whimsicott|Tailwind|p1b: Whimsicott\n|-sidestart|p1: v001|move: Tailwind\n|move|p2b: Garchomp|Stomping Tantrum|p1a: Rotom\n|-immune|p1a: Rotom|[from] ability: Levitate\n|\n|upkeep\n|turn|2\n|\n|t:|1776651533\n|switch|p2b: Pelipper|Pelipper, L50, M, shiny|100/100\n|-weather|RainDance|[from] ability: Drizzle|[of] p2b: Pelipper\n|move|p1b: Whimsicott|Moonblast|p2b: Pelipper\n|-damage|p2b: Pelipper|59/100\n|-unboost|p2b: Pelipper|spa|1\n|move|p1a: Rotom|Thunderbolt|p2b: Pelipper\n|-supereffective|p2b: Pelipper|2\n|-damage|p2b: Pelipper|0 fnt\n|faint|p2b: Pelipper\n|move|p2a: Archaludon|Electro Shot||[still]\n|-prepare|p2a: Archaludon|Electro Shot\n|-boost|p2a: Archaludon|spa|1\n|-anim|p2a: Archaludon|Electro Shot|p1a: Rotom\n|-damage|p1a: Rotom|32/100\n|-enditem|p1a: Rotom|Sitrus Berry|[eat]\n|-heal|p1a: Rotom|56/100|[from] item: Sitrus Berry\n|\n|-weather|RainDance|[upkeep]\n|upkeep\n|\n|t:|1776651552\n|switch|p2b: Aerodactyl|Aerodactyl, L50, M|100/100\n|-ability|p2b: Aerodactyl|Unnerve\n|turn|3\n|\n|t:|1776651574\n|move|p1b: Whimsicott|Sunny Day|p1b: Whimsicott\n|-weather|SunnyDay\n|move|p1a: Rotom|Thunderbolt|p2b: Aerodactyl\n|-supereffective|p2b: Aerodactyl|1\n|-crit|p2b: Aerodactyl\n|-enditem|p2b: Aerodactyl|Focus Sash\n|-damage|p2b: Aerodactyl|1/100\n|move|p2b: Aerodactyl|Tailwind|p2b: Aerodactyl\n|-sidestart|p2: ye979402|move: Tailwind\n|move|p2a: Archaludon|Electro Shot||[still]\n|-prepare|p2a: Archaludon|Electro Shot\n|-boost|p2a: Archaludon|spa|1\n|\n|-weather|SunnyDay|[upkeep]\n|upkeep\n|turn|4\n|\n|t:|1776651590\n|move|p1a: Rotom|Protect|p1a: Rotom\n|-singleturn|p1a: Rotom|Protect\n|move|p1b: Whimsicott|Encore|p2b: Aerodactyl\n|-start|p2b: Aerodactyl|Encore\n|move|p2b: Aerodactyl|Tailwind||[still]\n|-fail|p2b: Aerodactyl\n|move|p2a: Archaludon|Electro Shot|p1a: Rotom|[from] lockedmove\n|-activate|p1a: Rotom|move: Protect\n|\n|-weather|SunnyDay|[upkeep]\n|-sideend|p1: v001|move: Tailwind\n|upkeep\n|turn|5\n|-message|ye979402 forfeited.\n|\n|win|v001\n|raw|v001's rating: 1425 &rarr; <strong>1449</strong><br />(+24 for winning)\n|raw|ye979402's rating: 1492 &rarr; <strong>1468</strong><br />(-24 for losing)\n|l|\u2606v001\n|player|p1|\n",
  "uploadtime": 1776651633,
  "views": 5,
  "formatid": "gen9championsvgc2026regma",
  "rating": 1449,
  "private": 0,
  "password": null
}