{
  "id": "gen9championsvgc2026regma-2586773429",
  "format": "[Gen 9 Champions] VGC 2026 Reg M-A",
  "players": [
    "glacierdoop",
    "SunTufo"
  ],
  "log": "|j|\u2606glacierdoop\n|j|\u2606SunTufo\n|t:|1776458781\n|gametype|doubles\n|player|p1|glacierdoop|169|1261\n|player|p2|SunTufo|li|1233\n|gen|9\n|tier|[Gen 9 Champions] VGC 2026 Reg M-A\n|rated|\n|rule|Species Clause: Limit one of each Pok\u00e9mon\n|rule|Item Clause: Limit 1 of each item\n|clearpoke\n|poke|p1|Crabominable, L50, F|\n|poke|p1|Abomasnow, L50, M|\n|poke|p1|Sinistcha, L50|\n|poke|p1|Incineroar, L50, F|\n|poke|p1|Garchomp, L50, F|\n|poke|p1|Aerodactyl, L50, F|\n|poke|p2|Froslass, L50, F|\n|poke|p2|Milotic, L50, F|\n|poke|p2|Tinkaton, L50, F|\n|poke|p2|Aerodactyl, L50, F|\n|poke|p2|Garchomp, L50, F|\n|poke|p2|Arcanine-Hisui, L50, F|\n|teampreview|4\n|inactive|Battle timer is ON: inactive players will automatically lose when time's up. (requested by SunTufo)\n|inactive|glacierdoop also wants the timer to be on.\n|inactive|SunTufo has 60 seconds left.\n|\n|t:|1776458836\n|teamsize|p1|4\n|teamsize|p2|4\n|start\n|switch|p1a: Sinistcha|Sinistcha, L50|100/100\n|switch|p1b: Incineroar|Incineroar, L50, F|100/100\n|switch|p2a: Froslass|Froslass, L50, F, shiny|100/100\n|switch|p2b: Milotic|Milotic, L50, F, shiny|100/100\n|-ability|p1b: Incineroar|Intimidate|boost\n|-unboost|p2a: Froslass|atk|1\n|-unboost|p2b: Milotic|atk|1\n|-ability|p2b: Milotic|Competitive|boost\n|-boost|p2b: Milotic|spa|2\n|turn|1\n|\n|t:|1776458854\n|detailschange|p2a: Froslass|Froslass-Mega, L50, F, shiny\n|-mega|p2a: Froslass|Froslass|Froslassite\n|-weather|Snowscape|[from] ability: Snow Warning|[of] p2a: Froslass\n|move|p2a: Froslass|Aurora Veil|p2a: Froslass\n|-sidestart|p2: SunTufo|move: Aurora Veil\n|move|p2b: Milotic|Muddy Water|p1b: Incineroar|[spread] p1a,p1b\n|-resisted|p1a: Sinistcha|1\n|-supereffective|p1b: Incineroar|1\n|-damage|p1a: Sinistcha|65/100\n|-damage|p1b: Incineroar|0 fnt\n|faint|p1b: Incineroar\n|move|p1a: Sinistcha|Trick Room|p1a: Sinistcha\n|-fieldstart|move: Trick Room|[of] p1a: Sinistcha\n|\n|-weather|Snowscape|[upkeep]\n|upkeep\n|\n|t:|1776458866\n|switch|p1b: Abomasnow|Abomasnow, L50, M|100/100\n|turn|2\n|\n|t:|1776458877\n|move|p2b: Milotic|Protect|p2b: Milotic\n|-singleturn|p2b: Milotic|Protect\n|move|p1b: Abomasnow|Grass Knot|p2b: Milotic\n|-activate|p2b: Milotic|move: Protect\n|move|p1a: Sinistcha|Shadow Ball|p2a: Froslass\n|-supereffective|p2a: Froslass|1\n|-damage|p2a: Froslass|32/100\n|move|p2a: Froslass|Blizzard|p1b: Abomasnow|[spread] p1a,p1b\n|-supereffective|p1a: Sinistcha|1\n|-damage|p1a: Sinistcha|0 fnt\n|-damage|p1b: Abomasnow|52/100\n|faint|p1a: Sinistcha\n|\n|-weather|Snowscape|[upkeep]\n|upkeep\n|\n|t:|1776458886\n|switch|p1a: Crabominable|Crabominable, L50, F|100/100\n|turn|3\n|\n|t:|1776458908\n|switch|p2a: Arcanine|Arcanine-Hisui, L50, F, shiny|100/100\n|-ability|p2a: Arcanine|Intimidate|boost\n|-unboost|p1a: Crabominable|atk|1\n|-unboost|p1b: Abomasnow|atk|1\n|move|p1a: Crabominable|Ice Hammer|p2a: Arcanine\n|-resisted|p2a: Arcanine|1\n|-damage|p2a: Arcanine|85/100\n|-unboost|p1a: Crabominable|spe|1\n|move|p1b: Abomasnow|Frost Breath|p1a: Crabominable\n|-resisted|p1a: Crabominable|1\n|-crit|p1a: Crabominable\n|-damage|p1a: Crabominable|76/100\n|-setboost|p1a: Crabominable|atk|6|[from] ability: Anger Point\n|move|p2b: Milotic|Recover||[still]\n|-fail|p2b: Milotic|heal\n|\n|-weather|Snowscape|[upkeep]\n|upkeep\n|turn|4\n|\n|t:|1776458932\n|switch|p2a: Tinkaton|Tinkaton, L50, F, shiny|100/100\n|-ability|p2a: Tinkaton|Mold Breaker\n|detailschange|p1a: Crabominable|Crabominable-Mega, L50, F\n|-mega|p1a: Crabominable|Crabominable|Crabominite\n|move|p2b: Milotic|Protect|p2b: Milotic\n|-singleturn|p2b: Milotic|Protect\n|move|p1a: Crabominable|Drain Punch|p2a: Tinkaton\n|-damage|p2a: Tinkaton|0 fnt\n|-heal|p1a: Crabominable|100/100|[from] drain|[of] p2a: Tinkaton\n|faint|p2a: Tinkaton\n|move|p1b: Abomasnow|Grass Knot|p2b: Milotic\n|-activate|p2b: Milotic|move: Protect\n|\n|-weather|Snowscape|[upkeep]\n|upkeep\n|\n|t:|1776458944\n|switch|p2a: Froslass|Froslass-Mega, L50, F, shiny|32/100\n|turn|5\n|\n|t:|1776458965\n|switch|p2a: Arcanine|Arcanine-Hisui, L50, F, shiny|85/100\n|-ability|p2a: Arcanine|Intimidate|boost\n|-unboost|p1a: Crabominable|atk|1\n|-unboost|p1b: Abomasnow|atk|1\n|move|p2b: Milotic|Protect||[still]\n|-fail|p2b: Milotic\n|move|p1a: Crabominable|Ice Hammer|p2a: Arcanine\n|-resisted|p2a: Arcanine|1\n|-damage|p2a: Arcanine|0 fnt\n|-unboost|p1a: Crabominable|spe|1\n|faint|p2a: Arcanine\n|move|p1b: Abomasnow|Grass Knot|p2b: Milotic\n|-supereffective|p2b: Milotic|1\n|-damage|p2b: Milotic|57/100\n|\n|-weather|none\n|-sideend|p2: SunTufo|move: Aurora Veil\n|-fieldend|move: Trick Room\n|upkeep\n|\n|t:|1776458979\n|switch|p2a: Froslass|Froslass-Mega, L50, F, shiny|32/100\n|-weather|Snowscape|[from] ability: Snow Warning|[of] p2a: Froslass\n|turn|6\n|\n|t:|1776458986\n|move|p1a: Crabominable|Mach Punch|p2b: Milotic\n|-damage|p2b: Milotic|0 fnt\n|faint|p2b: Milotic\n|move|p2a: Froslass|Shadow Ball|p1a: Crabominable\n|-damage|p1a: Crabominable|66/100\n|move|p1b: Abomasnow|Blizzard|p2a: Froslass\n|-resisted|p2a: Froslass|1\n|-damage|p2a: Froslass|0 fnt\n|faint|p2a: Froslass\n|\n|win|glacierdoop\n|raw|glacierdoop's rating: 1261 &rarr; <strong>1284</strong><br />(+23 for winning)\n|raw|SunTufo's rating: 1233 &rarr; <strong>1210</strong><br />(-23 for losing)\n",
  "uploadtime": 1776458986,
  "views": 39,
  "formatid": "gen9championsvgc2026regma",
  "rating": 1210,
  "private": 0,
  "password": null
}