{
  "id": "gen9championsvgc2026regma-2588672662",
  "format": "[Gen 9 Champions] VGC 2026 Reg M-A",
  "players": [
    "Spix*sigh*",
    "ogrelord20"
  ],
  "log": "|j|\u2606Spix*sigh*\n|j|\u2606ogrelord20\n|t:|1776656166\n|gametype|doubles\n|player|p1|Spix*sigh*|unknown|1080\n|player|p2|ogrelord20|101|1111\n|gen|9\n|tier|[Gen 9 Champions] VGC 2026 Reg M-A\n|rated|\n|rule|Species Clause: Limit one of each Pok\u00e9mon\n|rule|Item Clause: Limit 1 of each item\n|clearpoke\n|poke|p1|Sneasler, L50, M|\n|poke|p1|Gengar, L50, M, shiny|\n|poke|p1|Politoed, L50, F, shiny|\n|poke|p1|Sinistcha, L50|\n|poke|p1|Archaludon, L50, F|\n|poke|p1|Incineroar, L50, M|\n|poke|p2|Scovillain, L50, F, shiny|\n|poke|p2|Corviknight, L50, F|\n|poke|p2|Primarina, L50, F, shiny|\n|poke|p2|Garchomp, L50, F|\n|poke|p2|Sinistcha-Masterpiece, L50|\n|poke|p2|Incineroar, L50, M|\n|teampreview|4\nSpix*sigh* rejected open team sheets.\n|inactive|Battle timer is ON: inactive players will automatically lose when time's up. (requested by Spix*sigh*)\n|inactive|ogrelord20 has 60 seconds left.\n|\n|t:|1776656237\n|teamsize|p1|4\n|teamsize|p2|4\n|start\n|switch|p1a: Gengar|Gengar, L50, M, shiny|100/100\n|switch|p1b: Sinistcha|Sinistcha, L50|100/100\n|switch|p2a: Sinistcha|Sinistcha-Masterpiece, L50|100/100\n|switch|p2b: Incineroar|Incineroar, L50, M|100/100\n|-ability|p2b: Incineroar|Intimidate|boost\n|-unboost|p1a: Gengar|atk|1\n|-unboost|p1b: Sinistcha|atk|1\n|turn|1\n|\n|t:|1776656261\n|detailschange|p1a: Gengar|Gengar-Mega, L50, M, shiny\n|-mega|p1a: Gengar|Gengar|Gengarite\n|move|p1a: Gengar|Protect|p1a: Gengar\n|-singleturn|p1a: Gengar|Protect\n|move|p1b: Sinistcha|Protect|p1b: Sinistcha\n|-singleturn|p1b: Sinistcha|Protect\n|move|p2a: Sinistcha|Hex|p1a: Gengar\n|-activate|p1a: Gengar|move: Protect\n|move|p2b: Incineroar|Throat Chop|p1a: Gengar\n|-activate|p1a: Gengar|move: Protect\n|\n|upkeep\n|turn|2\n|inactive|ogrelord20 has 30 seconds left.\n|\n|t:|1776656295\n|move|p1b: Sinistcha|Rage Powder|p1b: Sinistcha\n|-singleturn|p1b: Sinistcha|move: Rage Powder\n|move|p1a: Gengar|Shadow Ball|p2a: Sinistcha\n|-supereffective|p2a: Sinistcha|1\n|-damage|p2a: Sinistcha|0 fnt\n|faint|p2a: Sinistcha\n|move|p2b: Incineroar|Throat Chop|p1b: Sinistcha\n|-supereffective|p1b: Sinistcha|1\n|-damage|p1b: Sinistcha|22/100\n|-start|p1b: Sinistcha|Throat Chop|[silent]\n|\n|upkeep\n|\n|t:|1776656308\n|switch|p2a: Garchomp|Garchomp, L50, F|100/100\n|turn|3\n|\n|t:|1776656326\n|switch|p1a: Politoed|Politoed, L50, F, shiny|100/100\n|-weather|RainDance|[from] ability: Drizzle|[of] p1a: Politoed\n|move|p2a: Garchomp|Rock Slide|p1a: Politoed|[spread] p1a,p1b\n|-damage|p1a: Politoed|78/100\n|-damage|p1b: Sinistcha|3/100\n|move|p2b: Incineroar|Throat Chop|p1b: Sinistcha\n|-supereffective|p1b: Sinistcha|1\n|-damage|p1b: Sinistcha|0 fnt\n|faint|p1b: Sinistcha\n|\n|-weather|RainDance|[upkeep]\n|-heal|p1a: Politoed|84/100|[from] item: Leftovers\n|upkeep\n|\n|t:|1776656338\n|switch|p1b: Archaludon|Archaludon, L50, F|100/100\n|turn|4\n|\n|t:|1776656357\n|switch|p2a: Scovillain|Scovillain, L50, F, shiny|100/100\n|move|p1b: Archaludon|Protect|p1b: Archaludon\n|-singleturn|p1b: Archaludon|Protect\n|move|p1a: Politoed|Weather Ball|p2b: Incineroar\n|-supereffective|p2b: Incineroar|1\n|-damage|p2b: Incineroar|0 fnt\n|faint|p2b: Incineroar\n|\n|-weather|RainDance|[upkeep]\n|-heal|p1a: Politoed|90/100|[from] item: Leftovers\n|-ability|p2a: Scovillain|Moody|boost\n|-boost|p2a: Scovillain|spd|2\n|-unboost|p2a: Scovillain|spe|1\n|upkeep\n|\n|t:|1776656365\n|switch|p2b: Garchomp|Garchomp, L50, F|100/100\n|turn|5\n|inactive|ogrelord20 has 30 seconds left.\n|\n|t:|1776656392\n|move|p2b: Garchomp|Stomping Tantrum|p1b: Archaludon\n|-supereffective|p1b: Archaludon|1\n|-damage|p1b: Archaludon|45/100\n|move|p1b: Archaludon|Draco Meteor|p2b: Garchomp\n|-supereffective|p2b: Garchomp|1\n|-damage|p2b: Garchomp|0 fnt\n|-unboost|p1b: Archaludon|spa|2\n|faint|p2b: Garchomp\n|-enditem|p1b: Archaludon|White Herb\n|-clearnegativeboost|p1b: Archaludon|[silent]\n|move|p1a: Politoed|Perish Song|p1a: Politoed\n|-start|p1a: Politoed|perish3|[silent]\n|-start|p1b: Archaludon|perish3|[silent]\n|-start|p2a: Scovillain|perish3|[silent]\n|-fieldactivate|move: Perish Song\n|move|p2a: Scovillain|Leech Seed|p1a: Politoed\n|-start|p1a: Politoed|move: Leech Seed\n|\n|-weather|RainDance|[upkeep]\n|-heal|p1a: Politoed|96/100|[from] item: Leftovers\n|-damage|p1a: Politoed|84/100|[from] Leech Seed|[of] p2a: Scovillain\n|-start|p1b: Archaludon|perish3\n|-start|p1a: Politoed|perish3\n|-start|p2a: Scovillain|perish3\n|-ability|p2a: Scovillain|Moody|boost\n|-boost|p2a: Scovillain|atk|2\n|-unboost|p2a: Scovillain|spa|1\n|upkeep\n|turn|6\n|-message|ogrelord20 forfeited.\n|\n|win|Spix*sigh*\n|raw|Spix*sigh*'s rating: 1080 &rarr; <strong>1110</strong><br />(+30 for winning)\n|raw|ogrelord20's rating: 1111 &rarr; <strong>1084</strong><br />(-27 for losing)\n",
  "uploadtime": 1776656403,
  "views": 4,
  "formatid": "gen9championsvgc2026regma",
  "rating": 1084,
  "private": 0,
  "password": null
}