{
  "id": "gen9championsvgc2026regma-2588373643",
  "format": "[Gen 9 Champions] VGC 2026 Reg M-A",
  "players": [
    "Tat10F",
    "sdlt 2krl coolguy"
  ],
  "log": "|raw|<div class=\"broadcast-blue\"><strong>This battle is required to be public due to a player having a name starting with 'sdlt'.</div>\n|j|\u2606Tat10F\n|j|\u2606sdlt 2krl coolguy\n|t:|1776628146\n|gametype|doubles\n|player|p1|Tat10F|clair|1334\n|player|p2|sdlt 2krl coolguy|leon-masters2|1343\n|gen|9\n|tier|[Gen 9 Champions] VGC 2026 Reg M-A\n|rated|\n|rule|Species Clause: Limit one of each Pok\u00e9mon\n|rule|Item Clause: Limit 1 of each item\n|clearpoke\n|poke|p1|Froslass, L50, F|\n|poke|p1|Basculegion, L50, M|\n|poke|p1|Clefable, L50, M|\n|poke|p1|Rotom-Heat, L50|\n|poke|p1|Kingambit, L50, F|\n|poke|p1|Sneasler, L50, F|\n|poke|p2|Floette-Eternal, L50, F|\n|poke|p2|Incineroar, L50, F|\n|poke|p2|Sinistcha, L50|\n|poke|p2|Garchomp, L50, F|\n|poke|p2|Sneasler, L50, F|\n|poke|p2|Kingambit, L50, M|\n|teampreview|4\n|inactive|Battle timer is ON: inactive players will automatically lose when time's up. (requested by sdlt 2krl coolguy)\n|inactive|Tat10F has 60 seconds left.\n|\n|t:|1776628206\n|teamsize|p1|4\n|teamsize|p2|4\n|start\n|switch|p1a: Sneasler|Sneasler, L50, F|100/100\n|switch|p1b: Basculegion|Basculegion, L50, M|100/100\n|switch|p2a: Sinistcha|Sinistcha, L50|100/100\n|switch|p2b: Floette|Floette-Eternal, L50, F|100/100\n|turn|1\n|inactive|Tat10F has 30 seconds left.\n|\n|t:|1776628232\n|detailschange|p2b: Floette|Floette-Mega, L50, F\n|-mega|p2b: Floette|Floette|Floettite\n|-ability|p2b: Floette|Fairy Aura\n|move|p1a: Sneasler|Fake Out|p2b: Floette\n|-damage|p2b: Floette|85/100\n|move|p2a: Sinistcha|Rage Powder|p2a: Sinistcha\n|-singleturn|p2a: Sinistcha|move: Rage Powder\n|move|p1b: Basculegion|Flip Turn|p2a: Sinistcha\n|-resisted|p2a: Sinistcha|1\n|-damage|p2a: Sinistcha|84/100\n|\n|t:|1776628241\n|switch|p1b: Froslass|Froslass, L50, F|100/100|[from] Flip Turn\n|cant|p2b: Floette|flinch\n|\n|upkeep\n|turn|2\n|\n|t:|1776628256\n|switch|p2a: Incineroar|Incineroar, L50, F|100/100\n|-ability|p2a: Incineroar|Intimidate|boost\n|-unboost|p1a: Sneasler|atk|1\n|-unboost|p1b: Froslass|atk|1\n|-enditem|p1a: Sneasler|White Herb\n|-clearnegativeboost|p1a: Sneasler|[silent]\n|detailschange|p1b: Froslass|Froslass-Mega, L50, F\n|-mega|p1b: Froslass|Froslass|Froslassite\n|-weather|Snowscape|[from] ability: Snow Warning|[of] p1b: Froslass\n|move|p2b: Floette|Protect|p2b: Floette\n|-singleturn|p2b: Floette|Protect\n|move|p1a: Sneasler|Dire Claw|p2b: Floette\n|-activate|p2b: Floette|move: Protect\n|move|p1b: Froslass|Blizzard|p2a: Incineroar|[spread] p2a\n|-activate|p2b: Floette|move: Protect\n|-resisted|p2a: Incineroar|1\n|-damage|p2a: Incineroar|76/100\n|\n|-weather|Snowscape|[upkeep]\n|upkeep\n|turn|3\n|\n|t:|1776628275\n|move|p1a: Sneasler|Protect|p1a: Sneasler\n|-singleturn|p1a: Sneasler|Protect\n|move|p2a: Incineroar|Fake Out|p1a: Sneasler\n|-activate|p1a: Sneasler|move: Protect\n|move|p1b: Froslass|Aurora Veil|p1b: Froslass\n|-sidestart|p1: Tat10F|move: Aurora Veil\n|move|p2b: Floette|Dazzling Gleam|p1a: Sneasler|[spread] p1b\n|-activate|p1a: Sneasler|move: Protect\n|-damage|p1b: Froslass|58/100\n|\n|-weather|Snowscape|[upkeep]\n|upkeep\n|turn|4\n|\n|t:|1776628295\n|move|p2b: Floette|Protect|p2b: Floette\n|-singleturn|p2b: Floette|Protect\n|move|p1a: Sneasler|Close Combat|p2a: Incineroar\n|-supereffective|p2a: Incineroar|1\n|-enditem|p2a: Incineroar|Chople Berry|[eat]\n|-enditem|p2a: Incineroar|Chople Berry|[weaken]\n|-damage|p2a: Incineroar|22/100\n|-unboost|p1a: Sneasler|def|1\n|-unboost|p1a: Sneasler|spd|1\n|move|p1b: Froslass|Blizzard|p2a: Incineroar|[spread] p2a\n|-activate|p2b: Floette|move: Protect\n|-resisted|p2a: Incineroar|1\n|-damage|p2a: Incineroar|0 fnt\n|faint|p2a: Incineroar\n|\n|-weather|Snowscape|[upkeep]\n|upkeep\n|\n|t:|1776628309\n|switch|p2a: Sinistcha|Sinistcha, L50|84/100\n|-heal|p2b: Floette|100/100|[from] ability: Hospitality|[of] p2a: Sinistcha\n|turn|5\n|\n|t:|1776628314\n|move|p1a: Sneasler|Protect|p1a: Sneasler\n|-singleturn|p1a: Sneasler|Protect\n|move|p2a: Sinistcha|Rage Powder|p2a: Sinistcha\n|-singleturn|p2a: Sinistcha|move: Rage Powder\n|move|p1b: Froslass|Blizzard|p2b: Floette|[spread] p2a,p2b\n|-supereffective|p2a: Sinistcha|1\n|-damage|p2a: Sinistcha|0 fnt\n|-damage|p2b: Floette|64/100\n|faint|p2a: Sinistcha\n|move|p2b: Floette|Dazzling Gleam|p1a: Sneasler|[spread] p1b\n|-activate|p1a: Sneasler|move: Protect\n|-damage|p1b: Froslass|21/100\n|\n|-weather|Snowscape|[upkeep]\n|upkeep\n|\n|t:|1776628319\n|switch|p2a: Sneasler|Sneasler, L50, F|100/100\n|turn|6\n|\n|t:|1776628335\n|switch|p1a: Clefable|Clefable, L50, M|100/100\n|move|p2b: Floette|Protect|p2b: Floette\n|-singleturn|p2b: Floette|Protect\n|move|p2a: Sneasler|Close Combat|p1a: Clefable\n|-resisted|p1a: Clefable|1\n|-damage|p1a: Clefable|83/100\n|-unboost|p2a: Sneasler|def|1\n|-unboost|p2a: Sneasler|spd|1\n|-enditem|p2a: Sneasler|White Herb\n|-clearnegativeboost|p2a: Sneasler|[silent]\n|move|p1b: Froslass|Blizzard|p2b: Floette|[spread] p2a\n|-activate|p2b: Floette|move: Protect\n|-damage|p2a: Sneasler|32/100\n|\n|-weather|none\n|upkeep\n|turn|7\n|\n|t:|1776628357\n|move|p2a: Sneasler|Protect|p2a: Sneasler\n|-singleturn|p2a: Sneasler|Protect\n|move|p1a: Clefable|Follow Me|p1a: Clefable\n|-singleturn|p1a: Clefable|move: Follow Me\n|move|p1b: Froslass|Shadow Ball|p2a: Sneasler\n|-activate|p2a: Sneasler|move: Protect\n|move|p2b: Floette|Dazzling Gleam|p1b: Froslass|[spread] p1a,p1b\n|-damage|p1a: Clefable|54/100\n|-damage|p1b: Froslass|0 fnt\n|faint|p1b: Froslass\n|\n|-sideend|p1: Tat10F|move: Aurora Veil\n|upkeep\n|\n|t:|1776628369\n|switch|p1b: Basculegion|Basculegion, L50, M|100/100\n|turn|8\n|\n|t:|1776628376\n|move|p1a: Clefable|Follow Me|p1a: Clefable\n|-singleturn|p1a: Clefable|move: Follow Me\n|move|p2a: Sneasler|Dire Claw|p1a: Clefable\n|-supereffective|p1a: Clefable|1\n|-damage|p1a: Clefable|0 fnt\n|faint|p1a: Clefable\n|move|p1b: Basculegion|Last Respects|p2b: Floette\n|-damage|p2b: Floette|0 fnt\n|faint|p2b: Floette\n|\n|upkeep\n|\n|t:|1776628385\n|switch|p1a: Sneasler|Sneasler, L50, F|100/100\n|turn|9\n|\n|t:|1776628391\n|move|p2a: Sneasler|Protect|p2a: Sneasler\n|-singleturn|p2a: Sneasler|Protect\n|move|p1a: Sneasler|Fake Out|p2a: Sneasler\n|-activate|p2a: Sneasler|move: Protect\n|move|p1b: Basculegion|Last Respects|p2a: Sneasler\n|-activate|p2a: Sneasler|move: Protect\n|\n|upkeep\n|turn|10\n|\n|t:|1776628402\n|move|p2a: Sneasler|Dire Claw|p1b: Basculegion\n|-resisted|p1b: Basculegion|1\n|-crit|p1b: Basculegion\n|-damage|p1b: Basculegion|59/100\n|move|p1b: Basculegion|Last Respects|p2a: Sneasler\n|-damage|p2a: Sneasler|0 fnt\n|faint|p2a: Sneasler\n|\n|win|Tat10F\n|raw|Tat10F's rating: 1334 &rarr; <strong>1355</strong><br />(+21 for winning)\n|raw|sdlt 2krl coolguy's rating: 1343 &rarr; <strong>1322</strong><br />(-21 for losing)\n",
  "uploadtime": 1776628402,
  "views": 14,
  "formatid": "gen9championsvgc2026regma",
  "rating": 1322,
  "private": 0,
  "password": null
}