{
  "id": "gen9championsvgc2026regma-2584082959",
  "format": "[Gen 9 Champions] VGC 2026 Reg M-A",
  "players": [
    "proairpods",
    "colfox"
  ],
  "log": "|j|\u2606proairpods\n|j|\u203dcolfox\n|t:|1776223364\n|gametype|doubles\n|player|p1|proairpods|brock|1140\n|player|p2|colfox|169|1175\n|gen|9\n|tier|[Gen 9 Champions] VGC 2026 Reg M-A\n|rated|\n|rule|Species Clause: Limit one of each Pok\u00e9mon\n|rule|Item Clause: Limit 1 of each item\n|clearpoke\n|poke|p1|Tyranitar, L50, M|\n|poke|p1|Orthworm, L50, F|\n|poke|p1|Basculegion, L50, M|\n|poke|p1|Aerodactyl, L50, M|\n|poke|p1|Incineroar, L50, M|\n|poke|p1|Rotom-Mow, L50|\n|poke|p2|Sylveon, L50, M|\n|poke|p2|Garchomp, L50, M|\n|poke|p2|Milotic, L50, M|\n|poke|p2|Ninetales, L50, F|\n|poke|p2|Raichu, L50, M|\n|poke|p2|Scizor, L50, M|\n|teampreview|4\n|\n|t:|1776223404\n|teamsize|p1|4\n|teamsize|p2|4\n|start\n|switch|p1a: Aerodactyl|Aerodactyl, L50, M|100/100\n|switch|p1b: Orthworm|Orthworm, L50, F|100/100\n|switch|p2a: Milotic|Milotic, L50, M|100/100\n|switch|p2b: Raichu|Raichu, L50, M|100/100\n|-ability|p1a: Aerodactyl|Unnerve\n|turn|1\n|\n|t:|1776223429\n|move|p2b: Raichu|Fake Out|p1a: Aerodactyl\n|-resisted|p1a: Aerodactyl|1\n|-damage|p1a: Aerodactyl|94/100\n|cant|p1a: Aerodactyl|flinch\n|move|p1b: Orthworm|Shed Tail|p1b: Orthworm\n|-start|p1b: Orthworm|Substitute|[from] move: Shed Tail\n|-damage|p1b: Orthworm|50/100\n|\n|t:|1776223438\n|switch|p1b: Tyranitar|Tyranitar, L50, M|100/100|[from] Shed Tail\n|-weather|Sandstorm|[from] ability: Sand Stream|[of] p1b: Tyranitar\n|move|p2a: Milotic|Scald|p1a: Aerodactyl\n|-supereffective|p1a: Aerodactyl|1\n|-damage|p1a: Aerodactyl|24/100\n|\n|-weather|Sandstorm|[upkeep]\n|-damage|p2b: Raichu|95/100|[from] Sandstorm\n|-damage|p2a: Milotic|95/100|[from] Sandstorm\n|upkeep\n|turn|2\n|-activate|p1a: Aerodactyl|item: Quick Claw\n|\n|t:|1776223462\n|detailschange|p1b: Tyranitar|Tyranitar-Mega, L50, M\n|-mega|p1b: Tyranitar|Tyranitar|Tyranitarite\n|move|p1a: Aerodactyl|Tailwind|p1a: Aerodactyl\n|-sidestart|p1: proairpods|move: Tailwind\n|move|p1b: Tyranitar|Earthquake|p2a: Milotic|[spread] p2a,p2b\n|-immune|p1a: Aerodactyl\n|-supereffective|p2b: Raichu|1\n|-damage|p2a: Milotic|57/100\n|-damage|p2b: Raichu|0 fnt\n|faint|p2b: Raichu\n|move|p2a: Milotic|Scald|p1b: Tyranitar\n|-supereffective|p1b: Tyranitar|1\n|-end|p1b: Tyranitar|Substitute\n|\n|-weather|Sandstorm|[upkeep]\n|-damage|p2a: Milotic|51/100|[from] Sandstorm\n|upkeep\n|\n|t:|1776223479\n|switch|p2b: Sylveon|Sylveon, L50, M|100/100\n|turn|3\n|\n|t:|1776223499\n|move|p1b: Tyranitar|Protect|p1b: Tyranitar\n|-singleturn|p1b: Tyranitar|Protect\n|move|p2a: Milotic|Protect|p2a: Milotic\n|-singleturn|p2a: Milotic|Protect\n|move|p1a: Aerodactyl|Rock Slide|p2b: Sylveon|[spread] p2b\n|-activate|p2a: Milotic|move: Protect\n|-damage|p2b: Sylveon|68/100\n|move|p2b: Sylveon|Hyper Voice|p1a: Aerodactyl|[spread] p1a\n|-activate|p1b: Tyranitar|move: Protect\n|-damage|p1a: Aerodactyl|0 fnt\n|faint|p1a: Aerodactyl\n|\n|-weather|Sandstorm|[upkeep]\n|-damage|p2a: Milotic|45/100|[from] Sandstorm\n|-damage|p2b: Sylveon|62/100|[from] Sandstorm\n|upkeep\n|\n|t:|1776223516\n|switch|p1a: Orthworm|Orthworm, L50, F|50/100\n|turn|4\n|\n|t:|1776223542\n|move|p2b: Sylveon|Protect|p2b: Sylveon\n|-singleturn|p2b: Sylveon|Protect\n|move|p1b: Tyranitar|Earthquake|p2b: Sylveon|[spread] p2a\n|-activate|p2b: Sylveon|move: Protect\n|-heal|p1a: Orthworm|75/100|[from] ability: Earth Eater|[of] p1b: Tyranitar\n|-damage|p2a: Milotic|6/100\n|move|p1a: Orthworm|Body Press|p2a: Milotic\n|-damage|p2a: Milotic|0 fnt\n|faint|p2a: Milotic\n|\n|-weather|Sandstorm|[upkeep]\n|-damage|p2b: Sylveon|56/100|[from] Sandstorm\n|-heal|p1a: Orthworm|81/100|[from] item: Leftovers\n|upkeep\n|\n|t:|1776223557\n|switch|p2a: Scizor|Scizor, L50, M|100/100\n|turn|5\n|\n|t:|1776223577\n|detailschange|p2a: Scizor|Scizor-Mega, L50, M\n|-mega|p2a: Scizor|Scizor|Scizorite\n|move|p1b: Tyranitar|Earthquake|p2b: Sylveon|[spread] p2a,p2b\n|-heal|p1a: Orthworm|100/100|[from] ability: Earth Eater|[of] p1b: Tyranitar\n|-damage|p2a: Scizor|77/100\n|-damage|p2b: Sylveon|17/100\n|move|p1a: Orthworm|Body Press|p2a: Scizor\n|-damage|p2a: Scizor|51/100\n|move|p2a: Scizor|Swords Dance|p2a: Scizor\n|-boost|p2a: Scizor|atk|2\n|move|p2b: Sylveon|Mystical Fire|p1a: Orthworm\n|-supereffective|p1a: Orthworm|1\n|-damage|p1a: Orthworm|5/100\n|-unboost|p1a: Orthworm|spa|1\n|\n|-weather|none\n|-heal|p1a: Orthworm|12/100|[from] item: Leftovers\n|-sideend|p1: proairpods|move: Tailwind\n|upkeep\n|turn|6\n|\n|t:|1776223608\n|move|p2a: Scizor|Bullet Punch|p1b: Tyranitar\n|-supereffective|p1b: Tyranitar|1\n|-damage|p1b: Tyranitar|1/100\n|move|p1b: Tyranitar|Earthquake|p2b: Sylveon|[spread] p2a,p2b\n|-heal|p1a: Orthworm|36/100|[from] ability: Earth Eater|[of] p1b: Tyranitar\n|-damage|p2a: Scizor|28/100\n|-damage|p2b: Sylveon|0 fnt\n|faint|p2b: Sylveon\n|move|p1a: Orthworm|Iron Head|p2a: Scizor\n|-resisted|p2a: Scizor|1\n|-damage|p2a: Scizor|19/100\n|\n|-heal|p1a: Orthworm|43/100|[from] item: Leftovers\n|upkeep\n|turn|7\n|\n|t:|1776223636\n|move|p1b: Tyranitar|Protect|p1b: Tyranitar\n|-singleturn|p1b: Tyranitar|Protect\n|move|p2a: Scizor|Protect|p2a: Scizor\n|-singleturn|p2a: Scizor|Protect\n|move|p1a: Orthworm|Body Press|p2a: Scizor\n|-activate|p2a: Scizor|move: Protect\n|\n|-heal|p1a: Orthworm|49/100|[from] item: Leftovers\n|upkeep\n|turn|8\n|\n|t:|1776223647\n|move|p1a: Orthworm|Protect|p1a: Orthworm\n|-singleturn|p1a: Orthworm|Protect\n|move|p2a: Scizor|Bullet Punch|p1b: Tyranitar\n|-supereffective|p1b: Tyranitar|1\n|-damage|p1b: Tyranitar|0 fnt\n|faint|p1b: Tyranitar\n|\n|-heal|p1a: Orthworm|55/100|[from] item: Leftovers\n|upkeep\n|\n|t:|1776223655\n|switch|p1b: Basculegion|Basculegion, L50, M|100/100\n|turn|9\n|\n|t:|1776223663\n|move|p2a: Scizor|Bullet Punch|p1b: Basculegion\n|-resisted|p1b: Basculegion|1\n|-damage|p1b: Basculegion|50/100\n|move|p1b: Basculegion|Last Respects|p2a: Scizor\n|-damage|p2a: Scizor|0 fnt\n|faint|p2a: Scizor\n|\n|win|proairpods\n|raw|proairpods's rating: 1140 &rarr; <strong>1168</strong><br />(+28 for winning)\n|raw|colfox's rating: 1175 &rarr; <strong>1147</strong><br />(-28 for losing)\n|l|\u2606proairpods\n|player|p1|\n|l|\u203dcolfox\n|player|p2|\n|j|\u203dcolfox\n|player|p2|colfox|169|\n",
  "uploadtime": 1776223777,
  "views": 39,
  "formatid": "gen9championsvgc2026regma",
  "rating": 1147,
  "private": 0,
  "password": null
}