{
  "id": "gen9championsvgc2026regma-2589553272",
  "format": "[Gen 9 Champions] VGC 2026 Reg M-A",
  "players": [
    "Spgdd",
    "kodi777"
  ],
  "log": "|j|\u2606Spgdd\n|j|\u2606kodi777\n|t:|1776733540\n|gametype|doubles\n|player|p1|Spgdd|miku-water|1165\n|player|p2|kodi777|169|1117\n|gen|9\n|tier|[Gen 9 Champions] VGC 2026 Reg M-A\n|rated|\n|rule|Species Clause: Limit one of each Pok\u00e9mon\n|rule|Item Clause: Limit 1 of each item\n|clearpoke\n|poke|p1|Aggron, L50, M, shiny|\n|poke|p1|Froslass, L50, F, shiny|\n|poke|p1|Talonflame, L50, M, shiny|\n|poke|p1|Goodra, L50, F, shiny|\n|poke|p1|Sneasler, L50, F, shiny|\n|poke|p1|Sinistcha, L50, shiny|\n|poke|p2|Farigiraf, L50, M, shiny|\n|poke|p2|Torkoal, L50, M, shiny|\n|poke|p2|Zoroark-Hisui, L50, M|\n|poke|p2|Charizard, L50, M, shiny|\n|poke|p2|Sableye, L50, F|\n|poke|p2|Kingambit, L50, F|\n|teampreview|4\n|inactive|Battle timer is ON: inactive players will automatically lose when time's up. (requested by Spgdd)\n|inactive|kodi777 has 60 seconds left.\n|inactive|Spgdd has 60 seconds left.\n|\n|t:|1776733591\n|teamsize|p1|4\n|teamsize|p2|4\n|start\n|switch|p1a: Froslass|Froslass, L50, F, shiny|100/100\n|switch|p1b: Talonflame|Talonflame, L50, M, shiny|100/100\n|switch|p2a: Farigiraf|Farigiraf, L50, M, shiny|100/100\n|switch|p2b: Sableye|Sableye, L50, F|100/100\n|turn|1\n|inactive|Spgdd has 30 seconds left.\n|inactive|kodi777 has 30 seconds left.\n|inactive|kodi777 has 20 seconds left.\n|\n|t:|1776733626\n|switch|p1a: Aggron|Aggron, L50, M, shiny|100/100\n|move|p2b: Sableye|Shadow Ball|p1a: Aggron\n|-damage|p1a: Aggron|60/100\n|move|p1b: Talonflame|Taunt|p2a: Farigiraf\n|-start|p2a: Farigiraf|move: Taunt\n|move|p2a: Farigiraf|Thunderbolt|p1b: Talonflame\n|-supereffective|p1b: Talonflame|1\n|-damage|p1b: Talonflame|38/100\n|-status|p1b: Talonflame|par\n|-enditem|p1b: Talonflame|Sitrus Berry|[eat]\n|-heal|p1b: Talonflame|63/100 par|[from] item: Sitrus Berry\n|\n|upkeep\n|turn|2\n|inactive|Spgdd has 30 seconds left.\n|inactive|kodi777 has 30 seconds left.\n|\n|t:|1776733658\n|switch|p1b: Goodra|Goodra, L50, F, shiny|100/100\n|move|p2b: Sableye|Shadow Ball|p1b: Goodra\n|-damage|p1b: Goodra|73/100\n|-unboost|p1b: Goodra|spd|1\n|move|p2a: Farigiraf|Psychic|p1b: Goodra\n|-damage|p1b: Goodra|35/100\n|move|p1a: Aggron|Stealth Rock|p2a: Farigiraf\n|-sidestart|p2: kodi777|move: Stealth Rock\n|\n|-heal|p1b: Goodra|41/100|[from] item: Leftovers\n|upkeep\n|turn|3\n|inactive|Spgdd has 30 seconds left.\n|\n|t:|1776733690\n|detailschange|p1a: Aggron|Aggron-Mega, L50, M, shiny\n|-mega|p1a: Aggron|Aggron|Aggronite\n|move|p2b: Sableye|Shadow Ball|p1b: Goodra\n|-damage|p1b: Goodra|0 fnt\n|faint|p1b: Goodra\n|move|p2a: Farigiraf|Psychic|p1a: Aggron\n|-resisted|p1a: Aggron|1\n|-damage|p1a: Aggron|43/100\n|move|p1a: Aggron|Heavy Slam|p2b: Sableye\n|-damage|p2b: Sableye|0 fnt\n|replace|p2b: Zoroark|Zoroark-Hisui, L50, M\n|-end|p2b: Zoroark|Illusion\n|faint|p2b: Zoroark\n|\n|-end|p2a: Farigiraf|move: Taunt\n|upkeep\n|inactive|Spgdd has 30 seconds left.\n|\n|t:|1776733723\n|switch|p2b: Sableye|Sableye, L50, F|100/100\n|switch|p1b: Froslass|Froslass, L50, F, shiny|100/100\n|-damage|p2b: Sableye|88/100|[from] Stealth Rock\n|turn|4\n|\n|t:|1776733745\n|move|p2b: Sableye|Will-O-Wisp|p1a: Aggron\n|-status|p1a: Aggron|brn\n|move|p1b: Froslass|Shadow Ball|p2b: Sableye\n|-damage|p2b: Sableye|44/100\n|move|p2a: Farigiraf|Psychic|p1b: Froslass\n|-damage|p1b: Froslass|35/100\n|-start|p2a: Farigiraf|Disable|Psychic|[from] ability: Cursed Body|[of] p1b: Froslass\n|move|p1a: Aggron|Heavy Slam|p2b: Sableye\n|-damage|p2b: Sableye|15/100\n|\n|-heal|p2b: Sableye|20/100|[from] item: Leftovers\n|-damage|p1a: Aggron|37/100 brn|[from] brn\n|upkeep\n|turn|5\n|inactive|kodi777 has 30 seconds left.\n|\n|t:|1776733776\n|move|p2b: Sableye|Will-O-Wisp|p1b: Froslass\n|-status|p1b: Froslass|brn\n|move|p1b: Froslass|Shadow Ball|p2b: Sableye\n|-crit|p2b: Sableye\n|-damage|p2b: Sableye|0 fnt\n|faint|p2b: Sableye\n|move|p1a: Aggron|Heavy Slam|p2a: Farigiraf\n|-damage|p2a: Farigiraf|87/100\n|move|p2a: Farigiraf|Trick Room|p2a: Farigiraf\n|-fieldstart|move: Trick Room|[of] p2a: Farigiraf\n|\n|-damage|p1a: Aggron|30/100 brn|[from] brn\n|-damage|p1b: Froslass|28/100 brn|[from] brn\n|upkeep\n|\n|t:|1776733782\n|switch|p2b: Torkoal|Torkoal, L50, M, shiny|100/100\n|-damage|p2b: Torkoal|76/100|[from] Stealth Rock\n|-weather|SunnyDay|[from] ability: Drought|[of] p2b: Torkoal\n|turn|6\n|inactive|Spgdd has 30 seconds left.\n|\n|t:|1776733809\n|move|p2b: Torkoal|Eruption|p1a: Aggron|[spread] p1a,p1b\n|-supereffective|p1a: Aggron|1\n|-supereffective|p1b: Froslass|1\n|-damage|p1a: Aggron|0 fnt\n|-damage|p1b: Froslass|0 fnt\n|faint|p1a: Aggron\n|faint|p1b: Froslass\n|move|p2a: Farigiraf|Thunderbolt|p1: Aggron|[notarget]\n|-fail|p2a: Farigiraf\n|\n|-weather|SunnyDay|[upkeep]\n|upkeep\n|\n|t:|1776733821\n|switch|p1b: Talonflame|Talonflame, L50, M, shiny|63/100 par\n|turn|7\n|\n|t:|1776733836\n|move|p1b: Talonflame|Endure|p1b: Talonflame\n|-singleturn|p1b: Talonflame|move: Endure\n|move|p2b: Torkoal|Eruption|p1b: Talonflame\n|-resisted|p1b: Talonflame|1\n|-damage|p1b: Talonflame|19/100 par\n|move|p2a: Farigiraf|Thunderbolt|p1b: Talonflame\n|-supereffective|p1b: Talonflame|1\n|-activate|p1b: Talonflame|move: Endure\n|-damage|p1b: Talonflame|1/100 par\n|\n|-weather|SunnyDay|[upkeep]\n|-end|p2a: Farigiraf|Disable\n|upkeep\n|turn|8\n|\n|t:|1776733851\n|move|p2b: Torkoal|Eruption|p1b: Talonflame\n|-resisted|p1b: Talonflame|1\n|-damage|p1b: Talonflame|0 fnt\n|faint|p1b: Talonflame\n|\n|win|kodi777\n|raw|Spgdd's rating: 1165 &rarr; <strong>1137</strong><br />(-28 for losing)\n|raw|kodi777's rating: 1117 &rarr; <strong>1145</strong><br />(+28 for winning)\n",
  "uploadtime": 1776733857,
  "views": 4,
  "formatid": "gen9championsvgc2026regma",
  "rating": 1137,
  "private": 0,
  "password": null
}