{
  "id": "gen9championsvgc2026regma-2584586949",
  "format": "[Gen 9 Champions] VGC 2026 Reg M-A",
  "players": [
    "Drcheems19",
    "GameBoyJunkie"
  ],
  "log": "|j|\u2606Drcheems19\n|j|\u2606GameBoyJunkie\n|t:|1776270485\n|gametype|doubles\n|player|p1|Drcheems19|169|1020\n|player|p2|GameBoyJunkie|102|1000\n|gen|9\n|tier|[Gen 9 Champions] VGC 2026 Reg M-A\n|rated|\n|rule|Species Clause: Limit one of each Pok\u00e9mon\n|rule|Item Clause: Limit 1 of each item\n|clearpoke\n|poke|p1|Victreebel, L50, M|\n|poke|p1|Ninetales, L50, M|\n|poke|p1|Maushold-Four, L50|\n|poke|p1|Aegislash, L50, F|\n|poke|p1|Zoroark-Hisui, L50, M|\n|poke|p1|Gyarados, L50, F|\n|poke|p2|Alakazam, L50, M|\n|poke|p2|Sneasler, L50, M|\n|poke|p2|Tyranitar, L50, M|\n|poke|p2|Drampa, L50, M|\n|poke|p2|Whimsicott, L50, M|\n|poke|p2|Maushold-Four, L50|\n|teampreview|4\n|\n|t:|1776270554\n|teamsize|p1|4\n|teamsize|p2|4\n|start\n|switch|p1a: Ninetales|Ninetales, L50, M|100/100\n|switch|p1b: Maushold|Maushold-Four, L50|100/100\n|switch|p2a: Tyranitar|Tyranitar, L50, M|100/100\n|switch|p2b: Whimsicott|Whimsicott, L50, M|100/100\n|-weather|Sandstorm|[from] ability: Sand Stream|[of] p2a: Tyranitar\n|turn|1\n|inactive|Battle timer is ON: inactive players will automatically lose when time's up. (requested by Drcheems19)\n|\n|t:|1776270607\n|switch|p2b: Drampa|Drampa, L50, M|100/100\n|-ability|p2b: Drampa|Cloud Nine\n|move|p1a: Ninetales|Nasty Plot|p1a: Ninetales\n|-boost|p1a: Ninetales|spa|2\n|move|p1b: Maushold|Chilling Water|p2a: Tyranitar\n|-supereffective|p2a: Tyranitar|1\n|-damage|p2a: Tyranitar|85/100\n|-unboost|p2a: Tyranitar|atk|1\n|move|p2a: Tyranitar|Dragon Dance|p2a: Tyranitar\n|-boost|p2a: Tyranitar|atk|1\n|-boost|p2a: Tyranitar|spe|1\n|\n|-weather|Sandstorm|[upkeep]\n|upkeep\n|turn|2\n|inactive|Drcheems19 has 30 seconds left.\n|inactive|GameBoyJunkie has 30 seconds left.\n|\n|t:|1776270642\n|move|p2b: Drampa|Protect|p2b: Drampa\n|-singleturn|p2b: Drampa|Protect\n|move|p1a: Ninetales|Hyper Voice|p2a: Tyranitar|[spread] p2a\n|-activate|p2b: Drampa|move: Protect\n|-resisted|p2a: Tyranitar|1\n|-damage|p2a: Tyranitar|57/100\n|move|p2a: Tyranitar|Rock Slide|p1b: Maushold|[spread] p1a,p1b\n|-damage|p1a: Ninetales|57/100\n|-damage|p1b: Maushold|72/100\n|replace|p1a: Zoroark|Zoroark-Hisui, L50, M\n|-end|p1a: Zoroark|Illusion\n|cant|p1b: Maushold|flinch\n|\n|-weather|Sandstorm|[upkeep]\n|upkeep\n|turn|3\n|inactive|GameBoyJunkie has 30 seconds left.\n|\n|t:|1776270671\n|move|p1a: Zoroark|Protect|p1a: Zoroark\n|-singleturn|p1a: Zoroark|Protect\n|move|p2a: Tyranitar|Knock Off|p1a: Zoroark\n|-activate|p1a: Zoroark|move: Protect\n|move|p1b: Maushold|Thunder Wave|p2a: Tyranitar\n|-status|p2a: Tyranitar|par\n|move|p2b: Drampa|Energy Ball|p1b: Maushold\n|-damage|p1b: Maushold|36/100\n|-enditem|p1b: Maushold|Sitrus Berry|[eat]\n|-heal|p1b: Maushold|61/100|[from] item: Sitrus Berry\n|\n|-weather|Sandstorm|[upkeep]\n|upkeep\n|turn|4\n|\n|t:|1776270692\n|move|p1b: Maushold|Follow Me|p1b: Maushold\n|-singleturn|p1b: Maushold|move: Follow Me\n|move|p1a: Zoroark|Hyper Voice|p2a: Tyranitar|[spread] p2a,p2b\n|-resisted|p2a: Tyranitar|1\n|-damage|p2a: Tyranitar|29/100 par\n|-damage|p2b: Drampa|17/100\n|-enditem|p2b: Drampa|Sitrus Berry|[eat]\n|-heal|p2b: Drampa|42/100|[from] item: Sitrus Berry\n|move|p2b: Drampa|Draco Meteor|p1b: Maushold\n|-damage|p1b: Maushold|0 fnt\n|-unboost|p2b: Drampa|spa|2\n|faint|p1b: Maushold\n|move|p2a: Tyranitar|Knock Off|p1a: Zoroark\n|-supereffective|p1a: Zoroark|1\n|-damage|p1a: Zoroark|0 fnt\n|-enditem|p1a: Zoroark|Focus Sash|[from] move: Knock Off|[of] p2a: Tyranitar\n|faint|p1a: Zoroark\n|\n|-weather|Sandstorm|[upkeep]\n|upkeep\n|\n|t:|1776270700\n|switch|p1a: Ninetales|Ninetales, L50, M|100/100\n|switch|p1b: Gyarados|Gyarados, L50, F|100/100\n|-weather|SunnyDay|[from] ability: Drought|[of] p1a: Ninetales\n|-ability|p1b: Gyarados|Intimidate|boost\n|-unboost|p2a: Tyranitar|atk|1\n|-unboost|p2b: Drampa|atk|1\n|turn|5\n|inactive|GameBoyJunkie has 30 seconds left.\n|\n|t:|1776270725\n|switch|p2a: Whimsicott|Whimsicott, L50, M|100/100\n|detailschange|p1b: Gyarados|Gyarados-Mega, L50, F\n|-mega|p1b: Gyarados|Gyarados|Gyaradosite\n|-ability|p1b: Gyarados|Mold Breaker\n|move|p1a: Ninetales|Heat Wave|p2b: Drampa|[spread] p2a,p2b\n|-supereffective|p2a: Whimsicott|1\n|-resisted|p2b: Drampa|1\n|-damage|p2a: Whimsicott|6/100\n|-damage|p2b: Drampa|23/100\n|move|p1b: Gyarados|Dragon Dance|p1b: Gyarados\n|-boost|p1b: Gyarados|atk|1\n|-boost|p1b: Gyarados|spe|1\n|move|p2b: Drampa|Roost|p2b: Drampa\n|-heal|p2b: Drampa|74/100\n|-singleturn|p2b: Drampa|move: Roost\n|\n|-weather|SunnyDay|[upkeep]\n|upkeep\n|turn|6\n|\n|t:|1776270749\n|switch|p2b: Alakazam|Alakazam, L50, M, shiny|100/100\n|move|p1b: Gyarados|Protect|p1b: Gyarados\n|-singleturn|p1b: Gyarados|Protect\n|move|p2a: Whimsicott|Tailwind|p2a: Whimsicott\n|-sidestart|p2: GameBoyJunkie|move: Tailwind\n|move|p1a: Ninetales|Heat Wave|p2a: Whimsicott|[spread] p2a,p2b\n|-supereffective|p2a: Whimsicott|1\n|-damage|p2a: Whimsicott|0 fnt\n|-damage|p2b: Alakazam|44/100\n|faint|p2a: Whimsicott\n|\n|-weather|SunnyDay|[upkeep]\n|upkeep\n|inactive|GameBoyJunkie has 30 seconds left.\n|\n|t:|1776270777\n|switch|p2a: Drampa|Drampa, L50, M|74/100\n|-ability|p2a: Drampa|Cloud Nine\n|turn|7\n|\n|t:|1776270787\n|detailschange|p2b: Alakazam|Alakazam-Mega, L50, M, shiny\n|-mega|p2b: Alakazam|Alakazam|Alakazite\n|-ability|p2b: Alakazam|Mold Breaker|Trace|[from] ability: Trace|[of] p1b: Gyarados\n|-ability|p2b: Alakazam|Mold Breaker\n|move|p2b: Alakazam|Recover|p2b: Alakazam\n|-heal|p2b: Alakazam|94/100\n|move|p1b: Gyarados|Waterfall|p2b: Alakazam\n|-damage|p2b: Alakazam|0 fnt\n|faint|p2b: Alakazam\n|move|p2a: Drampa|Draco Meteor|p1b: Gyarados\n|-damage|p1b: Gyarados|41/100\n|-unboost|p2a: Drampa|spa|2\n|move|p1a: Ninetales|Heat Wave|p2a: Drampa\n|-resisted|p2a: Drampa|1\n|-damage|p2a: Drampa|52/100\n|\n|-weather|SunnyDay|[upkeep]\n|upkeep\n|c|\u2606Drcheems19|Why?\n|\n|t:|1776270807\n|switch|p2b: Tyranitar|Tyranitar, L50, M|29/100 par\n|-weather|Sandstorm|[from] ability: Sand Stream|[of] p2b: Tyranitar\n|turn|8\n|inactive|Drcheems19 has 30 seconds left.\n|\n|t:|1776270836\n|move|p1b: Gyarados|Protect|p1b: Gyarados\n|-singleturn|p1b: Gyarados|Protect\n|move|p2a: Drampa|Energy Ball|p1b: Gyarados\n|-activate|p1b: Gyarados|move: Protect\n|move|p1a: Ninetales|Heat Wave|p2b: Tyranitar|[spread] p2a,p2b\n|-resisted|p2a: Drampa|1\n|-resisted|p2b: Tyranitar|1\n|-damage|p2a: Drampa|35/100\n|-damage|p2b: Tyranitar|17/100 par\n|move|p2b: Tyranitar|Knock Off|p1a: Ninetales\n|-damage|p1a: Ninetales|34/100\n|-enditem|p1a: Ninetales|Shuca Berry|[from] move: Knock Off|[of] p2b: Tyranitar\n|\n|-weather|Sandstorm|[upkeep]\n|upkeep\n|turn|9\n|inactive|Drcheems19 has 30 seconds left.\n|inactive|GameBoyJunkie has 30 seconds left.\n|\n|t:|1776270871\n|move|p1b: Gyarados|Waterfall|p2a: Drampa\n|-resisted|p2a: Drampa|1\n|-damage|p2a: Drampa|0 fnt\n|faint|p2a: Drampa\n|move|p1a: Ninetales|Heat Wave|p2b: Tyranitar\n|-resisted|p2b: Tyranitar|1\n|-damage|p2b: Tyranitar|7/100 par\n|move|p2b: Tyranitar|Rock Slide|p1a: Ninetales|[spread] p1a,p1b\n|-supereffective|p1a: Ninetales|1\n|-damage|p1a: Ninetales|0 fnt\n|-damage|p1b: Gyarados|16/100\n|faint|p1a: Ninetales\n|\n|-weather|Sandstorm|[upkeep]\n|-damage|p1b: Gyarados|10/100|[from] Sandstorm\n|-sideend|p2: GameBoyJunkie|move: Tailwind\n|upkeep\n|turn|10\n|\n|t:|1776270892\n|move|p1b: Gyarados|Waterfall|p2b: Tyranitar\n|-supereffective|p2b: Tyranitar|1\n|-damage|p2b: Tyranitar|0 fnt\n|faint|p2b: Tyranitar\n|\n|win|Drcheems19\n|raw|Drcheems19's rating: 1020 &rarr; <strong>1055</strong><br />(+35 for winning)\n|raw|GameBoyJunkie's rating: 1000 &rarr; <strong>1000</strong><br />(+0 for losing)\n|c|\u2606Drcheems19|Gg\n|c|\u2606GameBoyJunkie|Gg\n|l|\u2606GameBoyJunkie\n|player|p2|\n",
  "uploadtime": 1776270904,
  "views": 24,
  "formatid": "gen9championsvgc2026regma",
  "rating": 1000,
  "private": 0,
  "password": null
}