{
  "id": "gen9championsvgc2026regma-2587511136",
  "format": "[Gen 9 Champions] VGC 2026 Reg M-A",
  "players": [
    "Sammias",
    "crepereq"
  ],
  "log": "|j|\u2606Sammias\n|j|\u2606crepereq\n|t:|1776538041\n|gametype|doubles\n|player|p1|Sammias|miku-ground|1273\n|player|p2|crepereq|101|1181\n|gen|9\n|tier|[Gen 9 Champions] VGC 2026 Reg M-A\n|rated|\n|rule|Species Clause: Limit one of each Pok\u00e9mon\n|rule|Item Clause: Limit 1 of each item\n|clearpoke\n|poke|p1|Typhlosion-Hisui, L50, M|\n|poke|p1|Whimsicott, L50, F, shiny|\n|poke|p1|Floette-Eternal, L50, F|\n|poke|p1|Sinistcha, L50|\n|poke|p1|Aerodactyl, L50, F|\n|poke|p1|Garchomp, L50, M|\n|poke|p2|Whimsicott, L50, F|\n|poke|p2|Aegislash, L50, F|\n|poke|p2|Tyranitar, L50, M|\n|poke|p2|Garchomp, L50, M|\n|poke|p2|Glimmora, L50, F|\n|poke|p2|Gyarados, L50, M|\n|teampreview|4\n|inactive|Battle timer is ON: inactive players will automatically lose when time's up. (requested by Sammias)\n|inactive|Sammias has 60 seconds left.\n|\n|t:|1776538103\n|teamsize|p1|4\n|teamsize|p2|4\n|start\n|switch|p1a: Garchomp|Garchomp, L50, M|100/100\n|switch|p1b: Whimsicott|Whimsicott, L50, F, shiny|100/100\n|switch|p2a: Aegislash|Aegislash, L50, F|100/100\n|switch|p2b: Gyarados|Gyarados, L50, M|100/100\n|-ability|p2b: Gyarados|Intimidate|boost\n|-unboost|p1a: Garchomp|atk|1\n|-unboost|p1b: Whimsicott|atk|1\n|turn|1\n|\n|t:|1776538126\n|move|p2a: Aegislash|Wide Guard|p2a: Aegislash\n|-singleturn|p2a: Aegislash|Wide Guard\n|move|p1b: Whimsicott|Tailwind|p1b: Whimsicott\n|-sidestart|p1: Sammias|move: Tailwind\n|move|p1a: Garchomp|Rock Slide|p2b: Gyarados|[spread] \n|-activate|p2a: Aegislash|move: Wide Guard\n|-activate|p2b: Gyarados|move: Wide Guard\n|move|p2b: Gyarados|Ice Fang|p1a: Garchomp\n|-supereffective|p1a: Garchomp|2\n|-damage|p1a: Garchomp|0 fnt\n|-damage|p2b: Gyarados|88/100|[from] ability: Rough Skin|[of] p1a: Garchomp\n|faint|p1a: Garchomp\n|\n|-heal|p2b: Gyarados|94/100|[from] item: Leftovers\n|upkeep\n|\n|t:|1776538138\n|switch|p1a: Floette|Floette-Eternal, L50, F|100/100\n|turn|2\n|\n|t:|1776538151\n|detailschange|p1a: Floette|Floette-Mega, L50, F\n|-mega|p1a: Floette|Floette|Floettite\n|-ability|p1a: Floette|Fairy Aura\n|move|p1b: Whimsicott|Encore|p2a: Aegislash\n|-start|p2a: Aegislash|Encore\n|move|p2a: Aegislash|Wide Guard|p2a: Aegislash\n|-singleturn|p2a: Aegislash|Wide Guard\n|move|p1a: Floette|Moonblast|p2b: Gyarados\n|-damage|p2b: Gyarados|21/100\n|-unboost|p2b: Gyarados|spa|1\n|move|p2b: Gyarados|Dragon Dance|p2b: Gyarados\n|-boost|p2b: Gyarados|atk|1\n|-boost|p2b: Gyarados|spe|1\n|\n|-heal|p2b: Gyarados|27/100|[from] item: Leftovers\n|upkeep\n|turn|3\n|\n|t:|1776538173\n|switch|p2a: Glimmora|Glimmora, L50, F|100/100\n|move|p1b: Whimsicott|Encore|p2b: Gyarados\n|-start|p2b: Gyarados|Encore\n|move|p1a: Floette|Moonblast|p2a: Glimmora\n|-resisted|p2a: Glimmora|1\n|-damage|p2a: Glimmora|55/100\n|move|p2b: Gyarados|Dragon Dance|p2b: Gyarados\n|-boost|p2b: Gyarados|atk|1\n|-boost|p2b: Gyarados|spe|1\n|\n|-heal|p2b: Gyarados|32/100|[from] item: Leftovers\n|upkeep\n|turn|4\n|\n|t:|1776538195\n|move|p2a: Glimmora|Spiky Shield|p2a: Glimmora\n|-singleturn|p2a: Glimmora|move: Protect\n|move|p1b: Whimsicott|Moonblast|p2a: Glimmora\n|-activate|p2a: Glimmora|move: Protect\n|move|p1a: Floette|Moonblast|p2a: Glimmora\n|-activate|p2a: Glimmora|move: Protect\n|move|p2b: Gyarados|Dragon Dance|p2b: Gyarados\n|-boost|p2b: Gyarados|atk|1\n|-boost|p2b: Gyarados|spe|1\n|\n|-heal|p2b: Gyarados|38/100|[from] item: Leftovers\n|-sideend|p1: Sammias|move: Tailwind\n|upkeep\n|turn|5\n|\n|t:|1776538211\n|switch|p2b: Aegislash|Aegislash, L50, F|100/100\n|detailschange|p2a: Glimmora|Glimmora-Mega, L50, F\n|-mega|p2a: Glimmora|Glimmora|Glimmoranite\n|move|p1b: Whimsicott|Encore|p2a: Glimmora\n|-start|p2a: Glimmora|Encore\n|move|p2a: Glimmora|Spiky Shield||[still]\n|-fail|p2a: Glimmora\n|move|p1a: Floette|Moonblast|p2a: Glimmora\n|-resisted|p2a: Glimmora|1\n|-damage|p2a: Glimmora|13/100\n|\n|upkeep\n|turn|6\n|\n|t:|1776538232\n|switch|p2a: Gyarados|Gyarados, L50, M|38/100\n|-ability|p2a: Gyarados|Intimidate|boost\n|-unboost|p1a: Floette|atk|1\n|-unboost|p1b: Whimsicott|atk|1\n|move|p1a: Floette|Protect|p1a: Floette\n|-singleturn|p1a: Floette|Protect\n|move|p1b: Whimsicott|Tailwind|p1b: Whimsicott\n|-sidestart|p1: Sammias|move: Tailwind\n|-formechange|p2b: Aegislash|Aegislash-Blade|\n|move|p2b: Aegislash|Flash Cannon|p1a: Floette\n|-activate|p1a: Floette|move: Protect\n|\n|-heal|p2a: Gyarados|44/100|[from] item: Leftovers\n|upkeep\n|turn|7\n|\n|t:|1776538249\n|move|p1b: Whimsicott|Moonblast|p2b: Aegislash\n|-resisted|p2b: Aegislash|1\n|-damage|p2b: Aegislash|66/100\n|-unboost|p2b: Aegislash|spa|1\n|move|p1a: Floette|Light of Ruin|p2b: Aegislash\n|-resisted|p2b: Aegislash|1\n|-damage|p2b: Aegislash|0 fnt\n|faint|p2b: Aegislash\n|-damage|p1a: Floette|71/100|[from] Recoil\n|move|p2a: Gyarados|Ice Fang|p1b: Whimsicott\n|-supereffective|p1b: Whimsicott|1\n|-damage|p1b: Whimsicott|45/100\n|\n|-heal|p2a: Gyarados|50/100|[from] item: Leftovers\n|upkeep\n|\n|t:|1776538265\n|switch|p2b: Glimmora|Glimmora-Mega, L50, F|13/100\n|turn|8\n|\n|t:|1776538275\n|move|p2b: Glimmora|Spiky Shield|p2b: Glimmora\n|-singleturn|p2b: Glimmora|move: Protect\n|move|p1b: Whimsicott|Moonblast|p2a: Gyarados\n|-damage|p2a: Gyarados|15/100\n|move|p1a: Floette|Dazzling Gleam|p2b: Glimmora|[spread] p2a\n|-activate|p2b: Glimmora|move: Protect\n|-damage|p2a: Gyarados|0 fnt\n|faint|p2a: Gyarados\n|\n|upkeep\n|\n|t:|1776538286\n|switch|p2a: Garchomp|Garchomp, L50, M|100/100\n|turn|9\n|\n|t:|1776538300\n|move|p2b: Glimmora|Spiky Shield|p2b: Glimmora\n|-singleturn|p2b: Glimmora|move: Protect\n|move|p1b: Whimsicott|Encore|p2b: Glimmora\n|-activate|p2b: Glimmora|move: Protect\n|move|p1a: Floette|Moonblast|p2a: Garchomp\n|-supereffective|p2a: Garchomp|1\n|-damage|p2a: Garchomp|0 fnt\n|faint|p2a: Garchomp\n|\n|-sideend|p1: Sammias|move: Tailwind\n|upkeep\n|turn|10\n|\n|t:|1776538311\n|move|p1b: Whimsicott|Encore|p2b: Glimmora\n|-start|p2b: Glimmora|Encore\n|move|p2b: Glimmora|Spiky Shield||[still]\n|-fail|p2b: Glimmora\n|move|p1a: Floette|Moonblast|p2b: Glimmora\n|-resisted|p2b: Glimmora|1\n|-damage|p2b: Glimmora|0 fnt\n|faint|p2b: Glimmora\n|\n|win|Sammias\n|raw|Sammias's rating: 1273 &rarr; <strong>1292</strong><br />(+19 for winning)\n|raw|crepereq's rating: 1181 &rarr; <strong>1162</strong><br />(-19 for losing)\n|l|\u2606crepereq\n|player|p2|\n",
  "uploadtime": 1776538321,
  "views": 18,
  "formatid": "gen9championsvgc2026regma",
  "rating": 1162,
  "private": 0,
  "password": null
}