{
  "id": "gen9championsvgc2026regma-2581215885",
  "format": "[Gen 9 Champions] VGC 2026 Reg M-A",
  "players": [
    "Am Your Conscience",
    "nnachito060820112"
  ],
  "log": "|j|\u2606Am Your Conscience\n|j|\u2606nnachito060820112\n|t:|1775971853\n|gametype|doubles\n|player|p1|Am Your Conscience|n|1090\n|player|p2|nnachito060820112|265|1058\n|gen|9\n|tier|[Gen 9 Champions] VGC 2026 Reg M-A\n|rated|\n|rule|Species Clause: Limit one of each Pok\u00e9mon\n|rule|Item Clause: Limit 1 of each item\n|clearpoke\n|poke|p1|Gliscor, L50, M|\n|poke|p1|Sneasler, L50, F|\n|poke|p1|Rotom-Wash, L50|\n|poke|p1|Dragapult, L50, M|\n|poke|p1|Aerodactyl, L50, M|\n|poke|p1|Maushold-Four, L50|\n|poke|p2|Whimsicott, L50, F|\n|poke|p2|Charizard, L50, M|\n|poke|p2|Venusaur, L50, F|\n|poke|p2|Incineroar, L50, F|\n|poke|p2|Typhlosion, L50, M|\n|poke|p2|Hydreigon, L50, M|\n|teampreview|4\nnnachito060820112 has agreed to open team sheets.\n|\n|t:|1775971901\n|teamsize|p1|4\n|teamsize|p2|4\n|start\n|switch|p1a: Aerodactyl|Aerodactyl, L50, M|100/100\n|switch|p1b: Sneasler|Sneasler, L50, F|100/100\n|switch|p2a: Charizard|Charizard, L50, M, shiny|100/100\n|switch|p2b: Typhlosion|Typhlosion, L50, M|100/100\n|-ability|p1a: Aerodactyl|Unnerve\n|turn|1\n|\n|t:|1775971930\n|detailschange|p1a: Aerodactyl|Aerodactyl-Mega, L50, M\n|-mega|p1a: Aerodactyl|Aerodactyl|Aerodactylite\n|detailschange|p2a: Charizard|Charizard-Mega-Y, L50, M, shiny\n|-mega|p2a: Charizard|Charizard|Charizardite Y\n|-weather|SunnyDay|[from] ability: Drought|[of] p2a: Charizard\n|move|p2b: Typhlosion|Eruption|p1a: Aerodactyl|[spread] p1a,p1b\n|-resisted|p1a: Aerodactyl|1\n|-damage|p1a: Aerodactyl|46/100\n|-enditem|p1b: Sneasler|Focus Sash\n|-damage|p1b: Sneasler|1/100\n|move|p1b: Sneasler|Dire Claw|p2b: Typhlosion\n|-damage|p2b: Typhlosion|37/100\n|move|p1a: Aerodactyl|Rock Slide|p2b: Typhlosion|[spread] p2a,p2b\n|-supereffective|p2a: Charizard|2\n|-supereffective|p2b: Typhlosion|1\n|-damage|p2a: Charizard|0 fnt\n|-damage|p2b: Typhlosion|0 fnt\n|faint|p2a: Charizard\n|faint|p2b: Typhlosion\n|\n|-weather|SunnyDay|[upkeep]\n|upkeep\n|\n|t:|1775971951\n|switch|p2a: Incineroar|Incineroar, L50, F|100/100\n|switch|p2b: Whimsicott|Whimsicott, L50, F, shiny|100/100\n|-ability|p2a: Incineroar|Intimidate|boost\n|-unboost|p1a: Aerodactyl|atk|1\n|-unboost|p1b: Sneasler|atk|1\n|turn|2\n|\n|t:|1775971961\n|move|p1a: Aerodactyl|Protect|p1a: Aerodactyl\n|-singleturn|p1a: Aerodactyl|Protect\n|move|p2a: Incineroar|Fake Out|p1a: Aerodactyl\n|-activate|p1a: Aerodactyl|move: Protect\n|move|p1b: Sneasler|Coaching|p1a: Aerodactyl\n|-boost|p1a: Aerodactyl|atk|1\n|-boost|p1a: Aerodactyl|def|1\n|move|p2b: Whimsicott|Dazzling Gleam|p1b: Sneasler|[spread] p1b\n|-activate|p1a: Aerodactyl|move: Protect\n|-damage|p1b: Sneasler|0 fnt\n|faint|p1b: Sneasler\n|\n|-weather|SunnyDay|[upkeep]\n|upkeep\n|\n|t:|1775971976\n|switch|p1b: Gliscor|Gliscor, L50, M|100/100\n|turn|3\n|\n|t:|1775971985\n|move|p2b: Whimsicott|Leech Seed|p1b: Gliscor|[miss]\n|-miss|p2b: Whimsicott|p1b: Gliscor\n|move|p1a: Aerodactyl|Rock Slide|p2a: Incineroar|[spread] p2a,p2b\n|-supereffective|p2a: Incineroar|1\n|-damage|p2a: Incineroar|30/100\n|-damage|p2b: Whimsicott|54/100\n|-enditem|p2a: Incineroar|Sitrus Berry|[eat]\n|-heal|p2a: Incineroar|55/100|[from] item: Sitrus Berry\n|move|p1b: Gliscor|Tailwind|p1b: Gliscor\n|-sidestart|p1: Am Your Conscience|move: Tailwind\n|move|p2a: Incineroar|Darkest Lariat|p1a: Aerodactyl\n|-damage|p1a: Aerodactyl|0 fnt\n|faint|p1a: Aerodactyl\n|\n|-weather|SunnyDay|[upkeep]\n|upkeep\n|\n|t:|1775971998\n|switch|p1a: Rotom|Rotom-Wash, L50|100/100\n|turn|4\n|\n|t:|1775972013\n|move|p2b: Whimsicott|Leech Seed|p1b: Gliscor\n|-start|p1b: Gliscor|move: Leech Seed\n|move|p1a: Rotom|Discharge|p2a: Incineroar|[spread] p2a,p2b\n|-immune|p1b: Gliscor\n|-resisted|p2b: Whimsicott|1\n|-damage|p2a: Incineroar|28/100\n|-damage|p2b: Whimsicott|38/100\n|-status|p2a: Incineroar|par\n|-status|p2b: Whimsicott|par\n|move|p1b: Gliscor|Earthquake|p2b: Whimsicott|[spread] p2a,p2b\n|-immune|p1a: Rotom|[from] ability: Levitate\n|-supereffective|p2a: Incineroar|1\n|-resisted|p2b: Whimsicott|1\n|-damage|p2a: Incineroar|0 fnt\n|-damage|p2b: Whimsicott|20/100 par\n|faint|p2a: Incineroar\n|\n|-weather|SunnyDay|[upkeep]\n|-damage|p1b: Gliscor|88/100|[from] Leech Seed|[of] p2b: Whimsicott\n|-heal|p2b: Whimsicott|36/100 par|[silent]\n|upkeep\n|turn|5\n|\n|t:|1775972034\n|move|p2b: Whimsicott|Leech Seed|p1a: Rotom\n|-start|p1a: Rotom|move: Leech Seed\n|move|p1a: Rotom|Shadow Ball|p2b: Whimsicott\n|-damage|p2b: Whimsicott|7/100 par\n|-unboost|p2b: Whimsicott|spd|1\n|move|p1b: Gliscor|Dual Wingbeat|p2b: Whimsicott\n|-supereffective|p2b: Whimsicott|1\n|-damage|p2b: Whimsicott|0 fnt\n|faint|p2b: Whimsicott\n|-hitcount|p2: Whimsicott|1\n|\n|win|Am Your Conscience\n|raw|Am Your Conscience's rating: 1090 &rarr; <strong>1114</strong><br />(+24 for winning)\n|raw|nnachito060820112's rating: 1058 &rarr; <strong>1041</strong><br />(-17 for losing)\n|l|\u2606nnachito060820112\n|player|p2|\n",
  "uploadtime": 1775972053,
  "views": 11,
  "formatid": "gen9championsvgc2026regma",
  "rating": 1041,
  "private": 0,
  "password": null
}