{
  "id": "gen9championsvgc2026regma-2586190511",
  "format": "[Gen 9 Champions] VGC 2026 Reg M-A",
  "players": [
    "Caironix",
    "xClickyx"
  ],
  "log": "|j|\u2606Caironix\n|j|\u2606xClickyx\n|t:|1776410421\n|gametype|doubles\n|player|p1|Caironix|170|1085\n|player|p2|xClickyx|guitarist-gen4|1084\n|gen|9\n|tier|[Gen 9 Champions] VGC 2026 Reg M-A\n|rated|\n|rule|Species Clause: Limit one of each Pok\u00e9mon\n|rule|Item Clause: Limit 1 of each item\n|clearpoke\n|poke|p1|Heliolisk, L50, F|\n|poke|p1|Chandelure, L50, M|\n|poke|p1|Whimsicott, L50, M|\n|poke|p1|Excadrill, L50, F|\n|poke|p1|Basculegion, L50, M|\n|poke|p1|Noivern, L50, M|\n|poke|p2|Sneasler, L50, M|\n|poke|p2|Incineroar, L50, F|\n|poke|p2|Sinistcha, L50|\n|poke|p2|Floette-Eternal, L50, F|\n|poke|p2|Basculegion, L50, M|\n|poke|p2|Pelipper, L50, F|\n|teampreview|4\n|inactive|Battle timer is ON: inactive players will automatically lose when time's up. (requested by Caironix)\nxClickyx rejected open team sheets.\n|inactive|Caironix has 60 seconds left.\n|\n|t:|1776410463\n|teamsize|p1|4\n|teamsize|p2|4\n|start\n|switch|p1a: Noivern|Noivern, L50, M|100/100\n|switch|p1b: Heliolisk|Heliolisk, L50, F|100/100\n|switch|p2a: Eleanor|Floette-Eternal, L50, F|100/100\n|switch|p2b: IFPS|Incineroar, L50, F|100/100\n|-item|p2a: Eleanor|Floettite|[from] ability: Frisk|[of] p1a: Noivern\n|-item|p2b: IFPS|Sitrus Berry|[from] ability: Frisk|[of] p1a: Noivern\n|-ability|p2b: IFPS|Intimidate|boost\n|-unboost|p1a: Noivern|atk|1\n|-unboost|p1b: Heliolisk|atk|1\n|turn|1\n|inactive|Caironix has 30 seconds left.\n|\n|t:|1776410497\n|detailschange|p2a: Eleanor|Floette-Mega, L50, F\n|-mega|p2a: Eleanor|Floette|Floettite\n|-ability|p2a: Eleanor|Fairy Aura\n|move|p1a: Noivern|Protect|p1a: Noivern\n|-singleturn|p1a: Noivern|Protect\n|move|p2b: IFPS|Fake Out|p1b: Heliolisk\n|-damage|p1b: Heliolisk|77/100\n|move|p2a: Eleanor|Calm Mind|p2a: Eleanor\n|-boost|p2a: Eleanor|spa|1\n|-boost|p2a: Eleanor|spd|1\n|cant|p1b: Heliolisk|flinch\n|\n|-heal|p1b: Heliolisk|83/100|[from] item: Leftovers\n|upkeep\n|turn|2\n|\n|t:|1776410520\n|move|p1a: Noivern|Tailwind|p1a: Noivern\n|-sidestart|p1: Caironix|move: Tailwind\n|move|p1b: Heliolisk|Hyper Voice|p2a: Eleanor|[spread] p2a,p2b\n|-damage|p2a: Eleanor|82/100\n|-damage|p2b: IFPS|62/100\n|move|p2a: Eleanor|Moonblast|p1a: Noivern\n|-supereffective|p1a: Noivern|1\n|-crit|p1a: Noivern\n|-damage|p1a: Noivern|0 fnt\n|faint|p1a: Noivern\n|move|p2b: IFPS|Parting Shot|p1b: Heliolisk\n|-unboost|p1b: Heliolisk|atk|1\n|-unboost|p1b: Heliolisk|spa|1\n|\n|t:|1776410536\n|switch|p2b: Wayne Rooney|Sinistcha, L50|100/100|[from] Parting Shot\n|-heal|p2a: Eleanor|100/100|[from] ability: Hospitality|[of] p2b: Wayne Rooney\n|\n|-heal|p1b: Heliolisk|89/100|[from] item: Leftovers\n|upkeep\n|\n|t:|1776410548\n|switch|p1a: Basculegion|Basculegion, L50, M|100/100\n|turn|3\n|\n|t:|1776410555\n|switch|p1b: Excadrill|Excadrill, L50, F|100/100\n|-ability|p1b: Excadrill|Mold Breaker\n|move|p2b: Wayne Rooney|Rage Powder|p2b: Wayne Rooney\n|-singleturn|p2b: Wayne Rooney|move: Rage Powder\n|move|p1a: Basculegion|Last Respects|p2b: Wayne Rooney\n|-supereffective|p2b: Wayne Rooney|1\n|-damage|p2b: Wayne Rooney|0 fnt\n|faint|p2b: Wayne Rooney\n|move|p2a: Eleanor|Moonblast|p1a: Basculegion\n|-damage|p1a: Basculegion|0 fnt\n|faint|p1a: Basculegion\n|\n|upkeep\n|\n|t:|1776410569\n|switch|p1a: Heliolisk|Heliolisk, L50, F|89/100\n|switch|p2b: IFPS|Incineroar, L50, F|62/100\n|-ability|p2b: IFPS|Intimidate|boost\n|-unboost|p1a: Heliolisk|atk|1\n|-unboost|p1b: Excadrill|atk|1\n|turn|4\n|\n|t:|1776410578\n|move|p1b: Excadrill|Protect|p1b: Excadrill\n|-singleturn|p1b: Excadrill|Protect\n|move|p1a: Heliolisk|Protect|p1a: Heliolisk\n|-singleturn|p1a: Heliolisk|Protect\n|move|p2b: IFPS|Fake Out|p1b: Excadrill\n|-activate|p1b: Excadrill|move: Protect\n|move|p2a: Eleanor|Moonblast|p1a: Heliolisk\n|-activate|p1a: Heliolisk|move: Protect\n|\n|-heal|p1a: Heliolisk|95/100|[from] item: Leftovers\n|upkeep\n|turn|5\n|\n|t:|1776410595\n|move|p2a: Eleanor|Protect|p2a: Eleanor\n|-singleturn|p2a: Eleanor|Protect\n|move|p1b: Excadrill|Iron Head|p2a: Eleanor\n|-activate|p2a: Eleanor|move: Protect\n|move|p1a: Heliolisk|Hyper Voice|p2b: IFPS|[spread] p2b\n|-activate|p2a: Eleanor|move: Protect\n|-damage|p2b: IFPS|24/100\n|-enditem|p2b: IFPS|Sitrus Berry|[eat]\n|-heal|p2b: IFPS|49/100|[from] item: Sitrus Berry\n|move|p2b: IFPS|Flare Blitz|p1b: Excadrill\n|-supereffective|p1b: Excadrill|1\n|-damage|p1b: Excadrill|0 fnt\n|faint|p1b: Excadrill\n|-damage|p2b: IFPS|14/100|[from] Recoil\n|\n|-heal|p1a: Heliolisk|100/100|[from] item: Leftovers\n|-sideend|p1: Caironix|move: Tailwind\n|upkeep\n|turn|6\n|\n|t:|1776410617\n|move|p2a: Eleanor|Moonblast|p1a: Heliolisk\n|-damage|p1a: Heliolisk|0 fnt\n|faint|p1a: Heliolisk\n|\n|win|xClickyx\n|raw|Caironix's rating: 1085 &rarr; <strong>1062</strong><br />(-23 for losing)\n|raw|xClickyx's rating: 1084 &rarr; <strong>1111</strong><br />(+27 for winning)\n|l|\u2606Caironix\n|player|p1|\n",
  "uploadtime": 1776410626,
  "views": 31,
  "formatid": "gen9championsvgc2026regma",
  "rating": 1062,
  "private": 0,
  "password": null
}