{
  "id": "gen9championsvgc2026regma-2583129558",
  "format": "[Gen 9 Champions] VGC 2026 Reg M-A",
  "players": [
    "Missed Ledgedash",
    "kdgogo"
  ],
  "log": "|j|\u2606Missed Ledgedash\n|j|\u2606kdgogo\n|t:|1776145559\n|gametype|doubles\n|player|p1|Missed Ledgedash|juan-gen3|1136\n|player|p2|kdgogo|1|1106\n|gen|9\n|tier|[Gen 9 Champions] VGC 2026 Reg M-A\n|rated|\n|rule|Species Clause: Limit one of each Pok\u00e9mon\n|rule|Item Clause: Limit 1 of each item\n|clearpoke\n|poke|p1|Incineroar, L50, F|\n|poke|p1|Gengar, L50, F|\n|poke|p1|Sneasler, L50, M|\n|poke|p1|Tyranitar, L50, F|\n|poke|p1|Sinistcha, L50|\n|poke|p1|Rotom-Wash, L50|\n|poke|p2|Whimsicott, L50, F|\n|poke|p2|Alakazam, L50, F|\n|poke|p2|Sinistcha, L50|\n|poke|p2|Lucario, L50, F|\n|poke|p2|Pelipper, L50, F|\n|poke|p2|Basculegion, L50, M|\n|teampreview|4\n|\n|t:|1776145595\n|teamsize|p1|4\n|teamsize|p2|4\n|start\n|switch|p1a: Gengar|Gengar, L50, F|100/100\n|switch|p1b: Sinistcha|Sinistcha, L50|100/100\n|switch|p2a: Lucario|Lucario, L50, F|100/100\n|switch|p2b: Basculegion|Basculegion, L50, M|100/100\n|turn|1\n|\n|t:|1776145612\n|detailschange|p1a: Gengar|Gengar-Mega, L50, F\n|-mega|p1a: Gengar|Gengar|Gengarite\n|move|p1b: Sinistcha|Rage Powder|p1b: Sinistcha\n|-singleturn|p1b: Sinistcha|move: Rage Powder\n|move|p1a: Gengar|Shadow Ball|p2b: Basculegion\n|-supereffective|p2b: Basculegion|1\n|-damage|p2b: Basculegion|0 fnt\n|faint|p2b: Basculegion\n|move|p2a: Lucario|Meteor Mash|p1b: Sinistcha\n|-damage|p1b: Sinistcha|72/100\n|\n|upkeep\n|\n|t:|1776145634\n|switch|p2b: Alakazam|Alakazam, L50, F|100/100\n|turn|2\n|\n|t:|1776145653\n|move|p1a: Gengar|Protect|p1a: Gengar\n|-singleturn|p1a: Gengar|Protect\n|move|p2b: Alakazam|Protect|p2b: Alakazam\n|-singleturn|p2b: Alakazam|Protect\n|move|p2a: Lucario|Meteor Mash|p1a: Gengar\n|-activate|p1a: Gengar|move: Protect\n|move|p1b: Sinistcha|Trick Room|p1b: Sinistcha\n|-fieldstart|move: Trick Room|[of] p1b: Sinistcha\n|\n|upkeep\n|turn|3\n|\n|t:|1776145671\n|switch|p1b: Incineroar|Incineroar, L50, F|100/100\n|-ability|p1b: Incineroar|Intimidate|boost\n|-fail|p2a: Lucario|unboost|Attack|[from] ability: Inner Focus|[of] p2a: Lucario\n|-fail|p2b: Alakazam|unboost|Attack|[from] ability: Inner Focus|[of] p2b: Alakazam\n|move|p2a: Lucario|Meteor Mash|p1a: Gengar\n|-damage|p1a: Gengar|52/100\n|move|p2b: Alakazam|Substitute|p2b: Alakazam\n|-start|p2b: Alakazam|Substitute\n|-damage|p2b: Alakazam|75/100\n|move|p1a: Gengar|Shadow Ball|p2b: Alakazam\n|-supereffective|p2b: Alakazam|1\n|-end|p2b: Alakazam|Substitute\n|\n|upkeep\n|turn|4\n|\n|t:|1776145697\n|move|p2b: Alakazam|Protect|p2b: Alakazam\n|-singleturn|p2b: Alakazam|Protect\n|move|p1a: Gengar|Protect|p1a: Gengar\n|-singleturn|p1a: Gengar|Protect\n|move|p2a: Lucario|Upper Hand||[still]\n|-fail|p2a: Lucario\n|move|p1b: Incineroar|Parting Shot|p2a: Lucario\n|-unboost|p2a: Lucario|atk|1\n|-unboost|p2a: Lucario|spa|1\n|\n|t:|1776145709\n|switch|p1b: Sinistcha|Sinistcha, L50|72/100|[from] Parting Shot\n|-heal|p1a: Gengar|77/100|[from] ability: Hospitality|[of] p1b: Sinistcha\n|\n|upkeep\n|turn|5\n|\n|t:|1776145722\n|move|p1b: Sinistcha|Matcha Gotcha|p2b: Alakazam|[spread] p2a,p2b\n|-resisted|p2a: Lucario|1\n|-damage|p2a: Lucario|79/100\n|-heal|p1b: Sinistcha|81/100|[from] drain|[of] p2a: Lucario\n|-damage|p2b: Alakazam|43/100\n|-heal|p1b: Sinistcha|93/100|[from] drain|[of] p2b: Alakazam\n|move|p2a: Lucario|Meteor Mash|p1a: Gengar\n|-damage|p1a: Gengar|44/100\n|move|p2b: Alakazam|Substitute|p2b: Alakazam\n|-start|p2b: Alakazam|Substitute\n|-damage|p2b: Alakazam|18/100\n|move|p1a: Gengar|Shadow Ball|p2b: Alakazam\n|-supereffective|p2b: Alakazam|1\n|-end|p2b: Alakazam|Substitute\n|\n|upkeep\n|turn|6\n|\n|t:|1776145752\n|move|p2b: Alakazam|Protect|p2b: Alakazam\n|-singleturn|p2b: Alakazam|Protect\n|move|p1a: Gengar|Protect|p1a: Gengar\n|-singleturn|p1a: Gengar|Protect\n|move|p1b: Sinistcha|Matcha Gotcha|p2b: Alakazam|[spread] \n|-activate|p2b: Alakazam|move: Protect\n|-miss|p1b: Sinistcha|p2a: Lucario\n|move|p2a: Lucario|Meteor Mash|p1a: Gengar\n|-activate|p1a: Gengar|move: Protect\n|\n|-fieldend|move: Trick Room\n|upkeep\n|turn|7\n|\n|t:|1776145773\n|detailschange|p2b: Alakazam|Alakazam-Mega, L50, F\n|-mega|p2b: Alakazam|Alakazam|Alakazite\n|-ability|p2b: Alakazam|Hospitality|Trace|[from] ability: Trace|[of] p1b: Sinistcha\n|-heal|p2a: Lucario|100/100|[from] ability: Hospitality|[of] p2b: Alakazam\n|move|p1b: Sinistcha|Rage Powder|p1b: Sinistcha\n|-singleturn|p1b: Sinistcha|move: Rage Powder\n|move|p2b: Alakazam|Psychic|p1b: Sinistcha\n|-damage|p1b: Sinistcha|29/100\n|move|p1a: Gengar|Shadow Ball|p2b: Alakazam\n|-supereffective|p2b: Alakazam|1\n|-damage|p2b: Alakazam|0 fnt\n|faint|p2b: Alakazam\n|move|p2a: Lucario|Meteor Mash|p1b: Sinistcha\n|-damage|p1b: Sinistcha|7/100\n|\n|upkeep\n|\n|t:|1776145784\n|switch|p2b: Whimsicott|Whimsicott, L50, F|100/100\n|turn|8\n|-message|kdgogo forfeited.\n|\n|win|Missed Ledgedash\n|raw|Missed Ledgedash's rating: 1136 &rarr; <strong>1159</strong><br />(+23 for winning)\n|raw|kdgogo's rating: 1106 &rarr; <strong>1083</strong><br />(-23 for losing)\n",
  "uploadtime": 1776145787,
  "views": 26,
  "formatid": "gen9championsvgc2026regma",
  "rating": 1083,
  "private": 0,
  "password": null
}