{
  "id": "gen9championsvgc2026regma-2585391001",
  "format": "[Gen 9 Champions] VGC 2026 Reg M-A",
  "players": [
    "miredsvgc",
    "Alvaropaz06"
  ],
  "log": "|j|\u2606miredsvgc\n|j|\u2606Alvaropaz06\n|t:|1776343792\n|gametype|doubles\n|player|p1|miredsvgc|1|1303\n|player|p2|Alvaropaz06|265|1291\n|gen|9\n|tier|[Gen 9 Champions] VGC 2026 Reg M-A\n|rated|\n|rule|Species Clause: Limit one of each Pok\u00e9mon\n|rule|Item Clause: Limit 1 of each item\n|clearpoke\n|poke|p1|Sneasler, L50, M|\n|poke|p1|Kingambit, L50, M|\n|poke|p1|Garchomp, L50, M|\n|poke|p1|Basculegion, L50, M|\n|poke|p1|Floette-Eternal, L50, F|\n|poke|p1|Froslass, L50, F|\n|poke|p2|Froslass, L50, F|\n|poke|p2|Garchomp, L50, M|\n|poke|p2|Milotic, L50, F|\n|poke|p2|Sneasler, L50, M|\n|poke|p2|Kingambit, L50, M|\n|poke|p2|Whimsicott, L50, M|\n|teampreview|4\nAlvaropaz06 has agreed to open team sheets.\n|\n|t:|1776343842\n|teamsize|p1|4\n|teamsize|p2|4\n|start\n|switch|p1a: Kingambit|Kingambit, L50, M|100/100\n|switch|p1b: Sneasler|Sneasler, L50, M|100/100\n|switch|p2a: Kingambit|Kingambit, L50, M|100/100\n|switch|p2b: Whimsicott|Whimsicott, L50, M|100/100\n|turn|1\n|\n|t:|1776343863\n|move|p2b: Whimsicott|Protect|p2b: Whimsicott\n|-singleturn|p2b: Whimsicott|Protect\n|move|p1b: Sneasler|Dire Claw|p2b: Whimsicott\n|-activate|p2b: Whimsicott|move: Protect\n|move|p1a: Kingambit|Kowtow Cleave|p2b: Whimsicott\n|-activate|p2b: Whimsicott|move: Protect\n|move|p2a: Kingambit|Iron Head|p1b: Sneasler\n|-damage|p1b: Sneasler|16/100\n|\n|upkeep\n|turn|2\n|\n|t:|1776343880\n|move|p2b: Whimsicott|Tailwind|p2b: Whimsicott\n|-sidestart|p2: Alvaropaz06|move: Tailwind\n|move|p2a: Kingambit|Sucker Punch|p1b: Sneasler\n|-resisted|p1b: Sneasler|1\n|-damage|p1b: Sneasler|0 fnt\n|faint|p1b: Sneasler\n|move|p1a: Kingambit|Low Kick|p2a: Kingambit\n|-supereffective|p2a: Kingambit|2\n|-damage|p2a: Kingambit|0 fnt\n|faint|p2a: Kingambit\n|\n|upkeep\n|\n|t:|1776343910\n|switch|p1b: Basculegion|Basculegion, L50, M|100/100\n|switch|p2a: Sneasler|Sneasler, L50, M|100/100\n|turn|3\n|\n|t:|1776343923\n|move|p1a: Kingambit|Protect|p1a: Kingambit\n|-singleturn|p1a: Kingambit|Protect\n|move|p2a: Sneasler|Close Combat|p1a: Kingambit\n|-activate|p1a: Kingambit|move: Protect\n|move|p2b: Whimsicott|Moonblast|p1b: Basculegion\n|-damage|p1b: Basculegion|70/100\n|move|p1b: Basculegion|Last Respects|p2a: Sneasler\n|-crit|p2a: Sneasler\n|-damage|p2a: Sneasler|0 fnt\n|faint|p2a: Sneasler\n|\n|upkeep\n|\n|t:|1776343929\n|switch|p2a: Garchomp|Garchomp, L50, M|100/100\n|turn|4\n|\n|t:|1776343951\n|move|p2b: Whimsicott|Protect|p2b: Whimsicott\n|-singleturn|p2b: Whimsicott|Protect\n|move|p2a: Garchomp|Stomping Tantrum|p1a: Kingambit\n|-supereffective|p1a: Kingambit|1\n|-damage|p1a: Kingambit|43/100\n|move|p1b: Basculegion|Wave Crash|p2a: Garchomp\n|-damage|p2a: Garchomp|13/100\n|-damage|p1b: Basculegion|58/100|[from] ability: Rough Skin|[of] p2a: Garchomp\n|-damage|p1b: Basculegion|33/100|[from] Recoil\n|-enditem|p1b: Basculegion|Sitrus Berry|[eat]\n|-heal|p1b: Basculegion|58/100|[from] item: Sitrus Berry\n|move|p1a: Kingambit|Kowtow Cleave|p2a: Garchomp\n|-damage|p2a: Garchomp|0 fnt\n|-damage|p1a: Kingambit|30/100|[from] ability: Rough Skin|[of] p2a: Garchomp\n|faint|p2a: Garchomp\n|\n|upkeep\n|turn|5\n|-message|Alvaropaz06 forfeited.\n|\n|win|miredsvgc\n|raw|miredsvgc's rating: 1303 &rarr; <strong>1322</strong><br />(+19 for winning)\n|raw|Alvaropaz06's rating: 1291 &rarr; <strong>1267</strong><br />(-24 for losing)\n|l|\u2606Alvaropaz06\n|player|p2|\n",
  "uploadtime": 1776343971,
  "views": 60,
  "formatid": "gen9championsvgc2026regma",
  "rating": 1267,
  "private": 0,
  "password": null
}