{
  "id": "gen9championsvgc2026regma-2584613197",
  "format": "[Gen 9 Champions] VGC 2026 Reg M-A",
  "players": [
    "nzgdhadfgdsa",
    "5wamp"
  ],
  "log": "|j|\u2606nzgdhadfgdsa\n|j|\u26065wamp\n|t:|1776272133\n|gametype|doubles\n|player|p1|nzgdhadfgdsa|101|1042\n|player|p2|5wamp|iono-masters|1048\n|gen|9\n|tier|[Gen 9 Champions] VGC 2026 Reg M-A\n|rated|\n|rule|Species Clause: Limit one of each Pok\u00e9mon\n|rule|Item Clause: Limit 1 of each item\n|clearpoke\n|poke|p1|Chandelure, L50, M|\n|poke|p1|Incineroar, L50, F|\n|poke|p1|Milotic, L50, M|\n|poke|p1|Kingambit, L50, F|\n|poke|p1|Sneasler, L50, F|\n|poke|p1|Meganium, L50, M|\n|poke|p2|Floette-Eternal, L50, F|\n|poke|p2|Sneasler, L50, F|\n|poke|p2|Aerodactyl, L50, M|\n|poke|p2|Delphox, L50, M|\n|poke|p2|Garchomp, L50, M|\n|poke|p2|Kingambit, L50, M|\n|teampreview|4\n|inactive|Battle timer is ON: inactive players will automatically lose when time's up. (requested by 5wamp)\n|inactive|nzgdhadfgdsa has 60 seconds left.\n|inactive|5wamp has 60 seconds left.\n|\n|t:|1776272171\n|teamsize|p1|4\n|teamsize|p2|4\n|start\n|switch|p1a: Neroro|Incineroar, L50, F|100/100\n|switch|p1b: Neneas|Sneasler, L50, F|100/100\n|switch|p2a: Aerodactyl|Aerodactyl, L50, M|100/100\n|switch|p2b: Sneasler|Sneasler, L50, F|100/100\n|-ability|p1a: Neroro|Intimidate|boost\n|-unboost|p2a: Aerodactyl|atk|1\n|-unboost|p2b: Sneasler|atk|1\n|-enditem|p2b: Sneasler|White Herb\n|-clearnegativeboost|p2b: Sneasler|[silent]\n|turn|1\n|\n|t:|1776272191\n|switch|p2a: Garchomp|Garchomp, L50, M|100/100\n|move|p2b: Sneasler|Fake Out|p1a: Neroro\n|-damage|p1a: Neroro|88/100\n|move|p1b: Neneas|Fake Out|p2a: Garchomp\n|-damage|p2a: Garchomp|83/100\n|-damage|p1b: Neneas|88/100|[from] ability: Rough Skin|[of] p2a: Garchomp\n|cant|p1a: Neroro|flinch\n|\n|upkeep\n|turn|2\n|\n|t:|1776272203\n|move|p2b: Sneasler|Protect|p2b: Sneasler\n|-singleturn|p2b: Sneasler|Protect\n|move|p1b: Neneas|Dire Claw|p2a: Garchomp\n|-resisted|p2a: Garchomp|1\n|-damage|p2a: Garchomp|62/100\n|-damage|p1b: Neneas|76/100|[from] ability: Rough Skin|[of] p2a: Garchomp\n|move|p2a: Garchomp|Earthquake|p1b: Neneas|[spread] p1a,p1b\n|-activate|p2b: Sneasler|move: Protect\n|-supereffective|p1a: Neroro|1\n|-supereffective|p1b: Neneas|1\n|-damage|p1a: Neroro|13/100\n|-damage|p1b: Neneas|0 fnt\n|-enditem|p1a: Neroro|Sitrus Berry|[eat]\n|-heal|p1a: Neroro|38/100|[from] item: Sitrus Berry\n|faint|p1b: Neneas\n|move|p1a: Neroro|Parting Shot|p2a: Garchomp\n|-unboost|p2a: Garchomp|atk|1\n|-unboost|p2a: Garchomp|spa|1\n|\n|t:|1776272214\n|switch|p1a: Mimilo|Milotic, L50, M|100/100|[from] Parting Shot\n|\n|upkeep\n|\n|t:|1776272217\n|switch|p1b: Neroro|Incineroar, L50, F|38/100\n|-ability|p1b: Neroro|Intimidate|boost\n|-unboost|p2a: Garchomp|atk|1\n|-unboost|p2b: Sneasler|atk|1\n|turn|3\n|\n|t:|1776272228\n|switch|p2b: Floette|Floette-Eternal, L50, F|100/100\n|move|p1b: Neroro|Fake Out|p2a: Garchomp\n|-damage|p2a: Garchomp|51/100\n|-damage|p1b: Neroro|26/100|[from] ability: Rough Skin|[of] p2a: Garchomp\n|cant|p2a: Garchomp|flinch\n|move|p1a: Mimilo|Icy Wind|p2b: Floette|[spread] p2a,p2b\n|-supereffective|p2a: Garchomp|2\n|-crit|p2a: Garchomp\n|-damage|p2a: Garchomp|0 fnt\n|-damage|p2b: Floette|91/100\n|-unboost|p2b: Floette|spe|1\n|faint|p2a: Garchomp\n|\n|upkeep\n|\n|t:|1776272237\n|switch|p2a: Aerodactyl|Aerodactyl, L50, M|100/100\n|turn|4\n|\n|t:|1776272249\n|move|p2a: Aerodactyl|Protect|p2a: Aerodactyl\n|-singleturn|p2a: Aerodactyl|Protect\n|move|p1a: Mimilo|Icy Wind|p2b: Floette|[spread] p2b\n|-activate|p2a: Aerodactyl|move: Protect\n|-damage|p2b: Floette|81/100\n|-unboost|p2b: Floette|spe|1\n|move|p1b: Neroro|Parting Shot|p2b: Floette\n|-unboost|p2b: Floette|atk|1\n|-unboost|p2b: Floette|spa|1\n|\n|t:|1776272257\n|switch|p1b: Lulure|Chandelure, L50, M|100/100|[from] Parting Shot\n|move|p2b: Floette|Dazzling Gleam|p1a: Mimilo|[spread] p1a,p1b\n|-crit|p1a: Mimilo\n|-resisted|p1b: Lulure|1\n|-damage|p1a: Mimilo|62/100\n|-damage|p1b: Lulure|85/100\n|\n|-heal|p1a: Mimilo|68/100|[from] item: Leftovers\n|upkeep\n|turn|5\n|\n|t:|1776272270\n|switch|p2b: Sneasler|Sneasler, L50, F|100/100\n|detailschange|p2a: Aerodactyl|Aerodactyl-Mega, L50, M\n|-mega|p2a: Aerodactyl|Aerodactyl|Aerodactylite\n|detailschange|p1b: Lulure|Chandelure-Mega, L50, M\n|-mega|p1b: Lulure|Chandelure|Chandelurite\n|move|p2a: Aerodactyl|Rock Slide|p1a: Mimilo|[spread] p1a,p1b\n|-supereffective|p1b: Lulure|1\n|-damage|p1a: Mimilo|37/100\n|-damage|p1b: Lulure|17/100\n|move|p1b: Lulure|Shadow Ball|p2a: Aerodactyl\n|-damage|p2a: Aerodactyl|36/100\n|move|p1a: Mimilo|Scald|p2a: Aerodactyl\n|-supereffective|p2a: Aerodactyl|1\n|-damage|p2a: Aerodactyl|0 fnt\n|faint|p2a: Aerodactyl\n|\n|-heal|p1a: Mimilo|43/100|[from] item: Leftovers\n|upkeep\n|\n|t:|1776272280\n|switch|p2a: Floette|Floette-Eternal, L50, F|81/100\n|turn|6\n|\n|t:|1776272304\n|move|p1a: Mimilo|Protect|p1a: Mimilo\n|-singleturn|p1a: Mimilo|Protect\n|move|p2a: Floette|Dazzling Gleam|p1b: Lulure|[spread] p1b\n|-activate|p1a: Mimilo|move: Protect\n|-resisted|p1b: Lulure|1\n|-damage|p1b: Lulure|0 fnt\n|faint|p1b: Lulure\n|move|p2b: Sneasler|Close Combat|p1a: Mimilo\n|-activate|p1a: Mimilo|move: Protect\n|\n|-heal|p1a: Mimilo|49/100|[from] item: Leftovers\n|upkeep\n|\n|t:|1776272310\n|switch|p1b: Neroro|Incineroar, L50, F|26/100\n|-ability|p1b: Neroro|Intimidate|boost\n|-unboost|p2a: Floette|atk|1\n|-unboost|p2b: Sneasler|atk|1\n|turn|7\n|\n|t:|1776272317\n|move|p2b: Sneasler|Protect|p2b: Sneasler\n|-singleturn|p2b: Sneasler|Protect\n|move|p1b: Neroro|Fake Out|p2a: Floette\n|-damage|p2a: Floette|63/100\n|cant|p2a: Floette|flinch\n|move|p1a: Mimilo|Icy Wind|p2b: Sneasler|[spread] p2a\n|-activate|p2b: Sneasler|move: Protect\n|-damage|p2a: Floette|54/100\n|-unboost|p2a: Floette|spe|1\n|\n|-heal|p1a: Mimilo|54/100|[from] item: Leftovers\n|upkeep\n|turn|8\n|inactive|nzgdhadfgdsa has 30 seconds left.\n|inactive|5wamp has 30 seconds left.\n|inactive|nzgdhadfgdsa has 20 seconds left.\n|\n|t:|1776272356\n|move|p1a: Mimilo|Protect|p1a: Mimilo\n|-singleturn|p1a: Mimilo|Protect\n|move|p2b: Sneasler|Dire Claw|p1b: Neroro\n|-damage|p1b: Neroro|0 fnt\n|faint|p1b: Neroro\n|move|p2a: Floette|Dazzling Gleam|p1a: Mimilo\n|-activate|p1a: Mimilo|move: Protect\n|\n|-heal|p1a: Mimilo|60/100|[from] item: Leftovers\n|upkeep\n|turn|9\n|\n|t:|1776272362\n|move|p2b: Sneasler|Close Combat|p1a: Mimilo\n|-damage|p1a: Mimilo|16/100\n|-unboost|p2b: Sneasler|def|1\n|-unboost|p2b: Sneasler|spd|1\n|move|p1a: Mimilo|Scald|p2b: Sneasler\n|-damage|p2b: Sneasler|39/100\n|-status|p2b: Sneasler|brn\n|move|p2a: Floette|Dazzling Gleam|p1a: Mimilo\n|-damage|p1a: Mimilo|0 fnt\n|faint|p1a: Mimilo\n|\n|win|5wamp\n|raw|nzgdhadfgdsa's rating: 1042 &rarr; <strong>1028</strong><br />(-14 for losing)\n|raw|5wamp's rating: 1087 &rarr; <strong>1110</strong><br />(+23 for winning)\n",
  "uploadtime": 1776272362,
  "views": 18,
  "formatid": "gen9championsvgc2026regma",
  "rating": 1028,
  "private": 0,
  "password": null
}