{
  "id": "gen9championsvgc2026regma-2582313196",
  "format": "[Gen 9 Champions] VGC 2026 Reg M-A",
  "players": [
    "actuary97",
    "Cereales_Hacendado"
  ],
  "log": "|j|\u2606actuary97\n|j|\u2606Cereales_Hacendado\n|t:|1776082430\n|gametype|doubles\n|player|p1|actuary97|sabrina-frlg|1320\n|player|p2|Cereales_Hacendado|265|1294\n|gen|9\n|tier|[Gen 9 Champions] VGC 2026 Reg M-A\n|rated|\n|rule|Species Clause: Limit one of each Pok\u00e9mon\n|rule|Item Clause: Limit 1 of each item\n|clearpoke\n|poke|p1|Tyranitar, L50, F|\n|poke|p1|Gallade, L50, M|\n|poke|p1|Sinistcha, L50|\n|poke|p1|Corviknight, L50, M|\n|poke|p1|Incineroar, L50, F|\n|poke|p1|Alakazam, L50, F|\n|poke|p2|Pinsir, L50, F|\n|poke|p2|Milotic, L50, M|\n|poke|p2|Corviknight, L50, M|\n|poke|p2|Rotom-Heat, L50|\n|poke|p2|Glimmora, L50, F|\n|poke|p2|Scovillain, L50, F|\n|teampreview|4\n|c|\u2606actuary97|cool team\n|c|\u2606Cereales_Hacendado|You too\n|c|\u2606actuary97|glhf\n|\n|t:|1776082506\n|teamsize|p1|4\n|teamsize|p2|4\n|start\n|switch|p1a: Tyranitar|Tyranitar, L50, F, shiny|100/100\n|switch|p1b: Gallade|Gallade, L50, M, shiny|100/100\n|switch|p2a: Edgar Allan Poe|Corviknight, L50, M, shiny|100/100\n|switch|p2b: La Exploradora|Glimmora, L50, F, shiny|100/100\n|-weather|Sandstorm|[from] ability: Sand Stream|[of] p1a: Tyranitar\n|turn|1\n|\n|t:|1776082524\n|detailschange|p1a: Tyranitar|Tyranitar-Mega, L50, F, shiny\n|-mega|p1a: Tyranitar|Tyranitar|Tyranitarite\n|move|p2b: La Exploradora|Spiky Shield|p2b: La Exploradora\n|-singleturn|p2b: La Exploradora|move: Protect\n|move|p1b: Gallade|Psycho Cut|p2b: La Exploradora\n|-activate|p2b: La Exploradora|move: Protect\n|move|p1a: Tyranitar|Dragon Dance|p1a: Tyranitar\n|-boost|p1a: Tyranitar|atk|1\n|-boost|p1a: Tyranitar|spe|1\n|move|p2a: Edgar Allan Poe|Brave Bird|p1b: Gallade\n|-supereffective|p1b: Gallade|1\n|-crit|p1b: Gallade\n|-damage|p1b: Gallade|0 fnt\n|faint|p1b: Gallade\n|-damage|p2a: Edgar Allan Poe|76/100|[from] Recoil\n|\n|-weather|Sandstorm|[upkeep]\n|upkeep\n|\n|t:|1776082533\n|switch|p1b: Alakazam|Alakazam, L50, F|100/100\n|turn|2\n|\n|t:|1776082548\n|move|p1b: Alakazam|Encore|p2b: La Exploradora\n|-start|p2b: La Exploradora|Encore\n|move|p2b: La Exploradora|Spiky Shield|p2b: La Exploradora\n|-singleturn|p2b: La Exploradora|move: Protect\n|move|p1a: Tyranitar|Dragon Dance|p1a: Tyranitar\n|-boost|p1a: Tyranitar|atk|1\n|-boost|p1a: Tyranitar|spe|1\n|move|p2a: Edgar Allan Poe|Body Press|p1a: Tyranitar\n|-supereffective|p1a: Tyranitar|2\n|-damage|p1a: Tyranitar|50/100\n|\n|-weather|Sandstorm|[upkeep]\n|upkeep\n|turn|3\n|\n|t:|1776082564\n|switch|p2b: Ayuso|Milotic, L50, M, shiny|100/100\n|move|p1a: Tyranitar|Rock Slide|p2a: Edgar Allan Poe|[spread] p2a\n|-miss|p1a: Tyranitar|p2b: Ayuso\n|-damage|p2a: Edgar Allan Poe|20/100\n|-enditem|p2a: Edgar Allan Poe|Sitrus Berry|[eat]\n|-heal|p2a: Edgar Allan Poe|45/100|[from] item: Sitrus Berry\n|move|p1b: Alakazam|Disable|p2a: Edgar Allan Poe\n|-start|p2a: Edgar Allan Poe|Disable|Body Press\n|cant|p2a: Edgar Allan Poe|flinch\n|\n|-weather|Sandstorm|[upkeep]\n|-damage|p2b: Ayuso|95/100|[from] Sandstorm\n|upkeep\n|turn|4\n|\n|t:|1776082584\n|switch|p1b: Sinistcha|Sinistcha, L50|100/100\n|-heal|p1a: Tyranitar|75/100|[from] ability: Hospitality|[of] p1b: Sinistcha\n|move|p1a: Tyranitar|Rock Slide|p2b: Ayuso|[spread] p2a,p2b\n|-damage|p2a: Edgar Allan Poe|0 fnt\n|-damage|p2b: Ayuso|42/100\n|faint|p2a: Edgar Allan Poe\n|move|p2b: Ayuso|Icy Wind|p1a: Tyranitar|[spread] p1a,p1b\n|-supereffective|p1b: Sinistcha|1\n|-crit|p1b: Sinistcha\n|-damage|p1a: Tyranitar|70/100\n|-damage|p1b: Sinistcha|71/100\n|-unboost|p1a: Tyranitar|spe|1\n|-unboost|p1b: Sinistcha|spe|1\n|\n|-weather|Sandstorm|[upkeep]\n|-damage|p2b: Ayuso|36/100|[from] Sandstorm\n|-damage|p1b: Sinistcha|65/100|[from] Sandstorm\n|upkeep\n|\n|t:|1776082601\n|switch|p2a: Gender Bender|Pinsir, L50, F, shiny|100/100\n|turn|5\n|\n|t:|1776082619\n|detailschange|p2a: Gender Bender|Pinsir-Mega, L50, F, shiny\n|-mega|p2a: Gender Bender|Pinsir|Pinsirite\n|move|p2a: Gender Bender|Rock Slide|p1b: Sinistcha|[spread] p1a,p1b\n|-damage|p1a: Tyranitar|57/100\n|-damage|p1b: Sinistcha|45/100\n|-enditem|p1b: Sinistcha|Sitrus Berry|[eat]\n|-heal|p1b: Sinistcha|70/100|[from] item: Sitrus Berry\n|move|p1a: Tyranitar|Rock Slide|p2b: Ayuso|[spread] p2a\n|-miss|p1a: Tyranitar|p2b: Ayuso\n|-supereffective|p2a: Gender Bender|2\n|-damage|p2a: Gender Bender|0 fnt\n|faint|p2a: Gender Bender\n|move|p2b: Ayuso|Icy Wind|p1a: Tyranitar|[spread] p1a,p1b\n|-supereffective|p1b: Sinistcha|1\n|-damage|p1a: Tyranitar|52/100\n|-damage|p1b: Sinistcha|48/100\n|-unboost|p1a: Tyranitar|spe|1\n|-unboost|p1b: Sinistcha|spe|1\n|cant|p1b: Sinistcha|flinch\n|\n|-weather|none\n|upkeep\n|\n|t:|1776082637\n|switch|p2a: La Exploradora|Glimmora, L50, F, shiny|100/100\n|turn|6\n|\n|t:|1776082650\n|move|p2b: Ayuso|Protect|p2b: Ayuso\n|-singleturn|p2b: Ayuso|Protect\n|move|p2a: La Exploradora|Sludge Wave|p1a: Tyranitar|[spread] p1a,p1b\n|-activate|p2b: Ayuso|move: Protect\n|-resisted|p1a: Tyranitar|1\n|-damage|p1a: Tyranitar|39/100\n|-damage|p1b: Sinistcha|9/100\n|-status|p1b: Sinistcha|psn\n|move|p1a: Tyranitar|Rock Slide|p2a: La Exploradora|[spread] p2a\n|-activate|p2b: Ayuso|move: Protect\n|-damage|p2a: La Exploradora|26/100\n|-activate|p2a: La Exploradora|ability: Toxic Debris\n|-sidestart|p1: actuary97|move: Toxic Spikes\n|move|p1b: Sinistcha|Life Dew|p1b: Sinistcha|[spread] p1a,p1b\n|-heal|p1a: Tyranitar|64/100\n|-heal|p1b: Sinistcha|34/100 psn\n|\n|-damage|p1b: Sinistcha|22/100 psn|[from] psn\n|upkeep\n|turn|7\n|\n|t:|1776082678\n|move|p2a: La Exploradora|Earth Power|p1a: Tyranitar\n|-supereffective|p1a: Tyranitar|1\n|-damage|p1a: Tyranitar|19/100\n|-unboost|p1a: Tyranitar|spd|1\n|move|p1a: Tyranitar|Rock Slide|p2a: La Exploradora|[spread] p2b\n|-miss|p1a: Tyranitar|p2a: La Exploradora\n|-damage|p2b: Ayuso|0 fnt\n|faint|p2b: Ayuso\n|move|p1b: Sinistcha|Matcha Gotcha|p2a: La Exploradora\n|-damage|p2a: La Exploradora|0 fnt\n|-heal|p1b: Sinistcha|33/100 psn|[from] drain|[of] p2a: La Exploradora\n|faint|p2a: La Exploradora\n|\n|win|actuary97\n|raw|actuary97's rating: 1320 &rarr; <strong>1339</strong><br />(+19 for winning)\n|raw|Cereales_Hacendado's rating: 1294 &rarr; <strong>1271</strong><br />(-23 for losing)\n|c|\u2606Cereales_Hacendado|gg\n|c|\u2606actuary97|gg\n|l|\u2606Cereales_Hacendado\n|player|p2|\n",
  "uploadtime": 1776082769,
  "views": 33,
  "formatid": "gen9championsvgc2026regma",
  "rating": 1271,
  "private": 0,
  "password": null
}