{
  "id": "gen9championsvgc2026regma-2584173250",
  "format": "[Gen 9 Champions] VGC 2026 Reg M-A",
  "players": [
    "luckyhanky",
    "Triplo su Presenza"
  ],
  "log": "|j|\u2606luckyhanky\n|j|\u2606Triplo su Presenza\n|t:|1776234132\n|gametype|doubles\n|player|p1|luckyhanky|medium-gen2jp|1438\n|player|p2|Triplo su Presenza|101|1497\n|gen|9\n|tier|[Gen 9 Champions] VGC 2026 Reg M-A\n|rated|\n|rule|Species Clause: Limit one of each Pok\u00e9mon\n|rule|Item Clause: Limit 1 of each item\n|clearpoke\n|poke|p1|Mamoswine, L50, F|\n|poke|p1|Tyranitar, L50, F|\n|poke|p1|Charizard, L50, M|\n|poke|p1|Whimsicott, L50, M|\n|poke|p1|Sneasler, L50, F|\n|poke|p1|Basculegion, L50, M|\n|poke|p2|Excadrill, L50, F|\n|poke|p2|Tyranitar, L50, F|\n|poke|p2|Incineroar, L50, F|\n|poke|p2|Floette-Eternal, L50, F|\n|poke|p2|Corviknight, L50, F|\n|poke|p2|Rotom-Wash, L50|\n|teampreview|4\n|inactive|Battle timer is ON: inactive players will automatically lose when time's up. (requested by luckyhanky)\n|inactive|Triplo su Presenza has 60 seconds left.\n|inactive|luckyhanky has 60 seconds left.\n|\n|t:|1776234186\n|teamsize|p1|4\n|teamsize|p2|4\n|start\n|switch|p1a: Basculegion|Basculegion, L50, M|100/100\n|switch|p1b: Charizard|Charizard, L50, M|100/100\n|switch|p2a: Incineroar|Incineroar, L50, F|100/100\n|switch|p2b: Excadrill|Excadrill, L50, F|100/100\n|-ability|p2a: Incineroar|Intimidate|boost\n|-unboost|p1a: Basculegion|atk|1\n|-unboost|p1b: Charizard|atk|1\n|turn|1\n|\n|t:|1776234204\n|move|p2b: Excadrill|Protect|p2b: Excadrill\n|-singleturn|p2b: Excadrill|Protect\n|move|p1a: Basculegion|Wave Crash|p2b: Excadrill\n|-activate|p2b: Excadrill|move: Protect\n|move|p1b: Charizard|Substitute|p1b: Charizard\n|-start|p1b: Charizard|Substitute\n|-damage|p1b: Charizard|76/100\n|move|p2a: Incineroar|Parting Shot|p1a: Basculegion\n|-unboost|p1a: Basculegion|atk|1\n|-unboost|p1a: Basculegion|spa|1\n|\n|t:|1776234221\n|switch|p2a: Tyranitar|Tyranitar, L50, F|100/100|[from] Parting Shot\n|-weather|Sandstorm|[from] ability: Sand Stream|[of] p2a: Tyranitar\n|\n|-weather|Sandstorm|[upkeep]\n|-damage|p1a: Basculegion|94/100|[from] Sandstorm\n|-damage|p1b: Charizard|70/100|[from] Sandstorm\n|upkeep\n|turn|2\n|\n|t:|1776234236\n|switch|p2b: Incineroar|Incineroar, L50, F|100/100\n|-ability|p2b: Incineroar|Intimidate|boost\n|-unboost|p1a: Basculegion|atk|1\n|-immune|p1b: Charizard\n|switch|p1a: Whimsicott|Whimsicott, L50, M|100/100\n|move|p1b: Charizard|Protect|p1b: Charizard\n|-singleturn|p1b: Charizard|Protect\n|move|p2a: Tyranitar|Rock Slide|p1b: Charizard|[spread] p1a\n|-activate|p1b: Charizard|move: Protect\n|-damage|p1a: Whimsicott|48/100\n|\n|-weather|Sandstorm|[upkeep]\n|-damage|p1a: Whimsicott|42/100|[from] Sandstorm\n|-damage|p1b: Charizard|64/100|[from] Sandstorm\n|-damage|p2b: Incineroar|95/100|[from] Sandstorm\n|upkeep\n|turn|3\n|inactive|Triplo su Presenza has 30 seconds left.\n|\n|t:|1776234277\n|detailschange|p1b: Charizard|Charizard-Mega-Y, L50, M\n|-mega|p1b: Charizard|Charizard|Charizardite Y\n|-weather|SunnyDay|[from] ability: Drought|[of] p1b: Charizard\n|move|p1a: Whimsicott|Protect|p1a: Whimsicott\n|-singleturn|p1a: Whimsicott|Protect\n|move|p1b: Charizard|Overheat|p2a: Tyranitar\n|-resisted|p2a: Tyranitar|1\n|-damage|p2a: Tyranitar|51/100\n|-unboost|p1b: Charizard|spa|2\n|move|p2a: Tyranitar|Rock Slide|p1a: Whimsicott|[spread] \n|-activate|p1a: Whimsicott|move: Protect\n|-miss|p2a: Tyranitar|p1b: Charizard\n|move|p2b: Incineroar|Parting Shot|p1b: Charizard\n|-unboost|p1b: Charizard|atk|1\n|-unboost|p1b: Charizard|spa|1\n|\n|t:|1776234299\n|switch|p2b: Rotom|Rotom-Wash, L50|100/100|[from] Parting Shot\n|\n|-weather|SunnyDay|[upkeep]\n|upkeep\n|turn|4\n|\n|t:|1776234317\n|move|p1b: Charizard|Protect|p1b: Charizard\n|-singleturn|p1b: Charizard|Protect\n|move|p1a: Whimsicott|Tailwind|p1a: Whimsicott\n|-sidestart|p1: luckyhanky|move: Tailwind\n|move|p2b: Rotom|Volt Switch|p1b: Charizard\n|-activate|p1b: Charizard|move: Protect\n|move|p2a: Tyranitar|Rock Slide|p1a: Whimsicott|[spread] p1a\n|-activate|p1b: Charizard|move: Protect\n|-damage|p1a: Whimsicott|0 fnt\n|faint|p1a: Whimsicott\n|\n|-weather|SunnyDay|[upkeep]\n|upkeep\n|\n|t:|1776234321\n|switch|p1a: Sneasler|Sneasler, L50, F|100/100\n|turn|5\n|\n|t:|1776234335\n|switch|p2a: Incineroar|Incineroar, L50, F|95/100\n|-ability|p2a: Incineroar|Intimidate|boost\n|-unboost|p1a: Sneasler|atk|1\n|-immune|p1b: Charizard\n|-enditem|p1a: Sneasler|White Herb\n|-clearnegativeboost|p1a: Sneasler|[silent]\n|move|p1a: Sneasler|Close Combat|p2a: Incineroar\n|-supereffective|p2a: Incineroar|1\n|-enditem|p2a: Incineroar|Chople Berry|[eat]\n|-enditem|p2a: Incineroar|Chople Berry|[weaken]\n|-damage|p2a: Incineroar|44/100\n|-unboost|p1a: Sneasler|def|1\n|-unboost|p1a: Sneasler|spd|1\n|move|p1b: Charizard|Heat Wave|p2b: Rotom|[spread] p2a,p2b\n|-resisted|p2a: Incineroar|1\n|-resisted|p2b: Rotom|1\n|-damage|p2a: Incineroar|34/100\n|-damage|p2b: Rotom|84/100\n|-status|p2b: Rotom|brn\n|move|p2b: Rotom|Volt Switch|p1b: Charizard\n|-supereffective|p1b: Charizard|1\n|-end|p1b: Charizard|Substitute\n|inactive|Triplo su Presenza has 30 seconds left.\n|\n|t:|1776234367\n|switch|p2b: Excadrill|Excadrill, L50, F|100/100|[from] Volt Switch\n|\n|-weather|SunnyDay|[upkeep]\n|upkeep\n|turn|6\n|\n|t:|1776234382\n|move|p1a: Sneasler|Protect|p1a: Sneasler\n|-singleturn|p1a: Sneasler|Protect\n|move|p1b: Charizard|Protect|p1b: Charizard\n|-singleturn|p1b: Charizard|Protect\n|move|p2b: Excadrill|Protect|p2b: Excadrill\n|-singleturn|p2b: Excadrill|Protect\n|move|p2a: Incineroar|Acrobatics|p1a: Sneasler\n|-activate|p1a: Sneasler|move: Protect\n|\n|-weather|SunnyDay|[upkeep]\n|upkeep\n|turn|7\n|\n|t:|1776234399\n|switch|p2b: Tyranitar|Tyranitar, L50, F|51/100\n|-weather|Sandstorm|[from] ability: Sand Stream|[of] p2b: Tyranitar\n|switch|p2a: Rotom|Rotom-Wash, L50|84/100 brn\n|move|p1a: Sneasler|Close Combat|p2b: Tyranitar\n|-supereffective|p2b: Tyranitar|2\n|-damage|p2b: Tyranitar|0 fnt\n|-unboost|p1a: Sneasler|def|1\n|-unboost|p1a: Sneasler|spd|1\n|faint|p2b: Tyranitar\n|move|p1b: Charizard|Heat Wave|p2a: Rotom\n|-resisted|p2a: Rotom|1\n|-damage|p2a: Rotom|67/100 brn\n|\n|-weather|Sandstorm|[upkeep]\n|-damage|p1a: Sneasler|95/100|[from] Sandstorm\n|-damage|p1b: Charizard|58/100|[from] Sandstorm\n|-damage|p2a: Rotom|62/100 brn|[from] Sandstorm\n|-damage|p2a: Rotom|56/100 brn|[from] brn\n|-sideend|p1: luckyhanky|move: Tailwind\n|upkeep\n|\n|t:|1776234416\n|switch|p2b: Excadrill|Excadrill, L50, F|100/100\n|turn|8\n|\n|t:|1776234440\n|move|p1b: Charizard|Protect|p1b: Charizard\n|-singleturn|p1b: Charizard|Protect\n|move|p1a: Sneasler|Close Combat|p2b: Excadrill\n|-supereffective|p2b: Excadrill|1\n|-enditem|p2b: Excadrill|Focus Sash\n|-damage|p2b: Excadrill|1/100\n|-unboost|p1a: Sneasler|def|1\n|-unboost|p1a: Sneasler|spd|1\n|move|p2b: Excadrill|High Horsepower|p1a: Sneasler\n|-supereffective|p1a: Sneasler|1\n|-damage|p1a: Sneasler|0 fnt\n|faint|p1a: Sneasler\n|move|p2a: Rotom|Thunderbolt|p1b: Charizard\n|-activate|p1b: Charizard|move: Protect\n|\n|-weather|Sandstorm|[upkeep]\n|-damage|p2a: Rotom|51/100 brn|[from] Sandstorm\n|-damage|p1b: Charizard|52/100|[from] Sandstorm\n|-damage|p2a: Rotom|45/100 brn|[from] brn\n|upkeep\n|\n|t:|1776234452\n|switch|p1a: Basculegion|Basculegion, L50, M|94/100\n|turn|9\n|\n|t:|1776234463\n|switch|p2b: Incineroar|Incineroar, L50, F|34/100\n|-ability|p2b: Incineroar|Intimidate|boost\n|-unboost|p1a: Basculegion|atk|1\n|-unboost|p1b: Charizard|atk|1\n|move|p1a: Basculegion|Last Respects|p2a: Rotom\n|-damage|p2a: Rotom|0 fnt\n|faint|p2a: Rotom\n|move|p1b: Charizard|Heat Wave|p2b: Incineroar\n|-resisted|p2b: Incineroar|1\n|-damage|p2b: Incineroar|25/100\n|\n|-weather|Sandstorm|[upkeep]\n|-damage|p1a: Basculegion|88/100|[from] Sandstorm\n|-damage|p1b: Charizard|46/100|[from] Sandstorm\n|-damage|p2b: Incineroar|19/100|[from] Sandstorm\n|upkeep\n|\n|t:|1776234478\n|switch|p2a: Excadrill|Excadrill, L50, F|1/100\n|turn|10\n|inactive|Triplo su Presenza has 30 seconds left.\n|inactive|Triplo su Presenza has 20 seconds left.\n|\n|t:|1776234517\n|move|p1b: Charizard|Protect|p1b: Charizard\n|-singleturn|p1b: Charizard|Protect\n|move|p2b: Incineroar|Fake Out|p1b: Charizard\n|-activate|p1b: Charizard|move: Protect\n|move|p2a: Excadrill|High Horsepower|p1a: Basculegion\n|-damage|p1a: Basculegion|22/100\n|move|p1a: Basculegion|Last Respects|p2b: Incineroar\n|-resisted|p2b: Incineroar|1\n|-damage|p2b: Incineroar|0 fnt\n|faint|p2b: Incineroar\n|\n|-weather|Sandstorm|[upkeep]\n|-damage|p1a: Basculegion|16/100|[from] Sandstorm\n|-damage|p1b: Charizard|40/100|[from] Sandstorm\n|upkeep\n|turn|11\n|\n|t:|1776234536\n|move|p2a: Excadrill|Rock Slide|p1b: Charizard|[spread] p1a,p1b\n|-supereffective|p1b: Charizard|2\n|-damage|p1a: Basculegion|0 fnt\n|-damage|p1b: Charizard|0 fnt\n|faint|p1a: Basculegion\n|faint|p1b: Charizard\n|\n|win|Triplo su Presenza\n|raw|luckyhanky's rating: 1438 &rarr; <strong>1421</strong><br />(-17 for losing)\n|raw|Triplo su Presenza's rating: 1497 &rarr; <strong>1514</strong><br />(+17 for winning)\n|l|\u2606luckyhanky\n|player|p1|\n",
  "uploadtime": 1776234552,
  "views": 51,
  "formatid": "gen9championsvgc2026regma",
  "rating": 1421,
  "private": 0,
  "password": null
}