{
  "id": "gen9championsvgc2026regma-2586678409",
  "format": "[Gen 9 Champions] VGC 2026 Reg M-A",
  "players": [
    "scizor slam",
    "asdfgbjksfdsdfh"
  ],
  "log": "|j|\u2606scizor slam\n|j|\u2606asdfgbjksfdsdfh\n|t:|1776451494\n|gametype|doubles\n|player|p1|scizor slam|hilbert-wonderlauncher|1000\n|player|p2|asdfgbjksfdsdfh|2|1040\n|gen|9\n|tier|[Gen 9 Champions] VGC 2026 Reg M-A\n|rated|\n|rule|Species Clause: Limit one of each Pok\u00e9mon\n|rule|Item Clause: Limit 1 of each item\n|clearpoke\n|poke|p1|Aegislash, L50, M|\n|poke|p1|Hawlucha, L50, F|\n|poke|p1|Zoroark-Hisui, L50, F|\n|poke|p1|Milotic, L50, M|\n|poke|p1|Drampa, L50, M|\n|poke|p1|Whimsicott, L50, M|\n|poke|p2|Dragonite, L50, M|\n|poke|p2|Pelipper, L50, F|\n|poke|p2|Meganium, L50, M|\n|poke|p2|Basculegion, L50, M|\n|poke|p2|Kingambit, L50, M|\n|poke|p2|Sneasler, L50, M|\n|teampreview|4\nscizor slam rejected open team sheets.\n|\n|t:|1776451545\n|teamsize|p1|4\n|teamsize|p2|4\n|start\n|switch|p1a: Iron Head!!!|Aegislash, L50, M|100/100\n|switch|p1b: Glixen|Whimsicott, L50, M|100/100\n|switch|p2a: Basculegion|Basculegion, L50, M|100/100\n|switch|p2b: Sneasler|Sneasler, L50, M|100/100\n|-ability|p2b: Sneasler|Pressure\n|turn|1\n|\n|t:|1776451591\n|move|p2a: Basculegion|Flip Turn|p1a: Iron Head!!!\n|-damage|p1a: Iron Head!!!|59/100\n|\n|t:|1776451596\n|switch|p2a: Pelipper|Pelipper, L50, F|100/100|[from] Flip Turn\n|-weather|RainDance|[from] ability: Drizzle|[of] p2a: Pelipper\n|move|p2b: Sneasler|Gunk Shot|p1b: Glixen\n|-resisted|p1b: Glixen|1\n|-damage|p1b: Glixen|39/100\n|replace|p1b: Hot Fox|Zoroark-Hisui, L50, F\n|-end|p1b: Hot Fox|Illusion\n|move|p1b: Hot Fox|Psychic|p2b: Sneasler\n|-supereffective|p2b: Sneasler|2\n|-damage|p2b: Sneasler|0 fnt\n|faint|p2b: Sneasler\n|move|p1a: Iron Head!!!|Iron Defense|p1a: Iron Head!!!\n|-boost|p1a: Iron Head!!!|def|2\n|\n|-weather|RainDance|[upkeep]\n|upkeep\n|\n|t:|1776451615\n|switch|p2b: Meganium|Meganium, L50, M|100/100\n|turn|2\n|\n|t:|1776451644\n|detailschange|p2b: Meganium|Meganium-Mega, L50, M\n|-mega|p2b: Meganium|Meganium|Meganiumite\n|move|p1a: Iron Head!!!|King's Shield|p1a: Iron Head!!!\n|-singleturn|p1a: Iron Head!!!|Protect\n|move|p1b: Hot Fox|Bitter Malice|p2a: Pelipper\n|-damage|p2a: Pelipper|35/100\n|-unboost|p2a: Pelipper|atk|1\n|move|p2b: Meganium|Dazzling Gleam|p1a: Iron Head!!!|[spread] p1b\n|-activate|p1a: Iron Head!!!|move: Protect\n|-damage|p1b: Hot Fox|0 fnt\n|faint|p1b: Hot Fox\n|move|p2a: Pelipper|Tailwind|p2a: Pelipper\n|-sidestart|p2: asdfgbjksfdsdfh|move: Tailwind\n|\n|-weather|RainDance|[upkeep]\n|upkeep\n|\n|t:|1776451659\n|switch|p1b: Glixen|Whimsicott, L50, M|100/100\n|turn|3\n|\n|t:|1776451675\n|switch|p2a: Basculegion|Basculegion, L50, M|100/100\n|move|p2b: Meganium|Weather Ball|p1a: Iron Head!!!\n|-supereffective|p1a: Iron Head!!!|1\n|-damage|p1a: Iron Head!!!|0 fnt\n|faint|p1a: Iron Head!!!\n|move|p1b: Glixen|Trick Room|p1b: Glixen\n|-fieldstart|move: Trick Room|[of] p1b: Glixen\n|\n|-weather|RainDance|[upkeep]\n|upkeep\n|\n|t:|1776451689\n|switch|p1a: Trauma Ray|Drampa, L50, M, shiny|100/100\n|-ability|p1a: Trauma Ray|Cloud Nine\n|turn|4\n|\n|t:|1776451728\n|switch|p2a: Pelipper|Pelipper, L50, F|35/100\n|detailschange|p1a: Trauma Ray|Drampa-Mega, L50, M, shiny\n|-mega|p1a: Trauma Ray|Drampa|Drampanite\n|move|p1a: Trauma Ray|Thunderbolt|p2a: Pelipper\n|-supereffective|p2a: Pelipper|2\n|-damage|p2a: Pelipper|0 fnt\n|faint|p2a: Pelipper\n|move|p1b: Glixen|Dazzling Gleam|p2b: Meganium\n|-damage|p2b: Meganium|76/100\n|move|p2b: Meganium|Dazzling Gleam|p1b: Glixen|[spread] p1a,p1b\n|-supereffective|p1a: Trauma Ray|1\n|-damage|p1a: Trauma Ray|26/100\n|-damage|p1b: Glixen|52/100\n|-ability|p1a: Trauma Ray|Berserk|boost\n|-boost|p1a: Trauma Ray|spa|1\n|\n|-weather|RainDance|[upkeep]\n|upkeep\n|\n|t:|1776451740\n|switch|p2a: Basculegion|Basculegion, L50, M|100/100\n|turn|5\n|\n|t:|1776451761\n|move|p2a: Basculegion|Aqua Jet|p1a: Trauma Ray\n|-resisted|p1a: Trauma Ray|1\n|-damage|p1a: Trauma Ray|8/100\n|move|p1a: Trauma Ray|Hyper Voice|p2a: Basculegion|[spread] p2b\n|-immune|p2a: Basculegion\n|-damage|p2b: Meganium|9/100\n|move|p1b: Glixen|Dazzling Gleam|p2a: Basculegion|[spread] p2a,p2b\n|-damage|p2a: Basculegion|79/100\n|-damage|p2b: Meganium|0 fnt\n|faint|p2b: Meganium\n|\n|-weather|none\n|-sideend|p2: asdfgbjksfdsdfh|move: Tailwind\n|upkeep\n|turn|6\n|\n|t:|1776451782\n|move|p1b: Glixen|Tailwind|p1b: Glixen\n|-sidestart|p1: scizor slam|move: Tailwind\n|move|p2a: Basculegion|Aqua Jet|p1a: Trauma Ray\n|-resisted|p1a: Trauma Ray|1\n|-damage|p1a: Trauma Ray|0 fnt\n|faint|p1a: Trauma Ray\n|\n|upkeep\n|turn|7\n|\n|t:|1776451791\n|move|p1b: Glixen|Protect|p1b: Glixen\n|-singleturn|p1b: Glixen|Protect\n|move|p2a: Basculegion|Aqua Jet|p1b: Glixen\n|-activate|p1b: Glixen|move: Protect\n|\n|-fieldend|move: Trick Room\n|upkeep\n|turn|8\n|\n|t:|1776451796\n|move|p2a: Basculegion|Aqua Jet|p1b: Glixen\n|-resisted|p1b: Glixen|1\n|-damage|p1b: Glixen|38/100\n|-enditem|p1b: Glixen|Sitrus Berry|[eat]\n|-heal|p1b: Glixen|63/100|[from] item: Sitrus Berry\n|move|p1b: Glixen|Dazzling Gleam|p2a: Basculegion\n|-damage|p2a: Basculegion|51/100\n|\n|upkeep\n|turn|9\n|\n|t:|1776451804\n|move|p2a: Basculegion|Aqua Jet|p1b: Glixen\n|-resisted|p1b: Glixen|1\n|-damage|p1b: Glixen|49/100\n|move|p1b: Glixen|Dazzling Gleam|p2a: Basculegion\n|-damage|p2a: Basculegion|22/100\n|\n|-sideend|p1: scizor slam|move: Tailwind\n|upkeep\n|turn|10\n|\n|t:|1776451814\n|move|p2a: Basculegion|Aqua Jet|p1b: Glixen\n|-resisted|p1b: Glixen|1\n|-damage|p1b: Glixen|35/100\n|move|p1b: Glixen|Dazzling Gleam|p2a: Basculegion\n|-damage|p2a: Basculegion|0 fnt\n|faint|p2a: Basculegion\n|\n|win|scizor slam\n|raw|scizor slam's rating: 1000 &rarr; <strong>1045</strong><br />(+45 for winning)\n|raw|asdfgbjksfdsdfh's rating: 1040 &rarr; <strong>1022</strong><br />(-18 for losing)\n|l|\u2606asdfgbjksfdsdfh\n|player|p2|\n|c|\u2606scizor slam|gg\n",
  "uploadtime": 1776451824,
  "views": 34,
  "formatid": "gen9championsvgc2026regma",
  "rating": 1022,
  "private": 0,
  "password": null
}