{
  "id": "gen9championsvgc2026regma-2582443184",
  "format": "[Gen 9 Champions] VGC 2026 Reg M-A",
  "players": [
    "kkomorebi",
    "KogaAF1219"
  ],
  "log": "|j|\u2606kkomorebi\n|j|\u2606KogaAF1219\n|t:|1776092015\n|gametype|doubles\n|player|p1|kkomorebi|guitarist-gen4|1115\n|player|p2|KogaAF1219|koga|1095\n|gen|9\n|tier|[Gen 9 Champions] VGC 2026 Reg M-A\n|rated|\n|rule|Species Clause: Limit one of each Pok\u00e9mon\n|rule|Item Clause: Limit 1 of each item\n|clearpoke\n|poke|p1|Incineroar, L50, F|\n|poke|p1|Gengar, L50, M|\n|poke|p1|Sinistcha, L50|\n|poke|p1|Kingambit, L50, F|\n|poke|p1|Tyranitar, L50, F|\n|poke|p1|Kommo-o, L50, F|\n|poke|p2|Torkoal, L50, M|\n|poke|p2|Rotom-Fan, L50|\n|poke|p2|Excadrill, L50, F|\n|poke|p2|Venusaur, L50, F|\n|poke|p2|Dragapult, L50, F|\n|poke|p2|Incineroar, L50, F|\n|teampreview|4\nKogaAF1219 has agreed to open team sheets.\n|\n|t:|1776092041\n|teamsize|p1|4\n|teamsize|p2|4\n|start\n|switch|p1a: Gengar|Gengar, L50, M|100/100\n|switch|p1b: Incineroar|Incineroar, L50, F|100/100\n|switch|p2a: Dragapult|Dragapult, L50, F|100/100\n|switch|p2b: Incineroar|Incineroar, L50, F|100/100\n|-ability|p2b: Incineroar|Intimidate|boost\n|-unboost|p1a: Gengar|atk|1\n|-unboost|p1b: Incineroar|atk|1\n|-ability|p1b: Incineroar|Intimidate|boost\n|-fail|p2a: Dragapult|unboost|[from] ability: Clear Body|[of] p2a: Dragapult\n|-unboost|p2b: Incineroar|atk|1\n|turn|1\n|\n|t:|1776092073\n|switch|p1a: Kingambit|Kingambit, L50, F|100/100\n|move|p2b: Incineroar|Fake Out|p1b: Incineroar\n|-damage|p1b: Incineroar|92/100\n|move|p2a: Dragapult|Shadow Ball|p1a: Kingambit\n|-resisted|p1a: Kingambit|1\n|-damage|p1a: Kingambit|80/100\n|cant|p1b: Incineroar|flinch\n|\n|upkeep\n|turn|2\n|\n|t:|1776092085\n|move|p2a: Dragapult|Protect|p2a: Dragapult\n|-singleturn|p2a: Dragapult|Protect\n|move|p1a: Kingambit|Sucker Punch||[still]\n|-fail|p1a: Kingambit\n|move|p2b: Incineroar|Flare Blitz|p1a: Kingambit\n|-supereffective|p1a: Kingambit|1\n|-damage|p1a: Kingambit|18/100\n|-damage|p2b: Incineroar|80/100|[from] Recoil\n|move|p1b: Incineroar|Throat Chop|p2a: Dragapult\n|-activate|p2a: Dragapult|move: Protect\n|\n|upkeep\n|turn|3\n|\n|t:|1776092100\n|switch|p2a: Rotom|Rotom-Fan, L50|100/100\n|move|p1a: Kingambit|Sucker Punch||[still]\n|-fail|p1a: Kingambit\n|move|p2b: Incineroar|Flare Blitz|p1a: Kingambit\n|-supereffective|p1a: Kingambit|1\n|-damage|p1a: Kingambit|0 fnt\n|faint|p1a: Kingambit\n|-damage|p2b: Incineroar|74/100|[from] Recoil\n|move|p1b: Incineroar|Throat Chop|p2a: Rotom\n|-damage|p2a: Rotom|70/100\n|-start|p2a: Rotom|Throat Chop|[silent]\n|\n|upkeep\n|\n|t:|1776092111\n|switch|p1a: Gengar|Gengar, L50, M|100/100\n|turn|4\n|\n|t:|1776092130\n|detailschange|p1a: Gengar|Gengar-Mega, L50, M\n|-mega|p1a: Gengar|Gengar|Gengarite\n|move|p1b: Incineroar|Protect|p1b: Incineroar\n|-singleturn|p1b: Incineroar|Protect\n|move|p2a: Rotom|Volt Switch|p1b: Incineroar\n|-activate|p1b: Incineroar|move: Protect\n|move|p1a: Gengar|Perish Song|p1a: Gengar\n|-start|p1a: Gengar|perish3|[silent]\n|-start|p1b: Incineroar|perish3|[silent]\n|-start|p2a: Rotom|perish3|[silent]\n|-start|p2b: Incineroar|perish3|[silent]\n|-fieldactivate|move: Perish Song\n|move|p2b: Incineroar|Parting Shot|p1a: Gengar\n|-unboost|p1a: Gengar|atk|1\n|-unboost|p1a: Gengar|spa|1\n|\n|t:|1776092139\n|switch|p2b: Dragapult|Dragapult, L50, F|100/100|[from] Parting Shot\n|\n|-end|p2a: Rotom|Throat Chop|[silent]\n|-start|p2a: Rotom|perish3\n|-start|p1a: Gengar|perish3\n|-start|p1b: Incineroar|perish3\n|upkeep\n|turn|5\n|\n|t:|1776092163\n|move|p2b: Dragapult|Protect|p2b: Dragapult\n|-singleturn|p2b: Dragapult|Protect\n|move|p2a: Rotom|Volt Switch|p1b: Incineroar\n|-damage|p1b: Incineroar|68/100\n|\n|t:|1776092169\n|switch|p2a: Incineroar|Incineroar, L50, F|74/100|[from] Volt Switch\n|-ability|p2a: Incineroar|Intimidate|boost\n|-unboost|p1a: Gengar|atk|1\n|-unboost|p1b: Incineroar|atk|1\n|move|p1a: Gengar|Shadow Ball|p2b: Dragapult\n|-activate|p2b: Dragapult|move: Protect\n|move|p1b: Incineroar|Throat Chop|p2b: Dragapult\n|-activate|p2b: Dragapult|move: Protect\n|\n|-start|p1a: Gengar|perish2\n|-start|p1b: Incineroar|perish2\n|upkeep\n|turn|6\n|\n|t:|1776092183\n|switch|p1a: Sinistcha|Sinistcha, L50|100/100\n|-heal|p1b: Incineroar|93/100|[from] ability: Hospitality|[of] p1a: Sinistcha\n|move|p2b: Dragapult|Shadow Ball|p1a: Sinistcha\n|-supereffective|p1a: Sinistcha|1\n|-crit|p1a: Sinistcha\n|-damage|p1a: Sinistcha|0 fnt\n|faint|p1a: Sinistcha\n|move|p2a: Incineroar|Close Combat|p1b: Incineroar\n|-supereffective|p1b: Incineroar|1\n|-damage|p1b: Incineroar|28/100\n|-unboost|p2a: Incineroar|def|1\n|-unboost|p2a: Incineroar|spd|1\n|move|p1b: Incineroar|Parting Shot|p2b: Dragapult\n|-fail|p2b: Dragapult|unboost|[from] ability: Clear Body|[of] p2b: Dragapult\n|\n|-start|p1b: Incineroar|perish1\n|upkeep\n|-message|kkomorebi forfeited.\n|\n|win|KogaAF1219\n|raw|kkomorebi's rating: 1115 &rarr; <strong>1089</strong><br />(-26 for losing)\n|raw|KogaAF1219's rating: 1095 &rarr; <strong>1122</strong><br />(+27 for winning)\n|l|\u2606kkomorebi\n|player|p1|\n",
  "uploadtime": 1776092200,
  "views": 43,
  "formatid": "gen9championsvgc2026regma",
  "rating": 1089,
  "private": 0,
  "password": null
}