{
  "id": "gen9championsvgc2026regma-2586136379",
  "format": "[Gen 9 Champions] VGC 2026 Reg M-A",
  "players": [
    "IDon'tWinBattles",
    "vanillawook"
  ],
  "log": "|j|\u2606IDon'tWinBattles\n|j|\u2606vanillawook\n|t:|1776403513\n|gametype|doubles\n|player|p1|IDon'tWinBattles|heroine2-conquest|1000\n|player|p2|vanillawook|lucas|1101\n|gen|9\n|tier|[Gen 9 Champions] VGC 2026 Reg M-A\n|rated|\n|rule|Species Clause: Limit one of each Pok\u00e9mon\n|rule|Item Clause: Limit 1 of each item\n|clearpoke\n|poke|p1|Gardevoir, L50, F|\n|poke|p1|Sneasler, L50, F|\n|poke|p1|Farigiraf, L50, M|\n|poke|p1|Kingambit, L50, F|\n|poke|p1|Sinistcha, L50|\n|poke|p1|Meowstic, L50, M|\n|poke|p2|Orthworm, L50, M|\n|poke|p2|Tyranitar, L50, M|\n|poke|p2|Sinistcha, L50|\n|poke|p2|Machamp, L50, F|\n|poke|p2|Slowking-Galar, L50, M|\n|poke|p2|Primarina, L50, M|\n|teampreview|4\n|\n|t:|1776403578\n|teamsize|p1|4\n|teamsize|p2|4\n|start\n|switch|p1a: Sinistcha|Sinistcha, L50|100/100\n|switch|p1b: Gardevoir|Gardevoir, L50, F|100/100\n|switch|p2a: Orthworm|Orthworm, L50, M|100/100\n|switch|p2b: Slowking|Slowking-Galar, L50, M|100/100\n|turn|1\n|\n|t:|1776403599\n|move|p1a: Sinistcha|Rage Powder|p1a: Sinistcha\n|-singleturn|p1a: Sinistcha|move: Rage Powder\n|move|p1b: Gardevoir|Calm Mind|p1b: Gardevoir\n|-boost|p1b: Gardevoir|spa|1\n|-boost|p1b: Gardevoir|spd|1\n|move|p2a: Orthworm|Shed Tail|p2a: Orthworm\n|-start|p2a: Orthworm|Substitute|[from] move: Shed Tail\n|-damage|p2a: Orthworm|50/100\n|-enditem|p2a: Orthworm|Sitrus Berry|[eat]\n|-heal|p2a: Orthworm|75/100|[from] item: Sitrus Berry\n|\n|t:|1776403618\n|switch|p2a: Tyranitar|Tyranitar, L50, M|100/100|[from] Shed Tail\n|-weather|Sandstorm|[from] ability: Sand Stream|[of] p2a: Tyranitar\n|move|p2b: Slowking|Trick Room|p2b: Slowking\n|-fieldstart|move: Trick Room|[of] p2b: Slowking\n|\n|-weather|Sandstorm|[upkeep]\n|-damage|p2b: Slowking|94/100|[from] Sandstorm\n|-damage|p1b: Gardevoir|95/100|[from] Sandstorm\n|-damage|p1a: Sinistcha|94/100|[from] Sandstorm\n|upkeep\n|turn|2\n|\n|t:|1776403650\n|detailschange|p2a: Tyranitar|Tyranitar-Mega, L50, M\n|-mega|p2a: Tyranitar|Tyranitar|Tyranitarite\n|detailschange|p1b: Gardevoir|Gardevoir-Mega, L50, F\n|-mega|p1b: Gardevoir|Gardevoir|Gardevoirite\n|move|p1a: Sinistcha|Rage Powder|p1a: Sinistcha\n|-singleturn|p1a: Sinistcha|move: Rage Powder\n|move|p2b: Slowking|Sludge Bomb|p1a: Sinistcha\n|-damage|p1a: Sinistcha|42/100\n|-status|p1a: Sinistcha|psn\n|move|p2a: Tyranitar|Rock Slide|p1a: Sinistcha|[spread] p1a,p1b\n|-damage|p1a: Sinistcha|7/100 psn\n|-damage|p1b: Gardevoir|39/100\n|move|p1b: Gardevoir|Hyper Voice|p2b: Slowking|[spread] p2a,p2b\n|-supereffective|p2a: Tyranitar|1\n|-resisted|p2b: Slowking|1\n|-damage|p2a: Tyranitar|13/100\n|-damage|p2b: Slowking|58/100\n|\n|-weather|Sandstorm|[upkeep]\n|-damage|p2b: Slowking|52/100|[from] Sandstorm\n|-damage|p1a: Sinistcha|1/100 psn|[from] Sandstorm\n|-damage|p1b: Gardevoir|34/100|[from] Sandstorm\n|-damage|p1a: Sinistcha|0 fnt|[from] psn\n|faint|p1a: Sinistcha\n|upkeep\n|\n|t:|1776403671\n|switch|p1a: Kingambit|Kingambit, L50, F|100/100\n|turn|3\n|\n|t:|1776403686\n|move|p1b: Gardevoir|Protect|p1b: Gardevoir\n|-singleturn|p1b: Gardevoir|Protect\n|move|p2b: Slowking|Psychic|p1b: Gardevoir\n|-activate|p1b: Gardevoir|move: Protect\n|move|p1a: Kingambit|Kowtow Cleave|p2b: Slowking\n|-supereffective|p2b: Slowking|1\n|-damage|p2b: Slowking|0 fnt\n|faint|p2b: Slowking\n|move|p2a: Tyranitar|Rock Slide|p1b: Gardevoir|[spread] \n|-activate|p1b: Gardevoir|move: Protect\n|-miss|p2a: Tyranitar|p1a: Kingambit\n|\n|-weather|Sandstorm|[upkeep]\n|-damage|p1b: Gardevoir|28/100|[from] Sandstorm\n|upkeep\n|\n|t:|1776403705\n|switch|p2b: Orthworm|Orthworm, L50, M|75/100\n|turn|4\n|\n|t:|1776403718\n|move|p1a: Kingambit|Iron Head|p2a: Tyranitar\n|-supereffective|p2a: Tyranitar|1\n|-end|p2a: Tyranitar|Substitute\n|move|p2b: Orthworm|Shed Tail|p2b: Orthworm\n|-start|p2b: Orthworm|Substitute|[from] move: Shed Tail\n|-damage|p2b: Orthworm|25/100\n|\n|t:|1776403724\n|switch|p2b: Primarina|Primarina, L50, M|100/100|[from] Shed Tail\n|move|p2a: Tyranitar|Rock Slide|p1b: Gardevoir|[spread] p1a,p1b\n|-resisted|p1a: Kingambit|1\n|-damage|p1a: Kingambit|87/100\n|-damage|p1b: Gardevoir|0 fnt\n|faint|p1b: Gardevoir\n|\n|-weather|Sandstorm|[upkeep]\n|-damage|p2b: Primarina|95/100|[from] Sandstorm\n|upkeep\n|\n|t:|1776403733\n|switch|p1b: Sneasler|Sneasler, L50, F|100/100\n|turn|5\n|\n|t:|1776403750\n|move|p2a: Tyranitar|Protect|p2a: Tyranitar\n|-singleturn|p2a: Tyranitar|Protect\n|move|p1b: Sneasler|Fake Out|p2a: Tyranitar\n|-activate|p2a: Tyranitar|move: Protect\n|move|p1a: Kingambit|Iron Head|p2b: Primarina\n|-end|p2b: Primarina|Substitute\n|move|p2b: Primarina|Hyper Voice|p1a: Kingambit|[spread] p1a,p1b\n|-damage|p1a: Kingambit|43/100\n|-damage|p1b: Sneasler|41/100\n|\n|-weather|none\n|-fieldend|move: Trick Room\n|upkeep\n|turn|6\n|\n|t:|1776403779\n|move|p1a: Kingambit|Sucker Punch|p2a: Tyranitar\n|-resisted|p2a: Tyranitar|1\n|-damage|p2a: Tyranitar|0 fnt\n|faint|p2a: Tyranitar\n|move|p1b: Sneasler|Dire Claw|p2b: Primarina\n|-supereffective|p2b: Primarina|1\n|-damage|p2b: Primarina|4/100\n|-status|p2b: Primarina|psn\n|move|p2b: Primarina|Dazzling Gleam|p1a: Kingambit|[spread] p1a,p1b\n|-damage|p1a: Kingambit|13/100\n|-damage|p1b: Sneasler|0 fnt\n|faint|p1b: Sneasler\n|\n|-damage|p2b: Primarina|0 fnt|[from] psn\n|faint|p2b: Primarina\n|upkeep\n|\n|t:|1776403795\n|switch|p2b: Orthworm|Orthworm, L50, M|25/100\n|turn|7\n|\n|t:|1776403801\n|move|p1a: Kingambit|Sucker Punch|p2b: Orthworm\n|-damage|p2b: Orthworm|0 fnt\n|faint|p2b: Orthworm\n|\n|win|IDon'tWinBattles\n|raw|IDon&apos;tWinBattles's rating: 1000 &rarr; <strong>1051</strong><br />(+51 for winning)\n|raw|vanillawook's rating: 1101 &rarr; <strong>1069</strong><br />(-32 for losing)\n|l|\u2606vanillawook\n|player|p2|\n|c|\u2606IDon'tWinBattles|gg\n",
  "uploadtime": 1776403813,
  "views": 26,
  "formatid": "gen9championsvgc2026regma",
  "rating": 1051,
  "private": 0,
  "password": null
}