{
  "id": "gen9championsvgc2026regma-2583806928",
  "format": "[Gen 9 Champions] VGC 2026 Reg M-A",
  "players": [
    "CoolTrainerBu",
    "RAGBAG101"
  ],
  "log": "|j|\u2606CoolTrainerBu\n|j|\u2606RAGBAG101\n|t:|1776199104\n|gametype|doubles\n|player|p1|CoolTrainerBu|2|1164\n|player|p2|RAGBAG101|169|1071\n|gen|9\n|tier|[Gen 9 Champions] VGC 2026 Reg M-A\n|rated|\n|rule|Species Clause: Limit one of each Pok\u00e9mon\n|rule|Item Clause: Limit 1 of each item\n|clearpoke\n|poke|p1|Charizard, L50, M|\n|poke|p1|Whimsicott, L50, M|\n|poke|p1|Garchomp, L50, M|\n|poke|p1|Sneasler, L50, M|\n|poke|p1|Maushold, L50|\n|poke|p1|Incineroar, L50, F|\n|poke|p2|Heracross, L50, M|\n|poke|p2|Maushold, L50|\n|poke|p2|Incineroar, L50, F|\n|poke|p2|Cofagrigus, L50, F|\n|poke|p2|Talonflame, L50, F|\n|poke|p2|Golurk, L50|\n|teampreview|4\n|inactive|Battle timer is ON: inactive players will automatically lose when time's up. (requested by RAGBAG101)\n|\n|t:|1776199163\n|teamsize|p1|4\n|teamsize|p2|4\n|start\n|switch|p1a: Incineroar|Incineroar, L50, F|100/100\n|switch|p1b: Charizard|Charizard, L50, M|100/100\n|switch|p2a: Heracross|Heracross, L50, M|100/100\n|switch|p2b: Incineroar|Incineroar, L50, F|100/100\n|-ability|p1a: Incineroar|Intimidate|boost\n|-unboost|p2a: Heracross|atk|1\n|-unboost|p2b: Incineroar|atk|1\n|-ability|p2b: Incineroar|Intimidate|boost\n|-unboost|p1a: Incineroar|atk|1\n|-unboost|p1b: Charizard|atk|1\n|turn|1\n|inactive|CoolTrainerBu has 30 seconds left.\n|\n|t:|1776199192\n|detailschange|p2a: Heracross|Heracross-Mega, L50, M\n|-mega|p2a: Heracross|Heracross|Heracronite\n|move|p1b: Charizard|Protect|p1b: Charizard\n|-singleturn|p1b: Charizard|Protect\n|move|p1a: Incineroar|Fake Out|p2a: Heracross\n|-damage|p2a: Heracross|94/100\n|move|p2b: Incineroar|Fake Out|p1b: Charizard\n|-activate|p1b: Charizard|move: Protect\n|cant|p2a: Heracross|flinch\n|\n|upkeep\n|turn|2\n|inactive|CoolTrainerBu has 30 seconds left.\n|inactive|CoolTrainerBu has 20 seconds left.\n|\n|t:|1776199229\n|switch|p2a: Cofagrigus|Cofagrigus, L50, F|100/100\n|switch|p2b: Maushold|Maushold, L50|100/100\n|detailschange|p1b: Charizard|Charizard-Mega-Y, L50, M\n|-mega|p1b: Charizard|Charizard|Charizardite Y\n|-weather|SunnyDay|[from] ability: Drought|[of] p1b: Charizard\n|move|p1b: Charizard|Heat Wave|p2a: Cofagrigus|[spread] p2a,p2b\n|-damage|p2a: Cofagrigus|60/100\n|-damage|p2b: Maushold|20/100\n|-status|p2a: Cofagrigus|brn\n|move|p1a: Incineroar|Flare Blitz|p2b: Maushold\n|-damage|p2b: Maushold|0 fnt\n|faint|p2b: Maushold\n|-damage|p1a: Incineroar|95/100|[from] Recoil\n|\n|-weather|SunnyDay|[upkeep]\n|-damage|p2a: Cofagrigus|54/100 brn|[from] brn\n|upkeep\n|\n|t:|1776199239\n|switch|p2b: Incineroar|Incineroar, L50, F|100/100\n|-ability|p2b: Incineroar|Intimidate|boost\n|-unboost|p1a: Incineroar|atk|1\n|-unboost|p1b: Charizard|atk|1\n|turn|3\n|\n|t:|1776199254\n|move|p1b: Charizard|Protect|p1b: Charizard\n|-singleturn|p1b: Charizard|Protect\n|move|p2b: Incineroar|Fake Out|p1b: Charizard\n|-activate|p1b: Charizard|move: Protect\n|move|p1a: Incineroar|Parting Shot|p2b: Incineroar\n|-unboost|p2b: Incineroar|atk|1\n|-unboost|p2b: Incineroar|spa|1\n|\n|t:|1776199264\n|switch|p1a: Whimsicott|Whimsicott, L50, M|100/100|[from] Parting Shot\n|move|p2a: Cofagrigus|Trick Room|p2a: Cofagrigus\n|-fieldstart|move: Trick Room|[of] p2a: Cofagrigus\n|\n|-weather|SunnyDay|[upkeep]\n|-damage|p2a: Cofagrigus|48/100 brn|[from] brn\n|upkeep\n|turn|4\n|inactive|CoolTrainerBu has 30 seconds left.\n|\n|t:|1776199290\n|move|p1a: Whimsicott|Encore|p2a: Cofagrigus\n|-start|p2a: Cofagrigus|Encore\n|move|p2b: Incineroar|Flare Blitz|p1a: Whimsicott\n|-supereffective|p1a: Whimsicott|1\n|-enditem|p1a: Whimsicott|Focus Sash\n|-damage|p1a: Whimsicott|1/100\n|-damage|p2b: Incineroar|78/100|[from] Recoil\n|move|p1b: Charizard|Heat Wave|p2a: Cofagrigus|[spread] p2a,p2b\n|-resisted|p2b: Incineroar|1\n|-damage|p2a: Cofagrigus|0 fnt\n|-damage|p2b: Incineroar|51/100\n|faint|p2a: Cofagrigus\n|\n|-weather|SunnyDay|[upkeep]\n|-heal|p2b: Incineroar|57/100|[from] item: Leftovers\n|upkeep\n|\n|t:|1776199300\n|switch|p2a: Heracross|Heracross-Mega, L50, M|94/100\n|turn|5\n|\n|t:|1776199319\n|switch|p1b: Garchomp|Garchomp, L50, M|100/100\n|switch|p1a: Incineroar|Incineroar, L50, F|95/100\n|-ability|p1a: Incineroar|Intimidate|boost\n|-unboost|p2a: Heracross|atk|1\n|-unboost|p2b: Incineroar|atk|1\n|move|p2b: Incineroar|Snarl|p1a: Incineroar|[spread] p1a,p1b\n|-resisted|p1a: Incineroar|1\n|-damage|p1a: Incineroar|91/100\n|-damage|p1b: Garchomp|91/100\n|-unboost|p1a: Incineroar|spa|1\n|-unboost|p1b: Garchomp|spa|1\n|move|p2a: Heracross|Rock Blast|p1b: Garchomp\n|-resisted|p1b: Garchomp|1\n|-damage|p1b: Garchomp|86/100\n|-resisted|p1b: Garchomp|1\n|-damage|p1b: Garchomp|83/100\n|-resisted|p1b: Garchomp|1\n|-damage|p1b: Garchomp|79/100\n|-resisted|p1b: Garchomp|1\n|-damage|p1b: Garchomp|75/100\n|-resisted|p1b: Garchomp|1\n|-damage|p1b: Garchomp|71/100\n|-hitcount|p1b: Garchomp|5\n|\n|-weather|SunnyDay|[upkeep]\n|-heal|p2b: Incineroar|63/100|[from] item: Leftovers\n|upkeep\n|turn|6\n|-message|RAGBAG101 forfeited.\n|l|\u2606RAGBAG101\n|inactive|RAGBAG101 disconnected and has a minute to reconnect!\n|player|p2|\n|\n|win|CoolTrainerBu\n|raw|CoolTrainerBu's rating: 1164 &rarr; <strong>1182</strong><br />(+18 for winning)\n|raw|RAGBAG101's rating: 1071 &rarr; <strong>1056</strong><br />(-15 for losing)\n|l|\u2606CoolTrainerBu\n|player|p1|\n",
  "uploadtime": 1776199421,
  "views": 16,
  "formatid": "gen9championsvgc2026regma",
  "rating": 1056,
  "private": 0,
  "password": null
}