{
  "id": "gen9championsvgc2026regma-2581045533",
  "format": "[Gen 9 Champions] VGC 2026 Reg M-A",
  "players": [
    "PyroPeepo",
    "alkdfe"
  ],
  "log": "|j|\u2606PyroPeepo\n|j|\u2606alkdfe\n|t:|1775954734\n|gametype|doubles\n|player|p1|PyroPeepo|wattson|1033\n|player|p2|alkdfe|elesa|1000\n|gen|9\n|tier|[Gen 9 Champions] VGC 2026 Reg M-A\n|rated|\n|rule|Species Clause: Limit one of each Pok\u00e9mon\n|rule|Item Clause: Limit 1 of each item\n|clearpoke\n|poke|p1|Whimsicott, L50, M|\n|poke|p1|Hawlucha, L50, M|\n|poke|p1|Vanilluxe, L50, F|\n|poke|p1|Aegislash, L50, F|\n|poke|p1|Rotom-Wash, L50|\n|poke|p1|Sinistcha, L50|\n|poke|p2|Charizard, L50, M|\n|poke|p2|Sinistcha, L50|\n|poke|p2|Garchomp, L50, M|\n|poke|p2|Incineroar, L50, F|\n|poke|p2|Kingambit, L50, M|\n|poke|p2|Palafin, L50, F|\n|teampreview|4\n|inactive|Battle timer is ON: inactive players will automatically lose when time's up. (requested by PyroPeepo)\n|inactive|alkdfe has 60 seconds left.\n|\n|t:|1775954787\n|teamsize|p1|4\n|teamsize|p2|4\n|start\n|switch|p1a: The Friend|Whimsicott, L50, M, shiny|100/100\n|switch|p1b: The Cage|Hawlucha, L50, M, shiny|100/100\n|switch|p2a: Charizard|Charizard, L50, M|100/100\n|switch|p2b: Garchomp|Garchomp, L50, M|100/100\n|-ability|p1b: The Cage|Mold Breaker\n|turn|1\n|inactive|PyroPeepo has 30 seconds left.\n|inactive|alkdfe has 30 seconds left.\n|\n|t:|1775954819\n|detailschange|p2a: Charizard|Charizard-Mega-Y, L50, M\n|-mega|p2a: Charizard|Charizard|Charizardite Y\n|-weather|SunnyDay|[from] ability: Drought|[of] p2a: Charizard\n|detailschange|p1b: The Cage|Hawlucha-Mega, L50, M, shiny\n|-mega|p1b: The Cage|Hawlucha|Hawluchanite\n|move|p1b: The Cage|Protect|p1b: The Cage\n|-singleturn|p1b: The Cage|Protect\n|move|p1a: The Friend|Tailwind|p1a: The Friend\n|-sidestart|p1: PyroPeepo|move: Tailwind\n|move|p2b: Garchomp|Rock Slide|p1b: The Cage|[spread] p1a\n|-activate|p1b: The Cage|move: Protect\n|-damage|p1a: The Friend|77/100\n|move|p2a: Charizard|Heat Wave|p1b: The Cage|[spread] p1a\n|-activate|p1b: The Cage|move: Protect\n|-supereffective|p1a: The Friend|1\n|-damage|p1a: The Friend|0 fnt\n|faint|p1a: The Friend\n|\n|-weather|SunnyDay|[upkeep]\n|upkeep\n|\n|t:|1775954841\n|switch|p1a: The Ring|Vanilluxe, L50, F, shiny|100/100\n|-weather|Snowscape|[from] ability: Snow Warning|[of] p1a: The Ring\n|turn|2\n|\n|t:|1775954863\n|move|p1b: The Cage|Entrainment|p1a: The Ring\n|-ability|p1a: The Ring|No Guard|Snow Warning|[from] move: Entrainment|[of] p1b: The Cage\n|move|p2b: Garchomp|Rock Slide|p1a: The Ring|[spread] p1a,p1b\n|-supereffective|p1a: The Ring|1\n|-damage|p1a: The Ring|77/100\n|-damage|p1b: The Cage|80/100\n|move|p1a: The Ring|Sheer Cold|p2b: Garchomp\n|-damage|p2b: Garchomp|0 fnt\n|faint|p2b: Garchomp\n|-ohko\n|move|p2a: Charizard|Overheat|p1a: The Ring\n|-supereffective|p1a: The Ring|1\n|-damage|p1a: The Ring|0 fnt\n|-unboost|p2a: Charizard|spa|2\n|faint|p1a: The Ring\n|\n|-weather|Snowscape|[upkeep]\n|upkeep\n|\n|t:|1775954885\n|switch|p2b: Sinistcha|Sinistcha, L50|100/100\n|switch|p1a: The Vessel|Rotom-Wash, L50, shiny|100/100\n|turn|3\n|inactive|PyroPeepo has 30 seconds left.\n|inactive|PyroPeepo has 20 seconds left.\n|inactive|PyroPeepo has 15 seconds left.\n|\n|t:|1775954925\n|switch|p2a: Kingambit|Kingambit, L50, M|100/100\n|move|p1a: The Vessel|Hydro Pump|p2a: Kingambit\n|-damage|p2a: Kingambit|55/100\n|move|p1b: The Cage|Air Slash|p2b: Sinistcha\n|-supereffective|p2b: Sinistcha|1\n|-damage|p2b: Sinistcha|53/100\n|move|p2b: Sinistcha|Trick Room|p2b: Sinistcha\n|-fieldstart|move: Trick Room|[of] p2b: Sinistcha\n|\n|-weather|Snowscape|[upkeep]\n|upkeep\n|turn|4\n|inactive|alkdfe has 30 seconds left.\n|\n|t:|1775954955\n|move|p2b: Sinistcha|Rage Powder|p2b: Sinistcha\n|-singleturn|p2b: Sinistcha|move: Rage Powder\n|move|p2a: Kingambit|Swords Dance|p2a: Kingambit\n|-boost|p2a: Kingambit|atk|2\n|move|p1b: The Cage|Air Slash|p2b: Sinistcha\n|-supereffective|p2b: Sinistcha|1\n|-crit|p2b: Sinistcha\n|-damage|p2b: Sinistcha|0 fnt\n|faint|p2b: Sinistcha\n|move|p1a: The Vessel|Hydro Pump|p2a: Kingambit|[miss]\n|-miss|p1a: The Vessel|p2a: Kingambit\n|\n|-weather|Snowscape|[upkeep]\n|-sideend|p1: PyroPeepo|move: Tailwind\n|upkeep\n|\n|t:|1775954967\n|switch|p2b: Charizard|Charizard-Mega-Y, L50, M|100/100\n|-weather|SunnyDay|[from] ability: Drought|[of] p2b: Charizard\n|turn|5\n|\n|t:|1775954976\n|move|p2a: Kingambit|Kowtow Cleave|p1a: The Vessel\n|-damage|p1a: The Vessel|0 fnt\n|faint|p1a: The Vessel\n|move|p1b: The Cage|High Jump Kick|p2a: Kingambit\n|-supereffective|p2a: Kingambit|2\n|-enditem|p2a: Kingambit|Chople Berry|[eat]\n|-enditem|p2a: Kingambit|Chople Berry|[weaken]\n|-damage|p2a: Kingambit|0 fnt\n|faint|p2a: Kingambit\n|move|p2b: Charizard|Overheat|p1b: The Cage\n|-damage|p1b: The Cage|0 fnt\n|-unboost|p2b: Charizard|spa|2\n|faint|p1b: The Cage\n|\n|win|alkdfe\n|raw|PyroPeepo's rating: 1033 &rarr; <strong>1017</strong><br />(-16 for losing)\n|raw|alkdfe's rating: 1000 &rarr; <strong>1044</strong><br />(+44 for winning)\n|l|\u2606PyroPeepo\n|player|p1|\n",
  "uploadtime": 1775955008,
  "views": 11,
  "formatid": "gen9championsvgc2026regma",
  "rating": 1017,
  "private": 0,
  "password": null
}