{
  "id": "gen9championsvgc2026regma-2587804871",
  "format": "[Gen 9 Champions] VGC 2026 Reg M-A",
  "players": [
    "ub student",
    "BossgodoraII"
  ],
  "log": "|j|\u2606ub student\n|j|\u2606BossgodoraII\n|t:|1776565748\n|gametype|doubles\n|player|p1|ub student|101|1498\n|player|p2|BossgodoraII|gentleman-gen4|1480\n|gen|9\n|tier|[Gen 9 Champions] VGC 2026 Reg M-A\n|rated|\n|rule|Species Clause: Limit one of each Pok\u00e9mon\n|rule|Item Clause: Limit 1 of each item\n|clearpoke\n|poke|p1|Floette-Eternal, L50, F|\n|poke|p1|Talonflame, L50, M|\n|poke|p1|Basculegion, L50, M|\n|poke|p1|Garchomp, L50, M|\n|poke|p1|Rotom-Wash, L50|\n|poke|p1|Kingambit, L50, F|\n|poke|p2|Delphox, L50, F|\n|poke|p2|Floette-Eternal, L50, F|\n|poke|p2|Sneasler, L50, M|\n|poke|p2|Aerodactyl, L50, F|\n|poke|p2|Garchomp, L50, F|\n|poke|p2|Kingambit, L50, M|\n|teampreview|4\nBossgodoraII rejected open team sheets.\n|inactive|Battle timer is ON: inactive players will automatically lose when time's up. (requested by BossgodoraII)\n|\n|t:|1776565768\n|teamsize|p1|4\n|teamsize|p2|4\n|start\n|switch|p1a: Talonflame|Talonflame, L50, M|100/100\n|switch|p1b: Basculegion|Basculegion, L50, M|100/100\n|switch|p2a: Aerodactyl|Aerodactyl, L50, F|100/100\n|switch|p2b: Sneasler|Sneasler, L50, M|100/100\n|-ability|p2a: Aerodactyl|Unnerve\n|turn|1\n|\n|t:|1776565792\n|move|p1a: Talonflame|Protect|p1a: Talonflame\n|-singleturn|p1a: Talonflame|Protect\n|move|p2b: Sneasler|Protect|p2b: Sneasler\n|-singleturn|p2b: Sneasler|Protect\n|move|p1b: Basculegion|Flip Turn|p2a: Aerodactyl\n|-supereffective|p2a: Aerodactyl|1\n|-enditem|p2a: Aerodactyl|Focus Sash\n|-damage|p2a: Aerodactyl|1/100\n|\n|t:|1776565807\n|switch|p1b: Garchomp|Garchomp, L50, M|100/100|[from] Flip Turn\n|move|p2a: Aerodactyl|Tailwind|p2a: Aerodactyl\n|-sidestart|p2: BossgodoraII|move: Tailwind\n|\n|upkeep\n|turn|2\n|\n|t:|1776565814\n|move|p1a: Talonflame|Feint|p2a: Aerodactyl\n|-resisted|p2a: Aerodactyl|1\n|-damage|p2a: Aerodactyl|0 fnt\n|faint|p2a: Aerodactyl\n|move|p2b: Sneasler|Close Combat|p1b: Garchomp\n|-damage|p1b: Garchomp|47/100\n|-unboost|p2b: Sneasler|def|1\n|-unboost|p2b: Sneasler|spd|1\n|-damage|p2b: Sneasler|89/100|[from] ability: Rough Skin|[of] p1b: Garchomp\n|-enditem|p2b: Sneasler|White Herb\n|-clearnegativeboost|p2b: Sneasler|[silent]\n|move|p1b: Garchomp|Earthquake|p2b: Sneasler|[spread] p2b\n|-immune|p1a: Talonflame\n|-supereffective|p2b: Sneasler|1\n|-damage|p2b: Sneasler|0 fnt\n|faint|p2b: Sneasler\n|\n|upkeep\n|\n|t:|1776565819\n|switch|p2a: Floette|Floette-Eternal, L50, F|100/100\n|switch|p2b: Kingambit|Kingambit, L50, M|100/100\n|turn|3\n|j| visael mk. II\n|\n|t:|1776565843\n|detailschange|p2a: Floette|Floette-Mega, L50, F\n|-mega|p2a: Floette|Floette|Floettite\n|-ability|p2a: Floette|Fairy Aura\n|move|p1a: Talonflame|Tailwind|p1a: Talonflame\n|-sidestart|p1: ub student|move: Tailwind\n|move|p2b: Kingambit|Sucker Punch|p1b: Garchomp\n|-damage|p1b: Garchomp|0 fnt\n|-damage|p2b: Kingambit|88/100|[from] ability: Rough Skin|[of] p1b: Garchomp\n|faint|p1b: Garchomp\n|move|p2a: Floette|Moonblast|p1a: Talonflame\n|-resisted|p1a: Talonflame|1\n|-damage|p1a: Talonflame|37/100\n|\n|upkeep\n|\n|t:|1776565855\n|switch|p1b: Floette|Floette-Eternal, L50, F|100/100\n|turn|4\n|\n|t:|1776565862\n|detailschange|p1b: Floette|Floette-Mega, L50, F\n|-mega|p1b: Floette|Floette|Floettite\n|-ability|p1b: Floette|Fairy Aura\n|move|p1a: Talonflame|Feint|p2b: Kingambit\n|-resisted|p2b: Kingambit|1\n|-damage|p2b: Kingambit|86/100\n|move|p2b: Kingambit|Sucker Punch||[still]\n|-fail|p2b: Kingambit\n|move|p1b: Floette|Light of Ruin|p2b: Kingambit|[miss]\n|-miss|p1b: Floette|p2b: Kingambit\n|move|p2a: Floette|Moonblast|p1b: Floette\n|-damage|p1b: Floette|41/100\n|\n|-sideend|p2: BossgodoraII|move: Tailwind\n|upkeep\n|turn|5\n|j| sammap\n|\n|t:|1776565876\n|move|p1a: Talonflame|Feint|p2b: Kingambit\n|-resisted|p2b: Kingambit|1\n|-damage|p2b: Kingambit|83/100\n|move|p2b: Kingambit|Sucker Punch|p1b: Floette\n|-resisted|p1b: Floette|1\n|-damage|p1b: Floette|17/100\n|move|p1b: Floette|Light of Ruin|p2b: Kingambit\n|-damage|p2b: Kingambit|0 fnt\n|faint|p2b: Kingambit\n|-damage|p1b: Floette|0 fnt|[from] Recoil\n|faint|p1b: Floette\n|move|p2a: Floette|Dazzling Gleam|p1a: Talonflame\n|-resisted|p1a: Talonflame|1\n|-damage|p1a: Talonflame|0 fnt\n|faint|p1a: Talonflame\n|\n|upkeep\n|\n|t:|1776565884\n|switch|p1b: Basculegion|Basculegion, L50, M|100/100\n|turn|6\n|\n|t:|1776565893\n|move|p2a: Floette|Protect|p2a: Floette\n|-singleturn|p2a: Floette|Protect\n|move|p1b: Basculegion|Last Respects|p2a: Floette\n|-activate|p2a: Floette|move: Protect\n|\n|-sideend|p1: ub student|move: Tailwind\n|upkeep\n|turn|7\n|\n|t:|1776565901\n|move|p1b: Basculegion|Last Respects|p2a: Floette\n|-damage|p2a: Floette|0 fnt\n|faint|p2a: Floette\n|\n|win|ub student\n|raw|ub student's rating: 1498 &rarr; <strong>1517</strong><br />(+19 for winning)\n|raw|BossgodoraII's rating: 1480 &rarr; <strong>1461</strong><br />(-19 for losing)\n|l|\u2606BossgodoraII\n|player|p2|\n|l| visael mk. II\n|l|\u2606ub student\n|player|p1|\n",
  "uploadtime": 1776565937,
  "views": 14,
  "formatid": "gen9championsvgc2026regma",
  "rating": 1461,
  "private": 0,
  "password": null
}