{
  "id": "gen9championsvgc2026regma-2581457406",
  "format": "[Gen 9 Champions] VGC 2026 Reg M-A",
  "players": [
    "pokeOpposition",
    "Rectrain3r"
  ],
  "log": "|j|\u2606pokeOpposition\n|j|\u2606Rectrain3r\n|t:|1776002297\n|gametype|doubles\n|player|p1|pokeOpposition|fisherman-gen4|1100\n|player|p2|Rectrain3r|265|1036\n|gen|9\n|tier|[Gen 9 Champions] VGC 2026 Reg M-A\n|rated|\n|rule|Species Clause: Limit one of each Pok\u00e9mon\n|rule|Item Clause: Limit 1 of each item\n|clearpoke\n|poke|p1|Gengar, L50, M|\n|poke|p1|Whimsicott, L50, M|\n|poke|p1|Incineroar, L50, M|\n|poke|p1|Sneasler, L50, M|\n|poke|p1|Politoed, L50, F|\n|poke|p1|Talonflame, L50, F|\n|poke|p2|Aegislash, L50, M|\n|poke|p2|Feraligatr, L50, M|\n|poke|p2|Gallade, L50, M|\n|poke|p2|Glimmora, L50, F|\n|poke|p2|Volcarona, L50, M|\n|poke|p2|Sylveon, L50, F|\n|teampreview|4\n|inactive|Battle timer is ON: inactive players will automatically lose when time's up. (requested by Rectrain3r)\n|\n|t:|1776002319\n|teamsize|p1|4\n|teamsize|p2|4\n|start\n|switch|p1a: Gengar|Gengar, L50, M, shiny|100/100\n|switch|p1b: Incineroar|Incineroar, L50, M|100/100\n|switch|p2a: Glimmora|Glimmora, L50, F, shiny|100/100\n|switch|p2b: Feraligatr|Feraligatr, L50, M, shiny|100/100\n|-ability|p1b: Incineroar|Intimidate|boost\n|-unboost|p2a: Glimmora|atk|1\n|-unboost|p2b: Feraligatr|atk|1\n|turn|1\n|l|\u2606pokeOpposition\n|inactive|pokeOpposition disconnected and has a minute to reconnect!\n|player|p1|\n|inactive|pokeOpposition has 30 seconds left.\n|inactive|pokeOpposition has 20 seconds left.\n|j|\u2606pokeOpposition\n|inactive|pokeOpposition reconnected and has 20 seconds left.\n|player|p1|pokeOpposition|fisherman-gen4|\n|inactive|pokeOpposition has 15 seconds left.\n|inactive|pokeOpposition has 10 seconds left.\n|\n|t:|1776002365\n|switch|p2b: Sylveon|Sylveon, L50, F, shiny|100/100\n|detailschange|p1a: Gengar|Gengar-Mega, L50, M, shiny\n|-mega|p1a: Gengar|Gengar|Gengarite\n|move|p1a: Gengar|Perish Song|p1a: Gengar\n|-start|p1a: Gengar|perish3|[silent]\n|-start|p1b: Incineroar|perish3|[silent]\n|-start|p2a: Glimmora|perish3|[silent]\n|-start|p2b: Sylveon|perish3|[silent]\n|-fieldactivate|move: Perish Song\n|move|p2a: Glimmora|Stealth Rock|p1a: Gengar\n|-sidestart|p1: pokeOpposition|move: Stealth Rock\n|move|p1b: Incineroar|Parting Shot|p2a: Glimmora\n|-unboost|p2a: Glimmora|atk|1\n|-unboost|p2a: Glimmora|spa|1\n|\n|t:|1776002382\n|switch|p1b: Sneasler|Sneasler, L50, M, shiny|100/100|[from] Parting Shot\n|-damage|p1b: Sneasler|95/100|[from] Stealth Rock\n|\n|-start|p1a: Gengar|perish3\n|-start|p2a: Glimmora|perish3\n|-start|p2b: Sylveon|perish3\n|upkeep\n|turn|2\n|inactive|pokeOpposition has 30 seconds left.\n|inactive|pokeOpposition has 20 seconds left.\n|\n|t:|1776002421\n|move|p2a: Glimmora|Spiky Shield|p2a: Glimmora\n|-singleturn|p2a: Glimmora|move: Protect\n|move|p1b: Sneasler|Fake Out|p2b: Sylveon\n|-damage|p2b: Sylveon|83/100\n|move|p1a: Gengar|Sludge Bomb|p2b: Sylveon\n|-supereffective|p2b: Sylveon|1\n|-damage|p2b: Sylveon|6/100\n|cant|p2b: Sylveon|flinch\n|\n|-start|p1a: Gengar|perish2\n|-start|p2a: Glimmora|perish2\n|-start|p2b: Sylveon|perish2\n|upkeep\n|turn|3\n|\n|t:|1776002440\n|switch|p1b: Incineroar|Incineroar, L50, M|100/100\n|-damage|p1b: Incineroar|76/100|[from] Stealth Rock\n|-ability|p1b: Incineroar|Intimidate|boost\n|-unboost|p2a: Glimmora|atk|1\n|-unboost|p2b: Sylveon|atk|1\n|move|p1a: Gengar|Protect|p1a: Gengar\n|-singleturn|p1a: Gengar|Protect\n|move|p2a: Glimmora|Mortal Spin|p1a: Gengar|[spread] p1b\n|-activate|p1a: Gengar|move: Protect\n|-damage|p1b: Incineroar|74/100\n|-status|p1b: Incineroar|psn\n|move|p2b: Sylveon|Psychic|p1a: Gengar\n|-activate|p1a: Gengar|move: Protect\n|\n|-damage|p1b: Incineroar|62/100 psn|[from] psn\n|-start|p1a: Gengar|perish1\n|-start|p2a: Glimmora|perish1\n|-start|p2b: Sylveon|perish1\n|upkeep\n|turn|4\n|inactive|Rectrain3r has 30 seconds left.\n|\n|t:|1776002469\n|switch|p1a: Whimsicott|Whimsicott, L50, M, shiny|100/100\n|-damage|p1a: Whimsicott|89/100|[from] Stealth Rock\n|move|p2a: Glimmora|Mortal Spin|p1a: Whimsicott|[spread] p1a,p1b\n|-supereffective|p1a: Whimsicott|2\n|-damage|p1a: Whimsicott|79/100\n|-damage|p1b: Incineroar|60/100 psn\n|-status|p1a: Whimsicott|psn\n|move|p1b: Incineroar|Parting Shot|p2a: Glimmora\n|-unboost|p2a: Glimmora|atk|1\n|-unboost|p2a: Glimmora|spa|1\n|\n|t:|1776002482\n|switch|p1b: Sneasler|Sneasler, L50, M, shiny|95/100|[from] Parting Shot\n|-damage|p1b: Sneasler|89/100|[from] Stealth Rock\n|move|p2b: Sylveon|Psychic|p1a: Whimsicott\n|-damage|p1a: Whimsicott|40/100 psn\n|-heal|p2b: Sylveon|10/100|[from] item: Shell Bell|[of] p1a: Whimsicott\n|\n|-damage|p1a: Whimsicott|28/100 psn|[from] psn\n|-start|p2a: Glimmora|perish0\n|-start|p2b: Sylveon|perish0\n|faint|p2a: Glimmora\n|faint|p2b: Sylveon\n|upkeep\n|\n|t:|1776002497\n|switch|p2a: Aegislash|Aegislash, L50, M, shiny|100/100\n|switch|p2b: Feraligatr|Feraligatr, L50, M, shiny|100/100\n|turn|5\n|\n|t:|1776002520\n|detailschange|p2b: Feraligatr|Feraligatr-Mega, L50, M, shiny\n|-mega|p2b: Feraligatr|Feraligatr|Feraligite\n|move|p1b: Sneasler|Fake Out|p2b: Feraligatr\n|-damage|p2b: Feraligatr|86/100\n|move|p1a: Whimsicott|Fake Tears|p2b: Feraligatr\n|-unboost|p2b: Feraligatr|spd|2\n|cant|p2b: Feraligatr|flinch\n|-formechange|p2a: Aegislash|Aegislash-Blade|\n|move|p2a: Aegislash|Gyro Ball|p1b: Sneasler\n|-damage|p1b: Sneasler|25/100\n|\n|-damage|p1a: Whimsicott|16/100 psn|[from] psn\n|upkeep\n|turn|6\n|\n|t:|1776002537\n|switch|p1b: Incineroar|Incineroar, L50, M|60/100 psn\n|-damage|p1b: Incineroar|36/100 psn|[from] Stealth Rock\n|-ability|p1b: Incineroar|Intimidate|boost\n|-unboost|p2a: Aegislash|atk|1\n|-unboost|p2b: Feraligatr|atk|1\n|-enditem|p1b: Incineroar|Sitrus Berry|[eat]\n|-heal|p1b: Incineroar|60/100 psn|[from] item: Sitrus Berry\n|-formechange|p2a: Aegislash|Aegislash|\n|move|p2a: Aegislash|King's Shield|p2a: Aegislash\n|-singleturn|p2a: Aegislash|Protect\n|move|p1a: Whimsicott|Moonblast|p2b: Feraligatr\n|-supereffective|p2b: Feraligatr|1\n|-damage|p2b: Feraligatr|0 fnt\n|faint|p2b: Feraligatr\n|\n|-damage|p1a: Whimsicott|4/100 psn|[from] psn\n|-damage|p1b: Incineroar|48/100 psn|[from] psn\n|upkeep\n|turn|7\n|inactive|pokeOpposition has 30 seconds left.\n|inactive|Rectrain3r has 30 seconds left.\n|\n|t:|1776002564\n|switch|p1b: Gengar|Gengar-Mega, L50, M, shiny|100/100\n|-damage|p1b: Gengar|89/100|[from] Stealth Rock\n|move|p1a: Whimsicott|Encore|p2a: Aegislash\n|-start|p2a: Aegislash|Encore\n|move|p2a: Aegislash|King's Shield||[still]\n|-fail|p2a: Aegislash\n|\n|-damage|p1a: Whimsicott|0 fnt|[from] psn\n|faint|p1a: Whimsicott\n|upkeep\n|-message|Rectrain3r forfeited.\n|\n|win|pokeOpposition\n|raw|pokeOpposition's rating: 1100 &rarr; <strong>1120</strong><br />(+20 for winning)\n|raw|Rectrain3r's rating: 1036 &rarr; <strong>1023</strong><br />(-13 for losing)\n|l|\u2606Rectrain3r\n|player|p2|\n",
  "uploadtime": 1776002584,
  "views": 19,
  "formatid": "gen9championsvgc2026regma",
  "rating": 1023,
  "private": 0,
  "password": null
}