{
  "id": "gen9championsvgc2026regma-2583939451",
  "format": "[Gen 9 Champions] VGC 2026 Reg M-A",
  "players": [
    "GengarxVGC",
    "LittleMungil"
  ],
  "log": "|j|\u2606GengarxVGC\n|j|\u2606LittleMungil\n|t:|1776210085\n|gametype|doubles\n|player|p1|GengarxVGC|zinzolin|1000\n|player|p2|LittleMungil|101|1094\n|gen|9\n|tier|[Gen 9 Champions] VGC 2026 Reg M-A\n|rated|\n|rule|Species Clause: Limit one of each Pok\u00e9mon\n|rule|Item Clause: Limit 1 of each item\n|clearpoke\n|poke|p1|Gengar, L50, F|\n|poke|p1|Tyranitar, L50, M|\n|poke|p1|Excadrill, L50, F|\n|poke|p1|Kommo-o, L50, F|\n|poke|p1|Sinistcha, L50|\n|poke|p1|Incineroar, L50, M|\n|poke|p2|Meganium, L50, F|\n|poke|p2|Weavile, L50, M|\n|poke|p2|Incineroar, L50, M|\n|poke|p2|Mamoswine, L50, F|\n|poke|p2|Froslass, L50, F|\n|poke|p2|Pelipper, L50, M|\n|teampreview|4\nGengarxVGC has agreed to open team sheets.\nLittleMungil rejected open team sheets.\n|\n|t:|1776210133\n|teamsize|p1|4\n|teamsize|p2|4\n|start\n|switch|p1a: Tyranitar|Tyranitar, L50, M|100/100\n|switch|p1b: Excadrill|Excadrill, L50, F, shiny|100/100\n|switch|p2a: Weavile|Weavile, L50, M, shiny|100/100\n|switch|p2b: Meganium|Meganium, L50, F, shiny|100/100\n|-ability|p2a: Weavile|Pressure\n|-weather|Sandstorm|[from] ability: Sand Stream|[of] p1a: Tyranitar\n|turn|1\n|inactive|Battle timer is ON: inactive players will automatically lose when time's up. (requested by GengarxVGC)\n|inactive|LittleMungil has 60 seconds left.\n|inactive|GengarxVGC has 60 seconds left.\n|\n|t:|1776210197\n|detailschange|p2b: Meganium|Meganium-Mega, L50, F, shiny\n|-mega|p2b: Meganium|Meganium|Meganiumite\n|move|p2a: Weavile|Fake Out|p1b: Excadrill\n|-resisted|p1b: Excadrill|1\n|-damage|p1b: Excadrill|91/100\n|cant|p1b: Excadrill|flinch\n|move|p2b: Meganium|Solar Beam||[still]\n|-prepare|p2b: Meganium|Solar Beam\n|-activate|p2b: Meganium|ability: Mega Sol\n|-anim|p2b: Meganium|Solar Beam|p1a: Tyranitar\n|-supereffective|p1a: Tyranitar|1\n|-damage|p1a: Tyranitar|0 fnt\n|faint|p1a: Tyranitar\n|\n|-weather|Sandstorm|[upkeep]\n|-damage|p2a: Weavile|94/100|[from] Sandstorm\n|-damage|p2b: Meganium|95/100|[from] Sandstorm\n|upkeep\n|\n|t:|1776210218\n|switch|p1a: Gengar|Gengar, L50, F, shiny|100/100\n|turn|2\n|inactive|GengarxVGC has 30 seconds left.\n|inactive|LittleMungil has 30 seconds left.\n|\n|t:|1776210252\n|switch|p2a: Mamoswine|Mamoswine, L50, F, shiny|100/100\n|detailschange|p1a: Gengar|Gengar-Mega, L50, F, shiny\n|-mega|p1a: Gengar|Gengar|Gengarite\n|move|p1b: Excadrill|Iron Head|p2b: Meganium\n|-supereffective|p2b: Meganium|1\n|-damage|p2b: Meganium|0 fnt\n|faint|p2b: Meganium\n|move|p1a: Gengar|Sludge Bomb|p2a: Mamoswine\n|-resisted|p2a: Mamoswine|1\n|-damage|p2a: Mamoswine|61/100\n|\n|-weather|Sandstorm|[upkeep]\n|-damage|p1a: Gengar|95/100|[from] Sandstorm\n|upkeep\n|\n|t:|1776210270\n|switch|p2b: Froslass|Froslass, L50, F, shiny|100/100\n|turn|3\n|\n|t:|1776210290\n|move|p1a: Gengar|Protect|p1a: Gengar\n|-singleturn|p1a: Gengar|Protect\n|move|p1b: Excadrill|Iron Head|p2a: Mamoswine\n|-supereffective|p2a: Mamoswine|1\n|-damage|p2a: Mamoswine|0 fnt\n|faint|p2a: Mamoswine\n|move|p2b: Froslass|Icy Wind|p1b: Excadrill|[spread] p1b\n|-activate|p1a: Gengar|move: Protect\n|-damage|p1b: Excadrill|71/100\n|-unboost|p1b: Excadrill|spe|1\n|\n|-weather|Sandstorm|[upkeep]\n|-damage|p1a: Gengar|89/100|[from] Sandstorm\n|-damage|p2b: Froslass|94/100|[from] Sandstorm\n|upkeep\n|\n|t:|1776210302\n|switch|p2a: Weavile|Weavile, L50, M, shiny|94/100\n|-ability|p2a: Weavile|Pressure\n|turn|4\n|\n|t:|1776210313\n|switch|p1a: Sinistcha|Sinistcha, L50|100/100\n|-heal|p1b: Excadrill|96/100|[from] ability: Hospitality|[of] p1a: Sinistcha\n|move|p1b: Excadrill|Protect|p1b: Excadrill\n|-singleturn|p1b: Excadrill|Protect\n|move|p2b: Froslass|Icy Wind|p1b: Excadrill|[spread] p1a\n|-activate|p1b: Excadrill|move: Protect\n|-supereffective|p1a: Sinistcha|1\n|-damage|p1a: Sinistcha|70/100\n|-unboost|p1a: Sinistcha|spe|1\n|move|p2a: Weavile|Knock Off|p1a: Sinistcha\n|-supereffective|p1a: Sinistcha|1\n|-damage|p1a: Sinistcha|0 fnt\n|-enditem|p1a: Sinistcha|Sitrus Berry|[from] move: Knock Off|[of] p2a: Weavile\n|faint|p1a: Sinistcha\n|\n|-weather|Sandstorm|[upkeep]\n|-damage|p2b: Froslass|88/100|[from] Sandstorm\n|-damage|p2a: Weavile|88/100|[from] Sandstorm\n|upkeep\n|\n|t:|1776210327\n|switch|p1a: Gengar|Gengar-Mega, L50, F, shiny|89/100\n|turn|5\n|\n|t:|1776210342\n|move|p1a: Gengar|Shadow Ball|p2b: Froslass\n|-supereffective|p2b: Froslass|1\n|-damage|p2b: Froslass|0 fnt\n|faint|p2b: Froslass\n|move|p1b: Excadrill|Iron Head|p2a: Weavile\n|-supereffective|p2a: Weavile|1\n|-damage|p2a: Weavile|0 fnt\n|faint|p2a: Weavile\n|\n|win|GengarxVGC\n|raw|GengarxVGC's rating: 1000 &rarr; <strong>1051</strong><br />(+51 for winning)\n|raw|LittleMungil's rating: 1094 &rarr; <strong>1064</strong><br />(-30 for losing)\n|l|\u2606LittleMungil\n|player|p2|\n|n|\u2606GengarxVGC|gengarxvgc\n",
  "uploadtime": 1776210382,
  "views": 15,
  "formatid": "gen9championsvgc2026regma",
  "rating": 1051,
  "private": 0,
  "password": null
}