{
  "id": "gen9championsvgc2026regma-2581307440",
  "format": "[Gen 9 Champions] VGC 2026 Reg M-A",
  "players": [
    "firexxzz",
    "Murphy's kitchen"
  ],
  "log": "|j|\u2606firexxzz\n|j|\u2606Murphy's kitchen\n|t:|1775984422\n|gametype|doubles\n|player|p1|firexxzz|roxie-masters|1092\n|player|p2|Murphy's kitchen|1|1160\n|gen|9\n|tier|[Gen 9 Champions] VGC 2026 Reg M-A\n|rated|\n|rule|Species Clause: Limit one of each Pok\u00e9mon\n|rule|Item Clause: Limit 1 of each item\n|clearpoke\n|poke|p1|Floette-Eternal, L50, F|\n|poke|p1|Delphox, L50, F|\n|poke|p1|Aerodactyl, L50, M|\n|poke|p1|Maushold, L50|\n|poke|p1|Garchomp, L50, F|\n|poke|p1|Incineroar, L50, F|\n|poke|p2|Starmie, L50|\n|poke|p2|Maushold-Four, L50|\n|poke|p2|Kommo-o, L50, M|\n|poke|p2|Aegislash, L50, F|\n|poke|p2|Rotom-Heat, L50|\n|poke|p2|Whimsicott, L50, F|\n|teampreview|4\n|\n|t:|1775984451\n|teamsize|p1|4\n|teamsize|p2|4\n|start\n|switch|p1a: Floette|Floette-Eternal, L50, F|100/100\n|switch|p1b: Incineroar|Incineroar, L50, F|100/100\n|switch|p2a: Aegislash|Aegislash, L50, F|100/100\n|switch|p2b: Maushold|Maushold-Four, L50|100/100\n|-ability|p1b: Incineroar|Intimidate|boost\n|-unboost|p2a: Aegislash|atk|1\n|-unboost|p2b: Maushold|atk|1\n|turn|1\n|\n|t:|1775984490\n|move|p1a: Floette|Protect|p1a: Floette\n|-singleturn|p1a: Floette|Protect\n|move|p2b: Maushold|Super Fang|p1b: Incineroar\n|-damage|p1b: Incineroar|50/100\n|-enditem|p1b: Incineroar|Sitrus Berry|[eat]\n|-heal|p1b: Incineroar|75/100|[from] item: Sitrus Berry\n|-formechange|p2a: Aegislash|Aegislash-Blade|\n|move|p2a: Aegislash|Iron Head|p1a: Floette\n|-activate|p1a: Floette|move: Protect\n|move|p1b: Incineroar|Parting Shot|p2a: Aegislash\n|-unboost|p2a: Aegislash|atk|1\n|-unboost|p2a: Aegislash|spa|1\n|\n|t:|1775984499\n|switch|p1b: Maushold|Maushold, L50|100/100|[from] Parting Shot\n|\n|upkeep\n|turn|2\n|\n|t:|1775984523\n|switch|p2a: Whimsicott|Whimsicott, L50, F|100/100\n|detailschange|p1a: Floette|Floette-Mega, L50, F\n|-mega|p1a: Floette|Floette|Floettite\n|-ability|p1a: Floette|Fairy Aura\n|move|p1b: Maushold|Follow Me|p1b: Maushold\n|-singleturn|p1b: Maushold|move: Follow Me\n|move|p2b: Maushold|Super Fang|p1b: Maushold\n|-damage|p1b: Maushold|51/100\n|move|p1a: Floette|Calm Mind|p1a: Floette\n|-boost|p1a: Floette|spa|1\n|-boost|p1a: Floette|spd|1\n|\n|upkeep\n|turn|3\n|\n|t:|1775984543\n|move|p1b: Maushold|Follow Me|p1b: Maushold\n|-singleturn|p1b: Maushold|move: Follow Me\n|move|p2a: Whimsicott|Tailwind|p2a: Whimsicott\n|-sidestart|p2: Murphy's kitchen|move: Tailwind\n|move|p2b: Maushold|Super Fang|p1b: Maushold|[miss]\n|-miss|p2b: Maushold|p1b: Maushold\n|move|p1a: Floette|Dazzling Gleam|p2a: Whimsicott|[spread] p2a,p2b\n|-damage|p2a: Whimsicott|48/100\n|-damage|p2b: Maushold|17/100\n|\n|upkeep\n|turn|4\n|inactive|Battle timer is ON: inactive players will automatically lose when time's up. (requested by firexxzz)\n|\n|t:|1775984563\n|move|p2b: Maushold|Protect|p2b: Maushold\n|-singleturn|p2b: Maushold|Protect\n|move|p1b: Maushold|Follow Me|p1b: Maushold\n|-singleturn|p1b: Maushold|move: Follow Me\n|move|p2a: Whimsicott|Encore|p1b: Maushold\n|-start|p1b: Maushold|Encore\n|move|p1a: Floette|Calm Mind|p1a: Floette\n|-boost|p1a: Floette|spa|1\n|-boost|p1a: Floette|spd|1\n|\n|upkeep\n|turn|5\n|\n|t:|1775984582\n|move|p1b: Maushold|Follow Me|p1b: Maushold\n|-singleturn|p1b: Maushold|move: Follow Me\n|move|p2b: Maushold|Super Fang|p1b: Maushold\n|-damage|p1b: Maushold|26/100\n|move|p2a: Whimsicott|Moonblast|p1b: Maushold\n|-damage|p1b: Maushold|0 fnt\n|faint|p1b: Maushold\n|move|p1a: Floette|Dazzling Gleam|p2b: Maushold|[spread] p2a,p2b\n|-damage|p2a: Whimsicott|0 fnt\n|-damage|p2b: Maushold|0 fnt\n|faint|p2a: Whimsicott\n|faint|p2b: Maushold\n|\n|upkeep\n|\n|t:|1775984605\n|switch|p1b: Aerodactyl|Aerodactyl, L50, M|100/100\n|switch|p2b: Starmie|Starmie, L50|100/100\n|switch|p2a: Aegislash|Aegislash, L50, F|100/100\n|-ability|p1b: Aerodactyl|Unnerve\n|turn|6\n|\n|t:|1775984620\n|detailschange|p2b: Starmie|Starmie-Mega, L50\n|-mega|p2b: Starmie|Starmie|Starminite\n|move|p1b: Aerodactyl|Protect|p1b: Aerodactyl\n|-singleturn|p1b: Aerodactyl|Protect\n|move|p1a: Floette|Protect|p1a: Floette\n|-singleturn|p1a: Floette|Protect\n|move|p2b: Starmie|Liquidation|p1b: Aerodactyl\n|-activate|p1b: Aerodactyl|move: Protect\n|-formechange|p2a: Aegislash|Aegislash-Blade|\n|move|p2a: Aegislash|Iron Head|p1a: Floette\n|-activate|p1a: Floette|move: Protect\n|\n|-sideend|p2: Murphy's kitchen|move: Tailwind\n|upkeep\n|turn|7\n|inactive|Murphy's kitchen has 30 seconds left.\n|inactive|Murphy's kitchen has 20 seconds left.\n|\n|t:|1775984659\n|move|p2b: Starmie|Protect|p2b: Starmie\n|-singleturn|p2b: Starmie|Protect\n|move|p1b: Aerodactyl|Tailwind|p1b: Aerodactyl\n|-sidestart|p1: firexxzz|move: Tailwind\n|move|p1a: Floette|Dazzling Gleam|p2a: Aegislash|[spread] p2a\n|-activate|p2b: Starmie|move: Protect\n|-resisted|p2a: Aegislash|1\n|-damage|p2a: Aegislash|8/100\n|move|p2a: Aegislash|Iron Head|p1a: Floette\n|-supereffective|p1a: Floette|1\n|-damage|p1a: Floette|11/100\n|\n|upkeep\n|turn|8\n|\n|t:|1775984677\n|move|p1a: Floette|Protect|p1a: Floette\n|-singleturn|p1a: Floette|Protect\n|move|p2b: Starmie|Aqua Jet|p1b: Aerodactyl\n|-supereffective|p1b: Aerodactyl|1\n|-enditem|p1b: Aerodactyl|Focus Sash\n|-damage|p1b: Aerodactyl|1/100\n|move|p2a: Aegislash|Shadow Sneak|p1b: Aerodactyl\n|-damage|p1b: Aerodactyl|0 fnt\n|faint|p1b: Aerodactyl\n|\n|upkeep\n|\n|t:|1775984686\n|switch|p1b: Incineroar|Incineroar, L50, F|75/100\n|-ability|p1b: Incineroar|Intimidate|boost\n|-unboost|p2a: Aegislash|atk|1\n|-unboost|p2b: Starmie|atk|1\n|turn|9\n|inactive|Murphy's kitchen has 30 seconds left.\n|\n|t:|1775984712\n|move|p1a: Floette|Protect||[still]\n|-fail|p1a: Floette\n|move|p2a: Aegislash|Shadow Sneak|p1a: Floette\n|-damage|p1a: Floette|0 fnt\n|faint|p1a: Floette\n|move|p1b: Incineroar|Throat Chop|p2a: Aegislash\n|-supereffective|p2a: Aegislash|1\n|-damage|p2a: Aegislash|0 fnt\n|faint|p2a: Aegislash\n|move|p2b: Starmie|Liquidation|p1b: Incineroar\n|-supereffective|p1b: Incineroar|1\n|-damage|p1b: Incineroar|0 fnt\n|faint|p1b: Incineroar\n|\n|win|Murphy's kitchen\n|raw|firexxzz's rating: 1092 &rarr; <strong>1073</strong><br />(-19 for losing)\n|raw|Murphy&apos;s kitchen's rating: 1160 &rarr; <strong>1180</strong><br />(+20 for winning)\n",
  "uploadtime": 1775984728,
  "views": 29,
  "formatid": "gen9championsvgc2026regma",
  "rating": 1073,
  "private": 0,
  "password": null
}