{
  "id": "gen9championsvgc2026regma-2582444923",
  "format": "[Gen 9 Champions] VGC 2026 Reg M-A",
  "players": [
    "reanschawrzer",
    "Gordon Gambley"
  ],
  "log": "|j|\u2606reanschawrzer\n|j|\u2606Gordon Gambley\n|html|<table width=\"100%\"><tr><td align=\"left\">reanschawrzer</td><td align=\"right\">Gordon Gambley</tr><tr><td align=\"left\"><i class=\"fa fa-circle\"></i> <i class=\"fa fa-circle-o\"></i> </td><td align=\"right\"><i class=\"fa fa-circle-o\"></i> <i class=\"fa fa-circle\"></i> </tr></table>\n|uhtml|bestof|<h2><strong>Game 3</strong> of <a href=\"/game-bestof3-gen9championsvgc2026regma-2582435202\">a best-of-3</a></h2>\n|t:|1776092128\n|gametype|doubles\n|player|p1|reanschawrzer|riley|\n|player|p2|Gordon Gambley|gambler|\n|gen|9\n|tier|[Gen 9 Champions] VGC 2026 Reg M-A\n|rated|Tournament battle\n|rule|Species Clause: Limit one of each Pok\u00e9mon\n|rule|Item Clause: Limit 1 of each item\n|raw|<div class=\"infobox\"><details class=\"readmore\" open><summary><strong>2 custom rules:</strong></summary> Force Open Team Sheets, Best of = 3</details></div>\n|clearpoke\n|poke|p1|Floette-Eternal, L50, F|\n|poke|p1|Incineroar, L50, F|\n|poke|p1|Sinistcha, L50|\n|poke|p1|Kommo-o, L50, F|\n|poke|p1|Gengar, L50, M|\n|poke|p1|Tyranitar, L50, M|\n|poke|p2|Scizor, L50, M|\n|poke|p2|Basculegion, L50, M|\n|poke|p2|Dragonite, L50, M|\n|poke|p2|Sneasler, L50, F|\n|poke|p2|Incineroar, L50, F|\n|poke|p2|Politoed, L50, F|\n|teampreview|4\n|showteam|p1|Floette-Eternal||Floettite|FlowerVeil|CalmMind,Moonblast,Protect,DazzlingGleam|||F|||50|]Incineroar||ChopleBerry|Intimidate|FakeOut,PartingShot,FlareBlitz,Protect|||F|||50|]Sinistcha||SitrusBerry|Hospitality|RagePowder,LifeDew,TrickRoom,MatchaGotcha||||||50|]Kommo-o||Leftovers|Soundproof|ClangingScales,ClangorousSoul,AuraSphere,Protect|||F|||50|]Gengar||Gengarite|CursedBody|ShadowBall,Protect,Substitute,PerishSong|||M|||50|]Tyranitar||ChoiceScarf|SandStream|KnockOff,IcePunch,LowKick,RockSlide|||M|||50|\n|showteam|p2|Scizor||Scizorite|Technician|BulletPunch,BugBite,SwordsDance,Protect|||M|||50|]Basculegion||ChoiceScarf|SwiftSwim|WaveCrash,LastRespects,FlipTurn,AquaJet|||M|||50|]Dragonite||LumBerry|Multiscale|DragonClaw,ExtremeSpeed,AerialAce,Protect|||M|||50|]Sneasler||WhiteHerb|Unburden|FakeOut,CloseCombat,DireClaw,Protect|||F|||50|]Incineroar||SitrusBerry|Intimidate|FlareBlitz,PartingShot,FakeOut,DarkestLariat|||F|||50|]Politoed||Leftovers|Drizzle|WeatherBall,Encore,IcyWind,Protect|||F|||50|\n|inactive|Battle timer is ON: inactive players will automatically lose when time's up. (requested by Gordon Gambley)\n|inactive|reanschawrzer has 60 seconds left.\n|inactive|Gordon Gambley has 60 seconds left.\n|\n|t:|1776092186\n|teamsize|p1|4\n|teamsize|p2|4\n|start\n|switch|p1a: Incineroar|Incineroar, L50, F|100/100\n|switch|p1b: Kommo-o|Kommo-o, L50, F|100/100\n|switch|p2a: Politoed|Politoed, L50, F|100/100\n|switch|p2b: Scizor|Scizor, L50, M|100/100\n|-weather|RainDance|[from] ability: Drizzle|[of] p2a: Politoed\n|-ability|p1a: Incineroar|Intimidate|boost\n|-unboost|p2a: Politoed|atk|1\n|-unboost|p2b: Scizor|atk|1\n|turn|1\n|\n|t:|1776092200\n|detailschange|p2b: Scizor|Scizor-Mega, L50, M\n|-mega|p2b: Scizor|Scizor|Scizorite\n|move|p1a: Incineroar|Fake Out|p2a: Politoed\n|-damage|p2a: Politoed|91/100\n|move|p1b: Kommo-o|Clangorous Soul|p1b: Kommo-o\n|-boost|p1b: Kommo-o|atk|1\n|-boost|p1b: Kommo-o|def|1\n|-boost|p1b: Kommo-o|spa|1\n|-boost|p1b: Kommo-o|spd|1\n|-boost|p1b: Kommo-o|spe|1\n|-damage|p1b: Kommo-o|68/100\n|move|p2b: Scizor|Swords Dance|p2b: Scizor\n|-boost|p2b: Scizor|atk|2\n|cant|p2a: Politoed|flinch\n|\n|-weather|RainDance|[upkeep]\n|-heal|p1b: Kommo-o|73/100|[from] item: Leftovers\n|-heal|p2a: Politoed|97/100|[from] item: Leftovers\n|upkeep\n|turn|2\n|\n|t:|1776092221\n|move|p1b: Kommo-o|Aura Sphere|p2b: Scizor\n|-damage|p2b: Scizor|44/100\n|move|p2b: Scizor|Swords Dance|p2b: Scizor\n|-boost|p2b: Scizor|atk|2\n|move|p2a: Politoed|Icy Wind|p1b: Kommo-o|[spread] p1a,p1b\n|-resisted|p1a: Incineroar|1\n|-supereffective|p1b: Kommo-o|1\n|-damage|p1a: Incineroar|97/100\n|-damage|p1b: Kommo-o|59/100\n|-unboost|p1a: Incineroar|spe|1\n|-unboost|p1b: Kommo-o|spe|1\n|move|p1a: Incineroar|Parting Shot|p2b: Scizor\n|-unboost|p2b: Scizor|atk|1\n|-unboost|p2b: Scizor|spa|1\n|\n|t:|1776092235\n|switch|p1a: Sinistcha|Sinistcha, L50|100/100|[from] Parting Shot\n|-heal|p1b: Kommo-o|84/100|[from] ability: Hospitality|[of] p1a: Sinistcha\n|\n|-weather|RainDance|[upkeep]\n|-heal|p1b: Kommo-o|90/100|[from] item: Leftovers\n|-heal|p2a: Politoed|100/100|[from] item: Leftovers\n|upkeep\n|turn|3\n|inactive|reanschawrzer has 30 seconds left.\n|\n|t:|1776092266\n|switch|p1a: Incineroar|Incineroar, L50, F|97/100\n|-ability|p1a: Incineroar|Intimidate|boost\n|-unboost|p2a: Politoed|atk|1\n|-unboost|p2b: Scizor|atk|1\n|move|p2b: Scizor|Protect|p2b: Scizor\n|-singleturn|p2b: Scizor|Protect\n|move|p1b: Kommo-o|Aura Sphere|p2b: Scizor\n|-activate|p2b: Scizor|move: Protect\n|move|p2a: Politoed|Icy Wind|p1a: Incineroar|[spread] p1a,p1b\n|-resisted|p1a: Incineroar|1\n|-supereffective|p1b: Kommo-o|1\n|-damage|p1a: Incineroar|93/100\n|-damage|p1b: Kommo-o|75/100\n|-unboost|p1a: Incineroar|spe|1\n|-unboost|p1b: Kommo-o|spe|1\n|\n|-weather|RainDance|[upkeep]\n|-heal|p1b: Kommo-o|81/100|[from] item: Leftovers\n|upkeep\n|turn|4\n|inactive|reanschawrzer has 30 seconds left.\n|\n|t:|1776092295\n|switch|p2b: Basculegion|Basculegion, L50, M|100/100\n|switch|p1a: Sinistcha|Sinistcha, L50|100/100\n|-heal|p1b: Kommo-o|100/100|[from] ability: Hospitality|[of] p1a: Sinistcha\n|move|p2a: Politoed|Weather Ball|p1a: Sinistcha\n|-resisted|p1a: Sinistcha|1\n|-damage|p1a: Sinistcha|74/100\n|move|p1b: Kommo-o|Aura Sphere|p2b: Basculegion\n|-immune|p2b: Basculegion\n|\n|-weather|RainDance|[upkeep]\n|upkeep\n|turn|5\n|inactive|reanschawrzer has 30 seconds left.\n|inactive|reanschawrzer has 20 seconds left.\n|inactive|reanschawrzer has 15 seconds left.\n|inactive|reanschawrzer has 10 seconds left.\n|\n|t:|1776092343\n|switch|p1a: Incineroar|Incineroar, L50, F|93/100\n|-ability|p1a: Incineroar|Intimidate|boost\n|-unboost|p2a: Politoed|atk|1\n|-unboost|p2b: Basculegion|atk|1\n|move|p2b: Basculegion|Flip Turn|p1a: Incineroar\n|-supereffective|p1a: Incineroar|1\n|-damage|p1a: Incineroar|51/100\n|\n|t:|1776092347\n|switch|p2b: Sneasler|Sneasler, L50, F|100/100|[from] Flip Turn\n|move|p2a: Politoed|Encore|p1b: Kommo-o\n|-start|p1b: Kommo-o|Encore\n|move|p1b: Kommo-o|Aura Sphere|p2a: Politoed\n|-damage|p2a: Politoed|45/100\n|\n|-weather|none\n|-heal|p2a: Politoed|52/100|[from] item: Leftovers\n|upkeep\n|turn|6\n|inactive|Gordon Gambley has 30 seconds left.\n|\n|t:|1776092373\n|switch|p2a: Basculegion|Basculegion, L50, M|100/100\n|switch|p1a: Sinistcha|Sinistcha, L50|74/100\n|move|p2b: Sneasler|Close Combat|p1b: Kommo-o\n|-damage|p1b: Kommo-o|61/100\n|-unboost|p2b: Sneasler|def|1\n|-unboost|p2b: Sneasler|spd|1\n|-enditem|p2b: Sneasler|White Herb\n|-clearnegativeboost|p2b: Sneasler|[silent]\n|move|p1b: Kommo-o|Aura Sphere|p2a: Basculegion\n|-immune|p2a: Basculegion\n|\n|-heal|p1b: Kommo-o|67/100|[from] item: Leftovers\n|upkeep\n|turn|7\n|j| SanjiQ\n|inactive|reanschawrzer has 30 seconds left.\n|inactive|Gordon Gambley has 30 seconds left.\n|inactive|reanschawrzer has 20 seconds left.\n|\n|t:|1776092412\n|switch|p1a: Incineroar|Incineroar, L50, F|51/100\n|-ability|p1a: Incineroar|Intimidate|boost\n|-unboost|p2a: Basculegion|atk|1\n|-unboost|p2b: Sneasler|atk|1\n|move|p2b: Sneasler|Dire Claw|p1a: Incineroar\n|-damage|p1a: Incineroar|29/100\n|move|p2a: Basculegion|Last Respects|p1a: Incineroar\n|-resisted|p1a: Incineroar|1\n|-damage|p1a: Incineroar|22/100\n|move|p1b: Kommo-o|Aura Sphere|p2b: Sneasler\n|-resisted|p2b: Sneasler|1\n|-crit|p2b: Sneasler\n|-damage|p2b: Sneasler|37/100\n|\n|-heal|p1b: Kommo-o|73/100|[from] item: Leftovers\n|-end|p1b: Kommo-o|Encore\n|upkeep\n|turn|8\n|\n|t:|1776092437\n|switch|p2a: Politoed|Politoed, L50, F|52/100\n|-weather|RainDance|[from] ability: Drizzle|[of] p2a: Politoed\n|switch|p1a: Sinistcha|Sinistcha, L50|74/100\n|-heal|p1b: Kommo-o|97/100|[from] ability: Hospitality|[of] p1a: Sinistcha\n|move|p2b: Sneasler|Dire Claw|p1b: Kommo-o\n|-damage|p1b: Kommo-o|79/100\n|-status|p1b: Kommo-o|slp\n|cant|p1b: Kommo-o|slp\n|\n|-weather|RainDance|[upkeep]\n|-heal|p2a: Politoed|58/100|[from] item: Leftovers\n|-heal|p1b: Kommo-o|85/100 slp|[from] item: Leftovers\n|upkeep\n|turn|9\n|\n|t:|1776092460\n|switch|p2b: Scizor|Scizor-Mega, L50, M|44/100\n|move|p2a: Politoed|Icy Wind|p1b: Kommo-o|[spread] p1a,p1b\n|-supereffective|p1a: Sinistcha|1\n|-supereffective|p1b: Kommo-o|1\n|-damage|p1a: Sinistcha|53/100\n|-damage|p1b: Kommo-o|71/100 slp\n|-unboost|p1a: Sinistcha|spe|1\n|-unboost|p1b: Kommo-o|spe|1\n|cant|p1b: Kommo-o|slp\n|move|p1a: Sinistcha|Matcha Gotcha|p2a: Politoed|[spread] p2a,p2b\n|-supereffective|p2a: Politoed|1\n|-resisted|p2b: Scizor|2\n|-damage|p2a: Politoed|11/100\n|-heal|p1a: Sinistcha|79/100|[from] drain|[of] p2a: Politoed\n|-damage|p2b: Scizor|37/100\n|-heal|p1a: Sinistcha|82/100|[from] drain|[of] p2b: Scizor\n|-status|p2b: Scizor|brn\n|\n|-weather|RainDance|[upkeep]\n|-heal|p2a: Politoed|17/100|[from] item: Leftovers\n|-heal|p1b: Kommo-o|77/100 slp|[from] item: Leftovers\n|-damage|p2b: Scizor|31/100 brn|[from] brn\n|upkeep\n|turn|10\n|inactive|reanschawrzer has 30 seconds left.\n|\n|t:|1776092489\n|move|p2b: Scizor|Bug Bite|p1a: Sinistcha\n|-damage|p1a: Sinistcha|58/100\n|-enditem|p1a: Sinistcha|Sitrus Berry|[from] stealeat|[move] Bug Bite|[of] p2b: Scizor\n|-heal|p2b: Scizor|56/100 brn|[from] item: Sitrus Berry\n|move|p2a: Politoed|Weather Ball|p1b: Kommo-o\n|-resisted|p1b: Kommo-o|1\n|-damage|p1b: Kommo-o|56/100 slp\n|-curestatus|p1b: Kommo-o|slp|[msg]\n|move|p1b: Kommo-o|Clanging Scales|p2b: Scizor|[spread] p2a,p2b\n|-resisted|p2b: Scizor|1\n|-damage|p2a: Politoed|0 fnt\n|-damage|p2b: Scizor|28/100 brn\n|faint|p2a: Politoed\n|-unboost|p1b: Kommo-o|def|1\n|move|p1a: Sinistcha|Matcha Gotcha|p2b: Scizor\n|-resisted|p2b: Scizor|2\n|-crit|p2b: Scizor\n|-damage|p2b: Scizor|17/100 brn\n|-heal|p1a: Sinistcha|64/100|[from] drain|[of] p2b: Scizor\n|\n|-weather|RainDance|[upkeep]\n|-heal|p1b: Kommo-o|62/100|[from] item: Leftovers\n|-damage|p2b: Scizor|11/100 brn|[from] brn\n|upkeep\n|\n|t:|1776092496\n|switch|p2a: Basculegion|Basculegion, L50, M|100/100\n|turn|11\n|\n|t:|1776092516\n|switch|p1a: Incineroar|Incineroar, L50, F|22/100\n|-ability|p1a: Incineroar|Intimidate|boost\n|-unboost|p2a: Basculegion|atk|1\n|-unboost|p2b: Scizor|atk|1\n|move|p2b: Scizor|Bullet Punch|p1a: Incineroar\n|-resisted|p1a: Incineroar|1\n|-damage|p1a: Incineroar|17/100\n|move|p2a: Basculegion|Last Respects|p1a: Incineroar\n|-resisted|p1a: Incineroar|1\n|-crit|p1a: Incineroar\n|-damage|p1a: Incineroar|0 fnt\n|faint|p1a: Incineroar\n|move|p1b: Kommo-o|Clanging Scales|p2a: Basculegion|[spread] p2a,p2b\n|-resisted|p2b: Scizor|1\n|-damage|p2a: Basculegion|34/100\n|-damage|p2b: Scizor|0 fnt\n|faint|p2b: Scizor\n|-unboost|p1b: Kommo-o|def|1\n|\n|-weather|RainDance|[upkeep]\n|-heal|p1b: Kommo-o|68/100|[from] item: Leftovers\n|upkeep\n|inactive|reanschawrzer has 30 seconds left.\n|\n|t:|1776092543\n|switch|p2b: Sneasler|Sneasler, L50, F|37/100\n|switch|p1a: Sinistcha|Sinistcha, L50|64/100\n|-heal|p1b: Kommo-o|92/100|[from] ability: Hospitality|[of] p1a: Sinistcha\n|turn|12\n|\n|t:|1776092559\n|move|p2b: Sneasler|Fake Out|p1b: Kommo-o\n|-damage|p1b: Kommo-o|71/100\n|move|p2a: Basculegion|Last Respects|p1a: Sinistcha\n|-supereffective|p1a: Sinistcha|1\n|-damage|p1a: Sinistcha|0 fnt\n|faint|p1a: Sinistcha\n|cant|p1b: Kommo-o|flinch\n|\n|-weather|none\n|-heal|p1b: Kommo-o|77/100|[from] item: Leftovers\n|upkeep\n|\n|t:|1776092570\n|switch|p1a: Gengar|Gengar, L50, M|100/100\n|turn|13\n|\n|t:|1776092579\n|detailschange|p1a: Gengar|Gengar-Mega, L50, M\n|-mega|p1a: Gengar|Gengar|Gengarite\n|move|p2a: Basculegion|Last Respects|p1a: Gengar\n|-supereffective|p1a: Gengar|1\n|-damage|p1a: Gengar|0 fnt\n|faint|p1a: Gengar\n|move|p2b: Sneasler|Close Combat|p1b: Kommo-o\n|-damage|p1b: Kommo-o|0 fnt\n|-unboost|p2b: Sneasler|def|1\n|-unboost|p2b: Sneasler|spd|1\n|faint|p1b: Kommo-o\n|\n|win|Gordon Gambley\n|l|\u2606Gordon Gambley\n|player|p2|\n",
  "uploadtime": 1776092583,
  "views": 9,
  "formatid": "gen9championsvgc2026regma",
  "rating": null,
  "private": 0,
  "password": null
}