{
  "id": "gen9championsvgc2026regma-2585392711",
  "format": "[Gen 9 Champions] VGC 2026 Reg M-A",
  "players": [
    "yousodfusoh",
    "FLUttermane123"
  ],
  "log": "|j|\u2606yousodfusoh\n|j|\u2606FLUttermane123\n|t:|1776343928\n|gametype|doubles\n|player|p1|yousodfusoh|102|1212\n|player|p2|FLUttermane123|cynthia|1237\n|gen|9\n|tier|[Gen 9 Champions] VGC 2026 Reg M-A\n|rated|\n|rule|Species Clause: Limit one of each Pok\u00e9mon\n|rule|Item Clause: Limit 1 of each item\n|clearpoke\n|poke|p1|Delphox, L50, M|\n|poke|p1|Basculegion, L50, M|\n|poke|p1|Clefable, L50, M|\n|poke|p1|Kingambit, L50, M|\n|poke|p1|Dragonite, L50, F|\n|poke|p1|Sneasler, L50, M|\n|poke|p2|Floette-Eternal, L50, F|\n|poke|p2|Basculegion, L50, M|\n|poke|p2|Archaludon, L50, F|\n|poke|p2|Sinistcha, L50|\n|poke|p2|Sneasler, L50, F|\n|poke|p2|Pelipper, L50, M|\n|teampreview|4\n|\n|t:|1776344012\n|teamsize|p1|4\n|teamsize|p2|4\n|start\n|switch|p1a: Sneasler|Sneasler, L50, M|100/100\n|switch|p1b: Basculegion|Basculegion, L50, M|100/100\n|switch|p2a: Pelipper|Pelipper, L50, M|100/100\n|switch|p2b: Basculegion|Basculegion, L50, M|100/100\n|-weather|RainDance|[from] ability: Drizzle|[of] p2a: Pelipper\n|turn|1\n|\n|t:|1776344031\n|switch|p2b: Archaludon|Archaludon, L50, F|100/100\n|move|p1a: Sneasler|Protect|p1a: Sneasler\n|-singleturn|p1a: Sneasler|Protect\n|move|p2a: Pelipper|Protect|p2a: Pelipper\n|-singleturn|p2a: Pelipper|Protect\n|move|p1b: Basculegion|Flip Turn|p2a: Pelipper\n|-activate|p2a: Pelipper|move: Protect\n|\n|-weather|RainDance|[upkeep]\n|upkeep\n|turn|2\n|\n|t:|1776344050\n|switch|p1b: Kingambit|Kingambit, L50, M|100/100\n|switch|p2b: Sinistcha|Sinistcha, L50|100/100\n|move|p1a: Sneasler|Close Combat|p2b: Sinistcha\n|-immune|p2b: Sinistcha\n|move|p2a: Pelipper|Tailwind|p2a: Pelipper\n|-sidestart|p2: FLUttermane123|move: Tailwind\n|\n|-weather|RainDance|[upkeep]\n|upkeep\n|turn|3\n|\n|t:|1776344069\n|switch|p2b: Archaludon|Archaludon, L50, F|100/100\n|move|p2a: Pelipper|Hurricane|p1a: Sneasler\n|-supereffective|p1a: Sneasler|1\n|-enditem|p1a: Sneasler|Focus Sash\n|-damage|p1a: Sneasler|1/100\n|-start|p1a: Sneasler|confusion\n|-activate|p1a: Sneasler|confusion\n|move|p1a: Sneasler|Close Combat|p2b: Archaludon\n|-supereffective|p2b: Archaludon|1\n|-damage|p2b: Archaludon|12/100\n|-unboost|p1a: Sneasler|def|1\n|-unboost|p1a: Sneasler|spd|1\n|-ability|p2b: Archaludon|Stamina|boost\n|-boost|p2b: Archaludon|def|1\n|move|p1b: Kingambit|Kowtow Cleave|p2b: Archaludon\n|-damage|p2b: Archaludon|0 fnt\n|faint|p2b: Archaludon\n|\n|-weather|RainDance|[upkeep]\n|upkeep\n|\n|t:|1776344090\n|switch|p2b: Sinistcha|Sinistcha, L50|100/100\n|turn|4\n|\n|t:|1776344103\n|-end|p1a: Sneasler|confusion\n|move|p1a: Sneasler|Protect|p1a: Sneasler\n|-singleturn|p1a: Sneasler|Protect\n|move|p2a: Pelipper|Weather Ball|p1b: Kingambit\n|-damage|p1b: Kingambit|38/100\n|move|p2b: Sinistcha|Strength Sap|p1b: Kingambit\n|-unboost|p1b: Kingambit|atk|1\n|-ability|p1b: Kingambit|Defiant|boost\n|-boost|p1b: Kingambit|atk|2\n|move|p1b: Kingambit|Swords Dance|p1b: Kingambit\n|-boost|p1b: Kingambit|atk|2\n|\n|-weather|RainDance|[upkeep]\n|upkeep\n|turn|5\n|\n|t:|1776344120\n|switch|p1a: Basculegion|Basculegion, L50, M|100/100\n|move|p1b: Kingambit|Protect|p1b: Kingambit\n|-singleturn|p1b: Kingambit|Protect\n|move|p2a: Pelipper|Weather Ball|p1b: Kingambit\n|-activate|p1b: Kingambit|move: Protect\n|move|p2b: Sinistcha|Matcha Gotcha|p1a: Basculegion|[spread] p1a\n|-activate|p1b: Kingambit|move: Protect\n|-supereffective|p1a: Basculegion|1\n|-damage|p1a: Basculegion|45/100\n|\n|-weather|none\n|-sideend|p2: FLUttermane123|move: Tailwind\n|upkeep\n|turn|6\n|\n|t:|1776344171\n|move|p2b: Sinistcha|Rage Powder|p2b: Sinistcha\n|-singleturn|p2b: Sinistcha|move: Rage Powder\n|move|p1b: Kingambit|Sucker Punch||[still]\n|-fail|p1b: Kingambit\n|move|p1a: Basculegion|Flip Turn|p2b: Sinistcha\n|-resisted|p2b: Sinistcha|1\n|-damage|p2b: Sinistcha|84/100\n|\n|t:|1776344179\n|switch|p1a: Delphox|Delphox, L50, M|100/100|[from] Flip Turn\n|move|p2a: Pelipper|Tailwind|p2a: Pelipper\n|-sidestart|p2: FLUttermane123|move: Tailwind\n|\n|upkeep\n|turn|7\n|\n|t:|1776344203\n|switch|p2a: Basculegion|Basculegion, L50, M|100/100\n|detailschange|p1a: Delphox|Delphox-Mega, L50, M\n|-mega|p1a: Delphox|Delphox|Delphoxite\n|move|p1b: Kingambit|Protect|p1b: Kingambit\n|-singleturn|p1b: Kingambit|Protect\n|move|p2b: Sinistcha|Rage Powder|p2b: Sinistcha\n|-singleturn|p2b: Sinistcha|move: Rage Powder\n|move|p1a: Delphox|Heat Wave|p2b: Sinistcha|[spread] p2a\n|-miss|p1a: Delphox|p2b: Sinistcha\n|-resisted|p2a: Basculegion|1\n|-damage|p2a: Basculegion|78/100\n|\n|upkeep\n|turn|8\n|\n|t:|1776344244\n|switch|p1a: Sneasler|Sneasler, L50, M|1/100\n|switch|p2b: Pelipper|Pelipper, L50, M|100/100\n|-weather|RainDance|[from] ability: Drizzle|[of] p2b: Pelipper\n|move|p2a: Basculegion|Aqua Jet|p1b: Kingambit\n|-damage|p1b: Kingambit|7/100\n|move|p1b: Kingambit|Kowtow Cleave|p2a: Basculegion\n|-supereffective|p2a: Basculegion|1\n|-damage|p2a: Basculegion|0 fnt\n|faint|p2a: Basculegion\n|\n|-weather|RainDance|[upkeep]\n|upkeep\n|-message|FLUttermane123 forfeited.\n|\n|win|yousodfusoh\n|raw|yousodfusoh's rating: 1212 &rarr; <strong>1239</strong><br />(+27 for winning)\n|raw|FLUttermane123's rating: 1237 &rarr; <strong>1210</strong><br />(-27 for losing)\n|l|\u2606FLUttermane123\n|player|p2|\n",
  "uploadtime": 1776344369,
  "views": 36,
  "formatid": "gen9championsvgc2026regma",
  "rating": 1210,
  "private": 0,
  "password": null
}