{
  "id": "gen9championsvgc2026regma-2581232611",
  "format": "[Gen 9 Champions] VGC 2026 Reg M-A",
  "players": [
    "shiver419",
    "Leadeon"
  ],
  "log": "|j|\u2606shiver419\n|j|\u2606Leadeon\n|t:|1775973945\n|gametype|doubles\n|player|p1|shiver419|266|1320\n|player|p2|Leadeon|colress|1321\n|gen|9\n|tier|[Gen 9 Champions] VGC 2026 Reg M-A\n|rated|\n|rule|Species Clause: Limit one of each Pok\u00e9mon\n|rule|Item Clause: Limit 1 of each item\n|clearpoke\n|poke|p1|Golurk, L50|\n|poke|p1|Farigiraf, L50, F|\n|poke|p1|Avalugg-Hisui, L50, M|\n|poke|p1|Venusaur, L50, M|\n|poke|p1|Sneasler, L50, F|\n|poke|p1|Incineroar, L50, M|\n|poke|p2|Delphox, L50, F|\n|poke|p2|Garchomp, L50, F|\n|poke|p2|Incineroar, L50, F|\n|poke|p2|Sneasler, L50, M|\n|poke|p2|Floette-Eternal, L50, F|\n|poke|p2|Kingambit, L50, M|\n|teampreview|4\nLeadeon has agreed to open team sheets.\nshiver419 has agreed to open team sheets.\n|showteam|p1|Golurk||Golurkite|IronFist|Protect,HeadlongRush,Poltergeist,IcePunch||||||50|]Farigiraf||MentalHerb|ArmorTail|HyperVoice,Psychic,HelpingHand,TrickRoom|||F|||50|]Avalugg-Hisui||ChopleBerry|StrongJaw|MountainGale,RockSlide,BodyPress,Protect|||M|||50|]Venusaur||FocusSash|Chlorophyll|SludgeBomb,EnergyBall,Protect,SleepPowder|||M|||50|]Sneasler||WhiteHerb|Unburden|CloseCombat,DireClaw,FakeOut,Coaching|||F|||50|]Incineroar||ShucaBerry|Intimidate|FlareBlitz,ThroatChop,FakeOut,PartingShot|||M|||50|\n|showteam|p2|Delphox||Delphoxite|Blaze|Protect,HeatWave,Psychic,Encore|||F|||50|]Garchomp||SitrusBerry|RoughSkin|Earthquake,DragonClaw,RockSlide,Protect|||F|||50|]Incineroar||Leftovers|Intimidate|FlareBlitz,ThroatChop,PartingShot,FakeOut|||F|||50|]Sneasler||WhiteHerb|Unburden|CloseCombat,DireClaw,Protect,FakeOut|||M|||50|]Floette-Eternal||Floettite|FlowerVeil|Protect,DrainingKiss,DazzlingGleam,CalmMind|||F|||50|]Kingambit||ChopleBerry|Defiant|SuckerPunch,LowKick,IronHead,Protect|||M|||50|\n|\n|t:|1775974024\n|teamsize|p1|4\n|teamsize|p2|4\n|start\n|switch|p1a: Farigiraf|Farigiraf, L50, F|100/100\n|switch|p1b: Incineroar|Incineroar, L50, M|100/100\n|switch|p2a: Sneasler|Sneasler, L50, M|100/100\n|switch|p2b: Incineroar|Incineroar, L50, F|100/100\n|-ability|p2b: Incineroar|Intimidate|boost\n|-unboost|p1a: Farigiraf|atk|1\n|-unboost|p1b: Incineroar|atk|1\n|-ability|p1b: Incineroar|Intimidate|boost\n|-unboost|p2a: Sneasler|atk|1\n|-unboost|p2b: Incineroar|atk|1\n|-enditem|p2a: Sneasler|White Herb\n|-clearnegativeboost|p2a: Sneasler|[silent]\n|turn|1\n|\n|t:|1775974067\n|switch|p1b: Golurk|Golurk, L50|100/100\n|move|p2a: Sneasler|Protect|p2a: Sneasler\n|-singleturn|p2a: Sneasler|Protect\n|move|p2b: Incineroar|Parting Shot|p1a: Farigiraf\n|-unboost|p1a: Farigiraf|atk|1\n|-unboost|p1a: Farigiraf|spa|1\n|\n|t:|1775974076\n|switch|p2b: Kingambit|Kingambit, L50, M|100/100|[from] Parting Shot\n|move|p1a: Farigiraf|Trick Room|p1a: Farigiraf\n|-fieldstart|move: Trick Room|[of] p1a: Farigiraf\n|\n|upkeep\n|turn|2\n|\n|t:|1775974092\n|switch|p2a: Incineroar|Incineroar, L50, F|100/100\n|-ability|p2a: Incineroar|Intimidate|boost\n|-unboost|p1a: Farigiraf|atk|1\n|-unboost|p1b: Golurk|atk|1\n|detailschange|p1b: Golurk|Golurk-Mega, L50\n|-mega|p1b: Golurk|Golurk|Golurkite\n|move|p2b: Kingambit|Iron Head|p1b: Golurk\n|-damage|p1b: Golurk|61/100\n|cant|p1b: Golurk|flinch\n|move|p1a: Farigiraf|Psychic|p2a: Incineroar\n|-immune|p2a: Incineroar\n|\n|upkeep\n|turn|3\n|\n|t:|1775974115\n|move|p1a: Farigiraf|Helping Hand|p1b: Golurk\n|-singleturn|p1b: Golurk|Helping Hand|[of] p1a: Farigiraf\n|move|p2b: Kingambit|Iron Head|p1b: Golurk\n|-damage|p1b: Golurk|24/100\n|cant|p1b: Golurk|flinch\n|move|p2a: Incineroar|Throat Chop|p1a: Farigiraf\n|-supereffective|p1a: Farigiraf|1\n|-damage|p1a: Farigiraf|43/100\n|-start|p1a: Farigiraf|Throat Chop|[silent]\n|\n|upkeep\n|turn|4\n|j| gE1xjZRtuhW2DdT0AK\n|c|\u2606Leadeon|srry\n|c|\u2606Leadeon|srry\n|\n|t:|1775974131\n|move|p1b: Golurk|Protect|p1b: Golurk\n|-singleturn|p1b: Golurk|Protect\n|move|p2b: Kingambit|Iron Head|p1b: Golurk\n|-activate|p1b: Golurk|move: Protect\n|move|p2a: Incineroar|Throat Chop|p1a: Farigiraf\n|-supereffective|p1a: Farigiraf|1\n|-damage|p1a: Farigiraf|0 fnt\n|faint|p1a: Farigiraf\n|\n|upkeep\n|\n|t:|1775974136\n|switch|p1a: Sneasler|Sneasler, L50, F|100/100\n|turn|5\n|\n|t:|1775974143\n|move|p1a: Sneasler|Fake Out|p2b: Kingambit\n|-resisted|p2b: Kingambit|1\n|-damage|p2b: Kingambit|96/100\n|cant|p2b: Kingambit|flinch\n|move|p1b: Golurk|Headlong Rush|p2b: Kingambit\n|-supereffective|p2b: Kingambit|1\n|-damage|p2b: Kingambit|29/100\n|-unboost|p1b: Golurk|def|1\n|-unboost|p1b: Golurk|spd|1\n|move|p2a: Incineroar|Flare Blitz|p1a: Sneasler\n|-damage|p1a: Sneasler|13/100\n|-damage|p2a: Incineroar|78/100|[from] Recoil\n|\n|-heal|p2a: Incineroar|84/100|[from] item: Leftovers\n|-fieldend|move: Trick Room\n|upkeep\n|turn|6\n|\n|t:|1775974162\n|move|p2b: Kingambit|Sucker Punch||[still]\n|-fail|p2b: Kingambit\n|move|p1a: Sneasler|Coaching|p1b: Golurk\n|-boost|p1b: Golurk|atk|1\n|-boost|p1b: Golurk|def|1\n|move|p2a: Incineroar|Flare Blitz|p1b: Golurk\n|-damage|p1b: Golurk|0 fnt\n|faint|p1b: Golurk\n|-damage|p2a: Incineroar|77/100|[from] Recoil\n|\n|-heal|p2a: Incineroar|83/100|[from] item: Leftovers\n|upkeep\n|\n|t:|1775974170\n|switch|p1b: Incineroar|Incineroar, L50, M|100/100\n|-ability|p1b: Incineroar|Intimidate|boost\n|-unboost|p2a: Incineroar|atk|1\n|-unboost|p2b: Kingambit|atk|1\n|-ability|p2b: Kingambit|Defiant|boost\n|-boost|p2b: Kingambit|atk|2\n|turn|7\n|inactive|Battle timer is ON: inactive players will automatically lose when time's up. (requested by Leadeon)\n|\n|t:|1775974181\n|move|p2b: Kingambit|Sucker Punch||[still]\n|-fail|p2b: Kingambit\n|move|p1a: Sneasler|Coaching|p1b: Incineroar\n|-boost|p1b: Incineroar|atk|1\n|-boost|p1b: Incineroar|def|1\n|move|p2a: Incineroar|Parting Shot|p1b: Incineroar\n|-unboost|p1b: Incineroar|atk|1\n|-unboost|p1b: Incineroar|spa|1\n|\n|t:|1775974190\n|switch|p2a: Delphox|Delphox, L50, F|100/100|[from] Parting Shot\n|move|p1b: Incineroar|Flare Blitz|p2b: Kingambit\n|-supereffective|p2b: Kingambit|1\n|-crit|p2b: Kingambit\n|-damage|p2b: Kingambit|0 fnt\n|faint|p2b: Kingambit\n|-damage|p1b: Incineroar|91/100|[from] Recoil\n|\n|upkeep\n|\n|t:|1775974194\n|switch|p2b: Sneasler|Sneasler, L50, M|100/100\n|turn|8\n|\n|t:|1775974201\n|detailschange|p2a: Delphox|Delphox-Mega, L50, F\n|-mega|p2a: Delphox|Delphox|Delphoxite\n|move|p2b: Sneasler|Fake Out|p1b: Incineroar\n|-damage|p1b: Incineroar|82/100\n|move|p2a: Delphox|Heat Wave|p1a: Sneasler|[spread] p1a,p1b\n|-resisted|p1b: Incineroar|1\n|-damage|p1a: Sneasler|0 fnt\n|-damage|p1b: Incineroar|66/100\n|faint|p1a: Sneasler\n|cant|p1b: Incineroar|flinch\n|\n|upkeep\n|turn|9\n|-message|shiver419 forfeited.\n|\n|win|Leadeon\n|raw|shiver419's rating: 1320 &rarr; <strong>1300</strong><br />(-20 for losing)\n|raw|Leadeon's rating: 1321 &rarr; <strong>1341</strong><br />(+20 for winning)\n|l|\u2606shiver419\n|player|p1|\n|l|\u2606Leadeon\n|player|p2|\n",
  "uploadtime": 1775974524,
  "views": 22,
  "formatid": "gen9championsvgc2026regma",
  "rating": 1300,
  "private": 0,
  "password": null
}