{
  "id": "gen9championsvgc2026regma-2581677997",
  "format": "[Gen 9 Champions] VGC 2026 Reg M-A",
  "players": [
    "Kojiiii",
    "CaipisaurusRex"
  ],
  "log": "|j|\u2606Kojiiii\n|j|\u2606CaipisaurusRex\n|t:|1776020036\n|gametype|doubles\n|player|p1|Kojiiii|266|1152\n|player|p2|CaipisaurusRex|266|1160\n|gen|9\n|tier|[Gen 9 Champions] VGC 2026 Reg M-A\n|rated|\n|rule|Species Clause: Limit one of each Pok\u00e9mon\n|rule|Item Clause: Limit 1 of each item\n|clearpoke\n|poke|p1|Floette-Eternal, L50, F|\n|poke|p1|Kingambit, L50, M|\n|poke|p1|Arcanine, L50, M|\n|poke|p1|Aerodactyl, L50, F|\n|poke|p1|Sinistcha, L50|\n|poke|p1|Kangaskhan, L50, F|\n|poke|p2|Gengar, L50, M|\n|poke|p2|Incineroar, L50, F|\n|poke|p2|Rotom-Wash, L50|\n|poke|p2|Sinistcha, L50|\n|poke|p2|Pelipper, L50, F|\n|poke|p2|Basculegion, L50, M|\n|teampreview|4\n|\n|t:|1776020079\n|teamsize|p1|4\n|teamsize|p2|4\n|start\n|switch|p1a: Kingambit|Kingambit, L50, M|100/100\n|switch|p1b: Sinistcha|Sinistcha, L50|100/100\n|switch|p2a: Gengar|Gengar, L50, M, shiny|100/100\n|switch|p2b: Rotom|Rotom-Wash, L50|100/100\n|turn|1\n|\n|t:|1776020110\n|move|p2a: Gengar|Protect|p2a: Gengar\n|-singleturn|p2a: Gengar|Protect\n|move|p1b: Sinistcha|Protect|p1b: Sinistcha\n|-singleturn|p1b: Sinistcha|Protect\n|move|p2b: Rotom|Volt Switch|p1a: Kingambit\n|-damage|p1a: Kingambit|70/100\n|\n|t:|1776020118\n|switch|p2b: Sinistcha|Sinistcha, L50|100/100|[from] Volt Switch\n|move|p1a: Kingambit|Swords Dance|p1a: Kingambit\n|-boost|p1a: Kingambit|atk|2\n|\n|upkeep\n|turn|2\n|\n|t:|1776020129\n|detailschange|p2a: Gengar|Gengar-Mega, L50, M, shiny\n|-mega|p2a: Gengar|Gengar|Gengarite\n|move|p1b: Sinistcha|Rage Powder|p1b: Sinistcha\n|-singleturn|p1b: Sinistcha|move: Rage Powder\n|move|p2b: Sinistcha|Rage Powder|p2b: Sinistcha\n|-singleturn|p2b: Sinistcha|move: Rage Powder\n|move|p2a: Gengar|Perish Song|p2a: Gengar\n|-start|p1a: Kingambit|perish3|[silent]\n|-start|p1b: Sinistcha|perish3|[silent]\n|-start|p2a: Gengar|perish3|[silent]\n|-start|p2b: Sinistcha|perish3|[silent]\n|-fieldactivate|move: Perish Song\n|move|p1a: Kingambit|Kowtow Cleave|p2b: Sinistcha\n|-supereffective|p2b: Sinistcha|1\n|-damage|p2b: Sinistcha|0 fnt\n|faint|p2b: Sinistcha\n|\n|-start|p2a: Gengar|perish3\n|-start|p1b: Sinistcha|perish3\n|-start|p1a: Kingambit|perish3\n|upkeep\n|\n|t:|1776020148\n|switch|p2b: Basculegion|Basculegion, L50, M|100/100\n|turn|3\n|\n|t:|1776020173\n|switch|p2a: Rotom|Rotom-Wash, L50|100/100\n|move|p1b: Sinistcha|Rage Powder|p1b: Sinistcha\n|-singleturn|p1b: Sinistcha|move: Rage Powder\n|move|p2b: Basculegion|Flip Turn|p1b: Sinistcha\n|-resisted|p1b: Sinistcha|1\n|-damage|p1b: Sinistcha|88/100\n|\n|t:|1776020180\n|switch|p2b: Gengar|Gengar-Mega, L50, M, shiny|100/100|[from] Flip Turn\n|move|p1a: Kingambit|Kowtow Cleave|p2a: Rotom\n|-damage|p2a: Rotom|0 fnt\n|faint|p2a: Rotom\n|\n|-start|p1b: Sinistcha|perish2\n|-start|p1a: Kingambit|perish2\n|upkeep\n|\n|t:|1776020188\n|switch|p2a: Basculegion|Basculegion, L50, M|100/100\n|turn|4\n|\n|t:|1776020197\n|move|p1b: Sinistcha|Rage Powder|p1b: Sinistcha\n|-singleturn|p1b: Sinistcha|move: Rage Powder\n|move|p1a: Kingambit|Sucker Punch|p2a: Basculegion\n|-supereffective|p2a: Basculegion|1\n|-damage|p2a: Basculegion|0 fnt\n|faint|p2a: Basculegion\n|move|p2b: Gengar|Shadow Ball|p1b: Sinistcha\n|-supereffective|p1b: Sinistcha|1\n|-damage|p1b: Sinistcha|19/100\n|-enditem|p1b: Sinistcha|Sitrus Berry|[eat]\n|-heal|p1b: Sinistcha|44/100|[from] item: Sitrus Berry\n|\n|-start|p1b: Sinistcha|perish1\n|-start|p1a: Kingambit|perish1\n|upkeep\n|turn|5\n|c|\u2606Kojiiii|Looks like the clocks on you \ud83e\uddd0\n|\n|t:|1776020218\n|switch|p1b: Kangaskhan|Kangaskhan, L50, F|100/100\n|move|p2b: Gengar|Protect|p2b: Gengar\n|-singleturn|p2b: Gengar|Protect\n|move|p1a: Kingambit|Kowtow Cleave|p2b: Gengar\n|-activate|p2b: Gengar|move: Protect\n|\n|-start|p1a: Kingambit|perish0\n|faint|p1a: Kingambit\n|upkeep\n|\n|t:|1776020229\n|switch|p1a: Floette|Floette-Eternal, L50, F|100/100\n|turn|6\n|\n|t:|1776020235\n|detailschange|p1b: Kangaskhan|Kangaskhan-Mega, L50, F\n|-mega|p1b: Kangaskhan|Kangaskhan|Kangaskhanite\n|move|p1a: Floette|Protect|p1a: Floette\n|-singleturn|p1a: Floette|Protect\n|move|p2b: Gengar|Perish Song|p2b: Gengar\n|-start|p1a: Floette|perish3|[silent]\n|-start|p1b: Kangaskhan|perish3|[silent]\n|-start|p2b: Gengar|perish3|[silent]\n|-fieldactivate|move: Perish Song\n|move|p1b: Kangaskhan|Crunch|p2b: Gengar\n|-supereffective|p2b: Gengar|1\n|-damage|p2b: Gengar|20/100\n|-supereffective|p2b: Gengar|1\n|-damage|p2b: Gengar|2/100\n|-hitcount|p2b: Gengar|2\n|\n|-start|p2b: Gengar|perish3\n|-start|p1b: Kangaskhan|perish3\n|-start|p1a: Floette|perish3\n|upkeep\n|turn|7\n|-message|CaipisaurusRex forfeited.\n|\n|win|Kojiiii\n|raw|Kojiiii's rating: 1152 &rarr; <strong>1178</strong><br />(+26 for winning)\n|raw|CaipisaurusRex's rating: 1160 &rarr; <strong>1134</strong><br />(-26 for losing)\n|l|\u2606CaipisaurusRex\n|player|p2|\n|c|\u2606Kojiiii|Gg\n",
  "uploadtime": 1776020256,
  "views": 16,
  "formatid": "gen9championsvgc2026regma",
  "rating": 1134,
  "private": 0,
  "password": null
}