{
  "id": "gen9championsvgc2026regma-2583810970",
  "format": "[Gen 9 Champions] VGC 2026 Reg M-A",
  "players": [
    "Raplzz",
    "mimilaladodo"
  ],
  "log": "|j|\u2606Raplzz\n|j|\u2606mimilaladodo\n|t:|1776199473\n|gametype|doubles\n|player|p1|Raplzz|wallace|1108\n|player|p2|mimilaladodo|youngcouple|1106\n|gen|9\n|tier|[Gen 9 Champions] VGC 2026 Reg M-A\n|rated|\n|rule|Species Clause: Limit one of each Pok\u00e9mon\n|rule|Item Clause: Limit 1 of each item\n|clearpoke\n|poke|p1|Garchomp, L50, M|\n|poke|p1|Sneasler, L50, F|\n|poke|p1|Gengar, L50, F|\n|poke|p1|Kingambit, L50, M|\n|poke|p1|Basculegion, L50, M|\n|poke|p1|Froslass, L50, F|\n|poke|p2|Rotom, L50|\n|poke|p2|Pikachu, L50, F|\n|poke|p2|Glimmora, L50, M|\n|poke|p2|Ditto, L50|\n|poke|p2|Alcremie, L50, F|\n|poke|p2|Empoleon, L50, F|\n|teampreview|4\n|inactive|Battle timer is ON: inactive players will automatically lose when time's up. (requested by Raplzz)\n|\n|t:|1776199528\n|teamsize|p1|4\n|teamsize|p2|4\n|start\n|switch|p1a: Sneasler|Sneasler, L50, F|100/100\n|switch|p1b: Gengar|Gengar, L50, F|100/100\n|switch|p2a: Rotom|Rotom, L50|100/100\n|switch|p2b: Ditto|Ditto, L50|100/100\n|-transform|p2b: Ditto|p1a: Sneasler|[from] ability: Imposter\n|turn|1\n|inactive|Raplzz has 30 seconds left.\n|\n|t:|1776199555\n|detailschange|p1b: Gengar|Gengar-Mega, L50, F\n|-mega|p1b: Gengar|Gengar|Gengarite\n|move|p1a: Sneasler|Fake Out|p2b: Ditto\n|-damage|p2b: Ditto|73/100\n|-immune|p2b: Ditto\n|cant|p2b: Ditto|flinch\n|move|p2a: Rotom|Shadow Ball|p1b: Gengar\n|-supereffective|p1b: Gengar|1\n|-damage|p1b: Gengar|20/100\n|-unboost|p1b: Gengar|spd|1\n|move|p1b: Gengar|Substitute|p1b: Gengar\n|-fail|p1b: Gengar|move: Substitute|[weak]\n|\n|upkeep\n|turn|2\n|\n|t:|1776199577\n|move|p1b: Gengar|Protect|p1b: Gengar\n|-singleturn|p1b: Gengar|Protect\n|move|p2a: Rotom|Shadow Ball|p1a: Sneasler\n|-damage|p1a: Sneasler|56/100\n|move|p1a: Sneasler|Dire Claw|p2b: Ditto\n|-resisted|p2b: Ditto|1\n|-damage|p2b: Ditto|36/100\n|move|p2b: Ditto|Close Combat|p1a: Sneasler\n|-resisted|p1a: Sneasler|1\n|-damage|p1a: Sneasler|0 fnt\n|-unboost|p2b: Ditto|def|1\n|-unboost|p2b: Ditto|spd|1\n|faint|p1a: Sneasler\n|\n|upkeep\n|\n|t:|1776199595\n|switch|p1a: Basculegion|Basculegion, L50, M|100/100\n|turn|3\n|\n|t:|1776199611\n|move|p2a: Rotom|Shadow Ball|p1a: Basculegion\n|-supereffective|p1a: Basculegion|1\n|-damage|p1a: Basculegion|23/100\n|move|p1b: Gengar|Shadow Ball|p2a: Rotom\n|-supereffective|p2a: Rotom|1\n|-damage|p2a: Rotom|0 fnt\n|faint|p2a: Rotom\n|move|p2b: Ditto|Dire Claw|p1a: Basculegion\n|-resisted|p1a: Basculegion|1\n|-damage|p1a: Basculegion|0 fnt\n|faint|p1a: Basculegion\n|\n|upkeep\n|\n|t:|1776199625\n|switch|p2a: Pikachu|Pikachu, L50, F|100/100\n|switch|p1a: Kingambit|Kingambit, L50, M|100/100\n|turn|4\n|\n|t:|1776199648\n|move|p2a: Pikachu|Upper Hand|p1a: Kingambit\n|-supereffective|p1a: Kingambit|2\n|-enditem|p1a: Kingambit|Chople Berry|[eat]\n|-enditem|p1a: Kingambit|Chople Berry|[weaken]\n|-damage|p1a: Kingambit|63/100\n|cant|p1a: Kingambit|flinch\n|move|p1b: Gengar|Shadow Ball|p2a: Pikachu\n|-damage|p2a: Pikachu|0 fnt\n|faint|p2a: Pikachu\n|move|p2b: Ditto|Dire Claw|p1b: Gengar\n|-resisted|p1b: Gengar|2\n|-damage|p1b: Gengar|4/100\n|\n|upkeep\n|\n|t:|1776199660\n|switch|p2a: Glimmora|Glimmora, L50, M|100/100\n|turn|5\n|inactive|mimilaladodo has 30 seconds left.\n|inactive|mimilaladodo has 20 seconds left.\n|inactive|mimilaladodo has 15 seconds left.\n|\n|t:|1776199704\n|detailschange|p2a: Glimmora|Glimmora-Mega, L50, M\n|-mega|p2a: Glimmora|Glimmora|Glimmoranite\n|move|p2b: Ditto|Protect|p2b: Ditto\n|-singleturn|p2b: Ditto|Protect\n|move|p1b: Gengar|Shadow Ball|p2b: Ditto\n|-activate|p2b: Ditto|move: Protect\n|move|p2a: Glimmora|Earth Power|p1a: Kingambit\n|-supereffective|p1a: Kingambit|1\n|-damage|p1a: Kingambit|0 fnt\n|faint|p1a: Kingambit\n|\n|upkeep\n|turn|6\n|-message|Raplzz forfeited.\n|\n|win|mimilaladodo\n|raw|Raplzz's rating: 1108 &rarr; <strong>1083</strong><br />(-25 for losing)\n|raw|mimilaladodo's rating: 1106 &rarr; <strong>1131</strong><br />(+25 for winning)\n|l|\u2606Raplzz\n|player|p1|\n",
  "uploadtime": 1776199736,
  "views": 13,
  "formatid": "gen9championsvgc2026regma",
  "rating": 1083,
  "private": 0,
  "password": null
}