{
  "id": "gen9championsvgc2026regma-2582520858",
  "format": "[Gen 9 Champions] VGC 2026 Reg M-A",
  "players": [
    "azumarillsky",
    "jibaobao"
  ],
  "log": "|j|\u2606azumarillsky\n|j|\u2606jibaobao\n|t:|1776096963\n|gametype|doubles\n|player|p1|azumarillsky|170|1462\n|player|p2|jibaobao|101|1384\n|gen|9\n|tier|[Gen 9 Champions] VGC 2026 Reg M-A\n|rated|\n|rule|Species Clause: Limit one of each Pok\u00e9mon\n|rule|Item Clause: Limit 1 of each item\n|clearpoke\n|poke|p1|Lopunny, L50, F|\n|poke|p1|Kingambit, L50, M|\n|poke|p1|Kommo-o, L50, M|\n|poke|p1|Scizor, L50, M|\n|poke|p1|Pelipper, L50, F|\n|poke|p1|Primarina, L50, M|\n|poke|p2|Whimsicott, L50, F|\n|poke|p2|Gengar, L50, F|\n|poke|p2|Charizard, L50, F|\n|poke|p2|Kommo-o, L50, M|\n|poke|p2|Incineroar, L50, M|\n|poke|p2|Sneasler, L50, M|\n|teampreview|4\n|\n|t:|1776097003\n|teamsize|p1|4\n|teamsize|p2|4\n|start\n|switch|p1a: Lopunny|Lopunny, L50, F|100/100\n|switch|p1b: Primarina|Primarina, L50, M|100/100\n|switch|p2a: Gengar|Gengar, L50, F|100/100\n|switch|p2b: Sneasler|Sneasler, L50, M|100/100\n|turn|1\n|inactive|Battle timer is ON: inactive players will automatically lose when time's up. (requested by azumarillsky)\n|\n|t:|1776097019\n|switch|p2b: Whimsicott|Whimsicott, L50, F|100/100\n|detailschange|p2a: Gengar|Gengar-Mega, L50, F\n|-mega|p2a: Gengar|Gengar|Gengarite\n|detailschange|p1a: Lopunny|Lopunny-Mega, L50, F\n|-mega|p1a: Lopunny|Lopunny|Lopunnite\n|move|p2a: Gengar|Protect|p2a: Gengar\n|-singleturn|p2a: Gengar|Protect\n|move|p1a: Lopunny|Fake Out|p2b: Whimsicott\n|-damage|p2b: Whimsicott|82/100\n|move|p1b: Primarina|Hyper Voice|p2b: Whimsicott|[spread] p2b\n|-activate|p2a: Gengar|move: Protect\n|-resisted|p2b: Whimsicott|1\n|-damage|p2b: Whimsicott|59/100\n|\n|upkeep\n|turn|2\n|\n|t:|1776097037\n|move|p1a: Lopunny|Quick Attack|p2b: Whimsicott\n|-damage|p2b: Whimsicott|40/100\n|move|p2b: Whimsicott|Encore|p1a: Lopunny\n|-start|p1a: Lopunny|Encore\n|move|p2a: Gengar|Disable|p1b: Primarina\n|-start|p1b: Primarina|Disable|Hyper Voice\n|move|p1b: Primarina|Moonblast|p2b: Whimsicott\n|-damage|p2b: Whimsicott|0 fnt\n|faint|p2b: Whimsicott\n|\n|upkeep\n|j| zane121\n|\n|t:|1776097052\n|switch|p2b: Kommo-o|Kommo-o, L50, M|100/100\n|turn|3\n|l| zane121\n|\n|t:|1776097062\n|move|p2b: Kommo-o|Protect|p2b: Kommo-o\n|-singleturn|p2b: Kommo-o|Protect\n|move|p1a: Lopunny|Quick Attack|p2a: Gengar\n|-damage|p2a: Gengar|66/100\n|move|p2a: Gengar|Sludge Bomb|p1b: Primarina\n|-supereffective|p1b: Primarina|1\n|-enditem|p1b: Primarina|Focus Sash\n|-damage|p1b: Primarina|1/100\n|-status|p1b: Primarina|psn\n|move|p1b: Primarina|Moonblast|p2b: Kommo-o\n|-activate|p2b: Kommo-o|move: Protect\n|\n|-damage|p1b: Primarina|0 fnt|[from] psn\n|faint|p1b: Primarina\n|upkeep\n|\n|t:|1776097076\n|switch|p1b: Kommo-o|Kommo-o, L50, M|100/100\n|turn|4\n|\n|t:|1776097090\n|move|p1a: Lopunny|Quick Attack|p2a: Gengar\n|-damage|p2a: Gengar|33/100\n|move|p2a: Gengar|Sludge Bomb|p1b: Kommo-o\n|-damage|p1b: Kommo-o|33/100\n|-status|p1b: Kommo-o|psn\n|-enditem|p1b: Kommo-o|Sitrus Berry|[eat]\n|-heal|p1b: Kommo-o|58/100 psn|[from] item: Sitrus Berry\n|move|p1b: Kommo-o|Clangorous Soul|p1b: Kommo-o\n|-boost|p1b: Kommo-o|atk|1\n|-boost|p1b: Kommo-o|def|1\n|-boost|p1b: Kommo-o|spa|1\n|-boost|p1b: Kommo-o|spd|1\n|-boost|p1b: Kommo-o|spe|1\n|-damage|p1b: Kommo-o|25/100 psn\n|move|p2b: Kommo-o|Clangorous Soul|p2b: Kommo-o\n|-boost|p2b: Kommo-o|atk|1\n|-boost|p2b: Kommo-o|def|1\n|-boost|p2b: Kommo-o|spa|1\n|-boost|p2b: Kommo-o|spd|1\n|-boost|p2b: Kommo-o|spe|1\n|-damage|p2b: Kommo-o|68/100\n|\n|-heal|p2b: Kommo-o|74/100|[from] item: Leftovers\n|-damage|p1b: Kommo-o|12/100 psn|[from] psn\n|upkeep\n|turn|5\n|inactive|azumarillsky has 30 seconds left.\n|inactive|jibaobao has 30 seconds left.\n|\n|t:|1776097121\n|move|p2a: Gengar|Protect|p2a: Gengar\n|-singleturn|p2a: Gengar|Protect\n|move|p1a: Lopunny|Quick Attack|p2a: Gengar\n|-activate|p2a: Gengar|move: Protect\n|move|p1b: Kommo-o|Aura Sphere|p2b: Kommo-o\n|-damage|p2b: Kommo-o|36/100\n|move|p2b: Kommo-o|Aura Sphere|p1a: Lopunny\n|-supereffective|p1a: Lopunny|1\n|-damage|p1a: Lopunny|0 fnt\n|faint|p1a: Lopunny\n|\n|-heal|p2b: Kommo-o|42/100|[from] item: Leftovers\n|-damage|p1b: Kommo-o|0 fnt|[from] psn\n|faint|p1b: Kommo-o\n|upkeep\n|-message|azumarillsky forfeited.\n|\n|win|jibaobao\n|raw|azumarillsky's rating: 1462 &rarr; <strong>1438</strong><br />(-24 for losing)\n|raw|jibaobao's rating: 1384 &rarr; <strong>1408</strong><br />(+24 for winning)\n|l|\u2606azumarillsky\n|player|p1|\n",
  "uploadtime": 1776097155,
  "views": 44,
  "formatid": "gen9championsvgc2026regma",
  "rating": 1408,
  "private": 0,
  "password": null
}