{
  "id": "gen9championsvgc2026regma-2586994872",
  "format": "[Gen 9 Champions] VGC 2026 Reg M-A",
  "players": [
    "Amukhan",
    "jcxyz09"
  ],
  "log": "|j|\u2606Amukhan\n|j|\u2606jcxyz09\n|t:|1776479317\n|gametype|doubles\n|player|p1|Amukhan|ingo|1103\n|player|p2|jcxyz09|170|1000\n|gen|9\n|tier|[Gen 9 Champions] VGC 2026 Reg M-A\n|rated|\n|rule|Species Clause: Limit one of each Pok\u00e9mon\n|rule|Item Clause: Limit 1 of each item\n|clearpoke\n|poke|p1|Whimsicott, L50, F|\n|poke|p1|Tyranitar, L50, F|\n|poke|p1|Garchomp, L50, F|\n|poke|p1|Basculegion, L50, M|\n|poke|p1|Glimmora, L50, M|\n|poke|p1|Corviknight, L50, F|\n|poke|p2|Charizard, L50, M|\n|poke|p2|Sinistcha-Masterpiece, L50|\n|poke|p2|Incineroar, L50, M|\n|poke|p2|Milotic, L50, F|\n|poke|p2|Aerodactyl, L50, F|\n|poke|p2|Mimikyu, L50, M|\n|teampreview|4\njcxyz09 rejected open team sheets.\n|\n|t:|1776479360\n|teamsize|p1|4\n|teamsize|p2|4\n|start\n|switch|p1a: Glimmora|Glimmora, L50, M, shiny|100/100\n|switch|p1b: Whimsicott|Whimsicott, L50, F, shiny|100/100\n|switch|p2a: Milotic|Milotic, L50, F, shiny|100/100\n|switch|p2b: Sinistcha|Sinistcha-Masterpiece, L50|100/100\n|turn|1\n|\n|t:|1776479386\n|detailschange|p1a: Glimmora|Glimmora-Mega, L50, M, shiny\n|-mega|p1a: Glimmora|Glimmora|Glimmoranite\n|move|p1b: Whimsicott|Fake Tears|p2b: Sinistcha\n|-unboost|p2b: Sinistcha|spd|2\n|move|p1a: Glimmora|Sludge Bomb|p2b: Sinistcha\n|-damage|p2b: Sinistcha|0 fnt\n|faint|p2b: Sinistcha\n|move|p2a: Milotic|Ice Beam|p1b: Whimsicott\n|-supereffective|p1b: Whimsicott|1\n|-damage|p1b: Whimsicott|26/100\n|\n|upkeep\n|\n|t:|1776479401\n|switch|p2b: Charizard|Charizard, L50, M|100/100\n|turn|2\n|\n|t:|1776479420\n|detailschange|p2b: Charizard|Charizard-Mega-X, L50, M\n|-mega|p2b: Charizard|Charizard|Charizardite X\n|move|p1b: Whimsicott|Tailwind|p1b: Whimsicott\n|-sidestart|p1: Amukhan|move: Tailwind\n|move|p1a: Glimmora|Power Gem|p2b: Charizard\n|-supereffective|p2b: Charizard|1\n|-damage|p2b: Charizard|0 fnt\n|faint|p2b: Charizard\n|move|p2a: Milotic|Scald|p1a: Glimmora\n|-supereffective|p1a: Glimmora|1\n|-damage|p1a: Glimmora|33/100\n|-status|p1a: Glimmora|brn\n|\n|-damage|p1a: Glimmora|27/100 brn|[from] brn\n|upkeep\n|\n|t:|1776479429\n|switch|p2b: Mimikyu|Mimikyu, L50, M|100/100\n|turn|3\n|\n|t:|1776479444\n|move|p1b: Whimsicott|Fake Tears|p2a: Milotic\n|-unboost|p2a: Milotic|spd|2\n|-ability|p2a: Milotic|Competitive|boost\n|-boost|p2a: Milotic|spa|2\n|move|p1a: Glimmora|Sludge Bomb|p2a: Milotic\n|-damage|p2a: Milotic|0 fnt\n|faint|p2a: Milotic\n|move|p2b: Mimikyu|Swords Dance|p2b: Mimikyu\n|-boost|p2b: Mimikyu|atk|2\n|\n|-damage|p1a: Glimmora|22/100 brn|[from] brn\n|upkeep\n|turn|4\n|\n|t:|1776479465\n|move|p1a: Glimmora|Spiky Shield|p1a: Glimmora\n|-singleturn|p1a: Glimmora|move: Protect\n|move|p2b: Mimikyu|Shadow Sneak|p1a: Glimmora\n|-activate|p1a: Glimmora|move: Protect\n|-damage|p2b: Mimikyu|88/100|[from] Spiky Shield|[of] p1a: Glimmora\n|move|p1b: Whimsicott|Moonblast|p2b: Mimikyu\n|-activate|p2b: Mimikyu|ability: Disguise\n|-damage|p2b: Mimikyu|88/100\n|detailschange|p2b: Mimikyu|Mimikyu-Busted, L50, M\n|-damage|p2b: Mimikyu|76/100|[from] pokemon: Mimikyu-Busted\n|\n|-damage|p1a: Glimmora|16/100 brn|[from] brn\n|upkeep\n|turn|5\n|inactive|Battle timer is ON: inactive players will automatically lose when time's up. (requested by jcxyz09)\n|\n|t:|1776479485\n|move|p1b: Whimsicott|Tickle|p2b: Mimikyu\n|-unboost|p2b: Mimikyu|atk|1\n|-unboost|p2b: Mimikyu|def|1\n|move|p2b: Mimikyu|Shadow Sneak|p1b: Whimsicott\n|-damage|p1b: Whimsicott|0 fnt\n|faint|p1b: Whimsicott\n|move|p1a: Glimmora|Sludge Bomb|p2b: Mimikyu\n|-damage|p2b: Mimikyu|0 fnt\n|faint|p2b: Mimikyu\n|\n|win|Amukhan\n|raw|Amukhan's rating: 1103 &rarr; <strong>1121</strong><br />(+18 for winning)\n|raw|jcxyz09's rating: 1000 &rarr; <strong>1000</strong><br />(+0 for losing)\n",
  "uploadtime": 1776479496,
  "views": 12,
  "formatid": "gen9championsvgc2026regma",
  "rating": 1000,
  "private": 0,
  "password": null
}