{
  "id": "gen9championsvgc2026regma-2584691548",
  "format": "[Gen 9 Champions] VGC 2026 Reg M-A",
  "players": [
    "magdalium",
    "L_Yami_H"
  ],
  "log": "|j|\u2606magdalium\n|j|\u2606L_Yami_H\n|t:|1776277094\n|gametype|doubles\n|player|p1|magdalium|bugcatcher-gen4dp|1503\n|player|p2|L_Yami_H|ghetsis|1424\n|gen|9\n|tier|[Gen 9 Champions] VGC 2026 Reg M-A\n|rated|\n|rule|Species Clause: Limit one of each Pok\u00e9mon\n|rule|Item Clause: Limit 1 of each item\n|clearpoke\n|poke|p1|Floette-Eternal, L50, F|\n|poke|p1|Aerodactyl, L50, F|\n|poke|p1|Rotom-Wash, L50|\n|poke|p1|Sinistcha, L50|\n|poke|p1|Garchomp, L50, M|\n|poke|p1|Orthworm, L50, F|\n|poke|p2|Sableye, L50, M|\n|poke|p2|Victreebel, L50, F|\n|poke|p2|Kingambit, L50, M|\n|poke|p2|Sneasler, L50, F|\n|poke|p2|Araquanid, L50, F|\n|poke|p2|Arcanine, L50, M|\n|teampreview|4\n|inactive|Battle timer is ON: inactive players will automatically lose when time's up. (requested by L_Yami_H)\n|inactive|magdalium has 60 seconds left.\n|\n|t:|1776277169\n|teamsize|p1|4\n|teamsize|p2|4\n|start\n|switch|p1a: Rotom|Rotom-Wash, L50|100/100\n|switch|p1b: Aerodactyl|Aerodactyl, L50, F|100/100\n|switch|p2a: Yami|Sableye, L50, M|100/100\n|switch|p2b: Baret|Victreebel, L50, F, shiny|100/100\n|-ability|p1b: Aerodactyl|Unnerve\n|turn|1\n|\n|t:|1776277185\n|detailschange|p2b: Baret|Victreebel-Mega, L50, F, shiny\n|-mega|p2b: Baret|Victreebel|Victreebelite\n|move|p2a: Yami|Fake Out|p1b: Aerodactyl\n|-resisted|p1b: Aerodactyl|1\n|-damage|p1b: Aerodactyl|92/100\n|cant|p1b: Aerodactyl|flinch\n|move|p2b: Baret|Giga Drain|p1b: Aerodactyl\n|-damage|p1b: Aerodactyl|39/100\n|move|p1a: Rotom|Eerie Impulse|p2b: Baret\n|-unboost|p2b: Baret|spa|2\n|\n|upkeep\n|turn|2\n|\n|t:|1776277203\n|move|p2a: Yami|Sucker Punch|p1b: Aerodactyl\n|-damage|p1b: Aerodactyl|0 fnt\n|faint|p1b: Aerodactyl\n|move|p2b: Baret|Sludge Bomb|p1a: Rotom\n|-damage|p1a: Rotom|77/100\n|move|p1a: Rotom|Hydro Pump|p2a: Yami\n|-damage|p2a: Yami|37/100\n|\n|-heal|p1a: Rotom|83/100|[from] item: Leftovers\n|upkeep\n|\n|t:|1776277213\n|switch|p1b: Garchomp|Garchomp, L50, M|100/100\n|turn|3\n|\n|t:|1776277233\n|move|p2a: Yami|Skill Swap|p2b: Baret\n|-activate|p2a: Yami|Skill Swap|||[of] p2b: Baret\n|move|p1b: Garchomp|Earthquake|p2a: Yami|[spread] p2a,p2b\n|-immune|p1a: Rotom|[from] ability: Levitate\n|-damage|p2a: Yami|0 fnt\n|-damage|p2b: Baret|61/100\n|-damage|p1b: Garchomp|69/100|[from] ability: Innards Out|[of] p2a: Yami\n|faint|p2a: Yami\n|move|p2b: Baret|Giga Drain|p1a: Rotom\n|-supereffective|p1a: Rotom|1\n|-damage|p1a: Rotom|39/100\n|-heal|p2b: Baret|79/100|[from] drain|[of] p1a: Rotom\n|move|p1a: Rotom|Eerie Impulse|p2b: Baret\n|-unboost|p2b: Baret|spa|2\n|\n|-heal|p1a: Rotom|45/100|[from] item: Leftovers\n|upkeep\n|\n|t:|1776277250\n|switch|p2a: Gabu|Arcanine, L50, M|100/100\n|-ability|p2a: Gabu|Intimidate|boost\n|-unboost|p1a: Rotom|atk|1\n|-unboost|p1b: Garchomp|atk|1\n|-enditem|p1b: Garchomp|White Herb\n|-clearnegativeboost|p1b: Garchomp|[silent]\n|turn|4\n|\n|t:|1776277258\n|switch|p2a: Weeber|Araquanid, L50, F|100/100\n|move|p1b: Garchomp|Earthquake|p2b: Baret|[spread] p2a,p2b\n|-immune|p1a: Rotom|[from] ability: Levitate\n|-resisted|p2a: Weeber|1\n|-damage|p2a: Weeber|80/100\n|-damage|p2b: Baret|32/100\n|move|p2b: Baret|Giga Drain|p1a: Rotom\n|-supereffective|p1a: Rotom|1\n|-damage|p1a: Rotom|15/100\n|-heal|p2b: Baret|45/100|[from] drain|[of] p1a: Rotom\n|move|p1a: Rotom|Hydro Pump|p2a: Weeber\n|-resisted|p2a: Weeber|1\n|-damage|p2a: Weeber|64/100\n|\n|-heal|p1a: Rotom|20/100|[from] item: Leftovers\n|-heal|p2a: Weeber|70/100|[from] item: Leftovers\n|upkeep\n|turn|5\n|\n|t:|1776277276\n|switch|p1a: Floette|Floette-Eternal, L50, F|100/100\n|move|p2a: Weeber|Protect|p2a: Weeber\n|-singleturn|p2a: Weeber|Protect\n|move|p2b: Baret|Strength Sap|p1b: Garchomp\n|-unboost|p1b: Garchomp|atk|1\n|-heal|p2b: Baret|100/100\n|move|p1b: Garchomp|Rock Slide|p2b: Baret|[spread] p2b\n|-activate|p2a: Weeber|move: Protect\n|-damage|p2b: Baret|87/100\n|\n|-heal|p2a: Weeber|75/100|[from] item: Leftovers\n|upkeep\n|turn|6\n|j| newmegasbad\n|\n|t:|1776277295\n|detailschange|p1a: Floette|Floette-Mega, L50, F\n|-mega|p1a: Floette|Floette|Floettite\n|-ability|p1a: Floette|Fairy Aura\n|move|p2b: Baret|Sleep Powder|p1b: Garchomp|[miss]\n|-miss|p2b: Baret|p1b: Garchomp\n|move|p1b: Garchomp|Rock Slide|p2b: Baret|[spread] p2a,p2b\n|-supereffective|p2a: Weeber|1\n|-damage|p2a: Weeber|46/100\n|-damage|p2b: Baret|71/100\n|move|p1a: Floette|Calm Mind|p1a: Floette\n|-boost|p1a: Floette|spa|1\n|-boost|p1a: Floette|spd|1\n|move|p2a: Weeber|Liquidation|p1a: Floette\n|-damage|p1a: Floette|20/100\n|\n|-heal|p2a: Weeber|51/100|[from] item: Leftovers\n|upkeep\n|turn|7\n|\n|t:|1776277319\n|move|p2a: Weeber|Wide Guard|p2a: Weeber\n|-singleturn|p2a: Weeber|Wide Guard\n|move|p1b: Garchomp|Rock Slide|p2b: Baret|[spread] \n|-activate|p2a: Weeber|move: Wide Guard\n|-activate|p2b: Baret|move: Wide Guard\n|move|p1a: Floette|Dazzling Gleam|p2a: Weeber|[spread] \n|-activate|p2a: Weeber|move: Wide Guard\n|-activate|p2b: Baret|move: Wide Guard\n|move|p2b: Baret|Sludge Bomb|p1a: Floette\n|-supereffective|p1a: Floette|1\n|-damage|p1a: Floette|4/100\n|\n|-heal|p2a: Weeber|57/100|[from] item: Leftovers\n|upkeep\n|turn|8\n|j| Aniaforget\n|-message|magdalium forfeited.\n|\n|win|L_Yami_H\n|raw|magdalium's rating: 1503 &rarr; <strong>1479</strong><br />(-24 for losing)\n|raw|L_Yami_H's rating: 1424 &rarr; <strong>1448</strong><br />(+24 for winning)\n|l|\u2606magdalium\n|player|p1|\n",
  "uploadtime": 1776277335,
  "views": 42,
  "formatid": "gen9championsvgc2026regma",
  "rating": 1448,
  "private": 0,
  "password": null
}