{
  "id": "gen9championsvgc2026regma-2582346951",
  "format": "[Gen 9 Champions] VGC 2026 Reg M-A",
  "players": [
    "icantmakenewmetas",
    "Brofessor_X1"
  ],
  "log": "|j|\u2606icantmakenewmetas\n|j|\u2606Brofessor_X1\n|t:|1776085281\n|gametype|doubles\n|player|p1|icantmakenewmetas|colress|1037\n|player|p2|Brofessor_X1|266|1054\n|gen|9\n|tier|[Gen 9 Champions] VGC 2026 Reg M-A\n|rated|\n|rule|Species Clause: Limit one of each Pok\u00e9mon\n|rule|Item Clause: Limit 1 of each item\n|clearpoke\n|poke|p1|Starmie, L50|\n|poke|p1|Rotom-Wash, L50|\n|poke|p1|Aegislash, L50, M|\n|poke|p1|Mamoswine, L50, F|\n|poke|p1|Talonflame, L50, F|\n|poke|p1|Tyranitar, L50, M|\n|poke|p2|Charizard, L50, M|\n|poke|p2|Whimsicott, L50, F|\n|poke|p2|Venusaur, L50, M|\n|poke|p2|Incineroar, L50, M|\n|poke|p2|Aegislash, L50, M|\n|poke|p2|Garchomp, L50, M|\n|teampreview|4\n|inactive|Battle timer is ON: inactive players will automatically lose when time's up. (requested by icantmakenewmetas)\n|\n|t:|1776085317\n|teamsize|p1|4\n|teamsize|p2|4\n|start\n|switch|p1a: Starmie|Starmie, L50|100/100\n|switch|p1b: Tyranitar|Tyranitar, L50, M|100/100\n|switch|p2a: Incineroar|Incineroar, L50, M|100/100\n|switch|p2b: Whimsicott|Whimsicott, L50, F|100/100\n|-weather|Sandstorm|[from] ability: Sand Stream|[of] p1b: Tyranitar\n|-ability|p2a: Incineroar|Intimidate|boost\n|-unboost|p1a: Starmie|atk|1\n|-unboost|p1b: Tyranitar|atk|1\n|turn|1\n|\n|t:|1776085339\n|switch|p1b: Talonflame|Talonflame, L50, F|100/100\n|move|p1a: Starmie|Protect|p1a: Starmie\n|-singleturn|p1a: Starmie|Protect\n|move|p2a: Incineroar|Fake Out|p1b: Talonflame\n|-damage|p1b: Talonflame|86/100\n|move|p2b: Whimsicott|Tailwind|p2b: Whimsicott\n|-sidestart|p2: Brofessor_X1|move: Tailwind\n|\n|-weather|Sandstorm|[upkeep]\n|-damage|p2b: Whimsicott|95/100|[from] Sandstorm\n|-damage|p1b: Talonflame|80/100|[from] Sandstorm\n|-damage|p1a: Starmie|95/100|[from] Sandstorm\n|-damage|p2a: Incineroar|94/100|[from] Sandstorm\n|upkeep\n|turn|2\n|inactive|icantmakenewmetas has 30 seconds left.\n|\n|t:|1776085370\n|switch|p1a: Tyranitar|Tyranitar, L50, M|100/100\n|move|p2b: Whimsicott|Taunt|p1b: Talonflame\n|-start|p1b: Talonflame|move: Taunt\n|-enditem|p1b: Talonflame|Mental Herb\n|-end|p1b: Talonflame|move: Taunt\n|move|p1b: Talonflame|Tailwind|p1b: Talonflame\n|-sidestart|p1: icantmakenewmetas|move: Tailwind\n|move|p2a: Incineroar|Throat Chop|p1a: Tyranitar\n|-resisted|p1a: Tyranitar|1\n|-damage|p1a: Tyranitar|83/100\n|-start|p1a: Tyranitar|Throat Chop|[silent]\n|\n|-weather|Sandstorm|[upkeep]\n|-damage|p1b: Talonflame|74/100|[from] Sandstorm\n|-damage|p2b: Whimsicott|89/100|[from] Sandstorm\n|-damage|p2a: Incineroar|88/100|[from] Sandstorm\n|upkeep\n|turn|3\n|\n|t:|1776085394\n|switch|p1b: Starmie|Starmie, L50|95/100\n|move|p2b: Whimsicott|Protect|p2b: Whimsicott\n|-singleturn|p2b: Whimsicott|Protect\n|move|p1a: Tyranitar|Rock Slide|p2b: Whimsicott|[spread] p2a\n|-activate|p2b: Whimsicott|move: Protect\n|-supereffective|p2a: Incineroar|1\n|-damage|p2a: Incineroar|37/100\n|-enditem|p2a: Incineroar|Sitrus Berry|[eat]\n|-heal|p2a: Incineroar|62/100|[from] item: Sitrus Berry\n|cant|p2a: Incineroar|flinch\n|\n|-weather|Sandstorm|[upkeep]\n|-damage|p2b: Whimsicott|83/100|[from] Sandstorm\n|-damage|p1b: Starmie|89/100|[from] Sandstorm\n|-damage|p2a: Incineroar|56/100|[from] Sandstorm\n|-end|p1a: Tyranitar|Throat Chop|[silent]\n|upkeep\n|turn|4\n|\n|t:|1776085414\n|detailschange|p1b: Starmie|Starmie-Mega, L50\n|-mega|p1b: Starmie|Starmie|Starminite\n|move|p1b: Starmie|Skill Swap|p1a: Tyranitar\n|-activate|p1b: Starmie|Skill Swap|||[of] p1a: Tyranitar\n|move|p1a: Tyranitar|Rock Slide|p2a: Incineroar|[spread] p2a,p2b\n|-supereffective|p2a: Incineroar|1\n|-damage|p2a: Incineroar|0 fnt\n|-damage|p2b: Whimsicott|0 fnt\n|faint|p2a: Incineroar\n|faint|p2b: Whimsicott\n|\n|-weather|Sandstorm|[upkeep]\n|-damage|p1b: Starmie|83/100|[from] Sandstorm\n|-sideend|p2: Brofessor_X1|move: Tailwind\n|upkeep\n|\n|t:|1776085425\n|switch|p2b: Aegislash|Aegislash, L50, M|100/100\n|switch|p2a: Charizard|Charizard, L50, M|100/100\n|turn|5\n|c|\u2606Brofessor_X1|lol you watched Wolfey's video I see\n|c|\u2606icantmakenewmetas|yessir\n|c|\u2606icantmakenewmetas|and this is my first time playing vgc lol\n|inactive|icantmakenewmetas has 30 seconds left.\n|\n|t:|1776085456\n|switch|p1b: Talonflame|Talonflame, L50, F|74/100\n|detailschange|p2a: Charizard|Charizard-Mega-Y, L50, M\n|-mega|p2a: Charizard|Charizard|Charizardite Y\n|-weather|SunnyDay|[from] ability: Drought|[of] p2a: Charizard\n|move|p1a: Tyranitar|Rock Slide|p2a: Charizard|[spread] p2a\n|-miss|p1a: Tyranitar|p2b: Aegislash\n|-supereffective|p2a: Charizard|2\n|-damage|p2a: Charizard|0 fnt\n|faint|p2a: Charizard\n|-formechange|p2b: Aegislash|Aegislash-Blade|\n|move|p2b: Aegislash|Flash Cannon|p1a: Tyranitar\n|-supereffective|p1a: Tyranitar|1\n|-damage|p1a: Tyranitar|0 fnt\n|faint|p1a: Tyranitar\n|\n|-weather|SunnyDay|[upkeep]\n|-sideend|p1: icantmakenewmetas|move: Tailwind\n|upkeep\n|-message|Brofessor_X1 forfeited.\n|\n|win|icantmakenewmetas\n|raw|icantmakenewmetas's rating: 1037 &rarr; <strong>1073</strong><br />(+36 for winning)\n|raw|Brofessor_X1's rating: 1054 &rarr; <strong>1035</strong><br />(-19 for losing)\n|l|\u2606Brofessor_X1\n|player|p2|\n|c|\u2606icantmakenewmetas|gg\n",
  "uploadtime": 1776085476,
  "views": 10,
  "formatid": "gen9championsvgc2026regma",
  "rating": 1035,
  "private": 0,
  "password": null
}