{
  "id": "gen9championsvgc2026regma-2585462585",
  "format": "[Gen 9 Champions] VGC 2026 Reg M-A",
  "players": [
    "goddeadyt",
    "themegaisiug"
  ],
  "log": "|j|\u2606goddeadyt\n|j|\u2606themegaisiug\n|t:|1776348926\n|gametype|doubles\n|player|p1|goddeadyt|ingo|1089\n|player|p2|themegaisiug|boarder|1054\n|gen|9\n|tier|[Gen 9 Champions] VGC 2026 Reg M-A\n|rated|\n|rule|Species Clause: Limit one of each Pok\u00e9mon\n|rule|Item Clause: Limit 1 of each item\n|clearpoke\n|poke|p1|Glimmora, L50, F|\n|poke|p1|Talonflame, L50, F|\n|poke|p1|Sneasler, L50, M|\n|poke|p1|Milotic, L50, M|\n|poke|p1|Tyranitar, L50, M|\n|poke|p1|Excadrill, L50, F|\n|poke|p2|Charizard, L50, M|\n|poke|p2|Kingambit, L50, M|\n|poke|p2|Incineroar, L50, F|\n|poke|p2|Floette-Eternal, L50, F|\n|poke|p2|Aerodactyl, L50, F|\n|poke|p2|Sneasler, L50, M|\n|teampreview|4\n|inactive|Battle timer is ON: inactive players will automatically lose when time's up. (requested by goddeadyt)\n|inactive|goddeadyt has 60 seconds left.\n|inactive|themegaisiug has 60 seconds left.\n|\n|t:|1776348984\n|teamsize|p1|4\n|teamsize|p2|4\n|start\n|switch|p1a: Glimmora|Glimmora, L50, F, shiny|100/100\n|switch|p1b: Excadrill|Excadrill, L50, F|100/100\n|switch|p2a: Aerodactyl|Aerodactyl, L50, F|100/100\n|switch|p2b: Sneasler|Sneasler, L50, M|100/100\n|-ability|p2a: Aerodactyl|Unnerve\n|turn|1\n|inactive|themegaisiug has 30 seconds left.\n|\n|t:|1776349015\n|switch|p1b: Tyranitar|Tyranitar, L50, M|100/100\n|-weather|Sandstorm|[from] ability: Sand Stream|[of] p1b: Tyranitar\n|detailschange|p1a: Glimmora|Glimmora-Mega, L50, F, shiny\n|-mega|p1a: Glimmora|Glimmora|Glimmoranite\n|move|p2b: Sneasler|Fake Out|p1a: Glimmora\n|-resisted|p1a: Glimmora|1\n|-damage|p1a: Glimmora|92/100\n|move|p2a: Aerodactyl|Tailwind|p2a: Aerodactyl\n|-sidestart|p2: themegaisiug|move: Tailwind\n|cant|p1a: Glimmora|flinch\n|\n|-weather|Sandstorm|[upkeep]\n|-damage|p2b: Sneasler|95/100|[from] Sandstorm\n|upkeep\n|turn|2\n|inactive|themegaisiug has 30 seconds left.\n|inactive|goddeadyt has 30 seconds left.\n|\n|t:|1776349046\n|move|p1b: Tyranitar|Protect|p1b: Tyranitar\n|-singleturn|p1b: Tyranitar|Protect\n|move|p2a: Aerodactyl|Dual Wingbeat|p1a: Glimmora\n|-resisted|p1a: Glimmora|1\n|-damage|p1a: Glimmora|82/100\n|-resisted|p1a: Glimmora|1\n|-damage|p1a: Glimmora|73/100\n|-hitcount|p1a: Glimmora|2\n|move|p2b: Sneasler|Close Combat|p1a: Glimmora\n|-damage|p1a: Glimmora|0 fnt\n|-unboost|p2b: Sneasler|def|1\n|-unboost|p2b: Sneasler|spd|1\n|faint|p1a: Glimmora\n|-enditem|p2b: Sneasler|White Herb\n|-clearnegativeboost|p2b: Sneasler|[silent]\n|\n|-weather|Sandstorm|[upkeep]\n|-damage|p2b: Sneasler|89/100|[from] Sandstorm\n|upkeep\n|\n|t:|1776349057\n|switch|p1a: Excadrill|Excadrill, L50, F|100/100\n|turn|3\n|\n|t:|1776349073\n|switch|p1b: Milotic|Milotic, L50, M, shiny|100/100\n|move|p2b: Sneasler|Close Combat|p1b: Milotic\n|-damage|p1b: Milotic|18/100\n|-unboost|p2b: Sneasler|def|1\n|-unboost|p2b: Sneasler|spd|1\n|move|p2a: Aerodactyl|Rock Slide|p1a: Excadrill|[spread] p1a,p1b\n|-resisted|p1a: Excadrill|2\n|-damage|p1a: Excadrill|92/100\n|-damage|p1b: Milotic|0 fnt\n|faint|p1b: Milotic\n|move|p1a: Excadrill|Earthquake|p2b: Sneasler|[spread] p2b\n|-immune|p2a: Aerodactyl\n|-supereffective|p2b: Sneasler|1\n|-damage|p2b: Sneasler|0 fnt\n|faint|p2b: Sneasler\n|\n|-weather|Sandstorm|[upkeep]\n|upkeep\n|inactive|goddeadyt has 30 seconds left.\n|\n|t:|1776349107\n|switch|p2b: Incineroar|Incineroar, L50, F|100/100\n|switch|p1b: Tyranitar|Tyranitar, L50, M|100/100\n|-ability|p2b: Incineroar|Intimidate|boost\n|-unboost|p1a: Excadrill|atk|1\n|-unboost|p1b: Tyranitar|atk|1\n|-enditem|p1a: Excadrill|White Herb\n|-clearnegativeboost|p1a: Excadrill|[silent]\n|turn|4\n|inactive|themegaisiug has 30 seconds left.\n|\n|t:|1776349133\n|move|p2a: Aerodactyl|Protect|p2a: Aerodactyl\n|-singleturn|p2a: Aerodactyl|Protect\n|move|p1a: Excadrill|Rock Slide|p2a: Aerodactyl|[spread] p2b\n|-activate|p2a: Aerodactyl|move: Protect\n|-supereffective|p2b: Incineroar|1\n|-damage|p2b: Incineroar|72/100\n|move|p2b: Incineroar|Flare Blitz|p1a: Excadrill\n|-supereffective|p1a: Excadrill|1\n|-damage|p1a: Excadrill|0 fnt\n|faint|p1a: Excadrill\n|-damage|p2b: Incineroar|44/100|[from] Recoil\n|move|p1b: Tyranitar|Rock Slide|p2b: Incineroar|[spread] \n|-activate|p2a: Aerodactyl|move: Protect\n|-miss|p1b: Tyranitar|p2b: Incineroar\n|\n|-weather|Sandstorm|[upkeep]\n|-damage|p2b: Incineroar|38/100|[from] Sandstorm\n|-sideend|p2: themegaisiug|move: Tailwind\n|upkeep\n|turn|5\n|\n|t:|1776349155\n|move|p2a: Aerodactyl|Tailwind|p2a: Aerodactyl\n|-sidestart|p2: themegaisiug|move: Tailwind\n|move|p2b: Incineroar|Parting Shot|p1b: Tyranitar\n|-unboost|p1b: Tyranitar|atk|1\n|-unboost|p1b: Tyranitar|spa|1\n|\n|t:|1776349159\n|switch|p2b: Floette|Floette-Eternal, L50, F|100/100|[from] Parting Shot\n|move|p1b: Tyranitar|Rock Slide|p2a: Aerodactyl|[spread] p2a,p2b\n|-supereffective|p2a: Aerodactyl|1\n|-damage|p2a: Aerodactyl|47/100\n|-damage|p2b: Floette|82/100\n|\n|-weather|none\n|upkeep\n|turn|6\n|inactive|goddeadyt has 30 seconds left.\n|\n|t:|1776349191\n|detailschange|p2b: Floette|Floette-Mega, L50, F\n|-mega|p2b: Floette|Floette|Floettite\n|-ability|p2b: Floette|Fairy Aura\n|move|p2a: Aerodactyl|Rock Slide|p1b: Tyranitar\n|-damage|p1b: Tyranitar|74/100\n|move|p2b: Floette|Moonblast|p1b: Tyranitar\n|-supereffective|p1b: Tyranitar|1\n|-damage|p1b: Tyranitar|0 fnt\n|faint|p1b: Tyranitar\n|\n|win|themegaisiug\n|raw|goddeadyt's rating: 1089 &rarr; <strong>1063</strong><br />(-26 for losing)\n|raw|themegaisiug's rating: 1054 &rarr; <strong>1089</strong><br />(+35 for winning)\n|l|\u2606goddeadyt\n|player|p1|\n|l|\u2606themegaisiug\n|player|p2|\n|j|\u2606themegaisiug\n|player|p2|themegaisiug|boarder|\n",
  "uploadtime": 1776349204,
  "views": 21,
  "formatid": "gen9championsvgc2026regma",
  "rating": 1063,
  "private": 0,
  "password": null
}