{
  "id": "gen9championsvgc2026regma-2586454104",
  "format": "[Gen 9 Champions] VGC 2026 Reg M-A",
  "players": [
    "soler cs sity",
    "OscarGoro"
  ],
  "log": "|j|\u2606soler cs sity\n|j|\u2606OscarGoro\n|t:|1776435779\n|gametype|doubles\n|player|p1|soler cs sity|169|\n|player|p2|OscarGoro|170|\n|gen|9\n|tier|[Gen 9 Champions] VGC 2026 Reg M-A\n|rule|Species Clause: Limit one of each Pok\u00e9mon\n|rule|Item Clause: Limit 1 of each item\n|clearpoke\n|poke|p1|Floette-Eternal, L50, F|\n|poke|p1|Aerodactyl, L50, F|\n|poke|p1|Ninetales-Alola, L50, M|\n|poke|p1|Sylveon, L50, F|\n|poke|p1|Incineroar, L50, F|\n|poke|p1|Volcarona, L50, M|\n|poke|p2|Gengar, L50, F|\n|poke|p2|Incineroar, L50, F|\n|poke|p2|Whimsicott, L50, F|\n|poke|p2|Basculegion, L50, M|\n|poke|p2|Maushold-Four, L50|\n|poke|p2|Farigiraf, L50, F|\n|teampreview|4\n|l|\u2606OscarGoro\n|player|p2|\n|j|\u2606OscarGoro\n|player|p2|OscarGoro|170|\n|\n|t:|1776435837\n|teamsize|p1|4\n|teamsize|p2|4\n|start\n|switch|p1a: Aerodactyl|Aerodactyl, L50, F|100/100\n|switch|p1b: Ninetales|Ninetales-Alola, L50, M|100/100\n|switch|p2a: Gengar|Gengar, L50, F|100/100\n|switch|p2b: Incineroar|Incineroar, L50, F|100/100\n|-ability|p1a: Aerodactyl|Unnerve\n|-weather|Snowscape|[from] ability: Snow Warning|[of] p1b: Ninetales\n|-ability|p2b: Incineroar|Intimidate|boost\n|-unboost|p1a: Aerodactyl|atk|1\n|-unboost|p1b: Ninetales|atk|1\n|turn|1\n|\n|t:|1776435872\n|detailschange|p2a: Gengar|Gengar-Mega, L50, F\n|-mega|p2a: Gengar|Gengar|Gengarite\n|move|p2b: Incineroar|Fake Out|p1b: Ninetales\n|-damage|p1b: Ninetales|88/100\n|move|p2a: Gengar|Perish Song|p2a: Gengar\n|-start|p1a: Aerodactyl|perish3|[silent]\n|-start|p1b: Ninetales|perish3|[silent]\n|-start|p2a: Gengar|perish3|[silent]\n|-start|p2b: Incineroar|perish3|[silent]\n|-fieldactivate|move: Perish Song\n|move|p1a: Aerodactyl|Tailwind|p1a: Aerodactyl\n|-sidestart|p1: soler cs sity|move: Tailwind\n|cant|p1b: Ninetales|flinch\n|\n|-weather|Snowscape|[upkeep]\n|-start|p1a: Aerodactyl|perish3\n|-start|p1b: Ninetales|perish3\n|-start|p2a: Gengar|perish3\n|-start|p2b: Incineroar|perish3\n|upkeep\n|turn|2\n|\n|t:|1776435896\n|switch|p2a: Farigiraf|Farigiraf, L50, F|100/100\n|move|p1a: Aerodactyl|Rock Slide|p2b: Incineroar|[spread] p2a,p2b\n|-supereffective|p2b: Incineroar|1\n|-damage|p2a: Farigiraf|84/100\n|-damage|p2b: Incineroar|68/100\n|move|p1b: Ninetales|Blizzard|p2a: Farigiraf|[spread] p2a,p2b\n|-resisted|p2b: Incineroar|1\n|-damage|p2a: Farigiraf|59/100\n|-damage|p2b: Incineroar|55/100\n|move|p2b: Incineroar|Parting Shot|p1b: Ninetales\n|-unboost|p1b: Ninetales|atk|1\n|-unboost|p1b: Ninetales|spa|1\n|\n|t:|1776435909\n|switch|p2b: Gengar|Gengar-Mega, L50, F|100/100|[from] Parting Shot\n|\n|-weather|Snowscape|[upkeep]\n|-heal|p2a: Farigiraf|65/100|[from] item: Leftovers\n|-start|p1a: Aerodactyl|perish2\n|-start|p1b: Ninetales|perish2\n|upkeep\n|turn|3\n|\n|t:|1776435926\n|move|p2b: Gengar|Protect|p2b: Gengar\n|-singleturn|p2b: Gengar|Protect\n|move|p2a: Farigiraf|Protect|p2a: Farigiraf\n|-singleturn|p2a: Farigiraf|Protect\n|move|p1a: Aerodactyl|Rock Slide|p2a: Farigiraf|[spread] \n|-activate|p2a: Farigiraf|move: Protect\n|-activate|p2b: Gengar|move: Protect\n|move|p1b: Ninetales|Blizzard|p2b: Gengar|[spread] \n|-activate|p2a: Farigiraf|move: Protect\n|-activate|p2b: Gengar|move: Protect\n|\n|-weather|Snowscape|[upkeep]\n|-heal|p2a: Farigiraf|71/100|[from] item: Leftovers\n|-start|p1a: Aerodactyl|perish1\n|-start|p1b: Ninetales|perish1\n|upkeep\n|turn|4\n|\n|t:|1776435967\n|switch|p2b: Incineroar|Incineroar, L50, F|55/100\n|-ability|p2b: Incineroar|Intimidate|boost\n|-unboost|p1a: Aerodactyl|atk|1\n|-unboost|p1b: Ninetales|atk|1\n|move|p2a: Farigiraf|Protect||[still]\n|-fail|p2a: Farigiraf\n|move|p1a: Aerodactyl|Rock Slide|p2b: Incineroar|[spread] p2a,p2b\n|-supereffective|p2b: Incineroar|1\n|-damage|p2a: Farigiraf|60/100\n|-damage|p2b: Incineroar|30/100\n|move|p1b: Ninetales|Aurora Veil|p1b: Ninetales\n|-sidestart|p1: soler cs sity|move: Aurora Veil\n|\n|-weather|Snowscape|[upkeep]\n|-heal|p2a: Farigiraf|67/100|[from] item: Leftovers\n|-start|p1a: Aerodactyl|perish0\n|-start|p1b: Ninetales|perish0\n|-sideend|p1: soler cs sity|move: Tailwind\n|faint|p1a: Aerodactyl\n|faint|p1b: Ninetales\n|upkeep\n|\n|t:|1776435984\n|switch|p1a: Floette|Floette-Eternal, L50, F|100/100\n|switch|p1b: Sylveon|Sylveon, L50, F|100/100\n|turn|5\n|\n|t:|1776436042\n|switch|p2a: Whimsicott|Whimsicott, L50, F|100/100\n|detailschange|p1a: Floette|Floette-Mega, L50, F\n|-mega|p1a: Floette|Floette|Floettite\n|-ability|p1a: Floette|Fairy Aura\n|move|p2b: Incineroar|Fake Out|p1b: Sylveon\n|-damage|p1b: Sylveon|88/100\n|move|p1a: Floette|Dazzling Gleam|p2b: Incineroar|[spread] p2a,p2b\n|-damage|p2a: Whimsicott|36/100\n|-damage|p2b: Incineroar|0 fnt\n|faint|p2b: Incineroar\n|cant|p1b: Sylveon|flinch\n|\n|-weather|none\n|upkeep\n|\n|t:|1776436053\n|switch|p2b: Gengar|Gengar-Mega, L50, F|100/100\n|turn|6\n|\n|t:|1776436076\n|move|p2a: Whimsicott|Protect|p2a: Whimsicott\n|-singleturn|p2a: Whimsicott|Protect\n|move|p2b: Gengar|Protect|p2b: Gengar\n|-singleturn|p2b: Gengar|Protect\n|move|p1a: Floette|Protect|p1a: Floette\n|-singleturn|p1a: Floette|Protect\n|move|p1b: Sylveon|Hyper Voice|p2b: Gengar|[spread] \n|-activate|p2a: Whimsicott|move: Protect\n|-activate|p2b: Gengar|move: Protect\n|\n|upkeep\n|turn|7\n|\n|t:|1776436100\n|move|p2a: Whimsicott|Encore|p1a: Floette\n|-start|p1a: Floette|Encore\n|move|p1a: Floette|Protect||[still]\n|-fail|p1a: Floette\n|move|p2b: Gengar|Disable|p1a: Floette\n|-start|p1a: Floette|Disable|Protect\n|move|p1b: Sylveon|Hyper Beam|p2b: Gengar|[miss]\n|-miss|p1b: Sylveon|p2b: Gengar\n|\n|upkeep\n|turn|8\n|\n|t:|1776436119\n|move|p2a: Whimsicott|Encore|p1b: Sylveon\n|-start|p1b: Sylveon|Encore\n|move|p2b: Gengar|Disable|p1b: Sylveon\n|-start|p1b: Sylveon|Disable|Hyper Beam\n|-activate|p1a: Floette|move: Struggle\n|move|p1a: Floette|Struggle|p2a: Whimsicott\n|-damage|p2a: Whimsicott|27/100\n|-damage|p1a: Floette|75/100|[from] recoil\n|cant|p1b: Sylveon|Disable|Hyper Beam\n|\n|-sideend|p1: soler cs sity|move: Aurora Veil\n|upkeep\n|turn|9\n|\n|t:|1776436141\n|move|p2b: Gengar|Shadow Ball|p1a: Floette\n|-damage|p1a: Floette|39/100\n|-activate|p1a: Floette|move: Struggle\n|move|p1a: Floette|Struggle|p2b: Gengar\n|-damage|p2b: Gengar|89/100\n|-damage|p1a: Floette|14/100|[from] recoil\n|move|p2a: Whimsicott|Moonblast|p1a: Floette\n|-damage|p1a: Floette|0 fnt\n|faint|p1a: Floette\n|-activate|p1b: Sylveon|move: Struggle\n|move|p1b: Sylveon|Struggle|p2b: Gengar\n|-damage|p2b: Gengar|80/100\n|-damage|p1b: Sylveon|63/100|[from] recoil\n|\n|upkeep\n|turn|10\n|\n|t:|1776436162\n|move|p2b: Gengar|Shadow Ball|p1b: Sylveon\n|-damage|p1b: Sylveon|29/100\n|move|p2a: Whimsicott|Moonblast|p1b: Sylveon\n|-damage|p1b: Sylveon|6/100\n|-activate|p1b: Sylveon|move: Struggle\n|move|p1b: Sylveon|Struggle|p2a: Whimsicott\n|-damage|p2a: Whimsicott|20/100\n|-damage|p1b: Sylveon|0 fnt|[from] recoil\n|faint|p1b: Sylveon\n|\n|win|OscarGoro\n|l|\u2606soler cs sity\n|player|p1|\n|l|\u2606OscarGoro\n|player|p2|\n|j|\u2606OscarGoro\n|player|p2|OscarGoro|170|\n|l|\u2606OscarGoro\n|player|p2|\n|j|\u2606OscarGoro\n|player|p2|OscarGoro|170|\n",
  "uploadtime": 1776436194,
  "views": 27,
  "formatid": "gen9championsvgc2026regma",
  "rating": null,
  "private": 0,
  "password": null
}