{
  "id": "gen9championsvgc2026regma-2585297924",
  "format": "[Gen 9 Champions] VGC 2026 Reg M-A",
  "players": [
    "mudfellakipaf",
    "etrdyfyiu"
  ],
  "log": "|j|\u2606mudfellakipaf\n|j|\u2606etrdyfyiu\n|t:|1776335155\n|gametype|doubles\n|player|p1|mudfellakipaf|170|1156\n|player|p2|etrdyfyiu|1|1189\n|gen|9\n|tier|[Gen 9 Champions] VGC 2026 Reg M-A\n|rated|\n|rule|Species Clause: Limit one of each Pok\u00e9mon\n|rule|Item Clause: Limit 1 of each item\n|clearpoke\n|poke|p1|Archaludon, L50, F|\n|poke|p1|Mudsdale, L50, F|\n|poke|p1|Oranguru, L50, F|\n|poke|p1|Chimecho, L50, F|\n|poke|p1|Torkoal, L50, M|\n|poke|p1|Gardevoir, L50, F|\n|poke|p2|Palafin, L50, F|\n|poke|p2|Arcanine, L50, M|\n|poke|p2|Scizor, L50, M|\n|poke|p2|Tyranitar, L50, M|\n|poke|p2|Sneasler, L50, F|\n|poke|p2|Sinistcha, L50|\n|teampreview|4\n|\n|t:|1776335235\n|teamsize|p1|4\n|teamsize|p2|4\n|start\n|switch|p1a: Torkoal|Torkoal, L50, M|100/100\n|switch|p1b: Oranguru|Oranguru, L50, F|100/100\n|switch|p2a: Tyranitar|Tyranitar, L50, M, shiny|100/100\n|switch|p2b: Sneasler|Sneasler, L50, F, shiny|100/100\n|-weather|Sandstorm|[from] ability: Sand Stream|[of] p2a: Tyranitar\n|-weather|SunnyDay|[from] ability: Drought|[of] p1a: Torkoal\n|turn|1\n|\n|t:|1776335248\n|detailschange|p2a: Tyranitar|Tyranitar-Mega, L50, M, shiny\n|-mega|p2a: Tyranitar|Tyranitar|Tyranitarite\n|-weather|Sandstorm|[from] ability: Sand Stream|[of] p2a: Tyranitar\n|move|p1a: Torkoal|Protect|p1a: Torkoal\n|-singleturn|p1a: Torkoal|Protect\n|move|p2b: Sneasler|Fake Out|p1a: Torkoal\n|-activate|p1a: Torkoal|move: Protect\n|move|p2a: Tyranitar|Knock Off|p1b: Oranguru\n|-supereffective|p1b: Oranguru|1\n|-damage|p1b: Oranguru|0 fnt\n|-enditem|p1b: Oranguru|Mental Herb|[from] move: Knock Off|[of] p2a: Tyranitar\n|faint|p1b: Oranguru\n|\n|-weather|Sandstorm|[upkeep]\n|-damage|p2b: Sneasler|95/100|[from] Sandstorm\n|-damage|p1a: Torkoal|94/100|[from] Sandstorm\n|upkeep\n|\n|t:|1776335264\n|switch|p1b: Mudsdale|Mudsdale, L50, F|100/100\n|turn|2\n|\n|t:|1776335278\n|move|p2b: Sneasler|Close Combat|p1b: Mudsdale\n|-damage|p1b: Mudsdale|52/100\n|-unboost|p2b: Sneasler|def|1\n|-unboost|p2b: Sneasler|spd|1\n|-ability|p1b: Mudsdale|Stamina|boost\n|-boost|p1b: Mudsdale|def|1\n|-enditem|p2b: Sneasler|White Herb\n|-clearnegativeboost|p2b: Sneasler|[silent]\n|move|p2a: Tyranitar|Low Kick|p1b: Mudsdale\n|-damage|p1b: Mudsdale|21/100\n|-ability|p1b: Mudsdale|Stamina|boost\n|-boost|p1b: Mudsdale|def|1\n|move|p1b: Mudsdale|High Horsepower|p2a: Tyranitar\n|-supereffective|p2a: Tyranitar|1\n|-damage|p2a: Tyranitar|33/100\n|move|p1a: Torkoal|Earth Power|p2b: Sneasler\n|-supereffective|p2b: Sneasler|1\n|-damage|p2b: Sneasler|29/100\n|\n|-weather|Sandstorm|[upkeep]\n|-damage|p2b: Sneasler|23/100|[from] Sandstorm\n|-damage|p1a: Torkoal|88/100|[from] Sandstorm\n|-heal|p1b: Mudsdale|27/100|[from] item: Leftovers\n|upkeep\n|turn|3\n|\n|t:|1776335313\n|move|p2b: Sneasler|Close Combat|p1b: Mudsdale\n|-damage|p1b: Mudsdale|1/100\n|-unboost|p2b: Sneasler|def|1\n|-unboost|p2b: Sneasler|spd|1\n|-ability|p1b: Mudsdale|Stamina|boost\n|-boost|p1b: Mudsdale|def|1\n|move|p2a: Tyranitar|Rock Slide|p1b: Mudsdale|[spread] p1a\n|-miss|p2a: Tyranitar|p1b: Mudsdale\n|-supereffective|p1a: Torkoal|1\n|-damage|p1a: Torkoal|27/100\n|move|p1b: Mudsdale|Body Press|p2a: Tyranitar\n|-supereffective|p2a: Tyranitar|2\n|-damage|p2a: Tyranitar|0 fnt\n|faint|p2a: Tyranitar\n|cant|p1a: Torkoal|flinch\n|\n|-weather|Sandstorm|[upkeep]\n|-damage|p2b: Sneasler|17/100|[from] Sandstorm\n|-damage|p1a: Torkoal|21/100|[from] Sandstorm\n|-heal|p1b: Mudsdale|7/100|[from] item: Leftovers\n|upkeep\n|c|\u2606etrdyfyiu|ONE JOB\n|c|\u2606etrdyfyiu|BRUHUHU\n|\n|t:|1776335336\n|switch|p2a: Arcanine|Arcanine, L50, M, shiny|100/100\n|-ability|p2a: Arcanine|Intimidate|boost\n|-unboost|p1a: Torkoal|atk|1\n|-unboost|p1b: Mudsdale|atk|1\n|turn|4\n|\n|t:|1776335350\n|move|p1b: Mudsdale|Protect|p1b: Mudsdale\n|-singleturn|p1b: Mudsdale|Protect\n|move|p2b: Sneasler|Dire Claw|p1a: Torkoal\n|-damage|p1a: Torkoal|0 fnt\n|faint|p1a: Torkoal\n|move|p2a: Arcanine|Flare Blitz|p1b: Mudsdale\n|-activate|p1b: Mudsdale|move: Protect\n|\n|-weather|Sandstorm|[upkeep]\n|-damage|p2b: Sneasler|11/100|[from] Sandstorm\n|-damage|p2a: Arcanine|95/100|[from] Sandstorm\n|-heal|p1b: Mudsdale|13/100|[from] item: Leftovers\n|upkeep\n|\n|t:|1776335358\n|switch|p1a: Gardevoir|Gardevoir, L50, F|100/100\n|turn|5\n|\n|t:|1776335370\n|detailschange|p1a: Gardevoir|Gardevoir-Mega, L50, F\n|-mega|p1a: Gardevoir|Gardevoir|Gardevoirite\n|move|p2b: Sneasler|Dire Claw|p1a: Gardevoir\n|-supereffective|p1a: Gardevoir|1\n|-damage|p1a: Gardevoir|0 fnt\n|faint|p1a: Gardevoir\n|move|p2a: Arcanine|Flare Blitz|p1b: Mudsdale\n|-damage|p1b: Mudsdale|0 fnt\n|faint|p1b: Mudsdale\n|-damage|p2a: Arcanine|90/100|[from] Recoil\n|\n|win|etrdyfyiu\n|raw|mudfellakipaf's rating: 1156 &rarr; <strong>1133</strong><br />(-23 for losing)\n|raw|etrdyfyiu's rating: 1189 &rarr; <strong>1212</strong><br />(+23 for winning)\n|l|\u2606mudfellakipaf\n|player|p1|\n",
  "uploadtime": 1776335383,
  "views": 18,
  "formatid": "gen9championsvgc2026regma",
  "rating": 1133,
  "private": 0,
  "password": null
}