{
  "id": "gen9championsvgc2026regma-2582221005",
  "format": "[Gen 9 Champions] VGC 2026 Reg M-A",
  "players": [
    "katecorvidoe",
    "bunjemei"
  ],
  "log": "|j|\u2606katecorvidoe\n|j|\u2606bunjemei\n|t:|1776072905\n|gametype|doubles\n|player|p1|katecorvidoe|acetrainerf-gen4dp|1048\n|player|p2|bunjemei|265|1090\n|gen|9\n|tier|[Gen 9 Champions] VGC 2026 Reg M-A\n|rated|\n|rule|Species Clause: Limit one of each Pok\u00e9mon\n|rule|Item Clause: Limit 1 of each item\n|clearpoke\n|poke|p1|Heracross, L50, F|\n|poke|p1|Maushold-Four, L50|\n|poke|p1|Politoed, L50, M|\n|poke|p1|Dragapult, L50, M|\n|poke|p1|Rotom-Wash, L50|\n|poke|p1|Skarmory, L50, F|\n|poke|p2|Charizard, L50, F|\n|poke|p2|Sneasler, L50, M|\n|poke|p2|Meowscarada, L50, M|\n|poke|p2|Rotom-Wash, L50|\n|poke|p2|Sableye, L50, M|\n|poke|p2|Ninetales-Alola, L50, F|\n|teampreview|4\n|l|\u2606katecorvidoe\n|player|p1|\n|inactive|Battle timer is ON: inactive players will automatically lose when time's up. (requested by bunjemei)\n|j|\u2606katecorvidoe\n|inactive|katecorvidoe reconnected and has 70 seconds left.\n|player|p1|katecorvidoe|acetrainerf-gen4dp|\n|inactive|katecorvidoe has 60 seconds left.\n|\n|t:|1776072976\n|teamsize|p1|4\n|teamsize|p2|4\n|start\n|switch|p1a: Knife Rack|Skarmory, L50, F|100/100\n|switch|p1b: LG Front Loader|Rotom-Wash, L50|100/100\n|switch|p2a: Charizard|Charizard, L50, F, shiny|100/100\n|switch|p2b: Sneasler|Sneasler, L50, M|100/100\n|turn|1\n|\n|t:|1776073000\n|move|p1b: LG Front Loader|Protect|p1b: LG Front Loader\n|-singleturn|p1b: LG Front Loader|Protect\n|move|p1a: Knife Rack|Protect|p1a: Knife Rack\n|-singleturn|p1a: Knife Rack|Protect\n|move|p2b: Sneasler|Fake Out|p1b: LG Front Loader\n|-activate|p1b: LG Front Loader|move: Protect\n|move|p2a: Charizard|Dragon Dance|p2a: Charizard\n|-boost|p2a: Charizard|atk|1\n|-boost|p2a: Charizard|spe|1\n|\n|upkeep\n|turn|2\n|inactive|katecorvidoe has 30 seconds left.\n|\n|t:|1776073026\n|detailschange|p2a: Charizard|Charizard-Mega-X, L50, F, shiny\n|-mega|p2a: Charizard|Charizard|Charizardite X\n|move|p2a: Charizard|Flare Blitz|p1a: Knife Rack\n|-supereffective|p1a: Knife Rack|1\n|-ability|p1a: Knife Rack|Sturdy\n|-damage|p1a: Knife Rack|1/100\n|-status|p1a: Knife Rack|brn\n|-damage|p2a: Charizard|76/100|[from] Recoil\n|move|p2b: Sneasler|Coaching|p2a: Charizard\n|-boost|p2a: Charizard|atk|1\n|-boost|p2a: Charizard|def|1\n|move|p1b: LG Front Loader|Hydro Pump|p2a: Charizard\n|-damage|p2a: Charizard|22/100\n|move|p1a: Knife Rack|Brave Bird|p2b: Sneasler\n|-supereffective|p2b: Sneasler|1\n|-damage|p2b: Sneasler|34/100\n|-damage|p1a: Knife Rack|0 fnt|[from] Recoil\n|faint|p1a: Knife Rack\n|\n|upkeep\n|\n|t:|1776073047\n|switch|p1a: Cat|Dragapult, L50, M|100/100\n|turn|3\n|-activate|p1b: LG Front Loader|item: Quick Claw\n|\n|t:|1776073065\n|move|p1a: Cat|Protect|p1a: Cat\n|-singleturn|p1a: Cat|Protect\n|move|p1b: LG Front Loader|Hydro Pump|p2a: Charizard\n|-damage|p2a: Charizard|0 fnt\n|faint|p2a: Charizard\n|move|p2b: Sneasler|Dire Claw|p1a: Cat\n|-activate|p1a: Cat|move: Protect\n|\n|upkeep\n|\n|t:|1776073078\n|switch|p2a: Meowscarada|Meowscarada, L50, M|100/100\n|turn|4\n|\n|t:|1776073094\n|move|p2a: Meowscarada|Knock Off|p1a: Cat\n|-start|p2a: Meowscarada|typechange|Dark|[from] ability: Protean\n|-supereffective|p1a: Cat|1\n|-enditem|p1a: Cat|Focus Sash\n|-damage|p1a: Cat|1/100\n|move|p1a: Cat|Dragon Darts|p2b: Sneasler\n|-damage|p2b: Sneasler|0 fnt\n|-anim|p1a: Cat|Dragon Darts|p2a: Meowscarada\n|-damage|p2a: Meowscarada|64/100\n|faint|p2b: Sneasler\n|move|p1b: LG Front Loader|Volt Switch|p2a: Meowscarada\n|-damage|p2a: Meowscarada|20/100\n|\n|t:|1776073108\n|switch|p1b: Prized Beetle|Heracross, L50, F|100/100|[from] Volt Switch\n|\n|upkeep\n|\n|t:|1776073113\n|switch|p2b: Ninetales|Ninetales-Alola, L50, F|100/100\n|-weather|Snowscape|[from] ability: Snow Warning|[of] p2b: Ninetales\n|turn|5\n|\n|t:|1776073127\n|detailschange|p1b: Prized Beetle|Heracross-Mega, L50, F\n|-mega|p1b: Prized Beetle|Heracross|Heracronite\n|move|p1a: Cat|Protect|p1a: Cat\n|-singleturn|p1a: Cat|Protect\n|move|p2a: Meowscarada|Knock Off|p1b: Prized Beetle\n|-resisted|p1b: Prized Beetle|1\n|-damage|p1b: Prized Beetle|84/100\n|move|p2b: Ninetales|Blizzard|p1b: Prized Beetle|[spread] p1b\n|-activate|p1a: Cat|move: Protect\n|-damage|p1b: Prized Beetle|48/100\n|move|p1b: Prized Beetle|Earthquake|p2b: Ninetales|[spread] p2a,p2b\n|-activate|p1a: Cat|move: Protect\n|-damage|p2a: Meowscarada|0 fnt\n|-damage|p2b: Ninetales|63/100\n|faint|p2a: Meowscarada\n|\n|-weather|Snowscape|[upkeep]\n|upkeep\n|turn|6\n|inactive|katecorvidoe has 30 seconds left.\n|\n|t:|1776073158\n|switch|p1a: LG Front Loader|Rotom-Wash, L50|100/100\n|move|p2b: Ninetales|Blizzard|p1a: LG Front Loader|[spread] p1a,p1b\n|-resisted|p1a: LG Front Loader|1\n|-damage|p1a: LG Front Loader|81/100\n|-damage|p1b: Prized Beetle|10/100\n|-status|p1a: LG Front Loader|frz\n|move|p1b: Prized Beetle|Bullet Seed|p2b: Ninetales\n|-damage|p2b: Ninetales|50/100\n|-damage|p2b: Ninetales|37/100\n|-damage|p2b: Ninetales|25/100\n|-damage|p2b: Ninetales|13/100\n|-damage|p2b: Ninetales|1/100\n|-hitcount|p2b: Ninetales|5\n|\n|-weather|Snowscape|[upkeep]\n|upkeep\n|turn|7\n|\n|t:|1776073180\n|move|p1b: Prized Beetle|Protect|p1b: Prized Beetle\n|-singleturn|p1b: Prized Beetle|Protect\n|move|p2b: Ninetales|Blizzard|p1a: LG Front Loader|[spread] p1a\n|-activate|p1b: Prized Beetle|move: Protect\n|-resisted|p1a: LG Front Loader|1\n|-damage|p1a: LG Front Loader|62/100 frz\n|cant|p1a: LG Front Loader|frz\n|\n|-weather|Snowscape|[upkeep]\n|upkeep\n|turn|8\n|-activate|p1a: LG Front Loader|item: Quick Claw\n|\n|t:|1776073199\n|switch|p1b: Cat|Dragapult, L50, M|1/100\n|cant|p1a: LG Front Loader|frz\n|move|p2b: Ninetales|Blizzard|p1a: LG Front Loader|[spread] p1a,p1b\n|-resisted|p1a: LG Front Loader|1\n|-supereffective|p1b: Cat|1\n|-damage|p1a: LG Front Loader|40/100 frz\n|-damage|p1b: Cat|0 fnt\n|faint|p1b: Cat\n|\n|-weather|Snowscape|[upkeep]\n|upkeep\n|\n|t:|1776073212\n|switch|p1b: Prized Beetle|Heracross-Mega, L50, F|10/100\n|turn|9\n|-activate|p1a: LG Front Loader|item: Quick Claw\n|\n|t:|1776073219\n|move|p1b: Prized Beetle|Protect|p1b: Prized Beetle\n|-singleturn|p1b: Prized Beetle|Protect\n|-curestatus|p1a: LG Front Loader|frz|[msg]\n|move|p1a: LG Front Loader|Volt Switch|p2b: Ninetales\n|-damage|p2b: Ninetales|0 fnt\n|faint|p2b: Ninetales\n|\n|win|katecorvidoe\n|raw|katecorvidoe's rating: 1048 &rarr; <strong>1085</strong><br />(+37 for winning)\n|raw|bunjemei's rating: 1090 &rarr; <strong>1064</strong><br />(-26 for losing)\n|c|\u2606katecorvidoe|ggs\n|l|\u2606bunjemei\n|player|p2|\n",
  "uploadtime": 1776073236,
  "views": 16,
  "formatid": "gen9championsvgc2026regma",
  "rating": 1064,
  "private": 0,
  "password": null
}