{
  "id": "gen9championsvgc2026regma-2584863508",
  "format": "[Gen 9 Champions] VGC 2026 Reg M-A",
  "players": [
    "carlosdavid017",
    "vnunesp12"
  ],
  "log": "|j|\u2606carlosdavid017\n|j|\u2606vnunesp12\n|t:|1776289647\n|gametype|doubles\n|player|p1|carlosdavid017|170|1109\n|player|p2|vnunesp12|red|1179\n|gen|9\n|tier|[Gen 9 Champions] VGC 2026 Reg M-A\n|rated|\n|rule|Species Clause: Limit one of each Pok\u00e9mon\n|rule|Item Clause: Limit 1 of each item\n|clearpoke\n|poke|p1|Glimmora, L50, F|\n|poke|p1|Kingambit, L50, M|\n|poke|p1|Arcanine, L50, M|\n|poke|p1|Milotic, L50, F|\n|poke|p1|Corviknight, L50, M|\n|poke|p1|Dragapult, L50, M|\n|poke|p2|Manectric, L50, M|\n|poke|p2|Pelipper, L50, M|\n|poke|p2|Basculegion, L50, M|\n|poke|p2|Sneasler, L50, M|\n|poke|p2|Kingambit, L50, M|\n|poke|p2|Garchomp, L50, F|\n|teampreview|4\n|inactive|Battle timer is ON: inactive players will automatically lose when time's up. (requested by vnunesp12)\n|inactive|carlosdavid017 has 60 seconds left.\n|\n|t:|1776289682\n|teamsize|p1|4\n|teamsize|p2|4\n|start\n|switch|p1a: Glimmora|Glimmora, L50, F|100/100\n|switch|p1b: Kingambit|Kingambit, L50, M|100/100\n|switch|p2a: \u00c9verton Ribeiro|Pelipper, L50, M|100/100\n|switch|p2b: Luciano Juba|Manectric, L50, M|100/100\n|-weather|RainDance|[from] ability: Drizzle|[of] p2a: \u00c9verton Ribeiro\n|turn|1\n|inactive|carlosdavid017 has 30 seconds left.\n|\n|t:|1776289713\n|detailschange|p1a: Glimmora|Glimmora-Mega, L50, F\n|-mega|p1a: Glimmora|Glimmora|Glimmoranite\n|move|p2b: Luciano Juba|Protect|p2b: Luciano Juba\n|-singleturn|p2b: Luciano Juba|Protect\n|move|p1b: Kingambit|Sucker Punch||[still]\n|-fail|p1b: Kingambit\n|move|p1a: Glimmora|Sludge Wave|p2a: \u00c9verton Ribeiro|[spread] p2a\n|-activate|p2b: Luciano Juba|move: Protect\n|-immune|p1b: Kingambit\n|-damage|p2a: \u00c9verton Ribeiro|28/100\n|move|p2a: \u00c9verton Ribeiro|Tailwind|p2a: \u00c9verton Ribeiro\n|-sidestart|p2: vnunesp12|move: Tailwind\n|\n|-weather|RainDance|[upkeep]\n|upkeep\n|turn|2\n|inactive|vnunesp12 has 30 seconds left.\n|inactive|vnunesp12 has 20 seconds left.\n|inactive|carlosdavid017 has 30 seconds left.\n|\n|t:|1776289760\n|detailschange|p2b: Luciano Juba|Manectric-Mega, L50, M\n|-mega|p2b: Luciano Juba|Manectric|Manectite\n|-ability|p2b: Luciano Juba|Intimidate|boost\n|-unboost|p1a: Glimmora|atk|1\n|-unboost|p1b: Kingambit|atk|1\n|-ability|p1b: Kingambit|Defiant|boost\n|-boost|p1b: Kingambit|atk|2\n|move|p1b: Kingambit|Sucker Punch|p2b: Luciano Juba\n|-damage|p2b: Luciano Juba|9/100\n|move|p2b: Luciano Juba|Flamethrower|p1b: Kingambit\n|-supereffective|p1b: Kingambit|1\n|-damage|p1b: Kingambit|66/100\n|move|p2a: \u00c9verton Ribeiro|Weather Ball|p1a: Glimmora\n|-supereffective|p1a: Glimmora|1\n|-damage|p1a: Glimmora|0 fnt\n|faint|p1a: Glimmora\n|\n|-weather|RainDance|[upkeep]\n|upkeep\n|\n|t:|1776289780\n|switch|p1a: Milotic|Milotic, L50, F|100/100\n|turn|3\n|\n|t:|1776289796\n|move|p2b: Luciano Juba|Thunder|p1a: Milotic\n|-supereffective|p1a: Milotic|1\n|-damage|p1a: Milotic|25/100\n|move|p2a: \u00c9verton Ribeiro|Weather Ball|p1b: Kingambit\n|-damage|p1b: Kingambit|16/100\n|move|p1a: Milotic|Icy Wind|p2b: Luciano Juba|[spread] p2a,p2b\n|-crit|p2b: Luciano Juba\n|-damage|p2a: \u00c9verton Ribeiro|15/100\n|-damage|p2b: Luciano Juba|0 fnt\n|-unboost|p2a: \u00c9verton Ribeiro|spe|1\n|faint|p2b: Luciano Juba\n|move|p1b: Kingambit|Throat Chop|p2a: \u00c9verton Ribeiro\n|-damage|p2a: \u00c9verton Ribeiro|0 fnt\n|faint|p2a: \u00c9verton Ribeiro\n|\n|-weather|RainDance|[upkeep]\n|-heal|p1a: Milotic|31/100|[from] item: Leftovers\n|upkeep\n|\n|t:|1776289816\n|switch|p2b: Erick|Kingambit, L50, M|100/100\n|switch|p2a: Willian Jos\u00e9|Garchomp, L50, F|100/100\n|turn|4\n|inactive|carlosdavid017 has 30 seconds left.\n|\n|t:|1776289848\n|move|p2b: Erick|Protect|p2b: Erick\n|-singleturn|p2b: Erick|Protect\n|move|p2a: Willian Jos\u00e9|Earthquake|p1a: Milotic|[spread] p1a,p1b\n|-activate|p2b: Erick|move: Protect\n|-supereffective|p1b: Kingambit|1\n|-damage|p1a: Milotic|0 fnt\n|-damage|p1b: Kingambit|0 fnt\n|faint|p1a: Milotic\n|faint|p1b: Kingambit\n|\n|-weather|RainDance|[upkeep]\n|-sideend|p2: vnunesp12|move: Tailwind\n|upkeep\n|\n|t:|1776289860\n|switch|p1b: Corviknight|Corviknight, L50, M|100/100\n|turn|5\n|inactive|vnunesp12 has 30 seconds left.\n|\n|t:|1776289886\n|move|p2a: Willian Jos\u00e9|Dragon Claw|p1b: Corviknight\n|-resisted|p1b: Corviknight|1\n|-damage|p1b: Corviknight|90/100\n|move|p1b: Corviknight|Body Press|p2b: Erick\n|-supereffective|p2b: Erick|2\n|-damage|p2b: Erick|7/100\n|move|p2b: Erick|Kowtow Cleave|p1b: Corviknight\n|-damage|p1b: Corviknight|59/100\n|\n|-weather|none\n|upkeep\n|turn|6\n|inactive|vnunesp12 has 30 seconds left.\n|\n|t:|1776289911\n|move|p2b: Erick|Protect|p2b: Erick\n|-singleturn|p2b: Erick|Protect\n|move|p2a: Willian Jos\u00e9|Rock Slide|p1b: Corviknight\n|-damage|p1b: Corviknight|43/100\n|move|p1b: Corviknight|Body Press|p2b: Erick\n|-activate|p2b: Erick|move: Protect\n|\n|upkeep\n|turn|7\n|\n|t:|1776289931\n|move|p2b: Erick|Sucker Punch|p1b: Corviknight\n|-damage|p1b: Corviknight|13/100\n|move|p2a: Willian Jos\u00e9|Rock Slide|p1b: Corviknight\n|-damage|p1b: Corviknight|0 fnt\n|faint|p1b: Corviknight\n|\n|win|vnunesp12\n|raw|carlosdavid017's rating: 1109 &rarr; <strong>1089</strong><br />(-20 for losing)\n|raw|vnunesp12's rating: 1179 &rarr; <strong>1199</strong><br />(+20 for winning)\n|l|\u2606carlosdavid017\n|player|p1|\n",
  "uploadtime": 1776289951,
  "views": 26,
  "formatid": "gen9championsvgc2026regma",
  "rating": 1089,
  "private": 0,
  "password": null
}