{
  "id": "gen9championsvgc2026regma-2582997993",
  "format": "[Gen 9 Champions] VGC 2026 Reg M-A",
  "players": [
    "newacount2",
    "jyotsha"
  ],
  "log": "|j|\u2606newacount2\n|j|\u2606jyotsha\n|t:|1776131969\n|gametype|doubles\n|player|p1|newacount2|dragontamer|1097\n|player|p2|jyotsha|102|1137\n|gen|9\n|tier|[Gen 9 Champions] VGC 2026 Reg M-A\n|rated|\n|rule|Species Clause: Limit one of each Pok\u00e9mon\n|rule|Item Clause: Limit 1 of each item\n|clearpoke\n|poke|p1|Floette-Eternal, L50, F|\n|poke|p1|Maushold, L50|\n|poke|p1|Garchomp, L50, F|\n|poke|p1|Talonflame, L50, M|\n|poke|p1|Rotom-Wash, L50|\n|poke|p1|Aegislash, L50, M|\n|poke|p2|Floette-Eternal, L50, F|\n|poke|p2|Sinistcha, L50|\n|poke|p2|Sableye, L50, F|\n|poke|p2|Aegislash, L50, F|\n|poke|p2|Primarina, L50, M|\n|poke|p2|Incineroar, L50, F|\n|teampreview|4\n|inactive|Battle timer is ON: inactive players will automatically lose when time's up. (requested by newacount2)\n|inactive|jyotsha also wants the timer to be on.\n|inactive|jyotsha has 60 seconds left.\n|\n|t:|1776132003\n|teamsize|p1|4\n|teamsize|p2|4\n|start\n|switch|p1a: Talonflame|Talonflame, L50, M|100/100\n|switch|p1b: Floette|Floette-Eternal, L50, F|100/100\n|switch|p2a: Primarina|Primarina, L50, M|100/100\n|switch|p2b: Sinistcha|Sinistcha, L50|100/100\n|turn|1\n|\n|t:|1776132028\n|switch|p2b: Aegislash|Aegislash, L50, F|100/100\n|detailschange|p1b: Floette|Floette-Mega, L50, F\n|-mega|p1b: Floette|Floette|Floettite\n|-ability|p1b: Floette|Fairy Aura\n|move|p1a: Talonflame|Tailwind|p1a: Talonflame\n|-sidestart|p1: newacount2|move: Tailwind\n|move|p1b: Floette|Moonblast|p2b: Aegislash\n|-resisted|p2b: Aegislash|1\n|-damage|p2b: Aegislash|68/100\n|move|p2a: Primarina|Calm Mind|p2a: Primarina\n|-boost|p2a: Primarina|spa|1\n|-boost|p2a: Primarina|spd|1\n|\n|upkeep\n|turn|2\n|inactive|jyotsha has 30 seconds left.\n|\n|t:|1776132055\n|switch|p1b: Garchomp|Garchomp, L50, F|100/100\n|move|p2b: Aegislash|King's Shield|p2b: Aegislash\n|-singleturn|p2b: Aegislash|Protect\n|move|p1a: Talonflame|Acrobatics|p2a: Primarina\n|-damage|p2a: Primarina|58/100\n|move|p2a: Primarina|Moonblast|p1b: Garchomp\n|-supereffective|p1b: Garchomp|1\n|-damage|p1b: Garchomp|0 fnt\n|faint|p1b: Garchomp\n|\n|-heal|p2a: Primarina|64/100|[from] item: Leftovers\n|upkeep\n|\n|t:|1776132071\n|switch|p1b: Rotom|Rotom-Wash, L50|100/100\n|turn|3\n|\n|t:|1776132086\n|switch|p2b: Sinistcha|Sinistcha, L50|100/100\n|-heal|p2a: Primarina|89/100|[from] ability: Hospitality|[of] p2b: Sinistcha\n|move|p1b: Rotom|Helping Hand|p1a: Talonflame\n|-singleturn|p1a: Talonflame|Helping Hand|[of] p1b: Rotom\n|move|p2a: Primarina|Protect|p2a: Primarina\n|-singleturn|p2a: Primarina|Protect\n|move|p1a: Talonflame|Acrobatics|p2a: Primarina\n|-activate|p2a: Primarina|move: Protect\n|\n|-heal|p2a: Primarina|95/100|[from] item: Leftovers\n|upkeep\n|turn|4\n|\n|t:|1776132106\n|move|p1a: Talonflame|Acrobatics|p2a: Primarina\n|-damage|p2a: Primarina|52/100\n|move|p1b: Rotom|Thunderbolt|p2a: Primarina\n|-supereffective|p2a: Primarina|1\n|-damage|p2a: Primarina|6/100\n|move|p2a: Primarina|Calm Mind|p2a: Primarina\n|-boost|p2a: Primarina|spa|1\n|-boost|p2a: Primarina|spd|1\n|move|p2b: Sinistcha|Trick Room|p2b: Sinistcha\n|-fieldstart|move: Trick Room|[of] p2b: Sinistcha\n|\n|-heal|p2a: Primarina|12/100|[from] item: Leftovers\n|-sideend|p1: newacount2|move: Tailwind\n|upkeep\n|turn|5\n|\n|t:|1776132127\n|move|p2a: Primarina|Protect|p2a: Primarina\n|-singleturn|p2a: Primarina|Protect\n|move|p1a: Talonflame|Acrobatics|p2a: Primarina\n|-activate|p2a: Primarina|move: Protect\n|move|p2b: Sinistcha|Life Dew||[still]|[spread] p2a,p2b\n|-heal|p2a: Primarina|37/100\n|-fail|p2b: Sinistcha|heal\n|move|p1b: Rotom|Volt Switch|p2b: Sinistcha\n|-resisted|p2b: Sinistcha|1\n|-damage|p2b: Sinistcha|86/100\n|\n|t:|1776132140\n|switch|p1b: Floette|Floette-Mega, L50, F|100/100|[from] Volt Switch\n|-ability|p1b: Floette|Fairy Aura\n|\n|-heal|p2a: Primarina|43/100|[from] item: Leftovers\n|upkeep\n|turn|6\n|\n|t:|1776132156\n|switch|p2b: Aegislash|Aegislash, L50, F|68/100\n|move|p1a: Talonflame|Acrobatics|p2a: Primarina\n|-damage|p2a: Primarina|6/100\n|move|p2a: Primarina|Hyper Voice|p1a: Talonflame|[spread] p1a,p1b\n|-supereffective|p1a: Talonflame|1\n|-damage|p1a: Talonflame|0 fnt\n|-damage|p1b: Floette|54/100\n|faint|p1a: Talonflame\n|move|p1b: Floette|Dazzling Gleam|p2a: Primarina|[spread] p2a,p2b\n|-resisted|p2b: Aegislash|1\n|-damage|p2a: Primarina|0 fnt\n|-damage|p2b: Aegislash|48/100\n|faint|p2a: Primarina\n|\n|upkeep\n|\n|t:|1776132171\n|switch|p2a: Sinistcha|Sinistcha, L50|86/100\n|switch|p1a: Rotom|Rotom-Wash, L50|100/100\n|-heal|p2b: Aegislash|72/100|[from] ability: Hospitality|[of] p2a: Sinistcha\n|turn|7\n|\n|t:|1776132187\n|move|p1b: Floette|Protect|p1b: Floette\n|-singleturn|p1b: Floette|Protect\n|move|p2a: Sinistcha|Rage Powder|p2a: Sinistcha\n|-singleturn|p2a: Sinistcha|move: Rage Powder\n|-formechange|p2b: Aegislash|Aegislash-Blade|\n|move|p2b: Aegislash|Flash Cannon|p1b: Floette\n|-activate|p1b: Floette|move: Protect\n|move|p1a: Rotom|Hydro Pump|p2a: Sinistcha\n|-resisted|p2a: Sinistcha|1\n|-damage|p2a: Sinistcha|63/100\n|\n|upkeep\n|turn|8\n|\n|t:|1776132211\n|move|p1b: Floette|Protect||[still]\n|-fail|p1b: Floette\n|move|p2b: Aegislash|Flash Cannon|p1b: Floette\n|-supereffective|p1b: Floette|1\n|-damage|p1b: Floette|0 fnt\n|faint|p1b: Floette\n|move|p2a: Sinistcha|Life Dew|p2a: Sinistcha|[spread] p2a,p2b\n|-heal|p2a: Sinistcha|89/100\n|-heal|p2b: Aegislash|98/100\n|move|p1a: Rotom|Hydro Pump|p2b: Aegislash\n|-damage|p2b: Aegislash|9/100\n|\n|-fieldend|move: Trick Room\n|upkeep\n|turn|9\n|\n|t:|1776132232\n|move|p1a: Rotom|Thunderbolt|p2b: Aegislash\n|-damage|p2b: Aegislash|0 fnt\n|faint|p2b: Aegislash\n|move|p2a: Sinistcha|Matcha Gotcha|p1a: Rotom\n|-supereffective|p1a: Rotom|1\n|-damage|p1a: Rotom|30/100\n|-heal|p2a: Sinistcha|100/100|[from] drain|[of] p1a: Rotom\n|-enditem|p1a: Rotom|Sitrus Berry|[eat]\n|-heal|p1a: Rotom|55/100|[from] item: Sitrus Berry\n|\n|upkeep\n|\n|t:|1776132242\n|switch|p2b: Floette|Floette-Eternal, L50, F|100/100\n|turn|10\n|-message|newacount2 forfeited.\n|\n|win|jyotsha\n|raw|newacount2's rating: 1097 &rarr; <strong>1075</strong><br />(-22 for losing)\n|raw|jyotsha's rating: 1137 &rarr; <strong>1159</strong><br />(+22 for winning)\n",
  "uploadtime": 1776132252,
  "views": 12,
  "formatid": "gen9championsvgc2026regma",
  "rating": 1075,
  "private": 0,
  "password": null
}