{
  "id": "gen9championsvgc2026regma-2588084562",
  "format": "[Gen 9 Champions] VGC 2026 Reg M-A",
  "players": [
    "natgar5",
    "wavve_dsh"
  ],
  "log": "|j|\u2606natgar5\n|j|\u2606wavve_dsh\n|t:|1776602477\n|gametype|doubles\n|player|p1|natgar5|hilbert-wonderlauncher|1048\n|player|p2|wavve_dsh|colress|1081\n|gen|9\n|tier|[Gen 9 Champions] VGC 2026 Reg M-A\n|rated|\n|rule|Species Clause: Limit one of each Pok\u00e9mon\n|rule|Item Clause: Limit 1 of each item\n|clearpoke\n|poke|p1|Kommo-o, L50, M, shiny|\n|poke|p1|Arcanine-Hisui, L50, M, shiny|\n|poke|p1|Gengar, L50, M, shiny|\n|poke|p1|Maushold-Four, L50, shiny|\n|poke|p1|Slowking-Galar, L50, F, shiny|\n|poke|p1|Sylveon, L50, F, shiny|\n|poke|p2|Golurk, L50, shiny|\n|poke|p2|Incineroar, L50, M|\n|poke|p2|Farigiraf, L50, F|\n|poke|p2|Sneasler, L50, F, shiny|\n|poke|p2|Torkoal, L50, F|\n|poke|p2|Venusaur, L50, F, shiny|\n|teampreview|4\n|\n|t:|1776602516\n|teamsize|p1|4\n|teamsize|p2|4\n|start\n|switch|p1a: Maushold|Maushold-Four, L50, shiny|100/100\n|switch|p1b: Kommo-o|Kommo-o, L50, M, shiny|100/100\n|switch|p2a: Incineroar|Incineroar, L50, M|100/100\n|switch|p2b: Farigiraf|Farigiraf, L50, F|100/100\n|-ability|p2a: Incineroar|Intimidate|boost\n|-unboost|p1a: Maushold|atk|1\n|-unboost|p1b: Kommo-o|atk|1\n|turn|1\n|\n|t:|1776602531\n|move|p1a: Maushold|Protect|p1a: Maushold\n|-singleturn|p1a: Maushold|Protect\n|move|p1b: Kommo-o|Protect|p1b: Kommo-o\n|-singleturn|p1b: Kommo-o|Protect\n|move|p2a: Incineroar|Fake Out|p1a: Maushold\n|-activate|p1a: Maushold|move: Protect\n|move|p2b: Farigiraf|Trick Room|p2b: Farigiraf\n|-fieldstart|move: Trick Room|[of] p2b: Farigiraf\n|\n|upkeep\n|turn|2\n|\n|t:|1776602551\n|move|p1a: Maushold|Follow Me|p1a: Maushold\n|-singleturn|p1a: Maushold|move: Follow Me\n|move|p2b: Farigiraf|Psychic|p1a: Maushold\n|-damage|p1a: Maushold|59/100\n|move|p2a: Incineroar|Parting Shot|p1a: Maushold\n|-unboost|p1a: Maushold|atk|1\n|-unboost|p1a: Maushold|spa|1\n|\n|t:|1776602560\n|switch|p2a: Golurk|Golurk, L50, shiny|100/100|[from] Parting Shot\n|move|p1b: Kommo-o|Aura Sphere|p2a: Golurk\n|-immune|p2a: Golurk\n|\n|upkeep\n|turn|3\n|\n|t:|1776602592\n|detailschange|p2a: Golurk|Golurk-Mega, L50, shiny\n|-mega|p2a: Golurk|Golurk|Golurkite\n|move|p1a: Maushold|Follow Me|p1a: Maushold\n|-singleturn|p1a: Maushold|move: Follow Me\n|move|p2b: Farigiraf|Psychic|p1a: Maushold\n|-damage|p1a: Maushold|10/100\n|-unboost|p1a: Maushold|spd|1\n|move|p2a: Golurk|Ice Punch|p1a: Maushold\n|-damage|p1a: Maushold|0 fnt\n|faint|p1a: Maushold\n|move|p1b: Kommo-o|Clangorous Soul|p1b: Kommo-o\n|-boost|p1b: Kommo-o|atk|1\n|-boost|p1b: Kommo-o|def|1\n|-boost|p1b: Kommo-o|spa|1\n|-boost|p1b: Kommo-o|spd|1\n|-boost|p1b: Kommo-o|spe|1\n|-damage|p1b: Kommo-o|68/100\n|\n|upkeep\n|\n|t:|1776602603\n|switch|p1a: Sylveon|Sylveon, L50, F, shiny|100/100\n|turn|4\n|\n|t:|1776602626\n|move|p1b: Kommo-o|Protect|p1b: Kommo-o\n|-singleturn|p1b: Kommo-o|Protect\n|move|p2b: Farigiraf|Hyper Voice|p1a: Sylveon|[spread] p1a\n|-activate|p1b: Kommo-o|move: Protect\n|-damage|p1a: Sylveon|82/100\n|move|p1a: Sylveon|Hyper Voice|p2b: Farigiraf|[spread] p2a,p2b\n|-damage|p2a: Golurk|63/100\n|-damage|p2b: Farigiraf|58/100\n|move|p2a: Golurk|Ice Punch|p1b: Kommo-o\n|-supereffective|p1b: Kommo-o|1\n|-ability|p2a: Golurk|Unseen Fist\n|-zbroken|p1b: Kommo-o\n|-damage|p1b: Kommo-o|56/100\n|-status|p1b: Kommo-o|frz\n|\n|upkeep\n|turn|5\n|\n|t:|1776602661\n|switch|p2b: Sneasler|Sneasler, L50, F, shiny|100/100\n|-curestatus|p1b: Kommo-o|frz|[msg]\n|move|p1b: Kommo-o|Protect||[still]\n|-fail|p1b: Kommo-o\n|move|p1a: Sylveon|Hyper Voice|p2a: Golurk|[spread] p2a,p2b\n|-damage|p2a: Golurk|25/100\n|-damage|p2b: Sneasler|43/100\n|move|p2a: Golurk|Ice Punch|p1b: Kommo-o\n|-supereffective|p1b: Kommo-o|1\n|-damage|p1b: Kommo-o|12/100\n|\n|-fieldend|move: Trick Room\n|upkeep\n|turn|6\n|\n|t:|1776602687\n|move|p1b: Kommo-o|Protect|p1b: Kommo-o\n|-singleturn|p1b: Kommo-o|Protect\n|move|p2a: Golurk|Protect|p2a: Golurk\n|-singleturn|p2a: Golurk|Protect\n|move|p2b: Sneasler|Dire Claw|p1a: Sylveon\n|-supereffective|p1a: Sylveon|1\n|-damage|p1a: Sylveon|0 fnt\n|faint|p1a: Sylveon\n|\n|upkeep\n|\n|t:|1776602694\n|switch|p1a: Slowking|Slowking-Galar, L50, F, shiny|100/100\n|turn|7\n|inactive|Battle timer is ON: inactive players will automatically lose when time's up. (requested by natgar5)\n|\n|t:|1776602733\n|move|p1a: Slowking|Protect|p1a: Slowking\n|-singleturn|p1a: Slowking|Protect\n|move|p1b: Kommo-o|Clanging Scales|p2a: Golurk|[spread] p2a,p2b\n|-damage|p2a: Golurk|0 fnt\n|-damage|p2b: Sneasler|0 fnt\n|faint|p2a: Golurk\n|faint|p2b: Sneasler\n|-unboost|p1b: Kommo-o|def|1\n|\n|upkeep\n|\n|t:|1776602743\n|switch|p2b: Incineroar|Incineroar, L50, M|100/100\n|switch|p2a: Farigiraf|Farigiraf, L50, F|58/100\n|-ability|p2b: Incineroar|Intimidate|boost\n|-unboost|p1a: Slowking|atk|1\n|-unboost|p1b: Kommo-o|atk|1\n|turn|8\n|inactive|wavve_dsh has 30 seconds left.\n|\n|t:|1776602769\n|move|p2b: Incineroar|Fake Out|p1a: Slowking\n|-damage|p1a: Slowking|89/100\n|move|p1b: Kommo-o|Clanging Scales|p2a: Farigiraf|[spread] p2a,p2b\n|-damage|p2a: Farigiraf|0 fnt\n|-damage|p2b: Incineroar|34/100\n|faint|p2a: Farigiraf\n|-unboost|p1b: Kommo-o|def|1\n|cant|p1a: Slowking|flinch\n|\n|-heal|p1a: Slowking|95/100|[from] item: Leftovers\n|upkeep\n|turn|9\n|inactive|wavve_dsh has 30 seconds left.\n|c|\u2606natgar5|???\n|inactive|wavve_dsh has 20 seconds left.\n|inactive|wavve_dsh has 15 seconds left.\n|inactive|wavve_dsh has 10 seconds left.\n|inactive|wavve_dsh has 5 seconds left.\n|\n|t:|1776602824\n|move|p2b: Incineroar|Fake Out||[still]\n|-hint|Fake Out only works on your first turn out.\n|-fail|p2b: Incineroar\n|move|p1b: Kommo-o|Clanging Scales|p2b: Incineroar\n|-damage|p2b: Incineroar|0 fnt\n|faint|p2b: Incineroar\n|\n|win|natgar5\n|raw|natgar5's rating: 1048 &rarr; <strong>1084</strong><br />(+36 for winning)\n|raw|wavve_dsh's rating: 1081 &rarr; <strong>1057</strong><br />(-24 for losing)\n",
  "uploadtime": 1776602830,
  "views": 10,
  "formatid": "gen9championsvgc2026regma",
  "rating": 1057,
  "private": 0,
  "password": null
}