{
  "id": "gen9championsvgc2026regma-2580782121",
  "format": "[Gen 9 Champions] VGC 2026 Reg M-A",
  "players": [
    "jyotsha",
    "Sajan_14"
  ],
  "log": "|j|\u2606jyotsha\n|j|\u2606Sajan_14\n|t:|1775932032\n|gametype|doubles\n|player|p1|jyotsha|102|1000\n|player|p2|Sajan_14|170|1000\n|gen|9\n|tier|[Gen 9 Champions] VGC 2026 Reg M-A\n|rated|\n|rule|Species Clause: Limit one of each Pok\u00e9mon\n|rule|Item Clause: Limit 1 of each item\n|clearpoke\n|poke|p1|Aegislash, L50, M|\n|poke|p1|Aerodactyl, L50, M|\n|poke|p1|Incineroar, L50, F|\n|poke|p1|Lucario, L50, F|\n|poke|p1|Milotic, L50, F|\n|poke|p1|Rotom-Wash, L50|\n|poke|p2|Delphox, L50, F|\n|poke|p2|Garchomp, L50, F|\n|poke|p2|Incineroar, L50, F|\n|poke|p2|Sinistcha, L50|\n|poke|p2|Whimsicott, L50, F|\n|poke|p2|Archaludon, L50, F|\n|teampreview|4\n|inactive|Battle timer is ON: inactive players will automatically lose when time's up. (requested by Sajan_14)\n|inactive|jyotsha has 60 seconds left.\n|\n|t:|1775932093\n|teamsize|p1|4\n|teamsize|p2|4\n|start\n|switch|p1a: Lucario|Lucario, L50, F|100/100\n|switch|p1b: Aerodactyl|Aerodactyl, L50, M|100/100\n|switch|p2a: Delphox|Delphox, L50, F|100/100\n|switch|p2b: Garchomp|Garchomp, L50, F|100/100\n|turn|1\n|inactive|jyotsha has 30 seconds left.\n|\n|t:|1775932127\n|detailschange|p1b: Aerodactyl|Aerodactyl-Mega, L50, M\n|-mega|p1b: Aerodactyl|Aerodactyl|Aerodactylite\n|detailschange|p2a: Delphox|Delphox-Mega, L50, F\n|-mega|p2a: Delphox|Delphox|Delphoxite\n|move|p1a: Lucario|Protect|p1a: Lucario\n|-singleturn|p1a: Lucario|Protect\n|move|p1b: Aerodactyl|Tailwind|p1b: Aerodactyl\n|-sidestart|p1: jyotsha|move: Tailwind\n|move|p2a: Delphox|Heat Wave|p1b: Aerodactyl|[spread] p1b\n|-activate|p1a: Lucario|move: Protect\n|-resisted|p1b: Aerodactyl|1\n|-damage|p1b: Aerodactyl|78/100\n|move|p2b: Garchomp|Earthquake|p1a: Lucario|[spread] \n|-activate|p1a: Lucario|move: Protect\n|-immune|p2a: Delphox|[from] ability: Levitate\n|-immune|p1b: Aerodactyl\n|\n|upkeep\n|turn|2\n|inactive|Sajan_14 has 30 seconds left.\n|inactive|Sajan_14 has 20 seconds left.\n|inactive|Sajan_14 has 15 seconds left.\n|\n|t:|1775932169\n|switch|p1a: Rotom|Rotom-Wash, L50|100/100\n|move|p1b: Aerodactyl|Rock Slide|p2b: Garchomp|[spread] p2a,p2b\n|-supereffective|p2a: Delphox|1\n|-resisted|p2b: Garchomp|1\n|-damage|p2a: Delphox|14/100\n|-damage|p2b: Garchomp|85/100\n|cant|p2a: Delphox|flinch\n|cant|p2b: Garchomp|flinch\n|\n|upkeep\n|turn|3\n|\n|t:|1775932188\n|move|p2a: Delphox|Protect|p2a: Delphox\n|-singleturn|p2a: Delphox|Protect\n|move|p1b: Aerodactyl|Rock Slide|p2a: Delphox|[spread] p2b\n|-activate|p2a: Delphox|move: Protect\n|-resisted|p2b: Garchomp|1\n|-damage|p2b: Garchomp|70/100\n|move|p1a: Rotom|Hydro Pump|p2b: Garchomp\n|-damage|p2b: Garchomp|5/100\n|move|p2b: Garchomp|Rock Slide|p1b: Aerodactyl|[spread] p1b\n|-miss|p2b: Garchomp|p1a: Rotom\n|-supereffective|p1b: Aerodactyl|1\n|-damage|p1b: Aerodactyl|29/100\n|\n|upkeep\n|turn|4\n|inactive|Sajan_14 has 30 seconds left.\n|inactive|Sajan_14 has 20 seconds left.\n|inactive|Sajan_14 has 15 seconds left.\n|\n|t:|1775932233\n|switch|p1a: Milotic|Milotic, L50, F|100/100\n|move|p1b: Aerodactyl|Rock Slide|p2b: Garchomp|[spread] p2a,p2b\n|-supereffective|p2a: Delphox|1\n|-resisted|p2b: Garchomp|1\n|-damage|p2a: Delphox|0 fnt\n|-damage|p2b: Garchomp|0 fnt\n|faint|p2a: Delphox\n|faint|p2b: Garchomp\n|\n|-sideend|p1: jyotsha|move: Tailwind\n|upkeep\n|\n|t:|1775932241\n|switch|p2a: Sinistcha|Sinistcha, L50|100/100\n|switch|p2b: Whimsicott|Whimsicott, L50, F|100/100\n|turn|5\n|-message|Sajan_14 forfeited.\n|\n|win|jyotsha\n|raw|jyotsha's rating: 1000 &rarr; <strong>1040</strong><br />(+40 for winning)\n|raw|Sajan_14's rating: 1000 &rarr; <strong>1000</strong><br />(+0 for losing)\n",
  "uploadtime": 1775932245,
  "views": 15,
  "formatid": "gen9championsvgc2026regma",
  "rating": 1000,
  "private": 0,
  "password": null
}