{
  "id": "gen9championsvgc2026regma-2587633635",
  "format": "[Gen 9 Champions] VGC 2026 Reg M-A",
  "players": [
    "Vyke10",
    "FallenTurtlle"
  ],
  "log": "|j|\u2606Vyke10\n|j|\u2606FallenTurtlle\n|t:|1776548848\n|gametype|doubles\n|player|p1|Vyke10|steven|1103\n|player|p2|FallenTurtlle|serena|1172\n|gen|9\n|tier|[Gen 9 Champions] VGC 2026 Reg M-A\n|rated|\n|rule|Species Clause: Limit one of each Pok\u00e9mon\n|rule|Item Clause: Limit 1 of each item\n|clearpoke\n|poke|p1|Talonflame, L50, M|\n|poke|p1|Garchomp, L50, M|\n|poke|p1|Sneasler, L50, M|\n|poke|p1|Ninetales-Alola, L50, F, shiny|\n|poke|p1|Corviknight, L50, M, shiny|\n|poke|p1|Lucario, L50, M, shiny|\n|poke|p2|Mamoswine, L50, M|\n|poke|p2|Aerodactyl, L50, M|\n|poke|p2|Incineroar, L50, M|\n|poke|p2|Meganium, L50, F, shiny|\n|poke|p2|Pelipper, L50, F|\n|poke|p2|Heliolisk, L50, M, shiny|\n|teampreview|4\n|\n|t:|1776548882\n|teamsize|p1|4\n|teamsize|p2|4\n|start\n|switch|p1a: Sneasler|Sneasler, L50, M|100/100\n|switch|p1b: Lucario|Lucario, L50, M, shiny|100/100\n|switch|p2a: Aerodactyl|Aerodactyl, L50, M|100/100\n|switch|p2b: Mamoswine|Mamoswine, L50, M|100/100\n|-ability|p2a: Aerodactyl|Unnerve\n|turn|1\n|\n|t:|1776548900\n|detailschange|p1b: Lucario|Lucario-Mega, L50, M, shiny\n|-mega|p1b: Lucario|Lucario|Lucarionite\n|move|p1a: Sneasler|Fake Out|p2a: Aerodactyl\n|-resisted|p2a: Aerodactyl|1\n|-damage|p2a: Aerodactyl|88/100\n|cant|p2a: Aerodactyl|flinch\n|move|p1b: Lucario|Close Combat|p2b: Mamoswine\n|-supereffective|p2b: Mamoswine|1\n|-damage|p2b: Mamoswine|0 fnt\n|-unboost|p1b: Lucario|def|1\n|-unboost|p1b: Lucario|spd|1\n|faint|p2b: Mamoswine\n|\n|upkeep\n|\n|t:|1776548908\n|switch|p2b: Heliolisk|Heliolisk, L50, M, shiny|100/100\n|turn|2\n|\n|t:|1776548929\n|move|p2b: Heliolisk|Protect|p2b: Heliolisk\n|-singleturn|p2b: Heliolisk|Protect\n|move|p2a: Aerodactyl|Tailwind|p2a: Aerodactyl\n|-sidestart|p2: FallenTurtlle|move: Tailwind\n|move|p1b: Lucario|Close Combat|p2b: Heliolisk\n|-activate|p2b: Heliolisk|move: Protect\n|move|p1a: Sneasler|Coaching|p1b: Lucario\n|-boost|p1b: Lucario|atk|1\n|-boost|p1b: Lucario|def|1\n|\n|upkeep\n|turn|3\n|\n|t:|1776548958\n|move|p2a: Aerodactyl|Dual Wingbeat|p1a: Sneasler\n|-supereffective|p1a: Sneasler|1\n|-damage|p1a: Sneasler|34/100\n|-supereffective|p1a: Sneasler|1\n|-damage|p1a: Sneasler|0 fnt\n|faint|p1a: Sneasler\n|-hitcount|p1: Sneasler|2\n|move|p2b: Heliolisk|Thunderbolt|p1b: Lucario\n|-damage|p1b: Lucario|0 fnt\n|faint|p1b: Lucario\n|\n|upkeep\n|\n|t:|1776548968\n|switch|p1b: Garchomp|Garchomp, L50, M|100/100\n|switch|p1a: Talonflame|Talonflame, L50, M|100/100\n|turn|4\n|\n|t:|1776548980\n|move|p1a: Talonflame|Tailwind|p1a: Talonflame\n|-sidestart|p1: Vyke10|move: Tailwind\n|move|p2a: Aerodactyl|Rock Slide|p1b: Garchomp|[spread] p1a,p1b\n|-supereffective|p1a: Talonflame|2\n|-resisted|p1b: Garchomp|1\n|-damage|p1a: Talonflame|0 fnt\n|-damage|p1b: Garchomp|88/100\n|faint|p1a: Talonflame\n|move|p2b: Heliolisk|Hyper Voice|p1b: Garchomp\n|-damage|p1b: Garchomp|41/100\n|cant|p1b: Garchomp|flinch\n|\n|upkeep\n|turn|5\n|\n|t:|1776548991\n|move|p2a: Aerodactyl|Rock Slide|p1b: Garchomp\n|-resisted|p1b: Garchomp|1\n|-damage|p1b: Garchomp|24/100\n|move|p2b: Heliolisk|Hyper Voice|p1b: Garchomp\n|-damage|p1b: Garchomp|0 fnt\n|faint|p1b: Garchomp\n|\n|win|FallenTurtlle\n|raw|Vyke10's rating: 1103 &rarr; <strong>1083</strong><br />(-20 for losing)\n|raw|FallenTurtlle's rating: 1172 &rarr; <strong>1192</strong><br />(+20 for winning)\n",
  "uploadtime": 1776548991,
  "views": 11,
  "formatid": "gen9championsvgc2026regma",
  "rating": 1083,
  "private": 0,
  "password": null
}