{
  "id": "gen9championsvgc2026regma-2582492620",
  "format": "[Gen 9 Champions] VGC 2026 Reg M-A",
  "players": [
    "CirclesOfSwellow",
    "amongdripgoku"
  ],
  "log": "|j|\u2606CirclesOfSwellow\n|j|\u2606amongdripgoku\n|t:|1776095171\n|gametype|doubles\n|player|p1|CirclesOfSwellow|barry|1045\n|player|p2|amongdripgoku|2|1112\n|gen|9\n|tier|[Gen 9 Champions] VGC 2026 Reg M-A\n|rated|\n|rule|Species Clause: Limit one of each Pok\u00e9mon\n|rule|Item Clause: Limit 1 of each item\n|clearpoke\n|poke|p1|Camerupt, L50, M|\n|poke|p1|Alakazam, L50, F|\n|poke|p1|Tyranitar, L50, F|\n|poke|p1|Incineroar, L50, F|\n|poke|p1|Whimsicott, L50, M|\n|poke|p1|Scovillain, L50, M|\n|poke|p2|Charizard, L50, M|\n|poke|p2|Venusaur, L50, F|\n|poke|p2|Garchomp, L50, M|\n|poke|p2|Rotom-Wash, L50|\n|poke|p2|Sneasler, L50, F|\n|poke|p2|Incineroar, L50, M|\n|teampreview|4\n|inactive|Battle timer is ON: inactive players will automatically lose when time's up. (requested by CirclesOfSwellow)\nCirclesOfSwellow rejected open team sheets.\n|inactive|amongdripgoku has 60 seconds left.\n|\n|t:|1776095210\n|teamsize|p1|4\n|teamsize|p2|4\n|start\n|switch|p1a: Camerupt|Camerupt, L50, M|100/100\n|switch|p1b: Alakazam|Alakazam, L50, F|100/100\n|switch|p2a: Garchomp|Garchomp, L50, M|100/100\n|switch|p2b: Venusaur|Venusaur, L50, F|100/100\n|turn|1\n|\n|t:|1776095226\n|move|p2b: Venusaur|Protect|p2b: Venusaur\n|-singleturn|p2b: Venusaur|Protect\n|move|p1a: Camerupt|Protect|p1a: Camerupt\n|-singleturn|p1a: Camerupt|Protect\n|move|p2a: Garchomp|Earthquake|p1a: Camerupt|[spread] p1b\n|-activate|p2b: Venusaur|move: Protect\n|-activate|p1a: Camerupt|move: Protect\n|-enditem|p1b: Alakazam|Focus Sash\n|-damage|p1b: Alakazam|1/100\n|move|p1b: Alakazam|Reflect|p1b: Alakazam\n|-sidestart|p1: CirclesOfSwellow|Reflect\n|\n|upkeep\n|turn|2\n|inactive|CirclesOfSwellow has 30 seconds left.\n|\n|t:|1776095253\n|switch|p2b: Charizard|Charizard, L50, M|100/100\n|detailschange|p1a: Camerupt|Camerupt-Mega, L50, M\n|-mega|p1a: Camerupt|Camerupt|Cameruptite\n|move|p2a: Garchomp|Earthquake|p1b: Alakazam|[spread] p1a,p1b\n|-immune|p2b: Charizard\n|-supereffective|p1a: Camerupt|1\n|-damage|p1a: Camerupt|42/100\n|-damage|p1b: Alakazam|0 fnt\n|faint|p1b: Alakazam\n|move|p1a: Camerupt|Heat Wave|p2a: Garchomp|[spread] p2a,p2b\n|-resisted|p2a: Garchomp|1\n|-crit|p2a: Garchomp\n|-resisted|p2b: Charizard|1\n|-damage|p2a: Garchomp|50/100\n|-damage|p2b: Charizard|61/100\n|\n|upkeep\n|\n|t:|1776095267\n|switch|p1b: Scovillain|Scovillain, L50, M|100/100\n|turn|3\n|\n|t:|1776095275\n|detailschange|p2b: Charizard|Charizard-Mega-Y, L50, M\n|-mega|p2b: Charizard|Charizard|Charizardite Y\n|-weather|SunnyDay|[from] ability: Drought|[of] p2b: Charizard\n|move|p1a: Camerupt|Protect|p1a: Camerupt\n|-singleturn|p1a: Camerupt|Protect\n|move|p2a: Garchomp|Earthquake|p1a: Camerupt|[spread] p1b\n|-activate|p1a: Camerupt|move: Protect\n|-immune|p2b: Charizard\n|-crit|p1b: Scovillain\n|-damage|p1b: Scovillain|3/100\n|move|p1b: Scovillain|Seed Bomb|p2a: Garchomp\n|-damage|p2a: Garchomp|0 fnt\n|faint|p2a: Garchomp\n|move|p2b: Charizard|Weather Ball|p1b: Scovillain\n|-crit|p1b: Scovillain\n|-damage|p1b: Scovillain|0 fnt\n|faint|p1b: Scovillain\n|\n|-weather|SunnyDay|[upkeep]\n|upkeep\n|\n|t:|1776095292\n|switch|p2a: Sneasler|Sneasler, L50, F|100/100\n|switch|p1b: Incineroar|Incineroar, L50, F|100/100\n|-ability|p1b: Incineroar|Intimidate|boost\n|-unboost|p2a: Sneasler|atk|1\n|-unboost|p2b: Charizard|atk|1\n|-enditem|p2a: Sneasler|White Herb\n|-clearnegativeboost|p2a: Sneasler|[silent]\n|turn|4\n|\n|t:|1776095313\n|move|p2a: Sneasler|Fake Out|p1b: Incineroar\n|-damage|p1b: Incineroar|92/100\n|cant|p1b: Incineroar|flinch\n|move|p2b: Charizard|Solar Beam||[still]\n|-prepare|p2b: Charizard|Solar Beam\n|-anim|p2b: Charizard|Solar Beam|p1a: Camerupt\n|-damage|p1a: Camerupt|0 fnt\n|faint|p1a: Camerupt\n|\n|-weather|SunnyDay|[upkeep]\n|upkeep\n|turn|5\n|-message|CirclesOfSwellow forfeited.\n|\n|win|amongdripgoku\n|raw|CirclesOfSwellow's rating: 1045 &rarr; <strong>1031</strong><br />(-14 for losing)\n|raw|amongdripgoku's rating: 1112 &rarr; <strong>1132</strong><br />(+20 for winning)\n",
  "uploadtime": 1776095322,
  "views": 13,
  "formatid": "gen9championsvgc2026regma",
  "rating": 1031,
  "private": 0,
  "password": null
}