{
  "id": "gen9championsvgc2026regma-2588761724",
  "format": "[Gen 9 Champions] VGC 2026 Reg M-A",
  "players": [
    "namhoinon",
    "PurelyCynical"
  ],
  "log": "|j|\u2606namhoinon\n|j|\u2606PurelyCynical\n|t:|1776667418\n|gametype|doubles\n|player|p1|namhoinon|bugcatcher-gen4dp|1200\n|player|p2|PurelyCynical|ingo|1124\n|gen|9\n|tier|[Gen 9 Champions] VGC 2026 Reg M-A\n|rated|\n|rule|Species Clause: Limit one of each Pok\u00e9mon\n|rule|Item Clause: Limit 1 of each item\n|clearpoke\n|poke|p1|Gengar, L50, F|\n|poke|p1|Tyranitar, L50, M|\n|poke|p1|Aerodactyl, L50, F|\n|poke|p1|Rotom-Wash, L50|\n|poke|p1|Garchomp, L50, M|\n|poke|p1|Sneasler, L50, F|\n|poke|p2|Incineroar, L50, M, shiny|\n|poke|p2|Gardevoir, L50, F, shiny|\n|poke|p2|Dragapult, L50, M, shiny|\n|poke|p2|Maushold, L50, shiny|\n|poke|p2|Sneasler, L50, F, shiny|\n|poke|p2|Rotom-Mow, L50, shiny|\n|teampreview|4\n|inactive|Battle timer is ON: inactive players will automatically lose when time's up. (requested by namhoinon)\n|inactive|PurelyCynical has 60 seconds left.\n|inactive|PurelyCynical has 30 seconds left.\n|inactive|PurelyCynical has 20 seconds left.\n|\n|t:|1776667494\n|teamsize|p1|4\n|teamsize|p2|4\n|start\n|switch|p1a: Aerodactyl|Aerodactyl, L50, F|100/100\n|switch|p1b: Sneasler|Sneasler, L50, F|100/100\n|switch|p2a: Rotom|Rotom-Mow, L50, shiny|100/100\n|switch|p2b: Dragapult|Dragapult, L50, M, shiny|100/100\n|-ability|p1a: Aerodactyl|Unnerve\n|turn|1\n|\n|t:|1776667516\n|move|p1b: Sneasler|Fake Out|p2a: Rotom\n|-damage|p2a: Rotom|82/100\n|move|p1a: Aerodactyl|Tailwind|p1a: Aerodactyl\n|-sidestart|p1: namhoinon|move: Tailwind\n|move|p2b: Dragapult|Dragon Darts|p1a: Aerodactyl\n|-damage|p1a: Aerodactyl|50/100\n|-anim|p2b: Dragapult|Dragon Darts|p1b: Sneasler\n|-damage|p1b: Sneasler|43/100\n|cant|p2a: Rotom|flinch\n|\n|upkeep\n|turn|2\n|\n|t:|1776667532\n|switch|p2b: Incineroar|Incineroar, L50, M, shiny|100/100\n|-ability|p2b: Incineroar|Intimidate|boost\n|-unboost|p1a: Aerodactyl|atk|1\n|-unboost|p1b: Sneasler|atk|1\n|-enditem|p1b: Sneasler|White Herb\n|-clearnegativeboost|p1b: Sneasler|[silent]\n|move|p1b: Sneasler|Dire Claw|p2a: Rotom\n|-supereffective|p2a: Rotom|1\n|-damage|p2a: Rotom|0 fnt\n|faint|p2a: Rotom\n|move|p1a: Aerodactyl|Rock Slide|p2b: Incineroar\n|-supereffective|p2b: Incineroar|1\n|-damage|p2b: Incineroar|68/100\n|\n|upkeep\n|\n|t:|1776667549\n|switch|p2a: Gardevoir|Gardevoir, L50, F, shiny|100/100\n|turn|3\n|\n|t:|1776667567\n|switch|p1b: Gengar|Gengar, L50, F|100/100\n|detailschange|p2a: Gardevoir|Gardevoir-Mega, L50, F, shiny\n|-mega|p2a: Gardevoir|Gardevoir|Gardevoirite\n|move|p2b: Incineroar|Fake Out|p1b: Gengar\n|-immune|p1b: Gengar\n|move|p1a: Aerodactyl|Rock Slide|p2a: Gardevoir|[spread] p2a,p2b\n|-supereffective|p2b: Incineroar|1\n|-damage|p2a: Gardevoir|76/100\n|-damage|p2b: Incineroar|44/100\n|move|p2a: Gardevoir|Hyper Voice|p1b: Gengar|[spread] p1a,p1b\n|-resisted|p1b: Gengar|1\n|-damage|p1a: Aerodactyl|0 fnt\n|-damage|p1b: Gengar|60/100\n|faint|p1a: Aerodactyl\n|\n|upkeep\n|\n|t:|1776667583\n|switch|p1a: Sneasler|Sneasler, L50, F|43/100\n|turn|4\n|inactive|PurelyCynical has 30 seconds left.\n|inactive|PurelyCynical has 20 seconds left.\n|\n|t:|1776667620\n|switch|p2b: Dragapult|Dragapult, L50, M, shiny|100/100\n|detailschange|p1b: Gengar|Gengar-Mega, L50, F\n|-mega|p1b: Gengar|Gengar|Gengarite\n|move|p2a: Gardevoir|Protect|p2a: Gardevoir\n|-singleturn|p2a: Gardevoir|Protect\n|move|p1b: Gengar|Sludge Bomb|p2a: Gardevoir\n|-activate|p2a: Gardevoir|move: Protect\n|move|p1a: Sneasler|Close Combat|p2b: Dragapult\n|-immune|p2b: Dragapult\n|\n|-sideend|p1: namhoinon|move: Tailwind\n|upkeep\n|turn|5\n|inactive|PurelyCynical has 30 seconds left.\n|inactive|namhoinon has 30 seconds left.\n|\n|t:|1776667652\n|switch|p1b: Garchomp|Garchomp, L50, M|100/100\n|move|p2b: Dragapult|Dragon Darts|p1a: Sneasler\n|-damage|p1a: Sneasler|0 fnt\n|-anim|p2b: Dragapult|Dragon Darts|p1b: Garchomp\n|-supereffective|p1b: Garchomp|1\n|-damage|p1b: Garchomp|32/100\n|faint|p1a: Sneasler\n|move|p2a: Gardevoir|Psyshock|p1b: Garchomp\n|-damage|p1b: Garchomp|0 fnt\n|faint|p1b: Garchomp\n|\n|upkeep\n|-message|namhoinon forfeited.\n|\n|win|PurelyCynical\n|raw|namhoinon's rating: 1200 &rarr; <strong>1170</strong><br />(-30 for losing)\n|raw|PurelyCynical's rating: 1124 &rarr; <strong>1154</strong><br />(+30 for winning)\n|l|\u2606namhoinon\n|player|p1|\n",
  "uploadtime": 1776667665,
  "views": 12,
  "formatid": "gen9championsvgc2026regma",
  "rating": 1154,
  "private": 0,
  "password": null
}