{
  "id": "gen9championsvgc2026regma-2583010605",
  "format": "[Gen 9 Champions] VGC 2026 Reg M-A",
  "players": [
    "franvic",
    "aggsapphire"
  ],
  "log": "|j|\u2606franvic\n|j|\u2606aggsapphire\n|t:|1776133097\n|gametype|doubles\n|player|p1|franvic|169|1300\n|player|p2|aggsapphire|265|1335\n|gen|9\n|tier|[Gen 9 Champions] VGC 2026 Reg M-A\n|rated|\n|rule|Species Clause: Limit one of each Pok\u00e9mon\n|rule|Item Clause: Limit 1 of each item\n|clearpoke\n|poke|p1|Dragonite, L50, F|\n|poke|p1|Venusaur, L50, F|\n|poke|p1|Incineroar, L50, M|\n|poke|p1|Sneasler, L50, F|\n|poke|p1|Basculegion, L50, M|\n|poke|p1|Kingambit, L50, M|\n|poke|p2|Charizard, L50, F|\n|poke|p2|Venusaur, L50, M|\n|poke|p2|Incineroar, L50, F|\n|poke|p2|Basculegion, L50, M|\n|poke|p2|Garchomp, L50, M|\n|poke|p2|Sneasler, L50, F|\n|teampreview|4\n|\n|t:|1776133149\n|teamsize|p1|4\n|teamsize|p2|4\n|start\n|switch|p1a: Incineroar|Incineroar, L50, M|100/100\n|switch|p1b: Dragonite|Dragonite, L50, F, shiny|100/100\n|switch|p2a: Venusaur|Venusaur, L50, M|100/100\n|switch|p2b: Sneasler|Sneasler, L50, F|100/100\n|-ability|p1a: Incineroar|Intimidate|boost\n|-unboost|p2a: Venusaur|atk|1\n|-unboost|p2b: Sneasler|atk|1\n|-enditem|p2b: Sneasler|White Herb\n|-clearnegativeboost|p2b: Sneasler|[silent]\n|turn|1\n|\n|t:|1776133181\n|detailschange|p1b: Dragonite|Dragonite-Mega, L50, F, shiny\n|-mega|p1b: Dragonite|Dragonite|Dragoninite\n|move|p1a: Incineroar|Fake Out|p2b: Sneasler\n|-damage|p2b: Sneasler|82/100\n|cant|p2b: Sneasler|flinch\n|move|p2a: Venusaur|Sleep Powder|p1b: Dragonite\n|-status|p1b: Dragonite|slp|[from] move: Sleep Powder\n|cant|p1b: Dragonite|slp\n|\n|upkeep\n|turn|2\n|\n|t:|1776133210\n|switch|p1a: Basculegion|Basculegion, L50, M, shiny|100/100\n|move|p2b: Sneasler|Close Combat|p1a: Basculegion\n|-immune|p1a: Basculegion\n|move|p2a: Venusaur|Sludge Bomb|p1b: Dragonite\n|-damage|p1b: Dragonite|84/100 slp\n|-curestatus|p1b: Dragonite|slp|[msg]\n|move|p1b: Dragonite|Dragon Pulse|p2b: Sneasler\n|-damage|p2b: Sneasler|17/100\n|\n|upkeep\n|turn|3\n|\n|t:|1776133235\n|move|p2b: Sneasler|Protect|p2b: Sneasler\n|-singleturn|p2b: Sneasler|Protect\n|move|p1a: Basculegion|Flip Turn|p2b: Sneasler\n|-activate|p2b: Sneasler|move: Protect\n|move|p2a: Venusaur|Sleep Powder|p1a: Basculegion|[miss]\n|-miss|p2a: Venusaur|p1a: Basculegion\n|move|p1b: Dragonite|Fire Spin|p2a: Venusaur\n|-supereffective|p2a: Venusaur|1\n|-crit|p2a: Venusaur\n|-damage|p2a: Venusaur|56/100\n|-activate|p2a: Venusaur|move: Fire Spin|[of] p1b: Dragonite\n|\n|-damage|p2a: Venusaur|44/100|[from] move: Fire Spin|[partiallytrapped]\n|upkeep\n|turn|4\n|\n|t:|1776133273\n|move|p2b: Sneasler|Dire Claw|p1b: Dragonite\n|-crit|p1b: Dragonite\n|-damage|p1b: Dragonite|33/100\n|-status|p1b: Dragonite|psn\n|move|p1a: Basculegion|Flip Turn|p2a: Venusaur\n|-resisted|p2a: Venusaur|1\n|-damage|p2a: Venusaur|25/100\n|\n|t:|1776133281\n|switch|p1a: Incineroar|Incineroar, L50, M|100/100|[from] Flip Turn\n|-ability|p1a: Incineroar|Intimidate|boost\n|-unboost|p2a: Venusaur|atk|1\n|-unboost|p2b: Sneasler|atk|1\n|move|p2a: Venusaur|Sleep Powder|p1a: Incineroar\n|-status|p1a: Incineroar|slp|[from] move: Sleep Powder\n|-enditem|p1a: Incineroar|Lum Berry|[eat]\n|-curestatus|p1a: Incineroar|slp|[msg]\n|move|p1b: Dragonite|Dragon Pulse|p2b: Sneasler\n|-damage|p2b: Sneasler|0 fnt\n|faint|p2b: Sneasler\n|\n|-damage|p1b: Dragonite|21/100 psn|[from] psn\n|-damage|p2a: Venusaur|13/100|[from] move: Fire Spin|[partiallytrapped]\n|upkeep\n|\n|t:|1776133296\n|switch|p2b: Garchomp|Garchomp, L50, M|100/100\n|turn|5\n|\n|t:|1776133357\n|switch|p2b: Incineroar|Incineroar, L50, F|100/100\n|-ability|p2b: Incineroar|Intimidate|boost\n|-unboost|p1a: Incineroar|atk|1\n|-unboost|p1b: Dragonite|atk|1\n|move|p2a: Venusaur|Sleep Powder|p1a: Incineroar\n|-status|p1a: Incineroar|slp|[from] move: Sleep Powder\n|move|p1b: Dragonite|Dragon Pulse|p2a: Venusaur\n|-damage|p2a: Venusaur|0 fnt\n|faint|p2a: Venusaur\n|cant|p1a: Incineroar|slp\n|\n|-damage|p1b: Dragonite|9/100 psn|[from] psn\n|upkeep\n|\n|t:|1776133366\n|switch|p2a: Garchomp|Garchomp, L50, M|100/100\n|turn|6\n|\n|t:|1776133400\n|switch|p1a: Basculegion|Basculegion, L50, M, shiny|100/100\n|move|p2a: Garchomp|Rock Slide|p1b: Dragonite|[spread] p1a,p1b\n|-supereffective|p1b: Dragonite|1\n|-damage|p1a: Basculegion|75/100\n|-damage|p1b: Dragonite|0 fnt\n|faint|p1b: Dragonite\n|move|p2b: Incineroar|Throat Chop|p1a: Basculegion\n|-supereffective|p1a: Basculegion|1\n|-damage|p1a: Basculegion|0 fnt\n|faint|p1a: Basculegion\n|\n|upkeep\n|\n|t:|1776133411\n|switch|p1a: Incineroar|Incineroar, L50, M|100/100 slp\n|switch|p1b: Kingambit|Kingambit, L50, M, shiny|100/100\n|-ability|p1a: Incineroar|Intimidate|boost\n|-unboost|p2a: Garchomp|atk|1\n|-unboost|p2b: Incineroar|atk|1\n|turn|7\n|\n|t:|1776133424\n|move|p1b: Kingambit|Protect|p1b: Kingambit\n|-singleturn|p1b: Kingambit|Protect\n|-curestatus|p1a: Incineroar|slp|[msg]\n|move|p1a: Incineroar|Fake Out|p2b: Incineroar\n|-damage|p2b: Incineroar|93/100\n|move|p2a: Garchomp|Rock Slide|p1a: Incineroar|[spread] p1a\n|-activate|p1b: Kingambit|move: Protect\n|-supereffective|p1a: Incineroar|1\n|-damage|p1a: Incineroar|83/100\n|cant|p2b: Incineroar|flinch\n|\n|upkeep\n|turn|8\n|\n|t:|1776133443\n|move|p2a: Garchomp|Protect|p2a: Garchomp\n|-singleturn|p2a: Garchomp|Protect\n|move|p2b: Incineroar|Flare Blitz|p1b: Kingambit\n|-supereffective|p1b: Kingambit|1\n|-damage|p1b: Kingambit|56/100\n|-damage|p2b: Incineroar|78/100|[from] Recoil\n|move|p1a: Incineroar|Flare Blitz|p2b: Incineroar\n|-resisted|p2b: Incineroar|1\n|-damage|p2b: Incineroar|60/100\n|-damage|p1a: Incineroar|77/100|[from] Recoil\n|move|p1b: Kingambit|Swords Dance|p1b: Kingambit\n|-boost|p1b: Kingambit|atk|2\n|\n|upkeep\n|turn|9\n|\n|t:|1776133470\n|move|p1b: Kingambit|Sucker Punch|p2a: Garchomp\n|-damage|p2a: Garchomp|17/100\n|-damage|p1b: Kingambit|43/100|[from] ability: Rough Skin|[of] p2a: Garchomp\n|move|p2a: Garchomp|Rock Slide|p1a: Incineroar|[spread] p1a,p1b\n|-supereffective|p1a: Incineroar|1\n|-resisted|p1b: Kingambit|1\n|-damage|p1a: Incineroar|59/100\n|-damage|p1b: Kingambit|38/100\n|move|p2b: Incineroar|Parting Shot|p1a: Incineroar\n|-unboost|p1a: Incineroar|atk|1\n|-unboost|p1a: Incineroar|spa|1\n|cant|p1a: Incineroar|flinch\n|\n|upkeep\n|turn|10\n|\n|t:|1776133510\n|move|p2a: Garchomp|Protect|p2a: Garchomp\n|-singleturn|p2a: Garchomp|Protect\n|move|p1b: Kingambit|Protect|p1b: Kingambit\n|-singleturn|p1b: Kingambit|Protect\n|move|p2b: Incineroar|Parting Shot|p1a: Incineroar\n|-unboost|p1a: Incineroar|atk|1\n|-unboost|p1a: Incineroar|spa|1\n|move|p1a: Incineroar|Darkest Lariat|p2a: Garchomp\n|-activate|p2a: Garchomp|move: Protect\n|\n|upkeep\n|turn|11\n|\n|t:|1776133527\n|move|p2a: Garchomp|Protect|p2a: Garchomp\n|-singleturn|p2a: Garchomp|Protect\n|move|p1b: Kingambit|Sucker Punch||[still]\n|-fail|p1b: Kingambit\n|move|p2b: Incineroar|Flare Blitz|p1b: Kingambit\n|-supereffective|p1b: Kingambit|1\n|-damage|p1b: Kingambit|0 fnt\n|faint|p1b: Kingambit\n|-damage|p2b: Incineroar|48/100|[from] Recoil\n|-enditem|p2b: Incineroar|Sitrus Berry|[eat]\n|-heal|p2b: Incineroar|73/100|[from] item: Sitrus Berry\n|move|p1a: Incineroar|Darkest Lariat|p2a: Garchomp\n|-activate|p2a: Garchomp|move: Protect\n|\n|upkeep\n|turn|12\n|-message|franvic forfeited.\n|\n|win|aggsapphire\n|raw|franvic's rating: 1300 &rarr; <strong>1278</strong><br />(-22 for losing)\n|raw|aggsapphire's rating: 1335 &rarr; <strong>1353</strong><br />(+18 for winning)\n|l|\u2606franvic\n|player|p1|\n",
  "uploadtime": 1776133561,
  "views": 40,
  "formatid": "gen9championsvgc2026regma",
  "rating": 1278,
  "private": 0,
  "password": null
}