{
  "id": "gen9championsvgc2026regma-2585760913",
  "format": "[Gen 9 Champions] VGC 2026 Reg M-A",
  "players": [
    "jukesstyle",
    "soulo333"
  ],
  "log": "|j|\u2606jukesstyle\n|j|\u2606soulo333\n|t:|1776368739\n|gametype|doubles\n|player|p1|jukesstyle|1|1078\n|player|p2|soulo333|266|1140\n|gen|9\n|tier|[Gen 9 Champions] VGC 2026 Reg M-A\n|rated|\n|rule|Species Clause: Limit one of each Pok\u00e9mon\n|rule|Item Clause: Limit 1 of each item\n|clearpoke\n|poke|p1|Delphox, L50, F|\n|poke|p1|Incineroar, L50, M|\n|poke|p1|Torkoal, L50, M|\n|poke|p1|Hydrapple, L50, M|\n|poke|p1|Farigiraf, L50, M|\n|poke|p1|Aerodactyl, L50, M|\n|poke|p2|Charizard, L50, F|\n|poke|p2|Sneasler, L50, F|\n|poke|p2|Sinistcha, L50|\n|poke|p2|Incineroar, L50, F|\n|poke|p2|Milotic, L50, M|\n|poke|p2|Tyranitar, L50, M|\n|teampreview|4\n|\n|t:|1776368763\n|teamsize|p1|4\n|teamsize|p2|4\n|start\n|switch|p1a: Delphox|Delphox, L50, F|100/100\n|switch|p1b: Farigiraf|Farigiraf, L50, M|100/100\n|switch|p2a: Incineroar|Incineroar, L50, F|100/100\n|switch|p2b: Milotic|Milotic, L50, M|100/100\n|-ability|p2a: Incineroar|Intimidate|boost\n|-unboost|p1a: Delphox|atk|1\n|-unboost|p1b: Farigiraf|atk|1\n|turn|1\n|inactive|Battle timer is ON: inactive players will automatically lose when time's up. (requested by jukesstyle)\n|\n|t:|1776368793\n|switch|p1a: Hydrapple|Hydrapple, L50, M|100/100\n|-ability|p1a: Hydrapple|Supersweet Syrup\n|-unboost|p2a: Incineroar|evasion|1\n|-unboost|p2b: Milotic|evasion|1\n|-ability|p2b: Milotic|Competitive|boost\n|-boost|p2b: Milotic|spa|2\n|move|p2b: Milotic|Scald|p1b: Farigiraf\n|-damage|p1b: Farigiraf|45/100\n|-status|p1b: Farigiraf|brn\n|move|p2a: Incineroar|Throat Chop|p1b: Farigiraf\n|-supereffective|p1b: Farigiraf|1\n|-enditem|p1b: Farigiraf|Colbur Berry|[eat]\n|-enditem|p1b: Farigiraf|Colbur Berry|[weaken]\n|-damage|p1b: Farigiraf|22/100 brn\n|-start|p1b: Farigiraf|Throat Chop|[silent]\n|move|p1b: Farigiraf|Trick Room|p1b: Farigiraf\n|-fieldstart|move: Trick Room|[of] p1b: Farigiraf\n|\n|-damage|p1b: Farigiraf|16/100 brn|[from] brn\n|upkeep\n|turn|2\n|inactive|jukesstyle has 30 seconds left.\n|\n|t:|1776368826\n|move|p1b: Farigiraf|Protect|p1b: Farigiraf\n|-singleturn|p1b: Farigiraf|Protect\n|move|p2b: Milotic|Protect|p2b: Milotic\n|-singleturn|p2b: Milotic|Protect\n|move|p1a: Hydrapple|Substitute|p1a: Hydrapple\n|-start|p1a: Hydrapple|Substitute\n|-damage|p1a: Hydrapple|75/100\n|move|p2a: Incineroar|Parting Shot|p1a: Hydrapple\n|-unboost|p1a: Hydrapple|atk|1\n|-unboost|p1a: Hydrapple|spa|1\n|\n|t:|1776368837\n|switch|p2a: Sinistcha|Sinistcha, L50|100/100|[from] Parting Shot\n|\n|-heal|p1a: Hydrapple|82/100|[from] item: Leftovers\n|-damage|p1b: Farigiraf|10/100 brn|[from] brn\n|-end|p1b: Farigiraf|Throat Chop|[silent]\n|upkeep\n|turn|3\n|\n|t:|1776368860\n|move|p1a: Hydrapple|Fickle Beam|p2b: Milotic\n|-damage|p2b: Milotic|82/100\n|move|p1b: Farigiraf|Foul Play|p2a: Sinistcha\n|-supereffective|p2a: Sinistcha|1\n|-enditem|p2a: Sinistcha|Colbur Berry|[eat]\n|-enditem|p2a: Sinistcha|Colbur Berry|[weaken]\n|-damage|p2a: Sinistcha|94/100\n|move|p2a: Sinistcha|Matcha Gotcha|p1b: Farigiraf|[spread] p1a,p1b\n|-resisted|p1a: Hydrapple|2\n|-activate|p1a: Hydrapple|move: Substitute|[damage]\n|-heal|p2a: Sinistcha|99/100|[from] drain|[of] p1a: Hydrapple\n|-damage|p1b: Farigiraf|0 fnt\n|-heal|p2a: Sinistcha|100/100|[from] drain|[of] p1b: Farigiraf\n|faint|p1b: Farigiraf\n|move|p2b: Milotic|Icy Wind|p1a: Hydrapple\n|-supereffective|p1a: Hydrapple|2\n|-end|p1a: Hydrapple|Substitute\n|\n|-heal|p1a: Hydrapple|88/100|[from] item: Leftovers\n|-heal|p2b: Milotic|88/100|[from] item: Leftovers\n|upkeep\n|\n|t:|1776368880\n|switch|p1b: Incineroar|Incineroar, L50, M|100/100\n|-ability|p1b: Incineroar|Intimidate|boost\n|-unboost|p2a: Sinistcha|atk|1\n|-unboost|p2b: Milotic|atk|1\n|-ability|p2b: Milotic|Competitive|boost\n|-boost|p2b: Milotic|spa|2\n|turn|4\n|\n|t:|1776368891\n|move|p1a: Hydrapple|Giga Drain|p2b: Milotic\n|-supereffective|p2b: Milotic|1\n|-damage|p2b: Milotic|55/100\n|-heal|p1a: Hydrapple|100/100|[from] drain|[of] p2b: Milotic\n|move|p1b: Incineroar|Flare Blitz|p2a: Sinistcha\n|-supereffective|p2a: Sinistcha|1\n|-damage|p2a: Sinistcha|16/100\n|-damage|p1b: Incineroar|76/100|[from] Recoil\n|move|p2a: Sinistcha|Shadow Ball|p1a: Hydrapple\n|-damage|p1a: Hydrapple|57/100\n|move|p2b: Milotic|Scald|p1b: Incineroar\n|-supereffective|p1b: Incineroar|1\n|-damage|p1b: Incineroar|0 fnt\n|faint|p1b: Incineroar\n|\n|-heal|p1a: Hydrapple|63/100|[from] item: Leftovers\n|-heal|p2b: Milotic|61/100|[from] item: Leftovers\n|upkeep\n|\n|t:|1776368908\n|switch|p1b: Delphox|Delphox, L50, F|100/100\n|turn|5\n|\n|t:|1776368917\n|move|p1a: Hydrapple|Protect|p1a: Hydrapple\n|-singleturn|p1a: Hydrapple|Protect\n|move|p1b: Delphox|Protect|p1b: Delphox\n|-singleturn|p1b: Delphox|Protect\n|move|p2a: Sinistcha|Shadow Ball|p1b: Delphox\n|-activate|p1b: Delphox|move: Protect\n|move|p2b: Milotic|Icy Wind|p1b: Delphox|[spread] \n|-activate|p1a: Hydrapple|move: Protect\n|-activate|p1b: Delphox|move: Protect\n|\n|-heal|p1a: Hydrapple|70/100|[from] item: Leftovers\n|-heal|p2b: Milotic|67/100|[from] item: Leftovers\n|-fieldend|move: Trick Room\n|upkeep\n|turn|6\n|\n|t:|1776368927\n|switch|p2a: Tyranitar|Tyranitar, L50, M|100/100\n|-weather|Sandstorm|[from] ability: Sand Stream|[of] p2a: Tyranitar\n|detailschange|p1b: Delphox|Delphox-Mega, L50, F\n|-mega|p1b: Delphox|Delphox|Delphoxite\n|move|p1b: Delphox|Psychic|p2b: Milotic\n|-damage|p2b: Milotic|28/100\n|move|p2b: Milotic|Icy Wind|p1b: Delphox|[spread] p1b\n|-miss|p2b: Milotic|p1a: Hydrapple\n|-resisted|p1b: Delphox|1\n|-damage|p1b: Delphox|89/100\n|-unboost|p1b: Delphox|spe|1\n|move|p1a: Hydrapple|Giga Drain|p2b: Milotic\n|-supereffective|p2b: Milotic|1\n|-damage|p2b: Milotic|0 fnt\n|-heal|p1a: Hydrapple|83/100|[from] drain|[of] p2b: Milotic\n|faint|p2b: Milotic\n|\n|-weather|Sandstorm|[upkeep]\n|-damage|p1b: Delphox|82/100|[from] Sandstorm\n|-damage|p1a: Hydrapple|77/100|[from] Sandstorm\n|-heal|p1a: Hydrapple|83/100|[from] item: Leftovers\n|upkeep\n|\n|t:|1776368938\n|switch|p2b: Incineroar|Incineroar, L50, F|100/100\n|-ability|p2b: Incineroar|Intimidate|boost\n|-unboost|p1a: Hydrapple|atk|1\n|-unboost|p1b: Delphox|atk|1\n|turn|7\n|\n|t:|1776368946\n|detailschange|p2a: Tyranitar|Tyranitar-Mega, L50, M\n|-mega|p2a: Tyranitar|Tyranitar|Tyranitarite\n|move|p1b: Delphox|Protect|p1b: Delphox\n|-singleturn|p1b: Delphox|Protect\n|move|p1a: Hydrapple|Protect|p1a: Hydrapple\n|-singleturn|p1a: Hydrapple|Protect\n|move|p2b: Incineroar|Fake Out|p1a: Hydrapple\n|-activate|p1a: Hydrapple|move: Protect\n|move|p2a: Tyranitar|Rock Slide|p1b: Delphox|[spread] \n|-activate|p1a: Hydrapple|move: Protect\n|-activate|p1b: Delphox|move: Protect\n|\n|-weather|Sandstorm|[upkeep]\n|-damage|p1b: Delphox|76/100|[from] Sandstorm\n|-damage|p2b: Incineroar|95/100|[from] Sandstorm\n|-damage|p1a: Hydrapple|77/100|[from] Sandstorm\n|-heal|p1a: Hydrapple|83/100|[from] item: Leftovers\n|upkeep\n|turn|8\n|\n|t:|1776368961\n|move|p1b: Delphox|Protect||[still]\n|-fail|p1b: Delphox\n|move|p2a: Tyranitar|Knock Off|p1b: Delphox\n|-supereffective|p1b: Delphox|1\n|-damage|p1b: Delphox|0 fnt\n|faint|p1b: Delphox\n|move|p2b: Incineroar|Flare Blitz|p1a: Hydrapple\n|-damage|p1a: Hydrapple|49/100\n|-damage|p2b: Incineroar|83/100|[from] Recoil\n|move|p1a: Hydrapple|Giga Drain|p2a: Tyranitar\n|-supereffective|p2a: Tyranitar|1\n|-damage|p2a: Tyranitar|73/100\n|-heal|p1a: Hydrapple|62/100|[from] drain|[of] p2a: Tyranitar\n|\n|-weather|Sandstorm|[upkeep]\n|-damage|p2b: Incineroar|77/100|[from] Sandstorm\n|-damage|p1a: Hydrapple|56/100|[from] Sandstorm\n|-heal|p1a: Hydrapple|62/100|[from] item: Leftovers\n|upkeep\n|turn|9\n|-message|jukesstyle forfeited.\n|\n|win|soulo333\n|raw|jukesstyle's rating: 1078 &rarr; <strong>1060</strong><br />(-18 for losing)\n|raw|soulo333's rating: 1140 &rarr; <strong>1161</strong><br />(+21 for winning)\n",
  "uploadtime": 1776368980,
  "views": 16,
  "formatid": "gen9championsvgc2026regma",
  "rating": 1060,
  "private": 0,
  "password": null
}