{
  "id": "gen9championsvgc2026regma-2585301965",
  "format": "[Gen 9 Champions] VGC 2026 Reg M-A",
  "players": [
    "TheWonderfulGirl",
    "sia lloyd"
  ],
  "log": "|j|\u2606TheWonderfulGirl\n|j|\u2606sia lloyd\n|t:|1776335577\n|gametype|doubles\n|player|p1|TheWonderfulGirl|pokekid|1084\n|player|p2|sia lloyd|101|1017\n|gen|9\n|tier|[Gen 9 Champions] VGC 2026 Reg M-A\n|rated|\n|rule|Species Clause: Limit one of each Pok\u00e9mon\n|rule|Item Clause: Limit 1 of each item\n|clearpoke\n|poke|p1|Froslass, L50, F|\n|poke|p1|Garchomp, L50, M|\n|poke|p1|Rotom-Frost, L50|\n|poke|p1|Empoleon, L50, F|\n|poke|p1|Incineroar, L50, M|\n|poke|p1|Kingambit, L50, F|\n|poke|p2|Gengar, L50, M|\n|poke|p2|Hydreigon, L50, M|\n|poke|p2|Camerupt, L50, F|\n|poke|p2|Dragapult, L50, F|\n|poke|p2|Ninetales-Alola, L50, M|\n|poke|p2|Jolteon, L50, M|\n|teampreview|4\n|inactive|Battle timer is ON: inactive players will automatically lose when time's up. (requested by sia lloyd)\n|inactive|TheWonderfulGirl also wants the timer to be on.\n|inactive|TheWonderfulGirl has 60 seconds left.\n|inactive|sia lloyd has 60 seconds left.\n|\n|t:|1776335614\n|teamsize|p1|4\n|teamsize|p2|4\n|start\n|switch|p1a: Froslass|Froslass, L50, F|100/100\n|switch|p1b: Rotom|Rotom-Frost, L50|100/100\n|switch|p2a: Jolteon|Jolteon, L50, M|100/100\n|switch|p2b: Dragapult|Dragapult, L50, F|100/100\n|turn|1\n|inactive|TheWonderfulGirl has 30 seconds left.\n|inactive|TheWonderfulGirl has 20 seconds left.\n|inactive|TheWonderfulGirl has 15 seconds left.\n|inactive|TheWonderfulGirl has 10 seconds left.\n|\n|t:|1776335659\n|detailschange|p1a: Froslass|Froslass-Mega, L50, F\n|-mega|p1a: Froslass|Froslass|Froslassite\n|-weather|Snowscape|[from] ability: Snow Warning|[of] p1a: Froslass\n|move|p2b: Dragapult|Sucker Punch|p1a: Froslass\n|-supereffective|p1a: Froslass|1\n|-damage|p1a: Froslass|46/100\n|move|p1b: Rotom|Electroweb|p2a: Jolteon|[spread] p2b\n|-immune|p2a: Jolteon|[from] ability: Volt Absorb\n|-resisted|p2b: Dragapult|1\n|-crit|p2b: Dragapult\n|-damage|p2b: Dragapult|81/100\n|-unboost|p2b: Dragapult|spe|1\n|move|p2a: Jolteon|Rain Dance|p2a: Jolteon\n|-weather|RainDance\n|move|p1a: Froslass|Blizzard|p2b: Dragapult|[spread] \n|-miss|p1a: Froslass|p2a: Jolteon\n|-miss|p1a: Froslass|p2b: Dragapult\n|\n|-weather|RainDance|[upkeep]\n|upkeep\n|turn|2\n|inactive|TheWonderfulGirl has 30 seconds left.\n|inactive|sia lloyd has 30 seconds left.\n|\n|t:|1776335695\n|switch|p1b: Kingambit|Kingambit, L50, F|100/100\n|switch|p1a: Garchomp|Garchomp, L50, M|100/100\n|move|p2a: Jolteon|Thunder|p1a: Garchomp\n|-immune|p1a: Garchomp\n|move|p2b: Dragapult|U-turn|p1b: Kingambit\n|-damage|p1b: Kingambit|80/100\n|\n|t:|1776335709\n|switch|p2b: Camerupt|Camerupt, L50, F, shiny|100/100|[from] U-turn\n|\n|-weather|RainDance|[upkeep]\n|upkeep\n|turn|3\n|\n|t:|1776335729\n|move|p2a: Jolteon|Protect|p2a: Jolteon\n|-singleturn|p2a: Jolteon|Protect\n|move|p1b: Kingambit|Protect|p1b: Kingambit\n|-singleturn|p1b: Kingambit|Protect\n|move|p1a: Garchomp|Earthquake|p2b: Camerupt|[spread] p2b\n|-activate|p1b: Kingambit|move: Protect\n|-activate|p2a: Jolteon|move: Protect\n|-supereffective|p2b: Camerupt|1\n|-damage|p2b: Camerupt|6/100\n|move|p2b: Camerupt|Earth Power|p1b: Kingambit\n|-activate|p1b: Kingambit|move: Protect\n|\n|-weather|RainDance|[upkeep]\n|upkeep\n|turn|4\n|\n|t:|1776335746\n|switch|p2a: Hydreigon|Hydreigon, L50, M|100/100\n|switch|p1b: Rotom|Rotom-Frost, L50|100/100\n|move|p1a: Garchomp|Earthquake|p2b: Camerupt|[spread] p2b\n|-immune|p1b: Rotom|[from] ability: Levitate\n|-immune|p2a: Hydreigon|[from] ability: Levitate\n|-supereffective|p2b: Camerupt|1\n|-damage|p2b: Camerupt|0 fnt\n|faint|p2b: Camerupt\n|\n|-weather|RainDance|[upkeep]\n|upkeep\n|\n|t:|1776335766\n|switch|p2b: Jolteon|Jolteon, L50, M|100/100\n|turn|5\n|\n|t:|1776335791\n|move|p2b: Jolteon|Protect|p2b: Jolteon\n|-singleturn|p2b: Jolteon|Protect\n|move|p1b: Rotom|Blizzard|p2a: Hydreigon|[spread] p2a\n|-activate|p2b: Jolteon|move: Protect\n|-supereffective|p2a: Hydreigon|1\n|-damage|p2a: Hydreigon|19/100\n|move|p1a: Garchomp|Earthquake|p2a: Hydreigon|[spread] \n|-activate|p2b: Jolteon|move: Protect\n|-immune|p1b: Rotom|[from] ability: Levitate\n|-immune|p2a: Hydreigon|[from] ability: Levitate\n|move|p2a: Hydreigon|Dragon Pulse|p1a: Garchomp\n|-supereffective|p1a: Garchomp|1\n|-damage|p1a: Garchomp|0 fnt\n|faint|p1a: Garchomp\n|\n|-weather|none\n|upkeep\n|\n|t:|1776335811\n|switch|p1a: Froslass|Froslass-Mega, L50, F|46/100\n|-weather|Snowscape|[from] ability: Snow Warning|[of] p1a: Froslass\n|turn|6\n|\n|t:|1776335826\n|move|p1b: Rotom|Blizzard|p2a: Hydreigon|[spread] p2a,p2b\n|-supereffective|p2a: Hydreigon|1\n|-damage|p2a: Hydreigon|0 fnt\n|-damage|p2b: Jolteon|60/100\n|faint|p2a: Hydreigon\n|move|p2b: Jolteon|Rain Dance|p2b: Jolteon\n|-weather|RainDance\n|move|p1a: Froslass|Blizzard|p2b: Jolteon\n|-damage|p2b: Jolteon|0 fnt\n|faint|p2b: Jolteon\n|\n|-weather|RainDance|[upkeep]\n|upkeep\n|\n|t:|1776335831\n|switch|p2b: Dragapult|Dragapult, L50, F|81/100\n|turn|7\n|\n|t:|1776335854\n|switch|p1a: Kingambit|Kingambit, L50, F|80/100\n|move|p2b: Dragapult|Sucker Punch||[still]\n|-fail|p2b: Dragapult\n|move|p1b: Rotom|Blizzard|p2b: Dragapult\n|-supereffective|p2b: Dragapult|1\n|-damage|p2b: Dragapult|0 fnt\n|faint|p2b: Dragapult\n|\n|win|TheWonderfulGirl\n|raw|TheWonderfulGirl's rating: 1084 &rarr; <strong>1106</strong><br />(+22 for winning)\n|raw|sia lloyd's rating: 1017 &rarr; <strong>1007</strong><br />(-10 for losing)\n|l|\u2606sia lloyd\n|player|p2|\n",
  "uploadtime": 1776335865,
  "views": 20,
  "formatid": "gen9championsvgc2026regma",
  "rating": 1007,
  "private": 0,
  "password": null
}