{
  "id": "gen9championsvgc2026regma-2581230906",
  "format": "[Gen 9 Champions] VGC 2026 Reg M-A",
  "players": [
    "Todo CCT",
    "Leadeon"
  ],
  "log": "|j|\u2606Todo CCT\n|j|\u2606Leadeon\n|t:|1775973729\n|gametype|doubles\n|player|p1|Todo CCT|giovanni|1284\n|player|p2|Leadeon|colress|1346\n|gen|9\n|tier|[Gen 9 Champions] VGC 2026 Reg M-A\n|rated|\n|rule|Species Clause: Limit one of each Pok\u00e9mon\n|rule|Item Clause: Limit 1 of each item\n|clearpoke\n|poke|p1|Starmie, L50|\n|poke|p1|Archaludon, L50, M|\n|poke|p1|Pelipper, L50, M|\n|poke|p1|Incineroar, L50, M|\n|poke|p1|Basculegion, L50, M|\n|poke|p1|Aerodactyl, L50, M|\n|poke|p2|Delphox, L50, F|\n|poke|p2|Garchomp, L50, M|\n|poke|p2|Incineroar, L50, M|\n|poke|p2|Sneasler, L50, M|\n|poke|p2|Floette-Eternal, L50, F|\n|poke|p2|Kingambit, L50, M|\n|teampreview|4\nLeadeon has agreed to open team sheets.\n|j| gE1xjZRtuhW2DdT0AK\n|\n|t:|1775973765\n|teamsize|p1|4\n|teamsize|p2|4\n|start\n|switch|p1a: Basculegion|Basculegion, L50, M|100/100\n|switch|p1b: Aerodactyl|Aerodactyl, L50, M|100/100\n|switch|p2a: Incineroar|Incineroar, L50, M|100/100\n|switch|p2b: Garchomp|Garchomp, L50, M|100/100\n|-ability|p1b: Aerodactyl|Unnerve\n|-ability|p2a: Incineroar|Intimidate|boost\n|-unboost|p1a: Basculegion|atk|1\n|-unboost|p1b: Aerodactyl|atk|1\n|turn|1\n|\n|t:|1775973791\n|move|p2a: Incineroar|Fake Out|p1b: Aerodactyl\n|-resisted|p1b: Aerodactyl|1\n|-damage|p1b: Aerodactyl|92/100\n|cant|p1b: Aerodactyl|flinch\n|move|p1a: Basculegion|Flip Turn|p2a: Incineroar\n|-supereffective|p2a: Incineroar|1\n|-damage|p2a: Incineroar|59/100\n|\n|t:|1775973794\n|switch|p1a: Archaludon|Archaludon, L50, M|100/100|[from] Flip Turn\n|move|p2b: Garchomp|Dragon Claw|p1a: Archaludon\n|-damage|p1a: Archaludon|69/100\n|-ability|p1a: Archaludon|Stamina|boost\n|-boost|p1a: Archaludon|def|1\n|\n|-heal|p2a: Incineroar|65/100|[from] item: Leftovers\n|upkeep\n|turn|2\n|\n|t:|1775973818\n|move|p1b: Aerodactyl|Tailwind|p1b: Aerodactyl\n|-sidestart|p1: Todo CCT|move: Tailwind\n|move|p1a: Archaludon|Draco Meteor|p2b: Garchomp\n|-supereffective|p2b: Garchomp|1\n|-damage|p2b: Garchomp|0 fnt\n|-unboost|p1a: Archaludon|spa|2\n|faint|p2b: Garchomp\n|move|p2a: Incineroar|Parting Shot|p1a: Archaludon\n|-unboost|p1a: Archaludon|atk|1\n|-unboost|p1a: Archaludon|spa|1\n|\n|t:|1775973824\n|switch|p2a: Floette|Floette-Eternal, L50, F|100/100|[from] Parting Shot\n|\n|upkeep\n|\n|t:|1775973828\n|switch|p2b: Sneasler|Sneasler, L50, M|100/100\n|turn|3\n|\n|t:|1775973841\n|switch|p1a: Pelipper|Pelipper, L50, M|100/100\n|-weather|RainDance|[from] ability: Drizzle|[of] p1a: Pelipper\n|detailschange|p2a: Floette|Floette-Mega, L50, F\n|-mega|p2a: Floette|Floette|Floettite\n|-ability|p2a: Floette|Fairy Aura\n|move|p1b: Aerodactyl|Dual Wingbeat|p2b: Sneasler\n|-supereffective|p2b: Sneasler|1\n|-damage|p2b: Sneasler|57/100\n|-supereffective|p2b: Sneasler|1\n|-damage|p2b: Sneasler|14/100\n|-hitcount|p2b: Sneasler|2\n|move|p2b: Sneasler|Dire Claw|p1a: Pelipper\n|-damage|p1a: Pelipper|57/100\n|-status|p1a: Pelipper|par\n|move|p2a: Floette|Calm Mind|p2a: Floette\n|-boost|p2a: Floette|spa|1\n|-boost|p2a: Floette|spd|1\n|\n|-weather|RainDance|[upkeep]\n|upkeep\n|turn|4\n|\n|t:|1775973861\n|move|p1b: Aerodactyl|Rock Slide|p2a: Floette|[spread] p2a,p2b\n|-resisted|p2b: Sneasler|1\n|-damage|p2a: Floette|84/100\n|-damage|p2b: Sneasler|0 fnt\n|faint|p2b: Sneasler\n|cant|p2a: Floette|flinch\n|move|p1a: Pelipper|Muddy Water|p2a: Floette\n|-damage|p2a: Floette|62/100\n|-unboost|p2a: Floette|accuracy|1\n|\n|-weather|RainDance|[upkeep]\n|upkeep\n|\n|t:|1775973867\n|switch|p2b: Incineroar|Incineroar, L50, M|65/100\n|-ability|p2b: Incineroar|Intimidate|boost\n|-unboost|p1a: Pelipper|atk|1\n|-unboost|p1b: Aerodactyl|atk|1\n|turn|5\n|\n|t:|1775973876\n|move|p1a: Pelipper|Wide Guard|p1a: Pelipper\n|-singleturn|p1a: Pelipper|Wide Guard\n|move|p1b: Aerodactyl|Rock Slide|p2a: Floette|[spread] p2a,p2b\n|-supereffective|p2b: Incineroar|1\n|-damage|p2a: Floette|50/100\n|-damage|p2b: Incineroar|47/100\n|cant|p2a: Floette|flinch\n|move|p2b: Incineroar|Throat Chop|p1b: Aerodactyl\n|-damage|p1b: Aerodactyl|43/100\n|-start|p1b: Aerodactyl|Throat Chop|[silent]\n|\n|-weather|RainDance|[upkeep]\n|-heal|p2b: Incineroar|53/100|[from] item: Leftovers\n|-sideend|p1: Todo CCT|move: Tailwind\n|upkeep\n|turn|6\n|inactive|Battle timer is ON: inactive players will automatically lose when time's up. (requested by Leadeon)\n|\n|t:|1775973890\n|move|p1b: Aerodactyl|Rock Slide|p2a: Floette|[spread] p2a,p2b\n|-crit|p2a: Floette\n|-supereffective|p2b: Incineroar|1\n|-damage|p2a: Floette|13/100\n|-damage|p2b: Incineroar|34/100\n|move|p2a: Floette|Draining Kiss|p1a: Pelipper|[miss]\n|-miss|p2a: Floette|p1a: Pelipper\n|cant|p2b: Incineroar|flinch\n|move|p1a: Pelipper|Tailwind|p1a: Pelipper\n|-sidestart|p1: Todo CCT|move: Tailwind\n|\n|-weather|RainDance|[upkeep]\n|-heal|p2b: Incineroar|40/100|[from] item: Leftovers\n|-end|p1b: Aerodactyl|Throat Chop|[silent]\n|upkeep\n|turn|7\n|c|\u2606Leadeon|bro\n|c|\u2606Leadeon|wtf is this luck\n|c|\u2606Leadeon|damn I want this\n|\n|t:|1775973911\n|move|p1b: Aerodactyl|Rock Slide|p2a: Floette|[spread] p2b\n|-miss|p1b: Aerodactyl|p2a: Floette\n|-supereffective|p2b: Incineroar|1\n|-damage|p2b: Incineroar|21/100\n|move|p2a: Floette|Draining Kiss|p1a: Pelipper|[miss]\n|-miss|p2a: Floette|p1a: Pelipper\n|move|p1a: Pelipper|Muddy Water|p2a: Floette|[spread] p2b\n|-miss|p1a: Pelipper|p2a: Floette\n|-supereffective|p2b: Incineroar|1\n|-damage|p2b: Incineroar|0 fnt\n|faint|p2b: Incineroar\n|\n|-weather|none\n|upkeep\n|turn|8\n|c|\u2606Leadeon|BROOOOOOOOO\n|c|\u2606Leadeon|LMAOOOOO\n|-message|Leadeon forfeited.\n|\n|win|Todo CCT\n|raw|Todo CCT's rating: 1258 &rarr; <strong>1289</strong><br />(+31 for winning)\n|raw|Leadeon's rating: 1346 &rarr; <strong>1321</strong><br />(-25 for losing)\n|c|\u2606Leadeon|GG\n|c|\u2606Todo CCT|Gg\n|c|\u2606Leadeon|at least was funny\n|c|\u2606Leadeon|ngl\n|l|\u2606Todo CCT\n|player|p1|\n|l|\u2606Leadeon\n|player|p2|\n",
  "uploadtime": 1775974070,
  "views": 36,
  "formatid": "gen9championsvgc2026regma",
  "rating": 1289,
  "private": 0,
  "password": null
}