{
  "id": "gen9championsvgc2026regma-2583902107",
  "format": "[Gen 9 Champions] VGC 2026 Reg M-A",
  "players": [
    "Venomzito",
    "GiveMeFeedbackPls"
  ],
  "log": "|j|\u2606Venomzito\n|j|\u2606GiveMeFeedbackPls\n|t:|1776206823\n|gametype|doubles\n|player|p1|Venomzito|benga|1154\n|player|p2|GiveMeFeedbackPls|1|1085\n|gen|9\n|tier|[Gen 9 Champions] VGC 2026 Reg M-A\n|rated|\n|rule|Species Clause: Limit one of each Pok\u00e9mon\n|rule|Item Clause: Limit 1 of each item\n|clearpoke\n|poke|p1|Floette-Eternal, L50, F|\n|poke|p1|Incineroar, L50, M|\n|poke|p1|Sinistcha, L50|\n|poke|p1|Garchomp, L50, F|\n|poke|p1|Aerodactyl, L50, M|\n|poke|p1|Primarina, L50, F|\n|poke|p2|Gengar, L50, F|\n|poke|p2|Sinistcha, L50|\n|poke|p2|Incineroar, L50, M|\n|poke|p2|Archaludon, L50, F|\n|poke|p2|Palafin, L50, F|\n|poke|p2|Ninetales-Alola, L50, M|\n|teampreview|4\n|inactive|Battle timer is ON: inactive players will automatically lose when time's up. (requested by Venomzito)\n|inactive|Venomzito has 60 seconds left.\n|inactive|Venomzito has 30 seconds left.\n|inactive|Venomzito has 20 seconds left.\n|inactive|Venomzito has 15 seconds left.\n|\n|t:|1776206910\n|teamsize|p1|4\n|teamsize|p2|4\n|start\n|switch|p1a: Aerodactyl|Aerodactyl, L50, M, shiny|100/100\n|switch|p1b: Incineroar|Incineroar, L50, M, shiny|100/100\n|switch|p2a: Gengar|Gengar, L50, F, shiny|100/100\n|switch|p2b: Archaludon|Archaludon, L50, F|100/100\n|-ability|p1a: Aerodactyl|Unnerve\n|-ability|p1b: Incineroar|Intimidate|boost\n|-unboost|p2a: Gengar|atk|1\n|-unboost|p2b: Archaludon|atk|1\n|turn|1\n|\n|t:|1776206920\n|detailschange|p2a: Gengar|Gengar-Mega, L50, F, shiny\n|-mega|p2a: Gengar|Gengar|Gengarite\n|move|p1a: Aerodactyl|Tailwind|p1a: Aerodactyl\n|-sidestart|p1: Venomzito|move: Tailwind\n|move|p1b: Incineroar|Parting Shot|p2a: Gengar\n|-unboost|p2a: Gengar|atk|1\n|-unboost|p2a: Gengar|spa|1\n|\n|t:|1776206925\n|switch|p1b: Garchomp|Garchomp, L50, F|100/100|[from] Parting Shot\n|move|p2a: Gengar|Perish Song|p2a: Gengar\n|-start|p1a: Aerodactyl|perish3|[silent]\n|-start|p1b: Garchomp|perish3|[silent]\n|-start|p2a: Gengar|perish3|[silent]\n|-start|p2b: Archaludon|perish3|[silent]\n|-fieldactivate|move: Perish Song\n|move|p2b: Archaludon|Thunder Wave|p1a: Aerodactyl\n|-status|p1a: Aerodactyl|par\n|\n|-start|p1b: Garchomp|perish3\n|-start|p1a: Aerodactyl|perish3\n|-start|p2a: Gengar|perish3\n|-start|p2b: Archaludon|perish3\n|upkeep\n|turn|2\n|\n|t:|1776206946\n|move|p2b: Archaludon|Protect|p2b: Archaludon\n|-singleturn|p2b: Archaludon|Protect\n|move|p1b: Garchomp|Stomping Tantrum|p2b: Archaludon\n|-activate|p2b: Archaludon|move: Protect\n|move|p1a: Aerodactyl|Rock Slide|p2b: Archaludon|[spread] p2a\n|-activate|p2b: Archaludon|move: Protect\n|-damage|p2a: Gengar|75/100\n|move|p2a: Gengar|Will-O-Wisp|p1b: Garchomp\n|-status|p1b: Garchomp|brn\n|\n|-damage|p1b: Garchomp|95/100 brn|[from] brn\n|-start|p1b: Garchomp|perish2\n|-start|p1a: Aerodactyl|perish2\n|-start|p2a: Gengar|perish2\n|-start|p2b: Archaludon|perish2\n|upkeep\n|turn|3\n|inactive|GiveMeFeedbackPls has 30 seconds left.\n|\n|t:|1776206974\n|switch|p2b: Ninetales|Ninetales-Alola, L50, M, shiny|100/100\n|-weather|Snowscape|[from] ability: Snow Warning|[of] p2b: Ninetales\n|move|p1b: Garchomp|Stomping Tantrum|p2a: Gengar\n|-supereffective|p2a: Gengar|1\n|-damage|p2a: Gengar|36/100\n|move|p1a: Aerodactyl|Rock Slide|p2b: Ninetales|[spread] p2a,p2b\n|-supereffective|p2b: Ninetales|1\n|-damage|p2a: Gengar|9/100\n|-damage|p2b: Ninetales|70/100\n|move|p2a: Gengar|Giga Drain|p1a: Aerodactyl\n|-damage|p1a: Aerodactyl|75/100 par\n|-heal|p2a: Gengar|22/100|[from] drain|[of] p1a: Aerodactyl\n|\n|-weather|Snowscape|[upkeep]\n|-damage|p1b: Garchomp|89/100 brn|[from] brn\n|-start|p1b: Garchomp|perish1\n|-start|p1a: Aerodactyl|perish1\n|-start|p2a: Gengar|perish1\n|upkeep\n|turn|4\n|\n|t:|1776206991\n|switch|p2a: Sinistcha|Sinistcha, L50, shiny|100/100\n|-heal|p2b: Ninetales|94/100|[from] ability: Hospitality|[of] p2a: Sinistcha\n|move|p1b: Garchomp|Rock Slide|p2a: Sinistcha|[spread] p2a,p2b\n|-supereffective|p2b: Ninetales|1\n|-damage|p2a: Sinistcha|90/100\n|-damage|p2b: Ninetales|79/100\n|move|p1a: Aerodactyl|Rock Slide|p2b: Ninetales|[spread] p2a,p2b\n|-supereffective|p2b: Ninetales|1\n|-damage|p2a: Sinistcha|68/100\n|-damage|p2b: Ninetales|47/100\n|cant|p2b: Ninetales|flinch\n|\n|-weather|Snowscape|[upkeep]\n|-heal|p2a: Sinistcha|74/100|[from] item: Leftovers\n|-damage|p1b: Garchomp|83/100 brn|[from] brn\n|-start|p1b: Garchomp|perish0\n|-start|p1a: Aerodactyl|perish0\n|-sideend|p1: Venomzito|move: Tailwind\n|upkeep\n|faint|p1b: Garchomp\n|faint|p1a: Aerodactyl\n|\n|t:|1776206997\n|switch|p1a: Incineroar|Incineroar, L50, M, shiny|100/100\n|switch|p1b: Floette|Floette-Eternal, L50, F|100/100\n|-ability|p1a: Incineroar|Intimidate|boost\n|-unboost|p2a: Sinistcha|atk|1\n|-unboost|p2b: Ninetales|atk|1\n|turn|5\n|\n|t:|1776207020\n|switch|p2a: Archaludon|Archaludon, L50, F|100/100\n|detailschange|p1b: Floette|Floette-Mega, L50, F\n|-mega|p1b: Floette|Floette|Floettite\n|-ability|p1b: Floette|Fairy Aura\n|move|p1b: Floette|Calm Mind|p1b: Floette\n|-boost|p1b: Floette|spa|1\n|-boost|p1b: Floette|spd|1\n|move|p2b: Ninetales|Aurora Veil|p2b: Ninetales\n|-sidestart|p2: GiveMeFeedbackPls|move: Aurora Veil\n|move|p1a: Incineroar|Flare Blitz|p2a: Archaludon\n|-damage|p2a: Archaludon|80/100\n|-ability|p2a: Archaludon|Stamina|boost\n|-boost|p2a: Archaludon|def|1\n|-damage|p1a: Incineroar|93/100|[from] Recoil\n|\n|-weather|Snowscape|[upkeep]\n|upkeep\n|turn|6\n|\n|t:|1776207040\n|move|p1b: Floette|Dazzling Gleam|p2b: Ninetales|[spread] p2a,p2b\n|-damage|p2a: Archaludon|39/100\n|-damage|p2b: Ninetales|0 fnt\n|-ability|p2a: Archaludon|Stamina|boost\n|-boost|p2a: Archaludon|def|1\n|faint|p2b: Ninetales\n|move|p2a: Archaludon|Thunder Wave|p1b: Floette\n|-status|p1b: Floette|par\n|move|p1a: Incineroar|Snarl|p2a: Archaludon\n|-damage|p2a: Archaludon|31/100\n|-unboost|p2a: Archaludon|spa|1\n|-ability|p2a: Archaludon|Stamina|boost\n|-boost|p2a: Archaludon|def|1\n|\n|-weather|Snowscape|[upkeep]\n|upkeep\n|\n|t:|1776207045\n|switch|p2b: Gengar|Gengar-Mega, L50, F, shiny|22/100\n|turn|7\n|\n|t:|1776207050\n|move|p2a: Archaludon|Protect|p2a: Archaludon\n|-singleturn|p2a: Archaludon|Protect\n|move|p2b: Gengar|Perish Song|p2b: Gengar\n|-start|p1a: Incineroar|perish3|[silent]\n|-start|p1b: Floette|perish3|[silent]\n|-start|p2a: Archaludon|perish3|[silent]\n|-start|p2b: Gengar|perish3|[silent]\n|-fieldactivate|move: Perish Song\n|move|p1a: Incineroar|Flare Blitz|p2b: Gengar\n|-damage|p2b: Gengar|0 fnt\n|faint|p2b: Gengar\n|-damage|p1a: Incineroar|88/100|[from] Recoil\n|move|p1b: Floette|Dazzling Gleam|p2a: Archaludon\n|-activate|p2a: Archaludon|move: Protect\n|\n|-weather|none\n|-start|p2a: Archaludon|perish3\n|-start|p1a: Incineroar|perish3\n|-start|p1b: Floette|perish3\n|upkeep\n|\n|t:|1776207060\n|switch|p2b: Sinistcha|Sinistcha, L50, shiny|74/100\n|-heal|p2a: Archaludon|56/100|[from] ability: Hospitality|[of] p2b: Sinistcha\n|turn|8\n|\n|t:|1776207076\n|move|p2a: Archaludon|Thunder Wave|p1a: Incineroar\n|-status|p1a: Incineroar|par\n|move|p2b: Sinistcha|Matcha Gotcha|p1a: Incineroar|[spread] p1a,p1b\n|-resisted|p1a: Incineroar|1\n|-damage|p1a: Incineroar|79/100 par\n|-heal|p2b: Sinistcha|80/100|[from] drain|[of] p1a: Incineroar\n|-damage|p1b: Floette|87/100 par\n|-heal|p2b: Sinistcha|86/100|[from] drain|[of] p1b: Floette\n|move|p1b: Floette|Dazzling Gleam|p2b: Sinistcha|[spread] p2a,p2b\n|-damage|p2a: Archaludon|11/100\n|-damage|p2b: Sinistcha|43/100\n|-ability|p2a: Archaludon|Stamina|boost\n|-boost|p2a: Archaludon|def|1\n|move|p1a: Incineroar|Flare Blitz|p2b: Sinistcha\n|-supereffective|p2b: Sinistcha|1\n|-damage|p2b: Sinistcha|0 fnt\n|faint|p2b: Sinistcha\n|-damage|p1a: Incineroar|67/100 par|[from] Recoil\n|\n|-start|p2a: Archaludon|perish2\n|-start|p1b: Floette|perish2\n|-start|p1a: Incineroar|perish2\n|upkeep\n|turn|9\n|\n|t:|1776207092\n|move|p2a: Archaludon|Protect|p2a: Archaludon\n|-singleturn|p2a: Archaludon|Protect\n|move|p1b: Floette|Dazzling Gleam|p2a: Archaludon\n|-activate|p2a: Archaludon|move: Protect\n|move|p1a: Incineroar|Flare Blitz|p2a: Archaludon\n|-activate|p2a: Archaludon|move: Protect\n|\n|-start|p2a: Archaludon|perish1\n|-start|p1b: Floette|perish1\n|-start|p1a: Incineroar|perish1\n|-sideend|p2: GiveMeFeedbackPls|move: Aurora Veil\n|upkeep\n|turn|10\n|\n|t:|1776207108\n|move|p2a: Archaludon|Protect||[still]\n|-fail|p2a: Archaludon\n|move|p1b: Floette|Dazzling Gleam|p2a: Archaludon\n|-damage|p2a: Archaludon|0 fnt\n|faint|p2a: Archaludon\n|\n|win|Venomzito\n|raw|Venomzito's rating: 1154 &rarr; <strong>1174</strong><br />(+20 for winning)\n|raw|GiveMeFeedbackPls's rating: 1085 &rarr; <strong>1067</strong><br />(-18 for losing)\n|l|\u2606GiveMeFeedbackPls\n|player|p2|\n",
  "uploadtime": 1776207114,
  "views": 19,
  "formatid": "gen9championsvgc2026regma",
  "rating": 1067,
  "private": 0,
  "password": null
}