{
  "id": "gen9championsvgc2026regma-2580920505",
  "format": "[Gen 9 Champions] VGC 2026 Reg M-A",
  "players": [
    "chochitik",
    "maatui"
  ],
  "log": "|j|\u2606chochitik\n|j|\u2606maatui\n|t:|1775943444\n|gametype|doubles\n|player|p1|chochitik|zinzolin|1045\n|player|p2|maatui|266|1000\n|gen|9\n|tier|[Gen 9 Champions] VGC 2026 Reg M-A\n|rated|\n|rule|Species Clause: Limit one of each Pok\u00e9mon\n|rule|Item Clause: Limit 1 of each item\n|clearpoke\n|poke|p1|Charizard, L50, M|\n|poke|p1|Sneasler, L50, F|\n|poke|p1|Maushold, L50|\n|poke|p1|Whimsicott, L50, M|\n|poke|p1|Garchomp, L50, M|\n|poke|p1|Incineroar, L50, F|\n|poke|p2|Charizard, L50, F|\n|poke|p2|Whimsicott, L50, M|\n|poke|p2|Kingambit, L50, M|\n|poke|p2|Farigiraf, L50, F|\n|poke|p2|Garchomp, L50, M|\n|poke|p2|Sneasler, L50, F|\n|teampreview|4\n|inactive|Battle timer is ON: inactive players will automatically lose when time's up. (requested by chochitik)\n|inactive|maatui has 60 seconds left.\n|c|\u2606chochitik|leche de bocadillo\n|\n|t:|1775943486\n|teamsize|p1|4\n|teamsize|p2|4\n|start\n|switch|p1a: netanyahoo|Maushold, L50|100/100\n|switch|p1b: o\u00f1o\u00f1i|Incineroar, L50, F|100/100\n|switch|p2a: Whimsicott|Whimsicott, L50, M|100/100\n|switch|p2b: Sneasler|Sneasler, L50, F|100/100\n|-ability|p1b: o\u00f1o\u00f1i|Intimidate|boost\n|-unboost|p2a: Whimsicott|atk|1\n|-unboost|p2b: Sneasler|atk|1\n|-enditem|p2b: Sneasler|White Herb\n|-clearnegativeboost|p2b: Sneasler|[silent]\n|turn|1\n|c|\u2606chochitik|nada como la leche\n|inactive|maatui has 30 seconds left.\n|inactive|maatui has 20 seconds left.\n|inactive|maatui has 15 seconds left.\n|inactive|chochitik has 30 seconds left.\n|inactive|maatui has 10 seconds left.\n|inactive|maatui has 5 seconds left.\n|\n|t:|1775943543\n|move|p2b: Sneasler|Fake Out|p1b: o\u00f1o\u00f1i\n|-damage|p1b: o\u00f1o\u00f1i|89/100\n|cant|p1b: o\u00f1o\u00f1i|flinch\n|move|p2a: Whimsicott|Sunny Day|p2a: Whimsicott\n|-weather|SunnyDay\n|move|p1a: netanyahoo|Super Fang|p2b: Sneasler\n|-damage|p2b: Sneasler|50/100\n|\n|-weather|SunnyDay|[upkeep]\n|upkeep\n|turn|2\n|\n|t:|1775943563\n|move|p2a: Whimsicott|Tailwind|p2a: Whimsicott\n|-sidestart|p2: maatui|move: Tailwind\n|move|p2b: Sneasler|Close Combat|p1a: netanyahoo\n|-supereffective|p1a: netanyahoo|1\n|-enditem|p1a: netanyahoo|Chople Berry|[eat]\n|-enditem|p1a: netanyahoo|Chople Berry|[weaken]\n|-damage|p1a: netanyahoo|7/100\n|-unboost|p2b: Sneasler|def|1\n|-unboost|p2b: Sneasler|spd|1\n|move|p1a: netanyahoo|Super Fang|p2a: Whimsicott\n|-damage|p2a: Whimsicott|51/100\n|move|p1b: o\u00f1o\u00f1i|Flare Blitz|p2b: Sneasler\n|-damage|p2b: Sneasler|0 fnt\n|faint|p2b: Sneasler\n|-damage|p1b: o\u00f1o\u00f1i|76/100|[from] Recoil\n|\n|-weather|SunnyDay|[upkeep]\n|upkeep\n|\n|t:|1775943578\n|switch|p2b: Garchomp|Garchomp, L50, M|100/100\n|turn|3\n|c|\u2606chochitik|nada como la leche\n|\n|t:|1775943600\n|switch|p1b: TINERFE|Charizard, L50, M, shiny|100/100\n|move|p2b: Garchomp|Dragon Claw|p1a: netanyahoo\n|-damage|p1a: netanyahoo|0 fnt\n|faint|p1a: netanyahoo\n|move|p2a: Whimsicott|Moonblast|p1b: TINERFE\n|-resisted|p1b: TINERFE|1\n|-damage|p1b: TINERFE|84/100\n|\n|-weather|SunnyDay|[upkeep]\n|upkeep\n|\n|t:|1775943607\n|switch|p1a: o\u00f1o\u00f1i|Incineroar, L50, F|76/100\n|-ability|p1a: o\u00f1o\u00f1i|Intimidate|boost\n|-unboost|p2a: Whimsicott|atk|1\n|-unboost|p2b: Garchomp|atk|1\n|turn|4\n|inactive|maatui has 30 seconds left.\n|\n|t:|1775943638\n|switch|p2b: Charizard|Charizard, L50, F|100/100\n|detailschange|p1b: TINERFE|Charizard-Mega-Y, L50, M, shiny\n|-mega|p1b: TINERFE|Charizard|Charizardite Y\n|move|p2a: Whimsicott|Moonblast|p1a: o\u00f1o\u00f1i\n|-damage|p1a: o\u00f1o\u00f1i|50/100\n|-enditem|p1a: o\u00f1o\u00f1i|Sitrus Berry|[eat]\n|-heal|p1a: o\u00f1o\u00f1i|75/100|[from] item: Sitrus Berry\n|move|p1b: TINERFE|Heat Wave|p2a: Whimsicott|[spread] p2a,p2b\n|-supereffective|p2a: Whimsicott|1\n|-resisted|p2b: Charizard|1\n|-damage|p2a: Whimsicott|0 fnt\n|-damage|p2b: Charizard|65/100\n|faint|p2a: Whimsicott\n|move|p1a: o\u00f1o\u00f1i|Darkest Lariat|p2b: Charizard\n|-damage|p2b: Charizard|14/100\n|\n|-weather|SunnyDay|[upkeep]\n|-damage|p2b: Charizard|2/100|[from] ability: Solar Power|[of] p2b: Charizard\n|upkeep\n|\n|t:|1775943654\n|switch|p2a: Garchomp|Garchomp, L50, M|100/100\n|turn|5\n|\n|t:|1775943678\n|switch|p1a: nauzet|Garchomp, L50, M|100/100\n|detailschange|p2b: Charizard|Charizard-Mega-Y, L50, F\n|-mega|p2b: Charizard|Charizard|Charizardite Y\n|move|p2b: Charizard|Protect|p2b: Charizard\n|-singleturn|p2b: Charizard|Protect\n|move|p1b: TINERFE|Protect|p1b: TINERFE\n|-singleturn|p1b: TINERFE|Protect\n|move|p2a: Garchomp|Rock Slide|p1b: TINERFE|[spread] p1a\n|-activate|p1b: TINERFE|move: Protect\n|-resisted|p1a: nauzet|1\n|-damage|p1a: nauzet|91/100\n|\n|-weather|none\n|-sideend|p2: maatui|move: Tailwind\n|upkeep\n|turn|6\n|\n|t:|1775943693\n|switch|p1b: o\u00f1o\u00f1i|Incineroar, L50, F|75/100\n|-ability|p1b: o\u00f1o\u00f1i|Intimidate|boost\n|-unboost|p2a: Garchomp|atk|1\n|-unboost|p2b: Charizard|atk|1\n|move|p2a: Garchomp|Rock Slide|p1a: nauzet|[spread] p1b\n|-miss|p2a: Garchomp|p1a: nauzet\n|-supereffective|p1b: o\u00f1o\u00f1i|1\n|-damage|p1b: o\u00f1o\u00f1i|48/100\n|move|p1a: nauzet|Rock Slide|p2b: Charizard|[spread] p2a,p2b\n|-resisted|p2a: Garchomp|1\n|-supereffective|p2b: Charizard|2\n|-damage|p2a: Garchomp|92/100\n|-damage|p2b: Charizard|0 fnt\n|faint|p2b: Charizard\n|\n|upkeep\n|turn|7\n|-message|maatui forfeited.\n|\n|win|chochitik\n|raw|chochitik's rating: 1045 &rarr; <strong>1074</strong><br />(+29 for winning)\n|raw|maatui's rating: 1000 &rarr; <strong>1000</strong><br />(+0 for losing)\n|l|\u2606maatui\n|player|p2|\n",
  "uploadtime": 1775943718,
  "views": 15,
  "formatid": "gen9championsvgc2026regma",
  "rating": 1000,
  "private": 0,
  "password": null
}