{
  "id": "gen9championsvgc2026regma-2588514323",
  "format": "[Gen 9 Champions] VGC 2026 Reg M-A",
  "players": [
    "Neutralzr",
    "Charliemander2030"
  ],
  "log": "|j|\u2606Neutralzr\n|j|\u2606Charliemander2030\n|t:|1776640542\n|gametype|doubles\n|player|p1|Neutralzr|lance|1309\n|player|p2|Charliemander2030|265|1319\n|gen|9\n|tier|[Gen 9 Champions] VGC 2026 Reg M-A\n|rated|\n|rule|Species Clause: Limit one of each Pok\u00e9mon\n|rule|Item Clause: Limit 1 of each item\n|clearpoke\n|poke|p1|Charizard, L50, F|\n|poke|p1|Sinistcha-Masterpiece, L50|\n|poke|p1|Tyranitar, L50, F, shiny|\n|poke|p1|Incineroar, L50, M|\n|poke|p1|Milotic, L50, F, shiny|\n|poke|p1|Sneasler, L50, F, shiny|\n|poke|p2|Floette-Eternal, L50, F|\n|poke|p2|Garchomp, L50, F|\n|poke|p2|Kingambit, L50, F|\n|poke|p2|Basculegion, L50, M|\n|poke|p2|Sneasler, L50, F|\n|poke|p2|Froslass, L50, F|\n|teampreview|4\n|inactive|Battle timer is ON: inactive players will automatically lose when time's up. (requested by Neutralzr)\n|inactive|Neutralzr has 60 seconds left.\n|inactive|Charliemander2030 has 60 seconds left.\n|j| TvAppler\n|l| TvAppler\n|\n|t:|1776640607\n|teamsize|p1|4\n|teamsize|p2|4\n|start\n|switch|p1a: Incineroar|Incineroar, L50, M|100/100\n|switch|p1b: Milotic|Milotic, L50, F, shiny|100/100\n|switch|p2a: Kingambit|Kingambit, L50, F|100/100\n|switch|p2b: Garchomp|Garchomp, L50, F|100/100\n|-ability|p1a: Incineroar|Intimidate|boost\n|-unboost|p2a: Kingambit|atk|1\n|-ability|p2a: Kingambit|Defiant|boost\n|-boost|p2a: Kingambit|atk|2\n|-unboost|p2b: Garchomp|atk|1\n|turn|1\n|j| TvAppler\n|inactive|Neutralzr has 30 seconds left.\n|inactive|Charliemander2030 has 30 seconds left.\n|l| TvAppler\n|\n|t:|1776640634\n|switch|p2b: Floette|Floette-Eternal, L50, F|100/100\n|move|p2a: Kingambit|Protect|p2a: Kingambit\n|-singleturn|p2a: Kingambit|Protect\n|move|p1b: Milotic|Scald|p2a: Kingambit\n|-activate|p2a: Kingambit|move: Protect\n|move|p1a: Incineroar|Parting Shot|p2b: Floette\n|-unboost|p2b: Floette|atk|1\n|-unboost|p2b: Floette|spa|1\n|\n|t:|1776640647\n|switch|p1a: Charizard|Charizard, L50, F|100/100|[from] Parting Shot\n|\n|upkeep\n|turn|2\n|inactive|Neutralzr has 30 seconds left.\n|\n|t:|1776640679\n|detailschange|p2b: Floette|Floette-Mega, L50, F\n|-mega|p2b: Floette|Floette|Floettite\n|-ability|p2b: Floette|Fairy Aura\n|move|p2a: Kingambit|Sucker Punch||[still]\n|-fail|p2a: Kingambit\n|move|p2b: Floette|Moonblast|p1a: Charizard\n|-resisted|p1a: Charizard|1\n|-damage|p1a: Charizard|69/100\n|move|p1a: Charizard|Dragon Dance|p1a: Charizard\n|-boost|p1a: Charizard|atk|1\n|-boost|p1a: Charizard|spe|1\n|move|p1b: Milotic|Scald|p2a: Kingambit\n|-damage|p2a: Kingambit|71/100\n|\n|upkeep\n|turn|3\n|inactive|Charliemander2030 has 30 seconds left.\n|inactive|Charliemander2030 has 20 seconds left.\n|inactive|Charliemander2030 has 15 seconds left.\n|inactive|Charliemander2030 has 10 seconds left.\n|\n|t:|1776640728\n|move|p1a: Charizard|Protect|p1a: Charizard\n|-singleturn|p1a: Charizard|Protect\n|move|p2b: Floette|Dazzling Gleam|p1a: Charizard|[spread] p1b\n|-activate|p1a: Charizard|move: Protect\n|-damage|p1b: Milotic|77/100\n|move|p1b: Milotic|Scald|p2a: Kingambit\n|-damage|p2a: Kingambit|37/100\n|-status|p2a: Kingambit|brn\n|move|p2a: Kingambit|Kowtow Cleave|p1a: Charizard\n|-activate|p1a: Charizard|move: Protect\n|\n|-heal|p1b: Milotic|83/100|[from] item: Leftovers\n|-damage|p2a: Kingambit|31/100 brn|[from] brn\n|upkeep\n|turn|4\n|inactive|Neutralzr has 30 seconds left.\n|\n|t:|1776640762\n|switch|p1b: Sinistcha|Sinistcha-Masterpiece, L50|100/100\n|-heal|p1a: Charizard|93/100|[from] ability: Hospitality|[of] p1b: Sinistcha\n|detailschange|p1a: Charizard|Charizard-Mega-X, L50, F\n|-mega|p1a: Charizard|Charizard|Charizardite X\n|move|p2a: Kingambit|Sucker Punch|p1a: Charizard\n|-damage|p1a: Charizard|65/100\n|move|p1a: Charizard|Flare Blitz|p2b: Floette\n|-damage|p2b: Floette|0 fnt\n|faint|p2b: Floette\n|-damage|p1a: Charizard|33/100|[from] Recoil\n|\n|-damage|p2a: Kingambit|26/100 brn|[from] brn\n|upkeep\n|\n|t:|1776640778\n|switch|p2b: Garchomp|Garchomp, L50, F|100/100\n|turn|5\n|\n|t:|1776640789\n|move|p1a: Charizard|Protect|p1a: Charizard\n|-singleturn|p1a: Charizard|Protect\n|move|p2a: Kingambit|Protect|p2a: Kingambit\n|-singleturn|p2a: Kingambit|Protect\n|move|p2b: Garchomp|Earthquake|p1b: Sinistcha|[spread] p1b\n|-activate|p2a: Kingambit|move: Protect\n|-activate|p1a: Charizard|move: Protect\n|-resisted|p1b: Sinistcha|1\n|-damage|p1b: Sinistcha|87/100\n|move|p1b: Sinistcha|Life Dew|p1b: Sinistcha|[spread] p1a,p1b\n|-heal|p1a: Charizard|58/100\n|-heal|p1b: Sinistcha|100/100\n|\n|-damage|p2a: Kingambit|20/100 brn|[from] brn\n|upkeep\n|turn|6\n|inactive|Neutralzr has 30 seconds left.\n|\n|t:|1776640816\n|move|p2b: Garchomp|Protect|p2b: Garchomp\n|-singleturn|p2b: Garchomp|Protect\n|move|p1a: Charizard|Dragon Claw|p2b: Garchomp\n|-activate|p2b: Garchomp|move: Protect\n|move|p1b: Sinistcha|Life Dew||[still]|[spread] p1a,p1b\n|-heal|p1a: Charizard|84/100\n|-fail|p1b: Sinistcha|heal\n|move|p2a: Kingambit|Kowtow Cleave|p1b: Sinistcha\n|-supereffective|p1b: Sinistcha|1\n|-damage|p1b: Sinistcha|51/100\n|\n|-damage|p2a: Kingambit|14/100 brn|[from] brn\n|upkeep\n|turn|7\n|inactive|Neutralzr has 30 seconds left.\n|inactive|Charliemander2030 has 30 seconds left.\n|inactive|Neutralzr has 20 seconds left.\n|inactive|Neutralzr has 15 seconds left.\n|\n|t:|1776640864\n|switch|p2b: Sneasler|Sneasler, L50, F|100/100\n|move|p1a: Charizard|Dragon Claw|p2b: Sneasler\n|-enditem|p2b: Sneasler|Focus Sash\n|-damage|p2b: Sneasler|1/100\n|move|p1b: Sinistcha|Life Dew|p1b: Sinistcha|[spread] p1a,p1b\n|-heal|p1a: Charizard|100/100\n|-heal|p1b: Sinistcha|76/100\n|move|p2a: Kingambit|Kowtow Cleave|p1b: Sinistcha\n|-supereffective|p1b: Sinistcha|1\n|-damage|p1b: Sinistcha|22/100\n|-enditem|p1b: Sinistcha|Sitrus Berry|[eat]\n|-heal|p1b: Sinistcha|47/100|[from] item: Sitrus Berry\n|\n|-damage|p2a: Kingambit|8/100 brn|[from] brn\n|upkeep\n|turn|8\n|\n|t:|1776640888\n|move|p1a: Charizard|Protect|p1a: Charizard\n|-singleturn|p1a: Charizard|Protect\n|move|p2b: Sneasler|Fake Out|p1a: Charizard\n|-activate|p1a: Charizard|move: Protect\n|move|p1b: Sinistcha|Matcha Gotcha|p2b: Sneasler|[spread] p2a,p2b\n|-resisted|p2a: Kingambit|1\n|-resisted|p2b: Sneasler|1\n|-damage|p2a: Kingambit|0 fnt\n|-heal|p1b: Sinistcha|51/100|[from] drain|[of] p2a: Kingambit\n|-damage|p2b: Sneasler|0 fnt\n|-heal|p1b: Sinistcha|52/100|[from] drain|[of] p2b: Sneasler\n|faint|p2a: Kingambit\n|faint|p2b: Sneasler\n|\n|upkeep\n|inactive|Charliemander2030 has 30 seconds left.\n|inactive|Charliemander2030 has 20 seconds left.\n|inactive|Charliemander2030 has 15 seconds left.\n|inactive|Charliemander2030 has 10 seconds left.\n|inactive|Charliemander2030 has 5 seconds left.\n|\n|t:|1776640944\n|switch|p2a: Garchomp|Garchomp, L50, F|100/100\n|turn|9\n|c|\u2606Neutralzr|Bro hold the L\n|inactive|Charliemander2030 has 30 seconds left.\n|c|\u2606Neutralzr|Stop wasting both our time\n|inactive|Charliemander2030 has 20 seconds left.\n|inactive|Charliemander2030 has 15 seconds left.\n|inactive|Charliemander2030 has 10 seconds left.\n|c|\u2606Neutralzr|Lame\n|inactive|Charliemander2030 has 5 seconds left.\n|\n|t:|1776640999\n|move|p1a: Charizard|Dragon Claw|p2a: Garchomp\n|-supereffective|p2a: Garchomp|1\n|-enditem|p2a: Garchomp|Haban Berry|[eat]\n|-enditem|p2a: Garchomp|Haban Berry|[weaken]\n|-damage|p2a: Garchomp|34/100\n|-damage|p1a: Charizard|88/100|[from] ability: Rough Skin|[of] p2a: Garchomp\n|move|p2a: Garchomp|Dragon Claw|p1b: Sinistcha\n|-damage|p1b: Sinistcha|21/100\n|move|p1b: Sinistcha|Life Dew|p1b: Sinistcha|[spread] p1a,p1b\n|-heal|p1a: Charizard|100/100\n|-heal|p1b: Sinistcha|46/100\n|\n|upkeep\n|turn|10\n|inactive|Charliemander2030 has 30 seconds left.\n|inactive|Charliemander2030 has 20 seconds left.\n|inactive|Charliemander2030 has 15 seconds left.\n|inactive|Charliemander2030 has 10 seconds left.\n|inactive|Charliemander2030 has 5 seconds left.\n|\n|t:|1776641054\n|move|p1a: Charizard|Dragon Claw|p2a: Garchomp\n|-supereffective|p2a: Garchomp|1\n|-crit|p2a: Garchomp\n|-damage|p2a: Garchomp|0 fnt\n|-damage|p1a: Charizard|88/100|[from] ability: Rough Skin|[of] p2a: Garchomp\n|faint|p2a: Garchomp\n|\n|win|Neutralzr\n|raw|Neutralzr's rating: 1309 &rarr; <strong>1330</strong><br />(+21 for winning)\n|raw|Charliemander2030's rating: 1319 &rarr; <strong>1298</strong><br />(-21 for losing)\n",
  "uploadtime": 1776641083,
  "views": 10,
  "formatid": "gen9championsvgc2026regma",
  "rating": 1298,
  "private": 0,
  "password": null
}