{
  "id": "gen9championsvgc2026regma-2583629501",
  "format": "[Gen 9 Champions] VGC 2026 Reg M-A",
  "players": [
    "youuuuuuning",
    "excaliberx18"
  ],
  "log": "|j|\u2606youuuuuuning\n|j|\u2606excaliberx18\n|t:|1776187531\n|gametype|doubles\n|player|p1|youuuuuuning|170|1090\n|player|p2|excaliberx18|265|1000\n|gen|9\n|tier|[Gen 9 Champions] VGC 2026 Reg M-A\n|rated|\n|rule|Species Clause: Limit one of each Pok\u00e9mon\n|rule|Item Clause: Limit 1 of each item\n|clearpoke\n|poke|p1|Froslass, L50, F|\n|poke|p1|Sneasler, L50, M|\n|poke|p1|Garchomp, L50, F|\n|poke|p1|Corviknight, L50, F|\n|poke|p1|Incineroar, L50, M|\n|poke|p1|Araquanid, L50, F|\n|poke|p2|Gyarados, L50, F|\n|poke|p2|Garchomp, L50, M|\n|poke|p2|Manectric, L50, M|\n|poke|p2|Greninja-*, L50, M|\n|poke|p2|Orthworm, L50, M|\n|poke|p2|Emolga, L50, M|\n|teampreview|4\n|\n|t:|1776187605\n|teamsize|p1|4\n|teamsize|p2|4\n|start\n|switch|p1a: Froslass|Froslass, L50, F, shiny|100/100\n|switch|p1b: Incineroar|Incineroar, L50, M|100/100\n|switch|p2a: Greninja|Greninja, L50, M|100/100\n|switch|p2b: Garchomp|Garchomp, L50, M|100/100\n|-ability|p1b: Incineroar|Intimidate|boost\n|-unboost|p2a: Greninja|atk|1\n|-unboost|p2b: Garchomp|atk|1\n|turn|1\n|\n|t:|1776187646\n|switch|p2b: Orthworm|Orthworm, L50, M|100/100\n|detailschange|p2a: Greninja|Greninja-Mega, L50, M\n|-mega|p2a: Greninja|Greninja|Greninjite\n|detailschange|p1a: Froslass|Froslass-Mega, L50, F, shiny\n|-mega|p1a: Froslass|Froslass|Froslassite\n|-weather|Snowscape|[from] ability: Snow Warning|[of] p1a: Froslass\n|move|p1b: Incineroar|Fake Out|p2a: Greninja\n|-damage|p2a: Greninja|84/100\n|cant|p2a: Greninja|flinch\n|move|p1a: Froslass|Will-O-Wisp|p2b: Orthworm|[miss]\n|-miss|p1a: Froslass|p2b: Orthworm\n|\n|-weather|Snowscape|[upkeep]\n|upkeep\n|turn|2\n|\n|t:|1776187714\n|move|p2a: Greninja|Dark Pulse|p1a: Froslass\n|-start|p2a: Greninja|typechange|Dark|[from] ability: Protean\n|-supereffective|p1a: Froslass|1\n|-damage|p1a: Froslass|16/100\n|move|p1a: Froslass|Aurora Veil|p1a: Froslass\n|-sidestart|p1: youuuuuuning|move: Aurora Veil\n|move|p2b: Orthworm|Body Press|p1b: Incineroar\n|-supereffective|p1b: Incineroar|1\n|-damage|p1b: Incineroar|71/100\n|move|p1b: Incineroar|Parting Shot|p2a: Greninja\n|-unboost|p2a: Greninja|atk|1\n|-unboost|p2a: Greninja|spa|1\n|\n|t:|1776187728\n|switch|p1b: Sneasler|Sneasler, L50, M, shiny|100/100|[from] Parting Shot\n|-ability|p1b: Sneasler|Pressure\n|\n|-weather|Snowscape|[upkeep]\n|upkeep\n|turn|3\n|\n|t:|1776187751\n|switch|p2a: Gyarados|Gyarados, L50, F|100/100\n|-ability|p2a: Gyarados|Intimidate|boost\n|-unboost|p1a: Froslass|atk|1\n|-unboost|p1b: Sneasler|atk|1\n|-enditem|p1b: Sneasler|White Herb\n|-clearnegativeboost|p1b: Sneasler|[silent]\n|switch|p1a: Incineroar|Incineroar, L50, M|71/100\n|-ability|p1a: Incineroar|Intimidate|boost\n|-unboost|p2a: Gyarados|atk|1\n|-unboost|p2b: Orthworm|atk|1\n|move|p1b: Sneasler|Dire Claw|p2a: Gyarados\n|-damage|p2a: Gyarados|51/100\n|move|p2b: Orthworm|Shed Tail|p2b: Orthworm\n|-start|p2b: Orthworm|Substitute|[from] move: Shed Tail\n|-damage|p2b: Orthworm|50/100\n|-enditem|p2b: Orthworm|Sitrus Berry|[eat]\n|-heal|p2b: Orthworm|75/100|[from] item: Sitrus Berry\n|\n|t:|1776187787\n|switch|p2b: Garchomp|Garchomp, L50, M|100/100|[from] Shed Tail\n|\n|-weather|Snowscape|[upkeep]\n|upkeep\n|turn|4\n|\n|t:|1776187807\n|move|p1a: Incineroar|Fake Out|p2a: Gyarados\n|-damage|p2a: Gyarados|38/100\n|move|p1b: Sneasler|Close Combat|p2b: Garchomp\n|-end|p2b: Garchomp|Substitute\n|-unboost|p1b: Sneasler|def|1\n|-unboost|p1b: Sneasler|spd|1\n|move|p2b: Garchomp|Earthquake|p1a: Incineroar|[spread] p1a,p1b\n|-immune|p2a: Gyarados\n|-supereffective|p1a: Incineroar|1\n|-supereffective|p1b: Sneasler|1\n|-damage|p1a: Incineroar|23/100\n|-damage|p1b: Sneasler|0 fnt\n|-enditem|p1a: Incineroar|Sitrus Berry|[eat]\n|-heal|p1a: Incineroar|48/100|[from] item: Sitrus Berry\n|faint|p1b: Sneasler\n|cant|p2a: Gyarados|flinch\n|\n|-weather|Snowscape|[upkeep]\n|upkeep\n|\n|t:|1776187823\n|switch|p1b: Froslass|Froslass-Mega, L50, F, shiny|16/100\n|turn|5\n|\n|t:|1776187841\n|move|p2b: Garchomp|Protect|p2b: Garchomp\n|-singleturn|p2b: Garchomp|Protect\n|move|p1b: Froslass|Ice Beam|p2b: Garchomp\n|-activate|p2b: Garchomp|move: Protect\n|move|p2a: Gyarados|Bulldoze|p1b: Froslass|[spread] p1a,p1b\n|-activate|p2b: Garchomp|move: Protect\n|-supereffective|p1a: Incineroar|1\n|-damage|p1a: Incineroar|36/100\n|-damage|p1b: Froslass|10/100\n|-unboost|p1a: Incineroar|spe|1\n|-unboost|p1b: Froslass|spe|1\n|move|p1a: Incineroar|Darkest Lariat|p2a: Gyarados\n|-damage|p2a: Gyarados|0 fnt\n|faint|p2a: Gyarados\n|\n|-weather|none\n|upkeep\n|\n|t:|1776187863\n|switch|p2a: Greninja|Greninja-Mega, L50, M|84/100\n|turn|6\n|\n|t:|1776187882\n|switch|p1a: Garchomp|Garchomp, L50, F, shiny|100/100\n|move|p1b: Froslass|Protect|p1b: Froslass\n|-singleturn|p1b: Froslass|Protect\n|move|p2a: Greninja|Acrobatics|p1a: Garchomp\n|-start|p2a: Greninja|typechange|Flying|[from] ability: Protean\n|-damage|p1a: Garchomp|86/100\n|move|p2b: Garchomp|Earthquake|p1b: Froslass|[spread] p1a\n|-activate|p1b: Froslass|move: Protect\n|-immune|p2a: Greninja\n|-damage|p1a: Garchomp|58/100\n|\n|-sideend|p1: youuuuuuning|move: Aurora Veil\n|upkeep\n|turn|7\n|\n|t:|1776187917\n|switch|p2b: Orthworm|Orthworm, L50, M|75/100\n|switch|p1b: Incineroar|Incineroar, L50, M|36/100\n|-ability|p1b: Incineroar|Intimidate|boost\n|-unboost|p2a: Greninja|atk|1\n|-unboost|p2b: Orthworm|atk|1\n|move|p1a: Garchomp|Dragon Claw|p2a: Greninja\n|-damage|p2a: Greninja|17/100\n|move|p2a: Greninja|Ice Beam|p1a: Garchomp\n|-supereffective|p1a: Garchomp|2\n|-damage|p1a: Garchomp|0 fnt\n|faint|p1a: Garchomp\n|\n|upkeep\n|\n|t:|1776187930\n|switch|p1a: Froslass|Froslass-Mega, L50, F, shiny|10/100\n|-weather|Snowscape|[from] ability: Snow Warning|[of] p1a: Froslass\n|turn|8\n|\n|t:|1776187945\n|move|p2a: Greninja|Protect|p2a: Greninja\n|-singleturn|p2a: Greninja|Protect\n|move|p1a: Froslass|Ice Beam|p2a: Greninja\n|-activate|p2a: Greninja|move: Protect\n|move|p2b: Orthworm|Smack Down|p1a: Froslass\n|-supereffective|p1a: Froslass|1\n|-damage|p1a: Froslass|0 fnt\n|faint|p1a: Froslass\n|move|p1b: Incineroar|Flare Blitz|p2b: Orthworm\n|-supereffective|p2b: Orthworm|1\n|-damage|p2b: Orthworm|7/100\n|-damage|p1b: Incineroar|16/100|[from] Recoil\n|\n|-weather|Snowscape|[upkeep]\n|upkeep\n|turn|9\n|\n|t:|1776187975\n|move|p2a: Greninja|Dark Pulse|p1b: Incineroar\n|-resisted|p1b: Incineroar|1\n|-crit|p1b: Incineroar\n|-damage|p1b: Incineroar|0 fnt\n|faint|p1b: Incineroar\n|\n|win|excaliberx18\n|raw|youuuuuuning's rating: 1090 &rarr; <strong>1061</strong><br />(-29 for losing)\n|raw|excaliberx18's rating: 1000 &rarr; <strong>1050</strong><br />(+50 for winning)\n|l|\u2606youuuuuuning\n|player|p1|\n",
  "uploadtime": 1776187984,
  "views": 15,
  "formatid": "gen9championsvgc2026regma",
  "rating": 1050,
  "private": 0,
  "password": null
}