{
  "id": "gen9championsvgc2026regma-2581202674",
  "format": "[Gen 9 Champions] VGC 2026 Reg M-A",
  "players": [
    "Runningo",
    "yamzinyobooty"
  ],
  "log": "|j|\u2606Runningo\n|j|\u2606yamzinyobooty\n|t:|1775970283\n|gametype|doubles\n|player|p1|Runningo|170|1093\n|player|p2|yamzinyobooty|102|1113\n|gen|9\n|tier|[Gen 9 Champions] VGC 2026 Reg M-A\n|rated|\n|rule|Species Clause: Limit one of each Pok\u00e9mon\n|rule|Item Clause: Limit 1 of each item\n|clearpoke\n|poke|p1|Whimsicott, L50, M|\n|poke|p1|Typhlosion-Hisui, L50, F|\n|poke|p1|Floette-Eternal, L50, F|\n|poke|p1|Tauros-Paldea-Aqua, L50, M|\n|poke|p1|Farigiraf, L50, F|\n|poke|p1|Kingambit, L50, M|\n|poke|p2|Tyranitar, L50, M|\n|poke|p2|Excadrill, L50, M|\n|poke|p2|Rotom-Wash, L50|\n|poke|p2|Basculegion, L50, M|\n|poke|p2|Meganium, L50, M|\n|poke|p2|Talonflame, L50, M|\n|teampreview|4\n|inactive|Battle timer is ON: inactive players will automatically lose when time's up. (requested by yamzinyobooty)\n|inactive|Runningo has 60 seconds left.\n|\n|t:|1775970322\n|teamsize|p1|4\n|teamsize|p2|4\n|start\n|switch|p1a: Whimsicott|Whimsicott, L50, M|100/100\n|switch|p1b: Tauros|Tauros-Paldea-Aqua, L50, M|100/100\n|switch|p2a: Basculegion|Basculegion, L50, M|100/100\n|switch|p2b: Rotom|Rotom-Wash, L50, shiny|100/100\n|-ability|p1b: Tauros|Intimidate|boost\n|-unboost|p2a: Basculegion|atk|1\n|-unboost|p2b: Rotom|atk|1\n|turn|1\n|\n|t:|1775970341\n|move|p1a: Whimsicott|Tailwind|p1a: Whimsicott\n|-sidestart|p1: Runningo|move: Tailwind\n|move|p1b: Tauros|Close Combat|p2b: Rotom\n|-damage|p2b: Rotom|38/100\n|-unboost|p1b: Tauros|def|1\n|-unboost|p1b: Tauros|spd|1\n|-enditem|p2b: Rotom|Sitrus Berry|[eat]\n|-heal|p2b: Rotom|63/100|[from] item: Sitrus Berry\n|move|p2a: Basculegion|Flip Turn|p1a: Whimsicott\n|-resisted|p1a: Whimsicott|1\n|-damage|p1a: Whimsicott|80/100\n|\n|t:|1775970352\n|switch|p2a: Excadrill|Excadrill, L50, M|100/100|[from] Flip Turn\n|move|p2b: Rotom|Discharge|p1a: Whimsicott|[spread] p1a,p1b\n|-immune|p2a: Excadrill\n|-resisted|p1a: Whimsicott|1\n|-supereffective|p1b: Tauros|1\n|-damage|p1a: Whimsicott|63/100\n|-damage|p1b: Tauros|8/100\n|-enditem|p1b: Tauros|Sitrus Berry|[eat]\n|-heal|p1b: Tauros|33/100|[from] item: Sitrus Berry\n|\n|upkeep\n|turn|2\n|\n|t:|1775970371\n|move|p2a: Excadrill|Protect|p2a: Excadrill\n|-singleturn|p2a: Excadrill|Protect\n|move|p1a: Whimsicott|Moonblast|p2b: Rotom\n|-damage|p2b: Rotom|33/100\n|move|p1b: Tauros|Raging Bull|p2a: Excadrill\n|-activate|p2a: Excadrill|move: Protect\n|move|p2b: Rotom|Discharge|p1a: Whimsicott|[spread] p1a,p1b\n|-activate|p2a: Excadrill|move: Protect\n|-resisted|p1a: Whimsicott|1\n|-supereffective|p1b: Tauros|1\n|-damage|p1a: Whimsicott|45/100\n|-damage|p1b: Tauros|0 fnt\n|faint|p1b: Tauros\n|\n|upkeep\n|\n|t:|1775970382\n|switch|p1b: Typhlosion|Typhlosion-Hisui, L50, F|100/100\n|-item|p2a: Excadrill|Focus Sash|[from] ability: Frisk|[of] p1b: Typhlosion\n|turn|3\n|inactive|yamzinyobooty has 30 seconds left.\n|\n|t:|1775970416\n|switch|p2a: Basculegion|Basculegion, L50, M|100/100\n|move|p1a: Whimsicott|Sunny Day|p1a: Whimsicott\n|-weather|SunnyDay\n|move|p1b: Typhlosion|Eruption|p2b: Rotom|[spread] p2a,p2b\n|-resisted|p2a: Basculegion|1\n|-resisted|p2b: Rotom|1\n|-damage|p2a: Basculegion|49/100\n|-damage|p2b: Rotom|0 fnt\n|faint|p2b: Rotom\n|\n|-weather|SunnyDay|[upkeep]\n|upkeep\n|\n|t:|1775970431\n|switch|p2b: Tyranitar|Tyranitar, L50, M|100/100\n|-weather|Sandstorm|[from] ability: Sand Stream|[of] p2b: Tyranitar\n|turn|4\n|inactive|yamzinyobooty has 30 seconds left.\n|\n|t:|1775970456\n|switch|p2b: Excadrill|Excadrill, L50, M|100/100\n|move|p1a: Whimsicott|Sunny Day|p1a: Whimsicott\n|-weather|SunnyDay\n|move|p1b: Typhlosion|Eruption|p2b: Excadrill|[spread] p2a,p2b\n|-resisted|p2a: Basculegion|1\n|-supereffective|p2b: Excadrill|1\n|-damage|p2a: Basculegion|0 fnt\n|-enditem|p2b: Excadrill|Focus Sash\n|-damage|p2b: Excadrill|1/100\n|faint|p2a: Basculegion\n|\n|-weather|SunnyDay|[upkeep]\n|-sideend|p1: Runningo|move: Tailwind\n|upkeep\n|\n|t:|1775970461\n|switch|p2a: Tyranitar|Tyranitar, L50, M|100/100\n|-weather|Sandstorm|[from] ability: Sand Stream|[of] p2a: Tyranitar\n|turn|5\n|inactive|yamzinyobooty has 30 seconds left.\n|inactive|yamzinyobooty has 20 seconds left.\n|inactive|yamzinyobooty has 15 seconds left.\n|\n|t:|1775970505\n|move|p1a: Whimsicott|Tailwind|p1a: Whimsicott\n|-sidestart|p1: Runningo|move: Tailwind\n|move|p1b: Typhlosion|Eruption|p2b: Excadrill|[spread] p2a,p2b\n|-resisted|p2a: Tyranitar|1\n|-supereffective|p2b: Excadrill|1\n|-damage|p2a: Tyranitar|85/100\n|-damage|p2b: Excadrill|0 fnt\n|faint|p2b: Excadrill\n|move|p2a: Tyranitar|Knock Off|p1b: Typhlosion\n|-supereffective|p1b: Typhlosion|1\n|-damage|p1b: Typhlosion|0 fnt\n|-enditem|p1b: Typhlosion|Choice Scarf|[from] move: Knock Off|[of] p2a: Tyranitar\n|faint|p1b: Typhlosion\n|\n|-weather|Sandstorm|[upkeep]\n|-damage|p1a: Whimsicott|39/100|[from] Sandstorm\n|upkeep\n|\n|t:|1775970510\n|switch|p1b: Floette|Floette-Eternal, L50, F|100/100\n|turn|6\n|\n|t:|1775970515\n|detailschange|p1b: Floette|Floette-Mega, L50, F\n|-mega|p1b: Floette|Floette|Floettite\n|-ability|p1b: Floette|Fairy Aura\n|move|p1a: Whimsicott|Sunny Day|p1a: Whimsicott\n|-weather|SunnyDay\n|move|p1b: Floette|Light of Ruin|p2a: Tyranitar|[miss]\n|-miss|p1b: Floette|p2a: Tyranitar\n|move|p2a: Tyranitar|Rock Slide|p1b: Floette|[spread] p1a,p1b\n|-damage|p1a: Whimsicott|0 fnt\n|-damage|p1b: Floette|63/100\n|faint|p1a: Whimsicott\n|\n|-weather|SunnyDay|[upkeep]\n|upkeep\n|turn|7\n|c|\u2606yamzinyobooty|ggs\n|\n|t:|1775970527\n|move|p1b: Floette|Light of Ruin|p2a: Tyranitar\n|-supereffective|p2a: Tyranitar|1\n|-damage|p2a: Tyranitar|0 fnt\n|faint|p2a: Tyranitar\n|-damage|p1b: Floette|5/100|[from] Recoil\n|\n|win|Runningo\n|raw|Runningo's rating: 1093 &rarr; <strong>1121</strong><br />(+28 for winning)\n|raw|yamzinyobooty's rating: 1113 &rarr; <strong>1087</strong><br />(-26 for losing)\n",
  "uploadtime": 1775970528,
  "views": 11,
  "formatid": "gen9championsvgc2026regma",
  "rating": 1087,
  "private": 0,
  "password": null
}