{
  "id": "gen9championsvgc2026regma-2581717153",
  "format": "[Gen 9 Champions] VGC 2026 Reg M-A",
  "players": [
    "jacinthespuppy",
    "f1ish"
  ],
  "log": "|badge|p2|bronze|gen9randombattle|100-9\n|uhtml|medal-msg|<div class=\"broadcast-blue\">Curious what those medals under the avatar are? PS now has Ladder Seasons! For more information, check out the <a href=\"https://www.smogon.com/forums/threads/3740067/\">thread on Smogon.</a></div>\n|j|\u2606jacinthespuppy\n|j|\u203df1ish\n|t:|1776023021\n|gametype|doubles\n|player|p1|jacinthespuppy|dawn-gen4pt|1248\n|player|p2|f1ish|102|1356\n|gen|9\n|tier|[Gen 9 Champions] VGC 2026 Reg M-A\n|rated|\n|rule|Species Clause: Limit one of each Pok\u00e9mon\n|rule|Item Clause: Limit 1 of each item\n|clearpoke\n|poke|p1|Tyranitar, L50, M|\n|poke|p1|Excadrill, L50, M|\n|poke|p1|Dragapult, L50, M|\n|poke|p1|Rotom-Heat, L50|\n|poke|p1|Gyarados, L50, F|\n|poke|p1|Sinistcha, L50|\n|poke|p2|Politoed, L50, F|\n|poke|p2|Archaludon, L50, M|\n|poke|p2|Basculegion, L50, M|\n|poke|p2|Incineroar, L50, M|\n|poke|p2|Sinistcha, L50|\n|poke|p2|Gengar, L50, M|\n|teampreview|4\n|inactive|Battle timer is ON: inactive players will automatically lose when time's up. (requested by jacinthespuppy)\n|inactive|f1ish also wants the timer to be on.\n|c|\u2606jacinthespuppy|rain + perish trap\n|c|\u2606jacinthespuppy|so original\n|inactive|f1ish has 60 seconds left.\n|\n|t:|1776023068\n|teamsize|p1|4\n|teamsize|p2|4\n|start\n|switch|p1a: big boss|Tyranitar, L50, M|100/100\n|switch|p1b: trick choice scarf|Rotom-Heat, L50|100/100\n|switch|p2a: Incineroar|Incineroar, L50, M|100/100\n|switch|p2b: Gengar|Gengar, L50, M|100/100\n|-weather|Sandstorm|[from] ability: Sand Stream|[of] p1a: big boss\n|-ability|p2a: Incineroar|Intimidate|boost\n|-unboost|p1a: big boss|atk|1\n|-unboost|p1b: trick choice scarf|atk|1\n|turn|1\n|\n|t:|1776023083\n|detailschange|p2b: Gengar|Gengar-Mega, L50, M\n|-mega|p2b: Gengar|Gengar|Gengarite\n|detailschange|p1a: big boss|Tyranitar-Mega, L50, M\n|-mega|p1a: big boss|Tyranitar|Tyranitarite\n|move|p2a: Incineroar|Fake Out|p1a: big boss\n|-resisted|p1a: big boss|1\n|-damage|p1a: big boss|98/100\n|move|p2b: Gengar|Perish Song|p2b: Gengar\n|-start|p1a: big boss|perish3|[silent]\n|-start|p1b: trick choice scarf|perish3|[silent]\n|-start|p2a: Incineroar|perish3|[silent]\n|-start|p2b: Gengar|perish3|[silent]\n|-fieldactivate|move: Perish Song\n|move|p1b: trick choice scarf|Volt Switch|p2b: Gengar\n|-damage|p2b: Gengar|66/100\n|c|\u2606jacinthespuppy|WHO WOULDVE GUESSED!!!\n|\n|t:|1776023098\n|switch|p1b: resetti|Excadrill, L50, M|100/100|[from] Volt Switch\n|cant|p1a: big boss|flinch\n|\n|-weather|Sandstorm|[upkeep]\n|-damage|p2b: Gengar|60/100|[from] Sandstorm\n|-damage|p2a: Incineroar|95/100|[from] Sandstorm\n|-start|p2b: Gengar|perish3\n|-start|p1a: big boss|perish3\n|-start|p2a: Incineroar|perish3\n|upkeep\n|turn|2\n|inactive|f1ish has 30 seconds left.\n|\n|t:|1776023129\n|switch|p2a: Sinistcha|Sinistcha, L50|100/100\n|-heal|p2b: Gengar|85/100|[from] ability: Hospitality|[of] p2a: Sinistcha\n|move|p2b: Gengar|Protect|p2b: Gengar\n|-singleturn|p2b: Gengar|Protect\n|move|p1b: resetti|High Horsepower|p2a: Sinistcha\n|-resisted|p2a: Sinistcha|1\n|-damage|p2a: Sinistcha|80/100\n|move|p1a: big boss|Rock Slide|p2b: Gengar|[spread] p2a\n|-activate|p2b: Gengar|move: Protect\n|-damage|p2a: Sinistcha|62/100\n|\n|-weather|Sandstorm|[upkeep]\n|-damage|p2b: Gengar|79/100|[from] Sandstorm\n|-damage|p2a: Sinistcha|56/100|[from] Sandstorm\n|-start|p2b: Gengar|perish2\n|-start|p1a: big boss|perish2\n|upkeep\n|turn|3\n|inactive|f1ish has 30 seconds left.\n|inactive|f1ish has 20 seconds left.\n|inactive|f1ish has 15 seconds left.\n|inactive|f1ish has 10 seconds left.\n|\n|t:|1776023174\n|move|p2a: Sinistcha|Rage Powder|p2a: Sinistcha\n|-singleturn|p2a: Sinistcha|move: Rage Powder\n|move|p1b: resetti|High Horsepower|p2a: Sinistcha\n|-resisted|p2a: Sinistcha|1\n|-damage|p2a: Sinistcha|36/100\n|move|p2b: Gengar|Disable|p1a: big boss\n|-start|p1a: big boss|Disable|Rock Slide\n|move|p1a: big boss|Knock Off|p2a: Sinistcha\n|-supereffective|p2a: Sinistcha|1\n|-enditem|p2a: Sinistcha|Colbur Berry|[eat]\n|-enditem|p2a: Sinistcha|Colbur Berry|[weaken]\n|-damage|p2a: Sinistcha|0 fnt\n|faint|p2a: Sinistcha\n|\n|-weather|Sandstorm|[upkeep]\n|-damage|p2b: Gengar|73/100|[from] Sandstorm\n|-start|p2b: Gengar|perish1\n|-start|p1a: big boss|perish1\n|upkeep\n|\n|t:|1776023189\n|switch|p2a: Incineroar|Incineroar, L50, M|95/100\n|-ability|p2a: Incineroar|Intimidate|boost\n|-unboost|p1a: big boss|atk|1\n|-unboost|p1b: resetti|atk|1\n|turn|4\n|\n|t:|1776023201\n|switch|p2b: Politoed|Politoed, L50, F|100/100\n|-weather|RainDance|[from] ability: Drizzle|[of] p2b: Politoed\n|move|p2a: Incineroar|Fake Out|p1b: resetti\n|-resisted|p1b: resetti|1\n|-damage|p1b: resetti|93/100\n|cant|p1b: resetti|flinch\n|move|p1a: big boss|Low Kick|p2a: Incineroar\n|-supereffective|p2a: Incineroar|1\n|-damage|p2a: Incineroar|61/100\n|\n|-weather|RainDance|[upkeep]\n|-start|p1a: big boss|perish0\n|upkeep\n|faint|p1a: big boss\n|\n|t:|1776023209\n|switch|p1a: trick choice scarf|Rotom-Heat, L50|100/100\n|turn|5\n|c|\u2606jacinthespuppy|i love fighting vs skill\n|inactive|f1ish has 30 seconds left.\n|\n|t:|1776023242\n|move|p1b: resetti|Earthquake|p2b: Politoed|[spread] p2a,p2b\n|-immune|p1a: trick choice scarf|[from] ability: Levitate\n|-supereffective|p2a: Incineroar|1\n|-damage|p2a: Incineroar|12/100\n|-damage|p2b: Politoed|73/100\n|-enditem|p2a: Incineroar|Sitrus Berry|[eat]\n|-heal|p2a: Incineroar|37/100|[from] item: Sitrus Berry\n|move|p1a: trick choice scarf|Thunderbolt|p2b: Politoed\n|-supereffective|p2b: Politoed|1\n|-damage|p2b: Politoed|11/100\n|move|p2b: Politoed|Perish Song|p2b: Politoed\n|-start|p1a: trick choice scarf|perish3|[silent]\n|-start|p1b: resetti|perish3|[silent]\n|-start|p2a: Incineroar|perish3|[silent]\n|-start|p2b: Politoed|perish3|[silent]\n|-fieldactivate|move: Perish Song\n|move|p2a: Incineroar|Parting Shot|p1a: trick choice scarf\n|-unboost|p1a: trick choice scarf|atk|1\n|-unboost|p1a: trick choice scarf|spa|1\n|c|\u2606jacinthespuppy|ohh my god you specimens are terrible\n|\n|t:|1776023256\n|switch|p2a: Gengar|Gengar-Mega, L50, M|73/100|[from] Parting Shot\n|\n|-weather|RainDance|[upkeep]\n|-heal|p2b: Politoed|17/100|[from] item: Leftovers\n|-start|p1b: resetti|perish3\n|-start|p1a: trick choice scarf|perish3\n|-start|p2b: Politoed|perish3\n|upkeep\n|turn|6\n|inactive|f1ish has 30 seconds left.\n|inactive|f1ish has 20 seconds left.\n|\n|t:|1776023295\n|move|p2a: Gengar|Protect|p2a: Gengar\n|-singleturn|p2a: Gengar|Protect\n|move|p1b: resetti|Protect|p1b: resetti\n|-singleturn|p1b: resetti|Protect\n|move|p2b: Politoed|Protect|p2b: Politoed\n|-singleturn|p2b: Politoed|Protect\n|move|p1a: trick choice scarf|Volt Switch|p2b: Politoed\n|-activate|p2b: Politoed|move: Protect\n|\n|-weather|RainDance|[upkeep]\n|-heal|p2b: Politoed|23/100|[from] item: Leftovers\n|-start|p1b: resetti|perish2\n|-start|p1a: trick choice scarf|perish2\n|-start|p2b: Politoed|perish2\n|upkeep\n|turn|7\n|\n|t:|1776023312\n|switch|p2b: Incineroar|Incineroar, L50, M|37/100\n|-ability|p2b: Incineroar|Intimidate|boost\n|-unboost|p1a: trick choice scarf|atk|1\n|-unboost|p1b: resetti|atk|1\n|move|p2a: Gengar|Disable|p1a: trick choice scarf\n|-start|p1a: trick choice scarf|Disable|Volt Switch\n|move|p1b: resetti|Earthquake|p2b: Incineroar|[spread] p2a,p2b\n|-immune|p1a: trick choice scarf|[from] ability: Levitate\n|-supereffective|p2a: Gengar|1\n|-supereffective|p2b: Incineroar|1\n|-damage|p2a: Gengar|26/100\n|-damage|p2b: Incineroar|0 fnt\n|faint|p2b: Incineroar\n|cant|p1a: trick choice scarf|Disable|Volt Switch\n|\n|-weather|RainDance|[upkeep]\n|-start|p1b: resetti|perish1\n|-start|p1a: trick choice scarf|perish1\n|upkeep\n|c|\u2606jacinthespuppy|now u gonna switch to incin\n|c|\u2606jacinthespuppy|WHO WOULDVE GUESSED\n|c|\u2606jacinthespuppy|WHO WOULDVE FUCKING GUESSE\n|\n|t:|1776023326\n|switch|p2b: Politoed|Politoed, L50, F|23/100\n|turn|8\n|\n|t:|1776023332\n|move|p2a: Gengar|Protect|p2a: Gengar\n|-singleturn|p2a: Gengar|Protect\n|move|p2b: Politoed|Protect|p2b: Politoed\n|-singleturn|p2b: Politoed|Protect\n|move|p1b: resetti|Earthquake|p2a: Gengar|[spread] \n|-activate|p2a: Gengar|move: Protect\n|-activate|p2b: Politoed|move: Protect\n|-immune|p1a: trick choice scarf|[from] ability: Levitate\n|move|p1a: trick choice scarf|Thunderbolt|p2b: Politoed\n|-activate|p2b: Politoed|move: Protect\n|\n|-weather|none\n|-heal|p2b: Politoed|29/100|[from] item: Leftovers\n|-start|p1b: resetti|perish0\n|-start|p1a: trick choice scarf|perish0\n|faint|p1b: resetti\n|faint|p1a: trick choice scarf\n|upkeep\n|\n|t:|1776023335\n|switch|p1b: jet|Dragapult, L50, M|100/100\n|turn|9\n|\n|t:|1776023355\n|move|p2a: Gengar|Protect|p2a: Gengar\n|-singleturn|p2a: Gengar|Protect\n|move|p1b: jet|Shadow Ball|p2a: Gengar\n|-activate|p2a: Gengar|move: Protect\n|move|p2b: Politoed|Perish Song|p2b: Politoed\n|-start|p1b: jet|perish3|[silent]\n|-start|p2a: Gengar|perish3|[silent]\n|-start|p2b: Politoed|perish3|[silent]\n|-fieldactivate|move: Perish Song\n|\n|-heal|p2b: Politoed|36/100|[from] item: Leftovers\n|-start|p2a: Gengar|perish3\n|-start|p1b: jet|perish3\n|-start|p2b: Politoed|perish3\n|upkeep\n|turn|10\n|n|!jacinthespuppy|jacinthespuppy\n|inactive|f1ish has 30 seconds left.\n|\n|t:|1776023383\n|move|p2a: Gengar|Protect||[still]\n|-fail|p2a: Gengar\n|move|p2b: Politoed|Protect|p2b: Politoed\n|-singleturn|p2b: Politoed|Protect\n|move|p1b: jet|Shadow Ball|p2a: Gengar\n|-supereffective|p2a: Gengar|1\n|-damage|p2a: Gengar|0 fnt\n|faint|p2a: Gengar\n|\n|-heal|p2b: Politoed|42/100|[from] item: Leftovers\n|-start|p1b: jet|perish2\n|-start|p2b: Politoed|perish2\n|upkeep\n|turn|11\n|\n|t:|1776023390\n|move|p2b: Politoed|Protect||[still]\n|-fail|p2b: Politoed\n|move|p1b: jet|Draco Meteor|p2b: Politoed\n|-damage|p2b: Politoed|0 fnt\n|-unboost|p1b: jet|spa|2\n|faint|p2b: Politoed\n|\n|win|jacinthespuppy\n",
  "uploadtime": 1776023372,
  "views": 11,
  "formatid": "gen9championsvgc2026regma",
  "rating": null,
  "private": 0,
  "password": null
}