{
  "id": "gen9championsvgc2026regma-2584475016",
  "format": "[Gen 9 Champions] VGC 2026 Reg M-A",
  "players": [
    "Jakaksksllwlwq",
    "DeShawn Banks"
  ],
  "log": "|j|\u2606Jakaksksllwlwq\n|j|\u2606DeShawn Banks\n|t:|1776263331\n|gametype|doubles\n|player|p1|Jakaksksllwlwq|102|1073\n|player|p2|DeShawn Banks|2|1008\n|gen|9\n|tier|[Gen 9 Champions] VGC 2026 Reg M-A\n|rated|\n|rule|Species Clause: Limit one of each Pok\u00e9mon\n|rule|Item Clause: Limit 1 of each item\n|clearpoke\n|poke|p1|Incineroar, L50, M|\n|poke|p1|Sneasler, L50, F|\n|poke|p1|Sinistcha, L50|\n|poke|p1|Froslass, L50, F|\n|poke|p1|Garchomp, L50, F|\n|poke|p1|Aegislash, L50, M|\n|poke|p2|Golurk, L50|\n|poke|p2|Farigiraf, L50, M|\n|poke|p2|Torkoal, L50, M|\n|poke|p2|Sneasler, L50, F|\n|poke|p2|Appletun, L50, M|\n|poke|p2|Incineroar, L50, M|\n|teampreview|4\n|\n|t:|1776263346\n|teamsize|p1|4\n|teamsize|p2|4\n|start\n|switch|p1a: Sinistcha|Sinistcha, L50|100/100\n|switch|p1b: Froslass|Froslass, L50, F|100/100\n|switch|p2a: Farigiraf|Farigiraf, L50, M, shiny|100/100\n|switch|p2b: Sneasler|Sneasler, L50, F|100/100\n|turn|1\n|inactive|Battle timer is ON: inactive players will automatically lose when time's up. (requested by DeShawn Banks)\n|\n|t:|1776263360\n|detailschange|p1b: Froslass|Froslass-Mega, L50, F\n|-mega|p1b: Froslass|Froslass|Froslassite\n|-weather|Snowscape|[from] ability: Snow Warning|[of] p1b: Froslass\n|move|p2b: Sneasler|Dire Claw|p1a: Sinistcha\n|-damage|p1a: Sinistcha|66/100\n|-status|p1a: Sinistcha|psn|[from] ability: Poison Touch|[of] p2b: Sneasler\n|move|p1b: Froslass|Blizzard|p2a: Farigiraf|[spread] p2a,p2b\n|-damage|p2a: Farigiraf|67/100\n|-damage|p2b: Sneasler|36/100\n|move|p1a: Sinistcha|Trick Room|p1a: Sinistcha\n|-fieldstart|move: Trick Room|[of] p1a: Sinistcha\n|move|p2a: Farigiraf|Trick Room|p2a: Farigiraf\n|-fieldend|move: Trick Room\n|\n|-weather|Snowscape|[upkeep]\n|-heal|p2a: Farigiraf|74/100|[from] item: Leftovers\n|-damage|p1a: Sinistcha|54/100 psn|[from] psn\n|upkeep\n|turn|2\n|inactive|Jakaksksllwlwq has 30 seconds left.\n|inactive|DeShawn Banks has 30 seconds left.\n|inactive|DeShawn Banks has 20 seconds left.\n|\n|t:|1776263404\n|switch|p2b: Torkoal|Torkoal, L50, M, shiny|100/100\n|-weather|SunnyDay|[from] ability: Drought|[of] p2b: Torkoal\n|move|p1b: Froslass|Blizzard|p2b: Torkoal|[spread] p2a,p2b\n|-resisted|p2b: Torkoal|1\n|-damage|p2a: Farigiraf|41/100\n|-damage|p2b: Torkoal|70/100\n|move|p2a: Farigiraf|Psychic|p1b: Froslass\n|-damage|p1b: Froslass|62/100\n|move|p1a: Sinistcha|Trick Room|p1a: Sinistcha\n|-fieldstart|move: Trick Room|[of] p1a: Sinistcha\n|\n|-weather|SunnyDay|[upkeep]\n|-heal|p2a: Farigiraf|47/100|[from] item: Leftovers\n|-damage|p1a: Sinistcha|42/100 psn|[from] psn\n|upkeep\n|-enditem|p1a: Sinistcha|Sitrus Berry|[eat]\n|-heal|p1a: Sinistcha|66/100 psn|[from] item: Sitrus Berry\n|turn|3\n|inactive|Jakaksksllwlwq has 30 seconds left.\n|\n|t:|1776263437\n|move|p2a: Farigiraf|Helping Hand|p2b: Torkoal\n|-singleturn|p2b: Torkoal|Helping Hand|[of] p2a: Farigiraf\n|move|p2b: Torkoal|Eruption|p1b: Froslass|[spread] p1a,p1b\n|-supereffective|p1a: Sinistcha|1\n|-supereffective|p1b: Froslass|1\n|-damage|p1a: Sinistcha|0 fnt\n|-damage|p1b: Froslass|0 fnt\n|faint|p1a: Sinistcha\n|faint|p1b: Froslass\n|\n|-weather|SunnyDay|[upkeep]\n|-heal|p2a: Farigiraf|53/100|[from] item: Leftovers\n|upkeep\n|\n|t:|1776263442\n|switch|p1a: Sneasler|Sneasler, L50, F|100/100\n|switch|p1b: Aegislash|Aegislash, L50, M, shiny|100/100\n|turn|4\n|\n|t:|1776263463\n|move|p1b: Aegislash|King's Shield|p1b: Aegislash\n|-singleturn|p1b: Aegislash|Protect\n|move|p1a: Sneasler|Protect|p1a: Sneasler\n|-singleturn|p1a: Sneasler|Protect\n|move|p2b: Torkoal|Weather Ball|p1b: Aegislash\n|-activate|p1b: Aegislash|move: Protect\n|move|p2a: Farigiraf|Psychic|p1a: Sneasler\n|-activate|p1a: Sneasler|move: Protect\n|\n|-weather|SunnyDay|[upkeep]\n|-heal|p2a: Farigiraf|59/100|[from] item: Leftovers\n|upkeep\n|turn|5\n|\n|t:|1776263478\n|move|p2b: Torkoal|Eruption|p1b: Aegislash|[spread] p1a,p1b\n|-supereffective|p1b: Aegislash|1\n|-damage|p1a: Sneasler|16/100\n|-damage|p1b: Aegislash|0 fnt\n|faint|p1b: Aegislash\n|move|p2a: Farigiraf|Psychic|p1a: Sneasler\n|-supereffective|p1a: Sneasler|2\n|-damage|p1a: Sneasler|0 fnt\n|faint|p1a: Sneasler\n|\n|win|DeShawn Banks\n|raw|Jakaksksllwlwq's rating: 1073 &rarr; <strong>1048</strong><br />(-25 for losing)\n|raw|DeShawn Banks's rating: 1008 &rarr; <strong>1054</strong><br />(+46 for winning)\n|l|\u2606Jakaksksllwlwq\n|player|p1|\n",
  "uploadtime": 1776263490,
  "views": 21,
  "formatid": "gen9championsvgc2026regma",
  "rating": 1048,
  "private": 0,
  "password": null
}