{
  "id": "gen9championsvgc2026regma-2584178469",
  "format": "[Gen 9 Champions] VGC 2026 Reg M-A",
  "players": [
    "silralisk",
    "VicsGC"
  ],
  "log": "|j|\u2606silralisk\n|j|\u2606VicsGC\n|t:|1776234780\n|gametype|doubles\n|player|p1|silralisk|170|1442\n|player|p2|VicsGC|266|1507\n|gen|9\n|tier|[Gen 9 Champions] VGC 2026 Reg M-A\n|rated|\n|rule|Species Clause: Limit one of each Pok\u00e9mon\n|rule|Item Clause: Limit 1 of each item\n|clearpoke\n|poke|p1|Dragonite, L50, F|\n|poke|p1|Sableye, L50, M|\n|poke|p1|Basculegion, L50, M|\n|poke|p1|Sneasler, L50, F|\n|poke|p1|Archaludon, L50, F|\n|poke|p1|Volcarona, L50, F|\n|poke|p2|Froslass, L50, F|\n|poke|p2|Sinistcha, L50|\n|poke|p2|Incineroar, L50, M|\n|poke|p2|Primarina, L50, F|\n|poke|p2|Sneasler, L50, M|\n|poke|p2|Garchomp, L50, M|\n|teampreview|4\n|inactive|Battle timer is ON: inactive players will automatically lose when time's up. (requested by silralisk)\n|j| Crvstal_K!tty\n|inactive|silralisk has 60 seconds left.\n|inactive|VicsGC has 60 seconds left.\n|\n|t:|1776234835\n|teamsize|p1|4\n|teamsize|p2|4\n|start\n|switch|p1a: Sableye|Sableye, L50, M|100/100\n|switch|p1b: Basculegion|Basculegion, L50, M|100/100\n|switch|p2a: Incineroar|Incineroar, L50, M|100/100\n|switch|p2b: Froslass|Froslass, L50, F|100/100\n|-ability|p2a: Incineroar|Intimidate|boost\n|-unboost|p1a: Sableye|atk|1\n|-unboost|p1b: Basculegion|atk|1\n|turn|1\n|inactive|VicsGC has 30 seconds left.\n|\n|t:|1776234860\n|switch|p2b: Garchomp|Garchomp, L50, M|100/100\n|move|p1a: Sableye|Rain Dance|p1a: Sableye\n|-weather|RainDance\n|move|p1b: Basculegion|Flip Turn|p2a: Incineroar\n|-supereffective|p2a: Incineroar|1\n|-damage|p2a: Incineroar|29/100\n|-enditem|p2a: Incineroar|Sitrus Berry|[eat]\n|-heal|p2a: Incineroar|54/100|[from] item: Sitrus Berry\n|\n|t:|1776234871\n|switch|p1b: Archaludon|Archaludon, L50, F|100/100|[from] Flip Turn\n|move|p2a: Incineroar|Throat Chop|p1b: Archaludon\n|-damage|p1b: Archaludon|79/100\n|-start|p1b: Archaludon|Throat Chop|[silent]\n|\n|-weather|RainDance|[upkeep]\n|-heal|p1b: Archaludon|85/100|[from] item: Leftovers\n|upkeep\n|turn|2\n|inactive|VicsGC has 30 seconds left.\n|\n|t:|1776234899\n|switch|p2b: Primarina|Primarina, L50, F|100/100\n|move|p1b: Archaludon|Protect|p1b: Archaludon\n|-singleturn|p1b: Archaludon|Protect\n|move|p1a: Sableye|Will-O-Wisp|p2b: Primarina\n|-status|p2b: Primarina|brn\n|move|p2a: Incineroar|Parting Shot|p1b: Archaludon\n|-activate|p1b: Archaludon|move: Protect\n|\n|-weather|RainDance|[upkeep]\n|-heal|p1b: Archaludon|91/100|[from] item: Leftovers\n|-damage|p2b: Primarina|95/100 brn|[from] brn\n|-end|p1b: Archaludon|Throat Chop|[silent]\n|upkeep\n|turn|3\n|inactive|silralisk has 30 seconds left.\n|\n|t:|1776234924\n|move|p1a: Sableye|Will-O-Wisp|p2b: Primarina|[miss]\n|-miss|p1a: Sableye|p2b: Primarina\n|move|p1b: Archaludon|Electro Shot||[still]\n|-prepare|p1b: Archaludon|Electro Shot\n|-boost|p1b: Archaludon|spa|1\n|-anim|p1b: Archaludon|Electro Shot|p2b: Primarina\n|-supereffective|p2b: Primarina|1\n|-damage|p2b: Primarina|0 fnt\n|faint|p2b: Primarina\n|move|p2a: Incineroar|Parting Shot|p1b: Archaludon\n|-unboost|p1b: Archaludon|atk|1\n|-unboost|p1b: Archaludon|spa|1\n|\n|t:|1776234933\n|switch|p2a: Froslass|Froslass, L50, F|100/100|[from] Parting Shot\n|\n|-weather|RainDance|[upkeep]\n|-heal|p1b: Archaludon|97/100|[from] item: Leftovers\n|upkeep\n|\n|t:|1776234935\n|switch|p2b: Incineroar|Incineroar, L50, M|54/100\n|-ability|p2b: Incineroar|Intimidate|boost\n|-unboost|p1a: Sableye|atk|1\n|-unboost|p1b: Archaludon|atk|1\n|turn|4\n|\n|t:|1776234954\n|detailschange|p2a: Froslass|Froslass-Mega, L50, F\n|-mega|p2a: Froslass|Froslass|Froslassite\n|-weather|Snowscape|[from] ability: Snow Warning|[of] p2a: Froslass\n|move|p1b: Archaludon|Protect|p1b: Archaludon\n|-singleturn|p1b: Archaludon|Protect\n|move|p1a: Sableye|Rain Dance|p1a: Sableye\n|-weather|RainDance\n|move|p2a: Froslass|Blizzard|p1a: Sableye|[spread] p1a\n|-activate|p1b: Archaludon|move: Protect\n|-crit|p1a: Sableye\n|-damage|p1a: Sableye|16/100\n|move|p2b: Incineroar|Throat Chop|p1a: Sableye\n|-damage|p1a: Sableye|0 fnt\n|faint|p1a: Sableye\n|\n|-weather|RainDance|[upkeep]\n|-heal|p1b: Archaludon|100/100|[from] item: Leftovers\n|upkeep\n|\n|t:|1776234978\n|switch|p1a: Dragonite|Dragonite, L50, F|100/100\n|turn|5\n|\n|t:|1776234996\n|detailschange|p1a: Dragonite|Dragonite-Mega, L50, F\n|-mega|p1a: Dragonite|Dragonite|Dragoninite\n|move|p2a: Froslass|Blizzard|p1a: Dragonite|[spread] p1a\n|-miss|p2a: Froslass|p1b: Archaludon\n|-supereffective|p1a: Dragonite|2\n|-damage|p1a: Dragonite|27/100\n|move|p1a: Dragonite|Tailwind|p1a: Dragonite\n|-sidestart|p1: silralisk|move: Tailwind\n|move|p1b: Archaludon|Aura Sphere|p2b: Incineroar\n|-supereffective|p2b: Incineroar|1\n|-damage|p2b: Incineroar|12/100\n|move|p2b: Incineroar|Parting Shot|p1b: Archaludon\n|-unboost|p1b: Archaludon|atk|1\n|-unboost|p1b: Archaludon|spa|1\n|\n|t:|1776235011\n|switch|p2b: Garchomp|Garchomp, L50, M|100/100|[from] Parting Shot\n|\n|-weather|RainDance|[upkeep]\n|upkeep\n|turn|6\n|\n|t:|1776235030\n|move|p1a: Dragonite|Draco Meteor|p2b: Garchomp|[miss]\n|-miss|p1a: Dragonite|p2b: Garchomp\n|move|p1b: Archaludon|Flash Cannon|p2a: Froslass\n|-supereffective|p2a: Froslass|1\n|-damage|p2a: Froslass|40/100\n|move|p2a: Froslass|Blizzard|p1b: Archaludon|[spread] p1a\n|-miss|p2a: Froslass|p1b: Archaludon\n|-supereffective|p1a: Dragonite|2\n|-damage|p1a: Dragonite|0 fnt\n|faint|p1a: Dragonite\n|move|p2b: Garchomp|Stomping Tantrum|p1b: Archaludon\n|-supereffective|p1b: Archaludon|1\n|-damage|p1b: Archaludon|42/100\n|\n|-weather|RainDance|[upkeep]\n|-heal|p1b: Archaludon|48/100|[from] item: Leftovers\n|upkeep\n|\n|t:|1776235040\n|switch|p1a: Basculegion|Basculegion, L50, M|100/100\n|turn|7\n|\n|t:|1776235054\n|switch|p2a: Incineroar|Incineroar, L50, M|12/100\n|-ability|p2a: Incineroar|Intimidate|boost\n|-unboost|p1a: Basculegion|atk|1\n|-unboost|p1b: Archaludon|atk|1\n|move|p2b: Garchomp|Protect|p2b: Garchomp\n|-singleturn|p2b: Garchomp|Protect\n|move|p1a: Basculegion|Last Respects|p2b: Garchomp\n|-activate|p2b: Garchomp|move: Protect\n|move|p1b: Archaludon|Electro Shot||[still]\n|-prepare|p1b: Archaludon|Electro Shot\n|-boost|p1b: Archaludon|spa|1\n|-anim|p1b: Archaludon|Electro Shot|p2a: Incineroar\n|-damage|p2a: Incineroar|0 fnt\n|faint|p2a: Incineroar\n|\n|-weather|RainDance|[upkeep]\n|-heal|p1b: Archaludon|53/100|[from] item: Leftovers\n|upkeep\n|j| HazelA7X\n|\n|t:|1776235070\n|switch|p2a: Froslass|Froslass-Mega, L50, F|40/100\n|-weather|Snowscape|[from] ability: Snow Warning|[of] p2a: Froslass\n|turn|8\n|inactive|silralisk has 30 seconds left.\n|\n|t:|1776235097\n|move|p2a: Froslass|Protect|p2a: Froslass\n|-singleturn|p2a: Froslass|Protect\n|move|p1a: Basculegion|Last Respects|p2b: Garchomp\n|-damage|p2b: Garchomp|46/100\n|move|p1b: Archaludon|Flash Cannon|p2b: Garchomp\n|-damage|p2b: Garchomp|7/100\n|-unboost|p2b: Garchomp|spd|1\n|move|p2b: Garchomp|Earthquake|p1b: Archaludon|[spread] p1a,p1b\n|-activate|p2a: Froslass|move: Protect\n|-supereffective|p1b: Archaludon|1\n|-damage|p1a: Basculegion|55/100\n|-damage|p1b: Archaludon|0 fnt\n|faint|p1b: Archaludon\n|\n|-weather|Snowscape|[upkeep]\n|-sideend|p1: silralisk|move: Tailwind\n|upkeep\n|turn|9\n|inactive|VicsGC has 30 seconds left.\n|\n|t:|1776235123\n|move|p1a: Basculegion|Last Respects|p2a: Froslass\n|-supereffective|p2a: Froslass|1\n|-damage|p2a: Froslass|0 fnt\n|faint|p2a: Froslass\n|move|p2b: Garchomp|Earthquake|p1a: Basculegion\n|-crit|p1a: Basculegion\n|-damage|p1a: Basculegion|0 fnt\n|faint|p1a: Basculegion\n|\n|win|VicsGC\n|raw|silralisk's rating: 1442 &rarr; <strong>1426</strong><br />(-16 for losing)\n|raw|VicsGC's rating: 1507 &rarr; <strong>1523</strong><br />(+16 for winning)\n|l|\u2606silralisk\n|player|p1|\n|l| Crvstal_K!tty\n|l|\u2606VicsGC\n|player|p2|\n|j|\u2606VicsGC\n|player|p2|VicsGC|266|\n|l|\u2606VicsGC\n|player|p2|\n|l| HazelA7X\n",
  "uploadtime": 1776235700,
  "views": 45,
  "formatid": "gen9championsvgc2026regma",
  "rating": 1426,
  "private": 0,
  "password": null
}