{
  "id": "gen9championsvgc2026regma-2580962323",
  "format": "[Gen 9 Champions] VGC 2026 Reg M-A",
  "players": [
    "Mangotech",
    "Leadeon"
  ],
  "log": "|j|\u2606Mangotech\n|j|\u2606Leadeon\n|t:|1775947049\n|gametype|doubles\n|player|p1|Mangotech|bede|1016\n|player|p2|Leadeon|colress|1089\n|gen|9\n|tier|[Gen 9 Champions] VGC 2026 Reg M-A\n|rated|\n|rule|Species Clause: Limit one of each Pok\u00e9mon\n|rule|Item Clause: Limit 1 of each item\n|clearpoke\n|poke|p1|Meganium, L50, F|\n|poke|p1|Archaludon, L50, M|\n|poke|p1|Politoed, L50, F|\n|poke|p1|Basculegion-F, L50, F|\n|poke|p1|Incineroar, L50, M|\n|poke|p1|Gallade, L50, M|\n|poke|p2|Delphox, L50, F|\n|poke|p2|Whimsicott, L50, M|\n|poke|p2|Rotom-Wash, L50|\n|poke|p2|Sneasler, L50, F|\n|poke|p2|Garchomp, L50, F|\n|poke|p2|Kingambit, L50, F|\n|teampreview|4\n|j| Champ.Braeden\nLeadeon has agreed to open team sheets.\n|inactive|Battle timer is ON: inactive players will automatically lose when time's up. (requested by Leadeon)\n|inactive|Leadeon has 60 seconds left.\n|\n|t:|1775947147\n|teamsize|p1|4\n|teamsize|p2|4\n|start\n|switch|p1a: Meganium|Meganium, L50, F|100/100\n|switch|p1b: Politoed|Politoed, L50, F|100/100\n|switch|p2a: Garchomp|Garchomp, L50, F|100/100\n|switch|p2b: Rotom|Rotom-Wash, L50|100/100\n|-weather|RainDance|[from] ability: Drizzle|[of] p1b: Politoed\n|turn|1\n|inactive|Mangotech has 30 seconds left.\n|inactive|Leadeon has 30 seconds left.\n|inactive|Leadeon has 20 seconds left.\n|inactive|Leadeon has 15 seconds left.\n|inactive|Leadeon has 10 seconds left.\n|\n|t:|1775947197\n|detailschange|p1a: Meganium|Meganium-Mega, L50, F\n|-mega|p1a: Meganium|Meganium|Meganiumite\n|move|p2a: Garchomp|Protect|p2a: Garchomp\n|-singleturn|p2a: Garchomp|Protect\n|move|p2b: Rotom|Thunderbolt|p1b: Politoed\n|-supereffective|p1b: Politoed|1\n|-damage|p1b: Politoed|29/100\n|move|p1a: Meganium|Solar Beam||[still]\n|-prepare|p1a: Meganium|Solar Beam\n|-activate|p1a: Meganium|ability: Mega Sol\n|-anim|p1a: Meganium|Solar Beam|p2b: Rotom\n|-supereffective|p2b: Rotom|1\n|-damage|p2b: Rotom|0 fnt\n|faint|p2b: Rotom\n|move|p1b: Politoed|Icy Wind|p2a: Garchomp\n|-activate|p2a: Garchomp|move: Protect\n|\n|-weather|RainDance|[upkeep]\n|-heal|p1b: Politoed|36/100|[from] item: Leftovers\n|upkeep\n|\n|t:|1775947212\n|switch|p2b: Whimsicott|Whimsicott, L50, M|100/100\n|turn|2\n|inactive|Leadeon has 30 seconds left.\n|inactive|Leadeon has 20 seconds left.\n|inactive|Leadeon has 15 seconds left.\n|inactive|Leadeon has 10 seconds left.\n|\n|t:|1775947262\n|move|p2b: Whimsicott|Moonblast|p1a: Meganium\n|-damage|p1a: Meganium|65/100\n|move|p2a: Garchomp|Dragon Claw|p1b: Politoed\n|-damage|p1b: Politoed|0 fnt\n|faint|p1b: Politoed\n|move|p1a: Meganium|Weather Ball|p2b: Whimsicott\n|-supereffective|p2b: Whimsicott|1\n|-enditem|p2b: Whimsicott|Focus Sash\n|-damage|p2b: Whimsicott|1/100\n|\n|-weather|RainDance|[upkeep]\n|upkeep\n|inactive|Mangotech has 30 seconds left.\n|\n|t:|1775947295\n|switch|p1b: Basculegion|Basculegion-F, L50, F|100/100\n|turn|3\n|inactive|Leadeon has 30 seconds left.\n|inactive|Leadeon has 20 seconds left.\n|inactive|Leadeon has 15 seconds left.\n|inactive|Leadeon has 10 seconds left.\n|\n|t:|1775947343\n|move|p2b: Whimsicott|Sunny Day|p2b: Whimsicott\n|-weather|SunnyDay\n|move|p2a: Garchomp|Earthquake|p1b: Basculegion|[spread] p2b,p1a,p1b\n|-resisted|p2b: Whimsicott|1\n|-resisted|p1a: Meganium|1\n|-damage|p2b: Whimsicott|0 fnt\n|-damage|p1a: Meganium|50/100\n|-damage|p1b: Basculegion|51/100\n|faint|p2b: Whimsicott\n|move|p1b: Basculegion|Shadow Ball|p2a: Garchomp\n|-damage|p2a: Garchomp|67/100\n|move|p1a: Meganium|Dazzling Gleam|p2a: Garchomp\n|-supereffective|p2a: Garchomp|1\n|-damage|p2a: Garchomp|0 fnt\n|faint|p2a: Garchomp\n|\n|-weather|SunnyDay|[upkeep]\n|upkeep\n|\n|t:|1775947355\n|switch|p2a: Delphox|Delphox, L50, F|100/100\n|turn|4\n|inactive|Mangotech has 30 seconds left.\n|\n|t:|1775947387\n|detailschange|p2a: Delphox|Delphox-Mega, L50, F\n|-mega|p2a: Delphox|Delphox|Delphoxite\n|move|p1a: Meganium|Protect|p1a: Meganium\n|-singleturn|p1a: Meganium|Protect\n|move|p2a: Delphox|Psychic|p1b: Basculegion\n|-damage|p1b: Basculegion|0 fnt\n|faint|p1b: Basculegion\n|\n|-weather|SunnyDay|[upkeep]\n|upkeep\n|\n|t:|1775947397\n|switch|p1b: Archaludon|Archaludon, L50, M|100/100\n|turn|5\n|\n|t:|1775947409\n|move|p2a: Delphox|Heat Wave|p1b: Archaludon|[spread] p1a\n|-miss|p2a: Delphox|p1b: Archaludon\n|-supereffective|p1a: Meganium|1\n|-damage|p1a: Meganium|0 fnt\n|faint|p1a: Meganium\n|move|p1b: Archaludon|Draco Meteor|p2a: Delphox\n|-damage|p2a: Delphox|40/100\n|-unboost|p1b: Archaludon|spa|2\n|-enditem|p1b: Archaludon|White Herb\n|-clearnegativeboost|p1b: Archaludon|[silent]\n|\n|-weather|SunnyDay|[upkeep]\n|upkeep\n|turn|6\n|\n|t:|1775947426\n|move|p2a: Delphox|Heat Wave|p1b: Archaludon\n|-damage|p1b: Archaludon|0 fnt\n|faint|p1b: Archaludon\n|\n|win|Leadeon\n|raw|Mangotech's rating: 1016 &rarr; <strong>1006</strong><br />(-10 for losing)\n|raw|Leadeon's rating: 1089 &rarr; <strong>1110</strong><br />(+21 for winning)\n|l|\u2606Mangotech\n|player|p1|\n|l| Champ.Braeden\n",
  "uploadtime": 1775947480,
  "views": 12,
  "formatid": "gen9championsvgc2026regma",
  "rating": 1006,
  "private": 0,
  "password": null
}