{
  "id": "gen9championsvgc2026regma-2581846754",
  "format": "[Gen 9 Champions] VGC 2026 Reg M-A",
  "players": [
    "Teik",
    "samumb18"
  ],
  "log": "|j|\u2606Teik\n|j|\u203dsamumb18\n|t:|1776033284\n|gametype|doubles\n|player|p1|Teik|byron|1341\n|player|p2|samumb18|169|1411\n|gen|9\n|tier|[Gen 9 Champions] VGC 2026 Reg M-A\n|rated|\n|rule|Species Clause: Limit one of each Pok\u00e9mon\n|rule|Item Clause: Limit 1 of each item\n|clearpoke\n|poke|p1|Aggron, L50, F|\n|poke|p1|Pelipper, L50, M|\n|poke|p1|Decidueye-Hisui, L50, F|\n|poke|p1|Farigiraf, L50, M|\n|poke|p1|Bellibolt, L50, M|\n|poke|p1|Spiritomb, L50, M|\n|poke|p2|Froslass, L50, F|\n|poke|p2|Kingambit, L50, M|\n|poke|p2|Garchomp, L50, F|\n|poke|p2|Sneasler, L50, M|\n|poke|p2|Milotic, L50, M|\n|poke|p2|Rotom-Wash, L50|\n|teampreview|4\n|inactive|Battle timer is ON: inactive players will automatically lose when time's up. (requested by samumb18)\nsamumb18 rejected open team sheets.\n|inactive|Teik has 60 seconds left.\n|\n|t:|1776033331\n|teamsize|p1|4\n|teamsize|p2|4\n|start\n|switch|p1a: capucho|Farigiraf, L50, M|100/100\n|switch|p1b: Zapote|Pelipper, L50, M|100/100\n|switch|p2a: Froslass|Froslass, L50, F|100/100\n|switch|p2b: Kingambit|Kingambit, L50, M|100/100\n|-weather|RainDance|[from] ability: Drizzle|[of] p1b: Zapote\n|turn|1\n|inactive|Teik has 30 seconds left.\n|inactive|Teik has 20 seconds left.\n|inactive|Teik has 15 seconds left.\n|inactive|Teik has 10 seconds left.\n|inactive|Teik has 5 seconds left.\n|\n|t:|1776033383\n|detailschange|p2a: Froslass|Froslass-Mega, L50, F\n|-mega|p2a: Froslass|Froslass|Froslassite\n|-weather|Snowscape|[from] ability: Snow Warning|[of] p2a: Froslass\n|move|p1a: capucho|Protect|p1a: capucho\n|-singleturn|p1a: capucho|Protect\n|move|p2a: Froslass|Blizzard|p1a: capucho|[spread] p1b\n|-activate|p1a: capucho|move: Protect\n|-damage|p1b: Zapote|41/100\n|-enditem|p1b: Zapote|Sitrus Berry|[eat]\n|-heal|p1b: Zapote|65/100|[from] item: Sitrus Berry\n|move|p1b: Zapote|Weather Ball|p2b: Kingambit\n|-resisted|p2b: Kingambit|1\n|-damage|p2b: Kingambit|90/100\n|move|p2b: Kingambit|Kowtow Cleave|p1a: capucho\n|-activate|p1a: capucho|move: Protect\n|\n|-weather|Snowscape|[upkeep]\n|upkeep\n|turn|2\n|\n|t:|1776033401\n|switch|p1a: Ronin|Decidueye-Hisui, L50, F|100/100\n|move|p2a: Froslass|Protect|p2a: Froslass\n|-singleturn|p2a: Froslass|Protect\n|move|p1b: Zapote|Wide Guard|p1b: Zapote\n|-singleturn|p1b: Zapote|Wide Guard\n|move|p2b: Kingambit|Kowtow Cleave|p1a: Ronin\n|-resisted|p1a: Ronin|1\n|-damage|p1a: Ronin|72/100\n|\n|-weather|Snowscape|[upkeep]\n|upkeep\n|turn|3\n|inactive|samumb18 has 30 seconds left.\n|inactive|Teik has 30 seconds left.\n|inactive|Teik has 20 seconds left.\n|\n|t:|1776033452\n|switch|p2b: Garchomp|Garchomp, L50, F|100/100\n|move|p1b: Zapote|Wide Guard|p1b: Zapote\n|-singleturn|p1b: Zapote|Wide Guard\n|move|p2a: Froslass|Blizzard|p1b: Zapote|[spread] \n|-activate|p1a: Ronin|move: Wide Guard\n|-activate|p1b: Zapote|move: Wide Guard\n|move|p1a: Ronin|Triple Arrows|p2a: Froslass\n|-supereffective|p2a: Froslass|1\n|-damage|p2a: Froslass|0 fnt\n|faint|p2a: Froslass\n|\n|-weather|Snowscape|[upkeep]\n|upkeep\n|\n|t:|1776033472\n|switch|p2a: Milotic|Milotic, L50, M|100/100\n|turn|4\n|\n|t:|1776033484\n|move|p1a: Ronin|Protect|p1a: Ronin\n|-singleturn|p1a: Ronin|Protect\n|move|p2b: Garchomp|Dragon Claw|p1a: Ronin\n|-activate|p1a: Ronin|move: Protect\n|move|p2a: Milotic|Scald|p1b: Zapote\n|-resisted|p1b: Zapote|1\n|-damage|p1b: Zapote|43/100\n|move|p1b: Zapote|Weather Ball|p2b: Garchomp\n|-supereffective|p2b: Garchomp|2\n|-damage|p2b: Garchomp|0 fnt\n|faint|p2b: Garchomp\n|\n|-weather|Snowscape|[upkeep]\n|upkeep\n|\n|t:|1776033495\n|switch|p2b: Kingambit|Kingambit, L50, M|90/100\n|turn|5\n|\n|t:|1776033508\n|move|p2b: Kingambit|Protect|p2b: Kingambit\n|-singleturn|p2b: Kingambit|Protect\n|move|p1b: Zapote|Wide Guard|p1b: Zapote\n|-singleturn|p1b: Zapote|Wide Guard\n|move|p2a: Milotic|Blizzard|p1a: Ronin|[spread] \n|-activate|p1a: Ronin|move: Wide Guard\n|-activate|p1b: Zapote|move: Wide Guard\n|move|p1a: Ronin|Triple Arrows|p2b: Kingambit\n|-activate|p2b: Kingambit|move: Protect\n|\n|-weather|none\n|upkeep\n|turn|6\n|inactive|samumb18 has 30 seconds left.\n|\n|t:|1776033534\n|switch|p1b: capucho|Farigiraf, L50, M|100/100\n|move|p2a: Milotic|Scald|p1b: capucho\n|-damage|p1b: capucho|75/100\n|move|p1a: Ronin|Triple Arrows|p2b: Kingambit\n|-supereffective|p2b: Kingambit|2\n|-damage|p2b: Kingambit|0 fnt\n|faint|p2b: Kingambit\n|\n|upkeep\n|turn|7\n|-message|samumb18 forfeited.\n|\n|win|Teik\n|raw|Teik's rating: 1341 &rarr; <strong>1365</strong><br />(+24 for winning)\n|raw|samumb18's rating: 1411 &rarr; <strong>1387</strong><br />(-24 for losing)\n|l|\u203dsamumb18\n|player|p2|\n|l|\u2606Teik\n|player|p1|\n",
  "uploadtime": 1776033555,
  "views": 44,
  "formatid": "gen9championsvgc2026regma",
  "rating": 1365,
  "private": 0,
  "password": null
}