{
  "id": "gen9championsvgc2026regma-2581169866",
  "format": "[Gen 9 Champions] VGC 2026 Reg M-A",
  "players": [
    "vlxs",
    "dkapflzksh"
  ],
  "log": "|j|\u2606vlxs\n|j|\u2606dkapflzksh\n|t:|1775966711\n|gametype|doubles\n|player|p1|vlxs|volkner|1000\n|player|p2|dkapflzksh|thorton|1065\n|gen|9\n|tier|[Gen 9 Champions] VGC 2026 Reg M-A\n|rated|\n|rule|Species Clause: Limit one of each Pok\u00e9mon\n|rule|Item Clause: Limit 1 of each item\n|clearpoke\n|poke|p1|Altaria, L50, F|\n|poke|p1|Farigiraf, L50, F|\n|poke|p1|Incineroar, L50, M|\n|poke|p1|Kingambit, L50, M|\n|poke|p1|Sneasler, L50, F|\n|poke|p1|Rotom-Wash, L50|\n|poke|p2|Pelipper, L50, M|\n|poke|p2|Basculegion, L50, M|\n|poke|p2|Dragonite, L50, M|\n|poke|p2|Archaludon, L50, M|\n|poke|p2|Sableye, L50, F|\n|poke|p2|Incineroar, L50, F|\n|teampreview|4\n|\n|t:|1775966751\n|teamsize|p1|4\n|teamsize|p2|4\n|start\n|switch|p1a: Farigiraf|Farigiraf, L50, F|100/100\n|switch|p1b: Altaria|Altaria, L50, F|100/100\n|switch|p2a: Sableye|Sableye, L50, F|100/100\n|switch|p2b: Basculegion|Basculegion, L50, M, shiny|100/100\n|turn|1\n|\n|t:|1775966777\n|detailschange|p1b: Altaria|Altaria-Mega, L50, F\n|-mega|p1b: Altaria|Altaria|Altarianite\n|move|p2a: Sableye|Light Screen|p2a: Sableye\n|-sidestart|p2: dkapflzksh|move: Light Screen\n|move|p2b: Basculegion|Flip Turn|p1a: Farigiraf\n|-damage|p1a: Farigiraf|73/100\n|\n|t:|1775966783\n|switch|p2b: Incineroar|Incineroar, L50, F|100/100|[from] Flip Turn\n|-ability|p2b: Incineroar|Intimidate|boost\n|-unboost|p1a: Farigiraf|atk|1\n|-unboost|p1b: Altaria|atk|1\n|move|p1b: Altaria|Hyper Voice|p2b: Incineroar|[spread] p2a,p2b\n|-supereffective|p2a: Sableye|1\n|-damage|p2a: Sableye|32/100\n|-damage|p2b: Incineroar|77/100\n|move|p1a: Farigiraf|Trick Room|p1a: Farigiraf\n|-fieldstart|move: Trick Room|[of] p1a: Farigiraf\n|\n|upkeep\n|turn|2\n|\n|t:|1775966810\n|switch|p2a: Archaludon|Archaludon, L50, M, shiny|100/100\n|switch|p1a: Rotom|Rotom-Wash, L50|100/100\n|move|p2b: Incineroar|Throat Chop|p1b: Altaria\n|-resisted|p1b: Altaria|1\n|-damage|p1b: Altaria|87/100\n|-start|p1b: Altaria|Throat Chop|[silent]\n|cant|p1b: Altaria|move: Throat Chop\n|\n|upkeep\n|turn|3\n|\n|t:|1775966829\n|move|p2b: Incineroar|Parting Shot|p1a: Rotom\n|-unboost|p1a: Rotom|atk|1\n|-unboost|p1a: Rotom|spa|1\n|\n|t:|1775966835\n|switch|p2b: Basculegion|Basculegion, L50, M, shiny|100/100|[from] Parting Shot\n|move|p1b: Altaria|Fire Blast|p2a: Archaludon\n|-damage|p2a: Archaludon|76/100\n|-ability|p2a: Archaludon|Stamina|boost\n|-boost|p2a: Archaludon|def|1\n|move|p1a: Rotom|Hydro Pump|p2b: Basculegion\n|-resisted|p2b: Basculegion|1\n|-damage|p2b: Basculegion|88/100\n|move|p2a: Archaludon|Dragon Pulse|p1b: Altaria\n|-immune|p1b: Altaria\n|\n|-heal|p2a: Archaludon|82/100|[from] item: Leftovers\n|-end|p1b: Altaria|Throat Chop|[silent]\n|upkeep\n|turn|4\n|\n|t:|1775966866\n|switch|p2b: Incineroar|Incineroar, L50, F|77/100\n|-ability|p2b: Incineroar|Intimidate|boost\n|-unboost|p1a: Rotom|atk|1\n|-unboost|p1b: Altaria|atk|1\n|move|p2a: Archaludon|Protect|p2a: Archaludon\n|-singleturn|p2a: Archaludon|Protect\n|move|p1b: Altaria|Hyper Voice|p2b: Incineroar|[spread] p2b\n|-activate|p2a: Archaludon|move: Protect\n|-damage|p2b: Incineroar|56/100\n|move|p1a: Rotom|Thunderbolt|p2b: Incineroar\n|-damage|p2b: Incineroar|41/100\n|\n|-heal|p2a: Archaludon|89/100|[from] item: Leftovers\n|upkeep\n|turn|5\n|\n|t:|1775966901\n|move|p2b: Incineroar|Throat Chop|p1b: Altaria\n|-resisted|p1b: Altaria|1\n|-crit|p1b: Altaria\n|-damage|p1b: Altaria|65/100\n|-start|p1b: Altaria|Throat Chop|[silent]\n|cant|p1b: Altaria|move: Throat Chop\n|move|p1a: Rotom|Thunderbolt|p2b: Incineroar\n|-crit|p2b: Incineroar\n|-damage|p2b: Incineroar|0 fnt\n|faint|p2b: Incineroar\n|move|p2a: Archaludon|Aura Sphere|p1a: Rotom\n|-crit|p1a: Rotom\n|-damage|p1a: Rotom|57/100\n|\n|-heal|p1a: Rotom|62/100|[from] item: Leftovers\n|-heal|p2a: Archaludon|95/100|[from] item: Leftovers\n|-sideend|p2: dkapflzksh|move: Light Screen\n|-fieldend|move: Trick Room\n|upkeep\n|l|\u2606vlxs\n|player|p1|\n|\n|t:|1775966914\n|switch|p2b: Sableye|Sableye, L50, F|32/100\n|turn|6\n|j|\u2606vlxs\n|player|p1|vlxs|volkner|\n|\n|t:|1775966930\n|move|p2b: Sableye|Rain Dance|p2b: Sableye\n|-weather|RainDance\n|move|p2a: Archaludon|Electro Shot||[still]\n|-prepare|p2a: Archaludon|Electro Shot\n|-boost|p2a: Archaludon|spa|1\n|-anim|p2a: Archaludon|Electro Shot|p1a: Rotom\n|-damage|p1a: Rotom|0 fnt\n|faint|p1a: Rotom\n|move|p1b: Altaria|Fire Blast|p2a: Archaludon\n|-damage|p2a: Archaludon|78/100\n|-ability|p2a: Archaludon|Stamina|boost\n|-boost|p2a: Archaludon|def|1\n|\n|-weather|RainDance|[upkeep]\n|-heal|p2a: Archaludon|84/100|[from] item: Leftovers\n|-end|p1b: Altaria|Throat Chop|[silent]\n|upkeep\n|\n|t:|1775966938\n|switch|p1a: Kingambit|Kingambit, L50, M|100/100\n|turn|7\n|\n|t:|1775966955\n|move|p2b: Sableye|Encore|p1b: Altaria\n|-start|p1b: Altaria|Encore\n|move|p2a: Archaludon|Aura Sphere|p1a: Kingambit\n|-supereffective|p1a: Kingambit|2\n|-damage|p1a: Kingambit|0 fnt\n|faint|p1a: Kingambit\n|move|p1b: Altaria|Fire Blast|p2b: Sableye\n|-damage|p2b: Sableye|10/100\n|\n|-weather|RainDance|[upkeep]\n|-heal|p2a: Archaludon|90/100|[from] item: Leftovers\n|upkeep\n|\n|t:|1775966963\n|switch|p1a: Farigiraf|Farigiraf, L50, F|73/100\n|turn|8\n|\n|t:|1775966981\n|move|p2b: Sableye|Light Screen|p2b: Sableye\n|-sidestart|p2: dkapflzksh|move: Light Screen\n|move|p2a: Archaludon|Electro Shot||[still]\n|-prepare|p2a: Archaludon|Electro Shot\n|-boost|p2a: Archaludon|spa|1\n|-anim|p2a: Archaludon|Electro Shot|p1a: Farigiraf\n|-damage|p1a: Farigiraf|9/100\n|move|p1b: Altaria|Fire Blast|p2a: Archaludon\n|-damage|p2a: Archaludon|77/100\n|-ability|p2a: Archaludon|Stamina|boost\n|-boost|p2a: Archaludon|def|1\n|move|p1a: Farigiraf|Psychic Noise|p2a: Archaludon\n|-resisted|p2a: Archaludon|1\n|-damage|p2a: Archaludon|68/100\n|-start|p2a: Archaludon|move: Heal Block\n|-ability|p2a: Archaludon|Stamina|boost\n|-boost|p2a: Archaludon|def|1\n|\n|-weather|RainDance|[upkeep]\n|upkeep\n|turn|9\n|\n|t:|1775967011\n|move|p2b: Sableye|Rain Dance||[still]\n|-fail|p2b: Sableye\n|move|p2a: Archaludon|Electro Shot||[still]\n|-prepare|p2a: Archaludon|Electro Shot\n|-boost|p2a: Archaludon|spa|1\n|-anim|p2a: Archaludon|Electro Shot|p1a: Farigiraf\n|-damage|p1a: Farigiraf|0 fnt\n|faint|p1a: Farigiraf\n|move|p1b: Altaria|Fire Blast|p2a: Archaludon\n|-damage|p2a: Archaludon|55/100\n|-ability|p2a: Archaludon|Stamina|boost\n|-boost|p2a: Archaludon|def|1\n|\n|-weather|RainDance|[upkeep]\n|-end|p1b: Altaria|Encore\n|-end|p2a: Archaludon|move: Heal Block\n|upkeep\n|turn|10\n|\n|t:|1775967029\n|move|p2b: Sableye|Encore|p1b: Altaria\n|-start|p1b: Altaria|Encore\n|move|p2a: Archaludon|Electro Shot||[still]\n|-prepare|p2a: Archaludon|Electro Shot\n|-boost|p2a: Archaludon|spa|1\n|-anim|p2a: Archaludon|Electro Shot|p1b: Altaria\n|-resisted|p1b: Altaria|1\n|-damage|p1b: Altaria|6/100\n|move|p1b: Altaria|Fire Blast|p2a: Archaludon\n|-damage|p2a: Archaludon|42/100\n|-ability|p2a: Archaludon|Stamina|boost\n|-boost|p2a: Archaludon|def|1\n|\n|-weather|none\n|-heal|p2a: Archaludon|48/100|[from] item: Leftovers\n|upkeep\n|turn|11\n|\n|t:|1775967042\n|move|p2b: Sableye|Rain Dance|p2b: Sableye\n|-weather|RainDance\n|move|p2a: Archaludon|Electro Shot||[still]\n|-prepare|p2a: Archaludon|Electro Shot\n|-boost|p2a: Archaludon|spa|1\n|-anim|p2a: Archaludon|Electro Shot|p1b: Altaria\n|-resisted|p1b: Altaria|1\n|-damage|p1b: Altaria|0 fnt\n|faint|p1b: Altaria\n|\n|win|dkapflzksh\n|raw|vlxs's rating: 1000 &rarr; <strong>1000</strong><br />(+0 for losing)\n|raw|dkapflzksh's rating: 1065 &rarr; <strong>1090</strong><br />(+25 for winning)\n",
  "uploadtime": 1775967042,
  "views": 12,
  "formatid": "gen9championsvgc2026regma",
  "rating": 1000,
  "private": 0,
  "password": null
}