{
  "id": "gen9championsvgc2026regma-2584296270",
  "format": "[Gen 9 Champions] VGC 2026 Reg M-A",
  "players": [
    "PetersonXD",
    "Bokugyo"
  ],
  "log": "|j|\u2606PetersonXD\n|j|\u2606Bokugyo\n|t:|1776248333\n|gametype|doubles\n|player|p1|PetersonXD|102|1008\n|player|p2|Bokugyo|waitress|1000\n|gen|9\n|tier|[Gen 9 Champions] VGC 2026 Reg M-A\n|rated|\n|rule|Species Clause: Limit one of each Pok\u00e9mon\n|rule|Item Clause: Limit 1 of each item\n|clearpoke\n|poke|p1|Sneasler, L50, F|\n|poke|p1|Garchomp, L50, F|\n|poke|p1|Kingambit, L50, F|\n|poke|p1|Maushold, L50|\n|poke|p1|Aerodactyl, L50, M|\n|poke|p1|Charizard, L50, F|\n|poke|p2|Incineroar, L50, F|\n|poke|p2|Kangaskhan, L50, F|\n|poke|p2|Primarina, L50, M|\n|poke|p2|Hatterene, L50, F|\n|poke|p2|Gliscor, L50, M|\n|poke|p2|Corviknight, L50, M|\n|teampreview|4\nBokugyo rejected open team sheets.\n|\n|t:|1776248357\n|teamsize|p1|4\n|teamsize|p2|4\n|start\n|switch|p1a: Sneasler|Sneasler, L50, F|100/100\n|switch|p1b: Kingambit|Kingambit, L50, F|100/100\n|switch|p2a: Primarina|Primarina, L50, M|100/100\n|switch|p2b: Hatterene|Hatterene, L50, F|100/100\n|turn|1\n|\n|t:|1776248373\n|move|p1a: Sneasler|Fake Out|p2b: Hatterene\n|-damage|p2b: Hatterene|82/100\n|move|p2a: Primarina|Misty Terrain|p2a: Primarina\n|-fieldstart|move: Misty Terrain\n|move|p1b: Kingambit|Kowtow Cleave|p2b: Hatterene\n|-damage|p2b: Hatterene|5/100\n|cant|p2b: Hatterene|flinch\n|\n|upkeep\n|turn|2\n|\n|t:|1776248389\n|switch|p2b: Corviknight|Corviknight, L50, M|100/100\n|move|p1b: Kingambit|Sucker Punch||[still]\n|-fail|p1b: Kingambit\n|move|p1a: Sneasler|Dire Claw|p2a: Primarina\n|-supereffective|p2a: Primarina|1\n|-damage|p2a: Primarina|4/100\n|move|p2a: Primarina|Life Dew||[still]|[spread] p2a,p2b\n|-heal|p2a: Primarina|29/100\n|-fail|p2b: Corviknight|heal\n|\n|upkeep\n|turn|3\n|\n|t:|1776248410\n|move|p2a: Primarina|Protect|p2a: Primarina\n|-singleturn|p2a: Primarina|Protect\n|move|p1a: Sneasler|Dire Claw|p2a: Primarina\n|-activate|p2a: Primarina|move: Protect\n|move|p2b: Corviknight|Body Press|p1b: Kingambit\n|-supereffective|p1b: Kingambit|2\n|-damage|p1b: Kingambit|25/100\n|move|p1b: Kingambit|Kowtow Cleave|p2b: Corviknight\n|-damage|p2b: Corviknight|61/100\n|\n|-heal|p2b: Corviknight|67/100|[from] item: Leftovers\n|upkeep\n|turn|4\n|\n|t:|1776248432\n|move|p1b: Kingambit|Sucker Punch|p2b: Corviknight\n|-damage|p2b: Corviknight|36/100\n|move|p1a: Sneasler|Dire Claw|p2a: Primarina\n|-supereffective|p2a: Primarina|1\n|-crit|p2a: Primarina\n|-damage|p2a: Primarina|0 fnt\n|faint|p2a: Primarina\n|move|p2b: Corviknight|Body Press|p1b: Kingambit\n|-supereffective|p1b: Kingambit|2\n|-damage|p1b: Kingambit|0 fnt\n|faint|p1b: Kingambit\n|\n|-heal|p2b: Corviknight|42/100|[from] item: Leftovers\n|upkeep\n|\n|t:|1776248449\n|switch|p2a: Big Mom|Kangaskhan, L50, F|100/100\n|switch|p1b: Garchomp|Garchomp, L50, F|100/100\n|turn|5\n|\n|t:|1776248465\n|detailschange|p2a: Big Mom|Kangaskhan-Mega, L50, F\n|-mega|p2a: Big Mom|Kangaskhan|Kangaskhanite\n|move|p2b: Corviknight|Protect|p2b: Corviknight\n|-singleturn|p2b: Corviknight|Protect\n|move|p1b: Garchomp|Rock Slide|p2b: Corviknight|[spread] p2a\n|-activate|p2b: Corviknight|move: Protect\n|-damage|p2a: Big Mom|84/100\n|move|p1a: Sneasler|Close Combat|p2a: Big Mom\n|-supereffective|p2a: Big Mom|1\n|-damage|p2a: Big Mom|0 fnt\n|-unboost|p1a: Sneasler|def|1\n|-unboost|p1a: Sneasler|spd|1\n|faint|p2a: Big Mom\n|\n|-heal|p2b: Corviknight|48/100|[from] item: Leftovers\n|-fieldend|Misty Terrain\n|upkeep\n|-message|Bokugyo forfeited.\n|\n|win|PetersonXD\n|raw|PetersonXD's rating: 1008 &rarr; <strong>1046</strong><br />(+38 for winning)\n|raw|Bokugyo's rating: 1000 &rarr; <strong>1000</strong><br />(+0 for losing)\n|l|\u2606Bokugyo\n|player|p2|\n",
  "uploadtime": 1776248485,
  "views": 24,
  "formatid": "gen9championsvgc2026regma",
  "rating": 1000,
  "private": 0,
  "password": null
}