{
  "id": "gen9championsvgc2026regma-2584423579",
  "format": "[Gen 9 Champions] VGC 2026 Reg M-A",
  "players": [
    "Jah_08",
    "Bebxi"
  ],
  "log": "|j|\u2606Jah_08\n|j|\u2606Bebxi\n|t:|1776259848\n|gametype|doubles\n|player|p1|Jah_08|alder|1295\n|player|p2|Bebxi|1|1380\n|gen|9\n|tier|[Gen 9 Champions] VGC 2026 Reg M-A\n|rated|\n|rule|Species Clause: Limit one of each Pok\u00e9mon\n|rule|Item Clause: Limit 1 of each item\n|clearpoke\n|poke|p1|Excadrill, L50, M|\n|poke|p1|Whimsicott, L50, M|\n|poke|p1|Chandelure, L50, M|\n|poke|p1|Zoroark-Hisui, L50, M|\n|poke|p1|Basculegion, L50, M|\n|poke|p1|Hydreigon, L50, M|\n|poke|p2|Sneasler, L50, M|\n|poke|p2|Tyranitar, L50, F|\n|poke|p2|Rotom-Wash, L50|\n|poke|p2|Excadrill, L50, M|\n|poke|p2|Dragapult, L50, M|\n|poke|p2|Meganium, L50, M|\n|teampreview|4\n|inactive|Battle timer is ON: inactive players will automatically lose when time's up. (requested by Bebxi)\n|inactive|Jah_08 has 60 seconds left.\n|\n|t:|1776259909\n|teamsize|p1|4\n|teamsize|p2|4\n|start\n|switch|p1a: Basculegion|Basculegion, L50, M|100/100\n|switch|p1b: Whimsicott|Whimsicott, L50, M, shiny|100/100\n|switch|p2a: Tyranitar|Tyranitar, L50, F|100/100\n|switch|p2b: Rotom|Rotom-Wash, L50|100/100\n|-weather|Sandstorm|[from] ability: Sand Stream|[of] p2a: Tyranitar\n|turn|1\n|inactive|Bebxi has 30 seconds left.\n|\n|t:|1776259941\n|switch|p2a: Meganium|Meganium, L50, M|100/100\n|move|p1a: Basculegion|Flip Turn|p2a: Meganium\n|-resisted|p2a: Meganium|1\n|-damage|p2a: Meganium|85/100\n|\n|t:|1776259947\n|switch|p1a: Excadrill|Excadrill, L50, M|100/100|[from] Flip Turn\n|move|p1b: Whimsicott|Moonblast|p2a: Meganium\n|-damage|p2a: Meganium|54/100\n|move|p2b: Rotom|Thunderbolt|p1a: Excadrill\n|-damage|p1a: Excadrill|25/100\n|replace|p1a: Zoroark|Zoroark-Hisui, L50, M\n|-end|p1a: Zoroark|Illusion\n|\n|-weather|Sandstorm|[upkeep]\n|-damage|p1a: Zoroark|19/100|[from] Sandstorm\n|-damage|p1b: Whimsicott|95/100|[from] Sandstorm\n|-damage|p2b: Rotom|95/100|[from] Sandstorm\n|-damage|p2a: Meganium|48/100|[from] Sandstorm\n|upkeep\n|turn|2\n|inactive|Bebxi has 30 seconds left.\n|\n|t:|1776259980\n|detailschange|p2a: Meganium|Meganium-Mega, L50, M\n|-mega|p2a: Meganium|Meganium|Meganiumite\n|move|p1a: Zoroark|Sludge Bomb|p2a: Meganium\n|-supereffective|p2a: Meganium|2\n|-damage|p2a: Meganium|0 fnt\n|faint|p2a: Meganium\n|move|p1b: Whimsicott|Moonblast|p2b: Rotom\n|-damage|p2b: Rotom|62/100\n|-unboost|p2b: Rotom|spa|1\n|move|p2b: Rotom|Hydro Pump|p1a: Zoroark\n|-damage|p1a: Zoroark|0 fnt\n|faint|p1a: Zoroark\n|\n|-weather|Sandstorm|[upkeep]\n|-damage|p1b: Whimsicott|89/100|[from] Sandstorm\n|-damage|p2b: Rotom|56/100|[from] Sandstorm\n|upkeep\n|\n|t:|1776259999\n|switch|p1a: Excadrill|Excadrill, L50, M|100/100\n|switch|p2a: Excadrill|Excadrill, L50, M|100/100\n|-ability|p1a: Excadrill|Mold Breaker\n|turn|3\n|\n|t:|1776260013\n|move|p1b: Whimsicott|Protect|p1b: Whimsicott\n|-singleturn|p1b: Whimsicott|Protect\n|move|p2a: Excadrill|Iron Head|p1b: Whimsicott\n|-activate|p1b: Whimsicott|move: Protect\n|move|p1a: Excadrill|High Horsepower|p2b: Rotom\n|-supereffective|p2b: Rotom|1\n|-damage|p2b: Rotom|0 fnt\n|faint|p2b: Rotom\n|\n|-weather|Sandstorm|[upkeep]\n|-damage|p1b: Whimsicott|83/100|[from] Sandstorm\n|upkeep\n|\n|t:|1776260029\n|switch|p2b: Tyranitar|Tyranitar, L50, F|100/100\n|turn|4\n|\n|t:|1776260044\n|move|p1b: Whimsicott|Tailwind|p1b: Whimsicott\n|-sidestart|p1: Jah_08|move: Tailwind\n|move|p1a: Excadrill|High Horsepower|p2a: Excadrill\n|-supereffective|p2a: Excadrill|1\n|-enditem|p2a: Excadrill|Focus Sash\n|-damage|p2a: Excadrill|1/100\n|move|p2a: Excadrill|Iron Head|p1b: Whimsicott\n|-supereffective|p1b: Whimsicott|1\n|-damage|p1b: Whimsicott|0 fnt\n|faint|p1b: Whimsicott\n|move|p2b: Tyranitar|Rock Slide|p1a: Excadrill\n|-resisted|p1a: Excadrill|2\n|-damage|p1a: Excadrill|85/100\n|\n|-weather|Sandstorm|[upkeep]\n|upkeep\n|\n|t:|1776260060\n|switch|p1b: Basculegion|Basculegion, L50, M|100/100\n|turn|5\n|\n|t:|1776260080\n|move|p2a: Excadrill|Protect|p2a: Excadrill\n|-singleturn|p2a: Excadrill|Protect\n|move|p1b: Basculegion|Wave Crash|p2a: Excadrill\n|-activate|p2a: Excadrill|move: Protect\n|move|p1a: Excadrill|Iron Head|p2b: Tyranitar\n|-supereffective|p2b: Tyranitar|1\n|-damage|p2b: Tyranitar|34/100\n|move|p2b: Tyranitar|Knock Off|p1b: Basculegion\n|-supereffective|p1b: Basculegion|1\n|-damage|p1b: Basculegion|0 fnt\n|-enditem|p1b: Basculegion|Choice Scarf|[from] move: Knock Off|[of] p2b: Tyranitar\n|faint|p1b: Basculegion\n|\n|-weather|none\n|upkeep\n|turn|6\n|\n|t:|1776260099\n|move|p1a: Excadrill|Rock Slide|p2b: Tyranitar|[spread] p2a\n|-miss|p1a: Excadrill|p2b: Tyranitar\n|-resisted|p2a: Excadrill|2\n|-damage|p2a: Excadrill|0 fnt\n|faint|p2a: Excadrill\n|move|p2b: Tyranitar|Ice Punch|p1a: Excadrill\n|-damage|p1a: Excadrill|42/100\n|\n|upkeep\n|turn|7\n|\n|t:|1776260113\n|move|p1a: Excadrill|High Horsepower|p2b: Tyranitar\n|-supereffective|p2b: Tyranitar|1\n|-damage|p2b: Tyranitar|0 fnt\n|faint|p2b: Tyranitar\n|\n|win|Jah_08\n|raw|Jah_08's rating: 1295 &rarr; <strong>1326</strong><br />(+31 for winning)\n|raw|Bebxi's rating: 1380 &rarr; <strong>1355</strong><br />(-25 for losing)\n|l|\u2606Bebxi\n|player|p2|\n",
  "uploadtime": 1776260123,
  "views": 41,
  "formatid": "gen9championsvgc2026regma",
  "rating": 1326,
  "private": 0,
  "password": null
}