{
  "id": "gen9championsvgc2026regma-2587812073",
  "format": "[Gen 9 Champions] VGC 2026 Reg M-A",
  "players": [
    "loklastaji",
    "miketrash123"
  ],
  "log": "|j|\u2606loklastaji\n|j|\u2606miketrash123\n|t:|1776566490\n|gametype|doubles\n|player|p1|loklastaji|102|1214\n|player|p2|miketrash123|teamrocket|1227\n|gen|9\n|tier|[Gen 9 Champions] VGC 2026 Reg M-A\n|rated|\n|rule|Species Clause: Limit one of each Pok\u00e9mon\n|rule|Item Clause: Limit 1 of each item\n|clearpoke\n|poke|p1|Samurott-Hisui, L50, F|\n|poke|p1|Delphox, L50, F|\n|poke|p1|Tinkaton, L50, F|\n|poke|p1|Decidueye-Hisui, L50, M|\n|poke|p1|Dragonite, L50, F|\n|poke|p1|Farigiraf, L50, M|\n|poke|p2|Meganium, L50, M|\n|poke|p2|Aerodactyl, L50, M|\n|poke|p2|Sneasler, L50, F|\n|poke|p2|Typhlosion-Hisui, L50, M|\n|poke|p2|Aegislash, L50, F|\n|poke|p2|Sinistcha-Masterpiece, L50|\n|teampreview|4\n|\n|t:|1776566531\n|teamsize|p1|4\n|teamsize|p2|4\n|start\n|switch|p1a: Dragonite|Dragonite, L50, F|100/100\n|switch|p1b: Tinkaton|Tinkaton, L50, F|100/100\n|switch|p2a: Aerodactyl|Aerodactyl, L50, M|100/100\n|switch|p2b: Meganium|Meganium, L50, M|100/100\n|-ability|p2a: Aerodactyl|Unnerve\n|turn|1\n|inactive|Battle timer is ON: inactive players will automatically lose when time's up. (requested by miketrash123)\n|\n|t:|1776566556\n|detailschange|p1a: Dragonite|Dragonite-Mega, L50, F\n|-mega|p1a: Dragonite|Dragonite|Dragoninite\n|detailschange|p2b: Meganium|Meganium-Mega, L50, M\n|-mega|p2b: Meganium|Meganium|Meganiumite\n|move|p1b: Tinkaton|Fake Out|p2a: Aerodactyl\n|-resisted|p2a: Aerodactyl|1\n|-damage|p2a: Aerodactyl|93/100\n|cant|p2a: Aerodactyl|flinch\n|move|p1a: Dragonite|Tailwind|p1a: Dragonite\n|-sidestart|p1: loklastaji|move: Tailwind\n|move|p2b: Meganium|Weather Ball|p1b: Tinkaton\n|-supereffective|p1b: Tinkaton|1\n|-enditem|p1b: Tinkaton|Focus Sash\n|-damage|p1b: Tinkaton|1/100\n|\n|upkeep\n|turn|2\n|inactive|loklastaji has 30 seconds left.\n|inactive|loklastaji has 20 seconds left.\n|\n|t:|1776566595\n|move|p2b: Meganium|Protect|p2b: Meganium\n|-singleturn|p2b: Meganium|Protect\n|move|p1a: Dragonite|Air Slash|p2b: Meganium\n|-activate|p2b: Meganium|move: Protect\n|move|p1b: Tinkaton|Gigaton Hammer|p2a: Aerodactyl\n|-supereffective|p2a: Aerodactyl|1\n|-damage|p2a: Aerodactyl|0 fnt\n|faint|p2a: Aerodactyl\n|\n|upkeep\n|\n|t:|1776566609\n|switch|p2a: Sneasler|Sneasler, L50, F|100/100\n|turn|3\n|\n|t:|1776566623\n|move|p1a: Dragonite|Protect|p1a: Dragonite\n|-singleturn|p1a: Dragonite|Protect\n|move|p1b: Tinkaton|Protect|p1b: Tinkaton\n|-singleturn|p1b: Tinkaton|Protect\n|move|p2a: Sneasler|Fake Out|p1a: Dragonite\n|-activate|p1a: Dragonite|move: Protect\n|move|p2b: Meganium|Dazzling Gleam|p1a: Dragonite|[spread] \n|-activate|p1a: Dragonite|move: Protect\n|-activate|p1b: Tinkaton|move: Protect\n|\n|upkeep\n|turn|4\n|\n|t:|1776566643\n|move|p1a: Dragonite|Air Slash|p2a: Sneasler\n|-supereffective|p2a: Sneasler|1\n|-damage|p2a: Sneasler|0 fnt\n|faint|p2a: Sneasler\n|move|p1b: Tinkaton|Gigaton Hammer|p2b: Meganium\n|-supereffective|p2b: Meganium|1\n|-damage|p2b: Meganium|0 fnt\n|faint|p2b: Meganium\n|\n|-sideend|p1: loklastaji|move: Tailwind\n|upkeep\n|\n|t:|1776566650\n|switch|p2b: Typhlosion|Typhlosion-Hisui, L50, M|100/100\n|turn|5\n|\n|t:|1776566660\n|switch|p1b: Samurott|Samurott-Hisui, L50, F|100/100\n|move|p2b: Typhlosion|Eruption|p1a: Dragonite|[spread] p1a,p1b\n|-resisted|p1a: Dragonite|1\n|-resisted|p1b: Samurott|1\n|-damage|p1a: Dragonite|88/100\n|-damage|p1b: Samurott|57/100\n|move|p1a: Dragonite|Air Slash|p2b: Typhlosion\n|-damage|p2b: Typhlosion|44/100\n|\n|upkeep\n|turn|6\n|-message|miketrash123 forfeited.\n|\n|win|loklastaji\n|raw|loklastaji's rating: 1214 &rarr; <strong>1240</strong><br />(+26 for winning)\n|raw|miketrash123's rating: 1227 &rarr; <strong>1201</strong><br />(-26 for losing)\n|l|\u2606miketrash123\n|player|p2|\n",
  "uploadtime": 1776566672,
  "views": 14,
  "formatid": "gen9championsvgc2026regma",
  "rating": 1201,
  "private": 0,
  "password": null
}