{
  "id": "gen9championsvgc2026regma-2584765460",
  "format": "[Gen 9 Champions] VGC 2026 Reg M-A",
  "players": [
    "BALOUWHALE",
    "godmagikarp2"
  ],
  "log": "|j|\u2606BALOUWHALE\n|j|\u2606godmagikarp2\n|t:|1776282089\n|gametype|doubles\n|player|p1|BALOUWHALE|101|1047\n|player|p2|godmagikarp2|170|1061\n|gen|9\n|tier|[Gen 9 Champions] VGC 2026 Reg M-A\n|rated|\n|rule|Species Clause: Limit one of each Pok\u00e9mon\n|rule|Item Clause: Limit 1 of each item\n|clearpoke\n|poke|p1|Starmie, L50|\n|poke|p1|Rotom-Heat, L50|\n|poke|p1|Aerodactyl, L50, M|\n|poke|p1|Aegislash, L50, M|\n|poke|p1|Tyranitar, L50, F|\n|poke|p1|Garchomp, L50, F|\n|poke|p2|Chandelure, L50, M|\n|poke|p2|Basculegion, L50, M|\n|poke|p2|Kingambit, L50, F|\n|poke|p2|Aerodactyl, L50, F|\n|poke|p2|Conkeldurr, L50, M|\n|poke|p2|Clefable, L50, M|\n|teampreview|4\n|inactive|Battle timer is ON: inactive players will automatically lose when time's up. (requested by godmagikarp2)\n|inactive|BALOUWHALE has 60 seconds left.\n|inactive|godmagikarp2 has 60 seconds left.\n|inactive|BALOUWHALE has 30 seconds left.\n|inactive|BALOUWHALE has 20 seconds left.\n|inactive|BALOUWHALE has 15 seconds left.\n|\n|t:|1776282169\n|teamsize|p1|4\n|teamsize|p2|4\n|start\n|switch|p1a: Aerodactyl|Aerodactyl, L50, M|100/100\n|switch|p1b: Starmie|Starmie, L50|100/100\n|switch|p2a: Basculegion|Basculegion, L50, M|100/100\n|switch|p2b: Aerodactyl|Aerodactyl, L50, F|100/100\n|-ability|p2b: Aerodactyl|Unnerve\n|turn|1\n|\n|t:|1776282189\n|detailschange|p2b: Aerodactyl|Aerodactyl-Mega, L50, F\n|-mega|p2b: Aerodactyl|Aerodactyl|Aerodactylite\n|detailschange|p1b: Starmie|Starmie-Mega, L50\n|-mega|p1b: Starmie|Starmie|Starminite\n|move|p2b: Aerodactyl|Tailwind|p2b: Aerodactyl\n|-sidestart|p2: godmagikarp2|move: Tailwind\n|move|p2a: Basculegion|Last Respects|p1b: Starmie\n|-supereffective|p1b: Starmie|1\n|-damage|p1b: Starmie|9/100\n|move|p1b: Starmie|Liquidation|p2b: Aerodactyl\n|-supereffective|p2b: Aerodactyl|1\n|-damage|p2b: Aerodactyl|0 fnt\n|faint|p2b: Aerodactyl\n|move|p1a: Aerodactyl|Tailwind|p1a: Aerodactyl\n|-sidestart|p1: BALOUWHALE|move: Tailwind\n|\n|upkeep\n|\n|t:|1776282202\n|switch|p2b: Kingambit|Kingambit, L50, F|100/100\n|turn|2\n|inactive|BALOUWHALE has 30 seconds left.\n|\n|t:|1776282230\n|switch|p1a: Garchomp|Garchomp, L50, F|100/100\n|move|p1b: Starmie|Protect|p1b: Starmie\n|-singleturn|p1b: Starmie|Protect\n|move|p2b: Kingambit|Sucker Punch||[still]\n|-fail|p2b: Kingambit\n|move|p2a: Basculegion|Wave Crash|p1a: Garchomp\n|-damage|p1a: Garchomp|12/100\n|-damage|p2a: Basculegion|74/100|[from] Recoil\n|\n|upkeep\n|turn|3\n|\n|t:|1776282255\n|move|p2a: Basculegion|Aqua Jet|p1b: Starmie\n|-resisted|p1b: Starmie|1\n|-damage|p1b: Starmie|0 fnt\n|faint|p1b: Starmie\n|move|p1a: Garchomp|Earthquake|p2b: Kingambit|[spread] p2a,p2b\n|-supereffective|p2b: Kingambit|1\n|-damage|p2a: Basculegion|26/100\n|-damage|p2b: Kingambit|42/100\n|move|p2b: Kingambit|Kowtow Cleave|p1a: Garchomp\n|-damage|p1a: Garchomp|0 fnt\n|faint|p1a: Garchomp\n|\n|upkeep\n|\n|t:|1776282269\n|switch|p1b: Aerodactyl|Aerodactyl, L50, M|100/100\n|switch|p1a: Rotom|Rotom-Heat, L50|100/100\n|turn|4\n|\n|t:|1776282289\n|switch|p2b: Clefable|Clefable, L50, M|100/100\n|move|p1b: Aerodactyl|Dual Wingbeat|p2a: Basculegion\n|-damage|p2a: Basculegion|4/100\n|-damage|p2a: Basculegion|0 fnt\n|faint|p2a: Basculegion\n|-hitcount|p2: Basculegion|2\n|move|p1a: Rotom|Overheat|p2b: Clefable\n|-damage|p2b: Clefable|54/100\n|-unboost|p1a: Rotom|spa|2\n|\n|-sideend|p2: godmagikarp2|move: Tailwind\n|-sideend|p1: BALOUWHALE|move: Tailwind\n|upkeep\n|\n|t:|1776282294\n|switch|p2a: Kingambit|Kingambit, L50, F|42/100\n|turn|5\n|\n|t:|1776282308\n|move|p2b: Clefable|Follow Me|p2b: Clefable\n|-singleturn|p2b: Clefable|move: Follow Me\n|move|p1b: Aerodactyl|Tailwind|p1b: Aerodactyl\n|-sidestart|p1: BALOUWHALE|move: Tailwind\n|move|p1a: Rotom|Overheat|p2b: Clefable\n|-damage|p2b: Clefable|9/100\n|-unboost|p1a: Rotom|spa|2\n|-enditem|p2b: Clefable|Sitrus Berry|[eat]\n|-heal|p2b: Clefable|34/100|[from] item: Sitrus Berry\n|move|p2a: Kingambit|Swords Dance|p2a: Kingambit\n|-boost|p2a: Kingambit|atk|2\n|\n|upkeep\n|turn|6\n|l|\u2606BALOUWHALE\n|inactive|BALOUWHALE disconnected and has a minute to reconnect!\n|player|p1|\n|inactive|BALOUWHALE has 30 seconds left.\n|inactive|BALOUWHALE has 20 seconds left.\n|j|\u2606BALOUWHALE\n|inactive|BALOUWHALE reconnected and has 20 seconds left.\n|player|p1|BALOUWHALE|101|\n|\n|t:|1776282348\n|move|p1a: Rotom|Helping Hand|p1b: Aerodactyl\n|-singleturn|p1b: Aerodactyl|Helping Hand|[of] p1a: Rotom\n|move|p2b: Clefable|Follow Me|p2b: Clefable\n|-singleturn|p2b: Clefable|move: Follow Me\n|move|p1b: Aerodactyl|Rock Slide|p2b: Clefable|[spread] p2a\n|-miss|p1b: Aerodactyl|p2b: Clefable\n|-resisted|p2a: Kingambit|1\n|-damage|p2a: Kingambit|28/100\n|move|p2a: Kingambit|Kowtow Cleave|p1b: Aerodactyl\n|-enditem|p1b: Aerodactyl|Focus Sash\n|-damage|p1b: Aerodactyl|1/100\n|\n|upkeep\n|turn|7\n|inactive|BALOUWHALE has 30 seconds left.\n|\n|t:|1776282376\n|move|p1b: Aerodactyl|Protect|p1b: Aerodactyl\n|-singleturn|p1b: Aerodactyl|Protect\n|move|p2b: Clefable|Follow Me|p2b: Clefable\n|-singleturn|p2b: Clefable|move: Follow Me\n|move|p2a: Kingambit|Sucker Punch||[still]\n|-fail|p2a: Kingambit\n|move|p1a: Rotom|Thunderbolt|p2b: Clefable\n|-damage|p2b: Clefable|3/100\n|\n|upkeep\n|turn|8\n|inactive|BALOUWHALE has 30 seconds left.\n|\n|t:|1776282408\n|move|p2b: Clefable|Follow Me|p2b: Clefable\n|-singleturn|p2b: Clefable|move: Follow Me\n|move|p1b: Aerodactyl|Rock Slide|p2b: Clefable|[spread] p2a,p2b\n|-resisted|p2a: Kingambit|1\n|-damage|p2a: Kingambit|18/100\n|-damage|p2b: Clefable|0 fnt\n|faint|p2b: Clefable\n|move|p1a: Rotom|Overheat|p2a: Kingambit\n|-supereffective|p2a: Kingambit|1\n|-damage|p2a: Kingambit|0 fnt\n|-unboost|p1a: Rotom|spa|2\n|faint|p2a: Kingambit\n|\n|win|BALOUWHALE\n|raw|BALOUWHALE's rating: 1047 &rarr; <strong>1081</strong><br />(+34 for winning)\n|raw|godmagikarp2's rating: 1061 &rarr; <strong>1041</strong><br />(-20 for losing)\n|l|\u2606godmagikarp2\n|player|p2|\n",
  "uploadtime": 1776282484,
  "views": 38,
  "formatid": "gen9championsvgc2026regma",
  "rating": 1041,
  "private": 0,
  "password": null
}