{
  "id": "gen9championsvgc2026regma-2588530717",
  "format": "[Gen 9 Champions] VGC 2026 Reg M-A",
  "players": [
    "cremess",
    "sockperson"
  ],
  "log": "|j|\u2606cremess\n|j|\u2606sockperson\n|t:|1776642133\n|gametype|doubles\n|player|p1|cremess|ghetsis-gen5bw|1448\n|player|p2|sockperson|barry|1451\n|gen|9\n|tier|[Gen 9 Champions] VGC 2026 Reg M-A\n|rated|\n|rule|Species Clause: Limit one of each Pok\u00e9mon\n|rule|Item Clause: Limit 1 of each item\n|clearpoke\n|poke|p1|Hydreigon, L50, F|\n|poke|p1|Sableye, L50, M|\n|poke|p1|Incineroar, L50, F|\n|poke|p1|Milotic, L50, F|\n|poke|p1|Basculegion, L50, M|\n|poke|p1|Venusaur, L50, M|\n|poke|p2|Vaporeon, L50, M|\n|poke|p2|Jolteon, L50, F|\n|poke|p2|Flareon, L50, F|\n|poke|p2|Espeon, L50, F|\n|poke|p2|Umbreon, L50, F|\n|poke|p2|Sylveon, L50, F|\n|teampreview|4\n|inactive|Battle timer is ON: inactive players will automatically lose when time's up. (requested by cremess)\ncremess rejected open team sheets.\n|\n|t:|1776642168\n|teamsize|p1|4\n|teamsize|p2|4\n|start\n|switch|p1a: Hydreigon|Hydreigon, L50, F|100/100\n|switch|p1b: Sableye|Sableye, L50, M|100/100\n|switch|p2a: Espeon|Espeon, L50, F|100/100\n|switch|p2b: Sylveon|Sylveon, L50, F|100/100\n|turn|1\n|\n|t:|1776642183\n|move|p1b: Sableye|Fake Out|p2b: Sylveon\n|-damage|p2b: Sylveon|93/100\n|move|p1a: Hydreigon|Focus Energy|p1a: Hydreigon\n|-start|p1a: Hydreigon|move: Focus Energy\n|cant|p2b: Sylveon|flinch\n|move|p2a: Espeon|Trick Room|p2a: Espeon\n|-fieldstart|move: Trick Room|[of] p2a: Espeon\n|\n|upkeep\n|turn|2\n|\n|t:|1776642194\n|switch|p2a: Umbreon|Umbreon, L50, F|100/100\n|move|p1b: Sableye|Protect|p1b: Sableye\n|-singleturn|p1b: Sableye|Protect\n|move|p1a: Hydreigon|Protect|p1a: Hydreigon\n|-singleturn|p1a: Hydreigon|Protect\n|move|p2b: Sylveon|Hyper Voice|p1a: Hydreigon|[spread] \n|-activate|p1a: Hydreigon|move: Protect\n|-activate|p1b: Sableye|move: Protect\n|\n|upkeep\n|turn|3\n|\n|t:|1776642209\n|move|p1b: Sableye|Disable|p2b: Sylveon\n|-start|p2b: Sylveon|Disable|Hyper Voice\n|cant|p2b: Sylveon|Disable|Hyper Voice\n|move|p2a: Umbreon|Foul Play|p1b: Sableye\n|-damage|p1b: Sableye|75/100\n|move|p1a: Hydreigon|Draco Meteor|p2a: Umbreon\n|-crit|p2a: Umbreon\n|-damage|p2a: Umbreon|28/100\n|-unboost|p1a: Hydreigon|spa|2\n|\n|-heal|p2a: Umbreon|34/100|[from] item: Leftovers\n|upkeep\n|turn|4\n|\n|t:|1776642228\n|switch|p1b: Venusaur|Venusaur, L50, M|100/100\n|move|p1a: Hydreigon|Protect|p1a: Hydreigon\n|-singleturn|p1a: Hydreigon|Protect\n|move|p2b: Sylveon|Quick Attack|p1a: Hydreigon\n|-activate|p1a: Hydreigon|move: Protect\n|move|p2a: Umbreon|Moonlight|p2a: Umbreon\n|-heal|p2a: Umbreon|84/100\n|\n|-heal|p2a: Umbreon|90/100|[from] item: Leftovers\n|upkeep\n|turn|5\n|\n|t:|1776642242\n|switch|p1a: Incineroar|Incineroar, L50, F|100/100\n|-ability|p1a: Incineroar|Intimidate|boost\n|-fail|p2a: Umbreon|unboost|Attack|[from] ability: Inner Focus|[of] p2a: Umbreon\n|-unboost|p2b: Sylveon|atk|1\n|detailschange|p1b: Venusaur|Venusaur-Mega, L50, M\n|-mega|p1b: Venusaur|Venusaur|Venusaurite\n|move|p2b: Sylveon|Detect|p2b: Sylveon\n|-singleturn|p2b: Sylveon|Protect\n|move|p2a: Umbreon|Yawn|p1b: Venusaur\n|-start|p1b: Venusaur|move: Yawn|[of] p2a: Umbreon\n|move|p1b: Venusaur|Sludge Bomb|p2b: Sylveon\n|-activate|p2b: Sylveon|move: Protect\n|\n|-heal|p2a: Umbreon|96/100|[from] item: Leftovers\n|-fieldend|move: Trick Room\n|upkeep\n|turn|6\n|\n|t:|1776642265\n|switch|p1b: Sableye|Sableye, L50, M|75/100\n|switch|p2b: Vaporeon|Vaporeon, L50, M|100/100\n|move|p2a: Umbreon|Yawn|p1b: Sableye\n|-start|p1b: Sableye|move: Yawn|[of] p2a: Umbreon\n|move|p1a: Incineroar|Parting Shot|p2b: Vaporeon\n|-unboost|p2b: Vaporeon|atk|1\n|-unboost|p2b: Vaporeon|spa|1\n|\n|t:|1776642279\n|switch|p1a: Venusaur|Venusaur-Mega, L50, M|100/100|[from] Parting Shot\n|\n|-heal|p2a: Umbreon|100/100|[from] item: Leftovers\n|upkeep\n|turn|7\n|\n|t:|1776642288\n|switch|p2b: Espeon|Espeon, L50, F|100/100\n|switch|p1b: Incineroar|Incineroar, L50, F|100/100\n|-ability|p1b: Incineroar|Intimidate|boost\n|-fail|p2a: Umbreon|unboost|Attack|[from] ability: Inner Focus|[of] p2a: Umbreon\n|-unboost|p2b: Espeon|atk|1\n|move|p1a: Venusaur|Giga Drain|p2b: Espeon\n|-damage|p2b: Espeon|58/100\n|move|p2a: Umbreon|Yawn|p1a: Venusaur\n|-start|p1a: Venusaur|move: Yawn|[of] p2a: Umbreon\n|\n|upkeep\n|turn|8\n|inactive|cremess has 30 seconds left.\n|\n|t:|1776642315\n|switch|p2b: Vaporeon|Vaporeon, L50, M|100/100\n|switch|p1a: Sableye|Sableye, L50, M|75/100\n|move|p2a: Umbreon|Yawn|p1a: Sableye\n|-start|p1a: Sableye|move: Yawn|[of] p2a: Umbreon\n|move|p1b: Incineroar|Darkest Lariat|p2b: Vaporeon\n|-damage|p2b: Vaporeon|76/100\n|\n|upkeep\n|turn|9\n|\n|t:|1776642329\n|move|p1a: Sableye|Disable|p2a: Umbreon\n|-hint|Since gen 7, Dark is immune to Prankster moves.\n|-immune|p2a: Umbreon\n|move|p2b: Vaporeon|Scald|p1b: Incineroar\n|-supereffective|p1b: Incineroar|1\n|-damage|p1b: Incineroar|61/100\n|move|p2a: Umbreon|Yawn|p1b: Incineroar\n|-start|p1b: Incineroar|move: Yawn|[of] p2a: Umbreon\n|move|p1b: Incineroar|Parting Shot|p2b: Vaporeon\n|-unboost|p2b: Vaporeon|atk|1\n|-unboost|p2b: Vaporeon|spa|1\n|\n|t:|1776642341\n|switch|p1b: Venusaur|Venusaur-Mega, L50, M|100/100|[from] Parting Shot\n|\n|-end|p1a: Sableye|move: Yawn|[silent]\n|-status|p1a: Sableye|slp\n|upkeep\n|turn|10\n|\n|t:|1776642354\n|move|p2b: Vaporeon|Detect|p2b: Vaporeon\n|-singleturn|p2b: Vaporeon|Protect\n|cant|p1a: Sableye|slp\n|move|p1b: Venusaur|Giga Drain|p2b: Vaporeon\n|-activate|p2b: Vaporeon|move: Protect\n|move|p2a: Umbreon|Snarl|p1b: Venusaur|[spread] p1a,p1b\n|-damage|p1a: Sableye|60/100 slp\n|-damage|p1b: Venusaur|92/100\n|-unboost|p1a: Sableye|spa|1\n|-unboost|p1b: Venusaur|spa|1\n|\n|upkeep\n|turn|11\n|\n|t:|1776642367\n|switch|p2b: Espeon|Espeon, L50, F|58/100\n|cant|p1a: Sableye|slp\n|move|p1b: Venusaur|Giga Drain|p2b: Espeon\n|-damage|p2b: Espeon|28/100\n|-heal|p1b: Venusaur|100/100|[from] drain|[of] p2b: Espeon\n|move|p2a: Umbreon|Snarl|p1a: Sableye|[spread] p1a,p1b\n|-damage|p1a: Sableye|46/100 slp\n|-damage|p1b: Venusaur|94/100\n|-unboost|p1a: Sableye|spa|1\n|-unboost|p1b: Venusaur|spa|1\n|\n|upkeep\n|turn|12\n|\n|t:|1776642381\n|switch|p2b: Sylveon|Sylveon, L50, F|93/100\n|switch|p1b: Hydreigon|Hydreigon, L50, F|100/100\n|-curestatus|p1a: Sableye|slp|[msg]\n|move|p1a: Sableye|Protect|p1a: Sableye\n|-singleturn|p1a: Sableye|Protect\n|move|p2a: Umbreon|Yawn|p1b: Hydreigon\n|-start|p1b: Hydreigon|move: Yawn|[of] p2a: Umbreon\n|\n|upkeep\n|turn|13\n|\n|t:|1776642396\n|switch|p1b: Venusaur|Venusaur-Mega, L50, M|94/100\n|switch|p1a: Incineroar|Incineroar, L50, F|61/100\n|-ability|p1a: Incineroar|Intimidate|boost\n|-fail|p2a: Umbreon|unboost|Attack|[from] ability: Inner Focus|[of] p2a: Umbreon\n|-unboost|p2b: Sylveon|atk|1\n|move|p2a: Umbreon|Yawn|p1b: Venusaur\n|-start|p1b: Venusaur|move: Yawn|[of] p2a: Umbreon\n|move|p2b: Sylveon|Hyper Voice|p1a: Incineroar|[spread] p1a,p1b\n|-resisted|p1b: Venusaur|1\n|-damage|p1a: Incineroar|32/100\n|-damage|p1b: Venusaur|76/100\n|-enditem|p1a: Incineroar|Sitrus Berry|[eat]\n|-heal|p1a: Incineroar|57/100|[from] item: Sitrus Berry\n|\n|upkeep\n|turn|14\n|inactive|cremess has 30 seconds left.\n|\n|t:|1776642428\n|switch|p1b: Sableye|Sableye, L50, M|46/100\n|move|p2b: Sylveon|Detect|p2b: Sylveon\n|-singleturn|p2b: Sylveon|Protect\n|move|p2a: Umbreon|Yawn|p1b: Sableye\n|-start|p1b: Sableye|move: Yawn|[of] p2a: Umbreon\n|move|p1a: Incineroar|Parting Shot|p2a: Umbreon\n|-unboost|p2a: Umbreon|atk|1\n|-unboost|p2a: Umbreon|spa|1\n|\n|t:|1776642439\n|switch|p1a: Venusaur|Venusaur-Mega, L50, M|76/100|[from] Parting Shot\n|\n|upkeep\n|turn|15\n|\n|t:|1776642454\n|switch|p2b: Espeon|Espeon, L50, F|28/100\n|move|p1b: Sableye|Encore|p2b: Espeon\n|move|p2b: Espeon|Encore||[from] ability: Magic Bounce|[still]\n|-fail|p2b: Espeon\n|move|p1a: Venusaur|Sludge Bomb|p2b: Espeon\n|-damage|p2b: Espeon|0 fnt\n|faint|p2b: Espeon\n|move|p2a: Umbreon|Snarl|p1b: Sableye|[spread] p1a,p1b\n|-damage|p1a: Venusaur|71/100\n|-damage|p1b: Sableye|36/100\n|-unboost|p1a: Venusaur|spa|1\n|-unboost|p1b: Sableye|spa|1\n|\n|-end|p1b: Sableye|move: Yawn|[silent]\n|-status|p1b: Sableye|slp\n|upkeep\n|\n|t:|1776642469\n|switch|p2b: Vaporeon|Vaporeon, L50, M|76/100\n|turn|16\n|\n|t:|1776642479\n|switch|p1b: Incineroar|Incineroar, L50, F|57/100\n|-ability|p1b: Incineroar|Intimidate|boost\n|-fail|p2a: Umbreon|unboost|Attack|[from] ability: Inner Focus|[of] p2a: Umbreon\n|-unboost|p2b: Vaporeon|atk|1\n|move|p2b: Vaporeon|Detect|p2b: Vaporeon\n|-singleturn|p2b: Vaporeon|Protect\n|move|p1a: Venusaur|Giga Drain|p2b: Vaporeon\n|-activate|p2b: Vaporeon|move: Protect\n|move|p2a: Umbreon|Snarl|p1b: Incineroar|[spread] p1a,p1b\n|-resisted|p1b: Incineroar|1\n|-damage|p1a: Venusaur|66/100\n|-damage|p1b: Incineroar|55/100\n|-unboost|p1a: Venusaur|spa|1\n|-unboost|p1b: Incineroar|spa|1\n|\n|upkeep\n|turn|17\n|\n|t:|1776642498\n|move|p1a: Venusaur|Giga Drain|p2a: Umbreon\n|-damage|p2a: Umbreon|87/100\n|-heal|p1a: Venusaur|73/100|[from] drain|[of] p2a: Umbreon\n|move|p2b: Vaporeon|Scald|p1b: Incineroar\n|-supereffective|p1b: Incineroar|1\n|-damage|p1b: Incineroar|12/100\n|move|p2a: Umbreon|Foul Play|p1b: Incineroar\n|-resisted|p1b: Incineroar|1\n|-damage|p1b: Incineroar|0 fnt\n|faint|p1b: Incineroar\n|\n|-heal|p2a: Umbreon|93/100|[from] item: Leftovers\n|upkeep\n|\n|t:|1776642511\n|switch|p1b: Hydreigon|Hydreigon, L50, F|100/100\n|turn|18\n|\n|t:|1776642522\n|move|p1b: Hydreigon|Draco Meteor|p2a: Umbreon|[miss]\n|-miss|p1b: Hydreigon|p2a: Umbreon\n|move|p1a: Venusaur|Giga Drain|p2b: Vaporeon\n|-supereffective|p2b: Vaporeon|1\n|-damage|p2b: Vaporeon|45/100\n|-heal|p1a: Venusaur|93/100|[from] drain|[of] p2b: Vaporeon\n|-enditem|p2b: Vaporeon|Sitrus Berry|[eat]\n|-heal|p2b: Vaporeon|70/100|[from] item: Sitrus Berry\n|move|p2b: Vaporeon|Yawn|p1a: Venusaur\n|-start|p1a: Venusaur|move: Yawn|[of] p2b: Vaporeon\n|move|p2a: Umbreon|Yawn|p1b: Hydreigon\n|-start|p1b: Hydreigon|move: Yawn|[of] p2a: Umbreon\n|\n|-heal|p2a: Umbreon|99/100|[from] item: Leftovers\n|upkeep\n|turn|19\n|\n|t:|1776642545\n|switch|p1b: Sableye|Sableye, L50, M|36/100 slp\n|switch|p2b: Sylveon|Sylveon, L50, F|93/100\n|move|p1a: Venusaur|Giga Drain|p2b: Sylveon\n|-damage|p2b: Sylveon|78/100\n|-heal|p1a: Venusaur|100/100|[from] drain|[of] p2b: Sylveon\n|move|p2a: Umbreon|Foul Play|p1a: Venusaur\n|-damage|p1a: Venusaur|78/100\n|\n|-heal|p2a: Umbreon|100/100|[from] item: Leftovers\n|-end|p1a: Venusaur|move: Yawn|[silent]\n|-status|p1a: Venusaur|slp\n|upkeep\n|turn|20\n|\n|t:|1776642554\n|cant|p1b: Sableye|slp\n|cant|p1a: Venusaur|slp\n|move|p2a: Umbreon|Snarl|p1b: Sableye|[spread] p1a,p1b\n|-damage|p1a: Venusaur|73/100 slp\n|-damage|p1b: Sableye|25/100 slp\n|-unboost|p1a: Venusaur|spa|1\n|-unboost|p1b: Sableye|spa|1\n|move|p2b: Sylveon|Hyper Voice|p1a: Venusaur|[spread] p1a,p1b\n|-resisted|p1a: Venusaur|1\n|-supereffective|p1b: Sableye|1\n|-damage|p1a: Venusaur|55/100 slp\n|-damage|p1b: Sableye|0 fnt\n|faint|p1b: Sableye\n|\n|upkeep\n|\n|t:|1776642562\n|switch|p1b: Hydreigon|Hydreigon, L50, F|100/100\n|turn|21\n|\n|t:|1776642568\n|move|p1b: Hydreigon|Protect|p1b: Hydreigon\n|-singleturn|p1b: Hydreigon|Protect\n|cant|p1a: Venusaur|slp\n|move|p2a: Umbreon|Snarl|p1b: Hydreigon|[spread] p1a\n|-activate|p1b: Hydreigon|move: Protect\n|-damage|p1a: Venusaur|50/100 slp\n|-unboost|p1a: Venusaur|spa|1\n|move|p2b: Sylveon|Hyper Voice|p1a: Venusaur|[spread] p1a\n|-activate|p1b: Hydreigon|move: Protect\n|-resisted|p1a: Venusaur|1\n|-damage|p1a: Venusaur|32/100 slp\n|\n|upkeep\n|turn|22\n|\n|t:|1776642582\n|move|p1b: Hydreigon|Draco Meteor|p2a: Umbreon\n|-damage|p2a: Umbreon|51/100\n|-unboost|p1b: Hydreigon|spa|2\n|-curestatus|p1a: Venusaur|slp|[msg]\n|move|p1a: Venusaur|Sludge Bomb|p2b: Sylveon\n|-supereffective|p2b: Sylveon|1\n|-damage|p2b: Sylveon|53/100\n|move|p2a: Umbreon|Yawn|p1a: Venusaur\n|-start|p1a: Venusaur|move: Yawn|[of] p2a: Umbreon\n|move|p2b: Sylveon|Hyper Voice|p1b: Hydreigon|[spread] p1a,p1b\n|-resisted|p1a: Venusaur|1\n|-supereffective|p1b: Hydreigon|2\n|-damage|p1a: Venusaur|13/100\n|-damage|p1b: Hydreigon|0 fnt\n|faint|p1b: Hydreigon\n|\n|-heal|p2a: Umbreon|57/100|[from] item: Leftovers\n|upkeep\n|turn|23\n|-message|cremess forfeited.\n|\n|win|sockperson\n|raw|cremess's rating: 1448 &rarr; <strong>1428</strong><br />(-20 for losing)\n|raw|sockperson's rating: 1451 &rarr; <strong>1471</strong><br />(+20 for winning)\n|l|\u2606cremess\n|player|p1|\n",
  "uploadtime": 1776642626,
  "views": 13,
  "formatid": "gen9championsvgc2026regma",
  "rating": 1428,
  "private": 0,
  "password": null
}