{
  "id": "gen9championsvgc2026regma-2587519137",
  "format": "[Gen 9 Champions] VGC 2026 Reg M-A",
  "players": [
    "JuneStar",
    "big froggy"
  ],
  "log": "|j|\u2606JuneStar\n|j|\u2606big froggy\n|t:|1776538749\n|gametype|doubles\n|player|p1|JuneStar|1|1014\n|player|p2|big froggy|fisherman-gen4|1075\n|gen|9\n|tier|[Gen 9 Champions] VGC 2026 Reg M-A\n|rated|\n|rule|Species Clause: Limit one of each Pok\u00e9mon\n|rule|Item Clause: Limit 1 of each item\n|clearpoke\n|poke|p1|Blastoise, L50, F|\n|poke|p1|Pelipper, L50, F|\n|poke|p1|Scizor, L50, M|\n|poke|p1|Arcanine-Hisui, L50, M|\n|poke|p1|Sneasler, L50, M|\n|poke|p1|Farigiraf, L50, M|\n|poke|p2|Starmie, L50|\n|poke|p2|Dragonite, L50, M|\n|poke|p2|Pelipper, L50, M|\n|poke|p2|Sinistcha, L50|\n|poke|p2|Kingambit, L50, M|\n|poke|p2|Sneasler, L50, F|\n|teampreview|4\n|\n|t:|1776538766\n|teamsize|p1|4\n|teamsize|p2|4\n|start\n|switch|p1a: Jane|Blastoise, L50, F|100/100\n|switch|p1b: Farigiraf|Farigiraf, L50, M|100/100\n|switch|p2a: Starmie|Starmie, L50|100/100\n|switch|p2b: Sneasler|Sneasler, L50, F|100/100\n|turn|1\n|\n|t:|1776538782\n|detailschange|p2a: Starmie|Starmie-Mega, L50\n|-mega|p2a: Starmie|Starmie|Starminite\n|detailschange|p1a: Jane|Blastoise-Mega, L50, F\n|-mega|p1a: Jane|Blastoise|Blastoisinite\n|move|p1b: Farigiraf|Protect|p1b: Farigiraf\n|-singleturn|p1b: Farigiraf|Protect\n|move|p2a: Starmie|Liquidation|p1b: Farigiraf\n|-activate|p1b: Farigiraf|move: Protect\n|move|p2b: Sneasler|Dire Claw|p1a: Jane\n|-damage|p1a: Jane|60/100\n|move|p1a: Jane|Hydro Cannon|p2b: Sneasler\n|-enditem|p2b: Sneasler|Focus Sash\n|-damage|p2b: Sneasler|1/100\n|-mustrecharge|p1a: Jane\n|\n|upkeep\n|turn|2\n|\n|t:|1776538803\n|move|p2b: Sneasler|Coaching|p2a: Starmie\n|-boost|p2a: Starmie|atk|1\n|-boost|p2a: Starmie|def|1\n|move|p2a: Starmie|Liquidation|p1b: Farigiraf\n|-damage|p1b: Farigiraf|0 fnt\n|faint|p1b: Farigiraf\n|cant|p1a: Jane|recharge\n|\n|upkeep\n|\n|t:|1776538809\n|switch|p1b: Scizor|Scizor, L50, M|100/100\n|turn|3\n|\n|t:|1776538840\n|move|p1a: Jane|Aqua Jet|p2b: Sneasler\n|-damage|p2b: Sneasler|0 fnt\n|faint|p2b: Sneasler\n|move|p2a: Starmie|Psycho Cut|p1a: Jane\n|-damage|p1a: Jane|0 fnt\n|faint|p1a: Jane\n|move|p1b: Scizor|X-Scissor|p2a: Starmie\n|-supereffective|p2a: Starmie|1\n|-damage|p2a: Starmie|21/100\n|\n|upkeep\n|\n|t:|1776538849\n|switch|p2b: Sinistcha|Sinistcha, L50|100/100\n|switch|p1a: Sneasler|Sneasler, L50, M|100/100\n|-heal|p2a: Starmie|46/100|[from] ability: Hospitality|[of] p2b: Sinistcha\n|turn|4\n|\n|t:|1776538873\n|move|p2a: Starmie|Protect|p2a: Starmie\n|-singleturn|p2a: Starmie|Protect\n|move|p1a: Sneasler|Fake Out|p2a: Starmie\n|-activate|p2a: Starmie|move: Protect\n|move|p1b: Scizor|X-Scissor|p2a: Starmie\n|-activate|p2a: Starmie|move: Protect\n|move|p2b: Sinistcha|Strength Sap|p1b: Scizor\n|-unboost|p1b: Scizor|atk|1\n|\n|upkeep\n|turn|5\n|\n|t:|1776538890\n|move|p2b: Sinistcha|Rage Powder|p2b: Sinistcha\n|-singleturn|p2b: Sinistcha|move: Rage Powder\n|move|p2a: Starmie|Psycho Cut|p1a: Sneasler\n|-supereffective|p1a: Sneasler|2\n|-enditem|p1a: Sneasler|Payapa Berry|[eat]\n|-enditem|p1a: Sneasler|Payapa Berry|[weaken]\n|-damage|p1a: Sneasler|0 fnt\n|faint|p1a: Sneasler\n|move|p1b: Scizor|X-Scissor|p2b: Sinistcha\n|-damage|p2b: Sinistcha|76/100\n|\n|upkeep\n|turn|6\n|-message|JuneStar forfeited.\n|\n|win|big froggy\n|raw|JuneStar's rating: 1014 &rarr; <strong>1004</strong><br />(-10 for losing)\n|raw|big froggy's rating: 1075 &rarr; <strong>1099</strong><br />(+24 for winning)\n|l|\u2606JuneStar\n|player|p1|\n",
  "uploadtime": 1776538921,
  "views": 12,
  "formatid": "gen9championsvgc2026regma",
  "rating": 1004,
  "private": 0,
  "password": null
}