{
  "id": "gen9championsvgc2026regma-2581243818",
  "format": "[Gen 9 Champions] VGC 2026 Reg M-A",
  "players": [
    "pokemongming",
    "dracovideogames"
  ],
  "log": "|j|\u2606pokemongming\n|j|\u2606dracovideogames\n|t:|1775975436\n|gametype|doubles\n|player|p1|pokemongming|101|1110\n|player|p2|dracovideogames|lucas|1122\n|gen|9\n|tier|[Gen 9 Champions] VGC 2026 Reg M-A\n|rated|\n|rule|Species Clause: Limit one of each Pok\u00e9mon\n|rule|Item Clause: Limit 1 of each item\n|clearpoke\n|poke|p1|Slowbro, L50, F|\n|poke|p1|Maushold, L50|\n|poke|p1|Incineroar, L50, M|\n|poke|p1|Sinistcha, L50|\n|poke|p1|Typhlosion-Hisui, L50, F|\n|poke|p1|Sneasler, L50, F|\n|poke|p2|Raichu, L50, M|\n|poke|p2|Arcanine, L50, M|\n|poke|p2|Garchomp, L50, M|\n|poke|p2|Tyranitar, L50, M|\n|poke|p2|Milotic, L50, F|\n|poke|p2|Sylveon, L50, F|\n|teampreview|4\n|c|\u2606pokemongming|glhf\n|\n|t:|1775975475\n|teamsize|p1|4\n|teamsize|p2|4\n|start\n|switch|p1a: Slowbro|Slowbro, L50, F|100/100\n|switch|p1b: Maushold|Maushold, L50|100/100\n|switch|p2a: Raichu|Raichu, L50, M|100/100\n|switch|p2b: Milotic|Milotic, L50, F|100/100\n|turn|1\n|\n|t:|1775975508\n|detailschange|p1a: Slowbro|Slowbro-Mega, L50, F\n|-mega|p1a: Slowbro|Slowbro|Slowbronite\n|move|p1b: Maushold|Protect|p1b: Maushold\n|-singleturn|p1b: Maushold|Protect\n|move|p1a: Slowbro|Protect|p1a: Slowbro\n|-singleturn|p1a: Slowbro|Protect\n|move|p2a: Raichu|Fake Out|p1a: Slowbro\n|-activate|p1a: Slowbro|move: Protect\n|move|p2b: Milotic|Scald|p1b: Maushold\n|-activate|p1b: Maushold|move: Protect\n|\n|upkeep\n|turn|2\n|\n|t:|1775975523\n|switch|p2b: Garchomp|Garchomp, L50, M|100/100\n|move|p1b: Maushold|Follow Me|p1b: Maushold\n|-singleturn|p1b: Maushold|move: Follow Me\n|move|p2a: Raichu|Discharge|p1a: Slowbro|[spread] p1a,p1b\n|-immune|p2b: Garchomp\n|-supereffective|p1a: Slowbro|1\n|-damage|p1a: Slowbro|66/100\n|-damage|p1b: Maushold|69/100\n|move|p1a: Slowbro|Calm Mind|p1a: Slowbro\n|-boost|p1a: Slowbro|spa|1\n|-boost|p1a: Slowbro|spd|1\n|\n|upkeep\n|turn|3\n|\n|t:|1775975557\n|switch|p1b: Sinistcha|Sinistcha, L50|100/100\n|-heal|p1a: Slowbro|91/100|[from] ability: Hospitality|[of] p1b: Sinistcha\n|detailschange|p2b: Garchomp|Garchomp-Mega, L50, M\n|-mega|p2b: Garchomp|Garchomp|Garchompite\n|move|p2a: Raichu|Discharge|p1b: Sinistcha|[spread] p1a,p1b\n|-immune|p2b: Garchomp\n|-supereffective|p1a: Slowbro|1\n|-resisted|p1b: Sinistcha|1\n|-damage|p1a: Slowbro|60/100\n|-damage|p1b: Sinistcha|90/100\n|move|p2b: Garchomp|Dragon Claw|p1b: Sinistcha\n|-damage|p1b: Sinistcha|42/100\n|move|p1a: Slowbro|Calm Mind|p1a: Slowbro\n|-boost|p1a: Slowbro|spa|1\n|-boost|p1a: Slowbro|spd|1\n|\n|upkeep\n|turn|4\n|\n|t:|1775975603\n|switch|p1b: Incineroar|Incineroar, L50, M|100/100\n|-ability|p1b: Incineroar|Intimidate|boost\n|-unboost|p2a: Raichu|atk|1\n|-unboost|p2b: Garchomp|atk|1\n|move|p2a: Raichu|Encore|p1a: Slowbro\n|-start|p1a: Slowbro|Encore\n|move|p2b: Garchomp|Earthquake|p1a: Slowbro|[spread] p2a,p1a,p1b\n|-supereffective|p2a: Raichu|1\n|-supereffective|p1b: Incineroar|1\n|-enditem|p2a: Raichu|Focus Sash\n|-damage|p2a: Raichu|1/100\n|-damage|p1a: Slowbro|43/100\n|-damage|p1b: Incineroar|50/100\n|-enditem|p1b: Incineroar|Sitrus Berry|[eat]\n|-heal|p1b: Incineroar|75/100|[from] item: Sitrus Berry\n|move|p1a: Slowbro|Calm Mind|p1a: Slowbro\n|-boost|p1a: Slowbro|spa|1\n|-boost|p1a: Slowbro|spd|1\n|\n|upkeep\n|turn|5\n|\n|t:|1775975629\n|move|p2a: Raichu|Protect|p2a: Raichu\n|-singleturn|p2a: Raichu|Protect\n|move|p2b: Garchomp|Protect|p2b: Garchomp\n|-singleturn|p2b: Garchomp|Protect\n|move|p1b: Incineroar|Fake Out|p2a: Raichu\n|-activate|p2a: Raichu|move: Protect\n|move|p1a: Slowbro|Calm Mind|p1a: Slowbro\n|-boost|p1a: Slowbro|spa|1\n|-boost|p1a: Slowbro|spd|1\n|\n|upkeep\n|turn|6\n|\n|t:|1775975646\n|move|p2a: Raichu|Discharge|p1b: Incineroar|[spread] p1a,p1b\n|-immune|p2b: Garchomp\n|-supereffective|p1a: Slowbro|1\n|-damage|p1a: Slowbro|30/100\n|-damage|p1b: Incineroar|57/100\n|move|p2b: Garchomp|Earthquake|p1a: Slowbro|[spread] p2a,p1a,p1b\n|-supereffective|p2a: Raichu|1\n|-supereffective|p1b: Incineroar|1\n|-damage|p2a: Raichu|0 fnt\n|-damage|p1a: Slowbro|13/100\n|-damage|p1b: Incineroar|8/100\n|faint|p2a: Raichu\n|move|p1b: Incineroar|Parting Shot|p2b: Garchomp\n|-unboost|p2b: Garchomp|atk|1\n|-unboost|p2b: Garchomp|spa|1\n|\n|t:|1775975655\n|switch|p1b: Sinistcha|Sinistcha, L50|42/100|[from] Parting Shot\n|-heal|p1a: Slowbro|38/100|[from] ability: Hospitality|[of] p1b: Sinistcha\n|move|p1a: Slowbro|Calm Mind|p1a: Slowbro\n|-boost|p1a: Slowbro|spa|1\n|-boost|p1a: Slowbro|spd|1\n|\n|-end|p1a: Slowbro|Encore\n|upkeep\n|\n|t:|1775975668\n|switch|p2a: Sylveon|Sylveon, L50, F|100/100\n|turn|7\n|\n|t:|1775975676\n|switch|p2b: Milotic|Milotic, L50, F|100/100\n|switch|p1b: Incineroar|Incineroar, L50, M|8/100\n|-ability|p1b: Incineroar|Intimidate|boost\n|-unboost|p2a: Sylveon|atk|1\n|-unboost|p2b: Milotic|atk|1\n|-ability|p2b: Milotic|Competitive|boost\n|-boost|p2b: Milotic|spa|2\n|move|p1a: Slowbro|Protect|p1a: Slowbro\n|-singleturn|p1a: Slowbro|Protect\n|move|p2a: Sylveon|Hyper Voice|p1b: Incineroar|[spread] p1b\n|-activate|p1a: Slowbro|move: Protect\n|-damage|p1b: Incineroar|0 fnt\n|faint|p1b: Incineroar\n|\n|upkeep\n|\n|t:|1775975681\n|switch|p1b: Sinistcha|Sinistcha, L50|42/100\n|-heal|p1a: Slowbro|62/100|[from] ability: Hospitality|[of] p1b: Sinistcha\n|turn|8\n|\n|t:|1775975706\n|move|p2a: Sylveon|Hyper Voice|p1b: Sinistcha|[spread] p1a,p1b\n|-damage|p1a: Slowbro|52/100\n|-damage|p1b: Sinistcha|3/100\n|move|p2b: Milotic|Scald|p1a: Slowbro\n|-resisted|p1a: Slowbro|1\n|-damage|p1a: Slowbro|43/100\n|move|p1b: Sinistcha|Life Dew|p1b: Sinistcha|[spread] p1a,p1b\n|-heal|p1a: Slowbro|68/100\n|-heal|p1b: Sinistcha|28/100\n|move|p1a: Slowbro|Psychic|p2b: Milotic\n|-damage|p2b: Milotic|0 fnt\n|faint|p2b: Milotic\n|\n|upkeep\n|\n|t:|1775975719\n|switch|p2b: Garchomp|Garchomp-Mega, L50, M|100/100\n|turn|9\n|\n|t:|1775975750\n|switch|p1b: Maushold|Maushold, L50|69/100\n|move|p2a: Sylveon|Hyper Voice|p1a: Slowbro|[spread] p1a,p1b\n|-damage|p1a: Slowbro|60/100\n|-damage|p1b: Maushold|18/100\n|move|p2b: Garchomp|Earthquake|p1b: Maushold|[spread] p2a,p1a,p1b\n|-damage|p2a: Sylveon|35/100\n|-damage|p1a: Slowbro|43/100\n|-damage|p1b: Maushold|0 fnt\n|faint|p1b: Maushold\n|move|p1a: Slowbro|Calm Mind|p1a: Slowbro\n|-boost|p1a: Slowbro|spa|1\n|-boost|p1a: Slowbro|spd|1\n|\n|upkeep\n|\n|t:|1775975752\n|switch|p1b: Sinistcha|Sinistcha, L50|28/100\n|-heal|p1a: Slowbro|67/100|[from] ability: Hospitality|[of] p1b: Sinistcha\n|turn|10\n|\n|t:|1775975795\n|move|p1b: Sinistcha|Rage Powder|p1b: Sinistcha\n|-singleturn|p1b: Sinistcha|move: Rage Powder\n|move|p2a: Sylveon|Hyper Voice|p1a: Slowbro|[spread] p1a,p1b\n|-damage|p1a: Slowbro|59/100\n|-damage|p1b: Sinistcha|0 fnt\n|faint|p1b: Sinistcha\n|move|p2b: Garchomp|Dragon Claw|p1a: Slowbro\n|-damage|p1a: Slowbro|30/100\n|move|p1a: Slowbro|Psychic|p2b: Garchomp\n|-damage|p2b: Garchomp|0 fnt\n|faint|p2b: Garchomp\n|\n|upkeep\n|turn|11\n|\n|t:|1775975806\n|move|p2a: Sylveon|Hyper Voice|p1a: Slowbro\n|-damage|p1a: Slowbro|17/100\n|move|p1a: Slowbro|Psychic|p2a: Sylveon\n|-damage|p2a: Sylveon|0 fnt\n|faint|p2a: Sylveon\n|\n|win|pokemongming\n|raw|pokemongming's rating: 1110 &rarr; <strong>1136</strong><br />(+26 for winning)\n|raw|dracovideogames's rating: 1122 &rarr; <strong>1096</strong><br />(-26 for losing)\n|l|\u2606dracovideogames\n|player|p2|\n",
  "uploadtime": 1775975813,
  "views": 18,
  "formatid": "gen9championsvgc2026regma",
  "rating": 1096,
  "private": 0,
  "password": null
}