{
  "id": "gen9championsvgc2026regma-2582313249",
  "format": "[Gen 9 Champions] VGC 2026 Reg M-A",
  "players": [
    "shin-tv07",
    "bacxray"
  ],
  "log": "|j|\u2606shin-tv07\n|j|\u2606bacxray\n|t:|1776082435\n|gametype|doubles\n|player|p1|shin-tv07|twins-gen4dp|1025\n|player|p2|bacxray|hugh|1060\n|gen|9\n|tier|[Gen 9 Champions] VGC 2026 Reg M-A\n|rated|\n|rule|Species Clause: Limit one of each Pok\u00e9mon\n|rule|Item Clause: Limit 1 of each item\n|clearpoke\n|poke|p1|Sneasler, L50, F|\n|poke|p1|Kingambit, L50, F|\n|poke|p1|Clefable, L50, M|\n|poke|p1|Delphox, L50, M|\n|poke|p1|Dragonite, L50, M|\n|poke|p1|Basculegion, L50, M|\n|poke|p2|Gengar, L50, F|\n|poke|p2|Politoed, L50, F|\n|poke|p2|Basculegion, L50, M|\n|poke|p2|Sneasler, L50, F|\n|poke|p2|Garchomp, L50, F|\n|poke|p2|Sableye, L50, M|\n|teampreview|4\n|inactive|Battle timer is ON: inactive players will automatically lose when time's up. (requested by shin-tv07)\nshin-tv07 rejected open team sheets.\n|inactive|bacxray has 60 seconds left.\n|\n|t:|1776082528\n|teamsize|p1|4\n|teamsize|p2|4\n|start\n|switch|p1a: Kingambit|Kingambit, L50, F|100/100\n|switch|p1b: Delphox|Delphox, L50, M|100/100\n|switch|p2a: Gaspar|Gengar, L50, F, shiny|100/100\n|switch|p2b: Ferrero|Sableye, L50, M, shiny|100/100\n|turn|1\n|inactive|bacxray has 30 seconds left.\n|\n|t:|1776082558\n|detailschange|p2a: Gaspar|Gengar-Mega, L50, F, shiny\n|-mega|p2a: Gaspar|Gengar|Gengarite\n|detailschange|p1b: Delphox|Delphox-Mega, L50, M\n|-mega|p1b: Delphox|Delphox|Delphoxite\n|move|p2a: Gaspar|Protect|p2a: Gaspar\n|-singleturn|p2a: Gaspar|Protect\n|move|p2b: Ferrero|Fake Out|p1b: Delphox\n|-damage|p1b: Delphox|88/100\n|cant|p1b: Delphox|flinch\n|move|p1a: Kingambit|Kowtow Cleave|p2a: Gaspar\n|-activate|p2a: Gaspar|move: Protect\n|\n|upkeep\n|turn|2\n|inactive|shin-tv07 has 30 seconds left.\n|inactive|bacxray has 30 seconds left.\n|inactive|bacxray has 20 seconds left.\n|inactive|bacxray has 15 seconds left.\n|\n|t:|1776082599\n|move|p2b: Ferrero|Rain Dance|p2b: Ferrero\n|-weather|RainDance\n|move|p1b: Delphox|Psychic|p2a: Gaspar\n|-supereffective|p2a: Gaspar|1\n|-damage|p2a: Gaspar|0 fnt\n|faint|p2a: Gaspar\n|move|p1a: Kingambit|Kowtow Cleave|p2b: Ferrero\n|-damage|p2b: Ferrero|22/100\n|\n|-weather|RainDance|[upkeep]\n|upkeep\n|\n|t:|1776082609\n|switch|p2a: Boundless|Basculegion, L50, M|100/100\n|turn|3\n|inactive|bacxray has 30 seconds left.\n|inactive|bacxray has 20 seconds left.\n|\n|t:|1776082646\n|switch|p2b: Gar\u00e7om|Garchomp, L50, F|100/100\n|move|p1b: Delphox|Protect|p1b: Delphox\n|-singleturn|p1b: Delphox|Protect\n|move|p2a: Boundless|Last Respects|p1b: Delphox\n|-activate|p1b: Delphox|move: Protect\n|move|p1a: Kingambit|Kowtow Cleave|p2a: Boundless\n|-supereffective|p2a: Boundless|1\n|-damage|p2a: Boundless|0 fnt\n|faint|p2a: Boundless\n|\n|-weather|RainDance|[upkeep]\n|upkeep\n|c|\u2606shin-tv07|what did you expect?\n|\n|t:|1776082661\n|switch|p2a: Ferrero|Sableye, L50, M, shiny|22/100\n|turn|4\n|inactive|shin-tv07 has 30 seconds left.\n|\n|t:|1776082687\n|move|p1a: Kingambit|Protect|p1a: Kingambit\n|-singleturn|p1a: Kingambit|Protect\n|move|p2a: Ferrero|Encore|p1b: Delphox\n|-start|p1b: Delphox|Encore\n|move|p1b: Delphox|Protect||[still]\n|-fail|p1b: Delphox\n|move|p2b: Gar\u00e7om|Stomping Tantrum|p1a: Kingambit\n|-activate|p1a: Kingambit|move: Protect\n|\n|-weather|RainDance|[upkeep]\n|upkeep\n|turn|5\n|inactive|shin-tv07 has 30 seconds left.\n|inactive|bacxray has 30 seconds left.\n|inactive|shin-tv07 has 20 seconds left.\n|inactive|bacxray has 20 seconds left.\n|\n|t:|1776082726\n|switch|p1a: Basculegion|Basculegion, L50, M|100/100\n|move|p1b: Delphox|Protect|p1b: Delphox\n|-singleturn|p1b: Delphox|Protect\n|move|p2a: Ferrero|Encore||[still]\n|-fail|p2a: Ferrero\n|move|p2b: Gar\u00e7om|Stomping Tantrum|p1a: Basculegion\n|-damage|p1a: Basculegion|38/100\n|\n|-weather|RainDance|[upkeep]\n|upkeep\n|turn|6\n|inactive|shin-tv07 has 30 seconds left.\n|inactive|bacxray has 30 seconds left.\n|\n|t:|1776082758\n|move|p1b: Delphox|Protect||[still]\n|-fail|p1b: Delphox\n|move|p2b: Gar\u00e7om|Protect|p2b: Gar\u00e7om\n|-singleturn|p2b: Gar\u00e7om|Protect\n|move|p2a: Ferrero|Rain Dance||[still]\n|-fail|p2a: Ferrero\n|move|p1a: Basculegion|Wave Crash|p2b: Gar\u00e7om\n|-activate|p2b: Gar\u00e7om|move: Protect\n|\n|-weather|none\n|-end|p1b: Delphox|Encore\n|upkeep\n|turn|7\n|inactive|bacxray has 30 seconds left.\n|\n|t:|1776082786\n|switch|p1b: Kingambit|Kingambit, L50, F|100/100\n|move|p2a: Ferrero|Disable|p1a: Basculegion\n|-start|p1a: Basculegion|Disable|Wave Crash\n|cant|p1a: Basculegion|Disable|Wave Crash\n|move|p2b: Gar\u00e7om|Rock Slide|p1b: Kingambit|[spread] p1a,p1b\n|-resisted|p1b: Kingambit|1\n|-damage|p1a: Basculegion|12/100\n|-damage|p1b: Kingambit|93/100\n|\n|upkeep\n|turn|8\n|inactive|shin-tv07 has 30 seconds left.\n|inactive|bacxray has 30 seconds left.\n|inactive|bacxray has 20 seconds left.\n|inactive|bacxray has 15 seconds left.\n|\n|t:|1776082831\n|switch|p1a: Sneasler|Sneasler, L50, F|100/100\n|switch|p1b: Delphox|Delphox-Mega, L50, M|88/100\n|move|p2a: Ferrero|Rain Dance|p2a: Ferrero\n|-weather|RainDance\n|move|p2b: Gar\u00e7om|Rock Slide|p1a: Sneasler|[spread] p1a,p1b\n|-resisted|p1a: Sneasler|1\n|-supereffective|p1b: Delphox|1\n|-damage|p1a: Sneasler|84/100\n|-damage|p1b: Delphox|32/100\n|\n|-weather|RainDance|[upkeep]\n|upkeep\n|turn|9\n|inactive|shin-tv07 has 30 seconds left.\n|inactive|shin-tv07 has 20 seconds left.\n|inactive|shin-tv07 has 15 seconds left.\n|\n|t:|1776082873\n|move|p2b: Gar\u00e7om|Protect|p2b: Gar\u00e7om\n|-singleturn|p2b: Gar\u00e7om|Protect\n|move|p1a: Sneasler|Fake Out|p2b: Gar\u00e7om\n|-activate|p2b: Gar\u00e7om|move: Protect\n|move|p2a: Ferrero|Rain Dance||[still]\n|-fail|p2a: Ferrero\n|move|p1b: Delphox|Psychic|p2a: Ferrero\n|-immune|p2a: Ferrero\n|\n|-weather|RainDance|[upkeep]\n|upkeep\n|turn|10\n|c|\u2606shin-tv07|i might be dumb\n|inactive|shin-tv07 has 30 seconds left.\n|\n|t:|1776082903\n|switch|p1a: Kingambit|Kingambit, L50, F|93/100\n|move|p2a: Ferrero|Encore|p1a: Kingambit\n|-hint|Since gen 7, Dark is immune to Prankster moves.\n|-immune|p1a: Kingambit\n|move|p1b: Delphox|Heat Wave|p2b: Gar\u00e7om|[spread] p2a\n|-miss|p1b: Delphox|p2b: Gar\u00e7om\n|-damage|p2a: Ferrero|0 fnt\n|faint|p2a: Ferrero\n|move|p2b: Gar\u00e7om|Rock Slide|p1a: Kingambit|[spread] p1b\n|-miss|p2b: Gar\u00e7om|p1a: Kingambit\n|-supereffective|p1b: Delphox|1\n|-damage|p1b: Delphox|0 fnt\n|faint|p1b: Delphox\n|\n|-weather|RainDance|[upkeep]\n|upkeep\n|\n|t:|1776082915\n|switch|p1b: Sneasler|Sneasler, L50, F|84/100\n|turn|11\n|\n|t:|1776082930\n|move|p2b: Gar\u00e7om|Protect|p2b: Gar\u00e7om\n|-singleturn|p2b: Gar\u00e7om|Protect\n|move|p1b: Sneasler|Fake Out|p2b: Gar\u00e7om\n|-activate|p2b: Gar\u00e7om|move: Protect\n|move|p1a: Kingambit|Swords Dance|p1a: Kingambit\n|-boost|p1a: Kingambit|atk|2\n|\n|-weather|RainDance|[upkeep]\n|upkeep\n|turn|12\n|\n|t:|1776082944\n|move|p1a: Kingambit|Sucker Punch|p2b: Gar\u00e7om\n|-damage|p2b: Gar\u00e7om|2/100\n|-damage|p1a: Kingambit|81/100|[from] ability: Rough Skin|[of] p2b: Gar\u00e7om\n|move|p1b: Sneasler|Close Combat|p2b: Gar\u00e7om\n|-damage|p2b: Gar\u00e7om|0 fnt\n|-unboost|p1b: Sneasler|def|1\n|-unboost|p1b: Sneasler|spd|1\n|-damage|p1b: Sneasler|72/100|[from] ability: Rough Skin|[of] p2b: Gar\u00e7om\n|faint|p2b: Gar\u00e7om\n|\n|win|shin-tv07\n|raw|shin-tv07's rating: 1025 &rarr; <strong>1065</strong><br />(+40 for winning)\n|raw|bacxray's rating: 1060 &rarr; <strong>1039</strong><br />(-21 for losing)\n|l|\u2606bacxray\n|player|p2|\n|c|\u2606shin-tv07|gglol\n",
  "uploadtime": 1776082956,
  "views": 8,
  "formatid": "gen9championsvgc2026regma",
  "rating": 1039,
  "private": 0,
  "password": null
}