{
  "id": "gen9championsvgc2026regma-2588960422",
  "format": "[Gen 9 Champions] VGC 2026 Reg M-A",
  "players": [
    "sachin ace",
    "Kobeisherepokemon"
  ],
  "log": "|j|\u2606sachin ace\n|j|\u2606Kobeisherepokemon\n|t:|1776689665\n|gametype|doubles\n|player|p1|sachin ace|ninjaboy|1040\n|player|p2|Kobeisherepokemon|266|1028\n|gen|9\n|tier|[Gen 9 Champions] VGC 2026 Reg M-A\n|rated|\n|rule|Species Clause: Limit one of each Pok\u00e9mon\n|rule|Item Clause: Limit 1 of each item\n|clearpoke\n|poke|p1|Charizard, L50, M|\n|poke|p1|Venusaur, L50, F|\n|poke|p1|Aerodactyl, L50, M|\n|poke|p1|Palafin, L50, F|\n|poke|p1|Kingambit, L50, F|\n|poke|p1|Sneasler, L50, M|\n|poke|p2|Gourgeist, L50, M, shiny|\n|poke|p2|Gengar, L50, F, shiny|\n|poke|p2|Kommo-o, L50, M|\n|poke|p2|Gyarados, L50, M|\n|poke|p2|Ninetales-Alola, L50, F|\n|poke|p2|Incineroar, L50, F, shiny|\n|teampreview|4\n|inactive|Battle timer is ON: inactive players will automatically lose when time's up. (requested by Kobeisherepokemon)\nsachin ace rejected open team sheets.\n|inactive|Kobeisherepokemon has 60 seconds left.\n|\n|t:|1776689705\n|teamsize|p1|4\n|teamsize|p2|4\n|start\n|switch|p1a: Kingambit|Kingambit, L50, F|100/100\n|switch|p1b: Palafin|Palafin, L50, F|100/100\n|switch|p2a: Gourgeist|Gourgeist, L50, M, shiny|100/100\n|switch|p2b: Incineroar|Incineroar, L50, F, shiny|100/100\n|-item|p1a: Kingambit|Leftovers|[from] ability: Frisk|[of] p2a: Gourgeist\n|-item|p1b: Palafin|Choice Scarf|[from] ability: Frisk|[of] p2a: Gourgeist\n|-ability|p2b: Incineroar|Intimidate|boost\n|-unboost|p1a: Kingambit|atk|1\n|-ability|p1a: Kingambit|Defiant|boost\n|-boost|p1a: Kingambit|atk|2\n|-unboost|p1b: Palafin|atk|1\n|turn|1\n|\n|t:|1776689728\n|move|p2b: Incineroar|Fake Out|p1a: Kingambit\n|-resisted|p1a: Kingambit|1\n|-damage|p1a: Kingambit|97/100\n|move|p1b: Palafin|Flip Turn|p2b: Incineroar\n|-supereffective|p2b: Incineroar|1\n|-damage|p2b: Incineroar|76/100\n|\n|t:|1776689737\n|detailschange|p1b: Palafin|Palafin-Hero, L50, F\n|switch|p1b: Venusaur|Venusaur, L50, F|100/100|[from] Flip Turn\n|move|p2a: Gourgeist|Power Whip|p1b: Venusaur\n|-resisted|p1b: Venusaur|2\n|-damage|p1b: Venusaur|86/100\n|cant|p1a: Kingambit|flinch\n|\n|-heal|p1a: Kingambit|100/100|[from] item: Leftovers\n|upkeep\n|turn|2\n|inactive|sachin ace has 30 seconds left.\n|\n|t:|1776689763\n|switch|p2a: Ninetales|Ninetales-Alola, L50, F|100/100\n|-weather|Snowscape|[from] ability: Snow Warning|[of] p2a: Ninetales\n|move|p1a: Kingambit|Sucker Punch||[still]\n|-fail|p1a: Kingambit\n|move|p1b: Venusaur|Sludge Bomb|p2a: Ninetales\n|-supereffective|p2a: Ninetales|1\n|-enditem|p2a: Ninetales|Focus Sash\n|-damage|p2a: Ninetales|1/100\n|-status|p2a: Ninetales|psn\n|move|p2b: Incineroar|Will-O-Wisp|p1a: Kingambit\n|-status|p1a: Kingambit|brn\n|\n|-weather|Snowscape|[upkeep]\n|-damage|p2a: Ninetales|0 fnt|[from] psn\n|faint|p2a: Ninetales\n|-damage|p1a: Kingambit|95/100 brn|[from] brn\n|upkeep\n|\n|t:|1776689782\n|switch|p2a: Gourgeist|Gourgeist, L50, M, shiny|100/100\n|-item|p1a: Kingambit|Leftovers|[from] ability: Frisk|[of] p2a: Gourgeist\n|-item|p1b: Venusaur|Venusaurite|[from] ability: Frisk|[of] p2a: Gourgeist\n|turn|3\n|\n|t:|1776689805\n|switch|p2a: Gyarados|Gyarados, L50, M|100/100\n|-ability|p2a: Gyarados|Intimidate|boost\n|-unboost|p1a: Kingambit|atk|1\n|-ability|p1a: Kingambit|Defiant|boost\n|-boost|p1a: Kingambit|atk|2\n|-unboost|p1b: Venusaur|atk|1\n|move|p1b: Venusaur|Sludge Bomb|p2b: Incineroar\n|-damage|p2b: Incineroar|42/100\n|-enditem|p2b: Incineroar|Sitrus Berry|[eat]\n|-heal|p2b: Incineroar|66/100|[from] item: Sitrus Berry\n|move|p2b: Incineroar|Flare Blitz|p1a: Kingambit\n|-supereffective|p1a: Kingambit|1\n|-damage|p1a: Kingambit|25/100 brn\n|-damage|p2b: Incineroar|43/100|[from] Recoil\n|move|p1a: Kingambit|Kowtow Cleave|p2a: Gyarados\n|-damage|p2a: Gyarados|49/100\n|\n|-weather|Snowscape|[upkeep]\n|-heal|p1a: Kingambit|31/100 brn|[from] item: Leftovers\n|-damage|p1a: Kingambit|25/100 brn|[from] brn\n|upkeep\n|turn|4\n|inactive|sachin ace has 30 seconds left.\n|inactive|Kobeisherepokemon has 30 seconds left.\n|inactive|Kobeisherepokemon has 20 seconds left.\n|inactive|Kobeisherepokemon has 15 seconds left.\n|inactive|Kobeisherepokemon has 10 seconds left.\n|\n|t:|1776689852\n|detailschange|p2a: Gyarados|Gyarados-Mega, L50, M\n|-mega|p2a: Gyarados|Gyarados|Gyaradosite\n|-ability|p2a: Gyarados|Mold Breaker\n|move|p1a: Kingambit|Sucker Punch|p2b: Incineroar\n|-resisted|p2b: Incineroar|1\n|-damage|p2b: Incineroar|23/100\n|move|p1b: Venusaur|Sludge Bomb|p2a: Gyarados\n|-damage|p2a: Gyarados|23/100\n|move|p2a: Gyarados|Waterfall|p1a: Kingambit\n|-damage|p1a: Kingambit|0 fnt\n|faint|p1a: Kingambit\n|move|p2b: Incineroar|Flare Blitz|p1b: Venusaur\n|-supereffective|p1b: Venusaur|1\n|-damage|p1b: Venusaur|0 fnt\n|faint|p1b: Venusaur\n|-damage|p2b: Incineroar|1/100|[from] Recoil\n|\n|-weather|Snowscape|[upkeep]\n|upkeep\n|l|\u2606Kobeisherepokemon\n|inactive|Kobeisherepokemon disconnected and has a minute to reconnect!\n|player|p2|\n|\n|t:|1776689873\n|switch|p1b: Palafin|Palafin-Hero, L50, F|100/100\n|switch|p1a: Charizard|Charizard, L50, M|100/100\n|-activate|p1b: Palafin|ability: Zero to Hero\n|turn|5\n|j|\u2606Kobeisherepokemon\n|inactive|Kobeisherepokemon reconnected and has 55 seconds left.\n|player|p2|Kobeisherepokemon|266|\n|\n|t:|1776689893\n|detailschange|p1a: Charizard|Charizard-Mega-Y, L50, M\n|-mega|p1a: Charizard|Charizard|Charizardite Y\n|-weather|SunnyDay|[from] ability: Drought|[of] p1a: Charizard\n|move|p1a: Charizard|Protect|p1a: Charizard\n|-singleturn|p1a: Charizard|Protect\n|move|p2a: Gyarados|Protect|p2a: Gyarados\n|-singleturn|p2a: Gyarados|Protect\n|move|p1b: Palafin|Wave Crash|p2b: Incineroar\n|-supereffective|p2b: Incineroar|1\n|-damage|p2b: Incineroar|0 fnt\n|faint|p2b: Incineroar\n|-damage|p1b: Palafin|99/100|[from] Recoil\n|\n|-weather|SunnyDay|[upkeep]\n|upkeep\n|\n|t:|1776689903\n|switch|p2b: Gourgeist|Gourgeist, L50, M, shiny|100/100\n|-item|p1a: Charizard|Charizardite Y|[from] ability: Frisk|[of] p2b: Gourgeist\n|-item|p1b: Palafin|Choice Scarf|[from] ability: Frisk|[of] p2b: Gourgeist\n|turn|6\n|l|\u2606Kobeisherepokemon\n|inactive|Kobeisherepokemon disconnected and has a minute to reconnect!\n|player|p2|\n|j|\u2606Kobeisherepokemon\n|inactive|Kobeisherepokemon reconnected and has 35 seconds left.\n|player|p2|Kobeisherepokemon|266|\n|inactive|Kobeisherepokemon has 30 seconds left.\n|\n|t:|1776689929\n|move|p1b: Palafin|Wave Crash|p2a: Gyarados\n|-resisted|p2a: Gyarados|1\n|-damage|p2a: Gyarados|7/100\n|-damage|p1b: Palafin|94/100|[from] Recoil\n|move|p2b: Gourgeist|Rock Slide|p1b: Palafin|[spread] p1a,p1b\n|-supereffective|p1a: Charizard|2\n|-damage|p1a: Charizard|10/100\n|-damage|p1b: Palafin|79/100\n|cant|p1a: Charizard|flinch\n|move|p2a: Gyarados|Dragon Dance|p2a: Gyarados\n|-boost|p2a: Gyarados|atk|1\n|-boost|p2a: Gyarados|spe|1\n|\n|-weather|SunnyDay|[upkeep]\n|upkeep\n|turn|7\n|l|\u2606Kobeisherepokemon\n|inactive|Kobeisherepokemon disconnected and has a minute to reconnect!\n|player|p2|\n|inactive|Kobeisherepokemon has 30 seconds left.\n|j|\u2606Kobeisherepokemon\n|inactive|Kobeisherepokemon reconnected and has 30 seconds left.\n|player|p2|Kobeisherepokemon|266|\n|inactive|Kobeisherepokemon has 20 seconds left.\n|\n|t:|1776689966\n|move|p1a: Charizard|Protect|p1a: Charizard\n|-singleturn|p1a: Charizard|Protect\n|move|p1b: Palafin|Wave Crash|p2a: Gyarados\n|-resisted|p2a: Gyarados|1\n|-damage|p2a: Gyarados|0 fnt\n|faint|p2a: Gyarados\n|-damage|p1b: Palafin|76/100|[from] Recoil\n|move|p2b: Gourgeist|Rock Slide|p1a: Charizard|[spread] \n|-activate|p1a: Charizard|move: Protect\n|-miss|p2b: Gourgeist|p1b: Palafin\n|\n|-weather|SunnyDay|[upkeep]\n|upkeep\n|turn|8\n|\n|t:|1776689984\n|move|p1b: Palafin|Wave Crash|p2b: Gourgeist\n|-resisted|p2b: Gourgeist|1\n|-damage|p2b: Gourgeist|86/100\n|-damage|p1b: Palafin|72/100|[from] Recoil\n|move|p2b: Gourgeist|Rock Slide|p1b: Palafin|[spread] p1a,p1b\n|-supereffective|p1a: Charizard|2\n|-damage|p1a: Charizard|0 fnt\n|-damage|p1b: Palafin|55/100\n|faint|p1a: Charizard\n|\n|-weather|SunnyDay|[upkeep]\n|upkeep\n|turn|9\n|\n|t:|1776689997\n|move|p1b: Palafin|Wave Crash|p2b: Gourgeist\n|-resisted|p2b: Gourgeist|1\n|-damage|p2b: Gourgeist|71/100\n|-damage|p1b: Palafin|51/100|[from] Recoil\n|move|p2b: Gourgeist|Rock Slide|p1b: Palafin\n|-damage|p1b: Palafin|30/100\n|\n|-weather|none\n|upkeep\n|turn|10\n|\n|t:|1776690008\n|move|p1b: Palafin|Wave Crash|p2b: Gourgeist\n|-resisted|p2b: Gourgeist|1\n|-damage|p2b: Gourgeist|37/100\n|-damage|p1b: Palafin|19/100|[from] Recoil\n|move|p2b: Gourgeist|Rock Slide|p1b: Palafin\n|-damage|p1b: Palafin|0 fnt\n|faint|p1b: Palafin\n|\n|win|Kobeisherepokemon\n|raw|sachin ace's rating: 1040 &rarr; <strong>1023</strong><br />(-17 for losing)\n|raw|Kobeisherepokemon's rating: 1028 &rarr; <strong>1065</strong><br />(+37 for winning)\n",
  "uploadtime": 1776690021,
  "views": 2,
  "formatid": "gen9championsvgc2026regma",
  "rating": 1023,
  "private": 0,
  "password": null
}