{
  "id": "gen9championsvgc2026regma-2581059067",
  "format": "[Gen 9 Champions] VGC 2026 Reg M-A",
  "players": [
    "bearfut",
    "dmg5146"
  ],
  "log": "|j|\u2606bearfut\n|j|\u2606dmg5146\n|t:|1775955987\n|gametype|doubles\n|player|p1|bearfut|266|1067\n|player|p2|dmg5146|hugh|1050\n|gen|9\n|tier|[Gen 9 Champions] VGC 2026 Reg M-A\n|rated|\n|rule|Species Clause: Limit one of each Pok\u00e9mon\n|rule|Item Clause: Limit 1 of each item\n|clearpoke\n|poke|p1|Aerodactyl, L50, F|\n|poke|p1|Incineroar, L50, F|\n|poke|p1|Sinistcha, L50|\n|poke|p1|Primarina, L50, F|\n|poke|p1|Archaludon, L50, F|\n|poke|p1|Pelipper, L50, M|\n|poke|p2|Starmie, L50|\n|poke|p2|Incineroar, L50, M|\n|poke|p2|Sylveon, L50, F|\n|poke|p2|Sneasler, L50, F|\n|poke|p2|Kingambit, L50, M|\n|poke|p2|Sinistcha, L50|\n|teampreview|4\n|inactive|Battle timer is ON: inactive players will automatically lose when time's up. (requested by bearfut)\n|inactive|dmg5146 has 60 seconds left.\n|\n|t:|1775956037\n|teamsize|p1|4\n|teamsize|p2|4\n|start\n|switch|p1a: Archaludon|Archaludon, L50, F|100/100\n|switch|p1b: Pelipper|Pelipper, L50, M|100/100\n|switch|p2a: Blessyousler|Sneasler, L50, F|100/100\n|switch|p2b: Starman Jr.|Starmie, L50, shiny|100/100\n|-weather|RainDance|[from] ability: Drizzle|[of] p1b: Pelipper\n|turn|1\n|inactive|bearfut has 30 seconds left.\n|\n|t:|1775956067\n|detailschange|p2b: Starman Jr.|Starmie-Mega, L50, shiny\n|-mega|p2b: Starman Jr.|Starmie|Starminite\n|move|p1a: Archaludon|Electro Shot||[still]\n|-prepare|p1a: Archaludon|Electro Shot\n|-boost|p1a: Archaludon|spa|1\n|-anim|p1a: Archaludon|Electro Shot|p2b: Starman Jr.\n|-supereffective|p2b: Starman Jr.|1\n|-damage|p2b: Starman Jr.|0 fnt\n|faint|p2b: Starman Jr.\n|move|p2a: Blessyousler|Coaching|p2: Starman Jr.|[notarget]\n|-fail|p2a: Blessyousler\n|move|p1b: Pelipper|Tailwind|p1b: Pelipper\n|-sidestart|p1: bearfut|move: Tailwind\n|\n|-weather|RainDance|[upkeep]\n|upkeep\n|\n|t:|1775956077\n|switch|p2b: Bow|Sylveon, L50, F, shiny|100/100\n|turn|2\n|\n|t:|1775956087\n|move|p1a: Archaludon|Electro Shot||[still]\n|-prepare|p1a: Archaludon|Electro Shot\n|-boost|p1a: Archaludon|spa|1\n|-anim|p1a: Archaludon|Electro Shot|p2b: Bow\n|-damage|p2b: Bow|28/100\n|move|p1b: Pelipper|Hurricane|p2a: Blessyousler\n|-supereffective|p2a: Blessyousler|1\n|-enditem|p2a: Blessyousler|Focus Sash\n|-damage|p2a: Blessyousler|1/100\n|move|p2a: Blessyousler|Close Combat|p1a: Archaludon\n|-supereffective|p1a: Archaludon|1\n|-damage|p1a: Archaludon|0 fnt\n|-unboost|p2a: Blessyousler|def|1\n|-unboost|p2a: Blessyousler|spd|1\n|faint|p1a: Archaludon\n|move|p2b: Bow|Calm Mind|p2b: Bow\n|-boost|p2b: Bow|spa|1\n|-boost|p2b: Bow|spd|1\n|\n|-weather|RainDance|[upkeep]\n|upkeep\n|\n|t:|1775956106\n|switch|p1a: Primarina|Primarina, L50, F|100/100\n|turn|3\n|\n|t:|1775956116\n|move|p2a: Blessyousler|Rock Slide|p1a: Primarina|[spread] p1a,p1b\n|-supereffective|p1b: Pelipper|1\n|-damage|p1a: Primarina|84/100\n|-damage|p1b: Pelipper|48/100\n|move|p1b: Pelipper|Hurricane|p2a: Blessyousler\n|-supereffective|p2a: Blessyousler|1\n|-damage|p2a: Blessyousler|0 fnt\n|faint|p2a: Blessyousler\n|cant|p1a: Primarina|flinch\n|move|p2b: Bow|Hyper Voice|p1b: Pelipper|[spread] p1a,p1b\n|-damage|p1a: Primarina|28/100\n|-damage|p1b: Pelipper|0 fnt\n|faint|p1b: Pelipper\n|\n|-weather|RainDance|[upkeep]\n|-heal|p1a: Primarina|34/100|[from] item: Leftovers\n|upkeep\n|\n|t:|1775956130\n|switch|p2a: Checkmate|Kingambit, L50, M, shiny|100/100\n|switch|p1b: Aerodactyl|Aerodactyl, L50, F|100/100\n|turn|4\n|\n|t:|1775956147\n|detailschange|p1b: Aerodactyl|Aerodactyl-Mega, L50, F\n|-mega|p1b: Aerodactyl|Aerodactyl|Aerodactylite\n|move|p2b: Bow|Detect|p2b: Bow\n|-singleturn|p2b: Bow|Protect\n|move|p1b: Aerodactyl|Rock Slide|p2b: Bow|[spread] \n|-activate|p2b: Bow|move: Protect\n|-miss|p1b: Aerodactyl|p2a: Checkmate\n|move|p1a: Primarina|Hyper Voice|p2a: Checkmate|[spread] p2a\n|-activate|p2b: Bow|move: Protect\n|-damage|p2a: Checkmate|58/100\n|move|p2a: Checkmate|Iron Head|p1a: Primarina\n|-damage|p1a: Primarina|0 fnt\n|faint|p1a: Primarina\n|\n|-weather|RainDance|[upkeep]\n|-sideend|p1: bearfut|move: Tailwind\n|upkeep\n|turn|5\n|\n|t:|1775956164\n|move|p2b: Bow|Helping Hand|p2a: Checkmate\n|-singleturn|p2a: Checkmate|Helping Hand|[of] p2b: Bow\n|move|p2a: Checkmate|Sucker Punch|p1b: Aerodactyl\n|-damage|p1b: Aerodactyl|22/100\n|move|p1b: Aerodactyl|Rock Slide|p2b: Bow|[spread] p2a,p2b\n|-resisted|p2a: Checkmate|1\n|-crit|p2a: Checkmate\n|-damage|p2a: Checkmate|39/100\n|-damage|p2b: Bow|0 fnt\n|faint|p2b: Bow\n|\n|-weather|none\n|upkeep\n|turn|6\n|\n|t:|1775956179\n|move|p2a: Checkmate|Sucker Punch||[still]\n|-fail|p2a: Checkmate\n|move|p1b: Aerodactyl|Dragon Dance|p1b: Aerodactyl\n|-boost|p1b: Aerodactyl|atk|1\n|-boost|p1b: Aerodactyl|spe|1\n|\n|upkeep\n|turn|7\n|\n|t:|1775956184\n|move|p2a: Checkmate|Sucker Punch||[still]\n|-fail|p2a: Checkmate\n|move|p1b: Aerodactyl|Dragon Dance|p1b: Aerodactyl\n|-boost|p1b: Aerodactyl|atk|1\n|-boost|p1b: Aerodactyl|spe|1\n|\n|upkeep\n|turn|8\n|\n|t:|1775956190\n|move|p2a: Checkmate|Sucker Punch||[still]\n|-fail|p2a: Checkmate\n|move|p1b: Aerodactyl|Dragon Dance|p1b: Aerodactyl\n|-boost|p1b: Aerodactyl|atk|1\n|-boost|p1b: Aerodactyl|spe|1\n|\n|upkeep\n|turn|9\n|\n|t:|1775956198\n|move|p2a: Checkmate|Sucker Punch||[still]\n|-fail|p2a: Checkmate\n|move|p1b: Aerodactyl|Dragon Dance|p1b: Aerodactyl\n|-boost|p1b: Aerodactyl|atk|1\n|-boost|p1b: Aerodactyl|spe|1\n|\n|upkeep\n|turn|10\n|\n|t:|1775956205\n|move|p2a: Checkmate|Sucker Punch||[still]\n|-fail|p2a: Checkmate\n|move|p1b: Aerodactyl|Dragon Dance|p1b: Aerodactyl\n|-boost|p1b: Aerodactyl|atk|1\n|-boost|p1b: Aerodactyl|spe|1\n|\n|upkeep\n|turn|11\n|\n|t:|1775956215\n|move|p2a: Checkmate|Sucker Punch||[still]\n|-fail|p2a: Checkmate\n|move|p1b: Aerodactyl|Dragon Dance|p1b: Aerodactyl\n|-boost|p1b: Aerodactyl|atk|1\n|-boost|p1b: Aerodactyl|spe|1\n|\n|upkeep\n|turn|12\n|\n|t:|1775956227\n|move|p1b: Aerodactyl|Giga Impact|p2a: Checkmate\n|-resisted|p2a: Checkmate|1\n|-damage|p2a: Checkmate|0 fnt\n|-mustrecharge|p1b: Aerodactyl\n|faint|p2a: Checkmate\n|\n|win|bearfut\n|raw|bearfut's rating: 1067 &rarr; <strong>1095</strong><br />(+28 for winning)\n|raw|dmg5146's rating: 1050 &rarr; <strong>1033</strong><br />(-17 for losing)\n|c|\u2606dmg5146|Gg\n|l|\u2606dmg5146\n|player|p2|\n",
  "uploadtime": 1775956239,
  "views": 15,
  "formatid": "gen9championsvgc2026regma",
  "rating": 1033,
  "private": 0,
  "password": null
}