{
  "id": "gen9championsvgc2026regma-2586961668",
  "format": "[Gen 9 Champions] VGC 2026 Reg M-A",
  "players": [
    "MossdeepCosmics",
    "zpookydumb"
  ],
  "log": "|j|\u2606MossdeepCosmics\n|j|\u2606zpookydumb\n|t:|1776475968\n|gametype|doubles\n|player|p1|MossdeepCosmics|170|1099\n|player|p2|zpookydumb|bianca|1000\n|gen|9\n|tier|[Gen 9 Champions] VGC 2026 Reg M-A\n|rated|\n|rule|Species Clause: Limit one of each Pok\u00e9mon\n|rule|Item Clause: Limit 1 of each item\n|clearpoke\n|poke|p1|Crabominable, L50, M|\n|poke|p1|Slowking-Galar, L50, M|\n|poke|p1|Sinistcha, L50|\n|poke|p1|Incineroar, L50, F|\n|poke|p1|Primarina, L50, F|\n|poke|p1|Tyranitar, L50, M|\n|poke|p2|Pinsir, L50, M|\n|poke|p2|Incineroar, L50, M|\n|poke|p2|Sinistcha, L50|\n|poke|p2|Dragapult, L50, M|\n|poke|p2|Farigiraf, L50, F|\n|poke|p2|Kingambit, L50, F|\n|teampreview|4\n|inactive|Battle timer is ON: inactive players will automatically lose when time's up. (requested by MossdeepCosmics)\n|inactive|zpookydumb has 60 seconds left.\n|\n|t:|1776476007\n|teamsize|p1|4\n|teamsize|p2|4\n|start\n|switch|p1a: Crabominable|Crabominable, L50, M|100/100\n|switch|p1b: Slowking|Slowking-Galar, L50, M|100/100\n|switch|p2a: Farigiraf|Farigiraf, L50, F|100/100\n|switch|p2b: Kingambit|Kingambit, L50, F|100/100\n|turn|1\n|\n|t:|1776476022\n|detailschange|p1a: Crabominable|Crabominable-Mega, L50, M\n|-mega|p1a: Crabominable|Crabominable|Crabominite\n|move|p2b: Kingambit|Protect|p2b: Kingambit\n|-singleturn|p2b: Kingambit|Protect\n|move|p1a: Crabominable|Protect|p1a: Crabominable\n|-singleturn|p1a: Crabominable|Protect\n|move|p2a: Farigiraf|Twin Beam|p1a: Crabominable\n|-activate|p1a: Crabominable|move: Protect\n|move|p1b: Slowking|Trick Room|p1b: Slowking\n|-fieldstart|move: Trick Room|[of] p1b: Slowking\n|\n|upkeep\n|turn|2\n|\n|t:|1776476043\n|switch|p2b: Sinistcha|Sinistcha, L50|100/100\n|-prepare|p1b: Slowking|Chilly Reception|[premajor]\n|move|p1b: Slowking|Chilly Reception|p1b: Slowking\n|-weather|Snowscape\n|\n|t:|1776476052\n|switch|p1b: Tyranitar|Tyranitar, L50, M|100/100|[from] Chilly Reception\n|-weather|Sandstorm|[from] ability: Sand Stream|[of] p1b: Tyranitar\n|move|p1a: Crabominable|Drain Punch|p2b: Sinistcha\n|-immune|p2b: Sinistcha\n|move|p2a: Farigiraf|Trick Room|p2a: Farigiraf\n|-fieldend|move: Trick Room\n|\n|-weather|Sandstorm|[upkeep]\n|-damage|p2b: Sinistcha|94/100|[from] Sandstorm\n|-damage|p2a: Farigiraf|94/100|[from] Sandstorm\n|-damage|p1a: Crabominable|95/100|[from] Sandstorm\n|-heal|p2a: Farigiraf|100/100|[from] item: Leftovers\n|upkeep\n|turn|3\n|\n|t:|1776476072\n|move|p2b: Sinistcha|Matcha Gotcha|p1b: Tyranitar|[spread] p1a,p1b\n|-supereffective|p1b: Tyranitar|1\n|-damage|p1a: Crabominable|74/100\n|-heal|p2b: Sinistcha|100/100|[from] drain|[of] p1a: Crabominable\n|-damage|p1b: Tyranitar|73/100\n|-status|p1b: Tyranitar|brn\n|move|p1b: Tyranitar|Crunch|p2a: Farigiraf\n|-supereffective|p2a: Farigiraf|1\n|-damage|p2a: Farigiraf|56/100\n|move|p2a: Farigiraf|Twin Beam|p1a: Crabominable\n|-supereffective|p1a: Crabominable|1\n|-damage|p1a: Crabominable|48/100\n|-supereffective|p1a: Crabominable|1\n|-damage|p1a: Crabominable|23/100\n|-hitcount|p1a: Crabominable|2\n|move|p1a: Crabominable|Ice Hammer|p2b: Sinistcha|[miss]\n|-miss|p1a: Crabominable|p2b: Sinistcha\n|\n|-weather|Sandstorm|[upkeep]\n|-damage|p2b: Sinistcha|94/100|[from] Sandstorm\n|-damage|p2a: Farigiraf|49/100|[from] Sandstorm\n|-damage|p1a: Crabominable|17/100|[from] Sandstorm\n|-heal|p2a: Farigiraf|56/100|[from] item: Leftovers\n|-damage|p1b: Tyranitar|68/100 brn|[from] brn\n|upkeep\n|turn|4\n|inactive|MossdeepCosmics has 30 seconds left.\n|inactive|zpookydumb has 30 seconds left.\n|inactive|MossdeepCosmics has 20 seconds left.\n|inactive|MossdeepCosmics has 15 seconds left.\n|\n|t:|1776476112\n|move|p2a: Farigiraf|Ally Switch|p2a: Farigiraf\n|swap|p2a: Farigiraf|1|[from] move: Ally Switch\n|move|p2a: Sinistcha|Matcha Gotcha|p1a: Crabominable|[spread] p1a,p1b\n|-supereffective|p1b: Tyranitar|1\n|-damage|p1a: Crabominable|0 fnt\n|-heal|p2a: Sinistcha|100/100|[from] drain|[of] p1a: Crabominable\n|-damage|p1b: Tyranitar|38/100 brn\n|faint|p1a: Crabominable\n|move|p1b: Tyranitar|Crunch|p2a: Sinistcha\n|-supereffective|p2a: Sinistcha|1\n|-enditem|p2a: Sinistcha|Colbur Berry|[eat]\n|-enditem|p2a: Sinistcha|Colbur Berry|[weaken]\n|-damage|p2a: Sinistcha|83/100\n|\n|-weather|Sandstorm|[upkeep]\n|-damage|p2a: Sinistcha|76/100|[from] Sandstorm\n|-damage|p2b: Farigiraf|49/100|[from] Sandstorm\n|-heal|p2b: Farigiraf|56/100|[from] item: Leftovers\n|-damage|p1b: Tyranitar|32/100 brn|[from] brn\n|upkeep\n|\n|t:|1776476134\n|switch|p1a: Slowking|Slowking-Galar, L50, M|100/100\n|turn|5\n|inactive|zpookydumb has 30 seconds left.\n|\n|t:|1776476160\n|switch|p2a: Kingambit|Kingambit, L50, F|100/100\n|move|p1b: Tyranitar|Rock Slide|p2a: Kingambit|[spread] p2a,p2b\n|-resisted|p2a: Kingambit|1\n|-damage|p2a: Kingambit|95/100\n|-damage|p2b: Farigiraf|40/100\n|cant|p2b: Farigiraf|flinch\n|move|p1a: Slowking|Psychic|p2a: Kingambit\n|-immune|p2a: Kingambit\n|\n|-weather|Sandstorm|[upkeep]\n|-damage|p2b: Farigiraf|34/100|[from] Sandstorm\n|-damage|p1a: Slowking|95/100|[from] Sandstorm\n|-heal|p2b: Farigiraf|40/100|[from] item: Leftovers\n|-damage|p1b: Tyranitar|26/100 brn|[from] brn\n|upkeep\n|turn|6\n|\n|t:|1776476181\n|move|p1a: Slowking|Protect|p1a: Slowking\n|-singleturn|p1a: Slowking|Protect\n|move|p1b: Tyranitar|Earthquake|p2b: Farigiraf|[spread] p2a,p2b\n|-activate|p1a: Slowking|move: Protect\n|-supereffective|p2a: Kingambit|1\n|-damage|p2a: Kingambit|73/100\n|-damage|p2b: Farigiraf|26/100\n|move|p2b: Farigiraf|Twin Beam|p1a: Slowking\n|-activate|p1a: Slowking|move: Protect\n|move|p2a: Kingambit|Iron Head|p1b: Tyranitar\n|-supereffective|p1b: Tyranitar|1\n|-damage|p1b: Tyranitar|0 fnt\n|faint|p1b: Tyranitar\n|\n|-weather|none\n|-heal|p2b: Farigiraf|32/100|[from] item: Leftovers\n|upkeep\n|\n|t:|1776476197\n|switch|p1b: Incineroar|Incineroar, L50, F|100/100\n|-ability|p1b: Incineroar|Intimidate|boost\n|-unboost|p2a: Kingambit|atk|1\n|-ability|p2a: Kingambit|Defiant|boost\n|-boost|p2a: Kingambit|atk|2\n|-unboost|p2b: Farigiraf|atk|1\n|turn|7\n|\n|t:|1776476220\n|move|p2a: Kingambit|Protect|p2a: Kingambit\n|-singleturn|p2a: Kingambit|Protect\n|move|p1b: Incineroar|Flare Blitz|p2a: Kingambit\n|-activate|p2a: Kingambit|move: Protect\n|move|p2b: Farigiraf|Hyper Voice|p1b: Incineroar|[spread] p1a,p1b\n|-crit|p1a: Slowking\n|-damage|p1a: Slowking|65/100\n|-damage|p1b: Incineroar|77/100\n|move|p1a: Slowking|Trick Room|p1a: Slowking\n|-fieldstart|move: Trick Room|[of] p1a: Slowking\n|\n|-heal|p2b: Farigiraf|38/100|[from] item: Leftovers\n|upkeep\n|turn|8\n|\n|t:|1776476244\n|move|p2b: Farigiraf|Ally Switch|p2b: Farigiraf\n|swap|p2b: Farigiraf|0|[from] move: Ally Switch\n|move|p1a: Slowking|Psychic|p2b: Kingambit\n|-immune|p2b: Kingambit\n|move|p2b: Kingambit|Kowtow Cleave|p1a: Slowking\n|-supereffective|p1a: Slowking|1\n|-damage|p1a: Slowking|0 fnt\n|faint|p1a: Slowking\n|move|p1b: Incineroar|Flare Blitz|p2a: Farigiraf\n|-damage|p2a: Farigiraf|0 fnt\n|faint|p2a: Farigiraf\n|-damage|p1b: Incineroar|63/100|[from] Recoil\n|\n|upkeep\n|-message|MossdeepCosmics forfeited.\n|\n|win|zpookydumb\n|raw|MossdeepCosmics's rating: 1099 &rarr; <strong>1067</strong><br />(-32 for losing)\n|raw|zpookydumb's rating: 1000 &rarr; <strong>1051</strong><br />(+51 for winning)\n|l|\u2606MossdeepCosmics\n|player|p1|\n",
  "uploadtime": 1776476257,
  "views": 25,
  "formatid": "gen9championsvgc2026regma",
  "rating": 1051,
  "private": 0,
  "password": null
}