{
  "id": "gen9championsvgc2026regma-2586349315",
  "format": "[Gen 9 Champions] VGC 2026 Reg M-A",
  "players": [
    "Dono_76",
    "Saaaaanic"
  ],
  "log": "|j|\u2606Dono_76\n|j|\u2606Saaaaanic\n|t:|1776427711\n|gametype|doubles\n|player|p1|Dono_76|richboy-gen4|1107\n|player|p2|Saaaaanic|volkner|1139\n|gen|9\n|tier|[Gen 9 Champions] VGC 2026 Reg M-A\n|rated|\n|rule|Species Clause: Limit one of each Pok\u00e9mon\n|rule|Item Clause: Limit 1 of each item\n|clearpoke\n|poke|p1|Golurk, L50|\n|poke|p1|Farigiraf, L50, M|\n|poke|p1|Sinistcha-Masterpiece, L50|\n|poke|p1|Incineroar, L50, F|\n|poke|p1|Kingambit, L50, F|\n|poke|p1|Milotic, L50, F|\n|poke|p2|Aggron, L50, M|\n|poke|p2|Aerodactyl, L50, M|\n|poke|p2|Sinistcha, L50|\n|poke|p2|Sableye, L50, F|\n|poke|p2|Sneasler, L50, F|\n|poke|p2|Archaludon, L50, M|\n|teampreview|4\n|\n|t:|1776427753\n|teamsize|p1|4\n|teamsize|p2|4\n|start\n|switch|p1a: Farigiraf|Farigiraf, L50, M|100/100\n|switch|p1b: Incineroar|Incineroar, L50, F|100/100\n|switch|p2a: Aerodactyl|Aerodactyl, L50, M|100/100\n|switch|p2b: Sneasler|Sneasler, L50, F|100/100\n|-ability|p2a: Aerodactyl|Unnerve\n|-ability|p1b: Incineroar|Intimidate|boost\n|-unboost|p2a: Aerodactyl|atk|1\n|-unboost|p2b: Sneasler|atk|1\n|-enditem|p2b: Sneasler|White Herb\n|-clearnegativeboost|p2b: Sneasler|[silent]\n|turn|1\n|\n|t:|1776427782\n|move|p2b: Sneasler|Fake Out||[still]\n|cant|p1a: Farigiraf|ability: Armor Tail|Fake Out|[of] p2b: Sneasler\n|move|p1b: Incineroar|Fake Out|p2a: Aerodactyl\n|-resisted|p2a: Aerodactyl|1\n|-damage|p2a: Aerodactyl|92/100\n|cant|p2a: Aerodactyl|flinch\n|move|p1a: Farigiraf|Trick Room|p1a: Farigiraf\n|-fieldstart|move: Trick Room|[of] p1a: Farigiraf\n|\n|upkeep\n|turn|2\n|c|\u2606Saaaaanic|i'm so fucking stupid\n|\n|t:|1776427802\n|switch|p2b: THE WALL|Aggron, L50, M|100/100\n|move|p1a: Farigiraf|Twin Beam|p2b: THE WALL\n|-resisted|p2b: THE WALL|1\n|-damage|p2b: THE WALL|92/100\n|-resisted|p2b: THE WALL|1\n|-damage|p2b: THE WALL|85/100\n|-hitcount|p2b: THE WALL|2\n|move|p1b: Incineroar|Parting Shot|p2a: Aerodactyl\n|-unboost|p2a: Aerodactyl|atk|1\n|-unboost|p2a: Aerodactyl|spa|1\n|\n|t:|1776427811\n|switch|p1b: Golurk|Golurk, L50|100/100|[from] Parting Shot\n|move|p2a: Aerodactyl|Rock Slide|p1a: Farigiraf|[spread] p1a\n|-miss|p2a: Aerodactyl|p1b: Golurk\n|-damage|p1a: Farigiraf|91/100\n|\n|upkeep\n|turn|3\n|\n|t:|1776427829\n|switch|p1a: Kingambit|Kingambit, L50, F|100/100\n|switch|p2a: Sinistcha|Sinistcha, L50|100/100\n|-heal|p2b: THE WALL|100/100|[from] ability: Hospitality|[of] p2a: Sinistcha\n|detailschange|p1b: Golurk|Golurk-Mega, L50\n|-mega|p1b: Golurk|Golurk|Golurkite\n|detailschange|p2b: THE WALL|Aggron-Mega, L50, M\n|-mega|p2b: THE WALL|Aggron|Aggronite\n|move|p1b: Golurk|Headlong Rush|p2b: THE WALL\n|-supereffective|p2b: THE WALL|1\n|-damage|p2b: THE WALL|52/100\n|-unboost|p1b: Golurk|def|1\n|-unboost|p1b: Golurk|spd|1\n|move|p2b: THE WALL|Iron Defense|p2b: THE WALL\n|-boost|p2b: THE WALL|def|2\n|\n|upkeep\n|turn|4\n|\n|t:|1776427859\n|move|p1b: Golurk|Protect|p1b: Golurk\n|-singleturn|p1b: Golurk|Protect\n|move|p2a: Sinistcha|Rage Powder|p2a: Sinistcha\n|-singleturn|p2a: Sinistcha|move: Rage Powder\n|move|p1a: Kingambit|Kowtow Cleave|p2a: Sinistcha\n|-supereffective|p2a: Sinistcha|1\n|-damage|p2a: Sinistcha|0 fnt\n|faint|p2a: Sinistcha\n|move|p2b: THE WALL|Body Press|p1a: Kingambit\n|-supereffective|p1a: Kingambit|2\n|-damage|p1a: Kingambit|0 fnt\n|faint|p1a: Kingambit\n|\n|upkeep\n|\n|t:|1776427880\n|switch|p1a: Incineroar|Incineroar, L50, F|100/100\n|switch|p2a: Aerodactyl|Aerodactyl, L50, M|92/100\n|-ability|p2a: Aerodactyl|Unnerve\n|-ability|p1a: Incineroar|Intimidate|boost\n|-unboost|p2a: Aerodactyl|atk|1\n|-unboost|p2b: THE WALL|atk|1\n|turn|5\n|\n|t:|1776427892\n|move|p1a: Incineroar|Fake Out|p2b: THE WALL\n|-resisted|p2b: THE WALL|1\n|-damage|p2b: THE WALL|51/100\n|move|p1b: Golurk|Headlong Rush|p2b: THE WALL\n|-supereffective|p2b: THE WALL|1\n|-damage|p2b: THE WALL|28/100\n|-unboost|p1b: Golurk|def|1\n|-unboost|p1b: Golurk|spd|1\n|cant|p2b: THE WALL|flinch\n|move|p2a: Aerodactyl|Rock Slide|p1b: Golurk|[spread] p1a,p1b\n|-supereffective|p1a: Incineroar|1\n|-resisted|p1b: Golurk|1\n|-damage|p1a: Incineroar|76/100\n|-damage|p1b: Golurk|87/100\n|\n|-fieldend|move: Trick Room\n|upkeep\n|turn|6\n|\n|t:|1776427909\n|switch|p1b: Farigiraf|Farigiraf, L50, M|91/100\n|move|p2a: Aerodactyl|Rock Slide|p1a: Incineroar|[spread] p1a,p1b\n|-supereffective|p1a: Incineroar|1\n|-damage|p1a: Incineroar|49/100\n|-damage|p1b: Farigiraf|78/100\n|cant|p1a: Incineroar|flinch\n|move|p2b: THE WALL|Body Press|p1a: Incineroar\n|-supereffective|p1a: Incineroar|1\n|-damage|p1a: Incineroar|0 fnt\n|faint|p1a: Incineroar\n|\n|upkeep\n|\n|t:|1776427923\n|switch|p1a: Golurk|Golurk-Mega, L50|87/100\n|turn|7\n|\n|t:|1776427931\n|move|p1a: Golurk|Protect|p1a: Golurk\n|-singleturn|p1a: Golurk|Protect\n|move|p2a: Aerodactyl|Dual Wingbeat|p1a: Golurk\n|-activate|p1a: Golurk|move: Protect\n|move|p2b: THE WALL|Body Press|p1b: Farigiraf\n|-damage|p1b: Farigiraf|10/100\n|move|p1b: Farigiraf|Trick Room|p1b: Farigiraf\n|-fieldstart|move: Trick Room|[of] p1b: Farigiraf\n|\n|upkeep\n|turn|8\n|\n|t:|1776427943\n|move|p2b: THE WALL|Protect|p2b: THE WALL\n|-singleturn|p2b: THE WALL|Protect\n|move|p1a: Golurk|Headlong Rush|p2b: THE WALL\n|-supereffective|p2b: THE WALL|1\n|-ability|p1a: Golurk|Unseen Fist\n|-zbroken|p2b: THE WALL\n|-damage|p2b: THE WALL|21/100\n|-unboost|p1a: Golurk|def|1\n|-unboost|p1a: Golurk|spd|1\n|move|p1b: Farigiraf|Hyper Voice|p2b: THE WALL|[spread] p2a\n|-activate|p2b: THE WALL|move: Protect\n|-resisted|p2a: Aerodactyl|1\n|-damage|p2a: Aerodactyl|75/100\n|move|p2a: Aerodactyl|Dual Wingbeat|p1a: Golurk\n|-damage|p1a: Golurk|71/100\n|-damage|p1a: Golurk|56/100\n|-hitcount|p1a: Golurk|2\n|\n|upkeep\n|turn|9\n|\n|t:|1776427975\n|move|p1a: Golurk|Headlong Rush|p2b: THE WALL\n|-supereffective|p2b: THE WALL|1\n|-damage|p2b: THE WALL|0 fnt\n|-unboost|p1a: Golurk|def|1\n|-unboost|p1a: Golurk|spd|1\n|faint|p2b: THE WALL\n|move|p1b: Farigiraf|Hyper Voice|p2a: Aerodactyl\n|-resisted|p2a: Aerodactyl|1\n|-damage|p2a: Aerodactyl|52/100\n|move|p2a: Aerodactyl|Dual Wingbeat|p1a: Golurk\n|-damage|p1a: Golurk|36/100\n|-damage|p1a: Golurk|15/100\n|-hitcount|p1a: Golurk|2\n|\n|upkeep\n|\n|t:|1776427989\n|switch|p2b: Sneasler|Sneasler, L50, F|100/100\n|turn|10\n|\n|t:|1776427995\n|move|p2b: Sneasler|Protect|p2b: Sneasler\n|-singleturn|p2b: Sneasler|Protect\n|move|p1a: Golurk|Poltergeist|p2a: Aerodactyl\n|-activate|p2a: Aerodactyl|move: Poltergeist|Focus Sash\n|-damage|p2a: Aerodactyl|0 fnt\n|faint|p2a: Aerodactyl\n|move|p1b: Farigiraf|Twin Beam|p2b: Sneasler\n|-activate|p2b: Sneasler|move: Protect\n|\n|upkeep\n|turn|11\n|\n|t:|1776428008\n|move|p2b: Sneasler|Protect||[still]\n|-fail|p2b: Sneasler\n|move|p1a: Golurk|Headlong Rush|p2b: Sneasler\n|-supereffective|p2b: Sneasler|1\n|-damage|p2b: Sneasler|0 fnt\n|-unboost|p1a: Golurk|def|1\n|-unboost|p1a: Golurk|spd|1\n|faint|p2b: Sneasler\n|\n|win|Dono_76\n|raw|Dono_76's rating: 1107 &rarr; <strong>1134</strong><br />(+27 for winning)\n|raw|Saaaaanic's rating: 1139 &rarr; <strong>1112</strong><br />(-27 for losing)\n|l|\u2606Saaaaanic\n|player|p2|\n",
  "uploadtime": 1776428081,
  "views": 32,
  "formatid": "gen9championsvgc2026regma",
  "rating": 1112,
  "private": 0,
  "password": null
}