{
  "id": "gen9championsvgc2026regma-2587481516",
  "format": "[Gen 9 Champions] VGC 2026 Reg M-A",
  "players": [
    "EncrencaEmDobro",
    "Tel0sB3ta"
  ],
  "log": "|j|\u2606EncrencaEmDobro\n|j|\u2606Tel0sB3ta\n|t:|1776535482\n|gametype|doubles\n|player|p1|EncrencaEmDobro|teamrocket|1034\n|player|p2|Tel0sB3ta|hilbert|1062\n|gen|9\n|tier|[Gen 9 Champions] VGC 2026 Reg M-A\n|rated|\n|rule|Species Clause: Limit one of each Pok\u00e9mon\n|rule|Item Clause: Limit 1 of each item\n|clearpoke\n|poke|p1|Umbreon, L50, F|\n|poke|p1|Blastoise, L50, M|\n|poke|p1|Meganium, L50, F|\n|poke|p1|Aerodactyl, L50, F, shiny|\n|poke|p1|Clefable, L50, F|\n|poke|p1|Golurk, L50, shiny|\n|poke|p2|Rotom-Wash, L50, shiny|\n|poke|p2|Garchomp, L50, F|\n|poke|p2|Charizard, L50, F, shiny|\n|poke|p2|Pidgeot, L50, F, shiny|\n|poke|p2|Maushold, L50|\n|poke|p2|Skeledirge, L50, M|\n|teampreview|4\n|\n|t:|1776535503\n|teamsize|p1|4\n|teamsize|p2|4\n|start\n|switch|p1a: Mr.Black|Umbreon, L50, F|100/100\n|switch|p1b: Kameki|Blastoise, L50, M|100/100\n|switch|p2a: Pidgeot|Pidgeot, L50, F, shiny|100/100\n|switch|p2b: Maushold|Maushold, L50|100/100\n|turn|1\n|\n|t:|1776535518\n|detailschange|p2a: Pidgeot|Pidgeot-Mega, L50, F, shiny\n|-mega|p2a: Pidgeot|Pidgeot|Pidgeotite\n|move|p2a: Pidgeot|Tailwind|p2a: Pidgeot\n|-sidestart|p2: Tel0sB3ta|move: Tailwind\n|move|p2b: Maushold|Super Fang|p1b: Kameki|[miss]\n|-miss|p2b: Maushold|p1b: Kameki\n|move|p1b: Kameki|Shell Smash|p1b: Kameki\n|-unboost|p1b: Kameki|def|1\n|-unboost|p1b: Kameki|spd|1\n|-boost|p1b: Kameki|atk|2\n|-boost|p1b: Kameki|spa|2\n|-boost|p1b: Kameki|spe|2\n|-enditem|p1b: Kameki|White Herb\n|-clearnegativeboost|p1b: Kameki|[silent]\n|move|p1a: Mr.Black|Psych Up|p1b: Kameki\n|-copyboost|p1a: Mr.Black|p1b: Kameki|[from] move: Psych Up\n|\n|upkeep\n|turn|2\n|c|\u2606Tel0sB3ta|!dt Super Fanf\n'Super Fanf' has no exact match. Approximate match:\n|c|\u2606Tel0sB3ta|/raw <ul class=\"utilichart\"><li class=\"result\"><span class=\"col movenamecol\"><a href=\"https://dex.pokemonshowdown.com/moves/superfang\">Super Fang</a></span> <span class=\"col typecol\"><img src=\"//play.pokemonshowdown.com/sprites/types/Normal.png\" alt=\"Normal\" width=\"32\" height=\"14\"><img src=\"//play.pokemonshowdown.com/sprites/categories/Physical.png\" alt=\"Physical\" width=\"32\" height=\"14\"></span> <span class=\"col widelabelcol\"><em>Accuracy</em><br>90%</span> <span class=\"col pplabelcol\"><em>PP</em><br>16</span> <span class=\"col movedesccol\">Does damage equal to 1/2 target's current HP.</span> </li><li style=\"clear:both\"></li></ul>\n|c|\u2606Tel0sB3ta|/raw <font size=\"1\"><font color=\"#686868\">Priority:</font> 0&nbsp;|&ThickSpace;<font color=\"#686868\">Gen:</font> 1&nbsp;|&ThickSpace;&#10003; Contact&nbsp;|&ThickSpace;<font color=\"#686868\">Z-Power:</font> 100&nbsp;|&ThickSpace;<font color=\"#686868\">Target:</font> One Adjacent Pok\u00e9mon</font>\n\n|c|\u2606Tel0sB3ta|dude\n|c|\u2606Tel0sB3ta|No guard did nothing hahah\n|c|\u2606EncrencaEmDobro|No guard is only to the poke itself no?\n|\n|t:|1776535592\n|move|p2a: Pidgeot|Hurricane|p1b: Kameki\n|-damage|p1b: Kameki|47/100\n|move|p2b: Maushold|Super Fang|p1b: Kameki|[miss]\n|-miss|p2b: Maushold|p1b: Kameki\n|move|p1b: Kameki|Shell Smash|p1b: Kameki\n|-unboost|p1b: Kameki|def|1\n|-unboost|p1b: Kameki|spd|1\n|-boost|p1b: Kameki|atk|2\n|-boost|p1b: Kameki|spa|2\n|-boost|p1b: Kameki|spe|2\n|move|p1a: Mr.Black|Baton Pass|p1a: Mr.Black\n|c|\u2606Tel0sB3ta|i guess\n|\n|t:|1776535611\n|switch|p1a: ZakuIII|Golurk, L50, shiny|100/100|[from] Baton Pass\n|\n|upkeep\n|turn|3\n|\n|t:|1776535622\n|detailschange|p1a: ZakuIII|Golurk-Mega, L50, shiny\n|-mega|p1a: ZakuIII|Golurk|Golurkite\n|move|p2b: Maushold|Follow Me|p2b: Maushold\n|-singleturn|p2b: Maushold|move: Follow Me\n|move|p2a: Pidgeot|Hurricane|p1b: Kameki\n|-damage|p1b: Kameki|0 fnt\n|faint|p1b: Kameki\n|move|p1a: ZakuIII|Rock Slide|p2b: Maushold|[spread] p2a,p2b\n|-supereffective|p2a: Pidgeot|1\n|-damage|p2a: Pidgeot|10/100\n|-damage|p2b: Maushold|47/100\n|\n|upkeep\n|\n|t:|1776535638\n|switch|p1b: Mr.Black|Umbreon, L50, F|100/100\n|turn|4\n|\n|t:|1776535650\n|move|p2b: Maushold|Helping Hand|p2a: Pidgeot\n|-singleturn|p2a: Pidgeot|Helping Hand|[of] p2b: Maushold\n|move|p2a: Pidgeot|Hurricane|p1a: ZakuIII\n|-damage|p1a: ZakuIII|11/100\n|move|p1a: ZakuIII|Drain Punch|p2b: Maushold\n|-supereffective|p2b: Maushold|1\n|-damage|p2b: Maushold|0 fnt\n|-heal|p1a: ZakuIII|34/100|[from] drain|[of] p2b: Maushold\n|faint|p2b: Maushold\n|move|p1b: Mr.Black|Psych Up|p1a: ZakuIII\n|-copyboost|p1b: Mr.Black|p1a: ZakuIII|[from] move: Psych Up\n|\n|-sideend|p2: Tel0sB3ta|move: Tailwind\n|upkeep\n|\n|t:|1776535663\n|switch|p2b: Garchomp|Garchomp, L50, F|100/100\n|turn|5\n|\n|t:|1776535675\n|move|p2a: Pidgeot|Protect|p2a: Pidgeot\n|-singleturn|p2a: Pidgeot|Protect\n|move|p1a: ZakuIII|Phantom Force||[still]\n|-prepare|p1a: ZakuIII|Phantom Force\n|move|p1b: Mr.Black|Baton Pass|p1b: Mr.Black\n|\n|t:|1776535681\n|switch|p1b: Rodan|Aerodactyl, L50, F, shiny|100/100|[from] Baton Pass\n|-ability|p1b: Rodan|Pressure\n|move|p2b: Garchomp|Dragon Claw|p1a: ZakuIII|[miss]\n|-miss|p2b: Garchomp|p1a: ZakuIII\n|\n|upkeep\n|turn|6\n|\n|t:|1776535695\n|move|p1b: Rodan|Rock Slide|p2b: Garchomp|[spread] p2a,p2b\n|-supereffective|p2a: Pidgeot|1\n|-resisted|p2b: Garchomp|1\n|-damage|p2a: Pidgeot|0 fnt\n|-damage|p2b: Garchomp|78/100\n|faint|p2a: Pidgeot\n|move|p1a: ZakuIII|Phantom Force|p2b: Garchomp|[from] lockedmove\n|-damage|p2b: Garchomp|0 fnt\n|-damage|p1a: ZakuIII|22/100|[from] ability: Rough Skin|[of] p2b: Garchomp\n|faint|p2b: Garchomp\n|\n|upkeep\n|c|\u2606Tel0sB3ta|gg\n|-message|Tel0sB3ta forfeited.\n|\n|win|EncrencaEmDobro\n|raw|EncrencaEmDobro's rating: 1034 &rarr; <strong>1072</strong><br />(+38 for winning)\n|raw|Tel0sB3ta's rating: 1062 &rarr; <strong>1041</strong><br />(-21 for losing)\n|c|\u2606EncrencaEmDobro|gg\n|l|\u2606Tel0sB3ta\n|player|p2|\n",
  "uploadtime": 1776535709,
  "views": 11,
  "formatid": "gen9championsvgc2026regma",
  "rating": 1041,
  "private": 0,
  "password": null
}