{
  "id": "gen9championsvgc2026regma-2589437553",
  "format": "[Gen 9 Champions] VGC 2026 Reg M-A",
  "players": [
    "bigearlington",
    "derekk.gv"
  ],
  "log": "|j|\u2606bigearlington\n|j|\u2606derekk.gv\n|t:|1776722904\n|gametype|doubles\n|player|p1|bigearlington|265|1290\n|player|p2|derekk.gv|cameraman|1273\n|gen|9\n|tier|[Gen 9 Champions] VGC 2026 Reg M-A\n|rated|\n|rule|Species Clause: Limit one of each Pok\u00e9mon\n|rule|Item Clause: Limit 1 of each item\n|clearpoke\n|poke|p1|Scizor, L50, F|\n|poke|p1|Sneasler, L50, M|\n|poke|p1|Sinistcha, L50|\n|poke|p1|Tyranitar, L50, M|\n|poke|p1|Milotic, L50, M|\n|poke|p1|Rotom-Wash, L50|\n|poke|p2|Gardevoir, L50, F|\n|poke|p2|Maushold-Four, L50|\n|poke|p2|Garchomp, L50, F|\n|poke|p2|Kingambit, L50, F|\n|poke|p2|Talonflame, L50, F|\n|poke|p2|Basculegion, L50, M|\n|teampreview|4\nderekk.gv has agreed to open team sheets.\nbigearlington has agreed to open team sheets.\n|showteam|p1|Scizor||Scizorite|Technician|BulletPunch,KnockOff,SwordsDance,Protect|||F|||50|]Sneasler||WhiteHerb|Unburden|FakeOut,CloseCombat,DireClaw,Coaching|||M|||50|]Sinistcha||SitrusBerry|Hospitality|MatchaGotcha,Protect,RagePowder,TrickRoom||||||50|]Tyranitar||Tyranitarite|SandStream|RockSlide,KnockOff,IcePunch,Protect|||M|||50|]Milotic||Leftovers|Competitive|IcyWind,Scald,MuddyWater,Protect|||M|||50|]Rotom-Wash||ChoiceScarf|Levitate|HydroPump,Electroweb,VoltSwitch,Trick||||||50|\n|showteam|p2|Gardevoir||Gardevoirite|Synchronize|TrickRoom,Protect,HyperVoice,Psyshock|||F|||50|]Maushold-Four||FocusSash|FriendGuard|Encore,SuperFang,FollowMe,Protect||||||50|]Garchomp||WhiteHerb|RoughSkin|Earthquake,RockSlide,DragonClaw,Protect|||F|||50|]Kingambit||ChopleBerry|Defiant|IronHead,KowtowCleave,Protect,SuckerPunch|||F|||50|]Talonflame|||GaleWings|Acrobatics,Tailwind,WillOWisp,Protect|||F|||50|]Basculegion||SitrusBerry|Adaptability|Protect,WaveCrash,AquaJet,LastRespects|||M|||50|\n|inactive|Battle timer is ON: inactive players will automatically lose when time's up. (requested by derekk.gv)\n|inactive|bigearlington has 60 seconds left.\n|\n|t:|1776723055\n|teamsize|p1|4\n|teamsize|p2|4\n|start\n|switch|p1a: Milotic|Milotic, L50, M|100/100\n|switch|p1b: Rotom|Rotom-Wash, L50|100/100\n|switch|p2a: Basculegion|Basculegion, L50, M|100/100\n|switch|p2b: Maushold|Maushold-Four, L50|100/100\n|turn|1\n|inactive|bigearlington has 30 seconds left.\n|inactive|bigearlington has 20 seconds left.\n|inactive|bigearlington has 15 seconds left.\n|inactive|bigearlington has 10 seconds left.\n|inactive|derekk.gv has 30 seconds left.\n|inactive|derekk.gv has 20 seconds left.\n|inactive|derekk.gv has 15 seconds left.\n|\n|t:|1776723119\n|switch|p2a: Talonflame|Talonflame, L50, F|100/100\n|move|p2b: Maushold|Protect|p2b: Maushold\n|-singleturn|p2b: Maushold|Protect\n|move|p1b: Rotom|Volt Switch|p2a: Talonflame\n|-supereffective|p2a: Talonflame|1\n|-damage|p2a: Talonflame|19/100\n|inactive|bigearlington has 30 seconds left.\n|\n|t:|1776723147\n|switch|p1b: Scizor|Scizor, L50, F|100/100|[from] Volt Switch\n|move|p1a: Milotic|Muddy Water|p2a: Talonflame|[spread] p2a\n|-activate|p2b: Maushold|move: Protect\n|-supereffective|p2a: Talonflame|1\n|-damage|p2a: Talonflame|0 fnt\n|faint|p2a: Talonflame\n|\n|upkeep\n|\n|t:|1776723158\n|switch|p2a: Gardevoir|Gardevoir, L50, F|100/100\n|turn|2\n|inactive|bigearlington has 30 seconds left.\n|\n|t:|1776723192\n|detailschange|p2a: Gardevoir|Gardevoir-Mega, L50, F\n|-mega|p2a: Gardevoir|Gardevoir|Gardevoirite\n|detailschange|p1b: Scizor|Scizor-Mega, L50, F\n|-mega|p1b: Scizor|Scizor|Scizorite\n|move|p2a: Gardevoir|Protect|p2a: Gardevoir\n|-singleturn|p2a: Gardevoir|Protect\n|move|p2b: Maushold|Super Fang|p1b: Scizor|[miss]\n|-miss|p2b: Maushold|p1b: Scizor\n|move|p1a: Milotic|Muddy Water|p2b: Maushold|[spread] p2b\n|-activate|p2a: Gardevoir|move: Protect\n|-damage|p2b: Maushold|67/100\n|move|p1b: Scizor|Swords Dance|p1b: Scizor\n|-boost|p1b: Scizor|atk|2\n|\n|upkeep\n|turn|3\n|inactive|derekk.gv has 30 seconds left.\n|\n|t:|1776723219\n|switch|p2a: Basculegion|Basculegion, L50, M|100/100\n|move|p1b: Scizor|Bullet Punch|p2a: Basculegion\n|-resisted|p2a: Basculegion|1\n|-damage|p2a: Basculegion|70/100\n|move|p2b: Maushold|Encore|p1b: Scizor\n|-start|p1b: Scizor|Encore\n|move|p1a: Milotic|Muddy Water|p2b: Maushold|[spread] p2a,p2b\n|-resisted|p2a: Basculegion|1\n|-damage|p2a: Basculegion|60/100\n|-damage|p2b: Maushold|35/100\n|\n|upkeep\n|turn|4\n|\n|t:|1776723243\n|move|p2a: Basculegion|Protect|p2a: Basculegion\n|-singleturn|p2a: Basculegion|Protect\n|move|p1b: Scizor|Bullet Punch|p2a: Basculegion\n|-activate|p2a: Basculegion|move: Protect\n|move|p2b: Maushold|Super Fang|p1b: Scizor\n|-damage|p1b: Scizor|51/100\n|move|p1a: Milotic|Muddy Water|p2b: Maushold|[spread] p2b\n|-activate|p2a: Basculegion|move: Protect\n|-damage|p2b: Maushold|2/100\n|\n|upkeep\n|turn|5\n|inactive|bigearlington has 30 seconds left.\n|\n|t:|1776723280\n|switch|p1b: Rotom|Rotom-Wash, L50|100/100\n|move|p2b: Maushold|Follow Me|p2b: Maushold\n|-singleturn|p2b: Maushold|move: Follow Me\n|move|p2a: Basculegion|Wave Crash|p1b: Rotom\n|-resisted|p1b: Rotom|1\n|-damage|p1b: Rotom|49/100\n|-damage|p2a: Basculegion|50/100|[from] Recoil\n|-enditem|p2a: Basculegion|Sitrus Berry|[eat]\n|-heal|p2a: Basculegion|75/100|[from] item: Sitrus Berry\n|move|p1a: Milotic|Muddy Water|p2b: Maushold|[spread] p2a,p2b\n|-resisted|p2a: Basculegion|1\n|-crit|p2b: Maushold\n|-damage|p2a: Basculegion|65/100\n|-damage|p2b: Maushold|0 fnt\n|faint|p2b: Maushold\n|\n|upkeep\n|\n|t:|1776723291\n|switch|p2b: Gardevoir|Gardevoir-Mega, L50, F|100/100\n|turn|6\n|\n|t:|1776723307\n|move|p1b: Rotom|Volt Switch|p2a: Basculegion\n|-supereffective|p2a: Basculegion|1\n|-damage|p2a: Basculegion|2/100\n|\n|t:|1776723312\n|switch|p1b: Sinistcha|Sinistcha, L50|100/100|[from] Volt Switch\n|move|p2b: Gardevoir|Hyper Voice|p1b: Sinistcha|[spread] p1a,p1b\n|-damage|p1a: Milotic|60/100\n|-damage|p1b: Sinistcha|50/100\n|-enditem|p1b: Sinistcha|Sitrus Berry|[eat]\n|-heal|p1b: Sinistcha|75/100|[from] item: Sitrus Berry\n|move|p2a: Basculegion|Last Respects|p1a: Milotic\n|-damage|p1a: Milotic|0 fnt\n|faint|p1a: Milotic\n|\n|upkeep\n|inactive|bigearlington has 30 seconds left.\n|\n|t:|1776723347\n|switch|p1a: Rotom|Rotom-Wash, L50|49/100\n|turn|7\n|\n|t:|1776723356\n|move|p2a: Basculegion|Protect|p2a: Basculegion\n|-singleturn|p2a: Basculegion|Protect\n|move|p1b: Sinistcha|Protect|p1b: Sinistcha\n|-singleturn|p1b: Sinistcha|Protect\n|move|p1a: Rotom|Electroweb|p2b: Gardevoir|[spread] p2b\n|-activate|p2a: Basculegion|move: Protect\n|-damage|p2b: Gardevoir|83/100\n|-unboost|p2b: Gardevoir|spe|1\n|move|p2b: Gardevoir|Hyper Voice|p1b: Sinistcha|[spread] p1a\n|-activate|p1b: Sinistcha|move: Protect\n|-damage|p1a: Rotom|0 fnt\n|faint|p1a: Rotom\n|\n|upkeep\n|\n|t:|1776723370\n|switch|p1a: Scizor|Scizor-Mega, L50, F|51/100\n|turn|8\n|inactive|bigearlington has 30 seconds left.\n|inactive|derekk.gv has 30 seconds left.\n|inactive|bigearlington has 20 seconds left.\n|inactive|bigearlington has 15 seconds left.\n|\n|t:|1776723422\n|move|p2b: Gardevoir|Protect|p2b: Gardevoir\n|-singleturn|p2b: Gardevoir|Protect\n|move|p1a: Scizor|Bullet Punch|p2a: Basculegion\n|-resisted|p2a: Basculegion|1\n|-damage|p2a: Basculegion|0 fnt\n|faint|p2a: Basculegion\n|move|p1b: Sinistcha|Matcha Gotcha|p2b: Gardevoir\n|-activate|p2b: Gardevoir|move: Protect\n|\n|upkeep\n|turn|9\n|\n|t:|1776723433\n|move|p1a: Scizor|Bullet Punch|p2b: Gardevoir\n|-supereffective|p2b: Gardevoir|1\n|-damage|p2b: Gardevoir|0 fnt\n|faint|p2b: Gardevoir\n|\n|win|bigearlington\n|raw|bigearlington's rating: 1290 &rarr; <strong>1314</strong><br />(+24 for winning)\n|raw|derekk.gv's rating: 1273 &rarr; <strong>1249</strong><br />(-24 for losing)\n",
  "uploadtime": 1776723433,
  "views": 6,
  "formatid": "gen9championsvgc2026regma",
  "rating": 1249,
  "private": 0,
  "password": null
}