{
  "id": "gen9championsvgc2026regma-2588283861",
  "format": "[Gen 9 Champions] VGC 2026 Reg M-A",
  "players": [
    "yuriimon",
    "armpitlicker12"
  ],
  "log": "|j|\u2606yuriimon\n|j|\u2606armpitlicker12\n|t:|1776620869\n|gametype|doubles\n|player|p1|yuriimon|waitress-gen4|1156\n|player|p2|armpitlicker12|n|1074\n|gen|9\n|tier|[Gen 9 Champions] VGC 2026 Reg M-A\n|rated|\n|rule|Species Clause: Limit one of each Pok\u00e9mon\n|rule|Item Clause: Limit 1 of each item\n|clearpoke\n|poke|p1|Glimmora, L50, F|\n|poke|p1|Incineroar, L50, M|\n|poke|p1|Politoed, L50, M|\n|poke|p1|Basculegion, L50, M|\n|poke|p1|Chesnaught, L50, F|\n|poke|p1|Scizor, L50, F|\n|poke|p2|Incineroar, L50, F|\n|poke|p2|Excadrill, L50, M, shiny|\n|poke|p2|Tyranitar, L50, M|\n|poke|p2|Sinistcha-Masterpiece, L50|\n|poke|p2|Audino, L50, M|\n|poke|p2|Garchomp, L50, M|\n|teampreview|4\n|inactive|Battle timer is ON: inactive players will automatically lose when time's up. (requested by yuriimon)\narmpitlicker12 has agreed to open team sheets.\n|\n|t:|1776620884\n|teamsize|p1|4\n|teamsize|p2|4\n|start\n|switch|p1a: Chesnaught|Chesnaught, L50, F|100/100\n|switch|p1b: Incineroar|Incineroar, L50, M|100/100\n|switch|p2a: Excadrill|Excadrill, L50, M, shiny|100/100\n|switch|p2b: Tyranitar|Tyranitar, L50, M|100/100\n|-weather|Sandstorm|[from] ability: Sand Stream|[of] p2b: Tyranitar\n|-ability|p1b: Incineroar|Intimidate|boost\n|-unboost|p2a: Excadrill|atk|1\n|-unboost|p2b: Tyranitar|atk|1\n|turn|1\n|\n|t:|1776620907\n|detailschange|p2b: Tyranitar|Tyranitar-Mega, L50, M\n|-mega|p2b: Tyranitar|Tyranitar|Tyranitarite\n|detailschange|p1a: Chesnaught|Chesnaught-Mega, L50, F\n|-mega|p1a: Chesnaught|Chesnaught|Chesnaughtite\n|move|p2a: Excadrill|Protect|p2a: Excadrill\n|-singleturn|p2a: Excadrill|Protect\n|move|p1b: Incineroar|Fake Out|p2a: Excadrill\n|-activate|p2a: Excadrill|move: Protect\n|move|p2b: Tyranitar|Ice Punch|p1a: Chesnaught\n|-supereffective|p1a: Chesnaught|1\n|-damage|p1a: Chesnaught|78/100\n|move|p1a: Chesnaught|Iron Defense|p1a: Chesnaught\n|-boost|p1a: Chesnaught|def|2\n|\n|-weather|Sandstorm|[upkeep]\n|-damage|p1b: Incineroar|94/100|[from] Sandstorm\n|-damage|p1a: Chesnaught|72/100|[from] Sandstorm\n|upkeep\n|turn|2\n|\n|t:|1776620928\n|switch|p1b: Scizor|Scizor, L50, F|100/100\n|move|p2b: Tyranitar|Protect|p2b: Tyranitar\n|-singleturn|p2b: Tyranitar|Protect\n|move|p2a: Excadrill|Earthquake|p1b: Scizor|[spread] p1a,p1b\n|-activate|p2b: Tyranitar|move: Protect\n|-resisted|p1a: Chesnaught|1\n|-damage|p1a: Chesnaught|69/100\n|-damage|p1b: Scizor|76/100\n|move|p1a: Chesnaught|Body Press|p2b: Tyranitar\n|-activate|p2b: Tyranitar|move: Protect\n|\n|-weather|Sandstorm|[upkeep]\n|-damage|p1a: Chesnaught|62/100|[from] Sandstorm\n|upkeep\n|turn|3\n|inactive|armpitlicker12 has 30 seconds left.\n|\n|t:|1776620957\n|move|p2a: Excadrill|Rock Slide|p1a: Chesnaught|[spread] p1a,p1b\n|-resisted|p1a: Chesnaught|1\n|-damage|p1a: Chesnaught|61/100\n|-damage|p1b: Scizor|63/100\n|move|p2b: Tyranitar|Knock Off|p1b: Scizor\n|-damage|p1b: Scizor|21/100\n|-enditem|p1b: Scizor|Occa Berry|[from] move: Knock Off|[of] p2b: Tyranitar\n|move|p1b: Scizor|Tailwind|p1b: Scizor\n|-sidestart|p1: yuriimon|move: Tailwind\n|move|p1a: Chesnaught|Body Press|p2b: Tyranitar\n|-supereffective|p2b: Tyranitar|2\n|-crit|p2b: Tyranitar\n|-damage|p2b: Tyranitar|0 fnt\n|faint|p2b: Tyranitar\n|\n|-weather|Sandstorm|[upkeep]\n|-damage|p1a: Chesnaught|54/100|[from] Sandstorm\n|upkeep\n|\n|t:|1776620968\n|switch|p2b: Audino|Audino, L50, M|100/100\n|turn|4\n|\n|t:|1776620978\n|move|p1b: Scizor|Protect|p1b: Scizor\n|-singleturn|p1b: Scizor|Protect\n|move|p2a: Excadrill|Earthquake|p1b: Scizor|[spread] p2b,p1a\n|-activate|p1b: Scizor|move: Protect\n|-resisted|p1a: Chesnaught|1\n|-damage|p2b: Audino|75/100\n|-damage|p1a: Chesnaught|51/100\n|move|p1a: Chesnaught|Body Press|p2a: Excadrill\n|-supereffective|p2a: Excadrill|1\n|-enditem|p2a: Excadrill|Focus Sash\n|-damage|p2a: Excadrill|1/100\n|move|p2b: Audino|Wish|p2b: Audino\n|\n|-weather|Sandstorm|[upkeep]\n|-damage|p1a: Chesnaught|45/100|[from] Sandstorm\n|-damage|p2b: Audino|69/100|[from] Sandstorm\n|upkeep\n|turn|5\n|\n|t:|1776620994\n|move|p1b: Scizor|Bullet Punch|p2a: Excadrill\n|-resisted|p2a: Excadrill|1\n|-damage|p2a: Excadrill|0 fnt\n|faint|p2a: Excadrill\n|move|p1a: Chesnaught|Body Press|p2b: Audino\n|-supereffective|p2b: Audino|1\n|-damage|p2b: Audino|0 fnt\n|faint|p2b: Audino\n|\n|-weather|none\n|upkeep\n|\n|t:|1776621000\n|switch|p2b: Garchomp|Garchomp, L50, M|100/100\n|turn|6\n|\n|t:|1776621011\n|move|p1b: Scizor|Dual Wingbeat|p2b: Garchomp\n|-damage|p2b: Garchomp|79/100\n|-damage|p2b: Garchomp|59/100\n|-hitcount|p2b: Garchomp|2\n|move|p1a: Chesnaught|Body Press|p2b: Garchomp\n|-damage|p2b: Garchomp|0 fnt\n|faint|p2b: Garchomp\n|\n|win|yuriimon\n|raw|yuriimon's rating: 1156 &rarr; <strong>1175</strong><br />(+19 for winning)\n|raw|armpitlicker12's rating: 1074 &rarr; <strong>1058</strong><br />(-16 for losing)\n|c|\u2606yuriimon|gg\n|l|\u2606armpitlicker12\n|player|p2|\n",
  "uploadtime": 1776621029,
  "views": 9,
  "formatid": "gen9championsvgc2026regma",
  "rating": 1058,
  "private": 0,
  "password": null
}