{
  "id": "gen9championsvgc2026regma-2580329182",
  "format": "[Gen 9 Champions] VGC 2026 Reg M-A",
  "players": [
    "Pacman_po",
    "burntouteriksp"
  ],
  "log": "|j|\u2606Pacman_po\n|j|\u2606burntouteriksp\n|t:|1775881138\n|gametype|doubles\n|player|p1|Pacman_po|ballguy|1115\n|player|p2|burntouteriksp|cynthia-masters4|1075\n|gen|9\n|tier|[Gen 9 Champions] VGC 2026 Reg M-A\n|rated|\n|rule|Species Clause: Limit one of each Pok\u00e9mon\n|rule|Item Clause: Limit 1 of each item\n|clearpoke\n|poke|p1|Politoed, L50, M|\n|poke|p1|Gengar, L50, M|\n|poke|p1|Incineroar, L50, M|\n|poke|p1|Archaludon, L50, M|\n|poke|p1|Sableye, L50, M|\n|poke|p1|Arcanine-Hisui, L50, M|\n|poke|p2|Floette-Eternal, L50, F|\n|poke|p2|Delphox, L50, F|\n|poke|p2|Incineroar, L50, M|\n|poke|p2|Aerodactyl, L50, M|\n|poke|p2|Maushold, L50|\n|poke|p2|Garchomp, L50, F|\n|teampreview|4\n|inactive|Battle timer is ON: inactive players will automatically lose when time's up. (requested by Pacman_po)\n|j| caseyaces\nburntouteriksp has agreed to open team sheets.\n|l| caseyaces\n|\n|t:|1775881164\n|teamsize|p1|4\n|teamsize|p2|4\n|start\n|switch|p1a: Sableye|Sableye, L50, M, shiny|100/100\n|switch|p1b: Gengar|Gengar, L50, M, shiny|100/100\n|switch|p2a: Aerodactyl|Aerodactyl, L50, M|100/100\n|switch|p2b: Floette|Floette-Eternal, L50, F|100/100\n|-ability|p2a: Aerodactyl|Unnerve\n|turn|1\n|\n|t:|1775881182\n|switch|p2b: Garchomp|Garchomp, L50, F|100/100\n|move|p1a: Sableye|Detect|p1a: Sableye\n|-singleturn|p1a: Sableye|Protect\n|move|p1b: Gengar|Protect|p1b: Gengar\n|-singleturn|p1b: Gengar|Protect\n|move|p2a: Aerodactyl|Tailwind|p2a: Aerodactyl\n|-sidestart|p2: burntouteriksp|move: Tailwind\n|\n|upkeep\n|turn|2\n|\n|t:|1775881204\n|switch|p1b: Incineroar|Incineroar, L50, M, shiny|100/100\n|-ability|p1b: Incineroar|Intimidate|boost\n|-unboost|p2a: Aerodactyl|atk|1\n|-unboost|p2b: Garchomp|atk|1\n|-enditem|p2b: Garchomp|White Herb\n|-clearnegativeboost|p2b: Garchomp|[silent]\n|move|p1a: Sableye|Encore|p2a: Aerodactyl\n|-start|p2a: Aerodactyl|Encore\n|move|p2a: Aerodactyl|Tailwind||[still]\n|-fail|p2a: Aerodactyl\n|move|p2b: Garchomp|Earthquake|p1b: Incineroar|[spread] p1a,p1b\n|-immune|p2a: Aerodactyl\n|-supereffective|p1b: Incineroar|1\n|-damage|p1a: Sableye|57/100\n|-damage|p1b: Incineroar|43/100\n|\n|upkeep\n|turn|3\n|\n|t:|1775881226\n|switch|p2a: Floette|Floette-Eternal, L50, F|100/100\n|-enditem|p1b: Incineroar|Sitrus Berry|[eat]\n|-heal|p1b: Incineroar|68/100|[from] item: Sitrus Berry\n|move|p1b: Incineroar|Fake Out|p2b: Garchomp\n|-damage|p2b: Garchomp|92/100\n|-damage|p1b: Incineroar|55/100|[from] ability: Rough Skin|[of] p2b: Garchomp\n|move|p1a: Sableye|Encore|p2b: Garchomp\n|-start|p2b: Garchomp|Encore\n|cant|p2b: Garchomp|flinch\n|\n|upkeep\n|turn|4\n|\n|t:|1775881243\n|switch|p2b: Maushold|Maushold, L50|100/100\n|detailschange|p2a: Floette|Floette-Mega, L50, F\n|-mega|p2a: Floette|Floette|Floettite\n|-ability|p2a: Floette|Fairy Aura\n|move|p1a: Sableye|Disable||[still]\n|-fail|p1a: Sableye\n|move|p2a: Floette|Calm Mind|p2a: Floette\n|-boost|p2a: Floette|spa|1\n|-boost|p2a: Floette|spd|1\n|move|p1b: Incineroar|Flare Blitz|p2a: Floette\n|-damage|p2a: Floette|61/100\n|-damage|p1b: Incineroar|44/100|[from] Recoil\n|\n|-sideend|p2: burntouteriksp|move: Tailwind\n|upkeep\n|turn|5\n|\n|t:|1775881256\n|move|p2b: Maushold|Follow Me|p2b: Maushold\n|-singleturn|p2b: Maushold|move: Follow Me\n|move|p1a: Sableye|Encore|p2b: Maushold\n|-start|p2b: Maushold|Encore\n|move|p2a: Floette|Dazzling Gleam|p1a: Sableye|[spread] p1a,p1b\n|-supereffective|p1a: Sableye|1\n|-damage|p1a: Sableye|0 fnt\n|-damage|p1b: Incineroar|0 fnt\n|faint|p1a: Sableye\n|faint|p1b: Incineroar\n|\n|upkeep\n|\n|t:|1775881258\n|switch|p1b: Politoed|Politoed, L50, M|100/100\n|switch|p1a: Gengar|Gengar, L50, M, shiny|100/100\n|-weather|RainDance|[from] ability: Drizzle|[of] p1b: Politoed\n|turn|6\n|\n|t:|1775881270\n|detailschange|p1a: Gengar|Gengar-Mega, L50, M, shiny\n|-mega|p1a: Gengar|Gengar|Gengarite\n|move|p1b: Politoed|Protect|p1b: Politoed\n|-singleturn|p1b: Politoed|Protect\n|move|p2b: Maushold|Follow Me|p2b: Maushold\n|-singleturn|p2b: Maushold|move: Follow Me\n|move|p1a: Gengar|Disable|p2b: Maushold\n|-start|p2b: Maushold|Disable|Follow Me\n|move|p2a: Floette|Moonblast|p1b: Politoed\n|-activate|p1b: Politoed|move: Protect\n|\n|-weather|RainDance|[upkeep]\n|upkeep\n|turn|7\n|\n|t:|1775881284\n|move|p1a: Gengar|Disable|p2a: Floette\n|-start|p2a: Floette|Disable|Moonblast\n|-activate|p2b: Maushold|move: Struggle\n|move|p2b: Maushold|Struggle|p1a: Gengar\n|-damage|p1a: Gengar|90/100\n|-damage|p2b: Maushold|76/100|[from] recoil\n|move|p2a: Floette|Dazzling Gleam|p1a: Gengar|[spread] p1a,p1b\n|-resisted|p1a: Gengar|1\n|-damage|p1a: Gengar|45/100\n|-damage|p1b: Politoed|37/100\n|move|p1b: Politoed|Encore|p2a: Floette\n|-start|p2a: Floette|Encore\n|\n|-weather|RainDance|[upkeep]\n|-heal|p1b: Politoed|43/100|[from] item: Leftovers\n|upkeep\n|turn|8\n|inactive|Pacman_po has 30 seconds left.\n|\n|t:|1775881309\n|move|p1a: Gengar|Shadow Ball|p2a: Floette\n|-damage|p2a: Floette|44/100\n|-activate|p2b: Maushold|move: Struggle\n|move|p2b: Maushold|Struggle|p1b: Politoed\n|-damage|p1b: Politoed|32/100\n|-damage|p2b: Maushold|51/100|[from] recoil\n|move|p2a: Floette|Dazzling Gleam|p1a: Gengar|[spread] p1a,p1b\n|-resisted|p1a: Gengar|1\n|-damage|p1a: Gengar|3/100\n|-damage|p1b: Politoed|0 fnt\n|faint|p1b: Politoed\n|\n|-weather|RainDance|[upkeep]\n|-end|p2b: Maushold|Encore\n|upkeep\n|turn|9\n|\n|t:|1775881319\n|move|p1a: Gengar|Shadow Ball|p2a: Floette\n|-damage|p2a: Floette|28/100\n|-unboost|p2a: Floette|spd|1\n|move|p2b: Maushold|Taunt|p1a: Gengar\n|-start|p1a: Gengar|move: Taunt\n|move|p2a: Floette|Dazzling Gleam|p1a: Gengar\n|-resisted|p1a: Gengar|1\n|-damage|p1a: Gengar|0 fnt\n|faint|p1a: Gengar\n|\n|win|burntouteriksp\n|raw|Pacman_po's rating: 1115 &rarr; <strong>1087</strong><br />(-28 for losing)\n|raw|burntouteriksp's rating: 1075 &rarr; <strong>1107</strong><br />(+32 for winning)\n",
  "uploadtime": 1775881319,
  "views": 12,
  "formatid": "gen9championsvgc2026regma",
  "rating": 1087,
  "private": 0,
  "password": null
}