{
  "id": "gen9championsvgc2026regma-2580797275",
  "format": "[Gen 9 Champions] VGC 2026 Reg M-A",
  "players": [
    "Tertryg",
    "Busterior"
  ],
  "log": "|j|\u2606Tertryg\n|j|\u2606Busterior\n|t:|1775933264\n|gametype|doubles\n|player|p1|Tertryg|169|1000\n|player|p2|Busterior|1|1000\n|gen|9\n|tier|[Gen 9 Champions] VGC 2026 Reg M-A\n|rated|\n|rule|Species Clause: Limit one of each Pok\u00e9mon\n|rule|Item Clause: Limit 1 of each item\n|clearpoke\n|poke|p1|Hawlucha, L50, F|\n|poke|p1|Excadrill, L50, F|\n|poke|p1|Tyranitar, L50, M|\n|poke|p1|Maushold, L50|\n|poke|p2|Froslass, L50, F|\n|poke|p2|Beartic, L50, M|\n|poke|p2|Castform, L50, F|\n|poke|p2|Pelipper, L50, F|\n|poke|p2|Basculegion, L50, M|\n|poke|p2|Dragonite, L50, M|\n|teampreview|4\n|inactive|Battle timer is ON: inactive players will automatically lose when time's up. (requested by Busterior)\n|inactive|Busterior has 60 seconds left.\nTertryg has agreed to open team sheets.\n|\n|t:|1775933303\n|teamsize|p1|4\n|teamsize|p2|4\n|start\n|switch|p1a: Excadrill|Excadrill, L50, F|100/100\n|switch|p1b: Hawlucha|Hawlucha, L50, F|100/100\n|switch|p2a: Pelipper|Pelipper, L50, F|100/100\n|switch|p2b: Castform|Castform, L50, F|100/100\n|-weather|RainDance|[from] ability: Drizzle|[of] p2a: Pelipper\n|-formechange|p2b: Castform|Castform-Rainy|[msg]|[from] ability: Forecast\n|turn|1\n|\n|t:|1775933325\n|switch|p1b: Tyranitar|Tyranitar, L50, M|100/100\n|-weather|Sandstorm|[from] ability: Sand Stream|[of] p1b: Tyranitar\n|-formechange|p2b: Castform|Castform|[msg]|[from] ability: Forecast\n|move|p1a: Excadrill|Protect|p1a: Excadrill\n|-singleturn|p1a: Excadrill|Protect\n|move|p2b: Castform|Blizzard|p1a: Excadrill|[spread] p1b\n|-activate|p1a: Excadrill|move: Protect\n|-damage|p1b: Tyranitar|92/100\n|move|p2a: Pelipper|Weather Ball|p1a: Excadrill\n|-activate|p1a: Excadrill|move: Protect\n|\n|-weather|Sandstorm|[upkeep]\n|-damage|p2b: Castform|94/100|[from] Sandstorm\n|-damage|p2a: Pelipper|95/100|[from] Sandstorm\n|-heal|p1b: Tyranitar|98/100|[from] item: Leftovers\n|upkeep\n|turn|2\n|\n|t:|1775933343\n|switch|p2a: Basculegion|Basculegion, L50, M|100/100\n|move|p1a: Excadrill|Horn Drill|p2a: Basculegion\n|-immune|p2a: Basculegion\n|move|p2b: Castform|Blizzard|p1b: Tyranitar|[spread] p1a,p1b\n|-crit|p1a: Excadrill\n|-damage|p1a: Excadrill|61/100\n|-damage|p1b: Tyranitar|88/100\n|-status|p1a: Excadrill|frz\n|move|p1b: Tyranitar|Rock Slide|p2b: Castform|[spread] \n|-miss|p1b: Tyranitar|p2a: Basculegion\n|-miss|p1b: Tyranitar|p2b: Castform\n|\n|-weather|Sandstorm|[upkeep]\n|-damage|p2b: Castform|88/100|[from] Sandstorm\n|-damage|p2a: Basculegion|94/100|[from] Sandstorm\n|-heal|p1b: Tyranitar|94/100|[from] item: Leftovers\n|upkeep\n|turn|3\n|\n|t:|1775933354\n|switch|p2b: Pelipper|Pelipper, L50, F|95/100\n|-weather|RainDance|[from] ability: Drizzle|[of] p2b: Pelipper\n|-curestatus|p1a: Excadrill|frz|[msg]\n|move|p1a: Excadrill|Protect|p1a: Excadrill\n|-singleturn|p1a: Excadrill|Protect\n|move|p2a: Basculegion|Agility|p2a: Basculegion\n|-boost|p2a: Basculegion|spe|2\n|move|p1b: Tyranitar|Knock Off|p2a: Basculegion\n|-supereffective|p2a: Basculegion|1\n|-damage|p2a: Basculegion|0 fnt\n|-enditem|p2a: Basculegion|Bright Powder|[from] move: Knock Off|[of] p1b: Tyranitar\n|faint|p2a: Basculegion\n|\n|-weather|RainDance|[upkeep]\n|-heal|p1b: Tyranitar|99/100|[from] item: Leftovers\n|upkeep\n|\n|t:|1775933364\n|switch|p2a: Castform|Castform, L50, F|88/100\n|-formechange|p2a: Castform|Castform-Rainy|[msg]|[from] ability: Forecast\n|turn|4\n|\n|t:|1775933384\n|switch|p1a: Maushold|Maushold, L50|100/100\n|move|p2a: Castform|Hydro Pump|p1b: Tyranitar\n|-supereffective|p1b: Tyranitar|1\n|-damage|p1b: Tyranitar|48/100\n|move|p1b: Tyranitar|Sandstorm|p1b: Tyranitar\n|-weather|Sandstorm\n|-formechange|p2a: Castform|Castform|[msg]|[from] ability: Forecast\n|move|p2b: Pelipper|Weather Ball|p1a: Maushold\n|-damage|p1a: Maushold|60/100\n|\n|-weather|Sandstorm|[upkeep]\n|-damage|p2a: Castform|82/100|[from] Sandstorm\n|-damage|p1a: Maushold|54/100|[from] Sandstorm\n|-damage|p2b: Pelipper|89/100|[from] Sandstorm\n|-heal|p1b: Tyranitar|54/100|[from] item: Leftovers\n|upkeep\n|turn|5\n|\n|t:|1775933398\n|move|p2a: Castform|Hydro Pump|p1b: Tyranitar\n|-supereffective|p1b: Tyranitar|1\n|-damage|p1b: Tyranitar|38/100\n|move|p1a: Maushold|After You|p1b: Tyranitar\n|-activate|p1b: Tyranitar|move: After You\n|move|p1b: Tyranitar|Rock Slide|p2b: Pelipper|[spread] p2a\n|-miss|p1b: Tyranitar|p2b: Pelipper\n|-damage|p2a: Castform|41/100\n|move|p2b: Pelipper|Hurricane|p1a: Maushold\n|-damage|p1a: Maushold|0 fnt\n|faint|p1a: Maushold\n|\n|-weather|Sandstorm|[upkeep]\n|-damage|p2a: Castform|35/100|[from] Sandstorm\n|-damage|p2b: Pelipper|83/100|[from] Sandstorm\n|-heal|p1b: Tyranitar|43/100|[from] item: Leftovers\n|upkeep\n|\n|t:|1775933408\n|switch|p1a: Excadrill|Excadrill, L50, F|61/100\n|turn|6\n|\n|t:|1775933418\n|detailschange|p1a: Excadrill|Excadrill-Mega, L50, F\n|-mega|p1a: Excadrill|Excadrill|Excadrite\n|move|p2a: Castform|Hydro Pump|p1a: Excadrill\n|-supereffective|p1a: Excadrill|1\n|-damage|p1a: Excadrill|0 fnt\n|faint|p1a: Excadrill\n|move|p1b: Tyranitar|Rock Slide|p2b: Pelipper|[spread] p2a,p2b\n|-supereffective|p2b: Pelipper|1\n|-damage|p2a: Castform|0 fnt\n|-damage|p2b: Pelipper|25/100\n|faint|p2a: Castform\n|move|p2b: Pelipper|Knock Off|p1b: Tyranitar\n|-resisted|p1b: Tyranitar|1\n|-damage|p1b: Tyranitar|38/100\n|-enditem|p1b: Tyranitar|Leftovers|[from] move: Knock Off|[of] p2b: Pelipper\n|\n|-weather|Sandstorm|[upkeep]\n|-damage|p2b: Pelipper|19/100|[from] Sandstorm\n|upkeep\n|\n|t:|1775933425\n|switch|p1a: Hawlucha|Hawlucha, L50, F|100/100\n|switch|p2a: Froslass|Froslass, L50, F|100/100\n|turn|7\n|-message|Tertryg forfeited.\n|\n|win|Busterior\n|raw|Tertryg's rating: 1000 &rarr; <strong>1000</strong><br />(+0 for losing)\n|raw|Busterior's rating: 1000 &rarr; <strong>1040</strong><br />(+40 for winning)\n|l|\u2606Tertryg\n|player|p1|\n",
  "uploadtime": 1775933431,
  "views": 12,
  "formatid": "gen9championsvgc2026regma",
  "rating": 1000,
  "private": 0,
  "password": null
}