{
  "id": "gen9championsvgc2026regma-2583990056",
  "format": "[Gen 9 Champions] VGC 2026 Reg M-A",
  "players": [
    "Volcano0",
    "camala64"
  ],
  "log": "|j|\u2606Volcano0\n|j|\u2606camala64\n|t:|1776214666\n|gametype|doubles\n|player|p1|Volcano0|n|\n|player|p2|camala64|lance-masters2|\n|gen|9\n|tier|[Gen 9 Champions] VGC 2026 Reg M-A\n|rule|Species Clause: Limit one of each Pok\u00e9mon\n|rule|Item Clause: Limit 1 of each item\n|clearpoke\n|poke|p1|Charizard, L50, F|\n|poke|p1|Venusaur, L50, F|\n|poke|p1|Incineroar, L50, F|\n|poke|p1|Garchomp, L50, F|\n|poke|p1|Floette-Eternal, L50, F|\n|poke|p1|Maushold-Four, L50|\n|poke|p2|Gengar, L50, M|\n|poke|p2|Kommo-o, L50, M|\n|poke|p2|Incineroar, L50, M|\n|poke|p2|Tyranitar, L50, M|\n|poke|p2|Sinistcha-Masterpiece, L50|\n|poke|p2|Kingambit, L50, M|\n|teampreview|4\n|inactive|Battle timer is ON: inactive players will automatically lose when time's up. (requested by Volcano0)\ncamala64 has agreed to open team sheets.\nVolcano0 has agreed to open team sheets.\n|showteam|p1|Charizard||CharizarditeY|Blaze|HeatWave,SolarBeam,Protect,Overheat|||F|||50|]Venusaur||FocusSash|Chlorophyll|LeafStorm,SludgeBomb,EarthPower,Protect|||F|||50|]Incineroar||SitrusBerry|Intimidate|FlareBlitz,FakeOut,DarkestLariat,PartingShot|||F|||50|]Garchomp||ChoiceScarf|RoughSkin|DragonClaw,Earthquake,RockSlide,IronHead|||F|||50|]Floette-Eternal||Floettite|FlowerVeil|Moonblast,DazzlingGleam,CalmMind,Protect|||F|||50|]Maushold-Four||Leftovers|FriendGuard|FollowMe,SuperFang,Taunt,Protect||||||50|\n|showteam|p2|Gengar||Gengarite|CursedBody|ShadowBall,Substitute,PerishSong,Protect|||M|||50|]Kommo-o||Leftovers|Soundproof|ClangingScales,ClangorousSoul,AuraSphere,Protect|||M|||50|]Incineroar||ShucaBerry|Intimidate|FakeOut,Protect,ThroatChop,PartingShot|||M|||50|]Tyranitar||ChoiceScarf|SandStream|RockSlide,KnockOff,IcePunch,LowKick|||M|||50|]Sinistcha-Masterpiece||SitrusBerry|Hospitality|MatchaGotcha,RagePowder,LifeDew,Protect||||||50|]Kingambit||ChopleBerry|Defiant|SuckerPunch,LowKick,IronHead,Protect|||M|||50|\n|\n|t:|1776214695\n|teamsize|p1|4\n|teamsize|p2|4\n|start\n|switch|p1a: Charizard|Charizard, L50, F, shiny|100/100\n|switch|p1b: Garchomp|Garchomp, L50, F|100/100\n|switch|p2a: Gengar|Gengar, L50, M, shiny|100/100\n|switch|p2b: Incineroar|Incineroar, L50, M|100/100\n|-ability|p2b: Incineroar|Intimidate|boost\n|-unboost|p1a: Charizard|atk|1\n|-unboost|p1b: Garchomp|atk|1\n|turn|1\n|\n|t:|1776214720\n|detailschange|p2a: Gengar|Gengar-Mega, L50, M, shiny\n|-mega|p2a: Gengar|Gengar|Gengarite\n|move|p2a: Gengar|Protect|p2a: Gengar\n|-singleturn|p2a: Gengar|Protect\n|move|p1a: Charizard|Protect|p1a: Charizard\n|-singleturn|p1a: Charizard|Protect\n|move|p1b: Garchomp|Rock Slide|p2a: Gengar|[spread] p2b\n|-activate|p2a: Gengar|move: Protect\n|-supereffective|p2b: Incineroar|1\n|-damage|p2b: Incineroar|76/100\n|cant|p2b: Incineroar|flinch\n|\n|upkeep\n|turn|2\n|\n|t:|1776214739\n|detailschange|p1a: Charizard|Charizard-Mega-Y, L50, F, shiny\n|-mega|p1a: Charizard|Charizard|Charizardite Y\n|-weather|SunnyDay|[from] ability: Drought|[of] p1a: Charizard\n|move|p1b: Garchomp|Rock Slide|p2b: Incineroar|[spread] p2a\n|-miss|p1b: Garchomp|p2b: Incineroar\n|-damage|p2a: Gengar|84/100\n|move|p2a: Gengar|Substitute|p2a: Gengar\n|-start|p2a: Gengar|Substitute\n|-damage|p2a: Gengar|59/100\n|move|p1a: Charizard|Overheat|p2a: Gengar\n|-end|p2a: Gengar|Substitute\n|-unboost|p1a: Charizard|spa|2\n|move|p2b: Incineroar|Parting Shot|p1b: Garchomp\n|-unboost|p1b: Garchomp|atk|1\n|-unboost|p1b: Garchomp|spa|1\n|\n|t:|1776214753\n|switch|p2b: Tyranitar|Tyranitar, L50, M, shiny|100/100|[from] Parting Shot\n|-weather|Sandstorm|[from] ability: Sand Stream|[of] p2b: Tyranitar\n|\n|-weather|Sandstorm|[upkeep]\n|-damage|p2a: Gengar|53/100|[from] Sandstorm\n|-damage|p1a: Charizard|95/100|[from] Sandstorm\n|upkeep\n|turn|3\n|\n|t:|1776214764\n|move|p1b: Garchomp|Rock Slide|p2a: Gengar|[spread] p2a,p2b\n|-damage|p2a: Gengar|41/100\n|-damage|p2b: Tyranitar|92/100\n|move|p2b: Tyranitar|Rock Slide|p1b: Garchomp|[spread] p1a,p1b\n|-supereffective|p1a: Charizard|2\n|-resisted|p1b: Garchomp|1\n|-damage|p1a: Charizard|0 fnt\n|-damage|p1b: Garchomp|86/100\n|faint|p1a: Charizard\n|move|p2a: Gengar|Substitute|p2a: Gengar\n|-start|p2a: Gengar|Substitute\n|-damage|p2a: Gengar|17/100\n|\n|-weather|Sandstorm|[upkeep]\n|-damage|p2a: Gengar|11/100|[from] Sandstorm\n|upkeep\n|\n|t:|1776214776\n|switch|p1a: Incineroar|Incineroar, L50, F, shiny|100/100\n|-ability|p1a: Incineroar|Intimidate|boost\n|-immune|p2a: Gengar\n|-unboost|p2b: Tyranitar|atk|1\n|turn|4\n|\n|t:|1776214789\n|move|p1a: Incineroar|Fake Out|p2b: Tyranitar\n|-resisted|p2b: Tyranitar|1\n|-damage|p2b: Tyranitar|87/100\n|move|p1b: Garchomp|Rock Slide|p2b: Tyranitar|[spread] p2a,p2b\n|-activate|p2a: Gengar|move: Substitute|[damage]\n|-damage|p2b: Tyranitar|78/100\n|cant|p2b: Tyranitar|flinch\n|move|p2a: Gengar|Perish Song|p2a: Gengar\n|-start|p1a: Incineroar|perish3|[silent]\n|-start|p1b: Garchomp|perish3|[silent]\n|-start|p2a: Gengar|perish3|[silent]\n|-start|p2b: Tyranitar|perish3|[silent]\n|-fieldactivate|move: Perish Song\n|\n|-weather|Sandstorm|[upkeep]\n|-damage|p2a: Gengar|5/100|[from] Sandstorm\n|-damage|p1a: Incineroar|94/100|[from] Sandstorm\n|-start|p1b: Garchomp|perish3\n|-start|p2b: Tyranitar|perish3\n|-start|p2a: Gengar|perish3\n|-start|p1a: Incineroar|perish3\n|upkeep\n|turn|5\n|\n|t:|1776214806\n|switch|p2b: Incineroar|Incineroar, L50, M|76/100\n|-ability|p2b: Incineroar|Intimidate|boost\n|-unboost|p1a: Incineroar|atk|1\n|-unboost|p1b: Garchomp|atk|1\n|move|p1b: Garchomp|Rock Slide|p2a: Gengar|[spread] p2a,p2b\n|-activate|p2a: Gengar|move: Substitute|[damage]\n|-supereffective|p2b: Incineroar|1\n|-damage|p2b: Incineroar|61/100\n|move|p2a: Gengar|Shadow Ball|p1b: Garchomp\n|-damage|p1b: Garchomp|45/100\n|move|p1a: Incineroar|Darkest Lariat|p2a: Gengar\n|-supereffective|p2a: Gengar|1\n|-end|p2a: Gengar|Substitute\n|\n|-weather|Sandstorm|[upkeep]\n|-damage|p2a: Gengar|0 fnt|[from] Sandstorm\n|-damage|p2b: Incineroar|55/100|[from] Sandstorm\n|-damage|p1a: Incineroar|88/100|[from] Sandstorm\n|faint|p2a: Gengar\n|-start|p1b: Garchomp|perish2\n|-start|p1a: Incineroar|perish2\n|upkeep\n|\n|t:|1776214824\n|switch|p2a: Kingambit|Kingambit, L50, M, shiny|100/100\n|turn|6\n|\n|t:|1776214844\n|switch|p1a: Venusaur|Venusaur, L50, F, shiny|100/100\n|move|p1b: Garchomp|Rock Slide|p2a: Kingambit|[spread] p2a,p2b\n|-resisted|p2a: Kingambit|1\n|-crit|p2a: Kingambit\n|-supereffective|p2b: Incineroar|1\n|-damage|p2a: Kingambit|89/100\n|-damage|p2b: Incineroar|40/100\n|move|p2b: Incineroar|Parting Shot|p1a: Venusaur\n|-unboost|p1a: Venusaur|atk|1\n|-unboost|p1a: Venusaur|spa|1\n|\n|t:|1776214854\n|switch|p2b: Tyranitar|Tyranitar, L50, M, shiny|78/100|[from] Parting Shot\n|cant|p2a: Kingambit|flinch\n|\n|-weather|none\n|-start|p1b: Garchomp|perish1\n|upkeep\n|turn|7\n|\n|t:|1776214869\n|switch|p2b: Incineroar|Incineroar, L50, M|40/100\n|-ability|p2b: Incineroar|Intimidate|boost\n|-unboost|p1a: Venusaur|atk|1\n|-unboost|p1b: Garchomp|atk|1\n|move|p1b: Garchomp|Rock Slide|p2a: Kingambit|[spread] p2b\n|-miss|p1b: Garchomp|p2a: Kingambit\n|-supereffective|p2b: Incineroar|1\n|-damage|p2b: Incineroar|28/100\n|move|p1a: Venusaur|Leaf Storm|p2b: Incineroar\n|-resisted|p2b: Incineroar|1\n|-damage|p2b: Incineroar|7/100\n|-unboost|p1a: Venusaur|spa|2\n|move|p2a: Kingambit|Low Kick|p1b: Garchomp\n|-damage|p1b: Garchomp|17/100\n|-damage|p2a: Kingambit|77/100|[from] ability: Rough Skin|[of] p1b: Garchomp\n|\n|-start|p1b: Garchomp|perish0\n|upkeep\n|faint|p1b: Garchomp\n|\n|t:|1776214885\n|switch|p1b: Incineroar|Incineroar, L50, F, shiny|88/100\n|-ability|p1b: Incineroar|Intimidate|boost\n|-unboost|p2a: Kingambit|atk|1\n|-ability|p2a: Kingambit|Defiant|boost\n|-boost|p2a: Kingambit|atk|2\n|-unboost|p2b: Incineroar|atk|1\n|turn|8\n|\n|t:|1776214899\n|move|p2a: Kingambit|Protect|p2a: Kingambit\n|-singleturn|p2a: Kingambit|Protect\n|move|p1a: Venusaur|Earth Power|p2b: Incineroar\n|-supereffective|p2b: Incineroar|1\n|-enditem|p2b: Incineroar|Shuca Berry|[eat]\n|-enditem|p2b: Incineroar|Shuca Berry|[weaken]\n|-damage|p2b: Incineroar|0 fnt\n|faint|p2b: Incineroar\n|move|p1b: Incineroar|Flare Blitz|p2a: Kingambit\n|-activate|p2a: Kingambit|move: Protect\n|\n|upkeep\n|\n|t:|1776214907\n|switch|p2b: Tyranitar|Tyranitar, L50, M, shiny|78/100\n|-weather|Sandstorm|[from] ability: Sand Stream|[of] p2b: Tyranitar\n|turn|9\n|\n|t:|1776214914\n|move|p2a: Kingambit|Sucker Punch|p1b: Incineroar\n|-resisted|p1b: Incineroar|1\n|-damage|p1b: Incineroar|58/100\n|move|p2b: Tyranitar|Rock Slide|p1a: Venusaur|[spread] p1a,p1b\n|-supereffective|p1b: Incineroar|1\n|-damage|p1a: Venusaur|64/100\n|-damage|p1b: Incineroar|4/100\n|-enditem|p1b: Incineroar|Sitrus Berry|[eat]\n|-heal|p1b: Incineroar|29/100|[from] item: Sitrus Berry\n|cant|p1a: Venusaur|flinch\n|move|p1b: Incineroar|Flare Blitz|p2a: Kingambit\n|-supereffective|p2a: Kingambit|1\n|-damage|p2a: Kingambit|4/100\n|-damage|p1b: Incineroar|4/100|[from] Recoil\n|\n|-weather|Sandstorm|[upkeep]\n|-damage|p1a: Venusaur|58/100|[from] Sandstorm\n|-damage|p1b: Incineroar|0 fnt|[from] Sandstorm\n|faint|p1b: Incineroar\n|upkeep\n|turn|10\n|c|\u2606Volcano0|gg\n|-message|Volcano0 forfeited.\n|\n|win|camala64\n|l|\u2606Volcano0\n|player|p1|\n|c|\u2606camala64|Gg\n",
  "uploadtime": 1776214946,
  "views": 12,
  "formatid": "gen9championsvgc2026regma",
  "rating": null,
  "private": 0,
  "password": null
}