{
  "id": "gen9championsvgc2026regma-2588450879",
  "format": "[Gen 9 Champions] VGC 2026 Reg M-A",
  "players": [
    "slypig",
    "freakziIIa"
  ],
  "log": "|j|\u2606slypig\n|j|\u2606freakziIIa\n|t:|1776634650\n|gametype|doubles\n|player|p1|slypig|guitarist-gen4|1086\n|player|p2|freakziIIa|swimmer|1149\n|gen|9\n|tier|[Gen 9 Champions] VGC 2026 Reg M-A\n|rated|\n|rule|Species Clause: Limit one of each Pok\u00e9mon\n|rule|Item Clause: Limit 1 of each item\n|clearpoke\n|poke|p1|Tyranitar, L50, F|\n|poke|p1|Rotom-Wash, L50|\n|poke|p1|Garchomp, L50, M|\n|poke|p1|Aerodactyl, L50, M|\n|poke|p1|Sinistcha, L50|\n|poke|p1|Sneasler, L50, F|\n|poke|p2|Sinistcha, L50|\n|poke|p2|Gyarados, L50, M, shiny|\n|poke|p2|Gardevoir, L50, F, shiny|\n|poke|p2|Archaludon, L50, M|\n|poke|p2|Pelipper, L50, M, shiny|\n|poke|p2|Sneasler, L50, M|\n|teampreview|4\n|inactive|Battle timer is ON: inactive players will automatically lose when time's up. (requested by freakziIIa)\n|inactive|slypig has 60 seconds left.\n|inactive|freakziIIa has 60 seconds left.\n|\n|t:|1776634684\n|teamsize|p1|4\n|teamsize|p2|4\n|start\n|switch|p1a: Aerodactyl|Aerodactyl, L50, M|100/100\n|switch|p1b: Rotom|Rotom-Wash, L50|100/100\n|switch|p2a: Gyarados|Gyarados, L50, M, shiny|100/100\n|switch|p2b: Sneasler|Sneasler, L50, M|100/100\n|-ability|p1a: Aerodactyl|Unnerve\n|-ability|p2a: Gyarados|Intimidate|boost\n|-unboost|p1a: Aerodactyl|atk|1\n|-unboost|p1b: Rotom|atk|1\n|turn|1\n|inactive|slypig has 30 seconds left.\n|inactive|freakziIIa has 30 seconds left.\n|\n|t:|1776634714\n|move|p2b: Sneasler|Fake Out|p1b: Rotom\n|-damage|p1b: Rotom|80/100\n|cant|p1b: Rotom|flinch\n|move|p1a: Aerodactyl|Dual Wingbeat|p2b: Sneasler\n|-supereffective|p2b: Sneasler|1\n|-damage|p2b: Sneasler|61/100\n|-supereffective|p2b: Sneasler|1\n|-crit|p2b: Sneasler\n|-damage|p2b: Sneasler|0 fnt\n|faint|p2b: Sneasler\n|-hitcount|p2: Sneasler|2\n|move|p2a: Gyarados|Waterfall|p1a: Aerodactyl\n|-supereffective|p1a: Aerodactyl|1\n|-enditem|p1a: Aerodactyl|Focus Sash\n|-damage|p1a: Aerodactyl|1/100\n|\n|upkeep\n|inactive|freakziIIa has 30 seconds left.\n|\n|t:|1776634744\n|switch|p2b: Archaludon|Archaludon, L50, M|100/100\n|turn|2\n|inactive|slypig has 30 seconds left.\n|\n|t:|1776634770\n|detailschange|p2a: Gyarados|Gyarados-Mega, L50, M, shiny\n|-mega|p2a: Gyarados|Gyarados|Gyaradosite\n|-ability|p2a: Gyarados|Mold Breaker\n|move|p1b: Rotom|Trick|p2b: Archaludon\n|-activate|p1b: Rotom|move: Trick|[of] p2b: Archaludon\n|-item|p2b: Archaludon|Choice Scarf|[from] move: Trick\n|-item|p1b: Rotom|Magnet|[from] move: Trick\n|move|p1a: Aerodactyl|Tailwind|p1a: Aerodactyl\n|-sidestart|p1: slypig|move: Tailwind\n|move|p2b: Archaludon|Aura Sphere|p1b: Rotom\n|-damage|p1b: Rotom|40/100\n|move|p2a: Gyarados|Waterfall|p1b: Rotom\n|-resisted|p1b: Rotom|1\n|-damage|p1b: Rotom|6/100\n|\n|upkeep\n|turn|3\n|inactive|slypig has 30 seconds left.\n|\n|t:|1776634801\n|switch|p1a: Sinistcha|Sinistcha, L50|100/100\n|-heal|p1b: Rotom|31/100|[from] ability: Hospitality|[of] p1a: Sinistcha\n|move|p1b: Rotom|Discharge|p2a: Gyarados|[spread] p1a,p2a,p2b\n|-resisted|p1a: Sinistcha|1\n|-supereffective|p2a: Gyarados|1\n|-resisted|p2b: Archaludon|1\n|-damage|p1a: Sinistcha|83/100\n|-damage|p2a: Gyarados|48/100\n|-damage|p2b: Archaludon|84/100\n|-status|p2a: Gyarados|par\n|-ability|p2b: Archaludon|Stamina|boost\n|-boost|p2b: Archaludon|def|1\n|move|p2b: Archaludon|Aura Sphere|p1a: Sinistcha\n|-immune|p1a: Sinistcha\n|cant|p2a: Gyarados|par\n|\n|-heal|p1a: Sinistcha|89/100|[from] item: Leftovers\n|upkeep\n|turn|4\n|\n|t:|1776634826\n|move|p1b: Rotom|Discharge|p2b: Archaludon|[spread] p1a,p2a,p2b\n|-resisted|p1a: Sinistcha|1\n|-supereffective|p2a: Gyarados|1\n|-resisted|p2b: Archaludon|1\n|-damage|p1a: Sinistcha|70/100\n|-damage|p2a: Gyarados|0 fnt\n|-damage|p2b: Archaludon|67/100\n|-ability|p2b: Archaludon|Stamina|boost\n|-boost|p2b: Archaludon|def|1\n|faint|p2a: Gyarados\n|move|p1a: Sinistcha|Life Dew|p1a: Sinistcha|[spread] p1a,p1b\n|-heal|p1a: Sinistcha|95/100\n|-heal|p1b: Rotom|56/100\n|move|p2b: Archaludon|Aura Sphere|p1b: Rotom\n|-crit|p1b: Rotom\n|-damage|p1b: Rotom|0 fnt\n|faint|p1b: Rotom\n|\n|-heal|p1a: Sinistcha|100/100|[from] item: Leftovers\n|upkeep\n|inactive|slypig has 30 seconds left.\n|\n|t:|1776634857\n|switch|p1b: Aerodactyl|Aerodactyl, L50, M|1/100\n|switch|p2a: Pelipper|Pelipper, L50, M, shiny|100/100\n|-ability|p1b: Aerodactyl|Unnerve\n|-weather|RainDance|[from] ability: Drizzle|[of] p2a: Pelipper\n|turn|5\n|\n|t:|1776634875\n|move|p1a: Sinistcha|Rage Powder|p1a: Sinistcha\n|-singleturn|p1a: Sinistcha|move: Rage Powder\n|move|p1b: Aerodactyl|Rock Slide|p2a: Pelipper|[spread] p2a,p2b\n|-supereffective|p2a: Pelipper|1\n|-resisted|p2b: Archaludon|1\n|-damage|p2a: Pelipper|35/100\n|-damage|p2b: Archaludon|61/100\n|-ability|p2b: Archaludon|Stamina|boost\n|-boost|p2b: Archaludon|def|1\n|move|p2b: Archaludon|Aura Sphere|p1a: Sinistcha\n|-immune|p1a: Sinistcha\n|cant|p2a: Pelipper|flinch\n|\n|-weather|RainDance|[upkeep]\n|-sideend|p1: slypig|move: Tailwind\n|upkeep\n|turn|6\n|\n|t:|1776634895\n|move|p1b: Aerodactyl|Rock Slide|p2a: Pelipper|[spread] p2a,p2b\n|-supereffective|p2a: Pelipper|1\n|-resisted|p2b: Archaludon|1\n|-damage|p2a: Pelipper|0 fnt\n|-damage|p2b: Archaludon|56/100\n|-ability|p2b: Archaludon|Stamina|boost\n|-boost|p2b: Archaludon|def|1\n|faint|p2a: Pelipper\n|move|p2b: Archaludon|Aura Sphere|p1b: Aerodactyl\n|-damage|p1b: Aerodactyl|0 fnt\n|faint|p1b: Aerodactyl\n|move|p1a: Sinistcha|Life Dew||[still]\n|-fail|p1a: Sinistcha|heal\n|\n|-weather|RainDance|[upkeep]\n|upkeep\n|-message|freakziIIa forfeited.\n|\n|win|slypig\n|raw|slypig's rating: 1086 &rarr; <strong>1118</strong><br />(+32 for winning)\n|raw|freakziIIa's rating: 1149 &rarr; <strong>1120</strong><br />(-29 for losing)\n|l|\u2606freakziIIa\n|player|p2|\n",
  "uploadtime": 1776634961,
  "views": 10,
  "formatid": "gen9championsvgc2026regma",
  "rating": 1118,
  "private": 0,
  "password": null
}