{
  "id": "gen9championsvgc2026regma-2584846171",
  "format": "[Gen 9 Champions] VGC 2026 Reg M-A",
  "players": [
    "MysteriouSSoull",
    "Who is trader joe"
  ],
  "log": "|j|\u2606MysteriouSSoull\n|j|\u2606Who is trader joe\n|t:|1776288216\n|gametype|doubles\n|player|p1|MysteriouSSoull|266|1063\n|player|p2|Who is trader joe|pokemonbreederf|1148\n|gen|9\n|tier|[Gen 9 Champions] VGC 2026 Reg M-A\n|rated|\n|rule|Species Clause: Limit one of each Pok\u00e9mon\n|rule|Item Clause: Limit 1 of each item\n|clearpoke\n|poke|p1|Charizard, L50, F|\n|poke|p1|Garchomp, L50, M|\n|poke|p1|Gardevoir, L50, M|\n|poke|p1|Manectric, L50, M|\n|poke|p1|Victreebel, L50, M|\n|poke|p1|Gliscor, L50, M|\n|poke|p2|Medicham, L50, F|\n|poke|p2|Raichu-Alola, L50, M|\n|poke|p2|Banette, L50, F|\n|poke|p2|Gyarados, L50, M|\n|poke|p2|Gourgeist-*, L50, F|\n|poke|p2|Scizor, L50, M|\n|teampreview|4\nMysteriouSSoull has agreed to open team sheets.\n|\n|t:|1776288266\n|teamsize|p1|4\n|teamsize|p2|4\n|start\n|switch|p1a: Garchomp|Garchomp, L50, M|100/100\n|switch|p1b: Gliscor|Gliscor, L50, M, shiny|100/100\n|switch|p2a: soulja boy|Banette, L50, F|100/100\n|switch|p2b: Medicham|Medicham, L50, F|100/100\n|-item|p1a: Garchomp|Focus Sash|[from] ability: Frisk|[of] p2a: soulja boy\n|-item|p1b: Gliscor|Passho Berry|[from] ability: Frisk|[of] p2a: soulja boy\n|turn|1\n|\n|t:|1776288288\n|detailschange|p2a: soulja boy|Banette-Mega, L50, F\n|-mega|p2a: soulja boy|Banette|Banettite\n|move|p2b: Medicham|Fake Out|p1a: Garchomp\n|-damage|p1a: Garchomp|83/100\n|-damage|p2b: Medicham|88/100|[from] ability: Rough Skin|[of] p1a: Garchomp\n|move|p2a: soulja boy|Skill Swap|p2b: Medicham\n|-activate|p2a: soulja boy|Skill Swap|||[of] p2b: Medicham\n|cant|p1a: Garchomp|flinch\n|move|p1b: Gliscor|Tailwind|p1b: Gliscor\n|-sidestart|p1: MysteriouSSoull|move: Tailwind\n|\n|upkeep\n|turn|2\n|\n|t:|1776288323\n|move|p2b: Medicham|Coaching|p2a: soulja boy\n|-boost|p2a: soulja boy|atk|1\n|-boost|p2a: soulja boy|def|1\n|move|p2a: soulja boy|Shadow Sneak|p1a: Garchomp\n|-damage|p1a: Garchomp|15/100\n|-damage|p2a: soulja boy|88/100|[from] ability: Rough Skin|[of] p1a: Garchomp\n|move|p1a: Garchomp|Earthquake|p2b: Medicham|[spread] p2a,p2b\n|-immune|p1b: Gliscor\n|-damage|p2a: soulja boy|49/100\n|-damage|p2b: Medicham|31/100\n|move|p1b: Gliscor|Acrobatics|p2b: Medicham\n|-supereffective|p2b: Medicham|1\n|-damage|p2b: Medicham|0 fnt\n|faint|p2b: Medicham\n|\n|upkeep\n|\n|t:|1776288338\n|switch|p2b: Scizor|Scizor, L50, M|100/100\n|turn|3\n|\n|t:|1776288351\n|move|p2b: Scizor|Bullet Punch|p1a: Garchomp\n|-damage|p1a: Garchomp|0 fnt\n|-damage|p2b: Scizor|88/100|[from] ability: Rough Skin|[of] p1a: Garchomp\n|faint|p1a: Garchomp\n|move|p1b: Gliscor|Acrobatics|p2a: soulja boy\n|-damage|p2a: soulja boy|27/100\n|move|p2a: soulja boy|Poltergeist|p1b: Gliscor\n|-activate|p1b: Gliscor|move: Poltergeist|Passho Berry\n|-damage|p1b: Gliscor|0 fnt\n|faint|p1b: Gliscor\n|\n|upkeep\n|\n|t:|1776288355\n|switch|p1a: Charizard|Charizard, L50, F, shiny|100/100\n|switch|p1b: Manectric|Manectric, L50, M|100/100\n|turn|4\n|\n|t:|1776288383\n|detailschange|p1a: Charizard|Charizard-Mega-Y, L50, F, shiny\n|-mega|p1a: Charizard|Charizard|Charizardite Y\n|-weather|SunnyDay|[from] ability: Drought|[of] p1a: Charizard\n|move|p2a: soulja boy|Protect|p2a: soulja boy\n|-singleturn|p2a: soulja boy|Protect\n|move|p1b: Manectric|Snarl|p2b: Scizor|[spread] p2b\n|-activate|p2a: soulja boy|move: Protect\n|-damage|p2b: Scizor|75/100\n|-unboost|p2b: Scizor|spa|1\n|move|p1a: Charizard|Heat Wave|p2a: soulja boy|[spread] p2b\n|-activate|p2a: soulja boy|move: Protect\n|-supereffective|p2b: Scizor|2\n|-damage|p2b: Scizor|0 fnt\n|faint|p2b: Scizor\n|\n|-weather|SunnyDay|[upkeep]\n|-sideend|p1: MysteriouSSoull|move: Tailwind\n|upkeep\n|\n|t:|1776288395\n|switch|p2b: \ud83d\ude1c\ud83d\ude1c\ud83d\ude1c|Gourgeist-Large, L50, F|100/100\n|-item|p1a: Charizard|Charizardite Y|[from] ability: Frisk|[of] p2b: \ud83d\ude1c\ud83d\ude1c\ud83d\ude1c\n|-item|p1b: Manectric|White Herb|[from] ability: Frisk|[of] p2b: \ud83d\ude1c\ud83d\ude1c\ud83d\ude1c\n|turn|5\n|\n|t:|1776288422\n|move|p2a: soulja boy|Shadow Sneak|p1a: Charizard\n|-damage|p1a: Charizard|0 fnt\n|faint|p1a: Charizard\n|move|p2b: \ud83d\ude1c\ud83d\ude1c\ud83d\ude1c|Power Whip|p1b: Manectric\n|-damage|p1b: Manectric|26/100\n|move|p1b: Manectric|Snarl|p2b: \ud83d\ude1c\ud83d\ude1c\ud83d\ude1c|[spread] p2a,p2b\n|-supereffective|p2a: soulja boy|1\n|-supereffective|p2b: \ud83d\ude1c\ud83d\ude1c\ud83d\ude1c|1\n|-damage|p2a: soulja boy|4/100\n|-damage|p2b: \ud83d\ude1c\ud83d\ude1c\ud83d\ude1c|71/100\n|-unboost|p2a: soulja boy|spa|1\n|-unboost|p2b: \ud83d\ude1c\ud83d\ude1c\ud83d\ude1c|spa|1\n|\n|-weather|SunnyDay|[upkeep]\n|upkeep\n|turn|6\n|\n|t:|1776288438\n|move|p2a: soulja boy|Shadow Sneak|p1b: Manectric\n|-damage|p1b: Manectric|0 fnt\n|faint|p1b: Manectric\n|\n|win|Who is trader joe\n|raw|MysteriouSSoull's rating: 1063 &rarr; <strong>1048</strong><br />(-15 for losing)\n|raw|Who is trader joe's rating: 1148 &rarr; <strong>1167</strong><br />(+19 for winning)\n|c|\u2606MysteriouSSoull|gg\n|c|\u2606Who is trader joe|gg\n|l|\u2606MysteriouSSoull\n|player|p1|\n",
  "uploadtime": 1776288450,
  "views": 27,
  "formatid": "gen9championsvgc2026regma",
  "rating": 1048,
  "private": 0,
  "password": null
}