{
  "id": "gen9championsvgc2026regma-2585578335",
  "format": "[Gen 9 Champions] VGC 2026 Reg M-A",
  "players": [
    "tomicoture",
    "boat glue"
  ],
  "log": "|j|\u2606tomicoture\n|j|\u2606boat glue\n|t:|1776356703\n|gametype|doubles\n|player|p1|tomicoture|265|1314\n|player|p2|boat glue|170|1352\n|gen|9\n|tier|[Gen 9 Champions] VGC 2026 Reg M-A\n|rated|\n|rule|Species Clause: Limit one of each Pok\u00e9mon\n|rule|Item Clause: Limit 1 of each item\n|clearpoke\n|poke|p1|Drampa, L50, M|\n|poke|p1|Glimmora, L50, M|\n|poke|p1|Incineroar, L50, M|\n|poke|p1|Gardevoir, L50, F|\n|poke|p1|Rotom-Wash, L50|\n|poke|p1|Kingambit, L50, M|\n|poke|p2|Floette-Eternal, L50, F|\n|poke|p2|Rotom-Wash, L50|\n|poke|p2|Maushold-Four, L50|\n|poke|p2|Aerodactyl, L50, F|\n|poke|p2|Aegislash, L50, F|\n|poke|p2|Garchomp, L50, F|\n|teampreview|4\n|inactive|Battle timer is ON: inactive players will automatically lose when time's up. (requested by boat glue)\n|\n|t:|1776356739\n|teamsize|p1|4\n|teamsize|p2|4\n|start\n|switch|p1a: Rotom|Rotom-Wash, L50|100/100\n|switch|p1b: Incineroar|Incineroar, L50, M|100/100\n|switch|p2a: Aerodactyl|Aerodactyl, L50, F, shiny|100/100\n|switch|p2b: Garchomp|Garchomp, L50, F|100/100\n|-ability|p2a: Aerodactyl|Unnerve\n|-ability|p1b: Incineroar|Intimidate|boost\n|-unboost|p2a: Aerodactyl|atk|1\n|-unboost|p2b: Garchomp|atk|1\n|-enditem|p2b: Garchomp|White Herb\n|-clearnegativeboost|p2b: Garchomp|[silent]\n|turn|1\n|inactive|tomicoture has 30 seconds left.\n|\n|t:|1776356770\n|move|p2a: Aerodactyl|Protect|p2a: Aerodactyl\n|-singleturn|p2a: Aerodactyl|Protect\n|move|p1b: Incineroar|Fake Out|p2a: Aerodactyl\n|-activate|p2a: Aerodactyl|move: Protect\n|move|p2b: Garchomp|Stomping Tantrum|p1b: Incineroar\n|-supereffective|p1b: Incineroar|1\n|-damage|p1b: Incineroar|19/100\n|move|p1a: Rotom|Volt Switch|p2a: Aerodactyl\n|-activate|p2a: Aerodactyl|move: Protect\n|\n|-heal|p1b: Incineroar|25/100|[from] item: Leftovers\n|upkeep\n|turn|2\n|\n|t:|1776356797\n|move|p2a: Aerodactyl|Tailwind|p2a: Aerodactyl\n|-sidestart|p2: boat glue|move: Tailwind\n|move|p2b: Garchomp|Stomping Tantrum|p1b: Incineroar\n|-supereffective|p1b: Incineroar|1\n|-damage|p1b: Incineroar|0 fnt\n|faint|p1b: Incineroar\n|move|p1a: Rotom|Volt Switch|p2a: Aerodactyl\n|-supereffective|p2a: Aerodactyl|1\n|-damage|p2a: Aerodactyl|4/100\n|\n|t:|1776356814\n|switch|p1a: Gardevoir|Gardevoir, L50, F|100/100|[from] Volt Switch\n|-ability|p1a: Gardevoir|Unnerve|Trace|[from] ability: Trace|[of] p2a: Aerodactyl\n|-ability|p1a: Gardevoir|Unnerve\n|\n|upkeep\n|\n|t:|1776356815\n|switch|p1b: Rotom|Rotom-Wash, L50|100/100\n|turn|3\n|inactive|boat glue has 30 seconds left.\n|inactive|boat glue has 20 seconds left.\n|inactive|boat glue has 15 seconds left.\n|\n|t:|1776356858\n|switch|p2a: Aegislash|Aegislash, L50, F, shiny|100/100\n|move|p2b: Garchomp|Stomping Tantrum|p1a: Gardevoir\n|-damage|p1a: Gardevoir|32/100\n|move|p1a: Gardevoir|Dazzling Gleam|p2b: Garchomp|[spread] p2a,p2b\n|-resisted|p2a: Aegislash|1\n|-supereffective|p2b: Garchomp|1\n|-damage|p2a: Aegislash|89/100\n|-damage|p2b: Garchomp|38/100\n|move|p1b: Rotom|Hydro Pump|p2b: Garchomp\n|-damage|p2b: Garchomp|0 fnt\n|faint|p2b: Garchomp\n|\n|upkeep\n|\n|t:|1776356874\n|switch|p2b: Floette|Floette-Eternal, L50, F|100/100\n|turn|4\n|inactive|tomicoture has 30 seconds left.\n|inactive|tomicoture has 20 seconds left.\n|\n|t:|1776356914\n|switch|p1a: Glimmora|Glimmora, L50, M|100/100\n|detailschange|p2b: Floette|Floette-Mega, L50, F\n|-mega|p2b: Floette|Floette|Floettite\n|-ability|p2b: Floette|Fairy Aura\n|move|p2b: Floette|Moonblast|p1a: Glimmora\n|-resisted|p1a: Glimmora|1\n|-damage|p1a: Glimmora|59/100\n|-formechange|p2a: Aegislash|Aegislash-Blade|\n|move|p2a: Aegislash|Poltergeist|p1b: Rotom\n|-activate|p1b: Rotom|move: Poltergeist|Mystic Water\n|-damage|p1b: Rotom|0 fnt\n|faint|p1b: Rotom\n|\n|upkeep\n|\n|t:|1776356928\n|switch|p1b: Gardevoir|Gardevoir, L50, F|32/100\n|-ability|p1b: Gardevoir|Fairy Aura|Trace|[from] ability: Trace|[of] p2b: Floette\n|-ability|p1b: Gardevoir|Fairy Aura\n|turn|5\n|inactive|tomicoture has 30 seconds left.\n|\n|t:|1776356960\n|detailschange|p1a: Glimmora|Glimmora-Mega, L50, M\n|-mega|p1a: Glimmora|Glimmora|Glimmoranite\n|move|p2b: Floette|Moonblast|p1b: Gardevoir\n|-damage|p1b: Gardevoir|0 fnt\n|faint|p1b: Gardevoir\n|move|p1a: Glimmora|Sludge Bomb|p2b: Floette\n|-supereffective|p2b: Floette|1\n|-damage|p2b: Floette|1/100\n|move|p2a: Aegislash|Poltergeist|p1a: Glimmora|[miss]\n|-miss|p2a: Aegislash|p1a: Glimmora\n|\n|-sideend|p2: boat glue|move: Tailwind\n|upkeep\n|turn|6\n|inactive|tomicoture has 30 seconds left.\n|\n|t:|1776356990\n|move|p1a: Glimmora|Earth Power|p2a: Aegislash\n|-supereffective|p2a: Aegislash|1\n|-damage|p2a: Aegislash|0 fnt\n|faint|p2a: Aegislash\n|move|p2b: Floette|Moonblast|p1a: Glimmora\n|-resisted|p1a: Glimmora|1\n|-damage|p1a: Glimmora|20/100\n|\n|upkeep\n|\n|t:|1776356998\n|switch|p2a: Aerodactyl|Aerodactyl, L50, F, shiny|4/100\n|-ability|p2a: Aerodactyl|Unnerve\n|turn|7\n|\n|t:|1776357008\n|move|p2a: Aerodactyl|Tailwind|p2a: Aerodactyl\n|-sidestart|p2: boat glue|move: Tailwind\n|move|p2b: Floette|Moonblast|p1a: Glimmora\n|-resisted|p1a: Glimmora|1\n|-damage|p1a: Glimmora|0 fnt\n|faint|p1a: Glimmora\n|\n|win|boat glue\n|raw|tomicoture's rating: 1314 &rarr; <strong>1296</strong><br />(-18 for losing)\n|raw|boat glue's rating: 1352 &rarr; <strong>1370</strong><br />(+18 for winning)\n",
  "uploadtime": 1776357017,
  "views": 34,
  "formatid": "gen9championsvgc2026regma",
  "rating": 1296,
  "private": 0,
  "password": null
}