{
  "id": "gen9championsvgc2026regma-2586841116",
  "format": "[Gen 9 Champions] VGC 2026 Reg M-A",
  "players": [
    "krangune\u2764",
    "Anicredible"
  ],
  "log": "|j|\u2606krangune\u2764\n|j|\u2606Anicredible\n|t:|1776464395\n|gametype|doubles\n|player|p1|krangune\u2764|arezu|\n|player|p2|Anicredible|schoolkid-gen4|\n|gen|9\n|tier|[Gen 9 Champions] VGC 2026 Reg M-A\n|rated|Tournament battle\n|rule|Species Clause: Limit one of each Pok\u00e9mon\n|rule|Item Clause: Limit 1 of each item\n|raw|<div class=\"infobox\"><details class=\"readmore\" open><summary><strong>1 custom rule:</strong></summary> !open team sheets</details></div>\n|clearpoke\n|poke|p1|Scovillain, L50, M|\n|poke|p1|Ninetales, L50, F|\n|poke|p1|Zoroark, L50, M|\n|poke|p1|Dragapult, L50, F|\n|poke|p1|Sneasler, L50, F|\n|poke|p1|Scizor, L50, F|\n|poke|p2|Kangaskhan, L50, F|\n|poke|p2|Sinistcha, L50|\n|poke|p2|Sneasler, L50, M|\n|poke|p2|Talonflame, L50, M|\n|poke|p2|Corviknight, L50, M|\n|poke|p2|Primarina, L50, M|\n|teampreview|4\n|c|\u2606krangune\u2764|glhf\n|inactive|Battle timer is ON: inactive players will automatically lose when time's up. (requested by Anicredible)\n|j| hatsune p2\n|j|+TheEeveeAnimations\n|c|\u2606Anicredible|u2u2\n|j| yernforscytherbuff\n|j| bulbasapo\n|inactive|krangune\u2764 has 60 seconds left.\n|inactive|Anicredible has 60 seconds left.\n|j| WenteBig\n|j| Xmann0025\n|inactive|krangune\u2764 has 30 seconds left.\n|inactive|Anicredible has 30 seconds left.\n|inactive|krangune\u2764 has 20 seconds left.\n|\n|t:|1776464471\n|teamsize|p1|4\n|teamsize|p2|4\n|start\n|switch|p1a: Scovillain|Scovillain, L50, M|100/100\n|switch|p1b: Ninetales|Ninetales, L50, F|100/100\n|switch|p2a: Kangaskhan|Kangaskhan, L50, F|100/100\n|switch|p2b: Sneasler|Sneasler, L50, M|100/100\n|-weather|SunnyDay|[from] ability: Drought|[of] p1b: Ninetales\n|turn|1\n|inactive|Anicredible has 30 seconds left.\n|\n|t:|1776464500\n|detailschange|p2a: Kangaskhan|Kangaskhan-Mega, L50, F\n|-mega|p2a: Kangaskhan|Kangaskhan|Kangaskhanite\n|move|p1a: Scovillain|Protect|p1a: Scovillain\n|-singleturn|p1a: Scovillain|Protect\n|move|p1b: Ninetales|Protect|p1b: Ninetales\n|-singleturn|p1b: Ninetales|Protect\n|move|p2a: Kangaskhan|Fake Out|p1a: Scovillain\n|-activate|p1a: Scovillain|move: Protect\n|move|p2b: Sneasler|Close Combat|p1b: Ninetales\n|-activate|p1b: Ninetales|move: Protect\n|\n|-weather|SunnyDay|[upkeep]\n|upkeep\n|turn|2\n|inactive|krangune\u2764 has 30 seconds left.\n|inactive|Anicredible has 30 seconds left.\n|inactive|Anicredible has 20 seconds left.\n|inactive|Anicredible has 15 seconds left.\n|\n|t:|1776464541\n|switch|p2a: Primarina|Primarina, L50, M|100/100\n|move|p1a: Scovillain|Overheat|p2b: Sneasler\n|-damage|p2b: Sneasler|0 fnt\n|-unboost|p1a: Scovillain|spa|2\n|faint|p2b: Sneasler\n|move|p1b: Ninetales|Heat Wave|p2a: Primarina\n|-resisted|p2a: Primarina|1\n|-damage|p2a: Primarina|84/100\n|\n|-weather|SunnyDay|[upkeep]\n|upkeep\n|\n|t:|1776464555\n|switch|p2b: Talonflame|Talonflame, L50, M|100/100\n|turn|3\n|\n|t:|1776464578\n|move|p2a: Primarina|Protect|p2a: Primarina\n|-singleturn|p2a: Primarina|Protect\n|move|p1a: Scovillain|Spicy Extract|p2b: Talonflame\n|-boost|p2b: Talonflame|atk|2\n|-unboost|p2b: Talonflame|def|2\n|move|p2b: Talonflame|Flamethrower|p1a: Scovillain\n|-damage|p1a: Scovillain|41/100\n|move|p1b: Ninetales|Foul Play|p2b: Talonflame\n|-enditem|p2b: Talonflame|Focus Sash\n|-damage|p2b: Talonflame|1/100\n|\n|-weather|SunnyDay|[upkeep]\n|upkeep\n|turn|4\n|inactive|krangune\u2764 has 30 seconds left.\n|\n|t:|1776464607\n|move|p1a: Scovillain|Overheat|p2b: Talonflame\n|-resisted|p2b: Talonflame|1\n|-damage|p2b: Talonflame|0 fnt\n|-unboost|p1a: Scovillain|spa|2\n|faint|p2b: Talonflame\n|move|p1b: Ninetales|Snarl|p2a: Primarina\n|-resisted|p2a: Primarina|1\n|-damage|p2a: Primarina|80/100\n|-unboost|p2a: Primarina|spa|1\n|move|p2a: Primarina|Hyper Voice|p1b: Ninetales|[spread] p1a,p1b\n|-supereffective|p1b: Ninetales|1\n|-damage|p1a: Scovillain|15/100\n|-damage|p1b: Ninetales|67/100\n|\n|-weather|SunnyDay|[upkeep]\n|upkeep\n|\n|t:|1776464617\n|switch|p2b: Kangaskhan|Kangaskhan-Mega, L50, F|100/100\n|turn|5\n|\n|t:|1776464625\n|switch|p1b: Scizor|Scizor, L50, F|100/100\n|move|p1a: Scovillain|Protect|p1a: Scovillain\n|-singleturn|p1a: Scovillain|Protect\n|move|p2b: Kangaskhan|Fake Out|p1b: Scizor\n|-resisted|p1b: Scizor|1\n|-crit|p1b: Scizor\n|-damage|p1b: Scizor|87/100\n|-resisted|p1b: Scizor|1\n|-damage|p1b: Scizor|85/100\n|-hitcount|p1b: Scizor|2\n|move|p2a: Primarina|Calm Mind|p2a: Primarina\n|-boost|p2a: Primarina|spa|1\n|-boost|p2a: Primarina|spd|1\n|\n|-weather|none\n|upkeep\n|turn|6\n|inactive|krangune\u2764 has 30 seconds left.\n|inactive|krangune\u2764 has 20 seconds left.\n|\n|t:|1776464664\n|switch|p1a: Ninetales|Ninetales, L50, F|67/100\n|-weather|SunnyDay|[from] ability: Drought|[of] p1a: Ninetales\n|detailschange|p1b: Scizor|Scizor-Mega, L50, F\n|-mega|p1b: Scizor|Scizor|Scizorite\n|move|p2b: Kangaskhan|Double-Edge|p1a: Ninetales\n|-damage|p1a: Ninetales|0 fnt\n|faint|p1a: Ninetales\n|-hitcount|p1: Ninetales|1\n|-damage|p2b: Kangaskhan|82/100|[from] Recoil\n|move|p1b: Scizor|Close Combat|p2b: Kangaskhan\n|-supereffective|p2b: Kangaskhan|1\n|-damage|p2b: Kangaskhan|0 fnt\n|-unboost|p1b: Scizor|def|1\n|-unboost|p1b: Scizor|spd|1\n|faint|p2b: Kangaskhan\n|move|p2a: Primarina|Calm Mind|p2a: Primarina\n|-boost|p2a: Primarina|spa|1\n|-boost|p2a: Primarina|spd|1\n|\n|-weather|SunnyDay|[upkeep]\n|upkeep\n|j| Red Fang X\n|c|\u2606Anicredible|gg\n|j| FBIsurveillanceman\n|\n|t:|1776464683\n|switch|p1a: Scovillain|Scovillain, L50, M|15/100\n|turn|7\n|c| WenteBig|this strath is brutal if u dont have a weather changing mon\n|inactive|Anicredible has 30 seconds left.\n|c|\u2606Anicredible|my plan was to set up kang and tw with talon\n|l|+TheEeveeAnimations\n|inactive|Anicredible has 20 seconds left.\n|c|\u2606Anicredible|but i was too scared and attavked t1\n|c| yernforscytherbuff|Yeah you can't leave sun unchecked\n|c| hatsune p2|seezor\n|inactive|Anicredible has 15 seconds left.\n|inactive|Anicredible has 10 seconds left.\n|c|\u2606Anicredible|ggwp\n|c|\u2606krangune\u2764|gg\n|inactive|Anicredible has 5 seconds left.\n|\n|t:|1776464739\n|move|p2a: Primarina|Protect|p2a: Primarina\n|-singleturn|p2a: Primarina|Protect\n|move|p1a: Scovillain|Endeavor|p2a: Primarina\n|-activate|p2a: Primarina|move: Protect\n|move|p1b: Scizor|Dual Wingbeat|p2a: Primarina\n|-activate|p2a: Primarina|move: Protect\n|\n|-weather|SunnyDay|[upkeep]\n|upkeep\n|turn|8\n|l| Red Fang X\n|\n|t:|1776464753\n|move|p1a: Scovillain|Endeavor|p2a: Primarina\n|-damage|p2a: Primarina|11/100\n|move|p1b: Scizor|Close Combat|p2a: Primarina\n|-resisted|p2a: Primarina|1\n|-damage|p2a: Primarina|0 fnt\n|-unboost|p1b: Scizor|def|1\n|-unboost|p1b: Scizor|spd|1\n|faint|p2a: Primarina\n|\n|win|krangune\u2764\n|n|\u2606krangune\u2764|krangune\n|n|\u2606Anicredible|anicredible\n|n| hatsune p2|hatsunep2\n|n| yernforscytherbuff|yernforscytherbuff\n|n| bulbasapo|bulbasapo\n|n| WenteBig|wentebig\n|n| Xmann0025|xmann0025\n|n| FBIsurveillanceman|fbisurveillanceman\n|c| yernforscytherbuff|Yo this Scovillain has it all\n",
  "uploadtime": 1776464764,
  "views": 14,
  "formatid": "gen9championsvgc2026regma",
  "rating": null,
  "private": 0,
  "password": null
}