{
  "id": "gen9championsvgc2026regma-2583489913",
  "format": "[Gen 9 Champions] VGC 2026 Reg M-A",
  "players": [
    "underusedapple",
    "heroplayer2026"
  ],
  "log": "|j|\u2606underusedapple\n|j|\u2606heroplayer2026\n|t:|1776178939\n|gametype|doubles\n|player|p1|underusedapple|101|1022\n|player|p2|heroplayer2026|fisherman-gen4|1066\n|gen|9\n|tier|[Gen 9 Champions] VGC 2026 Reg M-A\n|rated|\n|rule|Species Clause: Limit one of each Pok\u00e9mon\n|rule|Item Clause: Limit 1 of each item\n|clearpoke\n|poke|p1|Gengar, L50, M|\n|poke|p1|Pelipper, L50, F|\n|poke|p1|Basculegion, L50, M|\n|poke|p1|Aggron, L50, M|\n|poke|p1|Sinistcha, L50|\n|poke|p1|Incineroar, L50, M|\n|poke|p2|Torkoal, L50, M|\n|poke|p2|Incineroar, L50, M|\n|poke|p2|Farigiraf, L50, F|\n|poke|p2|Golurk, L50|\n|poke|p2|Conkeldurr, L50, M|\n|poke|p2|Garchomp, L50, F|\n|teampreview|4\n|inactive|Battle timer is ON: inactive players will automatically lose when time's up. (requested by heroplayer2026)\n|\n|t:|1776178970\n|teamsize|p1|4\n|teamsize|p2|4\n|start\n|switch|p1a: Gengar|Gengar, L50, M|100/100\n|switch|p1b: Basculegion|Basculegion, L50, M|100/100\n|switch|p2a: Farigiraf|Farigiraf, L50, F|100/100\n|switch|p2b: Garchomp|Garchomp, L50, F|100/100\n|turn|1\n|inactive|heroplayer2026 has 30 seconds left.\n|inactive|heroplayer2026 has 20 seconds left.\n|inactive|heroplayer2026 has 15 seconds left.\n|inactive|heroplayer2026 has 10 seconds left.\n|inactive|heroplayer2026 has 5 seconds left.\n|\n|t:|1776179021\n|switch|p1a: Pelipper|Pelipper, L50, F|100/100\n|-weather|RainDance|[from] ability: Drizzle|[of] p1a: Pelipper\n|detailschange|p2b: Garchomp|Garchomp-Mega, L50, F\n|-mega|p2b: Garchomp|Garchomp|Garchompite\n|move|p1b: Basculegion|Wave Crash|p2a: Farigiraf\n|-damage|p2a: Farigiraf|7/100\n|-damage|p1b: Basculegion|65/100|[from] Recoil\n|move|p2b: Garchomp|Outrage|p1a: Pelipper\n|-enditem|p1a: Pelipper|Focus Sash\n|-damage|p1a: Pelipper|1/100\n|move|p2a: Farigiraf|Trick Room|p2a: Farigiraf\n|-fieldstart|move: Trick Room|[of] p2a: Farigiraf\n|\n|-weather|RainDance|[upkeep]\n|upkeep\n|turn|2\n|inactive|underusedapple has 30 seconds left.\n|\n|t:|1776179049\n|switch|p1a: Sinistcha|Sinistcha, L50|100/100\n|-heal|p1b: Basculegion|89/100|[from] ability: Hospitality|[of] p1a: Sinistcha\n|move|p2a: Farigiraf|Hyper Voice|p1a: Sinistcha|[spread] \n|-immune|p1a: Sinistcha\n|-immune|p1b: Basculegion\n|move|p2b: Garchomp|Outrage|p1a: Sinistcha|[from] lockedmove\n|-damage|p1a: Sinistcha|26/100\n|-enditem|p1a: Sinistcha|Sitrus Berry|[eat]\n|-heal|p1a: Sinistcha|50/100|[from] item: Sitrus Berry\n|-start|p2b: Garchomp|confusion|[fatigue]\n|move|p1b: Basculegion|Wave Crash|p2b: Garchomp\n|-damage|p2b: Garchomp|13/100\n|-damage|p1b: Basculegion|57/100|[from] Recoil\n|\n|-weather|RainDance|[upkeep]\n|upkeep\n|turn|3\n|\n|t:|1776179073\n|switch|p2a: Conkeldurr|Conkeldurr, L50, M|100/100\n|switch|p1b: Pelipper|Pelipper, L50, F|1/100\n|move|p1a: Sinistcha|Matcha Gotcha|p2a: Conkeldurr|[spread] p2a,p2b\n|-damage|p2a: Conkeldurr|71/100\n|-heal|p1a: Sinistcha|68/100|[from] drain|[of] p2a: Conkeldurr\n|-damage|p2b: Garchomp|0 fnt\n|-heal|p1a: Sinistcha|76/100|[from] drain|[of] p2b: Garchomp\n|faint|p2b: Garchomp\n|\n|-weather|RainDance|[upkeep]\n|-heal|p2a: Conkeldurr|77/100|[from] item: Leftovers\n|upkeep\n|\n|t:|1776179086\n|switch|p2b: Torkoal|Torkoal, L50, M|100/100\n|-weather|SunnyDay|[from] ability: Drought|[of] p2b: Torkoal\n|turn|4\n|inactive|underusedapple has 30 seconds left.\n|\n|t:|1776179118\n|switch|p1b: Basculegion|Basculegion, L50, M|57/100\n|move|p2b: Torkoal|Flamethrower|p1a: Sinistcha\n|-supereffective|p1a: Sinistcha|1\n|-damage|p1a: Sinistcha|0 fnt\n|faint|p1a: Sinistcha\n|move|p2a: Conkeldurr|Thunder Punch|p1b: Basculegion\n|-supereffective|p1b: Basculegion|1\n|-damage|p1b: Basculegion|0 fnt\n|faint|p1b: Basculegion\n|\n|-weather|SunnyDay|[upkeep]\n|-heal|p2a: Conkeldurr|83/100|[from] item: Leftovers\n|upkeep\n|\n|t:|1776179120\n|switch|p1a: Pelipper|Pelipper, L50, F|1/100\n|switch|p1b: Gengar|Gengar, L50, M|100/100\n|-weather|RainDance|[from] ability: Drizzle|[of] p1a: Pelipper\n|turn|5\n|inactive|heroplayer2026 has 30 seconds left.\n|inactive|underusedapple has 30 seconds left.\n|\n|t:|1776179162\n|switch|p2b: Farigiraf|Farigiraf, L50, F|7/100\n|detailschange|p1b: Gengar|Gengar-Mega, L50, M\n|-mega|p1b: Gengar|Gengar|Gengarite\n|move|p1a: Pelipper|Protect|p1a: Pelipper\n|-singleturn|p1a: Pelipper|Protect\n|move|p2a: Conkeldurr|Thunder Punch|p1b: Gengar\n|-damage|p1b: Gengar|41/100\n|move|p1b: Gengar|Substitute|p1b: Gengar\n|-start|p1b: Gengar|Substitute\n|-damage|p1b: Gengar|17/100\n|\n|-weather|RainDance|[upkeep]\n|-heal|p2a: Conkeldurr|89/100|[from] item: Leftovers\n|-fieldend|move: Trick Room\n|upkeep\n|turn|6\n|\n|t:|1776179177\n|move|p1b: Gengar|Shadow Ball|p2a: Conkeldurr\n|-damage|p2a: Conkeldurr|28/100\n|move|p1a: Pelipper|Hurricane|p2a: Conkeldurr\n|-supereffective|p2a: Conkeldurr|1\n|-damage|p2a: Conkeldurr|0 fnt\n|faint|p2a: Conkeldurr\n|move|p2b: Farigiraf|Hyper Voice|p1a: Pelipper|[spread] p1a\n|-immune|p1b: Gengar\n|-damage|p1a: Pelipper|0 fnt\n|faint|p1a: Pelipper\n|\n|-weather|RainDance|[upkeep]\n|upkeep\n|\n|t:|1776179184\n|switch|p2a: Torkoal|Torkoal, L50, M|100/100\n|-weather|SunnyDay|[from] ability: Drought|[of] p2a: Torkoal\n|turn|7\n|\n|t:|1776179195\n|move|p2a: Torkoal|Protect|p2a: Torkoal\n|-singleturn|p2a: Torkoal|Protect\n|move|p1b: Gengar|Perish Song|p1b: Gengar\n|-start|p1b: Gengar|perish3|[silent]\n|-start|p2a: Torkoal|perish3|[silent]\n|-start|p2b: Farigiraf|perish3|[silent]\n|-fieldactivate|move: Perish Song\n|move|p2b: Farigiraf|Trick Room|p2b: Farigiraf\n|-fieldstart|move: Trick Room|[of] p2b: Farigiraf\n|\n|-weather|SunnyDay|[upkeep]\n|-start|p2a: Torkoal|perish3\n|-start|p2b: Farigiraf|perish3\n|-start|p1b: Gengar|perish3\n|upkeep\n|turn|8\n|\n|t:|1776179205\n|move|p2b: Farigiraf|Helping Hand|p2a: Torkoal\n|-singleturn|p2a: Torkoal|Helping Hand|[of] p2b: Farigiraf\n|move|p1b: Gengar|Protect|p1b: Gengar\n|-singleturn|p1b: Gengar|Protect\n|move|p2a: Torkoal|Flamethrower|p1b: Gengar\n|-activate|p1b: Gengar|move: Protect\n|\n|-weather|SunnyDay|[upkeep]\n|-start|p2a: Torkoal|perish2\n|-start|p2b: Farigiraf|perish2\n|-start|p1b: Gengar|perish2\n|upkeep\n|turn|9\n|\n|t:|1776179214\n|move|p2b: Farigiraf|Helping Hand|p2a: Torkoal\n|-singleturn|p2a: Torkoal|Helping Hand|[of] p2b: Farigiraf\n|move|p1b: Gengar|Protect||[still]\n|-fail|p1b: Gengar\n|move|p2a: Torkoal|Flamethrower|p1b: Gengar\n|-end|p1b: Gengar|Substitute\n|\n|-weather|SunnyDay|[upkeep]\n|-start|p2a: Torkoal|perish1\n|-start|p2b: Farigiraf|perish1\n|-start|p1b: Gengar|perish1\n|upkeep\n|turn|10\n|\n|t:|1776179222\n|move|p2b: Farigiraf|Helping Hand|p2a: Torkoal\n|-singleturn|p2a: Torkoal|Helping Hand|[of] p2b: Farigiraf\n|move|p1b: Gengar|Protect|p1b: Gengar\n|-singleturn|p1b: Gengar|Protect\n|move|p2a: Torkoal|Flamethrower|p1b: Gengar\n|-activate|p1b: Gengar|move: Protect\n|\n|-weather|SunnyDay|[upkeep]\n|-start|p2a: Torkoal|perish0\n|-start|p2b: Farigiraf|perish0\n|-start|p1b: Gengar|perish0\n|faint|p2a: Torkoal\n|faint|p2b: Farigiraf\n|faint|p1b: Gengar\n|\n|win|underusedapple\n|raw|underusedapple's rating: 1022 &rarr; <strong>1063</strong><br />(+41 for winning)\n|raw|heroplayer2026's rating: 1066 &rarr; <strong>1044</strong><br />(-22 for losing)\n",
  "uploadtime": 1776179235,
  "views": 13,
  "formatid": "gen9championsvgc2026regma",
  "rating": 1044,
  "private": 0,
  "password": null
}