{
  "id": "gen9championsvgc2026regma-2585457314",
  "format": "[Gen 9 Champions] VGC 2026 Reg M-A",
  "players": [
    "FortuneMC",
    "Bortoloz"
  ],
  "log": "|j|\u2606FortuneMC\n|j|\u2606Bortoloz\n|t:|1776348582\n|gametype|doubles\n|player|p1|FortuneMC|veteran|1186\n|player|p2|Bortoloz|gambler|1182\n|gen|9\n|tier|[Gen 9 Champions] VGC 2026 Reg M-A\n|rated|\n|rule|Species Clause: Limit one of each Pok\u00e9mon\n|rule|Item Clause: Limit 1 of each item\n|clearpoke\n|poke|p1|Serperior, L50, F|\n|poke|p1|Whimsicott, L50, F|\n|poke|p1|Garchomp, L50, M|\n|poke|p1|Slowbro, L50, F|\n|poke|p1|Charizard, L50, M|\n|poke|p1|Farigiraf, L50, M|\n|poke|p2|Farigiraf, L50, F|\n|poke|p2|Basculegion, L50, M|\n|poke|p2|Goodra-Hisui, L50, M|\n|poke|p2|Slowbro, L50, M|\n|poke|p2|Aegislash, L50, M|\n|poke|p2|Torkoal, L50, M|\n|teampreview|4\n|inactive|Battle timer is ON: inactive players will automatically lose when time's up. (requested by Bortoloz)\n|c|\u2606Bortoloz|Wow someone using slowbro\n|c|\u2606Bortoloz|First time\n|inactive|Bortoloz has 60 seconds left.\n|inactive|Bortoloz has 30 seconds left.\n|c|\u2606FortuneMC|lol\n|c|\u2606FortuneMC|it's not particularly good but i try anyway\n|\n|t:|1776348652\n|teamsize|p1|4\n|teamsize|p2|4\n|start\n|switch|p1a: Serperior|Serperior, L50, F|100/100\n|switch|p1b: Whimsicott|Whimsicott, L50, F|100/100\n|switch|p2a: Farigiraf|Farigiraf, L50, F|100/100\n|switch|p2b: Goodra|Goodra-Hisui, L50, M|100/100\n|turn|1\n|\n|t:|1776348661\n|move|p1b: Whimsicott|Fake Tears|p1a: Serperior\n|-boost|p1a: Serperior|spd|2\n|move|p1a: Serperior|Leaf Storm|p2a: Farigiraf\n|-damage|p2a: Farigiraf|63/100\n|-boost|p1a: Serperior|spa|2\n|move|p2b: Goodra|Shelter|p2b: Goodra\n|-boost|p2b: Goodra|def|2\n|move|p2a: Farigiraf|Trick Room|p2a: Farigiraf\n|-fieldstart|move: Trick Room|[of] p2a: Farigiraf\n|\n|upkeep\n|turn|2\n|c|\u2606Bortoloz|nice idea\n|\n|t:|1776348684\n|move|p1b: Whimsicott|Fake Tears|p1a: Serperior\n|-boost|p1a: Serperior|spd|2\n|move|p2b: Goodra|Shelter|p2b: Goodra\n|-boost|p2b: Goodra|def|2\n|move|p2a: Farigiraf|Light Screen|p2a: Farigiraf\n|-sidestart|p2: Bortoloz|move: Light Screen\n|move|p1a: Serperior|Leaf Storm|p2a: Farigiraf\n|-damage|p2a: Farigiraf|12/100\n|-boost|p1a: Serperior|spa|2\n|\n|upkeep\n|turn|3\n|c|\u2606FortuneMC|ty\n|c|\u2606FortuneMC|i like shelter on the goodra\n|\n|t:|1776348704\n|move|p1b: Whimsicott|Fake Tears|p1a: Serperior\n|-boost|p1a: Serperior|spd|2\n|move|p2b: Goodra|Body Press|p1a: Serperior\n|-damage|p1a: Serperior|44/100\n|move|p2a: Farigiraf|Shadow Ball|p1b: Whimsicott\n|-damage|p1b: Whimsicott|71/100\n|move|p1a: Serperior|Leaf Storm|p2a: Farigiraf\n|-damage|p2a: Farigiraf|0 fnt\n|-boost|p1a: Serperior|spa|2\n|faint|p2a: Farigiraf\n|\n|upkeep\n|\n|t:|1776348720\n|switch|p2a: Slowbro|Slowbro, L50, M|100/100\n|turn|4\n|\n|t:|1776348738\n|switch|p1b: Slowbro|Slowbro, L50, F|100/100\n|detailschange|p2a: Slowbro|Slowbro-Mega, L50, M\n|-mega|p2a: Slowbro|Slowbro|Slowbronite\n|move|p1a: Serperior|Protect|p1a: Serperior\n|-singleturn|p1a: Serperior|Protect\n|move|p2a: Slowbro|Body Press|p1a: Serperior\n|-activate|p1a: Serperior|move: Protect\n|move|p2b: Goodra|Heavy Slam|p1b: Slowbro\n|-resisted|p1b: Slowbro|1\n|-damage|p1b: Slowbro|90/100\n|\n|upkeep\n|turn|5\n|inactive|Bortoloz has 30 seconds left.\n|\n|t:|1776348767\n|detailschange|p1b: Slowbro|Slowbro-Mega, L50, F\n|-mega|p1b: Slowbro|Slowbro|Slowbronite\n|move|p2a: Slowbro|Body Press|p1a: Serperior\n|-damage|p1a: Serperior|15/100\n|move|p1b: Slowbro|Psych Up|p1a: Serperior\n|-copyboost|p1b: Slowbro|p1a: Serperior|[from] move: Psych Up\n|move|p2b: Goodra|Thunderbolt|p1b: Slowbro\n|-supereffective|p1b: Slowbro|1\n|-damage|p1b: Slowbro|78/100\n|move|p1a: Serperior|Leaf Storm|p2a: Slowbro\n|-supereffective|p2a: Slowbro|1\n|-damage|p2a: Slowbro|0 fnt\n|faint|p2a: Slowbro\n|\n|-fieldend|move: Trick Room\n|upkeep\n|c|\u2606Bortoloz|Oh ok\n|\n|t:|1776348784\n|switch|p2a: Basculegion|Basculegion, L50, M|100/100\n|turn|6\n|\n|t:|1776348803\n|move|p1a: Serperior|Protect|p1a: Serperior\n|-singleturn|p1a: Serperior|Protect\n|move|p2a: Basculegion|Last Respects|p1a: Serperior\n|-activate|p1a: Serperior|move: Protect\n|move|p2b: Goodra|Thunderbolt|p1b: Slowbro\n|-supereffective|p1b: Slowbro|1\n|-damage|p1b: Slowbro|65/100\n|move|p1b: Slowbro|Psychic|p2a: Basculegion\n|-crit|p2a: Basculegion\n|-damage|p2a: Basculegion|0 fnt\n|faint|p2a: Basculegion\n|\n|-sideend|p2: Bortoloz|move: Light Screen\n|upkeep\n|turn|7\n|c|\u2606Bortoloz|well gg\n|\n|t:|1776348825\n|move|p1a: Serperior|Dragon Pulse|p2b: Goodra\n|-damage|p2b: Goodra|64/100\n|move|p2b: Goodra|Body Press|p1a: Serperior\n|-damage|p1a: Serperior|0 fnt\n|faint|p1a: Serperior\n|move|p1b: Slowbro|Scald|p2b: Goodra\n|-resisted|p2b: Goodra|1\n|-damage|p2b: Goodra|25/100\n|-enditem|p2b: Goodra|Sitrus Berry|[eat]\n|-heal|p2b: Goodra|50/100|[from] item: Sitrus Berry\n|\n|upkeep\n|c|\u2606FortuneMC|gg\n|\n|t:|1776348836\n|switch|p1a: Whimsicott|Whimsicott, L50, F|71/100\n|turn|8\n|\n|t:|1776348849\n|move|p1a: Whimsicott|Tailwind|p1a: Whimsicott\n|-sidestart|p1: FortuneMC|move: Tailwind\n|move|p1b: Slowbro|Scald|p2b: Goodra\n|-resisted|p2b: Goodra|1\n|-damage|p2b: Goodra|7/100\n|move|p2b: Goodra|Heavy Slam|p1a: Whimsicott\n|-supereffective|p1a: Whimsicott|1\n|-damage|p1a: Whimsicott|2/100\n|\n|upkeep\n|turn|9\n|\n|t:|1776348859\n|move|p1a: Whimsicott|Fake Tears|p2b: Goodra\n|-unboost|p2b: Goodra|spd|2\n|move|p1b: Slowbro|Psychic|p2b: Goodra\n|-resisted|p2b: Goodra|1\n|-damage|p2b: Goodra|0 fnt\n|faint|p2b: Goodra\n|\n|win|FortuneMC\n|raw|FortuneMC's rating: 1186 &rarr; <strong>1211</strong><br />(+25 for winning)\n|raw|Bortoloz's rating: 1182 &rarr; <strong>1157</strong><br />(-25 for losing)\n|l|\u2606Bortoloz\n|player|p2|\n",
  "uploadtime": 1776348866,
  "views": 26,
  "formatid": "gen9championsvgc2026regma",
  "rating": 1157,
  "private": 0,
  "password": null
}