{
  "id": "gen9championsvgc2026regma-2586900910",
  "format": "[Gen 9 Champions] VGC 2026 Reg M-A",
  "players": [
    "Duckity_Duck_06",
    "javivaarela"
  ],
  "log": "|j|\u2606Duckity_Duck_06\n|j|\u2606javivaarela\n|t:|1776470004\n|gametype|doubles\n|player|p1|Duckity_Duck_06|pokemaniac|\n|player|p2|javivaarela|ingo|\n|gen|9\n|tier|[Gen 9 Champions] VGC 2026 Reg M-A\n|rated|Tournament battle\n|rule|Species Clause: Limit one of each Pok\u00e9mon\n|rule|Item Clause: Limit 1 of each item\n|raw|<div class=\"infobox\"><details class=\"readmore\" open><summary><strong>1 custom rule:</strong></summary> Force Open Team Sheets</details></div>\n|clearpoke\n|poke|p1|Pelipper, L50, F|\n|poke|p1|Basculegion, L50, M|\n|poke|p1|Archaludon, L50, M|\n|poke|p1|Dragonite, L50, F|\n|poke|p1|Incineroar, L50, M|\n|poke|p1|Sneasler, L50, M|\n|poke|p2|Charizard, L50, M|\n|poke|p2|Whimsicott, L50, F|\n|poke|p2|Sneasler, L50, F|\n|poke|p2|Aegislash, L50, M|\n|poke|p2|Aerodactyl, L50, F|\n|poke|p2|Milotic, L50, M|\n|teampreview|4\n|showteam|p1|Pelipper||FocusSash|Drizzle|Hurricane,IceBeam,Tailwind,WeatherBall|||F|||50|]Basculegion||MysticWater|SwiftSwim|AquaJet,PsychicFangs,LastRespects,Liquidation|||M|||50|]Archaludon||ChoiceScarf|Sturdy|AuraSphere,ElectroShot,FlashCannon,DracoMeteor|||M|||50|]Dragonite||Dragoninite|InnerFocus|DracoMeteor,ExtremeSpeed,Thunderbolt,Hurricane|||F|||50|]Incineroar||SitrusBerry|Intimidate|FakeOut,PartingShot,FlareBlitz,ThroatChop|||M|||50|]Sneasler||WhiteHerb|Unburden|FakeOut,CloseCombat,DireClaw,Protect|||M|||50|\n|showteam|p2|Charizard||CharizarditeX|Blaze|FlareBlitz,DragonClaw,DragonDance,Protect|||M|||50|]Whimsicott||FocusSash|Prankster|Tailwind,SunnyDay,Moonblast,Encore|||F|||50|]Sneasler||WhiteHerb|Unburden|FakeOut,CloseCombat,DireClaw,Protect|||F|||50|]Aegislash||SpellTag|StanceChange|ShadowSneak,IronHead,Poltergeist,KingsShield|||M|||50|]Aerodactyl||SharpBeak|Pressure|DualWingbeat,RockSlide,Tailwind,Protect|||F|||50|]Milotic||Leftovers|Competitive|Protect,Recover,Scald,IcyWind|||M|||50|\n|inactive|Battle timer is ON: inactive players will automatically lose when time's up. (requested by Duckity_Duck_06)\n|inactive|javivaarela also wants the timer to be on.\nDuckity_Duck_06 has agreed to open team sheets.\n|inactive|Duckity_Duck_06 has 60 seconds left.\n|\n|t:|1776470045\n|teamsize|p1|4\n|teamsize|p2|4\n|start\n|switch|p1a: Sneasler|Sneasler, L50, M|100/100\n|switch|p1b: Dragonite|Dragonite, L50, F|100/100\n|switch|p2a: Sneasler|Sneasler, L50, F|100/100\n|switch|p2b: Charizard|Charizard, L50, M, shiny|100/100\n|turn|1\n|inactive|javivaarela has 30 seconds left.\n|inactive|javivaarela has 20 seconds left.\n|inactive|javivaarela has 15 seconds left.\n|\n|t:|1776470086\n|switch|p2b: Whimsicott|Whimsicott, L50, F|100/100\n|detailschange|p1b: Dragonite|Dragonite-Mega, L50, F\n|-mega|p1b: Dragonite|Dragonite|Dragoninite\n|move|p1a: Sneasler|Fake Out|p2a: Sneasler\n|-damage|p2a: Sneasler|75/100\n|cant|p2a: Sneasler|flinch\n|move|p1b: Dragonite|Thunderbolt|p2b: Whimsicott\n|-resisted|p2b: Whimsicott|1\n|-damage|p2b: Whimsicott|69/100\n|\n|upkeep\n|turn|2\n|inactive|Duckity_Duck_06 has 30 seconds left.\n|inactive|javivaarela has 30 seconds left.\n|inactive|Duckity_Duck_06 has 20 seconds left.\n|\n|t:|1776470124\n|move|p2b: Whimsicott|Encore|p1a: Sneasler\n|-start|p1a: Sneasler|Encore\n|move|p1a: Sneasler|Fake Out||[still]\n|-hint|Fake Out only works on your first turn out.\n|-fail|p1a: Sneasler\n|move|p2a: Sneasler|Dire Claw|p1b: Dragonite\n|-damage|p1b: Dragonite|80/100\n|move|p1b: Dragonite|Hurricane|p2a: Sneasler\n|-supereffective|p2a: Sneasler|1\n|-damage|p2a: Sneasler|0 fnt\n|faint|p2a: Sneasler\n|\n|upkeep\n|inactive|javivaarela has 30 seconds left.\n|\n|t:|1776470152\n|switch|p2a: Charizard|Charizard, L50, M, shiny|100/100\n|turn|3\n|inactive|Duckity_Duck_06 has 30 seconds left.\n|\n|t:|1776470181\n|switch|p1a: Archaludon|Archaludon, L50, M|100/100\n|detailschange|p2a: Charizard|Charizard-Mega-X, L50, M, shiny\n|-mega|p2a: Charizard|Charizard|Charizardite X\n|move|p2b: Whimsicott|Sunny Day|p2b: Whimsicott\n|-weather|SunnyDay\n|move|p1b: Dragonite|Thunderbolt|p2a: Charizard\n|-resisted|p2a: Charizard|1\n|-damage|p2a: Charizard|82/100\n|move|p2a: Charizard|Dragon Dance|p2a: Charizard\n|-boost|p2a: Charizard|atk|1\n|-boost|p2a: Charizard|spe|1\n|\n|-weather|SunnyDay|[upkeep]\n|upkeep\n|turn|4\n|inactive|javivaarela has 30 seconds left.\n|\n|t:|1776470210\n|switch|p1a: Pelipper|Pelipper, L50, F|100/100\n|-weather|RainDance|[from] ability: Drizzle|[of] p1a: Pelipper\n|move|p2b: Whimsicott|Encore|p1b: Dragonite\n|-start|p1b: Dragonite|Encore\n|move|p2a: Charizard|Dragon Claw|p1a: Pelipper\n|-enditem|p1a: Pelipper|Focus Sash\n|-damage|p1a: Pelipper|1/100\n|move|p1b: Dragonite|Thunderbolt|p2a: Charizard\n|-resisted|p2a: Charizard|1\n|-damage|p2a: Charizard|63/100\n|\n|-weather|RainDance|[upkeep]\n|upkeep\n|turn|5\n|inactive|javivaarela has 30 seconds left.\n|\n|t:|1776470238\n|switch|p1b: Archaludon|Archaludon, L50, M|100/100\n|move|p2a: Charizard|Dragon Claw|p1a: Pelipper\n|-damage|p1a: Pelipper|0 fnt\n|faint|p1a: Pelipper\n|move|p2b: Whimsicott|Moonblast|p1b: Archaludon\n|-damage|p1b: Archaludon|65/100\n|\n|-weather|RainDance|[upkeep]\n|upkeep\n|\n|t:|1776470243\n|switch|p1a: Dragonite|Dragonite-Mega, L50, F|80/100\n|turn|6\n|\n|t:|1776470265\n|move|p2b: Whimsicott|Sunny Day|p2b: Whimsicott\n|-weather|SunnyDay\n|move|p2a: Charizard|Dragon Claw|p1a: Dragonite\n|-supereffective|p1a: Dragonite|1\n|-damage|p1a: Dragonite|0 fnt\n|faint|p1a: Dragonite\n|move|p1b: Archaludon|Draco Meteor|p2a: Charizard\n|-supereffective|p2a: Charizard|1\n|-damage|p2a: Charizard|0 fnt\n|-unboost|p1b: Archaludon|spa|2\n|faint|p2a: Charizard\n|\n|-weather|SunnyDay|[upkeep]\n|upkeep\n|\n|t:|1776470273\n|switch|p1a: Sneasler|Sneasler, L50, M|100/100\n|switch|p2a: Milotic|Milotic, L50, M, shiny|100/100\n|turn|7\n|j| Yeetbloxplayer3\n|\n|t:|1776470290\n|move|p2b: Whimsicott|Encore|p1b: Archaludon\n|-start|p1b: Archaludon|Encore\n|move|p1b: Archaludon|Draco Meteor|p2a: Milotic\n|-damage|p2a: Milotic|77/100\n|-unboost|p1b: Archaludon|spa|2\n|move|p1a: Sneasler|Dire Claw|p2b: Whimsicott\n|-supereffective|p2b: Whimsicott|2\n|-damage|p2b: Whimsicott|0 fnt\n|faint|p2b: Whimsicott\n|move|p2a: Milotic|Scald|p1a: Sneasler\n|-damage|p1a: Sneasler|77/100\n|-status|p1a: Sneasler|brn\n|\n|-weather|SunnyDay|[upkeep]\n|-heal|p2a: Milotic|83/100|[from] item: Leftovers\n|-damage|p1a: Sneasler|71/100 brn|[from] brn\n|upkeep\n|turn|8\n|\n|t:|1776470308\n|move|p1b: Archaludon|Draco Meteor|p2a: Milotic\n|-damage|p2a: Milotic|66/100\n|-unboost|p1b: Archaludon|spa|2\n|move|p1a: Sneasler|Dire Claw|p2a: Milotic\n|-damage|p2a: Milotic|47/100\n|-status|p2a: Milotic|slp\n|cant|p2a: Milotic|slp\n|\n|-weather|SunnyDay|[upkeep]\n|-heal|p2a: Milotic|52/100 slp|[from] item: Leftovers\n|-damage|p1a: Sneasler|65/100 brn|[from] brn\n|upkeep\n|turn|9\n|\n|t:|1776470320\n|move|p1b: Archaludon|Draco Meteor|p2a: Milotic\n|-damage|p2a: Milotic|40/100 slp\n|move|p1a: Sneasler|Dire Claw|p2a: Milotic\n|-damage|p2a: Milotic|22/100 slp\n|cant|p2a: Milotic|slp\n|\n|-weather|SunnyDay|[upkeep]\n|-heal|p2a: Milotic|28/100 slp|[from] item: Leftovers\n|-damage|p1a: Sneasler|60/100 brn|[from] brn\n|-end|p1b: Archaludon|Encore\n|upkeep\n|turn|10\n|\n|t:|1776470338\n|move|p1b: Archaludon|Draco Meteor|p2a: Milotic\n|-damage|p2a: Milotic|15/100 slp\n|move|p1a: Sneasler|Dire Claw|p2a: Milotic\n|-damage|p2a: Milotic|0 fnt\n|faint|p2a: Milotic\n|\n|win|Duckity_Duck_06\n|n|\u2606Duckity_Duck_06|duckityduck06\n|n|\u2606javivaarela|javivaarela\n|n| Yeetbloxplayer3|yeetbloxplayer3\n",
  "uploadtime": 1776470339,
  "views": 16,
  "formatid": "gen9championsvgc2026regma",
  "rating": null,
  "private": 0,
  "password": null
}