{
  "id": "gen9championsvgc2026regma-2586044170",
  "format": "[Gen 9 Champions] VGC 2026 Reg M-A",
  "players": [
    "AAACompanyBtw",
    "biggestblastoise"
  ],
  "log": "|j|\u2606AAACompanyBtw\n|j|\u2606biggestblastoise\n|t:|1776393238\n|gametype|doubles\n|player|p1|AAACompanyBtw|265|1305\n|player|p2|biggestblastoise|266|1406\n|gen|9\n|tier|[Gen 9 Champions] VGC 2026 Reg M-A\n|rated|\n|rule|Species Clause: Limit one of each Pok\u00e9mon\n|rule|Item Clause: Limit 1 of each item\n|clearpoke\n|poke|p1|Farigiraf, L50, M|\n|poke|p1|Pelipper, L50, M|\n|poke|p1|Rotom-Wash, L50|\n|poke|p1|Mamoswine, L50, F|\n|poke|p1|Orthworm, L50, M|\n|poke|p1|Dragonite, L50, F|\n|poke|p2|Blastoise, L50, M|\n|poke|p2|Sneasler, L50, F|\n|poke|p2|Sinistcha, L50|\n|poke|p2|Garchomp, L50, F|\n|poke|p2|Whimsicott, L50, F|\n|poke|p2|Delphox, L50, F|\n|teampreview|4\n|inactive|Battle timer is ON: inactive players will automatically lose when time's up. (requested by AAACompanyBtw)\n|\n|t:|1776393276\n|teamsize|p1|4\n|teamsize|p2|4\n|start\n|switch|p1a: Farigiraf|Farigiraf, L50, M|100/100\n|switch|p1b: Rotom|Rotom-Wash, L50|100/100\n|switch|p2a: Sneasler|Sneasler, L50, F|100/100\n|switch|p2b: Blastoise|Blastoise, L50, M|100/100\n|turn|1\n|inactive|AAACompanyBtw has 30 seconds left.\n|\n|t:|1776393303\n|switch|p2b: Sinistcha|Sinistcha, L50|100/100\n|move|p2a: Sneasler|Close Combat|p1b: Rotom\n|-damage|p1b: Rotom|33/100\n|-unboost|p2a: Sneasler|def|1\n|-unboost|p2a: Sneasler|spd|1\n|move|p1b: Rotom|Electroweb|p2b: Sinistcha|[spread] p2a,p2b\n|-resisted|p2b: Sinistcha|1\n|-damage|p2a: Sneasler|60/100\n|-damage|p2b: Sinistcha|92/100\n|-unboost|p2a: Sneasler|spe|1\n|-unboost|p2b: Sinistcha|spe|1\n|move|p1a: Farigiraf|Psychic|p2a: Sneasler\n|-supereffective|p2a: Sneasler|2\n|-damage|p2a: Sneasler|0 fnt\n|faint|p2a: Sneasler\n|\n|-heal|p1b: Rotom|39/100|[from] item: Leftovers\n|-heal|p2b: Sinistcha|98/100|[from] item: Leftovers\n|upkeep\n|\n|t:|1776393322\n|switch|p2a: Whimsicott|Whimsicott, L50, F|100/100\n|turn|2\n|\n|t:|1776393338\n|switch|p1b: Pelipper|Pelipper, L50, M|100/100\n|-weather|RainDance|[from] ability: Drizzle|[of] p1b: Pelipper\n|move|p2a: Whimsicott|Moonblast|p1a: Farigiraf\n|-damage|p1a: Farigiraf|74/100\n|move|p1a: Farigiraf|Imprison|p1a: Farigiraf\n|-start|p1a: Farigiraf|move: Imprison\n|move|p2b: Sinistcha|Matcha Gotcha|p1b: Pelipper|[spread] p1a,p1b\n|-damage|p1a: Farigiraf|48/100\n|-heal|p2b: Sinistcha|100/100|[from] drain|[of] p1a: Farigiraf\n|-damage|p1b: Pelipper|58/100\n|\n|-weather|RainDance|[upkeep]\n|upkeep\n|turn|3\n|\n|t:|1776393357\n|switch|p1a: Dragonite|Dragonite, L50, F|100/100\n|move|p2a: Whimsicott|Tailwind|p2a: Whimsicott\n|-sidestart|p2: biggestblastoise|move: Tailwind\n|move|p1b: Pelipper|Tailwind|p1b: Pelipper\n|-sidestart|p1: AAACompanyBtw|move: Tailwind\n|move|p2b: Sinistcha|Matcha Gotcha|p1a: Dragonite|[spread] p1a,p1b\n|-resisted|p1a: Dragonite|2\n|-damage|p1a: Dragonite|94/100\n|-damage|p1b: Pelipper|19/100\n|-status|p1a: Dragonite|brn\n|\n|-weather|RainDance|[upkeep]\n|-damage|p1a: Dragonite|88/100 brn|[from] brn\n|upkeep\n|turn|4\n|\n|t:|1776393375\n|switch|p1b: Farigiraf|Farigiraf, L50, M|48/100\n|switch|p2b: Blastoise|Blastoise, L50, M|100/100\n|detailschange|p1a: Dragonite|Dragonite-Mega, L50, F\n|-mega|p1a: Dragonite|Dragonite|Dragoninite\n|move|p2a: Whimsicott|Encore||[still]\n|cant|p1b: Farigiraf|ability: Armor Tail|Encore|[of] p2a: Whimsicott\n|move|p1a: Dragonite|Hurricane|p2b: Blastoise\n|-damage|p2b: Blastoise|32/100\n|\n|-weather|RainDance|[upkeep]\n|-heal|p2b: Blastoise|39/100|[from] ability: Rain Dish\n|-damage|p1a: Dragonite|82/100 brn|[from] brn\n|upkeep\n|turn|5\n|inactive|AAACompanyBtw has 30 seconds left.\n|\n|t:|1776393403\n|move|p2b: Blastoise|Protect|p2b: Blastoise\n|-singleturn|p2b: Blastoise|Protect\n|move|p1a: Dragonite|Hurricane|p2b: Blastoise\n|-activate|p2b: Blastoise|move: Protect\n|move|p2a: Whimsicott|Moonblast|p1a: Dragonite\n|-supereffective|p1a: Dragonite|1\n|-damage|p1a: Dragonite|36/100 brn\n|move|p1b: Farigiraf|Psychic|p2a: Whimsicott\n|-crit|p2a: Whimsicott\n|-damage|p2a: Whimsicott|14/100\n|-enditem|p2a: Whimsicott|Sitrus Berry|[eat]\n|-heal|p2a: Whimsicott|39/100|[from] item: Sitrus Berry\n|\n|-weather|RainDance|[upkeep]\n|-heal|p2b: Blastoise|45/100|[from] ability: Rain Dish\n|-damage|p1a: Dragonite|30/100 brn|[from] brn\n|upkeep\n|turn|6\n|inactive|biggestblastoise has 30 seconds left.\n|inactive|biggestblastoise has 20 seconds left.\n|\n|t:|1776393439\n|detailschange|p2b: Blastoise|Blastoise-Mega, L50, M\n|-mega|p2b: Blastoise|Blastoise|Blastoisinite\n|move|p1a: Dragonite|Hurricane|p2a: Whimsicott\n|-supereffective|p2a: Whimsicott|1\n|-damage|p2a: Whimsicott|0 fnt\n|faint|p2a: Whimsicott\n|move|p2b: Blastoise|Ice Beam|p1a: Dragonite\n|-supereffective|p1a: Dragonite|2\n|-damage|p1a: Dragonite|0 fnt\n|faint|p1a: Dragonite\n|move|p1b: Farigiraf|Psychic|p2b: Blastoise\n|-damage|p2b: Blastoise|6/100\n|-unboost|p2b: Blastoise|spd|1\n|\n|-weather|none\n|-sideend|p2: biggestblastoise|move: Tailwind\n|-sideend|p1: AAACompanyBtw|move: Tailwind\n|upkeep\n|\n|t:|1776393453\n|switch|p1a: Pelipper|Pelipper, L50, M|19/100\n|switch|p2a: Sinistcha|Sinistcha, L50|100/100\n|-weather|RainDance|[from] ability: Drizzle|[of] p1a: Pelipper\n|-heal|p2b: Blastoise|31/100|[from] ability: Hospitality|[of] p2a: Sinistcha\n|turn|7\n|inactive|AAACompanyBtw has 30 seconds left.\n|\n|t:|1776393479\n|move|p2a: Sinistcha|Protect|p2a: Sinistcha\n|-singleturn|p2a: Sinistcha|Protect\n|move|p1a: Pelipper|Muddy Water|p2b: Blastoise|[spread] p2b\n|-activate|p2a: Sinistcha|move: Protect\n|-resisted|p2b: Blastoise|1\n|-damage|p2b: Blastoise|3/100\n|move|p2b: Blastoise|Ice Beam|p1a: Pelipper\n|-damage|p1a: Pelipper|0 fnt\n|faint|p1a: Pelipper\n|move|p1b: Farigiraf|Psychic|p2b: Blastoise\n|-damage|p2b: Blastoise|0 fnt\n|faint|p2b: Blastoise\n|\n|-weather|RainDance|[upkeep]\n|upkeep\n|\n|t:|1776393489\n|switch|p1a: Rotom|Rotom-Wash, L50|39/100\n|turn|8\n|\n|t:|1776393497\n|move|p1b: Farigiraf|Helping Hand|p1a: Rotom\n|-singleturn|p1a: Rotom|Helping Hand|[of] p1b: Farigiraf\n|move|p1a: Rotom|Hydro Pump|p2a: Sinistcha\n|-resisted|p2a: Sinistcha|1\n|-damage|p2a: Sinistcha|48/100\n|move|p2a: Sinistcha|Matcha Gotcha|p1a: Rotom|[spread] p1a,p1b\n|-supereffective|p1a: Rotom|1\n|-damage|p1a: Rotom|0 fnt\n|-heal|p2a: Sinistcha|65/100|[from] drain|[of] p1a: Rotom\n|-damage|p1b: Farigiraf|24/100\n|-heal|p2a: Sinistcha|80/100|[from] drain|[of] p1b: Farigiraf\n|faint|p1a: Rotom\n|\n|-weather|RainDance|[upkeep]\n|-heal|p2a: Sinistcha|86/100|[from] item: Leftovers\n|upkeep\n|turn|9\n|\n|t:|1776393509\n|move|p2a: Sinistcha|Matcha Gotcha|p1b: Farigiraf\n|-damage|p1b: Farigiraf|0 fnt\n|-heal|p2a: Sinistcha|100/100|[from] drain|[of] p1b: Farigiraf\n|faint|p1b: Farigiraf\n|\n|win|biggestblastoise\n|raw|AAACompanyBtw's rating: 1305 &rarr; <strong>1291</strong><br />(-14 for losing)\n|raw|biggestblastoise's rating: 1406 &rarr; <strong>1420</strong><br />(+14 for winning)\n|c|\u2606biggestblastoise|gg\n",
  "uploadtime": 1776393515,
  "views": 29,
  "formatid": "gen9championsvgc2026regma",
  "rating": 1291,
  "private": 0,
  "password": null
}