{
  "id": "gen9championsvgc2026regma-2583832554",
  "format": "[Gen 9 Champions] VGC 2026 Reg M-A",
  "players": [
    "acorder21",
    "Scrubby009"
  ],
  "log": "|j|\u2606acorder21\n|j|\u2606Scrubby009\n|t:|1776201215\n|gametype|doubles\n|player|p1|acorder21|hilbert|1183\n|player|p2|Scrubby009|skyla|1252\n|gen|9\n|tier|[Gen 9 Champions] VGC 2026 Reg M-A\n|rated|\n|rule|Species Clause: Limit one of each Pok\u00e9mon\n|rule|Item Clause: Limit 1 of each item\n|clearpoke\n|poke|p1|Gengar, L50, M|\n|poke|p1|Incineroar, L50, M|\n|poke|p1|Sinistcha, L50|\n|poke|p1|Kingambit, L50, M|\n|poke|p1|Tyranitar, L50, M|\n|poke|p1|Kommo-o, L50, M|\n|poke|p2|Lopunny, L50, F|\n|poke|p2|Scizor, L50, F|\n|poke|p2|Rotom-Heat, L50|\n|poke|p2|Dragapult, L50, F|\n|poke|p2|Kingambit, L50, F|\n|poke|p2|Primarina, L50, M|\n|teampreview|4\n|c|\u2606Scrubby009|glhf\n|inactive|Battle timer is ON: inactive players will automatically lose when time's up. (requested by acorder21)\n|\n|t:|1776201298\n|teamsize|p1|4\n|teamsize|p2|4\n|start\n|switch|p1a: Gengar|Gengar, L50, M, shiny|100/100\n|switch|p1b: Incineroar|Incineroar, L50, M|100/100\n|switch|p2a: B-Girl Kelly|Lopunny, L50, F, shiny|100/100\n|switch|p2b: $6 Apt Special|Rotom-Heat, L50|100/100\n|-ability|p1b: Incineroar|Intimidate|boost\n|-unboost|p2a: B-Girl Kelly|atk|1\n|-unboost|p2b: $6 Apt Special|atk|1\n|turn|1\n|inactive|acorder21 has 30 seconds left.\n|\n|t:|1776201325\n|detailschange|p1a: Gengar|Gengar-Mega, L50, M, shiny\n|-mega|p1a: Gengar|Gengar|Gengarite\n|detailschange|p2a: B-Girl Kelly|Lopunny-Mega, L50, F, shiny\n|-mega|p2a: B-Girl Kelly|Lopunny|Lopunnite\n|move|p2a: B-Girl Kelly|Fake Out|p1a: Gengar\n|-damage|p1a: Gengar|82/100\n|move|p1b: Incineroar|Fake Out|p2a: B-Girl Kelly\n|-damage|p2a: B-Girl Kelly|88/100\n|cant|p1a: Gengar|flinch\n|move|p2b: $6 Apt Special|Nasty Plot|p2b: $6 Apt Special\n|-boost|p2b: $6 Apt Special|spa|2\n|\n|upkeep\n|turn|2\n|inactive|acorder21 has 30 seconds left.\n|inactive|acorder21 has 20 seconds left.\n|inactive|acorder21 has 15 seconds left.\n|inactive|acorder21 has 10 seconds left.\n|inactive|acorder21 has 5 seconds left.\n|\n|t:|1776201377\n|move|p1a: Gengar|Protect|p1a: Gengar\n|-singleturn|p1a: Gengar|Protect\n|move|p2a: B-Girl Kelly|U-turn|p1b: Incineroar\n|-damage|p1b: Incineroar|85/100\n|\n|t:|1776201381\n|switch|p2a: Jetstream Sam|Dragapult, L50, F|100/100|[from] U-turn\n|move|p2b: $6 Apt Special|Thunderbolt|p1a: Gengar\n|-activate|p1a: Gengar|move: Protect\n|move|p1b: Incineroar|Parting Shot|p2a: Jetstream Sam\n|-fail|p2a: Jetstream Sam|unboost|[from] ability: Clear Body|[of] p2a: Jetstream Sam\n|\n|upkeep\n|turn|3\n|inactive|acorder21 has 30 seconds left.\n|\n|t:|1776201409\n|move|p1a: Gengar|Shadow Ball|p2a: Jetstream Sam\n|-supereffective|p2a: Jetstream Sam|1\n|-enditem|p2a: Jetstream Sam|Focus Sash\n|-damage|p2a: Jetstream Sam|1/100\n|move|p2a: Jetstream Sam|Dragon Darts|p1b: Incineroar\n|-damage|p1b: Incineroar|61/100\n|-anim|p2a: Jetstream Sam|Dragon Darts|p1a: Gengar\n|-damage|p1a: Gengar|51/100\n|move|p2b: $6 Apt Special|Thunderbolt|p1a: Gengar\n|-damage|p1a: Gengar|0 fnt\n|faint|p1a: Gengar\n|move|p1b: Incineroar|Flare Blitz|p2a: Jetstream Sam\n|-resisted|p2a: Jetstream Sam|1\n|-damage|p2a: Jetstream Sam|0 fnt\n|faint|p2a: Jetstream Sam\n|-damage|p1b: Incineroar|60/100|[from] Recoil\n|\n|upkeep\n|\n|t:|1776201426\n|switch|p2a: B-Girl Kelly|Lopunny-Mega, L50, F, shiny|88/100\n|switch|p1a: Kommo-o|Kommo-o, L50, M|100/100\n|turn|4\n|\n|t:|1776201443\n|move|p1a: Kommo-o|Protect|p1a: Kommo-o\n|-singleturn|p1a: Kommo-o|Protect\n|move|p1b: Incineroar|Protect|p1b: Incineroar\n|-singleturn|p1b: Incineroar|Protect\n|move|p2a: B-Girl Kelly|Fake Out|p1a: Kommo-o\n|-activate|p1a: Kommo-o|move: Protect\n|move|p2b: $6 Apt Special|Thunderbolt|p1b: Incineroar\n|-activate|p1b: Incineroar|move: Protect\n|\n|upkeep\n|turn|5\n|\n|t:|1776201464\n|move|p2a: B-Girl Kelly|Triple Axel|p1a: Kommo-o\n|-supereffective|p1a: Kommo-o|1\n|-damage|p1a: Kommo-o|85/100\n|-supereffective|p1a: Kommo-o|1\n|-damage|p1a: Kommo-o|59/100\n|-supereffective|p1a: Kommo-o|1\n|-damage|p1a: Kommo-o|14/100\n|-hitcount|p1a: Kommo-o|3\n|move|p1a: Kommo-o|Aura Sphere|p2a: B-Girl Kelly\n|-supereffective|p2a: B-Girl Kelly|1\n|-damage|p2a: B-Girl Kelly|0 fnt\n|faint|p2a: B-Girl Kelly\n|move|p2b: $6 Apt Special|Thunderbolt|p1a: Kommo-o\n|-resisted|p1a: Kommo-o|1\n|-damage|p1a: Kommo-o|0 fnt\n|faint|p1a: Kommo-o\n|move|p1b: Incineroar|Flare Blitz|p2b: $6 Apt Special\n|-resisted|p2b: $6 Apt Special|1\n|-damage|p2b: $6 Apt Special|79/100\n|-damage|p1b: Incineroar|55/100|[from] Recoil\n|\n|upkeep\n|\n|t:|1776201482\n|switch|p2a: Prime Time|Primarina, L50, M|100/100\n|switch|p1a: Kingambit|Kingambit, L50, M|100/100\n|turn|6\n|\n|t:|1776201502\n|move|p1b: Incineroar|Protect|p1b: Incineroar\n|-singleturn|p1b: Incineroar|Protect\n|move|p2b: $6 Apt Special|Overheat|p1a: Kingambit\n|-supereffective|p1a: Kingambit|1\n|-damage|p1a: Kingambit|0 fnt\n|-unboost|p2b: $6 Apt Special|spa|2\n|faint|p1a: Kingambit\n|move|p2a: Prime Time|Hyper Voice|p1b: Incineroar\n|-activate|p1b: Incineroar|move: Protect\n|\n|upkeep\n|turn|7\n|-message|acorder21 forfeited.\n|\n|win|Scrubby009\n|raw|acorder21's rating: 1183 &rarr; <strong>1163</strong><br />(-20 for losing)\n|raw|Scrubby009's rating: 1252 &rarr; <strong>1272</strong><br />(+20 for winning)\n|l|\u2606acorder21\n|player|p1|\n|c|\u2606Scrubby009|gg\n",
  "uploadtime": 1776201516,
  "views": 41,
  "formatid": "gen9championsvgc2026regma",
  "rating": 1163,
  "private": 0,
  "password": null
}