{
  "id": "gen9championsvgc2026regma-2583267954",
  "format": "[Gen 9 Champions] VGC 2026 Reg M-A",
  "players": [
    "maryionette",
    "DannyMcCake"
  ],
  "log": "|j|\u2606maryionette\n|j|\u2606DannyMcCake\n|t:|1776161379\n|gametype|doubles\n|player|p1|maryionette|iris-gen5bw2|1000\n|player|p2|DannyMcCake|hiker-gen4|1051\n|gen|9\n|tier|[Gen 9 Champions] VGC 2026 Reg M-A\n|rated|\n|rule|Species Clause: Limit one of each Pok\u00e9mon\n|rule|Item Clause: Limit 1 of each item\n|clearpoke\n|poke|p1|Floette-Eternal, L50, F|\n|poke|p1|Tinkaton, L50, F|\n|poke|p1|Ditto, L50|\n|poke|p1|Sylveon, L50, F|\n|poke|p1|Aegislash, L50, F|\n|poke|p1|Hydreigon, L50, M|\n|poke|p2|Pelipper, L50, M|\n|poke|p2|Meganium, L50, M|\n|poke|p2|Arcanine-Hisui, L50, M|\n|poke|p2|Gengar, L50, F|\n|poke|p2|Sinistcha, L50|\n|poke|p2|Archaludon, L50, F|\n|teampreview|4\n|inactive|Battle timer is ON: inactive players will automatically lose when time's up. (requested by DannyMcCake)\n|inactive|maryionette also wants the timer to be on.\n|\n|t:|1776161399\n|teamsize|p1|4\n|teamsize|p2|4\n|start\n|switch|p1a: Floette|Floette-Eternal, L50, F|100/100\n|switch|p1b: Sylveon|Sylveon, L50, F, shiny|100/100\n|switch|p2a: Pelipper|Pelipper, L50, M|100/100\n|switch|p2b: Meganium|Meganium, L50, M|100/100\n|-weather|RainDance|[from] ability: Drizzle|[of] p2a: Pelipper\n|turn|1\n|\n|t:|1776161414\n|move|p2b: Meganium|Protect|p2b: Meganium\n|-singleturn|p2b: Meganium|Protect\n|move|p1a: Floette|Light of Ruin|p2b: Meganium\n|-activate|p2b: Meganium|move: Protect\n|move|p2a: Pelipper|Tailwind|p2a: Pelipper\n|-sidestart|p2: DannyMcCake|move: Tailwind\n|move|p1b: Sylveon|Hyper Voice|p2a: Pelipper|[spread] p2a\n|-activate|p2b: Meganium|move: Protect\n|-damage|p2a: Pelipper|11/100\n|\n|-weather|RainDance|[upkeep]\n|upkeep\n|turn|2\n|\n|t:|1776161433\n|detailschange|p2b: Meganium|Meganium-Mega, L50, M\n|-mega|p2b: Meganium|Meganium|Meganiumite\n|detailschange|p1a: Floette|Floette-Mega, L50, F\n|-mega|p1a: Floette|Floette|Floettite\n|-ability|p1a: Floette|Fairy Aura\n|move|p2a: Pelipper|Wide Guard|p2a: Pelipper\n|-singleturn|p2a: Pelipper|Wide Guard\n|move|p2b: Meganium|Solar Beam||[still]\n|-prepare|p2b: Meganium|Solar Beam\n|-activate|p2b: Meganium|ability: Mega Sol\n|-anim|p2b: Meganium|Solar Beam|p1a: Floette\n|-crit|p1a: Floette\n|-damage|p1a: Floette|1/100\n|move|p1a: Floette|Light of Ruin|p2b: Meganium|[miss]\n|-miss|p1a: Floette|p2b: Meganium\n|move|p1b: Sylveon|Hyper Voice|p2b: Meganium|[spread] \n|-activate|p2a: Pelipper|move: Wide Guard\n|-activate|p2b: Meganium|move: Wide Guard\n|\n|-weather|RainDance|[upkeep]\n|upkeep\n|turn|3\n|inactive|maryionette has 30 seconds left.\n|\n|t:|1776161464\n|move|p1a: Floette|Protect|p1a: Floette\n|-singleturn|p1a: Floette|Protect\n|move|p2a: Pelipper|Weather Ball|p1a: Floette\n|-activate|p1a: Floette|move: Protect\n|move|p2b: Meganium|Solar Beam||[still]\n|-prepare|p2b: Meganium|Solar Beam\n|-activate|p2b: Meganium|ability: Mega Sol\n|-anim|p2b: Meganium|Solar Beam|p1b: Sylveon\n|-damage|p1b: Sylveon|39/100\n|move|p1b: Sylveon|Mystical Fire|p2b: Meganium\n|-supereffective|p2b: Meganium|1\n|-damage|p2b: Meganium|79/100\n|-unboost|p2b: Meganium|spa|1\n|\n|-weather|RainDance|[upkeep]\n|upkeep\n|turn|4\n|\n|t:|1776161479\n|switch|p2b: Archaludon|Archaludon, L50, F|100/100\n|switch|p1a: Hydreigon|Hydreigon, L50, M|100/100\n|move|p2a: Pelipper|Weather Ball|p1a: Hydreigon\n|-resisted|p1a: Hydreigon|1\n|-damage|p1a: Hydreigon|62/100\n|move|p1b: Sylveon|Hyper Voice|p2a: Pelipper|[spread] p2a,p2b\n|-damage|p2a: Pelipper|0 fnt\n|-damage|p2b: Archaludon|51/100\n|-ability|p2b: Archaludon|Stamina|boost\n|-boost|p2b: Archaludon|def|1\n|faint|p2a: Pelipper\n|\n|-weather|RainDance|[upkeep]\n|-heal|p2b: Archaludon|57/100|[from] item: Leftovers\n|-sideend|p2: DannyMcCake|move: Tailwind\n|upkeep\n|\n|t:|1776161487\n|switch|p2a: Meganium|Meganium-Mega, L50, M|79/100\n|turn|5\n|l|\u2606maryionette\n|inactive|maryionette disconnected and has a minute to reconnect!\n|player|p1|\n|inactive|maryionette has 30 seconds left.\n|inactive|DannyMcCake has 30 seconds left.\n|inactive|maryionette has 20 seconds left.\n|inactive|maryionette has 15 seconds left.\n|inactive|maryionette has 10 seconds left.\n|inactive|DannyMcCake has 20 seconds left.\n|inactive|maryionette has 5 seconds left.\n|inactive|DannyMcCake has 15 seconds left.\n|-message|maryionette lost due to inactivity.\n|\n|win|DannyMcCake\n|raw|maryionette's rating: 1000 &rarr; <strong>1000</strong><br />(+0 for losing)\n|raw|DannyMcCake's rating: 1051 &rarr; <strong>1079</strong><br />(+28 for winning)\n",
  "uploadtime": 1776161603,
  "views": 23,
  "formatid": "gen9championsvgc2026regma",
  "rating": 1000,
  "private": 0,
  "password": null
}