{
  "id": "gen9championsvgc2026regma-2587072466",
  "format": "[Gen 9 Champions] VGC 2026 Reg M-A",
  "players": [
    "Alex Soto's fan",
    "Phillip Blevin"
  ],
  "log": "|j|\u2606Alex Soto's fan\n|j|\u2606Phillip Blevin\n|t:|1776489650\n|gametype|doubles\n|player|p1|Alex Soto's fan|101|1343\n|player|p2|Phillip Blevin|cynthia-masters4|1434\n|gen|9\n|tier|[Gen 9 Champions] VGC 2026 Reg M-A\n|rated|\n|rule|Species Clause: Limit one of each Pok\u00e9mon\n|rule|Item Clause: Limit 1 of each item\n|clearpoke\n|poke|p1|Kangaskhan, L50, F, shiny|\n|poke|p1|Lucario, L50, M, shiny|\n|poke|p1|Hydreigon, L50, M|\n|poke|p1|Volcarona, L50, M, shiny|\n|poke|p1|Primarina, L50, F, shiny|\n|poke|p1|Incineroar, L50, F|\n|poke|p2|Gengar, L50, F|\n|poke|p2|Rotom-Wash, L50|\n|poke|p2|Sneasler, L50, M|\n|poke|p2|Corviknight, L50, M|\n|poke|p2|Incineroar, L50, F|\n|poke|p2|Floette-Eternal, L50, F|\n|teampreview|4\n|inactive|Battle timer is ON: inactive players will automatically lose when time's up. (requested by Phillip Blevin)\nPhillip Blevin has agreed to open team sheets.\n|inactive|Alex Soto's fan also wants the timer to be on.\n|inactive|Alex Soto's fan has 60 seconds left.\n|\n|t:|1776489702\n|teamsize|p1|4\n|teamsize|p2|4\n|start\n|switch|p1a: Kangaskhan|Kangaskhan, L50, F, shiny|100/100\n|switch|p1b: Incineroar|Incineroar, L50, F|100/100\n|switch|p2a: Incineroar|Incineroar, L50, F|100/100\n|switch|p2b: Rotom|Rotom-Wash, L50|100/100\n|-ability|p2a: Incineroar|Intimidate|boost\n|-fail|p1a: Kangaskhan|unboost|Attack|[from] ability: Scrappy|[of] p1a: Kangaskhan\n|-unboost|p1b: Incineroar|atk|1\n|-ability|p1b: Incineroar|Intimidate|boost\n|-unboost|p2a: Incineroar|atk|1\n|-unboost|p2b: Rotom|atk|1\n|turn|1\n|\n|t:|1776489716\n|detailschange|p1a: Kangaskhan|Kangaskhan-Mega, L50, F, shiny\n|-mega|p1a: Kangaskhan|Kangaskhan|Kangaskhanite\n|move|p1a: Kangaskhan|Fake Out|p2b: Rotom\n|-damage|p2b: Rotom|76/100\n|-damage|p2b: Rotom|71/100\n|-hitcount|p2b: Rotom|2\n|move|p1b: Incineroar|Fake Out|p2a: Incineroar\n|-damage|p2a: Incineroar|95/100\n|cant|p2a: Incineroar|flinch\n|cant|p2b: Rotom|flinch\n|\n|upkeep\n|turn|2\n|\n|t:|1776489737\n|move|p2b: Rotom|Hydro Pump|p1b: Incineroar\n|-supereffective|p1b: Incineroar|1\n|-crit|p1b: Incineroar\n|-damage|p1b: Incineroar|17/100\n|move|p1a: Kangaskhan|Double-Edge|p2b: Rotom\n|-damage|p2b: Rotom|0 fnt\n|faint|p2b: Rotom\n|-hitcount|p2: Rotom|1\n|-damage|p1a: Kangaskhan|83/100|[from] Recoil\n|move|p1b: Incineroar|Parting Shot|p2a: Incineroar\n|-unboost|p2a: Incineroar|atk|1\n|-unboost|p2a: Incineroar|spa|1\n|\n|t:|1776489753\n|switch|p1b: Primarina|Primarina, L50, F, shiny|100/100|[from] Parting Shot\n|move|p2a: Incineroar|Parting Shot|p1a: Kangaskhan\n|-unboost|p1a: Kangaskhan|atk|1\n|-unboost|p1a: Kangaskhan|spa|1\n|\n|t:|1776489757\n|switch|p2a: Gengar|Gengar, L50, F|100/100|[from] Parting Shot\n|\n|upkeep\n|\n|t:|1776489760\n|switch|p2b: Corviknight|Corviknight, L50, M|100/100\n|turn|3\n|\n|t:|1776489778\n|switch|p1b: Incineroar|Incineroar, L50, F|17/100\n|-ability|p1b: Incineroar|Intimidate|boost\n|-unboost|p2a: Gengar|atk|1\n|-ability|p2b: Corviknight|Mirror Armor\n|-unboost|p1b: Incineroar|atk|1\n|detailschange|p2a: Gengar|Gengar-Mega, L50, F\n|-mega|p2a: Gengar|Gengar|Gengarite\n|move|p1a: Kangaskhan|Sucker Punch||[still]\n|-fail|p1a: Kangaskhan\n|move|p2a: Gengar|Disable|p1a: Kangaskhan\n|-start|p1a: Kangaskhan|Disable|Sucker Punch\n|move|p2b: Corviknight|Bulk Up|p2b: Corviknight\n|-boost|p2b: Corviknight|atk|1\n|-boost|p2b: Corviknight|def|1\n|\n|upkeep\n|turn|4\n|inactive|Alex Soto's fan has 30 seconds left.\n|\n|t:|1776489804\n|move|p2a: Gengar|Protect|p2a: Gengar\n|-singleturn|p2a: Gengar|Protect\n|move|p1a: Kangaskhan|Double-Edge|p2b: Corviknight\n|-resisted|p2b: Corviknight|1\n|-damage|p2b: Corviknight|92/100\n|-resisted|p2b: Corviknight|1\n|-crit|p2b: Corviknight\n|-damage|p2b: Corviknight|84/100\n|-hitcount|p2b: Corviknight|2\n|-damage|p1a: Kangaskhan|78/100|[from] Recoil\n|move|p2b: Corviknight|Bulk Up|p2b: Corviknight\n|-boost|p2b: Corviknight|atk|1\n|-boost|p2b: Corviknight|def|1\n|move|p1b: Incineroar|Parting Shot|p2a: Gengar\n|-activate|p2a: Gengar|move: Protect\n|\n|-heal|p2b: Corviknight|90/100|[from] item: Leftovers\n|upkeep\n|turn|5\n|-message|Alex Soto's fan forfeited.\n|\n|win|Phillip Blevin\n|raw|Alex Soto&apos;s fan's rating: 1343 &rarr; <strong>1328</strong><br />(-15 for losing)\n|raw|Phillip Blevin's rating: 1434 &rarr; <strong>1449</strong><br />(+15 for winning)\n",
  "uploadtime": 1776489814,
  "views": 25,
  "formatid": "gen9championsvgc2026regma",
  "rating": 1328,
  "private": 0,
  "password": null
}