{
  "id": "gen9championsvgc2026regma-2587762545",
  "format": "[Gen 9 Champions] VGC 2026 Reg M-A",
  "players": [
    "Venusaur-Saurr",
    "Kingz on top"
  ],
  "log": "|j|\u203dVenusaur-Saurr\n|j|\u2606Kingz on top\n|t:|1776561467\n|gametype|doubles\n|player|p1|Venusaur-Saurr|riley|1042\n|player|p2|Kingz on top|266|1077\n|gen|9\n|tier|[Gen 9 Champions] VGC 2026 Reg M-A\n|rated|\n|rule|Species Clause: Limit one of each Pok\u00e9mon\n|rule|Item Clause: Limit 1 of each item\n|clearpoke\n|poke|p1|Aerodactyl, L50, F|\n|poke|p1|Meowstic, L50, M|\n|poke|p1|Ninetales-Alola, L50, F|\n|poke|p1|Torkoal, L50, F|\n|poke|p1|Greninja, L50, M|\n|poke|p1|Venusaur, L50, M|\n|poke|p2|Abomasnow, L50, M|\n|poke|p2|Slowking-Galar, L50, M|\n|poke|p2|Incineroar, L50, M|\n|poke|p2|Sneasler, L50, M|\n|poke|p2|Starmie, L50|\n|poke|p2|Pelipper, L50, F|\n|teampreview|4\n|\n|t:|1776561536\n|teamsize|p1|4\n|teamsize|p2|4\n|start\n|switch|p1a: Meowstic|Meowstic, L50, M|100/100\n|switch|p1b: Greninja|Greninja, L50, M|100/100\n|switch|p2a: Pelipper|Pelipper, L50, F|100/100\n|switch|p2b: Sneasler|Sneasler, L50, M|100/100\n|-weather|RainDance|[from] ability: Drizzle|[of] p2a: Pelipper\n|turn|1\n|\n|t:|1776561598\n|detailschange|p1b: Greninja|Greninja-Mega, L50, M\n|-mega|p1b: Greninja|Greninja|Greninjite\n|move|p1b: Greninja|U-turn|p2b: Sneasler\n|-start|p1b: Greninja|typechange|Bug|[from] ability: Protean\n|-resisted|p2b: Sneasler|2\n|-damage|p2b: Sneasler|87/100\n|\n|t:|1776561605\n|switch|p1b: Torkoal|Torkoal, L50, F|100/100|[from] U-turn\n|-weather|SunnyDay|[from] ability: Drought|[of] p1b: Torkoal\n|move|p2b: Sneasler|Close Combat|p1b: Torkoal\n|-damage|p1b: Torkoal|52/100\n|-unboost|p2b: Sneasler|def|1\n|-unboost|p2b: Sneasler|spd|1\n|-enditem|p2b: Sneasler|White Herb\n|-clearnegativeboost|p2b: Sneasler|[silent]\n|move|p1a: Meowstic|Psyshock|p2b: Sneasler\n|-supereffective|p2b: Sneasler|2\n|-damage|p2b: Sneasler|0 fnt\n|faint|p2b: Sneasler\n|move|p2a: Pelipper|Tailwind|p2a: Pelipper\n|-sidestart|p2: Kingz on top|move: Tailwind\n|\n|-weather|SunnyDay|[upkeep]\n|upkeep\n|\n|t:|1776561622\n|switch|p2b: Incineroar|Incineroar, L50, M|100/100\n|-ability|p2b: Incineroar|Intimidate|boost\n|-unboost|p1a: Meowstic|atk|1\n|-unboost|p1b: Torkoal|atk|1\n|turn|2\n|\n|t:|1776561641\n|switch|p2a: Starmie|Starmie, L50|100/100\n|move|p1a: Meowstic|Rain Dance|p1a: Meowstic\n|-weather|RainDance\n|move|p2b: Incineroar|Darkest Lariat|p1a: Meowstic\n|-supereffective|p1a: Meowstic|1\n|-enditem|p1a: Meowstic|Colbur Berry|[eat]\n|-enditem|p1a: Meowstic|Colbur Berry|[weaken]\n|-damage|p1a: Meowstic|52/100\n|move|p1b: Torkoal|Weather Ball|p2b: Incineroar\n|-supereffective|p2b: Incineroar|1\n|-damage|p2b: Incineroar|37/100\n|-enditem|p2b: Incineroar|Sitrus Berry|[eat]\n|-heal|p2b: Incineroar|62/100|[from] item: Sitrus Berry\n|\n|-weather|RainDance|[upkeep]\n|upkeep\n|turn|3\n|\n|t:|1776561669\n|switch|p1b: Venusaur|Venusaur, L50, M|100/100\n|detailschange|p2a: Starmie|Starmie-Mega, L50\n|-mega|p2a: Starmie|Starmie|Starminite\n|move|p1a: Meowstic|Thunder Wave|p2a: Starmie\n|-status|p2a: Starmie|par\n|move|p2a: Starmie|Psycho Cut|p1b: Venusaur\n|-supereffective|p1b: Venusaur|1\n|-damage|p1b: Venusaur|0 fnt\n|faint|p1b: Venusaur\n|move|p2b: Incineroar|Darkest Lariat|p1a: Meowstic\n|-supereffective|p1a: Meowstic|1\n|-damage|p1a: Meowstic|0 fnt\n|faint|p1a: Meowstic\n|\n|-weather|RainDance|[upkeep]\n|upkeep\n|\n|t:|1776561690\n|switch|p1a: Greninja|Greninja-Mega, L50, M|100/100\n|switch|p1b: Torkoal|Torkoal, L50, F|52/100\n|-weather|SunnyDay|[from] ability: Drought|[of] p1b: Torkoal\n|turn|4\n|\n|t:|1776561718\n|switch|p2b: Pelipper|Pelipper, L50, F|100/100\n|-weather|RainDance|[from] ability: Drizzle|[of] p2b: Pelipper\n|move|p1b: Torkoal|Helping Hand|p1a: Greninja\n|-singleturn|p1a: Greninja|Helping Hand|[of] p1b: Torkoal\n|move|p1a: Greninja|Hydro Pump|p2b: Pelipper|[miss]\n|-start|p1a: Greninja|typechange|Water|[from] ability: Protean\n|-miss|p1a: Greninja|p2b: Pelipper\n|cant|p2a: Starmie|par\n|\n|-weather|RainDance|[upkeep]\n|-sideend|p2: Kingz on top|move: Tailwind\n|upkeep\n|turn|5\n|\n|t:|1776561740\n|move|p1b: Torkoal|Helping Hand|p1a: Greninja\n|-singleturn|p1a: Greninja|Helping Hand|[of] p1b: Torkoal\n|move|p1a: Greninja|U-turn|p2a: Starmie\n|-supereffective|p2a: Starmie|1\n|-damage|p2a: Starmie|19/100 par\n|move|p2b: Pelipper|Tailwind|p2b: Pelipper\n|-sidestart|p2: Kingz on top|move: Tailwind\n|move|p2a: Starmie|Liquidation|p1b: Torkoal\n|-supereffective|p1b: Torkoal|1\n|-damage|p1b: Torkoal|0 fnt\n|faint|p1b: Torkoal\n|\n|-weather|RainDance|[upkeep]\n|upkeep\n|turn|6\n|\n|t:|1776561764\n|move|p2a: Starmie|Protect|p2a: Starmie\n|-singleturn|p2a: Starmie|Protect\n|move|p2b: Pelipper|Hurricane|p1a: Greninja\n|-damage|p1a: Greninja|51/100\n|move|p1a: Greninja|U-turn|p2a: Starmie\n|-activate|p2a: Starmie|move: Protect\n|\n|-weather|RainDance|[upkeep]\n|upkeep\n|turn|7\n|\n|t:|1776561778\n|switch|p2a: Incineroar|Incineroar, L50, M|62/100\n|-ability|p2a: Incineroar|Intimidate|boost\n|-unboost|p1a: Greninja|atk|1\n|move|p2b: Pelipper|Hurricane|p1a: Greninja\n|-damage|p1a: Greninja|0 fnt\n|faint|p1a: Greninja\n|\n|win|Kingz on top\n|raw|Venusaur-Saurr's rating: 1042 &rarr; <strong>1027</strong><br />(-15 for losing)\n|raw|Kingz on top's rating: 1077 &rarr; <strong>1103</strong><br />(+26 for winning)\n|l|\u203dVenusaur-Saurr\n|player|p1|\n|l|\u2606Kingz on top\n|player|p2|\n|j|\u2606Kingz on top\n|player|p2|Kingz on top|266|\n",
  "uploadtime": 1776561970,
  "views": 19,
  "formatid": "gen9championsvgc2026regma",
  "rating": 1027,
  "private": 0,
  "password": null
}