{
  "id": "gen9championsvgc2026regma-2587090543",
  "format": "[Gen 9 Champions] VGC 2026 Reg M-A",
  "players": [
    "Matt's Totodile",
    "tiament"
  ],
  "log": "|j|\u2606Matt's Totodile\n|j|\u2606tiament\n|t:|1776492039\n|gametype|doubles\n|player|p1|Matt's Totodile|pokekid|1025\n|player|p2|tiament|170|1019\n|gen|9\n|tier|[Gen 9 Champions] VGC 2026 Reg M-A\n|rated|\n|rule|Species Clause: Limit one of each Pok\u00e9mon\n|rule|Item Clause: Limit 1 of each item\n|clearpoke\n|poke|p1|Charizard, L50, M|\n|poke|p1|Sneasler, L50, F|\n|poke|p1|Aegislash, L50, F|\n|poke|p1|Gardevoir, L50, F|\n|poke|p1|Whimsicott, L50, M|\n|poke|p1|Sinistcha, L50|\n|poke|p2|Absol, L50, F|\n|poke|p2|Maushold, L50|\n|poke|p2|Azumarill, L50, M, shiny|\n|poke|p2|Chandelure, L50, F|\n|poke|p2|Ditto, L50|\n|poke|p2|Bastiodon, L50, M|\n|teampreview|4\ntiament has agreed to open team sheets.\nMatt's Totodile has agreed to open team sheets.\n|showteam|p1|Charizard||CharizarditeX|Blaze|SwordsDance,DragonClaw,FlareBlitz,Protect|||M|||50|]Sneasler||WhiteHerb|Unburden|FakeOut,DireClaw,CloseCombat,Protect|||F|||50|]Aegislash||Leftovers|StanceChange|WideGuard,FlashCannon,ShadowBall,KingsShield|||F|||50|]Gardevoir||Gardevoirite|Trace|Encore,Psychic,DazzlingGleam,Protect|||F|||50|]Whimsicott||FocusSash|Prankster|Tailwind,Encore,Moonblast,Protect|||M|||50|]Sinistcha||SitrusBerry|Hospitality|RagePowder,ShadowBall,MatchaGotcha,Protect||||||50|\n|showteam|p2|Absol||Absolite|Justified|BatonPass,NightSlash,PsychoCut,SuckerPunch|||F|||50|]Maushold||SitrusBerry|FriendGuard|PopulationBomb,Uturn,HelpingHand,BeatUp||||||50|]Azumarill||WhiteHerb|HugePower|AquaJet,PlayRough,IcePunch,Superpower|||M|||50|]Chandelure||Chandelurite|FlameBody|FlameCharge,HeatWave,ShadowBall,Overheat|||F|||50|]Ditto||BrightPowder|Imposter|Transform||||||50|]Bastiodon||FocusSash|Sturdy|HeavySlam,BodyPress,WideGuard,IronHead|||M|||50|\n|\n|t:|1776492114\n|teamsize|p1|4\n|teamsize|p2|4\n|start\n|switch|p1a: Whimsicott|Whimsicott, L50, M|100/100\n|switch|p1b: Sinistcha|Sinistcha, L50|100/100\n|switch|p2a: Chandelure|Chandelure, L50, F|100/100\n|switch|p2b: Maushold|Maushold, L50|100/100\n|turn|1\n|\n|t:|1776492133\n|switch|p2a: Absol|Absol, L50, F|100/100\n|move|p1a: Whimsicott|Tailwind|p1a: Whimsicott\n|-sidestart|p1: Matt's Totodile|move: Tailwind\n|move|p1b: Sinistcha|Shadow Ball|p2a: Absol\n|-resisted|p2a: Absol|1\n|-damage|p2a: Absol|77/100\n|move|p2b: Maushold|Beat Up|p2a: Absol\n|-resisted|p2a: Absol|1\n|-damage|p2a: Absol|75/100\n|-ability|p2a: Absol|Justified|boost\n|-boost|p2a: Absol|atk|1\n|-resisted|p2a: Absol|1\n|-crit|p2a: Absol\n|-damage|p2a: Absol|74/100\n|-ability|p2a: Absol|Justified|boost\n|-boost|p2a: Absol|atk|1\n|-resisted|p2a: Absol|1\n|-damage|p2a: Absol|73/100\n|-ability|p2a: Absol|Justified|boost\n|-boost|p2a: Absol|atk|1\n|-resisted|p2a: Absol|1\n|-damage|p2a: Absol|72/100\n|-ability|p2a: Absol|Justified|boost\n|-boost|p2a: Absol|atk|1\n|-hitcount|p2a: Absol|4\n|\n|upkeep\n|turn|2\n|\n|t:|1776492162\n|switch|p2a: Bastiodon|Bastiodon, L50, M|100/100\n|move|p1b: Sinistcha|Rage Powder|p1b: Sinistcha\n|-singleturn|p1b: Sinistcha|move: Rage Powder\n|move|p1a: Whimsicott|Moonblast|p2a: Bastiodon\n|-resisted|p2a: Bastiodon|1\n|-damage|p2a: Bastiodon|89/100\n|move|p2b: Maushold|Population Bomb|p1b: Sinistcha\n|-immune|p1b: Sinistcha\n|\n|upkeep\n|turn|3\n|\n|t:|1776492192\n|switch|p1a: Sneasler|Sneasler, L50, F|100/100\n|switch|p1b: Gardevoir|Gardevoir, L50, F|100/100\n|-ability|p1b: Gardevoir|Sturdy|Trace|[from] ability: Trace|[of] p2a: Bastiodon\n|move|p2a: Bastiodon|Wide Guard|p2a: Bastiodon\n|-singleturn|p2a: Bastiodon|Wide Guard\n|move|p2b: Maushold|Beat Up|p1b: Gardevoir\n|-damage|p1b: Gardevoir|97/100\n|-damage|p1b: Gardevoir|93/100\n|-damage|p1b: Gardevoir|89/100\n|-damage|p1b: Gardevoir|83/100\n|-hitcount|p1b: Gardevoir|4\n|\n|upkeep\n|turn|4\n|\n|t:|1776492233\n|detailschange|p1b: Gardevoir|Gardevoir-Mega, L50, F\n|-mega|p1b: Gardevoir|Gardevoir|Gardevoirite\n|move|p2a: Bastiodon|Wide Guard|p2a: Bastiodon\n|-singleturn|p2a: Bastiodon|Wide Guard\n|move|p1a: Sneasler|Close Combat|p2a: Bastiodon\n|-supereffective|p2a: Bastiodon|2\n|-damage|p2a: Bastiodon|0 fnt\n|-unboost|p1a: Sneasler|def|1\n|-unboost|p1a: Sneasler|spd|1\n|faint|p2a: Bastiodon\n|-enditem|p1a: Sneasler|White Herb\n|-clearnegativeboost|p1a: Sneasler|[silent]\n|move|p1b: Gardevoir|Dazzling Gleam|p2b: Maushold\n|-activate|p2b: Maushold|move: Wide Guard\n|move|p2b: Maushold|Population Bomb|p1a: Sneasler\n|-crit|p1a: Sneasler\n|-damage|p1a: Sneasler|88/100\n|-damage|p1a: Sneasler|80/100\n|-damage|p1a: Sneasler|71/100\n|-hitcount|p1a: Sneasler|3\n|\n|-sideend|p1: Matt's Totodile|move: Tailwind\n|upkeep\n|\n|t:|1776492252\n|switch|p2a: Chandelure|Chandelure, L50, F|100/100\n|turn|5\n|\n|t:|1776492292\n|switch|p1a: Whimsicott|Whimsicott, L50, M|100/100\n|detailschange|p2a: Chandelure|Chandelure-Mega, L50, F\n|-mega|p2a: Chandelure|Chandelure|Chandelurite\n|move|p2b: Maushold|Helping Hand|p2a: Chandelure\n|-singleturn|p2a: Chandelure|Helping Hand|[of] p2b: Maushold\n|move|p1b: Gardevoir|Protect|p1b: Gardevoir\n|-singleturn|p1b: Gardevoir|Protect\n|move|p2a: Chandelure|Heat Wave|p1a: Whimsicott|[spread] p1a\n|-activate|p1b: Gardevoir|move: Protect\n|-supereffective|p1a: Whimsicott|1\n|-enditem|p1a: Whimsicott|Focus Sash\n|-damage|p1a: Whimsicott|1/100\n|\n|upkeep\n|turn|6\n|\n|t:|1776492356\n|switch|p2a: Absol|Absol, L50, F|72/100\n|move|p1a: Whimsicott|Tailwind|p1a: Whimsicott\n|-sidestart|p1: Matt's Totodile|move: Tailwind\n|move|p1b: Gardevoir|Psychic|p2a: Absol\n|-immune|p2a: Absol\n|move|p2b: Maushold|Population Bomb|p1a: Whimsicott\n|-damage|p1a: Whimsicott|0 fnt\n|faint|p1a: Whimsicott\n|-hitcount|p1: Whimsicott|1\n|\n|upkeep\n|\n|t:|1776492371\n|switch|p1a: Sinistcha|Sinistcha, L50|100/100\n|-heal|p1b: Gardevoir|100/100|[from] ability: Hospitality|[of] p1a: Sinistcha\n|turn|7\n|\n|t:|1776492399\n|move|p1b: Gardevoir|Dazzling Gleam|p2a: Absol|[spread] p2a,p2b\n|-supereffective|p2a: Absol|1\n|-crit|p2a: Absol\n|-damage|p2a: Absol|0 fnt\n|-damage|p2b: Maushold|66/100\n|faint|p2a: Absol\n|move|p1a: Sinistcha|Matcha Gotcha|p2b: Maushold\n|-damage|p2b: Maushold|34/100\n|-enditem|p2b: Maushold|Sitrus Berry|[eat]\n|-heal|p2b: Maushold|59/100|[from] item: Sitrus Berry\n|move|p2b: Maushold|U-turn|p1a: Sinistcha\n|-damage|p1a: Sinistcha|89/100\n|\n|t:|1776492411\n|switch|p2b: Chandelure|Chandelure-Mega, L50, F|100/100|[from] U-turn\n|\n|upkeep\n|\n|t:|1776492414\n|switch|p2a: Maushold|Maushold, L50|59/100\n|turn|8\n|\n|t:|1776492435\n|move|p1b: Gardevoir|Psychic|p2b: Chandelure\n|-damage|p2b: Chandelure|49/100\n|move|p1a: Sinistcha|Shadow Ball|p2b: Chandelure\n|-supereffective|p2b: Chandelure|1\n|-damage|p2b: Chandelure|0 fnt\n|faint|p2b: Chandelure\n|move|p2a: Maushold|Beat Up|p1a: Sinistcha\n|-supereffective|p1a: Sinistcha|1\n|-damage|p1a: Sinistcha|85/100\n|-hitcount|p1a: Sinistcha|1\n|\n|upkeep\n|turn|9\n|\n|t:|1776492449\n|move|p1a: Sinistcha|Rage Powder|p1a: Sinistcha\n|-singleturn|p1a: Sinistcha|move: Rage Powder\n|move|p1b: Gardevoir|Psychic|p2a: Maushold\n|-damage|p2a: Maushold|0 fnt\n|faint|p2a: Maushold\n|\n|win|Matt's Totodile\n|raw|Matt&apos;s Totodile's rating: 1025 &rarr; <strong>1061</strong><br />(+36 for winning)\n|raw|tiament's rating: 1019 &rarr; <strong>1006</strong><br />(-13 for losing)\n|c|\u2606Matt's Totodile|gg\n",
  "uploadtime": 1776492456,
  "views": 15,
  "formatid": "gen9championsvgc2026regma",
  "rating": 1006,
  "private": 0,
  "password": null
}