{
  "id": "gen9championsvgc2026regma-2588080957",
  "format": "[Gen 9 Champions] VGC 2026 Reg M-A",
  "players": [
    "justtruingstiff",
    "Ranger kraken"
  ],
  "log": "|j|\u2606justtruingstiff\n|j|\u2606Ranger kraken\n|t:|1776602041\n|gametype|doubles\n|player|p1|justtruingstiff|biker-gen4|1000\n|player|p2|Ranger kraken|1|1014\n|gen|9\n|tier|[Gen 9 Champions] VGC 2026 Reg M-A\n|rated|\n|rule|Species Clause: Limit one of each Pok\u00e9mon\n|rule|Item Clause: Limit 1 of each item\n|clearpoke\n|poke|p1|Milotic, L50, M|\n|poke|p1|Alakazam, L50, F|\n|poke|p1|Glalie, L50, F, shiny|\n|poke|p1|Farigiraf, L50, M|\n|poke|p1|Pelipper, L50, F|\n|poke|p1|Sinistcha-Masterpiece, L50|\n|poke|p2|Talonflame, L50, M, shiny|\n|poke|p2|Sneasler, L50, F|\n|poke|p2|Glimmora, L50, M, shiny|\n|poke|p2|Aegislash, L50, F, shiny|\n|poke|p2|Empoleon, L50, M|\n|poke|p2|Alcremie-Salted-Cream, L50, F|\n|teampreview|4\n|inactive|Battle timer is ON: inactive players will automatically lose when time's up. (requested by Ranger kraken)\n|\n|t:|1776602064\n|teamsize|p1|4\n|teamsize|p2|4\n|start\n|switch|p1a: Glalie|Glalie, L50, F, shiny|100/100\n|switch|p1b: Alakazam|Alakazam, L50, F|100/100\n|switch|p2a: Sneasler|Sneasler, L50, F|100/100\n|switch|p2b: Alcremie|Alcremie-Salted-Cream, L50, F|100/100\n|turn|1\n|inactive|justtruingstiff has 30 seconds left.\n|inactive|Ranger kraken has 30 seconds left.\n|inactive|justtruingstiff has 20 seconds left.\n|inactive|Ranger kraken has 20 seconds left.\n|inactive|Ranger kraken has 15 seconds left.\n|inactive|Ranger kraken has 10 seconds left.\n|\n|t:|1776602111\n|detailschange|p1a: Glalie|Glalie-Mega, L50, F, shiny\n|-mega|p1a: Glalie|Glalie|Glalitite\n|move|p1b: Alakazam|Psyshock|p2a: Sneasler\n|-supereffective|p2a: Sneasler|2\n|-damage|p2a: Sneasler|0 fnt\n|faint|p2a: Sneasler\n|move|p1a: Glalie|Iron Head|p2b: Alcremie\n|-supereffective|p2b: Alcremie|1\n|-damage|p2b: Alcremie|32/100\n|move|p2b: Alcremie|Dazzling Gleam|p1b: Alakazam|[spread] p1a,p1b\n|-damage|p1a: Glalie|71/100\n|-damage|p1b: Alakazam|71/100\n|\n|-heal|p2b: Alcremie|38/100|[from] item: Leftovers\n|upkeep\n|\n|t:|1776602115\n|switch|p2a: Talonflame|Talonflame, L50, M, shiny|100/100\n|turn|2\n|\n|t:|1776602134\n|switch|p2b: Aegislash|Aegislash, L50, F, shiny|100/100\n|move|p1a: Glalie|Protect|p1a: Glalie\n|-singleturn|p1a: Glalie|Protect\n|move|p2a: Talonflame|Tailwind|p2a: Talonflame\n|-sidestart|p2: Ranger kraken|move: Tailwind\n|move|p1b: Alakazam|Psyshock|p2a: Talonflame\n|-damage|p2a: Talonflame|31/100\n|\n|upkeep\n|turn|3\n|\n|t:|1776602155\n|switch|p1b: Sinistcha|Sinistcha-Masterpiece, L50|100/100\n|-heal|p1a: Glalie|96/100|[from] ability: Hospitality|[of] p1b: Sinistcha\n|-formechange|p2b: Aegislash|Aegislash-Blade|\n|move|p2b: Aegislash|Shadow Sneak|p1b: Sinistcha\n|-supereffective|p1b: Sinistcha|1\n|-damage|p1b: Sinistcha|50/100\n|move|p2a: Talonflame|Temper Flare|p1a: Glalie\n|-supereffective|p1a: Glalie|1\n|-damage|p1a: Glalie|23/100\n|move|p1a: Glalie|Explosion|p2a: Talonflame|[spread] p1b,p2a,p2b\n|-supereffective|p1b: Sinistcha|1\n|-crit|p1b: Sinistcha\n|-resisted|p2b: Aegislash|1\n|-damage|p1b: Sinistcha|0 fnt\n|-damage|p2a: Talonflame|0 fnt\n|-damage|p2b: Aegislash|0 fnt\n|faint|p1a: Glalie\n|faint|p1b: Sinistcha\n|faint|p2a: Talonflame\n|faint|p2b: Aegislash\n|\n|upkeep\n|\n|t:|1776602172\n|switch|p1a: Milotic|Milotic, L50, M|100/100\n|switch|p2b: Alcremie|Alcremie-Salted-Cream, L50, F|38/100\n|switch|p1b: Alakazam|Alakazam, L50, F|71/100\n|turn|4\n|\n|t:|1776602188\n|move|p2b: Alcremie|Dazzling Gleam|p1b: Alakazam|[spread] p1a,p1b\n|-damage|p1a: Milotic|81/100\n|-damage|p1b: Alakazam|41/100\n|move|p1b: Alakazam|Fling|p1a: Milotic\n|-damage|p1a: Milotic|73/100\n|-status|p1a: Milotic|psn\n|-enditem|p1b: Alakazam|Poison Barb|[from] move: Fling\n|move|p1a: Milotic|Ice Beam|p2b: Alcremie\n|-damage|p2b: Alcremie|17/100\n|-status|p2b: Alcremie|frz\n|\n|-heal|p2b: Alcremie|23/100 frz|[from] item: Leftovers\n|-heal|p1a: Milotic|79/100 psn|[from] item: Leftovers\n|-damage|p1a: Milotic|66/100 psn|[from] psn\n|upkeep\n|turn|5\n|c|\u2606Ranger kraken|Lol\n|c|\u2606Ranger kraken|gg\n|\n|t:|1776602211\n|-curestatus|p2b: Alcremie|frz|[msg]\n|move|p2b: Alcremie|Dazzling Gleam|p1a: Milotic|[spread] p1a,p1b\n|-damage|p1a: Milotic|46/100 psn\n|-damage|p1b: Alakazam|9/100\n|move|p1b: Alakazam|Energy Ball|p2b: Alcremie\n|-damage|p2b: Alcremie|0 fnt\n|faint|p2b: Alcremie\n|\n|win|justtruingstiff\n|raw|justtruingstiff's rating: 1000 &rarr; <strong>1042</strong><br />(+42 for winning)\n|raw|Ranger kraken's rating: 1014 &rarr; <strong>1001</strong><br />(-13 for losing)\n",
  "uploadtime": 1776602223,
  "views": 15,
  "formatid": "gen9championsvgc2026regma",
  "rating": 1001,
  "private": 0,
  "password": null
}