{
  "id": "gen9championsvgc2026regma-2584149835",
  "format": "[Gen 9 Champions] VGC 2026 Reg M-A",
  "players": [
    "iwin21",
    "leolc0926"
  ],
  "log": "|j|\u2606iwin21\n|j|\u2606leolc0926\n|t:|1776231012\n|gametype|doubles\n|player|p1|iwin21|petrel|1032\n|player|p2|leolc0926|steven|1115\n|gen|9\n|tier|[Gen 9 Champions] VGC 2026 Reg M-A\n|rated|\n|rule|Species Clause: Limit one of each Pok\u00e9mon\n|rule|Item Clause: Limit 1 of each item\n|clearpoke\n|poke|p1|Starmie, L50|\n|poke|p1|Pelipper, L50, F|\n|poke|p1|Basculegion, L50, M|\n|poke|p1|Meganium, L50, F|\n|poke|p1|Aerodactyl, L50, F|\n|poke|p1|Raichu, L50, F|\n|poke|p2|Venusaur, L50, M|\n|poke|p2|Incineroar, L50, M|\n|poke|p2|Golurk, L50|\n|poke|p2|Torkoal, L50, M|\n|poke|p2|Kingambit, L50, F|\n|poke|p2|Farigiraf, L50, M|\n|teampreview|4\nleolc0926 has agreed to open team sheets.\n|inactive|Battle timer is ON: inactive players will automatically lose when time's up. (requested by leolc0926)\n|\n|t:|1776231037\n|teamsize|p1|4\n|teamsize|p2|4\n|start\n|switch|p1a: Meganium|Meganium, L50, F|100/100\n|switch|p1b: Aerodactyl|Aerodactyl, L50, F|100/100\n|switch|p2a: Kingambit|Kingambit, L50, F|100/100\n|switch|p2b: Farigiraf|Farigiraf, L50, M|100/100\n|-ability|p1b: Aerodactyl|Unnerve\n|turn|1\n|inactive|leolc0926 has 30 seconds left.\n|\n|t:|1776231067\n|detailschange|p1a: Meganium|Meganium-Mega, L50, F\n|-mega|p1a: Meganium|Meganium|Meganiumite\n|move|p1b: Aerodactyl|Rock Slide|p2b: Farigiraf|[spread] p2a,p2b\n|-resisted|p2a: Kingambit|1\n|-damage|p2a: Kingambit|91/100\n|-damage|p2b: Farigiraf|78/100\n|move|p1a: Meganium|Solar Beam||[still]\n|-prepare|p1a: Meganium|Solar Beam\n|-activate|p1a: Meganium|ability: Mega Sol\n|-anim|p1a: Meganium|Solar Beam|p2b: Farigiraf\n|-damage|p2b: Farigiraf|19/100\n|move|p2a: Kingambit|Iron Head|p1b: Aerodactyl\n|-supereffective|p1b: Aerodactyl|1\n|-enditem|p1b: Aerodactyl|Focus Sash\n|-damage|p1b: Aerodactyl|1/100\n|move|p2b: Farigiraf|Trick Room|p2b: Farigiraf\n|-fieldstart|move: Trick Room|[of] p2b: Farigiraf\n|\n|upkeep\n|turn|2\n|\n|t:|1776231088\n|move|p2a: Kingambit|Iron Head|p1a: Meganium\n|-supereffective|p1a: Meganium|1\n|-damage|p1a: Meganium|17/100\n|move|p2b: Farigiraf|Hyper Voice|p1b: Aerodactyl|[spread] p1a,p1b\n|-resisted|p1b: Aerodactyl|1\n|-damage|p1a: Meganium|0 fnt\n|-damage|p1b: Aerodactyl|0 fnt\n|-enditem|p2b: Farigiraf|Sitrus Berry|[eat]\n|-heal|p2b: Farigiraf|44/100|[from] item: Sitrus Berry\n|faint|p1a: Meganium\n|faint|p1b: Aerodactyl\n|\n|upkeep\n|\n|t:|1776231094\n|switch|p1a: Pelipper|Pelipper, L50, F|100/100\n|switch|p1b: Basculegion|Basculegion, L50, M|100/100\n|-weather|RainDance|[from] ability: Drizzle|[of] p1a: Pelipper\n|turn|3\n|\n|t:|1776231106\n|move|p1b: Basculegion|Protect|p1b: Basculegion\n|-singleturn|p1b: Basculegion|Protect\n|move|p2a: Kingambit|Kowtow Cleave|p1b: Basculegion\n|-activate|p1b: Basculegion|move: Protect\n|move|p2b: Farigiraf|Psychic|p1a: Pelipper\n|-crit|p1a: Pelipper\n|-damage|p1a: Pelipper|23/100\n|move|p1a: Pelipper|Hurricane|p2b: Farigiraf\n|-damage|p2b: Farigiraf|14/100\n|\n|-weather|RainDance|[upkeep]\n|-heal|p1a: Pelipper|29/100|[from] item: Leftovers\n|upkeep\n|turn|4\n|\n|t:|1776231118\n|move|p1a: Pelipper|Protect|p1a: Pelipper\n|-singleturn|p1a: Pelipper|Protect\n|move|p2a: Kingambit|Kowtow Cleave|p1b: Basculegion\n|-supereffective|p1b: Basculegion|1\n|-damage|p1b: Basculegion|0 fnt\n|faint|p1b: Basculegion\n|move|p2b: Farigiraf|Psychic|p1a: Pelipper\n|-activate|p1a: Pelipper|move: Protect\n|\n|-weather|RainDance|[upkeep]\n|-heal|p1a: Pelipper|35/100|[from] item: Leftovers\n|upkeep\n|turn|5\n|-message|iwin21 forfeited.\n|\n|win|leolc0926\n|raw|iwin21's rating: 1032 &rarr; <strong>1021</strong><br />(-11 for losing)\n|raw|leolc0926's rating: 1115 &rarr; <strong>1134</strong><br />(+19 for winning)\n|l|\u2606iwin21\n|player|p1|\n|c|\u2606leolc0926|gg\n",
  "uploadtime": 1776231132,
  "views": 41,
  "formatid": "gen9championsvgc2026regma",
  "rating": 1021,
  "private": 0,
  "password": null
}