{
  "id": "gen9championsvgc2026regma-2586244812",
  "format": "[Gen 9 Champions] VGC 2026 Reg M-A",
  "players": [
    "Skoekelememe",
    "Seaslugg22"
  ],
  "log": "|j|\u2606Skoekelememe\n|j|\u2606Seaslugg22\n|t:|1776416728\n|gametype|doubles\n|player|p1|Skoekelememe|266|1203\n|player|p2|Seaslugg22|169|1117\n|gen|9\n|tier|[Gen 9 Champions] VGC 2026 Reg M-A\n|rated|\n|rule|Species Clause: Limit one of each Pok\u00e9mon\n|rule|Item Clause: Limit 1 of each item\n|clearpoke\n|poke|p1|Empoleon, L50, M|\n|poke|p1|Froslass, L50, F|\n|poke|p1|Ninetales-Alola, L50, F|\n|poke|p1|Weavile, L50, M|\n|poke|p1|Alakazam, L50, M|\n|poke|p1|Snorlax, L50, F|\n|poke|p2|Delphox, L50, M|\n|poke|p2|Garchomp, L50, F|\n|poke|p2|Incineroar, L50, M|\n|poke|p2|Sinistcha, L50|\n|poke|p2|Milotic, L50, M|\n|poke|p2|Whimsicott, L50, M|\n|teampreview|4\n|inactive|Battle timer is ON: inactive players will automatically lose when time's up. (requested by Seaslugg22)\n|inactive|Skoekelememe has 60 seconds left.\n|inactive|Skoekelememe has 30 seconds left.\n|\n|t:|1776416794\n|teamsize|p1|4\n|teamsize|p2|4\n|start\n|switch|p1a: Empoleon|Empoleon, L50, M|100/100\n|switch|p1b: Snorlax|Snorlax, L50, F|100/100\n|switch|p2a: Garchomp|Garchomp, L50, F|100/100\n|switch|p2b: Whimsicott|Whimsicott, L50, M|100/100\n|turn|1\n|inactive|Skoekelememe has 30 seconds left.\n|inactive|Seaslugg22 has 30 seconds left.\n|inactive|Seaslugg22 has 20 seconds left.\n|\n|t:|1776416829\n|switch|p2b: Delphox|Delphox, L50, M|100/100\n|move|p2a: Garchomp|Stomping Tantrum|p1a: Empoleon\n|-supereffective|p1a: Empoleon|1\n|-damage|p1a: Empoleon|24/100\n|move|p1a: Empoleon|Air Slash|p2b: Delphox\n|-damage|p2b: Delphox|75/100\n|move|p1b: Snorlax|Encore||[still]\n|-fail|p1b: Snorlax\n|\n|-heal|p1a: Empoleon|30/100|[from] item: Leftovers\n|upkeep\n|turn|2\n|c|\u2606Skoekelememe|damn\n|c|\u2606Skoekelememe|thats so random\n|inactive|Seaslugg22 has 30 seconds left.\n|c|\u2606Seaslugg22|Wasn\u2019t sure what you wanted\n|inactive|Seaslugg22 has 20 seconds left.\n|c|\u2606Skoekelememe|hahah\n|\n|t:|1776416868\n|detailschange|p2b: Delphox|Delphox-Mega, L50, M\n|-mega|p2b: Delphox|Delphox|Delphoxite\n|move|p2b: Delphox|Protect|p2b: Delphox\n|-singleturn|p2b: Delphox|Protect\n|move|p1a: Empoleon|Protect|p1a: Empoleon\n|-singleturn|p1a: Empoleon|Protect\n|move|p2a: Garchomp|Stomping Tantrum|p1a: Empoleon\n|-activate|p1a: Empoleon|move: Protect\n|move|p1b: Snorlax|Curse|p1b: Snorlax\n|-unboost|p1b: Snorlax|spe|1\n|-boost|p1b: Snorlax|atk|1\n|-boost|p1b: Snorlax|def|1\n|\n|-heal|p1a: Empoleon|36/100|[from] item: Leftovers\n|upkeep\n|turn|3\n|c|\u2606Skoekelememe|i have a random team true\n|c|\u2606Skoekelememe|let me llock in\n|inactive|Skoekelememe has 30 seconds left.\n|inactive|Skoekelememe has 20 seconds left.\n|inactive|Skoekelememe has 15 seconds left.\n|inactive|Skoekelememe has 10 seconds left.\n|\n|t:|1776416914\n|switch|p2b: Whimsicott|Whimsicott, L50, M|100/100\n|switch|p1a: Weavile|Weavile, L50, M|100/100\n|-ability|p1a: Weavile|Pressure\n|move|p2a: Garchomp|Stomping Tantrum|p1a: Weavile\n|-damage|p1a: Weavile|28/100\n|move|p1b: Snorlax|Curse|p1b: Snorlax\n|-unboost|p1b: Snorlax|spe|1\n|-boost|p1b: Snorlax|atk|1\n|-boost|p1b: Snorlax|def|1\n|\n|upkeep\n|turn|4\n|inactive|Skoekelememe has 30 seconds left.\n|inactive|Skoekelememe has 20 seconds left.\n|inactive|Skoekelememe has 15 seconds left.\n|inactive|Skoekelememe has 10 seconds left.\n|\n|t:|1776416961\n|switch|p2a: Delphox|Delphox-Mega, L50, M|75/100\n|move|p1a: Weavile|Fake Out|p2a: Delphox\n|-damage|p2a: Delphox|56/100\n|move|p2b: Whimsicott|Encore|p1b: Snorlax\n|-start|p1b: Snorlax|Encore\n|move|p1b: Snorlax|Curse|p1b: Snorlax\n|-unboost|p1b: Snorlax|spe|1\n|-boost|p1b: Snorlax|atk|1\n|-boost|p1b: Snorlax|def|1\n|\n|upkeep\n|turn|5\n|inactive|Skoekelememe has 30 seconds left.\n|inactive|Skoekelememe has 20 seconds left.\n|inactive|Skoekelememe has 15 seconds left.\n|\n|t:|1776417001\n|move|p1a: Weavile|Protect|p1a: Weavile\n|-singleturn|p1a: Weavile|Protect\n|move|p2a: Delphox|Heat Wave|p1b: Snorlax|[spread] p1b\n|-activate|p1a: Weavile|move: Protect\n|-crit|p1b: Snorlax\n|-damage|p1b: Snorlax|81/100\n|move|p2b: Whimsicott|Moonblast|p1a: Weavile\n|-activate|p1a: Weavile|move: Protect\n|move|p1b: Snorlax|Curse|p1b: Snorlax\n|-unboost|p1b: Snorlax|spe|1\n|-boost|p1b: Snorlax|atk|1\n|-boost|p1b: Snorlax|def|1\n|\n|upkeep\n|turn|6\n|\n|t:|1776417023\n|move|p2a: Delphox|Heat Wave|p1b: Snorlax|[spread] p1b\n|-miss|p2a: Delphox|p1a: Weavile\n|-damage|p1b: Snorlax|69/100\n|move|p1a: Weavile|Ice Spinner|p2b: Whimsicott\n|-supereffective|p2b: Whimsicott|1\n|-enditem|p2b: Whimsicott|Focus Sash\n|-damage|p2b: Whimsicott|1/100\n|move|p2b: Whimsicott|Moonblast|p1a: Weavile\n|-supereffective|p1a: Weavile|1\n|-damage|p1a: Weavile|0 fnt\n|faint|p1a: Weavile\n|move|p1b: Snorlax|Curse|p1b: Snorlax\n|-unboost|p1b: Snorlax|spe|1\n|-boost|p1b: Snorlax|atk|1\n|-boost|p1b: Snorlax|def|1\n|\n|-end|p1b: Snorlax|Encore\n|upkeep\n|\n|t:|1776417045\n|switch|p1a: Empoleon|Empoleon, L50, M|36/100\n|turn|7\n|inactive|Skoekelememe has 30 seconds left.\n|\n|t:|1776417079\n|switch|p2a: Sinistcha|Sinistcha, L50|100/100\n|-heal|p2b: Whimsicott|26/100|[from] ability: Hospitality|[of] p2a: Sinistcha\n|move|p2b: Whimsicott|Encore|p1b: Snorlax\n|-start|p1b: Snorlax|Encore\n|move|p1a: Empoleon|Surf|p2b: Whimsicott|[spread] p1b,p2a,p2b\n|-resisted|p2a: Sinistcha|1\n|-resisted|p2b: Whimsicott|1\n|-damage|p1b: Snorlax|52/100\n|-damage|p2a: Sinistcha|87/100\n|-damage|p2b: Whimsicott|3/100\n|move|p1b: Snorlax|Curse|p1b: Snorlax\n|-unboost|p1b: Snorlax|spe|1\n|-boost|p1b: Snorlax|atk|1\n|-boost|p1b: Snorlax|def|1\n|\n|-heal|p1a: Empoleon|41/100|[from] item: Leftovers\n|upkeep\n|turn|8\n|\n|t:|1776417101\n|switch|p2b: Garchomp|Garchomp, L50, F|100/100\n|move|p2a: Sinistcha|Matcha Gotcha|p1a: Empoleon|[spread] p1b\n|-miss|p2a: Sinistcha|p1a: Empoleon\n|-damage|p1b: Snorlax|36/100\n|-heal|p2a: Sinistcha|99/100|[from] drain|[of] p1b: Snorlax\n|move|p1a: Empoleon|Air Slash|p2a: Sinistcha\n|-supereffective|p2a: Sinistcha|1\n|-damage|p2a: Sinistcha|60/100\n|move|p1b: Snorlax|Curse|p1b: Snorlax\n|\n|-heal|p1a: Empoleon|47/100|[from] item: Leftovers\n|upkeep\n|turn|9\n|c|\u2606Skoekelememe|your team is mad cringe lowkey\n|c|\u2606Skoekelememe|hahaha\n|inactive|Skoekelememe has 30 seconds left.\n|c|\u2606Seaslugg22|Bruh\n|\n|t:|1776417132\n|move|p1a: Empoleon|Protect|p1a: Empoleon\n|-singleturn|p1a: Empoleon|Protect\n|move|p2b: Garchomp|Stomping Tantrum|p1a: Empoleon\n|-activate|p1a: Empoleon|move: Protect\n|move|p2a: Sinistcha|Matcha Gotcha|p1a: Empoleon|[spread] p1b\n|-activate|p1a: Empoleon|move: Protect\n|-damage|p1b: Snorlax|20/100\n|-heal|p2a: Sinistcha|72/100|[from] drain|[of] p1b: Snorlax\n|move|p1b: Snorlax|Curse|p1b: Snorlax\n|\n|-heal|p1a: Empoleon|53/100|[from] item: Leftovers\n|-end|p1b: Snorlax|Encore\n|upkeep\n|turn|10\n|c|\u2606Skoekelememe|its so meta\n|c|\u2606Skoekelememe|is what  I mean\n|c|\u2606Seaslugg22|Ahh\n|inactive|Skoekelememe has 30 seconds left.\n|inactive|Skoekelememe has 20 seconds left.\n|\n|t:|1776417171\n|move|p2b: Garchomp|Stomping Tantrum|p1a: Empoleon\n|-supereffective|p1a: Empoleon|1\n|-damage|p1a: Empoleon|0 fnt\n|faint|p1a: Empoleon\n|move|p2a: Sinistcha|Matcha Gotcha|p1b: Snorlax\n|-damage|p1b: Snorlax|0 fnt\n|-heal|p2a: Sinistcha|86/100|[from] drain|[of] p1b: Snorlax\n|faint|p1b: Snorlax\n|\n|upkeep\n|c|\u2606Skoekelememe|nooooo\n|\n|t:|1776417186\n|switch|p1a: Froslass|Froslass, L50, F|100/100\n|turn|11\n|c|\u2606Skoekelememe|I clicked resty\n|\n|t:|1776417202\n|detailschange|p1a: Froslass|Froslass-Mega, L50, F\n|-mega|p1a: Froslass|Froslass|Froslassite\n|-weather|Snowscape|[from] ability: Snow Warning|[of] p1a: Froslass\n|move|p2a: Sinistcha|Protect|p2a: Sinistcha\n|-singleturn|p2a: Sinistcha|Protect\n|move|p2b: Garchomp|Stomping Tantrum|p1a: Froslass\n|-damage|p1a: Froslass|51/100\n|move|p1a: Froslass|Blizzard|p2b: Garchomp|[spread] p2b\n|-activate|p2a: Sinistcha|move: Protect\n|-supereffective|p2b: Garchomp|2\n|-damage|p2b: Garchomp|0 fnt\n|faint|p2b: Garchomp\n|\n|-weather|Snowscape|[upkeep]\n|upkeep\n|\n|t:|1776417214\n|switch|p2b: Whimsicott|Whimsicott, L50, M|3/100\n|turn|12\n|c|\u2606Skoekelememe|whims is too busted man\n|\n|t:|1776417220\n|move|p2b: Whimsicott|Sunny Day|p2b: Whimsicott\n|-weather|SunnyDay\n|move|p1a: Froslass|Blizzard|p2a: Sinistcha|[spread] p2a,p2b\n|-supereffective|p2a: Sinistcha|1\n|-supereffective|p2b: Whimsicott|1\n|-damage|p2a: Sinistcha|0 fnt\n|-damage|p2b: Whimsicott|0 fnt\n|faint|p2a: Sinistcha\n|faint|p2b: Whimsicott\n|\n|-weather|SunnyDay|[upkeep]\n|upkeep\n|\n|t:|1776417226\n|switch|p2a: Delphox|Delphox-Mega, L50, M|56/100\n|turn|13\n|c|\u2606Skoekelememe|and thats gg\n|c|\u2606Skoekelememe|damn\n|c|\u2606Seaslugg22|gg\n|\n|t:|1776417244\n|move|p1a: Froslass|Protect|p1a: Froslass\n|-singleturn|p1a: Froslass|Protect\n|move|p2a: Delphox|Heat Wave|p1a: Froslass\n|-activate|p1a: Froslass|move: Protect\n|\n|-weather|SunnyDay|[upkeep]\n|upkeep\n|turn|14\n|c|\u2606Skoekelememe|I knew i should have knocked fox\n|c|\u2606Seaslugg22|I could miss\n|c|\u2606Skoekelememe|true XD\n|\n|t:|1776417269\n|move|p2a: Delphox|Psychic|p1a: Froslass\n|-crit|p1a: Froslass\n|-damage|p1a: Froslass|0 fnt\n|faint|p1a: Froslass\n|\n|win|Seaslugg22\n|raw|Skoekelememe's rating: 1203 &rarr; <strong>1172</strong><br />(-31 for losing)\n|raw|Seaslugg22's rating: 1117 &rarr; <strong>1148</strong><br />(+31 for winning)\n|l|\u2606Skoekelememe\n|player|p1|\n|c|\u2606Seaslugg22|Wow\n",
  "uploadtime": 1776417294,
  "views": 30,
  "formatid": "gen9championsvgc2026regma",
  "rating": 1148,
  "private": 0,
  "password": null
}