{
  "id": "gen9championsvgc2026regma-2585127837",
  "format": "[Gen 9 Champions] VGC 2026 Reg M-A",
  "players": [
    "Googsward",
    "Mind goblin games"
  ],
  "log": "|j|\u2606Googsward\n|j|\u2606Mind goblin games\n|t:|1776315057\n|gametype|doubles\n|player|p1|Googsward|265|1098\n|player|p2|Mind goblin games|266|1193\n|gen|9\n|tier|[Gen 9 Champions] VGC 2026 Reg M-A\n|rated|\n|rule|Species Clause: Limit one of each Pok\u00e9mon\n|rule|Item Clause: Limit 1 of each item\n|clearpoke\n|poke|p1|Scovillain, L50, M|\n|poke|p1|Dragapult, L50, F|\n|poke|p1|Gyarados, L50, F|\n|poke|p1|Tyranitar, L50, F|\n|poke|p1|Garchomp, L50, M|\n|poke|p1|Corviknight, L50, M|\n|poke|p2|Gengar, L50, M|\n|poke|p2|Mamoswine, L50, M|\n|poke|p2|Whimsicott, L50, M|\n|poke|p2|Tyranitar, L50, F|\n|poke|p2|Archaludon, L50, F|\n|poke|p2|Tauros-Paldea-Aqua, L50, M|\n|teampreview|4\n|inactive|Battle timer is ON: inactive players will automatically lose when time's up. (requested by Mind goblin games)\n|inactive|Googsward has 60 seconds left.\n|\n|t:|1776315125\n|teamsize|p1|4\n|teamsize|p2|4\n|start\n|switch|p1a: Scovillain|Scovillain, L50, M|100/100\n|switch|p1b: Dragapult|Dragapult, L50, F|100/100\n|switch|p2a: Gengar|Gengar, L50, M|100/100\n|switch|p2b: Mamoswine|Mamoswine, L50, M|100/100\n|turn|1\n|inactive|Mind goblin games has 30 seconds left.\n|\n|t:|1776315153\n|switch|p2a: Whimsicott|Whimsicott, L50, M|100/100\n|detailschange|p1a: Scovillain|Scovillain-Mega, L50, M\n|-mega|p1a: Scovillain|Scovillain|Scovillainite\n|move|p2b: Mamoswine|Ice Shard|p1b: Dragapult\n|-supereffective|p1b: Dragapult|1\n|-damage|p1b: Dragapult|41/100\n|move|p1b: Dragapult|Light Screen|p1b: Dragapult\n|-sidestart|p1: Googsward|move: Light Screen\n|move|p1a: Scovillain|Leech Seed|p2a: Whimsicott\n|-immune|p2a: Whimsicott\n|\n|upkeep\n|turn|2\n|inactive|Googsward has 30 seconds left.\n|inactive|Mind goblin games has 30 seconds left.\n|inactive|Mind goblin games has 20 seconds left.\n|inactive|Mind goblin games has 15 seconds left.\n|\n|t:|1776315198\n|move|p2a: Whimsicott|Encore|p1a: Scovillain\n|-start|p1a: Scovillain|Encore\n|move|p2b: Mamoswine|Ice Shard|p1b: Dragapult\n|-supereffective|p1b: Dragapult|1\n|-damage|p1b: Dragapult|0 fnt\n|faint|p1b: Dragapult\n|move|p1a: Scovillain|Leech Seed|p2b: Mamoswine\n|-start|p2b: Mamoswine|move: Leech Seed\n|\n|-damage|p2b: Mamoswine|88/100|[from] Leech Seed|[of] p1a: Scovillain\n|upkeep\n|\n|t:|1776315211\n|switch|p1b: Gyarados|Gyarados, L50, F|100/100\n|-ability|p1b: Gyarados|Intimidate|boost\n|-unboost|p2a: Whimsicott|atk|1\n|-fail|p2b: Mamoswine|unboost|Attack|[from] ability: Oblivious|[of] p2b: Mamoswine\n|turn|3\n|\n|t:|1776315229\n|switch|p2b: Tauros|Tauros-Paldea-Aqua, L50, M|100/100\n|-ability|p2b: Tauros|Intimidate|boost\n|-unboost|p1a: Scovillain|atk|1\n|-unboost|p1b: Gyarados|atk|1\n|move|p2a: Whimsicott|Tailwind|p2a: Whimsicott\n|-sidestart|p2: Mind goblin games|move: Tailwind\n|move|p1b: Gyarados|Stone Edge|p2a: Whimsicott\n|-damage|p2a: Whimsicott|74/100\n|move|p1a: Scovillain|Leech Seed|p2b: Tauros\n|-start|p2b: Tauros|move: Leech Seed\n|\n|-damage|p2b: Tauros|88/100|[from] Leech Seed|[of] p1a: Scovillain\n|upkeep\n|turn|4\n|\n|t:|1776315252\n|move|p2a: Whimsicott|Moonblast|p1b: Gyarados\n|-damage|p1b: Gyarados|84/100\n|move|p2b: Tauros|Wave Crash|p1a: Scovillain\n|-damage|p1a: Scovillain|46/100\n|-status|p2b: Tauros|brn|[from] ability: Spicy Spray|[of] p1a: Scovillain\n|-damage|p2b: Tauros|71/100 brn|[from] Recoil\n|move|p1b: Gyarados|Thunder Wave|p2a: Whimsicott\n|-status|p2a: Whimsicott|par\n|move|p1a: Scovillain|Leech Seed||[still]\n|-fail|p1a: Scovillain\n|\n|-damage|p2b: Tauros|59/100 brn|[from] Leech Seed|[of] p1a: Scovillain\n|-heal|p1a: Scovillain|59/100|[silent]\n|-damage|p2b: Tauros|53/100 brn|[from] brn\n|-end|p1a: Scovillain|Encore\n|upkeep\n|turn|5\n|\n|t:|1776315276\n|cant|p2a: Whimsicott|par\n|move|p2b: Tauros|Wave Crash|p1a: Scovillain\n|-crit|p1a: Scovillain\n|-damage|p1a: Scovillain|13/100\n|-damage|p2b: Tauros|39/100 brn|[from] Recoil\n|move|p1b: Gyarados|Stone Edge|p2a: Whimsicott\n|-damage|p2a: Whimsicott|45/100 par\n|move|p1a: Scovillain|Flamethrower|p2a: Whimsicott\n|-supereffective|p2a: Whimsicott|1\n|-damage|p2a: Whimsicott|0 fnt\n|faint|p2a: Whimsicott\n|\n|-damage|p2b: Tauros|26/100 brn|[from] Leech Seed|[of] p1a: Scovillain\n|-heal|p1a: Scovillain|25/100|[silent]\n|-damage|p2b: Tauros|20/100 brn|[from] brn\n|-sideend|p1: Googsward|move: Light Screen\n|upkeep\n|\n|t:|1776315290\n|switch|p2a: Gengar|Gengar, L50, M|100/100\n|turn|6\n|\n|t:|1776315310\n|detailschange|p2a: Gengar|Gengar-Mega, L50, M\n|-mega|p2a: Gengar|Gengar|Gengarite\n|move|p1a: Scovillain|Protect|p1a: Scovillain\n|-singleturn|p1a: Scovillain|Protect\n|move|p2a: Gengar|Shadow Ball|p1a: Scovillain\n|-activate|p1a: Scovillain|move: Protect\n|move|p2b: Tauros|Wave Crash|p1a: Scovillain\n|-activate|p1a: Scovillain|move: Protect\n|move|p1b: Gyarados|Waterfall|p2a: Gengar\n|-crit|p2a: Gengar\n|-damage|p2a: Gengar|22/100\n|\n|-damage|p2b: Tauros|8/100 brn|[from] Leech Seed|[of] p1a: Scovillain\n|-heal|p1a: Scovillain|38/100|[silent]\n|-damage|p2b: Tauros|2/100 brn|[from] brn\n|-sideend|p2: Mind goblin games|move: Tailwind\n|upkeep\n|turn|7\n|inactive|Googsward has 30 seconds left.\n|\n|t:|1776315343\n|move|p2a: Gengar|Disable|p1b: Gyarados\n|-start|p1b: Gyarados|Disable|Waterfall\n|move|p2b: Tauros|Wave Crash|p1a: Scovillain\n|-damage|p1a: Scovillain|10/100\n|-damage|p2b: Tauros|0 fnt|[from] Recoil\n|faint|p2b: Tauros\n|cant|p1b: Gyarados|Disable|Waterfall\n|move|p1a: Scovillain|Spicy Extract|p1b: Gyarados\n|-boost|p1b: Gyarados|atk|2\n|-unboost|p1b: Gyarados|def|2\n|\n|upkeep\n|\n|t:|1776315356\n|switch|p2b: Mamoswine|Mamoswine, L50, M|88/100\n|turn|8\n|c|\u2606Googsward|i believe in da peppa\n|\n|t:|1776315373\n|move|p2a: Gengar|Shadow Ball|p1b: Gyarados\n|-damage|p1b: Gyarados|49/100\n|-enditem|p1b: Gyarados|Sitrus Berry|[eat]\n|-heal|p1b: Gyarados|73/100|[from] item: Sitrus Berry\n|move|p2b: Mamoswine|Rock Slide|p1a: Scovillain|[spread] \n|-miss|p2b: Mamoswine|p1a: Scovillain\n|-miss|p2b: Mamoswine|p1b: Gyarados\n|move|p1b: Gyarados|Stone Edge|p2b: Mamoswine\n|-crit|p2b: Mamoswine\n|-damage|p2b: Mamoswine|22/100\n|move|p1a: Scovillain|Flamethrower|p2b: Mamoswine\n|-supereffective|p2b: Mamoswine|1\n|-damage|p2b: Mamoswine|0 fnt\n|faint|p2b: Mamoswine\n|\n|upkeep\n|turn|9\n|\n|t:|1776315395\n|move|p2a: Gengar|Shadow Ball|p1a: Scovillain\n|-damage|p1a: Scovillain|0 fnt\n|-status|p2a: Gengar|brn|[from] ability: Spicy Spray|[of] p1a: Scovillain\n|faint|p1a: Scovillain\n|move|p1b: Gyarados|Stone Edge|p2a: Gengar|[miss]\n|-miss|p1b: Gyarados|p2a: Gengar\n|\n|-damage|p2a: Gengar|16/100 brn|[from] brn\n|upkeep\n|\n|t:|1776315402\n|switch|p1a: Garchomp|Garchomp, L50, M|100/100\n|turn|10\n|-message|Mind goblin games forfeited.\n|\n|win|Googsward\n|raw|Googsward's rating: 1098 &rarr; <strong>1130</strong><br />(+32 for winning)\n|raw|Mind goblin games's rating: 1193 &rarr; <strong>1161</strong><br />(-32 for losing)\n|l|\u2606Mind goblin games\n|player|p2|\n|c|\u2606Googsward|peppa stays on top\n",
  "uploadtime": 1776315413,
  "views": 22,
  "formatid": "gen9championsvgc2026regma",
  "rating": 1130,
  "private": 0,
  "password": null
}