{
  "id": "gen9championsvgc2026regma-2584480776",
  "format": "[Gen 9 Champions] VGC 2026 Reg M-A",
  "players": [
    "ohfxld",
    "miguelon611"
  ],
  "log": "|j|\u2606ohfxld\n|j|\u2606miguelon611\n|t:|1776263704\n|gametype|doubles\n|player|p1|ohfxld|n|1131\n|player|p2|miguelon611|1|1192\n|gen|9\n|tier|[Gen 9 Champions] VGC 2026 Reg M-A\n|rated|\n|rule|Species Clause: Limit one of each Pok\u00e9mon\n|rule|Item Clause: Limit 1 of each item\n|clearpoke\n|poke|p1|Delphox, L50, F|\n|poke|p1|Torkoal, L50, F|\n|poke|p1|Primarina, L50, M|\n|poke|p1|Mimikyu, L50, F|\n|poke|p1|Tyranitar, L50, F|\n|poke|p1|Meowstic, L50, M|\n|poke|p2|Garchomp, L50, F|\n|poke|p2|Aerodactyl, L50, F|\n|poke|p2|Floette-Eternal, L50, F|\n|poke|p2|Incineroar, L50, F|\n|poke|p2|Rotom-Wash, L50|\n|poke|p2|Milotic, L50, F|\n|teampreview|4\n|inactive|Battle timer is ON: inactive players will automatically lose when time's up. (requested by ohfxld)\nohfxld rejected open team sheets.\n|\n|t:|1776263732\n|teamsize|p1|4\n|teamsize|p2|4\n|start\n|switch|p1a: Mimikyu|Mimikyu, L50, F|100/100\n|switch|p1b: Torkoal|Torkoal, L50, F|100/100\n|switch|p2a: Aerodactyl|Aerodactyl, L50, F|100/100\n|switch|p2b: Garchomp|Garchomp, L50, F|100/100\n|-ability|p2a: Aerodactyl|Unnerve\n|-weather|SunnyDay|[from] ability: Drought|[of] p1b: Torkoal\n|turn|1\n|\n|t:|1776263739\n|move|p1b: Torkoal|Protect|p1b: Torkoal\n|-singleturn|p1b: Torkoal|Protect\n|move|p2a: Aerodactyl|Rock Slide|p1b: Torkoal|[spread] p1a\n|-activate|p1b: Torkoal|move: Protect\n|-activate|p1a: Mimikyu|ability: Disguise\n|-damage|p1a: Mimikyu|100/100\n|detailschange|p1a: Mimikyu|Mimikyu-Busted, L50, F\n|-damage|p1a: Mimikyu|88/100|[from] pokemon: Mimikyu-Busted\n|move|p2b: Garchomp|Rock Slide|p1a: Mimikyu|[spread] p1a\n|-activate|p1b: Torkoal|move: Protect\n|-damage|p1a: Mimikyu|70/100\n|move|p1a: Mimikyu|Trick Room|p1a: Mimikyu\n|-fieldstart|move: Trick Room|[of] p1a: Mimikyu\n|\n|-weather|SunnyDay|[upkeep]\n|upkeep\n|turn|2\n|\n|t:|1776263759\n|move|p2b: Garchomp|Protect|p2b: Garchomp\n|-singleturn|p2b: Garchomp|Protect\n|move|p1b: Torkoal|Eruption|p2a: Aerodactyl|[spread] p2a\n|-activate|p2b: Garchomp|move: Protect\n|-resisted|p2a: Aerodactyl|1\n|-damage|p2a: Aerodactyl|45/100\n|move|p1a: Mimikyu|Play Rough|p2b: Garchomp\n|-activate|p2b: Garchomp|move: Protect\n|move|p2a: Aerodactyl|Rock Slide|p1a: Mimikyu|[spread] p1b\n|-miss|p2a: Aerodactyl|p1a: Mimikyu\n|-supereffective|p1b: Torkoal|1\n|-damage|p1b: Torkoal|62/100\n|\n|-weather|SunnyDay|[upkeep]\n|upkeep\n|turn|3\n|\n|t:|1776263782\n|switch|p2b: Milotic|Milotic, L50, F|100/100\n|move|p2a: Aerodactyl|Protect|p2a: Aerodactyl\n|-singleturn|p2a: Aerodactyl|Protect\n|move|p1b: Torkoal|Solar Beam||[still]\n|-prepare|p1b: Torkoal|Solar Beam\n|-anim|p1b: Torkoal|Solar Beam|p2a: Aerodactyl\n|-activate|p2a: Aerodactyl|move: Protect\n|move|p1a: Mimikyu|Play Rough|p2b: Milotic\n|-damage|p2b: Milotic|75/100\n|\n|-weather|SunnyDay|[upkeep]\n|-heal|p2b: Milotic|81/100|[from] item: Leftovers\n|upkeep\n|turn|4\n|-activate|p1b: Torkoal|item: Quick Claw\n|\n|t:|1776263799\n|switch|p2a: Garchomp|Garchomp, L50, F|100/100\n|move|p2b: Milotic|Protect|p2b: Milotic\n|-singleturn|p2b: Milotic|Protect\n|move|p1b: Torkoal|Solar Beam||[still]\n|-prepare|p1b: Torkoal|Solar Beam\n|-anim|p1b: Torkoal|Solar Beam|p2b: Milotic\n|-activate|p2b: Milotic|move: Protect\n|move|p1a: Mimikyu|Play Rough|p2a: Garchomp\n|-supereffective|p2a: Garchomp|1\n|-damage|p2a: Garchomp|42/100\n|-damage|p1a: Mimikyu|57/100|[from] ability: Rough Skin|[of] p2a: Garchomp\n|\n|-weather|SunnyDay|[upkeep]\n|-heal|p2b: Milotic|87/100|[from] item: Leftovers\n|upkeep\n|turn|5\n|inactive|ohfxld has 30 seconds left.\n|-activate|p1b: Torkoal|item: Quick Claw\n|\n|t:|1776263826\n|move|p2a: Garchomp|Protect|p2a: Garchomp\n|-singleturn|p2a: Garchomp|Protect\n|move|p1b: Torkoal|Solar Beam||[still]\n|-prepare|p1b: Torkoal|Solar Beam\n|-anim|p1b: Torkoal|Solar Beam|p2b: Milotic\n|-supereffective|p2b: Milotic|1\n|-damage|p2b: Milotic|41/100\n|move|p1a: Mimikyu|Play Rough|p2a: Garchomp\n|-activate|p2a: Garchomp|move: Protect\n|move|p2b: Milotic|Scald|p1a: Mimikyu\n|-damage|p1a: Mimikyu|44/100\n|-enditem|p1a: Mimikyu|Sitrus Berry|[eat]\n|-heal|p1a: Mimikyu|68/100|[from] item: Sitrus Berry\n|\n|-weather|none\n|-heal|p2b: Milotic|47/100|[from] item: Leftovers\n|-fieldend|move: Trick Room\n|upkeep\n|turn|6\n|inactive|miguelon611 has 30 seconds left.\n|\n|t:|1776263860\n|switch|p1b: Primarina|Primarina, L50, M, shiny|100/100\n|move|p2a: Garchomp|Rock Slide|p1b: Primarina|[spread] p1a,p1b\n|-damage|p1a: Mimikyu|49/100\n|-damage|p1b: Primarina|85/100\n|move|p2b: Milotic|Scald|p1a: Mimikyu\n|-damage|p1a: Mimikyu|23/100\n|-status|p1a: Mimikyu|brn\n|move|p1a: Mimikyu|Trick Room|p1a: Mimikyu\n|-fieldstart|move: Trick Room|[of] p1a: Mimikyu\n|\n|-heal|p1b: Primarina|91/100|[from] item: Leftovers\n|-heal|p2b: Milotic|52/100|[from] item: Leftovers\n|-damage|p1a: Mimikyu|17/100 brn|[from] brn\n|upkeep\n|turn|7\n|inactive|miguelon611 has 30 seconds left.\n|\n|t:|1776263889\n|move|p2a: Garchomp|Protect|p2a: Garchomp\n|-singleturn|p2a: Garchomp|Protect\n|move|p1b: Primarina|Moonblast|p2a: Garchomp\n|-activate|p2a: Garchomp|move: Protect\n|move|p1a: Mimikyu|Play Rough|p2b: Milotic\n|-damage|p2b: Milotic|39/100\n|move|p2b: Milotic|Life Dew|p2b: Milotic|[spread] p2a,p2b\n|-heal|p2a: Garchomp|67/100\n|-heal|p2b: Milotic|64/100\n|\n|-heal|p1b: Primarina|97/100|[from] item: Leftovers\n|-heal|p2b: Milotic|70/100|[from] item: Leftovers\n|-damage|p1a: Mimikyu|10/100 brn|[from] brn\n|upkeep\n|turn|8\n|\n|t:|1776263909\n|switch|p2a: Aerodactyl|Aerodactyl, L50, F|45/100\n|-ability|p2a: Aerodactyl|Unnerve\n|move|p1b: Primarina|Moonblast|p2a: Aerodactyl\n|-damage|p2a: Aerodactyl|0 fnt\n|faint|p2a: Aerodactyl\n|move|p1a: Mimikyu|Play Rough|p2b: Milotic\n|-damage|p2b: Milotic|56/100\n|-unboost|p2b: Milotic|atk|1\n|-ability|p2b: Milotic|Competitive|boost\n|-boost|p2b: Milotic|spa|2\n|move|p2b: Milotic|Life Dew|p2b: Milotic\n|-heal|p2b: Milotic|81/100\n|\n|-heal|p1b: Primarina|100/100|[from] item: Leftovers\n|-heal|p2b: Milotic|87/100|[from] item: Leftovers\n|-damage|p1a: Mimikyu|4/100 brn|[from] brn\n|upkeep\n|\n|t:|1776263933\n|switch|p2a: Garchomp|Garchomp, L50, F|67/100\n|turn|9\n|\n|t:|1776263939\n|move|p2a: Garchomp|Protect|p2a: Garchomp\n|-singleturn|p2a: Garchomp|Protect\n|move|p1b: Primarina|Moonblast|p2b: Milotic\n|-damage|p2b: Milotic|61/100\n|move|p1a: Mimikyu|Play Rough|p2a: Garchomp\n|-activate|p2a: Garchomp|move: Protect\n|move|p2b: Milotic|Life Dew|p2b: Milotic|[spread] p2a,p2b\n|-heal|p2a: Garchomp|92/100\n|-heal|p2b: Milotic|87/100\n|\n|-heal|p2b: Milotic|93/100|[from] item: Leftovers\n|-damage|p1a: Mimikyu|0 fnt|[from] brn\n|faint|p1a: Mimikyu\n|upkeep\n|\n|t:|1776263949\n|switch|p1a: Torkoal|Torkoal, L50, F|62/100\n|-weather|SunnyDay|[from] ability: Drought|[of] p1a: Torkoal\n|turn|10\n|-activate|p1a: Torkoal|item: Quick Claw\n|\n|t:|1776263974\n|move|p2b: Milotic|Protect|p2b: Milotic\n|-singleturn|p2b: Milotic|Protect\n|move|p2a: Garchomp|Protect||[still]\n|-fail|p2a: Garchomp\n|move|p1a: Torkoal|Solar Beam||[still]\n|-prepare|p1a: Torkoal|Solar Beam\n|-anim|p1a: Torkoal|Solar Beam|p2b: Milotic\n|-activate|p2b: Milotic|move: Protect\n|move|p1b: Primarina|Moonblast|p2a: Garchomp\n|-supereffective|p2a: Garchomp|1\n|-damage|p2a: Garchomp|0 fnt\n|faint|p2a: Garchomp\n|\n|-weather|SunnyDay|[upkeep]\n|-heal|p2b: Milotic|99/100|[from] item: Leftovers\n|-fieldend|move: Trick Room\n|upkeep\n|\n|t:|1776263987\n|switch|p2a: Floette|Floette-Eternal, L50, F|100/100\n|turn|11\n|\n|t:|1776264007\n|move|p2a: Floette|Calm Mind|p2a: Floette\n|-boost|p2a: Floette|spa|1\n|-boost|p2a: Floette|spd|1\n|move|p2b: Milotic|Scald|p1a: Torkoal\n|-supereffective|p1a: Torkoal|1\n|-damage|p1a: Torkoal|0 fnt\n|faint|p1a: Torkoal\n|move|p1b: Primarina|Moonblast|p2b: Milotic\n|-damage|p2b: Milotic|71/100\n|\n|-weather|SunnyDay|[upkeep]\n|-heal|p2b: Milotic|77/100|[from] item: Leftovers\n|upkeep\n|\n|t:|1776264016\n|switch|p1a: Delphox|Delphox, L50, F, shiny|100/100\n|turn|12\n|\n|t:|1776264037\n|detailschange|p1a: Delphox|Delphox-Mega, L50, F, shiny\n|-mega|p1a: Delphox|Delphox|Delphoxite\n|move|p2b: Milotic|Protect|p2b: Milotic\n|-singleturn|p2b: Milotic|Protect\n|move|p1a: Delphox|Heat Wave|p2b: Milotic|[spread] p2a\n|-activate|p2b: Milotic|move: Protect\n|-damage|p2a: Floette|64/100\n|move|p2a: Floette|Calm Mind|p2a: Floette\n|-boost|p2a: Floette|spa|1\n|-boost|p2a: Floette|spd|1\n|move|p1b: Primarina|Moonblast|p2b: Milotic\n|-activate|p2b: Milotic|move: Protect\n|\n|-weather|SunnyDay|[upkeep]\n|-heal|p2b: Milotic|83/100|[from] item: Leftovers\n|upkeep\n|turn|13\n|\n|t:|1776264056\n|move|p2a: Floette|Protect|p2a: Floette\n|-singleturn|p2a: Floette|Protect\n|move|p1a: Delphox|Heat Wave|p2b: Milotic|[spread] p2b\n|-activate|p2a: Floette|move: Protect\n|-resisted|p2b: Milotic|1\n|-damage|p2b: Milotic|60/100\n|move|p2b: Milotic|Life Dew|p2b: Milotic|[spread] p2a,p2b\n|-heal|p2a: Floette|89/100\n|-heal|p2b: Milotic|85/100\n|move|p1b: Primarina|Moonblast|p2b: Milotic\n|-damage|p2b: Milotic|59/100\n|\n|-weather|SunnyDay|[upkeep]\n|-heal|p2b: Milotic|65/100|[from] item: Leftovers\n|upkeep\n|turn|14\n|inactive|miguelon611 has 30 seconds left.\n|inactive|ohfxld has 30 seconds left.\n|inactive|miguelon611 has 20 seconds left.\n|inactive|miguelon611 has 15 seconds left.\n|\n|t:|1776264096\n|detailschange|p2a: Floette|Floette-Mega, L50, F\n|-mega|p2a: Floette|Floette|Floettite\n|-ability|p2a: Floette|Fairy Aura\n|move|p2b: Milotic|Protect|p2b: Milotic\n|-singleturn|p2b: Milotic|Protect\n|move|p1a: Delphox|Heat Wave|p2b: Milotic|[spread] p2a\n|-activate|p2b: Milotic|move: Protect\n|-damage|p2a: Floette|65/100\n|move|p2a: Floette|Moonblast|p1b: Primarina\n|-damage|p1b: Primarina|0 fnt\n|faint|p1b: Primarina\n|\n|-weather|none\n|-heal|p2b: Milotic|71/100|[from] item: Leftovers\n|upkeep\n|turn|15\n|\n|t:|1776264115\n|move|p1a: Delphox|Heat Wave|p2b: Milotic|[spread] p2a,p2b\n|-resisted|p2b: Milotic|1\n|-damage|p2a: Floette|50/100\n|-damage|p2b: Milotic|56/100\n|move|p2a: Floette|Moonblast|p1a: Delphox\n|-resisted|p1a: Delphox|1\n|-damage|p1a: Delphox|33/100\n|move|p2b: Milotic|Scald|p1a: Delphox\n|-supereffective|p1a: Delphox|1\n|-damage|p1a: Delphox|0 fnt\n|faint|p1a: Delphox\n|\n|win|miguelon611\n|raw|ohfxld's rating: 1131 &rarr; <strong>1110</strong><br />(-21 for losing)\n|raw|miguelon611's rating: 1192 &rarr; <strong>1213</strong><br />(+21 for winning)\n|l|\u2606ohfxld\n|player|p1|\n",
  "uploadtime": 1776264137,
  "views": 32,
  "formatid": "gen9championsvgc2026regma",
  "rating": 1110,
  "private": 0,
  "password": null
}