{
  "id": "gen9championsvgc2026regma-2586821038",
  "format": "[Gen 9 Champions] VGC 2026 Reg M-A",
  "players": [
    "jeremiaselfrio",
    "chilledskys"
  ],
  "log": "|j|\u2606jeremiaselfrio\n|j|\u2606chilledskys\n|t:|1776462668\n|gametype|doubles\n|player|p1|jeremiaselfrio|102|1255\n|player|p2|chilledskys|waiter|1181\n|gen|9\n|tier|[Gen 9 Champions] VGC 2026 Reg M-A\n|rated|\n|rule|Species Clause: Limit one of each Pok\u00e9mon\n|rule|Item Clause: Limit 1 of each item\n|clearpoke\n|poke|p1|Incineroar, L50, M|\n|poke|p1|Gengar, L50, M|\n|poke|p1|Sinistcha, L50|\n|poke|p1|Tyranitar, L50, M|\n|poke|p1|Kommo-o, L50, F|\n|poke|p1|Corviknight, L50, M|\n|poke|p2|Banette, L50, M|\n|poke|p2|Gallade, L50, M|\n|poke|p2|Corviknight, L50, M|\n|poke|p2|Hatterene, L50, F|\n|poke|p2|Snorlax, L50, M|\n|poke|p2|Chandelure, L50, F|\n|teampreview|4\n|c|\u2606chilledskys|glhf\n|inactive|Battle timer is ON: inactive players will automatically lose when time's up. (requested by chilledskys)\n|c|\u2606jeremiaselfrio|u2\n|\n|t:|1776462720\n|teamsize|p1|4\n|teamsize|p2|4\n|start\n|switch|p1a: Gengar|Gengar, L50, M|100/100\n|switch|p1b: Incineroar|Incineroar, L50, M|100/100\n|switch|p2a: jogo|Chandelure, L50, F, shiny|100/100\n|switch|p2b: yuta|Gallade, L50, M, shiny|100/100\n|-ability|p1b: Incineroar|Intimidate|boost\n|-unboost|p2a: jogo|atk|1\n|-unboost|p2b: yuta|atk|1\n|turn|1\n|inactive|jeremiaselfrio has 30 seconds left.\n|inactive|chilledskys has 30 seconds left.\n|inactive|jeremiaselfrio has 20 seconds left.\n|inactive|jeremiaselfrio has 15 seconds left.\n|\n|t:|1776462764\n|detailschange|p1a: Gengar|Gengar-Mega, L50, M\n|-mega|p1a: Gengar|Gengar|Gengarite\n|detailschange|p2a: jogo|Chandelure-Mega, L50, F, shiny\n|-mega|p2a: jogo|Chandelure|Chandelurite\n|move|p1b: Incineroar|Fake Out|p2b: yuta\n|-damage|p2b: yuta|86/100\n|move|p1a: Gengar|Substitute|p1a: Gengar\n|-start|p1a: Gengar|Substitute\n|-damage|p1a: Gengar|75/100\n|cant|p2b: yuta|flinch\n|move|p2a: jogo|Trick Room|p2a: jogo\n|-fieldstart|move: Trick Room|[of] p2a: jogo\n|\n|upkeep\n|turn|2\n|inactive|jeremiaselfrio has 30 seconds left.\n|inactive|jeremiaselfrio has 20 seconds left.\n|\n|t:|1776462801\n|switch|p2a: bird strike|Corviknight, L50, M, shiny|100/100\n|move|p1b: Incineroar|Protect|p1b: Incineroar\n|-singleturn|p1b: Incineroar|Protect\n|move|p1a: Gengar|Protect|p1a: Gengar\n|-singleturn|p1a: Gengar|Protect\n|move|p2b: yuta|Psycho Cut|p1a: Gengar\n|-activate|p1a: Gengar|move: Protect\n|\n|upkeep\n|turn|3\n|inactive|chilledskys has 30 seconds left.\n|\n|t:|1776462829\n|move|p2a: bird strike|Brave Bird|p1a: Gengar\n|-end|p1a: Gengar|Substitute\n|-damage|p2a: bird strike|94/100|[from] Recoil|[of] p1a: Gengar\n|move|p1b: Incineroar|Parting Shot|p2b: yuta\n|-unboost|p2b: yuta|atk|1\n|-unboost|p2b: yuta|spa|1\n|\n|t:|1776462833\n|switch|p1b: Sinistcha|Sinistcha, L50|100/100|[from] Parting Shot\n|-heal|p1a: Gengar|100/100|[from] ability: Hospitality|[of] p1b: Sinistcha\n|move|p2b: yuta|Psycho Cut|p1a: Gengar\n|-supereffective|p1a: Gengar|1\n|-damage|p1a: Gengar|28/100\n|move|p1a: Gengar|Perish Song|p1a: Gengar\n|-start|p1a: Gengar|perish3|[silent]\n|-start|p1b: Sinistcha|perish3|[silent]\n|-start|p2a: bird strike|perish3|[silent]\n|-start|p2b: yuta|perish3|[silent]\n|-fieldactivate|move: Perish Song\n|\n|-start|p2a: bird strike|perish3\n|-start|p2b: yuta|perish3\n|-start|p1b: Sinistcha|perish3\n|-start|p1a: Gengar|perish3\n|upkeep\n|turn|4\n|\n|t:|1776462856\n|switch|p1b: Incineroar|Incineroar, L50, M|100/100\n|-ability|p1b: Incineroar|Intimidate|boost\n|-ability|p2a: bird strike|Mirror Armor\n|-unboost|p1b: Incineroar|atk|1\n|-unboost|p2b: yuta|atk|1\n|move|p1a: Gengar|Protect|p1a: Gengar\n|-singleturn|p1a: Gengar|Protect\n|move|p2a: bird strike|Brave Bird|p1b: Incineroar\n|-crit|p1b: Incineroar\n|-damage|p1b: Incineroar|36/100\n|-damage|p2a: bird strike|71/100|[from] Recoil\n|move|p2b: yuta|Psycho Cut|p1a: Gengar\n|-activate|p1a: Gengar|move: Protect\n|\n|-start|p2a: bird strike|perish2\n|-start|p2b: yuta|perish2\n|-start|p1a: Gengar|perish2\n|upkeep\n|turn|5\n|\n|t:|1776462878\n|switch|p1a: Sinistcha|Sinistcha, L50|100/100\n|-heal|p1b: Incineroar|61/100|[from] ability: Hospitality|[of] p1a: Sinistcha\n|move|p2a: bird strike|Brave Bird|p1a: Sinistcha\n|-supereffective|p1a: Sinistcha|1\n|-damage|p1a: Sinistcha|11/100\n|-enditem|p1a: Sinistcha|Sitrus Berry|[eat]\n|-heal|p1a: Sinistcha|36/100|[from] item: Sitrus Berry\n|-damage|p2a: bird strike|44/100|[from] Recoil\n|move|p1b: Incineroar|Parting Shot|p2b: yuta\n|-unboost|p2b: yuta|atk|1\n|-unboost|p2b: yuta|spa|1\n|\n|t:|1776462888\n|switch|p1b: Gengar|Gengar-Mega, L50, M|28/100|[from] Parting Shot\n|move|p2b: yuta|Psycho Cut|p1a: Sinistcha\n|-damage|p1a: Sinistcha|19/100\n|\n|-start|p2a: bird strike|perish1\n|-start|p2b: yuta|perish1\n|-fieldend|move: Trick Room\n|upkeep\n|turn|6\n|\n|t:|1776462908\n|move|p1b: Gengar|Protect|p1b: Gengar\n|-singleturn|p1b: Gengar|Protect\n|move|p1a: Sinistcha|Protect|p1a: Sinistcha\n|-singleturn|p1a: Sinistcha|Protect\n|move|p2b: yuta|Psycho Cut|p1b: Gengar\n|-activate|p1b: Gengar|move: Protect\n|move|p2a: bird strike|Brave Bird|p1a: Sinistcha\n|-activate|p1a: Sinistcha|move: Protect\n|\n|-start|p2b: yuta|perish0\n|-start|p2a: bird strike|perish0\n|faint|p2b: yuta\n|faint|p2a: bird strike\n|upkeep\n|\n|t:|1776462922\n|switch|p2b: jogo|Chandelure-Mega, L50, F, shiny|100/100\n|switch|p2a: uro|Hatterene, L50, F, shiny|100/100\n|turn|7\n|\n|t:|1776462935\n|switch|p1a: Kommo-o|Kommo-o, L50, F|100/100\n|move|p1b: Gengar|Perish Song|p1b: Gengar\n|-immune|p1a: Kommo-o|[from] ability: Soundproof\n|-start|p1b: Gengar|perish3|[silent]\n|-start|p2a: uro|perish3|[silent]\n|-start|p2b: jogo|perish3|[silent]\n|-fieldactivate|move: Perish Song\n|move|p2b: jogo|Trick Room|p2b: jogo\n|-fieldstart|move: Trick Room|[of] p2b: jogo\n|move|p2a: uro|Trick Room|p2a: uro\n|-fieldend|move: Trick Room\n|\n|-start|p1b: Gengar|perish3\n|-start|p2b: jogo|perish3\n|-start|p2a: uro|perish3\n|upkeep\n|turn|8\n|inactive|jeremiaselfrio has 30 seconds left.\n|c|\u2606jeremiaselfrio|huh\n|inactive|jeremiaselfrio has 20 seconds left.\n|\n|t:|1776462971\n|move|p1a: Kommo-o|Protect|p1a: Kommo-o\n|-singleturn|p1a: Kommo-o|Protect\n|move|p1b: Gengar|Substitute|p1b: Gengar\n|-start|p1b: Gengar|Substitute\n|-damage|p1b: Gengar|3/100\n|move|p2b: jogo|Shadow Ball|p1b: Gengar\n|-supereffective|p1b: Gengar|1\n|-damage|p1b: Gengar|0 fnt\n|faint|p1b: Gengar\n|move|p2a: uro|Trick Room|p2a: uro\n|-fieldstart|move: Trick Room|[of] p2a: uro\n|\n|-start|p2a: uro|perish2\n|-start|p2b: jogo|perish2\n|upkeep\n|\n|t:|1776462975\n|switch|p1b: Incineroar|Incineroar, L50, M|61/100\n|-ability|p1b: Incineroar|Intimidate|boost\n|-unboost|p2a: uro|atk|1\n|-unboost|p2b: jogo|atk|1\n|turn|9\n|c|\u2606chilledskys|I thought you were going kill one of them\n|inactive|chilledskys has 30 seconds left.\n|\n|t:|1776463005\n|switch|p1a: Sinistcha|Sinistcha, L50|19/100\n|-heal|p1b: Incineroar|86/100|[from] ability: Hospitality|[of] p1a: Sinistcha\n|move|p1b: Incineroar|Fake Out|p2a: uro\n|-damage|p2a: uro|88/100\n|cant|p2a: uro|flinch\n|move|p2b: jogo|Heat Wave|p1a: Sinistcha|[spread] p1a,p1b\n|-supereffective|p1a: Sinistcha|1\n|-crit|p1a: Sinistcha\n|-resisted|p1b: Incineroar|1\n|-damage|p1a: Sinistcha|0 fnt\n|-damage|p1b: Incineroar|67/100\n|faint|p1a: Sinistcha\n|\n|-start|p2a: uro|perish1\n|-start|p2b: jogo|perish1\n|upkeep\n|\n|t:|1776463009\n|switch|p1a: Kommo-o|Kommo-o, L50, F|100/100\n|turn|10\n|\n|t:|1776463034\n|move|p1b: Incineroar|Protect|p1b: Incineroar\n|-singleturn|p1b: Incineroar|Protect\n|move|p1a: Kommo-o|Protect|p1a: Kommo-o\n|-singleturn|p1a: Kommo-o|Protect\n|move|p2a: uro|Dazzling Gleam|p1b: Incineroar|[spread] \n|-activate|p1a: Kommo-o|move: Protect\n|-activate|p1b: Incineroar|move: Protect\n|move|p2b: jogo|Heat Wave|p1b: Incineroar|[spread] \n|-activate|p1a: Kommo-o|move: Protect\n|-activate|p1b: Incineroar|move: Protect\n|\n|-start|p2a: uro|perish0\n|-start|p2b: jogo|perish0\n|faint|p2a: uro\n|faint|p2b: jogo\n|\n|win|jeremiaselfrio\n|raw|jeremiaselfrio's rating: 1255 &rarr; <strong>1275</strong><br />(+20 for winning)\n|raw|chilledskys's rating: 1181 &rarr; <strong>1161</strong><br />(-20 for losing)\n|l|\u2606chilledskys\n|player|p2|\n",
  "uploadtime": 1776463062,
  "views": 26,
  "formatid": "gen9championsvgc2026regma",
  "rating": 1161,
  "private": 0,
  "password": null
}