{
  "id": "gen9championsvgc2026regma-2586842521",
  "format": "[Gen 9 Champions] VGC 2026 Reg M-A",
  "players": [
    "Toimpo",
    "KitsuNET"
  ],
  "log": "|j|\u2606Toimpo\n|j|\u2606KitsuNET\n|t:|1776464523\n|gametype|doubles\n|player|p1|Toimpo|169|1093\n|player|p2|KitsuNET|265|1000\n|gen|9\n|tier|[Gen 9 Champions] VGC 2026 Reg M-A\n|rated|\n|rule|Species Clause: Limit one of each Pok\u00e9mon\n|rule|Item Clause: Limit 1 of each item\n|clearpoke\n|poke|p1|Scovillain, L50, F|\n|poke|p1|Zoroark-Hisui, L50, M|\n|poke|p1|Primarina, L50, F|\n|poke|p1|Tinkaton, L50, F|\n|poke|p1|Rotom-Wash, L50|\n|poke|p1|Corviknight, L50, F|\n|poke|p2|Tyranitar, L50, F|\n|poke|p2|Toxapex, L50, M|\n|poke|p2|Zoroark-Hisui, L50, F|\n|poke|p2|Arcanine-Hisui, L50, F|\n|poke|p2|Altaria, L50, F|\n|poke|p2|Espathra, L50, F|\n|teampreview|4\n|l|\u2606Toimpo\n|player|p1|\n|j|\u2606Toimpo\n|player|p1|Toimpo|169|\nKitsuNET rejected open team sheets.\n|inactive|Battle timer is ON: inactive players will automatically lose when time's up. (requested by KitsuNET)\n|\n|t:|1776464562\n|teamsize|p1|4\n|teamsize|p2|4\n|start\n|switch|p1a: Scovillain|Scovillain, L50, F|100/100\n|switch|p1b: Tinkaton|Tinkaton, L50, F|100/100\n|switch|p2a: Espathra|Espathra, L50, F|100/100\n|switch|p2b: Tyranitar|Tyranitar, L50, F|100/100\n|turn|1\n|inactive|Toimpo has 30 seconds left.\n|inactive|KitsuNET has 30 seconds left.\n|\n|t:|1776464601\n|detailschange|p1a: Scovillain|Scovillain-Mega, L50, F\n|-mega|p1a: Scovillain|Scovillain|Scovillainite\n|move|p1a: Scovillain|Protect|p1a: Scovillain\n|-singleturn|p1a: Scovillain|Protect\n|move|p1b: Tinkaton|Fake Out|p2b: Tyranitar\n|-immune|p2b: Tyranitar\n|move|p2b: Tyranitar|Snarl|p1a: Scovillain|[spread] p1b\n|-activate|p1a: Scovillain|move: Protect\n|-resisted|p1b: Tinkaton|1\n|-damage|p1b: Tinkaton|93/100\n|-unboost|p1b: Tinkaton|spa|1\n|move|p2a: Espathra|Calm Mind|p2a: Espathra\n|-boost|p2a: Espathra|spa|1\n|-boost|p2a: Espathra|spd|1\n|\n|-ability|p2a: Espathra|Speed Boost|boost\n|-boost|p2a: Espathra|spe|1\n|upkeep\n|turn|2\n|l|\u2606Toimpo\n|inactive|Toimpo disconnected and has a minute to reconnect!\n|player|p1|\n|j|\u2606Toimpo\n|inactive|Toimpo reconnected and has 35 seconds left.\n|player|p1|Toimpo|169|\n|inactive|Toimpo has 30 seconds left.\n|inactive|KitsuNET has 30 seconds left.\n|\n|t:|1776464635\n|move|p1a: Scovillain|Rage Powder|p1a: Scovillain\n|-singleturn|p1a: Scovillain|move: Rage Powder\n|move|p2a: Espathra|Stored Power|p1a: Scovillain\n|-crit|p1a: Scovillain\n|-damage|p1a: Scovillain|31/100\n|-status|p2a: Espathra|brn|[from] ability: Spicy Spray|[of] p1a: Scovillain\n|move|p2b: Tyranitar|Icy Wind|p1a: Scovillain|[spread] p1a,p1b\n|-resisted|p1b: Tinkaton|1\n|-damage|p1a: Scovillain|16/100\n|-damage|p1b: Tinkaton|87/100\n|-unboost|p1a: Scovillain|spe|1\n|-unboost|p1b: Tinkaton|spe|1\n|-status|p2b: Tyranitar|brn|[from] ability: Spicy Spray|[of] p1a: Scovillain\n|move|p1b: Tinkaton|Gigaton Hammer|p2b: Tyranitar\n|-damage|p2b: Tyranitar|0 fnt\n|replace|p2b: Zoroark|Zoroark-Hisui, L50, F\n|-end|p2b: Zoroark|Illusion\n|faint|p2b: Zoroark\n|\n|-damage|p2a: Espathra|95/100 brn|[from] brn\n|-ability|p2a: Espathra|Speed Boost|boost\n|-boost|p2a: Espathra|spe|1\n|upkeep\n|\n|t:|1776464654\n|switch|p2b: Arcanine|Arcanine-Hisui, L50, F|100/100\n|-ability|p2b: Arcanine|Intimidate|boost\n|-unboost|p1a: Scovillain|atk|1\n|-fail|p1b: Tinkaton|unboost|Attack|[from] ability: Own Tempo|[of] p1b: Tinkaton\n|turn|3\n|inactive|Toimpo has 30 seconds left.\n|\n|t:|1776464680\n|switch|p1b: Primarina|Primarina, L50, F, shiny|100/100\n|move|p2b: Arcanine|Extreme Speed|p1a: Scovillain\n|-damage|p1a: Scovillain|0 fnt\n|-immune|p2b: Arcanine\n|faint|p1a: Scovillain\n|move|p2a: Espathra|Calm Mind|p2a: Espathra\n|-boost|p2a: Espathra|spa|1\n|-boost|p2a: Espathra|spd|1\n|\n|-damage|p2a: Espathra|89/100 brn|[from] brn\n|-ability|p2a: Espathra|Speed Boost|boost\n|-boost|p2a: Espathra|spe|1\n|upkeep\n|\n|t:|1776464696\n|switch|p1a: Primarina|Primarina, L50, F, shiny|100/100\n|turn|4\n|\n|t:|1776464714\n|move|p2b: Arcanine|Extreme Speed|p1a: Primarina\n|-damage|p1a: Primarina|74/100\n|move|p2a: Espathra|Stored Power|p1b: Primarina\n|-damage|p1b: Primarina|0 fnt\n|replace|p1b: Zoroark|Zoroark-Hisui, L50, M, shiny\n|-end|p1b: Zoroark|Illusion\n|faint|p1b: Zoroark\n|move|p1a: Primarina|Hyper Voice|p2a: Espathra|[spread] p2a,p2b\n|-supereffective|p2b: Arcanine|2\n|-damage|p2a: Espathra|63/100 brn\n|-damage|p2b: Arcanine|0 fnt\n|faint|p2b: Arcanine\n|\n|-heal|p1a: Primarina|80/100|[from] item: Leftovers\n|-damage|p2a: Espathra|58/100 brn|[from] brn\n|-ability|p2a: Espathra|Speed Boost|boost\n|-boost|p2a: Espathra|spe|1\n|upkeep\n|\n|t:|1776464732\n|switch|p1b: Tinkaton|Tinkaton, L50, F|87/100\n|switch|p2b: Tyranitar|Tyranitar, L50, F|100/100\n|-weather|Sandstorm|[from] ability: Sand Stream|[of] p2b: Tyranitar\n|turn|5\n|inactive|KitsuNET has 30 seconds left.\n|\n|t:|1776464767\n|detailschange|p2b: Tyranitar|Tyranitar-Mega, L50, F\n|-mega|p2b: Tyranitar|Tyranitar|Tyranitarite\n|move|p1b: Tinkaton|Fake Out|p2a: Espathra\n|-damage|p2a: Espathra|46/100 brn\n|cant|p2a: Espathra|flinch\n|move|p2b: Tyranitar|High Horsepower|p1b: Tinkaton|[miss]\n|-miss|p2b: Tyranitar|p1b: Tinkaton\n|move|p1a: Primarina|Hyper Voice|p2b: Tyranitar|[spread] p2a,p2b\n|-supereffective|p2b: Tyranitar|1\n|-damage|p2a: Espathra|20/100 brn\n|-damage|p2b: Tyranitar|66/100\n|\n|-weather|Sandstorm|[upkeep]\n|-damage|p2a: Espathra|14/100 brn|[from] Sandstorm\n|-damage|p1a: Primarina|74/100|[from] Sandstorm\n|-heal|p1a: Primarina|80/100|[from] item: Leftovers\n|-damage|p2a: Espathra|8/100 brn|[from] brn\n|-ability|p2a: Espathra|Speed Boost|boost\n|-boost|p2a: Espathra|spe|1\n|upkeep\n|turn|6\n|l|\u2606Toimpo\n|inactive|Toimpo disconnected and has a minute to reconnect!\n|player|p1|\n|j|\u2606Toimpo\n|inactive|Toimpo reconnected and has 35 seconds left.\n|player|p1|Toimpo|169|\n|inactive|Toimpo has 30 seconds left.\n|inactive|Toimpo has 20 seconds left.\n|\n|t:|1776464805\n|move|p2a: Espathra|Stored Power|p1a: Primarina\n|-damage|p1a: Primarina|0 fnt\n|faint|p1a: Primarina\n|move|p1b: Tinkaton|Gigaton Hammer|p2b: Tyranitar\n|-supereffective|p2b: Tyranitar|1\n|-damage|p2b: Tyranitar|1/100\n|move|p2b: Tyranitar|High Horsepower|p1b: Tinkaton\n|-supereffective|p1b: Tinkaton|1\n|-damage|p1b: Tinkaton|0 fnt\n|faint|p1b: Tinkaton\n|\n|win|KitsuNET\n|raw|Toimpo's rating: 1093 &rarr; <strong>1063</strong><br />(-30 for losing)\n|raw|KitsuNET's rating: 1000 &rarr; <strong>1050</strong><br />(+50 for winning)\n",
  "uploadtime": 1776464816,
  "views": 23,
  "formatid": "gen9championsvgc2026regma",
  "rating": 1050,
  "private": 0,
  "password": null
}