{
  "id": "gen9championsvgc2026regma-2583452541",
  "format": "[Gen 9 Champions] VGC 2026 Reg M-A",
  "players": [
    "DSok_",
    "Plopy14"
  ],
  "log": "|j|\u2606DSok_\n|j|\u2606Plopy14\n|t:|1776176591\n|gametype|doubles\n|player|p1|DSok_|rosa|\n|player|p2|Plopy14|bugcatcher|\n|gen|9\n|tier|[Gen 9 Champions] VGC 2026 Reg M-A\n|rated|Tournament battle\n|rule|Species Clause: Limit one of each Pok\u00e9mon\n|rule|Item Clause: Limit 1 of each item\n|clearpoke\n|poke|p1|Charizard, L50, F|\n|poke|p1|Gardevoir, L50, F|\n|poke|p1|Garchomp, L50, F|\n|poke|p1|Whimsicott, L50, F|\n|poke|p1|Kingambit, L50, F|\n|poke|p1|Sneasler, L50, M|\n|poke|p2|Tyranitar, L50, F|\n|poke|p2|Corviknight, L50, M|\n|poke|p2|Sneasler, L50, M|\n|poke|p2|Sinistcha, L50|\n|poke|p2|Garchomp, L50, F|\n|poke|p2|Rotom-Wash, L50|\n|teampreview|4\n|inactive|Battle timer is ON: inactive players will automatically lose when time's up. (requested by DSok_)\n|j| kemp1412\n|j| ghostistheman\nPlopy14 has agreed to open team sheets.\n|inactive|Plopy14 has 60 seconds left.\n|j| Ziomelord\n|l| kemp1412\n|inactive|Plopy14 has 30 seconds left.\n|\n|t:|1776176655\n|teamsize|p1|4\n|teamsize|p2|4\n|start\n|switch|p1a: Charizard|Charizard, L50, F|100/100\n|switch|p1b: Whimsicott|Whimsicott, L50, F|100/100\n|switch|p2a: Garchomp|Garchomp, L50, F|100/100\n|switch|p2b: Corviknight|Corviknight, L50, M|100/100\n|turn|1\n|inactive|Plopy14 has 30 seconds left.\n|\n|t:|1776176681\n|switch|p2b: Tyranitar|Tyranitar, L50, F|100/100\n|-weather|Sandstorm|[from] ability: Sand Stream|[of] p2b: Tyranitar\n|move|p1a: Charizard|Protect|p1a: Charizard\n|-singleturn|p1a: Charizard|Protect\n|move|p1b: Whimsicott|Tailwind|p1b: Whimsicott\n|-sidestart|p1: DSok_|move: Tailwind\n|move|p2a: Garchomp|Rock Slide|p1b: Whimsicott|[spread] p1b\n|-activate|p1a: Charizard|move: Protect\n|-damage|p1b: Whimsicott|73/100\n|\n|-weather|Sandstorm|[upkeep]\n|-damage|p1b: Whimsicott|68/100|[from] Sandstorm\n|-damage|p1a: Charizard|95/100|[from] Sandstorm\n|upkeep\n|turn|2\n|\n|t:|1776176698\n|detailschange|p1a: Charizard|Charizard-Mega-Y, L50, F\n|-mega|p1a: Charizard|Charizard|Charizardite Y\n|-weather|SunnyDay|[from] ability: Drought|[of] p1a: Charizard\n|detailschange|p2b: Tyranitar|Tyranitar-Mega, L50, F\n|-mega|p2b: Tyranitar|Tyranitar|Tyranitarite\n|-weather|Sandstorm|[from] ability: Sand Stream|[of] p2b: Tyranitar\n|move|p2a: Garchomp|Protect|p2a: Garchomp\n|-singleturn|p2a: Garchomp|Protect\n|move|p1b: Whimsicott|Moonblast|p2b: Tyranitar\n|-supereffective|p2b: Tyranitar|1\n|-damage|p2b: Tyranitar|62/100\n|move|p1a: Charizard|Solar Beam||[still]\n|-prepare|p1a: Charizard|Solar Beam\n|move|p2b: Tyranitar|Rock Slide|p1b: Whimsicott|[spread] p1b\n|-miss|p2b: Tyranitar|p1a: Charizard\n|-damage|p1b: Whimsicott|25/100\n|\n|-weather|Sandstorm|[upkeep]\n|-damage|p1b: Whimsicott|19/100|[from] Sandstorm\n|-damage|p1a: Charizard|89/100|[from] Sandstorm\n|upkeep\n|turn|3\n|c|\u2606Plopy14|bruh\n|l| Ziomelord\n|\n|t:|1776176720\n|switch|p2b: Corviknight|Corviknight, L50, M|100/100\n|move|p1b: Whimsicott|Sunny Day|p1b: Whimsicott\n|-weather|SunnyDay\n|move|p1a: Charizard|Solar Beam|p2b: Corviknight|[from] lockedmove\n|-resisted|p2b: Corviknight|2\n|-damage|p2b: Corviknight|86/100\n|move|p2a: Garchomp|Rock Slide|p1a: Charizard|[spread] p1a,p1b\n|-supereffective|p1a: Charizard|2\n|-damage|p1a: Charizard|0 fnt\n|-damage|p1b: Whimsicott|0 fnt\n|faint|p1a: Charizard\n|faint|p1b: Whimsicott\n|\n|-weather|SunnyDay|[upkeep]\n|-heal|p2b: Corviknight|92/100|[from] item: Leftovers\n|upkeep\n|\n|t:|1776176729\n|switch|p1b: Gardevoir|Gardevoir, L50, F|100/100\n|switch|p1a: Garchomp|Garchomp, L50, F|100/100\n|turn|4\n|\n|t:|1776176743\n|move|p1b: Gardevoir|Dazzling Gleam|p2a: Garchomp|[spread] p2a,p2b\n|-supereffective|p2a: Garchomp|1\n|-resisted|p2b: Corviknight|1\n|-damage|p2a: Garchomp|35/100\n|-damage|p2b: Corviknight|76/100\n|move|p1a: Garchomp|Rock Slide|p2a: Garchomp|[spread] p2a\n|-miss|p1a: Garchomp|p2b: Corviknight\n|-resisted|p2a: Garchomp|1\n|-damage|p2a: Garchomp|24/100\n|move|p2a: Garchomp|Earthquake|p1a: Garchomp|[spread] p1a,p1b\n|-immune|p2b: Corviknight\n|-damage|p1a: Garchomp|67/100\n|-damage|p1b: Gardevoir|39/100\n|move|p2b: Corviknight|Tailwind|p2b: Corviknight\n|-sidestart|p2: Plopy14|move: Tailwind\n|\n|-weather|SunnyDay|[upkeep]\n|-heal|p2b: Corviknight|82/100|[from] item: Leftovers\n|-sideend|p1: DSok_|move: Tailwind\n|upkeep\n|turn|5\n|inactive|DSok_ has 30 seconds left.\n|\n|t:|1776176777\n|move|p2a: Garchomp|Earthquake|p1a: Garchomp|[spread] p1a,p1b\n|-immune|p2b: Corviknight\n|-damage|p1a: Garchomp|32/100\n|-damage|p1b: Gardevoir|0 fnt\n|-enditem|p1a: Garchomp|Sitrus Berry|[eat]\n|-heal|p1a: Garchomp|56/100|[from] item: Sitrus Berry\n|faint|p1b: Gardevoir\n|move|p2b: Corviknight|Brave Bird|p1a: Garchomp\n|-damage|p1a: Garchomp|16/100\n|-damage|p2b: Corviknight|70/100|[from] ability: Rough Skin|[of] p1a: Garchomp\n|-damage|p2b: Corviknight|55/100|[from] Recoil\n|move|p1a: Garchomp|Rock Slide|p2a: Garchomp|[spread] p2a,p2b\n|-resisted|p2a: Garchomp|1\n|-damage|p2a: Garchomp|13/100\n|-damage|p2b: Corviknight|37/100\n|\n|-weather|SunnyDay|[upkeep]\n|-heal|p2b: Corviknight|43/100|[from] item: Leftovers\n|upkeep\n|turn|6\n|\n|t:|1776176782\n|move|p2a: Garchomp|Earthquake|p1a: Garchomp|[spread] p1a\n|-immune|p2b: Corviknight\n|-damage|p1a: Garchomp|0 fnt\n|faint|p1a: Garchomp\n|\n|win|Plopy14\n|n|\u2606DSok_|dsok\n|n|\u2606Plopy14|plopy14\n|n| ghostistheman|ghostistheman\n",
  "uploadtime": 1776176783,
  "views": 12,
  "formatid": "gen9championsvgc2026regma",
  "rating": null,
  "private": 0,
  "password": null
}