{
  "id": "gen9championsvgc2026regma-2580436621",
  "format": "[Gen 9 Champions] VGC 2026 Reg M-A",
  "players": [
    "RealKungullu",
    "moonone"
  ],
  "log": "|j|\u2606RealKungullu\n|j|\u203dmoonone\n|t:|1775896333\n|gametype|doubles\n|player|p1|RealKungullu|harlequin|1080\n|player|p2|moonone|265|1000\n|gen|9\n|tier|[Gen 9 Champions] VGC 2026 Reg M-A\n|rated|\n|rule|Species Clause: Limit one of each Pok\u00e9mon\n|rule|Item Clause: Limit 1 of each item\n|clearpoke\n|poke|p1|Chesnaught, L50, M|\n|poke|p1|Farigiraf, L50, M|\n|poke|p1|Aegislash, L50, F|\n|poke|p1|Basculegion, L50, M|\n|poke|p1|Sinistcha, L50|\n|poke|p1|Golurk, L50|\n|poke|p2|Gengar, L50, M|\n|poke|p2|Basculegion, L50, M|\n|poke|p2|Incineroar, L50, F|\n|poke|p2|Pelipper, L50, F|\n|poke|p2|Kingambit, L50, F|\n|poke|p2|Tauros-Paldea-Aqua, L50, M|\n|teampreview|4\n|inactive|Battle timer is ON: inactive players will automatically lose when time's up. (requested by RealKungullu)\n|\n|t:|1775896371\n|teamsize|p1|4\n|teamsize|p2|4\n|start\n|switch|p1a: Farigiraf|Farigiraf, L50, M|100/100\n|switch|p1b: Chesnaught|Chesnaught, L50, M|100/100\n|switch|p2a: Gengar|Gengar, L50, M, shiny|100/100\n|switch|p2b: Kingambit|Kingambit, L50, F|100/100\n|turn|1\n|inactive|moonone has 30 seconds left.\n|inactive|moonone has 20 seconds left.\n|\n|t:|1775896409\n|detailschange|p2a: Gengar|Gengar-Mega, L50, M, shiny\n|-mega|p2a: Gengar|Gengar|Gengarite\n|detailschange|p1b: Chesnaught|Chesnaught-Mega, L50, M\n|-mega|p1b: Chesnaught|Chesnaught|Chesnaughtite\n|move|p2b: Kingambit|Protect|p2b: Kingambit\n|-singleturn|p2b: Kingambit|Protect\n|move|p2a: Gengar|Perish Song|p2a: Gengar\n|-start|p1a: Farigiraf|perish3|[silent]\n|-start|p1b: Chesnaught|perish3|[silent]\n|-start|p2a: Gengar|perish3|[silent]\n|-start|p2b: Kingambit|perish3|[silent]\n|-fieldactivate|move: Perish Song\n|move|p1b: Chesnaught|Body Press|p2b: Kingambit\n|-activate|p2b: Kingambit|move: Protect\n|move|p1a: Farigiraf|Trick Room|p1a: Farigiraf\n|-fieldstart|move: Trick Room|[of] p1a: Farigiraf\n|\n|-start|p1b: Chesnaught|perish3\n|-start|p1a: Farigiraf|perish3\n|-start|p2b: Kingambit|perish3\n|-start|p2a: Gengar|perish3\n|upkeep\n|turn|2\n|\n|t:|1775896431\n|switch|p2b: Basculegion|Basculegion, L50, M|100/100\n|move|p1a: Farigiraf|Helping Hand|p1b: Chesnaught\n|-singleturn|p1b: Chesnaught|Helping Hand|[of] p1a: Farigiraf\n|move|p2a: Gengar|Protect|p2a: Gengar\n|-singleturn|p2a: Gengar|Protect\n|move|p1b: Chesnaught|Body Press|p2b: Basculegion\n|-immune|p2b: Basculegion\n|\n|-start|p1b: Chesnaught|perish2\n|-start|p1a: Farigiraf|perish2\n|-start|p2a: Gengar|perish2\n|upkeep\n|turn|3\n|inactive|moonone has 30 seconds left.\n|\n|t:|1775896461\n|switch|p2a: Kingambit|Kingambit, L50, F|100/100\n|move|p1b: Chesnaught|Wood Hammer|p2b: Basculegion\n|-supereffective|p2b: Basculegion|1\n|-damage|p2b: Basculegion|0 fnt\n|faint|p2b: Basculegion\n|-damage|p1b: Chesnaught|65/100|[from] Recoil\n|move|p1a: Farigiraf|Psychic|p2a: Kingambit\n|-immune|p2a: Kingambit\n|\n|-start|p1b: Chesnaught|perish1\n|-start|p1a: Farigiraf|perish1\n|upkeep\n|\n|t:|1775896474\n|switch|p2b: Gengar|Gengar-Mega, L50, M, shiny|100/100\n|turn|4\n|\n|t:|1775896491\n|move|p2a: Kingambit|Protect|p2a: Kingambit\n|-singleturn|p2a: Kingambit|Protect\n|move|p2b: Gengar|Protect|p2b: Gengar\n|-singleturn|p2b: Gengar|Protect\n|move|p1b: Chesnaught|Body Press|p2a: Kingambit\n|-activate|p2a: Kingambit|move: Protect\n|move|p1a: Farigiraf|Psychic|p2b: Gengar\n|-activate|p2b: Gengar|move: Protect\n|\n|-start|p1b: Chesnaught|perish0\n|-start|p1a: Farigiraf|perish0\n|faint|p1b: Chesnaught\n|faint|p1a: Farigiraf\n|upkeep\n|\n|t:|1775896494\n|switch|p1b: Golurk|Golurk, L50|100/100\n|switch|p1a: Aegislash|Aegislash, L50, F|100/100\n|turn|5\n|inactive|moonone has 30 seconds left.\n|\n|t:|1775896524\n|switch|p2b: Pelipper|Pelipper, L50, F|100/100\n|-weather|RainDance|[from] ability: Drizzle|[of] p2b: Pelipper\n|move|p2a: Kingambit|Sucker Punch|p1b: Golurk\n|-supereffective|p1b: Golurk|1\n|-damage|p1b: Golurk|7/100\n|move|p1b: Golurk|Shadow Punch|p2b: Pelipper\n|-damage|p2b: Pelipper|41/100\n|-formechange|p1a: Aegislash|Aegislash-Blade|\n|move|p1a: Aegislash|Shadow Claw|p2b: Pelipper\n|-damage|p2b: Pelipper|0 fnt\n|faint|p2b: Pelipper\n|\n|-weather|RainDance|[upkeep]\n|-fieldend|move: Trick Room\n|upkeep\n|\n|t:|1775896538\n|switch|p2b: Gengar|Gengar-Mega, L50, M, shiny|100/100\n|turn|6\n|\n|t:|1775896550\n|move|p2b: Gengar|Shadow Ball|p1a: Aegislash\n|-supereffective|p1a: Aegislash|1\n|-damage|p1a: Aegislash|0 fnt\n|faint|p1a: Aegislash\n|move|p2a: Kingambit|Kowtow Cleave|p1b: Golurk\n|-supereffective|p1b: Golurk|1\n|-damage|p1b: Golurk|0 fnt\n|faint|p1b: Golurk\n|\n|win|moonone\n|raw|RealKungullu's rating: 1080 &rarr; <strong>1053</strong><br />(-27 for losing)\n|raw|moonone's rating: 1000 &rarr; <strong>1049</strong><br />(+49 for winning)\n|l|\u2606RealKungullu\n|player|p1|\n",
  "uploadtime": 1775896637,
  "views": 21,
  "formatid": "gen9championsvgc2026regma",
  "rating": 1049,
  "private": 0,
  "password": null
}