{
  "id": "gen9championsvgc2026regma-2583352539",
  "format": "[Gen 9 Champions] VGC 2026 Reg M-A",
  "players": [
    "La Clemstim",
    "Timmmmmmmmmmmmm"
  ],
  "log": "|j|\u2606La Clemstim\n|j|\u2606Timmmmmmmmmmmmm\n|t:|1776169427\n|gametype|doubles\n|player|p1|La Clemstim|266|1178\n|player|p2|Timmmmmmmmmmmmm|alder|1219\n|gen|9\n|tier|[Gen 9 Champions] VGC 2026 Reg M-A\n|rated|\n|rule|Species Clause: Limit one of each Pok\u00e9mon\n|rule|Item Clause: Limit 1 of each item\n|clearpoke\n|poke|p1|Charizard, L50, M|\n|poke|p1|Venusaur, L50, F|\n|poke|p1|Rotom-Wash, L50|\n|poke|p1|Garchomp, L50, F|\n|poke|p1|Sneasler, L50, F|\n|poke|p1|Kingambit, L50, F|\n|poke|p2|Hawlucha, L50, F|\n|poke|p2|Sinistcha, L50|\n|poke|p2|Maushold, L50|\n|poke|p2|Pelipper, L50, F|\n|poke|p2|Archaludon, L50, F|\n|poke|p2|Kingambit, L50, M|\n|teampreview|4\n|inactive|Battle timer is ON: inactive players will automatically lose when time's up. (requested by La Clemstim)\n|inactive|Timmmmmmmmmmmmm has 60 seconds left.\n|\n|t:|1776169465\n|teamsize|p1|4\n|teamsize|p2|4\n|start\n|switch|p1a: Garchomp|Garchomp, L50, F|100/100\n|switch|p1b: Rotom|Rotom-Wash, L50|100/100\n|switch|p2a: Staples|Archaludon, L50, F|100/100\n|switch|p2b: The Big E|Maushold, L50|100/100\n|turn|1\n|inactive|La Clemstim has 30 seconds left.\n|\n|t:|1776169494\n|move|p1a: Garchomp|Earthquake|p2a: Staples|[spread] p2a,p2b\n|-immune|p1b: Rotom|[from] ability: Levitate\n|-supereffective|p2a: Staples|1\n|-damage|p2a: Staples|56/100\n|-damage|p2b: The Big E|35/100\n|-ability|p2a: Staples|Stamina|boost\n|-boost|p2a: Staples|def|1\n|move|p2b: The Big E|Population Bomb|p2a: Staples\n|-resisted|p2a: Staples|1\n|-damage|p2a: Staples|55/100\n|-ability|p2a: Staples|Stamina|boost\n|-boost|p2a: Staples|def|1\n|-resisted|p2a: Staples|1\n|-damage|p2a: Staples|54/100\n|-ability|p2a: Staples|Stamina|boost\n|-boost|p2a: Staples|def|1\n|-resisted|p2a: Staples|1\n|-damage|p2a: Staples|54/100\n|-ability|p2a: Staples|Stamina|boost\n|-boost|p2a: Staples|def|1\n|-resisted|p2a: Staples|1\n|-damage|p2a: Staples|53/100\n|-ability|p2a: Staples|Stamina|boost\n|-boost|p2a: Staples|def|1\n|-resisted|p2a: Staples|1\n|-damage|p2a: Staples|53/100\n|-ability|p2a: Staples|Stamina|boost\n|-boost|p2a: Staples|def|1\n|-resisted|p2a: Staples|1\n|-damage|p2a: Staples|52/100\n|-hitcount|p2a: Staples|6\n|move|p1b: Rotom|Will-O-Wisp|p2b: The Big E\n|-status|p2b: The Big E|brn\n|move|p2a: Staples|Dragon Pulse|p1b: Rotom\n|-damage|p1b: Rotom|52/100\n|\n|-heal|p1b: Rotom|58/100|[from] item: Leftovers\n|-heal|p2a: Staples|58/100|[from] item: Leftovers\n|-damage|p2b: The Big E|29/100 brn|[from] brn\n|upkeep\n|turn|2\n|inactive|La Clemstim has 30 seconds left.\n|inactive|Timmmmmmmmmmmmm has 30 seconds left.\n|inactive|La Clemstim has 20 seconds left.\n|\n|t:|1776169531\n|move|p2b: The Big E|Follow Me|p2b: The Big E\n|-singleturn|p2b: The Big E|move: Follow Me\n|move|p1a: Garchomp|Earthquake|p2b: The Big E|[spread] p2a,p2b\n|-immune|p1b: Rotom|[from] ability: Levitate\n|-supereffective|p2a: Staples|1\n|-damage|p2a: Staples|46/100\n|-damage|p2b: The Big E|0 fnt\n|faint|p2b: The Big E\n|move|p1b: Rotom|Will-O-Wisp|p2a: Staples|[miss]\n|-miss|p1b: Rotom|p2a: Staples\n|move|p2a: Staples|Dragon Pulse|p1b: Rotom\n|-damage|p1b: Rotom|9/100\n|\n|-heal|p1b: Rotom|15/100|[from] item: Leftovers\n|-heal|p2a: Staples|52/100|[from] item: Leftovers\n|upkeep\n|\n|t:|1776169550\n|switch|p2b: Trump|Sinistcha, L50|100/100\n|-heal|p2a: Staples|77/100|[from] ability: Hospitality|[of] p2b: Trump\n|turn|3\n|\n|t:|1776169563\n|move|p1b: Rotom|Protect|p1b: Rotom\n|-singleturn|p1b: Rotom|Protect\n|move|p2a: Staples|Protect|p2a: Staples\n|-singleturn|p2a: Staples|Protect\n|move|p1a: Garchomp|Earthquake|p2a: Staples|[spread] p2b\n|-activate|p1b: Rotom|move: Protect\n|-activate|p2a: Staples|move: Protect\n|-resisted|p2b: Trump|1\n|-damage|p2b: Trump|83/100\n|move|p2b: Trump|Matcha Gotcha|p1b: Rotom|[spread] p1a\n|-activate|p1b: Rotom|move: Protect\n|-damage|p1a: Garchomp|75/100\n|-heal|p2b: Trump|96/100|[from] drain|[of] p1a: Garchomp\n|\n|-heal|p1b: Rotom|21/100|[from] item: Leftovers\n|-heal|p2a: Staples|83/100|[from] item: Leftovers\n|upkeep\n|turn|4\n|\n|t:|1776169587\n|switch|p1a: Kingambit|Kingambit, L50, F|100/100\n|move|p2b: Trump|Rage Powder|p2b: Trump\n|-singleturn|p2b: Trump|move: Rage Powder\n|move|p1b: Rotom|Will-O-Wisp|p2b: Trump\n|-status|p2b: Trump|brn\n|move|p2a: Staples|Dragon Pulse|p1b: Rotom\n|-damage|p1b: Rotom|0 fnt\n|faint|p1b: Rotom\n|\n|-heal|p2a: Staples|89/100|[from] item: Leftovers\n|-damage|p2b: Trump|90/100 brn|[from] brn\n|upkeep\n|\n|t:|1776169600\n|switch|p1b: Garchomp|Garchomp, L50, F|75/100\n|turn|5\n|\n|t:|1776169615\n|switch|p2b: Netanyahu|Pelipper, L50, F|100/100\n|-weather|RainDance|[from] ability: Drizzle|[of] p2b: Netanyahu\n|move|p1b: Garchomp|Stomping Tantrum|p2a: Staples\n|-supereffective|p2a: Staples|1\n|-damage|p2a: Staples|71/100\n|move|p2a: Staples|Electro Shot||[still]\n|-prepare|p2a: Staples|Electro Shot\n|-boost|p2a: Staples|spa|1\n|-anim|p2a: Staples|Electro Shot|p1a: Kingambit\n|-damage|p1a: Kingambit|36/100\n|move|p1a: Kingambit|Kowtow Cleave|p2b: Netanyahu\n|-damage|p2b: Netanyahu|34/100\n|\n|-weather|RainDance|[upkeep]\n|-heal|p2a: Staples|77/100|[from] item: Leftovers\n|upkeep\n|turn|6\n|\n|t:|1776169636\n|switch|p2b: Trump|Sinistcha, L50|90/100 brn\n|-heal|p2a: Staples|100/100|[from] ability: Hospitality|[of] p2b: Trump\n|move|p1a: Kingambit|Sucker Punch||[still]\n|-fail|p1a: Kingambit\n|move|p1b: Garchomp|Stomping Tantrum|p2a: Staples\n|-supereffective|p2a: Staples|1\n|-damage|p2a: Staples|82/100\n|move|p2a: Staples|Electro Shot||[still]\n|-prepare|p2a: Staples|Electro Shot\n|-boost|p2a: Staples|spa|1\n|-anim|p2a: Staples|Electro Shot|p1a: Kingambit\n|-damage|p1a: Kingambit|0 fnt\n|faint|p1a: Kingambit\n|\n|-weather|RainDance|[upkeep]\n|-heal|p2a: Staples|88/100|[from] item: Leftovers\n|-damage|p2b: Trump|84/100 brn|[from] brn\n|upkeep\n|inactive|La Clemstim has 30 seconds left.\n|inactive|La Clemstim has 20 seconds left.\n|inactive|La Clemstim has 15 seconds left.\n|inactive|La Clemstim has 10 seconds left.\n|inactive|La Clemstim has 5 seconds left.\n|\n|t:|1776169691\n|switch|p1a: Sneasler|Sneasler, L50, F|100/100\n|turn|7\n|\n|t:|1776169709\n|move|p2a: Staples|Protect|p2a: Staples\n|-singleturn|p2a: Staples|Protect\n|move|p2b: Trump|Protect|p2b: Trump\n|-singleturn|p2b: Trump|Protect\n|move|p1a: Sneasler|Fake Out|p2a: Staples\n|-activate|p2a: Staples|move: Protect\n|move|p1b: Garchomp|Stomping Tantrum|p2a: Staples\n|-activate|p2a: Staples|move: Protect\n|\n|-weather|RainDance|[upkeep]\n|-heal|p2a: Staples|94/100|[from] item: Leftovers\n|-damage|p2b: Trump|77/100 brn|[from] brn\n|upkeep\n|turn|8\n|inactive|La Clemstim has 30 seconds left.\n|\n|t:|1776169744\n|move|p1b: Garchomp|Stomping Tantrum|p2a: Staples\n|-supereffective|p2a: Staples|1\n|-damage|p2a: Staples|78/100\n|move|p1a: Sneasler|Dire Claw|p2b: Trump\n|-damage|p2b: Trump|39/100 brn\n|-enditem|p2b: Trump|Sitrus Berry|[eat]\n|-heal|p2b: Trump|63/100 brn|[from] item: Sitrus Berry\n|move|p2a: Staples|Dragon Pulse|p1a: Sneasler\n|-damage|p1a: Sneasler|0 fnt\n|faint|p1a: Sneasler\n|move|p2b: Trump|Matcha Gotcha|p1b: Garchomp\n|-damage|p1b: Garchomp|39/100\n|-heal|p2b: Trump|82/100 brn|[from] drain|[of] p1b: Garchomp\n|\n|-weather|RainDance|[upkeep]\n|-heal|p2a: Staples|84/100|[from] item: Leftovers\n|-damage|p2b: Trump|76/100 brn|[from] brn\n|upkeep\n|turn|9\n|\n|t:|1776169764\n|move|p1b: Garchomp|Stomping Tantrum|p2a: Staples\n|-supereffective|p2a: Staples|1\n|-damage|p2a: Staples|66/100\n|move|p2a: Staples|Dragon Pulse|p1b: Garchomp\n|-supereffective|p1b: Garchomp|1\n|-damage|p1b: Garchomp|0 fnt\n|faint|p1b: Garchomp\n|\n|win|Timmmmmmmmmmmmm\n",
  "uploadtime": 1776169698,
  "views": 12,
  "formatid": "gen9championsvgc2026regma",
  "rating": null,
  "private": 0,
  "password": null
}