{
  "id": "gen9championsvgc2026regma-2584454405",
  "format": "[Gen 9 Champions] VGC 2026 Reg M-A",
  "players": [
    "PichuaVK",
    "unaicat"
  ],
  "log": "|j|\u2606PichuaVK\n|j|\u2606unaicat\n|t:|1776261994\n|gametype|doubles\n|player|p1|PichuaVK|1|1265\n|player|p2|unaicat|101|1310\n|gen|9\n|tier|[Gen 9 Champions] VGC 2026 Reg M-A\n|rated|\n|rule|Species Clause: Limit one of each Pok\u00e9mon\n|rule|Item Clause: Limit 1 of each item\n|clearpoke\n|poke|p1|Basculegion, L50, M|\n|poke|p1|Archaludon, L50, M|\n|poke|p1|Snorlax, L50, F|\n|poke|p1|Dragonite, L50, F|\n|poke|p1|Pelipper, L50, F|\n|poke|p1|Corviknight, L50, F|\n|poke|p2|Milotic, L50, M|\n|poke|p2|Sinistcha, L50|\n|poke|p2|Tyranitar, L50, F|\n|poke|p2|Corviknight, L50, M|\n|poke|p2|Incineroar, L50, F|\n|poke|p2|Garchomp, L50, M|\n|teampreview|4\n|inactive|Battle timer is ON: inactive players will automatically lose when time's up. (requested by PichuaVK)\n|\n|t:|1776262056\n|teamsize|p1|4\n|teamsize|p2|4\n|start\n|switch|p1a: Basculegion|Basculegion, L50, M|100/100\n|switch|p1b: Archaludon|Archaludon, L50, M|100/100\n|switch|p2a: Garchomp|Garchomp, L50, M|100/100\n|switch|p2b: Tyranitar|Tyranitar, L50, F|100/100\n|-weather|Sandstorm|[from] ability: Sand Stream|[of] p2b: Tyranitar\n|turn|1\n|inactive|PichuaVK has 30 seconds left.\n|inactive|unaicat has 30 seconds left.\n|\n|t:|1776262090\n|move|p2b: Tyranitar|Protect|p2b: Tyranitar\n|-singleturn|p2b: Tyranitar|Protect\n|move|p2a: Garchomp|Rock Slide|p1b: Archaludon|[spread] p1a,p1b\n|-resisted|p1b: Archaludon|1\n|-damage|p1a: Basculegion|77/100\n|-damage|p1b: Archaludon|93/100\n|-ability|p1b: Archaludon|Stamina|boost\n|-boost|p1b: Archaludon|def|1\n|cant|p1a: Basculegion|flinch\n|cant|p1b: Archaludon|flinch\n|\n|-weather|Sandstorm|[upkeep]\n|-damage|p1a: Basculegion|71/100|[from] Sandstorm\n|upkeep\n|turn|2\n|inactive|PichuaVK has 30 seconds left.\n|inactive|unaicat has 30 seconds left.\n|\n|t:|1776262119\n|switch|p2b: Milotic|Milotic, L50, M|100/100\n|move|p2a: Garchomp|Rock Slide|p1a: Basculegion|[spread] p1a,p1b\n|-resisted|p1b: Archaludon|1\n|-damage|p1a: Basculegion|47/100\n|-damage|p1b: Archaludon|89/100\n|-ability|p1b: Archaludon|Stamina|boost\n|-boost|p1b: Archaludon|def|1\n|cant|p1a: Basculegion|flinch\n|cant|p1b: Archaludon|flinch\n|\n|-weather|Sandstorm|[upkeep]\n|-damage|p1a: Basculegion|41/100|[from] Sandstorm\n|-damage|p2b: Milotic|94/100|[from] Sandstorm\n|-heal|p2b: Milotic|100/100|[from] item: Leftovers\n|upkeep\n|turn|3\n|\n|t:|1776262141\n|move|p2b: Milotic|Protect|p2b: Milotic\n|-singleturn|p2b: Milotic|Protect\n|move|p2a: Garchomp|Rock Slide|p1a: Basculegion|[spread] p1a,p1b\n|-resisted|p1b: Archaludon|1\n|-damage|p1a: Basculegion|20/100\n|-damage|p1b: Archaludon|85/100\n|-ability|p1b: Archaludon|Stamina|boost\n|-boost|p1b: Archaludon|def|1\n|move|p1a: Basculegion|Flip Turn|p2a: Garchomp\n|-damage|p2a: Garchomp|59/100\n|\n|t:|1776262153\n|switch|p1a: Corviknight|Corviknight, L50, F|100/100|[from] Flip Turn\n|move|p1b: Archaludon|Dragon Pulse|p2a: Garchomp\n|-supereffective|p2a: Garchomp|1\n|-damage|p2a: Garchomp|0 fnt\n|faint|p2a: Garchomp\n|\n|-weather|Sandstorm|[upkeep]\n|-damage|p2b: Milotic|94/100|[from] Sandstorm\n|-heal|p2b: Milotic|100/100|[from] item: Leftovers\n|upkeep\n|\n|t:|1776262161\n|switch|p2a: Tyranitar|Tyranitar, L50, F|100/100\n|turn|4\n|inactive|PichuaVK has 30 seconds left.\n|inactive|PichuaVK has 20 seconds left.\n|\n|t:|1776262196\n|switch|p1a: Pelipper|Pelipper, L50, F|100/100\n|-weather|RainDance|[from] ability: Drizzle|[of] p1a: Pelipper\n|move|p1b: Archaludon|Electro Shot||[still]\n|-prepare|p1b: Archaludon|Electro Shot\n|-boost|p1b: Archaludon|spa|1\n|-anim|p1b: Archaludon|Electro Shot|p2b: Milotic\n|-supereffective|p2b: Milotic|1\n|-damage|p2b: Milotic|1/100\n|move|p2b: Milotic|Scald|p1a: Pelipper\n|-resisted|p1a: Pelipper|1\n|-damage|p1a: Pelipper|59/100\n|move|p2a: Tyranitar|Knock Off|p1a: Pelipper\n|-damage|p1a: Pelipper|0 fnt\n|-enditem|p1a: Pelipper|Focus Sash|[from] move: Knock Off|[of] p2a: Tyranitar\n|faint|p1a: Pelipper\n|\n|-weather|RainDance|[upkeep]\n|-heal|p2b: Milotic|7/100|[from] item: Leftovers\n|upkeep\n|\n|t:|1776262219\n|switch|p1a: Basculegion|Basculegion, L50, M|20/100\n|turn|5\n|inactive|unaicat has 30 seconds left.\n|\n|t:|1776262247\n|detailschange|p2a: Tyranitar|Tyranitar-Mega, L50, F\n|-mega|p2a: Tyranitar|Tyranitar|Tyranitarite\n|-weather|Sandstorm|[from] ability: Sand Stream|[of] p2a: Tyranitar\n|move|p2b: Milotic|Protect|p2b: Milotic\n|-singleturn|p2b: Milotic|Protect\n|move|p2a: Tyranitar|Protect|p2a: Tyranitar\n|-singleturn|p2a: Tyranitar|Protect\n|move|p1a: Basculegion|Flip Turn|p2b: Milotic\n|-activate|p2b: Milotic|move: Protect\n|move|p1b: Archaludon|Flash Cannon|p2a: Tyranitar\n|-activate|p2a: Tyranitar|move: Protect\n|\n|-weather|Sandstorm|[upkeep]\n|-damage|p1a: Basculegion|14/100|[from] Sandstorm\n|-damage|p2b: Milotic|1/100|[from] Sandstorm\n|-heal|p2b: Milotic|7/100|[from] item: Leftovers\n|upkeep\n|turn|6\n|\n|t:|1776262268\n|switch|p2b: Sinistcha|Sinistcha, L50|100/100\n|move|p1a: Basculegion|Flip Turn|p2b: Sinistcha\n|-resisted|p2b: Sinistcha|1\n|-damage|p2b: Sinistcha|84/100\n|\n|t:|1776262274\n|switch|p1a: Corviknight|Corviknight, L50, F|100/100|[from] Flip Turn\n|move|p1b: Archaludon|Flash Cannon|p2a: Tyranitar\n|-supereffective|p2a: Tyranitar|1\n|-damage|p2a: Tyranitar|32/100\n|move|p2a: Tyranitar|Rock Slide|p1a: Corviknight|[spread] p1a,p1b\n|-resisted|p1b: Archaludon|1\n|-damage|p1a: Corviknight|78/100\n|-damage|p1b: Archaludon|81/100\n|-ability|p1b: Archaludon|Stamina|boost\n|-boost|p1b: Archaludon|def|1\n|\n|-weather|Sandstorm|[upkeep]\n|-damage|p2b: Sinistcha|79/100|[from] Sandstorm\n|upkeep\n|turn|7\n|inactive|PichuaVK has 30 seconds left.\n|\n|t:|1776262305\n|move|p2b: Sinistcha|Protect|p2b: Sinistcha\n|-singleturn|p2b: Sinistcha|Protect\n|move|p1b: Archaludon|Dragon Pulse|p2a: Tyranitar\n|-damage|p2a: Tyranitar|0 fnt\n|faint|p2a: Tyranitar\n|move|p1a: Corviknight|Brave Bird|p2b: Sinistcha\n|-activate|p2b: Sinistcha|move: Protect\n|\n|-weather|Sandstorm|[upkeep]\n|-damage|p2b: Sinistcha|73/100|[from] Sandstorm\n|upkeep\n|\n|t:|1776262311\n|switch|p2a: Milotic|Milotic, L50, M|7/100\n|turn|8\n|\n|t:|1776262333\n|move|p1b: Archaludon|Dragon Pulse|p2a: Milotic\n|-damage|p2a: Milotic|0 fnt\n|faint|p2a: Milotic\n|move|p1a: Corviknight|Brave Bird|p2b: Sinistcha\n|-supereffective|p2b: Sinistcha|1\n|-damage|p2b: Sinistcha|11/100\n|-enditem|p2b: Sinistcha|Sitrus Berry|[eat]\n|-heal|p2b: Sinistcha|36/100|[from] item: Sitrus Berry\n|-damage|p1a: Corviknight|62/100|[from] Recoil\n|move|p2b: Sinistcha|Life Dew|p2b: Sinistcha\n|-heal|p2b: Sinistcha|61/100\n|\n|-weather|Sandstorm|[upkeep]\n|-damage|p2b: Sinistcha|56/100|[from] Sandstorm\n|upkeep\n|turn|9\n|-message|unaicat forfeited.\n|\n|win|PichuaVK\n|raw|PichuaVK's rating: 1265 &rarr; <strong>1293</strong><br />(+28 for winning)\n|raw|unaicat's rating: 1310 &rarr; <strong>1287</strong><br />(-23 for losing)\n|l|\u2606unaicat\n|player|p2|\n|l|\u2606PichuaVK\n|player|p1|\n|j|\u2606PichuaVK\n|player|p1|PichuaVK|1|\n",
  "uploadtime": 1776262361,
  "views": 51,
  "formatid": "gen9championsvgc2026regma",
  "rating": 1287,
  "private": 0,
  "password": null
}