{
  "id": "gen9championsvgc2026regma-2585888994",
  "format": "[Gen 9 Champions] VGC 2026 Reg M-A",
  "players": [
    "gmax dracovish",
    "boysenorange"
  ],
  "log": "|j|\u2606gmax dracovish\n|j|\u2606boysenorange\n|t:|1776378694\n|gametype|doubles\n|player|p1|gmax dracovish|guitarist-gen4|1230\n|player|p2|boysenorange|turo|1285\n|gen|9\n|tier|[Gen 9 Champions] VGC 2026 Reg M-A\n|rated|\n|rule|Species Clause: Limit one of each Pok\u00e9mon\n|rule|Item Clause: Limit 1 of each item\n|clearpoke\n|poke|p1|Sneasler, L50, F|\n|poke|p1|Garchomp, L50, M|\n|poke|p1|Floette-Eternal, L50, F|\n|poke|p1|Corviknight, L50, F|\n|poke|p1|Incineroar, L50, F|\n|poke|p1|Sinistcha, L50|\n|poke|p2|Farigiraf, L50, F|\n|poke|p2|Gardevoir, L50, F|\n|poke|p2|Kangaskhan, L50, F|\n|poke|p2|Camerupt, L50, M|\n|poke|p2|Conkeldurr, L50, M|\n|poke|p2|Tinkaton, L50, F|\n|teampreview|4\ngmax dracovish has agreed to open team sheets.\n|inactive|Battle timer is ON: inactive players will automatically lose when time's up. (requested by boysenorange)\nboysenorange rejected open team sheets.\n|\n|t:|1776378749\n|teamsize|p1|4\n|teamsize|p2|4\n|start\n|switch|p1a: Incineroar|Incineroar, L50, F|100/100\n|switch|p1b: Garchomp|Garchomp, L50, M|100/100\n|switch|p2a: Tinkaton|Tinkaton, L50, F|100/100\n|switch|p2b: Farigiraf|Farigiraf, L50, F|100/100\n|-ability|p2a: Tinkaton|Mold Breaker\n|-ability|p1a: Incineroar|Intimidate|boost\n|-unboost|p2a: Tinkaton|atk|1\n|-unboost|p2b: Farigiraf|atk|1\n|turn|1\n|\n|t:|1776378761\n|move|p2a: Tinkaton|Fake Out|p1b: Garchomp\n|-damage|p1b: Garchomp|94/100\n|-damage|p2a: Tinkaton|88/100|[from] ability: Rough Skin|[of] p1b: Garchomp\n|cant|p1b: Garchomp|flinch\n|move|p1a: Incineroar|Darkest Lariat|p2b: Farigiraf\n|-supereffective|p2b: Farigiraf|1\n|-damage|p2b: Farigiraf|39/100\n|move|p2b: Farigiraf|Trick Room|p2b: Farigiraf\n|-fieldstart|move: Trick Room|[of] p2b: Farigiraf\n|\n|upkeep\n|turn|2\n|\n|t:|1776378782\n|move|p2b: Farigiraf|Hyper Voice|p1a: Incineroar|[spread] p1a,p1b\n|-damage|p1a: Incineroar|79/100\n|-damage|p1b: Garchomp|71/100\n|move|p1a: Incineroar|Parting Shot|p2a: Tinkaton\n|-unboost|p2a: Tinkaton|atk|1\n|-unboost|p2a: Tinkaton|spa|1\n|\n|t:|1776378792\n|switch|p1a: Sinistcha|Sinistcha, L50|100/100|[from] Parting Shot\n|-heal|p1b: Garchomp|95/100|[from] ability: Hospitality|[of] p1a: Sinistcha\n|move|p2a: Tinkaton|Gigaton Hammer|p1b: Garchomp\n|-damage|p1b: Garchomp|65/100\n|move|p1b: Garchomp|Stomping Tantrum|p2b: Farigiraf\n|-damage|p2b: Farigiraf|0 fnt\n|faint|p2b: Farigiraf\n|\n|upkeep\n|\n|t:|1776378804\n|switch|p2b: Camerupt|Camerupt, L50, M|100/100\n|turn|3\n|\n|t:|1776378809\n|switch|p1b: Incineroar|Incineroar, L50, F|79/100\n|-ability|p1b: Incineroar|Intimidate|boost\n|-unboost|p2a: Tinkaton|atk|1\n|-unboost|p2b: Camerupt|atk|1\n|detailschange|p2b: Camerupt|Camerupt-Mega, L50, M\n|-mega|p2b: Camerupt|Camerupt|Cameruptite\n|move|p2a: Tinkaton|Helping Hand|p2b: Camerupt\n|-singleturn|p2b: Camerupt|Helping Hand|[of] p2a: Tinkaton\n|move|p1a: Sinistcha|Protect|p1a: Sinistcha\n|-singleturn|p1a: Sinistcha|Protect\n|move|p2b: Camerupt|Eruption|p1a: Sinistcha|[spread] p1b\n|-activate|p1a: Sinistcha|move: Protect\n|-resisted|p1b: Incineroar|1\n|-damage|p1b: Incineroar|35/100\n|-enditem|p1b: Incineroar|Sitrus Berry|[eat]\n|-heal|p1b: Incineroar|60/100|[from] item: Sitrus Berry\n|\n|upkeep\n|turn|4\n|inactive|gmax dracovish has 30 seconds left.\n|inactive|boysenorange has 30 seconds left.\n|\n|t:|1776378842\n|switch|p2a: Kangaskhan|Kangaskhan, L50, F|100/100\n|move|p2b: Camerupt|Protect|p2b: Camerupt\n|-singleturn|p2b: Camerupt|Protect\n|move|p1b: Incineroar|Fake Out|p2b: Camerupt\n|-activate|p2b: Camerupt|move: Protect\n|move|p1a: Sinistcha|Trick Room|p1a: Sinistcha\n|-fieldend|move: Trick Room\n|\n|upkeep\n|turn|5\n|\n|t:|1776378862\n|move|p2a: Kangaskhan|Fake Out|p1a: Sinistcha\n|-damage|p1a: Sinistcha|85/100\n|cant|p1a: Sinistcha|flinch\n|move|p1b: Incineroar|Parting Shot|p2b: Camerupt\n|-unboost|p2b: Camerupt|atk|1\n|-unboost|p2b: Camerupt|spa|1\n|\n|t:|1776378869\n|switch|p1b: Garchomp|Garchomp, L50, M|65/100|[from] Parting Shot\n|move|p2b: Camerupt|Earth Power|p1b: Garchomp\n|-damage|p1b: Garchomp|15/100\n|\n|upkeep\n|turn|6\n|\n|t:|1776378883\n|switch|p2b: Tinkaton|Tinkaton, L50, F|88/100\n|-ability|p2b: Tinkaton|Mold Breaker\n|move|p1b: Garchomp|Earthquake|p2b: Tinkaton|[spread] p1a,p2a,p2b\n|-resisted|p1a: Sinistcha|1\n|-supereffective|p2b: Tinkaton|1\n|-damage|p1a: Sinistcha|68/100\n|-damage|p2a: Kangaskhan|63/100\n|-damage|p2b: Tinkaton|0 fnt\n|faint|p2b: Tinkaton\n|move|p2a: Kangaskhan|Last Resort|p1b: Garchomp\n|-damage|p1b: Garchomp|0 fnt\n|-damage|p2a: Kangaskhan|51/100|[from] ability: Rough Skin|[of] p1b: Garchomp\n|faint|p1b: Garchomp\n|move|p1a: Sinistcha|Matcha Gotcha|p2a: Kangaskhan\n|-damage|p2a: Kangaskhan|18/100\n|-heal|p1a: Sinistcha|88/100|[from] drain|[of] p2a: Kangaskhan\n|\n|upkeep\n|\n|t:|1776378896\n|switch|p1b: Incineroar|Incineroar, L50, F|60/100\n|switch|p2b: Camerupt|Camerupt-Mega, L50, M|100/100\n|-ability|p1b: Incineroar|Intimidate|boost\n|-fail|p2a: Kangaskhan|unboost|Attack|[from] ability: Scrappy|[of] p2a: Kangaskhan\n|-unboost|p2b: Camerupt|atk|1\n|turn|7\n|\n|t:|1776378910\n|move|p1b: Incineroar|Fake Out|p2b: Camerupt\n|-damage|p2b: Camerupt|90/100\n|move|p2a: Kangaskhan|Last Resort|p1b: Incineroar\n|-damage|p1b: Incineroar|0 fnt\n|faint|p1b: Incineroar\n|move|p1a: Sinistcha|Matcha Gotcha|p2a: Kangaskhan|[spread] p2b\n|-miss|p1a: Sinistcha|p2a: Kangaskhan\n|-damage|p2b: Camerupt|68/100\n|-heal|p1a: Sinistcha|99/100|[from] drain|[of] p2b: Camerupt\n|cant|p2b: Camerupt|flinch\n|\n|upkeep\n|\n|t:|1776378916\n|switch|p1b: Floette|Floette-Eternal, L50, F|100/100\n|turn|8\n|\n|t:|1776378930\n|move|p1b: Floette|Protect|p1b: Floette\n|-singleturn|p1b: Floette|Protect\n|move|p2a: Kangaskhan|Last Resort|p1b: Floette\n|-activate|p1b: Floette|move: Protect\n|move|p1a: Sinistcha|Matcha Gotcha|p2b: Camerupt|[spread] p2a,p2b\n|-crit|p2b: Camerupt\n|-damage|p2a: Kangaskhan|0 fnt\n|-heal|p1a: Sinistcha|100/100|[from] drain|[of] p2a: Kangaskhan\n|-damage|p2b: Camerupt|31/100\n|faint|p2a: Kangaskhan\n|move|p2b: Camerupt|Flamethrower|p1b: Floette\n|-activate|p1b: Floette|move: Protect\n|\n|upkeep\n|turn|9\n|\n|t:|1776378947\n|detailschange|p1b: Floette|Floette-Mega, L50, F\n|-mega|p1b: Floette|Floette|Floettite\n|-ability|p1b: Floette|Fairy Aura\n|move|p1b: Floette|Moonblast|p2b: Camerupt\n|-resisted|p2b: Camerupt|1\n|-damage|p2b: Camerupt|0 fnt\n|faint|p2b: Camerupt\n|\n|win|gmax dracovish\n|raw|gmax dracovish's rating: 1230 &rarr; <strong>1259</strong><br />(+29 for winning)\n|raw|boysenorange's rating: 1285 &rarr; <strong>1256</strong><br />(-29 for losing)\n",
  "uploadtime": 1776378956,
  "views": 25,
  "formatid": "gen9championsvgc2026regma",
  "rating": 1256,
  "private": 0,
  "password": null
}