{
  "id": "gen9championsvgc2026regma-2581446092",
  "format": "[Gen 9 Champions] VGC 2026 Reg M-A",
  "players": [
    "BlueNK",
    "lavosg"
  ],
  "log": "|j|\u2606BlueNK\n|j|\u203dlavosg\n|t:|1776001204\n|gametype|doubles\n|player|p1|BlueNK|169|1114\n|player|p2|lavosg|emmet|1081\n|gen|9\n|tier|[Gen 9 Champions] VGC 2026 Reg M-A\n|rated|\n|rule|Species Clause: Limit one of each Pok\u00e9mon\n|rule|Item Clause: Limit 1 of each item\n|clearpoke\n|poke|p1|Floette-Eternal, L50, F|\n|poke|p1|Charizard, L50, M|\n|poke|p1|Whimsicott, L50, F|\n|poke|p1|Maushold, L50|\n|poke|p1|Sneasler, L50, F|\n|poke|p1|Kingambit, L50, M|\n|poke|p2|Gengar, L50, F|\n|poke|p2|Incineroar, L50, F|\n|poke|p2|Basculegion, L50, M|\n|poke|p2|Sneasler, L50, F|\n|poke|p2|Aerodactyl, L50, M|\n|poke|p2|Sinistcha, L50|\n|teampreview|4\n|inactive|Battle timer is ON: inactive players will automatically lose when time's up. (requested by lavosg)\n|inactive|BlueNK has 60 seconds left.\n|\n|t:|1776001244\n|teamsize|p1|4\n|teamsize|p2|4\n|start\n|switch|p1a: Charizard|Charizard, L50, M|100/100\n|switch|p1b: Whimsicott|Whimsicott, L50, F|100/100\n|switch|p2a: Aerodactyl|Aerodactyl, L50, M|100/100\n|switch|p2b: Sneasler|Sneasler, L50, F|100/100\n|-ability|p2a: Aerodactyl|Pressure\n|turn|1\n|inactive|BlueNK has 30 seconds left.\n|inactive|lavosg has 30 seconds left.\n|inactive|BlueNK has 20 seconds left.\n|inactive|lavosg has 20 seconds left.\n|inactive|BlueNK has 15 seconds left.\n|inactive|lavosg has 15 seconds left.\n|inactive|BlueNK has 10 seconds left.\n|\n|t:|1776001290\n|switch|p1a: Kingambit|Kingambit, L50, M|100/100\n|move|p2b: Sneasler|Fake Out|p1a: Kingambit\n|-resisted|p1a: Kingambit|1\n|-damage|p1a: Kingambit|95/100\n|move|p1b: Whimsicott|Tailwind|p1b: Whimsicott\n|-sidestart|p1: BlueNK|move: Tailwind\n|move|p2a: Aerodactyl|Tailwind|p2a: Aerodactyl\n|-sidestart|p2: lavosg|move: Tailwind\n|\n|upkeep\n|turn|2\n|inactive|BlueNK has 30 seconds left.\n|l|\u203dlavosg\n|inactive|lavosg disconnected and has a minute to reconnect!\n|player|p2|\n|inactive|BlueNK has 20 seconds left.\n|inactive|BlueNK has 15 seconds left.\n|inactive|BlueNK has 10 seconds left.\n|j|\u203dlavosg\n|inactive|lavosg reconnected.\n|player|p2|lavosg|emmet|\n|\n|t:|1776001340\n|move|p1b: Whimsicott|Encore|p2b: Sneasler\n|-start|p2b: Sneasler|Encore\n|move|p2b: Sneasler|Fake Out||[still]\n|-hint|Fake Out only works on your first turn out.\n|-fail|p2b: Sneasler\n|move|p1a: Kingambit|Sucker Punch||[still]\n|-fail|p1a: Kingambit\n|move|p2a: Aerodactyl|Taunt|p1b: Whimsicott\n|-start|p1b: Whimsicott|move: Taunt\n|\n|upkeep\n|turn|3\n|inactive|BlueNK has 30 seconds left.\n|\n|t:|1776001366\n|switch|p2b: Incineroar|Incineroar, L50, F|100/100\n|-ability|p2b: Incineroar|Intimidate|boost\n|-unboost|p1a: Kingambit|atk|1\n|-ability|p1a: Kingambit|Defiant|boost\n|-boost|p1a: Kingambit|atk|2\n|-unboost|p1b: Whimsicott|atk|1\n|move|p2a: Aerodactyl|Rock Slide|p1b: Whimsicott|[spread] p1a,p1b\n|-resisted|p1a: Kingambit|1\n|-crit|p1a: Kingambit\n|-damage|p1a: Kingambit|82/100\n|-damage|p1b: Whimsicott|63/100\n|cant|p1b: Whimsicott|flinch\n|move|p1a: Kingambit|Kowtow Cleave|p2b: Incineroar\n|-resisted|p2b: Incineroar|1\n|-damage|p2b: Incineroar|61/100\n|\n|upkeep\n|turn|4\n|inactive|BlueNK has 30 seconds left.\n|inactive|lavosg has 30 seconds left.\n|inactive|BlueNK has 20 seconds left.\n|inactive|BlueNK has 15 seconds left.\n|\n|t:|1776001409\n|switch|p1b: Sneasler|Sneasler, L50, F|100/100\n|move|p1a: Kingambit|Sucker Punch|p2a: Aerodactyl\n|-enditem|p2a: Aerodactyl|Focus Sash\n|-damage|p2a: Aerodactyl|1/100\n|move|p2a: Aerodactyl|Rock Slide|p1b: Sneasler|[spread] p1a,p1b\n|-resisted|p1a: Kingambit|1\n|-resisted|p1b: Sneasler|1\n|-damage|p1a: Kingambit|72/100\n|-damage|p1b: Sneasler|79/100\n|move|p2b: Incineroar|Flare Blitz|p1b: Sneasler\n|-damage|p1b: Sneasler|2/100\n|-damage|p2b: Incineroar|42/100|[from] Recoil\n|-enditem|p2b: Incineroar|Sitrus Berry|[eat]\n|-heal|p2b: Incineroar|66/100|[from] item: Sitrus Berry\n|\n|-sideend|p1: BlueNK|move: Tailwind\n|-sideend|p2: lavosg|move: Tailwind\n|upkeep\n|turn|5\n|inactive|BlueNK has 30 seconds left.\n|inactive|lavosg has 30 seconds left.\n|inactive|BlueNK has 20 seconds left.\n|inactive|BlueNK has 15 seconds left.\n|inactive|lavosg has 20 seconds left.\n|\n|t:|1776001452\n|switch|p2a: Basculegion|Basculegion, L50, M|100/100\n|move|p1b: Sneasler|Close Combat|p2b: Incineroar\n|-supereffective|p2b: Incineroar|1\n|-damage|p2b: Incineroar|0 fnt\n|-unboost|p1b: Sneasler|def|1\n|-unboost|p1b: Sneasler|spd|1\n|faint|p2b: Incineroar\n|-enditem|p1b: Sneasler|White Herb\n|-clearnegativeboost|p1b: Sneasler|[silent]\n|move|p1a: Kingambit|Kowtow Cleave|p2a: Basculegion\n|-supereffective|p2a: Basculegion|1\n|-damage|p2a: Basculegion|0 fnt\n|faint|p2a: Basculegion\n|\n|upkeep\n|\n|t:|1776001460\n|switch|p2a: Sneasler|Sneasler, L50, F|100/100\n|switch|p2b: Aerodactyl|Aerodactyl, L50, M|1/100\n|-ability|p2b: Aerodactyl|Pressure\n|turn|6\n|inactive|BlueNK has 30 seconds left.\n|\n|t:|1776001486\n|switch|p1b: Whimsicott|Whimsicott, L50, F|63/100\n|move|p2a: Sneasler|Fake Out|p1b: Whimsicott\n|-damage|p1b: Whimsicott|41/100\n|move|p2b: Aerodactyl|Tailwind|p2b: Aerodactyl\n|-sidestart|p2: lavosg|move: Tailwind\n|move|p1a: Kingambit|Kowtow Cleave|p2a: Sneasler\n|-resisted|p2a: Sneasler|1\n|-damage|p2a: Sneasler|18/100\n|\n|upkeep\n|turn|7\n|-message|lavosg forfeited.\n|\n|win|BlueNK\n|raw|BlueNK's rating: 1114 &rarr; <strong>1137</strong><br />(+23 for winning)\n|raw|lavosg's rating: 1081 &rarr; <strong>1061</strong><br />(-20 for losing)\n|l|\u203dlavosg\n|player|p2|\n",
  "uploadtime": 1776001518,
  "views": 14,
  "formatid": "gen9championsvgc2026regma",
  "rating": 1061,
  "private": 0,
  "password": null
}