{
  "id": "gen9championsvgc2026regma-2586743926",
  "format": "[Gen 9 Champions] VGC 2026 Reg M-A",
  "players": [
    "firjiwater",
    "Henrique968"
  ],
  "log": "|j|\u2606firjiwater\n|j|\u203dHenrique968\n|t:|1776456479\n|gametype|doubles\n|player|p1|firjiwater|cheryl|1115\n|player|p2|Henrique968|nate|1035\n|gen|9\n|tier|[Gen 9 Champions] VGC 2026 Reg M-A\n|rated|\n|rule|Species Clause: Limit one of each Pok\u00e9mon\n|rule|Item Clause: Limit 1 of each item\n|clearpoke\n|poke|p1|Primarina, L50, M|\n|poke|p1|Garchomp, L50, F|\n|poke|p1|Talonflame, L50, F|\n|poke|p1|Rotom-Wash, L50|\n|poke|p1|Incineroar, L50, F|\n|poke|p1|Sinistcha, L50|\n|poke|p2|Starmie, L50|\n|poke|p2|Aggron, L50, M|\n|poke|p2|Corviknight, L50, M|\n|poke|p2|Tyranitar, L50, M|\n|poke|p2|Azumarill, L50, F|\n|poke|p2|Camerupt, L50, M|\n|teampreview|4\n|\n|t:|1776456506\n|teamsize|p1|4\n|teamsize|p2|4\n|start\n|switch|p1a: Water Nation|Primarina, L50, M|100/100\n|switch|p1b: Katara|Rotom-Wash, L50|100/100\n|switch|p2a: Aggron|Aggron, L50, M|100/100\n|switch|p2b: Corviknight|Corviknight, L50, M|100/100\n|-ability|p2b: Corviknight|Pressure\n|turn|1\n|\n|t:|1776456535\n|move|p1b: Katara|Hydro Pump|p2a: Aggron\n|-supereffective|p2a: Aggron|1\n|-ability|p2a: Aggron|Sturdy\n|-damage|p2a: Aggron|1/100\n|move|p2b: Corviknight|Tailwind|p2b: Corviknight\n|-sidestart|p2: Henrique968|move: Tailwind\n|move|p2a: Aggron|Stealth Rock|p1b: Katara\n|-sidestart|p1: firjiwater|move: Stealth Rock\n|move|p1a: Water Nation|Hyper Voice|p2b: Corviknight|[spread] p2a,p2b\n|-supereffective|p2a: Aggron|1\n|-damage|p2a: Aggron|0 fnt\n|-damage|p2b: Corviknight|66/100\n|faint|p2a: Aggron\n|\n|upkeep\n|\n|t:|1776456559\n|switch|p2a: Azumarill|Azumarill, L50, F|100/100\n|turn|2\n|\n|t:|1776456579\n|move|p2b: Corviknight|Brave Bird|p1a: Water Nation\n|-damage|p1a: Water Nation|60/100\n|-damage|p2b: Corviknight|54/100|[from] Recoil\n|move|p1b: Katara|Reflect|p1b: Katara\n|-sidestart|p1: firjiwater|Reflect\n|move|p2a: Azumarill|Play Rough|p1b: Katara\n|-crit|p1b: Katara\n|-damage|p1b: Katara|53/100\n|move|p1a: Water Nation|Calm Mind|p1a: Water Nation\n|-boost|p1a: Water Nation|spa|1\n|-boost|p1a: Water Nation|spd|1\n|\n|-heal|p1b: Katara|58/100|[from] item: Leftovers\n|upkeep\n|turn|3\n|\n|t:|1776456610\n|move|p2b: Corviknight|Protect|p2b: Corviknight\n|-singleturn|p2b: Corviknight|Protect\n|move|p1b: Katara|Volt Switch|p2a: Azumarill\n|-supereffective|p2a: Azumarill|1\n|-damage|p2a: Azumarill|52/100\n|\n|t:|1776456619\n|switch|p1b: Iroh|Sinistcha, L50|100/100|[from] Volt Switch\n|-damage|p1b: Iroh|88/100|[from] Stealth Rock\n|-heal|p1a: Water Nation|84/100|[from] ability: Hospitality|[of] p1b: Iroh\n|move|p2a: Azumarill|Alluring Voice|p1a: Water Nation\n|-damage|p1a: Water Nation|71/100\n|move|p1a: Water Nation|Hyper Voice|p2b: Corviknight|[spread] p2a\n|-activate|p2b: Corviknight|move: Protect\n|-resisted|p2a: Azumarill|1\n|-damage|p2a: Azumarill|26/100\n|\n|-heal|p2a: Azumarill|33/100|[from] item: Leftovers\n|upkeep\n|turn|4\n|\n|t:|1776456646\n|move|p1b: Iroh|Protect|p1b: Iroh\n|-singleturn|p1b: Iroh|Protect\n|move|p2b: Corviknight|Brave Bird|p1b: Iroh\n|-activate|p1b: Iroh|move: Protect\n|move|p2a: Azumarill|Play Rough|p1a: Water Nation\n|-damage|p1a: Water Nation|48/100\n|move|p1a: Water Nation|Hyper Voice|p2a: Azumarill|[spread] p2a,p2b\n|-resisted|p2a: Azumarill|1\n|-damage|p2a: Azumarill|7/100\n|-damage|p2b: Corviknight|6/100\n|\n|-heal|p2a: Azumarill|13/100|[from] item: Leftovers\n|-sideend|p2: Henrique968|move: Tailwind\n|upkeep\n|turn|5\n|\n|t:|1776456673\n|switch|p1b: Katara|Rotom-Wash, L50|58/100\n|-damage|p1b: Katara|46/100|[from] Stealth Rock\n|move|p1a: Water Nation|Protect|p1a: Water Nation\n|-singleturn|p1a: Water Nation|Protect\n|move|p2b: Corviknight|Brave Bird|p1b: Katara\n|-resisted|p1b: Katara|1\n|-damage|p1b: Katara|33/100\n|-damage|p2b: Corviknight|2/100|[from] Recoil\n|move|p2a: Azumarill|Play Rough|p1a: Water Nation\n|-activate|p1a: Water Nation|move: Protect\n|\n|-heal|p1b: Katara|39/100|[from] item: Leftovers\n|-heal|p2a: Azumarill|20/100|[from] item: Leftovers\n|upkeep\n|turn|6\n|\n|t:|1776456693\n|move|p2b: Corviknight|Protect|p2b: Corviknight\n|-singleturn|p2b: Corviknight|Protect\n|move|p1b: Katara|Volt Switch|p2a: Azumarill\n|-supereffective|p2a: Azumarill|1\n|-damage|p2a: Azumarill|0 fnt\n|faint|p2a: Azumarill\n|\n|t:|1776456699\n|switch|p1b: Iroh|Sinistcha, L50|88/100|[from] Volt Switch\n|-damage|p1b: Iroh|76/100|[from] Stealth Rock\n|-heal|p1a: Water Nation|73/100|[from] ability: Hospitality|[of] p1b: Iroh\n|move|p1a: Water Nation|Hyper Voice|p2b: Corviknight\n|-activate|p2b: Corviknight|move: Protect\n|\n|-sideend|p1: firjiwater|Reflect\n|upkeep\n|\n|t:|1776456709\n|switch|p2a: Starmie|Starmie, L50|100/100\n|turn|7\n|\n|t:|1776456737\n|detailschange|p2a: Starmie|Starmie-Mega, L50\n|-mega|p2a: Starmie|Starmie|Starminite\n|move|p1b: Iroh|Rage Powder|p1b: Iroh\n|-singleturn|p1b: Iroh|move: Rage Powder\n|move|p2a: Starmie|Dazzling Gleam|p1a: Water Nation|[spread] p1a,p1b\n|-damage|p1a: Water Nation|60/100\n|-damage|p1b: Iroh|56/100\n|move|p2b: Corviknight|Brave Bird|p1b: Iroh\n|-supereffective|p1b: Iroh|1\n|-damage|p1b: Iroh|0 fnt\n|faint|p1b: Iroh\n|-damage|p2b: Corviknight|0 fnt|[from] Recoil\n|faint|p2b: Corviknight\n|move|p1a: Water Nation|Moonblast|p2a: Starmie\n|-crit|p2a: Starmie\n|-damage|p2a: Starmie|0 fnt\n|faint|p2a: Starmie\n|\n|win|firjiwater\n|raw|firjiwater's rating: 1115 &rarr; <strong>1134</strong><br />(+19 for winning)\n|raw|Henrique968's rating: 1035 &rarr; <strong>1023</strong><br />(-12 for losing)\n",
  "uploadtime": 1776456761,
  "views": 27,
  "formatid": "gen9championsvgc2026regma",
  "rating": 1023,
  "private": 0,
  "password": null
}