{
  "id": "gen9championsvgc2026regma-2587176896",
  "format": "[Gen 9 Champions] VGC 2026 Reg M-A",
  "players": [
    "Crit Merchant",
    "TheBallistic1"
  ],
  "log": "|j|\u2606Crit Merchant\n|j|\u2606TheBallistic1\n|t:|1776504680\n|gametype|doubles\n|player|p1|Crit Merchant|169|1204\n|player|p2|TheBallistic1|colress|1167\n|gen|9\n|tier|[Gen 9 Champions] VGC 2026 Reg M-A\n|rated|\n|rule|Species Clause: Limit one of each Pok\u00e9mon\n|rule|Item Clause: Limit 1 of each item\n|clearpoke\n|poke|p1|Pelipper, L50, M|\n|poke|p1|Archaludon, L50, M|\n|poke|p1|Basculegion, L50, M|\n|poke|p1|Sneasler, L50, M|\n|poke|p1|Kingambit, L50, F|\n|poke|p1|Gardevoir, L50, F|\n|poke|p2|Floette-Eternal, L50, F|\n|poke|p2|Sneasler, L50, F|\n|poke|p2|Milotic, L50, F|\n|poke|p2|Incineroar, L50, M|\n|poke|p2|Sinistcha, L50|\n|poke|p2|Garchomp, L50, F|\n|teampreview|4\n|\n|t:|1776504704\n|teamsize|p1|4\n|teamsize|p2|4\n|start\n|switch|p1a: Pelipper|Pelipper, L50, M|100/100\n|switch|p1b: Basculegion|Basculegion, L50, M|100/100\n|switch|p2a: Garchomp|Garchomp, L50, F|100/100\n|switch|p2b: Floette|Floette-Eternal, L50, F|100/100\n|-weather|RainDance|[from] ability: Drizzle|[of] p1a: Pelipper\n|turn|1\n|\n|t:|1776504721\n|detailschange|p2b: Floette|Floette-Mega, L50, F\n|-mega|p2b: Floette|Floette|Floettite\n|-ability|p2b: Floette|Fairy Aura\n|move|p1a: Pelipper|Wide Guard|p1a: Pelipper\n|-singleturn|p1a: Pelipper|Wide Guard\n|move|p2a: Garchomp|Dragon Claw|p1b: Basculegion\n|-damage|p1b: Basculegion|38/100\n|move|p1b: Basculegion|Flip Turn|p2b: Floette\n|-damage|p2b: Floette|20/100\n|inactive|Battle timer is ON: inactive players will automatically lose when time's up. (requested by TheBallistic1)\n|\n|t:|1776504735\n|switch|p1b: Gardevoir|Gardevoir, L50, F|100/100|[from] Flip Turn\n|move|p2b: Floette|Dazzling Gleam|p1b: Gardevoir|[spread] \n|-activate|p1a: Pelipper|move: Wide Guard\n|-activate|p1b: Gardevoir|move: Wide Guard\n|\n|-weather|RainDance|[upkeep]\n|upkeep\n|turn|2\n|\n|t:|1776504749\n|switch|p2a: Sinistcha|Sinistcha, L50|100/100\n|-heal|p2b: Floette|45/100|[from] ability: Hospitality|[of] p2a: Sinistcha\n|detailschange|p1b: Gardevoir|Gardevoir-Mega, L50, F\n|-mega|p1b: Gardevoir|Gardevoir|Gardevoirite\n|move|p1a: Pelipper|Wide Guard|p1a: Pelipper\n|-singleturn|p1a: Pelipper|Wide Guard\n|move|p2b: Floette|Moonblast|p1a: Pelipper\n|-damage|p1a: Pelipper|0 fnt\n|faint|p1a: Pelipper\n|move|p1b: Gardevoir|Hyper Voice|p2b: Floette|[spread] p2a,p2b\n|-damage|p2a: Sinistcha|25/100\n|-damage|p2b: Floette|0 fnt\n|faint|p2b: Floette\n|\n|-weather|RainDance|[upkeep]\n|upkeep\n|inactive|Crit Merchant has 30 seconds left.\n|inactive|Crit Merchant has 20 seconds left.\n|\n|t:|1776504785\n|switch|p2b: Milotic|Milotic, L50, F|100/100\n|switch|p1a: Basculegion|Basculegion, L50, M|38/100\n|turn|3\n|\n|t:|1776504799\n|move|p1a: Basculegion|Last Respects|p2b: Milotic\n|-damage|p2b: Milotic|9/100\n|move|p1b: Gardevoir|Hyper Voice|p2b: Milotic|[spread] p2a,p2b\n|-crit|p2a: Sinistcha\n|-damage|p2a: Sinistcha|0 fnt\n|-damage|p2b: Milotic|0 fnt\n|faint|p2a: Sinistcha\n|faint|p2b: Milotic\n|\n|-weather|RainDance|[upkeep]\n|upkeep\n|\n|t:|1776504805\n|switch|p2b: Garchomp|Garchomp, L50, F|100/100\n|turn|4\n|\n|t:|1776504818\n|move|p1b: Gardevoir|Protect|p1b: Gardevoir\n|-singleturn|p1b: Gardevoir|Protect\n|move|p2b: Garchomp|Iron Head|p1b: Gardevoir\n|-activate|p1b: Gardevoir|move: Protect\n|move|p1a: Basculegion|Last Respects|p2b: Garchomp\n|-damage|p2b: Garchomp|29/100\n|\n|-weather|RainDance|[upkeep]\n|upkeep\n|turn|5\n|\n|t:|1776504831\n|switch|p1b: Sneasler|Sneasler, L50, M|100/100\n|move|p2b: Garchomp|Iron Head|p1b: Sneasler\n|-damage|p1b: Sneasler|50/100\n|move|p1a: Basculegion|Last Respects|p2b: Garchomp\n|-damage|p2b: Garchomp|0 fnt\n|faint|p2b: Garchomp\n|\n|win|Crit Merchant\n|raw|Crit Merchant's rating: 1204 &rarr; <strong>1226</strong><br />(+22 for winning)\n|raw|TheBallistic1's rating: 1167 &rarr; <strong>1145</strong><br />(-22 for losing)\n",
  "uploadtime": 1776504839,
  "views": 16,
  "formatid": "gen9championsvgc2026regma",
  "rating": 1145,
  "private": 0,
  "password": null
}