{
  "id": "gen9championsvgc2026regma-2589368225",
  "format": "[Gen 9 Champions] VGC 2026 Reg M-A",
  "players": [
    "ThisGonBeBig",
    "insertable194"
  ],
  "log": "|j|\u2606ThisGonBeBig\n|j|\u2606insertable194\n|t:|1776717493\n|gametype|doubles\n|player|p1|ThisGonBeBig|1|1237\n|player|p2|insertable194|yancy|1238\n|gen|9\n|tier|[Gen 9 Champions] VGC 2026 Reg M-A\n|rated|\n|rule|Species Clause: Limit one of each Pok\u00e9mon\n|rule|Item Clause: Limit 1 of each item\n|clearpoke\n|poke|p1|Gyarados, L50, M|\n|poke|p1|Talonflame, L50, F|\n|poke|p1|Kingambit, L50, F|\n|poke|p1|Dragapult, L50, M|\n|poke|p1|Sneasler, L50, M|\n|poke|p1|Rotom-Heat, L50|\n|poke|p2|Kommo-o, L50, M|\n|poke|p2|Whimsicott, L50, F|\n|poke|p2|Aerodactyl, L50, F|\n|poke|p2|Basculegion, L50, M|\n|poke|p2|Volcarona, L50, M|\n|poke|p2|Gengar, L50, F|\n|teampreview|4\n|inactive|Battle timer is ON: inactive players will automatically lose when time's up. (requested by insertable194)\n|inactive|ThisGonBeBig has 60 seconds left.\n|inactive|ThisGonBeBig has 30 seconds left.\n|\n|t:|1776717560\n|teamsize|p1|4\n|teamsize|p2|4\n|start\n|switch|p1a: Gyarados|Gyarados, L50, M|100/100\n|switch|p1b: Kingambit|Kingambit, L50, F|100/100\n|switch|p2a: Basculegion|Basculegion, L50, M|100/100\n|switch|p2b: Aerodactyl|Aerodactyl, L50, F|100/100\n|-ability|p2b: Aerodactyl|Unnerve\n|-ability|p1a: Gyarados|Intimidate|boost\n|-unboost|p2a: Basculegion|atk|1\n|-unboost|p2b: Aerodactyl|atk|1\n|turn|1\n|inactive|ThisGonBeBig has 30 seconds left.\n|inactive|ThisGonBeBig has 20 seconds left.\n|\n|t:|1776717597\n|switch|p2a: Whimsicott|Whimsicott, L50, F|100/100\n|switch|p2b: Kommo-o|Kommo-o, L50, M|100/100\n|detailschange|p1a: Gyarados|Gyarados-Mega, L50, M\n|-mega|p1a: Gyarados|Gyarados|Gyaradosite\n|-ability|p1a: Gyarados|Mold Breaker\n|move|p1a: Gyarados|Waterfall|p2b: Kommo-o\n|-resisted|p2b: Kommo-o|1\n|-damage|p2b: Kommo-o|77/100\n|move|p1b: Kingambit|Kowtow Cleave|p2a: Whimsicott\n|-resisted|p2a: Whimsicott|1\n|-damage|p2a: Whimsicott|61/100\n|\n|upkeep\n|turn|2\n|\n|t:|1776717621\n|switch|p1b: Dragapult|Dragapult, L50, M|100/100\n|move|p2a: Whimsicott|Protect|p2a: Whimsicott\n|-singleturn|p2a: Whimsicott|Protect\n|move|p2b: Kommo-o|Aura Sphere|p1b: Dragapult\n|-immune|p1b: Dragapult\n|move|p1a: Gyarados|Ice Fang|p2b: Kommo-o\n|-supereffective|p2b: Kommo-o|1\n|-damage|p2b: Kommo-o|31/100\n|\n|upkeep\n|turn|3\n|\n|t:|1776717646\n|move|p2a: Whimsicott|Tailwind|p2a: Whimsicott\n|-sidestart|p2: insertable194|move: Tailwind\n|move|p2b: Kommo-o|Clanging Scales|p1b: Dragapult|[spread] p1a,p1b\n|-supereffective|p1b: Dragapult|1\n|-damage|p1a: Gyarados|67/100\n|-enditem|p1b: Dragapult|Focus Sash\n|-damage|p1b: Dragapult|1/100\n|-unboost|p2b: Kommo-o|def|1\n|move|p1b: Dragapult|Draco Meteor|p2b: Kommo-o\n|-supereffective|p2b: Kommo-o|1\n|-damage|p2b: Kommo-o|0 fnt\n|-unboost|p1b: Dragapult|spa|2\n|faint|p2b: Kommo-o\n|move|p1a: Gyarados|Ice Fang|p2a: Whimsicott|[miss]\n|-miss|p1a: Gyarados|p2a: Whimsicott\n|\n|upkeep\n|\n|t:|1776717652\n|switch|p2b: Basculegion|Basculegion, L50, M|100/100\n|turn|4\n|\n|t:|1776717676\n|move|p1b: Dragapult|Protect|p1b: Dragapult\n|-singleturn|p1b: Dragapult|Protect\n|move|p2b: Basculegion|Flip Turn|p1b: Dragapult\n|-activate|p1b: Dragapult|move: Protect\n|move|p2a: Whimsicott|Moonblast|p1a: Gyarados\n|-supereffective|p1a: Gyarados|1\n|-damage|p1a: Gyarados|14/100\n|move|p1a: Gyarados|Crunch|p2b: Basculegion\n|-supereffective|p2b: Basculegion|1\n|-damage|p2b: Basculegion|0 fnt\n|faint|p2b: Basculegion\n|\n|upkeep\n|\n|t:|1776717679\n|switch|p2b: Aerodactyl|Aerodactyl, L50, F|100/100\n|-ability|p2b: Aerodactyl|Unnerve\n|turn|5\n|\n|t:|1776717700\n|switch|p1b: Kingambit|Kingambit, L50, F|100/100\n|detailschange|p2b: Aerodactyl|Aerodactyl-Mega, L50, F\n|-mega|p2b: Aerodactyl|Aerodactyl|Aerodactylite\n|move|p1a: Gyarados|Protect|p1a: Gyarados\n|-singleturn|p1a: Gyarados|Protect\n|move|p2b: Aerodactyl|Rock Slide|p1b: Kingambit|[spread] p1b\n|-activate|p1a: Gyarados|move: Protect\n|-resisted|p1b: Kingambit|1\n|-damage|p1b: Kingambit|90/100\n|move|p2a: Whimsicott|Moonblast|p1a: Gyarados\n|-activate|p1a: Gyarados|move: Protect\n|\n|upkeep\n|turn|6\n|inactive|ThisGonBeBig has 30 seconds left.\n|inactive|ThisGonBeBig has 20 seconds left.\n|\n|t:|1776717736\n|switch|p1a: Rotom|Rotom-Heat, L50|100/100\n|move|p2b: Aerodactyl|Rock Slide|p1b: Kingambit|[spread] p1a,p1b\n|-supereffective|p1a: Rotom|1\n|-resisted|p1b: Kingambit|1\n|-damage|p1a: Rotom|45/100\n|-damage|p1b: Kingambit|78/100\n|-enditem|p1a: Rotom|Sitrus Berry|[eat]\n|-heal|p1a: Rotom|70/100|[from] item: Sitrus Berry\n|move|p2a: Whimsicott|Moonblast|p1b: Kingambit\n|-damage|p1b: Kingambit|46/100\n|cant|p1b: Kingambit|flinch\n|\n|-sideend|p2: insertable194|move: Tailwind\n|upkeep\n|turn|7\n|\n|t:|1776717758\n|move|p1b: Kingambit|Protect|p1b: Kingambit\n|-singleturn|p1b: Kingambit|Protect\n|move|p2b: Aerodactyl|Rock Slide|p1b: Kingambit|[spread] p1a\n|-activate|p1b: Kingambit|move: Protect\n|-supereffective|p1a: Rotom|1\n|-damage|p1a: Rotom|22/100\n|move|p2a: Whimsicott|Moonblast|p1b: Kingambit\n|-activate|p1b: Kingambit|move: Protect\n|move|p1a: Rotom|Overheat|p2a: Whimsicott\n|-supereffective|p2a: Whimsicott|1\n|-damage|p2a: Whimsicott|0 fnt\n|-unboost|p1a: Rotom|spa|2\n|faint|p2a: Whimsicott\n|\n|upkeep\n|turn|8\n|\n|t:|1776717777\n|move|p1b: Kingambit|Sucker Punch|p2b: Aerodactyl\n|-damage|p2b: Aerodactyl|41/100\n|move|p2b: Aerodactyl|Rock Slide|p1b: Kingambit|[spread] p1a,p1b\n|-supereffective|p1a: Rotom|1\n|-resisted|p1b: Kingambit|1\n|-damage|p1a: Rotom|0 fnt\n|-damage|p1b: Kingambit|36/100\n|faint|p1a: Rotom\n|\n|upkeep\n|\n|t:|1776717787\n|switch|p1a: Gyarados|Gyarados-Mega, L50, M|14/100\n|-ability|p1a: Gyarados|Mold Breaker\n|turn|9\n|\n|t:|1776717796\n|move|p1b: Kingambit|Sucker Punch|p2b: Aerodactyl\n|-damage|p2b: Aerodactyl|0 fnt\n|faint|p2b: Aerodactyl\n|\n|win|ThisGonBeBig\n|raw|ThisGonBeBig's rating: 1237 &rarr; <strong>1262</strong><br />(+25 for winning)\n|raw|insertable194's rating: 1238 &rarr; <strong>1213</strong><br />(-25 for losing)\n|l|\u2606ThisGonBeBig\n|player|p1|\n",
  "uploadtime": 1776719936,
  "views": 8,
  "formatid": "gen9championsvgc2026regma",
  "rating": 1213,
  "private": 0,
  "password": null
}