{
  "id": "gen9championsvgc2026regma-2584832523",
  "format": "[Gen 9 Champions] VGC 2026 Reg M-A",
  "players": [
    "alvarriderr",
    "tmx3122"
  ],
  "log": "|j|\u2606alvarriderr\n|j|\u2606tmx3122\n|t:|1776287123\n|gametype|doubles\n|player|p1|alvarriderr|hilbert-wonderlauncher|1146\n|player|p2|tmx3122|265|1193\n|gen|9\n|tier|[Gen 9 Champions] VGC 2026 Reg M-A\n|rated|\n|rule|Species Clause: Limit one of each Pok\u00e9mon\n|rule|Item Clause: Limit 1 of each item\n|clearpoke\n|poke|p1|Hawlucha, L50, M|\n|poke|p1|Excadrill, L50, F|\n|poke|p1|Tyranitar, L50, M|\n|poke|p1|Sinistcha, L50|\n|poke|p1|Rotom-Wash, L50|\n|poke|p1|Volcarona, L50, M|\n|poke|p2|Venusaur, L50, M|\n|poke|p2|Aegislash, L50, F|\n|poke|p2|Dragonite, L50, M|\n|poke|p2|Sneasler, L50, F|\n|poke|p2|Basculegion, L50, M|\n|poke|p2|Incineroar, L50, M|\n|teampreview|4\nalvarriderr has agreed to open team sheets.\n|\n|t:|1776287166\n|teamsize|p1|4\n|teamsize|p2|4\n|start\n|switch|p1a: Tyranitar|Tyranitar, L50, M|100/100\n|switch|p1b: Excadrill|Excadrill, L50, F|100/100\n|switch|p2a: Basculegion|Basculegion, L50, M|100/100\n|switch|p2b: Incineroar|Incineroar, L50, M|100/100\n|-weather|Sandstorm|[from] ability: Sand Stream|[of] p1a: Tyranitar\n|-ability|p2b: Incineroar|Intimidate|boost\n|-unboost|p1a: Tyranitar|atk|1\n|-unboost|p1b: Excadrill|atk|1\n|-enditem|p1a: Tyranitar|White Herb\n|-clearnegativeboost|p1a: Tyranitar|[silent]\n|turn|1\n|\n|t:|1776287199\n|move|p1a: Tyranitar|Protect|p1a: Tyranitar\n|-singleturn|p1a: Tyranitar|Protect\n|move|p2b: Incineroar|Fake Out|p1b: Excadrill\n|-resisted|p1b: Excadrill|1\n|-crit|p1b: Excadrill\n|-damage|p1b: Excadrill|89/100\n|cant|p1b: Excadrill|flinch\n|move|p2a: Basculegion|Wave Crash|p1a: Tyranitar\n|-activate|p1a: Tyranitar|move: Protect\n|\n|-weather|Sandstorm|[upkeep]\n|-damage|p2a: Basculegion|94/100|[from] Sandstorm\n|-damage|p2b: Incineroar|95/100|[from] Sandstorm\n|upkeep\n|turn|2\n|\n|t:|1776287223\n|move|p1b: Excadrill|Earthquake|p2b: Incineroar|[spread] p1a,p2a,p2b\n|-supereffective|p1a: Tyranitar|1\n|-supereffective|p2b: Incineroar|1\n|-damage|p1a: Tyranitar|62/100\n|-damage|p2a: Basculegion|59/100\n|-damage|p2b: Incineroar|55/100\n|move|p2a: Basculegion|Wave Crash|p1a: Tyranitar\n|-supereffective|p1a: Tyranitar|1\n|-damage|p1a: Tyranitar|0 fnt\n|faint|p1a: Tyranitar\n|-damage|p2a: Basculegion|37/100|[from] Recoil\n|move|p2b: Incineroar|Parting Shot|p1b: Excadrill\n|-unboost|p1b: Excadrill|atk|1\n|-unboost|p1b: Excadrill|spa|1\n|\n|t:|1776287238\n|switch|p2b: Dragonite|Dragonite, L50, M|100/100|[from] Parting Shot\n|\n|-weather|Sandstorm|[upkeep]\n|-damage|p2a: Basculegion|31/100|[from] Sandstorm\n|-damage|p2b: Dragonite|94/100|[from] Sandstorm\n|upkeep\n|\n|t:|1776287252\n|switch|p1a: Hawlucha|Hawlucha, L50, M|100/100\n|turn|3\n|\n|t:|1776287272\n|detailschange|p1a: Hawlucha|Hawlucha-Mega, L50, M\n|-mega|p1a: Hawlucha|Hawlucha|Hawluchanite\n|detailschange|p2b: Dragonite|Dragonite-Mega, L50, M\n|-mega|p2b: Dragonite|Dragonite|Dragoninite\n|move|p1b: Excadrill|Fissure|p2a: Basculegion|[miss]\n|-miss|p1b: Excadrill|p2a: Basculegion\n|move|p2a: Basculegion|Wave Crash|p1b: Excadrill\n|-supereffective|p1b: Excadrill|1\n|-damage|p1b: Excadrill|0 fnt\n|faint|p1b: Excadrill\n|-damage|p2a: Basculegion|4/100|[from] Recoil\n|move|p1a: Hawlucha|Entrainment|p2a: Basculegion\n|-ability|p2a: Basculegion|No Guard|Adaptability|[from] move: Entrainment|[of] p1a: Hawlucha\n|move|p2b: Dragonite|Dragon Pulse|p1a: Hawlucha\n|-crit|p1a: Hawlucha\n|-damage|p1a: Hawlucha|25/100\n|\n|-weather|Sandstorm|[upkeep]\n|-damage|p2a: Basculegion|0 fnt|[from] Sandstorm\n|-damage|p1a: Hawlucha|19/100|[from] Sandstorm\n|-damage|p2b: Dragonite|88/100|[from] Sandstorm\n|faint|p2a: Basculegion\n|upkeep\n|\n|t:|1776287298\n|switch|p1b: Volcarona|Volcarona, L50, M|100/100\n|switch|p2a: Sneasler|Sneasler, L50, F|100/100\n|turn|4\n|\n|t:|1776287320\n|move|p1a: Hawlucha|Upper Hand|p2a: Sneasler\n|-resisted|p2a: Sneasler|1\n|-damage|p2a: Sneasler|76/100\n|cant|p2a: Sneasler|flinch\n|move|p1b: Volcarona|Heat Wave|p2b: Dragonite|[spread] p2b\n|-miss|p1b: Volcarona|p2a: Sneasler\n|-resisted|p2b: Dragonite|1\n|-damage|p2b: Dragonite|75/100\n|move|p2b: Dragonite|Icy Wind|p1a: Hawlucha|[spread] p1a,p1b\n|-supereffective|p1a: Hawlucha|1\n|-resisted|p1b: Volcarona|1\n|-damage|p1a: Hawlucha|0 fnt\n|-damage|p1b: Volcarona|92/100\n|-unboost|p1b: Volcarona|spe|1\n|faint|p1a: Hawlucha\n|\n|-weather|Sandstorm|[upkeep]\n|-damage|p2a: Sneasler|70/100|[from] Sandstorm\n|-damage|p2b: Dragonite|69/100|[from] Sandstorm\n|-damage|p1b: Volcarona|86/100|[from] Sandstorm\n|upkeep\n|turn|5\n|\n|t:|1776287338\n|move|p2a: Sneasler|Rock Tomb|p1b: Volcarona\n|-supereffective|p1b: Volcarona|2\n|-damage|p1b: Volcarona|0 fnt\n|faint|p1b: Volcarona\n|\n|win|tmx3122\n|raw|alvarriderr's rating: 1146 &rarr; <strong>1124</strong><br />(-22 for losing)\n|raw|tmx3122's rating: 1193 &rarr; <strong>1215</strong><br />(+22 for winning)\n|l|\u2606tmx3122\n|player|p2|\n|c|\u2606alvarriderr|gg\n",
  "uploadtime": 1776287346,
  "views": 29,
  "formatid": "gen9championsvgc2026regma",
  "rating": 1124,
  "private": 0,
  "password": null
}