{
  "id": "gen9championsvgc2026regma-2587840072",
  "format": "[Gen 9 Champions] VGC 2026 Reg M-A",
  "players": [
    "Rubiaa",
    "EnderHerve"
  ],
  "log": "|j|\u2606Rubiaa\n|j|\u2606EnderHerve\n|t:|1776569399\n|gametype|doubles\n|player|p1|Rubiaa|102|\n|player|p2|EnderHerve|allister|\n|gen|9\n|tier|[Gen 9 Champions] VGC 2026 Reg M-A\n|rule|Species Clause: Limit one of each Pok\u00e9mon\n|rule|Item Clause: Limit 1 of each item\n|clearpoke\n|poke|p1|Glimmora, L50, M|\n|poke|p1|Whimsicott, L50, F, shiny|\n|poke|p1|Dragapult, L50, F, shiny|\n|poke|p1|Incineroar, L50, F|\n|poke|p1|Gyarados, L50, F|\n|poke|p1|Sneasler, L50, F, shiny|\n|poke|p2|Aerodactyl, L50, F|\n|poke|p2|Farigiraf, L50, F|\n|poke|p2|Froslass, L50, F|\n|poke|p2|Rotom-Heat, L50|\n|poke|p2|Sneasler, L50, M|\n|poke|p2|Empoleon, L50, F|\n|teampreview|4\n|inactive|Battle timer is ON: inactive players will automatically lose when time's up. (requested by Rubiaa)\nEnderHerve rejected open team sheets.\n|inactive|EnderHerve has 60 seconds left.\n|\n|t:|1776569469\n|teamsize|p1|4\n|teamsize|p2|4\n|start\n|switch|p1a: Whimsicott|Whimsicott, L50, F, shiny|100/100\n|switch|p1b: Glimmora|Glimmora, L50, M|100/100\n|switch|p2a: Empoleon|Empoleon, L50, F|100/100\n|switch|p2b: Aerodactyl|Aerodactyl, L50, F|100/100\n|-ability|p2b: Aerodactyl|Unnerve\n|turn|1\n|inactive|EnderHerve has 30 seconds left.\n|inactive|EnderHerve has 20 seconds left.\n|inactive|EnderHerve has 15 seconds left.\n|inactive|EnderHerve has 10 seconds left.\n|\n|t:|1776569518\n|detailschange|p1b: Glimmora|Glimmora-Mega, L50, M\n|-mega|p1b: Glimmora|Glimmora|Glimmoranite\n|move|p1b: Glimmora|Spiky Shield|p1b: Glimmora\n|-singleturn|p1b: Glimmora|move: Protect\n|move|p1a: Whimsicott|Tailwind|p1a: Whimsicott\n|-sidestart|p1: Rubiaa|move: Tailwind\n|move|p2b: Aerodactyl|Tailwind|p2b: Aerodactyl\n|-sidestart|p2: EnderHerve|move: Tailwind\n|move|p2a: Empoleon|Flash Cannon|p1b: Glimmora\n|-activate|p1b: Glimmora|move: Protect\n|\n|upkeep\n|turn|2\n|\n|t:|1776569531\n|move|p1a: Whimsicott|Fake Tears|p2a: Empoleon\n|-unboost|p2a: Empoleon|spd|2\n|move|p2b: Aerodactyl|Dual Wingbeat|p1a: Whimsicott\n|-supereffective|p1a: Whimsicott|1\n|-damage|p1a: Whimsicott|57/100\n|-supereffective|p1a: Whimsicott|1\n|-damage|p1a: Whimsicott|9/100\n|-hitcount|p1a: Whimsicott|2\n|move|p2a: Empoleon|Flash Cannon|p1b: Glimmora\n|-supereffective|p1b: Glimmora|1\n|-damage|p1b: Glimmora|6/100\n|move|p1b: Glimmora|Earth Power|p2a: Empoleon\n|-supereffective|p2a: Empoleon|1\n|-damage|p2a: Empoleon|0 fnt\n|faint|p2a: Empoleon\n|\n|upkeep\n|\n|t:|1776569551\n|switch|p2a: Farigiraf|Farigiraf, L50, F|100/100\n|turn|3\n|\n|t:|1776569563\n|move|p1a: Whimsicott|Fake Tears||[still]\n|cant|p2a: Farigiraf|ability: Armor Tail|Fake Tears|[of] p1a: Whimsicott\n|move|p2b: Aerodactyl|Rock Slide|p1b: Glimmora|[spread] p1a,p1b\n|-damage|p1a: Whimsicott|0 fnt\n|-damage|p1b: Glimmora|0 fnt\n|faint|p1a: Whimsicott\n|faint|p1b: Glimmora\n|move|p2a: Farigiraf|Baton Pass|p2a: Farigiraf\n|\n|t:|1776569571\n|switch|p2a: Sneasler|Sneasler, L50, M|100/100|[from] Baton Pass\n|\n|upkeep\n|\n|t:|1776569574\n|switch|p1a: Dragapult|Dragapult, L50, F, shiny|100/100\n|switch|p1b: Gyarados|Gyarados, L50, F|100/100\n|-ability|p1b: Gyarados|Intimidate|boost\n|-unboost|p2a: Sneasler|atk|1\n|-unboost|p2b: Aerodactyl|atk|1\n|turn|4\n|inactive|EnderHerve has 30 seconds left.\n|\n|t:|1776569600\n|detailschange|p2b: Aerodactyl|Aerodactyl-Mega, L50, F\n|-mega|p2b: Aerodactyl|Aerodactyl|Aerodactylite\n|move|p2a: Sneasler|Fake Out|p1b: Gyarados\n|-damage|p1b: Gyarados|88/100\n|move|p2b: Aerodactyl|Rock Slide|p1b: Gyarados|[spread] \n|-miss|p2b: Aerodactyl|p1a: Dragapult\n|-miss|p2b: Aerodactyl|p1b: Gyarados\n|move|p1a: Dragapult|Shadow Ball|p2b: Aerodactyl\n|-damage|p2b: Aerodactyl|56/100\n|cant|p1b: Gyarados|flinch\n|\n|-sideend|p2: EnderHerve|move: Tailwind\n|-sideend|p1: Rubiaa|move: Tailwind\n|upkeep\n|turn|5\n|inactive|EnderHerve has 30 seconds left.\n|\n|t:|1776569630\n|switch|p2b: Farigiraf|Farigiraf, L50, F|100/100\n|move|p1b: Gyarados|Protect|p1b: Gyarados\n|-singleturn|p1b: Gyarados|Protect\n|move|p1a: Dragapult|Draco Meteor|p2b: Farigiraf\n|-damage|p2b: Farigiraf|54/100\n|-unboost|p1a: Dragapult|spa|2\n|-enditem|p1a: Dragapult|White Herb\n|-clearnegativeboost|p1a: Dragapult|[silent]\n|move|p2a: Sneasler|Dire Claw|p1b: Gyarados\n|-activate|p1b: Gyarados|move: Protect\n|\n|upkeep\n|turn|6\n|\n|t:|1776569650\n|move|p1a: Dragapult|Hydro Pump|p2b: Farigiraf\n|-damage|p2b: Farigiraf|28/100\n|-enditem|p2b: Farigiraf|Sitrus Berry|[eat]\n|-heal|p2b: Farigiraf|53/100|[from] item: Sitrus Berry\n|move|p2a: Sneasler|Dire Claw|p1b: Gyarados\n|-damage|p1b: Gyarados|52/100\n|move|p1b: Gyarados|Waterfall|p2b: Farigiraf\n|-damage|p2b: Farigiraf|11/100\n|move|p2b: Farigiraf|Psychic|p1b: Gyarados\n|-damage|p1b: Gyarados|16/100\n|\n|upkeep\n|turn|7\n|-message|Rubiaa forfeited.\n|\n|win|EnderHerve\n|l|\u2606Rubiaa\n|player|p1|\n",
  "uploadtime": 1776569665,
  "views": 8,
  "formatid": "gen9championsvgc2026regma",
  "rating": null,
  "private": 0,
  "password": null
}