{
  "id": "gen9championsvgc2026regma-2584593680",
  "format": "[Gen 9 Champions] VGC 2026 Reg M-A",
  "players": [
    "Fanoi Fannah",
    "cwill4044"
  ],
  "log": "|j|\u2606Fanoi Fannah\n|j|\u2606cwill4044\n|t:|1776270914\n|gametype|doubles\n|player|p1|Fanoi Fannah|battlegirl|1279\n|player|p2|cwill4044|ethan|1274\n|gen|9\n|tier|[Gen 9 Champions] VGC 2026 Reg M-A\n|rated|\n|rule|Species Clause: Limit one of each Pok\u00e9mon\n|rule|Item Clause: Limit 1 of each item\n|clearpoke\n|poke|p1|Farigiraf, L50, M|\n|poke|p1|Sinistcha, L50|\n|poke|p1|Incineroar, L50, M|\n|poke|p1|Torkoal, L50, F|\n|poke|p1|Golurk, L50|\n|poke|p1|Kingambit, L50, F|\n|poke|p2|Feraligatr, L50, M|\n|poke|p2|Maushold-Four, L50|\n|poke|p2|Whimsicott, L50, M|\n|poke|p2|Sneasler, L50, M|\n|poke|p2|Milotic, L50, M|\n|poke|p2|Garchomp, L50, F|\n|teampreview|4\n|\n|t:|1776270962\n|teamsize|p1|4\n|teamsize|p2|4\n|start\n|switch|p1a: Sinistcha|Sinistcha, L50|100/100\n|switch|p1b: Farigiraf|Farigiraf, L50, M|100/100\n|switch|p2a: Feraligatr|Feraligatr, L50, M|100/100\n|switch|p2b: Maushold|Maushold-Four, L50|100/100\n|turn|1\n|inactive|Battle timer is ON: inactive players will automatically lose when time's up. (requested by Fanoi Fannah)\n|\n|t:|1776271001\n|detailschange|p2a: Feraligatr|Feraligatr-Mega, L50, M\n|-mega|p2a: Feraligatr|Feraligatr|Feraligite\n|move|p1a: Sinistcha|Rage Powder|p1a: Sinistcha\n|-singleturn|p1a: Sinistcha|move: Rage Powder\n|move|p2b: Maushold|Taunt|p1a: Sinistcha\n|-start|p1a: Sinistcha|move: Taunt\n|move|p2a: Feraligatr|Dragon Dance|p2a: Feraligatr\n|-boost|p2a: Feraligatr|atk|1\n|-boost|p2a: Feraligatr|spe|1\n|move|p1b: Farigiraf|Trick Room|p1b: Farigiraf\n|-fieldstart|move: Trick Room|[of] p1b: Farigiraf\n|\n|upkeep\n|turn|2\n|inactive|Fanoi Fannah has 30 seconds left.\n|\n|t:|1776271031\n|switch|p1b: Golurk|Golurk, L50|100/100\n|move|p1a: Sinistcha|Matcha Gotcha|p2b: Maushold|[spread] p2a,p2b\n|-damage|p2a: Feraligatr|83/100\n|-damage|p2b: Maushold|69/100\n|-status|p2b: Maushold|brn\n|move|p2a: Feraligatr|Double-Edge|p1a: Sinistcha\n|-damage|p1a: Sinistcha|0 fnt\n|faint|p1a: Sinistcha\n|-damage|p2a: Feraligatr|51/100|[from] Recoil\n|move|p2b: Maushold|Thunder Wave|p1b: Golurk\n|-immune|p1b: Golurk\n|\n|-damage|p2b: Maushold|63/100 brn|[from] brn\n|upkeep\n|\n|t:|1776271044\n|switch|p1a: Kingambit|Kingambit, L50, F|100/100\n|turn|3\n|\n|t:|1776271068\n|detailschange|p1b: Golurk|Golurk-Mega, L50\n|-mega|p1b: Golurk|Golurk|Golurkite\n|move|p2a: Feraligatr|Aqua Jet|p1b: Golurk\n|-supereffective|p1b: Golurk|1\n|-damage|p1b: Golurk|32/100\n|move|p1a: Kingambit|Kowtow Cleave|p2b: Maushold\n|-damage|p2b: Maushold|0 fnt\n|faint|p2b: Maushold\n|move|p1b: Golurk|Headlong Rush|p2a: Feraligatr\n|-damage|p2a: Feraligatr|0 fnt\n|-unboost|p1b: Golurk|def|1\n|-unboost|p1b: Golurk|spd|1\n|faint|p2a: Feraligatr\n|\n|upkeep\n|\n|t:|1776271080\n|switch|p2a: Milotic|Milotic, L50, M|100/100\n|switch|p2b: Garchomp|Garchomp, L50, F|100/100\n|turn|4\n|\n|t:|1776271100\n|move|p2a: Milotic|Protect|p2a: Milotic\n|-singleturn|p2a: Milotic|Protect\n|move|p1a: Kingambit|Swords Dance|p1a: Kingambit\n|-boost|p1a: Kingambit|atk|2\n|move|p1b: Golurk|Ice Punch|p2b: Garchomp\n|-supereffective|p2b: Garchomp|2\n|-damage|p2b: Garchomp|0 fnt\n|-damage|p1b: Golurk|20/100|[from] ability: Rough Skin|[of] p2b: Garchomp\n|faint|p2b: Garchomp\n|\n|upkeep\n|turn|5\n|\n|t:|1776271117\n|move|p2a: Milotic|Protect||[still]\n|-fail|p2a: Milotic\n|move|p1a: Kingambit|Kowtow Cleave|p2a: Milotic\n|-damage|p2a: Milotic|0 fnt\n|faint|p2a: Milotic\n|\n|win|Fanoi Fannah\n|raw|Fanoi Fannah's rating: 1279 &rarr; <strong>1304</strong><br />(+25 for winning)\n|raw|cwill4044's rating: 1274 &rarr; <strong>1249</strong><br />(-25 for losing)\n|l|\u2606cwill4044\n|player|p2|\n",
  "uploadtime": 1776271146,
  "views": 39,
  "formatid": "gen9championsvgc2026regma",
  "rating": 1249,
  "private": 0,
  "password": null
}