{
  "id": "gen9championsvgc2026regma-2586986084",
  "format": "[Gen 9 Champions] VGC 2026 Reg M-A",
  "players": [
    "bing111",
    "iris_serpy"
  ],
  "log": "|j|\u2606bing111\n|j|\u2606iris_serpy\n|t:|1776478438\n|gametype|doubles\n|player|p1|bing111|2|1085\n|player|p2|iris_serpy|harlequin|1000\n|gen|9\n|tier|[Gen 9 Champions] VGC 2026 Reg M-A\n|rated|\n|rule|Species Clause: Limit one of each Pok\u00e9mon\n|rule|Item Clause: Limit 1 of each item\n|clearpoke\n|poke|p1|Tyranitar, L50, M|\n|poke|p1|Decidueye-Hisui, L50, F|\n|poke|p1|Arcanine-Hisui, L50, M|\n|poke|p1|Whimsicott, L50, F|\n|poke|p1|Hydreigon, L50, F|\n|poke|p1|Garchomp, L50, F|\n|poke|p2|Hippowdon, L50, F|\n|poke|p2|Orthworm, L50, M|\n|poke|p2|Incineroar, L50, M|\n|poke|p2|Excadrill, L50, M|\n|poke|p2|Hatterene, L50, F|\n|poke|p2|Araquanid, L50, F|\n|teampreview|4\n|\n|t:|1776478461\n|teamsize|p1|4\n|teamsize|p2|4\n|start\n|switch|p1a: earthpowerenjoyer|Hydreigon, L50, F|100/100\n|switch|p1b: Decidueye|Decidueye-Hisui, L50, F|100/100\n|switch|p2a: Hatterene|Hatterene, L50, F|100/100\n|switch|p2b: Incineroar|Incineroar, L50, M|100/100\n|-ability|p2b: Incineroar|Intimidate|boost\n|-unboost|p1a: earthpowerenjoyer|atk|1\n|-fail|p1b: Decidueye|unboost|Attack|[from] ability: Scrappy|[of] p1b: Decidueye\n|turn|1\n|\n|t:|1776478494\n|move|p1a: earthpowerenjoyer|Flash Cannon|p2a: Hatterene\n|-supereffective|p2a: Hatterene|1\n|-damage|p2a: Hatterene|57/100\n|move|p1b: Decidueye|Swords Dance|p1b: Decidueye\n|-boost|p1b: Decidueye|atk|2\n|move|p2b: Incineroar|Parting Shot|p1b: Decidueye\n|-unboost|p1b: Decidueye|atk|1\n|-unboost|p1b: Decidueye|spa|1\n|\n|t:|1776478510\n|switch|p2b: Hippowdon|Hippowdon, L50, F|100/100|[from] Parting Shot\n|-weather|Sandstorm|[from] ability: Sand Stream|[of] p2b: Hippowdon\n|move|p2a: Hatterene|Dazzling Gleam|p1b: Decidueye|[spread] p1a,p1b\n|-supereffective|p1a: earthpowerenjoyer|2\n|-supereffective|p1b: Decidueye|1\n|-damage|p1a: earthpowerenjoyer|0 fnt\n|-damage|p1b: Decidueye|45/100\n|faint|p1a: earthpowerenjoyer\n|\n|-weather|Sandstorm|[upkeep]\n|-damage|p1b: Decidueye|39/100|[from] Sandstorm\n|-damage|p2a: Hatterene|50/100|[from] Sandstorm\n|upkeep\n|\n|t:|1776478519\n|switch|p1a: Whimsicott|Whimsicott, L50, F|100/100\n|turn|2\n|\n|t:|1776478549\n|move|p1a: Whimsicott|Tailwind|p1a: Whimsicott\n|-sidestart|p1: bing111|move: Tailwind\n|move|p1b: Decidueye|Leaf Blade|p2a: Hatterene\n|-damage|p2a: Hatterene|0 fnt\n|faint|p2a: Hatterene\n|move|p2b: Hippowdon|Earthquake|p1b: Decidueye|[spread] p1a,p1b\n|-resisted|p1a: Whimsicott|1\n|-resisted|p1b: Decidueye|1\n|-damage|p1a: Whimsicott|84/100\n|-damage|p1b: Decidueye|23/100\n|\n|-weather|Sandstorm|[upkeep]\n|-damage|p1a: Whimsicott|78/100|[from] Sandstorm\n|-damage|p1b: Decidueye|16/100|[from] Sandstorm\n|upkeep\n|\n|t:|1776478560\n|switch|p2a: Orthworm|Orthworm, L50, M|100/100\n|turn|3\n|\n|t:|1776478589\n|move|p1a: Whimsicott|Moonblast|p2b: Hippowdon\n|-damage|p2b: Hippowdon|81/100\n|move|p1b: Decidueye|Triple Arrows|p2a: Orthworm\n|-supereffective|p2a: Orthworm|1\n|-damage|p2a: Orthworm|32/100\n|-unboost|p2a: Orthworm|def|1\n|cant|p2a: Orthworm|flinch\n|move|p2b: Hippowdon|Earthquake|p1b: Decidueye|[spread] p1a,p1b\n|-heal|p2a: Orthworm|56/100|[from] ability: Earth Eater|[of] p2b: Hippowdon\n|-resisted|p1a: Whimsicott|1\n|-resisted|p1b: Decidueye|1\n|-damage|p1a: Whimsicott|63/100\n|-damage|p1b: Decidueye|0 fnt\n|faint|p1b: Decidueye\n|\n|-weather|Sandstorm|[upkeep]\n|-damage|p1a: Whimsicott|57/100|[from] Sandstorm\n|-heal|p2a: Orthworm|63/100|[from] item: Leftovers\n|upkeep\n|\n|t:|1776478600\n|switch|p1b: Tyranitar|Tyranitar, L50, M|100/100\n|turn|4\n|c|\u2606iris_serpy|oof that flinch\n|\n|t:|1776478622\n|detailschange|p1b: Tyranitar|Tyranitar-Mega, L50, M\n|-mega|p1b: Tyranitar|Tyranitar|Tyranitarite\n|move|p1a: Whimsicott|Moonblast|p2b: Hippowdon\n|-damage|p2b: Hippowdon|63/100\n|move|p2a: Orthworm|Iron Defense|p2a: Orthworm\n|-boost|p2a: Orthworm|def|2\n|move|p2b: Hippowdon|Superpower|p1b: Tyranitar\n|-supereffective|p1b: Tyranitar|2\n|-damage|p1b: Tyranitar|17/100\n|-unboost|p2b: Hippowdon|atk|1\n|-unboost|p2b: Hippowdon|def|1\n|move|p1b: Tyranitar|Avalanche|p2b: Hippowdon\n|-supereffective|p2b: Hippowdon|1\n|-damage|p2b: Hippowdon|0 fnt\n|faint|p2b: Hippowdon\n|\n|-weather|Sandstorm|[upkeep]\n|-damage|p1a: Whimsicott|51/100|[from] Sandstorm\n|-heal|p2a: Orthworm|69/100|[from] item: Leftovers\n|upkeep\n|\n|t:|1776478639\n|switch|p2b: Incineroar|Incineroar, L50, M|100/100\n|-ability|p2b: Incineroar|Intimidate|boost\n|-unboost|p1a: Whimsicott|atk|1\n|-unboost|p1b: Tyranitar|atk|1\n|turn|5\n|\n|t:|1776478663\n|move|p1a: Whimsicott|Helping Hand|p1b: Tyranitar\n|-singleturn|p1b: Tyranitar|Helping Hand|[of] p1a: Whimsicott\n|move|p1b: Tyranitar|Rock Slide|p2b: Incineroar|[spread] p2a,p2b\n|-resisted|p2a: Orthworm|1\n|-crit|p2a: Orthworm\n|-supereffective|p2b: Incineroar|1\n|-damage|p2a: Orthworm|39/100\n|-damage|p2b: Incineroar|26/100\n|move|p2a: Orthworm|Heavy Slam|p1a: Whimsicott\n|-supereffective|p1a: Whimsicott|1\n|-damage|p1a: Whimsicott|0 fnt\n|faint|p1a: Whimsicott\n|move|p2b: Incineroar|Earthquake|p1b: Tyranitar|[spread] p1b\n|-heal|p2a: Orthworm|64/100|[from] ability: Earth Eater|[of] p2b: Incineroar\n|-supereffective|p1b: Tyranitar|1\n|-damage|p1b: Tyranitar|0 fnt\n|faint|p1b: Tyranitar\n|\n|win|iris_serpy\n|raw|bing111's rating: 1085 &rarr; <strong>1057</strong><br />(-28 for losing)\n|raw|iris_serpy's rating: 1000 &rarr; <strong>1050</strong><br />(+50 for winning)\n|c|\u2606bing111|gg\n|c|\u2606iris_serpy|gg\n|c|\u2606bing111|wp\n|l|\u2606bing111\n|player|p1|\n|c|\u2606iris_serpy|you to\n",
  "uploadtime": 1776478695,
  "views": 20,
  "formatid": "gen9championsvgc2026regma",
  "rating": 1050,
  "private": 0,
  "password": null
}