{
  "id": "gen9championsvgc2026regma-2586435161",
  "format": "[Gen 9 Champions] VGC 2026 Reg M-A",
  "players": [
    "ChimechoLover77",
    "blak_seraph"
  ],
  "log": "|j|\u2606ChimechoLover77\n|j|\u2606blak_seraph\n|t:|1776434492\n|gametype|doubles\n|player|p1|ChimechoLover77|miku-psychic|1101\n|player|p2|blak_seraph|2|1044\n|gen|9\n|tier|[Gen 9 Champions] VGC 2026 Reg M-A\n|rated|\n|rule|Species Clause: Limit one of each Pok\u00e9mon\n|rule|Item Clause: Limit 1 of each item\n|clearpoke\n|poke|p1|Manectric, L50, F|\n|poke|p1|Slowbro, L50, F|\n|poke|p1|Chimecho, L50, F|\n|poke|p1|Sneasler, L50, M|\n|poke|p1|Floette-Eternal, L50, F|\n|poke|p1|Raichu, L50, M|\n|poke|p2|Charizard, L50, M|\n|poke|p2|Sneasler, L50, F|\n|poke|p2|Clefable, L50, F|\n|poke|p2|Steelix, L50, F|\n|poke|p2|Sinistcha, L50|\n|poke|p2|Rotom-Wash, L50|\n|teampreview|4\n|\n|t:|1776434644\n|teamsize|p1|4\n|teamsize|p2|4\n|start\n|switch|p1a: \u26a0\ufe0fPLS NO TIMER\u26a0\ufe0f|Raichu, L50, M|100/100\n|switch|p1b: \ud83d\ude1fPLS NO FORFEIT\ud83d\ude1f|Manectric, L50, F|100/100\n|switch|p2a: Sinistcha|Sinistcha, L50|100/100\n|switch|p2b: Sneasler|Sneasler, L50, F|100/100\n|turn|1\n|\n|t:|1776434679\n|move|p2b: Sneasler|Fake Out|p1b: \ud83d\ude1fPLS NO FORFEIT\ud83d\ude1f\n|-damage|p1b: \ud83d\ude1fPLS NO FORFEIT\ud83d\ude1f|75/100\n|move|p1a: \u26a0\ufe0fPLS NO TIMER\u26a0\ufe0f|Discharge|p2a: Sinistcha|[spread] p2a,p2b\n|-ability|p1b: \ud83d\ude1fPLS NO FORFEIT\ud83d\ude1f|Lightning Rod|boost\n|-boost|p1b: \ud83d\ude1fPLS NO FORFEIT\ud83d\ude1f|spa|1\n|-resisted|p2a: Sinistcha|1\n|-damage|p2a: Sinistcha|89/100\n|-damage|p2b: Sneasler|69/100\n|cant|p1b: \ud83d\ude1fPLS NO FORFEIT\ud83d\ude1f|flinch\n|move|p2a: Sinistcha|Trick Room|p2a: Sinistcha\n|-fieldstart|move: Trick Room|[of] p2a: Sinistcha\n|\n|upkeep\n|turn|2\n|\n|t:|1776434709\n|switch|p2b: Steelix|Steelix, L50, F|100/100\n|move|p2a: Sinistcha|Matcha Gotcha|p1a: \u26a0\ufe0fPLS NO TIMER\u26a0\ufe0f|[spread] p1a,p1b\n|-damage|p1a: \u26a0\ufe0fPLS NO TIMER\u26a0\ufe0f|57/100\n|-heal|p2a: Sinistcha|100/100|[from] drain|[of] p1a: \u26a0\ufe0fPLS NO TIMER\u26a0\ufe0f\n|-damage|p1b: \ud83d\ude1fPLS NO FORFEIT\ud83d\ude1f|29/100\n|move|p1b: \ud83d\ude1fPLS NO FORFEIT\ud83d\ude1f|Discharge|p2b: Steelix|[spread] p2a\n|-ability|p1a: \u26a0\ufe0fPLS NO TIMER\u26a0\ufe0f|Lightning Rod|boost\n|-boost|p1a: \u26a0\ufe0fPLS NO TIMER\u26a0\ufe0f|spa|1\n|-immune|p2b: Steelix\n|-resisted|p2a: Sinistcha|1\n|-damage|p2a: Sinistcha|79/100\n|move|p1a: \u26a0\ufe0fPLS NO TIMER\u26a0\ufe0f|Discharge|p2a: Sinistcha|[spread] p2a\n|-ability|p1b: \ud83d\ude1fPLS NO FORFEIT\ud83d\ude1f|Lightning Rod|boost\n|-boost|p1b: \ud83d\ude1fPLS NO FORFEIT\ud83d\ude1f|spa|1\n|-immune|p2b: Steelix\n|-resisted|p2a: Sinistcha|1\n|-damage|p2a: Sinistcha|60/100\n|\n|upkeep\n|turn|3\n|\n|t:|1776434733\n|move|p2b: Steelix|Wide Guard|p2b: Steelix\n|-singleturn|p2b: Steelix|Wide Guard\n|move|p2a: Sinistcha|Matcha Gotcha|p1a: \u26a0\ufe0fPLS NO TIMER\u26a0\ufe0f|[spread] p1a\n|-miss|p2a: Sinistcha|p1b: \ud83d\ude1fPLS NO FORFEIT\ud83d\ude1f\n|-damage|p1a: \u26a0\ufe0fPLS NO TIMER\u26a0\ufe0f|15/100\n|-heal|p2a: Sinistcha|79/100|[from] drain|[of] p1a: \u26a0\ufe0fPLS NO TIMER\u26a0\ufe0f\n|move|p1b: \ud83d\ude1fPLS NO FORFEIT\ud83d\ude1f|Flamethrower|p2a: Sinistcha\n|-supereffective|p2a: Sinistcha|1\n|-crit|p2a: Sinistcha\n|-damage|p2a: Sinistcha|0 fnt\n|faint|p2a: Sinistcha\n|move|p1a: \u26a0\ufe0fPLS NO TIMER\u26a0\ufe0f|Focus Blast|p2b: Steelix|[miss]\n|-miss|p1a: \u26a0\ufe0fPLS NO TIMER\u26a0\ufe0f|p2b: Steelix\n|\n|upkeep\n|\n|t:|1776434752\n|switch|p2a: Sneasler|Sneasler, L50, F|69/100\n|turn|4\n|\n|t:|1776434769\n|switch|p2a: Rotom|Rotom-Wash, L50|100/100\n|detailschange|p2b: Steelix|Steelix-Mega, L50, F\n|-mega|p2b: Steelix|Steelix|Steelixite\n|move|p2b: Steelix|Earthquake|p1b: \ud83d\ude1fPLS NO FORFEIT\ud83d\ude1f|[spread] p1a,p1b\n|-immune|p2a: Rotom|[from] ability: Levitate\n|-supereffective|p1a: \u26a0\ufe0fPLS NO TIMER\u26a0\ufe0f|1\n|-supereffective|p1b: \ud83d\ude1fPLS NO FORFEIT\ud83d\ude1f|1\n|-enditem|p1b: \ud83d\ude1fPLS NO FORFEIT\ud83d\ude1f|Shuca Berry|[eat]\n|-enditem|p1b: \ud83d\ude1fPLS NO FORFEIT\ud83d\ude1f|Shuca Berry|[weaken]\n|-damage|p1a: \u26a0\ufe0fPLS NO TIMER\u26a0\ufe0f|0 fnt\n|-damage|p1b: \ud83d\ude1fPLS NO FORFEIT\ud83d\ude1f|0 fnt\n|faint|p1a: \u26a0\ufe0fPLS NO TIMER\u26a0\ufe0f\n|faint|p1b: \ud83d\ude1fPLS NO FORFEIT\ud83d\ude1f\n|\n|upkeep\n|\n|t:|1776434775\n|switch|p1b: (\u3065\u1d17 _\u1d17)\u3065\u26f0\ufe0fSisyphus|Chimecho, L50, F, shiny|100/100\n|switch|p1a: \ud83c\udfcb\ufe0fNO GIVE UP\ud83c\udfcb\ufe0f|Slowbro, L50, F|100/100\n|turn|5\n|\n|t:|1776434808\n|detailschange|p1a: \ud83c\udfcb\ufe0fNO GIVE UP\ud83c\udfcb\ufe0f|Slowbro-Mega, L50, F\n|-mega|p1a: \ud83c\udfcb\ufe0fNO GIVE UP\ud83c\udfcb\ufe0f|Slowbro|Slowbronite\n|move|p1a: \ud83c\udfcb\ufe0fNO GIVE UP\ud83c\udfcb\ufe0f|Skill Swap|p1b: (\u3065\u1d17 _\u1d17)\u3065\u26f0\ufe0fSisyphus\n|-activate|p1a: \ud83c\udfcb\ufe0fNO GIVE UP\ud83c\udfcb\ufe0f|Skill Swap|||[of] p1b: (\u3065\u1d17 _\u1d17)\u3065\u26f0\ufe0fSisyphus\n|move|p2b: Steelix|Earthquake|p1a: \ud83c\udfcb\ufe0fNO GIVE UP\ud83c\udfcb\ufe0f|[spread] p1b\n|-immune|p2a: Rotom|[from] ability: Levitate\n|-immune|p1a: \ud83c\udfcb\ufe0fNO GIVE UP\ud83c\udfcb\ufe0f|[from] ability: Levitate\n|-damage|p1b: (\u3065\u1d17 _\u1d17)\u3065\u26f0\ufe0fSisyphus|72/100\n|move|p1b: (\u3065\u1d17 _\u1d17)\u3065\u26f0\ufe0fSisyphus|Cosmic Power|p1b: (\u3065\u1d17 _\u1d17)\u3065\u26f0\ufe0fSisyphus\n|-boost|p1b: (\u3065\u1d17 _\u1d17)\u3065\u26f0\ufe0fSisyphus|def|1\n|-boost|p1b: (\u3065\u1d17 _\u1d17)\u3065\u26f0\ufe0fSisyphus|spd|1\n|move|p2a: Rotom|Electroweb|p1b: (\u3065\u1d17 _\u1d17)\u3065\u26f0\ufe0fSisyphus|[spread] p1a,p1b\n|-supereffective|p1a: \ud83c\udfcb\ufe0fNO GIVE UP\ud83c\udfcb\ufe0f|1\n|-damage|p1a: \ud83c\udfcb\ufe0fNO GIVE UP\ud83c\udfcb\ufe0f|71/100\n|-damage|p1b: (\u3065\u1d17 _\u1d17)\u3065\u26f0\ufe0fSisyphus|58/100\n|-unboost|p1a: \ud83c\udfcb\ufe0fNO GIVE UP\ud83c\udfcb\ufe0f|spe|1\n|-unboost|p1b: (\u3065\u1d17 _\u1d17)\u3065\u26f0\ufe0fSisyphus|spe|1\n|\n|-fieldend|move: Trick Room\n|upkeep\n|turn|6\n|\n|t:|1776434839\n|move|p2a: Rotom|Electroweb|p1a: \ud83c\udfcb\ufe0fNO GIVE UP\ud83c\udfcb\ufe0f|[spread] p1a,p1b\n|-supereffective|p1a: \ud83c\udfcb\ufe0fNO GIVE UP\ud83c\udfcb\ufe0f|1\n|-damage|p1a: \ud83c\udfcb\ufe0fNO GIVE UP\ud83c\udfcb\ufe0f|43/100\n|-damage|p1b: (\u3065\u1d17 _\u1d17)\u3065\u26f0\ufe0fSisyphus|44/100\n|-unboost|p1a: \ud83c\udfcb\ufe0fNO GIVE UP\ud83c\udfcb\ufe0f|spe|1\n|-unboost|p1b: (\u3065\u1d17 _\u1d17)\u3065\u26f0\ufe0fSisyphus|spe|1\n|move|p2b: Steelix|Earthquake|p1a: \ud83c\udfcb\ufe0fNO GIVE UP\ud83c\udfcb\ufe0f|[spread] p1b\n|-immune|p2a: Rotom|[from] ability: Levitate\n|-immune|p1a: \ud83c\udfcb\ufe0fNO GIVE UP\ud83c\udfcb\ufe0f|[from] ability: Levitate\n|-damage|p1b: (\u3065\u1d17 _\u1d17)\u3065\u26f0\ufe0fSisyphus|27/100\n|move|p1b: (\u3065\u1d17 _\u1d17)\u3065\u26f0\ufe0fSisyphus|Recover|p1b: (\u3065\u1d17 _\u1d17)\u3065\u26f0\ufe0fSisyphus\n|-heal|p1b: (\u3065\u1d17 _\u1d17)\u3065\u26f0\ufe0fSisyphus|77/100\n|move|p1a: \ud83c\udfcb\ufe0fNO GIVE UP\ud83c\udfcb\ufe0f|Muddy Water|p2a: Rotom|[spread] p2a,p2b\n|-resisted|p2a: Rotom|1\n|-supereffective|p2b: Steelix|1\n|-damage|p2a: Rotom|80/100\n|-damage|p2b: Steelix|58/100\n|-unboost|p2a: Rotom|accuracy|1\n|-unboost|p2b: Steelix|accuracy|1\n|\n|upkeep\n|turn|7\n|\n|t:|1776434865\n|switch|p2a: Sneasler|Sneasler, L50, F|69/100\n|move|p2b: Steelix|Wide Guard|p2b: Steelix\n|-singleturn|p2b: Steelix|Wide Guard\n|move|p1b: (\u3065\u1d17 _\u1d17)\u3065\u26f0\ufe0fSisyphus|Cosmic Power|p1b: (\u3065\u1d17 _\u1d17)\u3065\u26f0\ufe0fSisyphus\n|-boost|p1b: (\u3065\u1d17 _\u1d17)\u3065\u26f0\ufe0fSisyphus|def|1\n|-boost|p1b: (\u3065\u1d17 _\u1d17)\u3065\u26f0\ufe0fSisyphus|spd|1\n|move|p1a: \ud83c\udfcb\ufe0fNO GIVE UP\ud83c\udfcb\ufe0f|Slack Off|p1a: \ud83c\udfcb\ufe0fNO GIVE UP\ud83c\udfcb\ufe0f\n|-heal|p1a: \ud83c\udfcb\ufe0fNO GIVE UP\ud83c\udfcb\ufe0f|93/100\n|\n|upkeep\n|turn|8\n|\n|t:|1776434912\n|switch|p2b: Rotom|Rotom-Wash, L50|80/100\n|move|p2a: Sneasler|Dire Claw|p1a: \ud83c\udfcb\ufe0fNO GIVE UP\ud83c\udfcb\ufe0f\n|-damage|p1a: \ud83c\udfcb\ufe0fNO GIVE UP\ud83c\udfcb\ufe0f|73/100\n|move|p1b: (\u3065\u1d17 _\u1d17)\u3065\u26f0\ufe0fSisyphus|Cosmic Power|p1b: (\u3065\u1d17 _\u1d17)\u3065\u26f0\ufe0fSisyphus\n|-boost|p1b: (\u3065\u1d17 _\u1d17)\u3065\u26f0\ufe0fSisyphus|def|1\n|-boost|p1b: (\u3065\u1d17 _\u1d17)\u3065\u26f0\ufe0fSisyphus|spd|1\n|move|p1a: \ud83c\udfcb\ufe0fNO GIVE UP\ud83c\udfcb\ufe0f|Heal Pulse|p1b: (\u3065\u1d17 _\u1d17)\u3065\u26f0\ufe0fSisyphus\n|-heal|p1b: (\u3065\u1d17 _\u1d17)\u3065\u26f0\ufe0fSisyphus|100/100\n|\n|upkeep\n|turn|9\n|\n|t:|1776434934\n|move|p2b: Rotom|Volt Switch|p1a: \ud83c\udfcb\ufe0fNO GIVE UP\ud83c\udfcb\ufe0f\n|-supereffective|p1a: \ud83c\udfcb\ufe0fNO GIVE UP\ud83c\udfcb\ufe0f|1\n|-damage|p1a: \ud83c\udfcb\ufe0fNO GIVE UP\ud83c\udfcb\ufe0f|25/100\n|\n|t:|1776434938\n|switch|p2b: Steelix|Steelix-Mega, L50, F|58/100|[from] Volt Switch\n|move|p2a: Sneasler|Dire Claw|p1a: \ud83c\udfcb\ufe0fNO GIVE UP\ud83c\udfcb\ufe0f\n|-damage|p1a: \ud83c\udfcb\ufe0fNO GIVE UP\ud83c\udfcb\ufe0f|5/100\n|-status|p1a: \ud83c\udfcb\ufe0fNO GIVE UP\ud83c\udfcb\ufe0f|psn\n|move|p1b: (\u3065\u1d17 _\u1d17)\u3065\u26f0\ufe0fSisyphus|Cosmic Power|p1b: (\u3065\u1d17 _\u1d17)\u3065\u26f0\ufe0fSisyphus\n|-boost|p1b: (\u3065\u1d17 _\u1d17)\u3065\u26f0\ufe0fSisyphus|def|1\n|-boost|p1b: (\u3065\u1d17 _\u1d17)\u3065\u26f0\ufe0fSisyphus|spd|1\n|move|p1a: \ud83c\udfcb\ufe0fNO GIVE UP\ud83c\udfcb\ufe0f|Muddy Water|p2b: Steelix|[spread] p2a,p2b\n|-supereffective|p2b: Steelix|1\n|-damage|p2a: Sneasler|31/100\n|-damage|p2b: Steelix|11/100\n|\n|-damage|p1a: \ud83c\udfcb\ufe0fNO GIVE UP\ud83c\udfcb\ufe0f|0 fnt|[from] psn\n|faint|p1a: \ud83c\udfcb\ufe0fNO GIVE UP\ud83c\udfcb\ufe0f\n|upkeep\n|turn|10\n|\n|t:|1776434976\n|move|p2a: Sneasler|Low Sweep|p1b: (\u3065\u1d17 _\u1d17)\u3065\u26f0\ufe0fSisyphus\n|-resisted|p1b: (\u3065\u1d17 _\u1d17)\u3065\u26f0\ufe0fSisyphus|1\n|-damage|p1b: (\u3065\u1d17 _\u1d17)\u3065\u26f0\ufe0fSisyphus|96/100\n|-unboost|p1b: (\u3065\u1d17 _\u1d17)\u3065\u26f0\ufe0fSisyphus|spe|1\n|move|p2b: Steelix|Gyro Ball|p1b: (\u3065\u1d17 _\u1d17)\u3065\u26f0\ufe0fSisyphus\n|-damage|p1b: (\u3065\u1d17 _\u1d17)\u3065\u26f0\ufe0fSisyphus|93/100\n|move|p1b: (\u3065\u1d17 _\u1d17)\u3065\u26f0\ufe0fSisyphus|Cosmic Power|p1b: (\u3065\u1d17 _\u1d17)\u3065\u26f0\ufe0fSisyphus\n|-boost|p1b: (\u3065\u1d17 _\u1d17)\u3065\u26f0\ufe0fSisyphus|def|1\n|-boost|p1b: (\u3065\u1d17 _\u1d17)\u3065\u26f0\ufe0fSisyphus|spd|1\n|\n|upkeep\n|turn|11\n|c|\u2606ChimechoLover77|pls dont forfeit\n|\n|t:|1776435001\n|move|p2a: Sneasler|Coaching|p2b: Steelix\n|-boost|p2b: Steelix|atk|1\n|-boost|p2b: Steelix|def|1\n|move|p2b: Steelix|Curse|p2b: Steelix\n|-unboost|p2b: Steelix|spe|1\n|-boost|p2b: Steelix|atk|1\n|-boost|p2b: Steelix|def|1\n|move|p1b: (\u3065\u1d17 _\u1d17)\u3065\u26f0\ufe0fSisyphus|Cosmic Power|p1b: (\u3065\u1d17 _\u1d17)\u3065\u26f0\ufe0fSisyphus\n|-boost|p1b: (\u3065\u1d17 _\u1d17)\u3065\u26f0\ufe0fSisyphus|def|1\n|-boost|p1b: (\u3065\u1d17 _\u1d17)\u3065\u26f0\ufe0fSisyphus|spd|1\n|\n|upkeep\n|turn|12\n|\n|t:|1776435026\n|move|p2a: Sneasler|Coaching|p2b: Steelix\n|-boost|p2b: Steelix|atk|1\n|-boost|p2b: Steelix|def|1\n|move|p1b: (\u3065\u1d17 _\u1d17)\u3065\u26f0\ufe0fSisyphus|Recover|p1b: (\u3065\u1d17 _\u1d17)\u3065\u26f0\ufe0fSisyphus\n|-heal|p1b: (\u3065\u1d17 _\u1d17)\u3065\u26f0\ufe0fSisyphus|100/100\n|move|p2b: Steelix|Gyro Ball|p1b: (\u3065\u1d17 _\u1d17)\u3065\u26f0\ufe0fSisyphus\n|-damage|p1b: (\u3065\u1d17 _\u1d17)\u3065\u26f0\ufe0fSisyphus|95/100\n|\n|upkeep\n|turn|13\n|\n|t:|1776435050\n|move|p2a: Sneasler|Coaching|p2b: Steelix\n|-boost|p2b: Steelix|atk|1\n|-boost|p2b: Steelix|def|1\n|move|p1b: (\u3065\u1d17 _\u1d17)\u3065\u26f0\ufe0fSisyphus|Recover|p1b: (\u3065\u1d17 _\u1d17)\u3065\u26f0\ufe0fSisyphus\n|-heal|p1b: (\u3065\u1d17 _\u1d17)\u3065\u26f0\ufe0fSisyphus|100/100\n|move|p2b: Steelix|Curse|p2b: Steelix\n|-unboost|p2b: Steelix|spe|1\n|-boost|p2b: Steelix|atk|1\n|-boost|p2b: Steelix|def|1\n|\n|upkeep\n|turn|14\n|\n|t:|1776435062\n|move|p2a: Sneasler|Coaching|p2b: Steelix\n|-boost|p2b: Steelix|atk|1\n|-boost|p2b: Steelix|def|1\n|move|p1b: (\u3065\u1d17 _\u1d17)\u3065\u26f0\ufe0fSisyphus|Recover||[still]\n|-fail|p1b: (\u3065\u1d17 _\u1d17)\u3065\u26f0\ufe0fSisyphus|heal\n|move|p2b: Steelix|Curse|p2b: Steelix\n|-unboost|p2b: Steelix|spe|1\n|\n|upkeep\n|turn|15\n|\n|t:|1776435085\n|switch|p2a: Rotom|Rotom-Wash, L50|80/100\n|move|p1b: (\u3065\u1d17 _\u1d17)\u3065\u26f0\ufe0fSisyphus|Recover||[still]\n|-fail|p1b: (\u3065\u1d17 _\u1d17)\u3065\u26f0\ufe0fSisyphus|heal\n|move|p2b: Steelix|Earthquake|p1b: (\u3065\u1d17 _\u1d17)\u3065\u26f0\ufe0fSisyphus|[spread] p1b\n|-immune|p2a: Rotom|[from] ability: Levitate\n|-damage|p1b: (\u3065\u1d17 _\u1d17)\u3065\u26f0\ufe0fSisyphus|74/100\n|\n|upkeep\n|turn|16\n|\n|t:|1776435113\n|move|p2a: Rotom|Hydro Pump|p1b: (\u3065\u1d17 _\u1d17)\u3065\u26f0\ufe0fSisyphus\n|-damage|p1b: (\u3065\u1d17 _\u1d17)\u3065\u26f0\ufe0fSisyphus|61/100\n|move|p1b: (\u3065\u1d17 _\u1d17)\u3065\u26f0\ufe0fSisyphus|Recover|p1b: (\u3065\u1d17 _\u1d17)\u3065\u26f0\ufe0fSisyphus\n|-heal|p1b: (\u3065\u1d17 _\u1d17)\u3065\u26f0\ufe0fSisyphus|100/100\n|move|p2b: Steelix|Earthquake|p1b: (\u3065\u1d17 _\u1d17)\u3065\u26f0\ufe0fSisyphus|[spread] p1b\n|-immune|p2a: Rotom|[from] ability: Levitate\n|-damage|p1b: (\u3065\u1d17 _\u1d17)\u3065\u26f0\ufe0fSisyphus|72/100\n|\n|upkeep\n|turn|17\n|\n|t:|1776435126\n|move|p2a: Rotom|Hydro Pump|p1b: (\u3065\u1d17 _\u1d17)\u3065\u26f0\ufe0fSisyphus\n|-damage|p1b: (\u3065\u1d17 _\u1d17)\u3065\u26f0\ufe0fSisyphus|60/100\n|move|p1b: (\u3065\u1d17 _\u1d17)\u3065\u26f0\ufe0fSisyphus|Recover|p1b: (\u3065\u1d17 _\u1d17)\u3065\u26f0\ufe0fSisyphus\n|-heal|p1b: (\u3065\u1d17 _\u1d17)\u3065\u26f0\ufe0fSisyphus|100/100\n|move|p2b: Steelix|Earthquake|p1b: (\u3065\u1d17 _\u1d17)\u3065\u26f0\ufe0fSisyphus|[spread] p1b\n|-immune|p2a: Rotom|[from] ability: Levitate\n|-damage|p1b: (\u3065\u1d17 _\u1d17)\u3065\u26f0\ufe0fSisyphus|74/100\n|\n|upkeep\n|turn|18\n|\n|t:|1776435140\n|switch|p2a: Sneasler|Sneasler, L50, F|31/100\n|move|p1b: (\u3065\u1d17 _\u1d17)\u3065\u26f0\ufe0fSisyphus|Recover|p1b: (\u3065\u1d17 _\u1d17)\u3065\u26f0\ufe0fSisyphus\n|-heal|p1b: (\u3065\u1d17 _\u1d17)\u3065\u26f0\ufe0fSisyphus|100/100\n|-enditem|p1b: (\u3065\u1d17 _\u1d17)\u3065\u26f0\ufe0fSisyphus|Leppa Berry|[eat]\n|-activate|p1b: (\u3065\u1d17 _\u1d17)\u3065\u26f0\ufe0fSisyphus|item: Leppa Berry|Recover|[consumed]\n|move|p2b: Steelix|Gyro Ball|p1b: (\u3065\u1d17 _\u1d17)\u3065\u26f0\ufe0fSisyphus\n|-damage|p1b: (\u3065\u1d17 _\u1d17)\u3065\u26f0\ufe0fSisyphus|84/100\n|\n|upkeep\n|turn|19\n|\n|t:|1776435155\n|move|p2a: Sneasler|Fake Out|p1b: (\u3065\u1d17 _\u1d17)\u3065\u26f0\ufe0fSisyphus\n|-damage|p1b: (\u3065\u1d17 _\u1d17)\u3065\u26f0\ufe0fSisyphus|81/100\n|cant|p1b: (\u3065\u1d17 _\u1d17)\u3065\u26f0\ufe0fSisyphus|flinch\n|move|p2b: Steelix|Gyro Ball|p1b: (\u3065\u1d17 _\u1d17)\u3065\u26f0\ufe0fSisyphus\n|-damage|p1b: (\u3065\u1d17 _\u1d17)\u3065\u26f0\ufe0fSisyphus|64/100\n|\n|upkeep\n|turn|20\n|\n|t:|1776435168\n|move|p2a: Sneasler|Low Sweep|p1b: (\u3065\u1d17 _\u1d17)\u3065\u26f0\ufe0fSisyphus\n|-resisted|p1b: (\u3065\u1d17 _\u1d17)\u3065\u26f0\ufe0fSisyphus|1\n|-damage|p1b: (\u3065\u1d17 _\u1d17)\u3065\u26f0\ufe0fSisyphus|60/100\n|-unboost|p1b: (\u3065\u1d17 _\u1d17)\u3065\u26f0\ufe0fSisyphus|spe|1\n|move|p1b: (\u3065\u1d17 _\u1d17)\u3065\u26f0\ufe0fSisyphus|Recover|p1b: (\u3065\u1d17 _\u1d17)\u3065\u26f0\ufe0fSisyphus\n|-heal|p1b: (\u3065\u1d17 _\u1d17)\u3065\u26f0\ufe0fSisyphus|100/100\n|move|p2b: Steelix|Gyro Ball|p1b: (\u3065\u1d17 _\u1d17)\u3065\u26f0\ufe0fSisyphus\n|-damage|p1b: (\u3065\u1d17 _\u1d17)\u3065\u26f0\ufe0fSisyphus|87/100\n|\n|upkeep\n|turn|21\n|\n|t:|1776435183\n|move|p2a: Sneasler|Dire Claw|p1b: (\u3065\u1d17 _\u1d17)\u3065\u26f0\ufe0fSisyphus\n|-damage|p1b: (\u3065\u1d17 _\u1d17)\u3065\u26f0\ufe0fSisyphus|77/100\n|move|p1b: (\u3065\u1d17 _\u1d17)\u3065\u26f0\ufe0fSisyphus|Recycle|p1b: (\u3065\u1d17 _\u1d17)\u3065\u26f0\ufe0fSisyphus\n|-item|p1b: (\u3065\u1d17 _\u1d17)\u3065\u26f0\ufe0fSisyphus|Leppa Berry|[from] move: Recycle\n|move|p2b: Steelix|Gyro Ball|p1b: (\u3065\u1d17 _\u1d17)\u3065\u26f0\ufe0fSisyphus\n|-damage|p1b: (\u3065\u1d17 _\u1d17)\u3065\u26f0\ufe0fSisyphus|63/100\n|\n|upkeep\n|turn|22\n|\n|t:|1776435198\n|move|p2a: Sneasler|Dire Claw|p1b: (\u3065\u1d17 _\u1d17)\u3065\u26f0\ufe0fSisyphus\n|-damage|p1b: (\u3065\u1d17 _\u1d17)\u3065\u26f0\ufe0fSisyphus|53/100\n|-status|p1b: (\u3065\u1d17 _\u1d17)\u3065\u26f0\ufe0fSisyphus|psn\n|move|p1b: (\u3065\u1d17 _\u1d17)\u3065\u26f0\ufe0fSisyphus|Recover|p1b: (\u3065\u1d17 _\u1d17)\u3065\u26f0\ufe0fSisyphus\n|-heal|p1b: (\u3065\u1d17 _\u1d17)\u3065\u26f0\ufe0fSisyphus|100/100 psn\n|move|p2b: Steelix|Gyro Ball|p1b: (\u3065\u1d17 _\u1d17)\u3065\u26f0\ufe0fSisyphus\n|-damage|p1b: (\u3065\u1d17 _\u1d17)\u3065\u26f0\ufe0fSisyphus|87/100 psn\n|\n|-damage|p1b: (\u3065\u1d17 _\u1d17)\u3065\u26f0\ufe0fSisyphus|75/100 psn|[from] psn\n|upkeep\n|turn|23\n|\n|t:|1776435217\n|move|p2a: Sneasler|Dire Claw|p1b: (\u3065\u1d17 _\u1d17)\u3065\u26f0\ufe0fSisyphus\n|-damage|p1b: (\u3065\u1d17 _\u1d17)\u3065\u26f0\ufe0fSisyphus|64/100 psn\n|move|p1b: (\u3065\u1d17 _\u1d17)\u3065\u26f0\ufe0fSisyphus|Recover|p1b: (\u3065\u1d17 _\u1d17)\u3065\u26f0\ufe0fSisyphus\n|-heal|p1b: (\u3065\u1d17 _\u1d17)\u3065\u26f0\ufe0fSisyphus|100/100 psn\n|move|p2b: Steelix|Gyro Ball|p1b: (\u3065\u1d17 _\u1d17)\u3065\u26f0\ufe0fSisyphus\n|-damage|p1b: (\u3065\u1d17 _\u1d17)\u3065\u26f0\ufe0fSisyphus|86/100 psn\n|\n|-damage|p1b: (\u3065\u1d17 _\u1d17)\u3065\u26f0\ufe0fSisyphus|74/100 psn|[from] psn\n|upkeep\n|turn|24\n|\n|t:|1776435245\n|switch|p2a: Rotom|Rotom-Wash, L50|80/100\n|move|p1b: (\u3065\u1d17 _\u1d17)\u3065\u26f0\ufe0fSisyphus|Recover|p1b: (\u3065\u1d17 _\u1d17)\u3065\u26f0\ufe0fSisyphus\n|-heal|p1b: (\u3065\u1d17 _\u1d17)\u3065\u26f0\ufe0fSisyphus|100/100 psn\n|move|p2b: Steelix|Earthquake|p1b: (\u3065\u1d17 _\u1d17)\u3065\u26f0\ufe0fSisyphus|[spread] p1b\n|-immune|p2a: Rotom|[from] ability: Levitate\n|-damage|p1b: (\u3065\u1d17 _\u1d17)\u3065\u26f0\ufe0fSisyphus|71/100 psn\n|\n|-damage|p1b: (\u3065\u1d17 _\u1d17)\u3065\u26f0\ufe0fSisyphus|59/100 psn|[from] psn\n|upkeep\n|turn|25\n|\n|t:|1776435273\n|move|p2a: Rotom|Hydro Pump|p1b: (\u3065\u1d17 _\u1d17)\u3065\u26f0\ufe0fSisyphus\n|-damage|p1b: (\u3065\u1d17 _\u1d17)\u3065\u26f0\ufe0fSisyphus|47/100 psn\n|move|p1b: (\u3065\u1d17 _\u1d17)\u3065\u26f0\ufe0fSisyphus|Recover|p1b: (\u3065\u1d17 _\u1d17)\u3065\u26f0\ufe0fSisyphus\n|-heal|p1b: (\u3065\u1d17 _\u1d17)\u3065\u26f0\ufe0fSisyphus|97/100 psn\n|move|p2b: Steelix|Earthquake|p1b: (\u3065\u1d17 _\u1d17)\u3065\u26f0\ufe0fSisyphus|[spread] p1b\n|-immune|p2a: Rotom|[from] ability: Levitate\n|-damage|p1b: (\u3065\u1d17 _\u1d17)\u3065\u26f0\ufe0fSisyphus|68/100 psn\n|\n|-damage|p1b: (\u3065\u1d17 _\u1d17)\u3065\u26f0\ufe0fSisyphus|56/100 psn|[from] psn\n|upkeep\n|turn|26\n|\n|t:|1776435288\n|move|p2a: Rotom|Hydro Pump|p1b: (\u3065\u1d17 _\u1d17)\u3065\u26f0\ufe0fSisyphus\n|-damage|p1b: (\u3065\u1d17 _\u1d17)\u3065\u26f0\ufe0fSisyphus|43/100 psn\n|move|p1b: (\u3065\u1d17 _\u1d17)\u3065\u26f0\ufe0fSisyphus|Recover|p1b: (\u3065\u1d17 _\u1d17)\u3065\u26f0\ufe0fSisyphus\n|-heal|p1b: (\u3065\u1d17 _\u1d17)\u3065\u26f0\ufe0fSisyphus|93/100 psn\n|move|p2b: Steelix|Earthquake|p1b: (\u3065\u1d17 _\u1d17)\u3065\u26f0\ufe0fSisyphus|[spread] p1b\n|-immune|p2a: Rotom|[from] ability: Levitate\n|-damage|p1b: (\u3065\u1d17 _\u1d17)\u3065\u26f0\ufe0fSisyphus|68/100 psn\n|\n|-damage|p1b: (\u3065\u1d17 _\u1d17)\u3065\u26f0\ufe0fSisyphus|55/100 psn|[from] psn\n|upkeep\n|turn|27\n|\n|t:|1776435307\n|switch|p2b: Sneasler|Sneasler, L50, F|31/100\n|move|p2a: Rotom|Hydro Pump|p1b: (\u3065\u1d17 _\u1d17)\u3065\u26f0\ufe0fSisyphus\n|-damage|p1b: (\u3065\u1d17 _\u1d17)\u3065\u26f0\ufe0fSisyphus|43/100 psn\n|move|p1b: (\u3065\u1d17 _\u1d17)\u3065\u26f0\ufe0fSisyphus|Recover|p1b: (\u3065\u1d17 _\u1d17)\u3065\u26f0\ufe0fSisyphus\n|-heal|p1b: (\u3065\u1d17 _\u1d17)\u3065\u26f0\ufe0fSisyphus|93/100 psn\n|\n|-damage|p1b: (\u3065\u1d17 _\u1d17)\u3065\u26f0\ufe0fSisyphus|81/100 psn|[from] psn\n|upkeep\n|turn|28\n|\n|t:|1776435320\n|move|p2b: Sneasler|Fake Out|p1b: (\u3065\u1d17 _\u1d17)\u3065\u26f0\ufe0fSisyphus\n|-damage|p1b: (\u3065\u1d17 _\u1d17)\u3065\u26f0\ufe0fSisyphus|77/100 psn\n|move|p2a: Rotom|Hydro Pump|p1b: (\u3065\u1d17 _\u1d17)\u3065\u26f0\ufe0fSisyphus\n|-damage|p1b: (\u3065\u1d17 _\u1d17)\u3065\u26f0\ufe0fSisyphus|63/100 psn\n|cant|p1b: (\u3065\u1d17 _\u1d17)\u3065\u26f0\ufe0fSisyphus|flinch\n|\n|-damage|p1b: (\u3065\u1d17 _\u1d17)\u3065\u26f0\ufe0fSisyphus|50/100 psn|[from] psn\n|upkeep\n|turn|29\n|\n|t:|1776435335\n|move|p2a: Rotom|Hydro Pump|p1b: (\u3065\u1d17 _\u1d17)\u3065\u26f0\ufe0fSisyphus\n|-damage|p1b: (\u3065\u1d17 _\u1d17)\u3065\u26f0\ufe0fSisyphus|38/100 psn\n|move|p2b: Sneasler|Low Sweep|p1b: (\u3065\u1d17 _\u1d17)\u3065\u26f0\ufe0fSisyphus\n|-resisted|p1b: (\u3065\u1d17 _\u1d17)\u3065\u26f0\ufe0fSisyphus|1\n|-damage|p1b: (\u3065\u1d17 _\u1d17)\u3065\u26f0\ufe0fSisyphus|35/100 psn\n|-unboost|p1b: (\u3065\u1d17 _\u1d17)\u3065\u26f0\ufe0fSisyphus|spe|1\n|move|p1b: (\u3065\u1d17 _\u1d17)\u3065\u26f0\ufe0fSisyphus|Recover|p1b: (\u3065\u1d17 _\u1d17)\u3065\u26f0\ufe0fSisyphus\n|-heal|p1b: (\u3065\u1d17 _\u1d17)\u3065\u26f0\ufe0fSisyphus|85/100 psn\n|-enditem|p1b: (\u3065\u1d17 _\u1d17)\u3065\u26f0\ufe0fSisyphus|Leppa Berry|[eat]\n|-activate|p1b: (\u3065\u1d17 _\u1d17)\u3065\u26f0\ufe0fSisyphus|item: Leppa Berry|Recover|[consumed]\n|\n|-damage|p1b: (\u3065\u1d17 _\u1d17)\u3065\u26f0\ufe0fSisyphus|73/100 psn|[from] psn\n|upkeep\n|turn|30\n|\n|t:|1776435354\n|move|p2a: Rotom|Hydro Pump|p1b: (\u3065\u1d17 _\u1d17)\u3065\u26f0\ufe0fSisyphus\n|-damage|p1b: (\u3065\u1d17 _\u1d17)\u3065\u26f0\ufe0fSisyphus|61/100 psn\n|move|p2b: Sneasler|Low Sweep|p1b: (\u3065\u1d17 _\u1d17)\u3065\u26f0\ufe0fSisyphus\n|-resisted|p1b: (\u3065\u1d17 _\u1d17)\u3065\u26f0\ufe0fSisyphus|1\n|-damage|p1b: (\u3065\u1d17 _\u1d17)\u3065\u26f0\ufe0fSisyphus|58/100 psn\n|-unboost|p1b: (\u3065\u1d17 _\u1d17)\u3065\u26f0\ufe0fSisyphus|spe|1\n|move|p1b: (\u3065\u1d17 _\u1d17)\u3065\u26f0\ufe0fSisyphus|Recycle|p1b: (\u3065\u1d17 _\u1d17)\u3065\u26f0\ufe0fSisyphus\n|-item|p1b: (\u3065\u1d17 _\u1d17)\u3065\u26f0\ufe0fSisyphus|Leppa Berry|[from] move: Recycle\n|\n|-damage|p1b: (\u3065\u1d17 _\u1d17)\u3065\u26f0\ufe0fSisyphus|46/100 psn|[from] psn\n|upkeep\n|turn|31\n|\n|t:|1776435374\n|switch|p2a: Steelix|Steelix-Mega, L50, F|11/100\n|move|p2b: Sneasler|Coaching|p2a: Steelix\n|-boost|p2a: Steelix|atk|1\n|-boost|p2a: Steelix|def|1\n|move|p1b: (\u3065\u1d17 _\u1d17)\u3065\u26f0\ufe0fSisyphus|Recover|p1b: (\u3065\u1d17 _\u1d17)\u3065\u26f0\ufe0fSisyphus\n|-heal|p1b: (\u3065\u1d17 _\u1d17)\u3065\u26f0\ufe0fSisyphus|96/100 psn\n|\n|-damage|p1b: (\u3065\u1d17 _\u1d17)\u3065\u26f0\ufe0fSisyphus|83/100 psn|[from] psn\n|upkeep\n|turn|32\n|\n|t:|1776435390\n|move|p2b: Sneasler|Coaching|p2a: Steelix\n|-boost|p2a: Steelix|atk|1\n|-boost|p2a: Steelix|def|1\n|move|p2a: Steelix|Curse|p2a: Steelix\n|-unboost|p2a: Steelix|spe|1\n|-boost|p2a: Steelix|atk|1\n|-boost|p2a: Steelix|def|1\n|move|p1b: (\u3065\u1d17 _\u1d17)\u3065\u26f0\ufe0fSisyphus|Recover|p1b: (\u3065\u1d17 _\u1d17)\u3065\u26f0\ufe0fSisyphus\n|-heal|p1b: (\u3065\u1d17 _\u1d17)\u3065\u26f0\ufe0fSisyphus|100/100 psn\n|\n|-damage|p1b: (\u3065\u1d17 _\u1d17)\u3065\u26f0\ufe0fSisyphus|88/100 psn|[from] psn\n|upkeep\n|turn|33\n|\n|t:|1776435409\n|move|p2b: Sneasler|Coaching|p2a: Steelix\n|-boost|p2a: Steelix|atk|1\n|-boost|p2a: Steelix|def|1\n|move|p2a: Steelix|Curse|p2a: Steelix\n|-unboost|p2a: Steelix|spe|1\n|-boost|p2a: Steelix|atk|1\n|-boost|p2a: Steelix|def|1\n|move|p1b: (\u3065\u1d17 _\u1d17)\u3065\u26f0\ufe0fSisyphus|Recover|p1b: (\u3065\u1d17 _\u1d17)\u3065\u26f0\ufe0fSisyphus\n|-heal|p1b: (\u3065\u1d17 _\u1d17)\u3065\u26f0\ufe0fSisyphus|100/100 psn\n|\n|-damage|p1b: (\u3065\u1d17 _\u1d17)\u3065\u26f0\ufe0fSisyphus|88/100 psn|[from] psn\n|upkeep\n|turn|34\n|\n|t:|1776435425\n|move|p2b: Sneasler|Coaching|p2a: Steelix\n|-boost|p2a: Steelix|atk|1\n|-boost|p2a: Steelix|def|1\n|move|p2a: Steelix|Curse|p2a: Steelix\n|-unboost|p2a: Steelix|spe|1\n|move|p1b: (\u3065\u1d17 _\u1d17)\u3065\u26f0\ufe0fSisyphus|Recover|p1b: (\u3065\u1d17 _\u1d17)\u3065\u26f0\ufe0fSisyphus\n|-heal|p1b: (\u3065\u1d17 _\u1d17)\u3065\u26f0\ufe0fSisyphus|100/100 psn\n|\n|-damage|p1b: (\u3065\u1d17 _\u1d17)\u3065\u26f0\ufe0fSisyphus|88/100 psn|[from] psn\n|upkeep\n|turn|35\n|\n|t:|1776435468\n|move|p2b: Sneasler|Dire Claw|p1b: (\u3065\u1d17 _\u1d17)\u3065\u26f0\ufe0fSisyphus\n|-damage|p1b: (\u3065\u1d17 _\u1d17)\u3065\u26f0\ufe0fSisyphus|80/100 psn\n|move|p1b: (\u3065\u1d17 _\u1d17)\u3065\u26f0\ufe0fSisyphus|Recover|p1b: (\u3065\u1d17 _\u1d17)\u3065\u26f0\ufe0fSisyphus\n|-heal|p1b: (\u3065\u1d17 _\u1d17)\u3065\u26f0\ufe0fSisyphus|100/100 psn\n|move|p2a: Steelix|Curse|p2a: Steelix\n|-unboost|p2a: Steelix|spe|1\n|\n|-damage|p1b: (\u3065\u1d17 _\u1d17)\u3065\u26f0\ufe0fSisyphus|88/100 psn|[from] psn\n|upkeep\n|turn|36\n|\n|t:|1776435482\n|move|p2b: Sneasler|Dire Claw|p1b: (\u3065\u1d17 _\u1d17)\u3065\u26f0\ufe0fSisyphus\n|-damage|p1b: (\u3065\u1d17 _\u1d17)\u3065\u26f0\ufe0fSisyphus|80/100 psn\n|move|p1b: (\u3065\u1d17 _\u1d17)\u3065\u26f0\ufe0fSisyphus|Recover|p1b: (\u3065\u1d17 _\u1d17)\u3065\u26f0\ufe0fSisyphus\n|-heal|p1b: (\u3065\u1d17 _\u1d17)\u3065\u26f0\ufe0fSisyphus|100/100 psn\n|move|p2a: Steelix|Curse|p2a: Steelix\n|-unboost|p2a: Steelix|spe|1\n|\n|-damage|p1b: (\u3065\u1d17 _\u1d17)\u3065\u26f0\ufe0fSisyphus|88/100 psn|[from] psn\n|upkeep\n|turn|37\n|\n|t:|1776435495\n|move|p2b: Sneasler|Dire Claw|p1b: (\u3065\u1d17 _\u1d17)\u3065\u26f0\ufe0fSisyphus\n|-damage|p1b: (\u3065\u1d17 _\u1d17)\u3065\u26f0\ufe0fSisyphus|79/100 psn\n|move|p1b: (\u3065\u1d17 _\u1d17)\u3065\u26f0\ufe0fSisyphus|Recover|p1b: (\u3065\u1d17 _\u1d17)\u3065\u26f0\ufe0fSisyphus\n|-heal|p1b: (\u3065\u1d17 _\u1d17)\u3065\u26f0\ufe0fSisyphus|100/100 psn\n|move|p2a: Steelix|Curse|p2a: Steelix\n|-unboost|p2a: Steelix|spe|1\n|\n|-damage|p1b: (\u3065\u1d17 _\u1d17)\u3065\u26f0\ufe0fSisyphus|88/100 psn|[from] psn\n|upkeep\n|turn|38\n|\n|t:|1776435509\n|move|p2b: Sneasler|Dire Claw|p1b: (\u3065\u1d17 _\u1d17)\u3065\u26f0\ufe0fSisyphus\n|-damage|p1b: (\u3065\u1d17 _\u1d17)\u3065\u26f0\ufe0fSisyphus|80/100 psn\n|move|p1b: (\u3065\u1d17 _\u1d17)\u3065\u26f0\ufe0fSisyphus|Recover|p1b: (\u3065\u1d17 _\u1d17)\u3065\u26f0\ufe0fSisyphus\n|-heal|p1b: (\u3065\u1d17 _\u1d17)\u3065\u26f0\ufe0fSisyphus|100/100 psn\n|-enditem|p1b: (\u3065\u1d17 _\u1d17)\u3065\u26f0\ufe0fSisyphus|Leppa Berry|[eat]\n|-activate|p1b: (\u3065\u1d17 _\u1d17)\u3065\u26f0\ufe0fSisyphus|item: Leppa Berry|Recover|[consumed]\n|move|p2a: Steelix|Curse|p2a: Steelix\n|\n|-damage|p1b: (\u3065\u1d17 _\u1d17)\u3065\u26f0\ufe0fSisyphus|88/100 psn|[from] psn\n|upkeep\n|turn|39\n|\n|t:|1776435528\n|move|p2b: Sneasler|Dire Claw|p1b: (\u3065\u1d17 _\u1d17)\u3065\u26f0\ufe0fSisyphus\n|-damage|p1b: (\u3065\u1d17 _\u1d17)\u3065\u26f0\ufe0fSisyphus|80/100 psn\n|move|p1b: (\u3065\u1d17 _\u1d17)\u3065\u26f0\ufe0fSisyphus|Recycle|p1b: (\u3065\u1d17 _\u1d17)\u3065\u26f0\ufe0fSisyphus\n|-item|p1b: (\u3065\u1d17 _\u1d17)\u3065\u26f0\ufe0fSisyphus|Leppa Berry|[from] move: Recycle\n|move|p2a: Steelix|Curse|p2a: Steelix\n|\n|-damage|p1b: (\u3065\u1d17 _\u1d17)\u3065\u26f0\ufe0fSisyphus|68/100 psn|[from] psn\n|upkeep\n|turn|40\n|\n|t:|1776435542\n|move|p2b: Sneasler|Dire Claw|p1b: (\u3065\u1d17 _\u1d17)\u3065\u26f0\ufe0fSisyphus\n|-damage|p1b: (\u3065\u1d17 _\u1d17)\u3065\u26f0\ufe0fSisyphus|59/100 psn\n|move|p1b: (\u3065\u1d17 _\u1d17)\u3065\u26f0\ufe0fSisyphus|Recover|p1b: (\u3065\u1d17 _\u1d17)\u3065\u26f0\ufe0fSisyphus\n|-heal|p1b: (\u3065\u1d17 _\u1d17)\u3065\u26f0\ufe0fSisyphus|100/100 psn\n|move|p2a: Steelix|Curse|p2a: Steelix\n|\n|-damage|p1b: (\u3065\u1d17 _\u1d17)\u3065\u26f0\ufe0fSisyphus|88/100 psn|[from] psn\n|upkeep\n|turn|41\n|\n|t:|1776435555\n|move|p2a: Steelix|Wide Guard|p2a: Steelix\n|-singleturn|p2a: Steelix|Wide Guard\n|move|p2b: Sneasler|Dire Claw|p1b: (\u3065\u1d17 _\u1d17)\u3065\u26f0\ufe0fSisyphus\n|-damage|p1b: (\u3065\u1d17 _\u1d17)\u3065\u26f0\ufe0fSisyphus|79/100 psn\n|move|p1b: (\u3065\u1d17 _\u1d17)\u3065\u26f0\ufe0fSisyphus|Recover|p1b: (\u3065\u1d17 _\u1d17)\u3065\u26f0\ufe0fSisyphus\n|-heal|p1b: (\u3065\u1d17 _\u1d17)\u3065\u26f0\ufe0fSisyphus|100/100 psn\n|\n|-damage|p1b: (\u3065\u1d17 _\u1d17)\u3065\u26f0\ufe0fSisyphus|88/100 psn|[from] psn\n|upkeep\n|turn|42\n|\n|t:|1776435580\n|move|p2a: Steelix|Wide Guard|p2a: Steelix\n|-singleturn|p2a: Steelix|Wide Guard\n|move|p2b: Sneasler|Dire Claw|p1b: (\u3065\u1d17 _\u1d17)\u3065\u26f0\ufe0fSisyphus\n|-damage|p1b: (\u3065\u1d17 _\u1d17)\u3065\u26f0\ufe0fSisyphus|80/100 psn\n|move|p1b: (\u3065\u1d17 _\u1d17)\u3065\u26f0\ufe0fSisyphus|Recover|p1b: (\u3065\u1d17 _\u1d17)\u3065\u26f0\ufe0fSisyphus\n|-heal|p1b: (\u3065\u1d17 _\u1d17)\u3065\u26f0\ufe0fSisyphus|100/100 psn\n|\n|-damage|p1b: (\u3065\u1d17 _\u1d17)\u3065\u26f0\ufe0fSisyphus|88/100 psn|[from] psn\n|upkeep\n|turn|43\n|\n|t:|1776435595\n|switch|p2b: Rotom|Rotom-Wash, L50|80/100\n|move|p1b: (\u3065\u1d17 _\u1d17)\u3065\u26f0\ufe0fSisyphus|Recover|p1b: (\u3065\u1d17 _\u1d17)\u3065\u26f0\ufe0fSisyphus\n|-heal|p1b: (\u3065\u1d17 _\u1d17)\u3065\u26f0\ufe0fSisyphus|100/100 psn\n|move|p2a: Steelix|Earthquake|p1b: (\u3065\u1d17 _\u1d17)\u3065\u26f0\ufe0fSisyphus|[spread] p1b\n|-immune|p2b: Rotom|[from] ability: Levitate\n|-damage|p1b: (\u3065\u1d17 _\u1d17)\u3065\u26f0\ufe0fSisyphus|71/100 psn\n|\n|-damage|p1b: (\u3065\u1d17 _\u1d17)\u3065\u26f0\ufe0fSisyphus|59/100 psn|[from] psn\n|upkeep\n|turn|44\n|\n|t:|1776435625\n|move|p2a: Steelix|Wide Guard|p2a: Steelix\n|-singleturn|p2a: Steelix|Wide Guard\n|move|p2b: Rotom|Volt Switch|p1b: (\u3065\u1d17 _\u1d17)\u3065\u26f0\ufe0fSisyphus\n|-damage|p1b: (\u3065\u1d17 _\u1d17)\u3065\u26f0\ufe0fSisyphus|50/100 psn\n|\n|t:|1776435631\n|switch|p2b: Sneasler|Sneasler, L50, F|31/100|[from] Volt Switch\n|move|p1b: (\u3065\u1d17 _\u1d17)\u3065\u26f0\ufe0fSisyphus|Recover|p1b: (\u3065\u1d17 _\u1d17)\u3065\u26f0\ufe0fSisyphus\n|-heal|p1b: (\u3065\u1d17 _\u1d17)\u3065\u26f0\ufe0fSisyphus|100/100 psn\n|\n|-damage|p1b: (\u3065\u1d17 _\u1d17)\u3065\u26f0\ufe0fSisyphus|88/100 psn|[from] psn\n|upkeep\n|turn|45\n|\n|t:|1776435645\n|switch|p2a: Rotom|Rotom-Wash, L50|80/100\n|move|p2b: Sneasler|Fake Out|p1b: (\u3065\u1d17 _\u1d17)\u3065\u26f0\ufe0fSisyphus\n|-damage|p1b: (\u3065\u1d17 _\u1d17)\u3065\u26f0\ufe0fSisyphus|85/100 psn\n|cant|p1b: (\u3065\u1d17 _\u1d17)\u3065\u26f0\ufe0fSisyphus|flinch\n|\n|-damage|p1b: (\u3065\u1d17 _\u1d17)\u3065\u26f0\ufe0fSisyphus|73/100 psn|[from] psn\n|upkeep\n|turn|46\n|inactive|Battle timer is ON: inactive players will automatically lose when time's up. (requested by blak_seraph)\n|\n|t:|1776435663\n|move|p2a: Rotom|Volt Switch|p1b: (\u3065\u1d17 _\u1d17)\u3065\u26f0\ufe0fSisyphus\n|-damage|p1b: (\u3065\u1d17 _\u1d17)\u3065\u26f0\ufe0fSisyphus|65/100 psn\n|\n|t:|1776435667\n|switch|p2a: Steelix|Steelix-Mega, L50, F|11/100|[from] Volt Switch\n|move|p2b: Sneasler|Dire Claw|p1b: (\u3065\u1d17 _\u1d17)\u3065\u26f0\ufe0fSisyphus\n|-damage|p1b: (\u3065\u1d17 _\u1d17)\u3065\u26f0\ufe0fSisyphus|56/100 psn\n|move|p1b: (\u3065\u1d17 _\u1d17)\u3065\u26f0\ufe0fSisyphus|Recover|p1b: (\u3065\u1d17 _\u1d17)\u3065\u26f0\ufe0fSisyphus\n|-heal|p1b: (\u3065\u1d17 _\u1d17)\u3065\u26f0\ufe0fSisyphus|100/100 psn\n|\n|-damage|p1b: (\u3065\u1d17 _\u1d17)\u3065\u26f0\ufe0fSisyphus|88/100 psn|[from] psn\n|upkeep\n|turn|47\n|c|\u2606ChimechoLover77|can u turn off timer i dont want u to accidentally time out. game ties at turn 999\n|\n|t:|1776435682\n|move|p2a: Steelix|Wide Guard|p2a: Steelix\n|-singleturn|p2a: Steelix|Wide Guard\n|move|p2b: Sneasler|Coaching|p2a: Steelix\n|-boost|p2a: Steelix|atk|1\n|-boost|p2a: Steelix|def|1\n|move|p1b: (\u3065\u1d17 _\u1d17)\u3065\u26f0\ufe0fSisyphus|Recover|p1b: (\u3065\u1d17 _\u1d17)\u3065\u26f0\ufe0fSisyphus\n|-heal|p1b: (\u3065\u1d17 _\u1d17)\u3065\u26f0\ufe0fSisyphus|100/100 psn\n|\n|-damage|p1b: (\u3065\u1d17 _\u1d17)\u3065\u26f0\ufe0fSisyphus|88/100 psn|[from] psn\n|upkeep\n|turn|48\n|\n|t:|1776435704\n|switch|p2b: Rotom|Rotom-Wash, L50|80/100\n|move|p2a: Steelix|Earthquake|p1b: (\u3065\u1d17 _\u1d17)\u3065\u26f0\ufe0fSisyphus|[spread] p1b\n|-immune|p2b: Rotom|[from] ability: Levitate\n|-damage|p1b: (\u3065\u1d17 _\u1d17)\u3065\u26f0\ufe0fSisyphus|78/100 psn\n|move|p1b: (\u3065\u1d17 _\u1d17)\u3065\u26f0\ufe0fSisyphus|Recover|p1b: (\u3065\u1d17 _\u1d17)\u3065\u26f0\ufe0fSisyphus\n|-heal|p1b: (\u3065\u1d17 _\u1d17)\u3065\u26f0\ufe0fSisyphus|100/100 psn\n|-enditem|p1b: (\u3065\u1d17 _\u1d17)\u3065\u26f0\ufe0fSisyphus|Leppa Berry|[eat]\n|-activate|p1b: (\u3065\u1d17 _\u1d17)\u3065\u26f0\ufe0fSisyphus|item: Leppa Berry|Recover|[consumed]\n|\n|-damage|p1b: (\u3065\u1d17 _\u1d17)\u3065\u26f0\ufe0fSisyphus|88/100 psn|[from] psn\n|upkeep\n|turn|49\n|\n|t:|1776435713\n|move|p2a: Steelix|Wide Guard|p2a: Steelix\n|-singleturn|p2a: Steelix|Wide Guard\n|move|p2b: Rotom|Volt Switch|p1b: (\u3065\u1d17 _\u1d17)\u3065\u26f0\ufe0fSisyphus\n|-damage|p1b: (\u3065\u1d17 _\u1d17)\u3065\u26f0\ufe0fSisyphus|80/100 psn\n|\n|t:|1776435718\n|switch|p2b: Sneasler|Sneasler, L50, F|31/100|[from] Volt Switch\n|move|p1b: (\u3065\u1d17 _\u1d17)\u3065\u26f0\ufe0fSisyphus|Recycle|p1b: (\u3065\u1d17 _\u1d17)\u3065\u26f0\ufe0fSisyphus\n|-item|p1b: (\u3065\u1d17 _\u1d17)\u3065\u26f0\ufe0fSisyphus|Leppa Berry|[from] move: Recycle\n|\n|-damage|p1b: (\u3065\u1d17 _\u1d17)\u3065\u26f0\ufe0fSisyphus|68/100 psn|[from] psn\n|upkeep\n|turn|50\n|\n|t:|1776435736\n|move|p2a: Steelix|Wide Guard|p2a: Steelix\n|-singleturn|p2a: Steelix|Wide Guard\n|move|p2b: Sneasler|Coaching|p2a: Steelix\n|-boost|p2a: Steelix|atk|1\n|-boost|p2a: Steelix|def|1\n|move|p1b: (\u3065\u1d17 _\u1d17)\u3065\u26f0\ufe0fSisyphus|Recover|p1b: (\u3065\u1d17 _\u1d17)\u3065\u26f0\ufe0fSisyphus\n|-heal|p1b: (\u3065\u1d17 _\u1d17)\u3065\u26f0\ufe0fSisyphus|100/100 psn\n|\n|-damage|p1b: (\u3065\u1d17 _\u1d17)\u3065\u26f0\ufe0fSisyphus|88/100 psn|[from] psn\n|upkeep\n|turn|51\n|\n|t:|1776435757\n|move|p2a: Steelix|Wide Guard|p2a: Steelix\n|-singleturn|p2a: Steelix|Wide Guard\n|move|p2b: Sneasler|Coaching|p2a: Steelix\n|-boost|p2a: Steelix|atk|1\n|-boost|p2a: Steelix|def|1\n|move|p1b: (\u3065\u1d17 _\u1d17)\u3065\u26f0\ufe0fSisyphus|Recover|p1b: (\u3065\u1d17 _\u1d17)\u3065\u26f0\ufe0fSisyphus\n|-heal|p1b: (\u3065\u1d17 _\u1d17)\u3065\u26f0\ufe0fSisyphus|100/100 psn\n|\n|-damage|p1b: (\u3065\u1d17 _\u1d17)\u3065\u26f0\ufe0fSisyphus|88/100 psn|[from] psn\n|upkeep\n|turn|52\n|-message|blak_seraph forfeited.\n|\n|win|ChimechoLover77\n|raw|ChimechoLover77's rating: 1079 &rarr; <strong>1104</strong><br />(+25 for winning)\n|raw|blak_seraph's rating: 1044 &rarr; <strong>1029</strong><br />(-15 for losing)\n|l|\u2606blak_seraph\n|player|p2|\n|c|\u2606ChimechoLover77|MAN\n|c|\u2606ChimechoLover77|:C\n",
  "uploadtime": 1776435783,
  "views": 27,
  "formatid": "gen9championsvgc2026regma",
  "rating": 1029,
  "private": 0,
  "password": null
}