{
  "id": "gen9championsvgc2026regma-2586729350",
  "format": "[Gen 9 Champions] VGC 2026 Reg M-A",
  "players": [
    "justplaywhatulike",
    "dongazpacho0"
  ],
  "log": "|j|\u2606justplaywhatulike\n|j|\u2606dongazpacho0\n|t:|1776455370\n|gametype|doubles\n|player|p1|justplaywhatulike|doubleteam|1266\n|player|p2|dongazpacho0|cynthia|1360\n|gen|9\n|tier|[Gen 9 Champions] VGC 2026 Reg M-A\n|rated|\n|rule|Species Clause: Limit one of each Pok\u00e9mon\n|rule|Item Clause: Limit 1 of each item\n|clearpoke\n|poke|p1|Lopunny, L50, F|\n|poke|p1|Gardevoir, L50, F|\n|poke|p1|Talonflame, L50, M|\n|poke|p1|Milotic, L50, M|\n|poke|p1|Tyranitar, L50, F|\n|poke|p1|Kingambit, L50, M|\n|poke|p2|Garchomp, L50, M|\n|poke|p2|Incineroar, L50, F|\n|poke|p2|Floette-Eternal, L50, F|\n|poke|p2|Aegislash, L50, M|\n|poke|p2|Sneasler, L50, M|\n|poke|p2|Delphox, L50, M|\n|teampreview|4\n|inactive|Battle timer is ON: inactive players will automatically lose when time's up. (requested by dongazpacho0)\n|inactive|justplaywhatulike also wants the timer to be on.\njustplaywhatulike has agreed to open team sheets.\n|inactive|justplaywhatulike has 60 seconds left.\n|inactive|dongazpacho0 has 60 seconds left.\n|\n|t:|1776455420\n|teamsize|p1|4\n|teamsize|p2|4\n|start\n|switch|p1a: Gardevoir|Gardevoir, L50, F, shiny|100/100\n|switch|p1b: Kingambit|Kingambit, L50, M|100/100\n|switch|p2a: Floette|Floette-Eternal, L50, F|100/100\n|switch|p2b: Sneasler|Sneasler, L50, M, shiny|100/100\n|turn|1\n|\n|t:|1776455442\n|switch|p1a: Lopunny|Lopunny, L50, F, shiny|100/100\n|detailschange|p2a: Floette|Floette-Mega, L50, F\n|-mega|p2a: Floette|Floette|Floettite\n|-ability|p2a: Floette|Fairy Aura\n|move|p2a: Floette|Protect|p2a: Floette\n|-singleturn|p2a: Floette|Protect\n|move|p2b: Sneasler|Dire Claw|p1a: Lopunny\n|-damage|p1a: Lopunny|38/100\n|move|p1b: Kingambit|Swords Dance|p1b: Kingambit\n|-boost|p1b: Kingambit|atk|2\n|\n|upkeep\n|turn|2\n|\n|t:|1776455467\n|switch|p2a: Aegislash|Aegislash, L50, M, shiny|100/100\n|detailschange|p1a: Lopunny|Lopunny-Mega, L50, F, shiny\n|-mega|p1a: Lopunny|Lopunny|Lopunnite\n|move|p1a: Lopunny|Fake Out|p2b: Sneasler\n|-damage|p2b: Sneasler|64/100\n|move|p1b: Kingambit|Sucker Punch||[still]\n|-fail|p1b: Kingambit\n|cant|p2b: Sneasler|flinch\n|\n|upkeep\n|turn|3\n|\n|t:|1776455480\n|move|p2a: Aegislash|King's Shield|p2a: Aegislash\n|-singleturn|p2a: Aegislash|Protect\n|move|p1b: Kingambit|Sucker Punch|p2b: Sneasler\n|-resisted|p2b: Sneasler|1\n|-damage|p2b: Sneasler|0 fnt\n|faint|p2b: Sneasler\n|move|p1a: Lopunny|Close Combat|p2a: Aegislash\n|-activate|p2a: Aegislash|move: Protect\n|-unboost|p1a: Lopunny|atk|1\n|\n|upkeep\n|\n|t:|1776455492\n|switch|p2b: Floette|Floette-Mega, L50, F|100/100\n|-ability|p2b: Floette|Fairy Aura\n|turn|4\n|\n|t:|1776455501\n|move|p1b: Kingambit|Sucker Punch|p2b: Floette\n|-resisted|p2b: Floette|1\n|-damage|p2b: Floette|56/100\n|move|p1a: Lopunny|Close Combat|p2a: Aegislash\n|-supereffective|p2a: Aegislash|1\n|-damage|p2a: Aegislash|35/100\n|-unboost|p1a: Lopunny|def|1\n|-unboost|p1a: Lopunny|spd|1\n|move|p2b: Floette|Dazzling Gleam|p1b: Kingambit|[spread] p1a,p1b\n|-supereffective|p1a: Lopunny|1\n|-damage|p1a: Lopunny|0 fnt\n|-damage|p1b: Kingambit|56/100\n|faint|p1a: Lopunny\n|-formechange|p2a: Aegislash|Aegislash-Blade|\n|move|p2a: Aegislash|Sacred Sword|p1b: Kingambit\n|-supereffective|p1b: Kingambit|2\n|-damage|p1b: Kingambit|0 fnt\n|faint|p1b: Kingambit\n|\n|upkeep\n|\n|t:|1776455511\n|switch|p1a: Gardevoir|Gardevoir, L50, F, shiny|100/100\n|switch|p1b: Milotic|Milotic, L50, M, shiny|100/100\n|turn|5\n|\n|t:|1776455527\n|-formechange|p2a: Aegislash|Aegislash|\n|move|p2a: Aegislash|King's Shield|p2a: Aegislash\n|-singleturn|p2a: Aegislash|Protect\n|move|p1a: Gardevoir|Dazzling Gleam|p2a: Aegislash|[spread] p2b\n|-activate|p2a: Aegislash|move: Protect\n|-damage|p2b: Floette|30/100\n|move|p2b: Floette|Dazzling Gleam|p1a: Gardevoir|[spread] p1a,p1b\n|-damage|p1a: Gardevoir|56/100\n|-damage|p1b: Milotic|66/100\n|move|p1b: Milotic|Scald|p2b: Floette\n|-damage|p2b: Floette|6/100\n|\n|-heal|p1b: Milotic|72/100|[from] item: Leftovers\n|upkeep\n|turn|6\n|\n|t:|1776455544\n|move|p2b: Floette|Protect|p2b: Floette\n|-singleturn|p2b: Floette|Protect\n|move|p1a: Gardevoir|Dazzling Gleam|p2b: Floette|[spread] p2a\n|-activate|p2b: Floette|move: Protect\n|-resisted|p2a: Aegislash|1\n|-crit|p2a: Aegislash\n|-damage|p2a: Aegislash|13/100\n|move|p1b: Milotic|Scald|p2a: Aegislash\n|-damage|p2a: Aegislash|0 fnt\n|faint|p2a: Aegislash\n|\n|-heal|p1b: Milotic|78/100|[from] item: Leftovers\n|upkeep\n|\n|t:|1776455558\n|switch|p2a: Garchomp|Garchomp, L50, M, shiny|100/100\n|turn|7\n|\n|t:|1776455564\n|move|p1a: Gardevoir|Dazzling Gleam|p2b: Floette|[spread] p2a,p2b\n|-supereffective|p2a: Garchomp|1\n|-damage|p2a: Garchomp|13/100\n|-damage|p2b: Floette|0 fnt\n|faint|p2b: Floette\n|move|p2a: Garchomp|Rock Slide|p1b: Milotic|[spread] p1a,p1b\n|-damage|p1a: Gardevoir|23/100\n|-damage|p1b: Milotic|61/100\n|move|p1b: Milotic|Icy Wind|p2a: Garchomp\n|-supereffective|p2a: Garchomp|2\n|-damage|p2a: Garchomp|0 fnt\n|faint|p2a: Garchomp\n|\n|win|justplaywhatulike\n|raw|justplaywhatulike's rating: 1266 &rarr; <strong>1298</strong><br />(+32 for winning)\n|raw|dongazpacho0's rating: 1360 &rarr; <strong>1335</strong><br />(-25 for losing)\n|l|\u2606dongazpacho0\n|player|p2|\n|c|\u2606justplaywhatulike|Ggs wp\n",
  "uploadtime": 1776455586,
  "views": 41,
  "formatid": "gen9championsvgc2026regma",
  "rating": 1298,
  "private": 0,
  "password": null
}