{
  "id": "gen9championsvgc2026regma-2588463888",
  "format": "[Gen 9 Champions] VGC 2026 Reg M-A",
  "players": [
    "Masqueicoul",
    "DavidTIS"
  ],
  "log": "|j|\u2606Masqueicoul\n|j|\u2606DavidTIS\n|t:|1776635799\n|gametype|doubles\n|player|p1|Masqueicoul|n|1047\n|player|p2|DavidTIS|1|1105\n|gen|9\n|tier|[Gen 9 Champions] VGC 2026 Reg M-A\n|rated|\n|rule|Species Clause: Limit one of each Pok\u00e9mon\n|rule|Item Clause: Limit 1 of each item\n|clearpoke\n|poke|p1|Absol, L50, F|\n|poke|p1|Incineroar, L50, M|\n|poke|p1|Froslass, L50, F|\n|poke|p1|Goodra-Hisui, L50, M|\n|poke|p1|Clefable, L50, M|\n|poke|p1|Tinkaton, L50, F|\n|poke|p2|Starmie, L50|\n|poke|p2|Lucario, L50, M|\n|poke|p2|Lycanroc-Dusk, L50, M|\n|poke|p2|Hydreigon, L50, M|\n|poke|p2|Gengar, L50, M|\n|poke|p2|Tauros-Paldea-Aqua, L50, M|\n|teampreview|4\n|inactive|Battle timer is ON: inactive players will automatically lose when time's up. (requested by DavidTIS)\nMasqueicoul has agreed to open team sheets.\n|inactive|DavidTIS has 60 seconds left.\n|\n|t:|1776635843\n|teamsize|p1|4\n|teamsize|p2|4\n|start\n|switch|p1a: Incineroar|Incineroar, L50, M|100/100\n|switch|p1b: Froslass|Froslass, L50, F|100/100\n|switch|p2a: Starmie|Starmie, L50|100/100\n|switch|p2b: Lucario|Lucario, L50, M|100/100\n|-ability|p1a: Incineroar|Intimidate|boost\n|-unboost|p2a: Starmie|atk|1\n|-fail|p2b: Lucario|unboost|Attack|[from] ability: Inner Focus|[of] p2b: Lucario\n|turn|1\n|\n|t:|1776635866\n|switch|p2b: Gengar|Gengar, L50, M|100/100\n|detailschange|p2a: Starmie|Starmie-Mega, L50\n|-mega|p2a: Starmie|Starmie|Starminite\n|detailschange|p1b: Froslass|Froslass-Mega, L50, F\n|-mega|p1b: Froslass|Froslass|Froslassite\n|-weather|Snowscape|[from] ability: Snow Warning|[of] p1b: Froslass\n|move|p1a: Incineroar|Fake Out|p2b: Gengar\n|-immune|p2b: Gengar\n|move|p2a: Starmie|Liquidation|p1a: Incineroar\n|-supereffective|p1a: Incineroar|1\n|-damage|p1a: Incineroar|0 fnt\n|faint|p1a: Incineroar\n|move|p1b: Froslass|Shadow Ball|p2a: Starmie\n|-supereffective|p2a: Starmie|1\n|-damage|p2a: Starmie|0 fnt\n|faint|p2a: Starmie\n|\n|-weather|Snowscape|[upkeep]\n|upkeep\n|\n|t:|1776635888\n|switch|p2a: Lucario|Lucario, L50, M|100/100\n|switch|p1a: Goodra|Goodra-Hisui, L50, M|100/100\n|turn|2\n|\n|t:|1776635907\n|move|p1b: Froslass|Shadow Ball|p2b: Gengar\n|-supereffective|p2b: Gengar|1\n|-damage|p2b: Gengar|0 fnt\n|faint|p2b: Gengar\n|move|p2a: Lucario|Dark Pulse|p1b: Froslass\n|-supereffective|p1b: Froslass|1\n|-damage|p1b: Froslass|33/100\n|move|p1a: Goodra|Acid Spray|p2a: Lucario\n|-immune|p2a: Lucario\n|\n|-weather|Snowscape|[upkeep]\n|upkeep\n|\n|t:|1776635917\n|switch|p2b: Lycanroc|Lycanroc-Dusk, L50, M|100/100\n|turn|3\n|\n|t:|1776635927\n|move|p2b: Lycanroc|Accelerock|p1b: Froslass\n|-supereffective|p1b: Froslass|1\n|-damage|p1b: Froslass|0 fnt\n|faint|p1b: Froslass\n|move|p2a: Lucario|Aura Sphere|p1a: Goodra\n|-supereffective|p1a: Goodra|1\n|-damage|p1a: Goodra|38/100\n|move|p1a: Goodra|Draco Meteor|p2b: Lycanroc\n|-damage|p2b: Lycanroc|22/100\n|-unboost|p1a: Goodra|spa|2\n|\n|-weather|Snowscape|[upkeep]\n|-heal|p1a: Goodra|44/100|[from] item: Leftovers\n|upkeep\n|\n|t:|1776635940\n|switch|p1b: Tinkaton|Tinkaton, L50, F|100/100\n|turn|4\n|\n|t:|1776635956\n|move|p1b: Tinkaton|Fake Out|p2a: Lucario\n|-resisted|p2a: Lucario|1\n|-damage|p2a: Lucario|92/100\n|move|p2b: Lycanroc|Rock Slide|p1b: Tinkaton|[spread] p1a,p1b\n|-resisted|p1a: Goodra|1\n|-resisted|p1b: Tinkaton|1\n|-damage|p1a: Goodra|31/100\n|-damage|p1b: Tinkaton|80/100\n|move|p2a: Lucario|Aura Sphere|p1a: Goodra\n|-supereffective|p1a: Goodra|1\n|-damage|p1a: Goodra|0 fnt\n|faint|p1a: Goodra\n|\n|-weather|Snowscape|[upkeep]\n|upkeep\n|turn|5\n|\n|t:|1776635978\n|move|p2b: Lycanroc|Close Combat|p1b: Tinkaton\n|-damage|p1b: Tinkaton|10/100\n|-unboost|p2b: Lycanroc|def|1\n|-unboost|p2b: Lycanroc|spd|1\n|-enditem|p2b: Lycanroc|Focus Sash|[silent]|[from] ability: Pickpocket|[of] p2b: Lycanroc\n|-item|p1b: Tinkaton|Focus Sash|[from] ability: Pickpocket|[of] p2b: Lycanroc\n|move|p2a: Lucario|Aura Sphere|p1b: Tinkaton\n|-damage|p1b: Tinkaton|0 fnt\n|faint|p1b: Tinkaton\n|\n|win|DavidTIS\n|raw|Masqueicoul's rating: 1047 &rarr; <strong>1033</strong><br />(-14 for losing)\n|raw|DavidTIS's rating: 1105 &rarr; <strong>1126</strong><br />(+21 for winning)\n|l|\u2606Masqueicoul\n|player|p1|\n",
  "uploadtime": 1776635989,
  "views": 10,
  "formatid": "gen9championsvgc2026regma",
  "rating": 1033,
  "private": 0,
  "password": null
}