{
  "id": "gen9championsvgc2026regma-2589510662",
  "format": "[Gen 9 Champions] VGC 2026 Reg M-A",
  "players": [
    "SkepticalSlowpoke",
    "penledzuu"
  ],
  "log": "|j|\u2606SkepticalSlowpoke\n|j|\u2606penledzuu\n|t:|1776729557\n|gametype|doubles\n|player|p1|SkepticalSlowpoke|ethan|1387\n|player|p2|penledzuu|ninjaboy|1380\n|gen|9\n|tier|[Gen 9 Champions] VGC 2026 Reg M-A\n|rated|\n|rule|Species Clause: Limit one of each Pok\u00e9mon\n|rule|Item Clause: Limit 1 of each item\n|clearpoke\n|poke|p1|Floette-Eternal, L50, F|\n|poke|p1|Sneasler, L50, F, shiny|\n|poke|p1|Garchomp, L50, M, shiny|\n|poke|p1|Basculegion, L50, M, shiny|\n|poke|p1|Kingambit, L50, M, shiny|\n|poke|p1|Froslass, L50, F, shiny|\n|poke|p2|Pinsir, L50, F, shiny|\n|poke|p2|Basculegion, L50, M|\n|poke|p2|Weavile, L50, F, shiny|\n|poke|p2|Archaludon, L50, M|\n|poke|p2|Pelipper, L50, M|\n|poke|p2|Gengar, L50, M|\n|teampreview|4\n|inactive|Battle timer is ON: inactive players will automatically lose when time's up. (requested by penledzuu)\n|\n|t:|1776729585\n|teamsize|p1|4\n|teamsize|p2|4\n|start\n|switch|p1a: Sneasler|Sneasler, L50, F, shiny|100/100\n|switch|p1b: Garchomp|Garchomp, L50, M, shiny|100/100\n|switch|p2a: Weavile|Weavile, L50, F, shiny|100/100\n|switch|p2b: Pinsir|Pinsir, L50, F, shiny|100/100\n|turn|1\n|inactive|SkepticalSlowpoke has 30 seconds left.\n|inactive|SkepticalSlowpoke has 20 seconds left.\n|\n|t:|1776729621\n|detailschange|p2b: Pinsir|Pinsir-Mega, L50, F, shiny\n|-mega|p2b: Pinsir|Pinsir|Pinsirite\n|move|p2a: Weavile|Fake Out|p1b: Garchomp\n|-damage|p1b: Garchomp|87/100\n|-damage|p2a: Weavile|88/100|[from] ability: Rough Skin|[of] p1b: Garchomp\n|move|p1a: Sneasler|Fake Out|p2b: Pinsir\n|-damage|p2b: Pinsir|82/100\n|cant|p2b: Pinsir|flinch\n|cant|p1b: Garchomp|flinch\n|\n|upkeep\n|turn|2\n|\n|t:|1776729636\n|move|p2a: Weavile|Triple Axel|p1b: Garchomp\n|-supereffective|p1b: Garchomp|2\n|-damage|p1b: Garchomp|52/100\n|-damage|p2a: Weavile|76/100|[from] ability: Rough Skin|[of] p1b: Garchomp\n|-supereffective|p1b: Garchomp|2\n|-damage|p1b: Garchomp|0 fnt\n|-damage|p2a: Weavile|64/100|[from] ability: Rough Skin|[of] p1b: Garchomp\n|faint|p1b: Garchomp\n|-hitcount|p1: Garchomp|2\n|move|p1a: Sneasler|Close Combat|p2a: Weavile\n|-supereffective|p2a: Weavile|2\n|-damage|p2a: Weavile|0 fnt\n|-unboost|p1a: Sneasler|def|1\n|-unboost|p1a: Sneasler|spd|1\n|faint|p2a: Weavile\n|move|p2b: Pinsir|Body Slam|p1a: Sneasler\n|-supereffective|p1a: Sneasler|1\n|-enditem|p1a: Sneasler|Focus Sash\n|-damage|p1a: Sneasler|1/100\n|\n|upkeep\n|\n|t:|1776729654\n|switch|p2a: Basculegion|Basculegion, L50, M|100/100\n|switch|p1b: Kingambit|Kingambit, L50, M, shiny|100/100\n|turn|3\n|\n|t:|1776729665\n|move|p2a: Basculegion|Aqua Jet|p1a: Sneasler\n|-damage|p1a: Sneasler|0 fnt\n|faint|p1a: Sneasler\n|move|p1b: Kingambit|Sucker Punch||[still]\n|-fail|p1b: Kingambit\n|move|p2b: Pinsir|Close Combat|p1b: Kingambit\n|-supereffective|p1b: Kingambit|2\n|-enditem|p1b: Kingambit|Chople Berry|[eat]\n|-enditem|p1b: Kingambit|Chople Berry|[weaken]\n|-damage|p1b: Kingambit|30/100\n|-unboost|p2b: Pinsir|def|1\n|-unboost|p2b: Pinsir|spd|1\n|\n|upkeep\n|\n|t:|1776729676\n|switch|p1a: Floette|Floette-Eternal, L50, F|100/100\n|turn|4\n|\n|t:|1776729685\n|switch|p2b: Pelipper|Pelipper, L50, M|100/100\n|-weather|RainDance|[from] ability: Drizzle|[of] p2b: Pelipper\n|detailschange|p1a: Floette|Floette-Mega, L50, F\n|-mega|p1a: Floette|Floette|Floettite\n|-ability|p1a: Floette|Fairy Aura\n|move|p2a: Basculegion|Aqua Jet|p1b: Kingambit\n|-damage|p1b: Kingambit|0 fnt\n|faint|p1b: Kingambit\n|move|p1a: Floette|Dazzling Gleam|p2b: Pelipper|[spread] p2a,p2b\n|-damage|p2a: Basculegion|50/100\n|-damage|p2b: Pelipper|32/100\n|\n|-weather|RainDance|[upkeep]\n|-heal|p2b: Pelipper|38/100|[from] item: Leftovers\n|upkeep\n|turn|5\n|\n|t:|1776729703\n|move|p2a: Basculegion|Aqua Jet|p1a: Floette\n|-damage|p1a: Floette|45/100\n|move|p1a: Floette|Dazzling Gleam|p2a: Basculegion|[spread] p2a,p2b\n|-damage|p2a: Basculegion|0 fnt\n|-damage|p2b: Pelipper|0 fnt\n|faint|p2a: Basculegion\n|faint|p2b: Pelipper\n|\n|-weather|RainDance|[upkeep]\n|upkeep\n|\n|t:|1776729709\n|switch|p2b: Pinsir|Pinsir-Mega, L50, F, shiny|82/100\n|turn|6\n|\n|t:|1776729724\n|move|p2b: Pinsir|Body Slam|p1a: Floette\n|-damage|p1a: Floette|0 fnt\n|faint|p1a: Floette\n|\n|win|penledzuu\n|raw|SkepticalSlowpoke's rating: 1387 &rarr; <strong>1367</strong><br />(-20 for losing)\n|raw|penledzuu's rating: 1380 &rarr; <strong>1400</strong><br />(+20 for winning)\n",
  "uploadtime": 1776729728,
  "views": 3,
  "formatid": "gen9championsvgc2026regma",
  "rating": 1367,
  "private": 0,
  "password": null
}