{
  "id": "gen9championsvgc2026regma-2583742865",
  "format": "[Gen 9 Champions] VGC 2026 Reg M-A",
  "players": [
    "HeavenlyHacker!",
    "moggyoh"
  ],
  "log": "|j|\u2606HeavenlyHacker!\n|j|\u2606moggyoh\n|t:|1776194654\n|gametype|doubles\n|player|p1|HeavenlyHacker!|blue|1098\n|player|p2|moggyoh|ethan|1156\n|gen|9\n|tier|[Gen 9 Champions] VGC 2026 Reg M-A\n|rated|\n|rule|Species Clause: Limit one of each Pok\u00e9mon\n|rule|Item Clause: Limit 1 of each item\n|clearpoke\n|poke|p1|Gengar, L50, M|\n|poke|p1|Kommo-o, L50, M|\n|poke|p1|Incineroar, L50, M|\n|poke|p1|Sinistcha, L50|\n|poke|p1|Palafin, L50, M|\n|poke|p1|Sneasler, L50, M|\n|poke|p2|Meganium, L50, M|\n|poke|p2|Tyranitar, L50, M|\n|poke|p2|Excadrill, L50, M|\n|poke|p2|Gyarados, L50, F|\n|poke|p2|Rotom-Heat, L50|\n|poke|p2|Corviknight, L50, M|\n|teampreview|4\n|inactive|Battle timer is ON: inactive players will automatically lose when time's up. (requested by HeavenlyHacker!)\nHeavenlyHacker! has agreed to open team sheets.\n|inactive|moggyoh has 60 seconds left.\n|inactive|moggyoh has 30 seconds left.\n|c|\u2606HeavenlyHacker!|hf\n|\n|t:|1776194722\n|teamsize|p1|4\n|teamsize|p2|4\n|start\n|switch|p1a: Incineroar|Incineroar, L50, M, shiny|100/100\n|switch|p1b: Palafin|Palafin, L50, M, shiny|100/100\n|switch|p2a: Rotom|Rotom-Heat, L50, shiny|100/100\n|switch|p2b: Corviknight|Corviknight, L50, M, shiny|100/100\n|-ability|p1a: Incineroar|Intimidate|boost\n|-unboost|p2a: Rotom|atk|1\n|-ability|p2b: Corviknight|Mirror Armor\n|-unboost|p1a: Incineroar|atk|1\n|turn|1\n|\n|t:|1776194746\n|switch|p2a: Gyarados|Gyarados, L50, F, shiny|100/100\n|-ability|p2a: Gyarados|Intimidate|boost\n|-unboost|p1a: Incineroar|atk|1\n|-unboost|p1b: Palafin|atk|1\n|move|p1a: Incineroar|Fake Out|p2a: Gyarados\n|-damage|p2a: Gyarados|94/100\n|move|p1b: Palafin|Flip Turn|p2a: Gyarados\n|-resisted|p2a: Gyarados|1\n|-damage|p2a: Gyarados|85/100\n|\n|t:|1776194756\n|detailschange|p1b: Palafin|Palafin-Hero, L50, M, shiny\n|switch|p1b: Gengar|Gengar, L50, M, shiny|100/100|[from] Flip Turn\n|move|p2b: Corviknight|Tailwind|p2b: Corviknight\n|-sidestart|p2: moggyoh|move: Tailwind\n|\n|upkeep\n|turn|2\n|\n|t:|1776194779\n|detailschange|p1b: Gengar|Gengar-Mega, L50, M, shiny\n|-mega|p1b: Gengar|Gengar|Gengarite\n|move|p2a: Gyarados|Taunt|p1b: Gengar\n|-start|p1b: Gengar|move: Taunt\n|move|p1b: Gengar|Thunderbolt|p2a: Gyarados\n|-supereffective|p2a: Gyarados|2\n|-damage|p2a: Gyarados|0 fnt\n|faint|p2a: Gyarados\n|move|p2b: Corviknight|Dual Wingbeat|p1b: Gengar|[miss]\n|-miss|p2b: Corviknight|p1b: Gengar\n|move|p1a: Incineroar|Parting Shot|p2b: Corviknight\n|-ability|p2b: Corviknight|Mirror Armor\n|-unboost|p1a: Incineroar|atk|1\n|-ability|p2b: Corviknight|Mirror Armor\n|-unboost|p1a: Incineroar|spa|1\n|\n|t:|1776194790\n|switch|p1a: Kommo-o|Kommo-o, L50, M, shiny|100/100|[from] Parting Shot\n|\n|upkeep\n|\n|t:|1776194801\n|switch|p2a: Excadrill|Excadrill, L50, M, shiny|100/100\n|turn|3\n|\n|t:|1776194810\n|move|p2a: Excadrill|Earthquake|p1a: Kommo-o|[spread] p1a,p1b\n|-immune|p2b: Corviknight\n|-supereffective|p1b: Gengar|1\n|-damage|p1a: Kommo-o|55/100\n|-damage|p1b: Gengar|0 fnt\n|faint|p1b: Gengar\n|move|p2b: Corviknight|Dual Wingbeat|p1a: Kommo-o\n|-supereffective|p1a: Kommo-o|1\n|-damage|p1a: Kommo-o|24/100\n|-supereffective|p1a: Kommo-o|1\n|-damage|p1a: Kommo-o|0 fnt\n|faint|p1a: Kommo-o\n|-hitcount|p1: Kommo-o|2\n|\n|upkeep\n|\n|t:|1776194821\n|switch|p1b: Incineroar|Incineroar, L50, M, shiny|100/100\n|switch|p1a: Palafin|Palafin-Hero, L50, M, shiny|100/100\n|-activate|p1a: Palafin|ability: Zero to Hero\n|-ability|p1b: Incineroar|Intimidate|boost\n|-unboost|p2a: Excadrill|atk|1\n|-ability|p2b: Corviknight|Mirror Armor\n|-unboost|p1b: Incineroar|atk|1\n|turn|4\n|\n|t:|1776194841\n|move|p2a: Excadrill|Protect|p2a: Excadrill\n|-singleturn|p2a: Excadrill|Protect\n|move|p1b: Incineroar|Fake Out|p2a: Excadrill\n|-activate|p2a: Excadrill|move: Protect\n|move|p2b: Corviknight|Dual Wingbeat|p1a: Palafin\n|-damage|p1a: Palafin|83/100\n|-damage|p1a: Palafin|68/100\n|-hitcount|p1a: Palafin|2\n|move|p1a: Palafin|Wave Crash|p2b: Corviknight\n|-damage|p2b: Corviknight|24/100\n|-damage|p1a: Palafin|39/100|[from] Recoil\n|\n|-heal|p2b: Corviknight|30/100|[from] item: Leftovers\n|-sideend|p2: moggyoh|move: Tailwind\n|upkeep\n|turn|5\n|inactive|moggyoh has 30 seconds left.\n|\n|t:|1776194870\n|move|p1a: Palafin|Flip Turn|p2a: Excadrill\n|-supereffective|p2a: Excadrill|1\n|-enditem|p2a: Excadrill|Focus Sash\n|-damage|p2a: Excadrill|1/100\n|move|p2a: Excadrill|Earthquake|p1b: Incineroar|[spread] p1a,p1b\n|-immune|p2b: Corviknight\n|-supereffective|p1b: Incineroar|1\n|-damage|p1a: Palafin|6/100\n|-damage|p1b: Incineroar|59/100\n|move|p2b: Corviknight|Dual Wingbeat|p1a: Palafin\n|-damage|p1a: Palafin|0 fnt\n|faint|p1a: Palafin\n|-hitcount|p1: Palafin|1\n|move|p1b: Incineroar|Flare Blitz|p2b: Corviknight\n|-supereffective|p2b: Corviknight|1\n|-damage|p2b: Corviknight|0 fnt\n|faint|p2b: Corviknight\n|-damage|p1b: Incineroar|49/100|[from] Recoil\n|\n|upkeep\n|\n|t:|1776194889\n|switch|p2b: Rotom|Rotom-Heat, L50, shiny|100/100\n|turn|6\n|-message|HeavenlyHacker! forfeited.\n|\n|win|moggyoh\n|raw|HeavenlyHacker!'s rating: 1098 &rarr; <strong>1077</strong><br />(-21 for losing)\n|raw|moggyoh's rating: 1156 &rarr; <strong>1177</strong><br />(+21 for winning)\n|l|\u2606HeavenlyHacker!\n|player|p1|\n",
  "uploadtime": 1776194898,
  "views": 26,
  "formatid": "gen9championsvgc2026regma",
  "rating": 1077,
  "private": 0,
  "password": null
}