{
  "id": "gen9championsvgc2026regma-2584107570",
  "format": "[Gen 9 Champions] VGC 2026 Reg M-A",
  "players": [
    "dmanistheproman",
    "colfox"
  ],
  "log": "|j|\u2606dmanistheproman\n|j|\u203dcolfox\n|t:|1776225928\n|gametype|doubles\n|player|p1|dmanistheproman|lucas|1083\n|player|p2|colfox|169|1125\n|gen|9\n|tier|[Gen 9 Champions] VGC 2026 Reg M-A\n|rated|\n|rule|Species Clause: Limit one of each Pok\u00e9mon\n|rule|Item Clause: Limit 1 of each item\n|clearpoke\n|poke|p1|Charizard, L50, F|\n|poke|p1|Venusaur, L50, M|\n|poke|p1|Garchomp, L50, F|\n|poke|p1|Rotom-Wash, L50|\n|poke|p1|Sneasler, L50, M|\n|poke|p1|Incineroar, L50, M|\n|poke|p2|Sylveon, L50, F|\n|poke|p2|Garchomp, L50, F|\n|poke|p2|Milotic, L50, M|\n|poke|p2|Ninetales, L50, F|\n|poke|p2|Raichu, L50, M|\n|poke|p2|Scizor, L50, F|\n|teampreview|4\n|inactive|Battle timer is ON: inactive players will automatically lose when time's up. (requested by dmanistheproman)\n|inactive|colfox has 60 seconds left.\n|\n|t:|1776225959\n|teamsize|p1|4\n|teamsize|p2|4\n|start\n|switch|p1a: Charizard|Charizard, L50, F|100/100\n|switch|p1b: Venusaur|Venusaur, L50, M|100/100\n|switch|p2a: Milotic|Milotic, L50, M|100/100\n|switch|p2b: Raichu|Raichu, L50, M|100/100\n|turn|1\n|\n|t:|1776225979\n|detailschange|p1a: Charizard|Charizard-Mega-Y, L50, F\n|-mega|p1a: Charizard|Charizard|Charizardite Y\n|-weather|SunnyDay|[from] ability: Drought|[of] p1a: Charizard\n|move|p1a: Charizard|Protect|p1a: Charizard\n|-singleturn|p1a: Charizard|Protect\n|move|p2b: Raichu|Fake Out|p1a: Charizard\n|-activate|p1a: Charizard|move: Protect\n|move|p1b: Venusaur|Leaf Storm|p2a: Milotic\n|-supereffective|p2a: Milotic|1\n|-damage|p2a: Milotic|11/100\n|-unboost|p1b: Venusaur|spa|2\n|move|p2a: Milotic|Icy Wind|p1b: Venusaur|[spread] p1b\n|-activate|p1a: Charizard|move: Protect\n|-supereffective|p1b: Venusaur|1\n|-damage|p1b: Venusaur|70/100\n|-unboost|p1b: Venusaur|spe|1\n|\n|-weather|SunnyDay|[upkeep]\n|upkeep\n|turn|2\n|inactive|colfox has 30 seconds left.\n|\n|t:|1776226006\n|move|p2a: Milotic|Protect|p2a: Milotic\n|-singleturn|p2a: Milotic|Protect\n|move|p2b: Raichu|Thunderbolt|p1a: Charizard\n|-supereffective|p1a: Charizard|1\n|-damage|p1a: Charizard|15/100\n|move|p1b: Venusaur|Sludge Bomb|p2b: Raichu\n|-crit|p2b: Raichu\n|-damage|p2b: Raichu|2/100\n|move|p1a: Charizard|Heat Wave|p2a: Milotic|[spread] p2b\n|-activate|p2a: Milotic|move: Protect\n|-damage|p2b: Raichu|0 fnt\n|faint|p2b: Raichu\n|\n|-weather|SunnyDay|[upkeep]\n|upkeep\n|\n|t:|1776226028\n|switch|p2b: Garchomp|Garchomp, L50, F|100/100\n|turn|3\n|\n|t:|1776226045\n|move|p1b: Venusaur|Sleep Powder|p2b: Garchomp\n|-status|p2b: Garchomp|slp|[from] move: Sleep Powder\n|cant|p2b: Garchomp|slp\n|move|p1a: Charizard|Heat Wave|p2a: Milotic|[spread] p2a,p2b\n|-resisted|p2a: Milotic|1\n|-resisted|p2b: Garchomp|1\n|-damage|p2a: Milotic|0 fnt\n|-damage|p2b: Garchomp|66/100 slp\n|faint|p2a: Milotic\n|\n|-weather|SunnyDay|[upkeep]\n|upkeep\n|\n|t:|1776226058\n|switch|p2a: Sylveon|Sylveon, L50, F|100/100\n|turn|4\n|\n|t:|1776226074\n|move|p1b: Venusaur|Sludge Bomb|p2a: Sylveon\n|-supereffective|p2a: Sylveon|1\n|-damage|p2a: Sylveon|71/100\n|cant|p2b: Garchomp|slp\n|move|p1a: Charizard|Heat Wave|p2a: Sylveon|[spread] p2a,p2b\n|-resisted|p2b: Garchomp|1\n|-damage|p2a: Sylveon|26/100\n|-damage|p2b: Garchomp|31/100 slp\n|move|p2a: Sylveon|Mystical Fire|p1b: Venusaur\n|-supereffective|p1b: Venusaur|1\n|-damage|p1b: Venusaur|0 fnt\n|faint|p1b: Venusaur\n|\n|-weather|SunnyDay|[upkeep]\n|upkeep\n|\n|t:|1776226089\n|switch|p1b: Garchomp|Garchomp, L50, F|100/100\n|turn|5\n|\n|t:|1776226100\n|move|p1b: Garchomp|Dragon Claw|p2b: Garchomp\n|-supereffective|p2b: Garchomp|1\n|-enditem|p2b: Garchomp|Haban Berry|[eat]\n|-enditem|p2b: Garchomp|Haban Berry|[weaken]\n|-damage|p2b: Garchomp|0 fnt\n|-damage|p1b: Garchomp|88/100|[from] ability: Rough Skin|[of] p2b: Garchomp\n|faint|p2b: Garchomp\n|move|p1a: Charizard|Weather Ball|p2a: Sylveon\n|-damage|p2a: Sylveon|0 fnt\n|faint|p2a: Sylveon\n|\n|win|dmanistheproman\n|raw|dmanistheproman's rating: 1083 &rarr; <strong>1114</strong><br />(+31 for winning)\n|raw|colfox's rating: 1125 &rarr; <strong>1097</strong><br />(-28 for losing)\n|l|\u2606dmanistheproman\n|player|p1|\n",
  "uploadtime": 1776226113,
  "views": 38,
  "formatid": "gen9championsvgc2026regma",
  "rating": 1097,
  "private": 0,
  "password": null
}