{
  "id": "gen9championsvgc2026regma-2586318337",
  "format": "[Gen 9 Champions] VGC 2026 Reg M-A",
  "players": [
    "ansdasd",
    "Ryll Arai"
  ],
  "log": "|j|\u2606ansdasd\n|j|\u2606Ryll Arai\n|t:|1776424769\n|gametype|doubles\n|player|p1|ansdasd|1|1152\n|player|p2|Ryll Arai|dahlia|1094\n|gen|9\n|tier|[Gen 9 Champions] VGC 2026 Reg M-A\n|rated|\n|rule|Species Clause: Limit one of each Pok\u00e9mon\n|rule|Item Clause: Limit 1 of each item\n|clearpoke\n|poke|p1|Altaria, L50, M|\n|poke|p1|Kleavor, L50, M|\n|poke|p1|Samurott-Hisui, L50, M|\n|poke|p1|Incineroar, L50, F|\n|poke|p1|Garchomp, L50, M|\n|poke|p1|Mr. Rime, L50, F|\n|poke|p2|Meowstic-F, L50, F|\n|poke|p2|Altaria, L50, M|\n|poke|p2|Zoroark-Hisui, L50, M|\n|poke|p2|Whimsicott, L50, F|\n|poke|p2|Araquanid, L50, F|\n|poke|p2|Arcanine-Hisui, L50, M|\n|teampreview|4\n|inactive|Battle timer is ON: inactive players will automatically lose when time's up. (requested by Ryll Arai)\n|inactive|ansdasd has 60 seconds left.\n|\n|t:|1776424808\n|teamsize|p1|4\n|teamsize|p2|4\n|start\n|switch|p1a: Kleavor|Kleavor, L50, M|100/100\n|switch|p1b: Samurott|Samurott-Hisui, L50, M|100/100\n|switch|p2a: Meowstic|Meowstic-F, L50, F|100/100\n|switch|p2b: Whimsicott|Whimsicott, L50, F|100/100\n|turn|1\n|\n|t:|1776424826\n|switch|p1b: Incineroar|Incineroar, L50, F|100/100\n|-ability|p1b: Incineroar|Intimidate|boost\n|-unboost|p2a: Meowstic|atk|1\n|-ability|p2a: Meowstic|Competitive|boost\n|-boost|p2a: Meowstic|spa|2\n|-unboost|p2b: Whimsicott|atk|1\n|move|p2a: Meowstic|Fake Out|p1a: Kleavor\n|-resisted|p1a: Kleavor|1\n|-damage|p1a: Kleavor|98/100\n|move|p2b: Whimsicott|Tailwind|p2b: Whimsicott\n|-sidestart|p2: Ryll Arai|move: Tailwind\n|cant|p1a: Kleavor|flinch\n|\n|upkeep\n|turn|2\n|\n|t:|1776424843\n|move|p1b: Incineroar|Fake Out|p2a: Meowstic\n|-damage|p2a: Meowstic|84/100\n|move|p2b: Whimsicott|Moonblast|p1a: Kleavor\n|-damage|p1a: Kleavor|51/100\n|cant|p2a: Meowstic|flinch\n|move|p1a: Kleavor|Stone Axe|p2b: Whimsicott\n|-damage|p2b: Whimsicott|38/100\n|-sidestart|p2: Ryll Arai|move: Stealth Rock\n|\n|upkeep\n|turn|3\n|\n|t:|1776424865\n|switch|p1a: Samurott|Samurott-Hisui, L50, M|100/100\n|move|p2b: Whimsicott|Protect|p2b: Whimsicott\n|-singleturn|p2b: Whimsicott|Protect\n|move|p2a: Meowstic|Baton Pass|p2a: Meowstic\n|\n|t:|1776424868\n|switch|p2a: Altaria|Altaria, L50, M|100/100|[from] Baton Pass\n|-damage|p2a: Altaria|76/100|[from] Stealth Rock\n|-ability|p2a: Altaria|Cloud Nine\n|move|p1b: Incineroar|Darkest Lariat|p2a: Altaria\n|-damage|p2a: Altaria|39/100\n|\n|upkeep\n|turn|4\n|inactive|ansdasd has 30 seconds left.\n|\n|t:|1776424897\n|switch|p1a: Kleavor|Kleavor, L50, M|51/100\n|detailschange|p2a: Altaria|Altaria-Mega, L50, M\n|-mega|p2a: Altaria|Altaria|Altarianite\n|move|p2b: Whimsicott|Helping Hand|p2a: Altaria\n|-singleturn|p2a: Altaria|Helping Hand|[of] p2b: Whimsicott\n|move|p2a: Altaria|Hyper Voice|p1b: Incineroar|[spread] p1a,p1b\n|-damage|p1a: Kleavor|0 fnt\n|-damage|p1b: Incineroar|9/100\n|-enditem|p1b: Incineroar|Sitrus Berry|[eat]\n|-heal|p1b: Incineroar|34/100|[from] item: Sitrus Berry\n|faint|p1a: Kleavor\n|move|p1b: Incineroar|Flare Blitz|p2b: Whimsicott\n|-supereffective|p2b: Whimsicott|1\n|-damage|p2b: Whimsicott|0 fnt\n|faint|p2b: Whimsicott\n|-damage|p1b: Incineroar|24/100|[from] Recoil\n|\n|-sideend|p2: Ryll Arai|move: Tailwind\n|upkeep\n|\n|t:|1776424914\n|switch|p2b: Meowstic|Meowstic-F, L50, F|100/100\n|switch|p1a: Samurott|Samurott-Hisui, L50, M|100/100\n|-damage|p2b: Meowstic|88/100|[from] Stealth Rock\n|turn|5\n|\n|t:|1776424923\n|move|p2b: Meowstic|Icy Wind|p1b: Incineroar|[spread] p1a,p1b\n|-resisted|p1a: Samurott|1\n|-resisted|p1b: Incineroar|1\n|-damage|p1a: Samurott|90/100\n|-damage|p1b: Incineroar|19/100\n|-unboost|p1a: Samurott|spe|1\n|-unboost|p1b: Incineroar|spe|1\n|move|p2a: Altaria|Hyper Voice|p1b: Incineroar|[spread] p1a,p1b\n|-supereffective|p1a: Samurott|1\n|-damage|p1a: Samurott|0 fnt\n|-damage|p1b: Incineroar|0 fnt\n|faint|p1a: Samurott\n|faint|p1b: Incineroar\n|\n|upkeep\n|\n|t:|1776424933\n|switch|p1b: Mr. Rime|Mr. Rime, L50, F|100/100\n|turn|6\n|\n|t:|1776424942\n|move|p1b: Mr. Rime|Freeze-Dry|p2a: Altaria\n|-supereffective|p2a: Altaria|1\n|-damage|p2a: Altaria|0 fnt\n|faint|p2a: Altaria\n|move|p2b: Meowstic|Shadow Ball|p1b: Mr. Rime\n|-supereffective|p1b: Mr. Rime|1\n|-damage|p1b: Mr. Rime|8/100\n|\n|upkeep\n|\n|t:|1776424946\n|switch|p2a: Meowstic|Meowstic-F, L50, F|84/100\n|-damage|p2a: Meowstic|72/100|[from] Stealth Rock\n|turn|7\n|\n|t:|1776424954\n|move|p2a: Meowstic|Fake Out|p1b: Mr. Rime\n|-damage|p1b: Mr. Rime|0 fnt\n|faint|p1b: Mr. Rime\n|\n|win|Ryll Arai\n|raw|ansdasd's rating: 1152 &rarr; <strong>1123</strong><br />(-29 for losing)\n|raw|Ryll Arai's rating: 1094 &rarr; <strong>1124</strong><br />(+30 for winning)\n",
  "uploadtime": 1776424958,
  "views": 28,
  "formatid": "gen9championsvgc2026regma",
  "rating": 1123,
  "private": 0,
  "password": null
}