{
  "id": "gen9championsvgc2026regma-2589575278",
  "format": "[Gen 9 Champions] VGC 2026 Reg M-A",
  "players": [
    "muffinmcbluffin",
    "losertest"
  ],
  "log": "|j|\u2606muffinmcbluffin\n|j|\u2606losertest\n|t:|1776735570\n|gametype|doubles\n|player|p1|muffinmcbluffin|2|1449\n|player|p2|losertest|infielder|1426\n|gen|9\n|tier|[Gen 9 Champions] VGC 2026 Reg M-A\n|rated|\n|rule|Species Clause: Limit one of each Pok\u00e9mon\n|rule|Item Clause: Limit 1 of each item\n|clearpoke\n|poke|p1|Tyranitar, L50, F|\n|poke|p1|Corviknight, L50, F|\n|poke|p1|Rotom-Wash, L50|\n|poke|p1|Incineroar, L50, M|\n|poke|p1|Sinistcha, L50|\n|poke|p1|Excadrill, L50, M|\n|poke|p2|Charizard, L50, M|\n|poke|p2|Venusaur, L50, F|\n|poke|p2|Garchomp, L50, M|\n|poke|p2|Rotom-Wash, L50|\n|poke|p2|Sneasler, L50, F|\n|poke|p2|Incineroar, L50, M|\n|teampreview|4\nmuffinmcbluffin has agreed to open team sheets.\n|\n|t:|1776735612\n|teamsize|p1|4\n|teamsize|p2|4\n|start\n|switch|p1a: Rotom|Rotom-Wash, L50|100/100\n|switch|p1b: Incineroar|Incineroar, L50, M|100/100\n|switch|p2a: Incineroar|Incineroar, L50, M|100/100\n|switch|p2b: Charizard|Charizard, L50, M|100/100\n|-ability|p2a: Incineroar|Intimidate|boost\n|-unboost|p1a: Rotom|atk|1\n|-unboost|p1b: Incineroar|atk|1\n|-ability|p1b: Incineroar|Intimidate|boost\n|-unboost|p2a: Incineroar|atk|1\n|-unboost|p2b: Charizard|atk|1\n|turn|1\n|\n|t:|1776735638\n|switch|p2b: Venusaur|Venusaur, L50, F|100/100\n|move|p2a: Incineroar|Fake Out|p1a: Rotom\n|-damage|p1a: Rotom|89/100\n|move|p1b: Incineroar|Fake Out|p2b: Venusaur\n|-damage|p2b: Venusaur|90/100\n|cant|p1a: Rotom|flinch\n|\n|upkeep\n|turn|2\n|\n|t:|1776735670\n|switch|p1a: Corviknight|Corviknight, L50, F|100/100\n|move|p2b: Venusaur|Leaf Storm|p1a: Corviknight\n|-resisted|p1a: Corviknight|2\n|-damage|p1a: Corviknight|89/100\n|-unboost|p2b: Venusaur|spa|2\n|move|p2a: Incineroar|Parting Shot|p1b: Incineroar\n|-unboost|p1b: Incineroar|atk|1\n|-unboost|p1b: Incineroar|spa|1\n|\n|t:|1776735676\n|switch|p2a: Charizard|Charizard, L50, M|100/100|[from] Parting Shot\n|move|p1b: Incineroar|Flare Blitz|p2b: Venusaur\n|-supereffective|p2b: Venusaur|1\n|-damage|p2b: Venusaur|8/100\n|-damage|p1b: Incineroar|80/100|[from] Recoil\n|\n|-heal|p1a: Corviknight|95/100|[from] item: Leftovers\n|upkeep\n|turn|3\n|\n|t:|1776735692\n|switch|p1a: Rotom|Rotom-Wash, L50|89/100\n|detailschange|p2a: Charizard|Charizard-Mega-Y, L50, M\n|-mega|p2a: Charizard|Charizard|Charizardite Y\n|-weather|SunnyDay|[from] ability: Drought|[of] p2a: Charizard\n|move|p2b: Venusaur|Sleep Powder|p1b: Incineroar\n|-status|p1b: Incineroar|slp|[from] move: Sleep Powder\n|move|p2a: Charizard|Heat Wave|p1a: Rotom|[spread] p1a,p1b\n|-resisted|p1a: Rotom|1\n|-resisted|p1b: Incineroar|1\n|-damage|p1a: Rotom|48/100\n|-damage|p1b: Incineroar|50/100 slp\n|cant|p1b: Incineroar|slp\n|\n|-weather|SunnyDay|[upkeep]\n|upkeep\n|turn|4\n|\n|t:|1776735722\n|switch|p2a: Garchomp|Garchomp, L50, M|100/100\n|switch|p1b: Tyranitar|Tyranitar, L50, F|100/100\n|-weather|Sandstorm|[from] ability: Sand Stream|[of] p1b: Tyranitar\n|move|p1a: Rotom|Hydro Pump|p2a: Garchomp|[miss]\n|-miss|p1a: Rotom|p2a: Garchomp\n|move|p2b: Venusaur|Leaf Storm|p1a: Rotom\n|-supereffective|p1a: Rotom|1\n|-damage|p1a: Rotom|0 fnt\n|-unboost|p2b: Venusaur|spa|2\n|faint|p1a: Rotom\n|\n|-weather|Sandstorm|[upkeep]\n|-damage|p2b: Venusaur|2/100|[from] Sandstorm\n|upkeep\n|\n|t:|1776735736\n|switch|p1a: Incineroar|Incineroar, L50, M|50/100 slp\n|-ability|p1a: Incineroar|Intimidate|boost\n|-unboost|p2a: Garchomp|atk|1\n|-unboost|p2b: Venusaur|atk|1\n|turn|5\n|\n|t:|1776735749\n|switch|p2b: Incineroar|Incineroar, L50, M|100/100\n|-ability|p2b: Incineroar|Intimidate|boost\n|-unboost|p1a: Incineroar|atk|1\n|-unboost|p1b: Tyranitar|atk|1\n|switch|p1b: Corviknight|Corviknight, L50, F|95/100\n|move|p2a: Garchomp|Earthquake|p1a: Incineroar|[spread] p2b,p1a\n|-immune|p1b: Corviknight\n|-supereffective|p2b: Incineroar|1\n|-supereffective|p1a: Incineroar|1\n|-damage|p2b: Incineroar|47/100\n|-damage|p1a: Incineroar|0 fnt\n|-enditem|p2b: Incineroar|Sitrus Berry|[eat]\n|-heal|p2b: Incineroar|72/100|[from] item: Sitrus Berry\n|faint|p1a: Incineroar\n|\n|-weather|Sandstorm|[upkeep]\n|-damage|p2b: Incineroar|66/100|[from] Sandstorm\n|-heal|p1b: Corviknight|100/100|[from] item: Leftovers\n|upkeep\n|\n|t:|1776735752\n|switch|p1a: Tyranitar|Tyranitar, L50, F|100/100\n|turn|6\n|\n|t:|1776735783\n|switch|p2a: Venusaur|Venusaur, L50, F|2/100\n|move|p1a: Tyranitar|Protect|p1a: Tyranitar\n|-singleturn|p1a: Tyranitar|Protect\n|move|p2b: Incineroar|Fake Out|p1b: Corviknight\n|-resisted|p1b: Corviknight|1\n|-damage|p1b: Corviknight|95/100\n|cant|p1b: Corviknight|flinch\n|\n|-weather|Sandstorm|[upkeep]\n|-damage|p2a: Venusaur|0 fnt|[from] Sandstorm\n|-damage|p2b: Incineroar|60/100|[from] Sandstorm\n|faint|p2a: Venusaur\n|-heal|p1b: Corviknight|100/100|[from] item: Leftovers\n|upkeep\n|\n|t:|1776735791\n|switch|p2a: Charizard|Charizard-Mega-Y, L50, M|100/100\n|-weather|SunnyDay|[from] ability: Drought|[of] p2a: Charizard\n|turn|7\n|\n|t:|1776735906\n|detailschange|p1a: Tyranitar|Tyranitar-Mega, L50, F\n|-mega|p1a: Tyranitar|Tyranitar|Tyranitarite\n|-weather|Sandstorm|[from] ability: Sand Stream|[of] p1a: Tyranitar\n|move|p2a: Charizard|Protect|p2a: Charizard\n|-singleturn|p2a: Charizard|Protect\n|move|p1a: Tyranitar|Rock Slide|p2b: Incineroar|[spread] p2b\n|-activate|p2a: Charizard|move: Protect\n|-supereffective|p2b: Incineroar|1\n|-damage|p2b: Incineroar|0 fnt\n|faint|p2b: Incineroar\n|move|p1b: Corviknight|Roost||[still]\n|-fail|p1b: Corviknight|heal\n|\n|-weather|Sandstorm|[upkeep]\n|-damage|p2a: Charizard|95/100|[from] Sandstorm\n|upkeep\n|\n|t:|1776735917\n|switch|p2b: Garchomp|Garchomp, L50, M|100/100\n|turn|8\n|\n|t:|1776735933\n|move|p2b: Garchomp|Earthquake|p1a: Tyranitar|[spread] p1a\n|-immune|p2a: Charizard\n|-immune|p1b: Corviknight\n|-supereffective|p1a: Tyranitar|1\n|-damage|p1a: Tyranitar|51/100\n|move|p2a: Charizard|Heat Wave|p1b: Corviknight|[spread] p1a,p1b\n|-resisted|p1a: Tyranitar|1\n|-supereffective|p1b: Corviknight|1\n|-damage|p1a: Tyranitar|41/100\n|-damage|p1b: Corviknight|38/100\n|move|p1a: Tyranitar|Rock Slide|p2b: Garchomp|[spread] p2a,p2b\n|-supereffective|p2a: Charizard|2\n|-crit|p2a: Charizard\n|-resisted|p2b: Garchomp|1\n|-damage|p2a: Charizard|0 fnt\n|-damage|p2b: Garchomp|83/100\n|faint|p2a: Charizard\n|move|p1b: Corviknight|Brave Bird|p2b: Garchomp\n|-damage|p2b: Garchomp|45/100\n|-damage|p1b: Corviknight|26/100|[from] ability: Rough Skin|[of] p2b: Garchomp\n|-damage|p1b: Corviknight|15/100|[from] Recoil\n|\n|-weather|Sandstorm|[upkeep]\n|-heal|p1b: Corviknight|20/100|[from] item: Leftovers\n|upkeep\n|turn|9\n|-message|losertest forfeited.\n|\n|win|muffinmcbluffin\n|raw|muffinmcbluffin's rating: 1449 &rarr; <strong>1468</strong><br />(+19 for winning)\n|raw|losertest's rating: 1426 &rarr; <strong>1407</strong><br />(-19 for losing)\n|l|\u2606losertest\n|player|p2|\n",
  "uploadtime": 1776735958,
  "views": 3,
  "formatid": "gen9championsvgc2026regma",
  "rating": 1407,
  "private": 0,
  "password": null
}