{
  "id": "gen9championsvgc2026regma-2582736579",
  "format": "[Gen 9 Champions] VGC 2026 Reg M-A",
  "players": [
    "NVBlackLotus",
    "bullgod4ever"
  ],
  "log": "|j|\u2606NVBlackLotus\n|j|\u2606bullgod4ever\n|t:|1776110574\n|gametype|doubles\n|player|p1|NVBlackLotus|266|1111\n|player|p2|bullgod4ever|266|1209\n|gen|9\n|tier|[Gen 9 Champions] VGC 2026 Reg M-A\n|rated|\n|rule|Species Clause: Limit one of each Pok\u00e9mon\n|rule|Item Clause: Limit 1 of each item\n|clearpoke\n|poke|p1|Gengar, L50, M|\n|poke|p1|Whimsicott, L50, M|\n|poke|p1|Kommo-o, L50, F|\n|poke|p1|Incineroar, L50, M|\n|poke|p1|Meganium, L50, F|\n|poke|p1|Basculegion, L50, M|\n|poke|p2|Gengar, L50, F|\n|poke|p2|Whimsicott, L50, F|\n|poke|p2|Incineroar, L50, M|\n|poke|p2|Pelipper, L50, M|\n|poke|p2|Basculegion, L50, M|\n|poke|p2|Scizor, L50, M|\n|teampreview|4\n|inactive|Battle timer is ON: inactive players will automatically lose when time's up. (requested by NVBlackLotus)\n|\n|t:|1776110629\n|teamsize|p1|4\n|teamsize|p2|4\n|start\n|switch|p1a: Meganium|Meganium, L50, F|100/100\n|switch|p1b: Whimsicott|Whimsicott, L50, M|100/100\n|switch|p2a: Gengar|Gengar, L50, F|100/100\n|switch|p2b: Basculegion|Basculegion, L50, M|100/100\n|turn|1\n|\n|t:|1776110648\n|detailschange|p2a: Gengar|Gengar-Mega, L50, F\n|-mega|p2a: Gengar|Gengar|Gengarite\n|detailschange|p1a: Meganium|Meganium-Mega, L50, F\n|-mega|p1a: Meganium|Meganium|Meganiumite\n|move|p2a: Gengar|Protect|p2a: Gengar\n|-singleturn|p2a: Gengar|Protect\n|move|p1b: Whimsicott|Tailwind|p1b: Whimsicott\n|-sidestart|p1: NVBlackLotus|move: Tailwind\n|move|p2b: Basculegion|Flip Turn|p1b: Whimsicott\n|-resisted|p1b: Whimsicott|1\n|-damage|p1b: Whimsicott|85/100\n|\n|t:|1776110661\n|switch|p2b: Whimsicott|Whimsicott, L50, F|100/100|[from] Flip Turn\n|move|p1a: Meganium|Solar Beam||[still]\n|-prepare|p1a: Meganium|Solar Beam\n|-activate|p1a: Meganium|ability: Mega Sol\n|-anim|p1a: Meganium|Solar Beam|p2b: Whimsicott\n|-resisted|p2b: Whimsicott|1\n|-damage|p2b: Whimsicott|55/100\n|\n|upkeep\n|turn|2\n|inactive|NVBlackLotus has 30 seconds left.\n|inactive|bullgod4ever has 30 seconds left.\n|inactive|NVBlackLotus has 20 seconds left.\n|inactive|bullgod4ever has 20 seconds left.\n|\n|t:|1776110704\n|switch|p2a: Scizor|Scizor, L50, M|100/100\n|move|p1b: Whimsicott|Fake Tears|p2a: Scizor\n|-unboost|p2a: Scizor|spd|2\n|move|p2b: Whimsicott|Encore|p1b: Whimsicott\n|-start|p1b: Whimsicott|Encore\n|move|p1a: Meganium|Dazzling Gleam|p2a: Scizor|[spread] p2a,p2b\n|-resisted|p2a: Scizor|1\n|-damage|p2a: Scizor|66/100\n|-damage|p2b: Whimsicott|6/100\n|\n|upkeep\n|turn|3\n|\n|t:|1776110724\n|switch|p1b: Incineroar|Incineroar, L50, M, shiny|100/100\n|-ability|p1b: Incineroar|Intimidate|boost\n|-unboost|p2a: Scizor|atk|1\n|-unboost|p2b: Whimsicott|atk|1\n|move|p2b: Whimsicott|Tailwind|p2b: Whimsicott\n|-sidestart|p2: bullgod4ever|move: Tailwind\n|move|p2a: Scizor|Bullet Punch|p1a: Meganium\n|-supereffective|p1a: Meganium|1\n|-damage|p1a: Meganium|56/100\n|move|p1a: Meganium|Weather Ball|p2a: Scizor\n|-supereffective|p2a: Scizor|2\n|-damage|p2a: Scizor|0 fnt\n|faint|p2a: Scizor\n|\n|upkeep\n|\n|t:|1776110741\n|switch|p2a: Gengar|Gengar-Mega, L50, F|100/100\n|turn|4\n|\n|t:|1776110752\n|move|p2b: Whimsicott|Protect|p2b: Whimsicott\n|-singleturn|p2b: Whimsicott|Protect\n|move|p1b: Incineroar|Fake Out|p2b: Whimsicott\n|-activate|p2b: Whimsicott|move: Protect\n|move|p2a: Gengar|Sludge Bomb|p1a: Meganium\n|-supereffective|p1a: Meganium|2\n|-damage|p1a: Meganium|0 fnt\n|faint|p1a: Meganium\n|\n|-sideend|p1: NVBlackLotus|move: Tailwind\n|upkeep\n|\n|t:|1776110761\n|switch|p1a: Whimsicott|Whimsicott, L50, M|85/100\n|turn|5\n|\n|t:|1776110771\n|switch|p2b: Basculegion|Basculegion, L50, M|100/100\n|move|p1a: Whimsicott|Tailwind|p1a: Whimsicott\n|-sidestart|p1: NVBlackLotus|move: Tailwind\n|move|p2a: Gengar|Sludge Bomb|p1a: Whimsicott\n|-supereffective|p1a: Whimsicott|2\n|-damage|p1a: Whimsicott|0 fnt\n|faint|p1a: Whimsicott\n|move|p1b: Incineroar|Flare Blitz|p2a: Gengar\n|-crit|p2a: Gengar\n|-damage|p2a: Gengar|0 fnt\n|faint|p2a: Gengar\n|-damage|p1b: Incineroar|78/100|[from] Recoil\n|\n|upkeep\n|inactive|NVBlackLotus has 30 seconds left.\n|inactive|NVBlackLotus has 20 seconds left.\n|inactive|NVBlackLotus has 15 seconds left.\n|inactive|NVBlackLotus has 10 seconds left.\n|inactive|NVBlackLotus has 5 seconds left.\n|\n|t:|1776110826\n|switch|p2a: Whimsicott|Whimsicott, L50, F|6/100\n|switch|p1a: Basculegion|Basculegion, L50, M, shiny|100/100\n|turn|6\n|inactive|NVBlackLotus has 30 seconds left.\n|inactive|NVBlackLotus has 20 seconds left.\n|inactive|NVBlackLotus has 15 seconds left.\n|inactive|NVBlackLotus has 10 seconds left.\n|inactive|NVBlackLotus has 5 seconds left.\n|\n|t:|1776110881\n|move|p2a: Whimsicott|Protect|p2a: Whimsicott\n|-singleturn|p2a: Whimsicott|Protect\n|move|p1a: Basculegion|Last Respects|p2a: Whimsicott\n|-activate|p2a: Whimsicott|move: Protect\n|move|p2b: Basculegion|Last Respects|p1a: Basculegion\n|-supereffective|p1a: Basculegion|1\n|-damage|p1a: Basculegion|0 fnt\n|faint|p1a: Basculegion\n|move|p1b: Incineroar|Flare Blitz|p2b: Basculegion\n|-resisted|p2b: Basculegion|1\n|-damage|p2b: Basculegion|73/100\n|-damage|p1b: Incineroar|69/100|[from] Recoil\n|\n|-sideend|p2: bullgod4ever|move: Tailwind\n|upkeep\n|turn|7\n|inactive|NVBlackLotus has 30 seconds left.\n|inactive|bullgod4ever has 30 seconds left.\n|inactive|NVBlackLotus has 20 seconds left.\n|inactive|NVBlackLotus has 15 seconds left.\n|inactive|NVBlackLotus has 10 seconds left.\n|inactive|NVBlackLotus has 5 seconds left.\n|\n|t:|1776110936\n|move|p2b: Basculegion|Last Respects|p1b: Incineroar\n|-resisted|p1b: Incineroar|1\n|-damage|p1b: Incineroar|23/100\n|-enditem|p1b: Incineroar|Sitrus Berry|[eat]\n|-heal|p1b: Incineroar|48/100|[from] item: Sitrus Berry\n|move|p2a: Whimsicott|Moonblast|p1b: Incineroar\n|-damage|p1b: Incineroar|19/100\n|move|p1b: Incineroar|Flare Blitz|p2a: Whimsicott\n|-supereffective|p2a: Whimsicott|1\n|-damage|p2a: Whimsicott|0 fnt\n|faint|p2a: Whimsicott\n|-damage|p1b: Incineroar|18/100|[from] Recoil\n|\n|upkeep\n|turn|8\n|inactive|NVBlackLotus has 30 seconds left.\n|inactive|NVBlackLotus has 20 seconds left.\n|inactive|NVBlackLotus has 15 seconds left.\n|inactive|NVBlackLotus has 10 seconds left.\n|inactive|NVBlackLotus has 5 seconds left.\n|c|\u2606bullgod4ever|Come on man\n|\n|t:|1776110992\n|move|p2b: Basculegion|Last Respects|p1b: Incineroar\n|-resisted|p1b: Incineroar|1\n|-damage|p1b: Incineroar|0 fnt\n|faint|p1b: Incineroar\n|\n|win|bullgod4ever\n|raw|NVBlackLotus's rating: 1111 &rarr; <strong>1093</strong><br />(-18 for losing)\n|raw|bullgod4ever's rating: 1209 &rarr; <strong>1227</strong><br />(+18 for winning)\n",
  "uploadtime": 1776110992,
  "views": 14,
  "formatid": "gen9championsvgc2026regma",
  "rating": 1093,
  "private": 0,
  "password": null
}