{
  "id": "gen9championsvgc2026regma-2580452665",
  "format": "[Gen 9 Champions] VGC 2026 Reg M-A",
  "players": [
    "dandnd1",
    "PokeHys"
  ],
  "log": "|j|\u2606dandnd1\n|j|\u2606PokeHys\n|t:|1775898758\n|gametype|doubles\n|player|p1|dandnd1|dawn-gen4pt|1091\n|player|p2|PokeHys|blackbelt-gen4dp|1153\n|gen|9\n|tier|[Gen 9 Champions] VGC 2026 Reg M-A\n|rated|\n|rule|Species Clause: Limit one of each Pok\u00e9mon\n|rule|Item Clause: Limit 1 of each item\n|clearpoke\n|poke|p1|Blastoise, L50, F|\n|poke|p1|Farigiraf, L50, M|\n|poke|p1|Kingambit, L50, F|\n|poke|p1|Tyranitar, L50, F|\n|poke|p1|Incineroar, L50, F|\n|poke|p1|Sinistcha, L50|\n|poke|p2|Torkoal, L50, F|\n|poke|p2|Farigiraf, L50, M|\n|poke|p2|Venusaur, L50, F|\n|poke|p2|Charizard, L50, F|\n|poke|p2|Golurk, L50|\n|poke|p2|Incineroar, L50, F|\n|teampreview|4\n|inactive|Battle timer is ON: inactive players will automatically lose when time's up. (requested by PokeHys)\n|\n|t:|1775898781\n|teamsize|p1|4\n|teamsize|p2|4\n|start\n|switch|p1a: Farigiraf|Farigiraf, L50, M|100/100\n|switch|p1b: Blastoise|Blastoise, L50, F|100/100\n|switch|p2a: Charizard|Charizard, L50, F|100/100\n|switch|p2b: Venusaur|Venusaur, L50, F|100/100\n|turn|1\n|\n|t:|1775898791\n|detailschange|p2a: Charizard|Charizard-Mega-Y, L50, F\n|-mega|p2a: Charizard|Charizard|Charizardite Y\n|-weather|SunnyDay|[from] ability: Drought|[of] p2a: Charizard\n|move|p1b: Blastoise|Protect|p1b: Blastoise\n|-singleturn|p1b: Blastoise|Protect\n|move|p2b: Venusaur|Leaf Storm|p1b: Blastoise\n|-activate|p1b: Blastoise|move: Protect\n|move|p2a: Charizard|Heat Wave|p1b: Blastoise|[spread] p1a\n|-activate|p1b: Blastoise|move: Protect\n|-damage|p1a: Farigiraf|33/100\n|-status|p1a: Farigiraf|brn\n|move|p1a: Farigiraf|Trick Room|p1a: Farigiraf\n|-fieldstart|move: Trick Room|[of] p1a: Farigiraf\n|\n|-weather|SunnyDay|[upkeep]\n|-damage|p1a: Farigiraf|26/100 brn|[from] brn\n|upkeep\n|turn|2\n|\n|t:|1775898813\n|switch|p1a: Tyranitar|Tyranitar, L50, F|100/100\n|-weather|Sandstorm|[from] ability: Sand Stream|[of] p1a: Tyranitar\n|move|p2a: Charizard|Protect|p2a: Charizard\n|-singleturn|p2a: Charizard|Protect\n|move|p1b: Blastoise|Water Spout|p2b: Venusaur|[spread] p2b\n|-activate|p2a: Charizard|move: Protect\n|-resisted|p2b: Venusaur|1\n|-damage|p2b: Venusaur|75/100\n|move|p2b: Venusaur|Leaf Storm|p1b: Blastoise|[miss]\n|-miss|p2b: Venusaur|p1b: Blastoise\n|\n|-weather|Sandstorm|[upkeep]\n|-damage|p1b: Blastoise|95/100|[from] Sandstorm\n|-damage|p2b: Venusaur|69/100|[from] Sandstorm\n|-damage|p2a: Charizard|95/100|[from] Sandstorm\n|upkeep\n|turn|3\n|\n|t:|1775898834\n|switch|p2a: Incineroar|Incineroar, L50, F|100/100\n|-ability|p2a: Incineroar|Intimidate|boost\n|-unboost|p1a: Tyranitar|atk|1\n|-unboost|p1b: Blastoise|atk|1\n|-enditem|p1b: Blastoise|White Herb\n|-clearnegativeboost|p1b: Blastoise|[silent]\n|detailschange|p1a: Tyranitar|Tyranitar-Mega, L50, F\n|-mega|p1a: Tyranitar|Tyranitar|Tyranitarite\n|move|p1a: Tyranitar|Rock Slide|p2b: Venusaur|[spread] p2a\n|-miss|p1a: Tyranitar|p2b: Venusaur\n|-supereffective|p2a: Incineroar|1\n|-damage|p2a: Incineroar|52/100\n|move|p1b: Blastoise|Ice Beam|p2b: Venusaur\n|-supereffective|p2b: Venusaur|1\n|-crit|p2b: Venusaur\n|-damage|p2b: Venusaur|0 fnt\n|faint|p2b: Venusaur\n|\n|-weather|Sandstorm|[upkeep]\n|-damage|p2a: Incineroar|46/100|[from] Sandstorm\n|-damage|p1b: Blastoise|89/100|[from] Sandstorm\n|upkeep\n|\n|t:|1775898845\n|switch|p2b: Francois|Torkoal, L50, F|100/100\n|-weather|SunnyDay|[from] ability: Drought|[of] p2b: Francois\n|turn|4\n|\n|t:|1775898854\n|switch|p1a: Farigiraf|Farigiraf, L50, M|26/100 brn\n|move|p1b: Blastoise|Protect|p1b: Blastoise\n|-singleturn|p1b: Blastoise|Protect\n|move|p2b: Francois|Eruption|p1b: Blastoise|[spread] p1a\n|-activate|p1b: Blastoise|move: Protect\n|-damage|p1a: Farigiraf|0 fnt\n|faint|p1a: Farigiraf\n|move|p2a: Incineroar|Close Combat|p1b: Blastoise\n|-activate|p1b: Blastoise|move: Protect\n|\n|-weather|SunnyDay|[upkeep]\n|upkeep\n|\n|t:|1775898857\n|switch|p1a: Tyranitar|Tyranitar-Mega, L50, F|100/100\n|-weather|Sandstorm|[from] ability: Sand Stream|[of] p1a: Tyranitar\n|turn|5\n|\n|t:|1775898867\n|move|p2b: Francois|Protect|p2b: Francois\n|-singleturn|p2b: Francois|Protect\n|move|p2a: Incineroar|Close Combat|p1a: Tyranitar\n|-supereffective|p1a: Tyranitar|2\n|-damage|p1a: Tyranitar|6/100\n|-unboost|p2a: Incineroar|def|1\n|-unboost|p2a: Incineroar|spd|1\n|-enditem|p2a: Incineroar|White Herb\n|-clearnegativeboost|p2a: Incineroar|[silent]\n|move|p1a: Tyranitar|Rock Slide|p2a: Incineroar|[spread] p2a\n|-activate|p2b: Francois|move: Protect\n|-supereffective|p2a: Incineroar|1\n|-damage|p2a: Incineroar|0 fnt\n|faint|p2a: Incineroar\n|move|p1b: Blastoise|Water Spout|p2b: Francois\n|-activate|p2b: Francois|move: Protect\n|\n|-weather|Sandstorm|[upkeep]\n|-damage|p2b: Francois|94/100|[from] Sandstorm\n|-damage|p1b: Blastoise|83/100|[from] Sandstorm\n|-fieldend|move: Trick Room\n|upkeep\n|\n|t:|1775898872\n|switch|p2a: Charizard|Charizard-Mega-Y, L50, F|95/100\n|-weather|SunnyDay|[from] ability: Drought|[of] p2a: Charizard\n|turn|6\n|inactive|dandnd1 has 30 seconds left.\n|inactive|PokeHys has 30 seconds left.\n|inactive|PokeHys has 20 seconds left.\n|inactive|dandnd1 has 20 seconds left.\n|\n|t:|1775898920\n|switch|p1a: Kingambit|Kingambit, L50, F|100/100\n|move|p1b: Blastoise|Protect|p1b: Blastoise\n|-singleturn|p1b: Blastoise|Protect\n|move|p2a: Charizard|Heat Wave|p1a: Kingambit|[spread] \n|-activate|p1b: Blastoise|move: Protect\n|-miss|p2a: Charizard|p1a: Kingambit\n|move|p2b: Francois|Weather Ball|p1b: Blastoise\n|-activate|p1b: Blastoise|move: Protect\n|\n|-weather|SunnyDay|[upkeep]\n|upkeep\n|turn|7\n|\n|t:|1775898947\n|switch|p1a: Tyranitar|Tyranitar-Mega, L50, F|6/100\n|-weather|Sandstorm|[from] ability: Sand Stream|[of] p1a: Tyranitar\n|move|p2b: Francois|Helping Hand|p2a: Charizard\n|-singleturn|p2a: Charizard|Helping Hand|[of] p2b: Francois\n|move|p2a: Charizard|Heat Wave|p1b: Blastoise|[spread] p1a,p1b\n|-resisted|p1a: Tyranitar|1\n|-resisted|p1b: Blastoise|1\n|-damage|p1a: Tyranitar|0 fnt\n|-damage|p1b: Blastoise|55/100\n|faint|p1a: Tyranitar\n|move|p1b: Blastoise|Shell Smash|p1b: Blastoise\n|-unboost|p1b: Blastoise|def|1\n|-unboost|p1b: Blastoise|spd|1\n|-boost|p1b: Blastoise|atk|2\n|-boost|p1b: Blastoise|spa|2\n|-boost|p1b: Blastoise|spe|2\n|\n|-weather|Sandstorm|[upkeep]\n|-damage|p1b: Blastoise|49/100|[from] Sandstorm\n|-damage|p2a: Charizard|89/100|[from] Sandstorm\n|-damage|p2b: Francois|88/100|[from] Sandstorm\n|upkeep\n|\n|t:|1775898961\n|switch|p1a: Kingambit|Kingambit, L50, F|100/100\n|turn|8\n|\n|t:|1775898978\n|move|p1b: Blastoise|Water Spout|p2b: Francois|[spread] p2a,p2b\n|-supereffective|p2a: Charizard|1\n|-supereffective|p2b: Francois|1\n|-damage|p2a: Charizard|0 fnt\n|-damage|p2b: Francois|0 fnt\n|faint|p2a: Charizard\n|faint|p2b: Francois\n|\n|win|dandnd1\n|raw|dandnd1's rating: 1091 &rarr; <strong>1122</strong><br />(+31 for winning)\n|raw|PokeHys's rating: 1153 &rarr; <strong>1124</strong><br />(-29 for losing)\n|l|\u2606PokeHys\n|player|p2|\n",
  "uploadtime": 1775898978,
  "views": 26,
  "formatid": "gen9championsvgc2026regma",
  "rating": 1122,
  "private": 0,
  "password": null
}