{
  "id": "gen9championsvgc2026regma-2583726243",
  "format": "[Gen 9 Champions] VGC 2026 Reg M-A",
  "players": [
    "virgin to rank 1",
    "moonslk"
  ],
  "log": "|j|\u2606virgin to rank 1\n|j|\u2606moonslk\n|t:|1776193515\n|gametype|doubles\n|player|p1|virgin to rank 1|265|1045\n|player|p2|moonslk|veteranf|1046\n|gen|9\n|tier|[Gen 9 Champions] VGC 2026 Reg M-A\n|rated|\n|rule|Species Clause: Limit one of each Pok\u00e9mon\n|rule|Item Clause: Limit 1 of each item\n|clearpoke\n|poke|p1|Aerodactyl, L50, F|\n|poke|p1|Meganium, L50, M|\n|poke|p1|Incineroar, L50, F|\n|poke|p1|Rotom-Wash, L50|\n|poke|p1|Lucario, L50, F|\n|poke|p1|Garchomp, L50, M|\n|poke|p2|Absol, L50, F|\n|poke|p2|Incineroar, L50, M|\n|poke|p2|Farigiraf, L50, F|\n|poke|p2|Milotic, L50, F|\n|poke|p2|Sableye, L50, M|\n|poke|p2|Sneasler, L50, F|\n|teampreview|4\n|inactive|Battle timer is ON: inactive players will automatically lose when time's up. (requested by moonslk)\n|\n|t:|1776193573\n|teamsize|p1|4\n|teamsize|p2|4\n|start\n|switch|p1a: Incineroar|Incineroar, L50, F|100/100\n|switch|p1b: Lucario|Lucario, L50, F|100/100\n|switch|p2a: Farigiraf|Farigiraf, L50, F|100/100\n|switch|p2b: Milotic|Milotic, L50, F, shiny|100/100\n|-ability|p1a: Incineroar|Intimidate|boost\n|-unboost|p2a: Farigiraf|atk|1\n|-unboost|p2b: Milotic|atk|1\n|-ability|p2b: Milotic|Competitive|boost\n|-boost|p2b: Milotic|spa|2\n|turn|1\n|\n|t:|1776193596\n|detailschange|p1b: Lucario|Lucario-Mega, L50, F\n|-mega|p1b: Lucario|Lucario|Lucarionite\n|move|p1a: Incineroar|Fake Out||[still]\n|cant|p2a: Farigiraf|ability: Armor Tail|Fake Out|[of] p1a: Incineroar\n|move|p1b: Lucario|Close Combat|p2b: Milotic\n|-damage|p2b: Milotic|13/100\n|-unboost|p1b: Lucario|def|1\n|-unboost|p1b: Lucario|spd|1\n|move|p2b: Milotic|Hydro Pump|p1a: Incineroar\n|-supereffective|p1a: Incineroar|1\n|-damage|p1a: Incineroar|0 fnt\n|faint|p1a: Incineroar\n|move|p2a: Farigiraf|Psychic Noise|p1b: Lucario\n|-damage|p1b: Lucario|26/100\n|-start|p1b: Lucario|move: Heal Block\n|\n|-heal|p2b: Milotic|19/100|[from] item: Leftovers\n|upkeep\n|\n|t:|1776193603\n|switch|p1a: Garchomp|Garchomp, L50, M|100/100\n|turn|2\n|\n|t:|1776193616\n|switch|p1b: Rotom|Rotom-Wash, L50|100/100\n|move|p2b: Milotic|Protect|p2b: Milotic\n|-singleturn|p2b: Milotic|Protect\n|move|p1a: Garchomp|Earthquake|p2a: Farigiraf|[spread] p2a\n|-activate|p2b: Milotic|move: Protect\n|-immune|p1b: Rotom|[from] ability: Levitate\n|-damage|p2a: Farigiraf|69/100\n|move|p2a: Farigiraf|Foul Play|p1a: Garchomp\n|-damage|p1a: Garchomp|68/100\n|-damage|p2a: Farigiraf|56/100|[from] ability: Rough Skin|[of] p1a: Garchomp\n|\n|-heal|p2b: Milotic|25/100|[from] item: Leftovers\n|upkeep\n|turn|3\n|\n|t:|1776193637\n|move|p1b: Rotom|Hydro Pump|p2a: Farigiraf|[miss]\n|-miss|p1b: Rotom|p2a: Farigiraf\n|move|p1a: Garchomp|Earthquake|p2b: Milotic|[spread] p2a,p2b\n|-immune|p1b: Rotom|[from] ability: Levitate\n|-damage|p2a: Farigiraf|23/100\n|-damage|p2b: Milotic|0 fnt\n|-enditem|p2a: Farigiraf|Sitrus Berry|[eat]\n|-heal|p2a: Farigiraf|48/100|[from] item: Sitrus Berry\n|faint|p2b: Milotic\n|move|p2a: Farigiraf|Hyper Voice|p1a: Garchomp|[spread] p1a,p1b\n|-damage|p1a: Garchomp|38/100\n|-damage|p1b: Rotom|62/100\n|\n|upkeep\n|\n|t:|1776193651\n|switch|p2b: HDJP|Incineroar, L50, M|100/100\n|-ability|p2b: HDJP|Intimidate|boost\n|-unboost|p1a: Garchomp|atk|1\n|-unboost|p1b: Rotom|atk|1\n|turn|4\n|\n|t:|1776193662\n|move|p1a: Garchomp|Protect|p1a: Garchomp\n|-singleturn|p1a: Garchomp|Protect\n|move|p2b: HDJP|Fake Out|p1a: Garchomp\n|-activate|p1a: Garchomp|move: Protect\n|move|p1b: Rotom|Hydro Pump|p2b: HDJP\n|-supereffective|p2b: HDJP|1\n|-damage|p2b: HDJP|8/100\n|move|p2a: Farigiraf|Hyper Voice|p1a: Garchomp|[spread] p1b\n|-activate|p1a: Garchomp|move: Protect\n|-damage|p1b: Rotom|22/100\n|\n|upkeep\n|turn|5\n|\n|t:|1776193680\n|move|p2a: Farigiraf|Protect|p2a: Farigiraf\n|-singleturn|p2a: Farigiraf|Protect\n|move|p1b: Rotom|Hydro Pump|p2a: Farigiraf\n|-activate|p2a: Farigiraf|move: Protect\n|move|p1a: Garchomp|Earthquake|p2b: HDJP|[spread] p2b\n|-activate|p2a: Farigiraf|move: Protect\n|-immune|p1b: Rotom|[from] ability: Levitate\n|-supereffective|p2b: HDJP|1\n|-damage|p2b: HDJP|0 fnt\n|faint|p2b: HDJP\n|\n|upkeep\n|\n|t:|1776193688\n|switch|p2b: Lyna|Absol, L50, F, shiny|100/100\n|turn|6\n|\n|t:|1776193699\n|detailschange|p2b: Lyna|Absol-Mega, L50, F, shiny\n|-mega|p2b: Lyna|Absol|Absolite\n|move|p2b: Lyna|Sucker Punch|p1a: Garchomp\n|-damage|p1a: Garchomp|0 fnt\n|-damage|p2b: Lyna|88/100|[from] ability: Rough Skin|[of] p1a: Garchomp\n|faint|p1a: Garchomp\n|move|p1b: Rotom|Hydro Pump|p2a: Farigiraf\n|-damage|p2a: Farigiraf|6/100\n|move|p2a: Farigiraf|Hyper Voice|p1b: Rotom\n|-damage|p1b: Rotom|0 fnt\n|faint|p1b: Rotom\n|\n|upkeep\n|\n|t:|1776193705\n|switch|p1b: Lucario|Lucario-Mega, L50, F|26/100\n|turn|7\n|\n|t:|1776193719\n|move|p2b: Lyna|Sucker Punch|p1b: Lucario\n|-resisted|p1b: Lucario|1\n|-damage|p1b: Lucario|0 fnt\n|faint|p1b: Lucario\n|\n|win|moonslk\n|raw|virgin to rank 1's rating: 1045 &rarr; <strong>1028</strong><br />(-17 for losing)\n|raw|moonslk's rating: 1046 &rarr; <strong>1079</strong><br />(+33 for winning)\n|l|\u2606virgin to rank 1\n|player|p1|\n",
  "uploadtime": 1776193725,
  "views": 20,
  "formatid": "gen9championsvgc2026regma",
  "rating": 1028,
  "private": 0,
  "password": null
}