{
  "id": "gen9championsvgc2026regma-2588120868",
  "format": "[Gen 9 Champions] VGC 2026 Reg M-A",
  "players": [
    "dohawyth",
    "jamyrok"
  ],
  "log": "|j|\u2606dohawyth\n|j|\u2606jamyrok\n|t:|1776606517\n|gametype|doubles\n|player|p1|dohawyth|101|1342\n|player|p2|jamyrok|swimmer-gen4dp|1337\n|gen|9\n|tier|[Gen 9 Champions] VGC 2026 Reg M-A\n|rated|\n|rule|Species Clause: Limit one of each Pok\u00e9mon\n|rule|Item Clause: Limit 1 of each item\n|clearpoke\n|poke|p1|Incineroar, L50, M|\n|poke|p1|Crabominable, L50, F|\n|poke|p1|Kingambit, L50, M|\n|poke|p1|Slowking-Galar, L50, F|\n|poke|p1|Sinistcha, L50|\n|poke|p1|Primarina, L50, M|\n|poke|p2|Corviknight, L50, M|\n|poke|p2|Rotom-Wash, L50|\n|poke|p2|Tyranitar, L50, M|\n|poke|p2|Excadrill, L50, F|\n|poke|p2|Sinistcha, L50|\n|poke|p2|Incineroar, L50, M|\n|teampreview|4\ndohawyth rejected open team sheets.\n|inactive|Battle timer is ON: inactive players will automatically lose when time's up. (requested by dohawyth)\n|\n|t:|1776606573\n|teamsize|p1|4\n|teamsize|p2|4\n|start\n|switch|p1a: Sinistcha|Sinistcha, L50|100/100\n|switch|p1b: Incineroar|Incineroar, L50, M|100/100\n|switch|p2a: Corviknight|Corviknight, L50, M|100/100\n|switch|p2b: Tyranitar|Tyranitar, L50, M|100/100\n|-weather|Sandstorm|[from] ability: Sand Stream|[of] p2b: Tyranitar\n|-ability|p1b: Incineroar|Intimidate|boost\n|-ability|p2a: Corviknight|Mirror Armor\n|-unboost|p1b: Incineroar|atk|1\n|-unboost|p2b: Tyranitar|atk|1\n|turn|1\n|\n|t:|1776606597\n|switch|p2b: Sinistcha|Sinistcha, L50|100/100\n|move|p1b: Incineroar|Fake Out|p2b: Sinistcha\n|-immune|p2b: Sinistcha\n|move|p2a: Corviknight|Body Press|p1b: Incineroar\n|-supereffective|p1b: Incineroar|1\n|-damage|p1b: Incineroar|57/100\n|move|p1a: Sinistcha|Trick Room|p1a: Sinistcha\n|-fieldstart|move: Trick Room|[of] p1a: Sinistcha\n|\n|-weather|Sandstorm|[upkeep]\n|-damage|p1b: Incineroar|51/100|[from] Sandstorm\n|-damage|p1a: Sinistcha|94/100|[from] Sandstorm\n|-damage|p2b: Sinistcha|94/100|[from] Sandstorm\n|upkeep\n|turn|2\n|inactive|dohawyth has 30 seconds left.\n|\n|t:|1776606623\n|switch|p1b: Primarina|Primarina, L50, M|100/100\n|move|p1a: Sinistcha|Shadow Ball|p2b: Sinistcha\n|-supereffective|p2b: Sinistcha|1\n|-damage|p2b: Sinistcha|0 fnt\n|faint|p2b: Sinistcha\n|move|p2a: Corviknight|Body Press|p1b: Primarina\n|-resisted|p1b: Primarina|1\n|-damage|p1b: Primarina|85/100\n|\n|-weather|Sandstorm|[upkeep]\n|-damage|p1b: Primarina|79/100|[from] Sandstorm\n|-damage|p1a: Sinistcha|88/100|[from] Sandstorm\n|-heal|p1b: Primarina|85/100|[from] item: Leftovers\n|upkeep\n|\n|t:|1776606636\n|switch|p2b: Tyranitar|Tyranitar, L50, M|100/100\n|turn|3\n|\n|t:|1776606642\n|detailschange|p2b: Tyranitar|Tyranitar-Mega, L50, M\n|-mega|p2b: Tyranitar|Tyranitar|Tyranitarite\n|move|p1b: Primarina|Hyper Voice|p2a: Corviknight|[spread] p2a,p2b\n|-supereffective|p2b: Tyranitar|1\n|-damage|p2a: Corviknight|66/100\n|-damage|p2b: Tyranitar|66/100\n|move|p1a: Sinistcha|Matcha Gotcha|p2b: Tyranitar|[spread] p2a,p2b\n|-resisted|p2a: Corviknight|2\n|-supereffective|p2b: Tyranitar|1\n|-damage|p2a: Corviknight|58/100\n|-heal|p1a: Sinistcha|94/100|[from] drain|[of] p2a: Corviknight\n|-damage|p2b: Tyranitar|30/100\n|-heal|p1a: Sinistcha|100/100|[from] drain|[of] p2b: Tyranitar\n|move|p2a: Corviknight|Brave Bird|p1b: Primarina\n|-damage|p1b: Primarina|38/100\n|-damage|p2a: Corviknight|44/100|[from] Recoil\n|move|p2b: Tyranitar|Knock Off|p1a: Sinistcha\n|-supereffective|p1a: Sinistcha|1\n|-damage|p1a: Sinistcha|0 fnt\n|-enditem|p1a: Sinistcha|Occa Berry|[from] move: Knock Off|[of] p2b: Tyranitar\n|faint|p1a: Sinistcha\n|\n|-weather|Sandstorm|[upkeep]\n|-damage|p1b: Primarina|32/100|[from] Sandstorm\n|-heal|p1b: Primarina|38/100|[from] item: Leftovers\n|-heal|p2a: Corviknight|50/100|[from] item: Leftovers\n|upkeep\n|\n|t:|1776606653\n|switch|p1a: Crabominable|Crabominable, L50, F|100/100\n|turn|4\n|inactive|jamyrok has 30 seconds left.\n|\n|t:|1776606679\n|move|p1a: Crabominable|Protect|p1a: Crabominable\n|-singleturn|p1a: Crabominable|Protect\n|move|p2b: Tyranitar|Protect|p2b: Tyranitar\n|-singleturn|p2b: Tyranitar|Protect\n|move|p1b: Primarina|Hyper Voice|p2a: Corviknight|[spread] p2a\n|-activate|p2b: Tyranitar|move: Protect\n|-damage|p2a: Corviknight|10/100\n|move|p2a: Corviknight|Brave Bird|p1b: Primarina\n|-damage|p1b: Primarina|0 fnt\n|faint|p1b: Primarina\n|-damage|p2a: Corviknight|0 fnt|[from] Recoil\n|faint|p2a: Corviknight\n|\n|-weather|Sandstorm|[upkeep]\n|-damage|p1a: Crabominable|95/100|[from] Sandstorm\n|upkeep\n|\n|t:|1776606694\n|switch|p1b: Incineroar|Incineroar, L50, M|51/100\n|switch|p2a: Rotom|Rotom-Wash, L50|100/100\n|-ability|p1b: Incineroar|Intimidate|boost\n|-unboost|p2a: Rotom|atk|1\n|-unboost|p2b: Tyranitar|atk|1\n|turn|5\n|\n|t:|1776606704\n|detailschange|p1a: Crabominable|Crabominable-Mega, L50, F\n|-mega|p1a: Crabominable|Crabominable|Crabominite\n|move|p1b: Incineroar|Fake Out|p2a: Rotom\n|-damage|p2a: Rotom|86/100\n|move|p1a: Crabominable|Mach Punch|p2b: Tyranitar\n|-supereffective|p2b: Tyranitar|2\n|-damage|p2b: Tyranitar|0 fnt\n|faint|p2b: Tyranitar\n|cant|p2a: Rotom|flinch\n|\n|-weather|none\n|-fieldend|move: Trick Room\n|upkeep\n|turn|6\n|\n|t:|1776606722\n|move|p2a: Rotom|Hydro Pump|p1b: Incineroar\n|-supereffective|p1b: Incineroar|1\n|-damage|p1b: Incineroar|0 fnt\n|faint|p1b: Incineroar\n|move|p1a: Crabominable|Drain Punch|p2a: Rotom\n|-damage|p2a: Rotom|12/100\n|-heal|p1a: Crabominable|100/100|[from] drain|[of] p2a: Rotom\n|\n|upkeep\n|turn|7\n|j| Heraxew\n|\n|t:|1776606730\n|move|p1a: Crabominable|Mach Punch|p2a: Rotom\n|-damage|p2a: Rotom|0 fnt\n|faint|p2a: Rotom\n|\n|win|dohawyth\n|raw|dohawyth's rating: 1342 &rarr; <strong>1362</strong><br />(+20 for winning)\n|raw|jamyrok's rating: 1337 &rarr; <strong>1317</strong><br />(-20 for losing)\n",
  "uploadtime": 1776606733,
  "views": 19,
  "formatid": "gen9championsvgc2026regma",
  "rating": 1317,
  "private": 0,
  "password": null
}