{
  "id": "gen9championsvgc2026regma-2584167245",
  "format": "[Gen 9 Champions] VGC 2026 Reg M-A",
  "players": [
    "Birdcritta",
    "piedidiconkeldurr"
  ],
  "log": "|j|\u2606Birdcritta\n|j|\u2606piedidiconkeldurr\n|t:|1776233342\n|gametype|doubles\n|player|p1|Birdcritta|2|1225\n|player|p2|piedidiconkeldurr|170|1152\n|gen|9\n|tier|[Gen 9 Champions] VGC 2026 Reg M-A\n|rated|\n|rule|Species Clause: Limit one of each Pok\u00e9mon\n|rule|Item Clause: Limit 1 of each item\n|clearpoke\n|poke|p1|Drampa, L50, F|\n|poke|p1|Froslass, L50, F|\n|poke|p1|Garchomp, L50, M|\n|poke|p1|Incineroar, L50, M|\n|poke|p1|Sinistcha, L50|\n|poke|p1|Torkoal, L50, M|\n|poke|p2|Corviknight, L50, M|\n|poke|p2|Tyranitar, L50, F|\n|poke|p2|Incineroar, L50, M|\n|poke|p2|Rotom-Wash, L50|\n|poke|p2|Garchomp, L50, M|\n|poke|p2|Sinistcha, L50|\n|teampreview|4\n|\n|t:|1776233392\n|teamsize|p1|4\n|teamsize|p2|4\n|start\n|switch|p1a: Froslass|Froslass, L50, F|100/100\n|switch|p1b: Incineroar|Incineroar, L50, M|100/100\n|switch|p2a: Incineroar|Incineroar, L50, M|100/100\n|switch|p2b: Corviknight|Corviknight, L50, M|100/100\n|-ability|p1b: Incineroar|Intimidate|boost\n|-unboost|p2a: Incineroar|atk|1\n|-ability|p2b: Corviknight|Mirror Armor\n|-unboost|p1b: Incineroar|atk|1\n|-ability|p2a: Incineroar|Intimidate|boost\n|-unboost|p1a: Froslass|atk|1\n|-unboost|p1b: Incineroar|atk|1\n|turn|1\n|inactive|Battle timer is ON: inactive players will automatically lose when time's up. (requested by Birdcritta)\n|\n|t:|1776233403\n|switch|p2b: Tyranitar|Tyranitar, L50, F|100/100\n|-weather|Sandstorm|[from] ability: Sand Stream|[of] p2b: Tyranitar\n|detailschange|p1a: Froslass|Froslass-Mega, L50, F\n|-mega|p1a: Froslass|Froslass|Froslassite\n|-weather|Snowscape|[from] ability: Snow Warning|[of] p1a: Froslass\n|move|p1a: Froslass|Aurora Veil|p1a: Froslass\n|-sidestart|p1: Birdcritta|move: Aurora Veil\n|move|p1b: Incineroar|Flare Blitz|p2b: Tyranitar\n|-resisted|p2b: Tyranitar|1\n|-damage|p2b: Tyranitar|89/100\n|-damage|p1b: Incineroar|96/100|[from] Recoil\n|move|p2a: Incineroar|Flare Blitz|p1a: Froslass\n|-supereffective|p1a: Froslass|1\n|-damage|p1a: Froslass|45/100\n|-status|p1a: Froslass|brn\n|-damage|p2a: Incineroar|88/100|[from] Recoil\n|\n|-weather|Snowscape|[upkeep]\n|-damage|p1a: Froslass|39/100 brn|[from] brn\n|upkeep\n|turn|2\n|inactive|piedidiconkeldurr has 30 seconds left.\n|inactive|Birdcritta has 30 seconds left.\n|inactive|piedidiconkeldurr has 20 seconds left.\n|inactive|piedidiconkeldurr has 15 seconds left.\n|inactive|Birdcritta has 20 seconds left.\n|\n|t:|1776233449\n|detailschange|p2b: Tyranitar|Tyranitar-Mega, L50, F\n|-mega|p2b: Tyranitar|Tyranitar|Tyranitarite\n|-weather|Sandstorm|[from] ability: Sand Stream|[of] p2b: Tyranitar\n|move|p1a: Froslass|Protect|p1a: Froslass\n|-singleturn|p1a: Froslass|Protect\n|move|p2b: Tyranitar|Dragon Dance|p2b: Tyranitar\n|-boost|p2b: Tyranitar|atk|1\n|-boost|p2b: Tyranitar|spe|1\n|move|p1b: Incineroar|Will-O-Wisp|p2b: Tyranitar\n|-status|p2b: Tyranitar|brn\n|move|p2a: Incineroar|Parting Shot|p1a: Froslass\n|-activate|p1a: Froslass|move: Protect\n|\n|-weather|Sandstorm|[upkeep]\n|-damage|p1a: Froslass|33/100 brn|[from] Sandstorm\n|-damage|p1b: Incineroar|90/100|[from] Sandstorm\n|-damage|p2a: Incineroar|82/100|[from] Sandstorm\n|-damage|p1a: Froslass|27/100 brn|[from] brn\n|-damage|p2b: Tyranitar|83/100 brn|[from] brn\n|upkeep\n|turn|3\n|\n|t:|1776233472\n|switch|p1a: Sinistcha|Sinistcha, L50|100/100\n|-heal|p1b: Incineroar|100/100|[from] ability: Hospitality|[of] p1a: Sinistcha\n|move|p2b: Tyranitar|Dragon Dance|p2b: Tyranitar\n|-boost|p2b: Tyranitar|atk|1\n|-boost|p2b: Tyranitar|spe|1\n|move|p1b: Incineroar|Parting Shot|p2b: Tyranitar\n|-unboost|p2b: Tyranitar|atk|1\n|-unboost|p2b: Tyranitar|spa|1\n|\n|t:|1776233480\n|switch|p1b: Froslass|Froslass-Mega, L50, F|27/100 brn|[from] Parting Shot\n|-weather|Snowscape|[from] ability: Snow Warning|[of] p1b: Froslass\n|move|p2a: Incineroar|Parting Shot|p1a: Sinistcha\n|-unboost|p1a: Sinistcha|atk|1\n|-unboost|p1a: Sinistcha|spa|1\n|\n|t:|1776233495\n|switch|p2a: Corviknight|Corviknight, L50, M|100/100|[from] Parting Shot\n|\n|-weather|Snowscape|[upkeep]\n|-damage|p2b: Tyranitar|77/100 brn|[from] brn\n|-damage|p1b: Froslass|20/100 brn|[from] brn\n|upkeep\n|turn|4\n|\n|t:|1776233519\n|move|p2b: Tyranitar|Crunch|p1a: Sinistcha\n|-supereffective|p1a: Sinistcha|1\n|-damage|p1a: Sinistcha|58/100\n|move|p1b: Froslass|Blizzard|p2a: Corviknight|[spread] p2a,p2b\n|-damage|p2a: Corviknight|65/100\n|-damage|p2b: Tyranitar|44/100 brn\n|move|p1a: Sinistcha|Matcha Gotcha|p2a: Corviknight|[spread] p2b\n|-miss|p1a: Sinistcha|p2a: Corviknight\n|-supereffective|p2b: Tyranitar|1\n|-damage|p2b: Tyranitar|12/100 brn\n|-heal|p1a: Sinistcha|76/100|[from] drain|[of] p2b: Tyranitar\n|move|p2a: Corviknight|Iron Head|p1b: Froslass\n|-supereffective|p1b: Froslass|1\n|-damage|p1b: Froslass|0 fnt\n|faint|p1b: Froslass\n|\n|-weather|Snowscape|[upkeep]\n|-heal|p2a: Corviknight|71/100|[from] item: Leftovers\n|-damage|p2b: Tyranitar|6/100 brn|[from] brn\n|upkeep\n|\n|t:|1776233540\n|switch|p1b: Garchomp|Garchomp, L50, M, shiny|100/100\n|turn|5\n|\n|t:|1776233550\n|move|p1a: Sinistcha|Rage Powder|p1a: Sinistcha\n|-singleturn|p1a: Sinistcha|move: Rage Powder\n|move|p2b: Tyranitar|Crunch|p1a: Sinistcha\n|-supereffective|p1a: Sinistcha|1\n|-damage|p1a: Sinistcha|30/100\n|move|p1b: Garchomp|Swords Dance|p1b: Garchomp\n|-boost|p1b: Garchomp|atk|2\n|move|p2a: Corviknight|Iron Defense|p2a: Corviknight\n|-boost|p2a: Corviknight|def|2\n|\n|-weather|Snowscape|[upkeep]\n|-heal|p2a: Corviknight|77/100|[from] item: Leftovers\n|-damage|p2b: Tyranitar|0 fnt|[from] brn\n|faint|p2b: Tyranitar\n|-sideend|p1: Birdcritta|move: Aurora Veil\n|upkeep\n|\n|t:|1776233561\n|switch|p2b: Incineroar|Incineroar, L50, M|82/100\n|-ability|p2b: Incineroar|Intimidate|boost\n|-unboost|p1a: Sinistcha|atk|1\n|-unboost|p1b: Garchomp|atk|1\n|turn|6\n|\n|t:|1776233581\n|switch|p1a: Incineroar|Incineroar, L50, M|100/100\n|-ability|p1a: Incineroar|Intimidate|boost\n|-ability|p2a: Corviknight|Mirror Armor\n|-unboost|p1a: Incineroar|atk|1\n|-unboost|p2b: Incineroar|atk|1\n|move|p2b: Incineroar|Fake Out|p1b: Garchomp\n|-damage|p1b: Garchomp|91/100\n|-damage|p2b: Incineroar|69/100|[from] ability: Rough Skin|[of] p1b: Garchomp\n|cant|p1b: Garchomp|flinch\n|move|p2a: Corviknight|Iron Defense|p2a: Corviknight\n|-boost|p2a: Corviknight|def|2\n|\n|-weather|Snowscape|[upkeep]\n|-heal|p2a: Corviknight|83/100|[from] item: Leftovers\n|upkeep\n|turn|7\n|inactive|piedidiconkeldurr has 30 seconds left.\n|\n|t:|1776233608\n|move|p1b: Garchomp|Swords Dance|p1b: Garchomp\n|-boost|p1b: Garchomp|atk|2\n|move|p1a: Incineroar|Will-O-Wisp|p2a: Corviknight\n|-status|p2a: Corviknight|brn\n|move|p2a: Corviknight|Tailwind|p2a: Corviknight\n|-sidestart|p2: piedidiconkeldurr|move: Tailwind\n|move|p2b: Incineroar|Parting Shot|p1b: Garchomp\n|-unboost|p1b: Garchomp|atk|1\n|-unboost|p1b: Garchomp|spa|1\n|\n|t:|1776233620\n|switch|p2b: Garchomp|Garchomp, L50, M|100/100|[from] Parting Shot\n|\n|-weather|none\n|-heal|p2a: Corviknight|89/100 brn|[from] item: Leftovers\n|-damage|p2a: Corviknight|83/100 brn|[from] brn\n|upkeep\n|turn|8\n|\n|t:|1776233630\n|switch|p1b: Sinistcha|Sinistcha, L50|30/100\n|move|p2b: Garchomp|Earthquake|p1b: Sinistcha|[spread] p1a,p1b\n|-immune|p2a: Corviknight\n|-supereffective|p1a: Incineroar|1\n|-resisted|p1b: Sinistcha|1\n|-damage|p1a: Incineroar|33/100\n|-damage|p1b: Sinistcha|15/100\n|-enditem|p1a: Incineroar|Sitrus Berry|[eat]\n|-heal|p1a: Incineroar|58/100|[from] item: Sitrus Berry\n|move|p2a: Corviknight|Body Press|p1a: Incineroar\n|-supereffective|p1a: Incineroar|1\n|-damage|p1a: Incineroar|2/100\n|move|p1a: Incineroar|Will-O-Wisp|p2b: Garchomp\n|-status|p2b: Garchomp|brn\n|\n|-heal|p2a: Corviknight|89/100 brn|[from] item: Leftovers\n|-damage|p2b: Garchomp|95/100 brn|[from] brn\n|-damage|p2a: Corviknight|83/100 brn|[from] brn\n|upkeep\n|turn|9\n|inactive|piedidiconkeldurr has 30 seconds left.\n|\n|t:|1776233657\n|move|p2b: Garchomp|Earthquake|p1a: Incineroar|[spread] p1a,p1b\n|-immune|p2a: Corviknight\n|-supereffective|p1a: Incineroar|1\n|-resisted|p1b: Sinistcha|1\n|-damage|p1a: Incineroar|0 fnt\n|-damage|p1b: Sinistcha|7/100\n|faint|p1a: Incineroar\n|move|p2a: Corviknight|Body Press|p1b: Sinistcha\n|-immune|p1b: Sinistcha\n|move|p1b: Sinistcha|Matcha Gotcha|p2b: Garchomp|[spread] p2a,p2b\n|-resisted|p2a: Corviknight|2\n|-damage|p2a: Corviknight|77/100 brn\n|-heal|p1b: Sinistcha|10/100|[from] drain|[of] p2a: Corviknight\n|-damage|p2b: Garchomp|65/100 brn\n|-heal|p1b: Sinistcha|27/100|[from] drain|[of] p2b: Garchomp\n|\n|-heal|p2a: Corviknight|83/100 brn|[from] item: Leftovers\n|-damage|p2b: Garchomp|59/100 brn|[from] brn\n|-damage|p2a: Corviknight|77/100 brn|[from] brn\n|upkeep\n|\n|t:|1776233672\n|switch|p1a: Garchomp|Garchomp, L50, M, shiny|91/100\n|turn|10\n|\n|t:|1776233679\n|move|p1b: Sinistcha|Rage Powder|p1b: Sinistcha\n|-singleturn|p1b: Sinistcha|move: Rage Powder\n|move|p2b: Garchomp|Rock Slide|p1a: Garchomp|[spread] p1a,p1b\n|-resisted|p1a: Garchomp|1\n|-damage|p1a: Garchomp|87/100\n|-damage|p1b: Sinistcha|19/100\n|move|p2a: Corviknight|Body Press|p1b: Sinistcha\n|-immune|p1b: Sinistcha\n|move|p1a: Garchomp|Outrage|p2a: Corviknight\n|-resisted|p2a: Corviknight|1\n|-damage|p2a: Corviknight|68/100 brn\n|\n|-heal|p2a: Corviknight|74/100 brn|[from] item: Leftovers\n|-damage|p2b: Garchomp|54/100 brn|[from] brn\n|-damage|p2a: Corviknight|68/100 brn|[from] brn\n|-sideend|p2: piedidiconkeldurr|move: Tailwind\n|upkeep\n|turn|11\n|\n|t:|1776233703\n|switch|p2b: Incineroar|Incineroar, L50, M|69/100\n|-ability|p2b: Incineroar|Intimidate|boost\n|-unboost|p1a: Garchomp|atk|1\n|-unboost|p1b: Sinistcha|atk|1\n|move|p1b: Sinistcha|Rage Powder|p1b: Sinistcha\n|-singleturn|p1b: Sinistcha|move: Rage Powder\n|move|p1a: Garchomp|Outrage|p2a: Corviknight|[from] lockedmove\n|-resisted|p2a: Corviknight|1\n|-damage|p2a: Corviknight|61/100 brn\n|-start|p1a: Garchomp|confusion|[fatigue]\n|-enditem|p1a: Garchomp|Lum Berry|[eat]\n|-end|p1a: Garchomp|confusion\n|move|p2a: Corviknight|Iron Head|p1b: Sinistcha\n|-damage|p1b: Sinistcha|6/100\n|\n|-heal|p2a: Corviknight|67/100 brn|[from] item: Leftovers\n|-damage|p2a: Corviknight|61/100 brn|[from] brn\n|upkeep\n|turn|12\n|\n|t:|1776233721\n|move|p2b: Incineroar|Fake Out|p1a: Garchomp\n|-damage|p1a: Garchomp|75/100\n|-damage|p2b: Incineroar|57/100|[from] ability: Rough Skin|[of] p1a: Garchomp\n|cant|p1a: Garchomp|flinch\n|move|p2a: Corviknight|Iron Head|p1b: Sinistcha\n|-damage|p1b: Sinistcha|0 fnt\n|faint|p1b: Sinistcha\n|\n|-heal|p2a: Corviknight|67/100 brn|[from] item: Leftovers\n|-damage|p2a: Corviknight|61/100 brn|[from] brn\n|upkeep\n|turn|13\n|\n|t:|1776233737\n|move|p1a: Garchomp|Swords Dance|p1a: Garchomp\n|-boost|p1a: Garchomp|atk|2\n|move|p2a: Corviknight|Body Press|p1a: Garchomp\n|-damage|p1a: Garchomp|48/100\n|-damage|p2a: Corviknight|49/100 brn|[from] ability: Rough Skin|[of] p1a: Garchomp\n|move|p2b: Incineroar|Parting Shot|p1a: Garchomp\n|-unboost|p1a: Garchomp|atk|1\n|-unboost|p1a: Garchomp|spa|1\n|\n|t:|1776233745\n|switch|p2b: Garchomp|Garchomp, L50, M|54/100 brn|[from] Parting Shot\n|\n|-heal|p2a: Corviknight|55/100 brn|[from] item: Leftovers\n|-damage|p2b: Garchomp|48/100 brn|[from] brn\n|-damage|p2a: Corviknight|49/100 brn|[from] brn\n|upkeep\n|turn|14\n|\n|t:|1776233755\n|move|p2b: Garchomp|Earthquake|p1a: Garchomp|[spread] p1a\n|-immune|p2a: Corviknight\n|-damage|p1a: Garchomp|30/100\n|move|p1a: Garchomp|Outrage|p2a: Corviknight\n|-resisted|p2a: Corviknight|1\n|-damage|p2a: Corviknight|41/100 brn\n|move|p2a: Corviknight|Body Press|p1a: Garchomp\n|-damage|p1a: Garchomp|0 fnt\n|-damage|p2a: Corviknight|29/100 brn|[from] ability: Rough Skin|[of] p1a: Garchomp\n|faint|p1a: Garchomp\n|\n|win|piedidiconkeldurr\n|raw|Birdcritta's rating: 1225 &rarr; <strong>1195</strong><br />(-30 for losing)\n|raw|piedidiconkeldurr's rating: 1152 &rarr; <strong>1182</strong><br />(+30 for winning)\n",
  "uploadtime": 1776233762,
  "views": 18,
  "formatid": "gen9championsvgc2026regma",
  "rating": 1182,
  "private": 0,
  "password": null
}