{
  "id": "gen9championsvgc2026regma-2581725352",
  "format": "[Gen 9 Champions] VGC 2026 Reg M-A",
  "players": [
    "radstads",
    "nosekponerkaja"
  ],
  "log": "|j|\u2606radstads\n|j|\u2606nosekponerkaja\n|t:|1776023636\n|gametype|doubles\n|player|p1|radstads|102|1056\n|player|p2|nosekponerkaja|169|1091\n|gen|9\n|tier|[Gen 9 Champions] VGC 2026 Reg M-A\n|rated|\n|rule|Species Clause: Limit one of each Pok\u00e9mon\n|rule|Item Clause: Limit 1 of each item\n|clearpoke\n|poke|p1|Zoroark-Hisui, L50, M|\n|poke|p1|Maushold, L50|\n|poke|p1|Palafin, L50, F|\n|poke|p1|Gengar, L50, F|\n|poke|p1|Kommo-o, L50, F|\n|poke|p1|Altaria, L50, F|\n|poke|p2|Starmie, L50|\n|poke|p2|Pelipper, L50, F|\n|poke|p2|Whimsicott, L50, F|\n|poke|p2|Sneasler, L50, M|\n|poke|p2|Kingambit, L50, F|\n|poke|p2|Dragonite, L50, M|\n|teampreview|4\n|\n|t:|1776023654\n|teamsize|p1|4\n|teamsize|p2|4\n|start\n|switch|p1a: Gengar|Gengar, L50, F|100/100\n|switch|p1b: Palafin|Palafin, L50, F|100/100\n|switch|p2a: Kingambit|Kingambit, L50, F|100/100\n|switch|p2b: Sneasler|Sneasler, L50, M|100/100\n|turn|1\n|\n|t:|1776023682\n|detailschange|p1a: Gengar|Gengar-Mega, L50, F\n|-mega|p1a: Gengar|Gengar|Gengarite\n|move|p2b: Sneasler|Fake Out|p1b: Palafin\n|-immune|p1b: Palafin\n|move|p1b: Palafin|Trick|p2b: Sneasler\n|-activate|p1b: Palafin|move: Trick|[of] p2b: Sneasler\n|-item|p2b: Sneasler|Choice Scarf|[from] move: Trick\n|-item|p1b: Palafin|White Herb|[from] move: Trick\n|move|p1a: Gengar|Substitute|p1a: Gengar\n|-start|p1a: Gengar|Substitute\n|-damage|p1a: Gengar|76/100\n|move|p2a: Kingambit|Kowtow Cleave|p1a: Gengar\n|-supereffective|p1a: Gengar|1\n|-end|p1a: Gengar|Substitute\n|\n|upkeep\n|turn|2\n|\n|t:|1776023728\n|switch|p1b: Palafin|Palafin, L50, F|100/100\n|move|p2b: Sneasler|Protect|p2b: Sneasler\n|-singleturn|p2b: Sneasler|Protect\n|move|p1a: Gengar|Protect|p1a: Gengar\n|-singleturn|p1a: Gengar|Protect\n|move|p2a: Kingambit|Kowtow Cleave|p1a: Gengar\n|-activate|p1a: Gengar|move: Protect\n|\n|upkeep\n|turn|3\n|\n|t:|1776023750\n|move|p2b: Sneasler|Protect|p2b: Sneasler\n|-singleturn|p2b: Sneasler|Protect\n|move|p1a: Gengar|Substitute|p1a: Gengar\n|-start|p1a: Gengar|Substitute\n|-damage|p1a: Gengar|51/100\n|move|p1b: Palafin|Flip Turn|p2a: Kingambit\n|-damage|p2a: Kingambit|81/100\n|\n|t:|1776023759\n|detailschange|p1b: Palafin|Palafin-Hero, L50, F\n|switch|p1b: Kommo-o|Kommo-o, L50, F|100/100|[from] Flip Turn\n|move|p2a: Kingambit|Kowtow Cleave|p1a: Gengar\n|-supereffective|p1a: Gengar|1\n|-end|p1a: Gengar|Substitute\n|\n|upkeep\n|turn|4\n|\n|t:|1776023771\n|move|p2b: Sneasler|Protect||[still]\n|-fail|p2b: Sneasler\n|move|p1a: Gengar|Protect|p1a: Gengar\n|-singleturn|p1a: Gengar|Protect\n|move|p1b: Kommo-o|Clangorous Soul|p1b: Kommo-o\n|-boost|p1b: Kommo-o|atk|1\n|-boost|p1b: Kommo-o|def|1\n|-boost|p1b: Kommo-o|spa|1\n|-boost|p1b: Kommo-o|spd|1\n|-boost|p1b: Kommo-o|spe|1\n|-damage|p1b: Kommo-o|68/100\n|move|p2a: Kingambit|Kowtow Cleave|p1a: Gengar\n|-activate|p1a: Gengar|move: Protect\n|\n|-heal|p1b: Kommo-o|74/100|[from] item: Leftovers\n|upkeep\n|turn|5\n|\n|t:|1776023796\n|move|p2b: Sneasler|Protect|p2b: Sneasler\n|-singleturn|p2b: Sneasler|Protect\n|move|p1b: Kommo-o|Aura Sphere|p2a: Kingambit\n|-supereffective|p2a: Kingambit|2\n|-enditem|p2a: Kingambit|Chople Berry|[eat]\n|-enditem|p2a: Kingambit|Chople Berry|[weaken]\n|-damage|p2a: Kingambit|0 fnt\n|faint|p2a: Kingambit\n|move|p1a: Gengar|Substitute|p1a: Gengar\n|-start|p1a: Gengar|Substitute\n|-damage|p1a: Gengar|27/100\n|\n|-heal|p1b: Kommo-o|79/100|[from] item: Leftovers\n|upkeep\n|\n|t:|1776023810\n|switch|p2a: Starmie|Starmie, L50|100/100\n|turn|6\n|\n|t:|1776023827\n|detailschange|p2a: Starmie|Starmie-Mega, L50\n|-mega|p2a: Starmie|Starmie|Starminite\n|move|p2b: Sneasler|Protect||[still]\n|-fail|p2b: Sneasler\n|move|p1b: Kommo-o|Protect|p1b: Kommo-o\n|-singleturn|p1b: Kommo-o|Protect\n|move|p1a: Gengar|Shadow Ball|p2a: Starmie\n|-supereffective|p2a: Starmie|1\n|-damage|p2a: Starmie|0 fnt\n|faint|p2a: Starmie\n|\n|-heal|p1b: Kommo-o|85/100|[from] item: Leftovers\n|upkeep\n|-message|nosekponerkaja forfeited.\n|\n|win|radstads\n|raw|radstads's rating: 1056 &rarr; <strong>1091</strong><br />(+35 for winning)\n|raw|nosekponerkaja's rating: 1091 &rarr; <strong>1065</strong><br />(-26 for losing)\n|l|\u2606nosekponerkaja\n|player|p2|\n",
  "uploadtime": 1776023843,
  "views": 11,
  "formatid": "gen9championsvgc2026regma",
  "rating": 1065,
  "private": 0,
  "password": null
}