{
  "id": "gen9championsvgc2026regma-2583372267",
  "format": "[Gen 9 Champions] VGC 2026 Reg M-A",
  "players": [
    "EpiclyEpicGamerW",
    "alvesteban"
  ],
  "log": "|j|\u203dEpiclyEpicGamerW\n|j|\u2606alvesteban\n|t:|1776170987\n|gametype|doubles\n|player|p1|EpiclyEpicGamerW|red-masters|1095\n|player|p2|alvesteban|170|1152\n|gen|9\n|tier|[Gen 9 Champions] VGC 2026 Reg M-A\n|rated|\n|rule|Species Clause: Limit one of each Pok\u00e9mon\n|rule|Item Clause: Limit 1 of each item\n|clearpoke\n|poke|p1|Delphox, L50, F|\n|poke|p1|Floette-Eternal, L50, F|\n|poke|p1|Sneasler, L50, M|\n|poke|p1|Maushold-Four, L50|\n|poke|p1|Basculegion, L50, M|\n|poke|p1|Aerodactyl, L50, F|\n|poke|p2|Charizard, L50, M|\n|poke|p2|Maushold, L50|\n|poke|p2|Sneasler, L50, M|\n|poke|p2|Dragapult, L50, M|\n|poke|p2|Kingambit, L50, M|\n|poke|p2|Garchomp, L50, F|\n|teampreview|4\n|inactive|Battle timer is ON: inactive players will automatically lose when time's up. (requested by EpiclyEpicGamerW)\n|inactive|EpiclyEpicGamerW has 60 seconds left.\n|inactive|alvesteban has 60 seconds left.\n|\n|t:|1776171026\n|teamsize|p1|4\n|teamsize|p2|4\n|start\n|switch|p1a: Sneasler|Sneasler, L50, M|100/100\n|switch|p1b: Aerodactyl|Aerodactyl, L50, F|100/100\n|switch|p2a: Charizard|Charizard, L50, M, shiny|100/100\n|switch|p2b: Garchomp|Garchomp, L50, F|100/100\n|-ability|p1b: Aerodactyl|Unnerve\n|turn|1\n|inactive|alvesteban has 30 seconds left.\n|\n|t:|1776171060\n|detailschange|p2a: Charizard|Charizard-Mega-Y, L50, M, shiny\n|-mega|p2a: Charizard|Charizard|Charizardite Y\n|-weather|SunnyDay|[from] ability: Drought|[of] p2a: Charizard\n|move|p1a: Sneasler|Fake Out|p2b: Garchomp\n|-damage|p2b: Garchomp|88/100\n|-damage|p1a: Sneasler|88/100|[from] ability: Rough Skin|[of] p2b: Garchomp\n|cant|p2b: Garchomp|flinch\n|move|p1b: Aerodactyl|Tailwind|p1b: Aerodactyl\n|-sidestart|p1: EpiclyEpicGamerW|move: Tailwind\n|move|p2a: Charizard|Heat Wave|p1b: Aerodactyl|[spread] p1a,p1b\n|-resisted|p1b: Aerodactyl|1\n|-damage|p1a: Sneasler|8/100\n|-damage|p1b: Aerodactyl|57/100\n|\n|-weather|SunnyDay|[upkeep]\n|upkeep\n|turn|2\n|\n|t:|1776171081\n|move|p2a: Charizard|Protect|p2a: Charizard\n|-singleturn|p2a: Charizard|Protect\n|move|p1b: Aerodactyl|Rock Slide|p2b: Garchomp|[spread] p2b\n|-activate|p2a: Charizard|move: Protect\n|-resisted|p2b: Garchomp|1\n|-damage|p2b: Garchomp|75/100\n|move|p1a: Sneasler|Close Combat|p2b: Garchomp\n|-damage|p2b: Garchomp|19/100\n|-unboost|p1a: Sneasler|def|1\n|-unboost|p1a: Sneasler|spd|1\n|-damage|p1a: Sneasler|0 fnt|[from] ability: Rough Skin|[of] p2b: Garchomp\n|faint|p1a: Sneasler\n|move|p2b: Garchomp|Rock Slide|p1b: Aerodactyl\n|-supereffective|p1b: Aerodactyl|1\n|-damage|p1b: Aerodactyl|0 fnt\n|faint|p1b: Aerodactyl\n|\n|-weather|SunnyDay|[upkeep]\n|upkeep\n|\n|t:|1776171093\n|switch|p1b: Floette|Floette-Eternal, L50, F|100/100\n|switch|p1a: Maushold|Maushold-Four, L50|100/100\n|turn|3\n|\n|t:|1776171108\n|switch|p2b: Kingambit|Kingambit, L50, M, shiny|100/100\n|detailschange|p1b: Floette|Floette-Mega, L50, F\n|-mega|p1b: Floette|Floette|Floettite\n|-ability|p1b: Floette|Fairy Aura\n|move|p1a: Maushold|Protect|p1a: Maushold\n|-singleturn|p1a: Maushold|Protect\n|move|p1b: Floette|Calm Mind|p1b: Floette\n|-boost|p1b: Floette|spa|1\n|-boost|p1b: Floette|spd|1\n|move|p2a: Charizard|Heat Wave|p1a: Maushold|[spread] p1b\n|-activate|p1a: Maushold|move: Protect\n|-damage|p1b: Floette|73/100\n|\n|-weather|SunnyDay|[upkeep]\n|upkeep\n|turn|4\n|\n|t:|1776171128\n|move|p1a: Maushold|Super Fang|p2b: Kingambit\n|-damage|p2b: Kingambit|51/100\n|move|p1b: Floette|Dazzling Gleam|p2a: Charizard|[spread] p2a,p2b\n|-resisted|p2a: Charizard|1\n|-damage|p2a: Charizard|73/100\n|-damage|p2b: Kingambit|0 fnt\n|faint|p2b: Kingambit\n|move|p2a: Charizard|Heat Wave|p1a: Maushold|[spread] p1a\n|-miss|p2a: Charizard|p1b: Floette\n|-damage|p1a: Maushold|23/100\n|\n|-weather|SunnyDay|[upkeep]\n|-sideend|p1: EpiclyEpicGamerW|move: Tailwind\n|upkeep\n|\n|t:|1776171148\n|switch|p2b: Garchomp|Garchomp, L50, F|19/100\n|turn|5\n|\n|t:|1776171156\n|move|p1a: Maushold|Protect|p1a: Maushold\n|-singleturn|p1a: Maushold|Protect\n|move|p2b: Garchomp|Earthquake|p1b: Floette|[spread] p1b\n|-activate|p1a: Maushold|move: Protect\n|-immune|p2a: Charizard\n|-damage|p1b: Floette|40/100\n|move|p1b: Floette|Dazzling Gleam|p2b: Garchomp|[spread] p2a,p2b\n|-resisted|p2a: Charizard|1\n|-supereffective|p2b: Garchomp|1\n|-damage|p2a: Charizard|45/100\n|-damage|p2b: Garchomp|0 fnt\n|faint|p2b: Garchomp\n|move|p2a: Charizard|Heat Wave|p1b: Floette|[spread] p1b\n|-activate|p1a: Maushold|move: Protect\n|-damage|p1b: Floette|14/100\n|-status|p1b: Floette|brn\n|\n|-weather|none\n|-damage|p1b: Floette|8/100 brn|[from] brn\n|upkeep\n|\n|t:|1776171172\n|switch|p2b: Maushold|Maushold, L50|100/100\n|turn|6\n|\n|t:|1776171189\n|move|p2b: Maushold|Protect|p2b: Maushold\n|-singleturn|p2b: Maushold|Protect\n|move|p2a: Charizard|Protect|p2a: Charizard\n|-singleturn|p2a: Charizard|Protect\n|move|p1a: Maushold|Super Fang|p2b: Maushold\n|-activate|p2b: Maushold|move: Protect\n|move|p1b: Floette|Dazzling Gleam|p2a: Charizard|[spread] \n|-activate|p2a: Charizard|move: Protect\n|-activate|p2b: Maushold|move: Protect\n|\n|-damage|p1b: Floette|2/100 brn|[from] brn\n|upkeep\n|turn|7\n|\n|t:|1776171211\n|move|p2b: Maushold|Follow Me|p2b: Maushold\n|-singleturn|p2b: Maushold|move: Follow Me\n|move|p1a: Maushold|Super Fang|p2b: Maushold\n|-damage|p2b: Maushold|51/100\n|move|p1b: Floette|Dazzling Gleam|p2a: Charizard|[spread] p2a,p2b\n|-resisted|p2a: Charizard|1\n|-damage|p2a: Charizard|25/100\n|-damage|p2b: Maushold|0 fnt\n|faint|p2b: Maushold\n|move|p2a: Charizard|Heat Wave|p1b: Floette|[spread] p1a,p1b\n|-damage|p1a: Maushold|0 fnt\n|-damage|p1b: Floette|0 fnt\n|faint|p1a: Maushold\n|faint|p1b: Floette\n|\n|win|alvesteban\n|raw|EpiclyEpicGamerW's rating: 1095 &rarr; <strong>1075</strong><br />(-20 for losing)\n|raw|alvesteban's rating: 1152 &rarr; <strong>1173</strong><br />(+21 for winning)\n|l|\u2606alvesteban\n|player|p2|\n",
  "uploadtime": 1776171224,
  "views": 18,
  "formatid": "gen9championsvgc2026regma",
  "rating": 1075,
  "private": 0,
  "password": null
}