{
  "id": "gen9championsvgc2026regma-2585997294",
  "format": "[Gen 9 Champions] VGC 2026 Reg M-A",
  "players": [
    "Preschooler Mia",
    "BlackRhino825"
  ],
  "log": "|j|\u2606Preschooler Mia\n|j|\u2606BlackRhino825\n|t:|1776388751\n|gametype|doubles\n|player|p1|Preschooler Mia|twins-gen4dp|1347\n|player|p2|BlackRhino825|hilbert|1312\n|gen|9\n|tier|[Gen 9 Champions] VGC 2026 Reg M-A\n|rated|\n|rule|Species Clause: Limit one of each Pok\u00e9mon\n|rule|Item Clause: Limit 1 of each item\n|clearpoke\n|poke|p1|Sableye, L50, F|\n|poke|p1|Floette-Eternal, L50, F|\n|poke|p1|Meowscarada, L50, F|\n|poke|p1|Milotic, L50, F|\n|poke|p1|Delphox, L50, F|\n|poke|p1|Sneasler, L50, M|\n|poke|p2|Snorlax, L50, F|\n|poke|p2|Sinistcha-Masterpiece, L50|\n|poke|p2|Incineroar, L50, M|\n|poke|p2|Gardevoir, L50, M|\n|poke|p2|Aerodactyl, L50, F|\n|poke|p2|Basculegion, L50, M|\n|teampreview|4\n|inactive|Battle timer is ON: inactive players will automatically lose when time's up. (requested by BlackRhino825)\nBlackRhino825 rejected open team sheets.\n|inactive|Preschooler Mia has 60 seconds left.\n|\n|t:|1776388798\n|teamsize|p1|4\n|teamsize|p2|4\n|start\n|switch|p1a: Meowscarada|Meowscarada, L50, F, shiny|100/100\n|switch|p1b: Floette|Floette-Eternal, L50, F|100/100\n|switch|p2a: Sinistcha|Sinistcha-Masterpiece, L50|100/100\n|switch|p2b: Snorlax|Snorlax, L50, F|100/100\n|turn|1\n|inactive|Preschooler Mia has 30 seconds left.\n|\n|t:|1776388824\n|detailschange|p1b: Floette|Floette-Mega, L50, F\n|-mega|p1b: Floette|Floette|Floettite\n|-ability|p1b: Floette|Fairy Aura\n|move|p1a: Meowscarada|Knock Off|p2a: Sinistcha\n|-start|p1a: Meowscarada|typechange|Dark|[from] ability: Protean\n|-supereffective|p2a: Sinistcha|1\n|-damage|p2a: Sinistcha|32/100\n|-enditem|p2a: Sinistcha|Leftovers|[from] move: Knock Off|[of] p1a: Meowscarada\n|move|p1b: Floette|Moonblast|p2a: Sinistcha\n|-damage|p2a: Sinistcha|0 fnt\n|faint|p2a: Sinistcha\n|move|p2b: Snorlax|Belly Drum|p2b: Snorlax\n|-damage|p2b: Snorlax|50/100\n|-setboost|p2b: Snorlax|atk|6|[from] move: Belly Drum\n|-enditem|p2b: Snorlax|Sitrus Berry|[eat]\n|-heal|p2b: Snorlax|75/100|[from] item: Sitrus Berry\n|\n|upkeep\n|\n|t:|1776388847\n|switch|p2a: Incineroar|Incineroar, L50, M|100/100\n|-ability|p2a: Incineroar|Intimidate|boost\n|-unboost|p1a: Meowscarada|atk|1\n|-unboost|p1b: Floette|atk|1\n|turn|2\n|\n|t:|1776388860\n|move|p1b: Floette|Protect|p1b: Floette\n|-singleturn|p1b: Floette|Protect\n|move|p2a: Incineroar|Fake Out|p1b: Floette\n|-activate|p1b: Floette|move: Protect\n|move|p1a: Meowscarada|Knock Off|p2b: Snorlax\n|-damage|p2b: Snorlax|60/100\n|move|p2b: Snorlax|Body Slam|p1b: Floette\n|-activate|p1b: Floette|move: Protect\n|\n|upkeep\n|turn|3\n|inactive|Preschooler Mia has 30 seconds left.\n|inactive|Preschooler Mia has 20 seconds left.\n|inactive|Preschooler Mia has 15 seconds left.\n|\n|t:|1776388901\n|switch|p1a: Milotic|Milotic, L50, F, shiny|100/100\n|move|p2b: Snorlax|Protect|p2b: Snorlax\n|-singleturn|p2b: Snorlax|Protect\n|move|p1b: Floette|Moonblast|p2b: Snorlax\n|-activate|p2b: Snorlax|move: Protect\n|move|p2a: Incineroar|Parting Shot|p1b: Floette\n|-unboost|p1b: Floette|atk|1\n|-unboost|p1b: Floette|spa|1\n|\n|t:|1776388912\n|switch|p2a: Basculegion|Basculegion, L50, M|100/100|[from] Parting Shot\n|\n|upkeep\n|turn|4\n|\n|t:|1776388929\n|move|p2a: Basculegion|Last Respects|p1a: Milotic\n|-damage|p1a: Milotic|53/100\n|move|p1b: Floette|Dazzling Gleam|p2b: Snorlax|[spread] p2a,p2b\n|-damage|p2a: Basculegion|62/100\n|-damage|p2b: Snorlax|43/100\n|move|p1a: Milotic|Scald|p2b: Snorlax\n|-damage|p2b: Snorlax|27/100\n|move|p2b: Snorlax|Body Slam|p1a: Milotic\n|-damage|p1a: Milotic|0 fnt\n|faint|p1a: Milotic\n|\n|upkeep\n|\n|t:|1776388942\n|switch|p1a: Meowscarada|Meowscarada, L50, F, shiny|100/100\n|turn|5\n|inactive|Preschooler Mia has 30 seconds left.\n|\n|t:|1776388969\n|switch|p2a: Incineroar|Incineroar, L50, M|100/100\n|-ability|p2a: Incineroar|Intimidate|boost\n|-unboost|p1a: Meowscarada|atk|1\n|-unboost|p1b: Floette|atk|1\n|move|p2b: Snorlax|Protect|p2b: Snorlax\n|-singleturn|p2b: Snorlax|Protect\n|move|p1a: Meowscarada|Flower Trick|p2a: Incineroar\n|-start|p1a: Meowscarada|typechange|Grass|[from] ability: Protean\n|-resisted|p2a: Incineroar|1\n|-crit|p2a: Incineroar\n|-damage|p2a: Incineroar|75/100\n|move|p1b: Floette|Moonblast|p2b: Snorlax\n|-activate|p2b: Snorlax|move: Protect\n|\n|upkeep\n|turn|6\n|inactive|BlackRhino825 has 30 seconds left.\n|\n|t:|1776388995\n|move|p2a: Incineroar|Fake Out|p1a: Meowscarada\n|-damage|p1a: Meowscarada|84/100\n|cant|p1a: Meowscarada|flinch\n|move|p1b: Floette|Moonblast|p2b: Snorlax\n|-damage|p2b: Snorlax|0 fnt\n|faint|p2b: Snorlax\n|\n|upkeep\n|\n|t:|1776389005\n|switch|p2b: Basculegion|Basculegion, L50, M|62/100\n|turn|7\n|\n|t:|1776389019\n|move|p2a: Incineroar|Protect|p2a: Incineroar\n|-singleturn|p2a: Incineroar|Protect\n|move|p1a: Meowscarada|Flower Trick|p2b: Basculegion\n|-supereffective|p2b: Basculegion|1\n|-crit|p2b: Basculegion\n|-damage|p2b: Basculegion|0 fnt\n|faint|p2b: Basculegion\n|move|p1b: Floette|Calm Mind|p1b: Floette\n|-boost|p1b: Floette|spa|1\n|-boost|p1b: Floette|spd|1\n|\n|upkeep\n|turn|8\n|-message|BlackRhino825 forfeited.\n|\n|win|Preschooler Mia\n|raw|Preschooler Mia's rating: 1347 &rarr; <strong>1365</strong><br />(+18 for winning)\n|raw|BlackRhino825's rating: 1312 &rarr; <strong>1294</strong><br />(-18 for losing)\n|l|\u2606BlackRhino825\n|player|p2|\n",
  "uploadtime": 1776389036,
  "views": 39,
  "formatid": "gen9championsvgc2026regma",
  "rating": 1294,
  "private": 0,
  "password": null
}