{
  "id": "gen9championsvgc2026regma-2584631881",
  "format": "[Gen 9 Champions] VGC 2026 Reg M-A",
  "players": [
    "Davidiri",
    "Salickitung"
  ],
  "log": "|j|\u2606Davidiri\n|j|\u2606Salickitung\n|t:|1776273311\n|gametype|doubles\n|player|p1|Davidiri|2|1125\n|player|p2|Salickitung|266|1033\n|gen|9\n|tier|[Gen 9 Champions] VGC 2026 Reg M-A\n|rated|\n|rule|Species Clause: Limit one of each Pok\u00e9mon\n|rule|Item Clause: Limit 1 of each item\n|clearpoke\n|poke|p1|Floette-Eternal, L50, F|\n|poke|p1|Garchomp, L50, F|\n|poke|p1|Sneasler, L50, M|\n|poke|p1|Aerodactyl, L50, M|\n|poke|p1|Rotom-Wash, L50|\n|poke|p1|Incineroar, L50, M|\n|poke|p2|Mimikyu, L50, M|\n|poke|p2|Hydreigon, L50, F|\n|poke|p2|Glimmora, L50, F|\n|poke|p2|Conkeldurr, L50, F|\n|poke|p2|Gyarados, L50, M|\n|poke|p2|Incineroar, L50, M|\n|teampreview|4\n|inactive|Battle timer is ON: inactive players will automatically lose when time's up. (requested by Davidiri)\n|\n|t:|1776273349\n|teamsize|p1|4\n|teamsize|p2|4\n|start\n|switch|p1a: Floette|Floette-Eternal, L50, F|100/100\n|switch|p1b: Sneasler|Sneasler, L50, M|100/100\n|switch|p2a: Mimikyu|Mimikyu, L50, M|100/100\n|switch|p2b: Gyarados|Gyarados, L50, M|100/100\n|-ability|p1b: Sneasler|Pressure\n|-ability|p2b: Gyarados|Intimidate|boost\n|-unboost|p1a: Floette|atk|1\n|-unboost|p1b: Sneasler|atk|1\n|-enditem|p1b: Sneasler|White Herb\n|-clearnegativeboost|p1b: Sneasler|[silent]\n|turn|1\n|inactive|Davidiri has 30 seconds left.\n|inactive|Davidiri has 20 seconds left.\n|\n|t:|1776273385\n|switch|p1b: Rotom|Rotom-Wash, L50|100/100\n|switch|p2b: Glimmora|Glimmora, L50, F|100/100\n|detailschange|p1a: Floette|Floette-Mega, L50, F\n|-mega|p1a: Floette|Floette|Floettite\n|-ability|p1a: Floette|Fairy Aura\n|move|p1a: Floette|Dazzling Gleam|p2a: Mimikyu|[spread] p2a,p2b\n|-resisted|p2b: Glimmora|1\n|-activate|p2a: Mimikyu|ability: Disguise\n|-damage|p2a: Mimikyu|100/100\n|-damage|p2b: Glimmora|73/100\n|detailschange|p2a: Mimikyu|Mimikyu-Busted, L50, M\n|-damage|p2a: Mimikyu|88/100|[from] pokemon: Mimikyu-Busted\n|move|p2a: Mimikyu|Will-O-Wisp|p1b: Rotom\n|-status|p1b: Rotom|brn\n|\n|-damage|p1b: Rotom|95/100 brn|[from] brn\n|upkeep\n|turn|2\n|inactive|Davidiri has 30 seconds left.\n|inactive|Salickitung has 30 seconds left.\n|inactive|Davidiri has 20 seconds left.\n|inactive|Salickitung has 20 seconds left.\n|inactive|Davidiri has 15 seconds left.\n|inactive|Salickitung has 15 seconds left.\n|inactive|Salickitung has 10 seconds left.\n|\n|t:|1776273434\n|switch|p2b: Gyarados|Gyarados, L50, M|100/100\n|-ability|p2b: Gyarados|Intimidate|boost\n|-unboost|p1a: Floette|atk|1\n|-unboost|p1b: Rotom|atk|1\n|switch|p1a: Garchomp|Garchomp, L50, F|100/100\n|move|p2a: Mimikyu|Shadow Sneak|p1a: Garchomp\n|-damage|p1a: Garchomp|86/100\n|-damage|p2a: Mimikyu|76/100|[from] ability: Rough Skin|[of] p1a: Garchomp\n|move|p1b: Rotom|Volt Switch|p2b: Gyarados\n|-supereffective|p2b: Gyarados|2\n|-damage|p2b: Gyarados|9/100\n|-enditem|p2b: Gyarados|Sitrus Berry|[eat]\n|-heal|p2b: Gyarados|34/100|[from] item: Sitrus Berry\n|\n|t:|1776273453\n|switch|p1b: Sneasler|Sneasler, L50, M|100/100|[from] Volt Switch\n|-ability|p1b: Sneasler|Pressure\n|\n|upkeep\n|turn|3\n|\n|t:|1776273478\n|move|p1b: Sneasler|Protect|p1b: Sneasler\n|-singleturn|p1b: Sneasler|Protect\n|move|p1a: Garchomp|Earthquake|p2b: Gyarados|[spread] p2a\n|-activate|p1b: Sneasler|move: Protect\n|-immune|p2b: Gyarados\n|-crit|p2a: Mimikyu\n|-damage|p2a: Mimikyu|0 fnt\n|faint|p2a: Mimikyu\n|move|p2b: Gyarados|Icy Wind|p1a: Garchomp|[spread] p1a\n|-activate|p1b: Sneasler|move: Protect\n|-supereffective|p1a: Garchomp|2\n|-damage|p1a: Garchomp|60/100\n|-unboost|p1a: Garchomp|spe|1\n|\n|upkeep\n|\n|t:|1776273493\n|switch|p2a: Conkeldurr|Conkeldurr, L50, F|100/100\n|turn|4\n|inactive|Davidiri has 30 seconds left.\n|\n|t:|1776273522\n|switch|p1b: Rotom|Rotom-Wash, L50|95/100 brn\n|switch|p1a: Floette|Floette-Mega, L50, F|100/100\n|-ability|p1a: Floette|Fairy Aura\n|move|p2b: Gyarados|Waterfall|p1b: Rotom\n|-resisted|p1b: Rotom|1\n|-damage|p1b: Rotom|76/100 brn\n|move|p2a: Conkeldurr|Ice Punch|p1a: Floette\n|-damage|p1a: Floette|66/100\n|\n|-damage|p1b: Rotom|70/100 brn|[from] brn\n|upkeep\n|turn|5\n|\n|t:|1776273544\n|move|p2a: Conkeldurr|Mach Punch|p1b: Rotom\n|-damage|p1b: Rotom|35/100 brn\n|move|p1b: Rotom|Electroweb|p2b: Gyarados|[spread] p2a,p2b\n|-supereffective|p2b: Gyarados|2\n|-damage|p2a: Conkeldurr|82/100\n|-damage|p2b: Gyarados|0 fnt\n|-unboost|p2a: Conkeldurr|spe|1\n|faint|p2b: Gyarados\n|move|p1a: Floette|Dazzling Gleam|p2a: Conkeldurr\n|-supereffective|p2a: Conkeldurr|1\n|-damage|p2a: Conkeldurr|0 fnt\n|faint|p2a: Conkeldurr\n|\n|-damage|p1b: Rotom|29/100 brn|[from] brn\n|upkeep\n|-message|Salickitung forfeited.\n|\n|win|Davidiri\n|raw|Davidiri's rating: 1125 &rarr; <strong>1144</strong><br />(+19 for winning)\n|raw|Salickitung's rating: 1033 &rarr; <strong>1022</strong><br />(-11 for losing)\n|l|\u2606Salickitung\n|player|p2|\n",
  "uploadtime": 1776273573,
  "views": 15,
  "formatid": "gen9championsvgc2026regma",
  "rating": 1022,
  "private": 0,
  "password": null
}