{
  "id": "gen9championsvgc2026regma-2587469704",
  "format": "[Gen 9 Champions] VGC 2026 Reg M-A",
  "players": [
    "lacrimaaaa",
    "Winkiedawg"
  ],
  "log": "|j|\u2606lacrimaaaa\n|j|\u2606Winkiedawg\n|t:|1776534484\n|gametype|doubles\n|player|p1|lacrimaaaa|265|1099\n|player|p2|Winkiedawg|102|1072\n|gen|9\n|tier|[Gen 9 Champions] VGC 2026 Reg M-A\n|rated|\n|rule|Species Clause: Limit one of each Pok\u00e9mon\n|rule|Item Clause: Limit 1 of each item\n|clearpoke\n|poke|p1|Incineroar, L50, M|\n|poke|p1|Garchomp, L50, M|\n|poke|p1|Sinistcha, L50|\n|poke|p1|Froslass, L50, F|\n|poke|p1|Talonflame, L50, F|\n|poke|p1|Milotic, L50, F|\n|poke|p2|Greninja, L50, F|\n|poke|p2|Talonflame, L50, M|\n|poke|p2|Pikachu, L50, M|\n|poke|p2|Charizard, L50, M|\n|poke|p2|Venusaur, L50, M|\n|poke|p2|Kingambit, L50, F|\n|teampreview|4\n|\n|t:|1776534521\n|teamsize|p1|4\n|teamsize|p2|4\n|start\n|switch|p1a: Garchomp|Garchomp, L50, M|100/100\n|switch|p1b: Incineroar|Incineroar, L50, M|100/100\n|switch|p2a: Talonflame|Talonflame, L50, M|100/100\n|switch|p2b: Kingambit|Kingambit, L50, F|100/100\n|-ability|p1b: Incineroar|Intimidate|boost\n|-unboost|p2a: Talonflame|atk|1\n|-unboost|p2b: Kingambit|atk|1\n|-ability|p2b: Kingambit|Defiant|boost\n|-boost|p2b: Kingambit|atk|2\n|turn|1\n|\n|t:|1776534564\n|switch|p2b: Charizard|Charizard, L50, M|100/100\n|move|p2a: Talonflame|Quick Guard|p2a: Talonflame\n|-singleturn|p2a: Talonflame|Quick Guard\n|move|p1b: Incineroar|Fake Out|p2a: Talonflame\n|-activate|p2a: Talonflame|move: Quick Guard\n|move|p1a: Garchomp|Earthquake|p2a: Talonflame|[spread] p1b\n|-immune|p2a: Talonflame\n|-immune|p2b: Charizard\n|-supereffective|p1b: Incineroar|1\n|-damage|p1b: Incineroar|33/100\n|-enditem|p1b: Incineroar|Sitrus Berry|[eat]\n|-heal|p1b: Incineroar|58/100|[from] item: Sitrus Berry\n|\n|upkeep\n|turn|2\n|\n|t:|1776534599\n|switch|p1a: Milotic|Milotic, L50, F|100/100\n|detailschange|p2b: Charizard|Charizard-Mega-X, L50, M\n|-mega|p2b: Charizard|Charizard|Charizardite X\n|move|p2a: Talonflame|Tailwind|p2a: Talonflame\n|-sidestart|p2: Winkiedawg|move: Tailwind\n|move|p2b: Charizard|Dragon Claw|p1a: Milotic\n|-damage|p1a: Milotic|60/100\n|move|p1b: Incineroar|Parting Shot|p2b: Charizard\n|-unboost|p2b: Charizard|atk|1\n|-unboost|p2b: Charizard|spa|1\n|\n|t:|1776534618\n|switch|p1b: Garchomp|Garchomp, L50, M|100/100|[from] Parting Shot\n|\n|-heal|p1a: Milotic|67/100|[from] item: Leftovers\n|upkeep\n|turn|3\n|\n|t:|1776534647\n|switch|p2a: Greninja|Greninja, L50, F|100/100\n|switch|p2b: Kingambit|Kingambit, L50, F|100/100\n|switch|p1b: Incineroar|Incineroar, L50, M|58/100\n|-ability|p1b: Incineroar|Intimidate|boost\n|-unboost|p2a: Greninja|atk|1\n|-unboost|p2b: Kingambit|atk|1\n|-ability|p2b: Kingambit|Defiant|boost\n|-boost|p2b: Kingambit|atk|2\n|move|p1a: Milotic|Draining Kiss|p2b: Kingambit\n|-damage|p2b: Kingambit|89/100\n|-heal|p1a: Milotic|76/100|[from] drain|[of] p2b: Kingambit\n|\n|-heal|p1a: Milotic|82/100|[from] item: Leftovers\n|upkeep\n|turn|4\n|\n|t:|1776534676\n|move|p1a: Milotic|Protect|p1a: Milotic\n|-singleturn|p1a: Milotic|Protect\n|move|p1b: Incineroar|Fake Out|p2a: Greninja\n|-damage|p2a: Greninja|82/100\n|cant|p2a: Greninja|flinch\n|move|p2b: Kingambit|Swords Dance|p2b: Kingambit\n|-boost|p2b: Kingambit|atk|2\n|\n|-heal|p1a: Milotic|88/100|[from] item: Leftovers\n|upkeep\n|turn|5\n|\n|t:|1776534707\n|move|p2a: Greninja|Flip Turn|p1b: Incineroar\n|-start|p2a: Greninja|typechange|Water|[from] ability: Protean\n|-supereffective|p1b: Incineroar|1\n|-damage|p1b: Incineroar|29/100\n|\n|t:|1776534718\n|switch|p2a: Talonflame|Talonflame, L50, M|100/100|[from] Flip Turn\n|move|p2b: Kingambit|Swords Dance|p2b: Kingambit\n|-boost|p2b: Kingambit|atk|2\n|move|p1a: Milotic|Scald|p2b: Kingambit\n|-damage|p2b: Kingambit|63/100\n|-status|p2b: Kingambit|brn\n|move|p1b: Incineroar|Flare Blitz|p2b: Kingambit\n|-supereffective|p2b: Kingambit|1\n|-damage|p2b: Kingambit|0 fnt\n|faint|p2b: Kingambit\n|-damage|p1b: Incineroar|6/100|[from] Recoil\n|\n|-heal|p1a: Milotic|94/100|[from] item: Leftovers\n|-sideend|p2: Winkiedawg|move: Tailwind\n|upkeep\n|inactive|Battle timer is ON: inactive players will automatically lose when time's up. (requested by lacrimaaaa)\n|\n|t:|1776534741\n|switch|p2b: Charizard|Charizard-Mega-X, L50, M|100/100\n|turn|6\n|inactive|lacrimaaaa has 30 seconds left.\n|\n|t:|1776534784\n|move|p2a: Talonflame|Tailwind|p2a: Talonflame\n|-sidestart|p2: Winkiedawg|move: Tailwind\n|move|p2b: Charizard|Dragon Dance|p2b: Charizard\n|-boost|p2b: Charizard|atk|1\n|-boost|p2b: Charizard|spe|1\n|move|p1a: Milotic|Scald|p2a: Talonflame\n|-supereffective|p2a: Talonflame|1\n|-damage|p2a: Talonflame|10/100\n|move|p1b: Incineroar|Parting Shot|p2b: Charizard\n|-unboost|p2b: Charizard|atk|1\n|-unboost|p2b: Charizard|spa|1\n|\n|t:|1776534796\n|switch|p1b: Garchomp|Garchomp, L50, M|100/100|[from] Parting Shot\n|\n|-heal|p1a: Milotic|100/100|[from] item: Leftovers\n|upkeep\n|turn|7\n|\n|t:|1776534818\n|switch|p2a: Greninja|Greninja, L50, F|82/100\n|move|p2b: Charizard|Dragon Claw|p1b: Garchomp\n|-supereffective|p1b: Garchomp|1\n|-damage|p1b: Garchomp|0 fnt\n|-damage|p2b: Charizard|88/100|[from] ability: Rough Skin|[of] p1b: Garchomp\n|faint|p1b: Garchomp\n|move|p1a: Milotic|Scald|p2b: Charizard\n|-damage|p2b: Charizard|58/100\n|\n|upkeep\n|\n|t:|1776534832\n|switch|p1b: Incineroar|Incineroar, L50, M|6/100\n|-ability|p1b: Incineroar|Intimidate|boost\n|-unboost|p2a: Greninja|atk|1\n|-unboost|p2b: Charizard|atk|1\n|turn|8\n|\n|t:|1776534848\n|move|p1b: Incineroar|Fake Out|p2a: Greninja\n|-damage|p2a: Greninja|65/100\n|cant|p2a: Greninja|flinch\n|move|p2b: Charizard|Dragon Claw|p1b: Incineroar\n|-damage|p1b: Incineroar|0 fnt\n|faint|p1b: Incineroar\n|move|p1a: Milotic|Scald|p2b: Charizard\n|-damage|p2b: Charizard|31/100\n|\n|upkeep\n|\n|t:|1776534860\n|switch|p1b: Froslass|Froslass, L50, F|100/100\n|turn|9\n|\n|t:|1776534872\n|switch|p2b: Talonflame|Talonflame, L50, M|10/100\n|detailschange|p1b: Froslass|Froslass-Mega, L50, F\n|-mega|p1b: Froslass|Froslass|Froslassite\n|-weather|Snowscape|[from] ability: Snow Warning|[of] p1b: Froslass\n|move|p1b: Froslass|Protect|p1b: Froslass\n|-singleturn|p1b: Froslass|Protect\n|move|p2a: Greninja|Rock Slide|p1a: Milotic|[spread] p1a\n|-start|p2a: Greninja|typechange|Rock|[from] ability: Protean\n|-activate|p1b: Froslass|move: Protect\n|-damage|p1a: Milotic|88/100\n|move|p1a: Milotic|Scald|p2b: Talonflame\n|-supereffective|p2b: Talonflame|1\n|-damage|p2b: Talonflame|0 fnt\n|faint|p2b: Talonflame\n|\n|-weather|Snowscape|[upkeep]\n|-heal|p1a: Milotic|94/100|[from] item: Leftovers\n|-sideend|p2: Winkiedawg|move: Tailwind\n|upkeep\n|\n|t:|1776534890\n|switch|p2b: Charizard|Charizard-Mega-X, L50, M|31/100\n|turn|10\n|inactive|lacrimaaaa has 30 seconds left.\n|\n|t:|1776534915\n|move|p2a: Greninja|Rock Slide|p1b: Froslass|[spread] p1a,p1b\n|-supereffective|p1b: Froslass|1\n|-damage|p1a: Milotic|80/100\n|-damage|p1b: Froslass|60/100\n|cant|p1b: Froslass|flinch\n|move|p2b: Charizard|Dragon Claw|p1a: Milotic\n|-damage|p1a: Milotic|37/100\n|cant|p1a: Milotic|flinch\n|\n|-weather|Snowscape|[upkeep]\n|-heal|p1a: Milotic|43/100|[from] item: Leftovers\n|upkeep\n|turn|11\n|inactive|Winkiedawg has 30 seconds left.\n|\n|t:|1776534941\n|move|p2a: Greninja|Rock Slide|p1a: Milotic|[spread] p1a,p1b\n|-supereffective|p1b: Froslass|1\n|-damage|p1a: Milotic|30/100\n|-damage|p1b: Froslass|18/100\n|move|p1b: Froslass|Blizzard|p2a: Greninja|[spread] p2a,p2b\n|-damage|p2a: Greninja|0 fnt\n|-damage|p2b: Charizard|0 fnt\n|faint|p2a: Greninja\n|faint|p2b: Charizard\n|\n|win|lacrimaaaa\n|raw|lacrimaaaa's rating: 1099 &rarr; <strong>1122</strong><br />(+23 for winning)\n|raw|Winkiedawg's rating: 1072 &rarr; <strong>1053</strong><br />(-19 for losing)\n|l|\u2606Winkiedawg\n|player|p2|\n",
  "uploadtime": 1776534951,
  "views": 12,
  "formatid": "gen9championsvgc2026regma",
  "rating": 1053,
  "private": 0,
  "password": null
}