{
  "id": "gen9championsvgc2026regma-2581854690",
  "format": "[Gen 9 Champions] VGC 2026 Reg M-A",
  "players": [
    "Period Hater",
    "sandwich_lizard1"
  ],
  "log": "|j|\u2606Period Hater\n|j|\u2606sandwich_lizard1\n|t:|1776033966\n|gametype|doubles\n|player|p1|Period Hater|caitlin|1211\n|player|p2|sandwich_lizard1|winona|1237\n|gen|9\n|tier|[Gen 9 Champions] VGC 2026 Reg M-A\n|rated|\n|rule|Species Clause: Limit one of each Pok\u00e9mon\n|rule|Item Clause: Limit 1 of each item\n|clearpoke\n|poke|p1|Pelipper, L50, M|\n|poke|p1|Primarina, L50, M|\n|poke|p1|Archaludon, L50, M|\n|poke|p1|Raichu, L50, M|\n|poke|p1|Glimmora, L50, F|\n|poke|p1|Maushold, L50|\n|poke|p2|Meganium, L50, F|\n|poke|p2|Pelipper, L50, F|\n|poke|p2|Basculegion-F, L50, F|\n|poke|p2|Archaludon, L50, M|\n|poke|p2|Incineroar, L50, M|\n|poke|p2|Meowstic, L50, M|\n|teampreview|4\n|inactive|Battle timer is ON: inactive players will automatically lose when time's up. (requested by sandwich_lizard1)\n|\n|t:|1776033988\n|teamsize|p1|4\n|teamsize|p2|4\n|start\n|switch|p1a: Glimmora|Glimmora, L50, F|100/100\n|switch|p1b: Maushold|Maushold, L50|100/100\n|switch|p2a: Meganium|Meganium, L50, F|100/100\n|switch|p2b: Archaludon|Archaludon, L50, M|100/100\n|turn|1\n|\n|t:|1776034008\n|detailschange|p1a: Glimmora|Glimmora-Mega, L50, F\n|-mega|p1a: Glimmora|Glimmora|Glimmoranite\n|detailschange|p2a: Meganium|Meganium-Mega, L50, F\n|-mega|p2a: Meganium|Meganium|Meganiumite\n|move|p1b: Maushold|Follow Me|p1b: Maushold\n|-singleturn|p1b: Maushold|move: Follow Me\n|move|p2b: Archaludon|Aura Sphere|p1b: Maushold\n|-supereffective|p1b: Maushold|1\n|-damage|p1b: Maushold|36/100\n|-enditem|p1b: Maushold|Sitrus Berry|[eat]\n|-heal|p1b: Maushold|61/100|[from] item: Sitrus Berry\n|-heal|p1b: Maushold|94/100|[from] ability: Cheek Pouch\n|move|p1a: Glimmora|Earth Power|p2b: Archaludon\n|-supereffective|p2b: Archaludon|1\n|-damage|p2b: Archaludon|0 fnt\n|faint|p2b: Archaludon\n|move|p2a: Meganium|Solar Beam||[still]\n|-prepare|p2a: Meganium|Solar Beam\n|-activate|p2a: Meganium|ability: Mega Sol\n|-anim|p2a: Meganium|Solar Beam|p1b: Maushold\n|-damage|p1b: Maushold|15/100\n|\n|upkeep\n|\n|t:|1776034023\n|switch|p2b: Pelipper|Pelipper, L50, F|100/100\n|-weather|RainDance|[from] ability: Drizzle|[of] p2b: Pelipper\n|turn|2\n|\n|t:|1776034040\n|move|p1b: Maushold|Protect|p1b: Maushold\n|-singleturn|p1b: Maushold|Protect\n|move|p1a: Glimmora|Sludge Wave|p2a: Meganium|[spread] p2a,p2b\n|-activate|p1b: Maushold|move: Protect\n|-supereffective|p2a: Meganium|2\n|-damage|p2a: Meganium|0 fnt\n|-damage|p2b: Pelipper|12/100\n|faint|p2a: Meganium\n|move|p2b: Pelipper|Weather Ball|p1b: Maushold\n|-activate|p1b: Maushold|move: Protect\n|\n|-weather|RainDance|[upkeep]\n|upkeep\n|\n|t:|1776034044\n|switch|p2a: Basculegion|Basculegion-F, L50, F|100/100\n|turn|3\n|\n|t:|1776034060\n|move|p1b: Maushold|Follow Me|p1b: Maushold\n|-singleturn|p1b: Maushold|move: Follow Me\n|move|p2a: Basculegion|Muddy Water|p1b: Maushold|[spread] p1a\n|-miss|p2a: Basculegion|p1b: Maushold\n|-supereffective|p1a: Glimmora|1\n|-damage|p1a: Glimmora|0 fnt\n|faint|p1a: Glimmora\n|move|p2b: Pelipper|Tailwind|p2b: Pelipper\n|-sidestart|p2: sandwich_lizard1|move: Tailwind\n|\n|-weather|RainDance|[upkeep]\n|upkeep\n|\n|t:|1776034068\n|switch|p1a: Raichu|Raichu, L50, M|100/100\n|turn|4\n|\n|t:|1776034084\n|move|p2b: Pelipper|Protect|p2b: Pelipper\n|-singleturn|p2b: Pelipper|Protect\n|move|p1a: Raichu|Fake Out|p2b: Pelipper\n|-activate|p2b: Pelipper|move: Protect\n|move|p2a: Basculegion|Muddy Water|p1a: Raichu|[spread] p1b\n|-miss|p2a: Basculegion|p1a: Raichu\n|-damage|p1b: Maushold|0 fnt\n|faint|p1b: Maushold\n|\n|-weather|RainDance|[upkeep]\n|upkeep\n|\n|t:|1776034092\n|switch|p1b: Primarina|Primarina, L50, M|100/100\n|turn|5\n|\n|t:|1776034105\n|move|p2a: Basculegion|Last Respects|p1a: Raichu\n|-damage|p1a: Raichu|30/100\n|move|p2b: Pelipper|Hurricane|p1b: Primarina\n|-damage|p1b: Primarina|61/100\n|move|p1a: Raichu|Volt Switch|p2a: Basculegion\n|-supereffective|p2a: Basculegion|1\n|-damage|p2a: Basculegion|48/100\n|move|p1b: Primarina|Hyper Voice|p2b: Pelipper|[spread] p2a,p2b\n|-resisted|p2a: Basculegion|1\n|-resisted|p2b: Pelipper|1\n|-damage|p2a: Basculegion|9/100\n|-damage|p2b: Pelipper|0 fnt\n|faint|p2b: Pelipper\n|\n|-weather|RainDance|[upkeep]\n|upkeep\n|turn|6\n|\n|t:|1776034124\n|move|p2a: Basculegion|Muddy Water|p1b: Primarina|[spread] p1b\n|-miss|p2a: Basculegion|p1a: Raichu\n|-resisted|p1b: Primarina|1\n|-damage|p1b: Primarina|30/100\n|-unboost|p1b: Primarina|accuracy|1\n|move|p1a: Raichu|Volt Switch|p2a: Basculegion\n|-supereffective|p2a: Basculegion|1\n|-damage|p2a: Basculegion|0 fnt\n|faint|p2a: Basculegion\n|\n|win|Period Hater\n|raw|Period Hater's rating: 1211 &rarr; <strong>1238</strong><br />(+27 for winning)\n|raw|sandwich_lizard1's rating: 1237 &rarr; <strong>1210</strong><br />(-27 for losing)\n|l|\u2606sandwich_lizard1\n|player|p2|\n|l|\u2606Period Hater\n|player|p1|\n|j|\u2606Period Hater\n|player|p1|Period Hater|caitlin|\n",
  "uploadtime": 1776034278,
  "views": 20,
  "formatid": "gen9championsvgc2026regma",
  "rating": 1210,
  "private": 0,
  "password": null
}