{
  "id": "gen9championsvgc2026regma-2582290487",
  "format": "[Gen 9 Champions] VGC 2026 Reg M-A",
  "players": [
    "VenVGC",
    "faric"
  ],
  "log": "|j|\u2606VenVGC\n|j|\u2606faric\n|t:|1776080294\n|gametype|doubles\n|player|p1|VenVGC|266|1104\n|player|p2|faric|170|1155\n|gen|9\n|tier|[Gen 9 Champions] VGC 2026 Reg M-A\n|rated|\n|rule|Species Clause: Limit one of each Pok\u00e9mon\n|rule|Item Clause: Limit 1 of each item\n|clearpoke\n|poke|p1|Froslass, L50, F|\n|poke|p1|Milotic, L50, F|\n|poke|p1|Clefable, L50, M|\n|poke|p1|Sinistcha, L50|\n|poke|p1|Incineroar, L50, F|\n|poke|p1|Sableye, L50, M|\n|poke|p2|Charizard, L50, M|\n|poke|p2|Venusaur, L50, M|\n|poke|p2|Garchomp, L50, F|\n|poke|p2|Rotom-Wash, L50|\n|poke|p2|Incineroar, L50, M|\n|poke|p2|Sneasler, L50, M|\n|teampreview|4\n|inactive|Battle timer is ON: inactive players will automatically lose when time's up. (requested by faric)\n|inactive|VenVGC has 60 seconds left.\n|inactive|faric has 60 seconds left.\n|\n|t:|1776080339\n|teamsize|p1|4\n|teamsize|p2|4\n|start\n|switch|p1a: Sableye|Sableye, L50, M|100/100\n|switch|p1b: Milotic|Milotic, L50, F|100/100\n|switch|p2a: Charizard|Charizard, L50, M|100/100\n|switch|p2b: Venusaur|Venusaur, L50, M|100/100\n|turn|1\n|\n|t:|1776080359\n|switch|p1b: Incineroar|Incineroar, L50, F|100/100\n|-ability|p1b: Incineroar|Intimidate|boost\n|-unboost|p2a: Charizard|atk|1\n|-unboost|p2b: Venusaur|atk|1\n|move|p2a: Charizard|Protect|p2a: Charizard\n|-singleturn|p2a: Charizard|Protect\n|move|p1a: Sableye|Light Screen|p1a: Sableye\n|-sidestart|p1: VenVGC|move: Light Screen\n|move|p2b: Venusaur|Leaf Storm|p1b: Incineroar\n|-resisted|p1b: Incineroar|1\n|-damage|p1b: Incineroar|84/100\n|-unboost|p2b: Venusaur|spa|2\n|\n|upkeep\n|turn|2\n|\n|t:|1776080379\n|switch|p2a: Rotom|Rotom-Wash, L50|100/100\n|move|p1a: Sableye|Encore||[still]\n|-fail|p1a: Sableye\n|move|p2b: Venusaur|Sleep Powder|p1a: Sableye|[miss]\n|-miss|p2b: Venusaur|p1a: Sableye\n|move|p1b: Incineroar|Flare Blitz|p2b: Venusaur\n|-supereffective|p2b: Venusaur|1\n|-enditem|p2b: Venusaur|Focus Sash\n|-damage|p2b: Venusaur|1/100\n|-damage|p1b: Incineroar|58/100|[from] Recoil\n|\n|upkeep\n|turn|3\n|\n|t:|1776080401\n|switch|p1b: Sinistcha|Sinistcha, L50|100/100\n|move|p1a: Sableye|Encore|p2b: Venusaur\n|-start|p2b: Venusaur|Encore\n|move|p2b: Venusaur|Sleep Powder|p1b: Sinistcha\n|-immune|p1b: Sinistcha\n|move|p2a: Rotom|Hydro Pump|p1a: Sableye\n|-damage|p1a: Sableye|59/100\n|\n|upkeep\n|turn|4\n|l|\u2606VenVGC\n|inactive|VenVGC disconnected and has a minute to reconnect!\n|player|p1|\n|inactive|VenVGC has 30 seconds left.\n|inactive|VenVGC has 20 seconds left.\n|inactive|VenVGC has 15 seconds left.\n|inactive|VenVGC has 10 seconds left.\n|inactive|VenVGC has 5 seconds left.\n|j|\u2606VenVGC\n|inactive|VenVGC reconnected and has 5 seconds left.\n|player|p1|VenVGC|266|\n|\n|t:|1776080456\n|switch|p2a: Charizard|Charizard, L50, M|100/100\n|move|p1a: Sableye|Light Screen||[still]\n|-fail|p1a: Sableye\n|move|p2b: Venusaur|Sleep Powder|p1a: Sableye|[miss]\n|-miss|p2b: Venusaur|p1a: Sableye\n|move|p1b: Sinistcha|Calm Mind|p1b: Sinistcha\n|-boost|p1b: Sinistcha|spa|1\n|-boost|p1b: Sinistcha|spd|1\n|\n|upkeep\n|turn|5\n|inactive|VenVGC has 30 seconds left.\n|\n|t:|1776080484\n|detailschange|p2a: Charizard|Charizard-Mega-Y, L50, M\n|-mega|p2a: Charizard|Charizard|Charizardite Y\n|-weather|SunnyDay|[from] ability: Drought|[of] p2a: Charizard\n|move|p2b: Venusaur|Sleep Powder|p1a: Sableye\n|-status|p1a: Sableye|slp|[from] move: Sleep Powder\n|move|p2a: Charizard|Heat Wave|p1b: Sinistcha|[spread] p1a,p1b\n|-supereffective|p1b: Sinistcha|1\n|-crit|p1b: Sinistcha\n|-damage|p1a: Sableye|5/100 slp\n|-damage|p1b: Sinistcha|0 fnt\n|faint|p1b: Sinistcha\n|cant|p1a: Sableye|slp\n|\n|-weather|SunnyDay|[upkeep]\n|-end|p2b: Venusaur|Encore\n|-sideend|p1: VenVGC|move: Light Screen\n|upkeep\n|\n|t:|1776080508\n|switch|p1b: Milotic|Milotic, L50, F|100/100\n|turn|6\n|inactive|faric has 30 seconds left.\n|\n|t:|1776080534\n|move|p2b: Venusaur|Sludge Bomb|p1a: Sableye\n|-resisted|p1a: Sableye|1\n|-damage|p1a: Sableye|0 fnt\n|faint|p1a: Sableye\n|move|p2a: Charizard|Solar Beam||[still]\n|-prepare|p2a: Charizard|Solar Beam\n|-anim|p2a: Charizard|Solar Beam|p1b: Milotic\n|-supereffective|p1b: Milotic|1\n|-damage|p1b: Milotic|35/100\n|move|p1b: Milotic|Scald|p2a: Charizard\n|-supereffective|p2a: Charizard|1\n|-damage|p2a: Charizard|73/100\n|\n|-weather|SunnyDay|[upkeep]\n|upkeep\n|\n|t:|1776080547\n|switch|p1a: Incineroar|Incineroar, L50, F|58/100\n|-ability|p1a: Incineroar|Intimidate|boost\n|-unboost|p2a: Charizard|atk|1\n|-unboost|p2b: Venusaur|atk|1\n|turn|7\n|\n|t:|1776080559\n|move|p2a: Charizard|Protect|p2a: Charizard\n|-singleturn|p2a: Charizard|Protect\n|move|p2b: Venusaur|Leaf Storm|p1b: Milotic\n|-supereffective|p1b: Milotic|1\n|-damage|p1b: Milotic|0 fnt\n|-unboost|p2b: Venusaur|spa|2\n|faint|p1b: Milotic\n|move|p1a: Incineroar|Assurance|p2a: Charizard\n|-activate|p2a: Charizard|move: Protect\n|\n|-weather|SunnyDay|[upkeep]\n|upkeep\n|turn|8\n|\n|t:|1776080575\n|move|p2b: Venusaur|Sludge Bomb|p1a: Incineroar\n|-damage|p1a: Incineroar|46/100\n|-status|p1a: Incineroar|psn\n|-enditem|p1a: Incineroar|Sitrus Berry|[eat]\n|-heal|p1a: Incineroar|71/100 psn|[from] item: Sitrus Berry\n|move|p2a: Charizard|Weather Ball|p1a: Incineroar\n|-resisted|p1a: Incineroar|1\n|-damage|p1a: Incineroar|33/100 psn\n|move|p1a: Incineroar|Assurance|p2b: Venusaur\n|-damage|p2b: Venusaur|0 fnt\n|faint|p2b: Venusaur\n|\n|-weather|SunnyDay|[upkeep]\n|-damage|p1a: Incineroar|20/100 psn|[from] psn\n|upkeep\n|\n|t:|1776080582\n|switch|p2b: Sneasler|Sneasler, L50, M|100/100\n|turn|9\n|\n|t:|1776080598\n|move|p2b: Sneasler|Close Combat|p1a: Incineroar\n|-supereffective|p1a: Incineroar|1\n|-damage|p1a: Incineroar|0 fnt\n|-unboost|p2b: Sneasler|def|1\n|-unboost|p2b: Sneasler|spd|1\n|faint|p1a: Incineroar\n|\n|win|faric\n|raw|VenVGC's rating: 1104 &rarr; <strong>1083</strong><br />(-21 for losing)\n|raw|faric's rating: 1155 &rarr; <strong>1176</strong><br />(+21 for winning)\n",
  "uploadtime": 1776080608,
  "views": 21,
  "formatid": "gen9championsvgc2026regma",
  "rating": 1083,
  "private": 0,
  "password": null
}