{
  "id": "gen9championsvgc2026regma-2585552505",
  "format": "[Gen 9 Champions] VGC 2026 Reg M-A",
  "players": [
    "Azreal29",
    "Sable1405"
  ],
  "log": "|j|\u2606Azreal29\n|j|\u2606Sable1405\n|t:|1776355054\n|gametype|doubles\n|player|p1|Azreal29|unknown|1154\n|player|p2|Sable1405|2|1084\n|gen|9\n|tier|[Gen 9 Champions] VGC 2026 Reg M-A\n|rated|\n|rule|Species Clause: Limit one of each Pok\u00e9mon\n|rule|Item Clause: Limit 1 of each item\n|clearpoke\n|poke|p1|Scovillain, L50, F|\n|poke|p1|Garchomp, L50, M|\n|poke|p1|Sinistcha, L50|\n|poke|p1|Aerodactyl, L50, M|\n|poke|p1|Sneasler, L50, M|\n|poke|p1|Primarina, L50, F|\n|poke|p2|Sableye, L50, F|\n|poke|p2|Dragonite, L50, F|\n|poke|p2|Sneasler, L50, F|\n|poke|p2|Whimsicott, L50, M|\n|poke|p2|Arcanine, L50, F|\n|poke|p2|Gyarados, L50, M|\n|teampreview|4\n|inactive|Battle timer is ON: inactive players will automatically lose when time's up. (requested by Azreal29)\n|\n|t:|1776355078\n|teamsize|p1|4\n|teamsize|p2|4\n|start\n|switch|p1a: Scovillain|Scovillain, L50, F|100/100\n|switch|p1b: Primarina|Primarina, L50, F|100/100\n|switch|p2a: Dragonite|Dragonite, L50, F|100/100\n|switch|p2b: Sableye|Sableye, L50, F, shiny|100/100\n|turn|1\n|\n|t:|1776355096\n|switch|p2a: Arcanine|Arcanine, L50, F|100/100\n|-ability|p2a: Arcanine|Intimidate|boost\n|-unboost|p1a: Scovillain|atk|1\n|-unboost|p1b: Primarina|atk|1\n|detailschange|p1a: Scovillain|Scovillain-Mega, L50, F\n|-mega|p1a: Scovillain|Scovillain|Scovillainite\n|move|p1b: Primarina|Protect|p1b: Primarina\n|-singleturn|p1b: Primarina|Protect\n|move|p1a: Scovillain|Protect|p1a: Scovillain\n|-singleturn|p1a: Scovillain|Protect\n|move|p2b: Sableye|Fake Out|p1b: Primarina\n|-activate|p1b: Primarina|move: Protect\n|\n|upkeep\n|turn|2\n|inactive|Azreal29 has 30 seconds left.\n|inactive|Sable1405 has 30 seconds left.\n|inactive|Azreal29 has 20 seconds left.\n|inactive|Azreal29 has 15 seconds left.\n|\n|t:|1776355139\n|switch|p2a: Dragonite|Dragonite, L50, F|100/100\n|move|p2b: Sableye|Encore|p1b: Primarina\n|-start|p1b: Primarina|Encore\n|move|p1b: Primarina|Protect||[still]\n|-fail|p1b: Primarina\n|move|p1a: Scovillain|Leech Seed|p2a: Dragonite|[miss]\n|-miss|p1a: Scovillain|p2a: Dragonite\n|\n|upkeep\n|turn|3\n|\n|t:|1776355160\n|switch|p1b: Aerodactyl|Aerodactyl, L50, M|100/100\n|-ability|p1b: Aerodactyl|Unnerve\n|detailschange|p2a: Dragonite|Dragonite-Mega, L50, F\n|-mega|p2a: Dragonite|Dragonite|Dragoninite\n|move|p2b: Sableye|Will-O-Wisp|p1a: Scovillain\n|-immune|p1a: Scovillain\n|move|p2a: Dragonite|Air Slash|p1a: Scovillain\n|-supereffective|p1a: Scovillain|1\n|-damage|p1a: Scovillain|27/100\n|-status|p2a: Dragonite|brn|[from] ability: Spicy Spray|[of] p1a: Scovillain\n|move|p1a: Scovillain|Leech Seed|p2a: Dragonite\n|-start|p2a: Dragonite|move: Leech Seed\n|\n|-damage|p2a: Dragonite|88/100 brn|[from] Leech Seed|[of] p1a: Scovillain\n|-heal|p1a: Scovillain|39/100|[silent]\n|-damage|p2a: Dragonite|82/100 brn|[from] brn\n|upkeep\n|turn|4\n|\n|t:|1776355182\n|move|p1a: Scovillain|Protect|p1a: Scovillain\n|-singleturn|p1a: Scovillain|Protect\n|move|p2b: Sableye|Will-O-Wisp|p1b: Aerodactyl|[miss]\n|-miss|p2b: Sableye|p1b: Aerodactyl\n|move|p1b: Aerodactyl|Tailwind|p1b: Aerodactyl\n|-sidestart|p1: Azreal29|move: Tailwind\n|move|p2a: Dragonite|Air Slash|p1a: Scovillain\n|-activate|p1a: Scovillain|move: Protect\n|\n|-damage|p2a: Dragonite|70/100 brn|[from] Leech Seed|[of] p1a: Scovillain\n|-heal|p1a: Scovillain|52/100|[silent]\n|-damage|p2a: Dragonite|64/100 brn|[from] brn\n|upkeep\n|turn|5\n|inactive|Azreal29 has 30 seconds left.\n|\n|t:|1776355208\n|move|p1a: Scovillain|Rage Powder|p1a: Scovillain\n|-singleturn|p1a: Scovillain|move: Rage Powder\n|move|p2b: Sableye|Encore|p1a: Scovillain\n|-start|p1a: Scovillain|Encore\n|move|p1b: Aerodactyl|Rock Slide|p2a: Dragonite|[spread] p2a,p2b\n|-supereffective|p2a: Dragonite|1\n|-damage|p2a: Dragonite|17/100 brn\n|-damage|p2b: Sableye|68/100\n|move|p2a: Dragonite|Air Slash|p1a: Scovillain\n|-supereffective|p1a: Scovillain|1\n|-damage|p1a: Scovillain|0 fnt\n|faint|p1a: Scovillain\n|\n|-damage|p2a: Dragonite|11/100 brn|[from] brn\n|upkeep\n|\n|t:|1776355226\n|switch|p1a: Garchomp|Garchomp, L50, M|100/100\n|turn|6\n|inactive|Sable1405 has 30 seconds left.\n|\n|t:|1776355256\n|switch|p2a: Arcanine|Arcanine, L50, F|100/100\n|-ability|p2a: Arcanine|Intimidate|boost\n|-unboost|p1a: Garchomp|atk|1\n|-unboost|p1b: Aerodactyl|atk|1\n|move|p2b: Sableye|Will-O-Wisp|p1b: Aerodactyl\n|-status|p1b: Aerodactyl|brn\n|move|p1b: Aerodactyl|Rock Slide|p2a: Arcanine|[spread] p2a\n|-miss|p1b: Aerodactyl|p2b: Sableye\n|-supereffective|p2a: Arcanine|1\n|-damage|p2a: Arcanine|81/100\n|move|p1a: Garchomp|Earthquake|p2a: Arcanine|[spread] p2a,p2b\n|-immune|p1b: Aerodactyl\n|-supereffective|p2a: Arcanine|1\n|-crit|p2a: Arcanine\n|-damage|p2a: Arcanine|0 fnt\n|-damage|p2b: Sableye|38/100\n|faint|p2a: Arcanine\n|\n|-damage|p1b: Aerodactyl|95/100 brn|[from] brn\n|upkeep\n|\n|t:|1776355277\n|switch|p2a: Sneasler|Sneasler, L50, F|100/100\n|turn|7\n|\n|t:|1776355299\n|move|p2b: Sableye|Will-O-Wisp|p1a: Garchomp|[miss]\n|-miss|p2b: Sableye|p1a: Garchomp\n|move|p1b: Aerodactyl|Dual Wingbeat|p2a: Sneasler\n|-supereffective|p2a: Sneasler|1\n|-damage|p2a: Sneasler|81/100\n|-supereffective|p2a: Sneasler|1\n|-damage|p2a: Sneasler|60/100\n|-hitcount|p2a: Sneasler|2\n|move|p1a: Garchomp|Earthquake|p2b: Sableye|[spread] p2a,p2b\n|-immune|p1b: Aerodactyl\n|-supereffective|p2a: Sneasler|1\n|-damage|p2a: Sneasler|0 fnt\n|-damage|p2b: Sableye|1/100\n|faint|p2a: Sneasler\n|\n|-damage|p1b: Aerodactyl|89/100 brn|[from] brn\n|-sideend|p1: Azreal29|move: Tailwind\n|upkeep\n|\n|t:|1776355315\n|switch|p2a: Dragonite|Dragonite-Mega, L50, F|11/100 brn\n|turn|8\n|\n|t:|1776355325\n|move|p1a: Garchomp|Protect|p1a: Garchomp\n|-singleturn|p1a: Garchomp|Protect\n|move|p2b: Sableye|Disable|p1b: Aerodactyl\n|-start|p1b: Aerodactyl|Disable|Dual Wingbeat\n|move|p1b: Aerodactyl|Rock Slide|p2b: Sableye|[spread] p2a,p2b\n|-supereffective|p2a: Dragonite|1\n|-damage|p2a: Dragonite|0 fnt\n|-damage|p2b: Sableye|0 fnt\n|faint|p2a: Dragonite\n|faint|p2b: Sableye\n|\n|win|Azreal29\n|raw|Azreal29's rating: 1154 &rarr; <strong>1174</strong><br />(+20 for winning)\n|raw|Sable1405's rating: 1084 &rarr; <strong>1066</strong><br />(-18 for losing)\n|c|\u2606Azreal29|fool\n|l|\u2606Sable1405\n|player|p2|\n",
  "uploadtime": 1776355340,
  "views": 27,
  "formatid": "gen9championsvgc2026regma",
  "rating": 1066,
  "private": 0,
  "password": null
}