{
  "id": "gen9championsvgc2026regma-2582757604",
  "format": "[Gen 9 Champions] VGC 2026 Reg M-A",
  "players": [
    "Relink007",
    "Divine kanto"
  ],
  "log": "|j|\u2606Relink007\n|j|\u2606Divine kanto\n|t:|1776112002\n|gametype|doubles\n|player|p1|Relink007|266|1044\n|player|p2|Divine kanto|2|1139\n|gen|9\n|tier|[Gen 9 Champions] VGC 2026 Reg M-A\n|rated|\n|rule|Species Clause: Limit one of each Pok\u00e9mon\n|rule|Item Clause: Limit 1 of each item\n|clearpoke\n|poke|p1|Excadrill, L50, F|\n|poke|p1|Garchomp, L50, F|\n|poke|p1|Tyranitar, L50, F|\n|poke|p1|Corviknight, L50, F|\n|poke|p1|Sinistcha, L50|\n|poke|p1|Gyarados, L50, M|\n|poke|p2|Gardevoir, L50, F|\n|poke|p2|Garchomp, L50, F|\n|poke|p2|Corviknight, L50, M|\n|poke|p2|Gyarados, L50, F|\n|poke|p2|Umbreon, L50, M|\n|poke|p2|Venusaur, L50, M|\n|teampreview|4\n|\n|t:|1776112046\n|teamsize|p1|4\n|teamsize|p2|4\n|start\n|switch|p1a: Corviknight|Corviknight, L50, F|100/100\n|switch|p1b: Garchomp|Garchomp, L50, F|100/100\n|switch|p2a: Garchomp|Garchomp, L50, F|100/100\n|switch|p2b: Corviknight|Corviknight, L50, M|100/100\n|turn|1\n|\n|t:|1776112073\n|move|p2a: Garchomp|Protect|p2a: Garchomp\n|-singleturn|p2a: Garchomp|Protect\n|move|p1b: Garchomp|Dragon Claw|p2a: Garchomp\n|-activate|p2a: Garchomp|move: Protect\n|move|p1a: Corviknight|Bulk Up|p1a: Corviknight\n|-boost|p1a: Corviknight|atk|1\n|-boost|p1a: Corviknight|def|1\n|move|p2b: Corviknight|Tailwind|p2b: Corviknight\n|-sidestart|p2: Divine kanto|move: Tailwind\n|\n|upkeep\n|turn|2\n|\n|t:|1776112099\n|move|p2a: Garchomp|Dragon Claw|p1b: Garchomp\n|-supereffective|p1b: Garchomp|1\n|-damage|p1b: Garchomp|10/100\n|-damage|p2a: Garchomp|88/100|[from] ability: Rough Skin|[of] p1b: Garchomp\n|-enditem|p1b: Garchomp|Sitrus Berry|[eat]\n|-heal|p1b: Garchomp|35/100|[from] item: Sitrus Berry\n|move|p2b: Corviknight|Brave Bird|p1b: Garchomp\n|-damage|p1b: Garchomp|0 fnt\n|-damage|p2b: Corviknight|88/100|[from] ability: Rough Skin|[of] p1b: Garchomp\n|faint|p1b: Garchomp\n|-damage|p2b: Corviknight|78/100|[from] Recoil\n|move|p1a: Corviknight|Body Press|p2a: Garchomp\n|-damage|p2a: Garchomp|53/100\n|-damage|p1a: Corviknight|88/100|[from] ability: Rough Skin|[of] p2a: Garchomp\n|\n|upkeep\n|\n|t:|1776112118\n|switch|p1b: Excadrill|Excadrill, L50, F|100/100\n|turn|3\n|\n|t:|1776112148\n|switch|p2b: Gyarados|Gyarados, L50, F|100/100\n|-ability|p2b: Gyarados|Intimidate|boost\n|-ability|p1a: Corviknight|Mirror Armor\n|-unboost|p2b: Gyarados|atk|1\n|-unboost|p1b: Excadrill|atk|1\n|move|p2a: Garchomp|Earthquake|p1b: Excadrill|[spread] p1b\n|-immune|p2b: Gyarados\n|-immune|p1a: Corviknight\n|-supereffective|p1b: Excadrill|1\n|-enditem|p1b: Excadrill|Focus Sash\n|-damage|p1b: Excadrill|1/100\n|move|p1b: Excadrill|Earthquake|p2b: Gyarados|[spread] p2a\n|-immune|p1a: Corviknight\n|-immune|p2b: Gyarados\n|-damage|p2a: Garchomp|21/100\n|move|p1a: Corviknight|Bulk Up|p1a: Corviknight\n|-boost|p1a: Corviknight|atk|1\n|-boost|p1a: Corviknight|def|1\n|\n|upkeep\n|turn|4\n|\n|t:|1776112210\n|move|p2a: Garchomp|Rock Slide|p1a: Corviknight|[spread] p1a,p1b\n|-resisted|p1b: Excadrill|2\n|-damage|p1a: Corviknight|81/100\n|-damage|p1b: Excadrill|0 fnt\n|faint|p1b: Excadrill\n|move|p2b: Gyarados|Dragon Dance|p2b: Gyarados\n|-boost|p2b: Gyarados|atk|1\n|-boost|p2b: Gyarados|spe|1\n|move|p1a: Corviknight|Body Press|p2a: Garchomp\n|-damage|p2a: Garchomp|0 fnt\n|-damage|p1a: Corviknight|69/100|[from] ability: Rough Skin|[of] p2a: Garchomp\n|faint|p2a: Garchomp\n|\n|-sideend|p2: Divine kanto|move: Tailwind\n|upkeep\n|l|\u2606Relink007\n|player|p1|\n|inactive|Battle timer is ON: inactive players will automatically lose when time's up. (requested by Divine kanto)\n|inactive|Relink007 has 30 seconds to reconnect!\n|inactive|Relink007 has 20 seconds to reconnect!\n|inactive|Relink007 has 15 seconds to reconnect!\n|inactive|Relink007 has 10 seconds to reconnect!\n|j|\u2606Relink007\n|inactive|Relink007 reconnected and has 40 seconds left.\n|player|p1|Relink007|266|\n|\n|t:|1776112323\n|switch|p2a: Corviknight|Corviknight, L50, M|78/100\n|switch|p1b: Tyranitar|Tyranitar, L50, F|100/100\n|-weather|Sandstorm|[from] ability: Sand Stream|[of] p1b: Tyranitar\n|turn|5\n|\n|t:|1776112343\n|move|p2b: Gyarados|Waterfall|p1b: Tyranitar\n|-supereffective|p1b: Tyranitar|1\n|-damage|p1b: Tyranitar|16/100\n|move|p1b: Tyranitar|Rock Slide|p2a: Corviknight|[spread] p2a,p2b\n|-supereffective|p2b: Gyarados|1\n|-damage|p2a: Corviknight|58/100\n|-damage|p2b: Gyarados|16/100\n|move|p2a: Corviknight|Iron Head|p1b: Tyranitar\n|-supereffective|p1b: Tyranitar|1\n|-damage|p1b: Tyranitar|0 fnt\n|faint|p1b: Tyranitar\n|move|p1a: Corviknight|Body Press|p2b: Gyarados\n|-resisted|p2b: Gyarados|1\n|-damage|p2b: Gyarados|0 fnt\n|faint|p2b: Gyarados\n|\n|-weather|Sandstorm|[upkeep]\n|upkeep\n|\n|t:|1776112353\n|switch|p2b: Venusaur|Venusaur, L50, M|100/100\n|turn|6\n|inactive|Divine kanto has 30 seconds left.\n|inactive|Divine kanto has 20 seconds left.\n|\n|t:|1776112389\n|detailschange|p2b: Venusaur|Venusaur-Mega, L50, M\n|-mega|p2b: Venusaur|Venusaur|Venusaurite\n|move|p2b: Venusaur|Giga Drain|p1a: Corviknight\n|-resisted|p1a: Corviknight|2\n|-crit|p1a: Corviknight\n|-damage|p1a: Corviknight|57/100\n|move|p2a: Corviknight|Brave Bird|p1a: Corviknight\n|-resisted|p1a: Corviknight|1\n|-damage|p1a: Corviknight|49/100\n|-damage|p2a: Corviknight|55/100|[from] Recoil\n|move|p1a: Corviknight|Brave Bird|p2b: Venusaur\n|-supereffective|p2b: Venusaur|1\n|-damage|p2b: Venusaur|0 fnt\n|faint|p2b: Venusaur\n|-damage|p1a: Corviknight|19/100|[from] Recoil\n|\n|-weather|Sandstorm|[upkeep]\n|upkeep\n|turn|7\n|\n|t:|1776112410\n|move|p1a: Corviknight|Roost|p1a: Corviknight\n|-heal|p1a: Corviknight|69/100\n|-singleturn|p1a: Corviknight|move: Roost\n|move|p2a: Corviknight|Brave Bird|p1a: Corviknight\n|-resisted|p1a: Corviknight|1\n|-damage|p1a: Corviknight|62/100\n|-damage|p2a: Corviknight|53/100|[from] Recoil\n|\n|-weather|Sandstorm|[upkeep]\n|upkeep\n|turn|8\n|\n|t:|1776112421\n|move|p1a: Corviknight|Roost|p1a: Corviknight\n|-heal|p1a: Corviknight|100/100\n|-singleturn|p1a: Corviknight|move: Roost\n|move|p2a: Corviknight|Roost|p2a: Corviknight\n|-heal|p2a: Corviknight|100/100\n|-singleturn|p2a: Corviknight|move: Roost\n|\n|-weather|Sandstorm|[upkeep]\n|upkeep\n|turn|9\n|-message|Divine kanto forfeited.\n|\n|win|Relink007\n|raw|Relink007's rating: 1044 &rarr; <strong>1086</strong><br />(+42 for winning)\n|raw|Divine kanto's rating: 1139 &rarr; <strong>1107</strong><br />(-32 for losing)\n|l|\u2606Divine kanto\n|player|p2|\n",
  "uploadtime": 1776112461,
  "views": 15,
  "formatid": "gen9championsvgc2026regma",
  "rating": 1086,
  "private": 0,
  "password": null
}