{
  "id": "gen9championsvgc2026regma-2582660036",
  "format": "[Gen 9 Champions] VGC 2026 Reg M-A",
  "players": [
    "IAmHrishi",
    "saltgon"
  ],
  "log": "|j|\u2606IAmHrishi\n|j|\u2606saltgon\n|t:|1776105568\n|gametype|doubles\n|player|p1|IAmHrishi|anabel|1153\n|player|p2|saltgon|scientist-gen4|1098\n|gen|9\n|tier|[Gen 9 Champions] VGC 2026 Reg M-A\n|rated|\n|rule|Species Clause: Limit one of each Pok\u00e9mon\n|rule|Item Clause: Limit 1 of each item\n|clearpoke\n|poke|p1|Aerodactyl, L50, M|\n|poke|p1|Kommo-o, L50, F|\n|poke|p1|Scizor, L50, F|\n|poke|p1|Sinistcha, L50|\n|poke|p1|Maushold, L50|\n|poke|p1|Incineroar, L50, M|\n|poke|p2|Golurk, L50|\n|poke|p2|Decidueye-Hisui, L50, F|\n|poke|p2|Farigiraf, L50, M|\n|poke|p2|Torkoal, L50, F|\n|poke|p2|Rotom-Frost, L50|\n|poke|p2|Toxicroak, L50, F|\n|teampreview|4\n|\n|t:|1776105632\n|teamsize|p1|4\n|teamsize|p2|4\n|start\n|switch|p1a: Kommo-o|Kommo-o, L50, F|100/100\n|switch|p1b: Maushold|Maushold, L50|100/100\n|switch|p2a: Farigiraf|Farigiraf, L50, M|100/100\n|switch|p2b: Decidueye|Decidueye-Hisui, L50, F, shiny|100/100\n|turn|1\n|inactive|Battle timer is ON: inactive players will automatically lose when time's up. (requested by saltgon)\n|\n|t:|1776105658\n|move|p1b: Maushold|Taunt|p2a: Farigiraf\n|-start|p2a: Farigiraf|move: Taunt\n|move|p1a: Kommo-o|Clangorous Soul|p1a: Kommo-o\n|-boost|p1a: Kommo-o|atk|1\n|-boost|p1a: Kommo-o|def|1\n|-boost|p1a: Kommo-o|spa|1\n|-boost|p1a: Kommo-o|spd|1\n|-boost|p1a: Kommo-o|spe|1\n|-damage|p1a: Kommo-o|68/100\n|move|p2b: Decidueye|Triple Arrows|p1b: Maushold\n|-supereffective|p1b: Maushold|1\n|-enditem|p1b: Maushold|Focus Sash\n|-damage|p1b: Maushold|1/100\n|move|p2a: Farigiraf|Psychic Noise|p1a: Kommo-o\n|-supereffective|p1a: Kommo-o|1\n|-damage|p1a: Kommo-o|37/100\n|-start|p1a: Kommo-o|move: Heal Block\n|\n|upkeep\n|turn|2\n|inactive|IAmHrishi has 30 seconds left.\n|inactive|saltgon has 30 seconds left.\n|\n|t:|1776105688\n|move|p1a: Kommo-o|Protect|p1a: Kommo-o\n|-singleturn|p1a: Kommo-o|Protect\n|move|p1b: Maushold|Super Fang|p2a: Farigiraf\n|-damage|p2a: Farigiraf|50/100\n|move|p2b: Decidueye|Tailwind|p2b: Decidueye\n|-sidestart|p2: saltgon|move: Tailwind\n|move|p2a: Farigiraf|Hyper Voice|p1b: Maushold|[spread] p1b\n|-activate|p1a: Kommo-o|move: Protect\n|-damage|p1b: Maushold|0 fnt\n|faint|p1b: Maushold\n|\n|-heal|p2a: Farigiraf|57/100|[from] item: Leftovers\n|-end|p1a: Kommo-o|move: Heal Block\n|upkeep\n|-enditem|p1a: Kommo-o|Sitrus Berry|[eat]\n|-heal|p1a: Kommo-o|62/100|[from] item: Sitrus Berry\n|\n|t:|1776105702\n|switch|p1b: Sinistcha|Sinistcha, L50|100/100\n|-heal|p1a: Kommo-o|86/100|[from] ability: Hospitality|[of] p1b: Sinistcha\n|turn|3\n|\n|t:|1776105715\n|move|p2b: Decidueye|Triple Arrows|p1b: Sinistcha\n|-damage|p1b: Sinistcha|60/100\n|move|p1a: Kommo-o|Clanging Scales|p2b: Decidueye|[spread] p2a,p2b\n|-crit|p2a: Farigiraf\n|-damage|p2a: Farigiraf|0 fnt\n|-damage|p2b: Decidueye|42/100\n|faint|p2a: Farigiraf\n|-unboost|p1a: Kommo-o|def|1\n|move|p1b: Sinistcha|Life Dew|p1b: Sinistcha|[spread] p1a,p1b\n|-heal|p1a: Kommo-o|100/100\n|-heal|p1b: Sinistcha|85/100\n|\n|upkeep\n|\n|t:|1776105727\n|switch|p2a: Rotom|Rotom-Frost, L50|100/100\n|turn|4\n|inactive|saltgon has 30 seconds left.\n|\n|t:|1776105758\n|move|p1b: Sinistcha|Protect|p1b: Sinistcha\n|-singleturn|p1b: Sinistcha|Protect\n|move|p2a: Rotom|Blizzard|p1b: Sinistcha|[spread] \n|-activate|p1b: Sinistcha|move: Protect\n|-miss|p2a: Rotom|p1a: Kommo-o\n|move|p2b: Decidueye|Triple Arrows|p1a: Kommo-o\n|-crit|p1a: Kommo-o\n|-damage|p1a: Kommo-o|41/100\n|-unboost|p1a: Kommo-o|def|1\n|cant|p1a: Kommo-o|flinch\n|\n|upkeep\n|turn|5\n|c|\u2606IAmHrishi|what.\n|c|\u2606IAmHrishi|really\n|c|\u2606saltgon|yes\n|inactive|IAmHrishi has 30 seconds left.\n|c|\u2606IAmHrishi|all three af once\n|inactive|IAmHrishi has 20 seconds left.\n|\n|t:|1776105795\n|move|p1a: Kommo-o|Protect|p1a: Kommo-o\n|-singleturn|p1a: Kommo-o|Protect\n|move|p2a: Rotom|Blizzard|p1b: Sinistcha|[spread] p1b\n|-activate|p1a: Kommo-o|move: Protect\n|-supereffective|p1b: Sinistcha|1\n|-enditem|p1b: Sinistcha|Yache Berry|[eat]\n|-enditem|p1b: Sinistcha|Yache Berry|[weaken]\n|-damage|p1b: Sinistcha|46/100\n|move|p2b: Decidueye|Triple Arrows|p1b: Sinistcha\n|-damage|p1b: Sinistcha|8/100\n|-unboost|p1b: Sinistcha|def|1\n|cant|p1b: Sinistcha|flinch\n|\n|-sideend|p2: saltgon|move: Tailwind\n|upkeep\n|turn|6\n|\n|t:|1776105815\n|move|p2a: Rotom|Blizzard|p1a: Kommo-o|[spread] p1b\n|-miss|p2a: Rotom|p1a: Kommo-o\n|-supereffective|p1b: Sinistcha|1\n|-damage|p1b: Sinistcha|0 fnt\n|faint|p1b: Sinistcha\n|move|p1a: Kommo-o|Clanging Scales|p2b: Decidueye|[spread] p2a,p2b\n|-damage|p2a: Rotom|27/100\n|-damage|p2b: Decidueye|0 fnt\n|faint|p2b: Decidueye\n|-unboost|p1a: Kommo-o|def|1\n|\n|upkeep\n|\n|t:|1776105823\n|switch|p2b: Golurk|Golurk, L50, shiny|100/100\n|switch|p1b: Aerodactyl|Aerodactyl, L50, M|100/100\n|turn|7\n|\n|t:|1776105835\n|detailschange|p1b: Aerodactyl|Aerodactyl-Mega, L50, M\n|-mega|p1b: Aerodactyl|Aerodactyl|Aerodactylite\n|detailschange|p2b: Golurk|Golurk-Mega, L50, shiny\n|-mega|p2b: Golurk|Golurk|Golurkite\n|move|p1a: Kommo-o|Protect|p1a: Kommo-o\n|-singleturn|p1a: Kommo-o|Protect\n|move|p1b: Aerodactyl|Rock Slide|p2a: Rotom|[spread] p2a,p2b\n|-supereffective|p2a: Rotom|1\n|-resisted|p2b: Golurk|1\n|-damage|p2a: Rotom|0 fnt\n|-damage|p2b: Golurk|87/100\n|faint|p2a: Rotom\n|move|p2b: Golurk|Thunder Punch|p1b: Aerodactyl\n|-supereffective|p1b: Aerodactyl|1\n|-damage|p1b: Aerodactyl|16/100\n|\n|upkeep\n|turn|8\n|inactive|IAmHrishi has 30 seconds left.\n|\n|t:|1776105862\n|move|p2b: Golurk|Protect|p2b: Golurk\n|-singleturn|p2b: Golurk|Protect\n|move|p1b: Aerodactyl|Ice Fang|p2b: Golurk\n|-activate|p2b: Golurk|move: Protect\n|move|p1a: Kommo-o|Clanging Scales|p2b: Golurk\n|-activate|p2b: Golurk|move: Protect\n|\n|upkeep\n|turn|9\n|inactive|saltgon has 30 seconds left.\n|inactive|saltgon has 20 seconds left.\n|inactive|saltgon has 15 seconds left.\n|inactive|saltgon has 10 seconds left.\n|\n|t:|1776105911\n|move|p1b: Aerodactyl|Ice Fang|p2b: Golurk|[miss]\n|-miss|p1b: Aerodactyl|p2b: Golurk\n|move|p1a: Kommo-o|Clanging Scales|p2b: Golurk\n|-damage|p2b: Golurk|26/100\n|-unboost|p1a: Kommo-o|def|1\n|move|p2b: Golurk|Headlong Rush|p1a: Kommo-o\n|-damage|p1a: Kommo-o|0 fnt\n|-unboost|p2b: Golurk|def|1\n|-unboost|p2b: Golurk|spd|1\n|faint|p1a: Kommo-o\n|\n|upkeep\n|turn|10\n|c|\u2606IAmHrishi|naw please\n|\n|t:|1776105930\n|move|p1b: Aerodactyl|Ice Fang|p2b: Golurk\n|-supereffective|p2b: Golurk|1\n|-damage|p2b: Golurk|0 fnt\n|faint|p2b: Golurk\n|\n|win|IAmHrishi\n|raw|IAmHrishi's rating: 1153 &rarr; <strong>1174</strong><br />(+21 for winning)\n|raw|saltgon's rating: 1098 &rarr; <strong>1077</strong><br />(-21 for losing)\n|c|\u2606saltgon|gg wp\n|c|\u2606IAmHrishi|ggs\n|l|\u2606saltgon\n|player|p2|\n",
  "uploadtime": 1776105943,
  "views": 19,
  "formatid": "gen9championsvgc2026regma",
  "rating": 1077,
  "private": 0,
  "password": null
}