{
  "id": "gen9championsvgc2026regma-2587904043",
  "format": "[Gen 9 Champions] VGC 2026 Reg M-A",
  "players": [
    "Frostoren",
    "cligga41"
  ],
  "log": "|j|\u2606Frostoren\n|j|\u2606cligga41\n|t:|1776576963\n|gametype|doubles\n|player|p1|Frostoren|265|1442\n|player|p2|cligga41|skierf-gen4dp|1542\n|gen|9\n|tier|[Gen 9 Champions] VGC 2026 Reg M-A\n|rated|\n|rule|Species Clause: Limit one of each Pok\u00e9mon\n|rule|Item Clause: Limit 1 of each item\n|clearpoke\n|poke|p1|Glimmora, L50, F, shiny|\n|poke|p1|Scizor, L50, M|\n|poke|p1|Noivern, L50, M, shiny|\n|poke|p1|Tyranitar, L50, F, shiny|\n|poke|p1|Incineroar, L50, M, shiny|\n|poke|p1|Meowscarada, L50, M|\n|poke|p2|Floette-Eternal, L50, F|\n|poke|p2|Garchomp, L50, M|\n|poke|p2|Froslass, L50, F|\n|poke|p2|Sneasler, L50, M|\n|poke|p2|Kingambit, L50, F|\n|poke|p2|Basculegion, L50, M|\n|teampreview|4\n|j| Dirt_W0man\n|\n|t:|1776577000\n|teamsize|p1|4\n|teamsize|p2|4\n|start\n|switch|p1a: Glimmora|Glimmora, L50, F, shiny|100/100\n|switch|p1b: Noivern|Noivern, L50, M, shiny|100/100\n|switch|p2a: Froslass|Froslass, L50, F|100/100\n|switch|p2b: Sneasler|Sneasler, L50, M|100/100\n|turn|1\n|\n|t:|1776577014\n|detailschange|p2a: Froslass|Froslass-Mega, L50, F\n|-mega|p2a: Froslass|Froslass|Froslassite\n|-weather|Snowscape|[from] ability: Snow Warning|[of] p2a: Froslass\n|move|p1b: Noivern|Protect|p1b: Noivern\n|-singleturn|p1b: Noivern|Protect\n|move|p1a: Glimmora|Spiky Shield|p1a: Glimmora\n|-singleturn|p1a: Glimmora|move: Protect\n|move|p2b: Sneasler|Fake Out|p1b: Noivern\n|-activate|p1b: Noivern|move: Protect\n|move|p2a: Froslass|Blizzard|p1a: Glimmora|[spread] \n|-activate|p1a: Glimmora|move: Protect\n|-activate|p1b: Noivern|move: Protect\n|\n|-weather|Snowscape|[upkeep]\n|upkeep\n|turn|2\n|j| newmegasbad\n|\n|t:|1776577029\n|detailschange|p1a: Glimmora|Glimmora-Mega, L50, F, shiny\n|-mega|p1a: Glimmora|Glimmora|Glimmoranite\n|move|p1b: Noivern|Tailwind|p1b: Noivern\n|-sidestart|p1: Frostoren|move: Tailwind\n|move|p1a: Glimmora|Power Gem|p2a: Froslass\n|-supereffective|p2a: Froslass|1\n|-crit|p2a: Froslass\n|-damage|p2a: Froslass|0 fnt\n|faint|p2a: Froslass\n|move|p2b: Sneasler|Close Combat|p1a: Glimmora\n|-damage|p1a: Glimmora|39/100\n|-unboost|p2b: Sneasler|def|1\n|-unboost|p2b: Sneasler|spd|1\n|\n|-weather|Snowscape|[upkeep]\n|upkeep\n|\n|t:|1776577041\n|switch|p2a: Basculegion|Basculegion, L50, M|100/100\n|turn|3\n|\n|t:|1776577052\n|switch|p1a: Meowscarada|Meowscarada, L50, M|100/100\n|move|p2b: Sneasler|Protect|p2b: Sneasler\n|-singleturn|p2b: Sneasler|Protect\n|move|p2a: Basculegion|Aqua Jet|p1a: Meowscarada\n|-resisted|p1a: Meowscarada|1\n|-damage|p1a: Meowscarada|77/100\n|move|p1b: Noivern|Draco Meteor|p2b: Sneasler\n|-activate|p2b: Sneasler|move: Protect\n|\n|-weather|Snowscape|[upkeep]\n|upkeep\n|turn|4\n|\n|t:|1776577073\n|switch|p1a: Scizor|Scizor, L50, M|100/100\n|switch|p2a: Kingambit|Kingambit, L50, F|100/100\n|move|p1b: Noivern|Draco Meteor|p2b: Sneasler\n|-enditem|p2b: Sneasler|Focus Sash\n|-damage|p2b: Sneasler|1/100\n|-unboost|p1b: Noivern|spa|2\n|move|p2b: Sneasler|Close Combat|p1a: Scizor\n|-damage|p1a: Scizor|34/100\n|-unboost|p2b: Sneasler|def|1\n|-unboost|p2b: Sneasler|spd|1\n|\n|-weather|Snowscape|[upkeep]\n|upkeep\n|turn|5\n|\n|t:|1776577110\n|move|p2b: Sneasler|Protect|p2b: Sneasler\n|-singleturn|p2b: Sneasler|Protect\n|move|p2a: Kingambit|Sucker Punch|p1a: Scizor\n|-crit|p1a: Scizor\n|-damage|p1a: Scizor|0 fnt\n|faint|p1a: Scizor\n|move|p1b: Noivern|Draco Meteor|p2b: Sneasler\n|-activate|p2b: Sneasler|move: Protect\n|\n|-weather|none\n|-sideend|p1: Frostoren|move: Tailwind\n|upkeep\n|\n|t:|1776577118\n|switch|p1a: Glimmora|Glimmora-Mega, L50, F, shiny|39/100\n|turn|6\n|\n|t:|1776577133\n|move|p2a: Kingambit|Sucker Punch|p1a: Glimmora\n|-damage|p1a: Glimmora|4/100\n|move|p1b: Noivern|Tailwind|p1b: Noivern\n|-sidestart|p1: Frostoren|move: Tailwind\n|move|p1a: Glimmora|Earth Power|p2a: Kingambit\n|-supereffective|p2a: Kingambit|1\n|-damage|p2a: Kingambit|20/100\n|move|p2b: Sneasler|Dire Claw|p1b: Noivern\n|-damage|p1b: Noivern|38/100\n|\n|upkeep\n|turn|7\n|\n|t:|1776577157\n|move|p1b: Noivern|Protect|p1b: Noivern\n|-singleturn|p1b: Noivern|Protect\n|move|p1a: Glimmora|Spiky Shield|p1a: Glimmora\n|-singleturn|p1a: Glimmora|move: Protect\n|move|p2b: Sneasler|Protect|p2b: Sneasler\n|-singleturn|p2b: Sneasler|Protect\n|move|p2a: Kingambit|Sucker Punch||[still]\n|-fail|p2a: Kingambit\n|\n|upkeep\n|turn|8\n|\n|t:|1776577197\n|switch|p1a: Meowscarada|Meowscarada, L50, M|77/100\n|switch|p2b: Basculegion|Basculegion, L50, M|100/100\n|move|p2a: Kingambit|Sucker Punch||[still]\n|-fail|p2a: Kingambit\n|move|p1b: Noivern|Draco Meteor|p2b: Basculegion\n|-damage|p2b: Basculegion|71/100\n|-unboost|p1b: Noivern|spa|2\n|\n|upkeep\n|turn|9\n|\n|t:|1776577218\n|switch|p1b: Glimmora|Glimmora-Mega, L50, F, shiny|4/100\n|move|p2b: Basculegion|Protect|p2b: Basculegion\n|-singleturn|p2b: Basculegion|Protect\n|move|p2a: Kingambit|Sucker Punch||[still]\n|-fail|p2a: Kingambit\n|move|p1a: Meowscarada|Flower Trick|p2b: Basculegion\n|-start|p1a: Meowscarada|typechange|Grass|[from] ability: Protean\n|-activate|p2b: Basculegion|move: Protect\n|\n|-sideend|p1: Frostoren|move: Tailwind\n|upkeep\n|turn|10\n|\n|t:|1776577241\n|move|p1b: Glimmora|Spiky Shield|p1b: Glimmora\n|-singleturn|p1b: Glimmora|move: Protect\n|move|p2b: Basculegion|Aqua Jet|p1b: Glimmora\n|-activate|p1b: Glimmora|move: Protect\n|-damage|p2b: Basculegion|59/100|[from] Spiky Shield|[of] p1b: Glimmora\n|move|p2a: Kingambit|Sucker Punch|p1a: Meowscarada\n|-damage|p1a: Meowscarada|8/100\n|move|p1a: Meowscarada|Flower Trick|p2a: Kingambit\n|-resisted|p2a: Kingambit|1\n|-crit|p2a: Kingambit\n|-damage|p2a: Kingambit|0 fnt\n|faint|p2a: Kingambit\n|\n|upkeep\n|\n|t:|1776577252\n|switch|p2a: Sneasler|Sneasler, L50, M|1/100\n|turn|11\n|\n|t:|1776577259\n|switch|p1a: Noivern|Noivern, L50, M, shiny|38/100\n|move|p2a: Sneasler|Fake Out|p1b: Glimmora\n|-resisted|p1b: Glimmora|1\n|-damage|p1b: Glimmora|0 fnt\n|faint|p1b: Glimmora\n|move|p2b: Basculegion|Aqua Jet|p1a: Noivern\n|-resisted|p1a: Noivern|1\n|-damage|p1a: Noivern|20/100\n|\n|upkeep\n|\n|t:|1776577262\n|switch|p1b: Meowscarada|Meowscarada, L50, M|8/100\n|turn|12\n|\n|t:|1776577278\n|move|p1b: Meowscarada|Sucker Punch|p2b: Basculegion\n|-start|p1b: Meowscarada|typechange|Dark|[from] ability: Protean\n|-supereffective|p2b: Basculegion|1\n|-damage|p2b: Basculegion|0 fnt\n|faint|p2b: Basculegion\n|move|p1a: Noivern|Draco Meteor|p2a: Sneasler\n|-damage|p2a: Sneasler|0 fnt\n|-unboost|p1a: Noivern|spa|2\n|faint|p2a: Sneasler\n|\n|win|Frostoren\n|raw|Frostoren's rating: 1442 &rarr; <strong>1468</strong><br />(+26 for winning)\n|raw|cligga41's rating: 1542 &rarr; <strong>1516</strong><br />(-26 for losing)\n|l|\u2606cligga41\n|player|p2|\n",
  "uploadtime": 1776577293,
  "views": 29,
  "formatid": "gen9championsvgc2026regma",
  "rating": 1468,
  "private": 0,
  "password": null
}