{
  "id": "gen9championsvgc2026regma-2588294591",
  "format": "[Gen 9 Champions] VGC 2026 Reg M-A",
  "players": [
    "betluc",
    "Daleg"
  ],
  "log": "|j|\u2606betluc\n|j|\u2606Daleg\n|t:|1776621748\n|gametype|doubles\n|player|p1|betluc|1|1617\n|player|p2|Daleg|266|1596\n|gen|9\n|tier|[Gen 9 Champions] VGC 2026 Reg M-A\n|rated|\n|rule|Species Clause: Limit one of each Pok\u00e9mon\n|rule|Item Clause: Limit 1 of each item\n|clearpoke\n|poke|p1|Oranguru, L50, M|\n|poke|p1|Drampa, L50, F|\n|poke|p1|Lucario, L50, M|\n|poke|p1|Kingambit, L50, F|\n|poke|p1|Torkoal, L50, F|\n|poke|p1|Crabominable, L50, F|\n|poke|p2|Archaludon, L50, M|\n|poke|p2|Pelipper, L50, F|\n|poke|p2|Gengar, L50, M|\n|poke|p2|Corviknight, L50, M|\n|poke|p2|Kangaskhan, L50, F|\n|poke|p2|Basculegion, L50, M|\n|teampreview|4\n|inactive|Battle timer is ON: inactive players will automatically lose when time's up. (requested by Daleg)\n|inactive|Daleg has 60 seconds left.\n|\n|t:|1776621805\n|teamsize|p1|4\n|teamsize|p2|4\n|start\n|switch|p1a: Lucario|Lucario, L50, M|100/100\n|switch|p1b: Oranguru|Oranguru, L50, M|100/100\n|switch|p2a: Archaludon|Archaludon, L50, M|100/100\n|switch|p2b: Pelipper|Pelipper, L50, F|100/100\n|-weather|RainDance|[from] ability: Drizzle|[of] p2b: Pelipper\n|turn|1\n|\n|t:|1776621828\n|move|p1a: Lucario|Final Gambit|p2a: Archaludon\n|-damage|p2a: Archaludon|11/100\n|-ability|p2a: Archaludon|Stamina|boost\n|-boost|p2a: Archaludon|def|1\n|faint|p1a: Lucario\n|move|p2a: Archaludon|Electro Shot||[still]\n|-prepare|p2a: Archaludon|Electro Shot\n|-boost|p2a: Archaludon|spa|1\n|-anim|p2a: Archaludon|Electro Shot|p1b: Oranguru\n|-damage|p1b: Oranguru|40/100\n|-enditem|p1b: Oranguru|Sitrus Berry|[eat]\n|-heal|p1b: Oranguru|65/100|[from] item: Sitrus Berry\n|move|p2b: Pelipper|Muddy Water|p1b: Oranguru\n|-damage|p1b: Oranguru|22/100\n|-unboost|p1b: Oranguru|accuracy|1\n|move|p1b: Oranguru|Trick Room|p1b: Oranguru\n|-fieldstart|move: Trick Room|[of] p1b: Oranguru\n|\n|-weather|RainDance|[upkeep]\n|upkeep\n|\n|t:|1776621838\n|switch|p1a: Drampa|Drampa, L50, F|100/100\n|turn|2\n|j| RedPlaysVGC\n|\n|t:|1776621857\n|detailschange|p1a: Drampa|Drampa-Mega, L50, F\n|-mega|p1a: Drampa|Drampa|Drampanite\n|move|p2a: Archaludon|Protect|p2a: Archaludon\n|-singleturn|p2a: Archaludon|Protect\n|move|p1a: Drampa|Hyper Voice|p2b: Pelipper|[spread] p2b\n|-activate|p2a: Archaludon|move: Protect\n|-damage|p2b: Pelipper|34/100\n|-enditem|p2b: Pelipper|Sitrus Berry|[eat]\n|-heal|p2b: Pelipper|59/100|[from] item: Sitrus Berry\n|move|p1b: Oranguru|Instruct|p1a: Drampa\n|-singleturn|p1a: Drampa|move: Instruct|[of] p1b: Oranguru\n|move|p1a: Drampa|Hyper Voice|p2b: Pelipper|[spread] p2b\n|-activate|p2a: Archaludon|move: Protect\n|-damage|p2b: Pelipper|0 fnt\n|faint|p2b: Pelipper\n|\n|-weather|RainDance|[upkeep]\n|upkeep\n|\n|t:|1776621879\n|switch|p2b: Kangaskhan|Kangaskhan, L50, F|100/100\n|turn|3\n|j| suibiandajiba\n|\n|t:|1776621896\n|detailschange|p2b: Kangaskhan|Kangaskhan-Mega, L50, F\n|-mega|p2b: Kangaskhan|Kangaskhan|Kangaskhanite\n|move|p1a: Drampa|Protect|p1a: Drampa\n|-singleturn|p1a: Drampa|Protect\n|move|p2b: Kangaskhan|Fake Out|p1a: Drampa\n|-activate|p1a: Drampa|move: Protect\n|move|p1b: Oranguru|Psychic Noise|p2a: Archaludon\n|-resisted|p2a: Archaludon|1\n|-damage|p2a: Archaludon|0 fnt\n|faint|p2a: Archaludon\n|\n|-weather|RainDance|[upkeep]\n|upkeep\n|\n|t:|1776621905\n|switch|p2a: Basculegion|Basculegion, L50, M|100/100\n|turn|4\n|\n|t:|1776621923\n|move|p2a: Basculegion|Aqua Jet|p1b: Oranguru\n|-damage|p1b: Oranguru|0 fnt\n|faint|p1b: Oranguru\n|move|p1a: Drampa|Dragon Pulse|p2b: Kangaskhan\n|-damage|p2b: Kangaskhan|52/100\n|move|p2b: Kangaskhan|Low Kick|p1a: Drampa\n|-supereffective|p1a: Drampa|1\n|-damage|p1a: Drampa|18/100\n|-supereffective|p1a: Drampa|1\n|-damage|p1a: Drampa|0 fnt\n|faint|p1a: Drampa\n|-hitcount|p1: Drampa|2\n|\n|-weather|RainDance|[upkeep]\n|upkeep\n|\n|t:|1776621932\n|switch|p1b: Kingambit|Kingambit, L50, F|100/100\n|turn|5\n|\n|t:|1776621946\n|move|p1b: Kingambit|Low Kick|p2b: Kangaskhan\n|-supereffective|p2b: Kangaskhan|1\n|-damage|p2b: Kangaskhan|0 fnt\n|faint|p2b: Kangaskhan\n|move|p2a: Basculegion|Liquidation|p1b: Kingambit\n|-damage|p1b: Kingambit|55/100\n|\n|-weather|none\n|-fieldend|move: Trick Room\n|upkeep\n|turn|6\n|\n|t:|1776621965\n|move|p2a: Basculegion|Last Respects|p1b: Kingambit\n|-resisted|p1b: Kingambit|1\n|-damage|p1b: Kingambit|19/100\n|move|p1b: Kingambit|Kowtow Cleave|p2a: Basculegion\n|-supereffective|p2a: Basculegion|1\n|-enditem|p2a: Basculegion|Focus Sash\n|-damage|p2a: Basculegion|1/100\n|\n|upkeep\n|turn|7\n|\n|t:|1776621980\n|move|p2a: Basculegion|Aqua Jet|p1b: Kingambit\n|-damage|p1b: Kingambit|5/100\n|move|p1b: Kingambit|Kowtow Cleave|p2a: Basculegion\n|-supereffective|p2a: Basculegion|1\n|-damage|p2a: Basculegion|0 fnt\n|faint|p2a: Basculegion\n|\n|win|betluc\n|raw|betluc's rating: 1617 &rarr; <strong>1636</strong><br />(+19 for winning)\n|raw|Daleg's rating: 1596 &rarr; <strong>1577</strong><br />(-19 for losing)\n|l|\u2606Daleg\n|player|p2|\n|l|\u2606betluc\n|player|p1|\n",
  "uploadtime": 1776622087,
  "views": 19,
  "formatid": "gen9championsvgc2026regma",
  "rating": 1577,
  "private": 0,
  "password": null
}