{
  "id": "gen9championsvgc2026regma-2582861120",
  "format": "[Gen 9 Champions] VGC 2026 Reg M-A",
  "players": [
    "Jah_08",
    "Dudeman 64"
  ],
  "log": "|j|\u2606Jah_08\n|j|\u2606Dudeman 64\n|t:|1776119915\n|gametype|doubles\n|player|p1|Jah_08|alder|1283\n|player|p2|Dudeman 64|170|1240\n|gen|9\n|tier|[Gen 9 Champions] VGC 2026 Reg M-A\n|rated|\n|rule|Species Clause: Limit one of each Pok\u00e9mon\n|rule|Item Clause: Limit 1 of each item\n|clearpoke\n|poke|p1|Excadrill, L50, M|\n|poke|p1|Whimsicott, L50, M|\n|poke|p1|Volcarona, L50, F|\n|poke|p1|Zoroark-Hisui, L50, F|\n|poke|p1|Basculegion, L50, M|\n|poke|p1|Conkeldurr, L50, F|\n|poke|p2|Aggron, L50, M|\n|poke|p2|Rotom-Wash, L50|\n|poke|p2|Hydreigon, L50, F|\n|poke|p2|Sinistcha, L50|\n|poke|p2|Tyranitar, L50, M|\n|poke|p2|Armarouge, L50, F|\n|teampreview|4\n|\n|t:|1776119945\n|teamsize|p1|4\n|teamsize|p2|4\n|start\n|switch|p1a: Excadrill|Excadrill, L50, M|100/100\n|switch|p1b: Whimsicott|Whimsicott, L50, M, shiny|100/100\n|switch|p2a: Aggron|Aggron, L50, M|100/100\n|switch|p2b: Hydreigon|Hydreigon, L50, F|100/100\n|-ability|p1a: Excadrill|Mold Breaker\n|turn|1\n|\n|t:|1776119963\n|switch|p2b: Sinistcha|Sinistcha, L50|100/100\n|detailschange|p1a: Excadrill|Excadrill-Mega, L50, M\n|-mega|p1a: Excadrill|Excadrill|Excadrite\n|detailschange|p2a: Aggron|Aggron-Mega, L50, M\n|-mega|p2a: Aggron|Aggron|Aggronite\n|move|p1a: Excadrill|Protect|p1a: Excadrill\n|-singleturn|p1a: Excadrill|Protect\n|move|p1b: Whimsicott|Moonblast|p2b: Sinistcha\n|-damage|p2b: Sinistcha|61/100\n|move|p2a: Aggron|Heavy Slam|p1b: Whimsicott\n|-supereffective|p1b: Whimsicott|1\n|-enditem|p1b: Whimsicott|Focus Sash\n|-damage|p1b: Whimsicott|1/100\n|\n|upkeep\n|turn|2\n|\n|t:|1776120006\n|move|p1b: Whimsicott|Encore|p2a: Aggron\n|-start|p2a: Aggron|Encore\n|move|p1a: Excadrill|High Horsepower|p2a: Aggron|[miss]\n|-miss|p1a: Excadrill|p2a: Aggron\n|move|p2a: Aggron|Heavy Slam|p1b: Whimsicott\n|-supereffective|p1b: Whimsicott|1\n|-damage|p1b: Whimsicott|0 fnt\n|faint|p1b: Whimsicott\n|move|p2b: Sinistcha|Trick Room|p2b: Sinistcha\n|-fieldstart|move: Trick Room|[of] p2b: Sinistcha\n|\n|upkeep\n|\n|t:|1776120019\n|switch|p1b: Conkeldurr|Conkeldurr, L50, F, shiny|100/100\n|turn|3\n|\n|t:|1776120057\n|switch|p2a: Rotom|Rotom-Wash, L50|100/100\n|move|p1a: Excadrill|Protect|p1a: Excadrill\n|-singleturn|p1a: Excadrill|Protect\n|move|p1b: Conkeldurr|Knock Off|p2b: Sinistcha\n|-supereffective|p2b: Sinistcha|1\n|-damage|p2b: Sinistcha|5/100\n|-enditem|p2b: Sinistcha|Occa Berry|[from] move: Knock Off|[of] p1b: Conkeldurr\n|move|p2b: Sinistcha|Matcha Gotcha|p1b: Conkeldurr|[spread] p1b\n|-activate|p1a: Excadrill|move: Protect\n|-damage|p1b: Conkeldurr|75/100\n|-heal|p2b: Sinistcha|18/100|[from] drain|[of] p1b: Conkeldurr\n|-status|p1b: Conkeldurr|brn\n|\n|-damage|p1b: Conkeldurr|69/100 brn|[from] brn\n|upkeep\n|turn|4\n|\n|t:|1776120094\n|switch|p2b: Hydreigon|Hydreigon, L50, F|100/100\n|switch|p1a: Basculegion|Basculegion, L50, M|100/100\n|move|p1b: Conkeldurr|Knock Off|p2b: Hydreigon\n|-resisted|p2b: Hydreigon|1\n|-damage|p2b: Hydreigon|89/100\n|-enditem|p2b: Hydreigon|Choice Scarf|[from] move: Knock Off|[of] p1b: Conkeldurr\n|move|p2a: Rotom|Hydro Pump|p1a: Basculegion\n|-resisted|p1a: Basculegion|1\n|-damage|p1a: Basculegion|73/100\n|\n|-damage|p1b: Conkeldurr|63/100 brn|[from] brn\n|upkeep\n|turn|5\n|\n|t:|1776120118\n|move|p1b: Conkeldurr|Drain Punch|p2b: Hydreigon\n|-supereffective|p2b: Hydreigon|1\n|-damage|p2b: Hydreigon|25/100\n|-heal|p1b: Conkeldurr|94/100 brn|[from] drain|[of] p2b: Hydreigon\n|move|p2a: Rotom|Electroweb|p1b: Conkeldurr|[spread] p1a,p1b\n|-supereffective|p1a: Basculegion|1\n|-damage|p1a: Basculegion|26/100\n|-damage|p1b: Conkeldurr|76/100 brn\n|-unboost|p1a: Basculegion|spe|1\n|-unboost|p1b: Conkeldurr|spe|1\n|-enditem|p1b: Conkeldurr|White Herb\n|-clearnegativeboost|p1b: Conkeldurr|[silent]\n|move|p1a: Basculegion|Last Respects|p2a: Rotom\n|-damage|p2a: Rotom|20/100\n|move|p2b: Hydreigon|Earth Power|p1a: Basculegion\n|-damage|p1a: Basculegion|0 fnt\n|faint|p1a: Basculegion\n|\n|-damage|p1b: Conkeldurr|70/100 brn|[from] brn\n|upkeep\n|\n|t:|1776120140\n|switch|p1a: Excadrill|Excadrill-Mega, L50, M|100/100\n|turn|6\n|\n|t:|1776120157\n|switch|p2b: Sinistcha|Sinistcha, L50|18/100\n|-heal|p2a: Rotom|45/100|[from] ability: Hospitality|[of] p2b: Sinistcha\n|move|p1a: Excadrill|Protect|p1a: Excadrill\n|-singleturn|p1a: Excadrill|Protect\n|move|p1b: Conkeldurr|Drain Punch|p2a: Rotom\n|-crit|p2a: Rotom\n|-damage|p2a: Rotom|0 fnt\n|-heal|p1b: Conkeldurr|87/100 brn|[from] drain|[of] p2a: Rotom\n|faint|p2a: Rotom\n|\n|-damage|p1b: Conkeldurr|80/100 brn|[from] brn\n|-fieldend|move: Trick Room\n|upkeep\n|\n|t:|1776120175\n|switch|p2a: Hydreigon|Hydreigon, L50, F|25/100\n|turn|7\n|\n|t:|1776120183\n|move|p1b: Conkeldurr|Mach Punch|p2a: Hydreigon\n|-supereffective|p2a: Hydreigon|1\n|-damage|p2a: Hydreigon|0 fnt\n|faint|p2a: Hydreigon\n|move|p1a: Excadrill|Iron Head|p2b: Sinistcha\n|-damage|p2b: Sinistcha|0 fnt\n|faint|p2b: Sinistcha\n|\n|-damage|p1b: Conkeldurr|74/100 brn|[from] brn\n|upkeep\n|\n|t:|1776120189\n|switch|p2b: Aggron|Aggron-Mega, L50, M|100/100\n|turn|8\n|\n|t:|1776120201\n|move|p1a: Excadrill|High Horsepower|p2b: Aggron\n|-supereffective|p2b: Aggron|1\n|-damage|p2b: Aggron|55/100\n|move|p1b: Conkeldurr|Drain Punch|p2b: Aggron\n|-supereffective|p2b: Aggron|1\n|-damage|p2b: Aggron|31/100\n|-heal|p1b: Conkeldurr|85/100 brn|[from] drain|[of] p2b: Aggron\n|move|p2b: Aggron|Iron Defense|p2b: Aggron\n|-boost|p2b: Aggron|def|2\n|\n|-damage|p1b: Conkeldurr|79/100 brn|[from] brn\n|upkeep\n|turn|9\n|\n|t:|1776120217\n|move|p1a: Excadrill|High Horsepower|p2b: Aggron\n|-supereffective|p2b: Aggron|1\n|-crit|p2b: Aggron\n|-damage|p2b: Aggron|0 fnt\n|faint|p2b: Aggron\n|\n|win|Jah_08\n|raw|Jah_08's rating: 1283 &rarr; <strong>1305</strong><br />(+22 for winning)\n|raw|Dudeman 64's rating: 1240 &rarr; <strong>1218</strong><br />(-22 for losing)\n|l|\u2606Dudeman 64\n|player|p2|\n",
  "uploadtime": 1776120224,
  "views": 16,
  "formatid": "gen9championsvgc2026regma",
  "rating": 1218,
  "private": 0,
  "password": null
}