{
  "id": "gen9championsvgc2026regma-2584405331",
  "format": "[Gen 9 Champions] VGC 2026 Reg M-A",
  "players": [
    "taky08",
    "logash"
  ],
  "log": "|j|\u2606taky08\n|j|\u2606logash\n|t:|1776258504\n|gametype|doubles\n|player|p1|taky08|riley|1000\n|player|p2|logash|266|1009\n|gen|9\n|tier|[Gen 9 Champions] VGC 2026 Reg M-A\n|rated|\n|rule|Species Clause: Limit one of each Pok\u00e9mon\n|rule|Item Clause: Limit 1 of each item\n|clearpoke\n|poke|p1|Froslass, L50, F|\n|poke|p1|Rotom-Frost, L50|\n|poke|p1|Beartic, L50, M|\n|poke|p1|Ninetales-Alola, L50, M|\n|poke|p1|Audino, L50, F|\n|poke|p1|Sinistcha, L50|\n|poke|p2|Gardevoir, L50, F|\n|poke|p2|Sinistcha, L50|\n|poke|p2|Maushold, L50|\n|poke|p2|Talonflame, L50, M|\n|poke|p2|Rotom-Wash, L50|\n|poke|p2|Garchomp, L50, M|\n|teampreview|4\n|\n|t:|1776258523\n|teamsize|p1|4\n|teamsize|p2|4\n|start\n|switch|p1a: Ninetales|Ninetales-Alola, L50, M|100/100\n|switch|p1b: Rotom|Rotom-Frost, L50|100/100\n|switch|p2a: Rotom|Rotom-Wash, L50|100/100\n|switch|p2b: Garchomp|Garchomp, L50, M|100/100\n|-weather|Snowscape|[from] ability: Snow Warning|[of] p1a: Ninetales\n|turn|1\n|\n|t:|1776258545\n|move|p2a: Rotom|Electroweb|p1b: Rotom|[spread] p1a,p1b\n|-resisted|p1b: Rotom|1\n|-damage|p1a: Ninetales|76/100\n|-damage|p1b: Rotom|88/100\n|-unboost|p1a: Ninetales|spe|1\n|-unboost|p1b: Rotom|spe|1\n|move|p2b: Garchomp|Rock Slide|p1b: Rotom|[spread] p1a,p1b\n|-supereffective|p1a: Ninetales|1\n|-crit|p1a: Ninetales\n|-supereffective|p1b: Rotom|1\n|-damage|p1a: Ninetales|7/100\n|-damage|p1b: Rotom|50/100\n|move|p1b: Rotom|Blizzard|p2a: Rotom|[spread] p2a,p2b\n|-resisted|p2a: Rotom|1\n|-supereffective|p2b: Garchomp|2\n|-damage|p2a: Rotom|78/100\n|-damage|p2b: Garchomp|0 fnt\n|faint|p2b: Garchomp\n|move|p1a: Ninetales|Aurora Veil|p1a: Ninetales\n|-sidestart|p1: taky08|move: Aurora Veil\n|\n|-weather|Snowscape|[upkeep]\n|upkeep\n|inactive|Battle timer is ON: inactive players will automatically lose when time's up. (requested by logash)\n|\n|t:|1776258563\n|switch|p2b: Gardevoir|Gardevoir, L50, F, shiny|100/100\n|turn|2\n|\n|t:|1776258569\n|switch|p1b: Audino|Audino, L50, F|100/100\n|detailschange|p2b: Gardevoir|Gardevoir-Mega, L50, F, shiny\n|-mega|p2b: Gardevoir|Gardevoir|Gardevoirite\n|move|p2a: Rotom|Electroweb|p1a: Ninetales|[spread] p1a,p1b\n|-damage|p1a: Ninetales|0 fnt\n|-damage|p1b: Audino|92/100\n|-unboost|p1b: Audino|spe|1\n|faint|p1a: Ninetales\n|move|p2b: Gardevoir|Hyper Voice|p1b: Audino\n|-damage|p1b: Audino|60/100\n|\n|-weather|Snowscape|[upkeep]\n|upkeep\n|\n|t:|1776258572\n|switch|p1a: Beartic|Beartic, L50, M|100/100\n|turn|3\n|\n|t:|1776258585\n|move|p2b: Gardevoir|Protect|p2b: Gardevoir\n|-singleturn|p2b: Gardevoir|Protect\n|move|p2a: Rotom|Electroweb|p1b: Audino|[spread] p1a,p1b\n|-damage|p1a: Beartic|85/100\n|-damage|p1b: Audino|52/100\n|-unboost|p1a: Beartic|spe|1\n|-unboost|p1b: Audino|spe|1\n|move|p1a: Beartic|Swords Dance|p1a: Beartic\n|-boost|p1a: Beartic|atk|2\n|move|p1b: Audino|Heal Pulse|p1a: Beartic\n|-heal|p1a: Beartic|100/100\n|\n|-weather|Snowscape|[upkeep]\n|upkeep\n|turn|4\n|inactive|logash has 30 seconds left.\n|\n|t:|1776258612\n|move|p1b: Audino|Helping Hand|p1a: Beartic\n|-singleturn|p1a: Beartic|Helping Hand|[of] p1b: Audino\n|move|p2a: Rotom|Electroweb|p1b: Audino|[spread] p1a,p1b\n|-damage|p1a: Beartic|84/100\n|-damage|p1b: Audino|42/100\n|-unboost|p1a: Beartic|spe|1\n|-unboost|p1b: Audino|spe|1\n|move|p2b: Gardevoir|Hyper Voice|p1b: Audino|[spread] p1a,p1b\n|-damage|p1a: Beartic|34/100\n|-damage|p1b: Audino|19/100\n|move|p1a: Beartic|Icicle Crash|p2b: Gardevoir\n|-damage|p2b: Gardevoir|0 fnt\n|faint|p2b: Gardevoir\n|\n|-weather|Snowscape|[upkeep]\n|upkeep\n|\n|t:|1776258625\n|switch|p2b: Maushold|Maushold, L50|100/100\n|turn|5\n|\n|t:|1776258634\n|switch|p1b: Rotom|Rotom-Frost, L50|50/100\n|move|p2a: Rotom|Electroweb|p1b: Rotom|[spread] p1a,p1b\n|-resisted|p1b: Rotom|1\n|-damage|p1a: Beartic|18/100\n|-damage|p1b: Rotom|43/100\n|-unboost|p1a: Beartic|spe|1\n|-unboost|p1b: Rotom|spe|1\n|move|p2b: Maushold|Taunt|p1b: Rotom\n|-start|p1b: Rotom|move: Taunt\n|move|p1a: Beartic|Close Combat|p2b: Maushold\n|-supereffective|p2b: Maushold|1\n|-enditem|p2b: Maushold|Focus Sash\n|-damage|p2b: Maushold|1/100\n|-unboost|p1a: Beartic|def|1\n|-unboost|p1a: Beartic|spd|1\n|\n|-weather|none\n|-sideend|p1: taky08|move: Aurora Veil\n|upkeep\n|turn|6\n|-message|logash forfeited.\n|\n|win|taky08\n|raw|taky08's rating: 1000 &rarr; <strong>1041</strong><br />(+41 for winning)\n|raw|logash's rating: 1009 &rarr; <strong>1000</strong><br />(-9 for losing)\n|l|\u2606logash\n|player|p2|\n",
  "uploadtime": 1776258649,
  "views": 18,
  "formatid": "gen9championsvgc2026regma",
  "rating": 1000,
  "private": 0,
  "password": null
}