{
  "id": "gen9championsvgc2026regma-2580713672",
  "format": "[Gen 9 Champions] VGC 2026 Reg M-A",
  "players": [
    "kendytelusma123456",
    "usjshahahhahahah"
  ],
  "log": "|j|\u2606kendytelusma123456\n|j|\u2606usjshahahhahahah\n|t:|1775926452\n|gametype|doubles\n|player|p1|kendytelusma123456|101|1015\n|player|p2|usjshahahhahahah|170|1000\n|gen|9\n|tier|[Gen 9 Champions] VGC 2026 Reg M-A\n|rated|\n|rule|Species Clause: Limit one of each Pok\u00e9mon\n|rule|Item Clause: Limit 1 of each item\n|clearpoke\n|poke|p1|Floette-Eternal, L50, F|\n|poke|p1|Whimsicott, L50, M|\n|poke|p1|Primarina, L50, F|\n|poke|p1|Incineroar, L50, F|\n|poke|p1|Dragonite, L50, F|\n|poke|p1|Kingambit, L50, M|\n|poke|p2|Floette-Eternal, L50, F|\n|poke|p2|Garchomp, L50, F|\n|poke|p2|Sinistcha, L50|\n|poke|p2|Incineroar, L50, F|\n|poke|p2|Rotom-Wash, L50|\n|poke|p2|Talonflame, L50, M|\n|teampreview|4\n|\n|t:|1775926509\n|teamsize|p1|4\n|teamsize|p2|4\n|start\n|switch|p1a: Whimsicott|Whimsicott, L50, M|100/100\n|switch|p1b: Floette|Floette-Eternal, L50, F|100/100\n|switch|p2a: Rotom|Rotom-Wash, L50|100/100\n|switch|p2b: Sinistcha|Sinistcha, L50|100/100\n|turn|1\n|\n|t:|1775926524\n|detailschange|p1b: Floette|Floette-Mega, L50, F\n|-mega|p1b: Floette|Floette|Floettite\n|-ability|p1b: Floette|Fairy Aura\n|move|p2a: Rotom|Volt Switch|p1b: Floette\n|-damage|p1b: Floette|70/100\n|\n|t:|1775926531\n|switch|p2a: Floette|Floette-Eternal, L50, F|100/100|[from] Volt Switch\n|move|p1b: Floette|Moonblast|p2b: Sinistcha\n|-damage|p2b: Sinistcha|19/100\n|-enditem|p2b: Sinistcha|Sitrus Berry|[eat]\n|-heal|p2b: Sinistcha|44/100|[from] item: Sitrus Berry\n|move|p1a: Whimsicott|Moonblast|p2b: Sinistcha\n|-damage|p2b: Sinistcha|0 fnt\n|faint|p2b: Sinistcha\n|\n|upkeep\n|\n|t:|1775926546\n|switch|p2b: Talonflame|Talonflame, L50, M|100/100\n|turn|2\n|\n|t:|1775926570\n|move|p1b: Floette|Protect|p1b: Floette\n|-singleturn|p1b: Floette|Protect\n|move|p2b: Talonflame|Brave Bird|p1b: Floette\n|-activate|p1b: Floette|move: Protect\n|move|p1a: Whimsicott|Tailwind|p1a: Whimsicott\n|-sidestart|p1: kendytelusma123456|move: Tailwind\n|move|p2a: Floette|Calm Mind|p2a: Floette\n|-boost|p2a: Floette|spa|1\n|-boost|p2a: Floette|spd|1\n|\n|upkeep\n|turn|3\n|\n|t:|1775926587\n|detailschange|p2a: Floette|Floette-Mega, L50, F\n|-mega|p2a: Floette|Floette|Floettite\n|-ability|p2a: Floette|Fairy Aura\n|move|p1a: Whimsicott|Encore|p2a: Floette\n|-start|p2a: Floette|Encore\n|move|p2b: Talonflame|Brave Bird|p1a: Whimsicott\n|-supereffective|p1a: Whimsicott|1\n|-enditem|p1a: Whimsicott|Focus Sash\n|-damage|p1a: Whimsicott|1/100\n|-damage|p2b: Talonflame|73/100|[from] Recoil\n|move|p1b: Floette|Dazzling Gleam|p2a: Floette|[spread] p2a,p2b\n|-resisted|p2b: Talonflame|1\n|-damage|p2a: Floette|74/100\n|-damage|p2b: Talonflame|41/100\n|move|p2a: Floette|Calm Mind|p2a: Floette\n|-boost|p2a: Floette|spa|1\n|-boost|p2a: Floette|spd|1\n|\n|upkeep\n|turn|4\n|\n|t:|1775926605\n|move|p1b: Floette|Dazzling Gleam|p2a: Floette|[spread] p2a,p2b\n|-resisted|p2b: Talonflame|1\n|-damage|p2a: Floette|52/100\n|-damage|p2b: Talonflame|5/100\n|move|p1a: Whimsicott|Moonblast|p2b: Talonflame\n|-resisted|p2b: Talonflame|1\n|-damage|p2b: Talonflame|0 fnt\n|faint|p2b: Talonflame\n|move|p2a: Floette|Calm Mind|p2a: Floette\n|-boost|p2a: Floette|spa|1\n|-boost|p2a: Floette|spd|1\n|\n|upkeep\n|\n|t:|1775926614\n|switch|p2b: Rotom|Rotom-Wash, L50|100/100\n|turn|5\n|\n|t:|1775926625\n|move|p1b: Floette|Light of Ruin|p2b: Rotom\n|-damage|p2b: Rotom|0 fnt\n|faint|p2b: Rotom\n|-damage|p1b: Floette|25/100|[from] Recoil\n|move|p1a: Whimsicott|Moonblast|p2a: Floette\n|-damage|p2a: Floette|33/100\n|move|p2a: Floette|Calm Mind|p2a: Floette\n|-boost|p2a: Floette|spa|1\n|-boost|p2a: Floette|spd|1\n|\n|-end|p2a: Floette|Encore\n|-sideend|p1: kendytelusma123456|move: Tailwind\n|upkeep\n|turn|6\n|-message|usjshahahhahahah forfeited.\n|\n|win|kendytelusma123456\n|raw|kendytelusma123456's rating: 1015 &rarr; <strong>1051</strong><br />(+36 for winning)\n|raw|usjshahahhahahah's rating: 1000 &rarr; <strong>1000</strong><br />(+0 for losing)\n|l|\u2606usjshahahhahahah\n|player|p2|\n",
  "uploadtime": 1775926635,
  "views": 10,
  "formatid": "gen9championsvgc2026regma",
  "rating": 1000,
  "private": 0,
  "password": null
}