{
  "id": "gen9championsvgc2026regma-2584607632",
  "format": "[Gen 9 Champions] VGC 2026 Reg M-A",
  "players": [
    "samjack_2001",
    "SlowpokeAZ"
  ],
  "log": "|j|\u2606samjack_2001\n|j|\u2606SlowpokeAZ\n|t:|1776271785\n|gametype|doubles\n|player|p1|samjack_2001|ghetsis-gen5bw|1062\n|player|p2|SlowpokeAZ|1|1083\n|gen|9\n|tier|[Gen 9 Champions] VGC 2026 Reg M-A\n|rated|\n|rule|Species Clause: Limit one of each Pok\u00e9mon\n|rule|Item Clause: Limit 1 of each item\n|clearpoke\n|poke|p1|Floette-Eternal, L50, F|\n|poke|p1|Aerodactyl, L50, M|\n|poke|p1|Incineroar, L50, F|\n|poke|p1|Sinistcha, L50|\n|poke|p1|Sneasler, L50, M|\n|poke|p1|Rotom-Heat, L50|\n|poke|p2|Aggron, L50, M|\n|poke|p2|Alakazam, L50, F|\n|poke|p2|Rotom-Wash, L50|\n|poke|p2|Garchomp, L50, M|\n|poke|p2|Zoroark-Hisui, L50, M|\n|poke|p2|Whimsicott, L50, M|\n|teampreview|4\n|inactive|Battle timer is ON: inactive players will automatically lose when time's up. (requested by samjack_2001)\n|\n|t:|1776271807\n|teamsize|p1|4\n|teamsize|p2|4\n|start\n|switch|p1a: Aerodactyl|Aerodactyl, L50, M|100/100\n|switch|p1b: Incineroar|Incineroar, L50, F|100/100\n|switch|p2a: Aggron|Aggron, L50, M|100/100\n|switch|p2b: Alakazam|Alakazam, L50, F, shiny|100/100\n|-ability|p1a: Aerodactyl|Unnerve\n|-ability|p1b: Incineroar|Intimidate|boost\n|-unboost|p2a: Aggron|atk|1\n|-fail|p2b: Alakazam|unboost|Attack|[from] ability: Inner Focus|[of] p2b: Alakazam\n|turn|1\n|\n|t:|1776271826\n|detailschange|p2a: Aggron|Aggron-Mega, L50, M\n|-mega|p2a: Aggron|Aggron|Aggronite\n|move|p1b: Incineroar|Fake Out|p2b: Alakazam\n|-damage|p2b: Alakazam|79/100\n|move|p1a: Aerodactyl|Tailwind|p1a: Aerodactyl\n|-sidestart|p1: samjack_2001|move: Tailwind\n|move|p2a: Aggron|Iron Defense|p2a: Aggron\n|-boost|p2a: Aggron|def|2\n|move|p2b: Alakazam|Trick Room|p2b: Alakazam\n|-fieldstart|move: Trick Room|[of] p2b: Alakazam\n|\n|upkeep\n|turn|2\n|\n|t:|1776271850\n|move|p2a: Aggron|Iron Defense|p2a: Aggron\n|-boost|p2a: Aggron|def|2\n|move|p2b: Alakazam|Light Screen|p2b: Alakazam\n|-sidestart|p2: SlowpokeAZ|move: Light Screen\n|move|p1b: Incineroar|Flare Blitz|p2a: Aggron\n|-supereffective|p2a: Aggron|1\n|-damage|p2a: Aggron|88/100\n|-damage|p1b: Incineroar|97/100|[from] Recoil\n|move|p1a: Aerodactyl|Rock Slide|p2b: Alakazam|[spread] p2a,p2b\n|-resisted|p2a: Aggron|1\n|-damage|p2a: Aggron|86/100\n|-damage|p2b: Alakazam|20/100\n|\n|upkeep\n|turn|3\n|\n|t:|1776271868\n|move|p2a: Aggron|Body Press|p1b: Incineroar\n|-supereffective|p1b: Incineroar|1\n|-damage|p1b: Incineroar|0 fnt\n|faint|p1b: Incineroar\n|move|p2b: Alakazam|Reflect|p2b: Alakazam\n|-sidestart|p2: SlowpokeAZ|Reflect\n|move|p1a: Aerodactyl|Dual Wingbeat|p2b: Alakazam\n|-damage|p2b: Alakazam|0 fnt\n|faint|p2b: Alakazam\n|-hitcount|p2: Alakazam|1\n|\n|upkeep\n|\n|t:|1776271879\n|switch|p1b: Sinistcha|Sinistcha, L50|100/100\n|switch|p2b: Garchomp|Garchomp, L50, M|100/100\n|turn|4\n|inactive|samjack_2001 has 30 seconds left.\n|inactive|samjack_2001 has 20 seconds left.\n|\n|t:|1776271918\n|move|p2a: Aggron|Body Press|p1a: Aerodactyl\n|-enditem|p1a: Aerodactyl|Focus Sash\n|-damage|p1a: Aerodactyl|1/100\n|move|p2b: Garchomp|Poltergeist|p1b: Sinistcha|[miss]\n|-miss|p2b: Garchomp|p1b: Sinistcha\n|move|p1b: Sinistcha|Matcha Gotcha|p2b: Garchomp|[spread] p2a,p2b\n|-resisted|p2a: Aggron|1\n|-crit|p2b: Garchomp\n|-damage|p2a: Aggron|76/100\n|-damage|p2b: Garchomp|16/100\n|replace|p2b: Zoroark|Zoroark-Hisui, L50, M\n|-end|p2b: Zoroark|Illusion\n|move|p1a: Aerodactyl|Dual Wingbeat|p2b: Zoroark\n|-damage|p2b: Zoroark|0 fnt\n|faint|p2b: Zoroark\n|-hitcount|p2: Zoroark|1\n|\n|-sideend|p1: samjack_2001|move: Tailwind\n|upkeep\n|\n|t:|1776271934\n|switch|p2b: Garchomp|Garchomp, L50, M|100/100\n|turn|5\n|\n|t:|1776271948\n|move|p2a: Aggron|Heavy Slam|p1b: Sinistcha\n|-damage|p1b: Sinistcha|70/100\n|move|p1b: Sinistcha|Strength Sap|p2b: Garchomp\n|-unboost|p2b: Garchomp|atk|1\n|-heal|p1b: Sinistcha|100/100\n|move|p1a: Aerodactyl|Rock Slide|p2a: Aggron|[spread] p2a,p2b\n|-resisted|p2a: Aggron|1\n|-resisted|p2b: Garchomp|1\n|-damage|p2a: Aggron|75/100\n|-damage|p2b: Garchomp|92/100\n|move|p2b: Garchomp|Rock Slide|p1a: Aerodactyl|[spread] p1a,p1b\n|-supereffective|p1a: Aerodactyl|1\n|-damage|p1a: Aerodactyl|0 fnt\n|-damage|p1b: Sinistcha|88/100\n|faint|p1a: Aerodactyl\n|\n|-heal|p1b: Sinistcha|94/100|[from] item: Leftovers\n|-fieldend|move: Trick Room\n|upkeep\n|\n|t:|1776271963\n|switch|p1a: Floette|Floette-Eternal, L50, F|100/100\n|turn|6\n|\n|t:|1776271968\n|detailschange|p1a: Floette|Floette-Mega, L50, F\n|-mega|p1a: Floette|Floette|Floettite\n|-ability|p1a: Floette|Fairy Aura\n|move|p1b: Sinistcha|Rage Powder|p1b: Sinistcha\n|-singleturn|p1b: Sinistcha|move: Rage Powder\n|move|p2b: Garchomp|Rock Slide|p1b: Sinistcha|[spread] p1a,p1b\n|-damage|p1a: Floette|81/100\n|-damage|p1b: Sinistcha|82/100\n|move|p1a: Floette|Calm Mind|p1a: Floette\n|-boost|p1a: Floette|spa|1\n|-boost|p1a: Floette|spd|1\n|move|p2a: Aggron|Heavy Slam|p1b: Sinistcha\n|-damage|p1b: Sinistcha|48/100\n|\n|-heal|p1b: Sinistcha|54/100|[from] item: Leftovers\n|-sideend|p2: SlowpokeAZ|move: Light Screen\n|upkeep\n|turn|7\n|\n|t:|1776271987\n|move|p2b: Garchomp|Rock Slide|p1a: Floette|[spread] p1a,p1b\n|-damage|p1a: Floette|61/100\n|-damage|p1b: Sinistcha|42/100\n|move|p1a: Floette|Dazzling Gleam|p2b: Garchomp|[spread] p2a,p2b\n|-resisted|p2a: Aggron|1\n|-supereffective|p2b: Garchomp|1\n|-damage|p2a: Aggron|34/100\n|-damage|p2b: Garchomp|0 fnt\n|faint|p2b: Garchomp\n|cant|p1b: Sinistcha|flinch\n|move|p2a: Aggron|Heavy Slam|p1a: Floette\n|-supereffective|p1a: Floette|1\n|-damage|p1a: Floette|1/100\n|\n|-heal|p1b: Sinistcha|48/100|[from] item: Leftovers\n|-sideend|p2: SlowpokeAZ|Reflect\n|upkeep\n|turn|8\n|\n|t:|1776272002\n|move|p1b: Sinistcha|Rage Powder|p1b: Sinistcha\n|-singleturn|p1b: Sinistcha|move: Rage Powder\n|move|p1a: Floette|Light of Ruin|p2a: Aggron\n|-resisted|p2a: Aggron|1\n|-damage|p2a: Aggron|0 fnt\n|faint|p2a: Aggron\n|-damage|p1a: Floette|0 fnt|[from] Recoil\n|faint|p1a: Floette\n|\n|win|samjack_2001\n|raw|samjack_2001's rating: 1062 &rarr; <strong>1095</strong><br />(+33 for winning)\n|raw|SlowpokeAZ's rating: 1083 &rarr; <strong>1059</strong><br />(-24 for losing)\n|l|\u2606SlowpokeAZ\n|player|p2|\n",
  "uploadtime": 1776272007,
  "views": 14,
  "formatid": "gen9championsvgc2026regma",
  "rating": 1059,
  "private": 0,
  "password": null
}