{
  "id": "gen9championsvgc2026regma-2581903510",
  "format": "[Gen 9 Champions] VGC 2026 Reg M-A",
  "players": [
    "DeltaCX",
    "Super Ozone"
  ],
  "log": "|j|\u2606DeltaCX\n|j|\u2606Super Ozone\n|html|<table width=\"100%\"><tr><td align=\"left\">DeltaCX</td><td align=\"right\">Super Ozone</tr><tr><td align=\"left\"><i class=\"fa fa-circle\"></i> <i class=\"fa fa-circle-o\"></i> </td><td align=\"right\"><i class=\"fa fa-circle-o\"></i> <i class=\"fa fa-circle\"></i> </tr></table>\n|uhtml|bestof|<h2><strong>Game 3</strong> of <a href=\"/game-bestof3-gen9championsvgc2026regma-2581898414\">a best-of-3</a></h2>\n|t:|1776038316\n|gametype|doubles\n|player|p1|DeltaCX|101|\n|player|p2|Super Ozone|brycen|\n|gen|9\n|tier|[Gen 9 Champions] VGC 2026 Reg M-A\n|rated|Tournament battle\n|rule|Species Clause: Limit one of each Pok\u00e9mon\n|rule|Item Clause: Limit 1 of each item\n|raw|<div class=\"infobox\"><details class=\"readmore\" open><summary><strong>2 custom rules:</strong></summary> Force Open Team Sheets, Best of = 3</details></div>\n|clearpoke\n|poke|p1|Rotom-Heat, L50|\n|poke|p1|Tyranitar, L50, F|\n|poke|p1|Aerodactyl, L50, M|\n|poke|p1|Aegislash, L50, F|\n|poke|p1|Starmie, L50|\n|poke|p1|Garchomp, L50, F|\n|poke|p2|Steelix, L50, M|\n|poke|p2|Tyranitar, L50, M|\n|poke|p2|Sinistcha, L50|\n|poke|p2|Kommo-o, L50, F|\n|poke|p2|Rotom-Heat, L50|\n|poke|p2|Clefable, L50, M|\n|teampreview|4\n|showteam|p1|Rotom-Heat||SitrusBerry|Levitate|Protect,Thunderbolt,Overheat,HelpingHand||||||50|]Tyranitar||ChoiceScarf|SandStream|RockSlide,KnockOff,IcePunch,Superpower|||F|||50|]Aerodactyl||FocusSash|Unnerve|DualWingbeat,Protect,Tailwind,RockSlide|||M|||50|]Aegislash||WhiteHerb|StanceChange|KingsShield,WideGuard,FlashCannon,ShadowBall|||F|||50|]Starmie||Starminite|NaturalCure|Protect,Liquidation,SkillSwap,ZenHeadbutt||||||50|]Garchomp||BrightPowder|SandVeil|Protect,IronHead,Earthquake,DragonClaw|||F|||50|\n|showteam|p2|Steelix||Steelixite|Sturdy|HeavySlam,HighHorsepower,Curse,Protect|||M|||50|]Tyranitar||FocusSash|SandStream|RockSlide,Crunch,LowKick,Protect|||M|||50|]Sinistcha||SitrusBerry|Hospitality|MatchaGotcha,RagePowder,TrickRoom,Protect||||||50|]Kommo-o||Leftovers|Overcoat|ClangingScales,AuraSphere,ClangorousSoul,Protect|||F|||50|]Rotom-Heat||Charcoal|Levitate|Overheat,VoltSwitch,NastyPlot,Protect||||||50|]Clefable||Clefablite|MagicGuard|Moonblast,ThunderWave,FollowMe,Protect|||M|||50|\n|inactive|Battle timer is ON: inactive players will automatically lose when time's up. (requested by DeltaCX)\n|\n|t:|1776038331\n|teamsize|p1|4\n|teamsize|p2|4\n|start\n|switch|p1a: Tyranitar|Tyranitar, L50, F|100/100\n|switch|p1b: Starmie|Starmie, L50|100/100\n|switch|p2a: Clefable|Clefable, L50, M|100/100\n|switch|p2b: Kommo-o|Kommo-o, L50, F|100/100\n|-weather|Sandstorm|[from] ability: Sand Stream|[of] p1a: Tyranitar\n|turn|1\n|\n|t:|1776038350\n|detailschange|p1b: Starmie|Starmie-Mega, L50\n|-mega|p1b: Starmie|Starmie|Starminite\n|move|p2a: Clefable|Follow Me|p2a: Clefable\n|-singleturn|p2a: Clefable|move: Follow Me\n|move|p1b: Starmie|Skill Swap|p2a: Clefable\n|-activate|p1b: Starmie|Skill Swap|Magic Guard|Huge Power|[of] p2a: Clefable\n|move|p1a: Tyranitar|Ice Punch|p2a: Clefable\n|-damage|p2a: Clefable|71/100\n|move|p2b: Kommo-o|Clangorous Soul|p2b: Kommo-o\n|-boost|p2b: Kommo-o|atk|1\n|-boost|p2b: Kommo-o|def|1\n|-boost|p2b: Kommo-o|spa|1\n|-boost|p2b: Kommo-o|spd|1\n|-boost|p2b: Kommo-o|spe|1\n|-damage|p2b: Kommo-o|68/100\n|\n|-weather|Sandstorm|[upkeep]\n|-damage|p2a: Clefable|65/100|[from] Sandstorm\n|-heal|p2b: Kommo-o|74/100|[from] item: Leftovers\n|upkeep\n|turn|2\n|\n|t:|1776038370\n|switch|p1b: Garchomp|Garchomp, L50, F, shiny|100/100\n|move|p2a: Clefable|Follow Me|p2a: Clefable\n|-singleturn|p2a: Clefable|move: Follow Me\n|move|p2b: Kommo-o|Clangorous Soul|p2b: Kommo-o\n|-boost|p2b: Kommo-o|atk|1\n|-boost|p2b: Kommo-o|def|1\n|-boost|p2b: Kommo-o|spa|1\n|-boost|p2b: Kommo-o|spd|1\n|-boost|p2b: Kommo-o|spe|1\n|-damage|p2b: Kommo-o|42/100\n|move|p1a: Tyranitar|Ice Punch|p2a: Clefable\n|-damage|p2a: Clefable|37/100\n|\n|-weather|Sandstorm|[upkeep]\n|-damage|p2a: Clefable|31/100|[from] Sandstorm\n|-heal|p2b: Kommo-o|48/100|[from] item: Leftovers\n|upkeep\n|turn|3\n|\n|t:|1776038389\n|move|p2b: Kommo-o|Protect|p2b: Kommo-o\n|-singleturn|p2b: Kommo-o|Protect\n|move|p2a: Clefable|Protect|p2a: Clefable\n|-singleturn|p2a: Clefable|Protect\n|move|p1b: Garchomp|Earthquake|p2a: Clefable|[spread] p1a\n|-activate|p2a: Clefable|move: Protect\n|-activate|p2b: Kommo-o|move: Protect\n|-supereffective|p1a: Tyranitar|1\n|-damage|p1a: Tyranitar|29/100\n|move|p1a: Tyranitar|Ice Punch|p2b: Kommo-o\n|-activate|p2b: Kommo-o|move: Protect\n|\n|-weather|Sandstorm|[upkeep]\n|-damage|p2a: Clefable|25/100|[from] Sandstorm\n|-heal|p2b: Kommo-o|54/100|[from] item: Leftovers\n|upkeep\n|turn|4\n|inactive|Super Ozone has 30 seconds left.\n|\n|t:|1776038421\n|switch|p2a: Steelix|Steelix, L50, M|100/100\n|move|p2b: Kommo-o|Clanging Scales|p1a: Tyranitar|[spread] p1a\n|-miss|p2b: Kommo-o|p1b: Garchomp\n|-damage|p1a: Tyranitar|0 fnt\n|faint|p1a: Tyranitar\n|-unboost|p2b: Kommo-o|def|1\n|move|p1b: Garchomp|Iron Head|p2a: Steelix\n|-resisted|p2a: Steelix|1\n|-damage|p2a: Steelix|93/100\n|\n|-weather|Sandstorm|[upkeep]\n|-heal|p2b: Kommo-o|60/100|[from] item: Leftovers\n|upkeep\n|c|\u2606Super Ozone|i gtg so dont forfeit\n|\n|t:|1776038440\n|switch|p1a: Starmie|Starmie-Mega, L50|100/100\n|turn|5\n|\n|t:|1776038450\n|detailschange|p2a: Steelix|Steelix-Mega, L50, M\n|-mega|p2a: Steelix|Steelix|Steelixite\n|move|p2b: Kommo-o|Clanging Scales|p1b: Garchomp|[spread] p1a,p1b\n|-crit|p1a: Starmie\n|-supereffective|p1b: Garchomp|1\n|-damage|p1a: Starmie|0 fnt\n|-damage|p1b: Garchomp|0 fnt\n|faint|p1a: Starmie\n|faint|p1b: Garchomp\n|-unboost|p2b: Kommo-o|def|1\n|move|p2a: Steelix|High Horsepower|p1: Starmie|[notarget]\n|-fail|p2a: Steelix\n|\n|-weather|none\n|-heal|p2b: Kommo-o|66/100|[from] item: Leftovers\n|upkeep\n|c|\u2606Super Ozone|ggs\n|-message|Super Ozone forfeited.\n|\n|win|DeltaCX\n|l|\u2606Super Ozone\n|player|p2|\n|l|\u2606DeltaCX\n|player|p1|\n|j| aurora ltd\n",
  "uploadtime": 1776038819,
  "views": 14,
  "formatid": "gen9championsvgc2026regma",
  "rating": null,
  "private": 0,
  "password": null
}