{
  "id": "gen9championsvgc2026regma-2588142676",
  "format": "[Gen 9 Champions] VGC 2026 Reg M-A",
  "players": [
    "Blackninjamb",
    "trainerlouchan"
  ],
  "log": "|j|\u2606Blackninjamb\n|j|\u2606trainerlouchan\n|t:|1776608632\n|gametype|doubles\n|player|p1|Blackninjamb|cyrus|1166\n|player|p2|trainerlouchan|169|1236\n|gen|9\n|tier|[Gen 9 Champions] VGC 2026 Reg M-A\n|rated|\n|rule|Species Clause: Limit one of each Pok\u00e9mon\n|rule|Item Clause: Limit 1 of each item\n|clearpoke\n|poke|p1|Aggron, L50, F|\n|poke|p1|Sinistcha-Masterpiece, L50|\n|poke|p1|Tyranitar, L50, M|\n|poke|p1|Incineroar, L50, F|\n|poke|p1|Farigiraf, L50, M|\n|poke|p1|Sneasler, L50, M|\n|poke|p2|Gengar, L50, M, shiny|\n|poke|p2|Incineroar, L50, M|\n|poke|p2|Whimsicott, L50, F|\n|poke|p2|Basculegion, L50, M|\n|poke|p2|Decidueye-Hisui, L50, M|\n|poke|p2|Farigiraf, L50, F|\n|teampreview|4\n|inactive|Battle timer is ON: inactive players will automatically lose when time's up. (requested by trainerlouchan)\n|inactive|Blackninjamb also wants the timer to be on.\n|inactive|trainerlouchan has 60 seconds left.\n|\n|t:|1776608672\n|teamsize|p1|4\n|teamsize|p2|4\n|start\n|switch|p1a: The Brick|Tyranitar, L50, M|100/100\n|switch|p1b: The wolfey|Incineroar, L50, F|100/100\n|switch|p2a: Incineroar|Incineroar, L50, M|100/100\n|switch|p2b: Farigiraf|Farigiraf, L50, F|100/100\n|-ability|p1b: The wolfey|Intimidate|boost\n|-unboost|p2a: Incineroar|atk|1\n|-unboost|p2b: Farigiraf|atk|1\n|-weather|Sandstorm|[from] ability: Sand Stream|[of] p1a: The Brick\n|-ability|p2a: Incineroar|Intimidate|boost\n|-unboost|p1a: The Brick|atk|1\n|-unboost|p1b: The wolfey|atk|1\n|turn|1\n|inactive|trainerlouchan has 30 seconds left.\n|\n|t:|1776608704\n|move|p2b: Farigiraf|Protect|p2b: Farigiraf\n|-singleturn|p2b: Farigiraf|Protect\n|move|p2a: Incineroar|Fake Out|p1a: The Brick\n|-resisted|p1a: The Brick|1\n|-damage|p1a: The Brick|98/100\n|move|p1b: The wolfey|Parting Shot|p2a: Incineroar\n|-unboost|p2a: Incineroar|atk|1\n|-unboost|p2a: Incineroar|spa|1\n|\n|t:|1776608718\n|switch|p1b: The Wall|Aggron, L50, F|100/100|[from] Parting Shot\n|cant|p1a: The Brick|flinch\n|\n|-weather|Sandstorm|[upkeep]\n|-damage|p2b: Farigiraf|95/100|[from] Sandstorm\n|-damage|p2a: Incineroar|95/100|[from] Sandstorm\n|upkeep\n|turn|2\n|\n|t:|1776608732\n|switch|p2b: Decidueye|Decidueye-Hisui, L50, M|100/100\n|detailschange|p1b: The Wall|Aggron-Mega, L50, F\n|-mega|p1b: The Wall|Aggron|Aggronite\n|move|p1a: The Brick|Knock Off|p2b: Decidueye\n|-resisted|p2b: Decidueye|1\n|-damage|p2b: Decidueye|77/100\n|-enditem|p2b: Decidueye|White Herb|[from] move: Knock Off|[of] p1a: The Brick\n|move|p2a: Incineroar|Flare Blitz|p1b: The Wall\n|-supereffective|p1b: The Wall|1\n|-damage|p1b: The Wall|80/100\n|-damage|p2a: Incineroar|89/100|[from] Recoil\n|move|p1b: The Wall|Iron Defense|p1b: The Wall\n|-boost|p1b: The Wall|def|2\n|\n|-weather|Sandstorm|[upkeep]\n|-damage|p2b: Decidueye|72/100|[from] Sandstorm\n|-damage|p2a: Incineroar|83/100|[from] Sandstorm\n|upkeep\n|turn|3\n|\n|t:|1776608751\n|move|p2b: Decidueye|Close Combat|p1b: The Wall\n|-supereffective|p1b: The Wall|1\n|-damage|p1b: The Wall|58/100\n|-unboost|p2b: Decidueye|def|1\n|-unboost|p2b: Decidueye|spd|1\n|move|p1a: The Brick|Ice Punch|p2b: Decidueye\n|-supereffective|p2b: Decidueye|1\n|-damage|p2b: Decidueye|8/100\n|move|p2a: Incineroar|Parting Shot|p1a: The Brick\n|-unboost|p1a: The Brick|atk|1\n|-unboost|p1a: The Brick|spa|1\n|\n|t:|1776608764\n|switch|p2a: Gengar|Gengar, L50, M, shiny|100/100|[from] Parting Shot\n|move|p1b: The Wall|Body Press|p2a: Gengar\n|-immune|p2a: Gengar\n|\n|-weather|Sandstorm|[upkeep]\n|-damage|p2a: Gengar|94/100|[from] Sandstorm\n|-damage|p2b: Decidueye|2/100|[from] Sandstorm\n|upkeep\n|turn|4\n|\n|t:|1776608786\n|detailschange|p2a: Gengar|Gengar-Mega, L50, M, shiny\n|-mega|p2a: Gengar|Gengar|Gengarite\n|move|p1b: The Wall|Protect|p1b: The Wall\n|-singleturn|p1b: The Wall|Protect\n|move|p2a: Gengar|Shadow Ball|p1b: The Wall\n|-activate|p1b: The Wall|move: Protect\n|move|p2b: Decidueye|Close Combat|p1a: The Brick\n|-supereffective|p1a: The Brick|2\n|-enditem|p1a: The Brick|Chople Berry|[eat]\n|-enditem|p1a: The Brick|Chople Berry|[weaken]\n|-damage|p1a: The Brick|0 fnt\n|-unboost|p2b: Decidueye|def|1\n|-unboost|p2b: Decidueye|spd|1\n|faint|p1a: The Brick\n|\n|-weather|Sandstorm|[upkeep]\n|-damage|p2a: Gengar|88/100|[from] Sandstorm\n|-damage|p2b: Decidueye|0 fnt|[from] Sandstorm\n|faint|p2b: Decidueye\n|upkeep\n|\n|t:|1776608806\n|switch|p2b: Incineroar|Incineroar, L50, M|83/100\n|switch|p1a: The wolfey|Incineroar, L50, F|100/100\n|-ability|p1a: The wolfey|Intimidate|boost\n|-unboost|p2a: Gengar|atk|1\n|-unboost|p2b: Incineroar|atk|1\n|-ability|p2b: Incineroar|Intimidate|boost\n|-unboost|p1a: The wolfey|atk|1\n|-unboost|p1b: The Wall|atk|1\n|turn|5\n|\n|t:|1776608819\n|move|p2a: Gengar|Shadow Ball|p1b: The Wall\n|-damage|p1b: The Wall|15/100\n|-unboost|p1b: The Wall|spd|1\n|move|p1a: The wolfey|Parting Shot|p2a: Gengar\n|-unboost|p2a: Gengar|atk|1\n|-unboost|p2a: Gengar|spa|1\n|\n|t:|1776608824\n|switch|p1a: The Help|Farigiraf, L50, M|100/100|[from] Parting Shot\n|move|p2b: Incineroar|Flare Blitz|p1b: The Wall\n|-supereffective|p1b: The Wall|1\n|-damage|p1b: The Wall|2/100\n|-damage|p2b: Incineroar|79/100|[from] Recoil\n|move|p1b: The Wall|Heavy Slam|p2a: Gengar\n|-damage|p2a: Gengar|41/100\n|\n|-weather|none\n|upkeep\n|turn|6\n|\n|t:|1776608849\n|move|p1b: The Wall|Protect|p1b: The Wall\n|-singleturn|p1b: The Wall|Protect\n|move|p2a: Gengar|Shadow Ball|p1b: The Wall\n|-activate|p1b: The Wall|move: Protect\n|move|p2b: Incineroar|Flare Blitz|p1a: The Help\n|-damage|p1a: The Help|70/100\n|-damage|p2b: Incineroar|68/100|[from] Recoil\n|move|p1a: The Help|Trick Room|p1a: The Help\n|-fieldstart|move: Trick Room|[of] p1a: The Help\n|\n|upkeep\n|turn|7\n|\n|t:|1776608863\n|switch|p2a: Farigiraf|Farigiraf, L50, F|95/100\n|move|p1b: The Wall|Body Press|p2b: Incineroar\n|-supereffective|p2b: Incineroar|1\n|-damage|p2b: Incineroar|0 fnt\n|faint|p2b: Incineroar\n|move|p1a: The Help|Psychic|p2a: Farigiraf\n|-resisted|p2a: Farigiraf|1\n|-damage|p2a: Farigiraf|79/100\n|\n|upkeep\n|\n|t:|1776608872\n|switch|p2b: Gengar|Gengar-Mega, L50, M, shiny|41/100\n|turn|8\n|\n|t:|1776608880\n|move|p2b: Gengar|Protect|p2b: Gengar\n|-singleturn|p2b: Gengar|Protect\n|move|p1b: The Wall|Body Press|p2a: Farigiraf\n|-damage|p2a: Farigiraf|13/100\n|move|p1a: The Help|Psychic|p2b: Gengar\n|-activate|p2b: Gengar|move: Protect\n|move|p2a: Farigiraf|Psychic|p1b: The Wall\n|-resisted|p1b: The Wall|1\n|-damage|p1b: The Wall|0 fnt\n|faint|p1b: The Wall\n|\n|upkeep\n|\n|t:|1776608886\n|switch|p1b: The wolfey|Incineroar, L50, F|100/100\n|-ability|p1b: The wolfey|Intimidate|boost\n|-unboost|p2a: Farigiraf|atk|1\n|-unboost|p2b: Gengar|atk|1\n|turn|9\n|inactive|trainerlouchan has 30 seconds left.\n|inactive|trainerlouchan has 20 seconds left.\n|\n|t:|1776608921\n|move|p1a: The Help|Psychic|p2b: Gengar\n|-supereffective|p2b: Gengar|1\n|-damage|p2b: Gengar|0 fnt\n|faint|p2b: Gengar\n|move|p1b: The wolfey|Flare Blitz|p2a: Farigiraf\n|-crit|p2a: Farigiraf\n|-damage|p2a: Farigiraf|0 fnt\n|faint|p2a: Farigiraf\n|-damage|p1b: The wolfey|96/100|[from] Recoil\n|\n|win|Blackninjamb\n|raw|Blackninjamb's rating: 1166 &rarr; <strong>1196</strong><br />(+30 for winning)\n|raw|trainerlouchan's rating: 1236 &rarr; <strong>1206</strong><br />(-30 for losing)\n|l|\u2606trainerlouchan\n|player|p2|\n",
  "uploadtime": 1776608934,
  "views": 29,
  "formatid": "gen9championsvgc2026regma",
  "rating": 1196,
  "private": 0,
  "password": null
}