{
  "id": "gen9championsvgc2026regma-2583144069",
  "format": "[Gen 9 Champions] VGC 2026 Reg M-A",
  "players": [
    "ChampionsmatchVGC",
    "Froth OClock"
  ],
  "log": "|j|\u2606ChampionsmatchVGC\n|j|\u2606Froth OClock\n|t:|1776147385\n|gametype|doubles\n|player|p1|ChampionsmatchVGC|265|1533\n|player|p2|Froth OClock|crasherwake|1521\n|gen|9\n|tier|[Gen 9 Champions] VGC 2026 Reg M-A\n|rated|\n|rule|Species Clause: Limit one of each Pok\u00e9mon\n|rule|Item Clause: Limit 1 of each item\n|clearpoke\n|poke|p1|Floette-Eternal, L50, F|\n|poke|p1|Incineroar, L50, F|\n|poke|p1|Sinistcha, L50|\n|poke|p1|Sneasler, L50, F|\n|poke|p1|Kingambit, L50, M|\n|poke|p1|Aerodactyl, L50, F|\n|poke|p2|Delphox, L50, F|\n|poke|p2|Garchomp, L50, F|\n|poke|p2|Primarina, L50, F|\n|poke|p2|Sneasler, L50, M|\n|poke|p2|Ninetales-Alola, L50, F|\n|poke|p2|Dragonite, L50, F|\n|teampreview|4\n|\n|t:|1776147413\n|teamsize|p1|4\n|teamsize|p2|4\n|start\n|switch|p1a: Incineroar|Incineroar, L50, F|100/100\n|switch|p1b: Floette|Floette-Eternal, L50, F|100/100\n|switch|p2a: The Prim|Primarina, L50, F|100/100\n|switch|p2b: The Tails|Ninetales-Alola, L50, F|100/100\n|-weather|Snowscape|[from] ability: Snow Warning|[of] p2b: The Tails\n|-ability|p1a: Incineroar|Intimidate|boost\n|-unboost|p2a: The Prim|atk|1\n|-unboost|p2b: The Tails|atk|1\n|turn|1\n|\n|t:|1776147427\n|detailschange|p1b: Floette|Floette-Mega, L50, F\n|-mega|p1b: Floette|Floette|Floettite\n|-ability|p1b: Floette|Fairy Aura\n|move|p2b: The Tails|Aurora Veil|p2b: The Tails\n|-sidestart|p2: Froth OClock|move: Aurora Veil\n|move|p1b: Floette|Calm Mind|p1b: Floette\n|-boost|p1b: Floette|spa|1\n|-boost|p1b: Floette|spd|1\n|move|p2a: The Prim|Calm Mind|p2a: The Prim\n|-boost|p2a: The Prim|spa|1\n|-boost|p2a: The Prim|spd|1\n|move|p1a: Incineroar|Throat Chop|p2a: The Prim\n|-resisted|p2a: The Prim|1\n|-damage|p2a: The Prim|90/100\n|-start|p2a: The Prim|Throat Chop|[silent]\n|\n|-weather|Snowscape|[upkeep]\n|-heal|p2a: The Prim|96/100|[from] item: Leftovers\n|upkeep\n|turn|2\n|j| Robertl\n|\n|t:|1776147453\n|move|p2b: The Tails|Blizzard|p1a: Incineroar|[spread] p1a,p1b\n|-resisted|p1a: Incineroar|1\n|-damage|p1a: Incineroar|92/100\n|-damage|p1b: Floette|90/100\n|move|p1b: Floette|Calm Mind|p1b: Floette\n|-boost|p1b: Floette|spa|1\n|-boost|p1b: Floette|spd|1\n|move|p2a: The Prim|Calm Mind|p2a: The Prim\n|-boost|p2a: The Prim|spa|1\n|-boost|p2a: The Prim|spd|1\n|move|p1a: Incineroar|Parting Shot|p2a: The Prim\n|-unboost|p2a: The Prim|atk|1\n|-unboost|p2a: The Prim|spa|1\n|\n|t:|1776147469\n|switch|p1a: Aerodactyl|Aerodactyl, L50, F|100/100|[from] Parting Shot\n|-ability|p1a: Aerodactyl|Unnerve\n|\n|-weather|Snowscape|[upkeep]\n|-heal|p2a: The Prim|100/100|[from] item: Leftovers\n|-end|p2a: The Prim|Throat Chop|[silent]\n|upkeep\n|turn|3\n|\n|t:|1776147479\n|move|p1a: Aerodactyl|Wide Guard|p1a: Aerodactyl\n|-singleturn|p1a: Aerodactyl|Wide Guard\n|move|p2b: The Tails|Blizzard|p1b: Floette|[spread] \n|-activate|p1a: Aerodactyl|move: Wide Guard\n|-activate|p1b: Floette|move: Wide Guard\n|move|p1b: Floette|Dazzling Gleam|p2b: The Tails|[spread] p2a,p2b\n|-damage|p2a: The Prim|72/100\n|-damage|p2b: The Tails|29/100\n|move|p2a: The Prim|Hyper Voice|p1a: Aerodactyl|[spread] \n|-activate|p1a: Aerodactyl|move: Wide Guard\n|-activate|p1b: Floette|move: Wide Guard\n|\n|-weather|Snowscape|[upkeep]\n|-heal|p2a: The Prim|78/100|[from] item: Leftovers\n|upkeep\n|turn|4\n|\n|t:|1776147501\n|move|p1a: Aerodactyl|Tailwind|p1a: Aerodactyl\n|-sidestart|p1: ChampionsmatchVGC|move: Tailwind\n|move|p1b: Floette|Dazzling Gleam|p2a: The Prim|[spread] p2a,p2b\n|-damage|p2a: The Prim|52/100\n|-damage|p2b: The Tails|0 fnt\n|faint|p2b: The Tails\n|move|p2a: The Prim|Calm Mind|p2a: The Prim\n|-boost|p2a: The Prim|spa|1\n|-boost|p2a: The Prim|spd|1\n|\n|-weather|Snowscape|[upkeep]\n|-heal|p2a: The Prim|58/100|[from] item: Leftovers\n|upkeep\n|\n|t:|1776147511\n|switch|p2b: The Sneas|Sneasler, L50, M|100/100\n|turn|5\n|\n|t:|1776147554\n|switch|p1a: Incineroar|Incineroar, L50, F|92/100\n|-ability|p1a: Incineroar|Intimidate|boost\n|-unboost|p2a: The Prim|atk|1\n|-unboost|p2b: The Sneas|atk|1\n|-enditem|p2b: The Sneas|White Herb\n|-clearnegativeboost|p2b: The Sneas|[silent]\n|move|p2b: The Sneas|Protect|p2b: The Sneas\n|-singleturn|p2b: The Sneas|Protect\n|move|p1b: Floette|Draining Kiss|p2b: The Sneas\n|-activate|p2b: The Sneas|move: Protect\n|move|p2a: The Prim|Calm Mind|p2a: The Prim\n|-boost|p2a: The Prim|spa|1\n|-boost|p2a: The Prim|spd|1\n|\n|-weather|none\n|-heal|p1a: Incineroar|98/100|[from] item: Leftovers\n|-heal|p2a: The Prim|64/100|[from] item: Leftovers\n|-sideend|p2: Froth OClock|move: Aurora Veil\n|upkeep\n|turn|6\n|j| jollyb\n|\n|t:|1776147596\n|move|p1a: Incineroar|Fake Out|p2b: The Sneas\n|-crit|p2b: The Sneas\n|-damage|p2b: The Sneas|73/100\n|cant|p2b: The Sneas|flinch\n|move|p1b: Floette|Calm Mind|p1b: Floette\n|-boost|p1b: Floette|spa|1\n|-boost|p1b: Floette|spd|1\n|move|p2a: The Prim|Hyper Voice|p1b: Floette|[spread] p1a,p1b\n|-supereffective|p1a: Incineroar|1\n|-damage|p1a: Incineroar|0 fnt\n|-damage|p1b: Floette|68/100\n|faint|p1a: Incineroar\n|\n|-heal|p2a: The Prim|70/100|[from] item: Leftovers\n|upkeep\n|\n|t:|1776147605\n|switch|p1a: Sinistcha|Sinistcha, L50|100/100\n|-heal|p1b: Floette|93/100|[from] ability: Hospitality|[of] p1a: Sinistcha\n|turn|7\n|\n|t:|1776147617\n|move|p2b: The Sneas|Protect|p2b: The Sneas\n|-singleturn|p2b: The Sneas|Protect\n|move|p1b: Floette|Draining Kiss|p2b: The Sneas\n|-activate|p2b: The Sneas|move: Protect\n|move|p2a: The Prim|Moonblast|p1a: Sinistcha\n|-damage|p1a: Sinistcha|0 fnt\n|faint|p1a: Sinistcha\n|\n|-heal|p2a: The Prim|76/100|[from] item: Leftovers\n|-sideend|p1: ChampionsmatchVGC|move: Tailwind\n|upkeep\n|\n|t:|1776147621\n|switch|p1a: Aerodactyl|Aerodactyl, L50, F|100/100\n|-ability|p1a: Aerodactyl|Unnerve\n|turn|8\n|\n|t:|1776147639\n|move|p2b: The Sneas|Dire Claw|p1b: Floette\n|-supereffective|p1b: Floette|1\n|-damage|p1b: Floette|0 fnt\n|faint|p1b: Floette\n|move|p1a: Aerodactyl|Rock Slide|p2a: The Prim|[spread] p2a,p2b\n|-resisted|p2b: The Sneas|1\n|-damage|p2a: The Prim|50/100\n|-damage|p2b: The Sneas|51/100\n|move|p2a: The Prim|Hyper Voice|p1a: Aerodactyl\n|-supereffective|p1a: Aerodactyl|1\n|-enditem|p1a: Aerodactyl|Focus Sash\n|-damage|p1a: Aerodactyl|1/100\n|\n|-heal|p2a: The Prim|56/100|[from] item: Leftovers\n|upkeep\n|turn|9\n|-message|ChampionsmatchVGC forfeited.\n|\n|win|Froth OClock\n|raw|ChampionsmatchVGC's rating: 1533 &rarr; <strong>1512</strong><br />(-21 for losing)\n|raw|Froth OClock's rating: 1521 &rarr; <strong>1542</strong><br />(+21 for winning)\n|l| Robertl\n|l|\u2606ChampionsmatchVGC\n|player|p1|\n|l|\u2606Froth OClock\n|player|p2|\n",
  "uploadtime": 1776147668,
  "views": 127,
  "formatid": "gen9championsvgc2026regma",
  "rating": 1512,
  "private": 0,
  "password": null
}