{
  "id": "gen9championsvgc2026regma-2589506076",
  "format": "[Gen 9 Champions] VGC 2026 Reg M-A",
  "players": [
    "OgiOcrew",
    "Kenny con perish"
  ],
  "log": "|j|\u2606OgiOcrew\n|j|\u2606Kenny con perish\n|t:|1776729138\n|gametype|doubles\n|player|p1|OgiOcrew|red|1167\n|player|p2|Kenny con perish|hilda|1167\n|gen|9\n|tier|[Gen 9 Champions] VGC 2026 Reg M-A\n|rated|\n|rule|Species Clause: Limit one of each Pok\u00e9mon\n|rule|Item Clause: Limit 1 of each item\n|clearpoke\n|poke|p1|Gengar, L50, M, shiny|\n|poke|p1|Sableye, L50, M, shiny|\n|poke|p1|Incineroar, L50, F, shiny|\n|poke|p1|Politoed, L50, F, shiny|\n|poke|p1|Kangaskhan, L50, F|\n|poke|p1|Meowscarada, L50, F|\n|poke|p2|Gengar, L50, F|\n|poke|p2|Incineroar, L50, M|\n|poke|p2|Maushold, L50|\n|poke|p2|Sableye, L50, F|\n|poke|p2|Rotom-Wash, L50|\n|poke|p2|Garchomp, L50, F|\n|teampreview|4\n|inactive|Battle timer is ON: inactive players will automatically lose when time's up. (requested by Kenny con perish)\nKenny con perish rejected open team sheets.\n|c|\u2606OgiOcrew|LOL perish trap?\n|c|\u2606Kenny con perish|perish on perish?\n|c|\u2606Kenny con perish|let's gooooooo\n|c|\u2606OgiOcrew|LOOOOL nice\n|c|\u2606Kenny con perish|first time in the mirror\n|c|\u2606OgiOcrew|same\n|c|\u2606OgiOcrew|gl brotatochip\n|inactive|OgiOcrew has 60 seconds left.\n|inactive|Kenny con perish has 60 seconds left.\n|inactive|Kenny con perish has 30 seconds left.\n|\n|t:|1776729201\n|teamsize|p1|4\n|teamsize|p2|4\n|start\n|switch|p1a: Kangaskhan|Kangaskhan, L50, F|100/100\n|switch|p1b: Gengar|Gengar, L50, M, shiny|100/100\n|switch|p2a: Gengar|Gengar, L50, F|100/100\n|switch|p2b: Maushold|Maushold, L50|100/100\n|turn|1\n|c|\u2606Kenny con perish|glhf\n|c|\u2606OgiOcrew|glhf\n|inactive|OgiOcrew has 30 seconds left.\n|\n|t:|1776729226\n|switch|p1b: Meowscarada|Meowscarada, L50, F|100/100\n|detailschange|p2a: Gengar|Gengar-Mega, L50, F\n|-mega|p2a: Gengar|Gengar|Gengarite\n|move|p2a: Gengar|Protect|p2a: Gengar\n|-singleturn|p2a: Gengar|Protect\n|move|p2b: Maushold|Protect|p2b: Maushold\n|-singleturn|p2b: Maushold|Protect\n|move|p1a: Kangaskhan|Double-Edge|p2b: Maushold\n|-activate|p2b: Maushold|move: Protect\n|\n|upkeep\n|turn|2\n|inactive|Kenny con perish has 30 seconds left.\n|inactive|Kenny con perish has 20 seconds left.\n|inactive|Kenny con perish has 15 seconds left.\n|\n|t:|1776729268\n|switch|p2a: Incineroar|Incineroar, L50, M|100/100\n|-ability|p2a: Incineroar|Intimidate|boost\n|-fail|p1a: Kangaskhan|unboost|Attack|[from] ability: Scrappy|[of] p1a: Kangaskhan\n|-unboost|p1b: Meowscarada|atk|1\n|move|p1b: Meowscarada|Throat Chop|p2a: Incineroar\n|-start|p1b: Meowscarada|typechange|Dark|[from] ability: Protean\n|-resisted|p2a: Incineroar|1\n|-damage|p2a: Incineroar|92/100\n|-start|p2a: Incineroar|Throat Chop|[silent]\n|move|p2b: Maushold|Encore|p1b: Meowscarada\n|-start|p1b: Meowscarada|Encore\n|move|p1a: Kangaskhan|Double-Edge|p2b: Maushold\n|-damage|p2b: Maushold|31/100\n|-enditem|p2b: Maushold|Sitrus Berry|[eat]\n|-heal|p2b: Maushold|56/100|[from] item: Sitrus Berry\n|-damage|p1a: Kangaskhan|77/100|[from] Recoil\n|\n|-heal|p1a: Kangaskhan|83/100|[from] item: Leftovers\n|upkeep\n|turn|3\n|inactive|OgiOcrew has 30 seconds left.\n|inactive|Kenny con perish has 30 seconds left.\n|\n|t:|1776729299\n|switch|p1b: Sableye|Sableye, L50, M, shiny|100/100\n|move|p1a: Kangaskhan|Protect|p1a: Kangaskhan\n|-singleturn|p1a: Kangaskhan|Protect\n|move|p2a: Incineroar|Fake Out|p1a: Kangaskhan\n|-activate|p1a: Kangaskhan|move: Protect\n|move|p2b: Maushold|U-turn|p1b: Sableye\n|-damage|p1b: Sableye|85/100\n|\n|t:|1776729311\n|switch|p2b: Gengar|Gengar-Mega, L50, F|100/100|[from] U-turn\n|\n|-heal|p1a: Kangaskhan|90/100|[from] item: Leftovers\n|-end|p2a: Incineroar|Throat Chop|[silent]\n|upkeep\n|turn|4\n|\n|t:|1776729334\n|move|p2b: Gengar|Protect|p2b: Gengar\n|-singleturn|p2b: Gengar|Protect\n|move|p1b: Sableye|Fake Out|p2a: Incineroar\n|-damage|p2a: Incineroar|86/100\n|move|p1a: Kangaskhan|Double-Edge|p2b: Gengar\n|-activate|p2b: Gengar|move: Protect\n|cant|p2a: Incineroar|flinch\n|\n|-heal|p1a: Kangaskhan|96/100|[from] item: Leftovers\n|upkeep\n|turn|5\n|inactive|Kenny con perish has 30 seconds left.\n|\n|t:|1776729366\n|switch|p2b: Maushold|Maushold, L50|56/100\n|move|p1b: Sableye|Encore||[still]\n|-fail|p1b: Sableye\n|move|p1a: Kangaskhan|Double-Edge|p2b: Maushold\n|-damage|p2b: Maushold|0 fnt\n|faint|p2b: Maushold\n|-damage|p1a: Kangaskhan|77/100|[from] Recoil\n|move|p2a: Incineroar|Close Combat|p1a: Kangaskhan\n|-supereffective|p1a: Kangaskhan|1\n|-damage|p1a: Kangaskhan|6/100\n|-unboost|p2a: Incineroar|def|1\n|-unboost|p2a: Incineroar|spd|1\n|-enditem|p2a: Incineroar|White Herb\n|-clearnegativeboost|p2a: Incineroar|[silent]\n|\n|-heal|p1a: Kangaskhan|12/100|[from] item: Leftovers\n|upkeep\n|inactive|Kenny con perish has 30 seconds left.\n|\n|t:|1776729391\n|switch|p2b: Sableye|Sableye, L50, F|100/100\n|turn|6\n|\n|t:|1776729414\n|move|p1b: Sableye|Detect|p1b: Sableye\n|-singleturn|p1b: Sableye|Protect\n|move|p1a: Kangaskhan|Protect|p1a: Kangaskhan\n|-singleturn|p1a: Kangaskhan|Protect\n|move|p2b: Sableye|Will-O-Wisp|p1a: Kangaskhan\n|-activate|p1a: Kangaskhan|move: Protect\n|move|p2a: Incineroar|Flare Blitz|p1a: Kangaskhan\n|-activate|p1a: Kangaskhan|move: Protect\n|\n|-heal|p1a: Kangaskhan|18/100|[from] item: Leftovers\n|upkeep\n|turn|7\n|inactive|OgiOcrew has 30 seconds left.\n|inactive|OgiOcrew has 20 seconds left.\n|\n|t:|1776729452\n|move|p1b: Sableye|Disable|p2b: Sableye\n|-hint|Since gen 7, Dark is immune to Prankster moves.\n|-immune|p2b: Sableye\n|move|p2b: Sableye|Will-O-Wisp|p1a: Kangaskhan\n|-status|p1a: Kangaskhan|brn\n|move|p1a: Kangaskhan|Double-Edge|p2b: Sableye\n|-damage|p2b: Sableye|58/100\n|-damage|p1a: Kangaskhan|6/100 brn|[from] Recoil\n|move|p2a: Incineroar|Flare Blitz|p1b: Sableye\n|-damage|p1b: Sableye|27/100\n|-damage|p2a: Incineroar|71/100|[from] Recoil\n|\n|-heal|p1a: Kangaskhan|12/100 brn|[from] item: Leftovers\n|-damage|p1a: Kangaskhan|6/100 brn|[from] brn\n|upkeep\n|turn|8\n|c|\u2606Kenny con perish|dude i forget that all the time too\n|inactive|Kenny con perish has 30 seconds left.\n|inactive|Kenny con perish has 20 seconds left.\n|\n|t:|1776729488\n|move|p1b: Sableye|Detect|p1b: Sableye\n|-singleturn|p1b: Sableye|Protect\n|move|p2b: Sableye|Disable|p1a: Kangaskhan\n|-start|p1a: Kangaskhan|Disable|Double-Edge\n|cant|p1a: Kangaskhan|Disable|Double-Edge\n|move|p2a: Incineroar|Flare Blitz|p1b: Sableye\n|-activate|p1b: Sableye|move: Protect\n|\n|-heal|p1a: Kangaskhan|12/100 brn|[from] item: Leftovers\n|-damage|p1a: Kangaskhan|6/100 brn|[from] brn\n|upkeep\n|turn|9\n|c|\u2606OgiOcrew|lol I didnt wanna swap so I had to do something\n|\n|t:|1776729512\n|move|p1b: Sableye|Detect||[still]\n|-fail|p1b: Sableye\n|move|p2b: Sableye|Will-O-Wisp|p1b: Sableye\n|-hint|Since gen 7, Dark is immune to Prankster moves.\n|-immune|p1b: Sableye\n|move|p1a: Kangaskhan|Low Kick|p2a: Incineroar\n|-supereffective|p2a: Incineroar|1\n|-crit|p2a: Incineroar\n|-damage|p2a: Incineroar|32/100\n|move|p2a: Incineroar|Flare Blitz|p1a: Kangaskhan\n|-damage|p1a: Kangaskhan|0 fnt\n|faint|p1a: Kangaskhan\n|-damage|p2a: Incineroar|30/100|[from] Recoil\n|\n|upkeep\n|\n|t:|1776729526\n|switch|p1a: Meowscarada|Meowscarada, L50, F|100/100\n|turn|10\n|c|\u2606Kenny con perish|i didn't notice you had lefties, thought it would faint\n|\n|t:|1776729546\n|switch|p1b: Gengar|Gengar, L50, M, shiny|100/100\n|switch|p2b: Gengar|Gengar-Mega, L50, F|100/100\n|move|p1a: Meowscarada|Throat Chop|p2a: Incineroar\n|-start|p1a: Meowscarada|typechange|Dark|[from] ability: Protean\n|-resisted|p2a: Incineroar|1\n|-damage|p2a: Incineroar|13/100\n|-start|p2a: Incineroar|Throat Chop|[silent]\n|move|p2a: Incineroar|Flare Blitz|p1a: Meowscarada\n|-damage|p1a: Meowscarada|18/100\n|-damage|p2a: Incineroar|0 fnt|[from] Recoil\n|faint|p2a: Incineroar\n|\n|upkeep\n|\n|t:|1776729559\n|switch|p2a: Sableye|Sableye, L50, F|58/100\n|turn|11\n|c|\u2606Kenny con perish|gg\n|\n|t:|1776729573\n|detailschange|p1b: Gengar|Gengar-Mega, L50, M, shiny\n|-mega|p1b: Gengar|Gengar|Gengarite\n|move|p2a: Sableye|Will-O-Wisp|p1a: Meowscarada\n|-hint|Since gen 7, Dark is immune to Prankster moves.\n|-immune|p1a: Meowscarada\n|move|p1a: Meowscarada|Throat Chop|p2b: Gengar\n|-supereffective|p2b: Gengar|1\n|-damage|p2b: Gengar|8/100\n|-start|p2b: Gengar|Throat Chop|[silent]\n|move|p2b: Gengar|Shadow Ball|p1b: Gengar\n|-supereffective|p1b: Gengar|1\n|-damage|p1b: Gengar|0 fnt\n|faint|p1b: Gengar\n|\n|upkeep\n|c|\u2606Kenny con perish|FUCK I FORGOT AGAIN\n|c|\u2606OgiOcrew|UH OH\n|\n|t:|1776729585\n|switch|p1b: Sableye|Sableye, L50, M, shiny|27/100\n|turn|12\n|c|\u2606Kenny con perish|I mean, couldn't do anything but\n|c|\u2606OgiOcrew|I cant tell who wins tbh\n|c|\u2606Kenny con perish|me neither\n|c|\u2606Kenny con perish|if you have sucker punch probably you\n|\n|t:|1776729607\n|move|p2a: Sableye|Protect|p2a: Sableye\n|-singleturn|p2a: Sableye|Protect\n|move|p1b: Sableye|Disable|p2b: Gengar\n|-start|p2b: Gengar|Disable|Shadow Ball\n|move|p1a: Meowscarada|Throat Chop|p2a: Sableye\n|-activate|p2a: Sableye|move: Protect\n|cant|p2b: Gengar|Disable|Shadow Ball\n|\n|-end|p2b: Gengar|Throat Chop|[silent]\n|upkeep\n|turn|13\n|c|\u2606Kenny con perish|but sableye vs sableye is weird\n|c|\u2606OgiOcrew|it is really weird\n|inactive|OgiOcrew has 30 seconds left.\n|\n|t:|1776729635\n|move|p1b: Sableye|Detect|p1b: Sableye\n|-singleturn|p1b: Sableye|Protect\n|move|p2a: Sableye|Protect||[still]\n|-fail|p2a: Sableye\n|move|p1a: Meowscarada|Throat Chop|p2b: Gengar\n|-supereffective|p2b: Gengar|1\n|-damage|p2b: Gengar|0 fnt\n|faint|p2b: Gengar\n|\n|upkeep\n|turn|14\n|c|\u2606Kenny con perish|no WoW on sableye? I feel like it's invaluable\n|c|\u2606Kenny con perish|wait, how did you move first?\n|c|\u2606Kenny con perish|oh, scarf??\n|inactive|OgiOcrew has 30 seconds left.\n|inactive|Kenny con perish has 30 seconds left.\n|c|\u2606OgiOcrew|yeah Im scarf\n|\n|t:|1776729666\n|move|p1b: Sableye|Detect||[still]\n|-fail|p1b: Sableye\n|move|p2a: Sableye|Encore|p1a: Meowscarada\n|-hint|Since gen 7, Dark is immune to Prankster moves.\n|-immune|p1a: Meowscarada\n|move|p1a: Meowscarada|Throat Chop|p2a: Sableye\n|-damage|p2a: Sableye|9/100\n|-start|p2a: Sableye|Throat Chop|[silent]\n|\n|upkeep\n|turn|15\n|\n|t:|1776729675\n|move|p1b: Sableye|Detect|p1b: Sableye\n|-singleturn|p1b: Sableye|Protect\n|move|p2a: Sableye|Disable|p1a: Meowscarada\n|-hint|Since gen 7, Dark is immune to Prankster moves.\n|-immune|p1a: Meowscarada\n|move|p1a: Meowscarada|Throat Chop|p2a: Sableye\n|-damage|p2a: Sableye|0 fnt\n|faint|p2a: Sableye\n|\n|win|OgiOcrew\n|raw|OgiOcrew's rating: 1167 &rarr; <strong>1192</strong><br />(+25 for winning)\n|raw|Kenny con perish's rating: 1167 &rarr; <strong>1142</strong><br />(-25 for losing)\n|c|\u2606OgiOcrew|gg\n|c|\u2606Kenny con perish|wait I got meow mxied up with the other one with majesty guard or whatever\n|c|\u2606Kenny con perish|gg\n|l|\u2606Kenny con perish\n|player|p2|\n|c|\u2606OgiOcrew|ur team was really good\n",
  "uploadtime": 1776729703,
  "views": 8,
  "formatid": "gen9championsvgc2026regma",
  "rating": 1142,
  "private": 0,
  "password": null
}