{
  "id": "gen9championsvgc2026regma-2587129023",
  "format": "[Gen 9 Champions] VGC 2026 Reg M-A",
  "players": [
    "jeazoal",
    "StarWarsTAZ"
  ],
  "log": "|j|\u2606jeazoal\n|j|\u2606StarWarsTAZ\n|t:|1776497566\n|gametype|doubles\n|player|p1|jeazoal|169|1057\n|player|p2|StarWarsTAZ|ingo|1114\n|gen|9\n|tier|[Gen 9 Champions] VGC 2026 Reg M-A\n|rated|\n|rule|Species Clause: Limit one of each Pok\u00e9mon\n|rule|Item Clause: Limit 1 of each item\n|clearpoke\n|poke|p1|Pelipper, L50, F|\n|poke|p1|Basculegion, L50, M|\n|poke|p1|Archaludon, L50, F|\n|poke|p1|Sinistcha, L50|\n|poke|p1|Dragonite, L50, F|\n|poke|p1|Sneasler, L50, M|\n|poke|p2|Gengar, L50, F|\n|poke|p2|Incineroar, L50, F|\n|poke|p2|Gyarados, L50, F|\n|poke|p2|Whimsicott, L50, M|\n|poke|p2|Politoed, L50, F|\n|poke|p2|Sneasler, L50, M|\n|teampreview|4\n|inactive|Battle timer is ON: inactive players will automatically lose when time's up. (requested by StarWarsTAZ)\n|\n|t:|1776497592\n|teamsize|p1|4\n|teamsize|p2|4\n|start\n|switch|p1a: Pelipper|Pelipper, L50, F|100/100\n|switch|p1b: Basculegion|Basculegion, L50, M|100/100\n|switch|p2a: Incineroar|Incineroar, L50, F|100/100\n|switch|p2b: Gyarados|Gyarados, L50, F|100/100\n|-weather|RainDance|[from] ability: Drizzle|[of] p1a: Pelipper\n|-ability|p2b: Gyarados|Intimidate|boost\n|-unboost|p1a: Pelipper|atk|1\n|-unboost|p1b: Basculegion|atk|1\n|-ability|p2a: Incineroar|Intimidate|boost\n|-unboost|p1a: Pelipper|atk|1\n|-unboost|p1b: Basculegion|atk|1\n|turn|1\n|inactive|jeazoal has 30 seconds left.\n|inactive|jeazoal has 20 seconds left.\n|inactive|jeazoal has 15 seconds left.\n|\n|t:|1776497636\n|detailschange|p2b: Gyarados|Gyarados-Mega, L50, F\n|-mega|p2b: Gyarados|Gyarados|Gyaradosite\n|-ability|p2b: Gyarados|Mold Breaker\n|move|p1b: Basculegion|Protect|p1b: Basculegion\n|-singleturn|p1b: Basculegion|Protect\n|move|p2a: Incineroar|Fake Out|p1a: Pelipper\n|-damage|p1a: Pelipper|88/100\n|cant|p1a: Pelipper|flinch\n|move|p2b: Gyarados|Dragon Dance|p2b: Gyarados\n|-boost|p2b: Gyarados|atk|1\n|-boost|p2b: Gyarados|spe|1\n|\n|-weather|RainDance|[upkeep]\n|upkeep\n|turn|2\n|\n|t:|1776497658\n|move|p1a: Pelipper|Protect|p1a: Pelipper\n|-singleturn|p1a: Pelipper|Protect\n|move|p1b: Basculegion|Aqua Jet|p2a: Incineroar\n|-supereffective|p2a: Incineroar|1\n|-damage|p2a: Incineroar|65/100\n|move|p2b: Gyarados|Crunch|p1b: Basculegion\n|-supereffective|p1b: Basculegion|1\n|-damage|p1b: Basculegion|0 fnt\n|faint|p1b: Basculegion\n|move|p2a: Incineroar|Parting Shot|p1a: Pelipper\n|-activate|p1a: Pelipper|move: Protect\n|\n|-weather|RainDance|[upkeep]\n|upkeep\n|\n|t:|1776497677\n|switch|p1b: Dragonite|Dragonite, L50, F|100/100\n|turn|3\n|\n|t:|1776497690\n|detailschange|p1b: Dragonite|Dragonite-Mega, L50, F\n|-mega|p1b: Dragonite|Dragonite|Dragoninite\n|move|p2b: Gyarados|Protect|p2b: Gyarados\n|-singleturn|p2b: Gyarados|Protect\n|move|p1b: Dragonite|Dragon Pulse|p2b: Gyarados\n|-activate|p2b: Gyarados|move: Protect\n|move|p1a: Pelipper|Weather Ball|p2a: Incineroar\n|-supereffective|p2a: Incineroar|1\n|-damage|p2a: Incineroar|0 fnt\n|faint|p2a: Incineroar\n|\n|-weather|RainDance|[upkeep]\n|upkeep\n|\n|t:|1776497704\n|switch|p2a: Whimsicott|Whimsicott, L50, M|100/100\n|turn|4\n|\n|t:|1776497715\n|move|p1b: Dragonite|Protect|p1b: Dragonite\n|-singleturn|p1b: Dragonite|Protect\n|move|p2a: Whimsicott|Light Screen|p2a: Whimsicott\n|-sidestart|p2: StarWarsTAZ|move: Light Screen\n|move|p2b: Gyarados|Crunch|p1b: Dragonite\n|-activate|p1b: Dragonite|move: Protect\n|move|p1a: Pelipper|Hurricane|p2a: Whimsicott\n|-supereffective|p2a: Whimsicott|1\n|-damage|p2a: Whimsicott|14/100\n|\n|-weather|RainDance|[upkeep]\n|upkeep\n|turn|5\n|inactive|jeazoal has 30 seconds left.\n|\n|t:|1776497742\n|move|p2a: Whimsicott|Encore|p1b: Dragonite\n|-start|p1b: Dragonite|Encore\n|move|p1b: Dragonite|Protect||[still]\n|-fail|p1b: Dragonite\n|move|p2b: Gyarados|Dragon Dance|p2b: Gyarados\n|-boost|p2b: Gyarados|atk|1\n|-boost|p2b: Gyarados|spe|1\n|move|p1a: Pelipper|Hurricane|p2a: Whimsicott\n|-supereffective|p2a: Whimsicott|1\n|-damage|p2a: Whimsicott|0 fnt\n|faint|p2a: Whimsicott\n|\n|-weather|none\n|upkeep\n|\n|t:|1776497752\n|switch|p2a: Politoed|Politoed, L50, F|100/100\n|-weather|RainDance|[from] ability: Drizzle|[of] p2a: Politoed\n|turn|6\n|\n|t:|1776497770\n|switch|p1a: Sneasler|Sneasler, L50, M|100/100\n|move|p1b: Dragonite|Protect|p1b: Dragonite\n|-singleturn|p1b: Dragonite|Protect\n|move|p2b: Gyarados|Crunch|p1a: Sneasler\n|-resisted|p1a: Sneasler|1\n|-damage|p1a: Sneasler|24/100\n|move|p2a: Politoed|Icy Wind|p1a: Sneasler|[spread] p1a\n|-activate|p1b: Dragonite|move: Protect\n|-damage|p1a: Sneasler|13/100\n|-unboost|p1a: Sneasler|spe|1\n|-enditem|p1a: Sneasler|White Herb\n|-clearnegativeboost|p1a: Sneasler|[silent]\n|\n|-weather|RainDance|[upkeep]\n|upkeep\n|turn|7\n|\n|t:|1776497794\n|move|p1b: Dragonite|Protect||[still]\n|-fail|p1b: Dragonite\n|move|p1a: Sneasler|Close Combat|p2b: Gyarados\n|-supereffective|p2b: Gyarados|1\n|-damage|p2b: Gyarados|0 fnt\n|-unboost|p1a: Sneasler|def|1\n|-unboost|p1a: Sneasler|spd|1\n|faint|p2b: Gyarados\n|move|p2a: Politoed|Weather Ball|p1a: Sneasler\n|-damage|p1a: Sneasler|0 fnt\n|faint|p1a: Sneasler\n|\n|-weather|RainDance|[upkeep]\n|-end|p1b: Dragonite|Encore\n|upkeep\n|-message|StarWarsTAZ forfeited.\n|\n|win|jeazoal\n|raw|jeazoal's rating: 1057 &rarr; <strong>1094</strong><br />(+37 for winning)\n|raw|StarWarsTAZ's rating: 1114 &rarr; <strong>1085</strong><br />(-29 for losing)\n|l|\u2606StarWarsTAZ\n|player|p2|\n",
  "uploadtime": 1776497814,
  "views": 16,
  "formatid": "gen9championsvgc2026regma",
  "rating": 1085,
  "private": 0,
  "password": null
}