{
  "id": "gen9championsvgc2026regma-2583169110",
  "format": "[Gen 9 Champions] VGC 2026 Reg M-A",
  "players": [
    "katecorvidoe",
    "Kraven69"
  ],
  "log": "|j|\u2606katecorvidoe\n|j|\u2606Kraven69\n|t:|1776150420\n|gametype|doubles\n|player|p1|katecorvidoe|acetrainerf-gen4dp|1095\n|player|p2|Kraven69|caitlin|1000\n|gen|9\n|tier|[Gen 9 Champions] VGC 2026 Reg M-A\n|rated|\n|rule|Species Clause: Limit one of each Pok\u00e9mon\n|rule|Item Clause: Limit 1 of each item\n|clearpoke\n|poke|p1|Alakazam, L50, M|\n|poke|p1|Sinistcha, L50|\n|poke|p1|Arcanine-Hisui, L50, M|\n|poke|p1|Oranguru, L50, F|\n|poke|p1|Camerupt, L50, F|\n|poke|p1|Dragapult, L50, M|\n|poke|p2|Aerodactyl, L50, F|\n|poke|p2|Drampa, L50, M|\n|poke|p2|Orthworm, L50, F|\n|poke|p2|Mimikyu, L50, F|\n|poke|p2|Garchomp, L50, F|\n|poke|p2|Rotom-Wash, L50|\n|teampreview|4\n|inactive|Battle timer is ON: inactive players will automatically lose when time's up. (requested by Kraven69)\n|inactive|katecorvidoe has 60 seconds left.\nKraven69 has agreed to open team sheets.\n|inactive|katecorvidoe has 30 seconds left.\n|inactive|katecorvidoe has 20 seconds left.\n|\n|t:|1776150492\n|teamsize|p1|4\n|teamsize|p2|4\n|start\n|switch|p1a: Final Drink|Sinistcha, L50|100/100\n|switch|p1b: Dragapult|Dragapult, L50, M|100/100\n|switch|p2a: Aerodactyl|Aerodactyl, L50, F|100/100\n|switch|p2b: Garchomp|Garchomp, L50, F|100/100\n|-ability|p2a: Aerodactyl|Unnerve\n|turn|1\n|\n|t:|1776150508\n|move|p2b: Garchomp|Protect|p2b: Garchomp\n|-singleturn|p2b: Garchomp|Protect\n|move|p1a: Final Drink|Rage Powder|p1a: Final Drink\n|-singleturn|p1a: Final Drink|move: Rage Powder\n|move|p1b: Dragapult|Dragon Dance|p1b: Dragapult\n|-boost|p1b: Dragapult|atk|1\n|-boost|p1b: Dragapult|spe|1\n|move|p2a: Aerodactyl|Tailwind|p2a: Aerodactyl\n|-sidestart|p2: Kraven69|move: Tailwind\n|\n|upkeep\n|turn|2\n|inactive|katecorvidoe has 30 seconds left.\n|\n|t:|1776150536\n|move|p1a: Final Drink|Rage Powder|p1a: Final Drink\n|-singleturn|p1a: Final Drink|move: Rage Powder\n|move|p2a: Aerodactyl|Dual Wingbeat|p1a: Final Drink\n|-supereffective|p1a: Final Drink|1\n|-crit|p1a: Final Drink\n|-damage|p1a: Final Drink|46/100\n|-supereffective|p1a: Final Drink|1\n|-damage|p1a: Final Drink|13/100\n|-hitcount|p1a: Final Drink|2\n|move|p2b: Garchomp|Rock Slide|p1b: Dragapult|[spread] p1a\n|-miss|p2b: Garchomp|p1b: Dragapult\n|-damage|p1a: Final Drink|0 fnt\n|faint|p1a: Final Drink\n|move|p1b: Dragapult|Dragon Darts|p2b: Garchomp\n|-supereffective|p2b: Garchomp|1\n|-damage|p2b: Garchomp|8/100\n|-anim|p1b: Dragapult|Dragon Darts|p2a: Aerodactyl\n|-damage|p2a: Aerodactyl|39/100\n|\n|upkeep\n|\n|t:|1776150553\n|switch|p1a: Pliny the Elder|Oranguru, L50, F|100/100\n|turn|3\n|\n|t:|1776150563\n|switch|p2a: Orthworm|Orthworm, L50, F|100/100\n|move|p2b: Garchomp|Protect|p2b: Garchomp\n|-singleturn|p2b: Garchomp|Protect\n|move|p1b: Dragapult|Dragon Darts|p2a: Orthworm\n|-resisted|p2a: Orthworm|1\n|-damage|p2a: Orthworm|88/100\n|-anim|p1b: Dragapult|Dragon Darts|p2a: Orthworm\n|-resisted|p2a: Orthworm|1\n|-damage|p2a: Orthworm|75/100\n|move|p1a: Pliny the Elder|Trick Room|p1a: Pliny the Elder\n|-fieldstart|move: Trick Room|[of] p1a: Pliny the Elder\n|\n|-heal|p2a: Orthworm|81/100|[from] item: Leftovers\n|upkeep\n|turn|4\n|inactive|Kraven69 has 30 seconds left.\n|\n|t:|1776150597\n|switch|p1b: Vesuvius|Camerupt, L50, F|100/100\n|move|p1a: Pliny the Elder|Instruct|p2b: Garchomp\n|-singleturn|p2b: Garchomp|move: Instruct|[of] p1a: Pliny the Elder\n|move|p2b: Garchomp|Protect||[still]\n|-fail|p2b: Garchomp\n|move|p2a: Orthworm|Earthquake|p1b: Vesuvius|[spread] p2b,p1a,p1b\n|-supereffective|p1b: Vesuvius|1\n|-crit|p1b: Vesuvius\n|-damage|p2b: Garchomp|0 fnt\n|-damage|p1a: Pliny the Elder|88/100\n|-damage|p1b: Vesuvius|52/100\n|faint|p2b: Garchomp\n|\n|-heal|p2a: Orthworm|87/100|[from] item: Leftovers\n|-sideend|p2: Kraven69|move: Tailwind\n|upkeep\n|\n|t:|1776150612\n|switch|p2b: Aerodactyl|Aerodactyl, L50, F|39/100\n|-ability|p2b: Aerodactyl|Unnerve\n|turn|5\n|\n|t:|1776150625\n|detailschange|p1b: Vesuvius|Camerupt-Mega, L50, F\n|-mega|p1b: Vesuvius|Camerupt|Cameruptite\n|move|p2a: Orthworm|Protect|p2a: Orthworm\n|-singleturn|p2a: Orthworm|Protect\n|move|p2b: Aerodactyl|Protect|p2b: Aerodactyl\n|-singleturn|p2b: Aerodactyl|Protect\n|move|p1b: Vesuvius|Lava Plume|p2b: Aerodactyl|[spread] p1a\n|-activate|p2a: Orthworm|move: Protect\n|-activate|p2b: Aerodactyl|move: Protect\n|-damage|p1a: Pliny the Elder|48/100\n|move|p1a: Pliny the Elder|Sunny Day|p1a: Pliny the Elder\n|-weather|SunnyDay\n|\n|-weather|SunnyDay|[upkeep]\n|-heal|p2a: Orthworm|93/100|[from] item: Leftovers\n|upkeep\n|turn|6\n|inactive|Kraven69 has 30 seconds left.\n|\n|t:|1776150651\n|move|p1a: Pliny the Elder|Protect|p1a: Pliny the Elder\n|-singleturn|p1a: Pliny the Elder|Protect\n|move|p1b: Vesuvius|Lava Plume|p2b: Aerodactyl|[spread] p2a,p2b\n|-activate|p1a: Pliny the Elder|move: Protect\n|-supereffective|p2a: Orthworm|1\n|-resisted|p2b: Aerodactyl|1\n|-damage|p2a: Orthworm|0 fnt\n|-damage|p2b: Aerodactyl|0 fnt\n|faint|p2a: Orthworm\n|faint|p2b: Aerodactyl\n|\n|-weather|SunnyDay|[upkeep]\n|upkeep\n|\n|t:|1776150660\n|switch|p2a: Rotom|Rotom-Wash, L50|100/100\n|turn|7\n|-message|Kraven69 forfeited.\n|\n|win|katecorvidoe\n|raw|katecorvidoe's rating: 1095 &rarr; <strong>1114</strong><br />(+19 for winning)\n|raw|Kraven69's rating: 1000 &rarr; <strong>1000</strong><br />(+0 for losing)\n|l|\u2606Kraven69\n|player|p2|\n",
  "uploadtime": 1776150679,
  "views": 15,
  "formatid": "gen9championsvgc2026regma",
  "rating": 1000,
  "private": 0,
  "password": null
}