{
  "id": "gen9championsvgc2026regma-2586662333",
  "format": "[Gen 9 Champions] VGC 2026 Reg M-A",
  "players": [
    "foxtrox10",
    "vgcsworstplayer"
  ],
  "log": "|j|\u2606foxtrox10\n|j|\u2606vgcsworstplayer\n|t:|1776450259\n|gametype|doubles\n|player|p1|foxtrox10|chuck|1235\n|player|p2|vgcsworstplayer|winona|1301\n|gen|9\n|tier|[Gen 9 Champions] VGC 2026 Reg M-A\n|rated|\n|rule|Species Clause: Limit one of each Pok\u00e9mon\n|rule|Item Clause: Limit 1 of each item\n|clearpoke\n|poke|p1|Dragonite, L50, M|\n|poke|p1|Sneasler, L50, F|\n|poke|p1|Basculegion, L50, M|\n|poke|p1|Archaludon, L50, F|\n|poke|p1|Pelipper, L50, M|\n|poke|p1|Meganium, L50, F|\n|poke|p2|Lopunny, L50, M|\n|poke|p2|Floette-Eternal, L50, F|\n|poke|p2|Liepard, L50, M|\n|poke|p2|Corviknight, L50, F|\n|poke|p2|Primarina, L50, M|\n|poke|p2|Farigiraf, L50, M|\n|teampreview|4\n|inactive|Battle timer is ON: inactive players will automatically lose when time's up. (requested by foxtrox10)\n|\n|t:|1776450304\n|teamsize|p1|4\n|teamsize|p2|4\n|start\n|switch|p1a: BOB|Basculegion, L50, M|100/100\n|switch|p1b: Wimbledon|Pelipper, L50, M, shiny|100/100\n|switch|p2a: Floette|Floette-Eternal, L50, F|100/100\n|switch|p2b: Farigiraf|Farigiraf, L50, M|100/100\n|-weather|RainDance|[from] ability: Drizzle|[of] p1b: Wimbledon\n|turn|1\n|inactive|foxtrox10 has 30 seconds left.\n|\n|t:|1776450333\n|move|p2a: Floette|Protect|p2a: Floette\n|-singleturn|p2a: Floette|Protect\n|move|p1a: BOB|Flip Turn|p2b: Farigiraf\n|-damage|p2b: Farigiraf|42/100\n|\n|t:|1776450340\n|switch|p1a: Bridgette|Archaludon, L50, F, shiny|100/100|[from] Flip Turn\n|move|p1b: Wimbledon|Weather Ball|p2b: Farigiraf\n|-damage|p2b: Farigiraf|0 fnt\n|faint|p2b: Farigiraf\n|\n|-weather|RainDance|[upkeep]\n|upkeep\n|\n|t:|1776450347\n|switch|p2b: Liepard|Liepard, L50, M|100/100\n|turn|2\n|\n|t:|1776450368\n|detailschange|p2a: Floette|Floette-Mega, L50, F\n|-mega|p2a: Floette|Floette|Floettite\n|-ability|p2a: Floette|Fairy Aura\n|move|p2b: Liepard|Fake Out|p1a: Bridgette\n|-resisted|p1a: Bridgette|1\n|-damage|p1a: Bridgette|98/100\n|-ability|p1a: Bridgette|Stamina|boost\n|-boost|p1a: Bridgette|def|1\n|move|p1b: Wimbledon|Tailwind|p1b: Wimbledon\n|-sidestart|p1: foxtrox10|move: Tailwind\n|cant|p1a: Bridgette|flinch\n|move|p2a: Floette|Calm Mind|p2a: Floette\n|-boost|p2a: Floette|spa|1\n|-boost|p2a: Floette|spd|1\n|\n|-weather|RainDance|[upkeep]\n|-heal|p1a: Bridgette|100/100|[from] item: Leftovers\n|upkeep\n|turn|3\n|inactive|foxtrox10 has 30 seconds left.\n|inactive|vgcsworstplayer has 30 seconds left.\n|\n|t:|1776450400\n|move|p1b: Wimbledon|Protect|p1b: Wimbledon\n|-singleturn|p1b: Wimbledon|Protect\n|move|p2b: Liepard|Thunder Wave|p1a: Bridgette\n|-status|p1a: Bridgette|par\n|move|p2a: Floette|Draining Kiss|p1a: Bridgette\n|-damage|p1a: Bridgette|18/100 par\n|-ability|p1a: Bridgette|Stamina|boost\n|-boost|p1a: Bridgette|def|1\n|move|p1a: Bridgette|Flash Cannon|p2a: Floette\n|-supereffective|p2a: Floette|1\n|-damage|p2a: Floette|58/100\n|\n|-weather|RainDance|[upkeep]\n|-heal|p1a: Bridgette|24/100 par|[from] item: Leftovers\n|upkeep\n|turn|4\n|\n|t:|1776450421\n|switch|p2b: Lopunny|Lopunny, L50, M|100/100\n|move|p2a: Floette|Protect|p2a: Floette\n|-singleturn|p2a: Floette|Protect\n|move|p1a: Bridgette|Protect|p1a: Bridgette\n|-singleturn|p1a: Bridgette|Protect\n|move|p1b: Wimbledon|Weather Ball|p2a: Floette\n|-activate|p2a: Floette|move: Protect\n|\n|-weather|RainDance|[upkeep]\n|-heal|p1a: Bridgette|30/100 par|[from] item: Leftovers\n|upkeep\n|turn|5\n|inactive|vgcsworstplayer has 30 seconds left.\n|inactive|vgcsworstplayer has 20 seconds left.\n|inactive|vgcsworstplayer has 15 seconds left.\n|\n|t:|1776450463\n|move|p1b: Wimbledon|Hurricane|p2b: Lopunny\n|-damage|p2b: Lopunny|37/100\n|move|p2b: Lopunny|U-turn|p1b: Wimbledon\n|-resisted|p1b: Wimbledon|1\n|-damage|p1b: Wimbledon|89/100\n|\n|t:|1776450469\n|switch|p2b: Liepard|Liepard, L50, M|100/100|[from] U-turn\n|move|p2a: Floette|Dazzling Gleam|p1b: Wimbledon|[spread] p1a,p1b\n|-damage|p1a: Bridgette|0 fnt\n|-damage|p1b: Wimbledon|0 fnt\n|faint|p1a: Bridgette\n|faint|p1b: Wimbledon\n|\n|-weather|none\n|-sideend|p1: foxtrox10|move: Tailwind\n|upkeep\n|\n|t:|1776450481\n|switch|p1b: Moxie|Meganium, L50, F|100/100\n|switch|p1a: BOB|Basculegion, L50, M|100/100\n|turn|6\n|\n|t:|1776450502\n|detailschange|p1b: Moxie|Meganium-Mega, L50, F\n|-mega|p1b: Moxie|Meganium|Meganiumite\n|move|p2a: Floette|Protect|p2a: Floette\n|-singleturn|p2a: Floette|Protect\n|move|p1a: BOB|Last Respects|p2a: Floette\n|-activate|p2a: Floette|move: Protect\n|move|p2b: Liepard|Foul Play|p1a: BOB\n|-supereffective|p1a: BOB|1\n|-damage|p1a: BOB|0 fnt\n|faint|p1a: BOB\n|move|p1b: Moxie|Dazzling Gleam|p2a: Floette|[spread] p2b\n|-activate|p2a: Floette|move: Protect\n|-supereffective|p2b: Liepard|1\n|-enditem|p2b: Liepard|Focus Sash\n|-damage|p2b: Liepard|1/100\n|\n|upkeep\n|turn|7\n|-message|foxtrox10 forfeited.\n|\n|win|vgcsworstplayer\n|raw|foxtrox10's rating: 1235 &rarr; <strong>1215</strong><br />(-20 for losing)\n|raw|vgcsworstplayer's rating: 1301 &rarr; <strong>1317</strong><br />(+16 for winning)\n|l|\u2606foxtrox10\n|player|p1|\n|l|\u2606vgcsworstplayer\n|player|p2|\n|j|\u2606vgcsworstplayer\n|player|p2|vgcsworstplayer|winona|\n",
  "uploadtime": 1776450606,
  "views": 60,
  "formatid": "gen9championsvgc2026regma",
  "rating": 1215,
  "private": 0,
  "password": null
}