{
  "id": "gen9championsvgc2026regma-2585005823",
  "format": "[Gen 9 Champions] VGC 2026 Reg M-A",
  "players": [
    "Mjwork18",
    "Prohxy"
  ],
  "log": "|j|\u2606Mjwork18\n|j|\u2606Prohxy\n|t:|1776302631\n|gametype|doubles\n|player|p1|Mjwork18|ethan|1000\n|player|p2|Prohxy|lorelei-lgpe|1028\n|gen|9\n|tier|[Gen 9 Champions] VGC 2026 Reg M-A\n|rated|\n|rule|Species Clause: Limit one of each Pok\u00e9mon\n|rule|Item Clause: Limit 1 of each item\n|clearpoke\n|poke|p1|Aerodactyl, L50, M|\n|poke|p1|Tyranitar, L50, M|\n|poke|p1|Garchomp, L50, M|\n|poke|p1|Excadrill, L50, M|\n|poke|p1|Scizor, L50, M|\n|poke|p1|Aegislash, L50, M|\n|poke|p2|Manectric, L50, F|\n|poke|p2|Tauros-Paldea-Blaze, L50, M|\n|poke|p2|Pidgeot, L50, M|\n|poke|p2|Politoed, L50, M|\n|poke|p2|Altaria, L50, M|\n|poke|p2|Tsareena, L50, F|\n|teampreview|4\n|inactive|Battle timer is ON: inactive players will automatically lose when time's up. (requested by Prohxy)\n|inactive|Mjwork18 also wants the timer to be on.\n|inactive|Mjwork18 has 60 seconds left.\n|inactive|Prohxy has 60 seconds left.\n|\n|t:|1776302670\n|teamsize|p1|4\n|teamsize|p2|4\n|start\n|switch|p1a: Tyranitar|Tyranitar, L50, M, shiny|100/100\n|switch|p1b: Excadrill|Excadrill, L50, M|100/100\n|switch|p2a: Altaria|Altaria, L50, M, shiny|100/100\n|switch|p2b: Tsareena|Tsareena, L50, F, shiny|100/100\n|-ability|p2a: Altaria|Cloud Nine\n|-weather|Sandstorm|[from] ability: Sand Stream|[of] p1a: Tyranitar\n|turn|1\n|inactive|Prohxy has 30 seconds left.\n|\n|t:|1776302697\n|move|p1b: Excadrill|Swords Dance|p1b: Excadrill\n|-boost|p1b: Excadrill|atk|2\n|move|p2a: Altaria|Tailwind|p2a: Altaria\n|-sidestart|p2: Prohxy|move: Tailwind\n|move|p2b: Tsareena|Trop Kick|p1a: Tyranitar\n|-supereffective|p1a: Tyranitar|1\n|-damage|p1a: Tyranitar|32/100\n|-unboost|p1a: Tyranitar|atk|1\n|move|p1a: Tyranitar|Ice Beam|p2a: Altaria\n|-supereffective|p2a: Altaria|2\n|-damage|p2a: Altaria|0 fnt\n|faint|p2a: Altaria\n|\n|-weather|Sandstorm|[upkeep]\n|-damage|p2b: Tsareena|94/100|[from] Sandstorm\n|upkeep\n|\n|t:|1776302713\n|switch|p2a: Tauros|Tauros-Paldea-Blaze, L50, M, shiny|100/100\n|turn|2\n|inactive|Prohxy has 30 seconds left.\n|inactive|Prohxy has 20 seconds left.\n|inactive|Prohxy has 15 seconds left.\n|inactive|Prohxy has 10 seconds left.\n|\n|t:|1776302762\n|move|p1b: Excadrill|Earthquake|p2b: Tsareena|[spread] p1a,p2a,p2b\n|-supereffective|p1a: Tyranitar|1\n|-supereffective|p2a: Tauros|1\n|-resisted|p2b: Tsareena|1\n|-damage|p1a: Tyranitar|0 fnt\n|-damage|p2a: Tauros|0 fnt\n|-damage|p2b: Tsareena|51/100\n|faint|p1a: Tyranitar\n|faint|p2a: Tauros\n|move|p2b: Tsareena|Trop Kick|p1b: Excadrill\n|-damage|p1b: Excadrill|40/100\n|-unboost|p1b: Excadrill|atk|1\n|\n|-weather|Sandstorm|[upkeep]\n|-damage|p2b: Tsareena|45/100|[from] Sandstorm\n|upkeep\n|\n|t:|1776302776\n|switch|p2a: Politoed|Politoed, L50, M, shiny|100/100\n|switch|p1a: Scizor|Scizor, L50, M, shiny|100/100\n|-weather|RainDance|[from] ability: Drizzle|[of] p2a: Politoed\n|turn|3\n|\n|t:|1776302789\n|move|p2b: Tsareena|Protect|p2b: Tsareena\n|-singleturn|p2b: Tsareena|Protect\n|move|p1b: Excadrill|Protect|p1b: Excadrill\n|-singleturn|p1b: Excadrill|Protect\n|move|p2a: Politoed|Icy Wind|p1b: Excadrill|[spread] p1a\n|-activate|p1b: Excadrill|move: Protect\n|-resisted|p1a: Scizor|1\n|-damage|p1a: Scizor|94/100\n|-unboost|p1a: Scizor|spe|1\n|move|p1a: Scizor|Swords Dance|p1a: Scizor\n|-boost|p1a: Scizor|atk|2\n|\n|-weather|RainDance|[upkeep]\n|upkeep\n|turn|4\n|inactive|Prohxy has 30 seconds left.\n|\n|t:|1776302822\n|move|p1a: Scizor|Bullet Punch||[still]\n|cant|p2b: Tsareena|ability: Queenly Majesty|Bullet Punch|[of] p1a: Scizor\n|move|p2b: Tsareena|Knock Off|p1a: Scizor\n|-damage|p1a: Scizor|67/100\n|move|p2a: Politoed|Weather Ball|p1b: Excadrill\n|-supereffective|p1b: Excadrill|1\n|-damage|p1b: Excadrill|0 fnt\n|faint|p1b: Excadrill\n|\n|-weather|RainDance|[upkeep]\n|-sideend|p2: Prohxy|move: Tailwind\n|upkeep\n|\n|t:|1776302834\n|switch|p1b: Garchomp|Garchomp, L50, M|100/100\n|turn|5\n|\n|t:|1776302846\n|move|p2b: Tsareena|Protect|p2b: Tsareena\n|-singleturn|p2b: Tsareena|Protect\n|move|p1b: Garchomp|Outrage|p2b: Tsareena\n|-activate|p2b: Tsareena|move: Protect\n|move|p2a: Politoed|Icy Wind|p1a: Scizor|[spread] p1a,p1b\n|-resisted|p1a: Scizor|1\n|-supereffective|p1b: Garchomp|2\n|-damage|p1a: Scizor|60/100\n|-damage|p1b: Garchomp|66/100\n|-unboost|p1a: Scizor|spe|1\n|-unboost|p1b: Garchomp|spe|1\n|move|p1a: Scizor|Dual Wingbeat|p2b: Tsareena\n|-activate|p2b: Tsareena|move: Protect\n|\n|-weather|RainDance|[upkeep]\n|upkeep\n|turn|6\n|inactive|Mjwork18 has 30 seconds left.\n|\n|t:|1776302871\n|detailschange|p1a: Scizor|Scizor-Mega, L50, M, shiny\n|-mega|p1a: Scizor|Scizor|Scizorite\n|move|p1a: Scizor|Protect|p1a: Scizor\n|-singleturn|p1a: Scizor|Protect\n|move|p1b: Garchomp|Earthquake|p2a: Politoed|[spread] p2a,p2b\n|-activate|p1a: Scizor|move: Protect\n|-resisted|p2b: Tsareena|1\n|-damage|p2a: Politoed|67/100\n|-damage|p2b: Tsareena|25/100\n|move|p2b: Tsareena|Trop Kick|p1b: Garchomp\n|-damage|p1b: Garchomp|18/100\n|-unboost|p1b: Garchomp|atk|1\n|-damage|p2b: Tsareena|13/100|[from] ability: Rough Skin|[of] p1b: Garchomp\n|move|p2a: Politoed|Icy Wind|p1b: Garchomp|[spread] p1b\n|-activate|p1a: Scizor|move: Protect\n|-supereffective|p1b: Garchomp|2\n|-damage|p1b: Garchomp|0 fnt\n|faint|p1b: Garchomp\n|\n|-weather|RainDance|[upkeep]\n|upkeep\n|turn|7\n|inactive|Prohxy has 30 seconds left.\n|\n|t:|1776302898\n|move|p2b: Tsareena|Protect|p2b: Tsareena\n|-singleturn|p2b: Tsareena|Protect\n|move|p2a: Politoed|Weather Ball|p1a: Scizor\n|-damage|p1a: Scizor|2/100\n|move|p1a: Scizor|Dual Wingbeat|p2b: Tsareena\n|-activate|p2b: Tsareena|move: Protect\n|\n|-weather|none\n|upkeep\n|turn|8\n|-message|Mjwork18 forfeited.\n|\n|win|Prohxy\n|raw|Mjwork18's rating: 1000 &rarr; <strong>1000</strong><br />(+0 for losing)\n|raw|Prohxy's rating: 1028 &rarr; <strong>1061</strong><br />(+33 for winning)\n|l|\u2606Mjwork18\n|player|p1|\n",
  "uploadtime": 1776302914,
  "views": 21,
  "formatid": "gen9championsvgc2026regma",
  "rating": 1000,
  "private": 0,
  "password": null
}