{
  "id": "gen9championsvgc2026regma-2582178472",
  "format": "[Gen 9 Champions] VGC 2026 Reg M-A",
  "players": [
    "ChikitaBananaVGC",
    "Inciniroarrr"
  ],
  "log": "|j|\u2606ChikitaBananaVGC\n|j|\u2606Inciniroarrr\n|t:|1776067919\n|gametype|doubles\n|player|p1|ChikitaBananaVGC|169|1314\n|player|p2|Inciniroarrr|2|1379\n|gen|9\n|tier|[Gen 9 Champions] VGC 2026 Reg M-A\n|rated|\n|rule|Species Clause: Limit one of each Pok\u00e9mon\n|rule|Item Clause: Limit 1 of each item\n|clearpoke\n|poke|p1|Basculegion, L50, M|\n|poke|p1|Sableye, L50, F|\n|poke|p1|Scizor, L50, M|\n|poke|p1|Politoed, L50, F|\n|poke|p1|Dragonite, L50, F|\n|poke|p1|Incineroar, L50, F|\n|poke|p2|Gyarados, L50, F|\n|poke|p2|Delphox, L50, F|\n|poke|p2|Sneasler, L50, M|\n|poke|p2|Garchomp, L50, M|\n|poke|p2|Sinistcha, L50|\n|poke|p2|Tyranitar, L50, M|\n|teampreview|4\n|inactive|Battle timer is ON: inactive players will automatically lose when time's up. (requested by ChikitaBananaVGC)\n|inactive|Inciniroarrr also wants the timer to be on.\n|inactive|Inciniroarrr has 60 seconds left.\n|\n|t:|1776067955\n|teamsize|p1|4\n|teamsize|p2|4\n|start\n|switch|p1a: Basculegion|Basculegion, L50, M|100/100\n|switch|p1b: Sableye|Sableye, L50, F|100/100\n|switch|p2a: Gyarados|Gyarados, L50, F|100/100\n|switch|p2b: Sneasler|Sneasler, L50, M|100/100\n|-ability|p2a: Gyarados|Intimidate|boost\n|-unboost|p1a: Basculegion|atk|1\n|-unboost|p1b: Sableye|atk|1\n|turn|1\n|j| CARtu348rjf90\n|\n|t:|1776067969\n|detailschange|p2a: Gyarados|Gyarados-Mega, L50, F\n|-mega|p2a: Gyarados|Gyarados|Gyaradosite\n|-ability|p2a: Gyarados|Mold Breaker\n|move|p2b: Sneasler|Protect|p2b: Sneasler\n|-singleturn|p2b: Sneasler|Protect\n|move|p1b: Sableye|Will-O-Wisp|p2b: Sneasler\n|-activate|p2b: Sneasler|move: Protect\n|move|p1a: Basculegion|Flip Turn|p2b: Sneasler\n|-activate|p2b: Sneasler|move: Protect\n|move|p2a: Gyarados|Dragon Dance|p2a: Gyarados\n|-boost|p2a: Gyarados|atk|1\n|-boost|p2a: Gyarados|spe|1\n|\n|upkeep\n|turn|2\n|\n|t:|1776067984\n|switch|p2b: Sinistcha|Sinistcha, L50|100/100\n|move|p1b: Sableye|Will-O-Wisp|p2a: Gyarados\n|-hint|Since gen 7, Dark is immune to Prankster moves.\n|-immune|p2a: Gyarados\n|move|p2a: Gyarados|Dragon Dance|p2a: Gyarados\n|-boost|p2a: Gyarados|atk|1\n|-boost|p2a: Gyarados|spe|1\n|move|p1a: Basculegion|Flip Turn|p2b: Sinistcha\n|-resisted|p2b: Sinistcha|1\n|-damage|p2b: Sinistcha|87/100\n|\n|t:|1776067991\n|switch|p1a: Scizor|Scizor, L50, M|100/100|[from] Flip Turn\n|\n|upkeep\n|turn|3\n|\n|t:|1776068011\n|detailschange|p1a: Scizor|Scizor-Mega, L50, M\n|-mega|p1a: Scizor|Scizor|Scizorite\n|move|p1a: Scizor|Protect|p1a: Scizor\n|-singleturn|p1a: Scizor|Protect\n|move|p2b: Sinistcha|Rage Powder|p2b: Sinistcha\n|-singleturn|p2b: Sinistcha|move: Rage Powder\n|move|p2a: Gyarados|Waterfall|p1a: Scizor\n|-activate|p1a: Scizor|move: Protect\n|move|p1b: Sableye|Foul Play|p2b: Sinistcha\n|-supereffective|p2b: Sinistcha|1\n|-damage|p2b: Sinistcha|52/100\n|\n|upkeep\n|turn|4\n|\n|t:|1776068027\n|switch|p1a: Basculegion|Basculegion, L50, M|100/100\n|move|p2b: Sinistcha|Rage Powder|p2b: Sinistcha\n|-singleturn|p2b: Sinistcha|move: Rage Powder\n|move|p2a: Gyarados|Waterfall|p1a: Basculegion\n|-resisted|p1a: Basculegion|1\n|-damage|p1a: Basculegion|43/100\n|move|p1b: Sableye|Foul Play|p2b: Sinistcha\n|-supereffective|p2b: Sinistcha|1\n|-damage|p2b: Sinistcha|14/100\n|-enditem|p2b: Sinistcha|Sitrus Berry|[eat]\n|-heal|p2b: Sinistcha|39/100|[from] item: Sitrus Berry\n|\n|upkeep\n|turn|5\n|\n|t:|1776068046\n|move|p2a: Gyarados|Waterfall|p1a: Basculegion\n|-resisted|p1a: Basculegion|1\n|-damage|p1a: Basculegion|0 fnt\n|faint|p1a: Basculegion\n|move|p2b: Sinistcha|Matcha Gotcha|p1b: Sableye\n|-damage|p1b: Sableye|54/100\n|-heal|p2b: Sinistcha|59/100|[from] drain|[of] p1b: Sableye\n|move|p1b: Sableye|Foul Play|p2a: Gyarados\n|-resisted|p2a: Gyarados|1\n|-damage|p2a: Gyarados|47/100\n|\n|upkeep\n|\n|t:|1776068053\n|switch|p1a: Scizor|Scizor-Mega, L50, M|100/100\n|turn|6\n|\n|t:|1776068071\n|move|p2b: Sinistcha|Rage Powder|p2b: Sinistcha\n|-singleturn|p2b: Sinistcha|move: Rage Powder\n|move|p2a: Gyarados|Waterfall|p1a: Scizor\n|-damage|p1a: Scizor|26/100\n|move|p1a: Scizor|Bug Bite|p2b: Sinistcha\n|-crit|p2b: Sinistcha\n|-damage|p2b: Sinistcha|0 fnt\n|faint|p2b: Sinistcha\n|move|p1b: Sableye|Foul Play|p2a: Gyarados\n|-resisted|p2a: Gyarados|1\n|-damage|p2a: Gyarados|0 fnt\n|faint|p2a: Gyarados\n|\n|upkeep\n|\n|t:|1776068082\n|switch|p2a: Sneasler|Sneasler, L50, M|100/100\n|switch|p2b: Tyranitar|Tyranitar, L50, M|100/100\n|-weather|Sandstorm|[from] ability: Sand Stream|[of] p2b: Tyranitar\n|turn|7\n|\n|t:|1776068096\n|switch|p1a: Politoed|Politoed, L50, F|100/100\n|-weather|RainDance|[from] ability: Drizzle|[of] p1a: Politoed\n|move|p1b: Sableye|Will-O-Wisp|p2a: Sneasler\n|-status|p2a: Sneasler|brn\n|move|p2a: Sneasler|Close Combat|p1a: Politoed\n|-damage|p1a: Politoed|68/100\n|-unboost|p2a: Sneasler|def|1\n|-unboost|p2a: Sneasler|spd|1\n|-enditem|p2a: Sneasler|White Herb\n|-clearnegativeboost|p2a: Sneasler|[silent]\n|move|p2b: Tyranitar|Knock Off|p1b: Sableye\n|-damage|p1b: Sableye|0 fnt\n|-enditem|p1b: Sableye|Focus Sash|[from] move: Knock Off|[of] p2b: Tyranitar\n|faint|p1b: Sableye\n|\n|-weather|RainDance|[upkeep]\n|-damage|p2a: Sneasler|95/100 brn|[from] brn\n|upkeep\n|\n|t:|1776068098\n|switch|p1b: Scizor|Scizor-Mega, L50, M|26/100\n|turn|8\n|\n|t:|1776068121\n|move|p1a: Politoed|Helping Hand|p1b: Scizor\n|-singleturn|p1b: Scizor|Helping Hand|[of] p1a: Politoed\n|move|p1b: Scizor|Bullet Punch|p2b: Tyranitar\n|-supereffective|p2b: Tyranitar|1\n|-damage|p2b: Tyranitar|10/100\n|move|p2a: Sneasler|Close Combat|p1a: Politoed\n|-damage|p1a: Politoed|34/100\n|-unboost|p2a: Sneasler|def|1\n|-unboost|p2a: Sneasler|spd|1\n|-enditem|p1a: Politoed|Sitrus Berry|[eat]\n|-heal|p1a: Politoed|59/100|[from] item: Sitrus Berry\n|move|p2b: Tyranitar|Rock Slide|p1b: Scizor|[spread] p1a\n|-miss|p2b: Tyranitar|p1b: Scizor\n|-damage|p1a: Politoed|28/100\n|\n|-weather|RainDance|[upkeep]\n|-damage|p2a: Sneasler|89/100 brn|[from] brn\n|upkeep\n|turn|9\n|c|\u2606Inciniroarrr|?\n|inactive|ChikitaBananaVGC has 30 seconds left.\n|inactive|Inciniroarrr has 30 seconds left.\n|inactive|ChikitaBananaVGC has 20 seconds left.\n|inactive|Inciniroarrr has 20 seconds left.\n|\n|t:|1776068161\n|move|p2a: Sneasler|Protect|p2a: Sneasler\n|-singleturn|p2a: Sneasler|Protect\n|move|p1b: Scizor|Protect|p1b: Scizor\n|-singleturn|p1b: Scizor|Protect\n|move|p1a: Politoed|Protect|p1a: Politoed\n|-singleturn|p1a: Politoed|Protect\n|move|p2b: Tyranitar|Rock Slide|p1a: Politoed|[spread] \n|-activate|p1a: Politoed|move: Protect\n|-activate|p1b: Scizor|move: Protect\n|\n|-weather|RainDance|[upkeep]\n|-damage|p2a: Sneasler|83/100 brn|[from] brn\n|upkeep\n|turn|10\n|-message|Inciniroarrr forfeited.\n|\n|win|ChikitaBananaVGC\n|raw|ChikitaBananaVGC's rating: 1314 &rarr; <strong>1338</strong><br />(+24 for winning)\n|raw|Inciniroarrr's rating: 1379 &rarr; <strong>1355</strong><br />(-24 for losing)\n|l|\u2606Inciniroarrr\n|player|p2|\n",
  "uploadtime": 1776068181,
  "views": 22,
  "formatid": "gen9championsvgc2026regma",
  "rating": 1338,
  "private": 0,
  "password": null
}