{
  "id": "gen9championsvgc2026regma-2581441933",
  "format": "[Gen 9 Champions] VGC 2026 Reg M-A",
  "players": [
    "Gkeast34",
    "anxeity"
  ],
  "log": "|j|\u2606Gkeast34\n|j|\u2606anxeity\n|t:|1776000796\n|gametype|doubles\n|player|p1|Gkeast34|101|1050\n|player|p2|anxeity|102|1104\n|gen|9\n|tier|[Gen 9 Champions] VGC 2026 Reg M-A\n|rated|\n|rule|Species Clause: Limit one of each Pok\u00e9mon\n|rule|Item Clause: Limit 1 of each item\n|clearpoke\n|poke|p1|Sinistcha-Masterpiece, L50|\n|poke|p1|Charizard, L50, F|\n|poke|p1|Typhlosion-Hisui, L50, M|\n|poke|p1|Whimsicott, L50, F|\n|poke|p1|Ninetales, L50, M|\n|poke|p1|Kangaskhan, L50, F|\n|poke|p2|Gengar, L50, M|\n|poke|p2|Sinistcha, L50|\n|poke|p2|Incineroar, L50, M|\n|poke|p2|Palafin, L50, F|\n|poke|p2|Kingambit, L50, F|\n|poke|p2|Talonflame, L50, M|\n|teampreview|4\n|l|\u2606anxeity\n|player|p2|\n|inactive|Battle timer is ON: inactive players will automatically lose when time's up. (requested by Gkeast34)\n|j|\u2606anxeity\n|inactive|anxeity reconnected and has 75 seconds left.\n|player|p2|anxeity|102|\n|inactive|anxeity has 60 seconds left.\n|\n|t:|1776000886\n|teamsize|p1|4\n|teamsize|p2|4\n|start\n|switch|p1a: Whimsicott|Whimsicott, L50, F|100/100\n|switch|p1b: Charizard|Charizard, L50, F|100/100\n|switch|p2a: Incineroar|Incineroar, L50, M, shiny|100/100\n|switch|p2b: Gengar|Gengar, L50, M, shiny|100/100\n|-ability|p2a: Incineroar|Intimidate|boost\n|-unboost|p1a: Whimsicott|atk|1\n|-unboost|p1b: Charizard|atk|1\n|turn|1\n|inactive|anxeity has 30 seconds left.\n|\n|t:|1776000925\n|detailschange|p2b: Gengar|Gengar-Mega, L50, M, shiny\n|-mega|p2b: Gengar|Gengar|Gengarite\n|move|p1b: Charizard|Protect|p1b: Charizard\n|-singleturn|p1b: Charizard|Protect\n|move|p2a: Incineroar|Fake Out|p1b: Charizard\n|-activate|p1b: Charizard|move: Protect\n|move|p1a: Whimsicott|Taunt|p2b: Gengar\n|-start|p2b: Gengar|move: Taunt\n|move|p2b: Gengar|Icy Wind|p1b: Charizard|[spread] p1a\n|-activate|p1b: Charizard|move: Protect\n|-supereffective|p1a: Whimsicott|1\n|-damage|p1a: Whimsicott|48/100\n|-unboost|p1a: Whimsicott|spe|1\n|\n|upkeep\n|turn|2\n|inactive|anxeity has 30 seconds left.\n|inactive|anxeity has 20 seconds left.\n|inactive|anxeity has 15 seconds left.\n|\n|t:|1776000969\n|detailschange|p1b: Charizard|Charizard-Mega-Y, L50, F\n|-mega|p1b: Charizard|Charizard|Charizardite Y\n|-weather|SunnyDay|[from] ability: Drought|[of] p1b: Charizard\n|move|p1a: Whimsicott|Tailwind|p1a: Whimsicott\n|-sidestart|p1: Gkeast34|move: Tailwind\n|move|p1b: Charizard|Scorching Sands|p2b: Gengar\n|-supereffective|p2b: Gengar|1\n|-damage|p2b: Gengar|29/100\n|move|p2b: Gengar|Sludge Bomb|p1b: Charizard\n|-damage|p1b: Charizard|48/100\n|-status|p1b: Charizard|psn\n|move|p2a: Incineroar|Parting Shot|p1b: Charizard\n|-unboost|p1b: Charizard|atk|1\n|-unboost|p1b: Charizard|spa|1\n|\n|t:|1776000984\n|switch|p2a: Talonflame|Talonflame, L50, M, shiny|100/100|[from] Parting Shot\n|\n|-weather|SunnyDay|[upkeep]\n|-damage|p1b: Charizard|36/100 psn|[from] psn\n|upkeep\n|turn|3\n|\n|t:|1776000997\n|move|p2a: Talonflame|Tailwind|p2a: Talonflame\n|-sidestart|p2: anxeity|move: Tailwind\n|move|p2b: Gengar|Sludge Bomb|p1b: Charizard\n|-damage|p1b: Charizard|0 fnt\n|faint|p1b: Charizard\n|move|p1a: Whimsicott|Moonblast|p2a: Talonflame\n|-resisted|p2a: Talonflame|1\n|-damage|p2a: Talonflame|73/100\n|-unboost|p2a: Talonflame|spa|1\n|\n|-weather|SunnyDay|[upkeep]\n|-end|p2b: Gengar|move: Taunt\n|upkeep\n|\n|t:|1776001001\n|switch|p1b: Typhlosion|Typhlosion-Hisui, L50, M|100/100\n|-item|p2a: Talonflame|Focus Sash|[from] ability: Frisk|[of] p1b: Typhlosion\n|-item|p2b: Gengar|Gengarite|[from] ability: Frisk|[of] p1b: Typhlosion\n|turn|4\n|inactive|anxeity has 30 seconds left.\n|\n|t:|1776001030\n|move|p2b: Gengar|Protect|p2b: Gengar\n|-singleturn|p2b: Gengar|Protect\n|move|p1b: Typhlosion|Eruption|p2b: Gengar|[spread] p2a\n|-activate|p2b: Gengar|move: Protect\n|-resisted|p2a: Talonflame|1\n|-damage|p2a: Talonflame|6/100\n|move|p2a: Talonflame|Blaze Kick|p1a: Whimsicott\n|-supereffective|p1a: Whimsicott|1\n|-damage|p1a: Whimsicott|0 fnt\n|faint|p1a: Whimsicott\n|\n|-weather|SunnyDay|[upkeep]\n|upkeep\n|\n|t:|1776001040\n|switch|p1a: Ninetales|Ninetales, L50, M|100/100\n|turn|5\n|inactive|anxeity has 30 seconds left.\n|\n|t:|1776001070\n|switch|p2b: Incineroar|Incineroar, L50, M, shiny|100/100\n|-ability|p2b: Incineroar|Intimidate|boost\n|-unboost|p1a: Ninetales|atk|1\n|-unboost|p1b: Typhlosion|atk|1\n|move|p1a: Ninetales|Helping Hand|p1b: Typhlosion\n|-singleturn|p1b: Typhlosion|Helping Hand|[of] p1a: Ninetales\n|move|p1b: Typhlosion|Eruption|p2a: Talonflame|[spread] p2a,p2b\n|-resisted|p2a: Talonflame|1\n|-resisted|p2b: Incineroar|1\n|-damage|p2a: Talonflame|0 fnt\n|-damage|p2b: Incineroar|41/100\n|-enditem|p2b: Incineroar|Sitrus Berry|[eat]\n|-heal|p2b: Incineroar|66/100|[from] item: Sitrus Berry\n|faint|p2a: Talonflame\n|\n|-weather|SunnyDay|[upkeep]\n|-sideend|p1: Gkeast34|move: Tailwind\n|upkeep\n|inactive|anxeity has 30 seconds left.\n|\n|t:|1776001098\n|switch|p2a: Gengar|Gengar-Mega, L50, M, shiny|29/100\n|turn|6\n|\n|t:|1776001114\n|move|p2b: Incineroar|Fake Out|p1b: Typhlosion\n|-immune|p1b: Typhlosion\n|move|p2a: Gengar|Perish Song|p2a: Gengar\n|-start|p1a: Ninetales|perish3|[silent]\n|-start|p1b: Typhlosion|perish3|[silent]\n|-start|p2a: Gengar|perish3|[silent]\n|-start|p2b: Incineroar|perish3|[silent]\n|-fieldactivate|move: Perish Song\n|move|p1b: Typhlosion|Eruption|p2a: Gengar|[spread] p2a,p2b\n|-resisted|p2b: Incineroar|1\n|-damage|p2a: Gengar|0 fnt\n|-damage|p2b: Incineroar|26/100\n|faint|p2a: Gengar\n|move|p1a: Ninetales|Heat Wave|p2b: Incineroar\n|-resisted|p2b: Incineroar|1\n|-damage|p2b: Incineroar|1/100\n|\n|-weather|none\n|-start|p1b: Typhlosion|perish3\n|-start|p1a: Ninetales|perish3\n|-start|p2b: Incineroar|perish3\n|-sideend|p2: anxeity|move: Tailwind\n|upkeep\n|\n|t:|1776001127\n|switch|p2a: Palafin|Palafin, L50, F, shiny|100/100\n|turn|7\n|inactive|anxeity has 30 seconds left.\n|\n|t:|1776001158\n|move|p2a: Palafin|Jet Punch|p1b: Typhlosion\n|-supereffective|p1b: Typhlosion|1\n|-damage|p1b: Typhlosion|28/100\n|move|p1b: Typhlosion|Eruption|p2a: Palafin|[spread] p2a,p2b\n|-resisted|p2a: Palafin|1\n|-resisted|p2b: Incineroar|1\n|-damage|p2a: Palafin|89/100\n|-damage|p2b: Incineroar|0 fnt\n|faint|p2b: Incineroar\n|move|p1a: Ninetales|Heat Wave|p2a: Palafin\n|-resisted|p2a: Palafin|1\n|-damage|p2a: Palafin|66/100\n|\n|-start|p1b: Typhlosion|perish2\n|-start|p1a: Ninetales|perish2\n|upkeep\n|turn|8\n|\n|t:|1776001176\n|move|p2a: Palafin|Jet Punch|p1a: Ninetales\n|-supereffective|p1a: Ninetales|1\n|-damage|p1a: Ninetales|27/100\n|move|p1b: Typhlosion|Eruption|p2a: Palafin\n|-resisted|p2a: Palafin|1\n|-damage|p2a: Palafin|51/100\n|move|p1a: Ninetales|Solar Beam||[still]\n|-prepare|p1a: Ninetales|Solar Beam\n|\n|-start|p1b: Typhlosion|perish1\n|-start|p1a: Ninetales|perish1\n|upkeep\n|turn|9\n|\n|t:|1776001186\n|move|p2a: Palafin|Jet Punch|p1a: Ninetales\n|-supereffective|p1a: Ninetales|1\n|-damage|p1a: Ninetales|0 fnt\n|faint|p1a: Ninetales\n|move|p1b: Typhlosion|Eruption|p2a: Palafin\n|-resisted|p2a: Palafin|1\n|-damage|p2a: Palafin|37/100\n|\n|-start|p1b: Typhlosion|perish0\n|upkeep\n|faint|p1b: Typhlosion\n|\n|win|anxeity\n|raw|Gkeast34's rating: 1050 &rarr; <strong>1035</strong><br />(-15 for losing)\n|raw|anxeity's rating: 1104 &rarr; <strong>1125</strong><br />(+21 for winning)\n|l|\u2606Gkeast34\n|player|p1|\n|l|\u2606anxeity\n|player|p2|\n|j|\u2606anxeity\n|player|p2|anxeity|102|\n",
  "uploadtime": 1776001215,
  "views": 12,
  "formatid": "gen9championsvgc2026regma",
  "rating": 1035,
  "private": 0,
  "password": null
}