{
  "id": "gen9championsvgc2026regma-2582086934",
  "format": "[Gen 9 Champions] VGC 2026 Reg M-A",
  "players": [
    "NoMercyPex",
    "SpiderKash"
  ],
  "log": "|j|\u2606NoMercyPex\n|j|\u2606SpiderKash\n|t:|1776056201\n|gametype|doubles\n|player|p1|NoMercyPex|silver-masters|1417\n|player|p2|SpiderKash|101|1491\n|gen|9\n|tier|[Gen 9 Champions] VGC 2026 Reg M-A\n|rated|\n|rule|Species Clause: Limit one of each Pok\u00e9mon\n|rule|Item Clause: Limit 1 of each item\n|clearpoke\n|poke|p1|Whimsicott, L50, M|\n|poke|p1|Gardevoir, L50, F|\n|poke|p1|Garchomp, L50, M|\n|poke|p1|Incineroar, L50, M|\n|poke|p1|Sneasler, L50, F|\n|poke|p1|Farigiraf, L50, M|\n|poke|p2|Sneasler, L50, M|\n|poke|p2|Incineroar, L50, M|\n|poke|p2|Whimsicott, L50, F|\n|poke|p2|Blastoise, L50, M|\n|poke|p2|Farigiraf, L50, M|\n|poke|p2|Aegislash, L50, M|\n|teampreview|4\n|inactive|Battle timer is ON: inactive players will automatically lose when time's up. (requested by NoMercyPex)\n|\n|t:|1776056228\n|teamsize|p1|4\n|teamsize|p2|4\n|start\n|switch|p1a: Whimsicott|Whimsicott, L50, M|100/100\n|switch|p1b: Garchomp|Garchomp, L50, M|100/100\n|switch|p2a: Whimsicott|Whimsicott, L50, F|100/100\n|switch|p2b: Blastoise|Blastoise, L50, M|100/100\n|turn|1\n|j| zSpacePirate\n|inactive|NoMercyPex has 30 seconds left.\n|\n|t:|1776056263\n|switch|p1b: Gardevoir|Gardevoir, L50, F|100/100\n|-ability|p1b: Gardevoir|Torrent|Trace|[from] ability: Trace|[of] p2b: Blastoise\n|detailschange|p2b: Blastoise|Blastoise-Mega, L50, M\n|-mega|p2b: Blastoise|Blastoise|Blastoisinite\n|move|p1a: Whimsicott|Moonblast|p2b: Blastoise\n|-damage|p2b: Blastoise|66/100\n|move|p2a: Whimsicott|Moonblast|p1b: Gardevoir\n|-damage|p1b: Gardevoir|64/100\n|move|p2b: Blastoise|Water Spout|p1b: Gardevoir|[spread] p1a,p1b\n|-resisted|p1a: Whimsicott|1\n|-damage|p1a: Whimsicott|63/100\n|-damage|p1b: Gardevoir|24/100\n|\n|upkeep\n|turn|2\n|inactive|SpiderKash has 30 seconds left.\n|\n|t:|1776056294\n|switch|p1b: Farigiraf|Farigiraf, L50, M|100/100\n|move|p2b: Blastoise|Protect|p2b: Blastoise\n|-singleturn|p2b: Blastoise|Protect\n|move|p1a: Whimsicott|Tailwind|p1a: Whimsicott\n|-sidestart|p1: NoMercyPex|move: Tailwind\n|move|p2a: Whimsicott|Encore||[still]\n|cant|p1b: Farigiraf|ability: Armor Tail|Encore|[of] p2a: Whimsicott\n|\n|upkeep\n|turn|3\n|inactive|SpiderKash has 30 seconds left.\n|inactive|NoMercyPex has 30 seconds left.\n|\n|t:|1776056327\n|switch|p2a: Farigiraf|Farigiraf, L50, M|100/100\n|move|p1a: Whimsicott|Moonblast|p2a: Farigiraf\n|-damage|p2a: Farigiraf|68/100\n|move|p1b: Farigiraf|Hyper Voice|p2b: Blastoise|[spread] p2a,p2b\n|-crit|p2a: Farigiraf\n|-damage|p2a: Farigiraf|36/100\n|-damage|p2b: Blastoise|41/100\n|move|p2b: Blastoise|Dark Pulse|p1b: Farigiraf\n|-supereffective|p1b: Farigiraf|1\n|-damage|p1b: Farigiraf|30/100\n|-enditem|p1b: Farigiraf|Sitrus Berry|[eat]\n|-heal|p1b: Farigiraf|55/100|[from] item: Sitrus Berry\n|\n|upkeep\n|turn|4\n|j| GoodraSweetheart76\n|\n|t:|1776056345\n|switch|p2b: Aegislash|Aegislash, L50, M|100/100\n|move|p1a: Whimsicott|Moonblast|p2b: Aegislash\n|-resisted|p2b: Aegislash|1\n|-damage|p2b: Aegislash|83/100\n|move|p1b: Farigiraf|Hyper Voice|p2b: Aegislash|[spread] p2a\n|-immune|p2b: Aegislash\n|-damage|p2a: Farigiraf|12/100\n|move|p2a: Farigiraf|Trick Room|p2a: Farigiraf\n|-fieldstart|move: Trick Room|[of] p2a: Farigiraf\n|\n|upkeep\n|turn|5\n|\n|t:|1776056361\n|move|p2a: Farigiraf|Helping Hand|p2b: Aegislash\n|-singleturn|p2b: Aegislash|Helping Hand|[of] p2a: Farigiraf\n|move|p1a: Whimsicott|Protect|p1a: Whimsicott\n|-singleturn|p1a: Whimsicott|Protect\n|-formechange|p2b: Aegislash|Aegislash-Blade|\n|move|p2b: Aegislash|Flash Cannon|p1b: Farigiraf\n|-damage|p1b: Farigiraf|0 fnt\n|faint|p1b: Farigiraf\n|\n|-sideend|p1: NoMercyPex|move: Tailwind\n|upkeep\n|j| Asheeeeeee\n|\n|t:|1776056370\n|switch|p1b: Garchomp|Garchomp, L50, M|100/100\n|turn|6\n|\n|t:|1776056393\n|move|p2a: Farigiraf|Helping Hand|p2b: Aegislash\n|-singleturn|p2b: Aegislash|Helping Hand|[of] p2a: Farigiraf\n|move|p2b: Aegislash|Shadow Ball|p1b: Garchomp\n|-damage|p1b: Garchomp|0 fnt\n|faint|p1b: Garchomp\n|move|p1a: Whimsicott|Moonblast|p2a: Farigiraf\n|-damage|p2a: Farigiraf|0 fnt\n|faint|p2a: Farigiraf\n|\n|upkeep\n|\n|t:|1776056406\n|switch|p2a: Whimsicott|Whimsicott, L50, F|100/100\n|switch|p1b: Gardevoir|Gardevoir, L50, F|24/100\n|-ability|p1b: Gardevoir|Prankster|Trace|[from] ability: Trace|[of] p2a: Whimsicott\n|turn|7\n|\n|t:|1776056418\n|move|p1b: Gardevoir|Protect|p1b: Gardevoir\n|-singleturn|p1b: Gardevoir|Protect\n|move|p2b: Aegislash|Shadow Ball|p1b: Gardevoir\n|-activate|p1b: Gardevoir|move: Protect\n|move|p2a: Whimsicott|Moonblast|p1a: Whimsicott\n|-damage|p1a: Whimsicott|0 fnt\n|faint|p1a: Whimsicott\n|\n|upkeep\n|turn|8\n|-message|NoMercyPex forfeited.\n|\n|win|SpiderKash\n|raw|NoMercyPex's rating: 1417 &rarr; <strong>1401</strong><br />(-16 for losing)\n|raw|SpiderKash's rating: 1491 &rarr; <strong>1507</strong><br />(+16 for winning)\n|l|\u2606NoMercyPex\n|player|p1|\n",
  "uploadtime": 1776056429,
  "views": 91,
  "formatid": "gen9championsvgc2026regma",
  "rating": 1401,
  "private": 0,
  "password": null
}