{
  "id": "gen9championsvgc2026regma-2586092846",
  "format": "[Gen 9 Champions] VGC 2026 Reg M-A",
  "players": [
    "JRNINJAYT",
    "jukasinjakudo"
  ],
  "log": "|j|\u2606JRNINJAYT\n|j|\u2606jukasinjakudo\n|t:|1776398176\n|gametype|doubles\n|player|p1|JRNINJAYT|emmet|1065\n|player|p2|jukasinjakudo|n|1142\n|gen|9\n|tier|[Gen 9 Champions] VGC 2026 Reg M-A\n|rated|\n|rule|Species Clause: Limit one of each Pok\u00e9mon\n|rule|Item Clause: Limit 1 of each item\n|clearpoke\n|poke|p1|Meowscarada, L50, F|\n|poke|p1|Rotom-Wash, L50|\n|poke|p1|Garchomp, L50, F|\n|poke|p1|Infernape, L50, F|\n|poke|p1|Altaria, L50, M|\n|poke|p1|Empoleon, L50, F|\n|poke|p2|Weavile, L50, M|\n|poke|p2|Milotic, L50, F|\n|poke|p2|Kommo-o, L50, F|\n|poke|p2|Slowbro-Galar, L50, F|\n|poke|p2|Sinistcha, L50|\n|poke|p2|Typhlosion-Hisui, L50, F|\n|teampreview|4\n|inactive|Battle timer is ON: inactive players will automatically lose when time's up. (requested by JRNINJAYT)\n|inactive|jukasinjakudo has 60 seconds left.\n|\n|t:|1776398211\n|teamsize|p1|4\n|teamsize|p2|4\n|start\n|switch|p1a: Hanuman|Infernape, L50, F, shiny|100/100\n|switch|p1b: Ralsei|Meowscarada, L50, F|100/100\n|switch|p2a: Weavile|Weavile, L50, M|100/100\n|switch|p2b: Sinistcha|Sinistcha, L50|100/100\n|turn|1\n|\n|t:|1776398236\n|switch|p2b: Typhlosion|Typhlosion-Hisui, L50, F|100/100\n|-item|p1a: Hanuman|King's Rock|[from] ability: Frisk|[of] p2b: Typhlosion\n|-item|p1b: Ralsei|Focus Sash|[from] ability: Frisk|[of] p2b: Typhlosion\n|move|p2a: Weavile|Fake Out|p1a: Hanuman\n|-damage|p1a: Hanuman|81/100\n|move|p1b: Ralsei|Ally Switch|p1b: Ralsei\n|-start|p1b: Ralsei|typechange|Psychic|[from] ability: Protean\n|swap|p1b: Ralsei|0|[from] move: Ally Switch\n|cant|p1b: Hanuman|flinch\n|\n|upkeep\n|turn|2\n|inactive|JRNINJAYT has 30 seconds left.\n|inactive|jukasinjakudo has 30 seconds left.\n|\n|t:|1776398269\n|move|p2b: Typhlosion|Eruption|p1b: Hanuman|[spread] p1a,p1b\n|-resisted|p1b: Hanuman|1\n|-damage|p1a: Ralsei|9/100\n|-damage|p1b: Hanuman|37/100\n|move|p2a: Weavile|Knock Off|p1a: Ralsei\n|-supereffective|p1a: Ralsei|1\n|-damage|p1a: Ralsei|0 fnt\n|-enditem|p1a: Ralsei|Focus Sash|[from] move: Knock Off|[of] p2a: Weavile\n|faint|p1a: Ralsei\n|move|p1b: Hanuman|Drain Punch|p2a: Weavile\n|-supereffective|p2a: Weavile|2\n|-enditem|p2a: Weavile|Focus Sash\n|-damage|p2a: Weavile|1/100\n|-heal|p1b: Hanuman|85/100|[from] drain|[of] p2a: Weavile\n|-enditem|p1b: Hanuman|King's Rock|[silent]|[from] ability: Pickpocket|[of] p1b: Hanuman\n|-item|p2a: Weavile|King's Rock|[from] ability: Pickpocket|[of] p1b: Hanuman\n|\n|upkeep\n|\n|t:|1776398286\n|switch|p1a: Skipper|Empoleon, L50, F, shiny|100/100\n|turn|3\n|\n|t:|1776398294\n|switch|p2a: Sinistcha|Sinistcha, L50|100/100\n|move|p1b: Hanuman|Protect|p1b: Hanuman\n|-singleturn|p1b: Hanuman|Protect\n|move|p2b: Typhlosion|Eruption|p1a: Skipper|[spread] p1a\n|-activate|p1b: Hanuman|move: Protect\n|-damage|p1a: Skipper|40/100\n|move|p1a: Skipper|Surf|p2b: Typhlosion|[spread] p2a,p2b\n|-activate|p1b: Hanuman|move: Protect\n|-resisted|p2a: Sinistcha|1\n|-supereffective|p2b: Typhlosion|1\n|-damage|p2a: Sinistcha|86/100\n|-damage|p2b: Typhlosion|0 fnt\n|faint|p2b: Typhlosion\n|\n|upkeep\n|\n|t:|1776398307\n|switch|p2b: Kommo-o|Kommo-o, L50, F|100/100\n|turn|4\n|\n|t:|1776398320\n|move|p2a: Sinistcha|Rage Powder|p2a: Sinistcha\n|-singleturn|p2a: Sinistcha|move: Rage Powder\n|move|p1b: Hanuman|Fire Punch|p2a: Sinistcha\n|-supereffective|p2a: Sinistcha|1\n|-damage|p2a: Sinistcha|11/100\n|-enditem|p2a: Sinistcha|Sitrus Berry|[eat]\n|-heal|p2a: Sinistcha|35/100|[from] item: Sitrus Berry\n|move|p2b: Kommo-o|Clangorous Soul|p2b: Kommo-o\n|-boost|p2b: Kommo-o|atk|1\n|-boost|p2b: Kommo-o|def|1\n|-boost|p2b: Kommo-o|spa|1\n|-boost|p2b: Kommo-o|spd|1\n|-boost|p2b: Kommo-o|spe|1\n|-damage|p2b: Kommo-o|68/100\n|move|p1a: Skipper|Ice Beam|p2a: Sinistcha\n|-supereffective|p2a: Sinistcha|1\n|-damage|p2a: Sinistcha|0 fnt\n|faint|p2a: Sinistcha\n|\n|upkeep\n|\n|t:|1776398334\n|switch|p2a: Weavile|Weavile, L50, M|1/100\n|turn|5\n|\n|t:|1776398343\n|move|p1b: Hanuman|Protect|p1b: Hanuman\n|-singleturn|p1b: Hanuman|Protect\n|move|p2a: Weavile|Fake Out|p1b: Hanuman\n|-activate|p1b: Hanuman|move: Protect\n|move|p2b: Kommo-o|Aura Sphere|p1a: Skipper\n|-supereffective|p1a: Skipper|1\n|-damage|p1a: Skipper|0 fnt\n|faint|p1a: Skipper\n|\n|upkeep\n|\n|t:|1776398351\n|switch|p1a: The Meg|Garchomp, L50, F, shiny|100/100\n|turn|6\n|\n|t:|1776398367\n|detailschange|p1a: The Meg|Garchomp-Mega, L50, F, shiny\n|-mega|p1a: The Meg|Garchomp|Garchompite\n|move|p1a: The Meg|Protect|p1a: The Meg\n|-singleturn|p1a: The Meg|Protect\n|move|p2b: Kommo-o|Clanging Scales|p1a: The Meg|[spread] p1b\n|-activate|p1a: The Meg|move: Protect\n|-damage|p1b: Hanuman|0 fnt\n|faint|p1b: Hanuman\n|-unboost|p2b: Kommo-o|def|1\n|move|p2a: Weavile|Psycho Cut|p1a: The Meg\n|-activate|p1a: The Meg|move: Protect\n|\n|upkeep\n|turn|7\n|\n|t:|1776398381\n|move|p2b: Kommo-o|Clanging Scales|p1a: The Meg\n|-supereffective|p1a: The Meg|1\n|-damage|p1a: The Meg|0 fnt\n|faint|p1a: The Meg\n|\n|win|jukasinjakudo\n|raw|JRNINJAYT's rating: 1065 &rarr; <strong>1050</strong><br />(-15 for losing)\n|raw|jukasinjakudo's rating: 1142 &rarr; <strong>1162</strong><br />(+20 for winning)\n|c|\u2606JRNINJAYT|gg\n|l|\u2606JRNINJAYT\n|player|p1|\n",
  "uploadtime": 1776398388,
  "views": 14,
  "formatid": "gen9championsvgc2026regma",
  "rating": 1050,
  "private": 0,
  "password": null
}