{
  "id": "gen9championsvgc2026regma-2582728698",
  "format": "[Gen 9 Champions] VGC 2026 Reg M-A",
  "players": [
    "notchopsticks",
    "dr cheesiums"
  ],
  "log": "|j|\u2606notchopsticks\n|j|\u2606dr cheesiums\n|t:|1776110039\n|gametype|doubles\n|player|p1|notchopsticks|teamrocket|1071\n|player|p2|dr cheesiums|2|1142\n|gen|9\n|tier|[Gen 9 Champions] VGC 2026 Reg M-A\n|rated|\n|rule|Species Clause: Limit one of each Pok\u00e9mon\n|rule|Item Clause: Limit 1 of each item\n|clearpoke\n|poke|p1|Pelipper, L50, M|\n|poke|p1|Archaludon, L50, F|\n|poke|p1|Incineroar, L50, M|\n|poke|p1|Basculegion, L50, M|\n|poke|p1|Garchomp, L50, F|\n|poke|p1|Orthworm, L50, F|\n|poke|p2|Crabominable, L50, F|\n|poke|p2|Abomasnow, L50, M|\n|poke|p2|Incineroar, L50, M|\n|poke|p2|Farigiraf, L50, M|\n|poke|p2|Venusaur, L50, F|\n|poke|p2|Torkoal, L50, F|\n|teampreview|4\n|inactive|Battle timer is ON: inactive players will automatically lose when time's up. (requested by dr cheesiums)\nnotchopsticks rejected open team sheets.\n|\n|t:|1776110059\n|teamsize|p1|4\n|teamsize|p2|4\n|start\n|switch|p1a: Orthworm|Orthworm, L50, F|100/100\n|switch|p1b: Pelipper|Pelipper, L50, M|100/100\n|switch|p2a: Incineroar|Incineroar, L50, M|100/100\n|switch|p2b: Farigiraf|Farigiraf, L50, M|100/100\n|-weather|RainDance|[from] ability: Drizzle|[of] p1b: Pelipper\n|-ability|p2a: Incineroar|Intimidate|boost\n|-unboost|p1a: Orthworm|atk|1\n|-unboost|p1b: Pelipper|atk|1\n|turn|1\n|\n|t:|1776110069\n|move|p2a: Incineroar|Fake Out|p1a: Orthworm\n|-resisted|p1a: Orthworm|1\n|-damage|p1a: Orthworm|95/100\n|move|p1b: Pelipper|Tailwind|p1b: Pelipper\n|-sidestart|p1: notchopsticks|move: Tailwind\n|cant|p1a: Orthworm|flinch\n|move|p2b: Farigiraf|Trick Room|p2b: Farigiraf\n|-fieldstart|move: Trick Room|[of] p2b: Farigiraf\n|\n|-weather|RainDance|[upkeep]\n|upkeep\n|turn|2\n|\n|t:|1776110079\n|move|p2b: Farigiraf|Helping Hand|p2a: Incineroar\n|-singleturn|p2a: Incineroar|Helping Hand|[of] p2b: Farigiraf\n|move|p2a: Incineroar|Flare Blitz|p1a: Orthworm\n|-supereffective|p1a: Orthworm|1\n|-damage|p1a: Orthworm|29/100\n|-enditem|p1a: Orthworm|Sitrus Berry|[eat]\n|-heal|p1a: Orthworm|54/100|[from] item: Sitrus Berry\n|-damage|p2a: Incineroar|84/100|[from] Recoil\n|move|p1b: Pelipper|Hydro Pump|p2a: Incineroar\n|-supereffective|p2a: Incineroar|1\n|-damage|p2a: Incineroar|0 fnt\n|faint|p2a: Incineroar\n|move|p1a: Orthworm|Shed Tail|p1a: Orthworm\n|-start|p1a: Orthworm|Substitute|[from] move: Shed Tail\n|-damage|p1a: Orthworm|3/100\n|\n|t:|1776110094\n|switch|p1a: Archaludon|Archaludon, L50, F|100/100|[from] Shed Tail\n|\n|-weather|RainDance|[upkeep]\n|upkeep\n|\n|t:|1776110097\n|switch|p2a: Piccolo|Abomasnow, L50, M, shiny|100/100\n|-weather|Snowscape|[from] ability: Snow Warning|[of] p2a: Piccolo\n|turn|3\n|\n|t:|1776110112\n|move|p2a: Piccolo|Aurora Veil|p2a: Piccolo\n|-sidestart|p2: dr cheesiums|move: Aurora Veil\n|move|p2b: Farigiraf|Baton Pass|p2b: Farigiraf\n|\n|t:|1776110114\n|switch|p2b: Goku|Crabominable, L50, F, shiny|100/100|[from] Baton Pass\n|move|p1a: Archaludon|Flash Cannon|p2a: Piccolo\n|-supereffective|p2a: Piccolo|1\n|-crit|p2a: Piccolo\n|-damage|p2a: Piccolo|0 fnt\n|faint|p2a: Piccolo\n|move|p1b: Pelipper|U-turn|p2b: Goku\n|-resisted|p2b: Goku|1\n|-damage|p2b: Goku|99/100\n|\n|t:|1776110126\n|switch|p1b: Orthworm|Orthworm, L50, F|3/100|[from] U-turn\n|\n|-weather|Snowscape|[upkeep]\n|upkeep\n|\n|t:|1776110139\n|switch|p2a: Farigiraf|Farigiraf, L50, M|100/100\n|turn|4\n|\n|t:|1776110155\n|switch|p1b: Pelipper|Pelipper, L50, M|100/100\n|-weather|RainDance|[from] ability: Drizzle|[of] p1b: Pelipper\n|detailschange|p2b: Goku|Crabominable-Mega, L50, F, shiny\n|-mega|p2b: Goku|Crabominable|Crabominite\n|move|p2b: Goku|Drain Punch|p1a: Archaludon\n|-supereffective|p1a: Archaludon|1\n|-end|p1a: Archaludon|Substitute\n|-heal|p2b: Goku|100/100|[from] drain|[of] p1a: Archaludon\n|move|p2a: Farigiraf|Psyshock|p1b: Pelipper\n|-damage|p1b: Pelipper|60/100\n|move|p1a: Archaludon|Electro Shot||[still]\n|-prepare|p1a: Archaludon|Electro Shot\n|-boost|p1a: Archaludon|spa|1\n|-anim|p1a: Archaludon|Electro Shot|p2b: Goku\n|-damage|p2b: Goku|53/100\n|\n|-weather|RainDance|[upkeep]\n|-sideend|p1: notchopsticks|move: Tailwind\n|upkeep\n|turn|5\n|inactive|notchopsticks has 30 seconds left.\n|inactive|dr cheesiums has 30 seconds left.\n|inactive|notchopsticks has 20 seconds left.\n|inactive|dr cheesiums has 20 seconds left.\n|inactive|notchopsticks has 15 seconds left.\n|inactive|dr cheesiums has 15 seconds left.\n|\n|t:|1776110200\n|switch|p1b: Garchomp|Garchomp, L50, F|100/100\n|move|p2a: Farigiraf|Helping Hand|p2b: Goku\n|-singleturn|p2b: Goku|Helping Hand|[of] p2a: Farigiraf\n|move|p1a: Archaludon|Protect|p1a: Archaludon\n|-singleturn|p1a: Archaludon|Protect\n|move|p2b: Goku|Drain Punch|p1a: Archaludon\n|-activate|p1a: Archaludon|move: Protect\n|\n|-weather|RainDance|[upkeep]\n|-fieldend|move: Trick Room\n|upkeep\n|turn|6\n|\n|t:|1776110222\n|move|p2b: Goku|Protect|p2b: Goku\n|-singleturn|p2b: Goku|Protect\n|move|p1b: Garchomp|Crunch|p2a: Farigiraf\n|-supereffective|p2a: Farigiraf|1\n|-damage|p2a: Farigiraf|70/100\n|-unboost|p2a: Farigiraf|def|1\n|move|p1a: Archaludon|Electro Shot||[still]\n|-prepare|p1a: Archaludon|Electro Shot\n|-boost|p1a: Archaludon|spa|1\n|-anim|p1a: Archaludon|Electro Shot|p2b: Goku\n|-activate|p2b: Goku|move: Protect\n|move|p2a: Farigiraf|Trick Room|p2a: Farigiraf\n|-fieldstart|move: Trick Room|[of] p2a: Farigiraf\n|\n|-weather|RainDance|[upkeep]\n|upkeep\n|turn|7\n|\n|t:|1776110238\n|move|p2a: Farigiraf|Helping Hand|p2b: Goku\n|-singleturn|p2b: Goku|Helping Hand|[of] p2a: Farigiraf\n|move|p1a: Archaludon|Protect|p1a: Archaludon\n|-singleturn|p1a: Archaludon|Protect\n|move|p2b: Goku|Ice Hammer|p1b: Garchomp\n|-supereffective|p1b: Garchomp|2\n|-damage|p1b: Garchomp|0 fnt\n|-unboost|p2b: Goku|spe|1\n|-damage|p2b: Goku|41/100|[from] ability: Rough Skin|[of] p1b: Garchomp\n|faint|p1b: Garchomp\n|\n|-weather|RainDance|[upkeep]\n|-sideend|p2: dr cheesiums|move: Aurora Veil\n|upkeep\n|\n|t:|1776110248\n|switch|p1b: Pelipper|Pelipper, L50, M|60/100\n|turn|8\n|\n|t:|1776110257\n|move|p2a: Farigiraf|Helping Hand|p2b: Goku\n|-singleturn|p2b: Goku|Helping Hand|[of] p2a: Farigiraf\n|move|p2b: Goku|Drain Punch|p1a: Archaludon\n|-supereffective|p1a: Archaludon|1\n|-damage|p1a: Archaludon|0 fnt\n|-heal|p2b: Goku|81/100|[from] drain|[of] p1a: Archaludon\n|faint|p1a: Archaludon\n|move|p1b: Pelipper|Hurricane|p2b: Goku\n|-supereffective|p2b: Goku|1\n|-damage|p2b: Goku|4/100\n|\n|-weather|none\n|upkeep\n|\n|t:|1776110263\n|switch|p1a: Orthworm|Orthworm, L50, F|3/100\n|turn|9\n|\n|t:|1776110276\n|move|p2b: Goku|Ice Hammer|p1b: Pelipper\n|-damage|p1b: Pelipper|0 fnt\n|-unboost|p2b: Goku|spe|1\n|faint|p1b: Pelipper\n|move|p2a: Farigiraf|Psyshock|p1a: Orthworm\n|-resisted|p1a: Orthworm|1\n|-damage|p1a: Orthworm|0 fnt\n|faint|p1a: Orthworm\n|\n|win|dr cheesiums\n|raw|notchopsticks's rating: 1071 &rarr; <strong>1055</strong><br />(-16 for losing)\n|raw|dr cheesiums's rating: 1142 &rarr; <strong>1162</strong><br />(+20 for winning)\n|l|\u2606notchopsticks\n|player|p1|\n",
  "uploadtime": 1776110287,
  "views": 26,
  "formatid": "gen9championsvgc2026regma",
  "rating": 1055,
  "private": 0,
  "password": null
}