{
  "id": "gen9championsvgc2026regma-2583282384",
  "format": "[Gen 9 Champions] VGC 2026 Reg M-A",
  "players": [
    "yunusko",
    "DavidTIS"
  ],
  "log": "|j|\u2606yunusko\n|j|\u2606DavidTIS\n|t:|1776162884\n|gametype|doubles\n|player|p1|yunusko|cynthia|1011\n|player|p2|DavidTIS|266|1056\n|gen|9\n|tier|[Gen 9 Champions] VGC 2026 Reg M-A\n|rated|\n|rule|Species Clause: Limit one of each Pok\u00e9mon\n|rule|Item Clause: Limit 1 of each item\n|clearpoke\n|poke|p1|Drampa, L50, F|\n|poke|p1|Alakazam, L50, F|\n|poke|p1|Basculegion, L50, M|\n|poke|p1|Pelipper, L50, M|\n|poke|p1|Sinistcha, L50|\n|poke|p1|Scizor, L50, F|\n|poke|p2|Starmie, L50|\n|poke|p2|Lucario, L50, M|\n|poke|p2|Lycanroc-Dusk, L50, M|\n|poke|p2|Hydreigon, L50, F|\n|poke|p2|Slowbro-Galar, L50, F|\n|poke|p2|Charizard, L50, M|\n|teampreview|4\n|inactive|Battle timer is ON: inactive players will automatically lose when time's up. (requested by DavidTIS)\n|inactive|yunusko has 60 seconds left.\n|inactive|DavidTIS has 60 seconds left.\n|inactive|DavidTIS has 30 seconds left.\n|inactive|yunusko has 30 seconds left.\n|\n|t:|1776162957\n|teamsize|p1|4\n|teamsize|p2|4\n|start\n|switch|p1a: Scizor|Scizor, L50, F|100/100\n|switch|p1b: Sinistcha|Sinistcha, L50, shiny|100/100\n|switch|p2a: Hydreigon|Hydreigon, L50, F|100/100\n|switch|p2b: Lycanroc|Lycanroc-Dusk, L50, M|100/100\n|turn|1\n|\n|t:|1776162979\n|detailschange|p1a: Scizor|Scizor-Mega, L50, F\n|-mega|p1a: Scizor|Scizor|Scizorite\n|move|p1b: Sinistcha|Rage Powder|p1b: Sinistcha\n|-singleturn|p1b: Sinistcha|move: Rage Powder\n|move|p2b: Lycanroc|Rock Slide|p1a: Scizor|[spread] p1a,p1b\n|-damage|p1a: Scizor|79/100\n|-damage|p1b: Sinistcha|72/100\n|move|p2a: Hydreigon|Dark Pulse|p1b: Sinistcha\n|-supereffective|p1b: Sinistcha|1\n|-damage|p1b: Sinistcha|0 fnt\n|faint|p1b: Sinistcha\n|move|p1a: Scizor|Swords Dance|p1a: Scizor\n|-boost|p1a: Scizor|atk|2\n|\n|upkeep\n|\n|t:|1776163001\n|switch|p1b: Pelipper|Pelipper, L50, M|100/100\n|-weather|RainDance|[from] ability: Drizzle|[of] p1b: Pelipper\n|turn|2\n|\n|t:|1776163017\n|move|p2b: Lycanroc|Rock Slide|p1b: Pelipper|[spread] p1a\n|-miss|p2b: Lycanroc|p1b: Pelipper\n|-damage|p1a: Scizor|56/100\n|move|p2a: Hydreigon|Draco Meteor|p1a: Scizor\n|-resisted|p1a: Scizor|1\n|-damage|p1a: Scizor|8/100\n|-unboost|p2a: Hydreigon|spa|2\n|-enditem|p2a: Hydreigon|White Herb\n|-clearnegativeboost|p2a: Hydreigon|[silent]\n|move|p1a: Scizor|Bug Bite|p2a: Hydreigon\n|-supereffective|p2a: Hydreigon|1\n|-damage|p2a: Hydreigon|0 fnt\n|faint|p2a: Hydreigon\n|move|p1b: Pelipper|Weather Ball|p2b: Lycanroc\n|-supereffective|p2b: Lycanroc|1\n|-enditem|p2b: Lycanroc|Focus Sash\n|-damage|p2b: Lycanroc|1/100\n|\n|-weather|RainDance|[upkeep]\n|upkeep\n|\n|t:|1776163042\n|switch|p2a: Starmie|Starmie, L50|100/100\n|turn|3\n|inactive|DavidTIS has 30 seconds left.\n|\n|t:|1776163068\n|detailschange|p2a: Starmie|Starmie-Mega, L50\n|-mega|p2a: Starmie|Starmie|Starminite\n|move|p1a: Scizor|Protect|p1a: Scizor\n|-singleturn|p1a: Scizor|Protect\n|move|p2b: Lycanroc|Accelerock|p1a: Scizor\n|-activate|p1a: Scizor|move: Protect\n|move|p2a: Starmie|Psycho Cut|p1b: Pelipper\n|-damage|p1b: Pelipper|32/100\n|move|p1b: Pelipper|Weather Ball|p2b: Lycanroc\n|-supereffective|p2b: Lycanroc|1\n|-damage|p2b: Lycanroc|0 fnt\n|faint|p2b: Lycanroc\n|\n|-weather|RainDance|[upkeep]\n|upkeep\n|\n|t:|1776163078\n|switch|p2b: Lucario|Lucario, L50, M|100/100\n|turn|4\n|\n|t:|1776163099\n|move|p1a: Scizor|Bullet Punch|p2a: Starmie\n|-resisted|p2a: Starmie|1\n|-damage|p2a: Starmie|43/100\n|move|p2b: Lucario|Dark Pulse|p1a: Scizor\n|-damage|p1a: Scizor|0 fnt\n|faint|p1a: Scizor\n|move|p2a: Starmie|Psycho Cut|p1b: Pelipper\n|-damage|p1b: Pelipper|0 fnt\n|faint|p1b: Pelipper\n|\n|-weather|RainDance|[upkeep]\n|upkeep\n|\n|t:|1776163112\n|switch|p1a: Basculegion|Basculegion, L50, M, shiny|100/100\n|turn|5\n|\n|t:|1776163132\n|move|p2a: Starmie|Protect|p2a: Starmie\n|-singleturn|p2a: Starmie|Protect\n|move|p1a: Basculegion|Last Respects|p2a: Starmie\n|-activate|p2a: Starmie|move: Protect\n|move|p2b: Lucario|Dark Pulse|p1a: Basculegion\n|-supereffective|p1a: Basculegion|1\n|-damage|p1a: Basculegion|30/100\n|\n|-weather|RainDance|[upkeep]\n|upkeep\n|turn|6\n|\n|t:|1776163146\n|move|p1a: Basculegion|Wave Crash|p2a: Starmie\n|-resisted|p2a: Starmie|1\n|-damage|p2a: Starmie|0 fnt\n|faint|p2a: Starmie\n|-damage|p1a: Basculegion|21/100|[from] Recoil\n|move|p2b: Lucario|Dark Pulse|p1a: Basculegion\n|-supereffective|p1a: Basculegion|1\n|-damage|p1a: Basculegion|0 fnt\n|faint|p1a: Basculegion\n|\n|win|DavidTIS\n|raw|yunusko's rating: 1011 &rarr; <strong>1001</strong><br />(-10 for losing)\n|raw|DavidTIS's rating: 1056 &rarr; <strong>1084</strong><br />(+28 for winning)\n",
  "uploadtime": 1776163155,
  "views": 19,
  "formatid": "gen9championsvgc2026regma",
  "rating": 1001,
  "private": 0,
  "password": null
}