{
  "id": "gen9championsvgc2026regma-2584748836",
  "format": "[Gen 9 Champions] VGC 2026 Reg M-A",
  "players": [
    "AkioKira",
    "ArchangelJuicy"
  ],
  "log": "|j|\u2606AkioKira\n|j|\u2606ArchangelJuicy\n|t:|1776280917\n|gametype|doubles\n|player|p1|AkioKira|miku-ground|1087\n|player|p2|ArchangelJuicy|102|1055\n|gen|9\n|tier|[Gen 9 Champions] VGC 2026 Reg M-A\n|rated|\n|rule|Species Clause: Limit one of each Pok\u00e9mon\n|rule|Item Clause: Limit 1 of each item\n|clearpoke\n|poke|p1|Lopunny, L50, F|\n|poke|p1|Aegislash, L50, M|\n|poke|p1|Incineroar, L50, F|\n|poke|p1|Garchomp, L50, M|\n|poke|p1|Rotom-Wash, L50|\n|poke|p1|Sinistcha, L50|\n|poke|p2|Heracross, L50, F|\n|poke|p2|Aerodactyl, L50, M|\n|poke|p2|Incineroar, L50, F|\n|poke|p2|Empoleon, L50, F|\n|poke|p2|Rotom-Mow, L50|\n|poke|p2|Kangaskhan, L50, F|\n|teampreview|4\n|inactive|Battle timer is ON: inactive players will automatically lose when time's up. (requested by ArchangelJuicy)\n|inactive|AkioKira has 60 seconds left.\n|\n|t:|1776281009\n|teamsize|p1|4\n|teamsize|p2|4\n|start\n|switch|p1a: Aegislash|Aegislash, L50, M|100/100\n|switch|p1b: Lopunny|Lopunny, L50, F, shiny|100/100\n|switch|p2a: Incineroar|Incineroar, L50, F|100/100\n|switch|p2b: Kangaskhan|Kangaskhan, L50, F|100/100\n|-ability|p2a: Incineroar|Intimidate|boost\n|-unboost|p1a: Aegislash|atk|1\n|-unboost|p1b: Lopunny|atk|1\n|turn|1\n|inactive|AkioKira has 30 seconds left.\n|\n|t:|1776281043\n|detailschange|p1b: Lopunny|Lopunny-Mega, L50, F, shiny\n|-mega|p1b: Lopunny|Lopunny|Lopunnite\n|move|p1a: Aegislash|King's Shield|p1a: Aegislash\n|-singleturn|p1a: Aegislash|Protect\n|move|p1b: Lopunny|Fake Out|p2a: Incineroar\n|-damage|p2a: Incineroar|89/100\n|move|p2b: Kangaskhan|Fake Out|p1a: Aegislash\n|-activate|p1a: Aegislash|move: Protect\n|-unboost|p2b: Kangaskhan|atk|1\n|cant|p2a: Incineroar|flinch\n|\n|upkeep\n|turn|2\n|inactive|AkioKira has 30 seconds left.\n|inactive|ArchangelJuicy has 30 seconds left.\n|inactive|AkioKira has 20 seconds left.\n|inactive|AkioKira has 15 seconds left.\n|inactive|AkioKira has 10 seconds left.\n|\n|t:|1776281089\n|switch|p2b: Heracross|Heracross, L50, F|100/100\n|switch|p1a: Rotom|Rotom-Wash, L50|100/100\n|move|p1b: Lopunny|U-turn|p2a: Incineroar\n|-damage|p2a: Incineroar|76/100\n|\n|t:|1776281097\n|switch|p1b: Sinistcha|Sinistcha, L50|100/100|[from] U-turn\n|move|p2a: Incineroar|Flare Blitz|p1a: Rotom\n|-resisted|p1a: Rotom|1\n|-damage|p1a: Rotom|74/100\n|-status|p1a: Rotom|brn\n|-damage|p2a: Incineroar|69/100|[from] Recoil\n|\n|-damage|p1a: Rotom|68/100 brn|[from] brn\n|upkeep\n|turn|3\n|inactive|ArchangelJuicy has 30 seconds left.\n|inactive|ArchangelJuicy has 20 seconds left.\n|inactive|ArchangelJuicy has 15 seconds left.\n|\n|t:|1776281140\n|detailschange|p2b: Heracross|Heracross-Mega, L50, F\n|-mega|p2b: Heracross|Heracross|Heracronite\n|move|p2b: Heracross|Protect|p2b: Heracross\n|-singleturn|p2b: Heracross|Protect\n|move|p1b: Sinistcha|Rage Powder|p1b: Sinistcha\n|-singleturn|p1b: Sinistcha|move: Rage Powder\n|move|p1a: Rotom|Will-O-Wisp|p2b: Heracross\n|-activate|p2b: Heracross|move: Protect\n|move|p2a: Incineroar|Parting Shot|p1b: Sinistcha\n|-unboost|p1b: Sinistcha|atk|1\n|-unboost|p1b: Sinistcha|spa|1\n|\n|t:|1776281153\n|switch|p2a: Aerodactyl|Aerodactyl, L50, M|100/100|[from] Parting Shot\n|-ability|p2a: Aerodactyl|Unnerve\n|\n|-damage|p1a: Rotom|62/100 brn|[from] brn\n|upkeep\n|turn|4\n|inactive|ArchangelJuicy has 30 seconds left.\n|\n|t:|1776281184\n|move|p1b: Sinistcha|Rage Powder|p1b: Sinistcha\n|-singleturn|p1b: Sinistcha|move: Rage Powder\n|move|p2a: Aerodactyl|Rock Slide|p1a: Rotom|[spread] p1b\n|-miss|p2a: Aerodactyl|p1a: Rotom\n|-damage|p1b: Sinistcha|80/100\n|move|p2b: Heracross|Rock Blast|p1b: Sinistcha\n|-damage|p1b: Sinistcha|71/100\n|-damage|p1b: Sinistcha|61/100\n|-damage|p1b: Sinistcha|50/100\n|-damage|p1b: Sinistcha|40/100\n|-damage|p1b: Sinistcha|29/100\n|-hitcount|p1b: Sinistcha|5\n|move|p1a: Rotom|Will-O-Wisp|p2b: Heracross\n|-status|p2b: Heracross|brn\n|\n|-damage|p2b: Heracross|95/100 brn|[from] brn\n|-damage|p1a: Rotom|57/100 brn|[from] brn\n|upkeep\n|turn|5\n|inactive|ArchangelJuicy has 30 seconds left.\n|inactive|AkioKira has 30 seconds left.\n|inactive|ArchangelJuicy has 20 seconds left.\n|\n|t:|1776281224\n|move|p1b: Sinistcha|Protect|p1b: Sinistcha\n|-singleturn|p1b: Sinistcha|Protect\n|move|p2a: Aerodactyl|Rock Slide|p1a: Rotom|[spread] p1a\n|-activate|p1b: Sinistcha|move: Protect\n|-damage|p1a: Rotom|28/100 brn\n|move|p2b: Heracross|Pin Missile|p1b: Sinistcha\n|-activate|p1b: Sinistcha|move: Protect\n|move|p1a: Rotom|Volt Switch|p2a: Aerodactyl\n|-supereffective|p2a: Aerodactyl|1\n|-enditem|p2a: Aerodactyl|Focus Sash\n|-damage|p2a: Aerodactyl|1/100\n|\n|t:|1776281239\n|switch|p1a: Lopunny|Lopunny-Mega, L50, F, shiny|100/100|[from] Volt Switch\n|\n|-damage|p2b: Heracross|89/100 brn|[from] brn\n|upkeep\n|turn|6\n|\n|t:|1776281255\n|move|p1a: Lopunny|U-turn|p2a: Aerodactyl\n|-resisted|p2a: Aerodactyl|1\n|-damage|p2a: Aerodactyl|0 fnt\n|-enditem|p1b: Sinistcha|Sitrus Berry|[eat]\n|-heal|p1b: Sinistcha|54/100|[from] item: Sitrus Berry\n|faint|p2a: Aerodactyl\n|\n|t:|1776281261\n|switch|p1a: Rotom|Rotom-Wash, L50|28/100 brn|[from] U-turn\n|move|p2b: Heracross|Close Combat|p1a: Rotom\n|-damage|p1a: Rotom|0 fnt\n|-unboost|p2b: Heracross|def|1\n|-unboost|p2b: Heracross|spd|1\n|faint|p1a: Rotom\n|move|p1b: Sinistcha|Life Dew|p1b: Sinistcha\n|-heal|p1b: Sinistcha|79/100\n|\n|-damage|p2b: Heracross|83/100 brn|[from] brn\n|upkeep\n|\n|t:|1776281278\n|switch|p2a: Incineroar|Incineroar, L50, F|69/100\n|switch|p1a: Lopunny|Lopunny-Mega, L50, F, shiny|100/100\n|-ability|p2a: Incineroar|Intimidate|boost\n|-fail|p1a: Lopunny|unboost|Attack|[from] ability: Scrappy|[of] p1a: Lopunny\n|-unboost|p1b: Sinistcha|atk|1\n|turn|7\n|\n|t:|1776281293\n|switch|p1a: Aegislash|Aegislash, L50, M|100/100\n|move|p2a: Incineroar|Fake Out|p1a: Aegislash\n|-immune|p1a: Aegislash\n|move|p2b: Heracross|Pin Missile|p1b: Sinistcha\n|-damage|p1b: Sinistcha|72/100\n|-damage|p1b: Sinistcha|65/100\n|-damage|p1b: Sinistcha|57/100\n|-damage|p1b: Sinistcha|49/100\n|-damage|p1b: Sinistcha|43/100\n|-hitcount|p1b: Sinistcha|5\n|move|p1b: Sinistcha|Life Dew||[still]|[spread] p1a,p1b\n|-fail|p1a: Aegislash|heal\n|-heal|p1b: Sinistcha|68/100\n|\n|-damage|p2b: Heracross|78/100 brn|[from] brn\n|upkeep\n|turn|8\n|inactive|ArchangelJuicy has 30 seconds left.\n|\n|t:|1776281319\n|move|p1b: Sinistcha|Protect|p1b: Sinistcha\n|-singleturn|p1b: Sinistcha|Protect\n|move|p1a: Aegislash|King's Shield|p1a: Aegislash\n|-singleturn|p1a: Aegislash|Protect\n|move|p2b: Heracross|Pin Missile|p1b: Sinistcha\n|-activate|p1b: Sinistcha|move: Protect\n|move|p2a: Incineroar|Parting Shot|p1a: Aegislash\n|-unboost|p1a: Aegislash|atk|1\n|-unboost|p1a: Aegislash|spa|1\n|\n|t:|1776281330\n|switch|p2a: Kangaskhan|Kangaskhan, L50, F|100/100|[from] Parting Shot\n|\n|-damage|p2b: Heracross|72/100 brn|[from] brn\n|upkeep\n|turn|9\n|inactive|ArchangelJuicy has 30 seconds left.\n|\n|t:|1776281357\n|switch|p2b: Incineroar|Incineroar, L50, F|69/100\n|-ability|p2b: Incineroar|Intimidate|boost\n|-unboost|p1a: Aegislash|atk|1\n|-unboost|p1b: Sinistcha|atk|1\n|switch|p1a: Lopunny|Lopunny-Mega, L50, F, shiny|100/100\n|move|p2a: Kangaskhan|Double-Edge|p1a: Lopunny\n|-damage|p1a: Lopunny|32/100\n|-damage|p2a: Kangaskhan|83/100|[from] Recoil\n|move|p1b: Sinistcha|Matcha Gotcha|p2a: Kangaskhan|[spread] p2a,p2b\n|-resisted|p2b: Incineroar|1\n|-damage|p2a: Kangaskhan|60/100\n|-heal|p1b: Sinistcha|80/100|[from] drain|[of] p2a: Kangaskhan\n|-damage|p2b: Incineroar|58/100\n|-heal|p1b: Sinistcha|86/100|[from] drain|[of] p2b: Incineroar\n|\n|upkeep\n|turn|10\n|inactive|AkioKira has 30 seconds left.\n|inactive|AkioKira has 20 seconds left.\n|inactive|AkioKira has 15 seconds left.\n|inactive|AkioKira has 10 seconds left.\n|\n|t:|1776281404\n|move|p2a: Kangaskhan|Protect|p2a: Kangaskhan\n|-singleturn|p2a: Kangaskhan|Protect\n|move|p1a: Lopunny|Fake Out|p2b: Incineroar\n|-damage|p2b: Incineroar|44/100\n|-enditem|p2b: Incineroar|Sitrus Berry|[eat]\n|-heal|p2b: Incineroar|68/100|[from] item: Sitrus Berry\n|move|p1b: Sinistcha|Matcha Gotcha|p2a: Kangaskhan|[spread] p2b\n|-activate|p2a: Kangaskhan|move: Protect\n|-resisted|p2b: Incineroar|1\n|-damage|p2b: Incineroar|59/100\n|-heal|p1b: Sinistcha|91/100|[from] drain|[of] p2b: Incineroar\n|cant|p2b: Incineroar|flinch\n|\n|upkeep\n|turn|11\n|\n|t:|1776281426\n|move|p1b: Sinistcha|Rage Powder|p1b: Sinistcha\n|-singleturn|p1b: Sinistcha|move: Rage Powder\n|move|p1a: Lopunny|Close Combat|p2b: Incineroar\n|-supereffective|p2b: Incineroar|1\n|-damage|p2b: Incineroar|0 fnt\n|-unboost|p1a: Lopunny|def|1\n|-unboost|p1a: Lopunny|spd|1\n|faint|p2b: Incineroar\n|move|p2a: Kangaskhan|Double-Edge|p1b: Sinistcha\n|-damage|p1b: Sinistcha|50/100\n|-damage|p2a: Kangaskhan|47/100|[from] Recoil\n|\n|upkeep\n|\n|t:|1776281437\n|switch|p2b: Heracross|Heracross-Mega, L50, F|72/100 brn\n|turn|12\n|\n|t:|1776281451\n|move|p1b: Sinistcha|Rage Powder|p1b: Sinistcha\n|-singleturn|p1b: Sinistcha|move: Rage Powder\n|move|p2a: Kangaskhan|Sucker Punch||[still]\n|-fail|p2a: Kangaskhan\n|move|p1a: Lopunny|Close Combat|p2a: Kangaskhan\n|-supereffective|p2a: Kangaskhan|1\n|-damage|p2a: Kangaskhan|0 fnt\n|-unboost|p1a: Lopunny|def|1\n|-unboost|p1a: Lopunny|spd|1\n|faint|p2a: Kangaskhan\n|move|p2b: Heracross|Pin Missile|p1b: Sinistcha\n|-damage|p1b: Sinistcha|43/100\n|-damage|p1b: Sinistcha|35/100\n|-damage|p1b: Sinistcha|28/100\n|-damage|p1b: Sinistcha|21/100\n|-crit|p1b: Sinistcha\n|-damage|p1b: Sinistcha|8/100\n|-hitcount|p1b: Sinistcha|5\n|\n|-damage|p2b: Heracross|66/100 brn|[from] brn\n|upkeep\n|turn|13\n|-message|ArchangelJuicy forfeited.\n|\n|win|AkioKira\n|raw|AkioKira's rating: 1087 &rarr; <strong>1111</strong><br />(+24 for winning)\n|raw|ArchangelJuicy's rating: 1055 &rarr; <strong>1038</strong><br />(-17 for losing)\n|l|\u2606ArchangelJuicy\n|player|p2|\n",
  "uploadtime": 1776281477,
  "views": 15,
  "formatid": "gen9championsvgc2026regma",
  "rating": 1038,
  "private": 0,
  "password": null
}