{
  "id": "gen9championsvgc2026regma-2585859190",
  "format": "[Gen 9 Champions] VGC 2026 Reg M-A",
  "players": [
    "Ruizpaa",
    "Future Alice haver"
  ],
  "log": "|j|\u2606Ruizpaa\n|j|\u2606Future Alice haver\n|t:|1776376145\n|gametype|doubles\n|player|p1|Ruizpaa|266|1153\n|player|p2|Future Alice haver|kimonogirl|1251\n|gen|9\n|tier|[Gen 9 Champions] VGC 2026 Reg M-A\n|rated|\n|rule|Species Clause: Limit one of each Pok\u00e9mon\n|rule|Item Clause: Limit 1 of each item\n|clearpoke\n|poke|p1|Gardevoir, L50, M|\n|poke|p1|Basculegion, L50, M|\n|poke|p1|Maushold-Four, L50|\n|poke|p1|Talonflame, L50, M|\n|poke|p1|Garchomp, L50, M|\n|poke|p1|Kingambit, L50, F|\n|poke|p2|Charizard, L50, M|\n|poke|p2|Venusaur, L50, F|\n|poke|p2|Orthworm, L50, F|\n|poke|p2|Garchomp, L50, M|\n|poke|p2|Milotic, L50, M|\n|poke|p2|Whimsicott, L50, M|\n|teampreview|4\n|inactive|Battle timer is ON: inactive players will automatically lose when time's up. (requested by Ruizpaa)\n|\n|t:|1776376212\n|teamsize|p1|4\n|teamsize|p2|4\n|start\n|switch|p1a: Talonflame|Talonflame, L50, M|100/100\n|switch|p1b: Garchomp|Garchomp, L50, M|100/100\n|switch|p2a: Whimsicott|Whimsicott, L50, M|100/100\n|switch|p2b: Milotic|Milotic, L50, M|100/100\n|turn|1\n|\n|t:|1776376234\n|move|p1b: Garchomp|Protect|p1b: Garchomp\n|-singleturn|p1b: Garchomp|Protect\n|move|p1a: Talonflame|Acrobatics|p2a: Whimsicott\n|-supereffective|p2a: Whimsicott|1\n|-crit|p2a: Whimsicott\n|-enditem|p2a: Whimsicott|Focus Sash\n|-damage|p2a: Whimsicott|1/100\n|move|p2a: Whimsicott|Tailwind|p2a: Whimsicott\n|-sidestart|p2: Future Alice haver|move: Tailwind\n|move|p2b: Milotic|Icy Wind|p1b: Garchomp|[spread] p1a\n|-activate|p1b: Garchomp|move: Protect\n|-damage|p1a: Talonflame|84/100\n|-unboost|p1a: Talonflame|spe|1\n|\n|upkeep\n|turn|2\n|inactive|Ruizpaa has 30 seconds left.\n|inactive|Future Alice haver has 30 seconds left.\n|\n|t:|1776376265\n|switch|p2a: Garchomp|Garchomp, L50, M|100/100\n|switch|p1b: Gardevoir|Gardevoir, L50, M|100/100\n|move|p2b: Milotic|Ice Beam|p1b: Gardevoir\n|-damage|p1b: Gardevoir|78/100\n|move|p1a: Talonflame|Acrobatics|p2b: Milotic\n|-damage|p2b: Milotic|63/100\n|\n|upkeep\n|turn|3\n|inactive|Future Alice haver has 30 seconds left.\n|\n|t:|1776376300\n|switch|p2b: Whimsicott|Whimsicott, L50, M|1/100\n|detailschange|p1b: Gardevoir|Gardevoir-Mega, L50, M\n|-mega|p1b: Gardevoir|Gardevoir|Gardevoirite\n|move|p1b: Gardevoir|Protect|p1b: Gardevoir\n|-singleturn|p1b: Gardevoir|Protect\n|move|p2a: Garchomp|Stone Edge|p1a: Talonflame|[miss]\n|-miss|p2a: Garchomp|p1a: Talonflame\n|move|p1a: Talonflame|Tailwind|p1a: Talonflame\n|-sidestart|p1: Ruizpaa|move: Tailwind\n|\n|upkeep\n|turn|4\n|inactive|Ruizpaa has 30 seconds left.\n|inactive|Ruizpaa has 20 seconds left.\n|\n|t:|1776376337\n|switch|p1a: Garchomp|Garchomp, L50, M|100/100\n|move|p2b: Whimsicott|Encore|p1b: Gardevoir\n|-start|p1b: Gardevoir|Encore\n|move|p1b: Gardevoir|Protect||[still]\n|-fail|p1b: Gardevoir\n|move|p2a: Garchomp|Stone Edge|p1a: Garchomp\n|-resisted|p1a: Garchomp|1\n|-crit|p1a: Garchomp\n|-damage|p1a: Garchomp|78/100\n|\n|-sideend|p2: Future Alice haver|move: Tailwind\n|upkeep\n|turn|5\n|\n|t:|1776376360\n|switch|p1b: Talonflame|Talonflame, L50, M|84/100\n|switch|p2a: Milotic|Milotic, L50, M|63/100\n|move|p2b: Whimsicott|Tailwind|p2b: Whimsicott\n|-sidestart|p2: Future Alice haver|move: Tailwind\n|move|p1a: Garchomp|Earthquake|p2b: Whimsicott|[spread] p2a,p2b\n|-immune|p1b: Talonflame\n|-resisted|p2b: Whimsicott|1\n|-damage|p2a: Milotic|23/100\n|-damage|p2b: Whimsicott|0 fnt\n|faint|p2b: Whimsicott\n|\n|upkeep\n|\n|t:|1776376372\n|switch|p2b: Charizard|Charizard, L50, M|100/100\n|turn|6\n|\n|t:|1776376388\n|detailschange|p2b: Charizard|Charizard-Mega-Y, L50, M\n|-mega|p2b: Charizard|Charizard|Charizardite Y\n|-weather|SunnyDay|[from] ability: Drought|[of] p2b: Charizard\n|move|p2a: Milotic|Protect|p2a: Milotic\n|-singleturn|p2a: Milotic|Protect\n|move|p1b: Talonflame|Acrobatics|p2a: Milotic\n|-activate|p2a: Milotic|move: Protect\n|move|p2b: Charizard|Heat Wave|p1a: Garchomp|[spread] p1a,p1b\n|-resisted|p1a: Garchomp|1\n|-resisted|p1b: Talonflame|1\n|-crit|p1b: Talonflame\n|-damage|p1a: Garchomp|42/100\n|-damage|p1b: Talonflame|13/100\n|move|p1a: Garchomp|Rock Slide|p2a: Milotic|[spread] p2b\n|-activate|p2a: Milotic|move: Protect\n|-supereffective|p2b: Charizard|2\n|-damage|p2b: Charizard|3/100\n|\n|-weather|SunnyDay|[upkeep]\n|-sideend|p1: Ruizpaa|move: Tailwind\n|upkeep\n|turn|7\n|inactive|Ruizpaa has 30 seconds left.\n|inactive|Future Alice haver has 30 seconds left.\n|\n|t:|1776376420\n|move|p1a: Garchomp|Protect|p1a: Garchomp\n|-singleturn|p1a: Garchomp|Protect\n|move|p2b: Charizard|Solar Beam||[still]\n|-prepare|p2b: Charizard|Solar Beam\n|-anim|p2b: Charizard|Solar Beam|p1b: Talonflame\n|-resisted|p1b: Talonflame|2\n|-damage|p1b: Talonflame|0 fnt\n|faint|p1b: Talonflame\n|move|p2a: Milotic|Ice Beam|p1a: Garchomp\n|-activate|p1a: Garchomp|move: Protect\n|\n|-weather|SunnyDay|[upkeep]\n|upkeep\n|\n|t:|1776376436\n|switch|p1b: Basculegion|Basculegion, L50, M|100/100\n|turn|8\n|\n|t:|1776376449\n|switch|p1a: Gardevoir|Gardevoir-Mega, L50, M|78/100\n|move|p2b: Charizard|Protect|p2b: Charizard\n|-singleturn|p2b: Charizard|Protect\n|move|p1b: Basculegion|Aqua Jet|p2b: Charizard\n|-activate|p2b: Charizard|move: Protect\n|move|p2a: Milotic|Icy Wind|p1a: Gardevoir|[spread] p1a,p1b\n|-resisted|p1b: Basculegion|1\n|-damage|p1a: Gardevoir|68/100\n|-damage|p1b: Basculegion|95/100\n|-unboost|p1a: Gardevoir|spe|1\n|-unboost|p1b: Basculegion|spe|1\n|\n|-weather|SunnyDay|[upkeep]\n|-sideend|p2: Future Alice haver|move: Tailwind\n|upkeep\n|turn|9\n|\n|t:|1776376468\n|switch|p2b: Garchomp|Garchomp, L50, M|100/100\n|move|p1b: Basculegion|Aqua Jet|p2b: Garchomp\n|-damage|p2b: Garchomp|87/100\n|-damage|p1b: Basculegion|83/100|[from] ability: Rough Skin|[of] p2b: Garchomp\n|move|p2a: Milotic|Ice Beam|p1a: Gardevoir\n|-damage|p1a: Gardevoir|50/100\n|move|p1a: Gardevoir|Trick Room|p1a: Gardevoir\n|-fieldstart|move: Trick Room|[of] p1a: Gardevoir\n|\n|-weather|SunnyDay|[upkeep]\n|upkeep\n|turn|10\n|\n|t:|1776376484\n|move|p1b: Basculegion|Last Respects|p2b: Garchomp\n|-damage|p2b: Garchomp|24/100\n|move|p1a: Gardevoir|Hyper Voice|p2a: Milotic|[spread] p2a,p2b\n|-supereffective|p2b: Garchomp|1\n|-damage|p2a: Milotic|0 fnt\n|-damage|p2b: Garchomp|0 fnt\n|faint|p2a: Milotic\n|faint|p2b: Garchomp\n|\n|-weather|none\n|upkeep\n|\n|t:|1776376490\n|switch|p2b: Charizard|Charizard-Mega-Y, L50, M|3/100\n|-weather|SunnyDay|[from] ability: Drought|[of] p2b: Charizard\n|turn|11\n|-message|Future Alice haver forfeited.\n|\n|win|Ruizpaa\n|raw|Ruizpaa's rating: 1153 &rarr; <strong>1185</strong><br />(+32 for winning)\n|raw|Future Alice haver's rating: 1251 &rarr; <strong>1219</strong><br />(-32 for losing)\n",
  "uploadtime": 1776376496,
  "views": 26,
  "formatid": "gen9championsvgc2026regma",
  "rating": 1185,
  "private": 0,
  "password": null
}