{
  "id": "gen9championsvgc2026regma-2583328534",
  "format": "[Gen 9 Champions] VGC 2026 Reg M-A",
  "players": [
    "NathanaelW19",
    "Alissaorsmth"
  ],
  "log": "|j|\u2606NathanaelW19\n|j|\u2606Alissaorsmth\n|t:|1776167338\n|gametype|doubles\n|player|p1|NathanaelW19|dragontamer|1187\n|player|p2|Alissaorsmth|cynthia-gen4|1135\n|gen|9\n|tier|[Gen 9 Champions] VGC 2026 Reg M-A\n|rated|\n|rule|Species Clause: Limit one of each Pok\u00e9mon\n|rule|Item Clause: Limit 1 of each item\n|clearpoke\n|poke|p1|Excadrill, L50, F|\n|poke|p1|Tyranitar, L50, F|\n|poke|p1|Scizor, L50, F|\n|poke|p1|Kommo-o, L50, M|\n|poke|p1|Aerodactyl, L50, F|\n|poke|p1|Meganium, L50, F|\n|poke|p2|Floette-Eternal, L50, F|\n|poke|p2|Maushold-Four, L50|\n|poke|p2|Garchomp, L50, F|\n|poke|p2|Talonflame, L50, M|\n|poke|p2|Aegislash, L50, F|\n|poke|p2|Rotom-Wash, L50|\n|teampreview|4\n|inactive|Battle timer is ON: inactive players will automatically lose when time's up. (requested by NathanaelW19)\n|\n|t:|1776167357\n|teamsize|p1|4\n|teamsize|p2|4\n|start\n|switch|p1a: Tyranitar|Tyranitar, L50, F, shiny|100/100\n|switch|p1b: Excadrill|Excadrill, L50, F, shiny|100/100\n|switch|p2a: Garchomp|Garchomp, L50, F|100/100\n|switch|p2b: Talonflame|Talonflame, L50, M|100/100\n|-ability|p1b: Excadrill|Mold Breaker\n|-weather|Sandstorm|[from] ability: Sand Stream|[of] p1a: Tyranitar\n|turn|1\n|\n|t:|1776167375\n|switch|p1b: Aerodactyl|Aerodactyl, L50, F|100/100\n|-ability|p1b: Aerodactyl|Unnerve\n|detailschange|p1a: Tyranitar|Tyranitar-Mega, L50, F, shiny\n|-mega|p1a: Tyranitar|Tyranitar|Tyranitarite\n|move|p2b: Talonflame|Tailwind|p2b: Talonflame\n|-sidestart|p2: Alissaorsmth|move: Tailwind\n|move|p2a: Garchomp|Earthquake|p1b: Aerodactyl|[spread] p1a\n|-immune|p2b: Talonflame\n|-immune|p1b: Aerodactyl\n|-supereffective|p1a: Tyranitar|1\n|-damage|p1a: Tyranitar|23/100\n|move|p1a: Tyranitar|Rock Slide|p2b: Talonflame|[spread] p2a,p2b\n|-resisted|p2a: Garchomp|1\n|-supereffective|p2b: Talonflame|2\n|-crit|p2b: Talonflame\n|-damage|p2a: Garchomp|81/100\n|-damage|p2b: Talonflame|0 fnt\n|faint|p2b: Talonflame\n|\n|-weather|Sandstorm|[upkeep]\n|upkeep\n|\n|t:|1776167393\n|switch|p2b: Rotom|Rotom-Wash, L50|100/100\n|turn|2\n|\n|t:|1776167414\n|move|p1a: Tyranitar|Protect|p1a: Tyranitar\n|-singleturn|p1a: Tyranitar|Protect\n|move|p2a: Garchomp|Stomping Tantrum|p1a: Tyranitar\n|-activate|p1a: Tyranitar|move: Protect\n|move|p2b: Rotom|Reflect|p2b: Rotom\n|-sidestart|p2: Alissaorsmth|Reflect\n|move|p1b: Aerodactyl|Tailwind|p1b: Aerodactyl\n|-sidestart|p1: NathanaelW19|move: Tailwind\n|\n|-weather|Sandstorm|[upkeep]\n|-damage|p2b: Rotom|95/100|[from] Sandstorm\n|upkeep\n|turn|3\n|j| future wolfey 28\n|\n|t:|1776167428\n|move|p1b: Aerodactyl|Dual Wingbeat|p2a: Garchomp\n|-damage|p2a: Garchomp|69/100\n|-damage|p1b: Aerodactyl|88/100|[from] ability: Rough Skin|[of] p2a: Garchomp\n|-damage|p2a: Garchomp|57/100\n|-damage|p1b: Aerodactyl|76/100|[from] ability: Rough Skin|[of] p2a: Garchomp\n|-hitcount|p2a: Garchomp|2\n|move|p2a: Garchomp|Stomping Tantrum|p1a: Tyranitar\n|-supereffective|p1a: Tyranitar|1\n|-damage|p1a: Tyranitar|0 fnt\n|faint|p1a: Tyranitar\n|move|p2b: Rotom|Volt Switch|p1b: Aerodactyl\n|-supereffective|p1b: Aerodactyl|1\n|-damage|p1b: Aerodactyl|11/100\n|l| future wolfey 28\n|\n|t:|1776167443\n|switch|p2b: Floette|Floette-Eternal, L50, F|100/100|[from] Volt Switch\n|\n|-weather|Sandstorm|[upkeep]\n|-damage|p2b: Floette|94/100|[from] Sandstorm\n|upkeep\n|j| future wolfey 28\n|\n|t:|1776167445\n|switch|p1a: Scizor|Scizor, L50, F, shiny|100/100\n|turn|4\n|\n|t:|1776167465\n|switch|p2b: Rotom|Rotom-Wash, L50|95/100\n|move|p1b: Aerodactyl|Rock Slide|p2a: Garchomp|[spread] p2b\n|-miss|p1b: Aerodactyl|p2a: Garchomp\n|-damage|p2b: Rotom|76/100\n|move|p2a: Garchomp|Stomping Tantrum|p1a: Scizor\n|-damage|p1a: Scizor|49/100\n|move|p1a: Scizor|Swords Dance|p1a: Scizor\n|-boost|p1a: Scizor|atk|2\n|\n|-weather|Sandstorm|[upkeep]\n|-damage|p2b: Rotom|70/100|[from] Sandstorm\n|-sideend|p2: Alissaorsmth|move: Tailwind\n|upkeep\n|turn|5\n|inactive|Alissaorsmth has 30 seconds left.\n|inactive|NathanaelW19 has 30 seconds left.\n|\n|t:|1776167502\n|move|p2a: Garchomp|Protect|p2a: Garchomp\n|-singleturn|p2a: Garchomp|Protect\n|move|p1b: Aerodactyl|Dual Wingbeat|p2a: Garchomp\n|-activate|p2a: Garchomp|move: Protect\n|move|p1a: Scizor|Bug Bite|p2b: Rotom\n|-damage|p2b: Rotom|0 fnt\n|-enditem|p2b: Rotom|Sitrus Berry|[from] stealeat|[move] Bug Bite|[of] p1a: Scizor\n|-heal|p1a: Scizor|74/100|[from] item: Sitrus Berry\n|faint|p2b: Rotom\n|\n|-weather|none\n|-sideend|p1: NathanaelW19|move: Tailwind\n|upkeep\n|\n|t:|1776167513\n|switch|p2b: Floette|Floette-Eternal, L50, F|94/100\n|turn|6\n|c|\u2606NathanaelW19|The call\n|\n|t:|1776167528\n|detailschange|p2b: Floette|Floette-Mega, L50, F\n|-mega|p2b: Floette|Floette|Floettite\n|-ability|p2b: Floette|Fairy Aura\n|move|p2b: Floette|Protect|p2b: Floette\n|-singleturn|p2b: Floette|Protect\n|move|p1a: Scizor|Protect|p1a: Scizor\n|-singleturn|p1a: Scizor|Protect\n|move|p1b: Aerodactyl|Rock Slide|p2a: Garchomp|[spread] p2a\n|-activate|p2b: Floette|move: Protect\n|-resisted|p2a: Garchomp|1\n|-damage|p2a: Garchomp|49/100\n|cant|p2a: Garchomp|flinch\n|\n|-sideend|p2: Alissaorsmth|Reflect\n|upkeep\n|turn|7\n|\n|t:|1776167549\n|move|p1a: Scizor|Bullet Punch|p2b: Floette\n|-supereffective|p2b: Floette|1\n|-damage|p2b: Floette|0 fnt\n|faint|p2b: Floette\n|move|p1b: Aerodactyl|Rock Slide|p2a: Garchomp\n|-resisted|p2a: Garchomp|1\n|-damage|p2a: Garchomp|31/100\n|move|p2a: Garchomp|Stomping Tantrum|p1a: Scizor\n|-damage|p1a: Scizor|0 fnt\n|faint|p1a: Scizor\n|\n|upkeep\n|\n|t:|1776167558\n|switch|p1a: Excadrill|Excadrill, L50, F, shiny|100/100\n|-ability|p1a: Excadrill|Mold Breaker\n|turn|8\n|\n|t:|1776167569\n|move|p1a: Excadrill|High Horsepower|p2a: Garchomp\n|-damage|p2a: Garchomp|0 fnt\n|-damage|p1a: Excadrill|88/100|[from] ability: Rough Skin|[of] p2a: Garchomp\n|faint|p2a: Garchomp\n|\n|win|NathanaelW19\n|raw|NathanaelW19's rating: 1187 &rarr; <strong>1208</strong><br />(+21 for winning)\n|raw|Alissaorsmth's rating: 1135 &rarr; <strong>1114</strong><br />(-21 for losing)\n|c|\u2606Alissaorsmth|gg\n|c|\u2606NathanaelW19|Ggs\n",
  "uploadtime": 1776167574,
  "views": 16,
  "formatid": "gen9championsvgc2026regma",
  "rating": 1114,
  "private": 0,
  "password": null
}