{
  "id": "gen9championsvgc2026regma-2581639987",
  "format": "[Gen 9 Champions] VGC 2026 Reg M-A",
  "players": [
    "sparkelzlol",
    "wild viybres"
  ],
  "log": "|j|\u2606sparkelzlol\n|j|\u2606wild viybres\n|t:|1776017185\n|gametype|doubles\n|player|p1|sparkelzlol|riley|1208\n|player|p2|wild viybres|roxanne|1138\n|gen|9\n|tier|[Gen 9 Champions] VGC 2026 Reg M-A\n|rated|\n|rule|Species Clause: Limit one of each Pok\u00e9mon\n|rule|Item Clause: Limit 1 of each item\n|clearpoke\n|poke|p1|Kingambit, L50, M|\n|poke|p1|Charizard, L50, M|\n|poke|p1|Venusaur, L50, F|\n|poke|p1|Incineroar, L50, M|\n|poke|p1|Garchomp, L50, F|\n|poke|p1|Gyarados, L50, F|\n|poke|p2|Crabominable, L50, M|\n|poke|p2|Sneasler, L50, F|\n|poke|p2|Gallade, L50, M|\n|poke|p2|Tauros-Paldea-Aqua, L50, M|\n|poke|p2|Delphox, L50, F|\n|poke|p2|Ninetales-Alola, L50, F|\n|teampreview|4\n|inactive|Battle timer is ON: inactive players will automatically lose when time's up. (requested by sparkelzlol)\n|inactive|sparkelzlol has 60 seconds left.\n|inactive|wild viybres has 60 seconds left.\n|\n|t:|1776017218\n|teamsize|p1|4\n|teamsize|p2|4\n|start\n|switch|p1a: Gyarados|Gyarados, L50, F|100/100\n|switch|p1b: Garchomp|Garchomp, L50, F|100/100\n|switch|p2a: Gallade|Gallade, L50, M|100/100\n|switch|p2b: Crabominable|Crabominable, L50, M|100/100\n|-ability|p1a: Gyarados|Intimidate|boost\n|-unboost|p2a: Gallade|atk|1\n|-fail|p2b: Crabominable|unboost|Attack|[from] ability: Hyper Cutter|[of] p2b: Crabominable\n|turn|1\n|\n|t:|1776017241\n|move|p2b: Crabominable|Protect|p2b: Crabominable\n|-singleturn|p2b: Crabominable|Protect\n|move|p1b: Garchomp|Earthquake|p2b: Crabominable|[spread] p2a\n|-activate|p2b: Crabominable|move: Protect\n|-immune|p1a: Gyarados\n|-damage|p2a: Gallade|47/100\n|move|p1a: Gyarados|Thunder Wave|p2a: Gallade\n|-status|p2a: Gallade|par\n|cant|p2a: Gallade|par\n|\n|upkeep\n|turn|2\n|inactive|wild viybres has 30 seconds left.\n|\n|t:|1776017268\n|detailschange|p2b: Crabominable|Crabominable-Mega, L50, M\n|-mega|p2b: Crabominable|Crabominable|Crabominite\n|cant|p2a: Gallade|par\n|move|p1b: Garchomp|Earthquake|p2b: Crabominable|[spread] p2a,p2b\n|-immune|p1a: Gyarados\n|-damage|p2a: Gallade|0 fnt\n|-damage|p2b: Crabominable|68/100\n|faint|p2a: Gallade\n|move|p1a: Gyarados|Thunder Wave|p2b: Crabominable\n|-status|p2b: Crabominable|par\n|move|p2b: Crabominable|Ice Hammer|p1b: Garchomp|[miss]\n|-miss|p2b: Crabominable|p1b: Garchomp\n|\n|upkeep\n|c|\u2606sparkelzlol|HAHA NO WAY\n|\n|t:|1776017282\n|switch|p2a: Adult Woman|Sneasler, L50, F|100/100\n|turn|3\n|\n|t:|1776017295\n|move|p2a: Adult Woman|Fake Out|p1b: Garchomp\n|-damage|p1b: Garchomp|87/100\n|-damage|p2a: Adult Woman|88/100|[from] ability: Rough Skin|[of] p1b: Garchomp\n|cant|p1b: Garchomp|flinch\n|move|p1a: Gyarados|Thunder Wave|p2a: Adult Woman\n|-status|p2a: Adult Woman|par\n|cant|p2b: Crabominable|par\n|\n|upkeep\n|turn|4\n|c|\u2606sparkelzlol|NO WAY\n|inactive|wild viybres has 30 seconds left.\n|\n|t:|1776017321\n|move|p1b: Garchomp|Earthquake|p2a: Adult Woman|[spread] p2a,p2b\n|-immune|p1a: Gyarados\n|-supereffective|p2a: Adult Woman|1\n|-damage|p2a: Adult Woman|0 fnt\n|-damage|p2b: Crabominable|40/100 par\n|faint|p2a: Adult Woman\n|move|p1a: Gyarados|Waterfall|p2b: Crabominable\n|-damage|p2b: Crabominable|16/100 par\n|move|p2b: Crabominable|Ice Hammer|p1b: Garchomp\n|-supereffective|p1b: Garchomp|2\n|-damage|p1b: Garchomp|0 fnt\n|-unboost|p2b: Crabominable|spe|1\n|-damage|p2b: Crabominable|3/100 par|[from] ability: Rough Skin|[of] p1b: Garchomp\n|faint|p1b: Garchomp\n|\n|upkeep\n|\n|t:|1776017334\n|switch|p2a: Ninetales|Ninetales-Alola, L50, F|100/100\n|switch|p1b: Charizard|Charizard, L50, M|100/100\n|-weather|Snowscape|[from] ability: Snow Warning|[of] p2a: Ninetales\n|turn|5\n|\n|t:|1776017353\n|detailschange|p1b: Charizard|Charizard-Mega-Y, L50, M\n|-mega|p1b: Charizard|Charizard|Charizardite Y\n|-weather|SunnyDay|[from] ability: Drought|[of] p1b: Charizard\n|move|p2b: Crabominable|Protect|p2b: Crabominable\n|-singleturn|p2b: Crabominable|Protect\n|move|p2a: Ninetales|Blizzard|p1b: Charizard|[spread] p1a\n|-miss|p2a: Ninetales|p1b: Charizard\n|-damage|p1a: Gyarados|70/100\n|move|p1b: Charizard|Heat Wave|p2b: Crabominable|[spread] p2a\n|-activate|p2b: Crabominable|move: Protect\n|-supereffective|p2a: Ninetales|1\n|-damage|p2a: Ninetales|0 fnt\n|faint|p2a: Ninetales\n|cant|p1a: Gyarados|flinch\n|\n|-weather|SunnyDay|[upkeep]\n|upkeep\n|turn|6\n|\n|t:|1776017369\n|move|p2b: Crabominable|Mach Punch|p1a: Gyarados\n|-resisted|p1a: Gyarados|1\n|-damage|p1a: Gyarados|56/100\n|move|p1b: Charizard|Weather Ball|p2b: Crabominable\n|-supereffective|p2b: Crabominable|1\n|-damage|p2b: Crabominable|0 fnt\n|faint|p2b: Crabominable\n|\n|win|sparkelzlol\n|raw|sparkelzlol's rating: 1208 &rarr; <strong>1228</strong><br />(+20 for winning)\n|raw|wild viybres's rating: 1138 &rarr; <strong>1118</strong><br />(-20 for losing)\n",
  "uploadtime": 1776017375,
  "views": 38,
  "formatid": "gen9championsvgc2026regma",
  "rating": 1118,
  "private": 0,
  "password": null
}