{
  "id": "gen9championsvgc2026regma-2581682006",
  "format": "[Gen 9 Champions] VGC 2026 Reg M-A",
  "players": [
    "pee1",
    "Troyster56"
  ],
  "log": "|j|\u2606pee1\n|j|\u2606Troyster56\n|t:|1776020335\n|gametype|doubles\n|player|p1|pee1|2|1056\n|player|p2|Troyster56|101|1097\n|gen|9\n|tier|[Gen 9 Champions] VGC 2026 Reg M-A\n|rated|\n|rule|Species Clause: Limit one of each Pok\u00e9mon\n|rule|Item Clause: Limit 1 of each item\n|clearpoke\n|poke|p1|Gengar, L50, F|\n|poke|p1|Vivillon-Icy Snow, L50, M|\n|poke|p1|Palafin, L50, M|\n|poke|p1|Kommo-o, L50, M|\n|poke|p1|Incineroar, L50, F|\n|poke|p1|Politoed, L50, F|\n|poke|p2|Floette-Eternal, L50, F|\n|poke|p2|Garchomp, L50, F|\n|poke|p2|Rotom-Wash, L50|\n|poke|p2|Talonflame, L50, M|\n|poke|p2|Aegislash, L50, F|\n|poke|p2|Maushold, L50|\n|teampreview|4\n|inactive|Battle timer is ON: inactive players will automatically lose when time's up. (requested by Troyster56)\n|\n|t:|1776020388\n|teamsize|p1|4\n|teamsize|p2|4\n|start\n|switch|p1a: Vivillon|Vivillon-Icy Snow, L50, M|100/100\n|switch|p1b: Politoed|Politoed, L50, F, shiny|100/100\n|switch|p2a: Aegislash|Aegislash, L50, F, shiny|100/100\n|switch|p2b: Garchomp|Garchomp, L50, F|100/100\n|-weather|RainDance|[from] ability: Drizzle|[of] p1b: Politoed\n|turn|1\n|\n|t:|1776020409\n|move|p2b: Garchomp|Stone Edge|p1a: Vivillon\n|-supereffective|p1a: Vivillon|2\n|-enditem|p1a: Vivillon|Focus Sash\n|-damage|p1a: Vivillon|1/100\n|move|p1a: Vivillon|Sleep Powder|p2b: Garchomp\n|-status|p2b: Garchomp|slp|[from] move: Sleep Powder\n|move|p1b: Politoed|Perish Song|p1b: Politoed\n|-start|p1a: Vivillon|perish3|[silent]\n|-start|p1b: Politoed|perish3|[silent]\n|-start|p2a: Aegislash|perish3|[silent]\n|-start|p2b: Garchomp|perish3|[silent]\n|-fieldactivate|move: Perish Song\n|-formechange|p2a: Aegislash|Aegislash-Blade|\n|move|p2a: Aegislash|Poltergeist|p1b: Politoed\n|-activate|p1b: Politoed|move: Poltergeist|Sitrus Berry\n|-damage|p1b: Politoed|36/100\n|-enditem|p1b: Politoed|Sitrus Berry|[eat]\n|-heal|p1b: Politoed|61/100|[from] item: Sitrus Berry\n|\n|-weather|RainDance|[upkeep]\n|-start|p2b: Garchomp|perish3\n|-start|p1a: Vivillon|perish3\n|-start|p1b: Politoed|perish3\n|-start|p2a: Aegislash|perish3\n|upkeep\n|turn|2\n|inactive|pee1 has 30 seconds left.\n|inactive|Troyster56 has 30 seconds left.\n|\n|t:|1776020443\n|switch|p1a: Incineroar|Incineroar, L50, F, shiny|100/100\n|-ability|p1a: Incineroar|Intimidate|boost\n|-unboost|p2a: Aegislash|atk|1\n|-unboost|p2b: Garchomp|atk|1\n|switch|p2a: Floette|Floette-Eternal, L50, F|100/100\n|cant|p2b: Garchomp|slp\n|move|p1b: Politoed|Weather Ball|p2b: Garchomp\n|-damage|p2b: Garchomp|43/100 slp\n|\n|-weather|RainDance|[upkeep]\n|-start|p2b: Garchomp|perish2\n|-start|p1b: Politoed|perish2\n|upkeep\n|turn|3\n|inactive|pee1 has 30 seconds left.\n|\n|t:|1776020472\n|detailschange|p2a: Floette|Floette-Mega, L50, F\n|-mega|p2a: Floette|Floette|Floettite\n|-ability|p2a: Floette|Fairy Aura\n|cant|p2b: Garchomp|slp\n|move|p2a: Floette|Calm Mind|p2a: Floette\n|-boost|p2a: Floette|spa|1\n|-boost|p2a: Floette|spd|1\n|move|p1a: Incineroar|Parting Shot|p2b: Garchomp\n|-unboost|p2b: Garchomp|atk|1\n|-unboost|p2b: Garchomp|spa|1\n|\n|t:|1776020484\n|switch|p1a: Gengar|Gengar, L50, F, shiny|100/100|[from] Parting Shot\n|move|p1b: Politoed|Weather Ball|p2b: Garchomp\n|-crit|p2b: Garchomp\n|-damage|p2b: Garchomp|0 fnt\n|faint|p2b: Garchomp\n|\n|-weather|RainDance|[upkeep]\n|-start|p1b: Politoed|perish1\n|upkeep\n|\n|t:|1776020489\n|switch|p2b: Aegislash|Aegislash, L50, F, shiny|100/100\n|turn|4\n|\n|t:|1776020500\n|switch|p1b: Incineroar|Incineroar, L50, F, shiny|100/100\n|-ability|p1b: Incineroar|Intimidate|boost\n|-unboost|p2a: Floette|atk|1\n|-unboost|p2b: Aegislash|atk|1\n|detailschange|p1a: Gengar|Gengar-Mega, L50, F, shiny\n|-mega|p1a: Gengar|Gengar|Gengarite\n|move|p1a: Gengar|Protect|p1a: Gengar\n|-singleturn|p1a: Gengar|Protect\n|move|p2a: Floette|Protect|p2a: Floette\n|-singleturn|p2a: Floette|Protect\n|-formechange|p2b: Aegislash|Aegislash-Blade|\n|move|p2b: Aegislash|Poltergeist|p1a: Gengar\n|-activate|p1a: Gengar|move: Protect\n|\n|-weather|RainDance|[upkeep]\n|upkeep\n|turn|5\n|\n|t:|1776020521\n|move|p1b: Incineroar|Fake Out|p2a: Floette\n|-damage|p2a: Floette|89/100\n|move|p1a: Gengar|Perish Song|p1a: Gengar\n|-start|p1a: Gengar|perish3|[silent]\n|-start|p1b: Incineroar|perish3|[silent]\n|-start|p2a: Floette|perish3|[silent]\n|-start|p2b: Aegislash|perish3|[silent]\n|-fieldactivate|move: Perish Song\n|cant|p2a: Floette|flinch\n|move|p2b: Aegislash|Poltergeist|p1a: Gengar\n|-activate|p1a: Gengar|move: Poltergeist|Gengarite\n|-supereffective|p1a: Gengar|1\n|-damage|p1a: Gengar|0 fnt\n|faint|p1a: Gengar\n|\n|-weather|none\n|-start|p2a: Floette|perish3\n|-start|p1b: Incineroar|perish3\n|-start|p2b: Aegislash|perish3\n|upkeep\n|inactive|pee1 has 30 seconds left.\n|\n|t:|1776020548\n|switch|p1a: Vivillon|Vivillon-Icy Snow, L50, M|1/100\n|turn|6\n|\n|t:|1776020554\n|switch|p2b: Maushold|Maushold, L50|100/100\n|move|p1a: Vivillon|Sleep Powder|p2a: Floette\n|-status|p2a: Floette|slp|[from] move: Sleep Powder\n|cant|p2a: Floette|slp\n|move|p1b: Incineroar|Throat Chop|p2b: Maushold\n|-damage|p2b: Maushold|57/100\n|-start|p2b: Maushold|Throat Chop|[silent]\n|\n|-start|p2a: Floette|perish2\n|-start|p1b: Incineroar|perish2\n|upkeep\n|turn|7\n|\n|t:|1776020575\n|switch|p2a: Aegislash|Aegislash, L50, F, shiny|100/100\n|move|p2b: Maushold|Taunt|p1a: Vivillon\n|-start|p1a: Vivillon|move: Taunt\n|cant|p1a: Vivillon|move: Taunt|Sleep Powder\n|move|p1b: Incineroar|Parting Shot|p2a: Aegislash\n|-unboost|p2a: Aegislash|atk|1\n|-unboost|p2a: Aegislash|spa|1\n|\n|t:|1776020580\n|switch|p1b: Politoed|Politoed, L50, F, shiny|61/100|[from] Parting Shot\n|-weather|RainDance|[from] ability: Drizzle|[of] p1b: Politoed\n|\n|-weather|RainDance|[upkeep]\n|-end|p2b: Maushold|Throat Chop|[silent]\n|upkeep\n|turn|8\n|\n|t:|1776020595\n|switch|p2b: Floette|Floette-Mega, L50, F|89/100 slp\n|-ability|p2b: Floette|Fairy Aura\n|move|p1a: Vivillon|Hurricane|p2b: Floette\n|-damage|p2b: Floette|57/100 slp\n|move|p1b: Politoed|Perish Song|p1b: Politoed\n|-start|p1a: Vivillon|perish3|[silent]\n|-start|p1b: Politoed|perish3|[silent]\n|-start|p2a: Aegislash|perish3|[silent]\n|-start|p2b: Floette|perish3|[silent]\n|-fieldactivate|move: Perish Song\n|-formechange|p2a: Aegislash|Aegislash-Blade|\n|move|p2a: Aegislash|Poltergeist||[still]\n|-fail|p2a: Aegislash\n|\n|-weather|RainDance|[upkeep]\n|-start|p1a: Vivillon|perish3\n|-start|p2b: Floette|perish3\n|-start|p1b: Politoed|perish3\n|-start|p2a: Aegislash|perish3\n|upkeep\n|turn|9\n|\n|t:|1776020613\n|move|p1a: Vivillon|Hurricane|p2b: Floette\n|-damage|p2b: Floette|24/100 slp\n|-curestatus|p2b: Floette|slp|[msg]\n|move|p2b: Floette|Dazzling Gleam|p1a: Vivillon|[spread] p1a,p1b\n|-damage|p1a: Vivillon|0 fnt\n|-damage|p1b: Politoed|21/100\n|faint|p1a: Vivillon\n|move|p1b: Politoed|Weather Ball|p2b: Floette\n|-damage|p2b: Floette|0 fnt\n|faint|p2b: Floette\n|move|p2a: Aegislash|Poltergeist||[still]\n|-fail|p2a: Aegislash\n|\n|-weather|RainDance|[upkeep]\n|-start|p1b: Politoed|perish2\n|-start|p2a: Aegislash|perish2\n|upkeep\n|\n|t:|1776020625\n|switch|p1a: Incineroar|Incineroar, L50, F, shiny|100/100\n|switch|p2b: Maushold|Maushold, L50|57/100\n|-ability|p1a: Incineroar|Intimidate|boost\n|-unboost|p2a: Aegislash|atk|1\n|-unboost|p2b: Maushold|atk|1\n|turn|10\n|\n|t:|1776020637\n|move|p1a: Incineroar|Fake Out|p2b: Maushold\n|-damage|p2b: Maushold|44/100\n|cant|p2b: Maushold|flinch\n|move|p1b: Politoed|Encore|p2a: Aegislash\n|-start|p2a: Aegislash|Encore\n|move|p2a: Aegislash|Poltergeist|p1a: Incineroar\n|-activate|p1a: Incineroar|move: Poltergeist|Shuca Berry\n|-resisted|p1a: Incineroar|1\n|-damage|p1a: Incineroar|83/100\n|\n|-weather|RainDance|[upkeep]\n|-start|p1b: Politoed|perish1\n|-start|p2a: Aegislash|perish1\n|upkeep\n|turn|11\n|\n|t:|1776020653\n|move|p2b: Maushold|Super Fang|p1a: Incineroar\n|-damage|p1a: Incineroar|42/100\n|move|p1a: Incineroar|Throat Chop|p2b: Maushold\n|-crit|p2b: Maushold\n|-damage|p2b: Maushold|0 fnt\n|faint|p2b: Maushold\n|move|p1b: Politoed|Weather Ball|p2a: Aegislash\n|-damage|p2a: Aegislash|5/100\n|move|p2a: Aegislash|Poltergeist|p1a: Incineroar\n|-activate|p1a: Incineroar|move: Poltergeist|Shuca Berry\n|-resisted|p1a: Incineroar|1\n|-damage|p1a: Incineroar|26/100\n|\n|-weather|none\n|-start|p1b: Politoed|perish0\n|-start|p2a: Aegislash|perish0\n|upkeep\n|faint|p1b: Politoed\n|faint|p2a: Aegislash\n|\n|win|pee1\n|raw|pee1's rating: 1056 &rarr; <strong>1091</strong><br />(+35 for winning)\n|raw|Troyster56's rating: 1097 &rarr; <strong>1070</strong><br />(-27 for losing)\n|l|\u2606Troyster56\n|player|p2|\n",
  "uploadtime": 1776020668,
  "views": 14,
  "formatid": "gen9championsvgc2026regma",
  "rating": 1070,
  "private": 0,
  "password": null
}