{
  "id": "gen9championsvgc2026regma-2585906639",
  "format": "[Gen 9 Champions] VGC 2026 Reg M-A",
  "players": [
    "gteqwgtads",
    "Arkiel1223"
  ],
  "log": "|j|\u2606gteqwgtads\n|j|\u2606Arkiel1223\n|t:|1776380285\n|gametype|doubles\n|player|p1|gteqwgtads|hilbert-wonderlauncher|1075\n|player|p2|Arkiel1223|giovanni|1049\n|gen|9\n|tier|[Gen 9 Champions] VGC 2026 Reg M-A\n|rated|\n|rule|Species Clause: Limit one of each Pok\u00e9mon\n|rule|Item Clause: Limit 1 of each item\n|clearpoke\n|poke|p1|Tyranitar, L50, F|\n|poke|p1|Garchomp, L50, F|\n|poke|p1|Sinistcha, L50|\n|poke|p1|Incineroar, L50, F|\n|poke|p1|Corviknight, L50, M|\n|poke|p1|Greninja-*, L50, M|\n|poke|p2|Crabominable, L50, M|\n|poke|p2|Slowking-Galar, L50, M|\n|poke|p2|Farigiraf, L50, M|\n|poke|p2|Cofagrigus, L50, F|\n|poke|p2|Kingambit, L50, M|\n|poke|p2|Glaceon, L50, F|\n|teampreview|4\n|inactive|Battle timer is ON: inactive players will automatically lose when time's up. (requested by Arkiel1223)\n|\n|t:|1776380314\n|teamsize|p1|4\n|teamsize|p2|4\n|start\n|switch|p1a: Incineroar|Incineroar, L50, F|100/100\n|switch|p1b: Sinistcha|Sinistcha, L50|100/100\n|switch|p2a: Crabominable|Crabominable, L50, M|100/100\n|switch|p2b: Slowking|Slowking-Galar, L50, M|100/100\n|-ability|p1a: Incineroar|Intimidate|boost\n|-fail|p2a: Crabominable|unboost|Attack|[from] ability: Hyper Cutter|[of] p2a: Crabominable\n|-unboost|p2b: Slowking|atk|1\n|turn|1\n|\n|t:|1776380329\n|move|p1b: Sinistcha|Protect|p1b: Sinistcha\n|-singleturn|p1b: Sinistcha|Protect\n|move|p2a: Crabominable|Protect|p2a: Crabominable\n|-singleturn|p2a: Crabominable|Protect\n|move|p1a: Incineroar|Fake Out|p2a: Crabominable\n|-activate|p2a: Crabominable|move: Protect\n|move|p2b: Slowking|Trick Room|p2b: Slowking\n|-fieldstart|move: Trick Room|[of] p2b: Slowking\n|\n|upkeep\n|turn|2\n|inactive|Arkiel1223 has 30 seconds left.\n|inactive|Arkiel1223 has 20 seconds left.\n|\n|t:|1776380369\n|detailschange|p2a: Crabominable|Crabominable-Mega, L50, M\n|-mega|p2a: Crabominable|Crabominable|Crabominite\n|move|p1b: Sinistcha|Rage Powder|p1b: Sinistcha\n|-singleturn|p1b: Sinistcha|move: Rage Powder\n|-prepare|p2b: Slowking|Chilly Reception|[premajor]\n|move|p2b: Slowking|Chilly Reception|p2b: Slowking\n|-weather|Snowscape\n|\n|t:|1776380381\n|switch|p2b: Cofagrigus|Cofagrigus, L50, F|100/100|[from] Chilly Reception\n|move|p2a: Crabominable|Rock Slide|p1a: Incineroar|[spread] p1a,p1b\n|-supereffective|p1a: Incineroar|1\n|-damage|p1a: Incineroar|53/100\n|-damage|p1b: Sinistcha|79/100\n|move|p1a: Incineroar|Flare Blitz|p2a: Crabominable\n|-supereffective|p2a: Crabominable|1\n|-damage|p2a: Crabominable|30/100\n|-damage|p1a: Incineroar|32/100|[from] Recoil\n|-enditem|p1a: Incineroar|Sitrus Berry|[eat]\n|-heal|p1a: Incineroar|57/100|[from] item: Sitrus Berry\n|\n|-weather|Snowscape|[upkeep]\n|-heal|p1b: Sinistcha|86/100|[from] item: Leftovers\n|upkeep\n|turn|3\n|inactive|gteqwgtads has 30 seconds left.\n|\n|t:|1776380415\n|move|p2b: Cofagrigus|Body Press|p1a: Incineroar\n|-supereffective|p1a: Incineroar|1\n|-damage|p1a: Incineroar|0 fnt\n|faint|p1a: Incineroar\n|move|p2a: Crabominable|Rock Slide|p1b: Sinistcha\n|-damage|p1b: Sinistcha|58/100\n|cant|p1b: Sinistcha|flinch\n|\n|-weather|Snowscape|[upkeep]\n|-heal|p1b: Sinistcha|64/100|[from] item: Leftovers\n|upkeep\n|\n|t:|1776380425\n|switch|p1a: Tyranitar|Tyranitar, L50, F|100/100\n|-weather|Sandstorm|[from] ability: Sand Stream|[of] p1a: Tyranitar\n|turn|4\n|\n|t:|1776380442\n|move|p2a: Crabominable|Protect|p2a: Crabominable\n|-singleturn|p2a: Crabominable|Protect\n|move|p1b: Sinistcha|Rage Powder|p1b: Sinistcha\n|-singleturn|p1b: Sinistcha|move: Rage Powder\n|move|p2b: Cofagrigus|Will-O-Wisp|p1b: Sinistcha\n|-status|p1b: Sinistcha|brn\n|move|p1a: Tyranitar|Rock Slide|p2b: Cofagrigus|[spread] p2b\n|-activate|p2a: Crabominable|move: Protect\n|-damage|p2b: Cofagrigus|74/100\n|\n|-weather|Sandstorm|[upkeep]\n|-damage|p2b: Cofagrigus|68/100|[from] Sandstorm\n|-damage|p2a: Crabominable|24/100|[from] Sandstorm\n|-damage|p1b: Sinistcha|58/100 brn|[from] Sandstorm\n|-heal|p1b: Sinistcha|64/100 brn|[from] item: Leftovers\n|-damage|p1b: Sinistcha|58/100 brn|[from] brn\n|upkeep\n|turn|5\n|\n|t:|1776380462\n|move|p1b: Sinistcha|Rage Powder|p1b: Sinistcha\n|-singleturn|p1b: Sinistcha|move: Rage Powder\n|move|p2b: Cofagrigus|Hex|p1b: Sinistcha\n|-supereffective|p1b: Sinistcha|1\n|-damage|p1b: Sinistcha|0 fnt\n|faint|p1b: Sinistcha\n|move|p2a: Crabominable|Ice Hammer|p1a: Tyranitar|[miss]\n|-miss|p2a: Crabominable|p1a: Tyranitar\n|move|p1a: Tyranitar|Dragon Dance|p1a: Tyranitar\n|-boost|p1a: Tyranitar|atk|1\n|-boost|p1a: Tyranitar|spe|1\n|\n|-weather|Sandstorm|[upkeep]\n|-damage|p2b: Cofagrigus|62/100|[from] Sandstorm\n|-damage|p2a: Crabominable|18/100|[from] Sandstorm\n|-fieldend|move: Trick Room\n|upkeep\n|\n|t:|1776380472\n|switch|p1b: Garchomp|Garchomp, L50, F|100/100\n|turn|6\n|\n|t:|1776380479\n|move|p2a: Crabominable|Protect|p2a: Crabominable\n|-singleturn|p2a: Crabominable|Protect\n|move|p1b: Garchomp|Rock Slide|p2a: Crabominable|[spread] p2b\n|-activate|p2a: Crabominable|move: Protect\n|-damage|p2b: Cofagrigus|46/100\n|move|p1a: Tyranitar|Knock Off|p2b: Cofagrigus\n|-supereffective|p2b: Cofagrigus|1\n|-enditem|p2b: Cofagrigus|Colbur Berry|[eat]\n|-enditem|p2b: Cofagrigus|Colbur Berry|[weaken]\n|-damage|p2b: Cofagrigus|0 fnt\n|-activate|p2b: Cofagrigus|ability: Mummy|p1a: Tyranitar|[ability] Sand Stream\n|faint|p2b: Cofagrigus\n|\n|-weather|Sandstorm|[upkeep]\n|-damage|p2a: Crabominable|12/100|[from] Sandstorm\n|upkeep\n|\n|t:|1776380493\n|switch|p2b: Slowking|Slowking-Galar, L50, M|100/100\n|turn|7\n|\n|t:|1776380500\n|switch|p2a: Farigiraf|Farigiraf, L50, M|100/100\n|move|p1b: Garchomp|Rock Slide|p2b: Slowking|[spread] p2b\n|-miss|p1b: Garchomp|p2a: Farigiraf\n|-damage|p2b: Slowking|83/100\n|move|p1a: Tyranitar|Knock Off|p2b: Slowking\n|-supereffective|p2b: Slowking|1\n|-crit|p2b: Slowking\n|-damage|p2b: Slowking|0 fnt\n|-enditem|p2b: Slowking|Mental Herb|[from] move: Knock Off|[of] p1a: Tyranitar\n|faint|p2b: Slowking\n|\n|-weather|Sandstorm|[upkeep]\n|-damage|p2a: Farigiraf|94/100|[from] Sandstorm\n|-heal|p2a: Farigiraf|100/100|[from] item: Leftovers\n|upkeep\n|-message|Arkiel1223 forfeited.\n|\n|win|gteqwgtads\n|raw|gteqwgtads's rating: 1075 &rarr; <strong>1102</strong><br />(+27 for winning)\n|raw|Arkiel1223's rating: 1049 &rarr; <strong>1033</strong><br />(-16 for losing)\n|l|\u2606Arkiel1223\n|player|p2|\n",
  "uploadtime": 1776380515,
  "views": 21,
  "formatid": "gen9championsvgc2026regma",
  "rating": 1033,
  "private": 0,
  "password": null
}