{
  "id": "gen9championsvgc2026regma-2586045780",
  "format": "[Gen 9 Champions] VGC 2026 Reg M-A",
  "players": [
    "Bicycle Bandy",
    "Zombologist219"
  ],
  "log": "|j|\u2606Bicycle Bandy\n|j|\u2606Zombologist219\n|t:|1776393393\n|gametype|doubles\n|player|p1|Bicycle Bandy|266|1372\n|player|p2|Zombologist219|101|1417\n|gen|9\n|tier|[Gen 9 Champions] VGC 2026 Reg M-A\n|rated|\n|rule|Species Clause: Limit one of each Pok\u00e9mon\n|rule|Item Clause: Limit 1 of each item\n|clearpoke\n|poke|p1|Meganium, L50, M|\n|poke|p1|Milotic, L50, M|\n|poke|p1|Talonflame, L50, F|\n|poke|p1|Garchomp, L50, M|\n|poke|p1|Tyranitar, L50, M|\n|poke|p1|Aegislash, L50, M|\n|poke|p2|Milotic, L50, M|\n|poke|p2|Lucario, L50, M|\n|poke|p2|Sylveon, L50, F|\n|poke|p2|Incineroar, L50, F|\n|poke|p2|Farigiraf, L50, M|\n|poke|p2|Snorlax, L50, F|\n|teampreview|4\n|inactive|Battle timer is ON: inactive players will automatically lose when time's up. (requested by Zombologist219)\n|\n|t:|1776393421\n|teamsize|p1|4\n|teamsize|p2|4\n|start\n|switch|p1a: Milotic|Milotic, L50, M|100/100\n|switch|p1b: Tyranocif|Tyranitar, L50, M|100/100\n|switch|p2a: Farigiraf|Farigiraf, L50, M|100/100\n|switch|p2b: Sylveon|Sylveon, L50, F|100/100\n|-weather|Sandstorm|[from] ability: Sand Stream|[of] p1b: Tyranocif\n|turn|1\n|\n|t:|1776393443\n|switch|p1b: Aegislash|Aegislash, L50, M|100/100\n|move|p1a: Milotic|Scald|p2b: Sylveon\n|-damage|p2b: Sylveon|78/100\n|move|p2b: Sylveon|Calm Mind|p2b: Sylveon\n|-boost|p2b: Sylveon|spa|1\n|-boost|p2b: Sylveon|spd|1\n|move|p2a: Farigiraf|Trick Room|p2a: Farigiraf\n|-fieldstart|move: Trick Room|[of] p2a: Farigiraf\n|\n|-weather|Sandstorm|[upkeep]\n|-damage|p2b: Sylveon|72/100|[from] Sandstorm\n|-damage|p2a: Farigiraf|94/100|[from] Sandstorm\n|-damage|p1a: Milotic|94/100|[from] Sandstorm\n|upkeep\n|turn|2\n|\n|t:|1776393467\n|switch|p2a: Snorlax|Snorlax, L50, F|100/100\n|move|p1b: Aegislash|Wide Guard|p1b: Aegislash\n|-singleturn|p1b: Aegislash|Wide Guard\n|move|p2b: Sylveon|Calm Mind|p2b: Sylveon\n|-boost|p2b: Sylveon|spa|1\n|-boost|p2b: Sylveon|spd|1\n|move|p1a: Milotic|Scald|p2b: Sylveon\n|-damage|p2b: Sylveon|61/100\n|\n|-weather|Sandstorm|[upkeep]\n|-damage|p2a: Snorlax|95/100|[from] Sandstorm\n|-damage|p2b: Sylveon|55/100|[from] Sandstorm\n|-damage|p1a: Milotic|88/100|[from] Sandstorm\n|-heal|p2a: Snorlax|100/100|[from] item: Leftovers\n|upkeep\n|turn|3\n|\n|t:|1776393491\n|move|p1b: Aegislash|Wide Guard|p1b: Aegislash\n|-singleturn|p1b: Aegislash|Wide Guard\n|move|p2a: Snorlax|Curse|p2a: Snorlax\n|-unboost|p2a: Snorlax|spe|1\n|-boost|p2a: Snorlax|atk|1\n|-boost|p2a: Snorlax|def|1\n|move|p2b: Sylveon|Moonblast|p1a: Milotic\n|-damage|p1a: Milotic|15/100\n|move|p1a: Milotic|Life Dew||[still]|[spread] p1a,p1b\n|-heal|p1a: Milotic|40/100\n|-fail|p1b: Aegislash|heal\n|\n|-weather|Sandstorm|[upkeep]\n|-damage|p2a: Snorlax|95/100|[from] Sandstorm\n|-damage|p2b: Sylveon|50/100|[from] Sandstorm\n|-damage|p1a: Milotic|33/100|[from] Sandstorm\n|-heal|p2a: Snorlax|100/100|[from] item: Leftovers\n|upkeep\n|turn|4\n|inactive|Bicycle Bandy has 30 seconds left.\n|inactive|Zombologist219 has 30 seconds left.\n|\n|t:|1776393527\n|move|p1a: Milotic|Protect|p1a: Milotic\n|-singleturn|p1a: Milotic|Protect\n|move|p2a: Snorlax|Substitute|p2a: Snorlax\n|-start|p2a: Snorlax|Substitute\n|-damage|p2a: Snorlax|76/100\n|move|p2b: Sylveon|Moonblast|p1a: Milotic\n|-activate|p1a: Milotic|move: Protect\n|-formechange|p1b: Aegislash|Aegislash-Blade|\n|move|p1b: Aegislash|Flash Cannon|p2b: Sylveon\n|-supereffective|p2b: Sylveon|1\n|-damage|p2b: Sylveon|17/100\n|\n|-weather|Sandstorm|[upkeep]\n|-damage|p2a: Snorlax|70/100|[from] Sandstorm\n|-damage|p2b: Sylveon|11/100|[from] Sandstorm\n|-damage|p1a: Milotic|27/100|[from] Sandstorm\n|-heal|p2a: Snorlax|76/100|[from] item: Leftovers\n|upkeep\n|turn|5\n|inactive|Bicycle Bandy has 30 seconds left.\n|inactive|Zombologist219 has 30 seconds left.\n|\n|t:|1776393561\n|-formechange|p1b: Aegislash|Aegislash|\n|move|p1b: Aegislash|King's Shield|p1b: Aegislash\n|-singleturn|p1b: Aegislash|Protect\n|move|p2a: Snorlax|Curse|p2a: Snorlax\n|-unboost|p2a: Snorlax|spe|1\n|-boost|p2a: Snorlax|atk|1\n|-boost|p2a: Snorlax|def|1\n|move|p2b: Sylveon|Moonblast|p1a: Milotic\n|-damage|p1a: Milotic|0 fnt\n|faint|p1a: Milotic\n|\n|-weather|none\n|-heal|p2a: Snorlax|82/100|[from] item: Leftovers\n|-fieldend|move: Trick Room\n|upkeep\n|\n|t:|1776393574\n|switch|p1a: Tyranocif|Tyranitar, L50, M|100/100\n|-weather|Sandstorm|[from] ability: Sand Stream|[of] p1a: Tyranocif\n|turn|6\n|\n|t:|1776393599\n|detailschange|p1a: Tyranocif|Tyranitar-Mega, L50, M\n|-mega|p1a: Tyranocif|Tyranitar|Tyranitarite\n|move|p1a: Tyranocif|Low Kick|p2a: Snorlax\n|-supereffective|p2a: Snorlax|1\n|-end|p2a: Snorlax|Substitute\n|-formechange|p1b: Aegislash|Aegislash-Blade|\n|move|p1b: Aegislash|Flash Cannon|p2b: Sylveon\n|-supereffective|p2b: Sylveon|1\n|-damage|p2b: Sylveon|0 fnt\n|faint|p2b: Sylveon\n|move|p2a: Snorlax|Crunch|p1b: Aegislash\n|-supereffective|p1b: Aegislash|1\n|-damage|p1b: Aegislash|0 fnt\n|faint|p1b: Aegislash\n|\n|-weather|Sandstorm|[upkeep]\n|-damage|p2a: Snorlax|76/100|[from] Sandstorm\n|-heal|p2a: Snorlax|82/100|[from] item: Leftovers\n|upkeep\n|\n|t:|1776393612\n|switch|p1b: Garchomp|Garchomp, L50, M, shiny|100/100\n|switch|p2b: Incineroar|Incineroar, L50, F|100/100\n|-ability|p2b: Incineroar|Intimidate|boost\n|-unboost|p1a: Tyranocif|atk|1\n|-unboost|p1b: Garchomp|atk|1\n|-enditem|p1b: Garchomp|White Herb\n|-clearnegativeboost|p1b: Garchomp|[silent]\n|turn|7\n|inactive|Bicycle Bandy has 30 seconds left.\n|\n|t:|1776393643\n|move|p2b: Incineroar|Fake Out|p1b: Garchomp\n|-damage|p1b: Garchomp|91/100\n|-damage|p2b: Incineroar|88/100|[from] ability: Rough Skin|[of] p1b: Garchomp\n|cant|p1b: Garchomp|flinch\n|move|p1a: Tyranocif|Low Kick|p2a: Snorlax\n|-supereffective|p2a: Snorlax|1\n|-damage|p2a: Snorlax|56/100\n|move|p2a: Snorlax|Double-Edge|p1b: Garchomp\n|-damage|p1b: Garchomp|0 fnt\n|-damage|p2a: Snorlax|44/100|[from] ability: Rough Skin|[of] p1b: Garchomp\n|faint|p1b: Garchomp\n|-damage|p2a: Snorlax|17/100|[from] Recoil\n|\n|-weather|Sandstorm|[upkeep]\n|-damage|p2b: Incineroar|82/100|[from] Sandstorm\n|-damage|p2a: Snorlax|11/100|[from] Sandstorm\n|-heal|p2a: Snorlax|17/100|[from] item: Leftovers\n|upkeep\n|turn|8\n|inactive|Bicycle Bandy has 30 seconds left.\n|\n|t:|1776393668\n|move|p1a: Tyranocif|Low Kick|p2a: Snorlax\n|-supereffective|p2a: Snorlax|1\n|-crit|p2a: Snorlax\n|-damage|p2a: Snorlax|0 fnt\n|faint|p2a: Snorlax\n|move|p2b: Incineroar|Parting Shot|p1a: Tyranocif\n|-unboost|p1a: Tyranocif|atk|1\n|-unboost|p1a: Tyranocif|spa|1\n|\n|t:|1776393675\n|switch|p2b: Farigiraf|Farigiraf, L50, M|94/100|[from] Parting Shot\n|\n|-weather|Sandstorm|[upkeep]\n|-damage|p2b: Farigiraf|88/100|[from] Sandstorm\n|upkeep\n|\n|t:|1776393680\n|switch|p2a: Incineroar|Incineroar, L50, F|82/100\n|-ability|p2a: Incineroar|Intimidate|boost\n|-unboost|p1a: Tyranocif|atk|1\n|turn|9\n|\n|t:|1776393689\n|move|p1a: Tyranocif|Protect|p1a: Tyranocif\n|-singleturn|p1a: Tyranocif|Protect\n|move|p2a: Incineroar|Fake Out|p1a: Tyranocif\n|-activate|p1a: Tyranocif|move: Protect\n|move|p2b: Farigiraf|Thunderbolt|p1a: Tyranocif\n|-activate|p1a: Tyranocif|move: Protect\n|\n|-weather|Sandstorm|[upkeep]\n|-damage|p2b: Farigiraf|82/100|[from] Sandstorm\n|-damage|p2a: Incineroar|76/100|[from] Sandstorm\n|upkeep\n|turn|10\n|c|\u2606Bicycle Bandy|nothing some good ol fashioned crits can't handle\n|\n|t:|1776393707\n|move|p1a: Tyranocif|Knock Off|p2b: Farigiraf\n|-supereffective|p2b: Farigiraf|1\n|-damage|p2b: Farigiraf|26/100\n|-enditem|p2b: Farigiraf|Mental Herb|[from] move: Knock Off|[of] p1a: Tyranocif\n|move|p2b: Farigiraf|Thunderbolt|p1a: Tyranocif\n|-damage|p1a: Tyranocif|86/100\n|move|p2a: Incineroar|Darkest Lariat|p1a: Tyranocif\n|-resisted|p1a: Tyranocif|1\n|-damage|p1a: Tyranocif|76/100\n|\n|-weather|none\n|upkeep\n|turn|11\n|\n|t:|1776393726\n|move|p1a: Tyranocif|Knock Off|p2b: Farigiraf\n|-supereffective|p2b: Farigiraf|1\n|-damage|p2b: Farigiraf|0 fnt\n|faint|p2b: Farigiraf\n|move|p2a: Incineroar|Darkest Lariat|p1a: Tyranocif\n|-resisted|p1a: Tyranocif|1\n|-damage|p1a: Tyranocif|67/100\n|\n|upkeep\n|turn|12\n|\n|t:|1776393744\n|move|p1a: Tyranocif|Rock Slide|p2a: Incineroar\n|-supereffective|p2a: Incineroar|1\n|-damage|p2a: Incineroar|40/100\n|-enditem|p2a: Incineroar|Sitrus Berry|[eat]\n|-heal|p2a: Incineroar|64/100|[from] item: Sitrus Berry\n|move|p2a: Incineroar|Flare Blitz|p1a: Tyranocif\n|-resisted|p1a: Tyranocif|1\n|-damage|p1a: Tyranocif|53/100\n|-damage|p2a: Incineroar|60/100|[from] Recoil\n|\n|upkeep\n|turn|13\n|inactive|Bicycle Bandy has 30 seconds left.\n|\n|t:|1776393775\n|move|p1a: Tyranocif|Low Kick|p2a: Incineroar\n|-supereffective|p2a: Incineroar|1\n|-damage|p2a: Incineroar|32/100\n|move|p2a: Incineroar|Flare Blitz|p1a: Tyranocif\n|-resisted|p1a: Tyranocif|1\n|-damage|p1a: Tyranocif|38/100\n|-damage|p2a: Incineroar|27/100|[from] Recoil\n|\n|upkeep\n|turn|14\n|\n|t:|1776393784\n|move|p1a: Tyranocif|Low Kick|p2a: Incineroar\n|-supereffective|p2a: Incineroar|1\n|-damage|p2a: Incineroar|0 fnt\n|faint|p2a: Incineroar\n|\n|win|Bicycle Bandy\n|raw|Bicycle Bandy's rating: 1372 &rarr; <strong>1395</strong><br />(+23 for winning)\n|raw|Zombologist219's rating: 1417 &rarr; <strong>1394</strong><br />(-23 for losing)\n|c|\u2606Bicycle Bandy|gg\n|l|\u2606Zombologist219\n|player|p2|\n",
  "uploadtime": 1776393802,
  "views": 45,
  "formatid": "gen9championsvgc2026regma",
  "rating": 1394,
  "private": 0,
  "password": null
}