{
  "id": "gen9championsvgc2026regma-2580662668",
  "format": "[Gen 9 Champions] VGC 2026 Reg M-A",
  "players": [
    "BomboJames",
    "shigeshigetokugawa"
  ],
  "log": "|j|\u2606BomboJames\n|j|\u2606shigeshigetokugawa\n|t:|1775922325\n|gametype|doubles\n|player|p1|BomboJames|266|1173\n|player|p2|shigeshigetokugawa|ghetsis-gen5bw|1189\n|gen|9\n|tier|[Gen 9 Champions] VGC 2026 Reg M-A\n|rated|\n|rule|Species Clause: Limit one of each Pok\u00e9mon\n|rule|Item Clause: Limit 1 of each item\n|clearpoke\n|poke|p1|Morpeko, L50, M|\n|poke|p1|Kommo-o, L50, F|\n|poke|p1|Incineroar, L50, F|\n|poke|p1|Altaria, L50, M|\n|poke|p1|Gengar, L50, F|\n|poke|p1|Blastoise, L50, M|\n|poke|p2|Floette-Eternal, L50, F|\n|poke|p2|Garchomp, L50, M|\n|poke|p2|Rotom-Wash, L50|\n|poke|p2|Talonflame, L50, M|\n|poke|p2|Aegislash, L50, M|\n|poke|p2|Maushold-Four, L50|\n|teampreview|4\n|inactive|Battle timer is ON: inactive players will automatically lose when time's up. (requested by shigeshigetokugawa)\n|\n|t:|1775922366\n|teamsize|p1|4\n|teamsize|p2|4\n|start\n|switch|p1a: Crackhead|Gengar, L50, F, shiny|100/100\n|switch|p1b: ElMacho|Incineroar, L50, F|100/100\n|switch|p2a: Floette|Floette-Eternal, L50, F|100/100\n|switch|p2b: Maushold|Maushold-Four, L50|100/100\n|-ability|p1b: ElMacho|Intimidate|boost\n|-unboost|p2a: Floette|atk|1\n|-unboost|p2b: Maushold|atk|1\n|turn|1\n|inactive|shigeshigetokugawa has 30 seconds left.\n|inactive|shigeshigetokugawa has 20 seconds left.\n|inactive|shigeshigetokugawa has 15 seconds left.\n|inactive|shigeshigetokugawa has 10 seconds left.\n|\n|t:|1775922415\n|switch|p2a: Garchomp|Garchomp, L50, M|100/100\n|detailschange|p1a: Crackhead|Gengar-Mega, L50, F, shiny\n|-mega|p1a: Crackhead|Gengar|Gengarite\n|move|p2b: Maushold|Protect|p2b: Maushold\n|-singleturn|p2b: Maushold|Protect\n|move|p1b: ElMacho|Fake Out|p2b: Maushold\n|-activate|p2b: Maushold|move: Protect\n|move|p1a: Crackhead|Perish Song|p1a: Crackhead\n|-start|p1a: Crackhead|perish3|[silent]\n|-start|p1b: ElMacho|perish3|[silent]\n|-start|p2a: Garchomp|perish3|[silent]\n|-start|p2b: Maushold|perish3|[silent]\n|-fieldactivate|move: Perish Song\n|\n|-start|p1a: Crackhead|perish3\n|-start|p2b: Maushold|perish3\n|-start|p2a: Garchomp|perish3\n|-start|p1b: ElMacho|perish3\n|upkeep\n|turn|2\n|\n|t:|1775922439\n|move|p1a: Crackhead|Protect|p1a: Crackhead\n|-singleturn|p1a: Crackhead|Protect\n|move|p1b: ElMacho|Protect|p1b: ElMacho\n|-singleturn|p1b: ElMacho|Protect\n|move|p2b: Maushold|Taunt|p1b: ElMacho\n|-activate|p1b: ElMacho|move: Protect\n|move|p2a: Garchomp|Stomping Tantrum|p1b: ElMacho\n|-activate|p1b: ElMacho|move: Protect\n|\n|-start|p1a: Crackhead|perish2\n|-start|p2b: Maushold|perish2\n|-start|p2a: Garchomp|perish2\n|-start|p1b: ElMacho|perish2\n|upkeep\n|turn|3\n|inactive|BomboJames has 30 seconds left.\n|inactive|BomboJames has 20 seconds left.\n|\n|t:|1775922475\n|switch|p1a: Yoshi|Blastoise, L50, M, shiny|100/100\n|move|p2b: Maushold|Super Fang|p1b: ElMacho\n|-damage|p1b: ElMacho|50/100\n|-enditem|p1b: ElMacho|Sitrus Berry|[eat]\n|-heal|p1b: ElMacho|75/100|[from] item: Sitrus Berry\n|move|p2a: Garchomp|Earthquake|p1b: ElMacho|[spread] p2b,p1a,p1b\n|-supereffective|p1b: ElMacho|1\n|-damage|p2b: Maushold|38/100\n|-damage|p1a: Yoshi|63/100\n|-damage|p1b: ElMacho|0 fnt\n|faint|p1b: ElMacho\n|\n|-heal|p1a: Yoshi|69/100|[from] item: Leftovers\n|-start|p2b: Maushold|perish1\n|-start|p2a: Garchomp|perish1\n|upkeep\n|\n|t:|1775922489\n|switch|p1b: Crackhead|Gengar-Mega, L50, F, shiny|100/100\n|turn|4\n|\n|t:|1775922505\n|move|p1b: Crackhead|Protect|p1b: Crackhead\n|-singleturn|p1b: Crackhead|Protect\n|move|p1a: Yoshi|Protect|p1a: Yoshi\n|-singleturn|p1a: Yoshi|Protect\n|move|p2b: Maushold|Super Fang|p1a: Yoshi\n|-activate|p1a: Yoshi|move: Protect\n|move|p2a: Garchomp|Stomping Tantrum|p1a: Yoshi\n|-activate|p1a: Yoshi|move: Protect\n|\n|-heal|p1a: Yoshi|75/100|[from] item: Leftovers\n|-start|p2b: Maushold|perish0\n|-start|p2a: Garchomp|perish0\n|faint|p2b: Maushold\n|faint|p2a: Garchomp\n|upkeep\n|\n|t:|1775922509\n|switch|p2b: Talonflame|Talonflame, L50, M|100/100\n|switch|p2a: Floette|Floette-Eternal, L50, F|100/100\n|turn|5\n|inactive|BomboJames has 30 seconds left.\n|\n|t:|1775922540\n|detailschange|p2a: Floette|Floette-Mega, L50, F\n|-mega|p2a: Floette|Floette|Floettite\n|-ability|p2a: Floette|Fairy Aura\n|move|p2b: Talonflame|Acrobatics|p1a: Yoshi\n|-damage|p1a: Yoshi|41/100\n|move|p1b: Crackhead|Perish Song|p1b: Crackhead\n|-start|p1a: Yoshi|perish3|[silent]\n|-start|p1b: Crackhead|perish3|[silent]\n|-start|p2a: Floette|perish3|[silent]\n|-start|p2b: Talonflame|perish3|[silent]\n|-fieldactivate|move: Perish Song\n|move|p2a: Floette|Moonblast|p1a: Yoshi\n|-damage|p1a: Yoshi|0 fnt\n|faint|p1a: Yoshi\n|\n|-start|p1b: Crackhead|perish3\n|-start|p2b: Talonflame|perish3\n|-start|p2a: Floette|perish3\n|upkeep\n|\n|t:|1775922555\n|switch|p1a: Cummo-ohh|Kommo-o, L50, F|100/100\n|turn|6\n|\n|t:|1775922575\n|move|p1a: Cummo-ohh|Protect|p1a: Cummo-ohh\n|-singleturn|p1a: Cummo-ohh|Protect\n|move|p2b: Talonflame|Acrobatics|p1a: Cummo-ohh\n|-activate|p1a: Cummo-ohh|move: Protect\n|move|p1b: Crackhead|Substitute|p1b: Crackhead\n|-start|p1b: Crackhead|Substitute\n|-damage|p1b: Crackhead|75/100\n|move|p2a: Floette|Moonblast|p1a: Cummo-ohh\n|-activate|p1a: Cummo-ohh|move: Protect\n|\n|-start|p1b: Crackhead|perish2\n|-start|p2b: Talonflame|perish2\n|-start|p2a: Floette|perish2\n|upkeep\n|turn|7\n|inactive|BomboJames has 30 seconds left.\n|\n|t:|1775922603\n|move|p2b: Talonflame|Acrobatics|p1a: Cummo-ohh\n|-supereffective|p1a: Cummo-ohh|1\n|-damage|p1a: Cummo-ohh|51/100\n|move|p1b: Crackhead|Shadow Ball|p2b: Talonflame\n|-damage|p2b: Talonflame|28/100\n|move|p2a: Floette|Moonblast|p1a: Cummo-ohh\n|-supereffective|p1a: Cummo-ohh|2\n|-damage|p1a: Cummo-ohh|0 fnt\n|faint|p1a: Cummo-ohh\n|\n|-start|p1b: Crackhead|perish1\n|-start|p2b: Talonflame|perish1\n|-start|p2a: Floette|perish1\n|upkeep\n|turn|8\n|\n|t:|1775922622\n|move|p1b: Crackhead|Protect|p1b: Crackhead\n|-singleturn|p1b: Crackhead|Protect\n|move|p2b: Talonflame|Protect|p2b: Talonflame\n|-singleturn|p2b: Talonflame|Protect\n|move|p2a: Floette|Protect||[still]\n|-fail|p2a: Floette\n|\n|-start|p1b: Crackhead|perish0\n|-start|p2b: Talonflame|perish0\n|-start|p2a: Floette|perish0\n|faint|p1b: Crackhead\n|faint|p2b: Talonflame\n|faint|p2a: Floette\n|\n|win|shigeshigetokugawa\n|raw|BomboJames's rating: 1173 &rarr; <strong>1149</strong><br />(-24 for losing)\n|raw|shigeshigetokugawa's rating: 1189 &rarr; <strong>1213</strong><br />(+24 for winning)\n",
  "uploadtime": 1775922635,
  "views": 53,
  "formatid": "gen9championsvgc2026regma",
  "rating": 1149,
  "private": 0,
  "password": null
}