{
  "id": "gen9championsvgc2026regma-2588235300",
  "format": "[Gen 9 Champions] VGC 2026 Reg M-A",
  "players": [
    "Tunderboltz",
    "minepear1"
  ],
  "log": "|j|\u2606Tunderboltz\n|j|\u2606minepear1\n|t:|1776616805\n|gametype|doubles\n|player|p1|Tunderboltz|drayton|1251\n|player|p2|minepear1|red|1306\n|gen|9\n|tier|[Gen 9 Champions] VGC 2026 Reg M-A\n|rated|\n|rule|Species Clause: Limit one of each Pok\u00e9mon\n|rule|Item Clause: Limit 1 of each item\n|clearpoke\n|poke|p1|Garchomp, L50, M|\n|poke|p1|Aegislash, L50, M, shiny|\n|poke|p1|Pelipper, L50, M|\n|poke|p1|Archaludon, L50, M|\n|poke|p1|Greninja, L50, F, shiny|\n|poke|p1|Lopunny, L50, F|\n|poke|p2|Blastoise, L50, F|\n|poke|p2|Sinistcha, L50|\n|poke|p2|Incineroar, L50, M|\n|poke|p2|Sneasler, L50, M|\n|poke|p2|Basculegion, L50, M|\n|poke|p2|Rotom-Heat, L50|\n|teampreview|4\n|inactive|Battle timer is ON: inactive players will automatically lose when time's up. (requested by Tunderboltz)\n|inactive|Tunderboltz has 60 seconds left.\n|\n|t:|1776616836\n|teamsize|p1|4\n|teamsize|p2|4\n|start\n|switch|p1a: Percy|Pelipper, L50, M|100/100\n|switch|p1b: Hachi|Greninja, L50, F, shiny|100/100\n|switch|p2a: Blastoise|Blastoise, L50, F|100/100\n|switch|p2b: Sneasler|Sneasler, L50, M|100/100\n|-weather|RainDance|[from] ability: Drizzle|[of] p1a: Percy\n|turn|1\n|\n|t:|1776616861\n|detailschange|p2a: Blastoise|Blastoise-Mega, L50, F\n|-mega|p2a: Blastoise|Blastoise|Blastoisinite\n|move|p1b: Hachi|Protect|p1b: Hachi\n|-singleturn|p1b: Hachi|Protect\n|move|p2b: Sneasler|Fake Out|p1b: Hachi\n|-activate|p1b: Hachi|move: Protect\n|move|p2a: Blastoise|Shell Smash|p2a: Blastoise\n|-unboost|p2a: Blastoise|def|1\n|-unboost|p2a: Blastoise|spd|1\n|-boost|p2a: Blastoise|atk|2\n|-boost|p2a: Blastoise|spa|2\n|-boost|p2a: Blastoise|spe|2\n|move|p1a: Percy|Tailwind|p1a: Percy\n|-sidestart|p1: Tunderboltz|move: Tailwind\n|\n|-weather|RainDance|[upkeep]\n|upkeep\n|turn|2\n|\n|t:|1776616878\n|move|p1b: Hachi|Hydro Pump|p2a: Blastoise\n|-resisted|p2a: Blastoise|1\n|-damage|p2a: Blastoise|39/100\n|move|p2a: Blastoise|Water Spout|p1a: Percy|[spread] p1a,p1b\n|-resisted|p1a: Percy|1\n|-resisted|p1b: Hachi|1\n|-damage|p1a: Percy|43/100\n|-damage|p1b: Hachi|39/100\n|move|p1a: Percy|Hurricane|p2b: Sneasler\n|-supereffective|p2b: Sneasler|1\n|-damage|p2b: Sneasler|0 fnt\n|faint|p2b: Sneasler\n|\n|-weather|RainDance|[upkeep]\n|-heal|p1a: Percy|49/100|[from] item: Leftovers\n|upkeep\n|\n|t:|1776616890\n|switch|p2b: Rotom|Rotom-Heat, L50|100/100\n|turn|3\n|\n|t:|1776616897\n|move|p1a: Percy|Wide Guard|p1a: Percy\n|-singleturn|p1a: Percy|Wide Guard\n|move|p1b: Hachi|Hydro Pump|p2a: Blastoise\n|-resisted|p2a: Blastoise|1\n|-damage|p2a: Blastoise|0 fnt\n|faint|p2a: Blastoise\n|move|p2b: Rotom|Volt Switch|p1a: Percy\n|-supereffective|p1a: Percy|2\n|-crit|p1a: Percy\n|-damage|p1a: Percy|0 fnt\n|faint|p1a: Percy\n|\n|t:|1776616902\n|switch|p2b: Sinistcha|Sinistcha, L50|100/100|[from] Volt Switch\n|\n|-weather|RainDance|[upkeep]\n|upkeep\n|\n|t:|1776616908\n|switch|p2a: Rotom|Rotom-Heat, L50|100/100\n|switch|p1a: Clover|Lopunny, L50, F|100/100\n|turn|4\n|\n|t:|1776616918\n|detailschange|p1a: Clover|Lopunny-Mega, L50, F\n|-mega|p1a: Clover|Lopunny|Lopunnite\n|move|p1a: Clover|Fake Out|p2b: Sinistcha\n|-damage|p2b: Sinistcha|83/100\n|cant|p2b: Sinistcha|flinch\n|move|p1b: Hachi|Hydro Pump|p2a: Rotom\n|-supereffective|p2a: Rotom|1\n|-damage|p2a: Rotom|0 fnt\n|faint|p2a: Rotom\n|\n|-weather|RainDance|[upkeep]\n|-sideend|p1: Tunderboltz|move: Tailwind\n|upkeep\n|turn|5\n|-message|minepear1 forfeited.\n|\n|win|Tunderboltz\n|raw|Tunderboltz's rating: 1251 &rarr; <strong>1280</strong><br />(+29 for winning)\n|raw|minepear1's rating: 1306 &rarr; <strong>1283</strong><br />(-23 for losing)\n|l|\u2606minepear1\n|player|p2|\n",
  "uploadtime": 1776616926,
  "views": 15,
  "formatid": "gen9championsvgc2026regma",
  "rating": 1280,
  "private": 0,
  "password": null
}