{
  "id": "gen9championsvgc2026regma-2582380317",
  "format": "[Gen 9 Champions] VGC 2026 Reg M-A",
  "players": [
    "Justletmeshine",
    "JAMieC_123"
  ],
  "log": "|j|\u2606Justletmeshine\n|j|\u2606JAMieC_123\n|t:|1776087798\n|gametype|doubles\n|player|p1|Justletmeshine|265|1000\n|player|p2|JAMieC_123|ltsurge|1046\n|gen|9\n|tier|[Gen 9 Champions] VGC 2026 Reg M-A\n|rated|\n|rule|Species Clause: Limit one of each Pok\u00e9mon\n|rule|Item Clause: Limit 1 of each item\n|clearpoke\n|poke|p1|Greninja-*, L50, F|\n|poke|p1|Sinistcha, L50|\n|poke|p1|Incineroar, L50, F|\n|poke|p1|Archaludon, L50, M|\n|poke|p1|Basculegion, L50, M|\n|poke|p1|Pelipper, L50, M|\n|poke|p2|Sableye, L50, M|\n|poke|p2|Sinistcha, L50|\n|poke|p2|Floette-Eternal, L50, F|\n|poke|p2|Incineroar, L50, F|\n|poke|p2|Basculegion, L50, M|\n|poke|p2|Aerodactyl, L50, F|\n|teampreview|4\nJAMieC_123 has agreed to open team sheets.\n|inactive|Battle timer is ON: inactive players will automatically lose when time's up. (requested by JAMieC_123)\n|inactive|Justletmeshine has 60 seconds left.\n|inactive|JAMieC_123 has 60 seconds left.\n|inactive|JAMieC_123 has 30 seconds left.\n|\n|t:|1776087865\n|teamsize|p1|4\n|teamsize|p2|4\n|start\n|switch|p1a: Incineroar|Incineroar, L50, F|100/100\n|switch|p1b: Pelipper|Pelipper, L50, M|100/100\n|switch|p2a: Sableye|Sableye, L50, M|100/100\n|switch|p2b: Floette|Floette-Eternal, L50, F|100/100\n|-weather|RainDance|[from] ability: Drizzle|[of] p1b: Pelipper\n|-ability|p1a: Incineroar|Intimidate|boost\n|-unboost|p2a: Sableye|atk|1\n|-unboost|p2b: Floette|atk|1\n|turn|1\n|inactive|Justletmeshine has 30 seconds left.\n|inactive|JAMieC_123 has 30 seconds left.\n|\n|t:|1776087894\n|detailschange|p2b: Floette|Floette-Mega, L50, F\n|-mega|p2b: Floette|Floette|Floettite\n|-ability|p2b: Floette|Fairy Aura\n|move|p2b: Floette|Protect|p2b: Floette\n|-singleturn|p2b: Floette|Protect\n|move|p2a: Sableye|Reflect|p2a: Sableye\n|-sidestart|p2: JAMieC_123|Reflect\n|move|p1b: Pelipper|Tailwind|p1b: Pelipper\n|-sidestart|p1: Justletmeshine|move: Tailwind\n|move|p1a: Incineroar|Parting Shot|p2b: Floette\n|-activate|p2b: Floette|move: Protect\n|\n|-weather|RainDance|[upkeep]\n|upkeep\n|turn|2\n|\n|t:|1776087919\n|move|p2a: Sableye|Light Screen|p2a: Sableye\n|-sidestart|p2: JAMieC_123|move: Light Screen\n|move|p1b: Pelipper|Hurricane|p2b: Floette\n|-damage|p2b: Floette|80/100\n|-start|p2b: Floette|confusion\n|move|p1a: Incineroar|Parting Shot|p2b: Floette\n|-unboost|p2b: Floette|atk|1\n|-unboost|p2b: Floette|spa|1\n|\n|t:|1776087934\n|switch|p1a: Basculegion|Basculegion, L50, M|100/100|[from] Parting Shot\n|-activate|p2b: Floette|confusion\n|-damage|p2b: Floette|76/100|[from] confusion\n|\n|-weather|RainDance|[upkeep]\n|upkeep\n|turn|3\n|\n|t:|1776087958\n|move|p1a: Basculegion|Last Respects|p2a: Sableye\n|-damage|p2a: Sableye|75/100\n|move|p1b: Pelipper|Hurricane|p2a: Sableye\n|-damage|p2a: Sableye|35/100\n|-end|p2b: Floette|confusion\n|move|p2b: Floette|Calm Mind|p2b: Floette\n|-boost|p2b: Floette|spa|1\n|-boost|p2b: Floette|spd|1\n|move|p2a: Sableye|Foul Play|p1a: Basculegion\n|-supereffective|p1a: Basculegion|1\n|-damage|p1a: Basculegion|0 fnt\n|faint|p1a: Basculegion\n|\n|-weather|RainDance|[upkeep]\n|upkeep\n|\n|t:|1776087974\n|switch|p1a: Greninja|Greninja, L50, F|100/100\n|turn|4\n|\n|t:|1776087990\n|detailschange|p1a: Greninja|Greninja-Mega, L50, F\n|-mega|p1a: Greninja|Greninja|Greninjite\n|move|p1a: Greninja|Liquidation|p2b: Floette\n|-start|p1a: Greninja|typechange|Water|[from] ability: Protean\n|-damage|p2b: Floette|36/100\n|-unboost|p2b: Floette|def|1\n|move|p1b: Pelipper|Hurricane|p2b: Floette\n|-damage|p2b: Floette|21/100\n|move|p2b: Floette|Dazzling Gleam|p1b: Pelipper|[spread] p1a,p1b\n|-damage|p1a: Greninja|47/100\n|-damage|p1b: Pelipper|41/100\n|move|p2a: Sableye|Foul Play|p1a: Greninja\n|-damage|p1a: Greninja|0 fnt\n|faint|p1a: Greninja\n|\n|-weather|RainDance|[upkeep]\n|-sideend|p1: Justletmeshine|move: Tailwind\n|upkeep\n|\n|t:|1776088008\n|switch|p1a: Incineroar|Incineroar, L50, F|100/100\n|-ability|p1a: Incineroar|Intimidate|boost\n|-unboost|p2a: Sableye|atk|1\n|-unboost|p2b: Floette|atk|1\n|turn|5\n|inactive|Justletmeshine has 30 seconds left.\n|inactive|JAMieC_123 has 30 seconds left.\n|\n|t:|1776088036\n|switch|p2b: Incineroar|Incineroar, L50, F|100/100\n|-ability|p2b: Incineroar|Intimidate|boost\n|-unboost|p1a: Incineroar|atk|1\n|-unboost|p1b: Pelipper|atk|1\n|move|p1b: Pelipper|Hurricane|p2a: Sableye\n|-damage|p2a: Sableye|0 fnt\n|faint|p2a: Sableye\n|move|p1a: Incineroar|Parting Shot|p2b: Incineroar\n|-unboost|p2b: Incineroar|atk|1\n|-unboost|p2b: Incineroar|spa|1\n|\n|-weather|none\n|-sideend|p2: JAMieC_123|Reflect\n|upkeep\n|\n|t:|1776088048\n|switch|p2a: Aerodactyl|Aerodactyl, L50, F|100/100\n|-ability|p2a: Aerodactyl|Unnerve\n|turn|6\n|\n|t:|1776088056\n|move|p1b: Pelipper|Protect|p1b: Pelipper\n|-singleturn|p1b: Pelipper|Protect\n|move|p2b: Incineroar|Fake Out|p1a: Incineroar\n|-damage|p1a: Incineroar|94/100\n|move|p2a: Aerodactyl|Rock Slide|p1a: Incineroar|[spread] \n|-activate|p1b: Pelipper|move: Protect\n|-miss|p2a: Aerodactyl|p1a: Incineroar\n|cant|p1a: Incineroar|flinch\n|\n|-sideend|p2: JAMieC_123|move: Light Screen\n|upkeep\n|turn|7\n|\n|t:|1776088071\n|move|p2a: Aerodactyl|Rock Slide|p1a: Incineroar|[spread] p1a,p1b\n|-supereffective|p1a: Incineroar|1\n|-supereffective|p1b: Pelipper|1\n|-damage|p1a: Incineroar|46/100\n|-damage|p1b: Pelipper|0 fnt\n|faint|p1b: Pelipper\n|move|p1a: Incineroar|Flare Blitz|p2a: Aerodactyl\n|-resisted|p2a: Aerodactyl|1\n|-damage|p2a: Aerodactyl|74/100\n|-damage|p1a: Incineroar|39/100|[from] Recoil\n|move|p2b: Incineroar|Parting Shot|p1a: Incineroar\n|-unboost|p1a: Incineroar|atk|1\n|-unboost|p1a: Incineroar|spa|1\n|-message|Justletmeshine forfeited.\n|\n|win|JAMieC_123\n|raw|Justletmeshine's rating: 1000 &rarr; <strong>1000</strong><br />(+0 for losing)\n|raw|JAMieC_123's rating: 1046 &rarr; <strong>1075</strong><br />(+29 for winning)\n|l|\u2606Justletmeshine\n|player|p1|\n",
  "uploadtime": 1776088087,
  "views": 9,
  "formatid": "gen9championsvgc2026regma",
  "rating": 1000,
  "private": 0,
  "password": null
}