{
  "id": "gen9championsvgc2026regma-2581324581",
  "format": "[Gen 9 Champions] VGC 2026 Reg M-A",
  "players": [
    "evilkyatt",
    "moonone"
  ],
  "log": "|j|\u2606evilkyatt\n|j|\u203dmoonone\n|t:|1775986781\n|gametype|doubles\n|player|p1|evilkyatt|scientist-gen4dp|1292\n|player|p2|moonone|265|1299\n|gen|9\n|tier|[Gen 9 Champions] VGC 2026 Reg M-A\n|rated|\n|rule|Species Clause: Limit one of each Pok\u00e9mon\n|rule|Item Clause: Limit 1 of each item\n|clearpoke\n|poke|p1|Charizard, L50, M|\n|poke|p1|Whimsicott, L50, M|\n|poke|p1|Sneasler, L50, F|\n|poke|p1|Pelipper, L50, M|\n|poke|p1|Archaludon, L50, F|\n|poke|p1|Farigiraf, L50, M|\n|poke|p2|Gengar, L50, M|\n|poke|p2|Basculegion, L50, M|\n|poke|p2|Incineroar, L50, F|\n|poke|p2|Kingambit, L50, M|\n|poke|p2|Sneasler, L50, M|\n|poke|p2|Rotom-Heat, L50|\n|teampreview|4\n|inactive|Battle timer is ON: inactive players will automatically lose when time's up. (requested by evilkyatt)\n|inactive|evilkyatt has 60 seconds left.\n|j| gE1xjZRtuhW2DdT0AK\n|\n|t:|1775986828\n|teamsize|p1|4\n|teamsize|p2|4\n|start\n|switch|p1a: Pelipper|Pelipper, L50, M|100/100\n|switch|p1b: Archaludon|Archaludon, L50, F|100/100\n|switch|p2a: Gengar|Gengar, L50, M, shiny|100/100\n|switch|p2b: Basculegion|Basculegion, L50, M|100/100\n|-weather|RainDance|[from] ability: Drizzle|[of] p1a: Pelipper\n|turn|1\n|\n|t:|1775986842\n|detailschange|p2a: Gengar|Gengar-Mega, L50, M, shiny\n|-mega|p2a: Gengar|Gengar|Gengarite\n|move|p2b: Basculegion|Flip Turn|p1a: Pelipper\n|-resisted|p1a: Pelipper|1\n|-damage|p1a: Pelipper|72/100\n|\n|t:|1775986848\n|switch|p2b: Incineroar|Incineroar, L50, F|100/100|[from] Flip Turn\n|-ability|p2b: Incineroar|Intimidate|boost\n|-unboost|p1a: Pelipper|atk|1\n|-unboost|p1b: Archaludon|atk|1\n|move|p2a: Gengar|Perish Song|p2a: Gengar\n|-start|p1a: Pelipper|perish3|[silent]\n|-start|p1b: Archaludon|perish3|[silent]\n|-start|p2a: Gengar|perish3|[silent]\n|-start|p2b: Incineroar|perish3|[silent]\n|-fieldactivate|move: Perish Song\n|move|p1b: Archaludon|Electro Shot||[still]\n|-prepare|p1b: Archaludon|Electro Shot\n|-boost|p1b: Archaludon|spa|1\n|-anim|p1b: Archaludon|Electro Shot|p2b: Incineroar\n|-damage|p2b: Incineroar|39/100\n|-enditem|p2b: Incineroar|Sitrus Berry|[eat]\n|-heal|p2b: Incineroar|64/100|[from] item: Sitrus Berry\n|move|p1a: Pelipper|Weather Ball|p2a: Gengar\n|-damage|p2a: Gengar|24/100\n|\n|-weather|RainDance|[upkeep]\n|-start|p2a: Gengar|perish3\n|-start|p1b: Archaludon|perish3\n|-start|p1a: Pelipper|perish3\n|-start|p2b: Incineroar|perish3\n|upkeep\n|turn|2\n|\n|t:|1775986869\n|move|p2a: Gengar|Protect|p2a: Gengar\n|-singleturn|p2a: Gengar|Protect\n|move|p2b: Incineroar|Protect|p2b: Incineroar\n|-singleturn|p2b: Incineroar|Protect\n|move|p1b: Archaludon|Electro Shot||[still]\n|-prepare|p1b: Archaludon|Electro Shot\n|-boost|p1b: Archaludon|spa|1\n|-anim|p1b: Archaludon|Electro Shot|p2b: Incineroar\n|-activate|p2b: Incineroar|move: Protect\n|move|p1a: Pelipper|Weather Ball|p2b: Incineroar\n|-activate|p2b: Incineroar|move: Protect\n|\n|-weather|RainDance|[upkeep]\n|-start|p2a: Gengar|perish2\n|-start|p1b: Archaludon|perish2\n|-start|p1a: Pelipper|perish2\n|-start|p2b: Incineroar|perish2\n|upkeep\n|turn|3\n|\n|t:|1775986892\n|switch|p2a: Sneasler|Sneasler, L50, M|100/100\n|move|p1b: Archaludon|Electro Shot||[still]\n|-prepare|p1b: Archaludon|Electro Shot\n|-boost|p1b: Archaludon|spa|1\n|-anim|p1b: Archaludon|Electro Shot|p2a: Sneasler\n|-enditem|p2a: Sneasler|Focus Sash\n|-damage|p2a: Sneasler|1/100\n|move|p1a: Pelipper|Weather Ball|p2b: Incineroar\n|-supereffective|p2b: Incineroar|1\n|-crit|p2b: Incineroar\n|-damage|p2b: Incineroar|0 fnt\n|faint|p2b: Incineroar\n|\n|-weather|RainDance|[upkeep]\n|-start|p1b: Archaludon|perish1\n|-start|p1a: Pelipper|perish1\n|upkeep\n|\n|t:|1775986908\n|switch|p2b: Gengar|Gengar-Mega, L50, M, shiny|24/100\n|turn|4\n|\n|t:|1775986924\n|move|p2a: Sneasler|Protect|p2a: Sneasler\n|-singleturn|p2a: Sneasler|Protect\n|move|p2b: Gengar|Protect|p2b: Gengar\n|-singleturn|p2b: Gengar|Protect\n|move|p1b: Archaludon|Electro Shot||[still]\n|-prepare|p1b: Archaludon|Electro Shot\n|-boost|p1b: Archaludon|spa|1\n|-anim|p1b: Archaludon|Electro Shot|p2a: Sneasler\n|-activate|p2a: Sneasler|move: Protect\n|move|p1a: Pelipper|Weather Ball|p2b: Gengar\n|-activate|p2b: Gengar|move: Protect\n|\n|-weather|RainDance|[upkeep]\n|-start|p1b: Archaludon|perish0\n|-start|p1a: Pelipper|perish0\n|faint|p1b: Archaludon\n|faint|p1a: Pelipper\n|upkeep\n|\n|t:|1775986927\n|switch|p1b: Sneasler|Sneasler, L50, F|100/100\n|switch|p1a: Farigiraf|Farigiraf, L50, M|100/100\n|turn|5\n|inactive|moonone has 30 seconds left.\n|\n|t:|1775986955\n|switch|p2a: Basculegion|Basculegion, L50, M|100/100\n|move|p2b: Gengar|Shadow Ball|p1b: Sneasler\n|-damage|p1b: Sneasler|32/100\n|move|p1b: Sneasler|Dire Claw|p2a: Basculegion\n|-resisted|p2a: Basculegion|1\n|-damage|p2a: Basculegion|71/100\n|move|p1a: Farigiraf|Trick Room|p1a: Farigiraf\n|-fieldstart|move: Trick Room|[of] p1a: Farigiraf\n|\n|-weather|none\n|upkeep\n|turn|6\n|inactive|evilkyatt has 30 seconds left.\n|inactive|moonone has 30 seconds left.\n|inactive|moonone has 20 seconds left.\n|inactive|moonone has 15 seconds left.\n|\n|t:|1775986995\n|move|p1b: Sneasler|Protect|p1b: Sneasler\n|-singleturn|p1b: Sneasler|Protect\n|move|p2b: Gengar|Protect|p2b: Gengar\n|-singleturn|p2b: Gengar|Protect\n|move|p1a: Farigiraf|Psychic|p2b: Gengar\n|-activate|p2b: Gengar|move: Protect\n|move|p2a: Basculegion|Wave Crash|p1b: Sneasler\n|-activate|p1b: Sneasler|move: Protect\n|\n|upkeep\n|turn|7\n|\n|t:|1775987015\n|move|p1a: Farigiraf|Psychic|p2b: Gengar\n|-supereffective|p2b: Gengar|1\n|-damage|p2b: Gengar|0 fnt\n|faint|p2b: Gengar\n|move|p1b: Sneasler|Dire Claw|p2a: Basculegion\n|-resisted|p2a: Basculegion|1\n|-damage|p2a: Basculegion|46/100\n|-status|p2a: Basculegion|par\n|move|p2a: Basculegion|Wave Crash|p1b: Sneasler\n|-damage|p1b: Sneasler|0 fnt\n|faint|p1b: Sneasler\n|-damage|p2a: Basculegion|38/100 par|[from] Recoil\n|\n|upkeep\n|\n|t:|1775987027\n|switch|p2b: Sneasler|Sneasler, L50, M|1/100\n|turn|8\n|\n|t:|1775987038\n|move|p1a: Farigiraf|Psychic|p2a: Basculegion\n|-damage|p2a: Basculegion|0 fnt\n|faint|p2a: Basculegion\n|move|p2b: Sneasler|Close Combat|p1a: Farigiraf\n|-damage|p1a: Farigiraf|54/100\n|-unboost|p2b: Sneasler|def|1\n|-unboost|p2b: Sneasler|spd|1\n|\n|upkeep\n|turn|9\n|\n|t:|1775987046\n|move|p2b: Sneasler|Protect|p2b: Sneasler\n|-singleturn|p2b: Sneasler|Protect\n|move|p1a: Farigiraf|Psychic|p2b: Sneasler\n|-activate|p2b: Sneasler|move: Protect\n|\n|-fieldend|move: Trick Room\n|upkeep\n|turn|10\n|\n|t:|1775987054\n|move|p2b: Sneasler|Close Combat|p1a: Farigiraf\n|-damage|p1a: Farigiraf|9/100\n|-unboost|p2b: Sneasler|def|1\n|-unboost|p2b: Sneasler|spd|1\n|-enditem|p1a: Farigiraf|Sitrus Berry|[eat]\n|-heal|p1a: Farigiraf|34/100|[from] item: Sitrus Berry\n|move|p1a: Farigiraf|Psychic|p2b: Sneasler\n|-supereffective|p2b: Sneasler|2\n|-crit|p2b: Sneasler\n|-damage|p2b: Sneasler|0 fnt\n|faint|p2b: Sneasler\n|\n|win|evilkyatt\n|raw|evilkyatt's rating: 1292 &rarr; <strong>1318</strong><br />(+26 for winning)\n|raw|moonone's rating: 1299 &rarr; <strong>1273</strong><br />(-26 for losing)\n|l|\u203dmoonone\n|player|p2|\n",
  "uploadtime": 1775987095,
  "views": 38,
  "formatid": "gen9championsvgc2026regma",
  "rating": 1273,
  "private": 0,
  "password": null
}