{
  "id": "gen9championsvgc2026regma-2588814376",
  "format": "[Gen 9 Champions] VGC 2026 Reg M-A",
  "players": [
    "Pindacciu",
    "shangenb1"
  ],
  "log": "|j|\u2606Pindacciu\n|j|\u2606shangenb1\n|t:|1776674147\n|gametype|doubles\n|player|p1|Pindacciu|102|1296\n|player|p2|shangenb1|2|1216\n|gen|9\n|tier|[Gen 9 Champions] VGC 2026 Reg M-A\n|rated|\n|rule|Species Clause: Limit one of each Pok\u00e9mon\n|rule|Item Clause: Limit 1 of each item\n|clearpoke\n|poke|p1|Lucario, L50, M|\n|poke|p1|Farigiraf, L50, M|\n|poke|p1|Crabominable, L50, F|\n|poke|p1|Torkoal, L50, F|\n|poke|p1|Typhlosion-Hisui, L50, F|\n|poke|p1|Whimsicott, L50, M|\n|poke|p2|Floette-Eternal, L50, F|\n|poke|p2|Garchomp, L50, M|\n|poke|p2|Sneasler, L50, M|\n|poke|p2|Basculegion-F, L50, F|\n|poke|p2|Aerodactyl, L50, M|\n|poke|p2|Incineroar, L50, M|\n|teampreview|4\n|inactive|Battle timer is ON: inactive players will automatically lose when time's up. (requested by shangenb1)\n|inactive|shangenb1 has 60 seconds left.\n|\n|t:|1776674199\n|teamsize|p1|4\n|teamsize|p2|4\n|start\n|switch|p1a: Lucario|Lucario, L50, M|100/100\n|switch|p1b: Farigiraf|Farigiraf, L50, M|100/100\n|switch|p2a: Incineroar|Incineroar, L50, M|100/100\n|switch|p2b: Floette|Floette-Eternal, L50, F|100/100\n|-ability|p2a: Incineroar|Intimidate|boost\n|-fail|p1a: Lucario|unboost|Attack|[from] ability: Inner Focus|[of] p1a: Lucario\n|-unboost|p1b: Farigiraf|atk|1\n|turn|1\n|\n|t:|1776674221\n|detailschange|p2b: Floette|Floette-Mega, L50, F\n|-mega|p2b: Floette|Floette|Floettite\n|-ability|p2b: Floette|Fairy Aura\n|move|p1a: Lucario|Final Gambit|p2b: Floette\n|-damage|p2b: Floette|0 fnt\n|faint|p1a: Lucario\n|faint|p2b: Floette\n|move|p2a: Incineroar|Throat Chop|p1b: Farigiraf\n|-supereffective|p1b: Farigiraf|1\n|-damage|p1b: Farigiraf|53/100\n|-start|p1b: Farigiraf|Throat Chop|[silent]\n|move|p1b: Farigiraf|Trick Room|p1b: Farigiraf\n|-fieldstart|move: Trick Room|[of] p1b: Farigiraf\n|\n|upkeep\n|\n|t:|1776674234\n|switch|p2b: Sneasler|Sneasler, L50, M|100/100\n|switch|p1a: Crabominable|Crabominable, L50, F|100/100\n|turn|2\n|\n|t:|1776674245\n|detailschange|p1a: Crabominable|Crabominable-Mega, L50, F\n|-mega|p1a: Crabominable|Crabominable|Crabominite\n|move|p1b: Farigiraf|Helping Hand|p1a: Crabominable\n|-singleturn|p1a: Crabominable|Helping Hand|[of] p1b: Farigiraf\n|move|p1a: Crabominable|Close Combat|p2a: Incineroar\n|-supereffective|p2a: Incineroar|1\n|-damage|p2a: Incineroar|0 fnt\n|-unboost|p1a: Crabominable|def|1\n|-unboost|p1a: Crabominable|spd|1\n|faint|p2a: Incineroar\n|move|p2b: Sneasler|Close Combat|p1b: Farigiraf\n|-crit|p1b: Farigiraf\n|-damage|p1b: Farigiraf|0 fnt\n|-unboost|p2b: Sneasler|def|1\n|-unboost|p2b: Sneasler|spd|1\n|faint|p1b: Farigiraf\n|-enditem|p2b: Sneasler|White Herb\n|-clearnegativeboost|p2b: Sneasler|[silent]\n|\n|upkeep\n|\n|t:|1776674263\n|switch|p1b: Typhlosion|Typhlosion-Hisui, L50, F|100/100\n|switch|p2a: Garchomp|Garchomp, L50, M|100/100\n|turn|3\n|\n|t:|1776674278\n|move|p1b: Typhlosion|Protect|p1b: Typhlosion\n|-singleturn|p1b: Typhlosion|Protect\n|move|p2a: Garchomp|Protect|p2a: Garchomp\n|-singleturn|p2a: Garchomp|Protect\n|move|p1a: Crabominable|Ice Hammer|p2a: Garchomp\n|-activate|p2a: Garchomp|move: Protect\n|move|p2b: Sneasler|Close Combat|p1a: Crabominable\n|-supereffective|p1a: Crabominable|1\n|-damage|p1a: Crabominable|0 fnt\n|-unboost|p2b: Sneasler|def|1\n|-unboost|p2b: Sneasler|spd|1\n|faint|p1a: Crabominable\n|\n|upkeep\n|turn|4\n|\n|t:|1776674297\n|move|p1b: Typhlosion|Shadow Ball|p2b: Sneasler\n|-damage|p2b: Sneasler|26/100\n|move|p2a: Garchomp|Earthquake|p1b: Typhlosion|[spread] p2b,p1b\n|-supereffective|p2b: Sneasler|1\n|-supereffective|p1b: Typhlosion|1\n|-damage|p2b: Sneasler|0 fnt\n|-enditem|p1b: Typhlosion|Focus Sash\n|-damage|p1b: Typhlosion|1/100\n|faint|p2b: Sneasler\n|\n|upkeep\n|turn|5\n|\n|t:|1776674312\n|move|p2a: Garchomp|Protect|p2a: Garchomp\n|-singleturn|p2a: Garchomp|Protect\n|move|p1b: Typhlosion|Blast Burn|p2a: Garchomp\n|-activate|p2a: Garchomp|move: Protect\n|\n|-fieldend|move: Trick Room\n|upkeep\n|turn|6\n|inactive|Pindacciu has 30 seconds left.\n|inactive|Pindacciu has 20 seconds left.\n|inactive|Pindacciu has 15 seconds left.\n|inactive|Pindacciu has 10 seconds left.\n|inactive|Pindacciu has 5 seconds left.\n|\n|t:|1776674367\n|move|p2a: Garchomp|Earthquake|p1b: Typhlosion\n|-supereffective|p1b: Typhlosion|1\n|-damage|p1b: Typhlosion|0 fnt\n|faint|p1b: Typhlosion\n|\n|win|shangenb1\n|raw|Pindacciu's rating: 1296 &rarr; <strong>1265</strong><br />(-31 for losing)\n|raw|shangenb1's rating: 1216 &rarr; <strong>1247</strong><br />(+31 for winning)\n",
  "uploadtime": 1776674373,
  "views": 12,
  "formatid": "gen9championsvgc2026regma",
  "rating": 1247,
  "private": 0,
  "password": null
}