{
  "id": "gen9championsvgc2026regma-2587994238",
  "format": "[Gen 9 Champions] VGC 2026 Reg M-A",
  "players": [
    "WellSeasonedPyro",
    "SunTufo"
  ],
  "log": "|j|\u2606WellSeasonedPyro\n|j|\u2606SunTufo\n|t:|1776590177\n|gametype|doubles\n|player|p1|WellSeasonedPyro|rancher|1391\n|player|p2|SunTufo|li|1373\n|gen|9\n|tier|[Gen 9 Champions] VGC 2026 Reg M-A\n|rated|\n|rule|Species Clause: Limit one of each Pok\u00e9mon\n|rule|Item Clause: Limit 1 of each item\n|clearpoke\n|poke|p1|Floette-Eternal, L50, F|\n|poke|p1|Froslass, L50, F|\n|poke|p1|Kingambit, L50, F|\n|poke|p1|Sneasler, L50, M, shiny|\n|poke|p1|Incineroar, L50, F|\n|poke|p1|Milotic, L50, M, shiny|\n|poke|p2|Froslass, L50, F, shiny|\n|poke|p2|Milotic, L50, F, shiny|\n|poke|p2|Sneasler, L50, M, shiny|\n|poke|p2|Rotom-Frost, L50|\n|poke|p2|Goodra-Hisui, L50, M, shiny|\n|poke|p2|Incineroar, L50, M, shiny|\n|teampreview|4\n|inactive|Battle timer is ON: inactive players will automatically lose when time's up. (requested by SunTufo)\n|j| AMDGBananaBen\n|\n|t:|1776590207\n|teamsize|p1|4\n|teamsize|p2|4\n|start\n|switch|p1a: Floette|Floette-Eternal, L50, F|100/100\n|switch|p1b: Sneasler|Sneasler, L50, M, shiny|100/100\n|switch|p2a: Froslass|Froslass, L50, F, shiny|100/100\n|switch|p2b: Rotom|Rotom-Frost, L50|100/100\n|turn|1\n|inactive|WellSeasonedPyro has 30 seconds left.\n|\n|t:|1776590239\n|detailschange|p2a: Froslass|Froslass-Mega, L50, F, shiny\n|-mega|p2a: Froslass|Froslass|Froslassite\n|-weather|Snowscape|[from] ability: Snow Warning|[of] p2a: Froslass\n|detailschange|p1a: Floette|Floette-Mega, L50, F\n|-mega|p1a: Floette|Floette|Floettite\n|-ability|p1a: Floette|Fairy Aura\n|move|p2b: Rotom|Blizzard|p1b: Sneasler|[spread] p1a,p1b\n|-damage|p1a: Floette|66/100\n|-damage|p1b: Sneasler|51/100\n|-status|p1a: Floette|frz\n|move|p1b: Sneasler|Rock Tomb|p2a: Froslass\n|-supereffective|p2a: Froslass|1\n|-damage|p2a: Froslass|54/100\n|-unboost|p2a: Froslass|spe|1\n|-curestatus|p1a: Floette|frz|[msg]\n|move|p1a: Floette|Dazzling Gleam|p2b: Rotom|[spread] p2a,p2b\n|-damage|p2a: Froslass|0 fnt\n|-damage|p2b: Rotom|34/100\n|faint|p2a: Froslass\n|\n|-weather|Snowscape|[upkeep]\n|upkeep\n|\n|t:|1776590246\n|switch|p2a: Sneasler|Sneasler, L50, M, shiny|100/100\n|turn|2\n|\n|t:|1776590261\n|switch|p1b: Incineroar|Incineroar, L50, F|100/100\n|-ability|p1b: Incineroar|Intimidate|boost\n|-unboost|p2a: Sneasler|atk|1\n|-unboost|p2b: Rotom|atk|1\n|-enditem|p2a: Sneasler|White Herb\n|-clearnegativeboost|p2a: Sneasler|[silent]\n|move|p1a: Floette|Protect|p1a: Floette\n|-singleturn|p1a: Floette|Protect\n|move|p2a: Sneasler|Dire Claw|p1b: Incineroar\n|-damage|p1b: Incineroar|69/100\n|-status|p1b: Incineroar|par\n|move|p2b: Rotom|Blizzard|p1a: Floette|[spread] p1b\n|-activate|p1a: Floette|move: Protect\n|-resisted|p1b: Incineroar|1\n|-damage|p1b: Incineroar|52/100 par\n|\n|-weather|Snowscape|[upkeep]\n|upkeep\n|turn|3\n|\n|t:|1776590276\n|switch|p2b: Goodra|Goodra-Hisui, L50, M, shiny|100/100\n|move|p2a: Sneasler|Protect|p2a: Sneasler\n|-singleturn|p2a: Sneasler|Protect\n|move|p1b: Incineroar|Fake Out|p2a: Sneasler\n|-activate|p2a: Sneasler|move: Protect\n|move|p1a: Floette|Dazzling Gleam|p2b: Goodra|[spread] p2b\n|-activate|p2a: Sneasler|move: Protect\n|-damage|p2b: Goodra|70/100\n|\n|-weather|Snowscape|[upkeep]\n|-heal|p2b: Goodra|76/100|[from] item: Leftovers\n|upkeep\n|turn|4\n|\n|t:|1776590301\n|switch|p1a: Sneasler|Sneasler, L50, M, shiny|51/100\n|move|p2a: Sneasler|Dire Claw|p1a: Sneasler\n|-resisted|p1a: Sneasler|1\n|-damage|p1a: Sneasler|14/100\n|-status|p1a: Sneasler|par\n|move|p2b: Goodra|Shelter|p2b: Goodra\n|-boost|p2b: Goodra|def|2\n|move|p1b: Incineroar|Parting Shot|p2a: Sneasler\n|-unboost|p2a: Sneasler|atk|1\n|-unboost|p2a: Sneasler|spa|1\n|\n|t:|1776590316\n|switch|p1b: Floette|Floette-Mega, L50, F|66/100|[from] Parting Shot\n|-ability|p1b: Floette|Fairy Aura\n|\n|-weather|Snowscape|[upkeep]\n|-heal|p2b: Goodra|82/100|[from] item: Leftovers\n|upkeep\n|turn|5\n|\n|t:|1776590331\n|move|p2a: Sneasler|Protect|p2a: Sneasler\n|-singleturn|p2a: Sneasler|Protect\n|move|p1a: Sneasler|Fake Out|p2a: Sneasler\n|-activate|p2a: Sneasler|move: Protect\n|move|p1b: Floette|Light of Ruin|p2b: Goodra\n|-damage|p2b: Goodra|3/100\n|-damage|p1b: Floette|16/100|[from] Recoil\n|move|p2b: Goodra|Body Press|p1a: Sneasler\n|-resisted|p1a: Sneasler|1\n|-damage|p1a: Sneasler|0 fnt\n|faint|p1a: Sneasler\n|\n|-weather|none\n|-heal|p2b: Goodra|9/100|[from] item: Leftovers\n|upkeep\n|l| AMDGBananaBen\n|\n|t:|1776590344\n|switch|p1a: Incineroar|Incineroar, L50, F|52/100 par\n|-ability|p1a: Incineroar|Intimidate|boost\n|-unboost|p2a: Sneasler|atk|1\n|-unboost|p2b: Goodra|atk|1\n|turn|6\n|\n|t:|1776590354\n|move|p2b: Goodra|Protect|p2b: Goodra\n|-singleturn|p2b: Goodra|Protect\n|move|p1a: Incineroar|Fake Out|p2a: Sneasler\n|-damage|p2a: Sneasler|84/100\n|cant|p2a: Sneasler|flinch\n|move|p1b: Floette|Dazzling Gleam|p2b: Goodra|[spread] p2a\n|-activate|p2b: Goodra|move: Protect\n|-damage|p2a: Sneasler|8/100\n|\n|-heal|p2b: Goodra|15/100|[from] item: Leftovers\n|upkeep\n|turn|7\n|\n|t:|1776590370\n|move|p1b: Floette|Protect|p1b: Floette\n|-singleturn|p1b: Floette|Protect\n|move|p2a: Sneasler|Dire Claw|p1b: Floette\n|-activate|p1b: Floette|move: Protect\n|move|p2b: Goodra|Body Press|p1a: Incineroar\n|-supereffective|p1a: Incineroar|1\n|-damage|p1a: Incineroar|0 fnt\n|faint|p1a: Incineroar\n|\n|-heal|p2b: Goodra|21/100|[from] item: Leftovers\n|upkeep\n|\n|t:|1776590378\n|switch|p1a: Milotic|Milotic, L50, M, shiny|100/100\n|turn|8\n|\n|t:|1776590385\n|move|p1b: Floette|Protect||[still]\n|-fail|p1b: Floette\n|move|p2b: Goodra|Protect|p2b: Goodra\n|-singleturn|p2b: Goodra|Protect\n|move|p2a: Sneasler|Dire Claw|p1b: Floette\n|-supereffective|p1b: Floette|1\n|-damage|p1b: Floette|0 fnt\n|faint|p1b: Floette\n|move|p1a: Milotic|Muddy Water|p2b: Goodra|[spread] p2a\n|-activate|p2b: Goodra|move: Protect\n|-damage|p2a: Sneasler|0 fnt\n|faint|p2a: Sneasler\n|\n|-heal|p2b: Goodra|27/100|[from] item: Leftovers\n|upkeep\n|\n|t:|1776590388\n|switch|p2a: Rotom|Rotom-Frost, L50|34/100\n|turn|9\n|\n|t:|1776590394\n|move|p2a: Rotom|Thunderbolt|p1a: Milotic\n|-supereffective|p1a: Milotic|1\n|-damage|p1a: Milotic|55/100\n|move|p1a: Milotic|Muddy Water|p2a: Rotom|[spread] p2a,p2b\n|-resisted|p2b: Goodra|1\n|-damage|p2a: Rotom|5/100\n|-damage|p2b: Goodra|19/100\n|move|p2b: Goodra|Body Press|p1a: Milotic\n|-crit|p1a: Milotic\n|-damage|p1a: Milotic|0 fnt\n|faint|p1a: Milotic\n|\n|win|SunTufo\n|raw|WellSeasonedPyro's rating: 1391 &rarr; <strong>1369</strong><br />(-22 for losing)\n|raw|SunTufo's rating: 1357 &rarr; <strong>1379</strong><br />(+22 for winning)\n",
  "uploadtime": 1776590394,
  "views": 14,
  "formatid": "gen9championsvgc2026regma",
  "rating": 1369,
  "private": 0,
  "password": null
}