{
  "id": "gen9championsvgc2026regma-2586725331",
  "format": "[Gen 9 Champions] VGC 2026 Reg M-A",
  "players": [
    "AzureWitch",
    "vextorical1"
  ],
  "log": "|j|\u2606AzureWitch\n|j|\u2606vextorical1\n|t:|1776455065\n|gametype|doubles\n|player|p1|AzureWitch|caitlin|1023\n|player|p2|vextorical1|1|1105\n|gen|9\n|tier|[Gen 9 Champions] VGC 2026 Reg M-A\n|rated|\n|rule|Species Clause: Limit one of each Pok\u00e9mon\n|rule|Item Clause: Limit 1 of each item\n|clearpoke\n|poke|p1|Delphox, L50, F|\n|poke|p1|Garchomp, L50, F|\n|poke|p1|Primarina, L50, F|\n|poke|p1|Sneasler, L50, F|\n|poke|p1|Kingambit, L50, F|\n|poke|p1|Aerodactyl, L50, F|\n|poke|p2|Hydreigon, L50, M|\n|poke|p2|Aegislash, L50, M|\n|poke|p2|Meganium, L50, F|\n|poke|p2|Sneasler, L50, M|\n|poke|p2|Basculegion, L50, M|\n|poke|p2|Volcarona, L50, F|\n|teampreview|4\n|inactive|Battle timer is ON: inactive players will automatically lose when time's up. (requested by vextorical1)\nAzureWitch has agreed to open team sheets.\n|inactive|AzureWitch has 60 seconds left.\n|inactive|vextorical1 has 60 seconds left.\n|\n|t:|1776455123\n|teamsize|p1|4\n|teamsize|p2|4\n|start\n|switch|p1a: Sneasler|Sneasler, L50, F|100/100\n|switch|p1b: Delphox|Delphox, L50, F|100/100\n|switch|p2a: Hydreigon|Hydreigon, L50, M, shiny|100/100\n|switch|p2b: Sneasler|Sneasler, L50, M|100/100\n|turn|1\n|inactive|AzureWitch has 30 seconds left.\n|\n|t:|1776455156\n|detailschange|p1b: Delphox|Delphox-Mega, L50, F\n|-mega|p1b: Delphox|Delphox|Delphoxite\n|move|p2b: Sneasler|Fake Out|p1b: Delphox\n|-damage|p1b: Delphox|76/100\n|cant|p1b: Delphox|flinch\n|move|p2a: Hydreigon|Tailwind|p2a: Hydreigon\n|-sidestart|p2: vextorical1|move: Tailwind\n|move|p1a: Sneasler|Close Combat|p2a: Hydreigon\n|-supereffective|p2a: Hydreigon|1\n|-enditem|p2a: Hydreigon|Focus Sash\n|-damage|p2a: Hydreigon|1/100\n|-unboost|p1a: Sneasler|def|1\n|-unboost|p1a: Sneasler|spd|1\n|-enditem|p1a: Sneasler|White Herb\n|-clearnegativeboost|p1a: Sneasler|[silent]\n|\n|upkeep\n|turn|2\n|inactive|AzureWitch has 30 seconds left.\n|inactive|vextorical1 has 30 seconds left.\n|\n|t:|1776455189\n|switch|p1b: Kingambit|Kingambit, L50, F|100/100\n|move|p2a: Hydreigon|Protect|p2a: Hydreigon\n|-singleturn|p2a: Hydreigon|Protect\n|move|p2b: Sneasler|Dire Claw|p1b: Kingambit\n|-immune|p1b: Kingambit\n|move|p1a: Sneasler|Dire Claw|p2a: Hydreigon\n|-activate|p2a: Hydreigon|move: Protect\n|\n|upkeep\n|turn|3\n|inactive|AzureWitch has 30 seconds left.\n|inactive|AzureWitch has 20 seconds left.\n|\n|t:|1776455226\n|switch|p2a: Basculegion|Basculegion, L50, M, shiny|100/100\n|switch|p1b: Primarina|Primarina, L50, F|100/100\n|move|p2b: Sneasler|Close Combat|p1b: Primarina\n|-resisted|p1b: Primarina|1\n|-damage|p1b: Primarina|63/100\n|-unboost|p2b: Sneasler|def|1\n|-unboost|p2b: Sneasler|spd|1\n|-enditem|p2b: Sneasler|White Herb\n|-clearnegativeboost|p2b: Sneasler|[silent]\n|move|p1a: Sneasler|Close Combat|p2b: Sneasler\n|-resisted|p2b: Sneasler|1\n|-damage|p2b: Sneasler|52/100\n|-unboost|p1a: Sneasler|def|1\n|-unboost|p1a: Sneasler|spd|1\n|\n|upkeep\n|turn|4\n|\n|t:|1776455250\n|move|p1a: Sneasler|Protect|p1a: Sneasler\n|-singleturn|p1a: Sneasler|Protect\n|move|p1b: Primarina|Protect|p1b: Primarina\n|-singleturn|p1b: Primarina|Protect\n|move|p2b: Sneasler|Dire Claw|p1b: Primarina\n|-activate|p1b: Primarina|move: Protect\n|move|p2a: Basculegion|Flip Turn|p1a: Sneasler\n|-activate|p1a: Sneasler|move: Protect\n|\n|-sideend|p2: vextorical1|move: Tailwind\n|upkeep\n|turn|5\n|\n|t:|1776455270\n|switch|p1b: Kingambit|Kingambit, L50, F|100/100\n|move|p2b: Sneasler|Close Combat|p1b: Kingambit\n|-supereffective|p1b: Kingambit|2\n|-enditem|p1b: Kingambit|Chople Berry|[eat]\n|-enditem|p1b: Kingambit|Chople Berry|[weaken]\n|-damage|p1b: Kingambit|5/100\n|-unboost|p2b: Sneasler|def|1\n|-unboost|p2b: Sneasler|spd|1\n|move|p1a: Sneasler|Dire Claw|p2a: Basculegion\n|-resisted|p2a: Basculegion|1\n|-damage|p2a: Basculegion|72/100\n|-status|p2a: Basculegion|psn\n|move|p2a: Basculegion|Flip Turn|p1a: Sneasler\n|-damage|p1a: Sneasler|31/100\n|\n|t:|1776455290\n|switch|p2a: Meganium|Meganium, L50, F|100/100|[from] Flip Turn\n|\n|upkeep\n|turn|6\n|\n|t:|1776455305\n|detailschange|p2a: Meganium|Meganium-Mega, L50, F\n|-mega|p2a: Meganium|Meganium|Meganiumite\n|move|p2a: Meganium|Protect|p2a: Meganium\n|-singleturn|p2a: Meganium|Protect\n|move|p1b: Kingambit|Sucker Punch|p2b: Sneasler\n|-resisted|p2b: Sneasler|1\n|-damage|p2b: Sneasler|2/100\n|move|p2b: Sneasler|Dire Claw|p1a: Sneasler\n|-resisted|p1a: Sneasler|1\n|-damage|p1a: Sneasler|0 fnt\n|faint|p1a: Sneasler\n|\n|upkeep\n|\n|t:|1776455315\n|switch|p1a: Delphox|Delphox-Mega, L50, F|76/100\n|turn|7\n|\n|t:|1776455331\n|switch|p2a: Basculegion|Basculegion, L50, M, shiny|72/100 psn\n|move|p1b: Kingambit|Sucker Punch|p2b: Sneasler\n|-resisted|p2b: Sneasler|1\n|-damage|p2b: Sneasler|0 fnt\n|faint|p2b: Sneasler\n|move|p1a: Delphox|Heat Wave|p2a: Basculegion\n|-resisted|p2a: Basculegion|1\n|-damage|p2a: Basculegion|38/100 psn\n|\n|-damage|p2a: Basculegion|26/100 psn|[from] psn\n|upkeep\n|\n|t:|1776455344\n|switch|p2b: Meganium|Meganium-Mega, L50, F|100/100\n|turn|8\n|inactive|vextorical1 has 30 seconds left.\n|\n|t:|1776455372\n|switch|p2a: Hydreigon|Hydreigon, L50, M, shiny|1/100\n|move|p1b: Kingambit|Sucker Punch||[still]\n|-fail|p1b: Kingambit\n|move|p1a: Delphox|Heat Wave|p2a: Hydreigon|[spread] p2a,p2b\n|-resisted|p2a: Hydreigon|1\n|-supereffective|p2b: Meganium|1\n|-damage|p2a: Hydreigon|0 fnt\n|-damage|p2b: Meganium|28/100\n|faint|p2a: Hydreigon\n|move|p2b: Meganium|Earth Power|p1b: Kingambit\n|-supereffective|p1b: Kingambit|1\n|-damage|p1b: Kingambit|0 fnt\n|faint|p1b: Kingambit\n|\n|upkeep\n|\n|t:|1776455387\n|switch|p2a: Basculegion|Basculegion, L50, M, shiny|26/100 psn\n|switch|p1b: Primarina|Primarina, L50, F|63/100\n|turn|9\n|\n|t:|1776455397\n|move|p1a: Delphox|Protect|p1a: Delphox\n|-singleturn|p1a: Delphox|Protect\n|move|p1b: Primarina|Protect|p1b: Primarina\n|-singleturn|p1b: Primarina|Protect\n|move|p2a: Basculegion|Wave Crash|p1a: Delphox\n|-activate|p1a: Delphox|move: Protect\n|move|p2b: Meganium|Solar Beam||[still]\n|-prepare|p2b: Meganium|Solar Beam\n|-activate|p2b: Meganium|ability: Mega Sol\n|-anim|p2b: Meganium|Solar Beam|p1b: Primarina\n|-activate|p1b: Primarina|move: Protect\n|\n|-damage|p2a: Basculegion|14/100 psn|[from] psn\n|upkeep\n|turn|10\n|\n|t:|1776455417\n|move|p1a: Delphox|Heat Wave|p2a: Basculegion|[spread] p2a,p2b\n|-resisted|p2a: Basculegion|1\n|-supereffective|p2b: Meganium|1\n|-damage|p2a: Basculegion|0 fnt\n|-damage|p2b: Meganium|0 fnt\n|faint|p2a: Basculegion\n|faint|p2b: Meganium\n|\n|win|AzureWitch\n|raw|AzureWitch's rating: 1023 &rarr; <strong>1068</strong><br />(+45 for winning)\n|raw|vextorical1's rating: 1105 &rarr; <strong>1074</strong><br />(-31 for losing)\n|l|\u2606vextorical1\n|player|p2|\n",
  "uploadtime": 1776455427,
  "views": 31,
  "formatid": "gen9championsvgc2026regma",
  "rating": 1068,
  "private": 0,
  "password": null
}