{
  "id": "gen9championsvgc2026regma-2587989316",
  "format": "[Gen 9 Champions] VGC 2026 Reg M-A",
  "players": [
    "icrank90s",
    "Nasspeko"
  ],
  "log": "|j|\u2606icrank90s\n|j|\u2606Nasspeko\n|t:|1776589449\n|gametype|doubles\n|player|p1|icrank90s|101|1000\n|player|p2|Nasspeko|2|1006\n|gen|9\n|tier|[Gen 9 Champions] VGC 2026 Reg M-A\n|rated|\n|rule|Species Clause: Limit one of each Pok\u00e9mon\n|rule|Item Clause: Limit 1 of each item\n|clearpoke\n|poke|p1|Excadrill, L50, M, shiny|\n|poke|p1|Tyranitar, L50, M, shiny|\n|poke|p1|Sinistcha-Masterpiece, L50, shiny|\n|poke|p1|Incineroar, L50, F|\n|poke|p1|Talonflame, L50, F|\n|poke|p1|Garchomp, L50, M|\n|poke|p2|Toxapex, L50, M|\n|poke|p2|Tyranitar, L50, M|\n|poke|p2|Gliscor, L50, M|\n|poke|p2|Crabominable, L50, F|\n|poke|p2|Decidueye-Hisui, L50, F|\n|poke|p2|Snorlax, L50, F|\n|teampreview|4\n|\n|t:|1776589498\n|teamsize|p1|4\n|teamsize|p2|4\n|start\n|switch|p1a: Incineroar|Incineroar, L50, F|100/100\n|switch|p1b: Excadrill|Excadrill, L50, M, shiny|100/100\n|switch|p2a: Toxapex|Toxapex, L50, M|100/100\n|switch|p2b: Decidueye|Decidueye-Hisui, L50, F|100/100\n|-ability|p1a: Incineroar|Intimidate|boost\n|-unboost|p2a: Toxapex|atk|1\n|-fail|p2b: Decidueye|unboost|Attack|[from] ability: Scrappy|[of] p2b: Decidueye\n|turn|1\n|\n|t:|1776589540\n|move|p1b: Excadrill|Protect|p1b: Excadrill\n|-singleturn|p1b: Excadrill|Protect\n|move|p2b: Decidueye|Upper Hand||[still]\n|-fail|p2b: Decidueye\n|move|p1a: Incineroar|Parting Shot|p2b: Decidueye\n|-unboost|p2b: Decidueye|atk|1\n|-unboost|p2b: Decidueye|spa|1\n|\n|t:|1776589543\n|switch|p1a: Tyranitar|Tyranitar, L50, M, shiny|100/100|[from] Parting Shot\n|-weather|Sandstorm|[from] ability: Sand Stream|[of] p1a: Tyranitar\n|move|p2a: Toxapex|Toxic Spikes|p1a: Tyranitar\n|-sidestart|p1: icrank90s|move: Toxic Spikes\n|\n|-weather|Sandstorm|[upkeep]\n|-damage|p2b: Decidueye|94/100|[from] Sandstorm\n|-damage|p2a: Toxapex|95/100|[from] Sandstorm\n|-heal|p2a: Toxapex|100/100|[from] item: Leftovers\n|upkeep\n|turn|2\n|\n|t:|1776589568\n|switch|p2b: Gliscor|Gliscor, L50, M|100/100\n|detailschange|p1a: Tyranitar|Tyranitar-Mega, L50, M, shiny\n|-mega|p1a: Tyranitar|Tyranitar|Tyranitarite\n|move|p2a: Toxapex|Baneful Bunker|p2a: Toxapex\n|-singleturn|p2a: Toxapex|move: Protect\n|move|p1b: Excadrill|Rock Slide|p2a: Toxapex|[spread] \n|-activate|p2a: Toxapex|move: Protect\n|-miss|p1b: Excadrill|p2b: Gliscor\n|move|p1a: Tyranitar|Knock Off|p2a: Toxapex\n|-activate|p2a: Toxapex|move: Protect\n|-status|p1a: Tyranitar|psn\n|\n|-weather|Sandstorm|[upkeep]\n|-damage|p2a: Toxapex|95/100|[from] Sandstorm\n|-heal|p2a: Toxapex|100/100|[from] item: Leftovers\n|-damage|p1a: Tyranitar|88/100 psn|[from] psn\n|upkeep\n|turn|3\n|\n|t:|1776589624\n|move|p1b: Excadrill|Rock Slide|p2a: Toxapex|[spread] p2b\n|-miss|p1b: Excadrill|p2a: Toxapex\n|-damage|p2b: Gliscor|80/100\n|move|p2b: Gliscor|U-turn|p1b: Excadrill\n|-resisted|p1b: Excadrill|1\n|-damage|p1b: Excadrill|84/100\n|\n|t:|1776589632\n|switch|p2b: Decidueye|Decidueye-Hisui, L50, F|94/100|[from] U-turn\n|move|p1a: Tyranitar|Knock Off|p2b: Decidueye\n|-resisted|p2b: Decidueye|1\n|-damage|p2b: Decidueye|48/100\n|-enditem|p2b: Decidueye|Scope Lens|[from] move: Knock Off|[of] p1a: Tyranitar\n|move|p2a: Toxapex|Toxic Spikes|p1a: Tyranitar\n|-sidestart|p1: icrank90s|move: Toxic Spikes\n|\n|-weather|Sandstorm|[upkeep]\n|-damage|p2b: Decidueye|42/100|[from] Sandstorm\n|-damage|p2a: Toxapex|95/100|[from] Sandstorm\n|-heal|p2a: Toxapex|100/100|[from] item: Leftovers\n|-damage|p1a: Tyranitar|76/100 psn|[from] psn\n|upkeep\n|turn|4\n|\n|t:|1776589662\n|move|p2a: Toxapex|Baneful Bunker|p2a: Toxapex\n|-singleturn|p2a: Toxapex|move: Protect\n|move|p1b: Excadrill|Rock Slide|p2a: Toxapex|[spread] p2b\n|-activate|p2a: Toxapex|move: Protect\n|-resisted|p2b: Decidueye|1\n|-damage|p2b: Decidueye|29/100\n|cant|p2b: Decidueye|flinch\n|move|p1a: Tyranitar|Knock Off|p2a: Toxapex\n|-activate|p2a: Toxapex|move: Protect\n|\n|-weather|Sandstorm|[upkeep]\n|-damage|p2b: Decidueye|23/100|[from] Sandstorm\n|-damage|p2a: Toxapex|95/100|[from] Sandstorm\n|-heal|p2a: Toxapex|100/100|[from] item: Leftovers\n|-damage|p1a: Tyranitar|64/100 psn|[from] psn\n|upkeep\n|turn|5\n|\n|t:|1776589691\n|move|p1b: Excadrill|Rock Slide|p2b: Decidueye|[spread] p2a,p2b\n|-resisted|p2b: Decidueye|1\n|-damage|p2a: Toxapex|84/100\n|-damage|p2b: Decidueye|10/100\n|move|p2b: Decidueye|Close Combat|p1b: Excadrill\n|-supereffective|p1b: Excadrill|1\n|-damage|p1b: Excadrill|0 fnt\n|-unboost|p2b: Decidueye|def|1\n|-unboost|p2b: Decidueye|spd|1\n|faint|p1b: Excadrill\n|move|p1a: Tyranitar|Rock Slide|p2b: Decidueye|[spread] p2a,p2b\n|-resisted|p2b: Decidueye|1\n|-damage|p2a: Toxapex|57/100\n|-damage|p2b: Decidueye|0 fnt\n|faint|p2b: Decidueye\n|move|p2a: Toxapex|Toxic Spikes||[still]\n|-fail|p2a: Toxapex\n|\n|-weather|none\n|-heal|p2a: Toxapex|62/100|[from] item: Leftovers\n|-damage|p1a: Tyranitar|52/100 psn|[from] psn\n|upkeep\n|\n|t:|1776589712\n|switch|p1b: Sinistcha|Sinistcha-Masterpiece, L50, shiny|100/100\n|switch|p2b: Crabominable|Crabominable, L50, F|100/100\n|-status|p1b: Sinistcha|tox\n|-heal|p1a: Tyranitar|77/100 psn|[from] ability: Hospitality|[of] p1b: Sinistcha\n|turn|6\n|\n|t:|1776589739\n|switch|p1a: Incineroar|Incineroar, L50, F|100/100\n|-status|p1a: Incineroar|tox\n|-ability|p1a: Incineroar|Intimidate|boost\n|-unboost|p2a: Toxapex|atk|1\n|-unboost|p2b: Crabominable|atk|1\n|move|p1b: Sinistcha|Protect|p1b: Sinistcha\n|-singleturn|p1b: Sinistcha|Protect\n|move|p2b: Crabominable|Wide Guard|p2b: Crabominable\n|-singleturn|p2b: Crabominable|Wide Guard\n|move|p2a: Toxapex|Ice Beam|p1b: Sinistcha\n|-activate|p1b: Sinistcha|move: Protect\n|\n|-heal|p2a: Toxapex|68/100|[from] item: Leftovers\n|-damage|p1b: Sinistcha|94/100 tox|[from] psn\n|-damage|p1a: Incineroar|95/100 tox|[from] psn\n|upkeep\n|turn|7\n|\n|t:|1776589782\n|move|p2b: Crabominable|Ice Punch|p1b: Sinistcha\n|-supereffective|p1b: Sinistcha|1\n|-damage|p1b: Sinistcha|33/100 tox\n|-enditem|p1b: Sinistcha|Sitrus Berry|[eat]\n|-heal|p1b: Sinistcha|57/100 tox|[from] item: Sitrus Berry\n|move|p1b: Sinistcha|Strength Sap|p2b: Crabominable\n|-unboost|p2b: Crabominable|atk|1\n|-heal|p1b: Sinistcha|100/100 tox\n|move|p1a: Incineroar|Parting Shot|p2b: Crabominable\n|-unboost|p2b: Crabominable|atk|1\n|-unboost|p2b: Crabominable|spa|1\n|\n|t:|1776589790\n|switch|p1a: Tyranitar|Tyranitar-Mega, L50, M, shiny|77/100 psn|[from] Parting Shot\n|-weather|Sandstorm|[from] ability: Sand Stream|[of] p1a: Tyranitar\n|move|p2a: Toxapex|Recover|p2a: Toxapex\n|-heal|p2a: Toxapex|100/100\n|\n|-weather|Sandstorm|[upkeep]\n|-damage|p2b: Crabominable|95/100|[from] Sandstorm\n|-damage|p1b: Sinistcha|94/100 tox|[from] Sandstorm\n|-damage|p2a: Toxapex|95/100|[from] Sandstorm\n|-heal|p2a: Toxapex|100/100|[from] item: Leftovers\n|-damage|p1a: Tyranitar|65/100 psn|[from] psn\n|-damage|p1b: Sinistcha|82/100 tox|[from] psn\n|upkeep\n|turn|8\n|\n|t:|1776589816\n|move|p2b: Crabominable|Drain Punch|p1a: Tyranitar\n|-supereffective|p1a: Tyranitar|2\n|-damage|p1a: Tyranitar|17/100 psn\n|-heal|p2b: Crabominable|100/100|[from] drain|[of] p1a: Tyranitar\n|move|p1a: Tyranitar|Low Kick|p2b: Crabominable\n|-supereffective|p2b: Crabominable|1\n|-enditem|p2b: Crabominable|Focus Sash\n|-damage|p2b: Crabominable|1/100\n|move|p1b: Sinistcha|Strength Sap|p2b: Crabominable\n|-unboost|p2b: Crabominable|atk|1\n|-heal|p1b: Sinistcha|100/100 tox\n|move|p2a: Toxapex|Ice Beam|p1b: Sinistcha\n|-supereffective|p1b: Sinistcha|1\n|-damage|p1b: Sinistcha|55/100 tox\n|\n|-weather|Sandstorm|[upkeep]\n|-damage|p2b: Crabominable|0 fnt|[from] Sandstorm\n|-damage|p1b: Sinistcha|49/100 tox|[from] Sandstorm\n|-damage|p2a: Toxapex|95/100|[from] Sandstorm\n|faint|p2b: Crabominable\n|-heal|p2a: Toxapex|100/100|[from] item: Leftovers\n|-damage|p1a: Tyranitar|5/100 psn|[from] psn\n|-damage|p1b: Sinistcha|31/100 tox|[from] psn\n|upkeep\n|\n|t:|1776589840\n|switch|p2b: Gliscor|Gliscor, L50, M|80/100\n|turn|9\n|\n|t:|1776589877\n|move|p2b: Gliscor|Acrobatics|p1a: Tyranitar\n|-resisted|p1a: Tyranitar|1\n|-damage|p1a: Tyranitar|0 fnt\n|faint|p1a: Tyranitar\n|move|p1b: Sinistcha|Matcha Gotcha|p2b: Gliscor|[spread] p2a,p2b\n|-damage|p2a: Toxapex|72/100\n|-heal|p1b: Sinistcha|46/100 tox|[from] drain|[of] p2a: Toxapex\n|-damage|p2b: Gliscor|29/100\n|-heal|p1b: Sinistcha|73/100 tox|[from] drain|[of] p2b: Gliscor\n|move|p2a: Toxapex|Ice Beam|p1b: Sinistcha\n|-supereffective|p1b: Sinistcha|1\n|-damage|p1b: Sinistcha|28/100 tox\n|\n|-weather|Sandstorm|[upkeep]\n|-damage|p1b: Sinistcha|22/100 tox|[from] Sandstorm\n|-damage|p2a: Toxapex|66/100|[from] Sandstorm\n|-heal|p2a: Toxapex|72/100|[from] item: Leftovers\n|-damage|p1b: Sinistcha|0 fnt|[from] psn\n|faint|p1b: Sinistcha\n|upkeep\n|\n|t:|1776589883\n|switch|p1a: Incineroar|Incineroar, L50, F|95/100 tox\n|-ability|p1a: Incineroar|Intimidate|boost\n|-unboost|p2a: Toxapex|atk|1\n|-unboost|p2b: Gliscor|atk|1\n|turn|10\n|\n|t:|1776589916\n|move|p2b: Gliscor|Fling|p1a: Incineroar\n|-resisted|p1a: Incineroar|1\n|-damage|p1a: Incineroar|92/100 tox\n|-enditem|p2b: Gliscor|Light Ball|[from] move: Fling\n|move|p1a: Incineroar|Flare Blitz|p2b: Gliscor\n|-damage|p2b: Gliscor|0 fnt\n|faint|p2b: Gliscor\n|-damage|p1a: Incineroar|84/100 tox|[from] Recoil\n|move|p2a: Toxapex|Ice Beam|p1a: Incineroar\n|-resisted|p1a: Incineroar|1\n|-damage|p1a: Incineroar|74/100 tox\n|\n|-weather|Sandstorm|[upkeep]\n|-damage|p1a: Incineroar|69/100 tox|[from] Sandstorm\n|-damage|p2a: Toxapex|66/100|[from] Sandstorm\n|-heal|p2a: Toxapex|72/100|[from] item: Leftovers\n|-damage|p1a: Incineroar|63/100 tox|[from] psn\n|upkeep\n|turn|11\n|\n|t:|1776589938\n|move|p1a: Incineroar|Flare Blitz|p2a: Toxapex\n|-resisted|p2a: Toxapex|1\n|-damage|p2a: Toxapex|49/100\n|-damage|p1a: Incineroar|56/100 tox|[from] Recoil\n|move|p2a: Toxapex|Recover|p2a: Toxapex\n|-heal|p2a: Toxapex|99/100\n|\n|-weather|none\n|-heal|p2a: Toxapex|100/100|[from] item: Leftovers\n|-damage|p1a: Incineroar|44/100 tox|[from] psn\n|upkeep\n|turn|12\n|-message|icrank90s forfeited.\n|\n|win|Nasspeko\n|raw|icrank90s's rating: 1000 &rarr; <strong>1000</strong><br />(+0 for losing)\n|raw|Nasspeko's rating: 1006 &rarr; <strong>1044</strong><br />(+38 for winning)\n|l|\u2606icrank90s\n|player|p1|\n",
  "uploadtime": 1776589960,
  "views": 22,
  "formatid": "gen9championsvgc2026regma",
  "rating": 1000,
  "private": 0,
  "password": null
}