{
  "id": "gen9championsvgc2026regma-2581937642",
  "format": "[Gen 9 Champions] VGC 2026 Reg M-A",
  "players": [
    "justintanginamo",
    "gfdsdfdhdh"
  ],
  "log": "|j|\u2606justintanginamo\n|j|\u2606gfdsdfdhdh\n|t:|1776041401\n|gametype|doubles\n|player|p1|justintanginamo|265|1114\n|player|p2|gfdsdfdhdh|101|1191\n|gen|9\n|tier|[Gen 9 Champions] VGC 2026 Reg M-A\n|rated|\n|rule|Species Clause: Limit one of each Pok\u00e9mon\n|rule|Item Clause: Limit 1 of each item\n|clearpoke\n|poke|p1|Floette-Eternal, L50, F|\n|poke|p1|Aerodactyl, L50, M|\n|poke|p1|Sneasler, L50, M|\n|poke|p1|Kingambit, L50, F|\n|poke|p1|Charizard, L50, M|\n|poke|p1|Incineroar, L50, M|\n|poke|p2|Whimsicott, L50, M|\n|poke|p2|Froslass, L50, F|\n|poke|p2|Milotic, L50, M|\n|poke|p2|Garchomp, L50, M|\n|poke|p2|Kingambit, L50, F|\n|poke|p2|Rotom-Heat, L50|\n|teampreview|4\ngfdsdfdhdh rejected open team sheets.\n|inactive|Battle timer is ON: inactive players will automatically lose when time's up. (requested by gfdsdfdhdh)\n|\n|t:|1776041462\n|teamsize|p1|4\n|teamsize|p2|4\n|start\n|switch|p1a: Aerodactyl|Aerodactyl, L50, M|100/100\n|switch|p1b: Sneasler|Sneasler, L50, M|100/100\n|switch|p2a: Garchomp|Garchomp, L50, M|100/100\n|switch|p2b: Milotic|Milotic, L50, M|100/100\n|-ability|p1a: Aerodactyl|Unnerve\n|turn|1\n|inactive|justintanginamo has 30 seconds left.\n|inactive|gfdsdfdhdh has 30 seconds left.\n|inactive|justintanginamo has 20 seconds left.\n|\n|t:|1776041497\n|move|p1b: Sneasler|Fake Out|p2b: Milotic\n|-damage|p2b: Milotic|85/100\n|move|p2a: Garchomp|Stomping Tantrum|p1b: Sneasler\n|-supereffective|p1b: Sneasler|1\n|-damage|p1b: Sneasler|0 fnt\n|faint|p1b: Sneasler\n|move|p1a: Aerodactyl|Rock Slide|p2a: Garchomp|[spread] p2a,p2b\n|-resisted|p2a: Garchomp|1\n|-damage|p2a: Garchomp|88/100\n|-damage|p2b: Milotic|55/100\n|cant|p2b: Milotic|flinch\n|\n|-heal|p2b: Milotic|61/100|[from] item: Leftovers\n|upkeep\n|\n|t:|1776041506\n|switch|p1b: Floette|Floette-Eternal, L50, F|100/100\n|turn|2\n|\n|t:|1776041515\n|detailschange|p1b: Floette|Floette-Mega, L50, F\n|-mega|p1b: Floette|Floette|Floettite\n|-ability|p1b: Floette|Fairy Aura\n|move|p2a: Garchomp|Stomping Tantrum|p1b: Floette\n|-damage|p1b: Floette|58/100\n|move|p1a: Aerodactyl|Tailwind|p1a: Aerodactyl\n|-sidestart|p1: justintanginamo|move: Tailwind\n|move|p1b: Floette|Dazzling Gleam|p2a: Garchomp|[spread] p2a,p2b\n|-supereffective|p2a: Garchomp|1\n|-damage|p2a: Garchomp|0 fnt\n|-damage|p2b: Milotic|27/100\n|faint|p2a: Garchomp\n|move|p2b: Milotic|Scald|p1a: Aerodactyl\n|-supereffective|p1a: Aerodactyl|1\n|-enditem|p1a: Aerodactyl|Focus Sash\n|-damage|p1a: Aerodactyl|1/100\n|\n|-heal|p2b: Milotic|33/100|[from] item: Leftovers\n|upkeep\n|\n|t:|1776041533\n|switch|p2a: Whimsicott|Whimsicott, L50, M|100/100\n|turn|3\n|\n|t:|1776041551\n|move|p2a: Whimsicott|Tailwind|p2a: Whimsicott\n|-sidestart|p2: gfdsdfdhdh|move: Tailwind\n|move|p1a: Aerodactyl|Dual Wingbeat|p2a: Whimsicott|[miss]\n|-miss|p1a: Aerodactyl|p2a: Whimsicott\n|move|p1b: Floette|Dazzling Gleam|p2b: Milotic|[spread] p2a,p2b\n|-damage|p2a: Whimsicott|26/100\n|-damage|p2b: Milotic|0 fnt\n|faint|p2b: Milotic\n|\n|upkeep\n|\n|t:|1776041558\n|switch|p2b: Froslass|Froslass, L50, F|100/100\n|turn|4\n|\n|t:|1776041575\n|switch|p1a: Incineroar|Incineroar, L50, M|100/100\n|-ability|p1a: Incineroar|Intimidate|boost\n|-unboost|p2a: Whimsicott|atk|1\n|-unboost|p2b: Froslass|atk|1\n|detailschange|p2b: Froslass|Froslass-Mega, L50, F\n|-mega|p2b: Froslass|Froslass|Froslassite\n|-weather|Snowscape|[from] ability: Snow Warning|[of] p2b: Froslass\n|move|p1b: Floette|Protect|p1b: Floette\n|-singleturn|p1b: Floette|Protect\n|move|p2a: Whimsicott|Encore|p1a: Incineroar\n|-hint|Since gen 7, Dark is immune to Prankster moves.\n|-immune|p1a: Incineroar\n|move|p2b: Froslass|Blizzard|p1b: Floette|[spread] p1a\n|-activate|p1b: Floette|move: Protect\n|-resisted|p1a: Incineroar|1\n|-damage|p1a: Incineroar|81/100\n|\n|-weather|Snowscape|[upkeep]\n|upkeep\n|turn|5\n|-message|gfdsdfdhdh forfeited.\n|\n|win|justintanginamo\n|raw|justintanginamo's rating: 1114 &rarr; <strong>1144</strong><br />(+30 for winning)\n|raw|gfdsdfdhdh's rating: 1191 &rarr; <strong>1161</strong><br />(-30 for losing)\n|l|\u2606gfdsdfdhdh\n|player|p2|\n",
  "uploadtime": 1776041599,
  "views": 46,
  "formatid": "gen9championsvgc2026regma",
  "rating": 1144,
  "private": 0,
  "password": null
}