{
  "id": "gen9championsvgc2026regma-2585770830",
  "format": "[Gen 9 Champions] VGC 2026 Reg M-A",
  "players": [
    "jaffari epistani",
    "sicle"
  ],
  "log": "|j|\u2606jaffari epistani\n|j|\u2606sicle\n|t:|1776369436\n|gametype|doubles\n|player|p1|jaffari epistani|juan|1231\n|player|p2|sicle|1|1206\n|gen|9\n|tier|[Gen 9 Champions] VGC 2026 Reg M-A\n|rated|\n|rule|Species Clause: Limit one of each Pok\u00e9mon\n|rule|Item Clause: Limit 1 of each item\n|clearpoke\n|poke|p1|Aerodactyl, L50, M|\n|poke|p1|Charizard, L50, F|\n|poke|p1|Garchomp, L50, F|\n|poke|p1|Venusaur, L50, M|\n|poke|p1|Kingambit, L50, F|\n|poke|p1|Sneasler, L50, F|\n|poke|p2|Arcanine, L50, M|\n|poke|p2|Alakazam, L50, M|\n|poke|p2|Sinistcha, L50|\n|poke|p2|Milotic, L50, M|\n|poke|p2|Drampa, L50, M|\n|poke|p2|Aggron, L50, M|\n|teampreview|4\n|inactive|Battle timer is ON: inactive players will automatically lose when time's up. (requested by jaffari epistani)\n|inactive|jaffari epistani has 60 seconds left.\n|inactive|sicle has 60 seconds left.\n|\n|t:|1776369480\n|teamsize|p1|4\n|teamsize|p2|4\n|start\n|switch|p1a: Charizard|Charizard, L50, F|100/100\n|switch|p1b: Kingambit|Kingambit, L50, F|100/100\n|switch|p2a: Alakazam|Alakazam, L50, M|100/100\n|switch|p2b: Drampa|Drampa, L50, M|100/100\n|-ability|p2b: Drampa|Cloud Nine\n|turn|1\n|inactive|sicle has 30 seconds left.\n|\n|t:|1776369509\n|detailschange|p1a: Charizard|Charizard-Mega-Y, L50, F\n|-mega|p1a: Charizard|Charizard|Charizardite Y\n|-weather|SunnyDay|[from] ability: Drought|[of] p1a: Charizard\n|detailschange|p2b: Drampa|Drampa-Mega, L50, M\n|-mega|p2b: Drampa|Drampa|Drampanite\n|move|p2a: Alakazam|Speed Swap|p2b: Drampa\n|-activate|p2a: Alakazam|move: Speed Swap|[of] p2b: Drampa\n|move|p2b: Drampa|Earth Power|p1b: Kingambit\n|-supereffective|p1b: Kingambit|1\n|-damage|p1b: Kingambit|12/100\n|move|p1a: Charizard|Heat Wave|p2b: Drampa|[spread] p2a,p2b\n|-resisted|p2b: Drampa|1\n|-damage|p2a: Alakazam|33/100\n|-damage|p2b: Drampa|76/100\n|move|p1b: Kingambit|Kowtow Cleave|p2a: Alakazam\n|-supereffective|p2a: Alakazam|1\n|-damage|p2a: Alakazam|0 fnt\n|faint|p2a: Alakazam\n|\n|-weather|SunnyDay|[upkeep]\n|upkeep\n|\n|t:|1776369524\n|switch|p2a: Sinistcha|Sinistcha, L50|100/100\n|-heal|p2b: Drampa|100/100|[from] ability: Hospitality|[of] p2a: Sinistcha\n|turn|2\n|\n|t:|1776369544\n|switch|p2a: Milotic|Milotic, L50, M|100/100\n|move|p2b: Drampa|Hyper Voice|p1a: Charizard|[spread] p1a,p1b\n|-resisted|p1b: Kingambit|1\n|-damage|p1a: Charizard|59/100\n|-damage|p1b: Kingambit|0 fnt\n|faint|p1b: Kingambit\n|move|p1a: Charizard|Heat Wave|p2b: Drampa|[spread] p2a,p2b\n|-resisted|p2a: Milotic|1\n|-resisted|p2b: Drampa|1\n|-damage|p2a: Milotic|80/100\n|-damage|p2b: Drampa|75/100\n|\n|-weather|SunnyDay|[upkeep]\n|-heal|p2a: Milotic|86/100|[from] item: Leftovers\n|upkeep\n|\n|t:|1776369550\n|switch|p1b: Garchomp|Garchomp, L50, F|100/100\n|turn|3\n|\n|t:|1776369562\n|move|p2b: Drampa|Protect|p2b: Drampa\n|-singleturn|p2b: Drampa|Protect\n|move|p1b: Garchomp|Earthquake|p2b: Drampa|[spread] p2a\n|-activate|p2b: Drampa|move: Protect\n|-immune|p1a: Charizard\n|-damage|p2a: Milotic|52/100\n|move|p1a: Charizard|Solar Beam||[still]\n|-prepare|p1a: Charizard|Solar Beam\n|-anim|p1a: Charizard|Solar Beam|p2a: Milotic\n|-supereffective|p2a: Milotic|1\n|-damage|p2a: Milotic|0 fnt\n|faint|p2a: Milotic\n|\n|-weather|SunnyDay|[upkeep]\n|upkeep\n|\n|t:|1776369572\n|switch|p2a: Sinistcha|Sinistcha, L50|100/100\n|-heal|p2b: Drampa|99/100|[from] ability: Hospitality|[of] p2a: Sinistcha\n|turn|4\n|\n|t:|1776369582\n|switch|p1b: Venusaur|Venusaur, L50, M|100/100\n|move|p2a: Sinistcha|Rage Powder|p2a: Sinistcha\n|-singleturn|p2a: Sinistcha|move: Rage Powder\n|move|p2b: Drampa|Hyper Voice|p1a: Charizard|[spread] p1a,p1b\n|-damage|p1a: Charizard|16/100\n|-damage|p1b: Venusaur|54/100\n|move|p1a: Charizard|Weather Ball|p2a: Sinistcha\n|-supereffective|p2a: Sinistcha|1\n|-damage|p2a: Sinistcha|0 fnt\n|faint|p2a: Sinistcha\n|\n|-weather|SunnyDay|[upkeep]\n|upkeep\n|turn|5\n|\n|t:|1776369602\n|move|p2b: Drampa|Protect|p2b: Drampa\n|-singleturn|p2b: Drampa|Protect\n|move|p1b: Venusaur|Sludge Bomb|p2b: Drampa\n|-activate|p2b: Drampa|move: Protect\n|move|p1a: Charizard|Weather Ball|p2b: Drampa\n|-activate|p2b: Drampa|move: Protect\n|\n|-weather|none\n|upkeep\n|turn|6\n|\n|t:|1776369611\n|move|p2b: Drampa|Calm Mind|p2b: Drampa\n|-boost|p2b: Drampa|spa|1\n|-boost|p2b: Drampa|spd|1\n|move|p1a: Charizard|Weather Ball|p2b: Drampa\n|-damage|p2b: Drampa|90/100\n|move|p1b: Venusaur|Sludge Bomb|p2b: Drampa\n|-damage|p2b: Drampa|66/100\n|\n|upkeep\n|turn|7\n|\n|t:|1776369618\n|move|p2b: Drampa|Calm Mind|p2b: Drampa\n|-boost|p2b: Drampa|spa|1\n|-boost|p2b: Drampa|spd|1\n|move|p1a: Charizard|Weather Ball|p2b: Drampa\n|-damage|p2b: Drampa|57/100\n|move|p1b: Venusaur|Sludge Bomb|p2b: Drampa\n|-damage|p2b: Drampa|38/100\n|-status|p2b: Drampa|psn\n|-ability|p2b: Drampa|Berserk|boost\n|-boost|p2b: Drampa|spa|1\n|\n|-damage|p2b: Drampa|26/100 psn|[from] psn\n|upkeep\n|turn|8\n|\n|t:|1776369626\n|move|p2b: Drampa|Hyper Voice|p1a: Charizard|[spread] p1a,p1b\n|-damage|p1a: Charizard|0 fnt\n|-damage|p1b: Venusaur|0 fnt\n|faint|p1a: Charizard\n|faint|p1b: Venusaur\n|\n|-damage|p2b: Drampa|13/100 psn|[from] psn\n|upkeep\n|\n|t:|1776369629\n|switch|p1b: Garchomp|Garchomp, L50, F|100/100\n|turn|9\n|\n|t:|1776369632\n|move|p2b: Drampa|Hyper Voice|p1b: Garchomp\n|-damage|p1b: Garchomp|0 fnt\n|faint|p1b: Garchomp\n|\n|win|sicle\n|raw|jaffari epistani's rating: 1231 &rarr; <strong>1204</strong><br />(-27 for losing)\n|raw|sicle's rating: 1206 &rarr; <strong>1233</strong><br />(+27 for winning)\n",
  "uploadtime": 1776369655,
  "views": 23,
  "formatid": "gen9championsvgc2026regma",
  "rating": 1204,
  "private": 0,
  "password": null
}