{
  "id": "gen9championsvgc2026regma-2587800244",
  "format": "[Gen 9 Champions] VGC 2026 Reg M-A",
  "players": [
    "ned04817",
    "Clearfield PA"
  ],
  "log": "|j|\u2606ned04817\n|j|\u2606Clearfield PA\n|t:|1776565276\n|gametype|doubles\n|player|p1|ned04817|102|1421\n|player|p2|Clearfield PA|bugsy|1557\n|gen|9\n|tier|[Gen 9 Champions] VGC 2026 Reg M-A\n|rated|\n|rule|Species Clause: Limit one of each Pok\u00e9mon\n|rule|Item Clause: Limit 1 of each item\n|clearpoke\n|poke|p1|Delphox, L50, F|\n|poke|p1|Aegislash, L50, M|\n|poke|p1|Sneasler, L50, M|\n|poke|p1|Garchomp, L50, F|\n|poke|p1|Aerodactyl, L50, M|\n|poke|p1|Floette-Eternal, L50, F|\n|poke|p2|Pidgeot, L50, F|\n|poke|p2|Sylveon, L50, M|\n|poke|p2|Excadrill, L50, M|\n|poke|p2|Kangaskhan, L50, F|\n|poke|p2|Tsareena, L50, F|\n|poke|p2|Gengar, L50, F|\n|teampreview|4\nned04817 has agreed to open team sheets.\n|\n|t:|1776565322\n|teamsize|p1|4\n|teamsize|p2|4\n|start\n|switch|p1a: Delphox|Delphox, L50, F|100/100\n|switch|p1b: Sneasler|Sneasler, L50, M|100/100\n|switch|p2a: Gengar|Gengar, L50, F|100/100\n|switch|p2b: Pidgeot|Pidgeot, L50, F|100/100\n|turn|1\n|\n|t:|1776565355\n|detailschange|p1a: Delphox|Delphox-Mega, L50, F\n|-mega|p1a: Delphox|Delphox|Delphoxite\n|detailschange|p2b: Pidgeot|Pidgeot-Mega, L50, F\n|-mega|p2b: Pidgeot|Pidgeot|Pidgeotite\n|move|p1b: Sneasler|Fake Out|p2b: Pidgeot\n|-damage|p2b: Pidgeot|80/100\n|move|p2a: Gengar|Shadow Ball|p1a: Delphox\n|-supereffective|p1a: Delphox|1\n|-damage|p1a: Delphox|14/100\n|move|p1a: Delphox|Psyshock|p2a: Gengar\n|-supereffective|p2a: Gengar|1\n|-damage|p2a: Gengar|0 fnt\n|faint|p2a: Gengar\n|cant|p2b: Pidgeot|flinch\n|\n|upkeep\n|\n|t:|1776565368\n|switch|p2a: Excadrill|Excadrill, L50, M|100/100\n|-ability|p2a: Excadrill|Mold Breaker\n|turn|2\n|\n|t:|1776565385\n|move|p1b: Sneasler|Protect|p1b: Sneasler\n|-singleturn|p1b: Sneasler|Protect\n|move|p1a: Delphox|Heat Wave|p2b: Pidgeot|[spread] p2a,p2b\n|-supereffective|p2a: Excadrill|1\n|-enditem|p2a: Excadrill|Focus Sash\n|-damage|p2a: Excadrill|1/100\n|-damage|p2b: Pidgeot|23/100\n|move|p2b: Pidgeot|Tailwind|p2b: Pidgeot\n|-sidestart|p2: Clearfield PA|move: Tailwind\n|move|p2a: Excadrill|Earthquake|p1b: Sneasler|[spread] p1a\n|-activate|p1b: Sneasler|move: Protect\n|-immune|p2b: Pidgeot\n|-supereffective|p1a: Delphox|1\n|-damage|p1a: Delphox|0 fnt\n|faint|p1a: Delphox\n|\n|upkeep\n|\n|t:|1776565422\n|switch|p1a: Aegislash|Aegislash, L50, M|100/100\n|turn|3\n|\n|t:|1776565427\n|switch|p1b: Garchomp|Garchomp, L50, F|100/100\n|move|p2a: Excadrill|Protect|p2a: Excadrill\n|-singleturn|p2a: Excadrill|Protect\n|-formechange|p1a: Aegislash|Aegislash-Blade|\n|move|p1a: Aegislash|Shadow Sneak|p2a: Excadrill\n|-activate|p2a: Excadrill|move: Protect\n|move|p2b: Pidgeot|Hurricane|p1b: Garchomp\n|-damage|p1b: Garchomp|40/100\n|-start|p1b: Garchomp|confusion\n|\n|upkeep\n|turn|4\n|\n|t:|1776565470\n|switch|p2a: Sylveon|Sylveon, L50, M|100/100\n|move|p1a: Aegislash|Shadow Sneak|p2a: Sylveon\n|-damage|p2a: Sylveon|59/100\n|move|p2b: Pidgeot|Hurricane|p1b: Garchomp\n|-damage|p1b: Garchomp|0 fnt\n|faint|p1b: Garchomp\n|\n|upkeep\n|\n|t:|1776565476\n|switch|p1b: Sneasler|Sneasler, L50, M|100/100\n|turn|5\n|\n|t:|1776565500\n|move|p2b: Pidgeot|Protect|p2b: Pidgeot\n|-singleturn|p2b: Pidgeot|Protect\n|move|p1b: Sneasler|Fake Out|p2b: Pidgeot\n|-activate|p2b: Pidgeot|move: Protect\n|move|p2a: Sylveon|Hyper Voice|p1a: Aegislash|[spread] p1a,p1b\n|-resisted|p1a: Aegislash|1\n|-damage|p1a: Aegislash|54/100\n|-damage|p1b: Sneasler|38/100\n|move|p1a: Aegislash|Poltergeist|p2a: Sylveon\n|-activate|p2a: Sylveon|move: Poltergeist|Fairy Feather\n|-damage|p2a: Sylveon|0 fnt\n|faint|p2a: Sylveon\n|\n|-sideend|p2: Clearfield PA|move: Tailwind\n|upkeep\n|\n|t:|1776565511\n|switch|p2a: Excadrill|Excadrill, L50, M|1/100\n|-ability|p2a: Excadrill|Mold Breaker\n|turn|6\n|\n|t:|1776565523\n|move|p1b: Sneasler|Protect|p1b: Sneasler\n|-singleturn|p1b: Sneasler|Protect\n|move|p2b: Pidgeot|Hurricane|p1b: Sneasler\n|-activate|p1b: Sneasler|move: Protect\n|move|p2a: Excadrill|Earthquake|p1b: Sneasler|[spread] p1a\n|-activate|p1b: Sneasler|move: Protect\n|-immune|p2b: Pidgeot\n|-supereffective|p1a: Aegislash|1\n|-damage|p1a: Aegislash|0 fnt\n|faint|p1a: Aegislash\n|\n|upkeep\n|turn|7\n|\n|t:|1776565532\n|move|p2b: Pidgeot|Hurricane|p1b: Sneasler\n|-supereffective|p1b: Sneasler|1\n|-damage|p1b: Sneasler|0 fnt\n|faint|p1b: Sneasler\n|\n|win|Clearfield PA\n|raw|ned04817's rating: 1421 &rarr; <strong>1408</strong><br />(-13 for losing)\n|raw|Clearfield PA's rating: 1557 &rarr; <strong>1570</strong><br />(+13 for winning)\n|l|\u2606Clearfield PA\n|player|p2|\n",
  "uploadtime": 1776565542,
  "views": 19,
  "formatid": "gen9championsvgc2026regma",
  "rating": 1408,
  "private": 0,
  "password": null
}