{
  "id": "gen9championsvgc2026regma-2586226373",
  "format": "[Gen 9 Champions] VGC 2026 Reg M-A",
  "players": [
    "Lawano",
    "nanamixd"
  ],
  "log": "|j|\u2606Lawano\n|j|\u2606nanamixd\n|t:|1776414661\n|gametype|doubles\n|player|p1|Lawano|zinzolin|1042\n|player|p2|nanamixd|102|1131\n|gen|9\n|tier|[Gen 9 Champions] VGC 2026 Reg M-A\n|rated|\n|rule|Species Clause: Limit one of each Pok\u00e9mon\n|rule|Item Clause: Limit 1 of each item\n|clearpoke\n|poke|p1|Banette, L50, F|\n|poke|p1|Kleavor, L50, M|\n|poke|p1|Kommo-o, L50, M|\n|poke|p1|Clawitzer, L50, F|\n|poke|p1|Aerodactyl, L50, M|\n|poke|p1|Altaria, L50, F|\n|poke|p2|Gardevoir, L50, M|\n|poke|p2|Froslass, L50, F|\n|poke|p2|Garchomp, L50, F|\n|poke|p2|Sneasler, L50, M|\n|poke|p2|Kingambit, L50, F|\n|poke|p2|Basculegion, L50, M|\n|teampreview|4\n|inactive|Battle timer is ON: inactive players will automatically lose when time's up. (requested by nanamixd)\n|\n|t:|1776414708\n|teamsize|p1|4\n|teamsize|p2|4\n|start\n|switch|p1a: Aerodactyl|Aerodactyl, L50, M|100/100\n|switch|p1b: Banette|Banette, L50, F|100/100\n|switch|p2a: Gardevoir|Gardevoir, L50, M, shiny|100/100\n|switch|p2b: Sneasler|Sneasler, L50, M|100/100\n|-ability|p1a: Aerodactyl|Unnerve\n|-item|p2a: Gardevoir|Gardevoirite|[from] ability: Frisk|[of] p1b: Banette\n|-item|p2b: Sneasler|White Herb|[from] ability: Frisk|[of] p1b: Banette\n|turn|1\n|inactive|nanamixd has 30 seconds left.\n|inactive|nanamixd has 20 seconds left.\n|\n|t:|1776414757\n|switch|p2a: Garchomp|Garchomp, L50, F|100/100\n|detailschange|p1b: Banette|Banette-Mega, L50, F\n|-mega|p1b: Banette|Banette|Banettite\n|move|p1a: Aerodactyl|Protect|p1a: Aerodactyl\n|-singleturn|p1a: Aerodactyl|Protect\n|move|p2b: Sneasler|Fake Out|p1a: Aerodactyl\n|-activate|p1a: Aerodactyl|move: Protect\n|move|p1b: Banette|Poltergeist|p2a: Garchomp\n|-activate|p2a: Garchomp|move: Poltergeist|Sitrus Berry\n|-damage|p2a: Garchomp|39/100\n|\n|upkeep\n|turn|2\n|inactive|Lawano has 30 seconds left.\n|inactive|nanamixd has 30 seconds left.\n|inactive|Lawano has 20 seconds left.\n|inactive|Lawano has 15 seconds left.\n|inactive|Lawano has 10 seconds left.\n|inactive|Lawano has 5 seconds left.\n|\n|t:|1776414809\n|move|p1b: Banette|Thunder Wave|p2b: Sneasler\n|-status|p2b: Sneasler|par\n|move|p1a: Aerodactyl|Tailwind|p1a: Aerodactyl\n|-sidestart|p1: Lawano|move: Tailwind\n|move|p2a: Garchomp|Dragon Claw|p1b: Banette\n|-damage|p1b: Banette|49/100\n|move|p2b: Sneasler|Close Combat|p1a: Aerodactyl\n|-crit|p1a: Aerodactyl\n|-damage|p1a: Aerodactyl|0 fnt\n|-unboost|p2b: Sneasler|def|1\n|-unboost|p2b: Sneasler|spd|1\n|-enditem|p2a: Garchomp|Sitrus Berry|[eat]\n|-heal|p2a: Garchomp|64/100|[from] item: Sitrus Berry\n|faint|p1a: Aerodactyl\n|-enditem|p2b: Sneasler|White Herb\n|-clearnegativeboost|p2b: Sneasler|[silent]\n|\n|upkeep\n|inactive|Lawano has 30 seconds left.\n|\n|t:|1776414836\n|switch|p1a: Kommo-o|Kommo-o, L50, M|100/100\n|turn|3\n|\n|t:|1776414860\n|switch|p1b: Clawitzer|Clawitzer, L50, F|100/100\n|move|p1a: Kommo-o|Iron Defense|p1a: Kommo-o\n|-boost|p1a: Kommo-o|def|2\n|move|p2b: Sneasler|Close Combat|p1a: Kommo-o\n|-damage|p1a: Kommo-o|73/100\n|-unboost|p2b: Sneasler|def|1\n|-unboost|p2b: Sneasler|spd|1\n|move|p2a: Garchomp|Dragon Claw|p1a: Kommo-o\n|-supereffective|p1a: Kommo-o|1\n|-damage|p1a: Kommo-o|43/100\n|\n|-heal|p1a: Kommo-o|49/100|[from] item: Leftovers\n|upkeep\n|turn|4\n|\n|t:|1776414884\n|move|p1b: Clawitzer|Heal Pulse|p1a: Kommo-o\n|-heal|p1a: Kommo-o|100/100\n|move|p1a: Kommo-o|Clanging Scales|p2b: Sneasler|[spread] p2a,p2b\n|-supereffective|p2a: Garchomp|1\n|-damage|p2a: Garchomp|0 fnt\n|-damage|p2b: Sneasler|39/100 par\n|faint|p2a: Garchomp\n|-unboost|p1a: Kommo-o|def|1\n|move|p2b: Sneasler|Dire Claw|p1a: Kommo-o\n|-damage|p1a: Kommo-o|75/100\n|\n|-heal|p1a: Kommo-o|81/100|[from] item: Leftovers\n|upkeep\n|\n|t:|1776414896\n|switch|p2a: Gardevoir|Gardevoir, L50, M, shiny|100/100\n|turn|5\n|\n|t:|1776414919\n|detailschange|p2a: Gardevoir|Gardevoir-Mega, L50, M, shiny\n|-mega|p2a: Gardevoir|Gardevoir|Gardevoirite\n|move|p1a: Kommo-o|Protect|p1a: Kommo-o\n|-singleturn|p1a: Kommo-o|Protect\n|move|p1b: Clawitzer|Water Pulse|p2a: Gardevoir\n|-damage|p2a: Gardevoir|66/100\n|move|p2b: Sneasler|Dire Claw|p1a: Kommo-o\n|-activate|p1a: Kommo-o|move: Protect\n|move|p2a: Gardevoir|Psyshock|p1a: Kommo-o\n|-activate|p1a: Kommo-o|move: Protect\n|\n|-heal|p1a: Kommo-o|87/100|[from] item: Leftovers\n|-sideend|p1: Lawano|move: Tailwind\n|upkeep\n|turn|6\n|\n|t:|1776414942\n|switch|p1a: Banette|Banette-Mega, L50, F|49/100\n|cant|p2b: Sneasler|par\n|move|p2a: Gardevoir|Psyshock|p1a: Banette\n|-damage|p1a: Banette|0 fnt\n|faint|p1a: Banette\n|move|p1b: Clawitzer|Dark Pulse|p2a: Gardevoir\n|-damage|p2a: Gardevoir|34/100\n|\n|upkeep\n|\n|t:|1776414952\n|switch|p1a: Kommo-o|Kommo-o, L50, M|87/100\n|turn|7\n|\n|t:|1776414964\n|move|p1a: Kommo-o|Protect|p1a: Kommo-o\n|-singleturn|p1a: Kommo-o|Protect\n|move|p2b: Sneasler|Close Combat|p1b: Clawitzer\n|-damage|p1b: Clawitzer|8/100\n|-unboost|p2b: Sneasler|def|1\n|-unboost|p2b: Sneasler|spd|1\n|move|p2a: Gardevoir|Hyper Voice|p1a: Kommo-o|[spread] p1b\n|-activate|p1a: Kommo-o|move: Protect\n|-damage|p1b: Clawitzer|0 fnt\n|faint|p1b: Clawitzer\n|\n|-heal|p1a: Kommo-o|93/100|[from] item: Leftovers\n|upkeep\n|turn|8\n|\n|t:|1776414977\n|move|p2b: Sneasler|Close Combat|p1a: Kommo-o\n|-damage|p1a: Kommo-o|38/100\n|-unboost|p2b: Sneasler|def|1\n|-unboost|p2b: Sneasler|spd|1\n|move|p2a: Gardevoir|Psyshock|p1a: Kommo-o\n|-supereffective|p1a: Kommo-o|1\n|-damage|p1a: Kommo-o|0 fnt\n|faint|p1a: Kommo-o\n|\n|win|nanamixd\n|raw|Lawano's rating: 1042 &rarr; <strong>1030</strong><br />(-12 for losing)\n|raw|nanamixd's rating: 1131 &rarr; <strong>1150</strong><br />(+19 for winning)\n",
  "uploadtime": 1776414977,
  "views": 16,
  "formatid": "gen9championsvgc2026regma",
  "rating": 1030,
  "private": 0,
  "password": null
}