{
  "id": "gen9championsvgc2026regma-2580298249",
  "format": "[Gen 9 Champions] VGC 2026 Reg M-A",
  "players": [
    "kherx",
    "Manolis1862"
  ],
  "log": "|j|\u2606kherx\n|j|\u203dManolis1862\n|t:|1775877432\n|gametype|doubles\n|player|p1|kherx|roxie|1000\n|player|p2|Manolis1862|169|1077\n|gen|9\n|tier|[Gen 9 Champions] VGC 2026 Reg M-A\n|rated|\n|rule|Species Clause: Limit one of each Pok\u00e9mon\n|rule|Item Clause: Limit 1 of each item\n|clearpoke\n|poke|p1|Aerodactyl, L50, M|\n|poke|p1|Hippowdon, L50, F|\n|poke|p1|Garchomp, L50, F|\n|poke|p1|Hydrapple, L50, F|\n|poke|p1|Skarmory, L50, F|\n|poke|p1|Incineroar, L50, M|\n|poke|p2|Archaludon, L50, M|\n|poke|p2|Pelipper, L50, F|\n|poke|p2|Floette-Eternal, L50, F|\n|poke|p2|Sinistcha, L50|\n|poke|p2|Incineroar, L50, F|\n|poke|p2|Froslass, L50, F|\n|teampreview|4\n|\n|t:|1775877461\n|teamsize|p1|4\n|teamsize|p2|4\n|start\n|switch|p1a: Aerodactyl|Aerodactyl, L50, M|100/100\n|switch|p1b: Incineroar|Incineroar, L50, M|100/100\n|switch|p2a: Froslass|Froslass, L50, F|100/100\n|switch|p2b: Incineroar|Incineroar, L50, F|100/100\n|-ability|p1a: Aerodactyl|Pressure\n|-ability|p2b: Incineroar|Intimidate|boost\n|-unboost|p1a: Aerodactyl|atk|1\n|-unboost|p1b: Incineroar|atk|1\n|-ability|p1b: Incineroar|Intimidate|boost\n|-unboost|p2a: Froslass|atk|1\n|-unboost|p2b: Incineroar|atk|1\n|turn|1\n|\n|t:|1775877481\n|switch|p1b: Hippowdon|Hippowdon, L50, F|100/100\n|-weather|Sandstorm|[from] ability: Sand Stream|[of] p1b: Hippowdon\n|detailschange|p1a: Aerodactyl|Aerodactyl-Mega, L50, M\n|-mega|p1a: Aerodactyl|Aerodactyl|Aerodactylite\n|detailschange|p2a: Froslass|Froslass-Mega, L50, F\n|-mega|p2a: Froslass|Froslass|Froslassite\n|-weather|Snowscape|[from] ability: Snow Warning|[of] p2a: Froslass\n|move|p2b: Incineroar|Fake Out|p1a: Aerodactyl\n|-resisted|p1a: Aerodactyl|1\n|-damage|p1a: Aerodactyl|95/100\n|cant|p1a: Aerodactyl|flinch\n|move|p2a: Froslass|Aurora Veil|p2a: Froslass\n|-sidestart|p2: Manolis1862|move: Aurora Veil\n|\n|-weather|Snowscape|[upkeep]\n|upkeep\n|turn|2\n|\n|t:|1775877505\n|move|p1b: Hippowdon|Helping Hand|p1a: Aerodactyl\n|-singleturn|p1a: Aerodactyl|Helping Hand|[of] p1b: Hippowdon\n|move|p1a: Aerodactyl|Rock Slide|p2b: Incineroar|[spread] p2a,p2b\n|-supereffective|p2a: Froslass|1\n|-crit|p2a: Froslass\n|-supereffective|p2b: Incineroar|1\n|-damage|p2a: Froslass|0 fnt\n|-damage|p2b: Incineroar|66/100\n|faint|p2a: Froslass\n|move|p2b: Incineroar|Parting Shot|p1a: Aerodactyl\n|-unboost|p1a: Aerodactyl|atk|1\n|-unboost|p1a: Aerodactyl|spa|1\n|\n|t:|1775877517\n|switch|p2b: Archaludon|Archaludon, L50, M|100/100|[from] Parting Shot\n|\n|-weather|Snowscape|[upkeep]\n|upkeep\n|\n|t:|1775877520\n|switch|p2a: Incineroar|Incineroar, L50, F|66/100\n|-ability|p2a: Incineroar|Intimidate|boost\n|-unboost|p1a: Aerodactyl|atk|1\n|-unboost|p1b: Hippowdon|atk|1\n|turn|3\n|\n|t:|1775877541\n|switch|p1a: Hydrapple|Hydrapple, L50, F|100/100\n|-ability|p1a: Hydrapple|Supersweet Syrup\n|-unboost|p2a: Incineroar|evasion|1\n|-unboost|p2b: Archaludon|evasion|1\n|-enditem|p2b: Archaludon|White Herb\n|-clearnegativeboost|p2b: Archaludon|[silent]\n|move|p2a: Incineroar|Fake Out|p1b: Hippowdon\n|-damage|p1b: Hippowdon|92/100\n|move|p2b: Archaludon|Draco Meteor|p1a: Hydrapple\n|-supereffective|p1a: Hydrapple|1\n|-crit|p1a: Hydrapple\n|-damage|p1a: Hydrapple|0 fnt\n|-unboost|p2b: Archaludon|spa|2\n|faint|p1a: Hydrapple\n|cant|p1b: Hippowdon|flinch\n|\n|-weather|Snowscape|[upkeep]\n|-heal|p1b: Hippowdon|98/100|[from] item: Leftovers\n|upkeep\n|\n|t:|1775877564\n|switch|p1a: Incineroar|Incineroar, L50, M|100/100\n|-ability|p1a: Incineroar|Intimidate|boost\n|-unboost|p2a: Incineroar|atk|1\n|-unboost|p2b: Archaludon|atk|1\n|turn|4\n|\n|t:|1775877580\n|switch|p2b: Sinistcha|Sinistcha, L50|100/100\n|-heal|p2a: Incineroar|91/100|[from] ability: Hospitality|[of] p2b: Sinistcha\n|move|p1a: Incineroar|Fake Out|p2a: Incineroar\n|-damage|p2a: Incineroar|85/100\n|cant|p2a: Incineroar|flinch\n|move|p1b: Hippowdon|Yawn|p2b: Sinistcha\n|-start|p2b: Sinistcha|move: Yawn|[of] p1b: Hippowdon\n|\n|-weather|Snowscape|[upkeep]\n|-heal|p1b: Hippowdon|100/100|[from] item: Leftovers\n|upkeep\n|turn|5\n|\n|t:|1775877602\n|move|p2b: Sinistcha|Matcha Gotcha|p1b: Hippowdon|[spread] p1b\n|-miss|p2b: Sinistcha|p1a: Incineroar\n|-supereffective|p1b: Hippowdon|1\n|-crit|p1b: Hippowdon\n|-damage|p1b: Hippowdon|29/100\n|move|p2a: Incineroar|Parting Shot|p1a: Incineroar\n|-unboost|p1a: Incineroar|atk|1\n|-unboost|p1a: Incineroar|spa|1\n|\n|t:|1775877611\n|switch|p2a: Archaludon|Archaludon, L50, M|100/100|[from] Parting Shot\n|move|p1a: Incineroar|Flare Blitz|p2b: Sinistcha\n|-supereffective|p2b: Sinistcha|1\n|-damage|p2b: Sinistcha|60/100\n|-damage|p1a: Incineroar|86/100|[from] Recoil\n|move|p1b: Hippowdon|Body Press|p2a: Archaludon\n|-supereffective|p2a: Archaludon|1\n|-damage|p2a: Archaludon|68/100\n|-ability|p2a: Archaludon|Stamina|boost\n|-boost|p2a: Archaludon|def|1\n|\n|-weather|none\n|-heal|p2b: Sinistcha|66/100|[from] item: Leftovers\n|-heal|p1b: Hippowdon|35/100|[from] item: Leftovers\n|-end|p2b: Sinistcha|move: Yawn|[silent]\n|-status|p2b: Sinistcha|slp\n|-sideend|p2: Manolis1862|move: Aurora Veil\n|upkeep\n|turn|6\n|\n|t:|1775877629\n|move|p2a: Archaludon|Draco Meteor|p1a: Incineroar\n|-damage|p1a: Incineroar|10/100\n|-unboost|p2a: Archaludon|spa|2\n|cant|p2b: Sinistcha|slp\n|move|p1a: Incineroar|Parting Shot|p2a: Archaludon\n|-unboost|p2a: Archaludon|atk|1\n|-unboost|p2a: Archaludon|spa|1\n|\n|t:|1775877637\n|switch|p1a: Aerodactyl|Aerodactyl-Mega, L50, M|95/100|[from] Parting Shot\n|move|p1b: Hippowdon|Earthquake|p2a: Archaludon|[spread] p2a,p2b\n|-immune|p1a: Aerodactyl\n|-supereffective|p2a: Archaludon|1\n|-resisted|p2b: Sinistcha|1\n|-damage|p2a: Archaludon|43/100\n|-damage|p2b: Sinistcha|58/100 slp\n|-ability|p2a: Archaludon|Stamina|boost\n|-boost|p2a: Archaludon|def|1\n|\n|-heal|p2b: Sinistcha|64/100 slp|[from] item: Leftovers\n|-heal|p1b: Hippowdon|41/100|[from] item: Leftovers\n|upkeep\n|turn|7\n|j| fancy cucudrula\n|\n|t:|1775877661\n|move|p2a: Archaludon|Protect|p2a: Archaludon\n|-singleturn|p2a: Archaludon|Protect\n|move|p1a: Aerodactyl|Dragon Dance|p1a: Aerodactyl\n|-boost|p1a: Aerodactyl|atk|1\n|-boost|p1a: Aerodactyl|spe|1\n|-curestatus|p2b: Sinistcha|slp|[msg]\n|move|p2b: Sinistcha|Matcha Gotcha|p1b: Hippowdon|[spread] p1a\n|-miss|p2b: Sinistcha|p1b: Hippowdon\n|-damage|p1a: Aerodactyl|66/100\n|-heal|p2b: Sinistcha|77/100|[from] drain|[of] p1a: Aerodactyl\n|move|p1b: Hippowdon|Yawn|p2a: Archaludon\n|-activate|p2a: Archaludon|move: Protect\n|\n|-heal|p2b: Sinistcha|83/100|[from] item: Leftovers\n|-heal|p1b: Hippowdon|47/100|[from] item: Leftovers\n|upkeep\n|turn|8\n|\n|t:|1775877688\n|switch|p2a: Incineroar|Incineroar, L50, F|85/100\n|-ability|p2a: Incineroar|Intimidate|boost\n|-unboost|p1a: Aerodactyl|atk|1\n|-unboost|p1b: Hippowdon|atk|1\n|move|p1a: Aerodactyl|Rock Slide|p2b: Sinistcha|[spread] p2a,p2b\n|-supereffective|p2a: Incineroar|1\n|-damage|p2a: Incineroar|28/100\n|-damage|p2b: Sinistcha|51/100\n|-enditem|p2a: Incineroar|Sitrus Berry|[eat]\n|-heal|p2a: Incineroar|53/100|[from] item: Sitrus Berry\n|cant|p2b: Sinistcha|flinch\n|move|p1b: Hippowdon|Earthquake|p2b: Sinistcha|[spread] p2a,p2b\n|-immune|p1a: Aerodactyl\n|-supereffective|p2a: Incineroar|1\n|-resisted|p2b: Sinistcha|1\n|-damage|p2a: Incineroar|31/100\n|-damage|p2b: Sinistcha|44/100\n|\n|-heal|p2b: Sinistcha|50/100|[from] item: Leftovers\n|-heal|p1b: Hippowdon|53/100|[from] item: Leftovers\n|upkeep\n|turn|9\n|\n|t:|1775877708\n|switch|p1b: Incineroar|Incineroar, L50, M|10/100\n|-ability|p1b: Incineroar|Intimidate|boost\n|-unboost|p2a: Incineroar|atk|1\n|-unboost|p2b: Sinistcha|atk|1\n|move|p1a: Aerodactyl|Protect|p1a: Aerodactyl\n|-singleturn|p1a: Aerodactyl|Protect\n|move|p2a: Incineroar|Fake Out|p1a: Aerodactyl\n|-activate|p1a: Aerodactyl|move: Protect\n|move|p2b: Sinistcha|Matcha Gotcha|p1b: Incineroar|[spread] p1b\n|-activate|p1a: Aerodactyl|move: Protect\n|-resisted|p1b: Incineroar|1\n|-damage|p1b: Incineroar|0 fnt\n|-heal|p2b: Sinistcha|55/100|[from] drain|[of] p1b: Incineroar\n|faint|p1b: Incineroar\n|\n|-heal|p2b: Sinistcha|61/100|[from] item: Leftovers\n|upkeep\n|\n|t:|1775877724\n|switch|p1b: Hippowdon|Hippowdon, L50, F|53/100\n|-weather|Sandstorm|[from] ability: Sand Stream|[of] p1b: Hippowdon\n|turn|10\n|\n|t:|1775877734\n|switch|p2a: Archaludon|Archaludon, L50, M|43/100\n|move|p1a: Aerodactyl|Rock Slide|p2b: Sinistcha|[spread] p2a\n|-miss|p1a: Aerodactyl|p2b: Sinistcha\n|-resisted|p2a: Archaludon|1\n|-damage|p2a: Archaludon|30/100\n|-ability|p2a: Archaludon|Stamina|boost\n|-boost|p2a: Archaludon|def|1\n|move|p2b: Sinistcha|Matcha Gotcha|p1b: Hippowdon|[spread] p1a,p1b\n|-supereffective|p1b: Hippowdon|1\n|-damage|p1a: Aerodactyl|49/100\n|-heal|p2b: Sinistcha|69/100|[from] drain|[of] p1a: Aerodactyl\n|-damage|p1b: Hippowdon|10/100\n|-heal|p2b: Sinistcha|92/100|[from] drain|[of] p1b: Hippowdon\n|move|p1b: Hippowdon|Earthquake|p2a: Archaludon|[spread] p2a,p2b\n|-immune|p1a: Aerodactyl\n|-supereffective|p2a: Archaludon|1\n|-resisted|p2b: Sinistcha|1\n|-damage|p2a: Archaludon|0 fnt\n|-damage|p2b: Sinistcha|78/100\n|faint|p2a: Archaludon\n|\n|-weather|Sandstorm|[upkeep]\n|-damage|p2b: Sinistcha|72/100|[from] Sandstorm\n|-heal|p2b: Sinistcha|78/100|[from] item: Leftovers\n|-heal|p1b: Hippowdon|16/100|[from] item: Leftovers\n|upkeep\n|\n|t:|1775877752\n|switch|p2a: Incineroar|Incineroar, L50, F|31/100\n|-ability|p2a: Incineroar|Intimidate|boost\n|-unboost|p1a: Aerodactyl|atk|1\n|-unboost|p1b: Hippowdon|atk|1\n|turn|11\n|\n|t:|1775877762\n|move|p1a: Aerodactyl|Protect|p1a: Aerodactyl\n|-singleturn|p1a: Aerodactyl|Protect\n|move|p2a: Incineroar|Fake Out|p1a: Aerodactyl\n|-activate|p1a: Aerodactyl|move: Protect\n|move|p2b: Sinistcha|Matcha Gotcha|p1a: Aerodactyl|[spread] p1b\n|-activate|p1a: Aerodactyl|move: Protect\n|-supereffective|p1b: Hippowdon|1\n|-damage|p1b: Hippowdon|0 fnt\n|-heal|p2b: Sinistcha|86/100|[from] drain|[of] p1b: Hippowdon\n|faint|p1b: Hippowdon\n|\n|-weather|Sandstorm|[upkeep]\n|-damage|p2b: Sinistcha|80/100|[from] Sandstorm\n|-damage|p2a: Incineroar|25/100|[from] Sandstorm\n|-heal|p2b: Sinistcha|86/100|[from] item: Leftovers\n|upkeep\n|turn|12\n|\n|t:|1775877792\n|move|p1a: Aerodactyl|Rock Slide|p2b: Sinistcha|[spread] p2a,p2b\n|-supereffective|p2a: Incineroar|1\n|-damage|p2a: Incineroar|0 fnt\n|-damage|p2b: Sinistcha|66/100\n|faint|p2a: Incineroar\n|move|p2b: Sinistcha|Shadow Ball|p1a: Aerodactyl\n|-damage|p1a: Aerodactyl|24/100\n|\n|-weather|Sandstorm|[upkeep]\n|-damage|p2b: Sinistcha|59/100|[from] Sandstorm\n|-heal|p2b: Sinistcha|66/100|[from] item: Leftovers\n|upkeep\n|turn|13\n|\n|t:|1775877804\n|move|p1a: Aerodactyl|Dual Wingbeat|p2b: Sinistcha\n|-supereffective|p2b: Sinistcha|1\n|-damage|p2b: Sinistcha|27/100\n|-supereffective|p2b: Sinistcha|1\n|-damage|p2b: Sinistcha|0 fnt\n|faint|p2b: Sinistcha\n|-hitcount|p2: Sinistcha|2\n|\n|win|kherx\n|raw|kherx's rating: 1000 &rarr; <strong>1049</strong><br />(+49 for winning)\n|raw|Manolis1862's rating: 1077 &rarr; <strong>1051</strong><br />(-26 for losing)\n|l|\u203dManolis1862\n|player|p2|\n|c|\u2606kherx|gg\n",
  "uploadtime": 1775877823,
  "views": 21,
  "formatid": "gen9championsvgc2026regma",
  "rating": 1049,
  "private": 0,
  "password": null
}