{
  "id": "gen9championsvgc2026regma-2587972907",
  "format": "[Gen 9 Champions] VGC 2026 Reg M-A",
  "players": [
    "ertyuiko",
    "s25ultra"
  ],
  "log": "|j|\u2606ertyuiko\n|j|\u2606s25ultra\n|t:|1776587005\n|gametype|doubles\n|player|p1|ertyuiko|170|1201\n|player|p2|s25ultra|lady|1236\n|gen|9\n|tier|[Gen 9 Champions] VGC 2026 Reg M-A\n|rated|\n|rule|Species Clause: Limit one of each Pok\u00e9mon\n|rule|Item Clause: Limit 1 of each item\n|clearpoke\n|poke|p1|Crabominable, L50, F|\n|poke|p1|Slowking, L50, M|\n|poke|p1|Incineroar, L50, M|\n|poke|p1|Gengar, L50, M|\n|poke|p1|Tsareena, L50, F|\n|poke|p1|Empoleon, L50, M|\n|poke|p2|Meganium, L50, F|\n|poke|p2|Talonflame, L50, F|\n|poke|p2|Tyranitar, L50, M|\n|poke|p2|Excadrill, L50, M|\n|poke|p2|Sinistcha, L50|\n|poke|p2|Garchomp, L50, M|\n|teampreview|4\nertyuiko has agreed to open team sheets.\n|inactive|Battle timer is ON: inactive players will automatically lose when time's up. (requested by ertyuiko)\n|\n|t:|1776587029\n|teamsize|p1|4\n|teamsize|p2|4\n|start\n|switch|p1a: Slowking|Slowking, L50, M|100/100\n|switch|p1b: Incineroar|Incineroar, L50, M|100/100\n|switch|p2a: Meganium|Meganium, L50, F|100/100\n|switch|p2b: Talonflame|Talonflame, L50, F|100/100\n|-ability|p1b: Incineroar|Intimidate|boost\n|-unboost|p2a: Meganium|atk|1\n|-unboost|p2b: Talonflame|atk|1\n|turn|1\n|\n|t:|1776587039\n|detailschange|p2a: Meganium|Meganium-Mega, L50, F\n|-mega|p2a: Meganium|Meganium|Meganiumite\n|move|p2b: Talonflame|Upper Hand|p1b: Incineroar\n|-supereffective|p1b: Incineroar|1\n|-damage|p1b: Incineroar|81/100\n|cant|p1b: Incineroar|flinch\n|move|p2a: Meganium|Solar Beam||[still]\n|-prepare|p2a: Meganium|Solar Beam\n|-activate|p2a: Meganium|ability: Mega Sol\n|-anim|p2a: Meganium|Solar Beam|p1a: Slowking\n|-supereffective|p1a: Slowking|1\n|-damage|p1a: Slowking|0 fnt\n|faint|p1a: Slowking\n|\n|upkeep\n|\n|t:|1776587052\n|switch|p1a: Crabominable|Crabominable, L50, F|100/100\n|turn|2\n|\n|t:|1776587068\n|switch|p2b: Garchomp|Garchomp, L50, M|100/100\n|move|p2a: Meganium|Protect|p2a: Meganium\n|-singleturn|p2a: Meganium|Protect\n|move|p1a: Crabominable|Protect|p1a: Crabominable\n|-singleturn|p1a: Crabominable|Protect\n|move|p1b: Incineroar|Parting Shot|p2b: Garchomp\n|-unboost|p2b: Garchomp|atk|1\n|-unboost|p2b: Garchomp|spa|1\n|\n|t:|1776587072\n|switch|p1b: Tsareena|Tsareena, L50, F|100/100|[from] Parting Shot\n|\n|upkeep\n|turn|3\n|\n|t:|1776587096\n|detailschange|p1a: Crabominable|Crabominable-Mega, L50, F\n|-mega|p1a: Crabominable|Crabominable|Crabominite\n|move|p2b: Garchomp|Rock Slide|p1a: Crabominable|[spread] p1b\n|-miss|p2b: Garchomp|p1a: Crabominable\n|-damage|p1b: Tsareena|88/100\n|move|p2a: Meganium|Dazzling Gleam|p1b: Tsareena|[spread] p1a,p1b\n|-supereffective|p1a: Crabominable|1\n|-damage|p1a: Crabominable|42/100\n|-damage|p1b: Tsareena|56/100\n|move|p1b: Tsareena|Triple Axel|p2b: Garchomp\n|-supereffective|p2b: Garchomp|2\n|-damage|p2b: Garchomp|76/100\n|-supereffective|p2b: Garchomp|2\n|-damage|p2b: Garchomp|31/100\n|-hitcount|p2b: Garchomp|2\n|move|p1a: Crabominable|Ice Hammer|p2a: Meganium\n|-supereffective|p2a: Meganium|1\n|-damage|p2a: Meganium|0 fnt\n|-unboost|p1a: Crabominable|spe|1\n|faint|p2a: Meganium\n|\n|upkeep\n|\n|t:|1776587112\n|switch|p2a: Sinistcha|Sinistcha, L50|100/100\n|-heal|p2b: Garchomp|55/100|[from] ability: Hospitality|[of] p2a: Sinistcha\n|turn|4\n|\n|t:|1776587123\n|switch|p1b: Incineroar|Incineroar, L50, M|81/100\n|-ability|p1b: Incineroar|Intimidate|boost\n|-unboost|p2a: Sinistcha|atk|1\n|-unboost|p2b: Garchomp|atk|1\n|move|p1a: Crabominable|Protect|p1a: Crabominable\n|-singleturn|p1a: Crabominable|Protect\n|move|p2b: Garchomp|Rock Slide|p1b: Incineroar|[spread] p1b\n|-activate|p1a: Crabominable|move: Protect\n|-supereffective|p1b: Incineroar|1\n|-damage|p1b: Incineroar|62/100\n|move|p2a: Sinistcha|Matcha Gotcha|p1a: Crabominable|[spread] p1b\n|-activate|p1a: Crabominable|move: Protect\n|-resisted|p1b: Incineroar|1\n|-damage|p1b: Incineroar|51/100\n|\n|upkeep\n|turn|5\n|l|\u2606s25ultra\n|inactive|s25ultra disconnected and has a minute to reconnect!\n|player|p2|\n|inactive|s25ultra has 30 seconds left.\n|inactive|s25ultra has 20 seconds left.\n|j|\u2606s25ultra\n|inactive|s25ultra reconnected and has 20 seconds left.\n|player|p2|s25ultra|lady|\n|inactive|s25ultra has 15 seconds left.\n|inactive|s25ultra has 10 seconds left.\n|inactive|s25ultra has 5 seconds left.\n|\n|t:|1776587176\n|move|p2b: Garchomp|Rock Slide|p1a: Crabominable|[spread] p1a,p1b\n|-supereffective|p1b: Incineroar|1\n|-damage|p1a: Crabominable|34/100\n|-damage|p1b: Incineroar|32/100\n|-enditem|p1b: Incineroar|Sitrus Berry|[eat]\n|-heal|p1b: Incineroar|57/100|[from] item: Sitrus Berry\n|move|p2a: Sinistcha|Matcha Gotcha|p1a: Crabominable|[spread] p1a,p1b\n|-resisted|p1b: Incineroar|1\n|-damage|p1a: Crabominable|15/100\n|-damage|p1b: Incineroar|47/100\n|cant|p1b: Incineroar|flinch\n|move|p1a: Crabominable|Ice Hammer|p2a: Sinistcha\n|-supereffective|p2a: Sinistcha|1\n|-damage|p2a: Sinistcha|0 fnt\n|-unboost|p1a: Crabominable|spe|1\n|faint|p2a: Sinistcha\n|\n|upkeep\n|inactive|s25ultra has 30 seconds left.\n|\n|t:|1776587202\n|switch|p2a: Talonflame|Talonflame, L50, F|100/100\n|turn|6\n|\n|t:|1776587210\n|move|p1a: Crabominable|Protect|p1a: Crabominable\n|-singleturn|p1a: Crabominable|Protect\n|move|p2a: Talonflame|Brave Bird|p1b: Incineroar\n|-damage|p1b: Incineroar|0 fnt\n|faint|p1b: Incineroar\n|-damage|p2a: Talonflame|80/100|[from] Recoil\n|move|p2b: Garchomp|Rock Slide|p1a: Crabominable\n|-activate|p1a: Crabominable|move: Protect\n|\n|upkeep\n|\n|t:|1776587215\n|switch|p1b: Tsareena|Tsareena, L50, F|56/100\n|turn|7\n|\n|t:|1776587223\n|move|p2b: Garchomp|Rock Slide|p1b: Tsareena|[spread] p1a,p1b\n|-damage|p1a: Crabominable|5/100\n|-damage|p1b: Tsareena|46/100\n|move|p2a: Talonflame|Brave Bird|p1a: Crabominable\n|-supereffective|p1a: Crabominable|1\n|-damage|p1a: Crabominable|0 fnt\n|faint|p1a: Crabominable\n|-damage|p2a: Talonflame|78/100|[from] Recoil\n|move|p1b: Tsareena|Endeavor|p2a: Talonflame\n|-damage|p2a: Talonflame|54/100\n|\n|upkeep\n|turn|8\n|\n|t:|1776587229\n|move|p2b: Garchomp|Rock Slide|p1b: Tsareena\n|-damage|p1b: Tsareena|32/100\n|move|p2a: Talonflame|Brave Bird|p1b: Tsareena\n|-supereffective|p1b: Tsareena|1\n|-damage|p1b: Tsareena|0 fnt\n|faint|p1b: Tsareena\n|-damage|p2a: Talonflame|42/100|[from] Recoil\n|\n|win|s25ultra\n|raw|ertyuiko's rating: 1201 &rarr; <strong>1179</strong><br />(-22 for losing)\n|raw|s25ultra's rating: 1236 &rarr; <strong>1258</strong><br />(+22 for winning)\n",
  "uploadtime": 1776587234,
  "views": 9,
  "formatid": "gen9championsvgc2026regma",
  "rating": 1179,
  "private": 0,
  "password": null
}