{
  "id": "gen9championsvgc2026regma-2584404258",
  "format": "[Gen 9 Champions] VGC 2026 Reg M-A",
  "players": [
    "8l42ew",
    "CatNamedHercules"
  ],
  "log": "|j|\u26068l42ew\n|j|\u2606CatNamedHercules\n|t:|1776258422\n|gametype|doubles\n|player|p1|8l42ew|psychic|1073\n|player|p2|CatNamedHercules|bruno|1096\n|gen|9\n|tier|[Gen 9 Champions] VGC 2026 Reg M-A\n|rated|\n|rule|Species Clause: Limit one of each Pok\u00e9mon\n|rule|Item Clause: Limit 1 of each item\n|clearpoke\n|poke|p1|Froslass, L50, F|\n|poke|p1|Kingambit, L50, F|\n|poke|p1|Garchomp, L50, M|\n|poke|p1|Rotom-Wash, L50|\n|poke|p1|Sneasler, L50, M|\n|poke|p1|Aerodactyl, L50, M|\n|poke|p2|Froslass, L50, F|\n|poke|p2|Glaceon, L50, M|\n|poke|p2|Incineroar, L50, M|\n|poke|p2|Kingambit, L50, F|\n|poke|p2|Whimsicott, L50, F|\n|poke|p2|Clefable, L50, M|\n|teampreview|4\n|inactive|Battle timer is ON: inactive players will automatically lose when time's up. (requested by 8l42ew)\n|\n|t:|1776258497\n|teamsize|p1|4\n|teamsize|p2|4\n|start\n|switch|p1a: Garchomp|Garchomp, L50, M|100/100\n|switch|p1b: Aerodactyl|Aerodactyl, L50, M|100/100\n|switch|p2a: Froslass|Froslass, L50, F|100/100\n|switch|p2b: Whimsicott|Whimsicott, L50, F|100/100\n|-ability|p1b: Aerodactyl|Unnerve\n|turn|1\n|inactive|CatNamedHercules has 30 seconds left.\n|inactive|8l42ew has 30 seconds left.\n|\n|t:|1776258530\n|detailschange|p2a: Froslass|Froslass-Mega, L50, F\n|-mega|p2a: Froslass|Froslass|Froslassite\n|-weather|Snowscape|[from] ability: Snow Warning|[of] p2a: Froslass\n|move|p1a: Garchomp|Protect|p1a: Garchomp\n|-singleturn|p1a: Garchomp|Protect\n|move|p2b: Whimsicott|Tailwind|p2b: Whimsicott\n|-sidestart|p2: CatNamedHercules|move: Tailwind\n|move|p2a: Froslass|Aurora Veil|p2a: Froslass\n|-sidestart|p2: CatNamedHercules|move: Aurora Veil\n|move|p1b: Aerodactyl|Tailwind|p1b: Aerodactyl\n|-sidestart|p1: 8l42ew|move: Tailwind\n|\n|-weather|Snowscape|[upkeep]\n|upkeep\n|turn|2\n|inactive|CatNamedHercules has 30 seconds left.\n|\n|t:|1776258558\n|move|p2b: Whimsicott|Fake Tears|p1b: Aerodactyl\n|-unboost|p1b: Aerodactyl|spd|2\n|move|p1b: Aerodactyl|Rock Slide|p2a: Froslass|[spread] p2a\n|-miss|p1b: Aerodactyl|p2b: Whimsicott\n|-supereffective|p2a: Froslass|1\n|-damage|p2a: Froslass|62/100\n|cant|p2a: Froslass|flinch\n|move|p1a: Garchomp|Rock Slide|p2a: Froslass|[spread] p2b\n|-miss|p1a: Garchomp|p2a: Froslass\n|-damage|p2b: Whimsicott|86/100\n|\n|-weather|Snowscape|[upkeep]\n|upkeep\n|turn|3\n|inactive|8l42ew has 30 seconds left.\n|\n|t:|1776258591\n|switch|p1a: Rotom|Rotom-Wash, L50|100/100\n|switch|p2b: Incineroar|Incineroar, L50, M|100/100\n|-ability|p2b: Incineroar|Intimidate|boost\n|-unboost|p1a: Rotom|atk|1\n|-unboost|p1b: Aerodactyl|atk|1\n|move|p1b: Aerodactyl|Protect|p1b: Aerodactyl\n|-singleturn|p1b: Aerodactyl|Protect\n|move|p2a: Froslass|Blizzard|p1a: Rotom|[spread] p1a\n|-activate|p1b: Aerodactyl|move: Protect\n|-resisted|p1a: Rotom|1\n|-damage|p1a: Rotom|83/100\n|\n|-weather|Snowscape|[upkeep]\n|-heal|p1a: Rotom|89/100|[from] item: Leftovers\n|upkeep\n|turn|4\n|inactive|8l42ew has 30 seconds left.\n|inactive|8l42ew has 20 seconds left.\n|\n|t:|1776258627\n|switch|p1b: Sneasler|Sneasler, L50, M|100/100\n|move|p2b: Incineroar|Fake Out|p1a: Rotom\n|-crit|p1a: Rotom\n|-damage|p1a: Rotom|72/100\n|move|p2a: Froslass|Blizzard|p1a: Rotom|[spread] p1a,p1b\n|-resisted|p1a: Rotom|1\n|-damage|p1a: Rotom|55/100\n|-damage|p1b: Sneasler|39/100\n|cant|p1a: Rotom|flinch\n|\n|-weather|Snowscape|[upkeep]\n|-heal|p1a: Rotom|60/100|[from] item: Leftovers\n|-sideend|p1: 8l42ew|move: Tailwind\n|-sideend|p2: CatNamedHercules|move: Tailwind\n|upkeep\n|turn|5\n|inactive|8l42ew has 30 seconds left.\n|inactive|CatNamedHercules has 30 seconds left.\n|inactive|8l42ew has 20 seconds left.\n|inactive|CatNamedHercules has 20 seconds left.\n|inactive|8l42ew has 15 seconds left.\n|inactive|CatNamedHercules has 15 seconds left.\n|inactive|8l42ew has 10 seconds left.\n|\n|t:|1776258674\n|switch|p2a: Whimsicott|Whimsicott, L50, F|86/100\n|move|p2b: Incineroar|Protect|p2b: Incineroar\n|-singleturn|p2b: Incineroar|Protect\n|move|p1b: Sneasler|Close Combat|p2b: Incineroar\n|-activate|p2b: Incineroar|move: Protect\n|move|p1a: Rotom|Thunder Wave|p2a: Whimsicott|[miss]\n|-miss|p1a: Rotom|p2a: Whimsicott\n|\n|-weather|none\n|-heal|p1a: Rotom|66/100|[from] item: Leftovers\n|-sideend|p2: CatNamedHercules|move: Aurora Veil\n|upkeep\n|turn|6\n|inactive|8l42ew has 30 seconds left.\n|inactive|CatNamedHercules has 30 seconds left.\n|inactive|8l42ew has 20 seconds left.\n|inactive|8l42ew has 15 seconds left.\n|inactive|CatNamedHercules has 20 seconds left.\n|inactive|CatNamedHercules has 15 seconds left.\n|\n|t:|1776258728\n|move|p2a: Whimsicott|Tailwind|p2a: Whimsicott\n|-sidestart|p2: CatNamedHercules|move: Tailwind\n|move|p1b: Sneasler|Dire Claw|p2a: Whimsicott\n|-supereffective|p2a: Whimsicott|2\n|-damage|p2a: Whimsicott|0 fnt\n|faint|p2a: Whimsicott\n|move|p2b: Incineroar|Parting Shot|p1b: Sneasler\n|-unboost|p1b: Sneasler|atk|1\n|-unboost|p1b: Sneasler|spa|1\n|\n|t:|1776258739\n|switch|p2b: Glaceon|Glaceon, L50, M|100/100|[from] Parting Shot\n|-enditem|p1b: Sneasler|White Herb\n|-clearnegativeboost|p1b: Sneasler|[silent]\n|move|p1a: Rotom|Hydro Pump|p2b: Glaceon\n|-damage|p2b: Glaceon|55/100\n|\n|-heal|p1a: Rotom|72/100|[from] item: Leftovers\n|upkeep\n|\n|t:|1776258747\n|switch|p2a: Froslass|Froslass-Mega, L50, F|62/100\n|-weather|Snowscape|[from] ability: Snow Warning|[of] p2a: Froslass\n|turn|7\n|\n|t:|1776258760\n|move|p2a: Froslass|Blizzard|p1b: Sneasler|[spread] p1a,p1b\n|-resisted|p1a: Rotom|1\n|-damage|p1a: Rotom|54/100\n|-damage|p1b: Sneasler|0 fnt\n|faint|p1b: Sneasler\n|move|p2b: Glaceon|Freeze-Dry|p1a: Rotom\n|-supereffective|p1a: Rotom|1\n|-damage|p1a: Rotom|0 fnt\n|faint|p1a: Rotom\n|\n|-weather|Snowscape|[upkeep]\n|upkeep\n|\n|t:|1776258773\n|switch|p1b: Aerodactyl|Aerodactyl, L50, M|100/100\n|switch|p1a: Garchomp|Garchomp, L50, M|100/100\n|-ability|p1b: Aerodactyl|Unnerve\n|turn|8\n|\n|t:|1776258796\n|move|p2a: Froslass|Blizzard|p1b: Aerodactyl|[spread] p1a,p1b\n|-supereffective|p1a: Garchomp|2\n|-supereffective|p1b: Aerodactyl|1\n|-damage|p1a: Garchomp|0 fnt\n|-enditem|p1b: Aerodactyl|Focus Sash\n|-damage|p1b: Aerodactyl|1/100\n|faint|p1a: Garchomp\n|move|p1b: Aerodactyl|Rock Slide|p2b: Glaceon|[spread] p2a,p2b\n|-supereffective|p2a: Froslass|1\n|-supereffective|p2b: Glaceon|1\n|-damage|p2a: Froslass|3/100\n|-damage|p2b: Glaceon|23/100\n|move|p2b: Glaceon|Blizzard|p1b: Aerodactyl\n|-supereffective|p1b: Aerodactyl|1\n|-damage|p1b: Aerodactyl|0 fnt\n|faint|p1b: Aerodactyl\n|\n|win|CatNamedHercules\n|raw|8l42ew's rating: 1073 &rarr; <strong>1053</strong><br />(-20 for losing)\n|raw|CatNamedHercules's rating: 1096 &rarr; <strong>1120</strong><br />(+24 for winning)\n|l|\u2606CatNamedHercules\n|player|p2|\n",
  "uploadtime": 1776258810,
  "views": 20,
  "formatid": "gen9championsvgc2026regma",
  "rating": 1053,
  "private": 0,
  "password": null
}