{
  "id": "gen9championsvgc2026regma-2586398516",
  "format": "[Gen 9 Champions] VGC 2026 Reg M-A",
  "players": [
    "pokegambit5",
    "Pastor/Sinner"
  ],
  "log": "|j|\u2606pokegambit5\n|j|\u2606Pastor/Sinner\n|t:|1776431840\n|gametype|doubles\n|player|p1|pokegambit5|169|1036\n|player|p2|Pastor/Sinner|2|1118\n|gen|9\n|tier|[Gen 9 Champions] VGC 2026 Reg M-A\n|rated|\n|rule|Species Clause: Limit one of each Pok\u00e9mon\n|rule|Item Clause: Limit 1 of each item\n|clearpoke\n|poke|p1|Meowstic, L50, M|\n|poke|p1|Hatterene, L50, F|\n|poke|p1|Alakazam, L50, F|\n|poke|p1|Sinistcha, L50|\n|poke|p1|Zoroark-Hisui, L50, F|\n|poke|p1|Skarmory, L50, M|\n|poke|p2|Tyranitar, L50, F|\n|poke|p2|Froslass, L50, F|\n|poke|p2|Aerodactyl, L50, F|\n|poke|p2|Vanilluxe, L50, F|\n|poke|p2|Milotic, L50, F|\n|poke|p2|Arcanine-Hisui, L50, F|\n|teampreview|4\n|inactive|Battle timer is ON: inactive players will automatically lose when time's up. (requested by pokegambit5)\n|\n|t:|1776431868\n|teamsize|p1|4\n|teamsize|p2|4\n|start\n|switch|p1a: Meowstic|Meowstic, L50, M|100/100\n|switch|p1b: Hatterene|Hatterene, L50, F|100/100\n|switch|p2a: Aerodactyl|Aerodactyl, L50, F|100/100\n|switch|p2b: Da Mama|Tyranitar, L50, F, shiny|100/100\n|-ability|p2a: Aerodactyl|Unnerve\n|-weather|Sandstorm|[from] ability: Sand Stream|[of] p2b: Da Mama\n|turn|1\n|\n|t:|1776431883\n|detailschange|p2b: Da Mama|Tyranitar-Mega, L50, F, shiny\n|-mega|p2b: Da Mama|Tyranitar|Tyranitarite\n|move|p1a: Meowstic|Fake Out|p2b: Da Mama\n|-resisted|p2b: Da Mama|1\n|-damage|p2b: Da Mama|99/100\n|move|p2a: Aerodactyl|Rock Slide|p1b: Hatterene|[spread] p1a\n|-miss|p2a: Aerodactyl|p1b: Hatterene\n|-damage|p1a: Meowstic|72/100\n|cant|p2b: Da Mama|flinch\n|move|p1b: Hatterene|Trick Room|p1b: Hatterene\n|-fieldstart|move: Trick Room|[of] p1b: Hatterene\n|\n|-weather|Sandstorm|[upkeep]\n|-damage|p1b: Hatterene|94/100|[from] Sandstorm\n|-damage|p1a: Meowstic|66/100|[from] Sandstorm\n|-heal|p1b: Hatterene|100/100|[from] item: Leftovers\n|upkeep\n|turn|2\n|\n|t:|1776431905\n|move|p1a: Meowstic|Psychic Terrain|p1a: Meowstic\n|-fieldstart|move: Psychic Terrain\n|move|p1b: Hatterene|Expanding Force|p2a: Aerodactyl|[spread] p2a\n|-immune|p2b: Da Mama\n|-damage|p2a: Aerodactyl|30/100\n|move|p2b: Da Mama|Rock Slide|p1a: Meowstic|[spread] p1a,p1b\n|-damage|p1a: Meowstic|29/100\n|-damage|p1b: Hatterene|58/100\n|move|p2a: Aerodactyl|Rock Slide|p1b: Hatterene|[spread] p1a,p1b\n|-damage|p1a: Meowstic|4/100\n|-damage|p1b: Hatterene|33/100\n|\n|-weather|Sandstorm|[upkeep]\n|-damage|p1b: Hatterene|27/100|[from] Sandstorm\n|-damage|p1a: Meowstic|0 fnt|[from] Sandstorm\n|faint|p1a: Meowstic\n|-heal|p1b: Hatterene|33/100|[from] item: Leftovers\n|upkeep\n|\n|t:|1776431923\n|switch|p1a: Sinistcha|Sinistcha, L50|100/100\n|-heal|p1b: Hatterene|58/100|[from] ability: Hospitality|[of] p1a: Sinistcha\n|turn|3\n|\n|t:|1776431933\n|move|p1b: Hatterene|Dazzling Gleam|p2a: Aerodactyl|[spread] p2a,p2b\n|-supereffective|p2b: Da Mama|1\n|-damage|p2a: Aerodactyl|0 fnt\n|-damage|p2b: Da Mama|67/100\n|faint|p2a: Aerodactyl\n|move|p1a: Sinistcha|Matcha Gotcha|p2b: Da Mama\n|-supereffective|p2b: Da Mama|1\n|-damage|p2b: Da Mama|35/100\n|move|p2b: Da Mama|Knock Off|p1a: Sinistcha\n|-supereffective|p1a: Sinistcha|1\n|-damage|p1a: Sinistcha|0 fnt\n|-enditem|p1a: Sinistcha|Sitrus Berry|[from] move: Knock Off|[of] p2b: Da Mama\n|faint|p1a: Sinistcha\n|\n|-weather|Sandstorm|[upkeep]\n|-damage|p1b: Hatterene|52/100|[from] Sandstorm\n|-heal|p1b: Hatterene|58/100|[from] item: Leftovers\n|upkeep\n|\n|t:|1776431952\n|switch|p1a: Alakazam|Alakazam, L50, F|100/100\n|switch|p2a: Ten Twinkies|Milotic, L50, F, shiny|100/100\n|turn|4\n|\n|t:|1776431965\n|detailschange|p1a: Alakazam|Alakazam-Mega, L50, F\n|-mega|p1a: Alakazam|Alakazam|Alakazite\n|-ability|p1a: Alakazam|Sand Stream|Trace|[from] ability: Trace|[of] p2b: Da Mama\n|move|p1a: Alakazam|Protect|p1a: Alakazam\n|-singleturn|p1a: Alakazam|Protect\n|move|p1b: Hatterene|Dazzling Gleam|p2a: Ten Twinkies|[spread] p2a,p2b\n|-supereffective|p2b: Da Mama|1\n|-damage|p2a: Ten Twinkies|77/100\n|-damage|p2b: Da Mama|1/100\n|move|p2a: Ten Twinkies|Muddy Water|p1b: Hatterene|[spread] p1b\n|-activate|p1a: Alakazam|move: Protect\n|-damage|p1b: Hatterene|29/100\n|move|p2b: Da Mama|Rock Slide|p1b: Hatterene|[spread] p1b\n|-activate|p1a: Alakazam|move: Protect\n|-damage|p1b: Hatterene|0 fnt\n|faint|p1b: Hatterene\n|\n|-weather|Sandstorm|[upkeep]\n|-damage|p2a: Ten Twinkies|70/100|[from] Sandstorm\n|-damage|p1a: Alakazam|94/100|[from] Sandstorm\n|-heal|p2a: Ten Twinkies|77/100|[from] item: Leftovers\n|upkeep\n|turn|5\n|inactive|Pastor/Sinner has 30 seconds left.\n|\n|t:|1776431992\n|move|p2a: Ten Twinkies|Dragon Pulse|p1a: Alakazam\n|-damage|p1a: Alakazam|66/100\n|move|p2b: Da Mama|Knock Off|p1a: Alakazam\n|-supereffective|p1a: Alakazam|1\n|-damage|p1a: Alakazam|0 fnt\n|faint|p1a: Alakazam\n|\n|win|Pastor/Sinner\n|raw|pokegambit5's rating: 1036 &rarr; <strong>1024</strong><br />(-12 for losing)\n|raw|Pastor&#x2f;Sinner's rating: 1118 &rarr; <strong>1137</strong><br />(+19 for winning)\n",
  "uploadtime": 1776431999,
  "views": 55,
  "formatid": "gen9championsvgc2026regma",
  "rating": 1024,
  "private": 0,
  "password": null
}