{
  "id": "gen9championsvgc2026regma-2582164792",
  "format": "[Gen 9 Champions] VGC 2026 Reg M-A",
  "players": [
    "mnmmnmnnnmn",
    "It'sJustKen VGC"
  ],
  "log": "|j|\u2606mnmmnmnnnmn\n|j|\u2606It'sJustKen VGC\n|t:|1776066262\n|gametype|doubles\n|player|p1|mnmmnmnnnmn|preschooler|1121\n|player|p2|It'sJustKen VGC|265|1135\n|gen|9\n|tier|[Gen 9 Champions] VGC 2026 Reg M-A\n|rated|\n|rule|Species Clause: Limit one of each Pok\u00e9mon\n|rule|Item Clause: Limit 1 of each item\n|clearpoke\n|poke|p1|Primarina, L50, F|\n|poke|p1|Gengar, L50, F|\n|poke|p1|Incineroar, L50, M|\n|poke|p1|Farigiraf, L50, F|\n|poke|p1|Sinistcha, L50|\n|poke|p1|Chesnaught, L50, M|\n|poke|p2|Kingambit, L50, M|\n|poke|p2|Clefable, L50, M|\n|poke|p2|Chimecho, L50, M|\n|poke|p2|Golurk, L50|\n|poke|p2|Torkoal, L50, F|\n|poke|p2|Hawlucha, L50, F|\n|teampreview|4\n|inactive|Battle timer is ON: inactive players will automatically lose when time's up. (requested by mnmmnmnnnmn)\n|inactive|It'sJustKen VGC also wants the timer to be on.\n|j| woochanhehe\n|inactive|mnmmnmnnnmn has 60 seconds left.\n|\n|t:|1776066294\n|teamsize|p1|4\n|teamsize|p2|4\n|start\n|switch|p1a: Farigiraf|Farigiraf, L50, F|100/100\n|switch|p1b: Primarina|Primarina, L50, F, shiny|100/100\n|switch|p2a: The Final Boss|Kingambit, L50, M|100/100\n|switch|p2b: Supportive Friend|Hawlucha, L50, F|100/100\n|-ability|p2b: Supportive Friend|Mold Breaker\n|turn|1\n|\n|t:|1776066306\n|detailschange|p2b: Supportive Friend|Hawlucha-Mega, L50, F\n|-mega|p2b: Supportive Friend|Hawlucha|Hawluchanite\n|move|p2b: Supportive Friend|Entrainment|p2a: The Final Boss\n|-ability|p2a: The Final Boss|No Guard|Defiant|[from] move: Entrainment|[of] p2b: Supportive Friend\n|move|p2a: The Final Boss|Guillotine|p1b: Primarina\n|-damage|p1b: Primarina|0 fnt\n|faint|p1b: Primarina\n|-ohko\n|move|p1a: Farigiraf|Trick Room|p1a: Farigiraf\n|-fieldstart|move: Trick Room|[of] p1a: Farigiraf\n|\n|upkeep\n|\n|t:|1776066316\n|switch|p1b: Chesnaught|Chesnaught, L50, M|100/100\n|turn|2\n|\n|t:|1776066329\n|detailschange|p1b: Chesnaught|Chesnaught-Mega, L50, M\n|-mega|p1b: Chesnaught|Chesnaught|Chesnaughtite\n|move|p2a: The Final Boss|Protect|p2a: The Final Boss\n|-singleturn|p2a: The Final Boss|Protect\n|move|p1b: Chesnaught|Body Press|p2b: Supportive Friend\n|-resisted|p2b: Supportive Friend|1\n|-damage|p2b: Supportive Friend|70/100\n|move|p1a: Farigiraf|Psychic Noise|p2b: Supportive Friend\n|-supereffective|p2b: Supportive Friend|1\n|-damage|p2b: Supportive Friend|0 fnt\n|faint|p2b: Supportive Friend\n|\n|upkeep\n|\n|t:|1776066338\n|switch|p2b: Main Character|Clefable, L50, M, shiny|100/100\n|turn|3\n|\n|t:|1776066345\n|move|p2b: Main Character|Follow Me|p2b: Main Character\n|-singleturn|p2b: Main Character|move: Follow Me\n|move|p1b: Chesnaught|Body Press|p2b: Main Character\n|-resisted|p2b: Main Character|1\n|-damage|p2b: Main Character|75/100\n|move|p1a: Farigiraf|Psychic Noise|p2b: Main Character\n|-damage|p2b: Main Character|51/100\n|-start|p2b: Main Character|move: Heal Block\n|move|p2a: The Final Boss|Guillotine|p1a: Farigiraf\n|-damage|p1a: Farigiraf|0 fnt\n|faint|p1a: Farigiraf\n|-ohko\n|\n|upkeep\n|\n|t:|1776066350\n|switch|p1a: Incineroar|Incineroar, L50, M|100/100\n|-ability|p1a: Incineroar|Intimidate|boost\n|-unboost|p2a: The Final Boss|atk|1\n|-unboost|p2b: Main Character|atk|1\n|turn|4\n|\n|t:|1776066356\n|move|p2a: The Final Boss|Protect|p2a: The Final Boss\n|-singleturn|p2a: The Final Boss|Protect\n|move|p2b: Main Character|Protect|p2b: Main Character\n|-singleturn|p2b: Main Character|Protect\n|move|p1a: Incineroar|Fake Out|p2b: Main Character\n|-activate|p2b: Main Character|move: Protect\n|move|p1b: Chesnaught|Body Press|p2a: The Final Boss\n|-activate|p2a: The Final Boss|move: Protect\n|\n|-end|p2b: Main Character|move: Heal Block\n|upkeep\n|turn|5\n|\n|t:|1776066362\n|move|p1b: Chesnaught|Spiky Shield|p1b: Chesnaught\n|-singleturn|p1b: Chesnaught|move: Protect\n|move|p2b: Main Character|Follow Me|p2b: Main Character\n|-singleturn|p2b: Main Character|move: Follow Me\n|move|p2a: The Final Boss|Guillotine|p1a: Incineroar\n|-damage|p1a: Incineroar|0 fnt\n|faint|p1a: Incineroar\n|-ohko\n|\n|-heal|p2b: Main Character|57/100|[from] item: Leftovers\n|-fieldend|move: Trick Room\n|upkeep\n|turn|6\n|-message|mnmmnmnnnmn forfeited.\n|\n|win|It'sJustKen VGC\n|raw|mnmmnmnnnmn's rating: 1121 &rarr; <strong>1097</strong><br />(-24 for losing)\n|raw|It&apos;sJustKen VGC's rating: 1135 &rarr; <strong>1159</strong><br />(+24 for winning)\n|l|\u2606mnmmnmnnnmn\n|player|p1|\n",
  "uploadtime": 1776066376,
  "views": 8,
  "formatid": "gen9championsvgc2026regma",
  "rating": 1097,
  "private": 0,
  "password": null
}