{
  "id": "gen9championsvgc2026regma-2582499931",
  "format": "[Gen 9 Champions] VGC 2026 Reg M-A",
  "players": [
    "chubi25",
    "phobic1105"
  ],
  "log": "|j|\u2606chubi25\n|j|\u2606phobic1105\n|t:|1776095628\n|gametype|doubles\n|player|p1|chubi25|blackbelt-gen4dp|1087\n|player|p2|phobic1105|2|1000\n|gen|9\n|tier|[Gen 9 Champions] VGC 2026 Reg M-A\n|rated|\n|rule|Species Clause: Limit one of each Pok\u00e9mon\n|rule|Item Clause: Limit 1 of each item\n|clearpoke\n|poke|p1|Whimsicott, L50, F|\n|poke|p1|Scizor, L50, M|\n|poke|p1|Zoroark-Hisui, L50, M|\n|poke|p1|Milotic, L50, F|\n|poke|p1|Garchomp, L50, M|\n|poke|p1|Incineroar, L50, M|\n|poke|p2|Froslass, L50, F|\n|poke|p2|Orthworm, L50, F|\n|poke|p2|Garchomp, L50, M|\n|poke|p2|Incineroar, L50, M|\n|poke|p2|Rotom-Frost, L50|\n|poke|p2|Sneasler, L50, F|\n|teampreview|4\nphobic1105 has agreed to open team sheets.\n|\n|t:|1776095672\n|teamsize|p1|4\n|teamsize|p2|4\n|start\n|switch|p1a: Cottona|Whimsicott, L50, F, shiny|100/100\n|switch|p1b: Kenny Omega|Incineroar, L50, M|100/100\n|switch|p2a: Orthworm|Orthworm, L50, F, shiny|100/100\n|switch|p2b: Garchomp|Garchomp, L50, M|100/100\n|-ability|p1b: Kenny Omega|Intimidate|boost\n|-unboost|p2a: Orthworm|atk|1\n|-unboost|p2b: Garchomp|atk|1\n|turn|1\n|inactive|Battle timer is ON: inactive players will automatically lose when time's up. (requested by phobic1105)\n|\n|t:|1776095701\n|move|p2b: Garchomp|Protect|p2b: Garchomp\n|-singleturn|p2b: Garchomp|Protect\n|move|p2a: Orthworm|Protect|p2a: Orthworm\n|-singleturn|p2a: Orthworm|Protect\n|move|p1b: Kenny Omega|Fake Out|p2b: Garchomp\n|-activate|p2b: Garchomp|move: Protect\n|move|p1a: Cottona|Tailwind|p1a: Cottona\n|-sidestart|p1: chubi25|move: Tailwind\n|\n|upkeep\n|turn|2\n|\n|t:|1776095721\n|move|p1a: Cottona|Taunt|p2a: Orthworm\n|-start|p2a: Orthworm|move: Taunt\n|-enditem|p2a: Orthworm|Mental Herb\n|-end|p2a: Orthworm|move: Taunt\n|move|p1b: Kenny Omega|Flare Blitz|p2a: Orthworm\n|-supereffective|p2a: Orthworm|1\n|-damage|p2a: Orthworm|19/100\n|-damage|p1b: Kenny Omega|77/100|[from] Recoil\n|move|p2b: Garchomp|Earthquake|p1a: Cottona|[spread] p1a,p1b\n|-heal|p2a: Orthworm|43/100|[from] ability: Earth Eater|[of] p2b: Garchomp\n|-resisted|p1a: Cottona|1\n|-supereffective|p1b: Kenny Omega|1\n|-damage|p1a: Cottona|84/100\n|-damage|p1b: Kenny Omega|13/100\n|move|p2a: Orthworm|Shed Tail|p2a: Orthworm\n|-fail|p2a: Orthworm|move: Shed Tail|[weak]\n|\n|upkeep\n|turn|3\n|inactive|chubi25 has 30 seconds left.\n|inactive|phobic1105 has 30 seconds left.\n|\n|t:|1776095748\n|move|p2a: Orthworm|Protect|p2a: Orthworm\n|-singleturn|p2a: Orthworm|Protect\n|move|p1a: Cottona|Taunt|p2a: Orthworm\n|-activate|p2a: Orthworm|move: Protect\n|move|p1b: Kenny Omega|Drain Punch|p2a: Orthworm\n|-activate|p2a: Orthworm|move: Protect\n|move|p2b: Garchomp|Earthquake|p1b: Kenny Omega|[spread] p1a,p1b\n|-activate|p2a: Orthworm|move: Protect\n|-resisted|p1a: Cottona|1\n|-supereffective|p1b: Kenny Omega|1\n|-crit|p1b: Kenny Omega\n|-damage|p1a: Cottona|69/100\n|-damage|p1b: Kenny Omega|0 fnt\n|faint|p1b: Kenny Omega\n|\n|upkeep\n|\n|t:|1776095762\n|switch|p1b: Milonga|Milotic, L50, F|100/100\n|turn|4\n|\n|t:|1776095776\n|move|p2b: Garchomp|Protect|p2b: Garchomp\n|-singleturn|p2b: Garchomp|Protect\n|move|p1a: Cottona|Dazzling Gleam|p2b: Garchomp|[spread] p2a\n|-activate|p2b: Garchomp|move: Protect\n|-resisted|p2a: Orthworm|1\n|-damage|p2a: Orthworm|31/100\n|move|p1b: Milonga|Scald|p2b: Garchomp\n|-activate|p2b: Garchomp|move: Protect\n|move|p2a: Orthworm|Heavy Slam|p1a: Cottona\n|-supereffective|p1a: Cottona|1\n|-damage|p1a: Cottona|8/100\n|\n|-sideend|p1: chubi25|move: Tailwind\n|upkeep\n|turn|5\n|\n|t:|1776095799\n|move|p1a: Cottona|Dazzling Gleam|p2b: Garchomp|[spread] p2a,p2b\n|-resisted|p2a: Orthworm|1\n|-supereffective|p2b: Garchomp|1\n|-damage|p2a: Orthworm|20/100\n|-damage|p2b: Garchomp|60/100\n|move|p2b: Garchomp|Iron Head|p1a: Cottona\n|-supereffective|p1a: Cottona|1\n|-damage|p1a: Cottona|0 fnt\n|faint|p1a: Cottona\n|move|p1b: Milonga|Icy Wind|p2b: Garchomp|[spread] p2a,p2b\n|-resisted|p2a: Orthworm|1\n|-supereffective|p2b: Garchomp|2\n|-enditem|p2b: Garchomp|Yache Berry|[eat]\n|-enditem|p2b: Garchomp|Yache Berry|[weaken]\n|-damage|p2a: Orthworm|11/100\n|-damage|p2b: Garchomp|34/100\n|-unboost|p2a: Orthworm|spe|1\n|-unboost|p2b: Garchomp|spe|1\n|move|p2a: Orthworm|Heavy Slam|p1b: Milonga\n|-resisted|p1b: Milonga|1\n|-damage|p1b: Milonga|95/100\n|\n|-heal|p1b: Milonga|100/100|[from] item: Leftovers\n|upkeep\n|\n|t:|1776095817\n|switch|p1a: Milonga|Milotic, L50, F|100/100\n|turn|6\n|inactive|phobic1105 has 30 seconds left.\n|\n|t:|1776095847\n|move|p1a: Milonga|Protect|p1a: Milonga\n|-singleturn|p1a: Milonga|Protect\n|move|p2a: Orthworm|Protect|p2a: Orthworm\n|-singleturn|p2a: Orthworm|Protect\n|move|p1b: Milonga|Icy Wind|p2a: Orthworm|[spread] p2b\n|-activate|p2a: Orthworm|move: Protect\n|-supereffective|p2b: Garchomp|2\n|-damage|p2b: Garchomp|0 fnt\n|faint|p2b: Garchomp\n|\n|upkeep\n|\n|t:|1776095859\n|switch|p2b: Incineroar|Incineroar, L50, M|100/100\n|-ability|p2b: Incineroar|Intimidate|boost\n|-unboost|p1a: Milonga|atk|1\n|-unboost|p1b: Milonga|atk|1\n|turn|7\n|\n|t:|1776095871\n|move|p1b: Milonga|Protect|p1b: Milonga\n|-singleturn|p1b: Milonga|Protect\n|move|p2b: Incineroar|Fake Out|p1b: Milonga\n|-activate|p1b: Milonga|move: Protect\n|move|p1a: Milonga|Hyper Voice|p2b: Incineroar|[spread] p2a,p2b\n|-resisted|p2a: Orthworm|1\n|-damage|p2a: Orthworm|0 fnt\n|-damage|p2b: Incineroar|65/100\n|faint|p2a: Orthworm\n|\n|upkeep\n|\n|t:|1776095880\n|switch|p2a: Froslass|Froslass, L50, F|100/100\n|turn|8\n|\n|t:|1776095889\n|detailschange|p2a: Froslass|Froslass-Mega, L50, F\n|-mega|p2a: Froslass|Froslass|Froslassite\n|-weather|Snowscape|[from] ability: Snow Warning|[of] p2a: Froslass\n|move|p2a: Froslass|Nasty Plot|p2a: Froslass\n|-boost|p2a: Froslass|spa|2\n|move|p1a: Milonga|Will-O-Wisp|p2a: Froslass\n|-status|p2a: Froslass|brn\n|move|p1b: Milonga|Scald|p2b: Incineroar\n|-supereffective|p2b: Incineroar|1\n|-damage|p2b: Incineroar|4/100\n|-enditem|p2b: Incineroar|Sitrus Berry|[eat]\n|-heal|p2b: Incineroar|28/100|[from] item: Sitrus Berry\n|move|p2b: Incineroar|Snarl|p1a: Milonga|[spread] p1a,p1b\n|-supereffective|p1a: Milonga|1\n|-damage|p1a: Milonga|55/100\n|-damage|p1b: Milonga|93/100\n|-unboost|p1a: Milonga|spa|1\n|-unboost|p1b: Milonga|spa|1\n|replace|p1a: Alfredo|Zoroark-Hisui, L50, M\n|-end|p1a: Alfredo|Illusion\n|\n|-weather|Snowscape|[upkeep]\n|-heal|p1b: Milonga|99/100|[from] item: Leftovers\n|-damage|p2a: Froslass|94/100 brn|[from] brn\n|upkeep\n|turn|9\n|inactive|chubi25 has 30 seconds left.\n|inactive|phobic1105 has 30 seconds left.\n|inactive|phobic1105 has 20 seconds left.\n|\n|t:|1776095929\n|move|p1a: Alfredo|Protect|p1a: Alfredo\n|-singleturn|p1a: Alfredo|Protect\n|move|p2a: Froslass|Blizzard|p1a: Alfredo|[spread] p1b\n|-activate|p1a: Alfredo|move: Protect\n|-resisted|p1b: Milonga|1\n|-damage|p1b: Milonga|69/100\n|move|p1b: Milonga|Scald|p2b: Incineroar\n|-supereffective|p2b: Incineroar|1\n|-damage|p2b: Incineroar|0 fnt\n|faint|p2b: Incineroar\n|\n|-weather|Snowscape|[upkeep]\n|-heal|p1b: Milonga|75/100|[from] item: Leftovers\n|-damage|p2a: Froslass|88/100 brn|[from] brn\n|upkeep\n|turn|10\n|\n|t:|1776095951\n|move|p2a: Froslass|Blizzard|p1b: Milonga|[spread] p1a,p1b\n|-resisted|p1b: Milonga|1\n|-damage|p1a: Alfredo|0 fnt\n|-damage|p1b: Milonga|44/100\n|faint|p1a: Alfredo\n|move|p1b: Milonga|Recover|p1b: Milonga\n|-heal|p1b: Milonga|94/100\n|\n|-weather|Snowscape|[upkeep]\n|-heal|p1b: Milonga|99/100|[from] item: Leftovers\n|-damage|p2a: Froslass|82/100 brn|[from] brn\n|upkeep\n|turn|11\n|\n|t:|1776095963\n|move|p1b: Milonga|Protect|p1b: Milonga\n|-singleturn|p1b: Milonga|Protect\n|move|p2a: Froslass|Shadow Ball|p1b: Milonga\n|-activate|p1b: Milonga|move: Protect\n|\n|-weather|Snowscape|[upkeep]\n|-heal|p1b: Milonga|100/100|[from] item: Leftovers\n|-damage|p2a: Froslass|76/100 brn|[from] brn\n|upkeep\n|turn|12\n|\n|t:|1776095974\n|move|p2a: Froslass|Blizzard|p1b: Milonga\n|-resisted|p1b: Milonga|1\n|-damage|p1b: Milonga|60/100\n|move|p1b: Milonga|Recover|p1b: Milonga\n|-heal|p1b: Milonga|100/100\n|\n|-weather|none\n|-damage|p2a: Froslass|70/100 brn|[from] brn\n|upkeep\n|turn|13\n|\n|t:|1776095981\n|move|p2a: Froslass|Nasty Plot|p2a: Froslass\n|-boost|p2a: Froslass|spa|2\n|move|p1b: Milonga|Scald|p2a: Froslass\n|-damage|p2a: Froslass|43/100 brn\n|\n|-damage|p2a: Froslass|37/100 brn|[from] brn\n|upkeep\n|turn|14\n|\n|t:|1776095994\n|move|p2a: Froslass|Shadow Ball|p1b: Milonga\n|-damage|p1b: Milonga|7/100\n|move|p1b: Milonga|Scald|p2a: Froslass\n|-damage|p2a: Froslass|7/100 brn\n|\n|-heal|p1b: Milonga|13/100|[from] item: Leftovers\n|-damage|p2a: Froslass|1/100 brn|[from] brn\n|upkeep\n|turn|15\n|\n|t:|1776096006\n|move|p1b: Milonga|Protect|p1b: Milonga\n|-singleturn|p1b: Milonga|Protect\n|move|p2a: Froslass|Shadow Ball|p1b: Milonga\n|-activate|p1b: Milonga|move: Protect\n|\n|-heal|p1b: Milonga|19/100|[from] item: Leftovers\n|-damage|p2a: Froslass|0 fnt|[from] brn\n|faint|p2a: Froslass\n|\n|win|chubi25\n|raw|chubi25's rating: 1087 &rarr; <strong>1107</strong><br />(+20 for winning)\n|raw|phobic1105's rating: 1000 &rarr; <strong>1000</strong><br />(+0 for losing)\n|c|\u2606chubi25|gg\n|l|\u2606phobic1105\n|player|p2|\n",
  "uploadtime": 1776096030,
  "views": 17,
  "formatid": "gen9championsvgc2026regma",
  "rating": 1000,
  "private": 0,
  "password": null
}