{
  "id": "gen9championsvgc2026regma-2584272142",
  "format": "[Gen 9 Champions] VGC 2026 Reg M-A",
  "players": [
    "abednoob1",
    "scizorboiye"
  ],
  "log": "|j|\u2606abednoob1\n|j|\u2606scizorboiye\n|t:|1776245693\n|gametype|doubles\n|player|p1|abednoob1|2|1095\n|player|p2|scizorboiye|102|1058\n|gen|9\n|tier|[Gen 9 Champions] VGC 2026 Reg M-A\n|rated|\n|rule|Species Clause: Limit one of each Pok\u00e9mon\n|rule|Item Clause: Limit 1 of each item\n|clearpoke\n|poke|p1|Heliolisk, L50, F|\n|poke|p1|Golurk, L50|\n|poke|p1|Incineroar, L50, M|\n|poke|p1|Decidueye-Hisui, L50, M|\n|poke|p1|Empoleon, L50, M|\n|poke|p1|Gallade, L50, M|\n|poke|p2|Tyranitar, L50, M|\n|poke|p2|Excadrill, L50, F|\n|poke|p2|Charizard, L50, M|\n|poke|p2|Venusaur, L50, F|\n|poke|p2|Pelipper, L50, F|\n|poke|p2|Basculegion, L50, M|\n|teampreview|4\nabednoob1 rejected open team sheets.\n|inactive|Battle timer is ON: inactive players will automatically lose when time's up. (requested by abednoob1)\n|inactive|abednoob1 has 60 seconds left.\n|inactive|scizorboiye has 60 seconds left.\n|inactive|abednoob1 has 30 seconds left.\n|inactive|scizorboiye has 30 seconds left.\n|\n|t:|1776245775\n|teamsize|p1|4\n|teamsize|p2|4\n|start\n|switch|p1a: Gallade|Gallade, L50, M|100/100\n|switch|p1b: Incineroar|Incineroar, L50, M|100/100\n|switch|p2a: Pelipper|Pelipper, L50, F|100/100\n|switch|p2b: Charizard|Charizard, L50, M|100/100\n|-weather|RainDance|[from] ability: Drizzle|[of] p2a: Pelipper\n|-ability|p1b: Incineroar|Intimidate|boost\n|-unboost|p2a: Pelipper|atk|1\n|-unboost|p2b: Charizard|atk|1\n|turn|1\n|\n|t:|1776245793\n|move|p1b: Incineroar|Fake Out|p2b: Charizard\n|-damage|p2b: Charizard|89/100\n|cant|p2b: Charizard|flinch\n|move|p2a: Pelipper|Hurricane|p1a: Gallade\n|-supereffective|p1a: Gallade|1\n|-damage|p1a: Gallade|22/100\n|-start|p1a: Gallade|confusion\n|-activate|p1a: Gallade|confusion\n|-damage|p1a: Gallade|0 fnt|[from] confusion\n|faint|p1a: Gallade\n|\n|-weather|RainDance|[upkeep]\n|upkeep\n|\n|t:|1776245803\n|switch|p1a: Empoleon|Empoleon, L50, M|100/100\n|turn|2\n|inactive|scizorboiye has 30 seconds left.\n|\n|t:|1776245833\n|detailschange|p2b: Charizard|Charizard-Mega-Y, L50, M\n|-mega|p2b: Charizard|Charizard|Charizardite Y\n|-weather|SunnyDay|[from] ability: Drought|[of] p2b: Charizard\n|move|p2b: Charizard|Weather Ball|p1a: Empoleon\n|-damage|p1a: Empoleon|0 fnt\n|faint|p1a: Empoleon\n|move|p2a: Pelipper|Weather Ball|p1b: Incineroar\n|-resisted|p1b: Incineroar|1\n|-damage|p1b: Incineroar|85/100\n|move|p1b: Incineroar|Parting Shot|p2b: Charizard\n|-unboost|p2b: Charizard|atk|1\n|-unboost|p2b: Charizard|spa|1\n|\n|t:|1776245844\n|switch|p1b: Golurk|Golurk, L50|100/100|[from] Parting Shot\n|\n|-weather|SunnyDay|[upkeep]\n|upkeep\n|\n|t:|1776245847\n|switch|p1a: Incineroar|Incineroar, L50, M|85/100\n|-ability|p1a: Incineroar|Intimidate|boost\n|-unboost|p2a: Pelipper|atk|1\n|-unboost|p2b: Charizard|atk|1\n|turn|3\n|\n|t:|1776245865\n|detailschange|p1b: Golurk|Golurk-Mega, L50\n|-mega|p1b: Golurk|Golurk|Golurkite\n|move|p1a: Incineroar|Fake Out|p2b: Charizard\n|-damage|p2b: Charizard|75/100\n|cant|p2b: Charizard|flinch\n|move|p1b: Golurk|Poltergeist|p2b: Charizard\n|-activate|p2b: Charizard|move: Poltergeist|Charizardite Y\n|-damage|p2b: Charizard|0 fnt\n|faint|p2b: Charizard\n|move|p2a: Pelipper|Blizzard|p1b: Golurk|[spread] p1a,p1b\n|-resisted|p1a: Incineroar|1\n|-supereffective|p1b: Golurk|1\n|-damage|p1a: Incineroar|77/100\n|-damage|p1b: Golurk|62/100\n|\n|-weather|SunnyDay|[upkeep]\n|upkeep\n|\n|t:|1776245883\n|switch|p2b: Venusaur|Venusaur, L50, F|100/100\n|turn|4\n|\n|t:|1776245896\n|move|p1b: Golurk|Protect|p1b: Golurk\n|-singleturn|p1b: Golurk|Protect\n|move|p2b: Venusaur|Solar Beam||[still]\n|-prepare|p2b: Venusaur|Solar Beam\n|-anim|p2b: Venusaur|Solar Beam|p1b: Golurk\n|-activate|p1b: Golurk|move: Protect\n|move|p2a: Pelipper|Tailwind|p2a: Pelipper\n|-sidestart|p2: scizorboiye|move: Tailwind\n|move|p1a: Incineroar|Flare Blitz|p2b: Venusaur\n|-supereffective|p2b: Venusaur|1\n|-damage|p2b: Venusaur|0 fnt\n|faint|p2b: Venusaur\n|-damage|p1a: Incineroar|51/100|[from] Recoil\n|\n|-weather|SunnyDay|[upkeep]\n|upkeep\n|\n|t:|1776245900\n|switch|p2b: Basculegion|Basculegion, L50, M|100/100\n|turn|5\n|\n|t:|1776245919\n|move|p2b: Basculegion|Wave Crash|p1b: Golurk\n|-supereffective|p1b: Golurk|1\n|-crit|p1b: Golurk\n|-damage|p1b: Golurk|0 fnt\n|faint|p1b: Golurk\n|-damage|p2b: Basculegion|82/100|[from] Recoil\n|move|p2a: Pelipper|Hurricane|p1a: Incineroar|[miss]\n|-miss|p2a: Pelipper|p1a: Incineroar\n|move|p1a: Incineroar|Darkest Lariat|p2b: Basculegion\n|-supereffective|p2b: Basculegion|1\n|-damage|p2b: Basculegion|0 fnt\n|faint|p2b: Basculegion\n|\n|-weather|SunnyDay|[upkeep]\n|upkeep\n|turn|6\n|\n|t:|1776245931\n|move|p2a: Pelipper|Hurricane|p1a: Incineroar|[miss]\n|-miss|p2a: Pelipper|p1a: Incineroar\n|move|p1a: Incineroar|Darkest Lariat|p2a: Pelipper\n|-damage|p2a: Pelipper|71/100\n|\n|-weather|none\n|upkeep\n|turn|7\n|\n|t:|1776245935\n|move|p2a: Pelipper|Hurricane|p1a: Incineroar\n|-damage|p1a: Incineroar|17/100\n|-start|p1a: Incineroar|confusion\n|-enditem|p1a: Incineroar|Sitrus Berry|[eat]\n|-heal|p1a: Incineroar|42/100|[from] item: Sitrus Berry\n|-activate|p1a: Incineroar|confusion\n|move|p1a: Incineroar|Darkest Lariat|p2a: Pelipper\n|-damage|p2a: Pelipper|42/100\n|-enditem|p2a: Pelipper|Sitrus Berry|[eat]\n|-heal|p2a: Pelipper|66/100|[from] item: Sitrus Berry\n|\n|-sideend|p2: scizorboiye|move: Tailwind\n|upkeep\n|turn|8\n|\n|t:|1776245940\n|move|p2a: Pelipper|Hurricane|p1a: Incineroar\n|-damage|p1a: Incineroar|4/100\n|-activate|p1a: Incineroar|confusion\n|move|p1a: Incineroar|Darkest Lariat|p2a: Pelipper\n|-damage|p2a: Pelipper|34/100\n|\n|upkeep\n|turn|9\n|\n|t:|1776245947\n|move|p2a: Pelipper|Weather Ball|p1a: Incineroar\n|-damage|p1a: Incineroar|0 fnt\n|faint|p1a: Incineroar\n|\n|win|scizorboiye\n|raw|abednoob1's rating: 1095 &rarr; <strong>1068</strong><br />(-27 for losing)\n|raw|scizorboiye's rating: 1058 &rarr; <strong>1093</strong><br />(+35 for winning)\n",
  "uploadtime": 1776246087,
  "views": 21,
  "formatid": "gen9championsvgc2026regma",
  "rating": 1068,
  "private": 0,
  "password": null
}