{
  "id": "gen9championsvgc2026regma-2580943051",
  "format": "[Gen 9 Champions] VGC 2026 Reg M-A",
  "players": [
    "heroisemcalssa",
    "ZAZA_Monk"
  ],
  "log": "|j|\u2606heroisemcalssa\n|j|\u2606ZAZA_Monk\n|t:|1775945369\n|gametype|doubles\n|player|p1|heroisemcalssa|swimmer|1108\n|player|p2|ZAZA_Monk|roxie|1046\n|gen|9\n|tier|[Gen 9 Champions] VGC 2026 Reg M-A\n|rated|\n|rule|Species Clause: Limit one of each Pok\u00e9mon\n|rule|Item Clause: Limit 1 of each item\n|clearpoke\n|poke|p1|Sableye, L50, M|\n|poke|p1|Oranguru, L50, F|\n|poke|p1|Starmie, L50|\n|poke|p1|Golurk, L50|\n|poke|p1|Aerodactyl, L50, M|\n|poke|p1|Heliolisk, L50, F|\n|poke|p2|Azumarill, L50, M|\n|poke|p2|Froslass, L50, F|\n|poke|p2|Tyranitar, L50, F|\n|poke|p2|Excadrill, L50, M|\n|poke|p2|Incineroar, L50, F|\n|poke|p2|Aerodactyl, L50, M|\n|teampreview|4\n|inactive|Battle timer is ON: inactive players will automatically lose when time's up. (requested by ZAZA_Monk)\n|\n|t:|1775945397\n|teamsize|p1|4\n|teamsize|p2|4\n|start\n|switch|p1a: Sableye|Sableye, L50, M, shiny|100/100\n|switch|p1b: Aerodactyl|Aerodactyl, L50, M|100/100\n|switch|p2a: Spice girl|Froslass, L50, F|100/100\n|switch|p2b: Soft&Wet|Azumarill, L50, M|100/100\n|-ability|p1b: Aerodactyl|Unnerve\n|turn|1\n|\n|t:|1775945422\n|detailschange|p2a: Spice girl|Froslass-Mega, L50, F\n|-mega|p2a: Spice girl|Froslass|Froslassite\n|-weather|Snowscape|[from] ability: Snow Warning|[of] p2a: Spice girl\n|move|p1b: Aerodactyl|Tailwind|p1b: Aerodactyl\n|-sidestart|p1: heroisemcalssa|move: Tailwind\n|move|p2a: Spice girl|Blizzard|p1a: Sableye|[spread] p1a,p1b\n|-supereffective|p1b: Aerodactyl|1\n|-damage|p1a: Sableye|58/100\n|-enditem|p1b: Aerodactyl|Focus Sash\n|-damage|p1b: Aerodactyl|1/100\n|move|p1a: Sableye|Knock Off|p2a: Spice girl\n|-supereffective|p2a: Spice girl|1\n|-damage|p2a: Spice girl|67/100\n|move|p2b: Soft&Wet|Belly Drum|p2b: Soft&Wet\n|-damage|p2b: Soft&Wet|51/100\n|-setboost|p2b: Soft&Wet|atk|6|[from] move: Belly Drum\n|\n|-weather|Snowscape|[upkeep]\n|-heal|p1a: Sableye|64/100|[from] item: Leftovers\n|upkeep\n|turn|2\n|inactive|heroisemcalssa has 30 seconds left.\n|inactive|ZAZA_Monk has 30 seconds left.\n|\n|t:|1775945454\n|move|p2a: Spice girl|Protect|p2a: Spice girl\n|-singleturn|p2a: Spice girl|Protect\n|move|p1a: Sableye|Rain Dance|p1a: Sableye\n|-weather|RainDance\n|move|p2b: Soft&Wet|Aqua Jet|p1b: Aerodactyl\n|-supereffective|p1b: Aerodactyl|1\n|-damage|p1b: Aerodactyl|0 fnt\n|faint|p1b: Aerodactyl\n|\n|-weather|RainDance|[upkeep]\n|-heal|p1a: Sableye|70/100|[from] item: Leftovers\n|upkeep\n|\n|t:|1775945470\n|switch|p1b: Starmie|Starmie, L50, shiny|100/100\n|turn|3\n|\n|t:|1775945487\n|switch|p2a: Golden Wind|Tyranitar, L50, F, shiny|100/100\n|-weather|Sandstorm|[from] ability: Sand Stream|[of] p2a: Golden Wind\n|detailschange|p1b: Starmie|Starmie-Mega, L50, shiny\n|-mega|p1b: Starmie|Starmie|Starminite\n|move|p1a: Sableye|Encore|p2a: Golden Wind\n|-hint|Since gen 7, Dark is immune to Prankster moves.\n|-immune|p2a: Golden Wind\n|move|p1b: Starmie|Liquidation|p2b: Soft&Wet\n|-resisted|p2b: Soft&Wet|1\n|-damage|p2b: Soft&Wet|10/100\n|-enditem|p2b: Soft&Wet|Sitrus Berry|[eat]\n|-heal|p2b: Soft&Wet|35/100|[from] item: Sitrus Berry\n|move|p2b: Soft&Wet|Play Rough|p1a: Sableye\n|-supereffective|p1a: Sableye|1\n|-damage|p1a: Sableye|0 fnt\n|faint|p1a: Sableye\n|\n|-weather|Sandstorm|[upkeep]\n|-damage|p1b: Starmie|95/100|[from] Sandstorm\n|-damage|p2b: Soft&Wet|29/100|[from] Sandstorm\n|upkeep\n|\n|t:|1775945508\n|switch|p1a: Oranguru|Oranguru, L50, F|100/100\n|turn|4\n|\n|t:|1775945526\n|move|p1b: Starmie|Liquidation|p2a: Golden Wind\n|-supereffective|p2a: Golden Wind|1\n|-damage|p2a: Golden Wind|0 fnt\n|faint|p2a: Golden Wind\n|move|p1a: Oranguru|Instruct|p1b: Starmie\n|-singleturn|p1b: Starmie|move: Instruct|[of] p1a: Oranguru\n|move|p1b: Starmie|Liquidation|p2b: Soft&Wet\n|-resisted|p2b: Soft&Wet|1\n|-damage|p2b: Soft&Wet|0 fnt\n|faint|p2b: Soft&Wet\n|\n|-weather|Sandstorm|[upkeep]\n|-damage|p1b: Starmie|89/100|[from] Sandstorm\n|-damage|p1a: Oranguru|94/100|[from] Sandstorm\n|-sideend|p1: heroisemcalssa|move: Tailwind\n|upkeep\n|\n|t:|1775945540\n|switch|p2a: Giorno|Excadrill, L50, M|100/100\n|switch|p2b: Spice girl|Froslass-Mega, L50, F|67/100\n|-weather|Snowscape|[from] ability: Snow Warning|[of] p2b: Spice girl\n|turn|5\n|inactive|heroisemcalssa has 30 seconds left.\n|inactive|heroisemcalssa has 20 seconds left.\n|inactive|heroisemcalssa has 15 seconds left.\n|\n|t:|1775945583\n|move|p2b: Spice girl|Protect|p2b: Spice girl\n|-singleturn|p2b: Spice girl|Protect\n|move|p1b: Starmie|Liquidation|p2a: Giorno\n|-supereffective|p2a: Giorno|1\n|-crit|p2a: Giorno\n|-damage|p2a: Giorno|0 fnt\n|faint|p2a: Giorno\n|move|p1a: Oranguru|Knock Off|p2b: Spice girl\n|-activate|p2b: Spice girl|move: Protect\n|\n|-weather|Snowscape|[upkeep]\n|upkeep\n|turn|6\n|\n|t:|1775945598\n|move|p1b: Starmie|Protect|p1b: Starmie\n|-singleturn|p1b: Starmie|Protect\n|move|p2b: Spice girl|Shadow Ball|p1b: Starmie\n|-activate|p1b: Starmie|move: Protect\n|move|p1a: Oranguru|Trick Room|p1a: Oranguru\n|-fieldstart|move: Trick Room|[of] p1a: Oranguru\n|\n|-weather|Snowscape|[upkeep]\n|upkeep\n|turn|7\n|\n|t:|1775945610\n|move|p1a: Oranguru|Knock Off|p2b: Spice girl\n|-supereffective|p2b: Spice girl|1\n|-damage|p2b: Spice girl|48/100\n|move|p1b: Starmie|Liquidation|p2b: Spice girl\n|-damage|p2b: Spice girl|0 fnt\n|faint|p2b: Spice girl\n|\n|win|heroisemcalssa\n|raw|heroisemcalssa's rating: 1108 &rarr; <strong>1129</strong><br />(+21 for winning)\n|raw|ZAZA_Monk's rating: 1046 &rarr; <strong>1032</strong><br />(-14 for losing)\n|l|\u2606ZAZA_Monk\n|player|p2|\n",
  "uploadtime": 1775945619,
  "views": 15,
  "formatid": "gen9championsvgc2026regma",
  "rating": 1032,
  "private": 0,
  "password": null
}