{
  "id": "gen9championsvgc2026regma-2586438512",
  "format": "[Gen 9 Champions] VGC 2026 Reg M-A",
  "players": [
    "astonished_25",
    "iliasdelm"
  ],
  "log": "|j|\u2606astonished_25\n|j|\u2606iliasdelm\n|t:|1776434723\n|gametype|doubles\n|player|p1|astonished_25|caitlin|1402\n|player|p2|iliasdelm|gambler|1401\n|gen|9\n|tier|[Gen 9 Champions] VGC 2026 Reg M-A\n|rated|\n|rule|Species Clause: Limit one of each Pok\u00e9mon\n|rule|Item Clause: Limit 1 of each item\n|clearpoke\n|poke|p1|Aerodactyl, L50, F|\n|poke|p1|Tyranitar, L50, M|\n|poke|p1|Kingambit, L50, M|\n|poke|p1|Floette-Eternal, L50, F|\n|poke|p1|Sinistcha-Masterpiece, L50|\n|poke|p1|Basculegion, L50, M|\n|poke|p2|Heracross, L50, F|\n|poke|p2|Pelipper, L50, M|\n|poke|p2|Archaludon, L50, F|\n|poke|p2|Sneasler, L50, F|\n|poke|p2|Basculegion, L50, M|\n|poke|p2|Incineroar, L50, M|\n|teampreview|4\n|inactive|Battle timer is ON: inactive players will automatically lose when time's up. (requested by astonished_25)\n|j| t-khoa\n|\n|t:|1776434746\n|teamsize|p1|4\n|teamsize|p2|4\n|start\n|switch|p1a: Aerodactyl|Aerodactyl, L50, F|100/100\n|switch|p1b: Kingambit|Kingambit, L50, M|100/100\n|switch|p2a: Incineroar|Incineroar, L50, M, shiny|100/100\n|switch|p2b: Archaludon|Archaludon, L50, F|100/100\n|-ability|p1a: Aerodactyl|Unnerve\n|-ability|p2a: Incineroar|Intimidate|boost\n|-unboost|p1a: Aerodactyl|atk|1\n|-unboost|p1b: Kingambit|atk|1\n|-ability|p1b: Kingambit|Defiant|boost\n|-boost|p1b: Kingambit|atk|2\n|turn|1\n|\n|t:|1776434761\n|move|p2a: Incineroar|Fake Out|p1b: Kingambit\n|-resisted|p1b: Kingambit|1\n|-damage|p1b: Kingambit|96/100\n|move|p1a: Aerodactyl|Tailwind|p1a: Aerodactyl\n|-sidestart|p1: astonished_25|move: Tailwind\n|cant|p1b: Kingambit|flinch\n|move|p2b: Archaludon|Flash Cannon|p1a: Aerodactyl\n|-supereffective|p1a: Aerodactyl|1\n|-enditem|p1a: Aerodactyl|Focus Sash\n|-damage|p1a: Aerodactyl|1/100\n|\n|upkeep\n|turn|2\n|\n|t:|1776434780\n|switch|p2a: Basculegion|Basculegion, L50, M|100/100\n|move|p1a: Aerodactyl|Rock Slide|p2b: Archaludon|[spread] p2a,p2b\n|-resisted|p2b: Archaludon|1\n|-damage|p2a: Basculegion|80/100\n|-damage|p2b: Archaludon|94/100\n|-ability|p2b: Archaludon|Stamina|boost\n|-boost|p2b: Archaludon|def|1\n|move|p1b: Kingambit|Low Kick|p2b: Archaludon\n|-supereffective|p2b: Archaludon|1\n|-damage|p2b: Archaludon|49/100\n|-ability|p2b: Archaludon|Stamina|boost\n|-boost|p2b: Archaludon|def|1\n|move|p2b: Archaludon|Electro Shot||[still]\n|-prepare|p2b: Archaludon|Electro Shot\n|-boost|p2b: Archaludon|spa|1\n|\n|upkeep\n|turn|3\n|\n|t:|1776434798\n|move|p2a: Basculegion|Aqua Jet|p1a: Aerodactyl\n|-supereffective|p1a: Aerodactyl|1\n|-damage|p1a: Aerodactyl|0 fnt\n|-enditem|p2b: Archaludon|Sitrus Berry|[eat]\n|-heal|p2b: Archaludon|74/100|[from] item: Sitrus Berry\n|faint|p1a: Aerodactyl\n|move|p1b: Kingambit|Low Kick|p2b: Archaludon\n|-supereffective|p2b: Archaludon|1\n|-damage|p2b: Archaludon|42/100\n|-ability|p2b: Archaludon|Stamina|boost\n|-boost|p2b: Archaludon|def|1\n|move|p2b: Archaludon|Electro Shot|p1b: Kingambit|[from] lockedmove\n|-damage|p1b: Kingambit|37/100\n|\n|upkeep\n|\n|t:|1776434808\n|switch|p1a: Tyranitar|Tyranitar, L50, M|100/100\n|-weather|Sandstorm|[from] ability: Sand Stream|[of] p1a: Tyranitar\n|turn|4\n|\n|t:|1776434815\n|move|p2a: Basculegion|Aqua Jet|p1b: Kingambit\n|-damage|p1b: Kingambit|18/100\n|move|p1a: Tyranitar|Knock Off|p2a: Basculegion\n|-supereffective|p2a: Basculegion|1\n|-damage|p2a: Basculegion|0 fnt\n|-enditem|p2a: Basculegion|Choice Scarf|[from] move: Knock Off|[of] p1a: Tyranitar\n|faint|p2a: Basculegion\n|move|p1b: Kingambit|Low Kick|p2b: Archaludon\n|-supereffective|p2b: Archaludon|1\n|-damage|p2b: Archaludon|14/100\n|-ability|p2b: Archaludon|Stamina|boost\n|-boost|p2b: Archaludon|def|1\n|move|p2b: Archaludon|Flash Cannon|p1b: Kingambit\n|-resisted|p1b: Kingambit|1\n|-crit|p1b: Kingambit\n|-damage|p1b: Kingambit|0 fnt\n|faint|p1b: Kingambit\n|\n|-weather|Sandstorm|[upkeep]\n|-sideend|p1: astonished_25|move: Tailwind\n|upkeep\n|\n|t:|1776434824\n|switch|p2a: Incineroar|Incineroar, L50, M, shiny|100/100\n|switch|p1b: Basculegion|Basculegion, L50, M|100/100\n|-ability|p2a: Incineroar|Intimidate|boost\n|-unboost|p1a: Tyranitar|atk|1\n|-unboost|p1b: Basculegion|atk|1\n|turn|5\n|\n|t:|1776434834\n|move|p1a: Tyranitar|Protect|p1a: Tyranitar\n|-singleturn|p1a: Tyranitar|Protect\n|move|p2a: Incineroar|Fake Out|p1a: Tyranitar\n|-activate|p1a: Tyranitar|move: Protect\n|move|p1b: Basculegion|Last Respects|p2b: Archaludon\n|-damage|p2b: Archaludon|0 fnt\n|faint|p2b: Archaludon\n|\n|-weather|Sandstorm|[upkeep]\n|-damage|p1b: Basculegion|94/100|[from] Sandstorm\n|-damage|p2a: Incineroar|94/100|[from] Sandstorm\n|-heal|p2a: Incineroar|100/100|[from] item: Leftovers\n|upkeep\n|\n|t:|1776434842\n|switch|p2b: Heracross|Heracross, L50, F|100/100\n|turn|6\n|\n|t:|1776434857\n|detailschange|p2b: Heracross|Heracross-Mega, L50, F\n|-mega|p2b: Heracross|Heracross|Heracronite\n|detailschange|p1a: Tyranitar|Tyranitar-Mega, L50, M\n|-mega|p1a: Tyranitar|Tyranitar|Tyranitarite\n|move|p1b: Basculegion|Last Respects|p2b: Heracross\n|-damage|p2b: Heracross|43/100\n|move|p2b: Heracross|Close Combat|p1a: Tyranitar\n|-supereffective|p1a: Tyranitar|2\n|-damage|p1a: Tyranitar|0 fnt\n|-unboost|p2b: Heracross|def|1\n|-unboost|p2b: Heracross|spd|1\n|faint|p1a: Tyranitar\n|move|p2a: Incineroar|Darkest Lariat|p1b: Basculegion\n|-supereffective|p1b: Basculegion|1\n|-damage|p1b: Basculegion|11/100\n|\n|-weather|Sandstorm|[upkeep]\n|-damage|p1b: Basculegion|5/100|[from] Sandstorm\n|-damage|p2b: Heracross|37/100|[from] Sandstorm\n|-damage|p2a: Incineroar|94/100|[from] Sandstorm\n|-heal|p2a: Incineroar|100/100|[from] item: Leftovers\n|upkeep\n|turn|7\n|\n|t:|1776434881\n|move|p1b: Basculegion|Last Respects|p2b: Heracross\n|-damage|p2b: Heracross|0 fnt\n|faint|p2b: Heracross\n|move|p2a: Incineroar|Darkest Lariat|p1b: Basculegion\n|-supereffective|p1b: Basculegion|1\n|-damage|p1b: Basculegion|0 fnt\n|faint|p1b: Basculegion\n|\n|win|iliasdelm\n|raw|astonished_25's rating: 1402 &rarr; <strong>1382</strong><br />(-20 for losing)\n|raw|iliasdelm's rating: 1401 &rarr; <strong>1421</strong><br />(+20 for winning)\n",
  "uploadtime": 1776434882,
  "views": 35,
  "formatid": "gen9championsvgc2026regma",
  "rating": 1382,
  "private": 0,
  "password": null
}