{
  "id": "gen9championsvgc2026regma-2580455912",
  "format": "[Gen 9 Champions] VGC 2026 Reg M-A",
  "players": [
    "Stockyfishy",
    "SleepyBadBoy"
  ],
  "log": "|j|\u2606Stockyfishy\n|j|\u2606SleepyBadBoy\n|t:|1775899239\n|gametype|doubles\n|player|p1|Stockyfishy|101|1084\n|player|p2|SleepyBadBoy|265|1106\n|gen|9\n|tier|[Gen 9 Champions] VGC 2026 Reg M-A\n|rated|\n|rule|Species Clause: Limit one of each Pok\u00e9mon\n|rule|Item Clause: Limit 1 of each item\n|clearpoke\n|poke|p1|Delphox, L50, M|\n|poke|p1|Sneasler, L50, F|\n|poke|p1|Garchomp, L50, F|\n|poke|p1|Kingambit, L50, M|\n|poke|p1|Gyarados, L50, F|\n|poke|p1|Clefable, L50, F|\n|poke|p2|Gengar, L50, F|\n|poke|p2|Politoed, L50, M|\n|poke|p2|Incineroar, L50, F|\n|poke|p2|Basculegion-F, L50, F|\n|poke|p2|Maushold-Four, L50|\n|poke|p2|Mudsdale, L50, F|\n|teampreview|4\n|inactive|Battle timer is ON: inactive players will automatically lose when time's up. (requested by SleepyBadBoy)\n|inactive|Stockyfishy has 60 seconds left.\n|\n|t:|1775899304\n|teamsize|p1|4\n|teamsize|p2|4\n|start\n|switch|p1a: Kingambit|Kingambit, L50, M|100/100\n|switch|p1b: Garchomp|Garchomp, L50, F|100/100\n|switch|p2a: Maushold|Maushold-Four, L50|100/100\n|switch|p2b: Gengar|Gengar, L50, F|100/100\n|turn|1\n|inactive|Stockyfishy has 30 seconds left.\n|inactive|Stockyfishy has 20 seconds left.\n|inactive|Stockyfishy has 15 seconds left.\n|\n|t:|1775899345\n|switch|p2b: Mudsdale|Mudsdale, L50, F|100/100\n|move|p2a: Maushold|Beat Up|p2b: Mudsdale\n|-damage|p2b: Mudsdale|99/100\n|-ability|p2b: Mudsdale|Stamina|boost\n|-boost|p2b: Mudsdale|def|1\n|-damage|p2b: Mudsdale|99/100\n|-ability|p2b: Mudsdale|Stamina|boost\n|-boost|p2b: Mudsdale|def|1\n|-damage|p2b: Mudsdale|98/100\n|-ability|p2b: Mudsdale|Stamina|boost\n|-boost|p2b: Mudsdale|def|1\n|-damage|p2b: Mudsdale|98/100\n|-ability|p2b: Mudsdale|Stamina|boost\n|-boost|p2b: Mudsdale|def|1\n|-hitcount|p2b: Mudsdale|4\n|move|p1b: Garchomp|Dragon Claw|p2a: Maushold\n|-damage|p2a: Maushold|57/100\n|move|p1a: Kingambit|Kowtow Cleave|p2a: Maushold\n|-damage|p2a: Maushold|0 fnt\n|faint|p2a: Maushold\n|\n|upkeep\n|\n|t:|1775899363\n|switch|p2a: Gengar|Gengar, L50, F|100/100\n|turn|2\n|\n|t:|1775899369\n|switch|p1a: Clefable|Clefable, L50, F|100/100\n|detailschange|p2a: Gengar|Gengar-Mega, L50, F\n|-mega|p2a: Gengar|Gengar|Gengarite\n|move|p2a: Gengar|Protect|p2a: Gengar\n|-singleturn|p2a: Gengar|Protect\n|move|p1b: Garchomp|Protect|p1b: Garchomp\n|-singleturn|p1b: Garchomp|Protect\n|move|p2b: Mudsdale|Body Press|p1b: Garchomp\n|-activate|p1b: Garchomp|move: Protect\n|\n|upkeep\n|turn|3\n|inactive|Stockyfishy has 30 seconds left.\n|\n|t:|1775899394\n|move|p1a: Clefable|Protect|p1a: Clefable\n|-singleturn|p1a: Clefable|Protect\n|move|p2a: Gengar|Substitute|p2a: Gengar\n|-start|p2a: Gengar|Substitute\n|-damage|p2a: Gengar|76/100\n|move|p1b: Garchomp|Earthquake|p2a: Gengar|[spread] p2a,p2b\n|-activate|p1a: Clefable|move: Protect\n|-supereffective|p2a: Gengar|1\n|-end|p2a: Gengar|Substitute\n|-damage|p2b: Mudsdale|89/100\n|-ability|p2b: Mudsdale|Stamina|boost\n|-boost|p2b: Mudsdale|def|1\n|move|p2b: Mudsdale|Heavy Slam|p1a: Clefable\n|-activate|p1a: Clefable|move: Protect\n|\n|upkeep\n|turn|4\n|inactive|Stockyfishy has 30 seconds left.\n|inactive|Stockyfishy has 20 seconds left.\n|inactive|Stockyfishy has 15 seconds left.\n|\n|t:|1775899438\n|move|p2a: Gengar|Protect|p2a: Gengar\n|-singleturn|p2a: Gengar|Protect\n|move|p1a: Clefable|Follow Me|p1a: Clefable\n|-singleturn|p1a: Clefable|move: Follow Me\n|move|p1b: Garchomp|Earthquake|p2a: Gengar|[spread] p1a,p2b\n|-activate|p2a: Gengar|move: Protect\n|-damage|p1a: Clefable|64/100\n|-damage|p2b: Mudsdale|81/100\n|-ability|p2b: Mudsdale|Stamina|boost\n|-boost|p2b: Mudsdale|def|1\n|move|p2b: Mudsdale|Heavy Slam|p1a: Clefable\n|-supereffective|p1a: Clefable|1\n|-damage|p1a: Clefable|0 fnt\n|faint|p1a: Clefable\n|\n|upkeep\n|\n|t:|1775899447\n|switch|p1a: Gyarados|Gyarados, L50, F|100/100\n|-ability|p1a: Gyarados|Intimidate|boost\n|-unboost|p2a: Gengar|atk|1\n|-unboost|p2b: Mudsdale|atk|1\n|turn|5\n|\n|t:|1775899465\n|move|p2a: Gengar|Substitute|p2a: Gengar\n|-start|p2a: Gengar|Substitute\n|-damage|p2a: Gengar|51/100\n|move|p1b: Garchomp|Earthquake|p2b: Mudsdale|[spread] p2a,p2b\n|-immune|p1a: Gyarados\n|-supereffective|p2a: Gengar|1\n|-crit|p2a: Gengar\n|-end|p2a: Gengar|Substitute\n|-damage|p2b: Mudsdale|74/100\n|move|p1a: Gyarados|Waterfall|p2b: Mudsdale\n|-supereffective|p2b: Mudsdale|1\n|-damage|p2b: Mudsdale|61/100\n|move|p2b: Mudsdale|Body Press|p1a: Gyarados\n|-resisted|p1a: Gyarados|1\n|-damage|p1a: Gyarados|53/100\n|\n|upkeep\n|turn|6\n|\n|t:|1775899485\n|move|p2a: Gengar|Protect|p2a: Gengar\n|-singleturn|p2a: Gengar|Protect\n|move|p1b: Garchomp|Earthquake|p2a: Gengar|[spread] p2b\n|-activate|p2a: Gengar|move: Protect\n|-immune|p1a: Gyarados\n|-damage|p2b: Mudsdale|54/100\n|move|p1a: Gyarados|Waterfall|p2b: Mudsdale\n|-supereffective|p2b: Mudsdale|1\n|-damage|p2b: Mudsdale|43/100\n|-enditem|p2b: Mudsdale|Sitrus Berry|[eat]\n|-heal|p2b: Mudsdale|67/100|[from] item: Sitrus Berry\n|move|p2b: Mudsdale|Body Press|p1b: Garchomp\n|-damage|p1b: Garchomp|14/100\n|-damage|p2b: Mudsdale|55/100|[from] ability: Rough Skin|[of] p1b: Garchomp\n|\n|-heal|p1b: Garchomp|20/100|[from] item: Leftovers\n|upkeep\n|turn|7\n|\n|t:|1775899505\n|move|p1b: Garchomp|Protect|p1b: Garchomp\n|-singleturn|p1b: Garchomp|Protect\n|move|p2a: Gengar|Substitute|p2a: Gengar\n|-start|p2a: Gengar|Substitute\n|-damage|p2a: Gengar|27/100\n|move|p1a: Gyarados|Thunder Wave||[still]\n|-fail|p1a: Gyarados\n|move|p2b: Mudsdale|Body Press|p1a: Gyarados\n|-resisted|p1a: Gyarados|1\n|-damage|p1a: Gyarados|8/100\n|-enditem|p1a: Gyarados|Sitrus Berry|[eat]\n|-heal|p1a: Gyarados|33/100|[from] item: Sitrus Berry\n|\n|-heal|p1b: Garchomp|26/100|[from] item: Leftovers\n|upkeep\n|turn|8\n|-message|Stockyfishy forfeited.\n|\n|win|SleepyBadBoy\n|raw|Stockyfishy's rating: 1084 &rarr; <strong>1063</strong><br />(-21 for losing)\n|raw|SleepyBadBoy's rating: 1106 &rarr; <strong>1129</strong><br />(+23 for winning)\n|l|\u2606Stockyfishy\n|player|p1|\n",
  "uploadtime": 1775899532,
  "views": 16,
  "formatid": "gen9championsvgc2026regma",
  "rating": 1063,
  "private": 0,
  "password": null
}