{
  "id": "gen9championsvgc2026regma-2587099525",
  "format": "[Gen 9 Champions] VGC 2026 Reg M-A",
  "players": [
    "ChickenZX",
    "etrdyfyiu"
  ],
  "log": "|j|\u2606ChickenZX\n|j|\u2606etrdyfyiu\n|t:|1776493287\n|gametype|doubles\n|player|p1|ChickenZX|fisherman-gen4|\n|player|p2|etrdyfyiu|ghetsis-gen5bw|\n|gen|9\n|tier|[Gen 9 Champions] VGC 2026 Reg M-A\n|rated|Tournament battle\n|rule|Species Clause: Limit one of each Pok\u00e9mon\n|rule|Item Clause: Limit 1 of each item\n|raw|<div class=\"infobox\"><details class=\"readmore\" open><summary><strong>1 custom rule:</strong></summary> Force Open Team Sheets</details></div>\n|clearpoke\n|poke|p1|Lopunny, L50, F, shiny|\n|poke|p1|Farigiraf, L50, M, shiny|\n|poke|p1|Torkoal, L50, M|\n|poke|p1|Venusaur, L50, M|\n|poke|p1|Kingambit, L50, M|\n|poke|p1|Dragonite, L50, M|\n|poke|p2|Glalie, L50, M|\n|poke|p2|Whimsicott, L50, M|\n|poke|p2|Pelipper, L50, M|\n|poke|p2|Basculegion, L50, M|\n|poke|p2|Sinistcha, L50|\n|poke|p2|Incineroar, L50, M|\n|teampreview|4\n|showteam|p1|Lopunny||Lopunnite|CuteCharm|FakeOut,CloseCombat,TripleAxel,AfterYou|||F|||50|]Farigiraf||SitrusBerry|ArmorTail|HyperVoice,Psychic,TrickRoom,Protect|||M|||50|]Torkoal||Charcoal|Drought|Eruption,WeatherBall,EarthPower,Protect|||M|||50|]Venusaur||Venusaurite|Chlorophyll|SludgeBomb,GigaDrain,SleepPowder,Protect|||M|||50|]Kingambit||BlackGlasses|Defiant|KowtowCleave,SuckerPunch,IronHead,Protect|||M|||50|]Dragonite||WhiteHerb|Multiscale|StompingTantrum,DragonClaw,Tailwind,Protect|||M|||50|\n|showteam|p2|Glalie||Glalitite|InnerFocus|Explosion,Substitute,Protect,SheerCold|||M|||50|]Whimsicott||FocusSash|Prankster|Protect,Tailwind,Moonblast,HelpingHand|||M|||50|]Pelipper||WacanBerry|Drizzle|Tailwind,Protect,Hurricane,WeatherBall|||M|||50|]Basculegion||SpellTag|SwiftSwim|WaveCrash,AquaJet,LastRespects,Protect|||M|||50|]Sinistcha||SitrusBerry|Hospitality|Protect,MatchaGotcha,RagePowder,TrickRoom||||||50|]Incineroar||ChopleBerry|Intimidate|FakeOut,PartingShot,HelpingHand,FlareBlitz|||M|||50|\n|inactive|Battle timer is ON: inactive players will automatically lose when time's up. (requested by etrdyfyiu)\n|j| knoxxzeta\n|c|\u2606etrdyfyiu|glhf\n|j| SeulClef\n|\n|t:|1776493297\n|teamsize|p1|4\n|teamsize|p2|4\n|start\n|switch|p1a: Lopunny|Lopunny, L50, F, shiny|100/100\n|switch|p1b: Farigiraf|Farigiraf, L50, M, shiny|100/100\n|switch|p2a: Glalie|Glalie, L50, M|100/100\n|switch|p2b: Whimsicott|Whimsicott, L50, M|100/100\n|turn|1\n|c|\u2606ChickenZX|glhf too\n|\n|t:|1776493312\n|detailschange|p1a: Lopunny|Lopunny-Mega, L50, F, shiny\n|-mega|p1a: Lopunny|Lopunny|Lopunnite\n|detailschange|p2a: Glalie|Glalie-Mega, L50, M\n|-mega|p2a: Glalie|Glalie|Glalitite\n|move|p1a: Lopunny|Fake Out|p2a: Glalie\n|-damage|p2a: Glalie|72/100\n|move|p2b: Whimsicott|Tailwind|p2b: Whimsicott\n|-sidestart|p2: etrdyfyiu|move: Tailwind\n|cant|p2a: Glalie|flinch\n|move|p1b: Farigiraf|Trick Room|p1b: Farigiraf\n|-fieldstart|move: Trick Room|[of] p1b: Farigiraf\n|\n|upkeep\n|turn|2\n|\n|t:|1776493330\n|move|p2a: Glalie|Protect|p2a: Glalie\n|-singleturn|p2a: Glalie|Protect\n|move|p1b: Farigiraf|Hyper Voice|p2b: Whimsicott|[spread] p2b\n|-activate|p2a: Glalie|move: Protect\n|-damage|p2b: Whimsicott|41/100\n|move|p1a: Lopunny|Close Combat|p2a: Glalie\n|-activate|p2a: Glalie|move: Protect\n|move|p2b: Whimsicott|Moonblast|p1a: Lopunny\n|-supereffective|p1a: Lopunny|1\n|-damage|p1a: Lopunny|15/100\n|-unboost|p1a: Lopunny|spa|1\n|\n|upkeep\n|turn|3\n|\n|t:|1776493345\n|switch|p2a: Pelipper|Pelipper, L50, M|100/100\n|-weather|RainDance|[from] ability: Drizzle|[of] p2a: Pelipper\n|move|p2b: Whimsicott|Protect|p2b: Whimsicott\n|-singleturn|p2b: Whimsicott|Protect\n|move|p1b: Farigiraf|Hyper Voice|p2b: Whimsicott|[spread] p2a\n|-activate|p2b: Whimsicott|move: Protect\n|-damage|p2a: Pelipper|43/100\n|move|p1a: Lopunny|Close Combat|p2a: Pelipper\n|-resisted|p2a: Pelipper|1\n|-damage|p2a: Pelipper|0 fnt\n|-unboost|p1a: Lopunny|def|1\n|-unboost|p1a: Lopunny|spd|1\n|faint|p2a: Pelipper\n|\n|-weather|RainDance|[upkeep]\n|upkeep\n|\n|t:|1776493355\n|switch|p2a: Basculegion|Basculegion, L50, M|100/100\n|turn|4\n|j| Gamertag1001\n|\n|t:|1776493364\n|move|p2a: Basculegion|Protect|p2a: Basculegion\n|-singleturn|p2a: Basculegion|Protect\n|move|p1b: Farigiraf|Psychic|p2b: Whimsicott\n|-damage|p2b: Whimsicott|0 fnt\n|faint|p2b: Whimsicott\n|move|p1a: Lopunny|Close Combat|p2a: Basculegion\n|-activate|p2a: Basculegion|move: Protect\n|\n|-weather|RainDance|[upkeep]\n|-sideend|p2: etrdyfyiu|move: Tailwind\n|upkeep\n|l| Gamertag1001\n|\n|t:|1776493370\n|switch|p2b: Glalie|Glalie-Mega, L50, M|72/100\n|turn|5\n|j| ImActuallyShrek\n|c| SeulClef|lopunnys a menace lol\n|l| ImActuallyShrek\n|\n|t:|1776493384\n|switch|p1a: Torkoal|Torkoal, L50, M|100/100\n|-weather|SunnyDay|[from] ability: Drought|[of] p1a: Torkoal\n|move|p2b: Glalie|Protect|p2b: Glalie\n|-singleturn|p2b: Glalie|Protect\n|move|p2a: Basculegion|Aqua Jet||[still]\n|cant|p1b: Farigiraf|ability: Armor Tail|Aqua Jet|[of] p2a: Basculegion\n|move|p1b: Farigiraf|Psychic|p2a: Basculegion\n|-damage|p2a: Basculegion|49/100\n|-unboost|p2a: Basculegion|spd|1\n|\n|-weather|SunnyDay|[upkeep]\n|-fieldend|move: Trick Room\n|upkeep\n|turn|6\n|c|\u2606etrdyfyiu|fr\n|\n|t:|1776493399\n|move|p1b: Farigiraf|Protect|p1b: Farigiraf\n|-singleturn|p1b: Farigiraf|Protect\n|move|p2a: Basculegion|Last Respects|p1a: Torkoal\n|-damage|p1a: Torkoal|34/100\n|move|p2b: Glalie|Sheer Cold|p1b: Farigiraf\n|-activate|p1b: Farigiraf|move: Protect\n|move|p1a: Torkoal|Weather Ball|p2b: Glalie\n|-supereffective|p2b: Glalie|1\n|-damage|p2b: Glalie|0 fnt\n|faint|p2b: Glalie\n|\n|-weather|SunnyDay|[upkeep]\n|upkeep\n|turn|7\n|l| knoxxzeta\n|c|\u2606etrdyfyiu|IT WOULDVE HIT\n|c| SeulClef|lmao\n|\n|t:|1776493419\n|move|p2a: Basculegion|Wave Crash|p1b: Farigiraf\n|-damage|p1b: Farigiraf|69/100\n|-damage|p2a: Basculegion|38/100|[from] Recoil\n|move|p1b: Farigiraf|Psychic|p2a: Basculegion\n|-damage|p2a: Basculegion|0 fnt\n|faint|p2a: Basculegion\n|\n|win|ChickenZX\n|n|\u2606ChickenZX|chickenzx\n|n|\u2606etrdyfyiu|etrdyfyiu\n|n| SeulClef|seulclef\n|c|\u2606etrdyfyiu|gg\n|c|\u2606ChickenZX|gg\n|l|\u2606etrdyfyiu\n|player|p2|\n|l| SeulClef\n",
  "uploadtime": 1776493428,
  "views": 19,
  "formatid": "gen9championsvgc2026regma",
  "rating": null,
  "private": 0,
  "password": null
}