{
  "id": "gen9championsvgc2026regma-2586361900",
  "format": "[Gen 9 Champions] VGC 2026 Reg M-A",
  "players": [
    "jojo80",
    "OuiMus_KXYRIU9"
  ],
  "log": "|j|\u2606jojo80\n|j|\u2606OuiMus_KXYRIU9\n|t:|1776428833\n|gametype|doubles\n|player|p1|jojo80|266|1116\n|player|p2|OuiMus_KXYRIU9|2|1201\n|gen|9\n|tier|[Gen 9 Champions] VGC 2026 Reg M-A\n|rated|\n|rule|Species Clause: Limit one of each Pok\u00e9mon\n|rule|Item Clause: Limit 1 of each item\n|clearpoke\n|poke|p1|Zoroark-Hisui, L50, M|\n|poke|p1|Snorlax, L50, M|\n|poke|p1|Dragapult, L50, M|\n|poke|p1|Araquanid, L50, F|\n|poke|p1|Meganium, L50, F|\n|poke|p1|Krookodile, L50, F|\n|poke|p2|Gengar, L50, M|\n|poke|p2|Politoed, L50, F|\n|poke|p2|Volcarona, L50, M|\n|poke|p2|Incineroar, L50, M|\n|poke|p2|Rotom-Wash, L50|\n|poke|p2|Scizor, L50, M|\n|teampreview|4\n|inactive|Battle timer is ON: inactive players will automatically lose when time's up. (requested by OuiMus_KXYRIU9)\n|\n|t:|1776428844\n|teamsize|p1|4\n|teamsize|p2|4\n|start\n|switch|p1a: Snorlax|Snorlax, L50, M|100/100\n|switch|p1b: Dragapult|Dragapult, L50, M|100/100\n|switch|p2a: Gengar|Gengar, L50, M|100/100\n|switch|p2b: Volcarona|Volcarona, L50, M|100/100\n|turn|1\n|\n|t:|1776428860\n|move|p2b: Volcarona|Rage Powder|p2b: Volcarona\n|-singleturn|p2b: Volcarona|move: Rage Powder\n|move|p1b: Dragapult|Dragon Dance|p1b: Dragapult\n|-boost|p1b: Dragapult|atk|1\n|-boost|p1b: Dragapult|spe|1\n|move|p2a: Gengar|Perish Song|p2a: Gengar\n|-start|p1a: Snorlax|perish3|[silent]\n|-start|p1b: Dragapult|perish3|[silent]\n|-start|p2a: Gengar|perish3|[silent]\n|-start|p2b: Volcarona|perish3|[silent]\n|-fieldactivate|move: Perish Song\n|move|p1a: Snorlax|Psychic|p2b: Volcarona\n|-damage|p2b: Volcarona|73/100\n|-unboost|p2b: Volcarona|spd|1\n|\n|-start|p1b: Dragapult|perish3\n|-start|p1a: Snorlax|perish3\n|-start|p2a: Gengar|perish3\n|-start|p2b: Volcarona|perish3\n|upkeep\n|turn|2\n|inactive|OuiMus_KXYRIU9 has 30 seconds left.\n|\n|t:|1776428890\n|detailschange|p2a: Gengar|Gengar-Mega, L50, M\n|-mega|p2a: Gengar|Gengar|Gengarite\n|move|p2a: Gengar|Protect|p2a: Gengar\n|-singleturn|p2a: Gengar|Protect\n|move|p2b: Volcarona|Protect|p2b: Volcarona\n|-singleturn|p2b: Volcarona|Protect\n|move|p1b: Dragapult|Phantom Force||[still]\n|-prepare|p1b: Dragapult|Phantom Force\n|move|p1a: Snorlax|Hyper Voice|p2a: Gengar|[spread] \n|-activate|p2a: Gengar|move: Protect\n|-activate|p2b: Volcarona|move: Protect\n|\n|-start|p1b: Dragapult|perish2\n|-start|p2a: Gengar|perish2\n|-start|p1a: Snorlax|perish2\n|-start|p2b: Volcarona|perish2\n|upkeep\n|turn|3\n|\n|t:|1776428911\n|switch|p2a: Incineroar|Incineroar, L50, M|100/100\n|-ability|p2a: Incineroar|Intimidate|boost\n|-unboost|p1a: Snorlax|atk|1\n|-unboost|p1b: Dragapult|atk|1\n|move|p1b: Dragapult|Phantom Force|p2a: Incineroar|[from] lockedmove\n|-resisted|p2a: Incineroar|1\n|-damage|p2a: Incineroar|84/100\n|move|p1a: Snorlax|Sludge Bomb|p2b: Volcarona\n|-damage|p2b: Volcarona|31/100\n|move|p2b: Volcarona|U-turn|p1a: Snorlax\n|-resisted|p1a: Snorlax|1\n|-damage|p1a: Snorlax|87/100\n|replace|p1a: Zoroark|Zoroark-Hisui, L50, M\n|-end|p1a: Zoroark|Illusion\n|\n|t:|1776428924\n|switch|p2b: Gengar|Gengar-Mega, L50, M|100/100|[from] U-turn\n|\n|-heal|p2a: Incineroar|90/100|[from] item: Leftovers\n|-start|p1b: Dragapult|perish1\n|-start|p1a: Zoroark|perish1\n|upkeep\n|turn|4\n|inactive|OuiMus_KXYRIU9 has 30 seconds left.\n|\n|t:|1776428955\n|switch|p1b: Meganium|Meganium, L50, F|100/100\n|switch|p1a: Snorlax|Snorlax, L50, M|100/100\n|move|p2b: Gengar|Protect|p2b: Gengar\n|-singleturn|p2b: Gengar|Protect\n|move|p2a: Incineroar|Parting Shot|p1b: Meganium\n|-unboost|p1b: Meganium|atk|1\n|-unboost|p1b: Meganium|spa|1\n|\n|t:|1776428979\n|switch|p2a: Volcarona|Volcarona, L50, M|31/100|[from] Parting Shot\n|\n|upkeep\n|turn|5\n|\n|t:|1776428995\n|detailschange|p1b: Meganium|Meganium-Mega, L50, F\n|-mega|p1b: Meganium|Meganium|Meganiumite\n|move|p2b: Gengar|Shadow Ball|p1b: Meganium\n|-damage|p1b: Meganium|54/100\n|move|p2a: Volcarona|Heat Wave|p1b: Meganium|[spread] p1a,p1b\n|-supereffective|p1b: Meganium|1\n|-damage|p1a: Snorlax|92/100\n|-damage|p1b: Meganium|0 fnt\n|faint|p1b: Meganium\n|move|p1a: Snorlax|Earthquake|p2a: Volcarona|[spread] p2a,p2b\n|-supereffective|p2b: Gengar|1\n|-damage|p2a: Volcarona|12/100\n|-damage|p2b: Gengar|35/100\n|\n|-heal|p1a: Snorlax|98/100|[from] item: Leftovers\n|upkeep\n|\n|t:|1776429007\n|switch|p1b: Dragapult|Dragapult, L50, M|87/100\n|turn|6\n|\n|t:|1776429012\n|move|p2a: Volcarona|Rage Powder|p2a: Volcarona\n|-singleturn|p2a: Volcarona|move: Rage Powder\n|move|p2b: Gengar|Shadow Ball|p1b: Dragapult\n|-immune|p1b: Dragapult\n|move|p1b: Dragapult|Bitter Malice|p2a: Volcarona\n|-damage|p2a: Volcarona|0 fnt\n|faint|p2a: Volcarona\n|move|p1a: Snorlax|Earthquake|p2b: Gengar|[spread] p1b,p2b\n|-supereffective|p2b: Gengar|1\n|-damage|p1b: Dragapult|41/100\n|-damage|p2b: Gengar|0 fnt\n|replace|p1b: Zoroark|Zoroark-Hisui, L50, M\n|-end|p1b: Zoroark|Illusion\n|faint|p2b: Gengar\n|\n|-heal|p1a: Snorlax|100/100|[from] item: Leftovers\n|upkeep\n|\n|t:|1776429029\n|switch|p2b: Rotom|Rotom-Wash, L50|100/100\n|switch|p2a: Incineroar|Incineroar, L50, M|90/100\n|-ability|p2a: Incineroar|Intimidate|boost\n|-unboost|p1a: Snorlax|atk|1\n|-unboost|p1b: Zoroark|atk|1\n|turn|7\n|\n|t:|1776429041\n|switch|p1a: Dragapult|Dragapult, L50, M|100/100\n|move|p2a: Incineroar|Fake Out|p1a: Dragapult\n|-immune|p1a: Dragapult\n|move|p2b: Rotom|Hydro Pump|p1b: Zoroark\n|-damage|p1b: Zoroark|0 fnt\n|faint|p1b: Zoroark\n|\n|-heal|p2a: Incineroar|96/100|[from] item: Leftovers\n|upkeep\n|\n|t:|1776429048\n|switch|p1b: Snorlax|Snorlax, L50, M|100/100\n|turn|8\n|\n|t:|1776429058\n|move|p2b: Rotom|Hydro Pump|p1b: Snorlax\n|-damage|p1b: Snorlax|78/100\n|move|p1a: Dragapult|Phantom Force||[still]\n|-prepare|p1a: Dragapult|Phantom Force\n|move|p2a: Incineroar|Darkest Lariat|p1a: Dragapult|[miss]\n|-miss|p2a: Incineroar|p1a: Dragapult\n|move|p1b: Snorlax|Body Slam|p2a: Incineroar\n|-damage|p2a: Incineroar|68/100\n|-status|p2a: Incineroar|par\n|\n|-heal|p1b: Snorlax|84/100|[from] item: Leftovers\n|-heal|p2a: Incineroar|74/100 par|[from] item: Leftovers\n|upkeep\n|turn|9\n|\n|t:|1776429074\n|move|p2b: Rotom|Hydro Pump|p1b: Snorlax|[miss]\n|-miss|p2b: Rotom|p1b: Snorlax\n|move|p1a: Dragapult|Phantom Force|p2b: Rotom|[from] lockedmove\n|-damage|p2b: Rotom|49/100\n|move|p1b: Snorlax|Body Slam|p2a: Incineroar\n|-damage|p2a: Incineroar|49/100 par\n|move|p2a: Incineroar|Darkest Lariat|p1a: Dragapult\n|-supereffective|p1a: Dragapult|1\n|-damage|p1a: Dragapult|6/100\n|\n|-heal|p1b: Snorlax|90/100|[from] item: Leftovers\n|-heal|p2a: Incineroar|54/100 par|[from] item: Leftovers\n|upkeep\n|turn|10\n|\n|t:|1776429097\n|move|p2b: Rotom|Hydro Pump|p1a: Dragapult\n|-resisted|p1a: Dragapult|1\n|-damage|p1a: Dragapult|0 fnt\n|faint|p1a: Dragapult\n|move|p1b: Snorlax|Earthquake|p2b: Rotom|[spread] p2a\n|-immune|p2b: Rotom|[from] ability: Levitate\n|-supereffective|p2a: Incineroar|1\n|-damage|p2a: Incineroar|22/100 par\n|move|p2a: Incineroar|Darkest Lariat|p1b: Snorlax\n|-damage|p1b: Snorlax|66/100\n|\n|-heal|p1b: Snorlax|72/100|[from] item: Leftovers\n|-heal|p2a: Incineroar|28/100 par|[from] item: Leftovers\n|upkeep\n|turn|11\n|\n|t:|1776429113\n|move|p2b: Rotom|Hydro Pump|p1b: Snorlax\n|-damage|p1b: Snorlax|49/100\n|move|p1b: Snorlax|Body Slam|p2b: Rotom\n|-damage|p2b: Rotom|7/100\n|move|p2a: Incineroar|Will-O-Wisp|p1b: Snorlax\n|-status|p1b: Snorlax|brn\n|\n|-heal|p1b: Snorlax|55/100 brn|[from] item: Leftovers\n|-heal|p2a: Incineroar|34/100 par|[from] item: Leftovers\n|-damage|p1b: Snorlax|49/100 brn|[from] brn\n|upkeep\n|turn|12\n|\n|t:|1776429128\n|move|p2b: Rotom|Hydro Pump|p1b: Snorlax|[miss]\n|-miss|p2b: Rotom|p1b: Snorlax\n|move|p1b: Snorlax|Facade|p2b: Rotom\n|-damage|p2b: Rotom|0 fnt\n|faint|p2b: Rotom\n|move|p2a: Incineroar|Darkest Lariat|p1b: Snorlax\n|-damage|p1b: Snorlax|23/100 brn\n|\n|-heal|p1b: Snorlax|29/100 brn|[from] item: Leftovers\n|-heal|p2a: Incineroar|40/100 par|[from] item: Leftovers\n|-damage|p1b: Snorlax|23/100 brn|[from] brn\n|upkeep\n|turn|13\n|\n|t:|1776429144\n|move|p1b: Snorlax|Facade|p2a: Incineroar\n|-damage|p2a: Incineroar|0 fnt\n|faint|p2a: Incineroar\n|\n|win|jojo80\n|raw|jojo80's rating: 1116 &rarr; <strong>1147</strong><br />(+31 for winning)\n|raw|OuiMus_KXYRIU9's rating: 1201 &rarr; <strong>1170</strong><br />(-31 for losing)\n|l|\u2606jojo80\n|player|p1|\n",
  "uploadtime": 1776429166,
  "views": 40,
  "formatid": "gen9championsvgc2026regma",
  "rating": 1147,
  "private": 0,
  "password": null
}