{
  "id": "gen9championsvgc2026regma-2587281488",
  "format": "[Gen 9 Champions] VGC 2026 Reg M-A",
  "players": [
    "mimo532",
    "Avocanoodle"
  ],
  "log": "|j|\u2606mimo532\n|j|\u2606Avocanoodle\n|t:|1776517919\n|gametype|doubles\n|player|p1|mimo532|266|1202\n|player|p2|Avocanoodle|sonia-professor|1147\n|gen|9\n|tier|[Gen 9 Champions] VGC 2026 Reg M-A\n|rated|\n|rule|Species Clause: Limit one of each Pok\u00e9mon\n|rule|Item Clause: Limit 1 of each item\n|clearpoke\n|poke|p1|Kommo-o, L50, F|\n|poke|p1|Kangaskhan, L50, F|\n|poke|p1|Sinistcha, L50|\n|poke|p1|Incineroar, L50, F|\n|poke|p1|Volcarona, L50, M|\n|poke|p1|Milotic, L50, M|\n|poke|p2|Mudsdale, L50, F|\n|poke|p2|Maushold-Four, L50|\n|poke|p2|Feraligatr, L50, F|\n|poke|p2|Volcarona, L50, F, shiny|\n|poke|p2|Aegislash, L50, M|\n|poke|p2|Rotom-Mow, L50|\n|teampreview|4\n|inactive|Battle timer is ON: inactive players will automatically lose when time's up. (requested by Avocanoodle)\n|inactive|mimo532 has 60 seconds left.\n|inactive|Avocanoodle has 60 seconds left.\n|\n|t:|1776517965\n|teamsize|p1|4\n|teamsize|p2|4\n|start\n|switch|p1a: Kommo-o|Kommo-o, L50, F|100/100\n|switch|p1b: Kangaskhan|Kangaskhan, L50, F|100/100\n|switch|p2a: Maushold|Maushold-Four, L50|100/100\n|switch|p2b: Mudsdale|Mudsdale, L50, F|100/100\n|turn|1\n|\n|t:|1776517985\n|detailschange|p1b: Kangaskhan|Kangaskhan-Mega, L50, F\n|-mega|p1b: Kangaskhan|Kangaskhan|Kangaskhanite\n|move|p1b: Kangaskhan|Fake Out|p2b: Mudsdale\n|-damage|p2b: Mudsdale|86/100\n|-ability|p2b: Mudsdale|Stamina|boost\n|-boost|p2b: Mudsdale|def|1\n|-damage|p2b: Mudsdale|84/100\n|-ability|p2b: Mudsdale|Stamina|boost\n|-boost|p2b: Mudsdale|def|1\n|-hitcount|p2b: Mudsdale|2\n|move|p2a: Maushold|Beat Up|p2b: Mudsdale\n|-damage|p2b: Mudsdale|83/100\n|-ability|p2b: Mudsdale|Stamina|boost\n|-boost|p2b: Mudsdale|def|1\n|-damage|p2b: Mudsdale|82/100\n|-ability|p2b: Mudsdale|Stamina|boost\n|-boost|p2b: Mudsdale|def|1\n|-damage|p2b: Mudsdale|82/100\n|-ability|p2b: Mudsdale|Stamina|boost\n|-boost|p2b: Mudsdale|def|1\n|-damage|p2b: Mudsdale|81/100\n|-ability|p2b: Mudsdale|Stamina|boost\n|-boost|p2b: Mudsdale|def|1\n|-hitcount|p2b: Mudsdale|4\n|move|p1a: Kommo-o|Clangorous Soul|p1a: Kommo-o\n|-boost|p1a: Kommo-o|atk|1\n|-boost|p1a: Kommo-o|def|1\n|-boost|p1a: Kommo-o|spa|1\n|-boost|p1a: Kommo-o|spd|1\n|-boost|p1a: Kommo-o|spe|1\n|-damage|p1a: Kommo-o|68/100\n|cant|p2b: Mudsdale|flinch\n|\n|-heal|p1a: Kommo-o|74/100|[from] item: Leftovers\n|-heal|p2b: Mudsdale|87/100|[from] item: Leftovers\n|upkeep\n|turn|2\n|inactive|Avocanoodle has 30 seconds left.\n|\n|t:|1776518017\n|switch|p2a: Aegislash|Aegislash, L50, M|100/100\n|move|p1a: Kommo-o|Protect|p1a: Kommo-o\n|-singleturn|p1a: Kommo-o|Protect\n|move|p1b: Kangaskhan|Low Kick|p2a: Aegislash\n|-immune|p2a: Aegislash\n|move|p2b: Mudsdale|Body Press|p1b: Kangaskhan\n|-supereffective|p1b: Kangaskhan|1\n|-damage|p1b: Kangaskhan|0 fnt\n|faint|p1b: Kangaskhan\n|\n|-heal|p1a: Kommo-o|80/100|[from] item: Leftovers\n|-heal|p2b: Mudsdale|93/100|[from] item: Leftovers\n|upkeep\n|\n|t:|1776518021\n|switch|p1b: Sinistcha|Sinistcha, L50|100/100\n|-heal|p1a: Kommo-o|100/100|[from] ability: Hospitality|[of] p1b: Sinistcha\n|turn|3\n|\n|t:|1776518042\n|move|p1b: Sinistcha|Rage Powder|p1b: Sinistcha\n|-singleturn|p1b: Sinistcha|move: Rage Powder\n|move|p1a: Kommo-o|Clangorous Soul|p1a: Kommo-o\n|-boost|p1a: Kommo-o|atk|1\n|-boost|p1a: Kommo-o|def|1\n|-boost|p1a: Kommo-o|spa|1\n|-boost|p1a: Kommo-o|spd|1\n|-boost|p1a: Kommo-o|spe|1\n|-damage|p1a: Kommo-o|68/100\n|-formechange|p2a: Aegislash|Aegislash-Blade|\n|move|p2a: Aegislash|Poltergeist|p1b: Sinistcha\n|-activate|p1b: Sinistcha|move: Poltergeist|Sitrus Berry\n|-supereffective|p1b: Sinistcha|1\n|-damage|p1b: Sinistcha|0 fnt\n|faint|p1b: Sinistcha\n|move|p2b: Mudsdale|Body Press|p1a: Kommo-o\n|-damage|p1a: Kommo-o|34/100\n|\n|-heal|p1a: Kommo-o|40/100|[from] item: Leftovers\n|-heal|p2b: Mudsdale|99/100|[from] item: Leftovers\n|upkeep\n|\n|t:|1776518055\n|switch|p1b: Incineroar|Incineroar, L50, F|100/100\n|-ability|p1b: Incineroar|Intimidate|boost\n|-unboost|p2a: Aegislash|atk|1\n|-unboost|p2b: Mudsdale|atk|1\n|turn|4\n|\n|t:|1776518074\n|switch|p2a: Maushold|Maushold-Four, L50|100/100\n|move|p1a: Kommo-o|Clanging Scales|p2a: Maushold|[spread] p2a,p2b\n|-damage|p2a: Maushold|15/100\n|-damage|p2b: Mudsdale|55/100\n|-unboost|p1a: Kommo-o|def|1\n|move|p1b: Incineroar|Flare Blitz|p2a: Maushold\n|-damage|p2a: Maushold|0 fnt\n|faint|p2a: Maushold\n|-damage|p1b: Incineroar|96/100|[from] Recoil\n|move|p2b: Mudsdale|Sand Tomb|p1a: Kommo-o\n|-damage|p1a: Kommo-o|32/100\n|-activate|p1a: Kommo-o|move: Sand Tomb|[of] p2b: Mudsdale\n|\n|-heal|p1a: Kommo-o|38/100|[from] item: Leftovers\n|-heal|p2b: Mudsdale|60/100|[from] item: Leftovers\n|-damage|p1a: Kommo-o|26/100|[from] move: Sand Tomb|[partiallytrapped]\n|upkeep\n|\n|t:|1776518092\n|switch|p2a: Feraligatr|Feraligatr, L50, F|100/100\n|turn|5\n|\n|t:|1776518105\n|move|p2a: Feraligatr|Protect|p2a: Feraligatr\n|-singleturn|p2a: Feraligatr|Protect\n|move|p2b: Mudsdale|Protect|p2b: Mudsdale\n|-singleturn|p2b: Mudsdale|Protect\n|move|p1a: Kommo-o|Clanging Scales|p2b: Mudsdale|[spread] \n|-activate|p2a: Feraligatr|move: Protect\n|-activate|p2b: Mudsdale|move: Protect\n|move|p1b: Incineroar|Throat Chop|p2a: Feraligatr\n|-activate|p2a: Feraligatr|move: Protect\n|\n|-heal|p1a: Kommo-o|32/100|[from] item: Leftovers\n|-heal|p2b: Mudsdale|66/100|[from] item: Leftovers\n|-damage|p1a: Kommo-o|20/100|[from] move: Sand Tomb|[partiallytrapped]\n|upkeep\n|turn|6\n|\n|t:|1776518122\n|move|p1a: Kommo-o|Clanging Scales|p2b: Mudsdale|[spread] p2a,p2b\n|-damage|p2a: Feraligatr|31/100\n|-damage|p2b: Mudsdale|10/100\n|-unboost|p1a: Kommo-o|def|1\n|move|p2a: Feraligatr|Liquidation|p1b: Incineroar\n|-supereffective|p1b: Incineroar|1\n|-crit|p1b: Incineroar\n|-damage|p1b: Incineroar|0 fnt\n|faint|p1b: Incineroar\n|move|p2b: Mudsdale|Body Press|p1a: Kommo-o\n|-damage|p1a: Kommo-o|0 fnt\n|faint|p1a: Kommo-o\n|\n|win|Avocanoodle\n|raw|mimo532's rating: 1202 &rarr; <strong>1173</strong><br />(-29 for losing)\n|raw|Avocanoodle's rating: 1147 &rarr; <strong>1176</strong><br />(+29 for winning)\n",
  "uploadtime": 1776518123,
  "views": 12,
  "formatid": "gen9championsvgc2026regma",
  "rating": 1173,
  "private": 0,
  "password": null
}