{
  "id": "gen9championsvgc2026regma-2587025473",
  "format": "[Gen 9 Champions] VGC 2026 Reg M-A",
  "players": [
    "MrMagikarplml",
    "T8XICIDAD"
  ],
  "log": "|j|\u2606MrMagikarplml\n|j|\u2606T8XICIDAD\n|t:|1776482524\n|gametype|doubles\n|player|p1|MrMagikarplml|169|1045\n|player|p2|T8XICIDAD|carmine|1136\n|gen|9\n|tier|[Gen 9 Champions] VGC 2026 Reg M-A\n|rated|\n|rule|Species Clause: Limit one of each Pok\u00e9mon\n|rule|Item Clause: Limit 1 of each item\n|clearpoke\n|poke|p1|Whimsicott, L50, F|\n|poke|p1|Charizard, L50, M|\n|poke|p1|Incineroar, L50, F|\n|poke|p1|Kingambit, L50, M|\n|poke|p1|Garchomp, L50, F|\n|poke|p1|Sneasler, L50, F|\n|poke|p2|Gengar, L50, M|\n|poke|p2|Incineroar, L50, F|\n|poke|p2|Sinistcha, L50|\n|poke|p2|Pelipper, L50, F|\n|poke|p2|Sylveon, L50, F|\n|poke|p2|Archaludon, L50, M|\n|teampreview|4\n|inactive|Battle timer is ON: inactive players will automatically lose when time's up. (requested by MrMagikarplml)\n|inactive|MrMagikarplml has 60 seconds left.\n|inactive|T8XICIDAD has 60 seconds left.\n|inactive|MrMagikarplml has 30 seconds left.\n|\n|t:|1776482589\n|teamsize|p1|4\n|teamsize|p2|4\n|start\n|switch|p1a: Whimsicott|Whimsicott, L50, F|100/100\n|switch|p1b: Charizard|Charizard, L50, M|100/100\n|switch|p2a: Gengar|Gengar, L50, M|100/100\n|switch|p2b: Incineroar|Incineroar, L50, F|100/100\n|-ability|p2b: Incineroar|Intimidate|boost\n|-unboost|p1a: Whimsicott|atk|1\n|-unboost|p1b: Charizard|atk|1\n|turn|1\n|inactive|T8XICIDAD has 30 seconds left.\n|\n|t:|1776482615\n|detailschange|p2a: Gengar|Gengar-Mega, L50, M\n|-mega|p2a: Gengar|Gengar|Gengarite\n|detailschange|p1b: Charizard|Charizard-Mega-Y, L50, M\n|-mega|p1b: Charizard|Charizard|Charizardite Y\n|-weather|SunnyDay|[from] ability: Drought|[of] p1b: Charizard\n|move|p2b: Incineroar|Fake Out|p1a: Whimsicott\n|-crit|p1a: Whimsicott\n|-damage|p1a: Whimsicott|76/100\n|cant|p1a: Whimsicott|flinch\n|move|p2a: Gengar|Substitute|p2a: Gengar\n|-start|p2a: Gengar|Substitute\n|-damage|p2a: Gengar|76/100\n|move|p1b: Charizard|Heat Wave|p2a: Gengar|[spread] p2a,p2b\n|-end|p2a: Gengar|Substitute\n|-resisted|p2b: Incineroar|1\n|-damage|p2b: Incineroar|73/100\n|\n|-weather|SunnyDay|[upkeep]\n|upkeep\n|turn|2\n|inactive|T8XICIDAD has 30 seconds left.\n|\n|t:|1776482644\n|switch|p2b: Pelipper|Pelipper, L50, F|100/100\n|-weather|RainDance|[from] ability: Drizzle|[of] p2b: Pelipper\n|move|p1a: Whimsicott|Tailwind|p1a: Whimsicott\n|-sidestart|p1: MrMagikarplml|move: Tailwind\n|move|p1b: Charizard|Heat Wave|p2a: Gengar|[spread] p2a,p2b\n|-resisted|p2b: Pelipper|1\n|-damage|p2a: Gengar|51/100\n|-damage|p2b: Pelipper|81/100\n|move|p2a: Gengar|Perish Song|p2a: Gengar\n|-start|p1a: Whimsicott|perish3|[silent]\n|-start|p1b: Charizard|perish3|[silent]\n|-start|p2a: Gengar|perish3|[silent]\n|-start|p2b: Pelipper|perish3|[silent]\n|-fieldactivate|move: Perish Song\n|\n|-weather|RainDance|[upkeep]\n|-start|p1a: Whimsicott|perish3\n|-start|p1b: Charizard|perish3\n|-start|p2a: Gengar|perish3\n|-start|p2b: Pelipper|perish3\n|upkeep\n|turn|3\n|inactive|MrMagikarplml has 30 seconds left.\n|inactive|T8XICIDAD has 30 seconds left.\n|\n|t:|1776482676\n|move|p2a: Gengar|Protect|p2a: Gengar\n|-singleturn|p2a: Gengar|Protect\n|move|p1a: Whimsicott|Moonblast|p2a: Gengar\n|-activate|p2a: Gengar|move: Protect\n|move|p1b: Charizard|Weather Ball|p2a: Gengar\n|-activate|p2a: Gengar|move: Protect\n|move|p2b: Pelipper|U-turn|p1a: Whimsicott\n|-damage|p1a: Whimsicott|62/100\n|\n|t:|1776482686\n|switch|p2b: Sylveon|Sylveon, L50, F|100/100|[from] U-turn\n|\n|-weather|RainDance|[upkeep]\n|-start|p1a: Whimsicott|perish2\n|-start|p1b: Charizard|perish2\n|-start|p2a: Gengar|perish2\n|upkeep\n|turn|4\n|\n|t:|1776482704\n|switch|p2a: Pelipper|Pelipper, L50, F|81/100\n|move|p1a: Whimsicott|Moonblast|p2b: Sylveon\n|-damage|p2b: Sylveon|77/100\n|-unboost|p2b: Sylveon|spa|1\n|move|p1b: Charizard|Weather Ball|p2a: Pelipper\n|-resisted|p2a: Pelipper|1\n|-damage|p2a: Pelipper|28/100\n|move|p2b: Sylveon|Yawn|p1b: Charizard\n|-start|p1b: Charizard|move: Yawn|[of] p2b: Sylveon\n|\n|-weather|RainDance|[upkeep]\n|-start|p1a: Whimsicott|perish1\n|-start|p1b: Charizard|perish1\n|upkeep\n|turn|5\n|inactive|MrMagikarplml has 30 seconds left.\n|\n|t:|1776482738\n|switch|p2a: Gengar|Gengar-Mega, L50, M|51/100\n|move|p1a: Whimsicott|Moonblast|p2a: Gengar\n|-resisted|p2a: Gengar|1\n|-damage|p2a: Gengar|33/100\n|-unboost|p2a: Gengar|spa|1\n|move|p1b: Charizard|Weather Ball|p2b: Sylveon\n|-damage|p2b: Sylveon|30/100\n|move|p2b: Sylveon|Hyper Voice|p1a: Whimsicott|[spread] p1a,p1b\n|-resisted|p1b: Charizard|1\n|-damage|p1a: Whimsicott|18/100\n|-damage|p1b: Charizard|85/100\n|\n|-weather|RainDance|[upkeep]\n|-end|p1b: Charizard|move: Yawn|[silent]\n|-status|p1b: Charizard|slp\n|-start|p1a: Whimsicott|perish0\n|-start|p1b: Charizard|perish0\n|-sideend|p1: MrMagikarplml|move: Tailwind\n|upkeep\n|faint|p1a: Whimsicott\n|faint|p1b: Charizard\n|\n|t:|1776482754\n|switch|p1a: Kingambit|Kingambit, L50, M|100/100\n|switch|p1b: Garchomp|Garchomp, L50, F|100/100\n|turn|6\n|\n|t:|1776482764\n|move|p2a: Gengar|Protect|p2a: Gengar\n|-singleturn|p2a: Gengar|Protect\n|move|p1a: Kingambit|Protect|p1a: Kingambit\n|-singleturn|p1a: Kingambit|Protect\n|move|p1b: Garchomp|Earthquake|p2b: Sylveon|[spread] p2b\n|-activate|p1a: Kingambit|move: Protect\n|-activate|p2a: Gengar|move: Protect\n|-damage|p2b: Sylveon|0 fnt\n|faint|p2b: Sylveon\n|\n|-weather|none\n|upkeep\n|\n|t:|1776482773\n|switch|p2b: Incineroar|Incineroar, L50, F|73/100\n|-ability|p2b: Incineroar|Intimidate|boost\n|-unboost|p1a: Kingambit|atk|1\n|-ability|p1a: Kingambit|Defiant|boost\n|-boost|p1a: Kingambit|atk|2\n|-unboost|p1b: Garchomp|atk|1\n|turn|7\n|\n|t:|1776482796\n|move|p2b: Incineroar|Fake Out|p1a: Kingambit\n|-resisted|p1a: Kingambit|1\n|-damage|p1a: Kingambit|97/100\n|move|p2a: Gengar|Perish Song|p2a: Gengar\n|-start|p1a: Kingambit|perish3|[silent]\n|-start|p1b: Garchomp|perish3|[silent]\n|-start|p2a: Gengar|perish3|[silent]\n|-start|p2b: Incineroar|perish3|[silent]\n|-fieldactivate|move: Perish Song\n|move|p1b: Garchomp|Stomping Tantrum|p2b: Incineroar\n|-supereffective|p2b: Incineroar|1\n|-damage|p2b: Incineroar|25/100\n|-enditem|p2b: Incineroar|Sitrus Berry|[eat]\n|-heal|p2b: Incineroar|50/100|[from] item: Sitrus Berry\n|cant|p1a: Kingambit|flinch\n|\n|-start|p2a: Gengar|perish3\n|-start|p1b: Garchomp|perish3\n|-start|p2b: Incineroar|perish3\n|-start|p1a: Kingambit|perish3\n|upkeep\n|turn|8\n|\n|t:|1776482819\n|move|p2a: Gengar|Protect|p2a: Gengar\n|-singleturn|p2a: Gengar|Protect\n|move|p2b: Incineroar|Protect|p2b: Incineroar\n|-singleturn|p2b: Incineroar|Protect\n|move|p1b: Garchomp|Earthquake|p2b: Incineroar|[spread] p1a\n|-activate|p2a: Gengar|move: Protect\n|-activate|p2b: Incineroar|move: Protect\n|-supereffective|p1a: Kingambit|1\n|-damage|p1a: Kingambit|47/100\n|move|p1a: Kingambit|Kowtow Cleave|p2a: Gengar\n|-activate|p2a: Gengar|move: Protect\n|\n|-start|p2a: Gengar|perish2\n|-start|p1b: Garchomp|perish2\n|-start|p2b: Incineroar|perish2\n|-start|p1a: Kingambit|perish2\n|upkeep\n|turn|9\n|inactive|T8XICIDAD has 30 seconds left.\n|inactive|T8XICIDAD has 20 seconds left.\n|inactive|T8XICIDAD has 15 seconds left.\n|inactive|T8XICIDAD has 10 seconds left.\n|\n|t:|1776482866\n|move|p2a: Gengar|Shadow Ball|p1a: Kingambit\n|-resisted|p1a: Kingambit|1\n|-damage|p1a: Kingambit|34/100\n|move|p1b: Garchomp|Stomping Tantrum|p2a: Gengar\n|-supereffective|p2a: Gengar|1\n|-damage|p2a: Gengar|0 fnt\n|faint|p2a: Gengar\n|move|p2b: Incineroar|Parting Shot|p1b: Garchomp\n|-unboost|p1b: Garchomp|atk|1\n|-unboost|p1b: Garchomp|spa|1\n|\n|t:|1776482875\n|switch|p2b: Pelipper|Pelipper, L50, F|28/100|[from] Parting Shot\n|-weather|RainDance|[from] ability: Drizzle|[of] p2b: Pelipper\n|move|p1a: Kingambit|Kowtow Cleave|p2b: Pelipper\n|-damage|p2b: Pelipper|0 fnt\n|faint|p2b: Pelipper\n|\n|-weather|RainDance|[upkeep]\n|-start|p1b: Garchomp|perish1\n|-start|p1a: Kingambit|perish1\n|upkeep\n|\n|t:|1776482884\n|switch|p2b: Incineroar|Incineroar, L50, F|50/100\n|-ability|p2b: Incineroar|Intimidate|boost\n|-unboost|p1a: Kingambit|atk|1\n|-ability|p1a: Kingambit|Defiant|boost\n|-boost|p1a: Kingambit|atk|2\n|-unboost|p1b: Garchomp|atk|1\n|turn|10\n|\n|t:|1776482893\n|move|p2b: Incineroar|Protect|p2b: Incineroar\n|-singleturn|p2b: Incineroar|Protect\n|move|p1b: Garchomp|Stomping Tantrum|p2b: Incineroar\n|-activate|p2b: Incineroar|move: Protect\n|move|p1a: Kingambit|Kowtow Cleave|p2b: Incineroar\n|-activate|p2b: Incineroar|move: Protect\n|\n|-weather|RainDance|[upkeep]\n|-start|p1b: Garchomp|perish0\n|-start|p1a: Kingambit|perish0\n|faint|p1b: Garchomp\n|faint|p1a: Kingambit\n|\n|win|T8XICIDAD\n|raw|MrMagikarplml's rating: 1045 &rarr; <strong>1033</strong><br />(-12 for losing)\n|raw|T8XICIDAD's rating: 1136 &rarr; <strong>1155</strong><br />(+19 for winning)\n|l|\u2606MrMagikarplml\n|player|p1|\n",
  "uploadtime": 1776482959,
  "views": 15,
  "formatid": "gen9championsvgc2026regma",
  "rating": 1033,
  "private": 0,
  "password": null
}