{
  "id": "gen9championsvgc2026regma-2581515288",
  "format": "[Gen 9 Champions] VGC 2026 Reg M-A",
  "players": [
    "BlazingDurendal",
    "zane121"
  ],
  "log": "|j|\u2606BlazingDurendal\n|j|\u2606zane121\n|t:|1776007366\n|gametype|doubles\n|player|p1|BlazingDurendal|janitor|1026\n|player|p2|zane121|swimmerf-gen4dp|1050\n|gen|9\n|tier|[Gen 9 Champions] VGC 2026 Reg M-A\n|rated|\n|rule|Species Clause: Limit one of each Pok\u00e9mon\n|rule|Item Clause: Limit 1 of each item\n|clearpoke\n|poke|p1|Rhyperior, L50, M|\n|poke|p1|Gyarados, L50, F|\n|poke|p1|Skarmory, L50, M|\n|poke|p1|Sneasler, L50, M|\n|poke|p1|Sinistcha, L50|\n|poke|p1|Alcremie, L50, F|\n|poke|p2|Zoroark-Hisui, L50, M|\n|poke|p2|Krookodile, L50, F|\n|poke|p2|Whimsicott, L50, F|\n|poke|p2|Sneasler, L50, F|\n|poke|p2|Tyranitar, L50, F|\n|poke|p2|Excadrill, L50, F|\n|teampreview|4\nzane121 rejected open team sheets.\n|inactive|Battle timer is ON: inactive players will automatically lose when time's up. (requested by zane121)\n|inactiveoff|Battle timer is now OFF.\n|\n|t:|1776007429\n|teamsize|p1|4\n|teamsize|p2|4\n|start\n|switch|p1a: Sneasler|Sneasler, L50, M|100/100\n|switch|p1b: Alcremie|Alcremie, L50, F|100/100\n|switch|p2a: Tyranitar|Tyranitar, L50, F|100/100\n|switch|p2b: Krookodile|Krookodile, L50, F|100/100\n|-ability|p2b: Krookodile|Intimidate|boost\n|-unboost|p1a: Sneasler|atk|1\n|-unboost|p1b: Alcremie|atk|1\n|-weather|Sandstorm|[from] ability: Sand Stream|[of] p2a: Tyranitar\n|turn|1\n|\n|t:|1776007474\n|switch|p2a: Excadrill|Excadrill, L50, F|100/100\n|move|p1a: Sneasler|Fake Out|p2b: Krookodile\n|-damage|p2b: Krookodile|89/100\n|cant|p2b: Krookodile|flinch\n|move|p1b: Alcremie|Dazzling Gleam|p2a: Excadrill|[spread] p2a,p2b\n|-resisted|p2a: Excadrill|1\n|-supereffective|p2b: Krookodile|1\n|-damage|p2a: Excadrill|82/100\n|-damage|p2b: Krookodile|10/100\n|\n|-weather|Sandstorm|[upkeep]\n|-damage|p1a: Sneasler|95/100|[from] Sandstorm\n|-damage|p1b: Alcremie|95/100|[from] Sandstorm\n|upkeep\n|turn|2\n|\n|t:|1776007508\n|switch|p1b: Skarmory|Skarmory, L50, M|100/100\n|detailschange|p2a: Excadrill|Excadrill-Mega, L50, F\n|-mega|p2a: Excadrill|Excadrill|Excadrite\n|move|p1a: Sneasler|Close Combat|p2a: Excadrill\n|-supereffective|p2a: Excadrill|1\n|-damage|p2a: Excadrill|4/100\n|-unboost|p1a: Sneasler|def|1\n|-unboost|p1a: Sneasler|spd|1\n|move|p2a: Excadrill|Iron Head|p1b: Skarmory\n|-resisted|p1b: Skarmory|1\n|-damage|p1b: Skarmory|79/100\n|-ability|p1b: Skarmory|Weak Armor|boost\n|-unboost|p1b: Skarmory|def|1\n|-boost|p1b: Skarmory|spe|2\n|move|p2b: Krookodile|High Horsepower|p1a: Sneasler\n|-supereffective|p1a: Sneasler|1\n|-damage|p1a: Sneasler|0 fnt\n|faint|p1a: Sneasler\n|\n|-weather|Sandstorm|[upkeep]\n|upkeep\n|\n|t:|1776007535\n|switch|p1a: Alcremie|Alcremie, L50, F|95/100\n|turn|3\n|\n|t:|1776007572\n|detailschange|p1b: Skarmory|Skarmory-Mega, L50, M\n|-mega|p1b: Skarmory|Skarmory|Skarmorite\n|move|p2a: Excadrill|Protect|p2a: Excadrill\n|-singleturn|p2a: Excadrill|Protect\n|move|p1b: Skarmory|Iron Head|p2a: Excadrill\n|-activate|p2a: Excadrill|move: Protect\n|move|p2b: Krookodile|Knock Off|p1b: Skarmory\n|-damage|p1b: Skarmory|9/100\n|move|p1a: Alcremie|Decorate|p1b: Skarmory\n|-boost|p1b: Skarmory|atk|2\n|-boost|p1b: Skarmory|spa|2\n|\n|-weather|Sandstorm|[upkeep]\n|-damage|p1a: Alcremie|89/100|[from] Sandstorm\n|upkeep\n|turn|4\n|\n|t:|1776007603\n|move|p1b: Skarmory|Protect|p1b: Skarmory\n|-singleturn|p1b: Skarmory|Protect\n|move|p2a: Excadrill|Rock Slide|p1b: Skarmory|[spread] p1a\n|-activate|p1b: Skarmory|move: Protect\n|-crit|p1a: Alcremie\n|-damage|p1a: Alcremie|31/100\n|move|p2b: Krookodile|Rock Slide|p1b: Skarmory|[spread] p1a\n|-activate|p1b: Skarmory|move: Protect\n|-damage|p1a: Alcremie|0 fnt\n|faint|p1a: Alcremie\n|\n|-weather|Sandstorm|[upkeep]\n|upkeep\n|\n|t:|1776007618\n|switch|p1a: Rhyperior|Rhyperior, L50, M|100/100\n|turn|5\n|\n|t:|1776007649\n|move|p1b: Skarmory|Iron Head|p2a: Excadrill\n|-resisted|p2a: Excadrill|1\n|-damage|p2a: Excadrill|0 fnt\n|faint|p2a: Excadrill\n|move|p2b: Krookodile|Rock Slide|p1a: Rhyperior|[spread] p1a,p1b\n|-resisted|p1a: Rhyperior|1\n|-crit|p1a: Rhyperior\n|-damage|p1a: Rhyperior|92/100\n|-damage|p1b: Skarmory|0 fnt\n|faint|p1b: Skarmory\n|cant|p1a: Rhyperior|flinch\n|\n|-weather|none\n|-heal|p1a: Rhyperior|98/100|[from] item: Leftovers\n|upkeep\n|\n|t:|1776007662\n|switch|p2a: Tyranitar|Tyranitar, L50, F|100/100\n|turn|6\n|-message|BlazingDurendal forfeited.\n|\n|win|zane121\n|raw|BlazingDurendal's rating: 1026 &rarr; <strong>1013</strong><br />(-13 for losing)\n|raw|zane121's rating: 1050 &rarr; <strong>1080</strong><br />(+30 for winning)\n|l|\u2606BlazingDurendal\n|player|p1|\n",
  "uploadtime": 1776007790,
  "views": 15,
  "formatid": "gen9championsvgc2026regma",
  "rating": 1013,
  "private": 0,
  "password": null
}