{
  "id": "gen9championsvgc2026regma-2581385753",
  "format": "[Gen 9 Champions] VGC 2026 Reg M-A",
  "players": [
    "Rakkune",
    "ASUfratleadervgc"
  ],
  "log": "|j|\u2606Rakkune\n|j|\u2606ASUfratleadervgc\n|t:|1775994735\n|gametype|doubles\n|player|p1|Rakkune|harlequin|1229\n|player|p2|ASUfratleadervgc|169|1332\n|gen|9\n|tier|[Gen 9 Champions] VGC 2026 Reg M-A\n|rated|\n|rule|Species Clause: Limit one of each Pok\u00e9mon\n|rule|Item Clause: Limit 1 of each item\n|clearpoke\n|poke|p1|Floette-Eternal, L50, F|\n|poke|p1|Sneasler, L50, F|\n|poke|p1|Aerodactyl, L50, F|\n|poke|p1|Garchomp, L50, M|\n|poke|p1|Rotom-Heat, L50|\n|poke|p1|Basculegion, L50, M|\n|poke|p2|Alcremie, L50, F|\n|poke|p2|Farigiraf, L50, M|\n|poke|p2|Incineroar, L50, F|\n|poke|p2|Torkoal, L50, F|\n|poke|p2|Chesnaught, L50, M|\n|poke|p2|Typhlosion-Hisui, L50, F|\n|teampreview|4\n|inactive|Battle timer is ON: inactive players will automatically lose when time's up. (requested by ASUfratleadervgc)\n|\n|t:|1775994768\n|teamsize|p1|4\n|teamsize|p2|4\n|start\n|switch|p1a: Rotom|Rotom-Heat, L50, shiny|100/100\n|switch|p1b: Basculegion|Basculegion, L50, M|100/100\n|switch|p2a: Incineroar|Incineroar, L50, F|100/100\n|switch|p2b: Farigiraf|Farigiraf, L50, M|100/100\n|-ability|p2a: Incineroar|Intimidate|boost\n|-unboost|p1a: Rotom|atk|1\n|-unboost|p1b: Basculegion|atk|1\n|turn|1\n|inactive|Rakkune has 30 seconds left.\n|inactive|Rakkune has 20 seconds left.\n|\n|t:|1775994808\n|move|p1b: Basculegion|Wave Crash|p2a: Incineroar\n|-supereffective|p2a: Incineroar|1\n|-damage|p2a: Incineroar|0 fnt\n|faint|p2a: Incineroar\n|-damage|p1b: Basculegion|66/100|[from] Recoil\n|move|p1a: Rotom|Thunderbolt|p2b: Farigiraf\n|-damage|p2b: Farigiraf|54/100\n|move|p2b: Farigiraf|Trick Room|p2b: Farigiraf\n|-fieldstart|move: Trick Room|[of] p2b: Farigiraf\n|\n|upkeep\n|\n|t:|1775994822\n|switch|p2a: Alcremie|Alcremie, L50, F|100/100\n|turn|2\n|\n|t:|1775994832\n|move|p2a: Alcremie|Decorate|p2b: Farigiraf\n|-boost|p2b: Farigiraf|atk|2\n|-boost|p2b: Farigiraf|spa|2\n|move|p2b: Farigiraf|Psychic|p1b: Basculegion\n|-crit|p1b: Basculegion\n|-damage|p1b: Basculegion|0 fnt\n|faint|p1b: Basculegion\n|move|p1a: Rotom|Overheat|p2a: Alcremie\n|-damage|p2a: Alcremie|42/100\n|-unboost|p1a: Rotom|spa|2\n|\n|upkeep\n|\n|t:|1775994842\n|switch|p1b: Sneasler|Sneasler, L50, F, shiny|100/100\n|turn|3\n|inactive|ASUfratleadervgc has 30 seconds left.\n|\n|t:|1775994871\n|switch|p1a: Floette|Floette-Eternal, L50, F|100/100\n|move|p1b: Sneasler|Fake Out||[still]\n|cant|p2b: Farigiraf|ability: Armor Tail|Fake Out|[of] p1b: Sneasler\n|move|p2a: Alcremie|Decorate|p2b: Farigiraf\n|-boost|p2b: Farigiraf|atk|2\n|-boost|p2b: Farigiraf|spa|2\n|move|p2b: Farigiraf|Hyper Voice|p1b: Sneasler|[spread] p1a,p1b\n|-damage|p1a: Floette|22/100\n|-damage|p1b: Sneasler|0 fnt\n|faint|p1b: Sneasler\n|\n|upkeep\n|\n|t:|1775994881\n|switch|p1b: Rotom|Rotom-Heat, L50, shiny|100/100\n|turn|4\n|j| No1.yZap2\n|\n|t:|1775994887\n|detailschange|p1a: Floette|Floette-Mega, L50, F\n|-mega|p1a: Floette|Floette|Floettite\n|-ability|p1a: Floette|Fairy Aura\n|move|p1b: Rotom|Protect|p1b: Rotom\n|-singleturn|p1b: Rotom|Protect\n|move|p1a: Floette|Protect|p1a: Floette\n|-singleturn|p1a: Floette|Protect\n|move|p2a: Alcremie|Decorate|p2b: Farigiraf\n|-boost|p2b: Farigiraf|atk|2\n|-boost|p2b: Farigiraf|spa|2\n|move|p2b: Farigiraf|Hyper Voice|p1a: Floette|[spread] \n|-activate|p1a: Floette|move: Protect\n|-activate|p1b: Rotom|move: Protect\n|\n|upkeep\n|turn|5\n|\n|t:|1775994899\n|move|p1b: Rotom|Protect|p1b: Rotom\n|-singleturn|p1b: Rotom|Protect\n|move|p1a: Floette|Protect|p1a: Floette\n|-singleturn|p1a: Floette|Protect\n|move|p2a: Alcremie|Light Screen|p2a: Alcremie\n|-sidestart|p2: ASUfratleadervgc|move: Light Screen\n|move|p2b: Farigiraf|Hyper Voice|p1b: Rotom|[spread] \n|-activate|p1a: Floette|move: Protect\n|-activate|p1b: Rotom|move: Protect\n|\n|-fieldend|move: Trick Room\n|upkeep\n|turn|6\n|c|\u2606ASUfratleadervgc|Are we joking\n|\n|t:|1775994923\n|move|p2b: Farigiraf|Protect|p2b: Farigiraf\n|-singleturn|p2b: Farigiraf|Protect\n|move|p1a: Floette|Moonblast|p2b: Farigiraf\n|-activate|p2b: Farigiraf|move: Protect\n|move|p1b: Rotom|Thunderbolt|p2b: Farigiraf\n|-activate|p2b: Farigiraf|move: Protect\n|move|p2a: Alcremie|Dazzling Gleam|p1b: Rotom|[spread] p1a,p1b\n|-resisted|p1b: Rotom|1\n|-damage|p1a: Floette|0 fnt\n|-damage|p1b: Rotom|84/100\n|faint|p1a: Floette\n|\n|upkeep\n|turn|7\n|\n|t:|1775994935\n|move|p1b: Rotom|Overheat|p2b: Farigiraf\n|-damage|p2b: Farigiraf|11/100\n|-unboost|p1b: Rotom|spa|2\n|-enditem|p2b: Farigiraf|Sitrus Berry|[eat]\n|-heal|p2b: Farigiraf|35/100|[from] item: Sitrus Berry\n|move|p2a: Alcremie|Dazzling Gleam|p1b: Rotom\n|-resisted|p1b: Rotom|1\n|-damage|p1b: Rotom|69/100\n|move|p2b: Farigiraf|Trick Room|p2b: Farigiraf\n|-fieldstart|move: Trick Room|[of] p2b: Farigiraf\n|\n|upkeep\n|turn|8\n|-message|Rakkune forfeited.\n|\n|win|ASUfratleadervgc\n|raw|Rakkune's rating: 1229 &rarr; <strong>1211</strong><br />(-18 for losing)\n|raw|ASUfratleadervgc's rating: 1332 &rarr; <strong>1346</strong><br />(+14 for winning)\n|l|\u2606Rakkune\n|player|p1|\n|l|\u2606ASUfratleadervgc\n|player|p2|\n",
  "uploadtime": 1775994962,
  "views": 44,
  "formatid": "gen9championsvgc2026regma",
  "rating": 1211,
  "private": 0,
  "password": null
}