{
  "id": "gen9championsvgc2026regma-2582265007",
  "format": "[Gen 9 Champions] VGC 2026 Reg M-A",
  "players": [
    "Devious 7777",
    "GKun1999"
  ],
  "log": "|j|\u2606Devious 7777\n|j|\u2606GKun1999\n|html|<table width=\"100%\"><tr><td align=\"left\">Devious 7777</td><td align=\"right\">GKun1999</tr><tr><td align=\"left\"><i class=\"fa fa-circle-o\"></i> <i class=\"fa fa-circle-o\"></i> </td><td align=\"right\"><i class=\"fa fa-circle-o\"></i> <i class=\"fa fa-circle-o\"></i> </tr></table>\n|uhtml|bestof|<h2><strong>Game 1</strong> of <a href=\"/game-bestof3-gen9championsvgc2026regma-2582265006\">a best-of-3</a></h2>\n|t:|1776077719\n|gametype|doubles\n|player|p1|Devious 7777|ingo|\n|player|p2|GKun1999|ghetsis-gen5bw|\n|gen|9\n|tier|[Gen 9 Champions] VGC 2026 Reg M-A\n|rated|Tournament battle\n|rule|Species Clause: Limit one of each Pok\u00e9mon\n|rule|Item Clause: Limit 1 of each item\n|raw|<div class=\"infobox\"><details class=\"readmore\" open><summary><strong>2 custom rules:</strong></summary> Force Open Team Sheets, Best of = 3</details></div>\n|clearpoke\n|poke|p1|Scizor, L50, M|\n|poke|p1|Pelipper, L50, M|\n|poke|p1|Raichu, L50, F|\n|poke|p1|Basculegion, L50, M|\n|poke|p1|Starmie, L50|\n|poke|p1|Archaludon, L50, M|\n|poke|p2|Farigiraf, L50, M|\n|poke|p2|Incineroar, L50, F|\n|poke|p2|Cofagrigus, L50, M|\n|poke|p2|Conkeldurr, L50, F|\n|poke|p2|Torkoal, L50, M|\n|poke|p2|Venusaur, L50, F|\n|teampreview|4\n|showteam|p1|Scizor||Scizorite|Technician|Roost,Uturn,BulletPunch,SwordsDance|||M|||50|]Pelipper||FocusSash|Drizzle|Hurricane,WeatherBall,WideGuard,Tailwind|||M|||50|]Raichu||SitrusBerry|LightningRod|Encore,FakeOut,Thunder,RainDance|||F|||50|]Basculegion||ChoiceScarf|SwiftSwim|FlipTurn,LastRespects,AquaJet,WaveCrash|||M|||50|]Starmie||Starminite|NaturalCure|AquaJet,Liquidation,IceSpinner,Protect||||||50|]Archaludon||WhiteHerb|Stamina|DracoMeteor,ElectroShot,FlashCannon,Protect|||M|||50|\n|showteam|p2|Farigiraf||SitrusBerry|ArmorTail|TrickRoom,HelpingHand,HyperVoice,Protect|||M|||50|]Incineroar||PasshoBerry|Intimidate|PartingShot,FakeOut,FlareBlitz,Taunt|||F|||50|]Cofagrigus||Leftovers|Mummy|TrickRoom,WillOWisp,Disable,ShadowBall|||M|||50|]Conkeldurr||BlackBelt|IronFist|WideGuard,HammerArm,KnockOff,ThunderPunch|||F|||50|]Torkoal||Charcoal|Drought|Eruption,Protect,HeatWave,EarthPower|||M|||50|]Venusaur||Venusaurite|Chlorophyll|SleepPowder,EnergyBall,Protect,SludgeBomb|||F|||50|\n|inactive|Battle timer is ON: inactive players will automatically lose when time's up. (requested by GKun1999)\nGKun1999 has agreed to open team sheets.\n|inactive|Devious 7777 has 60 seconds left.\n|inactive|GKun1999 has 60 seconds left.\n|j| Sun and Moon Rock\n|l| Sun and Moon Rock\n|\n|t:|1776077760\n|teamsize|p1|4\n|teamsize|p2|4\n|start\n|switch|p1a: Scizor|Scizor, L50, M|100/100\n|switch|p1b: Archaludon|Archaludon, L50, M|100/100\n|switch|p2a: Cofagrigus|Cofagrigus, L50, M|100/100\n|switch|p2b: Venusaur|Venusaur, L50, F|100/100\n|turn|1\n|inactive|Devious 7777 has 30 seconds left.\n|\n|t:|1776077786\n|detailschange|p1a: Scizor|Scizor-Mega, L50, M\n|-mega|p1a: Scizor|Scizor|Scizorite\n|move|p2b: Venusaur|Sleep Powder|p1a: Scizor|[miss]\n|-miss|p2b: Venusaur|p1a: Scizor\n|move|p1b: Archaludon|Draco Meteor|p2a: Cofagrigus\n|-damage|p2a: Cofagrigus|42/100\n|-unboost|p1b: Archaludon|spa|2\n|-enditem|p1b: Archaludon|White Herb\n|-clearnegativeboost|p1b: Archaludon|[silent]\n|move|p1a: Scizor|Swords Dance|p1a: Scizor\n|-boost|p1a: Scizor|atk|2\n|move|p2a: Cofagrigus|Trick Room|p2a: Cofagrigus\n|-fieldstart|move: Trick Room|[of] p2a: Cofagrigus\n|\n|-heal|p2a: Cofagrigus|48/100|[from] item: Leftovers\n|upkeep\n|turn|2\n|j| TheNewBrends11@!\n|inactive|Devious 7777 has 30 seconds left.\n|inactive|GKun1999 has 30 seconds left.\n|inactive|Devious 7777 has 20 seconds left.\n|\n|t:|1776077823\n|move|p1a: Scizor|Bullet Punch|p2b: Venusaur\n|-damage|p2b: Venusaur|25/100\n|move|p2a: Cofagrigus|Will-O-Wisp|p1a: Scizor\n|-status|p1a: Scizor|brn\n|move|p1b: Archaludon|Draco Meteor|p2a: Cofagrigus\n|-damage|p2a: Cofagrigus|0 fnt\n|-unboost|p1b: Archaludon|spa|2\n|faint|p2a: Cofagrigus\n|move|p2b: Venusaur|Sleep Powder|p1b: Archaludon\n|-status|p1b: Archaludon|slp|[from] move: Sleep Powder\n|\n|-damage|p1a: Scizor|94/100 brn|[from] brn\n|upkeep\n|\n|t:|1776077841\n|switch|p2a: Torkoal|Torkoal, L50, M|100/100\n|-weather|SunnyDay|[from] ability: Drought|[of] p2a: Torkoal\n|turn|3\n|\n|t:|1776077850\n|switch|p2a: Conkeldurr|Conkeldurr, L50, F|100/100\n|switch|p1b: Pelipper|Pelipper, L50, M|100/100\n|-weather|RainDance|[from] ability: Drizzle|[of] p1b: Pelipper\n|move|p2b: Venusaur|Protect|p2b: Venusaur\n|-singleturn|p2b: Venusaur|Protect\n|move|p1a: Scizor|Bullet Punch|p2b: Venusaur\n|-activate|p2b: Venusaur|move: Protect\n|\n|-weather|RainDance|[upkeep]\n|-damage|p1a: Scizor|88/100 brn|[from] brn\n|upkeep\n|turn|4\n|\n|t:|1776077868\n|switch|p1b: Basculegion|Basculegion, L50, M|100/100\n|switch|p2b: Torkoal|Torkoal, L50, M|100/100\n|-weather|SunnyDay|[from] ability: Drought|[of] p2b: Torkoal\n|move|p1a: Scizor|Bullet Punch|p2b: Torkoal\n|-resisted|p2b: Torkoal|1\n|-damage|p2b: Torkoal|86/100\n|move|p2a: Conkeldurr|Thunder Punch|p1b: Basculegion\n|-supereffective|p1b: Basculegion|1\n|-damage|p1b: Basculegion|11/100\n|\n|-weather|SunnyDay|[upkeep]\n|-damage|p1a: Scizor|82/100 brn|[from] brn\n|upkeep\n|turn|5\n|\n|t:|1776077890\n|switch|p1b: Pelipper|Pelipper, L50, M|100/100\n|-weather|RainDance|[from] ability: Drizzle|[of] p1b: Pelipper\n|move|p1a: Scizor|Bullet Punch|p2a: Conkeldurr\n|-damage|p2a: Conkeldurr|68/100\n|move|p2b: Torkoal|Heat Wave|p1b: Pelipper|[spread] p1a,p1b\n|-supereffective|p1a: Scizor|2\n|-resisted|p1b: Pelipper|1\n|-damage|p1a: Scizor|4/100 brn\n|-damage|p1b: Pelipper|88/100\n|move|p2a: Conkeldurr|Thunder Punch|p1b: Pelipper\n|-supereffective|p1b: Pelipper|2\n|-damage|p1b: Pelipper|0 fnt\n|faint|p1b: Pelipper\n|\n|-weather|RainDance|[upkeep]\n|-damage|p1a: Scizor|0 fnt|[from] brn\n|faint|p1a: Scizor\n|-fieldend|move: Trick Room\n|upkeep\n|\n|t:|1776077907\n|switch|p1a: Archaludon|Archaludon, L50, M|100/100 slp\n|switch|p1b: Basculegion|Basculegion, L50, M|11/100\n|turn|6\n|inactive|Devious 7777 has 30 seconds left.\n|inactive|Devious 7777 has 20 seconds left.\n|\n|t:|1776077943\n|switch|p2b: Venusaur|Venusaur, L50, F|25/100\n|move|p1b: Basculegion|Last Respects|p2a: Conkeldurr\n|-damage|p2a: Conkeldurr|1/100\n|cant|p1a: Archaludon|slp\n|move|p2a: Conkeldurr|Thunder Punch|p1b: Basculegion\n|-supereffective|p1b: Basculegion|1\n|-damage|p1b: Basculegion|0 fnt\n|faint|p1b: Basculegion\n|\n|-weather|RainDance|[upkeep]\n|upkeep\n|turn|7\n|inactive|Devious 7777 has 30 seconds left.\n|\n|t:|1776077975\n|switch|p2b: Torkoal|Torkoal, L50, M|86/100\n|-weather|SunnyDay|[from] ability: Drought|[of] p2b: Torkoal\n|-curestatus|p1a: Archaludon|slp|[msg]\n|move|p1a: Archaludon|Electro Shot||[still]\n|-prepare|p1a: Archaludon|Electro Shot\n|-boost|p1a: Archaludon|spa|1\n|move|p2a: Conkeldurr|Hammer Arm|p1a: Archaludon\n|-supereffective|p1a: Archaludon|1\n|-damage|p1a: Archaludon|0 fnt\n|-unboost|p2a: Conkeldurr|spe|1\n|faint|p1a: Archaludon\n|\n|win|GKun1999\n||Devious 7777 is ready for game 2.\n",
  "uploadtime": 1776077983,
  "views": 9,
  "formatid": "gen9championsvgc2026regma",
  "rating": null,
  "private": 0,
  "password": null
}