{
  "id": "gen9championsvgc2026regma-2587777819",
  "format": "[Gen 9 Champions] VGC 2026 Reg M-A",
  "players": [
    "The Dover Boys",
    "Olympicsvgc"
  ],
  "log": "|j|\u2606The Dover Boys\n|j|\u2606Olympicsvgc\n|t:|1776563008\n|gametype|doubles\n|player|p1|The Dover Boys|acetrainer|1298\n|player|p2|Olympicsvgc|dawn|1302\n|gen|9\n|tier|[Gen 9 Champions] VGC 2026 Reg M-A\n|rated|\n|rule|Species Clause: Limit one of each Pok\u00e9mon\n|rule|Item Clause: Limit 1 of each item\n|clearpoke\n|poke|p1|Chandelure, L50, M|\n|poke|p1|Incineroar, L50, M|\n|poke|p1|Gardevoir, L50, M, shiny|\n|poke|p1|Farigiraf, L50, M, shiny|\n|poke|p1|Archaludon, L50, M|\n|poke|p1|Scizor, L50, F|\n|poke|p2|Floette-Eternal, L50, F|\n|poke|p2|Ariados, L50, M|\n|poke|p2|Incineroar, L50, F|\n|poke|p2|Basculegion, L50, M|\n|poke|p2|Archaludon, L50, M|\n|poke|p2|Pelipper, L50, M|\n|teampreview|4\n|\n|t:|1776563073\n|teamsize|p1|4\n|teamsize|p2|4\n|start\n|switch|p1a: Farigiraf|Farigiraf, L50, M, shiny|100/100\n|switch|p1b: Pay2Win|Archaludon, L50, M|100/100\n|switch|p2a: Basculegion|Basculegion, L50, M|100/100\n|switch|p2b: Pelipper|Pelipper, L50, M|100/100\n|-weather|RainDance|[from] ability: Drizzle|[of] p2b: Pelipper\n|turn|1\n|\n|t:|1776563104\n|move|p1a: Farigiraf|Protect|p1a: Farigiraf\n|-singleturn|p1a: Farigiraf|Protect\n|move|p2a: Basculegion|Flip Turn|p1a: Farigiraf\n|-activate|p1a: Farigiraf|move: Protect\n|move|p1b: Pay2Win|Thunderbolt|p2a: Basculegion\n|-supereffective|p2a: Basculegion|1\n|-damage|p2a: Basculegion|24/100\n|move|p2b: Pelipper|Weather Ball|p1a: Farigiraf\n|-activate|p1a: Farigiraf|move: Protect\n|\n|-weather|RainDance|[upkeep]\n|upkeep\n|turn|2\n|\n|t:|1776563138\n|move|p2a: Basculegion|Flip Turn|p1a: Farigiraf\n|-damage|p1a: Farigiraf|46/100\n|\n|t:|1776563142\n|switch|p2a: Incineroar|Incineroar, L50, F|100/100|[from] Flip Turn\n|-ability|p2a: Incineroar|Intimidate|boost\n|-unboost|p1a: Farigiraf|atk|1\n|-unboost|p1b: Pay2Win|atk|1\n|move|p1b: Pay2Win|Thunderbolt|p2b: Pelipper\n|-supereffective|p2b: Pelipper|2\n|-enditem|p2b: Pelipper|Focus Sash\n|-damage|p2b: Pelipper|1/100\n|move|p2b: Pelipper|Weather Ball|p1a: Farigiraf\n|-damage|p1a: Farigiraf|0 fnt\n|faint|p1a: Farigiraf\n|\n|-weather|RainDance|[upkeep]\n|upkeep\n|\n|t:|1776563160\n|switch|p1a: AllOrNothing|Incineroar, L50, M|100/100\n|-ability|p1a: AllOrNothing|Intimidate|boost\n|-unboost|p2a: Incineroar|atk|1\n|-unboost|p2b: Pelipper|atk|1\n|turn|3\n|\n|t:|1776563184\n|move|p2b: Pelipper|Protect|p2b: Pelipper\n|-singleturn|p2b: Pelipper|Protect\n|move|p1a: AllOrNothing|Fake Out|p2a: Incineroar\n|-damage|p2a: Incineroar|90/100\n|move|p1b: Pay2Win|Thunderbolt|p2b: Pelipper\n|-activate|p2b: Pelipper|move: Protect\n|cant|p2a: Incineroar|flinch\n|\n|-weather|RainDance|[upkeep]\n|upkeep\n|turn|4\n|\n|t:|1776563203\n|switch|p2b: Archaludon|Archaludon, L50, M|100/100\n|move|p1b: Pay2Win|Thunderbolt|p2b: Archaludon\n|-resisted|p2b: Archaludon|1\n|-damage|p2b: Archaludon|79/100\n|move|p1a: AllOrNothing|Close Combat|p2a: Incineroar\n|-supereffective|p2a: Incineroar|1\n|-damage|p2a: Incineroar|30/100\n|-unboost|p1a: AllOrNothing|def|1\n|-unboost|p1a: AllOrNothing|spd|1\n|-enditem|p2a: Incineroar|Sitrus Berry|[eat]\n|-heal|p2a: Incineroar|55/100|[from] item: Sitrus Berry\n|move|p2a: Incineroar|Parting Shot|p1b: Pay2Win\n|-unboost|p1b: Pay2Win|atk|1\n|-unboost|p1b: Pay2Win|spa|1\n|\n|t:|1776563225\n|switch|p2a: Basculegion|Basculegion, L50, M|24/100|[from] Parting Shot\n|\n|-weather|RainDance|[upkeep]\n|upkeep\n|turn|5\n|\n|t:|1776563255\n|move|p2a: Basculegion|Flip Turn|p1a: AllOrNothing\n|-supereffective|p1a: AllOrNothing|1\n|-enditem|p1a: AllOrNothing|Passho Berry|[eat]\n|-enditem|p1a: AllOrNothing|Passho Berry|[weaken]\n|-damage|p1a: AllOrNothing|28/100\n|\n|t:|1776563261\n|switch|p2a: Incineroar|Incineroar, L50, F|55/100|[from] Flip Turn\n|-ability|p2a: Incineroar|Intimidate|boost\n|-unboost|p1a: AllOrNothing|atk|1\n|-unboost|p1b: Pay2Win|atk|1\n|move|p2b: Archaludon|Electro Shot||[still]\n|-prepare|p2b: Archaludon|Electro Shot\n|-boost|p2b: Archaludon|spa|1\n|-anim|p2b: Archaludon|Electro Shot|p1a: AllOrNothing\n|-damage|p1a: AllOrNothing|0 fnt\n|faint|p1a: AllOrNothing\n|move|p1b: Pay2Win|Thunderbolt|p2a: Incineroar\n|-damage|p2a: Incineroar|39/100\n|\n|-weather|none\n|upkeep\n|\n|t:|1776563276\n|switch|p1a: Love Deluxe|Gardevoir, L50, M, shiny|100/100\n|-ability|p1a: Love Deluxe|Stalwart|Trace|[from] ability: Trace|[of] p2b: Archaludon\n|turn|6\n|\n|t:|1776563320\n|detailschange|p1a: Love Deluxe|Gardevoir-Mega, L50, M, shiny\n|-mega|p1a: Love Deluxe|Gardevoir|Gardevoirite\n|move|p1a: Love Deluxe|Protect|p1a: Love Deluxe\n|-singleturn|p1a: Love Deluxe|Protect\n|move|p2a: Incineroar|Fake Out|p1b: Pay2Win\n|-resisted|p1b: Pay2Win|1\n|-damage|p1b: Pay2Win|97/100\n|-ability|p1b: Pay2Win|Stamina|boost\n|-boost|p1b: Pay2Win|def|1\n|move|p2b: Archaludon|Flash Cannon|p1a: Love Deluxe\n|-activate|p1a: Love Deluxe|move: Protect\n|cant|p1b: Pay2Win|flinch\n|\n|upkeep\n|turn|7\n|\n|t:|1776563356\n|move|p2b: Archaludon|Flash Cannon|p1a: Love Deluxe\n|-supereffective|p1a: Love Deluxe|1\n|-damage|p1a: Love Deluxe|8/100\n|move|p1a: Love Deluxe|Hyper Voice|p2b: Archaludon|[spread] p2a,p2b\n|-damage|p2a: Incineroar|0 fnt\n|-damage|p2b: Archaludon|10/100\n|faint|p2a: Incineroar\n|move|p1b: Pay2Win|Aura Sphere|p2b: Archaludon\n|-supereffective|p2b: Archaludon|1\n|-damage|p2b: Archaludon|0 fnt\n|faint|p2b: Archaludon\n|\n|upkeep\n|\n|t:|1776563363\n|switch|p2b: Basculegion|Basculegion, L50, M|24/100\n|switch|p2a: Pelipper|Pelipper, L50, M|1/100\n|-weather|RainDance|[from] ability: Drizzle|[of] p2a: Pelipper\n|turn|8\n|\n|t:|1776563389\n|move|p1a: Love Deluxe|Protect|p1a: Love Deluxe\n|-singleturn|p1a: Love Deluxe|Protect\n|move|p2b: Basculegion|Last Respects|p1b: Pay2Win\n|-damage|p1b: Pay2Win|52/100\n|-ability|p1b: Pay2Win|Stamina|boost\n|-boost|p1b: Pay2Win|def|1\n|move|p1b: Pay2Win|Thunderbolt|p2b: Basculegion\n|-supereffective|p2b: Basculegion|1\n|-crit|p2b: Basculegion\n|-damage|p2b: Basculegion|0 fnt\n|faint|p2b: Basculegion\n|move|p2a: Pelipper|Weather Ball|p1b: Pay2Win\n|-resisted|p1b: Pay2Win|1\n|-damage|p1b: Pay2Win|16/100\n|-ability|p1b: Pay2Win|Stamina|boost\n|-boost|p1b: Pay2Win|def|1\n|\n|-weather|RainDance|[upkeep]\n|upkeep\n|turn|9\n|-message|Olympicsvgc forfeited.\n|\n|win|The Dover Boys\n|raw|The Dover Boys's rating: 1298 &rarr; <strong>1323</strong><br />(+25 for winning)\n|raw|Olympicsvgc's rating: 1302 &rarr; <strong>1282</strong><br />(-20 for losing)\n|l|\u2606Olympicsvgc\n|player|p2|\n",
  "uploadtime": 1776563411,
  "views": 24,
  "formatid": "gen9championsvgc2026regma",
  "rating": 1282,
  "private": 0,
  "password": null
}