{
  "id": "gen9championsvgc2026regma-2582069187",
  "format": "[Gen 9 Champions] VGC 2026 Reg M-A",
  "players": [
    "rng go brrr",
    "DDubble"
  ],
  "log": "|j|\u2606rng go brrr\n|j|\u2606DDubble\n|t:|1776054085\n|gametype|doubles\n|player|p1|rng go brrr|lucian|1115\n|player|p2|DDubble|ltsurge|1177\n|gen|9\n|tier|[Gen 9 Champions] VGC 2026 Reg M-A\n|rated|\n|rule|Species Clause: Limit one of each Pok\u00e9mon\n|rule|Item Clause: Limit 1 of each item\n|clearpoke\n|poke|p1|Gallade, L50, M|\n|poke|p1|Torkoal, L50, M|\n|poke|p1|Slowbro, L50, M|\n|poke|p1|Hydrapple, L50, M|\n|poke|p1|Kingambit, L50, M|\n|poke|p1|Farigiraf, L50, M|\n|poke|p2|Alakazam, L50, M|\n|poke|p2|Meowstic, L50, M|\n|poke|p2|Aerodactyl, L50, F|\n|poke|p2|Sinistcha, L50|\n|poke|p2|Kingambit, L50, F|\n|poke|p2|Incineroar, L50, F|\n|teampreview|4\n|inactive|Battle timer is ON: inactive players will automatically lose when time's up. (requested by DDubble)\n|c|\u2606DDubble|glhf\n|c|\u2606rng go brrr|glhf\nrng go brrr has agreed to open team sheets.\n|inactive|DDubble has 60 seconds left.\n|\n|t:|1776054131\n|teamsize|p1|4\n|teamsize|p2|4\n|start\n|switch|p1a: Slowbro|Slowbro, L50, M|100/100\n|switch|p1b: Farigiraf|Farigiraf, L50, M|100/100\n|switch|p2a: Kingambit|Kingambit, L50, F|100/100\n|switch|p2b: Aerodactyl|Aerodactyl, L50, F|100/100\n|-ability|p2b: Aerodactyl|Unnerve\n|turn|1\n|inactive|rng go brrr has 30 seconds left.\n|\n|t:|1776054162\n|detailschange|p1a: Slowbro|Slowbro-Mega, L50, M\n|-mega|p1a: Slowbro|Slowbro|Slowbronite\n|move|p2b: Aerodactyl|Rock Slide|p1b: Farigiraf|[spread] p1a,p1b\n|-damage|p1a: Slowbro|87/100\n|-damage|p1b: Farigiraf|75/100\n|move|p2a: Kingambit|Kowtow Cleave|p1b: Farigiraf\n|-supereffective|p1b: Farigiraf|1\n|-damage|p1b: Farigiraf|0 fnt\n|faint|p1b: Farigiraf\n|move|p1a: Slowbro|Scald|p2b: Aerodactyl\n|-supereffective|p2b: Aerodactyl|1\n|-enditem|p2b: Aerodactyl|Focus Sash\n|-damage|p2b: Aerodactyl|1/100\n|\n|upkeep\n|\n|t:|1776054176\n|switch|p1b: Torkoal|Torkoal, L50, M|100/100\n|-weather|SunnyDay|[from] ability: Drought|[of] p1b: Torkoal\n|turn|2\n|\n|t:|1776054186\n|switch|p1b: Kingambit|Kingambit, L50, M|100/100\n|-activate|p1b: Kingambit|ability: Supreme Overlord\n|-start|p1b: Kingambit|fallen1|[silent]\n|move|p2b: Aerodactyl|Rock Slide|p1b: Kingambit|[spread] p1a,p1b\n|-resisted|p1b: Kingambit|1\n|-damage|p1a: Slowbro|75/100\n|-damage|p1b: Kingambit|91/100\n|move|p2a: Kingambit|Kowtow Cleave|p1a: Slowbro\n|-supereffective|p1a: Slowbro|1\n|-damage|p1a: Slowbro|5/100\n|move|p1a: Slowbro|Trick Room|p1a: Slowbro\n|-fieldstart|move: Trick Room|[of] p1a: Slowbro\n|\n|-weather|SunnyDay|[upkeep]\n|upkeep\n|turn|3\n|\n|t:|1776054207\n|move|p2b: Aerodactyl|Protect|p2b: Aerodactyl\n|-singleturn|p2b: Aerodactyl|Protect\n|move|p1b: Kingambit|Sucker Punch||[still]\n|-fail|p1b: Kingambit\n|move|p2a: Kingambit|Sucker Punch|p1a: Slowbro\n|-supereffective|p1a: Slowbro|1\n|-damage|p1a: Slowbro|0 fnt\n|faint|p1a: Slowbro\n|\n|-weather|SunnyDay|[upkeep]\n|upkeep\n|\n|t:|1776054213\n|switch|p1a: Torkoal|Torkoal, L50, M|100/100\n|turn|4\n|\n|t:|1776054233\n|switch|p2b: Meowstic|Meowstic, L50, M, shiny|100/100\n|move|p2a: Kingambit|Protect|p2a: Kingambit\n|-singleturn|p2a: Kingambit|Protect\n|move|p1a: Torkoal|Eruption|p2b: Meowstic|[spread] p2b\n|-activate|p2a: Kingambit|move: Protect\n|-damage|p2b: Meowstic|0 fnt\n|faint|p2b: Meowstic\n|move|p1b: Kingambit|Swords Dance|p1b: Kingambit\n|-boost|p1b: Kingambit|atk|2\n|\n|-weather|SunnyDay|[upkeep]\n|upkeep\n|\n|t:|1776054243\n|switch|p2b: Aerodactyl|Aerodactyl, L50, F|1/100\n|-ability|p2b: Aerodactyl|Unnerve\n|turn|5\n|\n|t:|1776054249\n|move|p2b: Aerodactyl|Protect|p2b: Aerodactyl\n|-singleturn|p2b: Aerodactyl|Protect\n|move|p2a: Kingambit|Sucker Punch|p1a: Torkoal\n|-damage|p1a: Torkoal|52/100\n|move|p1a: Torkoal|Eruption|p2a: Kingambit|[spread] p2a\n|-activate|p2b: Aerodactyl|move: Protect\n|-supereffective|p2a: Kingambit|1\n|-damage|p2a: Kingambit|12/100\n|move|p1b: Kingambit|Swords Dance|p1b: Kingambit\n|-boost|p1b: Kingambit|atk|2\n|\n|-weather|SunnyDay|[upkeep]\n|upkeep\n|turn|6\n|\n|t:|1776054267\n|move|p2b: Aerodactyl|Protect||[still]\n|-fail|p2b: Aerodactyl\n|move|p2a: Kingambit|Sucker Punch|p1a: Torkoal\n|-damage|p1a: Torkoal|4/100\n|move|p1a: Torkoal|Eruption|p2b: Aerodactyl|[spread] p2a,p2b\n|-supereffective|p2a: Kingambit|1\n|-resisted|p2b: Aerodactyl|1\n|-damage|p2a: Kingambit|5/100\n|-damage|p2b: Aerodactyl|0 fnt\n|faint|p2b: Aerodactyl\n|move|p1b: Kingambit|Swords Dance|p1b: Kingambit\n|-boost|p1b: Kingambit|atk|2\n|\n|-weather|none\n|-fieldend|move: Trick Room\n|upkeep\n|\n|t:|1776054273\n|switch|p2b: Alakazam|Alakazam, L50, M|100/100\n|turn|7\n|inactive|DDubble has 30 seconds left.\n|\n|t:|1776054299\n|move|p2b: Alakazam|Protect|p2b: Alakazam\n|-singleturn|p2b: Alakazam|Protect\n|move|p1b: Kingambit|Sucker Punch||[still]\n|-fail|p1b: Kingambit\n|move|p2a: Kingambit|Kowtow Cleave|p1a: Torkoal\n|-damage|p1a: Torkoal|0 fnt\n|faint|p1a: Torkoal\n|\n|upkeep\n|turn|8\n|\n|t:|1776054315\n|detailschange|p2b: Alakazam|Alakazam-Mega, L50, M\n|-mega|p2b: Alakazam|Alakazam|Alakazite\n|-ability|p2b: Alakazam|Supreme Overlord|Trace|[from] ability: Trace|[of] p1b: Kingambit\n|-activate|p2b: Alakazam|ability: Supreme Overlord\n|-start|p2b: Alakazam|fallen2|[silent]\n|move|p2b: Alakazam|Protect||[still]\n|-fail|p2b: Alakazam\n|move|p1b: Kingambit|Sucker Punch||[still]\n|-fail|p1b: Kingambit\n|move|p2a: Kingambit|Iron Head|p1b: Kingambit\n|-resisted|p1b: Kingambit|1\n|-damage|p1b: Kingambit|73/100\n|\n|upkeep\n|turn|9\n|\n|t:|1776054329\n|move|p2a: Kingambit|Sucker Punch|p1b: Kingambit\n|-resisted|p1b: Kingambit|1\n|-damage|p1b: Kingambit|56/100\n|move|p2b: Alakazam|Focus Blast|p1b: Kingambit\n|-supereffective|p1b: Kingambit|2\n|-crit|p1b: Kingambit\n|-damage|p1b: Kingambit|0 fnt\n|faint|p1b: Kingambit\n|-end|p1b: Kingambit|fallen1|[silent]\n|\n|win|DDubble\n|raw|rng go brrr's rating: 1091 &rarr; <strong>1073</strong><br />(-18 for losing)\n|raw|DDubble's rating: 1177 &rarr; <strong>1196</strong><br />(+19 for winning)\n|c|\u2606DDubble|gg\n|l|\u2606rng go brrr\n|player|p1|\n",
  "uploadtime": 1776054337,
  "views": 16,
  "formatid": "gen9championsvgc2026regma",
  "rating": 1073,
  "private": 0,
  "password": null
}