{
  "id": "gen9championsvgc2026regma-2586081805",
  "format": "[Gen 9 Champions] VGC 2026 Reg M-A",
  "players": [
    "Shontotto",
    "Shadowflamepkm"
  ],
  "log": "|j|\u2606Shontotto\n|j|\u2606Shadowflamepkm\n|t:|1776396998\n|gametype|doubles\n|player|p1|Shontotto|norman|1173\n|player|p2|Shadowflamepkm|red|1192\n|gen|9\n|tier|[Gen 9 Champions] VGC 2026 Reg M-A\n|rated|\n|rule|Species Clause: Limit one of each Pok\u00e9mon\n|rule|Item Clause: Limit 1 of each item\n|clearpoke\n|poke|p1|Blastoise, L50, F|\n|poke|p1|Talonflame, L50, F|\n|poke|p1|Mimikyu, L50, F|\n|poke|p1|Garchomp, L50, M|\n|poke|p1|Vanilluxe, L50, M|\n|poke|p1|Sneasler, L50, M|\n|poke|p2|Charizard, L50, F|\n|poke|p2|Venusaur, L50, F|\n|poke|p2|Sneasler, L50, M|\n|poke|p2|Incineroar, L50, M|\n|poke|p2|Farigiraf, L50, M|\n|poke|p2|Torkoal, L50, F|\n|teampreview|4\n|c|\u2606Shadowflamepkm|Glhf\n|inactive|Battle timer is ON: inactive players will automatically lose when time's up. (requested by Shadowflamepkm)\nShadowflamepkm rejected open team sheets.\n|\n|t:|1776397052\n|teamsize|p1|4\n|teamsize|p2|4\n|start\n|switch|p1a: Talonflame|Talonflame, L50, F|100/100\n|switch|p1b: Garchomp|Garchomp, L50, M|100/100\n|switch|p2a: Charizard|Charizard, L50, F|100/100\n|switch|p2b: Venusaur|Venusaur, L50, F|100/100\n|turn|1\n|\n|t:|1776397075\n|detailschange|p2a: Charizard|Charizard-Mega-Y, L50, F\n|-mega|p2a: Charizard|Charizard|Charizardite Y\n|-weather|SunnyDay|[from] ability: Drought|[of] p2a: Charizard\n|move|p2a: Charizard|Protect|p2a: Charizard\n|-singleturn|p2a: Charizard|Protect\n|move|p1a: Talonflame|Tailwind|p1a: Talonflame\n|-sidestart|p1: Shontotto|move: Tailwind\n|move|p1b: Garchomp|Rock Slide|p2a: Charizard|[spread] p2b\n|-activate|p2a: Charizard|move: Protect\n|-damage|p2b: Venusaur|79/100\n|move|p2b: Venusaur|Sleep Powder|p1b: Garchomp\n|-status|p1b: Garchomp|slp|[from] move: Sleep Powder\n|\n|-weather|SunnyDay|[upkeep]\n|upkeep\n|turn|2\n|\n|t:|1776397100\n|switch|p1b: Vanilluxe|Vanilluxe, L50, M|100/100\n|-weather|Snowscape|[from] ability: Snow Warning|[of] p1b: Vanilluxe\n|switch|p2b: Farigiraf|Farigiraf, L50, M|100/100\n|move|p1a: Talonflame|Acrobatics||[still]\n|cant|p2b: Farigiraf|ability: Armor Tail|Acrobatics|[of] p1a: Talonflame\n|move|p2a: Charizard|Solar Beam||[still]\n|-prepare|p2a: Charizard|Solar Beam\n|\n|-weather|Snowscape|[upkeep]\n|upkeep\n|turn|3\n|inactive|Shontotto has 30 seconds left.\n|\n|t:|1776397128\n|switch|p1a: Blastoise|Blastoise, L50, F|100/100\n|move|p1b: Vanilluxe|Blizzard|p2b: Farigiraf|[spread] p2a,p2b\n|-damage|p2a: Charizard|64/100\n|-damage|p2b: Farigiraf|72/100\n|move|p2a: Charizard|Solar Beam|p1b: Vanilluxe|[from] lockedmove\n|-damage|p1b: Vanilluxe|69/100\n|move|p2b: Farigiraf|Trick Room|p2b: Farigiraf\n|-fieldstart|move: Trick Room|[of] p2b: Farigiraf\n|\n|-weather|Snowscape|[upkeep]\n|upkeep\n|turn|4\n|l|\u2606Shadowflamepkm\n|inactive|Shadowflamepkm disconnected and has a minute to reconnect!\n|player|p2|\n|j|\u2606Shadowflamepkm\n|inactive|Shadowflamepkm reconnected and has 45 seconds left.\n|player|p2|Shadowflamepkm|red|\n|inactive|Shadowflamepkm has 30 seconds left.\n|\n|t:|1776397158\n|detailschange|p1a: Blastoise|Blastoise-Mega, L50, F\n|-mega|p1a: Blastoise|Blastoise|Blastoisinite\n|move|p2b: Farigiraf|Psychic|p1b: Vanilluxe\n|-damage|p1b: Vanilluxe|23/100\n|move|p2a: Charizard|Heat Wave|p1a: Blastoise|[spread] p1a,p1b\n|-resisted|p1a: Blastoise|1\n|-supereffective|p1b: Vanilluxe|1\n|-damage|p1a: Blastoise|81/100\n|-damage|p1b: Vanilluxe|0 fnt\n|faint|p1b: Vanilluxe\n|move|p1a: Blastoise|Water Spout|p2a: Charizard|[spread] p2a,p2b\n|-supereffective|p2a: Charizard|1\n|-damage|p2a: Charizard|0 fnt\n|-damage|p2b: Farigiraf|35/100\n|faint|p2a: Charizard\n|\n|-weather|Snowscape|[upkeep]\n|-sideend|p1: Shontotto|move: Tailwind\n|upkeep\n|\n|t:|1776397181\n|switch|p1b: Garchomp|Garchomp, L50, M|100/100 slp\n|switch|p2a: Venusaur|Venusaur, L50, F|79/100\n|turn|5\n|\n|t:|1776397194\n|move|p1a: Blastoise|Protect|p1a: Blastoise\n|-singleturn|p1a: Blastoise|Protect\n|move|p2b: Farigiraf|Hyper Voice|p1b: Garchomp|[spread] p1b\n|-activate|p1a: Blastoise|move: Protect\n|-damage|p1b: Garchomp|75/100 slp\n|move|p2a: Venusaur|Giga Drain|p1a: Blastoise\n|-activate|p1a: Blastoise|move: Protect\n|cant|p1b: Garchomp|slp\n|\n|-weather|Snowscape|[upkeep]\n|upkeep\n|turn|6\n|\n|t:|1776397214\n|move|p2b: Farigiraf|Hyper Voice|p1a: Blastoise|[spread] p1a,p1b\n|-damage|p1a: Blastoise|58/100\n|-damage|p1b: Garchomp|50/100 slp\n|-enditem|p1b: Garchomp|Sitrus Berry|[eat]\n|-heal|p1b: Garchomp|75/100 slp|[from] item: Sitrus Berry\n|move|p2a: Venusaur|Giga Drain|p1a: Blastoise\n|-supereffective|p1a: Blastoise|1\n|-damage|p1a: Blastoise|0 fnt\n|-heal|p2a: Venusaur|100/100|[from] drain|[of] p1a: Blastoise\n|faint|p1a: Blastoise\n|cant|p1b: Garchomp|slp\n|\n|-weather|none\n|upkeep\n|\n|t:|1776397228\n|switch|p1a: Talonflame|Talonflame, L50, F|100/100\n|turn|7\n|inactive|Shontotto has 30 seconds left.\n|\n|t:|1776397254\n|move|p1a: Talonflame|Protect|p1a: Talonflame\n|-singleturn|p1a: Talonflame|Protect\n|move|p2b: Farigiraf|Psychic|p1b: Garchomp\n|-damage|p1b: Garchomp|41/100 slp\n|move|p2a: Venusaur|Giga Drain|p1b: Garchomp\n|-damage|p1b: Garchomp|6/100 slp\n|-curestatus|p1b: Garchomp|slp|[msg]\n|move|p1b: Garchomp|Rock Slide|p2a: Venusaur|[spread] p2a,p2b\n|-crit|p2b: Farigiraf\n|-damage|p2a: Venusaur|80/100\n|-damage|p2b: Farigiraf|5/100\n|\n|-fieldend|move: Trick Room\n|upkeep\n|turn|8\n|\n|t:|1776397271\n|move|p1a: Talonflame|Tailwind|p1a: Talonflame\n|-sidestart|p1: Shontotto|move: Tailwind\n|move|p1b: Garchomp|Earthquake|p2b: Farigiraf|[spread] p2a,p2b\n|-immune|p1a: Talonflame\n|-damage|p2a: Venusaur|36/100\n|-damage|p2b: Farigiraf|0 fnt\n|faint|p2b: Farigiraf\n|move|p2a: Venusaur|Sleep Powder|p1a: Talonflame|[miss]\n|-miss|p2a: Venusaur|p1a: Talonflame\n|\n|upkeep\n|\n|t:|1776397278\n|switch|p2b: Sneasler|Sneasler, L50, M|100/100\n|turn|9\n|\n|t:|1776397286\n|move|p1a: Talonflame|Protect|p1a: Talonflame\n|-singleturn|p1a: Talonflame|Protect\n|move|p1b: Garchomp|Protect|p1b: Garchomp\n|-singleturn|p1b: Garchomp|Protect\n|move|p2b: Sneasler|Fake Out|p1b: Garchomp\n|-activate|p1b: Garchomp|move: Protect\n|move|p2a: Venusaur|Sleep Powder|p1a: Talonflame\n|-activate|p1a: Talonflame|move: Protect\n|\n|upkeep\n|turn|10\n|inactive|Shadowflamepkm has 30 seconds left.\n|c|\u2606Shadowflamepkm|That was an unfortunate miss\n|inactive|Shadowflamepkm has 20 seconds left.\n|c|\u2606Shadowflamepkm|maybe I was too greedy\n|inactive|Shadowflamepkm has 15 seconds left.\n|inactive|Shadowflamepkm has 10 seconds left.\n|\n|t:|1776397331\n|move|p1a: Talonflame|Acrobatics|p2a: Venusaur\n|-supereffective|p2a: Venusaur|1\n|-damage|p2a: Venusaur|0 fnt\n|faint|p2a: Venusaur\n|move|p1b: Garchomp|Earthquake|p2b: Sneasler|[spread] p2b\n|-immune|p1a: Talonflame\n|-supereffective|p2b: Sneasler|1\n|-enditem|p2b: Sneasler|Focus Sash\n|-damage|p2b: Sneasler|1/100\n|move|p2b: Sneasler|Dire Claw|p1b: Garchomp\n|-resisted|p1b: Garchomp|1\n|-damage|p1b: Garchomp|0 fnt\n|-damage|p2b: Sneasler|0 fnt|[from] ability: Rough Skin|[of] p1b: Garchomp\n|faint|p1b: Garchomp\n|faint|p2b: Sneasler\n|\n|win|Shontotto\n|raw|Shontotto's rating: 1173 &rarr; <strong>1199</strong><br />(+26 for winning)\n|raw|Shadowflamepkm's rating: 1192 &rarr; <strong>1166</strong><br />(-26 for losing)\n",
  "uploadtime": 1776397354,
  "views": 17,
  "formatid": "gen9championsvgc2026regma",
  "rating": 1166,
  "private": 0,
  "password": null
}