{
  "id": "gen9championsvgc2026regma-2580735357",
  "format": "[Gen 9 Champions] VGC 2026 Reg M-A",
  "players": [
    "Wizardaod",
    "amongdripgoku"
  ],
  "log": "|j|\u2606Wizardaod\n|j|\u2606amongdripgoku\n|t:|1775928208\n|gametype|doubles\n|player|p1|Wizardaod|2|1118\n|player|p2|amongdripgoku|2|1040\n|gen|9\n|tier|[Gen 9 Champions] VGC 2026 Reg M-A\n|rated|\n|rule|Species Clause: Limit one of each Pok\u00e9mon\n|rule|Item Clause: Limit 1 of each item\n|clearpoke\n|poke|p1|Crabominable, L50, M|\n|poke|p1|Sinistcha, L50|\n|poke|p1|Farigiraf, L50, F|\n|poke|p1|Pelipper, L50, M|\n|poke|p1|Basculegion, L50, M|\n|poke|p1|Incineroar, L50, F|\n|poke|p2|Pelipper, L50, M|\n|poke|p2|Gengar, L50, M|\n|poke|p2|Greninja-*, L50, F|\n|poke|p2|Basculegion, L50, M|\n|poke|p2|Archaludon, L50, M|\n|poke|p2|Whimsicott, L50, F|\n|teampreview|4\n|inactive|Battle timer is ON: inactive players will automatically lose when time's up. (requested by Wizardaod)\n|inactive|Wizardaod has 60 seconds left.\n|inactive|amongdripgoku has 60 seconds left.\n|\n|t:|1775928250\n|teamsize|p1|4\n|teamsize|p2|4\n|start\n|switch|p1a: Sinistcha|Sinistcha, L50|100/100\n|switch|p1b: Crabominable|Crabominable, L50, M|100/100\n|switch|p2a: Pelipper|Pelipper, L50, M|100/100\n|switch|p2b: Greninja|Greninja, L50, F|100/100\n|-weather|RainDance|[from] ability: Drizzle|[of] p2a: Pelipper\n|turn|1\n|\n|t:|1775928264\n|detailschange|p2b: Greninja|Greninja-Mega, L50, F\n|-mega|p2b: Greninja|Greninja|Greninjite\n|move|p1b: Crabominable|Protect|p1b: Crabominable\n|-singleturn|p1b: Crabominable|Protect\n|move|p2b: Greninja|Surf|p1a: Sinistcha|[spread] p2a,p1a\n|-start|p2b: Greninja|typechange|Water|[from] ability: Protean\n|-activate|p1b: Crabominable|move: Protect\n|-resisted|p2a: Pelipper|1\n|-resisted|p1a: Sinistcha|1\n|-damage|p2a: Pelipper|74/100\n|-damage|p1a: Sinistcha|75/100\n|move|p2a: Pelipper|Hurricane|p1a: Sinistcha\n|-supereffective|p1a: Sinistcha|1\n|-damage|p1a: Sinistcha|11/100\n|-start|p1a: Sinistcha|confusion\n|-activate|p1a: Sinistcha|confusion\n|move|p1a: Sinistcha|Trick Room|p1a: Sinistcha\n|-fieldstart|move: Trick Room|[of] p1a: Sinistcha\n|\n|-weather|RainDance|[upkeep]\n|-heal|p2a: Pelipper|80/100|[from] item: Leftovers\n|-heal|p1a: Sinistcha|17/100|[from] item: Leftovers\n|upkeep\n|turn|2\n|inactive|Wizardaod has 30 seconds left.\n|\n|t:|1775928293\n|switch|p2b: Archaludon|Archaludon, L50, M|100/100\n|detailschange|p1b: Crabominable|Crabominable-Mega, L50, M\n|-mega|p1b: Crabominable|Crabominable|Crabominite\n|move|p1b: Crabominable|Drain Punch|p2b: Archaludon\n|-supereffective|p2b: Archaludon|1\n|-crit|p2b: Archaludon\n|-damage|p2b: Archaludon|0 fnt\n|faint|p2b: Archaludon\n|move|p2a: Pelipper|Hurricane|p1b: Crabominable\n|-supereffective|p1b: Crabominable|1\n|-crit|p1b: Crabominable\n|-damage|p1b: Crabominable|6/100\n|-activate|p1a: Sinistcha|confusion\n|move|p1a: Sinistcha|Life Dew|p1a: Sinistcha|[spread] p1a,p1b\n|-heal|p1a: Sinistcha|43/100\n|-heal|p1b: Crabominable|31/100\n|\n|-weather|RainDance|[upkeep]\n|-heal|p2a: Pelipper|86/100|[from] item: Leftovers\n|-heal|p1a: Sinistcha|49/100|[from] item: Leftovers\n|upkeep\n|\n|t:|1775928316\n|switch|p2b: Greninja|Greninja-Mega, L50, F|100/100\n|turn|3\n|\n|t:|1775928326\n|move|p2b: Greninja|Water Shuriken|p1b: Crabominable\n|-start|p2b: Greninja|typechange|Water|[from] ability: Protean\n|-damage|p1b: Crabominable|20/100\n|-damage|p1b: Crabominable|9/100\n|-damage|p1b: Crabominable|0 fnt\n|faint|p1b: Crabominable\n|-hitcount|p1: Crabominable|3\n|move|p2a: Pelipper|Hurricane|p1a: Sinistcha\n|-supereffective|p1a: Sinistcha|1\n|-crit|p1a: Sinistcha\n|-damage|p1a: Sinistcha|0 fnt\n|faint|p1a: Sinistcha\n|\n|-weather|RainDance|[upkeep]\n|-heal|p2a: Pelipper|92/100|[from] item: Leftovers\n|upkeep\n|\n|t:|1775928333\n|switch|p1b: Basculegion|Basculegion, L50, M|100/100\n|switch|p1a: Incineroar|Incineroar, L50, F|100/100\n|-ability|p1a: Incineroar|Intimidate|boost\n|-unboost|p2a: Pelipper|atk|1\n|-unboost|p2b: Greninja|atk|1\n|turn|4\n|inactive|amongdripgoku has 30 seconds left.\n|\n|t:|1775928361\n|move|p2a: Pelipper|Protect|p2a: Pelipper\n|-singleturn|p2a: Pelipper|Protect\n|move|p1a: Incineroar|Fake Out|p2b: Greninja\n|-damage|p2b: Greninja|85/100\n|move|p1b: Basculegion|Last Respects|p2a: Pelipper\n|-activate|p2a: Pelipper|move: Protect\n|cant|p2b: Greninja|flinch\n|\n|-weather|RainDance|[upkeep]\n|-heal|p2a: Pelipper|98/100|[from] item: Leftovers\n|upkeep\n|turn|5\n|\n|t:|1775928382\n|move|p1a: Incineroar|Throat Chop|p2a: Pelipper\n|-damage|p2a: Pelipper|63/100\n|-start|p2a: Pelipper|Throat Chop|[silent]\n|move|p2a: Pelipper|Hurricane|p1b: Basculegion\n|-damage|p1b: Basculegion|56/100\n|move|p1b: Basculegion|Last Respects|p2b: Greninja\n|-damage|p2b: Greninja|0 fnt\n|faint|p2b: Greninja\n|\n|-weather|none\n|-heal|p2a: Pelipper|69/100|[from] item: Leftovers\n|-fieldend|move: Trick Room\n|upkeep\n|\n|t:|1775928389\n|switch|p2b: Whimsicott|Whimsicott, L50, F|100/100\n|turn|6\n|-message|amongdripgoku forfeited.\n|\n|win|Wizardaod\n|raw|Wizardaod's rating: 1118 &rarr; <strong>1137</strong><br />(+19 for winning)\n|raw|amongdripgoku's rating: 1040 &rarr; <strong>1028</strong><br />(-12 for losing)\n",
  "uploadtime": 1775928394,
  "views": 13,
  "formatid": "gen9championsvgc2026regma",
  "rating": 1028,
  "private": 0,
  "password": null
}