{
  "id": "gen9championsvgc2026regma-2586672295",
  "format": "[Gen 9 Champions] VGC 2026 Reg M-A",
  "players": [
    "runningdustfc",
    "danielhart"
  ],
  "log": "|j|\u2606runningdustfc\n|j|\u2606danielhart\n|t:|1776450950\n|gametype|doubles\n|player|p1|runningdustfc|mela|1044\n|player|p2|danielhart|policeman-gen4|1107\n|gen|9\n|tier|[Gen 9 Champions] VGC 2026 Reg M-A\n|rated|\n|rule|Species Clause: Limit one of each Pok\u00e9mon\n|rule|Item Clause: Limit 1 of each item\n|clearpoke\n|poke|p1|Gengar, L50, M|\n|poke|p1|Aegislash, L50, F|\n|poke|p1|Maushold-Four, L50|\n|poke|p1|Sneasler, L50, F|\n|poke|p1|Incineroar, L50, F|\n|poke|p1|Primarina, L50, F|\n|poke|p2|Zoroark-Hisui, L50, F|\n|poke|p2|Kommo-o, L50, M|\n|poke|p2|Sneasler, L50, M|\n|poke|p2|Skarmory, L50, F|\n|poke|p2|Whimsicott, L50, M|\n|poke|p2|Milotic, L50, F|\n|teampreview|4\n|\n|t:|1776450977\n|teamsize|p1|4\n|teamsize|p2|4\n|start\n|switch|p1a: Gengar|Gengar, L50, M|100/100\n|switch|p1b: Aegislash|Aegislash, L50, F|100/100\n|switch|p2a: Sneasler|Sneasler, L50, M|100/100\n|switch|p2b: Skarmory|Skarmory, L50, F|100/100\n|turn|1\n|\n|t:|1776451002\n|detailschange|p1a: Gengar|Gengar-Mega, L50, M\n|-mega|p1a: Gengar|Gengar|Gengarite\n|detailschange|p2b: Skarmory|Skarmory-Mega, L50, F\n|-mega|p2b: Skarmory|Skarmory|Skarmorite\n|move|p1a: Gengar|Protect|p1a: Gengar\n|-singleturn|p1a: Gengar|Protect\n|move|p2b: Skarmory|Brave Bird|p1a: Gengar\n|-activate|p1a: Gengar|move: Protect\n|move|p2a: Sneasler|Knock Off|p1b: Aegislash\n|-supereffective|p1b: Aegislash|1\n|-damage|p1b: Aegislash|63/100\n|-enditem|p1b: Aegislash|Leftovers|[from] move: Knock Off|[of] p2a: Sneasler\n|-formechange|p1b: Aegislash|Aegislash-Blade|\n|move|p1b: Aegislash|Shadow Ball|p2a: Sneasler\n|-immune|p2a: Sneasler\n|\n|upkeep\n|turn|2\n|\n|t:|1776451031\n|move|p1a: Gengar|Shadow Ball|p2b: Skarmory\n|-damage|p2b: Skarmory|41/100\n|move|p2a: Sneasler|Knock Off|p1a: Gengar\n|-supereffective|p1a: Gengar|1\n|-damage|p1a: Gengar|57/100\n|move|p2b: Skarmory|Brave Bird|p1a: Gengar\n|-damage|p1a: Gengar|0 fnt\n|faint|p1a: Gengar\n|-damage|p2b: Skarmory|23/100|[from] Recoil\n|move|p1b: Aegislash|Flash Cannon|p2a: Sneasler\n|-damage|p2a: Sneasler|0 fnt\n|replace|p2a: Zoroark|Zoroark-Hisui, L50, F\n|-end|p2a: Zoroark|Illusion\n|faint|p2a: Zoroark\n|\n|upkeep\n|\n|t:|1776451050\n|switch|p1a: Incineroar|Incineroar, L50, F|100/100\n|switch|p2a: Sneasler|Sneasler, L50, M|100/100\n|-ability|p1a: Incineroar|Intimidate|boost\n|-unboost|p2a: Sneasler|atk|1\n|-unboost|p2b: Skarmory|atk|1\n|-enditem|p2a: Sneasler|White Herb\n|-clearnegativeboost|p2a: Sneasler|[silent]\n|turn|3\n|\n|t:|1776451064\n|move|p2a: Sneasler|Protect|p2a: Sneasler\n|-singleturn|p2a: Sneasler|Protect\n|move|p2b: Skarmory|Protect|p2b: Skarmory\n|-singleturn|p2b: Skarmory|Protect\n|-formechange|p1b: Aegislash|Aegislash|\n|move|p1b: Aegislash|King's Shield|p1b: Aegislash\n|-singleturn|p1b: Aegislash|Protect\n|move|p1a: Incineroar|Fake Out|p2b: Skarmory\n|-activate|p2b: Skarmory|move: Protect\n|\n|upkeep\n|turn|4\n|\n|t:|1776451099\n|switch|p2b: Kommo-o|Kommo-o, L50, M|100/100\n|move|p2a: Sneasler|Close Combat|p1a: Incineroar\n|-supereffective|p1a: Incineroar|1\n|-damage|p1a: Incineroar|0 fnt\n|-unboost|p2a: Sneasler|def|1\n|-unboost|p2a: Sneasler|spd|1\n|faint|p1a: Incineroar\n|-formechange|p1b: Aegislash|Aegislash-Blade|\n|move|p1b: Aegislash|Shadow Ball|p2a: Sneasler\n|-damage|p2a: Sneasler|0 fnt\n|faint|p2a: Sneasler\n|\n|upkeep\n|\n|t:|1776451114\n|switch|p2a: Skarmory|Skarmory-Mega, L50, F|23/100\n|switch|p1a: Primarina|Primarina, L50, F|100/100\n|turn|5\n|\n|t:|1776451135\n|move|p2b: Kommo-o|Protect|p2b: Kommo-o\n|-singleturn|p2b: Kommo-o|Protect\n|-formechange|p1b: Aegislash|Aegislash|\n|move|p1b: Aegislash|King's Shield|p1b: Aegislash\n|-singleturn|p1b: Aegislash|Protect\n|move|p2a: Skarmory|Iron Head|p1a: Primarina\n|-damage|p1a: Primarina|42/100\n|move|p1a: Primarina|Perish Song|p1a: Primarina\n|-start|p1a: Primarina|perish3|[silent]\n|-start|p1b: Aegislash|perish3|[silent]\n|-start|p2a: Skarmory|perish3|[silent]\n|-immune|p2b: Kommo-o|[from] ability: Soundproof\n|-fieldactivate|move: Perish Song\n|\n|-start|p2a: Skarmory|perish3\n|-start|p1a: Primarina|perish3\n|-start|p1b: Aegislash|perish3\n|upkeep\n|turn|6\n|\n|t:|1776451158\n|move|p2a: Skarmory|Protect|p2a: Skarmory\n|-singleturn|p2a: Skarmory|Protect\n|move|p1a: Primarina|Protect|p1a: Primarina\n|-singleturn|p1a: Primarina|Protect\n|move|p2b: Kommo-o|Clanging Scales|p1a: Primarina|[spread] p1b\n|-activate|p1a: Primarina|move: Protect\n|-resisted|p1b: Aegislash|1\n|-damage|p1b: Aegislash|48/100\n|-unboost|p2b: Kommo-o|def|1\n|-formechange|p1b: Aegislash|Aegislash-Blade|\n|move|p1b: Aegislash|Shadow Ball|p2b: Kommo-o\n|-damage|p2b: Kommo-o|51/100\n|\n|-start|p2a: Skarmory|perish2\n|-start|p1a: Primarina|perish2\n|-start|p1b: Aegislash|perish2\n|upkeep\n|turn|7\n|\n|t:|1776451192\n|move|p2a: Skarmory|Iron Head|p1a: Primarina\n|-damage|p1a: Primarina|0 fnt\n|faint|p1a: Primarina\n|move|p2b: Kommo-o|Clanging Scales|p1b: Aegislash\n|-resisted|p1b: Aegislash|1\n|-damage|p1b: Aegislash|0 fnt\n|faint|p1b: Aegislash\n|\n|win|danielhart\n|raw|runningdustfc's rating: 1044 &rarr; <strong>1030</strong><br />(-14 for losing)\n|raw|danielhart's rating: 1107 &rarr; <strong>1128</strong><br />(+21 for winning)\n",
  "uploadtime": 1776451199,
  "views": 32,
  "formatid": "gen9championsvgc2026regma",
  "rating": 1030,
  "private": 0,
  "password": null
}