{
  "id": "gen9championsvgc2026regma-2583936311",
  "format": "[Gen 9 Champions] VGC 2026 Reg M-A",
  "players": [
    "Diyante",
    "retrojp"
  ],
  "log": "|j|\u2606Diyante\n|j|\u2606retrojp\n|t:|1776209808\n|gametype|doubles\n|player|p1|Diyante|florian-bb|1200\n|player|p2|retrojp|101|1187\n|gen|9\n|tier|[Gen 9 Champions] VGC 2026 Reg M-A\n|rated|\n|rule|Species Clause: Limit one of each Pok\u00e9mon\n|rule|Item Clause: Limit 1 of each item\n|clearpoke\n|poke|p1|Delphox, L50, F|\n|poke|p1|Clefable, L50, F|\n|poke|p1|Dragonite, L50, M|\n|poke|p1|Kingambit, L50, M|\n|poke|p1|Rotom-Mow, L50|\n|poke|p1|Sneasler, L50, F|\n|poke|p2|Aggron, L50, M|\n|poke|p2|Aerodactyl, L50, F|\n|poke|p2|Hydreigon, L50, F|\n|poke|p2|Tyranitar, L50, M|\n|poke|p2|Sneasler, L50, F|\n|poke|p2|Sinistcha, L50|\n|teampreview|4\n|\n|t:|1776209836\n|teamsize|p1|4\n|teamsize|p2|4\n|start\n|switch|p1a: Rotom|Rotom-Mow, L50|100/100\n|switch|p1b: Kingambit|Kingambit, L50, M|100/100\n|switch|p2a: Aerodactyl|Aerodactyl, L50, F|100/100\n|switch|p2b: Sneasler|Sneasler, L50, F|100/100\n|-ability|p2a: Aerodactyl|Unnerve\n|-ability|p2b: Sneasler|Pressure\n|turn|1\n|\n|t:|1776209867\n|move|p1b: Kingambit|Protect|p1b: Kingambit\n|-singleturn|p1b: Kingambit|Protect\n|move|p2b: Sneasler|Fake Out|p1b: Kingambit\n|-activate|p1b: Kingambit|move: Protect\n|move|p1a: Rotom|Volt Switch|p2a: Aerodactyl\n|-supereffective|p2a: Aerodactyl|1\n|-damage|p2a: Aerodactyl|17/100\n|\n|t:|1776209876\n|switch|p1a: Sneasler|Sneasler, L50, F|100/100|[from] Volt Switch\n|move|p2a: Aerodactyl|Ice Fang|p1a: Sneasler\n|-damage|p1a: Sneasler|64/100\n|\n|upkeep\n|turn|2\n|\n|t:|1776209892\n|move|p2a: Aerodactyl|Protect|p2a: Aerodactyl\n|-singleturn|p2a: Aerodactyl|Protect\n|move|p1a: Sneasler|Fake Out|p2b: Sneasler\n|-damage|p2b: Sneasler|76/100\n|move|p1b: Kingambit|Sucker Punch||[still]\n|-fail|p1b: Kingambit\n|cant|p2b: Sneasler|flinch\n|\n|upkeep\n|turn|3\n|\n|t:|1776209917\n|move|p1a: Sneasler|Protect|p1a: Sneasler\n|-singleturn|p1a: Sneasler|Protect\n|move|p1b: Kingambit|Sucker Punch|p2a: Aerodactyl\n|-crit|p2a: Aerodactyl\n|-damage|p2a: Aerodactyl|0 fnt\n|faint|p2a: Aerodactyl\n|move|p2b: Sneasler|Coaching|p2: Aerodactyl|[notarget]\n|-fail|p2b: Sneasler\n|\n|upkeep\n|\n|t:|1776209926\n|switch|p2a: Aggron|Aggron, L50, M|100/100\n|turn|4\n|\n|t:|1776209934\n|move|p2a: Aggron|Protect|p2a: Aggron\n|-singleturn|p2a: Aggron|Protect\n|move|p1b: Kingambit|Sucker Punch||[still]\n|-fail|p1b: Kingambit\n|move|p1a: Sneasler|Close Combat|p2a: Aggron\n|-activate|p2a: Aggron|move: Protect\n|move|p2b: Sneasler|Coaching|p2a: Aggron\n|-boost|p2a: Aggron|atk|1\n|-boost|p2a: Aggron|def|1\n|\n|upkeep\n|turn|5\n|\n|t:|1776209951\n|detailschange|p2a: Aggron|Aggron-Mega, L50, M\n|-mega|p2a: Aggron|Aggron|Aggronite\n|move|p1b: Kingambit|Sucker Punch||[still]\n|-fail|p1b: Kingambit\n|move|p1a: Sneasler|Close Combat|p2a: Aggron\n|-supereffective|p2a: Aggron|1\n|-damage|p2a: Aggron|73/100\n|-unboost|p1a: Sneasler|def|1\n|-unboost|p1a: Sneasler|spd|1\n|move|p2b: Sneasler|Coaching|p2a: Aggron\n|-boost|p2a: Aggron|atk|1\n|-boost|p2a: Aggron|def|1\n|move|p2a: Aggron|Iron Defense|p2a: Aggron\n|-boost|p2a: Aggron|def|2\n|\n|upkeep\n|turn|6\n|\n|t:|1776209975\n|move|p1b: Kingambit|Sucker Punch|p2a: Aggron\n|-damage|p2a: Aggron|65/100\n|move|p1a: Sneasler|Close Combat|p2a: Aggron\n|-supereffective|p2a: Aggron|1\n|-damage|p2a: Aggron|49/100\n|-unboost|p1a: Sneasler|def|1\n|-unboost|p1a: Sneasler|spd|1\n|-immune|p2a: Aggron\n|move|p2b: Sneasler|Close Combat|p1a: Sneasler\n|-resisted|p1a: Sneasler|1\n|-damage|p1a: Sneasler|0 fnt\n|-unboost|p2b: Sneasler|def|1\n|-unboost|p2b: Sneasler|spd|1\n|faint|p1a: Sneasler\n|move|p2a: Aggron|Body Press|p1b: Kingambit\n|-supereffective|p1b: Kingambit|2\n|-damage|p1b: Kingambit|0 fnt\n|faint|p1b: Kingambit\n|\n|upkeep\n|\n|t:|1776209981\n|switch|p1a: Delphox|Delphox, L50, F|100/100\n|switch|p1b: Rotom|Rotom-Mow, L50|100/100\n|turn|7\n|\n|t:|1776210016\n|detailschange|p1a: Delphox|Delphox-Mega, L50, F\n|-mega|p1a: Delphox|Delphox|Delphoxite\n|move|p2a: Aggron|Protect|p2a: Aggron\n|-singleturn|p2a: Aggron|Protect\n|move|p1b: Rotom|Thunderbolt|p2b: Sneasler\n|-damage|p2b: Sneasler|0 fnt\n|faint|p2b: Sneasler\n|move|p1a: Delphox|Heat Wave|p2a: Aggron\n|-activate|p2a: Aggron|move: Protect\n|\n|upkeep\n|\n|t:|1776210027\n|switch|p2b: Hydreigon|Hydreigon, L50, F|100/100\n|turn|8\n|\n|t:|1776210040\n|move|p1b: Rotom|Thunderbolt|p2a: Aggron\n|-damage|p2a: Aggron|9/100\n|move|p1a: Delphox|Heat Wave|p2b: Hydreigon|[spread] p2a,p2b\n|-supereffective|p2a: Aggron|1\n|-resisted|p2b: Hydreigon|1\n|-damage|p2a: Aggron|0 fnt\n|-damage|p2b: Hydreigon|76/100\n|faint|p2a: Aggron\n|move|p2b: Hydreigon|Dark Pulse|p1a: Delphox\n|-supereffective|p1a: Delphox|1\n|-damage|p1a: Delphox|20/100\n|\n|upkeep\n|turn|9\n|\n|t:|1776210052\n|move|p1a: Delphox|Protect|p1a: Delphox\n|-singleturn|p1a: Delphox|Protect\n|move|p1b: Rotom|Thunderbolt|p2b: Hydreigon\n|-resisted|p2b: Hydreigon|1\n|-damage|p2b: Hydreigon|52/100\n|move|p2b: Hydreigon|Dark Pulse|p1a: Delphox\n|-activate|p1a: Delphox|move: Protect\n|\n|upkeep\n|turn|10\n|\n|t:|1776210075\n|move|p1b: Rotom|Thunderbolt|p2b: Hydreigon\n|-resisted|p2b: Hydreigon|1\n|-damage|p2b: Hydreigon|29/100\n|move|p1a: Delphox|Heat Wave|p2b: Hydreigon\n|-resisted|p2b: Hydreigon|1\n|-damage|p2b: Hydreigon|0 fnt\n|faint|p2b: Hydreigon\n|\n|win|Diyante\n|raw|Diyante's rating: 1200 &rarr; <strong>1224</strong><br />(+24 for winning)\n|raw|retrojp's rating: 1187 &rarr; <strong>1163</strong><br />(-24 for losing)\n",
  "uploadtime": 1776210085,
  "views": 14,
  "formatid": "gen9championsvgc2026regma",
  "rating": 1163,
  "private": 0,
  "password": null
}