{
  "id": "gen9championsvgc2026regma-2585169444",
  "format": "[Gen 9 Champions] VGC 2026 Reg M-A",
  "players": [
    "JustBean",
    "Pinnecks"
  ],
  "log": "|j|\u2606JustBean\n|j|\u2606Pinnecks\n|t:|1776320431\n|gametype|doubles\n|player|p1|JustBean|ninjaboy|1114\n|player|p2|Pinnecks|lyra|1064\n|gen|9\n|tier|[Gen 9 Champions] VGC 2026 Reg M-A\n|rated|\n|rule|Species Clause: Limit one of each Pok\u00e9mon\n|rule|Item Clause: Limit 1 of each item\n|clearpoke\n|poke|p1|Froslass, L50, F|\n|poke|p1|Glimmora, L50, F|\n|poke|p1|Whimsicott, L50, M|\n|poke|p1|Incineroar, L50, M|\n|poke|p1|Basculegion, L50, M|\n|poke|p1|Decidueye-Hisui, L50, M|\n|poke|p2|Aerodactyl, L50, M|\n|poke|p2|Altaria, L50, F|\n|poke|p2|Milotic, L50, F|\n|poke|p2|Aegislash, L50, F|\n|poke|p2|Salazzle, L50, F|\n|poke|p2|Raichu-Alola, L50, F|\n|teampreview|4\n|\n|t:|1776320454\n|teamsize|p1|4\n|teamsize|p2|4\n|start\n|switch|p1a: Froslass|Froslass, L50, F|100/100\n|switch|p1b: Whimsicott|Whimsicott, L50, M|100/100\n|switch|p2a: Aerodactyl|Aerodactyl, L50, M|100/100\n|switch|p2b: Raichu|Raichu-Alola, L50, F|100/100\n|-ability|p2a: Aerodactyl|Unnerve\n|turn|1\n|inactive|Battle timer is ON: inactive players will automatically lose when time's up. (requested by Pinnecks)\n|\n|t:|1776320475\n|detailschange|p1a: Froslass|Froslass-Mega, L50, F\n|-mega|p1a: Froslass|Froslass|Froslassite\n|-weather|Snowscape|[from] ability: Snow Warning|[of] p1a: Froslass\n|move|p2a: Aerodactyl|Protect|p2a: Aerodactyl\n|-singleturn|p2a: Aerodactyl|Protect\n|move|p2b: Raichu|Fake Out|p1b: Whimsicott\n|-damage|p1b: Whimsicott|91/100\n|move|p1a: Froslass|Nasty Plot|p1a: Froslass\n|-boost|p1a: Froslass|spa|2\n|cant|p1b: Whimsicott|flinch\n|\n|-weather|Snowscape|[upkeep]\n|upkeep\n|turn|2\n|inactive|JustBean has 30 seconds left.\n|\n|t:|1776320509\n|switch|p2b: Altaria|Altaria, L50, F, shiny|100/100\n|-ability|p2b: Altaria|Cloud Nine\n|move|p2a: Aerodactyl|Tailwind|p2a: Aerodactyl\n|-sidestart|p2: Pinnecks|move: Tailwind\n|move|p1a: Froslass|Blizzard|p2a: Aerodactyl|[spread] p2b\n|-miss|p1a: Froslass|p2a: Aerodactyl\n|-supereffective|p2b: Altaria|2\n|-damage|p2b: Altaria|0 fnt\n|faint|p2b: Altaria\n|move|p1b: Whimsicott|Trick Room|p1b: Whimsicott\n|-fieldstart|move: Trick Room|[of] p1b: Whimsicott\n|\n|-weather|Snowscape|[upkeep]\n|upkeep\n|\n|t:|1776320524\n|switch|p2b: Aegislash|Aegislash, L50, F, shiny|100/100\n|turn|3\n|\n|t:|1776320538\n|switch|p1a: Basculegion|Basculegion, L50, M|100/100\n|move|p2b: Aegislash|Wide Guard|p2b: Aegislash\n|-singleturn|p2b: Aegislash|Wide Guard\n|move|p1b: Whimsicott|Taunt|p2b: Aegislash\n|-start|p2b: Aegislash|move: Taunt\n|-enditem|p2b: Aegislash|Mental Herb\n|-end|p2b: Aegislash|move: Taunt\n|move|p2a: Aerodactyl|Rock Slide|p1a: Basculegion|[spread] p1a,p1b\n|-damage|p1a: Basculegion|71/100\n|-damage|p1b: Whimsicott|58/100\n|\n|-weather|Snowscape|[upkeep]\n|upkeep\n|turn|4\n|\n|t:|1776320558\n|move|p1b: Whimsicott|Taunt|p2b: Aegislash\n|-start|p2b: Aegislash|move: Taunt\n|-formechange|p2b: Aegislash|Aegislash-Blade|\n|move|p2b: Aegislash|Poltergeist|p1a: Basculegion\n|-activate|p1a: Basculegion|move: Poltergeist|Choice Scarf\n|-supereffective|p1a: Basculegion|1\n|-damage|p1a: Basculegion|0 fnt\n|faint|p1a: Basculegion\n|move|p2a: Aerodactyl|Dual Wingbeat|p1b: Whimsicott|[miss]\n|-miss|p2a: Aerodactyl|p1b: Whimsicott\n|\n|-weather|Snowscape|[upkeep]\n|upkeep\n|\n|t:|1776320569\n|switch|p1a: Froslass|Froslass-Mega, L50, F|100/100\n|turn|5\n|\n|t:|1776320586\n|move|p1b: Whimsicott|Moonblast|p2a: Aerodactyl\n|-damage|p2a: Aerodactyl|45/100\n|move|p2b: Aegislash|Poltergeist|p1a: Froslass\n|-activate|p1a: Froslass|move: Poltergeist|Froslassite\n|-supereffective|p1a: Froslass|1\n|-damage|p1a: Froslass|0 fnt\n|faint|p1a: Froslass\n|move|p2a: Aerodactyl|Dual Wingbeat|p1b: Whimsicott\n|-supereffective|p1b: Whimsicott|1\n|-damage|p1b: Whimsicott|11/100\n|-supereffective|p1b: Whimsicott|1\n|-damage|p1b: Whimsicott|0 fnt\n|faint|p1b: Whimsicott\n|-hitcount|p1: Whimsicott|2\n|\n|-weather|none\n|-sideend|p2: Pinnecks|move: Tailwind\n|upkeep\n|\n|t:|1776320602\n|switch|p1a: Decidueye|Decidueye-Hisui, L50, M|100/100\n|turn|6\n|\n|t:|1776320610\n|switch|p2b: Raichu|Raichu-Alola, L50, F|100/100\n|move|p1a: Decidueye|Close Combat|p2b: Raichu\n|-resisted|p2b: Raichu|1\n|-crit|p2b: Raichu\n|-damage|p2b: Raichu|10/100\n|-unboost|p1a: Decidueye|def|1\n|-unboost|p1a: Decidueye|spd|1\n|move|p2a: Aerodactyl|Dual Wingbeat|p1a: Decidueye\n|-supereffective|p1a: Decidueye|2\n|-damage|p1a: Decidueye|0 fnt\n|faint|p1a: Decidueye\n|-hitcount|p1: Decidueye|1\n|\n|win|Pinnecks\n|raw|JustBean's rating: 1114 &rarr; <strong>1085</strong><br />(-29 for losing)\n|raw|Pinnecks's rating: 1064 &rarr; <strong>1099</strong><br />(+35 for winning)\n",
  "uploadtime": 1776320623,
  "views": 24,
  "formatid": "gen9championsvgc2026regma",
  "rating": 1085,
  "private": 0,
  "password": null
}