{
  "id": "gen9championsvgc2026regma-2583025480",
  "format": "[Gen 9 Champions] VGC 2026 Reg M-A",
  "players": [
    "Lurking29",
    "the same as here"
  ],
  "log": "|j|\u2606Lurking29\n|j|\u2606the same as here\n|t:|1776134443\n|gametype|doubles\n|player|p1|Lurking29|miku-ground|1094\n|player|p2|the same as here|janitor|1175\n|gen|9\n|tier|[Gen 9 Champions] VGC 2026 Reg M-A\n|rated|\n|rule|Species Clause: Limit one of each Pok\u00e9mon\n|rule|Item Clause: Limit 1 of each item\n|clearpoke\n|poke|p1|Drampa, L50, M|\n|poke|p1|Alakazam, L50, M|\n|poke|p1|Sinistcha, L50|\n|poke|p1|Pelipper, L50, F|\n|poke|p1|Scizor, L50, M|\n|poke|p1|Basculegion, L50, M|\n|poke|p2|Floette-Eternal, L50, F|\n|poke|p2|Sinistcha, L50|\n|poke|p2|Incineroar, L50, M|\n|poke|p2|Gyarados, L50, F|\n|poke|p2|Garchomp, L50, M|\n|poke|p2|Glimmora, L50, F|\n|teampreview|4\n|\n|t:|1776134472\n|teamsize|p1|4\n|teamsize|p2|4\n|start\n|switch|p1a: Pelipper|Pelipper, L50, F|100/100\n|switch|p1b: Scizor|Scizor, L50, M|100/100\n|switch|p2a: Ye old Gyara|Gyarados, L50, F|100/100\n|switch|p2b: Mini Flutter Mane|Floette-Eternal, L50, F|100/100\n|-weather|RainDance|[from] ability: Drizzle|[of] p1a: Pelipper\n|-ability|p2a: Ye old Gyara|Intimidate|boost\n|-unboost|p1a: Pelipper|atk|1\n|-unboost|p1b: Scizor|atk|1\n|turn|1\n|\n|t:|1776134488\n|switch|p2b: The difference|Incineroar, L50, M|100/100\n|-ability|p2b: The difference|Intimidate|boost\n|-unboost|p1a: Pelipper|atk|1\n|-unboost|p1b: Scizor|atk|1\n|detailschange|p1b: Scizor|Scizor-Mega, L50, M\n|-mega|p1b: Scizor|Scizor|Scizorite\n|move|p1a: Pelipper|Tailwind|p1a: Pelipper\n|-sidestart|p1: Lurking29|move: Tailwind\n|move|p1b: Scizor|Swords Dance|p1b: Scizor\n|-boost|p1b: Scizor|atk|2\n|move|p2a: Ye old Gyara|Taunt|p1a: Pelipper\n|-start|p1a: Pelipper|move: Taunt\n|\n|-weather|RainDance|[upkeep]\n|upkeep\n|turn|2\n|\n|t:|1776134518\n|move|p1b: Scizor|Protect|p1b: Scizor\n|-singleturn|p1b: Scizor|Protect\n|move|p2b: The difference|Fake Out|p1a: Pelipper\n|-damage|p1a: Pelipper|88/100\n|cant|p1a: Pelipper|flinch\n|move|p2a: Ye old Gyara|Waterfall|p1b: Scizor\n|-activate|p1b: Scizor|move: Protect\n|\n|-weather|RainDance|[upkeep]\n|upkeep\n|turn|3\n|\n|t:|1776134539\n|switch|p1b: Basculegion|Basculegion, L50, M, shiny|100/100\n|switch|p2b: Problems|Sinistcha, L50|100/100\n|move|p1a: Pelipper|Weather Ball|p2b: Problems\n|-resisted|p2b: Problems|1\n|-damage|p2b: Problems|75/100\n|move|p2a: Ye old Gyara|Waterfall|p1b: Basculegion\n|-resisted|p1b: Basculegion|1\n|-damage|p1b: Basculegion|65/100\n|\n|-weather|RainDance|[upkeep]\n|upkeep\n|turn|4\n|\n|t:|1776134563\n|switch|p2b: The difference|Incineroar, L50, M|100/100\n|-ability|p2b: The difference|Intimidate|boost\n|-unboost|p1a: Pelipper|atk|1\n|-unboost|p1b: Basculegion|atk|1\n|move|p1b: Basculegion|Wave Crash|p2a: Ye old Gyara\n|-resisted|p2a: Ye old Gyara|1\n|-damage|p2a: Ye old Gyara|61/100\n|-damage|p1b: Basculegion|52/100|[from] Recoil\n|move|p1a: Pelipper|Hurricane|p2a: Ye old Gyara\n|-damage|p2a: Ye old Gyara|30/100\n|-start|p2a: Ye old Gyara|confusion\n|-activate|p2a: Ye old Gyara|confusion\n|move|p2a: Ye old Gyara|Thunder Wave|p1b: Basculegion\n|-status|p1b: Basculegion|par\n|\n|-weather|RainDance|[upkeep]\n|-heal|p2a: Ye old Gyara|36/100|[from] item: Leftovers\n|-end|p1a: Pelipper|move: Taunt\n|-sideend|p1: Lurking29|move: Tailwind\n|upkeep\n|turn|5\n|\n|t:|1776134599\n|switch|p2a: Problems|Sinistcha, L50|75/100\n|move|p1b: Basculegion|Wave Crash|p2a: Problems\n|-resisted|p2a: Problems|1\n|-damage|p2a: Problems|38/100\n|-enditem|p2a: Problems|Sitrus Berry|[eat]\n|-heal|p2a: Problems|63/100|[from] item: Sitrus Berry\n|-damage|p1b: Basculegion|41/100 par|[from] Recoil\n|move|p1a: Pelipper|Weather Ball|p2b: The difference\n|-supereffective|p2b: The difference|1\n|-damage|p2b: The difference|2/100\n|move|p2b: The difference|Parting Shot|p1a: Pelipper\n|-unboost|p1a: Pelipper|atk|1\n|-unboost|p1a: Pelipper|spa|1\n|\n|t:|1776134611\n|switch|p2b: Mini Flutter Mane|Floette-Eternal, L50, F|100/100|[from] Parting Shot\n|\n|-weather|none\n|upkeep\n|turn|6\n|\n|t:|1776134675\n|detailschange|p2b: Mini Flutter Mane|Floette-Mega, L50, F\n|-mega|p2b: Mini Flutter Mane|Floette|Floettite\n|-ability|p2b: Mini Flutter Mane|Fairy Aura\n|move|p2b: Mini Flutter Mane|Moonblast|p1a: Pelipper\n|-damage|p1a: Pelipper|0 fnt\n|faint|p1a: Pelipper\n|move|p2a: Problems|Hex|p1b: Basculegion\n|-supereffective|p1b: Basculegion|1\n|-damage|p1b: Basculegion|0 fnt\n|faint|p1b: Basculegion\n|\n|upkeep\n|\n|t:|1776134685\n|switch|p1b: Sinistcha|Sinistcha, L50|100/100\n|switch|p1a: Scizor|Scizor-Mega, L50, M|100/100\n|turn|7\n|\n|t:|1776134695\n|switch|p2b: The difference|Incineroar, L50, M|2/100\n|-ability|p2b: The difference|Intimidate|boost\n|-unboost|p1a: Scizor|atk|1\n|-unboost|p1b: Sinistcha|atk|1\n|move|p1a: Scizor|Swords Dance|p1a: Scizor\n|-boost|p1a: Scizor|atk|2\n|move|p2a: Problems|Stun Spore|p1a: Scizor\n|-status|p1a: Scizor|par\n|move|p1b: Sinistcha|Matcha Gotcha|p2b: The difference|[spread] p2a,p2b\n|-resisted|p2a: Problems|1\n|-resisted|p2b: The difference|1\n|-damage|p2a: Problems|52/100\n|-damage|p2b: The difference|0 fnt\n|-status|p2a: Problems|brn\n|faint|p2b: The difference\n|\n|-damage|p2a: Problems|49/100 brn|[from] brn\n|upkeep\n|\n|t:|1776134707\n|switch|p2b: Ye old Gyara|Gyarados, L50, F|36/100\n|-ability|p2b: Ye old Gyara|Intimidate|boost\n|-unboost|p1a: Scizor|atk|1\n|-unboost|p1b: Sinistcha|atk|1\n|turn|8\n|\n|t:|1776134714\n|move|p2b: Ye old Gyara|Taunt|p1a: Scizor\n|-start|p1a: Scizor|move: Taunt\n|move|p2a: Problems|Hex|p1a: Scizor\n|-damage|p1a: Scizor|46/100 par\n|move|p1b: Sinistcha|Matcha Gotcha|p2b: Ye old Gyara|[spread] p2a,p2b\n|-resisted|p2a: Problems|1\n|-damage|p2a: Problems|39/100 brn\n|-damage|p2b: Ye old Gyara|19/100\n|cant|p1a: Scizor|move: Taunt|Swords Dance\n|\n|-heal|p2b: Ye old Gyara|25/100|[from] item: Leftovers\n|-damage|p2a: Problems|36/100 brn|[from] brn\n|upkeep\n|turn|9\n|\n|t:|1776134734\n|move|p1a: Scizor|Bullet Punch|p2a: Problems\n|-damage|p2a: Problems|0 fnt\n|faint|p2a: Problems\n|move|p2b: Ye old Gyara|Taunt|p1b: Sinistcha\n|-start|p1b: Sinistcha|move: Taunt\n|move|p1b: Sinistcha|Matcha Gotcha|p2b: Ye old Gyara\n|-damage|p2b: Ye old Gyara|4/100\n|\n|-heal|p2b: Ye old Gyara|10/100|[from] item: Leftovers\n|upkeep\n|\n|t:|1776134737\n|switch|p2a: Mini Flutter Mane|Floette-Mega, L50, F|100/100\n|-ability|p2a: Mini Flutter Mane|Fairy Aura\n|turn|10\n|\n|t:|1776134750\n|cant|p1a: Scizor|par\n|move|p2a: Mini Flutter Mane|Dazzling Gleam|p1b: Sinistcha|[spread] p1a,p1b\n|-resisted|p1a: Scizor|1\n|-damage|p1a: Scizor|20/100 par\n|-damage|p1b: Sinistcha|53/100\n|move|p2b: Ye old Gyara|Waterfall|p1a: Scizor\n|-damage|p1a: Scizor|0 fnt\n|faint|p1a: Scizor\n|move|p1b: Sinistcha|Matcha Gotcha|p2a: Mini Flutter Mane|[spread] p2a,p2b\n|-damage|p2a: Mini Flutter Mane|81/100\n|-heal|p1b: Sinistcha|62/100|[from] drain|[of] p2a: Mini Flutter Mane\n|-damage|p2b: Ye old Gyara|0 fnt\n|-heal|p1b: Sinistcha|67/100|[from] drain|[of] p2b: Ye old Gyara\n|-status|p2a: Mini Flutter Mane|brn\n|faint|p2b: Ye old Gyara\n|\n|-damage|p2a: Mini Flutter Mane|75/100 brn|[from] brn\n|upkeep\n|turn|11\n|c|\u2606Lurking29|I have never seen gyara with taunt in my life\n|c|\u2606Lurking29|gg\n|c|\u2606the same as here|ggs\n|\n|t:|1776134774\n|move|p2a: Mini Flutter Mane|Moonblast|p1b: Sinistcha\n|-damage|p1b: Sinistcha|0 fnt\n|faint|p1b: Sinistcha\n|\n|win|the same as here\n|raw|Lurking29's rating: 1094 &rarr; <strong>1075</strong><br />(-19 for losing)\n|raw|the same as here's rating: 1175 &rarr; <strong>1194</strong><br />(+19 for winning)\n",
  "uploadtime": 1776134780,
  "views": 12,
  "formatid": "gen9championsvgc2026regma",
  "rating": 1075,
  "private": 0,
  "password": null
}