{
  "id": "gen9championsvgc2026regma-2588586193",
  "format": "[Gen 9 Champions] VGC 2026 Reg M-A",
  "players": [
    "shangenb1",
    "meowski_007"
  ],
  "log": "|j|\u2606shangenb1\n|j|\u2606meowski_007\n|t:|1776647550\n|gametype|doubles\n|player|p1|shangenb1|1|1000\n|player|p2|meowski_007|n|1098\n|gen|9\n|tier|[Gen 9 Champions] VGC 2026 Reg M-A\n|rated|\n|rule|Species Clause: Limit one of each Pok\u00e9mon\n|rule|Item Clause: Limit 1 of each item\n|clearpoke\n|poke|p1|Floette-Eternal, L50, F|\n|poke|p1|Garchomp, L50, M|\n|poke|p1|Sneasler, L50, F|\n|poke|p1|Basculegion-F, L50, F|\n|poke|p1|Aerodactyl, L50, M|\n|poke|p1|Incineroar, L50, M|\n|poke|p2|Tyranitar, L50, M|\n|poke|p2|Zoroark-Hisui, L50, M|\n|poke|p2|Farigiraf, L50, F, shiny|\n|poke|p2|Rotom-Wash, L50|\n|poke|p2|Excadrill, L50, F|\n|poke|p2|Glimmora, L50, M|\n|teampreview|4\n|inactive|Battle timer is ON: inactive players will automatically lose when time's up. (requested by shangenb1)\n|inactive|shangenb1 has 60 seconds left.\n|\n|t:|1776647609\n|teamsize|p1|4\n|teamsize|p2|4\n|start\n|switch|p1a: Floette|Floette-Eternal, L50, F|100/100\n|switch|p1b: Aerodactyl|Aerodactyl, L50, M|100/100\n|switch|p2a: Farigiraf|Farigiraf, L50, F, shiny|100/100\n|switch|p2b: Rotom|Rotom-Wash, L50|100/100\n|-ability|p1b: Aerodactyl|Unnerve\n|turn|1\n|\n|t:|1776647636\n|detailschange|p1a: Floette|Floette-Mega, L50, F\n|-mega|p1a: Floette|Floette|Floettite\n|-ability|p1a: Floette|Fairy Aura\n|move|p1b: Aerodactyl|Tailwind|p1b: Aerodactyl\n|-sidestart|p1: shangenb1|move: Tailwind\n|move|p1a: Floette|Dazzling Gleam|p2a: Farigiraf|[spread] p2a,p2b\n|-damage|p2a: Farigiraf|55/100\n|-damage|p2b: Rotom|1/100\n|replace|p2b: Zoroark|Zoroark-Hisui, L50, M\n|-end|p2b: Zoroark|Illusion\n|move|p2b: Zoroark|Sludge Bomb|p1a: Floette\n|-supereffective|p1a: Floette|1\n|-damage|p1a: Floette|57/100\n|move|p2a: Farigiraf|Trick Room|p2a: Farigiraf\n|-fieldstart|move: Trick Room|[of] p2a: Farigiraf\n|\n|upkeep\n|turn|2\n|inactive|shangenb1 has 30 seconds left.\n|inactive|meowski_007 has 30 seconds left.\n|inactive|meowski_007 has 20 seconds left.\n|\n|t:|1776647680\n|switch|p2a: Glimmora|Glimmora, L50, M|100/100\n|move|p1a: Floette|Protect|p1a: Floette\n|-singleturn|p1a: Floette|Protect\n|move|p2b: Zoroark|U-turn|p1a: Floette\n|-activate|p1a: Floette|move: Protect\n|move|p1b: Aerodactyl|Rock Slide|p2a: Glimmora|[spread] p2a,p2b\n|-damage|p2a: Glimmora|74/100\n|-damage|p2b: Zoroark|0 fnt\n|-activate|p2a: Glimmora|ability: Toxic Debris\n|-sidestart|p1: shangenb1|move: Toxic Spikes\n|faint|p2b: Zoroark\n|\n|upkeep\n|\n|t:|1776647692\n|switch|p2b: Rotom|Rotom-Wash, L50|100/100\n|turn|3\n|\n|t:|1776647706\n|switch|p1a: Garchomp|Garchomp, L50, M|100/100\n|-status|p1a: Garchomp|psn\n|detailschange|p2a: Glimmora|Glimmora-Mega, L50, M\n|-mega|p2a: Glimmora|Glimmora|Glimmoranite\n|move|p2a: Glimmora|Sludge Bomb|p1a: Garchomp\n|-resisted|p1a: Garchomp|1\n|-damage|p1a: Garchomp|61/100 psn\n|move|p2b: Rotom|Thunderbolt|p1b: Aerodactyl\n|-supereffective|p1b: Aerodactyl|1\n|-enditem|p1b: Aerodactyl|Focus Sash\n|-damage|p1b: Aerodactyl|1/100\n|move|p1b: Aerodactyl|Rock Slide|p2a: Glimmora|[spread] p2b\n|-miss|p1b: Aerodactyl|p2a: Glimmora\n|-damage|p2b: Rotom|75/100\n|\n|-damage|p1a: Garchomp|49/100 psn|[from] psn\n|upkeep\n|turn|4\n|inactive|shangenb1 has 30 seconds left.\n|inactive|meowski_007 has 30 seconds left.\n|\n|t:|1776647739\n|switch|p2b: Farigiraf|Farigiraf, L50, F, shiny|55/100\n|move|p2a: Glimmora|Spiky Shield|p2a: Glimmora\n|-singleturn|p2a: Glimmora|move: Protect\n|move|p1b: Aerodactyl|Protect|p1b: Aerodactyl\n|-singleturn|p1b: Aerodactyl|Protect\n|move|p1a: Garchomp|Stomping Tantrum|p2a: Glimmora\n|-activate|p2a: Glimmora|move: Protect\n|-damage|p1a: Garchomp|36/100 psn|[from] Spiky Shield|[of] p2a: Glimmora\n|\n|-damage|p1a: Garchomp|24/100 psn|[from] psn\n|-sideend|p1: shangenb1|move: Tailwind\n|upkeep\n|turn|5\n|inactive|meowski_007 has 30 seconds left.\n|inactive|meowski_007 has 20 seconds left.\n|inactive|meowski_007 has 15 seconds left.\n|inactive|meowski_007 has 10 seconds left.\n|\n|t:|1776647784\n|switch|p2a: Rotom|Rotom-Wash, L50|75/100\n|switch|p1a: Incineroar|Incineroar, L50, M|100/100\n|-status|p1a: Incineroar|psn\n|-ability|p1a: Incineroar|Intimidate|boost\n|-unboost|p2a: Rotom|atk|1\n|-unboost|p2b: Farigiraf|atk|1\n|move|p2b: Farigiraf|Twin Beam|p1b: Aerodactyl\n|-damage|p1b: Aerodactyl|0 fnt\n|faint|p1b: Aerodactyl\n|-hitcount|p1: Aerodactyl|1\n|\n|-damage|p1a: Incineroar|88/100 psn|[from] psn\n|-fieldend|move: Trick Room\n|upkeep\n|\n|t:|1776647800\n|switch|p1b: Floette|Floette-Mega, L50, F|57/100\n|-status|p1b: Floette|psn\n|-ability|p1b: Floette|Fairy Aura\n|turn|6\n|\n|t:|1776647819\n|switch|p2b: Glimmora|Glimmora-Mega, L50, M|74/100\n|move|p2a: Rotom|Hydro Pump|p1a: Incineroar|[miss]\n|-miss|p2a: Rotom|p1a: Incineroar\n|move|p1b: Floette|Moonblast|p2a: Rotom\n|-damage|p2a: Rotom|0 fnt\n|faint|p2a: Rotom\n|move|p1a: Incineroar|Throat Chop|p2b: Glimmora\n|-damage|p2b: Glimmora|42/100\n|-start|p2b: Glimmora|Throat Chop|[silent]\n|\n|-damage|p1b: Floette|45/100 psn|[from] psn\n|-damage|p1a: Incineroar|76/100 psn|[from] psn\n|upkeep\n|\n|t:|1776647830\n|switch|p2a: Farigiraf|Farigiraf, L50, F, shiny|55/100\n|turn|7\n|\n|t:|1776647851\n|move|p1b: Floette|Protect|p1b: Floette\n|-singleturn|p1b: Floette|Protect\n|move|p2a: Farigiraf|Protect|p2a: Farigiraf\n|-singleturn|p2a: Farigiraf|Protect\n|move|p2b: Glimmora|Sludge Bomb|p1b: Floette\n|-activate|p1b: Floette|move: Protect\n|move|p1a: Incineroar|Throat Chop|p2a: Farigiraf\n|-activate|p2a: Farigiraf|move: Protect\n|\n|-damage|p1b: Floette|33/100 psn|[from] psn\n|-damage|p1a: Incineroar|63/100 psn|[from] psn\n|-end|p2b: Glimmora|Throat Chop|[silent]\n|upkeep\n|turn|8\n|\n|t:|1776647874\n|move|p2b: Glimmora|Sludge Bomb|p1b: Floette\n|-supereffective|p1b: Floette|1\n|-damage|p1b: Floette|0 fnt\n|faint|p1b: Floette\n|move|p1a: Incineroar|Throat Chop|p2a: Farigiraf\n|-supereffective|p2a: Farigiraf|1\n|-damage|p2a: Farigiraf|8/100\n|-start|p2a: Farigiraf|Throat Chop|[silent]\n|move|p2a: Farigiraf|Twin Beam|p1a: Incineroar\n|-immune|p1a: Incineroar\n|\n|-damage|p1a: Incineroar|51/100 psn|[from] psn\n|upkeep\n|\n|t:|1776647886\n|switch|p1b: Garchomp|Garchomp, L50, M|24/100 psn\n|turn|9\n|\n|t:|1776647895\n|move|p1b: Garchomp|Protect|p1b: Garchomp\n|-singleturn|p1b: Garchomp|Protect\n|move|p2b: Glimmora|Spiky Shield|p2b: Glimmora\n|-singleturn|p2b: Glimmora|move: Protect\n|move|p2a: Farigiraf|Protect|p2a: Farigiraf\n|-singleturn|p2a: Farigiraf|Protect\n|move|p1a: Incineroar|Throat Chop|p2a: Farigiraf\n|-activate|p2a: Farigiraf|move: Protect\n|\n|-damage|p1b: Garchomp|12/100 psn|[from] psn\n|-damage|p1a: Incineroar|39/100 psn|[from] psn\n|-end|p2a: Farigiraf|Throat Chop|[silent]\n|upkeep\n|-enditem|p1a: Incineroar|Sitrus Berry|[eat]\n|-heal|p1a: Incineroar|63/100 psn|[from] item: Sitrus Berry\n|turn|10\n|\n|t:|1776647914\n|move|p1b: Garchomp|Stomping Tantrum|p2b: Glimmora\n|-supereffective|p2b: Glimmora|2\n|-damage|p2b: Glimmora|0 fnt\n|faint|p2b: Glimmora\n|move|p1a: Incineroar|Throat Chop|p2a: Farigiraf\n|-supereffective|p2a: Farigiraf|1\n|-damage|p2a: Farigiraf|0 fnt\n|faint|p2a: Farigiraf\n|\n|win|shangenb1\n|raw|shangenb1's rating: 1000 &rarr; <strong>1051</strong><br />(+51 for winning)\n|raw|meowski_007's rating: 1098 &rarr; <strong>1067</strong><br />(-31 for losing)\n",
  "uploadtime": 1776647923,
  "views": 6,
  "formatid": "gen9championsvgc2026regma",
  "rating": 1051,
  "private": 0,
  "password": null
}