{
  "id": "gen9championsvgc2026regma-2582937732",
  "format": "[Gen 9 Champions] VGC 2026 Reg M-A",
  "players": [
    "disciple of blahaj",
    "itszachstone"
  ],
  "log": "|j|\u2606disciple of blahaj\n|j|\u2606itszachstone\n|t:|1776126642\n|gametype|doubles\n|player|p1|disciple of blahaj|jacinthe|1235\n|player|p2|itszachstone|flannery|1180\n|gen|9\n|tier|[Gen 9 Champions] VGC 2026 Reg M-A\n|rated|\n|rule|Species Clause: Limit one of each Pok\u00e9mon\n|rule|Item Clause: Limit 1 of each item\n|clearpoke\n|poke|p1|Meganium, L50, F|\n|poke|p1|Pelipper, L50, M|\n|poke|p1|Archaludon, L50, M|\n|poke|p1|Sneasler, L50, M|\n|poke|p1|Basculegion, L50, M|\n|poke|p1|Garchomp, L50, M|\n|poke|p2|Scizor, L50, F|\n|poke|p2|Whimsicott, L50, M|\n|poke|p2|Kingambit, L50, F|\n|poke|p2|Pelipper, L50, F|\n|poke|p2|Sneasler, L50, F|\n|poke|p2|Talonflame, L50, M|\n|teampreview|4\n|inactive|Battle timer is ON: inactive players will automatically lose when time's up. (requested by itszachstone)\n|inactive|disciple of blahaj has 60 seconds left.\n|\n|t:|1776126699\n|teamsize|p1|4\n|teamsize|p2|4\n|start\n|switch|p1a: Sneasler|Sneasler, L50, M, shiny|100/100\n|switch|p1b: Basculegion|Basculegion, L50, M|100/100\n|switch|p2a: Sneasler|Sneasler, L50, F|100/100\n|switch|p2b: Kingambit|Kingambit, L50, F|100/100\n|turn|1\n|\n|t:|1776126724\n|switch|p1b: Garchomp|Garchomp, L50, M|100/100\n|move|p2a: Sneasler|Fake Out|p1a: Sneasler\n|-damage|p1a: Sneasler|74/100\n|move|p2b: Kingambit|Sucker Punch||[still]\n|-fail|p2b: Kingambit\n|cant|p1a: Sneasler|flinch\n|\n|upkeep\n|turn|2\n|inactive|disciple of blahaj has 30 seconds left.\n|inactive|disciple of blahaj has 20 seconds left.\n|inactive|disciple of blahaj has 15 seconds left.\n|inactive|disciple of blahaj has 10 seconds left.\n|\n|t:|1776126773\n|switch|p2b: Pelipper|Pelipper, L50, F|100/100\n|-weather|RainDance|[from] ability: Drizzle|[of] p2b: Pelipper\n|move|p2a: Sneasler|Protect|p2a: Sneasler\n|-singleturn|p2a: Sneasler|Protect\n|move|p1a: Sneasler|Close Combat|p2b: Pelipper\n|-resisted|p2b: Pelipper|1\n|-damage|p2b: Pelipper|57/100\n|-unboost|p1a: Sneasler|def|1\n|-unboost|p1a: Sneasler|spd|1\n|-enditem|p1a: Sneasler|White Herb\n|-clearnegativeboost|p1a: Sneasler|[silent]\n|move|p1b: Garchomp|Stomping Tantrum|p2a: Sneasler\n|-activate|p2a: Sneasler|move: Protect\n|\n|-weather|RainDance|[upkeep]\n|upkeep\n|turn|3\n|inactive|disciple of blahaj has 30 seconds left.\n|inactive|itszachstone has 30 seconds left.\n|inactive|disciple of blahaj has 20 seconds left.\n|inactive|disciple of blahaj has 15 seconds left.\n|inactive|disciple of blahaj has 10 seconds left.\n|inactive|disciple of blahaj has 5 seconds left.\n|\n|t:|1776126824\n|switch|p2a: Whimsicott|Whimsicott, L50, M|100/100\n|move|p1a: Sneasler|Dire Claw|p2a: Whimsicott\n|-supereffective|p2a: Whimsicott|2\n|-enditem|p2a: Whimsicott|Focus Sash\n|-damage|p2a: Whimsicott|1/100\n|-status|p2a: Whimsicott|par\n|move|p2b: Pelipper|Ice Beam|p1b: Garchomp\n|-supereffective|p1b: Garchomp|2\n|-damage|p1b: Garchomp|0 fnt\n|faint|p1b: Garchomp\n|\n|-weather|RainDance|[upkeep]\n|upkeep\n|\n|t:|1776126837\n|switch|p1b: Basculegion|Basculegion, L50, M|100/100\n|turn|4\n|\n|t:|1776126857\n|switch|p2b: Sneasler|Sneasler, L50, F|100/100\n|move|p2a: Whimsicott|Protect|p2a: Whimsicott\n|-singleturn|p2a: Whimsicott|Protect\n|move|p1b: Basculegion|Aqua Jet|p2a: Whimsicott\n|-activate|p2a: Whimsicott|move: Protect\n|move|p1a: Sneasler|Dire Claw|p2b: Sneasler\n|-resisted|p2b: Sneasler|1\n|-damage|p2b: Sneasler|62/100\n|\n|-weather|RainDance|[upkeep]\n|upkeep\n|turn|5\n|\n|t:|1776126875\n|switch|p2a: Pelipper|Pelipper, L50, F|57/100\n|move|p2b: Sneasler|Fake Out|p1a: Sneasler\n|-damage|p1a: Sneasler|49/100\n|move|p1b: Basculegion|Aqua Jet|p2a: Pelipper\n|-resisted|p2a: Pelipper|1\n|-damage|p2a: Pelipper|29/100\n|cant|p1a: Sneasler|flinch\n|\n|-weather|RainDance|[upkeep]\n|upkeep\n|turn|6\n|\n|t:|1776126887\n|move|p1b: Basculegion|Aqua Jet|p2b: Sneasler\n|-damage|p2b: Sneasler|0 fnt\n|faint|p2b: Sneasler\n|move|p1a: Sneasler|Dire Claw|p2a: Pelipper\n|-damage|p2a: Pelipper|0 fnt\n|faint|p2a: Pelipper\n|\n|-weather|none\n|upkeep\n|\n|t:|1776126890\n|switch|p2b: Whimsicott|Whimsicott, L50, M|1/100 par\n|switch|p2a: Kingambit|Kingambit, L50, F|100/100\n|turn|7\n|\n|t:|1776126904\n|move|p2a: Kingambit|Protect|p2a: Kingambit\n|-singleturn|p2a: Kingambit|Protect\n|move|p1b: Basculegion|Aqua Jet|p2b: Whimsicott\n|-resisted|p2b: Whimsicott|1\n|-damage|p2b: Whimsicott|0 fnt\n|faint|p2b: Whimsicott\n|move|p1a: Sneasler|Close Combat|p2a: Kingambit\n|-activate|p2a: Kingambit|move: Protect\n|\n|upkeep\n|turn|8\n|\n|t:|1776126912\n|move|p1b: Basculegion|Aqua Jet|p2a: Kingambit\n|-damage|p2a: Kingambit|78/100\n|move|p2a: Kingambit|Sucker Punch|p1a: Sneasler\n|-resisted|p1a: Sneasler|1\n|-damage|p1a: Sneasler|6/100\n|move|p1a: Sneasler|Close Combat|p2a: Kingambit\n|-supereffective|p2a: Kingambit|2\n|-damage|p2a: Kingambit|0 fnt\n|-unboost|p1a: Sneasler|def|1\n|-unboost|p1a: Sneasler|spd|1\n|faint|p2a: Kingambit\n|\n|win|disciple of blahaj\n|raw|disciple of blahaj's rating: 1235 &rarr; <strong>1256</strong><br />(+21 for winning)\n|raw|itszachstone's rating: 1180 &rarr; <strong>1159</strong><br />(-21 for losing)\n|l|\u2606itszachstone\n|player|p2|\n",
  "uploadtime": 1776126926,
  "views": 13,
  "formatid": "gen9championsvgc2026regma",
  "rating": 1159,
  "private": 0,
  "password": null
}