{
  "id": "gen9championsvgc2026regma-2582315246",
  "format": "[Gen 9 Champions] VGC 2026 Reg M-A",
  "players": [
    "novathehybrid",
    "Kanna Kun"
  ],
  "log": "|j|\u2606novathehybrid\n|j|\u2606Kanna Kun\n|t:|1776082613\n|gametype|doubles\n|player|p1|novathehybrid|1|1092\n|player|p2|Kanna Kun|101|1000\n|gen|9\n|tier|[Gen 9 Champions] VGC 2026 Reg M-A\n|rated|\n|rule|Species Clause: Limit one of each Pok\u00e9mon\n|rule|Item Clause: Limit 1 of each item\n|clearpoke\n|poke|p1|Pelipper, L50, M|\n|poke|p1|Archaludon, L50, F|\n|poke|p1|Blastoise, L50, F|\n|poke|p1|Sinistcha, L50|\n|poke|p1|Palafin, L50, F|\n|poke|p1|Garchomp, L50, M|\n|poke|p2|Starmie, L50|\n|poke|p2|Garchomp, L50, M|\n|poke|p2|Aegislash, L50, M|\n|poke|p2|Rotom-Heat, L50|\n|poke|p2|Tyranitar, L50, F|\n|poke|p2|Aerodactyl, L50, M|\n|teampreview|4\n|inactive|Battle timer is ON: inactive players will automatically lose when time's up. (requested by novathehybrid)\nnovathehybrid rejected open team sheets.\n|inactive|Kanna Kun has 60 seconds left.\n|\n|t:|1776082654\n|teamsize|p1|4\n|teamsize|p2|4\n|start\n|switch|p1a: Pelipper|Pelipper, L50, M|100/100\n|switch|p1b: Archaludon|Archaludon, L50, F|100/100\n|switch|p2a: Starmie|Starmie, L50|100/100\n|switch|p2b: Garchomp|Garchomp, L50, M|100/100\n|-weather|RainDance|[from] ability: Drizzle|[of] p1a: Pelipper\n|turn|1\n|inactive|novathehybrid has 30 seconds left.\n|\n|t:|1776082680\n|switch|p2b: Tyranitar|Tyranitar, L50, F|100/100\n|-weather|Sandstorm|[from] ability: Sand Stream|[of] p2b: Tyranitar\n|detailschange|p2a: Starmie|Starmie-Mega, L50\n|-mega|p2a: Starmie|Starmie|Starminite\n|move|p2a: Starmie|Skill Swap|p2b: Tyranitar\n|-activate|p2a: Starmie|Skill Swap|||[of] p2b: Tyranitar\n|move|p1b: Archaludon|Electro Shot||[still]\n|-prepare|p1b: Archaludon|Electro Shot\n|-boost|p1b: Archaludon|spa|1\n|move|p1a: Pelipper|Tailwind|p1a: Pelipper\n|-sidestart|p1: novathehybrid|move: Tailwind\n|\n|-weather|Sandstorm|[upkeep]\n|-damage|p2a: Starmie|95/100|[from] Sandstorm\n|-damage|p1a: Pelipper|95/100|[from] Sandstorm\n|upkeep\n|turn|2\n|c|\u2606novathehybrid|hah\n|c|\u2606novathehybrid|fun team\n|\n|t:|1776082703\n|switch|p2a: Garchomp|Garchomp, L50, M|100/100\n|switch|p1a: Sinistcha|Sinistcha, L50|100/100\n|move|p1b: Archaludon|Electro Shot|p2a: Garchomp|[from] lockedmove\n|-immune|p2a: Garchomp\n|move|p2b: Tyranitar|Rock Slide|p1a: Sinistcha|[spread] p1a,p1b\n|-resisted|p1b: Archaludon|1\n|-damage|p1a: Sinistcha|43/100\n|-damage|p1b: Archaludon|77/100\n|-ability|p1b: Archaludon|Stamina|boost\n|-boost|p1b: Archaludon|def|1\n|-enditem|p1a: Sinistcha|Sitrus Berry|[eat]\n|-heal|p1a: Sinistcha|67/100|[from] item: Sitrus Berry\n|\n|-weather|Sandstorm|[upkeep]\n|-damage|p1a: Sinistcha|61/100|[from] Sandstorm\n|upkeep\n|turn|3\n|inactive|Kanna Kun has 30 seconds left.\n|\n|t:|1776082732\n|switch|p2a: Rotom|Rotom-Heat, L50|100/100\n|move|p1b: Archaludon|Draco Meteor|p2a: Rotom\n|-damage|p2a: Rotom|16/100\n|-unboost|p1b: Archaludon|spa|2\n|-enditem|p2a: Rotom|Sitrus Berry|[eat]\n|-heal|p2a: Rotom|41/100|[from] item: Sitrus Berry\n|-enditem|p1b: Archaludon|White Herb\n|-clearnegativeboost|p1b: Archaludon|[silent]\n|move|p1a: Sinistcha|Matcha Gotcha|p2b: Tyranitar|[spread] \n|-miss|p1a: Sinistcha|p2a: Rotom\n|-miss|p1a: Sinistcha|p2b: Tyranitar\n|move|p2b: Tyranitar|Rock Slide|p1b: Archaludon|[spread] p1a,p1b\n|-resisted|p1b: Archaludon|1\n|-damage|p1a: Sinistcha|0 fnt\n|-damage|p1b: Archaludon|60/100\n|-ability|p1b: Archaludon|Stamina|boost\n|-boost|p1b: Archaludon|def|1\n|faint|p1a: Sinistcha\n|\n|-weather|Sandstorm|[upkeep]\n|-damage|p2a: Rotom|35/100|[from] Sandstorm\n|upkeep\n|c|\u2606novathehybrid|man\n|\n|t:|1776082755\n|switch|p1a: Pelipper|Pelipper, L50, M|95/100\n|-weather|RainDance|[from] ability: Drizzle|[of] p1a: Pelipper\n|turn|4\n|c|\u2606Kanna Kun|rip\n|c|\u2606novathehybrid|its ok earlier i missed both and got double crit and flinched by rock slide\n|inactive|novathehybrid has 30 seconds left.\n|inactive|novathehybrid has 20 seconds left.\n|inactive|novathehybrid has 15 seconds left.\n|\n|t:|1776082795\n|switch|p2b: Garchomp|Garchomp, L50, M|100/100\n|move|p1b: Archaludon|Draco Meteor|p2b: Garchomp\n|-supereffective|p2b: Garchomp|1\n|-damage|p2b: Garchomp|0 fnt\n|-unboost|p1b: Archaludon|spa|2\n|faint|p2b: Garchomp\n|move|p1a: Pelipper|Hurricane|p2a: Rotom\n|-resisted|p2a: Rotom|1\n|-damage|p2a: Rotom|19/100\n|move|p2a: Rotom|Thunderbolt|p1a: Pelipper\n|-supereffective|p1a: Pelipper|2\n|-damage|p1a: Pelipper|0 fnt\n|faint|p1a: Pelipper\n|\n|-weather|RainDance|[upkeep]\n|-sideend|p1: novathehybrid|move: Tailwind\n|upkeep\n|\n|t:|1776082812\n|switch|p2b: Tyranitar|Tyranitar, L50, F|100/100\n|switch|p1a: Blastoise|Blastoise, L50, F|100/100\n|-weather|Sandstorm|[from] ability: Sand Stream|[of] p2b: Tyranitar\n|turn|5\n|\n|t:|1776082834\n|detailschange|p1a: Blastoise|Blastoise-Mega, L50, F\n|-mega|p1a: Blastoise|Blastoise|Blastoisinite\n|move|p2a: Rotom|Helping Hand|p2b: Tyranitar\n|-singleturn|p2b: Tyranitar|Helping Hand|[of] p2a: Rotom\n|move|p1a: Blastoise|Water Spout|p2b: Tyranitar|[spread] p2a,p2b\n|-supereffective|p2a: Rotom|1\n|-supereffective|p2b: Tyranitar|1\n|-damage|p2a: Rotom|0 fnt\n|-damage|p2b: Tyranitar|27/100\n|faint|p2a: Rotom\n|move|p2b: Tyranitar|Superpower|p1b: Archaludon\n|-supereffective|p1b: Archaludon|1\n|-damage|p1b: Archaludon|14/100\n|-unboost|p2b: Tyranitar|atk|1\n|-unboost|p2b: Tyranitar|def|1\n|-ability|p1b: Archaludon|Stamina|boost\n|-boost|p1b: Archaludon|def|1\n|move|p1b: Archaludon|Aura Sphere|p2b: Tyranitar\n|-supereffective|p2b: Tyranitar|2\n|-damage|p2b: Tyranitar|0 fnt\n|faint|p2b: Tyranitar\n|\n|-weather|Sandstorm|[upkeep]\n|-damage|p1a: Blastoise|95/100|[from] Sandstorm\n|upkeep\n|\n|t:|1776082853\n|switch|p2a: Starmie|Starmie-Mega, L50|95/100\n|turn|6\n|\n|t:|1776082868\n|move|p2a: Starmie|Zen Headbutt|p1b: Archaludon\n|-resisted|p1b: Archaludon|1\n|-damage|p1b: Archaludon|4/100\n|-ability|p1b: Archaludon|Stamina|boost\n|-boost|p1b: Archaludon|def|1\n|move|p1a: Blastoise|Water Spout|p2a: Starmie\n|-resisted|p2a: Starmie|1\n|-damage|p2a: Starmie|45/100\n|cant|p1b: Archaludon|flinch\n|\n|-weather|Sandstorm|[upkeep]\n|-damage|p2a: Starmie|39/100|[from] Sandstorm\n|-damage|p1a: Blastoise|89/100|[from] Sandstorm\n|upkeep\n|turn|7\n|c|\u2606novathehybrid|man\n|\n|t:|1776082887\n|move|p2a: Starmie|Zen Headbutt|p1b: Archaludon\n|-resisted|p1b: Archaludon|1\n|-damage|p1b: Archaludon|0 fnt\n|faint|p1b: Archaludon\n|move|p1a: Blastoise|Water Pulse|p2a: Starmie\n|-resisted|p2a: Starmie|1\n|-damage|p2a: Starmie|9/100\n|\n|-weather|Sandstorm|[upkeep]\n|-damage|p2a: Starmie|3/100|[from] Sandstorm\n|-damage|p1a: Blastoise|83/100|[from] Sandstorm\n|upkeep\n|turn|8\n|\n|t:|1776082896\n|move|p2a: Starmie|Zen Headbutt|p1a: Blastoise\n|-damage|p1a: Blastoise|13/100\n|cant|p1a: Blastoise|flinch\n|\n|-weather|Sandstorm|[upkeep]\n|-damage|p2a: Starmie|0 fnt|[from] Sandstorm\n|-damage|p1a: Blastoise|7/100|[from] Sandstorm\n|faint|p2a: Starmie\n|\n|win|novathehybrid\n|raw|novathehybrid's rating: 1092 &rarr; <strong>1111</strong><br />(+19 for winning)\n|raw|Kanna Kun's rating: 1000 &rarr; <strong>1000</strong><br />(+0 for losing)\n|c|\u2606novathehybrid|look\n|c|\u2606Kanna Kun|lol\n|c|\u2606Kanna Kun|ggs xd\n|c|\u2606novathehybrid|thanks for the weather\n|c|\u2606novathehybrid|sincerely\n|l|\u2606Kanna Kun\n|player|p2|\n",
  "uploadtime": 1776082924,
  "views": 9,
  "formatid": "gen9championsvgc2026regma",
  "rating": 1000,
  "private": 0,
  "password": null
}