{
  "id": "gen9championsvgc2026regma-2580980164",
  "format": "[Gen 9 Champions] VGC 2026 Reg M-A",
  "players": [
    "TheNotoriousA.B.G.",
    "kokenosaurio"
  ],
  "log": "|j|\u2606TheNotoriousA.B.G.\n|j|\u2606kokenosaurio\n|t:|1775948650\n|gametype|doubles\n|player|p1|TheNotoriousA.B.G.|brycen|1121\n|player|p2|kokenosaurio|266|1137\n|gen|9\n|tier|[Gen 9 Champions] VGC 2026 Reg M-A\n|rated|\n|rule|Species Clause: Limit one of each Pok\u00e9mon\n|rule|Item Clause: Limit 1 of each item\n|clearpoke\n|poke|p1|Froslass, L50, F|\n|poke|p1|Glaceon, L50, F|\n|poke|p1|Basculegion, L50, M|\n|poke|p1|Arcanine-Hisui, L50, F|\n|poke|p1|Maushold, L50|\n|poke|p1|Decidueye-Hisui, L50, F|\n|poke|p2|Milotic, L50, F|\n|poke|p2|Sinistcha, L50|\n|poke|p2|Incineroar, L50, M|\n|poke|p2|Meowstic, L50, M|\n|poke|p2|Corviknight, L50, M|\n|poke|p2|Garchomp, L50, M|\n|teampreview|4\n|\n|t:|1775948694\n|teamsize|p1|4\n|teamsize|p2|4\n|start\n|switch|p1a: Basculegion|Basculegion, L50, M|100/100\n|switch|p1b: Arcanine|Arcanine-Hisui, L50, F|100/100\n|switch|p2a: Incineroar|Incineroar, L50, M, shiny|100/100\n|switch|p2b: Meowstic|Meowstic, L50, M|100/100\n|-ability|p1b: Arcanine|Intimidate|boost\n|-unboost|p2a: Incineroar|atk|1\n|-unboost|p2b: Meowstic|atk|1\n|-ability|p2a: Incineroar|Intimidate|boost\n|-unboost|p1a: Basculegion|atk|1\n|-unboost|p1b: Arcanine|atk|1\n|-enditem|p1b: Arcanine|White Herb\n|-clearnegativeboost|p1b: Arcanine|[silent]\n|turn|1\n|\n|t:|1775948712\n|detailschange|p2b: Meowstic|Meowstic-M-Mega, L50, M\n|-mega|p2b: Meowstic|Meowstic|Meowsticite\n|-ability|p2b: Meowstic|Adaptability|Trace|[from] ability: Trace|[of] p1a: Basculegion\n|move|p2a: Incineroar|Fake Out|p1b: Arcanine\n|-resisted|p1b: Arcanine|1\n|-damage|p1b: Arcanine|96/100\n|move|p1a: Basculegion|Flip Turn|p2a: Incineroar\n|-supereffective|p2a: Incineroar|1\n|-damage|p2a: Incineroar|60/100\n|\n|t:|1775948723\n|switch|p1a: Froslass|Froslass, L50, F|100/100|[from] Flip Turn\n|move|p2b: Meowstic|Thunder Wave|p1a: Froslass\n|-status|p1a: Froslass|par\n|cant|p1b: Arcanine|flinch\n|\n|upkeep\n|turn|2\n|\n|t:|1775948751\n|move|p1a: Froslass|Protect|p1a: Froslass\n|-singleturn|p1a: Froslass|Protect\n|move|p2b: Meowstic|Psychic|p1b: Arcanine\n|-damage|p1b: Arcanine|12/100\n|move|p1b: Arcanine|Rock Slide|p2b: Meowstic|[spread] p2a,p2b\n|-supereffective|p2a: Incineroar|1\n|-damage|p2a: Incineroar|11/100\n|-damage|p2b: Meowstic|58/100\n|cant|p2a: Incineroar|flinch\n|\n|upkeep\n|turn|3\n|\n|t:|1775948765\n|switch|p2a: Corviknight|Corviknight, L50, M|100/100\n|detailschange|p1a: Froslass|Froslass-Mega, L50, F\n|-mega|p1a: Froslass|Froslass|Froslassite\n|-weather|Snowscape|[from] ability: Snow Warning|[of] p1a: Froslass\n|move|p1b: Arcanine|Extreme Speed|p2a: Corviknight\n|-resisted|p2a: Corviknight|1\n|-damage|p2a: Corviknight|90/100\n|move|p2b: Meowstic|Psychic|p1b: Arcanine\n|-damage|p1b: Arcanine|0 fnt\n|faint|p1b: Arcanine\n|move|p1a: Froslass|Blizzard|p2a: Corviknight|[spread] p2a,p2b\n|-damage|p2a: Corviknight|52/100\n|-damage|p2b: Meowstic|14/100\n|\n|-weather|Snowscape|[upkeep]\n|upkeep\n|\n|t:|1775948789\n|switch|p1b: Glaceon|Glaceon, L50, F|100/100\n|turn|4\n|\n|t:|1775948803\n|move|p2b: Meowstic|Psychic|p1a: Froslass\n|-crit|p1a: Froslass\n|-damage|p1a: Froslass|0 fnt\n|faint|p1a: Froslass\n|move|p2a: Corviknight|Tailwind|p2a: Corviknight\n|-sidestart|p2: kokenosaurio|move: Tailwind\n|move|p1b: Glaceon|Blizzard|p2a: Corviknight|[spread] p2a,p2b\n|-damage|p2a: Corviknight|13/100\n|-damage|p2b: Meowstic|0 fnt\n|faint|p2b: Meowstic\n|\n|-weather|Snowscape|[upkeep]\n|upkeep\n|\n|t:|1775948816\n|switch|p2b: Garchomp|Garchomp, L50, M|100/100\n|switch|p1a: Basculegion|Basculegion, L50, M|100/100\n|turn|5\n|\n|t:|1775948825\n|move|p2b: Garchomp|Protect|p2b: Garchomp\n|-singleturn|p2b: Garchomp|Protect\n|move|p2a: Corviknight|Iron Head|p1b: Glaceon\n|-supereffective|p1b: Glaceon|1\n|-damage|p1b: Glaceon|68/100\n|move|p1a: Basculegion|Last Respects|p2b: Garchomp\n|-activate|p2b: Garchomp|move: Protect\n|move|p1b: Glaceon|Blizzard|p2a: Corviknight|[spread] p2a\n|-activate|p2b: Garchomp|move: Protect\n|-damage|p2a: Corviknight|0 fnt\n|faint|p2a: Corviknight\n|\n|-weather|Snowscape|[upkeep]\n|upkeep\n|\n|t:|1775948832\n|switch|p2a: Incineroar|Incineroar, L50, M, shiny|11/100\n|-ability|p2a: Incineroar|Intimidate|boost\n|-unboost|p1a: Basculegion|atk|1\n|-unboost|p1b: Glaceon|atk|1\n|turn|6\n|\n|t:|1775948853\n|move|p2a: Incineroar|Fake Out|p1b: Glaceon\n|-damage|p1b: Glaceon|61/100\n|move|p2b: Garchomp|Swords Dance|p2b: Garchomp\n|-boost|p2b: Garchomp|atk|2\n|move|p1a: Basculegion|Last Respects|p2b: Garchomp\n|-damage|p2b: Garchomp|40/100\n|cant|p1b: Glaceon|flinch\n|\n|-weather|Snowscape|[upkeep]\n|upkeep\n|turn|7\n|\n|t:|1775948876\n|move|p2b: Garchomp|Dragon Claw|p1a: Basculegion\n|-damage|p1a: Basculegion|3/100\n|move|p1a: Basculegion|Last Respects|p2b: Garchomp\n|-damage|p2b: Garchomp|0 fnt\n|faint|p2b: Garchomp\n|move|p2a: Incineroar|Flare Blitz|p1b: Glaceon\n|-supereffective|p1b: Glaceon|1\n|-damage|p1b: Glaceon|2/100\n|-damage|p2a: Incineroar|0 fnt|[from] Recoil\n|faint|p2a: Incineroar\n|\n|win|TheNotoriousA.B.G.\n|raw|TheNotoriousA.B.G.'s rating: 1121 &rarr; <strong>1147</strong><br />(+26 for winning)\n|raw|kokenosaurio's rating: 1137 &rarr; <strong>1111</strong><br />(-26 for losing)\n",
  "uploadtime": 1775948915,
  "views": 13,
  "formatid": "gen9championsvgc2026regma",
  "rating": 1111,
  "private": 0,
  "password": null
}