{
  "id": "gen9championsvgc2026regma-2584082054",
  "format": "[Gen 9 Champions] VGC 2026 Reg M-A",
  "players": [
    "monkeymanream1",
    "bosxg"
  ],
  "log": "|j|\u2606monkeymanream1\n|j|\u2606bosxg\n|t:|1776223272\n|gametype|doubles\n|player|p1|monkeymanream1|102|1082\n|player|p2|bosxg|wallace|1144\n|gen|9\n|tier|[Gen 9 Champions] VGC 2026 Reg M-A\n|rated|\n|rule|Species Clause: Limit one of each Pok\u00e9mon\n|rule|Item Clause: Limit 1 of each item\n|clearpoke\n|poke|p1|Kangaskhan, L50, F|\n|poke|p1|Aerodactyl, L50, M|\n|poke|p1|Sneasler, L50, M|\n|poke|p1|Primarina, L50, F|\n|poke|p1|Sinistcha, L50|\n|poke|p1|Delphox, L50, F|\n|poke|p2|Orthworm, L50, F|\n|poke|p2|Garchomp, L50, F|\n|poke|p2|Kingambit, L50, F|\n|poke|p2|Armarouge, L50, M|\n|poke|p2|Banette, L50, M|\n|poke|p2|Froslass, L50, F|\n|teampreview|4\n|inactive|Battle timer is ON: inactive players will automatically lose when time's up. (requested by bosxg)\n|\n|t:|1776223298\n|teamsize|p1|4\n|teamsize|p2|4\n|start\n|switch|p1a: Primarina|Primarina, L50, F|100/100\n|switch|p1b: Delphox|Delphox, L50, F|100/100\n|switch|p2a: Armarouge|Armarouge, L50, M, shiny|100/100\n|switch|p2b: Kingambit|Kingambit, L50, F|100/100\n|turn|1\n|\n|t:|1776223323\n|move|p2a: Armarouge|Wide Guard|p2a: Armarouge\n|-singleturn|p2a: Armarouge|Wide Guard\n|move|p1b: Delphox|Nasty Plot|p1b: Delphox\n|-boost|p1b: Delphox|spa|2\n|move|p1a: Primarina|Flip Turn|p2b: Kingambit\n|-damage|p2b: Kingambit|90/100\n|\n|t:|1776223329\n|switch|p1a: Sneasler|Sneasler, L50, M|100/100|[from] Flip Turn\n|move|p2b: Kingambit|Kowtow Cleave|p1b: Delphox\n|-supereffective|p1b: Delphox|1\n|-damage|p1b: Delphox|0 fnt\n|faint|p1b: Delphox\n|\n|upkeep\n|c|\u2606monkeymanream1|wow\n|\n|t:|1776223334\n|switch|p1b: Primarina|Primarina, L50, F|100/100\n|turn|2\n|\n|t:|1776223358\n|move|p2b: Kingambit|Protect|p2b: Kingambit\n|-singleturn|p2b: Kingambit|Protect\n|move|p1a: Sneasler|Fake Out|p2a: Armarouge\n|-damage|p2a: Armarouge|88/100\n|cant|p2a: Armarouge|flinch\n|move|p1b: Primarina|Hyper Voice|p2b: Kingambit|[spread] p2a\n|-activate|p2b: Kingambit|move: Protect\n|-supereffective|p2a: Armarouge|1\n|-damage|p2a: Armarouge|24/100\n|\n|upkeep\n|turn|3\n|inactive|monkeymanream1 has 30 seconds left.\n|\n|t:|1776223390\n|move|p2a: Armarouge|Ally Switch|p2a: Armarouge\n|swap|p2a: Armarouge|1|[from] move: Ally Switch\n|move|p1a: Sneasler|Dire Claw|p2a: Kingambit\n|-immune|p2a: Kingambit\n|move|p1b: Primarina|Hyper Voice|p2b: Armarouge|[spread] p2a,p2b\n|-supereffective|p2b: Armarouge|1\n|-damage|p2a: Kingambit|44/100\n|-damage|p2b: Armarouge|0 fnt\n|faint|p2b: Armarouge\n|move|p2a: Kingambit|Iron Head|p1a: Sneasler\n|-damage|p1a: Sneasler|25/100\n|\n|upkeep\n|\n|t:|1776223403\n|switch|p2b: Banette|Banette, L50, M|100/100\n|turn|4\n|\n|t:|1776223418\n|switch|p1b: Sinistcha|Sinistcha, L50|100/100\n|-heal|p1a: Sneasler|50/100|[from] ability: Hospitality|[of] p1b: Sinistcha\n|detailschange|p2b: Banette|Banette-Mega, L50, M\n|-mega|p2b: Banette|Banette|Banettite\n|move|p1a: Sneasler|Protect|p1a: Sneasler\n|-singleturn|p1a: Sneasler|Protect\n|move|p2b: Banette|Disable||[still]\n|-fail|p2b: Banette\n|move|p2a: Kingambit|Sucker Punch||[still]\n|-fail|p2a: Kingambit\n|\n|upkeep\n|turn|5\n|inactive|monkeymanream1 has 30 seconds left.\n|\n|t:|1776223445\n|switch|p1a: Primarina|Primarina, L50, F|100/100\n|move|p2b: Banette|Shadow Sneak|p1a: Primarina\n|-damage|p1a: Primarina|70/100\n|move|p1b: Sinistcha|Matcha Gotcha|p2b: Banette|[spread] p2a,p2b\n|-resisted|p2a: Kingambit|1\n|-damage|p2a: Kingambit|30/100\n|-damage|p2b: Banette|77/100\n|move|p2a: Kingambit|Kowtow Cleave|p1b: Sinistcha\n|-supereffective|p1b: Sinistcha|1\n|-damage|p1b: Sinistcha|0 fnt\n|faint|p1b: Sinistcha\n|\n|upkeep\n|\n|t:|1776223455\n|switch|p1b: Sneasler|Sneasler, L50, M|50/100\n|turn|6\n|\n|t:|1776223466\n|move|p2a: Kingambit|Protect|p2a: Kingambit\n|-singleturn|p2a: Kingambit|Protect\n|move|p2b: Banette|Thunder Wave|p1b: Sneasler\n|-status|p1b: Sneasler|par\n|move|p1a: Primarina|Moonblast|p2b: Banette\n|-damage|p2b: Banette|28/100\n|move|p1b: Sneasler|Dire Claw|p2b: Banette\n|-resisted|p2b: Banette|1\n|-damage|p2b: Banette|2/100\n|\n|upkeep\n|turn|7\n|\n|t:|1776223485\n|move|p1b: Sneasler|Protect|p1b: Sneasler\n|-singleturn|p1b: Sneasler|Protect\n|move|p2b: Banette|Destiny Bond|p2b: Banette\n|-singlemove|p2b: Banette|Destiny Bond\n|move|p1a: Primarina|Hyper Voice|p2a: Kingambit|[spread] p2a,p2b\n|-damage|p2a: Kingambit|0 fnt\n|-damage|p2b: Banette|0 fnt\n|faint|p2a: Kingambit\n|faint|p2b: Banette\n|-activate|p2b: Banette|move: Destiny Bond\n|faint|p1a: Primarina\n|\n|upkeep\n|\n|t:|1776223494\n|switch|p2a: Garchomp|Garchomp, L50, F|100/100\n|turn|8\n|\n|t:|1776223498\n|move|p2a: Garchomp|Earthquake|p1b: Sneasler\n|-supereffective|p1b: Sneasler|1\n|-damage|p1b: Sneasler|0 fnt\n|faint|p1b: Sneasler\n|\n|win|bosxg\n|raw|monkeymanream1's rating: 1082 &rarr; <strong>1064</strong><br />(-18 for losing)\n|raw|bosxg's rating: 1144 &rarr; <strong>1165</strong><br />(+21 for winning)\n|l|\u2606monkeymanream1\n|player|p1|\n",
  "uploadtime": 1776223503,
  "views": 18,
  "formatid": "gen9championsvgc2026regma",
  "rating": 1064,
  "private": 0,
  "password": null
}