{
  "id": "gen9championsvgc2026regma-2586088643",
  "format": "[Gen 9 Champions] VGC 2026 Reg M-A",
  "players": [
    "byableorange4",
    "its regi-ice"
  ],
  "log": "|j|\u2606byableorange4\n|j|\u2606its regi-ice\n|t:|1776397723\n|gametype|doubles\n|player|p1|byableorange4|n|1175\n|player|p2|its regi-ice|brawly|1084\n|gen|9\n|tier|[Gen 9 Champions] VGC 2026 Reg M-A\n|rated|\n|rule|Species Clause: Limit one of each Pok\u00e9mon\n|rule|Item Clause: Limit 1 of each item\n|clearpoke\n|poke|p1|Camerupt, L50, M|\n|poke|p1|Sinistcha, L50|\n|poke|p1|Incineroar, L50, M|\n|poke|p1|Farigiraf, L50, F|\n|poke|p1|Kingambit, L50, M|\n|poke|p1|Dragonite, L50, M|\n|poke|p2|Ampharos, L50, F|\n|poke|p2|Whimsicott, L50, F|\n|poke|p2|Archaludon, L50, M|\n|poke|p2|Pelipper, L50, M|\n|poke|p2|Dragonite, L50, M|\n|poke|p2|Incineroar, L50, F|\n|teampreview|4\n|inactive|Battle timer is ON: inactive players will automatically lose when time's up. (requested by byableorange4)\n|inactive|its regi-ice also wants the timer to be on.\n|\n|t:|1776397752\n|teamsize|p1|4\n|teamsize|p2|4\n|start\n|switch|p1a: Sinistcha|Sinistcha, L50|100/100\n|switch|p1b: Incineroar|Incineroar, L50, M|100/100\n|switch|p2a: Pelipper|Pelipper, L50, M|100/100\n|switch|p2b: Ampharos|Ampharos, L50, F, shiny|100/100\n|-weather|RainDance|[from] ability: Drizzle|[of] p2a: Pelipper\n|-ability|p1b: Incineroar|Intimidate|boost\n|-unboost|p2a: Pelipper|atk|1\n|-unboost|p2b: Ampharos|atk|1\n|turn|1\n|inactive|byableorange4 has 30 seconds left.\n|\n|t:|1776397779\n|detailschange|p2b: Ampharos|Ampharos-Mega, L50, F, shiny\n|-mega|p2b: Ampharos|Ampharos|Ampharosite\n|-ability|p2b: Ampharos|Mold Breaker\n|move|p1b: Incineroar|Fake Out|p2a: Pelipper\n|-damage|p2a: Pelipper|87/100\n|cant|p2a: Pelipper|flinch\n|move|p2b: Ampharos|Dazzling Gleam|p1b: Incineroar|[spread] p1a,p1b\n|-damage|p1a: Sinistcha|67/100\n|-damage|p1b: Incineroar|81/100\n|move|p1a: Sinistcha|Trick Room|p1a: Sinistcha\n|-fieldstart|move: Trick Room|[of] p1a: Sinistcha\n|\n|-weather|RainDance|[upkeep]\n|upkeep\n|turn|2\n|\n|t:|1776397798\n|move|p2b: Ampharos|Protect|p2b: Ampharos\n|-singleturn|p2b: Ampharos|Protect\n|move|p1b: Incineroar|Parting Shot|p2b: Ampharos\n|-activate|p2b: Ampharos|move: Protect\n|move|p2a: Pelipper|Weather Ball|p1b: Incineroar\n|-supereffective|p1b: Incineroar|1\n|-enditem|p1b: Incineroar|Passho Berry|[eat]\n|-enditem|p1b: Incineroar|Passho Berry|[weaken]\n|-damage|p1b: Incineroar|43/100\n|move|p1a: Sinistcha|Matcha Gotcha|p2b: Ampharos|[spread] p2a\n|-activate|p2b: Ampharos|move: Protect\n|-damage|p2a: Pelipper|63/100\n|-heal|p1a: Sinistcha|78/100|[from] drain|[of] p2a: Pelipper\n|-status|p2a: Pelipper|brn\n|\n|-weather|RainDance|[upkeep]\n|-damage|p2a: Pelipper|57/100 brn|[from] brn\n|upkeep\n|turn|3\n|\n|t:|1776397818\n|switch|p2b: Incineroar|Incineroar, L50, F|100/100\n|-ability|p2b: Incineroar|Intimidate|boost\n|-unboost|p1a: Sinistcha|atk|1\n|-unboost|p1b: Incineroar|atk|1\n|move|p1a: Sinistcha|Rage Powder|p1a: Sinistcha\n|-singleturn|p1a: Sinistcha|move: Rage Powder\n|move|p1b: Incineroar|Parting Shot|p2b: Incineroar\n|-unboost|p2b: Incineroar|atk|1\n|-unboost|p2b: Incineroar|spa|1\n|inactive|byableorange4 has 30 seconds left.\n|\n|t:|1776397844\n|switch|p1b: Dragonite|Dragonite, L50, M|100/100|[from] Parting Shot\n|move|p2a: Pelipper|Weather Ball|p1a: Sinistcha\n|-resisted|p1a: Sinistcha|1\n|-damage|p1a: Sinistcha|50/100\n|-enditem|p1a: Sinistcha|Sitrus Berry|[eat]\n|-heal|p1a: Sinistcha|75/100|[from] item: Sitrus Berry\n|\n|-weather|RainDance|[upkeep]\n|-damage|p2a: Pelipper|51/100 brn|[from] brn\n|upkeep\n|turn|4\n|\n|t:|1776397867\n|move|p1b: Dragonite|Protect|p1b: Dragonite\n|-singleturn|p1b: Dragonite|Protect\n|move|p2b: Incineroar|Fake Out|p1b: Dragonite\n|-activate|p1b: Dragonite|move: Protect\n|move|p2a: Pelipper|Hurricane|p1a: Sinistcha\n|-supereffective|p1a: Sinistcha|1\n|-damage|p1a: Sinistcha|0 fnt\n|faint|p1a: Sinistcha\n|\n|-weather|RainDance|[upkeep]\n|-damage|p2a: Pelipper|45/100 brn|[from] brn\n|upkeep\n|\n|t:|1776397875\n|switch|p1a: Incineroar|Incineroar, L50, M|43/100\n|-ability|p1a: Incineroar|Intimidate|boost\n|-unboost|p2a: Pelipper|atk|1\n|-unboost|p2b: Incineroar|atk|1\n|turn|5\n|\n|t:|1776397891\n|move|p2a: Pelipper|Protect|p2a: Pelipper\n|-singleturn|p2a: Pelipper|Protect\n|move|p1a: Incineroar|Fake Out|p2b: Incineroar\n|-damage|p2b: Incineroar|91/100\n|cant|p2b: Incineroar|flinch\n|move|p1b: Dragonite|Dragon Claw|p2a: Pelipper\n|-activate|p2a: Pelipper|move: Protect\n|\n|-weather|none\n|-damage|p2a: Pelipper|39/100 brn|[from] brn\n|-fieldend|move: Trick Room\n|upkeep\n|turn|6\n|inactive|byableorange4 has 30 seconds left.\n|inactive|its regi-ice has 30 seconds left.\n|\n|t:|1776397932\n|switch|p2a: Dragonite|Dragonite, L50, M|100/100\n|move|p1b: Dragonite|Dragon Claw|p2a: Dragonite\n|-supereffective|p2a: Dragonite|1\n|-damage|p2a: Dragonite|50/100\n|move|p2b: Incineroar|Parting Shot|p1b: Dragonite\n|-unboost|p1b: Dragonite|atk|1\n|-unboost|p1b: Dragonite|spa|1\n|\n|t:|1776397946\n|switch|p2b: Pelipper|Pelipper, L50, M|39/100 brn|[from] Parting Shot\n|-enditem|p1b: Dragonite|White Herb\n|-clearnegativeboost|p1b: Dragonite|[silent]\n|-weather|RainDance|[from] ability: Drizzle|[of] p2b: Pelipper\n|move|p1a: Incineroar|Parting Shot|p2b: Pelipper\n|-unboost|p2b: Pelipper|atk|1\n|-unboost|p2b: Pelipper|spa|1\n|\n|t:|1776397954\n|switch|p1a: Kingambit|Kingambit, L50, M|100/100|[from] Parting Shot\n|\n|-weather|RainDance|[upkeep]\n|-damage|p2b: Pelipper|33/100 brn|[from] brn\n|upkeep\n|turn|7\n|\n|t:|1776397968\n|move|p1b: Dragonite|Protect|p1b: Dragonite\n|-singleturn|p1b: Dragonite|Protect\n|move|p1a: Kingambit|Sucker Punch|p2a: Dragonite\n|-damage|p2a: Dragonite|2/100\n|move|p2a: Dragonite|Dragon Claw|p1b: Dragonite\n|-activate|p1b: Dragonite|move: Protect\n|move|p2b: Pelipper|Hurricane|p1b: Dragonite\n|-activate|p1b: Dragonite|move: Protect\n|\n|-weather|RainDance|[upkeep]\n|-damage|p2b: Pelipper|27/100 brn|[from] brn\n|upkeep\n|turn|8\n|\n|t:|1776397982\n|move|p2a: Dragonite|Extreme Speed|p1b: Dragonite\n|-damage|p1b: Dragonite|86/100\n|move|p1b: Dragonite|Extreme Speed|p2a: Dragonite\n|-crit|p2a: Dragonite\n|-damage|p2a: Dragonite|0 fnt\n|faint|p2a: Dragonite\n|move|p1a: Kingambit|Sucker Punch|p2b: Pelipper\n|-damage|p2b: Pelipper|0 fnt\n|faint|p2b: Pelipper\n|\n|-weather|RainDance|[upkeep]\n|upkeep\n|\n|t:|1776397993\n|switch|p2a: Ampharos|Ampharos-Mega, L50, F, shiny|100/100\n|switch|p2b: Incineroar|Incineroar, L50, F|91/100\n|-ability|p2b: Incineroar|Intimidate|boost\n|-unboost|p1a: Kingambit|atk|1\n|-ability|p1a: Kingambit|Defiant|boost\n|-boost|p1a: Kingambit|atk|2\n|-unboost|p1b: Dragonite|atk|1\n|-ability|p2a: Ampharos|Mold Breaker\n|turn|9\n|inactive|byableorange4 has 30 seconds left.\n|\n|t:|1776398022\n|move|p1a: Kingambit|Protect|p1a: Kingambit\n|-singleturn|p1a: Kingambit|Protect\n|move|p2b: Incineroar|Fake Out|p1b: Dragonite\n|-damage|p1b: Dragonite|75/100\n|cant|p1b: Dragonite|flinch\n|move|p2a: Ampharos|Dazzling Gleam|p1b: Dragonite|[spread] p1b\n|-activate|p1a: Kingambit|move: Protect\n|-supereffective|p1b: Dragonite|1\n|-damage|p1b: Dragonite|25/100\n|\n|-weather|RainDance|[upkeep]\n|upkeep\n|turn|10\n|\n|t:|1776398044\n|move|p1b: Dragonite|Protect|p1b: Dragonite\n|-singleturn|p1b: Dragonite|Protect\n|move|p2b: Incineroar|Close Combat|p1a: Kingambit\n|-supereffective|p1a: Kingambit|2\n|-damage|p1a: Kingambit|8/100\n|-unboost|p2b: Incineroar|def|1\n|-unboost|p2b: Incineroar|spd|1\n|move|p2a: Ampharos|Dazzling Gleam|p1b: Dragonite|[spread] p1a\n|-activate|p1b: Dragonite|move: Protect\n|-damage|p1a: Kingambit|0 fnt\n|faint|p1a: Kingambit\n|\n|-weather|none\n|upkeep\n|\n|t:|1776398055\n|switch|p1a: Incineroar|Incineroar, L50, M|43/100\n|-ability|p1a: Incineroar|Intimidate|boost\n|-unboost|p2a: Ampharos|atk|1\n|-unboost|p2b: Incineroar|atk|1\n|turn|11\n|\n|t:|1776398076\n|move|p2a: Ampharos|Protect|p2a: Ampharos\n|-singleturn|p2a: Ampharos|Protect\n|move|p1a: Incineroar|Fake Out|p2a: Ampharos\n|-activate|p2a: Ampharos|move: Protect\n|move|p1b: Dragonite|Dragon Claw|p2b: Incineroar\n|-damage|p2b: Incineroar|49/100\n|move|p2b: Incineroar|Parting Shot|p1b: Dragonite\n|-unboost|p1b: Dragonite|atk|1\n|-unboost|p1b: Dragonite|spa|1\n|\n|upkeep\n|turn|12\n|inactive|byableorange4 has 30 seconds left.\n|\n|t:|1776398101\n|move|p1b: Dragonite|Dragon Claw|p2a: Ampharos\n|-supereffective|p2a: Ampharos|1\n|-damage|p2a: Ampharos|61/100\n|move|p2b: Incineroar|Close Combat|p1a: Incineroar\n|-supereffective|p1a: Incineroar|1\n|-crit|p1a: Incineroar\n|-damage|p1a: Incineroar|0 fnt\n|-unboost|p2b: Incineroar|def|1\n|-unboost|p2b: Incineroar|spd|1\n|faint|p1a: Incineroar\n|move|p2a: Ampharos|Thunderbolt|p1b: Dragonite\n|-crit|p1b: Dragonite\n|-damage|p1b: Dragonite|0 fnt\n|faint|p1b: Dragonite\n|\n|win|its regi-ice\n|raw|byableorange4's rating: 1175 &rarr; <strong>1144</strong><br />(-31 for losing)\n|raw|its regi-ice's rating: 1084 &rarr; <strong>1118</strong><br />(+34 for winning)\n|l|\u2606its regi-ice\n|player|p2|\n",
  "uploadtime": 1776398119,
  "views": 17,
  "formatid": "gen9championsvgc2026regma",
  "rating": 1118,
  "private": 0,
  "password": null
}