{
  "id": "gen9championsvgc2026regma-2586931205",
  "format": "[Gen 9 Champions] VGC 2026 Reg M-A",
  "players": [
    "senorpotatono",
    "yo Rafz"
  ],
  "log": "|j|\u2606senorpotatono\n|j|\u2606yo Rafz\n|t:|1776472966\n|gametype|doubles\n|player|p1|senorpotatono|elesa|1093\n|player|p2|yo Rafz|ethan|1048\n|gen|9\n|tier|[Gen 9 Champions] VGC 2026 Reg M-A\n|rated|\n|rule|Species Clause: Limit one of each Pok\u00e9mon\n|rule|Item Clause: Limit 1 of each item\n|clearpoke\n|poke|p1|Incineroar, L50, M|\n|poke|p1|Scizor, L50, M|\n|poke|p1|Sinistcha, L50|\n|poke|p1|Pelipper, L50, M|\n|poke|p1|Basculegion, L50, M|\n|poke|p1|Scovillain, L50, M|\n|poke|p2|Dragonite, L50, F|\n|poke|p2|Greninja-*, L50, F|\n|poke|p2|Sneasler, L50, M|\n|poke|p2|Incineroar, L50, F|\n|poke|p2|Whimsicott, L50, M|\n|poke|p2|Politoed, L50, F|\n|teampreview|4\n|\n|t:|1776472988\n|teamsize|p1|4\n|teamsize|p2|4\n|start\n|switch|p1a: Scovillain|Scovillain, L50, M|100/100\n|switch|p1b: Sinistcha|Sinistcha, L50|100/100\n|switch|p2a: Dragonite|Dragonite, L50, F|100/100\n|switch|p2b: Sneasler|Sneasler, L50, M|100/100\n|turn|1\n|inactive|Battle timer is ON: inactive players will automatically lose when time's up. (requested by senorpotatono)\n|\n|t:|1776473014\n|detailschange|p1a: Scovillain|Scovillain-Mega, L50, M\n|-mega|p1a: Scovillain|Scovillain|Scovillainite\n|move|p1a: Scovillain|Rage Powder|p1a: Scovillain\n|-singleturn|p1a: Scovillain|move: Rage Powder\n|move|p2b: Sneasler|Dire Claw|p1a: Scovillain\n|-supereffective|p1a: Scovillain|1\n|-damage|p1a: Scovillain|19/100\n|-status|p2b: Sneasler|brn|[from] ability: Spicy Spray|[of] p1a: Scovillain\n|move|p2a: Dragonite|Hurricane|p1a: Scovillain\n|-supereffective|p1a: Scovillain|1\n|-damage|p1a: Scovillain|0 fnt\n|-status|p2a: Dragonite|brn|[from] ability: Spicy Spray|[of] p1a: Scovillain\n|faint|p1a: Scovillain\n|move|p1b: Sinistcha|Trick Room|p1b: Sinistcha\n|-fieldstart|move: Trick Room|[of] p1b: Sinistcha\n|\n|-damage|p2a: Dragonite|94/100 brn|[from] brn\n|-damage|p2b: Sneasler|95/100 brn|[from] brn\n|upkeep\n|\n|t:|1776473036\n|switch|p1a: Basculegion|Basculegion, L50, M|100/100\n|turn|2\n|\n|t:|1776473061\n|switch|p1b: Scizor|Scizor, L50, M|100/100\n|switch|p2b: Whimsicott|Whimsicott, L50, M|100/100\n|detailschange|p2a: Dragonite|Dragonite-Mega, L50, F\n|-mega|p2a: Dragonite|Dragonite|Dragoninite\n|move|p1a: Basculegion|Psychic Fangs|p2b: Whimsicott\n|-damage|p2b: Whimsicott|62/100\n|move|p2a: Dragonite|Thunder|p1a: Basculegion\n|-supereffective|p1a: Basculegion|1\n|-damage|p1a: Basculegion|24/100\n|-status|p1a: Basculegion|par\n|-enditem|p1a: Basculegion|Sitrus Berry|[eat]\n|-heal|p1a: Basculegion|49/100 par|[from] item: Sitrus Berry\n|\n|-damage|p2a: Dragonite|88/100 brn|[from] brn\n|upkeep\n|turn|3\n|\n|t:|1776473081\n|move|p2a: Dragonite|Protect|p2a: Dragonite\n|-singleturn|p2a: Dragonite|Protect\n|move|p1b: Scizor|Bullet Punch|p2a: Dragonite\n|-activate|p2a: Dragonite|move: Protect\n|move|p2b: Whimsicott|Encore|p1a: Basculegion\n|-start|p1a: Basculegion|Encore\n|move|p1a: Basculegion|Psychic Fangs|p2b: Whimsicott\n|-damage|p2b: Whimsicott|26/100\n|\n|-damage|p2a: Dragonite|82/100 brn|[from] brn\n|upkeep\n|turn|4\n|\n|t:|1776473096\n|switch|p2a: Sneasler|Sneasler, L50, M|95/100 brn\n|move|p1b: Scizor|Bullet Punch|p2b: Whimsicott\n|-supereffective|p2b: Whimsicott|1\n|-damage|p2b: Whimsicott|0 fnt\n|faint|p2b: Whimsicott\n|move|p1a: Basculegion|Psychic Fangs|p2a: Sneasler\n|-supereffective|p2a: Sneasler|2\n|-damage|p2a: Sneasler|0 fnt\n|faint|p2a: Sneasler\n|\n|upkeep\n|\n|t:|1776473102\n|switch|p2b: Dragonite|Dragonite-Mega, L50, F|82/100 brn\n|switch|p2a: Greninja|Greninja, L50, F|100/100\n|turn|5\n|\n|t:|1776473111\n|move|p2b: Dragonite|Protect|p2b: Dragonite\n|-singleturn|p2b: Dragonite|Protect\n|move|p1a: Basculegion|Psychic Fangs|p2b: Dragonite\n|-activate|p2b: Dragonite|move: Protect\n|move|p1b: Scizor|Knock Off|p2a: Greninja\n|-resisted|p2a: Greninja|1\n|-damage|p2a: Greninja|82/100\n|move|p2a: Greninja|Dark Pulse|p1a: Basculegion\n|-start|p2a: Greninja|typechange|Dark|[from] ability: Protean\n|-supereffective|p1a: Basculegion|1\n|-damage|p1a: Basculegion|0 fnt\n|faint|p1a: Basculegion\n|\n|-damage|p2b: Dragonite|76/100 brn|[from] brn\n|-fieldend|move: Trick Room\n|upkeep\n|\n|t:|1776473125\n|switch|p1a: Sinistcha|Sinistcha, L50|100/100\n|turn|6\n|\n|t:|1776473142\n|move|p1b: Scizor|Protect|p1b: Scizor\n|-singleturn|p1b: Scizor|Protect\n|move|p2a: Greninja|Dark Pulse|p1a: Sinistcha\n|-supereffective|p1a: Sinistcha|1\n|-damage|p1a: Sinistcha|33/100\n|move|p2b: Dragonite|Hurricane|p1a: Sinistcha|[miss]\n|-miss|p2b: Dragonite|p1a: Sinistcha\n|cant|p1a: Sinistcha|flinch\n|\n|-heal|p1a: Sinistcha|39/100|[from] item: Leftovers\n|-damage|p2b: Dragonite|70/100 brn|[from] brn\n|upkeep\n|turn|7\n|\n|t:|1776473158\n|move|p2a: Greninja|Dark Pulse|p1a: Sinistcha\n|-supereffective|p1a: Sinistcha|1\n|-damage|p1a: Sinistcha|0 fnt\n|faint|p1a: Sinistcha\n|move|p2b: Dragonite|Weather Ball|p1b: Scizor\n|-resisted|p1b: Scizor|1\n|-damage|p1b: Scizor|91/100\n|move|p1b: Scizor|U-turn|p2a: Greninja\n|-supereffective|p2a: Greninja|1\n|-damage|p2a: Greninja|0 fnt\n|faint|p2a: Greninja\n|\n|-damage|p2b: Dragonite|64/100 brn|[from] brn\n|upkeep\n|turn|8\n|\n|t:|1776473174\n|move|p1b: Scizor|Bullet Punch|p2b: Dragonite\n|-damage|p2b: Dragonite|37/100 brn\n|move|p2b: Dragonite|Hurricane|p1b: Scizor|[miss]\n|-miss|p2b: Dragonite|p1b: Scizor\n|\n|-damage|p2b: Dragonite|31/100 brn|[from] brn\n|upkeep\n|turn|9\n|\n|t:|1776473182\n|move|p1b: Scizor|Bullet Punch|p2b: Dragonite\n|-damage|p2b: Dragonite|2/100 brn\n|move|p2b: Dragonite|Hurricane|p1b: Scizor\n|-damage|p1b: Scizor|30/100\n|\n|-damage|p2b: Dragonite|0 fnt|[from] brn\n|faint|p2b: Dragonite\n|\n|win|senorpotatono\n|raw|senorpotatono's rating: 1093 &rarr; <strong>1116</strong><br />(+23 for winning)\n|raw|yo Rafz's rating: 1048 &rarr; <strong>1033</strong><br />(-15 for losing)\n|l|\u2606yo Rafz\n|player|p2|\n",
  "uploadtime": 1776473192,
  "views": 21,
  "formatid": "gen9championsvgc2026regma",
  "rating": 1033,
  "private": 0,
  "password": null
}