{
  "id": "gen9championsvgc2026regma-2582854486",
  "format": "[Gen 9 Champions] VGC 2026 Reg M-A",
  "players": [
    "Pikachu4Days",
    "heroe a 4 fps"
  ],
  "log": "|j|\u2606Pikachu4Days\n|j|\u2606heroe a 4 fps\n|t:|1776119359\n|gametype|doubles\n|player|p1|Pikachu4Days|2|1052\n|player|p2|heroe a 4 fps|ghetsis-gen5bw|1107\n|gen|9\n|tier|[Gen 9 Champions] VGC 2026 Reg M-A\n|rated|\n|rule|Species Clause: Limit one of each Pok\u00e9mon\n|rule|Item Clause: Limit 1 of each item\n|clearpoke\n|poke|p1|Vivillon, L50, F|\n|poke|p1|Slowbro, L50, M|\n|poke|p1|Torkoal, L50, F|\n|poke|p1|Rhyperior, L50, F|\n|poke|p1|Charizard, L50, M|\n|poke|p1|Venusaur, L50, F|\n|poke|p2|Incineroar, L50, F|\n|poke|p2|Farigiraf, L50, F|\n|poke|p2|Golurk, L50|\n|poke|p2|Sneasler, L50, M|\n|poke|p2|Torkoal, L50, F|\n|poke|p2|Venusaur, L50, M|\n|teampreview|4\n|inactive|Battle timer is ON: inactive players will automatically lose when time's up. (requested by heroe a 4 fps)\n|inactive|Pikachu4Days has 60 seconds left.\n|\n|t:|1776119432\n|teamsize|p1|4\n|teamsize|p2|4\n|start\n|switch|p1a: Vivillon|Vivillon, L50, F|100/100\n|switch|p1b: Slowbro|Slowbro, L50, M|100/100\n|switch|p2a: Incineroar|Incineroar, L50, F, shiny|100/100\n|switch|p2b: Venusaur|Venusaur, L50, M|100/100\n|-ability|p2a: Incineroar|Intimidate|boost\n|-unboost|p1a: Vivillon|atk|1\n|-unboost|p1b: Slowbro|atk|1\n|turn|1\n|\n|t:|1776119449\n|detailschange|p1b: Slowbro|Slowbro-Mega, L50, M\n|-mega|p1b: Slowbro|Slowbro|Slowbronite\n|move|p2a: Incineroar|Fake Out|p1a: Vivillon\n|-damage|p1a: Vivillon|71/100\n|cant|p1a: Vivillon|flinch\n|move|p2b: Venusaur|Sleep Powder|p1a: Vivillon\n|-status|p1a: Vivillon|slp|[from] move: Sleep Powder\n|move|p1b: Slowbro|Trick Room|p1b: Slowbro\n|-fieldstart|move: Trick Room|[of] p1b: Slowbro\n|\n|upkeep\n|turn|2\n|inactive|heroe a 4 fps has 30 seconds left.\n|\n|t:|1776119480\n|move|p1b: Slowbro|Psychic|p2b: Venusaur\n|-supereffective|p2b: Venusaur|1\n|-damage|p2b: Venusaur|10/100\n|move|p2a: Incineroar|Parting Shot|p1b: Slowbro\n|-unboost|p1b: Slowbro|atk|1\n|-unboost|p1b: Slowbro|spa|1\n|\n|t:|1776119487\n|switch|p2a: Sneasler|Sneasler, L50, M|100/100|[from] Parting Shot\n|move|p2b: Venusaur|Leaf Storm|p1b: Slowbro|[miss]\n|-miss|p2b: Venusaur|p1b: Slowbro\n|cant|p1a: Vivillon|slp\n|\n|upkeep\n|turn|3\n|\n|t:|1776119509\n|switch|p1b: Torkoal|Torkoal, L50, F|100/100\n|-weather|SunnyDay|[from] ability: Drought|[of] p1b: Torkoal\n|move|p2a: Sneasler|Fake Out|p1b: Torkoal\n|-damage|p1b: Torkoal|90/100\n|-curestatus|p1a: Vivillon|slp|[msg]\n|move|p1a: Vivillon|Sleep Powder|p2a: Sneasler\n|-status|p2a: Sneasler|slp|[from] move: Sleep Powder\n|move|p2b: Venusaur|Leaf Storm|p1b: Torkoal\n|-resisted|p1b: Torkoal|1\n|-damage|p1b: Torkoal|48/100\n|-unboost|p2b: Venusaur|spa|2\n|\n|-weather|SunnyDay|[upkeep]\n|upkeep\n|turn|4\n|inactive|heroe a 4 fps has 30 seconds left.\n|inactive|heroe a 4 fps has 20 seconds left.\n|\n|t:|1776119545\n|move|p1b: Torkoal|Eruption|p2b: Venusaur|[spread] p2a,p2b\n|-supereffective|p2b: Venusaur|1\n|-damage|p2a: Sneasler|44/100 slp\n|-damage|p2b: Venusaur|0 fnt\n|faint|p2b: Venusaur\n|move|p1a: Vivillon|Air Slash|p2a: Sneasler\n|-supereffective|p2a: Sneasler|1\n|-damage|p2a: Sneasler|0 fnt\n|faint|p2a: Sneasler\n|\n|-weather|SunnyDay|[upkeep]\n|upkeep\n|\n|t:|1776119554\n|switch|p2b: Incineroar|Incineroar, L50, F, shiny|100/100\n|switch|p2a: Golurk|Golurk, L50|100/100\n|-ability|p2b: Incineroar|Intimidate|boost\n|-unboost|p1a: Vivillon|atk|1\n|-unboost|p1b: Torkoal|atk|1\n|turn|5\n|inactive|Pikachu4Days has 30 seconds left.\n|\n|t:|1776119581\n|detailschange|p2a: Golurk|Golurk-Mega, L50\n|-mega|p2a: Golurk|Golurk|Golurkite\n|move|p2b: Incineroar|Fake Out|p1b: Torkoal\n|-damage|p1b: Torkoal|37/100\n|cant|p1b: Torkoal|flinch\n|move|p2a: Golurk|Ice Punch|p1a: Vivillon\n|-supereffective|p1a: Vivillon|1\n|-damage|p1a: Vivillon|0 fnt\n|faint|p1a: Vivillon\n|\n|-weather|SunnyDay|[upkeep]\n|-fieldend|move: Trick Room\n|upkeep\n|inactive|Pikachu4Days has 30 seconds left.\n|inactive|Pikachu4Days has 20 seconds left.\n|\n|t:|1776119619\n|switch|p1a: Rhyperior|Rhyperior, L50, F, shiny|100/100\n|turn|6\n|inactive|heroe a 4 fps has 30 seconds left.\n|inactive|heroe a 4 fps has 20 seconds left.\n|inactive|heroe a 4 fps has 15 seconds left.\n|inactive|heroe a 4 fps has 10 seconds left.\n|inactive|heroe a 4 fps has 5 seconds left.\n|\n|t:|1776119674\n|move|p2a: Golurk|Protect|p2a: Golurk\n|-singleturn|p2a: Golurk|Protect\n|move|p1b: Torkoal|Protect|p1b: Torkoal\n|-singleturn|p1b: Torkoal|Protect\n|move|p2b: Incineroar|Flare Blitz|p1b: Torkoal\n|-activate|p1b: Torkoal|move: Protect\n|move|p1a: Rhyperior|Earthquake|p2a: Golurk|[spread] p2b\n|-activate|p1b: Torkoal|move: Protect\n|-activate|p2a: Golurk|move: Protect\n|-supereffective|p2b: Incineroar|1\n|-enditem|p2b: Incineroar|Shuca Berry|[eat]\n|-enditem|p2b: Incineroar|Shuca Berry|[weaken]\n|-damage|p2b: Incineroar|57/100\n|\n|-weather|SunnyDay|[upkeep]\n|upkeep\n|turn|7\n|inactive|Pikachu4Days has 30 seconds left.\n|\n|t:|1776119705\n|move|p1b: Torkoal|Helping Hand|p1a: Rhyperior\n|-singleturn|p1a: Rhyperior|Helping Hand|[of] p1b: Torkoal\n|move|p2b: Incineroar|Darkest Lariat|p1a: Rhyperior\n|-damage|p1a: Rhyperior|65/100\n|move|p2a: Golurk|Headlong Rush|p1a: Rhyperior\n|-supereffective|p1a: Rhyperior|1\n|-damage|p1a: Rhyperior|0 fnt\n|-unboost|p2a: Golurk|def|1\n|-unboost|p2a: Golurk|spd|1\n|faint|p1a: Rhyperior\n|\n|-weather|none\n|upkeep\n|\n|t:|1776119717\n|switch|p1a: Slowbro|Slowbro-Mega, L50, M|100/100\n|turn|8\n|inactive|Pikachu4Days has 30 seconds left.\n|inactive|Pikachu4Days has 20 seconds left.\n|inactive|Pikachu4Days has 15 seconds left.\n|\n|t:|1776119759\n|move|p1b: Torkoal|Protect|p1b: Torkoal\n|-singleturn|p1b: Torkoal|Protect\n|move|p2b: Incineroar|Darkest Lariat|p1a: Slowbro\n|-supereffective|p1a: Slowbro|1\n|-damage|p1a: Slowbro|61/100\n|move|p2a: Golurk|Poltergeist|p1a: Slowbro\n|-activate|p1a: Slowbro|move: Poltergeist|Slowbronite\n|-supereffective|p1a: Slowbro|1\n|-damage|p1a: Slowbro|3/100\n|move|p1a: Slowbro|Trick Room|p1a: Slowbro\n|-fieldstart|move: Trick Room|[of] p1a: Slowbro\n|\n|upkeep\n|turn|9\n|inactive|Pikachu4Days has 30 seconds left.\n|inactive|Pikachu4Days has 20 seconds left.\n|\n|t:|1776119797\n|move|p2a: Golurk|Protect|p2a: Golurk\n|-singleturn|p2a: Golurk|Protect\n|move|p1b: Torkoal|Solar Beam||[still]\n|-prepare|p1b: Torkoal|Solar Beam\n|move|p1a: Slowbro|Scald|p2b: Incineroar\n|-supereffective|p2b: Incineroar|1\n|-damage|p2b: Incineroar|0 fnt\n|faint|p2b: Incineroar\n|\n|upkeep\n|turn|10\n|\n|t:|1776119815\n|move|p1b: Torkoal|Solar Beam|p2a: Golurk|[from] lockedmove\n|-supereffective|p2a: Golurk|1\n|-damage|p2a: Golurk|5/100\n|move|p1a: Slowbro|Scald|p2a: Golurk\n|-supereffective|p2a: Golurk|1\n|-damage|p2a: Golurk|0 fnt\n|faint|p2a: Golurk\n|\n|win|Pikachu4Days\n|raw|Pikachu4Days's rating: 1052 &rarr; <strong>1089</strong><br />(+37 for winning)\n|raw|heroe a 4 fps's rating: 1107 &rarr; <strong>1078</strong><br />(-29 for losing)\n|c|\u2606Pikachu4Days|gg\n|l|\u2606heroe a 4 fps\n|player|p2|\n",
  "uploadtime": 1776119867,
  "views": 11,
  "formatid": "gen9championsvgc2026regma",
  "rating": 1078,
  "private": 0,
  "password": null
}