{
  "id": "gen9championsvgc2026regma-2583686577",
  "format": "[Gen 9 Champions] VGC 2026 Reg M-A",
  "players": [
    "angstmacher>)",
    "sirae"
  ],
  "log": "|j|\u2606angstmacher>)\n|j|\u2606sirae\n|t:|1776191014\n|gametype|doubles\n|player|p1|angstmacher>)|harlequin|1163\n|player|p2|sirae|caitlin|1245\n|gen|9\n|tier|[Gen 9 Champions] VGC 2026 Reg M-A\n|rated|\n|rule|Species Clause: Limit one of each Pok\u00e9mon\n|rule|Item Clause: Limit 1 of each item\n|clearpoke\n|poke|p1|Tinkaton, L50, F|\n|poke|p1|Aerodactyl, L50, M|\n|poke|p1|Farigiraf, L50, M|\n|poke|p1|Maushold-Four, L50|\n|poke|p1|Rotom-Heat, L50|\n|poke|p1|Crabominable, L50, M|\n|poke|p2|Floette-Eternal, L50, F|\n|poke|p2|Sylveon, L50, F|\n|poke|p2|Tyranitar, L50, F|\n|poke|p2|Excadrill, L50, F|\n|poke|p2|Sableye, L50, F|\n|poke|p2|Incineroar, L50, F|\n|teampreview|4\n|inactive|Battle timer is ON: inactive players will automatically lose when time's up. (requested by sirae)\n|\n|t:|1776191044\n|teamsize|p1|4\n|teamsize|p2|4\n|start\n|switch|p1a: Tinkaton|Tinkaton, L50, F|100/100\n|switch|p1b: Farigiraf|Farigiraf, L50, M|100/100\n|switch|p2a: #1 Best pokemon|Incineroar, L50, F|100/100\n|switch|p2b: the exception OU|Tyranitar, L50, F, shiny|100/100\n|-ability|p2a: #1 Best pokemon|Intimidate|boost\n|-fail|p1a: Tinkaton|unboost|Attack|[from] ability: Own Tempo|[of] p1a: Tinkaton\n|-unboost|p1b: Farigiraf|atk|1\n|-weather|Sandstorm|[from] ability: Sand Stream|[of] p2b: the exception OU\n|turn|1\n|\n|t:|1776191066\n|move|p1a: Tinkaton|Fake Out|p2b: the exception OU\n|-resisted|p2b: the exception OU|1\n|-damage|p2b: the exception OU|96/100\n|cant|p2b: the exception OU|flinch\n|move|p2a: #1 Best pokemon|Flare Blitz|p1a: Tinkaton\n|-supereffective|p1a: Tinkaton|1\n|-enditem|p1a: Tinkaton|Focus Sash\n|-damage|p1a: Tinkaton|1/100\n|-damage|p2a: #1 Best pokemon|69/100|[from] Recoil\n|move|p1b: Farigiraf|Trick Room|p1b: Farigiraf\n|-fieldstart|move: Trick Room|[of] p1b: Farigiraf\n|\n|-weather|Sandstorm|[upkeep]\n|-damage|p1b: Farigiraf|94/100|[from] Sandstorm\n|-damage|p2a: #1 Best pokemon|63/100|[from] Sandstorm\n|upkeep\n|turn|2\n|inactive|angstmacher>) has 30 seconds left.\n|inactive|angstmacher>) has 20 seconds left.\n|inactive|angstmacher>) has 15 seconds left.\n|\n|t:|1776191108\n|move|p1b: Farigiraf|Hyper Voice|p2a: #1 Best pokemon|[spread] p2a,p2b\n|-resisted|p2b: the exception OU|1\n|-damage|p2a: #1 Best pokemon|36/100\n|-damage|p2b: the exception OU|88/100\n|move|p2a: #1 Best pokemon|Darkest Lariat|p1b: Farigiraf\n|-supereffective|p1b: Farigiraf|1\n|-damage|p1b: Farigiraf|16/100\n|-enditem|p1b: Farigiraf|Sitrus Berry|[eat]\n|-heal|p1b: Farigiraf|41/100|[from] item: Sitrus Berry\n|move|p2b: the exception OU|Rock Slide|p1b: Farigiraf|[spread] p1a,p1b\n|-resisted|p1a: Tinkaton|1\n|-damage|p1a: Tinkaton|0 fnt\n|-damage|p1b: Farigiraf|15/100\n|faint|p1a: Tinkaton\n|\n|-weather|Sandstorm|[upkeep]\n|-damage|p1b: Farigiraf|8/100|[from] Sandstorm\n|-damage|p2a: #1 Best pokemon|30/100|[from] Sandstorm\n|upkeep\n|\n|t:|1776191121\n|switch|p1a: Crabominable|Crabominable, L50, M|100/100\n|turn|3\n|\n|t:|1776191132\n|switch|p2a: Just this once|Floette-Eternal, L50, F|100/100\n|detailschange|p1a: Crabominable|Crabominable-Mega, L50, M\n|-mega|p1a: Crabominable|Crabominable|Crabominite\n|move|p2b: the exception OU|Protect|p2b: the exception OU\n|-singleturn|p2b: the exception OU|Protect\n|move|p1a: Crabominable|Drain Punch|p2b: the exception OU\n|-activate|p2b: the exception OU|move: Protect\n|move|p1b: Farigiraf|Hyper Voice|p2b: the exception OU|[spread] p2a\n|-activate|p2b: the exception OU|move: Protect\n|-damage|p2a: Just this once|74/100\n|\n|-weather|Sandstorm|[upkeep]\n|-damage|p1a: Crabominable|94/100|[from] Sandstorm\n|-damage|p1b: Farigiraf|2/100|[from] Sandstorm\n|-damage|p2a: Just this once|68/100|[from] Sandstorm\n|upkeep\n|turn|4\n|inactive|sirae has 30 seconds left.\n|\n|t:|1776191161\n|switch|p2b: #1 Best pokemon|Incineroar, L50, F|30/100\n|-ability|p2b: #1 Best pokemon|Intimidate|boost\n|-unboost|p1a: Crabominable|atk|1\n|-unboost|p1b: Farigiraf|atk|1\n|detailschange|p2a: Just this once|Floette-Mega, L50, F\n|-mega|p2a: Just this once|Floette|Floettite\n|-ability|p2a: Just this once|Fairy Aura\n|move|p1b: Farigiraf|Helping Hand|p1a: Crabominable\n|-singleturn|p1a: Crabominable|Helping Hand|[of] p1b: Farigiraf\n|move|p2a: Just this once|Protect|p2a: Just this once\n|-singleturn|p2a: Just this once|Protect\n|move|p1a: Crabominable|Drain Punch|p2b: #1 Best pokemon\n|-supereffective|p2b: #1 Best pokemon|1\n|-damage|p2b: #1 Best pokemon|0 fnt\n|-heal|p1a: Crabominable|100/100|[from] drain|[of] p2b: #1 Best pokemon\n|faint|p2b: #1 Best pokemon\n|\n|-weather|Sandstorm|[upkeep]\n|-damage|p1a: Crabominable|94/100|[from] Sandstorm\n|-damage|p1b: Farigiraf|0 fnt|[from] Sandstorm\n|-damage|p2a: Just this once|62/100|[from] Sandstorm\n|faint|p1b: Farigiraf\n|upkeep\n|inactive|sirae has 30 seconds left.\n|\n|t:|1776191190\n|switch|p1b: Maushold|Maushold-Four, L50|100/100\n|switch|p2b: the exception OU|Tyranitar, L50, F, shiny|88/100\n|turn|5\n|\n|t:|1776191205\n|move|p2b: the exception OU|Protect|p2b: the exception OU\n|-singleturn|p2b: the exception OU|Protect\n|move|p1a: Crabominable|Ice Hammer|p2a: Just this once\n|-damage|p2a: Just this once|5/100\n|-unboost|p1a: Crabominable|spe|1\n|move|p1b: Maushold|Super Fang|p2b: the exception OU\n|-activate|p2b: the exception OU|move: Protect\n|move|p2a: Just this once|Moonblast|p1a: Crabominable\n|-supereffective|p1a: Crabominable|1\n|-damage|p1a: Crabominable|15/100\n|\n|-weather|none\n|-fieldend|move: Trick Room\n|upkeep\n|turn|6\n|\n|t:|1776191227\n|switch|p2a: Transgender|Sylveon, L50, F|100/100\n|move|p1b: Maushold|Follow Me|p1b: Maushold\n|-singleturn|p1b: Maushold|move: Follow Me\n|move|p1a: Crabominable|Mach Punch|p2b: the exception OU\n|-supereffective|p2b: the exception OU|2\n|-crit|p2b: the exception OU\n|-damage|p2b: the exception OU|0 fnt\n|faint|p2b: the exception OU\n|\n|upkeep\n|\n|t:|1776191234\n|switch|p2b: Just this once|Floette-Mega, L50, F|5/100\n|-ability|p2b: Just this once|Fairy Aura\n|turn|7\n|\n|t:|1776191244\n|move|p2b: Just this once|Protect|p2b: Just this once\n|-singleturn|p2b: Just this once|Protect\n|move|p1a: Crabominable|Protect|p1a: Crabominable\n|-singleturn|p1a: Crabominable|Protect\n|move|p2a: Transgender|Hyper Voice|p1a: Crabominable|[spread] p1b\n|-activate|p1a: Crabominable|move: Protect\n|-damage|p1b: Maushold|45/100\n|move|p1b: Maushold|Super Fang|p2a: Transgender\n|-damage|p2a: Transgender|50/100\n|\n|upkeep\n|turn|8\n|inactive|angstmacher>) has 30 seconds left.\n|inactive|angstmacher>) has 20 seconds left.\n|inactive|angstmacher>) has 15 seconds left.\n|\n|t:|1776191296\n|move|p2b: Just this once|Helping Hand|p2a: Transgender\n|-singleturn|p2a: Transgender|Helping Hand|[of] p2b: Just this once\n|move|p1a: Crabominable|Mach Punch|p2b: Just this once\n|-resisted|p2b: Just this once|1\n|-damage|p2b: Just this once|0 fnt\n|faint|p2b: Just this once\n|move|p2a: Transgender|Hyper Voice|p1b: Maushold|[spread] p1a,p1b\n|-supereffective|p1a: Crabominable|1\n|-damage|p1a: Crabominable|0 fnt\n|-damage|p1b: Maushold|0 fnt\n|faint|p1a: Crabominable\n|faint|p1b: Maushold\n|\n|win|sirae\n|raw|angstmacher&gt;)'s rating: 1163 &rarr; <strong>1144</strong><br />(-19 for losing)\n|raw|sirae's rating: 1245 &rarr; <strong>1264</strong><br />(+19 for winning)\n|l|\u2606angstmacher>)\n|player|p1|\n",
  "uploadtime": 1776191314,
  "views": 18,
  "formatid": "gen9championsvgc2026regma",
  "rating": 1144,
  "private": 0,
  "password": null
}