{
  "id": "gen9championsvgc2026regma-2585894898",
  "format": "[Gen 9 Champions] VGC 2026 Reg M-A",
  "players": [
    "CMHERSOM",
    "gasertheegyptain"
  ],
  "log": "|j|\u2606CMHERSOM\n|j|\u2606gasertheegyptain\n|t:|1776379221\n|gametype|doubles\n|player|p1|CMHERSOM|hiker-gen4|1042\n|player|p2|gasertheegyptain|unknown|1066\n|gen|9\n|tier|[Gen 9 Champions] VGC 2026 Reg M-A\n|rated|\n|rule|Species Clause: Limit one of each Pok\u00e9mon\n|rule|Item Clause: Limit 1 of each item\n|clearpoke\n|poke|p1|Tyranitar, L50, F|\n|poke|p1|Aggron, L50, F|\n|poke|p1|Sylveon, L50, M|\n|poke|p1|Arcanine, L50, F|\n|poke|p1|Whimsicott, L50, F|\n|poke|p1|Drampa, L50, M|\n|poke|p2|Tsareena, L50, F|\n|poke|p2|Clefable, L50, F|\n|poke|p2|Sneasler, L50, M|\n|poke|p2|Incineroar, L50, F|\n|poke|p2|Sinistcha-Masterpiece, L50|\n|poke|p2|Floette-Eternal, L50, F|\n|teampreview|4\n|inactive|Battle timer is ON: inactive players will automatically lose when time's up. (requested by gasertheegyptain)\n|\n|t:|1776379258\n|teamsize|p1|4\n|teamsize|p2|4\n|start\n|switch|p1a: Arcanine|Arcanine, L50, F|100/100\n|switch|p1b: Sylveon|Sylveon, L50, M|100/100\n|switch|p2a: Floette|Floette-Eternal, L50, F|100/100\n|switch|p2b: Clefable|Clefable, L50, F|100/100\n|-ability|p1a: Arcanine|Intimidate|boost\n|-unboost|p2a: Floette|atk|1\n|-unboost|p2b: Clefable|atk|1\n|turn|1\n|\n|t:|1776379272\n|detailschange|p2a: Floette|Floette-Mega, L50, F\n|-mega|p2a: Floette|Floette|Floettite\n|-ability|p2a: Floette|Fairy Aura\n|move|p2b: Clefable|Follow Me|p2b: Clefable\n|-singleturn|p2b: Clefable|move: Follow Me\n|move|p2a: Floette|Calm Mind|p2a: Floette\n|-boost|p2a: Floette|spa|1\n|-boost|p2a: Floette|spd|1\n|move|p1a: Arcanine|Flare Blitz|p2b: Clefable\n|-damage|p2b: Clefable|41/100\n|-damage|p1a: Arcanine|83/100|[from] Recoil\n|move|p1b: Sylveon|Calm Mind|p1b: Sylveon\n|-boost|p1b: Sylveon|spa|1\n|-boost|p1b: Sylveon|spd|1\n|\n|upkeep\n|turn|2\n|inactive|gasertheegyptain has 30 seconds left.\n|\n|t:|1776379299\n|move|p2b: Clefable|Follow Me|p2b: Clefable\n|-singleturn|p2b: Clefable|move: Follow Me\n|move|p2a: Floette|Moonblast|p1b: Sylveon\n|-damage|p1b: Sylveon|39/100\n|move|p1a: Arcanine|Flare Blitz|p2b: Clefable\n|-damage|p2b: Clefable|0 fnt\n|faint|p2b: Clefable\n|-damage|p1a: Arcanine|72/100|[from] Recoil\n|move|p1b: Sylveon|Calm Mind|p1b: Sylveon\n|-boost|p1b: Sylveon|spa|1\n|-boost|p1b: Sylveon|spd|1\n|\n|-heal|p1b: Sylveon|45/100|[from] item: Leftovers\n|upkeep\n|\n|t:|1776379308\n|switch|p2b: Sneasler|Sneasler, L50, M|100/100\n|turn|3\n|\n|t:|1776379316\n|move|p2b: Sneasler|Fake Out|p1a: Arcanine\n|-damage|p1a: Arcanine|53/100\n|move|p2a: Floette|Moonblast|p1b: Sylveon\n|-damage|p1b: Sylveon|0 fnt\n|faint|p1b: Sylveon\n|cant|p1a: Arcanine|flinch\n|\n|upkeep\n|\n|t:|1776379319\n|switch|p1b: Aggron|Aggron, L50, F|100/100\n|turn|4\n|\n|t:|1776379333\n|detailschange|p1b: Aggron|Aggron-Mega, L50, F\n|-mega|p1b: Aggron|Aggron|Aggronite\n|move|p2a: Floette|Protect|p2a: Floette\n|-singleturn|p2a: Floette|Protect\n|move|p2b: Sneasler|Close Combat|p1b: Aggron\n|-supereffective|p1b: Aggron|1\n|-damage|p1b: Aggron|52/100\n|-unboost|p2b: Sneasler|def|1\n|-unboost|p2b: Sneasler|spd|1\n|-enditem|p2b: Sneasler|White Herb\n|-clearnegativeboost|p2b: Sneasler|[silent]\n|move|p1a: Arcanine|Will-O-Wisp|p2b: Sneasler|[miss]\n|-miss|p1a: Arcanine|p2b: Sneasler\n|move|p1b: Aggron|Iron Head|p2a: Floette\n|-activate|p2a: Floette|move: Protect\n|\n|upkeep\n|turn|5\n|c|\u2606CMHERSOM|Man\n|\n|t:|1776379352\n|move|p2b: Sneasler|Close Combat|p1b: Aggron\n|-supereffective|p1b: Aggron|1\n|-damage|p1b: Aggron|12/100\n|-unboost|p2b: Sneasler|def|1\n|-unboost|p2b: Sneasler|spd|1\n|move|p2a: Floette|Moonblast|p1b: Aggron\n|-resisted|p1b: Aggron|1\n|-damage|p1b: Aggron|0 fnt\n|faint|p1b: Aggron\n|move|p1a: Arcanine|Flare Blitz|p2a: Floette\n|-damage|p2a: Floette|35/100\n|-damage|p1a: Arcanine|33/100|[from] Recoil\n|\n|upkeep\n|\n|t:|1776379357\n|switch|p1b: Tyranitar|Tyranitar, L50, F|100/100\n|-weather|Sandstorm|[from] ability: Sand Stream|[of] p1b: Tyranitar\n|turn|6\n|\n|t:|1776379369\n|move|p1a: Arcanine|Extreme Speed|p2a: Floette\n|-damage|p2a: Floette|3/100\n|move|p2b: Sneasler|Dire Claw|p1a: Arcanine\n|-damage|p1a: Arcanine|0 fnt\n|faint|p1a: Arcanine\n|move|p2a: Floette|Moonblast|p1b: Tyranitar\n|-supereffective|p1b: Tyranitar|1\n|-damage|p1b: Tyranitar|0 fnt\n|faint|p1b: Tyranitar\n|\n|win|gasertheegyptain\n|raw|CMHERSOM's rating: 1042 &rarr; <strong>1027</strong><br />(-15 for losing)\n|raw|gasertheegyptain's rating: 1066 &rarr; <strong>1094</strong><br />(+28 for winning)\n|c|\u2606gasertheegyptain|gg wp\n|l|\u2606CMHERSOM\n|player|p1|\n|c|\u2606gasertheegyptain|mega floette is a monster\n",
  "uploadtime": 1776379396,
  "views": 24,
  "formatid": "gen9championsvgc2026regma",
  "rating": 1027,
  "private": 0,
  "password": null
}