{
  "id": "gen9championsvgc2026regma-2589429754",
  "format": "[Gen 9 Champions] VGC 2026 Reg M-A",
  "players": [
    "b0rja",
    "NoMoreRegFAgain"
  ],
  "log": "|j|\u2606b0rja\n|j|\u2606NoMoreRegFAgain\n|t:|1776722250\n|gametype|doubles\n|player|p1|b0rja|volkner|1266\n|player|p2|NoMoreRegFAgain|li|1244\n|gen|9\n|tier|[Gen 9 Champions] VGC 2026 Reg M-A\n|rated|\n|rule|Species Clause: Limit one of each Pok\u00e9mon\n|rule|Item Clause: Limit 1 of each item\n|clearpoke\n|poke|p1|Tyranitar, L50, M|\n|poke|p1|Aerodactyl, L50, F|\n|poke|p1|Skarmory, L50, M|\n|poke|p1|Excadrill, L50, F|\n|poke|p1|Alakazam, L50, M|\n|poke|p1|Clefable, L50, F|\n|poke|p2|Delphox, L50, M, shiny|\n|poke|p2|Aerodactyl, L50, M, shiny|\n|poke|p2|Sneasler, L50, F|\n|poke|p2|Tsareena, L50, F, shiny|\n|poke|p2|Milotic, L50, F, shiny|\n|poke|p2|Garchomp, L50, F|\n|teampreview|4\n|inactive|Battle timer is ON: inactive players will automatically lose when time's up. (requested by NoMoreRegFAgain)\n|inactive|b0rja has 60 seconds left.\n|inactive|NoMoreRegFAgain has 60 seconds left.\n|inactive|b0rja has 30 seconds left.\n|inactive|b0rja has 20 seconds left.\n|inactive|b0rja has 15 seconds left.\n|inactive|b0rja has 10 seconds left.\n|\n|t:|1776722331\n|teamsize|p1|4\n|teamsize|p2|4\n|start\n|switch|p1a: Tyranitar|Tyranitar, L50, M|100/100\n|switch|p1b: Excadrill|Excadrill, L50, F|100/100\n|switch|p2a: Aerodactyl|Aerodactyl, L50, M, shiny|100/100\n|switch|p2b: Tsareena|Tsareena, L50, F, shiny|100/100\n|-ability|p2a: Aerodactyl|Unnerve\n|-weather|Sandstorm|[from] ability: Sand Stream|[of] p1a: Tyranitar\n|turn|1\n|\n|t:|1776722351\n|detailschange|p1a: Tyranitar|Tyranitar-Mega, L50, M\n|-mega|p1a: Tyranitar|Tyranitar|Tyranitarite\n|move|p1b: Excadrill|Iron Head|p2a: Aerodactyl\n|-supereffective|p2a: Aerodactyl|1\n|-damage|p2a: Aerodactyl|0 fnt\n|faint|p2a: Aerodactyl\n|move|p2b: Tsareena|Power Whip|p1a: Tyranitar\n|-supereffective|p1a: Tyranitar|1\n|-damage|p1a: Tyranitar|26/100\n|move|p1a: Tyranitar|Rock Slide|p2b: Tsareena\n|-damage|p2b: Tsareena|47/100\n|\n|-weather|Sandstorm|[upkeep]\n|-damage|p2b: Tsareena|41/100|[from] Sandstorm\n|upkeep\n|\n|t:|1776722362\n|switch|p2a: Garchomp|Garchomp, L50, F|100/100\n|turn|2\n|\n|t:|1776722377\n|move|p1a: Tyranitar|Protect|p1a: Tyranitar\n|-singleturn|p1a: Tyranitar|Protect\n|move|p1b: Excadrill|Earthquake|p2a: Garchomp|[spread] p2a,p2b\n|-activate|p1a: Tyranitar|move: Protect\n|-resisted|p2b: Tsareena|1\n|-damage|p2a: Garchomp|55/100\n|-damage|p2b: Tsareena|17/100\n|move|p2a: Garchomp|Earthquake|p1b: Excadrill|[spread] p2b,p1b\n|-activate|p1a: Tyranitar|move: Protect\n|-resisted|p2b: Tsareena|1\n|-supereffective|p1b: Excadrill|1\n|-damage|p2b: Tsareena|0 fnt\n|-damage|p1b: Excadrill|0 fnt\n|faint|p2b: Tsareena\n|faint|p1b: Excadrill\n|\n|-weather|Sandstorm|[upkeep]\n|upkeep\n|\n|t:|1776722391\n|switch|p1b: Aerodactyl|Aerodactyl, L50, F|100/100\n|switch|p2b: Delphox|Delphox, L50, M, shiny|100/100\n|-ability|p1b: Aerodactyl|Unnerve\n|turn|3\n|\n|t:|1776722406\n|detailschange|p2b: Delphox|Delphox-Mega, L50, M, shiny\n|-mega|p2b: Delphox|Delphox|Delphoxite\n|move|p2b: Delphox|Psyshock|p1b: Aerodactyl\n|-damage|p1b: Aerodactyl|24/100\n|move|p1b: Aerodactyl|Tailwind|p1b: Aerodactyl\n|-sidestart|p1: b0rja|move: Tailwind\n|move|p1a: Tyranitar|Knock Off|p2b: Delphox\n|-supereffective|p2b: Delphox|1\n|-damage|p2b: Delphox|0 fnt\n|faint|p2b: Delphox\n|move|p2a: Garchomp|Dragon Claw|p1b: Aerodactyl\n|-damage|p1b: Aerodactyl|0 fnt\n|faint|p1b: Aerodactyl\n|\n|-weather|Sandstorm|[upkeep]\n|upkeep\n|\n|t:|1776722412\n|switch|p1b: Alakazam|Alakazam, L50, M|100/100\n|turn|4\n|\n|t:|1776722420\n|move|p2a: Garchomp|Protect|p2a: Garchomp\n|-singleturn|p2a: Garchomp|Protect\n|move|p1b: Alakazam|Psyshock|p2a: Garchomp\n|-activate|p2a: Garchomp|move: Protect\n|move|p1a: Tyranitar|Knock Off|p2a: Garchomp\n|-activate|p2a: Garchomp|move: Protect\n|\n|-weather|Sandstorm|[upkeep]\n|upkeep\n|turn|5\n|\n|t:|1776722424\n|move|p1b: Alakazam|Psyshock|p2a: Garchomp\n|-damage|p2a: Garchomp|7/100\n|move|p1a: Tyranitar|Knock Off|p2a: Garchomp\n|-damage|p2a: Garchomp|0 fnt\n|-damage|p1a: Tyranitar|13/100|[from] ability: Rough Skin|[of] p2a: Garchomp\n|-enditem|p2a: Garchomp|White Herb|[from] move: Knock Off|[of] p1a: Tyranitar\n|faint|p2a: Garchomp\n|\n|win|b0rja\n|raw|b0rja's rating: 1266 &rarr; <strong>1289</strong><br />(+23 for winning)\n|raw|NoMoreRegFAgain's rating: 1244 &rarr; <strong>1221</strong><br />(-23 for losing)\n",
  "uploadtime": 1776722424,
  "views": 6,
  "formatid": "gen9championsvgc2026regma",
  "rating": 1221,
  "private": 0,
  "password": null
}