{
  "id": "gen9championsvgc2026regma-2585078700",
  "format": "[Gen 9 Champions] VGC 2026 Reg M-A",
  "players": [
    "LovelyLizardLad",
    "dizidvef"
  ],
  "log": "|j|\u2606LovelyLizardLad\n|j|\u203ddizidvef\n|t:|1776309517\n|gametype|doubles\n|player|p1|LovelyLizardLad|red|1423\n|player|p2|dizidvef|102|1348\n|gen|9\n|tier|[Gen 9 Champions] VGC 2026 Reg M-A\n|rated|\n|rule|Species Clause: Limit one of each Pok\u00e9mon\n|rule|Item Clause: Limit 1 of each item\n|clearpoke\n|poke|p1|Delphox, L50, M|\n|poke|p1|Basculegion, L50, M|\n|poke|p1|Clefable, L50, F|\n|poke|p1|Kingambit, L50, F|\n|poke|p1|Sneasler, L50, M|\n|poke|p1|Ninetales-Alola, L50, M|\n|poke|p2|Floette-Eternal, L50, F|\n|poke|p2|Aegislash, L50, F|\n|poke|p2|Sinistcha, L50|\n|poke|p2|Archaludon, L50, F|\n|poke|p2|Pelipper, L50, F|\n|poke|p2|Lucario, L50, M|\n|teampreview|4\n|inactive|Battle timer is ON: inactive players will automatically lose when time's up. (requested by dizidvef)\n|inactive|LovelyLizardLad has 60 seconds left.\n|\n|t:|1776309573\n|teamsize|p1|4\n|teamsize|p2|4\n|start\n|switch|p1a: Basculegion|Basculegion, L50, M|100/100\n|switch|p1b: Kingambit|Kingambit, L50, F|100/100\n|switch|p2a: Sinistcha|Sinistcha, L50|100/100\n|switch|p2b: Aegislash|Aegislash, L50, F|100/100\n|turn|1\n|\n|t:|1776309592\n|move|p2a: Sinistcha|Protect|p2a: Sinistcha\n|-singleturn|p2a: Sinistcha|Protect\n|move|p1a: Basculegion|Flip Turn|p2a: Sinistcha\n|-activate|p2a: Sinistcha|move: Protect\n|-formechange|p2b: Aegislash|Aegislash-Blade|\n|move|p2b: Aegislash|Poltergeist|p1a: Basculegion\n|-activate|p1a: Basculegion|move: Poltergeist|Choice Scarf\n|-supereffective|p1a: Basculegion|1\n|-damage|p1a: Basculegion|0 fnt\n|faint|p1a: Basculegion\n|move|p1b: Kingambit|Kowtow Cleave|p2a: Sinistcha\n|-activate|p2a: Sinistcha|move: Protect\n|\n|upkeep\n|\n|t:|1776309600\n|switch|p1a: Ninetales|Ninetales-Alola, L50, M|100/100\n|-weather|Snowscape|[from] ability: Snow Warning|[of] p1a: Ninetales\n|turn|2\n|\n|t:|1776309617\n|move|p1a: Ninetales|Encore|p2a: Sinistcha\n|-start|p2a: Sinistcha|Encore\n|move|p2a: Sinistcha|Protect||[still]\n|-fail|p2a: Sinistcha\n|move|p2b: Aegislash|Poltergeist|p1a: Ninetales\n|-activate|p1a: Ninetales|move: Poltergeist|Never-Melt Ice\n|-damage|p1a: Ninetales|16/100\n|move|p1b: Kingambit|Swords Dance|p1b: Kingambit\n|-boost|p1b: Kingambit|atk|2\n|\n|-weather|Snowscape|[upkeep]\n|upkeep\n|turn|3\n|\n|t:|1776309634\n|switch|p1a: Delphox|Delphox, L50, M|100/100\n|move|p2a: Sinistcha|Protect|p2a: Sinistcha\n|-singleturn|p2a: Sinistcha|Protect\n|move|p1b: Kingambit|Sucker Punch|p2b: Aegislash\n|-supereffective|p2b: Aegislash|1\n|-damage|p2b: Aegislash|0 fnt\n|faint|p2b: Aegislash\n|\n|-weather|Snowscape|[upkeep]\n|upkeep\n|\n|t:|1776309642\n|switch|p2b: Pelipper|Pelipper, L50, F|100/100\n|-weather|RainDance|[from] ability: Drizzle|[of] p2b: Pelipper\n|turn|4\n|\n|t:|1776309659\n|switch|p1a: Ninetales|Ninetales-Alola, L50, M|16/100\n|-weather|Snowscape|[from] ability: Snow Warning|[of] p1a: Ninetales\n|move|p2a: Sinistcha|Protect|p2a: Sinistcha\n|-singleturn|p2a: Sinistcha|Protect\n|move|p2b: Pelipper|Weather Ball|p1a: Ninetales\n|-resisted|p1a: Ninetales|1\n|-damage|p1a: Ninetales|0 fnt\n|faint|p1a: Ninetales\n|move|p1b: Kingambit|Kowtow Cleave|p2a: Sinistcha\n|-activate|p2a: Sinistcha|move: Protect\n|\n|-weather|Snowscape|[upkeep]\n|-end|p2a: Sinistcha|Encore\n|upkeep\n|\n|t:|1776309665\n|switch|p1a: Delphox|Delphox, L50, M|100/100\n|turn|5\n|\n|t:|1776309680\n|detailschange|p1a: Delphox|Delphox-Mega, L50, M\n|-mega|p1a: Delphox|Delphox|Delphoxite\n|move|p1a: Delphox|Heat Wave|p2a: Sinistcha|[spread] p2a,p2b\n|-supereffective|p2a: Sinistcha|1\n|-resisted|p2b: Pelipper|1\n|-damage|p2a: Sinistcha|3/100\n|-damage|p2b: Pelipper|64/100\n|move|p2b: Pelipper|Tailwind|p2b: Pelipper\n|-sidestart|p2: dizidvef|move: Tailwind\n|move|p2a: Sinistcha|Matcha Gotcha|p1b: Kingambit|[spread] p1a,p1b\n|-resisted|p1a: Delphox|1\n|-resisted|p1b: Kingambit|1\n|-damage|p1a: Delphox|89/100\n|-heal|p2a: Sinistcha|8/100|[from] drain|[of] p1a: Delphox\n|-damage|p1b: Kingambit|89/100\n|-heal|p2a: Sinistcha|15/100|[from] drain|[of] p1b: Kingambit\n|-status|p1b: Kingambit|brn\n|move|p1b: Kingambit|Kowtow Cleave|p2b: Pelipper\n|-damage|p2b: Pelipper|0 fnt\n|faint|p2b: Pelipper\n|\n|-weather|Snowscape|[upkeep]\n|-heal|p2a: Sinistcha|21/100|[from] item: Leftovers\n|-damage|p1b: Kingambit|84/100 brn|[from] brn\n|upkeep\n|\n|t:|1776309695\n|switch|p2b: Lucario|Lucario, L50, M|100/100\n|turn|6\n|\n|t:|1776309705\n|detailschange|p2b: Lucario|Lucario-Mega, L50, M\n|-mega|p2b: Lucario|Lucario|Lucarionite\n|move|p1b: Kingambit|Protect|p1b: Kingambit\n|-singleturn|p1b: Kingambit|Protect\n|move|p2a: Sinistcha|Rage Powder|p2a: Sinistcha\n|-singleturn|p2a: Sinistcha|move: Rage Powder\n|move|p2b: Lucario|Close Combat|p1a: Delphox\n|-resisted|p1a: Delphox|1\n|-damage|p1a: Delphox|18/100\n|-unboost|p2b: Lucario|def|1\n|-unboost|p2b: Lucario|spd|1\n|move|p1a: Delphox|Heat Wave|p2a: Sinistcha|[spread] p2a,p2b\n|-supereffective|p2a: Sinistcha|1\n|-supereffective|p2b: Lucario|1\n|-damage|p2a: Sinistcha|0 fnt\n|-damage|p2b: Lucario|0 fnt\n|faint|p2a: Sinistcha\n|faint|p2b: Lucario\n|\n|win|LovelyLizardLad\n|raw|LovelyLizardLad's rating: 1423 &rarr; <strong>1439</strong><br />(+16 for winning)\n|raw|dizidvef's rating: 1348 &rarr; <strong>1332</strong><br />(-16 for losing)\n",
  "uploadtime": 1776309708,
  "views": 28,
  "formatid": "gen9championsvgc2026regma",
  "rating": 1332,
  "private": 0,
  "password": null
}