{
  "id": "gen9championsvgc2026regma-2581320607",
  "format": "[Gen 9 Champions] VGC 2026 Reg M-A",
  "players": [
    "angeallen455",
    "C_H_A_N_T_Y457"
  ],
  "log": "|j|\u2606angeallen455\n|j|\u2606C_H_A_N_T_Y457\n|t:|1775986243\n|gametype|doubles\n|player|p1|angeallen455|colress|1000\n|player|p2|C_H_A_N_T_Y457|2|1094\n|gen|9\n|tier|[Gen 9 Champions] VGC 2026 Reg M-A\n|rated|\n|rule|Species Clause: Limit one of each Pok\u00e9mon\n|rule|Item Clause: Limit 1 of each item\n|clearpoke\n|poke|p1|Delphox, L50, F|\n|poke|p1|Basculegion, L50, M|\n|poke|p1|Clefable, L50, F|\n|poke|p1|Kingambit, L50, M|\n|poke|p1|Dragonite, L50, M|\n|poke|p1|Sneasler, L50, M|\n|poke|p2|Gengar, L50, F|\n|poke|p2|Politoed, L50, M|\n|poke|p2|Clefable, L50, F|\n|poke|p2|Incineroar, L50, M|\n|poke|p2|Klefki, L50, F|\n|poke|p2|Hydreigon, L50, M|\n|teampreview|4\nC_H_A_N_T_Y457 rejected open team sheets.\n|inactive|Battle timer is ON: inactive players will automatically lose when time's up. (requested by C_H_A_N_T_Y457)\n|inactive|angeallen455 has 60 seconds left.\n|\n|t:|1775986337\n|teamsize|p1|4\n|teamsize|p2|4\n|start\n|switch|p1a: Sneasler|Sneasler, L50, M|100/100\n|switch|p1b: Kingambit|Kingambit, L50, M|100/100\n|switch|p2a: Gengar|Gengar, L50, F|100/100\n|switch|p2b: Hydreigon|Hydreigon, L50, M|100/100\n|turn|1\n|c|\u2606angeallen455|glhf :)\n|inactive|angeallen455 has 30 seconds left.\n|c|\u2606C_H_A_N_T_Y457|you too\n|inactive|angeallen455 has 20 seconds left.\n|inactive|angeallen455 has 15 seconds left.\n|\n|t:|1775986377\n|detailschange|p2a: Gengar|Gengar-Mega, L50, F\n|-mega|p2a: Gengar|Gengar|Gengarite\n|move|p2a: Gengar|Protect|p2a: Gengar\n|-singleturn|p2a: Gengar|Protect\n|move|p1a: Sneasler|Close Combat|p2b: Hydreigon\n|-supereffective|p2b: Hydreigon|1\n|-enditem|p2b: Hydreigon|Chople Berry|[eat]\n|-enditem|p2b: Hydreigon|Chople Berry|[weaken]\n|-damage|p2b: Hydreigon|24/100\n|-unboost|p1a: Sneasler|def|1\n|-unboost|p1a: Sneasler|spd|1\n|move|p2b: Hydreigon|Earth Power|p1a: Sneasler\n|-supereffective|p1a: Sneasler|1\n|-enditem|p1a: Sneasler|Focus Sash\n|-damage|p1a: Sneasler|1/100\n|-unboost|p1a: Sneasler|spd|1\n|move|p1b: Kingambit|Kowtow Cleave|p2a: Gengar\n|-activate|p2a: Gengar|move: Protect\n|\n|upkeep\n|turn|2\n|\n|t:|1775986398\n|move|p1a: Sneasler|Close Combat|p2b: Hydreigon\n|-supereffective|p2b: Hydreigon|1\n|-damage|p2b: Hydreigon|0 fnt\n|-unboost|p1a: Sneasler|def|1\n|-unboost|p1a: Sneasler|spd|1\n|faint|p2b: Hydreigon\n|move|p2a: Gengar|Disable|p1b: Kingambit\n|-start|p1b: Kingambit|Disable|Kowtow Cleave\n|cant|p1b: Kingambit|Disable|Kowtow Cleave\n|\n|upkeep\n|\n|t:|1775986405\n|switch|p2b: Klefki|Klefki, L50, F|100/100\n|turn|3\n|\n|t:|1775986422\n|move|p2b: Klefki|Reflect|p2b: Klefki\n|-sidestart|p2: C_H_A_N_T_Y457|Reflect\n|move|p1a: Sneasler|Close Combat|p2b: Klefki\n|-damage|p2b: Klefki|57/100\n|-unboost|p1a: Sneasler|def|1\n|-unboost|p1a: Sneasler|spd|1\n|move|p2a: Gengar|Shadow Ball|p1a: Sneasler\n|-damage|p1a: Sneasler|0 fnt\n|faint|p1a: Sneasler\n|move|p1b: Kingambit|Swords Dance|p1b: Kingambit\n|-boost|p1b: Kingambit|atk|2\n|\n|upkeep\n|\n|t:|1775986430\n|switch|p1a: Delphox|Delphox, L50, F|100/100\n|turn|4\n|\n|t:|1775986447\n|switch|p2b: Clefable|Clefable, L50, F|100/100\n|detailschange|p1a: Delphox|Delphox-Mega, L50, F\n|-mega|p1a: Delphox|Delphox|Delphoxite\n|move|p2a: Gengar|Protect|p2a: Gengar\n|-singleturn|p2a: Gengar|Protect\n|move|p1a: Delphox|Heat Wave|p2a: Gengar|[spread] p2b\n|-activate|p2a: Gengar|move: Protect\n|-damage|p2b: Clefable|63/100\n|move|p1b: Kingambit|Swords Dance|p1b: Kingambit\n|-boost|p1b: Kingambit|atk|2\n|\n|upkeep\n|turn|5\n|inactive|angeallen455 has 30 seconds left.\n|inactive|C_H_A_N_T_Y457 has 30 seconds left.\n|\n|t:|1775986478\n|move|p1b: Kingambit|Sucker Punch||[still]\n|-fail|p1b: Kingambit\n|move|p1a: Delphox|Heat Wave|p2b: Clefable|[spread] p2a,p2b\n|-damage|p2a: Gengar|53/100\n|-damage|p2b: Clefable|25/100\n|-enditem|p2b: Clefable|Sitrus Berry|[eat]\n|-heal|p2b: Clefable|50/100|[from] item: Sitrus Berry\n|move|p2a: Gengar|Perish Song|p2a: Gengar\n|-start|p1a: Delphox|perish3|[silent]\n|-start|p1b: Kingambit|perish3|[silent]\n|-start|p2a: Gengar|perish3|[silent]\n|-start|p2b: Clefable|perish3|[silent]\n|-fieldactivate|move: Perish Song\n|move|p2b: Clefable|Encore|p1b: Kingambit\n|-start|p1b: Kingambit|Encore\n|\n|-end|p1b: Kingambit|Disable\n|-start|p1a: Delphox|perish3\n|-start|p2a: Gengar|perish3\n|-start|p2b: Clefable|perish3\n|-start|p1b: Kingambit|perish3\n|upkeep\n|turn|6\n|inactive|C_H_A_N_T_Y457 has 30 seconds left.\n|\n|t:|1775986503\n|move|p2a: Gengar|Protect|p2a: Gengar\n|-singleturn|p2a: Gengar|Protect\n|move|p2b: Clefable|Protect|p2b: Clefable\n|-singleturn|p2b: Clefable|Protect\n|move|p1b: Kingambit|Sucker Punch||[still]\n|-fail|p1b: Kingambit\n|move|p1a: Delphox|Heat Wave|p2a: Gengar|[spread] \n|-activate|p2a: Gengar|move: Protect\n|-activate|p2b: Clefable|move: Protect\n|\n|-start|p1a: Delphox|perish2\n|-start|p2a: Gengar|perish2\n|-start|p2b: Clefable|perish2\n|-start|p1b: Kingambit|perish2\n|upkeep\n|turn|7\n|\n|t:|1775986517\n|move|p2b: Clefable|Follow Me|p2b: Clefable\n|-singleturn|p2b: Clefable|move: Follow Me\n|move|p1b: Kingambit|Sucker Punch||[still]\n|-fail|p1b: Kingambit\n|move|p1a: Delphox|Heat Wave|p2b: Clefable|[spread] p2a,p2b\n|-crit|p2a: Gengar\n|-damage|p2a: Gengar|0 fnt\n|-damage|p2b: Clefable|12/100\n|faint|p2a: Gengar\n|\n|-start|p1a: Delphox|perish1\n|-start|p2b: Clefable|perish1\n|-start|p1b: Kingambit|perish1\n|-sideend|p2: C_H_A_N_T_Y457|Reflect\n|upkeep\n|c|\u2606C_H_A_N_T_Y457|gg nice crit\n|-message|C_H_A_N_T_Y457 forfeited.\n|\n|win|angeallen455\n|raw|angeallen455's rating: 1000 &rarr; <strong>1051</strong><br />(+51 for winning)\n|raw|C_H_A_N_T_Y457's rating: 1094 &rarr; <strong>1064</strong><br />(-30 for losing)\n|l|\u2606C_H_A_N_T_Y457\n|player|p2|\n|l|\u2606angeallen455\n|player|p1|\n|j|\u2606angeallen455\n|player|p1|angeallen455|colress|\n",
  "uploadtime": 1775986585,
  "views": 19,
  "formatid": "gen9championsvgc2026regma",
  "rating": 1051,
  "private": 0,
  "password": null
}