{
  "id": "gen9championsvgc2026regma-2585623599",
  "format": "[Gen 9 Champions] VGC 2026 Reg M-A",
  "players": [
    "Konlan",
    "rocci"
  ],
  "log": "|j|\u2606Konlan\n|j|\u2606rocci\n|t:|1776359570\n|gametype|doubles\n|player|p1|Konlan|rosa|1130\n|player|p2|rocci|beauty-gen4dp|1213\n|gen|9\n|tier|[Gen 9 Champions] VGC 2026 Reg M-A\n|rated|\n|rule|Species Clause: Limit one of each Pok\u00e9mon\n|rule|Item Clause: Limit 1 of each item\n|clearpoke\n|poke|p1|Glalie, L50, F|\n|poke|p1|Victreebel, L50, F|\n|poke|p1|Pangoro, L50, M|\n|poke|p1|Basculegion, L50, M|\n|poke|p1|Pelipper, L50, F|\n|poke|p1|Tyrantrum, L50, F|\n|poke|p2|Sylveon, L50, M|\n|poke|p2|Slowbro, L50, M|\n|poke|p2|Tyranitar, L50, M|\n|poke|p2|Farigiraf, L50, F|\n|poke|p2|Clefable, L50, F|\n|poke|p2|Conkeldurr, L50, M|\n|teampreview|4\n|\n|t:|1776359614\n|teamsize|p1|4\n|teamsize|p2|4\n|start\n|switch|p1a: Pelipper|Pelipper, L50, F|100/100\n|switch|p1b: Tyrantrum|Tyrantrum, L50, F|100/100\n|switch|p2a: Farigiraf|Farigiraf, L50, F|100/100\n|switch|p2b: Tyranitar|Tyranitar, L50, M|100/100\n|-weather|RainDance|[from] ability: Drizzle|[of] p1a: Pelipper\n|-weather|Sandstorm|[from] ability: Sand Stream|[of] p2b: Tyranitar\n|turn|1\n|\n|t:|1776359630\n|switch|p2b: Slowbro|Slowbro, L50, M|100/100\n|move|p1a: Pelipper|Wide Guard|p1a: Pelipper\n|-singleturn|p1a: Pelipper|Wide Guard\n|move|p1b: Tyrantrum|Crunch|p2a: Farigiraf\n|-supereffective|p2a: Farigiraf|1\n|-damage|p2a: Farigiraf|43/100\n|-enditem|p2a: Farigiraf|Sitrus Berry|[eat]\n|-heal|p2a: Farigiraf|68/100|[from] item: Sitrus Berry\n|move|p2a: Farigiraf|Trick Room|p2a: Farigiraf\n|-fieldstart|move: Trick Room|[of] p2a: Farigiraf\n|\n|-weather|Sandstorm|[upkeep]\n|-damage|p2b: Slowbro|95/100|[from] Sandstorm\n|-damage|p2a: Farigiraf|62/100|[from] Sandstorm\n|-damage|p1a: Pelipper|95/100|[from] Sandstorm\n|upkeep\n|turn|2\n|\n|t:|1776359658\n|switch|p1a: Victreebel|Victreebel, L50, F|100/100\n|move|p2b: Slowbro|Scald|p1b: Tyrantrum\n|-damage|p1b: Tyrantrum|69/100\n|move|p2a: Farigiraf|Psychic|p1b: Tyrantrum\n|-damage|p1b: Tyrantrum|34/100\n|move|p1b: Tyrantrum|Crunch|p2a: Farigiraf\n|-supereffective|p2a: Farigiraf|1\n|-damage|p2a: Farigiraf|0 fnt\n|faint|p2a: Farigiraf\n|\n|-weather|Sandstorm|[upkeep]\n|-damage|p2b: Slowbro|89/100|[from] Sandstorm\n|-damage|p1a: Victreebel|95/100|[from] Sandstorm\n|upkeep\n|\n|t:|1776359671\n|switch|p2a: Sylveon|Sylveon, L50, M|100/100\n|turn|3\n|\n|t:|1776359708\n|detailschange|p1a: Victreebel|Victreebel-Mega, L50, F\n|-mega|p1a: Victreebel|Victreebel|Victreebelite\n|move|p2b: Slowbro|Scald|p1a: Victreebel\n|-resisted|p1a: Victreebel|1\n|-damage|p1a: Victreebel|81/100\n|move|p2a: Sylveon|Hyper Voice|p1a: Victreebel|[spread] p1a,p1b\n|-resisted|p1a: Victreebel|1\n|-supereffective|p1b: Tyrantrum|1\n|-damage|p1a: Victreebel|56/100\n|-damage|p1b: Tyrantrum|0 fnt\n|faint|p1b: Tyrantrum\n|move|p1a: Victreebel|Sludge Bomb|p2a: Sylveon\n|-supereffective|p2a: Sylveon|1\n|-damage|p2a: Sylveon|34/100\n|\n|-weather|Sandstorm|[upkeep]\n|-damage|p2b: Slowbro|83/100|[from] Sandstorm\n|-damage|p2a: Sylveon|28/100|[from] Sandstorm\n|-damage|p1a: Victreebel|50/100|[from] Sandstorm\n|upkeep\n|\n|t:|1776359722\n|switch|p1b: Pangoro|Pangoro, L50, M|100/100\n|-ability|p1b: Pangoro|Mold Breaker\n|turn|4\n|\n|t:|1776359730\n|move|p1b: Pangoro|Bullet Punch|p2a: Sylveon\n|-supereffective|p2a: Sylveon|1\n|-damage|p2a: Sylveon|0 fnt\n|faint|p2a: Sylveon\n|move|p2b: Slowbro|Psychic|p1a: Victreebel\n|-supereffective|p1a: Victreebel|1\n|-damage|p1a: Victreebel|0 fnt\n|-damage|p2b: Slowbro|37/100|[from] ability: Innards Out|[of] p1a: Victreebel\n|faint|p1a: Victreebel\n|\n|-weather|Sandstorm|[upkeep]\n|-damage|p2b: Slowbro|31/100|[from] Sandstorm\n|-damage|p1b: Pangoro|95/100|[from] Sandstorm\n|upkeep\n|\n|t:|1776359741\n|switch|p2a: Tyranitar|Tyranitar, L50, M|100/100\n|switch|p1a: Pelipper|Pelipper, L50, F|95/100\n|-weather|RainDance|[from] ability: Drizzle|[of] p1a: Pelipper\n|turn|5\n|\n|t:|1776359797\n|detailschange|p2b: Slowbro|Slowbro-Mega, L50, M\n|-mega|p2b: Slowbro|Slowbro|Slowbronite\n|move|p2b: Slowbro|Slack Off|p2b: Slowbro\n|-heal|p2b: Slowbro|81/100\n|move|p2a: Tyranitar|Crunch|p1a: Pelipper\n|-damage|p1a: Pelipper|34/100\n|move|p1a: Pelipper|Weather Ball|p2a: Tyranitar\n|-supereffective|p2a: Tyranitar|1\n|-damage|p2a: Tyranitar|0 fnt\n|faint|p2a: Tyranitar\n|move|p1b: Pangoro|Comeuppance||[still]\n|-fail|p1b: Pangoro\n|\n|-weather|RainDance|[upkeep]\n|-fieldend|move: Trick Room\n|upkeep\n|turn|6\n|\n|t:|1776359825\n|move|p1b: Pangoro|Comeuppance||[still]\n|-fail|p1b: Pangoro\n|move|p1a: Pelipper|Hurricane|p2b: Slowbro\n|-damage|p2b: Slowbro|28/100\n|move|p2b: Slowbro|Psychic|p1a: Pelipper\n|-damage|p1a: Pelipper|0 fnt\n|faint|p1a: Pelipper\n|\n|-weather|RainDance|[upkeep]\n|upkeep\n|turn|7\n|\n|t:|1776359837\n|move|p1b: Pangoro|Headlong Rush|p2b: Slowbro\n|-damage|p2b: Slowbro|14/100\n|-unboost|p1b: Pangoro|def|1\n|-unboost|p1b: Pangoro|spd|1\n|move|p2b: Slowbro|Slack Off|p2b: Slowbro\n|-heal|p2b: Slowbro|64/100\n|\n|-weather|RainDance|[upkeep]\n|upkeep\n|turn|8\n|\n|t:|1776359844\n|move|p1b: Pangoro|Headlong Rush|p2b: Slowbro\n|-damage|p2b: Slowbro|49/100\n|-unboost|p1b: Pangoro|def|1\n|-unboost|p1b: Pangoro|spd|1\n|move|p2b: Slowbro|Slack Off|p2b: Slowbro\n|-heal|p2b: Slowbro|99/100\n|\n|-weather|RainDance|[upkeep]\n|upkeep\n|turn|9\n|\n|t:|1776359849\n|move|p1b: Pangoro|Headlong Rush|p2b: Slowbro\n|-damage|p2b: Slowbro|85/100\n|-unboost|p1b: Pangoro|def|1\n|-unboost|p1b: Pangoro|spd|1\n|move|p2b: Slowbro|Scald|p1b: Pangoro\n|-damage|p1b: Pangoro|0 fnt\n|faint|p1b: Pangoro\n|\n|win|rocci\n|raw|Konlan's rating: 1130 &rarr; <strong>1111</strong><br />(-19 for losing)\n|raw|rocci's rating: 1213 &rarr; <strong>1232</strong><br />(+19 for winning)\n|l|\u2606Konlan\n|player|p1|\n|l|\u2606rocci\n|player|p2|\n|j|\u2606rocci\n|player|p2|rocci|beauty-gen4dp|\n",
  "uploadtime": 1776359852,
  "views": 34,
  "formatid": "gen9championsvgc2026regma",
  "rating": 1111,
  "private": 0,
  "password": null
}