{
  "id": "gen9championsvgc2026regma-2582854167",
  "format": "[Gen 9 Champions] VGC 2026 Reg M-A",
  "players": [
    "DryIceBros",
    "gorpstink"
  ],
  "log": "|j|\u2606DryIceBros\n|j|\u2606gorpstink\n|t:|1776119334\n|gametype|doubles\n|player|p1|DryIceBros|mars|1095\n|player|p2|gorpstink|rika|1079\n|gen|9\n|tier|[Gen 9 Champions] VGC 2026 Reg M-A\n|rated|\n|rule|Species Clause: Limit one of each Pok\u00e9mon\n|rule|Item Clause: Limit 1 of each item\n|clearpoke\n|poke|p1|Crabominable, L50, M|\n|poke|p1|Farigiraf, L50, M|\n|poke|p1|Ninetales-Alola, L50, M|\n|poke|p1|Incineroar, L50, F|\n|poke|p1|Palafin, L50, F|\n|poke|p1|Golurk, L50|\n|poke|p2|Hawlucha, L50, F|\n|poke|p2|Vanilluxe, L50, F|\n|poke|p2|Incineroar, L50, M|\n|poke|p2|Whimsicott, L50, M|\n|poke|p2|Sneasler, L50, M|\n|poke|p2|Glaceon, L50, F|\n|teampreview|4\nDryIceBros has agreed to open team sheets.\n|inactive|Battle timer is ON: inactive players will automatically lose when time's up. (requested by gorpstink)\n|\n|t:|1776119376\n|teamsize|p1|4\n|teamsize|p2|4\n|start\n|switch|p1a: Incineroar|Incineroar, L50, F|100/100\n|switch|p1b: Ninetales|Ninetales-Alola, L50, M|100/100\n|switch|p2a: Hawlucha|Hawlucha, L50, F|100/100\n|switch|p2b: Incineroar|Incineroar, L50, M|100/100\n|-weather|Snowscape|[from] ability: Snow Warning|[of] p1b: Ninetales\n|-ability|p2b: Incineroar|Intimidate|boost\n|-unboost|p1a: Incineroar|atk|1\n|-unboost|p1b: Ninetales|atk|1\n|-ability|p1a: Incineroar|Intimidate|boost\n|-unboost|p2a: Hawlucha|atk|1\n|-unboost|p2b: Incineroar|atk|1\n|turn|1\n|\n|t:|1776119393\n|detailschange|p2a: Hawlucha|Hawlucha-Mega, L50, F\n|-mega|p2a: Hawlucha|Hawlucha|Hawluchanite\n|move|p2b: Incineroar|Fake Out|p1a: Incineroar\n|-damage|p1a: Incineroar|94/100\n|cant|p1a: Incineroar|flinch\n|move|p1b: Ninetales|Aurora Veil|p1b: Ninetales\n|-sidestart|p1: DryIceBros|move: Aurora Veil\n|move|p2a: Hawlucha|Close Combat|p1a: Incineroar\n|-supereffective|p1a: Incineroar|1\n|-damage|p1a: Incineroar|53/100\n|-unboost|p2a: Hawlucha|def|1\n|-unboost|p2a: Hawlucha|spd|1\n|\n|-weather|Snowscape|[upkeep]\n|upkeep\n|turn|2\n|inactive|DryIceBros has 30 seconds left.\n|\n|t:|1776119425\n|switch|p2b: Vanilluxe|Vanilluxe, L50, F|100/100\n|switch|p1a: Crabominable|Crabominable, L50, M|100/100\n|move|p1b: Ninetales|Blizzard|p2a: Hawlucha|[spread] p2a,p2b\n|-supereffective|p2a: Hawlucha|1\n|-resisted|p2b: Vanilluxe|1\n|-damage|p2a: Hawlucha|2/100\n|-damage|p2b: Vanilluxe|80/100\n|move|p2a: Hawlucha|Entrainment|p2b: Vanilluxe\n|-ability|p2b: Vanilluxe|No Guard|Snow Warning|[from] move: Entrainment|[of] p2a: Hawlucha\n|\n|-weather|Snowscape|[upkeep]\n|upkeep\n|turn|3\n|inactive|gorpstink has 30 seconds left.\n|inactive|DryIceBros has 30 seconds left.\n|inactive|gorpstink has 20 seconds left.\n|inactive|gorpstink has 15 seconds left.\n|\n|t:|1776119473\n|switch|p2a: Incineroar|Incineroar, L50, M|100/100\n|-ability|p2a: Incineroar|Intimidate|boost\n|-fail|p1a: Crabominable|unboost|Attack|[from] ability: Hyper Cutter|[of] p1a: Crabominable\n|-unboost|p1b: Ninetales|atk|1\n|detailschange|p1a: Crabominable|Crabominable-Mega, L50, M\n|-mega|p1a: Crabominable|Crabominable|Crabominite\n|move|p1a: Crabominable|Protect|p1a: Crabominable\n|-singleturn|p1a: Crabominable|Protect\n|move|p2b: Vanilluxe|Blizzard|p1b: Ninetales|[spread] p1b\n|-activate|p1a: Crabominable|move: Protect\n|-resisted|p1b: Ninetales|1\n|-damage|p1b: Ninetales|86/100\n|move|p1b: Ninetales|Blizzard|p2a: Incineroar|[spread] p2a,p2b\n|-resisted|p2a: Incineroar|1\n|-resisted|p2b: Vanilluxe|1\n|-damage|p2a: Incineroar|86/100\n|-damage|p2b: Vanilluxe|62/100\n|\n|-weather|Snowscape|[upkeep]\n|upkeep\n|turn|4\n|inactive|gorpstink has 30 seconds left.\n|\n|t:|1776119502\n|switch|p1b: Farigiraf|Farigiraf, L50, M|100/100\n|move|p2a: Incineroar|Fake Out||[still]\n|cant|p1b: Farigiraf|ability: Armor Tail|Fake Out|[of] p2a: Incineroar\n|move|p1a: Crabominable|Mach Punch|p2b: Vanilluxe\n|-supereffective|p2b: Vanilluxe|1\n|-damage|p2b: Vanilluxe|8/100\n|move|p2b: Vanilluxe|Blizzard|p1a: Crabominable|[spread] p1a,p1b\n|-resisted|p1a: Crabominable|1\n|-damage|p1a: Crabominable|91/100\n|-damage|p1b: Farigiraf|79/100\n|\n|-weather|Snowscape|[upkeep]\n|upkeep\n|turn|5\n|inactive|DryIceBros has 30 seconds left.\n|\n|t:|1776119528\n|move|p1a: Crabominable|Protect|p1a: Crabominable\n|-singleturn|p1a: Crabominable|Protect\n|move|p2b: Vanilluxe|Blizzard|p1a: Crabominable|[spread] p1b\n|-activate|p1a: Crabominable|move: Protect\n|-damage|p1b: Farigiraf|60/100\n|move|p2a: Incineroar|Taunt|p1b: Farigiraf\n|-start|p1b: Farigiraf|move: Taunt\n|cant|p1b: Farigiraf|move: Taunt|Trick Room\n|\n|-weather|none\n|-sideend|p1: DryIceBros|move: Aurora Veil\n|upkeep\n|turn|6\n|inactive|gorpstink has 30 seconds left.\n|inactive|gorpstink has 20 seconds left.\n|\n|t:|1776119568\n|switch|p1b: Ninetales|Ninetales-Alola, L50, M|86/100\n|-weather|Snowscape|[from] ability: Snow Warning|[of] p1b: Ninetales\n|move|p1a: Crabominable|Mach Punch|p2b: Vanilluxe\n|-supereffective|p2b: Vanilluxe|1\n|-damage|p2b: Vanilluxe|0 fnt\n|faint|p2b: Vanilluxe\n|move|p2a: Incineroar|Taunt|p1a: Crabominable\n|-start|p1a: Crabominable|move: Taunt\n|\n|-weather|Snowscape|[upkeep]\n|upkeep\n|\n|t:|1776119578\n|switch|p2b: Sneasler|Sneasler, L50, M|100/100\n|turn|7\n|\n|t:|1776119601\n|switch|p1b: Incineroar|Incineroar, L50, F|53/100\n|-ability|p1b: Incineroar|Intimidate|boost\n|-unboost|p2a: Incineroar|atk|1\n|-unboost|p2b: Sneasler|atk|1\n|-enditem|p2b: Sneasler|White Herb\n|-clearnegativeboost|p2b: Sneasler|[silent]\n|move|p2b: Sneasler|Rock Slide|p1b: Incineroar|[spread] p1a,p1b\n|-supereffective|p1b: Incineroar|1\n|-damage|p1a: Crabominable|81/100\n|-damage|p1b: Incineroar|20/100\n|move|p2a: Incineroar|Throat Chop|p1a: Crabominable\n|-resisted|p1a: Crabominable|1\n|-damage|p1a: Crabominable|75/100\n|-start|p1a: Crabominable|Throat Chop|[silent]\n|cant|p1a: Crabominable|flinch\n|\n|-weather|Snowscape|[upkeep]\n|upkeep\n|turn|8\n|inactive|gorpstink has 30 seconds left.\n|\n|t:|1776119628\n|move|p1b: Incineroar|Fake Out|p2b: Sneasler\n|-damage|p2b: Sneasler|83/100\n|cant|p2b: Sneasler|flinch\n|move|p2a: Incineroar|Parting Shot|p1a: Crabominable\n|-unboost|p1a: Crabominable|atk|1\n|-unboost|p1a: Crabominable|spa|1\n|\n|t:|1776119635\n|switch|p2a: Hawlucha|Hawlucha-Mega, L50, F|2/100|[from] Parting Shot\n|move|p1a: Crabominable|Drain Punch|p2a: Hawlucha\n|-resisted|p2a: Hawlucha|1\n|-damage|p2a: Hawlucha|0 fnt\n|-heal|p1a: Crabominable|76/100|[from] drain|[of] p2a: Hawlucha\n|faint|p2a: Hawlucha\n|\n|-weather|Snowscape|[upkeep]\n|-end|p1a: Crabominable|Throat Chop|[silent]\n|upkeep\n|\n|t:|1776119641\n|switch|p2a: Incineroar|Incineroar, L50, M|86/100\n|-ability|p2a: Incineroar|Intimidate|boost\n|-unboost|p1a: Crabominable|atk|1\n|-unboost|p1b: Incineroar|atk|1\n|turn|9\n|\n|t:|1776119652\n|switch|p1a: Farigiraf|Farigiraf, L50, M|60/100\n|move|p2b: Sneasler|Dire Claw|p1a: Farigiraf\n|-damage|p1a: Farigiraf|22/100\n|-status|p1a: Farigiraf|par\n|-enditem|p1a: Farigiraf|Sitrus Berry|[eat]\n|-heal|p1a: Farigiraf|46/100 par|[from] item: Sitrus Berry\n|move|p2a: Incineroar|Throat Chop|p1b: Incineroar\n|-resisted|p1b: Incineroar|1\n|-damage|p1b: Incineroar|5/100\n|-start|p1b: Incineroar|Throat Chop|[silent]\n|cant|p1b: Incineroar|move: Throat Chop\n|\n|-weather|Snowscape|[upkeep]\n|upkeep\n|turn|10\n|\n|t:|1776119671\n|move|p2b: Sneasler|Coaching|p2a: Incineroar\n|-boost|p2a: Incineroar|atk|1\n|-boost|p2a: Incineroar|def|1\n|move|p2a: Incineroar|Throat Chop|p1a: Farigiraf\n|-supereffective|p1a: Farigiraf|1\n|-damage|p1a: Farigiraf|0 fnt\n|faint|p1a: Farigiraf\n|move|p1b: Incineroar|Flare Blitz|p2b: Sneasler\n|-damage|p2b: Sneasler|25/100\n|-damage|p1b: Incineroar|0 fnt|[from] Recoil\n|faint|p1b: Incineroar\n|\n|-weather|none\n|upkeep\n|\n|t:|1776119675\n|switch|p1b: Crabominable|Crabominable-Mega, L50, M|76/100\n|switch|p1a: Ninetales|Ninetales-Alola, L50, M|86/100\n|-weather|Snowscape|[from] ability: Snow Warning|[of] p1a: Ninetales\n|turn|11\n|\n|t:|1776119688\n|move|p2b: Sneasler|Dire Claw|p1a: Ninetales\n|-supereffective|p1a: Ninetales|1\n|-damage|p1a: Ninetales|4/100\n|move|p1a: Ninetales|Encore|p2b: Sneasler\n|-start|p2b: Sneasler|Encore\n|move|p2a: Incineroar|Throat Chop|p1b: Crabominable\n|-resisted|p1b: Crabominable|1\n|-damage|p1b: Crabominable|63/100\n|-start|p1b: Crabominable|Throat Chop|[silent]\n|move|p1b: Crabominable|Drain Punch|p2a: Incineroar\n|-supereffective|p2a: Incineroar|1\n|-damage|p2a: Incineroar|11/100\n|-heal|p1b: Crabominable|100/100|[from] drain|[of] p2a: Incineroar\n|\n|-weather|Snowscape|[upkeep]\n|upkeep\n|turn|12\n|\n|t:|1776119710\n|move|p1b: Crabominable|Mach Punch|p2b: Sneasler\n|-resisted|p2b: Sneasler|1\n|-damage|p2b: Sneasler|0 fnt\n|faint|p2b: Sneasler\n|move|p1a: Ninetales|Aurora Veil|p1a: Ninetales\n|-sidestart|p1: DryIceBros|move: Aurora Veil\n|move|p2a: Incineroar|Throat Chop|p1a: Ninetales\n|-resisted|p1a: Ninetales|1\n|-damage|p1a: Ninetales|0 fnt\n|faint|p1a: Ninetales\n|\n|-weather|Snowscape|[upkeep]\n|-end|p1b: Crabominable|Throat Chop|[silent]\n|upkeep\n|turn|13\n|-message|gorpstink forfeited.\n|\n|win|DryIceBros\n|raw|DryIceBros's rating: 1095 &rarr; <strong>1120</strong><br />(+25 for winning)\n|raw|gorpstink's rating: 1079 &rarr; <strong>1058</strong><br />(-21 for losing)\n|l|\u2606gorpstink\n|player|p2|\n",
  "uploadtime": 1776119718,
  "views": 11,
  "formatid": "gen9championsvgc2026regma",
  "rating": 1058,
  "private": 0,
  "password": null
}