{
  "id": "gen9championsvgc2026regma-2588639359",
  "format": "[Gen 9 Champions] VGC 2026 Reg M-A",
  "players": [
    "Zelda04",
    "jeffyang"
  ],
  "log": "|j|\u2606Zelda04\n|j|\u2606jeffyang\n|t:|1776652711\n|gametype|doubles\n|player|p1|Zelda04|depotagent|1288\n|player|p2|jeffyang|169|1307\n|gen|9\n|tier|[Gen 9 Champions] VGC 2026 Reg M-A\n|rated|\n|rule|Species Clause: Limit one of each Pok\u00e9mon\n|rule|Item Clause: Limit 1 of each item\n|clearpoke\n|poke|p1|Incineroar, L50, M|\n|poke|p1|Aerodactyl, L50, M|\n|poke|p1|Lucario, L50, F|\n|poke|p1|Sneasler, L50, F|\n|poke|p1|Armarouge, L50, F|\n|poke|p1|Dragapult, L50, M|\n|poke|p2|Oranguru, L50, F|\n|poke|p2|Camerupt, L50, F|\n|poke|p2|Sylveon, L50, M|\n|poke|p2|Blastoise, L50, M|\n|poke|p2|Gallade, L50, M|\n|poke|p2|Torkoal, L50, F|\n|teampreview|4\n|inactive|Battle timer is ON: inactive players will automatically lose when time's up. (requested by jeffyang)\n|inactive|Zelda04 has 60 seconds left.\n|\n|t:|1776652753\n|teamsize|p1|4\n|teamsize|p2|4\n|start\n|switch|p1a: Armarouge|Armarouge, L50, F|100/100\n|switch|p1b: Sneasler|Sneasler, L50, F|100/100\n|switch|p2a: Oranguru|Oranguru, L50, F|100/100\n|switch|p2b: Blastoise|Blastoise, L50, M|100/100\n|turn|1\n|\n|t:|1776652771\n|move|p1a: Armarouge|Dark Pulse|p2a: Oranguru\n|-supereffective|p2a: Oranguru|1\n|-damage|p2a: Oranguru|53/100\n|move|p1b: Sneasler|Dire Claw|p2a: Oranguru\n|-damage|p2a: Oranguru|16/100\n|-enditem|p2a: Oranguru|Sitrus Berry|[eat]\n|-heal|p2a: Oranguru|41/100|[from] item: Sitrus Berry\n|move|p2b: Blastoise|Flip Turn|p1a: Armarouge\n|-supereffective|p1a: Armarouge|1\n|-damage|p1a: Armarouge|44/100\n|\n|t:|1776652784\n|switch|p2b: Camerupt|Camerupt, L50, F|100/100|[from] Flip Turn\n|move|p2a: Oranguru|Trick Room|p2a: Oranguru\n|-fieldstart|move: Trick Room|[of] p2a: Oranguru\n|\n|upkeep\n|turn|2\n|\n|t:|1776652795\n|switch|p1a: Aerodactyl|Aerodactyl, L50, M|100/100\n|-ability|p1a: Aerodactyl|Unnerve\n|detailschange|p2b: Camerupt|Camerupt-Mega, L50, F\n|-mega|p2b: Camerupt|Camerupt|Cameruptite\n|move|p1b: Sneasler|Protect|p1b: Sneasler\n|-singleturn|p1b: Sneasler|Protect\n|move|p2b: Camerupt|Earth Power|p1a: Aerodactyl\n|-immune|p1a: Aerodactyl\n|move|p2a: Oranguru|Psychic|p1b: Sneasler\n|-activate|p1b: Sneasler|move: Protect\n|\n|upkeep\n|turn|3\n|inactive|jeffyang has 30 seconds left.\n|\n|t:|1776652821\n|switch|p1b: Armarouge|Armarouge, L50, F|44/100\n|move|p2b: Camerupt|Earth Power|p1b: Armarouge\n|-supereffective|p1b: Armarouge|1\n|-crit|p1b: Armarouge\n|-damage|p1b: Armarouge|0 fnt\n|faint|p1b: Armarouge\n|move|p2a: Oranguru|Psychic|p1a: Aerodactyl\n|-damage|p1a: Aerodactyl|58/100\n|move|p1a: Aerodactyl|Rock Slide|p2a: Oranguru|[spread] p2a,p2b\n|-crit|p2b: Camerupt\n|-damage|p2a: Oranguru|18/100\n|-damage|p2b: Camerupt|63/100\n|\n|upkeep\n|\n|t:|1776652840\n|switch|p1b: Lucario|Lucario, L50, F|100/100\n|turn|4\n|\n|t:|1776652850\n|switch|p2a: Sylveon|Sylveon, L50, M|100/100\n|move|p1b: Lucario|Protect|p1b: Lucario\n|-singleturn|p1b: Lucario|Protect\n|move|p2b: Camerupt|Heat Wave|p1a: Aerodactyl|[spread] p1a\n|-activate|p1b: Lucario|move: Protect\n|-resisted|p1a: Aerodactyl|1\n|-damage|p1a: Aerodactyl|15/100\n|move|p1a: Aerodactyl|Rock Slide|p2b: Camerupt|[spread] p2a,p2b\n|-crit|p2a: Sylveon\n|-damage|p2a: Sylveon|54/100\n|-damage|p2b: Camerupt|39/100\n|\n|-heal|p2a: Sylveon|60/100|[from] item: Leftovers\n|upkeep\n|turn|5\n|inactive|jeffyang has 30 seconds left.\n|\n|t:|1776652885\n|detailschange|p1b: Lucario|Lucario-Mega, L50, F\n|-mega|p1b: Lucario|Lucario|Lucarionite\n|move|p2a: Sylveon|Protect|p2a: Sylveon\n|-singleturn|p2a: Sylveon|Protect\n|move|p1a: Aerodactyl|Wide Guard|p1a: Aerodactyl\n|-singleturn|p1a: Aerodactyl|Wide Guard\n|move|p1b: Lucario|Bullet Punch|p2a: Sylveon\n|-activate|p2a: Sylveon|move: Protect\n|move|p2b: Camerupt|Heat Wave|p1b: Lucario|[spread] \n|-activate|p1a: Aerodactyl|move: Wide Guard\n|-activate|p1b: Lucario|move: Wide Guard\n|\n|-heal|p2a: Sylveon|66/100|[from] item: Leftovers\n|-fieldend|move: Trick Room\n|upkeep\n|turn|6\n|\n|t:|1776652905\n|move|p1b: Lucario|Bullet Punch|p2a: Sylveon\n|-supereffective|p2a: Sylveon|1\n|-damage|p2a: Sylveon|0 fnt\n|faint|p2a: Sylveon\n|move|p1a: Aerodactyl|Rock Slide|p2b: Camerupt\n|-damage|p2b: Camerupt|8/100\n|move|p2b: Camerupt|Earth Power|p1b: Lucario\n|-supereffective|p1b: Lucario|1\n|-damage|p1b: Lucario|0 fnt\n|faint|p1b: Lucario\n|\n|upkeep\n|\n|t:|1776652917\n|switch|p1b: Sneasler|Sneasler, L50, F|100/100\n|switch|p2a: Blastoise|Blastoise, L50, M|100/100\n|turn|7\n|\n|t:|1776652928\n|move|p2b: Camerupt|Protect|p2b: Camerupt\n|-singleturn|p2b: Camerupt|Protect\n|move|p1b: Sneasler|Fake Out|p2a: Blastoise\n|-damage|p2a: Blastoise|85/100\n|cant|p2a: Blastoise|flinch\n|move|p1a: Aerodactyl|Rock Slide|p2a: Blastoise|[spread] p2a\n|-activate|p2b: Camerupt|move: Protect\n|-damage|p2a: Blastoise|62/100\n|\n|upkeep\n|turn|8\n|\n|t:|1776652942\n|move|p1a: Aerodactyl|Rock Slide|p2b: Camerupt|[spread] p2b\n|-miss|p1a: Aerodactyl|p2a: Blastoise\n|-damage|p2b: Camerupt|0 fnt\n|faint|p2b: Camerupt\n|move|p1b: Sneasler|Close Combat|p2a: Blastoise\n|-damage|p2a: Blastoise|0 fnt\n|-unboost|p1b: Sneasler|def|1\n|-unboost|p1b: Sneasler|spd|1\n|faint|p2a: Blastoise\n|-enditem|p1b: Sneasler|White Herb\n|-clearnegativeboost|p1b: Sneasler|[silent]\n|\n|upkeep\n|-message|jeffyang forfeited.\n|\n|win|Zelda04\n|raw|Zelda04's rating: 1288 &rarr; <strong>1314</strong><br />(+26 for winning)\n|raw|jeffyang's rating: 1307 &rarr; <strong>1286</strong><br />(-21 for losing)\n|l|\u2606jeffyang\n|player|p2|\n",
  "uploadtime": 1776652966,
  "views": 11,
  "formatid": "gen9championsvgc2026regma",
  "rating": 1286,
  "private": 0,
  "password": null
}