{
  "id": "gen9championsvgc2026regma-2587783559",
  "format": "[Gen 9 Champions] VGC 2026 Reg M-A",
  "players": [
    "karmapolicevgc",
    "zhz2021"
  ],
  "log": "|j|\u2606karmapolicevgc\n|j|\u2606zhz2021\n|t:|1776563600\n|gametype|doubles\n|player|p1|karmapolicevgc|li|1518\n|player|p2|zhz2021|marley|1447\n|gen|9\n|tier|[Gen 9 Champions] VGC 2026 Reg M-A\n|rated|\n|rule|Species Clause: Limit one of each Pok\u00e9mon\n|rule|Item Clause: Limit 1 of each item\n|clearpoke\n|poke|p1|Scovillain, L50, M|\n|poke|p1|Hippowdon, L50, M|\n|poke|p1|Dragonite, L50, F|\n|poke|p1|Milotic, L50, F|\n|poke|p1|Sneasler, L50, M|\n|poke|p1|Farigiraf, L50, M|\n|poke|p2|Sableye, L50, F|\n|poke|p2|Archaludon, L50, M|\n|poke|p2|Scovillain, L50, F, shiny|\n|poke|p2|Basculegion-F, L50, F, shiny|\n|poke|p2|Pelipper, L50, F|\n|poke|p2|Mamoswine, L50, M|\n|teampreview|4\n|\n|t:|1776563627\n|teamsize|p1|4\n|teamsize|p2|4\n|start\n|switch|p1a: Scovillain|Scovillain, L50, M|100/100\n|switch|p1b: Farigiraf|Farigiraf, L50, M|100/100\n|switch|p2a: Basculegion|Basculegion-F, L50, F, shiny|100/100\n|switch|p2b: Sableye|Sableye, L50, F|100/100\n|turn|1\n|\n|t:|1776563658\n|detailschange|p1a: Scovillain|Scovillain-Mega, L50, M\n|-mega|p1a: Scovillain|Scovillain|Scovillainite\n|move|p2b: Sableye|Rain Dance|p2b: Sableye\n|-weather|RainDance\n|move|p2a: Basculegion|Muddy Water|p1b: Farigiraf|[spread] p1a,p1b\n|-damage|p1a: Scovillain|59/100\n|-damage|p1b: Farigiraf|64/100\n|-unboost|p1a: Scovillain|accuracy|1\n|-status|p2a: Basculegion|brn|[from] ability: Spicy Spray|[of] p1a: Scovillain\n|move|p1a: Scovillain|Giga Drain|p2a: Basculegion|[miss]\n|-miss|p1a: Scovillain|p2a: Basculegion\n|move|p1b: Farigiraf|Light Screen|p1b: Farigiraf\n|-sidestart|p1: karmapolicevgc|move: Light Screen\n|\n|-weather|RainDance|[upkeep]\n|-damage|p2a: Basculegion|94/100 brn|[from] brn\n|upkeep\n|turn|2\n|\n|t:|1776563684\n|switch|p1b: Milotic|Milotic, L50, F|100/100\n|move|p2a: Basculegion|Muddy Water|p1b: Milotic|[spread] p1a,p1b\n|-resisted|p1b: Milotic|1\n|-damage|p1a: Scovillain|30/100\n|-damage|p1b: Milotic|90/100\n|-unboost|p1a: Scovillain|accuracy|1\n|move|p1a: Scovillain|Giga Drain|p2a: Basculegion|[miss]\n|-miss|p1a: Scovillain|p2a: Basculegion\n|move|p2b: Sableye|Foul Play|p1b: Milotic\n|-crit|p1b: Milotic\n|-damage|p1b: Milotic|65/100\n|\n|-weather|RainDance|[upkeep]\n|-damage|p2a: Basculegion|88/100 brn|[from] brn\n|upkeep\n|turn|3\n|\n|t:|1776563705\n|switch|p2b: Scovillain|Scovillain, L50, F, shiny|100/100\n|move|p2a: Basculegion|Hex|p1a: Scovillain\n|-damage|p1a: Scovillain|12/100\n|move|p1b: Milotic|Haze|p1b: Milotic\n|-clearallboost\n|move|p1a: Scovillain|Giga Drain|p2a: Basculegion\n|-supereffective|p2a: Basculegion|1\n|-damage|p2a: Basculegion|13/100 brn\n|-heal|p1a: Scovillain|55/100|[from] drain|[of] p2a: Basculegion\n|\n|-weather|RainDance|[upkeep]\n|-damage|p2a: Basculegion|7/100 brn|[from] brn\n|-ability|p2b: Scovillain|Moody|boost\n|-boost|p2b: Scovillain|spa|2\n|-unboost|p2b: Scovillain|def|1\n|upkeep\n|turn|4\n|\n|t:|1776563727\n|detailschange|p2b: Scovillain|Scovillain-Mega, L50, F, shiny\n|-mega|p2b: Scovillain|Scovillain|Scovillainite\n|move|p1b: Milotic|Protect|p1b: Milotic\n|-singleturn|p1b: Milotic|Protect\n|move|p1a: Scovillain|Protect|p1a: Scovillain\n|-singleturn|p1a: Scovillain|Protect\n|move|p2a: Basculegion|Muddy Water|p1a: Scovillain|[spread] \n|-activate|p1a: Scovillain|move: Protect\n|-activate|p1b: Milotic|move: Protect\n|move|p2b: Scovillain|Giga Drain|p1b: Milotic\n|-activate|p1b: Milotic|move: Protect\n|\n|-weather|RainDance|[upkeep]\n|-damage|p2a: Basculegion|1/100 brn|[from] brn\n|upkeep\n|turn|5\n|\n|t:|1776563757\n|move|p1a: Scovillain|Rage Powder|p1a: Scovillain\n|-singleturn|p1a: Scovillain|move: Rage Powder\n|move|p2a: Basculegion|Muddy Water|p1b: Milotic|[spread] p1a,p1b\n|-resisted|p1b: Milotic|1\n|-damage|p1a: Scovillain|27/100\n|-damage|p1b: Milotic|54/100\n|-unboost|p1a: Scovillain|accuracy|1\n|move|p1b: Milotic|Scald|p2b: Scovillain\n|-crit|p2b: Scovillain\n|-damage|p2b: Scovillain|32/100\n|-status|p1b: Milotic|brn|[from] ability: Spicy Spray|[of] p2b: Scovillain\n|move|p2b: Scovillain|Giga Drain|p1b: Milotic\n|-supereffective|p1b: Milotic|1\n|-damage|p1b: Milotic|0 fnt\n|-heal|p2b: Scovillain|63/100|[from] drain|[of] p1b: Milotic\n|faint|p1b: Milotic\n|\n|-weather|none\n|-damage|p2a: Basculegion|0 fnt|[from] brn\n|faint|p2a: Basculegion\n|-sideend|p1: karmapolicevgc|move: Light Screen\n|upkeep\n|\n|t:|1776563769\n|switch|p2a: Sableye|Sableye, L50, F|100/100\n|switch|p1b: Sneasler|Sneasler, L50, M|100/100\n|turn|6\n|\n|t:|1776563779\n|switch|p1a: Farigiraf|Farigiraf, L50, M|64/100\n|move|p2b: Scovillain|Protect|p2b: Scovillain\n|-singleturn|p2b: Scovillain|Protect\n|move|p2a: Sableye|Disable||[still]\n|-fail|p2a: Sableye\n|move|p1b: Sneasler|Dire Claw|p2b: Scovillain\n|-activate|p2b: Scovillain|move: Protect\n|\n|upkeep\n|turn|7\n|\n|t:|1776563800\n|move|p1b: Sneasler|Dire Claw|p2b: Scovillain\n|-supereffective|p2b: Scovillain|1\n|-damage|p2b: Scovillain|0 fnt\n|-status|p1b: Sneasler|brn|[from] ability: Spicy Spray|[of] p2b: Scovillain\n|faint|p2b: Scovillain\n|move|p1a: Farigiraf|Light Screen|p1a: Farigiraf\n|-sidestart|p1: karmapolicevgc|move: Light Screen\n|move|p2a: Sableye|Foul Play|p1a: Farigiraf\n|-supereffective|p1a: Farigiraf|1\n|-damage|p1a: Farigiraf|19/100\n|-enditem|p1a: Farigiraf|Sitrus Berry|[eat]\n|-heal|p1a: Farigiraf|43/100|[from] item: Sitrus Berry\n|\n|-damage|p1b: Sneasler|95/100 brn|[from] brn\n|upkeep\n|\n|t:|1776563816\n|switch|p2b: Mamoswine|Mamoswine, L50, M|100/100\n|turn|8\n|\n|t:|1776563823\n|move|p2b: Mamoswine|High Horsepower|p1b: Sneasler\n|-supereffective|p1b: Sneasler|1\n|-damage|p1b: Sneasler|0 fnt\n|faint|p1b: Sneasler\n|move|p1a: Farigiraf|Reflect|p1a: Farigiraf\n|-sidestart|p1: karmapolicevgc|Reflect\n|move|p2a: Sableye|Foul Play|p1a: Farigiraf\n|-supereffective|p1a: Farigiraf|1\n|-damage|p1a: Farigiraf|12/100\n|\n|-activate|p1a: Farigiraf|ability: Cud Chew\n|-enditem|p1a: Farigiraf|Sitrus Berry|[eat]\n|-heal|p1a: Farigiraf|36/100|[from] item: Sitrus Berry\n|upkeep\n|\n|t:|1776563826\n|switch|p1b: Scovillain|Scovillain-Mega, L50, M|27/100\n|turn|9\n|\n|t:|1776563843\n|move|p2b: Mamoswine|High Horsepower|p1b: Scovillain\n|-damage|p1b: Scovillain|0 fnt\n|-status|p2b: Mamoswine|brn|[from] ability: Spicy Spray|[of] p1b: Scovillain\n|faint|p1b: Scovillain\n|move|p1a: Farigiraf|Twin Beam|p2b: Mamoswine\n|-damage|p2b: Mamoswine|80/100 brn\n|-damage|p2b: Mamoswine|60/100 brn\n|-hitcount|p2b: Mamoswine|2\n|move|p2a: Sableye|Foul Play|p1a: Farigiraf\n|-supereffective|p1a: Farigiraf|1\n|-damage|p1a: Farigiraf|6/100\n|\n|-damage|p2b: Mamoswine|55/100 brn|[from] brn\n|upkeep\n|turn|10\n|-message|karmapolicevgc forfeited.\n|\n|win|zhz2021\n|raw|karmapolicevgc's rating: 1518 &rarr; <strong>1495</strong><br />(-23 for losing)\n|raw|zhz2021's rating: 1462 &rarr; <strong>1485</strong><br />(+23 for winning)\n|l|\u2606karmapolicevgc\n|player|p1|\n",
  "uploadtime": 1776563860,
  "views": 17,
  "formatid": "gen9championsvgc2026regma",
  "rating": 1485,
  "private": 0,
  "password": null
}