{
  "id": "gen9championsvgc2026regma-2584142437",
  "format": "[Gen 9 Champions] VGC 2026 Reg M-A",
  "players": [
    "zcolor",
    "scottyylmao"
  ],
  "log": "|j|\u2606zcolor\n|j|\u2606scottyylmao\n|t:|1776230037\n|gametype|doubles\n|player|p1|zcolor|265|1150\n|player|p2|scottyylmao|caitlin|1045\n|gen|9\n|tier|[Gen 9 Champions] VGC 2026 Reg M-A\n|rated|\n|rule|Species Clause: Limit one of each Pok\u00e9mon\n|rule|Item Clause: Limit 1 of each item\n|clearpoke\n|poke|p1|Sableye, L50, F|\n|poke|p1|Basculegion, L50, M|\n|poke|p1|Volcarona, L50, M|\n|poke|p1|Gardevoir, L50, F|\n|poke|p1|Lucario, L50, M|\n|poke|p1|Mamoswine, L50, F|\n|poke|p2|Sneasler, L50, F|\n|poke|p2|Froslass, L50, F|\n|poke|p2|Ninetales-Alola, L50, F|\n|poke|p2|Garchomp, L50, M|\n|poke|p2|Arcanine-Hisui, L50, F|\n|poke|p2|Milotic, L50, M|\n|teampreview|4\n|inactive|Battle timer is ON: inactive players will automatically lose when time's up. (requested by zcolor)\n|\n|t:|1776230078\n|teamsize|p1|4\n|teamsize|p2|4\n|start\n|switch|p1a: Gardevoir|Gardevoir, L50, F|100/100\n|switch|p1b: Sableye|Sableye, L50, F|100/100\n|switch|p2a: Garchomp|Garchomp, L50, M|100/100\n|switch|p2b: Sneasler|Sneasler, L50, F|100/100\n|-ability|p1a: Gardevoir|Rough Skin|Trace|[from] ability: Trace|[of] p2a: Garchomp\n|turn|1\n|\n|t:|1776230095\n|move|p2b: Sneasler|Protect|p2b: Sneasler\n|-singleturn|p2b: Sneasler|Protect\n|move|p1a: Gardevoir|Protect|p1a: Gardevoir\n|-singleturn|p1a: Gardevoir|Protect\n|move|p1b: Sableye|Thunder Wave|p2b: Sneasler\n|-activate|p2b: Sneasler|move: Protect\n|move|p2a: Garchomp|Rock Slide|p1a: Gardevoir|[spread] \n|-activate|p1a: Gardevoir|move: Protect\n|-miss|p2a: Garchomp|p1b: Sableye\n|\n|upkeep\n|turn|2\n|\n|t:|1776230118\n|detailschange|p1a: Gardevoir|Gardevoir-Mega, L50, F\n|-mega|p1a: Gardevoir|Gardevoir|Gardevoirite\n|move|p1b: Sableye|Disable|p2a: Garchomp\n|-start|p2a: Garchomp|Disable|Rock Slide\n|cant|p2a: Garchomp|Disable|Rock Slide\n|move|p2b: Sneasler|Dire Claw|p1a: Gardevoir\n|-supereffective|p1a: Gardevoir|1\n|-damage|p1a: Gardevoir|0 fnt\n|faint|p1a: Gardevoir\n|\n|upkeep\n|\n|t:|1776230131\n|switch|p1a: Volcarona|Volcarona, L50, M|100/100\n|turn|3\n|\n|t:|1776230145\n|switch|p2a: Milotic|Milotic, L50, M|100/100\n|move|p1b: Sableye|Disable|p2b: Sneasler\n|-start|p2b: Sneasler|Disable|Dire Claw\n|cant|p2b: Sneasler|Disable|Dire Claw\n|move|p1a: Volcarona|Quiver Dance|p1a: Volcarona\n|-boost|p1a: Volcarona|spa|1\n|-boost|p1a: Volcarona|spd|1\n|-boost|p1a: Volcarona|spe|1\n|\n|upkeep\n|turn|4\n|\n|t:|1776230164\n|switch|p2b: Garchomp|Garchomp, L50, M|100/100\n|move|p1b: Sableye|Thunder Wave|p2a: Milotic|[miss]\n|-miss|p1b: Sableye|p2a: Milotic\n|move|p1a: Volcarona|Hurricane|p2b: Garchomp\n|-damage|p2b: Garchomp|30/100\n|-start|p2b: Garchomp|confusion\n|move|p2a: Milotic|Scald|p1a: Volcarona\n|-supereffective|p1a: Volcarona|1\n|-damage|p1a: Volcarona|51/100\n|\n|upkeep\n|turn|5\n|inactive|zcolor has 30 seconds left.\n|inactive|scottyylmao has 30 seconds left.\n|\n|t:|1776230196\n|move|p1b: Sableye|Disable|p2a: Milotic\n|-start|p2a: Milotic|Disable|Scald\n|-activate|p2b: Garchomp|confusion\n|move|p2b: Garchomp|Rock Slide|p1a: Volcarona|[spread] p1a,p1b\n|-supereffective|p1a: Volcarona|2\n|-damage|p1a: Volcarona|0 fnt\n|-damage|p1b: Sableye|76/100\n|faint|p1a: Volcarona\n|cant|p2a: Milotic|Disable|Scald\n|\n|upkeep\n|\n|t:|1776230206\n|switch|p1a: Lucario|Lucario, L50, M|100/100\n|turn|6\n|\n|t:|1776230228\n|switch|p2b: Sneasler|Sneasler, L50, F|100/100\n|move|p2a: Milotic|Protect|p2a: Milotic\n|-singleturn|p2a: Milotic|Protect\n|move|p1b: Sableye|Disable||[still]\n|-fail|p1b: Sableye\n|move|p1a: Lucario|Swords Dance|p1a: Lucario\n|-boost|p1a: Lucario|atk|2\n|\n|upkeep\n|turn|7\n|\n|t:|1776230242\n|move|p1b: Sableye|Thunder Wave|p2b: Sneasler\n|-status|p2b: Sneasler|par\n|move|p1a: Lucario|Substitute|p1a: Lucario\n|-start|p1a: Lucario|Substitute\n|-damage|p1a: Lucario|76/100\n|move|p2a: Milotic|Ice Beam|p1a: Lucario\n|-resisted|p1a: Lucario|1\n|-activate|p1a: Lucario|move: Substitute|[damage]\n|cant|p2b: Sneasler|par\n|\n|upkeep\n|turn|8\n|\n|t:|1776230259\n|move|p1b: Sableye|Thunder Wave|p2a: Milotic\n|-status|p2a: Milotic|par\n|move|p1a: Lucario|Close Combat|p2b: Sneasler\n|-resisted|p2b: Sneasler|1\n|-damage|p2b: Sneasler|0 fnt\n|-unboost|p1a: Lucario|def|1\n|-unboost|p1a: Lucario|spd|1\n|faint|p2b: Sneasler\n|move|p2a: Milotic|Ice Beam|p1a: Lucario\n|-resisted|p1a: Lucario|1\n|-end|p1a: Lucario|Substitute\n|\n|-end|p2a: Milotic|Disable\n|upkeep\n|\n|t:|1776230272\n|switch|p2b: Garchomp|Garchomp, L50, M|30/100\n|turn|9\n|\n|t:|1776230288\n|move|p1b: Sableye|Helping Hand|p1a: Lucario\n|-singleturn|p1a: Lucario|Helping Hand|[of] p1b: Sableye\n|move|p1a: Lucario|Bullet Punch|p2b: Garchomp\n|-damage|p2b: Garchomp|0 fnt\n|-damage|p1a: Lucario|64/100|[from] ability: Rough Skin|[of] p2b: Garchomp\n|faint|p2b: Garchomp\n|move|p2a: Milotic|Scald|p1a: Lucario\n|-damage|p1a: Lucario|0 fnt\n|faint|p1a: Lucario\n|\n|upkeep\n|\n|t:|1776230296\n|switch|p2b: Froslass|Froslass, L50, F|100/100\n|turn|10\n|-message|zcolor forfeited.\n|\n|win|scottyylmao\n|raw|zcolor's rating: 1150 &rarr; <strong>1118</strong><br />(-32 for losing)\n|raw|scottyylmao's rating: 1045 &rarr; <strong>1088</strong><br />(+43 for winning)\n|l|\u2606zcolor\n|player|p1|\n|c|\u2606scottyylmao|gg\n",
  "uploadtime": 1776230318,
  "views": 22,
  "formatid": "gen9championsvgc2026regma",
  "rating": 1088,
  "private": 0,
  "password": null
}