{
  "id": "gen9championsvgc2026regma-2581135678",
  "format": "[Gen 9 Champions] VGC 2026 Reg M-A",
  "players": [
    "PhpRyV",
    "lolgz"
  ],
  "log": "|j|\u2606PhpRyV\n|j|\u2606lolgz\n|t:|1775963302\n|gametype|doubles\n|player|p1|PhpRyV|pokemonbreeder-gen4|1189\n|player|p2|lolgz|170|1234\n|gen|9\n|tier|[Gen 9 Champions] VGC 2026 Reg M-A\n|rated|\n|rule|Species Clause: Limit one of each Pok\u00e9mon\n|rule|Item Clause: Limit 1 of each item\n|clearpoke\n|poke|p1|Meowstic, L50, M|\n|poke|p1|Mimikyu, L50, M|\n|poke|p1|Alakazam, L50, M|\n|poke|p1|Slowbro, L50, F|\n|poke|p1|Gallade, L50, M|\n|poke|p1|Torkoal, L50, M|\n|poke|p2|Charizard, L50, M|\n|poke|p2|Whimsicott, L50, F|\n|poke|p2|Dragonite, L50, M|\n|poke|p2|Farigiraf, L50, M|\n|poke|p2|Sneasler, L50, M|\n|poke|p2|Floette-Eternal, L50, F|\n|teampreview|4\n|\n|t:|1775963337\n|teamsize|p1|4\n|teamsize|p2|4\n|start\n|switch|p1a: Pepsi|Meowstic, L50, M|100/100\n|switch|p1b: Alakazam|Alakazam, L50, M|100/100\n|switch|p2a: Farigiraf|Farigiraf, L50, M|100/100\n|switch|p2b: Floette|Floette-Eternal, L50, F|100/100\n|turn|1\n|\n|t:|1775963359\n|detailschange|p1b: Alakazam|Alakazam-Mega, L50, M\n|-mega|p1b: Alakazam|Alakazam|Alakazite\n|-ability|p1b: Alakazam|Armor Tail|Trace|[from] ability: Trace|[of] p2a: Farigiraf\n|detailschange|p2b: Floette|Floette-Mega, L50, F\n|-mega|p2b: Floette|Floette|Floettite\n|-ability|p2b: Floette|Fairy Aura\n|move|p1a: Pepsi|Psychic Terrain|p1a: Pepsi\n|-fieldstart|move: Psychic Terrain\n|move|p1b: Alakazam|Expanding Force|p2a: Farigiraf|[spread] p2a,p2b\n|-resisted|p2a: Farigiraf|1\n|-damage|p2a: Farigiraf|70/100\n|-damage|p2b: Floette|36/100\n|move|p2b: Floette|Dazzling Gleam|p1a: Pepsi|[spread] p1a,p1b\n|-damage|p1a: Pepsi|44/100\n|-damage|p1b: Alakazam|44/100\n|move|p2a: Farigiraf|Hyper Voice|p1b: Alakazam|[spread] p1a,p1b\n|-damage|p1a: Pepsi|10/100\n|-damage|p1b: Alakazam|3/100\n|\n|upkeep\n|turn|2\n|\n|t:|1775963379\n|move|p2b: Floette|Protect|p2b: Floette\n|-singleturn|p2b: Floette|Protect\n|move|p1b: Alakazam|Expanding Force|p2a: Farigiraf|[spread] p2a\n|-activate|p2b: Floette|move: Protect\n|-resisted|p2a: Farigiraf|1\n|-damage|p2a: Farigiraf|39/100\n|-enditem|p2a: Farigiraf|Sitrus Berry|[eat]\n|-heal|p2a: Farigiraf|63/100|[from] item: Sitrus Berry\n|move|p1a: Pepsi|Expanding Force|p2a: Farigiraf|[spread] p2a\n|-activate|p2b: Floette|move: Protect\n|-resisted|p2a: Farigiraf|1\n|-damage|p2a: Farigiraf|45/100\n|move|p2a: Farigiraf|Hyper Voice|p1b: Alakazam|[spread] p1a,p1b\n|-damage|p1a: Pepsi|0 fnt\n|-damage|p1b: Alakazam|0 fnt\n|faint|p1a: Pepsi\n|faint|p1b: Alakazam\n|\n|upkeep\n|\n|t:|1775963382\n|switch|p1b: Gallade|Gallade, L50, M|100/100\n|switch|p1a: Torkoal|Torkoal, L50, M|100/100\n|-weather|SunnyDay|[from] ability: Drought|[of] p1a: Torkoal\n|turn|3\n|\n|t:|1775963406\n|move|p1b: Gallade|Wide Guard|p1b: Gallade\n|-singleturn|p1b: Gallade|Wide Guard\n|move|p2b: Floette|Light of Ruin|p1b: Gallade|[miss]\n|-miss|p2b: Floette|p1b: Gallade\n|move|p2a: Farigiraf|Hyper Voice|p1b: Gallade|[spread] \n|-activate|p1a: Torkoal|move: Wide Guard\n|-activate|p1b: Gallade|move: Wide Guard\n|move|p1a: Torkoal|Eruption|p2b: Floette|[spread] p2a,p2b\n|-damage|p2a: Farigiraf|0 fnt\n|-damage|p2b: Floette|0 fnt\n|faint|p2a: Farigiraf\n|faint|p2b: Floette\n|\n|-weather|SunnyDay|[upkeep]\n|upkeep\n|\n|t:|1775963411\n|switch|p2b: Sneasler|Sneasler, L50, M|100/100\n|switch|p2a: Dragonite|Dragonite, L50, M|100/100\n|turn|4\n|\n|t:|1775963429\n|move|p2a: Dragonite|Outrage|p1b: Gallade\n|-damage|p1b: Gallade|0 fnt\n|faint|p1b: Gallade\n|move|p2b: Sneasler|Close Combat|p1a: Torkoal\n|-damage|p1a: Torkoal|51/100\n|-unboost|p2b: Sneasler|def|1\n|-unboost|p2b: Sneasler|spd|1\n|-enditem|p2b: Sneasler|White Herb\n|-clearnegativeboost|p2b: Sneasler|[silent]\n|move|p1a: Torkoal|Earth Power|p2b: Sneasler\n|-supereffective|p2b: Sneasler|1\n|-damage|p2b: Sneasler|28/100\n|\n|-weather|SunnyDay|[upkeep]\n|upkeep\n|turn|5\n|\n|t:|1775963443\n|move|p2b: Sneasler|Close Combat|p1a: Torkoal\n|-damage|p1a: Torkoal|0 fnt\n|-unboost|p2b: Sneasler|def|1\n|-unboost|p2b: Sneasler|spd|1\n|faint|p1a: Torkoal\n|\n|win|lolgz\n|raw|PhpRyV's rating: 1189 &rarr; <strong>1167</strong><br />(-22 for losing)\n|raw|lolgz's rating: 1234 &rarr; <strong>1256</strong><br />(+22 for winning)\n",
  "uploadtime": 1775963443,
  "views": 11,
  "formatid": "gen9championsvgc2026regma",
  "rating": 1167,
  "private": 0,
  "password": null
}