{
  "id": "gen9championsvgc2026regma-2588500908",
  "format": "[Gen 9 Champions] VGC 2026 Reg M-A",
  "players": [
    "xanme",
    "sdlt 2krl coolguy"
  ],
  "log": "|raw|<div class=\"broadcast-blue\"><strong>This battle is required to be public due to a player having a name starting with 'sdlt'.</div>\n|j|\u2606xanme\n|j|\u2606sdlt 2krl coolguy\n|t:|1776639238\n|gametype|doubles\n|player|p1|xanme|170|1229\n|player|p2|sdlt 2krl coolguy|leon-masters2|1255\n|gen|9\n|tier|[Gen 9 Champions] VGC 2026 Reg M-A\n|rated|\n|rule|Species Clause: Limit one of each Pok\u00e9mon\n|rule|Item Clause: Limit 1 of each item\n|clearpoke\n|poke|p1|Charizard, L50, M|\n|poke|p1|Kingambit, L50, M|\n|poke|p1|Sneasler, L50, F|\n|poke|p1|Garchomp, L50, M|\n|poke|p1|Milotic, L50, F|\n|poke|p1|Venusaur, L50, M|\n|poke|p2|Incineroar, L50, M|\n|poke|p2|Hatterene, L50, F, shiny|\n|poke|p2|Farigiraf, L50, M|\n|poke|p2|Torkoal, L50, F, shiny|\n|poke|p2|Kingambit, L50, M|\n|poke|p2|Charizard, L50, M|\n|teampreview|4\n|inactive|Battle timer is ON: inactive players will automatically lose when time's up. (requested by sdlt 2krl coolguy)\n|inactive|xanme has 60 seconds left.\n|inactive|xanme has 30 seconds left.\n|inactive|xanme has 20 seconds left.\n|inactive|xanme has 15 seconds left.\n|inactive|xanme has 10 seconds left.\n|\n|t:|1776639321\n|teamsize|p1|4\n|teamsize|p2|4\n|start\n|switch|p1a: Kingambit|Kingambit, L50, M|100/100\n|switch|p1b: Charizard|Charizard, L50, M|100/100\n|switch|p2a: Farigiraf|Farigiraf, L50, M|100/100\n|switch|p2b: Charizard|Charizard, L50, M|100/100\n|turn|1\n|inactive|xanme has 30 seconds left.\n|\n|t:|1776639353\n|switch|p1a: Milotic|Milotic, L50, F|100/100\n|detailschange|p1b: Charizard|Charizard-Mega-Y, L50, M\n|-mega|p1b: Charizard|Charizard|Charizardite Y\n|-weather|SunnyDay|[from] ability: Drought|[of] p1b: Charizard\n|detailschange|p2b: Charizard|Charizard-Mega-Y, L50, M\n|-mega|p2b: Charizard|Charizard|Charizardite Y\n|move|p2b: Charizard|Heat Wave|p1b: Charizard|[spread] p1a,p1b\n|-resisted|p1a: Milotic|1\n|-resisted|p1b: Charizard|1\n|-damage|p1a: Milotic|82/100\n|-damage|p1b: Charizard|71/100\n|move|p1b: Charizard|Weather Ball|p2a: Farigiraf\n|-damage|p2a: Farigiraf|24/100\n|-enditem|p2a: Farigiraf|Sitrus Berry|[eat]\n|-heal|p2a: Farigiraf|49/100|[from] item: Sitrus Berry\n|move|p2a: Farigiraf|Imprison|p2a: Farigiraf\n|-start|p2a: Farigiraf|move: Imprison\n|\n|-weather|SunnyDay|[upkeep]\n|-heal|p1a: Milotic|88/100|[from] item: Leftovers\n|upkeep\n|turn|2\n|inactive|xanme has 30 seconds left.\n|inactive|xanme has 20 seconds left.\n|inactive|xanme has 15 seconds left.\n|inactive|xanme has 10 seconds left.\n|inactive|xanme has 5 seconds left.\n|\n|t:|1776639404\n|move|p2a: Farigiraf|Protect|p2a: Farigiraf\n|-singleturn|p2a: Farigiraf|Protect\n|move|p1b: Charizard|Heat Wave|p2a: Farigiraf|[spread] p2b\n|-activate|p2a: Farigiraf|move: Protect\n|-resisted|p2b: Charizard|1\n|-damage|p2b: Charizard|69/100\n|move|p2b: Charizard|Heat Wave|p1a: Milotic|[spread] p1a\n|-miss|p2b: Charizard|p1b: Charizard\n|-resisted|p1a: Milotic|1\n|-damage|p1a: Milotic|68/100\n|move|p1a: Milotic|Scald|p2b: Charizard\n|-supereffective|p2b: Charizard|1\n|-damage|p2b: Charizard|44/100\n|\n|-weather|SunnyDay|[upkeep]\n|-heal|p1a: Milotic|74/100|[from] item: Leftovers\n|upkeep\n|turn|3\n|inactive|xanme has 30 seconds left.\n|\n|t:|1776639433\n|move|p1b: Charizard|Weather Ball|p2a: Farigiraf\n|-crit|p2a: Farigiraf\n|-damage|p2a: Farigiraf|0 fnt\n|faint|p2a: Farigiraf\n|move|p2b: Charizard|Solar Beam||[still]\n|-prepare|p2b: Charizard|Solar Beam\n|-anim|p2b: Charizard|Solar Beam|p1a: Milotic\n|-supereffective|p1a: Milotic|1\n|-crit|p1a: Milotic\n|-damage|p1a: Milotic|0 fnt\n|faint|p1a: Milotic\n|\n|-weather|SunnyDay|[upkeep]\n|upkeep\n|\n|t:|1776639445\n|switch|p1a: Garchomp|Garchomp, L50, M|100/100\n|switch|p2a: Hatterene|Hatterene, L50, F, shiny|100/100\n|turn|4\n|\n|t:|1776639464\n|move|p1a: Garchomp|Protect|p1a: Garchomp\n|-singleturn|p1a: Garchomp|Protect\n|move|p2b: Charizard|Solar Beam||[still]\n|-prepare|p2b: Charizard|Solar Beam\n|-anim|p2b: Charizard|Solar Beam|p1a: Garchomp\n|-activate|p1a: Garchomp|move: Protect\n|move|p1b: Charizard|Weather Ball|p2a: Hatterene\n|-damage|p2a: Hatterene|7/100\n|move|p2a: Hatterene|Trick Room|p2a: Hatterene\n|-fieldstart|move: Trick Room|[of] p2a: Hatterene\n|\n|-weather|SunnyDay|[upkeep]\n|upkeep\n|turn|5\n|inactive|xanme has 30 seconds left.\n|inactive|xanme has 20 seconds left.\n|\n|t:|1776639500\n|move|p2a: Hatterene|Dazzling Gleam|p1b: Charizard|[spread] p1a,p1b\n|-supereffective|p1a: Garchomp|1\n|-resisted|p1b: Charizard|1\n|-damage|p1a: Garchomp|25/100\n|-damage|p1b: Charizard|51/100\n|move|p1a: Garchomp|Rock Slide|p2a: Hatterene|[spread] p2a,p2b\n|-supereffective|p2b: Charizard|2\n|-damage|p2a: Hatterene|0 fnt\n|-damage|p2b: Charizard|0 fnt\n|faint|p2a: Hatterene\n|faint|p2b: Charizard\n|move|p1b: Charizard|Heat Wave|p2: Hatterene|[notarget]\n|-fail|p1b: Charizard\n|\n|-weather|none\n|upkeep\n|\n|t:|1776639509\n|switch|p2b: Kingambit|Kingambit, L50, M|100/100\n|turn|6\n|\n|t:|1776639525\n|switch|p1b: Kingambit|Kingambit, L50, M|100/100\n|move|p1a: Garchomp|Protect|p1a: Garchomp\n|-singleturn|p1a: Garchomp|Protect\n|move|p2b: Kingambit|Kowtow Cleave|p1a: Garchomp\n|-activate|p1a: Garchomp|move: Protect\n|\n|upkeep\n|turn|7\n|\n|t:|1776639547\n|move|p2b: Kingambit|Kowtow Cleave|p1a: Garchomp\n|-damage|p1a: Garchomp|0 fnt\n|-damage|p2b: Kingambit|88/100|[from] ability: Rough Skin|[of] p1a: Garchomp\n|faint|p1a: Garchomp\n|move|p1b: Kingambit|Kowtow Cleave|p2b: Kingambit\n|-resisted|p2b: Kingambit|1\n|-damage|p2b: Kingambit|71/100\n|\n|upkeep\n|\n|t:|1776639557\n|switch|p1a: Charizard|Charizard-Mega-Y, L50, M|51/100\n|-weather|SunnyDay|[from] ability: Drought|[of] p1a: Charizard\n|turn|8\n|\n|t:|1776639565\n|move|p1a: Charizard|Protect|p1a: Charizard\n|-singleturn|p1a: Charizard|Protect\n|move|p2b: Kingambit|Iron Head|p1b: Kingambit\n|-resisted|p1b: Kingambit|1\n|-damage|p1b: Kingambit|85/100\n|move|p1b: Kingambit|Kowtow Cleave|p2b: Kingambit\n|-resisted|p2b: Kingambit|1\n|-damage|p2b: Kingambit|53/100\n|\n|-weather|SunnyDay|[upkeep]\n|-fieldend|move: Trick Room\n|upkeep\n|turn|9\n|inactive|xanme has 30 seconds left.\n|\n|t:|1776639591\n|move|p2b: Kingambit|Sucker Punch|p1a: Charizard\n|-damage|p1a: Charizard|0 fnt\n|faint|p1a: Charizard\n|move|p1b: Kingambit|Kowtow Cleave|p2b: Kingambit\n|-resisted|p2b: Kingambit|1\n|-damage|p2b: Kingambit|34/100\n|\n|-weather|SunnyDay|[upkeep]\n|upkeep\n|turn|10\n|\n|t:|1776639603\n|move|p1b: Kingambit|Iron Head|p2b: Kingambit\n|-resisted|p2b: Kingambit|1\n|-damage|p2b: Kingambit|20/100\n|move|p2b: Kingambit|Swords Dance|p2b: Kingambit\n|-boost|p2b: Kingambit|atk|2\n|\n|-weather|SunnyDay|[upkeep]\n|upkeep\n|turn|11\n|\n|t:|1776639610\n|move|p1b: Kingambit|Iron Head|p2b: Kingambit\n|-resisted|p2b: Kingambit|1\n|-damage|p2b: Kingambit|5/100\n|move|p2b: Kingambit|Swords Dance|p2b: Kingambit\n|-boost|p2b: Kingambit|atk|2\n|\n|-weather|SunnyDay|[upkeep]\n|upkeep\n|turn|12\n|\n|t:|1776639618\n|move|p1b: Kingambit|Iron Head|p2b: Kingambit\n|-resisted|p2b: Kingambit|1\n|-damage|p2b: Kingambit|0 fnt\n|faint|p2b: Kingambit\n|\n|win|xanme\n|raw|xanme's rating: 1229 &rarr; <strong>1256</strong><br />(+27 for winning)\n|raw|sdlt 2krl coolguy's rating: 1255 &rarr; <strong>1228</strong><br />(-27 for losing)\n",
  "uploadtime": 1776639619,
  "views": 9,
  "formatid": "gen9championsvgc2026regma",
  "rating": 1228,
  "private": 0,
  "password": null
}