{
  "id": "gen9championsvgc2026regma-2586329787",
  "format": "[Gen 9 Champions] VGC 2026 Reg M-A",
  "players": [
    "dongsong",
    "KogaAF1219"
  ],
  "log": "|j|\u2606dongsong\n|j|\u2606KogaAF1219\n|t:|1776425881\n|gametype|doubles\n|player|p1|dongsong|1|1325\n|player|p2|KogaAF1219|koga|1367\n|gen|9\n|tier|[Gen 9 Champions] VGC 2026 Reg M-A\n|rated|\n|rule|Species Clause: Limit one of each Pok\u00e9mon\n|rule|Item Clause: Limit 1 of each item\n|clearpoke\n|poke|p1|Hydreigon, L50, F|\n|poke|p1|Jolteon, L50, M|\n|poke|p1|Sneasler, L50, F|\n|poke|p1|Arcanine-Hisui, L50, M|\n|poke|p1|Sinistcha, L50|\n|poke|p1|Floette-Eternal, L50, F|\n|poke|p2|Torkoal, L50, F|\n|poke|p2|Venusaur, L50, F|\n|poke|p2|Incineroar, L50, F|\n|poke|p2|Farigiraf, L50, M|\n|poke|p2|Rotom-Fan, L50|\n|poke|p2|Excadrill, L50, F|\n|teampreview|4\n|\n|t:|1776425905\n|teamsize|p1|4\n|teamsize|p2|4\n|start\n|switch|p1a: Sneasler|Sneasler, L50, F|100/100\n|switch|p1b: Hydreigon|Hydreigon, L50, F|100/100\n|switch|p2a: Rotom|Rotom-Fan, L50|100/100\n|switch|p2b: Excadrill|Excadrill, L50, F|100/100\n|-ability|p2b: Excadrill|Mold Breaker\n|turn|1\n|\n|t:|1776425915\n|switch|p2a: Farigiraf|Farigiraf, L50, M|100/100\n|move|p1a: Sneasler|Fake Out||[still]\n|cant|p2a: Farigiraf|ability: Armor Tail|Fake Out|[of] p1a: Sneasler\n|move|p2b: Excadrill|High Horsepower|p1a: Sneasler\n|-supereffective|p1a: Sneasler|1\n|-damage|p1a: Sneasler|0 fnt\n|faint|p1a: Sneasler\n|move|p1b: Hydreigon|Snarl|p2a: Farigiraf|[spread] p2a,p2b\n|-supereffective|p2a: Farigiraf|1\n|-enditem|p2a: Farigiraf|Colbur Berry|[eat]\n|-enditem|p2a: Farigiraf|Colbur Berry|[weaken]\n|-damage|p2a: Farigiraf|71/100\n|-damage|p2b: Excadrill|63/100\n|-unboost|p2a: Farigiraf|spa|1\n|-unboost|p2b: Excadrill|spa|1\n|\n|upkeep\n|\n|t:|1776425923\n|switch|p1a: Floette|Floette-Eternal, L50, F|100/100\n|turn|2\n|\n|t:|1776425933\n|move|p1a: Floette|Protect|p1a: Floette\n|-singleturn|p1a: Floette|Protect\n|move|p2b: Excadrill|Rock Slide|p1a: Floette|[spread] p1b\n|-activate|p1a: Floette|move: Protect\n|-damage|p1b: Hydreigon|78/100\n|move|p1b: Hydreigon|Dark Pulse|p2a: Farigiraf\n|-supereffective|p2a: Farigiraf|1\n|-damage|p2a: Farigiraf|0 fnt\n|faint|p2a: Farigiraf\n|\n|upkeep\n|\n|t:|1776425942\n|switch|p2a: Rotom|Rotom-Fan, L50|100/100\n|turn|3\n|\n|t:|1776425949\n|switch|p1a: Sinistcha|Sinistcha, L50|100/100\n|-heal|p1b: Hydreigon|100/100|[from] ability: Hospitality|[of] p1a: Sinistcha\n|move|p2a: Rotom|Discharge|p1b: Hydreigon|[spread] p1a,p1b\n|-immune|p2b: Excadrill\n|-resisted|p1a: Sinistcha|1\n|-resisted|p1b: Hydreigon|1\n|-damage|p1a: Sinistcha|90/100\n|-damage|p1b: Hydreigon|88/100\n|-status|p1a: Sinistcha|par\n|move|p2b: Excadrill|Earthquake|p1b: Hydreigon|[spread] p1a,p1b\n|-immune|p2a: Rotom\n|-resisted|p1a: Sinistcha|1\n|-damage|p1a: Sinistcha|75/100 par\n|-damage|p1b: Hydreigon|45/100\n|move|p1b: Hydreigon|Snarl|p2b: Excadrill|[spread] p2a,p2b\n|-damage|p2a: Rotom|71/100\n|-damage|p2b: Excadrill|23/100\n|-unboost|p2a: Rotom|spa|1\n|-unboost|p2b: Excadrill|spa|1\n|\n|-heal|p1a: Sinistcha|81/100 par|[from] item: Leftovers\n|upkeep\n|turn|4\n|\n|t:|1776425972\n|switch|p2a: Venusaur|Venusaur, L50, F|100/100\n|move|p2b: Excadrill|High Horsepower|p1b: Hydreigon\n|-damage|p1b: Hydreigon|0 fnt\n|faint|p1b: Hydreigon\n|move|p1a: Sinistcha|Life Dew|p1a: Sinistcha\n|-heal|p1a: Sinistcha|100/100 par\n|\n|upkeep\n|\n|t:|1776425978\n|switch|p1b: Floette|Floette-Eternal, L50, F|100/100\n|turn|5\n|-message|dongsong forfeited.\n|\n|win|KogaAF1219\n|raw|dongsong's rating: 1325 &rarr; <strong>1307</strong><br />(-18 for losing)\n|raw|KogaAF1219's rating: 1367 &rarr; <strong>1385</strong><br />(+18 for winning)\n|l|\u2606dongsong\n|player|p1|\n",
  "uploadtime": 1776425989,
  "views": 52,
  "formatid": "gen9championsvgc2026regma",
  "rating": 1307,
  "private": 0,
  "password": null
}