{
  "id": "gen9championsvgc2026regma-2584093520",
  "format": "[Gen 9 Champions] VGC 2026 Reg M-A",
  "players": [
    "Novicebest",
    "aggsapphire"
  ],
  "log": "|j|\u2606Novicebest\n|j|\u2606aggsapphire\n|t:|1776224420\n|gametype|doubles\n|player|p1|Novicebest|dawn|1291\n|player|p2|aggsapphire|101|1198\n|gen|9\n|tier|[Gen 9 Champions] VGC 2026 Reg M-A\n|rated|\n|rule|Species Clause: Limit one of each Pok\u00e9mon\n|rule|Item Clause: Limit 1 of each item\n|clearpoke\n|poke|p1|Charizard, L50, F|\n|poke|p1|Whimsicott, L50, M|\n|poke|p1|Farigiraf, L50, F|\n|poke|p1|Sneasler, L50, M|\n|poke|p1|Rotom-Wash, L50|\n|poke|p1|Incineroar, L50, M|\n|poke|p2|Incineroar, L50, M|\n|poke|p2|Sinistcha, L50|\n|poke|p2|Kingambit, L50, F|\n|poke|p2|Floette-Eternal, L50, F|\n|poke|p2|Dragapult, L50, M|\n|poke|p2|Sneasler, L50, M|\n|teampreview|4\n|inactive|Battle timer is ON: inactive players will automatically lose when time's up. (requested by Novicebest)\n|inactive|Novicebest has 60 seconds left.\n|inactive|aggsapphire has 60 seconds left.\n|\n|t:|1776224469\n|teamsize|p1|4\n|teamsize|p2|4\n|start\n|switch|p1a: Charizard|Charizard, L50, F|100/100\n|switch|p1b: Whimsicott|Whimsicott, L50, M|100/100\n|switch|p2a: Dragapult|Dragapult, L50, M|100/100\n|switch|p2b: Sneasler|Sneasler, L50, M|100/100\n|turn|1\n|inactive|aggsapphire has 30 seconds left.\n|inactive|Novicebest has 30 seconds left.\n|\n|t:|1776224503\n|detailschange|p1a: Charizard|Charizard-Mega-Y, L50, F\n|-mega|p1a: Charizard|Charizard|Charizardite Y\n|-weather|SunnyDay|[from] ability: Drought|[of] p1a: Charizard\n|move|p1b: Whimsicott|Tailwind|p1b: Whimsicott\n|-sidestart|p1: Novicebest|move: Tailwind\n|move|p1a: Charizard|Weather Ball|p2b: Sneasler\n|-damage|p2b: Sneasler|0 fnt\n|faint|p2b: Sneasler\n|move|p2a: Dragapult|Dragon Darts|p1a: Charizard\n|-damage|p1a: Charizard|76/100\n|-anim|p2a: Dragapult|Dragon Darts|p1a: Charizard\n|-damage|p1a: Charizard|46/100\n|\n|-weather|SunnyDay|[upkeep]\n|upkeep\n|\n|t:|1776224523\n|switch|p2b: Incineroar|Incineroar, L50, M|100/100\n|-ability|p2b: Incineroar|Intimidate|boost\n|-unboost|p1a: Charizard|atk|1\n|-unboost|p1b: Whimsicott|atk|1\n|turn|2\n|\n|t:|1776224545\n|move|p1a: Charizard|Protect|p1a: Charizard\n|-singleturn|p1a: Charizard|Protect\n|move|p2b: Incineroar|Fake Out|p1b: Whimsicott\n|-damage|p1b: Whimsicott|84/100\n|cant|p1b: Whimsicott|flinch\n|move|p2a: Dragapult|Psychic Fangs|p1b: Whimsicott\n|-damage|p1b: Whimsicott|46/100\n|\n|-weather|SunnyDay|[upkeep]\n|upkeep\n|turn|3\n|j| Aurasteal\n|\n|t:|1776224564\n|move|p1b: Whimsicott|Moonblast|p2a: Dragapult\n|-supereffective|p2a: Dragapult|1\n|-damage|p2a: Dragapult|1/100\n|move|p1a: Charizard|Heat Wave|p2b: Incineroar|[spread] p2a,p2b\n|-resisted|p2a: Dragapult|1\n|-resisted|p2b: Incineroar|1\n|-damage|p2a: Dragapult|0 fnt\n|-damage|p2b: Incineroar|75/100\n|faint|p2a: Dragapult\n|move|p2b: Incineroar|Parting Shot|p1a: Charizard\n|-unboost|p1a: Charizard|atk|1\n|-unboost|p1a: Charizard|spa|1\n|\n|t:|1776224575\n|switch|p2b: Floette|Floette-Eternal, L50, F|100/100|[from] Parting Shot\n|\n|-weather|SunnyDay|[upkeep]\n|upkeep\n|\n|t:|1776224579\n|switch|p2a: Incineroar|Incineroar, L50, M|75/100\n|-ability|p2a: Incineroar|Intimidate|boost\n|-unboost|p1a: Charizard|atk|1\n|-unboost|p1b: Whimsicott|atk|1\n|turn|4\n|\n|t:|1776224592\n|detailschange|p2b: Floette|Floette-Mega, L50, F\n|-mega|p2b: Floette|Floette|Floettite\n|-ability|p2b: Floette|Fairy Aura\n|move|p1b: Whimsicott|Taunt|p2b: Floette\n|-start|p2b: Floette|move: Taunt\n|move|p1a: Charizard|Weather Ball|p2b: Floette\n|-damage|p2b: Floette|54/100\n|cant|p2b: Floette|move: Taunt|Calm Mind\n|move|p2a: Incineroar|Flare Blitz|p1b: Whimsicott\n|-supereffective|p1b: Whimsicott|1\n|-damage|p1b: Whimsicott|0 fnt\n|faint|p1b: Whimsicott\n|-damage|p2a: Incineroar|65/100|[from] Recoil\n|\n|-weather|SunnyDay|[upkeep]\n|-sideend|p1: Novicebest|move: Tailwind\n|upkeep\n|\n|t:|1776224610\n|switch|p1b: Sneasler|Sneasler, L50, M|100/100\n|turn|5\n|-message|aggsapphire forfeited.\n|\n|win|Novicebest\n|raw|Novicebest's rating: 1291 &rarr; <strong>1309</strong><br />(+18 for winning)\n|raw|aggsapphire's rating: 1198 &rarr; <strong>1180</strong><br />(-18 for losing)\n|l|\u2606aggsapphire\n|player|p2|\n",
  "uploadtime": 1776224616,
  "views": 18,
  "formatid": "gen9championsvgc2026regma",
  "rating": 1180,
  "private": 0,
  "password": null
}