{
  "id": "gen9championsvgc2026regma-2580851494",
  "format": "[Gen 9 Champions] VGC 2026 Reg M-A",
  "players": [
    "udilson",
    "roval2"
  ],
  "log": "|j|\u2606udilson\n|j|\u2606roval2\n|t:|1775937700\n|gametype|doubles\n|player|p1|udilson|102|1128\n|player|p2|roval2|hiker-gen4|1032\n|gen|9\n|tier|[Gen 9 Champions] VGC 2026 Reg M-A\n|rated|\n|rule|Species Clause: Limit one of each Pok\u00e9mon\n|rule|Item Clause: Limit 1 of each item\n|clearpoke\n|poke|p1|Froslass, L50, F|\n|poke|p1|Maushold, L50|\n|poke|p1|Garchomp, L50, M|\n|poke|p1|Primarina, L50, M|\n|poke|p1|Incineroar, L50, M|\n|poke|p1|Rotom-Mow, L50|\n|poke|p2|Sinistcha, L50|\n|poke|p2|Glimmora, L50, M|\n|poke|p2|Starmie, L50|\n|poke|p2|Whimsicott, L50, M|\n|poke|p2|Incineroar, L50, F|\n|poke|p2|Politoed, L50, M|\n|teampreview|4\n|\n|t:|1775937764\n|teamsize|p1|4\n|teamsize|p2|4\n|start\n|switch|p1a: Froslass|Froslass, L50, F|100/100\n|switch|p1b: Maushold|Maushold, L50|100/100\n|switch|p2a: Starmie|Starmie, L50|100/100\n|switch|p2b: Whimsicott|Whimsicott, L50, M|100/100\n|turn|1\n|inactive|Battle timer is ON: inactive players will automatically lose when time's up. (requested by roval2)\n|inactive|udilson has 60 seconds left.\n|\n|t:|1775937811\n|detailschange|p1a: Froslass|Froslass-Mega, L50, F\n|-mega|p1a: Froslass|Froslass|Froslassite\n|-weather|Snowscape|[from] ability: Snow Warning|[of] p1a: Froslass\n|detailschange|p2a: Starmie|Starmie-Mega, L50\n|-mega|p2a: Starmie|Starmie|Starminite\n|move|p2b: Whimsicott|Tailwind|p2b: Whimsicott\n|-sidestart|p2: roval2|move: Tailwind\n|move|p2a: Starmie|Psycho Cut|p1a: Froslass\n|-damage|p1a: Froslass|48/100\n|move|p1a: Froslass|Aurora Veil|p1a: Froslass\n|-sidestart|p1: udilson|move: Aurora Veil\n|move|p1b: Maushold|Super Fang|p2a: Starmie\n|-damage|p2a: Starmie|51/100\n|\n|-weather|Snowscape|[upkeep]\n|upkeep\n|turn|2\n|\n|t:|1775937833\n|switch|p2b: Politoed|Politoed, L50, M|100/100\n|-weather|RainDance|[from] ability: Drizzle|[of] p2b: Politoed\n|move|p2a: Starmie|Protect|p2a: Starmie\n|-singleturn|p2a: Starmie|Protect\n|move|p1b: Maushold|Follow Me|p1b: Maushold\n|-singleturn|p1b: Maushold|move: Follow Me\n|move|p1a: Froslass|Blizzard|p2b: Politoed|[spread] p2b\n|-activate|p2a: Starmie|move: Protect\n|-resisted|p2b: Politoed|1\n|-damage|p2b: Politoed|81/100\n|\n|-weather|RainDance|[upkeep]\n|-heal|p2b: Politoed|88/100|[from] item: Leftovers\n|upkeep\n|turn|3\n|inactive|udilson has 30 seconds left.\n|inactive|roval2 has 30 seconds left.\n|inactive|udilson has 20 seconds left.\n|\n|t:|1775937869\n|switch|p2b: Sinistcha|Sinistcha, L50|100/100\n|-heal|p2a: Starmie|75/100|[from] ability: Hospitality|[of] p2b: Sinistcha\n|switch|p1a: Rotom|Rotom-Mow, L50|100/100\n|move|p2a: Starmie|Liquidation|p1a: Rotom\n|-resisted|p1a: Rotom|1\n|-damage|p1a: Rotom|67/100\n|-unboost|p1a: Rotom|def|1\n|move|p1b: Maushold|Encore|p2a: Starmie\n|-start|p2a: Starmie|Encore\n|\n|-weather|RainDance|[upkeep]\n|-heal|p1a: Rotom|73/100|[from] item: Leftovers\n|upkeep\n|turn|4\n|inactive|udilson has 30 seconds left.\n|inactive|roval2 has 30 seconds left.\n|inactive|udilson has 20 seconds left.\n|inactive|roval2 has 20 seconds left.\n|inactive|udilson has 15 seconds left.\n|inactive|roval2 has 15 seconds left.\n|inactive|udilson has 10 seconds left.\n|inactive|roval2 has 10 seconds left.\n|\n|t:|1775937919\n|move|p1b: Maushold|Follow Me|p1b: Maushold\n|-singleturn|p1b: Maushold|move: Follow Me\n|move|p2a: Starmie|Liquidation|p1b: Maushold\n|-crit|p1b: Maushold\n|-enditem|p1b: Maushold|Focus Sash\n|-damage|p1b: Maushold|1/100\n|-unboost|p1b: Maushold|def|1\n|move|p2b: Sinistcha|Shadow Ball|p1b: Maushold\n|-immune|p1b: Maushold\n|move|p1a: Rotom|Thunderbolt|p2a: Starmie\n|-supereffective|p2a: Starmie|1\n|-damage|p2a: Starmie|0 fnt\n|faint|p2a: Starmie\n|\n|-weather|RainDance|[upkeep]\n|-heal|p1a: Rotom|79/100|[from] item: Leftovers\n|-sideend|p2: roval2|move: Tailwind\n|upkeep\n|\n|t:|1775937925\n|switch|p2a: Politoed|Politoed, L50, M|88/100\n|turn|5\n|inactive|udilson has 30 seconds left.\n|\n|t:|1775937953\n|move|p1b: Maushold|Follow Me|p1b: Maushold\n|-singleturn|p1b: Maushold|move: Follow Me\n|move|p1a: Rotom|Thunderbolt|p2a: Politoed\n|-supereffective|p2a: Politoed|1\n|-crit|p2a: Politoed\n|-damage|p2a: Politoed|0 fnt\n|faint|p2a: Politoed\n|move|p2b: Sinistcha|Trick Room|p2b: Sinistcha\n|-fieldstart|move: Trick Room|[of] p2b: Sinistcha\n|\n|-weather|RainDance|[upkeep]\n|-heal|p1a: Rotom|85/100|[from] item: Leftovers\n|-sideend|p1: udilson|move: Aurora Veil\n|upkeep\n|\n|t:|1775937964\n|switch|p2a: Whimsicott|Whimsicott, L50, M|100/100\n|turn|6\n|\n|t:|1775937981\n|move|p1b: Maushold|Follow Me|p1b: Maushold\n|-singleturn|p1b: Maushold|move: Follow Me\n|move|p2b: Sinistcha|Matcha Gotcha|p1b: Maushold|[spread] p1b\n|-miss|p2b: Sinistcha|p1a: Rotom\n|-damage|p1b: Maushold|0 fnt\n|faint|p1b: Maushold\n|move|p1a: Rotom|Eerie Impulse|p2b: Sinistcha\n|-unboost|p2b: Sinistcha|spa|2\n|move|p2a: Whimsicott|Moonblast|p1a: Rotom\n|-damage|p1a: Rotom|50/100\n|\n|-weather|none\n|-heal|p1a: Rotom|55/100|[from] item: Leftovers\n|upkeep\n|\n|t:|1775937998\n|switch|p1b: Froslass|Froslass-Mega, L50, F|48/100\n|-weather|Snowscape|[from] ability: Snow Warning|[of] p1b: Froslass\n|turn|7\n|\n|t:|1775938010\n|move|p1a: Rotom|Helping Hand|p1b: Froslass\n|-singleturn|p1b: Froslass|Helping Hand|[of] p1a: Rotom\n|move|p2b: Sinistcha|Shadow Ball|p1b: Froslass\n|-supereffective|p1b: Froslass|1\n|-damage|p1b: Froslass|0 fnt\n|faint|p1b: Froslass\n|move|p2a: Whimsicott|Moonblast|p1a: Rotom\n|-damage|p1a: Rotom|15/100\n|\n|-weather|Snowscape|[upkeep]\n|-heal|p1a: Rotom|20/100|[from] item: Leftovers\n|upkeep\n|\n|t:|1775938023\n|switch|p1b: Garchomp|Garchomp, L50, M|100/100\n|turn|8\n|\n|t:|1775938040\n|move|p1b: Garchomp|Protect|p1b: Garchomp\n|-singleturn|p1b: Garchomp|Protect\n|move|p2a: Whimsicott|Encore|p1a: Rotom\n|-start|p1a: Rotom|Encore\n|move|p1a: Rotom|Helping Hand||[still]\n|-fail|p1a: Rotom\n|move|p2b: Sinistcha|Matcha Gotcha|p1b: Garchomp|[spread] p1a\n|-activate|p1b: Garchomp|move: Protect\n|-resisted|p1a: Rotom|1\n|-damage|p1a: Rotom|12/100\n|\n|-weather|Snowscape|[upkeep]\n|-heal|p1a: Rotom|18/100|[from] item: Leftovers\n|upkeep\n|turn|9\n|\n|t:|1775938059\n|move|p1a: Rotom|Helping Hand|p1b: Garchomp\n|-singleturn|p1b: Garchomp|Helping Hand|[of] p1a: Rotom\n|move|p2a: Whimsicott|Encore|p1b: Garchomp\n|-start|p1b: Garchomp|Encore\n|move|p1b: Garchomp|Protect||[still]\n|-fail|p1b: Garchomp\n|move|p2b: Sinistcha|Matcha Gotcha|p1a: Rotom|[spread] p1a,p1b\n|-resisted|p1a: Rotom|1\n|-damage|p1a: Rotom|9/100\n|-damage|p1b: Garchomp|82/100\n|\n|-weather|Snowscape|[upkeep]\n|-heal|p1a: Rotom|15/100|[from] item: Leftovers\n|-fieldend|move: Trick Room\n|upkeep\n|turn|10\n|\n|t:|1775938077\n|move|p1a: Rotom|Helping Hand|p1b: Garchomp\n|-singleturn|p1b: Garchomp|Helping Hand|[of] p1a: Rotom\n|move|p1b: Garchomp|Protect|p1b: Garchomp\n|-singleturn|p1b: Garchomp|Protect\n|move|p2a: Whimsicott|Moonblast|p1b: Garchomp\n|-activate|p1b: Garchomp|move: Protect\n|move|p2b: Sinistcha|Matcha Gotcha|p1b: Garchomp|[spread] p1a\n|-activate|p1b: Garchomp|move: Protect\n|-resisted|p1a: Rotom|1\n|-damage|p1a: Rotom|6/100\n|-status|p1a: Rotom|brn\n|\n|-weather|Snowscape|[upkeep]\n|-heal|p1a: Rotom|12/100 brn|[from] item: Leftovers\n|-damage|p1a: Rotom|6/100 brn|[from] brn\n|-end|p1a: Rotom|Encore\n|upkeep\n|turn|11\n|\n|t:|1775938100\n|move|p1b: Garchomp|Protect||[still]\n|-fail|p1b: Garchomp\n|move|p2a: Whimsicott|Encore|p1a: Rotom\n|-start|p1a: Rotom|Encore\n|move|p1a: Rotom|Helping Hand||[still]\n|-fail|p1a: Rotom\n|move|p2b: Sinistcha|Matcha Gotcha|p1a: Rotom|[spread] p1a,p1b\n|-resisted|p1a: Rotom|1\n|-damage|p1a: Rotom|0 fnt\n|-damage|p1b: Garchomp|64/100\n|faint|p1a: Rotom\n|\n|-weather|none\n|-end|p1b: Garchomp|Encore\n|upkeep\n|turn|12\n|\n|t:|1775938120\n|move|p2a: Whimsicott|Encore|p1b: Garchomp\n|-start|p1b: Garchomp|Encore\n|move|p1b: Garchomp|Protect|p1b: Garchomp\n|-singleturn|p1b: Garchomp|Protect\n|move|p2b: Sinistcha|Matcha Gotcha|p1b: Garchomp\n|-activate|p1b: Garchomp|move: Protect\n|\n|upkeep\n|turn|13\n|-message|udilson forfeited.\n|\n|win|roval2\n|raw|udilson's rating: 1128 &rarr; <strong>1096</strong><br />(-32 for losing)\n|raw|roval2's rating: 1032 &rarr; <strong>1077</strong><br />(+45 for winning)\n|l|\u2606udilson\n|player|p1|\n",
  "uploadtime": 1775938150,
  "views": 16,
  "formatid": "gen9championsvgc2026regma",
  "rating": 1077,
  "private": 0,
  "password": null
}