{
  "id": "gen9championsvgc2026regma-2584606553",
  "format": "[Gen 9 Champions] VGC 2026 Reg M-A",
  "players": [
    "vffcfcdfrfvgtb",
    "orionsayshi"
  ],
  "log": "|j|\u2606vffcfcdfrfvgtb\n|j|\u2606orionsayshi\n|t:|1776271723\n|gametype|doubles\n|player|p1|vffcfcdfrfvgtb|2|1145\n|player|p2|orionsayshi|elesa|1055\n|gen|9\n|tier|[Gen 9 Champions] VGC 2026 Reg M-A\n|rated|\n|rule|Species Clause: Limit one of each Pok\u00e9mon\n|rule|Item Clause: Limit 1 of each item\n|clearpoke\n|poke|p1|Beedrill, L50, M|\n|poke|p1|Froslass, L50, F|\n|poke|p1|Incineroar, L50, F|\n|poke|p1|Basculegion, L50, M|\n|poke|p1|Sneasler, L50, F|\n|poke|p1|Liepard, L50, M|\n|poke|p2|Gengar, L50, M|\n|poke|p2|Sinistcha, L50|\n|poke|p2|Blastoise, L50, F|\n|poke|p2|Sableye, L50, F|\n|poke|p2|Heliolisk, L50, M|\n|poke|p2|Politoed, L50, F|\n|teampreview|4\n|\n|t:|1776271771\n|teamsize|p1|4\n|teamsize|p2|4\n|start\n|switch|p1a: Beedrill|Beedrill, L50, M|100/100\n|switch|p1b: Liepard|Liepard, L50, M|100/100\n|switch|p2a: Gengar|Gengar, L50, M|100/100\n|switch|p2b: Politoed|Politoed, L50, F|100/100\n|-weather|RainDance|[from] ability: Drizzle|[of] p2b: Politoed\n|turn|1\n|\n|t:|1776271801\n|detailschange|p2a: Gengar|Gengar-Mega, L50, M\n|-mega|p2a: Gengar|Gengar|Gengarite\n|move|p2a: Gengar|Protect|p2a: Gengar\n|-singleturn|p2a: Gengar|Protect\n|move|p1a: Beedrill|Protect|p1a: Beedrill\n|-singleturn|p1a: Beedrill|Protect\n|move|p1b: Liepard|Thunder Wave|p2a: Gengar\n|-activate|p2a: Gengar|move: Protect\n|move|p2b: Politoed|Perish Song|p2b: Politoed\n|-start|p1a: Beedrill|perish3|[silent]\n|-start|p1b: Liepard|perish3|[silent]\n|-start|p2a: Gengar|perish3|[silent]\n|-start|p2b: Politoed|perish3|[silent]\n|-fieldactivate|move: Perish Song\n|\n|-weather|RainDance|[upkeep]\n|-start|p2a: Gengar|perish3\n|-start|p1b: Liepard|perish3\n|-start|p1a: Beedrill|perish3\n|-start|p2b: Politoed|perish3\n|upkeep\n|turn|2\n|\n|t:|1776271825\n|switch|p2b: Sinistcha|Sinistcha, L50|100/100\n|detailschange|p1a: Beedrill|Beedrill-Mega, L50, M\n|-mega|p1a: Beedrill|Beedrill|Beedrillite\n|move|p2a: Gengar|Protect||[still]\n|-fail|p2a: Gengar\n|move|p1b: Liepard|Encore|p2a: Gengar\n|-start|p2a: Gengar|Encore\n|move|p1a: Beedrill|U-turn|p2b: Sinistcha\n|-damage|p2b: Sinistcha|54/100\n|\n|t:|1776271837\n|switch|p1a: Basculegion|Basculegion, L50, M|100/100|[from] U-turn\n|\n|-weather|RainDance|[upkeep]\n|-heal|p2b: Sinistcha|60/100|[from] item: Leftovers\n|-start|p2a: Gengar|perish2\n|-start|p1b: Liepard|perish2\n|upkeep\n|turn|3\n|\n|t:|1776271855\n|move|p2a: Gengar|Protect|p2a: Gengar\n|-singleturn|p2a: Gengar|Protect\n|move|p1b: Liepard|Thunder Wave|p2b: Sinistcha\n|-status|p2b: Sinistcha|par\n|move|p1a: Basculegion|Last Respects|p2b: Sinistcha\n|-supereffective|p2b: Sinistcha|1\n|-damage|p2b: Sinistcha|2/100 par\n|move|p2b: Sinistcha|Matcha Gotcha|p1a: Basculegion|[spread] p1a,p1b\n|-supereffective|p1a: Basculegion|1\n|-damage|p1a: Basculegion|41/100\n|-heal|p2b: Sinistcha|34/100 par|[from] drain|[of] p1a: Basculegion\n|-damage|p1b: Liepard|42/100\n|-heal|p2b: Sinistcha|58/100 par|[from] drain|[of] p1b: Liepard\n|\n|-weather|RainDance|[upkeep]\n|-heal|p2b: Sinistcha|64/100 par|[from] item: Leftovers\n|-start|p2a: Gengar|perish1\n|-start|p1b: Liepard|perish1\n|upkeep\n|turn|4\n|\n|t:|1776271889\n|switch|p2a: Sableye|Sableye, L50, F|100/100\n|move|p1b: Liepard|Sucker Punch||[still]\n|-fail|p1b: Liepard\n|move|p1a: Basculegion|Last Respects|p2b: Sinistcha\n|-supereffective|p2b: Sinistcha|1\n|-damage|p2b: Sinistcha|0 fnt\n|faint|p2b: Sinistcha\n|\n|-weather|RainDance|[upkeep]\n|-start|p1b: Liepard|perish0\n|upkeep\n|faint|p1b: Liepard\n|\n|t:|1776271900\n|switch|p1b: Beedrill|Beedrill-Mega, L50, M|100/100\n|switch|p2b: Politoed|Politoed, L50, F|100/100\n|turn|5\n|\n|t:|1776271927\n|move|p2a: Sableye|Disable|p1a: Basculegion\n|-start|p1a: Basculegion|Disable|Last Respects\n|move|p1b: Beedrill|U-turn|p2a: Sableye\n|-damage|p2a: Sableye|44/100\n|\n|t:|1776271933\n|switch|p1b: Sneasler|Sneasler, L50, F|100/100|[from] U-turn\n|cant|p1a: Basculegion|Disable|Last Respects\n|move|p2b: Politoed|Weather Ball|p1b: Sneasler\n|-damage|p1b: Sneasler|3/100\n|\n|-weather|none\n|-heal|p1b: Sneasler|9/100|[from] item: Leftovers\n|upkeep\n|turn|6\n|\n|t:|1776271977\n|switch|p1a: Beedrill|Beedrill-Mega, L50, M|100/100\n|switch|p2b: Gengar|Gengar-Mega, L50, M|100/100\n|move|p2a: Sableye|Encore||[still]\n|-fail|p2a: Sableye\n|move|p1b: Sneasler|Dire Claw|p2a: Sableye\n|-resisted|p2a: Sableye|1\n|-damage|p2a: Sableye|22/100\n|\n|-heal|p1b: Sneasler|15/100|[from] item: Leftovers\n|upkeep\n|turn|7\n|\n|t:|1776272003\n|move|p2a: Sableye|Protect|p2a: Sableye\n|-singleturn|p2a: Sableye|Protect\n|move|p2b: Gengar|Protect|p2b: Gengar\n|-singleturn|p2b: Gengar|Protect\n|move|p1a: Beedrill|U-turn|p2a: Sableye\n|-activate|p2a: Sableye|move: Protect\n|move|p1b: Sneasler|Dire Claw|p2a: Sableye\n|-activate|p2a: Sableye|move: Protect\n|\n|-heal|p1b: Sneasler|20/100|[from] item: Leftovers\n|upkeep\n|turn|8\n|\n|t:|1776272023\n|move|p2a: Sableye|Disable|p1a: Beedrill\n|-start|p1a: Beedrill|Disable|U-turn\n|move|p1a: Beedrill|Poison Jab|p2b: Gengar\n|-resisted|p2b: Gengar|2\n|-damage|p2b: Gengar|81/100\n|move|p2b: Gengar|Shadow Ball|p1b: Sneasler\n|-damage|p1b: Sneasler|0 fnt\n|faint|p1b: Sneasler\n|\n|upkeep\n|\n|t:|1776272032\n|switch|p1b: Basculegion|Basculegion, L50, M|41/100\n|turn|9\n|\n|t:|1776272051\n|move|p2a: Sableye|Encore|p1a: Beedrill\n|-start|p1a: Beedrill|Encore\n|move|p1a: Beedrill|Poison Jab|p2b: Gengar\n|-resisted|p2b: Gengar|2\n|-damage|p2b: Gengar|61/100\n|move|p2b: Gengar|Shadow Ball|p1b: Basculegion\n|-supereffective|p1b: Basculegion|1\n|-damage|p1b: Basculegion|0 fnt\n|faint|p1b: Basculegion\n|\n|upkeep\n|turn|10\n|inactive|Battle timer is ON: inactive players will automatically lose when time's up. (requested by orionsayshi)\n|c|\u2606orionsayshi|you literally only have one option\n|inactive|vffcfcdfrfvgtb has 60 seconds left.\n|inactive|vffcfcdfrfvgtb has 30 seconds left.\n|inactive|vffcfcdfrfvgtb has 20 seconds left.\n|inactive|vffcfcdfrfvgtb has 15 seconds left.\n|inactive|vffcfcdfrfvgtb has 10 seconds left.\n|inactive|vffcfcdfrfvgtb has 5 seconds left.\n|\n|t:|1776272293\n|move|p2a: Sableye|Protect|p2a: Sableye\n|-singleturn|p2a: Sableye|Protect\n|move|p1a: Beedrill|Poison Jab|p2b: Gengar\n|-resisted|p2b: Gengar|2\n|-damage|p2b: Gengar|42/100\n|move|p2b: Gengar|Shadow Ball|p1a: Beedrill\n|-damage|p1a: Beedrill|29/100\n|\n|upkeep\n|turn|11\n|inactive|vffcfcdfrfvgtb has 30 seconds left.\n|inactive|vffcfcdfrfvgtb has 20 seconds left.\n|inactive|vffcfcdfrfvgtb has 15 seconds left.\n|inactive|vffcfcdfrfvgtb has 10 seconds left.\n|inactive|vffcfcdfrfvgtb has 5 seconds left.\n|\n|t:|1776272349\n|move|p2a: Sableye|Disable||[still]\n|-fail|p2a: Sableye\n|move|p1a: Beedrill|Poison Jab|p2a: Sableye\n|-resisted|p2a: Sableye|1\n|-damage|p2a: Sableye|0 fnt\n|faint|p2a: Sableye\n|move|p2b: Gengar|Shadow Ball|p1a: Beedrill\n|-damage|p1a: Beedrill|0 fnt\n|faint|p1a: Beedrill\n|\n|win|orionsayshi\n|raw|vffcfcdfrfvgtb's rating: 1145 &rarr; <strong>1114</strong><br />(-31 for losing)\n|raw|orionsayshi's rating: 1055 &rarr; <strong>1095</strong><br />(+40 for winning)\n",
  "uploadtime": 1776272353,
  "views": 20,
  "formatid": "gen9championsvgc2026regma",
  "rating": 1095,
  "private": 0,
  "password": null
}