{
  "id": "gen9championsvgc2026regma-2586863859",
  "format": "[Gen 9 Champions] VGC 2026 Reg M-A",
  "players": [
    "Anibaltsuna",
    "toyrieso"
  ],
  "log": "|j|\u2606Anibaltsuna\n|j|\u2606toyrieso\n|t:|1776466441\n|gametype|doubles\n|player|p1|Anibaltsuna|veteran|1158\n|player|p2|toyrieso|101|1212\n|gen|9\n|tier|[Gen 9 Champions] VGC 2026 Reg M-A\n|rated|\n|rule|Species Clause: Limit one of each Pok\u00e9mon\n|rule|Item Clause: Limit 1 of each item\n|clearpoke\n|poke|p1|Tyranitar, L50, M|\n|poke|p1|Corviknight, L50, F|\n|poke|p1|Sinistcha, L50|\n|poke|p1|Gengar, L50, M|\n|poke|p1|Excadrill, L50, M|\n|poke|p1|Garchomp, L50, F|\n|poke|p2|Kangaskhan, L50, F|\n|poke|p2|Ninetales-Alola, L50, F|\n|poke|p2|Basculegion, L50, M|\n|poke|p2|Corviknight, L50, M|\n|poke|p2|Glimmora, L50, F|\n|poke|p2|Dragonite, L50, M|\n|teampreview|4\n|inactive|Battle timer is ON: inactive players will automatically lose when time's up. (requested by toyrieso)\n|\n|t:|1776466510\n|teamsize|p1|4\n|teamsize|p2|4\n|start\n|switch|p1a: Tyranitar|Tyranitar, L50, M|100/100\n|switch|p1b: Corviknight|Corviknight, L50, F|100/100\n|switch|p2a: Ninetales|Ninetales-Alola, L50, F|100/100\n|switch|p2b: Kangaskhan|Kangaskhan, L50, F|100/100\n|-weather|Snowscape|[from] ability: Snow Warning|[of] p2a: Ninetales\n|-weather|Sandstorm|[from] ability: Sand Stream|[of] p1a: Tyranitar\n|turn|1\n|inactive|toyrieso has 30 seconds left.\n|\n|t:|1776466541\n|detailschange|p2b: Kangaskhan|Kangaskhan-Mega, L50, F\n|-mega|p2b: Kangaskhan|Kangaskhan|Kangaskhanite\n|move|p2a: Ninetales|Protect|p2a: Ninetales\n|-singleturn|p2a: Ninetales|Protect\n|move|p1a: Tyranitar|Protect|p1a: Tyranitar\n|-singleturn|p1a: Tyranitar|Protect\n|move|p2b: Kangaskhan|Fake Out|p1a: Tyranitar\n|-activate|p1a: Tyranitar|move: Protect\n|move|p1b: Corviknight|Tailwind|p1b: Corviknight\n|-sidestart|p1: Anibaltsuna|move: Tailwind\n|\n|-weather|Sandstorm|[upkeep]\n|-damage|p2a: Ninetales|94/100|[from] Sandstorm\n|-damage|p2b: Kangaskhan|94/100|[from] Sandstorm\n|upkeep\n|turn|2\n|\n|t:|1776466564\n|switch|p2a: Corviknight|Corviknight, L50, M|100/100\n|move|p1b: Corviknight|Body Press|p2b: Kangaskhan\n|-supereffective|p2b: Kangaskhan|1\n|-damage|p2b: Kangaskhan|54/100\n|move|p1a: Tyranitar|Low Kick|p2b: Kangaskhan\n|-supereffective|p2b: Kangaskhan|1\n|-damage|p2b: Kangaskhan|0 fnt\n|faint|p2b: Kangaskhan\n|\n|-weather|Sandstorm|[upkeep]\n|upkeep\n|\n|t:|1776466574\n|switch|p2b: Basculegion|Basculegion, L50, M|100/100\n|turn|3\n|\n|t:|1776466597\n|switch|p2b: Ninetales|Ninetales-Alola, L50, F|94/100\n|-weather|Snowscape|[from] ability: Snow Warning|[of] p2b: Ninetales\n|move|p1b: Corviknight|Bulk Up|p1b: Corviknight\n|-boost|p1b: Corviknight|atk|1\n|-boost|p1b: Corviknight|def|1\n|move|p1a: Tyranitar|Knock Off|p2b: Ninetales\n|-resisted|p2b: Ninetales|1\n|-damage|p2b: Ninetales|64/100\n|-enditem|p2b: Ninetales|Focus Sash|[from] move: Knock Off|[of] p1a: Tyranitar\n|move|p2a: Corviknight|Body Press|p1a: Tyranitar\n|-supereffective|p1a: Tyranitar|2\n|-damage|p1a: Tyranitar|37/100\n|\n|-weather|Snowscape|[upkeep]\n|upkeep\n|turn|4\n|inactive|Anibaltsuna has 30 seconds left.\n|\n|t:|1776466628\n|switch|p2b: Basculegion|Basculegion, L50, M|100/100\n|detailschange|p1a: Tyranitar|Tyranitar-Mega, L50, M\n|-mega|p1a: Tyranitar|Tyranitar|Tyranitarite\n|-weather|Sandstorm|[from] ability: Sand Stream|[of] p1a: Tyranitar\n|move|p1a: Tyranitar|Rock Slide|p2a: Corviknight|[spread] p2a,p2b\n|-damage|p2a: Corviknight|68/100\n|-damage|p2b: Basculegion|54/100\n|move|p1b: Corviknight|Body Press|p2a: Corviknight\n|-crit|p2a: Corviknight\n|-damage|p2a: Corviknight|24/100\n|move|p2a: Corviknight|Iron Defense|p2a: Corviknight\n|-boost|p2a: Corviknight|def|2\n|\n|-weather|Sandstorm|[upkeep]\n|-damage|p2b: Basculegion|48/100|[from] Sandstorm\n|-heal|p2a: Corviknight|30/100|[from] item: Leftovers\n|-sideend|p1: Anibaltsuna|move: Tailwind\n|upkeep\n|turn|5\n|inactive|Anibaltsuna has 30 seconds left.\n|inactive|toyrieso has 30 seconds left.\n|inactive|toyrieso has 20 seconds left.\n|\n|t:|1776466663\n|move|p1a: Tyranitar|Protect|p1a: Tyranitar\n|-singleturn|p1a: Tyranitar|Protect\n|move|p2b: Basculegion|Flip Turn|p1a: Tyranitar\n|-activate|p1a: Tyranitar|move: Protect\n|move|p2a: Corviknight|Roost|p2a: Corviknight\n|-heal|p2a: Corviknight|80/100\n|-singleturn|p2a: Corviknight|move: Roost\n|move|p1b: Corviknight|Tailwind|p1b: Corviknight\n|-sidestart|p1: Anibaltsuna|move: Tailwind\n|\n|-weather|Sandstorm|[upkeep]\n|-damage|p2b: Basculegion|42/100|[from] Sandstorm\n|-heal|p2a: Corviknight|86/100|[from] item: Leftovers\n|upkeep\n|turn|6\n|inactive|Anibaltsuna has 30 seconds left.\n|inactive|Anibaltsuna has 20 seconds left.\n|\n|t:|1776466703\n|switch|p2b: Ninetales|Ninetales-Alola, L50, F|64/100\n|-weather|Snowscape|[from] ability: Snow Warning|[of] p2b: Ninetales\n|switch|p1a: Cynthia|Garchomp, L50, F, shiny|100/100\n|move|p1b: Corviknight|Body Press|p2b: Ninetales\n|-damage|p2b: Ninetales|28/100\n|move|p2a: Corviknight|Body Press|p1a: Cynthia|[miss]\n|-miss|p2a: Corviknight|p1a: Cynthia\n|\n|-weather|Snowscape|[upkeep]\n|-heal|p2a: Corviknight|92/100|[from] item: Leftovers\n|upkeep\n|turn|7\n|inactive|Anibaltsuna has 30 seconds left.\n|inactive|toyrieso has 30 seconds left.\n|inactive|toyrieso has 20 seconds left.\n|\n|t:|1776466739\n|move|p2b: Ninetales|Protect|p2b: Ninetales\n|-singleturn|p2b: Ninetales|Protect\n|move|p1a: Cynthia|Rock Slide|p2b: Ninetales|[spread] p2a\n|-activate|p2b: Ninetales|move: Protect\n|-damage|p2a: Corviknight|84/100\n|move|p1b: Corviknight|Brave Bird|p2b: Ninetales\n|-activate|p2b: Ninetales|move: Protect\n|move|p2a: Corviknight|Iron Defense|p2a: Corviknight\n|-boost|p2a: Corviknight|def|2\n|\n|-weather|Snowscape|[upkeep]\n|-heal|p2a: Corviknight|90/100|[from] item: Leftovers\n|upkeep\n|turn|8\n|\n|t:|1776466762\n|switch|p2b: Basculegion|Basculegion, L50, M|42/100\n|move|p1a: Cynthia|Rock Slide|p2a: Corviknight|[spread] p2a,p2b\n|-damage|p2a: Corviknight|84/100\n|-damage|p2b: Basculegion|18/100\n|move|p1b: Corviknight|Bulk Up|p1b: Corviknight\n|-boost|p1b: Corviknight|atk|1\n|-boost|p1b: Corviknight|def|1\n|cant|p2a: Corviknight|flinch\n|\n|-weather|Snowscape|[upkeep]\n|-heal|p2a: Corviknight|90/100|[from] item: Leftovers\n|-sideend|p1: Anibaltsuna|move: Tailwind\n|upkeep\n|turn|9\n|inactive|toyrieso has 30 seconds left.\n|\n|t:|1776466793\n|move|p2b: Basculegion|Wave Crash|p1a: Cynthia\n|-damage|p1a: Cynthia|24/100\n|-damage|p2b: Basculegion|0 fnt|[from] Recoil\n|faint|p2b: Basculegion\n|move|p1a: Cynthia|Rock Slide|p2a: Corviknight\n|-damage|p2a: Corviknight|83/100\n|move|p2a: Corviknight|Body Press|p1a: Cynthia\n|-damage|p1a: Cynthia|0 fnt\n|faint|p1a: Cynthia\n|move|p1b: Corviknight|Tailwind|p1b: Corviknight\n|-sidestart|p1: Anibaltsuna|move: Tailwind\n|\n|-weather|Snowscape|[upkeep]\n|-heal|p2a: Corviknight|89/100|[from] item: Leftovers\n|upkeep\n|\n|t:|1776466810\n|switch|p1a: Tyranitar|Tyranitar-Mega, L50, M|37/100\n|switch|p2b: Ninetales|Ninetales-Alola, L50, F|28/100\n|-weather|Sandstorm|[from] ability: Sand Stream|[of] p1a: Tyranitar\n|-weather|Snowscape|[from] ability: Snow Warning|[of] p2b: Ninetales\n|turn|10\n|inactive|Anibaltsuna has 30 seconds left.\n|\n|t:|1776466839\n|move|p1a: Tyranitar|Rock Slide|p2a: Corviknight|[spread] p2a,p2b\n|-supereffective|p2b: Ninetales|1\n|-damage|p2a: Corviknight|79/100\n|-damage|p2b: Ninetales|0 fnt\n|faint|p2b: Ninetales\n|move|p1b: Corviknight|Bulk Up|p1b: Corviknight\n|-boost|p1b: Corviknight|atk|1\n|-boost|p1b: Corviknight|def|1\n|move|p2a: Corviknight|Body Press|p1a: Tyranitar\n|-supereffective|p1a: Tyranitar|2\n|-damage|p1a: Tyranitar|0 fnt\n|faint|p1a: Tyranitar\n|\n|-weather|Snowscape|[upkeep]\n|-heal|p2a: Corviknight|84/100|[from] item: Leftovers\n|upkeep\n|\n|t:|1776466846\n|switch|p1a: Gengar|Gengar, L50, M|100/100\n|turn|11\n|\n|t:|1776466860\n|move|p1a: Gengar|Shadow Ball|p2a: Corviknight\n|-damage|p2a: Corviknight|56/100\n|move|p1b: Corviknight|Body Press|p2a: Corviknight\n|-damage|p2a: Corviknight|40/100\n|move|p2a: Corviknight|Brave Bird|p1a: Gengar\n|-damage|p1a: Gengar|32/100\n|-damage|p2a: Corviknight|23/100|[from] Recoil\n|\n|-weather|Snowscape|[upkeep]\n|-heal|p2a: Corviknight|29/100|[from] item: Leftovers\n|upkeep\n|turn|12\n|inactive|Anibaltsuna has 30 seconds left.\n|\n|t:|1776466887\n|move|p1a: Gengar|Shadow Ball|p2a: Corviknight\n|-damage|p2a: Corviknight|1/100\n|move|p1b: Corviknight|Body Press|p2a: Corviknight\n|-damage|p2a: Corviknight|0 fnt\n|faint|p2a: Corviknight\n|\n|win|Anibaltsuna\n|raw|Anibaltsuna's rating: 1158 &rarr; <strong>1187</strong><br />(+29 for winning)\n|raw|toyrieso's rating: 1212 &rarr; <strong>1183</strong><br />(-29 for losing)\n|c|\u2606Anibaltsuna|Gg\n",
  "uploadtime": 1776466913,
  "views": 27,
  "formatid": "gen9championsvgc2026regma",
  "rating": 1183,
  "private": 0,
  "password": null
}