{
  "id": "gen9championsvgc2026regma-2586631455",
  "format": "[Gen 9 Champions] VGC 2026 Reg M-A",
  "players": [
    "DCAndR",
    "espa2031"
  ],
  "log": "|j|\u2606DCAndR\n|j|\u2606espa2031\n|t:|1776448146\n|gametype|doubles\n|player|p1|DCAndR|1|1076\n|player|p2|espa2031|2|1088\n|gen|9\n|tier|[Gen 9 Champions] VGC 2026 Reg M-A\n|rated|\n|rule|Species Clause: Limit one of each Pok\u00e9mon\n|rule|Item Clause: Limit 1 of each item\n|clearpoke\n|poke|p1|Froslass, L50, F|\n|poke|p1|Sneasler, L50, F|\n|poke|p1|Kingambit, L50, M|\n|poke|p1|Rotom-Frost, L50|\n|poke|p1|Garchomp, L50, F|\n|poke|p1|Talonflame, L50, M|\n|poke|p2|Scovillain, L50, M|\n|poke|p2|Incineroar, L50, F|\n|poke|p2|Sneasler, L50, F|\n|poke|p2|Maushold-Four, L50|\n|poke|p2|Garchomp, L50, M|\n|poke|p2|Ditto, L50|\n|teampreview|4\n|inactive|Battle timer is ON: inactive players will automatically lose when time's up. (requested by espa2031)\n|\n|t:|1776448188\n|teamsize|p1|4\n|teamsize|p2|4\n|start\n|switch|p1a: Rotom|Rotom-Frost, L50|100/100\n|switch|p1b: Froslass|Froslass, L50, F|100/100\n|switch|p2a: Scovillain|Scovillain, L50, M|100/100\n|switch|p2b: Maushold|Maushold-Four, L50|100/100\n|turn|1\n|inactive|DCAndR has 30 seconds left.\n|inactive|espa2031 has 30 seconds left.\n|\n|t:|1776448220\n|detailschange|p1b: Froslass|Froslass-Mega, L50, F\n|-mega|p1b: Froslass|Froslass|Froslassite\n|-weather|Snowscape|[from] ability: Snow Warning|[of] p1b: Froslass\n|move|p1b: Froslass|Protect|p1b: Froslass\n|-singleturn|p1b: Froslass|Protect\n|move|p1a: Rotom|Blizzard|p2b: Maushold|[spread] p2a,p2b\n|-damage|p2a: Scovillain|73/100\n|-damage|p2b: Maushold|55/100\n|move|p2b: Maushold|Super Fang|p1a: Rotom\n|-damage|p1a: Rotom|51/100\n|move|p2a: Scovillain|Leech Seed|p1b: Froslass\n|-activate|p1b: Froslass|move: Protect\n|\n|-weather|Snowscape|[upkeep]\n|-ability|p2a: Scovillain|Moody|boost\n|-boost|p2a: Scovillain|spe|2\n|-unboost|p2a: Scovillain|atk|1\n|upkeep\n|turn|2\n|inactive|DCAndR has 30 seconds left.\n|inactive|espa2031 has 30 seconds left.\n|inactive|DCAndR has 20 seconds left.\n|inactive|DCAndR has 15 seconds left.\n|inactive|DCAndR has 10 seconds left.\n|\n|t:|1776448265\n|move|p1a: Rotom|Blizzard|p2b: Maushold|[spread] p2a,p2b\n|-damage|p2a: Scovillain|43/100\n|-damage|p2b: Maushold|8/100\n|move|p2a: Scovillain|Leech Seed|p1a: Rotom\n|-start|p1a: Rotom|move: Leech Seed\n|move|p1b: Froslass|Blizzard|p2a: Scovillain|[spread] p2a,p2b\n|-damage|p2a: Scovillain|9/100\n|-damage|p2b: Maushold|0 fnt\n|faint|p2b: Maushold\n|\n|-weather|Snowscape|[upkeep]\n|-damage|p1a: Rotom|39/100|[from] Leech Seed|[of] p2a: Scovillain\n|-heal|p2a: Scovillain|17/100|[silent]\n|-ability|p2a: Scovillain|Moody|boost\n|-boost|p2a: Scovillain|atk|2\n|-unboost|p2a: Scovillain|def|1\n|upkeep\n|\n|t:|1776448283\n|switch|p2b: Sneasler|Sneasler, L50, F|100/100\n|turn|3\n|\n|t:|1776448295\n|switch|p1a: Sneasler|Sneasler, L50, F|100/100\n|move|p2a: Scovillain|Protect|p2a: Scovillain\n|-singleturn|p2a: Scovillain|Protect\n|move|p1b: Froslass|Protect|p1b: Froslass\n|-singleturn|p1b: Froslass|Protect\n|move|p2b: Sneasler|Fake Out|p1a: Sneasler\n|-damage|p1a: Sneasler|74/100\n|\n|-weather|Snowscape|[upkeep]\n|-ability|p2a: Scovillain|Moody|boost\n|-boost|p2a: Scovillain|spe|2\n|-unboost|p2a: Scovillain|spa|1\n|upkeep\n|turn|4\n|inactive|espa2031 has 30 seconds left.\n|inactive|espa2031 has 20 seconds left.\n|inactive|espa2031 has 15 seconds left.\n|inactive|espa2031 has 10 seconds left.\n|\n|t:|1776448341\n|detailschange|p2a: Scovillain|Scovillain-Mega, L50, M\n|-mega|p2a: Scovillain|Scovillain|Scovillainite\n|move|p1a: Sneasler|Fake Out|p2b: Sneasler\n|-damage|p2b: Sneasler|75/100\n|move|p2a: Scovillain|Energy Ball|p1b: Froslass\n|-damage|p1b: Froslass|66/100\n|move|p1b: Froslass|Aurora Veil|p1b: Froslass\n|-sidestart|p1: DCAndR|move: Aurora Veil\n|cant|p2b: Sneasler|flinch\n|\n|-weather|Snowscape|[upkeep]\n|upkeep\n|turn|5\n|inactive|DCAndR has 30 seconds left.\n|inactive|espa2031 has 30 seconds left.\n|\n|t:|1776448370\n|switch|p1b: Talonflame|Talonflame, L50, M|100/100\n|move|p2a: Scovillain|Energy Ball|p1b: Talonflame\n|-resisted|p1b: Talonflame|2\n|-damage|p1b: Talonflame|93/100\n|move|p2b: Sneasler|Dire Claw|p1b: Talonflame\n|-damage|p1b: Talonflame|53/100\n|move|p1a: Sneasler|Dire Claw|p2a: Scovillain\n|-supereffective|p2a: Scovillain|1\n|-damage|p2a: Scovillain|0 fnt\n|-status|p1a: Sneasler|brn|[from] ability: Spicy Spray|[of] p2a: Scovillain\n|faint|p2a: Scovillain\n|\n|-weather|none\n|-damage|p1a: Sneasler|69/100 brn|[from] brn\n|upkeep\n|\n|t:|1776448389\n|switch|p2a: Garchomp|Garchomp, L50, M|100/100\n|turn|6\n|\n|t:|1776448404\n|move|p2a: Garchomp|Rock Slide|p1a: Sneasler|[spread] p1a,p1b\n|-resisted|p1a: Sneasler|1\n|-supereffective|p1b: Talonflame|2\n|-damage|p1a: Sneasler|57/100 brn\n|-damage|p1b: Talonflame|0 fnt\n|faint|p1b: Talonflame\n|move|p2b: Sneasler|Dire Claw|p1a: Sneasler\n|-resisted|p1a: Sneasler|1\n|-damage|p1a: Sneasler|34/100 brn\n|move|p1a: Sneasler|Close Combat|p2b: Sneasler\n|-resisted|p2b: Sneasler|1\n|-damage|p2b: Sneasler|48/100\n|-unboost|p1a: Sneasler|def|1\n|-unboost|p1a: Sneasler|spd|1\n|-enditem|p1a: Sneasler|White Herb\n|-clearnegativeboost|p1a: Sneasler|[silent]\n|\n|-damage|p1a: Sneasler|28/100 brn|[from] brn\n|upkeep\n|\n|t:|1776448425\n|switch|p1b: Rotom|Rotom-Frost, L50|39/100\n|turn|7\n|\n|t:|1776448440\n|switch|p1a: Froslass|Froslass-Mega, L50, F|66/100\n|-weather|Snowscape|[from] ability: Snow Warning|[of] p1a: Froslass\n|move|p2a: Garchomp|Rock Slide|p1b: Rotom|[spread] p1a,p1b\n|-supereffective|p1a: Froslass|1\n|-supereffective|p1b: Rotom|1\n|-damage|p1a: Froslass|37/100\n|-damage|p1b: Rotom|13/100\n|move|p1b: Rotom|Blizzard|p2a: Garchomp|[spread] p2a,p2b\n|-supereffective|p2a: Garchomp|2\n|-damage|p2a: Garchomp|0 fnt\n|-damage|p2b: Sneasler|0 fnt\n|faint|p2a: Garchomp\n|faint|p2b: Sneasler\n|\n|win|DCAndR\n|raw|DCAndR's rating: 1076 &rarr; <strong>1106</strong><br />(+30 for winning)\n|raw|espa2031's rating: 1088 &rarr; <strong>1064</strong><br />(-24 for losing)\n|l|\u2606espa2031\n|player|p2|\n",
  "uploadtime": 1776448464,
  "views": 25,
  "formatid": "gen9championsvgc2026regma",
  "rating": 1064,
  "private": 0,
  "password": null
}