{
  "id": "gen9championsvgc2026regma-2585017866",
  "format": "[Gen 9 Champions] VGC 2026 Reg M-A",
  "players": [
    "maku8319",
    "Junichi Masuda Jr"
  ],
  "log": "|j|\u2606maku8319\n|j|\u2606Junichi Masuda Jr\n|t:|1776303761\n|gametype|doubles\n|player|p1|maku8319|red|1252\n|player|p2|Junichi Masuda Jr|pokekid|1328\n|gen|9\n|tier|[Gen 9 Champions] VGC 2026 Reg M-A\n|rated|\n|rule|Species Clause: Limit one of each Pok\u00e9mon\n|rule|Item Clause: Limit 1 of each item\n|clearpoke\n|poke|p1|Corviknight, L50, F|\n|poke|p1|Delphox, L50, F|\n|poke|p1|Garchomp, L50, F|\n|poke|p1|Sneasler, L50, M|\n|poke|p1|Primarina, L50, M|\n|poke|p1|Kingambit, L50, M|\n|poke|p2|Aegislash, L50, M|\n|poke|p2|Sneasler, L50, F|\n|poke|p2|Floette-Eternal, L50, F|\n|poke|p2|Talonflame, L50, F|\n|poke|p2|Rotom-Wash, L50|\n|poke|p2|Garchomp, L50, M|\n|teampreview|4\n|j| annilator\n|l| annilator\n|inactive|Battle timer is ON: inactive players will automatically lose when time's up. (requested by Junichi Masuda Jr)\n|\n|t:|1776303827\n|teamsize|p1|4\n|teamsize|p2|4\n|start\n|switch|p1a: Sneasler|Sneasler, L50, M|100/100\n|switch|p1b: Primarina|Primarina, L50, M|100/100\n|switch|p2a: Talonflame|Talonflame, L50, F|100/100\n|switch|p2b: Floette|Floette-Eternal, L50, F|100/100\n|turn|1\n|\n|t:|1776303845\n|detailschange|p2b: Floette|Floette-Mega, L50, F\n|-mega|p2b: Floette|Floette|Floettite\n|-ability|p2b: Floette|Fairy Aura\n|move|p2a: Talonflame|Protect|p2a: Talonflame\n|-singleturn|p2a: Talonflame|Protect\n|move|p1a: Sneasler|Fake Out|p2b: Floette\n|-damage|p2b: Floette|84/100\n|cant|p2b: Floette|flinch\n|move|p1b: Primarina|Hyper Voice|p2a: Talonflame|[spread] p2b\n|-activate|p2a: Talonflame|move: Protect\n|-damage|p2b: Floette|54/100\n|\n|upkeep\n|turn|2\n|inactive|Junichi Masuda Jr has 30 seconds left.\n|inactive|Junichi Masuda Jr has 20 seconds left.\n|inactive|Junichi Masuda Jr has 15 seconds left.\n|\n|t:|1776303887\n|move|p2a: Talonflame|Tailwind|p2a: Talonflame\n|-sidestart|p2: Junichi Masuda Jr|move: Tailwind\n|move|p2b: Floette|Moonblast|p1a: Sneasler\n|-enditem|p1a: Sneasler|Focus Sash\n|-damage|p1a: Sneasler|1/100\n|move|p1a: Sneasler|Dire Claw|p2b: Floette\n|-supereffective|p2b: Floette|1\n|-damage|p2b: Floette|0 fnt\n|faint|p2b: Floette\n|move|p1b: Primarina|Hyper Voice|p2a: Talonflame\n|-supereffective|p2a: Talonflame|1\n|-damage|p2a: Talonflame|0 fnt\n|faint|p2a: Talonflame\n|\n|upkeep\n|\n|t:|1776303895\n|switch|p2a: Sneasler|Sneasler, L50, F, shiny|100/100\n|switch|p2b: Aegislash|Aegislash, L50, M|100/100\n|turn|3\n|\n|t:|1776303912\n|move|p1a: Sneasler|Protect|p1a: Sneasler\n|-singleturn|p1a: Sneasler|Protect\n|move|p2a: Sneasler|Fake Out|p1b: Primarina\n|-damage|p1b: Primarina|86/100\n|-formechange|p2b: Aegislash|Aegislash-Blade|\n|move|p2b: Aegislash|Shadow Sneak|p1a: Sneasler\n|-activate|p1a: Sneasler|move: Protect\n|cant|p1b: Primarina|flinch\n|\n|upkeep\n|turn|4\n|\n|t:|1776303930\n|move|p2b: Aegislash|Shadow Sneak|p1b: Primarina\n|-damage|p1b: Primarina|57/100\n|move|p1a: Sneasler|Dire Claw|p2a: Sneasler\n|-resisted|p2a: Sneasler|1\n|-damage|p2a: Sneasler|76/100\n|move|p2a: Sneasler|Dire Claw|p1b: Primarina\n|-supereffective|p1b: Primarina|1\n|-damage|p1b: Primarina|0 fnt\n|faint|p1b: Primarina\n|\n|upkeep\n|\n|t:|1776303940\n|switch|p1b: Delphox|Delphox, L50, F|100/100\n|turn|5\n|inactive|Junichi Masuda Jr has 30 seconds left.\n|\n|t:|1776303968\n|detailschange|p1b: Delphox|Delphox-Mega, L50, F\n|-mega|p1b: Delphox|Delphox|Delphoxite\n|move|p1b: Delphox|Protect|p1b: Delphox\n|-singleturn|p1b: Delphox|Protect\n|move|p2b: Aegislash|Shadow Sneak|p1b: Delphox\n|-activate|p1b: Delphox|move: Protect\n|move|p1a: Sneasler|Dire Claw|p2a: Sneasler\n|-resisted|p2a: Sneasler|1\n|-crit|p2a: Sneasler\n|-damage|p2a: Sneasler|43/100\n|move|p2a: Sneasler|Dire Claw|p1b: Delphox\n|-activate|p1b: Delphox|move: Protect\n|\n|-sideend|p2: Junichi Masuda Jr|move: Tailwind\n|upkeep\n|turn|6\n|\n|t:|1776303986\n|move|p2a: Sneasler|Protect|p2a: Sneasler\n|-singleturn|p2a: Sneasler|Protect\n|move|p1a: Sneasler|Dire Claw|p2a: Sneasler\n|-activate|p2a: Sneasler|move: Protect\n|move|p1b: Delphox|Heat Wave|p2a: Sneasler|[spread] p2b\n|-activate|p2a: Sneasler|move: Protect\n|-supereffective|p2b: Aegislash|1\n|-enditem|p2b: Aegislash|Focus Sash\n|-damage|p2b: Aegislash|1/100\n|move|p2b: Aegislash|Poltergeist|p1b: Delphox\n|-activate|p1b: Delphox|move: Poltergeist|Delphoxite\n|-supereffective|p1b: Delphox|1\n|-damage|p1b: Delphox|0 fnt\n|faint|p1b: Delphox\n|\n|upkeep\n|\n|t:|1776303999\n|switch|p1b: Garchomp|Garchomp, L50, F|100/100\n|turn|7\n|\n|t:|1776304015\n|move|p2b: Aegislash|Shadow Sneak|p1b: Garchomp\n|-damage|p1b: Garchomp|78/100\n|-damage|p2b: Aegislash|0 fnt|[from] ability: Rough Skin|[of] p1b: Garchomp\n|faint|p2b: Aegislash\n|move|p1a: Sneasler|Dire Claw|p2a: Sneasler\n|-resisted|p2a: Sneasler|1\n|-damage|p2a: Sneasler|19/100\n|move|p1b: Garchomp|Earthquake|p2a: Sneasler|[spread] p1a,p2a\n|-supereffective|p1a: Sneasler|1\n|-supereffective|p2a: Sneasler|1\n|-damage|p1a: Sneasler|0 fnt\n|-damage|p2a: Sneasler|0 fnt\n|faint|p1a: Sneasler\n|faint|p2a: Sneasler\n|\n|win|maku8319\n|raw|maku8319's rating: 1252 &rarr; <strong>1282</strong><br />(+30 for winning)\n|raw|Junichi Masuda Jr's rating: 1328 &rarr; <strong>1304</strong><br />(-24 for losing)\n|l|\u2606Junichi Masuda Jr\n|player|p2|\n",
  "uploadtime": 1776304055,
  "views": 47,
  "formatid": "gen9championsvgc2026regma",
  "rating": 1282,
  "private": 0,
  "password": null
}