{
  "id": "gen9championsvgc2026regma-2585075962",
  "format": "[Gen 9 Champions] VGC 2026 Reg M-A",
  "players": [
    "wontooni",
    "gogogadgetnuke"
  ],
  "log": "|j|\u2606wontooni\n|j|\u2606gogogadgetnuke\n|t:|1776309251\n|gametype|doubles\n|player|p1|wontooni|pokemonrangerf-gen4|1038\n|player|p2|gogogadgetnuke|265|1050\n|gen|9\n|tier|[Gen 9 Champions] VGC 2026 Reg M-A\n|rated|\n|rule|Species Clause: Limit one of each Pok\u00e9mon\n|rule|Item Clause: Limit 1 of each item\n|clearpoke\n|poke|p1|Maushold, L50|\n|poke|p1|Garchomp, L50, F|\n|poke|p1|Rotom-Wash, L50|\n|poke|p1|Floette-Eternal, L50, F|\n|poke|p1|Talonflame, L50, M|\n|poke|p1|Aegislash, L50, M|\n|poke|p2|Snorlax, L50, M|\n|poke|p2|Sinistcha, L50|\n|poke|p2|Alakazam, L50, M|\n|poke|p2|Drampa, L50, M|\n|poke|p2|Aegislash, L50, M|\n|poke|p2|Incineroar, L50, F|\n|teampreview|4\n|inactive|Battle timer is ON: inactive players will automatically lose when time's up. (requested by wontooni)\n|\n|t:|1776309265\n|teamsize|p1|4\n|teamsize|p2|4\n|start\n|switch|p1a: Maushold|Maushold, L50|100/100\n|switch|p1b: Floette|Floette-Eternal, L50, F|100/100\n|switch|p2a: Drampa|Drampa, L50, M|100/100\n|switch|p2b: Alakazam|Alakazam, L50, M|100/100\n|turn|1\n|\n|t:|1776309287\n|switch|p1a: Talonflame|Talonflame, L50, M|100/100\n|switch|p2a: Aegislash|Aegislash, L50, M|100/100\n|detailschange|p1b: Floette|Floette-Mega, L50, F\n|-mega|p1b: Floette|Floette|Floettite\n|-ability|p1b: Floette|Fairy Aura\n|move|p2b: Alakazam|Speed Swap|p2a: Aegislash\n|-activate|p2b: Alakazam|move: Speed Swap|[of] p2a: Aegislash\n|move|p1b: Floette|Calm Mind|p1b: Floette\n|-boost|p1b: Floette|spa|1\n|-boost|p1b: Floette|spd|1\n|\n|upkeep\n|turn|2\n|\n|t:|1776309304\n|move|p1b: Floette|Protect|p1b: Floette\n|-singleturn|p1b: Floette|Protect\n|move|p1a: Talonflame|Tailwind|p1a: Talonflame\n|-sidestart|p1: wontooni|move: Tailwind\n|-formechange|p2a: Aegislash|Aegislash-Blade|\n|move|p2a: Aegislash|Steel Beam|p1b: Floette\n|-activate|p1b: Floette|move: Protect\n|-damage|p2a: Aegislash|50/100|[from] steelbeam\n|move|p2b: Alakazam|Psychic|p1b: Floette\n|-activate|p1b: Floette|move: Protect\n|\n|upkeep\n|turn|3\n|\n|t:|1776309318\n|-formechange|p2a: Aegislash|Aegislash|\n|move|p2a: Aegislash|King's Shield|p2a: Aegislash\n|-singleturn|p2a: Aegislash|Protect\n|move|p1a: Talonflame|Acrobatics|p2b: Alakazam\n|-damage|p2b: Alakazam|15/100\n|move|p1b: Floette|Dazzling Gleam|p2a: Aegislash|[spread] p2b\n|-activate|p2a: Aegislash|move: Protect\n|-damage|p2b: Alakazam|0 fnt\n|faint|p2b: Alakazam\n|\n|upkeep\n|\n|t:|1776309327\n|switch|p2b: Sinistcha|Sinistcha, L50|100/100\n|-heal|p2a: Aegislash|75/100|[from] ability: Hospitality|[of] p2b: Sinistcha\n|turn|4\n|\n|t:|1776309339\n|move|p2b: Sinistcha|Rage Powder|p2b: Sinistcha\n|-singleturn|p2b: Sinistcha|move: Rage Powder\n|move|p1a: Talonflame|Flare Blitz|p2b: Sinistcha\n|-supereffective|p2b: Sinistcha|1\n|-damage|p2b: Sinistcha|11/100\n|-damage|p1a: Talonflame|72/100|[from] Recoil\n|move|p1b: Floette|Dazzling Gleam|p2a: Aegislash|[spread] p2a,p2b\n|-resisted|p2a: Aegislash|1\n|-damage|p2a: Aegislash|45/100\n|-damage|p2b: Sinistcha|0 fnt\n|faint|p2b: Sinistcha\n|-formechange|p2a: Aegislash|Aegislash-Blade|\n|move|p2a: Aegislash|Steel Beam|p1b: Floette\n|-supereffective|p1b: Floette|1\n|-damage|p1b: Floette|7/100\n|-damage|p2a: Aegislash|0 fnt|[from] steelbeam\n|faint|p2a: Aegislash\n|\n|upkeep\n|\n|t:|1776309353\n|switch|p2b: Drampa|Drampa, L50, M|100/100\n|turn|5\n|\n|t:|1776309357\n|detailschange|p2b: Drampa|Drampa-Mega, L50, M\n|-mega|p2b: Drampa|Drampa|Drampanite\n|move|p1a: Talonflame|Protect|p1a: Talonflame\n|-singleturn|p1a: Talonflame|Protect\n|move|p1b: Floette|Moonblast|p2b: Drampa\n|-supereffective|p2b: Drampa|1\n|-damage|p2b: Drampa|0 fnt\n|faint|p2b: Drampa\n|\n|win|wontooni\n|raw|wontooni's rating: 1038 &rarr; <strong>1073</strong><br />(+35 for winning)\n|raw|gogogadgetnuke's rating: 1050 &rarr; <strong>1032</strong><br />(-18 for losing)\n|l|\u2606gogogadgetnuke\n|player|p2|\n",
  "uploadtime": 1776309363,
  "views": 23,
  "formatid": "gen9championsvgc2026regma",
  "rating": 1032,
  "private": 0,
  "password": null
}