{
  "id": "gen9championsvgc2026regma-2581776720",
  "format": "[Gen 9 Champions] VGC 2026 Reg M-A",
  "players": [
    "w4toto",
    "Leadeon"
  ],
  "log": "|j|\u2606w4toto\n|j|\u2606Leadeon\n|t:|1776027546\n|gametype|doubles\n|player|p1|w4toto|volkner|1390\n|player|p2|Leadeon|colress|1414\n|gen|9\n|tier|[Gen 9 Champions] VGC 2026 Reg M-A\n|rated|\n|rule|Species Clause: Limit one of each Pok\u00e9mon\n|rule|Item Clause: Limit 1 of each item\n|clearpoke\n|poke|p1|Delphox, L50, M|\n|poke|p1|Sinistcha, L50|\n|poke|p1|Garchomp, L50, F|\n|poke|p1|Kingambit, L50, M|\n|poke|p1|Sneasler, L50, F|\n|poke|p1|Incineroar, L50, F|\n|poke|p2|Delphox, L50, F|\n|poke|p2|Garchomp, L50, F|\n|poke|p2|Incineroar, L50, M|\n|poke|p2|Sneasler, L50, M|\n|poke|p2|Floette-Eternal, L50, F|\n|poke|p2|Kingambit, L50, F|\n|teampreview|4\n|inactive|Battle timer is ON: inactive players will automatically lose when time's up. (requested by w4toto)\nLeadeon has agreed to open team sheets.\n|inactive|Leadeon has 60 seconds left.\n|\n|t:|1776027578\n|teamsize|p1|4\n|teamsize|p2|4\n|start\n|switch|p1a: Rocky Helmet|Garchomp, L50, F|100/100\n|switch|p1b: Lana the Nail Tech|Sneasler, L50, F|100/100\n|switch|p2a: Delphox|Delphox, L50, F|100/100\n|switch|p2b: Sneasler|Sneasler, L50, M|100/100\n|turn|1\n|\n|t:|1776027597\n|detailschange|p2a: Delphox|Delphox-Mega, L50, F\n|-mega|p2a: Delphox|Delphox|Delphoxite\n|move|p2a: Delphox|Protect|p2a: Delphox\n|-singleturn|p2a: Delphox|Protect\n|move|p2b: Sneasler|Protect|p2b: Sneasler\n|-singleturn|p2b: Sneasler|Protect\n|move|p1b: Lana the Nail Tech|Fake Out|p2a: Delphox\n|-activate|p2a: Delphox|move: Protect\n|move|p1a: Rocky Helmet|Rock Slide|p2b: Sneasler|[spread] \n|-activate|p2a: Delphox|move: Protect\n|-activate|p2b: Sneasler|move: Protect\n|\n|upkeep\n|turn|2\n|inactive|Leadeon has 30 seconds left.\n|inactive|Leadeon has 20 seconds left.\n|\n|t:|1776027633\n|switch|p2b: Incineroar|Incineroar, L50, M, shiny|100/100\n|-ability|p2b: Incineroar|Intimidate|boost\n|-unboost|p1a: Rocky Helmet|atk|1\n|-unboost|p1b: Lana the Nail Tech|atk|1\n|-enditem|p1b: Lana the Nail Tech|White Herb\n|-clearnegativeboost|p1b: Lana the Nail Tech|[silent]\n|move|p1b: Lana the Nail Tech|Close Combat|p2b: Incineroar\n|-supereffective|p2b: Incineroar|1\n|-damage|p2b: Incineroar|0 fnt\n|-unboost|p1b: Lana the Nail Tech|def|1\n|-unboost|p1b: Lana the Nail Tech|spd|1\n|faint|p2b: Incineroar\n|move|p1a: Rocky Helmet|Rock Slide|p2a: Delphox|[miss]\n|-miss|p1a: Rocky Helmet|p2a: Delphox\n|move|p2a: Delphox|Psychic|p1a: Rocky Helmet\n|-damage|p1a: Rocky Helmet|53/100\n|\n|upkeep\n|\n|t:|1776027643\n|switch|p2b: Garchomp|Garchomp, L50, F|100/100\n|turn|3\n|inactive|Leadeon has 30 seconds left.\n|\n|t:|1776027670\n|switch|p1a: Life Orb|Kingambit, L50, M|100/100\n|move|p1b: Lana the Nail Tech|Protect|p1b: Lana the Nail Tech\n|-singleturn|p1b: Lana the Nail Tech|Protect\n|move|p2a: Delphox|Psychic|p1a: Life Orb\n|-immune|p1a: Life Orb\n|move|p2b: Garchomp|Earthquake|p1a: Life Orb|[spread] p1a\n|-activate|p1b: Lana the Nail Tech|move: Protect\n|-immune|p2a: Delphox|[from] ability: Levitate\n|-supereffective|p1a: Life Orb|1\n|-damage|p1a: Life Orb|47/100\n|\n|upkeep\n|turn|4\n|\n|t:|1776027691\n|move|p2a: Delphox|Protect|p2a: Delphox\n|-singleturn|p2a: Delphox|Protect\n|move|p1a: Life Orb|Sucker Punch||[still]\n|-fail|p1a: Life Orb\n|move|p1b: Lana the Nail Tech|Close Combat|p2b: Garchomp\n|-damage|p2b: Garchomp|36/100\n|-unboost|p1b: Lana the Nail Tech|def|1\n|-unboost|p1b: Lana the Nail Tech|spd|1\n|-damage|p1b: Lana the Nail Tech|88/100|[from] ability: Rough Skin|[of] p2b: Garchomp\n|-enditem|p2b: Garchomp|Sitrus Berry|[eat]\n|-heal|p2b: Garchomp|60/100|[from] item: Sitrus Berry\n|move|p2b: Garchomp|Earthquake|p1b: Lana the Nail Tech|[spread] p1a,p1b\n|-activate|p2a: Delphox|move: Protect\n|-supereffective|p1a: Life Orb|1\n|-supereffective|p1b: Lana the Nail Tech|1\n|-damage|p1a: Life Orb|0 fnt\n|-damage|p1b: Lana the Nail Tech|0 fnt\n|faint|p1a: Life Orb\n|faint|p1b: Lana the Nail Tech\n|\n|upkeep\n|\n|t:|1776027699\n|switch|p1b: Rocky Helmet|Garchomp, L50, F|53/100\n|switch|p1a: Harry Potter|Delphox, L50, M|100/100\n|turn|5\n|inactive|Leadeon has 30 seconds left.\n|inactive|Leadeon has 20 seconds left.\n|\n|t:|1776027739\n|detailschange|p1a: Harry Potter|Delphox-Mega, L50, M\n|-mega|p1a: Harry Potter|Delphox|Delphoxite\n|move|p2b: Garchomp|Protect|p2b: Garchomp\n|-singleturn|p2b: Garchomp|Protect\n|move|p1b: Rocky Helmet|Dragon Claw|p2b: Garchomp\n|-activate|p2b: Garchomp|move: Protect\n|move|p1a: Harry Potter|Encore|p2a: Delphox\n|-start|p2a: Delphox|Encore\n|move|p2a: Delphox|Protect||[still]\n|-fail|p2a: Delphox\n|\n|upkeep\n|turn|6\n|inactive|Leadeon has 30 seconds left.\n|inactive|w4toto has 30 seconds left.\n|\n|t:|1776027772\n|switch|p2a: Sneasler|Sneasler, L50, M|100/100\n|move|p2b: Garchomp|Protect|p2b: Garchomp\n|-singleturn|p2b: Garchomp|Protect\n|move|p1b: Rocky Helmet|Dragon Claw|p2b: Garchomp\n|-activate|p2b: Garchomp|move: Protect\n|move|p1a: Harry Potter|Heat Wave|p2a: Sneasler|[spread] p2a\n|-activate|p2b: Garchomp|move: Protect\n|-damage|p2a: Sneasler|49/100\n|\n|upkeep\n|turn|7\n|inactive|w4toto has 30 seconds left.\n|inactive|Leadeon has 30 seconds left.\n|inactive|Leadeon has 20 seconds left.\n|inactive|Leadeon has 15 seconds left.\n|\n|t:|1776027814\n|switch|p2b: Delphox|Delphox-Mega, L50, F|100/100\n|move|p2a: Sneasler|Fake Out|p1a: Harry Potter\n|-damage|p1a: Harry Potter|81/100\n|move|p1b: Rocky Helmet|Dragon Claw|p2a: Sneasler\n|-damage|p2a: Sneasler|0 fnt\n|faint|p2a: Sneasler\n|cant|p1a: Harry Potter|flinch\n|\n|upkeep\n|\n|t:|1776027818\n|switch|p2a: Garchomp|Garchomp, L50, F|60/100\n|turn|8\n|\n|t:|1776027839\n|move|p1b: Rocky Helmet|Dragon Claw|p2a: Garchomp\n|-supereffective|p2a: Garchomp|1\n|-damage|p2a: Garchomp|0 fnt\n|-damage|p1b: Rocky Helmet|41/100|[from] ability: Rough Skin|[of] p2a: Garchomp\n|faint|p2a: Garchomp\n|move|p1a: Harry Potter|Heat Wave|p2b: Delphox\n|-resisted|p2b: Delphox|1\n|-damage|p2b: Delphox|77/100\n|move|p2b: Delphox|Psychic|p1b: Rocky Helmet\n|-damage|p1b: Rocky Helmet|0 fnt\n|faint|p1b: Rocky Helmet\n|\n|upkeep\n|turn|9\n|inactive|w4toto has 30 seconds left.\n|\n|t:|1776027864\n|move|p1a: Harry Potter|Psychic|p2b: Delphox\n|-resisted|p2b: Delphox|1\n|-damage|p2b: Delphox|55/100\n|move|p2b: Delphox|Heat Wave|p1a: Harry Potter\n|-resisted|p1a: Harry Potter|1\n|-damage|p1a: Harry Potter|58/100\n|\n|upkeep\n|turn|10\n|inactive|Leadeon has 30 seconds left.\n|\n|t:|1776027892\n|move|p1a: Harry Potter|Psychic|p2b: Delphox\n|-resisted|p2b: Delphox|1\n|-damage|p2b: Delphox|34/100\n|move|p2b: Delphox|Heat Wave|p1a: Harry Potter\n|-resisted|p1a: Harry Potter|1\n|-damage|p1a: Harry Potter|36/100\n|\n|upkeep\n|turn|11\n|c|\u2606w4toto|Lmao this was fun\n|c|\u2606Leadeon|a lot\n|c|\u2606Leadeon|and was so close\n|\n|t:|1776027908\n|move|p2b: Delphox|Heat Wave|p1a: Harry Potter|[miss]\n|-miss|p2b: Delphox|p1a: Harry Potter\n|move|p1a: Harry Potter|Heat Wave|p2b: Delphox\n|-resisted|p2b: Delphox|1\n|-damage|p2b: Delphox|12/100\n|\n|upkeep\n|turn|12\n|c|\u2606Leadeon|gg xD\n|c|\u2606w4toto|OOOHH LUCKY\n|-message|Leadeon forfeited.\n|\n|win|w4toto\n|raw|w4toto's rating: 1390 &rarr; <strong>1411</strong><br />(+21 for winning)\n|raw|Leadeon's rating: 1414 &rarr; <strong>1393</strong><br />(-21 for losing)\n|c|\u2606w4toto|Gg bro\n|c|\u2606Leadeon|this match was good\n|c|\u2606w4toto|Whered u get the team?\n|c|\u2606Leadeon|I got from pokeaimMD\n|c|\u2606w4toto|Yeah first time I enjoyed a mirror match\n|c|\u2606w4toto|Lol same\n|c|\u2606w4toto|I replaced the floette tho didnt really use it\n|c|\u2606Leadeon|xD\n|c|\u2606Leadeon|floette is kinda good against rain\n|c|\u2606Leadeon|but basculegion is soooooo good against this team\n|c|\u2606w4toto|Yeah but sinistcha can deal with the peli\n|c|\u2606w4toto|YEAH I HATE BASCULEGION WHEN I DONT HAVE THE GAMBIT\n",
  "uploadtime": 1776027980,
  "views": 30,
  "formatid": "gen9championsvgc2026regma",
  "rating": 1393,
  "private": 0,
  "password": null
}