{
  "id": "gen9championsvgc2026regma-2580737433",
  "format": "[Gen 9 Champions] VGC 2026 Reg M-A",
  "players": [
    "siunhanech",
    "PokeHys"
  ],
  "log": "|j|\u2606siunhanech\n|j|\u2606PokeHys\n|t:|1775928372\n|gametype|doubles\n|player|p1|siunhanech|265|1286\n|player|p2|PokeHys|blackbelt-gen4dp|1277\n|gen|9\n|tier|[Gen 9 Champions] VGC 2026 Reg M-A\n|rated|\n|rule|Species Clause: Limit one of each Pok\u00e9mon\n|rule|Item Clause: Limit 1 of each item\n|clearpoke\n|poke|p1|Incineroar, L50, F|\n|poke|p1|Garchomp, L50, F|\n|poke|p1|Rotom-Wash, L50|\n|poke|p1|Orthworm, L50, F|\n|poke|p1|Basculegion, L50, M|\n|poke|p1|Froslass, L50, F|\n|poke|p2|Torkoal, L50, F|\n|poke|p2|Farigiraf, L50, F|\n|poke|p2|Venusaur, L50, M|\n|poke|p2|Charizard, L50, M|\n|poke|p2|Golurk, L50|\n|poke|p2|Incineroar, L50, F|\n|teampreview|4\n|inactive|Battle timer is ON: inactive players will automatically lose when time's up. (requested by PokeHys)\n|\n|t:|1775928397\n|teamsize|p1|4\n|teamsize|p2|4\n|start\n|switch|p1a: Garchomp|Garchomp, L50, F|100/100\n|switch|p1b: Rotom|Rotom-Wash, L50|100/100\n|switch|p2a: Farigiraf|Farigiraf, L50, F|100/100\n|switch|p2b: Incineroar|Incineroar, L50, F|100/100\n|-ability|p2b: Incineroar|Intimidate|boost\n|-unboost|p1a: Garchomp|atk|1\n|-unboost|p1b: Rotom|atk|1\n|turn|1\n|\n|t:|1775928403\n|move|p2b: Incineroar|Fake Out|p1b: Rotom\n|-damage|p1b: Rotom|85/100\n|move|p1a: Garchomp|Earthquake|p2a: Farigiraf|[spread] p2a,p2b\n|-immune|p1b: Rotom|[from] ability: Levitate\n|-supereffective|p2b: Incineroar|1\n|-damage|p2a: Farigiraf|75/100\n|-damage|p2b: Incineroar|55/100\n|cant|p1b: Rotom|flinch\n|move|p2a: Farigiraf|Trick Room|p2a: Farigiraf\n|-fieldstart|move: Trick Room|[of] p2a: Farigiraf\n|\n|-heal|p1b: Rotom|90/100|[from] item: Leftovers\n|upkeep\n|turn|2\n|\n|t:|1775928421\n|switch|p2a: Golurk|Golurk, L50|100/100\n|move|p2b: Incineroar|Darkest Lariat|p1b: Rotom\n|-damage|p1b: Rotom|39/100\n|move|p1b: Rotom|Eerie Impulse|p2a: Golurk\n|-unboost|p2a: Golurk|spa|2\n|move|p1a: Garchomp|Earthquake|p2b: Incineroar|[spread] p2a,p2b\n|-immune|p1b: Rotom|[from] ability: Levitate\n|-supereffective|p2b: Incineroar|1\n|-damage|p2a: Golurk|74/100\n|-damage|p2b: Incineroar|6/100\n|\n|-heal|p1b: Rotom|44/100|[from] item: Leftovers\n|upkeep\n|turn|3\n|\n|t:|1775928439\n|detailschange|p2a: Golurk|Golurk-Mega, L50\n|-mega|p2a: Golurk|Golurk|Golurkite\n|move|p1a: Garchomp|Protect|p1a: Garchomp\n|-singleturn|p1a: Garchomp|Protect\n|move|p2a: Golurk|Ice Punch|p1a: Garchomp\n|-supereffective|p1a: Garchomp|2\n|-damage|p1a: Garchomp|68/100\n|-damage|p2a: Golurk|62/100|[from] ability: Rough Skin|[of] p1a: Garchomp\n|move|p2b: Incineroar|Darkest Lariat|p1b: Rotom\n|-damage|p1b: Rotom|0 fnt\n|faint|p1b: Rotom\n|\n|upkeep\n|\n|t:|1775928455\n|switch|p1b: Froslass|Froslass, L50, F|100/100\n|turn|4\n|\n|t:|1775928462\n|switch|p1a: Basculegion|Basculegion, L50, M, shiny|100/100\n|detailschange|p1b: Froslass|Froslass-Mega, L50, F\n|-mega|p1b: Froslass|Froslass|Froslassite\n|-weather|Snowscape|[from] ability: Snow Warning|[of] p1b: Froslass\n|move|p2a: Golurk|Ice Punch|p1a: Basculegion\n|-resisted|p1a: Basculegion|1\n|-damage|p1a: Basculegion|78/100\n|move|p2b: Incineroar|Darkest Lariat|p1b: Froslass\n|-supereffective|p1b: Froslass|1\n|-damage|p1b: Froslass|0 fnt\n|faint|p1b: Froslass\n|\n|-weather|Snowscape|[upkeep]\n|upkeep\n|\n|t:|1775928474\n|switch|p1b: Garchomp|Garchomp, L50, F|68/100\n|turn|5\n|\n|t:|1775928491\n|switch|p2a: Farigiraf|Farigiraf, L50, F|75/100\n|move|p1b: Garchomp|Protect|p1b: Garchomp\n|-singleturn|p1b: Garchomp|Protect\n|move|p2b: Incineroar|Darkest Lariat|p1a: Basculegion\n|-supereffective|p1a: Basculegion|1\n|-damage|p1a: Basculegion|0 fnt\n|faint|p1a: Basculegion\n|\n|-weather|Snowscape|[upkeep]\n|-fieldend|move: Trick Room\n|upkeep\n|turn|6\n|-message|siunhanech forfeited.\n|\n|win|PokeHys\n|raw|siunhanech's rating: 1286 &rarr; <strong>1260</strong><br />(-26 for losing)\n|raw|PokeHys's rating: 1277 &rarr; <strong>1303</strong><br />(+26 for winning)\n|l|\u2606siunhanech\n|player|p1|\n",
  "uploadtime": 1775928513,
  "views": 29,
  "formatid": "gen9championsvgc2026regma",
  "rating": 1260,
  "private": 0,
  "password": null
}