{
  "id": "gen9championsvgc2026regma-2587454023",
  "format": "[Gen 9 Champions] VGC 2026 Reg M-A",
  "players": [
    "Shuug",
    "elpanapokes"
  ],
  "log": "|j|\u2606Shuug\n|j|\u2606elpanapokes\n|t:|1776533159\n|gametype|doubles\n|player|p1|Shuug|veteranf|1193\n|player|p2|elpanapokes|102|1137\n|gen|9\n|tier|[Gen 9 Champions] VGC 2026 Reg M-A\n|rated|\n|rule|Species Clause: Limit one of each Pok\u00e9mon\n|rule|Item Clause: Limit 1 of each item\n|clearpoke\n|poke|p1|Aggron, L50, M|\n|poke|p1|Incineroar, L50, M, shiny|\n|poke|p1|Basculegion, L50, M, shiny|\n|poke|p1|Sinistcha-Masterpiece, L50|\n|poke|p1|Dragonite, L50, M|\n|poke|p1|Farigiraf, L50, M, shiny|\n|poke|p2|Kingambit, L50, M|\n|poke|p2|Sneasler, L50, F|\n|poke|p2|Pelipper, L50, M|\n|poke|p2|Sinistcha, L50|\n|poke|p2|Delphox, L50, F|\n|poke|p2|Manectric, L50, M|\n|teampreview|4\n|inactive|Battle timer is ON: inactive players will automatically lose when time's up. (requested by elpanapokes)\nShuug rejected open team sheets.\n|\n|t:|1776533188\n|teamsize|p1|4\n|teamsize|p2|4\n|start\n|switch|p1a: Aggron|Aggron, L50, M|100/100\n|switch|p1b: Farigiraf|Farigiraf, L50, M, shiny|100/100\n|switch|p2a: Manectric|Manectric, L50, M|100/100\n|switch|p2b: Sininchar|Sinistcha, L50|100/100\n|turn|1\n|\n|t:|1776533202\n|detailschange|p2a: Manectric|Manectric-Mega, L50, M\n|-mega|p2a: Manectric|Manectric|Manectite\n|-ability|p2a: Manectric|Intimidate|boost\n|-unboost|p1a: Aggron|atk|1\n|-unboost|p1b: Farigiraf|atk|1\n|detailschange|p1a: Aggron|Aggron-Mega, L50, M\n|-mega|p1a: Aggron|Aggron|Aggronite\n|move|p2a: Manectric|Overheat|p1a: Aggron\n|-supereffective|p1a: Aggron|1\n|-damage|p1a: Aggron|46/100\n|-unboost|p2a: Manectric|spa|2\n|move|p2b: Sininchar|Matcha Gotcha|p1b: Farigiraf|[spread] p1a,p1b\n|-resisted|p1a: Aggron|1\n|-damage|p1a: Aggron|36/100\n|-damage|p1b: Farigiraf|73/100\n|move|p1a: Aggron|Iron Defense|p1a: Aggron\n|-boost|p1a: Aggron|def|2\n|move|p1b: Farigiraf|Trick Room|p1b: Farigiraf\n|-fieldstart|move: Trick Room|[of] p1b: Farigiraf\n|\n|upkeep\n|turn|2\n|\n|t:|1776533221\n|move|p2a: Manectric|Protect|p2a: Manectric\n|-singleturn|p2a: Manectric|Protect\n|move|p1a: Aggron|Body Press|p2a: Manectric\n|-activate|p2a: Manectric|move: Protect\n|move|p1b: Farigiraf|Psychic|p2b: Sininchar\n|-damage|p2b: Sininchar|60/100\n|move|p2b: Sininchar|Trick Room|p2b: Sininchar\n|-fieldend|move: Trick Room\n|\n|upkeep\n|turn|3\n|\n|t:|1776533236\n|move|p1a: Aggron|Protect|p1a: Aggron\n|-singleturn|p1a: Aggron|Protect\n|move|p2a: Manectric|Overheat|p1a: Aggron\n|-activate|p1a: Aggron|move: Protect\n|move|p2b: Sininchar|Matcha Gotcha|p1b: Farigiraf|[spread] p1b\n|-activate|p1a: Aggron|move: Protect\n|-damage|p1b: Farigiraf|46/100\n|-heal|p2b: Sininchar|79/100|[from] drain|[of] p1b: Farigiraf\n|move|p1b: Farigiraf|Trick Room|p1b: Farigiraf\n|-fieldstart|move: Trick Room|[of] p1b: Farigiraf\n|\n|upkeep\n|turn|4\n|\n|t:|1776533257\n|switch|p2a: Mewing|Pelipper, L50, M|100/100\n|-weather|RainDance|[from] ability: Drizzle|[of] p2a: Mewing\n|move|p1b: Farigiraf|Helping Hand|p1a: Aggron\n|-singleturn|p1a: Aggron|Helping Hand|[of] p1b: Farigiraf\n|move|p1a: Aggron|Heavy Slam|p2b: Sininchar\n|-damage|p2b: Sininchar|32/100\n|-enditem|p2b: Sininchar|Sitrus Berry|[eat]\n|-heal|p2b: Sininchar|57/100|[from] item: Sitrus Berry\n|move|p2b: Sininchar|Life Dew||[still]|[spread] p2a,p2b\n|-fail|p2a: Mewing|heal\n|-heal|p2b: Sininchar|82/100\n|\n|-weather|RainDance|[upkeep]\n|upkeep\n|turn|5\n|\n|t:|1776533279\n|switch|p1b: Sinistcha|Sinistcha-Masterpiece, L50|100/100\n|-heal|p1a: Aggron|61/100|[from] ability: Hospitality|[of] p1b: Sinistcha\n|move|p2b: Sininchar|Rage Powder|p2b: Sininchar\n|-singleturn|p2b: Sininchar|move: Rage Powder\n|move|p1a: Aggron|Body Press|p2b: Sininchar\n|-immune|p2b: Sininchar\n|move|p2a: Mewing|Weather Ball|p1a: Aggron\n|-damage|p1a: Aggron|11/100\n|\n|-weather|RainDance|[upkeep]\n|upkeep\n|turn|6\n|\n|t:|1776533295\n|move|p1a: Aggron|Protect|p1a: Aggron\n|-singleturn|p1a: Aggron|Protect\n|move|p2a: Mewing|Hurricane|p1b: Sinistcha\n|-supereffective|p1b: Sinistcha|1\n|-crit|p1b: Sinistcha\n|-damage|p1b: Sinistcha|2/100\n|-start|p1b: Sinistcha|confusion\n|-activate|p1b: Sinistcha|confusion\n|-damage|p1b: Sinistcha|0 fnt|[from] confusion\n|faint|p1b: Sinistcha\n|move|p2b: Sininchar|Trick Room|p2b: Sininchar\n|-fieldend|move: Trick Room\n|\n|-weather|RainDance|[upkeep]\n|upkeep\n|\n|t:|1776533306\n|switch|p1b: Incineroar|Incineroar, L50, M, shiny|100/100\n|-ability|p1b: Incineroar|Intimidate|boost\n|-unboost|p2a: Mewing|atk|1\n|-unboost|p2b: Sininchar|atk|1\n|turn|7\n|\n|t:|1776533317\n|switch|p2a: Manectric|Manectric-Mega, L50, M|100/100\n|-ability|p2a: Manectric|Intimidate|boost\n|-unboost|p1a: Aggron|atk|1\n|-unboost|p1b: Incineroar|atk|1\n|move|p1b: Incineroar|Fake Out|p2b: Sininchar\n|-immune|p2b: Sininchar\n|move|p2b: Sininchar|Matcha Gotcha|p1b: Incineroar|[spread] p1a,p1b\n|-resisted|p1a: Aggron|1\n|-resisted|p1b: Incineroar|1\n|-damage|p1a: Aggron|0 fnt\n|-heal|p2b: Sininchar|89/100|[from] drain|[of] p1a: Aggron\n|-damage|p1b: Incineroar|92/100\n|-heal|p2b: Sininchar|94/100|[from] drain|[of] p1b: Incineroar\n|faint|p1a: Aggron\n|\n|-weather|RainDance|[upkeep]\n|-heal|p1b: Incineroar|98/100|[from] item: Leftovers\n|upkeep\n|\n|t:|1776533333\n|switch|p1a: Farigiraf|Farigiraf, L50, M, shiny|46/100\n|turn|8\n|\n|t:|1776533343\n|switch|p2b: Bigoteprepuber|Kingambit, L50, M|100/100\n|move|p2a: Manectric|Thunder|p1b: Incineroar\n|-damage|p1b: Incineroar|53/100\n|move|p1b: Incineroar|Flare Blitz|p2b: Bigoteprepuber\n|-supereffective|p2b: Bigoteprepuber|1\n|-damage|p2b: Bigoteprepuber|79/100\n|-damage|p1b: Incineroar|46/100|[from] Recoil\n|move|p1a: Farigiraf|Psychic|p2b: Bigoteprepuber\n|-immune|p2b: Bigoteprepuber\n|\n|-weather|none\n|-heal|p1b: Incineroar|52/100|[from] item: Leftovers\n|upkeep\n|turn|9\n|\n|t:|1776533359\n|move|p2a: Manectric|Volt Switch|p1b: Incineroar\n|-damage|p1b: Incineroar|23/100\n|\n|t:|1776533362\n|switch|p2a: Mewing|Pelipper, L50, M|100/100|[from] Volt Switch\n|-weather|RainDance|[from] ability: Drizzle|[of] p2a: Mewing\n|move|p1b: Incineroar|Flare Blitz|p2b: Bigoteprepuber\n|-supereffective|p2b: Bigoteprepuber|1\n|-damage|p2b: Bigoteprepuber|55/100\n|-damage|p1b: Incineroar|15/100|[from] Recoil\n|move|p1a: Farigiraf|Hyper Voice|p2a: Mewing|[spread] p2a,p2b\n|-resisted|p2b: Bigoteprepuber|1\n|-damage|p2a: Mewing|50/100\n|-damage|p2b: Bigoteprepuber|39/100\n|move|p2b: Bigoteprepuber|Kowtow Cleave|p1a: Farigiraf\n|-supereffective|p1a: Farigiraf|1\n|-damage|p1a: Farigiraf|0 fnt\n|faint|p1a: Farigiraf\n|\n|-weather|RainDance|[upkeep]\n|-heal|p1b: Incineroar|21/100|[from] item: Leftovers\n|upkeep\n|turn|10\n|\n|t:|1776533379\n|switch|p2a: Sininchar|Sinistcha, L50|94/100\n|-heal|p2b: Bigoteprepuber|64/100|[from] ability: Hospitality|[of] p2a: Sininchar\n|move|p1b: Incineroar|Flare Blitz|p2b: Bigoteprepuber\n|-supereffective|p2b: Bigoteprepuber|1\n|-damage|p2b: Bigoteprepuber|43/100\n|-damage|p1b: Incineroar|14/100|[from] Recoil\n|move|p2b: Bigoteprepuber|Kowtow Cleave|p1b: Incineroar\n|-resisted|p1b: Incineroar|1\n|-damage|p1b: Incineroar|0 fnt\n|faint|p1b: Incineroar\n|\n|win|elpanapokes\n|raw|Shuug's rating: 1193 &rarr; <strong>1164</strong><br />(-29 for losing)\n|raw|elpanapokes's rating: 1137 &rarr; <strong>1166</strong><br />(+29 for winning)\n|l|\u2606Shuug\n|player|p1|\n",
  "uploadtime": 1776533553,
  "views": 15,
  "formatid": "gen9championsvgc2026regma",
  "rating": 1164,
  "private": 0,
  "password": null
}