{
  "id": "gen9championsvgc2026regma-2583354893",
  "format": "[Gen 9 Champions] VGC 2026 Reg M-A",
  "players": [
    "sadestburger",
    "FabricioPlayApk"
  ],
  "log": "|j|\u2606sadestburger\n|j|\u2606FabricioPlayApk\n|t:|1776169616\n|gametype|doubles\n|player|p1|sadestburger|pilot|1097\n|player|p2|FabricioPlayApk|youngcouple-gen4dp|1148\n|gen|9\n|tier|[Gen 9 Champions] VGC 2026 Reg M-A\n|rated|\n|rule|Species Clause: Limit one of each Pok\u00e9mon\n|rule|Item Clause: Limit 1 of each item\n|clearpoke\n|poke|p1|Chesnaught, L50, F|\n|poke|p1|Rotom-Heat, L50|\n|poke|p1|Kingambit, L50, M|\n|poke|p1|Garchomp, L50, M|\n|poke|p1|Tyranitar, L50, F|\n|poke|p1|Pinsir, L50, F|\n|poke|p2|Milotic, L50, F|\n|poke|p2|Farigiraf, L50, M|\n|poke|p2|Crabominable, L50, F|\n|poke|p2|Sinistcha, L50|\n|poke|p2|Torkoal, L50, F|\n|poke|p2|Basculegion, L50, M|\n|teampreview|4\n|inactive|Battle timer is ON: inactive players will automatically lose when time's up. (requested by FabricioPlayApk)\n|inactive|sadestburger has 60 seconds left.\n|\n|t:|1776169649\n|teamsize|p1|4\n|teamsize|p2|4\n|start\n|switch|p1a: Chesnaught|Chesnaught, L50, F|100/100\n|switch|p1b: Garchomp|Garchomp, L50, M|100/100\n|switch|p2a: Basculegion|Basculegion, L50, M|100/100\n|switch|p2b: Milotic|Milotic, L50, F|100/100\n|turn|1\n|inactive|sadestburger has 30 seconds left.\n|inactive|FabricioPlayApk has 30 seconds left.\n|\n|t:|1776169681\n|switch|p2a: Sinistcha|Sinistcha, L50|100/100\n|detailschange|p1a: Chesnaught|Chesnaught-Mega, L50, F\n|-mega|p1a: Chesnaught|Chesnaught|Chesnaughtite\n|move|p1b: Garchomp|Protect|p1b: Garchomp\n|-singleturn|p1b: Garchomp|Protect\n|move|p2b: Milotic|Scald|p1b: Garchomp\n|-activate|p1b: Garchomp|move: Protect\n|move|p1a: Chesnaught|Wood Hammer|p2b: Milotic\n|-supereffective|p2b: Milotic|1\n|-damage|p2b: Milotic|0 fnt\n|faint|p2b: Milotic\n|-damage|p1a: Chesnaught|66/100|[from] Recoil\n|\n|upkeep\n|inactive|FabricioPlayApk has 30 seconds left.\n|\n|t:|1776169708\n|switch|p2b: Basculegion|Basculegion, L50, M|100/100\n|turn|2\n|\n|t:|1776169719\n|move|p1b: Garchomp|Poison Jab|p2a: Sinistcha\n|-damage|p2a: Sinistcha|80/100\n|move|p2b: Basculegion|Last Respects|p1a: Chesnaught\n|-damage|p1a: Chesnaught|28/100\n|move|p1a: Chesnaught|Leech Seed|p2b: Basculegion\n|-start|p2b: Basculegion|move: Leech Seed\n|move|p2a: Sinistcha|Trick Room|p2a: Sinistcha\n|-fieldstart|move: Trick Room|[of] p2a: Sinistcha\n|\n|-damage|p2b: Basculegion|88/100|[from] Leech Seed|[of] p1a: Chesnaught\n|-heal|p1a: Chesnaught|40/100|[silent]\n|upkeep\n|turn|3\n|\n|t:|1776169737\n|switch|p2b: Crabominable|Crabominable, L50, F|100/100\n|move|p1a: Chesnaught|Wide Guard|p1a: Chesnaught\n|-singleturn|p1a: Chesnaught|Wide Guard\n|move|p2a: Sinistcha|Rage Powder|p2a: Sinistcha\n|-singleturn|p2a: Sinistcha|move: Rage Powder\n|move|p1b: Garchomp|Earthquake|p2b: Crabominable|[spread] p2a,p2b\n|-activate|p1a: Chesnaught|move: Wide Guard\n|-resisted|p2a: Sinistcha|1\n|-damage|p2a: Sinistcha|65/100\n|-damage|p2b: Crabominable|45/100\n|\n|upkeep\n|turn|4\n|\n|t:|1776169758\n|detailschange|p2b: Crabominable|Crabominable-Mega, L50, F\n|-mega|p2b: Crabominable|Crabominable|Crabominite\n|move|p1b: Garchomp|Protect|p1b: Garchomp\n|-singleturn|p1b: Garchomp|Protect\n|move|p2b: Crabominable|Ice Hammer|p1a: Chesnaught\n|-supereffective|p1a: Chesnaught|1\n|-damage|p1a: Chesnaught|0 fnt\n|-unboost|p2b: Crabominable|spe|1\n|faint|p1a: Chesnaught\n|move|p2a: Sinistcha|Matcha Gotcha|p1b: Garchomp\n|-activate|p1b: Garchomp|move: Protect\n|\n|upkeep\n|\n|t:|1776169766\n|switch|p1a: Kingambit|Kingambit, L50, M|100/100\n|turn|5\n|\n|t:|1776169786\n|move|p1a: Kingambit|Protect|p1a: Kingambit\n|-singleturn|p1a: Kingambit|Protect\n|move|p2a: Sinistcha|Rage Powder|p2a: Sinistcha\n|-singleturn|p2a: Sinistcha|move: Rage Powder\n|move|p2b: Crabominable|Close Combat|p1a: Kingambit\n|-activate|p1a: Kingambit|move: Protect\n|move|p1b: Garchomp|Earthquake|p2a: Sinistcha|[spread] p2a,p2b\n|-activate|p1a: Kingambit|move: Protect\n|-resisted|p2a: Sinistcha|1\n|-damage|p2a: Sinistcha|49/100\n|-damage|p2b: Crabominable|11/100\n|-enditem|p2a: Sinistcha|Sitrus Berry|[eat]\n|-heal|p2a: Sinistcha|74/100|[from] item: Sitrus Berry\n|\n|upkeep\n|turn|6\n|\n|t:|1776169808\n|move|p2a: Sinistcha|Rage Powder|p2a: Sinistcha\n|-singleturn|p2a: Sinistcha|move: Rage Powder\n|move|p2b: Crabominable|Close Combat|p1a: Kingambit\n|-supereffective|p1a: Kingambit|2\n|-damage|p1a: Kingambit|0 fnt\n|-unboost|p2b: Crabominable|def|1\n|-unboost|p2b: Crabominable|spd|1\n|faint|p1a: Kingambit\n|move|p1b: Garchomp|Earthquake|p2b: Crabominable|[spread] p2a,p2b\n|-resisted|p2a: Sinistcha|1\n|-damage|p2a: Sinistcha|58/100\n|-damage|p2b: Crabominable|0 fnt\n|faint|p2b: Crabominable\n|\n|-fieldend|move: Trick Room\n|upkeep\n|\n|t:|1776169823\n|switch|p1a: Tyranitar|Tyranitar, L50, F|100/100\n|switch|p2b: Basculegion|Basculegion, L50, M|88/100\n|-weather|Sandstorm|[from] ability: Sand Stream|[of] p1a: Tyranitar\n|turn|7\n|\n|t:|1776169840\n|move|p1b: Garchomp|Poison Jab|p2a: Sinistcha\n|-damage|p2a: Sinistcha|38/100\n|move|p2b: Basculegion|Wave Crash|p1a: Tyranitar\n|-supereffective|p1a: Tyranitar|1\n|-damage|p1a: Tyranitar|0 fnt\n|faint|p1a: Tyranitar\n|-damage|p2b: Basculegion|54/100|[from] Recoil\n|move|p2a: Sinistcha|Matcha Gotcha|p1b: Garchomp\n|-damage|p1b: Garchomp|63/100\n|-heal|p2a: Sinistcha|58/100|[from] drain|[of] p1b: Garchomp\n|\n|-weather|Sandstorm|[upkeep]\n|-damage|p2b: Basculegion|48/100|[from] Sandstorm\n|-damage|p2a: Sinistcha|52/100|[from] Sandstorm\n|upkeep\n|turn|8\n|\n|t:|1776169861\n|move|p1b: Garchomp|Earthquake|p2a: Sinistcha|[spread] p2a,p2b\n|-resisted|p2a: Sinistcha|1\n|-damage|p2a: Sinistcha|35/100\n|-damage|p2b: Basculegion|0 fnt\n|faint|p2b: Basculegion\n|move|p2a: Sinistcha|Matcha Gotcha|p1b: Garchomp\n|-damage|p1b: Garchomp|27/100\n|-heal|p2a: Sinistcha|54/100|[from] drain|[of] p1b: Garchomp\n|\n|-weather|Sandstorm|[upkeep]\n|-damage|p2a: Sinistcha|48/100|[from] Sandstorm\n|upkeep\n|turn|9\n|\n|t:|1776169875\n|move|p1b: Garchomp|Protect|p1b: Garchomp\n|-singleturn|p1b: Garchomp|Protect\n|move|p2a: Sinistcha|Matcha Gotcha|p1b: Garchomp\n|-activate|p1b: Garchomp|move: Protect\n|\n|-weather|Sandstorm|[upkeep]\n|-damage|p2a: Sinistcha|42/100|[from] Sandstorm\n|upkeep\n|turn|10\n|\n|t:|1776169893\n|move|p1b: Garchomp|Earthquake|p2a: Sinistcha\n|-resisted|p2a: Sinistcha|1\n|-damage|p2a: Sinistcha|21/100\n|move|p2a: Sinistcha|Matcha Gotcha|p1b: Garchomp\n|-damage|p1b: Garchomp|0 fnt\n|-heal|p2a: Sinistcha|35/100|[from] drain|[of] p1b: Garchomp\n|faint|p1b: Garchomp\n|\n|win|FabricioPlayApk\n|raw|sadestburger's rating: 1097 &rarr; <strong>1076</strong><br />(-21 for losing)\n|raw|FabricioPlayApk's rating: 1148 &rarr; <strong>1169</strong><br />(+21 for winning)\n|c|\u2606sadestburger|Gg\n",
  "uploadtime": 1776169905,
  "views": 20,
  "formatid": "gen9championsvgc2026regma",
  "rating": 1076,
  "private": 0,
  "password": null
}