{
  "id": "gen9championsvgc2026regma-2584969678",
  "format": "[Gen 9 Champions] VGC 2026 Reg M-A",
  "players": [
    "wolfey-hisui",
    "yadazei"
  ],
  "log": "|j|\u2606wolfey-hisui\n|j|\u2606yadazei\n|t:|1776299233\n|gametype|doubles\n|player|p1|wolfey-hisui|170|1121\n|player|p2|yadazei|twins|1215\n|gen|9\n|tier|[Gen 9 Champions] VGC 2026 Reg M-A\n|rated|\n|rule|Species Clause: Limit one of each Pok\u00e9mon\n|rule|Item Clause: Limit 1 of each item\n|clearpoke\n|poke|p1|Gengar, L50, M|\n|poke|p1|Politoed, L50, F|\n|poke|p1|Incineroar, L50, M|\n|poke|p1|Archaludon, L50, M|\n|poke|p1|Sinistcha, L50|\n|poke|p1|Sneasler, L50, F|\n|poke|p2|Greninja-*, L50, M|\n|poke|p2|Pelipper, L50, F|\n|poke|p2|Aerodactyl, L50, F|\n|poke|p2|Archaludon, L50, M|\n|poke|p2|Kingambit, L50, F|\n|poke|p2|Sneasler, L50, M|\n|teampreview|4\n|inactive|Battle timer is ON: inactive players will automatically lose when time's up. (requested by yadazei)\n|inactive|yadazei has 60 seconds left.\n|\n|t:|1776299265\n|teamsize|p1|4\n|teamsize|p2|4\n|start\n|switch|p1a: Sneasler|Sneasler, L50, F|100/100\n|switch|p1b: Gengar|Gengar, L50, M|100/100\n|switch|p2a: Kingambit|Kingambit, L50, F|100/100\n|switch|p2b: Sneasler|Sneasler, L50, M|100/100\n|turn|1\n|\n|t:|1776299290\n|switch|p2a: Greninja|Greninja, L50, M|100/100\n|move|p1b: Gengar|Protect|p1b: Gengar\n|-singleturn|p1b: Gengar|Protect\n|move|p2b: Sneasler|Protect|p2b: Sneasler\n|-singleturn|p2b: Sneasler|Protect\n|move|p1a: Sneasler|Fake Out|p2b: Sneasler\n|-activate|p2b: Sneasler|move: Protect\n|\n|upkeep\n|turn|2\n|\n|t:|1776299310\n|switch|p1b: Archaludon|Archaludon, L50, M|100/100\n|detailschange|p2a: Greninja|Greninja-Mega, L50, M\n|-mega|p2a: Greninja|Greninja|Greninjite\n|move|p2a: Greninja|Extrasensory|p1a: Sneasler\n|-start|p2a: Greninja|typechange|Psychic|[from] ability: Protean\n|-supereffective|p1a: Sneasler|2\n|-enditem|p1a: Sneasler|Focus Sash\n|-damage|p1a: Sneasler|1/100\n|move|p1a: Sneasler|Close Combat|p2a: Greninja\n|-resisted|p2a: Greninja|1\n|-damage|p2a: Greninja|50/100\n|-unboost|p1a: Sneasler|def|1\n|-unboost|p1a: Sneasler|spd|1\n|move|p2b: Sneasler|Close Combat|p1a: Sneasler\n|-resisted|p1a: Sneasler|1\n|-damage|p1a: Sneasler|0 fnt\n|-unboost|p2b: Sneasler|def|1\n|-unboost|p2b: Sneasler|spd|1\n|faint|p1a: Sneasler\n|-enditem|p2b: Sneasler|White Herb\n|-clearnegativeboost|p2b: Sneasler|[silent]\n|\n|upkeep\n|inactive|wolfey-hisui has 30 seconds left.\n|inactive|wolfey-hisui has 20 seconds left.\n|inactive|wolfey-hisui has 15 seconds left.\n|inactive|wolfey-hisui has 10 seconds left.\n|\n|t:|1776299360\n|switch|p1a: Gengar|Gengar, L50, M|100/100\n|turn|3\n|\n|t:|1776299372\n|move|p1a: Gengar|Protect|p1a: Gengar\n|-singleturn|p1a: Gengar|Protect\n|move|p2b: Sneasler|Close Combat|p1b: Archaludon\n|-supereffective|p1b: Archaludon|1\n|-enditem|p1b: Archaludon|Chople Berry|[eat]\n|-enditem|p1b: Archaludon|Chople Berry|[weaken]\n|-damage|p1b: Archaludon|52/100\n|-unboost|p2b: Sneasler|def|1\n|-unboost|p2b: Sneasler|spd|1\n|-ability|p1b: Archaludon|Stamina|boost\n|-boost|p1b: Archaludon|def|1\n|move|p2a: Greninja|Extrasensory|p1a: Gengar\n|-activate|p1a: Gengar|move: Protect\n|move|p1b: Archaludon|Flash Cannon|p2a: Greninja\n|-damage|p2a: Greninja|0 fnt\n|faint|p2a: Greninja\n|\n|upkeep\n|\n|t:|1776299381\n|switch|p2a: Kingambit|Kingambit, L50, F|100/100\n|turn|4\n|inactive|wolfey-hisui has 30 seconds left.\n|inactive|wolfey-hisui has 20 seconds left.\n|inactive|wolfey-hisui has 15 seconds left.\n|inactive|wolfey-hisui has 10 seconds left.\n|inactive|wolfey-hisui has 5 seconds left.\n|\n|t:|1776299433\n|switch|p1a: drink me|Sinistcha, L50|100/100\n|-heal|p1b: Archaludon|76/100|[from] ability: Hospitality|[of] p1a: drink me\n|move|p2b: Sneasler|Close Combat|p1b: Archaludon\n|-supereffective|p1b: Archaludon|1\n|-damage|p1b: Archaludon|8/100\n|-unboost|p2b: Sneasler|def|1\n|-unboost|p2b: Sneasler|spd|1\n|-ability|p1b: Archaludon|Stamina|boost\n|-boost|p1b: Archaludon|def|1\n|move|p1b: Archaludon|Flash Cannon|p2b: Sneasler\n|-damage|p2b: Sneasler|0 fnt\n|faint|p2b: Sneasler\n|move|p2a: Kingambit|Kowtow Cleave|p1a: drink me\n|-supereffective|p1a: drink me|1\n|-damage|p1a: drink me|0 fnt\n|faint|p1a: drink me\n|\n|upkeep\n|\n|t:|1776299453\n|switch|p2b: Aerodactyl|Aerodactyl, L50, F|100/100\n|switch|p1a: Gengar|Gengar, L50, M|100/100\n|-ability|p2b: Aerodactyl|Unnerve\n|turn|5\n|\n|t:|1776299468\n|detailschange|p1a: Gengar|Gengar-Mega, L50, M\n|-mega|p1a: Gengar|Gengar|Gengarite\n|move|p2a: Kingambit|Sucker Punch|p1b: Archaludon\n|-damage|p1b: Archaludon|0 fnt\n|faint|p1b: Archaludon\n|move|p2b: Aerodactyl|Dual Wingbeat|p1a: Gengar\n|-damage|p1a: Gengar|77/100\n|-damage|p1a: Gengar|55/100\n|-hitcount|p1a: Gengar|2\n|move|p1a: Gengar|Disable|p2a: Kingambit\n|-start|p2a: Kingambit|Disable|Sucker Punch\n|\n|upkeep\n|turn|6\n|\n|t:|1776299484\n|move|p1a: Gengar|Protect|p1a: Gengar\n|-singleturn|p1a: Gengar|Protect\n|move|p2b: Aerodactyl|Rock Slide|p1a: Gengar\n|-activate|p1a: Gengar|move: Protect\n|move|p2a: Kingambit|Kowtow Cleave|p1a: Gengar\n|-activate|p1a: Gengar|move: Protect\n|\n|upkeep\n|turn|7\n|\n|t:|1776299498\n|move|p2b: Aerodactyl|Rock Slide|p1a: Gengar\n|-damage|p1a: Gengar|10/100\n|move|p1a: Gengar|Shadow Ball|p2b: Aerodactyl\n|-damage|p2b: Aerodactyl|37/100\n|move|p2a: Kingambit|Kowtow Cleave|p1a: Gengar\n|-supereffective|p1a: Gengar|1\n|-damage|p1a: Gengar|0 fnt\n|faint|p1a: Gengar\n|\n|win|yadazei\n|raw|wolfey-hisui's rating: 1121 &rarr; <strong>1103</strong><br />(-18 for losing)\n|raw|yadazei's rating: 1215 &rarr; <strong>1233</strong><br />(+18 for winning)\n|l|\u2606wolfey-hisui\n|player|p1|\n",
  "uploadtime": 1776299532,
  "views": 24,
  "formatid": "gen9championsvgc2026regma",
  "rating": 1103,
  "private": 0,
  "password": null
}