{
  "id": "gen9championsvgc2026regma-2585802503",
  "format": "[Gen 9 Champions] VGC 2026 Reg M-A",
  "players": [
    "h2obama",
    "KRASIC90"
  ],
  "log": "|j|\u2606h2obama\n|j|\u2606KRASIC90\n|t:|1776371711\n|gametype|doubles\n|player|p1|h2obama|266|1031\n|player|p2|KRASIC90|170|1089\n|gen|9\n|tier|[Gen 9 Champions] VGC 2026 Reg M-A\n|rated|\n|rule|Species Clause: Limit one of each Pok\u00e9mon\n|rule|Item Clause: Limit 1 of each item\n|clearpoke\n|poke|p1|Pinsir, L50, F|\n|poke|p1|Sneasler, L50, M|\n|poke|p1|Basculegion, L50, M|\n|poke|p1|Froslass, L50, F|\n|poke|p1|Rotom-Frost, L50|\n|poke|p1|Tsareena, L50, F|\n|poke|p2|Charizard, L50, F|\n|poke|p2|Milotic, L50, F|\n|poke|p2|Sylveon, L50, F|\n|poke|p2|Whimsicott, L50, F|\n|poke|p2|Typhlosion-Hisui, L50, F|\n|poke|p2|Gyarados, L50, F|\n|teampreview|4\n|inactive|Battle timer is ON: inactive players will automatically lose when time's up. (requested by KRASIC90)\n|inactive|h2obama has 60 seconds left.\n|inactive|KRASIC90 has 60 seconds left.\n|inactive|h2obama has 30 seconds left.\n|inactive|h2obama has 20 seconds left.\n|inactive|h2obama has 15 seconds left.\n|inactive|h2obama has 10 seconds left.\n|\n|t:|1776371798\n|teamsize|p1|4\n|teamsize|p2|4\n|start\n|switch|p1a: Sneasler|Sneasler, L50, M|100/100\n|switch|p1b: Pinsir|Pinsir, L50, F|100/100\n|switch|p2a: Whimsicott|Whimsicott, L50, F|100/100\n|switch|p2b: Milotic|Milotic, L50, F|100/100\n|turn|1\n|\n|t:|1776371822\n|detailschange|p1b: Pinsir|Pinsir-Mega, L50, F\n|-mega|p1b: Pinsir|Pinsir|Pinsirite\n|move|p2a: Whimsicott|Tailwind|p2a: Whimsicott\n|-sidestart|p2: KRASIC90|move: Tailwind\n|move|p2b: Milotic|Icy Wind|p1b: Pinsir|[spread] p1a,p1b\n|-supereffective|p1b: Pinsir|1\n|-crit|p1b: Pinsir\n|-damage|p1a: Sneasler|81/100\n|-damage|p1b: Pinsir|46/100\n|-unboost|p1a: Sneasler|spe|1\n|-unboost|p1b: Pinsir|spe|1\n|-enditem|p1a: Sneasler|White Herb\n|-clearnegativeboost|p1a: Sneasler|[silent]\n|move|p1a: Sneasler|Dire Claw|p2a: Whimsicott\n|-supereffective|p2a: Whimsicott|2\n|-enditem|p2a: Whimsicott|Focus Sash\n|-damage|p2a: Whimsicott|1/100\n|-status|p2a: Whimsicott|par\n|move|p1b: Pinsir|Body Slam|p2b: Milotic\n|-damage|p2b: Milotic|21/100\n|\n|-heal|p2b: Milotic|27/100|[from] item: Leftovers\n|upkeep\n|turn|2\n|inactive|h2obama has 30 seconds left.\n|inactive|KRASIC90 has 30 seconds left.\n|inactive|h2obama has 20 seconds left.\n|inactive|KRASIC90 has 20 seconds left.\n|\n|t:|1776371858\n|move|p1b: Pinsir|Feint|p2a: Whimsicott\n|-supereffective|p2a: Whimsicott|1\n|-damage|p2a: Whimsicott|0 fnt\n|faint|p2a: Whimsicott\n|move|p1a: Sneasler|Dire Claw|p2b: Milotic\n|-damage|p2b: Milotic|0 fnt\n|faint|p2b: Milotic\n|\n|upkeep\n|\n|t:|1776371868\n|switch|p2a: Typhlosion|Typhlosion-Hisui, L50, F|100/100\n|switch|p2b: Charizard|Charizard, L50, F|100/100\n|turn|3\n|\n|t:|1776371889\n|detailschange|p2b: Charizard|Charizard-Mega-X, L50, F\n|-mega|p2b: Charizard|Charizard|Charizardite X\n|move|p1b: Pinsir|Feint|p2a: Typhlosion\n|-damage|p2a: Typhlosion|68/100\n|move|p2a: Typhlosion|Heat Wave|p1a: Sneasler|[spread] p1a\n|-miss|p2a: Typhlosion|p1b: Pinsir\n|-damage|p1a: Sneasler|30/100\n|move|p1a: Sneasler|Rock Slide|p2b: Charizard|[spread] p2a,p2b\n|-supereffective|p2a: Typhlosion|1\n|-supereffective|p2b: Charizard|1\n|-damage|p2a: Typhlosion|8/100\n|-damage|p2b: Charizard|59/100\n|move|p2b: Charizard|Dragon Dance|p2b: Charizard\n|-boost|p2b: Charizard|atk|1\n|-boost|p2b: Charizard|spe|1\n|\n|upkeep\n|turn|4\n|\n|t:|1776371911\n|move|p1a: Sneasler|Protect|p1a: Sneasler\n|-singleturn|p1a: Sneasler|Protect\n|move|p1b: Pinsir|Protect|p1b: Pinsir\n|-singleturn|p1b: Pinsir|Protect\n|move|p2b: Charizard|Thunder Punch|p1b: Pinsir\n|-activate|p1b: Pinsir|move: Protect\n|move|p2a: Typhlosion|Heat Wave|p1b: Pinsir|[spread] \n|-activate|p1a: Sneasler|move: Protect\n|-activate|p1b: Pinsir|move: Protect\n|\n|-sideend|p2: KRASIC90|move: Tailwind\n|upkeep\n|turn|5\n|\n|t:|1776371930\n|move|p1b: Pinsir|Feint|p2a: Typhlosion\n|-damage|p2a: Typhlosion|0 fnt\n|faint|p2a: Typhlosion\n|move|p1a: Sneasler|Dire Claw|p2b: Charizard\n|-damage|p2b: Charizard|15/100\n|move|p2b: Charizard|Thunder Punch|p1a: Sneasler\n|-damage|p1a: Sneasler|0 fnt\n|faint|p1a: Sneasler\n|\n|upkeep\n|\n|t:|1776371936\n|switch|p1a: Froslass|Froslass, L50, F|100/100\n|turn|6\n|\n|t:|1776371944\n|move|p2b: Charizard|Protect|p2b: Charizard\n|-singleturn|p2b: Charizard|Protect\n|move|p1b: Pinsir|Feint|p2b: Charizard\n|-activate|p2b: Charizard|move: Feint\n|-damage|p2b: Charizard|0 fnt\n|faint|p2b: Charizard\n|\n|win|h2obama\n|raw|h2obama's rating: 1031 &rarr; <strong>1072</strong><br />(+41 for winning)\n|raw|KRASIC90's rating: 1089 &rarr; <strong>1062</strong><br />(-27 for losing)\n|l|\u2606KRASIC90\n|player|p2|\n",
  "uploadtime": 1776371951,
  "views": 22,
  "formatid": "gen9championsvgc2026regma",
  "rating": 1062,
  "private": 0,
  "password": null
}