{
  "id": "gen9championsvgc2026regma-2586796089",
  "format": "[Gen 9 Champions] VGC 2026 Reg M-A",
  "players": [
    "jakeofonline",
    "kelfreak266"
  ],
  "log": "|j|\u2606jakeofonline\n|j|\u2606kelfreak266\n|t:|1776460580\n|gametype|doubles\n|player|p1|jakeofonline|brycenman|1170\n|player|p2|kelfreak266|benga|1079\n|gen|9\n|tier|[Gen 9 Champions] VGC 2026 Reg M-A\n|rated|\n|rule|Species Clause: Limit one of each Pok\u00e9mon\n|rule|Item Clause: Limit 1 of each item\n|clearpoke\n|poke|p1|Chandelure, L50, F|\n|poke|p1|Oranguru, L50, M|\n|poke|p1|Tsareena, L50, F|\n|poke|p1|Florges, L50, F|\n|poke|p1|Aerodactyl, L50, F|\n|poke|p1|Gallade, L50, M|\n|poke|p2|Sableye, L50, F|\n|poke|p2|Aegislash, L50, M|\n|poke|p2|Milotic, L50, M|\n|poke|p2|Incineroar, L50, F|\n|poke|p2|Kommo-o, L50, F|\n|poke|p2|Sneasler, L50, M|\n|teampreview|4\n|inactive|Battle timer is ON: inactive players will automatically lose when time's up. (requested by jakeofonline)\n|inactive|jakeofonline has 60 seconds left.\n|inactive|kelfreak266 has 60 seconds left.\n|\n|t:|1776460631\n|teamsize|p1|4\n|teamsize|p2|4\n|start\n|switch|p1a: Gallade|Gallade, L50, M|100/100\n|switch|p1b: Aerodactyl|Aerodactyl, L50, F|100/100\n|switch|p2a: Aegislash|Aegislash, L50, M, shiny|100/100\n|switch|p2b: Sneasler|Sneasler, L50, M|100/100\n|turn|1\n|\n|t:|1776460650\n|switch|p2b: Incineroar|Incineroar, L50, F|100/100\n|-ability|p2b: Incineroar|Intimidate|boost\n|-unboost|p1a: Gallade|atk|1\n|-unboost|p1b: Aerodactyl|atk|1\n|move|p1a: Gallade|Upper Hand||[still]\n|-fail|p1a: Gallade\n|move|p1b: Aerodactyl|Tailwind|p1b: Aerodactyl\n|-sidestart|p1: jakeofonline|move: Tailwind\n|-formechange|p2a: Aegislash|Aegislash-Blade|\n|move|p2a: Aegislash|Flash Cannon|p1b: Aerodactyl\n|-supereffective|p1b: Aerodactyl|1\n|-enditem|p1b: Aerodactyl|Focus Sash\n|-damage|p1b: Aerodactyl|1/100\n|\n|upkeep\n|turn|2\n|inactive|jakeofonline has 30 seconds left.\n|\n|t:|1776460679\n|switch|p1b: Chandelure|Chandelure, L50, F|100/100\n|-formechange|p2a: Aegislash|Aegislash|\n|move|p2a: Aegislash|King's Shield|p2a: Aegislash\n|-singleturn|p2a: Aegislash|Protect\n|move|p1a: Gallade|Upper Hand|p2b: Incineroar\n|-supereffective|p2b: Incineroar|1\n|-enditem|p2b: Incineroar|Chople Berry|[eat]\n|-enditem|p2b: Incineroar|Chople Berry|[weaken]\n|-damage|p2b: Incineroar|79/100\n|cant|p2b: Incineroar|flinch\n|\n|upkeep\n|turn|3\n|inactive|kelfreak266 has 30 seconds left.\n|\n|t:|1776460708\n|detailschange|p1b: Chandelure|Chandelure-Mega, L50, F\n|-mega|p1b: Chandelure|Chandelure|Chandelurite\n|move|p1a: Gallade|Close Combat|p2b: Incineroar\n|-supereffective|p2b: Incineroar|1\n|-damage|p2b: Incineroar|5/100\n|-unboost|p1a: Gallade|def|1\n|-unboost|p1a: Gallade|spd|1\n|move|p1b: Chandelure|Heat Wave|p2b: Incineroar|[spread] p2a,p2b\n|-supereffective|p2a: Aegislash|1\n|-resisted|p2b: Incineroar|1\n|-damage|p2a: Aegislash|29/100\n|-damage|p2b: Incineroar|0 fnt\n|faint|p2b: Incineroar\n|-formechange|p2a: Aegislash|Aegislash-Blade|\n|move|p2a: Aegislash|Shadow Ball|p1a: Gallade\n|-supereffective|p1a: Gallade|1\n|-damage|p1a: Gallade|3/100\n|-unboost|p1a: Gallade|spd|1\n|\n|upkeep\n|\n|t:|1776460726\n|switch|p2b: Milotic|Milotic, L50, M|100/100\n|turn|4\n|inactive|jakeofonline has 30 seconds left.\n|inactive|jakeofonline has 20 seconds left.\n|\n|t:|1776460761\n|move|p2a: Aegislash|Wide Guard|p2a: Aegislash\n|-singleturn|p2a: Aegislash|Wide Guard\n|move|p1a: Gallade|Psycho Cut|p2a: Aegislash\n|-resisted|p2a: Aegislash|1\n|-damage|p2a: Aegislash|0 fnt\n|faint|p2a: Aegislash\n|move|p1b: Chandelure|Energy Ball|p2b: Milotic\n|-supereffective|p2b: Milotic|1\n|-damage|p2b: Milotic|31/100\n|move|p2b: Milotic|Life Dew|p2b: Milotic\n|-heal|p2b: Milotic|56/100\n|\n|-sideend|p1: jakeofonline|move: Tailwind\n|upkeep\n|\n|t:|1776460773\n|switch|p2a: Sneasler|Sneasler, L50, M|100/100\n|turn|5\n|\n|t:|1776460782\n|move|p2a: Sneasler|Fake Out|p1a: Gallade\n|-damage|p1a: Gallade|0 fnt\n|faint|p1a: Gallade\n|move|p2b: Milotic|Scald|p1b: Chandelure\n|-supereffective|p1b: Chandelure|1\n|-damage|p1b: Chandelure|49/100\n|move|p1b: Chandelure|Energy Ball|p2b: Milotic\n|-supereffective|p2b: Milotic|1\n|-damage|p2b: Milotic|0 fnt\n|faint|p2b: Milotic\n|\n|upkeep\n|\n|t:|1776460795\n|switch|p1a: Tsareena|Tsareena, L50, F|100/100\n|turn|6\n|inactive|jakeofonline has 30 seconds left.\n|\n|t:|1776460826\n|move|p2a: Sneasler|Dire Claw|p1a: Tsareena\n|-supereffective|p1a: Tsareena|1\n|-damage|p1a: Tsareena|21/100\n|-status|p1a: Tsareena|par\n|move|p1b: Chandelure|Heat Wave|p2a: Sneasler\n|-damage|p2a: Sneasler|9/100\n|move|p1a: Tsareena|Triple Axel|p2a: Sneasler\n|-crit|p2a: Sneasler\n|-damage|p2a: Sneasler|0 fnt\n|faint|p2a: Sneasler\n|-hitcount|p2: Sneasler|1\n|\n|win|jakeofonline\n|raw|jakeofonline's rating: 1170 &rarr; <strong>1189</strong><br />(+19 for winning)\n|raw|kelfreak266's rating: 1079 &rarr; <strong>1063</strong><br />(-16 for losing)\n",
  "uploadtime": 1776460837,
  "views": 21,
  "formatid": "gen9championsvgc2026regma",
  "rating": 1063,
  "private": 0,
  "password": null
}