{
  "id": "gen9championsvgc2026regma-2581281014",
  "format": "[Gen 9 Champions] VGC 2026 Reg M-A",
  "players": [
    "HazelA7X",
    "Timothim Chalombre"
  ],
  "log": "|j|\u2606HazelA7X\n|j|\u2606Timothim Chalombre\n|t:|1775980733\n|gametype|doubles\n|player|p1|HazelA7X|170|1315\n|player|p2|Timothim Chalombre|caitlin|1249\n|gen|9\n|tier|[Gen 9 Champions] VGC 2026 Reg M-A\n|rated|\n|rule|Species Clause: Limit one of each Pok\u00e9mon\n|rule|Item Clause: Limit 1 of each item\n|clearpoke\n|poke|p1|Floette-Eternal, L50, F|\n|poke|p1|Incineroar, L50, M|\n|poke|p1|Garchomp, L50, F|\n|poke|p1|Aerodactyl, L50, M|\n|poke|p1|Rotom-Wash, L50|\n|poke|p1|Sinistcha, L50|\n|poke|p2|Noivern, L50, M|\n|poke|p2|Incineroar, L50, F|\n|poke|p2|Glimmora, L50, M|\n|poke|p2|Basculegion, L50, M|\n|poke|p2|Maushold, L50|\n|poke|p2|Conkeldurr, L50, M|\n|teampreview|4\n|j| gE1xjZRtuhW2DdT0AK\n|inactive|Battle timer is ON: inactive players will automatically lose when time's up. (requested by Timothim Chalombre)\n|\n|t:|1775980810\n|teamsize|p1|4\n|teamsize|p2|4\n|start\n|switch|p1a: Floette|Floette-Eternal, L50, F|100/100\n|switch|p1b: Garchomp|Garchomp, L50, F|100/100\n|switch|p2a: Basculegion|Basculegion, L50, M|100/100\n|switch|p2b: Incineroar|Incineroar, L50, F|100/100\n|-ability|p2b: Incineroar|Intimidate|boost\n|-unboost|p1a: Floette|atk|1\n|-unboost|p1b: Garchomp|atk|1\n|turn|1\n|\n|t:|1775980827\n|switch|p1b: Sinistcha|Sinistcha, L50|100/100\n|switch|p2b: Noivern|Noivern, L50, M|100/100\n|move|p1a: Floette|Protect|p1a: Floette\n|-singleturn|p1a: Floette|Protect\n|move|p2a: Basculegion|Wave Crash|p1a: Floette\n|-activate|p1a: Floette|move: Protect\n|\n|upkeep\n|turn|2\n|\n|t:|1775980842\n|switch|p2a: Glimmora|Glimmora, L50, M|100/100\n|switch|p1b: Incineroar|Incineroar, L50, M|100/100\n|-ability|p1b: Incineroar|Intimidate|boost\n|-unboost|p2a: Glimmora|atk|1\n|-unboost|p2b: Noivern|atk|1\n|detailschange|p1a: Floette|Floette-Mega, L50, F\n|-mega|p1a: Floette|Floette|Floettite\n|-ability|p1a: Floette|Fairy Aura\n|move|p2b: Noivern|Air Slash|p1b: Incineroar\n|-damage|p1b: Incineroar|77/100\n|move|p1a: Floette|Dazzling Gleam|p2a: Glimmora|[spread] p2a,p2b\n|-resisted|p2a: Glimmora|1\n|-supereffective|p2b: Noivern|1\n|-damage|p2a: Glimmora|71/100\n|-enditem|p2b: Noivern|Focus Sash\n|-damage|p2b: Noivern|1/100\n|\n|upkeep\n|turn|3\n|inactive|HazelA7X has 30 seconds left.\n|\n|t:|1775980875\n|move|p2b: Noivern|Protect|p2b: Noivern\n|-singleturn|p2b: Noivern|Protect\n|move|p2a: Glimmora|Spiky Shield|p2a: Glimmora\n|-singleturn|p2a: Glimmora|move: Protect\n|move|p1b: Incineroar|Fake Out|p2a: Glimmora\n|-activate|p2a: Glimmora|move: Protect\n|-damage|p1b: Incineroar|64/100|[from] Spiky Shield|[of] p2a: Glimmora\n|move|p1a: Floette|Substitute|p1a: Floette\n|-start|p1a: Floette|Substitute\n|-damage|p1a: Floette|76/100\n|\n|upkeep\n|turn|4\n|inactive|HazelA7X has 30 seconds left.\n|inactive|Timothim Chalombre has 30 seconds left.\n|\n|t:|1775980901\n|detailschange|p2a: Glimmora|Glimmora-Mega, L50, M\n|-mega|p2a: Glimmora|Glimmora|Glimmoranite\n|move|p2b: Noivern|Air Slash|p1a: Floette\n|-end|p1a: Floette|Substitute\n|move|p2a: Glimmora|Sludge Wave|p1a: Floette|[spread] p1a,p1b\n|-activate|p2b: Noivern|ability: Telepathy\n|-supereffective|p1a: Floette|1\n|-damage|p1a: Floette|0 fnt\n|-damage|p1b: Incineroar|21/100\n|-enditem|p1b: Incineroar|Sitrus Berry|[eat]\n|-heal|p1b: Incineroar|46/100|[from] item: Sitrus Berry\n|faint|p1a: Floette\n|move|p1b: Incineroar|Parting Shot|p2a: Glimmora\n|-unboost|p2a: Glimmora|atk|1\n|-unboost|p2a: Glimmora|spa|1\n|\n|t:|1775980926\n|switch|p1b: Sinistcha|Sinistcha, L50|100/100|[from] Parting Shot\n|\n|upkeep\n|\n|t:|1775980928\n|switch|p1a: Incineroar|Incineroar, L50, M|46/100\n|-ability|p1a: Incineroar|Intimidate|boost\n|-unboost|p2a: Glimmora|atk|1\n|-unboost|p2b: Noivern|atk|1\n|turn|5\n|inactive|Timothim Chalombre has 30 seconds left.\n|inactive|Timothim Chalombre has 20 seconds left.\n|\n|t:|1775980966\n|move|p1a: Incineroar|Fake Out|p2a: Glimmora\n|-resisted|p2a: Glimmora|1\n|-damage|p2a: Glimmora|66/100\n|move|p2b: Noivern|Air Slash|p1b: Sinistcha\n|-supereffective|p1b: Sinistcha|1\n|-crit|p1b: Sinistcha\n|-damage|p1b: Sinistcha|0 fnt\n|faint|p1b: Sinistcha\n|cant|p2a: Glimmora|flinch\n|\n|upkeep\n|c|\u2606Timothim Chalombre|meant to do that\n|\n|t:|1775980976\n|switch|p1b: Garchomp|Garchomp, L50, F|100/100\n|turn|6\n|-message|HazelA7X forfeited.\n|\n|win|Timothim Chalombre\n|raw|HazelA7X's rating: 1315 &rarr; <strong>1291</strong><br />(-24 for losing)\n|raw|Timothim Chalombre's rating: 1249 &rarr; <strong>1279</strong><br />(+30 for winning)\n|l|\u2606HazelA7X\n|player|p1|\n|l|\u2606Timothim Chalombre\n|player|p2|\n",
  "uploadtime": 1775981035,
  "views": 19,
  "formatid": "gen9championsvgc2026regma",
  "rating": 1279,
  "private": 0,
  "password": null
}