{
  "id": "gen9championsvgc2026regma-2585718764",
  "format": "[Gen 9 Champions] VGC 2026 Reg M-A",
  "players": [
    "alfonsoliver",
    "boysenorange"
  ],
  "log": "|j|\u2606alfonsoliver\n|j|\u2606boysenorange\n|t:|1776365845\n|gametype|doubles\n|player|p1|alfonsoliver|hilbert-wonderlauncher|1205\n|player|p2|boysenorange|turo|1297\n|gen|9\n|tier|[Gen 9 Champions] VGC 2026 Reg M-A\n|rated|\n|rule|Species Clause: Limit one of each Pok\u00e9mon\n|rule|Item Clause: Limit 1 of each item\n|clearpoke\n|poke|p1|Garchomp, L50, M|\n|poke|p1|Rotom-Wash, L50|\n|poke|p1|Talonflame, L50, M|\n|poke|p1|Floette-Eternal, L50, F|\n|poke|p1|Incineroar, L50, M|\n|poke|p1|Aegislash, L50, M|\n|poke|p2|Farigiraf, L50, F|\n|poke|p2|Sinistcha, L50|\n|poke|p2|Medicham, L50, F|\n|poke|p2|Torkoal, L50, F|\n|poke|p2|Golurk, L50|\n|poke|p2|Decidueye-Hisui, L50, F|\n|teampreview|4\n|inactive|Battle timer is ON: inactive players will automatically lose when time's up. (requested by alfonsoliver)\n|inactive|alfonsoliver has 60 seconds left.\n|\n|t:|1776365897\n|teamsize|p1|4\n|teamsize|p2|4\n|start\n|switch|p1a: Incineroar|Incineroar, L50, M|100/100\n|switch|p1b: Floette|Floette-Eternal, L50, F|100/100\n|switch|p2a: Sinistcha|Sinistcha, L50|100/100\n|switch|p2b: Medicham|Medicham, L50, F|100/100\n|-ability|p1a: Incineroar|Intimidate|boost\n|-unboost|p2a: Sinistcha|atk|1\n|-unboost|p2b: Medicham|atk|1\n|turn|1\n|inactive|alfonsoliver has 30 seconds left.\n|\n|t:|1776365923\n|detailschange|p1b: Floette|Floette-Mega, L50, F\n|-mega|p1b: Floette|Floette|Floettite\n|-ability|p1b: Floette|Fairy Aura\n|move|p2b: Medicham|Fake Out|p1a: Incineroar\n|-damage|p1a: Incineroar|91/100\n|move|p1b: Floette|Dazzling Gleam|p2a: Sinistcha|[spread] p2a,p2b\n|-supereffective|p2b: Medicham|1\n|-damage|p2a: Sinistcha|53/100\n|-enditem|p2b: Medicham|Focus Sash\n|-damage|p2b: Medicham|1/100\n|cant|p1a: Incineroar|flinch\n|move|p2a: Sinistcha|Trick Room|p2a: Sinistcha\n|-fieldstart|move: Trick Room|[of] p2a: Sinistcha\n|\n|-heal|p1a: Incineroar|97/100|[from] item: Leftovers\n|upkeep\n|turn|2\n|\n|t:|1776365940\n|move|p1a: Incineroar|Darkest Lariat|p2a: Sinistcha\n|-supereffective|p2a: Sinistcha|1\n|-damage|p2a: Sinistcha|0 fnt\n|faint|p2a: Sinistcha\n|move|p2b: Medicham|Close Combat|p1a: Incineroar\n|-supereffective|p1a: Incineroar|1\n|-damage|p1a: Incineroar|3/100\n|-unboost|p2b: Medicham|def|1\n|-unboost|p2b: Medicham|spd|1\n|move|p1b: Floette|Dazzling Gleam|p2b: Medicham\n|-supereffective|p2b: Medicham|1\n|-damage|p2b: Medicham|0 fnt\n|faint|p2b: Medicham\n|\n|-heal|p1a: Incineroar|9/100|[from] item: Leftovers\n|upkeep\n|\n|t:|1776365951\n|switch|p2b: Torkoal|Torkoal, L50, F|100/100\n|switch|p2a: Golurk|Golurk, L50|100/100\n|-weather|SunnyDay|[from] ability: Drought|[of] p2b: Torkoal\n|turn|3\n|\n|t:|1776365967\n|detailschange|p2a: Golurk|Golurk-Mega, L50\n|-mega|p2a: Golurk|Golurk|Golurkite\n|move|p2b: Torkoal|Eruption|p1b: Floette|[spread] p1a,p1b\n|-resisted|p1a: Incineroar|1\n|-damage|p1a: Incineroar|0 fnt\n|-damage|p1b: Floette|36/100\n|faint|p1a: Incineroar\n|move|p2a: Golurk|Headlong Rush|p1b: Floette\n|-damage|p1b: Floette|0 fnt\n|-unboost|p2a: Golurk|def|1\n|-unboost|p2a: Golurk|spd|1\n|faint|p1b: Floette\n|\n|-weather|SunnyDay|[upkeep]\n|upkeep\n|\n|t:|1776365978\n|switch|p1a: Rotom|Rotom-Wash, L50|100/100\n|switch|p1b: Garchomp|Garchomp, L50, M|100/100\n|turn|4\n|inactive|boysenorange has 30 seconds left.\n|\n|t:|1776366003\n|move|p1b: Garchomp|Protect|p1b: Garchomp\n|-singleturn|p1b: Garchomp|Protect\n|move|p2b: Torkoal|Eruption|p1a: Rotom|[spread] p1a\n|-activate|p1b: Garchomp|move: Protect\n|-resisted|p1a: Rotom|1\n|-damage|p1a: Rotom|55/100\n|move|p2a: Golurk|Headlong Rush|p1b: Garchomp\n|-ability|p2a: Golurk|Unseen Fist\n|-zbroken|p1b: Garchomp\n|-damage|p1b: Garchomp|82/100\n|-unboost|p2a: Golurk|def|1\n|-unboost|p2a: Golurk|spd|1\n|-damage|p2a: Golurk|88/100|[from] ability: Rough Skin|[of] p1b: Garchomp\n|move|p1a: Rotom|Will-O-Wisp|p2a: Golurk\n|-status|p2a: Golurk|brn\n|\n|-weather|SunnyDay|[upkeep]\n|-damage|p2a: Golurk|82/100 brn|[from] brn\n|upkeep\n|turn|5\n|inactive|boysenorange has 30 seconds left.\n|\n|t:|1776366034\n|move|p2b: Torkoal|Eruption|p1a: Rotom|[spread] p1a,p1b\n|-resisted|p1a: Rotom|1\n|-resisted|p1b: Garchomp|1\n|-damage|p1a: Rotom|8/100\n|-damage|p1b: Garchomp|34/100\n|-enditem|p1a: Rotom|Sitrus Berry|[eat]\n|-heal|p1a: Rotom|33/100|[from] item: Sitrus Berry\n|move|p2a: Golurk|Headlong Rush|p1b: Garchomp\n|-damage|p1b: Garchomp|2/100\n|-unboost|p2a: Golurk|def|1\n|-unboost|p2a: Golurk|spd|1\n|-damage|p2a: Golurk|70/100 brn|[from] ability: Rough Skin|[of] p1b: Garchomp\n|move|p1a: Rotom|Hydro Pump|p2a: Golurk\n|-supereffective|p2a: Golurk|1\n|-damage|p2a: Golurk|0 fnt\n|faint|p2a: Golurk\n|move|p1b: Garchomp|Earthquake|p2b: Torkoal|[spread] p2b\n|-immune|p1a: Rotom|[from] ability: Levitate\n|-supereffective|p2b: Torkoal|1\n|-damage|p2b: Torkoal|33/100\n|\n|-weather|SunnyDay|[upkeep]\n|-fieldend|move: Trick Room\n|upkeep\n|turn|6\n|inactive|alfonsoliver has 30 seconds left.\n|-message|boysenorange forfeited.\n|\n|win|alfonsoliver\n|raw|alfonsoliver's rating: 1205 &rarr; <strong>1236</strong><br />(+31 for winning)\n|raw|boysenorange's rating: 1297 &rarr; <strong>1266</strong><br />(-31 for losing)\n",
  "uploadtime": 1776366065,
  "views": 23,
  "formatid": "gen9championsvgc2026regma",
  "rating": 1236,
  "private": 0,
  "password": null
}