{
  "id": "gen9championsvgc2026regma-2581827418",
  "format": "[Gen 9 Champions] VGC 2026 Reg M-A",
  "players": [
    "Navicula",
    "jack-o-pop RX"
  ],
  "log": "|j|\u2606Navicula\n|j|\u2606jack-o-pop RX\n|t:|1776031651\n|gametype|doubles\n|player|p1|Navicula|scientist-gen4|1072\n|player|p2|jack-o-pop RX|170|1139\n|gen|9\n|tier|[Gen 9 Champions] VGC 2026 Reg M-A\n|rated|\n|rule|Species Clause: Limit one of each Pok\u00e9mon\n|rule|Item Clause: Limit 1 of each item\n|clearpoke\n|poke|p1|Audino, L50, F|\n|poke|p1|Kommo-o, L50, M|\n|poke|p1|Sinistcha, L50|\n|poke|p1|Lucario, L50, M|\n|poke|p1|Aegislash, L50, M|\n|poke|p1|Toucannon, L50, M|\n|poke|p2|Charizard, L50, F|\n|poke|p2|Whimsicott, L50, F|\n|poke|p2|Sneasler, L50, M|\n|poke|p2|Torkoal, L50, M|\n|poke|p2|Oranguru, L50, M|\n|poke|p2|Rotom-Heat, L50|\n|teampreview|4\n|\n|t:|1776031686\n|teamsize|p1|4\n|teamsize|p2|4\n|start\n|switch|p1a: Moop|Audino, L50, F, shiny|100/100\n|switch|p1b: Rangus Bumclappa|Kommo-o, L50, M|100/100\n|switch|p2a: Torkoal|Torkoal, L50, M|100/100\n|switch|p2b: Oranguru|Oranguru, L50, M|100/100\n|-weather|SunnyDay|[from] ability: Drought|[of] p2a: Torkoal\n|turn|1\n|\n|t:|1776031711\n|move|p2a: Torkoal|Protect|p2a: Torkoal\n|-singleturn|p2a: Torkoal|Protect\n|move|p1a: Moop|Simple Beam|p1b: Rangus Bumclappa\n|-ability|p1b: Rangus Bumclappa|Simple|Soundproof|[from] move: Simple Beam\n|move|p1b: Rangus Bumclappa|Clangorous Soul|p1b: Rangus Bumclappa\n|-boost|p1b: Rangus Bumclappa|atk|2\n|-boost|p1b: Rangus Bumclappa|def|2\n|-boost|p1b: Rangus Bumclappa|spa|2\n|-boost|p1b: Rangus Bumclappa|spd|2\n|-boost|p1b: Rangus Bumclappa|spe|2\n|-damage|p1b: Rangus Bumclappa|68/100\n|move|p2b: Oranguru|Trick Room|p2b: Oranguru\n|-fieldstart|move: Trick Room|[of] p2b: Oranguru\n|\n|-weather|SunnyDay|[upkeep]\n|upkeep\n|turn|2\n|inactive|Battle timer is ON: inactive players will automatically lose when time's up. (requested by Navicula)\n|\n|t:|1776031815\n|move|p2a: Torkoal|Eruption|p1a: Moop|[spread] p1a,p1b\n|-resisted|p1b: Rangus Bumclappa|1\n|-damage|p1a: Moop|23/100\n|-damage|p1b: Rangus Bumclappa|49/100\n|-enditem|p1b: Rangus Bumclappa|Sitrus Berry|[eat]\n|-heal|p1b: Rangus Bumclappa|74/100|[from] item: Sitrus Berry\n|move|p2b: Oranguru|Instruct|p2a: Torkoal\n|-singleturn|p2a: Torkoal|move: Instruct|[of] p2b: Oranguru\n|move|p2a: Torkoal|Eruption|p1a: Moop|[spread] p1a,p1b\n|-resisted|p1b: Rangus Bumclappa|1\n|-damage|p1a: Moop|0 fnt\n|-damage|p1b: Rangus Bumclappa|57/100\n|faint|p1a: Moop\n|move|p1b: Rangus Bumclappa|Clangorous Soul|p1b: Rangus Bumclappa\n|-boost|p1b: Rangus Bumclappa|atk|2\n|-boost|p1b: Rangus Bumclappa|def|2\n|-boost|p1b: Rangus Bumclappa|spa|2\n|-boost|p1b: Rangus Bumclappa|spd|2\n|-boost|p1b: Rangus Bumclappa|spe|2\n|-damage|p1b: Rangus Bumclappa|24/100\n|\n|-weather|SunnyDay|[upkeep]\n|upkeep\n|\n|t:|1776031832\n|switch|p1a: Brewtwo|Sinistcha, L50|100/100\n|-heal|p1b: Rangus Bumclappa|49/100|[from] ability: Hospitality|[of] p1a: Brewtwo\n|turn|3\n|\n|t:|1776031855\n|move|p2a: Torkoal|Eruption|p1a: Brewtwo|[spread] p1a,p1b\n|-supereffective|p1a: Brewtwo|1\n|-resisted|p1b: Rangus Bumclappa|1\n|-enditem|p1a: Brewtwo|Focus Sash\n|-damage|p1a: Brewtwo|1/100\n|-damage|p1b: Rangus Bumclappa|38/100\n|move|p2b: Oranguru|Instruct|p2a: Torkoal\n|-singleturn|p2a: Torkoal|move: Instruct|[of] p2b: Oranguru\n|move|p2a: Torkoal|Eruption|p1b: Rangus Bumclappa|[spread] p1a,p1b\n|-supereffective|p1a: Brewtwo|1\n|-resisted|p1b: Rangus Bumclappa|1\n|-damage|p1a: Brewtwo|0 fnt\n|-damage|p1b: Rangus Bumclappa|28/100\n|faint|p1a: Brewtwo\n|move|p1b: Rangus Bumclappa|Drain Punch|p2a: Torkoal\n|-damage|p2a: Torkoal|24/100\n|-heal|p1b: Rangus Bumclappa|59/100|[from] drain|[of] p2a: Torkoal\n|\n|-weather|SunnyDay|[upkeep]\n|upkeep\n|\n|t:|1776031871\n|switch|p1a: Himbothy Nyoom|Lucario, L50, M|100/100\n|turn|4\n|\n|t:|1776031889\n|detailschange|p1a: Himbothy Nyoom|Lucario-Mega, L50, M\n|-mega|p1a: Himbothy Nyoom|Lucario|Lucarionite\n|move|p2a: Torkoal|Protect|p2a: Torkoal\n|-singleturn|p2a: Torkoal|Protect\n|move|p2b: Oranguru|Extrasensory|p1b: Rangus Bumclappa\n|-supereffective|p1b: Rangus Bumclappa|1\n|-damage|p1b: Rangus Bumclappa|41/100\n|move|p1a: Himbothy Nyoom|Psych Up|p1b: Rangus Bumclappa\n|-copyboost|p1a: Himbothy Nyoom|p1b: Rangus Bumclappa|[from] move: Psych Up\n|move|p1b: Rangus Bumclappa|Drain Punch|p2a: Torkoal\n|-activate|p2a: Torkoal|move: Protect\n|\n|-weather|SunnyDay|[upkeep]\n|upkeep\n|turn|5\n|inactive|jack-o-pop RX has 30 seconds left.\n|\n|t:|1776031922\n|move|p1a: Himbothy Nyoom|Bullet Punch|p2b: Oranguru\n|-damage|p2b: Oranguru|18/100\n|-enditem|p2b: Oranguru|Sitrus Berry|[eat]\n|-heal|p2b: Oranguru|43/100|[from] item: Sitrus Berry\n|move|p2a: Torkoal|Earthquake|p1b: Rangus Bumclappa|[spread] p2b,p1a,p1b\n|-supereffective|p1a: Himbothy Nyoom|1\n|-crit|p1a: Himbothy Nyoom\n|-damage|p2b: Oranguru|19/100\n|-damage|p1a: Himbothy Nyoom|36/100\n|-damage|p1b: Rangus Bumclappa|36/100\n|move|p2b: Oranguru|Instruct|p2a: Torkoal\n|-singleturn|p2a: Torkoal|move: Instruct|[of] p2b: Oranguru\n|move|p2a: Torkoal|Earthquake|p1a: Himbothy Nyoom|[spread] p2b,p1a,p1b\n|-supereffective|p1a: Himbothy Nyoom|1\n|-damage|p2b: Oranguru|0 fnt\n|-damage|p1a: Himbothy Nyoom|23/100\n|-damage|p1b: Rangus Bumclappa|31/100\n|faint|p2b: Oranguru\n|move|p1b: Rangus Bumclappa|Drain Punch|p2a: Torkoal\n|-crit|p2a: Torkoal\n|-damage|p2a: Torkoal|0 fnt\n|-heal|p1b: Rangus Bumclappa|41/100|[from] drain|[of] p2a: Torkoal\n|faint|p2a: Torkoal\n|\n|-weather|none\n|-fieldend|move: Trick Room\n|upkeep\n|\n|t:|1776031935\n|switch|p2b: Whimsicott|Whimsicott, L50, F|100/100\n|switch|p2a: Charizard|Charizard, L50, F|100/100\n|turn|6\n|inactive|jack-o-pop RX has 30 seconds left.\n|\n|t:|1776031962\n|move|p2a: Charizard|Protect|p2a: Charizard\n|-singleturn|p2a: Charizard|Protect\n|move|p1a: Himbothy Nyoom|Bullet Punch|p2b: Whimsicott\n|-supereffective|p2b: Whimsicott|1\n|-enditem|p2b: Whimsicott|Focus Sash\n|-damage|p2b: Whimsicott|1/100\n|move|p2b: Whimsicott|Tailwind|p2b: Whimsicott\n|-sidestart|p2: jack-o-pop RX|move: Tailwind\n|move|p1b: Rangus Bumclappa|Boomburst|p2b: Whimsicott|[spread] p1a,p2b\n|-activate|p2a: Charizard|move: Protect\n|-resisted|p1a: Himbothy Nyoom|1\n|-damage|p1a: Himbothy Nyoom|8/100\n|-damage|p2b: Whimsicott|0 fnt\n|faint|p2b: Whimsicott\n|\n|upkeep\n|turn|7\n|\n|t:|1776031981\n|detailschange|p2a: Charizard|Charizard-Mega-Y, L50, F\n|-mega|p2a: Charizard|Charizard|Charizardite Y\n|-weather|SunnyDay|[from] ability: Drought|[of] p2a: Charizard\n|move|p1a: Himbothy Nyoom|Bullet Punch|p2a: Charizard\n|-resisted|p2a: Charizard|1\n|-damage|p2a: Charizard|48/100\n|move|p2a: Charizard|Heat Wave|p1a: Himbothy Nyoom|[spread] p1a,p1b\n|-supereffective|p1a: Himbothy Nyoom|1\n|-resisted|p1b: Rangus Bumclappa|1\n|-damage|p1a: Himbothy Nyoom|0 fnt\n|-damage|p1b: Rangus Bumclappa|32/100\n|faint|p1a: Himbothy Nyoom\n|move|p1b: Rangus Bumclappa|Boomburst|p2a: Charizard\n|-damage|p2a: Charizard|0 fnt\n|faint|p2a: Charizard\n|\n|win|Navicula\n|raw|Navicula's rating: 1072 &rarr; <strong>1107</strong><br />(+35 for winning)\n|raw|jack-o-pop RX's rating: 1139 &rarr; <strong>1109</strong><br />(-30 for losing)\n",
  "uploadtime": 1776032004,
  "views": 13,
  "formatid": "gen9championsvgc2026regma",
  "rating": 1107,
  "private": 0,
  "password": null
}