{
  "id": "gen9championsvgc2026regma-2586832168",
  "format": "[Gen 9 Champions] VGC 2026 Reg M-A",
  "players": [
    "EDJPP",
    "WenteBig"
  ],
  "log": "|j|\u2606EDJPP\n|j|\u2606WenteBig\n|t:|1776463629\n|gametype|doubles\n|player|p1|EDJPP|volkner|\n|player|p2|WenteBig|lance|\n|gen|9\n|tier|[Gen 9 Champions] VGC 2026 Reg M-A\n|rated|Tournament battle\n|rule|Species Clause: Limit one of each Pok\u00e9mon\n|rule|Item Clause: Limit 1 of each item\n|raw|<div class=\"infobox\"><details class=\"readmore\" open><summary><strong>1 custom rule:</strong></summary> !open team sheets</details></div>\n|clearpoke\n|poke|p1|Froslass, L50, F|\n|poke|p1|Ninetales-Alola, L50, M|\n|poke|p1|Incineroar, L50, M|\n|poke|p1|Tauros-Paldea-Aqua, L50, M|\n|poke|p1|Gengar, L50, M|\n|poke|p1|Sinistcha, L50|\n|poke|p2|Espathra, L50, F|\n|poke|p2|Floette-Eternal, L50, F|\n|poke|p2|Gallade, L50, M|\n|poke|p2|Sinistcha, L50|\n|poke|p2|Incineroar, L50, M|\n|poke|p2|Milotic, L50, M|\n|teampreview|4\n|inactive|Battle timer is ON: inactive players will automatically lose when time's up. (requested by EDJPP)\n|c|\u2606WenteBig|glhf\n|c|\u2606EDJPP|glhf\n|j| hesolk\n|l| hesolk\n|inactive|WenteBig has 60 seconds left.\n|j| yernforscytherbuff\n|\n|t:|1776463667\n|teamsize|p1|4\n|teamsize|p2|4\n|start\n|switch|p1a: Matcha|Sinistcha, L50|100/100\n|switch|p1b: Froslass|Froslass, L50, F|100/100\n|switch|p2a: Espathra|Espathra, L50, F|100/100\n|switch|p2b: Milotic|Milotic, L50, M|100/100\n|turn|1\n|j| Ac3M00n\n|inactive|EDJPP has 30 seconds left.\n|inactive|WenteBig has 30 seconds left.\n|l| Ac3M00n\n|inactive|EDJPP has 20 seconds left.\n|inactive|EDJPP has 15 seconds left.\n|j| hatsune p2\n|\n|t:|1776463708\n|move|p2a: Espathra|Protect|p2a: Espathra\n|-singleturn|p2a: Espathra|Protect\n|move|p1a: Matcha|Rage Powder|p1a: Matcha\n|-singleturn|p1a: Matcha|move: Rage Powder\n|move|p1b: Froslass|Nasty Plot|p1b: Froslass\n|-boost|p1b: Froslass|spa|2\n|move|p2b: Milotic|Icy Wind|p1b: Froslass|[spread] p1a,p1b\n|-supereffective|p1a: Matcha|1\n|-resisted|p1b: Froslass|1\n|-damage|p1a: Matcha|80/100\n|-damage|p1b: Froslass|91/100\n|-unboost|p1a: Matcha|spe|1\n|-unboost|p1b: Froslass|spe|1\n|\n|-ability|p2a: Espathra|Speed Boost|boost\n|-boost|p2a: Espathra|spe|1\n|upkeep\n|turn|2\n|j| fillettboi15\n|inactive|WenteBig has 30 seconds left.\n|\n|t:|1776463738\n|switch|p1a: Ninetales|Ninetales-Alola, L50, M|100/100\n|-weather|Snowscape|[from] ability: Snow Warning|[of] p1a: Ninetales\n|move|p2a: Espathra|Baton Pass|p2a: Espathra\n|\n|t:|1776463748\n|switch|p2a: Floette|Floette-Eternal, L50, F|100/100|[from] Baton Pass\n|move|p1b: Froslass|Nasty Plot|p1b: Froslass\n|-boost|p1b: Froslass|spa|2\n|move|p2b: Milotic|Icy Wind|p1b: Froslass|[spread] p1a,p1b\n|-resisted|p1a: Ninetales|1\n|-resisted|p1b: Froslass|1\n|-damage|p1a: Ninetales|93/100\n|-damage|p1b: Froslass|81/100\n|-unboost|p1a: Ninetales|spe|1\n|-unboost|p1b: Froslass|spe|1\n|\n|-weather|Snowscape|[upkeep]\n|upkeep\n|turn|3\n|\n|t:|1776463769\n|detailschange|p2a: Floette|Floette-Mega, L50, F\n|-mega|p2a: Floette|Floette|Floettite\n|-ability|p2a: Floette|Fairy Aura\n|move|p1b: Froslass|Protect|p1b: Froslass\n|-singleturn|p1b: Froslass|Protect\n|move|p2a: Floette|Dazzling Gleam|p1b: Froslass|[spread] p1a\n|-activate|p1b: Froslass|move: Protect\n|-damage|p1a: Ninetales|35/100\n|move|p1a: Ninetales|Aurora Veil|p1a: Ninetales\n|-sidestart|p1: EDJPP|move: Aurora Veil\n|move|p2b: Milotic|Scald|p1b: Froslass\n|-activate|p1b: Froslass|move: Protect\n|\n|-weather|Snowscape|[upkeep]\n|upkeep\n|turn|4\n|j| F=q(E+VxB)\n|l| F=q(E+VxB)\n|j|@krangune\u2764\n|\n|t:|1776463794\n|move|p2a: Floette|Moonblast|p1b: Froslass\n|-damage|p1b: Froslass|0 fnt\n|faint|p1b: Froslass\n|move|p1a: Ninetales|Icy Wind|p2b: Milotic|[spread] p2a,p2b\n|-resisted|p2b: Milotic|1\n|-damage|p2a: Floette|85/100\n|-damage|p2b: Milotic|93/100\n|-unboost|p2a: Floette|spe|1\n|-unboost|p2b: Milotic|spe|1\n|-ability|p2b: Milotic|Competitive|boost\n|-boost|p2b: Milotic|spa|2\n|move|p2b: Milotic|Scald|p1a: Ninetales\n|-damage|p1a: Ninetales|0 fnt\n|faint|p1a: Ninetales\n|\n|-weather|Snowscape|[upkeep]\n|-heal|p2b: Milotic|99/100|[from] item: Leftovers\n|upkeep\n|\n|t:|1776463799\n|switch|p1b: Matcha|Sinistcha, L50|80/100\n|switch|p1a: Gengar|Gengar, L50, M|100/100\n|turn|5\n|l| fillettboi15\n|\n|t:|1776463821\n|detailschange|p1a: Gengar|Gengar-Mega, L50, M\n|-mega|p1a: Gengar|Gengar|Gengarite\n|move|p2a: Floette|Protect|p2a: Floette\n|-singleturn|p2a: Floette|Protect\n|move|p1b: Matcha|Rage Powder|p1b: Matcha\n|-singleturn|p1b: Matcha|move: Rage Powder\n|move|p1a: Gengar|Sludge Bomb|p2a: Floette\n|-activate|p2a: Floette|move: Protect\n|move|p2b: Milotic|Scald|p1b: Matcha\n|-resisted|p1b: Matcha|1\n|-damage|p1b: Matcha|59/100\n|-status|p1b: Matcha|brn\n|\n|-weather|Snowscape|[upkeep]\n|-heal|p2b: Milotic|100/100|[from] item: Leftovers\n|-damage|p1b: Matcha|53/100 brn|[from] brn\n|upkeep\n|turn|6\n|inactive|WenteBig has 30 seconds left.\n|inactive|WenteBig has 20 seconds left.\n|inactive|WenteBig has 15 seconds left.\n|inactive|WenteBig has 10 seconds left.\n|\n|t:|1776463867\n|move|p1a: Gengar|Sludge Bomb|p2a: Floette\n|-supereffective|p2a: Floette|1\n|-damage|p2a: Floette|0 fnt\n|faint|p2a: Floette\n|move|p1b: Matcha|Matcha Gotcha|p2b: Milotic\n|-supereffective|p2b: Milotic|1\n|-damage|p2b: Milotic|46/100\n|-heal|p1b: Matcha|84/100 brn|[from] drain|[of] p2b: Milotic\n|move|p2b: Milotic|Icy Wind|p1a: Gengar|[spread] p1a,p1b\n|-supereffective|p1b: Matcha|1\n|-damage|p1a: Gengar|79/100\n|-damage|p1b: Matcha|54/100 brn\n|-unboost|p1a: Gengar|spe|1\n|-unboost|p1b: Matcha|spe|1\n|\n|-weather|none\n|-heal|p2b: Milotic|52/100|[from] item: Leftovers\n|-damage|p1b: Matcha|48/100 brn|[from] brn\n|upkeep\n|-enditem|p1b: Matcha|Sitrus Berry|[eat]\n|-heal|p1b: Matcha|73/100 brn|[from] item: Sitrus Berry\n|\n|t:|1776463890\n|switch|p2a: Espathra|Espathra, L50, F|100/100\n|turn|7\n|inactive|WenteBig has 30 seconds left.\n|\n|t:|1776463923\n|move|p1a: Gengar|Protect|p1a: Gengar\n|-singleturn|p1a: Gengar|Protect\n|move|p2a: Espathra|Lumina Crash|p1a: Gengar\n|-activate|p1a: Gengar|move: Protect\n|move|p2b: Milotic|Alluring Voice|p1b: Matcha\n|-damage|p1b: Matcha|44/100 brn\n|move|p1b: Matcha|Life Dew|p1b: Matcha|[spread] p1a,p1b\n|-heal|p1a: Gengar|100/100\n|-heal|p1b: Matcha|70/100 brn\n|\n|-heal|p2b: Milotic|58/100|[from] item: Leftovers\n|-damage|p1b: Matcha|63/100 brn|[from] brn\n|-sideend|p1: EDJPP|move: Aurora Veil\n|-ability|p2a: Espathra|Speed Boost|boost\n|-boost|p2a: Espathra|spe|1\n|upkeep\n|turn|8\n|\n|t:|1776463944\n|move|p2a: Espathra|Protect|p2a: Espathra\n|-singleturn|p2a: Espathra|Protect\n|move|p1b: Matcha|Rage Powder|p1b: Matcha\n|-singleturn|p1b: Matcha|move: Rage Powder\n|move|p1a: Gengar|Sludge Bomb|p2b: Milotic\n|-damage|p2b: Milotic|13/100\n|move|p2b: Milotic|Alluring Voice|p1b: Matcha\n|-damage|p1b: Matcha|19/100 brn\n|\n|-heal|p2b: Milotic|19/100|[from] item: Leftovers\n|-damage|p1b: Matcha|13/100 brn|[from] brn\n|-ability|p2a: Espathra|Speed Boost|boost\n|-boost|p2a: Espathra|spe|1\n|upkeep\n|turn|9\n|\n|t:|1776463965\n|move|p2b: Milotic|Protect|p2b: Milotic\n|-singleturn|p2b: Milotic|Protect\n|move|p2a: Espathra|Lumina Crash|p1a: Gengar\n|-supereffective|p1a: Gengar|1\n|-damage|p1a: Gengar|11/100\n|-unboost|p1a: Gengar|spd|2\n|move|p1a: Gengar|Shadow Ball|p2a: Espathra\n|-supereffective|p2a: Espathra|1\n|-enditem|p2a: Espathra|Focus Sash\n|-damage|p2a: Espathra|1/100\n|move|p1b: Matcha|Matcha Gotcha|p2a: Espathra|[spread] p2a\n|-activate|p2b: Milotic|move: Protect\n|-damage|p2a: Espathra|0 fnt\n|-heal|p1b: Matcha|13/100 brn|[from] drain|[of] p2a: Espathra\n|faint|p2a: Espathra\n|\n|-heal|p2b: Milotic|25/100|[from] item: Leftovers\n|-damage|p1b: Matcha|7/100 brn|[from] brn\n|upkeep\n|\n|t:|1776463984\n|switch|p2a: Gallade|Gallade, L50, M|100/100\n|turn|10\n|\n|t:|1776463995\n|move|p1a: Gengar|Protect|p1a: Gengar\n|-singleturn|p1a: Gengar|Protect\n|move|p2a: Gallade|Protect|p2a: Gallade\n|-singleturn|p2a: Gallade|Protect\n|move|p2b: Milotic|Icy Wind|p1a: Gengar|[spread] p1b\n|-activate|p1a: Gengar|move: Protect\n|-supereffective|p1b: Matcha|1\n|-damage|p1b: Matcha|0 fnt\n|faint|p1b: Matcha\n|\n|-heal|p2b: Milotic|31/100|[from] item: Leftovers\n|upkeep\n|turn|11\n|c| yernforscytherbuff|I think it's joever sadly\n|inactive|WenteBig has 30 seconds left.\n|c|\u2606EDJPP|gg\n|\n|t:|1776464023\n|move|p1a: Gengar|Shadow Ball|p2a: Gallade\n|-supereffective|p2a: Gallade|1\n|-damage|p2a: Gallade|7/100\n|move|p2a: Gallade|Psycho Cut|p1a: Gengar\n|-supereffective|p1a: Gengar|1\n|-crit|p1a: Gengar\n|-damage|p1a: Gengar|0 fnt\n|faint|p1a: Gengar\n|\n|win|WenteBig\n|n|\u2606EDJPP|edjpp\n|n|\u2606WenteBig|wentebig\n|n| yernforscytherbuff|yernforscytherbuff\n|n| hatsune p2|hatsunep2\n|n| krangune\u2764|krangune\n|c|\u2606WenteBig|gg\n",
  "uploadtime": 1776464030,
  "views": 15,
  "formatid": "gen9championsvgc2026regma",
  "rating": null,
  "private": 0,
  "password": null
}