{
  "id": "gen9championsvgc2026regma-2585603075",
  "format": "[Gen 9 Champions] VGC 2026 Reg M-A",
  "players": [
    "Where Is My Router",
    "frua"
  ],
  "log": "|j|\u2606Where Is My Router\n|j|\u2606frua\n|t:|1776358270\n|gametype|doubles\n|player|p1|Where Is My Router|giovanni|1097\n|player|p2|frua|266|1145\n|gen|9\n|tier|[Gen 9 Champions] VGC 2026 Reg M-A\n|rated|\n|rule|Species Clause: Limit one of each Pok\u00e9mon\n|rule|Item Clause: Limit 1 of each item\n|clearpoke\n|poke|p1|Golurk, L50|\n|poke|p1|Mimikyu, L50, F|\n|poke|p1|Basculegion, L50, M|\n|poke|p1|Spiritomb, L50, F|\n|poke|p1|Sinistcha-Masterpiece, L50|\n|poke|p1|Zoroark-Hisui, L50, M|\n|poke|p2|Charizard, L50, F|\n|poke|p2|Sneasler, L50, F|\n|poke|p2|Whimsicott, L50, F|\n|poke|p2|Maushold, L50|\n|poke|p2|Garchomp, L50, M|\n|poke|p2|Kingambit, L50, M|\n|teampreview|4\n|\n|t:|1776358293\n|teamsize|p1|4\n|teamsize|p2|4\n|start\n|switch|p1a: Atlas|Golurk, L50|100/100\n|switch|p1b: Aura|Spiritomb, L50, F|100/100\n|switch|p2a: Whimsicott|Whimsicott, L50, F|100/100\n|switch|p2b: Sneasler|Sneasler, L50, F|100/100\n|-ability|p1b: Aura|Pressure\n|turn|1\n|\n|t:|1776358313\n|switch|p2b: Kingambit|Kingambit, L50, M|100/100\n|move|p1a: Atlas|Protect|p1a: Atlas\n|-singleturn|p1a: Atlas|Protect\n|move|p2a: Whimsicott|Tailwind|p2a: Whimsicott\n|-sidestart|p2: frua|move: Tailwind\n|move|p1b: Aura|Trick Room|p1b: Aura\n|-fieldstart|move: Trick Room|[of] p1b: Aura\n|\n|upkeep\n|turn|2\n|\n|t:|1776358338\n|detailschange|p1a: Atlas|Golurk-Mega, L50\n|-mega|p1a: Atlas|Golurk|Golurkite\n|move|p2b: Kingambit|Sucker Punch|p1a: Atlas\n|-supereffective|p1a: Atlas|1\n|-damage|p1a: Atlas|14/100\n|move|p1b: Aura|Snarl|p2b: Kingambit|[spread] p2a,p2b\n|-resisted|p2a: Whimsicott|1\n|-resisted|p2b: Kingambit|1\n|-damage|p2a: Whimsicott|89/100\n|-damage|p2b: Kingambit|92/100\n|-unboost|p2a: Whimsicott|spa|1\n|-unboost|p2b: Kingambit|spa|1\n|-ability|p2b: Kingambit|Defiant|boost\n|-boost|p2b: Kingambit|atk|2\n|move|p1a: Atlas|Close Combat|p2b: Kingambit\n|-supereffective|p2b: Kingambit|2\n|-damage|p2b: Kingambit|0 fnt\n|-unboost|p1a: Atlas|def|1\n|-unboost|p1a: Atlas|spd|1\n|faint|p2b: Kingambit\n|move|p2a: Whimsicott|Moonblast|p1b: Aura\n|-supereffective|p1b: Aura|1\n|-damage|p1b: Aura|65/100\n|\n|-heal|p1b: Aura|71/100|[from] item: Leftovers\n|upkeep\n|\n|t:|1776358353\n|switch|p2b: Charizard|Charizard, L50, F|100/100\n|turn|3\n|\n|t:|1776358367\n|detailschange|p2b: Charizard|Charizard-Mega-Y, L50, F\n|-mega|p2b: Charizard|Charizard|Charizardite Y\n|-weather|SunnyDay|[from] ability: Drought|[of] p2b: Charizard\n|move|p1b: Aura|Helping Hand|p1a: Atlas\n|-singleturn|p1a: Atlas|Helping Hand|[of] p1b: Aura\n|move|p1a: Atlas|Ice Punch|p2b: Charizard\n|-damage|p2b: Charizard|44/100\n|move|p2b: Charizard|Heat Wave|p1a: Atlas|[spread] p1a,p1b\n|-damage|p1a: Atlas|0 fnt\n|-damage|p1b: Aura|5/100\n|faint|p1a: Atlas\n|move|p2a: Whimsicott|Moonblast|p1b: Aura\n|-supereffective|p1b: Aura|1\n|-damage|p1b: Aura|0 fnt\n|faint|p1b: Aura\n|\n|-weather|SunnyDay|[upkeep]\n|upkeep\n|\n|t:|1776358386\n|switch|p1b: Karonte|Basculegion, L50, M|100/100\n|switch|p1a: Brewdew|Sinistcha-Masterpiece, L50|100/100\n|turn|4\n|\n|t:|1776358421\n|switch|p2a: Sneasler|Sneasler, L50, F|100/100\n|move|p2b: Charizard|Protect|p2b: Charizard\n|-singleturn|p2b: Charizard|Protect\n|move|p1a: Brewdew|Matcha Gotcha|p2a: Sneasler|[spread] p2a\n|-activate|p2b: Charizard|move: Protect\n|-resisted|p2a: Sneasler|1\n|-damage|p2a: Sneasler|81/100\n|move|p1b: Karonte|Last Respects|p2b: Charizard\n|-activate|p2b: Charizard|move: Protect\n|\n|-weather|SunnyDay|[upkeep]\n|-sideend|p2: frua|move: Tailwind\n|upkeep\n|turn|5\n|-activate|p1b: Karonte|item: Quick Claw\n|\n|t:|1776358445\n|switch|p2b: Whimsicott|Whimsicott, L50, F|89/100\n|move|p2a: Sneasler|Protect|p2a: Sneasler\n|-singleturn|p2a: Sneasler|Protect\n|move|p1a: Brewdew|Rage Powder|p1a: Brewdew\n|-singleturn|p1a: Brewdew|move: Rage Powder\n|move|p1b: Karonte|Last Respects|p2b: Whimsicott\n|-damage|p2b: Whimsicott|0 fnt\n|faint|p2b: Whimsicott\n|\n|-weather|SunnyDay|[upkeep]\n|-fieldend|move: Trick Room\n|upkeep\n|\n|t:|1776358457\n|switch|p2b: Charizard|Charizard-Mega-Y, L50, F|44/100\n|turn|6\n|\n|t:|1776358467\n|move|p1a: Brewdew|Rage Powder|p1a: Brewdew\n|-singleturn|p1a: Brewdew|move: Rage Powder\n|move|p2a: Sneasler|Dire Claw|p1a: Brewdew\n|-damage|p1a: Brewdew|59/100\n|move|p2b: Charizard|Solar Beam||[still]\n|-prepare|p2b: Charizard|Solar Beam\n|-anim|p2b: Charizard|Solar Beam|p1a: Brewdew\n|-resisted|p1a: Brewdew|1\n|-damage|p1a: Brewdew|27/100\n|move|p1b: Karonte|Last Respects|p2b: Charizard\n|-damage|p2b: Charizard|0 fnt\n|faint|p2b: Charizard\n|\n|-weather|SunnyDay|[upkeep]\n|upkeep\n|turn|7\n|\n|t:|1776358484\n|move|p1a: Brewdew|Rage Powder|p1a: Brewdew\n|-singleturn|p1a: Brewdew|move: Rage Powder\n|move|p2a: Sneasler|Dire Claw|p1a: Brewdew\n|-damage|p1a: Brewdew|0 fnt\n|faint|p1a: Brewdew\n|move|p1b: Karonte|Last Respects|p2a: Sneasler\n|-damage|p2a: Sneasler|0 fnt\n|faint|p2a: Sneasler\n|\n|win|Where Is My Router\n|raw|Where Is My Router's rating: 1097 &rarr; <strong>1126</strong><br />(+29 for winning)\n|raw|frua's rating: 1145 &rarr; <strong>1117</strong><br />(-28 for losing)\n|c|\u2606Where Is My Router|Gg\n|c|\u2606frua|gg\n",
  "uploadtime": 1776358501,
  "views": 35,
  "formatid": "gen9championsvgc2026regma",
  "rating": 1117,
  "private": 0,
  "password": null
}