{
  "id": "gen9championsvgc2026regma-2586757752",
  "format": "[Gen 9 Champions] VGC 2026 Reg M-A",
  "players": [
    "Quaza15",
    "2sweep4u"
  ],
  "log": "|j|\u2606Quaza15\n|j|\u26062sweep4u\n|t:|1776457541\n|gametype|doubles\n|player|p1|Quaza15|ruinmaniac|1260\n|player|p2|2sweep4u|unknownf|1189\n|gen|9\n|tier|[Gen 9 Champions] VGC 2026 Reg M-A\n|rated|\n|rule|Species Clause: Limit one of each Pok\u00e9mon\n|rule|Item Clause: Limit 1 of each item\n|clearpoke\n|poke|p1|Aerodactyl, L50, F|\n|poke|p1|Garchomp, L50, M|\n|poke|p1|Mamoswine, L50, M|\n|poke|p1|Charizard, L50, M|\n|poke|p1|Kingambit, L50, F|\n|poke|p1|Rotom-Wash, L50|\n|poke|p2|Garchomp, L50, F|\n|poke|p2|Manectric, L50, M|\n|poke|p2|Sneasler, L50, F|\n|poke|p2|Farigiraf, L50, M|\n|poke|p2|Milotic, L50, M|\n|poke|p2|Jolteon, L50, M|\n|teampreview|4\n|inactive|Battle timer is ON: inactive players will automatically lose when time's up. (requested by 2sweep4u)\n|\n|t:|1776457601\n|teamsize|p1|4\n|teamsize|p2|4\n|start\n|switch|p1a: Garchomp|Garchomp, L50, M|100/100\n|switch|p1b: Aerodactyl|Aerodactyl, L50, F|100/100\n|switch|p2a: Jolteon|Jolteon, L50, M|100/100\n|switch|p2b: Manectric|Manectric, L50, M|100/100\n|-ability|p1b: Aerodactyl|Unnerve\n|turn|1\n|inactive|2sweep4u has 30 seconds left.\n|\n|t:|1776457633\n|move|p1b: Aerodactyl|Tailwind|p1b: Aerodactyl\n|-sidestart|p1: Quaza15|move: Tailwind\n|move|p1a: Garchomp|Earthquake|p2b: Manectric|[spread] p2a,p2b\n|-immune|p1b: Aerodactyl\n|-supereffective|p2a: Jolteon|1\n|-supereffective|p2b: Manectric|1\n|-enditem|p2a: Jolteon|Focus Sash\n|-damage|p2a: Jolteon|1/100\n|-damage|p2b: Manectric|0 fnt\n|faint|p2b: Manectric\n|move|p2a: Jolteon|Discharge|p1b: Aerodactyl|[spread] p1b\n|-immune|p1a: Garchomp\n|-supereffective|p1b: Aerodactyl|1\n|-damage|p1b: Aerodactyl|26/100\n|\n|upkeep\n|\n|t:|1776457645\n|switch|p2b: Julia Wolf|Farigiraf, L50, M|100/100\n|turn|2\n|\n|t:|1776457654\n|switch|p2a: Milotic|Milotic, L50, M|100/100\n|move|p1b: Aerodactyl|Dual Wingbeat|p2b: Julia Wolf\n|-damage|p2b: Julia Wolf|85/100\n|-damage|p2b: Julia Wolf|68/100\n|-hitcount|p2b: Julia Wolf|2\n|move|p1a: Garchomp|Earthquake|p2a: Milotic|[spread] p2a,p2b\n|-immune|p1b: Aerodactyl\n|-damage|p2a: Milotic|60/100\n|-damage|p2b: Julia Wolf|34/100\n|move|p2b: Julia Wolf|Trick Room|p2b: Julia Wolf\n|-fieldstart|move: Trick Room|[of] p2b: Julia Wolf\n|\n|-heal|p2a: Milotic|66/100|[from] item: Leftovers\n|upkeep\n|turn|3\n|\n|t:|1776457677\n|move|p1a: Garchomp|Protect|p1a: Garchomp\n|-singleturn|p1a: Garchomp|Protect\n|move|p1b: Aerodactyl|Protect|p1b: Aerodactyl\n|-singleturn|p1b: Aerodactyl|Protect\n|move|p2b: Julia Wolf|Psychic|p1b: Aerodactyl\n|-activate|p1b: Aerodactyl|move: Protect\n|move|p2a: Milotic|Life Dew|p2a: Milotic|[spread] p2a,p2b\n|-heal|p2a: Milotic|91/100\n|-heal|p2b: Julia Wolf|59/100\n|\n|-heal|p2a: Milotic|97/100|[from] item: Leftovers\n|upkeep\n|turn|4\n|\n|t:|1776457690\n|move|p2b: Julia Wolf|Psychic|p1b: Aerodactyl\n|-damage|p1b: Aerodactyl|0 fnt\n|faint|p1b: Aerodactyl\n|move|p2a: Milotic|Icy Wind|p1a: Garchomp\n|-supereffective|p1a: Garchomp|2\n|-damage|p1a: Garchomp|35/100\n|-unboost|p1a: Garchomp|spe|1\n|-enditem|p1a: Garchomp|Sitrus Berry|[eat]\n|-heal|p1a: Garchomp|60/100|[from] item: Sitrus Berry\n|move|p1a: Garchomp|Earthquake|p2b: Julia Wolf|[spread] p2a,p2b\n|-damage|p2a: Milotic|55/100\n|-damage|p2b: Julia Wolf|19/100\n|-enditem|p2b: Julia Wolf|Sitrus Berry|[eat]\n|-heal|p2b: Julia Wolf|44/100|[from] item: Sitrus Berry\n|\n|-heal|p2a: Milotic|61/100|[from] item: Leftovers\n|-sideend|p1: Quaza15|move: Tailwind\n|upkeep\n|\n|t:|1776457705\n|switch|p1b: Mamoswine|Mamoswine, L50, M|100/100\n|turn|5\n|\n|t:|1776457717\n|move|p1a: Garchomp|Protect|p1a: Garchomp\n|-singleturn|p1a: Garchomp|Protect\n|move|p2b: Julia Wolf|Psychic|p1a: Garchomp\n|-activate|p1a: Garchomp|move: Protect\n|move|p2a: Milotic|Life Dew|p2a: Milotic|[spread] p2a,p2b\n|-heal|p2a: Milotic|87/100\n|-heal|p2b: Julia Wolf|69/100\n|move|p1b: Mamoswine|Icicle Crash|p2b: Julia Wolf\n|-damage|p2b: Julia Wolf|14/100\n|\n|-heal|p2a: Milotic|93/100|[from] item: Leftovers\n|upkeep\n|turn|6\n|\n|t:|1776457731\n|move|p2b: Julia Wolf|Ally Switch|p2b: Julia Wolf\n|swap|p2b: Julia Wolf|0|[from] move: Ally Switch\n|move|p1a: Garchomp|Dragon Claw|p2b: Milotic\n|-damage|p2b: Milotic|48/100\n|move|p2b: Milotic|Life Dew|p2b: Milotic|[spread] p2a,p2b\n|-heal|p2a: Julia Wolf|39/100\n|-heal|p2b: Milotic|73/100\n|move|p1b: Mamoswine|High Horsepower|p2a: Julia Wolf|[miss]\n|-miss|p1b: Mamoswine|p2a: Julia Wolf\n|\n|-heal|p2b: Milotic|79/100|[from] item: Leftovers\n|-fieldend|move: Trick Room\n|upkeep\n|turn|7\n|\n|t:|1776457754\n|switch|p1a: Charizard|Charizard, L50, M|100/100\n|move|p1b: Mamoswine|Icicle Crash|p2a: Julia Wolf\n|-damage|p2a: Julia Wolf|0 fnt\n|faint|p2a: Julia Wolf\n|move|p2b: Milotic|Icy Wind|p1b: Mamoswine|[spread] p1a,p1b\n|-crit|p1b: Mamoswine\n|-damage|p1a: Charizard|86/100\n|-damage|p1b: Mamoswine|77/100\n|-unboost|p1a: Charizard|spe|1\n|-unboost|p1b: Mamoswine|spe|1\n|\n|-heal|p2b: Milotic|85/100|[from] item: Leftovers\n|upkeep\n|\n|t:|1776457762\n|switch|p2a: Jolteon|Jolteon, L50, M|1/100\n|turn|8\n|\n|t:|1776457783\n|detailschange|p1a: Charizard|Charizard-Mega-Y, L50, M\n|-mega|p1a: Charizard|Charizard|Charizardite Y\n|-weather|SunnyDay|[from] ability: Drought|[of] p1a: Charizard\n|move|p2b: Milotic|Protect|p2b: Milotic\n|-singleturn|p2b: Milotic|Protect\n|move|p1b: Mamoswine|Ice Shard|p2a: Jolteon\n|-damage|p2a: Jolteon|0 fnt\n|faint|p2a: Jolteon\n|move|p1a: Charizard|Solar Beam||[still]\n|-prepare|p1a: Charizard|Solar Beam\n|-anim|p1a: Charizard|Solar Beam|p2b: Milotic\n|-activate|p2b: Milotic|move: Protect\n|\n|-weather|SunnyDay|[upkeep]\n|-heal|p2b: Milotic|91/100|[from] item: Leftovers\n|upkeep\n|turn|9\n|\n|t:|1776457796\n|move|p2b: Milotic|Scald|p1a: Charizard\n|-supereffective|p1a: Charizard|1\n|-crit|p1a: Charizard\n|-damage|p1a: Charizard|39/100\n|move|p1b: Mamoswine|High Horsepower|p2b: Milotic\n|-damage|p2b: Milotic|36/100\n|move|p1a: Charizard|Solar Beam||[still]\n|-prepare|p1a: Charizard|Solar Beam\n|-anim|p1a: Charizard|Solar Beam|p2b: Milotic\n|-supereffective|p2b: Milotic|1\n|-crit|p2b: Milotic\n|-damage|p2b: Milotic|0 fnt\n|faint|p2b: Milotic\n|\n|win|Quaza15\n|raw|Quaza15's rating: 1260 &rarr; <strong>1280</strong><br />(+20 for winning)\n|raw|2sweep4u's rating: 1189 &rarr; <strong>1169</strong><br />(-20 for losing)\n",
  "uploadtime": 1776457796,
  "views": 27,
  "formatid": "gen9championsvgc2026regma",
  "rating": 1169,
  "private": 0,
  "password": null
}