{
  "id": "gen9championsvgc2026regma-2584905592",
  "format": "[Gen 9 Champions] VGC 2026 Reg M-A",
  "players": [
    "ShaggyMetagross",
    "hazzshowdown"
  ],
  "log": "|j|\u2606ShaggyMetagross\n|j|\u2606hazzshowdown\n|t:|1776293270\n|gametype|doubles\n|player|p1|ShaggyMetagross|cyrus|1106\n|player|p2|hazzshowdown|102|1068\n|gen|9\n|tier|[Gen 9 Champions] VGC 2026 Reg M-A\n|rated|\n|rule|Species Clause: Limit one of each Pok\u00e9mon\n|rule|Item Clause: Limit 1 of each item\n|clearpoke\n|poke|p1|Pelipper, L50, F|\n|poke|p1|Basculegion-F, L50, F|\n|poke|p1|Scizor, L50, M|\n|poke|p1|Sinistcha, L50|\n|poke|p1|Sneasler, L50, F|\n|poke|p1|Rhyperior, L50, F|\n|poke|p2|Sinistcha, L50|\n|poke|p2|Starmie, L50|\n|poke|p2|Pelipper, L50, M|\n|poke|p2|Garchomp, L50, M|\n|poke|p2|Glimmora, L50, M|\n|poke|p2|Hatterene, L50, F|\n|teampreview|4\n|inactive|Battle timer is ON: inactive players will automatically lose when time's up. (requested by hazzshowdown)\n|\n|t:|1776293294\n|teamsize|p1|4\n|teamsize|p2|4\n|start\n|switch|p1a: Pelipper|Pelipper, L50, F, shiny|100/100\n|switch|p1b: Basculegion|Basculegion-F, L50, F|100/100\n|switch|p2a: Glimmora|Glimmora, L50, M|100/100\n|switch|p2b: Hatterene|Hatterene, L50, F|100/100\n|-weather|RainDance|[from] ability: Drizzle|[of] p1a: Pelipper\n|turn|1\n|\n|t:|1776293312\n|move|p2a: Glimmora|Protect|p2a: Glimmora\n|-singleturn|p2a: Glimmora|Protect\n|move|p1a: Pelipper|Wide Guard|p1a: Pelipper\n|-singleturn|p1a: Pelipper|Wide Guard\n|move|p1b: Basculegion|Muddy Water|p2a: Glimmora|[spread] \n|-activate|p2a: Glimmora|move: Protect\n|-miss|p1b: Basculegion|p2b: Hatterene\n|move|p2b: Hatterene|Reflect|p2b: Hatterene\n|-sidestart|p2: hazzshowdown|Reflect\n|\n|-weather|RainDance|[upkeep]\n|upkeep\n|turn|2\n|\n|t:|1776293334\n|move|p2a: Glimmora|Power Gem|p1a: Pelipper\n|-supereffective|p1a: Pelipper|1\n|-enditem|p1a: Pelipper|Focus Sash\n|-damage|p1a: Pelipper|1/100\n|move|p1a: Pelipper|Weather Ball|p2b: Hatterene\n|-damage|p2b: Hatterene|46/100\n|move|p1b: Basculegion|Muddy Water|p2a: Glimmora|[spread] p2b\n|-miss|p1b: Basculegion|p2a: Glimmora\n|-damage|p2b: Hatterene|0 fnt\n|faint|p2b: Hatterene\n|\n|-weather|RainDance|[upkeep]\n|upkeep\n|\n|t:|1776293351\n|switch|p2b: Sinistcha|Sinistcha, L50|100/100\n|turn|3\n|\n|t:|1776293370\n|move|p1a: Pelipper|Wide Guard|p1a: Pelipper\n|-singleturn|p1a: Pelipper|Wide Guard\n|move|p2a: Glimmora|Mortal Spin|p1a: Pelipper|[spread] \n|-activate|p1a: Pelipper|move: Wide Guard\n|-activate|p1b: Basculegion|move: Wide Guard\n|move|p1b: Basculegion|Muddy Water|p2b: Sinistcha|[spread] p2a\n|-miss|p1b: Basculegion|p2b: Sinistcha\n|-supereffective|p2a: Glimmora|1\n|-enditem|p2a: Glimmora|Focus Sash\n|-damage|p2a: Glimmora|1/100\n|move|p2b: Sinistcha|Matcha Gotcha|p1b: Basculegion|[spread] \n|-activate|p1a: Pelipper|move: Wide Guard\n|-activate|p1b: Basculegion|move: Wide Guard\n|\n|-weather|RainDance|[upkeep]\n|upkeep\n|turn|4\n|inactive|ShaggyMetagross has 30 seconds left.\n|inactive|ShaggyMetagross has 20 seconds left.\n|\n|t:|1776293414\n|move|p2a: Glimmora|Protect|p2a: Glimmora\n|-singleturn|p2a: Glimmora|Protect\n|move|p1a: Pelipper|Hurricane|p2b: Sinistcha\n|-supereffective|p2b: Sinistcha|1\n|-damage|p2b: Sinistcha|0 fnt\n|faint|p2b: Sinistcha\n|move|p1b: Basculegion|Muddy Water|p2a: Glimmora\n|-activate|p2a: Glimmora|move: Protect\n|\n|-weather|RainDance|[upkeep]\n|upkeep\n|\n|t:|1776293423\n|switch|p2b: Starmie|Starmie, L50|100/100\n|turn|5\n|\n|t:|1776293437\n|detailschange|p2b: Starmie|Starmie-Mega, L50\n|-mega|p2b: Starmie|Starmie|Starminite\n|move|p1a: Pelipper|Wide Guard|p1a: Pelipper\n|-singleturn|p1a: Pelipper|Wide Guard\n|move|p2b: Starmie|Zen Headbutt|p1b: Basculegion|[miss]\n|-miss|p2b: Starmie|p1b: Basculegion\n|move|p2a: Glimmora|Earth Power|p1b: Basculegion\n|-damage|p1b: Basculegion|69/100\n|move|p1b: Basculegion|Muddy Water|p2b: Starmie|[spread] p2a\n|-miss|p1b: Basculegion|p2b: Starmie\n|-supereffective|p2a: Glimmora|1\n|-damage|p2a: Glimmora|0 fnt\n|faint|p2a: Glimmora\n|\n|-weather|none\n|-sideend|p2: hazzshowdown|Reflect\n|upkeep\n|turn|6\n|inactive|ShaggyMetagross has 30 seconds left.\n|\n|t:|1776293464\n|switch|p1a: Scizor|Scizor, L50, M|100/100\n|move|p2b: Starmie|Zen Headbutt|p1b: Basculegion|[miss]\n|-miss|p2b: Starmie|p1b: Basculegion\n|move|p1b: Basculegion|Shadow Ball|p2b: Starmie\n|-supereffective|p2b: Starmie|1\n|-damage|p2b: Starmie|0 fnt\n|faint|p2b: Starmie\n|\n|win|ShaggyMetagross\n|raw|ShaggyMetagross's rating: 1106 &rarr; <strong>1128</strong><br />(+22 for winning)\n|raw|hazzshowdown's rating: 1068 &rarr; <strong>1050</strong><br />(-18 for losing)\n|l|\u2606hazzshowdown\n|player|p2|\n",
  "uploadtime": 1776293480,
  "views": 40,
  "formatid": "gen9championsvgc2026regma",
  "rating": 1050,
  "private": 0,
  "password": null
}