{
  "id": "gen9championsvgc2026regma-2586061884",
  "format": "[Gen 9 Champions] VGC 2026 Reg M-A",
  "players": [
    "justdandyguy",
    "turn9Protect"
  ],
  "log": "|j|\u2606justdandyguy\n|j|\u2606turn9Protect\n|t:|1776394957\n|gametype|doubles\n|player|p1|justdandyguy|noland-gen3|1312\n|player|p2|turn9Protect|iris|1223\n|gen|9\n|tier|[Gen 9 Champions] VGC 2026 Reg M-A\n|rated|\n|rule|Species Clause: Limit one of each Pok\u00e9mon\n|rule|Item Clause: Limit 1 of each item\n|clearpoke\n|poke|p1|Hydreigon, L50, M|\n|poke|p1|Mamoswine, L50, M|\n|poke|p1|Ninetales-Alola, L50, M|\n|poke|p1|Salazzle, L50, F|\n|poke|p1|Clefable, L50, M|\n|poke|p1|Basculegion, L50, M|\n|poke|p2|Garchomp, L50, F|\n|poke|p2|Rotom-Wash, L50|\n|poke|p2|Aegislash, L50, F|\n|poke|p2|Whimsicott, L50, F|\n|poke|p2|Charizard, L50, F|\n|poke|p2|Archaludon, L50, M|\n|teampreview|4\nturn9Protect has agreed to open team sheets.\n|\n|t:|1776394988\n|teamsize|p1|4\n|teamsize|p2|4\n|start\n|switch|p1a: Hydreigon|Hydreigon, L50, M|100/100\n|switch|p1b: Salazzle|Salazzle, L50, F|100/100\n|switch|p2a: Whimsicott|Whimsicott, L50, F|100/100\n|switch|p2b: Charizard|Charizard, L50, F|100/100\n|turn|1\n|inactive|Battle timer is ON: inactive players will automatically lose when time's up. (requested by justdandyguy)\n|\n|t:|1776395025\n|detailschange|p2b: Charizard|Charizard-Mega-Y, L50, F\n|-mega|p2b: Charizard|Charizard|Charizardite Y\n|-weather|SunnyDay|[from] ability: Drought|[of] p2b: Charizard\n|move|p1b: Salazzle|Fake Out|p2a: Whimsicott\n|-damage|p2a: Whimsicott|93/100\n|cant|p2a: Whimsicott|flinch\n|move|p2b: Charizard|Weather Ball|p1b: Salazzle\n|-resisted|p1b: Salazzle|1\n|-damage|p1b: Salazzle|5/100\n|move|p1a: Hydreigon|Flamethrower|p2a: Whimsicott\n|-supereffective|p2a: Whimsicott|1\n|-damage|p2a: Whimsicott|0 fnt\n|faint|p2a: Whimsicott\n|\n|-weather|SunnyDay|[upkeep]\n|upkeep\n|\n|t:|1776395041\n|switch|p2a: Garchomp|Garchomp, L50, F|100/100\n|turn|2\n|\n|t:|1776395055\n|move|p1b: Salazzle|Dragon Cheer|p1a: Hydreigon\n|-start|p1a: Hydreigon|move: Dragon Cheer\n|move|p2a: Garchomp|Swords Dance|p2a: Garchomp\n|-boost|p2a: Garchomp|atk|2\n|move|p2b: Charizard|Heat Wave|p1a: Hydreigon|[spread] p1a,p1b\n|-resisted|p1a: Hydreigon|1\n|-resisted|p1b: Salazzle|1\n|-damage|p1a: Hydreigon|63/100\n|-damage|p1b: Salazzle|0 fnt\n|faint|p1b: Salazzle\n|move|p1a: Hydreigon|Draco Meteor|p2a: Garchomp\n|-supereffective|p2a: Garchomp|1\n|-crit|p2a: Garchomp\n|-damage|p2a: Garchomp|0 fnt\n|-unboost|p1a: Hydreigon|spa|2\n|faint|p2a: Garchomp\n|\n|-weather|SunnyDay|[upkeep]\n|upkeep\n|\n|t:|1776395066\n|switch|p1b: Clefable|Clefable, L50, M|100/100\n|switch|p2a: Rotom|Rotom-Wash, L50|100/100\n|turn|3\n|\n|t:|1776395080\n|detailschange|p1b: Clefable|Clefable-Mega, L50, M\n|-mega|p1b: Clefable|Clefable|Clefablite\n|move|p2b: Charizard|Weather Ball|p1a: Hydreigon\n|-resisted|p1a: Hydreigon|1\n|-damage|p1a: Hydreigon|13/100\n|move|p1a: Hydreigon|Draco Meteor|p2a: Rotom\n|-crit|p2a: Rotom\n|-damage|p2a: Rotom|11/100\n|-unboost|p1a: Hydreigon|spa|2\n|-enditem|p2a: Rotom|Sitrus Berry|[eat]\n|-heal|p2a: Rotom|36/100|[from] item: Sitrus Berry\n|move|p2a: Rotom|Volt Switch|p1a: Hydreigon\n|-resisted|p1a: Hydreigon|1\n|-damage|p1a: Hydreigon|2/100\n|move|p1b: Clefable|Icy Wind|p2a: Rotom|[spread] p2a,p2b\n|-resisted|p2a: Rotom|1\n|-damage|p2a: Rotom|30/100\n|-damage|p2b: Charizard|88/100\n|-unboost|p2a: Rotom|spe|1\n|-unboost|p2b: Charizard|spe|1\n|\n|-weather|SunnyDay|[upkeep]\n|upkeep\n|turn|4\n|\n|t:|1776395100\n|move|p2b: Charizard|Protect|p2b: Charizard\n|-singleturn|p2b: Charizard|Protect\n|move|p1b: Clefable|Follow Me|p1b: Clefable\n|-singleturn|p1b: Clefable|move: Follow Me\n|move|p1a: Hydreigon|Dark Pulse|p2b: Charizard\n|-activate|p2b: Charizard|move: Protect\n|move|p2a: Rotom|Volt Switch|p1b: Clefable\n|-supereffective|p1b: Clefable|1\n|-damage|p1b: Clefable|63/100\n|\n|-weather|SunnyDay|[upkeep]\n|upkeep\n|turn|5\n|\n|t:|1776395107\n|move|p1b: Clefable|Follow Me|p1b: Clefable\n|-singleturn|p1b: Clefable|move: Follow Me\n|move|p1a: Hydreigon|Draco Meteor|p2b: Charizard\n|-crit|p2b: Charizard\n|-damage|p2b: Charizard|0 fnt\n|-unboost|p1a: Hydreigon|spa|2\n|faint|p2b: Charizard\n|move|p2a: Rotom|Volt Switch|p1b: Clefable\n|-supereffective|p1b: Clefable|1\n|-damage|p1b: Clefable|27/100\n|\n|-weather|none\n|upkeep\n|turn|6\n|-message|turn9Protect forfeited.\n|\n|win|justdandyguy\n|raw|justdandyguy's rating: 1312 &rarr; <strong>1327</strong><br />(+15 for winning)\n|raw|turn9Protect's rating: 1223 &rarr; <strong>1204</strong><br />(-19 for losing)\n|l|\u2606turn9Protect\n|player|p2|\n",
  "uploadtime": 1776395122,
  "views": 22,
  "formatid": "gen9championsvgc2026regma",
  "rating": 1204,
  "private": 0,
  "password": null
}