{
  "id": "gen9championsvgc2026regma-2585286265",
  "format": "[Gen 9 Champions] VGC 2026 Reg M-A",
  "players": [
    "Munchlaxxxed",
    "jjkko"
  ],
  "log": "|j|\u2606Munchlaxxxed\n|j|\u2606jjkko\n|t:|1776333934\n|gametype|doubles\n|player|p1|Munchlaxxxed|170|1326\n|player|p2|jjkko|101|1314\n|gen|9\n|tier|[Gen 9 Champions] VGC 2026 Reg M-A\n|rated|\n|rule|Species Clause: Limit one of each Pok\u00e9mon\n|rule|Item Clause: Limit 1 of each item\n|clearpoke\n|poke|p1|Aerodactyl, L50, F|\n|poke|p1|Charizard, L50, F|\n|poke|p1|Venusaur, L50, F|\n|poke|p1|Aegislash, L50, M|\n|poke|p1|Sneasler, L50, F|\n|poke|p1|Milotic, L50, F|\n|poke|p2|Aerodactyl, L50, M|\n|poke|p2|Scovillain, L50, M|\n|poke|p2|Aegislash, L50, M|\n|poke|p2|Floette-Eternal, L50, F|\n|poke|p2|Incineroar, L50, F|\n|poke|p2|Sneasler, L50, M|\n|teampreview|4\n|\n|t:|1776333970\n|teamsize|p1|4\n|teamsize|p2|4\n|start\n|switch|p1a: Sneasler|Sneasler, L50, F|100/100\n|switch|p1b: Aerodactyl|Aerodactyl, L50, F|100/100\n|switch|p2a: Aerodactyl|Aerodactyl, L50, M|100/100\n|switch|p2b: Incineroar|Incineroar, L50, F|100/100\n|-ability|p2a: Aerodactyl|Unnerve\n|-ability|p2b: Incineroar|Intimidate|boost\n|-unboost|p1a: Sneasler|atk|1\n|-unboost|p1b: Aerodactyl|atk|1\n|-enditem|p1a: Sneasler|White Herb\n|-clearnegativeboost|p1a: Sneasler|[silent]\n|turn|1\n|\n|t:|1776333988\n|move|p2a: Aerodactyl|Protect|p2a: Aerodactyl\n|-singleturn|p2a: Aerodactyl|Protect\n|move|p1a: Sneasler|Fake Out|p2a: Aerodactyl\n|-activate|p2a: Aerodactyl|move: Protect\n|move|p1b: Aerodactyl|Tailwind|p1b: Aerodactyl\n|-sidestart|p1: Munchlaxxxed|move: Tailwind\n|move|p2b: Incineroar|Parting Shot|p1a: Sneasler\n|-unboost|p1a: Sneasler|atk|1\n|-unboost|p1a: Sneasler|spa|1\n|\n|t:|1776333994\n|switch|p2b: Sneasler|Sneasler, L50, M|100/100|[from] Parting Shot\n|\n|upkeep\n|turn|2\n|\n|t:|1776334004\n|switch|p1a: Aegislash|Aegislash, L50, M|100/100\n|move|p2b: Sneasler|Fake Out|p1b: Aerodactyl\n|-resisted|p1b: Aerodactyl|1\n|-damage|p1b: Aerodactyl|89/100\n|cant|p1b: Aerodactyl|flinch\n|move|p2a: Aerodactyl|Dual Wingbeat|p1a: Aegislash\n|-resisted|p1a: Aegislash|1\n|-damage|p1a: Aegislash|92/100\n|-resisted|p1a: Aegislash|1\n|-damage|p1a: Aegislash|85/100\n|-hitcount|p1a: Aegislash|2\n|\n|upkeep\n|turn|3\n|\n|t:|1776334015\n|switch|p2b: Incineroar|Incineroar, L50, F|100/100\n|-ability|p2b: Incineroar|Intimidate|boost\n|-unboost|p1a: Aegislash|atk|1\n|-unboost|p1b: Aerodactyl|atk|1\n|move|p2a: Aerodactyl|Protect|p2a: Aerodactyl\n|-singleturn|p2a: Aerodactyl|Protect\n|move|p1b: Aerodactyl|Dual Wingbeat|p2b: Incineroar|[miss]\n|-miss|p1b: Aerodactyl|p2b: Incineroar\n|-formechange|p1a: Aegislash|Aegislash-Blade|\n|move|p1a: Aegislash|Iron Head|p2a: Aerodactyl\n|-activate|p2a: Aerodactyl|move: Protect\n|\n|upkeep\n|turn|4\n|\n|t:|1776334030\n|-formechange|p1a: Aegislash|Aegislash|\n|move|p1a: Aegislash|King's Shield|p1a: Aegislash\n|-singleturn|p1a: Aegislash|Protect\n|move|p1b: Aerodactyl|Rock Slide|p2a: Aerodactyl|[spread] p2b\n|-miss|p1b: Aerodactyl|p2a: Aerodactyl\n|-supereffective|p2b: Incineroar|1\n|-damage|p2b: Incineroar|80/100\n|move|p2a: Aerodactyl|Tailwind|p2a: Aerodactyl\n|-sidestart|p2: jjkko|move: Tailwind\n|move|p2b: Incineroar|Parting Shot|p1a: Aegislash\n|-unboost|p1a: Aegislash|atk|1\n|-unboost|p1a: Aegislash|spa|1\n|\n|t:|1776334042\n|switch|p2b: Floette|Floette-Eternal, L50, F|100/100|[from] Parting Shot\n|\n|-sideend|p1: Munchlaxxxed|move: Tailwind\n|upkeep\n|turn|5\n|\n|t:|1776334050\n|switch|p2a: Incineroar|Incineroar, L50, F|80/100\n|-ability|p2a: Incineroar|Intimidate|boost\n|-unboost|p1a: Aegislash|atk|1\n|-unboost|p1b: Aerodactyl|atk|1\n|switch|p1a: Sneasler|Sneasler, L50, F|100/100\n|detailschange|p2b: Floette|Floette-Mega, L50, F\n|-mega|p2b: Floette|Floette|Floettite\n|-ability|p2b: Floette|Fairy Aura\n|move|p2b: Floette|Calm Mind|p2b: Floette\n|-boost|p2b: Floette|spa|1\n|-boost|p2b: Floette|spd|1\n|move|p1b: Aerodactyl|Tailwind|p1b: Aerodactyl\n|-sidestart|p1: Munchlaxxxed|move: Tailwind\n|\n|upkeep\n|turn|6\n|\n|t:|1776334076\n|switch|p1b: Charizard|Charizard, L50, F|100/100\n|move|p2b: Floette|Protect|p2b: Floette\n|-singleturn|p2b: Floette|Protect\n|move|p1a: Sneasler|Fake Out|p2b: Floette\n|-activate|p2b: Floette|move: Protect\n|move|p2a: Incineroar|Fake Out|p1b: Charizard\n|-damage|p1b: Charizard|85/100\n|\n|upkeep\n|turn|7\n|\n|t:|1776334100\n|detailschange|p1b: Charizard|Charizard-Mega-Y, L50, F\n|-mega|p1b: Charizard|Charizard|Charizardite Y\n|-weather|SunnyDay|[from] ability: Drought|[of] p1b: Charizard\n|move|p1a: Sneasler|Acid Spray|p2b: Floette\n|-supereffective|p2b: Floette|1\n|-damage|p2b: Floette|94/100\n|-unboost|p2b: Floette|spd|2\n|move|p1b: Charizard|Fire Blast|p2b: Floette\n|-damage|p2b: Floette|0 fnt\n|faint|p2b: Floette\n|move|p2a: Incineroar|Parting Shot|p1b: Charizard\n|-unboost|p1b: Charizard|atk|1\n|-unboost|p1b: Charizard|spa|1\n|\n|t:|1776334110\n|switch|p2a: Aerodactyl|Aerodactyl, L50, M|100/100|[from] Parting Shot\n|-ability|p2a: Aerodactyl|Unnerve\n|\n|-weather|SunnyDay|[upkeep]\n|-sideend|p2: jjkko|move: Tailwind\n|upkeep\n|\n|t:|1776334112\n|switch|p2b: Incineroar|Incineroar, L50, F|80/100\n|-ability|p2b: Incineroar|Intimidate|boost\n|-unboost|p1a: Sneasler|atk|1\n|-unboost|p1b: Charizard|atk|1\n|turn|8\n|\n|t:|1776334122\n|move|p1b: Charizard|Protect|p1b: Charizard\n|-singleturn|p1b: Charizard|Protect\n|move|p2b: Incineroar|Fake Out|p1a: Sneasler\n|-damage|p1a: Sneasler|81/100\n|cant|p1a: Sneasler|flinch\n|move|p2a: Aerodactyl|Tailwind|p2a: Aerodactyl\n|-sidestart|p2: jjkko|move: Tailwind\n|\n|-weather|SunnyDay|[upkeep]\n|-sideend|p1: Munchlaxxxed|move: Tailwind\n|upkeep\n|turn|9\n|\n|t:|1776334138\n|switch|p1b: Aegislash|Aegislash, L50, M|85/100\n|move|p2a: Aerodactyl|Rock Slide|p1a: Sneasler|[spread] p1a,p1b\n|-resisted|p1a: Sneasler|1\n|-resisted|p1b: Aegislash|1\n|-crit|p1b: Aegislash\n|-damage|p1a: Sneasler|62/100\n|-damage|p1b: Aegislash|70/100\n|move|p1a: Sneasler|Close Combat|p2b: Incineroar\n|-supereffective|p2b: Incineroar|1\n|-damage|p2b: Incineroar|14/100\n|-unboost|p1a: Sneasler|def|1\n|-unboost|p1a: Sneasler|spd|1\n|-enditem|p2b: Incineroar|Sitrus Berry|[eat]\n|-heal|p2b: Incineroar|39/100|[from] item: Sitrus Berry\n|move|p2b: Incineroar|Flare Blitz|p1a: Sneasler\n|-damage|p1a: Sneasler|0 fnt\n|faint|p1a: Sneasler\n|-damage|p2b: Incineroar|23/100|[from] Recoil\n|\n|-weather|SunnyDay|[upkeep]\n|upkeep\n|\n|t:|1776334150\n|switch|p1a: Aerodactyl|Aerodactyl, L50, F|89/100\n|turn|10\n|\n|t:|1776334167\n|switch|p2b: Sneasler|Sneasler, L50, M|100/100\n|move|p2a: Aerodactyl|Rock Slide|p1a: Aerodactyl|[spread] p1a,p1b\n|-supereffective|p1a: Aerodactyl|1\n|-resisted|p1b: Aegislash|1\n|-damage|p1a: Aerodactyl|13/100\n|-damage|p1b: Aegislash|60/100\n|move|p1a: Aerodactyl|Tailwind|p1a: Aerodactyl\n|-sidestart|p1: Munchlaxxxed|move: Tailwind\n|-formechange|p1b: Aegislash|Aegislash-Blade|\n|move|p1b: Aegislash|Iron Head|p2a: Aerodactyl\n|-supereffective|p2a: Aerodactyl|1\n|-enditem|p2a: Aerodactyl|Focus Sash\n|-damage|p2a: Aerodactyl|1/100\n|\n|-weather|SunnyDay|[upkeep]\n|upkeep\n|turn|11\n|-message|jjkko forfeited.\n|\n|win|Munchlaxxxed\n|raw|Munchlaxxxed's rating: 1326 &rarr; <strong>1345</strong><br />(+19 for winning)\n|raw|jjkko's rating: 1314 &rarr; <strong>1295</strong><br />(-19 for losing)\n",
  "uploadtime": 1776334188,
  "views": 27,
  "formatid": "gen9championsvgc2026regma",
  "rating": 1295,
  "private": 0,
  "password": null
}