{
  "id": "gen9championsvgc2026regma-2585957933",
  "format": "[Gen 9 Champions] VGC 2026 Reg M-A",
  "players": [
    "SrLitoo",
    "scimi"
  ],
  "log": "|j|\u2606SrLitoo\n|j|\u2606scimi\n|t:|1776385063\n|gametype|doubles\n|player|p1|SrLitoo|170|1097\n|player|p2|scimi|acetrainersnow|1149\n|gen|9\n|tier|[Gen 9 Champions] VGC 2026 Reg M-A\n|rated|\n|rule|Species Clause: Limit one of each Pok\u00e9mon\n|rule|Item Clause: Limit 1 of each item\n|clearpoke\n|poke|p1|Aggron, L50, M|\n|poke|p1|Sinistcha, L50|\n|poke|p1|Incineroar, L50, M|\n|poke|p1|Dragonite, L50, M|\n|poke|p1|Milotic, L50, F|\n|poke|p1|Vivillon, L50, M|\n|poke|p2|Blastoise, L50, M|\n|poke|p2|Sinistcha-Masterpiece, L50|\n|poke|p2|Ninetales-Alola, L50, F|\n|poke|p2|Corviknight, L50, M|\n|poke|p2|Hydreigon, L50, M|\n|poke|p2|Arcanine-Hisui, L50, F|\n|teampreview|4\n|inactive|Battle timer is ON: inactive players will automatically lose when time's up. (requested by scimi)\n|\n|t:|1776385110\n|teamsize|p1|4\n|teamsize|p2|4\n|start\n|switch|p1a: Vivillon|Vivillon, L50, M|100/100\n|switch|p1b: Dragonite|Dragonite, L50, M|100/100\n|switch|p2a: Tiedeman|Blastoise, L50, M, shiny|100/100\n|switch|p2b: Ninetales|Ninetales-Alola, L50, F|100/100\n|-weather|Snowscape|[from] ability: Snow Warning|[of] p2b: Ninetales\n|turn|1\n|\n|t:|1776385132\n|switch|p1b: Milotic|Milotic, L50, F|100/100\n|detailschange|p2a: Tiedeman|Blastoise-Mega, L50, M, shiny\n|-mega|p2a: Tiedeman|Blastoise|Blastoisinite\n|move|p2b: Ninetales|Aurora Veil|p2b: Ninetales\n|-sidestart|p2: scimi|move: Aurora Veil\n|move|p1a: Vivillon|Tailwind|p1a: Vivillon\n|-sidestart|p1: SrLitoo|move: Tailwind\n|move|p2a: Tiedeman|Blizzard|p1b: Milotic|[spread] p1a,p1b\n|-supereffective|p1a: Vivillon|1\n|-resisted|p1b: Milotic|1\n|-enditem|p1a: Vivillon|Focus Sash\n|-damage|p1a: Vivillon|1/100\n|-damage|p1b: Milotic|89/100\n|\n|-weather|Snowscape|[upkeep]\n|upkeep\n|turn|2\n|inactive|SrLitoo has 30 seconds left.\n|inactive|scimi has 30 seconds left.\n|\n|t:|1776385163\n|move|p1a: Vivillon|Stun Spore|p2a: Tiedeman\n|-status|p2a: Tiedeman|par\n|move|p1b: Milotic|Scald|p2b: Ninetales\n|-damage|p2b: Ninetales|78/100\n|move|p2b: Ninetales|Freeze-Dry|p1b: Milotic\n|-supereffective|p1b: Milotic|1\n|-damage|p1b: Milotic|58/100\n|move|p2a: Tiedeman|Shell Smash|p2a: Tiedeman\n|-unboost|p2a: Tiedeman|def|1\n|-unboost|p2a: Tiedeman|spd|1\n|-boost|p2a: Tiedeman|atk|2\n|-boost|p2a: Tiedeman|spa|2\n|-boost|p2a: Tiedeman|spe|2\n|\n|-weather|Snowscape|[upkeep]\n|upkeep\n|turn|3\n|\n|t:|1776385184\n|move|p1a: Vivillon|Hurricane|p2a: Tiedeman\n|-damage|p2a: Tiedeman|58/100 par\n|move|p1b: Milotic|Scald|p2a: Tiedeman\n|-resisted|p2a: Tiedeman|1\n|-damage|p2a: Tiedeman|41/100 par\n|move|p2b: Ninetales|Freeze-Dry|p1b: Milotic\n|-supereffective|p1b: Milotic|1\n|-damage|p1b: Milotic|28/100\n|-enditem|p1b: Milotic|Sitrus Berry|[eat]\n|-heal|p1b: Milotic|52/100|[from] item: Sitrus Berry\n|move|p2a: Tiedeman|Shell Smash|p2a: Tiedeman\n|-unboost|p2a: Tiedeman|def|1\n|-unboost|p2a: Tiedeman|spd|1\n|-boost|p2a: Tiedeman|atk|2\n|-boost|p2a: Tiedeman|spa|2\n|-boost|p2a: Tiedeman|spe|2\n|\n|-weather|Snowscape|[upkeep]\n|upkeep\n|turn|4\n|inactive|scimi has 30 seconds left.\n|\n|t:|1776385210\n|switch|p1b: Incineroar|Incineroar, L50, M|100/100\n|-ability|p1b: Incineroar|Intimidate|boost\n|-unboost|p2a: Tiedeman|atk|1\n|-unboost|p2b: Ninetales|atk|1\n|move|p2a: Tiedeman|Protect|p2a: Tiedeman\n|-singleturn|p2a: Tiedeman|Protect\n|move|p1a: Vivillon|Hurricane|p2a: Tiedeman\n|-activate|p2a: Tiedeman|move: Protect\n|move|p2b: Ninetales|Freeze-Dry|p1b: Incineroar\n|-resisted|p1b: Incineroar|1\n|-damage|p1b: Incineroar|90/100\n|\n|-weather|Snowscape|[upkeep]\n|-sideend|p1: SrLitoo|move: Tailwind\n|upkeep\n|turn|5\n|\n|t:|1776385233\n|move|p1b: Incineroar|Fake Out|p2b: Ninetales\n|-damage|p2b: Ninetales|70/100\n|cant|p2b: Ninetales|flinch\n|move|p2a: Tiedeman|Water Spout|p1a: Vivillon|[spread] p1a,p1b\n|-supereffective|p1b: Incineroar|1\n|-damage|p1a: Vivillon|0 fnt\n|-damage|p1b: Incineroar|0 fnt\n|faint|p1a: Vivillon\n|faint|p1b: Incineroar\n|\n|-weather|none\n|-sideend|p2: scimi|move: Aurora Veil\n|upkeep\n|\n|t:|1776385250\n|switch|p1a: Milotic|Milotic, L50, F|52/100\n|switch|p1b: Dragonite|Dragonite, L50, M|100/100\n|turn|6\n|inactive|scimi has 30 seconds left.\n|\n|t:|1776385283\n|switch|p2b: Corviknight|Corviknight, L50, M|100/100\n|switch|p2a: Sinistcha|Sinistcha-Masterpiece, L50|100/100\n|detailschange|p1b: Dragonite|Dragonite-Mega, L50, M\n|-mega|p1b: Dragonite|Dragonite|Dragoninite\n|move|p1b: Dragonite|Dragon Pulse|p2a: Sinistcha\n|-damage|p2a: Sinistcha|63/100\n|move|p1a: Milotic|Scald|p2a: Sinistcha\n|-resisted|p2a: Sinistcha|1\n|-damage|p2a: Sinistcha|45/100\n|-enditem|p2a: Sinistcha|Sitrus Berry|[eat]\n|-heal|p2a: Sinistcha|70/100|[from] item: Sitrus Berry\n|\n|upkeep\n|turn|7\n|inactive|scimi has 30 seconds left.\n|\n|t:|1776385315\n|move|p1b: Dragonite|Fire Spin|p2b: Corviknight\n|-supereffective|p2b: Corviknight|1\n|-damage|p2b: Corviknight|83/100\n|-activate|p2b: Corviknight|move: Fire Spin|[of] p1b: Dragonite\n|move|p1a: Milotic|Ice Beam|p2a: Sinistcha\n|-supereffective|p2a: Sinistcha|1\n|-damage|p2a: Sinistcha|17/100\n|move|p2a: Sinistcha|Life Dew|p2a: Sinistcha|[spread] p2a,p2b\n|-heal|p2a: Sinistcha|43/100\n|-heal|p2b: Corviknight|100/100\n|move|p2b: Corviknight|Bulk Up|p2b: Corviknight\n|-boost|p2b: Corviknight|atk|1\n|-boost|p2b: Corviknight|def|1\n|\n|-damage|p2b: Corviknight|88/100|[from] move: Fire Spin|[partiallytrapped]\n|upkeep\n|turn|8\n|inactive|SrLitoo has 30 seconds left.\n|inactive|scimi has 30 seconds left.\n|\n|t:|1776385343\n|switch|p2a: Tiedeman|Blastoise-Mega, L50, M, shiny|41/100 par\n|move|p1b: Dragonite|Fire Spin|p2a: Tiedeman\n|-resisted|p2a: Tiedeman|1\n|-damage|p2a: Tiedeman|36/100 par\n|-activate|p2a: Tiedeman|move: Fire Spin|[of] p1b: Dragonite\n|move|p1a: Milotic|Recover|p1a: Milotic\n|-heal|p1a: Milotic|100/100\n|move|p2b: Corviknight|Tailwind|p2b: Corviknight\n|-sidestart|p2: scimi|move: Tailwind\n|\n|-heal|p2b: Corviknight|94/100|[from] item: Leftovers\n|-damage|p2b: Corviknight|82/100|[from] move: Fire Spin|[partiallytrapped]\n|-damage|p2a: Tiedeman|23/100 par|[from] move: Fire Spin|[partiallytrapped]\n|upkeep\n|turn|9\n|inactive|SrLitoo has 30 seconds left.\n|\n|t:|1776385369\n|move|p2b: Corviknight|Bulk Up|p2b: Corviknight\n|-boost|p2b: Corviknight|atk|1\n|-boost|p2b: Corviknight|def|1\n|move|p1b: Dragonite|Dragon Pulse|p2b: Corviknight\n|-resisted|p2b: Corviknight|1\n|-damage|p2b: Corviknight|67/100\n|move|p2a: Tiedeman|Blizzard|p1a: Milotic|[spread] p1a,p1b\n|-resisted|p1a: Milotic|1\n|-supereffective|p1b: Dragonite|2\n|-damage|p1a: Milotic|90/100\n|-damage|p1b: Dragonite|50/100\n|move|p1a: Milotic|Scald|p2b: Corviknight\n|-damage|p2b: Corviknight|40/100\n|\n|-heal|p2b: Corviknight|46/100|[from] item: Leftovers\n|-damage|p2b: Corviknight|34/100|[from] move: Fire Spin|[partiallytrapped]\n|-damage|p2a: Tiedeman|11/100 par|[from] move: Fire Spin|[partiallytrapped]\n|upkeep\n|turn|10\n|inactive|scimi has 30 seconds left.\n|\n|t:|1776385401\n|move|p1b: Dragonite|Protect|p1b: Dragonite\n|-singleturn|p1b: Dragonite|Protect\n|move|p1a: Milotic|Protect|p1a: Milotic\n|-singleturn|p1a: Milotic|Protect\n|move|p2b: Corviknight|Iron Head|p1b: Dragonite\n|-activate|p1b: Dragonite|move: Protect\n|move|p2a: Tiedeman|Blizzard|p1b: Dragonite|[spread] \n|-activate|p1a: Milotic|move: Protect\n|-activate|p1b: Dragonite|move: Protect\n|\n|-heal|p2b: Corviknight|40/100|[from] item: Leftovers\n|-damage|p2b: Corviknight|27/100|[from] move: Fire Spin|[partiallytrapped]\n|-damage|p2a: Tiedeman|0 fnt|[from] move: Fire Spin|[partiallytrapped]\n|faint|p2a: Tiedeman\n|upkeep\n|\n|t:|1776385418\n|switch|p2a: Sinistcha|Sinistcha-Masterpiece, L50|43/100\n|-heal|p2b: Corviknight|52/100|[from] ability: Hospitality|[of] p2a: Sinistcha\n|turn|11\n|\n|t:|1776385427\n|move|p2a: Sinistcha|Matcha Gotcha|p1b: Dragonite|[spread] p1a,p1b\n|-supereffective|p1a: Milotic|1\n|-resisted|p1b: Dragonite|2\n|-damage|p1a: Milotic|56/100\n|-heal|p2a: Sinistcha|62/100|[from] drain|[of] p1a: Milotic\n|-damage|p1b: Dragonite|46/100\n|-heal|p2a: Sinistcha|64/100|[from] drain|[of] p1b: Dragonite\n|move|p2b: Corviknight|Iron Head|p1b: Dragonite\n|-damage|p1b: Dragonite|13/100\n|move|p1b: Dragonite|Roost|p1b: Dragonite\n|-heal|p1b: Dragonite|63/100\n|-singleturn|p1b: Dragonite|move: Roost\n|move|p1a: Milotic|Ice Beam|p2a: Sinistcha\n|-supereffective|p2a: Sinistcha|1\n|-damage|p2a: Sinistcha|18/100\n|\n|-heal|p2b: Corviknight|58/100|[from] item: Leftovers\n|-end|p2b: Corviknight|Fire Spin|[partiallytrapped]\n|-sideend|p2: scimi|move: Tailwind\n|upkeep\n|turn|12\n|inactive|SrLitoo has 30 seconds left.\n|\n|t:|1776385457\n|move|p2a: Sinistcha|Protect|p2a: Sinistcha\n|-singleturn|p2a: Sinistcha|Protect\n|move|p1b: Dragonite|Fire Spin|p2b: Corviknight\n|-supereffective|p2b: Corviknight|1\n|-damage|p2b: Corviknight|40/100\n|-activate|p2b: Corviknight|move: Fire Spin|[of] p1b: Dragonite\n|move|p1a: Milotic|Recover|p1a: Milotic\n|-heal|p1a: Milotic|100/100\n|move|p2b: Corviknight|Tailwind|p2b: Corviknight\n|-sidestart|p2: scimi|move: Tailwind\n|\n|-heal|p2b: Corviknight|45/100|[from] item: Leftovers\n|-damage|p2b: Corviknight|33/100|[from] move: Fire Spin|[partiallytrapped]\n|upkeep\n|turn|13\n|\n|t:|1776385478\n|move|p2a: Sinistcha|Life Dew|p2a: Sinistcha|[spread] p2a,p2b\n|-heal|p2a: Sinistcha|43/100\n|-heal|p2b: Corviknight|58/100\n|move|p2b: Corviknight|Iron Head|p1b: Dragonite\n|-damage|p1b: Dragonite|25/100\n|move|p1b: Dragonite|Roost|p1b: Dragonite\n|-heal|p1b: Dragonite|75/100\n|-singleturn|p1b: Dragonite|move: Roost\n|move|p1a: Milotic|Ice Beam|p2a: Sinistcha\n|-supereffective|p2a: Sinistcha|1\n|-damage|p2a: Sinistcha|0 fnt\n|faint|p2a: Sinistcha\n|\n|-heal|p2b: Corviknight|64/100|[from] item: Leftovers\n|-damage|p2b: Corviknight|52/100|[from] move: Fire Spin|[partiallytrapped]\n|upkeep\n|\n|t:|1776385496\n|switch|p2a: Ninetales|Ninetales-Alola, L50, F|70/100\n|-weather|Snowscape|[from] ability: Snow Warning|[of] p2a: Ninetales\n|turn|14\n|\n|t:|1776385513\n|move|p1b: Dragonite|Protect|p1b: Dragonite\n|-singleturn|p1b: Dragonite|Protect\n|move|p2a: Ninetales|Aurora Veil|p2a: Ninetales\n|-sidestart|p2: scimi|move: Aurora Veil\n|move|p2b: Corviknight|Body Press|p1a: Milotic\n|-damage|p1a: Milotic|67/100\n|move|p1a: Milotic|Scald|p2a: Ninetales\n|-damage|p2a: Ninetales|47/100\n|-status|p2a: Ninetales|brn\n|\n|-weather|Snowscape|[upkeep]\n|-heal|p2b: Corviknight|58/100|[from] item: Leftovers\n|-damage|p2a: Ninetales|40/100 brn|[from] brn\n|-damage|p2b: Corviknight|45/100|[from] move: Fire Spin|[partiallytrapped]\n|upkeep\n|turn|15\n|\n|t:|1776385534\n|move|p2a: Ninetales|Blizzard|p1b: Dragonite|[spread] p1a,p1b\n|-resisted|p1a: Milotic|1\n|-supereffective|p1b: Dragonite|2\n|-damage|p1a: Milotic|58/100\n|-damage|p1b: Dragonite|0 fnt\n|faint|p1b: Dragonite\n|move|p2b: Corviknight|Body Press|p1a: Milotic\n|-damage|p1a: Milotic|23/100\n|move|p1a: Milotic|Recover|p1a: Milotic\n|-heal|p1a: Milotic|73/100\n|\n|-weather|Snowscape|[upkeep]\n|-heal|p2b: Corviknight|51/100|[from] item: Leftovers\n|-damage|p2a: Ninetales|34/100 brn|[from] brn\n|-end|p2b: Corviknight|Fire Spin|[partiallytrapped]|[silent]\n|-sideend|p2: scimi|move: Tailwind\n|upkeep\n|turn|16\n|\n|t:|1776385556\n|move|p2a: Ninetales|Freeze-Dry|p1a: Milotic\n|-supereffective|p1a: Milotic|1\n|-damage|p1a: Milotic|41/100\n|move|p1a: Milotic|Recover|p1a: Milotic\n|-heal|p1a: Milotic|91/100\n|move|p2b: Corviknight|Body Press|p1a: Milotic\n|-damage|p1a: Milotic|52/100\n|\n|-weather|Snowscape|[upkeep]\n|-heal|p2b: Corviknight|57/100|[from] item: Leftovers\n|-damage|p2a: Ninetales|28/100 brn|[from] brn\n|upkeep\n|turn|17\n|inactive|scimi has 30 seconds left.\n|\n|t:|1776385588\n|move|p1a: Milotic|Protect|p1a: Milotic\n|-singleturn|p1a: Milotic|Protect\n|move|p2a: Ninetales|Encore|p1a: Milotic\n|-activate|p1a: Milotic|move: Protect\n|move|p2b: Corviknight|Bulk Up|p2b: Corviknight\n|-boost|p2b: Corviknight|atk|1\n|-boost|p2b: Corviknight|def|1\n|\n|-weather|Snowscape|[upkeep]\n|-heal|p2b: Corviknight|63/100|[from] item: Leftovers\n|-damage|p2a: Ninetales|22/100 brn|[from] brn\n|upkeep\n|turn|18\n|inactive|scimi has 30 seconds left this turn.\n|inactive|scimi has 20 seconds left.\n|inactive|scimi has 15 seconds left.\n|\n|t:|1776385605\n|move|p2a: Ninetales|Encore|p1a: Milotic\n|-start|p1a: Milotic|Encore\n|move|p1a: Milotic|Protect||[still]\n|-fail|p1a: Milotic\n|move|p2b: Corviknight|Bulk Up|p2b: Corviknight\n|-boost|p2b: Corviknight|atk|1\n|-boost|p2b: Corviknight|def|1\n|\n|-weather|none\n|-heal|p2b: Corviknight|69/100|[from] item: Leftovers\n|-damage|p2a: Ninetales|16/100 brn|[from] brn\n|-sideend|p2: scimi|move: Aurora Veil\n|upkeep\n|turn|19\n|inactive|scimi has 15 seconds left this turn.\n|inactive|scimi has 10 seconds left.\n|inactive|scimi has 5 seconds left.\n|\n|t:|1776385620\n|move|p1a: Milotic|Protect|p1a: Milotic\n|-singleturn|p1a: Milotic|Protect\n|move|p2a: Ninetales|Freeze-Dry|p1a: Milotic\n|-activate|p1a: Milotic|move: Protect\n|move|p2b: Corviknight|Body Press|p1a: Milotic\n|-activate|p1a: Milotic|move: Protect\n|\n|-heal|p2b: Corviknight|75/100|[from] item: Leftovers\n|-damage|p2a: Ninetales|10/100 brn|[from] brn\n|upkeep\n|turn|20\n|inactive|scimi has 5 seconds left this turn.\n|-message|scimi lost due to inactivity.\n|\n|win|SrLitoo\n|raw|SrLitoo's rating: 1097 &rarr; <strong>1126</strong><br />(+29 for winning)\n|raw|scimi's rating: 1149 &rarr; <strong>1120</strong><br />(-29 for losing)\n|l|\u2606SrLitoo\n|player|p1|\n",
  "uploadtime": 1776385662,
  "views": 17,
  "formatid": "gen9championsvgc2026regma",
  "rating": 1120,
  "private": 0,
  "password": null
}