{
  "id": "gen9championsvgc2026regma-2582523391",
  "format": "[Gen 9 Champions] VGC 2026 Reg M-A",
  "players": [
    "pixel861",
    "sc0rer"
  ],
  "log": "|j|\u2606pixel861\n|j|\u2606sc0rer\n|t:|1776097121\n|gametype|doubles\n|player|p1|pixel861|2|1146\n|player|p2|sc0rer|169|1111\n|gen|9\n|tier|[Gen 9 Champions] VGC 2026 Reg M-A\n|rated|\n|rule|Species Clause: Limit one of each Pok\u00e9mon\n|rule|Item Clause: Limit 1 of each item\n|clearpoke\n|poke|p1|Delphox, L50, M|\n|poke|p1|Farigiraf, L50, F|\n|poke|p1|Kingambit, L50, M|\n|poke|p1|Garchomp, L50, F|\n|poke|p1|Sneasler, L50, M|\n|poke|p1|Milotic, L50, F|\n|poke|p2|Archaludon, L50, M|\n|poke|p2|Basculegion, L50, M|\n|poke|p2|Scizor, L50, F|\n|poke|p2|Pelipper, L50, F|\n|poke|p2|Sneasler, L50, F|\n|poke|p2|Sinistcha, L50|\n|teampreview|4\n|inactive|Battle timer is ON: inactive players will automatically lose when time's up. (requested by pixel861)\nsc0rer has agreed to open team sheets.\n|inactive|pixel861 has 60 seconds left.\n|inactive|sc0rer has 60 seconds left.\n|inactive|sc0rer has 30 seconds left.\n|inactive|sc0rer has 20 seconds left.\n|\n|t:|1776097193\n|teamsize|p1|4\n|teamsize|p2|4\n|start\n|switch|p1a: Garchomp|Garchomp, L50, F|100/100\n|switch|p1b: Milotic|Milotic, L50, F|100/100\n|switch|p2a: Pelipper|Pelipper, L50, F|100/100\n|switch|p2b: Archaludon|Archaludon, L50, M|100/100\n|-weather|RainDance|[from] ability: Drizzle|[of] p2a: Pelipper\n|turn|1\n|\n|t:|1776097211\n|move|p2b: Archaludon|Protect|p2b: Archaludon\n|-singleturn|p2b: Archaludon|Protect\n|move|p1a: Garchomp|Stomping Tantrum|p2b: Archaludon\n|-activate|p2b: Archaludon|move: Protect\n|move|p1b: Milotic|Icy Wind|p2b: Archaludon|[spread] p2a\n|-activate|p2b: Archaludon|move: Protect\n|-damage|p2a: Pelipper|86/100\n|-unboost|p2a: Pelipper|spe|1\n|move|p2a: Pelipper|Tailwind|p2a: Pelipper\n|-sidestart|p2: sc0rer|move: Tailwind\n|\n|-weather|RainDance|[upkeep]\n|-heal|p2a: Pelipper|92/100|[from] item: Leftovers\n|upkeep\n|turn|2\n|inactive|pixel861 has 30 seconds left.\n|inactive|sc0rer has 30 seconds left.\n|inactive|sc0rer has 20 seconds left.\n|\n|t:|1776097249\n|move|p2b: Archaludon|Flash Cannon|p1a: Garchomp\n|-damage|p1a: Garchomp|59/100\n|move|p1a: Garchomp|Stomping Tantrum|p2b: Archaludon\n|-supereffective|p2b: Archaludon|1\n|-damage|p2b: Archaludon|30/100\n|-ability|p2b: Archaludon|Stamina|boost\n|-boost|p2b: Archaludon|def|1\n|move|p1b: Milotic|Ice Beam|p2a: Pelipper\n|-damage|p2a: Pelipper|60/100\n|move|p2a: Pelipper|Ice Beam|p1a: Garchomp\n|-supereffective|p1a: Garchomp|2\n|-damage|p1a: Garchomp|0 fnt\n|faint|p1a: Garchomp\n|\n|-weather|RainDance|[upkeep]\n|-heal|p2a: Pelipper|66/100|[from] item: Leftovers\n|upkeep\n|inactive|pixel861 has 30 seconds left.\n|\n|t:|1776097277\n|switch|p1a: Kingambit|Kingambit, L50, M|100/100\n|turn|3\n|inactive|sc0rer has 30 seconds left.\n|\n|t:|1776097306\n|move|p1a: Kingambit|Sucker Punch|p2b: Archaludon\n|-damage|p2b: Archaludon|2/100\n|-ability|p2b: Archaludon|Stamina|boost\n|-boost|p2b: Archaludon|def|1\n|move|p2b: Archaludon|Electro Shot||[still]\n|-prepare|p2b: Archaludon|Electro Shot\n|-boost|p2b: Archaludon|spa|1\n|-anim|p2b: Archaludon|Electro Shot|p1a: Kingambit\n|-damage|p1a: Kingambit|29/100\n|move|p1b: Milotic|Ice Beam|p2b: Archaludon\n|-damage|p2b: Archaludon|0 fnt\n|faint|p2b: Archaludon\n|move|p2a: Pelipper|Hurricane|p1a: Kingambit\n|-resisted|p1a: Kingambit|1\n|-damage|p1a: Kingambit|11/100\n|\n|-weather|RainDance|[upkeep]\n|-heal|p2a: Pelipper|72/100|[from] item: Leftovers\n|upkeep\n|\n|t:|1776097330\n|switch|p2b: Sneasler|Sneasler, L50, F|100/100\n|turn|4\n|\n|t:|1776097348\n|move|p2b: Sneasler|Protect|p2b: Sneasler\n|-singleturn|p2b: Sneasler|Protect\n|move|p1a: Kingambit|Sucker Punch|p2a: Pelipper\n|-damage|p2a: Pelipper|26/100\n|move|p1b: Milotic|Hydro Pump|p2b: Sneasler\n|-activate|p2b: Sneasler|move: Protect\n|move|p2a: Pelipper|Hurricane|p1a: Kingambit\n|-resisted|p1a: Kingambit|1\n|-damage|p1a: Kingambit|0 fnt\n|faint|p1a: Kingambit\n|\n|-weather|RainDance|[upkeep]\n|-heal|p2a: Pelipper|32/100|[from] item: Leftovers\n|-sideend|p2: sc0rer|move: Tailwind\n|upkeep\n|\n|t:|1776097363\n|switch|p1a: Sneasler|Sneasler, L50, M|100/100\n|turn|5\n|\n|t:|1776097380\n|move|p2b: Sneasler|Acrobatics|p1a: Sneasler\n|-supereffective|p1a: Sneasler|1\n|-damage|p1a: Sneasler|36/100\n|move|p1a: Sneasler|Rock Tomb|p2a: Pelipper\n|-supereffective|p2a: Pelipper|1\n|-damage|p2a: Pelipper|0 fnt\n|faint|p2a: Pelipper\n|move|p1b: Milotic|Hydro Pump|p2b: Sneasler\n|-damage|p2b: Sneasler|0 fnt\n|faint|p2b: Sneasler\n|\n|-weather|none\n|upkeep\n|\n|t:|1776097401\n|switch|p2a: Sinistcha|Sinistcha, L50|100/100\n|turn|6\n|\n|t:|1776097422\n|move|p1a: Sneasler|Dire Claw|p2a: Sinistcha\n|-damage|p2a: Sinistcha|53/100\n|move|p1b: Milotic|Ice Beam|p2a: Sinistcha\n|-supereffective|p2a: Sinistcha|1\n|-damage|p2a: Sinistcha|2/100\n|-status|p2a: Sinistcha|frz\n|-enditem|p2a: Sinistcha|Sitrus Berry|[eat]\n|-heal|p2a: Sinistcha|26/100 frz|[from] item: Sitrus Berry\n|-curestatus|p2a: Sinistcha|frz|[from] move: Matcha Gotcha\n|move|p2a: Sinistcha|Matcha Gotcha|p1a: Sneasler|[spread] p1a,p1b\n|-resisted|p1a: Sneasler|1\n|-supereffective|p1b: Milotic|1\n|-damage|p1a: Sneasler|18/100\n|-heal|p2a: Sinistcha|34/100|[from] drain|[of] p1a: Sneasler\n|-damage|p1b: Milotic|57/100\n|-heal|p2a: Sinistcha|55/100|[from] drain|[of] p1b: Milotic\n|\n|-heal|p1b: Milotic|63/100|[from] item: Leftovers\n|upkeep\n|turn|7\n|\n|t:|1776097443\n|move|p1a: Sneasler|Dire Claw|p2a: Sinistcha\n|-damage|p2a: Sinistcha|14/100\n|move|p1b: Milotic|Ice Beam|p2a: Sinistcha\n|-supereffective|p2a: Sinistcha|1\n|-damage|p2a: Sinistcha|0 fnt\n|faint|p2a: Sinistcha\n|\n|win|pixel861\n|raw|pixel861's rating: 1146 &rarr; <strong>1168</strong><br />(+22 for winning)\n|raw|sc0rer's rating: 1111 &rarr; <strong>1089</strong><br />(-22 for losing)\n|c|\u2606sc0rer|gg\n",
  "uploadtime": 1776097451,
  "views": 13,
  "formatid": "gen9championsvgc2026regma",
  "rating": 1089,
  "private": 0,
  "password": null
}