{
  "id": "gen9championsvgc2026regma-2587881907",
  "format": "[Gen 9 Champions] VGC 2026 Reg M-A",
  "players": [
    "antbadmon",
    "SyntaxError24"
  ],
  "log": "|j|\u2606antbadmon\n|j|\u2606SyntaxError24\n|t:|1776574152\n|gametype|doubles\n|player|p1|antbadmon|101|1072\n|player|p2|SyntaxError24|n|1115\n|gen|9\n|tier|[Gen 9 Champions] VGC 2026 Reg M-A\n|rated|\n|rule|Species Clause: Limit one of each Pok\u00e9mon\n|rule|Item Clause: Limit 1 of each item\n|clearpoke\n|poke|p1|Tyranitar, L50, M|\n|poke|p1|Excadrill, L50, F|\n|poke|p1|Meowscarada, L50, M|\n|poke|p1|Rotom-Wash, L50|\n|poke|p1|Aegislash, L50, F|\n|poke|p1|Incineroar, L50, F|\n|poke|p2|Incineroar, L50, F|\n|poke|p2|Meganium, L50, M|\n|poke|p2|Corviknight, L50, F, shiny|\n|poke|p2|Farigiraf, L50, F, shiny|\n|poke|p2|Garchomp, L50, M|\n|poke|p2|Palafin, L50, F|\n|teampreview|4\nSyntaxError24 rejected open team sheets.\n|inactive|Battle timer is ON: inactive players will automatically lose when time's up. (requested by SyntaxError24)\n|\n|t:|1776574232\n|teamsize|p1|4\n|teamsize|p2|4\n|start\n|switch|p1a: Meowscarada|Meowscarada, L50, M|100/100\n|switch|p1b: Rotom|Rotom-Wash, L50|100/100\n|switch|p2a: Palafin|Palafin, L50, F|100/100\n|switch|p2b: Corviknight|Corviknight, L50, F, shiny|100/100\n|-ability|p2b: Corviknight|Unnerve\n|turn|1\n|inactive|SyntaxError24 has 30 seconds left.\n|inactive|SyntaxError24 has 20 seconds left.\n|inactive|SyntaxError24 has 15 seconds left.\n|\n|t:|1776574277\n|move|p1a: Meowscarada|U-turn|p2a: Palafin\n|-start|p1a: Meowscarada|typechange|Bug|[from] ability: Protean\n|-damage|p2a: Palafin|59/100\n|inactive|antbadmon has 30 seconds left.\n|inactive|antbadmon has 20 seconds left.\n|inactive|antbadmon has 15 seconds left.\n|\n|t:|1776574317\n|switch|p1a: Tyranitar|Tyranitar, L50, M|100/100|[from] U-turn\n|-weather|Sandstorm|[from] ability: Sand Stream|[of] p1a: Tyranitar\n|move|p2a: Palafin|Flip Turn|p1a: Tyranitar\n|-supereffective|p1a: Tyranitar|1\n|-damage|p1a: Tyranitar|63/100\n|\n|t:|1776574325\n|detailschange|p2a: Palafin|Palafin-Hero, L50, F\n|switch|p2a: Incineroar|Incineroar, L50, F|100/100|[from] Flip Turn\n|-ability|p2a: Incineroar|Intimidate|boost\n|-unboost|p1a: Tyranitar|atk|1\n|-unboost|p1b: Rotom|atk|1\n|move|p1b: Rotom|Will-O-Wisp|p2b: Corviknight\n|-status|p2b: Corviknight|brn\n|move|p2b: Corviknight|Tailwind|p2b: Corviknight\n|-sidestart|p2: SyntaxError24|move: Tailwind\n|\n|-weather|Sandstorm|[upkeep]\n|-damage|p2a: Incineroar|94/100|[from] Sandstorm\n|-damage|p1b: Rotom|95/100|[from] Sandstorm\n|-heal|p1b: Rotom|100/100|[from] item: Leftovers\n|-damage|p2b: Corviknight|95/100 brn|[from] brn\n|upkeep\n|turn|2\n|\n|t:|1776574346\n|detailschange|p1a: Tyranitar|Tyranitar-Mega, L50, M\n|-mega|p1a: Tyranitar|Tyranitar|Tyranitarite\n|move|p1b: Rotom|Protect|p1b: Rotom\n|-singleturn|p1b: Rotom|Protect\n|move|p1a: Tyranitar|Protect|p1a: Tyranitar\n|-singleturn|p1a: Tyranitar|Protect\n|move|p2a: Incineroar|Fake Out|p1a: Tyranitar\n|-activate|p1a: Tyranitar|move: Protect\n|move|p2b: Corviknight|Iron Defense|p2b: Corviknight\n|-boost|p2b: Corviknight|def|2\n|\n|-weather|Sandstorm|[upkeep]\n|-damage|p2a: Incineroar|88/100|[from] Sandstorm\n|-damage|p1b: Rotom|95/100|[from] Sandstorm\n|-heal|p2b: Corviknight|100/100 brn|[from] item: Leftovers\n|-heal|p1b: Rotom|100/100|[from] item: Leftovers\n|-damage|p2b: Corviknight|95/100 brn|[from] brn\n|upkeep\n|turn|3\n|\n|t:|1776574358\n|move|p2a: Incineroar|Parting Shot|p1a: Tyranitar\n|-unboost|p1a: Tyranitar|atk|1\n|-unboost|p1a: Tyranitar|spa|1\n|\n|t:|1776574364\n|switch|p2a: Meganium|Meganium, L50, M|100/100|[from] Parting Shot\n|move|p2b: Corviknight|Body Press|p1a: Tyranitar\n|-supereffective|p1a: Tyranitar|2\n|-damage|p1a: Tyranitar|14/100\n|move|p1b: Rotom|Thunderbolt|p2b: Corviknight\n|-supereffective|p2b: Corviknight|1\n|-damage|p2b: Corviknight|47/100 brn\n|move|p1a: Tyranitar|Rock Slide|p2a: Meganium|[spread] p2a,p2b\n|-crit|p2b: Corviknight\n|-damage|p2a: Meganium|79/100\n|-damage|p2b: Corviknight|2/100 brn\n|\n|-weather|Sandstorm|[upkeep]\n|-damage|p2a: Meganium|73/100|[from] Sandstorm\n|-damage|p1b: Rotom|95/100|[from] Sandstorm\n|-heal|p2b: Corviknight|8/100 brn|[from] item: Leftovers\n|-heal|p1b: Rotom|100/100|[from] item: Leftovers\n|-damage|p2b: Corviknight|2/100 brn|[from] brn\n|upkeep\n|turn|4\n|inactive|antbadmon has 30 seconds left.\n|inactive|SyntaxError24 has 30 seconds left.\n|\n|t:|1776574398\n|detailschange|p2a: Meganium|Meganium-Mega, L50, M\n|-mega|p2a: Meganium|Meganium|Meganiumite\n|move|p1a: Tyranitar|Protect|p1a: Tyranitar\n|-singleturn|p1a: Tyranitar|Protect\n|move|p2a: Meganium|Dazzling Gleam|p1b: Rotom|[spread] p1b\n|-activate|p1a: Tyranitar|move: Protect\n|-damage|p1b: Rotom|57/100\n|move|p2b: Corviknight|Body Press|p1b: Rotom\n|-damage|p1b: Rotom|40/100\n|move|p1b: Rotom|Will-O-Wisp|p2a: Meganium\n|-status|p2a: Meganium|brn\n|\n|-weather|Sandstorm|[upkeep]\n|-damage|p2a: Meganium|67/100 brn|[from] Sandstorm\n|-damage|p1b: Rotom|34/100|[from] Sandstorm\n|-heal|p2b: Corviknight|8/100 brn|[from] item: Leftovers\n|-heal|p1b: Rotom|40/100|[from] item: Leftovers\n|-damage|p2a: Meganium|61/100 brn|[from] brn\n|-damage|p2b: Corviknight|2/100 brn|[from] brn\n|-sideend|p2: SyntaxError24|move: Tailwind\n|upkeep\n|turn|5\n|inactive|antbadmon has 30 seconds left.\n|inactive|SyntaxError24 has 30 seconds left.\n|\n|t:|1776574431\n|switch|p1a: Meowscarada|Meowscarada, L50, M|100/100\n|move|p1b: Rotom|Protect|p1b: Rotom\n|-singleturn|p1b: Rotom|Protect\n|move|p2a: Meganium|Dazzling Gleam|p1b: Rotom|[spread] p1a\n|-activate|p1b: Rotom|move: Protect\n|-supereffective|p1a: Meowscarada|1\n|-damage|p1a: Meowscarada|0 fnt\n|faint|p1a: Meowscarada\n|move|p2b: Corviknight|Iron Defense|p2b: Corviknight\n|-boost|p2b: Corviknight|def|2\n|\n|-weather|none\n|-heal|p1b: Rotom|46/100|[from] item: Leftovers\n|-heal|p2b: Corviknight|8/100 brn|[from] item: Leftovers\n|-damage|p2a: Meganium|55/100 brn|[from] brn\n|-damage|p2b: Corviknight|2/100 brn|[from] brn\n|upkeep\n|\n|t:|1776574446\n|switch|p1a: Tyranitar|Tyranitar-Mega, L50, M|14/100\n|-weather|Sandstorm|[from] ability: Sand Stream|[of] p1a: Tyranitar\n|turn|6\n|\n|t:|1776574458\n|move|p2a: Meganium|Dazzling Gleam|p1a: Tyranitar|[spread] p1a,p1b\n|-supereffective|p1a: Tyranitar|1\n|-damage|p1a: Tyranitar|0 fnt\n|-damage|p1b: Rotom|9/100\n|faint|p1a: Tyranitar\n|move|p1b: Rotom|Thunderbolt|p2b: Corviknight\n|-supereffective|p2b: Corviknight|1\n|-damage|p2b: Corviknight|0 fnt\n|faint|p2b: Corviknight\n|\n|-weather|Sandstorm|[upkeep]\n|-damage|p2a: Meganium|50/100 brn|[from] Sandstorm\n|-damage|p1b: Rotom|3/100|[from] Sandstorm\n|-heal|p1b: Rotom|9/100|[from] item: Leftovers\n|-damage|p2a: Meganium|44/100 brn|[from] brn\n|upkeep\n|\n|t:|1776574475\n|switch|p1a: Excadrill|Excadrill, L50, F|100/100\n|switch|p2b: Incineroar|Incineroar, L50, F|88/100\n|-ability|p2b: Incineroar|Intimidate|boost\n|-unboost|p1a: Excadrill|atk|1\n|-unboost|p1b: Rotom|atk|1\n|turn|7\n|\n|t:|1776574497\n|move|p1a: Excadrill|Protect|p1a: Excadrill\n|-singleturn|p1a: Excadrill|Protect\n|move|p2a: Meganium|Protect|p2a: Meganium\n|-singleturn|p2a: Meganium|Protect\n|move|p1b: Rotom|Protect|p1b: Rotom\n|-singleturn|p1b: Rotom|Protect\n|move|p2b: Incineroar|Fake Out|p1b: Rotom\n|-activate|p1b: Rotom|move: Protect\n|\n|-weather|Sandstorm|[upkeep]\n|-damage|p2a: Meganium|38/100 brn|[from] Sandstorm\n|-damage|p1b: Rotom|3/100|[from] Sandstorm\n|-damage|p2b: Incineroar|82/100|[from] Sandstorm\n|-heal|p1b: Rotom|9/100|[from] item: Leftovers\n|-damage|p2a: Meganium|32/100 brn|[from] brn\n|upkeep\n|turn|8\n|\n|t:|1776574519\n|move|p1a: Excadrill|Rock Slide|p2b: Incineroar|[spread] p2a,p2b\n|-crit|p2a: Meganium\n|-supereffective|p2b: Incineroar|1\n|-crit|p2b: Incineroar\n|-damage|p2a: Meganium|0 fnt\n|-damage|p2b: Incineroar|12/100\n|-enditem|p2b: Incineroar|Sitrus Berry|[eat]\n|-heal|p2b: Incineroar|37/100|[from] item: Sitrus Berry\n|faint|p2a: Meganium\n|move|p1b: Rotom|Hydro Pump|p2b: Incineroar\n|-supereffective|p2b: Incineroar|1\n|-damage|p2b: Incineroar|0 fnt\n|faint|p2b: Incineroar\n|\n|-weather|Sandstorm|[upkeep]\n|-damage|p1b: Rotom|3/100|[from] Sandstorm\n|-heal|p1b: Rotom|9/100|[from] item: Leftovers\n|upkeep\n|\n|t:|1776574530\n|switch|p2a: Palafin|Palafin-Hero, L50, F|59/100\n|-activate|p2a: Palafin|ability: Zero to Hero\n|turn|9\n|\n|t:|1776574543\n|move|p2a: Palafin|Jet Punch|p1b: Rotom\n|-resisted|p1b: Rotom|1\n|-damage|p1b: Rotom|0 fnt\n|faint|p1b: Rotom\n|move|p1a: Excadrill|High Horsepower|p2a: Palafin|[miss]\n|-miss|p1a: Excadrill|p2a: Palafin\n|\n|-weather|Sandstorm|[upkeep]\n|-damage|p2a: Palafin|54/100|[from] Sandstorm\n|upkeep\n|turn|10\n|c|\u2606antbadmon|oof\n|c|\u2606SyntaxError24|unfortunate\n|\n|t:|1776574562\n|move|p2a: Palafin|Protect|p2a: Palafin\n|-singleturn|p2a: Palafin|Protect\n|move|p1a: Excadrill|High Horsepower|p2a: Palafin\n|-activate|p2a: Palafin|move: Protect\n|\n|-weather|none\n|upkeep\n|turn|11\n|\n|t:|1776574569\n|move|p2a: Palafin|Wave Crash|p1a: Excadrill\n|-supereffective|p1a: Excadrill|1\n|-enditem|p1a: Excadrill|Focus Sash\n|-damage|p1a: Excadrill|1/100\n|-damage|p2a: Palafin|19/100|[from] Recoil\n|move|p1a: Excadrill|High Horsepower|p2a: Palafin\n|-damage|p2a: Palafin|0 fnt\n|faint|p2a: Palafin\n|\n|win|antbadmon\n|raw|antbadmon's rating: 1072 &rarr; <strong>1105</strong><br />(+33 for winning)\n|raw|SyntaxError24's rating: 1115 &rarr; <strong>1087</strong><br />(-28 for losing)\n",
  "uploadtime": 1776574574,
  "views": 11,
  "formatid": "gen9championsvgc2026regma",
  "rating": 1087,
  "private": 0,
  "password": null
}