{
  "id": "gen9championsvgc2026regma-2584865824",
  "format": "[Gen 9 Champions] VGC 2026 Reg M-A",
  "players": [
    "Don Tordito",
    "Andromeda360"
  ],
  "log": "|j|\u2606Don Tordito\n|j|\u2606Andromeda360\n|t:|1776289839\n|gametype|doubles\n|player|p1|Don Tordito|benga|1067\n|player|p2|Andromeda360|101|1090\n|gen|9\n|tier|[Gen 9 Champions] VGC 2026 Reg M-A\n|rated|\n|rule|Species Clause: Limit one of each Pok\u00e9mon\n|rule|Item Clause: Limit 1 of each item\n|clearpoke\n|poke|p1|Dragonite, L50, M|\n|poke|p1|Pelipper, L50, M|\n|poke|p1|Basculegion, L50, M|\n|poke|p1|Incineroar, L50, M|\n|poke|p1|Sneasler, L50, M|\n|poke|p1|Kingambit, L50, F|\n|poke|p2|Charizard, L50, F|\n|poke|p2|Clefable, L50, M|\n|poke|p2|Whimsicott, L50, M|\n|poke|p2|Sneasler, L50, M|\n|poke|p2|Rotom-Wash, L50|\n|poke|p2|Gardevoir, L50, M|\n|teampreview|4\n|inactive|Battle timer is ON: inactive players will automatically lose when time's up. (requested by Don Tordito)\n|\n|t:|1776289877\n|teamsize|p1|4\n|teamsize|p2|4\n|start\n|switch|p1a: Pelipper|Pelipper, L50, M|100/100\n|switch|p1b: Basculegion|Basculegion, L50, M|100/100\n|switch|p2a: Whimsicott|Whimsicott, L50, M|100/100\n|switch|p2b: Sneasler|Sneasler, L50, M|100/100\n|-weather|RainDance|[from] ability: Drizzle|[of] p1a: Pelipper\n|turn|1\n|inactive|Don Tordito has 30 seconds left.\n|inactive|Andromeda360 has 30 seconds left.\n|inactive|Andromeda360 has 20 seconds left.\n|\n|t:|1776289916\n|move|p2b: Sneasler|Fake Out|p1a: Pelipper\n|-damage|p1a: Pelipper|83/100\n|move|p2a: Whimsicott|Tailwind|p2a: Whimsicott\n|-sidestart|p2: Andromeda360|move: Tailwind\n|move|p1b: Basculegion|Flip Turn|p2b: Sneasler\n|-damage|p2b: Sneasler|0 fnt\n|faint|p2b: Sneasler\n|\n|t:|1776289927\n|switch|p1b: Dragonite|Dragonite, L50, M|100/100|[from] Flip Turn\n|cant|p1a: Pelipper|flinch\n|\n|-weather|RainDance|[upkeep]\n|upkeep\n|\n|t:|1776289934\n|switch|p2b: Rotom|Rotom-Wash, L50|100/100\n|turn|2\n|inactive|Don Tordito has 30 seconds left.\n|\n|t:|1776289961\n|detailschange|p1b: Dragonite|Dragonite-Mega, L50, M\n|-mega|p1b: Dragonite|Dragonite|Dragoninite\n|move|p1a: Pelipper|Protect|p1a: Pelipper\n|-singleturn|p1a: Pelipper|Protect\n|move|p2a: Whimsicott|Moonblast|p1b: Dragonite\n|-supereffective|p1b: Dragonite|1\n|-damage|p1b: Dragonite|73/100\n|move|p2b: Rotom|Thunderbolt|p1a: Pelipper\n|-activate|p1a: Pelipper|move: Protect\n|move|p1b: Dragonite|Draco Meteor|p2b: Rotom\n|-damage|p2b: Rotom|4/100\n|-unboost|p1b: Dragonite|spa|2\n|-enditem|p2b: Rotom|Sitrus Berry|[eat]\n|-heal|p2b: Rotom|28/100|[from] item: Sitrus Berry\n|\n|-weather|RainDance|[upkeep]\n|upkeep\n|turn|3\n|inactive|Don Tordito has 30 seconds left.\n|inactive|Andromeda360 has 30 seconds left.\n|inactive|Andromeda360 has 20 seconds left.\n|inactive|Andromeda360 has 15 seconds left.\n|inactive|Andromeda360 has 10 seconds left.\n|\n|t:|1776290006\n|switch|p1a: Sneasler|Sneasler, L50, M|100/100\n|move|p1b: Dragonite|Extreme Speed|p2b: Rotom\n|-damage|p2b: Rotom|4/100\n|move|p2a: Whimsicott|Moonblast|p1b: Dragonite\n|-supereffective|p1b: Dragonite|1\n|-damage|p1b: Dragonite|18/100\n|move|p2b: Rotom|Thunderbolt|p1b: Dragonite\n|-damage|p1b: Dragonite|0 fnt\n|faint|p1b: Dragonite\n|\n|-weather|RainDance|[upkeep]\n|upkeep\n|\n|t:|1776290021\n|switch|p1b: Basculegion|Basculegion, L50, M|100/100\n|turn|4\n|\n|t:|1776290046\n|move|p2b: Rotom|Protect|p2b: Rotom\n|-singleturn|p2b: Rotom|Protect\n|move|p1b: Basculegion|Aqua Jet|p2b: Rotom\n|-activate|p2b: Rotom|move: Protect\n|move|p2a: Whimsicott|Shadow Ball|p1b: Basculegion\n|-supereffective|p1b: Basculegion|1\n|-damage|p1b: Basculegion|57/100\n|move|p1a: Sneasler|Gunk Shot|p2a: Whimsicott\n|-supereffective|p2a: Whimsicott|2\n|-enditem|p2a: Whimsicott|Focus Sash\n|-damage|p2a: Whimsicott|1/100\n|-status|p2a: Whimsicott|psn\n|\n|-weather|RainDance|[upkeep]\n|-damage|p2a: Whimsicott|0 fnt|[from] psn\n|faint|p2a: Whimsicott\n|-sideend|p2: Andromeda360|move: Tailwind\n|upkeep\n|\n|t:|1776290056\n|switch|p2a: Charizard|Charizard, L50, F|100/100\n|turn|5\n|inactive|Andromeda360 has 30 seconds left.\n|inactive|Don Tordito has 30 seconds left.\n|inactive|Andromeda360 has 20 seconds left.\n|inactive|Andromeda360 has 15 seconds left.\n|inactive|Andromeda360 has 10 seconds left.\n|\n|t:|1776290101\n|switch|p1b: Pelipper|Pelipper, L50, M|83/100\n|move|p2a: Charizard|Protect|p2a: Charizard\n|-singleturn|p2a: Charizard|Protect\n|move|p1a: Sneasler|Gunk Shot|p2a: Charizard\n|-activate|p2a: Charizard|move: Protect\n|move|p2b: Rotom|Thunderbolt|p1b: Pelipper\n|-supereffective|p1b: Pelipper|2\n|-damage|p1b: Pelipper|0 fnt\n|faint|p1b: Pelipper\n|\n|-weather|none\n|upkeep\n|\n|t:|1776290115\n|switch|p1b: Basculegion|Basculegion, L50, M|57/100\n|turn|6\n|inactive|Andromeda360 has 30 seconds left.\n|\n|t:|1776290146\n|detailschange|p2a: Charizard|Charizard-Mega-Y, L50, F\n|-mega|p2a: Charizard|Charizard|Charizardite Y\n|-weather|SunnyDay|[from] ability: Drought|[of] p2a: Charizard\n|move|p2b: Rotom|Protect|p2b: Rotom\n|-singleturn|p2b: Rotom|Protect\n|move|p1b: Basculegion|Wave Crash|p2a: Charizard\n|-supereffective|p2a: Charizard|1\n|-damage|p2a: Charizard|2/100\n|-damage|p1b: Basculegion|32/100|[from] Recoil\n|move|p1a: Sneasler|Gunk Shot|p2b: Rotom\n|-activate|p2b: Rotom|move: Protect\n|move|p2a: Charizard|Solar Beam||[still]\n|-prepare|p2a: Charizard|Solar Beam\n|-anim|p2a: Charizard|Solar Beam|p1b: Basculegion\n|-supereffective|p1b: Basculegion|1\n|-damage|p1b: Basculegion|0 fnt\n|faint|p1b: Basculegion\n|\n|-weather|SunnyDay|[upkeep]\n|upkeep\n|turn|7\n|inactive|Andromeda360 has 30 seconds left.\n|\n|t:|1776290174\n|move|p1a: Sneasler|Gunk Shot|p2b: Rotom|[miss]\n|-miss|p1a: Sneasler|p2b: Rotom\n|move|p2a: Charizard|Weather Ball|p1a: Sneasler\n|-damage|p1a: Sneasler|0 fnt\n|faint|p1a: Sneasler\n|\n|win|Andromeda360\n|raw|Don Tordito's rating: 1067 &rarr; <strong>1048</strong><br />(-19 for losing)\n|raw|Andromeda360's rating: 1090 &rarr; <strong>1115</strong><br />(+25 for winning)\n|l|\u2606Don Tordito\n|player|p1|\n",
  "uploadtime": 1776290229,
  "views": 47,
  "formatid": "gen9championsvgc2026regma",
  "rating": 1048,
  "private": 0,
  "password": null
}