{
  "id": "gen9championsvgc2026regma-2587254150",
  "format": "[Gen 9 Champions] VGC 2026 Reg M-A",
  "players": [
    "MarXin98",
    "BlackStar150520"
  ],
  "log": "|j|\u2606MarXin98\n|j|\u2606BlackStar150520\n|t:|1776514875\n|gametype|doubles\n|player|p1|MarXin98|265|1087\n|player|p2|BlackStar150520|unknown|1000\n|gen|9\n|tier|[Gen 9 Champions] VGC 2026 Reg M-A\n|rated|\n|rule|Species Clause: Limit one of each Pok\u00e9mon\n|rule|Item Clause: Limit 1 of each item\n|clearpoke\n|poke|p1|Primarina, L50, M|\n|poke|p1|Tyranitar, L50, F|\n|poke|p1|Kommo-o, L50, F|\n|poke|p1|Gengar, L50, M|\n|poke|p1|Sinistcha, L50|\n|poke|p1|Incineroar, L50, F|\n|poke|p2|Delphox, L50, F, shiny|\n|poke|p2|Sinistcha-Masterpiece, L50|\n|poke|p2|Sneasler, L50, M, shiny|\n|poke|p2|Arcanine-Hisui, L50, F|\n|poke|p2|Clefable, L50, F|\n|poke|p2|Kingambit, L50, M, shiny|\n|teampreview|4\n|inactive|Battle timer is ON: inactive players will automatically lose when time's up. (requested by BlackStar150520)\n|inactive|MarXin98 has 60 seconds left.\n|inactive|BlackStar150520 has 60 seconds left.\n|\n|t:|1776514916\n|teamsize|p1|4\n|teamsize|p2|4\n|start\n|switch|p1a: Incineroar|Incineroar, L50, F|100/100\n|switch|p1b: Tyranitar|Tyranitar, L50, F|100/100\n|switch|p2a: Delphox|Delphox, L50, F, shiny|100/100\n|switch|p2b: Arcanine|Arcanine-Hisui, L50, F|100/100\n|-ability|p2b: Arcanine|Intimidate|boost\n|-unboost|p1a: Incineroar|atk|1\n|-unboost|p1b: Tyranitar|atk|1\n|-ability|p1a: Incineroar|Intimidate|boost\n|-unboost|p2a: Delphox|atk|1\n|-unboost|p2b: Arcanine|atk|1\n|-weather|Sandstorm|[from] ability: Sand Stream|[of] p1b: Tyranitar\n|turn|1\n|inactive|MarXin98 has 30 seconds left.\n|\n|t:|1776514942\n|switch|p2a: Clefable|Clefable, L50, F|100/100\n|detailschange|p1b: Tyranitar|Tyranitar-Mega, L50, F\n|-mega|p1b: Tyranitar|Tyranitar|Tyranitarite\n|move|p1a: Incineroar|Fake Out|p2a: Clefable\n|-damage|p2a: Clefable|94/100\n|move|p2b: Arcanine|Will-O-Wisp|p1b: Tyranitar\n|-status|p1b: Tyranitar|brn\n|move|p1b: Tyranitar|Rock Slide|p2a: Clefable|[spread] p2a,p2b\n|-supereffective|p2b: Arcanine|1\n|-damage|p2a: Clefable|85/100\n|-damage|p2b: Arcanine|77/100\n|\n|-weather|Sandstorm|[upkeep]\n|-damage|p1a: Incineroar|94/100|[from] Sandstorm\n|-heal|p2b: Arcanine|83/100|[from] item: Leftovers\n|-damage|p1b: Tyranitar|95/100 brn|[from] brn\n|upkeep\n|turn|2\n|\n|t:|1776514970\n|move|p2b: Arcanine|Stealth Rock|p1b: Tyranitar\n|-sidestart|p1: MarXin98|move: Stealth Rock\n|move|p1b: Tyranitar|Knock Off|p2a: Clefable\n|-resisted|p2a: Clefable|1\n|-damage|p2a: Clefable|77/100\n|-enditem|p2a: Clefable|Sitrus Berry|[from] move: Knock Off|[of] p1b: Tyranitar\n|move|p1a: Incineroar|Parting Shot|p2b: Arcanine\n|-unboost|p2b: Arcanine|atk|1\n|-unboost|p2b: Arcanine|spa|1\n|\n|t:|1776514979\n|switch|p1a: Primarina|Primarina, L50, M|100/100|[from] Parting Shot\n|-damage|p1a: Primarina|88/100|[from] Stealth Rock\n|move|p2a: Clefable|Moonblast|p1b: Tyranitar\n|-supereffective|p1b: Tyranitar|1\n|-damage|p1b: Tyranitar|62/100 brn\n|\n|-weather|Sandstorm|[upkeep]\n|-damage|p1a: Primarina|82/100|[from] Sandstorm\n|-heal|p2b: Arcanine|89/100|[from] item: Leftovers\n|-heal|p1a: Primarina|88/100|[from] item: Leftovers\n|-damage|p1b: Tyranitar|56/100 brn|[from] brn\n|upkeep\n|turn|3\n|inactive|BlackStar150520 has 30 seconds left.\n|\n|t:|1776515007\n|move|p2b: Arcanine|Rock Slide|p1b: Tyranitar|[spread] p1a,p1b\n|-crit|p1b: Tyranitar\n|-damage|p1a: Primarina|76/100\n|-damage|p1b: Tyranitar|39/100 brn\n|move|p1b: Tyranitar|Snarl|p2a: Clefable|[spread] p2a,p2b\n|-resisted|p2a: Clefable|1\n|-crit|p2a: Clefable\n|-damage|p2a: Clefable|68/100\n|-damage|p2b: Arcanine|81/100\n|-unboost|p2a: Clefable|spa|1\n|-unboost|p2b: Arcanine|spa|1\n|move|p1a: Primarina|Calm Mind|p1a: Primarina\n|-boost|p1a: Primarina|spa|1\n|-boost|p1a: Primarina|spd|1\n|move|p2a: Clefable|Wish|p2a: Clefable\n|\n|-weather|Sandstorm|[upkeep]\n|-damage|p1a: Primarina|70/100|[from] Sandstorm\n|-heal|p2b: Arcanine|87/100|[from] item: Leftovers\n|-heal|p1a: Primarina|76/100|[from] item: Leftovers\n|-damage|p1b: Tyranitar|33/100 brn|[from] brn\n|upkeep\n|turn|4\n|\n|t:|1776515027\n|move|p2b: Arcanine|Rock Slide|p1b: Tyranitar|[spread] p1a,p1b\n|-damage|p1a: Primarina|63/100\n|-damage|p1b: Tyranitar|27/100 brn\n|move|p1b: Tyranitar|Snarl|p2a: Clefable|[spread] p2a,p2b\n|-resisted|p2a: Clefable|1\n|-damage|p2a: Clefable|62/100\n|-damage|p2b: Arcanine|81/100\n|-unboost|p2a: Clefable|spa|1\n|-unboost|p2b: Arcanine|spa|1\n|cant|p1a: Primarina|flinch\n|move|p2a: Clefable|Moonblast|p1b: Tyranitar\n|-supereffective|p1b: Tyranitar|1\n|-damage|p1b: Tyranitar|11/100 brn\n|\n|-weather|Sandstorm|[upkeep]\n|-damage|p1a: Primarina|57/100|[from] Sandstorm\n|-heal|p2a: Clefable|100/100|[from] move: Wish|[wisher] Clefable\n|-heal|p2b: Arcanine|87/100|[from] item: Leftovers\n|-heal|p1a: Primarina|63/100|[from] item: Leftovers\n|-damage|p1b: Tyranitar|5/100 brn|[from] brn\n|upkeep\n|turn|5\n|\n|t:|1776515043\n|move|p2b: Arcanine|Rock Slide|p1a: Primarina|[spread] p1a,p1b\n|-damage|p1a: Primarina|51/100\n|-damage|p1b: Tyranitar|0 fnt\n|faint|p1b: Tyranitar\n|move|p2a: Clefable|Moonblast|p1a: Primarina\n|-damage|p1a: Primarina|43/100\n|cant|p1a: Primarina|flinch\n|\n|-weather|none\n|-heal|p2b: Arcanine|93/100|[from] item: Leftovers\n|-heal|p1a: Primarina|49/100|[from] item: Leftovers\n|upkeep\n|c|\u2606MarXin98|?\u00bf?\u00bf\u00bf\n|\n|t:|1776515056\n|switch|p1b: Incineroar|Incineroar, L50, F|94/100\n|-damage|p1b: Incineroar|70/100|[from] Stealth Rock\n|-ability|p1b: Incineroar|Intimidate|boost\n|-unboost|p2a: Clefable|atk|1\n|-unboost|p2b: Arcanine|atk|1\n|turn|6\n|\n|t:|1776515074\n|switch|p2b: Sneasler|Sneasler, L50, M, shiny|100/100\n|move|p1b: Incineroar|Fake Out|p2b: Sneasler\n|-damage|p2b: Sneasler|83/100\n|move|p2a: Clefable|Follow Me|p2a: Clefable\n|-singleturn|p2a: Clefable|move: Follow Me\n|move|p1a: Primarina|Hyper Voice|p2a: Clefable|[spread] p2a,p2b\n|-damage|p2a: Clefable|54/100\n|-damage|p2b: Sneasler|18/100\n|\n|-heal|p1a: Primarina|55/100|[from] item: Leftovers\n|upkeep\n|turn|7\n|\n|t:|1776515089\n|move|p1a: Primarina|Protect|p1a: Primarina\n|-singleturn|p1a: Primarina|Protect\n|move|p2a: Clefable|Follow Me|p2a: Clefable\n|-singleturn|p2a: Clefable|move: Follow Me\n|move|p2b: Sneasler|Dire Claw|p1a: Primarina\n|-activate|p1a: Primarina|move: Protect\n|move|p1b: Incineroar|Flare Blitz|p2a: Clefable\n|-damage|p2a: Clefable|17/100\n|-damage|p1b: Incineroar|57/100|[from] Recoil\n|\n|-heal|p1a: Primarina|61/100|[from] item: Leftovers\n|upkeep\n|turn|8\n|\n|t:|1776515108\n|switch|p1a: Kommo-o|Kommo-o, L50, F|100/100\n|-damage|p1a: Kommo-o|94/100|[from] Stealth Rock\n|move|p2a: Clefable|Follow Me|p2a: Clefable\n|-singleturn|p2a: Clefable|move: Follow Me\n|move|p2b: Sneasler|Dire Claw|p1a: Kommo-o\n|-damage|p1a: Kommo-o|59/100\n|-status|p1a: Kommo-o|psn\n|move|p1b: Incineroar|Parting Shot|p2a: Clefable\n|-unboost|p2a: Clefable|atk|1\n|-unboost|p2a: Clefable|spa|1\n|\n|t:|1776515119\n|switch|p1b: Primarina|Primarina, L50, M|61/100|[from] Parting Shot\n|-damage|p1b: Primarina|49/100|[from] Stealth Rock\n|\n|-heal|p1b: Primarina|55/100|[from] item: Leftovers\n|-damage|p1a: Kommo-o|46/100 psn|[from] psn\n|upkeep\n|turn|9\n|\n|t:|1776515132\n|switch|p1a: Incineroar|Incineroar, L50, F|57/100\n|-damage|p1a: Incineroar|32/100|[from] Stealth Rock\n|-ability|p1a: Incineroar|Intimidate|boost\n|-unboost|p2a: Clefable|atk|1\n|-unboost|p2b: Sneasler|atk|1\n|-enditem|p2b: Sneasler|White Herb\n|-clearnegativeboost|p2b: Sneasler|[silent]\n|move|p2b: Sneasler|Protect|p2b: Sneasler\n|-singleturn|p2b: Sneasler|Protect\n|move|p1b: Primarina|Protect|p1b: Primarina\n|-singleturn|p1b: Primarina|Protect\n|move|p2a: Clefable|Wish|p2a: Clefable\n|\n|-heal|p1b: Primarina|61/100|[from] item: Leftovers\n|upkeep\n|turn|10\n|\n|t:|1776515146\n|switch|p2b: Arcanine|Arcanine-Hisui, L50, F|93/100\n|-ability|p2b: Arcanine|Intimidate|boost\n|-unboost|p1a: Incineroar|atk|1\n|-unboost|p1b: Primarina|atk|1\n|move|p2a: Clefable|Protect|p2a: Clefable\n|-singleturn|p2a: Clefable|Protect\n|move|p1a: Incineroar|Fake Out|p2b: Arcanine\n|-resisted|p2b: Arcanine|1\n|-damage|p2b: Arcanine|89/100\n|move|p1b: Primarina|Hyper Voice|p2b: Arcanine|[spread] p2b\n|-activate|p2a: Clefable|move: Protect\n|-supereffective|p2b: Arcanine|2\n|-damage|p2b: Arcanine|0 fnt\n|faint|p2b: Arcanine\n|\n|-heal|p2a: Clefable|67/100|[from] move: Wish|[wisher] Clefable\n|-heal|p1b: Primarina|67/100|[from] item: Leftovers\n|upkeep\n|\n|t:|1776515161\n|switch|p2b: Sneasler|Sneasler, L50, M, shiny|18/100\n|turn|11\n|\n|t:|1776515171\n|move|p1b: Primarina|Protect|p1b: Primarina\n|-singleturn|p1b: Primarina|Protect\n|move|p2a: Clefable|Follow Me|p2a: Clefable\n|-singleturn|p2a: Clefable|move: Follow Me\n|move|p2b: Sneasler|Dire Claw|p1b: Primarina\n|-activate|p1b: Primarina|move: Protect\n|move|p1a: Incineroar|Flare Blitz|p2a: Clefable\n|-damage|p2a: Clefable|43/100\n|-damage|p1a: Incineroar|24/100|[from] Recoil\n|\n|-heal|p1b: Primarina|73/100|[from] item: Leftovers\n|upkeep\n|turn|12\n|\n|t:|1776515185\n|switch|p1b: Kommo-o|Kommo-o, L50, F|46/100 psn\n|-damage|p1b: Kommo-o|40/100 psn|[from] Stealth Rock\n|move|p2a: Clefable|Follow Me|p2a: Clefable\n|-singleturn|p2a: Clefable|move: Follow Me\n|move|p2b: Sneasler|Dire Claw|p1b: Kommo-o\n|-damage|p1b: Kommo-o|2/100 psn\n|move|p1a: Incineroar|Parting Shot|p2a: Clefable\n|-unboost|p2a: Clefable|atk|1\n|-unboost|p2a: Clefable|spa|1\n|\n|t:|1776515195\n|switch|p1a: Primarina|Primarina, L50, M|73/100|[from] Parting Shot\n|-damage|p1a: Primarina|61/100|[from] Stealth Rock\n|\n|-heal|p1a: Primarina|67/100|[from] item: Leftovers\n|-damage|p1b: Kommo-o|0 fnt|[from] psn\n|faint|p1b: Kommo-o\n|upkeep\n|\n|t:|1776515201\n|switch|p1b: Incineroar|Incineroar, L50, F|24/100\n|-damage|p1b: Incineroar|0 fnt|[from] Stealth Rock\n|faint|p1b: Incineroar\n|turn|13\n|inactive|MarXin98 has 30 seconds left.\n|inactive|MarXin98 has 20 seconds left.\n|\n|t:|1776515242\n|move|p2b: Sneasler|Dire Claw|p1a: Primarina\n|-supereffective|p1a: Primarina|1\n|-damage|p1a: Primarina|0 fnt\n|faint|p1a: Primarina\n|\n|win|BlackStar150520\n|raw|MarXin98's rating: 1087 &rarr; <strong>1058</strong><br />(-29 for losing)\n|raw|BlackStar150520's rating: 1000 &rarr; <strong>1050</strong><br />(+50 for winning)\n|l|\u2606MarXin98\n|player|p1|\n",
  "uploadtime": 1776515283,
  "views": 12,
  "formatid": "gen9championsvgc2026regma",
  "rating": 1050,
  "private": 0,
  "password": null
}