{
  "id": "gen9championsvgc2026regma-2583823415",
  "format": "[Gen 9 Champions] VGC 2026 Reg M-A",
  "players": [
    "Laithani",
    "Jennifernand"
  ],
  "log": "|j|\u2606Laithani\n|j|\u2606Jennifernand\n|t:|1776200510\n|gametype|doubles\n|player|p1|Laithani|101|1206\n|player|p2|Jennifernand|tarragon|1257\n|gen|9\n|tier|[Gen 9 Champions] VGC 2026 Reg M-A\n|rated|\n|rule|Species Clause: Limit one of each Pok\u00e9mon\n|rule|Item Clause: Limit 1 of each item\n|clearpoke\n|poke|p1|Blastoise, L50, M|\n|poke|p1|Tsareena, L50, F|\n|poke|p1|Talonflame, L50, M|\n|poke|p1|Maushold, L50|\n|poke|p1|Garchomp, L50, F|\n|poke|p1|Kingambit, L50, F|\n|poke|p2|Incineroar, L50, M|\n|poke|p2|Floette-Eternal, L50, F|\n|poke|p2|Kommo-o, L50, F|\n|poke|p2|Aegislash, L50, F|\n|poke|p2|Rotom-Wash, L50|\n|poke|p2|Tyranitar, L50, F|\n|teampreview|4\n|inactive|Battle timer is ON: inactive players will automatically lose when time's up. (requested by Laithani)\n|\n|t:|1776200557\n|teamsize|p1|4\n|teamsize|p2|4\n|start\n|switch|p1a: Blastoise|Blastoise, L50, M, shiny|100/100\n|switch|p1b: Talonflame|Talonflame, L50, M, shiny|100/100\n|switch|p2a: Floette|Floette-Eternal, L50, F|100/100\n|switch|p2b: Kommo-o|Kommo-o, L50, F|100/100\n|turn|1\n|inactive|Laithani has 30 seconds left.\n|inactive|Laithani has 20 seconds left.\n|inactive|Laithani has 15 seconds left.\n|inactive|Jennifernand has 30 seconds left.\n|inactive|Laithani has 10 seconds left.\n|\n|t:|1776200618\n|switch|p2a: Rotom|Rotom-Wash, L50|100/100\n|detailschange|p1a: Blastoise|Blastoise-Mega, L50, M, shiny\n|-mega|p1a: Blastoise|Blastoise|Blastoisinite\n|move|p1b: Talonflame|Acrobatics|p2b: Kommo-o\n|-supereffective|p2b: Kommo-o|1\n|-damage|p2b: Kommo-o|14/100\n|move|p2b: Kommo-o|Clangorous Soul||[still]\n|-fail|p2b: Kommo-o\n|move|p1a: Blastoise|Shell Smash|p1a: Blastoise\n|-unboost|p1a: Blastoise|def|1\n|-unboost|p1a: Blastoise|spd|1\n|-boost|p1a: Blastoise|atk|2\n|-boost|p1a: Blastoise|spa|2\n|-boost|p1a: Blastoise|spe|2\n|\n|-heal|p2b: Kommo-o|20/100|[from] item: Leftovers\n|upkeep\n|turn|2\n|inactive|Jennifernand has 30 seconds left.\n|\n|t:|1776200648\n|move|p1a: Blastoise|Protect|p1a: Blastoise\n|-singleturn|p1a: Blastoise|Protect\n|move|p2a: Rotom|Volt Switch|p1a: Blastoise\n|-activate|p1a: Blastoise|move: Protect\n|move|p1b: Talonflame|Rain Dance|p1b: Talonflame\n|-weather|RainDance\n|move|p2b: Kommo-o|Clanging Scales|p1b: Talonflame|[spread] p1b\n|-activate|p1a: Blastoise|move: Protect\n|-damage|p1b: Talonflame|44/100\n|-unboost|p2b: Kommo-o|def|1\n|\n|-weather|RainDance|[upkeep]\n|-heal|p2b: Kommo-o|25/100|[from] item: Leftovers\n|upkeep\n|turn|3\n|\n|t:|1776200667\n|move|p1a: Blastoise|Water Spout|p2b: Kommo-o|[spread] p2a,p2b\n|-resisted|p2a: Rotom|1\n|-resisted|p2b: Kommo-o|1\n|-damage|p2a: Rotom|0 fnt\n|-damage|p2b: Kommo-o|0 fnt\n|faint|p2a: Rotom\n|faint|p2b: Kommo-o\n|move|p1b: Talonflame|Acrobatics|p2: Rotom|[notarget]\n|-fail|p1b: Talonflame\n|\n|-weather|RainDance|[upkeep]\n|upkeep\n|\n|t:|1776200689\n|switch|p2b: Floette|Floette-Eternal, L50, F|100/100\n|switch|p2a: Tyranitar|Tyranitar, L50, F|100/100\n|-weather|Sandstorm|[from] ability: Sand Stream|[of] p2a: Tyranitar\n|turn|4\n|inactive|Laithani has 30 seconds left.\n|\n|t:|1776200718\n|detailschange|p2b: Floette|Floette-Mega, L50, F\n|-mega|p2b: Floette|Floette|Floettite\n|-ability|p2b: Floette|Fairy Aura\n|move|p1a: Blastoise|Water Spout|p2a: Tyranitar|[spread] p2a,p2b\n|-supereffective|p2a: Tyranitar|1\n|-damage|p2a: Tyranitar|0 fnt\n|-damage|p2b: Floette|11/100\n|faint|p2a: Tyranitar\n|move|p1b: Talonflame|Rain Dance|p1b: Talonflame\n|-weather|RainDance\n|move|p2b: Floette|Moonblast|p1a: Blastoise\n|-damage|p1a: Blastoise|0 fnt\n|faint|p1a: Blastoise\n|\n|-weather|RainDance|[upkeep]\n|upkeep\n|\n|t:|1776200725\n|switch|p1a: Garchomp|Garchomp, L50, F, shiny|100/100\n|turn|5\n|\n|t:|1776200731\n|move|p1a: Garchomp|Poison Jab|p2b: Floette\n|-supereffective|p2b: Floette|1\n|-damage|p2b: Floette|0 fnt\n|faint|p2b: Floette\n|\n|win|Laithani\n|raw|Laithani's rating: 1206 &rarr; <strong>1235</strong><br />(+29 for winning)\n|raw|Jennifernand's rating: 1257 &rarr; <strong>1228</strong><br />(-29 for losing)\n|l|\u2606Jennifernand\n|player|p2|\n",
  "uploadtime": 1776200738,
  "views": 30,
  "formatid": "gen9championsvgc2026regma",
  "rating": 1228,
  "private": 0,
  "password": null
}