{
  "id": "gen9championsvgc2026regma-2583939614",
  "format": "[Gen 9 Champions] VGC 2026 Reg M-A",
  "players": [
    "ImInkkk",
    "retrojp"
  ],
  "log": "|j|\u2606ImInkkk\n|j|\u2606retrojp\n|t:|1776210099\n|gametype|doubles\n|player|p1|ImInkkk|hugh|1097\n|player|p2|retrojp|101|1163\n|gen|9\n|tier|[Gen 9 Champions] VGC 2026 Reg M-A\n|rated|\n|rule|Species Clause: Limit one of each Pok\u00e9mon\n|rule|Item Clause: Limit 1 of each item\n|clearpoke\n|poke|p1|Typhlosion-Hisui, L50, F|\n|poke|p1|Whimsicott, L50, F|\n|poke|p1|Garchomp, L50, F|\n|poke|p1|Zoroark-Hisui, L50, F|\n|poke|p1|Floette-Eternal, L50, F|\n|poke|p1|Incineroar, L50, F|\n|poke|p2|Aggron, L50, M|\n|poke|p2|Aerodactyl, L50, M|\n|poke|p2|Hydreigon, L50, F|\n|poke|p2|Tyranitar, L50, M|\n|poke|p2|Sneasler, L50, M|\n|poke|p2|Sinistcha, L50|\n|teampreview|4\n|\n|t:|1776210127\n|teamsize|p1|4\n|teamsize|p2|4\n|start\n|switch|p1a: Incineroar|Incineroar, L50, F, shiny|100/100\n|switch|p1b: Floette|Floette-Eternal, L50, F, shiny|100/100\n|switch|p2a: Aggron|Aggron, L50, M|100/100\n|switch|p2b: Sinistcha|Sinistcha, L50|100/100\n|-ability|p1a: Incineroar|Intimidate|boost\n|-unboost|p2a: Aggron|atk|1\n|-unboost|p2b: Sinistcha|atk|1\n|turn|1\n|\n|t:|1776210147\n|move|p2a: Aggron|Protect|p2a: Aggron\n|-singleturn|p2a: Aggron|Protect\n|move|p1b: Floette|Bitter Malice|p2a: Aggron\n|-activate|p2a: Aggron|move: Protect\n|move|p1a: Incineroar|Darkest Lariat|p2b: Sinistcha\n|-supereffective|p2b: Sinistcha|1\n|-damage|p2b: Sinistcha|53/100\n|move|p2b: Sinistcha|Trick Room|p2b: Sinistcha\n|-fieldstart|move: Trick Room|[of] p2b: Sinistcha\n|\n|upkeep\n|turn|2\n|\n|t:|1776210166\n|move|p1b: Floette|Protect|p1b: Floette\n|-singleturn|p1b: Floette|Protect\n|move|p2a: Aggron|Iron Defense|p2a: Aggron\n|-boost|p2a: Aggron|def|2\n|move|p1a: Incineroar|Parting Shot|p2a: Aggron\n|-unboost|p2a: Aggron|atk|1\n|-unboost|p2a: Aggron|spa|1\n|\n|t:|1776210175\n|switch|p1a: Garchomp|Garchomp, L50, F, shiny|100/100|[from] Parting Shot\n|move|p2b: Sinistcha|Life Dew||[still]|[spread] p2a,p2b\n|-fail|p2a: Aggron|heal\n|-heal|p2b: Sinistcha|78/100\n|\n|upkeep\n|turn|3\n|\n|t:|1776210200\n|detailschange|p2a: Aggron|Aggron-Mega, L50, M\n|-mega|p2a: Aggron|Aggron|Aggronite\n|move|p2b: Sinistcha|Rage Powder|p2b: Sinistcha\n|-singleturn|p2b: Sinistcha|move: Rage Powder\n|move|p2a: Aggron|Body Press|p1a: Garchomp\n|-damage|p1a: Garchomp|21/100\n|move|p1a: Garchomp|Earthquake|p2b: Sinistcha|[spread] p1b,p2a,p2b\n|-supereffective|p2a: Aggron|1\n|-resisted|p2b: Sinistcha|1\n|-damage|p1b: Floette|29/100\n|-damage|p2a: Aggron|87/100\n|-damage|p2b: Sinistcha|64/100\n|replace|p1b: Zoroark|Zoroark-Hisui, L50, F, shiny\n|-end|p1b: Zoroark|Illusion\n|move|p1b: Zoroark|Bitter Malice|p2b: Sinistcha\n|-supereffective|p2b: Sinistcha|1\n|-damage|p2b: Sinistcha|0 fnt\n|faint|p2b: Sinistcha\n|\n|upkeep\n|\n|t:|1776210230\n|switch|p2b: Sneasler|Sneasler, L50, M|100/100\n|-ability|p2b: Sneasler|Pressure\n|turn|4\n|\n|t:|1776210244\n|move|p2b: Sneasler|Fake Out|p1a: Garchomp\n|-damage|p1a: Garchomp|8/100\n|move|p2a: Aggron|Heavy Slam|p1b: Zoroark\n|-damage|p1b: Zoroark|0 fnt\n|faint|p1b: Zoroark\n|cant|p1a: Garchomp|flinch\n|\n|upkeep\n|\n|t:|1776210257\n|switch|p1b: Incineroar|Incineroar, L50, F, shiny|100/100\n|-ability|p1b: Incineroar|Intimidate|boost\n|-unboost|p2a: Aggron|atk|1\n|-unboost|p2b: Sneasler|atk|1\n|turn|5\n|\n|t:|1776210270\n|move|p2a: Aggron|Protect|p2a: Aggron\n|-singleturn|p2a: Aggron|Protect\n|move|p1b: Incineroar|Fake Out|p2a: Aggron\n|-activate|p2a: Aggron|move: Protect\n|move|p1a: Garchomp|Stomping Tantrum|p2a: Aggron\n|-activate|p2a: Aggron|move: Protect\n|move|p2b: Sneasler|Coaching|p2a: Aggron\n|-boost|p2a: Aggron|atk|1\n|-boost|p2a: Aggron|def|1\n|\n|-fieldend|move: Trick Room\n|upkeep\n|turn|6\n|\n|t:|1776210301\n|move|p2b: Sneasler|Dire Claw|p1a: Garchomp\n|-resisted|p1a: Garchomp|1\n|-damage|p1a: Garchomp|0 fnt\n|faint|p1a: Garchomp\n|move|p1b: Incineroar|Flare Blitz|p2a: Aggron\n|-supereffective|p2a: Aggron|1\n|-damage|p2a: Aggron|74/100\n|-damage|p1b: Incineroar|97/100|[from] Recoil\n|move|p2a: Aggron|Body Press|p1b: Incineroar\n|-supereffective|p1b: Incineroar|1\n|-damage|p1b: Incineroar|0 fnt\n|faint|p1b: Incineroar\n|\n|upkeep\n|\n|t:|1776210313\n|switch|p1a: Floette|Floette-Eternal, L50, F, shiny|100/100\n|turn|7\n|\n|t:|1776210321\n|detailschange|p1a: Floette|Floette-Mega, L50, F, shiny\n|-mega|p1a: Floette|Floette|Floettite\n|-ability|p1a: Floette|Fairy Aura\n|move|p2b: Sneasler|Coaching|p2a: Aggron\n|-boost|p2a: Aggron|atk|1\n|-boost|p2a: Aggron|def|1\n|move|p1a: Floette|Psychic|p2a: Aggron\n|-resisted|p2a: Aggron|1\n|-damage|p2a: Aggron|59/100\n|move|p2a: Aggron|Heavy Slam|p1a: Floette\n|-supereffective|p1a: Floette|1\n|-damage|p1a: Floette|43/100\n|\n|upkeep\n|turn|8\n|-message|ImInkkk forfeited.\n|\n|win|retrojp\n|raw|ImInkkk's rating: 1097 &rarr; <strong>1077</strong><br />(-20 for losing)\n|raw|retrojp's rating: 1163 &rarr; <strong>1183</strong><br />(+20 for winning)\n",
  "uploadtime": 1776210338,
  "views": 14,
  "formatid": "gen9championsvgc2026regma",
  "rating": 1077,
  "private": 0,
  "password": null
}