{
  "id": "gen9championsvgc2026regma-2587485976",
  "format": "[Gen 9 Champions] VGC 2026 Reg M-A",
  "players": [
    "RakeTheVulpix",
    "shangenb"
  ],
  "log": "|j|\u2606RakeTheVulpix\n|j|\u2606shangenb\n|t:|1776535862\n|gametype|doubles\n|player|p1|RakeTheVulpix|hilda|1170\n|player|p2|shangenb|101|1267\n|gen|9\n|tier|[Gen 9 Champions] VGC 2026 Reg M-A\n|rated|\n|rule|Species Clause: Limit one of each Pok\u00e9mon\n|rule|Item Clause: Limit 1 of each item\n|clearpoke\n|poke|p1|Starmie, L50|\n|poke|p1|Pelipper, L50, F|\n|poke|p1|Archaludon, L50, M|\n|poke|p1|Sinistcha, L50|\n|poke|p1|Arcanine-Hisui, L50, M|\n|poke|p1|Toxicroak, L50, M|\n|poke|p2|Floette-Eternal, L50, F|\n|poke|p2|Garchomp, L50, F|\n|poke|p2|Sneasler, L50, M|\n|poke|p2|Basculegion-F, L50, F|\n|poke|p2|Aerodactyl, L50, M|\n|poke|p2|Incineroar, L50, M|\n|teampreview|4\n|inactive|Battle timer is ON: inactive players will automatically lose when time's up. (requested by shangenb)\n|inactive|RakeTheVulpix also wants the timer to be on.\n|\n|t:|1776535889\n|teamsize|p1|4\n|teamsize|p2|4\n|start\n|switch|p1a: Starmie|Starmie, L50|100/100\n|switch|p1b: Pelipper|Pelipper, L50, F|100/100\n|switch|p2a: Basculegion|Basculegion-F, L50, F|100/100\n|switch|p2b: Aerodactyl|Aerodactyl, L50, M|100/100\n|-ability|p2b: Aerodactyl|Unnerve\n|-weather|RainDance|[from] ability: Drizzle|[of] p1b: Pelipper\n|turn|1\n|inactive|RakeTheVulpix has 30 seconds left.\n|inactive|RakeTheVulpix has 20 seconds left.\n|\n|t:|1776535926\n|detailschange|p1a: Starmie|Starmie-Mega, L50\n|-mega|p1a: Starmie|Starmie|Starminite\n|move|p2a: Basculegion|Shadow Ball|p1a: Starmie\n|-supereffective|p1a: Starmie|1\n|-damage|p1a: Starmie|0 fnt\n|faint|p1a: Starmie\n|move|p2b: Aerodactyl|Tailwind|p2b: Aerodactyl\n|-sidestart|p2: shangenb|move: Tailwind\n|move|p1b: Pelipper|Tailwind|p1b: Pelipper\n|-sidestart|p1: RakeTheVulpix|move: Tailwind\n|\n|-weather|RainDance|[upkeep]\n|upkeep\n|\n|t:|1776535939\n|switch|p1a: Archaludon|Archaludon, L50, M|100/100\n|turn|2\n|\n|t:|1776535949\n|move|p2a: Basculegion|Shadow Ball|p1b: Pelipper\n|-damage|p1b: Pelipper|22/100\n|-unboost|p1b: Pelipper|spd|1\n|move|p2b: Aerodactyl|Rock Slide|p1a: Archaludon|[spread] p1a,p1b\n|-resisted|p1a: Archaludon|1\n|-supereffective|p1b: Pelipper|1\n|-damage|p1a: Archaludon|89/100\n|-damage|p1b: Pelipper|0 fnt\n|-ability|p1a: Archaludon|Stamina|boost\n|-boost|p1a: Archaludon|def|1\n|faint|p1b: Pelipper\n|move|p1a: Archaludon|Electro Shot||[still]\n|-prepare|p1a: Archaludon|Electro Shot\n|-boost|p1a: Archaludon|spa|1\n|-anim|p1a: Archaludon|Electro Shot|p2a: Basculegion\n|-supereffective|p2a: Basculegion|1\n|-damage|p2a: Basculegion|0 fnt\n|faint|p2a: Basculegion\n|\n|-weather|RainDance|[upkeep]\n|-heal|p1a: Archaludon|95/100|[from] item: Leftovers\n|upkeep\n|\n|t:|1776535970\n|switch|p2a: Garchomp|Garchomp, L50, F|100/100\n|switch|p1b: Sinistcha|Sinistcha, L50|100/100\n|-heal|p1a: Archaludon|100/100|[from] ability: Hospitality|[of] p1b: Sinistcha\n|turn|3\n|inactive|RakeTheVulpix has 30 seconds left.\n|\n|t:|1776535996\n|move|p1b: Sinistcha|Protect|p1b: Sinistcha\n|-singleturn|p1b: Sinistcha|Protect\n|move|p2b: Aerodactyl|Dual Wingbeat|p1b: Sinistcha\n|-activate|p1b: Sinistcha|move: Protect\n|move|p2a: Garchomp|Earthquake|p1b: Sinistcha|[spread] p1a\n|-activate|p1b: Sinistcha|move: Protect\n|-immune|p2b: Aerodactyl\n|-supereffective|p1a: Archaludon|1\n|-damage|p1a: Archaludon|47/100\n|-ability|p1a: Archaludon|Stamina|boost\n|-boost|p1a: Archaludon|def|1\n|move|p1a: Archaludon|Draco Meteor|p2a: Garchomp\n|-supereffective|p2a: Garchomp|1\n|-crit|p2a: Garchomp\n|-damage|p2a: Garchomp|0 fnt\n|-unboost|p1a: Archaludon|spa|2\n|faint|p2a: Garchomp\n|\n|-weather|RainDance|[upkeep]\n|-heal|p1a: Archaludon|53/100|[from] item: Leftovers\n|upkeep\n|\n|t:|1776536017\n|switch|p2a: Floette|Floette-Eternal, L50, F|100/100\n|turn|4\n|\n|t:|1776536032\n|detailschange|p2a: Floette|Floette-Mega, L50, F\n|-mega|p2a: Floette|Floette|Floettite\n|-ability|p2a: Floette|Fairy Aura\n|move|p2b: Aerodactyl|Dual Wingbeat|p1b: Sinistcha|[miss]\n|-miss|p2b: Aerodactyl|p1b: Sinistcha\n|move|p2a: Floette|Dazzling Gleam|p1a: Archaludon|[spread] p1a,p1b\n|-damage|p1a: Archaludon|0 fnt\n|-damage|p1b: Sinistcha|34/100\n|faint|p1a: Archaludon\n|move|p1b: Sinistcha|Life Dew|p1b: Sinistcha\n|-heal|p1b: Sinistcha|59/100\n|\n|-weather|RainDance|[upkeep]\n|-sideend|p1: RakeTheVulpix|move: Tailwind\n|-sideend|p2: shangenb|move: Tailwind\n|upkeep\n|turn|5\n|-message|RakeTheVulpix forfeited.\n|\n|win|shangenb\n|raw|RakeTheVulpix's rating: 1170 &rarr; <strong>1152</strong><br />(-18 for losing)\n|raw|shangenb's rating: 1267 &rarr; <strong>1285</strong><br />(+18 for winning)\n|l|\u2606RakeTheVulpix\n|player|p1|\n",
  "uploadtime": 1776536051,
  "views": 12,
  "formatid": "gen9championsvgc2026regma",
  "rating": 1152,
  "private": 0,
  "password": null
}