{
  "id": "gen9championsvgc2026regma-2583416263",
  "format": "[Gen 9 Champions] VGC 2026 Reg M-A",
  "players": [
    "ChocolateTequila",
    "Riczi"
  ],
  "log": "|j|\u2606ChocolateTequila\n|j|\u2606Riczi\n|t:|1776174193\n|gametype|doubles\n|player|p1|ChocolateTequila|nurse|1338\n|player|p2|Riczi|101|1293\n|gen|9\n|tier|[Gen 9 Champions] VGC 2026 Reg M-A\n|rated|\n|rule|Species Clause: Limit one of each Pok\u00e9mon\n|rule|Item Clause: Limit 1 of each item\n|clearpoke\n|poke|p1|Floette-Eternal, L50, F|\n|poke|p1|Aerodactyl, L50, F|\n|poke|p1|Garchomp, L50, M|\n|poke|p1|Rotom-Wash, L50|\n|poke|p1|Sneasler, L50, M|\n|poke|p1|Incineroar, L50, M|\n|poke|p2|Farigiraf, L50, F|\n|poke|p2|Kingambit, L50, M|\n|poke|p2|Basculegion, L50, M|\n|poke|p2|Arcanine-Hisui, L50, M|\n|poke|p2|Abomasnow, L50, M|\n|poke|p2|Sneasler, L50, M|\n|teampreview|4\n|inactive|Battle timer is ON: inactive players will automatically lose when time's up. (requested by ChocolateTequila)\n|inactive|ChocolateTequila has 60 seconds left.\n|\n|t:|1776174227\n|teamsize|p1|4\n|teamsize|p2|4\n|start\n|switch|p1a: Floette|Floette-Eternal, L50, F|100/100\n|switch|p1b: Sneasler|Sneasler, L50, M|100/100\n|switch|p2a: Farigiraf|Farigiraf, L50, F|100/100\n|switch|p2b: Basculegion|Basculegion, L50, M|100/100\n|turn|1\n|inactive|ChocolateTequila has 30 seconds left.\n|\n|t:|1776174258\n|detailschange|p1a: Floette|Floette-Mega, L50, F\n|-mega|p1a: Floette|Floette|Floettite\n|-ability|p1a: Floette|Fairy Aura\n|move|p2b: Basculegion|Flip Turn|p1a: Floette\n|-damage|p1a: Floette|67/100\n|\n|t:|1776174265\n|switch|p2b: Abomasnow|Abomasnow, L50, M|100/100|[from] Flip Turn\n|-weather|Snowscape|[from] ability: Snow Warning|[of] p2b: Abomasnow\n|move|p1b: Sneasler|Close Combat|p2a: Farigiraf\n|-damage|p2a: Farigiraf|38/100\n|-unboost|p1b: Sneasler|def|1\n|-unboost|p1b: Sneasler|spd|1\n|-enditem|p1b: Sneasler|White Herb\n|-clearnegativeboost|p1b: Sneasler|[silent]\n|move|p1a: Floette|Moonblast|p2a: Farigiraf\n|-damage|p2a: Farigiraf|0 fnt\n|faint|p2a: Farigiraf\n|\n|-weather|Snowscape|[upkeep]\n|upkeep\n|\n|t:|1776174283\n|switch|p2a: Arcanine|Arcanine-Hisui, L50, M|100/100\n|-ability|p2a: Arcanine|Intimidate|boost\n|-unboost|p1a: Floette|atk|1\n|-unboost|p1b: Sneasler|atk|1\n|turn|2\n|\n|t:|1776174303\n|switch|p1b: Rotom|Rotom-Wash, L50|100/100\n|detailschange|p2b: Abomasnow|Abomasnow-Mega, L50, M\n|-mega|p2b: Abomasnow|Abomasnow|Abomasite\n|move|p2a: Arcanine|Protect|p2a: Arcanine\n|-singleturn|p2a: Arcanine|Protect\n|move|p1a: Floette|Protect|p1a: Floette\n|-singleturn|p1a: Floette|Protect\n|move|p2b: Abomasnow|Blizzard|p1a: Floette|[spread] p1b\n|-activate|p1a: Floette|move: Protect\n|-resisted|p1b: Rotom|1\n|-damage|p1b: Rotom|73/100\n|\n|-weather|Snowscape|[upkeep]\n|upkeep\n|turn|3\n|\n|t:|1776174322\n|switch|p2a: Basculegion|Basculegion, L50, M|100/100\n|move|p1b: Rotom|Electroweb|p2b: Abomasnow|[spread] p2a,p2b\n|-supereffective|p2a: Basculegion|1\n|-resisted|p2b: Abomasnow|1\n|-damage|p2a: Basculegion|66/100\n|-damage|p2b: Abomasnow|94/100\n|-unboost|p2a: Basculegion|spe|1\n|-unboost|p2b: Abomasnow|spe|1\n|move|p1a: Floette|Moonblast|p2b: Abomasnow\n|-damage|p2b: Abomasnow|21/100\n|move|p2b: Abomasnow|Energy Ball|p1b: Rotom\n|-supereffective|p1b: Rotom|1\n|-damage|p1b: Rotom|0 fnt\n|faint|p1b: Rotom\n|\n|-weather|Snowscape|[upkeep]\n|upkeep\n|inactive|ChocolateTequila has 30 seconds left.\n|\n|t:|1776174352\n|switch|p1b: Garchomp|Garchomp, L50, M|100/100\n|turn|4\n|inactive|ChocolateTequila has 30 seconds left.\n|inactive|ChocolateTequila has 20 seconds left.\n|\n|t:|1776174389\n|switch|p2a: Arcanine|Arcanine-Hisui, L50, M|100/100\n|-ability|p2a: Arcanine|Intimidate|boost\n|-unboost|p1a: Floette|atk|1\n|-unboost|p1b: Garchomp|atk|1\n|move|p1a: Floette|Protect|p1a: Floette\n|-singleturn|p1a: Floette|Protect\n|move|p2b: Abomasnow|Protect|p2b: Abomasnow\n|-singleturn|p2b: Abomasnow|Protect\n|move|p1b: Garchomp|Stone Edge|p2b: Abomasnow\n|-activate|p2b: Abomasnow|move: Protect\n|\n|-weather|Snowscape|[upkeep]\n|upkeep\n|turn|5\n|\n|t:|1776174408\n|move|p2a: Arcanine|Protect|p2a: Arcanine\n|-singleturn|p2a: Arcanine|Protect\n|move|p1b: Garchomp|Stomping Tantrum|p2a: Arcanine\n|-activate|p2a: Arcanine|move: Protect\n|move|p1a: Floette|Moonblast|p2b: Abomasnow\n|-damage|p2b: Abomasnow|0 fnt\n|faint|p2b: Abomasnow\n|\n|-weather|none\n|upkeep\n|\n|t:|1776174416\n|switch|p2b: Basculegion|Basculegion, L50, M|66/100\n|turn|6\n|\n|t:|1776174434\n|move|p2a: Arcanine|Extreme Speed|p1b: Garchomp\n|-damage|p1b: Garchomp|75/100\n|move|p2b: Basculegion|Last Respects|p1b: Garchomp\n|-damage|p1b: Garchomp|9/100\n|move|p1b: Garchomp|Earthquake|p2a: Arcanine|[spread] p1a,p2a,p2b\n|-supereffective|p2a: Arcanine|2\n|-damage|p1a: Floette|34/100\n|-damage|p2a: Arcanine|0 fnt\n|-damage|p2b: Basculegion|26/100\n|faint|p2a: Arcanine\n|move|p1a: Floette|Moonblast|p2b: Basculegion\n|-damage|p2b: Basculegion|0 fnt\n|faint|p2b: Basculegion\n|\n|win|ChocolateTequila\n|raw|ChocolateTequila's rating: 1338 &rarr; <strong>1355</strong><br />(+17 for winning)\n|raw|Riczi's rating: 1293 &rarr; <strong>1271</strong><br />(-22 for losing)\n",
  "uploadtime": 1776174441,
  "views": 22,
  "formatid": "gen9championsvgc2026regma",
  "rating": 1271,
  "private": 0,
  "password": null
}