{
  "id": "gen9championsvgc2026regma-2588723968",
  "format": "[Gen 9 Champions] VGC 2026 Reg M-A",
  "players": [
    "popilokooo",
    "Poshua7"
  ],
  "log": "|j|\u2606popilokooo\n|j|\u2606Poshua7\n|t:|1776662265\n|gametype|doubles\n|player|p1|popilokooo|n|1045\n|player|p2|Poshua7|ethan|1000\n|gen|9\n|tier|[Gen 9 Champions] VGC 2026 Reg M-A\n|rated|\n|rule|Species Clause: Limit one of each Pok\u00e9mon\n|rule|Item Clause: Limit 1 of each item\n|clearpoke\n|poke|p1|Aggron, L50, F|\n|poke|p1|Tyranitar, L50, F|\n|poke|p1|Excadrill, L50, F|\n|poke|p1|Aegislash, L50, M|\n|poke|p1|Aerodactyl, L50, F|\n|poke|p1|Sinistcha, L50|\n|poke|p2|Tinkaton, L50, F, shiny|\n|poke|p2|Starmie, L50, shiny|\n|poke|p2|Ceruledge, L50, F|\n|poke|p2|Sneasler, L50, M|\n|poke|p2|Appletun, L50, M|\n|poke|p2|Basculegion-F, L50, F|\n|teampreview|4\n|\n|t:|1776662302\n|teamsize|p1|4\n|teamsize|p2|4\n|start\n|switch|p1a: Aggron|Aggron, L50, F|100/100\n|switch|p1b: Sinistcha|Sinistcha, L50|100/100\n|switch|p2a: Basculegion|Basculegion-F, L50, F|100/100\n|switch|p2b: Starmie|Starmie, L50, shiny|100/100\n|turn|1\n|\n|t:|1776662320\n|detailschange|p2b: Starmie|Starmie-Mega, L50, shiny\n|-mega|p2b: Starmie|Starmie|Starminite\n|detailschange|p1a: Aggron|Aggron-Mega, L50, F\n|-mega|p1a: Aggron|Aggron|Aggronite\n|move|p2b: Starmie|Liquidation|p1a: Aggron\n|-damage|p1a: Aggron|65/100\n|-unboost|p1a: Aggron|def|1\n|move|p2a: Basculegion|Flip Turn|p1a: Aggron\n|-damage|p1a: Aggron|37/100\n|\n|t:|1776662329\n|switch|p2a: Sneasler|Sneasler, L50, M|100/100|[from] Flip Turn\n|move|p1a: Aggron|Curse|p1a: Aggron\n|-unboost|p1a: Aggron|spe|1\n|-boost|p1a: Aggron|atk|1\n|-boost|p1a: Aggron|def|1\n|move|p1b: Sinistcha|Trick Room|p1b: Sinistcha\n|-fieldstart|move: Trick Room|[of] p1b: Sinistcha\n|\n|upkeep\n|turn|2\n|\n|t:|1776662345\n|move|p2a: Sneasler|Fake Out|p1a: Aggron\n|-resisted|p1a: Aggron|1\n|-damage|p1a: Aggron|33/100\n|move|p1b: Sinistcha|Rage Powder|p1b: Sinistcha\n|-singleturn|p1b: Sinistcha|move: Rage Powder\n|cant|p1a: Aggron|flinch\n|move|p2b: Starmie|Liquidation|p1b: Sinistcha\n|-resisted|p1b: Sinistcha|1\n|-damage|p1b: Sinistcha|65/100\n|\n|-heal|p1b: Sinistcha|71/100|[from] item: Leftovers\n|upkeep\n|turn|3\n|\n|t:|1776662366\n|move|p2a: Sneasler|Protect|p2a: Sneasler\n|-singleturn|p2a: Sneasler|Protect\n|move|p1b: Sinistcha|Rage Powder|p1b: Sinistcha\n|-singleturn|p1b: Sinistcha|move: Rage Powder\n|move|p1a: Aggron|Earthquake|p2a: Sneasler|[spread] p1b,p2b\n|-activate|p2a: Sneasler|move: Protect\n|-resisted|p1b: Sinistcha|1\n|-damage|p1b: Sinistcha|49/100\n|-damage|p2b: Starmie|47/100\n|move|p2b: Starmie|Skill Swap|p1b: Sinistcha\n|-activate|p2b: Starmie|Skill Swap|Hospitality|Huge Power|[of] p1b: Sinistcha\n|\n|-heal|p1b: Sinistcha|56/100|[from] item: Leftovers\n|upkeep\n|turn|4\n|\n|t:|1776662396\n|switch|p2b: Basculegion|Basculegion-F, L50, F|100/100\n|move|p1a: Aggron|Earthquake|p2a: Sneasler|[spread] p1b,p2a,p2b\n|-resisted|p1b: Sinistcha|1\n|-crit|p1b: Sinistcha\n|-supereffective|p2a: Sneasler|1\n|-damage|p1b: Sinistcha|22/100\n|-damage|p2a: Sneasler|0 fnt\n|-damage|p2b: Basculegion|54/100\n|faint|p2a: Sneasler\n|move|p1b: Sinistcha|Strength Sap|p2b: Basculegion\n|-unboost|p2b: Basculegion|atk|1\n|-heal|p1b: Sinistcha|100/100\n|\n|-heal|p2b: Basculegion|60/100|[from] item: Leftovers\n|upkeep\n|\n|t:|1776662408\n|switch|p2a: Starmie|Starmie-Mega, L50, shiny|47/100\n|turn|5\n|\n|t:|1776662428\n|move|p1b: Sinistcha|Rage Powder|p1b: Sinistcha\n|-singleturn|p1b: Sinistcha|move: Rage Powder\n|move|p1a: Aggron|Earthquake|p2b: Basculegion|[spread] p1b,p2a,p2b\n|-resisted|p1b: Sinistcha|1\n|-damage|p1b: Sinistcha|78/100\n|-damage|p2a: Starmie|0 fnt\n|-damage|p2b: Basculegion|19/100\n|faint|p2a: Starmie\n|move|p2b: Basculegion|Last Respects|p1b: Sinistcha\n|-supereffective|p1b: Sinistcha|1\n|-damage|p1b: Sinistcha|0 fnt\n|faint|p1b: Sinistcha\n|\n|-heal|p2b: Basculegion|25/100|[from] item: Leftovers\n|-fieldend|move: Trick Room\n|upkeep\n|\n|t:|1776662439\n|switch|p2a: Appletun|Appletun, L50, M|100/100\n|switch|p1b: Aegislash|Aegislash, L50, M|100/100\n|turn|6\n|\n|t:|1776662460\n|move|p2a: Appletun|Protect|p2a: Appletun\n|-singleturn|p2a: Appletun|Protect\n|move|p2b: Basculegion|Last Respects|p1b: Aegislash\n|-supereffective|p1b: Aegislash|1\n|-damage|p1b: Aegislash|0 fnt\n|faint|p1b: Aegislash\n|move|p1a: Aggron|Earthquake|p2b: Basculegion|[spread] p2b\n|-activate|p2a: Appletun|move: Protect\n|-damage|p2b: Basculegion|0 fnt\n|faint|p2b: Basculegion\n|\n|upkeep\n|\n|t:|1776662471\n|switch|p1b: Tyranitar|Tyranitar, L50, F|100/100\n|-weather|Sandstorm|[from] ability: Sand Stream|[of] p1b: Tyranitar\n|turn|7\n|\n|t:|1776662479\n|move|p1b: Tyranitar|Helping Hand|p1a: Aggron\n|-singleturn|p1a: Aggron|Helping Hand|[of] p1b: Tyranitar\n|move|p2a: Appletun|Apple Acid|p1b: Tyranitar\n|-supereffective|p1b: Tyranitar|1\n|-damage|p1b: Tyranitar|53/100\n|-unboost|p1b: Tyranitar|spd|1\n|move|p1a: Aggron|Earthquake|p2a: Appletun|[spread] p1b,p2a\n|-supereffective|p1b: Tyranitar|1\n|-resisted|p2a: Appletun|1\n|-crit|p2a: Appletun\n|-damage|p1b: Tyranitar|0 fnt\n|-damage|p2a: Appletun|55/100\n|faint|p1b: Tyranitar\n|\n|-weather|Sandstorm|[upkeep]\n|-damage|p2a: Appletun|49/100|[from] Sandstorm\n|upkeep\n|turn|8\n|\n|t:|1776662497\n|move|p2a: Appletun|Draco Meteor|p1a: Aggron\n|-resisted|p1a: Aggron|1\n|-damage|p1a: Aggron|0 fnt\n|-unboost|p2a: Appletun|spa|2\n|faint|p1a: Aggron\n|\n|win|Poshua7\n|raw|popilokooo's rating: 1045 &rarr; <strong>1026</strong><br />(-19 for losing)\n|raw|Poshua7's rating: 1000 &rarr; <strong>1045</strong><br />(+45 for winning)\n|l|\u2606popilokooo\n|player|p1|\n",
  "uploadtime": 1776662505,
  "views": 16,
  "formatid": "gen9championsvgc2026regma",
  "rating": 1026,
  "private": 0,
  "password": null
}