{
  "id": "gen9championsvgc2026regma-2586749594",
  "format": "[Gen 9 Champions] VGC 2026 Reg M-A",
  "players": [
    "lolgz",
    "RionthLion"
  ],
  "log": "|j|\u2606lolgz\n|j|\u2606RionthLion\n|t:|1776456912\n|gametype|doubles\n|player|p1|lolgz|dawn|1207\n|player|p2|RionthLion|101|1171\n|gen|9\n|tier|[Gen 9 Champions] VGC 2026 Reg M-A\n|rated|\n|rule|Species Clause: Limit one of each Pok\u00e9mon\n|rule|Item Clause: Limit 1 of each item\n|clearpoke\n|poke|p1|Floette-Eternal, L50, F|\n|poke|p1|Maushold, L50|\n|poke|p1|Garchomp, L50, F|\n|poke|p1|Aerodactyl, L50, F|\n|poke|p1|Delphox, L50, F|\n|poke|p1|Milotic, L50, M|\n|poke|p2|Arcanine-Hisui, L50, M|\n|poke|p2|Archaludon, L50, F|\n|poke|p2|Sinistcha, L50|\n|poke|p2|Tyranitar, L50, M|\n|poke|p2|Excadrill, L50, F|\n|poke|p2|Tauros-Paldea-Aqua, L50, M|\n|teampreview|4\n|l|\u2606lolgz\n|player|p1|\n|j|\u2606lolgz\n|player|p1|lolgz|dawn|\n|\n|t:|1776457003\n|teamsize|p1|4\n|teamsize|p2|4\n|start\n|switch|p1a: Aerodactyl|Aerodactyl, L50, F|100/100\n|switch|p1b: Garchomp|Garchomp, L50, F|100/100\n|switch|p2a: Tyranitar|Tyranitar, L50, M|100/100\n|switch|p2b: Excadrill|Excadrill, L50, F|100/100\n|-ability|p1a: Aerodactyl|Unnerve\n|-weather|Sandstorm|[from] ability: Sand Stream|[of] p2a: Tyranitar\n|turn|1\n|\n|t:|1776457038\n|detailschange|p2a: Tyranitar|Tyranitar-Mega, L50, M\n|-mega|p2a: Tyranitar|Tyranitar|Tyranitarite\n|move|p2b: Excadrill|Rock Slide|p1b: Garchomp|[spread] p1a,p1b\n|-supereffective|p1a: Aerodactyl|1\n|-resisted|p1b: Garchomp|1\n|-damage|p1a: Aerodactyl|39/100\n|-damage|p1b: Garchomp|91/100\n|move|p1a: Aerodactyl|Tailwind|p1a: Aerodactyl\n|-sidestart|p1: lolgz|move: Tailwind\n|move|p1b: Garchomp|Earthquake|p2a: Tyranitar|[spread] p2a,p2b\n|-immune|p1a: Aerodactyl\n|-supereffective|p2a: Tyranitar|1\n|-supereffective|p2b: Excadrill|1\n|-damage|p2a: Tyranitar|48/100\n|-enditem|p2b: Excadrill|Focus Sash\n|-damage|p2b: Excadrill|1/100\n|move|p2a: Tyranitar|Crunch|p1b: Garchomp\n|-damage|p1b: Garchomp|39/100\n|-damage|p2a: Tyranitar|36/100|[from] ability: Rough Skin|[of] p1b: Garchomp\n|\n|-weather|Sandstorm|[upkeep]\n|upkeep\n|turn|2\n|\n|t:|1776457071\n|move|p2a: Tyranitar|Protect|p2a: Tyranitar\n|-singleturn|p2a: Tyranitar|Protect\n|move|p1a: Aerodactyl|Rock Slide|p2a: Tyranitar|[spread] p2b\n|-activate|p2a: Tyranitar|move: Protect\n|-resisted|p2b: Excadrill|2\n|-damage|p2b: Excadrill|0 fnt\n|faint|p2b: Excadrill\n|move|p1b: Garchomp|Earthquake|p2a: Tyranitar|[spread] \n|-activate|p2a: Tyranitar|move: Protect\n|-immune|p1a: Aerodactyl\n|\n|-weather|Sandstorm|[upkeep]\n|upkeep\n|\n|t:|1776457086\n|switch|p2b: Sinistcha|Sinistcha, L50|100/100\n|-heal|p2a: Tyranitar|61/100|[from] ability: Hospitality|[of] p2b: Sinistcha\n|turn|3\n|\n|t:|1776457099\n|move|p1a: Aerodactyl|Dual Wingbeat|p2b: Sinistcha\n|-supereffective|p2b: Sinistcha|1\n|-damage|p2b: Sinistcha|69/100\n|-supereffective|p2b: Sinistcha|1\n|-damage|p2b: Sinistcha|41/100\n|-hitcount|p2b: Sinistcha|2\n|move|p1b: Garchomp|Earthquake|p2a: Tyranitar|[spread] p2a,p2b\n|-immune|p1a: Aerodactyl\n|-supereffective|p2a: Tyranitar|1\n|-resisted|p2b: Sinistcha|1\n|-damage|p2a: Tyranitar|12/100\n|-damage|p2b: Sinistcha|23/100\n|move|p2a: Tyranitar|Rock Slide|p1a: Aerodactyl|[spread] p1a,p1b\n|-supereffective|p1a: Aerodactyl|1\n|-resisted|p1b: Garchomp|1\n|-damage|p1a: Aerodactyl|0 fnt\n|-damage|p1b: Garchomp|21/100\n|faint|p1a: Aerodactyl\n|move|p2b: Sinistcha|Matcha Gotcha|p1b: Garchomp|[miss]\n|-miss|p2b: Sinistcha|p1b: Garchomp\n|\n|-weather|Sandstorm|[upkeep]\n|-damage|p2b: Sinistcha|16/100|[from] Sandstorm\n|-heal|p2b: Sinistcha|23/100|[from] item: Leftovers\n|upkeep\n|\n|t:|1776457109\n|switch|p1a: Floette|Floette-Eternal, L50, F|100/100\n|turn|4\n|\n|t:|1776457150\n|detailschange|p1a: Floette|Floette-Mega, L50, F\n|-mega|p1a: Floette|Floette|Floettite\n|-ability|p1a: Floette|Fairy Aura\n|move|p1a: Floette|Dazzling Gleam|p2a: Tyranitar|[spread] p2a,p2b\n|-supereffective|p2a: Tyranitar|1\n|-damage|p2a: Tyranitar|0 fnt\n|-damage|p2b: Sinistcha|0 fnt\n|faint|p2a: Tyranitar\n|faint|p2b: Sinistcha\n|move|p1b: Garchomp|Dragon Claw|p2: Tyranitar|[notarget]\n|-fail|p1b: Garchomp\n|\n|-weather|Sandstorm|[upkeep]\n|-damage|p1a: Floette|94/100|[from] Sandstorm\n|-sideend|p1: lolgz|move: Tailwind\n|upkeep\n|\n|t:|1776457163\n|switch|p2b: Archaludon|Archaludon, L50, F|100/100\n|turn|5\n|\n|t:|1776457180\n|move|p1b: Garchomp|Stomping Tantrum|p2b: Archaludon\n|-supereffective|p2b: Archaludon|1\n|-damage|p2b: Archaludon|0 fnt\n|faint|p2b: Archaludon\n|\n|win|lolgz\n|raw|lolgz's rating: 1207 &rarr; <strong>1229</strong><br />(+22 for winning)\n|raw|RionthLion's rating: 1171 &rarr; <strong>1149</strong><br />(-22 for losing)\n",
  "uploadtime": 1776457180,
  "views": 26,
  "formatid": "gen9championsvgc2026regma",
  "rating": 1149,
  "private": 0,
  "password": null
}