{
  "id": "gen9championsvgc2026regma-2586654324",
  "format": "[Gen 9 Champions] VGC 2026 Reg M-A",
  "players": [
    "p0l4ire",
    "IanIsBored"
  ],
  "log": "|j|\u2606p0l4ire\n|j|\u2606IanIsBored\n|t:|1776449704\n|gametype|doubles\n|player|p1|p0l4ire|az|1116\n|player|p2|IanIsBored|ethan|1104\n|gen|9\n|tier|[Gen 9 Champions] VGC 2026 Reg M-A\n|rated|\n|rule|Species Clause: Limit one of each Pok\u00e9mon\n|rule|Item Clause: Limit 1 of each item\n|clearpoke\n|poke|p1|Farigiraf, L50, F|\n|poke|p1|Camerupt, L50, M|\n|poke|p1|Crabominable, L50, M|\n|poke|p1|Sinistcha-Masterpiece, L50|\n|poke|p1|Gyarados, L50, M|\n|poke|p1|Milotic, L50, F|\n|poke|p2|Farigiraf, L50, F|\n|poke|p2|Kingambit, L50, F|\n|poke|p2|Sinistcha, L50|\n|poke|p2|Incineroar, L50, M|\n|poke|p2|Golurk, L50|\n|poke|p2|Meganium, L50, M|\n|teampreview|4\n|inactive|Battle timer is ON: inactive players will automatically lose when time's up. (requested by IanIsBored)\n|inactive|p0l4ire has 60 seconds left.\n|\n|t:|1776449739\n|teamsize|p1|4\n|teamsize|p2|4\n|start\n|switch|p1a: Milotic|Milotic, L50, F|100/100\n|switch|p1b: Crabominable|Crabominable, L50, M|100/100\n|switch|p2a: Longboi Slim|Farigiraf, L50, F|100/100\n|switch|p2b: Litty Kitty|Incineroar, L50, M|100/100\n|-ability|p2b: Litty Kitty|Intimidate|boost\n|-unboost|p1a: Milotic|atk|1\n|-ability|p1a: Milotic|Competitive|boost\n|-boost|p1a: Milotic|spa|2\n|-unboost|p1b: Crabominable|atk|1\n|turn|1\n|\n|t:|1776449759\n|move|p1b: Crabominable|Protect|p1b: Crabominable\n|-singleturn|p1b: Crabominable|Protect\n|move|p2b: Litty Kitty|Fake Out|p1b: Crabominable\n|-activate|p1b: Crabominable|move: Protect\n|move|p1a: Milotic|Light Screen|p1a: Milotic\n|-sidestart|p1: p0l4ire|move: Light Screen\n|move|p2a: Longboi Slim|Trick Room|p2a: Longboi Slim\n|-fieldstart|move: Trick Room|[of] p2a: Longboi Slim\n|\n|upkeep\n|turn|2\n|inactive|IanIsBored has 30 seconds left.\n|\n|t:|1776449787\n|switch|p2b: Superman|Golurk, L50|100/100\n|move|p1b: Crabominable|Drain Punch|p2b: Superman\n|-immune|p2b: Superman\n|move|p2a: Longboi Slim|Psychic|p1b: Crabominable\n|-supereffective|p1b: Crabominable|1\n|-damage|p1b: Crabominable|48/100\n|move|p1a: Milotic|Scald|p2a: Longboi Slim\n|-damage|p2a: Longboi Slim|47/100\n|\n|upkeep\n|turn|3\n|\n|t:|1776449811\n|detailschange|p2b: Superman|Golurk-Mega, L50\n|-mega|p2b: Superman|Golurk|Golurkite\n|move|p1b: Crabominable|Ice Punch|p2b: Superman\n|-supereffective|p2b: Superman|1\n|-damage|p2b: Superman|41/100\n|move|p2a: Longboi Slim|Hyper Voice|p1b: Crabominable|[spread] p1a,p1b\n|-damage|p1a: Milotic|87/100\n|-damage|p1b: Crabominable|22/100\n|move|p2b: Superman|Thunder Punch|p1a: Milotic\n|-supereffective|p1a: Milotic|1\n|-enditem|p1a: Milotic|Wacan Berry|[eat]\n|-enditem|p1a: Milotic|Wacan Berry|[weaken]\n|-damage|p1a: Milotic|58/100\n|move|p1a: Milotic|Scald|p2a: Longboi Slim\n|-damage|p2a: Longboi Slim|0 fnt\n|faint|p2a: Longboi Slim\n|\n|upkeep\n|\n|t:|1776449831\n|switch|p2a: The Emperor|Kingambit, L50, F|100/100\n|turn|4\n|inactive|p0l4ire has 30 seconds left.\n|\n|t:|1776449865\n|move|p1b: Crabominable|Mach Punch|p2a: The Emperor\n|-supereffective|p2a: The Emperor|2\n|-damage|p2a: The Emperor|46/100\n|move|p2a: The Emperor|Kowtow Cleave|p1a: Milotic\n|-damage|p1a: Milotic|10/100\n|move|p2b: Superman|Iron Head|p1b: Crabominable\n|-supereffective|p1b: Crabominable|1\n|-damage|p1b: Crabominable|0 fnt\n|faint|p1b: Crabominable\n|move|p1a: Milotic|Scald|p2b: Superman\n|-supereffective|p2b: Superman|1\n|-damage|p2b: Superman|0 fnt\n|faint|p2b: Superman\n|\n|upkeep\n|\n|t:|1776449885\n|switch|p1b: Camerupt|Camerupt, L50, M|100/100\n|switch|p2b: Litty Kitty|Incineroar, L50, M|100/100\n|-ability|p2b: Litty Kitty|Intimidate|boost\n|-unboost|p1a: Milotic|atk|1\n|-ability|p1a: Milotic|Competitive|boost\n|-boost|p1a: Milotic|spa|2\n|-unboost|p1b: Camerupt|atk|1\n|turn|5\n|inactive|IanIsBored has 30 seconds left.\n|\n|t:|1776449916\n|detailschange|p1b: Camerupt|Camerupt-Mega, L50, M\n|-mega|p1b: Camerupt|Camerupt|Cameruptite\n|move|p2b: Litty Kitty|Fake Out|p1b: Camerupt\n|-damage|p1b: Camerupt|91/100\n|cant|p1b: Camerupt|flinch\n|move|p2a: The Emperor|Kowtow Cleave|p1b: Camerupt\n|-damage|p1b: Camerupt|35/100\n|move|p1a: Milotic|Scald|p2b: Litty Kitty\n|-supereffective|p2b: Litty Kitty|1\n|-damage|p2b: Litty Kitty|0 fnt\n|faint|p2b: Litty Kitty\n|\n|-sideend|p1: p0l4ire|move: Light Screen\n|-fieldend|move: Trick Room\n|upkeep\n|turn|6\n|\n|t:|1776449938\n|move|p2a: The Emperor|Sucker Punch|p1b: Camerupt\n|-damage|p1b: Camerupt|0 fnt\n|faint|p1b: Camerupt\n|move|p1a: Milotic|Scald|p2a: The Emperor\n|-damage|p2a: The Emperor|0 fnt\n|faint|p2a: The Emperor\n|\n|win|p0l4ire\n|raw|p0l4ire's rating: 1116 &rarr; <strong>1140</strong><br />(+24 for winning)\n|raw|IanIsBored's rating: 1104 &rarr; <strong>1080</strong><br />(-24 for losing)\n|l|\u2606p0l4ire\n|player|p1|\n|c|\u2606IanIsBored|gg\n",
  "uploadtime": 1776449947,
  "views": 25,
  "formatid": "gen9championsvgc2026regma",
  "rating": 1080,
  "private": 0,
  "password": null
}