{
  "id": "gen9championsvgc2026regma-2583072068",
  "format": "[Gen 9 Champions] VGC 2026 Reg M-A",
  "players": [
    "redistr",
    "KilamanolaVGC"
  ],
  "log": "|j|\u2606redistr\n|j|\u203dKilamanolaVGC\n|t:|1776138893\n|gametype|doubles\n|player|p1|redistr|chili|1302\n|player|p2|KilamanolaVGC|benga|1373\n|gen|9\n|tier|[Gen 9 Champions] VGC 2026 Reg M-A\n|rated|\n|rule|Species Clause: Limit one of each Pok\u00e9mon\n|rule|Item Clause: Limit 1 of each item\n|clearpoke\n|poke|p1|Delphox, L50, F|\n|poke|p1|Garchomp, L50, F|\n|poke|p1|Floette-Eternal, L50, F|\n|poke|p1|Sneasler, L50, F|\n|poke|p1|Kingambit, L50, M|\n|poke|p1|Incineroar, L50, F|\n|poke|p2|Floette-Eternal, L50, F|\n|poke|p2|Garchomp, L50, M|\n|poke|p2|Aerodactyl, L50, M|\n|poke|p2|Kingambit, L50, F|\n|poke|p2|Charizard, L50, M|\n|poke|p2|Sneasler, L50, M|\n|teampreview|4\n|inactive|Battle timer is ON: inactive players will automatically lose when time's up. (requested by KilamanolaVGC)\n|inactive|redistr also wants the timer to be on.\n|c|\u2606redistr|glhf\n|\n|t:|1776138922\n|teamsize|p1|4\n|teamsize|p2|4\n|start\n|switch|p1a: Mother|Sneasler, L50, F, shiny|100/100\n|switch|p1b: Again Again!|Delphox, L50, F, shiny|100/100\n|switch|p2a: Sneasler|Sneasler, L50, M, shiny|100/100\n|switch|p2b: Kingambit|Kingambit, L50, F, shiny|100/100\n|turn|1\n|inactive|redistr has 30 seconds left.\n|\n|t:|1776138956\n|detailschange|p1b: Again Again!|Delphox-Mega, L50, F, shiny\n|-mega|p1b: Again Again!|Delphox|Delphoxite\n|move|p1a: Mother|Fake Out|p2a: Sneasler\n|-damage|p2a: Sneasler|77/100\n|cant|p2a: Sneasler|flinch\n|move|p1b: Again Again!|Encore||[still]\n|-fail|p1b: Again Again!\n|move|p2b: Kingambit|Kowtow Cleave|p1b: Again Again!\n|-supereffective|p1b: Again Again!|1\n|-damage|p1b: Again Again!|0 fnt\n|faint|p1b: Again Again!\n|\n|upkeep\n|inactive|redistr has 30 seconds left.\n|\n|t:|1776138981\n|switch|p1b: Butch Queen|Kingambit, L50, M, shiny|100/100\n|turn|2\n|\n|t:|1776138992\n|move|p2b: Kingambit|Sucker Punch|p1a: Mother\n|-resisted|p1a: Mother|1\n|-damage|p1a: Mother|59/100\n|move|p1b: Butch Queen|Sucker Punch|p2a: Sneasler\n|-resisted|p2a: Sneasler|1\n|-damage|p2a: Sneasler|44/100\n|move|p2a: Sneasler|Close Combat|p1b: Butch Queen\n|-supereffective|p1b: Butch Queen|2\n|-enditem|p1b: Butch Queen|Chople Berry|[eat]\n|-enditem|p1b: Butch Queen|Chople Berry|[weaken]\n|-damage|p1b: Butch Queen|19/100\n|-unboost|p2a: Sneasler|def|1\n|-unboost|p2a: Sneasler|spd|1\n|-enditem|p2a: Sneasler|White Herb\n|-clearnegativeboost|p2a: Sneasler|[silent]\n|move|p1a: Mother|Close Combat|p2a: Sneasler\n|-resisted|p2a: Sneasler|1\n|-damage|p2a: Sneasler|0 fnt\n|-unboost|p1a: Mother|def|1\n|-unboost|p1a: Mother|spd|1\n|faint|p2a: Sneasler\n|-enditem|p1a: Mother|White Herb\n|-clearnegativeboost|p1a: Mother|[silent]\n|\n|upkeep\n|\n|t:|1776139008\n|switch|p2a: Aerodactyl|Aerodactyl, L50, M|100/100\n|-ability|p2a: Aerodactyl|Unnerve\n|turn|3\n|\n|t:|1776139026\n|move|p2b: Kingambit|Sucker Punch|p1b: Butch Queen\n|-resisted|p1b: Butch Queen|1\n|-damage|p1b: Butch Queen|4/100\n|move|p1a: Mother|Close Combat|p2a: Aerodactyl\n|-enditem|p2a: Aerodactyl|Focus Sash\n|-damage|p2a: Aerodactyl|1/100\n|-unboost|p1a: Mother|def|1\n|-unboost|p1a: Mother|spd|1\n|move|p2a: Aerodactyl|Tailwind|p2a: Aerodactyl\n|-sidestart|p2: KilamanolaVGC|move: Tailwind\n|move|p1b: Butch Queen|Iron Head|p2a: Aerodactyl\n|-supereffective|p2a: Aerodactyl|1\n|-crit|p2a: Aerodactyl\n|-damage|p2a: Aerodactyl|0 fnt\n|faint|p2a: Aerodactyl\n|\n|upkeep\n|\n|t:|1776139031\n|switch|p2a: Floette|Floette-Eternal, L50, F|100/100\n|turn|4\n|\n|t:|1776139043\n|detailschange|p2a: Floette|Floette-Mega, L50, F\n|-mega|p2a: Floette|Floette|Floettite\n|-ability|p2a: Floette|Fairy Aura\n|move|p1a: Mother|Protect|p1a: Mother\n|-singleturn|p1a: Mother|Protect\n|move|p2b: Kingambit|Sucker Punch||[still]\n|-fail|p2b: Kingambit\n|move|p2a: Floette|Dazzling Gleam|p1a: Mother|[spread] p1b\n|-activate|p1a: Mother|move: Protect\n|-damage|p1b: Butch Queen|0 fnt\n|faint|p1b: Butch Queen\n|\n|upkeep\n|\n|t:|1776139053\n|switch|p1b: A Diva|Garchomp, L50, F, shiny|100/100\n|turn|5\n|\n|t:|1776139059\n|move|p2b: Kingambit|Sucker Punch|p1a: Mother\n|-resisted|p1a: Mother|1\n|-damage|p1a: Mother|0 fnt\n|faint|p1a: Mother\n|move|p2a: Floette|Dazzling Gleam|p1b: A Diva\n|-supereffective|p1b: A Diva|1\n|-damage|p1b: A Diva|0 fnt\n|faint|p1b: A Diva\n|\n|win|KilamanolaVGC\n|raw|redistr's rating: 1302 &rarr; <strong>1286</strong><br />(-16 for losing)\n|raw|KilamanolaVGC's rating: 1373 &rarr; <strong>1389</strong><br />(+16 for winning)\n|c|\u2606redistr|ggs\n|c|\u2606redistr|wo\n|c|\u2606redistr|wp\n|l|\u2606redistr\n|player|p1|\n",
  "uploadtime": 1776139099,
  "views": 29,
  "formatid": "gen9championsvgc2026regma",
  "rating": 1286,
  "private": 0,
  "password": null
}