{
  "id": "gen9championsvgc2026regma-2580923409",
  "format": "[Gen 9 Champions] VGC 2026 Reg M-A",
  "players": [
    "Franz hermannnn",
    "Kiryuri"
  ],
  "log": "|j|\u2606Franz hermannnn\n|j|\u2606Kiryuri\n|t:|1775943685\n|gametype|doubles\n|player|p1|Franz hermannnn|hilbert-wonderlauncher|1212\n|player|p2|Kiryuri|acetrainerf|1144\n|gen|9\n|tier|[Gen 9 Champions] VGC 2026 Reg M-A\n|rated|\n|rule|Species Clause: Limit one of each Pok\u00e9mon\n|rule|Item Clause: Limit 1 of each item\n|clearpoke\n|poke|p1|Incineroar, L50, F|\n|poke|p1|Froslass, L50, F|\n|poke|p1|Garchomp, L50, M|\n|poke|p1|Rotom-Wash, L50|\n|poke|p1|Kingambit, L50, M|\n|poke|p1|Orthworm, L50, F|\n|poke|p2|Corviknight, L50, F|\n|poke|p2|Gardevoir, L50, F|\n|poke|p2|Garchomp, L50, F|\n|poke|p2|Sinistcha, L50|\n|poke|p2|Dragonite, L50, F|\n|poke|p2|Sneasler, L50, F|\n|teampreview|4\n|inactive|Battle timer is ON: inactive players will automatically lose when time's up. (requested by Kiryuri)\nKiryuri has agreed to open team sheets.\n|inactive|Kiryuri has 60 seconds left.\n|\n|t:|1775943725\n|teamsize|p1|4\n|teamsize|p2|4\n|start\n|switch|p1a: Froslass|Froslass, L50, F, shiny|100/100\n|switch|p1b: Garchomp|Garchomp, L50, M|100/100\n|switch|p2a: Sneasler|Sneasler, L50, F, shiny|100/100\n|switch|p2b: Corviknight|Corviknight, L50, F, shiny|100/100\n|turn|1\n|j| enenooxx2\n|\n|t:|1775943743\n|detailschange|p1a: Froslass|Froslass-Mega, L50, F, shiny\n|-mega|p1a: Froslass|Froslass|Froslassite\n|-weather|Snowscape|[from] ability: Snow Warning|[of] p1a: Froslass\n|move|p1a: Froslass|Protect|p1a: Froslass\n|-singleturn|p1a: Froslass|Protect\n|move|p1b: Garchomp|Rock Slide|p2b: Corviknight|[spread] p2a,p2b\n|-resisted|p2a: Sneasler|1\n|-damage|p2a: Sneasler|81/100\n|-damage|p2b: Corviknight|82/100\n|move|p2a: Sneasler|Coaching|p2b: Corviknight\n|-boost|p2b: Corviknight|atk|1\n|-boost|p2b: Corviknight|def|1\n|cant|p2b: Corviknight|flinch\n|\n|-weather|Snowscape|[upkeep]\n|-heal|p2b: Corviknight|88/100|[from] item: Leftovers\n|upkeep\n|turn|2\n|inactive|Kiryuri has 30 seconds left.\n|\n|t:|1775943768\n|switch|p1b: Incineroar|Incineroar, L50, F|100/100\n|-ability|p1b: Incineroar|Intimidate|boost\n|-unboost|p2a: Sneasler|atk|1\n|-ability|p2b: Corviknight|Mirror Armor\n|-unboost|p1b: Incineroar|atk|1\n|move|p2a: Sneasler|Close Combat|p1b: Incineroar\n|-supereffective|p1b: Incineroar|1\n|-damage|p1b: Incineroar|30/100\n|-unboost|p2a: Sneasler|def|1\n|-unboost|p2a: Sneasler|spd|1\n|-enditem|p1b: Incineroar|Sitrus Berry|[eat]\n|-heal|p1b: Incineroar|55/100|[from] item: Sitrus Berry\n|move|p1a: Froslass|Blizzard|p2b: Corviknight|[spread] p2a,p2b\n|-damage|p2a: Sneasler|0 fnt\n|-damage|p2b: Corviknight|42/100\n|faint|p2a: Sneasler\n|move|p2b: Corviknight|Tailwind|p2b: Corviknight\n|-sidestart|p2: Kiryuri|move: Tailwind\n|\n|-weather|Snowscape|[upkeep]\n|-heal|p2b: Corviknight|48/100|[from] item: Leftovers\n|upkeep\n|inactive|Kiryuri has 30 seconds left.\n|inactive|Kiryuri has 20 seconds left.\n|\n|t:|1775943804\n|switch|p2a: Gardevoir|Gardevoir, L50, F, shiny|100/100\n|turn|3\n|\n|t:|1775943811\n|detailschange|p2a: Gardevoir|Gardevoir-Mega, L50, F, shiny\n|-mega|p2a: Gardevoir|Gardevoir|Gardevoirite\n|move|p1b: Incineroar|Fake Out|p2a: Gardevoir\n|-damage|p2a: Gardevoir|89/100\n|cant|p2a: Gardevoir|flinch\n|move|p2b: Corviknight|Iron Head|p1a: Froslass\n|-supereffective|p1a: Froslass|1\n|-damage|p1a: Froslass|2/100\n|move|p1a: Froslass|Blizzard|p2b: Corviknight|[spread] p2a,p2b\n|-damage|p2a: Gardevoir|52/100\n|-damage|p2b: Corviknight|2/100\n|\n|-weather|Snowscape|[upkeep]\n|-heal|p2b: Corviknight|8/100|[from] item: Leftovers\n|upkeep\n|turn|4\n|inactive|Franz hermannnn has 30 seconds left.\n|\n|t:|1775943836\n|move|p2a: Gardevoir|Hyper Voice|p1b: Incineroar|[spread] p1a,p1b\n|-damage|p1a: Froslass|0 fnt\n|-damage|p1b: Incineroar|5/100\n|faint|p1a: Froslass\n|move|p2b: Corviknight|Roost|p2b: Corviknight\n|-heal|p2b: Corviknight|59/100\n|-singleturn|p2b: Corviknight|move: Roost\n|move|p1b: Incineroar|Flare Blitz|p2b: Corviknight\n|-supereffective|p2b: Corviknight|1\n|-damage|p2b: Corviknight|22/100\n|-damage|p1b: Incineroar|0 fnt|[from] Recoil\n|faint|p1b: Incineroar\n|\n|-weather|Snowscape|[upkeep]\n|-heal|p2b: Corviknight|28/100|[from] item: Leftovers\n|upkeep\n|\n|t:|1775943840\n|switch|p1a: Kingambit|Kingambit, L50, M|100/100\n|switch|p1b: Garchomp|Garchomp, L50, M|100/100\n|turn|5\n|inactive|Kiryuri has 30 seconds left.\n|\n|t:|1775943873\n|move|p1a: Kingambit|Sucker Punch|p2a: Gardevoir\n|-damage|p2a: Gardevoir|0 fnt\n|faint|p2a: Gardevoir\n|move|p1b: Garchomp|Rock Slide|p2b: Corviknight\n|-damage|p2b: Corviknight|13/100\n|move|p2b: Corviknight|Roost|p2b: Corviknight\n|-heal|p2b: Corviknight|63/100\n|-singleturn|p2b: Corviknight|move: Roost\n|\n|-weather|none\n|-heal|p2b: Corviknight|69/100|[from] item: Leftovers\n|-sideend|p2: Kiryuri|move: Tailwind\n|upkeep\n|\n|t:|1775943880\n|switch|p2a: Sinistcha|Sinistcha, L50|100/100\n|-heal|p2b: Corviknight|94/100|[from] ability: Hospitality|[of] p2a: Sinistcha\n|turn|6\n|inactive|Kiryuri has 30 seconds left.\n|\n|t:|1775943908\n|move|p1b: Garchomp|Rock Slide|p2b: Corviknight|[spread] p2a\n|-miss|p1b: Garchomp|p2b: Corviknight\n|-damage|p2a: Sinistcha|83/100\n|move|p2a: Sinistcha|Matcha Gotcha|p1a: Kingambit|[spread] p1a,p1b\n|-resisted|p1a: Kingambit|1\n|-damage|p1a: Kingambit|88/100\n|-heal|p2a: Sinistcha|90/100|[from] drain|[of] p1a: Kingambit\n|-damage|p1b: Garchomp|76/100\n|-heal|p2a: Sinistcha|100/100|[from] drain|[of] p1b: Garchomp\n|-status|p1b: Garchomp|brn\n|move|p2b: Corviknight|Brave Bird|p1a: Kingambit\n|-resisted|p1a: Kingambit|1\n|-damage|p1a: Kingambit|58/100\n|-damage|p2b: Corviknight|84/100|[from] Recoil\n|move|p1a: Kingambit|Kowtow Cleave|p2a: Sinistcha\n|-supereffective|p2a: Sinistcha|1\n|-damage|p2a: Sinistcha|22/100\n|\n|-heal|p2b: Corviknight|90/100|[from] item: Leftovers\n|-damage|p1b: Garchomp|70/100 brn|[from] brn\n|upkeep\n|turn|7\n|inactive|Kiryuri has 30 seconds left.\n|inactive|Franz hermannnn has 30 seconds left.\n|\n|t:|1775943943\n|move|p1a: Kingambit|Sucker Punch||[still]\n|-fail|p1a: Kingambit\n|move|p1b: Garchomp|Rock Slide|p2b: Corviknight|[spread] p2b\n|-miss|p1b: Garchomp|p2a: Sinistcha\n|-damage|p2b: Corviknight|84/100\n|move|p2a: Sinistcha|Life Dew|p2a: Sinistcha|[spread] p2a,p2b\n|-heal|p2a: Sinistcha|47/100\n|-heal|p2b: Corviknight|100/100\n|move|p2b: Corviknight|Brave Bird|p1a: Kingambit\n|-resisted|p1a: Kingambit|1\n|-damage|p1a: Kingambit|31/100\n|-damage|p2b: Corviknight|92/100|[from] Recoil\n|\n|-heal|p2b: Corviknight|98/100|[from] item: Leftovers\n|-damage|p1b: Garchomp|64/100 brn|[from] brn\n|upkeep\n|turn|8\n|inactive|Kiryuri has 30 seconds left.\n|\n|t:|1775943974\n|move|p1b: Garchomp|Rock Slide|p2a: Sinistcha|[spread] p2a,p2b\n|-damage|p2a: Sinistcha|38/100\n|-damage|p2b: Corviknight|92/100\n|move|p2a: Sinistcha|Matcha Gotcha|p1b: Garchomp|[spread] p1b\n|-miss|p2a: Sinistcha|p1a: Kingambit\n|-damage|p1b: Garchomp|39/100 brn\n|-heal|p2a: Sinistcha|52/100|[from] drain|[of] p1b: Garchomp\n|move|p2b: Corviknight|Brave Bird|p1a: Kingambit\n|-resisted|p1a: Kingambit|1\n|-damage|p1a: Kingambit|4/100\n|-damage|p2b: Corviknight|84/100|[from] Recoil\n|move|p1a: Kingambit|Kowtow Cleave|p2a: Sinistcha\n|-supereffective|p2a: Sinistcha|1\n|-crit|p2a: Sinistcha\n|-damage|p2a: Sinistcha|0 fnt\n|faint|p2a: Sinistcha\n|\n|-heal|p2b: Corviknight|90/100|[from] item: Leftovers\n|-damage|p1b: Garchomp|33/100 brn|[from] brn\n|upkeep\n|turn|9\n|inactive|Kiryuri has 30 seconds left.\n|l| enenooxx2\n|\n|t:|1775944003\n|move|p1b: Garchomp|Rock Slide|p2b: Corviknight\n|-damage|p2b: Corviknight|81/100\n|move|p2b: Corviknight|Brave Bird|p1a: Kingambit\n|-resisted|p1a: Kingambit|1\n|-damage|p1a: Kingambit|0 fnt\n|faint|p1a: Kingambit\n|-damage|p2b: Corviknight|80/100|[from] Recoil\n|\n|-heal|p2b: Corviknight|86/100|[from] item: Leftovers\n|-damage|p1b: Garchomp|27/100 brn|[from] brn\n|upkeep\n|turn|10\n|\n|t:|1775944010\n|move|p1b: Garchomp|Rock Slide|p2b: Corviknight\n|-damage|p2b: Corviknight|78/100\n|move|p2b: Corviknight|Iron Head|p1b: Garchomp\n|-damage|p1b: Garchomp|0 fnt\n|-damage|p2b: Corviknight|66/100|[from] ability: Rough Skin|[of] p1b: Garchomp\n|faint|p1b: Garchomp\n|\n|win|Kiryuri\n|raw|Franz hermannnn's rating: 1212 &rarr; <strong>1182</strong><br />(-30 for losing)\n|raw|Kiryuri's rating: 1144 &rarr; <strong>1174</strong><br />(+30 for winning)\n|l|\u2606Franz hermannnn\n|player|p1|\n",
  "uploadtime": 1775944033,
  "views": 16,
  "formatid": "gen9championsvgc2026regma",
  "rating": 1174,
  "private": 0,
  "password": null
}