{
  "id": "gen9championsvgc2026regma-2586202116",
  "format": "[Gen 9 Champions] VGC 2026 Reg M-A",
  "players": [
    "DITO_555",
    "zymerrific"
  ],
  "log": "|j|\u2606DITO_555\n|j|\u2606zymerrific\n|t:|1776411819\n|gametype|doubles\n|player|p1|DITO_555|karen|1154\n|player|p2|zymerrific|2|1112\n|gen|9\n|tier|[Gen 9 Champions] VGC 2026 Reg M-A\n|rated|\n|rule|Species Clause: Limit one of each Pok\u00e9mon\n|rule|Item Clause: Limit 1 of each item\n|clearpoke\n|poke|p1|Crabominable, L50, F|\n|poke|p1|Sinistcha, L50|\n|poke|p1|Pelipper, L50, F|\n|poke|p1|Basculegion, L50, M|\n|poke|p1|Archaludon, L50, M|\n|poke|p1|Incineroar, L50, F|\n|poke|p2|Charizard, L50, M|\n|poke|p2|Basculegion, L50, M|\n|poke|p2|Garchomp, L50, F|\n|poke|p2|Gardevoir, L50, F|\n|poke|p2|Sneasler, L50, F|\n|poke|p2|Incineroar, L50, M|\n|teampreview|4\n|inactive|Battle timer is ON: inactive players will automatically lose when time's up. (requested by DITO_555)\n|\n|t:|1776411860\n|teamsize|p1|4\n|teamsize|p2|4\n|start\n|switch|p1a: Sinistcha|Sinistcha, L50|100/100\n|switch|p1b: Basculegion|Basculegion, L50, M|100/100\n|switch|p2a: Charizard|Charizard, L50, M|100/100\n|switch|p2b: Basculegion|Basculegion, L50, M|100/100\n|turn|1\n|inactive|DITO_555 has 30 seconds left.\n|inactive|zymerrific has 30 seconds left.\n|inactive|DITO_555 has 20 seconds left.\n|inactive|zymerrific has 20 seconds left.\n|inactive|zymerrific has 15 seconds left.\n|inactive|zymerrific has 10 seconds left.\n|inactive|DITO_555 has 15 seconds left.\n|inactive|zymerrific has 5 seconds left.\n|\n|t:|1776411914\n|move|p2a: Charizard|Protect|p2a: Charizard\n|-singleturn|p2a: Charizard|Protect\n|move|p1a: Sinistcha|Protect|p1a: Sinistcha\n|-singleturn|p1a: Sinistcha|Protect\n|move|p2b: Basculegion|Flip Turn|p1a: Sinistcha\n|-activate|p1a: Sinistcha|move: Protect\n|move|p1b: Basculegion|Flip Turn|p2a: Charizard\n|-activate|p2a: Charizard|move: Protect\n|\n|upkeep\n|turn|2\n|inactive|zymerrific has 30 seconds left.\n|\n|t:|1776411944\n|switch|p2a: Garchomp|Garchomp, L50, F|100/100\n|move|p2b: Basculegion|Flip Turn|p1b: Basculegion\n|-resisted|p1b: Basculegion|1\n|-damage|p1b: Basculegion|76/100\n|\n|t:|1776411951\n|switch|p2b: Sneasler|Sneasler, L50, F|100/100|[from] Flip Turn\n|move|p1b: Basculegion|Flip Turn|p2a: Garchomp\n|-damage|p2a: Garchomp|55/100\n|-damage|p1b: Basculegion|64/100|[from] ability: Rough Skin|[of] p2a: Garchomp\n|\n|t:|1776411956\n|switch|p1b: Crabominable|Crabominable, L50, F|100/100|[from] Flip Turn\n|move|p1a: Sinistcha|Trick Room|p1a: Sinistcha\n|-fieldstart|move: Trick Room|[of] p1a: Sinistcha\n|\n|-heal|p2a: Garchomp|61/100|[from] item: Leftovers\n|upkeep\n|turn|3\n|inactive|zymerrific has 30 seconds left.\n|\n|t:|1776411982\n|detailschange|p1b: Crabominable|Crabominable-Mega, L50, F\n|-mega|p1b: Crabominable|Crabominable|Crabominite\n|move|p1b: Crabominable|Protect|p1b: Crabominable\n|-singleturn|p1b: Crabominable|Protect\n|move|p2a: Garchomp|Protect|p2a: Garchomp\n|-singleturn|p2a: Garchomp|Protect\n|move|p1a: Sinistcha|Matcha Gotcha|p2a: Garchomp|[spread] p2b\n|-activate|p2a: Garchomp|move: Protect\n|-resisted|p2b: Sneasler|1\n|-damage|p2b: Sneasler|83/100\n|move|p2b: Sneasler|Close Combat|p1b: Crabominable\n|-activate|p1b: Crabominable|move: Protect\n|\n|-heal|p2a: Garchomp|67/100|[from] item: Leftovers\n|upkeep\n|turn|4\n|inactive|zymerrific has 30 seconds left.\n|inactive|zymerrific has 20 seconds left.\n|\n|t:|1776412017\n|switch|p2a: Charizard|Charizard, L50, M|100/100\n|move|p1b: Crabominable|Ice Hammer|p2a: Charizard\n|-damage|p2a: Charizard|4/100\n|-unboost|p1b: Crabominable|spe|1\n|move|p1a: Sinistcha|Matcha Gotcha|p2b: Sneasler|[spread] p2a,p2b\n|-resisted|p2a: Charizard|2\n|-resisted|p2b: Sneasler|1\n|-damage|p2a: Charizard|0 fnt\n|-damage|p2b: Sneasler|66/100\n|faint|p2a: Charizard\n|move|p2b: Sneasler|Close Combat|p1b: Crabominable\n|-supereffective|p1b: Crabominable|1\n|-damage|p1b: Crabominable|17/100\n|-unboost|p2b: Sneasler|def|1\n|-unboost|p2b: Sneasler|spd|1\n|-enditem|p2b: Sneasler|White Herb\n|-clearnegativeboost|p2b: Sneasler|[silent]\n|\n|upkeep\n|\n|t:|1776412034\n|switch|p2a: Basculegion|Basculegion, L50, M|100/100\n|turn|5\n|\n|t:|1776412053\n|move|p1a: Sinistcha|Rage Powder|p1a: Sinistcha\n|-singleturn|p1a: Sinistcha|move: Rage Powder\n|move|p1b: Crabominable|Drain Punch|p2b: Sneasler\n|-resisted|p2b: Sneasler|1\n|-damage|p2b: Sneasler|20/100\n|-heal|p1b: Crabominable|35/100|[from] drain|[of] p2b: Sneasler\n|move|p2a: Basculegion|Last Respects|p1a: Sinistcha\n|-supereffective|p1a: Sinistcha|1\n|-damage|p1a: Sinistcha|0 fnt\n|faint|p1a: Sinistcha\n|move|p2b: Sneasler|Dire Claw|p1b: Crabominable\n|-damage|p1b: Crabominable|5/100\n|-status|p1b: Crabominable|psn\n|\n|-damage|p1b: Crabominable|0 fnt|[from] psn\n|faint|p1b: Crabominable\n|upkeep\n|\n|t:|1776412063\n|switch|p1b: Basculegion|Basculegion, L50, M|64/100\n|switch|p1a: Incineroar|Incineroar, L50, F|100/100\n|-ability|p1a: Incineroar|Intimidate|boost\n|-unboost|p2a: Basculegion|atk|1\n|-unboost|p2b: Sneasler|atk|1\n|turn|6\n|\n|t:|1776412077\n|move|p1a: Incineroar|Fake Out|p2a: Basculegion\n|-immune|p2a: Basculegion\n|move|p1b: Basculegion|Aqua Jet|p2b: Sneasler\n|-damage|p2b: Sneasler|0 fnt\n|faint|p2b: Sneasler\n|move|p2a: Basculegion|Last Respects|p1b: Basculegion\n|-supereffective|p1b: Basculegion|1\n|-damage|p1b: Basculegion|0 fnt\n|faint|p1b: Basculegion\n|\n|-fieldend|move: Trick Room\n|upkeep\n|-message|DITO_555 forfeited.\n|\n|win|zymerrific\n|raw|DITO_555's rating: 1154 &rarr; <strong>1126</strong><br />(-28 for losing)\n|raw|zymerrific's rating: 1112 &rarr; <strong>1140</strong><br />(+28 for winning)\n|l|\u2606DITO_555\n|player|p1|\n",
  "uploadtime": 1776412096,
  "views": 18,
  "formatid": "gen9championsvgc2026regma",
  "rating": 1126,
  "private": 0,
  "password": null
}