{
  "id": "gen9championsvgc2026regma-2586507361",
  "format": "[Gen 9 Champions] VGC 2026 Reg M-A",
  "players": [
    "Sulphii",
    "Vika_F44"
  ],
  "log": "|j|\u2606Sulphii\n|j|\u2606Vika_F44\n|t:|1776439426\n|gametype|doubles\n|player|p1|Sulphii|102|1216\n|player|p2|Vika_F44|bianca|1310\n|gen|9\n|tier|[Gen 9 Champions] VGC 2026 Reg M-A\n|rated|\n|rule|Species Clause: Limit one of each Pok\u00e9mon\n|rule|Item Clause: Limit 1 of each item\n|clearpoke\n|poke|p1|Meowstic-F, L50, F|\n|poke|p1|Sneasler, L50, M|\n|poke|p1|Kingambit, L50, M|\n|poke|p1|Maushold-Four, L50|\n|poke|p1|Garchomp, L50, F|\n|poke|p1|Rotom-Wash, L50|\n|poke|p2|Raichu, L50, F|\n|poke|p2|Blastoise, L50, F|\n|poke|p2|Kingambit, L50, F|\n|poke|p2|Farigiraf, L50, F|\n|poke|p2|Sinistcha, L50|\n|poke|p2|Aerodactyl, L50, M|\n|teampreview|4\nVika_F44 has agreed to open team sheets.\n|inactive|Battle timer is ON: inactive players will automatically lose when time's up. (requested by Vika_F44)\n|\n|t:|1776439475\n|teamsize|p1|4\n|teamsize|p2|4\n|start\n|switch|p1a: Kingambit|Kingambit, L50, M|100/100\n|switch|p1b: Meowstic|Meowstic-F, L50, F, shiny|100/100\n|switch|p2a: Aerodactyl|Aerodactyl, L50, M|100/100\n|switch|p2b: Raichu|Raichu, L50, F|100/100\n|-ability|p2a: Aerodactyl|Unnerve\n|turn|1\n|inactive|Vika_F44 has 30 seconds left.\n|\n|t:|1776439507\n|move|p1b: Meowstic|Protect|p1b: Meowstic\n|-singleturn|p1b: Meowstic|Protect\n|move|p2b: Raichu|Fake Out|p1b: Meowstic\n|-activate|p1b: Meowstic|move: Protect\n|move|p2a: Aerodactyl|Tailwind|p2a: Aerodactyl\n|-sidestart|p2: Vika_F44|move: Tailwind\n|move|p1a: Kingambit|Kowtow Cleave|p2b: Raichu\n|-enditem|p2b: Raichu|Focus Sash\n|-damage|p2b: Raichu|1/100\n|\n|upkeep\n|turn|2\n|\n|t:|1776439531\n|switch|p1b: Garchomp|Garchomp, L50, F|100/100\n|move|p2a: Aerodactyl|Rock Slide|p1b: Garchomp|[spread] p1a\n|-miss|p2a: Aerodactyl|p1b: Garchomp\n|-resisted|p1a: Kingambit|1\n|-damage|p1a: Kingambit|90/100\n|move|p2b: Raichu|Endeavor|p1a: Kingambit\n|-damage|p1a: Kingambit|1/100\n|cant|p1a: Kingambit|flinch\n|\n|upkeep\n|turn|3\n|\n|t:|1776439552\n|move|p1a: Kingambit|Sucker Punch|p2b: Raichu\n|-damage|p2b: Raichu|0 fnt\n|faint|p2b: Raichu\n|move|p2a: Aerodactyl|Rock Slide|p1b: Garchomp|[spread] p1a,p1b\n|-resisted|p1a: Kingambit|1\n|-resisted|p1b: Garchomp|1\n|-damage|p1a: Kingambit|0 fnt\n|-damage|p1b: Garchomp|89/100\n|faint|p1a: Kingambit\n|cant|p1b: Garchomp|flinch\n|\n|upkeep\n|\n|t:|1776439568\n|switch|p2b: Blastoise|Blastoise, L50, F|100/100\n|switch|p1a: Rotom|Rotom-Wash, L50|100/100\n|turn|4\n|\n|t:|1776439589\n|detailschange|p2b: Blastoise|Blastoise-Mega, L50, F\n|-mega|p2b: Blastoise|Blastoise|Blastoisinite\n|move|p2a: Aerodactyl|Protect|p2a: Aerodactyl\n|-singleturn|p2a: Aerodactyl|Protect\n|move|p1b: Garchomp|Protect|p1b: Garchomp\n|-singleturn|p1b: Garchomp|Protect\n|move|p2b: Blastoise|Dark Pulse|p1a: Rotom\n|-damage|p1a: Rotom|50/100\n|move|p1a: Rotom|Electroweb|p2a: Aerodactyl|[spread] p2b\n|-activate|p2a: Aerodactyl|move: Protect\n|-supereffective|p2b: Blastoise|1\n|-damage|p2b: Blastoise|68/100\n|-unboost|p2b: Blastoise|spe|1\n|\n|-sideend|p2: Vika_F44|move: Tailwind\n|upkeep\n|turn|5\n|\n|t:|1776439609\n|switch|p2a: Sinistcha|Sinistcha, L50|100/100\n|-enditem|p1a: Rotom|Sitrus Berry|[eat]\n|-heal|p1a: Rotom|75/100|[from] item: Sitrus Berry\n|-heal|p2b: Blastoise|92/100|[from] ability: Hospitality|[of] p2a: Sinistcha\n|move|p2b: Blastoise|Protect|p2b: Blastoise\n|-singleturn|p2b: Blastoise|Protect\n|move|p1b: Garchomp|Rock Slide|p2a: Sinistcha|[spread] p2a\n|-activate|p2b: Blastoise|move: Protect\n|-damage|p2a: Sinistcha|85/100\n|move|p1a: Rotom|Electroweb|p2b: Blastoise|[spread] p2a\n|-activate|p2b: Blastoise|move: Protect\n|-resisted|p2a: Sinistcha|1\n|-damage|p2a: Sinistcha|75/100\n|-unboost|p2a: Sinistcha|spe|1\n|\n|upkeep\n|turn|6\n|inactive|Sulphii has 30 seconds left.\n|\n|t:|1776439640\n|switch|p1b: Meowstic|Meowstic-F, L50, F, shiny|100/100\n|move|p1a: Rotom|Electroweb|p2b: Blastoise|[spread] p2a,p2b\n|-resisted|p2a: Sinistcha|1\n|-supereffective|p2b: Blastoise|1\n|-damage|p2a: Sinistcha|66/100\n|-damage|p2b: Blastoise|58/100\n|-unboost|p2a: Sinistcha|spe|1\n|-unboost|p2b: Blastoise|spe|1\n|move|p2b: Blastoise|Dark Pulse|p1a: Rotom\n|-damage|p1a: Rotom|23/100\n|move|p2a: Sinistcha|Matcha Gotcha|p1a: Rotom|[spread] p1a,p1b\n|-supereffective|p1a: Rotom|1\n|-damage|p1a: Rotom|0 fnt\n|-heal|p2a: Sinistcha|76/100|[from] drain|[of] p1a: Rotom\n|-damage|p1b: Meowstic|70/100\n|-heal|p2a: Sinistcha|91/100|[from] drain|[of] p1b: Meowstic\n|faint|p1a: Rotom\n|\n|upkeep\n|\n|t:|1776439654\n|switch|p1a: Garchomp|Garchomp, L50, F|89/100\n|turn|7\n|inactive|Sulphii has 30 seconds left.\n|\n|t:|1776439682\n|move|p1b: Meowstic|Protect|p1b: Meowstic\n|-singleturn|p1b: Meowstic|Protect\n|move|p2b: Blastoise|Protect|p2b: Blastoise\n|-singleturn|p2b: Blastoise|Protect\n|move|p1a: Garchomp|Dragon Claw|p2b: Blastoise\n|-activate|p2b: Blastoise|move: Protect\n|move|p2a: Sinistcha|Trick Room|p2a: Sinistcha\n|-fieldstart|move: Trick Room|[of] p2a: Sinistcha\n|\n|upkeep\n|turn|8\n|\n|t:|1776439695\n|move|p2a: Sinistcha|Life Dew|p2a: Sinistcha|[spread] p2a,p2b\n|-heal|p2a: Sinistcha|100/100\n|-heal|p2b: Blastoise|84/100\n|move|p2b: Blastoise|Water Spout|p1a: Garchomp|[spread] p1a,p1b\n|-damage|p1a: Garchomp|34/100\n|-damage|p1b: Meowstic|0 fnt\n|faint|p1b: Meowstic\n|move|p1a: Garchomp|Earthquake|p2a: Sinistcha|[spread] p2a,p2b\n|-resisted|p2a: Sinistcha|1\n|-damage|p2a: Sinistcha|84/100\n|-damage|p2b: Blastoise|49/100\n|\n|upkeep\n|turn|9\n|\n|t:|1776439708\n|move|p2a: Sinistcha|Life Dew|p2a: Sinistcha|[spread] p2a,p2b\n|-heal|p2a: Sinistcha|100/100\n|-heal|p2b: Blastoise|74/100\n|move|p2b: Blastoise|Water Spout|p1a: Garchomp\n|-damage|p1a: Garchomp|0 fnt\n|faint|p1a: Garchomp\n|\n|win|Vika_F44\n|raw|Sulphii's rating: 1216 &rarr; <strong>1198</strong><br />(-18 for losing)\n|raw|Vika_F44's rating: 1310 &rarr; <strong>1325</strong><br />(+15 for winning)\n|l|\u2606Sulphii\n|player|p1|\n",
  "uploadtime": 1776439718,
  "views": 41,
  "formatid": "gen9championsvgc2026regma",
  "rating": 1198,
  "private": 0,
  "password": null
}