{
  "id": "gen9championsvgc2026regma-2585949918",
  "format": "[Gen 9 Champions] VGC 2026 Reg M-A",
  "players": [
    "Keyofanun",
    "frgdjytg"
  ],
  "log": "|j|\u2606Keyofanun\n|j|\u2606frgdjytg\n|t:|1776384305\n|gametype|doubles\n|player|p1|Keyofanun|1|1052\n|player|p2|frgdjytg|169|1096\n|gen|9\n|tier|[Gen 9 Champions] VGC 2026 Reg M-A\n|rated|\n|rule|Species Clause: Limit one of each Pok\u00e9mon\n|rule|Item Clause: Limit 1 of each item\n|clearpoke\n|poke|p1|Floette-Eternal, L50, F|\n|poke|p1|Kommo-o, L50, M|\n|poke|p1|Incineroar, L50, M|\n|poke|p1|Kingambit, L50, M|\n|poke|p1|Basculegion, L50, M|\n|poke|p1|Clefable, L50, M|\n|poke|p2|Aerodactyl, L50, M|\n|poke|p2|Maushold, L50|\n|poke|p2|Garchomp, L50, F|\n|poke|p2|Delphox, L50, F|\n|poke|p2|Aegislash, L50, F|\n|poke|p2|Floette-Eternal, L50, F|\n|teampreview|4\n|inactive|Battle timer is ON: inactive players will automatically lose when time's up. (requested by Keyofanun)\nKeyofanun rejected open team sheets.\n|inactiveoff|Battle timer is now OFF.\n|inactive|Battle timer is ON: inactive players will automatically lose when time's up. (requested by Keyofanun)\n|\n|t:|1776384409\n|teamsize|p1|4\n|teamsize|p2|4\n|start\n|switch|p1a: Incineroar|Incineroar, L50, M|100/100\n|switch|p1b: Floette|Floette-Eternal, L50, F|100/100\n|switch|p2a: Aerodactyl|Aerodactyl, L50, M|100/100\n|switch|p2b: Delphox|Delphox, L50, F|100/100\n|-ability|p2a: Aerodactyl|Unnerve\n|-ability|p1a: Incineroar|Intimidate|boost\n|-unboost|p2a: Aerodactyl|atk|1\n|-unboost|p2b: Delphox|atk|1\n|turn|1\n|inactive|frgdjytg has 30 seconds left.\n|\n|t:|1776384438\n|detailschange|p2b: Delphox|Delphox-Mega, L50, F\n|-mega|p2b: Delphox|Delphox|Delphoxite\n|detailschange|p1b: Floette|Floette-Mega, L50, F\n|-mega|p1b: Floette|Floette|Floettite\n|-ability|p1b: Floette|Fairy Aura\n|move|p2b: Delphox|Protect|p2b: Delphox\n|-singleturn|p2b: Delphox|Protect\n|move|p2a: Aerodactyl|Protect|p2a: Aerodactyl\n|-singleturn|p2a: Aerodactyl|Protect\n|move|p1a: Incineroar|Fake Out|p2b: Delphox\n|-activate|p2b: Delphox|move: Protect\n|move|p1b: Floette|Calm Mind|p1b: Floette\n|-boost|p1b: Floette|spa|1\n|-boost|p1b: Floette|spd|1\n|\n|upkeep\n|turn|2\n|inactive|frgdjytg has 30 seconds left.\n|inactive|Keyofanun has 30 seconds left.\n|inactive|frgdjytg has 20 seconds left.\n|\n|t:|1776384474\n|switch|p2b: Garchomp|Garchomp, L50, F|100/100\n|move|p1b: Floette|Protect|p1b: Floette\n|-singleturn|p1b: Floette|Protect\n|move|p2a: Aerodactyl|Tailwind|p2a: Aerodactyl\n|-sidestart|p2: frgdjytg|move: Tailwind\n|move|p1a: Incineroar|Darkest Lariat|p2b: Garchomp\n|-crit|p2b: Garchomp\n|-damage|p2b: Garchomp|43/100\n|-damage|p1a: Incineroar|88/100|[from] ability: Rough Skin|[of] p2b: Garchomp\n|\n|upkeep\n|turn|3\n|\n|t:|1776384490\n|switch|p1a: Basculegion|Basculegion, L50, M|100/100\n|move|p2a: Aerodactyl|Rock Slide|p1a: Basculegion|[spread] p1a,p1b\n|-damage|p1a: Basculegion|80/100\n|-damage|p1b: Floette|79/100\n|move|p2b: Garchomp|Earthquake|p1a: Basculegion|[spread] p1a,p1b\n|-immune|p2a: Aerodactyl\n|-damage|p1a: Basculegion|16/100\n|-damage|p1b: Floette|11/100\n|move|p1b: Floette|Dazzling Gleam|p2b: Garchomp|[spread] p2a,p2b\n|-supereffective|p2b: Garchomp|1\n|-crit|p2b: Garchomp\n|-damage|p2a: Aerodactyl|4/100\n|-damage|p2b: Garchomp|0 fnt\n|faint|p2b: Garchomp\n|\n|upkeep\n|inactive|frgdjytg has 30 seconds left.\n|\n|t:|1776384521\n|switch|p2b: Delphox|Delphox-Mega, L50, F|100/100\n|turn|4\n|\n|t:|1776384534\n|switch|p1b: Incineroar|Incineroar, L50, M|88/100\n|-ability|p1b: Incineroar|Intimidate|boost\n|-unboost|p2a: Aerodactyl|atk|1\n|-unboost|p2b: Delphox|atk|1\n|move|p1a: Basculegion|Aqua Jet|p2a: Aerodactyl\n|-supereffective|p2a: Aerodactyl|1\n|-damage|p2a: Aerodactyl|0 fnt\n|faint|p2a: Aerodactyl\n|move|p2b: Delphox|Heat Wave|p1b: Incineroar|[spread] p1a\n|-miss|p2b: Delphox|p1b: Incineroar\n|-resisted|p1a: Basculegion|1\n|-damage|p1a: Basculegion|0 fnt\n|faint|p1a: Basculegion\n|\n|upkeep\n|\n|t:|1776384549\n|switch|p2a: Aegislash|Aegislash, L50, F|100/100\n|switch|p1a: Floette|Floette-Mega, L50, F|11/100\n|-ability|p1a: Floette|Fairy Aura\n|turn|5\n|inactive|frgdjytg has 30 seconds left.\n|\n|t:|1776384578\n|move|p2b: Delphox|Protect|p2b: Delphox\n|-singleturn|p2b: Delphox|Protect\n|move|p1a: Floette|Protect|p1a: Floette\n|-singleturn|p1a: Floette|Protect\n|-formechange|p2a: Aegislash|Aegislash-Blade|\n|move|p2a: Aegislash|Sacred Sword|p1b: Incineroar\n|-supereffective|p1b: Incineroar|1\n|-damage|p1b: Incineroar|33/100\n|-enditem|p1b: Incineroar|Sitrus Berry|[eat]\n|-heal|p1b: Incineroar|58/100|[from] item: Sitrus Berry\n|move|p1b: Incineroar|Parting Shot|p2b: Delphox\n|-activate|p2b: Delphox|move: Protect\n|\n|-sideend|p2: frgdjytg|move: Tailwind\n|upkeep\n|turn|6\n|inactive|Keyofanun has 30 seconds left.\n|inactive|frgdjytg has 30 seconds left.\n|\n|t:|1776384612\n|move|p2b: Delphox|Heat Wave|p1b: Incineroar|[spread] p1a,p1b\n|-resisted|p1b: Incineroar|1\n|-damage|p1a: Floette|0 fnt\n|-damage|p1b: Incineroar|37/100\n|faint|p1a: Floette\n|move|p2a: Aegislash|Sacred Sword|p1b: Incineroar\n|-supereffective|p1b: Incineroar|1\n|-damage|p1b: Incineroar|0 fnt\n|faint|p1b: Incineroar\n|\n|upkeep\n|\n|t:|1776384620\n|switch|p1b: Kommo-o|Kommo-o, L50, M|100/100\n|turn|7\n|\n|t:|1776384635\n|move|p2a: Aegislash|Shadow Sneak|p1b: Kommo-o\n|-damage|p1b: Kommo-o|69/100\n|move|p2b: Delphox|Psychic|p1b: Kommo-o\n|-supereffective|p1b: Kommo-o|1\n|-damage|p1b: Kommo-o|0 fnt\n|faint|p1b: Kommo-o\n|\n|win|frgdjytg\n|raw|Keyofanun's rating: 1052 &rarr; <strong>1036</strong><br />(-16 for losing)\n|raw|frgdjytg's rating: 1096 &rarr; <strong>1118</strong><br />(+22 for winning)\n|l|\u2606Keyofanun\n|player|p1|\n",
  "uploadtime": 1776384643,
  "views": 20,
  "formatid": "gen9championsvgc2026regma",
  "rating": 1036,
  "private": 0,
  "password": null
}