{
  "id": "gen9championsvgc2026regma-2589531557",
  "format": "[Gen 9 Champions] VGC 2026 Reg M-A",
  "players": [
    "vgcdogboy",
    "paris shmarish"
  ],
  "log": "|j|\u2606vgcdogboy\n|j|\u2606paris shmarish\n|t:|1776731498\n|gametype|doubles\n|player|p1|vgcdogboy|170|1085\n|player|p2|paris shmarish|102|1153\n|gen|9\n|tier|[Gen 9 Champions] VGC 2026 Reg M-A\n|rated|\n|rule|Species Clause: Limit one of each Pok\u00e9mon\n|rule|Item Clause: Limit 1 of each item\n|clearpoke\n|poke|p1|Charizard, L50, M|\n|poke|p1|Venusaur, L50, F|\n|poke|p1|Dragapult, L50, F|\n|poke|p1|Milotic, L50, F|\n|poke|p1|Rotom-Wash, L50|\n|poke|p1|Aerodactyl, L50, M|\n|poke|p2|Volcarona, L50, F|\n|poke|p2|Tinkaton, L50, F|\n|poke|p2|Starmie, L50|\n|poke|p2|Incineroar, L50, M|\n|poke|p2|Decidueye-Hisui, L50, F, shiny|\n|poke|p2|Sinistcha, L50|\n|teampreview|4\n|inactive|Battle timer is ON: inactive players will automatically lose when time's up. (requested by vgcdogboy)\n|inactive|paris shmarish has 60 seconds left.\n|\n|t:|1776731558\n|teamsize|p1|4\n|teamsize|p2|4\n|start\n|switch|p1a: Milotic|Milotic, L50, F|100/100\n|switch|p1b: Rotom|Rotom-Wash, L50|100/100\n|switch|p2a: Tinkaton|Tinkaton, L50, F|100/100\n|switch|p2b: Sinistcha|Sinistcha, L50|100/100\n|turn|1\n|\n|t:|1776731582\n|move|p1a: Milotic|Protect|p1a: Milotic\n|-singleturn|p1a: Milotic|Protect\n|move|p2a: Tinkaton|Fake Out|p1b: Rotom\n|-damage|p1b: Rotom|90/100\n|cant|p1b: Rotom|flinch\n|move|p2b: Sinistcha|Matcha Gotcha|p1a: Milotic|[spread] p1b\n|-activate|p1a: Milotic|move: Protect\n|-supereffective|p1b: Rotom|1\n|-damage|p1b: Rotom|41/100\n|\n|upkeep\n|turn|2\n|\n|t:|1776731601\n|move|p1b: Rotom|Will-O-Wisp|p2a: Tinkaton\n|-status|p2a: Tinkaton|brn\n|move|p2a: Tinkaton|Gigaton Hammer|p1a: Milotic\n|-resisted|p1a: Milotic|1\n|-damage|p1a: Milotic|84/100\n|move|p1a: Milotic|Icy Wind|p2a: Tinkaton|[spread] p2a,p2b\n|-resisted|p2a: Tinkaton|1\n|-supereffective|p2b: Sinistcha|1\n|-damage|p2a: Tinkaton|94/100 brn\n|-damage|p2b: Sinistcha|83/100\n|-unboost|p2a: Tinkaton|spe|1\n|-unboost|p2b: Sinistcha|spe|1\n|move|p2b: Sinistcha|Matcha Gotcha|p1a: Milotic|[spread] p1a,p1b\n|-supereffective|p1a: Milotic|1\n|-supereffective|p1b: Rotom|1\n|-damage|p1a: Milotic|50/100\n|-heal|p2b: Sinistcha|100/100|[from] drain|[of] p1a: Milotic\n|-damage|p1b: Rotom|0 fnt\n|faint|p1b: Rotom\n|\n|-heal|p1a: Milotic|56/100|[from] item: Leftovers\n|-damage|p2a: Tinkaton|88/100 brn|[from] brn\n|upkeep\n|\n|t:|1776731604\n|switch|p1b: Charizard|Charizard, L50, M|100/100\n|turn|3\n|inactive|paris shmarish has 30 seconds left.\n|inactive|paris shmarish has 20 seconds left.\n|\n|t:|1776731640\n|switch|p2b: Starmie|Starmie, L50|100/100\n|detailschange|p1b: Charizard|Charizard-Mega-X, L50, M\n|-mega|p1b: Charizard|Charizard|Charizardite X\n|move|p2a: Tinkaton|Protect|p2a: Tinkaton\n|-singleturn|p2a: Tinkaton|Protect\n|move|p1b: Charizard|Dragon Dance|p1b: Charizard\n|-boost|p1b: Charizard|atk|1\n|-boost|p1b: Charizard|spe|1\n|move|p1a: Milotic|Recover|p1a: Milotic\n|-heal|p1a: Milotic|100/100\n|\n|-damage|p2a: Tinkaton|82/100 brn|[from] brn\n|upkeep\n|turn|4\n|inactive|paris shmarish has 30 seconds left.\n|inactive|paris shmarish has 20 seconds left.\n|\n|t:|1776731677\n|switch|p2a: Decidueye|Decidueye-Hisui, L50, F, shiny|100/100\n|detailschange|p2b: Starmie|Starmie-Mega, L50\n|-mega|p2b: Starmie|Starmie|Starminite\n|move|p1b: Charizard|Protect|p1b: Charizard\n|-singleturn|p1b: Charizard|Protect\n|move|p2b: Starmie|Psychic|p1b: Charizard\n|-activate|p1b: Charizard|move: Protect\n|move|p1a: Milotic|Icy Wind|p2b: Starmie|[spread] p2a,p2b\n|-supereffective|p2a: Decidueye|1\n|-resisted|p2b: Starmie|1\n|-damage|p2a: Decidueye|74/100\n|-damage|p2b: Starmie|93/100\n|-unboost|p2a: Decidueye|spe|1\n|-unboost|p2b: Starmie|spe|1\n|\n|upkeep\n|turn|5\n|\n|t:|1776731695\n|switch|p2b: Sinistcha|Sinistcha, L50|100/100\n|-heal|p2a: Decidueye|98/100|[from] ability: Hospitality|[of] p2b: Sinistcha\n|move|p2a: Decidueye|Protect|p2a: Decidueye\n|-singleturn|p2a: Decidueye|Protect\n|move|p1b: Charizard|Dragon Claw|p2a: Decidueye\n|-activate|p2a: Decidueye|move: Protect\n|move|p1a: Milotic|Icy Wind|p2b: Sinistcha|[spread] p2b\n|-activate|p2a: Decidueye|move: Protect\n|-supereffective|p2b: Sinistcha|1\n|-damage|p2b: Sinistcha|80/100\n|-unboost|p2b: Sinistcha|spe|1\n|\n|-heal|p2b: Sinistcha|86/100|[from] item: Leftovers\n|upkeep\n|turn|6\n|\n|t:|1776731714\n|move|p1b: Charizard|Flare Blitz|p2b: Sinistcha\n|-supereffective|p2b: Sinistcha|1\n|-damage|p2b: Sinistcha|0 fnt\n|faint|p2b: Sinistcha\n|-damage|p1b: Charizard|73/100|[from] Recoil\n|move|p1a: Milotic|Icy Wind|p2a: Decidueye\n|-supereffective|p2a: Decidueye|1\n|-damage|p2a: Decidueye|62/100\n|-unboost|p2a: Decidueye|spe|1\n|move|p2a: Decidueye|Tailwind|p2a: Decidueye\n|-sidestart|p2: paris shmarish|move: Tailwind\n|\n|upkeep\n|\n|t:|1776731730\n|switch|p2b: Starmie|Starmie-Mega, L50|93/100\n|turn|7\n|\n|t:|1776731741\n|move|p1b: Charizard|Protect|p1b: Charizard\n|-singleturn|p1b: Charizard|Protect\n|move|p2b: Starmie|Psychic|p1b: Charizard\n|-activate|p1b: Charizard|move: Protect\n|move|p2a: Decidueye|Leaf Blade|p1a: Milotic\n|-supereffective|p1a: Milotic|1\n|-damage|p1a: Milotic|16/100\n|move|p1a: Milotic|Icy Wind|p2b: Starmie|[spread] p2a,p2b\n|-supereffective|p2a: Decidueye|1\n|-resisted|p2b: Starmie|1\n|-damage|p2a: Decidueye|38/100\n|-damage|p2b: Starmie|86/100\n|-unboost|p2a: Decidueye|spe|1\n|-unboost|p2b: Starmie|spe|1\n|\n|-heal|p1a: Milotic|22/100|[from] item: Leftovers\n|upkeep\n|turn|8\n|\n|t:|1776731763\n|switch|p2a: Tinkaton|Tinkaton, L50, F|82/100 brn\n|move|p2b: Starmie|Psychic|p1a: Milotic\n|-damage|p1a: Milotic|0 fnt\n|faint|p1a: Milotic\n|move|p1b: Charizard|Dragon Claw|p2b: Starmie\n|-damage|p2b: Starmie|0 fnt\n|faint|p2b: Starmie\n|\n|-damage|p2a: Tinkaton|76/100 brn|[from] brn\n|upkeep\n|\n|t:|1776731773\n|switch|p2b: Decidueye|Decidueye-Hisui, L50, F, shiny|38/100\n|switch|p1a: Aerodactyl|Aerodactyl, L50, M|100/100\n|-ability|p1a: Aerodactyl|Unnerve\n|turn|9\n|inactive|vgcdogboy has 30 seconds left.\n|inactive|vgcdogboy has 20 seconds left.\n|inactive|vgcdogboy has 15 seconds left.\n|\n|t:|1776731818\n|move|p1a: Aerodactyl|Protect|p1a: Aerodactyl\n|-singleturn|p1a: Aerodactyl|Protect\n|move|p2a: Tinkaton|Gigaton Hammer|p1a: Aerodactyl\n|-activate|p1a: Aerodactyl|move: Protect\n|move|p2b: Decidueye|Triple Arrows|p1a: Aerodactyl\n|-activate|p1a: Aerodactyl|move: Protect\n|move|p1b: Charizard|Dragon Claw|p2b: Decidueye\n|-damage|p2b: Decidueye|0 fnt\n|faint|p2b: Decidueye\n|\n|-damage|p2a: Tinkaton|70/100 brn|[from] brn\n|-sideend|p2: paris shmarish|move: Tailwind\n|upkeep\n|turn|10\n|c|\u2606vgcdogboy|gg\n|-message|paris shmarish forfeited.\n|\n|win|vgcdogboy\n|raw|vgcdogboy's rating: 1085 &rarr; <strong>1118</strong><br />(+33 for winning)\n|raw|paris shmarish's rating: 1153 &rarr; <strong>1123</strong><br />(-30 for losing)\n|l|\u2606paris shmarish\n|player|p2|\n",
  "uploadtime": 1776731832,
  "views": 5,
  "formatid": "gen9championsvgc2026regma",
  "rating": 1118,
  "private": 0,
  "password": null
}