{
  "id": "gen9championsvgc2026regma-2588446077",
  "format": "[Gen 9 Champions] VGC 2026 Reg M-A",
  "players": [
    "Isidino",
    "Bhjuddre"
  ],
  "log": "|j|\u203dIsidino\n|j|\u2606Bhjuddre\n|t:|1776634228\n|gametype|doubles\n|player|p1|Isidino|2|1215\n|player|p2|Bhjuddre|170|1296\n|gen|9\n|tier|[Gen 9 Champions] VGC 2026 Reg M-A\n|rated|\n|rule|Species Clause: Limit one of each Pok\u00e9mon\n|rule|Item Clause: Limit 1 of each item\n|clearpoke\n|poke|p1|Basculegion-F, L50, F, shiny|\n|poke|p1|Palafin, L50, M, shiny|\n|poke|p1|Pelipper, L50, F|\n|poke|p1|Sneasler, L50, M|\n|poke|p1|Sableye, L50, M, shiny|\n|poke|p1|Sharpedo, L50, M, shiny|\n|poke|p2|Charizard, L50, M|\n|poke|p2|Whimsicott, L50, F|\n|poke|p2|Venusaur, L50, M|\n|poke|p2|Milotic, L50, F|\n|poke|p2|Dragonite, L50, F|\n|poke|p2|Scizor, L50, M, shiny|\n|teampreview|4\n|inactive|Battle timer is ON: inactive players will automatically lose when time's up. (requested by Isidino)\n|\n|t:|1776634250\n|teamsize|p1|4\n|teamsize|p2|4\n|start\n|switch|p1a: Basculegion|Basculegion-F, L50, F, shiny|100/100\n|switch|p1b: Sableye|Sableye, L50, M, shiny|100/100\n|switch|p2a: Scizor|Scizor, L50, M, shiny|100/100\n|switch|p2b: Dragonite|Dragonite, L50, F|100/100\n|turn|1\n|\n|t:|1776634275\n|move|p1b: Sableye|Fake Out|p2a: Scizor\n|-resisted|p2a: Scizor|1\n|-damage|p2a: Scizor|96/100\n|cant|p2a: Scizor|flinch\n|move|p2b: Dragonite|Thunderbolt|p1a: Basculegion\n|-supereffective|p1a: Basculegion|1\n|-damage|p1a: Basculegion|39/100\n|move|p1a: Basculegion|Muddy Water|p2a: Scizor|[spread] p2a,p2b\n|-resisted|p2b: Dragonite|1\n|-damage|p2a: Scizor|56/100\n|-damage|p2b: Dragonite|91/100\n|-unboost|p2a: Scizor|accuracy|1\n|-unboost|p2b: Dragonite|accuracy|1\n|\n|upkeep\n|turn|2\n|inactive|Bhjuddre has 30 seconds left.\n|\n|t:|1776634305\n|move|p2a: Scizor|Bullet Punch|p1b: Sableye\n|-damage|p1b: Sableye|56/100\n|move|p1b: Sableye|Rain Dance|p1b: Sableye\n|-weather|RainDance\n|move|p1a: Basculegion|Muddy Water|p2b: Dragonite|[spread] p2a\n|-miss|p1a: Basculegion|p2b: Dragonite\n|-crit|p2a: Scizor\n|-damage|p2a: Scizor|0 fnt\n|faint|p2a: Scizor\n|move|p2b: Dragonite|Thunderbolt|p1a: Basculegion\n|-supereffective|p1a: Basculegion|1\n|-damage|p1a: Basculegion|0 fnt\n|faint|p1a: Basculegion\n|\n|-weather|RainDance|[upkeep]\n|upkeep\n|\n|t:|1776634318\n|switch|p1a: Sharpedo|Sharpedo, L50, M, shiny|100/100\n|switch|p2a: Charizard|Charizard, L50, M|100/100\n|turn|3\n|\n|t:|1776634331\n|switch|p2a: Venusaur|Venusaur, L50, M|100/100\n|move|p1a: Sharpedo|Protect|p1a: Sharpedo\n|-singleturn|p1a: Sharpedo|Protect\n|move|p1b: Sableye|Rain Dance||[still]\n|-fail|p1b: Sableye\n|move|p2b: Dragonite|Weather Ball|p1b: Sableye|[miss]\n|-miss|p2b: Dragonite|p1b: Sableye\n|\n|-weather|RainDance|[upkeep]\n|-ability|p1a: Sharpedo|Speed Boost|boost\n|-boost|p1a: Sharpedo|spe|1\n|upkeep\n|turn|4\n|\n|t:|1776634353\n|switch|p1b: Sneasler|Sneasler, L50, M|100/100\n|detailschange|p1a: Sharpedo|Sharpedo-Mega, L50, M, shiny\n|-mega|p1a: Sharpedo|Sharpedo|Sharpedonite\n|move|p2a: Venusaur|Protect|p2a: Venusaur\n|-singleturn|p2a: Venusaur|Protect\n|move|p1a: Sharpedo|Psychic Fangs|p2a: Venusaur\n|-activate|p2a: Venusaur|move: Protect\n|move|p2b: Dragonite|Dragon Pulse|p1b: Sneasler|[miss]\n|-miss|p2b: Dragonite|p1b: Sneasler\n|\n|-weather|RainDance|[upkeep]\n|upkeep\n|turn|5\n|\n|t:|1776634374\n|move|p1b: Sneasler|Fake Out|p2a: Venusaur\n|-damage|p2a: Venusaur|84/100\n|move|p1a: Sharpedo|Crunch|p2b: Dragonite\n|-damage|p2b: Dragonite|8/100\n|move|p2b: Dragonite|Dragon Pulse|p1b: Sneasler\n|-damage|p1b: Sneasler|53/100\n|cant|p2a: Venusaur|flinch\n|\n|-weather|RainDance|[upkeep]\n|upkeep\n|turn|6\n|\n|t:|1776634387\n|move|p2a: Venusaur|Protect|p2a: Venusaur\n|-singleturn|p2a: Venusaur|Protect\n|move|p1a: Sharpedo|Psychic Fangs|p2a: Venusaur\n|-activate|p2a: Venusaur|move: Protect\n|move|p1b: Sneasler|Close Combat|p2b: Dragonite\n|-resisted|p2b: Dragonite|1\n|-damage|p2b: Dragonite|0 fnt\n|-unboost|p1b: Sneasler|def|1\n|-unboost|p1b: Sneasler|spd|1\n|faint|p2b: Dragonite\n|-enditem|p1b: Sneasler|White Herb\n|-clearnegativeboost|p1b: Sneasler|[silent]\n|\n|-weather|none\n|upkeep\n|\n|t:|1776634394\n|switch|p2b: Charizard|Charizard, L50, M|100/100\n|turn|7\n|\n|t:|1776634405\n|detailschange|p2b: Charizard|Charizard-Mega-Y, L50, M\n|-mega|p2b: Charizard|Charizard|Charizardite Y\n|-weather|SunnyDay|[from] ability: Drought|[of] p2b: Charizard\n|move|p1b: Sneasler|Acrobatics|p2a: Venusaur\n|-supereffective|p2a: Venusaur|1\n|-damage|p2a: Venusaur|3/100\n|-enditem|p2a: Venusaur|Sitrus Berry|[eat]\n|-heal|p2a: Venusaur|27/100|[from] item: Sitrus Berry\n|move|p1a: Sharpedo|Crunch|p2b: Charizard\n|-damage|p2b: Charizard|5/100\n|move|p2a: Venusaur|Solar Beam||[still]\n|-prepare|p2a: Venusaur|Solar Beam\n|-anim|p2a: Venusaur|Solar Beam|p1a: Sharpedo\n|-supereffective|p1a: Sharpedo|1\n|-damage|p1a: Sharpedo|0 fnt\n|faint|p1a: Sharpedo\n|move|p2b: Charizard|Heat Wave|p1b: Sneasler\n|-damage|p1b: Sneasler|0 fnt\n|faint|p1b: Sneasler\n|\n|-weather|SunnyDay|[upkeep]\n|upkeep\n|\n|t:|1776634422\n|switch|p1b: Sableye|Sableye, L50, M, shiny|56/100\n|turn|8\n|-message|Isidino forfeited.\n|\n|win|Bhjuddre\n|raw|Isidino's rating: 1215 &rarr; <strong>1196</strong><br />(-19 for losing)\n|raw|Bhjuddre's rating: 1296 &rarr; <strong>1315</strong><br />(+19 for winning)\n",
  "uploadtime": 1776634426,
  "views": 10,
  "formatid": "gen9championsvgc2026regma",
  "rating": 1196,
  "private": 0,
  "password": null
}