{
  "id": "gen9championsvgc2026regma-2585547292",
  "format": "[Gen 9 Champions] VGC 2026 Reg M-A",
  "players": [
    "GXOBonjovi",
    "Coradar"
  ],
  "log": "|j|\u2606GXOBonjovi\n|j|\u2606Coradar\n|t:|1776354722\n|gametype|doubles\n|player|p1|GXOBonjovi|169|1017\n|player|p2|Coradar|265|1000\n|gen|9\n|tier|[Gen 9 Champions] VGC 2026 Reg M-A\n|rated|\n|rule|Species Clause: Limit one of each Pok\u00e9mon\n|rule|Item Clause: Limit 1 of each item\n|clearpoke\n|poke|p1|Meganium, L50, F|\n|poke|p1|Ceruledge, L50, F|\n|poke|p1|Aegislash, L50, M|\n|poke|p1|Aerodactyl, L50, M|\n|poke|p1|Dragapult, L50, F|\n|poke|p1|Charizard, L50, F|\n|poke|p2|Tyranitar, L50, F|\n|poke|p2|Excadrill, L50, F|\n|poke|p2|Whimsicott, L50, F|\n|poke|p2|Kingambit, L50, F|\n|poke|p2|Rotom-Wash, L50|\n|poke|p2|Corviknight, L50, F|\n|teampreview|4\n|\n|t:|1776354750\n|teamsize|p1|4\n|teamsize|p2|4\n|start\n|switch|p1a: Meganium|Meganium, L50, F|100/100\n|switch|p1b: Aerodactyl|Aerodactyl, L50, M|100/100\n|switch|p2a: Tyranitar|Tyranitar, L50, F|100/100\n|switch|p2b: Excadrill|Excadrill, L50, F|100/100\n|-weather|Sandstorm|[from] ability: Sand Stream|[of] p2a: Tyranitar\n|turn|1\n|\n|t:|1776354792\n|detailschange|p1a: Meganium|Meganium-Mega, L50, F\n|-mega|p1a: Meganium|Meganium|Meganiumite\n|move|p2b: Excadrill|Rock Slide|p1a: Meganium|[spread] p1a,p1b\n|-supereffective|p1b: Aerodactyl|1\n|-damage|p1a: Meganium|80/100\n|-damage|p1b: Aerodactyl|32/100\n|move|p1b: Aerodactyl|Tailwind|p1b: Aerodactyl\n|-sidestart|p1: GXOBonjovi|move: Tailwind\n|cant|p1a: Meganium|flinch\n|move|p2a: Tyranitar|Ice Punch|p1a: Meganium\n|-supereffective|p1a: Meganium|1\n|-damage|p1a: Meganium|22/100\n|\n|-weather|Sandstorm|[upkeep]\n|-damage|p1a: Meganium|16/100|[from] Sandstorm\n|upkeep\n|turn|2\n|\n|t:|1776354819\n|move|p1a: Meganium|Protect|p1a: Meganium\n|-singleturn|p1a: Meganium|Protect\n|move|p2a: Tyranitar|Protect|p2a: Tyranitar\n|-singleturn|p2a: Tyranitar|Protect\n|move|p1b: Aerodactyl|Tailwind||[still]\n|-fail|p1b: Aerodactyl\n|move|p2b: Excadrill|Rock Slide|p1b: Aerodactyl|[spread] p1b\n|-activate|p1a: Meganium|move: Protect\n|-supereffective|p1b: Aerodactyl|1\n|-damage|p1b: Aerodactyl|0 fnt\n|faint|p1b: Aerodactyl\n|\n|-weather|Sandstorm|[upkeep]\n|-damage|p1a: Meganium|10/100|[from] Sandstorm\n|upkeep\n|\n|t:|1776354835\n|switch|p1b: Aegislash|Aegislash, L50, M|100/100\n|turn|3\n|\n|t:|1776354859\n|switch|p2a: Kingambit|Kingambit, L50, F|100/100\n|move|p1b: Aegislash|Wide Guard|p1b: Aegislash\n|-singleturn|p1b: Aegislash|Wide Guard\n|move|p2b: Excadrill|Rock Slide|p1a: Meganium|[spread] \n|-activate|p1a: Meganium|move: Wide Guard\n|-activate|p1b: Aegislash|move: Wide Guard\n|move|p1a: Meganium|Solar Beam||[still]\n|-prepare|p1a: Meganium|Solar Beam\n|-activate|p1a: Meganium|ability: Mega Sol\n|-anim|p1a: Meganium|Solar Beam|p2b: Excadrill\n|-crit|p2b: Excadrill\n|-enditem|p2b: Excadrill|Focus Sash\n|-damage|p2b: Excadrill|1/100\n|\n|-weather|Sandstorm|[upkeep]\n|-damage|p1a: Meganium|4/100|[from] Sandstorm\n|upkeep\n|turn|4\n|\n|t:|1776354913\n|move|p2b: Excadrill|Protect|p2b: Excadrill\n|-singleturn|p2b: Excadrill|Protect\n|move|p1a: Meganium|Weather Ball|p2a: Kingambit\n|-supereffective|p2a: Kingambit|1\n|-damage|p2a: Kingambit|0 fnt\n|faint|p2a: Kingambit\n|move|p1b: Aegislash|Iron Defense|p1b: Aegislash\n|-boost|p1b: Aegislash|def|2\n|\n|-weather|Sandstorm|[upkeep]\n|-damage|p1a: Meganium|0 fnt|[from] Sandstorm\n|faint|p1a: Meganium\n|-sideend|p1: GXOBonjovi|move: Tailwind\n|upkeep\n|\n|t:|1776354935\n|switch|p1a: Dragapult|Dragapult, L50, F|100/100\n|switch|p2a: Tyranitar|Tyranitar, L50, F|100/100\n|turn|5\n|\n|t:|1776354959\n|move|p1b: Aegislash|Wide Guard|p1b: Aegislash\n|-singleturn|p1b: Aegislash|Wide Guard\n|move|p2b: Excadrill|Rock Slide|p1a: Dragapult|[spread] \n|-activate|p1a: Dragapult|move: Wide Guard\n|-activate|p1b: Aegislash|move: Wide Guard\n|move|p1a: Dragapult|Flamethrower|p2b: Excadrill\n|-supereffective|p2b: Excadrill|1\n|-damage|p2b: Excadrill|0 fnt\n|faint|p2b: Excadrill\n|move|p2a: Tyranitar|Ice Punch|p1a: Dragapult\n|-supereffective|p1a: Dragapult|1\n|-damage|p1a: Dragapult|12/100\n|\n|-weather|none\n|upkeep\n|\n|t:|1776354969\n|switch|p2b: Rotom|Rotom-Wash, L50|100/100\n|turn|6\n|\n|t:|1776355010\n|detailschange|p2a: Tyranitar|Tyranitar-Mega, L50, F\n|-mega|p2a: Tyranitar|Tyranitar|Tyranitarite\n|-weather|Sandstorm|[from] ability: Sand Stream|[of] p2a: Tyranitar\n|move|p1a: Dragapult|Flamethrower|p2b: Rotom\n|-resisted|p2b: Rotom|1\n|-damage|p2b: Rotom|80/100\n|-heal|p1a: Dragapult|14/100|[from] item: Shell Bell|[of] p2b: Rotom\n|move|p2b: Rotom|Thunderbolt|p1b: Aegislash\n|-damage|p1b: Aegislash|64/100\n|move|p2a: Tyranitar|Rock Slide|p1b: Aegislash|[spread] p1a,p1b\n|-resisted|p1b: Aegislash|1\n|-damage|p1a: Dragapult|0 fnt\n|-damage|p1b: Aegislash|58/100\n|faint|p1a: Dragapult\n|cant|p1b: Aegislash|flinch\n|\n|-weather|Sandstorm|[upkeep]\n|-damage|p2b: Rotom|75/100|[from] Sandstorm\n|upkeep\n|turn|7\n|\n|t:|1776355039\n|move|p2b: Rotom|Will-O-Wisp|p1b: Aegislash\n|-status|p1b: Aegislash|brn\n|move|p2a: Tyranitar|Earthquake|p1b: Aegislash|[spread] p1b\n|-immune|p2b: Rotom|[from] ability: Levitate\n|-supereffective|p1b: Aegislash|1\n|-damage|p1b: Aegislash|25/100 brn\n|move|p1b: Aegislash|Iron Defense|p1b: Aegislash\n|-boost|p1b: Aegislash|def|2\n|\n|-weather|Sandstorm|[upkeep]\n|-damage|p2b: Rotom|69/100|[from] Sandstorm\n|-damage|p1b: Aegislash|19/100 brn|[from] brn\n|upkeep\n|turn|8\n|-message|GXOBonjovi forfeited.\n|\n|win|Coradar\n|raw|GXOBonjovi's rating: 1017 &rarr; <strong>1004</strong><br />(-13 for losing)\n|raw|Coradar's rating: 1000 &rarr; <strong>1042</strong><br />(+42 for winning)\n|l|\u2606GXOBonjovi\n|player|p1|\n",
  "uploadtime": 1776355068,
  "views": 25,
  "formatid": "gen9championsvgc2026regma",
  "rating": 1004,
  "private": 0,
  "password": null
}