{
  "id": "gen9championsvgc2026regma-2585493426",
  "format": "[Gen 9 Champions] VGC 2026 Reg M-A",
  "players": [
    "Onyx45310",
    "vnunesp12"
  ],
  "log": "|j|\u2606Onyx45310\n|j|\u2606vnunesp12\n|t:|1776351260\n|gametype|doubles\n|player|p1|Onyx45310|li|1023\n|player|p2|vnunesp12|red|1094\n|gen|9\n|tier|[Gen 9 Champions] VGC 2026 Reg M-A\n|rated|\n|rule|Species Clause: Limit one of each Pok\u00e9mon\n|rule|Item Clause: Limit 1 of each item\n|clearpoke\n|poke|p1|Charizard, L50, M|\n|poke|p1|Venusaur, L50, M|\n|poke|p1|Incineroar, L50, F|\n|poke|p1|Sneasler, L50, M|\n|poke|p1|Whimsicott, L50, M|\n|poke|p1|Typhlosion-Hisui, L50, M|\n|poke|p2|Manectric, L50, M|\n|poke|p2|Pelipper, L50, M|\n|poke|p2|Basculegion, L50, M|\n|poke|p2|Sneasler, L50, M|\n|poke|p2|Kingambit, L50, M|\n|poke|p2|Archaludon, L50, F|\n|teampreview|4\n|inactive|Battle timer is ON: inactive players will automatically lose when time's up. (requested by vnunesp12)\n|inactive|vnunesp12 has 60 seconds left.\n|\n|t:|1776351313\n|teamsize|p1|4\n|teamsize|p2|4\n|start\n|switch|p1a: Charizard|Charizard, L50, M|100/100\n|switch|p1b: Incineroar|Incineroar, L50, F|100/100\n|switch|p2a: Pulga|Sneasler, L50, M|100/100\n|switch|p2b: Jean Lucas|Basculegion, L50, M|100/100\n|-ability|p1b: Incineroar|Intimidate|boost\n|-unboost|p2a: Pulga|atk|1\n|-unboost|p2b: Jean Lucas|atk|1\n|-enditem|p2a: Pulga|White Herb\n|-clearnegativeboost|p2a: Pulga|[silent]\n|turn|1\n|\n|t:|1776351334\n|detailschange|p1a: Charizard|Charizard-Mega-Y, L50, M\n|-mega|p1a: Charizard|Charizard|Charizardite Y\n|-weather|SunnyDay|[from] ability: Drought|[of] p1a: Charizard\n|move|p1a: Charizard|Protect|p1a: Charizard\n|-singleturn|p1a: Charizard|Protect\n|move|p2a: Pulga|Fake Out|p1b: Incineroar\n|-damage|p1b: Incineroar|89/100\n|cant|p1b: Incineroar|flinch\n|move|p2b: Jean Lucas|Flip Turn|p1a: Charizard\n|-activate|p1a: Charizard|move: Protect\n|\n|-weather|SunnyDay|[upkeep]\n|upkeep\n|turn|2\n|inactive|Onyx45310 has 30 seconds left.\n|\n|t:|1776351366\n|move|p2a: Pulga|Protect|p2a: Pulga\n|-singleturn|p2a: Pulga|Protect\n|move|p2b: Jean Lucas|Flip Turn|p1a: Charizard\n|-supereffective|p1a: Charizard|1\n|-damage|p1a: Charizard|73/100\n|\n|t:|1776351372\n|switch|p2b: \u00c9verton Ribeiro|Pelipper, L50, M|100/100|[from] Flip Turn\n|-weather|RainDance|[from] ability: Drizzle|[of] p2b: \u00c9verton Ribeiro\n|move|p1a: Charizard|Solar Beam||[still]\n|-prepare|p1a: Charizard|Solar Beam\n|move|p1b: Incineroar|Parting Shot|p2a: Pulga\n|-activate|p2a: Pulga|move: Protect\n|\n|-weather|RainDance|[upkeep]\n|upkeep\n|turn|3\n|inactive|vnunesp12 has 30 seconds left.\n|\n|t:|1776351402\n|move|p1b: Incineroar|Protect|p1b: Incineroar\n|-singleturn|p1b: Incineroar|Protect\n|move|p2a: Pulga|Close Combat|p1b: Incineroar\n|-activate|p1b: Incineroar|move: Protect\n|move|p1a: Charizard|Solar Beam|p2b: \u00c9verton Ribeiro|[from] lockedmove\n|-crit|p2b: \u00c9verton Ribeiro\n|-damage|p2b: \u00c9verton Ribeiro|53/100\n|move|p2b: \u00c9verton Ribeiro|Tailwind|p2b: \u00c9verton Ribeiro\n|-sidestart|p2: vnunesp12|move: Tailwind\n|\n|-weather|RainDance|[upkeep]\n|upkeep\n|turn|4\n|\n|t:|1776351422\n|switch|p1a: Venusaur|Venusaur, L50, M|100/100\n|move|p2a: Pulga|Close Combat|p1b: Incineroar\n|-supereffective|p1b: Incineroar|1\n|-damage|p1b: Incineroar|0 fnt\n|-unboost|p2a: Pulga|def|1\n|-unboost|p2a: Pulga|spd|1\n|faint|p1b: Incineroar\n|move|p2b: \u00c9verton Ribeiro|Weather Ball|p1a: Venusaur\n|-resisted|p1a: Venusaur|1\n|-damage|p1a: Venusaur|73/100\n|\n|-weather|RainDance|[upkeep]\n|upkeep\n|\n|t:|1776351436\n|switch|p1b: Charizard|Charizard-Mega-Y, L50, M|73/100\n|-weather|SunnyDay|[from] ability: Drought|[of] p1b: Charizard\n|turn|5\n|inactive|vnunesp12 has 30 seconds left.\n|inactive|vnunesp12 has 20 seconds left.\n|inactive|vnunesp12 has 15 seconds left.\n|inactive|vnunesp12 has 10 seconds left.\n|\n|t:|1776351483\n|move|p2a: Pulga|Dire Claw|p1b: Charizard\n|-damage|p1b: Charizard|21/100\n|move|p1a: Venusaur|Earth Power|p2a: Pulga\n|-supereffective|p2a: Pulga|1\n|-damage|p2a: Pulga|10/100\n|move|p2b: \u00c9verton Ribeiro|Weather Ball|p1a: Venusaur\n|-supereffective|p1a: Venusaur|1\n|-damage|p1a: Venusaur|2/100\n|move|p1b: Charizard|Solar Beam||[still]\n|-prepare|p1b: Charizard|Solar Beam\n|-anim|p1b: Charizard|Solar Beam|p2b: \u00c9verton Ribeiro\n|-damage|p2b: \u00c9verton Ribeiro|0 fnt\n|faint|p2b: \u00c9verton Ribeiro\n|\n|-weather|SunnyDay|[upkeep]\n|upkeep\n|\n|t:|1776351503\n|switch|p2b: Jean Lucas|Basculegion, L50, M|100/100\n|turn|6\n|\n|t:|1776351526\n|move|p2a: Pulga|Protect|p2a: Pulga\n|-singleturn|p2a: Pulga|Protect\n|move|p1b: Charizard|Protect|p1b: Charizard\n|-singleturn|p1b: Charizard|Protect\n|move|p2b: Jean Lucas|Flip Turn|p1a: Venusaur\n|-resisted|p1a: Venusaur|1\n|-damage|p1a: Venusaur|0 fnt\n|faint|p1a: Venusaur\n|\n|t:|1776351538\n|switch|p2b: Ronaldo|Archaludon, L50, F|100/100|[from] Flip Turn\n|\n|-weather|SunnyDay|[upkeep]\n|-sideend|p2: vnunesp12|move: Tailwind\n|upkeep\n|\n|t:|1776351544\n|switch|p1a: Whimsicott|Whimsicott, L50, M|100/100\n|turn|7\n|\n|t:|1776351564\n|move|p1a: Whimsicott|Encore|p2a: Pulga\n|-start|p2a: Pulga|Encore\n|move|p2a: Pulga|Protect|p2a: Pulga\n|-singleturn|p2a: Pulga|Protect\n|move|p1b: Charizard|Weather Ball|p2b: Ronaldo\n|-damage|p2b: Ronaldo|0 fnt\n|faint|p2b: Ronaldo\n|\n|-weather|SunnyDay|[upkeep]\n|upkeep\n|\n|t:|1776351576\n|switch|p2b: Jean Lucas|Basculegion, L50, M|100/100\n|turn|8\n|\n|t:|1776351587\n|move|p2a: Pulga|Protect||[still]\n|-fail|p2a: Pulga\n|move|p1b: Charizard|Protect|p1b: Charizard\n|-singleturn|p1b: Charizard|Protect\n|move|p2b: Jean Lucas|Last Respects|p1b: Charizard\n|-activate|p1b: Charizard|move: Protect\n|move|p1a: Whimsicott|Moonblast|p2a: Pulga\n|-damage|p2a: Pulga|0 fnt\n|faint|p2a: Pulga\n|\n|-weather|SunnyDay|[upkeep]\n|upkeep\n|turn|9\n|inactive|Onyx45310 has 30 seconds left.\n|\n|t:|1776351614\n|move|p2b: Jean Lucas|Last Respects|p1b: Charizard\n|-damage|p1b: Charizard|0 fnt\n|faint|p1b: Charizard\n|move|p1a: Whimsicott|Moonblast|p2b: Jean Lucas\n|-damage|p2b: Jean Lucas|72/100\n|\n|-weather|none\n|upkeep\n|turn|10\n|\n|t:|1776351626\n|move|p2b: Jean Lucas|Last Respects|p1a: Whimsicott\n|-damage|p1a: Whimsicott|0 fnt\n|faint|p1a: Whimsicott\n|\n|win|vnunesp12\n|raw|Onyx45310's rating: 1023 &rarr; <strong>1012</strong><br />(-11 for losing)\n|raw|vnunesp12's rating: 1094 &rarr; <strong>1115</strong><br />(+21 for winning)\n|l|\u2606Onyx45310\n|player|p1|\n",
  "uploadtime": 1776351640,
  "views": 25,
  "formatid": "gen9championsvgc2026regma",
  "rating": 1012,
  "private": 0,
  "password": null
}