{
  "id": "gen9championsvgc2026regma-2583839330",
  "format": "[Gen 9 Champions] VGC 2026 Reg M-A",
  "players": [
    "RandomGuyInSchool",
    "spindaita"
  ],
  "log": "|j|\u2606RandomGuyInSchool\n|j|\u2606spindaita\n|t:|1776201733\n|gametype|doubles\n|player|p1|RandomGuyInSchool|schoolkid-gen4|1093\n|player|p2|spindaita|marnie-masters3|1000\n|gen|9\n|tier|[Gen 9 Champions] VGC 2026 Reg M-A\n|rated|\n|rule|Species Clause: Limit one of each Pok\u00e9mon\n|rule|Item Clause: Limit 1 of each item\n|clearpoke\n|poke|p1|Incineroar, L50, F|\n|poke|p1|Farigiraf, L50, F|\n|poke|p1|Whimsicott, L50, F|\n|poke|p1|Gengar, L50, F|\n|poke|p1|Kingambit, L50, F|\n|poke|p1|Rotom-Wash, L50|\n|poke|p2|Kangaskhan, L50, F|\n|poke|p2|Aegislash, L50, M|\n|poke|p2|Gyarados, L50, M|\n|poke|p2|Hydreigon, L50, F|\n|poke|p2|Salazzle, L50, F|\n|poke|p2|Ninetales-Alola, L50, M|\n|teampreview|4\n|inactive|Battle timer is ON: inactive players will automatically lose when time's up. (requested by RandomGuyInSchool)\nspindaita has agreed to open team sheets.\nRandomGuyInSchool rejected open team sheets.\n|c|\u2606RandomGuyInSchool|glhf\n|inactive|RandomGuyInSchool has 60 seconds left.\n|inactive|spindaita has 60 seconds left.\n|\n|t:|1776201780\n|teamsize|p1|4\n|teamsize|p2|4\n|start\n|switch|p1a: Whimsicott|Whimsicott, L50, F|100/100\n|switch|p1b: Gengar|Gengar, L50, F|100/100\n|switch|p2a: Kangaskhan|Kangaskhan, L50, F|100/100\n|switch|p2b: Ninetales|Ninetales-Alola, L50, M|100/100\n|-weather|Snowscape|[from] ability: Snow Warning|[of] p2b: Ninetales\n|turn|1\n|\n|t:|1776201800\n|detailschange|p1b: Gengar|Gengar-Mega, L50, F\n|-mega|p1b: Gengar|Gengar|Gengarite\n|detailschange|p2a: Kangaskhan|Kangaskhan-Mega, L50, F\n|-mega|p2a: Kangaskhan|Kangaskhan|Kangaskhanite\n|move|p1a: Whimsicott|Protect|p1a: Whimsicott\n|-singleturn|p1a: Whimsicott|Protect\n|move|p1b: Gengar|Nasty Plot|p1b: Gengar\n|-boost|p1b: Gengar|spa|2\n|move|p2b: Ninetales|Blizzard|p1a: Whimsicott|[spread] p1b\n|-activate|p1a: Whimsicott|move: Protect\n|-damage|p1b: Gengar|63/100\n|move|p2a: Kangaskhan|Bite|p1b: Gengar\n|-supereffective|p1b: Gengar|1\n|-damage|p1b: Gengar|5/100\n|-supereffective|p1b: Gengar|1\n|-damage|p1b: Gengar|0 fnt\n|faint|p1b: Gengar\n|-hitcount|p1: Gengar|2\n|\n|-weather|Snowscape|[upkeep]\n|upkeep\n|inactive|RandomGuyInSchool has 30 seconds left.\n|\n|t:|1776201828\n|switch|p1b: Kingambit|Kingambit, L50, F|100/100\n|turn|2\n|\n|t:|1776201839\n|switch|p1a: Incineroar|Incineroar, L50, F|100/100\n|-ability|p1a: Incineroar|Intimidate|boost\n|-unboost|p2a: Kangaskhan|atk|1\n|-unboost|p2b: Ninetales|atk|1\n|move|p1b: Kingambit|Protect|p1b: Kingambit\n|-singleturn|p1b: Kingambit|Protect\n|move|p2b: Ninetales|Aurora Veil|p2b: Ninetales\n|-sidestart|p2: spindaita|move: Aurora Veil\n|move|p2a: Kangaskhan|Drain Punch|p1b: Kingambit\n|-activate|p1b: Kingambit|move: Protect\n|\n|-weather|Snowscape|[upkeep]\n|upkeep\n|turn|3\n|\n|t:|1776201863\n|move|p1a: Incineroar|Fake Out|p2a: Kangaskhan\n|-damage|p2a: Kangaskhan|94/100\n|move|p2b: Ninetales|Moonblast|p1b: Kingambit\n|-damage|p1b: Kingambit|67/100\n|cant|p2a: Kangaskhan|flinch\n|move|p1b: Kingambit|Swords Dance|p1b: Kingambit\n|-boost|p1b: Kingambit|atk|2\n|\n|-weather|Snowscape|[upkeep]\n|upkeep\n|turn|4\n|\n|t:|1776201881\n|move|p1b: Kingambit|Protect|p1b: Kingambit\n|-singleturn|p1b: Kingambit|Protect\n|move|p2b: Ninetales|Blizzard|p1a: Incineroar|[spread] p1a\n|-activate|p1b: Kingambit|move: Protect\n|-resisted|p1a: Incineroar|1\n|-damage|p1a: Incineroar|91/100\n|move|p2a: Kangaskhan|Drain Punch|p1a: Incineroar\n|-supereffective|p1a: Incineroar|1\n|-damage|p1a: Incineroar|59/100\n|-heal|p2a: Kangaskhan|100/100|[from] drain|[of] p1a: Incineroar\n|-supereffective|p1a: Incineroar|1\n|-damage|p1a: Incineroar|52/100\n|-hitcount|p1a: Incineroar|2\n|move|p1a: Incineroar|Parting Shot|p2b: Ninetales\n|-unboost|p2b: Ninetales|atk|1\n|-unboost|p2b: Ninetales|spa|1\n|\n|t:|1776201896\n|switch|p1a: Whimsicott|Whimsicott, L50, F|100/100|[from] Parting Shot\n|\n|-weather|Snowscape|[upkeep]\n|upkeep\n|turn|5\n|\n|t:|1776201917\n|switch|p1a: Incineroar|Incineroar, L50, F|52/100\n|-ability|p1a: Incineroar|Intimidate|boost\n|-unboost|p2a: Kangaskhan|atk|1\n|-unboost|p2b: Ninetales|atk|1\n|switch|p2a: Salazzle|Salazzle, L50, F|100/100\n|move|p2b: Ninetales|Blizzard|p1a: Incineroar|[spread] p1a,p1b\n|-resisted|p1a: Incineroar|1\n|-resisted|p1b: Kingambit|1\n|-damage|p1a: Incineroar|47/100\n|-damage|p1b: Kingambit|58/100\n|-enditem|p1a: Incineroar|Sitrus Berry|[eat]\n|-heal|p1a: Incineroar|71/100|[from] item: Sitrus Berry\n|move|p1b: Kingambit|Swords Dance|p1b: Kingambit\n|-boost|p1b: Kingambit|atk|2\n|\n|-weather|none\n|upkeep\n|turn|6\n|inactive|spindaita has 30 seconds left.\n|\n|t:|1776201945\n|switch|p2b: Kangaskhan|Kangaskhan-Mega, L50, F|100/100\n|move|p1a: Incineroar|Fake Out|p2a: Salazzle\n|-damage|p2a: Salazzle|85/100\n|cant|p2a: Salazzle|flinch\n|move|p1b: Kingambit|Iron Head|p2b: Kangaskhan\n|-damage|p2b: Kangaskhan|27/100\n|\n|-sideend|p2: spindaita|move: Aurora Veil\n|upkeep\n|turn|7\n|inactive|RandomGuyInSchool has 30 seconds left.\n|inactive|RandomGuyInSchool has 20 seconds left.\n|\n|t:|1776201983\n|move|p1b: Kingambit|Protect|p1b: Kingambit\n|-singleturn|p1b: Kingambit|Protect\n|move|p2b: Kangaskhan|Fake Out|p1a: Incineroar\n|-damage|p1a: Incineroar|52/100\n|-damage|p1a: Incineroar|48/100\n|-hitcount|p1a: Incineroar|2\n|move|p2a: Salazzle|Overheat|p1b: Kingambit\n|-activate|p1b: Kingambit|move: Protect\n|cant|p1a: Incineroar|flinch\n|\n|upkeep\n|turn|8\n|\n|t:|1776201995\n|switch|p2b: Ninetales|Ninetales-Alola, L50, M|100/100\n|-weather|Snowscape|[from] ability: Snow Warning|[of] p2b: Ninetales\n|move|p1b: Kingambit|Sucker Punch|p2a: Salazzle\n|-damage|p2a: Salazzle|0 fnt\n|faint|p2a: Salazzle\n|move|p1a: Incineroar|Darkest Lariat|p2b: Ninetales\n|-resisted|p2b: Ninetales|1\n|-damage|p2b: Ninetales|86/100\n|\n|-weather|Snowscape|[upkeep]\n|upkeep\n|\n|t:|1776202006\n|switch|p2a: Hydreigon|Hydreigon, L50, F|100/100\n|turn|9\n|\n|t:|1776202021\n|move|p2b: Ninetales|Moonblast|p1a: Incineroar\n|-damage|p1a: Incineroar|25/100\n|move|p2a: Hydreigon|Heat Wave|p1a: Incineroar|[spread] p1a,p1b\n|-resisted|p1a: Incineroar|1\n|-crit|p1a: Incineroar\n|-supereffective|p1b: Kingambit|1\n|-damage|p1a: Incineroar|13/100\n|-damage|p1b: Kingambit|11/100\n|move|p1a: Incineroar|Parting Shot|p2a: Hydreigon\n|-unboost|p2a: Hydreigon|atk|1\n|-unboost|p2a: Hydreigon|spa|1\n|\n|t:|1776202031\n|switch|p1a: Whimsicott|Whimsicott, L50, F|100/100|[from] Parting Shot\n|move|p1b: Kingambit|Iron Head|p2b: Ninetales\n|-supereffective|p2b: Ninetales|2\n|-damage|p2b: Ninetales|0 fnt\n|faint|p2b: Ninetales\n|\n|-weather|Snowscape|[upkeep]\n|upkeep\n|\n|t:|1776202038\n|switch|p2b: Kangaskhan|Kangaskhan-Mega, L50, F|27/100\n|turn|10\n|\n|t:|1776202046\n|move|p1a: Whimsicott|Protect|p1a: Whimsicott\n|-singleturn|p1a: Whimsicott|Protect\n|move|p1b: Kingambit|Protect|p1b: Kingambit\n|-singleturn|p1b: Kingambit|Protect\n|move|p2b: Kangaskhan|Fake Out|p1a: Whimsicott\n|-activate|p1a: Whimsicott|move: Protect\n|move|p2a: Hydreigon|Heat Wave|p1b: Kingambit|[spread] \n|-activate|p1a: Whimsicott|move: Protect\n|-activate|p1b: Kingambit|move: Protect\n|\n|-weather|Snowscape|[upkeep]\n|upkeep\n|turn|11\n|inactive|RandomGuyInSchool has 30 seconds left.\n|\n|t:|1776202072\n|move|p1b: Kingambit|Sucker Punch|p2b: Kangaskhan\n|-damage|p2b: Kangaskhan|0 fnt\n|faint|p2b: Kangaskhan\n|move|p1a: Whimsicott|Moonblast|p2a: Hydreigon\n|-supereffective|p2a: Hydreigon|2\n|-damage|p2a: Hydreigon|0 fnt\n|faint|p2a: Hydreigon\n|\n|win|RandomGuyInSchool\n|raw|RandomGuyInSchool's rating: 1093 &rarr; <strong>1112</strong><br />(+19 for winning)\n|raw|spindaita's rating: 1000 &rarr; <strong>1000</strong><br />(+0 for losing)\n|c|\u2606RandomGuyInSchool|gg\n",
  "uploadtime": 1776202089,
  "views": 15,
  "formatid": "gen9championsvgc2026regma",
  "rating": 1000,
  "private": 0,
  "password": null
}