{
  "id": "gen9championsvgc2026regma-2588382932",
  "format": "[Gen 9 Champions] VGC 2026 Reg M-A",
  "players": [
    "Roygrinb",
    "rive_9119"
  ],
  "log": "|j|\u2606Roygrinb\n|j|\u2606rive_9119\n|t:|1776628904\n|gametype|doubles\n|player|p1|Roygrinb|1|1045\n|player|p2|rive_9119|169|1062\n|gen|9\n|tier|[Gen 9 Champions] VGC 2026 Reg M-A\n|rated|\n|rule|Species Clause: Limit one of each Pok\u00e9mon\n|rule|Item Clause: Limit 1 of each item\n|clearpoke\n|poke|p1|Gengar, L50, M|\n|poke|p1|Sinistcha, L50|\n|poke|p1|Primarina, L50, F|\n|poke|p1|Vaporeon, L50, M|\n|poke|p1|Kommo-o, L50, M|\n|poke|p1|Abomasnow, L50, F|\n|poke|p2|Aggron, L50, F|\n|poke|p2|Whimsicott, L50, M|\n|poke|p2|Incineroar, L50, M|\n|poke|p2|Milotic, L50, M|\n|poke|p2|Dragapult, L50, M|\n|poke|p2|Glimmora, L50, M|\n|teampreview|4\nRoygrinb has agreed to open team sheets.\n|c|\u2606Roygrinb|Glhf\n|\n|t:|1776628947\n|teamsize|p1|4\n|teamsize|p2|4\n|start\n|switch|p1a: Gengar|Gengar, L50, M|100/100\n|switch|p1b: Kommo-o|Kommo-o, L50, M|100/100\n|switch|p2a: Whimsicott|Whimsicott, L50, M|100/100\n|switch|p2b: Glimmora|Glimmora, L50, M|100/100\n|turn|1\n|\n|t:|1776628962\n|move|p1b: Kommo-o|Protect|p1b: Kommo-o\n|-singleturn|p1b: Kommo-o|Protect\n|move|p2b: Glimmora|Earth Power|p1a: Gengar\n|-supereffective|p1a: Gengar|1\n|-damage|p1a: Gengar|12/100\n|-start|p2b: Glimmora|Disable|Earth Power|[from] ability: Cursed Body|[of] p1a: Gengar\n|move|p2a: Whimsicott|Moonblast|p1b: Kommo-o\n|-activate|p1b: Kommo-o|move: Protect\n|move|p1a: Gengar|Sludge Wave|p2b: Glimmora|[spread] p2a,p2b\n|-activate|p1b: Kommo-o|move: Protect\n|-supereffective|p2a: Whimsicott|2\n|-resisted|p2b: Glimmora|2\n|-enditem|p2a: Whimsicott|Focus Sash\n|-damage|p2a: Whimsicott|1/100\n|-damage|p2b: Glimmora|91/100\n|\n|upkeep\n|turn|2\n|\n|t:|1776628991\n|switch|p2b: Incineroar|Incineroar, L50, M|100/100\n|-ability|p2b: Incineroar|Intimidate|boost\n|-unboost|p1a: Gengar|atk|1\n|-unboost|p1b: Kommo-o|atk|1\n|move|p2a: Whimsicott|Protect|p2a: Whimsicott\n|-singleturn|p2a: Whimsicott|Protect\n|move|p1a: Gengar|Protect|p1a: Gengar\n|-singleturn|p1a: Gengar|Protect\n|move|p1b: Kommo-o|Rock Slide|p2a: Whimsicott|[spread] p2b\n|-activate|p2a: Whimsicott|move: Protect\n|-supereffective|p2b: Incineroar|1\n|-damage|p2b: Incineroar|80/100\n|\n|upkeep\n|turn|3\n|\n|t:|1776629006\n|detailschange|p1a: Gengar|Gengar-Mega, L50, M\n|-mega|p1a: Gengar|Gengar|Gengarite\n|move|p2b: Incineroar|Fake Out|p1b: Kommo-o\n|-damage|p1b: Kommo-o|92/100\n|move|p2a: Whimsicott|Encore|p1a: Gengar\n|-start|p1a: Gengar|Encore\n|move|p1a: Gengar|Protect||[still]\n|-fail|p1a: Gengar\n|cant|p1b: Kommo-o|flinch\n|\n|-heal|p1b: Kommo-o|98/100|[from] item: Leftovers\n|upkeep\n|turn|4\n|\n|t:|1776629021\n|move|p1a: Gengar|Protect|p1a: Gengar\n|-singleturn|p1a: Gengar|Protect\n|move|p2a: Whimsicott|Moonblast|p1b: Kommo-o\n|-supereffective|p1b: Kommo-o|2\n|-damage|p1b: Kommo-o|0 fnt\n|faint|p1b: Kommo-o\n|move|p2b: Incineroar|Throat Chop|p1a: Gengar\n|-activate|p1a: Gengar|move: Protect\n|\n|upkeep\n|\n|t:|1776629031\n|switch|p1b: Primarina|Primarina, L50, F|100/100\n|turn|5\n|-activate|p1b: Primarina|item: Quick Claw\n|\n|t:|1776629040\n|move|p1a: Gengar|Protect||[still]\n|-fail|p1a: Gengar\n|move|p1b: Primarina|Surf|p2b: Incineroar|[spread] p1a,p2a,p2b\n|-resisted|p2a: Whimsicott|1\n|-supereffective|p2b: Incineroar|1\n|-damage|p1a: Gengar|0 fnt\n|-damage|p2a: Whimsicott|0 fnt\n|-damage|p2b: Incineroar|34/100\n|-enditem|p2b: Incineroar|Sitrus Berry|[eat]\n|-heal|p2b: Incineroar|59/100|[from] item: Sitrus Berry\n|faint|p1a: Gengar\n|faint|p2a: Whimsicott\n|move|p2b: Incineroar|Throat Chop|p1b: Primarina\n|-resisted|p1b: Primarina|1\n|-damage|p1b: Primarina|88/100\n|-start|p1b: Primarina|Throat Chop|[silent]\n|\n|upkeep\n|\n|t:|1776629053\n|switch|p1a: Vaporeon|Vaporeon, L50, M|100/100\n|switch|p2a: Glimmora|Glimmora, L50, M|91/100\n|turn|6\n|-activate|p1b: Primarina|item: Quick Claw\n|\n|t:|1776629070\n|move|p1b: Primarina|Surf|p2a: Glimmora|[spread] p2a,p2b\n|-immune|p1a: Vaporeon|[from] ability: Water Absorb\n|-supereffective|p2a: Glimmora|1\n|-supereffective|p2b: Incineroar|1\n|-damage|p2a: Glimmora|12/100\n|-damage|p2b: Incineroar|13/100\n|move|p2a: Glimmora|Energy Ball|p1b: Primarina\n|-supereffective|p1b: Primarina|1\n|-damage|p1b: Primarina|32/100\n|move|p2b: Incineroar|Throat Chop|p1b: Primarina\n|-resisted|p1b: Primarina|1\n|-damage|p1b: Primarina|19/100\n|move|p1a: Vaporeon|Scald|p2a: Glimmora\n|-supereffective|p2a: Glimmora|1\n|-damage|p2a: Glimmora|0 fnt\n|faint|p2a: Glimmora\n|\n|-end|p1b: Primarina|Throat Chop|[silent]\n|upkeep\n|\n|t:|1776629082\n|switch|p2a: Dragapult|Dragapult, L50, M|100/100\n|turn|7\n|\n|t:|1776629095\n|move|p2a: Dragapult|Phantom Force||[still]\n|-prepare|p2a: Dragapult|Phantom Force\n|move|p2b: Incineroar|Throat Chop|p1a: Vaporeon\n|-damage|p1a: Vaporeon|76/100\n|-start|p1a: Vaporeon|Throat Chop|[silent]\n|move|p1a: Vaporeon|Scald|p2b: Incineroar\n|-supereffective|p2b: Incineroar|1\n|-damage|p2b: Incineroar|0 fnt\n|faint|p2b: Incineroar\n|move|p1b: Primarina|Perish Song|p1b: Primarina\n|-heal|p1a: Vaporeon|100/100|[from] ability: Water Absorb|[of] p1b: Primarina\n|-start|p1b: Primarina|perish3|[silent]\n|-miss|p1b: Primarina|p2a: Dragapult\n|-fieldactivate|move: Perish Song\n|\n|-start|p1b: Primarina|perish3\n|upkeep\n|turn|8\n|\n|t:|1776629113\n|move|p2a: Dragapult|Phantom Force|p1b: Primarina|[from] lockedmove\n|-damage|p1b: Primarina|0 fnt\n|faint|p1b: Primarina\n|move|p1a: Vaporeon|Yawn|p2a: Dragapult\n|-start|p2a: Dragapult|move: Yawn|[of] p1a: Vaporeon\n|\n|-end|p1a: Vaporeon|Throat Chop|[silent]\n|upkeep\n|turn|9\n|\n|t:|1776629123\n|move|p2a: Dragapult|Phantom Force||[still]\n|-prepare|p2a: Dragapult|Phantom Force\n|move|p1a: Vaporeon|Scald|p2a: Dragapult|[miss]\n|-miss|p1a: Vaporeon|p2a: Dragapult\n|\n|-end|p2a: Dragapult|move: Yawn|[silent]\n|-status|p2a: Dragapult|slp\n|upkeep\n|turn|10\n|\n|t:|1776629129\n|cant|p2a: Dragapult|slp\n|move|p1a: Vaporeon|Scald|p2a: Dragapult\n|-resisted|p2a: Dragapult|1\n|-damage|p2a: Dragapult|72/100 slp\n|\n|upkeep\n|turn|11\n|\n|t:|1776629135\n|-curestatus|p2a: Dragapult|slp|[msg]\n|move|p2a: Dragapult|Dragon Dance|p2a: Dragapult\n|-boost|p2a: Dragapult|atk|1\n|-boost|p2a: Dragapult|spe|1\n|move|p1a: Vaporeon|Scald|p2a: Dragapult\n|-resisted|p2a: Dragapult|1\n|-damage|p2a: Dragapult|47/100\n|\n|upkeep\n|turn|12\n|\n|t:|1776629140\n|move|p2a: Dragapult|Phantom Force||[still]\n|-prepare|p2a: Dragapult|Phantom Force\n|move|p1a: Vaporeon|Yawn|p2a: Dragapult|[miss]\n|-miss|p1a: Vaporeon|p2a: Dragapult\n|\n|upkeep\n|turn|13\n|\n|t:|1776629143\n|move|p2a: Dragapult|Phantom Force|p1a: Vaporeon|[from] lockedmove\n|-damage|p1a: Vaporeon|36/100\n|move|p1a: Vaporeon|Yawn|p2a: Dragapult\n|-start|p2a: Dragapult|move: Yawn|[of] p1a: Vaporeon\n|\n|upkeep\n|turn|14\n|\n|t:|1776629153\n|move|p1a: Vaporeon|Detect|p1a: Vaporeon\n|-singleturn|p1a: Vaporeon|Protect\n|move|p2a: Dragapult|Dragon Darts|p1a: Vaporeon\n|-activate|p1a: Vaporeon|move: Protect\n|\n|-end|p2a: Dragapult|move: Yawn|[silent]\n|-status|p2a: Dragapult|slp\n|upkeep\n|turn|15\n|\n|t:|1776629158\n|cant|p2a: Dragapult|slp\n|move|p1a: Vaporeon|Wish|p1a: Vaporeon\n|\n|upkeep\n|turn|16\n|\n|t:|1776629163\n|cant|p2a: Dragapult|slp\n|move|p1a: Vaporeon|Scald|p2a: Dragapult\n|-resisted|p2a: Dragapult|1\n|-damage|p2a: Dragapult|18/100 slp\n|\n|-heal|p1a: Vaporeon|86/100|[from] move: Wish|[wisher] Vaporeon\n|upkeep\n|turn|17\n|\n|t:|1776629170\n|-curestatus|p2a: Dragapult|slp|[msg]\n|move|p2a: Dragapult|Phantom Force||[still]\n|-prepare|p2a: Dragapult|Phantom Force\n|move|p1a: Vaporeon|Scald|p2a: Dragapult|[miss]\n|-miss|p1a: Vaporeon|p2a: Dragapult\n|\n|upkeep\n|turn|18\n|\n|t:|1776629176\n|move|p2a: Dragapult|Phantom Force|p1a: Vaporeon|[from] lockedmove\n|-damage|p1a: Vaporeon|21/100\n|move|p1a: Vaporeon|Scald|p2a: Dragapult\n|-resisted|p2a: Dragapult|1\n|-damage|p2a: Dragapult|0 fnt\n|faint|p2a: Dragapult\n|\n|win|Roygrinb\n|raw|Roygrinb's rating: 1029 &rarr; <strong>1068</strong><br />(+39 for winning)\n|raw|rive_9119's rating: 1062 &rarr; <strong>1041</strong><br />(-21 for losing)\n|l|\u2606rive_9119\n|player|p2|\n|c|\u2606Roygrinb|Gg\n",
  "uploadtime": 1776629187,
  "views": 12,
  "formatid": "gen9championsvgc2026regma",
  "rating": 1041,
  "private": 0,
  "password": null
}