{
  "id": "gen9championsvgc2026regma-2585698387",
  "format": "[Gen 9 Champions] VGC 2026 Reg M-A",
  "players": [
    "MyNameBe3",
    "winter86"
  ],
  "log": "|j|\u2606MyNameBe3\n|j|\u2606winter86\n|t:|1776364499\n|gametype|doubles\n|player|p1|MyNameBe3|plasmagrunt|\n|player|p2|winter86|gambler|\n|gen|9\n|tier|[Gen 9 Champions] VGC 2026 Reg M-A\n|rule|Species Clause: Limit one of each Pok\u00e9mon\n|rule|Item Clause: Limit 1 of each item\n|clearpoke\n|poke|p1|Scovillain, L50, F|\n|poke|p1|Glimmora, L50, M|\n|poke|p1|Krookodile, L50, F|\n|poke|p1|Archaludon, L50, F|\n|poke|p1|Basculegion, L50, M|\n|poke|p1|Reuniclus, L50, F|\n|poke|p2|Hawlucha, L50, F|\n|poke|p2|Torkoal, L50, M|\n|poke|p2|Arcanine-Hisui, L50, F|\n|poke|p2|Absol, L50, F|\n|poke|p2|Scovillain, L50, F|\n|poke|p2|Ampharos, L50, M|\n|teampreview|4\nwinter86 rejected open team sheets.\n|\n|t:|1776364542\n|teamsize|p1|4\n|teamsize|p2|4\n|start\n|switch|p1a: Incineroar-Unova|Krookodile, L50, F|100/100\n|switch|p1b: CHILIIIIIIIIS|Scovillain, L50, F|100/100\n|switch|p2a: John Torkoal|Torkoal, L50, M|100/100\n|switch|p2b: Saul Goodman|Scovillain, L50, F|100/100\n|-ability|p1a: Incineroar-Unova|Intimidate|boost\n|-unboost|p2a: John Torkoal|atk|1\n|-unboost|p2b: Saul Goodman|atk|1\n|-weather|SunnyDay|[from] ability: Drought|[of] p2a: John Torkoal\n|turn|1\n|\n|t:|1776364572\n|move|p2b: Saul Goodman|Giga Drain|p1a: Incineroar-Unova\n|-supereffective|p1a: Incineroar-Unova|1\n|-damage|p1a: Incineroar-Unova|19/100\n|-enditem|p1a: Incineroar-Unova|Sitrus Berry|[eat]\n|-heal|p1a: Incineroar-Unova|44/100|[from] item: Sitrus Berry\n|move|p1a: Incineroar-Unova|Taunt|p2a: John Torkoal\n|-start|p2a: John Torkoal|move: Taunt\n|move|p1b: CHILIIIIIIIIS|Leech Seed|p2a: John Torkoal\n|-start|p2a: John Torkoal|move: Leech Seed\n|move|p2a: John Torkoal|Sludge Bomb|p1b: CHILIIIIIIIIS\n|-supereffective|p1b: CHILIIIIIIIIS|1\n|-damage|p1b: CHILIIIIIIIIS|47/100\n|\n|-weather|SunnyDay|[upkeep]\n|-damage|p2a: John Torkoal|88/100|[from] Leech Seed|[of] p1b: CHILIIIIIIIIS\n|-heal|p1b: CHILIIIIIIIIS|57/100|[silent]\n|-ability|p1b: CHILIIIIIIIIS|Moody|boost\n|-boost|p1b: CHILIIIIIIIIS|def|2\n|-unboost|p1b: CHILIIIIIIIIS|spe|1\n|upkeep\n|turn|2\n|\n|t:|1776364599\n|switch|p1a: It'sa Steel Bridge|Archaludon, L50, F|100/100\n|move|p1b: CHILIIIIIIIIS|Protect|p1b: CHILIIIIIIIIS\n|-singleturn|p1b: CHILIIIIIIIIS|Protect\n|move|p2b: Saul Goodman|Giga Drain|p1a: It'sa Steel Bridge\n|-resisted|p1a: It'sa Steel Bridge|2\n|-damage|p1a: It'sa Steel Bridge|92/100\n|-ability|p1a: It'sa Steel Bridge|Stamina|boost\n|-boost|p1a: It'sa Steel Bridge|def|1\n|move|p2a: John Torkoal|Clear Smog|p1b: CHILIIIIIIIIS\n|-activate|p1b: CHILIIIIIIIIS|move: Protect\n|\n|-weather|SunnyDay|[upkeep]\n|-heal|p1a: It'sa Steel Bridge|98/100|[from] item: Leftovers\n|-damage|p2a: John Torkoal|76/100|[from] Leech Seed|[of] p1b: CHILIIIIIIIIS\n|-heal|p1b: CHILIIIIIIIIS|68/100|[silent]\n|-ability|p1b: CHILIIIIIIIIS|Moody|boost\n|-boost|p1b: CHILIIIIIIIIS|spe|2\n|-unboost|p1b: CHILIIIIIIIIS|spa|1\n|upkeep\n|turn|3\n|\n|t:|1776364666\n|detailschange|p1b: CHILIIIIIIIIS|Scovillain-Mega, L50, F\n|-mega|p1b: CHILIIIIIIIIS|Scovillain|Scovillainite\n|move|p1a: It'sa Steel Bridge|Protect|p1a: It'sa Steel Bridge\n|-singleturn|p1a: It'sa Steel Bridge|Protect\n|move|p2b: Saul Goodman|Flamethrower|p1a: It'sa Steel Bridge\n|-activate|p1a: It'sa Steel Bridge|move: Protect\n|move|p1b: CHILIIIIIIIIS|Giga Drain|p2a: John Torkoal\n|-resisted|p2a: John Torkoal|1\n|-damage|p2a: John Torkoal|63/100\n|-heal|p1b: CHILIIIIIIIIS|73/100|[from] drain|[of] p2a: John Torkoal\n|move|p2a: John Torkoal|Clear Smog|p1b: CHILIIIIIIIIS\n|-supereffective|p1b: CHILIIIIIIIIS|1\n|-damage|p1b: CHILIIIIIIIIS|48/100\n|-clearboost|p1b: CHILIIIIIIIIS\n|-immune|p2a: John Torkoal\n|\n|-weather|SunnyDay|[upkeep]\n|-heal|p1a: It'sa Steel Bridge|100/100|[from] item: Leftovers\n|-damage|p2a: John Torkoal|51/100|[from] Leech Seed|[of] p1b: CHILIIIIIIIIS\n|-heal|p1b: CHILIIIIIIIIS|58/100|[silent]\n|-end|p2a: John Torkoal|move: Taunt\n|upkeep\n|turn|4\n|\n|t:|1776364730\n|move|p1b: CHILIIIIIIIIS|Protect|p1b: CHILIIIIIIIIS\n|-singleturn|p1b: CHILIIIIIIIIS|Protect\n|move|p2b: Saul Goodman|Leech Seed|p1a: It'sa Steel Bridge\n|-start|p1a: It'sa Steel Bridge|move: Leech Seed\n|move|p1a: It'sa Steel Bridge|Dragon Pulse|p2b: Saul Goodman\n|-damage|p2b: Saul Goodman|43/100\n|move|p2a: John Torkoal|Sludge Bomb|p1b: CHILIIIIIIIIS\n|-activate|p1b: CHILIIIIIIIIS|move: Protect\n|\n|-weather|SunnyDay|[upkeep]\n|-damage|p1a: It'sa Steel Bridge|88/100|[from] Leech Seed|[of] p2b: Saul Goodman\n|-heal|p2b: Saul Goodman|60/100|[silent]\n|-damage|p2a: John Torkoal|38/100|[from] Leech Seed|[of] p1b: CHILIIIIIIIIS\n|-heal|p1b: CHILIIIIIIIIS|69/100|[silent]\n|upkeep\n|turn|5\n|\n|t:|1776364771\n|switch|p1a: Evil Fish|Basculegion, L50, M|100/100\n|move|p2b: Saul Goodman|Crunch|p1b: CHILIIIIIIIIS\n|-damage|p1b: CHILIIIIIIIIS|57/100\n|-immune|p2b: Saul Goodman\n|move|p1b: CHILIIIIIIIIS|Flamethrower|p2b: Saul Goodman\n|-damage|p2b: Saul Goodman|0 fnt\n|faint|p2b: Saul Goodman\n|move|p2a: John Torkoal|Sludge Bomb|p1b: CHILIIIIIIIIS\n|-supereffective|p1b: CHILIIIIIIIIS|1\n|-damage|p1b: CHILIIIIIIIIS|8/100\n|-immune|p2a: John Torkoal\n|\n|-weather|none\n|-damage|p2a: John Torkoal|26/100|[from] Leech Seed|[of] p1b: CHILIIIIIIIIS\n|-heal|p1b: CHILIIIIIIIIS|19/100|[silent]\n|upkeep\n|\n|t:|1776364787\n|switch|p2b: El C\u00f3ndor Pasa|Hawlucha, L50, F|100/100\n|turn|6\n|\n|t:|1776364820\n|move|p1b: CHILIIIIIIIIS|Protect|p1b: CHILIIIIIIIIS\n|-singleturn|p1b: CHILIIIIIIIIS|Protect\n|move|p1a: Evil Fish|Flip Turn|p2b: El C\u00f3ndor Pasa\n|-damage|p2b: El C\u00f3ndor Pasa|44/100\n|c|\u2606MyNameBe3|CHILIS GOT BABYBACK BABYBACK BABYBACK\n|c|\u2606MyNameBe3|CHILIS GOT BABYBACK BABYBACK BABYBACK\n|c|\u2606MyNameBe3|CHILIS GOT BABYBACK BABYBACK BABYBACK\n|\n|t:|1776364833\n|switch|p1a: Incineroar-Unova|Krookodile, L50, F|44/100|[from] Flip Turn\n|-ability|p1a: Incineroar-Unova|Intimidate|boost\n|-unboost|p2a: John Torkoal|atk|1\n|-unboost|p2b: El C\u00f3ndor Pasa|atk|1\n|move|p2b: El C\u00f3ndor Pasa|Taunt|p1b: CHILIIIIIIIIS\n|-activate|p1b: CHILIIIIIIIIS|move: Protect\n|move|p2a: John Torkoal|Sludge Bomb|p1b: CHILIIIIIIIIS\n|-activate|p1b: CHILIIIIIIIIS|move: Protect\n|\n|-damage|p2a: John Torkoal|14/100|[from] Leech Seed|[of] p1b: CHILIIIIIIIIS\n|-heal|p1b: CHILIIIIIIIIS|29/100|[silent]\n|upkeep\n|turn|7\n|\n|t:|1776364886\n|switch|p1b: Evil Fish|Basculegion, L50, M|100/100\n|move|p2b: El C\u00f3ndor Pasa|Stone Edge|p1b: Evil Fish\n|-crit|p1b: Evil Fish\n|-damage|p1b: Evil Fish|46/100\n|move|p1a: Incineroar-Unova|Earthquake|p2b: El C\u00f3ndor Pasa|[spread] p1b,p2a\n|-immune|p2b: El C\u00f3ndor Pasa\n|-supereffective|p2a: John Torkoal|1\n|-damage|p1b: Evil Fish|0 fnt\n|-damage|p2a: John Torkoal|0 fnt\n|faint|p1b: Evil Fish\n|faint|p2a: John Torkoal\n|\n|upkeep\n|\n|t:|1776364897\n|switch|p1b: CHILIIIIIIIIS|Scovillain-Mega, L50, F|29/100\n|switch|p2a: Takemi|Absol, L50, F|100/100\n|turn|8\n|\n|t:|1776364931\n|switch|p1a: It'sa Steel Bridge|Archaludon, L50, F|88/100\n|move|p2b: El C\u00f3ndor Pasa|Cross Chop|p1a: It'sa Steel Bridge\n|-supereffective|p1a: It'sa Steel Bridge|1\n|-damage|p1a: It'sa Steel Bridge|45/100\n|-ability|p1a: It'sa Steel Bridge|Stamina|boost\n|-boost|p1a: It'sa Steel Bridge|def|1\n|move|p2a: Takemi|Stone Edge|p1b: CHILIIIIIIIIS\n|-supereffective|p1b: CHILIIIIIIIIS|1\n|-crit|p1b: CHILIIIIIIIIS\n|-damage|p1b: CHILIIIIIIIIS|0 fnt\n|-status|p2a: Takemi|brn|[from] ability: Spicy Spray|[of] p1b: CHILIIIIIIIIS\n|faint|p1b: CHILIIIIIIIIS\n|\n|-heal|p1a: It'sa Steel Bridge|51/100|[from] item: Leftovers\n|-damage|p2a: Takemi|95/100 brn|[from] brn\n|upkeep\n|\n|t:|1776364948\n|switch|p1b: Incineroar-Unova|Krookodile, L50, F|44/100\n|-ability|p1b: Incineroar-Unova|Intimidate|boost\n|-unboost|p2a: Takemi|atk|1\n|-unboost|p2b: El C\u00f3ndor Pasa|atk|1\n|turn|9\n|\n|t:|1776364973\n|detailschange|p2b: El C\u00f3ndor Pasa|Hawlucha-Mega, L50, F\n|-mega|p2b: El C\u00f3ndor Pasa|Hawlucha|Hawluchanite\n|move|p2b: El C\u00f3ndor Pasa|Cross Chop|p1a: It'sa Steel Bridge\n|-supereffective|p1a: It'sa Steel Bridge|1\n|-damage|p1a: It'sa Steel Bridge|23/100\n|-ability|p1a: It'sa Steel Bridge|Stamina|boost\n|-boost|p1a: It'sa Steel Bridge|def|1\n|move|p1b: Incineroar-Unova|Body Slam|p2b: El C\u00f3ndor Pasa\n|-damage|p2b: El C\u00f3ndor Pasa|13/100\n|move|p1a: It'sa Steel Bridge|Aura Sphere|p2a: Takemi\n|-supereffective|p2a: Takemi|1\n|-damage|p2a: Takemi|0 fnt\n|faint|p2a: Takemi\n|\n|-heal|p1a: It'sa Steel Bridge|29/100|[from] item: Leftovers\n|upkeep\n|turn|10\n|\n|t:|1776364993\n|move|p1a: It'sa Steel Bridge|Protect|p1a: It'sa Steel Bridge\n|-singleturn|p1a: It'sa Steel Bridge|Protect\n|move|p2b: El C\u00f3ndor Pasa|Cross Chop|p1b: Incineroar-Unova\n|-supereffective|p1b: Incineroar-Unova|1\n|-damage|p1b: Incineroar-Unova|0 fnt\n|faint|p1b: Incineroar-Unova\n|\n|-heal|p1a: It'sa Steel Bridge|36/100|[from] item: Leftovers\n|upkeep\n|turn|11\n|\n|t:|1776365025\n|move|p2b: El C\u00f3ndor Pasa|Cross Chop|p1a: It'sa Steel Bridge\n|-supereffective|p1a: It'sa Steel Bridge|1\n|-damage|p1a: It'sa Steel Bridge|16/100\n|-ability|p1a: It'sa Steel Bridge|Stamina|boost\n|-boost|p1a: It'sa Steel Bridge|def|1\n|move|p1a: It'sa Steel Bridge|Dragon Pulse|p2b: El C\u00f3ndor Pasa\n|-damage|p2b: El C\u00f3ndor Pasa|0 fnt\n|faint|p2b: El C\u00f3ndor Pasa\n|\n|win|MyNameBe3\n|l|\u2606winter86\n|player|p2|\n",
  "uploadtime": 1776365076,
  "views": 23,
  "formatid": "gen9championsvgc2026regma",
  "rating": null,
  "private": 0,
  "password": null
}