{
  "id": "gen9championsvgc2026regma-2586066294",
  "format": "[Gen 9 Champions] VGC 2026 Reg M-A",
  "players": [
    "D33Queue",
    "jasonrfry"
  ],
  "log": "|j|\u2606D33Queue\n|j|\u2606jasonrfry\n|t:|1776395402\n|gametype|doubles\n|player|p1|D33Queue|swimmerf-gen4|1221\n|player|p2|jasonrfry|265|1277\n|gen|9\n|tier|[Gen 9 Champions] VGC 2026 Reg M-A\n|rated|\n|rule|Species Clause: Limit one of each Pok\u00e9mon\n|rule|Item Clause: Limit 1 of each item\n|clearpoke\n|poke|p1|Delphox, L50, F|\n|poke|p1|Basculegion, L50, M|\n|poke|p1|Clefable, L50, F|\n|poke|p1|Kingambit, L50, M|\n|poke|p1|Sneasler, L50, M|\n|poke|p1|Garchomp, L50, F|\n|poke|p2|Mimikyu, L50, F|\n|poke|p2|Meganium, L50, M|\n|poke|p2|Primarina, L50, F|\n|poke|p2|Sneasler, L50, M|\n|poke|p2|Torkoal, L50, M|\n|poke|p2|Kingambit, L50, M|\n|teampreview|4\n|inactive|Battle timer is ON: inactive players will automatically lose when time's up. (requested by D33Queue)\n|inactive|D33Queue has 60 seconds left.\n|\n|t:|1776395461\n|teamsize|p1|4\n|teamsize|p2|4\n|start\n|switch|p1a: Basculegion|Basculegion, L50, M, shiny|100/100\n|switch|p1b: Kingambit|Kingambit, L50, M, shiny|100/100\n|switch|p2a: Mimikyu|Mimikyu, L50, F, shiny|100/100\n|switch|p2b: Primarina|Primarina, L50, F, shiny|100/100\n|turn|1\n|\n|t:|1776395472\n|move|p1a: Basculegion|Flip Turn|p2a: Mimikyu\n|-activate|p2a: Mimikyu|ability: Disguise\n|-damage|p2a: Mimikyu|100/100\n|detailschange|p2a: Mimikyu|Mimikyu-Busted, L50, F, shiny\n|-damage|p2a: Mimikyu|88/100|[from] pokemon: Mimikyu-Busted\n|\n|t:|1776395481\n|switch|p1a: Sneasler|Sneasler, L50, M, shiny|100/100|[from] Flip Turn\n|move|p2b: Primarina|Hyper Voice|p1a: Sneasler|[spread] p1a,p1b\n|-damage|p1a: Sneasler|44/100\n|-damage|p1b: Kingambit|57/100\n|move|p1b: Kingambit|Kowtow Cleave|p2a: Mimikyu\n|-damage|p2a: Mimikyu|10/100\n|move|p2a: Mimikyu|Trick Room|p2a: Mimikyu\n|-fieldstart|move: Trick Room|[of] p2a: Mimikyu\n|\n|upkeep\n|turn|2\n|\n|t:|1776395498\n|move|p1a: Sneasler|Fake Out|p2b: Primarina\n|-damage|p2b: Primarina|83/100\n|move|p1b: Kingambit|Kowtow Cleave|p2a: Mimikyu\n|-damage|p2a: Mimikyu|0 fnt\n|faint|p2a: Mimikyu\n|cant|p2b: Primarina|flinch\n|\n|upkeep\n|\n|t:|1776395502\n|switch|p2a: Kingambit|Kingambit, L50, M|100/100\n|turn|3\n|\n|t:|1776395520\n|move|p1a: Sneasler|Protect|p1a: Sneasler\n|-singleturn|p1a: Sneasler|Protect\n|move|p2a: Kingambit|Low Kick|p1b: Kingambit\n|-supereffective|p1b: Kingambit|2\n|-damage|p1b: Kingambit|0 fnt\n|faint|p1b: Kingambit\n|move|p2b: Primarina|Hyper Voice|p1a: Sneasler\n|-activate|p1a: Sneasler|move: Protect\n|\n|upkeep\n|\n|t:|1776395530\n|switch|p1b: Delphox|Delphox, L50, F, shiny|100/100\n|turn|4\n|\n|t:|1776395550\n|switch|p1b: Basculegion|Basculegion, L50, M, shiny|100/100\n|move|p2a: Kingambit|Kowtow Cleave|p1a: Sneasler\n|-resisted|p1a: Sneasler|1\n|-damage|p1a: Sneasler|0 fnt\n|faint|p1a: Sneasler\n|move|p2b: Primarina|Hyper Voice|p1b: Basculegion\n|-resisted|p1b: Basculegion|1\n|-damage|p1b: Basculegion|63/100\n|\n|upkeep\n|\n|t:|1776395560\n|switch|p1a: Delphox|Delphox, L50, F, shiny|100/100\n|turn|5\n|\n|t:|1776395577\n|move|p1a: Delphox|Protect|p1a: Delphox\n|-singleturn|p1a: Delphox|Protect\n|move|p1b: Basculegion|Aqua Jet|p2a: Kingambit\n|-damage|p2a: Kingambit|82/100\n|move|p2a: Kingambit|Kowtow Cleave|p1b: Basculegion\n|-supereffective|p1b: Basculegion|1\n|-damage|p1b: Basculegion|0 fnt\n|faint|p1b: Basculegion\n|move|p2b: Primarina|Hyper Voice|p1a: Delphox\n|-activate|p1a: Delphox|move: Protect\n|\n|-fieldend|move: Trick Room\n|upkeep\n|turn|6\n|\n|t:|1776395593\n|detailschange|p1a: Delphox|Delphox-Mega, L50, F, shiny\n|-mega|p1a: Delphox|Delphox|Delphoxite\n|move|p2a: Kingambit|Sucker Punch|p1a: Delphox\n|-supereffective|p1a: Delphox|1\n|-damage|p1a: Delphox|0 fnt\n|faint|p1a: Delphox\n|\n|win|jasonrfry\n|raw|D33Queue's rating: 1221 &rarr; <strong>1200</strong><br />(-21 for losing)\n|raw|jasonrfry's rating: 1277 &rarr; <strong>1298</strong><br />(+21 for winning)\n|l|\u2606D33Queue\n|player|p1|\n",
  "uploadtime": 1776395608,
  "views": 30,
  "formatid": "gen9championsvgc2026regma",
  "rating": 1200,
  "private": 0,
  "password": null
}