{
  "id": "gen9championsvgc2026regma-2587655085",
  "format": "[Gen 9 Champions] VGC 2026 Reg M-A",
  "players": [
    "SunTufo",
    "NotAShortKid232323"
  ],
  "log": "|j|\u2606SunTufo\n|j|\u2606NotAShortKid232323\n|t:|1776550844\n|gametype|doubles\n|player|p1|SunTufo|li|1332\n|player|p2|NotAShortKid232323|2|1301\n|gen|9\n|tier|[Gen 9 Champions] VGC 2026 Reg M-A\n|rated|\n|rule|Species Clause: Limit one of each Pok\u00e9mon\n|rule|Item Clause: Limit 1 of each item\n|clearpoke\n|poke|p1|Froslass, L50, F, shiny|\n|poke|p1|Milotic, L50, F, shiny|\n|poke|p1|Aerodactyl, L50, M, shiny|\n|poke|p1|Rotom-Frost, L50, shiny|\n|poke|p1|Garchomp, L50, M, shiny|\n|poke|p1|Sneasler, L50, M|\n|poke|p2|Floette-Eternal, L50, F|\n|poke|p2|Excadrill, L50, F|\n|poke|p2|Rotom-Wash, L50|\n|poke|p2|Incineroar, L50, M|\n|poke|p2|Whimsicott, L50, M|\n|poke|p2|Farigiraf, L50, M|\n|teampreview|4\n|inactive|Battle timer is ON: inactive players will automatically lose when time's up. (requested by NotAShortKid232323)\n|inactive|SunTufo also wants the timer to be on.\n|inactive|SunTufo has 60 seconds left.\n|\n|t:|1776550881\n|teamsize|p1|4\n|teamsize|p2|4\n|start\n|switch|p1a: Aerodactyl|Aerodactyl, L50, M, shiny|100/100\n|switch|p1b: Milotic|Milotic, L50, F, shiny|100/100\n|switch|p2a: Excadrill|Excadrill, L50, F|100/100\n|switch|p2b: Whimsicott|Whimsicott, L50, M|100/100\n|-ability|p1a: Aerodactyl|Unnerve\n|turn|1\n|\n|t:|1776550894\n|move|p2a: Excadrill|Iron Head|p1a: Aerodactyl\n|-supereffective|p1a: Aerodactyl|1\n|-enditem|p1a: Aerodactyl|Focus Sash\n|-damage|p1a: Aerodactyl|1/100\n|move|p1a: Aerodactyl|Tailwind|p1a: Aerodactyl\n|-sidestart|p1: SunTufo|move: Tailwind\n|move|p1b: Milotic|Icy Wind|p2b: Whimsicott|[spread] p2a,p2b\n|-crit|p2a: Excadrill\n|-supereffective|p2b: Whimsicott|1\n|-damage|p2a: Excadrill|80/100\n|-damage|p2b: Whimsicott|60/100\n|-unboost|p2a: Excadrill|spe|1\n|-unboost|p2b: Whimsicott|spe|1\n|move|p2b: Whimsicott|Moonblast|p1a: Aerodactyl\n|-damage|p1a: Aerodactyl|0 fnt\n|faint|p1a: Aerodactyl\n|\n|upkeep\n|\n|t:|1776550907\n|switch|p1a: Froslass|Froslass, L50, F, shiny|100/100\n|turn|2\n|\n|t:|1776550914\n|detailschange|p1a: Froslass|Froslass-Mega, L50, F, shiny\n|-mega|p1a: Froslass|Froslass|Froslassite\n|-weather|Snowscape|[from] ability: Snow Warning|[of] p1a: Froslass\n|move|p2b: Whimsicott|Tailwind|p2b: Whimsicott\n|-sidestart|p2: NotAShortKid232323|move: Tailwind\n|move|p1a: Froslass|Blizzard|p2b: Whimsicott|[spread] p2a,p2b\n|-supereffective|p2b: Whimsicott|1\n|-damage|p2a: Excadrill|24/100\n|-damage|p2b: Whimsicott|0 fnt\n|faint|p2b: Whimsicott\n|move|p2a: Excadrill|Iron Head|p1a: Froslass\n|-supereffective|p1a: Froslass|1\n|-damage|p1a: Froslass|11/100\n|move|p1b: Milotic|Muddy Water|p2a: Excadrill|[miss]\n|-miss|p1b: Milotic|p2a: Excadrill\n|\n|-weather|Snowscape|[upkeep]\n|upkeep\n|\n|t:|1776550930\n|switch|p2b: Floette|Floette-Eternal, L50, F|100/100\n|turn|3\n|\n|t:|1776550941\n|switch|p2a: Farigiraf|Farigiraf, L50, M|100/100\n|detailschange|p2b: Floette|Floette-Mega, L50, F\n|-mega|p2b: Floette|Floette|Floettite\n|-ability|p2b: Floette|Fairy Aura\n|move|p2b: Floette|Protect|p2b: Floette\n|-singleturn|p2b: Floette|Protect\n|move|p1a: Froslass|Blizzard|p2a: Farigiraf|[spread] p2a\n|-activate|p2b: Floette|move: Protect\n|-damage|p2a: Farigiraf|66/100\n|move|p1b: Milotic|Muddy Water|p2a: Farigiraf|[spread] p2a\n|-activate|p2b: Floette|move: Protect\n|-damage|p2a: Farigiraf|41/100\n|\n|-weather|Snowscape|[upkeep]\n|upkeep\n|turn|4\n|\n|t:|1776550968\n|move|p2a: Farigiraf|Helping Hand|p2b: Floette\n|-singleturn|p2b: Floette|Helping Hand|[of] p2a: Farigiraf\n|move|p1a: Froslass|Blizzard|p2b: Floette|[spread] p2a,p2b\n|-crit|p2a: Farigiraf\n|-damage|p2a: Farigiraf|0 fnt\n|-damage|p2b: Floette|65/100\n|faint|p2a: Farigiraf\n|move|p2b: Floette|Dazzling Gleam|p1b: Milotic|[spread] p1a,p1b\n|-damage|p1a: Froslass|0 fnt\n|-damage|p1b: Milotic|50/100\n|faint|p1a: Froslass\n|move|p1b: Milotic|Muddy Water|p2b: Floette\n|-damage|p2b: Floette|29/100\n|\n|-weather|Snowscape|[upkeep]\n|-sideend|p1: SunTufo|move: Tailwind\n|upkeep\n|\n|t:|1776550977\n|switch|p1a: Rotom|Rotom-Frost, L50, shiny|100/100\n|switch|p2a: Excadrill|Excadrill, L50, F|24/100\n|turn|5\n|\n|t:|1776551001\n|move|p1b: Milotic|Protect|p1b: Milotic\n|-singleturn|p1b: Milotic|Protect\n|move|p2a: Excadrill|Iron Head|p1a: Rotom\n|-damage|p1a: Rotom|67/100\n|move|p2b: Floette|Moonblast|p1b: Milotic\n|-activate|p1b: Milotic|move: Protect\n|cant|p1a: Rotom|flinch\n|\n|-weather|Snowscape|[upkeep]\n|-sideend|p2: NotAShortKid232323|move: Tailwind\n|upkeep\n|turn|6\n|\n|t:|1776551014\n|move|p2a: Excadrill|Iron Head|p1a: Rotom\n|-damage|p1a: Rotom|32/100\n|cant|p1a: Rotom|flinch\n|move|p2b: Floette|Moonblast|p1b: Milotic\n|-damage|p1b: Milotic|0 fnt\n|faint|p1b: Milotic\n|\n|-weather|none\n|upkeep\n|turn|7\n|\n|t:|1776551024\n|move|p2a: Excadrill|Iron Head|p1a: Rotom\n|-damage|p1a: Rotom|0 fnt\n|faint|p1a: Rotom\n|\n|win|NotAShortKid232323\n|raw|SunTufo's rating: 1332 &rarr; <strong>1310</strong><br />(-22 for losing)\n|raw|NotAShortKid232323's rating: 1301 &rarr; <strong>1323</strong><br />(+22 for winning)\n",
  "uploadtime": 1776551024,
  "views": 23,
  "formatid": "gen9championsvgc2026regma",
  "rating": 1310,
  "private": 0,
  "password": null
}