{
  "id": "gen9championsvgc2026regma-2584632461",
  "format": "[Gen 9 Champions] VGC 2026 Reg M-A",
  "players": [
    "ShinyMacaroni1i",
    "rmb28"
  ],
  "log": "|j|\u2606ShinyMacaroni1i\n|j|\u2606rmb28\n|t:|1776273348\n|gametype|doubles\n|player|p1|ShinyMacaroni1i|101|1040\n|player|p2|rmb28|blackbelt-gen4dp|1018\n|gen|9\n|tier|[Gen 9 Champions] VGC 2026 Reg M-A\n|rated|\n|rule|Species Clause: Limit one of each Pok\u00e9mon\n|rule|Item Clause: Limit 1 of each item\n|clearpoke\n|poke|p1|Weavile, L50, M|\n|poke|p1|Oranguru, L50, F|\n|poke|p1|Beedrill, L50, M|\n|poke|p1|Sneasler, L50, M|\n|poke|p1|Golurk, L50|\n|poke|p1|Meowscarada, L50, M|\n|poke|p2|Floette-Eternal, L50, F|\n|poke|p2|Aerodactyl, L50, M|\n|poke|p2|Garchomp, L50, M|\n|poke|p2|Incineroar, L50, M|\n|poke|p2|Sneasler, L50, F|\n|poke|p2|Aegislash, L50, M|\n|teampreview|4\n|inactive|Battle timer is ON: inactive players will automatically lose when time's up. (requested by rmb28)\n|j| lognut\nrmb28 has agreed to open team sheets.\n|c|\u2606rmb28|gl\n|inactive|ShinyMacaroni1i has 60 seconds left.\n|inactive|rmb28 has 60 seconds left.\n|l| lognut\n|\n|t:|1776273397\n|teamsize|p1|4\n|teamsize|p2|4\n|start\n|switch|p1a: Sneasler|Sneasler, L50, M|100/100\n|switch|p1b: Meowscarada|Meowscarada, L50, M|100/100\n|switch|p2a: Incineroar|Incineroar, L50, M|100/100\n|switch|p2b: Floette|Floette-Eternal, L50, F|100/100\n|-ability|p2a: Incineroar|Intimidate|boost\n|-unboost|p1a: Sneasler|atk|1\n|-unboost|p1b: Meowscarada|atk|1\n|-enditem|p1a: Sneasler|White Herb\n|-clearnegativeboost|p1a: Sneasler|[silent]\n|turn|1\n|inactive|ShinyMacaroni1i has 30 seconds left.\n|inactive|rmb28 has 30 seconds left.\n|\n|t:|1776273431\n|switch|p1b: Oranguru|Oranguru, L50, F|100/100\n|switch|p2b: Sneasler|Sneasler, L50, F|100/100\n|move|p1a: Sneasler|Fake Out|p2b: Sneasler\n|-damage|p2b: Sneasler|77/100\n|move|p2a: Incineroar|Flare Blitz|p1b: Oranguru\n|-damage|p1b: Oranguru|62/100\n|-damage|p2a: Incineroar|88/100|[from] Recoil\n|\n|upkeep\n|turn|2\n|inactive|ShinyMacaroni1i has 30 seconds left.\n|inactive|rmb28 has 30 seconds left.\n|inactive|ShinyMacaroni1i has 20 seconds left.\n|inactive|rmb28 has 20 seconds left.\n|inactive|ShinyMacaroni1i has 15 seconds left.\n|inactive|rmb28 has 15 seconds left.\n|inactive|ShinyMacaroni1i has 10 seconds left.\n|inactive|rmb28 has 10 seconds left.\n|inactive|ShinyMacaroni1i has 5 seconds left.\n|\n|t:|1776273486\n|move|p2a: Incineroar|Fake Out||[still]\n|-hint|Fake Out only works on your first turn out.\n|-fail|p2a: Incineroar\n|move|p1a: Sneasler|Close Combat|p2b: Sneasler\n|-resisted|p2b: Sneasler|1\n|-crit|p2b: Sneasler\n|-damage|p2b: Sneasler|0 fnt\n|-unboost|p1a: Sneasler|def|1\n|-unboost|p1a: Sneasler|spd|1\n|faint|p2b: Sneasler\n|move|p1b: Oranguru|Trick Room|p1b: Oranguru\n|-fieldstart|move: Trick Room|[of] p1b: Oranguru\n|\n|upkeep\n|c|\u2606rmb28|oh wiat\n|c|\u2606rmb28|im stupid\n|\n|t:|1776273503\n|switch|p2b: Floette|Floette-Eternal, L50, F|100/100\n|turn|3\n|inactive|ShinyMacaroni1i has 30 seconds left.\n|inactive|ShinyMacaroni1i has 20 seconds left.\n|\n|t:|1776273539\n|detailschange|p2b: Floette|Floette-Mega, L50, F\n|-mega|p2b: Floette|Floette|Floettite\n|-ability|p2b: Floette|Fairy Aura\n|move|p2b: Floette|Protect|p2b: Floette\n|-singleturn|p2b: Floette|Protect\n|move|p1b: Oranguru|Encore|p2a: Incineroar\n|-start|p2a: Incineroar|Encore\n|move|p2a: Incineroar|Fake Out||[still]\n|-hint|Fake Out only works on your first turn out.\n|-fail|p2a: Incineroar\n|move|p1a: Sneasler|Dire Claw|p2b: Floette\n|-activate|p2b: Floette|move: Protect\n|\n|upkeep\n|turn|4\n|inactive|ShinyMacaroni1i has 30 seconds left.\n|\n|t:|1776273569\n|switch|p2a: Aerodactyl|Aerodactyl, L50, M|100/100\n|-ability|p2a: Aerodactyl|Unnerve\n|switch|p1a: Golurk|Golurk, L50|100/100\n|move|p1b: Oranguru|Encore|p2b: Floette\n|-start|p2b: Floette|Encore\n|move|p2b: Floette|Protect||[still]\n|-fail|p2b: Floette\n|\n|upkeep\n|turn|5\n|inactive|ShinyMacaroni1i has 30 seconds left.\n|\n|t:|1776273597\n|switch|p2b: Incineroar|Incineroar, L50, M|88/100\n|-ability|p2b: Incineroar|Intimidate|boost\n|-unboost|p1a: Golurk|atk|1\n|-fail|p1b: Oranguru|unboost|Attack|[from] ability: Inner Focus|[of] p1b: Oranguru\n|detailschange|p1a: Golurk|Golurk-Mega, L50\n|-mega|p1a: Golurk|Golurk|Golurkite\n|move|p1a: Golurk|Headlong Rush|p2b: Incineroar\n|-supereffective|p2b: Incineroar|1\n|-enditem|p2b: Incineroar|Shuca Berry|[eat]\n|-enditem|p2b: Incineroar|Shuca Berry|[weaken]\n|-damage|p2b: Incineroar|42/100\n|-unboost|p1a: Golurk|def|1\n|-unboost|p1a: Golurk|spd|1\n|move|p1b: Oranguru|Extrasensory|p2a: Aerodactyl\n|-damage|p2a: Aerodactyl|63/100\n|move|p2a: Aerodactyl|Rock Slide|p1a: Golurk|[spread] p1a,p1b\n|-resisted|p1a: Golurk|1\n|-damage|p1a: Golurk|82/100\n|-damage|p1b: Oranguru|44/100\n|\n|upkeep\n|turn|6\n|inactive|ShinyMacaroni1i has 30 seconds left.\n|inactive|ShinyMacaroni1i has 20 seconds left.\n|inactive|ShinyMacaroni1i has 15 seconds left.\n|\n|t:|1776273641\n|switch|p1b: Sneasler|Sneasler, L50, M|100/100\n|move|p2b: Incineroar|Fake Out|p1b: Sneasler\n|-damage|p1b: Sneasler|80/100\n|move|p1a: Golurk|Headlong Rush|p2b: Incineroar\n|-supereffective|p2b: Incineroar|1\n|-damage|p2b: Incineroar|0 fnt\n|-unboost|p1a: Golurk|def|1\n|-unboost|p1a: Golurk|spd|1\n|faint|p2b: Incineroar\n|move|p2a: Aerodactyl|Tailwind|p2a: Aerodactyl\n|-sidestart|p2: rmb28|move: Tailwind\n|\n|-fieldend|move: Trick Room\n|upkeep\n|\n|t:|1776273647\n|switch|p2b: Floette|Floette-Mega, L50, F|100/100\n|-ability|p2b: Floette|Fairy Aura\n|turn|7\n|inactive|ShinyMacaroni1i has 30 seconds left.\n|\n|t:|1776273680\n|switch|p1a: Meowscarada|Meowscarada, L50, M|100/100\n|move|p2b: Floette|Protect|p2b: Floette\n|-singleturn|p2b: Floette|Protect\n|move|p1b: Sneasler|Protect|p1b: Sneasler\n|-singleturn|p1b: Sneasler|Protect\n|move|p2a: Aerodactyl|Rock Slide|p1b: Sneasler|[spread] p1a\n|-activate|p1b: Sneasler|move: Protect\n|-damage|p1a: Meowscarada|59/100\n|\n|upkeep\n|turn|8\n|inactive|ShinyMacaroni1i has 30 seconds left.\n|inactive|ShinyMacaroni1i has 20 seconds left.\n|inactive|ShinyMacaroni1i has 15 seconds left.\n|inactive|ShinyMacaroni1i has 10 seconds left.\n|\n|t:|1776273728\n|switch|p1b: Oranguru|Oranguru, L50, F|44/100\n|move|p2a: Aerodactyl|Rock Slide|p1a: Meowscarada|[spread] p1a,p1b\n|-damage|p1a: Meowscarada|23/100\n|-damage|p1b: Oranguru|23/100\n|move|p2b: Floette|Dazzling Gleam|p1a: Meowscarada|[spread] p1a,p1b\n|-supereffective|p1a: Meowscarada|1\n|-damage|p1a: Meowscarada|0 fnt\n|-damage|p1b: Oranguru|0 fnt\n|faint|p1a: Meowscarada\n|faint|p1b: Oranguru\n|\n|upkeep\n|\n|t:|1776273741\n|switch|p1a: Sneasler|Sneasler, L50, M|80/100\n|switch|p1b: Golurk|Golurk-Mega, L50|82/100\n|turn|9\n|inactive|ShinyMacaroni1i has 30 seconds left.\n|\n|t:|1776273769\n|move|p2b: Floette|Protect|p2b: Floette\n|-singleturn|p2b: Floette|Protect\n|move|p1a: Sneasler|Fake Out|p2a: Aerodactyl\n|-resisted|p2a: Aerodactyl|1\n|-damage|p2a: Aerodactyl|52/100\n|cant|p2a: Aerodactyl|flinch\n|move|p1b: Golurk|Headlong Rush|p2b: Floette\n|-ability|p1b: Golurk|Unseen Fist\n|-zbroken|p2b: Floette\n|-damage|p2b: Floette|80/100\n|-unboost|p1b: Golurk|def|1\n|-unboost|p1b: Golurk|spd|1\n|\n|-sideend|p2: rmb28|move: Tailwind\n|upkeep\n|turn|10\n|inactive|ShinyMacaroni1i has 30 seconds left.\n|inactive|ShinyMacaroni1i has 20 seconds left.\n|inactive|rmb28 has 30 seconds left.\n|inactive|ShinyMacaroni1i has 15 seconds left.\n|\n|t:|1776273809\n|move|p1a: Sneasler|Protect|p1a: Sneasler\n|-singleturn|p1a: Sneasler|Protect\n|move|p2a: Aerodactyl|Rock Slide|p1b: Golurk|[spread] p1b\n|-activate|p1a: Sneasler|move: Protect\n|-resisted|p1b: Golurk|1\n|-damage|p1b: Golurk|65/100\n|move|p2b: Floette|Light of Ruin|p1a: Sneasler\n|-activate|p1a: Sneasler|move: Protect\n|cant|p1b: Golurk|flinch\n|\n|upkeep\n|turn|11\n|inactive|rmb28 has 30 seconds left.\n|\n|t:|1776273835\n|move|p2b: Floette|Protect|p2b: Floette\n|-singleturn|p2b: Floette|Protect\n|move|p2a: Aerodactyl|Rock Slide|p1b: Golurk|[spread] p1a,p1b\n|-resisted|p1a: Sneasler|1\n|-resisted|p1b: Golurk|1\n|-damage|p1a: Sneasler|59/100\n|-damage|p1b: Golurk|48/100\n|move|p1a: Sneasler|Dire Claw|p2b: Floette\n|-activate|p2b: Floette|move: Protect\n|cant|p1b: Golurk|flinch\n|\n|upkeep\n|turn|12\n|inactive|ShinyMacaroni1i has 30 seconds left.\n|inactive|rmb28 has 30 seconds left.\n|\n|t:|1776273863\n|move|p1a: Sneasler|Protect|p1a: Sneasler\n|-singleturn|p1a: Sneasler|Protect\n|move|p2a: Aerodactyl|Rock Slide|p1b: Golurk|[spread] p1b\n|-activate|p1a: Sneasler|move: Protect\n|-resisted|p1b: Golurk|1\n|-damage|p1b: Golurk|33/100\n|move|p2b: Floette|Dazzling Gleam|p1a: Sneasler|[spread] p1b\n|-activate|p1a: Sneasler|move: Protect\n|-damage|p1b: Golurk|0 fnt\n|faint|p1b: Golurk\n|\n|upkeep\n|turn|13\n|inactive|ShinyMacaroni1i has 25 seconds left this turn.\n|inactive|ShinyMacaroni1i has 20 seconds left.\n|inactive|ShinyMacaroni1i has 15 seconds left.\n|\n|t:|1776273880\n|move|p2a: Aerodactyl|Rock Slide|p1a: Sneasler\n|-resisted|p1a: Sneasler|1\n|-damage|p1a: Sneasler|30/100\n|move|p1a: Sneasler|Dire Claw|p2b: Floette\n|-supereffective|p2b: Floette|1\n|-damage|p2b: Floette|0 fnt\n|faint|p2b: Floette\n|\n|upkeep\n|turn|14\n|inactive|ShinyMacaroni1i has 15 seconds left this turn.\n|inactive|ShinyMacaroni1i has 10 seconds left.\n|inactive|ShinyMacaroni1i has 5 seconds left.\n|\n|t:|1776273891\n|move|p2a: Aerodactyl|Rock Slide|p1a: Sneasler\n|-resisted|p1a: Sneasler|1\n|-damage|p1a: Sneasler|2/100\n|move|p1a: Sneasler|Close Combat|p2a: Aerodactyl\n|-damage|p2a: Aerodactyl|0 fnt\n|-unboost|p1a: Sneasler|def|1\n|-unboost|p1a: Sneasler|spd|1\n|faint|p2a: Aerodactyl\n|\n|win|ShinyMacaroni1i\n|raw|ShinyMacaroni1i's rating: 1040 &rarr; <strong>1072</strong><br />(+32 for winning)\n|raw|rmb28's rating: 1018 &rarr; <strong>1006</strong><br />(-12 for losing)\n",
  "uploadtime": 1776273892,
  "views": 24,
  "formatid": "gen9championsvgc2026regma",
  "rating": 1006,
  "private": 0,
  "password": null
}