{
  "id": "gen9championsvgc2026regma-2584595182",
  "format": "[Gen 9 Champions] VGC 2026 Reg M-A",
  "players": [
    "bladimir17",
    "acarrion810"
  ],
  "log": "|j|\u2606bladimir17\n|j|\u2606acarrion810\n|t:|1776271007\n|gametype|doubles\n|player|p1|bladimir17|hilbert|1110\n|player|p2|acarrion810|170|1080\n|gen|9\n|tier|[Gen 9 Champions] VGC 2026 Reg M-A\n|rated|\n|rule|Species Clause: Limit one of each Pok\u00e9mon\n|rule|Item Clause: Limit 1 of each item\n|clearpoke\n|poke|p1|Pelipper, L50, M|\n|poke|p1|Basculegion, L50, M|\n|poke|p1|Archaludon, L50, M|\n|poke|p1|Sinistcha, L50|\n|poke|p1|Dragonite, L50, F|\n|poke|p1|Sneasler, L50, M|\n|poke|p2|Sylveon, L50, F|\n|poke|p2|Farigiraf, L50, M|\n|poke|p2|Aegislash, L50, F|\n|poke|p2|Palafin, L50, F|\n|poke|p2|Politoed, L50, M|\n|poke|p2|Dragonite, L50, F|\n|teampreview|4\n|\n|t:|1776271068\n|teamsize|p1|4\n|teamsize|p2|4\n|start\n|switch|p1a: Sneasler|Sneasler, L50, M|100/100\n|switch|p1b: Archaludon|Archaludon, L50, M|100/100\n|switch|p2a: Dragonite|Dragonite, L50, F|100/100\n|switch|p2b: Aegislash|Aegislash, L50, F|100/100\n|turn|1\n|\n|t:|1776271111\n|detailschange|p2a: Dragonite|Dragonite-Mega, L50, F\n|-mega|p2a: Dragonite|Dragonite|Dragoninite\n|move|p2a: Dragonite|Protect|p2a: Dragonite\n|-singleturn|p2a: Dragonite|Protect\n|move|p1a: Sneasler|Fake Out|p2a: Dragonite\n|-activate|p2a: Dragonite|move: Protect\n|-formechange|p2b: Aegislash|Aegislash-Blade|\n|move|p2b: Aegislash|Poltergeist|p1b: Archaludon|[miss]\n|-miss|p2b: Aegislash|p1b: Archaludon\n|move|p1b: Archaludon|Draco Meteor|p2a: Dragonite\n|-activate|p2a: Dragonite|move: Protect\n|\n|upkeep\n|turn|2\n|\n|t:|1776271143\n|switch|p1a: Dragonite|Dragonite, L50, F|100/100\n|move|p2a: Dragonite|Hurricane|p1a: Dragonite\n|-damage|p1a: Dragonite|30/100\n|-start|p1a: Dragonite|confusion\n|move|p2b: Aegislash|Poltergeist|p1b: Archaludon\n|-activate|p1b: Archaludon|move: Poltergeist|Leftovers\n|-damage|p1b: Archaludon|55/100\n|-ability|p1b: Archaludon|Stamina|boost\n|-boost|p1b: Archaludon|def|1\n|move|p1b: Archaludon|Flash Cannon|p2a: Dragonite\n|-damage|p2a: Dragonite|85/100\n|\n|-heal|p1b: Archaludon|61/100|[from] item: Leftovers\n|upkeep\n|turn|3\n|\n|t:|1776271174\n|detailschange|p1a: Dragonite|Dragonite-Mega, L50, F\n|-mega|p1a: Dragonite|Dragonite|Dragoninite\n|-activate|p1a: Dragonite|confusion\n|-damage|p1a: Dragonite|21/100|[from] confusion\n|move|p2b: Aegislash|Shadow Sneak|p1a: Dragonite\n|-damage|p1a: Dragonite|0 fnt\n|faint|p1a: Dragonite\n|move|p2a: Dragonite|Draco Meteor|p1b: Archaludon\n|-damage|p1b: Archaludon|0 fnt\n|-unboost|p2a: Dragonite|spa|2\n|faint|p1b: Archaludon\n|\n|upkeep\n|c|\u2606acarrion810|Damn get fucked\n|inactive|Battle timer is ON: inactive players will automatically lose when time's up. (requested by acarrion810)\n|inactive|bladimir17 has 60 seconds left.\n|inactive|bladimir17 has 30 seconds left.\n|inactive|bladimir17 has 20 seconds left.\n|inactive|bladimir17 has 15 seconds left.\n|inactive|bladimir17 has 10 seconds left.\n|inactive|bladimir17 has 5 seconds left.\n|\n|t:|1776271284\n|switch|p1a: Sneasler|Sneasler, L50, M|100/100\n|switch|p1b: Sinistcha|Sinistcha, L50|100/100\n|turn|4\n|inactive|bladimir17 has 30 seconds left.\n|inactive|bladimir17 has 20 seconds left.\n|inactive|bladimir17 has 15 seconds left.\n|inactive|bladimir17 has 10 seconds left.\n|inactive|bladimir17 has 5 seconds left.\n|\n|t:|1776271340\n|switch|p2a: Palafin|Palafin, L50, F|100/100\n|move|p1a: Sneasler|Fake Out|p2b: Aegislash\n|-immune|p2b: Aegislash\n|move|p2b: Aegislash|Shadow Sneak|p1b: Sinistcha\n|-supereffective|p1b: Sinistcha|1\n|-damage|p1b: Sinistcha|63/100\n|move|p1b: Sinistcha|Matcha Gotcha|p2a: Palafin|[spread] p2a,p2b\n|-supereffective|p2a: Palafin|1\n|-resisted|p2b: Aegislash|1\n|-damage|p2a: Palafin|38/100\n|-heal|p1b: Sinistcha|99/100|[from] drain|[of] p2a: Palafin\n|-damage|p2b: Aegislash|72/100\n|-heal|p1b: Sinistcha|100/100|[from] drain|[of] p2b: Aegislash\n|\n|upkeep\n|turn|5\n|c|\u2606acarrion810|Time stalling at noon on a Wednesday get a job\n|inactive|bladimir17 has 30 seconds left.\n|inactive|bladimir17 has 20 seconds left.\n|inactive|bladimir17 has 15 seconds left.\n|inactive|bladimir17 has 10 seconds left.\n|inactive|bladimir17 has 5 seconds left.\n|\n|t:|1776271395\n|move|p1a: Sneasler|Fake Out||[still]\n|-hint|Fake Out only works on your first turn out.\n|-fail|p1a: Sneasler\n|move|p2b: Aegislash|Wide Guard|p2b: Aegislash\n|-singleturn|p2b: Aegislash|Wide Guard\n|move|p2a: Palafin|Close Combat|p1a: Sneasler\n|-resisted|p1a: Sneasler|1\n|-damage|p1a: Sneasler|78/100\n|-unboost|p2a: Palafin|def|1\n|-unboost|p2a: Palafin|spd|1\n|move|p1b: Sinistcha|Matcha Gotcha|p2b: Aegislash|[spread] \n|-activate|p2a: Palafin|move: Wide Guard\n|-activate|p2b: Aegislash|move: Wide Guard\n|\n|upkeep\n|turn|6\n|inactive|bladimir17 has 30 seconds left.\n|inactive|bladimir17 has 20 seconds left.\n|inactive|bladimir17 has 15 seconds left.\n|inactive|bladimir17 has 10 seconds left.\n|c|\u2606acarrion810|Wasting my lunch break playing a little bitcg\n|inactive|bladimir17 has 5 seconds left.\n|\n|t:|1776271450\n|detailschange|p2a: Palafin|Palafin-Hero, L50, F\n|switch|p2a: Farigiraf|Farigiraf, L50, M|100/100\n|move|p2b: Aegislash|Shadow Sneak|p1b: Sinistcha\n|-supereffective|p1b: Sinistcha|1\n|-damage|p1b: Sinistcha|63/100\n|move|p1a: Sneasler|Close Combat|p2a: Farigiraf\n|-damage|p2a: Farigiraf|52/100\n|-unboost|p1a: Sneasler|def|1\n|-unboost|p1a: Sneasler|spd|1\n|-enditem|p1a: Sneasler|White Herb\n|-clearnegativeboost|p1a: Sneasler|[silent]\n|move|p1b: Sinistcha|Matcha Gotcha|p2b: Aegislash|[spread] p2a,p2b\n|-resisted|p2b: Aegislash|1\n|-damage|p2a: Farigiraf|28/100\n|-heal|p1b: Sinistcha|77/100|[from] drain|[of] p2a: Farigiraf\n|-damage|p2b: Aegislash|45/100\n|-heal|p1b: Sinistcha|88/100|[from] drain|[of] p2b: Aegislash\n|-enditem|p2a: Farigiraf|Sitrus Berry|[eat]\n|-heal|p2a: Farigiraf|53/100|[from] item: Sitrus Berry\n|\n|upkeep\n|turn|7\n|inactive|bladimir17 has 30 seconds left.\n|inactive|bladimir17 has 20 seconds left.\n|inactive|bladimir17 has 15 seconds left.\n|inactive|bladimir17 has 10 seconds left.\n|inactive|bladimir17 has 5 seconds left.\n|\n|t:|1776271505\n|move|p2b: Aegislash|Shadow Sneak|p1b: Sinistcha\n|-supereffective|p1b: Sinistcha|1\n|-damage|p1b: Sinistcha|50/100\n|-enditem|p1b: Sinistcha|Sitrus Berry|[eat]\n|-heal|p1b: Sinistcha|75/100|[from] item: Sitrus Berry\n|move|p1a: Sneasler|Close Combat|p2b: Aegislash\n|-immune|p2b: Aegislash\n|move|p1b: Sinistcha|Matcha Gotcha|p2a: Farigiraf|[spread] p2a,p2b\n|-resisted|p2b: Aegislash|1\n|-crit|p2b: Aegislash\n|-damage|p2a: Farigiraf|30/100\n|-heal|p1b: Sinistcha|88/100|[from] drain|[of] p2a: Farigiraf\n|-damage|p2b: Aegislash|8/100\n|-heal|p1b: Sinistcha|100/100|[from] drain|[of] p2b: Aegislash\n|move|p2a: Farigiraf|Trick Room|p2a: Farigiraf\n|-fieldstart|move: Trick Room|[of] p2a: Farigiraf\n|\n|upkeep\n|turn|8\n|l|\u2606bladimir17\n|inactive|bladimir17 disconnected and has a minute to reconnect!\n|player|p1|\n|inactive|bladimir17 has 30 seconds left.\n|c|\u2606acarrion810|Bro you are fucking dogshit\n|inactive|bladimir17 has 20 seconds left.\n|inactive|bladimir17 has 15 seconds left.\n|n|\u203dacarrion810|acarrion810\n|c|~|/log acarrion810 was locked from talking by Artemis. (\u2606acarrion810: Bro you are fucking dogshit)\n|c|~|/raw <small>This action was done automatically. Want to learn more about the AI? <a href=\"https://www.smogon.com/forums/threads/3570628/#post-9056769\">Visit the information thread</a>.</small>\n|inactive|bladimir17 has 10 seconds left.\n|inactive|bladimir17 has 5 seconds left.\n|-message|bladimir17 lost due to inactivity.\n|\n|win|acarrion810\n",
  "uploadtime": 1776271188,
  "views": 16,
  "formatid": "gen9championsvgc2026regma",
  "rating": null,
  "private": 0,
  "password": null
}