{
  "id": "gen9championsvgc2026regma-2586869557",
  "format": "[Gen 9 Champions] VGC 2026 Reg M-A",
  "players": [
    "kid_the_phantom",
    "fnjdnfjfjfjf"
  ],
  "log": "|j|\u2606kid_the_phantom\n|j|\u2606fnjdnfjfjfjf\n|t:|1776466974\n|gametype|doubles\n|player|p1|kid_the_phantom|102|1104\n|player|p2|fnjdnfjfjfjf|170|1109\n|gen|9\n|tier|[Gen 9 Champions] VGC 2026 Reg M-A\n|rated|\n|rule|Species Clause: Limit one of each Pok\u00e9mon\n|rule|Item Clause: Limit 1 of each item\n|clearpoke\n|poke|p1|Gengar, L50, F|\n|poke|p1|Sableye, L50, M|\n|poke|p1|Politoed, L50, F|\n|poke|p1|Sinistcha, L50|\n|poke|p1|Blastoise, L50, M|\n|poke|p1|Incineroar, L50, F|\n|poke|p2|Scizor, L50, M|\n|poke|p2|Kommo-o, L50, M|\n|poke|p2|Basculegion, L50, M|\n|poke|p2|Incineroar, L50, M|\n|poke|p2|Ninetales-Alola, L50, F|\n|poke|p2|Sinistcha, L50|\n|teampreview|4\n|\n|t:|1776467007\n|teamsize|p1|4\n|teamsize|p2|4\n|start\n|switch|p1a: Politoed|Politoed, L50, F|100/100\n|switch|p1b: Sableye|Sableye, L50, M|100/100\n|switch|p2a: Kommo-o|Kommo-o, L50, M|100/100\n|switch|p2b: Basculegion|Basculegion, L50, M|100/100\n|-weather|RainDance|[from] ability: Drizzle|[of] p1a: Politoed\n|turn|1\n|\n|t:|1776467025\n|switch|p2b: Sinistcha|Sinistcha, L50|100/100\n|move|p1b: Sableye|Gravity|p1b: Sableye\n|-fieldstart|move: Gravity\n|move|p2a: Kommo-o|Clangorous Soul|p2a: Kommo-o\n|-boost|p2a: Kommo-o|atk|1\n|-boost|p2a: Kommo-o|def|1\n|-boost|p2a: Kommo-o|spa|1\n|-boost|p2a: Kommo-o|spd|1\n|-boost|p2a: Kommo-o|spe|1\n|-damage|p2a: Kommo-o|68/100\n|move|p1a: Politoed|Hypnosis|p2b: Sinistcha\n|-status|p2b: Sinistcha|slp|[from] move: Hypnosis\n|\n|-weather|RainDance|[upkeep]\n|-heal|p2a: Kommo-o|74/100|[from] item: Leftovers\n|upkeep\n|turn|2\n|\n|t:|1776467050\n|move|p2a: Kommo-o|Protect|p2a: Kommo-o\n|-singleturn|p2a: Kommo-o|Protect\n|move|p1b: Sableye|Encore|p2a: Kommo-o\n|-activate|p2a: Kommo-o|move: Protect\n|cant|p2b: Sinistcha|slp\n|move|p1a: Politoed|Hypnosis|p2a: Kommo-o\n|-activate|p2a: Kommo-o|move: Protect\n|\n|-weather|RainDance|[upkeep]\n|-heal|p2a: Kommo-o|79/100|[from] item: Leftovers\n|upkeep\n|turn|3\n|\n|t:|1776467064\n|cant|p2b: Sinistcha|slp\n|move|p1b: Sableye|Encore|p2a: Kommo-o\n|-start|p2a: Kommo-o|Encore\n|move|p2a: Kommo-o|Protect||[still]\n|-fail|p2a: Kommo-o\n|move|p1a: Politoed|Perish Song|p1a: Politoed\n|-start|p1a: Politoed|perish3|[silent]\n|-start|p1b: Sableye|perish3|[silent]\n|-immune|p2a: Kommo-o|[from] ability: Soundproof\n|-start|p2b: Sinistcha|perish3|[silent]\n|-fieldactivate|move: Perish Song\n|\n|-weather|RainDance|[upkeep]\n|-heal|p2a: Kommo-o|85/100|[from] item: Leftovers\n|-start|p1b: Sableye|perish3\n|-start|p2b: Sinistcha|perish3\n|-start|p1a: Politoed|perish3\n|upkeep\n|turn|4\n|\n|t:|1776467097\n|switch|p1a: Sinistcha|Sinistcha, L50|100/100\n|move|p2a: Kommo-o|Protect|p2a: Kommo-o\n|-singleturn|p2a: Kommo-o|Protect\n|move|p1b: Sableye|Disable|p2a: Kommo-o\n|-activate|p2a: Kommo-o|move: Protect\n|-curestatus|p2b: Sinistcha|slp|[msg]\n|move|p2b: Sinistcha|Matcha Gotcha|p1a: Sinistcha|[spread] p1a,p1b\n|-resisted|p1a: Sinistcha|1\n|-damage|p1a: Sinistcha|90/100\n|-damage|p1b: Sableye|64/100\n|\n|-weather|RainDance|[upkeep]\n|-heal|p2a: Kommo-o|91/100|[from] item: Leftovers\n|-start|p1b: Sableye|perish2\n|-start|p2b: Sinistcha|perish2\n|upkeep\n|turn|5\n|\n|t:|1776467121\n|switch|p1a: Blastoise|Blastoise, L50, M|100/100\n|move|p2a: Kommo-o|Protect|p2a: Kommo-o\n|-singleturn|p2a: Kommo-o|Protect\n|move|p2b: Sinistcha|Rage Powder|p2b: Sinistcha\n|-singleturn|p2b: Sinistcha|move: Rage Powder\n|move|p1b: Sableye|Disable|p2b: Sinistcha\n|-start|p2b: Sinistcha|Disable|Rage Powder\n|\n|-weather|none\n|-heal|p2a: Kommo-o|96/100|[from] item: Leftovers\n|-end|p2a: Kommo-o|Encore\n|-start|p1b: Sableye|perish1\n|-start|p2b: Sinistcha|perish1\n|-fieldend|move: Gravity\n|upkeep\n|turn|6\n|\n|t:|1776467158\n|switch|p2b: Basculegion|Basculegion, L50, M|100/100\n|detailschange|p1a: Blastoise|Blastoise-Mega, L50, M\n|-mega|p1a: Blastoise|Blastoise|Blastoisinite\n|move|p1b: Sableye|Encore||[still]\n|-fail|p1b: Sableye\n|move|p2a: Kommo-o|Clangorous Soul|p2a: Kommo-o\n|-boost|p2a: Kommo-o|atk|1\n|-boost|p2a: Kommo-o|def|1\n|-boost|p2a: Kommo-o|spa|1\n|-boost|p2a: Kommo-o|spd|1\n|-boost|p2a: Kommo-o|spe|1\n|-damage|p2a: Kommo-o|64/100\n|move|p1a: Blastoise|Shell Smash|p1a: Blastoise\n|-unboost|p1a: Blastoise|def|1\n|-unboost|p1a: Blastoise|spd|1\n|-boost|p1a: Blastoise|atk|2\n|-boost|p1a: Blastoise|spa|2\n|-boost|p1a: Blastoise|spe|2\n|\n|-heal|p2a: Kommo-o|70/100|[from] item: Leftovers\n|-start|p1b: Sableye|perish0\n|upkeep\n|faint|p1b: Sableye\n|\n|t:|1776467171\n|switch|p1b: Sinistcha|Sinistcha, L50|90/100\n|turn|7\n|\n|t:|1776467191\n|switch|p1b: Politoed|Politoed, L50, F|100/100\n|-weather|RainDance|[from] ability: Drizzle|[of] p1b: Politoed\n|move|p2a: Kommo-o|Clanging Scales|p1a: Blastoise|[spread] p1a,p1b\n|-damage|p1a: Blastoise|21/100\n|-damage|p1b: Politoed|44/100\n|-unboost|p2a: Kommo-o|def|1\n|move|p2b: Basculegion|Flip Turn|p1a: Blastoise\n|-resisted|p1a: Blastoise|1\n|-damage|p1a: Blastoise|0 fnt\n|faint|p1a: Blastoise\n|\n|t:|1776467204\n|switch|p2b: Sinistcha|Sinistcha, L50|100/100|[from] Flip Turn\n|-heal|p2a: Kommo-o|94/100|[from] ability: Hospitality|[of] p2b: Sinistcha\n|\n|-weather|RainDance|[upkeep]\n|-heal|p2a: Kommo-o|99/100|[from] item: Leftovers\n|-heal|p1b: Politoed|50/100|[from] item: Leftovers\n|upkeep\n|-message|kid_the_phantom forfeited.\n|\n|win|fnjdnfjfjfjf\n|raw|kid_the_phantom's rating: 1104 &rarr; <strong>1079</strong><br />(-25 for losing)\n|raw|fnjdnfjfjfjf's rating: 1109 &rarr; <strong>1134</strong><br />(+25 for winning)\n|l|\u2606kid_the_phantom\n|player|p1|\n",
  "uploadtime": 1776467211,
  "views": 25,
  "formatid": "gen9championsvgc2026regma",
  "rating": 1079,
  "private": 0,
  "password": null
}