{
  "id": "gen9championsvgc2026regma-2585503717",
  "format": "[Gen 9 Champions] VGC 2026 Reg M-A",
  "players": [
    "ssecnirp",
    "UnovaNPC"
  ],
  "log": "|j|\u2606ssecnirp\n|j|\u2606UnovaNPC\n|t:|1776351947\n|gametype|doubles\n|player|p1|ssecnirp|266|1103\n|player|p2|UnovaNPC|hoopster|1160\n|gen|9\n|tier|[Gen 9 Champions] VGC 2026 Reg M-A\n|rated|\n|rule|Species Clause: Limit one of each Pok\u00e9mon\n|rule|Item Clause: Limit 1 of each item\n|clearpoke\n|poke|p1|Sableye, L50, M|\n|poke|p1|Dragonite, L50, F|\n|poke|p1|Machamp, L50, F|\n|poke|p1|Slowking, L50, M|\n|poke|p1|Gengar, L50, F|\n|poke|p1|Abomasnow, L50, F|\n|poke|p2|Zoroark-Hisui, L50, F|\n|poke|p2|Meowscarada, L50, M|\n|poke|p2|Sneasler, L50, M|\n|poke|p2|Milotic, L50, M|\n|poke|p2|Charizard, L50, F|\n|poke|p2|Starmie, L50|\n|teampreview|4\n|inactive|Battle timer is ON: inactive players will automatically lose when time's up. (requested by ssecnirp)\n|\n|t:|1776351996\n|teamsize|p1|4\n|teamsize|p2|4\n|start\n|switch|p1a: Sableye|Sableye, L50, M|100/100\n|switch|p1b: Gengar|Gengar, L50, F|100/100\n|switch|p2a: Sneasler|Sneasler, L50, M|100/100\n|switch|p2b: Charizard|Charizard, L50, F|100/100\n|turn|1\n|-activate|p2a: Sneasler|item: Quick Claw\n|\n|t:|1776352017\n|move|p2b: Charizard|Protect|p2b: Charizard\n|-singleturn|p2b: Charizard|Protect\n|move|p1a: Sableye|Fake Out|p2b: Charizard\n|-activate|p2b: Charizard|move: Protect\n|move|p2a: Sneasler|Shadow Ball|p1b: Gengar\n|-supereffective|p1b: Gengar|1\n|-enditem|p1b: Gengar|Focus Sash\n|-damage|p1b: Gengar|1/100\n|-start|p2a: Sneasler|Disable|Shadow Ball|[from] ability: Cursed Body|[of] p1b: Gengar\n|move|p1b: Gengar|Shadow Ball|p2a: Sneasler\n|-immune|p2a: Sneasler\n|\n|upkeep\n|turn|2\n|inactive|ssecnirp has 30 seconds left.\n|inactive|UnovaNPC has 30 seconds left.\n|inactive|UnovaNPC has 20 seconds left.\n|inactive|UnovaNPC has 15 seconds left.\n|inactive|UnovaNPC has 10 seconds left.\n|\n|t:|1776352064\n|detailschange|p2b: Charizard|Charizard-Mega-X, L50, F\n|-mega|p2b: Charizard|Charizard|Charizardite X\n|move|p1a: Sableye|Rain Dance|p1a: Sableye\n|-weather|RainDance\n|move|p2a: Sneasler|Nasty Plot|p2a: Sneasler\n|-boost|p2a: Sneasler|spa|2\n|move|p1b: Gengar|Thunder|p2a: Sneasler\n|-damage|p2a: Sneasler|21/100\n|replace|p2a: Zoroark|Zoroark-Hisui, L50, F\n|-end|p2a: Zoroark|Illusion\n|move|p2b: Charizard|Dragon Claw|p1b: Gengar\n|-damage|p1b: Gengar|0 fnt\n|faint|p1b: Gengar\n|\n|-weather|RainDance|[upkeep]\n|upkeep\n|\n|t:|1776352087\n|switch|p1b: Machamp|Machamp, L50, F|100/100\n|turn|3\n|-activate|p2a: Zoroark|item: Quick Claw\n|\n|t:|1776352111\n|move|p2a: Zoroark|Protect|p2a: Zoroark\n|-singleturn|p2a: Zoroark|Protect\n|move|p2b: Charizard|Flare Blitz|p1b: Machamp\n|-damage|p1b: Machamp|62/100\n|-damage|p2b: Charizard|87/100|[from] Recoil\n|move|p1b: Machamp|Stone Edge|p2a: Zoroark\n|-activate|p2a: Zoroark|move: Protect\n|move|p1a: Sableye|Night Shade|p2b: Charizard\n|-damage|p2b: Charizard|54/100\n|\n|-weather|RainDance|[upkeep]\n|upkeep\n|turn|4\n|-activate|p2a: Zoroark|item: Quick Claw\n|\n|t:|1776352131\n|move|p2a: Zoroark|Hyper Voice|p1a: Sableye|[spread] p1b\n|-immune|p1a: Sableye\n|-damage|p1b: Machamp|0 fnt\n|faint|p1b: Machamp\n|move|p2b: Charizard|Dragon Claw|p1a: Sableye\n|-damage|p1a: Sableye|30/100\n|move|p1a: Sableye|Night Shade|p2b: Charizard\n|-damage|p2b: Charizard|21/100\n|\n|-weather|RainDance|[upkeep]\n|-end|p2a: Zoroark|Disable\n|upkeep\n|\n|t:|1776352136\n|switch|p1b: Dragonite|Dragonite, L50, F|100/100\n|turn|5\n|\n|t:|1776352147\n|detailschange|p1b: Dragonite|Dragonite-Mega, L50, F\n|-mega|p1b: Dragonite|Dragonite|Dragoninite\n|move|p1a: Sableye|Sunny Day|p1a: Sableye\n|-weather|SunnyDay\n|move|p2a: Zoroark|Shadow Ball|p1a: Sableye\n|-damage|p1a: Sableye|0 fnt\n|faint|p1a: Sableye\n|move|p2b: Charizard|Dragon Claw|p1b: Dragonite\n|-supereffective|p1b: Dragonite|1\n|-damage|p1b: Dragonite|57/100\n|move|p1b: Dragonite|Heat Wave|p2a: Zoroark|[spread] p2a,p2b\n|-resisted|p2b: Charizard|2\n|-damage|p2a: Zoroark|0 fnt\n|-damage|p2b: Charizard|6/100\n|faint|p2a: Zoroark\n|\n|-weather|SunnyDay|[upkeep]\n|upkeep\n|\n|t:|1776352160\n|switch|p2a: Sneasler|Sneasler, L50, M|100/100\n|turn|6\n|-message|ssecnirp forfeited.\n|\n|win|UnovaNPC\n|raw|ssecnirp's rating: 1103 &rarr; <strong>1082</strong><br />(-21 for losing)\n|raw|UnovaNPC's rating: 1160 &rarr; <strong>1181</strong><br />(+21 for winning)\n|l|\u2606ssecnirp\n|player|p1|\n",
  "uploadtime": 1776352176,
  "views": 20,
  "formatid": "gen9championsvgc2026regma",
  "rating": 1082,
  "private": 0,
  "password": null
}