{
  "id": "gen9championsvgc2026regma-2583774569",
  "format": "[Gen 9 Champions] VGC 2026 Reg M-A",
  "players": [
    "Missed Ledgedash",
    "SlashXYZ"
  ],
  "log": "|j|\u2606Missed Ledgedash\n|j|\u2606SlashXYZ\n|t:|1776196806\n|gametype|doubles\n|player|p1|Missed Ledgedash|juan-gen3|1163\n|player|p2|SlashXYZ|red|1123\n|gen|9\n|tier|[Gen 9 Champions] VGC 2026 Reg M-A\n|rated|\n|rule|Species Clause: Limit one of each Pok\u00e9mon\n|rule|Item Clause: Limit 1 of each item\n|clearpoke\n|poke|p1|Incineroar, L50, F|\n|poke|p1|Gengar, L50, M|\n|poke|p1|Sneasler, L50, M|\n|poke|p1|Tyranitar, L50, M|\n|poke|p1|Sinistcha, L50|\n|poke|p1|Rotom-Wash, L50|\n|poke|p2|Froslass, L50, F|\n|poke|p2|Arcanine-Hisui, L50, M|\n|poke|p2|Zoroark-Hisui, L50, F|\n|poke|p2|Pelipper, L50, F|\n|poke|p2|Aerodactyl, L50, M|\n|poke|p2|Garchomp, L50, M|\n|teampreview|4\n|\n|t:|1776196877\n|teamsize|p1|4\n|teamsize|p2|4\n|start\n|switch|p1a: Gengar|Gengar, L50, M|100/100\n|switch|p1b: Incineroar|Incineroar, L50, F|100/100\n|switch|p2a: Sora|Froslass, L50, F, shiny|100/100\n|switch|p2b: Fimbulvetr|Pelipper, L50, F|100/100\n|-weather|RainDance|[from] ability: Drizzle|[of] p2b: Fimbulvetr\n|-ability|p1b: Incineroar|Intimidate|boost\n|-unboost|p2a: Sora|atk|1\n|-unboost|p2b: Fimbulvetr|atk|1\n|turn|1\n|\n|t:|1776196898\n|detailschange|p1a: Gengar|Gengar-Mega, L50, M\n|-mega|p1a: Gengar|Gengar|Gengarite\n|move|p1a: Gengar|Shadow Ball|p2a: Sora\n|-immune|p2a: Sora\n|move|p2a: Sora|Shadow Ball|p1a: Gengar\n|-supereffective|p1a: Gengar|1\n|-damage|p1a: Gengar|3/100\n|move|p2b: Fimbulvetr|Weather Ball|p1b: Incineroar\n|-supereffective|p1b: Incineroar|1\n|-damage|p1b: Incineroar|0 fnt\n|faint|p1b: Incineroar\n|\n|-weather|RainDance|[upkeep]\n|upkeep\n|\n|t:|1776196909\n|switch|p1b: Tyranitar|Tyranitar, L50, M|100/100\n|-weather|Sandstorm|[from] ability: Sand Stream|[of] p1b: Tyranitar\n|turn|2\n|\n|t:|1776196920\n|move|p2a: Sora|Protect|p2a: Sora\n|-singleturn|p2a: Sora|Protect\n|move|p1a: Gengar|Shadow Ball|p2b: Fimbulvetr\n|-damage|p2b: Fimbulvetr|26/100\n|-unboost|p2b: Fimbulvetr|spd|1\n|move|p2b: Fimbulvetr|Weather Ball|p1a: Gengar\n|-damage|p1a: Gengar|0 fnt\n|faint|p1a: Gengar\n|move|p1b: Tyranitar|Knock Off|p2a: Sora\n|-activate|p2a: Sora|move: Protect\n|\n|-weather|Sandstorm|[upkeep]\n|-damage|p2a: Sora|94/100|[from] Sandstorm\n|-damage|p2b: Fimbulvetr|20/100|[from] Sandstorm\n|upkeep\n|\n|t:|1776196928\n|switch|p1a: Rotom|Rotom-Wash, L50|100/100\n|turn|3\n|\n|t:|1776196977\n|move|p2a: Sora|Focus Blast|p1b: Tyranitar\n|-supereffective|p1b: Tyranitar|2\n|-damage|p1b: Tyranitar|8/100\n|move|p2b: Fimbulvetr|Weather Ball|p1a: Rotom\n|-damage|p1a: Rotom|69/100\n|move|p1a: Rotom|Nasty Plot|p1a: Rotom\n|-boost|p1a: Rotom|spa|2\n|move|p1b: Tyranitar|Rock Slide|p2b: Fimbulvetr|[spread] p2a,p2b\n|-supereffective|p2b: Fimbulvetr|1\n|-damage|p2a: Sora|32/100\n|-damage|p2b: Fimbulvetr|0 fnt\n|replace|p2a: Rosa|Zoroark-Hisui, L50, F\n|-end|p2a: Rosa|Illusion\n|faint|p2b: Fimbulvetr\n|\n|-weather|Sandstorm|[upkeep]\n|-damage|p2a: Rosa|26/100|[from] Sandstorm\n|-damage|p1a: Rotom|63/100|[from] Sandstorm\n|upkeep\n|\n|t:|1776196994\n|switch|p2b: Sora|Froslass, L50, F, shiny|100/100\n|turn|4\n|\n|t:|1776197002\n|detailschange|p2b: Sora|Froslass-Mega, L50, F, shiny\n|-mega|p2b: Sora|Froslass|Froslassite\n|-weather|Snowscape|[from] ability: Snow Warning|[of] p2b: Sora\n|move|p1b: Tyranitar|Protect|p1b: Tyranitar\n|-singleturn|p1b: Tyranitar|Protect\n|move|p2b: Sora|Blizzard|p1a: Rotom|[spread] p1a\n|-activate|p1b: Tyranitar|move: Protect\n|-resisted|p1a: Rotom|1\n|-damage|p1a: Rotom|38/100\n|-enditem|p1a: Rotom|Sitrus Berry|[eat]\n|-heal|p1a: Rotom|63/100|[from] item: Sitrus Berry\n|move|p2a: Rosa|Shadow Ball|p1a: Rotom\n|-damage|p1a: Rotom|15/100\n|move|p1a: Rotom|Thunderbolt|p2a: Rosa\n|-damage|p2a: Rosa|0 fnt\n|faint|p2a: Rosa\n|\n|-weather|Snowscape|[upkeep]\n|upkeep\n|\n|t:|1776197017\n|switch|p2a: Lighter|Arcanine-Hisui, L50, M|100/100\n|turn|5\n|\n|t:|1776197027\n|move|p2b: Sora|Blizzard|p1b: Tyranitar|[spread] p1a,p1b\n|-resisted|p1a: Rotom|1\n|-damage|p1a: Rotom|0 fnt\n|-damage|p1b: Tyranitar|0 fnt\n|faint|p1a: Rotom\n|faint|p1b: Tyranitar\n|\n|win|SlashXYZ\n|raw|Missed Ledgedash's rating: 1163 &rarr; <strong>1135</strong><br />(-28 for losing)\n|raw|SlashXYZ's rating: 1123 &rarr; <strong>1151</strong><br />(+28 for winning)\n",
  "uploadtime": 1776197028,
  "views": 17,
  "formatid": "gen9championsvgc2026regma",
  "rating": 1135,
  "private": 0,
  "password": null
}