{
  "id": "gen9championsvgc2026regma-2585042170",
  "format": "[Gen 9 Champions] VGC 2026 Reg M-A",
  "players": [
    "siunhanech",
    "mittyviewss"
  ],
  "log": "|j|\u2606siunhanech\n|j|\u2606mittyviewss\n|t:|1776306026\n|gametype|doubles\n|player|p1|siunhanech|cynthia-gen4|1424\n|player|p2|mittyviewss|170|1396\n|gen|9\n|tier|[Gen 9 Champions] VGC 2026 Reg M-A\n|rated|\n|rule|Species Clause: Limit one of each Pok\u00e9mon\n|rule|Item Clause: Limit 1 of each item\n|clearpoke\n|poke|p1|Blastoise, L50, F|\n|poke|p1|Sableye, L50, M|\n|poke|p1|Sneasler, L50, F|\n|poke|p1|Sinistcha, L50|\n|poke|p1|Rotom-Wash, L50|\n|poke|p1|Farigiraf, L50, M|\n|poke|p2|Delphox, L50, M|\n|poke|p2|Sneasler, L50, M|\n|poke|p2|Sinistcha, L50|\n|poke|p2|Incineroar, L50, M|\n|poke|p2|Garchomp, L50, F|\n|poke|p2|Kingambit, L50, F|\n|teampreview|4\n|inactive|Battle timer is ON: inactive players will automatically lose when time's up. (requested by siunhanech)\n|j| CARtu348rjf90\n|l| CARtu348rjf90\n|inactive|siunhanech has 60 seconds left.\n|inactive|mittyviewss has 60 seconds left.\n|\n|t:|1776306088\n|teamsize|p1|4\n|teamsize|p2|4\n|start\n|switch|p1a: Sinh vi\u00ean|Sableye, L50, M|100/100\n|switch|p1b: B\u1eafn t\u00f9m lum|Blastoise, L50, F|100/100\n|switch|p2a: Sinistcha|Sinistcha, L50|100/100\n|switch|p2b: Kingambit|Kingambit, L50, F|100/100\n|turn|1\n|inactive|mittyviewss has 30 seconds left.\n|\n|t:|1776306118\n|detailschange|p1b: B\u1eafn t\u00f9m lum|Blastoise-Mega, L50, F\n|-mega|p1b: B\u1eafn t\u00f9m lum|Blastoise|Blastoisinite\n|move|p2b: Kingambit|Protect|p2b: Kingambit\n|-singleturn|p2b: Kingambit|Protect\n|move|p1a: Sinh vi\u00ean|Fake Out|p2b: Kingambit\n|-activate|p2b: Kingambit|move: Protect\n|move|p1b: B\u1eafn t\u00f9m lum|Aura Sphere|p2b: Kingambit\n|-activate|p2b: Kingambit|move: Protect\n|move|p2a: Sinistcha|Matcha Gotcha|p1b: B\u1eafn t\u00f9m lum|[spread] p1a,p1b\n|-supereffective|p1b: B\u1eafn t\u00f9m lum|1\n|-damage|p1a: Sinh vi\u00ean|60/100\n|-damage|p1b: B\u1eafn t\u00f9m lum|59/100\n|\n|upkeep\n|turn|2\n|inactive|mittyviewss has 30 seconds left.\n|\n|t:|1776306145\n|move|p2a: Sinistcha|Rage Powder|p2a: Sinistcha\n|-singleturn|p2a: Sinistcha|move: Rage Powder\n|move|p1a: Sinh vi\u00ean|Disable|p2a: Sinistcha\n|-start|p2a: Sinistcha|Disable|Rage Powder\n|move|p1b: B\u1eafn t\u00f9m lum|Aura Sphere|p2a: Sinistcha\n|-immune|p2a: Sinistcha\n|move|p2b: Kingambit|Kowtow Cleave|p1b: B\u1eafn t\u00f9m lum\n|-damage|p1b: B\u1eafn t\u00f9m lum|10/100\n|\n|upkeep\n|turn|3\n|\n|t:|1776306162\n|switch|p1a: Tr\u00e0 t\u1eeb tay|Sinistcha, L50|100/100\n|-heal|p1b: B\u1eafn t\u00f9m lum|35/100|[from] ability: Hospitality|[of] p1a: Tr\u00e0 t\u1eeb tay\n|move|p2b: Kingambit|Protect|p2b: Kingambit\n|-singleturn|p2b: Kingambit|Protect\n|move|p1b: B\u1eafn t\u00f9m lum|Ice Beam|p2a: Sinistcha\n|-supereffective|p2a: Sinistcha|1\n|-damage|p2a: Sinistcha|36/100\n|-enditem|p2a: Sinistcha|Sitrus Berry|[eat]\n|-heal|p2a: Sinistcha|61/100|[from] item: Sitrus Berry\n|move|p2a: Sinistcha|Matcha Gotcha|p1b: B\u1eafn t\u00f9m lum|[spread] p1a\n|-miss|p2a: Sinistcha|p1b: B\u1eafn t\u00f9m lum\n|-resisted|p1a: Tr\u00e0 t\u1eeb tay|1\n|-damage|p1a: Tr\u00e0 t\u1eeb tay|90/100\n|-heal|p2a: Sinistcha|66/100|[from] drain|[of] p1a: Tr\u00e0 t\u1eeb tay\n|\n|upkeep\n|turn|4\n|inactive|mittyviewss has 30 seconds left.\n|\n|t:|1776306196\n|switch|p2a: Incineroar|Incineroar, L50, M|100/100\n|-ability|p2a: Incineroar|Intimidate|boost\n|-unboost|p1a: Tr\u00e0 t\u1eeb tay|atk|1\n|-unboost|p1b: B\u1eafn t\u00f9m lum|atk|1\n|move|p1b: B\u1eafn t\u00f9m lum|Protect|p1b: B\u1eafn t\u00f9m lum\n|-singleturn|p1b: B\u1eafn t\u00f9m lum|Protect\n|move|p2b: Kingambit|Protect|p2b: Kingambit\n|-singleturn|p2b: Kingambit|Protect\n|move|p1a: Tr\u00e0 t\u1eeb tay|Life Dew|p1a: Tr\u00e0 t\u1eeb tay|[spread] p1a,p1b\n|-heal|p1a: Tr\u00e0 t\u1eeb tay|100/100\n|-heal|p1b: B\u1eafn t\u00f9m lum|60/100\n|\n|upkeep\n|turn|5\n|inactive|mittyviewss has 30 seconds left.\n|\n|t:|1776306230\n|switch|p1a: Farigiraf|Farigiraf, L50, M|100/100\n|move|p1b: B\u1eafn t\u00f9m lum|Water Spout|p2a: Incineroar|[spread] p2a,p2b\n|-supereffective|p2a: Incineroar|1\n|-damage|p2a: Incineroar|38/100\n|-damage|p2b: Kingambit|65/100\n|move|p2a: Incineroar|Throat Chop|p1a: Farigiraf\n|-supereffective|p1a: Farigiraf|1\n|-damage|p1a: Farigiraf|58/100\n|-start|p1a: Farigiraf|Throat Chop|[silent]\n|move|p2b: Kingambit|Kowtow Cleave|p1b: B\u1eafn t\u00f9m lum\n|-damage|p1b: B\u1eafn t\u00f9m lum|10/100\n|\n|upkeep\n|turn|6\n|inactive|mittyviewss has 30 seconds left.\n|\n|t:|1776306258\n|switch|p1a: Tr\u00e0 t\u1eeb tay|Sinistcha, L50|100/100\n|-heal|p1b: B\u1eafn t\u00f9m lum|34/100|[from] ability: Hospitality|[of] p1a: Tr\u00e0 t\u1eeb tay\n|switch|p2b: Sinistcha|Sinistcha, L50|66/100\n|-heal|p2a: Incineroar|63/100|[from] ability: Hospitality|[of] p2b: Sinistcha\n|move|p1b: B\u1eafn t\u00f9m lum|Protect|p1b: B\u1eafn t\u00f9m lum\n|-singleturn|p1b: B\u1eafn t\u00f9m lum|Protect\n|move|p2a: Incineroar|Throat Chop|p1a: Tr\u00e0 t\u1eeb tay\n|-supereffective|p1a: Tr\u00e0 t\u1eeb tay|1\n|-damage|p1a: Tr\u00e0 t\u1eeb tay|40/100\n|-start|p1a: Tr\u00e0 t\u1eeb tay|Throat Chop|[silent]\n|-enditem|p1a: Tr\u00e0 t\u1eeb tay|Sitrus Berry|[eat]\n|-heal|p1a: Tr\u00e0 t\u1eeb tay|65/100|[from] item: Sitrus Berry\n|\n|upkeep\n|turn|7\n|inactive|mittyviewss has 30 seconds left.\n|inactive|mittyviewss has 20 seconds left.\n|inactive|mittyviewss has 15 seconds left.\n|\n|t:|1776306302\n|switch|p1a: Sinh vi\u00ean|Sableye, L50, M|60/100\n|move|p1b: B\u1eafn t\u00f9m lum|Protect||[still]\n|-fail|p1b: B\u1eafn t\u00f9m lum\n|move|p2b: Sinistcha|Matcha Gotcha|p1a: Sinh vi\u00ean|[spread] p1a,p1b\n|-supereffective|p1b: B\u1eafn t\u00f9m lum|1\n|-damage|p1a: Sinh vi\u00ean|20/100\n|-heal|p2b: Sinistcha|84/100|[from] drain|[of] p1a: Sinh vi\u00ean\n|-damage|p1b: B\u1eafn t\u00f9m lum|0 fnt\n|-heal|p2b: Sinistcha|100/100|[from] drain|[of] p1b: B\u1eafn t\u00f9m lum\n|faint|p1b: B\u1eafn t\u00f9m lum\n|move|p2a: Incineroar|Throat Chop|p1a: Sinh vi\u00ean\n|-damage|p1a: Sinh vi\u00ean|0 fnt\n|faint|p1a: Sinh vi\u00ean\n|\n|upkeep\n|-message|siunhanech forfeited.\n|\n|win|mittyviewss\n|raw|siunhanech's rating: 1424 &rarr; <strong>1402</strong><br />(-22 for losing)\n|raw|mittyviewss's rating: 1396 &rarr; <strong>1418</strong><br />(+22 for winning)\n|l|\u2606siunhanech\n|player|p1|\n",
  "uploadtime": 1776306325,
  "views": 69,
  "formatid": "gen9championsvgc2026regma",
  "rating": 1402,
  "private": 0,
  "password": null
}