{
  "id": "gen9championsvgc2026regma-2588876829",
  "format": "[Gen 9 Champions] VGC 2026 Reg M-A",
  "players": [
    "Duckity_Duck_06",
    "noRNGplz"
  ],
  "log": "|j|\u2606Duckity_Duck_06\n|j|\u2606noRNGplz\n|t:|1776681431\n|gametype|doubles\n|player|p1|Duckity_Duck_06|pokemaniac|1480\n|player|p2|noRNGplz|265|1436\n|gen|9\n|tier|[Gen 9 Champions] VGC 2026 Reg M-A\n|rated|\n|rule|Species Clause: Limit one of each Pok\u00e9mon\n|rule|Item Clause: Limit 1 of each item\n|clearpoke\n|poke|p1|Pelipper, L50, M|\n|poke|p1|Basculegion, L50, M|\n|poke|p1|Archaludon, L50, F|\n|poke|p1|Dragonite, L50, F|\n|poke|p1|Rotom-Heat, L50|\n|poke|p1|Sneasler, L50, F|\n|poke|p2|Goodra-Hisui, L50, M|\n|poke|p2|Sneasler, L50, F|\n|poke|p2|Basculegion, L50, M|\n|poke|p2|Sinistcha-Masterpiece, L50|\n|poke|p2|Aerodactyl, L50, F|\n|poke|p2|Delphox, L50, F|\n|teampreview|4\n|inactive|Battle timer is ON: inactive players will automatically lose when time's up. (requested by Duckity_Duck_06)\nDuckity_Duck_06 has agreed to open team sheets.\n|inactive|Duckity_Duck_06 has 60 seconds left.\n|\n|t:|1776681462\n|teamsize|p1|4\n|teamsize|p2|4\n|start\n|switch|p1a: Sneasler|Sneasler, L50, F|100/100\n|switch|p1b: Archaludon|Archaludon, L50, F|100/100\n|switch|p2a: Goodra|Goodra-Hisui, L50, M|100/100\n|switch|p2b: Aerodactyl|Aerodactyl, L50, F|100/100\n|-ability|p2b: Aerodactyl|Unnerve\n|turn|1\n|\n|t:|1776681480\n|switch|p1a: Pelipper|Pelipper, L50, M|100/100\n|-weather|RainDance|[from] ability: Drizzle|[of] p1a: Pelipper\n|move|p1b: Archaludon|Electro Shot||[still]\n|-prepare|p1b: Archaludon|Electro Shot\n|-boost|p1b: Archaludon|spa|1\n|-anim|p1b: Archaludon|Electro Shot|p2b: Aerodactyl\n|-supereffective|p2b: Aerodactyl|1\n|-enditem|p2b: Aerodactyl|Focus Sash\n|-damage|p2b: Aerodactyl|1/100\n|move|p2b: Aerodactyl|Dual Wingbeat|p1a: Pelipper\n|-damage|p1a: Pelipper|76/100\n|-damage|p1a: Pelipper|52/100\n|-hitcount|p1a: Pelipper|2\n|move|p2a: Goodra|Shelter|p2a: Goodra\n|-boost|p2a: Goodra|def|2\n|\n|-weather|RainDance|[upkeep]\n|upkeep\n|turn|2\n|inactive|noRNGplz has 30 seconds left.\n|\n|t:|1776681509\n|move|p1b: Archaludon|Electro Shot||[still]\n|-prepare|p1b: Archaludon|Electro Shot\n|-boost|p1b: Archaludon|spa|1\n|-anim|p1b: Archaludon|Electro Shot|p2a: Goodra\n|-resisted|p2a: Goodra|1\n|-damage|p2a: Goodra|72/100\n|move|p2b: Aerodactyl|Rock Slide|p1b: Archaludon|[spread] p1b\n|-miss|p2b: Aerodactyl|p1a: Pelipper\n|-resisted|p1b: Archaludon|1\n|-damage|p1b: Archaludon|90/100\n|move|p1a: Pelipper|Tailwind|p1a: Pelipper\n|-sidestart|p1: Duckity_Duck_06|move: Tailwind\n|move|p2a: Goodra|Body Press|p1b: Archaludon\n|-supereffective|p1b: Archaludon|1\n|-damage|p1b: Archaludon|4/100\n|\n|-weather|RainDance|[upkeep]\n|-heal|p2a: Goodra|78/100|[from] item: Leftovers\n|upkeep\n|turn|3\n|\n|t:|1776681530\n|move|p2b: Aerodactyl|Protect|p2b: Aerodactyl\n|-singleturn|p2b: Aerodactyl|Protect\n|move|p1b: Archaludon|Electro Shot||[still]\n|-prepare|p1b: Archaludon|Electro Shot\n|-boost|p1b: Archaludon|spa|1\n|-anim|p1b: Archaludon|Electro Shot|p2a: Goodra\n|-resisted|p2a: Goodra|1\n|-damage|p2a: Goodra|39/100\n|move|p1a: Pelipper|Weather Ball|p2b: Aerodactyl\n|-activate|p2b: Aerodactyl|move: Protect\n|move|p2a: Goodra|Heavy Slam|p1b: Archaludon\n|-resisted|p1b: Archaludon|1\n|-damage|p1b: Archaludon|0 fnt\n|faint|p1b: Archaludon\n|\n|-weather|RainDance|[upkeep]\n|-heal|p2a: Goodra|45/100|[from] item: Leftovers\n|upkeep\n|\n|t:|1776681534\n|switch|p1b: Sneasler|Sneasler, L50, F|100/100\n|turn|4\n|\n|t:|1776681547\n|switch|p2b: Sneasler|Sneasler, L50, F|100/100\n|move|p2a: Goodra|Protect|p2a: Goodra\n|-singleturn|p2a: Goodra|Protect\n|move|p1b: Sneasler|Close Combat|p2a: Goodra\n|-activate|p2a: Goodra|move: Protect\n|move|p1a: Pelipper|Weather Ball|p2b: Sneasler\n|-damage|p2b: Sneasler|3/100\n|\n|-weather|RainDance|[upkeep]\n|-heal|p2a: Goodra|51/100|[from] item: Leftovers\n|upkeep\n|turn|5\n|\n|t:|1776681565\n|move|p1b: Sneasler|Protect|p1b: Sneasler\n|-singleturn|p1b: Sneasler|Protect\n|move|p2b: Sneasler|Fake Out|p1b: Sneasler\n|-activate|p1b: Sneasler|move: Protect\n|move|p1a: Pelipper|Ice Beam|p2b: Sneasler\n|-damage|p2b: Sneasler|0 fnt\n|faint|p2b: Sneasler\n|move|p2a: Goodra|Shelter|p2a: Goodra\n|-boost|p2a: Goodra|def|2\n|\n|-weather|none\n|-heal|p2a: Goodra|57/100|[from] item: Leftovers\n|-sideend|p1: Duckity_Duck_06|move: Tailwind\n|upkeep\n|\n|t:|1776681570\n|switch|p2b: Aerodactyl|Aerodactyl, L50, F|1/100\n|-ability|p2b: Aerodactyl|Unnerve\n|turn|6\n|inactive|noRNGplz has 30 seconds left.\n|\n|t:|1776681598\n|switch|p1a: Dragonite|Dragonite, L50, F|100/100\n|move|p2b: Aerodactyl|Dual Wingbeat|p1b: Sneasler\n|-supereffective|p1b: Sneasler|1\n|-damage|p1b: Sneasler|42/100\n|-supereffective|p1b: Sneasler|1\n|-damage|p1b: Sneasler|0 fnt\n|faint|p1b: Sneasler\n|-hitcount|p1: Sneasler|2\n|move|p2a: Goodra|Body Press|p1a: Dragonite\n|-resisted|p1a: Dragonite|1\n|-damage|p1a: Dragonite|81/100\n|\n|-heal|p2a: Goodra|63/100|[from] item: Leftovers\n|upkeep\n|\n|t:|1776681604\n|switch|p1b: Pelipper|Pelipper, L50, M|52/100\n|-weather|RainDance|[from] ability: Drizzle|[of] p1b: Pelipper\n|turn|7\n|\n|t:|1776681626\n|detailschange|p1a: Dragonite|Dragonite-Mega, L50, F\n|-mega|p1a: Dragonite|Dragonite|Dragoninite\n|move|p1a: Dragonite|Extreme Speed|p2b: Aerodactyl\n|-resisted|p2b: Aerodactyl|1\n|-damage|p2b: Aerodactyl|0 fnt\n|faint|p2b: Aerodactyl\n|move|p1b: Pelipper|Ice Beam|p2a: Goodra\n|-damage|p2a: Goodra|44/100\n|move|p2a: Goodra|Body Press|p1b: Pelipper\n|-resisted|p1b: Pelipper|1\n|-damage|p1b: Pelipper|3/100\n|\n|-weather|RainDance|[upkeep]\n|-heal|p2a: Goodra|50/100|[from] item: Leftovers\n|upkeep\n|\n|t:|1776681630\n|switch|p2b: Basculegion|Basculegion, L50, M|100/100\n|turn|8\n|\n|t:|1776681649\n|move|p2b: Basculegion|Last Respects|p1b: Pelipper\n|-damage|p1b: Pelipper|0 fnt\n|faint|p1b: Pelipper\n|move|p1a: Dragonite|Thunderbolt|p2b: Basculegion\n|-supereffective|p2b: Basculegion|1\n|-damage|p2b: Basculegion|12/100\n|move|p2a: Goodra|Body Press|p1a: Dragonite\n|-resisted|p1a: Dragonite|1\n|-damage|p1a: Dragonite|50/100\n|\n|-weather|RainDance|[upkeep]\n|-heal|p2a: Goodra|56/100|[from] item: Leftovers\n|upkeep\n|turn|9\n|\n|t:|1776681655\n|move|p2b: Basculegion|Last Respects|p1a: Dragonite\n|-damage|p1a: Dragonite|0 fnt\n|faint|p1a: Dragonite\n|\n|win|noRNGplz\n|raw|Duckity_Duck_06's rating: 1480 &rarr; <strong>1457</strong><br />(-23 for losing)\n|raw|noRNGplz's rating: 1436 &rarr; <strong>1459</strong><br />(+23 for winning)\n|l|\u2606Duckity_Duck_06\n|player|p1|\n",
  "uploadtime": 1776681663,
  "views": 8,
  "formatid": "gen9championsvgc2026regma",
  "rating": 1457,
  "private": 0,
  "password": null
}