{
  "id": "gen9championsvgc2026regma-2582946238",
  "format": "[Gen 9 Champions] VGC 2026 Reg M-A",
  "players": [
    "massivity",
    "UnloshTheWash"
  ],
  "log": "|j|\u2606massivity\n|j|\u203dUnloshTheWash\n|t:|1776127397\n|gametype|doubles\n|player|p1|massivity|biker-gen4|1151\n|player|p2|UnloshTheWash|red|1246\n|gen|9\n|tier|[Gen 9 Champions] VGC 2026 Reg M-A\n|rated|\n|rule|Species Clause: Limit one of each Pok\u00e9mon\n|rule|Item Clause: Limit 1 of each item\n|clearpoke\n|poke|p1|Jolteon, L50, M|\n|poke|p1|Charizard, L50, M|\n|poke|p1|Venusaur, L50, F|\n|poke|p1|Dragapult, L50, F|\n|poke|p1|Skarmory, L50, M|\n|poke|p1|Basculegion, L50, M|\n|poke|p2|Delphox, L50, M|\n|poke|p2|Mamoswine, L50, F|\n|poke|p2|Orthworm, L50, F|\n|poke|p2|Rotom-Wash, L50|\n|poke|p2|Maushold-Four, L50|\n|poke|p2|Sneasler, L50, F|\n|teampreview|4\n|\n|t:|1776127432\n|teamsize|p1|4\n|teamsize|p2|4\n|start\n|switch|p1a: Dragapult|Dragapult, L50, F|100/100\n|switch|p1b: Basculegion|Basculegion, L50, M|100/100\n|switch|p2a: Rotom|Rotom-Wash, L50|100/100\n|switch|p2b: Maushold|Maushold-Four, L50|100/100\n|turn|1\n|inactive|Battle timer is ON: inactive players will automatically lose when time's up. (requested by massivity)\n|\n|t:|1776127442\n|move|p2b: Maushold|Follow Me|p2b: Maushold\n|-singleturn|p2b: Maushold|move: Follow Me\n|move|p2a: Rotom|Electroweb|p1b: Basculegion|[spread] p1a,p1b\n|-resisted|p1a: Dragapult|1\n|-supereffective|p1b: Basculegion|1\n|-damage|p1a: Dragapult|93/100\n|-damage|p1b: Basculegion|67/100\n|-unboost|p1b: Basculegion|spe|1\n|move|p1a: Dragapult|Light Screen|p1a: Dragapult\n|-sidestart|p1: massivity|move: Light Screen\n|move|p1b: Basculegion|Flip Turn|p2b: Maushold\n|-damage|p2b: Maushold|56/100\n|\n|t:|1776127452\n|switch|p1b: Venusaur|Venusaur, L50, F|100/100|[from] Flip Turn\n|\n|-heal|p1a: Dragapult|99/100|[from] item: Leftovers\n|upkeep\n|turn|2\n|\n|t:|1776127461\n|move|p2b: Maushold|Follow Me|p2b: Maushold\n|-singleturn|p2b: Maushold|move: Follow Me\n|move|p2a: Rotom|Electroweb|p1b: Venusaur|[spread] p1a,p1b\n|-resisted|p1a: Dragapult|1\n|-resisted|p1b: Venusaur|1\n|-damage|p1a: Dragapult|94/100\n|-damage|p1b: Venusaur|95/100\n|-unboost|p1b: Venusaur|spe|1\n|move|p1a: Dragapult|Breaking Swipe|p2b: Maushold|[spread] p2a,p2b\n|-damage|p2a: Rotom|86/100\n|-damage|p2b: Maushold|38/100\n|-unboost|p2a: Rotom|atk|1\n|-unboost|p2b: Maushold|atk|1\n|move|p1b: Venusaur|Sleep Powder|p2b: Maushold|[miss]\n|-miss|p1b: Venusaur|p2b: Maushold\n|\n|-heal|p1a: Dragapult|100/100|[from] item: Leftovers\n|upkeep\n|turn|3\n|\n|t:|1776127482\n|move|p2a: Rotom|Electroweb|p1a: Dragapult|[spread] p1a,p1b\n|-resisted|p1a: Dragapult|1\n|-resisted|p1b: Venusaur|1\n|-damage|p1a: Dragapult|95/100\n|-damage|p1b: Venusaur|89/100\n|-unboost|p1b: Venusaur|spe|1\n|move|p1a: Dragapult|Breaking Swipe|p2a: Rotom|[spread] p2a,p2b\n|-damage|p2a: Rotom|72/100\n|-damage|p2b: Maushold|18/100\n|-unboost|p2a: Rotom|atk|1\n|-unboost|p2b: Maushold|atk|1\n|move|p2b: Maushold|Taunt|p1b: Venusaur\n|-start|p1b: Venusaur|move: Taunt\n|move|p1b: Venusaur|Sludge Bomb|p2a: Rotom\n|-damage|p2a: Rotom|35/100\n|-status|p2a: Rotom|psn\n|\n|-heal|p1a: Dragapult|100/100|[from] item: Leftovers\n|-damage|p2a: Rotom|23/100 psn|[from] psn\n|upkeep\n|turn|4\n|\n|t:|1776127499\n|move|p2a: Rotom|Electroweb|p1a: Dragapult|[spread] p1a,p1b\n|-resisted|p1a: Dragapult|1\n|-resisted|p1b: Venusaur|1\n|-damage|p1a: Dragapult|95/100\n|-damage|p1b: Venusaur|84/100\n|-unboost|p1b: Venusaur|spe|1\n|move|p1a: Dragapult|Breaking Swipe|p2a: Rotom|[spread] p2a,p2b\n|-crit|p2b: Maushold\n|-damage|p2a: Rotom|8/100 psn\n|-damage|p2b: Maushold|0 fnt\n|-unboost|p2a: Rotom|atk|1\n|faint|p2b: Maushold\n|move|p1b: Venusaur|Sludge Bomb|p2a: Rotom\n|-damage|p2a: Rotom|0 fnt\n|faint|p2a: Rotom\n|\n|-heal|p1a: Dragapult|100/100|[from] item: Leftovers\n|upkeep\n|\n|t:|1776127502\n|switch|p2a: Delphox|Delphox, L50, M|100/100\n|switch|p2b: Mamoswine|Mamoswine, L50, F|100/100\n|turn|5\n|\n|t:|1776127521\n|detailschange|p2a: Delphox|Delphox-Mega, L50, M\n|-mega|p2a: Delphox|Delphox|Delphoxite\n|move|p2a: Delphox|Nasty Plot|p2a: Delphox\n|-boost|p2a: Delphox|spa|2\n|move|p1a: Dragapult|Will-O-Wisp|p2b: Mamoswine\n|-status|p2b: Mamoswine|brn\n|move|p2b: Mamoswine|Icicle Crash|p1a: Dragapult\n|-supereffective|p1a: Dragapult|1\n|-damage|p1a: Dragapult|52/100\n|move|p1b: Venusaur|Leaf Storm|p2b: Mamoswine\n|-supereffective|p2b: Mamoswine|1\n|-enditem|p2b: Mamoswine|Focus Sash\n|-damage|p2b: Mamoswine|1/100 brn\n|-unboost|p1b: Venusaur|spa|2\n|\n|-heal|p1a: Dragapult|58/100|[from] item: Leftovers\n|-damage|p2b: Mamoswine|0 fnt|[from] brn\n|faint|p2b: Mamoswine\n|-end|p1b: Venusaur|move: Taunt\n|-sideend|p1: massivity|move: Light Screen\n|upkeep\n|turn|6\n|\n|t:|1776127528\n|move|p2a: Delphox|Heat Wave|p1b: Venusaur|[spread] p1a,p1b\n|-resisted|p1a: Dragapult|1\n|-supereffective|p1b: Venusaur|1\n|-damage|p1a: Dragapult|19/100\n|-damage|p1b: Venusaur|0 fnt\n|faint|p1b: Venusaur\n|move|p1a: Dragapult|Light Screen|p1a: Dragapult\n|-sidestart|p1: massivity|move: Light Screen\n|\n|-heal|p1a: Dragapult|26/100|[from] item: Leftovers\n|upkeep\n|\n|t:|1776127531\n|switch|p1b: Basculegion|Basculegion, L50, M|67/100\n|turn|7\n|\n|t:|1776127538\n|move|p2a: Delphox|Psychic|p1b: Basculegion\n|-damage|p1b: Basculegion|0 fnt\n|faint|p1b: Basculegion\n|move|p1a: Dragapult|Breaking Swipe|p2a: Delphox\n|-damage|p2a: Delphox|68/100\n|-unboost|p2a: Delphox|atk|1\n|\n|-heal|p1a: Dragapult|32/100|[from] item: Leftovers\n|upkeep\n|\n|t:|1776127540\n|switch|p1b: Charizard|Charizard, L50, M|100/100\n|turn|8\n|\n|t:|1776127546\n|detailschange|p1b: Charizard|Charizard-Mega-Y, L50, M\n|-mega|p1b: Charizard|Charizard|Charizardite Y\n|-weather|SunnyDay|[from] ability: Drought|[of] p1b: Charizard\n|move|p2a: Delphox|Protect|p2a: Delphox\n|-singleturn|p2a: Delphox|Protect\n|move|p1a: Dragapult|Breaking Swipe|p2a: Delphox\n|-activate|p2a: Delphox|move: Protect\n|move|p1b: Charizard|Scorching Sands|p2a: Delphox\n|-activate|p2a: Delphox|move: Protect\n|\n|-weather|SunnyDay|[upkeep]\n|-heal|p1a: Dragapult|38/100|[from] item: Leftovers\n|upkeep\n|turn|9\n|\n|t:|1776127562\n|move|p2a: Delphox|Psychic|p1a: Dragapult\n|-damage|p1a: Dragapult|0 fnt\n|faint|p1a: Dragapult\n|move|p1b: Charizard|Heat Wave|p2a: Delphox\n|-resisted|p2a: Delphox|1\n|-damage|p2a: Delphox|27/100\n|\n|-weather|SunnyDay|[upkeep]\n|upkeep\n|turn|10\n|\n|t:|1776127571\n|move|p2a: Delphox|Protect|p2a: Delphox\n|-singleturn|p2a: Delphox|Protect\n|move|p1b: Charizard|Heat Wave|p2a: Delphox\n|-activate|p2a: Delphox|move: Protect\n|\n|-weather|SunnyDay|[upkeep]\n|-sideend|p1: massivity|move: Light Screen\n|upkeep\n|turn|11\n|\n|t:|1776127575\n|move|p2a: Delphox|Psychic|p1b: Charizard\n|-damage|p1b: Charizard|1/100\n|move|p1b: Charizard|Heat Wave|p2a: Delphox\n|-resisted|p2a: Delphox|1\n|-damage|p2a: Delphox|0 fnt\n|faint|p2a: Delphox\n|\n|win|massivity\n|raw|massivity's rating: 1151 &rarr; <strong>1183</strong><br />(+32 for winning)\n|raw|UnloshTheWash's rating: 1246 &rarr; <strong>1214</strong><br />(-32 for losing)\n",
  "uploadtime": 1776127580,
  "views": 14,
  "formatid": "gen9championsvgc2026regma",
  "rating": 1183,
  "private": 0,
  "password": null
}