{
  "id": "gen9championsvgc2026regma-2586524150",
  "format": "[Gen 9 Champions] VGC 2026 Reg M-A",
  "players": [
    "sourcreamxd",
    "jaiden911"
  ],
  "log": "|j|\u2606sourcreamxd\n|j|\u2606jaiden911\n|t:|1776440534\n|gametype|doubles\n|player|p1|sourcreamxd|101|1223\n|player|p2|jaiden911|169|1162\n|gen|9\n|tier|[Gen 9 Champions] VGC 2026 Reg M-A\n|rated|\n|rule|Species Clause: Limit one of each Pok\u00e9mon\n|rule|Item Clause: Limit 1 of each item\n|clearpoke\n|poke|p1|Stunfisk, L50, F|\n|poke|p1|Tyranitar, L50, F|\n|poke|p1|Milotic, L50, F|\n|poke|p1|Corviknight, L50, M|\n|poke|p1|Sinistcha, L50|\n|poke|p1|Incineroar, L50, M|\n|poke|p2|Pelipper, L50, F|\n|poke|p2|Glimmora, L50, M|\n|poke|p2|Archaludon, L50, M|\n|poke|p2|Basculegion, L50, M|\n|poke|p2|Dragonite, L50, F|\n|poke|p2|Sneasler, L50, F|\n|teampreview|4\n|inactive|Battle timer is ON: inactive players will automatically lose when time's up. (requested by sourcreamxd)\n|inactive|jaiden911 has 60 seconds left.\n|\n|t:|1776440566\n|teamsize|p1|4\n|teamsize|p2|4\n|start\n|switch|p1a: Stunfisk|Stunfisk, L50, F|100/100\n|switch|p1b: Tyranitar|Tyranitar, L50, F|100/100\n|switch|p2a: Dragonite|Dragonite, L50, F|100/100\n|switch|p2b: Sneasler|Sneasler, L50, F|100/100\n|-weather|Sandstorm|[from] ability: Sand Stream|[of] p1b: Tyranitar\n|turn|1\n|\n|t:|1776440587\n|detailschange|p1b: Tyranitar|Tyranitar-Mega, L50, F\n|-mega|p1b: Tyranitar|Tyranitar|Tyranitarite\n|move|p1b: Tyranitar|Protect|p1b: Tyranitar\n|-singleturn|p1b: Tyranitar|Protect\n|move|p2b: Sneasler|Close Combat|p1b: Tyranitar\n|-activate|p1b: Tyranitar|move: Protect\n|move|p2a: Dragonite|Tailwind|p2a: Dragonite\n|-sidestart|p2: jaiden911|move: Tailwind\n|move|p1a: Stunfisk|Fissure|p2b: Sneasler\n|-enditem|p2b: Sneasler|Focus Sash\n|-damage|p2b: Sneasler|1/100\n|\n|-weather|Sandstorm|[upkeep]\n|-damage|p2b: Sneasler|0 fnt|[from] Sandstorm\n|-damage|p2a: Dragonite|95/100|[from] Sandstorm\n|faint|p2b: Sneasler\n|upkeep\n|c|\u2606sourcreamxd|gasp\n|c|\u2606jaiden911|Wow\n|\n|t:|1776440611\n|switch|p2b: Pelipper|Pelipper, L50, F|100/100\n|-weather|RainDance|[from] ability: Drizzle|[of] p2b: Pelipper\n|turn|2\n|c|\u2606sourcreamxd|stunfisk my goat\n|c|\u2606sourcreamxd|what the helly\n|inactive|sourcreamxd has 30 seconds left.\n|\n|t:|1776440636\n|switch|p2b: Archaludon|Archaludon, L50, M|100/100\n|switch|p1b: Milotic|Milotic, L50, F|100/100\n|detailschange|p2a: Dragonite|Dragonite-Mega, L50, F\n|-mega|p2a: Dragonite|Dragonite|Dragoninite\n|move|p2a: Dragonite|Hurricane|p1b: Milotic\n|-damage|p1b: Milotic|59/100\n|move|p1a: Stunfisk|Spite|p2a: Dragonite\n|-activate|p2a: Dragonite|move: Spite|Hurricane|4\n|\n|-weather|RainDance|[upkeep]\n|upkeep\n|turn|3\n|inactive|jaiden911 has 30 seconds left.\n|\n|t:|1776440667\n|move|p1b: Milotic|Protect|p1b: Milotic\n|-singleturn|p1b: Milotic|Protect\n|move|p2a: Dragonite|Hurricane|p1b: Milotic\n|-activate|p1b: Milotic|move: Protect\n|move|p2b: Archaludon|Flash Cannon|p1b: Milotic\n|-activate|p1b: Milotic|move: Protect\n|move|p1a: Stunfisk|Spite|p2a: Dragonite\n|-activate|p2a: Dragonite|move: Spite|Hurricane|4\n|\n|-weather|RainDance|[upkeep]\n|upkeep\n|turn|4\n|inactive|jaiden911 has 30 seconds left.\n|\n|t:|1776440693\n|switch|p1a: Sinistcha|Sinistcha, L50|100/100\n|-heal|p1b: Milotic|84/100|[from] ability: Hospitality|[of] p1a: Sinistcha\n|move|p2a: Dragonite|Dragon Pulse|p1a: Sinistcha\n|-damage|p1a: Sinistcha|40/100\n|move|p2b: Archaludon|Flash Cannon|p1b: Milotic\n|-resisted|p1b: Milotic|1\n|-crit|p1b: Milotic\n|-damage|p1b: Milotic|66/100\n|move|p1b: Milotic|Hypnosis|p2b: Archaludon|[miss]\n|-miss|p1b: Milotic|p2b: Archaludon\n|\n|-weather|RainDance|[upkeep]\n|-sideend|p2: jaiden911|move: Tailwind\n|upkeep\n|turn|5\n|\n|t:|1776440715\n|move|p1a: Sinistcha|Protect|p1a: Sinistcha\n|-singleturn|p1a: Sinistcha|Protect\n|move|p2a: Dragonite|Hurricane|p1a: Sinistcha\n|-activate|p1a: Sinistcha|move: Protect\n|move|p2b: Archaludon|Electro Shot||[still]\n|-prepare|p2b: Archaludon|Electro Shot\n|-boost|p2b: Archaludon|spa|1\n|-anim|p2b: Archaludon|Electro Shot|p1b: Milotic|[miss]\n|-miss|p2b: Archaludon|p1b: Milotic\n|move|p1b: Milotic|Life Dew|p1b: Milotic|[spread] p1a,p1b\n|-heal|p1a: Sinistcha|65/100\n|-heal|p1b: Milotic|91/100\n|\n|-weather|RainDance|[upkeep]\n|upkeep\n|turn|6\n|inactive|jaiden911 has 30 seconds left.\n|\n|t:|1776440748\n|switch|p1b: Tyranitar|Tyranitar-Mega, L50, F|100/100\n|-weather|Sandstorm|[from] ability: Sand Stream|[of] p1b: Tyranitar\n|switch|p1a: Stunfisk|Stunfisk, L50, F|100/100\n|move|p2a: Dragonite|Hurricane|p1a: Stunfisk\n|-resisted|p1a: Stunfisk|1\n|-damage|p1a: Stunfisk|76/100\n|move|p2b: Archaludon|Electro Shot||[still]\n|-prepare|p2b: Archaludon|Electro Shot\n|-boost|p2b: Archaludon|spa|1\n|\n|-weather|Sandstorm|[upkeep]\n|-damage|p2a: Dragonite|89/100|[from] Sandstorm\n|-heal|p1a: Stunfisk|82/100|[from] item: Leftovers\n|upkeep\n|turn|7\n|\n|t:|1776440770\n|switch|p2a: Pelipper|Pelipper, L50, F|100/100\n|-weather|RainDance|[from] ability: Drizzle|[of] p2a: Pelipper\n|move|p2b: Archaludon|Electro Shot|p1b: Tyranitar|[from] lockedmove\n|-damage|p1b: Tyranitar|43/100\n|move|p1b: Tyranitar|Rock Slide|p2b: Archaludon|[spread] p2a,p2b\n|-supereffective|p2a: Pelipper|1\n|-resisted|p2b: Archaludon|1\n|-damage|p2a: Pelipper|23/100\n|-damage|p2b: Archaludon|88/100\n|-ability|p2b: Archaludon|Stamina|boost\n|-boost|p2b: Archaludon|def|1\n|move|p1a: Stunfisk|Fissure|p2b: Archaludon|[miss]\n|-miss|p1a: Stunfisk|p2b: Archaludon\n|\n|-weather|RainDance|[upkeep]\n|-heal|p2b: Archaludon|94/100|[from] item: Leftovers\n|-heal|p1a: Stunfisk|88/100|[from] item: Leftovers\n|upkeep\n|turn|8\n|\n|t:|1776440793\n|move|p1b: Tyranitar|Protect|p1b: Tyranitar\n|-singleturn|p1b: Tyranitar|Protect\n|move|p2a: Pelipper|Muddy Water|p1b: Tyranitar|[spread] \n|-activate|p1b: Tyranitar|move: Protect\n|-miss|p2a: Pelipper|p1a: Stunfisk\n|move|p2b: Archaludon|Electro Shot||[still]\n|-prepare|p2b: Archaludon|Electro Shot\n|-boost|p2b: Archaludon|spa|1\n|-anim|p2b: Archaludon|Electro Shot|p1b: Tyranitar\n|-activate|p1b: Tyranitar|move: Protect\n|move|p1a: Stunfisk|Fissure|p2b: Archaludon|[miss]\n|-miss|p1a: Stunfisk|p2b: Archaludon\n|\n|-weather|RainDance|[upkeep]\n|-heal|p2b: Archaludon|100/100|[from] item: Leftovers\n|-heal|p1a: Stunfisk|94/100|[from] item: Leftovers\n|upkeep\n|turn|9\n|\n|t:|1776440818\n|move|p2a: Pelipper|Muddy Water|p1b: Tyranitar|[spread] p1a,p1b\n|-supereffective|p1a: Stunfisk|1\n|-supereffective|p1b: Tyranitar|1\n|-damage|p1a: Stunfisk|42/100\n|-damage|p1b: Tyranitar|0 fnt\n|faint|p1b: Tyranitar\n|move|p2b: Archaludon|Dragon Pulse|p1a: Stunfisk\n|-damage|p1a: Stunfisk|0 fnt\n|faint|p1a: Stunfisk\n|\n|-weather|RainDance|[upkeep]\n|upkeep\n|\n|t:|1776440827\n|switch|p1b: Milotic|Milotic, L50, F|91/100\n|switch|p1a: Sinistcha|Sinistcha, L50|65/100\n|-heal|p1b: Milotic|100/100|[from] ability: Hospitality|[of] p1a: Sinistcha\n|turn|10\n|\n|t:|1776440843\n|switch|p2a: Dragonite|Dragonite-Mega, L50, F|89/100\n|move|p1b: Milotic|Protect|p1b: Milotic\n|-singleturn|p1b: Milotic|Protect\n|move|p2b: Archaludon|Dragon Pulse|p1a: Sinistcha\n|-damage|p1a: Sinistcha|0 fnt\n|faint|p1a: Sinistcha\n|\n|-weather|RainDance|[upkeep]\n|upkeep\n|turn|11\n|\n|t:|1776440858\n|move|p2a: Dragonite|Dragon Pulse|p1b: Milotic\n|-damage|p1b: Milotic|66/100\n|move|p2b: Archaludon|Electro Shot||[still]\n|-prepare|p2b: Archaludon|Electro Shot\n|-boost|p2b: Archaludon|spa|1\n|-anim|p2b: Archaludon|Electro Shot|p1b: Milotic\n|-supereffective|p1b: Milotic|1\n|-damage|p1b: Milotic|0 fnt\n|faint|p1b: Milotic\n|\n|win|jaiden911\n|raw|sourcreamxd's rating: 1223 &rarr; <strong>1194</strong><br />(-29 for losing)\n|raw|jaiden911's rating: 1162 &rarr; <strong>1191</strong><br />(+29 for winning)\n|l|\u2606sourcreamxd\n|player|p1|\n|c|\u2606jaiden911|Wtf were those misses?\n",
  "uploadtime": 1776440897,
  "views": 29,
  "formatid": "gen9championsvgc2026regma",
  "rating": 1191,
  "private": 0,
  "password": null
}