{
  "id": "gen9championsvgc2026regma-2582259917",
  "format": "[Gen 9 Champions] VGC 2026 Reg M-A",
  "players": [
    "picheda",
    "vnunesp12"
  ],
  "log": "|j|\u2606picheda\n|j|\u2606vnunesp12\n|t:|1776077178\n|gametype|doubles\n|player|p1|picheda|102|1162\n|player|p2|vnunesp12|red|1140\n|gen|9\n|tier|[Gen 9 Champions] VGC 2026 Reg M-A\n|rated|\n|rule|Species Clause: Limit one of each Pok\u00e9mon\n|rule|Item Clause: Limit 1 of each item\n|clearpoke\n|poke|p1|Chandelure, L50, M|\n|poke|p1|Whimsicott, L50, F|\n|poke|p1|Glimmora, L50, M|\n|poke|p1|Primarina, L50, M|\n|poke|p1|Sinistcha, L50|\n|poke|p1|Tyranitar, L50, F|\n|poke|p2|Manectric, L50, F|\n|poke|p2|Pelipper, L50, M|\n|poke|p2|Sinistcha, L50|\n|poke|p2|Basculegion, L50, M|\n|poke|p2|Sneasler, L50, F|\n|poke|p2|Kingambit, L50, F|\n|teampreview|4\n|inactive|Battle timer is ON: inactive players will automatically lose when time's up. (requested by vnunesp12)\n|inactive|vnunesp12 has 60 seconds left.\n|\n|t:|1776077242\n|teamsize|p1|4\n|teamsize|p2|4\n|start\n|switch|p1a: Chandelure|Chandelure, L50, M, shiny|100/100\n|switch|p1b: Whimsicott|Whimsicott, L50, F, shiny|100/100\n|switch|p2a: Pulga|Sneasler, L50, F|100/100\n|switch|p2b: Luciano Juba|Manectric, L50, F|100/100\n|turn|1\n|\n|t:|1776077266\n|switch|p1b: Sinistcha|Sinistcha, L50|100/100\n|detailschange|p2b: Luciano Juba|Manectric-Mega, L50, F\n|-mega|p2b: Luciano Juba|Manectric|Manectite\n|-ability|p2b: Luciano Juba|Intimidate|boost\n|-unboost|p1a: Chandelure|atk|1\n|-unboost|p1b: Sinistcha|atk|1\n|detailschange|p1a: Chandelure|Chandelure-Mega, L50, M, shiny\n|-mega|p1a: Chandelure|Chandelure|Chandelurite\n|move|p2b: Luciano Juba|Volt Switch|p1a: Chandelure\n|-damage|p1a: Chandelure|60/100\n|\n|t:|1776077278\n|switch|p2b: \u00c9verton Ribeiro|Pelipper, L50, M|100/100|[from] Volt Switch\n|-weather|RainDance|[from] ability: Drizzle|[of] p2b: \u00c9verton Ribeiro\n|move|p2a: Pulga|Dire Claw|p1b: Sinistcha\n|-damage|p1b: Sinistcha|67/100\n|-status|p1b: Sinistcha|psn\n|move|p1a: Chandelure|Heat Wave|p2a: Pulga|[spread] p2a,p2b\n|-resisted|p2b: \u00c9verton Ribeiro|1\n|-damage|p2a: Pulga|75/100\n|-damage|p2b: \u00c9verton Ribeiro|84/100\n|\n|-weather|RainDance|[upkeep]\n|-heal|p1b: Sinistcha|73/100 psn|[from] item: Leftovers\n|-damage|p1b: Sinistcha|61/100 psn|[from] psn\n|upkeep\n|turn|2\n|inactive|picheda has 30 seconds left.\n|inactive|vnunesp12 has 30 seconds left.\n|inactive|vnunesp12 has 20 seconds left.\n|\n|t:|1776077317\n|switch|p1a: Primarina|Primarina, L50, M|100/100\n|move|p2a: Pulga|Protect|p2a: Pulga\n|-singleturn|p2a: Pulga|Protect\n|move|p2b: \u00c9verton Ribeiro|Hurricane|p1b: Sinistcha\n|-supereffective|p1b: Sinistcha|1\n|-damage|p1b: Sinistcha|0 fnt\n|faint|p1b: Sinistcha\n|\n|-weather|RainDance|[upkeep]\n|upkeep\n|\n|t:|1776077331\n|switch|p1b: Whimsicott|Whimsicott, L50, F, shiny|100/100\n|turn|3\n|\n|t:|1776077343\n|move|p1b: Whimsicott|Helping Hand|p1a: Primarina\n|-singleturn|p1a: Primarina|Helping Hand|[of] p1b: Whimsicott\n|move|p2a: Pulga|Dire Claw|p1a: Primarina\n|-supereffective|p1a: Primarina|1\n|-damage|p1a: Primarina|7/100\n|move|p2b: \u00c9verton Ribeiro|Hurricane|p1b: Whimsicott\n|-supereffective|p1b: Whimsicott|1\n|-enditem|p1b: Whimsicott|Focus Sash\n|-damage|p1b: Whimsicott|1/100\n|-start|p1b: Whimsicott|confusion\n|move|p1a: Primarina|Hyper Voice|p2a: Pulga|[spread] p2a,p2b\n|-resisted|p2b: \u00c9verton Ribeiro|1\n|-damage|p2a: Pulga|0 fnt\n|-damage|p2b: \u00c9verton Ribeiro|13/100\n|faint|p2a: Pulga\n|\n|-weather|RainDance|[upkeep]\n|upkeep\n|\n|t:|1776077363\n|switch|p2a: Luciano Juba|Manectric-Mega, L50, F|100/100\n|-ability|p2a: Luciano Juba|Intimidate|boost\n|-unboost|p1a: Primarina|atk|1\n|-unboost|p1b: Whimsicott|atk|1\n|turn|4\n|\n|t:|1776077379\n|move|p1a: Primarina|Protect|p1a: Primarina\n|-singleturn|p1a: Primarina|Protect\n|-activate|p1b: Whimsicott|confusion\n|move|p1b: Whimsicott|Tailwind|p1b: Whimsicott\n|-sidestart|p1: picheda|move: Tailwind\n|move|p2a: Luciano Juba|Volt Switch|p1a: Primarina\n|-activate|p1a: Primarina|move: Protect\n|move|p2b: \u00c9verton Ribeiro|Tailwind|p2b: \u00c9verton Ribeiro\n|-sidestart|p2: vnunesp12|move: Tailwind\n|\n|-weather|RainDance|[upkeep]\n|upkeep\n|turn|5\n|-message|picheda forfeited.\n|\n|win|vnunesp12\n|raw|picheda's rating: 1162 &rarr; <strong>1135</strong><br />(-27 for losing)\n|raw|vnunesp12's rating: 1140 &rarr; <strong>1167</strong><br />(+27 for winning)\n|l|\u2606picheda\n|player|p1|\n",
  "uploadtime": 1776077433,
  "views": 14,
  "formatid": "gen9championsvgc2026regma",
  "rating": 1135,
  "private": 0,
  "password": null
}