{
  "id": "gen9championsvgc2026regma-2588401647",
  "format": "[Gen 9 Champions] VGC 2026 Reg M-A",
  "players": [
    "ScribbleScribble",
    "hectorretaaa81"
  ],
  "log": "|j|\u2606ScribbleScribble\n|j|\u2606hectorretaaa81\n|t:|1776630445\n|gametype|doubles\n|player|p1|ScribbleScribble|mina-lgpe|1555\n|player|p2|hectorretaaa81|266|1588\n|gen|9\n|tier|[Gen 9 Champions] VGC 2026 Reg M-A\n|rated|\n|rule|Species Clause: Limit one of each Pok\u00e9mon\n|rule|Item Clause: Limit 1 of each item\n|clearpoke\n|poke|p1|Floette-Eternal, L50, F|\n|poke|p1|Sneasler, L50, F, shiny|\n|poke|p1|Aerodactyl, L50, M|\n|poke|p1|Basculegion, L50, M|\n|poke|p1|Farigiraf, L50, M|\n|poke|p1|Kingambit, L50, M|\n|poke|p2|Gardevoir, L50, M, shiny|\n|poke|p2|Basculegion, L50, M|\n|poke|p2|Garchomp, L50, M|\n|poke|p2|Maushold-Four, L50|\n|poke|p2|Kingambit, L50, F|\n|poke|p2|Rotom-Heat, L50|\n|teampreview|4\n|inactive|Battle timer is ON: inactive players will automatically lose when time's up. (requested by ScribbleScribble)\n|inactive|hectorretaaa81 has 60 seconds left.\n|\n|t:|1776630486\n|teamsize|p1|4\n|teamsize|p2|4\n|start\n|switch|p1a: Aerodactyl|Aerodactyl, L50, M|100/100\n|switch|p1b: Sneasler|Sneasler, L50, F, shiny|100/100\n|switch|p2a: Kingambit|Kingambit, L50, F|100/100\n|switch|p2b: Rotom|Rotom-Heat, L50|100/100\n|-ability|p1a: Aerodactyl|Unnerve\n|turn|1\n|j| HappyLiga\n|j| saititraglamuie\n|inactive|ScribbleScribble has 30 seconds left.\n|inactive|ScribbleScribble has 20 seconds left.\n|inactive|hectorretaaa81 has 30 seconds left.\n|inactive|ScribbleScribble has 15 seconds left.\n|\n|t:|1776630532\n|move|p2b: Rotom|Volt Switch|p1b: Sneasler\n|-damage|p1b: Sneasler|58/100\n|\n|t:|1776630534\n|switch|p2b: Basculegion|Basculegion, L50, M|100/100|[from] Volt Switch\n|move|p1a: Aerodactyl|Rock Slide|p2b: Basculegion|[spread] p2a,p2b\n|-resisted|p2a: Kingambit|1\n|-damage|p2a: Kingambit|91/100\n|-damage|p2b: Basculegion|70/100\n|move|p1b: Sneasler|Close Combat|p2b: Basculegion\n|-immune|p2b: Basculegion\n|cant|p2a: Kingambit|flinch\n|\n|upkeep\n|turn|2\n|l| HappyLiga\n|j| variskano\n|inactive|hectorretaaa81 has 30 seconds left.\n|\n|t:|1776630565\n|move|p1b: Sneasler|Protect|p1b: Sneasler\n|-singleturn|p1b: Sneasler|Protect\n|move|p2a: Kingambit|Protect|p2a: Kingambit\n|-singleturn|p2a: Kingambit|Protect\n|move|p1a: Aerodactyl|Tailwind|p1a: Aerodactyl\n|-sidestart|p1: ScribbleScribble|move: Tailwind\n|move|p2b: Basculegion|Wave Crash|p1b: Sneasler\n|-activate|p1b: Sneasler|move: Protect\n|\n|upkeep\n|turn|3\n|\n|t:|1776630578\n|switch|p2a: Garchomp|Garchomp, L50, M|100/100\n|move|p1a: Aerodactyl|Rock Slide|p2b: Basculegion|[spread] p2a,p2b\n|-resisted|p2a: Garchomp|1\n|-damage|p2a: Garchomp|89/100\n|-damage|p2b: Basculegion|42/100\n|move|p1b: Sneasler|Close Combat|p2a: Garchomp\n|-damage|p2a: Garchomp|29/100\n|-unboost|p1b: Sneasler|def|1\n|-unboost|p1b: Sneasler|spd|1\n|-damage|p1b: Sneasler|46/100|[from] ability: Rough Skin|[of] p2a: Garchomp\n|-enditem|p1b: Sneasler|White Herb\n|-clearnegativeboost|p1b: Sneasler|[silent]\n|move|p2b: Basculegion|Wave Crash|p1a: Aerodactyl\n|-supereffective|p1a: Aerodactyl|1\n|-enditem|p1a: Aerodactyl|Focus Sash\n|-damage|p1a: Aerodactyl|1/100\n|-damage|p2b: Basculegion|19/100|[from] Recoil\n|\n|upkeep\n|turn|4\n|\n|t:|1776630591\n|move|p2a: Garchomp|Protect|p2a: Garchomp\n|-singleturn|p2a: Garchomp|Protect\n|move|p2b: Basculegion|Protect|p2b: Basculegion\n|-singleturn|p2b: Basculegion|Protect\n|move|p1b: Sneasler|Close Combat|p2a: Garchomp\n|-activate|p2a: Garchomp|move: Protect\n|move|p1a: Aerodactyl|Rock Slide|p2b: Basculegion|[spread] \n|-activate|p2a: Garchomp|move: Protect\n|-activate|p2b: Basculegion|move: Protect\n|\n|upkeep\n|turn|5\n|j| HappyLiga\n|inactive|ScribbleScribble has 30 seconds left.\n|\n|t:|1776630621\n|move|p2b: Basculegion|Aqua Jet|p1a: Aerodactyl\n|-supereffective|p1a: Aerodactyl|1\n|-damage|p1a: Aerodactyl|0 fnt\n|-enditem|p2b: Basculegion|Sitrus Berry|[eat]\n|-heal|p2b: Basculegion|43/100|[from] item: Sitrus Berry\n|faint|p1a: Aerodactyl\n|move|p1b: Sneasler|Close Combat|p2a: Garchomp\n|-damage|p2a: Garchomp|0 fnt\n|-unboost|p1b: Sneasler|def|1\n|-unboost|p1b: Sneasler|spd|1\n|-damage|p1b: Sneasler|34/100|[from] ability: Rough Skin|[of] p2a: Garchomp\n|faint|p2a: Garchomp\n|\n|-sideend|p1: ScribbleScribble|move: Tailwind\n|upkeep\n|\n|t:|1776630632\n|switch|p1a: Floette|Floette-Eternal, L50, F|100/100\n|switch|p2a: Rotom|Rotom-Heat, L50|100/100\n|turn|6\n|inactive|hectorretaaa81 has 30 seconds left.\n|inactive|hectorretaaa81 has 20 seconds left.\n|inactive|hectorretaaa81 has 15 seconds left.\n|inactive|hectorretaaa81 has 10 seconds left.\n|\n|t:|1776630682\n|detailschange|p1a: Floette|Floette-Mega, L50, F\n|-mega|p1a: Floette|Floette|Floettite\n|-ability|p1a: Floette|Fairy Aura\n|move|p1b: Sneasler|Protect|p1b: Sneasler\n|-singleturn|p1b: Sneasler|Protect\n|move|p2b: Basculegion|Aqua Jet|p1b: Sneasler\n|-activate|p1b: Sneasler|move: Protect\n|move|p2a: Rotom|Trick||[still]\n|-fail|p2a: Rotom\n|move|p1a: Floette|Dazzling Gleam|p2a: Rotom|[spread] p2a,p2b\n|-resisted|p2a: Rotom|1\n|-damage|p2a: Rotom|66/100\n|-damage|p2b: Basculegion|0 fnt\n|faint|p2b: Basculegion\n|\n|upkeep\n|\n|t:|1776630688\n|switch|p2b: Kingambit|Kingambit, L50, F|91/100\n|turn|7\n|c|\u2606hectorretaaa81|ahha i forgot\n|c|\u2606hectorretaaa81|gg\n|\n|t:|1776630706\n|move|p2b: Kingambit|Sucker Punch|p1b: Sneasler\n|-resisted|p1b: Sneasler|1\n|-damage|p1b: Sneasler|0 fnt\n|faint|p1b: Sneasler\n|move|p2a: Rotom|Trick||[still]\n|-fail|p2a: Rotom\n|move|p1a: Floette|Moonblast|p2b: Kingambit\n|-damage|p2b: Kingambit|4/100\n|\n|upkeep\n|\n|t:|1776630712\n|switch|p1b: Kingambit|Kingambit, L50, M|100/100\n|turn|8\n|\n|t:|1776630727\n|move|p2b: Kingambit|Protect|p2b: Kingambit\n|-singleturn|p2b: Kingambit|Protect\n|move|p2a: Rotom|Trick|p1b: Kingambit\n|-activate|p2a: Rotom|move: Trick|[of] p1b: Kingambit\n|-item|p1b: Kingambit|Choice Scarf|[from] move: Trick\n|-item|p2a: Rotom|Black Glasses|[from] move: Trick\n|move|p1a: Floette|Moonblast|p2a: Rotom\n|-resisted|p2a: Rotom|1\n|-damage|p2a: Rotom|17/100\n|move|p1b: Kingambit|Kowtow Cleave|p2b: Kingambit\n|-activate|p2b: Kingambit|move: Protect\n|\n|upkeep\n|turn|9\n|\n|t:|1776630740\n|move|p2b: Kingambit|Sucker Punch|p1a: Floette\n|-resisted|p1a: Floette|1\n|-damage|p1a: Floette|77/100\n|move|p2a: Rotom|Overheat|p1a: Floette\n|-damage|p1a: Floette|33/100\n|-unboost|p2a: Rotom|spa|2\n|move|p1a: Floette|Dazzling Gleam|p2b: Kingambit|[spread] p2a,p2b\n|-resisted|p2a: Rotom|1\n|-damage|p2a: Rotom|0 fnt\n|-damage|p2b: Kingambit|0 fnt\n|faint|p2a: Rotom\n|faint|p2b: Kingambit\n|\n|win|ScribbleScribble\n|raw|ScribbleScribble's rating: 1555 &rarr; <strong>1577</strong><br />(+22 for winning)\n|raw|hectorretaaa81's rating: 1588 &rarr; <strong>1566</strong><br />(-22 for losing)\n|l|\u2606hectorretaaa81\n|player|p2|\n|l| saititraglamuie\n|l| variskano\n",
  "uploadtime": 1776630768,
  "views": 22,
  "formatid": "gen9championsvgc2026regma",
  "rating": 1566,
  "private": 0,
  "password": null
}