{
  "id": "gen9championsvgc2026regma-2588567697",
  "format": "[Gen 9 Champions] VGC 2026 Reg M-A",
  "players": [
    "mertering",
    "salmonsalesman"
  ],
  "log": "|j|\u2606mertering\n|j|\u203dsalmonsalesman\n|t:|1776645746\n|gametype|doubles\n|player|p1|mertering|flint|1266\n|player|p2|salmonsalesman|fisherman-gen4|1342\n|gen|9\n|tier|[Gen 9 Champions] VGC 2026 Reg M-A\n|rated|\n|rule|Species Clause: Limit one of each Pok\u00e9mon\n|rule|Item Clause: Limit 1 of each item\n|clearpoke\n|poke|p1|Volcarona, L50, F|\n|poke|p1|Incineroar, L50, M|\n|poke|p1|Kangaskhan, L50, F|\n|poke|p1|Basculegion, L50, M|\n|poke|p1|Whimsicott, L50, F|\n|poke|p1|Aegislash, L50, F|\n|poke|p2|Dragapult, L50, M|\n|poke|p2|Milotic, L50, M, shiny|\n|poke|p2|Sinistcha, L50|\n|poke|p2|Sneasler, L50, F|\n|poke|p2|Scizor, L50, F|\n|poke|p2|Heliolisk, L50, F|\n|teampreview|4\n|inactive|Battle timer is ON: inactive players will automatically lose when time's up. (requested by salmonsalesman)\n|\n|t:|1776645783\n|teamsize|p1|4\n|teamsize|p2|4\n|start\n|switch|p1a: Volcarona|Volcarona, L50, F|100/100\n|switch|p1b: Basculegion|Basculegion, L50, M|100/100\n|switch|p2a: Milotic|Milotic, L50, M, shiny|100/100\n|switch|p2b: Sneasler|Sneasler, L50, F|100/100\n|turn|1\n|\n|t:|1776645799\n|move|p1a: Volcarona|Protect|p1a: Volcarona\n|-singleturn|p1a: Volcarona|Protect\n|move|p2b: Sneasler|Fake Out|p1a: Volcarona\n|-activate|p1a: Volcarona|move: Protect\n|move|p1b: Basculegion|Flip Turn|p2b: Sneasler\n|-damage|p2b: Sneasler|37/100\n|\n|t:|1776645807\n|switch|p1b: Kangaskhan|Kangaskhan, L50, F|100/100|[from] Flip Turn\n|move|p2a: Milotic|Scald|p1a: Volcarona\n|-activate|p1a: Volcarona|move: Protect\n|\n|upkeep\n|turn|2\n|\n|t:|1776645815\n|switch|p2b: Scizor|Scizor, L50, F|100/100\n|detailschange|p1b: Kangaskhan|Kangaskhan-Mega, L50, F\n|-mega|p1b: Kangaskhan|Kangaskhan|Kangaskhanite\n|move|p1b: Kangaskhan|Fake Out|p2a: Milotic\n|-damage|p2a: Milotic|84/100\n|-crit|p2a: Milotic\n|-damage|p2a: Milotic|78/100\n|-hitcount|p2a: Milotic|2\n|move|p1a: Volcarona|Quiver Dance|p1a: Volcarona\n|-boost|p1a: Volcarona|spa|1\n|-boost|p1a: Volcarona|spd|1\n|-boost|p1a: Volcarona|spe|1\n|cant|p2a: Milotic|flinch\n|\n|-heal|p2a: Milotic|84/100|[from] item: Leftovers\n|upkeep\n|turn|3\n|\n|t:|1776645831\n|move|p2b: Scizor|Protect|p2b: Scizor\n|-singleturn|p2b: Scizor|Protect\n|move|p1a: Volcarona|Heat Wave|p2a: Milotic|[spread] \n|-activate|p2b: Scizor|move: Protect\n|-miss|p1a: Volcarona|p2a: Milotic\n|move|p1b: Kangaskhan|Double-Edge|p2a: Milotic\n|-damage|p2a: Milotic|34/100\n|-damage|p2a: Milotic|23/100\n|-hitcount|p2a: Milotic|2\n|-damage|p1b: Kangaskhan|81/100|[from] Recoil\n|move|p2a: Milotic|Dragon Tail|p1a: Volcarona\n|-damage|p1a: Volcarona|92/100\n|drag|p1a: Whimsicott|Whimsicott, L50, F|100/100\n|\n|-heal|p2a: Milotic|29/100|[from] item: Leftovers\n|upkeep\n|turn|4\n|\n|t:|1776645849\n|detailschange|p2b: Scizor|Scizor-Mega, L50, F\n|-mega|p2b: Scizor|Scizor|Scizorite\n|move|p1a: Whimsicott|Encore|p2b: Scizor\n|-start|p2b: Scizor|Encore\n|move|p2b: Scizor|Protect||[still]\n|-fail|p2b: Scizor\n|move|p1b: Kangaskhan|Double-Edge|p2a: Milotic\n|-damage|p2a: Milotic|0 fnt\n|faint|p2a: Milotic\n|-hitcount|p2: Milotic|1\n|-damage|p1b: Kangaskhan|71/100|[from] Recoil\n|\n|upkeep\n|\n|t:|1776645858\n|switch|p2a: Sneasler|Sneasler, L50, F|37/100\n|turn|5\n|\n|t:|1776645865\n|switch|p2b: Heliolisk|Heliolisk, L50, F|100/100\n|move|p1a: Whimsicott|Tailwind|p1a: Whimsicott\n|-sidestart|p1: mertering|move: Tailwind\n|move|p1b: Kangaskhan|Double-Edge|p2a: Sneasler\n|-damage|p2a: Sneasler|0 fnt\n|faint|p2a: Sneasler\n|-hitcount|p2: Sneasler|1\n|-damage|p1b: Kangaskhan|62/100|[from] Recoil\n|\n|upkeep\n|\n|t:|1776645870\n|switch|p2a: Scizor|Scizor-Mega, L50, F|100/100\n|turn|6\n|\n|t:|1776645883\n|switch|p1a: Volcarona|Volcarona, L50, F|92/100\n|move|p1b: Kangaskhan|Double-Edge|p2b: Heliolisk\n|-enditem|p2b: Heliolisk|Focus Sash\n|-damage|p2b: Heliolisk|1/100\n|-damage|p2b: Heliolisk|0 fnt\n|faint|p2b: Heliolisk\n|-hitcount|p2: Heliolisk|2\n|-damage|p1b: Kangaskhan|40/100|[from] Recoil\n|move|p2a: Scizor|Bug Bite|p1b: Kangaskhan\n|-damage|p1b: Kangaskhan|0 fnt\n|faint|p1b: Kangaskhan\n|\n|-heal|p1a: Volcarona|98/100|[from] item: Leftovers\n|upkeep\n|-message|salmonsalesman forfeited.\n|\n|win|mertering\n|raw|mertering's rating: 1266 &rarr; <strong>1296</strong><br />(+30 for winning)\n|raw|salmonsalesman's rating: 1342 &rarr; <strong>1318</strong><br />(-24 for losing)\n|l|\u203dsalmonsalesman\n|player|p2|\n|c|\u2606mertering|gg\n",
  "uploadtime": 1776645912,
  "views": 9,
  "formatid": "gen9championsvgc2026regma",
  "rating": 1296,
  "private": 0,
  "password": null
}