{
  "id": "gen9championsvgc2026regma-2585802529",
  "format": "[Gen 9 Champions] VGC 2026 Reg M-A",
  "players": [
    "Phillip Blevin",
    "Pedro Salvador"
  ],
  "log": "|j|\u2606Phillip Blevin\n|j|\u2606Pedro Salvador\n|t:|1776371713\n|gametype|doubles\n|player|p1|Phillip Blevin|cynthia-masters4|1160\n|player|p2|Pedro Salvador|ghetsis|1140\n|gen|9\n|tier|[Gen 9 Champions] VGC 2026 Reg M-A\n|rated|\n|rule|Species Clause: Limit one of each Pok\u00e9mon\n|rule|Item Clause: Limit 1 of each item\n|clearpoke\n|poke|p1|Skarmory, L50, F|\n|poke|p1|Maushold, L50|\n|poke|p1|Chesnaught, L50, M|\n|poke|p1|Aerodactyl, L50, M|\n|poke|p1|Rotom-Wash, L50|\n|poke|p1|Garchomp, L50, M|\n|poke|p2|Sneasler, L50, M|\n|poke|p2|Basculegion, L50, M|\n|poke|p2|Floette-Eternal, L50, F|\n|poke|p2|Froslass, L50, F|\n|poke|p2|Kingambit, L50, M|\n|poke|p2|Garchomp, L50, F|\n|teampreview|4\n|inactive|Battle timer is ON: inactive players will automatically lose when time's up. (requested by Phillip Blevin)\nPhillip Blevin has agreed to open team sheets.\n|inactive|Phillip Blevin has 60 seconds left.\n|inactive|Pedro Salvador has 60 seconds left.\n|\n|t:|1776371771\n|teamsize|p1|4\n|teamsize|p2|4\n|start\n|switch|p1a: Aerodactyl|Aerodactyl, L50, M|100/100\n|switch|p1b: Skarmory|Skarmory, L50, F|100/100\n|switch|p2a: Floette|Floette-Eternal, L50, F|100/100\n|switch|p2b: Sneasler|Sneasler, L50, M|100/100\n|turn|1\n|\n|t:|1776371786\n|detailschange|p2a: Floette|Floette-Mega, L50, F\n|-mega|p2a: Floette|Floette|Floettite\n|-ability|p2a: Floette|Fairy Aura\n|move|p2b: Sneasler|Fake Out|p1a: Aerodactyl\n|-resisted|p1a: Aerodactyl|1\n|-damage|p1a: Aerodactyl|89/100\n|cant|p1a: Aerodactyl|flinch\n|move|p2a: Floette|Dazzling Gleam|p1b: Skarmory|[spread] p1a,p1b\n|-resisted|p1b: Skarmory|1\n|-damage|p1a: Aerodactyl|25/100\n|-damage|p1b: Skarmory|60/100\n|move|p1b: Skarmory|Swords Dance|p1b: Skarmory\n|-boost|p1b: Skarmory|atk|2\n|\n|upkeep\n|turn|2\n|\n|t:|1776371808\n|detailschange|p1b: Skarmory|Skarmory-Mega, L50, F\n|-mega|p1b: Skarmory|Skarmory|Skarmorite\n|move|p1a: Aerodactyl|Dual Wingbeat|p2b: Sneasler\n|-supereffective|p2b: Sneasler|1\n|-damage|p2b: Sneasler|31/100\n|-supereffective|p2b: Sneasler|1\n|-damage|p2b: Sneasler|0 fnt\n|faint|p2b: Sneasler\n|-hitcount|p2: Sneasler|2\n|move|p2a: Floette|Dazzling Gleam|p1b: Skarmory|[spread] p1a,p1b\n|-resisted|p1b: Skarmory|1\n|-damage|p1a: Aerodactyl|0 fnt\n|-damage|p1b: Skarmory|30/100\n|faint|p1a: Aerodactyl\n|move|p1b: Skarmory|Iron Head|p2a: Floette\n|-supereffective|p2a: Floette|1\n|-damage|p2a: Floette|0 fnt\n|faint|p2a: Floette\n|\n|upkeep\n|inactive|Pedro Salvador has 30 seconds left.\n|\n|t:|1776371840\n|switch|p1a: Maushold|Maushold, L50|100/100\n|switch|p2b: Garchomp|Garchomp, L50, F|100/100\n|switch|p2a: Basculegion|Basculegion, L50, M|100/100\n|turn|3\n|\n|t:|1776371859\n|move|p2a: Basculegion|Protect|p2a: Basculegion\n|-singleturn|p2a: Basculegion|Protect\n|move|p1a: Maushold|Follow Me|p1a: Maushold\n|-singleturn|p1a: Maushold|move: Follow Me\n|move|p2b: Garchomp|Dragon Claw|p1a: Maushold\n|-damage|p1a: Maushold|49/100\n|-enditem|p1a: Maushold|Sitrus Berry|[eat]\n|-heal|p1a: Maushold|74/100|[from] item: Sitrus Berry\n|move|p1b: Skarmory|Dual Wingbeat|p2a: Basculegion\n|-activate|p2a: Basculegion|move: Protect\n|\n|upkeep\n|turn|4\n|\n|t:|1776371874\n|move|p1a: Maushold|Follow Me|p1a: Maushold\n|-singleturn|p1a: Maushold|move: Follow Me\n|move|p2a: Basculegion|Aqua Jet|p1a: Maushold\n|-damage|p1a: Maushold|43/100\n|move|p2b: Garchomp|Dragon Claw|p1a: Maushold\n|-damage|p1a: Maushold|0 fnt\n|faint|p1a: Maushold\n|move|p1b: Skarmory|Dual Wingbeat|p2a: Basculegion\n|-damage|p2a: Basculegion|60/100\n|-damage|p2a: Basculegion|13/100\n|-enditem|p2a: Basculegion|Sitrus Berry|[eat]\n|-heal|p2a: Basculegion|38/100|[from] item: Sitrus Berry\n|-hitcount|p2a: Basculegion|2\n|\n|upkeep\n|\n|t:|1776371882\n|switch|p1a: Garchomp|Garchomp, L50, M|100/100\n|turn|5\n|\n|t:|1776371899\n|move|p2a: Basculegion|Protect|p2a: Basculegion\n|-singleturn|p2a: Basculegion|Protect\n|move|p1a: Garchomp|Earthquake|p2a: Basculegion|[spread] p2b\n|-activate|p2a: Basculegion|move: Protect\n|-immune|p1b: Skarmory\n|-damage|p2b: Garchomp|67/100\n|move|p2b: Garchomp|Dragon Claw|p1a: Garchomp\n|-supereffective|p1a: Garchomp|1\n|-damage|p1a: Garchomp|17/100\n|move|p1b: Skarmory|Dual Wingbeat|p2a: Basculegion\n|-activate|p2a: Basculegion|move: Protect\n|\n|upkeep\n|turn|6\n|\n|t:|1776371917\n|move|p1a: Garchomp|Protect|p1a: Garchomp\n|-singleturn|p1a: Garchomp|Protect\n|move|p2a: Basculegion|Aqua Jet|p1a: Garchomp\n|-activate|p1a: Garchomp|move: Protect\n|move|p2b: Garchomp|Dragon Claw|p1b: Skarmory\n|-resisted|p1b: Skarmory|1\n|-damage|p1b: Skarmory|6/100\n|move|p1b: Skarmory|Dual Wingbeat|p2a: Basculegion\n|-damage|p2a: Basculegion|0 fnt\n|faint|p2a: Basculegion\n|-hitcount|p2: Basculegion|1\n|\n|upkeep\n|turn|7\n|\n|t:|1776371937\n|move|p1a: Garchomp|Dragon Claw|p2b: Garchomp\n|-supereffective|p2b: Garchomp|1\n|-damage|p2b: Garchomp|0 fnt\n|-damage|p1a: Garchomp|5/100|[from] ability: Rough Skin|[of] p2b: Garchomp\n|faint|p2b: Garchomp\n|\n|win|Phillip Blevin\n|raw|Phillip Blevin's rating: 1160 &rarr; <strong>1184</strong><br />(+24 for winning)\n|raw|Pedro Salvador's rating: 1140 &rarr; <strong>1116</strong><br />(-24 for losing)\n",
  "uploadtime": 1776371937,
  "views": 15,
  "formatid": "gen9championsvgc2026regma",
  "rating": 1116,
  "private": 0,
  "password": null
}