{
  "id": "gen9championsvgc2026regma-2584492109",
  "format": "[Gen 9 Champions] VGC 2026 Reg M-A",
  "players": [
    "Kakkelinaame",
    "Escobarco"
  ],
  "log": "|j|\u2606Kakkelinaame\n|j|\u2606Escobarco\n|t:|1776264429\n|gametype|doubles\n|player|p1|Kakkelinaame|1|1019\n|player|p2|Escobarco|ingo|1000\n|gen|9\n|tier|[Gen 9 Champions] VGC 2026 Reg M-A\n|rated|\n|rule|Species Clause: Limit one of each Pok\u00e9mon\n|rule|Item Clause: Limit 1 of each item\n|clearpoke\n|poke|p1|Altaria, L50, F|\n|poke|p1|Sableye, L50, M|\n|poke|p1|Archaludon, L50, M|\n|poke|p1|Glimmora, L50, F|\n|poke|p1|Basculegion, L50, M|\n|poke|p1|Gyarados, L50, F|\n|poke|p2|Crabominable, L50, F|\n|poke|p2|Slowking, L50, F|\n|poke|p2|Hatterene, L50, F|\n|poke|p2|Incineroar, L50, F|\n|poke|p2|Tsareena, L50, F|\n|poke|p2|Camerupt, L50, F|\n|teampreview|4\n|inactive|Battle timer is ON: inactive players will automatically lose when time's up. (requested by Escobarco)\n|\n|t:|1776264450\n|teamsize|p1|4\n|teamsize|p2|4\n|start\n|switch|p1a: Glimmora|Glimmora, L50, F|100/100\n|switch|p1b: Gyarados|Gyarados, L50, F|100/100\n|switch|p2a: Slowking|Slowking, L50, F|100/100\n|switch|p2b: Incineroar|Incineroar, L50, F|100/100\n|-ability|p1b: Gyarados|Intimidate|boost\n|-fail|p2a: Slowking|unboost|Attack|[from] ability: Oblivious|[of] p2a: Slowking\n|-unboost|p2b: Incineroar|atk|1\n|-ability|p2b: Incineroar|Intimidate|boost\n|-unboost|p1a: Glimmora|atk|1\n|-unboost|p1b: Gyarados|atk|1\n|turn|1\n|inactive|Kakkelinaame has 30 seconds left.\n|\n|t:|1776264476\n|move|p1a: Glimmora|Spiky Shield|p1a: Glimmora\n|-singleturn|p1a: Glimmora|move: Protect\n|move|p1b: Gyarados|Protect|p1b: Gyarados\n|-singleturn|p1b: Gyarados|Protect\n|move|p2b: Incineroar|Fake Out|p1b: Gyarados\n|-activate|p1b: Gyarados|move: Protect\n|move|p2a: Slowking|Trick Room|p2a: Slowking\n|-fieldstart|move: Trick Room|[of] p2a: Slowking\n|\n|upkeep\n|turn|2\n|\n|t:|1776264494\n|switch|p1a: Archaludon|Archaludon, L50, M|100/100\n|move|p2a: Slowking|Psychic|p1a: Archaludon\n|-resisted|p1a: Archaludon|1\n|-damage|p1a: Archaludon|80/100\n|-ability|p1a: Archaludon|Stamina|boost\n|-boost|p1a: Archaludon|def|1\n|move|p2b: Incineroar|Parting Shot|p1b: Gyarados\n|-unboost|p1b: Gyarados|atk|1\n|-unboost|p1b: Gyarados|spa|1\n|\n|t:|1776264509\n|switch|p2b: Hatterene|Hatterene, L50, F|100/100|[from] Parting Shot\n|move|p1b: Gyarados|Waterfall|p2b: Hatterene\n|-damage|p2b: Hatterene|77/100\n|\n|-heal|p1a: Archaludon|87/100|[from] item: Leftovers\n|upkeep\n|turn|3\n|\n|t:|1776264526\n|move|p1a: Archaludon|Protect|p1a: Archaludon\n|-singleturn|p1a: Archaludon|Protect\n|move|p2b: Hatterene|Dazzling Gleam|p1a: Archaludon|[spread] p1b\n|-activate|p1a: Archaludon|move: Protect\n|-crit|p1b: Gyarados\n|-damage|p1b: Gyarados|52/100\n|-prepare|p2a: Slowking|Chilly Reception|[premajor]\n|move|p2a: Slowking|Chilly Reception|p2a: Slowking\n|-weather|Snowscape\n|\n|t:|1776264537\n|switch|p2a: Crabominable|Crabominable, L50, F|100/100|[from] Chilly Reception\n|move|p1b: Gyarados|Roar|p2b: Hatterene\n|move|p2b: Hatterene|Roar|p1b: Gyarados|[from] ability: Magic Bounce\n|drag|p1b: Altaria|Altaria, L50, F, shiny|100/100\n|-ability|p1b: Altaria|Cloud Nine\n|\n|-weather|Snowscape|[upkeep]\n|-heal|p1a: Archaludon|93/100|[from] item: Leftovers\n|upkeep\n|turn|4\n|inactive|Kakkelinaame has 30 seconds left.\n|\n|t:|1776264571\n|switch|p1a: Glimmora|Glimmora, L50, F|100/100\n|detailschange|p2a: Crabominable|Crabominable-Mega, L50, F\n|-mega|p2a: Crabominable|Crabominable|Crabominite\n|move|p1b: Altaria|Protect|p1b: Altaria\n|-singleturn|p1b: Altaria|Protect\n|move|p2b: Hatterene|Dazzling Gleam|p1a: Glimmora|[spread] p1a\n|-activate|p1b: Altaria|move: Protect\n|-resisted|p1a: Glimmora|1\n|-damage|p1a: Glimmora|76/100\n|move|p2a: Crabominable|Ice Hammer|p1b: Altaria\n|-activate|p1b: Altaria|move: Protect\n|\n|-weather|Snowscape|[upkeep]\n|upkeep\n|turn|5\n|\n|t:|1776264595\n|switch|p1b: Gyarados|Gyarados, L50, F|52/100\n|-ability|p1b: Gyarados|Intimidate|boost\n|-unboost|p2a: Crabominable|atk|1\n|-unboost|p2b: Hatterene|atk|1\n|move|p1a: Glimmora|Spiky Shield|p1a: Glimmora\n|-singleturn|p1a: Glimmora|move: Protect\n|move|p2b: Hatterene|Psychic|p1a: Glimmora\n|-activate|p1a: Glimmora|move: Protect\n|move|p2a: Crabominable|Ice Hammer|p1b: Gyarados\n|-damage|p1b: Gyarados|0 fnt\n|-unboost|p2a: Crabominable|spe|1\n|faint|p1b: Gyarados\n|\n|-weather|Snowscape|[upkeep]\n|-fieldend|move: Trick Room\n|upkeep\n|\n|t:|1776264619\n|switch|p1b: Altaria|Altaria, L50, F, shiny|100/100\n|-ability|p1b: Altaria|Cloud Nine\n|turn|6\n|\n|t:|1776264641\n|detailschange|p1b: Altaria|Altaria-Mega, L50, F, shiny\n|-mega|p1b: Altaria|Altaria|Altarianite\n|move|p1a: Glimmora|Power Gem|p2a: Crabominable\n|-damage|p2a: Crabominable|65/100\n|move|p1b: Altaria|Hyper Voice|p2b: Hatterene|[spread] p2a,p2b\n|-supereffective|p2a: Crabominable|1\n|-damage|p2a: Crabominable|15/100\n|-damage|p2b: Hatterene|38/100\n|move|p2a: Crabominable|Ice Hammer|p1b: Altaria|[miss]\n|-miss|p2a: Crabominable|p1b: Altaria\n|move|p2b: Hatterene|Trick Room|p2b: Hatterene\n|-fieldstart|move: Trick Room|[of] p2b: Hatterene\n|\n|-weather|Snowscape|[upkeep]\n|upkeep\n|turn|7\n|\n|t:|1776264665\n|move|p1b: Altaria|Protect|p1b: Altaria\n|-singleturn|p1b: Altaria|Protect\n|move|p2a: Crabominable|Ice Hammer|p1b: Altaria\n|-activate|p1b: Altaria|move: Protect\n|move|p2b: Hatterene|Psychic|p1a: Glimmora\n|-supereffective|p1a: Glimmora|1\n|-damage|p1a: Glimmora|0 fnt\n|faint|p1a: Glimmora\n|\n|-weather|none\n|upkeep\n|\n|t:|1776264677\n|switch|p1a: Archaludon|Archaludon, L50, M|93/100\n|turn|8\n|\n|t:|1776264687\n|move|p1b: Altaria|Protect|p1b: Altaria\n|-singleturn|p1b: Altaria|Protect\n|move|p2a: Crabominable|Ice Hammer|p1b: Altaria\n|-activate|p1b: Altaria|move: Protect\n|move|p2b: Hatterene|Dazzling Gleam|p1b: Altaria|[spread] p1a\n|-activate|p1b: Altaria|move: Protect\n|-damage|p1a: Archaludon|42/100\n|-ability|p1a: Archaludon|Stamina|boost\n|-boost|p1a: Archaludon|def|1\n|move|p1a: Archaludon|Flash Cannon|p2a: Crabominable\n|-supereffective|p2a: Crabominable|1\n|-damage|p2a: Crabominable|0 fnt\n|faint|p2a: Crabominable\n|\n|-heal|p1a: Archaludon|48/100|[from] item: Leftovers\n|upkeep\n|\n|t:|1776264702\n|switch|p2a: Incineroar|Incineroar, L50, F|100/100\n|-ability|p2a: Incineroar|Intimidate|boost\n|-unboost|p1a: Archaludon|atk|1\n|-unboost|p1b: Altaria|atk|1\n|turn|9\n|\n|t:|1776264713\n|move|p1a: Archaludon|Protect|p1a: Archaludon\n|-singleturn|p1a: Archaludon|Protect\n|move|p2a: Incineroar|Fake Out|p1b: Altaria\n|-damage|p1b: Altaria|85/100\n|move|p2b: Hatterene|Dazzling Gleam|p1b: Altaria|[spread] p1b\n|-activate|p1a: Archaludon|move: Protect\n|-supereffective|p1b: Altaria|1\n|-damage|p1b: Altaria|18/100\n|cant|p1b: Altaria|flinch\n|\n|-heal|p1a: Archaludon|54/100|[from] item: Leftovers\n|upkeep\n|turn|10\n|\n|t:|1776264734\n|move|p1b: Altaria|Protect|p1b: Altaria\n|-singleturn|p1b: Altaria|Protect\n|move|p2b: Hatterene|Dazzling Gleam|p1a: Archaludon|[spread] p1a\n|-activate|p1b: Altaria|move: Protect\n|-damage|p1a: Archaludon|2/100\n|-ability|p1a: Archaludon|Stamina|boost\n|-boost|p1a: Archaludon|def|1\n|move|p2a: Incineroar|Flare Blitz|p1a: Archaludon\n|-damage|p1a: Archaludon|0 fnt\n|faint|p1a: Archaludon\n|-damage|p2a: Incineroar|99/100|[from] Recoil\n|\n|-fieldend|move: Trick Room\n|upkeep\n|turn|11\n|\n|t:|1776264756\n|move|p1b: Altaria|Hyper Voice|p2a: Incineroar|[spread] p2a,p2b\n|-damage|p2a: Incineroar|68/100\n|-damage|p2b: Hatterene|3/100\n|move|p2a: Incineroar|Parting Shot|p1b: Altaria\n|-unboost|p1b: Altaria|atk|1\n|-unboost|p1b: Altaria|spa|1\n|-message|Kakkelinaame forfeited.\n|\n|win|Escobarco\n|raw|Kakkelinaame's rating: 1019 &rarr; <strong>1005</strong><br />(-14 for losing)\n|raw|Escobarco's rating: 1000 &rarr; <strong>1042</strong><br />(+42 for winning)\n|l|\u2606Kakkelinaame\n|player|p1|\n",
  "uploadtime": 1776264769,
  "views": 21,
  "formatid": "gen9championsvgc2026regma",
  "rating": 1005,
  "private": 0,
  "password": null
}