{
  "id": "gen9championsvgc2026regma-2586328183",
  "format": "[Gen 9 Champions] VGC 2026 Reg M-A",
  "players": [
    "jayviiuu",
    "blue schucle"
  ],
  "log": "|j|\u2606jayviiuu\n|j|\u2606blue schucle\n|t:|1776425729\n|gametype|doubles\n|player|p1|jayviiuu|2|1143\n|player|p2|blue schucle|lance|1146\n|gen|9\n|tier|[Gen 9 Champions] VGC 2026 Reg M-A\n|rated|\n|rule|Species Clause: Limit one of each Pok\u00e9mon\n|rule|Item Clause: Limit 1 of each item\n|clearpoke\n|poke|p1|Floette-Eternal, L50, F|\n|poke|p1|Whimsicott, L50, F|\n|poke|p1|Sinistcha, L50|\n|poke|p1|Garchomp, L50, F|\n|poke|p1|Milotic, L50, M|\n|poke|p1|Incineroar, L50, F|\n|poke|p2|Incineroar, L50, M|\n|poke|p2|Kingambit, L50, M|\n|poke|p2|Blastoise, L50, F|\n|poke|p2|Aerodactyl, L50, F|\n|poke|p2|Sneasler, L50, F|\n|poke|p2|Sinistcha, L50|\n|teampreview|4\n|\n|t:|1776425752\n|teamsize|p1|4\n|teamsize|p2|4\n|start\n|switch|p1a: Whimsicott|Whimsicott, L50, F, shiny|100/100\n|switch|p1b: Floette|Floette-Eternal, L50, F, shiny|100/100\n|switch|p2a: John incine|Incineroar, L50, M|100/100\n|switch|p2b: Kannon|Blastoise, L50, F|100/100\n|-ability|p2a: John incine|Intimidate|boost\n|-block|p1a: Whimsicott|ability: Flower Veil|[of] p1b: Floette\n|-unboost|p1b: Floette|atk|1\n|turn|1\n|\n|t:|1776425777\n|detailschange|p2b: Kannon|Blastoise-Mega, L50, F\n|-mega|p2b: Kannon|Blastoise|Blastoisinite\n|move|p1a: Whimsicott|Tailwind|p1a: Whimsicott\n|-sidestart|p1: jayviiuu|move: Tailwind\n|move|p1b: Floette|Calm Mind|p1b: Floette\n|-boost|p1b: Floette|spa|1\n|-boost|p1b: Floette|spd|1\n|move|p2b: Kannon|Water Pulse|p1b: Floette\n|-damage|p1b: Floette|70/100\n|move|p2a: John incine|Parting Shot|p1b: Floette\n|-unboost|p1b: Floette|atk|1\n|-unboost|p1b: Floette|spa|1\n|\n|t:|1776425791\n|switch|p2a: Djaba|Sneasler, L50, F|100/100|[from] Parting Shot\n|\n|upkeep\n|turn|2\n|\n|t:|1776425805\n|detailschange|p1b: Floette|Floette-Mega, L50, F, shiny\n|-mega|p1b: Floette|Floette|Floettite\n|-ability|p1b: Floette|Fairy Aura\n|move|p1a: Whimsicott|Helping Hand|p1b: Floette\n|-singleturn|p1b: Floette|Helping Hand|[of] p1a: Whimsicott\n|move|p1b: Floette|Dazzling Gleam|p2b: Kannon|[spread] p2a,p2b\n|-enditem|p2a: Djaba|Focus Sash\n|-damage|p2a: Djaba|1/100\n|-damage|p2b: Kannon|41/100\n|move|p2a: Djaba|Dire Claw|p1b: Floette\n|-supereffective|p1b: Floette|1\n|-damage|p1b: Floette|0 fnt\n|faint|p1b: Floette\n|move|p2b: Kannon|Ice Beam|p1a: Whimsicott\n|-supereffective|p1a: Whimsicott|1\n|-damage|p1a: Whimsicott|33/100\n|\n|upkeep\n|\n|t:|1776425821\n|switch|p1b: Garchomp|Garchomp, L50, F|100/100\n|turn|3\n|\n|t:|1776425833\n|switch|p2a: Ch\u00e1-blau|Sinistcha, L50|100/100\n|-heal|p2b: Kannon|66/100|[from] ability: Hospitality|[of] p2a: Ch\u00e1-blau\n|move|p1a: Whimsicott|Helping Hand|p1b: Garchomp\n|-singleturn|p1b: Garchomp|Helping Hand|[of] p1a: Whimsicott\n|move|p1b: Garchomp|Earthquake|p2a: Ch\u00e1-blau|[spread] p1a,p2a,p2b\n|-resisted|p1a: Whimsicott|1\n|-resisted|p2a: Ch\u00e1-blau|1\n|-damage|p1a: Whimsicott|2/100\n|-damage|p2a: Ch\u00e1-blau|79/100\n|-damage|p2b: Kannon|20/100\n|move|p2b: Kannon|Ice Beam|p1b: Garchomp\n|-supereffective|p1b: Garchomp|2\n|-damage|p1b: Garchomp|0 fnt\n|faint|p1b: Garchomp\n|\n|-heal|p2a: Ch\u00e1-blau|85/100|[from] item: Leftovers\n|upkeep\n|\n|t:|1776425846\n|switch|p1b: Sinistcha|Sinistcha, L50|100/100\n|-heal|p1a: Whimsicott|26/100|[from] ability: Hospitality|[of] p1b: Sinistcha\n|turn|4\n|l|\u2606blue schucle\n|player|p2|\n|j|\u2606blue schucle\n|player|p2|blue schucle|lance|\n|\n|t:|1776425892\n|switch|p2b: John incine|Incineroar, L50, M|100/100\n|-ability|p2b: John incine|Intimidate|boost\n|-unboost|p1a: Whimsicott|atk|1\n|-unboost|p1b: Sinistcha|atk|1\n|move|p1a: Whimsicott|Helping Hand|p1b: Sinistcha\n|-singleturn|p1b: Sinistcha|Helping Hand|[of] p1a: Whimsicott\n|move|p1b: Sinistcha|Matcha Gotcha|p2a: Ch\u00e1-blau|[spread] p2a,p2b\n|-resisted|p2a: Ch\u00e1-blau|1\n|-resisted|p2b: John incine|1\n|-damage|p2a: Ch\u00e1-blau|59/100\n|-damage|p2b: John incine|78/100\n|move|p2a: Ch\u00e1-blau|Matcha Gotcha|p1b: Sinistcha|[spread] p1a,p1b\n|-resisted|p1a: Whimsicott|1\n|-resisted|p1b: Sinistcha|1\n|-damage|p1a: Whimsicott|13/100\n|-heal|p2a: Ch\u00e1-blau|65/100|[from] drain|[of] p1a: Whimsicott\n|-damage|p1b: Sinistcha|84/100\n|-heal|p2a: Ch\u00e1-blau|72/100|[from] drain|[of] p1b: Sinistcha\n|\n|-heal|p2a: Ch\u00e1-blau|79/100|[from] item: Leftovers\n|-sideend|p1: jayviiuu|move: Tailwind\n|upkeep\n|turn|5\n|\n|t:|1776425932\n|move|p1a: Whimsicott|Tailwind|p1a: Whimsicott\n|-sidestart|p1: jayviiuu|move: Tailwind\n|move|p1b: Sinistcha|Shadow Ball|p2a: Ch\u00e1-blau\n|-supereffective|p2a: Ch\u00e1-blau|1\n|-damage|p2a: Ch\u00e1-blau|0 fnt\n|faint|p2a: Ch\u00e1-blau\n|move|p2b: John incine|Flare Blitz|p1b: Sinistcha\n|-supereffective|p1b: Sinistcha|1\n|-damage|p1b: Sinistcha|0 fnt\n|faint|p1b: Sinistcha\n|-damage|p2b: John incine|56/100|[from] Recoil\n|\n|upkeep\n|\n|t:|1776425945\n|switch|p2a: Djaba|Sneasler, L50, F|1/100\n|turn|6\n|\n|t:|1776425951\n|move|p2a: Djaba|Fake Out|p1a: Whimsicott\n|-damage|p1a: Whimsicott|0 fnt\n|faint|p1a: Whimsicott\n|\n|win|blue schucle\n|raw|jayviiuu's rating: 1143 &rarr; <strong>1118</strong><br />(-25 for losing)\n|raw|blue schucle's rating: 1146 &rarr; <strong>1171</strong><br />(+25 for winning)\n|l|\u2606jayviiuu\n|player|p1|\n",
  "uploadtime": 1776425956,
  "views": 27,
  "formatid": "gen9championsvgc2026regma",
  "rating": 1118,
  "private": 0,
  "password": null
}