{
  "id": "gen9championsvgc2026regma-2582669023",
  "format": "[Gen 9 Champions] VGC 2026 Reg M-A",
  "players": [
    "ayaan44",
    "yudiop"
  ],
  "log": "|j|\u2606ayaan44\n|j|\u2606yudiop\n|t:|1776106140\n|gametype|doubles\n|player|p1|ayaan44|gambler|1034\n|player|p2|yudiop|erika|1084\n|gen|9\n|tier|[Gen 9 Champions] VGC 2026 Reg M-A\n|rated|\n|rule|Species Clause: Limit one of each Pok\u00e9mon\n|rule|Item Clause: Limit 1 of each item\n|clearpoke\n|poke|p1|Pelipper, L50, M|\n|poke|p1|Archaludon, L50, F|\n|poke|p1|Basculegion, L50, M|\n|poke|p1|Meganium, L50, M|\n|poke|p1|Sneasler, L50, M|\n|poke|p1|Glimmora, L50, F|\n|poke|p2|Meganium, L50, F|\n|poke|p2|Tyranitar, L50, F|\n|poke|p2|Armarouge, L50, M|\n|poke|p2|Basculegion, L50, M|\n|poke|p2|Mamoswine, L50, M|\n|poke|p2|Lucario, L50, F|\n|teampreview|4\n|j| big froggy\n|l| big froggy\n|\n|t:|1776106180\n|teamsize|p1|4\n|teamsize|p2|4\n|start\n|switch|p1a: Pelipper|Pelipper, L50, M|100/100\n|switch|p1b: Sneasler|Sneasler, L50, M|100/100\n|switch|p2a: Mamoswine|Mamoswine, L50, M|100/100\n|switch|p2b: Basculegion|Basculegion, L50, M|100/100\n|-weather|RainDance|[from] ability: Drizzle|[of] p1a: Pelipper\n|turn|1\n|\n|t:|1776106209\n|move|p1b: Sneasler|Fake Out|p2a: Mamoswine\n|-damage|p2a: Mamoswine|83/100\n|move|p2b: Basculegion|Flip Turn|p1a: Pelipper\n|-resisted|p1a: Pelipper|1\n|-damage|p1a: Pelipper|63/100\n|\n|t:|1776106216\n|switch|p2b: Tyranitar|Tyranitar, L50, F|100/100|[from] Flip Turn\n|-weather|Sandstorm|[from] ability: Sand Stream|[of] p2b: Tyranitar\n|move|p1a: Pelipper|Tailwind|p1a: Pelipper\n|-sidestart|p1: ayaan44|move: Tailwind\n|cant|p2a: Mamoswine|flinch\n|\n|-weather|Sandstorm|[upkeep]\n|-damage|p1b: Sneasler|95/100|[from] Sandstorm\n|-damage|p1a: Pelipper|57/100|[from] Sandstorm\n|upkeep\n|turn|2\n|\n|t:|1776106239\n|switch|p1a: Meganium|Meganium, L50, M|100/100\n|move|p2b: Tyranitar|Protect|p2b: Tyranitar\n|-singleturn|p2b: Tyranitar|Protect\n|move|p1b: Sneasler|Close Combat|p2a: Mamoswine\n|-supereffective|p2a: Mamoswine|1\n|-damage|p2a: Mamoswine|0 fnt\n|-unboost|p1b: Sneasler|def|1\n|-unboost|p1b: Sneasler|spd|1\n|faint|p2a: Mamoswine\n|-enditem|p1b: Sneasler|White Herb\n|-clearnegativeboost|p1b: Sneasler|[silent]\n|\n|-weather|Sandstorm|[upkeep]\n|-damage|p1b: Sneasler|89/100|[from] Sandstorm\n|-damage|p1a: Meganium|95/100|[from] Sandstorm\n|upkeep\n|\n|t:|1776106255\n|switch|p2a: Meganium|Meganium, L50, F|100/100\n|turn|3\n|\n|t:|1776106274\n|switch|p2b: Basculegion|Basculegion, L50, M|100/100\n|detailschange|p1a: Meganium|Meganium-Mega, L50, M\n|-mega|p1a: Meganium|Meganium|Meganiumite\n|detailschange|p2a: Meganium|Meganium-Mega, L50, F\n|-mega|p2a: Meganium|Meganium|Meganiumite\n|move|p1a: Meganium|Protect|p1a: Meganium\n|-singleturn|p1a: Meganium|Protect\n|move|p2a: Meganium|Protect|p2a: Meganium\n|-singleturn|p2a: Meganium|Protect\n|move|p1b: Sneasler|Dire Claw|p2a: Meganium\n|-activate|p2a: Meganium|move: Protect\n|\n|-weather|Sandstorm|[upkeep]\n|-damage|p1b: Sneasler|83/100|[from] Sandstorm\n|-damage|p1a: Meganium|89/100|[from] Sandstorm\n|-damage|p2b: Basculegion|94/100|[from] Sandstorm\n|-damage|p2a: Meganium|95/100|[from] Sandstorm\n|upkeep\n|turn|4\n|j| Bastard Bard\n|\n|t:|1776106320\n|switch|p1a: Pelipper|Pelipper, L50, M|57/100\n|-weather|RainDance|[from] ability: Drizzle|[of] p1a: Pelipper\n|switch|p2a: Tyranitar|Tyranitar, L50, F|100/100\n|-weather|Sandstorm|[from] ability: Sand Stream|[of] p2a: Tyranitar\n|move|p1b: Sneasler|U-turn|p2a: Tyranitar\n|-supereffective|p2a: Tyranitar|1\n|-damage|p2a: Tyranitar|59/100\n|\n|t:|1776106338\n|switch|p1b: Meganium|Meganium-Mega, L50, M|89/100|[from] U-turn\n|move|p2b: Basculegion|Icy Wind|p1a: Pelipper|[spread] p1a,p1b\n|-supereffective|p1b: Meganium|1\n|-damage|p1a: Pelipper|44/100\n|-damage|p1b: Meganium|74/100\n|-unboost|p1a: Pelipper|spe|1\n|-unboost|p1b: Meganium|spe|1\n|\n|-weather|Sandstorm|[upkeep]\n|-damage|p2b: Basculegion|88/100|[from] Sandstorm\n|-damage|p1a: Pelipper|38/100|[from] Sandstorm\n|-damage|p1b: Meganium|68/100|[from] Sandstorm\n|-sideend|p1: ayaan44|move: Tailwind\n|upkeep\n|turn|5\n|j| CA\n|\n|t:|1776106378\n|move|p2b: Basculegion|Icy Wind|p1a: Pelipper|[spread] p1a,p1b\n|-supereffective|p1b: Meganium|1\n|-damage|p1a: Pelipper|25/100\n|-damage|p1b: Meganium|55/100\n|-unboost|p1a: Pelipper|spe|1\n|-unboost|p1b: Meganium|spe|1\n|move|p2a: Tyranitar|Knock Off|p1a: Pelipper\n|-damage|p1a: Pelipper|0 fnt\n|-enditem|p1a: Pelipper|Focus Sash|[from] move: Knock Off|[of] p2a: Tyranitar\n|faint|p1a: Pelipper\n|move|p1b: Meganium|Solar Beam||[still]\n|-prepare|p1b: Meganium|Solar Beam\n|-activate|p1b: Meganium|ability: Mega Sol\n|-anim|p1b: Meganium|Solar Beam|p2b: Basculegion\n|-supereffective|p2b: Basculegion|1\n|-damage|p2b: Basculegion|0 fnt\n|faint|p2b: Basculegion\n|\n|-weather|Sandstorm|[upkeep]\n|-damage|p1b: Meganium|49/100|[from] Sandstorm\n|upkeep\n|\n|t:|1776106398\n|switch|p2b: Meganium|Meganium-Mega, L50, F|95/100\n|switch|p1a: Sneasler|Sneasler, L50, M|83/100\n|turn|6\n|\n|t:|1776106418\n|move|p2b: Meganium|Protect|p2b: Meganium\n|-singleturn|p2b: Meganium|Protect\n|move|p1a: Sneasler|Fake Out|p2b: Meganium\n|-activate|p2b: Meganium|move: Protect\n|move|p2a: Tyranitar|Icy Wind|p1a: Sneasler|[spread] p1a,p1b\n|-supereffective|p1b: Meganium|1\n|-damage|p1a: Sneasler|72/100\n|-damage|p1b: Meganium|33/100\n|-unboost|p1a: Sneasler|spe|1\n|-unboost|p1b: Meganium|spe|1\n|move|p1b: Meganium|Weather Ball|p2b: Meganium\n|-activate|p2b: Meganium|move: Protect\n|\n|-weather|Sandstorm|[upkeep]\n|-damage|p2b: Meganium|89/100|[from] Sandstorm\n|-damage|p1a: Sneasler|66/100|[from] Sandstorm\n|-damage|p1b: Meganium|27/100|[from] Sandstorm\n|upkeep\n|turn|7\n|\n|t:|1776106450\n|move|p2a: Tyranitar|Protect|p2a: Tyranitar\n|-singleturn|p2a: Tyranitar|Protect\n|move|p1b: Meganium|Protect|p1b: Meganium\n|-singleturn|p1b: Meganium|Protect\n|move|p2b: Meganium|Weather Ball|p1b: Meganium\n|-activate|p1b: Meganium|move: Protect\n|move|p1a: Sneasler|Dire Claw|p2b: Meganium\n|-supereffective|p2b: Meganium|2\n|-damage|p2b: Meganium|0 fnt\n|faint|p2b: Meganium\n|\n|-weather|Sandstorm|[upkeep]\n|-damage|p1a: Sneasler|60/100|[from] Sandstorm\n|-damage|p1b: Meganium|21/100|[from] Sandstorm\n|upkeep\n|turn|8\n|\n|t:|1776106470\n|move|p1a: Sneasler|Close Combat|p2a: Tyranitar\n|-supereffective|p2a: Tyranitar|2\n|-enditem|p2a: Tyranitar|Chople Berry|[eat]\n|-enditem|p2a: Tyranitar|Chople Berry|[weaken]\n|-damage|p2a: Tyranitar|0 fnt\n|-unboost|p1a: Sneasler|def|1\n|-unboost|p1a: Sneasler|spd|1\n|faint|p2a: Tyranitar\n|\n|win|ayaan44\n|raw|ayaan44's rating: 1034 &rarr; <strong>1074</strong><br />(+40 for winning)\n|raw|yudiop's rating: 1084 &rarr; <strong>1058</strong><br />(-26 for losing)\n|l|\u2606yudiop\n|player|p2|\n|l| Bastard Bard\n",
  "uploadtime": 1776106666,
  "views": 20,
  "formatid": "gen9championsvgc2026regma",
  "rating": 1058,
  "private": 0,
  "password": null
}