{
  "id": "gen9championsvgc2026regma-2583943813",
  "format": "[Gen 9 Champions] VGC 2026 Reg M-A",
  "players": [
    "Ikxkk",
    "bumbwoppa"
  ],
  "log": "|j|\u2606Ikxkk\n|j|\u2606bumbwoppa\n|t:|1776210478\n|gametype|doubles\n|player|p1|Ikxkk|169|1086\n|player|p2|bumbwoppa|miku-ground|1000\n|gen|9\n|tier|[Gen 9 Champions] VGC 2026 Reg M-A\n|rated|\n|rule|Species Clause: Limit one of each Pok\u00e9mon\n|rule|Item Clause: Limit 1 of each item\n|clearpoke\n|poke|p1|Greninja-*, L50, F|\n|poke|p1|Whimsicott, L50, F|\n|poke|p1|Heliolisk, L50, M|\n|poke|p1|Ninetales, L50, F|\n|poke|p1|Pelipper, L50, M|\n|poke|p1|Archaludon, L50, F|\n|poke|p2|Archaludon, L50, M|\n|poke|p2|Basculegion, L50, M|\n|poke|p2|Pelipper, L50, M|\n|poke|p2|Sinistcha, L50|\n|poke|p2|Incineroar, L50, M|\n|poke|p2|Meganium, L50, M|\n|teampreview|4\n|\n|t:|1776210511\n|teamsize|p1|4\n|teamsize|p2|4\n|start\n|switch|p1a: Greninja|Greninja, L50, F|100/100\n|switch|p1b: Whimsicott|Whimsicott, L50, F|100/100\n|switch|p2a: Pelipper|Pelipper, L50, M|100/100\n|switch|p2b: Archaludon|Archaludon, L50, M|100/100\n|-weather|RainDance|[from] ability: Drizzle|[of] p2a: Pelipper\n|turn|1\n|\n|t:|1776210541\n|switch|p1b: Ninetales|Ninetales, L50, F|100/100\n|-weather|SunnyDay|[from] ability: Drought|[of] p1b: Ninetales\n|move|p1a: Greninja|Gunk Shot|p2a: Pelipper\n|-start|p1a: Greninja|typechange|Poison|[from] ability: Protean\n|-damage|p2a: Pelipper|46/100\n|move|p2a: Pelipper|Tailwind|p2a: Pelipper\n|-sidestart|p2: bumbwoppa|move: Tailwind\n|move|p2b: Archaludon|Flash Cannon|p1b: Ninetales\n|-resisted|p1b: Ninetales|1\n|-damage|p1b: Ninetales|80/100\n|\n|-weather|SunnyDay|[upkeep]\n|upkeep\n|turn|2\n|\n|t:|1776210581\n|move|p2a: Pelipper|Wide Guard|p2a: Pelipper\n|-singleturn|p2a: Pelipper|Wide Guard\n|move|p2b: Archaludon|Electro Shot||[still]\n|-prepare|p2b: Archaludon|Electro Shot\n|-boost|p2b: Archaludon|spa|1\n|move|p1a: Greninja|Gunk Shot|p2a: Pelipper|[miss]\n|-miss|p1a: Greninja|p2a: Pelipper\n|move|p1b: Ninetales|Will-O-Wisp|p2b: Archaludon|[miss]\n|-miss|p1b: Ninetales|p2b: Archaludon\n|\n|-weather|SunnyDay|[upkeep]\n|upkeep\n|turn|3\n|\n|t:|1776210608\n|switch|p2a: Basculegion|Basculegion, L50, M|100/100\n|move|p1a: Greninja|Protect|p1a: Greninja\n|-singleturn|p1a: Greninja|Protect\n|move|p1b: Ninetales|Protect|p1b: Ninetales\n|-singleturn|p1b: Ninetales|Protect\n|move|p2b: Archaludon|Electro Shot|p1a: Greninja|[from] lockedmove\n|-activate|p1a: Greninja|move: Protect\n|\n|-weather|SunnyDay|[upkeep]\n|upkeep\n|turn|4\n|\n|t:|1776210682\n|switch|p1b: Whimsicott|Whimsicott, L50, F|100/100\n|detailschange|p1a: Greninja|Greninja-Mega, L50, F\n|-mega|p1a: Greninja|Greninja|Greninjite\n|move|p2a: Basculegion|Flip Turn|p1b: Whimsicott\n|-resisted|p1b: Whimsicott|1\n|-damage|p1b: Whimsicott|87/100\n|\n|t:|1776210691\n|switch|p2a: Pelipper|Pelipper, L50, M|46/100|[from] Flip Turn\n|-weather|RainDance|[from] ability: Drizzle|[of] p2a: Pelipper\n|move|p2b: Archaludon|Electro Shot||[still]\n|-prepare|p2b: Archaludon|Electro Shot\n|-boost|p2b: Archaludon|spa|1\n|-anim|p2b: Archaludon|Electro Shot|p1a: Greninja\n|-supereffective|p1a: Greninja|1\n|-damage|p1a: Greninja|0 fnt\n|faint|p1a: Greninja\n|\n|-weather|RainDance|[upkeep]\n|-sideend|p2: bumbwoppa|move: Tailwind\n|upkeep\n|\n|t:|1776210702\n|switch|p1a: Ninetales|Ninetales, L50, F|80/100\n|-weather|SunnyDay|[from] ability: Drought|[of] p1a: Ninetales\n|turn|5\n|\n|t:|1776210714\n|move|p1b: Whimsicott|Tailwind|p1b: Whimsicott\n|-sidestart|p1: Ikxkk|move: Tailwind\n|move|p1a: Ninetales|Disable|p2b: Archaludon\n|-start|p2b: Archaludon|Disable|Electro Shot\n|move|p2a: Pelipper|Tailwind|p2a: Pelipper\n|-sidestart|p2: bumbwoppa|move: Tailwind\n|move|p2b: Archaludon|Flash Cannon|p1b: Whimsicott\n|-supereffective|p1b: Whimsicott|1\n|-crit|p1b: Whimsicott\n|-damage|p1b: Whimsicott|0 fnt\n|faint|p1b: Whimsicott\n|\n|-weather|SunnyDay|[upkeep]\n|upkeep\n|\n|t:|1776210724\n|switch|p1b: Heliolisk|Heliolisk, L50, M|100/100\n|turn|6\n|\n|t:|1776210753\n|switch|p2a: Sinistcha|Sinistcha, L50|100/100\n|move|p1b: Heliolisk|Hyper Voice|p2a: Sinistcha|[spread] p2b\n|-immune|p2a: Sinistcha\n|-resisted|p2b: Archaludon|1\n|-damage|p2b: Archaludon|69/100\n|-ability|p2b: Archaludon|Stamina|boost\n|-boost|p2b: Archaludon|def|1\n|move|p1a: Ninetales|Heat Wave|p2a: Sinistcha|[spread] p2a,p2b\n|-supereffective|p2a: Sinistcha|1\n|-crit|p2a: Sinistcha\n|-damage|p2a: Sinistcha|12/100\n|-damage|p2b: Archaludon|31/100\n|-ability|p2b: Archaludon|Stamina|boost\n|-boost|p2b: Archaludon|def|1\n|move|p2b: Archaludon|Draco Meteor|p1b: Heliolisk\n|-crit|p1b: Heliolisk\n|-damage|p1b: Heliolisk|0 fnt\n|-unboost|p2b: Archaludon|spa|2\n|faint|p1b: Heliolisk\n|\n|-weather|SunnyDay|[upkeep]\n|upkeep\n|turn|7\n|\n|t:|1776210783\n|move|p1a: Ninetales|Heat Wave|p2b: Archaludon|[spread] p2a,p2b\n|-supereffective|p2a: Sinistcha|1\n|-crit|p2b: Archaludon\n|-damage|p2a: Sinistcha|0 fnt\n|-damage|p2b: Archaludon|0 fnt\n|faint|p2a: Sinistcha\n|faint|p2b: Archaludon\n|\n|-weather|SunnyDay|[upkeep]\n|upkeep\n|\n|t:|1776210790\n|switch|p2b: Basculegion|Basculegion, L50, M|100/100\n|switch|p2a: Pelipper|Pelipper, L50, M|46/100\n|-weather|RainDance|[from] ability: Drizzle|[of] p2a: Pelipper\n|turn|8\n|c|\u2606bumbwoppa|Okay idk why I thought Arch would go first given last turn\n|\n|t:|1776210840\n|move|p1a: Ninetales|Protect|p1a: Ninetales\n|-singleturn|p1a: Ninetales|Protect\n|move|p2b: Basculegion|Aqua Jet|p1a: Ninetales\n|-activate|p1a: Ninetales|move: Protect\n|move|p2a: Pelipper|Weather Ball|p1a: Ninetales\n|-activate|p1a: Ninetales|move: Protect\n|\n|-weather|RainDance|[upkeep]\n|-sideend|p2: bumbwoppa|move: Tailwind\n|-sideend|p1: Ikxkk|move: Tailwind\n|upkeep\n|turn|9\n|\n|t:|1776210860\n|move|p2b: Basculegion|Aqua Jet|p1a: Ninetales\n|-supereffective|p1a: Ninetales|1\n|-damage|p1a: Ninetales|0 fnt\n|faint|p1a: Ninetales\n|\n|win|bumbwoppa\n|raw|Ikxkk's rating: 1086 &rarr; <strong>1058</strong><br />(-28 for losing)\n|raw|bumbwoppa's rating: 1000 &rarr; <strong>1050</strong><br />(+50 for winning)\n|l|\u2606Ikxkk\n|player|p1|\n",
  "uploadtime": 1776210879,
  "views": 19,
  "formatid": "gen9championsvgc2026regma",
  "rating": 1050,
  "private": 0,
  "password": null
}