{
  "id": "gen9championsvgc2026regma-2587630861",
  "format": "[Gen 9 Champions] VGC 2026 Reg M-A",
  "players": [
    "iFrozenShadow",
    "leaveamessage"
  ],
  "log": "|j|\u2606iFrozenShadow\n|j|\u2606leaveamessage\n|t:|1776548597\n|gametype|doubles\n|player|p1|iFrozenShadow|169|1474\n|player|p2|leaveamessage|red-masters|1400\n|gen|9\n|tier|[Gen 9 Champions] VGC 2026 Reg M-A\n|rated|\n|rule|Species Clause: Limit one of each Pok\u00e9mon\n|rule|Item Clause: Limit 1 of each item\n|clearpoke\n|poke|p1|Gengar, L50, F, shiny|\n|poke|p1|Whimsicott, L50, M|\n|poke|p1|Incineroar, L50, M|\n|poke|p1|Basculegion, L50, M, shiny|\n|poke|p1|Tyranitar, L50, F|\n|poke|p1|Corviknight, L50, M|\n|poke|p2|Talonflame, L50, M|\n|poke|p2|Floette-Eternal, L50, F|\n|poke|p2|Sneasler, L50, M, shiny|\n|poke|p2|Basculegion, L50, M|\n|poke|p2|Kingambit, L50, M, shiny|\n|poke|p2|Garchomp, L50, M|\n|teampreview|4\n|inactive|Battle timer is ON: inactive players will automatically lose when time's up. (requested by leaveamessage)\n|inactive|iFrozenShadow has 60 seconds left.\n|inactive|leaveamessage has 60 seconds left.\n|\n|t:|1776548650\n|teamsize|p1|4\n|teamsize|p2|4\n|start\n|switch|p1a: Whimsicott|Whimsicott, L50, M|100/100\n|switch|p1b: Gengar|Gengar, L50, F, shiny|100/100\n|switch|p2a: Talonflame|Talonflame, L50, M|100/100\n|switch|p2b: Sneasler|Sneasler, L50, M, shiny|100/100\n|turn|1\n|\n|t:|1776548668\n|detailschange|p1b: Gengar|Gengar-Mega, L50, F, shiny\n|-mega|p1b: Gengar|Gengar|Gengarite\n|move|p1a: Whimsicott|Protect|p1a: Whimsicott\n|-singleturn|p1a: Whimsicott|Protect\n|move|p2b: Sneasler|Fake Out|p1a: Whimsicott\n|-activate|p1a: Whimsicott|move: Protect\n|move|p2a: Talonflame|Tailwind|p2a: Talonflame\n|-sidestart|p2: leaveamessage|move: Tailwind\n|move|p1b: Gengar|Shadow Ball|p2b: Sneasler\n|-crit|p2b: Sneasler\n|-damage|p2b: Sneasler|6/100\n|\n|upkeep\n|turn|2\n|\n|t:|1776548686\n|move|p2a: Talonflame|Acrobatics|p1b: Gengar\n|-damage|p1b: Gengar|47/100\n|move|p1a: Whimsicott|Encore|p2b: Sneasler\n|-start|p2b: Sneasler|Encore\n|move|p2b: Sneasler|Fake Out||[still]\n|-hint|Fake Out only works on your first turn out.\n|-fail|p2b: Sneasler\n|move|p1b: Gengar|Sludge Bomb|p2a: Talonflame\n|-damage|p2a: Talonflame|11/100\n|\n|upkeep\n|turn|3\n|inactive|leaveamessage has 30 seconds left.\n|inactive|iFrozenShadow has 30 seconds left.\n|\n|t:|1776548721\n|move|p1b: Gengar|Protect|p1b: Gengar\n|-singleturn|p1b: Gengar|Protect\n|move|p1a: Whimsicott|Tailwind|p1a: Whimsicott\n|-sidestart|p1: iFrozenShadow|move: Tailwind\n|move|p2a: Talonflame|Acrobatics|p1b: Gengar\n|-activate|p1b: Gengar|move: Protect\n|-activate|p2b: Sneasler|move: Struggle\n|move|p2b: Sneasler|Struggle|p1b: Gengar\n|-activate|p1b: Gengar|move: Protect\n|\n|upkeep\n|turn|4\n|\n|t:|1776548734\n|switch|p1b: Incineroar|Incineroar, L50, M|100/100\n|-ability|p1b: Incineroar|Intimidate|boost\n|-unboost|p2a: Talonflame|atk|1\n|-unboost|p2b: Sneasler|atk|1\n|-enditem|p2b: Sneasler|White Herb\n|-clearnegativeboost|p2b: Sneasler|[silent]\n|-activate|p2b: Sneasler|move: Struggle\n|move|p2b: Sneasler|Struggle|p1a: Whimsicott\n|-crit|p1a: Whimsicott\n|-damage|p1a: Whimsicott|72/100\n|-damage|p2b: Sneasler|0 fnt|[from] recoil\n|faint|p2b: Sneasler\n|move|p2a: Talonflame|Acrobatics|p1b: Incineroar\n|-damage|p1b: Incineroar|73/100\n|move|p1a: Whimsicott|Moonblast|p2a: Talonflame\n|-resisted|p2a: Talonflame|1\n|-damage|p2a: Talonflame|0 fnt\n|faint|p2a: Talonflame\n|\n|-sideend|p2: leaveamessage|move: Tailwind\n|upkeep\n|\n|t:|1776548737\n|switch|p2a: Basculegion|Basculegion, L50, M|100/100\n|switch|p2b: Floette|Floette-Eternal, L50, F|100/100\n|turn|5\n|inactive|iFrozenShadow has 30 seconds left.\n|\n|t:|1776548771\n|switch|p1b: Basculegion|Basculegion, L50, M, shiny|100/100\n|move|p1a: Whimsicott|Protect|p1a: Whimsicott\n|-singleturn|p1a: Whimsicott|Protect\n|move|p2a: Basculegion|Wave Crash|p1b: Basculegion\n|-resisted|p1b: Basculegion|1\n|-damage|p1b: Basculegion|51/100\n|-damage|p2a: Basculegion|85/100|[from] Recoil\n|move|p2b: Floette|Calm Mind|p2b: Floette\n|-boost|p2b: Floette|spa|1\n|-boost|p2b: Floette|spd|1\n|\n|upkeep\n|turn|6\n|\n|t:|1776548785\n|detailschange|p2b: Floette|Floette-Mega, L50, F\n|-mega|p2b: Floette|Floette|Floettite\n|-ability|p2b: Floette|Fairy Aura\n|move|p2b: Floette|Protect|p2b: Floette\n|-singleturn|p2b: Floette|Protect\n|move|p1a: Whimsicott|Encore|p2b: Floette\n|-activate|p2b: Floette|move: Protect\n|move|p1b: Basculegion|Flip Turn|p2a: Basculegion\n|-resisted|p2a: Basculegion|1\n|-damage|p2a: Basculegion|61/100\n|\n|t:|1776548789\n|switch|p1b: Incineroar|Incineroar, L50, M|73/100|[from] Flip Turn\n|-ability|p1b: Incineroar|Intimidate|boost\n|-unboost|p2a: Basculegion|atk|1\n|-unboost|p2b: Floette|atk|1\n|move|p2a: Basculegion|Wave Crash|p1a: Whimsicott\n|-resisted|p1a: Whimsicott|1\n|-damage|p1a: Whimsicott|43/100\n|-damage|p2a: Basculegion|54/100|[from] Recoil\n|\n|-sideend|p1: iFrozenShadow|move: Tailwind\n|upkeep\n|turn|7\n|\n|t:|1776548809\n|move|p1a: Whimsicott|Encore|p2b: Floette\n|-start|p2b: Floette|Encore\n|move|p2b: Floette|Protect||[still]\n|-fail|p2b: Floette\n|move|p2a: Basculegion|Wave Crash|p1b: Incineroar\n|-supereffective|p1b: Incineroar|1\n|-crit|p1b: Incineroar\n|-damage|p1b: Incineroar|0 fnt\n|faint|p1b: Incineroar\n|-damage|p2a: Basculegion|30/100|[from] Recoil\n|\n|upkeep\n|\n|t:|1776548815\n|switch|p1b: Basculegion|Basculegion, L50, M, shiny|51/100\n|turn|8\n|\n|t:|1776548819\n|move|p2b: Floette|Protect|p2b: Floette\n|-singleturn|p2b: Floette|Protect\n|move|p1a: Whimsicott|Tailwind|p1a: Whimsicott\n|-sidestart|p1: iFrozenShadow|move: Tailwind\n|move|p1b: Basculegion|Last Respects|p2a: Basculegion\n|-supereffective|p2a: Basculegion|1\n|-damage|p2a: Basculegion|0 fnt\n|faint|p2a: Basculegion\n|\n|upkeep\n|turn|9\n|-message|leaveamessage forfeited.\n|\n|win|iFrozenShadow\n|raw|iFrozenShadow's rating: 1474 &rarr; <strong>1490</strong><br />(+16 for winning)\n|raw|leaveamessage's rating: 1400 &rarr; <strong>1384</strong><br />(-16 for losing)\n|l|\u2606leaveamessage\n|player|p2|\n|l|\u2606iFrozenShadow\n|player|p1|\n",
  "uploadtime": 1776548831,
  "views": 16,
  "formatid": "gen9championsvgc2026regma",
  "rating": 1384,
  "private": 0,
  "password": null
}