{
  "id": "gen9championsvgc2026regma-2580819203",
  "format": "[Gen 9 Champions] VGC 2026 Reg M-A",
  "players": [
    "gallium1005",
    "corek"
  ],
  "log": "|j|\u2606gallium1005\n|j|\u2606corek\n|t:|1775935043\n|gametype|doubles\n|player|p1|gallium1005|hilbert|1026\n|player|p2|corek|lucas|1035\n|gen|9\n|tier|[Gen 9 Champions] VGC 2026 Reg M-A\n|rated|\n|rule|Species Clause: Limit one of each Pok\u00e9mon\n|rule|Item Clause: Limit 1 of each item\n|clearpoke\n|poke|p1|Torkoal, L50, M|\n|poke|p1|Delphox, L50, F|\n|poke|p1|Garchomp, L50, M|\n|poke|p1|Typhlosion-Hisui, L50, F|\n|poke|p1|Whimsicott, L50, F|\n|poke|p1|Sneasler, L50, F|\n|poke|p2|Armarouge, L50, M|\n|poke|p2|Ceruledge, L50, F|\n|poke|p2|Volcarona, L50, F|\n|poke|p2|Torkoal, L50, M|\n|poke|p2|Lucario, L50, M|\n|poke|p2|Greninja-*, L50, M|\n|teampreview|4\n|inactive|Battle timer is ON: inactive players will automatically lose when time's up. (requested by corek)\n|\n|t:|1775935079\n|teamsize|p1|4\n|teamsize|p2|4\n|start\n|switch|p1a: Garchomp|Garchomp, L50, M|100/100\n|switch|p1b: Whimsicott|Whimsicott, L50, F|100/100\n|switch|p2a: Armarouge|Armarouge, L50, M|100/100\n|switch|p2b: Torkoal|Torkoal, L50, M|100/100\n|-weather|SunnyDay|[from] ability: Drought|[of] p2b: Torkoal\n|turn|1\n|\n|t:|1775935092\n|move|p2a: Armarouge|Wide Guard|p2a: Armarouge\n|-singleturn|p2a: Armarouge|Wide Guard\n|move|p1b: Whimsicott|Tailwind|p1b: Whimsicott\n|-sidestart|p1: gallium1005|move: Tailwind\n|move|p1a: Garchomp|Earthquake|p2b: Torkoal|[spread] p1b\n|-activate|p2a: Armarouge|move: Wide Guard\n|-activate|p2b: Torkoal|move: Wide Guard\n|-resisted|p1b: Whimsicott|1\n|-damage|p1b: Whimsicott|81/100\n|move|p2b: Torkoal|Eruption|p1b: Whimsicott|[spread] p1a,p1b\n|-resisted|p1a: Garchomp|1\n|-supereffective|p1b: Whimsicott|1\n|-damage|p1a: Garchomp|62/100\n|-damage|p1b: Whimsicott|0 fnt\n|faint|p1b: Whimsicott\n|\n|-weather|SunnyDay|[upkeep]\n|-heal|p1a: Garchomp|68/100|[from] item: Leftovers\n|upkeep\n|\n|t:|1775935107\n|switch|p1b: Delphox|Delphox, L50, F|100/100\n|turn|2\n|\n|t:|1775935124\n|detailschange|p1b: Delphox|Delphox-Mega, L50, F\n|-mega|p1b: Delphox|Delphox|Delphoxite\n|move|p2a: Armarouge|Wide Guard|p2a: Armarouge\n|-singleturn|p2a: Armarouge|Wide Guard\n|move|p1b: Delphox|Encore|p2a: Armarouge\n|-start|p2a: Armarouge|Encore\n|move|p1a: Garchomp|Dragon Claw|p2b: Torkoal\n|-crit|p2b: Torkoal\n|-damage|p2b: Torkoal|49/100\n|move|p2b: Torkoal|Eruption|p1a: Garchomp|[spread] p1a,p1b\n|-resisted|p1a: Garchomp|1\n|-resisted|p1b: Delphox|1\n|-damage|p1a: Garchomp|49/100\n|-damage|p1b: Delphox|82/100\n|\n|-weather|SunnyDay|[upkeep]\n|-heal|p1a: Garchomp|55/100|[from] item: Leftovers\n|upkeep\n|turn|3\n|\n|t:|1775935142\n|move|p2a: Armarouge|Wide Guard|p2a: Armarouge\n|-singleturn|p2a: Armarouge|Wide Guard\n|move|p1b: Delphox|Psychic|p2b: Torkoal\n|-damage|p2b: Torkoal|0 fnt\n|faint|p2b: Torkoal\n|move|p1a: Garchomp|Dragon Claw|p2a: Armarouge\n|-damage|p2a: Armarouge|52/100\n|-ability|p2a: Armarouge|Weak Armor|boost\n|-unboost|p2a: Armarouge|def|1\n|-boost|p2a: Armarouge|spe|2\n|\n|-weather|SunnyDay|[upkeep]\n|-heal|p1a: Garchomp|61/100|[from] item: Leftovers\n|upkeep\n|\n|t:|1775935162\n|switch|p2b: Greninja|Greninja, L50, M|100/100\n|turn|4\n|\n|t:|1775935179\n|detailschange|p2b: Greninja|Greninja-Mega, L50, M\n|-mega|p2b: Greninja|Greninja|Greninjite\n|move|p1b: Delphox|Protect|p1b: Delphox\n|-singleturn|p1b: Delphox|Protect\n|move|p2a: Armarouge|Wide Guard|p2a: Armarouge\n|-singleturn|p2a: Armarouge|Wide Guard\n|move|p1a: Garchomp|Dragon Claw|p2a: Armarouge\n|-crit|p2a: Armarouge\n|-damage|p2a: Armarouge|0 fnt\n|faint|p2a: Armarouge\n|move|p2b: Greninja|Ice Beam|p1a: Garchomp\n|-start|p2b: Greninja|typechange|Ice|[from] ability: Protean\n|-supereffective|p1a: Garchomp|2\n|-damage|p1a: Garchomp|0 fnt\n|faint|p1a: Garchomp\n|\n|-weather|SunnyDay|[upkeep]\n|-sideend|p1: gallium1005|move: Tailwind\n|upkeep\n|\n|t:|1775935195\n|switch|p1a: Sneasler|Sneasler, L50, F|100/100\n|switch|p2a: Ceruledge|Ceruledge, L50, F|100/100\n|turn|5\n|inactive|gallium1005 has 30 seconds left.\n|inactive|gallium1005 has 20 seconds left.\n|\n|t:|1775935233\n|move|p2b: Greninja|Water Shuriken|p1b: Delphox\n|-supereffective|p1b: Delphox|1\n|-damage|p1b: Delphox|77/100\n|-supereffective|p1b: Delphox|1\n|-damage|p1b: Delphox|72/100\n|-hitcount|p1b: Delphox|2\n|move|p1b: Delphox|Psychic|p2a: Ceruledge\n|-damage|p2a: Ceruledge|38/100\n|move|p1a: Sneasler|Close Combat|p2b: Greninja\n|-supereffective|p2b: Greninja|1\n|-damage|p2b: Greninja|0 fnt\n|-unboost|p1a: Sneasler|def|1\n|-unboost|p1a: Sneasler|spd|1\n|faint|p2b: Greninja\n|-enditem|p1a: Sneasler|White Herb\n|-clearnegativeboost|p1a: Sneasler|[silent]\n|move|p2a: Ceruledge|Bitter Blade|p1a: Sneasler\n|-damage|p1a: Sneasler|0 fnt\n|-heal|p2a: Ceruledge|90/100|[from] drain|[of] p1a: Sneasler\n|faint|p1a: Sneasler\n|\n|-weather|none\n|-heal|p2a: Ceruledge|96/100|[from] item: Leftovers\n|upkeep\n|turn|6\n|\n|t:|1775935257\n|move|p1b: Delphox|Encore|p2a: Ceruledge\n|-start|p2a: Ceruledge|Encore\n|move|p2a: Ceruledge|Bitter Blade|p1b: Delphox\n|-resisted|p1b: Delphox|1\n|-damage|p1b: Delphox|46/100\n|-heal|p2a: Ceruledge|100/100|[from] drain|[of] p1b: Delphox\n|\n|upkeep\n|turn|7\n|\n|t:|1775935266\n|move|p1b: Delphox|Psychic|p2a: Ceruledge\n|-damage|p2a: Ceruledge|44/100\n|move|p2a: Ceruledge|Bitter Blade|p1b: Delphox\n|-resisted|p1b: Delphox|1\n|-damage|p1b: Delphox|21/100\n|-heal|p2a: Ceruledge|57/100|[from] drain|[of] p1b: Delphox\n|\n|-heal|p2a: Ceruledge|63/100|[from] item: Leftovers\n|upkeep\n|turn|8\n|\n|t:|1775935281\n|move|p1b: Delphox|Psychic|p2a: Ceruledge\n|-damage|p2a: Ceruledge|1/100\n|move|p2a: Ceruledge|Bitter Blade|p1b: Delphox\n|-resisted|p1b: Delphox|1\n|-damage|p1b: Delphox|0 fnt\n|-heal|p2a: Ceruledge|12/100|[from] drain|[of] p1b: Delphox\n|faint|p1b: Delphox\n|\n|win|corek\n|raw|gallium1005's rating: 1026 &rarr; <strong>1012</strong><br />(-14 for losing)\n|raw|corek's rating: 1035 &rarr; <strong>1069</strong><br />(+34 for winning)\n|c|\u2606gallium1005|gg\n|c|\u2606corek|gg\n|l|\u2606corek\n|player|p2|\n",
  "uploadtime": 1775935299,
  "views": 19,
  "formatid": "gen9championsvgc2026regma",
  "rating": 1012,
  "private": 0,
  "password": null
}