{
  "id": "gen9championsvgc2026regma-2587699428",
  "format": "[Gen 9 Champions] VGC 2026 Reg M-A",
  "players": [
    "EmptyDeskkk",
    "NewsDeivid"
  ],
  "log": "|j|\u2606EmptyDeskkk\n|j|\u2606NewsDeivid\n|t:|1776555137\n|gametype|doubles\n|player|p1|EmptyDeskkk|n|1103\n|player|p2|NewsDeivid|102|1044\n|gen|9\n|tier|[Gen 9 Champions] VGC 2026 Reg M-A\n|rated|\n|rule|Species Clause: Limit one of each Pok\u00e9mon\n|rule|Item Clause: Limit 1 of each item\n|clearpoke\n|poke|p1|Froslass, L50, F, shiny|\n|poke|p1|Ninetales-Alola, L50, F, shiny|\n|poke|p1|Mamoswine, L50, M|\n|poke|p1|Rotom-Frost, L50|\n|poke|p1|Aerodactyl, L50, M|\n|poke|p1|Meganium, L50, F|\n|poke|p2|Floette-Eternal, L50, F, shiny|\n|poke|p2|Garchomp, L50, F|\n|poke|p2|Corviknight, L50, M, shiny|\n|poke|p2|Sneasler, L50, M|\n|poke|p2|Sinistcha-Masterpiece, L50|\n|poke|p2|Incineroar, L50, M|\n|teampreview|4\n|inactive|Battle timer is ON: inactive players will automatically lose when time's up. (requested by EmptyDeskkk)\n|\n|t:|1776555168\n|teamsize|p1|4\n|teamsize|p2|4\n|start\n|switch|p1a: Freya|Froslass, L50, F, shiny|100/100\n|switch|p1b: True Viltrumite|Aerodactyl, L50, M|100/100\n|switch|p2a: Corviknight|Corviknight, L50, M, shiny|100/100\n|switch|p2b: Incineroar|Incineroar, L50, M|100/100\n|-ability|p1b: True Viltrumite|Unnerve\n|-ability|p2b: Incineroar|Intimidate|boost\n|-unboost|p1a: Freya|atk|1\n|-unboost|p1b: True Viltrumite|atk|1\n|turn|1\n|\n|t:|1776555189\n|move|p1a: Freya|Protect|p1a: Freya\n|-singleturn|p1a: Freya|Protect\n|move|p2b: Incineroar|Fake Out|p1b: True Viltrumite\n|-resisted|p1b: True Viltrumite|1\n|-damage|p1b: True Viltrumite|92/100\n|cant|p1b: True Viltrumite|flinch\n|move|p2a: Corviknight|Iron Defense|p2a: Corviknight\n|-boost|p2a: Corviknight|def|2\n|\n|upkeep\n|turn|2\n|inactive|NewsDeivid has 30 seconds left.\n|inactive|EmptyDeskkk has 30 seconds left.\n|inactive|EmptyDeskkk has 20 seconds left.\n|-activate|p1b: True Viltrumite|item: Quick Claw\n|\n|t:|1776555233\n|detailschange|p1a: Freya|Froslass-Mega, L50, F, shiny\n|-mega|p1a: Freya|Froslass|Froslassite\n|-weather|Snowscape|[from] ability: Snow Warning|[of] p1a: Freya\n|move|p1b: True Viltrumite|Rock Slide|p2b: Incineroar|[spread] p2a\n|-miss|p1b: True Viltrumite|p2b: Incineroar\n|-damage|p2a: Corviknight|96/100\n|move|p1a: Freya|Blizzard|p2b: Incineroar|[spread] p2a,p2b\n|-resisted|p2b: Incineroar|1\n|-damage|p2a: Corviknight|50/100\n|-damage|p2b: Incineroar|81/100\n|-status|p2a: Corviknight|frz\n|-curestatus|p2a: Corviknight|frz|[msg]\n|move|p2a: Corviknight|Body Press|p1b: True Viltrumite\n|-crit|p1b: True Viltrumite\n|-damage|p1b: True Viltrumite|0 fnt\n|faint|p1b: True Viltrumite\n|move|p2b: Incineroar|Flare Blitz|p1a: Freya\n|-supereffective|p1a: Freya|1\n|-crit|p1a: Freya\n|-damage|p1a: Freya|0 fnt\n|faint|p1a: Freya\n|-damage|p2b: Incineroar|57/100|[from] Recoil\n|\n|-weather|Snowscape|[upkeep]\n|-heal|p2a: Corviknight|56/100|[from] item: Leftovers\n|upkeep\n|\n|t:|1776555256\n|switch|p1b: Byork|Rotom-Frost, L50|100/100\n|switch|p1a: Wife Beater|Mamoswine, L50, M|100/100\n|turn|3\n|\n|t:|1776555275\n|move|p2b: Incineroar|Protect|p2b: Incineroar\n|-singleturn|p2b: Incineroar|Protect\n|move|p1b: Byork|Discharge|p2b: Incineroar|[spread] p2a\n|-activate|p2b: Incineroar|move: Protect\n|-immune|p1a: Wife Beater\n|-supereffective|p2a: Corviknight|1\n|-damage|p2a: Corviknight|0 fnt\n|faint|p2a: Corviknight\n|move|p1a: Wife Beater|Earthquake|p2b: Incineroar|[spread] \n|-activate|p2b: Incineroar|move: Protect\n|-immune|p1b: Byork|[from] ability: Levitate\n|\n|-weather|Snowscape|[upkeep]\n|upkeep\n|\n|t:|1776555292\n|switch|p2a: Sneasler|Sneasler, L50, M|100/100\n|turn|4\n|\n|t:|1776555308\n|move|p2a: Sneasler|Fake Out|p1a: Wife Beater\n|-damage|p1a: Wife Beater|90/100\n|move|p1b: Byork|Discharge|p2a: Sneasler|[spread] p2a,p2b\n|-immune|p1a: Wife Beater\n|-damage|p2a: Sneasler|69/100\n|-damage|p2b: Incineroar|37/100\n|-status|p2b: Incineroar|par\n|-enditem|p2b: Incineroar|Sitrus Berry|[eat]\n|-heal|p2b: Incineroar|62/100 par|[from] item: Sitrus Berry\n|cant|p1a: Wife Beater|flinch\n|move|p2b: Incineroar|Flare Blitz|p1a: Wife Beater\n|-supereffective|p1a: Wife Beater|1\n|-damage|p1a: Wife Beater|59/100\n|-damage|p2b: Incineroar|51/100 par|[from] Recoil\n|\n|-weather|Snowscape|[upkeep]\n|-heal|p1a: Wife Beater|65/100|[from] item: Leftovers\n|upkeep\n|turn|5\n|inactive|NewsDeivid has 30 seconds left.\n|\n|t:|1776555343\n|move|p2b: Incineroar|Protect|p2b: Incineroar\n|-singleturn|p2b: Incineroar|Protect\n|move|p2a: Sneasler|Close Combat|p1b: Byork\n|-supereffective|p1b: Byork|1\n|-damage|p1b: Byork|0 fnt\n|-unboost|p2a: Sneasler|def|1\n|-unboost|p2a: Sneasler|spd|1\n|faint|p1b: Byork\n|move|p1a: Wife Beater|Earthquake|p2a: Sneasler|[spread] p2a\n|-activate|p2b: Incineroar|move: Protect\n|-supereffective|p2a: Sneasler|1\n|-crit|p2a: Sneasler\n|-damage|p2a: Sneasler|0 fnt\n|faint|p2a: Sneasler\n|\n|-weather|Snowscape|[upkeep]\n|-heal|p1a: Wife Beater|71/100|[from] item: Leftovers\n|upkeep\n|\n|t:|1776555357\n|switch|p2a: Floette|Floette-Eternal, L50, F, shiny|100/100\n|turn|6\n|\n|t:|1776555366\n|detailschange|p2a: Floette|Floette-Mega, L50, F, shiny\n|-mega|p2a: Floette|Floette|Floettite\n|-ability|p2a: Floette|Fairy Aura\n|move|p2a: Floette|Moonblast|p1a: Wife Beater\n|-damage|p1a: Wife Beater|0 fnt\n|faint|p1a: Wife Beater\n|\n|win|NewsDeivid\n|raw|EmptyDeskkk's rating: 1103 &rarr; <strong>1074</strong><br />(-29 for losing)\n|raw|NewsDeivid's rating: 1044 &rarr; <strong>1083</strong><br />(+39 for winning)\n|l|\u2606EmptyDeskkk\n|player|p1|\n",
  "uploadtime": 1776555415,
  "views": 19,
  "formatid": "gen9championsvgc2026regma",
  "rating": 1074,
  "private": 0,
  "password": null
}