{
  "id": "gen9championsvgc2026regma-2583627775",
  "format": "[Gen 9 Champions] VGC 2026 Reg M-A",
  "players": [
    "Zeedra",
    "The CGA"
  ],
  "log": "|j|\u2606Zeedra\n|j|\u2606The CGA\n|t:|1776187430\n|gametype|doubles\n|player|p1|Zeedra|pokemaniac|1052\n|player|p2|The CGA|clerk-boss|1018\n|gen|9\n|tier|[Gen 9 Champions] VGC 2026 Reg M-A\n|rated|\n|rule|Species Clause: Limit one of each Pok\u00e9mon\n|rule|Item Clause: Limit 1 of each item\n|clearpoke\n|poke|p1|Charizard, L50, M|\n|poke|p1|Venusaur, L50, M|\n|poke|p1|Rotom-Wash, L50|\n|poke|p1|Kingambit, L50, F|\n|poke|p1|Sneasler, L50, M|\n|poke|p1|Whimsicott, L50, M|\n|poke|p2|Tyranitar, L50, F|\n|poke|p2|Hippowdon, L50, M|\n|poke|p2|Aerodactyl, L50, M|\n|poke|p2|Arcanine-Hisui, L50, M|\n|poke|p2|Garchomp, L50, F|\n|poke|p2|Rotom-Mow, L50|\n|teampreview|4\n|inactive|Battle timer is ON: inactive players will automatically lose when time's up. (requested by The CGA)\nThe CGA rejected open team sheets.\n|\n|t:|1776187468\n|teamsize|p1|4\n|teamsize|p2|4\n|start\n|switch|p1a: Whimsicott|Whimsicott, L50, M|100/100\n|switch|p1b: Sneasler|Sneasler, L50, M|100/100\n|switch|p2a: Aerodactyl|Aerodactyl, L50, M|100/100\n|switch|p2b: Arcanine|Arcanine-Hisui, L50, M|100/100\n|-ability|p2a: Aerodactyl|Pressure\n|-ability|p2b: Arcanine|Intimidate|boost\n|-unboost|p1a: Whimsicott|atk|1\n|-unboost|p1b: Sneasler|atk|1\n|-enditem|p1b: Sneasler|White Herb\n|-clearnegativeboost|p1b: Sneasler|[silent]\n|turn|1\n|inactive|Zeedra has 30 seconds left.\n|inactive|The CGA has 30 seconds left.\n|inactive|Zeedra has 20 seconds left.\n|inactive|Zeedra has 15 seconds left.\n|inactive|Zeedra has 10 seconds left.\n|\n|t:|1776187515\n|move|p1b: Sneasler|Fake Out|p2b: Arcanine\n|-resisted|p2b: Arcanine|1\n|-damage|p2b: Arcanine|93/100\n|move|p1a: Whimsicott|Tailwind|p1a: Whimsicott\n|-sidestart|p1: Zeedra|move: Tailwind\n|move|p2a: Aerodactyl|Tailwind|p2a: Aerodactyl\n|-sidestart|p2: The CGA|move: Tailwind\n|cant|p2b: Arcanine|flinch\n|\n|upkeep\n|turn|2\n|inactive|The CGA has 30 seconds left.\n|\n|t:|1776187548\n|move|p2b: Arcanine|Protect|p2b: Arcanine\n|-singleturn|p2b: Arcanine|Protect\n|move|p1a: Whimsicott|Encore|p2a: Aerodactyl\n|-start|p2a: Aerodactyl|Encore\n|move|p1b: Sneasler|Close Combat|p2b: Arcanine\n|-activate|p2b: Arcanine|move: Protect\n|move|p2a: Aerodactyl|Tailwind||[still]\n|-fail|p2a: Aerodactyl\n|\n|upkeep\n|turn|3\n|c|\u2606The CGA|bruh encore 100% the gayest shit in the game\n|inactive|Zeedra has 30 seconds left.\n|inactive|The CGA has 30 seconds left.\n|\n|t:|1776187579\n|switch|p2a: Tyranitar|Tyranitar, L50, F|100/100\n|-weather|Sandstorm|[from] ability: Sand Stream|[of] p2a: Tyranitar\n|move|p1a: Whimsicott|Encore|p2b: Arcanine\n|-start|p2b: Arcanine|Encore\n|move|p2b: Arcanine|Protect||[still]\n|-fail|p2b: Arcanine\n|move|p1b: Sneasler|Close Combat|p2a: Tyranitar\n|-supereffective|p2a: Tyranitar|2\n|-damage|p2a: Tyranitar|0 fnt\n|-unboost|p1b: Sneasler|def|1\n|-unboost|p1b: Sneasler|spd|1\n|faint|p2a: Tyranitar\n|\n|-weather|Sandstorm|[upkeep]\n|-damage|p1b: Sneasler|95/100|[from] Sandstorm\n|-damage|p1a: Whimsicott|95/100|[from] Sandstorm\n|upkeep\n|c|\u2606The CGA|as i said\n|\n|t:|1776187597\n|switch|p2a: Garchomp|Garchomp, L50, F|100/100\n|turn|4\n|\n|t:|1776187605\n|detailschange|p2a: Garchomp|Garchomp-Mega, L50, F\n|-mega|p2a: Garchomp|Garchomp|Garchompite\n|move|p1b: Sneasler|Protect|p1b: Sneasler\n|-singleturn|p1b: Sneasler|Protect\n|move|p2b: Arcanine|Protect|p2b: Arcanine\n|-singleturn|p2b: Arcanine|Protect\n|move|p1a: Whimsicott|Sunny Day|p1a: Whimsicott\n|-weather|SunnyDay\n|move|p2a: Garchomp|Earthquake|p1a: Whimsicott|[spread] p1a\n|-activate|p2b: Arcanine|move: Protect\n|-activate|p1b: Sneasler|move: Protect\n|-resisted|p1a: Whimsicott|1\n|-damage|p1a: Whimsicott|72/100\n|\n|-weather|SunnyDay|[upkeep]\n|-sideend|p2: The CGA|move: Tailwind\n|-sideend|p1: Zeedra|move: Tailwind\n|upkeep\n|turn|5\n|-message|The CGA forfeited.\n|\n|win|Zeedra\n|raw|Zeedra's rating: 1052 &rarr; <strong>1081</strong><br />(+29 for winning)\n|raw|The CGA's rating: 1018 &rarr; <strong>1007</strong><br />(-11 for losing)\n|l|\u2606The CGA\n|player|p2|\n",
  "uploadtime": 1776187566,
  "views": 13,
  "formatid": "gen9championsvgc2026regma",
  "rating": 1007,
  "private": 0,
  "password": null
}