{
  "id": "gen9championsvgc2026regma-2588768959",
  "format": "[Gen 9 Champions] VGC 2026 Reg M-A",
  "players": [
    "martisparkles",
    "Ammo78"
  ],
  "log": "|j|\u2606martisparkles\n|j|\u2606Ammo78\n|t:|1776668367\n|gametype|doubles\n|player|p1|martisparkles|lyra|1031\n|player|p2|Ammo78|102|1000\n|gen|9\n|tier|[Gen 9 Champions] VGC 2026 Reg M-A\n|rated|\n|rule|Species Clause: Limit one of each Pok\u00e9mon\n|rule|Item Clause: Limit 1 of each item\n|clearpoke\n|poke|p1|Delphox, L50, M|\n|poke|p1|Basculegion, L50, M|\n|poke|p1|Clefable, L50, M|\n|poke|p1|Kingambit, L50, M|\n|poke|p1|Dragonite, L50, F|\n|poke|p1|Sneasler, L50, F|\n|poke|p2|Decidueye, L50, M|\n|poke|p2|Feraligatr, L50, M|\n|poke|p2|Incineroar, L50, M|\n|poke|p2|Hatterene, L50, F|\n|poke|p2|Ampharos, L50, M|\n|poke|p2|Aegislash, L50, F|\n|teampreview|4\n|\n|t:|1776668389\n|teamsize|p1|4\n|teamsize|p2|4\n|start\n|switch|p1a: Basculegion|Basculegion, L50, M|100/100\n|switch|p1b: Delphox|Delphox, L50, M|100/100\n|switch|p2a: Incineroar|Incineroar, L50, M|100/100\n|switch|p2b: Hatterene|Hatterene, L50, F|100/100\n|-ability|p2a: Incineroar|Intimidate|boost\n|-unboost|p1a: Basculegion|atk|1\n|-unboost|p1b: Delphox|atk|1\n|turn|1\n|\n|t:|1776668416\n|detailschange|p1b: Delphox|Delphox-Mega, L50, M\n|-mega|p1b: Delphox|Delphox|Delphoxite\n|move|p2a: Incineroar|Fake Out|p1a: Basculegion\n|-immune|p1a: Basculegion\n|move|p1b: Delphox|Substitute|p1b: Delphox\n|-start|p1b: Delphox|Substitute\n|-damage|p1b: Delphox|76/100\n|move|p1a: Basculegion|Flip Turn|p2a: Incineroar\n|-supereffective|p2a: Incineroar|1\n|-damage|p2a: Incineroar|52/100\n|\n|t:|1776668427\n|switch|p1a: Sneasler|Sneasler, L50, F|100/100|[from] Flip Turn\n|move|p2b: Hatterene|Trick Room|p2b: Hatterene\n|-fieldstart|move: Trick Room|[of] p2b: Hatterene\n|\n|upkeep\n|turn|2\n|\n|t:|1776668448\n|move|p1a: Sneasler|Fake Out|p2a: Incineroar\n|-damage|p2a: Incineroar|40/100\n|-enditem|p2a: Incineroar|Sitrus Berry|[eat]\n|-heal|p2a: Incineroar|65/100|[from] item: Sitrus Berry\n|move|p2b: Hatterene|Psychic Noise|p1a: Sneasler\n|-supereffective|p1a: Sneasler|2\n|-enditem|p1a: Sneasler|Focus Sash\n|-damage|p1a: Sneasler|1/100\n|-start|p1a: Sneasler|move: Heal Block\n|cant|p2a: Incineroar|flinch\n|move|p1b: Delphox|Heat Wave|p2b: Hatterene|[spread] p2a,p2b\n|-resisted|p2a: Incineroar|1\n|-damage|p2a: Incineroar|49/100\n|-damage|p2b: Hatterene|53/100\n|\n|-heal|p2b: Hatterene|59/100|[from] item: Leftovers\n|upkeep\n|turn|3\n|\n|t:|1776668478\n|move|p2b: Hatterene|Protect|p2b: Hatterene\n|-singleturn|p2b: Hatterene|Protect\n|move|p1b: Delphox|Protect|p1b: Delphox\n|-singleturn|p1b: Delphox|Protect\n|move|p1a: Sneasler|Protect|p1a: Sneasler\n|-singleturn|p1a: Sneasler|Protect\n|move|p2a: Incineroar|Parting Shot|p1b: Delphox\n|-activate|p1b: Delphox|move: Protect\n|\n|-heal|p2b: Hatterene|65/100|[from] item: Leftovers\n|-end|p1a: Sneasler|move: Heal Block\n|upkeep\n|turn|4\n|\n|t:|1776668504\n|move|p2b: Hatterene|Dazzling Gleam|p1b: Delphox|[spread] p1a,p1b\n|-resisted|p1b: Delphox|1\n|-activate|p1b: Delphox|move: Substitute|[damage]\n|-damage|p1a: Sneasler|0 fnt\n|faint|p1a: Sneasler\n|move|p2a: Incineroar|Parting Shot|p1b: Delphox\n|-unboost|p1b: Delphox|atk|1\n|-unboost|p1b: Delphox|spa|1\n|\n|t:|1776668517\n|switch|p2a: Aegislash|Aegislash, L50, F|100/100|[from] Parting Shot\n|move|p1b: Delphox|Heat Wave|p2b: Hatterene|[spread] p2a,p2b\n|-supereffective|p2a: Aegislash|1\n|-damage|p2a: Aegislash|54/100\n|-damage|p2b: Hatterene|34/100\n|\n|-heal|p2b: Hatterene|40/100|[from] item: Leftovers\n|upkeep\n|\n|t:|1776668530\n|switch|p1a: Kingambit|Kingambit, L50, M|100/100\n|turn|5\n|\n|t:|1776668540\n|switch|p2b: Ampharos|Ampharos, L50, M|100/100\n|move|p2a: Aegislash|Wide Guard|p2a: Aegislash\n|-singleturn|p2a: Aegislash|Wide Guard\n|move|p1a: Kingambit|Swords Dance|p1a: Kingambit\n|-boost|p1a: Kingambit|atk|2\n|move|p1b: Delphox|Heat Wave|p2b: Ampharos|[spread] \n|-activate|p2a: Aegislash|move: Wide Guard\n|-activate|p2b: Ampharos|move: Wide Guard\n|\n|-fieldend|move: Trick Room\n|upkeep\n|turn|6\n|\n|t:|1776668587\n|switch|p2a: Hatterene|Hatterene, L50, F|40/100\n|move|p1b: Delphox|Psychic|p2b: Ampharos\n|-damage|p2b: Ampharos|61/100\n|move|p1a: Kingambit|Kowtow Cleave|p2a: Hatterene\n|-crit|p2a: Hatterene\n|-damage|p2a: Hatterene|0 fnt\n|faint|p2a: Hatterene\n|move|p2b: Ampharos|Focus Blast|p1a: Kingambit\n|-supereffective|p1a: Kingambit|2\n|-crit|p1a: Kingambit\n|-damage|p1a: Kingambit|0 fnt\n|faint|p1a: Kingambit\n|\n|upkeep\n|\n|t:|1776668604\n|switch|p1a: Basculegion|Basculegion, L50, M|100/100\n|switch|p2a: Aegislash|Aegislash, L50, F|54/100\n|turn|7\n|\n|t:|1776668620\n|move|p2a: Aegislash|King's Shield|p2a: Aegislash\n|-singleturn|p2a: Aegislash|Protect\n|move|p1b: Delphox|Psychic|p2b: Ampharos\n|-damage|p2b: Ampharos|24/100\n|-unboost|p2b: Ampharos|spd|1\n|move|p1a: Basculegion|Last Respects|p2a: Aegislash\n|-activate|p2a: Aegislash|move: Protect\n|move|p2b: Ampharos|Thunderbolt|p1a: Basculegion\n|-supereffective|p1a: Basculegion|1\n|-damage|p1a: Basculegion|0 fnt\n|faint|p1a: Basculegion\n|\n|upkeep\n|turn|8\n|\n|t:|1776668644\n|switch|p2b: Incineroar|Incineroar, L50, M|49/100\n|-ability|p2b: Incineroar|Intimidate|boost\n|-immune|p1b: Delphox\n|move|p1b: Delphox|Psychic|p2b: Incineroar\n|-immune|p2b: Incineroar\n|-formechange|p2a: Aegislash|Aegislash-Blade|\n|move|p2a: Aegislash|Shadow Ball|p1b: Delphox\n|-supereffective|p1b: Delphox|1\n|-end|p1b: Delphox|Substitute\n|\n|upkeep\n|turn|9\n|\n|t:|1776668678\n|move|p1b: Delphox|Protect|p1b: Delphox\n|-singleturn|p1b: Delphox|Protect\n|move|p2b: Incineroar|Fake Out|p1b: Delphox\n|-activate|p1b: Delphox|move: Protect\n|move|p2a: Aegislash|Shadow Ball|p1b: Delphox\n|-activate|p1b: Delphox|move: Protect\n|\n|upkeep\n|turn|10\n|\n|t:|1776668695\n|move|p2a: Aegislash|Wide Guard|p2a: Aegislash\n|-singleturn|p2a: Aegislash|Wide Guard\n|move|p1b: Delphox|Heat Wave|p2b: Incineroar|[spread] \n|-activate|p2a: Aegislash|move: Wide Guard\n|-activate|p2b: Incineroar|move: Wide Guard\n|move|p2b: Incineroar|Parting Shot|p1b: Delphox\n|-unboost|p1b: Delphox|atk|1\n|-unboost|p1b: Delphox|spa|1\n|\n|t:|1776668705\n|switch|p2b: Ampharos|Ampharos, L50, M|24/100|[from] Parting Shot\n|\n|upkeep\n|turn|11\n|\n|t:|1776668727\n|detailschange|p2b: Ampharos|Ampharos-Mega, L50, M\n|-mega|p2b: Ampharos|Ampharos|Ampharosite\n|-ability|p2b: Ampharos|Mold Breaker\n|move|p1b: Delphox|Protect|p1b: Delphox\n|-singleturn|p1b: Delphox|Protect\n|move|p2a: Aegislash|Shadow Ball|p1b: Delphox\n|-activate|p1b: Delphox|move: Protect\n|move|p2b: Ampharos|Power Gem|p1b: Delphox\n|-activate|p1b: Delphox|move: Protect\n|\n|upkeep\n|turn|12\n|\n|t:|1776668753\n|move|p1b: Delphox|Psychic|p2b: Ampharos\n|-damage|p2b: Ampharos|0 fnt\n|faint|p2b: Ampharos\n|move|p2a: Aegislash|Shadow Ball|p1b: Delphox\n|-supereffective|p1b: Delphox|1\n|-damage|p1b: Delphox|0 fnt\n|faint|p1b: Delphox\n|\n|win|Ammo78\n|raw|martisparkles's rating: 1031 &rarr; <strong>1015</strong><br />(-16 for losing)\n|raw|Ammo78's rating: 1000 &rarr; <strong>1044</strong><br />(+44 for winning)\n|l|\u2606martisparkles\n|player|p1|\n",
  "uploadtime": 1776669083,
  "views": 16,
  "formatid": "gen9championsvgc2026regma",
  "rating": 1015,
  "private": 0,
  "password": null
}