{
  "id": "gen9championsvgc2026regma-2580466116",
  "format": "[Gen 9 Champions] VGC 2026 Reg M-A",
  "players": [
    "Braute",
    "Aylylek"
  ],
  "log": "|j|\u2606Braute\n|j|\u2606Aylylek\n|t:|1775900743\n|gametype|doubles\n|player|p1|Braute|miku-fire|1021\n|player|p2|Aylylek|1|1021\n|gen|9\n|tier|[Gen 9 Champions] VGC 2026 Reg M-A\n|rated|\n|rule|Species Clause: Limit one of each Pok\u00e9mon\n|rule|Item Clause: Limit 1 of each item\n|clearpoke\n|poke|p1|Beedrill, L50, F|\n|poke|p1|Dragapult, L50, M|\n|poke|p1|Arcanine-Hisui, L50, F|\n|poke|p1|Sinistcha, L50|\n|poke|p1|Talonflame, L50, F|\n|poke|p1|Basculegion, L50, M|\n|poke|p2|Delphox, L50, M|\n|poke|p2|Clefable, L50, M|\n|poke|p2|Kingambit, L50, M|\n|poke|p2|Sneasler, L50, F|\n|poke|p2|Dragonite, L50, M|\n|poke|p2|Basculegion, L50, M|\n|teampreview|4\n|inactive|Battle timer is ON: inactive players will automatically lose when time's up. (requested by Braute)\n|inactive|Aylylek has 60 seconds left.\n|\n|t:|1775900777\n|teamsize|p1|4\n|teamsize|p2|4\n|start\n|switch|p1a: Beedrill|Beedrill, L50, F, shiny|100/100\n|switch|p1b: Talonflame|Talonflame, L50, F|100/100\n|switch|p2a: Sneasler|Sneasler, L50, F|100/100\n|switch|p2b: Clefable|Clefable, L50, M|100/100\n|turn|1\n|\n|t:|1775900794\n|detailschange|p1a: Beedrill|Beedrill-Mega, L50, F, shiny\n|-mega|p1a: Beedrill|Beedrill|Beedrillite\n|move|p2a: Sneasler|Fake Out|p1b: Talonflame\n|-damage|p1b: Talonflame|80/100\n|move|p2b: Clefable|Follow Me|p2b: Clefable\n|-singleturn|p2b: Clefable|move: Follow Me\n|move|p1a: Beedrill|Poison Jab|p2b: Clefable\n|-supereffective|p2b: Clefable|1\n|-damage|p2b: Clefable|0 fnt\n|faint|p2b: Clefable\n|cant|p1b: Talonflame|flinch\n|\n|upkeep\n|\n|t:|1775900804\n|switch|p2b: Delphox|Delphox, L50, M|100/100\n|turn|2\n|\n|t:|1775900818\n|detailschange|p2b: Delphox|Delphox-Mega, L50, M\n|-mega|p2b: Delphox|Delphox|Delphoxite\n|move|p2b: Delphox|Psychic|p1a: Beedrill\n|-supereffective|p1a: Beedrill|1\n|-damage|p1a: Beedrill|0 fnt\n|faint|p1a: Beedrill\n|move|p1b: Talonflame|Dual Wingbeat|p2a: Sneasler\n|-supereffective|p2a: Sneasler|1\n|-damage|p2a: Sneasler|39/100\n|-supereffective|p2a: Sneasler|1\n|-damage|p2a: Sneasler|0 fnt\n|faint|p2a: Sneasler\n|-hitcount|p2: Sneasler|2\n|\n|upkeep\n|\n|t:|1775900832\n|switch|p1a: Arcanine|Arcanine-Hisui, L50, F|100/100\n|switch|p2a: Basculegion|Basculegion, L50, M, shiny|100/100\n|-ability|p1a: Arcanine|Intimidate|boost\n|-unboost|p2a: Basculegion|atk|1\n|-unboost|p2b: Delphox|atk|1\n|turn|3\n|\n|t:|1775900856\n|switch|p1a: Sinistcha|Sinistcha, L50|100/100\n|-heal|p1b: Talonflame|100/100|[from] ability: Hospitality|[of] p1a: Sinistcha\n|move|p1b: Talonflame|Protect|p1b: Talonflame\n|-singleturn|p1b: Talonflame|Protect\n|move|p2b: Delphox|Psychic|p1a: Sinistcha\n|-damage|p1a: Sinistcha|49/100\n|-enditem|p1a: Sinistcha|Sitrus Berry|[eat]\n|-heal|p1a: Sinistcha|74/100|[from] item: Sitrus Berry\n|move|p2a: Basculegion|Wave Crash|p1b: Talonflame\n|-activate|p1b: Talonflame|move: Protect\n|\n|upkeep\n|turn|4\n|\n|t:|1775900881\n|move|p1b: Talonflame|Tailwind|p1b: Talonflame\n|-sidestart|p1: Braute|move: Tailwind\n|move|p2b: Delphox|Heat Wave|p1a: Sinistcha|[spread] p1a,p1b\n|-supereffective|p1a: Sinistcha|1\n|-resisted|p1b: Talonflame|1\n|-damage|p1a: Sinistcha|0 fnt\n|-damage|p1b: Talonflame|67/100\n|faint|p1a: Sinistcha\n|move|p2a: Basculegion|Wave Crash|p1b: Talonflame\n|-supereffective|p1b: Talonflame|1\n|-damage|p1b: Talonflame|0 fnt\n|faint|p1b: Talonflame\n|-damage|p2a: Basculegion|84/100|[from] Recoil\n|\n|upkeep\n|\n|t:|1775900886\n|switch|p1b: Arcanine|Arcanine-Hisui, L50, F|100/100\n|-ability|p1b: Arcanine|Intimidate|boost\n|-unboost|p2a: Basculegion|atk|1\n|-unboost|p2b: Delphox|atk|1\n|turn|5\n|\n|t:|1775900897\n|move|p1b: Arcanine|Head Smash|p2a: Basculegion\n|-damage|p2a: Basculegion|0 fnt\n|faint|p2a: Basculegion\n|-damage|p1b: Arcanine|53/100|[from] Recoil\n|move|p2b: Delphox|Psychic|p1b: Arcanine\n|-damage|p1b: Arcanine|0 fnt\n|faint|p1b: Arcanine\n|\n|win|Aylylek\n|raw|Braute's rating: 1021 &rarr; <strong>1008</strong><br />(-13 for losing)\n|raw|Aylylek's rating: 1021 &rarr; <strong>1058</strong><br />(+37 for winning)\n",
  "uploadtime": 1775900897,
  "views": 13,
  "formatid": "gen9championsvgc2026regma",
  "rating": 1008,
  "private": 0,
  "password": null
}