{
  "id": "gen9championsvgc2026regma-2582538185",
  "format": "[Gen 9 Champions] VGC 2026 Reg M-A",
  "players": [
    "Isidino",
    "gewgywyewyewy"
  ],
  "log": "|j|\u2606Isidino\n|j|\u2606gewgywyewyewy\n|t:|1776098044\n|gametype|doubles\n|player|p1|Isidino|102|1072\n|player|p2|gewgywyewyewy|1|1000\n|gen|9\n|tier|[Gen 9 Champions] VGC 2026 Reg M-A\n|rated|\n|rule|Species Clause: Limit one of each Pok\u00e9mon\n|rule|Item Clause: Limit 1 of each item\n|clearpoke\n|poke|p1|Pelipper, L50, M|\n|poke|p1|Basculegion-F, L50, F|\n|poke|p1|Starmie, L50|\n|poke|p1|Dragonite, L50, M|\n|poke|p1|Archaludon, L50, M|\n|poke|p1|Sneasler, L50, M|\n|poke|p2|Venusaur, L50, F|\n|poke|p2|Incineroar, L50, M|\n|poke|p2|Toxapex, L50, M|\n|poke|p2|Mimikyu, L50, F|\n|teampreview|4\n|inactive|Battle timer is ON: inactive players will automatically lose when time's up. (requested by Isidino)\n|inactive|Isidino has 60 seconds left.\n|inactive|Isidino has 30 seconds left.\n|\n|t:|1776098110\n|teamsize|p1|4\n|teamsize|p2|4\n|start\n|switch|p1a: Basculegion|Basculegion-F, L50, F, shiny|100/100\n|switch|p1b: Sneasler|Sneasler, L50, M|100/100\n|switch|p2a: Incineroar|Incineroar, L50, M|100/100\n|switch|p2b: Mimikyu|Mimikyu, L50, F|100/100\n|-ability|p2a: Incineroar|Intimidate|boost\n|-unboost|p1a: Basculegion|atk|1\n|-unboost|p1b: Sneasler|atk|1\n|-enditem|p1b: Sneasler|White Herb\n|-clearnegativeboost|p1b: Sneasler|[silent]\n|turn|1\n|\n|t:|1776098134\n|move|p2a: Incineroar|Fake Out|p1b: Sneasler\n|-damage|p1b: Sneasler|82/100\n|move|p2b: Mimikyu|Shadow Sneak|p1a: Basculegion\n|-supereffective|p1a: Basculegion|1\n|-damage|p1a: Basculegion|54/100\n|cant|p1b: Sneasler|flinch\n|move|p1a: Basculegion|Muddy Water|p2b: Mimikyu|[spread] p2a,p2b\n|-supereffective|p2a: Incineroar|1\n|-damage|p2a: Incineroar|39/100\n|-activate|p2b: Mimikyu|ability: Disguise\n|-damage|p2b: Mimikyu|100/100\n|detailschange|p2b: Mimikyu|Mimikyu-Busted, L50, F\n|-damage|p2b: Mimikyu|88/100|[from] pokemon: Mimikyu-Busted\n|\n|upkeep\n|turn|2\n|\n|t:|1776098152\n|move|p2a: Incineroar|Protect|p2a: Incineroar\n|-singleturn|p2a: Incineroar|Protect\n|move|p2b: Mimikyu|Shadow Sneak|p1a: Basculegion\n|-supereffective|p1a: Basculegion|1\n|-damage|p1a: Basculegion|14/100\n|move|p1b: Sneasler|Dire Claw|p2b: Mimikyu\n|-damage|p2b: Mimikyu|26/100\n|move|p1a: Basculegion|Muddy Water|p2a: Incineroar|[spread] p2b\n|-activate|p2a: Incineroar|move: Protect\n|-damage|p2b: Mimikyu|0 fnt\n|faint|p2b: Mimikyu\n|\n|upkeep\n|\n|t:|1776098164\n|switch|p2b: Toxapex|Toxapex, L50, M|100/100\n|turn|3\n|\n|t:|1776098178\n|switch|p2a: Venusaur|Venusaur, L50, F|100/100\n|move|p2b: Toxapex|Wide Guard|p2b: Toxapex\n|-singleturn|p2b: Toxapex|Wide Guard\n|move|p1b: Sneasler|Close Combat|p2a: Venusaur\n|-resisted|p2a: Venusaur|1\n|-damage|p2a: Venusaur|67/100\n|-unboost|p1b: Sneasler|def|1\n|-unboost|p1b: Sneasler|spd|1\n|move|p1a: Basculegion|Icy Wind|p2b: Toxapex|[spread] \n|-activate|p2a: Venusaur|move: Wide Guard\n|-activate|p2b: Toxapex|move: Wide Guard\n|\n|upkeep\n|turn|4\n|\n|t:|1776098199\n|switch|p1b: Pelipper|Pelipper, L50, M|100/100\n|-weather|RainDance|[from] ability: Drizzle|[of] p1b: Pelipper\n|detailschange|p2a: Venusaur|Venusaur-Mega, L50, F\n|-mega|p2a: Venusaur|Venusaur|Venusaurite\n|move|p2b: Toxapex|Baneful Bunker|p2b: Toxapex\n|-singleturn|p2b: Toxapex|move: Protect\n|move|p1a: Basculegion|Shadow Ball|p2a: Venusaur\n|-damage|p2a: Venusaur|31/100\n|-unboost|p2a: Venusaur|spd|1\n|move|p2a: Venusaur|Leech Seed|p1b: Pelipper\n|-start|p1b: Pelipper|move: Leech Seed\n|\n|-weather|RainDance|[upkeep]\n|-damage|p1b: Pelipper|88/100|[from] Leech Seed|[of] p2a: Venusaur\n|-heal|p2a: Venusaur|42/100|[silent]\n|upkeep\n|turn|5\n|\n|t:|1776098224\n|move|p2a: Venusaur|Protect|p2a: Venusaur\n|-singleturn|p2a: Venusaur|Protect\n|move|p1a: Basculegion|Shadow Ball|p2a: Venusaur\n|-activate|p2a: Venusaur|move: Protect\n|move|p1b: Pelipper|Tailwind|p1b: Pelipper\n|-sidestart|p1: Isidino|move: Tailwind\n|move|p2b: Toxapex|Chilling Water|p1a: Basculegion\n|-resisted|p1a: Basculegion|1\n|-damage|p1a: Basculegion|6/100\n|-unboost|p1a: Basculegion|atk|1\n|\n|-weather|RainDance|[upkeep]\n|-damage|p1b: Pelipper|76/100|[from] Leech Seed|[of] p2a: Venusaur\n|-heal|p2a: Venusaur|53/100|[silent]\n|upkeep\n|turn|6\n|\n|t:|1776098241\n|move|p2b: Toxapex|Baneful Bunker|p2b: Toxapex\n|-singleturn|p2b: Toxapex|move: Protect\n|move|p1a: Basculegion|Shadow Ball|p2b: Toxapex\n|-activate|p2b: Toxapex|move: Protect\n|move|p1b: Pelipper|Hurricane|p2a: Venusaur\n|-supereffective|p2a: Venusaur|1\n|-crit|p2a: Venusaur\n|-damage|p2a: Venusaur|0 fnt\n|faint|p2a: Venusaur\n|\n|-weather|RainDance|[upkeep]\n|upkeep\n|\n|t:|1776098249\n|switch|p2a: Incineroar|Incineroar, L50, M|39/100\n|-ability|p2a: Incineroar|Intimidate|boost\n|-unboost|p1a: Basculegion|atk|1\n|-unboost|p1b: Pelipper|atk|1\n|turn|7\n|\n|t:|1776098265\n|move|p2a: Incineroar|Fake Out|p1b: Pelipper\n|-damage|p1b: Pelipper|60/100\n|move|p1a: Basculegion|Chilling Water|p2a: Incineroar\n|-supereffective|p2a: Incineroar|1\n|-damage|p2a: Incineroar|0 fnt\n|faint|p2a: Incineroar\n|cant|p1b: Pelipper|flinch\n|move|p2b: Toxapex|Chilling Water|p1b: Pelipper\n|-resisted|p1b: Pelipper|1\n|-damage|p1b: Pelipper|46/100\n|-unboost|p1b: Pelipper|atk|1\n|\n|-weather|RainDance|[upkeep]\n|upkeep\n|turn|8\n|-message|gewgywyewyewy forfeited.\n|\n|win|Isidino\n|raw|Isidino's rating: 1072 &rarr; <strong>1095</strong><br />(+23 for winning)\n|raw|gewgywyewyewy's rating: 1000 &rarr; <strong>1000</strong><br />(+0 for losing)\n|l|\u2606gewgywyewyewy\n|player|p2|\n",
  "uploadtime": 1776098281,
  "views": 16,
  "formatid": "gen9championsvgc2026regma",
  "rating": 1000,
  "private": 0,
  "password": null
}