{
  "id": "gen9championsvgc2026regma-2588827514",
  "format": "[Gen 9 Champions] VGC 2026 Reg M-A",
  "players": [
    "bbob9b99b",
    "Melonboi456"
  ],
  "log": "|j|\u2606bbob9b99b\n|j|\u2606Melonboi456\n|t:|1776675735\n|gametype|doubles\n|player|p1|bbob9b99b|169|1080\n|player|p2|Melonboi456|265|1083\n|gen|9\n|tier|[Gen 9 Champions] VGC 2026 Reg M-A\n|rated|\n|rule|Species Clause: Limit one of each Pok\u00e9mon\n|rule|Item Clause: Limit 1 of each item\n|clearpoke\n|poke|p1|Meganium, L50, M|\n|poke|p1|Archaludon, L50, M|\n|poke|p1|Aerodactyl, L50, M|\n|poke|p1|Typhlosion-Hisui, L50, M|\n|poke|p1|Tauros-Paldea-Aqua, L50, M|\n|poke|p1|Kangaskhan, L50, F|\n|poke|p2|Charizard, L50, F, shiny|\n|poke|p2|Venusaur, L50, F|\n|poke|p2|Incineroar, L50, F|\n|poke|p2|Orthworm, L50, M|\n|poke|p2|Garchomp, L50, M|\n|poke|p2|Gallade, L50, M|\n|teampreview|4\nMelonboi456 rejected open team sheets.\n|inactive|Battle timer is ON: inactive players will automatically lose when time's up. (requested by Melonboi456)\n|c|\u2606Melonboi456|a wolfe team?\n|c|\u2606Melonboi456|Really?\n|c|\u2606Melonboi456|u aint wolfe lil bro\n|inactive|bbob9b99b has 60 seconds left.\n|\n|t:|1776675824\n|teamsize|p1|4\n|teamsize|p2|4\n|start\n|switch|p1a: Kangaskhan|Kangaskhan, L50, F|100/100\n|switch|p1b: Aerodactyl|Aerodactyl, L50, M|100/100\n|switch|p2a: Orthworm|Orthworm, L50, M|100/100\n|switch|p2b: Garchomp|Garchomp, L50, M|100/100\n|-ability|p1b: Aerodactyl|Unnerve\n|turn|1\n|inactive|bbob9b99b has 30 seconds left.\n|inactive|bbob9b99b has 20 seconds left.\n|\n|t:|1776675859\n|detailschange|p1a: Kangaskhan|Kangaskhan-Mega, L50, F\n|-mega|p1a: Kangaskhan|Kangaskhan|Kangaskhanite\n|move|p1a: Kangaskhan|Fake Out|p2b: Garchomp\n|-damage|p2b: Garchomp|78/100\n|-damage|p1a: Kangaskhan|88/100|[from] ability: Rough Skin|[of] p2b: Garchomp\n|-damage|p2b: Garchomp|71/100\n|-damage|p1a: Kangaskhan|76/100|[from] ability: Rough Skin|[of] p2b: Garchomp\n|-hitcount|p2b: Garchomp|2\n|move|p1b: Aerodactyl|Tailwind|p1b: Aerodactyl\n|-sidestart|p1: bbob9b99b|move: Tailwind\n|cant|p2b: Garchomp|flinch\n|move|p2a: Orthworm|Iron Defense|p2a: Orthworm\n|-boost|p2a: Orthworm|def|2\n|\n|upkeep\n|turn|2\n|inactive|bbob9b99b has 30 seconds left.\n|inactive|bbob9b99b has 20 seconds left.\n|\n|t:|1776675896\n|move|p1b: Aerodactyl|Protect|p1b: Aerodactyl\n|-singleturn|p1b: Aerodactyl|Protect\n|move|p1a: Kangaskhan|Low Kick|p2a: Orthworm\n|-supereffective|p2a: Orthworm|1\n|-damage|p2a: Orthworm|68/100\n|-supereffective|p2a: Orthworm|1\n|-damage|p2a: Orthworm|61/100\n|-hitcount|p2a: Orthworm|2\n|move|p2b: Garchomp|Earthquake|p1b: Aerodactyl|[spread] p1a\n|-activate|p1b: Aerodactyl|move: Protect\n|-heal|p2a: Orthworm|86/100|[from] ability: Earth Eater|[of] p2b: Garchomp\n|-damage|p1a: Kangaskhan|40/100\n|move|p2a: Orthworm|Iron Defense|p2a: Orthworm\n|-boost|p2a: Orthworm|def|2\n|\n|upkeep\n|turn|3\n|\n|t:|1776675920\n|move|p1b: Aerodactyl|Dual Wingbeat|p2b: Garchomp\n|-damage|p2b: Garchomp|51/100\n|-damage|p1b: Aerodactyl|88/100|[from] ability: Rough Skin|[of] p2b: Garchomp\n|-damage|p2b: Garchomp|31/100\n|-damage|p1b: Aerodactyl|76/100|[from] ability: Rough Skin|[of] p2b: Garchomp\n|-hitcount|p2b: Garchomp|2\n|move|p1a: Kangaskhan|Double-Edge|p2b: Garchomp\n|-damage|p2b: Garchomp|0 fnt\n|-damage|p1a: Kangaskhan|27/100|[from] ability: Rough Skin|[of] p2b: Garchomp\n|faint|p2b: Garchomp\n|-hitcount|p2: Garchomp|1\n|-damage|p1a: Kangaskhan|18/100|[from] Recoil\n|move|p2a: Orthworm|Body Press|p1a: Kangaskhan\n|-supereffective|p1a: Kangaskhan|1\n|-damage|p1a: Kangaskhan|0 fnt\n|faint|p1a: Kangaskhan\n|\n|upkeep\n|\n|t:|1776675937\n|switch|p2b: Charizard|Charizard, L50, F, shiny|100/100\n|switch|p1a: Tauros|Tauros-Paldea-Aqua, L50, M|100/100\n|-ability|p1a: Tauros|Intimidate|boost\n|-unboost|p2a: Orthworm|atk|1\n|-unboost|p2b: Charizard|atk|1\n|turn|4\n|\n|t:|1776675953\n|move|p2b: Charizard|Protect|p2b: Charizard\n|-singleturn|p2b: Charizard|Protect\n|move|p1b: Aerodactyl|Rock Slide|p2b: Charizard|[spread] p2a\n|-activate|p2b: Charizard|move: Protect\n|-resisted|p2a: Orthworm|1\n|-damage|p2a: Orthworm|83/100\n|move|p1a: Tauros|Close Combat|p2a: Orthworm\n|-supereffective|p2a: Orthworm|1\n|-damage|p2a: Orthworm|53/100\n|-unboost|p1a: Tauros|def|1\n|-unboost|p1a: Tauros|spd|1\n|-enditem|p1a: Tauros|White Herb\n|-clearnegativeboost|p1a: Tauros|[silent]\n|cant|p2a: Orthworm|flinch\n|\n|-sideend|p1: bbob9b99b|move: Tailwind\n|upkeep\n|turn|5\n|inactive|bbob9b99b has 30 seconds left.\n|\n|t:|1776675980\n|detailschange|p2b: Charizard|Charizard-Mega-Y, L50, F, shiny\n|-mega|p2b: Charizard|Charizard|Charizardite Y\n|-weather|SunnyDay|[from] ability: Drought|[of] p2b: Charizard\n|move|p1b: Aerodactyl|Rock Slide|p2b: Charizard|[spread] p2a,p2b\n|-resisted|p2a: Orthworm|1\n|-supereffective|p2b: Charizard|2\n|-damage|p2a: Orthworm|50/100\n|-damage|p2b: Charizard|0 fnt\n|faint|p2b: Charizard\n|move|p1a: Tauros|Close Combat|p2a: Orthworm\n|-supereffective|p2a: Orthworm|1\n|-damage|p2a: Orthworm|20/100\n|-unboost|p1a: Tauros|def|1\n|-unboost|p1a: Tauros|spd|1\n|move|p2a: Orthworm|Shed Tail|p2a: Orthworm\n|-fail|p2a: Orthworm|move: Shed Tail|[weak]\n|\n|-weather|SunnyDay|[upkeep]\n|upkeep\n|\n|t:|1776675995\n|switch|p2b: Venusaur|Venusaur, L50, F|100/100\n|turn|6\n|\n|t:|1776676017\n|move|p1a: Tauros|Protect|p1a: Tauros\n|-singleturn|p1a: Tauros|Protect\n|move|p2b: Venusaur|Solar Beam||[still]\n|-prepare|p2b: Venusaur|Solar Beam\n|-anim|p2b: Venusaur|Solar Beam|p1a: Tauros\n|-activate|p1a: Tauros|move: Protect\n|move|p1b: Aerodactyl|Tailwind|p1b: Aerodactyl\n|-sidestart|p1: bbob9b99b|move: Tailwind\n|move|p2a: Orthworm|Body Press|p1b: Aerodactyl\n|-damage|p1b: Aerodactyl|0 fnt\n|-enditem|p2a: Orthworm|Sitrus Berry|[eat]\n|-heal|p2a: Orthworm|45/100|[from] item: Sitrus Berry\n|faint|p1b: Aerodactyl\n|\n|-weather|SunnyDay|[upkeep]\n|upkeep\n|-message|Melonboi456 forfeited.\n|\n|win|bbob9b99b\n|raw|bbob9b99b's rating: 1080 &rarr; <strong>1108</strong><br />(+28 for winning)\n|raw|Melonboi456's rating: 1083 &rarr; <strong>1060</strong><br />(-23 for losing)\n|l|\u2606Melonboi456\n|player|p2|\n",
  "uploadtime": 1776676032,
  "views": 15,
  "formatid": "gen9championsvgc2026regma",
  "rating": 1060,
  "private": 0,
  "password": null
}