{
  "id": "gen9championsvgc2026regma-2582310407",
  "format": "[Gen 9 Champions] VGC 2026 Reg M-A",
  "players": [
    "Dizzly02",
    "anez0410"
  ],
  "log": "|j|\u2606Dizzly02\n|j|\u2606anez0410\n|t:|1776082172\n|gametype|doubles\n|player|p1|Dizzly02|ethan|1000\n|player|p2|anez0410|pokemaniac|1008\n|gen|9\n|tier|[Gen 9 Champions] VGC 2026 Reg M-A\n|rated|\n|rule|Species Clause: Limit one of each Pok\u00e9mon\n|rule|Item Clause: Limit 1 of each item\n|clearpoke\n|poke|p1|Camerupt, L50, M|\n|poke|p1|Typhlosion, L50, F|\n|poke|p1|Farigiraf, L50, M|\n|poke|p1|Snorlax, L50, M|\n|poke|p1|Venusaur, L50, M|\n|poke|p1|Golurk, L50|\n|poke|p2|Feraligatr, L50, F|\n|poke|p2|Scizor, L50, M|\n|poke|p2|Raichu, L50, F|\n|poke|p2|Farigiraf, L50, F|\n|poke|p2|Altaria, L50, M|\n|poke|p2|Clefable, L50, M|\n|teampreview|4\nDizzly02 has agreed to open team sheets.\n|\n|t:|1776082203\n|teamsize|p1|4\n|teamsize|p2|4\n|start\n|switch|p1a: Camerupt|Camerupt, L50, M|100/100\n|switch|p1b: Farigiraf|Farigiraf, L50, M|100/100\n|switch|p2a: Farigiraf|Farigiraf, L50, F|100/100\n|switch|p2b: Feraligatr|Feraligatr, L50, F|100/100\n|turn|1\n|\n|t:|1776082223\n|switch|p1a: Venusaur|Venusaur, L50, M|100/100\n|detailschange|p2b: Feraligatr|Feraligatr-Mega, L50, F\n|-mega|p2b: Feraligatr|Feraligatr|Feraligite\n|move|p2b: Feraligatr|Dragon Dance|p2b: Feraligatr\n|-boost|p2b: Feraligatr|atk|1\n|-boost|p2b: Feraligatr|spe|1\n|move|p2a: Farigiraf|Imprison|p2a: Farigiraf\n|-start|p2a: Farigiraf|move: Imprison\n|move|p1b: Farigiraf|Sunny Day|p1b: Farigiraf\n|-weather|SunnyDay\n|\n|-weather|SunnyDay|[upkeep]\n|upkeep\n|turn|2\n|\n|t:|1776082244\n|move|p1b: Farigiraf|Helping Hand|p1a: Venusaur\n|-singleturn|p1a: Venusaur|Helping Hand|[of] p1b: Farigiraf\n|move|p2b: Feraligatr|Double-Edge|p1a: Venusaur\n|-damage|p1a: Venusaur|0 fnt\n|faint|p1a: Venusaur\n|-damage|p2b: Feraligatr|62/100|[from] Recoil\n|move|p2a: Farigiraf|Hyper Voice|p1b: Farigiraf\n|-damage|p1b: Farigiraf|66/100\n|\n|-weather|SunnyDay|[upkeep]\n|-heal|p1b: Farigiraf|72/100|[from] item: Leftovers\n|upkeep\n|\n|t:|1776082255\n|switch|p1a: Snorlax|Snorlax, L50, M|100/100\n|turn|3\n|\n|t:|1776082285\n|move|p1b: Farigiraf|Helping Hand|p1a: Snorlax\n|-singleturn|p1a: Snorlax|Helping Hand|[of] p1b: Farigiraf\n|move|p2b: Feraligatr|Double-Edge|p1a: Snorlax\n|-damage|p1a: Snorlax|0 fnt\n|faint|p1a: Snorlax\n|-damage|p2b: Feraligatr|8/100|[from] Recoil\n|move|p2a: Farigiraf|Hyper Voice|p1b: Farigiraf\n|-damage|p1b: Farigiraf|35/100\n|\n|-weather|SunnyDay|[upkeep]\n|-heal|p1b: Farigiraf|41/100|[from] item: Leftovers\n|upkeep\n|\n|t:|1776082296\n|switch|p1a: Camerupt|Camerupt, L50, M|100/100\n|turn|4\n|\n|t:|1776082321\n|detailschange|p1a: Camerupt|Camerupt-Mega, L50, M\n|-mega|p1a: Camerupt|Camerupt|Cameruptite\n|move|p2b: Feraligatr|Liquidation|p1a: Camerupt\n|-supereffective|p1a: Camerupt|2\n|-damage|p1a: Camerupt|0 fnt\n|faint|p1a: Camerupt\n|move|p2a: Farigiraf|Hyper Voice|p1b: Farigiraf\n|-damage|p1b: Farigiraf|9/100\n|move|p1b: Farigiraf|Sunny Day||[still]\n|-fail|p1b: Farigiraf\n|\n|-weather|SunnyDay|[upkeep]\n|-heal|p1b: Farigiraf|15/100|[from] item: Leftovers\n|upkeep\n|turn|5\n|\n|t:|1776082338\n|move|p2b: Feraligatr|Crunch|p1b: Farigiraf\n|-supereffective|p1b: Farigiraf|1\n|-damage|p1b: Farigiraf|0 fnt\n|faint|p1b: Farigiraf\n|\n|win|anez0410\n|raw|Dizzly02's rating: 1000 &rarr; <strong>1000</strong><br />(+0 for losing)\n|raw|anez0410's rating: 1008 &rarr; <strong>1046</strong><br />(+38 for winning)\n",
  "uploadtime": 1776082346,
  "views": 45,
  "formatid": "gen9championsvgc2026regma",
  "rating": 1000,
  "private": 0,
  "password": null
}