{
  "id": "gen9championsvgc2026regma-2581311432",
  "format": "[Gen 9 Champions] VGC 2026 Reg M-A",
  "players": [
    "f1ish",
    "yamede\u86c7\u5982"
  ],
  "log": "|badge|p1|bronze|gen9randombattle|100-9\n|uhtml|medal-msg|<div class=\"broadcast-blue\">Curious what those medals under the avatar are? PS now has Ladder Seasons! For more information, check out the <a href=\"https://www.smogon.com/forums/threads/3740067/\">thread on Smogon.</a></div>\n|j|\u203df1ish\n|j|\u2606yamede\u86c7\u5982\n|t:|1775984981\n|gametype|doubles\n|player|p1|f1ish|266|1329\n|player|p2|yamede\u86c7\u5982|265|1492\n|gen|9\n|tier|[Gen 9 Champions] VGC 2026 Reg M-A\n|rated|\n|rule|Species Clause: Limit one of each Pok\u00e9mon\n|rule|Item Clause: Limit 1 of each item\n|clearpoke\n|poke|p1|Politoed, L50, M|\n|poke|p1|Archaludon, L50, F|\n|poke|p1|Basculegion, L50, M|\n|poke|p1|Incineroar, L50, M|\n|poke|p1|Sinistcha, L50|\n|poke|p1|Gengar, L50, M|\n|poke|p2|Tyranitar, L50, F|\n|poke|p2|Milotic, L50, F|\n|poke|p2|Excadrill, L50, M|\n|poke|p2|Gardevoir, L50, F|\n|poke|p2|Incineroar, L50, M|\n|poke|p2|Sinistcha, L50|\n|teampreview|4\n|inactive|Battle timer is ON: inactive players will automatically lose when time's up. (requested by f1ish)\n|inactive|yamede\u86c7\u5982 has 60 seconds left.\n|j| gE1xjZRtuhW2DdT0AK\n|j| Karaflas\n|inactive|yamede\u86c7\u5982 has 30 seconds left.\n|\n|t:|1775985043\n|teamsize|p1|4\n|teamsize|p2|4\n|start\n|switch|p1a: Politoed|Politoed, L50, M|100/100\n|switch|p1b: Gengar|Gengar, L50, M|100/100\n|switch|p2a: Gardevoir|Gardevoir, L50, F|100/100\n|switch|p2b: Incineroar|Incineroar, L50, M|100/100\n|-ability|p2a: Gardevoir|Cursed Body|Trace|[from] ability: Trace|[of] p1b: Gengar\n|-weather|RainDance|[from] ability: Drizzle|[of] p1a: Politoed\n|-ability|p2b: Incineroar|Intimidate|boost\n|-unboost|p1a: Politoed|atk|1\n|-unboost|p1b: Gengar|atk|1\n|turn|1\n|\n|t:|1775985059\n|switch|p2a: Tyranitar|Tyranitar, L50, F|100/100\n|-weather|Sandstorm|[from] ability: Sand Stream|[of] p2a: Tyranitar\n|detailschange|p1b: Gengar|Gengar-Mega, L50, M\n|-mega|p1b: Gengar|Gengar|Gengarite\n|move|p1b: Gengar|Protect|p1b: Gengar\n|-singleturn|p1b: Gengar|Protect\n|move|p1a: Politoed|Perish Song|p1a: Politoed\n|-start|p1a: Politoed|perish3|[silent]\n|-start|p1b: Gengar|perish3|[silent]\n|-start|p2a: Tyranitar|perish3|[silent]\n|-start|p2b: Incineroar|perish3|[silent]\n|-fieldactivate|move: Perish Song\n|move|p2b: Incineroar|Flare Blitz|p1b: Gengar\n|-activate|p1b: Gengar|move: Protect\n|\n|-weather|Sandstorm|[upkeep]\n|-damage|p1b: Gengar|95/100|[from] Sandstorm\n|-damage|p1a: Politoed|94/100|[from] Sandstorm\n|-damage|p2b: Incineroar|95/100|[from] Sandstorm\n|-heal|p1a: Politoed|100/100|[from] item: Leftovers\n|-start|p1b: Gengar|perish3\n|-start|p2a: Tyranitar|perish3\n|-start|p1a: Politoed|perish3\n|-start|p2b: Incineroar|perish3\n|upkeep\n|turn|2\n|j| ShiawaseVCG\n|j| platanus14\n|inactive|f1ish has 30 seconds left.\n|inactive|yamede\u86c7\u5982 has 30 seconds left.\n|l| platanus14\n|inactive|f1ish has 20 seconds left.\n|inactive|yamede\u86c7\u5982 has 20 seconds left.\n|\n|t:|1775985098\n|switch|p1a: Incineroar|Incineroar, L50, M|100/100\n|-ability|p1a: Incineroar|Intimidate|boost\n|-unboost|p2a: Tyranitar|atk|1\n|-unboost|p2b: Incineroar|atk|1\n|move|p1b: Gengar|Disable|p2b: Incineroar\n|-start|p2b: Incineroar|Disable|Flare Blitz\n|move|p2a: Tyranitar|Knock Off|p1b: Gengar\n|-supereffective|p1b: Gengar|1\n|-damage|p1b: Gengar|41/100\n|move|p2b: Incineroar|Parting Shot|p1b: Gengar\n|-unboost|p1b: Gengar|atk|1\n|-unboost|p1b: Gengar|spa|1\n|l| ShiawaseVCG\n|j| ShiawaseVCG\n|\n|t:|1775985121\n|switch|p2b: Gardevoir|Gardevoir, L50, F|100/100|[from] Parting Shot\n|-ability|p2b: Gardevoir|Shadow Tag|Trace|[from] ability: Trace|[of] p1b: Gengar\n|\n|-weather|Sandstorm|[upkeep]\n|-damage|p1b: Gengar|35/100|[from] Sandstorm\n|-damage|p2b: Gardevoir|94/100|[from] Sandstorm\n|-damage|p1a: Incineroar|95/100|[from] Sandstorm\n|-start|p1b: Gengar|perish2\n|-start|p2a: Tyranitar|perish2\n|upkeep\n|turn|3\n|inactive|yamede\u86c7\u5982 has 30 seconds left.\n|inactive|f1ish has 30 seconds left.\n|inactive|yamede\u86c7\u5982 has 20 seconds left.\n|inactive|yamede\u86c7\u5982 has 15 seconds left.\n|inactive|yamede\u86c7\u5982 has 10 seconds left.\n|inactive|yamede\u86c7\u5982 has 5 seconds left.\n|\n|t:|1775985174\n|switch|p1b: Politoed|Politoed, L50, M|100/100\n|-weather|RainDance|[from] ability: Drizzle|[of] p1b: Politoed\n|detailschange|p2b: Gardevoir|Gardevoir-Mega, L50, F\n|-mega|p2b: Gardevoir|Gardevoir|Gardevoirite\n|move|p2b: Gardevoir|Psychic|p1b: Politoed\n|-damage|p1b: Politoed|55/100\n|move|p2a: Tyranitar|Rock Slide|p1b: Politoed|[spread] p1a,p1b\n|-supereffective|p1a: Incineroar|1\n|-damage|p1a: Incineroar|53/100\n|-damage|p1b: Politoed|35/100\n|move|p1a: Incineroar|Parting Shot|p2b: Gardevoir\n|-unboost|p2b: Gardevoir|atk|1\n|-unboost|p2b: Gardevoir|spa|1\n|l| ShiawaseVCG\n|\n|t:|1775985187\n|switch|p1a: Gengar|Gengar-Mega, L50, M|35/100|[from] Parting Shot\n|\n|-weather|RainDance|[upkeep]\n|-heal|p1b: Politoed|41/100|[from] item: Leftovers\n|-start|p2a: Tyranitar|perish1\n|upkeep\n|turn|4\n|j| ShiawaseVCG\n|inactive|f1ish has 30 seconds left.\n|inactive|yamede\u86c7\u5982 has 30 seconds left.\n|inactive|yamede\u86c7\u5982 has 20 seconds left.\n|l| Karaflas\n|inactive|f1ish has 20 seconds left.\n|inactive|f1ish has 15 seconds left.\n|\n|t:|1775985233\n|switch|p1a: Sinistcha|Sinistcha, L50|100/100\n|-heal|p1b: Politoed|66/100|[from] ability: Hospitality|[of] p1a: Sinistcha\n|move|p2b: Gardevoir|Hyper Voice|p1b: Politoed|[spread] p1a,p1b\n|-damage|p1a: Sinistcha|70/100\n|-damage|p1b: Politoed|40/100\n|move|p2a: Tyranitar|Knock Off|p1a: Sinistcha\n|-supereffective|p1a: Sinistcha|1\n|-enditem|p1a: Sinistcha|Colbur Berry|[eat]\n|-enditem|p1a: Sinistcha|Colbur Berry|[weaken]\n|-damage|p1a: Sinistcha|39/100\n|move|p1b: Politoed|Weather Ball|p2b: Gardevoir\n|-damage|p2b: Gardevoir|51/100\n|\n|-weather|RainDance|[upkeep]\n|-heal|p1b: Politoed|46/100|[from] item: Leftovers\n|-start|p2a: Tyranitar|perish0\n|upkeep\n|faint|p2a: Tyranitar\n|j| San gerger\n|\n|t:|1775985253\n|switch|p2a: Sinistcha|Sinistcha, L50|100/100\n|-heal|p2b: Gardevoir|76/100|[from] ability: Hospitality|[of] p2a: Sinistcha\n|turn|5\n|j| Karaflas\n|l| Karaflas\n|j| Andrey Koitrans\n|inactive|yamede\u86c7\u5982 has 30 seconds left.\n|\n|t:|1775985282\n|move|p2b: Gardevoir|Psychic|p1a: Sinistcha\n|-damage|p1a: Sinistcha|6/100\n|move|p1b: Politoed|Perish Song|p1b: Politoed\n|-start|p1a: Sinistcha|perish3|[silent]\n|-start|p1b: Politoed|perish3|[silent]\n|-start|p2a: Sinistcha|perish3|[silent]\n|-start|p2b: Gardevoir|perish3|[silent]\n|-fieldactivate|move: Perish Song\n|move|p1a: Sinistcha|Life Dew|p1a: Sinistcha|[spread] p1a,p1b\n|-heal|p1a: Sinistcha|31/100\n|-heal|p1b: Politoed|71/100\n|move|p2a: Sinistcha|Matcha Gotcha|p1b: Politoed|[spread] p1a\n|-miss|p2a: Sinistcha|p1b: Politoed\n|-resisted|p1a: Sinistcha|1\n|-damage|p1a: Sinistcha|19/100\n|-status|p1a: Sinistcha|brn\n|\n|-weather|RainDance|[upkeep]\n|-heal|p1b: Politoed|77/100|[from] item: Leftovers\n|-damage|p1a: Sinistcha|13/100 brn|[from] brn\n|-start|p2b: Gardevoir|perish3\n|-start|p1b: Politoed|perish3\n|-start|p1a: Sinistcha|perish3\n|-start|p2a: Sinistcha|perish3\n|upkeep\n|turn|6\n|inactive|f1ish has 30 seconds left.\n|inactive|yamede\u86c7\u5982 has 30 seconds left.\n|inactive|f1ish has 20 seconds left.\n|inactive|f1ish has 15 seconds left.\n|inactive|yamede\u86c7\u5982 has 20 seconds left.\n|inactive|f1ish has 10 seconds left.\n|inactive|yamede\u86c7\u5982 has 15 seconds left.\n|inactive|yamede\u86c7\u5982 has 10 seconds left.\n|\n|t:|1775985332\n|switch|p2b: Incineroar|Incineroar, L50, M|95/100\n|-ability|p2b: Incineroar|Intimidate|boost\n|-unboost|p1a: Sinistcha|atk|1\n|-unboost|p1b: Politoed|atk|1\n|switch|p1b: Gengar|Gengar-Mega, L50, M|35/100\n|switch|p1a: Incineroar|Incineroar, L50, M|53/100\n|-ability|p1a: Incineroar|Intimidate|boost\n|-unboost|p2a: Sinistcha|atk|1\n|-unboost|p2b: Incineroar|atk|1\n|move|p2a: Sinistcha|Trick Room|p2a: Sinistcha\n|-fieldstart|move: Trick Room|[of] p2a: Sinistcha\n|\n|-weather|RainDance|[upkeep]\n|-start|p2a: Sinistcha|perish2\n|upkeep\n|turn|7\n|inactive|f1ish has 30 seconds left.\n|inactive|yamede\u86c7\u5982 has 30 seconds left.\n|inactive|f1ish has 20 seconds left.\n|inactive|yamede\u86c7\u5982 has 20 seconds left.\n|inactive|f1ish has 15 seconds left.\n|inactive|yamede\u86c7\u5982 has 15 seconds left.\n|inactive|f1ish has 10 seconds left.\n|inactive|yamede\u86c7\u5982 has 10 seconds left.\n|inactive|yamede\u86c7\u5982 has 5 seconds left.\n|\n|t:|1775985386\n|switch|p1b: Politoed|Politoed, L50, M|77/100\n|move|p2b: Incineroar|Fake Out|p1a: Incineroar\n|-damage|p1a: Incineroar|47/100\n|-enditem|p1a: Incineroar|Sitrus Berry|[eat]\n|-heal|p1a: Incineroar|71/100|[from] item: Sitrus Berry\n|cant|p1a: Incineroar|flinch\n|move|p2a: Sinistcha|Matcha Gotcha|p1b: Politoed|[spread] p1a,p1b\n|-resisted|p1a: Incineroar|1\n|-supereffective|p1b: Politoed|1\n|-damage|p1a: Incineroar|62/100\n|-damage|p1b: Politoed|39/100\n|\n|-weather|none\n|-heal|p1b: Politoed|45/100|[from] item: Leftovers\n|-start|p2a: Sinistcha|perish1\n|upkeep\n|turn|8\n|inactive|f1ish has 30 seconds left.\n|inactive|yamede\u86c7\u5982 has 30 seconds left.\n|j| Furka58yy\n|l| San gerger\n|inactive|yamede\u86c7\u5982 has 20 seconds left.\n|\n|t:|1775985426\n|switch|p2a: Gardevoir|Gardevoir-Mega, L50, F|76/100\n|move|p1a: Incineroar|Parting Shot|p2a: Gardevoir\n|-unboost|p2a: Gardevoir|atk|1\n|-unboost|p2a: Gardevoir|spa|1\n|\n|t:|1775985433\n|switch|p1a: Gengar|Gengar-Mega, L50, M|35/100|[from] Parting Shot\n|move|p2b: Incineroar|Taunt|p1b: Politoed\n|-start|p1b: Politoed|move: Taunt\n|cant|p1b: Politoed|move: Taunt|Perish Song\n|\n|-heal|p1b: Politoed|51/100|[from] item: Leftovers\n|upkeep\n|turn|9\n|inactive|f1ish has 30 seconds left.\n|inactive|yamede\u86c7\u5982 has 30 seconds left.\n|inactive|f1ish has 20 seconds left.\n|inactive|yamede\u86c7\u5982 has 20 seconds left.\n|\n|t:|1775985469\n|switch|p1b: Incineroar|Incineroar, L50, M|62/100\n|-ability|p1b: Incineroar|Intimidate|boost\n|-unboost|p2a: Gardevoir|atk|1\n|-unboost|p2b: Incineroar|atk|1\n|move|p1a: Gengar|Protect|p1a: Gengar\n|-singleturn|p1a: Gengar|Protect\n|move|p2b: Incineroar|Parting Shot|p1b: Incineroar\n|-unboost|p1b: Incineroar|atk|1\n|-unboost|p1b: Incineroar|spa|1\n|\n|t:|1775985476\n|switch|p2b: Sinistcha|Sinistcha, L50|100/100|[from] Parting Shot\n|-heal|p2a: Gardevoir|100/100|[from] ability: Hospitality|[of] p2b: Sinistcha\n|move|p2a: Gardevoir|Psychic|p1a: Gengar\n|-activate|p1a: Gengar|move: Protect\n|\n|upkeep\n|turn|10\n|inactive|f1ish has 30 seconds left.\n|inactive|f1ish has 20 seconds left.\n|inactive|f1ish has 15 seconds left.\n|\n|t:|1775985518\n|switch|p2b: Incineroar|Incineroar, L50, M|95/100\n|-ability|p2b: Incineroar|Intimidate|boost\n|-unboost|p1a: Gengar|atk|1\n|-unboost|p1b: Incineroar|atk|1\n|switch|p1a: Sinistcha|Sinistcha, L50|13/100 brn\n|-heal|p1b: Incineroar|87/100|[from] ability: Hospitality|[of] p1a: Sinistcha\n|move|p2a: Gardevoir|Protect|p2a: Gardevoir\n|-singleturn|p2a: Gardevoir|Protect\n|move|p1b: Incineroar|Snarl|p2b: Incineroar|[spread] p2b\n|-activate|p2a: Gardevoir|move: Protect\n|-resisted|p2b: Incineroar|1\n|-damage|p2b: Incineroar|91/100\n|-unboost|p2b: Incineroar|spa|1\n|\n|-damage|p1a: Sinistcha|7/100 brn|[from] brn\n|-fieldend|move: Trick Room\n|upkeep\n|turn|11\n|inactive|yamede\u86c7\u5982 has 30 seconds left.\n|inactive|yamede\u86c7\u5982 has 20 seconds left.\n|l| ShiawaseVCG\n|inactive|yamede\u86c7\u5982 has 15 seconds left.\n|inactive|f1ish has 30 seconds left.\n|inactive|yamede\u86c7\u5982 has 10 seconds left.\n|inactive|yamede\u86c7\u5982 has 5 seconds left.\n|inactive|f1ish has 20 seconds left.\n|\n|t:|1775985555\n|move|p1a: Sinistcha|Protect|p1a: Sinistcha\n|-singleturn|p1a: Sinistcha|Protect\n|move|p2a: Gardevoir|Hyper Voice|p1a: Sinistcha|[spread] p1b\n|-activate|p1a: Sinistcha|move: Protect\n|-damage|p1b: Incineroar|63/100\n|move|p2b: Incineroar|Flare Blitz|p1b: Incineroar\n|-resisted|p1b: Incineroar|1\n|-damage|p1b: Incineroar|37/100\n|-damage|p2b: Incineroar|83/100|[from] Recoil\n|move|p1b: Incineroar|Parting Shot|p2a: Gardevoir\n|-unboost|p2a: Gardevoir|atk|1\n|-unboost|p2a: Gardevoir|spa|1\n|\n|t:|1775985568\n|switch|p1b: Politoed|Politoed, L50, M|51/100|[from] Parting Shot\n|-weather|RainDance|[from] ability: Drizzle|[of] p1b: Politoed\n|\n|-weather|RainDance|[upkeep]\n|-heal|p1b: Politoed|57/100|[from] item: Leftovers\n|-damage|p1a: Sinistcha|0 fnt|[from] brn\n|faint|p1a: Sinistcha\n|upkeep\n|inactive|f1ish has 30 seconds left.\n|\n|t:|1775985574\n|switch|p1a: Gengar|Gengar-Mega, L50, M|35/100\n|turn|12\n|inactive|f1ish has 30 seconds left this turn.\n|inactive|yamede\u86c7\u5982 has 5 seconds left this turn.\n|-message|yamede\u86c7\u5982 lost due to inactivity.\n|\n|win|f1ish\n|raw|f1ish's rating: 1329 &rarr; <strong>1358</strong><br />(+29 for winning)\n|raw|yamede\u86c7\u5982's rating: 1492 &rarr; <strong>1463</strong><br />(-29 for losing)\n|l| Andrey Koitrans\n",
  "uploadtime": 1775985601,
  "views": 35,
  "formatid": "gen9championsvgc2026regma",
  "rating": 1358,
  "private": 0,
  "password": null
}