{
  "id": "gen9championsvgc2026regma-2583142875",
  "format": "[Gen 9 Champions] VGC 2026 Reg M-A",
  "players": [
    "like a dragonite",
    "xMagi"
  ],
  "log": "|j|\u2606like a dragonite\n|j|\u2606xMagi\n|t:|1776147227\n|gametype|doubles\n|player|p1|like a dragonite|red-gen7|1037\n|player|p2|xMagi|burglar|1049\n|gen|9\n|tier|[Gen 9 Champions] VGC 2026 Reg M-A\n|rated|\n|rule|Species Clause: Limit one of each Pok\u00e9mon\n|rule|Item Clause: Limit 1 of each item\n|clearpoke\n|poke|p1|Camerupt, L50, M|\n|poke|p1|Torkoal, L50, M|\n|poke|p1|Luxray, L50, M|\n|poke|p1|Sinistcha, L50|\n|poke|p1|Sableye, L50, M|\n|poke|p1|Farigiraf, L50, M|\n|poke|p2|Decidueye, L50, M|\n|poke|p2|Starmie, L50|\n|poke|p2|Medicham, L50, M|\n|poke|p2|Incineroar, L50, M|\n|poke|p2|Clefable, L50, F|\n|poke|p2|Tyranitar, L50, F|\n|teampreview|4\n|inactive|Battle timer is ON: inactive players will automatically lose when time's up. (requested by like a dragonite)\n|inactive|xMagi has 60 seconds left.\n|l|\u2606xMagi\n|inactive|xMagi disconnected and has a minute to reconnect!\n|player|p2|\n|j|\u2606xMagi\n|inactive|xMagi reconnected and has 50 seconds left.\n|player|p2|xMagi|burglar|\n|\n|t:|1776147281\n|teamsize|p1|4\n|teamsize|p2|4\n|start\n|switch|p1a: Sableye|Sableye, L50, M|100/100\n|switch|p1b: Farigiraf|Farigiraf, L50, M|100/100\n|switch|p2a: Decidueye|Decidueye, L50, M|100/100\n|switch|p2b: Medicham|Medicham, L50, M|100/100\n|turn|1\n|inactive|xMagi has 30 seconds left.\n|inactive|xMagi has 20 seconds left.\n|\n|t:|1776147320\n|switch|p2b: Tyranitar|Tyranitar, L50, F|100/100\n|-weather|Sandstorm|[from] ability: Sand Stream|[of] p2b: Tyranitar\n|move|p1a: Sableye|Will-O-Wisp|p2b: Tyranitar\n|-hint|Since gen 7, Dark is immune to Prankster moves.\n|-immune|p2b: Tyranitar\n|move|p2a: Decidueye|Seed Bomb|p1b: Farigiraf\n|-damage|p1b: Farigiraf|71/100\n|move|p1b: Farigiraf|Trick Room|p1b: Farigiraf\n|-fieldstart|move: Trick Room|[of] p1b: Farigiraf\n|\n|-weather|Sandstorm|[upkeep]\n|-damage|p1a: Sableye|95/100|[from] Sandstorm\n|-damage|p1b: Farigiraf|65/100|[from] Sandstorm\n|-damage|p2a: Decidueye|95/100|[from] Sandstorm\n|-heal|p2a: Decidueye|100/100|[from] item: Leftovers\n|upkeep\n|turn|2\n|\n|t:|1776147342\n|switch|p1b: Camerupt|Camerupt, L50, M, shiny|100/100\n|move|p2a: Decidueye|Protect|p2a: Decidueye\n|-singleturn|p2a: Decidueye|Protect\n|move|p1a: Sableye|Knock Off|p2b: Tyranitar\n|-resisted|p2b: Tyranitar|1\n|-damage|p2b: Tyranitar|89/100\n|-enditem|p2b: Tyranitar|Chople Berry|[from] move: Knock Off|[of] p1a: Sableye\n|move|p2b: Tyranitar|Knock Off|p1b: Camerupt\n|-damage|p1b: Camerupt|63/100\n|\n|-weather|Sandstorm|[upkeep]\n|-damage|p1a: Sableye|89/100|[from] Sandstorm\n|-damage|p2a: Decidueye|95/100|[from] Sandstorm\n|-heal|p2a: Decidueye|100/100|[from] item: Leftovers\n|upkeep\n|turn|3\n|\n|t:|1776147367\n|switch|p2a: Incineroar|Incineroar, L50, M|100/100\n|-ability|p2a: Incineroar|Intimidate|boost\n|-unboost|p1a: Sableye|atk|1\n|-unboost|p1b: Camerupt|atk|1\n|detailschange|p1b: Camerupt|Camerupt-Mega, L50, M, shiny\n|-mega|p1b: Camerupt|Camerupt|Cameruptite\n|move|p1a: Sableye|Sunny Day|p1a: Sableye\n|-weather|SunnyDay\n|move|p1b: Camerupt|Heat Wave|p2a: Incineroar|[spread] p2a\n|-miss|p1b: Camerupt|p2b: Tyranitar\n|-resisted|p2a: Incineroar|1\n|-damage|p2a: Incineroar|63/100\n|move|p2b: Tyranitar|Rock Slide|p1b: Camerupt|[spread] p1a,p1b\n|-damage|p1a: Sableye|60/100\n|-damage|p1b: Camerupt|37/100\n|\n|-weather|SunnyDay|[upkeep]\n|upkeep\n|turn|4\n|\n|t:|1776147388\n|switch|p1a: Farigiraf|Farigiraf, L50, M|65/100\n|move|p2a: Incineroar|Fake Out||[still]\n|cant|p1a: Farigiraf|ability: Armor Tail|Fake Out|[of] p2a: Incineroar\n|move|p1b: Camerupt|Earth Power|p2b: Tyranitar\n|-supereffective|p2b: Tyranitar|1\n|-damage|p2b: Tyranitar|0 fnt\n|faint|p2b: Tyranitar\n|\n|-weather|SunnyDay|[upkeep]\n|upkeep\n|\n|t:|1776147406\n|switch|p2b: Decidueye|Decidueye, L50, M|100/100\n|turn|5\n|\n|t:|1776147415\n|move|p1a: Farigiraf|Helping Hand|p1b: Camerupt\n|-singleturn|p1b: Camerupt|Helping Hand|[of] p1a: Farigiraf\n|move|p2b: Decidueye|Protect|p2b: Decidueye\n|-singleturn|p2b: Decidueye|Protect\n|move|p1b: Camerupt|Heat Wave|p2a: Incineroar|[spread] p2a\n|-activate|p2b: Decidueye|move: Protect\n|-resisted|p2a: Incineroar|1\n|-damage|p2a: Incineroar|11/100\n|-enditem|p2a: Incineroar|Sitrus Berry|[eat]\n|-heal|p2a: Incineroar|36/100|[from] item: Sitrus Berry\n|move|p2a: Incineroar|Parting Shot|p1a: Farigiraf\n|-unboost|p1a: Farigiraf|atk|1\n|-unboost|p1a: Farigiraf|spa|1\n|\n|t:|1776147430\n|switch|p2a: Medicham|Medicham, L50, M|100/100|[from] Parting Shot\n|\n|-weather|SunnyDay|[upkeep]\n|-fieldend|move: Trick Room\n|upkeep\n|turn|6\n|\n|t:|1776147445\n|switch|p1b: Sableye|Sableye, L50, M|60/100\n|detailschange|p2a: Medicham|Medicham-Mega, L50, M\n|-mega|p2a: Medicham|Medicham|Medichamite\n|move|p1a: Farigiraf|Protect|p1a: Farigiraf\n|-singleturn|p1a: Farigiraf|Protect\n|move|p2a: Medicham|Close Combat|p1b: Sableye\n|-immune|p1b: Sableye\n|move|p2b: Decidueye|Seed Bomb|p1a: Farigiraf\n|-activate|p1a: Farigiraf|move: Protect\n|\n|-weather|SunnyDay|[upkeep]\n|upkeep\n|turn|7\n|\n|t:|1776147462\n|move|p1b: Sableye|Will-O-Wisp|p2a: Medicham\n|-status|p2a: Medicham|brn\n|move|p2a: Medicham|Close Combat|p1a: Farigiraf\n|-damage|p1a: Farigiraf|15/100\n|-unboost|p2a: Medicham|def|1\n|-unboost|p2a: Medicham|spd|1\n|move|p2b: Decidueye|Spirit Shackle|p1b: Sableye\n|-damage|p1b: Sableye|18/100\n|move|p1a: Farigiraf|Trick Room|p1a: Farigiraf\n|-fieldstart|move: Trick Room|[of] p1a: Farigiraf\n|\n|-weather|none\n|-damage|p2a: Medicham|95/100 brn|[from] brn\n|upkeep\n|turn|8\n|inactive|like a dragonite has 30 seconds left.\n|\n|t:|1776147488\n|switch|p1b: Luxray|Luxray, L50, M|100/100\n|-ability|p1b: Luxray|Intimidate|boost\n|-unboost|p2a: Medicham|atk|1\n|-unboost|p2b: Decidueye|atk|1\n|switch|p2a: Incineroar|Incineroar, L50, M|36/100\n|-ability|p2a: Incineroar|Intimidate|boost\n|-unboost|p1a: Farigiraf|atk|1\n|-unboost|p1b: Luxray|atk|1\n|move|p1a: Farigiraf|Psychic|p2a: Incineroar\n|-immune|p2a: Incineroar\n|move|p2b: Decidueye|Seed Bomb|p1a: Farigiraf\n|-damage|p1a: Farigiraf|0 fnt\n|faint|p1a: Farigiraf\n|\n|upkeep\n|\n|t:|1776147501\n|switch|p1a: Camerupt|Camerupt-Mega, L50, M, shiny|37/100\n|turn|9\n|\n|t:|1776147511\n|move|p2a: Incineroar|Fake Out|p1a: Camerupt\n|-damage|p1a: Camerupt|26/100\n|cant|p1a: Camerupt|flinch\n|move|p1b: Luxray|Crunch|p2b: Decidueye\n|-supereffective|p2b: Decidueye|1\n|-damage|p2b: Decidueye|73/100\n|move|p2b: Decidueye|Spirit Shackle|p1a: Camerupt\n|-damage|p1a: Camerupt|3/100\n|-activate|p1a: Camerupt|trapped\n|\n|-heal|p2b: Decidueye|79/100|[from] item: Leftovers\n|upkeep\n|turn|10\n|inactive|like a dragonite has 30 seconds left.\n|\n|t:|1776147540\n|move|p2b: Decidueye|Protect|p2b: Decidueye\n|-singleturn|p2b: Decidueye|Protect\n|move|p1a: Camerupt|Heat Wave|p2b: Decidueye|[spread] \n|-activate|p2b: Decidueye|move: Protect\n|-miss|p1a: Camerupt|p2a: Incineroar\n|move|p1b: Luxray|Volt Switch|p2a: Incineroar\n|-damage|p2a: Incineroar|15/100\n|\n|t:|1776147549\n|switch|p1b: Sableye|Sableye, L50, M|18/100|[from] Volt Switch\n|move|p2a: Incineroar|Parting Shot|p1b: Sableye\n|-unboost|p1b: Sableye|atk|1\n|-unboost|p1b: Sableye|spa|1\n|\n|t:|1776147556\n|switch|p2a: Medicham|Medicham-Mega, L50, M|95/100 brn|[from] Parting Shot\n|\n|-heal|p2b: Decidueye|85/100|[from] item: Leftovers\n|-damage|p2a: Medicham|89/100 brn|[from] brn\n|upkeep\n|turn|11\n|\n|t:|1776147568\n|move|p1b: Sableye|Fake Out|p2a: Medicham\n|-damage|p2a: Medicham|80/100 brn\n|cant|p2a: Medicham|flinch\n|move|p1a: Camerupt|Heat Wave|p2b: Decidueye|[spread] p2b\n|-miss|p1a: Camerupt|p2a: Medicham\n|-supereffective|p2b: Decidueye|1\n|-damage|p2b: Decidueye|0 fnt\n|faint|p2b: Decidueye\n|\n|-damage|p2a: Medicham|74/100 brn|[from] brn\n|-fieldend|move: Trick Room\n|upkeep\n|\n|t:|1776147579\n|switch|p2b: Incineroar|Incineroar, L50, M|15/100\n|-ability|p2b: Incineroar|Intimidate|boost\n|-unboost|p1a: Camerupt|atk|1\n|-unboost|p1b: Sableye|atk|1\n|turn|12\n|\n|t:|1776147592\n|move|p1a: Camerupt|Protect|p1a: Camerupt\n|-singleturn|p1a: Camerupt|Protect\n|move|p2b: Incineroar|Fake Out|p1a: Camerupt\n|-activate|p1a: Camerupt|move: Protect\n|move|p2a: Medicham|Bullet Punch|p1b: Sableye\n|-damage|p1b: Sableye|2/100\n|move|p1b: Sableye|Sunny Day|p1b: Sableye\n|-weather|SunnyDay\n|\n|-weather|SunnyDay|[upkeep]\n|-damage|p2a: Medicham|68/100 brn|[from] brn\n|upkeep\n|turn|13\n|\n|t:|1776147608\n|move|p2a: Medicham|Bullet Punch|p1a: Camerupt\n|-resisted|p1a: Camerupt|1\n|-damage|p1a: Camerupt|0 fnt\n|faint|p1a: Camerupt\n|move|p2b: Incineroar|Flare Blitz|p1b: Sableye\n|-damage|p1b: Sableye|0 fnt\n|faint|p1b: Sableye\n|-damage|p2b: Incineroar|14/100|[from] Recoil\n|\n|-weather|SunnyDay|[upkeep]\n|-damage|p2a: Medicham|63/100 brn|[from] brn\n|upkeep\n|\n|t:|1776147615\n|switch|p1b: Luxray|Luxray, L50, M|100/100\n|-ability|p1b: Luxray|Intimidate|boost\n|-unboost|p2a: Medicham|atk|1\n|-unboost|p2b: Incineroar|atk|1\n|turn|14\n|\n|t:|1776147619\n|move|p2a: Medicham|Close Combat|p1b: Luxray\n|-damage|p1b: Luxray|64/100\n|-unboost|p2a: Medicham|def|1\n|-unboost|p2a: Medicham|spd|1\n|move|p2b: Incineroar|Flare Blitz|p1b: Luxray\n|-damage|p1b: Luxray|13/100\n|-damage|p2b: Incineroar|0 fnt|[from] Recoil\n|faint|p2b: Incineroar\n|move|p1b: Luxray|Wild Charge|p2a: Medicham\n|-damage|p2a: Medicham|0 fnt\n|faint|p2a: Medicham\n|-damage|p1b: Luxray|2/100|[from] Recoil\n|\n|win|like a dragonite\n|raw|like a dragonite's rating: 1037 &rarr; <strong>1073</strong><br />(+36 for winning)\n|raw|xMagi's rating: 1049 &rarr; <strong>1031</strong><br />(-18 for losing)\n",
  "uploadtime": 1776147626,
  "views": 18,
  "formatid": "gen9championsvgc2026regma",
  "rating": 1031,
  "private": 0,
  "password": null
}