{
  "id": "gen9championsvgc2026regma-2583268122",
  "format": "[Gen 9 Champions] VGC 2026 Reg M-A",
  "players": [
    "Master of Capture",
    "just aresia"
  ],
  "log": "|j|\u2606Master of Capture\n|j|\u2606just aresia\n|t:|1776161399\n|gametype|doubles\n|player|p1|Master of Capture|169|1169\n|player|p2|just aresia|carmine|1120\n|gen|9\n|tier|[Gen 9 Champions] VGC 2026 Reg M-A\n|rated|\n|rule|Species Clause: Limit one of each Pok\u00e9mon\n|rule|Item Clause: Limit 1 of each item\n|clearpoke\n|poke|p1|Incineroar, L50, M|\n|poke|p1|Gardevoir, L50, M|\n|poke|p1|Basculegion, L50, M|\n|poke|p1|Talonflame, L50, M|\n|poke|p1|Sinistcha, L50|\n|poke|p1|Drampa, L50, M|\n|poke|p2|Alakazam, L50, F|\n|poke|p2|Victreebel, L50, M|\n|poke|p2|Torkoal, L50, F|\n|poke|p2|Camerupt, L50, F|\n|poke|p2|Farigiraf, L50, M|\n|poke|p2|Weavile, L50, F|\n|teampreview|4\n|\n|t:|1776161427\n|teamsize|p1|4\n|teamsize|p2|4\n|start\n|switch|p1a: Basculegion|Basculegion, L50, M|100/100\n|switch|p1b: Gardevoir|Gardevoir, L50, M|100/100\n|switch|p2a: Weavile|Weavile, L50, F|100/100\n|switch|p2b: Victreebel|Victreebel, L50, M|100/100\n|-ability|p1b: Gardevoir|Pickpocket|Trace|[from] ability: Trace|[of] p2a: Weavile\n|turn|1\n|\n|t:|1776161459\n|switch|p1a: Incineroar|Incineroar, L50, M|100/100\n|-ability|p1a: Incineroar|Intimidate|boost\n|-unboost|p2a: Weavile|atk|1\n|-unboost|p2b: Victreebel|atk|1\n|-enditem|p2a: Weavile|White Herb\n|-clearnegativeboost|p2a: Weavile|[silent]\n|detailschange|p1b: Gardevoir|Gardevoir-Mega, L50, M\n|-mega|p1b: Gardevoir|Gardevoir|Gardevoirite\n|move|p2a: Weavile|Fake Out|p1b: Gardevoir\n|-damage|p1b: Gardevoir|78/100\n|cant|p1b: Gardevoir|flinch\n|move|p2b: Victreebel|Energy Ball|p1b: Gardevoir\n|-damage|p1b: Gardevoir|37/100\n|\n|upkeep\n|turn|2\n|\n|t:|1776161486\n|switch|p2a: Torkoal|Torkoal, L50, F|100/100\n|-weather|SunnyDay|[from] ability: Drought|[of] p2a: Torkoal\n|move|p1a: Incineroar|Fake Out|p2a: Torkoal\n|-damage|p2a: Torkoal|91/100\n|move|p2b: Victreebel|Solar Beam||[still]\n|-prepare|p2b: Victreebel|Solar Beam\n|-anim|p2b: Victreebel|Solar Beam|p1b: Gardevoir\n|-damage|p1b: Gardevoir|0 fnt\n|faint|p1b: Gardevoir\n|\n|-weather|SunnyDay|[upkeep]\n|upkeep\n|\n|t:|1776161495\n|switch|p1b: Drampa|Drampa, L50, M|100/100\n|-ability|p1b: Drampa|Cloud Nine\n|turn|3\n|\n|t:|1776161513\n|switch|p2a: Weavile|Weavile, L50, F|100/100\n|detailschange|p2b: Victreebel|Victreebel-Mega, L50, M\n|-mega|p2b: Victreebel|Victreebel|Victreebelite\n|move|p2b: Victreebel|Sleep Powder|p1b: Drampa\n|-status|p1b: Drampa|slp|[from] move: Sleep Powder\n|move|p1a: Incineroar|Flare Blitz|p2b: Victreebel\n|-supereffective|p2b: Victreebel|1\n|-damage|p2b: Victreebel|0 fnt\n|-damage|p1a: Incineroar|9/100|[from] ability: Innards Out|[of] p2b: Victreebel\n|-enditem|p1a: Incineroar|Sitrus Berry|[eat]\n|-heal|p1a: Incineroar|34/100|[from] item: Sitrus Berry\n|faint|p2b: Victreebel\n|-damage|p1a: Incineroar|4/100|[from] Recoil\n|cant|p1b: Drampa|slp\n|\n|-weather|SunnyDay|[upkeep]\n|upkeep\n|l|\u2606Master of Capture\n|player|p1|\n|\n|t:|1776161538\n|switch|p2b: Farigiraf|Farigiraf, L50, M|100/100\n|turn|4\n|j|\u2606Master of Capture\n|player|p1|Master of Capture|169|\n|\n|t:|1776161560\n|switch|p1a: Basculegion|Basculegion, L50, M|100/100\n|move|p2b: Farigiraf|Helping Hand|p2a: Weavile\n|-singleturn|p2a: Weavile|Helping Hand|[of] p2b: Farigiraf\n|cant|p1b: Drampa|slp\n|move|p2a: Weavile|Ice Spinner|p1b: Drampa\n|-supereffective|p1b: Drampa|1\n|-damage|p1b: Drampa|0 fnt\n|faint|p1b: Drampa\n|\n|-weather|SunnyDay|[upkeep]\n|upkeep\n|\n|t:|1776161569\n|switch|p1b: Incineroar|Incineroar, L50, M|4/100\n|-ability|p1b: Incineroar|Intimidate|boost\n|-unboost|p2a: Weavile|atk|1\n|-unboost|p2b: Farigiraf|atk|1\n|turn|5\n|\n|t:|1776161583\n|move|p1a: Basculegion|Last Respects|p2a: Weavile\n|-resisted|p2a: Weavile|1\n|-damage|p2a: Weavile|19/100\n|move|p2a: Weavile|Brick Break|p1b: Incineroar\n|-supereffective|p1b: Incineroar|1\n|-damage|p1b: Incineroar|0 fnt\n|faint|p1b: Incineroar\n|move|p2b: Farigiraf|Trick Room|p2b: Farigiraf\n|-fieldstart|move: Trick Room|[of] p2b: Farigiraf\n|\n|-weather|SunnyDay|[upkeep]\n|upkeep\n|turn|6\n|-message|Master of Capture forfeited.\n|\n|win|just aresia\n|raw|Master of Capture's rating: 1169 &rarr; <strong>1140</strong><br />(-29 for losing)\n|raw|just aresia's rating: 1120 &rarr; <strong>1149</strong><br />(+29 for winning)\n|l|\u2606Master of Capture\n|player|p1|\n",
  "uploadtime": 1776161602,
  "views": 30,
  "formatid": "gen9championsvgc2026regma",
  "rating": 1140,
  "private": 0,
  "password": null
}