{
  "id": "gen9championsvgc2026regma-2583817764",
  "format": "[Gen 9 Champions] VGC 2026 Reg M-A",
  "players": [
    "gary dagenais",
    "kneft"
  ],
  "log": "|j|\u2606gary dagenais\n|j|\u2606kneft\n|t:|1776200050\n|gametype|doubles\n|player|p1|gary dagenais|170|1000\n|player|p2|kneft|169|1000\n|gen|9\n|tier|[Gen 9 Champions] VGC 2026 Reg M-A\n|rated|\n|rule|Species Clause: Limit one of each Pok\u00e9mon\n|rule|Item Clause: Limit 1 of each item\n|clearpoke\n|poke|p1|Talonflame, L50, M|\n|poke|p1|Froslass, L50, F|\n|poke|p1|Raichu, L50, M|\n|poke|p1|Sinistcha, L50|\n|poke|p1|Primarina, L50, F|\n|poke|p1|Ninetales-Alola, L50, M|\n|poke|p2|Basculegion, L50, M|\n|poke|p2|Jolteon, L50, M|\n|poke|p2|Sinistcha, L50|\n|poke|p2|Archaludon, L50, M|\n|poke|p2|Manectric, L50, M|\n|poke|p2|Politoed, L50, F|\n|teampreview|4\n|inactive|Battle timer is ON: inactive players will automatically lose when time's up. (requested by gary dagenais)\n|\n|t:|1776200077\n|teamsize|p1|4\n|teamsize|p2|4\n|start\n|switch|p1a: Talonflame|Talonflame, L50, M|100/100\n|switch|p1b: Raichu|Raichu, L50, M|100/100\n|switch|p2a: Politoed|Politoed, L50, F|100/100\n|switch|p2b: Manectric|Manectric, L50, M|100/100\n|-weather|RainDance|[from] ability: Drizzle|[of] p2a: Politoed\n|turn|1\n|\n|t:|1776200093\n|detailschange|p2b: Manectric|Manectric-Mega, L50, M\n|-mega|p2b: Manectric|Manectric|Manectite\n|-ability|p2b: Manectric|Intimidate|boost\n|-unboost|p1a: Talonflame|atk|1\n|-unboost|p1b: Raichu|atk|1\n|move|p1a: Talonflame|Tailwind|p1a: Talonflame\n|-sidestart|p1: gary dagenais|move: Tailwind\n|move|p1b: Raichu|Electroweb|p2b: Manectric|[spread] p2a,p2b\n|-supereffective|p2a: Politoed|1\n|-resisted|p2b: Manectric|1\n|-damage|p2a: Politoed|61/100\n|-damage|p2b: Manectric|86/100\n|-unboost|p2a: Politoed|spe|1\n|-unboost|p2b: Manectric|spe|1\n|move|p2b: Manectric|Thunder|p1b: Raichu\n|-activate|p1b: Raichu|ability: Lightning Rod\n|-ability|p1b: Raichu|Lightning Rod|boost\n|-boost|p1b: Raichu|spa|1\n|move|p2a: Politoed|Substitute|p2a: Politoed\n|-start|p2a: Politoed|Substitute\n|-damage|p2a: Politoed|36/100\n|-enditem|p2a: Politoed|Sitrus Berry|[eat]\n|-heal|p2a: Politoed|61/100|[from] item: Sitrus Berry\n|\n|-weather|RainDance|[upkeep]\n|upkeep\n|turn|2\n|inactive|kneft has 30 seconds left.\n|inactive|kneft has 20 seconds left.\n|inactive|kneft has 15 seconds left.\n|inactive|kneft has 10 seconds left.\n|\n|t:|1776200141\n|switch|p2b: Sinistcha|Sinistcha, L50|100/100\n|-heal|p2a: Politoed|86/100|[from] ability: Hospitality|[of] p2b: Sinistcha\n|switch|p2a: Archaludon|Archaludon, L50, M|100/100\n|move|p1a: Talonflame|Brave Bird|p2a: Archaludon\n|-resisted|p2a: Archaludon|1\n|-damage|p2a: Archaludon|90/100\n|-ability|p2a: Archaludon|Stamina|boost\n|-boost|p2a: Archaludon|def|1\n|-damage|p1a: Talonflame|97/100|[from] Recoil\n|move|p1b: Raichu|Electroweb|p2b: Sinistcha|[spread] p2a,p2b\n|-resisted|p2a: Archaludon|1\n|-resisted|p2b: Sinistcha|1\n|-damage|p2a: Archaludon|76/100\n|-damage|p2b: Sinistcha|83/100\n|-unboost|p2a: Archaludon|spe|1\n|-unboost|p2b: Sinistcha|spe|1\n|-ability|p2a: Archaludon|Stamina|boost\n|-boost|p2a: Archaludon|def|1\n|\n|-weather|RainDance|[upkeep]\n|-heal|p2b: Sinistcha|89/100|[from] item: Leftovers\n|upkeep\n|turn|3\n|inactive|kneft has 30 seconds left.\n|\n|t:|1776200174\n|switch|p1b: Ninetales|Ninetales-Alola, L50, M|100/100\n|-weather|Snowscape|[from] ability: Snow Warning|[of] p1b: Ninetales\n|move|p2b: Sinistcha|Rage Powder|p2b: Sinistcha\n|-singleturn|p2b: Sinistcha|move: Rage Powder\n|move|p1a: Talonflame|Brave Bird|p2b: Sinistcha\n|-supereffective|p2b: Sinistcha|1\n|-damage|p2b: Sinistcha|34/100\n|-damage|p1a: Talonflame|79/100|[from] Recoil\n|move|p2a: Archaludon|Dragon Pulse|p1b: Ninetales\n|-immune|p1b: Ninetales\n|\n|-weather|Snowscape|[upkeep]\n|-heal|p2b: Sinistcha|40/100|[from] item: Leftovers\n|upkeep\n|turn|4\n|inactive|kneft has 30 seconds left.\n|\n|t:|1776200206\n|switch|p1b: Raichu|Raichu, L50, M|100/100\n|move|p2b: Sinistcha|Protect|p2b: Sinistcha\n|-singleturn|p2b: Sinistcha|Protect\n|move|p1a: Talonflame|Brave Bird|p2b: Sinistcha\n|-activate|p2b: Sinistcha|move: Protect\n|move|p2a: Archaludon|Flash Cannon|p1b: Raichu\n|-resisted|p1b: Raichu|1\n|-damage|p1b: Raichu|75/100\n|-unboost|p1b: Raichu|spd|1\n|\n|-weather|Snowscape|[upkeep]\n|-heal|p2b: Sinistcha|47/100|[from] item: Leftovers\n|-sideend|p1: gary dagenais|move: Tailwind\n|upkeep\n|turn|5\n|inactive|kneft has 30 seconds left.\n|\n|t:|1776200232\n|switch|p2b: Politoed|Politoed, L50, F|86/100\n|-weather|RainDance|[from] ability: Drizzle|[of] p2b: Politoed\n|move|p1a: Talonflame|Brave Bird|p2b: Politoed\n|-damage|p2b: Politoed|53/100\n|-damage|p1a: Talonflame|68/100|[from] Recoil\n|move|p1b: Raichu|Electroweb|p2a: Archaludon|[spread] p2a,p2b\n|-resisted|p2a: Archaludon|1\n|-supereffective|p2b: Politoed|1\n|-damage|p2a: Archaludon|66/100\n|-damage|p2b: Politoed|16/100\n|-unboost|p2a: Archaludon|spe|1\n|-unboost|p2b: Politoed|spe|1\n|-ability|p2a: Archaludon|Stamina|boost\n|-boost|p2a: Archaludon|def|1\n|move|p2a: Archaludon|Flash Cannon|p1b: Raichu\n|-resisted|p1b: Raichu|1\n|-damage|p1b: Raichu|29/100\n|\n|-weather|RainDance|[upkeep]\n|upkeep\n|turn|6\n|inactive|kneft has 30 seconds left.\n|\n|t:|1776200263\n|switch|p1a: Ninetales|Ninetales-Alola, L50, M|100/100\n|-weather|Snowscape|[from] ability: Snow Warning|[of] p1a: Ninetales\n|move|p2b: Politoed|Protect|p2b: Politoed\n|-singleturn|p2b: Politoed|Protect\n|move|p1b: Raichu|Electroweb|p2b: Politoed|[spread] p2a\n|-activate|p2b: Politoed|move: Protect\n|-resisted|p2a: Archaludon|1\n|-damage|p2a: Archaludon|56/100\n|-unboost|p2a: Archaludon|spe|1\n|-ability|p2a: Archaludon|Stamina|boost\n|-boost|p2a: Archaludon|def|1\n|move|p2a: Archaludon|Flash Cannon|p1b: Raichu\n|-resisted|p1b: Raichu|1\n|-damage|p1b: Raichu|0 fnt\n|faint|p1b: Raichu\n|\n|-weather|Snowscape|[upkeep]\n|upkeep\n|\n|t:|1776200272\n|switch|p1b: Talonflame|Talonflame, L50, M|68/100\n|turn|7\n|inactive|kneft has 30 seconds left.\n|\n|t:|1776200302\n|switch|p2b: Manectric|Manectric-Mega, L50, M|86/100\n|-ability|p2b: Manectric|Intimidate|boost\n|-unboost|p1a: Ninetales|atk|1\n|-unboost|p1b: Talonflame|atk|1\n|move|p1b: Talonflame|Brave Bird|p2b: Manectric\n|-resisted|p2b: Manectric|1\n|-damage|p2b: Manectric|64/100\n|-damage|p1b: Talonflame|62/100|[from] Recoil\n|move|p1a: Ninetales|Aurora Veil|p1a: Ninetales\n|-sidestart|p1: gary dagenais|move: Aurora Veil\n|move|p2a: Archaludon|Electro Shot||[still]\n|-prepare|p2a: Archaludon|Electro Shot\n|-boost|p2a: Archaludon|spa|1\n|\n|-weather|Snowscape|[upkeep]\n|upkeep\n|turn|8\n|\n|t:|1776200326\n|move|p2b: Manectric|Protect|p2b: Manectric\n|-singleturn|p2b: Manectric|Protect\n|move|p1b: Talonflame|Tailwind|p1b: Talonflame\n|-sidestart|p1: gary dagenais|move: Tailwind\n|move|p1a: Ninetales|Blizzard|p2a: Archaludon|[spread] p2a\n|-activate|p2b: Manectric|move: Protect\n|-damage|p2a: Archaludon|27/100\n|-ability|p2a: Archaludon|Stamina|boost\n|-boost|p2a: Archaludon|def|1\n|move|p2a: Archaludon|Electro Shot|p1b: Talonflame|[from] lockedmove\n|-supereffective|p1b: Talonflame|1\n|-damage|p1b: Talonflame|0 fnt\n|faint|p1b: Talonflame\n|\n|-weather|Snowscape|[upkeep]\n|upkeep\n|\n|t:|1776200335\n|switch|p1b: Froslass|Froslass, L50, F|100/100\n|turn|9\n|\n|t:|1776200349\n|switch|p2b: Politoed|Politoed, L50, F|16/100\n|-weather|RainDance|[from] ability: Drizzle|[of] p2b: Politoed\n|detailschange|p1b: Froslass|Froslass-Mega, L50, F\n|-mega|p1b: Froslass|Froslass|Froslassite\n|-weather|Snowscape|[from] ability: Snow Warning|[of] p1b: Froslass\n|move|p1a: Ninetales|Blizzard|p2b: Politoed|[spread] p2a,p2b\n|-resisted|p2b: Politoed|1\n|-damage|p2a: Archaludon|0 fnt\n|-damage|p2b: Politoed|3/100\n|faint|p2a: Archaludon\n|move|p1b: Froslass|Blizzard|p2b: Politoed\n|-resisted|p2b: Politoed|1\n|-damage|p2b: Politoed|0 fnt\n|faint|p2b: Politoed\n|\n|-weather|Snowscape|[upkeep]\n|upkeep\n|\n|t:|1776200371\n|switch|p2a: Manectric|Manectric-Mega, L50, M|64/100\n|switch|p2b: Sinistcha|Sinistcha, L50|47/100\n|-ability|p2a: Manectric|Intimidate|boost\n|-unboost|p1a: Ninetales|atk|1\n|-unboost|p1b: Froslass|atk|1\n|-heal|p2a: Manectric|89/100|[from] ability: Hospitality|[of] p2b: Sinistcha\n|turn|10\n|inactive|kneft has 30 seconds left.\n|\n|t:|1776200398\n|move|p2b: Sinistcha|Protect|p2b: Sinistcha\n|-singleturn|p2b: Sinistcha|Protect\n|move|p1a: Ninetales|Blizzard|p2b: Sinistcha|[spread] p2a\n|-activate|p2b: Sinistcha|move: Protect\n|-crit|p2a: Manectric\n|-damage|p2a: Manectric|18/100\n|-status|p2a: Manectric|frz\n|move|p1b: Froslass|Nasty Plot|p1b: Froslass\n|-boost|p1b: Froslass|spa|2\n|cant|p2a: Manectric|frz\n|\n|-weather|Snowscape|[upkeep]\n|-heal|p2b: Sinistcha|53/100|[from] item: Leftovers\n|upkeep\n|turn|11\n|\n|t:|1776200413\n|move|p2b: Sinistcha|Protect||[still]\n|-fail|p2b: Sinistcha\n|move|p1a: Ninetales|Blizzard|p2b: Sinistcha|[spread] p2a,p2b\n|-supereffective|p2b: Sinistcha|1\n|-damage|p2a: Manectric|0 fnt\n|-damage|p2b: Sinistcha|0 fnt\n|faint|p2a: Manectric\n|faint|p2b: Sinistcha\n|\n|win|gary dagenais\n|raw|gary dagenais's rating: 1000 &rarr; <strong>1040</strong><br />(+40 for winning)\n|raw|kneft's rating: 1000 &rarr; <strong>1000</strong><br />(+0 for losing)\n|c|\u2606gary dagenais|gg\n|l|\u2606gary dagenais\n|player|p1|\n|j|\u2606gary dagenais\n|player|p1|gary dagenais|170|\n",
  "uploadtime": 1776201046,
  "views": 27,
  "formatid": "gen9championsvgc2026regma",
  "rating": 1000,
  "private": 0,
  "password": null
}