{
  "id": "gen9championsvgc2026regma-2589530992",
  "format": "[Gen 9 Champions] VGC 2026 Reg M-A",
  "players": [
    "ace o gato",
    "Quaza15"
  ],
  "log": "|j|\u2606ace o gato\n|j|\u2606Quaza15\n|t:|1776731447\n|gametype|doubles\n|player|p1|ace o gato|170|1439\n|player|p2|Quaza15|ruinmaniac|1518\n|gen|9\n|tier|[Gen 9 Champions] VGC 2026 Reg M-A\n|rated|\n|rule|Species Clause: Limit one of each Pok\u00e9mon\n|rule|Item Clause: Limit 1 of each item\n|clearpoke\n|poke|p1|Froslass, L50, F|\n|poke|p1|Kingambit, L50, F|\n|poke|p1|Incineroar, L50, M|\n|poke|p1|Whimsicott, L50, M|\n|poke|p1|Tyranitar, L50, F|\n|poke|p1|Sneasler, L50, F|\n|poke|p2|Aerodactyl, L50, F|\n|poke|p2|Garchomp, L50, M|\n|poke|p2|Mamoswine, L50, M|\n|poke|p2|Charizard, L50, M|\n|poke|p2|Kingambit, L50, M|\n|poke|p2|Rotom-Wash, L50|\n|teampreview|4\n|inactive|Battle timer is ON: inactive players will automatically lose when time's up. (requested by ace o gato)\n|\n|t:|1776731476\n|teamsize|p1|4\n|teamsize|p2|4\n|start\n|switch|p1a: Sneasler|Sneasler, L50, F|100/100\n|switch|p1b: Incineroar|Incineroar, L50, M|100/100\n|switch|p2a: Kingambit|Kingambit, L50, M|100/100\n|switch|p2b: Aerodactyl|Aerodactyl, L50, F|100/100\n|-ability|p2b: Aerodactyl|Unnerve\n|-ability|p1b: Incineroar|Intimidate|boost\n|-unboost|p2a: Kingambit|atk|1\n|-ability|p2a: Kingambit|Defiant|boost\n|-boost|p2a: Kingambit|atk|2\n|-unboost|p2b: Aerodactyl|atk|1\n|turn|1\n|\n|t:|1776731488\n|move|p2b: Aerodactyl|Protect|p2b: Aerodactyl\n|-singleturn|p2b: Aerodactyl|Protect\n|move|p1b: Incineroar|Fake Out|p2b: Aerodactyl\n|-activate|p2b: Aerodactyl|move: Protect\n|move|p1a: Sneasler|Coaching|p1b: Incineroar\n|-boost|p1b: Incineroar|atk|1\n|-boost|p1b: Incineroar|def|1\n|move|p2a: Kingambit|Low Kick|p1b: Incineroar\n|-supereffective|p1b: Incineroar|1\n|-damage|p1b: Incineroar|44/100\n|\n|upkeep\n|turn|2\n|\n|t:|1776731501\n|move|p2b: Aerodactyl|Tailwind|p2b: Aerodactyl\n|-sidestart|p2: Quaza15|move: Tailwind\n|move|p1a: Sneasler|Close Combat|p2a: Kingambit\n|-supereffective|p2a: Kingambit|2\n|-enditem|p2a: Kingambit|Chople Berry|[eat]\n|-enditem|p2a: Kingambit|Chople Berry|[weaken]\n|-damage|p2a: Kingambit|11/100\n|-unboost|p1a: Sneasler|def|1\n|-unboost|p1a: Sneasler|spd|1\n|-enditem|p1a: Sneasler|White Herb\n|-clearnegativeboost|p1a: Sneasler|[silent]\n|move|p2a: Kingambit|Low Kick|p1b: Incineroar\n|-supereffective|p1b: Incineroar|1\n|-damage|p1b: Incineroar|0 fnt\n|faint|p1b: Incineroar\n|\n|upkeep\n|\n|t:|1776731509\n|switch|p1b: Whimsicott|Whimsicott, L50, M|100/100\n|turn|3\n|\n|t:|1776731524\n|switch|p2b: Charizard|Charizard, L50, M|100/100\n|move|p1b: Whimsicott|Encore||[still]\n|-fail|p1b: Whimsicott\n|move|p2a: Kingambit|Sucker Punch|p1a: Sneasler\n|-resisted|p1a: Sneasler|1\n|-damage|p1a: Sneasler|55/100\n|move|p1a: Sneasler|Close Combat|p2a: Kingambit\n|-supereffective|p2a: Kingambit|2\n|-damage|p2a: Kingambit|0 fnt\n|-unboost|p1a: Sneasler|def|1\n|-unboost|p1a: Sneasler|spd|1\n|faint|p2a: Kingambit\n|\n|upkeep\n|\n|t:|1776731531\n|switch|p2a: Aerodactyl|Aerodactyl, L50, F|100/100\n|-ability|p2a: Aerodactyl|Unnerve\n|turn|4\n|\n|t:|1776731546\n|detailschange|p2b: Charizard|Charizard-Mega-Y, L50, M\n|-mega|p2b: Charizard|Charizard|Charizardite Y\n|-weather|SunnyDay|[from] ability: Drought|[of] p2b: Charizard\n|move|p1b: Whimsicott|Tailwind|p1b: Whimsicott\n|-sidestart|p1: ace o gato|move: Tailwind\n|move|p1a: Sneasler|Dire Claw|p2b: Charizard\n|-damage|p2b: Charizard|55/100\n|move|p2a: Aerodactyl|Dual Wingbeat|p1a: Sneasler\n|-supereffective|p1a: Sneasler|1\n|-damage|p1a: Sneasler|0 fnt\n|faint|p1a: Sneasler\n|-hitcount|p1: Sneasler|1\n|move|p2b: Charizard|Heat Wave|p1b: Whimsicott\n|-supereffective|p1b: Whimsicott|1\n|-enditem|p1b: Whimsicott|Focus Sash\n|-damage|p1b: Whimsicott|1/100\n|-status|p1b: Whimsicott|brn\n|\n|-weather|SunnyDay|[upkeep]\n|-damage|p1b: Whimsicott|0 fnt|[from] brn\n|faint|p1b: Whimsicott\n|upkeep\n|\n|t:|1776731555\n|switch|p1b: Tyranitar|Tyranitar, L50, F|100/100\n|-weather|Sandstorm|[from] ability: Sand Stream|[of] p1b: Tyranitar\n|turn|5\n|\n|t:|1776731570\n|switch|p2b: Garchomp|Garchomp, L50, M|100/100\n|move|p1b: Tyranitar|Protect|p1b: Tyranitar\n|-singleturn|p1b: Tyranitar|Protect\n|move|p2a: Aerodactyl|Rock Slide|p1b: Tyranitar\n|-activate|p1b: Tyranitar|move: Protect\n|\n|-weather|Sandstorm|[upkeep]\n|-sideend|p2: Quaza15|move: Tailwind\n|upkeep\n|turn|6\n|\n|t:|1776731574\n|detailschange|p1b: Tyranitar|Tyranitar-Mega, L50, F\n|-mega|p1b: Tyranitar|Tyranitar|Tyranitarite\n|move|p1b: Tyranitar|Rock Slide|p2a: Aerodactyl|[spread] p2a,p2b\n|-supereffective|p2a: Aerodactyl|1\n|-resisted|p2b: Garchomp|1\n|-enditem|p2a: Aerodactyl|Focus Sash\n|-damage|p2a: Aerodactyl|1/100\n|-damage|p2b: Garchomp|83/100\n|move|p2a: Aerodactyl|Tailwind|p2a: Aerodactyl\n|-sidestart|p2: Quaza15|move: Tailwind\n|cant|p2b: Garchomp|flinch\n|\n|-weather|Sandstorm|[upkeep]\n|upkeep\n|turn|7\n|\n|t:|1776731586\n|move|p2a: Aerodactyl|Rock Slide|p1b: Tyranitar\n|-damage|p1b: Tyranitar|76/100\n|move|p2b: Garchomp|Earthquake|p1b: Tyranitar|[spread] p1b\n|-immune|p2a: Aerodactyl\n|-supereffective|p1b: Tyranitar|1\n|-damage|p1b: Tyranitar|24/100\n|move|p1b: Tyranitar|Rock Slide|p2a: Aerodactyl|[spread] p2a,p2b\n|-supereffective|p2a: Aerodactyl|1\n|-resisted|p2b: Garchomp|1\n|-damage|p2a: Aerodactyl|0 fnt\n|-damage|p2b: Garchomp|67/100\n|faint|p2a: Aerodactyl\n|\n|-weather|Sandstorm|[upkeep]\n|-sideend|p1: ace o gato|move: Tailwind\n|upkeep\n|\n|t:|1776731592\n|switch|p2a: Charizard|Charizard-Mega-Y, L50, M|55/100\n|-weather|SunnyDay|[from] ability: Drought|[of] p2a: Charizard\n|turn|8\n|-message|ace o gato forfeited.\n|\n|win|Quaza15\n|raw|ace o gato's rating: 1439 &rarr; <strong>1423</strong><br />(-16 for losing)\n|raw|Quaza15's rating: 1518 &rarr; <strong>1534</strong><br />(+16 for winning)\n",
  "uploadtime": 1776731593,
  "views": 6,
  "formatid": "gen9championsvgc2026regma",
  "rating": 1423,
  "private": 0,
  "password": null
}