{
  "id": "gen9championsvgc2026regma-2583190749",
  "format": "[Gen 9 Champions] VGC 2026 Reg M-A",
  "players": [
    "Hunterfeil",
    "It'sJustKen VGC"
  ],
  "log": "|j|\u2606Hunterfeil\n|j|\u2606It'sJustKen VGC\n|t:|1776152907\n|gametype|doubles\n|player|p1|Hunterfeil|2|1142\n|player|p2|It'sJustKen VGC|266|1150\n|gen|9\n|tier|[Gen 9 Champions] VGC 2026 Reg M-A\n|rated|\n|rule|Species Clause: Limit one of each Pok\u00e9mon\n|rule|Item Clause: Limit 1 of each item\n|clearpoke\n|poke|p1|Gardevoir, L50, F|\n|poke|p1|Goodra-Hisui, L50, F|\n|poke|p1|Sinistcha, L50|\n|poke|p1|Sneasler, L50, F|\n|poke|p1|Hydreigon, L50, M|\n|poke|p1|Tyranitar, L50, M|\n|poke|p2|Floette-Eternal, L50, F|\n|poke|p2|Espathra, L50, F|\n|poke|p2|Incineroar, L50, M|\n|poke|p2|Sneasler, L50, M|\n|poke|p2|Basculegion, L50, M|\n|poke|p2|Kingambit, L50, F|\n|teampreview|4\n|inactive|Battle timer is ON: inactive players will automatically lose when time's up. (requested by It'sJustKen VGC)\n|inactive|Hunterfeil has 60 seconds left.\n|\n|t:|1776152946\n|teamsize|p1|4\n|teamsize|p2|4\n|start\n|switch|p1a: Sneasler|Sneasler, L50, F, shiny|100/100\n|switch|p1b: Gardevoir|Gardevoir, L50, F, shiny|100/100\n|switch|p2a: Floette|Floette-Eternal, L50, F|100/100\n|switch|p2b: Espathra|Espathra, L50, F|100/100\n|turn|1\n|\n|t:|1776152963\n|detailschange|p2a: Floette|Floette-Mega, L50, F\n|-mega|p2a: Floette|Floette|Floettite\n|-ability|p2a: Floette|Fairy Aura\n|detailschange|p1b: Gardevoir|Gardevoir-Mega, L50, F, shiny\n|-mega|p1b: Gardevoir|Gardevoir|Gardevoirite\n|move|p2b: Espathra|Protect|p2b: Espathra\n|-singleturn|p2b: Espathra|Protect\n|move|p2a: Floette|Protect|p2a: Floette\n|-singleturn|p2a: Floette|Protect\n|move|p1a: Sneasler|Fake Out|p2a: Floette\n|-activate|p2a: Floette|move: Protect\n|move|p1b: Gardevoir|Trick Room|p1b: Gardevoir\n|-fieldstart|move: Trick Room|[of] p1b: Gardevoir\n|\n|-ability|p2b: Espathra|Speed Boost|boost\n|-boost|p2b: Espathra|spe|1\n|upkeep\n|turn|2\n|\n|t:|1776152982\n|move|p2b: Espathra|Helping Hand|p2a: Floette\n|-singleturn|p2a: Floette|Helping Hand|[of] p2b: Espathra\n|move|p1b: Gardevoir|Hyper Voice|p2b: Espathra|[spread] p2a,p2b\n|-crit|p2a: Floette\n|-damage|p2a: Floette|14/100\n|-enditem|p2b: Espathra|Focus Sash\n|-damage|p2b: Espathra|1/100\n|move|p2a: Floette|Dazzling Gleam|p1b: Gardevoir|[spread] p1a,p1b\n|-crit|p1a: Sneasler\n|-damage|p1a: Sneasler|0 fnt\n|-damage|p1b: Gardevoir|57/100\n|faint|p1a: Sneasler\n|\n|-ability|p2b: Espathra|Speed Boost|boost\n|-boost|p2b: Espathra|spe|1\n|upkeep\n|\n|t:|1776152998\n|switch|p1a: Goodra|Goodra-Hisui, L50, F, shiny|100/100\n|turn|3\n|\n|t:|1776153006\n|move|p2a: Floette|Protect|p2a: Floette\n|-singleturn|p2a: Floette|Protect\n|move|p2b: Espathra|Protect|p2b: Espathra\n|-singleturn|p2b: Espathra|Protect\n|move|p1a: Goodra|Shelter|p1a: Goodra\n|-boost|p1a: Goodra|def|2\n|move|p1b: Gardevoir|Hyper Voice|p2a: Floette|[spread] \n|-activate|p2a: Floette|move: Protect\n|-activate|p2b: Espathra|move: Protect\n|\n|-ability|p2b: Espathra|Speed Boost|boost\n|-boost|p2b: Espathra|spe|1\n|upkeep\n|turn|4\n|\n|t:|1776153025\n|switch|p2a: Basculegion|Basculegion, L50, M|100/100\n|switch|p2b: Sneasler|Sneasler, L50, M|100/100\n|move|p1a: Goodra|Heavy Slam|p2a: Basculegion\n|-resisted|p2a: Basculegion|1\n|-damage|p2a: Basculegion|82/100\n|move|p1b: Gardevoir|Hyper Voice|p2b: Sneasler|[spread] p2a,p2b\n|-damage|p2a: Basculegion|21/100\n|-damage|p2b: Sneasler|26/100\n|\n|upkeep\n|turn|5\n|\n|t:|1776153044\n|switch|p1b: Hydreigon|Hydreigon, L50, M, shiny|100/100\n|move|p2b: Sneasler|Protect|p2b: Sneasler\n|-singleturn|p2b: Sneasler|Protect\n|move|p1a: Goodra|Shelter|p1a: Goodra\n|-boost|p1a: Goodra|def|2\n|move|p2a: Basculegion|Flip Turn|p1a: Goodra\n|-resisted|p1a: Goodra|1\n|-damage|p1a: Goodra|95/100\n|\n|t:|1776153054\n|switch|p2a: Espathra|Espathra, L50, F|1/100|[from] Flip Turn\n|\n|-heal|p1a: Goodra|100/100|[from] item: Leftovers\n|-fieldend|move: Trick Room\n|upkeep\n|turn|6\n|\n|t:|1776153065\n|move|p2b: Sneasler|Close Combat|p1b: Hydreigon\n|-supereffective|p1b: Hydreigon|1\n|-damage|p1b: Hydreigon|0 fnt\n|-unboost|p2b: Sneasler|def|1\n|-unboost|p2b: Sneasler|spd|1\n|faint|p1b: Hydreigon\n|-enditem|p2b: Sneasler|White Herb\n|-clearnegativeboost|p2b: Sneasler|[silent]\n|move|p2a: Espathra|Lumina Crash|p1a: Goodra\n|-resisted|p1a: Goodra|1\n|-damage|p1a: Goodra|89/100\n|-unboost|p1a: Goodra|spd|2\n|move|p1a: Goodra|Body Press|p2b: Sneasler\n|-resisted|p2b: Sneasler|1\n|-damage|p2b: Sneasler|0 fnt\n|faint|p2b: Sneasler\n|\n|-heal|p1a: Goodra|95/100|[from] item: Leftovers\n|-ability|p2a: Espathra|Speed Boost|boost\n|-boost|p2a: Espathra|spe|1\n|upkeep\n|\n|t:|1776153086\n|switch|p2b: Floette|Floette-Mega, L50, F|14/100\n|switch|p1b: Gardevoir|Gardevoir-Mega, L50, F, shiny|57/100\n|-ability|p2b: Floette|Fairy Aura\n|turn|7\n|\n|t:|1776153097\n|move|p2a: Espathra|Lumina Crash|p1b: Gardevoir\n|-resisted|p1b: Gardevoir|1\n|-damage|p1b: Gardevoir|44/100\n|-unboost|p1b: Gardevoir|spd|2\n|move|p2b: Floette|Dazzling Gleam|p1a: Goodra|[spread] p1a,p1b\n|-damage|p1a: Goodra|48/100\n|-damage|p1b: Gardevoir|0 fnt\n|faint|p1b: Gardevoir\n|move|p1a: Goodra|Heavy Slam|p2b: Floette\n|-supereffective|p2b: Floette|1\n|-damage|p2b: Floette|0 fnt\n|faint|p2b: Floette\n|\n|-heal|p1a: Goodra|54/100|[from] item: Leftovers\n|-ability|p2a: Espathra|Speed Boost|boost\n|-boost|p2a: Espathra|spe|1\n|upkeep\n|\n|t:|1776153103\n|switch|p2b: Basculegion|Basculegion, L50, M|21/100\n|turn|8\n|\n|t:|1776153118\n|move|p2a: Espathra|Lumina Crash|p1a: Goodra\n|-resisted|p1a: Goodra|1\n|-damage|p1a: Goodra|33/100\n|-unboost|p1a: Goodra|spd|2\n|move|p2b: Basculegion|Last Respects|p1a: Goodra\n|-damage|p1a: Goodra|7/100\n|move|p1a: Goodra|Heavy Slam|p2b: Basculegion\n|-resisted|p2b: Basculegion|1\n|-damage|p2b: Basculegion|4/100\n|\n|-heal|p1a: Goodra|13/100|[from] item: Leftovers\n|-ability|p2a: Espathra|Speed Boost|boost\n|-boost|p2a: Espathra|spe|1\n|upkeep\n|turn|9\n|\n|t:|1776153140\n|move|p2a: Espathra|Lumina Crash|p1a: Goodra\n|-resisted|p1a: Goodra|1\n|-damage|p1a: Goodra|0 fnt\n|faint|p1a: Goodra\n|\n|win|It'sJustKen VGC\n|raw|Hunterfeil's rating: 1142 &rarr; <strong>1118</strong><br />(-24 for losing)\n|raw|It&apos;sJustKen VGC's rating: 1150 &rarr; <strong>1174</strong><br />(+24 for winning)\n",
  "uploadtime": 1776153143,
  "views": 23,
  "formatid": "gen9championsvgc2026regma",
  "rating": 1118,
  "private": 0,
  "password": null
}