{
  "id": "gen9championsvgc2026regma-2584000385",
  "format": "[Gen 9 Champions] VGC 2026 Reg M-A",
  "players": [
    "Yab0ner",
    "TheNameIsSix"
  ],
  "log": "|j|\u2606Yab0ner\n|j|\u2606TheNameIsSix\n|t:|1776215587\n|gametype|doubles\n|player|p1|Yab0ner|crasherwake|1084\n|player|p2|TheNameIsSix|102|1000\n|gen|9\n|tier|[Gen 9 Champions] VGC 2026 Reg M-A\n|rated|\n|rule|Species Clause: Limit one of each Pok\u00e9mon\n|rule|Item Clause: Limit 1 of each item\n|clearpoke\n|poke|p1|Gengar, L50, F|\n|poke|p1|Primarina, L50, F|\n|poke|p1|Politoed, L50, M|\n|poke|p1|Kommo-o, L50, M|\n|poke|p1|Raichu, L50, F|\n|poke|p1|Incineroar, L50, M|\n|poke|p2|Archaludon, L50, F|\n|poke|p2|Pelipper, L50, M|\n|poke|p2|Sinistcha, L50|\n|poke|p2|Primarina, L50, M|\n|poke|p2|Crabominable, L50, M|\n|poke|p2|Incineroar, L50, M|\n|teampreview|4\n|inactive|Battle timer is ON: inactive players will automatically lose when time's up. (requested by Yab0ner)\nTheNameIsSix has agreed to open team sheets.\n|\n|t:|1776215617\n|teamsize|p1|4\n|teamsize|p2|4\n|start\n|switch|p1a: Raichu|Raichu, L50, F, shiny|100/100\n|switch|p1b: Gengar|Gengar, L50, F, shiny|100/100\n|switch|p2a: Archie|Archaludon, L50, F|100/100\n|switch|p2b: Pelipper|Pelipper, L50, M|100/100\n|-weather|RainDance|[from] ability: Drizzle|[of] p2b: Pelipper\n|turn|1\n|inactive|TheNameIsSix has 30 seconds left.\n|\n|t:|1776215645\n|detailschange|p1b: Gengar|Gengar-Mega, L50, F, shiny\n|-mega|p1b: Gengar|Gengar|Gengarite\n|move|p1a: Raichu|Fake Out|p2b: Pelipper\n|-damage|p2b: Pelipper|87/100\n|move|p1b: Gengar|Perish Song|p1b: Gengar\n|-start|p1a: Raichu|perish3|[silent]\n|-start|p1b: Gengar|perish3|[silent]\n|-start|p2a: Archie|perish3|[silent]\n|-start|p2b: Pelipper|perish3|[silent]\n|-fieldactivate|move: Perish Song\n|cant|p2b: Pelipper|flinch\n|move|p2a: Archie|Focus Energy|p2a: Archie\n|-start|p2a: Archie|move: Focus Energy\n|\n|-weather|RainDance|[upkeep]\n|-start|p1b: Gengar|perish3\n|-start|p1a: Raichu|perish3\n|-start|p2b: Pelipper|perish3\n|-start|p2a: Archie|perish3\n|upkeep\n|turn|2\n|inactive|Yab0ner has 30 seconds left.\n|\n|t:|1776215678\n|move|p1b: Gengar|Protect|p1b: Gengar\n|-singleturn|p1b: Gengar|Protect\n|move|p1a: Raichu|Nuzzle|p2a: Archie\n|-resisted|p2a: Archie|1\n|-damage|p2a: Archie|98/100\n|-status|p2a: Archie|par\n|-ability|p2a: Archie|Stamina|boost\n|-boost|p2a: Archie|def|1\n|move|p2b: Pelipper|Tailwind|p2b: Pelipper\n|-sidestart|p2: TheNameIsSix|move: Tailwind\n|move|p2a: Archie|Dragon Pulse|p1a: Raichu\n|-damage|p1a: Raichu|54/100\n|\n|-weather|RainDance|[upkeep]\n|-heal|p2a: Archie|100/100 par|[from] item: Leftovers\n|-start|p2b: Pelipper|perish2\n|-start|p1b: Gengar|perish2\n|-start|p1a: Raichu|perish2\n|-start|p2a: Archie|perish2\n|upkeep\n|turn|3\n|inactive|Yab0ner has 30 seconds left.\n|\n|t:|1776215710\n|switch|p1b: Kommo-o|Kommo-o, L50, M|100/100\n|move|p2b: Pelipper|Weather Ball|p1b: Kommo-o\n|-resisted|p1b: Kommo-o|1\n|-damage|p1b: Kommo-o|80/100\n|move|p1a: Raichu|Volt Switch|p2a: Archie\n|-resisted|p2a: Archie|1\n|-damage|p2a: Archie|89/100 par\n|-ability|p2a: Archie|Stamina|boost\n|-boost|p2a: Archie|def|1\n|\n|t:|1776215722\n|switch|p1a: Gengar|Gengar-Mega, L50, F, shiny|100/100|[from] Volt Switch\n|move|p2a: Archie|Dragon Pulse|p1b: Kommo-o\n|-supereffective|p1b: Kommo-o|1\n|-crit|p1b: Kommo-o\n|-damage|p1b: Kommo-o|4/100\n|-enditem|p1b: Kommo-o|Sitrus Berry|[eat]\n|-heal|p1b: Kommo-o|29/100|[from] item: Sitrus Berry\n|\n|-weather|RainDance|[upkeep]\n|-heal|p2a: Archie|95/100 par|[from] item: Leftovers\n|-start|p2b: Pelipper|perish1\n|-start|p2a: Archie|perish1\n|upkeep\n|turn|4\n|inactive|Yab0ner has 30 seconds left.\n|\n|t:|1776215754\n|move|p1a: Gengar|Protect|p1a: Gengar\n|-singleturn|p1a: Gengar|Protect\n|move|p1b: Kommo-o|Protect|p1b: Kommo-o\n|-singleturn|p1b: Kommo-o|Protect\n|move|p2b: Pelipper|Hurricane|p1b: Kommo-o\n|-activate|p1b: Kommo-o|move: Protect\n|cant|p2a: Archie|par\n|\n|-weather|RainDance|[upkeep]\n|-heal|p2a: Archie|100/100 par|[from] item: Leftovers\n|-start|p2b: Pelipper|perish0\n|-start|p2a: Archie|perish0\n|faint|p2b: Pelipper\n|faint|p2a: Archie\n|upkeep\n|\n|t:|1776215758\n|switch|p2a: Sinistcha|Sinistcha, L50|100/100\n|switch|p2b: Incineroar|Incineroar, L50, M|100/100\n|-ability|p2b: Incineroar|Intimidate|boost\n|-unboost|p1a: Gengar|atk|1\n|-unboost|p1b: Kommo-o|atk|1\n|turn|5\n|-message|TheNameIsSix forfeited.\n|\n|win|Yab0ner\n|raw|Yab0ner's rating: 1084 &rarr; <strong>1105</strong><br />(+21 for winning)\n|raw|TheNameIsSix's rating: 1000 &rarr; <strong>1000</strong><br />(+0 for losing)\n|l|\u2606TheNameIsSix\n|player|p2|\n",
  "uploadtime": 1776215785,
  "views": 24,
  "formatid": "gen9championsvgc2026regma",
  "rating": 1000,
  "private": 0,
  "password": null
}