{
  "id": "gen9championsvgc2026regma-2581165393",
  "format": "[Gen 9 Champions] VGC 2026 Reg M-A",
  "players": [
    "Spark the Pikagoss",
    "Boomboompow202"
  ],
  "log": "|j|\u2606Spark the Pikagoss\n|j|\u2606Boomboompow202\n|t:|1775966246\n|gametype|doubles\n|player|p1|Spark the Pikagoss|gentleman|1112\n|player|p2|Boomboompow202|169|1193\n|gen|9\n|tier|[Gen 9 Champions] VGC 2026 Reg M-A\n|rated|\n|rule|Species Clause: Limit one of each Pok\u00e9mon\n|rule|Item Clause: Limit 1 of each item\n|clearpoke\n|poke|p1|Politoed, L50, F|\n|poke|p1|Gengar, L50, M|\n|poke|p1|Incineroar, L50, M|\n|poke|p1|Maushold, L50|\n|poke|p1|Basculegion, L50, M|\n|poke|p1|Archaludon, L50, M|\n|poke|p2|Zoroark-Hisui, L50, F|\n|poke|p2|Kingambit, L50, M|\n|poke|p2|Gengar, L50, F|\n|poke|p2|Sneasler, L50, M|\n|poke|p2|Whimsicott, L50, M|\n|poke|p2|Incineroar, L50, F|\n|teampreview|4\n|\n|t:|1775966306\n|teamsize|p1|4\n|teamsize|p2|4\n|start\n|switch|p1a: Basculegion|Basculegion, L50, M|100/100\n|switch|p1b: Politoed|Politoed, L50, F|100/100\n|switch|p2a: Kingambit|Kingambit, L50, M|100/100\n|switch|p2b: Sneasler|Sneasler, L50, M|100/100\n|-weather|RainDance|[from] ability: Drizzle|[of] p1b: Politoed\n|turn|1\n|\n|t:|1775966342\n|move|p2a: Kingambit|Sucker Punch|p1a: Basculegion\n|-supereffective|p1a: Basculegion|1\n|-enditem|p1a: Basculegion|Focus Sash\n|-damage|p1a: Basculegion|1/100\n|move|p1a: Basculegion|Wave Crash|p2b: Sneasler\n|-damage|p2b: Sneasler|0 fnt\n|faint|p2b: Sneasler\n|-damage|p1a: Basculegion|0 fnt|[from] Recoil\n|faint|p1a: Basculegion\n|move|p1b: Politoed|Encore|p2a: Kingambit\n|-start|p2a: Kingambit|Encore\n|\n|-weather|RainDance|[upkeep]\n|upkeep\n|\n|t:|1775966359\n|switch|p2b: Incineroar|Incineroar, L50, F|100/100\n|switch|p1a: Archaludon|Archaludon, L50, M|100/100\n|-ability|p2b: Incineroar|Intimidate|boost\n|-unboost|p1a: Archaludon|atk|1\n|-unboost|p1b: Politoed|atk|1\n|turn|2\n|\n|t:|1775966380\n|switch|p1b: Maushold|Maushold, L50|100/100\n|move|p2b: Incineroar|Fake Out|p1b: Maushold\n|-damage|p1b: Maushold|84/100\n|move|p2a: Kingambit|Sucker Punch|p1a: Archaludon\n|-damage|p1a: Archaludon|76/100\n|-ability|p1a: Archaludon|Stamina|boost\n|-boost|p1a: Archaludon|def|1\n|move|p1a: Archaludon|Electro Shot||[still]\n|-prepare|p1a: Archaludon|Electro Shot\n|-boost|p1a: Archaludon|spa|1\n|-anim|p1a: Archaludon|Electro Shot|p2b: Incineroar\n|-damage|p2b: Incineroar|34/100\n|\n|-weather|RainDance|[upkeep]\n|upkeep\n|turn|3\n|\n|t:|1775966416\n|move|p1b: Maushold|Follow Me|p1b: Maushold\n|-singleturn|p1b: Maushold|move: Follow Me\n|move|p2a: Kingambit|Sucker Punch||[still]\n|-fail|p2a: Kingambit\n|move|p1a: Archaludon|Electro Shot||[still]\n|-prepare|p1a: Archaludon|Electro Shot\n|-boost|p1a: Archaludon|spa|1\n|-anim|p1a: Archaludon|Electro Shot|p2a: Kingambit\n|-damage|p2a: Kingambit|0 fnt\n|faint|p2a: Kingambit\n|move|p2b: Incineroar|Parting Shot|p1b: Maushold\n|-unboost|p1b: Maushold|atk|1\n|-unboost|p1b: Maushold|spa|1\n|\n|t:|1775966426\n|switch|p2b: Gengar|Gengar, L50, F|100/100|[from] Parting Shot\n|\n|-weather|RainDance|[upkeep]\n|upkeep\n|\n|t:|1775966429\n|switch|p2a: Incineroar|Incineroar, L50, F|34/100\n|-ability|p2a: Incineroar|Intimidate|boost\n|-unboost|p1a: Archaludon|atk|1\n|-unboost|p1b: Maushold|atk|1\n|turn|4\n|\n|t:|1775966469\n|detailschange|p2b: Gengar|Gengar-Mega, L50, F\n|-mega|p2b: Gengar|Gengar|Gengarite\n|move|p1b: Maushold|Protect|p1b: Maushold\n|-singleturn|p1b: Maushold|Protect\n|move|p1a: Archaludon|Protect|p1a: Archaludon\n|-singleturn|p1a: Archaludon|Protect\n|move|p2b: Gengar|Substitute|p2b: Gengar\n|-start|p2b: Gengar|Substitute\n|-damage|p2b: Gengar|76/100\n|move|p2a: Incineroar|Flare Blitz|p1b: Maushold\n|-activate|p1b: Maushold|move: Protect\n|\n|-weather|RainDance|[upkeep]\n|upkeep\n|turn|5\n|\n|t:|1775966510\n|move|p2b: Gengar|Sludge Bomb|p1b: Maushold\n|-damage|p1b: Maushold|19/100\n|move|p1b: Maushold|Taunt|p2b: Gengar\n|-start|p2b: Gengar|move: Taunt\n|move|p1a: Archaludon|Electro Shot||[still]\n|-prepare|p1a: Archaludon|Electro Shot\n|-boost|p1a: Archaludon|spa|1\n|-anim|p1a: Archaludon|Electro Shot|p2a: Incineroar\n|-damage|p2a: Incineroar|0 fnt\n|faint|p2a: Incineroar\n|\n|-weather|none\n|upkeep\n|turn|6\n|\n|t:|1775966536\n|move|p1b: Maushold|Follow Me|p1b: Maushold\n|-singleturn|p1b: Maushold|move: Follow Me\n|move|p2b: Gengar|Shadow Ball|p1b: Maushold\n|-immune|p1b: Maushold\n|move|p1a: Archaludon|Flash Cannon|p2b: Gengar\n|-end|p2b: Gengar|Substitute\n|\n|upkeep\n|turn|7\n|\n|t:|1775966546\n|move|p1b: Maushold|Follow Me|p1b: Maushold\n|-singleturn|p1b: Maushold|move: Follow Me\n|move|p2b: Gengar|Sludge Bomb|p1b: Maushold\n|-damage|p1b: Maushold|0 fnt\n|faint|p1b: Maushold\n|move|p1a: Archaludon|Flash Cannon|p2b: Gengar\n|-damage|p2b: Gengar|0 fnt\n|faint|p2b: Gengar\n|\n|win|Spark the Pikagoss\n|raw|Spark the Pikagoss's rating: 1112 &rarr; <strong>1143</strong><br />(+31 for winning)\n|raw|Boomboompow202's rating: 1193 &rarr; <strong>1162</strong><br />(-31 for losing)\n|l|\u2606Boomboompow202\n|player|p2|\n",
  "uploadtime": 1775966555,
  "views": 15,
  "formatid": "gen9championsvgc2026regma",
  "rating": 1143,
  "private": 0,
  "password": null
}