{
  "id": "gen9championsvgc2026regma-2587574086",
  "format": "[Gen 9 Champions] VGC 2026 Reg M-A",
  "players": [
    "chiiiiiiiiiiiikn",
    "Quique_PM"
  ],
  "log": "|j|\u2606chiiiiiiiiiiiikn\n|j|\u2606Quique_PM\n|t:|1776543514\n|gametype|doubles\n|player|p1|chiiiiiiiiiiiikn|2|1122\n|player|p2|Quique_PM|170|1085\n|gen|9\n|tier|[Gen 9 Champions] VGC 2026 Reg M-A\n|rated|\n|rule|Species Clause: Limit one of each Pok\u00e9mon\n|rule|Item Clause: Limit 1 of each item\n|clearpoke\n|poke|p1|Lycanroc, L50, M|\n|poke|p1|Tyranitar, L50, M|\n|poke|p1|Basculegion, L50, M|\n|poke|p1|Sinistcha, L50|\n|poke|p1|Orthworm, L50, M|\n|poke|p1|Camerupt, L50, F|\n|poke|p2|Floette-Eternal, L50, F|\n|poke|p2|Garchomp, L50, F|\n|poke|p2|Sneasler, L50, F|\n|poke|p2|Rotom-Wash, L50|\n|poke|p2|Aerodactyl, L50, F|\n|poke|p2|Incineroar, L50, M|\n|teampreview|4\n|inactive|Battle timer is ON: inactive players will automatically lose when time's up. (requested by Quique_PM)\n|inactive|chiiiiiiiiiiiikn has 60 seconds left.\n|\n|t:|1776543550\n|teamsize|p1|4\n|teamsize|p2|4\n|start\n|switch|p1a: Lycanroc|Lycanroc, L50, M|100/100\n|switch|p1b: Basculegion|Basculegion, L50, M|100/100\n|switch|p2a: Aerodactyl|Aerodactyl, L50, F|100/100\n|switch|p2b: Floette|Floette-Eternal, L50, F|100/100\n|-ability|p2a: Aerodactyl|Unnerve\n|turn|1\n|inactive|chiiiiiiiiiiiikn has 30 seconds left.\n|\n|t:|1776543576\n|detailschange|p2b: Floette|Floette-Mega, L50, F\n|-mega|p2b: Floette|Floette|Floettite\n|-ability|p2b: Floette|Fairy Aura\n|move|p1b: Basculegion|Flip Turn|p2a: Aerodactyl\n|-supereffective|p2a: Aerodactyl|1\n|-enditem|p2a: Aerodactyl|Focus Sash\n|-damage|p2a: Aerodactyl|1/100\n|\n|t:|1776543583\n|switch|p1b: Tyranitar|Tyranitar, L50, M|100/100|[from] Flip Turn\n|-weather|Sandstorm|[from] ability: Sand Stream|[of] p1b: Tyranitar\n|move|p1a: Lycanroc|Rock Slide|p2b: Floette|[spread] p2a,p2b\n|-supereffective|p2a: Aerodactyl|1\n|-damage|p2a: Aerodactyl|0 fnt\n|-damage|p2b: Floette|74/100\n|faint|p2a: Aerodactyl\n|cant|p2b: Floette|flinch\n|\n|-weather|Sandstorm|[upkeep]\n|-damage|p2b: Floette|68/100|[from] Sandstorm\n|upkeep\n|\n|t:|1776543594\n|switch|p2a: Rotom|Rotom-Wash, L50|100/100\n|turn|2\n|\n|t:|1776543600\n|detailschange|p1b: Tyranitar|Tyranitar-Mega, L50, M\n|-mega|p1b: Tyranitar|Tyranitar|Tyranitarite\n|move|p1a: Lycanroc|Howl|p1a: Lycanroc|[spread] p1a,p1b\n|-boost|p1a: Lycanroc|atk|1\n|-boost|p1b: Tyranitar|atk|1\n|move|p2a: Rotom|Hydro Pump|p1a: Lycanroc\n|-supereffective|p1a: Lycanroc|1\n|-damage|p1a: Lycanroc|6/100\n|move|p2b: Floette|Dazzling Gleam|p1a: Lycanroc|[spread] p1a,p1b\n|-supereffective|p1b: Tyranitar|1\n|-damage|p1a: Lycanroc|0 fnt\n|-damage|p1b: Tyranitar|60/100\n|faint|p1a: Lycanroc\n|move|p1b: Tyranitar|Rock Slide|p2b: Floette|[spread] p2a,p2b\n|-crit|p2a: Rotom\n|-damage|p2a: Rotom|15/100\n|-damage|p2b: Floette|12/100\n|\n|-weather|Sandstorm|[upkeep]\n|-damage|p2a: Rotom|10/100|[from] Sandstorm\n|-damage|p2b: Floette|5/100|[from] Sandstorm\n|upkeep\n|\n|t:|1776543616\n|switch|p1a: Sinistcha|Sinistcha, L50|100/100\n|-heal|p1b: Tyranitar|85/100|[from] ability: Hospitality|[of] p1a: Sinistcha\n|turn|3\n|\n|t:|1776543623\n|move|p1a: Sinistcha|Rage Powder|p1a: Sinistcha\n|-singleturn|p1a: Sinistcha|move: Rage Powder\n|move|p2a: Rotom|Hydro Pump|p1a: Sinistcha\n|-resisted|p1a: Sinistcha|1\n|-damage|p1a: Sinistcha|82/100\n|move|p2b: Floette|Moonblast|p1a: Sinistcha\n|-damage|p1a: Sinistcha|16/100\n|move|p1b: Tyranitar|Rock Slide|p2a: Rotom|[spread] p2a,p2b\n|-crit|p2b: Floette\n|-damage|p2a: Rotom|0 fnt\n|-damage|p2b: Floette|0 fnt\n|faint|p2a: Rotom\n|faint|p2b: Floette\n|\n|-weather|Sandstorm|[upkeep]\n|-damage|p1a: Sinistcha|10/100|[from] Sandstorm\n|upkeep\n|\n|t:|1776543638\n|switch|p2b: Sneasler|Sneasler, L50, F|100/100\n|turn|4\n|\n|t:|1776543646\n|move|p1b: Tyranitar|Protect|p1b: Tyranitar\n|-singleturn|p1b: Tyranitar|Protect\n|move|p1a: Sinistcha|Protect|p1a: Sinistcha\n|-singleturn|p1a: Sinistcha|Protect\n|move|p2b: Sneasler|Dire Claw|p1a: Sinistcha\n|-activate|p1a: Sinistcha|move: Protect\n|\n|-weather|Sandstorm|[upkeep]\n|-damage|p2b: Sneasler|94/100|[from] Sandstorm\n|-damage|p1a: Sinistcha|4/100|[from] Sandstorm\n|upkeep\n|turn|5\n|\n|t:|1776543656\n|move|p2b: Sneasler|Protect|p2b: Sneasler\n|-singleturn|p2b: Sneasler|Protect\n|move|p1a: Sinistcha|Rage Powder|p1a: Sinistcha\n|-singleturn|p1a: Sinistcha|move: Rage Powder\n|move|p1b: Tyranitar|Crunch|p2b: Sneasler\n|-activate|p2b: Sneasler|move: Protect\n|\n|-weather|none\n|upkeep\n|turn|6\n|\n|t:|1776543664\n|move|p1a: Sinistcha|Rage Powder|p1a: Sinistcha\n|-singleturn|p1a: Sinistcha|move: Rage Powder\n|move|p2b: Sneasler|Dire Claw|p1a: Sinistcha\n|-damage|p1a: Sinistcha|0 fnt\n|faint|p1a: Sinistcha\n|move|p1b: Tyranitar|Crunch|p2b: Sneasler\n|-resisted|p2b: Sneasler|1\n|-damage|p2b: Sneasler|28/100\n|-unboost|p2b: Sneasler|def|1\n|-enditem|p2b: Sneasler|White Herb\n|-clearnegativeboost|p2b: Sneasler|[silent]\n|\n|upkeep\n|\n|t:|1776543674\n|switch|p1a: Basculegion|Basculegion, L50, M|100/100\n|turn|7\n|\n|t:|1776543680\n|move|p2b: Sneasler|Close Combat|p1b: Tyranitar\n|-supereffective|p1b: Tyranitar|2\n|-damage|p1b: Tyranitar|0 fnt\n|-unboost|p2b: Sneasler|def|1\n|-unboost|p2b: Sneasler|spd|1\n|faint|p1b: Tyranitar\n|move|p1a: Basculegion|Last Respects|p2b: Sneasler\n|-damage|p2b: Sneasler|0 fnt\n|faint|p2b: Sneasler\n|\n|win|chiiiiiiiiiiiikn\n|raw|chiiiiiiiiiiiikn's rating: 1122 &rarr; <strong>1144</strong><br />(+22 for winning)\n|raw|Quique_PM's rating: 1085 &rarr; <strong>1065</strong><br />(-20 for losing)\n|l|\u2606Quique_PM\n|player|p2|\n",
  "uploadtime": 1776543691,
  "views": 14,
  "formatid": "gen9championsvgc2026regma",
  "rating": 1065,
  "private": 0,
  "password": null
}