{
  "id": "gen9championsvgc2026regma-2587407673",
  "format": "[Gen 9 Champions] VGC 2026 Reg M-A",
  "players": [
    "nachi8762",
    "shnoozel"
  ],
  "log": "|j|\u203dnachi8762\n|j|\u2606shnoozel\n|t:|1776529288\n|gametype|doubles\n|player|p1|nachi8762|dawn-masters3|1102\n|player|p2|shnoozel|dragontamer|1036\n|gen|9\n|tier|[Gen 9 Champions] VGC 2026 Reg M-A\n|rated|\n|rule|Species Clause: Limit one of each Pok\u00e9mon\n|rule|Item Clause: Limit 1 of each item\n|clearpoke\n|poke|p1|Tsareena, L50, F, shiny|\n|poke|p1|Aerodactyl, L50, M|\n|poke|p1|Tyranitar, L50, M|\n|poke|p1|Milotic, L50, F, shiny|\n|poke|p1|Garchomp, L50, M|\n|poke|p1|Incineroar, L50, M|\n|poke|p2|Floette-Eternal, L50, F, shiny|\n|poke|p2|Incineroar, L50, M|\n|poke|p2|Whimsicott, L50, M|\n|poke|p2|Araquanid, L50, M|\n|poke|p2|Kingambit, L50, F|\n|poke|p2|Dragapult, L50, M|\n|teampreview|4\n|\n|t:|1776529325\n|teamsize|p1|4\n|teamsize|p2|4\n|start\n|switch|p1a: Aerodactyl|Aerodactyl, L50, M|100/100\n|switch|p1b: Incineroar|Incineroar, L50, M|100/100\n|switch|p2a: Araquanid|Araquanid, L50, M|100/100\n|switch|p2b: Incineroar|Incineroar, L50, M|100/100\n|-ability|p1a: Aerodactyl|Unnerve\n|-ability|p2b: Incineroar|Intimidate|boost\n|-unboost|p1a: Aerodactyl|atk|1\n|-unboost|p1b: Incineroar|atk|1\n|-ability|p1b: Incineroar|Intimidate|boost\n|-unboost|p2a: Araquanid|atk|1\n|-unboost|p2b: Incineroar|atk|1\n|turn|1\n|\n|t:|1776529345\n|move|p1a: Aerodactyl|Protect|p1a: Aerodactyl\n|-singleturn|p1a: Aerodactyl|Protect\n|move|p2b: Incineroar|Fake Out|p1b: Incineroar\n|-crit|p1b: Incineroar\n|-damage|p1b: Incineroar|83/100\n|cant|p1b: Incineroar|flinch\n|move|p2a: Araquanid|Liquidation|p1b: Incineroar\n|-supereffective|p1b: Incineroar|1\n|-damage|p1b: Incineroar|0 fnt\n|faint|p1b: Incineroar\n|\n|upkeep\n|\n|t:|1776529360\n|switch|p1b: Tyranitar|Tyranitar, L50, M|100/100\n|-weather|Sandstorm|[from] ability: Sand Stream|[of] p1b: Tyranitar\n|turn|2\n|-activate|p2a: Araquanid|item: Quick Claw\n|\n|t:|1776529371\n|detailschange|p1b: Tyranitar|Tyranitar-Mega, L50, M\n|-mega|p1b: Tyranitar|Tyranitar|Tyranitarite\n|move|p2a: Araquanid|Protect|p2a: Araquanid\n|-singleturn|p2a: Araquanid|Protect\n|move|p1a: Aerodactyl|Tailwind|p1a: Aerodactyl\n|-sidestart|p1: nachi8762|move: Tailwind\n|move|p1b: Tyranitar|Rock Slide|p2b: Incineroar|[spread] p2b\n|-activate|p2a: Araquanid|move: Protect\n|-supereffective|p2b: Incineroar|1\n|-damage|p2b: Incineroar|30/100\n|move|p2b: Incineroar|Parting Shot|p1b: Tyranitar\n|-unboost|p1b: Tyranitar|atk|1\n|-unboost|p1b: Tyranitar|spa|1\n|\n|t:|1776529385\n|switch|p2b: Kingambit|Kingambit, L50, F|100/100|[from] Parting Shot\n|\n|-weather|Sandstorm|[upkeep]\n|-damage|p2a: Araquanid|94/100|[from] Sandstorm\n|upkeep\n|turn|3\n|\n|t:|1776529408\n|move|p2b: Kingambit|Sucker Punch|p1a: Aerodactyl\n|-damage|p1a: Aerodactyl|33/100\n|move|p1a: Aerodactyl|Dual Wingbeat|p2a: Araquanid\n|-supereffective|p2a: Araquanid|1\n|-damage|p2a: Araquanid|64/100\n|-supereffective|p2a: Araquanid|1\n|-damage|p2a: Araquanid|30/100\n|-hitcount|p2a: Araquanid|2\n|move|p1b: Tyranitar|Rock Slide|p2b: Kingambit|[spread] p2a\n|-miss|p1b: Tyranitar|p2b: Kingambit\n|-supereffective|p2a: Araquanid|1\n|-damage|p2a: Araquanid|0 fnt\n|faint|p2a: Araquanid\n|\n|-weather|Sandstorm|[upkeep]\n|upkeep\n|\n|t:|1776529443\n|switch|p2a: Floette|Floette-Eternal, L50, F, shiny|100/100\n|turn|4\n|\n|t:|1776529464\n|switch|p1a: Garchomp|Garchomp, L50, M|100/100\n|move|p1b: Tyranitar|Protect|p1b: Tyranitar\n|-singleturn|p1b: Tyranitar|Protect\n|move|p2a: Floette|Protect|p2a: Floette\n|-singleturn|p2a: Floette|Protect\n|move|p2b: Kingambit|Sucker Punch||[still]\n|-fail|p2b: Kingambit\n|\n|-weather|Sandstorm|[upkeep]\n|-damage|p2a: Floette|94/100|[from] Sandstorm\n|upkeep\n|turn|5\n|\n|t:|1776529491\n|switch|p1b: Aerodactyl|Aerodactyl, L50, M|33/100\n|-ability|p1b: Aerodactyl|Unnerve\n|switch|p2a: Incineroar|Incineroar, L50, M|30/100\n|-ability|p2a: Incineroar|Intimidate|boost\n|-unboost|p1a: Garchomp|atk|1\n|-unboost|p1b: Aerodactyl|atk|1\n|move|p2b: Kingambit|Sucker Punch|p1a: Garchomp\n|-damage|p1a: Garchomp|61/100\n|move|p1a: Garchomp|Earthquake|p2b: Kingambit|[spread] p2a,p2b\n|-immune|p1b: Aerodactyl\n|-supereffective|p2a: Incineroar|1\n|-supereffective|p2b: Kingambit|1\n|-damage|p2a: Incineroar|0 fnt\n|-damage|p2b: Kingambit|65/100\n|faint|p2a: Incineroar\n|\n|-weather|Sandstorm|[upkeep]\n|-sideend|p1: nachi8762|move: Tailwind\n|upkeep\n|\n|t:|1776529511\n|switch|p2a: Floette|Floette-Eternal, L50, F, shiny|94/100\n|turn|6\n|\n|t:|1776529523\n|detailschange|p2a: Floette|Floette-Mega, L50, F, shiny\n|-mega|p2a: Floette|Floette|Floettite\n|-ability|p2a: Floette|Fairy Aura\n|move|p1a: Garchomp|Protect|p1a: Garchomp\n|-singleturn|p1a: Garchomp|Protect\n|move|p2b: Kingambit|Sucker Punch||[still]\n|-fail|p2b: Kingambit\n|move|p1b: Aerodactyl|Tailwind|p1b: Aerodactyl\n|-sidestart|p1: nachi8762|move: Tailwind\n|move|p2a: Floette|Dazzling Gleam|p1a: Garchomp|[spread] p1b\n|-activate|p1a: Garchomp|move: Protect\n|-crit|p1b: Aerodactyl\n|-damage|p1b: Aerodactyl|0 fnt\n|faint|p1b: Aerodactyl\n|\n|-weather|none\n|upkeep\n|\n|t:|1776529530\n|switch|p1b: Tyranitar|Tyranitar-Mega, L50, M|100/100\n|-weather|Sandstorm|[from] ability: Sand Stream|[of] p1b: Tyranitar\n|turn|7\n|\n|t:|1776529559\n|move|p2a: Floette|Protect|p2a: Floette\n|-singleturn|p2a: Floette|Protect\n|move|p2b: Kingambit|Sucker Punch|p1a: Garchomp\n|-damage|p1a: Garchomp|19/100\n|move|p1a: Garchomp|Rock Slide|p2b: Kingambit|[spread] p2b\n|-activate|p2a: Floette|move: Protect\n|-resisted|p2b: Kingambit|1\n|-damage|p2b: Kingambit|60/100\n|move|p1b: Tyranitar|Rock Slide|p2b: Kingambit|[spread] p2b\n|-activate|p2a: Floette|move: Protect\n|-resisted|p2b: Kingambit|1\n|-damage|p2b: Kingambit|47/100\n|\n|-weather|Sandstorm|[upkeep]\n|-damage|p2a: Floette|88/100|[from] Sandstorm\n|upkeep\n|turn|8\n|\n|t:|1776529594\n|move|p1b: Tyranitar|Protect|p1b: Tyranitar\n|-singleturn|p1b: Tyranitar|Protect\n|move|p2b: Kingambit|Sucker Punch|p1a: Garchomp\n|-damage|p1a: Garchomp|0 fnt\n|faint|p1a: Garchomp\n|move|p2a: Floette|Light of Ruin|p1b: Tyranitar\n|-activate|p1b: Tyranitar|move: Protect\n|\n|-weather|Sandstorm|[upkeep]\n|-damage|p2a: Floette|82/100|[from] Sandstorm\n|upkeep\n|turn|9\n|-message|nachi8762 forfeited.\n|\n|win|shnoozel\n|raw|nachi8762's rating: 1102 &rarr; <strong>1072</strong><br />(-30 for losing)\n|raw|shnoozel's rating: 1036 &rarr; <strong>1077</strong><br />(+41 for winning)\n|l|\u203dnachi8762\n|player|p1|\n",
  "uploadtime": 1776529615,
  "views": 18,
  "formatid": "gen9championsvgc2026regma",
  "rating": 1072,
  "private": 0,
  "password": null
}