{
  "id": "gen9championsvgc2026regma-2583171567",
  "format": "[Gen 9 Champions] VGC 2026 Reg M-A",
  "players": [
    "Prohxy",
    "ray_game0"
  ],
  "log": "|j|\u2606Prohxy\n|j|\u2606ray_game0\n|t:|1776150706\n|gametype|doubles\n|player|p1|Prohxy|lorelei-lgpe|1058\n|player|p2|ray_game0|hiker-gen4|1025\n|gen|9\n|tier|[Gen 9 Champions] VGC 2026 Reg M-A\n|rated|\n|rule|Species Clause: Limit one of each Pok\u00e9mon\n|rule|Item Clause: Limit 1 of each item\n|clearpoke\n|poke|p1|Alcremie, L50, F|\n|poke|p1|Sinistcha, L50|\n|poke|p1|Scizor, L50, M|\n|poke|p1|Politoed, L50, M|\n|poke|p1|Basculegion, L50, M|\n|poke|p1|Stunfisk, L50, F|\n|poke|p2|Pelipper, L50, M|\n|poke|p2|Azumarill, L50, M|\n|poke|p2|Charizard, L50, M|\n|poke|p2|Garchomp, L50, F|\n|poke|p2|Whimsicott, L50, F|\n|poke|p2|Gengar, L50, M|\n|teampreview|4\nProhxy rejected open team sheets.\n|inactive|Battle timer is ON: inactive players will automatically lose when time's up. (requested by Prohxy)\n|\n|t:|1776150770\n|teamsize|p1|4\n|teamsize|p2|4\n|start\n|switch|p1a: Politoed|Politoed, L50, M, shiny|100/100\n|switch|p1b: Stunfisk|Stunfisk, L50, F, shiny|100/100\n|switch|p2a: Whimsicott|Whimsicott, L50, F|100/100\n|switch|p2b: Gengar|Gengar, L50, M|100/100\n|-weather|RainDance|[from] ability: Drizzle|[of] p1a: Politoed\n|turn|1\n|\n|t:|1776150787\n|move|p2a: Whimsicott|Tailwind|p2a: Whimsicott\n|-sidestart|p2: ray_game0|move: Tailwind\n|move|p2b: Gengar|Taunt|p1a: Politoed\n|-start|p1a: Politoed|move: Taunt\n|move|p1a: Politoed|Icy Wind|p2a: Whimsicott|[spread] p2a,p2b\n|-supereffective|p2a: Whimsicott|1\n|-damage|p2a: Whimsicott|70/100\n|-damage|p2b: Gengar|87/100\n|-unboost|p2a: Whimsicott|spe|1\n|-unboost|p2b: Gengar|spe|1\n|move|p1b: Stunfisk|Earth Power|p2b: Gengar\n|-supereffective|p2b: Gengar|1\n|-damage|p2b: Gengar|0 fnt\n|faint|p2b: Gengar\n|\n|-weather|RainDance|[upkeep]\n|upkeep\n|\n|t:|1776150810\n|switch|p2b: Charizard|Charizard, L50, M|100/100\n|turn|2\n|inactive|ray_game0 has 30 seconds left.\n|\n|t:|1776150836\n|detailschange|p2b: Charizard|Charizard-Mega-Y, L50, M\n|-mega|p2b: Charizard|Charizard|Charizardite Y\n|-weather|SunnyDay|[from] ability: Drought|[of] p2b: Charizard\n|move|p2b: Charizard|Solar Beam||[still]\n|-prepare|p2b: Charizard|Solar Beam\n|-anim|p2b: Charizard|Solar Beam|p1a: Politoed\n|-supereffective|p1a: Politoed|1\n|-damage|p1a: Politoed|9/100\n|move|p2a: Whimsicott|Encore|p1a: Politoed\n|-start|p1a: Politoed|Encore\n|move|p1a: Politoed|Icy Wind|p2b: Charizard|[spread] p2a,p2b\n|-supereffective|p2a: Whimsicott|1\n|-damage|p2a: Whimsicott|41/100\n|-damage|p2b: Charizard|91/100\n|-unboost|p2a: Whimsicott|spe|1\n|-unboost|p2b: Charizard|spe|1\n|move|p1b: Stunfisk|Thunder|p2b: Charizard\n|-supereffective|p2b: Charizard|1\n|-damage|p2b: Charizard|10/100\n|-status|p2b: Charizard|par\n|\n|-weather|SunnyDay|[upkeep]\n|upkeep\n|turn|3\n|inactive|Prohxy has 30 seconds left.\n|inactive|ray_game0 has 30 seconds left.\n|\n|t:|1776150867\n|switch|p2b: Garchomp|Garchomp, L50, F|100/100\n|move|p2a: Whimsicott|Encore|p1b: Stunfisk\n|-start|p1b: Stunfisk|Encore\n|move|p1a: Politoed|Icy Wind|p2b: Garchomp|[spread] p2a,p2b\n|-supereffective|p2a: Whimsicott|1\n|-supereffective|p2b: Garchomp|2\n|-damage|p2a: Whimsicott|11/100\n|-damage|p2b: Garchomp|62/100\n|-unboost|p2a: Whimsicott|spe|1\n|-unboost|p2b: Garchomp|spe|1\n|move|p1b: Stunfisk|Thunder|p2b: Garchomp\n|-immune|p2b: Garchomp\n|\n|-weather|SunnyDay|[upkeep]\n|-end|p1a: Politoed|move: Taunt\n|upkeep\n|turn|4\n|inactive|ray_game0 has 30 seconds left.\n|inactive|ray_game0 has 20 seconds left.\n|\n|t:|1776150904\n|switch|p1b: Basculegion|Basculegion, L50, M|100/100\n|move|p2a: Whimsicott|Protect|p2a: Whimsicott\n|-singleturn|p2a: Whimsicott|Protect\n|move|p2b: Garchomp|Earthquake|p1a: Politoed|[spread] p1a,p1b\n|-activate|p2a: Whimsicott|move: Protect\n|-damage|p1a: Politoed|0 fnt\n|-damage|p1b: Basculegion|40/100\n|faint|p1a: Politoed\n|\n|-weather|SunnyDay|[upkeep]\n|-sideend|p2: ray_game0|move: Tailwind\n|upkeep\n|\n|t:|1776150916\n|switch|p1a: Stunfisk|Stunfisk, L50, F, shiny|100/100\n|turn|5\n|inactive|Prohxy has 30 seconds left.\n|\n|t:|1776150944\n|move|p1b: Basculegion|Wave Crash|p2b: Garchomp\n|-damage|p2b: Garchomp|32/100\n|-damage|p1b: Basculegion|28/100|[from] ability: Rough Skin|[of] p2b: Garchomp\n|-damage|p1b: Basculegion|19/100|[from] Recoil\n|move|p2b: Garchomp|Earthquake|p1a: Stunfisk|[spread] p2a,p1a,p1b\n|-resisted|p2a: Whimsicott|1\n|-supereffective|p1a: Stunfisk|1\n|-damage|p2a: Whimsicott|0 fnt\n|-damage|p1a: Stunfisk|6/100\n|-damage|p1b: Basculegion|0 fnt\n|faint|p2a: Whimsicott\n|faint|p1b: Basculegion\n|move|p1a: Stunfisk|Scald|p2b: Garchomp\n|-damage|p2b: Garchomp|22/100\n|-status|p2b: Garchomp|brn\n|\n|-weather|SunnyDay|[upkeep]\n|-heal|p1a: Stunfisk|12/100|[from] item: Leftovers\n|-damage|p2b: Garchomp|16/100 brn|[from] brn\n|upkeep\n|\n|t:|1776150961\n|switch|p2a: Charizard|Charizard-Mega-Y, L50, M|10/100 par\n|switch|p1b: Scizor|Scizor, L50, M, shiny|100/100\n|turn|6\n|inactive|Prohxy has 30 seconds left.\n|inactive|Prohxy has 20 seconds left.\n|\n|t:|1776150999\n|detailschange|p1b: Scizor|Scizor-Mega, L50, M, shiny\n|-mega|p1b: Scizor|Scizor|Scizorite\n|move|p2a: Charizard|Protect|p2a: Charizard\n|-singleturn|p2a: Charizard|Protect\n|move|p1b: Scizor|Bullet Punch|p2a: Charizard\n|-activate|p2a: Charizard|move: Protect\n|move|p2b: Garchomp|Earthquake|p1b: Scizor|[spread] p1a,p1b\n|-activate|p2a: Charizard|move: Protect\n|-supereffective|p1a: Stunfisk|1\n|-damage|p1a: Stunfisk|0 fnt\n|-damage|p1b: Scizor|83/100\n|faint|p1a: Stunfisk\n|\n|-weather|none\n|-damage|p2b: Garchomp|10/100 brn|[from] brn\n|upkeep\n|turn|7\n|\n|t:|1776151021\n|move|p1b: Scizor|Bullet Punch|p2a: Charizard\n|-resisted|p2a: Charizard|1\n|-damage|p2a: Charizard|0 fnt\n|faint|p2a: Charizard\n|move|p2b: Garchomp|Earthquake|p1b: Scizor\n|-damage|p1b: Scizor|57/100\n|\n|-damage|p2b: Garchomp|4/100 brn|[from] brn\n|upkeep\n|turn|8\n|\n|t:|1776151029\n|move|p1b: Scizor|Bullet Punch|p2b: Garchomp\n|-damage|p2b: Garchomp|0 fnt\n|-damage|p1b: Scizor|45/100|[from] ability: Rough Skin|[of] p2b: Garchomp\n|faint|p2b: Garchomp\n|\n|win|Prohxy\n",
  "uploadtime": 1776150709,
  "views": 17,
  "formatid": "gen9championsvgc2026regma",
  "rating": null,
  "private": 0,
  "password": null
}