{
  "id": "gen9championsvgc2026regma-2582420371",
  "format": "[Gen 9 Champions] VGC 2026 Reg M-A",
  "players": [
    "chusaco11",
    "Littlenap"
  ],
  "log": "|j|\u2606chusaco11\n|j|\u2606Littlenap\n|t:|1776090530\n|gametype|doubles\n|player|p1|chusaco11|ethan|1094\n|player|p2|Littlenap|dawn|1000\n|gen|9\n|tier|[Gen 9 Champions] VGC 2026 Reg M-A\n|rated|\n|rule|Species Clause: Limit one of each Pok\u00e9mon\n|rule|Item Clause: Limit 1 of each item\n|clearpoke\n|poke|p1|Tyranitar, L50, F|\n|poke|p1|Sneasler, L50, M|\n|poke|p1|Excadrill, L50, M|\n|poke|p1|Gyarados, L50, M|\n|poke|p1|Whimsicott, L50, F|\n|poke|p1|Rotom-Wash, L50|\n|poke|p2|Tyranitar, L50, M|\n|poke|p2|Excadrill, L50, F|\n|poke|p2|Rotom-Wash, L50|\n|poke|p2|Sinistcha, L50|\n|poke|p2|Talonflame, L50, F|\n|poke|p2|Glimmora, L50, F|\n|teampreview|4\n|inactive|Battle timer is ON: inactive players will automatically lose when time's up. (requested by Littlenap)\n|inactive|chusaco11 has 60 seconds left.\n|inactive|Littlenap has 60 seconds left.\n|\n|t:|1776090586\n|teamsize|p1|4\n|teamsize|p2|4\n|start\n|switch|p1a: Rotom|Rotom-Wash, L50, shiny|100/100\n|switch|p1b: Excadrill|Excadrill, L50, M|100/100\n|switch|p2a: Rotom|Rotom-Wash, L50|100/100\n|switch|p2b: Excadrill|Excadrill, L50, F|100/100\n|turn|1\n|c|\u2606chusaco11|lol hahahaha\n|inactive|Littlenap has 30 seconds left.\n|inactive|Littlenap has 20 seconds left.\n|\n|t:|1776090624\n|move|p1b: Excadrill|Protect|p1b: Excadrill\n|-singleturn|p1b: Excadrill|Protect\n|move|p2b: Excadrill|Protect|p2b: Excadrill\n|-singleturn|p2b: Excadrill|Protect\n|move|p2a: Rotom|Hydro Pump|p1b: Excadrill\n|-activate|p1b: Excadrill|move: Protect\n|move|p1a: Rotom|Hydro Pump|p2b: Excadrill\n|-activate|p2b: Excadrill|move: Protect\n|\n|upkeep\n|turn|2\n|c|\u2606Littlenap|Lmao\n|c|\u2606chusaco11|loool\n|inactive|chusaco11 has 30 seconds left.\n|inactive|Littlenap has 30 seconds left.\n|\n|t:|1776090657\n|switch|p1b: Sneasler|Sneasler, L50, M|100/100\n|switch|p2b: Sinistcha|Sinistcha, L50|100/100\n|move|p2a: Rotom|Hydro Pump|p1b: Sneasler\n|-damage|p1b: Sneasler|37/100\n|move|p1a: Rotom|Hydro Pump|p2b: Sinistcha|[miss]\n|-miss|p1a: Rotom|p2b: Sinistcha\n|\n|upkeep\n|turn|3\n|inactive|Littlenap has 30 seconds left.\n|\n|t:|1776090688\n|switch|p1a: Tyranitar|Tyranitar, L50, F, shiny|100/100\n|-weather|Sandstorm|[from] ability: Sand Stream|[of] p1a: Tyranitar\n|switch|p2b: Excadrill|Excadrill, L50, F|100/100\n|move|p1b: Sneasler|Fake Out|p2a: Rotom\n|-damage|p2a: Rotom|82/100\n|cant|p2a: Rotom|flinch\n|\n|-weather|Sandstorm|[upkeep]\n|-damage|p2a: Rotom|76/100|[from] Sandstorm\n|-damage|p1b: Sneasler|31/100|[from] Sandstorm\n|upkeep\n|turn|4\n|inactive|chusaco11 has 30 seconds left.\n|\n|t:|1776090716\n|detailschange|p1a: Tyranitar|Tyranitar-Mega, L50, F, shiny\n|-mega|p1a: Tyranitar|Tyranitar|Tyranitarite\n|move|p2b: Excadrill|Protect|p2b: Excadrill\n|-singleturn|p2b: Excadrill|Protect\n|move|p2a: Rotom|Hydro Pump|p1b: Sneasler\n|-damage|p1b: Sneasler|0 fnt\n|faint|p1b: Sneasler\n|move|p1a: Tyranitar|Knock Off|p2a: Rotom\n|-damage|p2a: Rotom|0 fnt\n|-enditem|p2a: Rotom|Choice Scarf|[from] move: Knock Off|[of] p1a: Tyranitar\n|faint|p2a: Rotom\n|\n|-weather|Sandstorm|[upkeep]\n|upkeep\n|\n|t:|1776090735\n|switch|p1b: Excadrill|Excadrill, L50, M|100/100\n|switch|p2a: Sinistcha|Sinistcha, L50|100/100\n|turn|5\n|\n|t:|1776090748\n|detailschange|p2b: Excadrill|Excadrill-Mega, L50, F\n|-mega|p2b: Excadrill|Excadrill|Excadrite\n|move|p1a: Tyranitar|Protect|p1a: Tyranitar\n|-singleturn|p1a: Tyranitar|Protect\n|move|p1b: Excadrill|Earthquake|p2b: Excadrill|[spread] p2a,p2b\n|-activate|p1a: Tyranitar|move: Protect\n|-resisted|p2a: Sinistcha|1\n|-supereffective|p2b: Excadrill|1\n|-damage|p2a: Sinistcha|81/100\n|-damage|p2b: Excadrill|19/100\n|move|p2b: Excadrill|Earthquake|p1b: Excadrill|[spread] p2a,p1b\n|-activate|p1a: Tyranitar|move: Protect\n|-resisted|p2a: Sinistcha|1\n|-supereffective|p1b: Excadrill|1\n|-damage|p2a: Sinistcha|57/100\n|-enditem|p1b: Excadrill|Focus Sash\n|-damage|p1b: Excadrill|1/100\n|move|p2a: Sinistcha|Matcha Gotcha|p1b: Excadrill|[spread] p1b\n|-activate|p1a: Tyranitar|move: Protect\n|-damage|p1b: Excadrill|0 fnt\n|-heal|p2a: Sinistcha|57/100|[from] drain|[of] p1b: Excadrill\n|faint|p1b: Excadrill\n|\n|-weather|Sandstorm|[upkeep]\n|-damage|p2a: Sinistcha|51/100|[from] Sandstorm\n|-heal|p2a: Sinistcha|57/100|[from] item: Leftovers\n|upkeep\n|\n|t:|1776090772\n|switch|p1b: Rotom|Rotom-Wash, L50, shiny|100/100\n|turn|6\n|\n|t:|1776090791\n|move|p2a: Sinistcha|Rage Powder|p2a: Sinistcha\n|-singleturn|p2a: Sinistcha|move: Rage Powder\n|move|p1b: Rotom|Hydro Pump|p2a: Sinistcha|[miss]\n|-miss|p1b: Rotom|p2a: Sinistcha\n|move|p2b: Excadrill|Iron Head|p1a: Tyranitar\n|-supereffective|p1a: Tyranitar|1\n|-damage|p1a: Tyranitar|25/100\n|move|p1a: Tyranitar|Knock Off|p2a: Sinistcha\n|-supereffective|p2a: Sinistcha|1\n|-damage|p2a: Sinistcha|0 fnt\n|-enditem|p2a: Sinistcha|Leftovers|[from] move: Knock Off|[of] p1a: Tyranitar\n|faint|p2a: Sinistcha\n|\n|-weather|Sandstorm|[upkeep]\n|-damage|p1b: Rotom|95/100|[from] Sandstorm\n|upkeep\n|\n|t:|1776090801\n|switch|p2a: Tyranitar|Tyranitar, L50, M|100/100\n|turn|7\n|\n|t:|1776090820\n|move|p2b: Excadrill|Protect|p2b: Excadrill\n|-singleturn|p2b: Excadrill|Protect\n|move|p1b: Rotom|Hydro Pump|p2b: Excadrill\n|-activate|p2b: Excadrill|move: Protect\n|move|p1a: Tyranitar|Knock Off|p2a: Tyranitar\n|-resisted|p2a: Tyranitar|1\n|-crit|p2a: Tyranitar\n|-damage|p2a: Tyranitar|56/100\n|-enditem|p2a: Tyranitar|Chople Berry|[from] move: Knock Off|[of] p1a: Tyranitar\n|move|p2a: Tyranitar|Knock Off|p1b: Rotom\n|-damage|p1b: Rotom|21/100\n|-enditem|p1b: Rotom|Choice Scarf|[from] move: Knock Off|[of] p2a: Tyranitar\n|\n|-weather|none\n|upkeep\n|turn|8\n|inactive|Littlenap has 30 seconds left.\n|inactive|Littlenap has 20 seconds left.\n|\n|t:|1776090855\n|move|p1a: Tyranitar|Protect|p1a: Tyranitar\n|-singleturn|p1a: Tyranitar|Protect\n|move|p2b: Excadrill|Iron Head|p1a: Tyranitar\n|-supereffective|p1a: Tyranitar|1\n|-ability|p2b: Excadrill|Piercing Drill\n|-zbroken|p1a: Tyranitar\n|-damage|p1a: Tyranitar|8/100\n|move|p1b: Rotom|Hydro Pump|p2b: Excadrill\n|-supereffective|p2b: Excadrill|1\n|-damage|p2b: Excadrill|0 fnt\n|faint|p2b: Excadrill\n|move|p2a: Tyranitar|Knock Off|p1b: Rotom\n|-damage|p1b: Rotom|0 fnt\n|faint|p1b: Rotom\n|\n|upkeep\n|turn|9\n|c|\u2606Littlenap|ggwp\n|\n|t:|1776090874\n|move|p1a: Tyranitar|Rock Slide|p2a: Tyranitar\n|-damage|p2a: Tyranitar|15/100\n|move|p2a: Tyranitar|Low Kick|p1a: Tyranitar\n|-supereffective|p1a: Tyranitar|2\n|-damage|p1a: Tyranitar|0 fnt\n|faint|p1a: Tyranitar\n|\n|win|Littlenap\n|raw|chusaco11's rating: 1094 &rarr; <strong>1064</strong><br />(-30 for losing)\n|raw|Littlenap's rating: 1000 &rarr; <strong>1051</strong><br />(+51 for winning)\n|l|\u2606chusaco11\n|player|p1|\n",
  "uploadtime": 1776090888,
  "views": 17,
  "formatid": "gen9championsvgc2026regma",
  "rating": 1051,
  "private": 0,
  "password": null
}