{
  "id": "gen9championsvgc2026regma-2581551990",
  "format": "[Gen 9 Champions] VGC 2026 Reg M-A",
  "players": [
    "comprestrict",
    "kangkang"
  ],
  "log": "|j|\u2606comprestrict\n|j|\u2606kangkang\n|t:|1776010347\n|gametype|doubles\n|player|p1|comprestrict|101|1057\n|player|p2|kangkang|265|1031\n|gen|9\n|tier|[Gen 9 Champions] VGC 2026 Reg M-A\n|rated|\n|rule|Species Clause: Limit one of each Pok\u00e9mon\n|rule|Item Clause: Limit 1 of each item\n|clearpoke\n|poke|p1|Ceruledge, L50, M|\n|poke|p1|Manectric, L50, M|\n|poke|p1|Samurott-Hisui, L50, F|\n|poke|p1|Volcarona, L50, M|\n|poke|p1|Empoleon, L50, F|\n|poke|p1|Gengar, L50, F|\n|poke|p2|Skarmory, L50, F|\n|poke|p2|Zoroark-Hisui, L50, M|\n|poke|p2|Whimsicott, L50, M|\n|poke|p2|Arcanine-Hisui, L50, F|\n|poke|p2|Steelix, L50, M|\n|poke|p2|Hippowdon, L50, F|\n|teampreview|4\n|inactive|Battle timer is ON: inactive players will automatically lose when time's up. (requested by comprestrict)\n|inactive|kangkang has 60 seconds left.\n|\n|t:|1776010391\n|teamsize|p1|4\n|teamsize|p2|4\n|start\n|switch|p1a: Samurott|Samurott-Hisui, L50, F|100/100\n|switch|p1b: Empoleon|Empoleon, L50, F|100/100\n|switch|p2a: Whimsicott|Whimsicott, L50, M|100/100\n|switch|p2b: Arcanine|Arcanine-Hisui, L50, F|100/100\n|-ability|p2b: Arcanine|Intimidate|boost\n|-unboost|p1a: Samurott|atk|1\n|-unboost|p1b: Empoleon|atk|1\n|-ability|p1b: Empoleon|Competitive|boost\n|-boost|p1b: Empoleon|spa|2\n|turn|1\n|inactive|kangkang has 30 seconds left.\n|\n|t:|1776010421\n|move|p2b: Arcanine|Close Combat|p1b: Empoleon\n|-supereffective|p1b: Empoleon|1\n|-damage|p1b: Empoleon|5/100\n|-unboost|p2b: Arcanine|def|1\n|-unboost|p2b: Arcanine|spd|1\n|move|p1a: Samurott|Ceaseless Edge|p2a: Whimsicott\n|-supereffective|p2a: Whimsicott|1\n|-crit|p2a: Whimsicott\n|-enditem|p2a: Whimsicott|Focus Sash\n|-damage|p2a: Whimsicott|1/100\n|replace|p2a: Zoroark|Zoroark-Hisui, L50, M\n|-end|p2a: Zoroark|Illusion\n|-sidestart|p2: kangkang|Spikes\n|move|p2a: Zoroark|Hyper Voice|p1b: Empoleon|[spread] p1a,p1b\n|-crit|p1a: Samurott\n|-resisted|p1b: Empoleon|1\n|-damage|p1a: Samurott|29/100\n|-damage|p1b: Empoleon|0 fnt\n|faint|p1b: Empoleon\n|\n|upkeep\n|\n|t:|1776010440\n|switch|p1b: Gengar|Gengar, L50, F|100/100\n|turn|2\n|\n|t:|1776010453\n|switch|p1a: Ceruledge|Ceruledge, L50, M|100/100\n|detailschange|p1b: Gengar|Gengar-Mega, L50, F\n|-mega|p1b: Gengar|Gengar|Gengarite\n|move|p2a: Zoroark|Protect|p2a: Zoroark\n|-singleturn|p2a: Zoroark|Protect\n|move|p2b: Arcanine|Close Combat|p1a: Ceruledge\n|-immune|p1a: Ceruledge\n|move|p1b: Gengar|Sludge Bomb|p2a: Zoroark\n|-activate|p2a: Zoroark|move: Protect\n|\n|upkeep\n|turn|3\n|inactive|comprestrict has 30 seconds left.\n|\n|t:|1776010483\n|move|p2b: Arcanine|Close Combat|p1b: Gengar\n|-immune|p1b: Gengar\n|move|p1b: Gengar|Sludge Bomb|p2a: Zoroark\n|-resisted|p2a: Zoroark|1\n|-damage|p2a: Zoroark|0 fnt\n|faint|p2a: Zoroark\n|move|p1a: Ceruledge|Close Combat|p2b: Arcanine\n|-supereffective|p2b: Arcanine|1\n|-damage|p2b: Arcanine|0 fnt\n|-unboost|p1a: Ceruledge|def|1\n|-unboost|p1a: Ceruledge|spd|1\n|faint|p2b: Arcanine\n|\n|upkeep\n|\n|t:|1776010486\n|switch|p2a: Skarmatron|Skarmory, L50, F|100/100\n|switch|p2b: Whimsicott|Whimsicott, L50, M|100/100\n|-damage|p2b: Whimsicott|89/100|[from] Spikes\n|turn|4\n|inactive|kangkang has 30 seconds left.\n|\n|t:|1776010518\n|detailschange|p2a: Skarmatron|Skarmory-Mega, L50, F\n|-mega|p2a: Skarmatron|Skarmory|Skarmorite\n|move|p2b: Whimsicott|Encore|p1b: Gengar\n|-start|p1b: Gengar|Encore\n|move|p1b: Gengar|Sludge Bomb|p2a: Skarmatron\n|-immune|p2a: Skarmatron\n|move|p2a: Skarmatron|Rock Slide|p1a: Ceruledge|[spread] p1a\n|-miss|p2a: Skarmatron|p1b: Gengar\n|-supereffective|p1a: Ceruledge|1\n|-damage|p1a: Ceruledge|12/100\n|-ability|p1a: Ceruledge|Weak Armor|boost\n|-unboost|p1a: Ceruledge|def|1\n|-boost|p1a: Ceruledge|spe|2\n|move|p1a: Ceruledge|Bitter Blade|p2a: Skarmatron\n|-supereffective|p2a: Skarmatron|1\n|-damage|p2a: Skarmatron|0 fnt\n|-heal|p1a: Ceruledge|59/100|[from] drain|[of] p2a: Skarmatron\n|faint|p2a: Skarmatron\n|\n|upkeep\n|turn|5\n|inactive|kangkang has 30 seconds left.\n|inactive|kangkang has 20 seconds left.\n|\n|t:|1776010554\n|move|p2b: Whimsicott|Light Screen|p2b: Whimsicott\n|-sidestart|p2: kangkang|move: Light Screen\n|move|p1a: Ceruledge|Bitter Blade|p2b: Whimsicott\n|-supereffective|p2b: Whimsicott|1\n|-damage|p2b: Whimsicott|6/100\n|-heal|p1a: Ceruledge|100/100|[from] drain|[of] p2b: Whimsicott\n|move|p1b: Gengar|Sludge Bomb|p2b: Whimsicott\n|-supereffective|p2b: Whimsicott|2\n|-damage|p2b: Whimsicott|0 fnt\n|faint|p2b: Whimsicott\n|\n|win|comprestrict\n|raw|comprestrict's rating: 1057 &rarr; <strong>1086</strong><br />(+29 for winning)\n|raw|kangkang's rating: 1031 &rarr; <strong>1017</strong><br />(-14 for losing)\n|l|\u2606kangkang\n|player|p2|\n",
  "uploadtime": 1776010598,
  "views": 16,
  "formatid": "gen9championsvgc2026regma",
  "rating": 1017,
  "private": 0,
  "password": null
}