{
  "id": "gen9championsvgc2026regma-2585276014",
  "format": "[Gen 9 Champions] VGC 2026 Reg M-A",
  "players": [
    "Sharkhy_",
    "bioarmor01"
  ],
  "log": "|j|\u2606Sharkhy_\n|j|\u2606bioarmor01\n|t:|1776332810\n|gametype|doubles\n|player|p1|Sharkhy_|170|1152\n|player|p2|bioarmor01|pokemaniac|1245\n|gen|9\n|tier|[Gen 9 Champions] VGC 2026 Reg M-A\n|rated|\n|rule|Species Clause: Limit one of each Pok\u00e9mon\n|rule|Item Clause: Limit 1 of each item\n|clearpoke\n|poke|p1|Charizard, L50, F|\n|poke|p1|Maushold-Four, L50|\n|poke|p1|Sneasler, L50, F|\n|poke|p1|Dragapult, L50, M|\n|poke|p1|Kingambit, L50, M|\n|poke|p1|Garchomp, L50, F|\n|poke|p2|Aerodactyl, L50, M|\n|poke|p2|Garchomp, L50, F|\n|poke|p2|Talonflame, L50, M|\n|poke|p2|Rotom-Wash, L50|\n|poke|p2|Meganium, L50, M|\n|poke|p2|Sneasler, L50, M|\n|teampreview|4\n|inactive|Battle timer is ON: inactive players will automatically lose when time's up. (requested by bioarmor01)\n|\n|t:|1776332837\n|teamsize|p1|4\n|teamsize|p2|4\n|start\n|switch|p1a: Sneasler|Sneasler, L50, F|100/100\n|switch|p1b: Dragapult|Dragapult, L50, M|100/100\n|switch|p2a: Talonflame|Talonflame, L50, M|100/100\n|switch|p2b: Garchomp|Garchomp, L50, F|100/100\n|turn|1\n|inactive|Sharkhy_ has 30 seconds left.\n|\n|t:|1776332870\n|move|p1a: Sneasler|Fake Out|p2b: Garchomp\n|-damage|p2b: Garchomp|88/100\n|-damage|p1a: Sneasler|88/100|[from] ability: Rough Skin|[of] p2b: Garchomp\n|cant|p2b: Garchomp|flinch\n|move|p1b: Dragapult|Will-O-Wisp|p2b: Garchomp\n|-status|p2b: Garchomp|brn\n|move|p2a: Talonflame|Acrobatics|p1a: Sneasler\n|-supereffective|p1a: Sneasler|1\n|-damage|p1a: Sneasler|0 fnt\n|faint|p1a: Sneasler\n|\n|-damage|p2b: Garchomp|81/100 brn|[from] brn\n|upkeep\n|\n|t:|1776332884\n|switch|p1a: Maushold|Maushold-Four, L50|100/100\n|turn|2\n|\n|t:|1776332895\n|move|p2b: Garchomp|Dragon Claw|p1b: Dragapult\n|-supereffective|p1b: Dragapult|1\n|-damage|p1b: Dragapult|57/100\n|move|p1b: Dragapult|Draco Meteor|p2b: Garchomp\n|-supereffective|p2b: Garchomp|1\n|-damage|p2b: Garchomp|0 fnt\n|-unboost|p1b: Dragapult|spa|2\n|faint|p2b: Garchomp\n|move|p2a: Talonflame|Acrobatics|p1a: Maushold\n|-damage|p1a: Maushold|56/100\n|move|p1a: Maushold|Super Fang|p2a: Talonflame|[miss]\n|-miss|p1a: Maushold|p2a: Talonflame\n|\n|upkeep\n|\n|t:|1776332903\n|switch|p2b: Meganium|Meganium, L50, M|100/100\n|turn|3\n|inactive|Sharkhy_ has 30 seconds left.\n|inactive|Sharkhy_ has 20 seconds left.\n|\n|t:|1776332940\n|detailschange|p2b: Meganium|Meganium-Mega, L50, M\n|-mega|p2b: Meganium|Meganium|Meganiumite\n|move|p1a: Maushold|Protect|p1a: Maushold\n|-singleturn|p1a: Maushold|Protect\n|move|p1b: Dragapult|Shadow Ball|p2b: Meganium\n|-damage|p2b: Meganium|85/100\n|move|p2a: Talonflame|Tailwind|p2a: Talonflame\n|-sidestart|p2: bioarmor01|move: Tailwind\n|move|p2b: Meganium|Dazzling Gleam|p1b: Dragapult|[spread] p1b\n|-activate|p1a: Maushold|move: Protect\n|-supereffective|p1b: Dragapult|1\n|-damage|p1b: Dragapult|0 fnt\n|faint|p1b: Dragapult\n|\n|upkeep\n|\n|t:|1776332952\n|switch|p1b: Charizard|Charizard, L50, F|100/100\n|turn|4\n|inactive|bioarmor01 has 30 seconds left.\n|inactive|bioarmor01 has 20 seconds left.\n|\n|t:|1776332987\n|detailschange|p1b: Charizard|Charizard-Mega-Y, L50, F\n|-mega|p1b: Charizard|Charizard|Charizardite Y\n|-weather|SunnyDay|[from] ability: Drought|[of] p1b: Charizard\n|move|p2a: Talonflame|Flare Blitz|p1a: Maushold\n|-damage|p1a: Maushold|0 fnt\n|faint|p1a: Maushold\n|-damage|p2a: Talonflame|83/100|[from] Recoil\n|move|p2b: Meganium|Weather Ball|p1b: Charizard\n|-resisted|p1b: Charizard|1\n|-damage|p1b: Charizard|76/100\n|move|p1b: Charizard|Heat Wave|p2a: Talonflame|[spread] p2a,p2b\n|-resisted|p2a: Talonflame|1\n|-supereffective|p2b: Meganium|1\n|-damage|p2a: Talonflame|42/100\n|-damage|p2b: Meganium|0 fnt\n|faint|p2b: Meganium\n|\n|-weather|SunnyDay|[upkeep]\n|upkeep\n|\n|t:|1776333001\n|switch|p2b: Sneasler|Sneasler, L50, M|100/100\n|turn|5\n|\n|t:|1776333024\n|move|p1b: Charizard|Protect|p1b: Charizard\n|-singleturn|p1b: Charizard|Protect\n|move|p2b: Sneasler|Fake Out|p1b: Charizard\n|-activate|p1b: Charizard|move: Protect\n|move|p2a: Talonflame|Acrobatics|p1b: Charizard\n|-activate|p1b: Charizard|move: Protect\n|\n|-weather|SunnyDay|[upkeep]\n|upkeep\n|turn|6\n|l|\u2606bioarmor01\n|inactive|bioarmor01 disconnected and has a minute to reconnect!\n|player|p2|\n|inactive|bioarmor01 has 30 seconds left.\n|inactive|bioarmor01 has 20 seconds left.\n|inactive|bioarmor01 has 15 seconds left.\n|inactive|bioarmor01 has 10 seconds left.\n|inactive|bioarmor01 has 5 seconds left.\n|-message|bioarmor01 lost due to inactivity.\n|\n|win|Sharkhy_\n|raw|Sharkhy_'s rating: 1152 &rarr; <strong>1184</strong><br />(+32 for winning)\n|raw|bioarmor01's rating: 1245 &rarr; <strong>1213</strong><br />(-32 for losing)\n",
  "uploadtime": 1776333097,
  "views": 29,
  "formatid": "gen9championsvgc2026regma",
  "rating": 1184,
  "private": 0,
  "password": null
}