{
  "id": "gen9championsvgc2026regma-2584006836",
  "format": "[Gen 9 Champions] VGC 2026 Reg M-A",
  "players": [
    "okstew",
    "Jah_08"
  ],
  "log": "|j|\u2606okstew\n|j|\u2606Jah_08\n|t:|1776216178\n|gametype|doubles\n|player|p1|okstew|schoolkid-gen4dp|1227\n|player|p2|Jah_08|alder|1311\n|gen|9\n|tier|[Gen 9 Champions] VGC 2026 Reg M-A\n|rated|\n|rule|Species Clause: Limit one of each Pok\u00e9mon\n|rule|Item Clause: Limit 1 of each item\n|clearpoke\n|poke|p1|Meganium, L50, F|\n|poke|p1|Aerodactyl, L50, M|\n|poke|p1|Politoed, L50, M|\n|poke|p1|Basculegion, L50, M|\n|poke|p1|Sneasler, L50, F|\n|poke|p1|Scizor, L50, M|\n|poke|p2|Excadrill, L50, M|\n|poke|p2|Whimsicott, L50, M|\n|poke|p2|Chandelure, L50, M|\n|poke|p2|Zoroark-Hisui, L50, M|\n|poke|p2|Basculegion, L50, M|\n|poke|p2|Krookodile, L50, M|\n|teampreview|4\n|\n|t:|1776216216\n|teamsize|p1|4\n|teamsize|p2|4\n|start\n|switch|p1a: Meganium|Meganium, L50, F|100/100\n|switch|p1b: Basculegion|Basculegion, L50, M|100/100\n|switch|p2a: Whimsicott|Whimsicott, L50, M, shiny|100/100\n|switch|p2b: Basculegion|Basculegion, L50, M|100/100\n|turn|1\n|\n|t:|1776216242\n|switch|p2b: Whimsicott|Whimsicott, L50, M, shiny|100/100\n|detailschange|p1a: Meganium|Meganium-Mega, L50, F\n|-mega|p1a: Meganium|Meganium|Meganiumite\n|move|p1b: Basculegion|Flip Turn|p2a: Whimsicott\n|-damage|p2a: Whimsicott|10/100\n|replace|p2a: Zoroark|Zoroark-Hisui, L50, M\n|-end|p2a: Zoroark|Illusion\n|\n|t:|1776216253\n|switch|p1b: Sneasler|Sneasler, L50, F|100/100|[from] Flip Turn\n|move|p2a: Zoroark|Sludge Bomb|p1a: Meganium\n|-supereffective|p1a: Meganium|2\n|-damage|p1a: Meganium|0 fnt\n|faint|p1a: Meganium\n|\n|upkeep\n|\n|t:|1776216266\n|switch|p1a: Basculegion|Basculegion, L50, M|100/100\n|turn|2\n|\n|t:|1776216287\n|move|p2b: Whimsicott|Protect|p2b: Whimsicott\n|-singleturn|p2b: Whimsicott|Protect\n|move|p2a: Zoroark|Protect|p2a: Zoroark\n|-singleturn|p2a: Zoroark|Protect\n|move|p1b: Sneasler|Fake Out|p2b: Whimsicott\n|-activate|p2b: Whimsicott|move: Protect\n|move|p1a: Basculegion|Flip Turn|p2a: Zoroark\n|-activate|p2a: Zoroark|move: Protect\n|\n|upkeep\n|turn|3\n|\n|t:|1776216306\n|move|p2b: Whimsicott|Tailwind|p2b: Whimsicott\n|-sidestart|p2: Jah_08|move: Tailwind\n|move|p2a: Zoroark|Shadow Ball|p1a: Basculegion\n|-supereffective|p1a: Basculegion|1\n|-damage|p1a: Basculegion|0 fnt\n|faint|p1a: Basculegion\n|move|p1b: Sneasler|Dire Claw|p2b: Whimsicott\n|-supereffective|p2b: Whimsicott|2\n|-damage|p2b: Whimsicott|0 fnt\n|faint|p2b: Whimsicott\n|\n|upkeep\n|\n|t:|1776216321\n|switch|p2b: Basculegion|Basculegion, L50, M|100/100\n|switch|p1a: Politoed|Politoed, L50, M|100/100\n|-weather|RainDance|[from] ability: Drizzle|[of] p1a: Politoed\n|turn|4\n|\n|t:|1776216350\n|move|p2a: Zoroark|Protect|p2a: Zoroark\n|-singleturn|p2a: Zoroark|Protect\n|move|p1b: Sneasler|Protect|p1b: Sneasler\n|-singleturn|p1b: Sneasler|Protect\n|move|p2b: Basculegion|Wave Crash|p1b: Sneasler\n|-activate|p1b: Sneasler|move: Protect\n|move|p1a: Politoed|Icy Wind|p2a: Zoroark|[spread] p2b\n|-activate|p2a: Zoroark|move: Protect\n|-resisted|p2b: Basculegion|1\n|-damage|p2b: Basculegion|95/100\n|-unboost|p2b: Basculegion|spe|1\n|\n|-weather|RainDance|[upkeep]\n|upkeep\n|turn|5\n|\n|t:|1776216373\n|move|p2a: Zoroark|Icy Wind|p1a: Politoed|[spread] p1a\n|-miss|p2a: Zoroark|p1b: Sneasler\n|-resisted|p1a: Politoed|1\n|-damage|p1a: Politoed|95/100\n|-unboost|p1a: Politoed|spe|1\n|move|p2b: Basculegion|Wave Crash|p1b: Sneasler\n|-damage|p1b: Sneasler|0 fnt\n|faint|p1b: Sneasler\n|-damage|p2b: Basculegion|69/100|[from] Recoil\n|move|p1a: Politoed|Icy Wind|p2a: Zoroark|[spread] p2a\n|-miss|p1a: Politoed|p2b: Basculegion\n|-damage|p2a: Zoroark|0 fnt\n|faint|p2a: Zoroark\n|\n|-weather|RainDance|[upkeep]\n|upkeep\n|\n|t:|1776216392\n|switch|p2a: Chandelure|Chandelure, L50, M, shiny|100/100\n|turn|6\n|\n|t:|1776216399\n|detailschange|p2a: Chandelure|Chandelure-Mega, L50, M, shiny\n|-mega|p2a: Chandelure|Chandelure|Chandelurite\n|move|p2a: Chandelure|Substitute|p2a: Chandelure\n|-start|p2a: Chandelure|Substitute\n|-damage|p2a: Chandelure|76/100\n|move|p2b: Basculegion|Wave Crash|p1a: Politoed\n|-resisted|p1a: Politoed|1\n|-damage|p1a: Politoed|46/100\n|-enditem|p1a: Politoed|Sitrus Berry|[eat]\n|-heal|p1a: Politoed|71/100|[from] item: Sitrus Berry\n|-damage|p2b: Basculegion|53/100|[from] Recoil\n|move|p1a: Politoed|Weather Ball|p2a: Chandelure\n|-supereffective|p2a: Chandelure|1\n|-end|p2a: Chandelure|Substitute\n|\n|-weather|RainDance|[upkeep]\n|-sideend|p2: Jah_08|move: Tailwind\n|upkeep\n|turn|7\n|\n|t:|1776216418\n|move|p2a: Chandelure|Shadow Ball|p1a: Politoed\n|-damage|p1a: Politoed|29/100\n|-unboost|p1a: Politoed|spd|1\n|move|p2b: Basculegion|Wave Crash|p1a: Politoed\n|-resisted|p1a: Politoed|1\n|-damage|p1a: Politoed|0 fnt\n|faint|p1a: Politoed\n|-damage|p2b: Basculegion|43/100|[from] Recoil\n|\n|win|Jah_08\n|raw|okstew's rating: 1227 &rarr; <strong>1208</strong><br />(-19 for losing)\n|raw|Jah_08's rating: 1311 &rarr; <strong>1326</strong><br />(+15 for winning)\n|l|\u2606okstew\n|player|p1|\n",
  "uploadtime": 1776216437,
  "views": 22,
  "formatid": "gen9championsvgc2026regma",
  "rating": 1208,
  "private": 0,
  "password": null
}