{
  "id": "gen9championsvgc2026regma-2582029447",
  "format": "[Gen 9 Champions] VGC 2026 Reg M-A",
  "players": [
    "itsjustsomni",
    "LookItUpVGC"
  ],
  "log": "|j|\u2606itsjustsomni\n|j|\u2606LookItUpVGC\n|t:|1776049908\n|gametype|doubles\n|player|p1|itsjustsomni|cyrus|1091\n|player|p2|LookItUpVGC|falkner|1128\n|gen|9\n|tier|[Gen 9 Champions] VGC 2026 Reg M-A\n|rated|\n|rule|Species Clause: Limit one of each Pok\u00e9mon\n|rule|Item Clause: Limit 1 of each item\n|clearpoke\n|poke|p1|Charizard, L50, M|\n|poke|p1|Venusaur, L50, F|\n|poke|p1|Whimsicott, L50, M|\n|poke|p1|Incineroar, L50, M|\n|poke|p1|Crabominable, L50, M|\n|poke|p1|Sinistcha, L50|\n|poke|p2|Sneasler, L50, F|\n|poke|p2|Snorlax, L50, F|\n|poke|p2|Gyarados, L50, M|\n|poke|p2|Arcanine-Hisui, L50, M|\n|poke|p2|Corviknight, L50, F|\n|poke|p2|Floette-Eternal, L50, F|\n|teampreview|4\n|inactive|Battle timer is ON: inactive players will automatically lose when time's up. (requested by LookItUpVGC)\n|inactive|itsjustsomni also wants the timer to be on.\n|\n|t:|1776049932\n|teamsize|p1|4\n|teamsize|p2|4\n|start\n|switch|p1a: Charizard|Charizard, L50, M|100/100\n|switch|p1b: Whimsicott|Whimsicott, L50, M|100/100\n|switch|p2a: Snorlax|Snorlax, L50, F|100/100\n|switch|p2b: Sneasler|Sneasler, L50, F|100/100\n|turn|1\n|inactive|LookItUpVGC has 30 seconds left.\n|inactive|LookItUpVGC has 20 seconds left.\n|\n|t:|1776049967\n|switch|p1b: Incineroar|Incineroar, L50, M|100/100\n|-ability|p1b: Incineroar|Intimidate|boost\n|-unboost|p2a: Snorlax|atk|1\n|-unboost|p2b: Sneasler|atk|1\n|detailschange|p1a: Charizard|Charizard-Mega-Y, L50, M\n|-mega|p1a: Charizard|Charizard|Charizardite Y\n|-weather|SunnyDay|[from] ability: Drought|[of] p1a: Charizard\n|move|p2b: Sneasler|Dire Claw|p1b: Incineroar\n|-damage|p1b: Incineroar|81/100\n|move|p1a: Charizard|Heat Wave|p2a: Snorlax|[spread] p2a,p2b\n|-damage|p2a: Snorlax|79/100\n|-damage|p2b: Sneasler|33/100\n|-enditem|p2b: Sneasler|Sitrus Berry|[eat]\n|-heal|p2b: Sneasler|58/100|[from] item: Sitrus Berry\n|move|p2a: Snorlax|Yawn|p1a: Charizard\n|-start|p1a: Charizard|move: Yawn|[of] p2a: Snorlax\n|\n|-weather|SunnyDay|[upkeep]\n|-heal|p2a: Snorlax|86/100|[from] item: Leftovers\n|upkeep\n|turn|2\n|inactive|itsjustsomni has 30 seconds left.\n|inactive|LookItUpVGC has 30 seconds left.\n|inactive|LookItUpVGC has 20 seconds left.\n|inactive|itsjustsomni has 20 seconds left.\n|inactive|LookItUpVGC has 15 seconds left.\n|\n|t:|1776050011\n|switch|p1a: Venusaur|Venusaur, L50, F|100/100\n|move|p2b: Sneasler|Coaching|p2a: Snorlax\n|-boost|p2a: Snorlax|atk|1\n|-boost|p2a: Snorlax|def|1\n|move|p1b: Incineroar|Flare Blitz|p2b: Sneasler\n|-damage|p2b: Sneasler|0 fnt\n|faint|p2b: Sneasler\n|-damage|p1b: Incineroar|63/100|[from] Recoil\n|move|p2a: Snorlax|Yawn|p1b: Incineroar\n|-start|p1b: Incineroar|move: Yawn|[of] p2a: Snorlax\n|\n|-weather|SunnyDay|[upkeep]\n|-heal|p2a: Snorlax|92/100|[from] item: Leftovers\n|upkeep\n|\n|t:|1776050020\n|switch|p2b: Arcanine|Arcanine-Hisui, L50, M|100/100\n|turn|3\n|\n|t:|1776050035\n|move|p1a: Venusaur|Sleep Powder|p2a: Snorlax\n|-status|p2a: Snorlax|slp|[from] move: Sleep Powder\n|move|p2b: Arcanine|Rock Slide|p1a: Venusaur|[spread] p1a,p1b\n|-supereffective|p1b: Incineroar|1\n|-damage|p1a: Venusaur|64/100\n|-damage|p1b: Incineroar|14/100\n|-enditem|p1b: Incineroar|Sitrus Berry|[eat]\n|-heal|p1b: Incineroar|39/100|[from] item: Sitrus Berry\n|cant|p1b: Incineroar|flinch\n|cant|p2a: Snorlax|slp\n|\n|-weather|SunnyDay|[upkeep]\n|-heal|p2a: Snorlax|98/100 slp|[from] item: Leftovers\n|-end|p1b: Incineroar|move: Yawn|[silent]\n|-status|p1b: Incineroar|slp\n|upkeep\n|turn|4\n|inactive|itsjustsomni has 30 seconds left.\n|inactive|itsjustsomni has 20 seconds left.\n|inactive|itsjustsomni has 15 seconds left.\n|inactive|itsjustsomni has 10 seconds left.\n|\n|t:|1776050080\n|switch|p1b: Charizard|Charizard-Mega-Y, L50, M|100/100\n|move|p1a: Venusaur|Giga Drain|p2a: Snorlax\n|-damage|p2a: Snorlax|73/100 slp\n|-heal|p1a: Venusaur|84/100|[from] drain|[of] p2a: Snorlax\n|move|p2b: Arcanine|Flare Blitz|p1a: Venusaur\n|-supereffective|p1a: Venusaur|1\n|-damage|p1a: Venusaur|0 fnt\n|faint|p1a: Venusaur\n|-curestatus|p2a: Snorlax|slp|[msg]\n|move|p2a: Snorlax|Facade|p1b: Charizard\n|-damage|p1b: Charizard|56/100\n|\n|-weather|SunnyDay|[upkeep]\n|-heal|p2a: Snorlax|79/100|[from] item: Leftovers\n|upkeep\n|inactive|itsjustsomni has 30 seconds left.\n|\n|t:|1776050108\n|switch|p1a: Incineroar|Incineroar, L50, M|39/100 slp\n|-ability|p1a: Incineroar|Intimidate|boost\n|-unboost|p2a: Snorlax|atk|1\n|-unboost|p2b: Arcanine|atk|1\n|turn|5\n|\n|t:|1776050116\n|switch|p2b: Gyarados|Gyarados, L50, M|100/100\n|-ability|p2b: Gyarados|Intimidate|boost\n|-unboost|p1a: Incineroar|atk|1\n|-unboost|p1b: Charizard|atk|1\n|move|p1b: Charizard|Protect|p1b: Charizard\n|-singleturn|p1b: Charizard|Protect\n|cant|p1a: Incineroar|slp\n|move|p2a: Snorlax|Yawn|p1b: Charizard\n|-activate|p1b: Charizard|move: Protect\n|\n|-weather|none\n|-heal|p2a: Snorlax|86/100|[from] item: Leftovers\n|upkeep\n|turn|6\n|\n|t:|1776050136\n|switch|p1b: Whimsicott|Whimsicott, L50, M|100/100\n|move|p2b: Gyarados|Waterfall|p1a: Incineroar\n|-supereffective|p1a: Incineroar|1\n|-damage|p1a: Incineroar|0 fnt\n|faint|p1a: Incineroar\n|move|p2a: Snorlax|Yawn|p1b: Whimsicott\n|-start|p1b: Whimsicott|move: Yawn|[of] p2a: Snorlax\n|\n|-heal|p2a: Snorlax|92/100|[from] item: Leftovers\n|upkeep\n|\n|t:|1776050148\n|switch|p1a: Charizard|Charizard-Mega-Y, L50, M|56/100\n|-weather|SunnyDay|[from] ability: Drought|[of] p1a: Charizard\n|turn|7\n|inactive|itsjustsomni has 30 seconds left.\n|\n|t:|1776050173\n|detailschange|p2b: Gyarados|Gyarados-Mega, L50, M\n|-mega|p2b: Gyarados|Gyarados|Gyaradosite\n|-ability|p2b: Gyarados|Mold Breaker\n|move|p1b: Whimsicott|Taunt|p2a: Snorlax\n|-start|p2a: Snorlax|move: Taunt\n|move|p1a: Charizard|Solar Beam||[still]\n|-prepare|p1a: Charizard|Solar Beam\n|-anim|p1a: Charizard|Solar Beam|p2b: Gyarados\n|-supereffective|p2b: Gyarados|1\n|-damage|p2b: Gyarados|32/100\n|move|p2b: Gyarados|Crunch|p1b: Whimsicott\n|-resisted|p1b: Whimsicott|1\n|-damage|p1b: Whimsicott|70/100\n|cant|p2a: Snorlax|move: Taunt|Yawn\n|\n|-weather|SunnyDay|[upkeep]\n|-heal|p2a: Snorlax|98/100|[from] item: Leftovers\n|-end|p1b: Whimsicott|move: Yawn|[silent]\n|-status|p1b: Whimsicott|slp\n|upkeep\n|turn|8\n|inactive|itsjustsomni has 30 seconds left.\n|inactive|LookItUpVGC has 30 seconds left.\n|\n|t:|1776050207\n|cant|p1b: Whimsicott|slp\n|move|p1a: Charizard|Solar Beam||[still]\n|-prepare|p1a: Charizard|Solar Beam\n|-anim|p1a: Charizard|Solar Beam|p2b: Gyarados\n|-supereffective|p2b: Gyarados|1\n|-damage|p2b: Gyarados|0 fnt\n|faint|p2b: Gyarados\n|move|p2a: Snorlax|Facade|p1b: Whimsicott\n|-damage|p1b: Whimsicott|42/100 slp\n|\n|-weather|SunnyDay|[upkeep]\n|-heal|p2a: Snorlax|100/100|[from] item: Leftovers\n|upkeep\n|\n|t:|1776050210\n|switch|p2b: Arcanine|Arcanine-Hisui, L50, M|100/100\n|turn|9\n|\n|t:|1776050229\n|cant|p1b: Whimsicott|slp\n|move|p1a: Charizard|Solar Beam||[still]\n|-prepare|p1a: Charizard|Solar Beam\n|-anim|p1a: Charizard|Solar Beam|p2b: Arcanine\n|-damage|p2b: Arcanine|35/100\n|move|p2b: Arcanine|Rock Slide|p1b: Whimsicott|[spread] p1a,p1b\n|-supereffective|p1a: Charizard|2\n|-damage|p1a: Charizard|0 fnt\n|-damage|p1b: Whimsicott|6/100 slp\n|faint|p1a: Charizard\n|move|p2a: Snorlax|Facade|p1b: Whimsicott\n|-damage|p1b: Whimsicott|0 fnt\n|faint|p1b: Whimsicott\n|\n|win|LookItUpVGC\n|raw|itsjustsomni's rating: 1091 &rarr; <strong>1070</strong><br />(-21 for losing)\n|raw|LookItUpVGC's rating: 1128 &rarr; <strong>1150</strong><br />(+22 for winning)\n|l|\u2606LookItUpVGC\n|player|p2|\n",
  "uploadtime": 1776050239,
  "views": 15,
  "formatid": "gen9championsvgc2026regma",
  "rating": 1070,
  "private": 0,
  "password": null
}