{
  "id": "gen9championsvgc2026regma-2581142020",
  "format": "[Gen 9 Champions] VGC 2026 Reg M-A",
  "players": [
    "SilphGambleR",
    "Todo CCT"
  ],
  "log": "|j|\u2606SilphGambleR\n|j|\u2606Todo CCT\n|t:|1775963930\n|gametype|doubles\n|player|p1|SilphGambleR|hilbert|1350\n|player|p2|Todo CCT|giovanni|1395\n|gen|9\n|tier|[Gen 9 Champions] VGC 2026 Reg M-A\n|rated|\n|rule|Species Clause: Limit one of each Pok\u00e9mon\n|rule|Item Clause: Limit 1 of each item\n|clearpoke\n|poke|p1|Archaludon, L50, F|\n|poke|p1|Armarouge, L50, M|\n|poke|p1|Gengar, L50, M|\n|poke|p1|Lucario, L50, M|\n|poke|p1|Azumarill, L50, F|\n|poke|p1|Garchomp, L50, F|\n|poke|p2|Starmie, L50|\n|poke|p2|Archaludon, L50, M|\n|poke|p2|Pelipper, L50, F|\n|poke|p2|Incineroar, L50, F|\n|poke|p2|Basculegion, L50, M|\n|poke|p2|Aerodactyl, L50, F|\n|teampreview|4\n|inactive|Battle timer is ON: inactive players will automatically lose when time's up. (requested by SilphGambleR)\n|inactive|Todo CCT has 60 seconds left.\n|\n|t:|1775963963\n|teamsize|p1|4\n|teamsize|p2|4\n|start\n|switch|p1a: Azumarill|Azumarill, L50, F|100/100\n|switch|p1b: Archaludon|Archaludon, L50, F|100/100\n|switch|p2a: Archaludon|Archaludon, L50, M|100/100\n|switch|p2b: Aerodactyl|Aerodactyl, L50, F|100/100\n|-ability|p2b: Aerodactyl|Unnerve\n|turn|1\n|\n|t:|1775963981\n|move|p2b: Aerodactyl|Rain Dance|p2b: Aerodactyl\n|-weather|RainDance\n|move|p2a: Archaludon|Electro Shot||[still]\n|-prepare|p2a: Archaludon|Electro Shot\n|-boost|p2a: Archaludon|spa|1\n|-anim|p2a: Archaludon|Electro Shot|p1a: Azumarill\n|-supereffective|p1a: Azumarill|1\n|-damage|p1a: Azumarill|0 fnt\n|faint|p1a: Azumarill\n|move|p1b: Archaludon|Aura Sphere|p2a: Archaludon\n|-supereffective|p2a: Archaludon|1\n|-damage|p2a: Archaludon|17/100\n|-ability|p2a: Archaludon|Stamina|boost\n|-boost|p2a: Archaludon|def|1\n|\n|-weather|RainDance|[upkeep]\n|upkeep\n|\n|t:|1775963992\n|switch|p1a: Lucario|Lucario, L50, M|100/100\n|turn|2\n|\n|t:|1775963997\n|move|p1a: Lucario|Vacuum Wave|p2a: Archaludon\n|-supereffective|p2a: Archaludon|1\n|-damage|p2a: Archaludon|0 fnt\n|faint|p2a: Archaludon\n|move|p2b: Aerodactyl|Tailwind|p2b: Aerodactyl\n|-sidestart|p2: Todo CCT|move: Tailwind\n|move|p1b: Archaludon|Flash Cannon|p2b: Aerodactyl\n|-supereffective|p2b: Aerodactyl|1\n|-damage|p2b: Aerodactyl|0 fnt\n|faint|p2b: Aerodactyl\n|\n|-weather|RainDance|[upkeep]\n|upkeep\n|\n|t:|1775964000\n|switch|p2b: Basculegion|Basculegion, L50, M|100/100\n|switch|p2a: Starmie|Starmie, L50|100/100\n|turn|3\n|\n|t:|1775964009\n|detailschange|p2a: Starmie|Starmie-Mega, L50\n|-mega|p2a: Starmie|Starmie|Starminite\n|move|p2b: Basculegion|Last Respects|p1b: Archaludon\n|-damage|p1b: Archaludon|26/100\n|-ability|p1b: Archaludon|Stamina|boost\n|-boost|p1b: Archaludon|def|1\n|move|p2a: Starmie|Liquidation|p1b: Archaludon\n|-resisted|p1b: Archaludon|1\n|-damage|p1b: Archaludon|0 fnt\n|faint|p1b: Archaludon\n|move|p1a: Lucario|Close Combat|p2a: Starmie\n|-resisted|p2a: Starmie|1\n|-damage|p2a: Starmie|50/100\n|-unboost|p1a: Lucario|def|1\n|-unboost|p1a: Lucario|spd|1\n|\n|-weather|RainDance|[upkeep]\n|upkeep\n|\n|t:|1775964018\n|switch|p1b: Gengar|Gengar, L50, M|100/100\n|turn|4\n|\n|t:|1775964027\n|move|p1b: Gengar|Protect|p1b: Gengar\n|-singleturn|p1b: Gengar|Protect\n|move|p1a: Lucario|Protect|p1a: Lucario\n|-singleturn|p1a: Lucario|Protect\n|move|p2a: Starmie|Aqua Jet|p1a: Lucario\n|-activate|p1a: Lucario|move: Protect\n|move|p2b: Basculegion|Last Respects|p1b: Gengar\n|-activate|p1b: Gengar|move: Protect\n|\n|-weather|RainDance|[upkeep]\n|upkeep\n|turn|5\n|\n|t:|1775964035\n|detailschange|p1b: Gengar|Gengar-Mega, L50, M\n|-mega|p1b: Gengar|Gengar|Gengarite\n|move|p2a: Starmie|Aqua Jet|p1a: Lucario\n|-damage|p1a: Lucario|0 fnt\n|faint|p1a: Lucario\n|move|p2b: Basculegion|Last Respects|p1b: Gengar\n|-supereffective|p1b: Gengar|1\n|-damage|p1b: Gengar|0 fnt\n|faint|p1b: Gengar\n|\n|win|Todo CCT\n|raw|SilphGambleR's rating: 1350 &rarr; <strong>1333</strong><br />(-17 for losing)\n|raw|Todo CCT's rating: 1395 &rarr; <strong>1412</strong><br />(+17 for winning)\n|l|\u2606SilphGambleR\n|player|p1|\n|l|\u2606Todo CCT\n|player|p2|\n",
  "uploadtime": 1775964046,
  "views": 22,
  "formatid": "gen9championsvgc2026regma",
  "rating": 1333,
  "private": 0,
  "password": null
}