{
  "id": "gen9championsvgc2026regma-2584715204",
  "format": "[Gen 9 Champions] VGC 2026 Reg M-A",
  "players": [
    "King L5",
    "BIG MAN PRINGLE!!!"
  ],
  "log": "|j|\u2606King L5\n|j|\u2606BIG MAN PRINGLE!!!\n|t:|1776278628\n|gametype|doubles\n|player|p1|King L5|#dcliiinfernalarmory|1360\n|player|p2|BIG MAN PRINGLE!!!|steven|1471\n|gen|9\n|tier|[Gen 9 Champions] VGC 2026 Reg M-A\n|rated|\n|rule|Species Clause: Limit one of each Pok\u00e9mon\n|rule|Item Clause: Limit 1 of each item\n|clearpoke\n|poke|p1|Floette-Eternal, L50, F|\n|poke|p1|Incineroar, L50, F|\n|poke|p1|Sinistcha, L50|\n|poke|p1|Basculegion, L50, M|\n|poke|p1|Aerodactyl, L50, M|\n|poke|p1|Garchomp, L50, M|\n|poke|p2|Floette-Eternal, L50, F|\n|poke|p2|Incineroar, L50, M|\n|poke|p2|Basculegion, L50, M|\n|poke|p2|Sinistcha, L50|\n|poke|p2|Aerodactyl, L50, M|\n|poke|p2|Sneasler, L50, M|\n|teampreview|4\n|c|\u2606BIG MAN PRINGLE!!!|LMAO\n|c|\u2606BIG MAN PRINGLE!!!|hey man nice team\n|c|\u2606King L5|Nice team!\n|c|\u2606BIG MAN PRINGLE!!!|not quite a perfect mirror but *very* close\n|c|\u2606BIG MAN PRINGLE!!!|i actually just swapped my chomp to basc like 10 games ago\n|\n|t:|1776278684\n|teamsize|p1|4\n|teamsize|p2|4\n|start\n|switch|p1a: Aerodactyl|Aerodactyl, L50, M|100/100\n|switch|p1b: Garchomp|Garchomp, L50, M|100/100\n|switch|p2a: Incineroar|Incineroar, L50, M|100/100\n|switch|p2b: Basculegion|Basculegion, L50, M|100/100\n|-ability|p1a: Aerodactyl|Unnerve\n|-ability|p2a: Incineroar|Intimidate|boost\n|-unboost|p1a: Aerodactyl|atk|1\n|-unboost|p1b: Garchomp|atk|1\n|turn|1\n|\n|t:|1776278716\n|move|p1a: Aerodactyl|Protect|p1a: Aerodactyl\n|-singleturn|p1a: Aerodactyl|Protect\n|move|p1b: Garchomp|Protect|p1b: Garchomp\n|-singleturn|p1b: Garchomp|Protect\n|move|p2a: Incineroar|Fake Out|p1b: Garchomp\n|-activate|p1b: Garchomp|move: Protect\n|move|p2b: Basculegion|Wave Crash|p1b: Garchomp\n|-activate|p1b: Garchomp|move: Protect\n|\n|upkeep\n|turn|2\n|\n|t:|1776278741\n|detailschange|p1a: Aerodactyl|Aerodactyl-Mega, L50, M\n|-mega|p1a: Aerodactyl|Aerodactyl|Aerodactylite\n|move|p1a: Aerodactyl|Rock Slide|p2a: Incineroar|[spread] p2a,p2b\n|-supereffective|p2a: Incineroar|1\n|-damage|p2a: Incineroar|65/100\n|-damage|p2b: Basculegion|75/100\n|cant|p2b: Basculegion|flinch\n|move|p1b: Garchomp|Earthquake|p2b: Basculegion|[spread] p2a,p2b\n|-immune|p1a: Aerodactyl\n|-supereffective|p2a: Incineroar|1\n|-damage|p2a: Incineroar|7/100\n|-damage|p2b: Basculegion|35/100\n|-enditem|p2a: Incineroar|Sitrus Berry|[eat]\n|-heal|p2a: Incineroar|32/100|[from] item: Sitrus Berry\n|cant|p2a: Incineroar|flinch\n|\n|upkeep\n|turn|3\n|c|\u2606BIG MAN PRINGLE!!!|oh\n|c|\u2606BIG MAN PRINGLE!!!|i've been jumpscared\n|c|\u2606BIG MAN PRINGLE!!!|LMAO\n|c|\u2606BIG MAN PRINGLE!!!|yeah ok ggs\n|c|\u2606King L5|BANG\n|\n|t:|1776278775\n|move|p1a: Aerodactyl|Rock Slide|p2b: Basculegion|[spread] p2a,p2b\n|-supereffective|p2a: Incineroar|1\n|-damage|p2a: Incineroar|0 fnt\n|-damage|p2b: Basculegion|8/100\n|faint|p2a: Incineroar\n|move|p2b: Basculegion|Wave Crash|p1a: Aerodactyl\n|-supereffective|p1a: Aerodactyl|1\n|-damage|p1a: Aerodactyl|0 fnt\n|faint|p1a: Aerodactyl\n|-damage|p2b: Basculegion|0 fnt|[from] Recoil\n|faint|p2b: Basculegion\n|move|p1b: Garchomp|Earthquake|p2: Incineroar|[notarget]\n|-fail|p1b: Garchomp\n|\n|upkeep\n|\n|t:|1776278786\n|switch|p1a: Incineroar|Incineroar, L50, F|100/100\n|switch|p2b: Sinistcha|Sinistcha, L50|100/100\n|switch|p2a: Floette|Floette-Eternal, L50, F|100/100\n|-ability|p1a: Incineroar|Intimidate|boost\n|-unboost|p2a: Floette|atk|1\n|-block|p2b: Sinistcha|ability: Flower Veil|[of] p2a: Floette\n|turn|4\n|\n|t:|1776278830\n|detailschange|p2a: Floette|Floette-Mega, L50, F\n|-mega|p2a: Floette|Floette|Floettite\n|-ability|p2a: Floette|Fairy Aura\n|move|p1b: Garchomp|Dragon Claw|p2b: Sinistcha\n|-damage|p2b: Sinistcha|76/100\n|move|p2a: Floette|Calm Mind|p2a: Floette\n|-boost|p2a: Floette|spa|1\n|-boost|p2a: Floette|spd|1\n|move|p1a: Incineroar|Flare Blitz|p2b: Sinistcha\n|-supereffective|p2b: Sinistcha|1\n|-damage|p2b: Sinistcha|9/100\n|-damage|p1a: Incineroar|81/100|[from] Recoil\n|move|p2b: Sinistcha|Trick Room|p2b: Sinistcha\n|-fieldstart|move: Trick Room|[of] p2b: Sinistcha\n|\n|-heal|p2b: Sinistcha|15/100|[from] item: Leftovers\n|upkeep\n|turn|5\n|c|\u2606BIG MAN PRINGLE!!!|is that a custom avi btw or does that one just exist\n|\n|t:|1776278883\n|move|p2b: Sinistcha|Strength Sap|p1a: Incineroar\n|-unboost|p1a: Incineroar|atk|1\n|-heal|p2b: Sinistcha|91/100\n|move|p1a: Incineroar|Darkest Lariat|p2b: Sinistcha\n|-supereffective|p2b: Sinistcha|1\n|-damage|p2b: Sinistcha|54/100\n|move|p2a: Floette|Dazzling Gleam|p1b: Garchomp|[spread] p1a,p1b\n|-crit|p1a: Incineroar\n|-supereffective|p1b: Garchomp|1\n|-damage|p1a: Incineroar|0 fnt\n|-damage|p1b: Garchomp|0 fnt\n|faint|p1a: Incineroar\n|faint|p1b: Garchomp\n|\n|-heal|p2b: Sinistcha|60/100|[from] item: Leftovers\n|upkeep\n|c|\u2606King L5|Custom\n|c|\u2606King L5|Draft tour\n|c|\u2606BIG MAN PRINGLE!!!|oh cool\n|\n|t:|1776278898\n|switch|p1b: Basculegion|Basculegion, L50, M|100/100\n|turn|6\n|\n|t:|1776278911\n|move|p2b: Sinistcha|Rage Powder|p2b: Sinistcha\n|-singleturn|p2b: Sinistcha|move: Rage Powder\n|move|p2a: Floette|Moonblast|p1b: Basculegion\n|-damage|p1b: Basculegion|0 fnt\n|faint|p1b: Basculegion\n|\n|win|BIG MAN PRINGLE!!!\n|raw|King L5's rating: 1360 &rarr; <strong>1346</strong><br />(-14 for losing)\n|raw|BIG MAN PRINGLE!!!'s rating: 1471 &rarr; <strong>1485</strong><br />(+14 for winning)\n|l|\u2606King L5\n|player|p1|\n",
  "uploadtime": 1776278937,
  "views": 37,
  "formatid": "gen9championsvgc2026regma",
  "rating": 1346,
  "private": 0,
  "password": null
}