{
  "id": "gen9championsvgc2026regma-2588524190",
  "format": "[Gen 9 Champions] VGC 2026 Reg M-A",
  "players": [
    "lilJesus07",
    "colfox"
  ],
  "log": "|j|\u2606lilJesus07\n|j|\u203dcolfox\n|t:|1776641499\n|gametype|doubles\n|player|p1|lilJesus07|brawly|1140\n|player|p2|colfox|101|1178\n|gen|9\n|tier|[Gen 9 Champions] VGC 2026 Reg M-A\n|rated|\n|rule|Species Clause: Limit one of each Pok\u00e9mon\n|rule|Item Clause: Limit 1 of each item\n|clearpoke\n|poke|p1|Ninetales-Alola, L50, F|\n|poke|p1|Incineroar, L50, M|\n|poke|p1|Kommo-o, L50, M|\n|poke|p1|Scizor, L50, M|\n|poke|p1|Garchomp, L50, M|\n|poke|p1|Arcanine-Hisui, L50, M, shiny|\n|poke|p2|Lucario, L50, F|\n|poke|p2|Weavile, L50, M|\n|poke|p2|Pelipper, L50, F|\n|poke|p2|Heliolisk, L50, F|\n|poke|p2|Dragapult, L50, M|\n|poke|p2|Primarina, L50, F|\n|teampreview|4\n|inactive|Battle timer is ON: inactive players will automatically lose when time's up. (requested by lilJesus07)\n|\n|t:|1776641527\n|teamsize|p1|4\n|teamsize|p2|4\n|start\n|switch|p1a: Scizor|Scizor, L50, M|100/100\n|switch|p1b: Incineroar|Incineroar, L50, M|100/100\n|switch|p2a: Weavile|Weavile, L50, M|100/100\n|switch|p2b: Primarina|Primarina, L50, F|100/100\n|-ability|p2a: Weavile|Pressure\n|-ability|p1b: Incineroar|Intimidate|boost\n|-unboost|p2a: Weavile|atk|1\n|-unboost|p2b: Primarina|atk|1\n|turn|1\n|inactive|colfox has 30 seconds left.\n|\n|t:|1776641554\n|switch|p2b: Dragapult|Dragapult, L50, M|100/100\n|detailschange|p1a: Scizor|Scizor-Mega, L50, M\n|-mega|p1a: Scizor|Scizor|Scizorite\n|move|p2a: Weavile|Fake Out|p1b: Incineroar\n|-damage|p1b: Incineroar|92/100\n|move|p1a: Scizor|Swords Dance|p1a: Scizor\n|-boost|p1a: Scizor|atk|2\n|cant|p1b: Incineroar|flinch\n|\n|upkeep\n|turn|2\n|inactive|colfox has 30 seconds left.\n|\n|t:|1776641585\n|move|p1a: Scizor|Bullet Punch|p2a: Weavile\n|-supereffective|p2a: Weavile|1\n|-enditem|p2a: Weavile|Focus Sash\n|-damage|p2a: Weavile|1/100\n|move|p2b: Dragapult|Dragon Darts|p1b: Incineroar\n|-damage|p1b: Incineroar|65/100\n|-anim|p2b: Dragapult|Dragon Darts|p1a: Scizor\n|-resisted|p1a: Scizor|1\n|-damage|p1a: Scizor|89/100\n|move|p2a: Weavile|Knock Off|p1a: Scizor\n|-damage|p1a: Scizor|70/100\n|move|p1b: Incineroar|Throat Chop|p2b: Dragapult\n|-supereffective|p2b: Dragapult|1\n|-damage|p2b: Dragapult|0 fnt\n|faint|p2b: Dragapult\n|\n|upkeep\n|\n|t:|1776641601\n|switch|p2b: Pelipper|Pelipper, L50, F|100/100\n|-weather|RainDance|[from] ability: Drizzle|[of] p2b: Pelipper\n|turn|3\n|\n|t:|1776641621\n|switch|p1b: Ninetales|Ninetales-Alola, L50, F|100/100\n|-weather|Snowscape|[from] ability: Snow Warning|[of] p1b: Ninetales\n|move|p1a: Scizor|Bullet Punch|p2a: Weavile\n|-supereffective|p2a: Weavile|1\n|-damage|p2a: Weavile|0 fnt\n|faint|p2a: Weavile\n|move|p2b: Pelipper|Hurricane|p1a: Scizor|[miss]\n|-miss|p2b: Pelipper|p1a: Scizor\n|\n|-weather|Snowscape|[upkeep]\n|upkeep\n|\n|t:|1776641635\n|switch|p2a: Primarina|Primarina, L50, F|100/100\n|turn|4\n|\n|t:|1776641647\n|move|p1b: Ninetales|Aurora Veil|p1b: Ninetales\n|-sidestart|p1: lilJesus07|move: Aurora Veil\n|move|p2b: Pelipper|Hurricane|p1a: Scizor|[miss]\n|-miss|p2b: Pelipper|p1a: Scizor\n|move|p1a: Scizor|Dual Wingbeat|p2a: Primarina\n|-damage|p2a: Primarina|44/100\n|-damage|p2a: Primarina|0 fnt\n|faint|p2a: Primarina\n|-hitcount|p2: Primarina|2\n|\n|-weather|Snowscape|[upkeep]\n|upkeep\n|turn|5\n|-message|colfox forfeited.\n|\n|win|lilJesus07\n|raw|lilJesus07's rating: 1140 &rarr; <strong>1168</strong><br />(+28 for winning)\n|raw|colfox's rating: 1178 &rarr; <strong>1150</strong><br />(-28 for losing)\n|l|\u2606lilJesus07\n|player|p1|\n",
  "uploadtime": 1776641674,
  "views": 7,
  "formatid": "gen9championsvgc2026regma",
  "rating": 1150,
  "private": 0,
  "password": null
}