{
  "id": "gen9championsvgc2026regma-2586168163",
  "format": "[Gen 9 Champions] VGC 2026 Reg M-A",
  "players": [
    "Grade a type b",
    "siunhanech"
  ],
  "log": "|j|\u2606Grade a type b\n|j|\u2606siunhanech\n|t:|1776407685\n|gametype|doubles\n|player|p1|Grade a type b|102|1471\n|player|p2|siunhanech|1|1445\n|gen|9\n|tier|[Gen 9 Champions] VGC 2026 Reg M-A\n|rated|\n|rule|Species Clause: Limit one of each Pok\u00e9mon\n|rule|Item Clause: Limit 1 of each item\n|clearpoke\n|poke|p1|Garchomp, L50, F|\n|poke|p1|Sneasler, L50, M|\n|poke|p1|Whimsicott, L50, M|\n|poke|p1|Charizard, L50, M|\n|poke|p1|Aegislash, L50, F|\n|poke|p1|Slowbro, L50, F|\n|poke|p2|Blastoise, L50, F|\n|poke|p2|Sableye, L50, F|\n|poke|p2|Sneasler, L50, F|\n|poke|p2|Sinistcha, L50|\n|poke|p2|Rotom-Wash, L50|\n|poke|p2|Espathra, L50, F|\n|teampreview|4\n|inactive|Battle timer is ON: inactive players will automatically lose when time's up. (requested by Grade a type b)\n|j| IMTezca\n|\n|t:|1776407706\n|teamsize|p1|4\n|teamsize|p2|4\n|start\n|switch|p1a: Aegislash|Aegislash, L50, F|100/100\n|switch|p1b: Whimsicott|Whimsicott, L50, M|100/100\n|switch|p2a: Sinh vi\u00ean|Sableye, L50, F|100/100\n|switch|p2b: \u0110\u00e0 \u0111i\u1ec3u|Espathra, L50, F|100/100\n|turn|1\n|j| Crvstal_K!tty\n|inactive|siunhanech has 30 seconds left.\n|\n|t:|1776407738\n|move|p2a: Sinh vi\u00ean|Fake Out|p1b: Whimsicott\n|-damage|p1b: Whimsicott|90/100\n|cant|p1b: Whimsicott|flinch\n|move|p2b: \u0110\u00e0 \u0111i\u1ec3u|Lumina Crash|p1a: Aegislash\n|-resisted|p1a: Aegislash|1\n|-damage|p1a: Aegislash|90/100\n|-unboost|p1a: Aegislash|spd|2\n|-formechange|p1a: Aegislash|Aegislash-Blade|\n|move|p1a: Aegislash|Flash Cannon|p2a: Sinh vi\u00ean\n|-damage|p2a: Sinh vi\u00ean|22/100\n|\n|-heal|p1a: Aegislash|96/100|[from] item: Leftovers\n|-ability|p2b: \u0110\u00e0 \u0111i\u1ec3u|Speed Boost|boost\n|-boost|p2b: \u0110\u00e0 \u0111i\u1ec3u|spe|1\n|upkeep\n|turn|2\n|\n|t:|1776407756\n|-formechange|p1a: Aegislash|Aegislash|\n|move|p1a: Aegislash|King's Shield|p1a: Aegislash\n|-singleturn|p1a: Aegislash|Protect\n|move|p2a: Sinh vi\u00ean|Encore|p1a: Aegislash\n|-start|p1a: Aegislash|Encore\n|move|p2b: \u0110\u00e0 \u0111i\u1ec3u|Baton Pass|p2b: \u0110\u00e0 \u0111i\u1ec3u\n|\n|t:|1776407759\n|switch|p2b: B\u1eafn t\u00f9m lum|Blastoise, L50, F|100/100|[from] Baton Pass\n|move|p1b: Whimsicott|Moonblast|p2a: Sinh vi\u00ean\n|-supereffective|p2a: Sinh vi\u00ean|1\n|-damage|p2a: Sinh vi\u00ean|0 fnt\n|faint|p2a: Sinh vi\u00ean\n|\n|-heal|p1a: Aegislash|100/100|[from] item: Leftovers\n|upkeep\n|\n|t:|1776407764\n|switch|p2a: \u0110\u00e0 \u0111i\u1ec3u|Espathra, L50, F|100/100\n|turn|3\n|\n|t:|1776407777\n|switch|p1a: Garchomp|Garchomp, L50, F|100/100\n|detailschange|p2b: B\u1eafn t\u00f9m lum|Blastoise-Mega, L50, F\n|-mega|p2b: B\u1eafn t\u00f9m lum|Blastoise|Blastoisinite\n|move|p1b: Whimsicott|Tailwind|p1b: Whimsicott\n|-sidestart|p1: Grade a type b|move: Tailwind\n|move|p2b: B\u1eafn t\u00f9m lum|Water Spout|p1b: Whimsicott|[spread] p1a,p1b\n|-resisted|p1b: Whimsicott|1\n|-damage|p1a: Garchomp|30/100\n|-damage|p1b: Whimsicott|37/100\n|move|p2a: \u0110\u00e0 \u0111i\u1ec3u|Calm Mind|p2a: \u0110\u00e0 \u0111i\u1ec3u\n|-boost|p2a: \u0110\u00e0 \u0111i\u1ec3u|spa|1\n|-boost|p2a: \u0110\u00e0 \u0111i\u1ec3u|spd|1\n|\n|-ability|p2a: \u0110\u00e0 \u0111i\u1ec3u|Speed Boost|boost\n|-boost|p2a: \u0110\u00e0 \u0111i\u1ec3u|spe|1\n|upkeep\n|turn|4\n|\n|t:|1776407792\n|move|p2a: \u0110\u00e0 \u0111i\u1ec3u|Protect|p2a: \u0110\u00e0 \u0111i\u1ec3u\n|-singleturn|p2a: \u0110\u00e0 \u0111i\u1ec3u|Protect\n|move|p2b: B\u1eafn t\u00f9m lum|Protect|p2b: B\u1eafn t\u00f9m lum\n|-singleturn|p2b: B\u1eafn t\u00f9m lum|Protect\n|move|p1b: Whimsicott|Grass Knot|p2b: B\u1eafn t\u00f9m lum\n|-activate|p2b: B\u1eafn t\u00f9m lum|move: Protect\n|move|p1a: Garchomp|Dragon Claw|p2b: B\u1eafn t\u00f9m lum\n|-activate|p2b: B\u1eafn t\u00f9m lum|move: Protect\n|\n|-ability|p2a: \u0110\u00e0 \u0111i\u1ec3u|Speed Boost|boost\n|-boost|p2a: \u0110\u00e0 \u0111i\u1ec3u|spe|1\n|upkeep\n|turn|5\n|\n|t:|1776407804\n|switch|p2b: Tr\u00e0 t\u1eeb tay|Sinistcha, L50|100/100\n|move|p1b: Whimsicott|Encore|p2a: \u0110\u00e0 \u0111i\u1ec3u\n|-start|p2a: \u0110\u00e0 \u0111i\u1ec3u|Encore\n|move|p2a: \u0110\u00e0 \u0111i\u1ec3u|Protect|p2a: \u0110\u00e0 \u0111i\u1ec3u\n|-singleturn|p2a: \u0110\u00e0 \u0111i\u1ec3u|Protect\n|move|p1a: Garchomp|Earthquake|p2b: Tr\u00e0 t\u1eeb tay|[spread] p1b,p2b\n|-activate|p2a: \u0110\u00e0 \u0111i\u1ec3u|move: Protect\n|-resisted|p1b: Whimsicott|1\n|-resisted|p2b: Tr\u00e0 t\u1eeb tay|1\n|-damage|p1b: Whimsicott|9/100\n|-damage|p2b: Tr\u00e0 t\u1eeb tay|84/100\n|\n|-ability|p2a: \u0110\u00e0 \u0111i\u1ec3u|Speed Boost|boost\n|-boost|p2a: \u0110\u00e0 \u0111i\u1ec3u|spe|1\n|upkeep\n|turn|6\n|\n|t:|1776407814\n|switch|p1a: Charizard|Charizard, L50, M|100/100\n|move|p2a: \u0110\u00e0 \u0111i\u1ec3u|Protect||[still]\n|-fail|p2a: \u0110\u00e0 \u0111i\u1ec3u\n|move|p1b: Whimsicott|Moonblast|p2a: \u0110\u00e0 \u0111i\u1ec3u\n|-damage|p2a: \u0110\u00e0 \u0111i\u1ec3u|70/100\n|move|p2b: Tr\u00e0 t\u1eeb tay|Matcha Gotcha|p1a: Charizard|[spread] p1a,p1b\n|-resisted|p1a: Charizard|2\n|-resisted|p1b: Whimsicott|1\n|-damage|p1a: Charizard|93/100\n|-heal|p2b: Tr\u00e0 t\u1eeb tay|88/100|[from] drain|[of] p1a: Charizard\n|-damage|p1b: Whimsicott|0 fnt\n|-heal|p2b: Tr\u00e0 t\u1eeb tay|91/100|[from] drain|[of] p1b: Whimsicott\n|faint|p1b: Whimsicott\n|\n|-sideend|p1: Grade a type b|move: Tailwind\n|-ability|p2a: \u0110\u00e0 \u0111i\u1ec3u|Speed Boost|boost\n|-boost|p2a: \u0110\u00e0 \u0111i\u1ec3u|spe|1\n|upkeep\n|\n|t:|1776407817\n|switch|p1b: Aegislash|Aegislash, L50, F|100/100\n|turn|7\n|\n|t:|1776407835\n|switch|p2b: B\u1eafn t\u00f9m lum|Blastoise-Mega, L50, F|100/100\n|detailschange|p1a: Charizard|Charizard-Mega-Y, L50, M\n|-mega|p1a: Charizard|Charizard|Charizardite Y\n|-weather|SunnyDay|[from] ability: Drought|[of] p1a: Charizard\n|move|p2a: \u0110\u00e0 \u0111i\u1ec3u|Protect|p2a: \u0110\u00e0 \u0111i\u1ec3u\n|-singleturn|p2a: \u0110\u00e0 \u0111i\u1ec3u|Protect\n|move|p1a: Charizard|Heat Wave|p2a: \u0110\u00e0 \u0111i\u1ec3u|[spread] p2b\n|-activate|p2a: \u0110\u00e0 \u0111i\u1ec3u|move: Protect\n|-resisted|p2b: B\u1eafn t\u00f9m lum|1\n|-damage|p2b: B\u1eafn t\u00f9m lum|73/100\n|-formechange|p1b: Aegislash|Aegislash-Blade|\n|move|p1b: Aegislash|Shadow Ball|p2a: \u0110\u00e0 \u0111i\u1ec3u\n|-activate|p2a: \u0110\u00e0 \u0111i\u1ec3u|move: Protect\n|\n|-weather|SunnyDay|[upkeep]\n|-end|p2a: \u0110\u00e0 \u0111i\u1ec3u|Encore\n|-ability|p2a: \u0110\u00e0 \u0111i\u1ec3u|Speed Boost|boost\n|-boost|p2a: \u0110\u00e0 \u0111i\u1ec3u|spe|1\n|upkeep\n|turn|8\n|\n|t:|1776407856\n|switch|p2b: Tr\u00e0 t\u1eeb tay|Sinistcha, L50|91/100\n|-heal|p2a: \u0110\u00e0 \u0111i\u1ec3u|95/100|[from] ability: Hospitality|[of] p2b: Tr\u00e0 t\u1eeb tay\n|move|p2a: \u0110\u00e0 \u0111i\u1ec3u|Baton Pass|p2a: \u0110\u00e0 \u0111i\u1ec3u\n|\n|t:|1776407861\n|switch|p2a: B\u1eafn t\u00f9m lum|Blastoise-Mega, L50, F|73/100|[from] Baton Pass\n|move|p1a: Charizard|Solar Beam||[still]\n|-prepare|p1a: Charizard|Solar Beam\n|-anim|p1a: Charizard|Solar Beam|p2b: Tr\u00e0 t\u1eeb tay\n|-resisted|p2b: Tr\u00e0 t\u1eeb tay|1\n|-damage|p2b: Tr\u00e0 t\u1eeb tay|67/100\n|move|p1b: Aegislash|Shadow Ball|p2a: B\u1eafn t\u00f9m lum\n|-damage|p2a: B\u1eafn t\u00f9m lum|45/100\n|\n|-weather|SunnyDay|[upkeep]\n|upkeep\n|turn|9\n|inactive|siunhanech has 30 seconds left.\n|\n|t:|1776407888\n|switch|p2b: \u0110\u00e0 \u0111i\u1ec3u|Espathra, L50, F|95/100\n|-formechange|p1b: Aegislash|Aegislash|\n|move|p1b: Aegislash|King's Shield|p1b: Aegislash\n|-singleturn|p1b: Aegislash|Protect\n|move|p2a: B\u1eafn t\u00f9m lum|Water Spout|p1a: Charizard|[spread] p1a\n|-activate|p1b: Aegislash|move: Protect\n|-supereffective|p1a: Charizard|1\n|-damage|p1a: Charizard|53/100\n|move|p1a: Charizard|Heat Wave|p2b: \u0110\u00e0 \u0111i\u1ec3u|[spread] p2a,p2b\n|-resisted|p2a: B\u1eafn t\u00f9m lum|1\n|-damage|p2a: B\u1eafn t\u00f9m lum|27/100\n|-damage|p2b: \u0110\u00e0 \u0111i\u1ec3u|4/100\n|-status|p2a: B\u1eafn t\u00f9m lum|brn\n|\n|-weather|SunnyDay|[upkeep]\n|-damage|p2a: B\u1eafn t\u00f9m lum|21/100 brn|[from] brn\n|upkeep\n|turn|10\n|\n|t:|1776407911\n|move|p2a: B\u1eafn t\u00f9m lum|Protect|p2a: B\u1eafn t\u00f9m lum\n|-singleturn|p2a: B\u1eafn t\u00f9m lum|Protect\n|move|p2b: \u0110\u00e0 \u0111i\u1ec3u|Protect|p2b: \u0110\u00e0 \u0111i\u1ec3u\n|-singleturn|p2b: \u0110\u00e0 \u0111i\u1ec3u|Protect\n|move|p1a: Charizard|Heat Wave|p2b: \u0110\u00e0 \u0111i\u1ec3u|[spread] \n|-activate|p2a: B\u1eafn t\u00f9m lum|move: Protect\n|-activate|p2b: \u0110\u00e0 \u0111i\u1ec3u|move: Protect\n|-formechange|p1b: Aegislash|Aegislash-Blade|\n|move|p1b: Aegislash|Shadow Ball|p2a: B\u1eafn t\u00f9m lum\n|-activate|p2a: B\u1eafn t\u00f9m lum|move: Protect\n|\n|-weather|SunnyDay|[upkeep]\n|-damage|p2a: B\u1eafn t\u00f9m lum|15/100 brn|[from] brn\n|-ability|p2b: \u0110\u00e0 \u0111i\u1ec3u|Speed Boost|boost\n|-boost|p2b: \u0110\u00e0 \u0111i\u1ec3u|spe|1\n|upkeep\n|turn|11\n|\n|t:|1776407920\n|move|p1a: Charizard|Protect|p1a: Charizard\n|-singleturn|p1a: Charizard|Protect\n|-formechange|p1b: Aegislash|Aegislash|\n|move|p1b: Aegislash|King's Shield|p1b: Aegislash\n|-singleturn|p1b: Aegislash|Protect\n|move|p2a: B\u1eafn t\u00f9m lum|Water Spout|p1a: Charizard|[spread] \n|-activate|p1a: Charizard|move: Protect\n|-activate|p1b: Aegislash|move: Protect\n|move|p2b: \u0110\u00e0 \u0111i\u1ec3u|Baton Pass|p2b: \u0110\u00e0 \u0111i\u1ec3u\n|\n|t:|1776407924\n|switch|p2b: Tr\u00e0 t\u1eeb tay|Sinistcha, L50|67/100|[from] Baton Pass\n|-heal|p2a: B\u1eafn t\u00f9m lum|40/100 brn|[from] ability: Hospitality|[of] p2b: Tr\u00e0 t\u1eeb tay\n|\n|-weather|none\n|-damage|p2a: B\u1eafn t\u00f9m lum|34/100 brn|[from] brn\n|upkeep\n|turn|12\n|\n|t:|1776407938\n|move|p1b: Aegislash|Wide Guard|p1b: Aegislash\n|-singleturn|p1b: Aegislash|Wide Guard\n|move|p2a: B\u1eafn t\u00f9m lum|Ice Beam|p1a: Charizard\n|-damage|p1a: Charizard|1/100\n|move|p1a: Charizard|Heat Wave|p2a: B\u1eafn t\u00f9m lum|[spread] p2a,p2b\n|-resisted|p2a: B\u1eafn t\u00f9m lum|1\n|-supereffective|p2b: Tr\u00e0 t\u1eeb tay|1\n|-damage|p2a: B\u1eafn t\u00f9m lum|22/100 brn\n|-damage|p2b: Tr\u00e0 t\u1eeb tay|0 fnt\n|faint|p2b: Tr\u00e0 t\u1eeb tay\n|\n|-damage|p2a: B\u1eafn t\u00f9m lum|16/100 brn|[from] brn\n|upkeep\n|\n|t:|1776407945\n|switch|p2b: \u0110\u00e0 \u0111i\u1ec3u|Espathra, L50, F|4/100\n|turn|13\n|n|!Grade a type b|gradeatypeb\n|\n|t:|1776407963\n|move|p2a: B\u1eafn t\u00f9m lum|Ice Beam|p1a: Charizard\n|-damage|p1a: Charizard|0 fnt\n|faint|p1a: Charizard\n|move|p2b: \u0110\u00e0 \u0111i\u1ec3u|Lumina Crash|p1b: Aegislash\n|-resisted|p1b: Aegislash|1\n|-damage|p1b: Aegislash|90/100\n|-unboost|p1b: Aegislash|spd|2\n|-formechange|p1b: Aegislash|Aegislash-Blade|\n|move|p1b: Aegislash|Shadow Ball|p2a: B\u1eafn t\u00f9m lum\n|-damage|p2a: B\u1eafn t\u00f9m lum|0 fnt\n|faint|p2a: B\u1eafn t\u00f9m lum\n|\n|-heal|p1b: Aegislash|96/100|[from] item: Leftovers\n|-ability|p2b: \u0110\u00e0 \u0111i\u1ec3u|Speed Boost|boost\n|-boost|p2b: \u0110\u00e0 \u0111i\u1ec3u|spe|1\n|upkeep\n|-message|siunhanech forfeited.\n|\n|win|Grade a type b\n",
  "uploadtime": 1776407947,
  "views": 15,
  "formatid": "gen9championsvgc2026regma",
  "rating": null,
  "private": 0,
  "password": null
}