{
  "id": "gen9championsvgc2026regma-2586982970",
  "format": "[Gen 9 Champions] VGC 2026 Reg M-A",
  "players": [
    "ElLocati",
    "affan423"
  ],
  "log": "|j|\u2606ElLocati\n|j|\u2606affan423\n|t:|1776478125\n|gametype|doubles\n|player|p1|ElLocati|169|1183\n|player|p2|affan423|bugcatcher-gen4dp|1182\n|gen|9\n|tier|[Gen 9 Champions] VGC 2026 Reg M-A\n|rated|\n|rule|Species Clause: Limit one of each Pok\u00e9mon\n|rule|Item Clause: Limit 1 of each item\n|clearpoke\n|poke|p1|Floette-Eternal, L50, F|\n|poke|p1|Aegislash, L50, F|\n|poke|p1|Talonflame, L50, M|\n|poke|p1|Incineroar, L50, M|\n|poke|p1|Garchomp, L50, F|\n|poke|p1|Rotom-Wash, L50|\n|poke|p2|Floette-Eternal, L50, F|\n|poke|p2|Milotic, L50, M|\n|poke|p2|Tyranitar, L50, F|\n|poke|p2|Sableye, L50, F|\n|poke|p2|Excadrill, L50, M|\n|poke|p2|Incineroar, L50, M|\n|teampreview|4\n|\n|t:|1776478147\n|teamsize|p1|4\n|teamsize|p2|4\n|start\n|switch|p1a: Garchomp|Garchomp, L50, F|100/100\n|switch|p1b: Talonflame|Talonflame, L50, M|100/100\n|switch|p2a: Milotic|Milotic, L50, M|100/100\n|switch|p2b: Tyranitar|Tyranitar, L50, F|100/100\n|-weather|Sandstorm|[from] ability: Sand Stream|[of] p2b: Tyranitar\n|turn|1\n|\n|t:|1776478164\n|switch|p2b: Incineroar|Incineroar, L50, M|100/100\n|-ability|p2b: Incineroar|Intimidate|boost\n|-unboost|p1a: Garchomp|atk|1\n|-unboost|p1b: Talonflame|atk|1\n|-enditem|p1a: Garchomp|White Herb\n|-clearnegativeboost|p1a: Garchomp|[silent]\n|move|p1b: Talonflame|Tailwind|p1b: Talonflame\n|-sidestart|p1: ElLocati|move: Tailwind\n|move|p1a: Garchomp|Earthquake|p2a: Milotic|[spread] p2a,p2b\n|-immune|p1b: Talonflame\n|-supereffective|p2b: Incineroar|1\n|-damage|p2a: Milotic|63/100\n|-damage|p2b: Incineroar|29/100\n|-enditem|p2b: Incineroar|Sitrus Berry|[eat]\n|-heal|p2b: Incineroar|54/100|[from] item: Sitrus Berry\n|move|p2a: Milotic|Weather Ball|p1b: Talonflame\n|-supereffective|p1b: Talonflame|2\n|-damage|p1b: Talonflame|0 fnt\n|faint|p1b: Talonflame\n|\n|-weather|Sandstorm|[upkeep]\n|-damage|p2a: Milotic|57/100|[from] Sandstorm\n|-damage|p2b: Incineroar|48/100|[from] Sandstorm\n|-heal|p2a: Milotic|63/100|[from] item: Leftovers\n|upkeep\n|\n|t:|1776478185\n|switch|p1b: Floette|Floette-Eternal, L50, F|100/100\n|turn|2\n|\n|t:|1776478200\n|detailschange|p1b: Floette|Floette-Mega, L50, F\n|-mega|p1b: Floette|Floette|Floettite\n|-ability|p1b: Floette|Fairy Aura\n|move|p2b: Incineroar|Fake Out|p1a: Garchomp\n|-damage|p1a: Garchomp|91/100\n|-damage|p2b: Incineroar|36/100|[from] ability: Rough Skin|[of] p1a: Garchomp\n|cant|p1a: Garchomp|flinch\n|move|p1b: Floette|Calm Mind|p1b: Floette\n|-boost|p1b: Floette|spa|1\n|-boost|p1b: Floette|spd|1\n|move|p2a: Milotic|Scald|p1a: Garchomp\n|-damage|p1a: Garchomp|48/100\n|\n|-weather|Sandstorm|[upkeep]\n|-damage|p1b: Floette|94/100|[from] Sandstorm\n|-damage|p2a: Milotic|57/100|[from] Sandstorm\n|-damage|p2b: Incineroar|30/100|[from] Sandstorm\n|-heal|p2a: Milotic|63/100|[from] item: Leftovers\n|upkeep\n|turn|3\n|\n|t:|1776478227\n|move|p2a: Milotic|Protect|p2a: Milotic\n|-singleturn|p2a: Milotic|Protect\n|move|p1a: Garchomp|Rock Slide|p2b: Incineroar|[spread] p2b\n|-activate|p2a: Milotic|move: Protect\n|-supereffective|p2b: Incineroar|1\n|-damage|p2b: Incineroar|0 fnt\n|faint|p2b: Incineroar\n|move|p1b: Floette|Dazzling Gleam|p2a: Milotic\n|-activate|p2a: Milotic|move: Protect\n|\n|-weather|Sandstorm|[upkeep]\n|-damage|p1b: Floette|88/100|[from] Sandstorm\n|-damage|p2a: Milotic|57/100|[from] Sandstorm\n|-heal|p2a: Milotic|63/100|[from] item: Leftovers\n|upkeep\n|\n|t:|1776478234\n|switch|p2b: Tyranitar|Tyranitar, L50, F|100/100\n|turn|4\n|\n|t:|1776478248\n|move|p2b: Tyranitar|Protect|p2b: Tyranitar\n|-singleturn|p2b: Tyranitar|Protect\n|move|p1a: Garchomp|Rock Slide|p2a: Milotic|[spread] p2a\n|-activate|p2b: Tyranitar|move: Protect\n|-damage|p2a: Milotic|43/100\n|move|p1b: Floette|Dazzling Gleam|p2a: Milotic|[spread] p2a\n|-activate|p2b: Tyranitar|move: Protect\n|-damage|p2a: Milotic|0 fnt\n|faint|p2a: Milotic\n|\n|-weather|Sandstorm|[upkeep]\n|-damage|p1b: Floette|82/100|[from] Sandstorm\n|-sideend|p1: ElLocati|move: Tailwind\n|upkeep\n|\n|t:|1776478257\n|switch|p2a: Excadrill|Excadrill, L50, M|100/100\n|turn|5\n|\n|t:|1776478294\n|detailschange|p2b: Tyranitar|Tyranitar-Mega, L50, F\n|-mega|p2b: Tyranitar|Tyranitar|Tyranitarite\n|move|p1b: Floette|Protect|p1b: Floette\n|-singleturn|p1b: Floette|Protect\n|move|p2a: Excadrill|Iron Head|p1a: Garchomp\n|-damage|p1a: Garchomp|0 fnt\n|-damage|p2a: Excadrill|88/100|[from] ability: Rough Skin|[of] p1a: Garchomp\n|faint|p1a: Garchomp\n|move|p2b: Tyranitar|Dragon Dance|p2b: Tyranitar\n|-boost|p2b: Tyranitar|atk|1\n|-boost|p2b: Tyranitar|spe|1\n|\n|-weather|none\n|upkeep\n|\n|t:|1776478305\n|switch|p1a: Aegislash|Aegislash, L50, F|100/100\n|turn|6\n|\n|t:|1776478323\n|move|p2a: Excadrill|Iron Head|p1b: Floette\n|-supereffective|p1b: Floette|1\n|-damage|p1b: Floette|0 fnt\n|faint|p1b: Floette\n|move|p2b: Tyranitar|Knock Off|p1a: Aegislash\n|-supereffective|p1a: Aegislash|1\n|-damage|p1a: Aegislash|0 fnt\n|-enditem|p1a: Aegislash|Spell Tag|[from] move: Knock Off|[of] p2b: Tyranitar\n|faint|p1a: Aegislash\n|\n|win|affan423\n|raw|ElLocati's rating: 1183 &rarr; <strong>1158</strong><br />(-25 for losing)\n|raw|affan423's rating: 1182 &rarr; <strong>1207</strong><br />(+25 for winning)\n|l|\u2606ElLocati\n|player|p1|\n",
  "uploadtime": 1776478333,
  "views": 14,
  "formatid": "gen9championsvgc2026regma",
  "rating": 1158,
  "private": 0,
  "password": null
}