{
  "id": "gen9championsvgc2026regma-2583801573",
  "format": "[Gen 9 Champions] VGC 2026 Reg M-A",
  "players": [
    "rocci",
    "medrano2412"
  ],
  "log": "|j|\u2606rocci\n|j|\u2606medrano2412\n|t:|1776198716\n|gametype|doubles\n|player|p1|rocci|beauty-gen4dp|1200\n|player|p2|medrano2412|cyrus|1175\n|gen|9\n|tier|[Gen 9 Champions] VGC 2026 Reg M-A\n|rated|\n|rule|Species Clause: Limit one of each Pok\u00e9mon\n|rule|Item Clause: Limit 1 of each item\n|clearpoke\n|poke|p1|Sylveon, L50, F|\n|poke|p1|Slowbro, L50, M|\n|poke|p1|Tyranitar, L50, F|\n|poke|p1|Farigiraf, L50, F|\n|poke|p1|Clefable, L50, F|\n|poke|p1|Conkeldurr, L50, F|\n|poke|p2|Charizard, L50, F|\n|poke|p2|Venusaur, L50, F|\n|poke|p2|Garchomp, L50, M|\n|poke|p2|Sneasler, L50, F|\n|poke|p2|Incineroar, L50, F|\n|poke|p2|Basculegion, L50, M|\n|teampreview|4\n|inactive|Battle timer is ON: inactive players will automatically lose when time's up. (requested by medrano2412)\n|inactive|medrano2412 has 60 seconds left.\nrocci rejected open team sheets.\n|\n|t:|1776198759\n|teamsize|p1|4\n|teamsize|p2|4\n|start\n|switch|p1a: Farigiraf|Farigiraf, L50, F|100/100\n|switch|p1b: Slowbro|Slowbro, L50, M|100/100\n|switch|p2a: Sneasler|Sneasler, L50, F, shiny|100/100\n|switch|p2b: Incineroar|Incineroar, L50, F, shiny|100/100\n|-ability|p2b: Incineroar|Intimidate|boost\n|-unboost|p1a: Farigiraf|atk|1\n|-fail|p1b: Slowbro|unboost|Attack|[from] ability: Oblivious|[of] p1b: Slowbro\n|turn|1\n|inactive|rocci has 30 seconds left.\n|inactive|medrano2412 has 30 seconds left.\n|inactive|rocci has 20 seconds left.\n|inactive|rocci has 15 seconds left.\n|\n|t:|1776198801\n|switch|p1a: Sylveon|Sylveon, L50, F|100/100\n|move|p2b: Incineroar|Fake Out|p1a: Sylveon\n|-crit|p1a: Sylveon\n|-damage|p1a: Sylveon|75/100\n|move|p2a: Sneasler|Close Combat|p1a: Sylveon\n|-resisted|p1a: Sylveon|1\n|-damage|p1a: Sylveon|29/100\n|-unboost|p2a: Sneasler|def|1\n|-unboost|p2a: Sneasler|spd|1\n|-enditem|p2a: Sneasler|White Herb\n|-clearnegativeboost|p2a: Sneasler|[silent]\n|move|p1b: Slowbro|Trick Room|p1b: Slowbro\n|-fieldstart|move: Trick Room|[of] p1b: Slowbro\n|\n|upkeep\n|turn|2\n|inactive|rocci has 30 seconds left.\n|inactive|medrano2412 has 30 seconds left.\n|inactive|rocci has 20 seconds left.\n|inactive|medrano2412 has 20 seconds left.\n|inactive|medrano2412 has 15 seconds left.\n|\n|t:|1776198845\n|switch|p1a: Farigiraf|Farigiraf, L50, F|100/100\n|move|p2a: Sneasler|Protect|p2a: Sneasler\n|-singleturn|p2a: Sneasler|Protect\n|move|p1b: Slowbro|Scald|p2a: Sneasler\n|-activate|p2a: Sneasler|move: Protect\n|move|p2b: Incineroar|Parting Shot|p1b: Slowbro\n|-unboost|p1b: Slowbro|atk|1\n|-unboost|p1b: Slowbro|spa|1\n|\n|t:|1776198856\n|switch|p2b: Charizard|Charizard, L50, F, shiny|100/100|[from] Parting Shot\n|\n|upkeep\n|turn|3\n|inactive|rocci has 30 seconds left.\n|inactive|rocci has 20 seconds left.\n|inactive|rocci has 15 seconds left.\n|\n|t:|1776198900\n|switch|p2a: Incineroar|Incineroar, L50, F, shiny|100/100\n|-ability|p2a: Incineroar|Intimidate|boost\n|-unboost|p1a: Farigiraf|atk|1\n|-fail|p1b: Slowbro|unboost|Attack|[from] ability: Oblivious|[of] p1b: Slowbro\n|detailschange|p2b: Charizard|Charizard-Mega-Y, L50, F, shiny\n|-mega|p2b: Charizard|Charizard|Charizardite Y\n|-weather|SunnyDay|[from] ability: Drought|[of] p2b: Charizard\n|move|p1b: Slowbro|Scald|p2a: Incineroar\n|-supereffective|p2a: Incineroar|1\n|-damage|p2a: Incineroar|83/100\n|move|p1a: Farigiraf|Psychic|p2b: Charizard\n|-crit|p2b: Charizard\n|-damage|p2b: Charizard|51/100\n|move|p2b: Charizard|Heat Wave|p1a: Farigiraf|[spread] p1a,p1b\n|-resisted|p1b: Slowbro|1\n|-damage|p1a: Farigiraf|31/100\n|-damage|p1b: Slowbro|65/100\n|-enditem|p1a: Farigiraf|Sitrus Berry|[eat]\n|-heal|p1a: Farigiraf|56/100|[from] item: Sitrus Berry\n|\n|-weather|SunnyDay|[upkeep]\n|upkeep\n|turn|4\n|inactive|rocci has 30 seconds left.\n|inactive|medrano2412 has 30 seconds left.\n|\n|t:|1776198929\n|detailschange|p1b: Slowbro|Slowbro-Mega, L50, M\n|-mega|p1b: Slowbro|Slowbro|Slowbronite\n|move|p1a: Farigiraf|Helping Hand|p1b: Slowbro\n|-singleturn|p1b: Slowbro|Helping Hand|[of] p1a: Farigiraf\n|move|p2a: Incineroar|Fake Out||[still]\n|cant|p1a: Farigiraf|ability: Armor Tail|Fake Out|[of] p2a: Incineroar\n|move|p1b: Slowbro|Scald|p2b: Charizard\n|-supereffective|p2b: Charizard|1\n|-damage|p2b: Charizard|19/100\n|move|p2b: Charizard|Heat Wave|p1a: Farigiraf|[spread] p1a,p1b\n|-resisted|p1b: Slowbro|1\n|-damage|p1a: Farigiraf|0 fnt\n|-damage|p1b: Slowbro|31/100\n|faint|p1a: Farigiraf\n|\n|-weather|SunnyDay|[upkeep]\n|upkeep\n|\n|t:|1776198940\n|switch|p1a: Sylveon|Sylveon, L50, F|29/100\n|turn|5\n|\n|t:|1776198948\n|move|p2b: Charizard|Protect|p2b: Charizard\n|-singleturn|p2b: Charizard|Protect\n|move|p1b: Slowbro|Slack Off|p1b: Slowbro\n|-heal|p1b: Slowbro|81/100\n|move|p1a: Sylveon|Hyper Voice|p2a: Incineroar|[spread] p2a\n|-activate|p2b: Charizard|move: Protect\n|-damage|p2a: Incineroar|33/100\n|-enditem|p2a: Incineroar|Sitrus Berry|[eat]\n|-heal|p2a: Incineroar|58/100|[from] item: Sitrus Berry\n|move|p2a: Incineroar|Flare Blitz|p1a: Sylveon\n|-damage|p1a: Sylveon|0 fnt\n|faint|p1a: Sylveon\n|-damage|p2a: Incineroar|49/100|[from] Recoil\n|\n|-weather|SunnyDay|[upkeep]\n|-fieldend|move: Trick Room\n|upkeep\n|\n|t:|1776198952\n|switch|p1a: Tyranitar|Tyranitar, L50, F|100/100\n|-weather|Sandstorm|[from] ability: Sand Stream|[of] p1a: Tyranitar\n|turn|6\n|inactive|medrano2412 has 30 seconds left.\n|inactive|rocci has 30 seconds left.\n|\n|t:|1776198993\n|switch|p2b: Sneasler|Sneasler, L50, F, shiny|100/100\n|move|p2a: Incineroar|Parting Shot|p1a: Tyranitar\n|-unboost|p1a: Tyranitar|atk|1\n|-unboost|p1a: Tyranitar|spa|1\n|\n|t:|1776199013\n|switch|p2a: Venusaur|Venusaur, L50, F, shiny|100/100|[from] Parting Shot\n|move|p1a: Tyranitar|Rock Slide|p2b: Sneasler|[spread] p2a,p2b\n|-resisted|p2b: Sneasler|1\n|-damage|p2a: Venusaur|78/100\n|-damage|p2b: Sneasler|80/100\n|move|p1b: Slowbro|Trick Room|p1b: Slowbro\n|-fieldstart|move: Trick Room|[of] p1b: Slowbro\n|\n|-weather|Sandstorm|[upkeep]\n|-damage|p1b: Slowbro|75/100|[from] Sandstorm\n|-damage|p2a: Venusaur|72/100|[from] Sandstorm\n|-damage|p2b: Sneasler|75/100|[from] Sandstorm\n|upkeep\n|turn|7\n|inactive|medrano2412 has 30 seconds left.\n|\n|t:|1776199046\n|move|p2b: Sneasler|Protect|p2b: Sneasler\n|-singleturn|p2b: Sneasler|Protect\n|move|p1b: Slowbro|Psychic|p2a: Venusaur\n|-supereffective|p2a: Venusaur|1\n|-damage|p2a: Venusaur|23/100\n|move|p1a: Tyranitar|Rock Slide|p2b: Sneasler|[spread] p2a\n|-activate|p2b: Sneasler|move: Protect\n|-damage|p2a: Venusaur|0 fnt\n|faint|p2a: Venusaur\n|\n|-weather|Sandstorm|[upkeep]\n|-damage|p1b: Slowbro|69/100|[from] Sandstorm\n|-damage|p2b: Sneasler|69/100|[from] Sandstorm\n|upkeep\n|\n|t:|1776199059\n|switch|p2a: Incineroar|Incineroar, L50, F, shiny|49/100\n|-ability|p2a: Incineroar|Intimidate|boost\n|-unboost|p1a: Tyranitar|atk|1\n|-unboost|p1b: Slowbro|atk|1\n|turn|8\n|\n|t:|1776199083\n|move|p1a: Tyranitar|Protect|p1a: Tyranitar\n|-singleturn|p1a: Tyranitar|Protect\n|move|p2a: Incineroar|Fake Out|p1a: Tyranitar\n|-activate|p1a: Tyranitar|move: Protect\n|move|p1b: Slowbro|Psychic|p2b: Sneasler\n|-supereffective|p2b: Sneasler|2\n|-damage|p2b: Sneasler|0 fnt\n|faint|p2b: Sneasler\n|\n|-weather|Sandstorm|[upkeep]\n|-damage|p1b: Slowbro|63/100|[from] Sandstorm\n|-damage|p2a: Incineroar|43/100|[from] Sandstorm\n|upkeep\n|\n|t:|1776199086\n|switch|p2b: Charizard|Charizard-Mega-Y, L50, F, shiny|19/100\n|-weather|SunnyDay|[from] ability: Drought|[of] p2b: Charizard\n|turn|9\n|\n|t:|1776199096\n|move|p2b: Charizard|Protect|p2b: Charizard\n|-singleturn|p2b: Charizard|Protect\n|move|p1b: Slowbro|Slack Off|p1b: Slowbro\n|-heal|p1b: Slowbro|100/100\n|move|p1a: Tyranitar|Rock Slide|p2a: Incineroar|[spread] p2a\n|-activate|p2b: Charizard|move: Protect\n|-supereffective|p2a: Incineroar|1\n|-damage|p2a: Incineroar|10/100\n|cant|p2a: Incineroar|flinch\n|\n|-weather|SunnyDay|[upkeep]\n|upkeep\n|turn|10\n|\n|t:|1776199111\n|move|p1b: Slowbro|Scald|p2b: Charizard\n|-supereffective|p2b: Charizard|1\n|-damage|p2b: Charizard|0 fnt\n|faint|p2b: Charizard\n|move|p1a: Tyranitar|Rock Slide|p2a: Incineroar\n|-supereffective|p2a: Incineroar|1\n|-damage|p2a: Incineroar|0 fnt\n|faint|p2a: Incineroar\n|\n|win|rocci\n|raw|rocci's rating: 1200 &rarr; <strong>1223</strong><br />(+23 for winning)\n|raw|medrano2412's rating: 1175 &rarr; <strong>1152</strong><br />(-23 for losing)\n|l|\u2606medrano2412\n|player|p2|\n",
  "uploadtime": 1776199116,
  "views": 35,
  "formatid": "gen9championsvgc2026regma",
  "rating": 1152,
  "private": 0,
  "password": null
}