{
  "id": "gen9championsvgc2026regma-2580758979",
  "format": "[Gen 9 Champions] VGC 2026 Reg M-A",
  "players": [
    "B.Skull",
    "KuroiXRyu"
  ],
  "log": "|j|\u2606B.Skull\n|j|\u2606KuroiXRyu\n|t:|1775930151\n|gametype|doubles\n|player|p1|B.Skull|170|1110\n|player|p2|KuroiXRyu|170|1076\n|gen|9\n|tier|[Gen 9 Champions] VGC 2026 Reg M-A\n|rated|\n|rule|Species Clause: Limit one of each Pok\u00e9mon\n|rule|Item Clause: Limit 1 of each item\n|clearpoke\n|poke|p1|Gengar, L50, M|\n|poke|p1|Incineroar, L50, M|\n|poke|p1|Maushold, L50|\n|poke|p1|Tyranitar, L50, F|\n|poke|p1|Kommo-o, L50, M|\n|poke|p1|Kingambit, L50, M|\n|poke|p2|Dragonite, L50, F|\n|poke|p2|Archaludon, L50, M|\n|poke|p2|Farigiraf, L50, F|\n|poke|p2|Pelipper, L50, M|\n|poke|p2|Sneasler, L50, M|\n|poke|p2|Gyarados, L50, M|\n|teampreview|4\n|\n|t:|1775930180\n|teamsize|p1|4\n|teamsize|p2|4\n|start\n|switch|p1a: Gengar|Gengar, L50, M|100/100\n|switch|p1b: Incineroar|Incineroar, L50, M|100/100\n|switch|p2a: Sneasler|Sneasler, L50, M|100/100\n|switch|p2b: Archaludon|Archaludon, L50, M|100/100\n|-ability|p1b: Incineroar|Intimidate|boost\n|-unboost|p2a: Sneasler|atk|1\n|-unboost|p2b: Archaludon|atk|1\n|-enditem|p2a: Sneasler|White Herb\n|-clearnegativeboost|p2a: Sneasler|[silent]\n|turn|1\n|\n|t:|1775930209\n|detailschange|p1a: Gengar|Gengar-Mega, L50, M\n|-mega|p1a: Gengar|Gengar|Gengarite\n|move|p2b: Archaludon|Protect|p2b: Archaludon\n|-singleturn|p2b: Archaludon|Protect\n|move|p2a: Sneasler|Upper Hand|p1b: Incineroar\n|-supereffective|p1b: Incineroar|1\n|-damage|p1b: Incineroar|38/100\n|cant|p1b: Incineroar|flinch\n|move|p1a: Gengar|Perish Song|p1a: Gengar\n|-start|p1a: Gengar|perish3|[silent]\n|-start|p1b: Incineroar|perish3|[silent]\n|-start|p2a: Sneasler|perish3|[silent]\n|-start|p2b: Archaludon|perish3|[silent]\n|-fieldactivate|move: Perish Song\n|\n|-start|p2a: Sneasler|perish3\n|-start|p1a: Gengar|perish3\n|-start|p2b: Archaludon|perish3\n|-start|p1b: Incineroar|perish3\n|upkeep\n|turn|2\n|\n|t:|1775930237\n|move|p1a: Gengar|Protect|p1a: Gengar\n|-singleturn|p1a: Gengar|Protect\n|move|p1b: Incineroar|Protect|p1b: Incineroar\n|-singleturn|p1b: Incineroar|Protect\n|move|p2a: Sneasler|Close Combat|p1b: Incineroar\n|-activate|p1b: Incineroar|move: Protect\n|move|p2b: Archaludon|Draco Meteor|p1a: Gengar\n|-activate|p1a: Gengar|move: Protect\n|\n|-start|p2a: Sneasler|perish2\n|-start|p1a: Gengar|perish2\n|-start|p2b: Archaludon|perish2\n|-start|p1b: Incineroar|perish2\n|upkeep\n|turn|3\n|\n|t:|1775930288\n|switch|p1a: Maushold|Maushold, L50|100/100\n|move|p2a: Sneasler|Close Combat|p1b: Incineroar\n|-supereffective|p1b: Incineroar|1\n|-damage|p1b: Incineroar|0 fnt\n|-unboost|p2a: Sneasler|def|1\n|-unboost|p2a: Sneasler|spd|1\n|faint|p1b: Incineroar\n|move|p2b: Archaludon|Draco Meteor|p1a: Maushold\n|-damage|p1a: Maushold|35/100\n|-unboost|p2b: Archaludon|spa|2\n|-enditem|p1a: Maushold|Sitrus Berry|[eat]\n|-heal|p1a: Maushold|60/100|[from] item: Sitrus Berry\n|\n|-start|p2a: Sneasler|perish1\n|-start|p2b: Archaludon|perish1\n|upkeep\n|\n|t:|1775930303\n|switch|p1b: Gengar|Gengar-Mega, L50, M|100/100\n|turn|4\n|\n|t:|1775930315\n|move|p1b: Gengar|Protect|p1b: Gengar\n|-singleturn|p1b: Gengar|Protect\n|move|p1a: Maushold|Protect|p1a: Maushold\n|-singleturn|p1a: Maushold|Protect\n|move|p2a: Sneasler|Close Combat|p1a: Maushold\n|-activate|p1a: Maushold|move: Protect\n|move|p2b: Archaludon|Draco Meteor|p1b: Gengar\n|-activate|p1b: Gengar|move: Protect\n|\n|-start|p2a: Sneasler|perish0\n|-start|p2b: Archaludon|perish0\n|faint|p2a: Sneasler\n|faint|p2b: Archaludon\n|upkeep\n|\n|t:|1775930331\n|switch|p2a: Pelipper|Pelipper, L50, M|100/100\n|switch|p2b: Gyarados|Gyarados, L50, M|100/100\n|-weather|RainDance|[from] ability: Drizzle|[of] p2a: Pelipper\n|-ability|p2b: Gyarados|Intimidate|boost\n|-unboost|p1a: Maushold|atk|1\n|-unboost|p1b: Gengar|atk|1\n|turn|5\n|\n|t:|1775930361\n|detailschange|p2b: Gyarados|Gyarados-Mega, L50, M\n|-mega|p2b: Gyarados|Gyarados|Gyaradosite\n|-ability|p2b: Gyarados|Mold Breaker\n|move|p1a: Maushold|Follow Me|p1a: Maushold\n|-singleturn|p1a: Maushold|move: Follow Me\n|move|p1b: Gengar|Perish Song|p1b: Gengar\n|-start|p1a: Maushold|perish3|[silent]\n|-start|p1b: Gengar|perish3|[silent]\n|-start|p2a: Pelipper|perish3|[silent]\n|-start|p2b: Gyarados|perish3|[silent]\n|-fieldactivate|move: Perish Song\n|move|p2a: Pelipper|Hurricane|p1a: Maushold\n|-damage|p1a: Maushold|12/100\n|move|p2b: Gyarados|Waterfall|p1a: Maushold\n|-damage|p1a: Maushold|0 fnt\n|faint|p1a: Maushold\n|\n|-weather|RainDance|[upkeep]\n|-start|p1b: Gengar|perish3\n|-start|p2a: Pelipper|perish3\n|-start|p2b: Gyarados|perish3\n|upkeep\n|\n|t:|1775930374\n|switch|p1a: Tyranitar|Tyranitar, L50, F|100/100\n|-weather|Sandstorm|[from] ability: Sand Stream|[of] p1a: Tyranitar\n|turn|6\n|\n|t:|1775930397\n|move|p1b: Gengar|Protect|p1b: Gengar\n|-singleturn|p1b: Gengar|Protect\n|move|p1a: Tyranitar|Stone Edge|p2a: Pelipper|[miss]\n|-miss|p1a: Tyranitar|p2a: Pelipper\n|move|p2a: Pelipper|Rain Dance|p2a: Pelipper\n|-weather|RainDance\n|move|p2b: Gyarados|Waterfall|p1a: Tyranitar\n|-supereffective|p1a: Tyranitar|1\n|-damage|p1a: Tyranitar|0 fnt\n|faint|p1a: Tyranitar\n|\n|-weather|RainDance|[upkeep]\n|-start|p1b: Gengar|perish2\n|-start|p2a: Pelipper|perish2\n|-start|p2b: Gyarados|perish2\n|upkeep\n|turn|7\n|\n|t:|1775930417\n|move|p1b: Gengar|Substitute|p1b: Gengar\n|-start|p1b: Gengar|Substitute\n|-damage|p1b: Gengar|76/100\n|move|p2a: Pelipper|Hurricane|p1b: Gengar\n|-end|p1b: Gengar|Substitute\n|move|p2b: Gyarados|Crunch|p1b: Gengar\n|-supereffective|p1b: Gengar|1\n|-damage|p1b: Gengar|0 fnt\n|faint|p1b: Gengar\n|\n|win|KuroiXRyu\n|raw|B.Skull's rating: 1110 &rarr; <strong>1083</strong><br />(-27 for losing)\n|raw|KuroiXRyu's rating: 1076 &rarr; <strong>1107</strong><br />(+31 for winning)\n|l|\u2606B.Skull\n|player|p1|\n|c|\u2606KuroiXRyu|Eat it\n",
  "uploadtime": 1775930434,
  "views": 36,
  "formatid": "gen9championsvgc2026regma",
  "rating": 1083,
  "private": 0,
  "password": null
}