{
  "id": "gen9championsvgc2026regma-2584134967",
  "format": "[Gen 9 Champions] VGC 2026 Reg M-A",
  "players": [
    "TheColorDown",
    "hexagonfoot"
  ],
  "log": "|j|\u2606TheColorDown\n|j|\u2606hexagonfoot\n|t:|1776229090\n|gametype|doubles\n|player|p1|TheColorDown|265|1232\n|player|p2|hexagonfoot|169|1298\n|gen|9\n|tier|[Gen 9 Champions] VGC 2026 Reg M-A\n|rated|\n|rule|Species Clause: Limit one of each Pok\u00e9mon\n|rule|Item Clause: Limit 1 of each item\n|clearpoke\n|poke|p1|Zoroark-Hisui, L50, M|\n|poke|p1|Delphox, L50, F|\n|poke|p1|Kingambit, L50, F|\n|poke|p1|Sneasler, L50, F|\n|poke|p1|Clefable, L50, M|\n|poke|p1|Dragonite, L50, M|\n|poke|p2|Greninja-*, L50, F|\n|poke|p2|Archaludon, L50, F|\n|poke|p2|Pelipper, L50, M|\n|poke|p2|Sinistcha, L50|\n|poke|p2|Garchomp, L50, F|\n|poke|p2|Sneasler, L50, F|\n|teampreview|4\n|inactive|Battle timer is ON: inactive players will automatically lose when time's up. (requested by hexagonfoot)\n|inactive|TheColorDown has 60 seconds left.\n|inactive|hexagonfoot has 60 seconds left.\n|\n|t:|1776229130\n|teamsize|p1|4\n|teamsize|p2|4\n|start\n|switch|p1a: Clefable|Clefable, L50, M|100/100\n|switch|p1b: Delphox|Delphox, L50, F|100/100\n|switch|p2a: Pelipper|Pelipper, L50, M|100/100\n|switch|p2b: Garchomp|Garchomp, L50, F|100/100\n|-weather|RainDance|[from] ability: Drizzle|[of] p2a: Pelipper\n|turn|1\n|inactive|TheColorDown has 30 seconds left.\n|inactive|hexagonfoot has 30 seconds left.\n|inactive|TheColorDown has 20 seconds left.\n|c|\u2606TheColorDown|wanna see smth funny\n|\n|t:|1776229168\n|detailschange|p1b: Delphox|Delphox-Mega, L50, F\n|-mega|p1b: Delphox|Delphox|Delphoxite\n|move|p2b: Garchomp|Protect|p2b: Garchomp\n|-singleturn|p2b: Garchomp|Protect\n|move|p1a: Clefable|Icy Wind|p2a: Pelipper|[spread] p2a\n|-activate|p2b: Garchomp|move: Protect\n|-damage|p2a: Pelipper|77/100\n|-unboost|p2a: Pelipper|spe|1\n|move|p1b: Delphox|Psychic|p2a: Pelipper\n|-damage|p2a: Pelipper|0 fnt\n|faint|p2a: Pelipper\n|\n|-weather|RainDance|[upkeep]\n|upkeep\n|c|\u2606hexagonfoot|oh\n|c|\u2606TheColorDown|lmao\n|c|\u2606hexagonfoot|that guy is a bit sus\n|c|\u2606TheColorDown|whaaaaaaaat\n|c|\u2606TheColorDown|wdym\n|c|\u2606TheColorDown|just a fella\n|c|\u2606hexagonfoot|wait shit my tailwind didnt go up what\n|inactive|hexagonfoot has 30 seconds left.\n|c|\u2606TheColorDown|yeah he died\n|c|\u2606hexagonfoot|ooooops\n|c|\u2606TheColorDown|lmao\n|\n|t:|1776229196\n|switch|p2a: Archaludon|Archaludon, L50, F|100/100\n|turn|2\n|\n|t:|1776229217\n|move|p1b: Delphox|Protect|p1b: Delphox\n|-singleturn|p1b: Delphox|Protect\n|move|p1a: Clefable|Icy Wind|p2b: Garchomp|[spread] p2a,p2b\n|-supereffective|p2b: Garchomp|2\n|-damage|p2a: Archaludon|88/100\n|-damage|p2b: Garchomp|42/100\n|-unboost|p2a: Archaludon|spe|1\n|-unboost|p2b: Garchomp|spe|1\n|-ability|p2a: Archaludon|Stamina|boost\n|-boost|p2a: Archaludon|def|1\n|move|p2b: Garchomp|Earthquake|p1a: Clefable|[spread] p2a,p1a\n|-activate|p1b: Delphox|move: Protect\n|-supereffective|p2a: Archaludon|1\n|-enditem|p2a: Archaludon|Shuca Berry|[eat]\n|-enditem|p2a: Archaludon|Shuca Berry|[weaken]\n|-damage|p2a: Archaludon|67/100\n|-damage|p1a: Clefable|7/100\n|-ability|p2a: Archaludon|Stamina|boost\n|-boost|p2a: Archaludon|def|1\n|replace|p1a: Zoroark|Zoroark-Hisui, L50, M\n|-end|p1a: Zoroark|Illusion\n|move|p2a: Archaludon|Electro Shot||[still]\n|-prepare|p2a: Archaludon|Electro Shot\n|-boost|p2a: Archaludon|spa|1\n|-anim|p2a: Archaludon|Electro Shot|p1b: Delphox\n|-activate|p1b: Delphox|move: Protect\n|\n|-weather|RainDance|[upkeep]\n|upkeep\n|turn|3\n|c|\u2606hexagonfoot|whoaaa\n|\n|t:|1776229240\n|move|p2b: Garchomp|Protect|p2b: Garchomp\n|-singleturn|p2b: Garchomp|Protect\n|move|p1a: Zoroark|Icy Wind|p2a: Archaludon|[spread] p2a\n|-activate|p2b: Garchomp|move: Protect\n|-damage|p2a: Archaludon|54/100\n|-unboost|p2a: Archaludon|spe|1\n|-ability|p2a: Archaludon|Stamina|boost\n|-boost|p2a: Archaludon|def|1\n|move|p1b: Delphox|Substitute|p1b: Delphox\n|-start|p1b: Delphox|Substitute\n|-damage|p1b: Delphox|76/100\n|move|p2a: Archaludon|Electro Shot||[still]\n|-prepare|p2a: Archaludon|Electro Shot\n|-boost|p2a: Archaludon|spa|1\n|-anim|p2a: Archaludon|Electro Shot|p1a: Zoroark\n|-damage|p1a: Zoroark|0 fnt\n|faint|p1a: Zoroark\n|\n|-weather|RainDance|[upkeep]\n|upkeep\n|inactive|TheColorDown has 30 seconds left.\n|\n|t:|1776229265\n|switch|p1a: Clefable|Clefable, L50, M|100/100\n|turn|4\n|inactive|TheColorDown has 30 seconds left.\n|\n|t:|1776229299\n|move|p1b: Delphox|Heat Wave|p2b: Garchomp|[spread] p2a,p2b\n|-resisted|p2b: Garchomp|1\n|-damage|p2a: Archaludon|37/100\n|-damage|p2b: Garchomp|30/100\n|-ability|p2a: Archaludon|Stamina|boost\n|-boost|p2a: Archaludon|def|1\n|move|p2b: Garchomp|Dragon Claw|p1b: Delphox\n|-end|p1b: Delphox|Substitute\n|move|p1a: Clefable|Moonblast|p2b: Garchomp\n|-supereffective|p2b: Garchomp|1\n|-damage|p2b: Garchomp|0 fnt\n|faint|p2b: Garchomp\n|move|p2a: Archaludon|Flash Cannon|p1a: Clefable\n|-supereffective|p1a: Clefable|1\n|-damage|p1a: Clefable|32/100\n|-enditem|p1a: Clefable|Sitrus Berry|[eat]\n|-heal|p1a: Clefable|57/100|[from] item: Sitrus Berry\n|\n|-weather|RainDance|[upkeep]\n|upkeep\n|\n|t:|1776229317\n|switch|p2b: Sneasler|Sneasler, L50, F|100/100\n|turn|5\n|\n|t:|1776229336\n|move|p1b: Delphox|Protect|p1b: Delphox\n|-singleturn|p1b: Delphox|Protect\n|move|p1a: Clefable|Protect|p1a: Clefable\n|-singleturn|p1a: Clefable|Protect\n|move|p2b: Sneasler|Dire Claw|p1a: Clefable\n|-activate|p1a: Clefable|move: Protect\n|move|p2a: Archaludon|Electro Shot||[still]\n|-prepare|p2a: Archaludon|Electro Shot\n|-boost|p2a: Archaludon|spa|1\n|-anim|p2a: Archaludon|Electro Shot|p1b: Delphox\n|-activate|p1b: Delphox|move: Protect\n|\n|-weather|none\n|upkeep\n|turn|6\n|c|\u2606TheColorDown|how do you rate the tech tho\n|c|\u2606TheColorDown|icy wind psychic\n|c|\u2606hexagonfoot|i mean it worked\n|inactive|hexagonfoot has 30 seconds left.\n|c|\u2606TheColorDown|heck yeah it did\n|c|\u2606hexagonfoot|my brain is also like totally off right now\n|\n|t:|1776229370\n|move|p1a: Clefable|Helping Hand|p1b: Delphox\n|-singleturn|p1b: Delphox|Helping Hand|[of] p1a: Clefable\n|move|p2b: Sneasler|Protect|p2b: Sneasler\n|-singleturn|p2b: Sneasler|Protect\n|move|p1b: Delphox|Heat Wave|p2a: Archaludon|[spread] \n|-activate|p2b: Sneasler|move: Protect\n|-miss|p1b: Delphox|p2a: Archaludon\n|move|p2a: Archaludon|Flash Cannon|p1a: Clefable\n|-supereffective|p1a: Clefable|1\n|-damage|p1a: Clefable|0 fnt\n|faint|p1a: Clefable\n|\n|upkeep\n|c|\u2606TheColorDown|same im procrastinating a video i gotta do for school\n|c|\u2606TheColorDown|u?\n|c|\u2606TheColorDown|fuuuuuuuuuck that miss\n|\n|t:|1776229392\n|switch|p1a: Sneasler|Sneasler, L50, F|100/100\n|turn|7\n|c|\u2606hexagonfoot|yeah im procrastinating too lmao\n|inactive|TheColorDown has 30 seconds left.\n|c|\u2606TheColorDown|whoever loses has to get off and do their work\n|c|\u2606hexagonfoot|o7\n|inactive|TheColorDown has 20 seconds left.\n|c|\u2606hexagonfoot|thats probably me\n|\n|t:|1776229436\n|move|p1a: Sneasler|Fake Out|p2b: Sneasler\n|-crit|p2b: Sneasler\n|-damage|p2b: Sneasler|65/100\n|move|p1b: Delphox|Heat Wave|p2b: Sneasler|[spread] p2a,p2b\n|-damage|p2a: Archaludon|2/100\n|-damage|p2b: Sneasler|9/100\n|-ability|p2a: Archaludon|Stamina|boost\n|-boost|p2a: Archaludon|def|1\n|cant|p2b: Sneasler|flinch\n|move|p2a: Archaludon|Dragon Pulse|p1b: Delphox\n|-damage|p1b: Delphox|0 fnt\n|faint|p1b: Delphox\n|\n|upkeep\n|turn|8\n|c|\u2606hexagonfoot|lock in hexagonfoot\n|\n|t:|1776229453\n|move|p1a: Sneasler|Close Combat|p2b: Sneasler\n|-resisted|p2b: Sneasler|1\n|-damage|p2b: Sneasler|0 fnt\n|-unboost|p1a: Sneasler|def|1\n|-unboost|p1a: Sneasler|spd|1\n|faint|p2b: Sneasler\n|move|p2a: Archaludon|Dragon Pulse|p1a: Sneasler\n|-enditem|p1a: Sneasler|Focus Sash\n|-damage|p1a: Sneasler|1/100\n|\n|upkeep\n|turn|9\n|c|\u2606TheColorDown|ggs friend\n|c|\u2606hexagonfoot|ggwp\n|c|\u2606TheColorDown|go do ur work\n|\n|t:|1776229463\n|move|p1a: Sneasler|Close Combat|p2a: Archaludon\n|-supereffective|p2a: Archaludon|1\n|-crit|p2a: Archaludon\n|-damage|p2a: Archaludon|0 fnt\n|-unboost|p1a: Sneasler|def|1\n|-unboost|p1a: Sneasler|spd|1\n|faint|p2a: Archaludon\n|\n|win|TheColorDown\n",
  "uploadtime": 1776229390,
  "views": 15,
  "formatid": "gen9championsvgc2026regma",
  "rating": null,
  "private": 0,
  "password": null
}