{
  "id": "gen9championsvgc2026regma-2583760217",
  "format": "[Gen 9 Champions] VGC 2026 Reg M-A",
  "players": [
    "PalWorldMoney",
    "JimmiBunnie"
  ],
  "log": "|j|\u2606PalWorldMoney\n|j|\u2606JimmiBunnie\n|t:|1776195842\n|gametype|doubles\n|player|p1|PalWorldMoney|266|1050\n|player|p2|JimmiBunnie|pokekid|1113\n|gen|9\n|tier|[Gen 9 Champions] VGC 2026 Reg M-A\n|rated|\n|rule|Species Clause: Limit one of each Pok\u00e9mon\n|rule|Item Clause: Limit 1 of each item\n|clearpoke\n|poke|p1|Charizard, L50, F|\n|poke|p1|Venusaur, L50, F|\n|poke|p1|Milotic, L50, M|\n|poke|p1|Gengar, L50, M|\n|poke|p1|Whimsicott, L50, M|\n|poke|p1|Sneasler, L50, M|\n|poke|p2|Lopunny, L50, F|\n|poke|p2|Garchomp, L50, M|\n|poke|p2|Incineroar, L50, M|\n|poke|p2|Rotom-Wash, L50|\n|poke|p2|Whimsicott, L50, M|\n|poke|p2|Sinistcha, L50|\n|teampreview|4\n|\n|t:|1776195881\n|teamsize|p1|4\n|teamsize|p2|4\n|start\n|switch|p1a: Sneasler|Sneasler, L50, M|100/100\n|switch|p1b: Charizard|Charizard, L50, F|100/100\n|switch|p2a: Rotom|Rotom-Wash, L50|100/100\n|switch|p2b: Incineroar|Incineroar, L50, M|100/100\n|-ability|p2b: Incineroar|Intimidate|boost\n|-unboost|p1a: Sneasler|atk|1\n|-unboost|p1b: Charizard|atk|1\n|-enditem|p1a: Sneasler|White Herb\n|-clearnegativeboost|p1a: Sneasler|[silent]\n|turn|1\n|\n|t:|1776195901\n|detailschange|p1b: Charizard|Charizard-Mega-X, L50, F\n|-mega|p1b: Charizard|Charizard|Charizardite X\n|move|p1a: Sneasler|Fake Out|p2b: Incineroar\n|-damage|p2b: Incineroar|89/100\n|cant|p2b: Incineroar|flinch\n|move|p1b: Charizard|Dragon Dance|p1b: Charizard\n|-boost|p1b: Charizard|atk|1\n|-boost|p1b: Charizard|spe|1\n|move|p2a: Rotom|Hydro Pump|p1b: Charizard\n|-damage|p1b: Charizard|46/100\n|\n|upkeep\n|turn|2\n|\n|t:|1776195932\n|switch|p2b: Garchomp|Garchomp, L50, M|100/100\n|move|p1b: Charizard|Protect|p1b: Charizard\n|-singleturn|p1b: Charizard|Protect\n|move|p1a: Sneasler|Close Combat|p2b: Garchomp\n|-damage|p2b: Garchomp|38/100\n|-unboost|p1a: Sneasler|def|1\n|-unboost|p1a: Sneasler|spd|1\n|-damage|p1a: Sneasler|88/100|[from] ability: Rough Skin|[of] p2b: Garchomp\n|move|p2a: Rotom|Hydro Pump|p1b: Charizard\n|-activate|p1b: Charizard|move: Protect\n|\n|upkeep\n|turn|3\n|\n|t:|1776195958\n|switch|p1b: Venusaur|Venusaur, L50, F|100/100\n|move|p2b: Garchomp|Protect|p2b: Garchomp\n|-singleturn|p2b: Garchomp|Protect\n|move|p1a: Sneasler|Close Combat|p2b: Garchomp\n|-activate|p2b: Garchomp|move: Protect\n|move|p2a: Rotom|Hydro Pump|p1b: Venusaur|[miss]\n|-miss|p2a: Rotom|p1b: Venusaur\n|\n|upkeep\n|turn|4\n|\n|t:|1776195978\n|switch|p2b: Incineroar|Incineroar, L50, M|89/100\n|-ability|p2b: Incineroar|Intimidate|boost\n|-unboost|p1a: Sneasler|atk|1\n|-unboost|p1b: Venusaur|atk|1\n|move|p1a: Sneasler|Sunny Day|p1a: Sneasler\n|-weather|SunnyDay\n|move|p1b: Venusaur|Energy Ball|p2b: Incineroar\n|-resisted|p2b: Incineroar|1\n|-damage|p2b: Incineroar|74/100\n|move|p2a: Rotom|Volt Switch|p1a: Sneasler\n|-crit|p1a: Sneasler\n|-damage|p1a: Sneasler|0 fnt\n|faint|p1a: Sneasler\n|\n|t:|1776195996\n|switch|p2a: Garchomp|Garchomp, L50, M|38/100|[from] Volt Switch\n|\n|-weather|SunnyDay|[upkeep]\n|upkeep\n|\n|t:|1776196008\n|switch|p1a: Milotic|Milotic, L50, M|100/100\n|turn|5\n|\n|t:|1776196049\n|switch|p2a: Rotom|Rotom-Wash, L50|100/100\n|move|p1b: Venusaur|Sleep Powder|p2b: Incineroar\n|-status|p2b: Incineroar|slp|[from] move: Sleep Powder\n|move|p1a: Milotic|Icy Wind|p2a: Rotom|[spread] p2a,p2b\n|-resisted|p2a: Rotom|1\n|-resisted|p2b: Incineroar|1\n|-damage|p2a: Rotom|95/100\n|-damage|p2b: Incineroar|70/100 slp\n|-unboost|p2a: Rotom|spe|1\n|-unboost|p2b: Incineroar|spe|1\n|cant|p2b: Incineroar|slp\n|\n|-weather|SunnyDay|[upkeep]\n|-heal|p2a: Rotom|100/100|[from] item: Leftovers\n|upkeep\n|turn|6\n|\n|t:|1776196081\n|move|p2a: Rotom|Protect|p2a: Rotom\n|-singleturn|p2a: Rotom|Protect\n|move|p1b: Venusaur|Energy Ball|p2a: Rotom\n|-activate|p2a: Rotom|move: Protect\n|move|p1a: Milotic|Icy Wind|p2a: Rotom|[spread] p2b\n|-activate|p2a: Rotom|move: Protect\n|-resisted|p2b: Incineroar|1\n|-damage|p2b: Incineroar|67/100 slp\n|-unboost|p2b: Incineroar|spe|1\n|cant|p2b: Incineroar|slp\n|\n|-weather|SunnyDay|[upkeep]\n|upkeep\n|turn|7\n|\n|t:|1776196106\n|switch|p2a: Garchomp|Garchomp, L50, M|38/100\n|move|p1b: Venusaur|Sleep Powder|p2a: Garchomp|[miss]\n|-miss|p1b: Venusaur|p2a: Garchomp\n|move|p1a: Milotic|Scald|p2b: Incineroar\n|-supereffective|p2b: Incineroar|1\n|-damage|p2b: Incineroar|45/100 slp\n|-enditem|p2b: Incineroar|Sitrus Berry|[eat]\n|-heal|p2b: Incineroar|70/100 slp|[from] item: Sitrus Berry\n|-curestatus|p2b: Incineroar|slp|[msg]\n|move|p2b: Incineroar|Flare Blitz|p1b: Venusaur\n|-supereffective|p1b: Venusaur|1\n|-damage|p1b: Venusaur|0 fnt\n|faint|p1b: Venusaur\n|-damage|p2b: Incineroar|45/100|[from] Recoil\n|\n|-weather|SunnyDay|[upkeep]\n|upkeep\n|\n|t:|1776196121\n|switch|p1b: Charizard|Charizard-Mega-X, L50, F|46/100\n|turn|8\n|\n|t:|1776196139\n|switch|p2b: Rotom|Rotom-Wash, L50|100/100\n|move|p1b: Charizard|Protect|p1b: Charizard\n|-singleturn|p1b: Charizard|Protect\n|move|p2a: Garchomp|Earthquake|p1a: Milotic|[spread] p1a\n|-activate|p1b: Charizard|move: Protect\n|-immune|p2b: Rotom|[from] ability: Levitate\n|-damage|p1a: Milotic|60/100\n|move|p1a: Milotic|Icy Wind|p2b: Rotom|[spread] p2a,p2b\n|-supereffective|p2a: Garchomp|2\n|-resisted|p2b: Rotom|1\n|-damage|p2a: Garchomp|0 fnt\n|-damage|p2b: Rotom|95/100\n|-unboost|p2b: Rotom|spe|1\n|faint|p2a: Garchomp\n|\n|-weather|none\n|-heal|p1a: Milotic|66/100|[from] item: Leftovers\n|-heal|p2b: Rotom|100/100|[from] item: Leftovers\n|upkeep\n|\n|t:|1776196160\n|switch|p2a: Lopunny|Lopunny, L50, F|100/100\n|turn|9\n|\n|t:|1776196172\n|detailschange|p2a: Lopunny|Lopunny-Mega, L50, F\n|-mega|p2a: Lopunny|Lopunny|Lopunnite\n|move|p2a: Lopunny|Fake Out|p1a: Milotic\n|-damage|p1a: Milotic|41/100\n|move|p1b: Charizard|Dragon Claw|p2a: Lopunny\n|-damage|p2a: Lopunny|33/100\n|cant|p1a: Milotic|flinch\n|move|p2b: Rotom|Volt Switch|p1a: Milotic\n|-supereffective|p1a: Milotic|1\n|-damage|p1a: Milotic|7/100\n|\n|t:|1776196183\n|switch|p2b: Incineroar|Incineroar, L50, M|45/100|[from] Volt Switch\n|-ability|p2b: Incineroar|Intimidate|boost\n|-unboost|p1a: Milotic|atk|1\n|-ability|p1a: Milotic|Competitive|boost\n|-boost|p1a: Milotic|spa|2\n|-unboost|p1b: Charizard|atk|1\n|\n|-heal|p1a: Milotic|13/100|[from] item: Leftovers\n|upkeep\n|turn|10\n|\n|t:|1776196201\n|move|p1b: Charizard|Protect|p1b: Charizard\n|-singleturn|p1b: Charizard|Protect\n|move|p1a: Milotic|Protect|p1a: Milotic\n|-singleturn|p1a: Milotic|Protect\n|move|p2b: Incineroar|Fake Out|p1b: Charizard\n|-activate|p1b: Charizard|move: Protect\n|move|p2a: Lopunny|Close Combat|p1a: Milotic\n|-activate|p1a: Milotic|move: Protect\n|\n|-heal|p1a: Milotic|19/100|[from] item: Leftovers\n|upkeep\n|turn|11\n|\n|t:|1776196229\n|switch|p2b: Rotom|Rotom-Wash, L50|100/100\n|move|p2a: Lopunny|Close Combat|p1a: Milotic\n|-damage|p1a: Milotic|0 fnt\n|-unboost|p2a: Lopunny|def|1\n|-unboost|p2a: Lopunny|spd|1\n|faint|p1a: Milotic\n|move|p1b: Charizard|Dragon Claw|p2a: Lopunny\n|-damage|p2a: Lopunny|0 fnt\n|faint|p2a: Lopunny\n|\n|upkeep\n|\n|t:|1776196241\n|switch|p2a: Incineroar|Incineroar, L50, M|45/100\n|-ability|p2a: Incineroar|Intimidate|boost\n|-unboost|p1b: Charizard|atk|1\n|turn|12\n|-message|PalWorldMoney forfeited.\n|\n|win|JimmiBunnie\n|raw|PalWorldMoney's rating: 1050 &rarr; <strong>1036</strong><br />(-14 for losing)\n|raw|JimmiBunnie's rating: 1113 &rarr; <strong>1134</strong><br />(+21 for winning)\n|l|\u2606PalWorldMoney\n|player|p1|\n",
  "uploadtime": 1776196254,
  "views": 14,
  "formatid": "gen9championsvgc2026regma",
  "rating": 1036,
  "private": 0,
  "password": null
}