{
  "id": "gen9championsvgc2026regma-2586228669",
  "format": "[Gen 9 Champions] VGC 2026 Reg M-A",
  "players": [
    "darkevinrai",
    "zenoilfausto"
  ],
  "log": "|j|\u2606darkevinrai\n|j|\u2606zenoilfausto\n|t:|1776414918\n|gametype|doubles\n|player|p1|darkevinrai|doubleteam|1127\n|player|p2|zenoilfausto|giovanni|1198\n|gen|9\n|tier|[Gen 9 Champions] VGC 2026 Reg M-A\n|rated|\n|rule|Species Clause: Limit one of each Pok\u00e9mon\n|rule|Item Clause: Limit 1 of each item\n|clearpoke\n|poke|p1|Aerodactyl, L50, M|\n|poke|p1|Garchomp, L50, F|\n|poke|p1|Incineroar, L50, F|\n|poke|p1|Rotom-Wash, L50|\n|poke|p1|Delphox, L50, F|\n|poke|p1|Basculegion, L50, M|\n|poke|p2|Glimmora, L50, F|\n|poke|p2|Pelipper, L50, M|\n|poke|p2|Garchomp, L50, F|\n|poke|p2|Sneasler, L50, F|\n|poke|p2|Basculegion, L50, M|\n|poke|p2|Whimsicott, L50, F|\n|teampreview|4\n|inactive|Battle timer is ON: inactive players will automatically lose when time's up. (requested by zenoilfausto)\n|\n|t:|1776414942\n|teamsize|p1|4\n|teamsize|p2|4\n|start\n|switch|p1a: Aerodactyl|Aerodactyl, L50, M|100/100\n|switch|p1b: Incineroar|Incineroar, L50, F|100/100\n|switch|p2a: Glimmora|Glimmora, L50, F|100/100\n|switch|p2b: Whimsicott|Whimsicott, L50, F|100/100\n|-ability|p1a: Aerodactyl|Unnerve\n|-ability|p1b: Incineroar|Intimidate|boost\n|-unboost|p2a: Glimmora|atk|1\n|-unboost|p2b: Whimsicott|atk|1\n|turn|1\n|\n|t:|1776414959\n|detailschange|p2a: Glimmora|Glimmora-Mega, L50, F\n|-mega|p2a: Glimmora|Glimmora|Glimmoranite\n|move|p1b: Incineroar|Fake Out|p2b: Whimsicott\n|-damage|p2b: Whimsicott|89/100\n|cant|p2b: Whimsicott|flinch\n|move|p1a: Aerodactyl|Tailwind|p1a: Aerodactyl\n|-sidestart|p1: darkevinrai|move: Tailwind\n|move|p2a: Glimmora|Power Gem|p1b: Incineroar\n|-supereffective|p1b: Incineroar|1\n|-damage|p1b: Incineroar|0 fnt\n|faint|p1b: Incineroar\n|\n|upkeep\n|\n|t:|1776414971\n|switch|p1b: Basculegion|Basculegion, L50, M|100/100\n|turn|2\n|\n|t:|1776414980\n|move|p2a: Glimmora|Spiky Shield|p2a: Glimmora\n|-singleturn|p2a: Glimmora|move: Protect\n|move|p2b: Whimsicott|Tailwind|p2b: Whimsicott\n|-sidestart|p2: zenoilfausto|move: Tailwind\n|move|p1b: Basculegion|Wave Crash|p2a: Glimmora\n|-activate|p2a: Glimmora|move: Protect\n|-damage|p1b: Basculegion|88/100|[from] Spiky Shield|[of] p2a: Glimmora\n|move|p1a: Aerodactyl|Dual Wingbeat|p2b: Whimsicott\n|-supereffective|p2b: Whimsicott|1\n|-damage|p2b: Whimsicott|35/100\n|-supereffective|p2b: Whimsicott|1\n|-damage|p2b: Whimsicott|0 fnt\n|faint|p2b: Whimsicott\n|-hitcount|p2: Whimsicott|2\n|\n|upkeep\n|\n|t:|1776414995\n|switch|p2b: Sneasler|Sneasler, L50, F|100/100\n|turn|3\n|\n|t:|1776415007\n|move|p2b: Sneasler|Protect|p2b: Sneasler\n|-singleturn|p2b: Sneasler|Protect\n|move|p1b: Basculegion|Wave Crash|p2a: Glimmora\n|-supereffective|p2a: Glimmora|1\n|-damage|p2a: Glimmora|0 fnt\n|faint|p2a: Glimmora\n|-damage|p1b: Basculegion|62/100|[from] Recoil\n|move|p1a: Aerodactyl|Dual Wingbeat|p2b: Sneasler\n|-activate|p2b: Sneasler|move: Protect\n|\n|upkeep\n|\n|t:|1776415016\n|switch|p2a: Basculegion|Basculegion, L50, M|100/100\n|turn|4\n|\n|t:|1776415026\n|switch|p1b: Rotom|Rotom-Wash, L50|100/100\n|move|p2a: Basculegion|Last Respects|p1b: Rotom\n|-damage|p1b: Rotom|0 fnt\n|faint|p1b: Rotom\n|move|p2b: Sneasler|Dire Claw|p1a: Aerodactyl\n|-resisted|p1a: Aerodactyl|1\n|-damage|p1a: Aerodactyl|70/100\n|-status|p1a: Aerodactyl|psn\n|move|p1a: Aerodactyl|Dual Wingbeat|p2b: Sneasler\n|-supereffective|p2b: Sneasler|1\n|-damage|p2b: Sneasler|35/100\n|-supereffective|p2b: Sneasler|1\n|-damage|p2b: Sneasler|0 fnt\n|faint|p2b: Sneasler\n|-hitcount|p2: Sneasler|2\n|\n|-damage|p1a: Aerodactyl|58/100 psn|[from] psn\n|-sideend|p1: darkevinrai|move: Tailwind\n|upkeep\n|\n|t:|1776415044\n|switch|p1b: Basculegion|Basculegion, L50, M|62/100\n|turn|5\n|\n|t:|1776415056\n|move|p2a: Basculegion|Last Respects|p1b: Basculegion\n|-supereffective|p1b: Basculegion|1\n|-damage|p1b: Basculegion|0 fnt\n|faint|p1b: Basculegion\n|move|p1a: Aerodactyl|Dual Wingbeat|p2a: Basculegion|[miss]\n|-miss|p1a: Aerodactyl|p2a: Basculegion\n|\n|-damage|p1a: Aerodactyl|46/100 psn|[from] psn\n|-sideend|p2: zenoilfausto|move: Tailwind\n|upkeep\n|turn|6\n|\n|t:|1776415067\n|move|p2a: Basculegion|Last Respects|p1a: Aerodactyl\n|-damage|p1a: Aerodactyl|0 fnt\n|faint|p1a: Aerodactyl\n|\n|win|zenoilfausto\n|raw|darkevinrai's rating: 1127 &rarr; <strong>1107</strong><br />(-20 for losing)\n|raw|zenoilfausto's rating: 1198 &rarr; <strong>1218</strong><br />(+20 for winning)\n|l|\u2606darkevinrai\n|player|p1|\n",
  "uploadtime": 1776415075,
  "views": 25,
  "formatid": "gen9championsvgc2026regma",
  "rating": 1107,
  "private": 0,
  "password": null
}