{
  "id": "gen9championsvgc2026regma-2582878166",
  "format": "[Gen 9 Champions] VGC 2026 Reg M-A",
  "players": [
    "marco.antonio.08",
    "Sverios"
  ],
  "log": "|j|\u2606marco.antonio.08\n|j|\u2606Sverios\n|t:|1776121378\n|gametype|doubles\n|player|p1|marco.antonio.08|dragontamer|1052\n|player|p2|Sverios|ghetsis|1000\n|gen|9\n|tier|[Gen 9 Champions] VGC 2026 Reg M-A\n|rated|\n|rule|Species Clause: Limit one of each Pok\u00e9mon\n|rule|Item Clause: Limit 1 of each item\n|clearpoke\n|poke|p1|Charizard, L50, F|\n|poke|p1|Incineroar, L50, M|\n|poke|p1|Audino, L50, M|\n|poke|p1|Garchomp, L50, M|\n|poke|p1|Rotom-Wash, L50|\n|poke|p1|Leafeon, L50, F|\n|poke|p2|Tyranitar, L50, M|\n|poke|p2|Excadrill, L50, M|\n|poke|p2|Incineroar, L50, M|\n|poke|p2|Sneasler, L50, F|\n|poke|p2|Milotic, L50, M|\n|poke|p2|Whimsicott, L50, M|\n|teampreview|4\n|inactive|Battle timer is ON: inactive players will automatically lose when time's up. (requested by marco.antonio.08)\n|\n|t:|1776121406\n|teamsize|p1|4\n|teamsize|p2|4\n|start\n|switch|p1a: Charizard|Charizard, L50, F|100/100\n|switch|p1b: Leafeon|Leafeon, L50, F|100/100\n|switch|p2a: Milotic|Milotic, L50, M|100/100\n|switch|p2b: Whimsicott|Whimsicott, L50, M|100/100\n|turn|1\n|\n|t:|1776121425\n|detailschange|p1a: Charizard|Charizard-Mega-Y, L50, F\n|-mega|p1a: Charizard|Charizard|Charizardite Y\n|-weather|SunnyDay|[from] ability: Drought|[of] p1a: Charizard\n|move|p1a: Charizard|Protect|p1a: Charizard\n|-singleturn|p1a: Charizard|Protect\n|move|p2b: Whimsicott|Tailwind|p2b: Whimsicott\n|-sidestart|p2: Sverios|move: Tailwind\n|move|p1b: Leafeon|Leaf Blade|p2a: Milotic\n|-supereffective|p2a: Milotic|1\n|-damage|p2a: Milotic|13/100\n|move|p2a: Milotic|Ice Beam|p1b: Leafeon\n|-supereffective|p1b: Leafeon|1\n|-damage|p1b: Leafeon|10/100\n|\n|-weather|SunnyDay|[upkeep]\n|-heal|p2a: Milotic|19/100|[from] item: Leftovers\n|upkeep\n|turn|2\n|\n|t:|1776121446\n|move|p2b: Whimsicott|Encore|p1a: Charizard\n|-start|p1a: Charizard|Encore\n|move|p1a: Charizard|Protect|p1a: Charizard\n|-singleturn|p1a: Charizard|Protect\n|move|p1b: Leafeon|Quick Attack|p2b: Whimsicott\n|-damage|p2b: Whimsicott|81/100\n|move|p2a: Milotic|Ice Beam|p1b: Leafeon\n|-supereffective|p1b: Leafeon|1\n|-damage|p1b: Leafeon|0 fnt\n|faint|p1b: Leafeon\n|\n|-weather|SunnyDay|[upkeep]\n|-heal|p2a: Milotic|25/100|[from] item: Leftovers\n|upkeep\n|\n|t:|1776121451\n|switch|p1b: Rotom|Rotom-Wash, L50|100/100\n|turn|3\n|\n|t:|1776121465\n|switch|p1a: Garchomp|Garchomp, L50, M|100/100\n|move|p2a: Milotic|Protect|p2a: Milotic\n|-singleturn|p2a: Milotic|Protect\n|move|p2b: Whimsicott|Giga Drain|p1b: Rotom\n|-supereffective|p1b: Rotom|1\n|-damage|p1b: Rotom|43/100\n|-heal|p2b: Whimsicott|100/100|[from] drain|[of] p1b: Rotom\n|move|p1b: Rotom|Will-O-Wisp|p2a: Milotic\n|-activate|p2a: Milotic|move: Protect\n|\n|-weather|SunnyDay|[upkeep]\n|-heal|p2a: Milotic|31/100|[from] item: Leftovers\n|upkeep\n|turn|4\n|\n|t:|1776121486\n|move|p2b: Whimsicott|Giga Drain|p1b: Rotom\n|-supereffective|p1b: Rotom|1\n|-damage|p1b: Rotom|0 fnt\n|faint|p1b: Rotom\n|move|p2a: Milotic|Ice Beam|p1a: Garchomp\n|-supereffective|p1a: Garchomp|2\n|-damage|p1a: Garchomp|0 fnt\n|faint|p1a: Garchomp\n|\n|-weather|SunnyDay|[upkeep]\n|-heal|p2a: Milotic|37/100|[from] item: Leftovers\n|-sideend|p2: Sverios|move: Tailwind\n|upkeep\n|\n|t:|1776121489\n|switch|p1b: Charizard|Charizard-Mega-Y, L50, F|100/100\n|turn|5\n|-message|marco.antonio.08 forfeited.\n|\n|win|Sverios\n|raw|marco.antonio.08's rating: 1052 &rarr; <strong>1032</strong><br />(-20 for losing)\n|raw|Sverios's rating: 1000 &rarr; <strong>1046</strong><br />(+46 for winning)\n|l|\u2606marco.antonio.08\n|player|p1|\n",
  "uploadtime": 1776121515,
  "views": 16,
  "formatid": "gen9championsvgc2026regma",
  "rating": 1032,
  "private": 0,
  "password": null
}