{
  "id": "gen9championsvgc2026regma-2588280049",
  "format": "[Gen 9 Champions] VGC 2026 Reg M-A",
  "players": [
    "bambuverde",
    "Snoopyninenine"
  ],
  "log": "|j|\u2606bambuverde\n|j|\u2606Snoopyninenine\n|t:|1776620553\n|gametype|doubles\n|player|p1|bambuverde|169|1142\n|player|p2|Snoopyninenine|lance|1087\n|gen|9\n|tier|[Gen 9 Champions] VGC 2026 Reg M-A\n|rated|\n|rule|Species Clause: Limit one of each Pok\u00e9mon\n|rule|Item Clause: Limit 1 of each item\n|clearpoke\n|poke|p1|Victreebel, L50, F|\n|poke|p1|Garchomp, L50, F|\n|poke|p1|Milotic, L50, F|\n|poke|p1|Ninetales-Alola, L50, M|\n|poke|p1|Sneasler, L50, F|\n|poke|p1|Incineroar, L50, M|\n|poke|p2|Scovillain, L50, F|\n|poke|p2|Corviknight, L50, F|\n|poke|p2|Garchomp, L50, M|\n|poke|p2|Rotom-Wash, L50|\n|poke|p2|Sylveon, L50, F|\n|poke|p2|Gengar, L50, F|\n|teampreview|4\n|\n|t:|1776620633\n|teamsize|p1|4\n|teamsize|p2|4\n|start\n|switch|p1a: Incineroar|Incineroar, L50, M|100/100\n|switch|p1b: Ninetales|Ninetales-Alola, L50, M|100/100\n|switch|p2a: Rotom|Rotom-Wash, L50|100/100\n|switch|p2b: Corviknight|Corviknight, L50, F|100/100\n|-weather|Snowscape|[from] ability: Snow Warning|[of] p1b: Ninetales\n|-ability|p1a: Incineroar|Intimidate|boost\n|-unboost|p2a: Rotom|atk|1\n|-ability|p2b: Corviknight|Mirror Armor\n|-unboost|p1a: Incineroar|atk|1\n|turn|1\n|\n|t:|1776620658\n|move|p1a: Incineroar|Fake Out|p2b: Corviknight\n|-resisted|p2b: Corviknight|1\n|-damage|p2b: Corviknight|97/100\n|move|p1b: Ninetales|Aurora Veil|p1b: Ninetales\n|-sidestart|p1: bambuverde|move: Aurora Veil\n|move|p2a: Rotom|Hydro Pump|p1a: Incineroar\n|-supereffective|p1a: Incineroar|1\n|-damage|p1a: Incineroar|25/100\n|-enditem|p1a: Incineroar|Sitrus Berry|[eat]\n|-heal|p1a: Incineroar|50/100|[from] item: Sitrus Berry\n|cant|p2b: Corviknight|flinch\n|\n|-weather|Snowscape|[upkeep]\n|upkeep\n|turn|2\n|\n|t:|1776620686\n|move|p1b: Ninetales|Freeze-Dry|p2a: Rotom\n|-supereffective|p2a: Rotom|1\n|-damage|p2a: Rotom|33/100\n|move|p2a: Rotom|Hydro Pump|p1a: Incineroar|[miss]\n|-miss|p2a: Rotom|p1a: Incineroar\n|move|p2b: Corviknight|Iron Defense|p2b: Corviknight\n|-boost|p2b: Corviknight|def|2\n|move|p1a: Incineroar|Parting Shot|p2a: Rotom\n|-unboost|p2a: Rotom|atk|1\n|-unboost|p2a: Rotom|spa|1\n|\n|t:|1776620706\n|switch|p1a: Milotic|Milotic, L50, F|100/100|[from] Parting Shot\n|\n|-weather|Snowscape|[upkeep]\n|-heal|p2a: Rotom|38/100|[from] item: Leftovers\n|upkeep\n|turn|3\n|\n|t:|1776620723\n|move|p2a: Rotom|Protect|p2a: Rotom\n|-singleturn|p2a: Rotom|Protect\n|move|p1b: Ninetales|Freeze-Dry|p2a: Rotom\n|-activate|p2a: Rotom|move: Protect\n|move|p1a: Milotic|Icy Wind|p2a: Rotom|[spread] p2b\n|-activate|p2a: Rotom|move: Protect\n|-damage|p2b: Corviknight|87/100\n|-ability|p2b: Corviknight|Mirror Armor\n|-unboost|p1a: Milotic|spe|1\n|-ability|p1a: Milotic|Competitive|boost\n|-boost|p1a: Milotic|spa|2\n|move|p2b: Corviknight|Iron Head|p1b: Ninetales\n|-supereffective|p1b: Ninetales|2\n|-damage|p1b: Ninetales|36/100\n|\n|-weather|Snowscape|[upkeep]\n|-heal|p2a: Rotom|44/100|[from] item: Leftovers\n|upkeep\n|turn|4\n|\n|t:|1776620781\n|move|p1b: Ninetales|Freeze-Dry|p2a: Rotom\n|-supereffective|p2a: Rotom|1\n|-damage|p2a: Rotom|0 fnt\n|faint|p2a: Rotom\n|move|p2b: Corviknight|Body Press|p1a: Milotic\n|-damage|p1a: Milotic|66/100\n|move|p1a: Milotic|Icy Wind|p2b: Corviknight\n|-damage|p2b: Corviknight|62/100\n|-ability|p2b: Corviknight|Mirror Armor\n|-unboost|p1a: Milotic|spe|1\n|-ability|p1a: Milotic|Competitive|boost\n|-boost|p1a: Milotic|spa|2\n|\n|-weather|Snowscape|[upkeep]\n|-heal|p1a: Milotic|72/100|[from] item: Leftovers\n|upkeep\n|\n|t:|1776620796\n|switch|p2a: Scovillain|Scovillain, L50, F|100/100\n|turn|5\n|\n|t:|1776620822\n|move|p2a: Scovillain|Protect|p2a: Scovillain\n|-singleturn|p2a: Scovillain|Protect\n|move|p1b: Ninetales|Blizzard|p2a: Scovillain|[spread] p2b\n|-activate|p2a: Scovillain|move: Protect\n|-damage|p2b: Corviknight|35/100\n|move|p2b: Corviknight|Body Press|p1b: Ninetales\n|-damage|p1b: Ninetales|5/100\n|move|p1a: Milotic|Recover|p1a: Milotic\n|-heal|p1a: Milotic|100/100\n|\n|-weather|none\n|-sideend|p1: bambuverde|move: Aurora Veil\n|-ability|p2a: Scovillain|Moody|boost\n|-boost|p2a: Scovillain|spe|2\n|-unboost|p2a: Scovillain|def|1\n|upkeep\n|turn|6\n|\n|t:|1776620854\n|switch|p1b: Incineroar|Incineroar, L50, M|50/100\n|-ability|p1b: Incineroar|Intimidate|boost\n|-unboost|p2a: Scovillain|atk|1\n|-ability|p2b: Corviknight|Mirror Armor\n|-unboost|p1b: Incineroar|atk|1\n|detailschange|p2a: Scovillain|Scovillain-Mega, L50, F\n|-mega|p2a: Scovillain|Scovillain|Scovillainite\n|move|p2b: Corviknight|Protect|p2b: Corviknight\n|-singleturn|p2b: Corviknight|Protect\n|move|p2a: Scovillain|Leech Seed|p1a: Milotic\n|-start|p1a: Milotic|move: Leech Seed\n|move|p1a: Milotic|Scald|p2b: Corviknight\n|-activate|p2b: Corviknight|move: Protect\n|\n|-damage|p1a: Milotic|88/100|[from] Leech Seed|[of] p2a: Scovillain\n|upkeep\n|turn|7\n|\n|t:|1776620881\n|switch|p1a: Victreebel|Victreebel, L50, F|100/100\n|move|p2a: Scovillain|Leech Seed|p1b: Incineroar\n|-start|p1b: Incineroar|move: Leech Seed\n|move|p2b: Corviknight|Body Press|p1a: Victreebel\n|-resisted|p1a: Victreebel|1\n|-damage|p1a: Victreebel|71/100\n|move|p1b: Incineroar|Parting Shot|p2a: Scovillain\n|-unboost|p2a: Scovillain|atk|1\n|-unboost|p2a: Scovillain|spa|1\n|\n|t:|1776620891\n|switch|p1b: Ninetales|Ninetales-Alola, L50, M|5/100|[from] Parting Shot\n|-weather|Snowscape|[from] ability: Snow Warning|[of] p1b: Ninetales\n|\n|-weather|Snowscape|[upkeep]\n|upkeep\n|turn|8\n|\n|t:|1776620907\n|detailschange|p1a: Victreebel|Victreebel-Mega, L50, F\n|-mega|p1a: Victreebel|Victreebel|Victreebelite\n|move|p2a: Scovillain|Overheat|p1b: Ninetales\n|-supereffective|p1b: Ninetales|1\n|-crit|p1b: Ninetales\n|-damage|p1b: Ninetales|0 fnt\n|-unboost|p2a: Scovillain|spa|2\n|faint|p1b: Ninetales\n|move|p1a: Victreebel|Strength Sap|p2b: Corviknight\n|-ability|p2b: Corviknight|Mirror Armor\n|-unboost|p1a: Victreebel|atk|1\n|-heal|p1a: Victreebel|100/100\n|move|p2b: Corviknight|Iron Defense|p2b: Corviknight\n|-boost|p2b: Corviknight|def|2\n|\n|-weather|Snowscape|[upkeep]\n|upkeep\n|\n|t:|1776620920\n|switch|p1b: Incineroar|Incineroar, L50, M|50/100\n|-ability|p1b: Incineroar|Intimidate|boost\n|-unboost|p2a: Scovillain|atk|1\n|-ability|p2b: Corviknight|Mirror Armor\n|-unboost|p1b: Incineroar|atk|1\n|turn|9\n|\n|t:|1776620953\n|move|p2b: Corviknight|Protect|p2b: Corviknight\n|-singleturn|p2b: Corviknight|Protect\n|move|p1b: Incineroar|Fake Out|p2b: Corviknight\n|-activate|p2b: Corviknight|move: Protect\n|move|p2a: Scovillain|Leech Seed|p1b: Incineroar\n|-start|p1b: Incineroar|move: Leech Seed\n|move|p1a: Victreebel|Giga Drain|p2b: Corviknight\n|-activate|p2b: Corviknight|move: Protect\n|\n|-weather|Snowscape|[upkeep]\n|-damage|p1b: Incineroar|38/100|[from] Leech Seed|[of] p2a: Scovillain\n|upkeep\n|turn|10\n|\n|t:|1776620968\n|move|p2a: Scovillain|Rage Powder|p2a: Scovillain\n|-singleturn|p2a: Scovillain|move: Rage Powder\n|move|p1a: Victreebel|Acid Spray|p2a: Scovillain\n|-supereffective|p2a: Scovillain|1\n|-damage|p2a: Scovillain|61/100\n|-unboost|p2a: Scovillain|spd|2\n|-status|p1a: Victreebel|brn|[from] ability: Spicy Spray|[of] p2a: Scovillain\n|move|p2b: Corviknight|Body Press|p1b: Incineroar\n|-supereffective|p1b: Incineroar|1\n|-damage|p1b: Incineroar|0 fnt\n|faint|p1b: Incineroar\n|\n|-weather|Snowscape|[upkeep]\n|-damage|p1a: Victreebel|95/100 brn|[from] brn\n|upkeep\n|\n|t:|1776620975\n|switch|p1b: Milotic|Milotic, L50, F|88/100\n|turn|11\n|\n|t:|1776620993\n|move|p1b: Milotic|Protect|p1b: Milotic\n|-singleturn|p1b: Milotic|Protect\n|move|p2a: Scovillain|Leech Seed|p1b: Milotic\n|-activate|p1b: Milotic|move: Protect\n|move|p1a: Victreebel|Acid Spray|p2a: Scovillain\n|-supereffective|p2a: Scovillain|1\n|-crit|p2a: Scovillain\n|-damage|p2a: Scovillain|0 fnt\n|faint|p2a: Scovillain\n|move|p2b: Corviknight|Body Press|p1a: Victreebel\n|-resisted|p1a: Victreebel|1\n|-damage|p1a: Victreebel|57/100 brn\n|\n|-weather|none\n|-heal|p1b: Milotic|94/100|[from] item: Leftovers\n|-damage|p1a: Victreebel|51/100 brn|[from] brn\n|upkeep\n|\n|t:|1776621007\n|switch|p2a: Sylveon|Sylveon, L50, F|100/100\n|turn|12\n|\n|t:|1776621026\n|move|p2a: Sylveon|Protect|p2a: Sylveon\n|-singleturn|p2a: Sylveon|Protect\n|move|p1b: Milotic|Scald|p2a: Sylveon\n|-activate|p2a: Sylveon|move: Protect\n|move|p1a: Victreebel|Strength Sap|p2b: Corviknight\n|-ability|p2b: Corviknight|Mirror Armor\n|-unboost|p1a: Victreebel|atk|1\n|-heal|p1a: Victreebel|100/100 brn\n|move|p2b: Corviknight|Body Press|p1a: Victreebel\n|-resisted|p1a: Victreebel|1\n|-damage|p1a: Victreebel|63/100 brn\n|\n|-heal|p1b: Milotic|99/100|[from] item: Leftovers\n|-damage|p1a: Victreebel|57/100 brn|[from] brn\n|upkeep\n|turn|13\n|\n|t:|1776621055\n|move|p1b: Milotic|Icy Wind|p2a: Sylveon|[spread] p2a,p2b\n|-damage|p2a: Sylveon|93/100\n|-damage|p2b: Corviknight|24/100\n|-unboost|p2a: Sylveon|spe|1\n|-ability|p2b: Corviknight|Mirror Armor\n|-unboost|p1b: Milotic|spe|1\n|-ability|p1b: Milotic|Competitive|boost\n|-boost|p1b: Milotic|spa|2\n|move|p1a: Victreebel|Strength Sap|p2b: Corviknight\n|-ability|p2b: Corviknight|Mirror Armor\n|-unboost|p1a: Victreebel|atk|1\n|-heal|p1a: Victreebel|100/100 brn\n|move|p2b: Corviknight|Body Press|p1a: Victreebel\n|-resisted|p1a: Victreebel|1\n|-damage|p1a: Victreebel|61/100 brn\n|move|p2a: Sylveon|Hyper Voice|p1a: Victreebel|[spread] p1a,p1b\n|-resisted|p1a: Victreebel|1\n|-damage|p1a: Victreebel|34/100 brn\n|-damage|p1b: Milotic|70/100\n|\n|-heal|p1b: Milotic|76/100|[from] item: Leftovers\n|-damage|p1a: Victreebel|28/100 brn|[from] brn\n|upkeep\n|turn|14\n|\n|t:|1776621084\n|move|p1a: Victreebel|Acid Spray|p2a: Sylveon\n|-supereffective|p2a: Sylveon|1\n|-damage|p2a: Sylveon|60/100\n|-unboost|p2a: Sylveon|spd|2\n|move|p2b: Corviknight|Body Press|p1a: Victreebel\n|-resisted|p1a: Victreebel|1\n|-damage|p1a: Victreebel|0 fnt\n|-damage|p2b: Corviknight|0 fnt|[from] ability: Innards Out|[of] p1a: Victreebel\n|faint|p1a: Victreebel\n|faint|p2b: Corviknight\n|move|p1b: Milotic|Scald|p2a: Sylveon\n|-damage|p2a: Sylveon|0 fnt\n|faint|p2a: Sylveon\n|\n|win|bambuverde\n|raw|bambuverde's rating: 1142 &rarr; <strong>1163</strong><br />(+21 for winning)\n|raw|Snoopyninenine's rating: 1087 &rarr; <strong>1068</strong><br />(-19 for losing)\n",
  "uploadtime": 1776621098,
  "views": 16,
  "formatid": "gen9championsvgc2026regma",
  "rating": 1068,
  "private": 0,
  "password": null
}