{
  "id": "gen9championsvgc2026regma-2583210486",
  "format": "[Gen 9 Champions] VGC 2026 Reg M-A",
  "players": [
    "javivaarela",
    "Devious 7777"
  ],
  "log": "|j|\u203djavivaarela\n|j|\u2606Devious 7777\n|t:|1776155135\n|gametype|doubles\n|player|p1|javivaarela|ingo|\n|player|p2|Devious 7777|ingo|\n|gen|9\n|tier|[Gen 9 Champions] VGC 2026 Reg M-A\n|rated|Tournament battle\n|rule|Species Clause: Limit one of each Pok\u00e9mon\n|rule|Item Clause: Limit 1 of each item\n|raw|<div class=\"infobox\"><details class=\"readmore\" open><summary><strong>1 custom rule:</strong></summary> Force Open Team Sheets</details></div>\n|clearpoke\n|poke|p1|Charizard, L50, F|\n|poke|p1|Venusaur, L50, F|\n|poke|p1|Torkoal, L50, F|\n|poke|p1|Farigiraf, L50, F|\n|poke|p1|Incineroar, L50, F|\n|poke|p1|Golurk, L50|\n|poke|p2|Scizor, L50, F|\n|poke|p2|Pelipper, L50, F|\n|poke|p2|Raichu, L50, F|\n|poke|p2|Basculegion, L50, M|\n|poke|p2|Starmie, L50|\n|poke|p2|Archaludon, L50, F|\n|teampreview|4\n|showteam|p1|Charizard||CharizarditeX|Blaze|FlareBlitz,DragonClaw,DragonDance,Protect|||F|||50|]Venusaur||FocusSash|Chlorophyll|LeafStorm,SludgeBomb,SleepPowder,Protect|||F|||50|]Torkoal||Charcoal|Drought|Eruption,WeatherBall,HelpingHand,Protect|||F|||50|]Farigiraf||SitrusBerry|ArmorTail|Psychic,HyperVoice,HelpingHand,TrickRoom|||F|||50|]Incineroar||LumBerry|Intimidate|ThroatChop,FlareBlitz,PartingShot,FakeOut|||F|||50|]Golurk||Golurkite|IronFist|HeadlongRush,Poltergeist,IcePunch,Protect||||||50|\n|showteam|p2|Scizor||Scizorite|Technician|Roost,Uturn,BulletPunch,SwordsDance|||F|||50|]Pelipper||FocusSash|Drizzle|Hurricane,WeatherBall,WideGuard,Tailwind|||F|||50|]Raichu||SitrusBerry|LightningRod|Encore,FakeOut,Thunder,RainDance|||F|||50|]Basculegion||ChoiceScarf|SwiftSwim|FlipTurn,LastRespects,AquaJet,WaveCrash|||M|||50|]Starmie||Starminite|NaturalCure|AquaJet,Liquidation,IceSpinner,Protect||||||50|]Archaludon||WhiteHerb|Stamina|DracoMeteor,ElectroShot,FlashCannon,Protect|||F|||50|\n|inactive|Battle timer is ON: inactive players will automatically lose when time's up. (requested by javivaarela)\n|c|\u2606Devious 7777|oh shit i forgot to update my team\n|inactive|javivaarela has 60 seconds left.\n|inactive|Devious 7777 has 60 seconds left.\n|\n|t:|1776155192\n|teamsize|p1|4\n|teamsize|p2|4\n|start\n|switch|p1a: Incineroar|Incineroar, L50, F|100/100\n|switch|p1b: Farigiraf|Farigiraf, L50, F|100/100\n|switch|p2a: Raichu|Raichu, L50, F|100/100\n|switch|p2b: Starmie|Starmie, L50|100/100\n|-ability|p1a: Incineroar|Intimidate|boost\n|-unboost|p2a: Raichu|atk|1\n|-unboost|p2b: Starmie|atk|1\n|turn|1\n|inactive|Devious 7777 has 30 seconds left.\n|inactive|Devious 7777 has 20 seconds left.\n|\n|t:|1776155230\n|switch|p2b: Archaludon|Archaludon, L50, F|100/100\n|move|p1a: Incineroar|Fake Out|p2b: Archaludon\n|-resisted|p2b: Archaludon|1\n|-damage|p2b: Archaludon|96/100\n|-ability|p2b: Archaludon|Stamina|boost\n|-boost|p2b: Archaludon|def|1\n|move|p2a: Raichu|Rain Dance|p2a: Raichu\n|-weather|RainDance\n|move|p1b: Farigiraf|Trick Room|p1b: Farigiraf\n|-fieldstart|move: Trick Room|[of] p1b: Farigiraf\n|\n|-weather|RainDance|[upkeep]\n|upkeep\n|turn|2\n|inactive|Devious 7777 has 30 seconds left.\n|\n|t:|1776155259\n|move|p1b: Farigiraf|Psychic|p2a: Raichu\n|-damage|p2a: Raichu|48/100\n|-enditem|p2a: Raichu|Sitrus Berry|[eat]\n|-heal|p2a: Raichu|73/100|[from] item: Sitrus Berry\n|move|p1a: Incineroar|Throat Chop|p2a: Raichu\n|-damage|p2a: Raichu|3/100\n|-start|p2a: Raichu|Throat Chop|[silent]\n|move|p2b: Archaludon|Flash Cannon|p1b: Farigiraf\n|-damage|p1b: Farigiraf|59/100\n|move|p2a: Raichu|Encore|p1b: Farigiraf\n|-start|p1b: Farigiraf|Encore\n|\n|-weather|RainDance|[upkeep]\n|upkeep\n|turn|3\n|inactive|javivaarela has 30 seconds left.\n|inactive|Devious 7777 has 30 seconds left.\n|\n|t:|1776155286\n|move|p1b: Farigiraf|Psychic|p2a: Raichu\n|-damage|p2a: Raichu|0 fnt\n|faint|p2a: Raichu\n|move|p1a: Incineroar|Parting Shot|p2b: Archaludon\n|-unboost|p2b: Archaludon|atk|1\n|-unboost|p2b: Archaludon|spa|1\n|\n|t:|1776155292\n|switch|p1a: Golurk|Golurk, L50, shiny|100/100|[from] Parting Shot\n|-enditem|p2b: Archaludon|White Herb\n|-clearnegativeboost|p2b: Archaludon|[silent]\n|move|p2b: Archaludon|Electro Shot||[still]\n|-prepare|p2b: Archaludon|Electro Shot\n|-boost|p2b: Archaludon|spa|1\n|-anim|p2b: Archaludon|Electro Shot|p1b: Farigiraf\n|-damage|p1b: Farigiraf|0 fnt\n|faint|p1b: Farigiraf\n|\n|-weather|RainDance|[upkeep]\n|upkeep\n|\n|t:|1776155309\n|switch|p1b: Incineroar|Incineroar, L50, F|100/100\n|switch|p2a: Starmie|Starmie, L50|100/100\n|-ability|p1b: Incineroar|Intimidate|boost\n|-unboost|p2a: Starmie|atk|1\n|-unboost|p2b: Archaludon|atk|1\n|turn|4\n|\n|t:|1776155339\n|detailschange|p1a: Golurk|Golurk-Mega, L50, shiny\n|-mega|p1a: Golurk|Golurk|Golurkite\n|detailschange|p2a: Starmie|Starmie-Mega, L50\n|-mega|p2a: Starmie|Starmie|Starminite\n|move|p2b: Archaludon|Protect|p2b: Archaludon\n|-singleturn|p2b: Archaludon|Protect\n|move|p1a: Golurk|Poltergeist|p2a: Starmie\n|-activate|p2a: Starmie|move: Poltergeist|Starminite\n|-supereffective|p2a: Starmie|1\n|-damage|p2a: Starmie|0 fnt\n|faint|p2a: Starmie\n|move|p1b: Incineroar|Parting Shot|p2b: Archaludon\n|-activate|p2b: Archaludon|move: Protect\n|\n|-weather|RainDance|[upkeep]\n|upkeep\n|\n|t:|1776155350\n|switch|p2a: Pelipper|Pelipper, L50, F|100/100\n|turn|5\n|\n|t:|1776155374\n|switch|p1b: Torkoal|Torkoal, L50, F|100/100\n|-weather|SunnyDay|[from] ability: Drought|[of] p1b: Torkoal\n|move|p1a: Golurk|Poltergeist|p2a: Pelipper\n|-activate|p2a: Pelipper|move: Poltergeist|Focus Sash\n|-damage|p2a: Pelipper|21/100\n|move|p2a: Pelipper|Weather Ball|p1a: Golurk\n|-damage|p1a: Golurk|58/100\n|move|p2b: Archaludon|Electro Shot||[still]\n|-prepare|p2b: Archaludon|Electro Shot\n|-boost|p2b: Archaludon|spa|1\n|\n|-weather|SunnyDay|[upkeep]\n|-fieldend|move: Trick Room\n|upkeep\n|turn|6\n|inactive|javivaarela has 30 seconds left.\n|inactive|javivaarela has 20 seconds left.\n|inactive|javivaarela has 15 seconds left.\n|inactive|javivaarela has 10 seconds left.\n|\n|t:|1776155421\n|move|p1b: Torkoal|Helping Hand|p1a: Golurk\n|-singleturn|p1a: Golurk|Helping Hand|[of] p1b: Torkoal\n|move|p2a: Pelipper|Wide Guard|p2a: Pelipper\n|-singleturn|p2a: Pelipper|Wide Guard\n|move|p2b: Archaludon|Electro Shot|p1b: Torkoal|[from] lockedmove\n|-damage|p1b: Torkoal|0 fnt\n|faint|p1b: Torkoal\n|move|p1a: Golurk|Headlong Rush|p2b: Archaludon\n|-supereffective|p2b: Archaludon|1\n|-crit|p2b: Archaludon\n|-damage|p2b: Archaludon|0 fnt\n|-unboost|p1a: Golurk|def|1\n|-unboost|p1a: Golurk|spd|1\n|faint|p2b: Archaludon\n|\n|-weather|SunnyDay|[upkeep]\n|upkeep\n|\n|t:|1776155432\n|switch|p1b: Incineroar|Incineroar, L50, F|100/100\n|-ability|p1b: Incineroar|Intimidate|boost\n|-unboost|p2a: Pelipper|atk|1\n|turn|7\n|-message|Devious 7777 forfeited.\n|\n|win|javivaarela\n|n|\u203djavivaarela|javivaarela\n|n|\u2606Devious 7777|devious7777\n|l|\u2606Devious 7777\n|player|p2|\n",
  "uploadtime": 1776155437,
  "views": 21,
  "formatid": "gen9championsvgc2026regma",
  "rating": null,
  "private": 0,
  "password": null
}