{
  "id": "gen9championsvgc2026regma-2582478239",
  "format": "[Gen 9 Champions] VGC 2026 Reg M-A",
  "players": [
    "Kailzer",
    "salt_water123"
  ],
  "log": "|j|\u2606Kailzer\n|j|\u2606salt_water123\n|t:|1776094273\n|gametype|doubles\n|player|p1|Kailzer|morty|1333\n|player|p2|salt_water123|harmony|1385\n|gen|9\n|tier|[Gen 9 Champions] VGC 2026 Reg M-A\n|rated|\n|rule|Species Clause: Limit one of each Pok\u00e9mon\n|rule|Item Clause: Limit 1 of each item\n|clearpoke\n|poke|p1|Aerodactyl, L50, F|\n|poke|p1|Floette-Eternal, L50, F|\n|poke|p1|Garchomp, L50, F|\n|poke|p1|Rotom-Wash, L50|\n|poke|p1|Corviknight, L50, M|\n|poke|p1|Kingambit, L50, M|\n|poke|p2|Milotic, L50, F|\n|poke|p2|Chandelure, L50, F|\n|poke|p2|Sneasler, L50, F|\n|poke|p2|Talonflame, L50, M|\n|poke|p2|Garchomp, L50, F|\n|poke|p2|Sinistcha, L50|\n|teampreview|4\n|inactive|Battle timer is ON: inactive players will automatically lose when time's up. (requested by salt_water123)\n|inactive|Kailzer has 60 seconds left.\n|\n|t:|1776094332\n|teamsize|p1|4\n|teamsize|p2|4\n|start\n|switch|p1a: Aerodactyl|Aerodactyl, L50, F|100/100\n|switch|p1b: Floette|Floette-Eternal, L50, F|100/100\n|switch|p2a: Sinistcha|Sinistcha, L50|100/100\n|switch|p2b: Milotic|Milotic, L50, F|100/100\n|-ability|p1a: Aerodactyl|Unnerve\n|turn|1\n|\n|t:|1776094345\n|detailschange|p1b: Floette|Floette-Mega, L50, F\n|-mega|p1b: Floette|Floette|Floettite\n|-ability|p1b: Floette|Fairy Aura\n|move|p1a: Aerodactyl|Tailwind|p1a: Aerodactyl\n|-sidestart|p1: Kailzer|move: Tailwind\n|move|p1b: Floette|Calm Mind|p1b: Floette\n|-boost|p1b: Floette|spa|1\n|-boost|p1b: Floette|spd|1\n|move|p2b: Milotic|Coil|p2b: Milotic\n|-boost|p2b: Milotic|atk|1\n|-boost|p2b: Milotic|def|1\n|-boost|p2b: Milotic|accuracy|1\n|move|p2a: Sinistcha|Trick Room|p2a: Sinistcha\n|-fieldstart|move: Trick Room|[of] p2a: Sinistcha\n|\n|upkeep\n|turn|2\n|\n|t:|1776094363\n|move|p2a: Sinistcha|Matcha Gotcha|p1b: Floette|[spread] p1a,p1b\n|-damage|p1a: Aerodactyl|68/100\n|-damage|p1b: Floette|85/100\n|-status|p1a: Aerodactyl|brn\n|move|p2b: Milotic|Hypnosis|p1b: Floette\n|-status|p1b: Floette|slp|[from] move: Hypnosis\n|cant|p1b: Floette|slp\n|move|p1a: Aerodactyl|Dual Wingbeat|p2a: Sinistcha\n|-supereffective|p2a: Sinistcha|1\n|-damage|p2a: Sinistcha|85/100\n|-supereffective|p2a: Sinistcha|1\n|-damage|p2a: Sinistcha|70/100\n|-hitcount|p2a: Sinistcha|2\n|\n|-damage|p1a: Aerodactyl|62/100 brn|[from] brn\n|upkeep\n|turn|3\n|\n|t:|1776094380\n|switch|p2a: Sneasler|Sneasler, L50, F|100/100\n|move|p2b: Milotic|Muddy Water|p1a: Aerodactyl|[spread] p1a,p1b\n|-supereffective|p1a: Aerodactyl|1\n|-damage|p1a: Aerodactyl|0 fnt\n|-damage|p1b: Floette|70/100 slp\n|faint|p1a: Aerodactyl\n|cant|p1b: Floette|slp\n|\n|upkeep\n|\n|t:|1776094384\n|switch|p1a: Corviknight|Corviknight, L50, M, shiny|100/100\n|turn|4\n|\n|t:|1776094394\n|move|p2a: Sneasler|Protect|p2a: Sneasler\n|-singleturn|p2a: Sneasler|Protect\n|-curestatus|p1b: Floette|slp|[msg]\n|move|p1b: Floette|Protect|p1b: Floette\n|-singleturn|p1b: Floette|Protect\n|move|p2b: Milotic|Coil|p2b: Milotic\n|-boost|p2b: Milotic|atk|1\n|-boost|p2b: Milotic|def|1\n|-boost|p2b: Milotic|accuracy|1\n|move|p1a: Corviknight|Brave Bird|p2a: Sneasler\n|-activate|p2a: Sneasler|move: Protect\n|\n|-sideend|p1: Kailzer|move: Tailwind\n|upkeep\n|turn|5\n|\n|t:|1776094407\n|switch|p2a: Chandelure|Chandelure, L50, F|100/100\n|move|p1a: Corviknight|Brave Bird|p2a: Chandelure\n|-damage|p2a: Chandelure|60/100\n|-damage|p1a: Corviknight|90/100|[from] Recoil\n|move|p2b: Milotic|Hypnosis|p1b: Floette\n|-status|p1b: Floette|slp|[from] move: Hypnosis\n|cant|p1b: Floette|slp\n|\n|-heal|p1a: Corviknight|96/100|[from] item: Leftovers\n|-fieldend|move: Trick Room\n|upkeep\n|turn|6\n|\n|t:|1776094423\n|switch|p1a: Rotom|Rotom-Wash, L50|100/100\n|detailschange|p2a: Chandelure|Chandelure-Mega, L50, F\n|-mega|p2a: Chandelure|Chandelure|Chandelurite\n|cant|p1b: Floette|slp\n|move|p2b: Milotic|Hypnosis|p1a: Rotom\n|-status|p1a: Rotom|slp|[from] move: Hypnosis\n|move|p2a: Chandelure|Trick Room|p2a: Chandelure\n|-fieldstart|move: Trick Room|[of] p2a: Chandelure\n|\n|upkeep\n|turn|7\n|\n|t:|1776094439\n|move|p2b: Milotic|Muddy Water|p1b: Floette|[spread] p1a,p1b\n|-resisted|p1a: Rotom|1\n|-damage|p1a: Rotom|88/100 slp\n|-damage|p1b: Floette|55/100 slp\n|cant|p1a: Rotom|slp\n|move|p2a: Chandelure|Hex|p1a: Rotom\n|-damage|p1a: Rotom|0 fnt\n|faint|p1a: Rotom\n|-curestatus|p1b: Floette|slp|[msg]\n|move|p1b: Floette|Moonblast|p2a: Chandelure\n|-resisted|p2a: Chandelure|1\n|-damage|p2a: Chandelure|11/100\n|\n|upkeep\n|\n|t:|1776094448\n|switch|p1a: Corviknight|Corviknight, L50, M, shiny|96/100\n|turn|8\n|\n|t:|1776094457\n|move|p2a: Chandelure|Protect|p2a: Chandelure\n|-singleturn|p2a: Chandelure|Protect\n|move|p1a: Corviknight|Brave Bird|p2a: Chandelure\n|-activate|p2a: Chandelure|move: Protect\n|move|p2b: Milotic|Hypnosis|p1a: Corviknight\n|-status|p1a: Corviknight|slp|[from] move: Hypnosis\n|move|p1b: Floette|Dazzling Gleam|p2a: Chandelure|[spread] p2b\n|-activate|p2a: Chandelure|move: Protect\n|-damage|p2b: Milotic|60/100\n|\n|-heal|p1a: Corviknight|100/100 slp|[from] item: Leftovers\n|-heal|p2b: Milotic|66/100|[from] item: Leftovers\n|upkeep\n|turn|9\n|\n|t:|1776094468\n|cant|p1a: Corviknight|slp\n|move|p2b: Milotic|Hypnosis|p1b: Floette\n|-status|p1b: Floette|slp|[from] move: Hypnosis\n|move|p2a: Chandelure|Heat Wave|p1b: Floette|[spread] p1a\n|-miss|p2a: Chandelure|p1b: Floette\n|-supereffective|p1a: Corviknight|1\n|-damage|p1a: Corviknight|33/100 slp\n|cant|p1b: Floette|slp\n|\n|-heal|p1a: Corviknight|39/100 slp|[from] item: Leftovers\n|-heal|p2b: Milotic|72/100|[from] item: Leftovers\n|upkeep\n|turn|10\n|\n|t:|1776094480\n|cant|p1a: Corviknight|slp\n|move|p2b: Milotic|Muddy Water|p1b: Floette|[spread] p1a,p1b\n|-damage|p1a: Corviknight|23/100 slp\n|-damage|p1b: Floette|42/100 slp\n|move|p2a: Chandelure|Heat Wave|p1a: Corviknight|[spread] p1b\n|-miss|p2a: Chandelure|p1a: Corviknight\n|-damage|p1b: Floette|17/100 slp\n|-curestatus|p1b: Floette|slp|[msg]\n|move|p1b: Floette|Dazzling Gleam|p2b: Milotic|[spread] p2a,p2b\n|-resisted|p2a: Chandelure|1\n|-damage|p2a: Chandelure|0 fnt\n|-damage|p2b: Milotic|33/100\n|faint|p2a: Chandelure\n|\n|-heal|p1a: Corviknight|29/100 slp|[from] item: Leftovers\n|-heal|p2b: Milotic|39/100|[from] item: Leftovers\n|-fieldend|move: Trick Room\n|upkeep\n|\n|t:|1776094488\n|switch|p2a: Sinistcha|Sinistcha, L50|70/100\n|-heal|p2b: Milotic|64/100|[from] ability: Hospitality|[of] p2a: Sinistcha\n|turn|11\n|\n|t:|1776094503\n|move|p2a: Sinistcha|Rage Powder|p2a: Sinistcha\n|-singleturn|p2a: Sinistcha|move: Rage Powder\n|move|p1b: Floette|Moonblast|p2a: Sinistcha\n|-damage|p2a: Sinistcha|0 fnt\n|faint|p2a: Sinistcha\n|move|p2b: Milotic|Muddy Water|p1a: Corviknight|[spread] p1a,p1b\n|-damage|p1a: Corviknight|11/100 slp\n|-damage|p1b: Floette|1/100\n|-curestatus|p1a: Corviknight|slp|[msg]\n|move|p1a: Corviknight|Roost|p1a: Corviknight\n|-heal|p1a: Corviknight|61/100\n|-singleturn|p1a: Corviknight|move: Roost\n|\n|-heal|p2b: Milotic|70/100|[from] item: Leftovers\n|-heal|p1a: Corviknight|67/100|[from] item: Leftovers\n|upkeep\n|\n|t:|1776094507\n|switch|p2a: Sneasler|Sneasler, L50, F|100/100\n|turn|12\n|\n|t:|1776094518\n|move|p1b: Floette|Protect|p1b: Floette\n|-singleturn|p1b: Floette|Protect\n|move|p2a: Sneasler|Close Combat|p1b: Floette\n|-activate|p1b: Floette|move: Protect\n|move|p2b: Milotic|Hypnosis|p1a: Corviknight\n|-status|p1a: Corviknight|slp|[from] move: Hypnosis\n|cant|p1a: Corviknight|slp\n|\n|-heal|p2b: Milotic|76/100|[from] item: Leftovers\n|-heal|p1a: Corviknight|73/100 slp|[from] item: Leftovers\n|upkeep\n|turn|13\n|\n|t:|1776094530\n|move|p2a: Sneasler|Close Combat|p1b: Floette\n|-resisted|p1b: Floette|1\n|-damage|p1b: Floette|0 fnt\n|-unboost|p2a: Sneasler|def|1\n|-unboost|p2a: Sneasler|spd|1\n|faint|p1b: Floette\n|-enditem|p2a: Sneasler|White Herb\n|-clearnegativeboost|p2a: Sneasler|[silent]\n|move|p2b: Milotic|Muddy Water|p1a: Corviknight\n|-crit|p1a: Corviknight\n|-damage|p1a: Corviknight|41/100 slp\n|-curestatus|p1a: Corviknight|slp|[msg]\n|move|p1a: Corviknight|Brave Bird|p2a: Sneasler\n|-supereffective|p2a: Sneasler|1\n|-damage|p2a: Sneasler|0 fnt\n|faint|p2a: Sneasler\n|-damage|p1a: Corviknight|16/100|[from] Recoil\n|\n|-heal|p2b: Milotic|82/100|[from] item: Leftovers\n|-heal|p1a: Corviknight|21/100|[from] item: Leftovers\n|upkeep\n|turn|14\n|\n|t:|1776094538\n|move|p2b: Milotic|Hypnosis|p1a: Corviknight\n|-status|p1a: Corviknight|slp|[from] move: Hypnosis\n|cant|p1a: Corviknight|slp\n|\n|-heal|p2b: Milotic|88/100|[from] item: Leftovers\n|-heal|p1a: Corviknight|27/100 slp|[from] item: Leftovers\n|upkeep\n|turn|15\n|j| suibiandajiba\n|\n|t:|1776094541\n|move|p2b: Milotic|Muddy Water|p1a: Corviknight\n|-damage|p1a: Corviknight|5/100 slp\n|-ability|p1a: Corviknight|Mirror Armor\n|-unboost|p2b: Milotic|accuracy|1\n|-ability|p2b: Milotic|Competitive|boost\n|-boost|p2b: Milotic|spa|2\n|cant|p1a: Corviknight|slp\n|\n|-heal|p2b: Milotic|94/100|[from] item: Leftovers\n|-heal|p1a: Corviknight|11/100 slp|[from] item: Leftovers\n|upkeep\n|turn|16\n|\n|t:|1776094544\n|move|p2b: Milotic|Muddy Water|p1a: Corviknight\n|-damage|p1a: Corviknight|0 fnt\n|faint|p1a: Corviknight\n|\n|win|salt_water123\n|raw|Kailzer's rating: 1333 &rarr; <strong>1316</strong><br />(-17 for losing)\n|raw|salt_water123's rating: 1385 &rarr; <strong>1402</strong><br />(+17 for winning)\n|l| suibiandajiba\n|l|\u2606Kailzer\n|player|p1|\n|l|\u2606salt_water123\n|player|p2|\n|j|\u2606salt_water123\n|player|p2|salt_water123|harmony|\n",
  "uploadtime": 1776094784,
  "views": 46,
  "formatid": "gen9championsvgc2026regma",
  "rating": 1316,
  "private": 0,
  "password": null
}