{
  "id": "gen9championsvgc2026regma-2587157485",
  "format": "[Gen 9 Champions] VGC 2026 Reg M-A",
  "players": [
    "Cerebellibrarian",
    "Pokeventurer"
  ],
  "log": "|j|\u2606Cerebellibrarian\n|j|\u2606Pokeventurer\n|t:|1776501856\n|gametype|doubles\n|player|p1|Cerebellibrarian|169|1350\n|player|p2|Pokeventurer|265|1434\n|gen|9\n|tier|[Gen 9 Champions] VGC 2026 Reg M-A\n|rated|\n|rule|Species Clause: Limit one of each Pok\u00e9mon\n|rule|Item Clause: Limit 1 of each item\n|clearpoke\n|poke|p1|Ceruledge, L50, F|\n|poke|p1|Floette-Eternal, L50, F|\n|poke|p1|Maushold-Four, L50|\n|poke|p1|Sneasler, L50, F|\n|poke|p1|Aerodactyl, L50, F|\n|poke|p1|Ninetales-Alola, L50, F|\n|poke|p2|Talonflame, L50, M|\n|poke|p2|Kingambit, L50, F|\n|poke|p2|Garchomp, L50, F|\n|poke|p2|Basculegion, L50, M|\n|poke|p2|Floette-Eternal, L50, F|\n|poke|p2|Pelipper, L50, M|\n|teampreview|4\n|inactive|Battle timer is ON: inactive players will automatically lose when time's up. (requested by Pokeventurer)\n|\n|t:|1776501886\n|teamsize|p1|4\n|teamsize|p2|4\n|start\n|switch|p1a: Sneasler|Sneasler, L50, F|100/100\n|switch|p1b: Aerodactyl|Aerodactyl, L50, F|100/100\n|switch|p2a: Floette|Floette-Eternal, L50, F|100/100\n|switch|p2b: Talonflame|Talonflame, L50, M|100/100\n|-ability|p1b: Aerodactyl|Unnerve\n|turn|1\n|\n|t:|1776501902\n|detailschange|p2a: Floette|Floette-Mega, L50, F\n|-mega|p2a: Floette|Floette|Floettite\n|-ability|p2a: Floette|Fairy Aura\n|move|p2b: Talonflame|Protect|p2b: Talonflame\n|-singleturn|p2b: Talonflame|Protect\n|move|p2a: Floette|Protect|p2a: Floette\n|-singleturn|p2a: Floette|Protect\n|move|p1a: Sneasler|Fake Out|p2a: Floette\n|-activate|p2a: Floette|move: Protect\n|move|p1b: Aerodactyl|Tailwind|p1b: Aerodactyl\n|-sidestart|p1: Cerebellibrarian|move: Tailwind\n|\n|upkeep\n|turn|2\n|inactive|Pokeventurer has 30 seconds left.\n|\n|t:|1776501931\n|switch|p2a: Basculegion|Basculegion, L50, M|100/100\n|move|p2b: Talonflame|Dual Wingbeat|p1a: Sneasler\n|-supereffective|p1a: Sneasler|1\n|-damage|p1a: Sneasler|39/100\n|-supereffective|p1a: Sneasler|1\n|-damage|p1a: Sneasler|0 fnt\n|faint|p1a: Sneasler\n|-hitcount|p1: Sneasler|2\n|move|p1b: Aerodactyl|Rock Slide|p2b: Talonflame|[spread] p2b\n|-miss|p1b: Aerodactyl|p2a: Basculegion\n|-supereffective|p2b: Talonflame|2\n|-damage|p2b: Talonflame|0 fnt\n|faint|p2b: Talonflame\n|\n|upkeep\n|\n|t:|1776501952\n|switch|p2b: Floette|Floette-Mega, L50, F|100/100\n|switch|p1a: Ceruledge|Ceruledge, L50, F|100/100\n|-ability|p2b: Floette|Fairy Aura\n|turn|3\n|\n|t:|1776501964\n|move|p1b: Aerodactyl|Rock Slide|p2b: Floette|[spread] p2a,p2b\n|-damage|p2a: Basculegion|69/100\n|-damage|p2b: Floette|74/100\n|move|p1a: Ceruledge|Poltergeist|p2a: Basculegion|[miss]\n|-miss|p1a: Ceruledge|p2a: Basculegion\n|move|p2a: Basculegion|Last Respects|p1a: Ceruledge\n|-supereffective|p1a: Ceruledge|1\n|-damage|p1a: Ceruledge|0 fnt\n|faint|p1a: Ceruledge\n|move|p2b: Floette|Dazzling Gleam|p1b: Aerodactyl\n|-damage|p1b: Aerodactyl|11/100\n|\n|upkeep\n|\n|t:|1776501971\n|switch|p1a: Floette|Floette-Eternal, L50, F|100/100\n|turn|4\n|\n|t:|1776501982\n|switch|p2a: Garchomp|Garchomp, L50, F|100/100\n|detailschange|p1a: Floette|Floette-Mega, L50, F\n|-mega|p1a: Floette|Floette|Floettite\n|-ability|p1a: Floette|Fairy Aura\n|move|p1b: Aerodactyl|Protect|p1b: Aerodactyl\n|-singleturn|p1b: Aerodactyl|Protect\n|move|p1a: Floette|Moonblast|p2a: Garchomp\n|-supereffective|p2a: Garchomp|1\n|-damage|p2a: Garchomp|0 fnt\n|faint|p2a: Garchomp\n|move|p2b: Floette|Dazzling Gleam|p1a: Floette|[spread] p1a\n|-activate|p1b: Aerodactyl|move: Protect\n|-damage|p1a: Floette|67/100\n|\n|-sideend|p1: Cerebellibrarian|move: Tailwind\n|upkeep\n|\n|t:|1776501991\n|switch|p2a: Basculegion|Basculegion, L50, M|69/100\n|turn|5\n|\n|t:|1776502001\n|move|p1a: Floette|Protect|p1a: Floette\n|-singleturn|p1a: Floette|Protect\n|move|p2a: Basculegion|Last Respects|p1b: Aerodactyl\n|-damage|p1b: Aerodactyl|0 fnt\n|faint|p1b: Aerodactyl\n|move|p2b: Floette|Moonblast|p1a: Floette\n|-activate|p1a: Floette|move: Protect\n|\n|upkeep\n|turn|6\n|\n|t:|1776502007\n|move|p2a: Basculegion|Last Respects|p1a: Floette\n|-damage|p1a: Floette|0 fnt\n|faint|p1a: Floette\n|\n|win|Pokeventurer\n|raw|Cerebellibrarian's rating: 1350 &rarr; <strong>1335</strong><br />(-15 for losing)\n|raw|Pokeventurer's rating: 1434 &rarr; <strong>1449</strong><br />(+15 for winning)\n|j| 1#MiraidonHater\n|l|\u2606Cerebellibrarian\n|player|p1|\n|l|\u2606Pokeventurer\n|player|p2|\n",
  "uploadtime": 1776502008,
  "views": 23,
  "formatid": "gen9championsvgc2026regma",
  "rating": 1335,
  "private": 0,
  "password": null
}