{
  "id": "gen9championsvgc2026regma-2581949019",
  "format": "[Gen 9 Champions] VGC 2026 Reg M-A",
  "players": [
    "CoffeeMoffee",
    "savemelivie"
  ],
  "log": "|j|\u2606CoffeeMoffee\n|j|\u2606savemelivie\n|t:|1776042422\n|gametype|doubles\n|player|p1|CoffeeMoffee|scientist|1104\n|player|p2|savemelivie|swimmerf-gen4|1106\n|gen|9\n|tier|[Gen 9 Champions] VGC 2026 Reg M-A\n|rated|\n|rule|Species Clause: Limit one of each Pok\u00e9mon\n|rule|Item Clause: Limit 1 of each item\n|clearpoke\n|poke|p1|Floette-Eternal, L50, F|\n|poke|p1|Talonflame, L50, F|\n|poke|p1|Garchomp, L50, M|\n|poke|p1|Rotom-Wash, L50|\n|poke|p1|Sinistcha, L50|\n|poke|p1|Aegislash, L50, M|\n|poke|p2|Skarmory, L50, F|\n|poke|p2|Kommo-o, L50, M|\n|poke|p2|Orthworm, L50, M|\n|poke|p2|Sinistcha, L50|\n|poke|p2|Meowscarada, L50, M|\n|poke|p2|Incineroar, L50, F|\n|teampreview|4\n|inactive|Battle timer is ON: inactive players will automatically lose when time's up. (requested by CoffeeMoffee)\n|inactive|CoffeeMoffee has 60 seconds left.\n|\n|t:|1776042461\n|teamsize|p1|4\n|teamsize|p2|4\n|start\n|switch|p1a: Talonflame|Talonflame, L50, F, shiny|100/100\n|switch|p1b: Floette|Floette-Eternal, L50, F|100/100\n|switch|p2a: Skarmory|Skarmory, L50, F|100/100\n|switch|p2b: Orthworm|Orthworm, L50, M|100/100\n|turn|1\n|inactive|CoffeeMoffee has 30 seconds left.\n|\n|t:|1776042489\n|switch|p1b: Rotom|Rotom-Wash, L50, shiny|100/100\n|detailschange|p2a: Skarmory|Skarmory-Mega, L50, F\n|-mega|p2a: Skarmory|Skarmory|Skarmorite\n|move|p1a: Talonflame|Tailwind|p1a: Talonflame\n|-sidestart|p1: CoffeeMoffee|move: Tailwind\n|move|p2a: Skarmory|Tailwind|p2a: Skarmory\n|-sidestart|p2: savemelivie|move: Tailwind\n|move|p2b: Orthworm|Shed Tail|p2b: Orthworm\n|-start|p2b: Orthworm|Substitute|[from] move: Shed Tail\n|-damage|p2b: Orthworm|50/100\n|-enditem|p2b: Orthworm|Sitrus Berry|[eat]\n|-heal|p2b: Orthworm|75/100|[from] item: Sitrus Berry\n|\n|t:|1776042504\n|switch|p2b: Kommo-o|Kommo-o, L50, M|100/100|[from] Shed Tail\n|\n|upkeep\n|turn|2\n|inactive|savemelivie has 30 seconds left.\n|inactive|savemelivie has 20 seconds left.\n|inactive|savemelivie has 15 seconds left.\n|inactive|savemelivie has 10 seconds left.\n|inactive|savemelivie has 5 seconds left.\n|\n|t:|1776042555\n|move|p1a: Talonflame|Dual Wingbeat|p2b: Kommo-o\n|-supereffective|p2b: Kommo-o|1\n|-end|p2b: Kommo-o|Substitute\n|-supereffective|p2b: Kommo-o|1\n|-damage|p2b: Kommo-o|64/100\n|-hitcount|p2b: Kommo-o|2\n|move|p2a: Skarmory|Iron Head|p1b: Rotom\n|-resisted|p1b: Rotom|2\n|-damage|p1b: Rotom|92/100\n|move|p2b: Kommo-o|Clangorous Soul|p2b: Kommo-o\n|-boost|p2b: Kommo-o|atk|1\n|-boost|p2b: Kommo-o|def|1\n|-boost|p2b: Kommo-o|spa|1\n|-boost|p2b: Kommo-o|spd|1\n|-boost|p2b: Kommo-o|spe|1\n|-damage|p2b: Kommo-o|32/100\n|cant|p1b: Rotom|flinch\n|\n|-heal|p2b: Kommo-o|38/100|[from] item: Leftovers\n|upkeep\n|turn|3\n|inactive|CoffeeMoffee has 30 seconds left.\n|inactive|CoffeeMoffee has 20 seconds left.\n|inactive|CoffeeMoffee has 15 seconds left.\n|\n|t:|1776042600\n|move|p1a: Talonflame|Dual Wingbeat|p2b: Kommo-o\n|-supereffective|p2b: Kommo-o|1\n|-damage|p2b: Kommo-o|14/100\n|-supereffective|p2b: Kommo-o|1\n|-damage|p2b: Kommo-o|0 fnt\n|faint|p2b: Kommo-o\n|-hitcount|p2: Kommo-o|2\n|move|p2a: Skarmory|Brave Bird|p1a: Talonflame\n|-crit|p1a: Talonflame\n|-damage|p1a: Talonflame|0 fnt\n|faint|p1a: Talonflame\n|-damage|p2a: Skarmory|64/100|[from] Recoil\n|move|p1b: Rotom|Will-O-Wisp|p2a: Skarmory|[miss]\n|-miss|p1b: Rotom|p2a: Skarmory\n|\n|upkeep\n|inactive|savemelivie has 30 seconds left.\n|\n|t:|1776042629\n|switch|p1a: Floette|Floette-Eternal, L50, F|100/100\n|switch|p2b: Incineroar|Incineroar, L50, F|100/100\n|-ability|p2b: Incineroar|Intimidate|boost\n|-unboost|p1a: Floette|atk|1\n|-unboost|p1b: Rotom|atk|1\n|turn|4\n|inactive|CoffeeMoffee has 30 seconds left.\n|inactive|savemelivie has 30 seconds left.\n|\n|t:|1776042658\n|switch|p1b: Sinistcha|Sinistcha, L50, shiny|100/100\n|move|p1a: Floette|Protect|p1a: Floette\n|-singleturn|p1a: Floette|Protect\n|move|p2b: Incineroar|Fake Out|p1a: Floette\n|-activate|p1a: Floette|move: Protect\n|move|p2a: Skarmory|Iron Head|p1a: Floette\n|-activate|p1a: Floette|move: Protect\n|\n|-sideend|p1: CoffeeMoffee|move: Tailwind\n|-sideend|p2: savemelivie|move: Tailwind\n|upkeep\n|turn|5\n|\n|t:|1776042682\n|detailschange|p1a: Floette|Floette-Mega, L50, F\n|-mega|p1a: Floette|Floette|Floettite\n|-ability|p1a: Floette|Fairy Aura\n|move|p1b: Sinistcha|Rage Powder|p1b: Sinistcha\n|-singleturn|p1b: Sinistcha|move: Rage Powder\n|move|p2a: Skarmory|Iron Head|p1a: Floette\n|-supereffective|p1a: Floette|1\n|-damage|p1a: Floette|0 fnt\n|faint|p1a: Floette\n|move|p2b: Incineroar|Flare Blitz|p1b: Sinistcha\n|-supereffective|p1b: Sinistcha|1\n|-enditem|p1b: Sinistcha|Occa Berry|[eat]\n|-enditem|p1b: Sinistcha|Occa Berry|[weaken]\n|-damage|p1b: Sinistcha|56/100\n|-damage|p2b: Incineroar|88/100|[from] Recoil\n|\n|upkeep\n|c|\u2606CoffeeMoffee|gg\n|-message|CoffeeMoffee forfeited.\n|\n|win|savemelivie\n|raw|CoffeeMoffee's rating: 1104 &rarr; <strong>1079</strong><br />(-25 for losing)\n|raw|savemelivie's rating: 1106 &rarr; <strong>1131</strong><br />(+25 for winning)\n",
  "uploadtime": 1776042706,
  "views": 23,
  "formatid": "gen9championsvgc2026regma",
  "rating": 1079,
  "private": 0,
  "password": null
}