{
  "id": "gen9championsvgc2026regma-2581502834",
  "format": "[Gen 9 Champions] VGC 2026 Reg M-A",
  "players": [
    "DoctorOrion",
    "PAUKUNO"
  ],
  "log": "|j|\u2606DoctorOrion\n|j|\u2606PAUKUNO\n|t:|1776006336\n|gametype|doubles\n|player|p1|DoctorOrion|cyclistf-gen4|1000\n|player|p2|PAUKUNO|102|1000\n|gen|9\n|tier|[Gen 9 Champions] VGC 2026 Reg M-A\n|rated|\n|rule|Species Clause: Limit one of each Pok\u00e9mon\n|rule|Item Clause: Limit 1 of each item\n|clearpoke\n|poke|p1|Incineroar, L50, M|\n|poke|p1|Meganium, L50, M|\n|poke|p1|Maushold, L50|\n|poke|p1|Mudsdale, L50, F|\n|poke|p1|Farigiraf, L50, M|\n|poke|p1|Politoed, L50, M|\n|poke|p2|Aggron, L50, M|\n|poke|p2|Farigiraf, L50, M|\n|poke|p2|Torkoal, L50, M|\n|poke|p2|Incineroar, L50, F|\n|poke|p2|Hatterene, L50, F|\n|poke|p2|Conkeldurr, L50, M|\n|teampreview|4\n|\n|t:|1776006355\n|teamsize|p1|4\n|teamsize|p2|4\n|start\n|switch|p1a: Maushold|Maushold, L50|100/100\n|switch|p1b: Mudsdale|Mudsdale, L50, F|100/100\n|switch|p2a: Touuyan|Incineroar, L50, F, shiny|100/100\n|switch|p2b: Lokyl|Farigiraf, L50, M, shiny|100/100\n|-ability|p2a: Touuyan|Intimidate|boost\n|-unboost|p1a: Maushold|atk|1\n|-unboost|p1b: Mudsdale|atk|1\n|turn|1\n|\n|t:|1776006387\n|move|p2a: Touuyan|Fake Out|p1b: Mudsdale\n|-damage|p1b: Mudsdale|93/100\n|-ability|p1b: Mudsdale|Stamina|boost\n|-boost|p1b: Mudsdale|def|1\n|move|p1a: Maushold|Population Bomb|p1b: Mudsdale\n|-damage|p1b: Mudsdale|91/100\n|-ability|p1b: Mudsdale|Stamina|boost\n|-boost|p1b: Mudsdale|def|1\n|-damage|p1b: Mudsdale|90/100\n|-ability|p1b: Mudsdale|Stamina|boost\n|-boost|p1b: Mudsdale|def|1\n|-damage|p1b: Mudsdale|89/100\n|-ability|p1b: Mudsdale|Stamina|boost\n|-boost|p1b: Mudsdale|def|1\n|-damage|p1b: Mudsdale|88/100\n|-ability|p1b: Mudsdale|Stamina|boost\n|-boost|p1b: Mudsdale|def|1\n|-hitcount|p1b: Mudsdale|4\n|cant|p1b: Mudsdale|flinch\n|move|p2b: Lokyl|Trick Room|p2b: Lokyl\n|-fieldstart|move: Trick Room|[of] p2b: Lokyl\n|\n|upkeep\n|turn|2\n|\n|t:|1776006417\n|move|p1b: Mudsdale|Body Press|p2b: Lokyl\n|-damage|p2b: Lokyl|5/100\n|move|p2a: Touuyan|Parting Shot|p1b: Mudsdale\n|-unboost|p1b: Mudsdale|atk|1\n|-unboost|p1b: Mudsdale|spa|1\n|\n|t:|1776006423\n|switch|p2a: Gotetsu|Aggron, L50, M, shiny|100/100|[from] Parting Shot\n|move|p2b: Lokyl|Hyper Voice|p1a: Maushold|[spread] p1a,p1b\n|-damage|p1a: Maushold|59/100\n|-damage|p1b: Mudsdale|65/100\n|-ability|p1b: Mudsdale|Stamina|boost\n|-boost|p1b: Mudsdale|def|1\n|move|p1a: Maushold|After You||[still]\n|-fail|p1a: Maushold\n|\n|-heal|p2b: Lokyl|12/100|[from] item: Leftovers\n|upkeep\n|turn|3\n|\n|t:|1776006441\n|detailschange|p2a: Gotetsu|Aggron-Mega, L50, M, shiny\n|-mega|p2a: Gotetsu|Aggron|Aggronite\n|move|p2b: Lokyl|Protect|p2b: Lokyl\n|-singleturn|p2b: Lokyl|Protect\n|move|p1a: Maushold|Follow Me|p1a: Maushold\n|-singleturn|p1a: Maushold|move: Follow Me\n|move|p1b: Mudsdale|Body Press|p2b: Lokyl\n|-activate|p2b: Lokyl|move: Protect\n|move|p2a: Gotetsu|Earthquake|p1a: Maushold|[spread] p1a,p1b\n|-activate|p2b: Lokyl|move: Protect\n|-damage|p1a: Maushold|21/100\n|-damage|p1b: Mudsdale|62/100\n|\n|-heal|p2b: Lokyl|18/100|[from] item: Leftovers\n|upkeep\n|turn|4\n|\n|t:|1776006495\n|switch|p2b: Ji-Ji Saang|Conkeldurr, L50, M, shiny|100/100\n|move|p1a: Maushold|Follow Me|p1a: Maushold\n|-singleturn|p1a: Maushold|move: Follow Me\n|move|p1b: Mudsdale|Body Press|p2b: Ji-Ji Saang\n|-damage|p2b: Ji-Ji Saang|13/100\n|move|p2a: Gotetsu|Heavy Slam|p1a: Maushold\n|-damage|p1a: Maushold|0 fnt\n|faint|p1a: Maushold\n|\n|upkeep\n|\n|t:|1776006503\n|switch|p1a: Meganium|Meganium, L50, M|100/100\n|turn|5\n|\n|t:|1776006521\n|move|p1a: Meganium|Protect|p1a: Meganium\n|-singleturn|p1a: Meganium|Protect\n|move|p2b: Ji-Ji Saang|Mach Punch|p1b: Mudsdale\n|-crit|p1b: Mudsdale\n|-damage|p1b: Mudsdale|30/100\n|move|p1b: Mudsdale|Body Press|p2a: Gotetsu\n|-supereffective|p2a: Gotetsu|1\n|-damage|p2a: Gotetsu|28/100\n|move|p2a: Gotetsu|Heavy Slam|p1a: Meganium\n|-activate|p1a: Meganium|move: Protect\n|\n|-fieldend|move: Trick Room\n|upkeep\n|turn|6\n|\n|t:|1776006539\n|detailschange|p1a: Meganium|Meganium-Mega, L50, M\n|-mega|p1a: Meganium|Meganium|Meganiumite\n|move|p2b: Ji-Ji Saang|Protect|p2b: Ji-Ji Saang\n|-singleturn|p2b: Ji-Ji Saang|Protect\n|move|p1a: Meganium|Solar Beam||[still]\n|-prepare|p1a: Meganium|Solar Beam\n|-activate|p1a: Meganium|ability: Mega Sol\n|-anim|p1a: Meganium|Solar Beam|p2b: Ji-Ji Saang\n|-activate|p2b: Ji-Ji Saang|move: Protect\n|move|p2a: Gotetsu|Heavy Slam|p1a: Meganium\n|-supereffective|p1a: Meganium|1\n|-damage|p1a: Meganium|47/100\n|move|p1b: Mudsdale|Body Press|p2a: Gotetsu\n|-supereffective|p2a: Gotetsu|1\n|-damage|p2a: Gotetsu|0 fnt\n|faint|p2a: Gotetsu\n|\n|upkeep\n|\n|t:|1776006555\n|switch|p2a: Touuyan|Incineroar, L50, F, shiny|100/100\n|-ability|p2a: Touuyan|Intimidate|boost\n|-unboost|p1a: Meganium|atk|1\n|-unboost|p1b: Mudsdale|atk|1\n|turn|7\n|\n|t:|1776006577\n|move|p1b: Mudsdale|Protect|p1b: Mudsdale\n|-singleturn|p1b: Mudsdale|Protect\n|move|p2a: Touuyan|Fake Out|p1b: Mudsdale\n|-activate|p1b: Mudsdale|move: Protect\n|move|p1a: Meganium|Solar Beam||[still]\n|-prepare|p1a: Meganium|Solar Beam\n|-activate|p1a: Meganium|ability: Mega Sol\n|-anim|p1a: Meganium|Solar Beam|p2b: Ji-Ji Saang\n|-damage|p2b: Ji-Ji Saang|0 fnt\n|faint|p2b: Ji-Ji Saang\n|\n|upkeep\n|\n|t:|1776006590\n|switch|p2b: Lokyl|Farigiraf, L50, M, shiny|18/100\n|turn|8\n|\n|t:|1776006604\n|move|p2b: Lokyl|Protect|p2b: Lokyl\n|-singleturn|p2b: Lokyl|Protect\n|move|p1a: Meganium|Earth Power|p2b: Lokyl\n|-activate|p2b: Lokyl|move: Protect\n|move|p2a: Touuyan|Flare Blitz|p1a: Meganium\n|-supereffective|p1a: Meganium|1\n|-damage|p1a: Meganium|0 fnt\n|faint|p1a: Meganium\n|-damage|p2a: Touuyan|89/100|[from] Recoil\n|move|p1b: Mudsdale|Body Press|p2a: Touuyan\n|-supereffective|p2a: Touuyan|1\n|-damage|p2a: Touuyan|0 fnt\n|faint|p2a: Touuyan\n|\n|-heal|p2b: Lokyl|24/100|[from] item: Leftovers\n|upkeep\n|\n|t:|1776006607\n|switch|p1a: Politoed|Politoed, L50, M|100/100\n|-weather|RainDance|[from] ability: Drizzle|[of] p1a: Politoed\n|turn|9\n|\n|t:|1776006624\n|move|p1a: Politoed|Weather Ball|p2b: Lokyl\n|-damage|p2b: Lokyl|0 fnt\n|faint|p2b: Lokyl\n|\n|win|DoctorOrion\n|raw|DoctorOrion's rating: 1000 &rarr; <strong>1040</strong><br />(+40 for winning)\n|raw|PAUKUNO's rating: 1000 &rarr; <strong>1000</strong><br />(+0 for losing)\n",
  "uploadtime": 1776006627,
  "views": 45,
  "formatid": "gen9championsvgc2026regma",
  "rating": 1000,
  "private": 0,
  "password": null
}