{
  "id": "gen9championsvgc2026regma-2582482234",
  "format": "[Gen 9 Champions] VGC 2026 Reg M-A",
  "players": [
    "lolRacerz",
    "lakhrahnaz"
  ],
  "log": "|j|\u2606lolRacerz\n|j|\u2606lakhrahnaz\n|t:|1776094525\n|gametype|doubles\n|player|p1|lolRacerz|hilbert|1075\n|player|p2|lakhrahnaz|266|1169\n|gen|9\n|tier|[Gen 9 Champions] VGC 2026 Reg M-A\n|rated|\n|rule|Species Clause: Limit one of each Pok\u00e9mon\n|rule|Item Clause: Limit 1 of each item\n|clearpoke\n|poke|p1|Kingambit, L50, M|\n|poke|p1|Chesnaught, L50, F|\n|poke|p1|Garchomp, L50, F|\n|poke|p1|Farigiraf, L50, M|\n|poke|p1|Incineroar, L50, F|\n|poke|p1|Pelipper, L50, M|\n|poke|p2|Gyarados, L50, F|\n|poke|p2|Sinistcha, L50|\n|poke|p2|Milotic, L50, F|\n|poke|p2|Clefable, L50, M|\n|poke|p2|Hydrapple, L50, M|\n|poke|p2|Basculegion, L50, M|\n|teampreview|4\n|\n|t:|1776094571\n|teamsize|p1|4\n|teamsize|p2|4\n|start\n|switch|p1a: Farigiraf|Farigiraf, L50, M|100/100\n|switch|p1b: Incineroar|Incineroar, L50, F|100/100\n|switch|p2a: Milotic|Milotic, L50, F|100/100\n|switch|p2b: Hydrapple|Hydrapple, L50, M|100/100\n|-ability|p1b: Incineroar|Intimidate|boost\n|-unboost|p2a: Milotic|atk|1\n|-ability|p2a: Milotic|Competitive|boost\n|-boost|p2a: Milotic|spa|2\n|-unboost|p2b: Hydrapple|atk|1\n|turn|1\n|\n|t:|1776094600\n|move|p2b: Hydrapple|Protect|p2b: Hydrapple\n|-singleturn|p2b: Hydrapple|Protect\n|move|p2a: Milotic|Dragon Cheer|p2b: Hydrapple\n|-start|p2b: Hydrapple|move: Dragon Cheer\n|move|p1b: Incineroar|Parting Shot|p2b: Hydrapple\n|-activate|p2b: Hydrapple|move: Protect\n|move|p1a: Farigiraf|Trick Room|p1a: Farigiraf\n|-fieldstart|move: Trick Room|[of] p1a: Farigiraf\n|\n|upkeep\n|turn|2\n|\n|t:|1776094614\n|move|p2b: Hydrapple|Earth Power|p1b: Incineroar\n|-supereffective|p1b: Incineroar|1\n|-crit|p1b: Incineroar\n|-damage|p1b: Incineroar|28/100\n|-unboost|p1b: Incineroar|spd|1\n|move|p1a: Farigiraf|Dazzling Gleam|p2a: Milotic|[spread] p2a,p2b\n|-supereffective|p2b: Hydrapple|1\n|-damage|p2a: Milotic|86/100\n|-damage|p2b: Hydrapple|59/100\n|move|p1b: Incineroar|Parting Shot|p2b: Hydrapple\n|-unboost|p2b: Hydrapple|atk|1\n|-unboost|p2b: Hydrapple|spa|1\n|\n|t:|1776094624\n|switch|p1b: Chesnaught|Chesnaught, L50, F|100/100|[from] Parting Shot\n|move|p2a: Milotic|Scald|p1b: Chesnaught\n|-resisted|p1b: Chesnaught|1\n|-damage|p1b: Chesnaught|67/100\n|-status|p1b: Chesnaught|brn\n|\n|-heal|p2a: Milotic|92/100|[from] item: Leftovers\n|-damage|p1b: Chesnaught|60/100 brn|[from] brn\n|upkeep\n|turn|3\n|\n|t:|1776094642\n|detailschange|p1b: Chesnaught|Chesnaught-Mega, L50, F\n|-mega|p1b: Chesnaught|Chesnaught|Chesnaughtite\n|move|p1b: Chesnaught|Leech Seed|p2a: Milotic\n|-start|p2a: Milotic|move: Leech Seed\n|move|p2b: Hydrapple|Draco Meteor|p1a: Farigiraf\n|-crit|p1a: Farigiraf\n|-damage|p1a: Farigiraf|0 fnt\n|-unboost|p2b: Hydrapple|spa|2\n|faint|p1a: Farigiraf\n|move|p2a: Milotic|Life Dew|p2a: Milotic|[spread] p2a,p2b\n|-heal|p2a: Milotic|100/100\n|-heal|p2b: Hydrapple|84/100\n|\n|-damage|p2a: Milotic|88/100|[from] Leech Seed|[of] p1b: Chesnaught\n|-heal|p1b: Chesnaught|73/100 brn|[silent]\n|-damage|p1b: Chesnaught|67/100 brn|[from] brn\n|upkeep\n|\n|t:|1776094660\n|switch|p1a: Kingambit|Kingambit, L50, M|100/100\n|turn|4\n|\n|t:|1776094671\n|move|p1b: Chesnaught|Spiky Shield|p1b: Chesnaught\n|-singleturn|p1b: Chesnaught|move: Protect\n|move|p2b: Hydrapple|Earth Power|p1a: Kingambit\n|-supereffective|p1a: Kingambit|1\n|-crit|p1a: Kingambit\n|-damage|p1a: Kingambit|10/100\n|move|p1a: Kingambit|Kowtow Cleave|p2b: Hydrapple\n|-damage|p2b: Hydrapple|41/100\n|move|p2a: Milotic|Scald|p1a: Kingambit\n|-damage|p1a: Kingambit|0 fnt\n|faint|p1a: Kingambit\n|\n|-heal|p2a: Milotic|94/100|[from] item: Leftovers\n|-damage|p2a: Milotic|82/100|[from] Leech Seed|[of] p1b: Chesnaught\n|-heal|p1b: Chesnaught|80/100 brn|[silent]\n|-damage|p1b: Chesnaught|74/100 brn|[from] brn\n|upkeep\n|\n|t:|1776094687\n|switch|p1a: Incineroar|Incineroar, L50, F|28/100\n|-ability|p1a: Incineroar|Intimidate|boost\n|-unboost|p2a: Milotic|atk|1\n|-ability|p2a: Milotic|Competitive|boost\n|-boost|p2a: Milotic|spa|2\n|-unboost|p2b: Hydrapple|atk|1\n|turn|5\n|\n|t:|1776094697\n|move|p2b: Hydrapple|Protect|p2b: Hydrapple\n|-singleturn|p2b: Hydrapple|Protect\n|move|p1a: Incineroar|Fake Out|p2b: Hydrapple\n|-activate|p2b: Hydrapple|move: Protect\n|move|p1b: Chesnaught|Wood Hammer|p2a: Milotic\n|-supereffective|p2a: Milotic|1\n|-damage|p2a: Milotic|19/100\n|-damage|p1b: Chesnaught|52/100 brn|[from] Recoil\n|move|p2a: Milotic|Life Dew|p2a: Milotic|[spread] p2a,p2b\n|-heal|p2a: Milotic|45/100\n|-heal|p2b: Hydrapple|66/100\n|\n|-heal|p1a: Incineroar|34/100|[from] item: Leftovers\n|-heal|p2a: Milotic|50/100|[from] item: Leftovers\n|-damage|p2a: Milotic|38/100|[from] Leech Seed|[of] p1b: Chesnaught\n|-heal|p1b: Chesnaught|65/100 brn|[silent]\n|-damage|p1b: Chesnaught|59/100 brn|[from] brn\n|-fieldend|move: Trick Room\n|upkeep\n|turn|6\n|\n|t:|1776094729\n|move|p2a: Milotic|Protect|p2a: Milotic\n|-singleturn|p2a: Milotic|Protect\n|move|p1a: Incineroar|Throat Chop|p2b: Hydrapple\n|-damage|p2b: Hydrapple|44/100\n|-start|p2b: Hydrapple|Throat Chop|[silent]\n|move|p2b: Hydrapple|Draco Meteor|p1a: Incineroar\n|-crit|p1a: Incineroar\n|-damage|p1a: Incineroar|0 fnt\n|-unboost|p2b: Hydrapple|spa|2\n|faint|p1a: Incineroar\n|move|p1b: Chesnaught|Body Press|p2b: Hydrapple\n|-damage|p2b: Hydrapple|28/100\n|\n|-heal|p2a: Milotic|44/100|[from] item: Leftovers\n|-damage|p2a: Milotic|32/100|[from] Leech Seed|[of] p1b: Chesnaught\n|-heal|p1b: Chesnaught|72/100 brn|[silent]\n|-damage|p1b: Chesnaught|66/100 brn|[from] brn\n|upkeep\n|turn|7\n|c|\u2606lolRacerz|gg\n|c|\u2606lolRacerz|first time fighting that\n|c|\u2606lakhrahnaz|gg\n|c|\u2606lakhrahnaz|scope lens\n|c|\u2606lolRacerz|pretty cool\n|c|\u2606lakhrahnaz|haha\n|-message|lolRacerz forfeited.\n|\n|win|lakhrahnaz\n|raw|lolRacerz's rating: 1075 &rarr; <strong>1059</strong><br />(-16 for losing)\n|raw|lakhrahnaz's rating: 1169 &rarr; <strong>1187</strong><br />(+18 for winning)\n|l|\u2606lolRacerz\n|player|p1|\n",
  "uploadtime": 1776094766,
  "views": 19,
  "formatid": "gen9championsvgc2026regma",
  "rating": 1059,
  "private": 0,
  "password": null
}