{
  "id": "gen9championsvgc2026regma-2584879706",
  "format": "[Gen 9 Champions] VGC 2026 Reg M-A",
  "players": [
    "akiral13",
    "GiulyTheClockworko"
  ],
  "log": "|j|\u2606akiral13\n|j|\u2606GiulyTheClockworko\n|t:|1776291012\n|gametype|doubles\n|player|p1|akiral13|n|1081\n|player|p2|GiulyTheClockworko|saturn|1045\n|gen|9\n|tier|[Gen 9 Champions] VGC 2026 Reg M-A\n|rated|\n|rule|Species Clause: Limit one of each Pok\u00e9mon\n|rule|Item Clause: Limit 1 of each item\n|clearpoke\n|poke|p1|Mimikyu, L50, F|\n|poke|p1|Torkoal, L50, M|\n|poke|p1|Golurk, L50|\n|poke|p1|Incineroar, L50, F|\n|poke|p1|Sinistcha-Masterpiece, L50|\n|poke|p1|Palafin, L50, M|\n|poke|p2|Garchomp, L50, M|\n|poke|p2|Tyranitar, L50, F|\n|poke|p2|Incineroar, L50, M|\n|poke|p2|Sinistcha, L50|\n|poke|p2|Sneasler, L50, M|\n|poke|p2|Aerodactyl, L50, F|\n|teampreview|4\nGiulyTheClockworko rejected open team sheets.\n|\n|t:|1776291033\n|teamsize|p1|4\n|teamsize|p2|4\n|start\n|switch|p1a: Palafin|Palafin, L50, M|100/100\n|switch|p1b: Mimikyu|Mimikyu, L50, F|100/100\n|switch|p2a: Tyranitar|Tyranitar, L50, F, shiny|100/100\n|switch|p2b: Incineroar|Incineroar, L50, M|100/100\n|-ability|p2b: Incineroar|Intimidate|boost\n|-unboost|p1a: Palafin|atk|1\n|-unboost|p1b: Mimikyu|atk|1\n|-weather|Sandstorm|[from] ability: Sand Stream|[of] p2a: Tyranitar\n|turn|1\n|\n|t:|1776291065\n|detailschange|p1a: Palafin|Palafin-Hero, L50, M\n|switch|p1a: Golurk|Golurk, L50|100/100\n|detailschange|p2a: Tyranitar|Tyranitar-Mega, L50, F, shiny\n|-mega|p2a: Tyranitar|Tyranitar|Tyranitarite\n|move|p2b: Incineroar|Protect|p2b: Incineroar\n|-singleturn|p2b: Incineroar|Protect\n|move|p2a: Tyranitar|Rock Slide|p1b: Mimikyu|[spread] p1a,p1b\n|-resisted|p1a: Golurk|1\n|-damage|p1a: Golurk|85/100\n|-activate|p1b: Mimikyu|ability: Disguise\n|-damage|p1b: Mimikyu|100/100\n|detailschange|p1b: Mimikyu|Mimikyu-Busted, L50, F\n|-damage|p1b: Mimikyu|88/100|[from] pokemon: Mimikyu-Busted\n|move|p1b: Mimikyu|Trick Room|p1b: Mimikyu\n|-fieldstart|move: Trick Room|[of] p1b: Mimikyu\n|\n|-weather|Sandstorm|[upkeep]\n|-damage|p1b: Mimikyu|82/100|[from] Sandstorm\n|-damage|p2b: Incineroar|95/100|[from] Sandstorm\n|-heal|p1b: Mimikyu|88/100|[from] item: Leftovers\n|upkeep\n|turn|2\n|\n|t:|1776291092\n|detailschange|p1a: Golurk|Golurk-Mega, L50\n|-mega|p1a: Golurk|Golurk|Golurkite\n|move|p2b: Incineroar|Fake Out||[still]\n|-hint|Fake Out only works on your first turn out.\n|-fail|p2b: Incineroar\n|move|p1a: Golurk|Drain Punch|p2a: Tyranitar\n|-supereffective|p2a: Tyranitar|2\n|-damage|p2a: Tyranitar|18/100\n|-heal|p1a: Golurk|100/100|[from] drain|[of] p2a: Tyranitar\n|move|p2a: Tyranitar|High Horsepower|p1b: Mimikyu\n|-damage|p1b: Mimikyu|46/100\n|move|p1b: Mimikyu|Taunt|p2a: Tyranitar\n|-start|p2a: Tyranitar|move: Taunt\n|\n|-weather|Sandstorm|[upkeep]\n|-damage|p1b: Mimikyu|39/100|[from] Sandstorm\n|-damage|p2b: Incineroar|89/100|[from] Sandstorm\n|-heal|p1b: Mimikyu|46/100|[from] item: Leftovers\n|upkeep\n|turn|3\n|\n|t:|1776291121\n|switch|p2a: Sinistcha|Sinistcha, L50|100/100\n|-heal|p2b: Incineroar|100/100|[from] ability: Hospitality|[of] p2a: Sinistcha\n|switch|p1b: Incineroar|Incineroar, L50, F|100/100\n|-ability|p1b: Incineroar|Intimidate|boost\n|-unboost|p2a: Sinistcha|atk|1\n|-unboost|p2b: Incineroar|atk|1\n|move|p1a: Golurk|Drain Punch|p2a: Sinistcha\n|-immune|p2a: Sinistcha\n|move|p2b: Incineroar|Parting Shot|p1a: Golurk\n|-unboost|p1a: Golurk|atk|1\n|-unboost|p1a: Golurk|spa|1\n|\n|t:|1776291134\n|switch|p2b: Garchomp|Garchomp, L50, M|100/100|[from] Parting Shot\n|\n|-weather|Sandstorm|[upkeep]\n|-damage|p1b: Incineroar|95/100|[from] Sandstorm\n|-damage|p2a: Sinistcha|94/100|[from] Sandstorm\n|-heal|p2a: Sinistcha|100/100|[from] item: Leftovers\n|upkeep\n|turn|4\n|\n|t:|1776291155\n|move|p1b: Incineroar|Fake Out|p2b: Garchomp\n|-damage|p2b: Garchomp|86/100\n|-damage|p1b: Incineroar|82/100|[from] ability: Rough Skin|[of] p2b: Garchomp\n|move|p1a: Golurk|Poltergeist|p2a: Sinistcha\n|-activate|p2a: Sinistcha|move: Poltergeist|Leftovers\n|-supereffective|p2a: Sinistcha|1\n|-damage|p2a: Sinistcha|2/100\n|move|p2a: Sinistcha|Matcha Gotcha|p1a: Golurk|[spread] p1a,p1b\n|-supereffective|p1a: Golurk|1\n|-resisted|p1b: Incineroar|1\n|-crit|p1b: Incineroar\n|-damage|p1a: Golurk|58/100\n|-heal|p2a: Sinistcha|29/100|[from] drain|[of] p1a: Golurk\n|-damage|p1b: Incineroar|66/100\n|-heal|p2a: Sinistcha|40/100|[from] drain|[of] p1b: Incineroar\n|cant|p2b: Garchomp|flinch\n|\n|-weather|Sandstorm|[upkeep]\n|-damage|p1b: Incineroar|60/100|[from] Sandstorm\n|-damage|p2a: Sinistcha|34/100|[from] Sandstorm\n|-heal|p2a: Sinistcha|40/100|[from] item: Leftovers\n|upkeep\n|turn|5\n|\n|t:|1776291185\n|move|p2a: Sinistcha|Protect|p2a: Sinistcha\n|-singleturn|p2a: Sinistcha|Protect\n|move|p1a: Golurk|Poltergeist|p2a: Sinistcha\n|-activate|p2a: Sinistcha|move: Protect\n|move|p1b: Incineroar|Parting Shot|p2b: Garchomp\n|-unboost|p2b: Garchomp|atk|1\n|-unboost|p2b: Garchomp|spa|1\n|inactive|Battle timer is ON: inactive players will automatically lose when time's up. (requested by GiulyTheClockworko)\n|\n|t:|1776291229\n|switch|p1b: Palafin|Palafin-Hero, L50, M|100/100|[from] Parting Shot\n|-activate|p1b: Palafin|ability: Zero to Hero\n|move|p2b: Garchomp|Earthquake|p1a: Golurk|[spread] p1a,p1b\n|-activate|p2a: Sinistcha|move: Protect\n|-damage|p1a: Golurk|32/100\n|-damage|p1b: Palafin|74/100\n|\n|-weather|none\n|-heal|p2a: Sinistcha|46/100|[from] item: Leftovers\n|-fieldend|move: Trick Room\n|upkeep\n|turn|6\n|\n|t:|1776291245\n|switch|p1a: Incineroar|Incineroar, L50, F|60/100\n|-ability|p1a: Incineroar|Intimidate|boost\n|-unboost|p2a: Sinistcha|atk|1\n|-unboost|p2b: Garchomp|atk|1\n|move|p2b: Garchomp|Dragon Claw|p1a: Incineroar\n|-damage|p1a: Incineroar|37/100\n|move|p1b: Palafin|Flip Turn|p2b: Garchomp\n|-damage|p2b: Garchomp|33/100\n|-damage|p1b: Palafin|62/100|[from] ability: Rough Skin|[of] p2b: Garchomp\n|\n|t:|1776291255\n|switch|p1b: Mimikyu|Mimikyu-Busted, L50, F|46/100|[from] Flip Turn\n|move|p2a: Sinistcha|Strength Sap|p1a: Incineroar\n|-unboost|p1a: Incineroar|atk|1\n|-heal|p2a: Sinistcha|100/100\n|\n|-heal|p1b: Mimikyu|52/100|[from] item: Leftovers\n|upkeep\n|turn|7\n|\n|t:|1776291276\n|move|p2a: Sinistcha|Protect|p2a: Sinistcha\n|-singleturn|p2a: Sinistcha|Protect\n|move|p1a: Incineroar|Fake Out|p2b: Garchomp\n|-damage|p2b: Garchomp|23/100\n|-damage|p1a: Incineroar|25/100|[from] ability: Rough Skin|[of] p2b: Garchomp\n|cant|p2b: Garchomp|flinch\n|move|p1b: Mimikyu|Trick Room|p1b: Mimikyu\n|-fieldstart|move: Trick Room|[of] p1b: Mimikyu\n|\n|-heal|p1b: Mimikyu|58/100|[from] item: Leftovers\n|upkeep\n|turn|8\n|\n|t:|1776291300\n|move|p1a: Incineroar|Flare Blitz|p2a: Sinistcha\n|-supereffective|p2a: Sinistcha|1\n|-damage|p2a: Sinistcha|27/100\n|-damage|p1a: Incineroar|7/100|[from] Recoil\n|move|p2a: Sinistcha|Matcha Gotcha|p1a: Incineroar|[spread] p1a,p1b\n|-resisted|p1a: Incineroar|1\n|-damage|p1a: Incineroar|0 fnt\n|-heal|p2a: Sinistcha|31/100|[from] drain|[of] p1a: Incineroar\n|-damage|p1b: Mimikyu|37/100\n|-heal|p2a: Sinistcha|43/100|[from] drain|[of] p1b: Mimikyu\n|faint|p1a: Incineroar\n|move|p1b: Mimikyu|Play Rough|p2b: Garchomp|[miss]\n|-miss|p1b: Mimikyu|p2b: Garchomp\n|move|p2b: Garchomp|Dragon Claw|p1b: Mimikyu\n|-immune|p1b: Mimikyu\n|\n|-heal|p2a: Sinistcha|49/100|[from] item: Leftovers\n|-heal|p1b: Mimikyu|43/100|[from] item: Leftovers\n|upkeep\n|\n|t:|1776291314\n|switch|p1a: Golurk|Golurk-Mega, L50|32/100\n|turn|9\n|\n|t:|1776291334\n|move|p1a: Golurk|Headlong Rush|p2a: Sinistcha\n|-resisted|p2a: Sinistcha|1\n|-damage|p2a: Sinistcha|10/100\n|-unboost|p1a: Golurk|def|1\n|-unboost|p1a: Golurk|spd|1\n|move|p2a: Sinistcha|Matcha Gotcha|p1a: Golurk|[spread] p1a,p1b\n|-supereffective|p1a: Golurk|1\n|-damage|p1a: Golurk|0 fnt\n|-heal|p2a: Sinistcha|30/100|[from] drain|[of] p1a: Golurk\n|-damage|p1b: Mimikyu|24/100\n|-heal|p2a: Sinistcha|41/100|[from] drain|[of] p1b: Mimikyu\n|faint|p1a: Golurk\n|move|p1b: Mimikyu|Play Rough|p2b: Garchomp\n|-supereffective|p2b: Garchomp|1\n|-damage|p2b: Garchomp|0 fnt\n|-damage|p1b: Mimikyu|12/100|[from] ability: Rough Skin|[of] p2b: Garchomp\n|faint|p2b: Garchomp\n|\n|-heal|p2a: Sinistcha|47/100|[from] item: Leftovers\n|-heal|p1b: Mimikyu|18/100|[from] item: Leftovers\n|upkeep\n|-message|akiral13 forfeited.\n|\n|win|GiulyTheClockworko\n|raw|akiral13's rating: 1081 &rarr; <strong>1057</strong><br />(-24 for losing)\n|raw|GiulyTheClockworko's rating: 1045 &rarr; <strong>1082</strong><br />(+37 for winning)\n|l|\u2606akiral13\n|player|p1|\n",
  "uploadtime": 1776291361,
  "views": 17,
  "formatid": "gen9championsvgc2026regma",
  "rating": 1057,
  "private": 0,
  "password": null
}