{
  "id": "gen9championsvgc2026regma-2581376297",
  "format": "[Gen 9 Champions] VGC 2026 Reg M-A",
  "players": [
    "Lord Lorcrux",
    "debouls"
  ],
  "log": "|j|\u2606Lord Lorcrux\n|j|\u2606debouls\n|t:|1775993583\n|gametype|doubles\n|player|p1|Lord Lorcrux|roughneck|1305\n|player|p2|debouls|2|1250\n|gen|9\n|tier|[Gen 9 Champions] VGC 2026 Reg M-A\n|rated|\n|rule|Species Clause: Limit one of each Pok\u00e9mon\n|rule|Item Clause: Limit 1 of each item\n|clearpoke\n|poke|p1|Talonflame, L50, M|\n|poke|p1|Garchomp, L50, M|\n|poke|p1|Incineroar, L50, M|\n|poke|p1|Tyranitar, L50, M|\n|poke|p1|Sinistcha, L50|\n|poke|p1|Charizard, L50, F|\n|poke|p2|Starmie, L50|\n|poke|p2|Sneasler, L50, F|\n|poke|p2|Sinistcha, L50|\n|poke|p2|Kingambit, L50, M|\n|poke|p2|Dragonite, L50, F|\n|poke|p2|Pelipper, L50, M|\n|teampreview|4\n|inactive|Battle timer is ON: inactive players will automatically lose when time's up. (requested by Lord Lorcrux)\n|\n|t:|1775993611\n|teamsize|p1|4\n|teamsize|p2|4\n|start\n|switch|p1a: Talonflame|Talonflame, L50, M|100/100\n|switch|p1b: Garchomp|Garchomp, L50, M|100/100\n|switch|p2a: Sneasler|Sneasler, L50, F|100/100\n|switch|p2b: Kingambit|Kingambit, L50, M|100/100\n|turn|1\n|inactive|debouls has 30 seconds left.\n|inactive|debouls has 20 seconds left.\n|\n|t:|1775993649\n|switch|p2b: Pelipper|Pelipper, L50, M|100/100\n|-weather|RainDance|[from] ability: Drizzle|[of] p2b: Pelipper\n|move|p1a: Talonflame|Protect|p1a: Talonflame\n|-singleturn|p1a: Talonflame|Protect\n|move|p2a: Sneasler|Fake Out|p1b: Garchomp\n|-damage|p1b: Garchomp|86/100\n|-damage|p2a: Sneasler|88/100|[from] ability: Rough Skin|[of] p1b: Garchomp\n|cant|p1b: Garchomp|flinch\n|\n|-weather|RainDance|[upkeep]\n|upkeep\n|turn|2\n|\n|t:|1775993672\n|switch|p1b: Incineroar|Incineroar, L50, M|100/100\n|-ability|p1b: Incineroar|Intimidate|boost\n|-unboost|p2a: Sneasler|atk|1\n|-unboost|p2b: Pelipper|atk|1\n|switch|p2a: Starmie|Starmie, L50|100/100\n|move|p1a: Talonflame|Brave Bird|p2b: Pelipper\n|-damage|p2b: Pelipper|16/100\n|-damage|p1a: Talonflame|76/100|[from] Recoil\n|move|p2b: Pelipper|Muddy Water|p1b: Incineroar|[spread] p1a,p1b\n|-supereffective|p1a: Talonflame|1\n|-supereffective|p1b: Incineroar|1\n|-damage|p1a: Talonflame|0 fnt\n|-damage|p1b: Incineroar|35/100\n|-enditem|p1b: Incineroar|Sitrus Berry|[eat]\n|-heal|p1b: Incineroar|60/100|[from] item: Sitrus Berry\n|faint|p1a: Talonflame\n|\n|-weather|RainDance|[upkeep]\n|upkeep\n|\n|t:|1775993688\n|switch|p1a: Garchomp|Garchomp, L50, M|86/100\n|turn|3\n|\n|t:|1775993711\n|detailschange|p2a: Starmie|Starmie-Mega, L50\n|-mega|p2a: Starmie|Starmie|Starminite\n|move|p1b: Incineroar|Fake Out|p2a: Starmie\n|-crit|p2a: Starmie\n|-damage|p2a: Starmie|82/100\n|move|p1a: Garchomp|Dragon Claw|p2b: Pelipper\n|-damage|p2b: Pelipper|0 fnt\n|faint|p2b: Pelipper\n|cant|p2a: Starmie|flinch\n|\n|-weather|RainDance|[upkeep]\n|upkeep\n|\n|t:|1775993731\n|switch|p2b: Sneasler|Sneasler, L50, F|88/100\n|turn|4\n|\n|t:|1775993753\n|switch|p1a: Charizard|Charizard, L50, F|100/100\n|move|p2a: Starmie|Aqua Jet|p1b: Incineroar\n|-supereffective|p1b: Incineroar|1\n|-damage|p1b: Incineroar|0 fnt\n|faint|p1b: Incineroar\n|move|p2b: Sneasler|Coaching|p2a: Starmie\n|-boost|p2a: Starmie|atk|1\n|-boost|p2a: Starmie|def|1\n|\n|-weather|RainDance|[upkeep]\n|upkeep\n|\n|t:|1775993762\n|switch|p1b: Garchomp|Garchomp, L50, M|86/100\n|turn|5\n|inactive|debouls has 30 seconds left.\n|\n|t:|1775993792\n|detailschange|p1a: Charizard|Charizard-Mega-Y, L50, F\n|-mega|p1a: Charizard|Charizard|Charizardite Y\n|-weather|SunnyDay|[from] ability: Drought|[of] p1a: Charizard\n|move|p1b: Garchomp|Earthquake|p2a: Starmie|[spread] p2a,p2b\n|-immune|p1a: Charizard\n|-supereffective|p2b: Sneasler|1\n|-damage|p2a: Starmie|46/100\n|-damage|p2b: Sneasler|0 fnt\n|faint|p2b: Sneasler\n|move|p2a: Starmie|Liquidation|p1a: Charizard\n|-supereffective|p1a: Charizard|1\n|-damage|p1a: Charizard|0 fnt\n|faint|p1a: Charizard\n|\n|-weather|SunnyDay|[upkeep]\n|upkeep\n|\n|t:|1775993805\n|switch|p2b: Kingambit|Kingambit, L50, M|100/100\n|turn|6\n|\n|t:|1775993816\n|move|p2b: Kingambit|Sucker Punch|p1b: Garchomp\n|-damage|p1b: Garchomp|45/100\n|-damage|p2b: Kingambit|88/100|[from] ability: Rough Skin|[of] p1b: Garchomp\n|move|p1b: Garchomp|Earthquake|p2a: Starmie|[spread] p2a,p2b\n|-crit|p2a: Starmie\n|-supereffective|p2b: Kingambit|1\n|-damage|p2a: Starmie|0 fnt\n|-damage|p2b: Kingambit|30/100\n|faint|p2a: Starmie\n|\n|-weather|SunnyDay|[upkeep]\n|upkeep\n|turn|7\n|inactive|debouls has 30 seconds left.\n|\n|t:|1775993848\n|move|p2b: Kingambit|Sucker Punch|p1b: Garchomp\n|-damage|p1b: Garchomp|5/100\n|-damage|p2b: Kingambit|18/100|[from] ability: Rough Skin|[of] p1b: Garchomp\n|move|p1b: Garchomp|Earthquake|p2b: Kingambit\n|-supereffective|p2b: Kingambit|1\n|-damage|p2b: Kingambit|0 fnt\n|faint|p2b: Kingambit\n|\n|win|Lord Lorcrux\n|raw|Lord Lorcrux's rating: 1305 &rarr; <strong>1322</strong><br />(+17 for winning)\n|raw|debouls's rating: 1250 &rarr; <strong>1229</strong><br />(-21 for losing)\n|l|\u2606Lord Lorcrux\n|player|p1|\n",
  "uploadtime": 1775993865,
  "views": 28,
  "formatid": "gen9championsvgc2026regma",
  "rating": 1229,
  "private": 0,
  "password": null
}