{
  "id": "gen9championsvgc2026regma-2584163638",
  "format": "[Gen 9 Champions] VGC 2026 Reg M-A",
  "players": [
    "Missed Ledgedash",
    "MirandaC97"
  ],
  "log": "|j|\u2606Missed Ledgedash\n|j|\u2606MirandaC97\n|t:|1776232853\n|gametype|doubles\n|player|p1|Missed Ledgedash|juan-gen3|1224\n|player|p2|MirandaC97|169|1272\n|gen|9\n|tier|[Gen 9 Champions] VGC 2026 Reg M-A\n|rated|\n|rule|Species Clause: Limit one of each Pok\u00e9mon\n|rule|Item Clause: Limit 1 of each item\n|clearpoke\n|poke|p1|Incineroar, L50, F|\n|poke|p1|Gengar, L50, M|\n|poke|p1|Sneasler, L50, M|\n|poke|p1|Tyranitar, L50, F|\n|poke|p1|Sinistcha, L50|\n|poke|p1|Rotom-Wash, L50|\n|poke|p2|Aerodactyl, L50, F|\n|poke|p2|Sneasler, L50, M|\n|poke|p2|Kingambit, L50, F|\n|poke|p2|Floette-Eternal, L50, F|\n|poke|p2|Garchomp, L50, F|\n|poke|p2|Milotic, L50, M|\n|teampreview|4\n|\n|t:|1776232928\n|teamsize|p1|4\n|teamsize|p2|4\n|start\n|switch|p1a: Tyranitar|Tyranitar, L50, F|100/100\n|switch|p1b: Sneasler|Sneasler, L50, M|100/100\n|switch|p2a: Sneasler|Sneasler, L50, M|100/100\n|switch|p2b: Kingambit|Kingambit, L50, F|100/100\n|-weather|Sandstorm|[from] ability: Sand Stream|[of] p1a: Tyranitar\n|turn|1\n|\n|t:|1776232948\n|detailschange|p1a: Tyranitar|Tyranitar-Mega, L50, F\n|-mega|p1a: Tyranitar|Tyranitar|Tyranitarite\n|move|p1b: Sneasler|Fake Out|p2a: Sneasler\n|-damage|p2a: Sneasler|73/100\n|cant|p2a: Sneasler|flinch\n|move|p1a: Tyranitar|Low Kick|p2b: Kingambit\n|-supereffective|p2b: Kingambit|2\n|-damage|p2b: Kingambit|0 fnt\n|faint|p2b: Kingambit\n|\n|-weather|Sandstorm|[upkeep]\n|-damage|p1b: Sneasler|95/100|[from] Sandstorm\n|-damage|p2a: Sneasler|67/100|[from] Sandstorm\n|upkeep\n|\n|t:|1776232963\n|switch|p2b: Floette|Floette-Eternal, L50, F|100/100\n|turn|2\n|\n|t:|1776232977\n|move|p2b: Floette|Protect|p2b: Floette\n|-singleturn|p2b: Floette|Protect\n|move|p1b: Sneasler|Dire Claw|p2b: Floette\n|-activate|p2b: Floette|move: Protect\n|move|p2a: Sneasler|Close Combat|p1b: Sneasler\n|-resisted|p1b: Sneasler|1\n|-damage|p1b: Sneasler|41/100\n|-unboost|p2a: Sneasler|def|1\n|-unboost|p2a: Sneasler|spd|1\n|-enditem|p2a: Sneasler|White Herb\n|-clearnegativeboost|p2a: Sneasler|[silent]\n|move|p1a: Tyranitar|Rock Slide|p2a: Sneasler|[spread] p2a\n|-activate|p2b: Floette|move: Protect\n|-resisted|p2a: Sneasler|1\n|-damage|p2a: Sneasler|36/100\n|\n|-weather|Sandstorm|[upkeep]\n|-damage|p2a: Sneasler|30/100|[from] Sandstorm\n|-damage|p1b: Sneasler|36/100|[from] Sandstorm\n|-damage|p2b: Floette|95/100|[from] Sandstorm\n|upkeep\n|turn|3\n|\n|t:|1776233000\n|switch|p1a: Sinistcha|Sinistcha, L50|100/100\n|-heal|p1b: Sneasler|60/100|[from] ability: Hospitality|[of] p1a: Sinistcha\n|detailschange|p2b: Floette|Floette-Mega, L50, F\n|-mega|p2b: Floette|Floette|Floettite\n|-ability|p2b: Floette|Fairy Aura\n|move|p2a: Sneasler|Close Combat|p1b: Sneasler\n|-resisted|p1b: Sneasler|1\n|-damage|p1b: Sneasler|0 fnt\n|-unboost|p2a: Sneasler|def|1\n|-unboost|p2a: Sneasler|spd|1\n|faint|p1b: Sneasler\n|move|p2b: Floette|Calm Mind|p2b: Floette\n|-boost|p2b: Floette|spa|1\n|-boost|p2b: Floette|spd|1\n|\n|-weather|Sandstorm|[upkeep]\n|-damage|p2a: Sneasler|24/100|[from] Sandstorm\n|-damage|p2b: Floette|89/100|[from] Sandstorm\n|-damage|p1a: Sinistcha|94/100|[from] Sandstorm\n|upkeep\n|\n|t:|1776233017\n|switch|p1b: Tyranitar|Tyranitar-Mega, L50, F|100/100\n|turn|4\n|\n|t:|1776233026\n|move|p2a: Sneasler|Protect|p2a: Sneasler\n|-singleturn|p2a: Sneasler|Protect\n|move|p1b: Tyranitar|Protect|p1b: Tyranitar\n|-singleturn|p1b: Tyranitar|Protect\n|move|p2b: Floette|Giga Drain|p1b: Tyranitar\n|-activate|p1b: Tyranitar|move: Protect\n|move|p1a: Sinistcha|Trick Room|p1a: Sinistcha\n|-fieldstart|move: Trick Room|[of] p1a: Sinistcha\n|\n|-weather|Sandstorm|[upkeep]\n|-damage|p1a: Sinistcha|88/100|[from] Sandstorm\n|-damage|p2b: Floette|83/100|[from] Sandstorm\n|-damage|p2a: Sneasler|18/100|[from] Sandstorm\n|upkeep\n|turn|5\n|\n|t:|1776233046\n|switch|p2a: Milotic|Milotic, L50, M|100/100\n|move|p1a: Sinistcha|Rage Powder|p1a: Sinistcha\n|-singleturn|p1a: Sinistcha|move: Rage Powder\n|move|p1b: Tyranitar|Rock Slide|p2b: Floette|[spread] p2a,p2b\n|-damage|p2a: Milotic|57/100\n|-damage|p2b: Floette|31/100\n|cant|p2b: Floette|flinch\n|\n|-weather|none\n|-heal|p2a: Milotic|63/100|[from] item: Leftovers\n|upkeep\n|turn|6\n|\n|t:|1776233062\n|move|p2b: Floette|Protect|p2b: Floette\n|-singleturn|p2b: Floette|Protect\n|move|p1a: Sinistcha|Matcha Gotcha|p2b: Floette|[spread] p2a\n|-activate|p2b: Floette|move: Protect\n|-supereffective|p2a: Milotic|1\n|-damage|p2a: Milotic|34/100\n|-heal|p1a: Sinistcha|100/100|[from] drain|[of] p2a: Milotic\n|move|p1b: Tyranitar|Rock Slide|p2b: Floette|[spread] p2a\n|-activate|p2b: Floette|move: Protect\n|-damage|p2a: Milotic|0 fnt\n|faint|p2a: Milotic\n|\n|upkeep\n|\n|t:|1776233077\n|switch|p2a: Sneasler|Sneasler, L50, M|18/100\n|turn|7\n|\n|t:|1776233083\n|move|p2a: Sneasler|Fake Out|p1b: Tyranitar\n|-resisted|p1b: Tyranitar|1\n|-damage|p1b: Tyranitar|96/100\n|move|p1a: Sinistcha|Matcha Gotcha|p2b: Floette|[spread] p2a,p2b\n|-resisted|p2a: Sneasler|1\n|-damage|p2a: Sneasler|2/100\n|-damage|p2b: Floette|18/100\n|cant|p1b: Tyranitar|flinch\n|move|p2b: Floette|Dazzling Gleam|p1a: Sinistcha|[spread] p1a,p1b\n|-supereffective|p1b: Tyranitar|1\n|-damage|p1a: Sinistcha|8/100\n|-damage|p1b: Tyranitar|0 fnt\n|faint|p1b: Tyranitar\n|\n|upkeep\n|\n|t:|1776233094\n|switch|p1b: Rotom|Rotom-Wash, L50|100/100\n|turn|8\n|\n|t:|1776233101\n|move|p2b: Floette|Protect|p2b: Floette\n|-singleturn|p2b: Floette|Protect\n|move|p2a: Sneasler|Protect|p2a: Sneasler\n|-singleturn|p2a: Sneasler|Protect\n|move|p1a: Sinistcha|Matcha Gotcha|p2b: Floette|[spread] \n|-activate|p2a: Sneasler|move: Protect\n|-activate|p2b: Floette|move: Protect\n|move|p1b: Rotom|Thunderbolt|p2a: Sneasler\n|-activate|p2a: Sneasler|move: Protect\n|\n|-fieldend|move: Trick Room\n|upkeep\n|turn|9\n|\n|t:|1776233118\n|move|p2a: Sneasler|Dire Claw|p1a: Sinistcha\n|-damage|p1a: Sinistcha|0 fnt\n|faint|p1a: Sinistcha\n|move|p2b: Floette|Giga Drain|p1b: Rotom\n|-supereffective|p1b: Rotom|1\n|-damage|p1b: Rotom|2/100\n|-heal|p2b: Floette|69/100|[from] drain|[of] p1b: Rotom\n|-enditem|p1b: Rotom|Sitrus Berry|[eat]\n|-heal|p1b: Rotom|27/100|[from] item: Sitrus Berry\n|move|p1b: Rotom|Thunderbolt|p2b: Floette\n|-damage|p2b: Floette|43/100\n|\n|upkeep\n|turn|10\n|\n|t:|1776233133\n|move|p2a: Sneasler|Dire Claw|p1b: Rotom\n|-damage|p1b: Rotom|0 fnt\n|faint|p1b: Rotom\n|\n|win|MirandaC97\n|raw|Missed Ledgedash's rating: 1224 &rarr; <strong>1202</strong><br />(-22 for losing)\n|raw|MirandaC97's rating: 1272 &rarr; <strong>1294</strong><br />(+22 for winning)\n",
  "uploadtime": 1776233133,
  "views": 24,
  "formatid": "gen9championsvgc2026regma",
  "rating": 1202,
  "private": 0,
  "password": null
}