{
  "id": "gen9championsvgc2026regma-2580491883",
  "format": "[Gen 9 Champions] VGC 2026 Reg M-A",
  "players": [
    "cateater67",
    "FukZamazenta917813"
  ],
  "log": "|j|\u2606cateater67\n|j|\u2606FukZamazenta917813\n|t:|1775904351\n|gametype|doubles\n|player|p1|cateater67|1|1057\n|player|p2|FukZamazenta917813|lucas|1157\n|gen|9\n|tier|[Gen 9 Champions] VGC 2026 Reg M-A\n|rated|\n|rule|Species Clause: Limit one of each Pok\u00e9mon\n|rule|Item Clause: Limit 1 of each item\n|clearpoke\n|poke|p1|Gengar, L50, M|\n|poke|p1|Meowstic, L50, M|\n|poke|p1|Decidueye, L50, M|\n|poke|p1|Incineroar, L50, F|\n|poke|p1|Serperior, L50, M|\n|poke|p1|Cofagrigus, L50, F|\n|poke|p2|Incineroar, L50, F|\n|poke|p2|Delphox, L50, F|\n|poke|p2|Whimsicott, L50, F|\n|poke|p2|Clefable, L50, M|\n|poke|p2|Garchomp, L50, M|\n|poke|p2|Sneasler, L50, F|\n|teampreview|4\n|inactive|Battle timer is ON: inactive players will automatically lose when time's up. (requested by FukZamazenta917813)\n|\n|t:|1775904375\n|teamsize|p1|4\n|teamsize|p2|4\n|start\n|switch|p1a: Gengar|Gengar, L50, M|100/100\n|switch|p1b: Cofagrigus|Cofagrigus, L50, F|100/100\n|switch|p2a: delpha|Delphox, L50, F|100/100\n|switch|p2b: \u60f3\u51ff\u5927\u72c3\u62c9|Sneasler, L50, F|100/100\n|turn|1\n|\n|t:|1775904399\n|switch|p2b: \u542e\u897f\u76ae\u773c|Clefable, L50, M|100/100\n|detailschange|p1a: Gengar|Gengar-Mega, L50, M\n|-mega|p1a: Gengar|Gengar|Gengarite\n|detailschange|p2a: delpha|Delphox-Mega, L50, F\n|-mega|p2a: delpha|Delphox|Delphoxite\n|move|p2a: delpha|Calm Mind|p2a: delpha\n|-boost|p2a: delpha|spa|1\n|-boost|p2a: delpha|spd|1\n|move|p1a: Gengar|Perish Song|p1a: Gengar\n|-start|p1a: Gengar|perish3|[silent]\n|-start|p1b: Cofagrigus|perish3|[silent]\n|-start|p2a: delpha|perish3|[silent]\n|-start|p2b: \u542e\u897f\u76ae\u773c|perish3|[silent]\n|-fieldactivate|move: Perish Song\n|move|p1b: Cofagrigus|Power Swap|p2a: delpha\n|-swapboost|p1b: Cofagrigus|p2a: delpha|atk, spa|[from] move: Power Swap\n|\n|-start|p2a: delpha|perish3\n|-start|p1a: Gengar|perish3\n|-start|p2b: \u542e\u897f\u76ae\u773c|perish3\n|-start|p1b: Cofagrigus|perish3\n|upkeep\n|turn|2\n|inactive|cateater67 has 30 seconds left.\n|\n|t:|1775904429\n|move|p1a: Gengar|Protect|p1a: Gengar\n|-singleturn|p1a: Gengar|Protect\n|move|p1b: Cofagrigus|Protect|p1b: Cofagrigus\n|-singleturn|p1b: Cofagrigus|Protect\n|move|p2a: delpha|Heat Wave|p1a: Gengar|[spread] \n|-activate|p1a: Gengar|move: Protect\n|-activate|p1b: Cofagrigus|move: Protect\n|move|p2b: \u542e\u897f\u76ae\u773c|Moonblast|p1b: Cofagrigus\n|-activate|p1b: Cofagrigus|move: Protect\n|\n|-start|p2a: delpha|perish2\n|-start|p1a: Gengar|perish2\n|-start|p2b: \u542e\u897f\u76ae\u773c|perish2\n|-start|p1b: Cofagrigus|perish2\n|upkeep\n|turn|3\n|inactive|cateater67 has 30 seconds left.\n|inactive|cateater67 has 20 seconds left.\n|inactive|cateater67 has 15 seconds left.\n|\n|t:|1775904473\n|move|p1b: Cofagrigus|Ally Switch|p1b: Cofagrigus\n|swap|p1b: Cofagrigus|0|[from] move: Ally Switch\n|move|p2a: delpha|Psyshock|p1a: Cofagrigus\n|-crit|p1a: Cofagrigus\n|-damage|p1a: Cofagrigus|64/100\n|move|p1b: Gengar|Hypnosis|p2a: delpha\n|-status|p2a: delpha|slp|[from] move: Hypnosis\n|move|p2b: \u542e\u897f\u76ae\u773c|Moonblast|p1a: Cofagrigus\n|-damage|p1a: Cofagrigus|33/100\n|-unboost|p1a: Cofagrigus|spa|1\n|-enditem|p1a: Cofagrigus|Sitrus Berry|[eat]\n|-heal|p1a: Cofagrigus|57/100|[from] item: Sitrus Berry\n|\n|-start|p2a: delpha|perish1\n|-start|p1b: Gengar|perish1\n|-start|p2b: \u542e\u897f\u76ae\u773c|perish1\n|-start|p1a: Cofagrigus|perish1\n|upkeep\n|turn|4\n|\n|t:|1775904498\n|switch|p1b: Incineroar|Incineroar, L50, F|100/100\n|-ability|p1b: Incineroar|Intimidate|boost\n|-unboost|p2a: delpha|atk|1\n|-unboost|p2b: \u542e\u897f\u76ae\u773c|atk|1\n|switch|p1a: Decidueye|Decidueye, L50, M|100/100\n|cant|p2a: delpha|slp\n|move|p2b: \u542e\u897f\u76ae\u773c|Moonblast|p1b: Incineroar\n|-damage|p1b: Incineroar|78/100\n|\n|-heal|p1b: Incineroar|84/100|[from] item: Leftovers\n|-start|p2a: delpha|perish0\n|-start|p2b: \u542e\u897f\u76ae\u773c|perish0\n|upkeep\n|faint|p2a: delpha\n|faint|p2b: \u542e\u897f\u76ae\u773c\n|\n|t:|1775904502\n|switch|p2a: \u60f3\u51ff\u5927\u72c3\u62c9|Sneasler, L50, F|100/100\n|switch|p2b: \u795e\u7684\u4f1f\u5927\u65e0\u9700\u591a\u8a00|Incineroar, L50, F|100/100\n|-ability|p2b: \u795e\u7684\u4f1f\u5927\u65e0\u9700\u591a\u8a00|Intimidate|boost\n|-unboost|p1a: Decidueye|atk|1\n|-unboost|p1b: Incineroar|atk|1\n|turn|5\n|\n|t:|1775904522\n|move|p2a: \u60f3\u51ff\u5927\u72c3\u62c9|Protect|p2a: \u60f3\u51ff\u5927\u72c3\u62c9\n|-singleturn|p2a: \u60f3\u51ff\u5927\u72c3\u62c9|Protect\n|move|p1b: Incineroar|Fake Out|p2b: \u795e\u7684\u4f1f\u5927\u65e0\u9700\u591a\u8a00\n|-damage|p2b: \u795e\u7684\u4f1f\u5927\u65e0\u9700\u591a\u8a00|93/100\n|move|p1a: Decidueye|U-turn|p2a: \u60f3\u51ff\u5927\u72c3\u62c9\n|-activate|p2a: \u60f3\u51ff\u5927\u72c3\u62c9|move: Protect\n|cant|p2b: \u795e\u7684\u4f1f\u5927\u65e0\u9700\u591a\u8a00|flinch\n|\n|-heal|p1b: Incineroar|90/100|[from] item: Leftovers\n|upkeep\n|turn|6\n|\n|t:|1775904546\n|move|p2a: \u60f3\u51ff\u5927\u72c3\u62c9|Close Combat|p1b: Incineroar\n|-supereffective|p1b: Incineroar|1\n|-damage|p1b: Incineroar|0 fnt\n|-unboost|p2a: \u60f3\u51ff\u5927\u72c3\u62c9|def|1\n|-unboost|p2a: \u60f3\u51ff\u5927\u72c3\u62c9|spd|1\n|faint|p1b: Incineroar\n|move|p1a: Decidueye|Tailwind|p1a: Decidueye\n|-sidestart|p1: cateater67|move: Tailwind\n|move|p2b: \u795e\u7684\u4f1f\u5927\u65e0\u9700\u591a\u8a00|Darkest Lariat|p1a: Decidueye\n|-supereffective|p1a: Decidueye|1\n|-damage|p1a: Decidueye|10/100\n|\n|upkeep\n|\n|t:|1775904557\n|switch|p1b: Gengar|Gengar-Mega, L50, M|100/100\n|turn|7\n|\n|t:|1775904571\n|move|p1a: Decidueye|Protect|p1a: Decidueye\n|-singleturn|p1a: Decidueye|Protect\n|move|p1b: Gengar|Perish Song|p1b: Gengar\n|-start|p1a: Decidueye|perish3|[silent]\n|-start|p1b: Gengar|perish3|[silent]\n|-start|p2a: \u60f3\u51ff\u5927\u72c3\u62c9|perish3|[silent]\n|-start|p2b: \u795e\u7684\u4f1f\u5927\u65e0\u9700\u591a\u8a00|perish3|[silent]\n|-fieldactivate|move: Perish Song\n|move|p2a: \u60f3\u51ff\u5927\u72c3\u62c9|Dire Claw|p1b: Gengar\n|-resisted|p1b: Gengar|2\n|-damage|p1b: Gengar|85/100\n|move|p2b: \u795e\u7684\u4f1f\u5927\u65e0\u9700\u591a\u8a00|Darkest Lariat|p1b: Gengar\n|-supereffective|p1b: Gengar|1\n|-damage|p1b: Gengar|0 fnt\n|faint|p1b: Gengar\n|\n|-start|p2a: \u60f3\u51ff\u5927\u72c3\u62c9|perish3\n|-start|p1a: Decidueye|perish3\n|-start|p2b: \u795e\u7684\u4f1f\u5927\u65e0\u9700\u591a\u8a00|perish3\n|upkeep\n|\n|t:|1775904586\n|switch|p1b: Cofagrigus|Cofagrigus, L50, F|57/100\n|turn|8\n|\n|t:|1775904608\n|move|p1b: Cofagrigus|Protect|p1b: Cofagrigus\n|-singleturn|p1b: Cofagrigus|Protect\n|move|p2a: \u60f3\u51ff\u5927\u72c3\u62c9|Dire Claw|p1a: Decidueye\n|-damage|p1a: Decidueye|0 fnt\n|faint|p1a: Decidueye\n|move|p2b: \u795e\u7684\u4f1f\u5927\u65e0\u9700\u591a\u8a00|Darkest Lariat|p1b: Cofagrigus\n|-activate|p1b: Cofagrigus|move: Protect\n|\n|-start|p2a: \u60f3\u51ff\u5927\u72c3\u62c9|perish2\n|-start|p2b: \u795e\u7684\u4f1f\u5927\u65e0\u9700\u591a\u8a00|perish2\n|upkeep\n|turn|9\n|\n|t:|1775904624\n|move|p1b: Cofagrigus|Protect||[still]\n|-fail|p1b: Cofagrigus\n|move|p2a: \u60f3\u51ff\u5927\u72c3\u62c9|Dire Claw|p1b: Cofagrigus\n|-resisted|p1b: Cofagrigus|1\n|-damage|p1b: Cofagrigus|45/100\n|-activate|p1b: Cofagrigus|ability: Mummy|p2a: \u60f3\u51ff\u5927\u72c3\u62c9|[ability] Unburden\n|move|p2b: \u795e\u7684\u4f1f\u5927\u65e0\u9700\u591a\u8a00|Darkest Lariat|p1b: Cofagrigus\n|-supereffective|p1b: Cofagrigus|1\n|-damage|p1b: Cofagrigus|0 fnt\n|-activate|p1b: Cofagrigus|ability: Mummy|p2b: \u795e\u7684\u4f1f\u5927\u65e0\u9700\u591a\u8a00|[ability] Intimidate\n|faint|p1b: Cofagrigus\n|\n|win|FukZamazenta917813\n|raw|cateater67's rating: 1057 &rarr; <strong>1044</strong><br />(-13 for losing)\n|raw|FukZamazenta917813's rating: 1157 &rarr; <strong>1175</strong><br />(+18 for winning)\n",
  "uploadtime": 1775904627,
  "views": 13,
  "formatid": "gen9championsvgc2026regma",
  "rating": 1044,
  "private": 0,
  "password": null
}