{
  "id": "gen9championsvgc2026regma-2584384150",
  "format": "[Gen 9 Champions] VGC 2026 Reg M-A",
  "players": [
    "nd40",
    "Brgl"
  ],
  "log": "|j|\u2606nd40\n|j|\u2606Brgl\n|t:|1776256813\n|gametype|doubles\n|player|p1|nd40|gentleman-gen4|1000\n|player|p2|Brgl|pryce|1083\n|gen|9\n|tier|[Gen 9 Champions] VGC 2026 Reg M-A\n|rated|\n|rule|Species Clause: Limit one of each Pok\u00e9mon\n|rule|Item Clause: Limit 1 of each item\n|clearpoke\n|poke|p1|Camerupt, L50, M|\n|poke|p1|Hatterene, L50, F|\n|poke|p1|Scizor, L50, F|\n|poke|p1|Venusaur, L50, F|\n|poke|p1|Avalugg, L50, M|\n|poke|p1|Clefable, L50, M|\n|poke|p2|Tyranitar, L50, F|\n|poke|p2|Garchomp, L50, F|\n|poke|p2|Excadrill, L50, M|\n|poke|p2|Klefki, L50, M|\n|poke|p2|Skarmory, L50, F|\n|poke|p2|Mamoswine, L50, F|\n|teampreview|4\n|inactive|Battle timer is ON: inactive players will automatically lose when time's up. (requested by Brgl)\n|inactiveoff|Battle timer is now OFF.\n|\n|t:|1776256884\n|teamsize|p1|4\n|teamsize|p2|4\n|start\n|switch|p1a: Hatterene|Hatterene, L50, F|100/100\n|switch|p1b: Clefable|Clefable, L50, M, shiny|100/100\n|switch|p2a: Excadrill|Excadrill, L50, M|100/100\n|switch|p2b: Tyranitar|Tyranitar, L50, F|100/100\n|-weather|Sandstorm|[from] ability: Sand Stream|[of] p2b: Tyranitar\n|turn|1\n|\n|t:|1776256914\n|switch|p2b: Klefki|Klefki, L50, M|100/100\n|move|p1b: Clefable|Follow Me|p1b: Clefable\n|-singleturn|p1b: Clefable|move: Follow Me\n|move|p2a: Excadrill|Iron Head|p1b: Clefable\n|-supereffective|p1b: Clefable|1\n|-enditem|p1b: Clefable|Babiri Berry|[eat]\n|-enditem|p1b: Clefable|Babiri Berry|[weaken]\n|-damage|p1b: Clefable|51/100\n|move|p1a: Hatterene|Trick Room|p1a: Hatterene\n|-fieldstart|move: Trick Room|[of] p1a: Hatterene\n|\n|-weather|Sandstorm|[upkeep]\n|-damage|p1a: Hatterene|94/100|[from] Sandstorm\n|upkeep\n|turn|2\n|\n|t:|1776256933\n|move|p2b: Klefki|Light Screen|p2b: Klefki\n|-sidestart|p2: Brgl|move: Light Screen\n|move|p1a: Hatterene|Dark Pulse|p2a: Excadrill\n|-damage|p2a: Excadrill|80/100\n|move|p1b: Clefable|Tri Attack|p2b: Klefki\n|-resisted|p2b: Klefki|1\n|-crit|p2b: Klefki\n|-damage|p2b: Klefki|85/100\n|move|p2a: Excadrill|Rock Slide|p1b: Clefable|[spread] p1a,p1b\n|-damage|p1a: Hatterene|69/100\n|-damage|p1b: Clefable|20/100\n|\n|-weather|Sandstorm|[upkeep]\n|-damage|p1a: Hatterene|63/100|[from] Sandstorm\n|-heal|p2b: Klefki|91/100|[from] item: Leftovers\n|upkeep\n|turn|3\n|\n|t:|1776256957\n|move|p1a: Hatterene|Dark Pulse|p2a: Excadrill\n|-damage|p2a: Excadrill|58/100\n|move|p1b: Clefable|Tri Attack|p2a: Excadrill\n|-resisted|p2a: Excadrill|1\n|-damage|p2a: Excadrill|51/100\n|-status|p2a: Excadrill|frz\n|move|p2b: Klefki|Steel Beam|p1a: Hatterene\n|-supereffective|p1a: Hatterene|1\n|-damage|p1a: Hatterene|0 fnt\n|-damage|p2b: Klefki|41/100|[from] steelbeam\n|faint|p1a: Hatterene\n|cant|p2a: Excadrill|frz\n|\n|-weather|Sandstorm|[upkeep]\n|-heal|p2b: Klefki|47/100|[from] item: Leftovers\n|upkeep\n|\n|t:|1776257014\n|switch|p1a: Scizor|Scizor, L50, F|100/100\n|turn|4\n|\n|t:|1776257039\n|move|p2b: Klefki|Thunder Wave|p1a: Scizor\n|-status|p1a: Scizor|par\n|move|p1a: Scizor|Acrobatics|p2a: Excadrill\n|-resisted|p2a: Excadrill|1\n|-damage|p2a: Excadrill|21/100 frz\n|move|p1b: Clefable|Tri Attack|p2a: Excadrill\n|-resisted|p2a: Excadrill|1\n|-damage|p2a: Excadrill|13/100 frz\n|-curestatus|p2a: Excadrill|frz|[msg]\n|move|p2a: Excadrill|Rock Slide|p1a: Scizor|[spread] p1a,p1b\n|-damage|p1a: Scizor|73/100 par\n|-damage|p1b: Clefable|0 fnt\n|faint|p1b: Clefable\n|\n|-weather|Sandstorm|[upkeep]\n|-heal|p2b: Klefki|54/100|[from] item: Leftovers\n|upkeep\n|\n|t:|1776257051\n|switch|p1b: Camerupt|Camerupt, L50, M|100/100\n|turn|5\n|\n|t:|1776257071\n|detailschange|p1b: Camerupt|Camerupt-Mega, L50, M\n|-mega|p1b: Camerupt|Camerupt|Cameruptite\n|move|p1b: Camerupt|Eruption|p2b: Klefki|[spread] p2a,p2b\n|-supereffective|p2a: Excadrill|1\n|-supereffective|p2b: Klefki|1\n|-damage|p2a: Excadrill|0 fnt\n|-damage|p2b: Klefki|0 fnt\n|faint|p2a: Excadrill\n|faint|p2b: Klefki\n|move|p1a: Scizor|Brutal Swing|p1b: Camerupt\n|-damage|p1b: Camerupt|67/100\n|\n|-weather|none\n|-fieldend|move: Trick Room\n|upkeep\n|\n|t:|1776257076\n|switch|p2a: Tyranitar|Tyranitar, L50, F|100/100\n|switch|p2b: Skarmory|Skarmory, L50, F|100/100\n|-weather|Sandstorm|[from] ability: Sand Stream|[of] p2a: Tyranitar\n|turn|6\n|\n|t:|1776257124\n|detailschange|p2b: Skarmory|Skarmory-Mega, L50, F\n|-mega|p2b: Skarmory|Skarmory|Skarmorite\n|move|p1a: Scizor|Bullet Punch|p2a: Tyranitar\n|-supereffective|p2a: Tyranitar|1\n|-damage|p2a: Tyranitar|40/100\n|move|p2b: Skarmory|Body Press|p1b: Camerupt\n|-damage|p1b: Camerupt|40/100\n|move|p2a: Tyranitar|Stone Edge|p1b: Camerupt|[miss]\n|-miss|p2a: Tyranitar|p1b: Camerupt\n|move|p1b: Camerupt|Eruption|p2b: Skarmory|[spread] p2a,p2b\n|-resisted|p2a: Tyranitar|1\n|-supereffective|p2b: Skarmory|1\n|-damage|p2a: Tyranitar|36/100\n|-damage|p2b: Skarmory|60/100\n|\n|-weather|Sandstorm|[upkeep]\n|-sideend|p2: Brgl|move: Light Screen\n|upkeep\n|turn|7\n|\n|t:|1776257144\n|move|p2a: Tyranitar|Protect|p2a: Tyranitar\n|-singleturn|p2a: Tyranitar|Protect\n|move|p1b: Camerupt|Protect|p1b: Camerupt\n|-singleturn|p1b: Camerupt|Protect\n|move|p1a: Scizor|Bullet Punch|p2a: Tyranitar\n|-activate|p2a: Tyranitar|move: Protect\n|move|p2b: Skarmory|Body Press|p1a: Scizor\n|-damage|p1a: Scizor|47/100 par\n|\n|-weather|Sandstorm|[upkeep]\n|upkeep\n|turn|8\n|\n|t:|1776257175\n|move|p1a: Scizor|Bullet Punch|p2a: Tyranitar\n|-supereffective|p2a: Tyranitar|1\n|-damage|p2a: Tyranitar|0 fnt\n|faint|p2a: Tyranitar\n|move|p2b: Skarmory|Dual Wingbeat|p1a: Scizor\n|-damage|p1a: Scizor|24/100 par\n|-damage|p1a: Scizor|0 fnt\n|faint|p1a: Scizor\n|-hitcount|p1: Scizor|2\n|move|p1b: Camerupt|Eruption|p2b: Skarmory\n|-supereffective|p2b: Skarmory|1\n|-damage|p2b: Skarmory|0 fnt\n|faint|p2b: Skarmory\n|\n|win|nd40\n|raw|nd40's rating: 1000 &rarr; <strong>1049</strong><br />(+49 for winning)\n|raw|Brgl's rating: 1083 &rarr; <strong>1055</strong><br />(-28 for losing)\n|l|\u2606Brgl\n|player|p2|\n",
  "uploadtime": 1776257187,
  "views": 19,
  "formatid": "gen9championsvgc2026regma",
  "rating": 1049,
  "private": 0,
  "password": null
}