{
  "id": "gen9championsvgc2026regma-2580697755",
  "format": "[Gen 9 Champions] VGC 2026 Reg M-A",
  "players": [
    "OwlFaCeles",
    "Mr.Potatoo17"
  ],
  "log": "|j|\u2606OwlFaCeles\n|j|\u2606Mr.Potatoo17\n|t:|1775925149\n|gametype|doubles\n|player|p1|OwlFaCeles|jacinthe|1046\n|player|p2|Mr.Potatoo17|102|1113\n|gen|9\n|tier|[Gen 9 Champions] VGC 2026 Reg M-A\n|rated|\n|rule|Species Clause: Limit one of each Pok\u00e9mon\n|rule|Item Clause: Limit 1 of each item\n|clearpoke\n|poke|p1|Delphox, L50, F|\n|poke|p1|Whimsicott, L50, M|\n|poke|p1|Sneasler, L50, F|\n|poke|p1|Blastoise, L50, M|\n|poke|p1|Pelipper, L50, M|\n|poke|p1|Sinistcha-Masterpiece, L50|\n|poke|p2|Charizard, L50, M|\n|poke|p2|Sneasler, L50, F|\n|poke|p2|Maushold-Four, L50|\n|poke|p2|Dragapult, L50, F|\n|poke|p2|Kingambit, L50, F|\n|poke|p2|Garchomp, L50, M|\n|teampreview|4\n|inactive|Battle timer is ON: inactive players will automatically lose when time's up. (requested by Mr.Potatoo17)\n|\n|t:|1775925196\n|teamsize|p1|4\n|teamsize|p2|4\n|start\n|switch|p1a: Evil|Whimsicott, L50, M, shiny|100/100\n|switch|p1b: Delphox|Delphox, L50, F|100/100\n|switch|p2a: Charizard|Charizard, L50, M|100/100\n|switch|p2b: Sneasler|Sneasler, L50, F|100/100\n|turn|1\n|\n|t:|1775925218\n|detailschange|p2a: Charizard|Charizard-Mega-Y, L50, M\n|-mega|p2a: Charizard|Charizard|Charizardite Y\n|-weather|SunnyDay|[from] ability: Drought|[of] p2a: Charizard\n|move|p2b: Sneasler|Fake Out|p1b: Delphox\n|-damage|p1b: Delphox|83/100\n|move|p1a: Evil|Tailwind|p1a: Evil\n|-sidestart|p1: OwlFaCeles|move: Tailwind\n|cant|p1b: Delphox|flinch\n|move|p2a: Charizard|Heat Wave|p1b: Delphox|[spread] p1a,p1b\n|-supereffective|p1a: Evil|1\n|-resisted|p1b: Delphox|1\n|-enditem|p1a: Evil|Focus Sash\n|-damage|p1a: Evil|1/100\n|-damage|p1b: Delphox|51/100\n|\n|-weather|SunnyDay|[upkeep]\n|upkeep\n|turn|2\n|inactive|OwlFaCeles has 30 seconds left.\n|inactive|Mr.Potatoo17 has 30 seconds left.\n|inactive|OwlFaCeles has 20 seconds left.\n|\n|t:|1775925253\n|switch|p2b: Garchomp|Garchomp, L50, M|100/100\n|detailschange|p1b: Delphox|Delphox-Mega, L50, F\n|-mega|p1b: Delphox|Delphox|Delphoxite\n|move|p1a: Evil|Encore||[still]\n|-fail|p1a: Evil\n|move|p1b: Delphox|Nasty Plot|p1b: Delphox\n|-boost|p1b: Delphox|spa|2\n|move|p2a: Charizard|Heat Wave|p1a: Evil|[spread] p1a,p1b\n|-supereffective|p1a: Evil|1\n|-resisted|p1b: Delphox|1\n|-damage|p1a: Evil|0 fnt\n|-damage|p1b: Delphox|26/100\n|faint|p1a: Evil\n|\n|-weather|SunnyDay|[upkeep]\n|upkeep\n|\n|t:|1775925272\n|switch|p1a: Big Man|Blastoise, L50, M|100/100\n|turn|3\n|\n|t:|1775925291\n|move|p1b: Delphox|Protect|p1b: Delphox\n|-singleturn|p1b: Delphox|Protect\n|move|p1a: Big Man|Water Spout|p2b: Garchomp|[spread] p2a,p2b\n|-supereffective|p2a: Charizard|1\n|-crit|p2a: Charizard\n|-damage|p2a: Charizard|48/100\n|-damage|p2b: Garchomp|78/100\n|move|p2b: Garchomp|Rock Slide|p1a: Big Man|[spread] p1a\n|-activate|p1b: Delphox|move: Protect\n|-damage|p1a: Big Man|79/100\n|move|p2a: Charizard|Solar Beam||[still]\n|-prepare|p2a: Charizard|Solar Beam\n|-anim|p2a: Charizard|Solar Beam|p1a: Big Man\n|-supereffective|p1a: Big Man|1\n|-damage|p1a: Big Man|0 fnt\n|faint|p1a: Big Man\n|\n|-weather|SunnyDay|[upkeep]\n|upkeep\n|\n|t:|1775925310\n|switch|p1a: Sinistcha|Sinistcha-Masterpiece, L50|100/100\n|-heal|p1b: Delphox|51/100|[from] ability: Hospitality|[of] p1a: Sinistcha\n|turn|4\n|\n|t:|1775925333\n|switch|p2b: Maushold|Maushold-Four, L50|100/100\n|move|p1b: Delphox|Psychic|p2a: Charizard\n|-damage|p2a: Charizard|0 fnt\n|faint|p2a: Charizard\n|move|p1a: Sinistcha|Trick Room|p1a: Sinistcha\n|-fieldstart|move: Trick Room|[of] p1a: Sinistcha\n|\n|-weather|SunnyDay|[upkeep]\n|-sideend|p1: OwlFaCeles|move: Tailwind\n|upkeep\n|inactive|Mr.Potatoo17 has 30 seconds left.\n|\n|t:|1775925364\n|switch|p2a: Sneasler|Sneasler, L50, F|100/100\n|turn|5\n|\n|t:|1775925382\n|move|p1b: Delphox|Protect|p1b: Delphox\n|-singleturn|p1b: Delphox|Protect\n|move|p2b: Maushold|Follow Me|p2b: Maushold\n|-singleturn|p2b: Maushold|move: Follow Me\n|move|p1a: Sinistcha|Matcha Gotcha|p2b: Maushold|[spread] p2a,p2b\n|-resisted|p2a: Sneasler|1\n|-damage|p2a: Sneasler|88/100\n|-damage|p2b: Maushold|71/100\n|-status|p2a: Sneasler|brn\n|move|p2a: Sneasler|Dire Claw|p1b: Delphox\n|-activate|p1b: Delphox|move: Protect\n|\n|-weather|none\n|-damage|p2a: Sneasler|82/100 brn|[from] brn\n|upkeep\n|turn|6\n|inactive|OwlFaCeles has 30 seconds left.\n|inactive|OwlFaCeles has 20 seconds left.\n|inactive|OwlFaCeles has 15 seconds left.\n|\n|t:|1775925423\n|move|p2a: Sneasler|Feint|p1b: Delphox\n|-damage|p1b: Delphox|44/100\n|move|p1a: Sinistcha|Matcha Gotcha|p2b: Maushold|[spread] p2b\n|-miss|p1a: Sinistcha|p2a: Sneasler\n|-damage|p2b: Maushold|43/100\n|move|p1b: Delphox|Psychic|p2a: Sneasler\n|-supereffective|p2a: Sneasler|2\n|-damage|p2a: Sneasler|0 fnt\n|faint|p2a: Sneasler\n|move|p2b: Maushold|Super Fang|p1b: Delphox\n|-damage|p1b: Delphox|22/100\n|\n|upkeep\n|\n|t:|1775925435\n|switch|p2a: Garchomp|Garchomp, L50, M|78/100\n|turn|7\n|\n|t:|1775925451\n|move|p1b: Delphox|Protect|p1b: Delphox\n|-singleturn|p1b: Delphox|Protect\n|move|p2b: Maushold|Follow Me|p2b: Maushold\n|-singleturn|p2b: Maushold|move: Follow Me\n|move|p1a: Sinistcha|Matcha Gotcha|p2b: Maushold|[spread] p2a,p2b\n|-damage|p2a: Garchomp|59/100\n|-damage|p2b: Maushold|13/100\n|move|p2a: Garchomp|Rock Slide|p1a: Sinistcha|[spread] p1a\n|-activate|p1b: Delphox|move: Protect\n|-damage|p1a: Sinistcha|85/100\n|\n|-heal|p1a: Sinistcha|91/100|[from] item: Leftovers\n|upkeep\n|turn|8\n|\n|t:|1775925472\n|move|p2b: Maushold|Follow Me|p2b: Maushold\n|-singleturn|p2b: Maushold|move: Follow Me\n|move|p1a: Sinistcha|Matcha Gotcha|p2a: Garchomp|[spread] p2a\n|-miss|p1a: Sinistcha|p2b: Maushold\n|-damage|p2a: Garchomp|38/100\n|-heal|p1a: Sinistcha|100/100|[from] drain|[of] p2a: Garchomp\n|move|p1b: Delphox|Psychic|p2b: Maushold\n|-damage|p2b: Maushold|0 fnt\n|faint|p2b: Maushold\n|move|p2a: Garchomp|Rock Slide|p1a: Sinistcha|[spread] p1a,p1b\n|-supereffective|p1b: Delphox|1\n|-damage|p1a: Sinistcha|85/100\n|-damage|p1b: Delphox|0 fnt\n|faint|p1b: Delphox\n|\n|-heal|p1a: Sinistcha|92/100|[from] item: Leftovers\n|-fieldend|move: Trick Room\n|upkeep\n|turn|9\n|\n|t:|1775925492\n|move|p2a: Garchomp|Rock Slide|p1a: Sinistcha\n|-damage|p1a: Sinistcha|70/100\n|move|p1a: Sinistcha|Matcha Gotcha|p2a: Garchomp\n|-damage|p2a: Garchomp|4/100\n|-heal|p1a: Sinistcha|88/100|[from] drain|[of] p2a: Garchomp\n|\n|-heal|p1a: Sinistcha|94/100|[from] item: Leftovers\n|upkeep\n|turn|10\n|\n|t:|1775925502\n|move|p2a: Garchomp|Rock Slide|p1a: Sinistcha\n|-damage|p1a: Sinistcha|72/100\n|cant|p1a: Sinistcha|flinch\n|\n|-heal|p1a: Sinistcha|78/100|[from] item: Leftovers\n|upkeep\n|turn|11\n|\n|t:|1775925508\n|move|p2a: Garchomp|Rock Slide|p1a: Sinistcha\n|-damage|p1a: Sinistcha|55/100\n|move|p1a: Sinistcha|Matcha Gotcha|p2a: Garchomp\n|-damage|p2a: Garchomp|0 fnt\n|-heal|p1a: Sinistcha|57/100|[from] drain|[of] p2a: Garchomp\n|faint|p2a: Garchomp\n|\n|win|OwlFaCeles\n|raw|OwlFaCeles's rating: 1046 &rarr; <strong>1085</strong><br />(+39 for winning)\n|raw|Mr.Potatoo17's rating: 1113 &rarr; <strong>1083</strong><br />(-30 for losing)\n",
  "uploadtime": 1775925514,
  "views": 24,
  "formatid": "gen9championsvgc2026regma",
  "rating": 1083,
  "private": 0,
  "password": null
}