{
  "id": "gen9championsvgc2026regma-2580809535",
  "format": "[Gen 9 Champions] VGC 2026 Reg M-A",
  "players": [
    "Ozempic Glorp",
    "cg2789012"
  ],
  "log": "|j|\u2606Ozempic Glorp\n|j|\u2606cg2789012\n|t:|1775934259\n|gametype|doubles\n|player|p1|Ozempic Glorp|hilda-wonderlauncher|1098\n|player|p2|cg2789012|roxie|1000\n|gen|9\n|tier|[Gen 9 Champions] VGC 2026 Reg M-A\n|rated|\n|rule|Species Clause: Limit one of each Pok\u00e9mon\n|rule|Item Clause: Limit 1 of each item\n|clearpoke\n|poke|p1|Froslass, L50, F|\n|poke|p1|Rotom-Frost, L50|\n|poke|p1|Basculegion, L50, M|\n|poke|p1|Incineroar, L50, M|\n|poke|p1|Orthworm, L50, M|\n|poke|p1|Garchomp, L50, M|\n|poke|p2|Delphox, L50, M|\n|poke|p2|Clefable, L50, M|\n|poke|p2|Whimsicott, L50, F|\n|poke|p2|Aegislash, L50, F|\n|poke|p2|Palafin, L50, F|\n|poke|p2|Kingambit, L50, M|\n|teampreview|4\n|inactive|Battle timer is ON: inactive players will automatically lose when time's up. (requested by cg2789012)\n|inactive|Ozempic Glorp also wants the timer to be on.\n|\n|t:|1775934288\n|teamsize|p1|4\n|teamsize|p2|4\n|start\n|switch|p1a: Wolfey|Incineroar, L50, M|100/100\n|switch|p1b: Jim|Orthworm, L50, M, shiny|100/100\n|switch|p2a: Delphox|Delphox, L50, M|100/100\n|switch|p2b: Clefable|Clefable, L50, M|100/100\n|-ability|p1a: Wolfey|Intimidate|boost\n|-unboost|p2a: Delphox|atk|1\n|-unboost|p2b: Clefable|atk|1\n|turn|1\n|\n|t:|1775934304\n|move|p1a: Wolfey|Fake Out|p2a: Delphox\n|-damage|p2a: Delphox|83/100\n|move|p2b: Clefable|Follow Me|p2b: Clefable\n|-singleturn|p2b: Clefable|move: Follow Me\n|cant|p2a: Delphox|flinch\n|move|p1b: Jim|Shed Tail|p1b: Jim\n|-start|p1b: Jim|Substitute|[from] move: Shed Tail\n|-damage|p1b: Jim|50/100\n|-enditem|p1b: Jim|Sitrus Berry|[eat]\n|-heal|p1b: Jim|75/100|[from] item: Sitrus Berry\n|\n|t:|1775934314\n|switch|p1b: Frossussy|Froslass, L50, F, shiny|100/100|[from] Shed Tail\n|\n|upkeep\n|turn|2\n|inactive|cg2789012 has 30 seconds left.\n|\n|t:|1775934343\n|detailschange|p1b: Frossussy|Froslass-Mega, L50, F, shiny\n|-mega|p1b: Frossussy|Froslass|Froslassite\n|-weather|Snowscape|[from] ability: Snow Warning|[of] p1b: Frossussy\n|move|p2b: Clefable|Follow Me|p2b: Clefable\n|-singleturn|p2b: Clefable|move: Follow Me\n|move|p1b: Frossussy|Nasty Plot|p1b: Frossussy\n|-boost|p1b: Frossussy|spa|2\n|move|p2a: Delphox|Nasty Plot|p2a: Delphox\n|-boost|p2a: Delphox|spa|2\n|move|p1a: Wolfey|Throat Chop|p2b: Clefable\n|-resisted|p2b: Clefable|1\n|-damage|p2b: Clefable|86/100\n|-start|p2b: Clefable|Throat Chop|[silent]\n|\n|-weather|Snowscape|[upkeep]\n|upkeep\n|turn|3\n|\n|t:|1775934364\n|move|p2b: Clefable|Follow Me|p2b: Clefable\n|-singleturn|p2b: Clefable|move: Follow Me\n|move|p1b: Frossussy|Shadow Ball|p2b: Clefable\n|-damage|p2b: Clefable|13/100\n|-enditem|p2b: Clefable|Sitrus Berry|[eat]\n|-heal|p2b: Clefable|37/100|[from] item: Sitrus Berry\n|move|p2a: Delphox|Nasty Plot|p2a: Delphox\n|-boost|p2a: Delphox|spa|2\n|move|p1a: Wolfey|Parting Shot|p2b: Clefable\n|-unboost|p2b: Clefable|atk|1\n|-unboost|p2b: Clefable|spa|1\n|\n|t:|1775934379\n|switch|p1a: Jim|Orthworm, L50, M, shiny|75/100|[from] Parting Shot\n|\n|-weather|Snowscape|[upkeep]\n|-end|p2b: Clefable|Throat Chop|[silent]\n|upkeep\n|turn|4\n|\n|t:|1775934395\n|move|p2b: Clefable|Follow Me|p2b: Clefable\n|-singleturn|p2b: Clefable|move: Follow Me\n|move|p1b: Frossussy|Shadow Ball|p2b: Clefable\n|-damage|p2b: Clefable|0 fnt\n|faint|p2b: Clefable\n|move|p2a: Delphox|Nasty Plot|p2a: Delphox\n|-boost|p2a: Delphox|spa|2\n|move|p1a: Jim|Shed Tail|p1a: Jim\n|-start|p1a: Jim|Substitute|[from] move: Shed Tail\n|-damage|p1a: Jim|25/100\n|\n|t:|1775934406\n|switch|p1a: Wolfey|Incineroar, L50, M|100/100|[from] Shed Tail\n|-ability|p1a: Wolfey|Intimidate|boost\n|-unboost|p2a: Delphox|atk|1\n|\n|-weather|Snowscape|[upkeep]\n|upkeep\n|\n|t:|1775934411\n|switch|p2b: Palafin|Palafin, L50, F|100/100\n|turn|5\n|\n|t:|1775934426\n|detailschange|p2a: Delphox|Delphox-Mega, L50, M\n|-mega|p2a: Delphox|Delphox|Delphoxite\n|move|p1a: Wolfey|Fake Out|p2b: Palafin\n|-damage|p2b: Palafin|85/100\n|cant|p2b: Palafin|flinch\n|move|p1b: Frossussy|Shadow Ball|p2a: Delphox\n|-supereffective|p2a: Delphox|1\n|-damage|p2a: Delphox|0 fnt\n|faint|p2a: Delphox\n|\n|-weather|Snowscape|[upkeep]\n|upkeep\n|-message|cg2789012 forfeited.\n|\n|win|Ozempic Glorp\n|raw|Ozempic Glorp's rating: 1098 &rarr; <strong>1116</strong><br />(+18 for winning)\n|raw|cg2789012's rating: 1000 &rarr; <strong>1000</strong><br />(+0 for losing)\n|l|\u2606cg2789012\n|player|p2|\n",
  "uploadtime": 1775934452,
  "views": 14,
  "formatid": "gen9championsvgc2026regma",
  "rating": 1000,
  "private": 0,
  "password": null
}