{
  "id": "gen9championsvgc2026regma-2584571319",
  "format": "[Gen 9 Champions] VGC 2026 Reg M-A",
  "players": [
    "Zeroarck76",
    "radginio"
  ],
  "log": "|j|\u2606Zeroarck76\n|j|\u2606radginio\n|t:|1776269501\n|gametype|doubles\n|player|p1|Zeroarck76|petrel|1010\n|player|p2|radginio|ghetsis|1104\n|gen|9\n|tier|[Gen 9 Champions] VGC 2026 Reg M-A\n|rated|\n|rule|Species Clause: Limit one of each Pok\u00e9mon\n|rule|Item Clause: Limit 1 of each item\n|clearpoke\n|poke|p1|Crabominable, L50, M|\n|poke|p1|Farigiraf, L50, F|\n|poke|p1|Torkoal, L50, F|\n|poke|p1|Sinistcha, L50|\n|poke|p1|Gallade, L50, M|\n|poke|p1|Sableye, L50, M|\n|poke|p2|Alakazam, L50, F|\n|poke|p2|Drampa, L50, M|\n|poke|p2|Sinistcha-Masterpiece, L50|\n|poke|p2|Pelipper, L50, F|\n|poke|p2|Basculegion, L50, M|\n|poke|p2|Scizor, L50, M|\n|teampreview|4\n|\n|t:|1776269527\n|teamsize|p1|4\n|teamsize|p2|4\n|start\n|switch|p1a: Farigiraf|Farigiraf, L50, F|100/100\n|switch|p1b: Sinistcha|Sinistcha, L50|100/100\n|switch|p2a: Alakazam|Alakazam, L50, F|100/100\n|switch|p2b: Drampa|Drampa, L50, M|100/100\n|turn|1\n|inactive|Battle timer is ON: inactive players will automatically lose when time's up. (requested by Zeroarck76)\n|\n|t:|1776269644\n|move|p2a: Alakazam|Psychic|p1b: Sinistcha\n|-damage|p1b: Sinistcha|53/100\n|move|p1b: Sinistcha|Matcha Gotcha|p2b: Drampa|[spread] p2a,p2b\n|-resisted|p2b: Drampa|1\n|-damage|p2a: Alakazam|69/100\n|-heal|p1b: Sinistcha|65/100|[from] drain|[of] p2a: Alakazam\n|-damage|p2b: Drampa|89/100\n|-heal|p1b: Sinistcha|71/100|[from] drain|[of] p2b: Drampa\n|move|p2b: Drampa|Calm Mind|p2b: Drampa\n|-boost|p2b: Drampa|spa|1\n|-boost|p2b: Drampa|spd|1\n|move|p1a: Farigiraf|Trick Room|p1a: Farigiraf\n|-fieldstart|move: Trick Room|[of] p1a: Farigiraf\n|\n|upkeep\n|turn|2\n|inactive|radginio has 30 seconds left.\n|inactive|Zeroarck76 has 30 seconds left.\n|inactive|radginio has 20 seconds left.\n|inactive|Zeroarck76 has 20 seconds left.\n|inactive|Zeroarck76 has 15 seconds left.\n|\n|t:|1776269690\n|switch|p1a: Crabominable|Crabominable, L50, M|100/100\n|move|p1b: Sinistcha|Rage Powder|p1b: Sinistcha\n|-singleturn|p1b: Sinistcha|move: Rage Powder\n|move|p2b: Drampa|Earth Power|p1b: Sinistcha\n|-resisted|p1b: Sinistcha|1\n|-damage|p1b: Sinistcha|50/100\n|move|p2a: Alakazam|Light Screen|p2a: Alakazam\n|-sidestart|p2: radginio|move: Light Screen\n|\n|upkeep\n|turn|3\n|\n|t:|1776269711\n|detailschange|p1a: Crabominable|Crabominable-Mega, L50, M\n|-mega|p1a: Crabominable|Crabominable|Crabominite\n|move|p2b: Drampa|Protect|p2b: Drampa\n|-singleturn|p2b: Drampa|Protect\n|move|p1a: Crabominable|Ice Punch|p2b: Drampa\n|-activate|p2b: Drampa|move: Protect\n|move|p1b: Sinistcha|Matcha Gotcha|p2a: Alakazam|[spread] p2a\n|-activate|p2b: Drampa|move: Protect\n|-damage|p2a: Alakazam|44/100\n|-heal|p1b: Sinistcha|59/100|[from] drain|[of] p2a: Alakazam\n|move|p2a: Alakazam|Reflect|p2a: Alakazam\n|-sidestart|p2: radginio|Reflect\n|\n|upkeep\n|turn|4\n|inactive|radginio has 30 seconds left.\n|\n|t:|1776269738\n|move|p1a: Crabominable|Ice Punch|p2b: Drampa\n|-supereffective|p2b: Drampa|1\n|-damage|p2b: Drampa|0 fnt\n|faint|p2b: Drampa\n|move|p1b: Sinistcha|Matcha Gotcha|p2a: Alakazam|[miss]\n|-miss|p1b: Sinistcha|p2a: Alakazam\n|move|p2a: Alakazam|Psychic|p1b: Sinistcha\n|-damage|p1b: Sinistcha|16/100\n|\n|upkeep\n|\n|t:|1776269751\n|switch|p2b: Pelipper|Pelipper, L50, F|100/100\n|-weather|RainDance|[from] ability: Drizzle|[of] p2b: Pelipper\n|turn|5\n|\n|t:|1776269763\n|switch|p1b: Farigiraf|Farigiraf, L50, F|100/100\n|move|p1a: Crabominable|Protect|p1a: Crabominable\n|-singleturn|p1a: Crabominable|Protect\n|move|p2b: Pelipper|Hurricane|p1b: Farigiraf\n|-damage|p1b: Farigiraf|51/100\n|-start|p1b: Farigiraf|confusion\n|move|p2a: Alakazam|Psychic|p1a: Crabominable\n|-activate|p1a: Crabominable|move: Protect\n|\n|-weather|RainDance|[upkeep]\n|-fieldend|move: Trick Room\n|upkeep\n|turn|6\n|inactive|radginio has 30 seconds left.\n|\n|t:|1776269791\n|switch|p1a: Sinistcha|Sinistcha, L50|16/100\n|-heal|p1b: Farigiraf|76/100|[from] ability: Hospitality|[of] p1a: Sinistcha\n|move|p2a: Alakazam|Psychic|p1a: Sinistcha\n|-damage|p1a: Sinistcha|0 fnt\n|faint|p1a: Sinistcha\n|move|p2b: Pelipper|Weather Ball|p1b: Farigiraf\n|-damage|p1b: Farigiraf|15/100\n|-enditem|p1b: Farigiraf|Sitrus Berry|[eat]\n|-heal|p1b: Farigiraf|40/100|[from] item: Sitrus Berry\n|-activate|p1b: Farigiraf|confusion\n|move|p1b: Farigiraf|Trick Room|p1b: Farigiraf\n|-fieldstart|move: Trick Room|[of] p1b: Farigiraf\n|\n|-weather|RainDance|[upkeep]\n|-sideend|p2: radginio|move: Light Screen\n|upkeep\n|\n|t:|1776269809\n|switch|p1a: Crabominable|Crabominable-Mega, L50, M|100/100\n|turn|7\n|\n|t:|1776269822\n|move|p1a: Crabominable|Ice Punch|p2a: Alakazam\n|-damage|p2a: Alakazam|0 fnt\n|faint|p2a: Alakazam\n|-end|p1b: Farigiraf|confusion\n|move|p1b: Farigiraf|Psychic|p2b: Pelipper\n|-damage|p2b: Pelipper|22/100\n|move|p2b: Pelipper|Weather Ball|p1b: Farigiraf\n|-damage|p1b: Farigiraf|0 fnt\n|faint|p1b: Farigiraf\n|\n|-weather|RainDance|[upkeep]\n|-sideend|p2: radginio|Reflect\n|upkeep\n|\n|t:|1776269837\n|switch|p1b: Torkoal|Torkoal, L50, F|100/100\n|switch|p2a: Sinistcha|Sinistcha-Masterpiece, L50|100/100\n|-weather|SunnyDay|[from] ability: Drought|[of] p1b: Torkoal\n|-heal|p2b: Pelipper|46/100|[from] ability: Hospitality|[of] p2a: Sinistcha\n|turn|8\n|\n|t:|1776269853\n|move|p2b: Pelipper|Protect|p2b: Pelipper\n|-singleturn|p2b: Pelipper|Protect\n|move|p1b: Torkoal|Solar Beam||[still]\n|-prepare|p1b: Torkoal|Solar Beam\n|-anim|p1b: Torkoal|Solar Beam|p2a: Sinistcha\n|-resisted|p2a: Sinistcha|1\n|-damage|p2a: Sinistcha|81/100\n|move|p1a: Crabominable|Ice Punch|p2a: Sinistcha\n|-supereffective|p2a: Sinistcha|1\n|-damage|p2a: Sinistcha|0 fnt\n|faint|p2a: Sinistcha\n|\n|-weather|SunnyDay|[upkeep]\n|upkeep\n|turn|9\n|\n|t:|1776269870\n|move|p1b: Torkoal|Solar Beam||[still]\n|-prepare|p1b: Torkoal|Solar Beam\n|-anim|p1b: Torkoal|Solar Beam|p2b: Pelipper\n|-damage|p2b: Pelipper|0 fnt\n|faint|p2b: Pelipper\n|\n|win|Zeroarck76\n|raw|Zeroarck76's rating: 1010 &rarr; <strong>1059</strong><br />(+49 for winning)\n|raw|radginio's rating: 1104 &rarr; <strong>1072</strong><br />(-32 for losing)\n|l|\u2606radginio\n|player|p2|\n",
  "uploadtime": 1776269880,
  "views": 18,
  "formatid": "gen9championsvgc2026regma",
  "rating": 1059,
  "private": 0,
  "password": null
}