{
  "id": "gen9championsvgc2026regma-2588693595",
  "format": "[Gen 9 Champions] VGC 2026 Reg M-A",
  "players": [
    "buske",
    "Kitsune.Post"
  ],
  "log": "|j|\u2606buske\n|j|\u2606Kitsune.Post\n|t:|1776658515\n|gametype|doubles\n|player|p1|buske|169|1116\n|player|p2|Kitsune.Post|medium|1113\n|gen|9\n|tier|[Gen 9 Champions] VGC 2026 Reg M-A\n|rated|\n|rule|Species Clause: Limit one of each Pok\u00e9mon\n|rule|Item Clause: Limit 1 of each item\n|clearpoke\n|poke|p1|Lucario, L50, M|\n|poke|p1|Espathra, L50, M|\n|poke|p1|Ninetales-Alola, L50, F|\n|poke|p1|Feraligatr, L50, M|\n|poke|p1|Incineroar, L50, F|\n|poke|p1|Sinistcha, L50|\n|poke|p2|Sneasler, L50, M|\n|poke|p2|Garchomp, L50, M|\n|poke|p2|Skarmory, L50, M|\n|poke|p2|Floette-Eternal, L50, F|\n|poke|p2|Zoroark-Hisui, L50, M|\n|poke|p2|Whimsicott, L50, M|\n|teampreview|4\n|inactive|Battle timer is ON: inactive players will automatically lose when time's up. (requested by Kitsune.Post)\n|\n|t:|1776658550\n|teamsize|p1|4\n|teamsize|p2|4\n|start\n|switch|p1a: Espathra|Espathra, L50, M|100/100\n|switch|p1b: Incineroar|Incineroar, L50, F|100/100\n|switch|p2a: Whimsicott|Whimsicott, L50, M|100/100\n|switch|p2b: Sneasler|Sneasler, L50, M|100/100\n|-ability|p1b: Incineroar|Intimidate|boost\n|-unboost|p2a: Whimsicott|atk|1\n|-unboost|p2b: Sneasler|atk|1\n|-enditem|p2b: Sneasler|White Herb\n|-clearnegativeboost|p2b: Sneasler|[silent]\n|turn|1\n|\n|t:|1776658572\n|move|p2b: Sneasler|Upper Hand|p1b: Incineroar\n|-supereffective|p1b: Incineroar|1\n|-damage|p1b: Incineroar|32/100\n|cant|p1b: Incineroar|flinch\n|move|p2a: Whimsicott|Tailwind|p2a: Whimsicott\n|-sidestart|p2: Kitsune.Post|move: Tailwind\n|move|p1a: Espathra|Calm Mind|p1a: Espathra\n|-boost|p1a: Espathra|spa|1\n|-boost|p1a: Espathra|spd|1\n|\n|-ability|p1a: Espathra|Speed Boost|boost\n|-boost|p1a: Espathra|spe|1\n|upkeep\n|turn|2\n|inactive|Kitsune.Post has 30 seconds left.\n|\n|t:|1776658606\n|move|p2a: Whimsicott|Encore|p1a: Espathra\n|-start|p1a: Espathra|Encore\n|move|p2b: Sneasler|Low Kick|p1b: Incineroar\n|-supereffective|p1b: Incineroar|1\n|-damage|p1b: Incineroar|0 fnt\n|faint|p1b: Incineroar\n|move|p1a: Espathra|Calm Mind|p1a: Espathra\n|-boost|p1a: Espathra|spa|1\n|-boost|p1a: Espathra|spd|1\n|\n|-ability|p1a: Espathra|Speed Boost|boost\n|-boost|p1a: Espathra|spe|1\n|upkeep\n|\n|t:|1776658618\n|switch|p1b: Sinistcha|Sinistcha, L50|100/100\n|turn|3\n|\n|t:|1776658638\n|switch|p2a: Garchomp|Garchomp, L50, M|100/100\n|move|p2b: Sneasler|Dire Claw|p1b: Sinistcha\n|-damage|p1b: Sinistcha|59/100\n|move|p1a: Espathra|Calm Mind|p1a: Espathra\n|-boost|p1a: Espathra|spa|1\n|-boost|p1a: Espathra|spd|1\n|move|p1b: Sinistcha|Scald|p2b: Sneasler\n|-damage|p2b: Sneasler|68/100\n|-status|p2b: Sneasler|brn\n|\n|-damage|p2b: Sneasler|62/100 brn|[from] brn\n|-ability|p1a: Espathra|Speed Boost|boost\n|-boost|p1a: Espathra|spe|1\n|upkeep\n|turn|4\n|\n|t:|1776658659\n|switch|p2b: Whimsicott|Whimsicott, L50, M|100/100\n|move|p2a: Garchomp|Shadow Claw|p1a: Espathra\n|-supereffective|p1a: Espathra|1\n|-damage|p1a: Espathra|46/100\n|move|p1a: Espathra|Calm Mind|p1a: Espathra\n|-boost|p1a: Espathra|spa|1\n|-boost|p1a: Espathra|spd|1\n|move|p1b: Sinistcha|Matcha Gotcha|p2b: Whimsicott|[spread] p2a,p2b\n|-resisted|p2b: Whimsicott|1\n|-damage|p2a: Garchomp|70/100\n|-heal|p1b: Sinistcha|79/100|[from] drain|[of] p2a: Garchomp\n|-damage|p2b: Whimsicott|83/100\n|-heal|p1b: Sinistcha|89/100|[from] drain|[of] p2b: Whimsicott\n|-status|p2a: Garchomp|brn\n|-status|p2b: Whimsicott|brn\n|\n|-heal|p1a: Espathra|52/100|[from] item: Leftovers\n|-damage|p2a: Garchomp|64/100 brn|[from] brn\n|-damage|p2b: Whimsicott|77/100 brn|[from] brn\n|-end|p1a: Espathra|Encore\n|-sideend|p2: Kitsune.Post|move: Tailwind\n|-ability|p1a: Espathra|Speed Boost|boost\n|-boost|p1a: Espathra|spe|1\n|upkeep\n|turn|5\n|inactive|buske has 30 seconds left.\n|\n|t:|1776658688\n|move|p2b: Whimsicott|Encore|p1a: Espathra\n|-start|p1a: Espathra|Encore\n|move|p1a: Espathra|Calm Mind|p1a: Espathra\n|-boost|p1a: Espathra|spa|1\n|-boost|p1a: Espathra|spd|1\n|move|p2a: Garchomp|Shadow Claw|p1a: Espathra\n|-supereffective|p1a: Espathra|1\n|-damage|p1a: Espathra|24/100\n|move|p1b: Sinistcha|Scald|p2a: Garchomp\n|-crit|p2a: Garchomp\n|-damage|p2a: Garchomp|26/100 brn\n|\n|-heal|p1a: Espathra|30/100|[from] item: Leftovers\n|-damage|p2a: Garchomp|20/100 brn|[from] brn\n|-damage|p2b: Whimsicott|71/100 brn|[from] brn\n|-ability|p1a: Espathra|Speed Boost|boost\n|-boost|p1a: Espathra|spe|1\n|upkeep\n|turn|6\n|\n|t:|1776658713\n|move|p2b: Whimsicott|Encore|p1b: Sinistcha\n|-start|p1b: Sinistcha|Encore\n|move|p1a: Espathra|Calm Mind|p1a: Espathra\n|-boost|p1a: Espathra|spa|1\n|-boost|p1a: Espathra|spd|1\n|move|p2a: Garchomp|Shadow Claw|p1a: Espathra\n|-supereffective|p1a: Espathra|1\n|-damage|p1a: Espathra|3/100\n|move|p1b: Sinistcha|Scald|p2a: Garchomp\n|-damage|p2a: Garchomp|0 fnt\n|faint|p2a: Garchomp\n|\n|-heal|p1a: Espathra|9/100|[from] item: Leftovers\n|-damage|p2b: Whimsicott|65/100 brn|[from] brn\n|-ability|p1a: Espathra|Speed Boost|boost\n|-boost|p1a: Espathra|spe|1\n|upkeep\n|\n|t:|1776658729\n|switch|p2a: Sneasler|Sneasler, L50, M|62/100 brn\n|turn|7\n|\n|t:|1776658746\n|switch|p1a: Lucario|Lucario, L50, M|100/100\n|switch|p2b: Floette|Floette-Eternal, L50, F|100/100\n|move|p2a: Sneasler|Dire Claw|p1a: Lucario\n|-immune|p1a: Lucario\n|move|p1b: Sinistcha|Scald|p2a: Sneasler\n|-damage|p2a: Sneasler|28/100 brn\n|\n|-damage|p2a: Sneasler|22/100 brn|[from] brn\n|upkeep\n|turn|8\n|\n|t:|1776658766\n|switch|p2a: Whimsicott|Whimsicott, L50, M|65/100 brn\n|switch|p1b: Espathra|Espathra, L50, M|9/100\n|detailschange|p1a: Lucario|Lucario-Mega, L50, M\n|-mega|p1a: Lucario|Lucario|Lucarionite\n|move|p2b: Floette|Protect|p2b: Floette\n|-singleturn|p2b: Floette|Protect\n|move|p1a: Lucario|Flash Cannon|p2b: Floette\n|-activate|p2b: Floette|move: Protect\n|\n|-heal|p1b: Espathra|15/100|[from] item: Leftovers\n|-damage|p2a: Whimsicott|59/100 brn|[from] brn\n|upkeep\n|turn|9\n|inactive|buske has 30 seconds left.\n|\n|t:|1776658798\n|detailschange|p2b: Floette|Floette-Mega, L50, F\n|-mega|p2b: Floette|Floette|Floettite\n|-ability|p2b: Floette|Fairy Aura\n|move|p2a: Whimsicott|Tailwind|p2a: Whimsicott\n|-sidestart|p2: Kitsune.Post|move: Tailwind\n|move|p2b: Floette|Light of Ruin|p1a: Lucario\n|-damage|p1a: Lucario|0 fnt\n|faint|p1a: Lucario\n|-damage|p2b: Floette|60/100|[from] Recoil\n|move|p1b: Espathra|Lumina Crash|p2b: Floette\n|-damage|p2b: Floette|37/100\n|-unboost|p2b: Floette|spd|2\n|\n|-heal|p1b: Espathra|21/100|[from] item: Leftovers\n|-damage|p2a: Whimsicott|53/100 brn|[from] brn\n|-ability|p1b: Espathra|Speed Boost|boost\n|-boost|p1b: Espathra|spe|1\n|upkeep\n|\n|t:|1776658815\n|switch|p1a: Sinistcha|Sinistcha, L50|89/100\n|-heal|p1b: Espathra|46/100|[from] ability: Hospitality|[of] p1a: Sinistcha\n|turn|10\n|\n|t:|1776658833\n|move|p2a: Whimsicott|Encore|p1b: Espathra\n|-start|p1b: Espathra|Encore\n|move|p2b: Floette|Draining Kiss|p1b: Espathra\n|-damage|p1b: Espathra|0 fnt\n|-heal|p2b: Floette|70/100|[from] drain|[of] p1b: Espathra\n|faint|p1b: Espathra\n|move|p1a: Sinistcha|Matcha Gotcha|p2a: Whimsicott|[spread] p2a,p2b\n|-resisted|p2a: Whimsicott|1\n|-damage|p2a: Whimsicott|33/100 brn\n|-heal|p1a: Sinistcha|100/100|[from] drain|[of] p2a: Whimsicott\n|-damage|p2b: Floette|33/100\n|\n|-damage|p2a: Whimsicott|27/100 brn|[from] brn\n|upkeep\n|turn|11\n|\n|t:|1776658851\n|move|p2a: Whimsicott|Protect|p2a: Whimsicott\n|-singleturn|p2a: Whimsicott|Protect\n|move|p2b: Floette|Light of Ruin|p1a: Sinistcha\n|-damage|p1a: Sinistcha|0 fnt\n|faint|p1a: Sinistcha\n|-damage|p2b: Floette|0 fnt|[from] Recoil\n|faint|p2b: Floette\n|\n|win|Kitsune.Post\n|raw|buske's rating: 1116 &rarr; <strong>1091</strong><br />(-25 for losing)\n|raw|Kitsune.Post's rating: 1113 &rarr; <strong>1138</strong><br />(+25 for winning)\n|l|\u2606buske\n|player|p1|\n",
  "uploadtime": 1776658865,
  "views": 13,
  "formatid": "gen9championsvgc2026regma",
  "rating": 1091,
  "private": 0,
  "password": null
}