{
  "id": "gen9championsvgc2026regma-2586963008",
  "format": "[Gen 9 Champions] VGC 2026 Reg M-A",
  "players": [
    "SkelyStealth",
    "catpotatt"
  ],
  "log": "|j|\u2606SkelyStealth\n|j|\u2606catpotatt\n|t:|1776476105\n|gametype|doubles\n|player|p1|SkelyStealth|yellow|1501\n|player|p2|catpotatt|roxie|1454\n|gen|9\n|tier|[Gen 9 Champions] VGC 2026 Reg M-A\n|rated|\n|rule|Species Clause: Limit one of each Pok\u00e9mon\n|rule|Item Clause: Limit 1 of each item\n|clearpoke\n|poke|p1|Farigiraf, L50, F|\n|poke|p1|Mimikyu, L50, F|\n|poke|p1|Incineroar, L50, F|\n|poke|p1|Torkoal, L50, F|\n|poke|p1|Crabominable, L50, F|\n|poke|p1|Scovillain, L50, M|\n|poke|p2|Floette-Eternal, L50, F|\n|poke|p2|Whimsicott, L50, M|\n|poke|p2|Gengar, L50, F|\n|poke|p2|Rotom-Wash, L50|\n|poke|p2|Tyranitar, L50, F|\n|poke|p2|Araquanid, L50, F|\n|teampreview|4\n|inactive|Battle timer is ON: inactive players will automatically lose when time's up. (requested by SkelyStealth)\n|inactive|SkelyStealth has 60 seconds left.\n|\n|t:|1776476151\n|teamsize|p1|4\n|teamsize|p2|4\n|start\n|switch|p1a: I'm Nobody|Mimikyu, L50, F|100/100\n|switch|p1b: Lazy Cat|Incineroar, L50, F|100/100\n|switch|p2a: Gengar|Gengar, L50, F|100/100\n|switch|p2b: Tyranitar|Tyranitar, L50, F|100/100\n|-weather|Sandstorm|[from] ability: Sand Stream|[of] p2b: Tyranitar\n|-ability|p1b: Lazy Cat|Intimidate|boost\n|-unboost|p2a: Gengar|atk|1\n|-unboost|p2b: Tyranitar|atk|1\n|turn|1\n|inactive|catpotatt has 30 seconds left.\n|\n|t:|1776476177\n|switch|p2a: Araquanid|Araquanid, L50, F|100/100\n|move|p1b: Lazy Cat|Fake Out|p2b: Tyranitar\n|-resisted|p2b: Tyranitar|1\n|-damage|p2b: Tyranitar|94/100\n|cant|p2b: Tyranitar|flinch\n|move|p1a: I'm Nobody|Trick Room|p1a: I'm Nobody\n|-fieldstart|move: Trick Room|[of] p1a: I'm Nobody\n|\n|-weather|Sandstorm|[upkeep]\n|-damage|p2a: Araquanid|95/100|[from] Sandstorm\n|-damage|p1b: Lazy Cat|95/100|[from] Sandstorm\n|-damage|p1a: I'm Nobody|94/100|[from] Sandstorm\n|upkeep\n|turn|2\n|\n|t:|1776476189\n|switch|p1b: Sun's up|Torkoal, L50, F|100/100\n|-weather|SunnyDay|[from] ability: Drought|[of] p1b: Sun's up\n|move|p2a: Araquanid|Liquidation|p1b: Sun's up\n|-supereffective|p1b: Sun's up|1\n|-damage|p1b: Sun's up|38/100\n|move|p1a: I'm Nobody|Play Rough|p2a: Araquanid\n|-damage|p2a: Araquanid|47/100\n|move|p2b: Tyranitar|Rock Slide|p1a: I'm Nobody|[spread] p1a,p1b\n|-supereffective|p1b: Sun's up|1\n|-activate|p1a: I'm Nobody|ability: Disguise\n|-damage|p1a: I'm Nobody|94/100\n|-damage|p1b: Sun's up|4/100\n|detailschange|p1a: I'm Nobody|Mimikyu-Busted, L50, F\n|-damage|p1a: I'm Nobody|82/100|[from] pokemon: Mimikyu-Busted\n|\n|-weather|SunnyDay|[upkeep]\n|upkeep\n|turn|3\n|inactive|SkelyStealth has 30 seconds left.\n|inactive|catpotatt has 30 seconds left.\n|\n|t:|1776476223\n|switch|p1b: Lazy Cat|Incineroar, L50, F|95/100\n|-ability|p1b: Lazy Cat|Intimidate|boost\n|-unboost|p2a: Araquanid|atk|1\n|-unboost|p2b: Tyranitar|atk|1\n|move|p2a: Araquanid|Wide Guard|p2a: Araquanid\n|-singleturn|p2a: Araquanid|Wide Guard\n|move|p1a: I'm Nobody|Play Rough|p2b: Tyranitar\n|-supereffective|p2b: Tyranitar|1\n|-damage|p2b: Tyranitar|16/100\n|move|p2b: Tyranitar|Knock Off|p1b: Lazy Cat\n|-resisted|p1b: Lazy Cat|1\n|-damage|p1b: Lazy Cat|82/100\n|-enditem|p1b: Lazy Cat|White Herb|[from] move: Knock Off|[of] p2b: Tyranitar\n|\n|-weather|SunnyDay|[upkeep]\n|upkeep\n|turn|4\n|j| PokaPK\n|\n|t:|1776476245\n|switch|p2b: Rotom|Rotom-Wash, L50|100/100\n|move|p2a: Araquanid|Liquidation|p1b: Lazy Cat\n|-supereffective|p1b: Lazy Cat|1\n|-damage|p1b: Lazy Cat|32/100\n|move|p1b: Lazy Cat|Flare Blitz|p2b: Rotom\n|-resisted|p2b: Rotom|1\n|-damage|p2b: Rotom|41/100\n|-status|p2b: Rotom|brn\n|-damage|p1b: Lazy Cat|19/100|[from] Recoil\n|move|p1a: I'm Nobody|Play Rough|p2a: Araquanid\n|-damage|p2a: Araquanid|4/100\n|\n|-weather|SunnyDay|[upkeep]\n|-damage|p2b: Rotom|36/100 brn|[from] brn\n|upkeep\n|turn|5\n|inactive|catpotatt has 30 seconds left.\n|\n|t:|1776476274\n|move|p1a: I'm Nobody|Shadow Sneak|p2a: Araquanid\n|-damage|p2a: Araquanid|0 fnt\n|faint|p2a: Araquanid\n|move|p1b: Lazy Cat|Flare Blitz|p2b: Rotom\n|-resisted|p2b: Rotom|1\n|-damage|p2b: Rotom|0 fnt\n|faint|p2b: Rotom\n|-damage|p1b: Lazy Cat|12/100|[from] Recoil\n|\n|-weather|SunnyDay|[upkeep]\n|-fieldend|move: Trick Room\n|upkeep\n|\n|t:|1776476278\n|switch|p2b: Tyranitar|Tyranitar, L50, F|16/100\n|switch|p2a: Gengar|Gengar, L50, F|100/100\n|-weather|Sandstorm|[from] ability: Sand Stream|[of] p2b: Tyranitar\n|turn|6\n|\n|t:|1776476301\n|detailschange|p2a: Gengar|Gengar-Mega, L50, F\n|-mega|p2a: Gengar|Gengar|Gengarite\n|move|p1a: I'm Nobody|Shadow Sneak|p2a: Gengar\n|-supereffective|p2a: Gengar|1\n|-damage|p2a: Gengar|39/100\n|move|p2a: Gengar|Shadow Ball|p1a: I'm Nobody\n|-supereffective|p1a: I'm Nobody|1\n|-damage|p1a: I'm Nobody|0 fnt\n|faint|p1a: I'm Nobody\n|move|p2b: Tyranitar|Rock Slide|p1b: Lazy Cat\n|-supereffective|p1b: Lazy Cat|1\n|-damage|p1b: Lazy Cat|0 fnt\n|faint|p1b: Lazy Cat\n|\n|-weather|Sandstorm|[upkeep]\n|-damage|p2a: Gengar|33/100|[from] Sandstorm\n|upkeep\n|\n|t:|1776476308\n|switch|p1a: Headlock|Farigiraf, L50, F|100/100\n|switch|p1b: Sun's up|Torkoal, L50, F|4/100\n|-weather|SunnyDay|[from] ability: Drought|[of] p1b: Sun's up\n|turn|7\n|inactive|catpotatt has 30 seconds left.\n|\n|t:|1776476342\n|move|p1b: Sun's up|Protect|p1b: Sun's up\n|-singleturn|p1b: Sun's up|Protect\n|move|p2a: Gengar|Sludge Bomb|p1a: Headlock\n|-damage|p1a: Headlock|44/100\n|-enditem|p1a: Headlock|Sitrus Berry|[eat]\n|-heal|p1a: Headlock|69/100|[from] item: Sitrus Berry\n|move|p2b: Tyranitar|Knock Off|p1a: Headlock\n|-supereffective|p1a: Headlock|1\n|-damage|p1a: Headlock|16/100\n|move|p1a: Headlock|Trick Room|p1a: Headlock\n|-fieldstart|move: Trick Room|[of] p1a: Headlock\n|\n|-weather|SunnyDay|[upkeep]\n|upkeep\n|turn|8\n|\n|t:|1776476356\n|move|p2b: Tyranitar|Protect|p2b: Tyranitar\n|-singleturn|p2b: Tyranitar|Protect\n|move|p2a: Gengar|Protect|p2a: Gengar\n|-singleturn|p2a: Gengar|Protect\n|move|p1b: Sun's up|Weather Ball|p2b: Tyranitar\n|-activate|p2b: Tyranitar|move: Protect\n|move|p1a: Headlock|Psychic|p2a: Gengar\n|-activate|p2a: Gengar|move: Protect\n|\n|-weather|SunnyDay|[upkeep]\n|upkeep\n|turn|9\n|\n|t:|1776476362\n|move|p2b: Tyranitar|Protect||[still]\n|-fail|p2b: Tyranitar\n|move|p2a: Gengar|Protect||[still]\n|-fail|p2a: Gengar\n|move|p1b: Sun's up|Weather Ball|p2b: Tyranitar\n|-resisted|p2b: Tyranitar|1\n|-damage|p2b: Tyranitar|0 fnt\n|faint|p2b: Tyranitar\n|move|p1a: Headlock|Psychic|p2a: Gengar\n|-supereffective|p2a: Gengar|1\n|-damage|p2a: Gengar|0 fnt\n|faint|p2a: Gengar\n|\n|win|SkelyStealth\n|raw|SkelyStealth's rating: 1501 &rarr; <strong>1518</strong><br />(+17 for winning)\n|raw|catpotatt's rating: 1454 &rarr; <strong>1437</strong><br />(-17 for losing)\n|c|\u2606SkelyStealth|gg\n|c|\u2606catpotatt|gg\n",
  "uploadtime": 1776476371,
  "views": 49,
  "formatid": "gen9championsvgc2026regma",
  "rating": 1437,
  "private": 0,
  "password": null
}