{
  "id": "gen9championsvgc2026regma-2582061638",
  "format": "[Gen 9 Champions] VGC 2026 Reg M-A",
  "players": [
    "RealJCubed",
    "clammer9"
  ],
  "log": "|j|\u2606RealJCubed\n|j|\u2606clammer9\n|t:|1776053231\n|gametype|doubles\n|player|p1|RealJCubed|gentleman|1088\n|player|p2|clammer9|101|1006\n|gen|9\n|tier|[Gen 9 Champions] VGC 2026 Reg M-A\n|rated|\n|rule|Species Clause: Limit one of each Pok\u00e9mon\n|rule|Item Clause: Limit 1 of each item\n|clearpoke\n|poke|p1|Klefki, L50, F|\n|poke|p1|Chimecho, L50, M|\n|poke|p1|Clefable, L50, M|\n|poke|p1|Palafin, L50, M|\n|poke|p1|Typhlosion-Hisui, L50, M|\n|poke|p1|Kingambit, L50, M|\n|poke|p2|Lucario, L50, M|\n|poke|p2|Incineroar, L50, M|\n|poke|p2|Dragapult, L50, F|\n|poke|p2|Goodra, L50, M|\n|poke|p2|Araquanid, L50, M|\n|poke|p2|Medicham, L50, M|\n|teampreview|4\nclammer9 has agreed to open team sheets.\nRealJCubed has agreed to open team sheets.\n|showteam|p1|Klefki||MentalHerb|Prankster|Reflect,LightScreen,DazzlingGleam,ThunderWave|||F|||50|]Chimecho||Chimechite|Levitate|CosmicPower,StoredPower,Snarl,Recover|||M|||50|]Clefable||Leftovers|MagicGuard|FollowMe,Encore,MysticalFire,Moonlight|||M|||50|]Palafin||ScopeLens|ZerotoHero|JetPunch,CloseCombat,WaveCrash,FlipTurn|||M|||50|]Typhlosion-Hisui||ChoiceScarf|Blaze|Eruption,InfernalParade,HeatWave,FocusBlast|||M|||50|]Kingambit||BlackGlasses|Defiant|Protect,KowtowCleave,LowKick,SuckerPunch|||M|||50|\n|showteam|p2|Lucario||Lucarionite|Steadfast|AuraSphere,FlashCannon,VacuumWave,Detect|||M|||50|]Incineroar||SitrusBerry|Intimidate|FlareBlitz,PartingShot,WillOWisp,Taunt|||M|||50|]Dragapult||ColburBerry|ClearBody|DragonDarts,SuckerPunch,PhantomForce,Protect|||F|||50|]Goodra||RoseliBerry|Gooey|AcidSpray,SunnyDay,Flamethrower,Protect|||M|||50|]Araquanid||MysticWater|WaterBubble|Protect,Liquidation,WideGuard,LeechLife|||M|||50|]Medicham||Medichamite|PurePower|CloseCombat,IcePunch,FakeOut,ThunderPunch|||M|||50|\n|\n|t:|1776053437\n|teamsize|p1|4\n|teamsize|p2|4\n|start\n|switch|p1a: Clefable|Clefable, L50, M|100/100\n|switch|p1b: Palafin|Palafin, L50, M|100/100\n|switch|p2a: Incineroar|Incineroar, L50, M|100/100\n|switch|p2b: Goodra|Goodra, L50, M|100/100\n|-ability|p2a: Incineroar|Intimidate|boost\n|-unboost|p1a: Clefable|atk|1\n|-unboost|p1b: Palafin|atk|1\n|turn|1\n|\n|t:|1776053475\n|switch|p2a: Araquanid|Araquanid, L50, M|100/100\n|move|p1a: Clefable|Follow Me|p1a: Clefable\n|-singleturn|p1a: Clefable|move: Follow Me\n|move|p1b: Palafin|Flip Turn|p2a: Araquanid\n|-resisted|p2a: Araquanid|1\n|-damage|p2a: Araquanid|93/100\n|\n|t:|1776053492\n|detailschange|p1b: Palafin|Palafin-Hero, L50, M\n|switch|p1b: Chimecho|Chimecho, L50, M|100/100|[from] Flip Turn\n|move|p2b: Goodra|Sunny Day|p2b: Goodra\n|-weather|SunnyDay\n|\n|-weather|SunnyDay|[upkeep]\n|upkeep\n|turn|2\n|j| fritz2638\n|\n|t:|1776053526\n|switch|p2b: Incineroar|Incineroar, L50, M|100/100\n|-ability|p2b: Incineroar|Intimidate|boost\n|-unboost|p1a: Clefable|atk|1\n|-unboost|p1b: Chimecho|atk|1\n|move|p1a: Clefable|Follow Me|p1a: Clefable\n|-singleturn|p1a: Clefable|move: Follow Me\n|move|p1b: Chimecho|Cosmic Power|p1b: Chimecho\n|-boost|p1b: Chimecho|def|1\n|-boost|p1b: Chimecho|spd|1\n|move|p2a: Araquanid|Leech Life|p1a: Clefable\n|-resisted|p1a: Clefable|1\n|-damage|p1a: Clefable|87/100\n|-heal|p2a: Araquanid|100/100|[from] drain|[of] p1a: Clefable\n|\n|-weather|SunnyDay|[upkeep]\n|-heal|p1a: Clefable|93/100|[from] item: Leftovers\n|upkeep\n|turn|3\n|\n|t:|1776053571\n|switch|p2a: Lucario|Lucario, L50, M|100/100\n|move|p1a: Clefable|Follow Me|p1a: Clefable\n|-singleturn|p1a: Clefable|move: Follow Me\n|move|p1b: Chimecho|Cosmic Power|p1b: Chimecho\n|-boost|p1b: Chimecho|def|1\n|-boost|p1b: Chimecho|spd|1\n|move|p2b: Incineroar|Taunt|p1a: Clefable\n|-start|p1a: Clefable|move: Taunt\n|\n|-weather|SunnyDay|[upkeep]\n|-heal|p1a: Clefable|99/100|[from] item: Leftovers\n|upkeep\n|turn|4\n|\n|t:|1776053624\n|detailschange|p2a: Lucario|Lucario-Mega, L50, M\n|-mega|p2a: Lucario|Lucario|Lucarionite\n|move|p2a: Lucario|Flash Cannon|p1b: Chimecho\n|-damage|p1b: Chimecho|74/100\n|move|p1b: Chimecho|Stored Power|p2a: Lucario\n|-damage|p2a: Lucario|41/100\n|move|p1a: Clefable|Mystical Fire|p2a: Lucario\n|-supereffective|p2a: Lucario|1\n|-damage|p2a: Lucario|0 fnt\n|faint|p2a: Lucario\n|move|p2b: Incineroar|Flare Blitz|p1b: Chimecho\n|-damage|p1b: Chimecho|21/100\n|-damage|p2b: Incineroar|85/100|[from] Recoil\n|\n|-weather|SunnyDay|[upkeep]\n|-heal|p1a: Clefable|100/100|[from] item: Leftovers\n|upkeep\n|\n|t:|1776053641\n|switch|p2a: Goodra|Goodra, L50, M|100/100\n|turn|5\n|\n|t:|1776053668\n|switch|p1b: Typhlosion|Typhlosion-Hisui, L50, M|100/100\n|move|p2a: Goodra|Acid Spray|p1a: Clefable\n|-supereffective|p1a: Clefable|1\n|-damage|p1a: Clefable|86/100\n|-unboost|p1a: Clefable|spd|2\n|move|p2b: Incineroar|Flare Blitz|p1b: Typhlosion\n|-resisted|p1b: Typhlosion|1\n|-crit|p1b: Typhlosion\n|-damage|p1b: Typhlosion|7/100\n|-damage|p2b: Incineroar|60/100|[from] Recoil\n|move|p1a: Clefable|Mystical Fire|p2a: Goodra\n|-resisted|p2a: Goodra|1\n|-damage|p2a: Goodra|94/100\n|-unboost|p2a: Goodra|spa|1\n|\n|-weather|none\n|-heal|p1a: Clefable|92/100|[from] item: Leftovers\n|upkeep\n|turn|6\n|\n|t:|1776053729\n|switch|p2b: Araquanid|Araquanid, L50, M|100/100\n|move|p1b: Typhlosion|Focus Blast|p2b: Araquanid\n|-resisted|p2b: Araquanid|1\n|-damage|p2b: Araquanid|87/100\n|move|p2a: Goodra|Flamethrower|p1b: Typhlosion\n|-resisted|p1b: Typhlosion|1\n|-damage|p1b: Typhlosion|0 fnt\n|faint|p1b: Typhlosion\n|move|p1a: Clefable|Mystical Fire|p2a: Goodra\n|-resisted|p2a: Goodra|1\n|-damage|p2a: Goodra|90/100\n|-unboost|p2a: Goodra|spa|1\n|\n|-heal|p1a: Clefable|98/100|[from] item: Leftovers\n|-end|p1a: Clefable|move: Taunt\n|upkeep\n|\n|t:|1776053752\n|switch|p1b: Chimecho|Chimecho, L50, M|21/100\n|turn|7\n|\n|t:|1776053764\n|move|p1a: Clefable|Follow Me|p1a: Clefable\n|-singleturn|p1a: Clefable|move: Follow Me\n|move|p2a: Goodra|Acid Spray|p1a: Clefable\n|-supereffective|p1a: Clefable|1\n|-damage|p1a: Clefable|81/100\n|-unboost|p1a: Clefable|spd|2\n|move|p1b: Chimecho|Recover|p1b: Chimecho\n|-heal|p1b: Chimecho|71/100\n|move|p2b: Araquanid|Liquidation|p1a: Clefable\n|-damage|p1a: Clefable|9/100\n|\n|-heal|p1a: Clefable|15/100|[from] item: Leftovers\n|upkeep\n|turn|8\n|\n|t:|1776053821\n|switch|p1a: Palafin|Palafin-Hero, L50, M|100/100\n|-activate|p1a: Palafin|ability: Zero to Hero\n|move|p2a: Goodra|Flamethrower|p1b: Chimecho\n|-damage|p1b: Chimecho|60/100\n|move|p1b: Chimecho|Snarl|p2a: Goodra|[spread] p2a,p2b\n|-damage|p2a: Goodra|85/100\n|-damage|p2b: Araquanid|80/100\n|-unboost|p2a: Goodra|spa|1\n|-unboost|p2b: Araquanid|spa|1\n|move|p2b: Araquanid|Liquidation|p1a: Palafin\n|-resisted|p1a: Palafin|1\n|-damage|p1a: Palafin|69/100\n|\n|upkeep\n|turn|9\n|\n|t:|1776053884\n|move|p2a: Goodra|Protect|p2a: Goodra\n|-singleturn|p2a: Goodra|Protect\n|move|p1a: Palafin|Close Combat|p2a: Goodra\n|-activate|p2a: Goodra|move: Protect\n|move|p1b: Chimecho|Recover|p1b: Chimecho\n|-heal|p1b: Chimecho|100/100\n|move|p2b: Araquanid|Leech Life|p1b: Chimecho\n|-supereffective|p1b: Chimecho|1\n|-damage|p1b: Chimecho|44/100\n|-heal|p2b: Araquanid|100/100|[from] drain|[of] p1b: Chimecho\n|\n|upkeep\n|turn|10\n|\n|t:|1776053944\n|detailschange|p1b: Chimecho|Chimecho-Mega, L50, M\n|-mega|p1b: Chimecho|Chimecho|Chimechite\n|move|p1a: Palafin|Flip Turn|p2b: Araquanid\n|-resisted|p2b: Araquanid|1\n|-crit|p2b: Araquanid\n|-damage|p2b: Araquanid|67/100\n|\n|t:|1776053995\n|switch|p1a: Clefable|Clefable, L50, M|15/100|[from] Flip Turn\n|move|p2a: Goodra|Acid Spray|p1a: Clefable\n|-supereffective|p1a: Clefable|1\n|-damage|p1a: Clefable|7/100\n|-unboost|p1a: Clefable|spd|2\n|move|p1b: Chimecho|Recover|p1b: Chimecho\n|-heal|p1b: Chimecho|94/100\n|move|p2b: Araquanid|Liquidation|p1a: Clefable\n|-damage|p1a: Clefable|0 fnt\n|faint|p1a: Clefable\n|\n|upkeep\n|\n|t:|1776054006\n|switch|p1a: Palafin|Palafin-Hero, L50, M|69/100\n|turn|11\n|c|\u2606clammer9|you didn't revert? :confusion:\n|c|\u2606RealJCubed|?\n|c|\u2606clammer9|you're still palafin hero\n|c|\u2606RealJCubed|yeah?\n|c|\u2606clammer9|am i just dumb\n|c|\u2606RealJCubed|once he swaps out the first time he stays in hero\n|c|\u2606clammer9|ooooh\n|\n|t:|1776054091\n|move|p1a: Palafin|Wave Crash|p2b: Araquanid\n|-resisted|p2b: Araquanid|1\n|-damage|p2b: Araquanid|23/100\n|-damage|p1a: Palafin|56/100|[from] Recoil\n|move|p2a: Goodra|Sunny Day|p2a: Goodra\n|-weather|SunnyDay\n|move|p1b: Chimecho|Cosmic Power|p1b: Chimecho\n|-boost|p1b: Chimecho|def|1\n|-boost|p1b: Chimecho|spd|1\n|move|p2b: Araquanid|Leech Life|p1b: Chimecho\n|-damage|p1b: Chimecho|79/100\n|-heal|p2b: Araquanid|31/100|[from] drain|[of] p1b: Chimecho\n|\n|-weather|SunnyDay|[upkeep]\n|upkeep\n|turn|12\n|\n|t:|1776054116\n|move|p2b: Araquanid|Protect|p2b: Araquanid\n|-singleturn|p2b: Araquanid|Protect\n|move|p1a: Palafin|Close Combat|p2b: Araquanid\n|-activate|p2b: Araquanid|move: Protect\n|move|p2a: Goodra|Flamethrower|p1b: Chimecho\n|-supereffective|p1b: Chimecho|1\n|-crit|p1b: Chimecho\n|-damage|p1b: Chimecho|0 fnt\n|faint|p1b: Chimecho\n|\n|-weather|SunnyDay|[upkeep]\n|upkeep\n|turn|13\n|c| fritz2638|ah and the crit does him in\n|c|\u2606clammer9|twice\n|c| fritz2638|his usual luck\n|\n|t:|1776054165\n|move|p1a: Palafin|Close Combat|p2b: Araquanid\n|-resisted|p2b: Araquanid|1\n|-damage|p2b: Araquanid|4/100\n|-unboost|p1a: Palafin|def|1\n|-unboost|p1a: Palafin|spd|1\n|move|p2a: Goodra|Acid Spray|p1a: Palafin\n|-damage|p1a: Palafin|49/100\n|-unboost|p1a: Palafin|spd|2\n|move|p2b: Araquanid|Liquidation|p1a: Palafin\n|-resisted|p1a: Palafin|1\n|-damage|p1a: Palafin|24/100\n|\n|-weather|SunnyDay|[upkeep]\n|upkeep\n|turn|14\n|\n|t:|1776054180\n|move|p1a: Palafin|Jet Punch|p2b: Araquanid\n|-resisted|p2b: Araquanid|1\n|-damage|p2b: Araquanid|0 fnt\n|faint|p2b: Araquanid\n|move|p2a: Goodra|Flamethrower|p1a: Palafin\n|-resisted|p1a: Palafin|1\n|-damage|p1a: Palafin|2/100\n|\n|-weather|SunnyDay|[upkeep]\n|upkeep\n|\n|t:|1776054187\n|switch|p2b: Incineroar|Incineroar, L50, M|60/100\n|-ability|p2b: Incineroar|Intimidate|boost\n|-unboost|p1a: Palafin|atk|1\n|turn|15\n|\n|t:|1776054198\n|move|p1a: Palafin|Close Combat|p2b: Incineroar\n|-supereffective|p2b: Incineroar|1\n|-crit|p2b: Incineroar\n|-damage|p2b: Incineroar|0 fnt\n|-unboost|p1a: Palafin|def|1\n|-unboost|p1a: Palafin|spd|1\n|faint|p2b: Incineroar\n|move|p2a: Goodra|Flamethrower|p1a: Palafin\n|-resisted|p1a: Palafin|1\n|-damage|p1a: Palafin|0 fnt\n|faint|p1a: Palafin\n|\n|win|clammer9\n|raw|RealJCubed's rating: 1088 &rarr; <strong>1059</strong><br />(-29 for losing)\n|raw|clammer9's rating: 1006 &rarr; <strong>1054</strong><br />(+48 for winning)\n|c|\u2606RealJCubed|gg\n|c|\u2606RealJCubed|that crit was painful lol\n|c|\u2606RealJCubed|if it hadnt i had a chance\n|c|\u2606clammer9|gg wp and thanks for teaching me about palafin\n|c|\u2606clammer9|yeah\n|c|\u2606clammer9|typhlosion too\n|c|\u2606RealJCubed|the blasted stat bypass did me in lol\n|c|\u2606RealJCubed|yeahh typhlosion got hit much much harder than i expected\n|c|\u2606RealJCubed|it really caught me off guard\n|c|\u2606RealJCubed|araquanid was a monster there\n|c|\u2606clammer9|yeah, water bubble helps mitigate sun a bit\n|c|\u2606RealJCubed|yeah and acid spray was really making those liquidations punishing\n|c|\u2606clammer9|liquidation's physical actually\n|c|\u2606clammer9|that was all araquanid\n|c|\u2606RealJCubed|ahh i forgot\n|c|\u2606RealJCubed|i got it mixed up\n|c|\u2606clammer9|it happens a lot dw\n|c|\u2606RealJCubed|there so many water moves and they all sound like special\n|c|\u2606RealJCubed|its hard to keep track lol\n|c|\u2606clammer9|me with speed ties lol\n|c|\u2606RealJCubed|araquanid is just so damn tanky\n|c|\u2606clammer9|water was special too in gen 1-3\n|c|\u2606RealJCubed|and i was fearful of mega evoing because of the flamethrower but i was getting punished so hard by leech life\n|c|\u2606clammer9|yeah, I needed a fighting resist\n|c|\u2606RealJCubed|it worked well these lol because it tanked everything palafin had\n|c|\u2606RealJCubed|i never had a good opportunity to try to cosmic power spam\n|c|\u2606RealJCubed|ive won quite a few because chimecho gets so oppressive once he builds up enough tankyness\n|c|\u2606clammer9|I haven't seen mega chimeco, is it still levitate?\n|c|\u2606clammer9|oh it is\n|l| fritz2638\n|c|\u2606clammer9|wow\n|j| fritz2638\n|l| fritz2638\n",
  "uploadtime": 1776055028,
  "views": 8,
  "formatid": "gen9championsvgc2026regma",
  "rating": 1054,
  "private": 0,
  "password": null
}