{
  "id": "gen9championsvgc2026regma-2581319595",
  "format": "[Gen 9 Champions] VGC 2026 Reg M-A",
  "players": [
    "moonone",
    "Zappyzap01"
  ],
  "log": "|j|\u203dmoonone\n|j|\u2606Zappyzap01\n|t:|1775986108\n|gametype|doubles\n|player|p1|moonone|265|1277\n|player|p2|Zappyzap01|benga|1294\n|gen|9\n|tier|[Gen 9 Champions] VGC 2026 Reg M-A\n|rated|\n|rule|Species Clause: Limit one of each Pok\u00e9mon\n|rule|Item Clause: Limit 1 of each item\n|clearpoke\n|poke|p1|Gengar, L50, M|\n|poke|p1|Basculegion, L50, M|\n|poke|p1|Incineroar, L50, M|\n|poke|p1|Kingambit, L50, F|\n|poke|p1|Sneasler, L50, M|\n|poke|p1|Rotom-Heat, L50|\n|poke|p2|Sylveon, L50, F|\n|poke|p2|Camerupt, L50, M|\n|poke|p2|Sableye, L50, M|\n|poke|p2|Oranguru, L50, M|\n|poke|p2|Torkoal, L50, F|\n|poke|p2|Meganium, L50, F|\n|teampreview|4\n|j| gE1xjZRtuhW2DdT0AK\n|\n|t:|1775986144\n|teamsize|p1|4\n|teamsize|p2|4\n|start\n|switch|p1a: Gengar|Gengar, L50, M, shiny|100/100\n|switch|p1b: Incineroar|Incineroar, L50, M|100/100\n|switch|p2a: Oranguru|Oranguru, L50, M, shiny|100/100\n|switch|p2b: Camerupt|Camerupt, L50, M, shiny|100/100\n|-ability|p1b: Incineroar|Intimidate|boost\n|-fail|p2a: Oranguru|unboost|Attack|[from] ability: Inner Focus|[of] p2a: Oranguru\n|-unboost|p2b: Camerupt|atk|1\n|turn|1\n|inactive|Battle timer is ON: inactive players will automatically lose when time's up. (requested by moonone)\n|\n|t:|1775986161\n|detailschange|p1a: Gengar|Gengar-Mega, L50, M, shiny\n|-mega|p1a: Gengar|Gengar|Gengarite\n|detailschange|p2b: Camerupt|Camerupt-Mega, L50, M, shiny\n|-mega|p2b: Camerupt|Camerupt|Cameruptite\n|move|p2a: Oranguru|Protect|p2a: Oranguru\n|-singleturn|p2a: Oranguru|Protect\n|move|p1b: Incineroar|Fake Out|p2b: Camerupt\n|-damage|p2b: Camerupt|89/100\n|move|p1a: Gengar|Perish Song|p1a: Gengar\n|-start|p1a: Gengar|perish3|[silent]\n|-start|p1b: Incineroar|perish3|[silent]\n|-start|p2a: Oranguru|perish3|[silent]\n|-start|p2b: Camerupt|perish3|[silent]\n|-fieldactivate|move: Perish Song\n|cant|p2b: Camerupt|flinch\n|\n|-start|p1a: Gengar|perish3\n|-start|p1b: Incineroar|perish3\n|-start|p2a: Oranguru|perish3\n|-start|p2b: Camerupt|perish3\n|upkeep\n|turn|2\n|\n|t:|1775986179\n|move|p1a: Gengar|Protect|p1a: Gengar\n|-singleturn|p1a: Gengar|Protect\n|move|p1b: Incineroar|Protect|p1b: Incineroar\n|-singleturn|p1b: Incineroar|Protect\n|move|p2b: Camerupt|Protect|p2b: Camerupt\n|-singleturn|p2b: Camerupt|Protect\n|move|p2a: Oranguru|Trick Room|p2a: Oranguru\n|-fieldstart|move: Trick Room|[of] p2a: Oranguru\n|\n|-start|p2b: Camerupt|perish2\n|-start|p2a: Oranguru|perish2\n|-start|p1b: Incineroar|perish2\n|-start|p1a: Gengar|perish2\n|upkeep\n|turn|3\n|\n|t:|1775986196\n|switch|p1a: Rotom|Rotom-Heat, L50|100/100\n|move|p2b: Camerupt|Earth Power|p1b: Incineroar\n|-supereffective|p1b: Incineroar|1\n|-damage|p1b: Incineroar|0 fnt\n|faint|p1b: Incineroar\n|move|p2a: Oranguru|Instruct|p2b: Camerupt\n|-singleturn|p2b: Camerupt|move: Instruct|[of] p2a: Oranguru\n|move|p2b: Camerupt|Earth Power|p1a: Rotom\n|-immune|p1a: Rotom|[from] ability: Levitate\n|\n|-start|p2b: Camerupt|perish1\n|-start|p2a: Oranguru|perish1\n|upkeep\n|\n|t:|1775986209\n|switch|p1b: Gengar|Gengar-Mega, L50, M, shiny|100/100\n|turn|4\n|\n|t:|1775986216\n|move|p1a: Rotom|Protect|p1a: Rotom\n|-singleturn|p1a: Rotom|Protect\n|move|p1b: Gengar|Protect|p1b: Gengar\n|-singleturn|p1b: Gengar|Protect\n|move|p2b: Camerupt|Eruption|p1a: Rotom|[spread] \n|-activate|p1a: Rotom|move: Protect\n|-activate|p1b: Gengar|move: Protect\n|move|p2a: Oranguru|Instruct|p2b: Camerupt\n|-singleturn|p2b: Camerupt|move: Instruct|[of] p2a: Oranguru\n|move|p2b: Camerupt|Eruption|p1a: Rotom|[spread] \n|-activate|p1a: Rotom|move: Protect\n|-activate|p1b: Gengar|move: Protect\n|\n|-start|p2b: Camerupt|perish0\n|-start|p2a: Oranguru|perish0\n|faint|p2b: Camerupt\n|faint|p2a: Oranguru\n|upkeep\n|\n|t:|1775986237\n|switch|p2b: Sableye|Sableye, L50, M, shiny|100/100\n|switch|p2a: Sylveon|Sylveon, L50, F, shiny|100/100\n|turn|5\n|\n|t:|1775986261\n|move|p2b: Sableye|Taunt|p1b: Gengar\n|-start|p1b: Gengar|move: Taunt\n|move|p2a: Sylveon|Hyper Voice|p1b: Gengar|[spread] p1a,p1b\n|-resisted|p1a: Rotom|1\n|-resisted|p1b: Gengar|1\n|-damage|p1a: Rotom|76/100\n|-damage|p1b: Gengar|72/100\n|move|p1a: Rotom|Overheat|p2a: Sylveon\n|-damage|p2a: Sylveon|59/100\n|-unboost|p1a: Rotom|spa|2\n|move|p1b: Gengar|Shadow Ball|p2a: Sylveon\n|-damage|p2a: Sylveon|24/100\n|-unboost|p2a: Sylveon|spd|1\n|\n|-heal|p1a: Rotom|82/100|[from] item: Leftovers\n|upkeep\n|turn|6\n|-message|Zappyzap01 forfeited.\n|\n|win|moonone\n|raw|moonone's rating: 1277 &rarr; <strong>1303</strong><br />(+26 for winning)\n|raw|Zappyzap01's rating: 1294 &rarr; <strong>1268</strong><br />(-26 for losing)\n|l|\u2606Zappyzap01\n|player|p2|\n",
  "uploadtime": 1775986278,
  "views": 27,
  "formatid": "gen9championsvgc2026regma",
  "rating": 1268,
  "private": 0,
  "password": null
}