{
  "id": "gen9championsvgc2026regma-2585922973",
  "format": "[Gen 9 Champions] VGC 2026 Reg M-A",
  "players": [
    "pomskash",
    "henitusec"
  ],
  "log": "|j|\u2606pomskash\n|j|\u2606henitusec\n|t:|1776381800\n|gametype|doubles\n|player|p1|pomskash|1|1139\n|player|p2|henitusec|volo|1112\n|gen|9\n|tier|[Gen 9 Champions] VGC 2026 Reg M-A\n|rated|\n|rule|Species Clause: Limit one of each Pok\u00e9mon\n|rule|Item Clause: Limit 1 of each item\n|clearpoke\n|poke|p1|Golurk, L50|\n|poke|p1|Farigiraf, L50, M|\n|poke|p1|Torkoal, L50, M|\n|poke|p1|Venusaur, L50, M|\n|poke|p1|Sneasler, L50, M|\n|poke|p1|Incineroar, L50, F|\n|poke|p2|Gardevoir, L50, F|\n|poke|p2|Aegislash, L50, M|\n|poke|p2|Incineroar, L50, M|\n|poke|p2|Vivillon-Polar, L50, F|\n|poke|p2|Whimsicott, L50, M|\n|poke|p2|Tauros-Paldea-Aqua, L50, M|\n|teampreview|4\n|inactive|Battle timer is ON: inactive players will automatically lose when time's up. (requested by henitusec)\n|inactive|pomskash has 60 seconds left.\n|\n|t:|1776381840\n|teamsize|p1|4\n|teamsize|p2|4\n|start\n|switch|p1a: Golurk|Golurk, L50|100/100\n|switch|p1b: Farigiraf|Farigiraf, L50, M|100/100\n|switch|p2a: Gardevoir|Gardevoir, L50, F, shiny|100/100\n|switch|p2b: Vivillon|Vivillon-Polar, L50, F|100/100\n|-ability|p2a: Gardevoir|Iron Fist|Trace|[from] ability: Trace|[of] p1a: Golurk\n|turn|1\n|inactive|henitusec has 30 seconds left.\n|inactive|henitusec has 20 seconds left.\n|\n|t:|1776381879\n|detailschange|p2a: Gardevoir|Gardevoir-Mega, L50, F, shiny\n|-mega|p2a: Gardevoir|Gardevoir|Gardevoirite\n|move|p1a: Golurk|Protect|p1a: Golurk\n|-singleturn|p1a: Golurk|Protect\n|move|p2b: Vivillon|Sleep Powder|p1b: Farigiraf\n|-status|p1b: Farigiraf|slp|[from] move: Sleep Powder\n|move|p2a: Gardevoir|Hyper Voice|p1a: Golurk|[spread] p1b\n|-activate|p1a: Golurk|move: Protect\n|-damage|p1b: Farigiraf|49/100 slp\n|-enditem|p1b: Farigiraf|Sitrus Berry|[eat]\n|-heal|p1b: Farigiraf|74/100 slp|[from] item: Sitrus Berry\n|cant|p1b: Farigiraf|slp\n|\n|upkeep\n|turn|2\n|\n|t:|1776381901\n|move|p2b: Vivillon|Sleep Powder|p1a: Golurk\n|-status|p1a: Golurk|slp|[from] move: Sleep Powder\n|move|p2a: Gardevoir|Hyper Voice|p1b: Farigiraf|[spread] p1a,p1b\n|-crit|p1a: Golurk\n|-damage|p1a: Golurk|25/100 slp\n|-damage|p1b: Farigiraf|18/100 slp\n|cant|p1a: Golurk|slp\n|cant|p1b: Farigiraf|slp\n|\n|upkeep\n|turn|3\n|inactive|henitusec has 30 seconds left.\n|\n|t:|1776381936\n|cant|p1a: Golurk|slp\n|move|p2b: Vivillon|Hurricane|p1a: Golurk\n|-damage|p1a: Golurk|0 fnt\n|faint|p1a: Golurk\n|move|p2a: Gardevoir|Hyper Voice|p1b: Farigiraf\n|-damage|p1b: Farigiraf|0 fnt\n|faint|p1b: Farigiraf\n|\n|upkeep\n|\n|t:|1776381941\n|switch|p1a: Torkoal|Torkoal, L50, M|100/100\n|switch|p1b: Sneasler|Sneasler, L50, M|100/100\n|-weather|SunnyDay|[from] ability: Drought|[of] p1a: Torkoal\n|turn|4\n|inactive|pomskash has 30 seconds left.\n|inactive|henitusec has 30 seconds left.\n|inactive|henitusec has 20 seconds left.\n|inactive|henitusec has 15 seconds left.\n|inactive|henitusec has 10 seconds left.\n|inactive|henitusec has 5 seconds left.\n|\n|t:|1776381996\n|move|p1a: Torkoal|Protect|p1a: Torkoal\n|-singleturn|p1a: Torkoal|Protect\n|move|p1b: Sneasler|Dire Claw|p2b: Vivillon\n|-damage|p2b: Vivillon|15/100\n|move|p2b: Vivillon|Hurricane|p1a: Torkoal\n|-activate|p1a: Torkoal|move: Protect\n|move|p2a: Gardevoir|Psychic|p1a: Torkoal\n|-activate|p1a: Torkoal|move: Protect\n|\n|-weather|SunnyDay|[upkeep]\n|upkeep\n|turn|5\n|inactive|henitusec has 30 seconds left.\n|inactive|henitusec has 20 seconds left.\n|\n|t:|1776382034\n|move|p1b: Sneasler|Dire Claw|p2b: Vivillon\n|-damage|p2b: Vivillon|0 fnt\n|faint|p2b: Vivillon\n|move|p2a: Gardevoir|Hyper Voice|p1b: Sneasler|[spread] p1a,p1b\n|-resisted|p1a: Torkoal|1\n|-damage|p1a: Torkoal|70/100\n|-damage|p1b: Sneasler|32/100\n|move|p1a: Torkoal|Heat Wave|p2a: Gardevoir\n|-damage|p2a: Gardevoir|47/100\n|\n|-weather|SunnyDay|[upkeep]\n|upkeep\n|\n|t:|1776382045\n|switch|p2b: Whimsicott|Whimsicott, L50, M|100/100\n|turn|6\n|\n|t:|1776382060\n|move|p2b: Whimsicott|Tailwind|p2b: Whimsicott\n|-sidestart|p2: henitusec|move: Tailwind\n|move|p2a: Gardevoir|Hyper Voice|p1b: Sneasler|[spread] p1a,p1b\n|-resisted|p1a: Torkoal|1\n|-damage|p1a: Torkoal|36/100\n|-damage|p1b: Sneasler|0 fnt\n|faint|p1b: Sneasler\n|move|p1a: Torkoal|Heat Wave|p2a: Gardevoir|[spread] p2a,p2b\n|-supereffective|p2b: Whimsicott|1\n|-damage|p2a: Gardevoir|3/100\n|-damage|p2b: Whimsicott|0 fnt\n|faint|p2b: Whimsicott\n|\n|-weather|SunnyDay|[upkeep]\n|upkeep\n|\n|t:|1776382069\n|switch|p2b: Aegislash|Aegislash, L50, M|100/100\n|turn|7\n|\n|t:|1776382075\n|move|p2b: Aegislash|King's Shield|p2b: Aegislash\n|-singleturn|p2b: Aegislash|Protect\n|move|p2a: Gardevoir|Destiny Bond|p2a: Gardevoir\n|-singlemove|p2a: Gardevoir|Destiny Bond\n|move|p1a: Torkoal|Heat Wave|p2b: Aegislash|[spread] p2a\n|-activate|p2b: Aegislash|move: Protect\n|-damage|p2a: Gardevoir|0 fnt\n|faint|p2a: Gardevoir\n|-activate|p2a: Gardevoir|move: Destiny Bond\n|faint|p1a: Torkoal\n|\n|win|henitusec\n|raw|pomskash's rating: 1139 &rarr; <strong>1112</strong><br />(-27 for losing)\n|raw|henitusec's rating: 1112 &rarr; <strong>1139</strong><br />(+27 for winning)\n|l|\u2606pomskash\n|player|p1|\n",
  "uploadtime": 1776382088,
  "views": 20,
  "formatid": "gen9championsvgc2026regma",
  "rating": 1112,
  "private": 0,
  "password": null
}