{
  "id": "gen9championsvgc2026regma-2581662635",
  "format": "[Gen 9 Champions] VGC 2026 Reg M-A",
  "players": [
    "yredjack",
    "Jexzyy"
  ],
  "log": "|j|\u2606yredjack\n|j|\u2606Jexzyy\n|t:|1776018888\n|gametype|doubles\n|player|p1|yredjack|2|1049\n|player|p2|Jexzyy|roughneck-gen4|1040\n|gen|9\n|tier|[Gen 9 Champions] VGC 2026 Reg M-A\n|rated|\n|rule|Species Clause: Limit one of each Pok\u00e9mon\n|rule|Item Clause: Limit 1 of each item\n|clearpoke\n|poke|p1|Politoed, L50, M|\n|poke|p1|Dragonite, L50, F|\n|poke|p1|Basculegion, L50, M|\n|poke|p1|Archaludon, L50, M|\n|poke|p1|Sneasler, L50, M|\n|poke|p1|Sinistcha, L50|\n|poke|p2|Sneasler, L50, M|\n|poke|p2|Garchomp, L50, M|\n|poke|p2|Gengar, L50, F|\n|poke|p2|Beedrill, L50, M|\n|poke|p2|Clefable, L50, F|\n|poke|p2|Decidueye, L50, F|\n|teampreview|4\n|\n|t:|1776018957\n|teamsize|p1|4\n|teamsize|p2|4\n|start\n|switch|p1a: Politoed|Politoed, L50, M|100/100\n|switch|p1b: Sneasler|Sneasler, L50, M|100/100\n|switch|p2a: Sneasler|Sneasler, L50, M|100/100\n|switch|p2b: Gengar|Gengar, L50, F, shiny|100/100\n|-weather|RainDance|[from] ability: Drizzle|[of] p1a: Politoed\n|turn|1\n|\n|t:|1776019006\n|detailschange|p2b: Gengar|Gengar-Mega, L50, F, shiny\n|-mega|p2b: Gengar|Gengar|Gengarite\n|move|p1b: Sneasler|Fake Out|p2a: Sneasler\n|-damage|p2a: Sneasler|76/100\n|cant|p2a: Sneasler|flinch\n|move|p2b: Gengar|Perish Song|p2b: Gengar\n|-start|p1a: Politoed|perish3|[silent]\n|-start|p1b: Sneasler|perish3|[silent]\n|-start|p2a: Sneasler|perish3|[silent]\n|-start|p2b: Gengar|perish3|[silent]\n|-fieldactivate|move: Perish Song\n|move|p1a: Politoed|Muddy Water|p2b: Gengar|[spread] p2b\n|-miss|p1a: Politoed|p2a: Sneasler\n|-damage|p2b: Gengar|64/100\n|\n|-weather|RainDance|[upkeep]\n|-start|p1b: Sneasler|perish3\n|-start|p2a: Sneasler|perish3\n|-start|p2b: Gengar|perish3\n|-start|p1a: Politoed|perish3\n|upkeep\n|turn|2\n|\n|t:|1776019048\n|move|p1b: Sneasler|Protect|p1b: Sneasler\n|-singleturn|p1b: Sneasler|Protect\n|move|p2b: Gengar|Protect|p2b: Gengar\n|-singleturn|p2b: Gengar|Protect\n|move|p2a: Sneasler|Dire Claw|p1a: Politoed\n|-damage|p1a: Politoed|50/100\n|move|p1a: Politoed|Weather Ball|p2b: Gengar\n|-activate|p2b: Gengar|move: Protect\n|\n|-weather|RainDance|[upkeep]\n|-heal|p1a: Politoed|56/100|[from] item: Leftovers\n|-start|p1b: Sneasler|perish2\n|-start|p2a: Sneasler|perish2\n|-start|p2b: Gengar|perish2\n|-start|p1a: Politoed|perish2\n|upkeep\n|turn|3\n|\n|t:|1776019086\n|switch|p2b: Clefable|Clefable, L50, F|100/100\n|move|p1b: Sneasler|Dire Claw|p2a: Sneasler\n|-resisted|p2a: Sneasler|1\n|-damage|p2a: Sneasler|43/100\n|-immune|p2a: Sneasler\n|move|p2a: Sneasler|U-turn|p1b: Sneasler\n|-resisted|p1b: Sneasler|2\n|-damage|p1b: Sneasler|89/100\n|\n|t:|1776019095\n|switch|p2a: Gengar|Gengar-Mega, L50, F, shiny|64/100|[from] U-turn\n|move|p1a: Politoed|Weather Ball|p2b: Clefable\n|-damage|p2b: Clefable|55/100\n|\n|-weather|RainDance|[upkeep]\n|-heal|p1a: Politoed|62/100|[from] item: Leftovers\n|-start|p1b: Sneasler|perish1\n|-start|p1a: Politoed|perish1\n|upkeep\n|turn|4\n|\n|t:|1776019127\n|move|p2a: Gengar|Protect|p2a: Gengar\n|-singleturn|p2a: Gengar|Protect\n|move|p2b: Clefable|Protect|p2b: Clefable\n|-singleturn|p2b: Clefable|Protect\n|move|p1b: Sneasler|Dire Claw|p2b: Clefable\n|-activate|p2b: Clefable|move: Protect\n|move|p1a: Politoed|Weather Ball|p2a: Gengar\n|-activate|p2a: Gengar|move: Protect\n|\n|-weather|RainDance|[upkeep]\n|-heal|p1a: Politoed|68/100|[from] item: Leftovers\n|-start|p1b: Sneasler|perish0\n|-start|p1a: Politoed|perish0\n|faint|p1b: Sneasler\n|faint|p1a: Politoed\n|upkeep\n|\n|t:|1776019141\n|switch|p1b: Dragonite|Dragonite, L50, F|100/100\n|switch|p1a: Basculegion|Basculegion, L50, M|100/100\n|turn|5\n|\n|t:|1776019166\n|move|p2b: Clefable|Follow Me|p2b: Clefable\n|-singleturn|p2b: Clefable|move: Follow Me\n|move|p1a: Basculegion|Last Respects|p2b: Clefable\n|-damage|p2b: Clefable|0 fnt\n|faint|p2b: Clefable\n|move|p2a: Gengar|Shadow Ball|p1a: Basculegion\n|-supereffective|p1a: Basculegion|1\n|-damage|p1a: Basculegion|0 fnt\n|faint|p1a: Basculegion\n|move|p1b: Dragonite|Hurricane|p2a: Gengar\n|-damage|p2a: Gengar|12/100\n|-start|p2a: Gengar|confusion\n|\n|-weather|none\n|upkeep\n|\n|t:|1776019177\n|switch|p2b: Sneasler|Sneasler, L50, M|43/100\n|turn|6\n|\n|t:|1776019190\n|detailschange|p1b: Dragonite|Dragonite-Mega, L50, F\n|-mega|p1b: Dragonite|Dragonite|Dragoninite\n|move|p1b: Dragonite|Protect|p1b: Dragonite\n|-singleturn|p1b: Dragonite|Protect\n|move|p2b: Sneasler|Dire Claw|p1b: Dragonite\n|-activate|p1b: Dragonite|move: Protect\n|-activate|p2a: Gengar|confusion\n|-damage|p2a: Gengar|2/100|[from] confusion\n|\n|upkeep\n|turn|7\n|\n|t:|1776019209\n|move|p2b: Sneasler|Dire Claw|p1b: Dragonite\n|-damage|p1b: Dragonite|78/100\n|-activate|p2a: Gengar|confusion\n|-damage|p2a: Gengar|0 fnt|[from] confusion\n|faint|p2a: Gengar\n|move|p1b: Dragonite|Hurricane|p2b: Sneasler\n|-supereffective|p2b: Sneasler|1\n|-damage|p2b: Sneasler|0 fnt\n|faint|p2b: Sneasler\n|\n|upkeep\n|\n|t:|1776019216\n|switch|p2b: Garchomp|Garchomp, L50, M|100/100\n|turn|8\n|\n|t:|1776019225\n|move|p2b: Garchomp|Dragon Claw|p1b: Dragonite\n|-supereffective|p1b: Dragonite|1\n|-damage|p1b: Dragonite|0 fnt\n|faint|p1b: Dragonite\n|\n|win|Jexzyy\n|raw|yredjack's rating: 1049 &rarr; <strong>1031</strong><br />(-18 for losing)\n|raw|Jexzyy's rating: 1040 &rarr; <strong>1075</strong><br />(+35 for winning)\n",
  "uploadtime": 1776019232,
  "views": 14,
  "formatid": "gen9championsvgc2026regma",
  "rating": 1031,
  "private": 0,
  "password": null
}