{
  "id": "gen9championsvgc2026regma-2587885129",
  "format": "[Gen 9 Champions] VGC 2026 Reg M-A",
  "players": [
    "Bman311",
    "DracoShower94"
  ],
  "log": "|j|\u2606Bman311\n|j|\u2606DracoShower94\n|t:|1776574546\n|gametype|doubles\n|player|p1|Bman311|101|1492\n|player|p2|DracoShower94|iris-gen5bw2|1560\n|gen|9\n|tier|[Gen 9 Champions] VGC 2026 Reg M-A\n|rated|\n|rule|Species Clause: Limit one of each Pok\u00e9mon\n|rule|Item Clause: Limit 1 of each item\n|clearpoke\n|poke|p1|Floette-Eternal, L50, F|\n|poke|p1|Aerodactyl, L50, M|\n|poke|p1|Sneasler, L50, M|\n|poke|p1|Incineroar, L50, F|\n|poke|p1|Sinistcha, L50|\n|poke|p1|Basculegion, L50, M|\n|poke|p2|Tyranitar, L50, M|\n|poke|p2|Excadrill, L50, F|\n|poke|p2|Gallade, L50, M|\n|poke|p2|Volcarona, L50, F|\n|poke|p2|Milotic, L50, F|\n|poke|p2|Weavile, L50, M|\n|teampreview|4\n|inactive|Battle timer is ON: inactive players will automatically lose when time's up. (requested by Bman311)\n|inactive|DracoShower94 also wants the timer to be on.\nBman311 has agreed to open team sheets.\n|inactive|DracoShower94 has 60 seconds left.\n|\n|t:|1776574597\n|teamsize|p1|4\n|teamsize|p2|4\n|start\n|switch|p1a: Aerodactyl|Aerodactyl, L50, M|100/100\n|switch|p1b: Basculegion|Basculegion, L50, M|100/100\n|switch|p2a: Gallade|Gallade, L50, M|100/100\n|switch|p2b: Weavile|Weavile, L50, M|100/100\n|-ability|p1a: Aerodactyl|Unnerve\n|-ability|p2b: Weavile|Pressure\n|turn|1\n|\n|t:|1776574611\n|move|p1a: Aerodactyl|Protect|p1a: Aerodactyl\n|-singleturn|p1a: Aerodactyl|Protect\n|move|p2b: Weavile|Fake Out|p1a: Aerodactyl\n|-activate|p1a: Aerodactyl|move: Protect\n|move|p2a: Gallade|Psycho Cut|p1b: Basculegion\n|-damage|p1b: Basculegion|26/100\n|move|p1b: Basculegion|Wave Crash|p2a: Gallade\n|-damage|p2a: Gallade|0 fnt\n|faint|p2a: Gallade\n|-damage|p1b: Basculegion|2/100|[from] Recoil\n|\n|upkeep\n|\n|t:|1776574615\n|switch|p2a: Excadrill|Excadrill, L50, F|100/100\n|turn|2\n|\n|t:|1776574623\n|switch|p1b: Sinistcha|Sinistcha, L50|100/100\n|move|p2b: Weavile|Ice Shard|p1b: Sinistcha\n|-supereffective|p1b: Sinistcha|1\n|-damage|p1b: Sinistcha|56/100\n|move|p1a: Aerodactyl|Tailwind|p1a: Aerodactyl\n|-sidestart|p1: Bman311|move: Tailwind\n|move|p2a: Excadrill|Iron Head|p1a: Aerodactyl\n|-supereffective|p1a: Aerodactyl|1\n|-enditem|p1a: Aerodactyl|Focus Sash\n|-damage|p1a: Aerodactyl|1/100\n|\n|upkeep\n|turn|3\n|\n|t:|1776574639\n|move|p2b: Weavile|Ice Shard|p1a: Aerodactyl\n|-supereffective|p1a: Aerodactyl|1\n|-damage|p1a: Aerodactyl|0 fnt\n|faint|p1a: Aerodactyl\n|move|p1b: Sinistcha|Matcha Gotcha|p2b: Weavile|[spread] p2a,p2b\n|-damage|p2a: Excadrill|67/100\n|-heal|p1b: Sinistcha|74/100|[from] drain|[of] p2a: Excadrill\n|-damage|p2b: Weavile|64/100\n|-heal|p1b: Sinistcha|89/100|[from] drain|[of] p2b: Weavile\n|-status|p2a: Excadrill|brn\n|-status|p2b: Weavile|brn\n|move|p2a: Excadrill|Iron Head|p1b: Sinistcha\n|-damage|p1b: Sinistcha|67/100\n|\n|-damage|p2b: Weavile|58/100 brn|[from] brn\n|-damage|p2a: Excadrill|61/100 brn|[from] brn\n|upkeep\n|\n|t:|1776574648\n|switch|p1a: Basculegion|Basculegion, L50, M|2/100\n|turn|4\n|\n|t:|1776574654\n|switch|p2a: Volcarona|Volcarona, L50, F|100/100\n|move|p1a: Basculegion|Aqua Jet|p2a: Volcarona\n|-supereffective|p2a: Volcarona|1\n|-crit|p2a: Volcarona\n|-damage|p2a: Volcarona|5/100\n|-enditem|p2a: Volcarona|Sitrus Berry|[eat]\n|-heal|p2a: Volcarona|30/100|[from] item: Sitrus Berry\n|move|p2b: Weavile|Ice Shard|p1a: Basculegion\n|-resisted|p1a: Basculegion|1\n|-damage|p1a: Basculegion|0 fnt\n|faint|p1a: Basculegion\n|move|p1b: Sinistcha|Matcha Gotcha|p2a: Volcarona|[spread] p2a,p2b\n|-resisted|p2a: Volcarona|2\n|-damage|p2a: Volcarona|24/100\n|-heal|p1b: Sinistcha|70/100|[from] drain|[of] p2a: Volcarona\n|-damage|p2b: Weavile|26/100 brn\n|-heal|p1b: Sinistcha|84/100|[from] drain|[of] p2b: Weavile\n|\n|-damage|p2b: Weavile|20/100 brn|[from] brn\n|upkeep\n|\n|t:|1776574661\n|switch|p1a: Floette|Floette-Eternal, L50, F|100/100\n|turn|5\n|\n|t:|1776574669\n|detailschange|p1a: Floette|Floette-Mega, L50, F\n|-mega|p1a: Floette|Floette|Floettite\n|-ability|p1a: Floette|Fairy Aura\n|move|p1a: Floette|Calm Mind|p1a: Floette\n|-boost|p1a: Floette|spa|1\n|-boost|p1a: Floette|spd|1\n|move|p2b: Weavile|Triple Axel|p1a: Floette\n|-damage|p1a: Floette|94/100\n|-crit|p1a: Floette\n|-damage|p1a: Floette|76/100\n|-damage|p1a: Floette|57/100\n|-hitcount|p1a: Floette|3\n|move|p2a: Volcarona|Tailwind|p2a: Volcarona\n|-sidestart|p2: DracoShower94|move: Tailwind\n|move|p1b: Sinistcha|Trick Room|p1b: Sinistcha\n|-fieldstart|move: Trick Room|[of] p1b: Sinistcha\n|\n|-damage|p2b: Weavile|14/100 brn|[from] brn\n|-sideend|p1: Bman311|move: Tailwind\n|upkeep\n|turn|6\n|\n|t:|1776574683\n|move|p2b: Weavile|Ice Shard|p1a: Floette\n|-damage|p1a: Floette|45/100\n|move|p1b: Sinistcha|Matcha Gotcha|p2b: Weavile|[spread] p2a,p2b\n|-resisted|p2a: Volcarona|2\n|-damage|p2a: Volcarona|19/100\n|-heal|p1b: Sinistcha|87/100|[from] drain|[of] p2a: Volcarona\n|-damage|p2b: Weavile|0 fnt\n|-heal|p1b: Sinistcha|93/100|[from] drain|[of] p2b: Weavile\n|faint|p2b: Weavile\n|move|p1a: Floette|Dazzling Gleam|p2a: Volcarona\n|-resisted|p2a: Volcarona|1\n|-damage|p2a: Volcarona|0 fnt\n|faint|p2a: Volcarona\n|\n|upkeep\n|\n|t:|1776574687\n|switch|p2b: Excadrill|Excadrill, L50, F|61/100 brn\n|turn|7\n|\n|t:|1776574694\n|move|p1b: Sinistcha|Life Dew|p1b: Sinistcha|[spread] p1a,p1b\n|-heal|p1a: Floette|70/100\n|-heal|p1b: Sinistcha|100/100\n|move|p1a: Floette|Moonblast|p2b: Excadrill\n|-resisted|p2b: Excadrill|1\n|-damage|p2b: Excadrill|0 fnt\n|faint|p2b: Excadrill\n|\n|win|Bman311\n|raw|Bman311's rating: 1492 &rarr; <strong>1516</strong><br />(+24 for winning)\n|raw|DracoShower94's rating: 1560 &rarr; <strong>1536</strong><br />(-24 for losing)\n|l|\u2606DracoShower94\n|player|p2|\n|l|\u2606Bman311\n|player|p1|\n",
  "uploadtime": 1776574705,
  "views": 25,
  "formatid": "gen9championsvgc2026regma",
  "rating": 1516,
  "private": 0,
  "password": null
}