{
  "id": "gen9championsvgc2026regma-2585592721",
  "format": "[Gen 9 Champions] VGC 2026 Reg M-A",
  "players": [
    "yumlll",
    "Zapdos79"
  ],
  "log": "|j|\u2606yumlll\n|j|\u2606Zapdos79\n|t:|1776357616\n|gametype|doubles\n|player|p1|yumlll|falkner|1183\n|player|p2|Zapdos79|flannery|1149\n|gen|9\n|tier|[Gen 9 Champions] VGC 2026 Reg M-A\n|rated|\n|rule|Species Clause: Limit one of each Pok\u00e9mon\n|rule|Item Clause: Limit 1 of each item\n|clearpoke\n|poke|p1|Umbreon, L50, F|\n|poke|p1|Incineroar, L50, M|\n|poke|p1|Gengar, L50, M|\n|poke|p1|Clefable, L50, F|\n|poke|p1|Stunfisk-Galar, L50, F|\n|poke|p1|Toxapex, L50, M|\n|poke|p2|Tyranitar, L50, F|\n|poke|p2|Basculegion, L50, M|\n|poke|p2|Excadrill, L50, F|\n|poke|p2|Meganium, L50, F|\n|poke|p2|Farigiraf, L50, M|\n|poke|p2|Incineroar, L50, F|\n|teampreview|4\n|j| prophets_vision\n|c|\u2606yumlll|hi\n|\n|t:|1776357664\n|teamsize|p1|4\n|teamsize|p2|4\n|start\n|switch|p1a: Umbreon|Umbreon, L50, F|100/100\n|switch|p1b: Toxapex|Toxapex, L50, M|100/100\n|switch|p2a: Tyranitar|Tyranitar, L50, F|100/100\n|switch|p2b: Excadrill|Excadrill, L50, F|100/100\n|-weather|Sandstorm|[from] ability: Sand Stream|[of] p2a: Tyranitar\n|turn|1\n|\n|t:|1776357683\n|move|p1b: Toxapex|Wide Guard|p1b: Toxapex\n|-singleturn|p1b: Toxapex|Wide Guard\n|move|p2b: Excadrill|High Horsepower|p1b: Toxapex\n|-supereffective|p1b: Toxapex|1\n|-damage|p1b: Toxapex|34/100\n|move|p2a: Tyranitar|Rock Slide|p1b: Toxapex|[spread] \n|-activate|p1a: Umbreon|move: Wide Guard\n|-activate|p1b: Toxapex|move: Wide Guard\n|move|p1a: Umbreon|Yawn|p2a: Tyranitar\n|-start|p2a: Tyranitar|move: Yawn|[of] p1a: Umbreon\n|\n|-weather|Sandstorm|[upkeep]\n|-damage|p1a: Umbreon|95/100|[from] Sandstorm\n|-damage|p1b: Toxapex|29/100|[from] Sandstorm\n|-heal|p1a: Umbreon|100/100|[from] item: Leftovers\n|upkeep\n|turn|2\n|\n|t:|1776357712\n|switch|p2a: Farigiraf|Farigiraf, L50, M|100/100\n|move|p2b: Excadrill|High Horsepower|p1a: Umbreon\n|-damage|p1a: Umbreon|71/100\n|move|p1a: Umbreon|Yawn|p2b: Excadrill\n|-start|p2b: Excadrill|move: Yawn|[of] p1a: Umbreon\n|move|p1b: Toxapex|Infestation|p2b: Excadrill\n|-resisted|p2b: Excadrill|1\n|-damage|p2b: Excadrill|98/100\n|-activate|p2b: Excadrill|move: Infestation|[of] p1b: Toxapex\n|\n|-weather|Sandstorm|[upkeep]\n|-damage|p2a: Farigiraf|94/100|[from] Sandstorm\n|-damage|p1a: Umbreon|65/100|[from] Sandstorm\n|-damage|p1b: Toxapex|23/100|[from] Sandstorm\n|-heal|p1a: Umbreon|71/100|[from] item: Leftovers\n|-damage|p2b: Excadrill|86/100|[from] move: Infestation|[partiallytrapped]\n|upkeep\n|turn|3\n|\n|t:|1776357745\n|move|p2b: Excadrill|High Horsepower|p1a: Umbreon\n|-damage|p1a: Umbreon|38/100\n|move|p2a: Farigiraf|Thunder Wave|p1a: Umbreon\n|-status|p1a: Umbreon|par\n|move|p1b: Toxapex|Infestation|p2a: Farigiraf\n|-supereffective|p2a: Farigiraf|1\n|-damage|p2a: Farigiraf|90/100\n|-activate|p2a: Farigiraf|move: Infestation|[of] p1b: Toxapex\n|move|p1a: Umbreon|Yawn|p2a: Farigiraf\n|-start|p2a: Farigiraf|move: Yawn|[of] p1a: Umbreon\n|\n|-weather|Sandstorm|[upkeep]\n|-damage|p2a: Farigiraf|84/100|[from] Sandstorm\n|-damage|p1b: Toxapex|17/100|[from] Sandstorm\n|-damage|p1a: Umbreon|32/100 par|[from] Sandstorm\n|-heal|p1a: Umbreon|38/100 par|[from] item: Leftovers\n|-damage|p2b: Excadrill|73/100|[from] move: Infestation|[partiallytrapped]\n|-damage|p2a: Farigiraf|71/100|[from] move: Infestation|[partiallytrapped]\n|-end|p2b: Excadrill|move: Yawn|[silent]\n|-status|p2b: Excadrill|slp\n|upkeep\n|turn|4\n|\n|t:|1776357761\n|switch|p1a: Gengar|Gengar, L50, M|100/100\n|cant|p2b: Excadrill|slp\n|move|p2a: Farigiraf|Psychic|p1b: Toxapex\n|-supereffective|p1b: Toxapex|1\n|-damage|p1b: Toxapex|0 fnt\n|faint|p1b: Toxapex\n|\n|-weather|Sandstorm|[upkeep]\n|-damage|p1a: Gengar|95/100|[from] Sandstorm\n|-damage|p2a: Farigiraf|65/100|[from] Sandstorm\n|-end|p2b: Excadrill|Infestation|[partiallytrapped]|[silent]\n|-end|p2a: Farigiraf|Infestation|[partiallytrapped]|[silent]\n|-end|p2a: Farigiraf|move: Yawn|[silent]\n|-status|p2a: Farigiraf|slp\n|upkeep\n|\n|t:|1776357772\n|switch|p1b: Umbreon|Umbreon, L50, F|38/100 par\n|turn|5\n|\n|t:|1776357782\n|detailschange|p1a: Gengar|Gengar-Mega, L50, M\n|-mega|p1a: Gengar|Gengar|Gengarite\n|cant|p2a: Farigiraf|slp\n|cant|p2b: Excadrill|slp\n|move|p1a: Gengar|Perish Song|p1a: Gengar\n|-start|p1a: Gengar|perish3|[silent]\n|-start|p1b: Umbreon|perish3|[silent]\n|-start|p2a: Farigiraf|perish3|[silent]\n|-start|p2b: Excadrill|perish3|[silent]\n|-fieldactivate|move: Perish Song\n|move|p1b: Umbreon|Snarl|p2a: Farigiraf|[spread] p2a,p2b\n|-supereffective|p2a: Farigiraf|1\n|-damage|p2a: Farigiraf|51/100 slp\n|-damage|p2b: Excadrill|61/100 slp\n|-unboost|p2a: Farigiraf|spa|1\n|-unboost|p2b: Excadrill|spa|1\n|-enditem|p2b: Excadrill|White Herb\n|-clearnegativeboost|p2b: Excadrill|[silent]\n|\n|-weather|none\n|-heal|p1b: Umbreon|44/100 par|[from] item: Leftovers\n|-start|p2b: Excadrill|perish3\n|-start|p1a: Gengar|perish3\n|-start|p2a: Farigiraf|perish3\n|-start|p1b: Umbreon|perish3\n|upkeep\n|turn|6\n|\n|t:|1776357811\n|move|p1a: Gengar|Protect|p1a: Gengar\n|-singleturn|p1a: Gengar|Protect\n|-curestatus|p2b: Excadrill|slp|[msg]\n|move|p2b: Excadrill|High Horsepower|p1b: Umbreon\n|-damage|p1b: Umbreon|9/100 par\n|cant|p2a: Farigiraf|slp\n|move|p1b: Umbreon|Yawn|p2b: Excadrill\n|-start|p2b: Excadrill|move: Yawn|[of] p1b: Umbreon\n|\n|-heal|p1b: Umbreon|15/100 par|[from] item: Leftovers\n|-start|p1a: Gengar|perish2\n|-start|p2b: Excadrill|perish2\n|-start|p2a: Farigiraf|perish2\n|-start|p1b: Umbreon|perish2\n|upkeep\n|turn|7\n|\n|t:|1776357833\n|switch|p1a: Incineroar|Incineroar, L50, M|100/100\n|-ability|p1a: Incineroar|Intimidate|boost\n|-unboost|p2a: Farigiraf|atk|1\n|-unboost|p2b: Excadrill|atk|1\n|move|p2b: Excadrill|Iron Head|p1b: Umbreon\n|-damage|p1b: Umbreon|0 fnt\n|faint|p1b: Umbreon\n|-curestatus|p2a: Farigiraf|slp|[msg]\n|move|p2a: Farigiraf|Psychic|p1a: Incineroar\n|-immune|p1a: Incineroar\n|\n|-end|p2b: Excadrill|move: Yawn|[silent]\n|-status|p2b: Excadrill|slp\n|-start|p2b: Excadrill|perish1\n|-start|p2a: Farigiraf|perish1\n|upkeep\n|\n|t:|1776357845\n|switch|p1b: Gengar|Gengar-Mega, L50, M|95/100\n|turn|8\n|\n|t:|1776357860\n|move|p1b: Gengar|Protect|p1b: Gengar\n|-singleturn|p1b: Gengar|Protect\n|move|p1a: Incineroar|Protect|p1a: Incineroar\n|-singleturn|p1a: Incineroar|Protect\n|cant|p2b: Excadrill|slp\n|move|p2a: Farigiraf|Thunder Wave|p1a: Incineroar\n|-activate|p1a: Incineroar|move: Protect\n|\n|-start|p2b: Excadrill|perish0\n|-start|p2a: Farigiraf|perish0\n|faint|p2b: Excadrill\n|faint|p2a: Farigiraf\n|upkeep\n|\n|t:|1776357866\n|switch|p2b: Meganium|Meganium, L50, F|100/100\n|switch|p2a: Tyranitar|Tyranitar, L50, F|100/100\n|-weather|Sandstorm|[from] ability: Sand Stream|[of] p2a: Tyranitar\n|turn|9\n|\n|t:|1776357879\n|detailschange|p2b: Meganium|Meganium-Mega, L50, F\n|-mega|p2b: Meganium|Meganium|Meganiumite\n|move|p2b: Meganium|Protect|p2b: Meganium\n|-singleturn|p2b: Meganium|Protect\n|move|p1b: Gengar|Perish Song|p1b: Gengar\n|-start|p1a: Incineroar|perish3|[silent]\n|-start|p1b: Gengar|perish3|[silent]\n|-start|p2a: Tyranitar|perish3|[silent]\n|-start|p2b: Meganium|perish3|[silent]\n|-fieldactivate|move: Perish Song\n|move|p2a: Tyranitar|Knock Off|p1b: Gengar\n|-supereffective|p1b: Gengar|1\n|-damage|p1b: Gengar|11/100\n|move|p1a: Incineroar|Parting Shot|p2a: Tyranitar\n|-unboost|p2a: Tyranitar|atk|1\n|-unboost|p2a: Tyranitar|spa|1\n|\n|-weather|Sandstorm|[upkeep]\n|-damage|p1b: Gengar|5/100|[from] Sandstorm\n|-damage|p2b: Meganium|95/100|[from] Sandstorm\n|-damage|p1a: Incineroar|95/100|[from] Sandstorm\n|-start|p1b: Gengar|perish3\n|-start|p2b: Meganium|perish3\n|-start|p2a: Tyranitar|perish3\n|-start|p1a: Incineroar|perish3\n|upkeep\n|turn|10\n|\n|t:|1776357916\n|move|p1a: Incineroar|Protect|p1a: Incineroar\n|-singleturn|p1a: Incineroar|Protect\n|move|p1b: Gengar|Destiny Bond|p1b: Gengar\n|-singlemove|p1b: Gengar|Destiny Bond\n|move|p2b: Meganium|Dazzling Gleam|p1a: Incineroar|[spread] p1b\n|-activate|p1a: Incineroar|move: Protect\n|-resisted|p1b: Gengar|1\n|-damage|p1b: Gengar|0 fnt\n|faint|p1b: Gengar\n|-activate|p1b: Gengar|move: Destiny Bond\n|faint|p2b: Meganium\n|move|p2a: Tyranitar|Rock Slide|p1a: Incineroar\n|-activate|p1a: Incineroar|move: Protect\n|\n|-weather|Sandstorm|[upkeep]\n|-damage|p1a: Incineroar|89/100|[from] Sandstorm\n|-start|p2a: Tyranitar|perish2\n|-start|p1a: Incineroar|perish2\n|upkeep\n|turn|11\n|\n|t:|1776357935\n|move|p2a: Tyranitar|Rock Slide|p1a: Incineroar\n|-supereffective|p1a: Incineroar|1\n|-damage|p1a: Incineroar|46/100\n|-enditem|p1a: Incineroar|Sitrus Berry|[eat]\n|-heal|p1a: Incineroar|71/100|[from] item: Sitrus Berry\n|move|p1a: Incineroar|Parting Shot|p2a: Tyranitar\n|-unboost|p2a: Tyranitar|atk|1\n|-unboost|p2a: Tyranitar|spa|1\n|\n|-weather|Sandstorm|[upkeep]\n|-damage|p1a: Incineroar|65/100|[from] Sandstorm\n|-start|p2a: Tyranitar|perish1\n|-start|p1a: Incineroar|perish1\n|upkeep\n|turn|12\n|\n|t:|1776357944\n|move|p1a: Incineroar|Protect|p1a: Incineroar\n|-singleturn|p1a: Incineroar|Protect\n|move|p2a: Tyranitar|Rock Slide|p1a: Incineroar\n|-activate|p1a: Incineroar|move: Protect\n|\n|-weather|Sandstorm|[upkeep]\n|-damage|p1a: Incineroar|59/100|[from] Sandstorm\n|-start|p2a: Tyranitar|perish0\n|-start|p1a: Incineroar|perish0\n|faint|p2a: Tyranitar\n|faint|p1a: Incineroar\n|\n|win|yumlll\n|raw|yumlll's rating: 1183 &rarr; <strong>1206</strong><br />(+23 for winning)\n|raw|Zapdos79's rating: 1149 &rarr; <strong>1126</strong><br />(-23 for losing)\n|l|\u2606yumlll\n|player|p1|\n|l|\u2606Zapdos79\n|player|p2|\n|l| prophets_vision\n|j|\u2606yumlll\n|player|p1|yumlll|falkner|\n",
  "uploadtime": 1776357957,
  "views": 45,
  "formatid": "gen9championsvgc2026regma",
  "rating": 1126,
  "private": 0,
  "password": null
}