{
  "id": "gen9championsvgc2026regma-2581951024",
  "format": "[Gen 9 Champions] VGC 2026 Reg M-A",
  "players": [
    "Churinhos",
    "johnkharkiv"
  ],
  "log": "|j|\u2606Churinhos\n|j|\u2606johnkharkiv\n|t:|1776042604\n|gametype|doubles\n|player|p1|Churinhos|266|1097\n|player|p2|johnkharkiv|swimmerf-gen4dp|1073\n|gen|9\n|tier|[Gen 9 Champions] VGC 2026 Reg M-A\n|rated|\n|rule|Species Clause: Limit one of each Pok\u00e9mon\n|rule|Item Clause: Limit 1 of each item\n|clearpoke\n|poke|p1|Charizard, L50, F|\n|poke|p1|Sneasler, L50, M|\n|poke|p1|Kingambit, L50, M|\n|poke|p1|Garchomp, L50, M|\n|poke|p1|Dragapult, L50, M|\n|poke|p1|Maushold, L50|\n|poke|p2|Politoed, L50, M|\n|poke|p2|Chesnaught, L50, F|\n|poke|p2|Sinistcha-Masterpiece, L50|\n|poke|p2|Slowbro, L50, F|\n|poke|p2|Incineroar, L50, F|\n|poke|p2|Kleavor, L50, M|\n|teampreview|4\n|\n|t:|1776042626\n|teamsize|p1|4\n|teamsize|p2|4\n|start\n|switch|p1a: Sneasler|Sneasler, L50, M|100/100\n|switch|p1b: Garchomp|Garchomp, L50, M|100/100\n|switch|p2a: Kleavor|Kleavor, L50, M|100/100\n|switch|p2b: Psycho Killer|Slowbro, L50, F, shiny|100/100\n|turn|1\n|\n|t:|1776042645\n|move|p1a: Sneasler|Feint|p2a: Kleavor\n|-resisted|p2a: Kleavor|1\n|-damage|p2a: Kleavor|94/100\n|move|p1b: Garchomp|Stone Edge|p2a: Kleavor|[miss]\n|-miss|p1b: Garchomp|p2a: Kleavor\n|move|p2a: Kleavor|Stone Axe|p1a: Sneasler\n|-resisted|p1a: Sneasler|1\n|-damage|p1a: Sneasler|52/100\n|-sidestart|p1: Churinhos|move: Stealth Rock\n|move|p2b: Psycho Killer|Trick Room|p2b: Psycho Killer\n|-fieldstart|move: Trick Room|[of] p2b: Psycho Killer\n|\n|upkeep\n|turn|2\n|\n|t:|1776042662\n|switch|p2a: Chesnutty|Chesnaught, L50, F|100/100\n|switch|p1a: Maushold|Maushold, L50|100/100\n|-damage|p1a: Maushold|88/100|[from] Stealth Rock\n|move|p2b: Psycho Killer|Zen Headbutt|p1a: Maushold\n|-damage|p1a: Maushold|57/100\n|move|p1b: Garchomp|Stone Edge|p2a: Chesnutty\n|-resisted|p2a: Chesnutty|1\n|-damage|p2a: Chesnutty|82/100\n|\n|upkeep\n|turn|3\n|\n|t:|1776042678\n|detailschange|p2a: Chesnutty|Chesnaught-Mega, L50, F\n|-mega|p2a: Chesnutty|Chesnaught|Chesnaughtite\n|move|p1a: Maushold|Protect|p1a: Maushold\n|-singleturn|p1a: Maushold|Protect\n|move|p2b: Psycho Killer|Liquidation|p1a: Maushold\n|-activate|p1a: Maushold|move: Protect\n|move|p2a: Chesnutty|Belly Drum|p2a: Chesnutty\n|-damage|p2a: Chesnutty|33/100\n|-setboost|p2a: Chesnutty|atk|6|[from] move: Belly Drum\n|move|p1b: Garchomp|Stone Edge|p2b: Psycho Killer\n|-damage|p2b: Psycho Killer|67/100\n|\n|upkeep\n|turn|4\n|\n|t:|1776042696\n|move|p1a: Maushold|Follow Me|p1a: Maushold\n|-singleturn|p1a: Maushold|move: Follow Me\n|move|p2b: Psycho Killer|Psych Up|p1a: Maushold\n|-copyboost|p2b: Psycho Killer|p1a: Maushold|[from] move: Psych Up\n|move|p2a: Chesnutty|Drain Punch|p1a: Maushold\n|-supereffective|p1a: Maushold|1\n|-enditem|p1a: Maushold|Chople Berry|[eat]\n|-enditem|p1a: Maushold|Chople Berry|[weaken]\n|-damage|p1a: Maushold|0 fnt\n|-heal|p2a: Chesnutty|64/100|[from] drain|[of] p1a: Maushold\n|faint|p1a: Maushold\n|move|p1b: Garchomp|Stone Edge|p2a: Chesnutty\n|-resisted|p2a: Chesnutty|1\n|-damage|p2a: Chesnutty|52/100\n|\n|upkeep\n|\n|t:|1776042711\n|switch|p1a: Charizard|Charizard, L50, F|100/100\n|-damage|p1a: Charizard|51/100|[from] Stealth Rock\n|turn|5\n|inactive|Battle timer is ON: inactive players will automatically lose when time's up. (requested by Churinhos)\n|\n|t:|1776042732\n|detailschange|p1a: Charizard|Charizard-Mega-Y, L50, F\n|-mega|p1a: Charizard|Charizard|Charizardite Y\n|-weather|SunnyDay|[from] ability: Drought|[of] p1a: Charizard\n|move|p1a: Charizard|Protect|p1a: Charizard\n|-singleturn|p1a: Charizard|Protect\n|move|p2b: Psycho Killer|Psych Up|p2a: Chesnutty\n|-copyboost|p2b: Psycho Killer|p2a: Chesnutty|[from] move: Psych Up\n|move|p2a: Chesnutty|Drain Punch|p1b: Garchomp\n|-damage|p1b: Garchomp|0 fnt\n|-heal|p2a: Chesnutty|100/100|[from] drain|[of] p1b: Garchomp\n|-damage|p2a: Chesnutty|88/100|[from] ability: Rough Skin|[of] p1b: Garchomp\n|faint|p1b: Garchomp\n|\n|-weather|SunnyDay|[upkeep]\n|-fieldend|move: Trick Room\n|upkeep\n|\n|t:|1776042746\n|switch|p1b: Sneasler|Sneasler, L50, M|52/100\n|-damage|p1b: Sneasler|46/100|[from] Stealth Rock\n|turn|6\n|\n|t:|1776042757\n|move|p2a: Chesnutty|Spiky Shield|p2a: Chesnutty\n|-singleturn|p2a: Chesnutty|move: Protect\n|move|p1b: Sneasler|Fake Out|p2b: Psycho Killer\n|-damage|p2b: Psycho Killer|55/100\n|move|p1a: Charizard|Heat Wave|p2a: Chesnutty|[spread] p2b\n|-activate|p2a: Chesnutty|move: Protect\n|-resisted|p2b: Psycho Killer|1\n|-damage|p2b: Psycho Killer|28/100\n|cant|p2b: Psycho Killer|flinch\n|\n|-weather|SunnyDay|[upkeep]\n|upkeep\n|turn|7\n|\n|t:|1776042780\n|switch|p2b: The OG Pelipper|Politoed, L50, M, shiny|100/100\n|-weather|RainDance|[from] ability: Drizzle|[of] p2b: The OG Pelipper\n|move|p1b: Sneasler|Dire Claw|p2b: The OG Pelipper\n|-damage|p2b: The OG Pelipper|60/100\n|move|p1a: Charizard|Heat Wave|p2b: The OG Pelipper|[spread] p2a,p2b\n|-supereffective|p2a: Chesnutty|1\n|-resisted|p2b: The OG Pelipper|1\n|-damage|p2a: Chesnutty|59/100\n|-damage|p2b: The OG Pelipper|47/100\n|-status|p2a: Chesnutty|brn\n|move|p2a: Chesnutty|Drain Punch|p1b: Sneasler\n|-resisted|p1b: Sneasler|1\n|-crit|p1b: Sneasler\n|-damage|p1b: Sneasler|0 fnt\n|-heal|p2a: Chesnutty|81/100 brn|[from] drain|[of] p1b: Sneasler\n|faint|p1b: Sneasler\n|\n|-weather|RainDance|[upkeep]\n|-damage|p2a: Chesnutty|75/100 brn|[from] brn\n|upkeep\n|turn|8\n|\n|t:|1776042799\n|move|p1a: Charizard|Protect|p1a: Charizard\n|-singleturn|p1a: Charizard|Protect\n|move|p2b: The OG Pelipper|Muddy Water|p1a: Charizard\n|-activate|p1a: Charizard|move: Protect\n|move|p2a: Chesnutty|Drain Punch|p1a: Charizard\n|-activate|p1a: Charizard|move: Protect\n|\n|-weather|RainDance|[upkeep]\n|-damage|p2a: Chesnutty|69/100 brn|[from] brn\n|upkeep\n|turn|9\n|-message|Churinhos forfeited.\n|\n|win|johnkharkiv\n|raw|Churinhos's rating: 1097 &rarr; <strong>1071</strong><br />(-26 for losing)\n|raw|johnkharkiv's rating: 1073 &rarr; <strong>1104</strong><br />(+31 for winning)\n|l|\u2606Churinhos\n|player|p1|\n|l|\u2606johnkharkiv\n|player|p2|\n|j|\u2606johnkharkiv\n|player|p2|johnkharkiv|swimmerf-gen4dp|\n|l|\u2606johnkharkiv\n|player|p2|\n|j|\u2606johnkharkiv\n|player|p2|johnkharkiv|swimmerf-gen4dp|\n",
  "uploadtime": 1776043023,
  "views": 11,
  "formatid": "gen9championsvgc2026regma",
  "rating": 1071,
  "private": 0,
  "password": null
}