{
  "id": "gen9championsvgc2026regma-2583992842",
  "format": "[Gen 9 Champions] VGC 2026 Reg M-A",
  "players": [
    "jontar gurning",
    "Bmcqueen"
  ],
  "log": "|j|\u2606jontar gurning\n|j|\u2606Bmcqueen\n|t:|1776214914\n|gametype|doubles\n|player|p1|jontar gurning|swimmerf-gen4dp|1028\n|player|p2|Bmcqueen|170|1000\n|gen|9\n|tier|[Gen 9 Champions] VGC 2026 Reg M-A\n|rated|\n|rule|Species Clause: Limit one of each Pok\u00e9mon\n|rule|Item Clause: Limit 1 of each item\n|clearpoke\n|poke|p1|Incineroar, L50, F|\n|poke|p1|Camerupt, L50, F|\n|poke|p1|Mimikyu, L50, M|\n|poke|p1|Venusaur, L50, F|\n|poke|p1|Alakazam, L50, F|\n|poke|p1|Torkoal, L50, F|\n|poke|p2|Wyrdeer, L50, M|\n|poke|p2|Sinistcha, L50|\n|poke|p2|Kingambit, L50, F|\n|poke|p2|Golurk, L50|\n|poke|p2|Milotic, L50, M|\n|poke|p2|Rotom-Heat, L50|\n|teampreview|4\n|inactive|Battle timer is ON: inactive players will automatically lose when time's up. (requested by Bmcqueen)\n|inactive|jontar gurning has 60 seconds left.\n|inactive|Bmcqueen has 60 seconds left.\n|\n|t:|1776214963\n|teamsize|p1|4\n|teamsize|p2|4\n|start\n|switch|p1a: Alakazam|Alakazam, L50, F|100/100\n|switch|p1b: Venusaur|Venusaur, L50, F|100/100\n|switch|p2a: Milotic|Milotic, L50, M|100/100\n|switch|p2b: Wyrdeer|Wyrdeer, L50, M|100/100\n|-ability|p2b: Wyrdeer|Intimidate|boost\n|-fail|p1a: Alakazam|unboost|Attack|[from] ability: Inner Focus|[of] p1a: Alakazam\n|-unboost|p1b: Venusaur|atk|1\n|turn|1\n|\n|t:|1776214980\n|switch|p2a: Rotom|Rotom-Heat, L50|100/100\n|detailschange|p1b: Venusaur|Venusaur-Mega, L50, F\n|-mega|p1b: Venusaur|Venusaur|Venusaurite\n|move|p1a: Alakazam|Light Screen|p1a: Alakazam\n|-sidestart|p1: jontar gurning|move: Light Screen\n|move|p1b: Venusaur|Leech Seed|p2a: Rotom\n|-start|p2a: Rotom|move: Leech Seed\n|move|p2b: Wyrdeer|Trick Room|p2b: Wyrdeer\n|-fieldstart|move: Trick Room|[of] p2b: Wyrdeer\n|\n|-damage|p2a: Rotom|88/100|[from] Leech Seed|[of] p1b: Venusaur\n|upkeep\n|turn|2\n|\n|t:|1776215004\n|switch|p1a: Incineroar|Incineroar, L50, F|100/100\n|-ability|p1a: Incineroar|Intimidate|boost\n|-unboost|p2a: Rotom|atk|1\n|-unboost|p2b: Wyrdeer|atk|1\n|move|p2b: Wyrdeer|Psychic|p1b: Venusaur\n|-supereffective|p1b: Venusaur|1\n|-damage|p1b: Venusaur|66/100\n|move|p1b: Venusaur|Leech Seed|p2b: Wyrdeer\n|-start|p2b: Wyrdeer|move: Leech Seed\n|move|p2a: Rotom|Overheat|p1b: Venusaur|[miss]\n|-miss|p2a: Rotom|p1b: Venusaur\n|\n|-damage|p2b: Wyrdeer|88/100|[from] Leech Seed|[of] p1b: Venusaur\n|-heal|p1b: Venusaur|80/100|[silent]\n|-damage|p2a: Rotom|75/100|[from] Leech Seed|[of] p1b: Venusaur\n|-heal|p1b: Venusaur|88/100|[silent]\n|upkeep\n|turn|3\n|inactive|Bmcqueen has 30 seconds left.\n|inactive|Bmcqueen has 20 seconds left.\n|\n|t:|1776215041\n|switch|p2a: Milotic|Milotic, L50, M|100/100\n|move|p2b: Wyrdeer|Psychic|p1b: Venusaur\n|-supereffective|p1b: Venusaur|1\n|-damage|p1b: Venusaur|53/100\n|move|p1a: Incineroar|Darkest Lariat|p2b: Wyrdeer\n|-supereffective|p2b: Wyrdeer|1\n|-damage|p2b: Wyrdeer|7/100\n|-enditem|p2b: Wyrdeer|Sitrus Berry|[eat]\n|-heal|p2b: Wyrdeer|32/100|[from] item: Sitrus Berry\n|move|p1b: Venusaur|Giga Drain|p2b: Wyrdeer\n|-damage|p2b: Wyrdeer|5/100\n|-heal|p1b: Venusaur|69/100|[from] drain|[of] p2b: Wyrdeer\n|\n|-damage|p2b: Wyrdeer|0 fnt|[from] Leech Seed|[of] p1b: Venusaur\n|-heal|p1b: Venusaur|74/100|[silent]\n|faint|p2b: Wyrdeer\n|upkeep\n|\n|t:|1776215049\n|switch|p2b: Golurk|Golurk, L50|100/100\n|turn|4\n|inactive|jontar gurning has 30 seconds left.\n|\n|t:|1776215082\n|detailschange|p2b: Golurk|Golurk-Mega, L50\n|-mega|p2b: Golurk|Golurk|Golurkite\n|move|p2b: Golurk|Poltergeist|p1b: Venusaur\n|-activate|p1b: Venusaur|move: Poltergeist|Venusaurite\n|-damage|p1b: Venusaur|27/100\n|move|p1a: Incineroar|Parting Shot|p2b: Golurk\n|-unboost|p2b: Golurk|atk|1\n|-unboost|p2b: Golurk|spa|1\n|\n|t:|1776215093\n|switch|p1a: Mimikyu|Mimikyu, L50, M|100/100|[from] Parting Shot\n|move|p1b: Venusaur|Leech Seed|p2a: Milotic\n|-start|p2a: Milotic|move: Leech Seed\n|move|p2a: Milotic|Scald|p1a: Mimikyu\n|-activate|p1a: Mimikyu|ability: Disguise\n|-damage|p1a: Mimikyu|100/100\n|detailschange|p1a: Mimikyu|Mimikyu-Busted, L50, M\n|-damage|p1a: Mimikyu|88/100|[from] pokemon: Mimikyu-Busted\n|\n|-damage|p2a: Milotic|88/100|[from] Leech Seed|[of] p1b: Venusaur\n|-heal|p1b: Venusaur|40/100|[silent]\n|upkeep\n|turn|5\n|\n|t:|1776215108\n|switch|p2a: Rotom|Rotom-Heat, L50|75/100\n|move|p1b: Venusaur|Protect|p1b: Venusaur\n|-singleturn|p1b: Venusaur|Protect\n|move|p2b: Golurk|Earthquake|p1b: Venusaur|[spread] p1a\n|-activate|p1b: Venusaur|move: Protect\n|-immune|p2a: Rotom|[from] ability: Levitate\n|-damage|p1a: Mimikyu|47/100\n|move|p1a: Mimikyu|Will-O-Wisp|p2b: Golurk\n|-status|p2b: Golurk|brn\n|\n|-damage|p2b: Golurk|94/100 brn|[from] brn\n|-sideend|p1: jontar gurning|move: Light Screen\n|-fieldend|move: Trick Room\n|upkeep\n|turn|6\n|inactive|jontar gurning has 30 seconds left.\n|\n|t:|1776215142\n|switch|p1a: Incineroar|Incineroar, L50, F|100/100\n|-ability|p1a: Incineroar|Intimidate|boost\n|-unboost|p2a: Rotom|atk|1\n|-unboost|p2b: Golurk|atk|1\n|move|p1b: Venusaur|Protect||[still]\n|-fail|p1b: Venusaur\n|move|p2a: Rotom|Electroweb|p1b: Venusaur|[spread] p1a,p1b\n|-resisted|p1b: Venusaur|1\n|-damage|p1a: Incineroar|84/100\n|-damage|p1b: Venusaur|34/100\n|-unboost|p1a: Incineroar|spe|1\n|-unboost|p1b: Venusaur|spe|1\n|move|p2b: Golurk|Earthquake|p1b: Venusaur|[spread] p1a,p1b\n|-immune|p2a: Rotom|[from] ability: Levitate\n|-supereffective|p1a: Incineroar|1\n|-damage|p1a: Incineroar|64/100\n|-damage|p1b: Venusaur|26/100\n|\n|-damage|p2b: Golurk|88/100 brn|[from] brn\n|upkeep\n|turn|7\n|\n|t:|1776215165\n|move|p1a: Incineroar|Fake Out|p2a: Rotom\n|-damage|p2a: Rotom|61/100\n|cant|p2a: Rotom|flinch\n|move|p2b: Golurk|Headlong Rush|p1b: Venusaur\n|-damage|p1b: Venusaur|13/100\n|-unboost|p2b: Golurk|def|1\n|-unboost|p2b: Golurk|spd|1\n|move|p1b: Venusaur|Giga Drain|p2b: Golurk\n|-supereffective|p2b: Golurk|1\n|-damage|p2b: Golurk|12/100 brn\n|-heal|p1b: Venusaur|53/100|[from] drain|[of] p2b: Golurk\n|\n|-damage|p2b: Golurk|6/100 brn|[from] brn\n|upkeep\n|turn|8\n|inactive|jontar gurning has 30 seconds left.\n|\n|t:|1776215195\n|move|p2a: Rotom|Electroweb|p1a: Incineroar|[spread] p1a,p1b\n|-resisted|p1b: Venusaur|1\n|-damage|p1a: Incineroar|48/100\n|-damage|p1b: Venusaur|46/100\n|-unboost|p1a: Incineroar|spe|1\n|-unboost|p1b: Venusaur|spe|1\n|move|p2b: Golurk|Earthquake|p1b: Venusaur|[spread] p1a,p1b\n|-immune|p2a: Rotom|[from] ability: Levitate\n|-supereffective|p1a: Incineroar|1\n|-damage|p1a: Incineroar|28/100\n|-damage|p1b: Venusaur|38/100\n|move|p1b: Venusaur|Leech Seed|p2a: Rotom\n|-start|p2a: Rotom|move: Leech Seed\n|move|p1a: Incineroar|Darkest Lariat|p2a: Rotom\n|-crit|p2a: Rotom\n|-damage|p2a: Rotom|0 fnt\n|faint|p2a: Rotom\n|\n|-damage|p2b: Golurk|0 fnt|[from] brn\n|faint|p2b: Golurk\n|upkeep\n|\n|t:|1776215204\n|switch|p2b: Milotic|Milotic, L50, M|88/100\n|turn|9\n|-message|Bmcqueen forfeited.\n|\n|win|jontar gurning\n|raw|jontar gurning's rating: 1028 &rarr; <strong>1061</strong><br />(+33 for winning)\n|raw|Bmcqueen's rating: 1000 &rarr; <strong>1000</strong><br />(+0 for losing)\n|l|\u2606Bmcqueen\n|player|p2|\n",
  "uploadtime": 1776215240,
  "views": 16,
  "formatid": "gen9championsvgc2026regma",
  "rating": 1000,
  "private": 0,
  "password": null
}