{
  "id": "gen9championsvgc2026regma-2583900775",
  "format": "[Gen 9 Champions] VGC 2026 Reg M-A",
  "players": [
    "Easy L's",
    "grape city"
  ],
  "log": "|j|\u2606Easy L's\n|j|\u2606grape city\n|t:|1776206711\n|gametype|doubles\n|player|p1|Easy L's|265|\n|player|p2|grape city|infielder|\n|gen|9\n|tier|[Gen 9 Champions] VGC 2026 Reg M-A\n|rated|Tournament battle\n|rule|Species Clause: Limit one of each Pok\u00e9mon\n|rule|Item Clause: Limit 1 of each item\n|raw|<div class=\"infobox\"><details class=\"readmore\" open><summary><strong>1 custom rule:</strong></summary> Force Open Team Sheets</details></div>\n|clearpoke\n|poke|p1|Basculegion, L50, M|\n|poke|p1|Incineroar, L50, F|\n|poke|p1|Sneasler, L50, F|\n|poke|p1|Floette-Eternal, L50, F|\n|poke|p1|Whimsicott, L50, F|\n|poke|p1|Garchomp, L50, F|\n|poke|p2|Gengar, L50, F|\n|poke|p2|Kommo-o, L50, F|\n|poke|p2|Incineroar, L50, M|\n|poke|p2|Palafin, L50, F|\n|poke|p2|Maushold, L50|\n|poke|p2|Pelipper, L50, M|\n|teampreview|4\n|showteam|p1|Basculegion||ChoiceScarf|Adaptability|WaveCrash,AquaJet,FlipTurn,LastRespects|||M|||50|]Incineroar||SitrusBerry|Intimidate|FakeOut,DarkestLariat,FlareBlitz,PartingShot|||F|||50|]Sneasler||WhiteHerb|Unburden|CloseCombat,DireClaw,ThroatChop,Protect|||F|||50|]Floette-Eternal||Floettite|FlowerVeil|Moonblast,DazzlingGleam,Psychic,Protect|||F|||50|]Whimsicott||FocusSash|Prankster|Moonblast,Tailwind,Encore,Protect|||F|||50|]Garchomp||LumBerry|RoughSkin|StompingTantrum,DragonClaw,PoisonJab,Protect|||F|||50|\n|showteam|p2|Gengar||Gengarite|CursedBody|ShadowBall,SludgeBomb,IcyWind,Protect|||F|||50|]Kommo-o||DragonFang|Overcoat|ClangingScales,AuraSphere,ClangorousSoul,Protect|||F|||50|]Incineroar||PasshoBerry|Intimidate|FlareBlitz,ThroatChop,FakeOut,PartingShot|||M|||50|]Palafin||MysticWater|ZerotoHero|WaveCrash,JetPunch,CloseCombat,Protect|||F|||50|]Maushold||FocusSash|FriendGuard|SuperFang,FollowMe,Encore,Protect||||||50|]Pelipper||ChoiceScarf|Drizzle|Hurricane,MuddyWater,WeatherBall,Tailwind|||M|||50|\n|inactive|Battle timer is ON: inactive players will automatically lose when time's up. (requested by Easy L's)\n|inactive|grape city has 60 seconds left.\n|\n|t:|1776206766\n|teamsize|p1|4\n|teamsize|p2|4\n|start\n|switch|p1a: Basculegion|Basculegion, L50, M|100/100\n|switch|p1b: Sneasler|Sneasler, L50, F|100/100\n|switch|p2a: Gengar|Gengar, L50, F|100/100\n|switch|p2b: Palafin|Palafin, L50, F|100/100\n|turn|1\n|inactive|grape city has 30 seconds left.\n|inactive|grape city has 20 seconds left.\n|inactive|grape city has 15 seconds left.\n|inactive|Easy L's has 30 seconds left.\n|\n|t:|1776206814\n|move|p2a: Gengar|Protect|p2a: Gengar\n|-singleturn|p2a: Gengar|Protect\n|move|p2b: Palafin|Protect|p2b: Palafin\n|-singleturn|p2b: Palafin|Protect\n|move|p1a: Basculegion|Wave Crash|p2a: Gengar\n|-activate|p2a: Gengar|move: Protect\n|move|p1b: Sneasler|Close Combat|p2b: Palafin\n|-activate|p2b: Palafin|move: Protect\n|\n|upkeep\n|turn|2\n|inactive|grape city has 30 seconds left.\n|\n|t:|1776206844\n|detailschange|p2b: Palafin|Palafin-Hero, L50, F\n|switch|p2b: Incineroar|Incineroar, L50, M|100/100\n|-ability|p2b: Incineroar|Intimidate|boost\n|-unboost|p1a: Basculegion|atk|1\n|-unboost|p1b: Sneasler|atk|1\n|-enditem|p1b: Sneasler|White Herb\n|-clearnegativeboost|p1b: Sneasler|[silent]\n|detailschange|p2a: Gengar|Gengar-Mega, L50, F\n|-mega|p2a: Gengar|Gengar|Gengarite\n|move|p1b: Sneasler|Close Combat|p2b: Incineroar\n|-supereffective|p2b: Incineroar|1\n|-damage|p2b: Incineroar|0 fnt\n|-unboost|p1b: Sneasler|def|1\n|-unboost|p1b: Sneasler|spd|1\n|faint|p2b: Incineroar\n|move|p1a: Basculegion|Wave Crash|p2a: Gengar\n|-damage|p2a: Gengar|28/100\n|-damage|p1a: Basculegion|85/100|[from] Recoil\n|move|p2a: Gengar|Shadow Ball|p1a: Basculegion\n|-supereffective|p1a: Basculegion|1\n|-damage|p1a: Basculegion|0 fnt\n|faint|p1a: Basculegion\n|\n|upkeep\n|inactive|grape city has 30 seconds left.\n|inactive|grape city has 20 seconds left.\n|inactive|grape city has 15 seconds left.\n|\n|t:|1776206887\n|switch|p1a: Floette|Floette-Eternal, L50, F|100/100\n|switch|p2b: Palafin|Palafin-Hero, L50, F|100/100\n|-activate|p2b: Palafin|ability: Zero to Hero\n|turn|3\n|inactive|Easy L's has 30 seconds left.\n|inactive|grape city has 30 seconds left.\n|inactive|Easy L's has 20 seconds left.\n|inactive|grape city has 20 seconds left.\n|\n|t:|1776206923\n|detailschange|p1a: Floette|Floette-Mega, L50, F\n|-mega|p1a: Floette|Floette|Floettite\n|-ability|p1a: Floette|Fairy Aura\n|move|p1b: Sneasler|Protect|p1b: Sneasler\n|-singleturn|p1b: Sneasler|Protect\n|move|p2b: Palafin|Jet Punch|p1b: Sneasler\n|-activate|p1b: Sneasler|move: Protect\n|move|p2a: Gengar|Sludge Bomb|p1a: Floette\n|-supereffective|p1a: Floette|1\n|-damage|p1a: Floette|8/100\n|move|p1a: Floette|Dazzling Gleam|p2a: Gengar|[spread] p2a,p2b\n|-resisted|p2a: Gengar|1\n|-damage|p2a: Gengar|0 fnt\n|-damage|p2b: Palafin|49/100\n|faint|p2a: Gengar\n|\n|upkeep\n|\n|t:|1776206934\n|switch|p2a: Pelipper|Pelipper, L50, M|100/100\n|-weather|RainDance|[from] ability: Drizzle|[of] p2a: Pelipper\n|turn|4\n|inactive|Easy L's has 30 seconds left.\n|inactive|grape city has 30 seconds left.\n|inactive|Easy L's has 20 seconds left.\n|inactive|grape city has 20 seconds left.\n|\n|t:|1776206974\n|switch|p1b: Whimsicott|Whimsicott, L50, F|100/100\n|move|p2b: Palafin|Jet Punch|p1b: Whimsicott\n|-resisted|p1b: Whimsicott|1\n|-damage|p1b: Whimsicott|54/100\n|move|p2a: Pelipper|Hurricane|p1a: Floette\n|-damage|p1a: Floette|0 fnt\n|faint|p1a: Floette\n|\n|-weather|RainDance|[upkeep]\n|upkeep\n|\n|t:|1776206984\n|switch|p1a: Sneasler|Sneasler, L50, F|100/100\n|turn|5\n|inactive|Easy L's has 30 seconds left.\n|inactive|grape city has 30 seconds left.\n|inactive|grape city has 20 seconds left.\n|\n|t:|1776207021\n|move|p1a: Sneasler|Protect|p1a: Sneasler\n|-singleturn|p1a: Sneasler|Protect\n|move|p2b: Palafin|Jet Punch|p1a: Sneasler\n|-activate|p1a: Sneasler|move: Protect\n|move|p2a: Pelipper|Hurricane|p1a: Sneasler\n|-activate|p1a: Sneasler|move: Protect\n|move|p1b: Whimsicott|Moonblast|p2b: Palafin\n|-damage|p2b: Palafin|11/100\n|\n|-weather|RainDance|[upkeep]\n|upkeep\n|turn|6\n|inactive|Easy L's has 30 seconds left.\n|inactive|grape city has 30 seconds left.\n|\n|t:|1776207054\n|move|p1a: Sneasler|Protect||[still]\n|-fail|p1a: Sneasler\n|move|p2b: Palafin|Protect|p2b: Palafin\n|-singleturn|p2b: Palafin|Protect\n|move|p2a: Pelipper|Hurricane|p1b: Whimsicott\n|-supereffective|p1b: Whimsicott|1\n|-damage|p1b: Whimsicott|0 fnt\n|faint|p1b: Whimsicott\n|\n|-weather|RainDance|[upkeep]\n|upkeep\n|turn|7\n|\n|t:|1776207063\n|move|p1a: Sneasler|Protect|p1a: Sneasler\n|-singleturn|p1a: Sneasler|Protect\n|move|p2b: Palafin|Jet Punch|p1a: Sneasler\n|-activate|p1a: Sneasler|move: Protect\n|move|p2a: Pelipper|Hurricane|p1a: Sneasler\n|-activate|p1a: Sneasler|move: Protect\n|\n|-weather|RainDance|[upkeep]\n|upkeep\n|turn|8\n|\n|t:|1776207068\n|move|p1a: Sneasler|Protect||[still]\n|-fail|p1a: Sneasler\n|move|p2b: Palafin|Jet Punch|p1a: Sneasler\n|-damage|p1a: Sneasler|0 fnt\n|faint|p1a: Sneasler\n|\n|win|grape city\n|n|\u2606Easy L's|easyls\n|n|\u2606grape city|grapecity\n|l|\u2606Easy L's\n|player|p1|\n",
  "uploadtime": 1776207075,
  "views": 21,
  "formatid": "gen9championsvgc2026regma",
  "rating": null,
  "private": 0,
  "password": null
}