{
  "id": "gen9championsvgc2026regma-2586758526",
  "format": "[Gen 9 Champions] VGC 2026 Reg M-A",
  "players": [
    "astonished25",
    "zen077"
  ],
  "log": "|j|\u2606astonished25\n|j|\u2606zen077\n|t:|1776457602\n|gametype|doubles\n|player|p1|astonished25|caitlin|1460\n|player|p2|zen077|1|1516\n|gen|9\n|tier|[Gen 9 Champions] VGC 2026 Reg M-A\n|rated|\n|rule|Species Clause: Limit one of each Pok\u00e9mon\n|rule|Item Clause: Limit 1 of each item\n|clearpoke\n|poke|p1|Aerodactyl, L50, F|\n|poke|p1|Tyranitar, L50, F|\n|poke|p1|Kingambit, L50, M|\n|poke|p1|Floette-Eternal, L50, F|\n|poke|p1|Sinistcha-Masterpiece, L50|\n|poke|p1|Basculegion, L50, M|\n|poke|p2|Gengar, L50, M|\n|poke|p2|Pelipper, L50, F|\n|poke|p2|Archaludon, L50, F|\n|poke|p2|Basculegion, L50, M|\n|poke|p2|Incineroar, L50, M|\n|poke|p2|Whimsicott, L50, M|\n|teampreview|4\n|inactive|Battle timer is ON: inactive players will automatically lose when time's up. (requested by astonished25)\n|inactive|zen077 has 60 seconds left.\n|\n|t:|1776457643\n|teamsize|p1|4\n|teamsize|p2|4\n|start\n|switch|p1a: Sinistcha|Sinistcha-Masterpiece, L50|100/100\n|switch|p1b: Basculegion|Basculegion, L50, M|100/100\n|switch|p2a: Whimsicott|Whimsicott, L50, M|100/100\n|switch|p2b: Gengar|Gengar, L50, M, shiny|100/100\n|turn|1\n|inactive|astonished25 has 30 seconds left.\n|\n|t:|1776457674\n|detailschange|p2b: Gengar|Gengar-Mega, L50, M, shiny\n|-mega|p2b: Gengar|Gengar|Gengarite\n|move|p2b: Gengar|Protect|p2b: Gengar\n|-singleturn|p2b: Gengar|Protect\n|move|p2a: Whimsicott|Tailwind|p2a: Whimsicott\n|-sidestart|p2: zen077|move: Tailwind\n|move|p1b: Basculegion|Wave Crash|p2b: Gengar\n|-activate|p2b: Gengar|move: Protect\n|move|p1a: Sinistcha|Trick Room|p1a: Sinistcha\n|-fieldstart|move: Trick Room|[of] p1a: Sinistcha\n|\n|upkeep\n|turn|2\n|j| sileshar\n|inactive|zen077 has 30 seconds left.\n|\n|t:|1776457708\n|switch|p1a: Tyranitar|Tyranitar, L50, F|100/100\n|-weather|Sandstorm|[from] ability: Sand Stream|[of] p1a: Tyranitar\n|switch|p2b: Archaludon|Archaludon, L50, F|100/100\n|move|p2a: Whimsicott|Encore|p1a: Tyranitar\n|-hint|Since gen 7, Dark is immune to Prankster moves.\n|-immune|p1a: Tyranitar\n|move|p1b: Basculegion|Wave Crash|p2b: Archaludon\n|-resisted|p2b: Archaludon|1\n|-damage|p2b: Archaludon|72/100\n|-ability|p2b: Archaludon|Stamina|boost\n|-boost|p2b: Archaludon|def|1\n|-damage|p1b: Basculegion|91/100|[from] Recoil\n|\n|-weather|Sandstorm|[upkeep]\n|-damage|p1b: Basculegion|85/100|[from] Sandstorm\n|-damage|p2a: Whimsicott|95/100|[from] Sandstorm\n|-heal|p2b: Archaludon|78/100|[from] item: Leftovers\n|upkeep\n|turn|3\n|inactive|zen077 has 30 seconds left.\n|inactive|zen077 has 20 seconds left.\n|\n|t:|1776457745\n|move|p1a: Tyranitar|Low Kick|p2b: Archaludon\n|-supereffective|p2b: Archaludon|1\n|-damage|p2b: Archaludon|48/100\n|-ability|p2b: Archaludon|Stamina|boost\n|-boost|p2b: Archaludon|def|1\n|move|p2b: Archaludon|Aura Sphere|p1a: Tyranitar\n|-supereffective|p1a: Tyranitar|2\n|-damage|p1a: Tyranitar|33/100\n|move|p1b: Basculegion|Wave Crash|p2a: Whimsicott\n|-resisted|p2a: Whimsicott|1\n|-damage|p2a: Whimsicott|47/100\n|-damage|p1b: Basculegion|72/100|[from] Recoil\n|move|p2a: Whimsicott|Moonblast|p1a: Tyranitar\n|-supereffective|p1a: Tyranitar|1\n|-damage|p1a: Tyranitar|0 fnt\n|faint|p1a: Tyranitar\n|\n|-weather|Sandstorm|[upkeep]\n|-damage|p1b: Basculegion|66/100|[from] Sandstorm\n|-damage|p2a: Whimsicott|41/100|[from] Sandstorm\n|-heal|p2b: Archaludon|54/100|[from] item: Leftovers\n|upkeep\n|\n|t:|1776457748\n|switch|p1a: Floette|Floette-Eternal, L50, F|100/100\n|turn|4\n|inactive|zen077 has 30 seconds left.\n|inactive|zen077 has 20 seconds left.\n|\n|t:|1776457784\n|detailschange|p1a: Floette|Floette-Mega, L50, F\n|-mega|p1a: Floette|Floette|Floettite\n|-ability|p1a: Floette|Fairy Aura\n|move|p2b: Archaludon|Protect|p2b: Archaludon\n|-singleturn|p2b: Archaludon|Protect\n|move|p2a: Whimsicott|Fake Tears|p1a: Floette\n|-unboost|p1a: Floette|spd|2\n|move|p1a: Floette|Dazzling Gleam|p2b: Archaludon|[spread] p2a\n|-activate|p2b: Archaludon|move: Protect\n|-damage|p2a: Whimsicott|0 fnt\n|faint|p2a: Whimsicott\n|move|p1b: Basculegion|Wave Crash|p2b: Archaludon\n|-activate|p2b: Archaludon|move: Protect\n|\n|-weather|Sandstorm|[upkeep]\n|-damage|p1a: Floette|95/100|[from] Sandstorm\n|-damage|p1b: Basculegion|60/100|[from] Sandstorm\n|-heal|p2b: Archaludon|60/100|[from] item: Leftovers\n|-sideend|p2: zen077|move: Tailwind\n|upkeep\n|\n|t:|1776457808\n|switch|p2a: Gengar|Gengar-Mega, L50, M, shiny|100/100\n|turn|5\n|inactive|zen077 has 30 seconds left.\n|\n|t:|1776457833\n|switch|p2a: Pelipper|Pelipper, L50, F|100/100\n|-weather|RainDance|[from] ability: Drizzle|[of] p2a: Pelipper\n|move|p2b: Archaludon|Electro Shot||[still]\n|-prepare|p2b: Archaludon|Electro Shot\n|-boost|p2b: Archaludon|spa|1\n|-anim|p2b: Archaludon|Electro Shot|p1b: Basculegion\n|-supereffective|p1b: Basculegion|1\n|-damage|p1b: Basculegion|0 fnt\n|faint|p1b: Basculegion\n|move|p1a: Floette|Dazzling Gleam|p2a: Pelipper|[spread] p2a,p2b\n|-damage|p2a: Pelipper|46/100\n|-damage|p2b: Archaludon|5/100\n|-ability|p2b: Archaludon|Stamina|boost\n|-boost|p2b: Archaludon|def|1\n|\n|-weather|RainDance|[upkeep]\n|-heal|p2b: Archaludon|11/100|[from] item: Leftovers\n|-fieldend|move: Trick Room\n|upkeep\n|\n|t:|1776457841\n|switch|p1b: Sinistcha|Sinistcha-Masterpiece, L50|100/100\n|turn|6\n|inactive|zen077 has 30 seconds left.\n|inactive|astonished25 has 30 seconds left.\n|inactive|zen077 has 20 seconds left.\n|inactive|zen077 has 15 seconds left.\n|inactive|zen077 has 10 seconds left.\n|inactive|astonished25 has 20 seconds left.\n|inactive|zen077 has 5 seconds left.\n|\n|t:|1776457892\n|move|p1a: Floette|Draining Kiss|p2b: Archaludon\n|-damage|p2b: Archaludon|0 fnt\n|-heal|p1a: Floette|100/100|[from] drain|[of] p2b: Archaludon\n|faint|p2b: Archaludon\n|move|p2a: Pelipper|Hurricane|p1b: Sinistcha\n|-supereffective|p1b: Sinistcha|1\n|-crit|p1b: Sinistcha\n|-damage|p1b: Sinistcha|9/100\n|move|p1b: Sinistcha|Trick Room|p1b: Sinistcha\n|-fieldstart|move: Trick Room|[of] p1b: Sinistcha\n|\n|-weather|RainDance|[upkeep]\n|upkeep\n|\n|t:|1776457902\n|switch|p2b: Gengar|Gengar-Mega, L50, M, shiny|100/100\n|turn|7\n|inactive|zen077 has 30 seconds left.\n|\n|t:|1776457933\n|move|p2a: Pelipper|Wide Guard|p2a: Pelipper\n|-singleturn|p2a: Pelipper|Wide Guard\n|move|p1b: Sinistcha|Shadow Ball|p2a: Pelipper\n|-damage|p2a: Pelipper|8/100\n|move|p1a: Floette|Calm Mind|p1a: Floette\n|-boost|p1a: Floette|spa|1\n|-boost|p1a: Floette|spd|1\n|move|p2b: Gengar|Sludge Bomb|p1a: Floette\n|-supereffective|p1a: Floette|1\n|-damage|p1a: Floette|0 fnt\n|faint|p1a: Floette\n|\n|-weather|RainDance|[upkeep]\n|upkeep\n|turn|8\n|l| sileshar\n|\n|t:|1776457948\n|move|p2a: Pelipper|Hurricane|p1b: Sinistcha\n|-supereffective|p1b: Sinistcha|1\n|-damage|p1b: Sinistcha|0 fnt\n|faint|p1b: Sinistcha\n|\n|win|zen077\n|raw|astonished25's rating: 1460 &rarr; <strong>1443</strong><br />(-17 for losing)\n|raw|zen077's rating: 1516 &rarr; <strong>1533</strong><br />(+17 for winning)\n|l|\u2606astonished25\n|player|p1|\n",
  "uploadtime": 1776458078,
  "views": 48,
  "formatid": "gen9championsvgc2026regma",
  "rating": 1443,
  "private": 0,
  "password": null
}