{
  "id": "gen9championsvgc2026regma-2586566961",
  "format": "[Gen 9 Champions] VGC 2026 Reg M-A",
  "players": [
    "statusqo",
    "Mi Flamigo"
  ],
  "log": "|j|\u2606statusqo\n|j|\u2606Mi Flamigo\n|t:|1776443525\n|gametype|doubles\n|player|p1|statusqo|266|1101\n|player|p2|Mi Flamigo|veteran|1000\n|gen|9\n|tier|[Gen 9 Champions] VGC 2026 Reg M-A\n|rated|\n|rule|Species Clause: Limit one of each Pok\u00e9mon\n|rule|Item Clause: Limit 1 of each item\n|clearpoke\n|poke|p1|Farigiraf, L50, M|\n|poke|p1|Whimsicott, L50, F|\n|poke|p1|Maushold-Four, L50|\n|poke|p1|Incineroar, L50, F|\n|poke|p1|Kingambit, L50, F|\n|poke|p1|Floette-Eternal, L50, F|\n|poke|p2|Sylveon, L50, F|\n|poke|p2|Jolteon, L50, F|\n|poke|p2|Alcremie, L50, F|\n|poke|p2|Feraligatr, L50, M|\n|poke|p2|Aggron, L50, F|\n|poke|p2|Runerigus, L50, F|\n|teampreview|4\n|\n|t:|1776443560\n|teamsize|p1|4\n|teamsize|p2|4\n|start\n|switch|p1a: Whimsicott|Whimsicott, L50, F|100/100\n|switch|p1b: Incineroar|Incineroar, L50, F|100/100\n|switch|p2a: Sylveon|Sylveon, L50, F|100/100\n|switch|p2b: Feraligatr|Feraligatr, L50, M|100/100\n|-ability|p1b: Incineroar|Intimidate|boost\n|-unboost|p2a: Sylveon|atk|1\n|-unboost|p2b: Feraligatr|atk|1\n|turn|1\n|\n|t:|1776443581\n|move|p1b: Incineroar|Fake Out|p2a: Sylveon\n|-damage|p2a: Sylveon|85/100\n|move|p1a: Whimsicott|Tailwind|p1a: Whimsicott\n|-sidestart|p1: statusqo|move: Tailwind\n|move|p2b: Feraligatr|Dragon Dance|p2b: Feraligatr\n|-boost|p2b: Feraligatr|atk|1\n|-boost|p2b: Feraligatr|spe|1\n|cant|p2a: Sylveon|flinch\n|\n|upkeep\n|turn|2\n|\n|t:|1776443598\n|move|p1a: Whimsicott|Encore|p2b: Feraligatr\n|-start|p2b: Feraligatr|Encore\n|move|p1b: Incineroar|Parting Shot|p2a: Sylveon\n|-unboost|p2a: Sylveon|atk|1\n|-unboost|p2a: Sylveon|spa|1\n|\n|t:|1776443614\n|switch|p1b: Floette|Floette-Eternal, L50, F|100/100|[from] Parting Shot\n|move|p2b: Feraligatr|Dragon Dance|p2b: Feraligatr\n|-boost|p2b: Feraligatr|atk|1\n|-boost|p2b: Feraligatr|spe|1\n|move|p2a: Sylveon|Mystical Fire|p1a: Whimsicott\n|-supereffective|p1a: Whimsicott|1\n|-damage|p1a: Whimsicott|53/100\n|-unboost|p1a: Whimsicott|spa|1\n|\n|upkeep\n|turn|3\n|\n|t:|1776443644\n|switch|p2a: Jolteon|Jolteon, L50, F|100/100\n|detailschange|p1b: Floette|Floette-Mega, L50, F\n|-mega|p1b: Floette|Floette|Floettite\n|-ability|p1b: Floette|Fairy Aura\n|move|p1a: Whimsicott|Energy Ball|p2b: Feraligatr\n|-supereffective|p2b: Feraligatr|1\n|-damage|p2b: Feraligatr|58/100\n|move|p2b: Feraligatr|Dragon Dance|p2b: Feraligatr\n|-boost|p2b: Feraligatr|atk|1\n|-boost|p2b: Feraligatr|spe|1\n|move|p1b: Floette|Calm Mind|p1b: Floette\n|-boost|p1b: Floette|spa|1\n|-boost|p1b: Floette|spd|1\n|\n|upkeep\n|turn|4\n|\n|t:|1776443670\n|switch|p1a: Incineroar|Incineroar, L50, F|100/100\n|-ability|p1a: Incineroar|Intimidate|boost\n|-unboost|p2a: Jolteon|atk|1\n|-unboost|p2b: Feraligatr|atk|1\n|move|p2b: Feraligatr|Dragon Dance|p2b: Feraligatr\n|-boost|p2b: Feraligatr|atk|1\n|-boost|p2b: Feraligatr|spe|1\n|move|p1b: Floette|Dazzling Gleam|p2a: Jolteon|[spread] p2a,p2b\n|-damage|p2a: Jolteon|0 fnt\n|-damage|p2b: Feraligatr|0 fnt\n|faint|p2a: Jolteon\n|faint|p2b: Feraligatr\n|\n|-sideend|p1: statusqo|move: Tailwind\n|upkeep\n|\n|t:|1776443683\n|switch|p2a: Runerigus|Runerigus, L50, F|100/100\n|switch|p2b: Sylveon|Sylveon, L50, F|85/100\n|turn|5\n|\n|t:|1776443701\n|move|p2b: Sylveon|Protect|p2b: Sylveon\n|-singleturn|p2b: Sylveon|Protect\n|move|p1a: Incineroar|Fake Out|p2b: Sylveon\n|-activate|p2b: Sylveon|move: Protect\n|move|p1b: Floette|Moonblast|p2a: Runerigus\n|-enditem|p2a: Runerigus|Focus Sash\n|-damage|p2a: Runerigus|1/100\n|move|p2a: Runerigus|Earthquake|p1a: Incineroar|[spread] p1a,p1b\n|-activate|p2b: Sylveon|move: Protect\n|-supereffective|p1a: Incineroar|1\n|-damage|p1a: Incineroar|36/100\n|-damage|p1b: Floette|69/100\n|-enditem|p1a: Incineroar|Sitrus Berry|[eat]\n|-heal|p1a: Incineroar|60/100|[from] item: Sitrus Berry\n|\n|upkeep\n|turn|6\n|\n|t:|1776443735\n|move|p1b: Floette|Protect|p1b: Floette\n|-singleturn|p1b: Floette|Protect\n|move|p2a: Runerigus|Protect|p2a: Runerigus\n|-singleturn|p2a: Runerigus|Protect\n|move|p2b: Sylveon|Round|p1b: Floette\n|-activate|p1b: Floette|move: Protect\n|move|p1a: Incineroar|Darkest Lariat|p2a: Runerigus\n|-activate|p2a: Runerigus|move: Protect\n|\n|upkeep\n|turn|7\n|\n|t:|1776443758\n|switch|p1b: Kingambit|Kingambit, L50, F|100/100\n|move|p2a: Runerigus|Protect|p2a: Runerigus\n|-singleturn|p2a: Runerigus|Protect\n|move|p2b: Sylveon|Round|p1b: Kingambit\n|-damage|p1b: Kingambit|58/100\n|move|p1a: Incineroar|Parting Shot|p2b: Sylveon\n|-unboost|p2b: Sylveon|atk|1\n|-unboost|p2b: Sylveon|spa|1\n|\n|t:|1776443793\n|switch|p1a: Whimsicott|Whimsicott, L50, F|53/100|[from] Parting Shot\n|\n|upkeep\n|turn|8\n|l|\u2606statusqo\n|player|p1|\n|j|\u2606statusqo\n|player|p1|statusqo|266|\n|l|\u2606Mi Flamigo\n|player|p2|\n|\n|t:|1776443939\n|move|p2b: Sylveon|Protect|p2b: Sylveon\n|-singleturn|p2b: Sylveon|Protect\n|move|p1a: Whimsicott|Tailwind|p1a: Whimsicott\n|-sidestart|p1: statusqo|move: Tailwind\n|move|p1b: Kingambit|Iron Head|p2b: Sylveon\n|-activate|p2b: Sylveon|move: Protect\n|move|p2a: Runerigus|Earthquake|p1a: Whimsicott|[spread] p1a,p1b\n|-activate|p2b: Sylveon|move: Protect\n|-resisted|p1a: Whimsicott|1\n|-supereffective|p1b: Kingambit|1\n|-damage|p1a: Whimsicott|39/100\n|-damage|p1b: Kingambit|9/100\n|\n|upkeep\n|turn|9\n|j|\u2606Mi Flamigo\n|player|p2|Mi Flamigo|veteran|\n|\n|t:|1776443991\n|move|p2a: Runerigus|Protect|p2a: Runerigus\n|-singleturn|p2a: Runerigus|Protect\n|move|p1a: Whimsicott|Energy Ball|p2a: Runerigus\n|-activate|p2a: Runerigus|move: Protect\n|move|p1b: Kingambit|Iron Head|p2b: Sylveon\n|-supereffective|p2b: Sylveon|1\n|-damage|p2b: Sylveon|0 fnt\n|faint|p2b: Sylveon\n|\n|upkeep\n|turn|10\n|l|\u2606Mi Flamigo\n|player|p2|\n|\n|t:|1776444007\n|move|p1a: Whimsicott|Energy Ball|p2a: Runerigus\n|-supereffective|p2a: Runerigus|1\n|-damage|p2a: Runerigus|0 fnt\n|faint|p2a: Runerigus\n|\n|win|statusqo\n|raw|statusqo's rating: 1101 &rarr; <strong>1119</strong><br />(+18 for winning)\n|raw|Mi Flamigo's rating: 1000 &rarr; <strong>1000</strong><br />(+0 for losing)\n",
  "uploadtime": 1776444029,
  "views": 34,
  "formatid": "gen9championsvgc2026regma",
  "rating": 1000,
  "private": 0,
  "password": null
}