{
  "id": "gen9championsvgc2026regma-2589556311",
  "format": "[Gen 9 Champions] VGC 2026 Reg M-A",
  "players": [
    "gguest9261",
    "Catapultamon"
  ],
  "log": "|j|\u2606gguest9261\n|j|\u2606Catapultamon\n|t:|1776733821\n|gametype|doubles\n|player|p1|gguest9261|266|1131\n|player|p2|Catapultamon|101|1112\n|gen|9\n|tier|[Gen 9 Champions] VGC 2026 Reg M-A\n|rated|\n|rule|Species Clause: Limit one of each Pok\u00e9mon\n|rule|Item Clause: Limit 1 of each item\n|clearpoke\n|poke|p1|Blastoise, L50, M, shiny|\n|poke|p1|Basculegion, L50, M, shiny|\n|poke|p1|Sinistcha-Masterpiece, L50, shiny|\n|poke|p1|Pelipper, L50, M, shiny|\n|poke|p1|Whimsicott, L50, M, shiny|\n|poke|p1|Araquanid, L50, M, shiny|\n|poke|p2|Klefki, L50, F|\n|poke|p2|Rotom, L50|\n|poke|p2|Meganium, L50, M|\n|poke|p2|Pelipper, L50, M|\n|poke|p2|Archaludon, L50, M|\n|poke|p2|Palafin, L50, F|\n|teampreview|4\ngguest9261 rejected open team sheets.\n|inactive|Battle timer is ON: inactive players will automatically lose when time's up. (requested by gguest9261)\n|inactive|Catapultamon has 60 seconds left.\n|inactive|Catapultamon has 30 seconds left.\n|inactive|Catapultamon has 20 seconds left.\n|\n|t:|1776733901\n|teamsize|p1|4\n|teamsize|p2|4\n|start\n|switch|p1a: Blastoise|Blastoise, L50, M, shiny|100/100\n|switch|p1b: Araquanid|Araquanid, L50, M, shiny|100/100\n|switch|p2a: Rotom|Rotom, L50|100/100\n|switch|p2b: Archaludon|Archaludon, L50, M|100/100\n|turn|1\n|\n|t:|1776733925\n|switch|p2a: Pelipper|Pelipper, L50, M|100/100\n|-weather|RainDance|[from] ability: Drizzle|[of] p2a: Pelipper\n|detailschange|p1a: Blastoise|Blastoise-Mega, L50, M, shiny\n|-mega|p1a: Blastoise|Blastoise|Blastoisinite\n|move|p1a: Blastoise|Fake Out|p2b: Archaludon\n|-resisted|p2b: Archaludon|1\n|-damage|p2b: Archaludon|97/100\n|cant|p2b: Archaludon|flinch\n|move|p1b: Araquanid|Entrainment|p1a: Blastoise\n|-ability|p1a: Blastoise|Water Bubble|Mega Launcher|[from] move: Entrainment|[of] p1b: Araquanid\n|\n|-weather|RainDance|[upkeep]\n|upkeep\n|turn|2\n|inactive|gguest9261 has 30 seconds left.\n|inactive|Catapultamon has 30 seconds left.\n|\n|t:|1776733962\n|switch|p1b: Whimsicott|Whimsicott, L50, M, shiny|100/100\n|move|p1a: Blastoise|Protect|p1a: Blastoise\n|-singleturn|p1a: Blastoise|Protect\n|move|p2a: Pelipper|Icy Wind|p1a: Blastoise|[spread] p1b\n|-activate|p1a: Blastoise|move: Protect\n|-supereffective|p1b: Whimsicott|1\n|-damage|p1b: Whimsicott|72/100\n|-unboost|p1b: Whimsicott|spe|1\n|move|p2b: Archaludon|Electro Shot||[still]\n|-prepare|p2b: Archaludon|Electro Shot\n|-boost|p2b: Archaludon|spa|1\n|-anim|p2b: Archaludon|Electro Shot|p1a: Blastoise\n|-activate|p1a: Blastoise|move: Protect\n|\n|-weather|RainDance|[upkeep]\n|upkeep\n|turn|3\n|\n|t:|1776733986\n|move|p1b: Whimsicott|Tailwind|p1b: Whimsicott\n|-sidestart|p1: gguest9261|move: Tailwind\n|move|p2a: Pelipper|Icy Wind|p1a: Blastoise|[spread] p1a,p1b\n|-resisted|p1a: Blastoise|1\n|-supereffective|p1b: Whimsicott|1\n|-damage|p1a: Blastoise|95/100\n|-damage|p1b: Whimsicott|46/100\n|-unboost|p1a: Blastoise|spe|1\n|-unboost|p1b: Whimsicott|spe|1\n|move|p1a: Blastoise|Water Spout|p2a: Pelipper|[spread] p2a,p2b\n|-resisted|p2a: Pelipper|1\n|-resisted|p2b: Archaludon|1\n|-damage|p2a: Pelipper|0 fnt\n|-damage|p2b: Archaludon|0 fnt\n|faint|p2a: Pelipper\n|faint|p2b: Archaludon\n|\n|-weather|RainDance|[upkeep]\n|upkeep\n|\n|t:|1776734003\n|switch|p2a: Meganium|Meganium, L50, M|100/100\n|switch|p2b: Rotom|Rotom, L50|100/100\n|turn|4\n|\n|t:|1776734014\n|detailschange|p2a: Meganium|Meganium-Mega, L50, M\n|-mega|p2a: Meganium|Meganium|Meganiumite\n|move|p2a: Meganium|Protect|p2a: Meganium\n|-singleturn|p2a: Meganium|Protect\n|move|p1a: Blastoise|Protect|p1a: Blastoise\n|-singleturn|p1a: Blastoise|Protect\n|move|p1b: Whimsicott|Misty Terrain|p1b: Whimsicott\n|-fieldstart|move: Misty Terrain\n|move|p2b: Rotom|Electroweb|p1b: Whimsicott|[spread] p1b\n|-activate|p1a: Blastoise|move: Protect\n|-resisted|p1b: Whimsicott|1\n|-damage|p1b: Whimsicott|38/100\n|-unboost|p1b: Whimsicott|spe|1\n|\n|-weather|RainDance|[upkeep]\n|upkeep\n|turn|5\n|\n|t:|1776734036\n|move|p1b: Whimsicott|Encore|p2a: Meganium\n|-start|p2a: Meganium|Encore\n|move|p2a: Meganium|Protect||[still]\n|-fail|p2a: Meganium\n|move|p1a: Blastoise|Water Spout|p2b: Rotom|[spread] p2a,p2b\n|-resisted|p2a: Meganium|1\n|-damage|p2a: Meganium|8/100\n|-damage|p2b: Rotom|0 fnt\n|faint|p2b: Rotom\n|\n|-weather|none\n|upkeep\n|turn|6\n|-message|Catapultamon forfeited.\n|\n|win|gguest9261\n|raw|gguest9261's rating: 1131 &rarr; <strong>1155</strong><br />(+24 for winning)\n|raw|Catapultamon's rating: 1112 &rarr; <strong>1088</strong><br />(-24 for losing)\n|l|\u2606Catapultamon\n|player|p2|\n",
  "uploadtime": 1776734109,
  "views": 5,
  "formatid": "gen9championsvgc2026regma",
  "rating": 1088,
  "private": 0,
  "password": null
}