{
  "id": "gen9championsvgc2026regma-2587583561",
  "format": "[Gen 9 Champions] VGC 2026 Reg M-A",
  "players": [
    "derpybaits",
    "TristanPinkham"
  ],
  "log": "|j|\u2606derpybaits\n|j|\u2606TristanPinkham\n|t:|1776544352\n|gametype|doubles\n|player|p1|derpybaits|170|1089\n|player|p2|TristanPinkham|169|1127\n|gen|9\n|tier|[Gen 9 Champions] VGC 2026 Reg M-A\n|rated|\n|rule|Species Clause: Limit one of each Pok\u00e9mon\n|rule|Item Clause: Limit 1 of each item\n|clearpoke\n|poke|p1|Blastoise, L50, F|\n|poke|p1|Pelipper, L50, F|\n|poke|p1|Sinistcha, L50|\n|poke|p1|Sableye, L50, F|\n|poke|p1|Garchomp, L50, M|\n|poke|p1|Kingambit, L50, F|\n|poke|p2|Charizard, L50, M|\n|poke|p2|Venusaur, L50, M|\n|poke|p2|Garchomp, L50, M|\n|poke|p2|Rotom-Wash, L50|\n|poke|p2|Sneasler, L50, M|\n|poke|p2|Incineroar, L50, F|\n|teampreview|4\n|inactive|Battle timer is ON: inactive players will automatically lose when time's up. (requested by TristanPinkham)\n|inactive|derpybaits has 60 seconds left.\n|\n|t:|1776544393\n|teamsize|p1|4\n|teamsize|p2|4\n|start\n|switch|p1a: Blastoise|Blastoise, L50, F|100/100\n|switch|p1b: Sableye|Sableye, L50, F|100/100\n|switch|p2a: Charizard|Charizard, L50, M|100/100\n|switch|p2b: Venusaur|Venusaur, L50, M|100/100\n|turn|1\n|\n|t:|1776544414\n|detailschange|p1a: Blastoise|Blastoise-Mega, L50, F\n|-mega|p1a: Blastoise|Blastoise|Blastoisinite\n|move|p2a: Charizard|Protect|p2a: Charizard\n|-singleturn|p2a: Charizard|Protect\n|move|p1a: Blastoise|Protect|p1a: Blastoise\n|-singleturn|p1a: Blastoise|Protect\n|move|p1b: Sableye|Fake Out|p2b: Venusaur\n|-damage|p2b: Venusaur|90/100\n|cant|p2b: Venusaur|flinch\n|\n|upkeep\n|turn|2\n|inactive|derpybaits has 30 seconds left.\n|inactive|TristanPinkham has 30 seconds left.\n|inactive|derpybaits has 20 seconds left.\n|inactive|derpybaits has 15 seconds left.\n|\n|t:|1776544454\n|switch|p1a: Kingambit|Kingambit, L50, F|100/100\n|detailschange|p2a: Charizard|Charizard-Mega-Y, L50, M\n|-mega|p2a: Charizard|Charizard|Charizardite Y\n|-weather|SunnyDay|[from] ability: Drought|[of] p2a: Charizard\n|move|p1b: Sableye|Encore|p2a: Charizard\n|-start|p2a: Charizard|Encore\n|move|p2a: Charizard|Protect||[still]\n|-fail|p2a: Charizard\n|move|p2b: Venusaur|Leaf Storm|p1a: Kingambit\n|-resisted|p1a: Kingambit|1\n|-damage|p1a: Kingambit|72/100\n|-unboost|p2b: Venusaur|spa|2\n|\n|-weather|SunnyDay|[upkeep]\n|upkeep\n|turn|3\n|inactive|derpybaits has 30 seconds left.\n|inactive|derpybaits has 20 seconds left.\n|inactive|derpybaits has 15 seconds left.\n|\n|t:|1776544498\n|switch|p2a: Rotom|Rotom-Wash, L50|100/100\n|switch|p1b: Pelipper|Pelipper, L50, F|100/100\n|-weather|RainDance|[from] ability: Drizzle|[of] p1b: Pelipper\n|move|p2b: Venusaur|Sleep Powder|p1b: Pelipper|[miss]\n|-miss|p2b: Venusaur|p1b: Pelipper\n|move|p1a: Kingambit|Kowtow Cleave|p2b: Venusaur\n|-damage|p2b: Venusaur|15/100\n|\n|-weather|RainDance|[upkeep]\n|upkeep\n|turn|4\n|\n|t:|1776544522\n|switch|p2b: Charizard|Charizard-Mega-Y, L50, M|100/100\n|-weather|SunnyDay|[from] ability: Drought|[of] p2b: Charizard\n|move|p1a: Kingambit|Protect|p1a: Kingambit\n|-singleturn|p1a: Kingambit|Protect\n|move|p1b: Pelipper|U-turn|p2a: Rotom\n|-damage|p2a: Rotom|93/100\n|\n|t:|1776544531\n|switch|p1b: Sableye|Sableye, L50, F|100/100|[from] U-turn\n|move|p2a: Rotom|Will-O-Wisp|p1a: Kingambit\n|-activate|p1a: Kingambit|move: Protect\n|\n|-weather|SunnyDay|[upkeep]\n|-heal|p2a: Rotom|99/100|[from] item: Leftovers\n|upkeep\n|turn|5\n|inactive|derpybaits has 30 seconds left.\n|\n|t:|1776544558\n|switch|p2b: Garchomp|Garchomp, L50, M|100/100\n|switch|p1a: Pelipper|Pelipper, L50, F|100/100\n|-weather|RainDance|[from] ability: Drizzle|[of] p1a: Pelipper\n|move|p1b: Sableye|Fake Out|p2b: Garchomp\n|-damage|p2b: Garchomp|92/100\n|-damage|p1b: Sableye|89/100|[from] ability: Rough Skin|[of] p2b: Garchomp\n|move|p2a: Rotom|Thunderbolt|p1b: Sableye\n|-damage|p1b: Sableye|39/100\n|\n|-weather|RainDance|[upkeep]\n|-heal|p2a: Rotom|100/100|[from] item: Leftovers\n|upkeep\n|turn|6\n|\n|t:|1776544577\n|switch|p2b: Charizard|Charizard-Mega-Y, L50, M|100/100\n|-weather|SunnyDay|[from] ability: Drought|[of] p2b: Charizard\n|switch|p1a: Kingambit|Kingambit, L50, F|72/100\n|move|p1b: Sableye|Will-O-Wisp|p2b: Charizard\n|-immune|p2b: Charizard\n|move|p2a: Rotom|Thunderbolt|p1b: Sableye\n|-damage|p1b: Sableye|0 fnt\n|faint|p1b: Sableye\n|\n|-weather|SunnyDay|[upkeep]\n|upkeep\n|\n|t:|1776544587\n|switch|p1b: Pelipper|Pelipper, L50, F|100/100\n|-weather|RainDance|[from] ability: Drizzle|[of] p1b: Pelipper\n|turn|7\n|\n|t:|1776544611\n|switch|p2b: Garchomp|Garchomp, L50, M|92/100\n|move|p1a: Kingambit|Protect|p1a: Kingambit\n|-singleturn|p1a: Kingambit|Protect\n|move|p1b: Pelipper|Hurricane|p2b: Garchomp\n|-damage|p2b: Garchomp|43/100\n|-start|p2b: Garchomp|confusion\n|move|p2a: Rotom|Will-O-Wisp|p1a: Kingambit\n|-activate|p1a: Kingambit|move: Protect\n|\n|-weather|RainDance|[upkeep]\n|upkeep\n|turn|8\n|\n|t:|1776544635\n|move|p1a: Kingambit|Sucker Punch|p2b: Garchomp\n|-damage|p2b: Garchomp|0 fnt\n|-damage|p1a: Kingambit|60/100|[from] ability: Rough Skin|[of] p2b: Garchomp\n|faint|p2b: Garchomp\n|move|p1b: Pelipper|Hurricane|p2a: Rotom\n|-resisted|p2a: Rotom|1\n|-damage|p2a: Rotom|76/100\n|-start|p2a: Rotom|confusion\n|-activate|p2a: Rotom|confusion\n|-damage|p2a: Rotom|70/100|[from] confusion\n|\n|-weather|RainDance|[upkeep]\n|-heal|p2a: Rotom|76/100|[from] item: Leftovers\n|upkeep\n|\n|t:|1776544649\n|switch|p2b: Charizard|Charizard-Mega-Y, L50, M|100/100\n|-weather|SunnyDay|[from] ability: Drought|[of] p2b: Charizard\n|turn|9\n|\n|t:|1776544662\n|switch|p1b: Blastoise|Blastoise-Mega, L50, F|100/100\n|move|p1a: Kingambit|Protect|p1a: Kingambit\n|-singleturn|p1a: Kingambit|Protect\n|move|p2b: Charizard|Heat Wave|p1b: Blastoise|[spread] p1b\n|-activate|p1a: Kingambit|move: Protect\n|-resisted|p1b: Blastoise|1\n|-damage|p1b: Blastoise|69/100\n|-activate|p2a: Rotom|confusion\n|-damage|p2a: Rotom|71/100|[from] confusion\n|\n|-weather|SunnyDay|[upkeep]\n|-heal|p2a: Rotom|76/100|[from] item: Leftovers\n|upkeep\n|turn|10\n|\n|t:|1776544679\n|switch|p2b: Venusaur|Venusaur, L50, M|15/100\n|move|p1b: Blastoise|Protect|p1b: Blastoise\n|-singleturn|p1b: Blastoise|Protect\n|-end|p2a: Rotom|confusion\n|move|p2a: Rotom|Thunderbolt|p1a: Kingambit\n|-damage|p1a: Kingambit|28/100\n|move|p1a: Kingambit|Kowtow Cleave|p2a: Rotom\n|-damage|p2a: Rotom|23/100\n|\n|-weather|SunnyDay|[upkeep]\n|-heal|p2a: Rotom|29/100|[from] item: Leftovers\n|upkeep\n|turn|11\n|inactive|TristanPinkham has 30 seconds left.\n|\n|t:|1776544705\n|move|p1b: Blastoise|Protect|p1b: Blastoise\n|-singleturn|p1b: Blastoise|Protect\n|move|p2a: Rotom|Protect|p2a: Rotom\n|-singleturn|p2a: Rotom|Protect\n|move|p1a: Kingambit|Protect|p1a: Kingambit\n|-singleturn|p1a: Kingambit|Protect\n|move|p2b: Venusaur|Sleep Powder|p1a: Kingambit\n|-activate|p1a: Kingambit|move: Protect\n|\n|-weather|SunnyDay|[upkeep]\n|-heal|p2a: Rotom|34/100|[from] item: Leftovers\n|upkeep\n|turn|12\n|\n|t:|1776544730\n|move|p1a: Kingambit|Sucker Punch|p2a: Rotom\n|-damage|p2a: Rotom|0 fnt\n|faint|p2a: Rotom\n|move|p2b: Venusaur|Sleep Powder|p1a: Kingambit\n|-status|p1a: Kingambit|slp|[from] move: Sleep Powder\n|move|p1b: Blastoise|Shell Smash|p1b: Blastoise\n|-unboost|p1b: Blastoise|def|1\n|-unboost|p1b: Blastoise|spd|1\n|-boost|p1b: Blastoise|atk|2\n|-boost|p1b: Blastoise|spa|2\n|-boost|p1b: Blastoise|spe|2\n|\n|-weather|SunnyDay|[upkeep]\n|upkeep\n|\n|t:|1776544740\n|switch|p2a: Charizard|Charizard-Mega-Y, L50, M|100/100\n|turn|13\n|\n|t:|1776544752\n|switch|p1a: Pelipper|Pelipper, L50, F|100/100\n|-weather|RainDance|[from] ability: Drizzle|[of] p1a: Pelipper\n|move|p1b: Blastoise|Water Spout|p2b: Venusaur|[spread] p2a,p2b\n|-supereffective|p2a: Charizard|1\n|-resisted|p2b: Venusaur|1\n|-damage|p2a: Charizard|0 fnt\n|-damage|p2b: Venusaur|0 fnt\n|faint|p2a: Charizard\n|faint|p2b: Venusaur\n|\n|win|derpybaits\n|raw|derpybaits's rating: 1089 &rarr; <strong>1119</strong><br />(+30 for winning)\n|raw|TristanPinkham's rating: 1127 &rarr; <strong>1099</strong><br />(-28 for losing)\n|c|\u2606derpybaits|ggs\n|l|\u2606TristanPinkham\n|player|p2|\n",
  "uploadtime": 1776544776,
  "views": 14,
  "formatid": "gen9championsvgc2026regma",
  "rating": 1099,
  "private": 0,
  "password": null
}