{
  "id": "gen9championsvgc2026regma-2581025401",
  "format": "[Gen 9 Champions] VGC 2026 Reg M-A",
  "players": [
    "mr brewster",
    "Gonroadtotop500"
  ],
  "log": "|j|\u2606mr brewster\n|j|\u2606Gonroadtotop500\n|t:|1775952860\n|gametype|doubles\n|player|p1|mr brewster|102|1121\n|player|p2|Gonroadtotop500|266|1208\n|gen|9\n|tier|[Gen 9 Champions] VGC 2026 Reg M-A\n|rated|\n|rule|Species Clause: Limit one of each Pok\u00e9mon\n|rule|Item Clause: Limit 1 of each item\n|clearpoke\n|poke|p1|Incineroar, L50, F|\n|poke|p1|Victreebel, L50, M|\n|poke|p1|Pelipper, L50, F|\n|poke|p1|Archaludon, L50, F|\n|poke|p1|Sneasler, L50, M|\n|poke|p1|Blastoise, L50, M|\n|poke|p2|Pelipper, L50, M|\n|poke|p2|Archaludon, L50, M|\n|poke|p2|Basculegion, L50, M|\n|poke|p2|Incineroar, L50, M|\n|poke|p2|Sneasler, L50, M|\n|poke|p2|Starmie, L50|\n|teampreview|4\n|inactive|Battle timer is ON: inactive players will automatically lose when time's up. (requested by mr brewster)\n|inactive|Gonroadtotop500 has 60 seconds left.\n|\n|t:|1775952922\n|teamsize|p1|4\n|teamsize|p2|4\n|start\n|switch|p1a: Victreebel|Victreebel, L50, M|100/100\n|switch|p1b: Sneasler|Sneasler, L50, M|100/100\n|switch|p2a: Sneasler|Sneasler, L50, M|100/100\n|switch|p2b: Archaludon|Archaludon, L50, M|100/100\n|turn|1\n|\n|t:|1775952939\n|switch|p2b: Starmie|Starmie, L50, shiny|100/100\n|detailschange|p1a: Victreebel|Victreebel-Mega, L50, M\n|-mega|p1a: Victreebel|Victreebel|Victreebelite\n|move|p2a: Sneasler|Fake Out|p1a: Victreebel\n|-damage|p1a: Victreebel|86/100\n|move|p1b: Sneasler|Fake Out|p2a: Sneasler\n|-damage|p2a: Sneasler|73/100\n|cant|p1a: Victreebel|flinch\n|\n|upkeep\n|turn|2\n|inactive|Gonroadtotop500 has 30 seconds left.\n|\n|t:|1775952968\n|switch|p1b: Archaludon|Archaludon, L50, F|100/100\n|detailschange|p2b: Starmie|Starmie-Mega, L50, shiny\n|-mega|p2b: Starmie|Starmie|Starminite\n|move|p2a: Sneasler|Close Combat|p1b: Archaludon\n|-supereffective|p1b: Archaludon|1\n|-damage|p1b: Archaludon|0 fnt\n|-unboost|p2a: Sneasler|def|1\n|-unboost|p2a: Sneasler|spd|1\n|faint|p1b: Archaludon\n|move|p2b: Starmie|Ice Spinner|p1a: Victreebel\n|-supereffective|p1a: Victreebel|1\n|-damage|p1a: Victreebel|0 fnt\n|-damage|p2b: Starmie|0 fnt|[from] ability: Innards Out|[of] p1a: Victreebel\n|faint|p1a: Victreebel\n|faint|p2b: Starmie\n|\n|upkeep\n|\n|t:|1775952989\n|switch|p2b: Basculegion|Basculegion, L50, M|100/100\n|switch|p1b: Blastoise|Blastoise, L50, M|100/100\n|switch|p1a: Sneasler|Sneasler, L50, M|100/100\n|turn|3\n|\n|t:|1775953009\n|switch|p2a: Archaludon|Archaludon, L50, M|100/100\n|move|p1a: Sneasler|Fake Out|p2a: Archaludon\n|-resisted|p2a: Archaludon|1\n|-damage|p2a: Archaludon|94/100\n|-ability|p2a: Archaludon|Stamina|boost\n|-boost|p2a: Archaludon|def|1\n|move|p1b: Blastoise|Water Spout|p2a: Archaludon|[spread] p2a,p2b\n|-resisted|p2a: Archaludon|1\n|-resisted|p2b: Basculegion|1\n|-damage|p2a: Archaludon|71/100\n|-damage|p2b: Basculegion|76/100\n|-ability|p2a: Archaludon|Stamina|boost\n|-boost|p2a: Archaludon|def|1\n|move|p2b: Basculegion|Last Respects|p1a: Sneasler\n|-damage|p1a: Sneasler|16/100\n|\n|-heal|p2a: Archaludon|77/100|[from] item: Leftovers\n|upkeep\n|turn|4\n|inactive|Gonroadtotop500 has 30 seconds left.\n|\n|t:|1775953036\n|move|p2b: Basculegion|Aqua Jet|p1a: Sneasler\n|-damage|p1a: Sneasler|0 fnt\n|faint|p1a: Sneasler\n|move|p1b: Blastoise|Water Spout|p2a: Archaludon|[spread] p2a,p2b\n|-resisted|p2a: Archaludon|1\n|-resisted|p2b: Basculegion|1\n|-damage|p2a: Archaludon|54/100\n|-damage|p2b: Basculegion|53/100\n|-ability|p2a: Archaludon|Stamina|boost\n|-boost|p2a: Archaludon|def|1\n|move|p2a: Archaludon|Electro Shot||[still]\n|-prepare|p2a: Archaludon|Electro Shot\n|-boost|p2a: Archaludon|spa|1\n|\n|-heal|p2a: Archaludon|60/100|[from] item: Leftovers\n|upkeep\n|turn|5\n|-message|mr brewster forfeited.\n|\n|win|Gonroadtotop500\n|raw|mr brewster's rating: 1121 &rarr; <strong>1102</strong><br />(-19 for losing)\n|raw|Gonroadtotop500's rating: 1208 &rarr; <strong>1227</strong><br />(+19 for winning)\n|l|\u2606mr brewster\n|player|p1|\n",
  "uploadtime": 1775953054,
  "views": 24,
  "formatid": "gen9championsvgc2026regma",
  "rating": 1102,
  "private": 0,
  "password": null
}