{
  "id": "gen9championsvgc2026regma-2588315612",
  "format": "[Gen 9 Champions] VGC 2026 Reg M-A",
  "players": [
    "Kyommunism",
    "YO DOD"
  ],
  "log": "|j|\u2606Kyommunism\n|j|\u2606YO DOD\n|t:|1776623450\n|gametype|doubles\n|player|p1|Kyommunism|iris-gen5bw2|1096\n|player|p2|YO DOD|sage|1104\n|gen|9\n|tier|[Gen 9 Champions] VGC 2026 Reg M-A\n|rated|\n|rule|Species Clause: Limit one of each Pok\u00e9mon\n|rule|Item Clause: Limit 1 of each item\n|clearpoke\n|poke|p1|Scovillain, L50, M, shiny|\n|poke|p1|Espathra, L50, F, shiny|\n|poke|p1|Primarina, L50, M|\n|poke|p1|Bellibolt, L50, M, shiny|\n|poke|p1|Sneasler, L50, F|\n|poke|p1|Sinistcha-Masterpiece, L50, shiny|\n|poke|p2|Aegislash, L50, F, shiny|\n|poke|p2|Whimsicott, L50, M, shiny|\n|poke|p2|Absol, L50, M|\n|poke|p2|Dragapult, L50, M, shiny|\n|poke|p2|Sneasler, L50, M|\n|poke|p2|Politoed, L50, M, shiny|\n|teampreview|4\n|inactive|Battle timer is ON: inactive players will automatically lose when time's up. (requested by Kyommunism)\n|inactive|YO DOD has 60 seconds left.\n|\n|t:|1776623487\n|teamsize|p1|4\n|teamsize|p2|4\n|start\n|switch|p1a: Scovillain|Scovillain, L50, M, shiny|100/100\n|switch|p1b: Sneasler|Sneasler, L50, F|100/100\n|switch|p2a: Whimsicott|Whimsicott, L50, M, shiny|100/100\n|switch|p2b: Absol|Absol, L50, M|100/100\n|-ability|p2b: Absol|Pressure\n|turn|1\n|inactive|YO DOD has 30 seconds left.\n|\n|t:|1776623525\n|switch|p2a: Aegislash|Aegislash, L50, F, shiny|100/100\n|detailschange|p2b: Absol|Absol-Mega, L50, M\n|-mega|p2b: Absol|Absol|Absolite\n|move|p1b: Sneasler|Fake Out|p2b: Absol\n|-damage|p2b: Absol|75/100\n|cant|p2b: Absol|flinch\n|move|p1a: Scovillain|Leech Seed|p2b: Absol\n|move|p2b: Absol|Leech Seed|p1a: Scovillain|[from] ability: Magic Bounce\n|-immune|p1a: Scovillain\n|\n|-ability|p1a: Scovillain|Moody|boost\n|-boost|p1a: Scovillain|spe|2\n|-unboost|p1a: Scovillain|spa|1\n|upkeep\n|turn|2\n|inactive|YO DOD has 30 seconds left.\n|inactive|YO DOD has 20 seconds left.\n|\n|t:|1776623561\n|detailschange|p1a: Scovillain|Scovillain-Mega, L50, M, shiny\n|-mega|p1a: Scovillain|Scovillain|Scovillainite\n|move|p2b: Absol|Protect|p2b: Absol\n|-singleturn|p2b: Absol|Protect\n|move|p1a: Scovillain|Rage Powder|p1a: Scovillain\n|-singleturn|p1a: Scovillain|move: Rage Powder\n|move|p1b: Sneasler|Coaching|p1a: Scovillain\n|-boost|p1a: Scovillain|atk|1\n|-boost|p1a: Scovillain|def|1\n|-formechange|p2a: Aegislash|Aegislash-Blade|\n|move|p2a: Aegislash|Poltergeist|p1a: Scovillain\n|-activate|p1a: Scovillain|move: Poltergeist|Scovillainite\n|-damage|p1a: Scovillain|46/100\n|-status|p2a: Aegislash|brn|[from] ability: Spicy Spray|[of] p1a: Scovillain\n|\n|-damage|p2a: Aegislash|95/100 brn|[from] brn\n|upkeep\n|turn|3\n|inactive|Kyommunism has 30 seconds left.\n|inactive|YO DOD has 30 seconds left.\n|inactive|YO DOD has 20 seconds left.\n|inactive|YO DOD has 15 seconds left.\n|\n|t:|1776623603\n|move|p1a: Scovillain|Protect|p1a: Scovillain\n|-singleturn|p1a: Scovillain|Protect\n|-formechange|p2a: Aegislash|Aegislash|\n|move|p2a: Aegislash|King's Shield|p2a: Aegislash\n|-singleturn|p2a: Aegislash|Protect\n|move|p1b: Sneasler|Close Combat|p2b: Absol\n|-supereffective|p2b: Absol|1\n|-damage|p2b: Absol|0 fnt\n|-unboost|p1b: Sneasler|def|1\n|-unboost|p1b: Sneasler|spd|1\n|faint|p2b: Absol\n|\n|-damage|p2a: Aegislash|89/100 brn|[from] brn\n|upkeep\n|\n|t:|1776623614\n|switch|p2b: Whimsicott|Whimsicott, L50, M, shiny|100/100\n|turn|4\n|inactive|YO DOD has 30 seconds left.\n|\n|t:|1776623640\n|move|p1a: Scovillain|Leech Seed|p2a: Aegislash\n|-start|p2a: Aegislash|move: Leech Seed\n|move|p1b: Sneasler|Coaching|p1a: Scovillain\n|-boost|p1a: Scovillain|atk|1\n|-boost|p1a: Scovillain|def|1\n|move|p2b: Whimsicott|Moonblast|p1b: Sneasler\n|-damage|p1b: Sneasler|26/100\n|-formechange|p2a: Aegislash|Aegislash-Blade|\n|move|p2a: Aegislash|Poltergeist|p1b: Sneasler\n|-activate|p1b: Sneasler|move: Poltergeist|Focus Sash\n|-crit|p1b: Sneasler\n|-damage|p1b: Sneasler|0 fnt\n|faint|p1b: Sneasler\n|\n|-damage|p2a: Aegislash|77/100 brn|[from] Leech Seed|[of] p1a: Scovillain\n|-heal|p1a: Scovillain|58/100|[silent]\n|-damage|p2a: Aegislash|71/100 brn|[from] brn\n|upkeep\n|\n|t:|1776623658\n|switch|p1b: Bellibolt|Bellibolt, L50, M, shiny|100/100\n|turn|5\n|\n|t:|1776623673\n|-formechange|p2a: Aegislash|Aegislash|\n|move|p2a: Aegislash|King's Shield|p2a: Aegislash\n|-singleturn|p2a: Aegislash|Protect\n|move|p1a: Scovillain|Flamethrower|p2b: Whimsicott\n|-supereffective|p2b: Whimsicott|1\n|-damage|p2b: Whimsicott|12/100\n|move|p2b: Whimsicott|Moonblast|p1a: Scovillain\n|-resisted|p1a: Scovillain|1\n|-damage|p1a: Scovillain|41/100\n|-status|p2b: Whimsicott|brn|[from] ability: Spicy Spray|[of] p1a: Scovillain\n|move|p1b: Bellibolt|Weather Ball|p2b: Whimsicott\n|-damage|p2b: Whimsicott|0 fnt\n|faint|p2b: Whimsicott\n|\n|-damage|p2a: Aegislash|59/100 brn|[from] Leech Seed|[of] p1a: Scovillain\n|-heal|p1a: Scovillain|52/100|[silent]\n|-damage|p2a: Aegislash|53/100 brn|[from] brn\n|upkeep\n|\n|t:|1776623674\n|switch|p2b: Sneasler|Sneasler, L50, M|100/100\n|turn|6\n|\n|t:|1776623689\n|move|p1b: Bellibolt|Protect|p1b: Bellibolt\n|-singleturn|p1b: Bellibolt|Protect\n|move|p1a: Scovillain|Leech Seed|p2b: Sneasler\n|-start|p2b: Sneasler|move: Leech Seed\n|move|p2b: Sneasler|Dire Claw|p1b: Bellibolt\n|-activate|p1b: Bellibolt|move: Protect\n|-formechange|p2a: Aegislash|Aegislash-Blade|\n|move|p2a: Aegislash|Poltergeist|p1a: Scovillain\n|-activate|p1a: Scovillain|move: Poltergeist|Scovillainite\n|-damage|p1a: Scovillain|34/100\n|\n|-damage|p2b: Sneasler|88/100|[from] Leech Seed|[of] p1a: Scovillain\n|-heal|p1a: Scovillain|45/100|[silent]\n|-damage|p2a: Aegislash|41/100 brn|[from] Leech Seed|[of] p1a: Scovillain\n|-heal|p1a: Scovillain|56/100|[silent]\n|-damage|p2a: Aegislash|35/100 brn|[from] brn\n|upkeep\n|turn|7\n|\n|t:|1776623703\n|move|p1a: Scovillain|Protect|p1a: Scovillain\n|-singleturn|p1a: Scovillain|Protect\n|move|p2b: Sneasler|Dire Claw|p1a: Scovillain\n|-activate|p1a: Scovillain|move: Protect\n|move|p2a: Aegislash|Poltergeist|p1a: Scovillain\n|-activate|p1a: Scovillain|move: Protect\n|move|p1b: Bellibolt|Parabolic Charge|p2b: Sneasler|[spread] p2a,p2b\n|-activate|p1a: Scovillain|move: Protect\n|-damage|p2a: Aegislash|0 fnt\n|-damage|p2b: Sneasler|61/100\n|faint|p2a: Aegislash\n|\n|-damage|p2b: Sneasler|49/100|[from] Leech Seed|[of] p1a: Scovillain\n|-heal|p1a: Scovillain|67/100|[silent]\n|upkeep\n|turn|8\n|-message|YO DOD forfeited.\n|\n|win|Kyommunism\n|raw|Kyommunism's rating: 1096 &rarr; <strong>1122</strong><br />(+26 for winning)\n|raw|YO DOD's rating: 1104 &rarr; <strong>1078</strong><br />(-26 for losing)\n|l|\u2606YO DOD\n|player|p2|\n",
  "uploadtime": 1776623715,
  "views": 9,
  "formatid": "gen9championsvgc2026regma",
  "rating": 1078,
  "private": 0,
  "password": null
}