{
  "id": "gen9championsvgc2026regma-2588795207",
  "format": "[Gen 9 Champions] VGC 2026 Reg M-A",
  "players": [
    "duffmcwhaling",
    "Cypter"
  ],
  "log": "|j|\u2606duffmcwhaling\n|j|\u2606Cypter\n|t:|1776671770\n|gametype|doubles\n|player|p1|duffmcwhaling|scientist-gen4dp|1219\n|player|p2|Cypter|169|1178\n|gen|9\n|tier|[Gen 9 Champions] VGC 2026 Reg M-A\n|rated|\n|rule|Species Clause: Limit one of each Pok\u00e9mon\n|rule|Item Clause: Limit 1 of each item\n|clearpoke\n|poke|p1|Orthworm, L50, M|\n|poke|p1|Farigiraf, L50, M|\n|poke|p1|Garchomp, L50, M|\n|poke|p1|Froslass, L50, F|\n|poke|p1|Sinistcha-Masterpiece, L50|\n|poke|p1|Incineroar, L50, F|\n|poke|p2|Tyranitar, L50, F, shiny|\n|poke|p2|Excadrill, L50, M, shiny|\n|poke|p2|Incineroar, L50, M, shiny|\n|poke|p2|Rotom-Wash, L50|\n|poke|p2|Aegislash, L50, F, shiny|\n|poke|p2|Sinistcha-Masterpiece, L50|\n|teampreview|4\n|\n|t:|1776671792\n|teamsize|p1|4\n|teamsize|p2|4\n|start\n|switch|p1a: Sinistcha|Sinistcha-Masterpiece, L50|100/100\n|switch|p1b: Orthworm|Orthworm, L50, M|100/100\n|switch|p2a: Tyranitar|Tyranitar, L50, F, shiny|100/100\n|switch|p2b: Excadrill|Excadrill, L50, M, shiny|100/100\n|-weather|Sandstorm|[from] ability: Sand Stream|[of] p2a: Tyranitar\n|turn|1\n|j| neoxd1029\n|\n|t:|1776671818\n|detailschange|p2a: Tyranitar|Tyranitar-Mega, L50, F, shiny\n|-mega|p2a: Tyranitar|Tyranitar|Tyranitarite\n|move|p2b: Excadrill|Rock Slide|p1a: Sinistcha|[spread] p1a,p1b\n|-resisted|p1b: Orthworm|1\n|-damage|p1a: Sinistcha|81/100\n|-damage|p1b: Orthworm|95/100\n|move|p2a: Tyranitar|Crunch|p1b: Orthworm\n|-damage|p1b: Orthworm|69/100\n|-unboost|p1b: Orthworm|def|1\n|cant|p1a: Sinistcha|flinch\n|move|p1b: Orthworm|Shed Tail|p1b: Orthworm\n|-start|p1b: Orthworm|Substitute|[from] move: Shed Tail\n|-damage|p1b: Orthworm|19/100\n|-enditem|p1b: Orthworm|Sitrus Berry|[eat]\n|-heal|p1b: Orthworm|44/100|[from] item: Sitrus Berry\n|l| neoxd1029\n|\n|t:|1776671838\n|switch|p1b: Froslass|Froslass, L50, F|100/100|[from] Shed Tail\n|\n|-weather|Sandstorm|[upkeep]\n|-damage|p1b: Froslass|94/100|[from] Sandstorm\n|-damage|p1a: Sinistcha|75/100|[from] Sandstorm\n|-heal|p1a: Sinistcha|81/100|[from] item: Leftovers\n|upkeep\n|turn|2\n|\n|t:|1776671848\n|detailschange|p1b: Froslass|Froslass-Mega, L50, F\n|-mega|p1b: Froslass|Froslass|Froslassite\n|-weather|Snowscape|[from] ability: Snow Warning|[of] p1b: Froslass\n|move|p1b: Froslass|Blizzard|p2a: Tyranitar|[spread] p2a,p2b\n|-damage|p2a: Tyranitar|71/100\n|-damage|p2b: Excadrill|40/100\n|-status|p2b: Excadrill|frz\n|-curestatus|p2b: Excadrill|frz|[msg]\n|move|p2b: Excadrill|Rock Slide|p1b: Froslass|[spread] p1a,p1b\n|-supereffective|p1b: Froslass|1\n|-end|p1b: Froslass|Substitute\n|-damage|p1a: Sinistcha|60/100\n|move|p2a: Tyranitar|Rock Slide|p1a: Sinistcha|[spread] p1b\n|-miss|p2a: Tyranitar|p1a: Sinistcha\n|-supereffective|p1b: Froslass|1\n|-damage|p1b: Froslass|33/100\n|move|p1a: Sinistcha|Matcha Gotcha|p2a: Tyranitar|[spread] p2a,p2b\n|-supereffective|p2a: Tyranitar|1\n|-crit|p2b: Excadrill\n|-damage|p2a: Tyranitar|41/100\n|-heal|p1a: Sinistcha|75/100|[from] drain|[of] p2a: Tyranitar\n|-damage|p2b: Excadrill|0 fnt\n|-heal|p1a: Sinistcha|96/100|[from] drain|[of] p2b: Excadrill\n|faint|p2b: Excadrill\n|\n|-weather|Snowscape|[upkeep]\n|-heal|p1a: Sinistcha|100/100|[from] item: Leftovers\n|upkeep\n|\n|t:|1776671878\n|switch|p2b: Incineroar|Incineroar, L50, M, shiny|100/100\n|-ability|p2b: Incineroar|Intimidate|boost\n|-unboost|p1a: Sinistcha|atk|1\n|-unboost|p1b: Froslass|atk|1\n|turn|3\n|\n|t:|1776671890\n|switch|p1b: Garchomp|Garchomp, L50, M|100/100\n|switch|p2a: Sinistcha|Sinistcha-Masterpiece, L50|100/100\n|move|p1a: Sinistcha|Matcha Gotcha|p2b: Incineroar|[spread] p2a,p2b\n|-resisted|p2a: Sinistcha|1\n|-resisted|p2b: Incineroar|1\n|-damage|p2a: Sinistcha|86/100\n|-damage|p2b: Incineroar|89/100\n|move|p2b: Incineroar|Flare Blitz|p1a: Sinistcha\n|-supereffective|p1a: Sinistcha|1\n|-damage|p1a: Sinistcha|0 fnt\n|faint|p1a: Sinistcha\n|-damage|p2b: Incineroar|55/100|[from] Recoil\n|\n|-weather|Snowscape|[upkeep]\n|-heal|p2a: Sinistcha|92/100|[from] item: Leftovers\n|upkeep\n|\n|t:|1776671902\n|switch|p1a: Orthworm|Orthworm, L50, M|44/100\n|turn|4\n|\n|t:|1776671915\n|switch|p2b: Tyranitar|Tyranitar-Mega, L50, F, shiny|41/100\n|-weather|Sandstorm|[from] ability: Sand Stream|[of] p2b: Tyranitar\n|move|p1b: Garchomp|Earthquake|p2b: Tyranitar|[spread] p2a,p2b\n|-heal|p1a: Orthworm|69/100|[from] ability: Earth Eater|[of] p1b: Garchomp\n|-resisted|p2a: Sinistcha|1\n|-supereffective|p2b: Tyranitar|1\n|-damage|p2a: Sinistcha|73/100\n|-damage|p2b: Tyranitar|0 fnt\n|faint|p2b: Tyranitar\n|move|p1a: Orthworm|Shed Tail|p1a: Orthworm\n|-start|p1a: Orthworm|Substitute|[from] move: Shed Tail\n|-damage|p1a: Orthworm|19/100\n|\n|t:|1776671926\n|switch|p1a: Froslass|Froslass-Mega, L50, F|33/100|[from] Shed Tail\n|-weather|Snowscape|[from] ability: Snow Warning|[of] p1a: Froslass\n|move|p2a: Sinistcha|Matcha Gotcha|p1b: Garchomp|[spread] p1a,p1b\n|-end|p1a: Froslass|Substitute\n|-heal|p2a: Sinistcha|88/100|[from] drain|[of] p1a: Froslass\n|-damage|p1b: Garchomp|71/100\n|-heal|p2a: Sinistcha|100/100|[from] drain|[of] p1b: Garchomp\n|-status|p1b: Garchomp|brn\n|\n|-weather|Snowscape|[upkeep]\n|-damage|p1b: Garchomp|65/100 brn|[from] brn\n|upkeep\n|\n|t:|1776671943\n|switch|p2b: Incineroar|Incineroar, L50, M, shiny|55/100\n|-ability|p2b: Incineroar|Intimidate|boost\n|-unboost|p1a: Froslass|atk|1\n|-unboost|p1b: Garchomp|atk|1\n|turn|5\n|\n|t:|1776671955\n|move|p1a: Froslass|Protect|p1a: Froslass\n|-singleturn|p1a: Froslass|Protect\n|move|p2b: Incineroar|Fake Out|p1b: Garchomp\n|-damage|p1b: Garchomp|52/100 brn\n|-damage|p2b: Incineroar|43/100|[from] ability: Rough Skin|[of] p1b: Garchomp\n|-enditem|p2b: Incineroar|Sitrus Berry|[eat]\n|-heal|p2b: Incineroar|68/100|[from] item: Sitrus Berry\n|cant|p1b: Garchomp|flinch\n|move|p2a: Sinistcha|Matcha Gotcha|p1b: Garchomp|[spread] p1b\n|-activate|p1a: Froslass|move: Protect\n|-damage|p1b: Garchomp|22/100 brn\n|\n|-weather|Snowscape|[upkeep]\n|-damage|p1b: Garchomp|16/100 brn|[from] brn\n|upkeep\n|turn|6\n|\n|t:|1776671978\n|switch|p1a: Orthworm|Orthworm, L50, M|19/100\n|move|p2a: Sinistcha|Protect|p2a: Sinistcha\n|-singleturn|p2a: Sinistcha|Protect\n|move|p1b: Garchomp|Earthquake|p2a: Sinistcha|[spread] p2b\n|-activate|p2a: Sinistcha|move: Protect\n|-heal|p1a: Orthworm|43/100|[from] ability: Earth Eater|[of] p1b: Garchomp\n|-supereffective|p2b: Incineroar|1\n|-damage|p2b: Incineroar|45/100\n|move|p2b: Incineroar|Flare Blitz|p1a: Orthworm\n|-supereffective|p1a: Orthworm|1\n|-damage|p1a: Orthworm|0 fnt\n|faint|p1a: Orthworm\n|-damage|p2b: Incineroar|31/100|[from] Recoil\n|\n|-weather|Snowscape|[upkeep]\n|-damage|p1b: Garchomp|10/100 brn|[from] brn\n|upkeep\n|\n|t:|1776671989\n|switch|p1a: Froslass|Froslass-Mega, L50, F|33/100\n|turn|7\n|\n|t:|1776672001\n|move|p1a: Froslass|Protect|p1a: Froslass\n|-singleturn|p1a: Froslass|Protect\n|move|p1b: Garchomp|Earthquake|p2b: Incineroar|[spread] p2a,p2b\n|-activate|p1a: Froslass|move: Protect\n|-resisted|p2a: Sinistcha|1\n|-supereffective|p2b: Incineroar|1\n|-damage|p2a: Sinistcha|95/100\n|-damage|p2b: Incineroar|5/100\n|move|p2a: Sinistcha|Matcha Gotcha|p1a: Froslass|[spread] p1b\n|-activate|p1a: Froslass|move: Protect\n|-damage|p1b: Garchomp|0 fnt\n|-heal|p2a: Sinistcha|100/100|[from] drain|[of] p1b: Garchomp\n|faint|p1b: Garchomp\n|move|p2b: Incineroar|Flare Blitz|p1a: Froslass\n|-activate|p1a: Froslass|move: Protect\n|\n|-weather|Snowscape|[upkeep]\n|upkeep\n|turn|8\n|\n|t:|1776672022\n|move|p1a: Froslass|Blizzard|p2b: Incineroar|[spread] p2a,p2b\n|-supereffective|p2a: Sinistcha|1\n|-resisted|p2b: Incineroar|1\n|-damage|p2a: Sinistcha|0 fnt\n|-damage|p2b: Incineroar|0 fnt\n|faint|p2a: Sinistcha\n|faint|p2b: Incineroar\n|\n|win|duffmcwhaling\n|raw|duffmcwhaling's rating: 1219 &rarr; <strong>1241</strong><br />(+22 for winning)\n|raw|Cypter's rating: 1178 &rarr; <strong>1156</strong><br />(-22 for losing)\n",
  "uploadtime": 1776672028,
  "views": 11,
  "formatid": "gen9championsvgc2026regma",
  "rating": 1156,
  "private": 0,
  "password": null
}