{
  "id": "gen9championsvgc2026regma-2583958131",
  "format": "[Gen 9 Champions] VGC 2026 Reg M-A",
  "players": [
    "Ikhnner",
    "Jah_08"
  ],
  "log": "|j|\u2606Ikhnner\n|j|\u2606Jah_08\n|t:|1776211790\n|gametype|doubles\n|player|p1|Ikhnner|wattson|1217\n|player|p2|Jah_08|alder|1302\n|gen|9\n|tier|[Gen 9 Champions] VGC 2026 Reg M-A\n|rated|\n|rule|Species Clause: Limit one of each Pok\u00e9mon\n|rule|Item Clause: Limit 1 of each item\n|clearpoke\n|poke|p1|Starmie, L50|\n|poke|p1|Weavile, L50, F|\n|poke|p1|Pelipper, L50, F|\n|poke|p1|Kingambit, L50, M|\n|poke|p1|Dragonite, L50, M|\n|poke|p1|Sinistcha, L50|\n|poke|p2|Excadrill, L50, M|\n|poke|p2|Whimsicott, L50, M|\n|poke|p2|Chandelure, L50, M|\n|poke|p2|Zoroark-Hisui, L50, M|\n|poke|p2|Basculegion, L50, M|\n|poke|p2|Krookodile, L50, M|\n|teampreview|4\n|inactive|Battle timer is ON: inactive players will automatically lose when time's up. (requested by Ikhnner)\n|inactive|Jah_08 has 60 seconds left.\n|inactive|Jah_08 has 30 seconds left.\n|\n|t:|1776211875\n|teamsize|p1|4\n|teamsize|p2|4\n|start\n|switch|p1a: Starmie|Starmie, L50|100/100\n|switch|p1b: Weavile|Weavile, L50, F|100/100\n|switch|p2a: Basculegion|Basculegion, L50, M|100/100\n|switch|p2b: Excadrill|Excadrill, L50, M|100/100\n|-ability|p1b: Weavile|Pressure\n|turn|1\n|inactive|Jah_08 has 30 seconds left.\n|inactive|Jah_08 has 20 seconds left.\n|\n|t:|1776211915\n|detailschange|p1a: Starmie|Starmie-Mega, L50\n|-mega|p1a: Starmie|Starmie|Starminite\n|move|p2b: Excadrill|Protect|p2b: Excadrill\n|-singleturn|p2b: Excadrill|Protect\n|move|p2a: Basculegion|Flip Turn|p1b: Weavile\n|-damage|p1b: Weavile|38/100\n|\n|t:|1776211923\n|switch|p2a: Whimsicott|Whimsicott, L50, M, shiny|100/100|[from] Flip Turn\n|move|p1a: Starmie|Liquidation|p2b: Excadrill\n|-activate|p2b: Excadrill|move: Protect\n|move|p1b: Weavile|Knock Off|p2a: Whimsicott\n|-resisted|p2a: Whimsicott|1\n|-damage|p2a: Whimsicott|68/100\n|-enditem|p2a: Whimsicott|Mental Herb|[from] move: Knock Off|[of] p1b: Weavile\n|\n|upkeep\n|turn|2\n|\n|t:|1776211948\n|switch|p1b: Pelipper|Pelipper, L50, F|100/100\n|-weather|RainDance|[from] ability: Drizzle|[of] p1b: Pelipper\n|move|p1a: Starmie|Aqua Jet|p2b: Excadrill\n|-damage|p2b: Excadrill|2/100\n|replace|p2b: Zoroark|Zoroark-Hisui, L50, M\n|-end|p2b: Zoroark|Illusion\n|move|p2a: Whimsicott|Tailwind|p2a: Whimsicott\n|-sidestart|p2: Jah_08|move: Tailwind\n|move|p2b: Zoroark|Shadow Ball|p1a: Starmie\n|-supereffective|p1a: Starmie|1\n|-damage|p1a: Starmie|0 fnt\n|faint|p1a: Starmie\n|\n|-weather|RainDance|[upkeep]\n|upkeep\n|\n|t:|1776211963\n|switch|p1a: Weavile|Weavile, L50, F|38/100\n|-ability|p1a: Weavile|Pressure\n|turn|3\n|\n|t:|1776211979\n|move|p2b: Zoroark|Protect|p2b: Zoroark\n|-singleturn|p2b: Zoroark|Protect\n|move|p1a: Weavile|Fake Out|p2a: Whimsicott\n|-damage|p2a: Whimsicott|49/100\n|cant|p2a: Whimsicott|flinch\n|move|p1b: Pelipper|Muddy Water|p2b: Zoroark|[spread] p2a\n|-activate|p2b: Zoroark|move: Protect\n|-resisted|p2a: Whimsicott|1\n|-damage|p2a: Whimsicott|18/100\n|-unboost|p2a: Whimsicott|accuracy|1\n|\n|-weather|RainDance|[upkeep]\n|upkeep\n|turn|4\n|\n|t:|1776212000\n|switch|p1a: Kingambit|Kingambit, L50, M|100/100\n|move|p2b: Zoroark|Shadow Ball|p1b: Pelipper\n|-damage|p1b: Pelipper|15/100\n|move|p2a: Whimsicott|Moonblast|p1a: Kingambit\n|-damage|p1a: Kingambit|68/100\n|move|p1b: Pelipper|Muddy Water|p2a: Whimsicott|[spread] p2a\n|-miss|p1b: Pelipper|p2b: Zoroark\n|-resisted|p2a: Whimsicott|1\n|-damage|p2a: Whimsicott|0 fnt\n|faint|p2a: Whimsicott\n|\n|-weather|RainDance|[upkeep]\n|upkeep\n|\n|t:|1776212021\n|switch|p2a: Excadrill|Excadrill, L50, M|100/100\n|-ability|p2a: Excadrill|Mold Breaker\n|turn|5\n|inactive|Jah_08 has 30 seconds left.\n|\n|t:|1776212054\n|move|p1a: Kingambit|Sucker Punch|p2b: Zoroark\n|-supereffective|p2b: Zoroark|1\n|-damage|p2b: Zoroark|0 fnt\n|faint|p2b: Zoroark\n|move|p2a: Excadrill|High Horsepower|p1a: Kingambit\n|-supereffective|p1a: Kingambit|1\n|-damage|p1a: Kingambit|0 fnt\n|faint|p1a: Kingambit\n|move|p1b: Pelipper|Muddy Water|p2a: Excadrill\n|-supereffective|p2a: Excadrill|1\n|-enditem|p2a: Excadrill|Focus Sash\n|-damage|p2a: Excadrill|1/100\n|-unboost|p2a: Excadrill|accuracy|1\n|\n|-weather|RainDance|[upkeep]\n|-sideend|p2: Jah_08|move: Tailwind\n|upkeep\n|\n|t:|1776212072\n|switch|p2b: Basculegion|Basculegion, L50, M|100/100\n|switch|p1a: Weavile|Weavile, L50, F|38/100\n|-ability|p1a: Weavile|Pressure\n|turn|6\n|\n|t:|1776212083\n|move|p2a: Excadrill|Protect|p2a: Excadrill\n|-singleturn|p2a: Excadrill|Protect\n|move|p2b: Basculegion|Aqua Jet|p1a: Weavile\n|-damage|p1a: Weavile|0 fnt\n|faint|p1a: Weavile\n|move|p1b: Pelipper|Muddy Water|p2b: Basculegion|[spread] p2b\n|-activate|p2a: Excadrill|move: Protect\n|-resisted|p2b: Basculegion|1\n|-damage|p2b: Basculegion|75/100\n|\n|-weather|none\n|upkeep\n|turn|7\n|\n|t:|1776212096\n|move|p2b: Basculegion|Aqua Jet|p1b: Pelipper\n|-resisted|p1b: Pelipper|1\n|-damage|p1b: Pelipper|0 fnt\n|faint|p1b: Pelipper\n|\n|win|Jah_08\n|raw|Ikhnner's rating: 1217 &rarr; <strong>1198</strong><br />(-19 for losing)\n|raw|Jah_08's rating: 1302 &rarr; <strong>1317</strong><br />(+15 for winning)\n",
  "uploadtime": 1776212108,
  "views": 15,
  "formatid": "gen9championsvgc2026regma",
  "rating": 1198,
  "private": 0,
  "password": null
}