{
  "id": "gen9championsvgc2026regma-2583739907",
  "format": "[Gen 9 Champions] VGC 2026 Reg M-A",
  "players": [
    "guerrasz",
    "Jmoneyzzzzz"
  ],
  "log": "|j|\u2606guerrasz\n|j|\u2606Jmoneyzzzzz\n|t:|1776194451\n|gametype|doubles\n|player|p1|guerrasz|bellelba|1131\n|player|p2|Jmoneyzzzzz|169|1228\n|gen|9\n|tier|[Gen 9 Champions] VGC 2026 Reg M-A\n|rated|\n|rule|Species Clause: Limit one of each Pok\u00e9mon\n|rule|Item Clause: Limit 1 of each item\n|clearpoke\n|poke|p1|Charizard, L50, M|\n|poke|p1|Basculegion, L50, M|\n|poke|p1|Incineroar, L50, F|\n|poke|p1|Venusaur, L50, M|\n|poke|p1|Sneasler, L50, F|\n|poke|p1|Garchomp, L50, F|\n|poke|p2|Meganium, L50, M|\n|poke|p2|Pelipper, L50, M|\n|poke|p2|Archaludon, L50, F|\n|poke|p2|Basculegion, L50, M|\n|poke|p2|Toxicroak, L50, M|\n|poke|p2|Araquanid, L50, F|\n|teampreview|4\n|inactive|Battle timer is ON: inactive players will automatically lose when time's up. (requested by guerrasz)\n|inactive|Jmoneyzzzzz has 60 seconds left.\n|\n|t:|1776194492\n|teamsize|p1|4\n|teamsize|p2|4\n|start\n|switch|p1a: Charizard|Charizard, L50, M|100/100\n|switch|p1b: Basculegion|Basculegion, L50, M|100/100\n|switch|p2a: Araquanid|Araquanid, L50, F|100/100\n|switch|p2b: Toxicroak|Toxicroak, L50, M|100/100\n|turn|1\n|inactive|Jmoneyzzzzz has 30 seconds left.\n|\n|t:|1776194521\n|move|p1a: Charizard|Protect|p1a: Charizard\n|-singleturn|p1a: Charizard|Protect\n|move|p1b: Basculegion|Flip Turn|p2b: Toxicroak\n|-immune|p2b: Toxicroak|[from] ability: Dry Skin\n|move|p2b: Toxicroak|Knock Off|p1b: Basculegion\n|-supereffective|p1b: Basculegion|1\n|-crit|p1b: Basculegion\n|-damage|p1b: Basculegion|0 fnt\n|-enditem|p1b: Basculegion|Choice Scarf|[from] move: Knock Off|[of] p2b: Toxicroak\n|faint|p1b: Basculegion\n|move|p2a: Araquanid|Mirror Coat||[still]\n|-fail|p2a: Araquanid\n|\n|upkeep\n|inactive|guerrasz has 30 seconds left.\n|\n|t:|1776194549\n|switch|p1b: Venusaur|Venusaur, L50, M|100/100\n|turn|2\n|\n|t:|1776194566\n|detailschange|p1a: Charizard|Charizard-Mega-Y, L50, M\n|-mega|p1a: Charizard|Charizard|Charizardite Y\n|-weather|SunnyDay|[from] ability: Drought|[of] p1a: Charizard\n|move|p1b: Venusaur|Sleep Powder|p2a: Araquanid\n|-status|p2a: Araquanid|slp|[from] move: Sleep Powder\n|move|p1a: Charizard|Air Slash|p2b: Toxicroak\n|-supereffective|p2b: Toxicroak|1\n|-damage|p2b: Toxicroak|0 fnt\n|faint|p2b: Toxicroak\n|cant|p2a: Araquanid|slp\n|\n|-weather|SunnyDay|[upkeep]\n|upkeep\n|\n|t:|1776194575\n|switch|p2b: Pelipper|Pelipper, L50, M|100/100\n|-weather|RainDance|[from] ability: Drizzle|[of] p2b: Pelipper\n|turn|3\n|inactive|guerrasz has 30 seconds left.\n|inactive|guerrasz has 20 seconds left.\n|\n|t:|1776194612\n|switch|p1a: Sneasler|Sneasler, L50, F|100/100\n|move|p2b: Pelipper|Protect|p2b: Pelipper\n|-singleturn|p2b: Pelipper|Protect\n|move|p1b: Venusaur|Energy Ball|p2b: Pelipper\n|-activate|p2b: Pelipper|move: Protect\n|-curestatus|p2a: Araquanid|slp|[msg]\n|move|p2a: Araquanid|Surf|p1a: Sneasler|[spread] p1a,p1b\n|-activate|p2b: Pelipper|move: Protect\n|-resisted|p1b: Venusaur|1\n|-damage|p1a: Sneasler|0 fnt\n|-damage|p1b: Venusaur|56/100\n|faint|p1a: Sneasler\n|\n|-weather|RainDance|[upkeep]\n|upkeep\n|\n|t:|1776194625\n|switch|p1a: Charizard|Charizard-Mega-Y, L50, M|100/100\n|-weather|SunnyDay|[from] ability: Drought|[of] p1a: Charizard\n|turn|4\n|inactive|Jmoneyzzzzz has 30 seconds left.\n|\n|t:|1776194655\n|switch|p2b: Basculegion|Basculegion, L50, M|100/100\n|move|p2a: Araquanid|Protect|p2a: Araquanid\n|-singleturn|p2a: Araquanid|Protect\n|move|p1b: Venusaur|Energy Ball|p2b: Basculegion\n|-supereffective|p2b: Basculegion|1\n|-damage|p2b: Basculegion|0 fnt\n|faint|p2b: Basculegion\n|move|p1a: Charizard|Heat Wave|p2a: Araquanid\n|-activate|p2a: Araquanid|move: Protect\n|\n|-weather|SunnyDay|[upkeep]\n|upkeep\n|\n|t:|1776194663\n|switch|p2b: Pelipper|Pelipper, L50, M|100/100\n|-weather|RainDance|[from] ability: Drizzle|[of] p2b: Pelipper\n|turn|5\n|\n|t:|1776194680\n|move|p1b: Venusaur|Protect|p1b: Venusaur\n|-singleturn|p1b: Venusaur|Protect\n|move|p1a: Charizard|Air Slash|p2a: Araquanid\n|-supereffective|p2a: Araquanid|1\n|-damage|p2a: Araquanid|20/100\n|move|p2b: Pelipper|Hurricane|p1b: Venusaur\n|-activate|p1b: Venusaur|move: Protect\n|move|p2a: Araquanid|Surf|p1a: Charizard|[spread] p2b,p1a\n|-activate|p1b: Venusaur|move: Protect\n|-resisted|p2b: Pelipper|1\n|-supereffective|p1a: Charizard|1\n|-damage|p2b: Pelipper|43/100\n|-damage|p1a: Charizard|0 fnt\n|faint|p1a: Charizard\n|\n|-weather|RainDance|[upkeep]\n|upkeep\n|turn|6\n|inactive|Jmoneyzzzzz has 30 seconds left.\n|\n|t:|1776194705\n|move|p1b: Venusaur|Sludge Bomb|p2a: Araquanid\n|-damage|p2a: Araquanid|0 fnt\n|faint|p2a: Araquanid\n|move|p2b: Pelipper|Hurricane|p1b: Venusaur\n|-supereffective|p1b: Venusaur|1\n|-damage|p1b: Venusaur|0 fnt\n|faint|p1b: Venusaur\n|\n|win|Jmoneyzzzzz\n|raw|guerrasz's rating: 1131 &rarr; <strong>1113</strong><br />(-18 for losing)\n|raw|Jmoneyzzzzz's rating: 1228 &rarr; <strong>1246</strong><br />(+18 for winning)\n|l|\u2606guerrasz\n|player|p1|\n",
  "uploadtime": 1776194760,
  "views": 25,
  "formatid": "gen9championsvgc2026regma",
  "rating": 1113,
  "private": 0,
  "password": null
}