{
  "id": "gen9championsvgc2026regma-2584856430",
  "format": "[Gen 9 Champions] VGC 2026 Reg M-A",
  "players": [
    "toxmyself",
    "nanismo"
  ],
  "log": "|j|\u2606toxmyself\n|j|\u2606nanismo\n|t:|1776289061\n|gametype|doubles\n|player|p1|toxmyself|norman|1251\n|player|p2|nanismo|2|1353\n|gen|9\n|tier|[Gen 9 Champions] VGC 2026 Reg M-A\n|rated|\n|rule|Species Clause: Limit one of each Pok\u00e9mon\n|rule|Item Clause: Limit 1 of each item\n|clearpoke\n|poke|p1|Charizard, L50, F|\n|poke|p1|Venusaur, L50, F|\n|poke|p1|Garchomp, L50, M|\n|poke|p1|Incineroar, L50, M|\n|poke|p1|Gardevoir, L50, M|\n|poke|p1|Milotic, L50, M|\n|poke|p2|Sneasler, L50, F|\n|poke|p2|Kingambit, L50, F|\n|poke|p2|Clefable, L50, F|\n|poke|p2|Delphox, L50, F|\n|poke|p2|Dragonite, L50, F|\n|poke|p2|Basculegion, L50, M|\n|teampreview|4\n|inactive|Battle timer is ON: inactive players will automatically lose when time's up. (requested by toxmyself)\n|inactive|toxmyself has 60 seconds left.\n|\n|t:|1776289098\n|teamsize|p1|4\n|teamsize|p2|4\n|start\n|switch|p1a: Gardevoir|Gardevoir, L50, M|100/100\n|switch|p1b: Garchomp|Garchomp, L50, M|100/100\n|switch|p2a: Sneasler|Sneasler, L50, F|100/100\n|switch|p2b: Basculegion|Basculegion, L50, M|100/100\n|turn|1\n|inactive|nanismo has 30 seconds left.\n|\n|t:|1776289124\n|move|p2a: Sneasler|Fake Out|p1b: Garchomp\n|-damage|p1b: Garchomp|86/100\n|-damage|p2a: Sneasler|88/100|[from] ability: Rough Skin|[of] p1b: Garchomp\n|move|p1a: Gardevoir|Psychic|p2a: Sneasler\n|-supereffective|p2a: Sneasler|2\n|-damage|p2a: Sneasler|0 fnt\n|faint|p2a: Sneasler\n|move|p2b: Basculegion|Wave Crash|p1a: Gardevoir\n|-damage|p1a: Gardevoir|0 fnt\n|faint|p1a: Gardevoir\n|-damage|p2b: Basculegion|77/100|[from] Recoil\n|cant|p1b: Garchomp|flinch\n|\n|upkeep\n|\n|t:|1776289140\n|switch|p2a: Clefable|Clefable, L50, F|100/100\n|switch|p1a: Charizard|Charizard, L50, F|100/100\n|turn|2\n|\n|t:|1776289150\n|detailschange|p1a: Charizard|Charizard-Mega-Y, L50, F\n|-mega|p1a: Charizard|Charizard|Charizardite Y\n|-weather|SunnyDay|[from] ability: Drought|[of] p1a: Charizard\n|move|p2a: Clefable|Helping Hand|p2b: Basculegion\n|-singleturn|p2b: Basculegion|Helping Hand|[of] p2a: Clefable\n|move|p2b: Basculegion|Wave Crash|p1a: Charizard\n|-supereffective|p1a: Charizard|1\n|-damage|p1a: Charizard|0 fnt\n|faint|p1a: Charizard\n|-damage|p2b: Basculegion|51/100|[from] Recoil\n|move|p1b: Garchomp|Earthquake|p2a: Clefable|[spread] p2a,p2b\n|-damage|p2a: Clefable|69/100\n|-damage|p2b: Basculegion|4/100\n|\n|-weather|SunnyDay|[upkeep]\n|upkeep\n|c|\u2606toxmyself|Wow\n|\n|t:|1776289162\n|switch|p1a: Milotic|Milotic, L50, M|100/100\n|turn|3\n|\n|t:|1776289174\n|move|p1b: Garchomp|Protect|p1b: Garchomp\n|-singleturn|p1b: Garchomp|Protect\n|move|p2a: Clefable|Protect|p2a: Clefable\n|-singleturn|p2a: Clefable|Protect\n|move|p2b: Basculegion|Wave Crash|p1b: Garchomp\n|-activate|p1b: Garchomp|move: Protect\n|move|p1a: Milotic|Scald|p2b: Basculegion\n|-resisted|p2b: Basculegion|1\n|-damage|p2b: Basculegion|0 fnt\n|faint|p2b: Basculegion\n|\n|-weather|SunnyDay|[upkeep]\n|upkeep\n|\n|t:|1776289177\n|switch|p2b: Dragonite|Dragonite, L50, F|100/100\n|turn|4\n|\n|t:|1776289185\n|move|p2a: Clefable|Follow Me|p2a: Clefable\n|-singleturn|p2a: Clefable|move: Follow Me\n|move|p1b: Garchomp|Rock Slide|p2a: Clefable|[spread] p2a\n|-miss|p1b: Garchomp|p2b: Dragonite\n|-damage|p2a: Clefable|52/100\n|move|p2b: Dragonite|Scale Shot|p1b: Garchomp\n|-supereffective|p1b: Garchomp|1\n|-crit|p1b: Garchomp\n|-damage|p1b: Garchomp|43/100\n|-supereffective|p1b: Garchomp|1\n|-damage|p1b: Garchomp|16/100\n|-hitcount|p1b: Garchomp|2\n|-unboost|p2b: Dragonite|def|1\n|-boost|p2b: Dragonite|spe|1\n|move|p1a: Milotic|Ice Beam|p2a: Clefable\n|-damage|p2a: Clefable|32/100\n|-enditem|p2a: Clefable|Sitrus Berry|[eat]\n|-heal|p2a: Clefable|57/100|[from] item: Sitrus Berry\n|\n|-weather|SunnyDay|[upkeep]\n|upkeep\n|turn|5\n|\n|t:|1776289198\n|move|p1b: Garchomp|Protect|p1b: Garchomp\n|-singleturn|p1b: Garchomp|Protect\n|move|p2b: Dragonite|Extreme Speed|p1b: Garchomp\n|-activate|p1b: Garchomp|move: Protect\n|move|p2a: Clefable|Follow Me|p2a: Clefable\n|-singleturn|p2a: Clefable|move: Follow Me\n|move|p1a: Milotic|Life Dew||[still]|[spread] p1a,p1b\n|-fail|p1a: Milotic|heal\n|-heal|p1b: Garchomp|41/100\n|\n|-weather|SunnyDay|[upkeep]\n|upkeep\n|turn|6\n|\n|t:|1776289220\n|move|p2b: Dragonite|Scale Shot|p1b: Garchomp|[miss]\n|-miss|p2b: Dragonite|p1b: Garchomp\n|move|p1b: Garchomp|Rock Slide|p2a: Clefable|[spread] p2a,p2b\n|-supereffective|p2b: Dragonite|1\n|-damage|p2a: Clefable|41/100\n|-damage|p2b: Dragonite|65/100\n|move|p1a: Milotic|Ice Beam|p2b: Dragonite\n|-supereffective|p2b: Dragonite|2\n|-damage|p2b: Dragonite|0 fnt\n|faint|p2b: Dragonite\n|move|p2a: Clefable|Moonblast|p1a: Milotic\n|-damage|p1a: Milotic|75/100\n|\n|-weather|none\n|-heal|p1a: Milotic|81/100|[from] item: Leftovers\n|upkeep\n|turn|7\n|c|\u2606nanismo|unlucky\n|c|\u2606toxmyself|Yea\n|\n|t:|1776289242\n|move|p1b: Garchomp|Rock Slide|p2a: Clefable\n|-damage|p2a: Clefable|18/100\n|move|p1a: Milotic|Scald|p2a: Clefable\n|-damage|p2a: Clefable|0 fnt\n|faint|p2a: Clefable\n|\n|win|toxmyself\n|raw|toxmyself's rating: 1251 &rarr; <strong>1283</strong><br />(+32 for winning)\n|raw|nanismo's rating: 1353 &rarr; <strong>1327</strong><br />(-26 for losing)\n",
  "uploadtime": 1776289242,
  "views": 52,
  "formatid": "gen9championsvgc2026regma",
  "rating": 1283,
  "private": 0,
  "password": null
}