{
  "id": "gen9championsvgc2026regma-2581070969",
  "format": "[Gen 9 Champions] VGC 2026 Reg M-A",
  "players": [
    "RadiantBlue4552",
    "Relish Toast"
  ],
  "log": "|j|\u203dRadiantBlue4552\n|j|\u2606Relish Toast\n|t:|1775957102\n|gametype|doubles\n|player|p1|RadiantBlue4552|266|1042\n|player|p2|Relish Toast|kieran-festival|1000\n|gen|9\n|tier|[Gen 9 Champions] VGC 2026 Reg M-A\n|rated|\n|rule|Species Clause: Limit one of each Pok\u00e9mon\n|rule|Item Clause: Limit 1 of each item\n|clearpoke\n|poke|p1|Snorlax, L50, M|\n|poke|p1|Sableye, L50, F|\n|poke|p1|Farigiraf, L50, F|\n|poke|p1|Maushold-Four, L50|\n|poke|p1|Gengar, L50, F|\n|poke|p1|Pelipper, L50, M|\n|poke|p2|Mimikyu, L50, F|\n|poke|p2|Excadrill, L50, M|\n|poke|p2|Gyarados, L50, F|\n|poke|p2|Noivern, L50, M|\n|poke|p2|Houndoom, L50, M|\n|poke|p2|Corviknight, L50, F|\n|teampreview|4\n|inactive|Battle timer is ON: inactive players will automatically lose when time's up. (requested by Relish Toast)\nRadiantBlue4552 rejected open team sheets.\n|inactive|Relish Toast has 60 seconds left.\n|inactive|Relish Toast has 30 seconds left.\n|\n|t:|1775957177\n|teamsize|p1|4\n|teamsize|p2|4\n|start\n|switch|p1a: Snorlax|Snorlax, L50, M|100/100\n|switch|p1b: Sableye|Sableye, L50, F|100/100\n|switch|p2a: Noivern|Noivern, L50, M|100/100\n|switch|p2b: Gyarados|Gyarados, L50, F|100/100\n|-item|p1a: Snorlax|Lum Berry|[from] ability: Frisk|[of] p2a: Noivern\n|-item|p1b: Sableye|Sitrus Berry|[from] ability: Frisk|[of] p2a: Noivern\n|-ability|p2b: Gyarados|Intimidate|boost\n|-unboost|p1a: Snorlax|atk|1\n|-unboost|p1b: Sableye|atk|1\n|turn|1\n|\n|t:|1775957198\n|detailschange|p2b: Gyarados|Gyarados-Mega, L50, F\n|-mega|p2b: Gyarados|Gyarados|Gyaradosite\n|-ability|p2b: Gyarados|Mold Breaker\n|move|p1b: Sableye|Will-O-Wisp|p2b: Gyarados\n|-hint|Since gen 7, Dark is immune to Prankster moves.\n|-immune|p2b: Gyarados\n|move|p2a: Noivern|U-turn|p1b: Sableye\n|-damage|p1b: Sableye|87/100\n|\n|t:|1775957222\n|switch|p2a: Excadrill|Excadrill, L50, M|100/100|[from] U-turn\n|-ability|p2a: Excadrill|Mold Breaker\n|move|p2b: Gyarados|Dragon Dance|p2b: Gyarados\n|-boost|p2b: Gyarados|atk|1\n|-boost|p2b: Gyarados|spe|1\n|move|p1a: Snorlax|Curse|p1a: Snorlax\n|-unboost|p1a: Snorlax|spe|1\n|-boost|p1a: Snorlax|atk|1\n|-boost|p1a: Snorlax|def|1\n|\n|upkeep\n|turn|2\n|\n|t:|1775957239\n|switch|p2a: Noivern|Noivern, L50, M|100/100\n|-item|p1a: Snorlax|Lum Berry|[from] ability: Frisk|[of] p2a: Noivern\n|-item|p1b: Sableye|Sitrus Berry|[from] ability: Frisk|[of] p2a: Noivern\n|move|p1b: Sableye|Skill Swap|p1a: Snorlax\n|-activate|p1b: Sableye|Skill Swap|||[of] p1a: Snorlax\n|move|p1a: Snorlax|Curse|p1a: Snorlax\n|-unboost|p1a: Snorlax|spe|1\n|-boost|p1a: Snorlax|atk|1\n|-boost|p1a: Snorlax|def|1\n|move|p2b: Gyarados|Waterfall|p1a: Snorlax\n|-damage|p1a: Snorlax|76/100\n|\n|upkeep\n|turn|3\n|\n|t:|1775957264\n|move|p1a: Snorlax|Curse|p1a: Snorlax\n|-unboost|p1a: Snorlax|spe|1\n|-boost|p1a: Snorlax|atk|1\n|-boost|p1a: Snorlax|def|1\n|move|p2a: Noivern|Draco Meteor|p1a: Snorlax\n|-damage|p1a: Snorlax|37/100\n|-unboost|p2a: Noivern|spa|2\n|move|p2b: Gyarados|Waterfall|p1b: Sableye\n|-damage|p1b: Sableye|5/100\n|-enditem|p1b: Sableye|Sitrus Berry|[eat]\n|-heal|p1b: Sableye|30/100|[from] item: Sitrus Berry\n|move|p1b: Sableye|Will-O-Wisp|p2a: Noivern\n|-status|p2a: Noivern|brn\n|\n|-damage|p2a: Noivern|94/100 brn|[from] brn\n|upkeep\n|turn|4\n|inactive|RadiantBlue4552 has 30 seconds left.\n|\n|t:|1775957294\n|switch|p1b: Maushold|Maushold-Four, L50|100/100\n|move|p1a: Snorlax|Amnesia|p1a: Snorlax\n|-boost|p1a: Snorlax|spd|2\n|move|p2a: Noivern|Draco Meteor|p1a: Snorlax\n|-damage|p1a: Snorlax|30/100\n|-unboost|p2a: Noivern|spa|2\n|move|p2b: Gyarados|Earthquake|p1b: Maushold|[spread] p1a,p1b\n|-immune|p2a: Noivern\n|-damage|p1a: Snorlax|19/100\n|-damage|p1b: Maushold|48/100\n|\n|-damage|p2a: Noivern|88/100 brn|[from] brn\n|upkeep\n|turn|5\n|\n|t:|1775957319\n|switch|p2a: Excadrill|Excadrill, L50, M|100/100\n|-ability|p2a: Excadrill|Mold Breaker\n|move|p1a: Snorlax|Rest|p1a: Snorlax\n|-status|p1a: Snorlax|slp|[from] move: Rest\n|-enditem|p1a: Snorlax|Lum Berry|[eat]\n|-curestatus|p1a: Snorlax|slp|[msg]\n|-heal|p1a: Snorlax|100/100|[silent]\n|move|p2b: Gyarados|Earthquake|p1b: Maushold|[spread] p2a,p1a,p1b\n|-supereffective|p2a: Excadrill|1\n|-damage|p2a: Excadrill|0 fnt\n|-damage|p1a: Snorlax|88/100\n|-damage|p1b: Maushold|0 fnt\n|faint|p2a: Excadrill\n|faint|p1b: Maushold\n|\n|upkeep\n|-message|Relish Toast forfeited.\n|\n|win|RadiantBlue4552\n|raw|RadiantBlue4552's rating: 1042 &rarr; <strong>1072</strong><br />(+30 for winning)\n|raw|Relish Toast's rating: 1000 &rarr; <strong>1000</strong><br />(+0 for losing)\n|l|\u2606Relish Toast\n|player|p2|\n",
  "uploadtime": 1775957339,
  "views": 12,
  "formatid": "gen9championsvgc2026regma",
  "rating": 1000,
  "private": 0,
  "password": null
}