{
  "id": "gen9championsvgc2026regma-2581906896",
  "format": "[Gen 9 Champions] VGC 2026 Reg M-A",
  "players": [
    "chromate",
    "DeltaCX"
  ],
  "log": "|j|\u2606chromate\n|j|\u2606DeltaCX\n|html|<table width=\"100%\"><tr><td align=\"left\">chromate</td><td align=\"right\">DeltaCX</tr><tr><td align=\"left\"><i class=\"fa fa-circle\"></i> <i class=\"fa fa-circle-o\"></i> </td><td align=\"right\"><i class=\"fa fa-circle-o\"></i> <i class=\"fa fa-circle-o\"></i> </tr></table>\n|uhtml|bestof|<h2><strong>Game 2</strong> of <a href=\"/game-bestof3-gen9championsvgc2026regma-2581905392\">a best-of-3</a></h2>\n|t:|1776038624\n|gametype|doubles\n|player|p1|chromate|miku-ghost|\n|player|p2|DeltaCX|101|\n|gen|9\n|tier|[Gen 9 Champions] VGC 2026 Reg M-A\n|rated|Tournament battle\n|rule|Species Clause: Limit one of each Pok\u00e9mon\n|rule|Item Clause: Limit 1 of each item\n|raw|<div class=\"infobox\"><details class=\"readmore\" open><summary><strong>2 custom rules:</strong></summary> Force Open Team Sheets, Best of = 3</details></div>\n|clearpoke\n|poke|p1|Charizard, L50, M|\n|poke|p1|Whimsicott, L50, M|\n|poke|p1|Garchomp, L50, F|\n|poke|p1|Sneasler, L50, M|\n|poke|p1|Maushold, L50|\n|poke|p1|Incineroar, L50, M|\n|poke|p2|Rotom-Heat, L50|\n|poke|p2|Tyranitar, L50, M|\n|poke|p2|Aerodactyl, L50, F|\n|poke|p2|Aegislash, L50, M|\n|poke|p2|Starmie, L50|\n|poke|p2|Garchomp, L50, M|\n|teampreview|4\n|showteam|p1|Charizard||CharizarditeY|Blaze|HeatWave,SolarBeam,WeatherBall,Protect|||M|||50|]Whimsicott||FocusSash|Prankster|Moonblast,Tailwind,Encore,SunnyDay|||M|||50|]Garchomp||ChoiceScarf|RoughSkin|Earthquake,DragonClaw,RockSlide,StompingTantrum|||F|||50|]Sneasler||WhiteHerb|Unburden|GunkShot,CloseCombat,RockTomb,Protect|||M|||50|]Maushold||ChopleBerry|FriendGuard|SuperFang,FollowMe,HelpingHand,Protect||||||50|]Incineroar||SitrusBerry|Intimidate|FlareBlitz,ThroatChop,FakeOut,PartingShot|||M|||50|\n|showteam|p2|Rotom-Heat||SitrusBerry|Levitate|Protect,Thunderbolt,Overheat,HelpingHand||||||50|]Tyranitar||ChoiceScarf|SandStream|RockSlide,KnockOff,IcePunch,Superpower|||M|||50|]Aerodactyl||FocusSash|Unnerve|DualWingbeat,Protect,Tailwind,RockSlide|||F|||50|]Aegislash||WhiteHerb|StanceChange|KingsShield,WideGuard,FlashCannon,ShadowBall|||M|||50|]Starmie||Starminite|NaturalCure|Protect,Liquidation,SkillSwap,ZenHeadbutt||||||50|]Garchomp||BrightPowder|SandVeil|Protect,IronHead,Earthquake,DragonClaw|||M|||50|\n|\n|t:|1776038646\n|teamsize|p1|4\n|teamsize|p2|4\n|start\n|switch|p1a: Incineroar|Incineroar, L50, M|100/100\n|switch|p1b: Whimsicott|Whimsicott, L50, M|100/100\n|switch|p2a: Starmie|Starmie, L50|100/100\n|switch|p2b: Rotom|Rotom-Heat, L50|100/100\n|-ability|p1a: Incineroar|Intimidate|boost\n|-unboost|p2a: Starmie|atk|1\n|-unboost|p2b: Rotom|atk|1\n|turn|1\n|\n|t:|1776038666\n|move|p2a: Starmie|Protect|p2a: Starmie\n|-singleturn|p2a: Starmie|Protect\n|move|p1a: Incineroar|Fake Out|p2a: Starmie\n|-activate|p2a: Starmie|move: Protect\n|move|p1b: Whimsicott|Tailwind|p1b: Whimsicott\n|-sidestart|p1: chromate|move: Tailwind\n|move|p2b: Rotom|Overheat|p1b: Whimsicott\n|-supereffective|p1b: Whimsicott|1\n|-enditem|p1b: Whimsicott|Focus Sash\n|-damage|p1b: Whimsicott|1/100\n|-unboost|p2b: Rotom|spa|2\n|\n|upkeep\n|turn|2\n|\n|t:|1776038686\n|detailschange|p2a: Starmie|Starmie-Mega, L50\n|-mega|p2a: Starmie|Starmie|Starminite\n|move|p1b: Whimsicott|Moonblast|p2a: Starmie\n|-damage|p2a: Starmie|66/100\n|move|p1a: Incineroar|Throat Chop|p2a: Starmie\n|-supereffective|p2a: Starmie|1\n|-damage|p2a: Starmie|0 fnt\n|faint|p2a: Starmie\n|move|p2b: Rotom|Thunderbolt|p1a: Incineroar\n|-crit|p1a: Incineroar\n|-damage|p1a: Incineroar|39/100\n|-enditem|p1a: Incineroar|Sitrus Berry|[eat]\n|-heal|p1a: Incineroar|63/100|[from] item: Sitrus Berry\n|\n|upkeep\n|\n|t:|1776038701\n|switch|p2a: Garchomp|Garchomp, L50, M, shiny|100/100\n|turn|3\n|l|\u2606chromate\n|player|p1|\n|inactive|Battle timer is ON: inactive players will automatically lose when time's up. (requested by DeltaCX)\n|j|\u2606chromate\n|inactive|chromate reconnected and has 85 seconds left.\n|player|p1|chromate|miku-ghost|\n|\n|t:|1776038747\n|move|p2b: Rotom|Helping Hand|p2a: Garchomp\n|-singleturn|p2a: Garchomp|Helping Hand|[of] p2b: Rotom\n|move|p1b: Whimsicott|Moonblast|p2a: Garchomp\n|-supereffective|p2a: Garchomp|1\n|-damage|p2a: Garchomp|38/100\n|move|p1a: Incineroar|Throat Chop|p2a: Garchomp\n|-damage|p2a: Garchomp|7/100\n|-start|p2a: Garchomp|Throat Chop|[silent]\n|move|p2a: Garchomp|Earthquake|p1b: Whimsicott|[spread] p1a,p1b\n|-immune|p2b: Rotom|[from] ability: Levitate\n|-supereffective|p1a: Incineroar|1\n|-resisted|p1b: Whimsicott|1\n|-damage|p1a: Incineroar|0 fnt\n|-damage|p1b: Whimsicott|0 fnt\n|faint|p1a: Incineroar\n|faint|p1b: Whimsicott\n|\n|upkeep\n|\n|t:|1776038752\n|switch|p1b: Sneasler|Sneasler, L50, M|100/100\n|switch|p1a: Charizard|Charizard, L50, M|100/100\n|turn|4\n|\n|t:|1776038769\n|detailschange|p1a: Charizard|Charizard-Mega-Y, L50, M\n|-mega|p1a: Charizard|Charizard|Charizardite Y\n|-weather|SunnyDay|[from] ability: Drought|[of] p1a: Charizard\n|move|p2a: Garchomp|Protect|p2a: Garchomp\n|-singleturn|p2a: Garchomp|Protect\n|move|p1b: Sneasler|Close Combat|p2b: Rotom\n|-damage|p2b: Rotom|9/100\n|-unboost|p1b: Sneasler|def|1\n|-unboost|p1b: Sneasler|spd|1\n|-enditem|p2b: Rotom|Sitrus Berry|[eat]\n|-heal|p2b: Rotom|34/100|[from] item: Sitrus Berry\n|-enditem|p1b: Sneasler|White Herb\n|-clearnegativeboost|p1b: Sneasler|[silent]\n|move|p1a: Charizard|Heat Wave|p2a: Garchomp|[spread] p2b\n|-activate|p2a: Garchomp|move: Protect\n|-resisted|p2b: Rotom|1\n|-damage|p2b: Rotom|0 fnt\n|faint|p2b: Rotom\n|\n|-weather|SunnyDay|[upkeep]\n|-end|p2a: Garchomp|Throat Chop|[silent]\n|-sideend|p1: chromate|move: Tailwind\n|upkeep\n|\n|t:|1776038786\n|switch|p2b: Tyranitar|Tyranitar, L50, M|100/100\n|-weather|Sandstorm|[from] ability: Sand Stream|[of] p2b: Tyranitar\n|turn|5\n|\n|t:|1776038806\n|move|p1b: Sneasler|Close Combat|p2b: Tyranitar\n|-supereffective|p2b: Tyranitar|2\n|-damage|p2b: Tyranitar|0 fnt\n|-unboost|p1b: Sneasler|def|1\n|-unboost|p1b: Sneasler|spd|1\n|faint|p2b: Tyranitar\n|move|p2a: Garchomp|Dragon Claw|p1b: Sneasler\n|-damage|p1b: Sneasler|4/100\n|move|p1a: Charizard|Weather Ball|p2a: Garchomp|[miss]\n|-miss|p1a: Charizard|p2a: Garchomp\n|\n|-weather|Sandstorm|[upkeep]\n|-damage|p1b: Sneasler|0 fnt|[from] Sandstorm\n|-damage|p1a: Charizard|94/100|[from] Sandstorm\n|faint|p1b: Sneasler\n|upkeep\n|turn|6\n|\n|t:|1776038821\n|move|p2a: Garchomp|Protect|p2a: Garchomp\n|-singleturn|p2a: Garchomp|Protect\n|move|p1a: Charizard|Weather Ball|p2a: Garchomp\n|-activate|p2a: Garchomp|move: Protect\n|\n|-weather|Sandstorm|[upkeep]\n|-damage|p1a: Charizard|88/100|[from] Sandstorm\n|upkeep\n|turn|7\n|\n|t:|1776038835\n|move|p2a: Garchomp|Iron Head|p1a: Charizard\n|-resisted|p1a: Charizard|1\n|-damage|p1a: Charizard|73/100\n|move|p1a: Charizard|Weather Ball|p2a: Garchomp|[miss]\n|-miss|p1a: Charizard|p2a: Garchomp\n|\n|-weather|Sandstorm|[upkeep]\n|-damage|p1a: Charizard|67/100|[from] Sandstorm\n|upkeep\n|turn|8\n|\n|t:|1776038845\n|move|p2a: Garchomp|Iron Head|p1a: Charizard\n|-resisted|p1a: Charizard|1\n|-damage|p1a: Charizard|51/100\n|move|p1a: Charizard|Weather Ball|p2a: Garchomp\n|-resisted|p2a: Garchomp|1\n|-damage|p2a: Garchomp|0 fnt\n|faint|p2a: Garchomp\n|\n|win|chromate\n|l|\u2606DeltaCX\n|player|p2|\n|l|\u2606chromate\n|player|p1|\n|j| aurora ltd\n",
  "uploadtime": 1776039060,
  "views": 10,
  "formatid": "gen9championsvgc2026regma",
  "rating": null,
  "private": 0,
  "password": null
}