{
  "id": "gen9championsvgc2026regma-2581153366",
  "format": "[Gen 9 Champions] VGC 2026 Reg M-A",
  "players": [
    "lolgz",
    "Godther"
  ],
  "log": "|j|\u2606lolgz\n|j|\u2606Godther\n|t:|1775965028\n|gametype|doubles\n|player|p1|lolgz|170|1256\n|player|p2|Godther|n|1297\n|gen|9\n|tier|[Gen 9 Champions] VGC 2026 Reg M-A\n|rated|\n|rule|Species Clause: Limit one of each Pok\u00e9mon\n|rule|Item Clause: Limit 1 of each item\n|clearpoke\n|poke|p1|Charizard, L50, F|\n|poke|p1|Whimsicott, L50, M|\n|poke|p1|Basculegion, L50, M|\n|poke|p1|Farigiraf, L50, M|\n|poke|p1|Sneasler, L50, M|\n|poke|p1|Floette-Eternal, L50, F|\n|poke|p2|Floette-Eternal, L50, F|\n|poke|p2|Whimsicott, L50, M|\n|poke|p2|Sinistcha-Masterpiece, L50|\n|poke|p2|Garchomp, L50, M|\n|poke|p2|Armarouge, L50, M|\n|poke|p2|Kingambit, L50, M|\n|teampreview|4\n|\n|t:|1775965103\n|teamsize|p1|4\n|teamsize|p2|4\n|start\n|switch|p1a: Whimsicott|Whimsicott, L50, M|100/100\n|switch|p1b: Basculegion|Basculegion, L50, M|100/100\n|switch|p2a: Floette|Floette-Eternal, L50, F|100/100\n|switch|p2b: Whimsicott|Whimsicott, L50, M, shiny|100/100\n|turn|1\n|\n|t:|1775965125\n|detailschange|p2a: Floette|Floette-Mega, L50, F\n|-mega|p2a: Floette|Floette|Floettite\n|-ability|p2a: Floette|Fairy Aura\n|move|p2b: Whimsicott|Tailwind|p2b: Whimsicott\n|-sidestart|p2: Godther|move: Tailwind\n|move|p1a: Whimsicott|Tailwind|p1a: Whimsicott\n|-sidestart|p1: lolgz|move: Tailwind\n|move|p1b: Basculegion|Wave Crash|p2a: Floette\n|-damage|p2a: Floette|5/100\n|-damage|p1b: Basculegion|76/100|[from] Recoil\n|move|p2a: Floette|Dazzling Gleam|p1a: Whimsicott|[spread] p1a,p1b\n|-crit|p1b: Basculegion\n|-damage|p1a: Whimsicott|21/100\n|-damage|p1b: Basculegion|0 fnt\n|faint|p1b: Basculegion\n|\n|upkeep\n|\n|t:|1775965136\n|switch|p1b: Floette|Floette-Eternal, L50, F|100/100\n|turn|2\n|\n|t:|1775965163\n|detailschange|p1b: Floette|Floette-Mega, L50, F\n|-mega|p1b: Floette|Floette|Floettite\n|-ability|p1b: Floette|Fairy Aura\n|move|p2b: Whimsicott|Encore|p1a: Whimsicott\n|-start|p1a: Whimsicott|Encore\n|move|p1a: Whimsicott|Tailwind||[still]\n|-fail|p1a: Whimsicott\n|move|p1b: Floette|Dazzling Gleam|p2b: Whimsicott|[spread] p2a,p2b\n|-damage|p2a: Floette|0 fnt\n|-damage|p2b: Whimsicott|17/100\n|faint|p2a: Floette\n|\n|upkeep\n|\n|t:|1775965171\n|switch|p2a: Armarouge|Armarouge, L50, M, shiny|100/100\n|turn|3\n|\n|t:|1775965187\n|switch|p1a: Sneasler|Sneasler, L50, M|100/100\n|move|p2a: Armarouge|Wide Guard|p2a: Armarouge\n|-singleturn|p2a: Armarouge|Wide Guard\n|move|p2b: Whimsicott|Moonblast|p1b: Floette\n|-damage|p1b: Floette|58/100\n|move|p1b: Floette|Dazzling Gleam|p2b: Whimsicott|[spread] \n|-activate|p2a: Armarouge|move: Wide Guard\n|-activate|p2b: Whimsicott|move: Wide Guard\n|\n|upkeep\n|turn|4\n|\n|t:|1775965234\n|move|p1a: Sneasler|Fake Out|p2a: Armarouge\n|-damage|p2a: Armarouge|90/100\n|cant|p2a: Armarouge|flinch\n|move|p2b: Whimsicott|Encore|p1b: Floette\n|-start|p1b: Floette|Encore\n|move|p1b: Floette|Dazzling Gleam|p2a: Armarouge|[spread] p2a,p2b\n|-resisted|p2a: Armarouge|1\n|-damage|p2a: Armarouge|65/100\n|-damage|p2b: Whimsicott|0 fnt\n|faint|p2b: Whimsicott\n|\n|-sideend|p1: lolgz|move: Tailwind\n|-sideend|p2: Godther|move: Tailwind\n|upkeep\n|\n|t:|1775965253\n|switch|p2b: Garchomp|Garchomp, L50, M|100/100\n|turn|5\n|\n|t:|1775965292\n|move|p2a: Armarouge|Wide Guard|p2a: Armarouge\n|-singleturn|p2a: Armarouge|Wide Guard\n|move|p2b: Garchomp|Earthquake|p1a: Sneasler|[spread] p1a,p1b\n|-activate|p2a: Armarouge|move: Wide Guard\n|-supereffective|p1a: Sneasler|1\n|-damage|p1a: Sneasler|0 fnt\n|-damage|p1b: Floette|3/100\n|faint|p1a: Sneasler\n|move|p1b: Floette|Dazzling Gleam|p2b: Garchomp|[spread] \n|-activate|p2a: Armarouge|move: Wide Guard\n|-activate|p2b: Garchomp|move: Wide Guard\n|\n|upkeep\n|\n|t:|1775965298\n|switch|p1a: Whimsicott|Whimsicott, L50, M|21/100\n|turn|6\n|-message|lolgz forfeited.\n|\n|win|Godther\n|raw|lolgz's rating: 1256 &rarr; <strong>1234</strong><br />(-22 for losing)\n|raw|Godther's rating: 1297 &rarr; <strong>1319</strong><br />(+22 for winning)\n",
  "uploadtime": 1775965304,
  "views": 22,
  "formatid": "gen9championsvgc2026regma",
  "rating": 1234,
  "private": 0,
  "password": null
}