{
  "id": "gen9championsvgc2026regma-2586832324",
  "format": "[Gen 9 Champions] VGC 2026 Reg M-A",
  "players": [
    "computer! stop!",
    "skeledirge75"
  ],
  "log": "|j|\u2606computer! stop!\n|j|\u2606skeledirge75\n|t:|1776463642\n|gametype|doubles\n|player|p1|computer! stop!|toddsnap|1466\n|player|p2|skeledirge75|266|1401\n|gen|9\n|tier|[Gen 9 Champions] VGC 2026 Reg M-A\n|rated|\n|rule|Species Clause: Limit one of each Pok\u00e9mon\n|rule|Item Clause: Limit 1 of each item\n|clearpoke\n|poke|p1|Aegislash, L50, M|\n|poke|p1|Floette-Eternal, L50, F|\n|poke|p1|Blastoise, L50, M|\n|poke|p1|Meowscarada, L50, F|\n|poke|p1|Farigiraf, L50, F|\n|poke|p1|Pelipper, L50, F|\n|poke|p2|Meganium, L50, M|\n|poke|p2|Aerodactyl, L50, M|\n|poke|p2|Rotom-Wash, L50|\n|poke|p2|Garchomp, L50, F|\n|poke|p2|Aegislash, L50, F|\n|poke|p2|Incineroar, L50, F|\n|teampreview|4\ncomputer! stop! rejected open team sheets.\n|inactive|Battle timer is ON: inactive players will automatically lose when time's up. (requested by skeledirge75)\n|inactive|skeledirge75 has 60 seconds left.\n|\n|t:|1776463692\n|teamsize|p1|4\n|teamsize|p2|4\n|start\n|switch|p1a: Meowscarada|Meowscarada, L50, F, shiny|100/100\n|switch|p1b: Floette|Floette-Eternal, L50, F|100/100\n|switch|p2a: Rotom|Rotom-Wash, L50|100/100\n|switch|p2b: Meganium|Meganium, L50, M|100/100\n|turn|1\n|inactive|computer! stop! has 30 seconds left.\n|inactive|computer! stop! has 20 seconds left.\n|inactive|computer! stop! has 15 seconds left.\n|inactive|computer! stop! has 10 seconds left.\n|inactive|computer! stop! has 5 seconds left.\n|\n|t:|1776463743\n|switch|p2a: Incineroar|Incineroar, L50, F|100/100\n|-ability|p2a: Incineroar|Intimidate|boost\n|-block|p1a: Meowscarada|ability: Flower Veil|[of] p1b: Floette\n|-unboost|p1b: Floette|atk|1\n|detailschange|p1b: Floette|Floette-Mega, L50, F\n|-mega|p1b: Floette|Floette|Floettite\n|-ability|p1b: Floette|Fairy Aura\n|detailschange|p2b: Meganium|Meganium-Mega, L50, M\n|-mega|p2b: Meganium|Meganium|Meganiumite\n|move|p1a: Meowscarada|Flower Trick|p2a: Incineroar\n|-start|p1a: Meowscarada|typechange|Grass|[from] ability: Protean\n|-resisted|p2a: Incineroar|1\n|-crit|p2a: Incineroar\n|-damage|p2a: Incineroar|77/100\n|move|p1b: Floette|Calm Mind|p1b: Floette\n|-boost|p1b: Floette|spa|1\n|-boost|p1b: Floette|spd|1\n|move|p2b: Meganium|Weather Ball|p1a: Meowscarada\n|-supereffective|p1a: Meowscarada|1\n|-damage|p1a: Meowscarada|0 fnt\n|faint|p1a: Meowscarada\n|\n|upkeep\n|inactive|computer! stop! has 30 seconds left.\n|j| oneeshota\n|inactive|computer! stop! has 20 seconds left.\n|inactive|computer! stop! has 15 seconds left.\n|inactive|computer! stop! has 10 seconds left.\n|\n|t:|1776463789\n|switch|p1a: Aegislash|Aegislash, L50, M|100/100\n|turn|2\n|\n|t:|1776463806\n|switch|p1a: Farigiraf|Farigiraf, L50, F, shiny|100/100\n|move|p2a: Incineroar|Fake Out||[still]\n|cant|p1a: Farigiraf|ability: Armor Tail|Fake Out|[of] p2a: Incineroar\n|move|p1b: Floette|Calm Mind|p1b: Floette\n|-boost|p1b: Floette|spa|1\n|-boost|p1b: Floette|spd|1\n|move|p2b: Meganium|Weather Ball|p1a: Farigiraf\n|-damage|p1a: Farigiraf|43/100\n|\n|upkeep\n|turn|3\n|inactive|computer! stop! has 30 seconds left.\n|\n|t:|1776463840\n|move|p1a: Farigiraf|Helping Hand|p1b: Floette\n|-singleturn|p1b: Floette|Helping Hand|[of] p1a: Farigiraf\n|move|p1b: Floette|Dazzling Gleam|p2a: Incineroar|[spread] p2a,p2b\n|-damage|p2a: Incineroar|0 fnt\n|-damage|p2b: Meganium|0 fnt\n|faint|p2a: Incineroar\n|faint|p2b: Meganium\n|\n|upkeep\n|\n|t:|1776463846\n|switch|p2b: Rotom|Rotom-Wash, L50|100/100\n|switch|p2a: Aegislash|Aegislash, L50, F|100/100\n|turn|4\n|inactive|computer! stop! has 30 seconds left.\n|inactive|computer! stop! has 20 seconds left.\n|inactive|computer! stop! has 15 seconds left.\n|inactive|computer! stop! has 10 seconds left.\n|inactive|computer! stop! has 5 seconds left.\n|\n|t:|1776463897\n|move|p1b: Floette|Protect|p1b: Floette\n|-singleturn|p1b: Floette|Protect\n|move|p2b: Rotom|Hydro Pump|p1a: Farigiraf\n|-damage|p1a: Farigiraf|0 fnt\n|faint|p1a: Farigiraf\n|-formechange|p2a: Aegislash|Aegislash-Blade|\n|move|p2a: Aegislash|Iron Head|p1b: Floette\n|-activate|p1b: Floette|move: Protect\n|\n|upkeep\n|\n|t:|1776463905\n|switch|p1a: Aegislash|Aegislash, L50, M|100/100\n|turn|5\n|inactive|computer! stop! has 30 seconds left.\n|\n|t:|1776463939\n|-formechange|p2a: Aegislash|Aegislash|\n|move|p2a: Aegislash|King's Shield|p2a: Aegislash\n|-singleturn|p2a: Aegislash|Protect\n|move|p1b: Floette|Dazzling Gleam|p2a: Aegislash|[spread] p2b\n|-activate|p2a: Aegislash|move: Protect\n|-damage|p2b: Rotom|0 fnt\n|faint|p2b: Rotom\n|-formechange|p1a: Aegislash|Aegislash-Blade|\n|move|p1a: Aegislash|Poltergeist|p2a: Aegislash\n|-activate|p2a: Aegislash|move: Protect\n|\n|upkeep\n|turn|6\n|\n|t:|1776463952\n|move|p1b: Floette|Protect|p1b: Floette\n|-singleturn|p1b: Floette|Protect\n|-formechange|p1a: Aegislash|Aegislash|\n|move|p1a: Aegislash|King's Shield|p1a: Aegislash\n|-singleturn|p1a: Aegislash|Protect\n|move|p2a: Aegislash|Swords Dance|p2a: Aegislash\n|-boost|p2a: Aegislash|atk|2\n|\n|upkeep\n|turn|7\n|\n|t:|1776463967\n|move|p1b: Floette|Moonblast|p2a: Aegislash\n|-resisted|p2a: Aegislash|1\n|-damage|p2a: Aegislash|34/100\n|-enditem|p2a: Aegislash|Sitrus Berry|[eat]\n|-heal|p2a: Aegislash|59/100|[from] item: Sitrus Berry\n|-formechange|p2a: Aegislash|Aegislash-Blade|\n|move|p2a: Aegislash|Iron Head|p1b: Floette\n|-supereffective|p1b: Floette|1\n|-damage|p1b: Floette|0 fnt\n|faint|p1b: Floette\n|-formechange|p1a: Aegislash|Aegislash-Blade|\n|move|p1a: Aegislash|Poltergeist||[still]\n|-fail|p1a: Aegislash\n|\n|upkeep\n|turn|8\n|inactive|computer! stop! has 30 seconds left.\n|inactive|skeledirge75 has 30 seconds left.\n|\n|t:|1776463996\n|-formechange|p2a: Aegislash|Aegislash|\n|move|p2a: Aegislash|King's Shield|p2a: Aegislash\n|-singleturn|p2a: Aegislash|Protect\n|-formechange|p1a: Aegislash|Aegislash|\n|move|p1a: Aegislash|King's Shield||[still]\n|-fail|p1a: Aegislash\n|\n|upkeep\n|turn|9\n|\n|t:|1776464011\n|-formechange|p1a: Aegislash|Aegislash-Blade|\n|move|p1a: Aegislash|Shadow Sneak|p2a: Aegislash\n|-supereffective|p2a: Aegislash|1\n|-damage|p2a: Aegislash|8/100\n|move|p2a: Aegislash|Swords Dance|p2a: Aegislash\n|-boost|p2a: Aegislash|atk|2\n|\n|upkeep\n|turn|10\n|\n|t:|1776464019\n|-formechange|p1a: Aegislash|Aegislash|\n|move|p1a: Aegislash|King's Shield|p1a: Aegislash\n|-singleturn|p1a: Aegislash|Protect\n|-formechange|p2a: Aegislash|Aegislash-Blade|\n|move|p2a: Aegislash|Shadow Sneak|p1a: Aegislash\n|-activate|p1a: Aegislash|move: Protect\n|-unboost|p2a: Aegislash|atk|1\n|\n|upkeep\n|turn|11\n|\n|t:|1776464033\n|move|p2a: Aegislash|Shadow Sneak|p1a: Aegislash\n|-supereffective|p1a: Aegislash|1\n|-damage|p1a: Aegislash|3/100\n|-formechange|p1a: Aegislash|Aegislash-Blade|\n|move|p1a: Aegislash|Shadow Sneak|p2a: Aegislash\n|-supereffective|p2a: Aegislash|1\n|-damage|p2a: Aegislash|0 fnt\n|faint|p2a: Aegislash\n|\n|win|computer! stop!\n|raw|computer! stop!'s rating: 1466 &rarr; <strong>1482</strong><br />(+16 for winning)\n|raw|skeledirge75's rating: 1401 &rarr; <strong>1385</strong><br />(-16 for losing)\n|l|\u2606skeledirge75\n|player|p2|\n",
  "uploadtime": 1776464233,
  "views": 39,
  "formatid": "gen9championsvgc2026regma",
  "rating": 1385,
  "private": 0,
  "password": null
}