{
  "id": "gen9championsvgc2026regma-2582061287",
  "format": "[Gen 9 Champions] VGC 2026 Reg M-A",
  "players": [
    "PureSkillGamer",
    "FlorenceTheThief"
  ],
  "log": "|j|\u2606PureSkillGamer\n|j|\u2606FlorenceTheThief\n|t:|1776053192\n|gametype|doubles\n|player|p1|PureSkillGamer|skyla-masters|1017\n|player|p2|FlorenceTheThief|candice|1000\n|gen|9\n|tier|[Gen 9 Champions] VGC 2026 Reg M-A\n|rated|\n|rule|Species Clause: Limit one of each Pok\u00e9mon\n|rule|Item Clause: Limit 1 of each item\n|clearpoke\n|poke|p1|Hawlucha, L50, F|\n|poke|p1|Tsareena, L50, F|\n|poke|p1|Hippowdon, L50, F|\n|poke|p1|Sinistcha, L50|\n|poke|p1|Lycanroc, L50, M|\n|poke|p1|Clefable, L50, F|\n|poke|p2|Meganium, L50, F|\n|poke|p2|Pelipper, L50, F|\n|poke|p2|Empoleon, L50, M|\n|poke|p2|Incineroar, L50, M|\n|poke|p2|Sinistcha, L50|\n|poke|p2|Tyranitar, L50, M|\n|teampreview|4\n|\n|t:|1776053214\n|teamsize|p1|4\n|teamsize|p2|4\n|start\n|switch|p1a: Hawlucha|Hawlucha, L50, F|100/100\n|switch|p1b: Tsareena|Tsareena, L50, F|100/100\n|switch|p2a: Meganium|Meganium, L50, F|100/100\n|switch|p2b: Wet Chicken|Pelipper, L50, F|100/100\n|-ability|p1a: Hawlucha|Mold Breaker\n|-weather|RainDance|[from] ability: Drizzle|[of] p2b: Wet Chicken\n|turn|1\n|\n|t:|1776053230\n|switch|p2b: Incineroar|Incineroar, L50, M|100/100\n|-ability|p2b: Incineroar|Intimidate|boost\n|-unboost|p1a: Hawlucha|atk|1\n|-unboost|p1b: Tsareena|atk|1\n|detailschange|p1a: Hawlucha|Hawlucha-Mega, L50, F\n|-mega|p1a: Hawlucha|Hawlucha|Hawluchanite\n|detailschange|p2a: Meganium|Meganium-Mega, L50, F\n|-mega|p2a: Meganium|Meganium|Meganiumite\n|move|p1b: Tsareena|U-turn|p2b: Incineroar\n|-damage|p2b: Incineroar|88/100\n|\n|t:|1776053239\n|switch|p1b: Hippowdon|Hippowdon, L50, F|100/100|[from] U-turn\n|-weather|Sandstorm|[from] ability: Sand Stream|[of] p1b: Hippowdon\n|move|p1a: Hawlucha|Entrainment|p1b: Hippowdon\n|-ability|p1b: Hippowdon|No Guard|Sand Stream|[from] move: Entrainment|[of] p1a: Hawlucha\n|move|p2a: Meganium|Weather Ball|p1b: Hippowdon\n|-damage|p1b: Hippowdon|53/100\n|\n|-weather|Sandstorm|[upkeep]\n|-damage|p1a: Hawlucha|95/100|[from] Sandstorm\n|-damage|p2a: Meganium|95/100|[from] Sandstorm\n|-damage|p2b: Incineroar|82/100|[from] Sandstorm\n|upkeep\n|turn|2\n|inactive|Battle timer is ON: inactive players will automatically lose when time's up. (requested by FlorenceTheThief)\n|\n|t:|1776053291\n|switch|p1a: Sinistcha|Sinistcha, L50|100/100\n|-heal|p1b: Hippowdon|78/100|[from] ability: Hospitality|[of] p1a: Sinistcha\n|move|p1b: Hippowdon|Protect|p1b: Hippowdon\n|-singleturn|p1b: Hippowdon|Protect\n|move|p2b: Incineroar|Fake Out|p1a: Sinistcha\n|-immune|p1a: Sinistcha\n|move|p2a: Meganium|Dazzling Gleam|p1b: Hippowdon|[spread] p1a\n|-activate|p1b: Hippowdon|move: Protect\n|-damage|p1a: Sinistcha|71/100\n|\n|-weather|Sandstorm|[upkeep]\n|-damage|p2a: Meganium|89/100|[from] Sandstorm\n|-damage|p1a: Sinistcha|65/100|[from] Sandstorm\n|-damage|p2b: Incineroar|76/100|[from] Sandstorm\n|-heal|p1a: Sinistcha|71/100|[from] item: Leftovers\n|upkeep\n|turn|3\n|inactive|FlorenceTheThief has 30 seconds left.\n|inactive|FlorenceTheThief has 20 seconds left.\n|\n|t:|1776053331\n|switch|p2b: Wet Chicken|Pelipper, L50, F|100/100\n|-weather|RainDance|[from] ability: Drizzle|[of] p2b: Wet Chicken\n|move|p1a: Sinistcha|Rage Powder|p1a: Sinistcha\n|-singleturn|p1a: Sinistcha|move: Rage Powder\n|move|p2a: Meganium|Weather Ball|p1a: Sinistcha\n|-supereffective|p1a: Sinistcha|1\n|-damage|p1a: Sinistcha|0 fnt\n|faint|p1a: Sinistcha\n|move|p1b: Hippowdon|Fissure|p2a: Meganium\n|-damage|p2a: Meganium|0 fnt\n|faint|p2a: Meganium\n|-ohko\n|\n|-weather|RainDance|[upkeep]\n|upkeep\n|\n|t:|1776053356\n|switch|p2a: Incineroar|Incineroar, L50, M|76/100\n|switch|p1a: Tsareena|Tsareena, L50, F|100/100\n|-ability|p2a: Incineroar|Intimidate|boost\n|-unboost|p1a: Tsareena|atk|1\n|-unboost|p1b: Hippowdon|atk|1\n|turn|4\n|inactive|FlorenceTheThief has 30 seconds left.\n|inactive|FlorenceTheThief has 20 seconds left.\n|\n|t:|1776053393\n|move|p2a: Incineroar|Fake Out||[still]\n|cant|p1a: Tsareena|ability: Queenly Majesty|Fake Out|[of] p2a: Incineroar\n|move|p1a: Tsareena|Power Whip|p2b: Wet Chicken\n|-damage|p2b: Wet Chicken|63/100\n|move|p2b: Wet Chicken|Hurricane|p1a: Tsareena\n|-supereffective|p1a: Tsareena|1\n|-damage|p1a: Tsareena|5/100\n|-start|p1a: Tsareena|confusion\n|move|p1b: Hippowdon|Fissure|p2a: Incineroar\n|-damage|p2a: Incineroar|0 fnt\n|faint|p2a: Incineroar\n|-ohko\n|\n|-weather|RainDance|[upkeep]\n|upkeep\n|inactive|FlorenceTheThief has 30 seconds left.\n|\n|t:|1776053422\n|switch|p2a: LePen|Empoleon, L50, M|100/100\n|turn|5\n|\n|t:|1776053440\n|move|p1b: Hippowdon|Protect|p1b: Hippowdon\n|-singleturn|p1b: Hippowdon|Protect\n|-activate|p1a: Tsareena|confusion\n|-damage|p1a: Tsareena|0 fnt|[from] confusion\n|faint|p1a: Tsareena\n|move|p2b: Wet Chicken|Weather Ball|p1b: Hippowdon\n|-activate|p1b: Hippowdon|move: Protect\n|move|p2a: LePen|Surf|p1b: Hippowdon|[spread] p2b\n|-activate|p1b: Hippowdon|move: Protect\n|-resisted|p2b: Wet Chicken|1\n|-damage|p2b: Wet Chicken|44/100\n|\n|-weather|RainDance|[upkeep]\n|upkeep\n|\n|t:|1776053453\n|switch|p1a: Hawlucha|Hawlucha-Mega, L50, F|95/100\n|turn|6\n|\n|t:|1776053462\n|move|p2b: Wet Chicken|Protect|p2b: Wet Chicken\n|-singleturn|p2b: Wet Chicken|Protect\n|move|p1a: Hawlucha|Stone Edge|p2b: Wet Chicken\n|-activate|p2b: Wet Chicken|move: Protect\n|move|p2a: LePen|Surf|p1a: Hawlucha|[spread] p1a,p1b\n|-activate|p2b: Wet Chicken|move: Protect\n|-supereffective|p1b: Hippowdon|1\n|-damage|p1a: Hawlucha|52/100\n|-damage|p1b: Hippowdon|7/100\n|-enditem|p1b: Hippowdon|Sitrus Berry|[eat]\n|-heal|p1b: Hippowdon|32/100|[from] item: Sitrus Berry\n|move|p1b: Hippowdon|Fissure|p2a: LePen\n|-damage|p2a: LePen|0 fnt\n|faint|p2a: LePen\n|-ohko\n|\n|-weather|RainDance|[upkeep]\n|upkeep\n|turn|7\n|inactive|PureSkillGamer has 30 seconds left.\n|\n|t:|1776053493\n|move|p1a: Hawlucha|Protect|p1a: Hawlucha\n|-singleturn|p1a: Hawlucha|Protect\n|move|p1b: Hippowdon|Protect|p1b: Hippowdon\n|-singleturn|p1b: Hippowdon|Protect\n|move|p2b: Wet Chicken|Hurricane|p1a: Hawlucha\n|-activate|p1a: Hawlucha|move: Protect\n|\n|-weather|none\n|upkeep\n|turn|8\n|\n|t:|1776053506\n|move|p2b: Wet Chicken|Protect|p2b: Wet Chicken\n|-singleturn|p2b: Wet Chicken|Protect\n|move|p1a: Hawlucha|Stone Edge|p2b: Wet Chicken\n|-activate|p2b: Wet Chicken|move: Protect\n|move|p1b: Hippowdon|Stone Edge|p2b: Wet Chicken\n|-activate|p2b: Wet Chicken|move: Protect\n|\n|upkeep\n|turn|9\n|\n|t:|1776053515\n|move|p1a: Hawlucha|Stone Edge|p2b: Wet Chicken\n|-supereffective|p2b: Wet Chicken|1\n|-damage|p2b: Wet Chicken|0 fnt\n|faint|p2b: Wet Chicken\n|\n|win|PureSkillGamer\n|raw|PureSkillGamer's rating: 1017 &rarr; <strong>1053</strong><br />(+36 for winning)\n|raw|FlorenceTheThief's rating: 1000 &rarr; <strong>1000</strong><br />(+0 for losing)\n|l|\u2606PureSkillGamer\n|player|p1|\n",
  "uploadtime": 1776053524,
  "views": 15,
  "formatid": "gen9championsvgc2026regma",
  "rating": 1000,
  "private": 0,
  "password": null
}