{
  "id": "gen9championsvgc2026regma-2586207214",
  "format": "[Gen 9 Champions] VGC 2026 Reg M-A",
  "players": [
    "potentvapors",
    "somearth"
  ],
  "log": "|j|\u2606potentvapors\n|j|\u2606somearth\n|t:|1776412422\n|gametype|doubles\n|player|p1|potentvapors|flannery|1012\n|player|p2|somearth|2|1047\n|gen|9\n|tier|[Gen 9 Champions] VGC 2026 Reg M-A\n|rated|\n|rule|Species Clause: Limit one of each Pok\u00e9mon\n|rule|Item Clause: Limit 1 of each item\n|clearpoke\n|poke|p1|Manectric, L50, F|\n|poke|p1|Slowking-Galar, L50, M|\n|poke|p1|Umbreon, L50, M|\n|poke|p1|Typhlosion, L50, M|\n|poke|p1|Raichu, L50, F|\n|poke|p1|Weavile, L50, M|\n|poke|p2|Espathra, L50, F|\n|poke|p2|Aerodactyl, L50, M|\n|poke|p2|Gengar, L50, F|\n|poke|p2|Sinistcha-Masterpiece, L50|\n|poke|p2|Floette-Eternal, L50, F|\n|poke|p2|Houndoom, L50, F|\n|teampreview|4\n|inactive|Battle timer is ON: inactive players will automatically lose when time's up. (requested by somearth)\n|inactive|somearth has 60 seconds left.\n|\n|t:|1776412472\n|teamsize|p1|4\n|teamsize|p2|4\n|start\n|switch|p1a: Manectric|Manectric, L50, F, shiny|100/100\n|switch|p1b: Raichu|Raichu, L50, F|100/100\n|switch|p2a: Espathra|Espathra, L50, F|100/100\n|switch|p2b: Sinistcha|Sinistcha-Masterpiece, L50|100/100\n|turn|1\n|\n|t:|1776412495\n|detailschange|p1a: Manectric|Manectric-Mega, L50, F, shiny\n|-mega|p1a: Manectric|Manectric|Manectite\n|-ability|p1a: Manectric|Intimidate|boost\n|-unboost|p2a: Espathra|atk|1\n|-unboost|p2b: Sinistcha|atk|1\n|move|p1a: Manectric|Discharge|p2a: Espathra|[spread] p2a,p2b\n|-ability|p1b: Raichu|Lightning Rod|boost\n|-boost|p1b: Raichu|spa|1\n|-resisted|p2b: Sinistcha|1\n|-damage|p2a: Espathra|58/100\n|-damage|p2b: Sinistcha|86/100\n|move|p1b: Raichu|Thunderbolt|p2a: Espathra\n|-damage|p2a: Espathra|0 fnt\n|faint|p2a: Espathra\n|move|p2b: Sinistcha|Substitute|p2b: Sinistcha\n|-start|p2b: Sinistcha|Substitute\n|-damage|p2b: Sinistcha|61/100\n|\n|upkeep\n|\n|t:|1776412513\n|switch|p2a: Houndoom|Houndoom, L50, F|100/100\n|turn|2\n|inactive|potentvapors has 30 seconds left.\n|inactive|potentvapors has 20 seconds left.\n|\n|t:|1776412552\n|detailschange|p2a: Houndoom|Houndoom-Mega, L50, F\n|-mega|p2a: Houndoom|Houndoom|Houndoominite\n|move|p2b: Sinistcha|Rage Powder|p2b: Sinistcha\n|-singleturn|p2b: Sinistcha|move: Rage Powder\n|move|p1a: Manectric|Discharge|p2a: Houndoom|[spread] p2a,p2b\n|-ability|p1b: Raichu|Lightning Rod|boost\n|-boost|p1b: Raichu|spa|1\n|-resisted|p2b: Sinistcha|1\n|-activate|p2b: Sinistcha|move: Substitute|[damage]\n|-damage|p2a: Houndoom|60/100\n|move|p1b: Raichu|Focus Blast|p2b: Sinistcha\n|-immune|p2b: Sinistcha\n|move|p2a: Houndoom|Scorching Sands|p1b: Raichu\n|-supereffective|p1b: Raichu|1\n|-damage|p1b: Raichu|15/100\n|-status|p1b: Raichu|brn\n|\n|-damage|p1b: Raichu|9/100 brn|[from] brn\n|upkeep\n|turn|3\n|inactive|potentvapors has 30 seconds left.\n|inactive|potentvapors has 20 seconds left.\n|inactive|potentvapors has 15 seconds left.\n|inactive|potentvapors has 10 seconds left.\n|\n|t:|1776412597\n|move|p2a: Houndoom|Protect|p2a: Houndoom\n|-singleturn|p2a: Houndoom|Protect\n|move|p1a: Manectric|Discharge|p2b: Sinistcha|[spread] p2b\n|-activate|p2a: Houndoom|move: Protect\n|-ability|p1b: Raichu|Lightning Rod|boost\n|-boost|p1b: Raichu|spa|1\n|-resisted|p2b: Sinistcha|1\n|-end|p2b: Sinistcha|Substitute\n|move|p1b: Raichu|Thunderbolt|p2b: Sinistcha\n|-resisted|p2b: Sinistcha|1\n|-damage|p2b: Sinistcha|18/100\n|move|p2b: Sinistcha|Life Dew|p2b: Sinistcha|[spread] p2a,p2b\n|-heal|p2a: Houndoom|86/100\n|-heal|p2b: Sinistcha|44/100\n|\n|-damage|p1b: Raichu|3/100 brn|[from] brn\n|upkeep\n|turn|4\n|inactive|potentvapors has 30 seconds left.\n|inactive|potentvapors has 20 seconds left.\n|inactive|potentvapors has 15 seconds left.\n|\n|t:|1776412642\n|move|p2b: Sinistcha|Rage Powder|p2b: Sinistcha\n|-singleturn|p2b: Sinistcha|move: Rage Powder\n|move|p1a: Manectric|Discharge|p2b: Sinistcha|[spread] p2a,p2b\n|-ability|p1b: Raichu|Lightning Rod|boost\n|-boost|p1b: Raichu|spa|1\n|-resisted|p2b: Sinistcha|1\n|-damage|p2a: Houndoom|47/100\n|-damage|p2b: Sinistcha|29/100\n|move|p1b: Raichu|Alluring Voice|p2b: Sinistcha\n|-damage|p2b: Sinistcha|0 fnt\n|faint|p2b: Sinistcha\n|move|p2a: Houndoom|Scorching Sands|p1a: Manectric\n|-supereffective|p1a: Manectric|1\n|-damage|p1a: Manectric|25/100\n|\n|-damage|p1b: Raichu|0 fnt|[from] brn\n|faint|p1b: Raichu\n|upkeep\n|\n|t:|1776412662\n|switch|p1b: Typhlosion|Typhlosion, L50, M, shiny|100/100\n|switch|p2b: Floette|Floette-Eternal, L50, F|100/100\n|turn|5\n|inactive|potentvapors has 30 seconds left.\n|inactive|somearth has 30 seconds left.\n|\n|t:|1776412692\n|move|p2b: Floette|Protect|p2b: Floette\n|-singleturn|p2b: Floette|Protect\n|move|p1b: Typhlosion|Eruption|p2a: Houndoom|[spread] p2a\n|-activate|p2b: Floette|move: Protect\n|-resisted|p2a: Houndoom|1\n|-damage|p2a: Houndoom|16/100\n|move|p1a: Manectric|Flamethrower|p1b: Typhlosion\n|-start|p1b: Typhlosion|ability: Flash Fire\n|move|p2a: Houndoom|Scorching Sands|p1a: Manectric\n|-supereffective|p1a: Manectric|1\n|-damage|p1a: Manectric|0 fnt\n|faint|p1a: Manectric\n|\n|upkeep\n|\n|t:|1776412705\n|switch|p1a: Weavile|Weavile, L50, M, shiny|100/100\n|-ability|p1a: Weavile|Pressure\n|turn|6\n|\n|t:|1776412716\n|move|p1a: Weavile|Fake Out|p2b: Floette\n|-damage|p2b: Floette|82/100\n|move|p1b: Typhlosion|Eruption|p2b: Floette|[spread] p2a,p2b\n|-resisted|p2a: Houndoom|1\n|-damage|p2a: Houndoom|0 fnt\n|-damage|p2b: Floette|16/100\n|faint|p2a: Houndoom\n|cant|p2b: Floette|flinch\n|\n|upkeep\n|turn|7\n|-message|somearth forfeited.\n|\n|win|potentvapors\n|raw|potentvapors's rating: 1012 &rarr; <strong>1054</strong><br />(+42 for winning)\n|raw|somearth's rating: 1047 &rarr; <strong>1028</strong><br />(-19 for losing)\n|l|\u2606somearth\n|player|p2|\n",
  "uploadtime": 1776412745,
  "views": 22,
  "formatid": "gen9championsvgc2026regma",
  "rating": 1028,
  "private": 0,
  "password": null
}