{
  "id": "gen9championsvgc2026regma-2584649395",
  "format": "[Gen 9 Champions] VGC 2026 Reg M-A",
  "players": [
    "federico segu",
    "Gelatina79"
  ],
  "log": "|j|\u2606federico segu\n|j|\u2606Gelatina79\n|t:|1776274403\n|gametype|doubles\n|player|p1|federico segu|cameraman|1144\n|player|p2|Gelatina79|artist-gen4|1112\n|gen|9\n|tier|[Gen 9 Champions] VGC 2026 Reg M-A\n|rated|\n|rule|Species Clause: Limit one of each Pok\u00e9mon\n|rule|Item Clause: Limit 1 of each item\n|clearpoke\n|poke|p1|Starmie, L50|\n|poke|p1|Pelipper, L50, M|\n|poke|p1|Archaludon, L50, F|\n|poke|p1|Beartic, L50, M|\n|poke|p1|Maushold-Four, L50|\n|poke|p1|Incineroar, L50, F|\n|poke|p2|Tyranitar, L50, M|\n|poke|p2|Incineroar, L50, F|\n|poke|p2|Gengar, L50, M|\n|poke|p2|Excadrill, L50, M|\n|poke|p2|Kommo-o, L50, F|\n|poke|p2|Sinistcha, L50|\n|teampreview|4\n|inactive|Battle timer is ON: inactive players will automatically lose when time's up. (requested by Gelatina79)\n|\n|t:|1776274431\n|teamsize|p1|4\n|teamsize|p2|4\n|start\n|switch|p1a: Beartic|Beartic, L50, M|100/100\n|switch|p1b: Maushold|Maushold-Four, L50|100/100\n|switch|p2a: Incineroar|Incineroar, L50, F|100/100\n|switch|p2b: Kommo-o|Kommo-o, L50, F|100/100\n|-ability|p2a: Incineroar|Intimidate|boost\n|-unboost|p1a: Beartic|atk|1\n|-unboost|p1b: Maushold|atk|1\n|turn|1\n|inactive|federico segu has 30 seconds left.\n|\n|t:|1776274458\n|move|p1b: Maushold|Protect|p1b: Maushold\n|-singleturn|p1b: Maushold|Protect\n|move|p1a: Beartic|Protect|p1a: Beartic\n|-singleturn|p1a: Beartic|Protect\n|move|p2a: Incineroar|Fake Out|p1a: Beartic\n|-activate|p1a: Beartic|move: Protect\n|move|p2b: Kommo-o|Clangorous Soul|p2b: Kommo-o\n|-boost|p2b: Kommo-o|atk|1\n|-boost|p2b: Kommo-o|def|1\n|-boost|p2b: Kommo-o|spa|1\n|-boost|p2b: Kommo-o|spd|1\n|-boost|p2b: Kommo-o|spe|1\n|-damage|p2b: Kommo-o|68/100\n|\n|-heal|p2b: Kommo-o|73/100|[from] item: Leftovers\n|upkeep\n|turn|2\n|\n|t:|1776274473\n|switch|p1b: Pelipper|Pelipper, L50, M|100/100\n|-weather|RainDance|[from] ability: Drizzle|[of] p1b: Pelipper\n|move|p2b: Kommo-o|Protect|p2b: Kommo-o\n|-singleturn|p2b: Kommo-o|Protect\n|move|p1a: Beartic|Icicle Crash|p2b: Kommo-o\n|-activate|p2b: Kommo-o|move: Protect\n|move|p2a: Incineroar|Flare Blitz|p1a: Beartic\n|-supereffective|p1a: Beartic|1\n|-damage|p1a: Beartic|44/100\n|-status|p1a: Beartic|brn\n|-damage|p2a: Incineroar|85/100|[from] Recoil\n|\n|-weather|RainDance|[upkeep]\n|-heal|p2b: Kommo-o|79/100|[from] item: Leftovers\n|-damage|p1a: Beartic|38/100 brn|[from] brn\n|upkeep\n|turn|3\n|\n|t:|1776274493\n|switch|p2a: Tyranitar|Tyranitar, L50, M|100/100\n|-weather|Sandstorm|[from] ability: Sand Stream|[of] p2a: Tyranitar\n|move|p1a: Beartic|Protect|p1a: Beartic\n|-singleturn|p1a: Beartic|Protect\n|move|p2b: Kommo-o|Clanging Scales|p1a: Beartic|[spread] p1b\n|-activate|p1a: Beartic|move: Protect\n|-damage|p1b: Pelipper|12/100\n|-unboost|p2b: Kommo-o|def|1\n|move|p1b: Pelipper|Tailwind|p1b: Pelipper\n|-sidestart|p1: federico segu|move: Tailwind\n|\n|-weather|Sandstorm|[upkeep]\n|-damage|p1a: Beartic|32/100 brn|[from] Sandstorm\n|-damage|p1b: Pelipper|6/100|[from] Sandstorm\n|-heal|p2b: Kommo-o|85/100|[from] item: Leftovers\n|-damage|p1a: Beartic|26/100 brn|[from] brn\n|upkeep\n|turn|4\n|\n|t:|1776274512\n|switch|p1b: Maushold|Maushold-Four, L50|100/100\n|detailschange|p2a: Tyranitar|Tyranitar-Mega, L50, M\n|-mega|p2a: Tyranitar|Tyranitar|Tyranitarite\n|move|p2b: Kommo-o|Protect|p2b: Kommo-o\n|-singleturn|p2b: Kommo-o|Protect\n|move|p1a: Beartic|Icicle Crash|p2b: Kommo-o\n|-activate|p2b: Kommo-o|move: Protect\n|move|p2a: Tyranitar|Rock Slide|p1a: Beartic|[spread] p1a,p1b\n|-supereffective|p1a: Beartic|1\n|-damage|p1a: Beartic|0 fnt\n|-damage|p1b: Maushold|54/100\n|faint|p1a: Beartic\n|\n|-weather|Sandstorm|[upkeep]\n|-damage|p1b: Maushold|47/100|[from] Sandstorm\n|-heal|p2b: Kommo-o|91/100|[from] item: Leftovers\n|upkeep\n|\n|t:|1776274520\n|switch|p1a: Starmie|Starmie, L50|100/100\n|turn|5\n|\n|t:|1776274530\n|detailschange|p1a: Starmie|Starmie-Mega, L50\n|-mega|p1a: Starmie|Starmie|Starminite\n|move|p1b: Maushold|Follow Me|p1b: Maushold\n|-singleturn|p1b: Maushold|move: Follow Me\n|move|p1a: Starmie|Ice Spinner|p2b: Kommo-o\n|-supereffective|p2b: Kommo-o|1\n|-damage|p2b: Kommo-o|0 fnt\n|faint|p2b: Kommo-o\n|move|p2a: Tyranitar|Knock Off|p1b: Maushold\n|-damage|p1b: Maushold|0 fnt\n|-enditem|p1b: Maushold|Mental Herb|[from] move: Knock Off|[of] p2a: Tyranitar\n|faint|p1b: Maushold\n|\n|-weather|Sandstorm|[upkeep]\n|-damage|p1a: Starmie|95/100|[from] Sandstorm\n|upkeep\n|\n|t:|1776274539\n|switch|p1b: Pelipper|Pelipper, L50, M|6/100\n|switch|p2b: Incineroar|Incineroar, L50, F|85/100\n|-weather|RainDance|[from] ability: Drizzle|[of] p1b: Pelipper\n|-ability|p2b: Incineroar|Intimidate|boost\n|-unboost|p1a: Starmie|atk|1\n|-unboost|p1b: Pelipper|atk|1\n|turn|6\n|\n|t:|1776274554\n|switch|p2a: Excadrill|Excadrill, L50, M|100/100\n|move|p2b: Incineroar|Fake Out|p1b: Pelipper\n|-damage|p1b: Pelipper|0 fnt\n|faint|p1b: Pelipper\n|move|p1a: Starmie|Liquidation|p2b: Incineroar\n|-supereffective|p2b: Incineroar|1\n|-damage|p2b: Incineroar|0 fnt\n|faint|p2b: Incineroar\n|\n|-weather|RainDance|[upkeep]\n|-sideend|p1: federico segu|move: Tailwind\n|upkeep\n|\n|t:|1776274561\n|switch|p2b: Tyranitar|Tyranitar-Mega, L50, M|100/100\n|-weather|Sandstorm|[from] ability: Sand Stream|[of] p2b: Tyranitar\n|turn|7\n|\n|t:|1776274567\n|move|p2a: Excadrill|High Horsepower|p1a: Starmie\n|-damage|p1a: Starmie|30/100\n|move|p1a: Starmie|Liquidation|p2b: Tyranitar\n|-supereffective|p2b: Tyranitar|1\n|-damage|p2b: Tyranitar|41/100\n|move|p2b: Tyranitar|Knock Off|p1a: Starmie\n|-supereffective|p1a: Starmie|1\n|-damage|p1a: Starmie|0 fnt\n|faint|p1a: Starmie\n|\n|win|Gelatina79\n|raw|federico segu's rating: 1144 &rarr; <strong>1117</strong><br />(-27 for losing)\n|raw|Gelatina79's rating: 1112 &rarr; <strong>1139</strong><br />(+27 for winning)\n|l|\u2606federico segu\n|player|p1|\n",
  "uploadtime": 1776274574,
  "views": 18,
  "formatid": "gen9championsvgc2026regma",
  "rating": 1117,
  "private": 0,
  "password": null
}