{
  "id": "gen9championsvgc2026regma-2585436445",
  "format": "[Gen 9 Champions] VGC 2026 Reg M-A",
  "players": [
    "LuckPro2000",
    "who.vill"
  ],
  "log": "|j|\u2606LuckPro2000\n|j|\u2606who.vill\n|t:|1776347183\n|gametype|doubles\n|player|p1|LuckPro2000|265|1105\n|player|p2|who.vill|steven|1092\n|gen|9\n|tier|[Gen 9 Champions] VGC 2026 Reg M-A\n|rated|\n|rule|Species Clause: Limit one of each Pok\u00e9mon\n|rule|Item Clause: Limit 1 of each item\n|clearpoke\n|poke|p1|Whimsicott, L50, F|\n|poke|p1|Starmie, L50|\n|poke|p1|Incineroar, L50, F|\n|poke|p1|Sneasler, L50, M|\n|poke|p1|Sinistcha, L50|\n|poke|p1|Rotom-Heat, L50|\n|poke|p2|Archaludon, L50, F|\n|poke|p2|Pelipper, L50, M|\n|poke|p2|Tyranitar, L50, F|\n|poke|p2|Excadrill, L50, M|\n|poke|p2|Rotom-Wash, L50|\n|poke|p2|Garchomp, L50, F|\n|teampreview|4\n|inactive|Battle timer is ON: inactive players will automatically lose when time's up. (requested by LuckPro2000)\n|inactive|who.vill has 60 seconds left.\n|\n|t:|1776347240\n|teamsize|p1|4\n|teamsize|p2|4\n|start\n|switch|p1a: Whimsicott|Whimsicott, L50, F|100/100\n|switch|p1b: Incineroar|Incineroar, L50, F|100/100\n|switch|p2a: Archaludon|Archaludon, L50, F|100/100\n|switch|p2b: Pelipper|Pelipper, L50, M|100/100\n|-ability|p1b: Incineroar|Intimidate|boost\n|-unboost|p2a: Archaludon|atk|1\n|-unboost|p2b: Pelipper|atk|1\n|-weather|RainDance|[from] ability: Drizzle|[of] p2b: Pelipper\n|-enditem|p2a: Archaludon|White Herb\n|-clearnegativeboost|p2a: Archaludon|[silent]\n|turn|1\n|inactive|who.vill has 30 seconds left.\n|\n|t:|1776347265\n|move|p2b: Pelipper|Protect|p2b: Pelipper\n|-singleturn|p2b: Pelipper|Protect\n|move|p1b: Incineroar|Fake Out|p2b: Pelipper\n|-activate|p2b: Pelipper|move: Protect\n|move|p1a: Whimsicott|Tailwind|p1a: Whimsicott\n|-sidestart|p1: LuckPro2000|move: Tailwind\n|move|p2a: Archaludon|Electro Shot||[still]\n|-prepare|p2a: Archaludon|Electro Shot\n|-boost|p2a: Archaludon|spa|1\n|-anim|p2a: Archaludon|Electro Shot|p1b: Incineroar\n|-damage|p1b: Incineroar|35/100\n|\n|-weather|RainDance|[upkeep]\n|-heal|p1b: Incineroar|41/100|[from] item: Leftovers\n|upkeep\n|turn|2\n|inactive|LuckPro2000 has 30 seconds left.\n|\n|t:|1776347292\n|switch|p1a: Starmie|Starmie, L50|100/100\n|move|p1b: Incineroar|Parting Shot|p2a: Archaludon\n|-unboost|p2a: Archaludon|atk|1\n|-unboost|p2a: Archaludon|spa|1\n|\n|t:|1776347299\n|switch|p1b: Rotom|Rotom-Heat, L50|100/100|[from] Parting Shot\n|move|p2a: Archaludon|Aura Sphere|p1b: Rotom\n|-crit|p1b: Rotom\n|-damage|p1b: Rotom|58/100\n|move|p2b: Pelipper|Tailwind|p2b: Pelipper\n|-sidestart|p2: who.vill|move: Tailwind\n|\n|-weather|RainDance|[upkeep]\n|upkeep\n|turn|3\n|l|\u2606LuckPro2000\n|inactive|LuckPro2000 disconnected and has a minute to reconnect!\n|player|p1|\n|inactive|LuckPro2000 has 30 seconds left.\n|inactive|LuckPro2000 has 20 seconds left.\n|j|\u2606LuckPro2000\n|inactive|LuckPro2000 reconnected and has 20 seconds left.\n|player|p1|LuckPro2000|265|\n|inactive|LuckPro2000 has 15 seconds left.\n|inactive|LuckPro2000 has 10 seconds left.\n|\n|t:|1776347349\n|detailschange|p1a: Starmie|Starmie-Mega, L50\n|-mega|p1a: Starmie|Starmie|Starminite\n|move|p2b: Pelipper|Protect|p2b: Pelipper\n|-singleturn|p2b: Pelipper|Protect\n|move|p2a: Archaludon|Electro Shot||[still]\n|-prepare|p2a: Archaludon|Electro Shot\n|-boost|p2a: Archaludon|spa|1\n|-anim|p2a: Archaludon|Electro Shot|p1a: Starmie\n|-supereffective|p1a: Starmie|1\n|-damage|p1a: Starmie|0 fnt\n|faint|p1a: Starmie\n|move|p1b: Rotom|Volt Switch|p2b: Pelipper\n|-activate|p2b: Pelipper|move: Protect\n|\n|-weather|RainDance|[upkeep]\n|upkeep\n|\n|t:|1776347359\n|switch|p1a: Incineroar|Incineroar, L50, F|41/100\n|-ability|p1a: Incineroar|Intimidate|boost\n|-unboost|p2a: Archaludon|atk|1\n|-unboost|p2b: Pelipper|atk|1\n|turn|4\n|\n|t:|1776347375\n|move|p2b: Pelipper|Protect||[still]\n|-fail|p2b: Pelipper\n|move|p2a: Archaludon|Draco Meteor|p1b: Rotom\n|-damage|p1b: Rotom|0 fnt\n|-unboost|p2a: Archaludon|spa|2\n|faint|p1b: Rotom\n|move|p1a: Incineroar|Parting Shot|p2a: Archaludon\n|-unboost|p2a: Archaludon|atk|1\n|-unboost|p2a: Archaludon|spa|1\n|\n|t:|1776347383\n|switch|p1a: Whimsicott|Whimsicott, L50, F|100/100|[from] Parting Shot\n|\n|-weather|RainDance|[upkeep]\n|-sideend|p1: LuckPro2000|move: Tailwind\n|upkeep\n|\n|t:|1776347385\n|switch|p1b: Incineroar|Incineroar, L50, F|41/100\n|-ability|p1b: Incineroar|Intimidate|boost\n|-unboost|p2a: Archaludon|atk|1\n|-unboost|p2b: Pelipper|atk|1\n|turn|5\n|\n|t:|1776347404\n|move|p1a: Whimsicott|Helping Hand|p1b: Incineroar\n|-singleturn|p1b: Incineroar|Helping Hand|[of] p1a: Whimsicott\n|move|p2a: Archaludon|Electro Shot||[still]\n|-prepare|p2a: Archaludon|Electro Shot\n|-boost|p2a: Archaludon|spa|1\n|-anim|p2a: Archaludon|Electro Shot|p1b: Incineroar\n|-damage|p1b: Incineroar|14/100\n|move|p2b: Pelipper|Hurricane|p1a: Whimsicott\n|-supereffective|p1a: Whimsicott|1\n|-damage|p1a: Whimsicott|0 fnt\n|faint|p1a: Whimsicott\n|move|p1b: Incineroar|Darkest Lariat|p2a: Archaludon\n|-damage|p2a: Archaludon|44/100\n|-ability|p2a: Archaludon|Stamina|boost\n|-boost|p2a: Archaludon|def|1\n|\n|-weather|none\n|-heal|p1b: Incineroar|20/100|[from] item: Leftovers\n|-sideend|p2: who.vill|move: Tailwind\n|upkeep\n|turn|6\n|\n|t:|1776347426\n|move|p2a: Archaludon|Aura Sphere|p1b: Incineroar\n|-supereffective|p1b: Incineroar|1\n|-damage|p1b: Incineroar|0 fnt\n|faint|p1b: Incineroar\n|\n|win|who.vill\n|raw|LuckPro2000's rating: 1105 &rarr; <strong>1079</strong><br />(-26 for losing)\n|raw|who.vill's rating: 1092 &rarr; <strong>1119</strong><br />(+27 for winning)\n|c|\u2606who.vill|gg\n|l|\u2606LuckPro2000\n|player|p1|\n",
  "uploadtime": 1776347434,
  "views": 21,
  "formatid": "gen9championsvgc2026regma",
  "rating": 1079,
  "private": 0,
  "password": null
}