{
  "id": "gen9championsvgc2026regma-2581408443",
  "format": "[Gen 9 Champions] VGC 2026 Reg M-A",
  "players": [
    "emiyaemiya",
    "B. Farro"
  ],
  "log": "|j|\u2606emiyaemiya\n|j|\u2606B. Farro\n|t:|1775997364\n|gametype|doubles\n|player|p1|emiyaemiya|1|1124\n|player|p2|B. Farro|ingo|1080\n|gen|9\n|tier|[Gen 9 Champions] VGC 2026 Reg M-A\n|rated|\n|rule|Species Clause: Limit one of each Pok\u00e9mon\n|rule|Item Clause: Limit 1 of each item\n|clearpoke\n|poke|p1|Gengar, L50, M|\n|poke|p1|Whimsicott, L50, M|\n|poke|p1|Tyranitar, L50, F|\n|poke|p1|Incineroar, L50, F|\n|poke|p1|Kommo-o, L50, F|\n|poke|p1|Sinistcha-Masterpiece, L50|\n|poke|p2|Glimmora, L50, M|\n|poke|p2|Whimsicott, L50, F|\n|poke|p2|Altaria, L50, M|\n|poke|p2|Tauros-Paldea-Blaze, L50, M|\n|poke|p2|Garchomp, L50, F|\n|poke|p2|Kangaskhan, L50, F|\n|teampreview|4\n|inactive|Battle timer is ON: inactive players will automatically lose when time's up. (requested by emiyaemiya)\n|\n|t:|1775997414\n|teamsize|p1|4\n|teamsize|p2|4\n|start\n|switch|p1a: Gengar|Gengar, L50, M|100/100\n|switch|p1b: Incineroar|Incineroar, L50, F|100/100\n|switch|p2a: Glimmora|Glimmora, L50, M|100/100\n|switch|p2b: Kangaskhan|Kangaskhan, L50, F|100/100\n|-ability|p1b: Incineroar|Intimidate|boost\n|-unboost|p2a: Glimmora|atk|1\n|-fail|p2b: Kangaskhan|unboost|Attack|[from] ability: Scrappy|[of] p2b: Kangaskhan\n|turn|1\n|inactive|B. Farro has 30 seconds left.\n|\n|t:|1775997442\n|detailschange|p1a: Gengar|Gengar-Mega, L50, M\n|-mega|p1a: Gengar|Gengar|Gengarite\n|detailschange|p2a: Glimmora|Glimmora-Mega, L50, M\n|-mega|p2a: Glimmora|Glimmora|Glimmoranite\n|move|p2b: Kangaskhan|Fake Out|p1b: Incineroar\n|-damage|p1b: Incineroar|87/100\n|cant|p1b: Incineroar|flinch\n|move|p1a: Gengar|Perish Song|p1a: Gengar\n|-start|p1a: Gengar|perish3|[silent]\n|-start|p1b: Incineroar|perish3|[silent]\n|-start|p2a: Glimmora|perish3|[silent]\n|-start|p2b: Kangaskhan|perish3|[silent]\n|-fieldactivate|move: Perish Song\n|move|p2a: Glimmora|Power Gem|p1a: Gengar\n|-damage|p1a: Gengar|27/100\n|\n|-start|p1a: Gengar|perish3\n|-start|p2a: Glimmora|perish3\n|-start|p2b: Kangaskhan|perish3\n|-start|p1b: Incineroar|perish3\n|upkeep\n|turn|2\n|\n|t:|1775997465\n|move|p1a: Gengar|Protect|p1a: Gengar\n|-singleturn|p1a: Gengar|Protect\n|move|p1b: Incineroar|Protect|p1b: Incineroar\n|-singleturn|p1b: Incineroar|Protect\n|move|p2a: Glimmora|Power Gem|p1b: Incineroar\n|-activate|p1b: Incineroar|move: Protect\n|move|p2b: Kangaskhan|Double-Edge|p1a: Gengar\n|-activate|p1a: Gengar|move: Protect\n|\n|-start|p1a: Gengar|perish2\n|-start|p2a: Glimmora|perish2\n|-start|p2b: Kangaskhan|perish2\n|-start|p1b: Incineroar|perish2\n|upkeep\n|turn|3\n|\n|t:|1775997482\n|switch|p1a: Sinistcha|Sinistcha-Masterpiece, L50|100/100\n|-heal|p1b: Incineroar|100/100|[from] ability: Hospitality|[of] p1a: Sinistcha\n|move|p2a: Glimmora|Power Gem|p1b: Incineroar\n|-supereffective|p1b: Incineroar|1\n|-damage|p1b: Incineroar|0 fnt\n|faint|p1b: Incineroar\n|move|p2b: Kangaskhan|Double-Edge|p1a: Sinistcha\n|-damage|p1a: Sinistcha|53/100\n|-damage|p2b: Kangaskhan|87/100|[from] Recoil\n|\n|-start|p2a: Glimmora|perish1\n|-start|p2b: Kangaskhan|perish1\n|upkeep\n|\n|t:|1775997492\n|switch|p1b: Gengar|Gengar-Mega, L50, M|27/100\n|turn|4\n|\n|t:|1775997508\n|move|p1b: Gengar|Protect|p1b: Gengar\n|-singleturn|p1b: Gengar|Protect\n|move|p1a: Sinistcha|Protect|p1a: Sinistcha\n|-singleturn|p1a: Sinistcha|Protect\n|move|p2a: Glimmora|Sludge Bomb|p1a: Sinistcha\n|-activate|p1a: Sinistcha|move: Protect\n|move|p2b: Kangaskhan|Double-Edge|p1a: Sinistcha\n|-activate|p1a: Sinistcha|move: Protect\n|\n|-start|p2a: Glimmora|perish0\n|-start|p2b: Kangaskhan|perish0\n|faint|p2a: Glimmora\n|faint|p2b: Kangaskhan\n|upkeep\n|\n|t:|1775997513\n|switch|p2a: Whimsicott|Whimsicott, L50, F|100/100\n|switch|p2b: Tauros|Tauros-Paldea-Blaze, L50, M|100/100\n|-ability|p2b: Tauros|Intimidate|boost\n|-unboost|p1a: Sinistcha|atk|1\n|-unboost|p1b: Gengar|atk|1\n|turn|5\n|inactive|emiyaemiya has 30 seconds left.\n|\n|t:|1775997543\n|switch|p1a: Kommo-o|Kommo-o, L50, F|100/100\n|move|p2a: Whimsicott|Tailwind|p2a: Whimsicott\n|-sidestart|p2: B. Farro|move: Tailwind\n|move|p2b: Tauros|Raging Bull|p1b: Gengar\n|-damage|p1b: Gengar|0 fnt\n|faint|p1b: Gengar\n|\n|upkeep\n|\n|t:|1775997550\n|switch|p1b: Sinistcha|Sinistcha-Masterpiece, L50|53/100\n|turn|6\n|inactive|emiyaemiya has 30 seconds left.\n|\n|t:|1775997584\n|move|p1b: Sinistcha|Protect|p1b: Sinistcha\n|-singleturn|p1b: Sinistcha|Protect\n|move|p2a: Whimsicott|Moonblast|p1a: Kommo-o\n|-supereffective|p1a: Kommo-o|2\n|-damage|p1a: Kommo-o|0 fnt\n|faint|p1a: Kommo-o\n|move|p2b: Tauros|Raging Bull|p1b: Sinistcha\n|-activate|p1b: Sinistcha|move: Protect\n|\n|upkeep\n|turn|7\n|-message|emiyaemiya forfeited.\n|\n|win|B. Farro\n|raw|emiyaemiya's rating: 1124 &rarr; <strong>1096</strong><br />(-28 for losing)\n|raw|B. Farro's rating: 1080 &rarr; <strong>1112</strong><br />(+32 for winning)\n|l|\u2606emiyaemiya\n|player|p1|\n",
  "uploadtime": 1775997600,
  "views": 22,
  "formatid": "gen9championsvgc2026regma",
  "rating": 1096,
  "private": 0,
  "password": null
}