{
  "id": "gen9championsvgc2026regma-2580748216",
  "format": "[Gen 9 Champions] VGC 2026 Reg M-A",
  "players": [
    "Catyreiji",
    "Big Soul Mama"
  ],
  "log": "|j|\u2606Catyreiji\n|j|\u2606Big Soul Mama\n|t:|1775929259\n|gametype|doubles\n|player|p1|Catyreiji|shauntal|1081\n|player|p2|Big Soul Mama|lenora|1065\n|gen|9\n|tier|[Gen 9 Champions] VGC 2026 Reg M-A\n|rated|\n|rule|Species Clause: Limit one of each Pok\u00e9mon\n|rule|Item Clause: Limit 1 of each item\n|clearpoke\n|poke|p1|Absol, L50, F|\n|poke|p1|Beartic, L50, M|\n|poke|p1|Sneasler, L50, M|\n|poke|p1|Aegislash, L50, M|\n|poke|p1|Corviknight, L50, M|\n|poke|p1|Froslass, L50, F|\n|poke|p2|Chimecho, L50, M|\n|poke|p2|Slowking-Galar, L50, M|\n|poke|p2|Rhyperior, L50, M|\n|poke|p2|Tinkaton, L50, F|\n|poke|p2|Rotom-Heat, L50|\n|poke|p2|Milotic, L50, M|\n|teampreview|4\n|\n|t:|1775929291\n|teamsize|p1|4\n|teamsize|p2|4\n|start\n|switch|p1a: Clawdia|Sneasler, L50, M|100/100\n|switch|p1b: Durandal|Aegislash, L50, M|100/100\n|switch|p2a: Tinkaton|Tinkaton, L50, F|100/100\n|switch|p2b: Chimecho|Chimecho, L50, M|100/100\n|-ability|p2a: Tinkaton|Mold Breaker\n|turn|1\n|\n|t:|1775929310\n|detailschange|p2b: Chimecho|Chimecho-Mega, L50, M\n|-mega|p2b: Chimecho|Chimecho|Chimechite\n|move|p1a: Clawdia|Fake Out|p2b: Chimecho\n|-resisted|p2b: Chimecho|1\n|-damage|p2b: Chimecho|94/100\n|move|p2a: Tinkaton|Fake Out|p1a: Clawdia\n|-damage|p1a: Clawdia|88/100\n|-formechange|p1b: Durandal|Aegislash-Blade|\n|move|p1b: Durandal|Sacred Sword|p2a: Tinkaton\n|-damage|p2a: Tinkaton|70/100\n|cant|p2b: Chimecho|flinch\n|\n|upkeep\n|turn|2\n|\n|t:|1775929327\n|move|p1a: Clawdia|Protect|p1a: Clawdia\n|-singleturn|p1a: Clawdia|Protect\n|-formechange|p1b: Durandal|Aegislash|\n|move|p1b: Durandal|King's Shield|p1b: Durandal\n|-singleturn|p1b: Durandal|Protect\n|move|p2a: Tinkaton|Gigaton Hammer|p1a: Clawdia\n|-activate|p1a: Clawdia|move: Protect\n|move|p2b: Chimecho|Trick Room|p2b: Chimecho\n|-fieldstart|move: Trick Room|[of] p2b: Chimecho\n|\n|upkeep\n|turn|3\n|\n|t:|1775929348\n|switch|p2a: Rhyperior|Rhyperior, L50, M|100/100\n|switch|p1a: Nevermore|Corviknight, L50, M|100/100\n|move|p2b: Chimecho|Flash Cannon|p1a: Nevermore\n|-resisted|p1a: Nevermore|1\n|-damage|p1a: Nevermore|85/100\n|-formechange|p1b: Durandal|Aegislash-Blade|\n|move|p1b: Durandal|Poltergeist|p2b: Chimecho\n|-activate|p2b: Chimecho|move: Poltergeist|Chimechite\n|-supereffective|p2b: Chimecho|1\n|-damage|p2b: Chimecho|0 fnt\n|faint|p2b: Chimecho\n|\n|-heal|p1a: Nevermore|91/100|[from] item: Leftovers\n|upkeep\n|\n|t:|1775929362\n|switch|p2b: Rotom|Rotom-Heat, L50|100/100\n|turn|4\n|\n|t:|1775929383\n|move|p1a: Nevermore|Protect|p1a: Nevermore\n|-singleturn|p1a: Nevermore|Protect\n|-formechange|p1b: Durandal|Aegislash|\n|move|p1b: Durandal|King's Shield|p1b: Durandal\n|-singleturn|p1b: Durandal|Protect\n|move|p2a: Rhyperior|Earthquake|p1a: Nevermore|[spread] \n|-activate|p1a: Nevermore|move: Protect\n|-activate|p1b: Durandal|move: Protect\n|-immune|p2b: Rotom|[from] ability: Levitate\n|move|p2b: Rotom|Will-O-Wisp|p1a: Nevermore\n|-activate|p1a: Nevermore|move: Protect\n|\n|-heal|p1a: Nevermore|96/100|[from] item: Leftovers\n|upkeep\n|turn|5\n|\n|t:|1775929406\n|move|p2a: Rhyperior|Earthquake|p1a: Nevermore|[spread] p1b\n|-immune|p2b: Rotom|[from] ability: Levitate\n|-immune|p1a: Nevermore\n|-supereffective|p1b: Durandal|1\n|-damage|p1b: Durandal|9/100\n|-enditem|p1b: Durandal|Sitrus Berry|[eat]\n|-heal|p1b: Durandal|33/100|[from] item: Sitrus Berry\n|move|p1a: Nevermore|Body Press|p2a: Rhyperior\n|-supereffective|p2a: Rhyperior|1\n|-damage|p2a: Rhyperior|76/100\n|move|p2b: Rotom|Thunderbolt|p1b: Durandal\n|-damage|p1b: Durandal|0 fnt\n|faint|p1b: Durandal\n|\n|-heal|p1a: Nevermore|100/100|[from] item: Leftovers\n|upkeep\n|\n|t:|1775929421\n|switch|p1b: Clawdia|Sneasler, L50, M|88/100\n|turn|6\n|\n|t:|1775929435\n|move|p1b: Clawdia|Fake Out|p2b: Rotom\n|-damage|p2b: Rotom|86/100\n|move|p2a: Rhyperior|Earthquake|p1b: Clawdia|[spread] p1b\n|-immune|p2b: Rotom|[from] ability: Levitate\n|-immune|p1a: Nevermore\n|-supereffective|p1b: Clawdia|1\n|-damage|p1b: Clawdia|0 fnt\n|faint|p1b: Clawdia\n|move|p1a: Nevermore|Iron Defense|p1a: Nevermore\n|-boost|p1a: Nevermore|def|2\n|cant|p2b: Rotom|flinch\n|\n|-fieldend|move: Trick Room\n|upkeep\n|\n|t:|1775929447\n|switch|p1b: Aurora|Froslass, L50, F, shiny|100/100\n|turn|7\n|\n|t:|1775929456\n|detailschange|p1b: Aurora|Froslass-Mega, L50, F, shiny\n|-mega|p1b: Aurora|Froslass|Froslassite\n|-weather|Snowscape|[from] ability: Snow Warning|[of] p1b: Aurora\n|move|p2a: Rhyperior|Protect|p2a: Rhyperior\n|-singleturn|p2a: Rhyperior|Protect\n|move|p1b: Aurora|Aurora Veil|p1b: Aurora\n|-sidestart|p1: Catyreiji|move: Aurora Veil\n|move|p2b: Rotom|Overheat|p1a: Nevermore\n|-supereffective|p1a: Nevermore|1\n|-damage|p1a: Nevermore|45/100\n|-unboost|p2b: Rotom|spa|2\n|move|p1a: Nevermore|Body Press|p2a: Rhyperior\n|-activate|p2a: Rhyperior|move: Protect\n|\n|-weather|Snowscape|[upkeep]\n|-heal|p1a: Nevermore|51/100|[from] item: Leftovers\n|upkeep\n|turn|8\n|\n|t:|1775929479\n|switch|p2a: Tinkaton|Tinkaton, L50, F|70/100\n|-ability|p2a: Tinkaton|Mold Breaker\n|move|p1b: Aurora|Blizzard|p2b: Rotom|[spread] p2a,p2b\n|-resisted|p2a: Tinkaton|1\n|-resisted|p2b: Rotom|1\n|-damage|p2a: Tinkaton|49/100\n|-damage|p2b: Rotom|64/100\n|move|p2b: Rotom|Will-O-Wisp|p1a: Nevermore\n|-status|p1a: Nevermore|brn\n|move|p1a: Nevermore|Roost|p1a: Nevermore\n|-heal|p1a: Nevermore|100/100 brn\n|-singleturn|p1a: Nevermore|move: Roost\n|\n|-weather|Snowscape|[upkeep]\n|-damage|p1a: Nevermore|95/100 brn|[from] brn\n|upkeep\n|turn|9\n|\n|t:|1775929504\n|move|p1a: Nevermore|Protect|p1a: Nevermore\n|-singleturn|p1a: Nevermore|Protect\n|move|p2a: Tinkaton|Fake Out|p1a: Nevermore\n|-activate|p1a: Nevermore|move: Protect\n|move|p1b: Aurora|Shadow Ball|p2b: Rotom\n|-damage|p2b: Rotom|21/100\n|-enditem|p2b: Rotom|Sitrus Berry|[eat]\n|-heal|p2b: Rotom|46/100|[from] item: Sitrus Berry\n|move|p2b: Rotom|Overheat|p1b: Aurora\n|-supereffective|p1b: Aurora|1\n|-damage|p1b: Aurora|59/100\n|-unboost|p2b: Rotom|spa|2\n|\n|-weather|Snowscape|[upkeep]\n|-heal|p1a: Nevermore|100/100 brn|[from] item: Leftovers\n|-damage|p1a: Nevermore|95/100 brn|[from] brn\n|upkeep\n|turn|10\n|\n|t:|1775929523\n|move|p2b: Rotom|Protect|p2b: Rotom\n|-singleturn|p2b: Rotom|Protect\n|move|p1b: Aurora|Blizzard|p2b: Rotom|[spread] p2a\n|-activate|p2b: Rotom|move: Protect\n|-resisted|p2a: Tinkaton|1\n|-damage|p2a: Tinkaton|31/100\n|move|p2a: Tinkaton|Gigaton Hammer|p1b: Aurora\n|-supereffective|p1b: Aurora|1\n|-damage|p1b: Aurora|0 fnt\n|faint|p1b: Aurora\n|move|p1a: Nevermore|Body Press|p2b: Rotom\n|-activate|p2b: Rotom|move: Protect\n|\n|-weather|Snowscape|[upkeep]\n|-heal|p1a: Nevermore|100/100 brn|[from] item: Leftovers\n|-damage|p1a: Nevermore|95/100 brn|[from] brn\n|upkeep\n|turn|11\n|\n|t:|1775929548\n|switch|p2b: Rhyperior|Rhyperior, L50, M|76/100\n|move|p2a: Tinkaton|Feint|p1a: Nevermore\n|-resisted|p1a: Nevermore|1\n|-damage|p1a: Nevermore|94/100 brn\n|move|p1a: Nevermore|Body Press|p2b: Rhyperior\n|-supereffective|p2b: Rhyperior|1\n|-damage|p2b: Rhyperior|54/100\n|\n|-weather|none\n|-heal|p1a: Nevermore|99/100 brn|[from] item: Leftovers\n|-damage|p1a: Nevermore|94/100 brn|[from] brn\n|-sideend|p1: Catyreiji|move: Aurora Veil\n|upkeep\n|turn|12\n|\n|t:|1775929562\n|move|p2a: Tinkaton|Gigaton Hammer|p1a: Nevermore\n|-resisted|p1a: Nevermore|1\n|-damage|p1a: Nevermore|82/100 brn\n|move|p1a: Nevermore|Iron Defense|p1a: Nevermore\n|-boost|p1a: Nevermore|def|2\n|move|p2b: Rhyperior|Rock Slide|p1a: Nevermore\n|-damage|p1a: Nevermore|70/100 brn\n|\n|-heal|p1a: Nevermore|75/100 brn|[from] item: Leftovers\n|-damage|p1a: Nevermore|70/100 brn|[from] brn\n|upkeep\n|turn|13\n|\n|t:|1775929592\n|move|p2a: Tinkaton|Feint|p1a: Nevermore\n|-resisted|p1a: Nevermore|1\n|-damage|p1a: Nevermore|69/100 brn\n|move|p1a: Nevermore|Body Press|p2b: Rhyperior\n|-supereffective|p2b: Rhyperior|1\n|-damage|p2b: Rhyperior|19/100\n|move|p2b: Rhyperior|Rock Slide|p1a: Nevermore\n|-damage|p1a: Nevermore|57/100 brn\n|\n|-heal|p1a: Nevermore|63/100 brn|[from] item: Leftovers\n|-damage|p1a: Nevermore|57/100 brn|[from] brn\n|upkeep\n|turn|14\n|\n|t:|1775929608\n|move|p2a: Tinkaton|Feint|p1a: Nevermore\n|-resisted|p1a: Nevermore|1\n|-damage|p1a: Nevermore|56/100 brn\n|move|p1a: Nevermore|Roost|p1a: Nevermore\n|-heal|p1a: Nevermore|100/100 brn\n|-singleturn|p1a: Nevermore|move: Roost\n|move|p2b: Rhyperior|Rock Slide|p1a: Nevermore|[miss]\n|-miss|p2b: Rhyperior|p1a: Nevermore\n|\n|-damage|p1a: Nevermore|95/100 brn|[from] brn\n|upkeep\n|turn|15\n|\n|t:|1775929621\n|move|p2a: Tinkaton|Gigaton Hammer|p1a: Nevermore\n|-resisted|p1a: Nevermore|1\n|-damage|p1a: Nevermore|87/100 brn\n|move|p1a: Nevermore|Body Press|p2b: Rhyperior\n|-supereffective|p2b: Rhyperior|1\n|-damage|p2b: Rhyperior|0 fnt\n|faint|p2b: Rhyperior\n|\n|-heal|p1a: Nevermore|93/100 brn|[from] item: Leftovers\n|-damage|p1a: Nevermore|87/100 brn|[from] brn\n|upkeep\n|\n|t:|1775929631\n|switch|p2b: Rotom|Rotom-Heat, L50|46/100\n|turn|16\n|\n|t:|1775929637\n|move|p2a: Tinkaton|Helping Hand|p2b: Rotom\n|-singleturn|p2b: Rotom|Helping Hand|[of] p2a: Tinkaton\n|move|p2b: Rotom|Thunderbolt|p1a: Nevermore\n|-supereffective|p1a: Nevermore|1\n|-damage|p1a: Nevermore|4/100 brn\n|move|p1a: Nevermore|Body Press|p2b: Rotom\n|-damage|p2b: Rotom|13/100\n|\n|-heal|p1a: Nevermore|10/100 brn|[from] item: Leftovers\n|-damage|p1a: Nevermore|4/100 brn|[from] brn\n|upkeep\n|turn|17\n|\n|t:|1775929649\n|move|p1a: Nevermore|Protect|p1a: Nevermore\n|-singleturn|p1a: Nevermore|Protect\n|move|p2a: Tinkaton|Feint|p1a: Nevermore\n|-activate|p1a: Nevermore|move: Feint\n|-resisted|p1a: Nevermore|1\n|-damage|p1a: Nevermore|3/100 brn\n|move|p2b: Rotom|Thunderbolt|p1a: Nevermore\n|-supereffective|p1a: Nevermore|1\n|-damage|p1a: Nevermore|0 fnt\n|faint|p1a: Nevermore\n|\n|win|Big Soul Mama\n|raw|Catyreiji's rating: 1081 &rarr; <strong>1058</strong><br />(-23 for losing)\n|raw|Big Soul Mama's rating: 1065 &rarr; <strong>1097</strong><br />(+32 for winning)\n",
  "uploadtime": 1775929659,
  "views": 18,
  "formatid": "gen9championsvgc2026regma",
  "rating": 1058,
  "private": 0,
  "password": null
}