{
  "id": "gen9championsvgc2026regma-2585772550",
  "format": "[Gen 9 Champions] VGC 2026 Reg M-A",
  "players": [
    "khanhnguyen11",
    "murrrh"
  ],
  "log": "|j|\u2606khanhnguyen11\n|j|\u2606murrrh\n|t:|1776369555\n|gametype|doubles\n|player|p1|khanhnguyen11|lance|1200\n|player|p2|murrrh|266|1105\n|gen|9\n|tier|[Gen 9 Champions] VGC 2026 Reg M-A\n|rated|\n|rule|Species Clause: Limit one of each Pok\u00e9mon\n|rule|Item Clause: Limit 1 of each item\n|clearpoke\n|poke|p1|Aerodactyl, L50, F|\n|poke|p1|Incineroar, L50, M|\n|poke|p1|Floette-Eternal, L50, F|\n|poke|p1|Basculegion, L50, M|\n|poke|p1|Garchomp, L50, F|\n|poke|p1|Sneasler, L50, M|\n|poke|p2|Pelipper, L50, M|\n|poke|p2|Basculegion, L50, M|\n|poke|p2|Lopunny, L50, M|\n|poke|p2|Rotom-Heat, L50|\n|poke|p2|Garchomp, L50, F|\n|poke|p2|Kingambit, L50, F|\n|teampreview|4\n|inactive|Battle timer is ON: inactive players will automatically lose when time's up. (requested by khanhnguyen11)\nmurrrh has agreed to open team sheets.\nkhanhnguyen11 rejected open team sheets.\n|inactive|khanhnguyen11 has 60 seconds left.\n|\n|t:|1776369588\n|teamsize|p1|4\n|teamsize|p2|4\n|start\n|switch|p1a: Aerodactyl|Aerodactyl, L50, F|100/100\n|switch|p1b: Floette|Floette-Eternal, L50, F|100/100\n|switch|p2a: Pelipper|Pelipper, L50, M|100/100\n|switch|p2b: Rotom|Rotom-Heat, L50|100/100\n|-ability|p1a: Aerodactyl|Unnerve\n|-weather|RainDance|[from] ability: Drizzle|[of] p2a: Pelipper\n|turn|1\n|\n|t:|1776369612\n|detailschange|p1b: Floette|Floette-Mega, L50, F\n|-mega|p1b: Floette|Floette|Floettite\n|-ability|p1b: Floette|Fairy Aura\n|move|p2b: Rotom|Volt Switch|p1a: Aerodactyl\n|-supereffective|p1a: Aerodactyl|1\n|-enditem|p1a: Aerodactyl|Focus Sash\n|-damage|p1a: Aerodactyl|1/100\n|\n|t:|1776369626\n|switch|p2b: Lopunny|Lopunny, L50, M|100/100|[from] Volt Switch\n|move|p1a: Aerodactyl|Rock Slide|p2a: Pelipper|[spread] p2a,p2b\n|-supereffective|p2a: Pelipper|1\n|-damage|p2a: Pelipper|60/100\n|-damage|p2b: Lopunny|62/100\n|move|p1b: Floette|Dazzling Gleam|p2b: Lopunny|[spread] p2a,p2b\n|-damage|p2a: Pelipper|0 fnt\n|-damage|p2b: Lopunny|0 fnt\n|faint|p2a: Pelipper\n|faint|p2b: Lopunny\n|\n|-weather|RainDance|[upkeep]\n|upkeep\n|\n|t:|1776369639\n|switch|p2b: Rotom|Rotom-Heat, L50|100/100\n|switch|p2a: Basculegion|Basculegion, L50, M|100/100\n|turn|2\n|inactive|khanhnguyen11 has 30 seconds left.\n|inactive|khanhnguyen11 has 20 seconds left.\n|inactive|khanhnguyen11 has 15 seconds left.\n|inactive|khanhnguyen11 has 10 seconds left.\n|\n|t:|1776369684\n|move|p1b: Floette|Protect|p1b: Floette\n|-singleturn|p1b: Floette|Protect\n|move|p2a: Basculegion|Wave Crash|p1b: Floette\n|-activate|p1b: Floette|move: Protect\n|move|p2b: Rotom|Volt Switch|p1a: Aerodactyl\n|-supereffective|p1a: Aerodactyl|1\n|-damage|p1a: Aerodactyl|0 fnt\n|faint|p1a: Aerodactyl\n|\n|-weather|RainDance|[upkeep]\n|upkeep\n|\n|t:|1776369697\n|switch|p1a: Basculegion|Basculegion, L50, M|100/100\n|turn|3\n|\n|t:|1776369709\n|move|p2a: Basculegion|Wave Crash|p1b: Floette\n|-damage|p1b: Floette|0 fnt\n|faint|p1b: Floette\n|-damage|p2a: Basculegion|75/100|[from] Recoil\n|move|p2b: Rotom|Volt Switch|p1a: Basculegion\n|-supereffective|p1a: Basculegion|1\n|-damage|p1a: Basculegion|26/100\n|move|p1a: Basculegion|Last Respects|p2a: Basculegion\n|-supereffective|p2a: Basculegion|1\n|-damage|p2a: Basculegion|0 fnt\n|faint|p2a: Basculegion\n|\n|-weather|RainDance|[upkeep]\n|upkeep\n|\n|t:|1776369720\n|switch|p1b: Sneasler|Sneasler, L50, M|100/100\n|turn|4\n|\n|t:|1776369728\n|move|p2b: Rotom|Volt Switch|p1a: Basculegion\n|-supereffective|p1a: Basculegion|1\n|-damage|p1a: Basculegion|0 fnt\n|faint|p1a: Basculegion\n|move|p1b: Sneasler|Rock Tomb|p2b: Rotom\n|-supereffective|p2b: Rotom|1\n|-damage|p2b: Rotom|41/100\n|-unboost|p2b: Rotom|spe|1\n|\n|-weather|RainDance|[upkeep]\n|upkeep\n|turn|5\n|\n|t:|1776369739\n|move|p1b: Sneasler|Rock Tomb|p2b: Rotom\n|-supereffective|p2b: Rotom|1\n|-damage|p2b: Rotom|0 fnt\n|faint|p2b: Rotom\n|\n|win|khanhnguyen11\n|raw|khanhnguyen11's rating: 1200 &rarr; <strong>1218</strong><br />(+18 for winning)\n|raw|murrrh's rating: 1105 &rarr; <strong>1087</strong><br />(-18 for losing)\n|c|\u2606khanhnguyen11|GG\n|c|\u2606murrrh|ggs\n|l|\u2606murrrh\n|player|p2|\n",
  "uploadtime": 1776369767,
  "views": 15,
  "formatid": "gen9championsvgc2026regma",
  "rating": 1087,
  "private": 0,
  "password": null
}