{
  "id": "gen9championsvgc2026regma-2587395553",
  "format": "[Gen 9 Champions] VGC 2026 Reg M-A",
  "players": [
    "KingGenius",
    "01tinn"
  ],
  "log": "|j|\u2606KingGenius\n|j|\u260601tinn\n|t:|1776528280\n|gametype|doubles\n|player|p1|KingGenius|102|1075\n|player|p2|01tinn|ethan|1104\n|gen|9\n|tier|[Gen 9 Champions] VGC 2026 Reg M-A\n|rated|\n|rule|Species Clause: Limit one of each Pok\u00e9mon\n|rule|Item Clause: Limit 1 of each item\n|clearpoke\n|poke|p1|Chandelure, L50, M|\n|poke|p1|Whimsicott, L50, F|\n|poke|p1|Orthworm, L50, F|\n|poke|p1|Garchomp, L50, M|\n|poke|p1|Palafin, L50, F|\n|poke|p1|Tsareena, L50, F|\n|poke|p2|Starmie, L50|\n|poke|p2|Tauros-Paldea-Blaze, L50, M|\n|poke|p2|Raichu, L50, M|\n|poke|p2|Whimsicott, L50, F|\n|poke|p2|Hydreigon, L50, F|\n|poke|p2|Corviknight, L50, M|\n|teampreview|4\nKingGenius has agreed to open team sheets.\n|\n|t:|1776528309\n|teamsize|p1|4\n|teamsize|p2|4\n|start\n|switch|p1a: Whimsicott|Whimsicott, L50, F|100/100\n|switch|p1b: Palafin|Palafin, L50, F|100/100\n|switch|p2a: Starmie|Starmie, L50|100/100\n|switch|p2b: Corviknight|Corviknight, L50, M|100/100\n|turn|1\n|\n|t:|1776528340\n|detailschange|p2a: Starmie|Starmie-Mega, L50\n|-mega|p2a: Starmie|Starmie|Starminite\n|move|p1a: Whimsicott|Protect|p1a: Whimsicott\n|-singleturn|p1a: Whimsicott|Protect\n|move|p2a: Starmie|Ice Spinner|p1a: Whimsicott\n|-activate|p1a: Whimsicott|move: Protect\n|move|p1b: Palafin|Flip Turn|p2b: Corviknight\n|-damage|p2b: Corviknight|81/100\n|\n|t:|1776528366\n|detailschange|p1b: Palafin|Palafin-Hero, L50, F\n|switch|p1b: Tsareena|Tsareena, L50, F|100/100|[from] Flip Turn\n|move|p2b: Corviknight|Bulk Up|p2b: Corviknight\n|-boost|p2b: Corviknight|atk|1\n|-boost|p2b: Corviknight|def|1\n|\n|upkeep\n|turn|2\n|\n|t:|1776528390\n|switch|p2a: Tauros|Tauros-Paldea-Blaze, L50, M|100/100\n|-ability|p2a: Tauros|Intimidate|boost\n|-unboost|p1a: Whimsicott|atk|1\n|-unboost|p1b: Tsareena|atk|1\n|move|p1a: Whimsicott|Tailwind|p1a: Whimsicott\n|-sidestart|p1: KingGenius|move: Tailwind\n|move|p1b: Tsareena|Power Whip|p2a: Tauros\n|-resisted|p2a: Tauros|1\n|-damage|p2a: Tauros|81/100\n|move|p2b: Corviknight|Brave Bird|p1a: Whimsicott\n|-supereffective|p1a: Whimsicott|1\n|-damage|p1a: Whimsicott|0 fnt\n|faint|p1a: Whimsicott\n|-damage|p2b: Corviknight|59/100|[from] Recoil\n|\n|upkeep\n|\n|t:|1776528396\n|switch|p1a: Palafin|Palafin-Hero, L50, F|100/100\n|-activate|p1a: Palafin|ability: Zero to Hero\n|turn|3\n|\n|t:|1776528416\n|switch|p2a: Hydreigon|Hydreigon, L50, F|100/100\n|switch|p1b: Chandelure|Chandelure, L50, M|100/100\n|move|p1a: Palafin|Jet Punch|p2a: Hydreigon\n|-resisted|p2a: Hydreigon|1\n|-damage|p2a: Hydreigon|78/100\n|move|p2b: Corviknight|Roost|p2b: Corviknight\n|-heal|p2b: Corviknight|100/100\n|-singleturn|p2b: Corviknight|move: Roost\n|\n|upkeep\n|turn|4\n|\n|t:|1776528441\n|switch|p2b: Starmie|Starmie-Mega, L50|100/100\n|detailschange|p1b: Chandelure|Chandelure-Mega, L50, M\n|-mega|p1b: Chandelure|Chandelure|Chandelurite\n|move|p1b: Chandelure|Heat Wave|p2a: Hydreigon|[spread] p2a,p2b\n|-resisted|p2a: Hydreigon|1\n|-resisted|p2b: Starmie|1\n|-crit|p2b: Starmie\n|-damage|p2a: Hydreigon|55/100\n|-damage|p2b: Starmie|56/100\n|move|p1a: Palafin|Bulk Up|p1a: Palafin\n|-boost|p1a: Palafin|atk|1\n|-boost|p1a: Palafin|def|1\n|move|p2a: Hydreigon|Dark Pulse|p1b: Chandelure\n|-supereffective|p1b: Chandelure|1\n|-damage|p1b: Chandelure|0 fnt\n|faint|p1b: Chandelure\n|\n|upkeep\n|\n|t:|1776528455\n|switch|p1b: Tsareena|Tsareena, L50, F|100/100\n|turn|5\n|\n|t:|1776528477\n|move|p2b: Starmie|Protect|p2b: Starmie\n|-singleturn|p2b: Starmie|Protect\n|move|p2a: Hydreigon|Protect|p2a: Hydreigon\n|-singleturn|p2a: Hydreigon|Protect\n|move|p1a: Palafin|Jet Punch|p2b: Starmie\n|-activate|p2b: Starmie|move: Protect\n|move|p1b: Tsareena|Triple Axel|p2a: Hydreigon\n|-activate|p2a: Hydreigon|move: Protect\n|\n|-sideend|p1: KingGenius|move: Tailwind\n|upkeep\n|turn|6\n|\n|t:|1776528514\n|move|p1a: Palafin|Jet Punch|p2b: Starmie\n|-resisted|p2b: Starmie|1\n|-damage|p2b: Starmie|13/100\n|move|p2b: Starmie|Flip Turn|p1a: Palafin\n|-resisted|p1a: Palafin|1\n|-damage|p1a: Palafin|85/100\n|\n|t:|1776528520\n|switch|p2b: Tauros|Tauros-Paldea-Blaze, L50, M|81/100|[from] Flip Turn\n|-ability|p2b: Tauros|Intimidate|boost\n|-unboost|p1a: Palafin|atk|1\n|-unboost|p1b: Tsareena|atk|1\n|move|p2a: Hydreigon|Dark Pulse|p1a: Palafin\n|-damage|p1a: Palafin|44/100\n|move|p1b: Tsareena|Triple Axel|p2a: Hydreigon\n|-supereffective|p2a: Hydreigon|1\n|-damage|p2a: Hydreigon|45/100\n|-supereffective|p2a: Hydreigon|1\n|-damage|p2a: Hydreigon|25/100\n|-supereffective|p2a: Hydreigon|1\n|-damage|p2a: Hydreigon|0 fnt\n|faint|p2a: Hydreigon\n|-hitcount|p2: Hydreigon|3\n|\n|upkeep\n|\n|t:|1776528534\n|switch|p2a: Corviknight|Corviknight, L50, M|100/100\n|turn|7\n|\n|t:|1776528553\n|move|p1b: Tsareena|Protect|p1b: Tsareena\n|-singleturn|p1b: Tsareena|Protect\n|move|p2b: Tauros|Flare Blitz|p1b: Tsareena\n|-activate|p1b: Tsareena|move: Protect\n|move|p1a: Palafin|Bulk Up|p1a: Palafin\n|-boost|p1a: Palafin|atk|1\n|-boost|p1a: Palafin|def|1\n|move|p2a: Corviknight|Bulk Up|p2a: Corviknight\n|-boost|p2a: Corviknight|atk|1\n|-boost|p2a: Corviknight|def|1\n|\n|upkeep\n|turn|8\n|\n|t:|1776528578\n|move|p1a: Palafin|Jet Punch|p2b: Tauros\n|-supereffective|p2b: Tauros|1\n|-damage|p2b: Tauros|0 fnt\n|faint|p2b: Tauros\n|move|p1b: Tsareena|Triple Axel|p2a: Corviknight\n|-damage|p2a: Corviknight|98/100\n|-crit|p2a: Corviknight\n|-damage|p2a: Corviknight|83/100\n|-damage|p2a: Corviknight|77/100\n|-hitcount|p2a: Corviknight|3\n|move|p2a: Corviknight|Bulk Up|p2a: Corviknight\n|-boost|p2a: Corviknight|atk|1\n|-boost|p2a: Corviknight|def|1\n|\n|upkeep\n|\n|t:|1776528589\n|switch|p2b: Starmie|Starmie-Mega, L50|13/100\n|turn|9\n|\n|t:|1776528601\n|move|p2b: Starmie|Protect|p2b: Starmie\n|-singleturn|p2b: Starmie|Protect\n|move|p1a: Palafin|Jet Punch|p2b: Starmie\n|-activate|p2b: Starmie|move: Protect\n|move|p1b: Tsareena|Taunt|p2a: Corviknight\n|-start|p2a: Corviknight|move: Taunt\n|move|p2a: Corviknight|Body Press|p1a: Palafin\n|-damage|p1a: Palafin|26/100\n|\n|upkeep\n|turn|10\n|\n|t:|1776528618\n|move|p1a: Palafin|Protect|p1a: Palafin\n|-singleturn|p1a: Palafin|Protect\n|move|p2b: Starmie|Liquidation|p1a: Palafin\n|-activate|p1a: Palafin|move: Protect\n|move|p1b: Tsareena|Power Whip|p2b: Starmie\n|-supereffective|p2b: Starmie|1\n|-damage|p2b: Starmie|0 fnt\n|faint|p2b: Starmie\n|move|p2a: Corviknight|Body Press|p1a: Palafin\n|-activate|p1a: Palafin|move: Protect\n|\n|upkeep\n|turn|11\n|\n|t:|1776528638\n|move|p1a: Palafin|Jet Punch|p2a: Corviknight\n|-damage|p2a: Corviknight|50/100\n|-enditem|p2a: Corviknight|Sitrus Berry|[eat]\n|-heal|p2a: Corviknight|75/100|[from] item: Sitrus Berry\n|move|p1b: Tsareena|Triple Axel|p2a: Corviknight\n|-damage|p2a: Corviknight|73/100\n|-damage|p2a: Corviknight|70/100\n|-damage|p2a: Corviknight|64/100\n|-hitcount|p2a: Corviknight|3\n|move|p2a: Corviknight|Body Press|p1a: Palafin\n|-damage|p1a: Palafin|8/100\n|\n|-end|p2a: Corviknight|move: Taunt\n|upkeep\n|turn|12\n|\n|t:|1776528656\n|move|p1b: Tsareena|Protect|p1b: Tsareena\n|-singleturn|p1b: Tsareena|Protect\n|move|p1a: Palafin|Jet Punch|p2a: Corviknight\n|-damage|p2a: Corviknight|35/100\n|move|p2a: Corviknight|Body Press|p1b: Tsareena\n|-activate|p1b: Tsareena|move: Protect\n|\n|upkeep\n|turn|13\n|\n|t:|1776528671\n|move|p1a: Palafin|Jet Punch|p2a: Corviknight\n|-damage|p2a: Corviknight|8/100\n|move|p1b: Tsareena|Triple Axel|p2a: Corviknight\n|-crit|p2a: Corviknight\n|-damage|p2a: Corviknight|0 fnt\n|faint|p2a: Corviknight\n|-hitcount|p2: Corviknight|1\n|\n|win|KingGenius\n|raw|KingGenius's rating: 1075 &rarr; <strong>1106</strong><br />(+31 for winning)\n|raw|01tinn's rating: 1104 &rarr; <strong>1077</strong><br />(-27 for losing)\n|c|\u2606KingGenius|GG WP\n|l|\u260601tinn\n|player|p2|\n",
  "uploadtime": 1776528683,
  "views": 17,
  "formatid": "gen9championsvgc2026regma",
  "rating": 1077,
  "private": 0,
  "password": null
}