{
  "id": "gen9championsvgc2026regma-2580512752",
  "format": "[Gen 9 Champions] VGC 2026 Reg M-A",
  "players": [
    "koraidonrider3565",
    "senzumi_here"
  ],
  "log": "|j|\u203dkoraidonrider3565\n|j|\u2606senzumi_here\n|t:|1775907135\n|gametype|doubles\n|player|p1|koraidonrider3565|2|1078\n|player|p2|senzumi_here|psychicf-gen4|1131\n|gen|9\n|tier|[Gen 9 Champions] VGC 2026 Reg M-A\n|rated|\n|rule|Species Clause: Limit one of each Pok\u00e9mon\n|rule|Item Clause: Limit 1 of each item\n|clearpoke\n|poke|p1|Charizard, L50, F|\n|poke|p1|Venusaur, L50, M|\n|poke|p1|Kingambit, L50, M|\n|poke|p1|Whimsicott, L50, F|\n|poke|p1|Arcanine-Hisui, L50, F|\n|poke|p1|Incineroar, L50, M|\n|poke|p2|Floette-Eternal, L50, F|\n|poke|p2|Delphox, L50, F|\n|poke|p2|Aerodactyl, L50, M|\n|poke|p2|Maushold, L50|\n|poke|p2|Incineroar, L50, M|\n|poke|p2|Garchomp, L50, M|\n|teampreview|4\n|inactive|Battle timer is ON: inactive players will automatically lose when time's up. (requested by senzumi_here)\n|\n|t:|1775907186\n|teamsize|p1|4\n|teamsize|p2|4\n|start\n|switch|p1a: Whimsicott|Whimsicott, L50, F|100/100\n|switch|p1b: Incineroar|Incineroar, L50, M|100/100\n|switch|p2a: Aerodactyl|Aerodactyl, L50, M|100/100\n|switch|p2b: Incineroar|Incineroar, L50, M|100/100\n|-ability|p2a: Aerodactyl|Unnerve\n|-ability|p1b: Incineroar|Intimidate|boost\n|-unboost|p2a: Aerodactyl|atk|1\n|-unboost|p2b: Incineroar|atk|1\n|-ability|p2b: Incineroar|Intimidate|boost\n|-unboost|p1a: Whimsicott|atk|1\n|-unboost|p1b: Incineroar|atk|1\n|turn|1\n|inactive|senzumi_here has 30 seconds left.\n|\n|t:|1775907212\n|move|p1a: Whimsicott|Protect|p1a: Whimsicott\n|-singleturn|p1a: Whimsicott|Protect\n|move|p1b: Incineroar|Fake Out|p2a: Aerodactyl\n|-resisted|p2a: Aerodactyl|1\n|-damage|p2a: Aerodactyl|95/100\n|move|p2b: Incineroar|Fake Out|p1b: Incineroar\n|-damage|p1b: Incineroar|93/100\n|cant|p2a: Aerodactyl|flinch\n|\n|-heal|p1b: Incineroar|99/100|[from] item: Leftovers\n|upkeep\n|turn|2\n|inactive|koraidonrider3565 has 30 seconds left.\n|\n|t:|1775907241\n|move|p1a: Whimsicott|Protect||[still]\n|-fail|p1a: Whimsicott\n|move|p2a: Aerodactyl|Tailwind|p2a: Aerodactyl\n|-sidestart|p2: senzumi_here|move: Tailwind\n|move|p2b: Incineroar|Parting Shot|p1b: Incineroar\n|-unboost|p1b: Incineroar|atk|1\n|-unboost|p1b: Incineroar|spa|1\n|\n|t:|1775907245\n|switch|p2b: Garchomp|Garchomp, L50, M|100/100|[from] Parting Shot\n|move|p1b: Incineroar|Parting Shot|p2a: Aerodactyl\n|-unboost|p2a: Aerodactyl|atk|1\n|-unboost|p2a: Aerodactyl|spa|1\n|\n|t:|1775907261\n|switch|p1b: Arcanine|Arcanine-Hisui, L50, F|100/100|[from] Parting Shot\n|\n|upkeep\n|turn|3\n|inactive|koraidonrider3565 has 30 seconds left.\n|\n|t:|1775907289\n|move|p1a: Whimsicott|Encore|p2a: Aerodactyl\n|-start|p2a: Aerodactyl|Encore\n|move|p2a: Aerodactyl|Tailwind||[still]\n|-fail|p2a: Aerodactyl\n|move|p2b: Garchomp|Earthquake|p1b: Arcanine|[spread] p1a,p1b\n|-immune|p2a: Aerodactyl\n|-resisted|p1a: Whimsicott|1\n|-supereffective|p1b: Arcanine|2\n|-damage|p1a: Whimsicott|71/100\n|-damage|p1b: Arcanine|0 fnt\n|faint|p1b: Arcanine\n|\n|upkeep\n|\n|t:|1775907303\n|switch|p1b: Incineroar|Incineroar, L50, M|99/100\n|-ability|p1b: Incineroar|Intimidate|boost\n|-unboost|p2a: Aerodactyl|atk|1\n|-unboost|p2b: Garchomp|atk|1\n|-enditem|p2b: Garchomp|White Herb\n|-clearnegativeboost|p2b: Garchomp|[silent]\n|turn|4\n|\n|t:|1775907327\n|switch|p2a: Incineroar|Incineroar, L50, M|100/100\n|-ability|p2a: Incineroar|Intimidate|boost\n|-unboost|p1a: Whimsicott|atk|1\n|-unboost|p1b: Incineroar|atk|1\n|move|p2b: Garchomp|Protect|p2b: Garchomp\n|-singleturn|p2b: Garchomp|Protect\n|move|p1b: Incineroar|Fake Out|p2b: Garchomp\n|-activate|p2b: Garchomp|move: Protect\n|move|p1a: Whimsicott|Tailwind|p1a: Whimsicott\n|-sidestart|p1: koraidonrider3565|move: Tailwind\n|\n|-heal|p1b: Incineroar|100/100|[from] item: Leftovers\n|upkeep\n|turn|5\n|inactive|senzumi_here has 30 seconds left.\n|\n|t:|1775907358\n|switch|p2b: Aerodactyl|Aerodactyl, L50, M|95/100\n|-ability|p2b: Aerodactyl|Unnerve\n|move|p1a: Whimsicott|Encore||[still]\n|-fail|p1a: Whimsicott\n|move|p1b: Incineroar|Parting Shot|p2b: Aerodactyl\n|-unboost|p2b: Aerodactyl|atk|1\n|-unboost|p2b: Aerodactyl|spa|1\n|\n|t:|1775907369\n|switch|p1b: Venusaur|Venusaur, L50, M|100/100|[from] Parting Shot\n|move|p2a: Incineroar|Parting Shot|p1b: Venusaur\n|-unboost|p1b: Venusaur|atk|1\n|-unboost|p1b: Venusaur|spa|1\n|\n|t:|1775907373\n|switch|p2a: Delphox|Delphox, L50, F|100/100|[from] Parting Shot\n|\n|-sideend|p2: senzumi_here|move: Tailwind\n|upkeep\n|turn|6\n|\n|t:|1775907397\n|switch|p1a: Incineroar|Incineroar, L50, M|100/100\n|-ability|p1a: Incineroar|Intimidate|boost\n|-unboost|p2a: Delphox|atk|1\n|-unboost|p2b: Aerodactyl|atk|1\n|detailschange|p1b: Venusaur|Venusaur-Mega, L50, M\n|-mega|p1b: Venusaur|Venusaur|Venusaurite\n|detailschange|p2a: Delphox|Delphox-Mega, L50, F\n|-mega|p2a: Delphox|Delphox|Delphoxite\n|move|p1b: Venusaur|Sludge Wave|p2a: Delphox|[spread] p1a,p2a,p2b\n|-resisted|p2b: Aerodactyl|1\n|-damage|p1a: Incineroar|87/100\n|-damage|p2a: Delphox|84/100\n|-damage|p2b: Aerodactyl|81/100\n|move|p2a: Delphox|Substitute|p2a: Delphox\n|-start|p2a: Delphox|Substitute\n|-damage|p2a: Delphox|59/100\n|move|p2b: Aerodactyl|Tailwind|p2b: Aerodactyl\n|-sidestart|p2: senzumi_here|move: Tailwind\n|\n|-heal|p1a: Incineroar|93/100|[from] item: Leftovers\n|upkeep\n|turn|7\n|inactive|senzumi_here has 30 seconds left.\n|\n|t:|1775907424\n|switch|p2b: Incineroar|Incineroar, L50, M|100/100\n|-ability|p2b: Incineroar|Intimidate|boost\n|-unboost|p1a: Incineroar|atk|1\n|-unboost|p1b: Venusaur|atk|1\n|move|p2a: Delphox|Psychic|p1b: Venusaur\n|-supereffective|p1b: Venusaur|1\n|-damage|p1b: Venusaur|23/100\n|move|p1b: Venusaur|Sludge Wave|p2a: Delphox|[spread] p1a,p2a,p2b\n|-activate|p2a: Delphox|move: Substitute|[damage]\n|-crit|p1a: Incineroar\n|-damage|p1a: Incineroar|61/100\n|-damage|p2b: Incineroar|87/100\n|move|p1a: Incineroar|Flare Blitz|p2a: Delphox\n|-resisted|p2a: Delphox|1\n|-end|p2a: Delphox|Substitute\n|-damage|p1a: Incineroar|60/100|[from] Recoil|[of] p2a: Delphox\n|\n|-heal|p1a: Incineroar|66/100|[from] item: Leftovers\n|-sideend|p1: koraidonrider3565|move: Tailwind\n|upkeep\n|turn|8\n|inactive|senzumi_here has 30 seconds left.\n|\n|t:|1775907455\n|move|p2b: Incineroar|Fake Out|p1a: Incineroar\n|-damage|p1a: Incineroar|55/100\n|move|p2a: Delphox|Psychic|p1b: Venusaur\n|-supereffective|p1b: Venusaur|1\n|-damage|p1b: Venusaur|0 fnt\n|faint|p1b: Venusaur\n|cant|p1a: Incineroar|flinch\n|\n|-heal|p1a: Incineroar|61/100|[from] item: Leftovers\n|upkeep\n|c|\u2606senzumi_here|gg\n|\n|t:|1775907465\n|switch|p1b: Whimsicott|Whimsicott, L50, F|71/100\n|turn|9\n|\n|t:|1775907476\n|move|p1b: Whimsicott|Encore|p1a: Incineroar\n|-start|p1a: Incineroar|Encore\n|move|p2a: Delphox|Heat Wave|p1a: Incineroar|[spread] p1a,p1b\n|-resisted|p1a: Incineroar|1\n|-supereffective|p1b: Whimsicott|1\n|-damage|p1a: Incineroar|49/100\n|-damage|p1b: Whimsicott|0 fnt\n|faint|p1b: Whimsicott\n|move|p2b: Incineroar|Parting Shot|p1a: Incineroar\n|-unboost|p1a: Incineroar|atk|1\n|-unboost|p1a: Incineroar|spa|1\n|\n|t:|1775907481\n|switch|p2b: Garchomp|Garchomp, L50, M|100/100|[from] Parting Shot\n|move|p1a: Incineroar|Flare Blitz|p2a: Delphox\n|-resisted|p2a: Delphox|1\n|-damage|p2a: Delphox|45/100\n|-damage|p1a: Incineroar|46/100|[from] Recoil\n|\n|-heal|p1a: Incineroar|51/100|[from] item: Leftovers\n|-sideend|p2: senzumi_here|move: Tailwind\n|upkeep\n|turn|10\n|\n|t:|1775907496\n|move|p2a: Delphox|Heat Wave|p1a: Incineroar\n|-resisted|p1a: Incineroar|1\n|-damage|p1a: Incineroar|34/100\n|move|p2b: Garchomp|Earthquake|p1a: Incineroar|[spread] p1a\n|-immune|p2a: Delphox|[from] ability: Levitate\n|-supereffective|p1a: Incineroar|1\n|-damage|p1a: Incineroar|0 fnt\n|faint|p1a: Incineroar\n|\n|win|senzumi_here\n|raw|koraidonrider3565's rating: 1078 &rarr; <strong>1060</strong><br />(-18 for losing)\n|raw|senzumi_here's rating: 1131 &rarr; <strong>1152</strong><br />(+21 for winning)\n",
  "uploadtime": 1775907504,
  "views": 13,
  "formatid": "gen9championsvgc2026regma",
  "rating": 1060,
  "private": 0,
  "password": null
}