{
  "id": "gen9championsvgc2026regma-2586236294",
  "format": "[Gen 9 Champions] VGC 2026 Reg M-A",
  "players": [
    "DrakeDogg",
    "yuemeimei"
  ],
  "log": "|j|\u2606DrakeDogg\n|j|\u2606yuemeimei\n|t:|1776415759\n|gametype|doubles\n|player|p1|DrakeDogg|roxie|1324\n|player|p2|yuemeimei|265|1346\n|gen|9\n|tier|[Gen 9 Champions] VGC 2026 Reg M-A\n|rated|\n|rule|Species Clause: Limit one of each Pok\u00e9mon\n|rule|Item Clause: Limit 1 of each item\n|clearpoke\n|poke|p1|Froslass, L50, F|\n|poke|p1|Sneasler, L50, F|\n|poke|p1|Greninja-*, L50, M|\n|poke|p1|Incineroar, L50, F|\n|poke|p1|Milotic, L50, M|\n|poke|p1|Volcarona, L50, F|\n|poke|p2|Gardevoir, L50, F|\n|poke|p2|Incineroar, L50, F|\n|poke|p2|Whimsicott, L50, M|\n|poke|p2|Kingambit, L50, M|\n|poke|p2|Garchomp, L50, F|\n|poke|p2|Sneasler, L50, F|\n|teampreview|4\n|inactive|Battle timer is ON: inactive players will automatically lose when time's up. (requested by DrakeDogg)\n|\n|t:|1776415782\n|teamsize|p1|4\n|teamsize|p2|4\n|start\n|switch|p1a: Froslass|Froslass, L50, F|100/100\n|switch|p1b: Sneasler|Sneasler, L50, F|100/100\n|switch|p2a: Whimsicott|Whimsicott, L50, M|100/100\n|switch|p2b: Gardevoir|Gardevoir, L50, F|100/100\n|-ability|p2b: Gardevoir|Cursed Body|Trace|[from] ability: Trace|[of] p1a: Froslass\n|turn|1\n|\n|t:|1776415793\n|detailschange|p1a: Froslass|Froslass-Mega, L50, F\n|-mega|p1a: Froslass|Froslass|Froslassite\n|-weather|Snowscape|[from] ability: Snow Warning|[of] p1a: Froslass\n|detailschange|p2b: Gardevoir|Gardevoir-Mega, L50, F\n|-mega|p2b: Gardevoir|Gardevoir|Gardevoirite\n|move|p1b: Sneasler|Fake Out|p2a: Whimsicott\n|-damage|p2a: Whimsicott|78/100\n|cant|p2a: Whimsicott|flinch\n|move|p1a: Froslass|Blizzard|p2a: Whimsicott|[spread] p2a,p2b\n|-supereffective|p2a: Whimsicott|1\n|-damage|p2a: Whimsicott|0 fnt\n|-damage|p2b: Gardevoir|63/100\n|faint|p2a: Whimsicott\n|move|p2b: Gardevoir|Psychic|p1b: Sneasler\n|-supereffective|p1b: Sneasler|2\n|-damage|p1b: Sneasler|0 fnt\n|faint|p1b: Sneasler\n|\n|-weather|Snowscape|[upkeep]\n|upkeep\n|\n|t:|1776415809\n|switch|p1b: Volcarona|Volcarona, L50, F|100/100\n|switch|p2a: Kingambit|Kingambit, L50, M|100/100\n|turn|2\n|\n|t:|1776415826\n|move|p2a: Kingambit|Sucker Punch||[still]\n|-fail|p2a: Kingambit\n|move|p1a: Froslass|Aurora Veil|p1a: Froslass\n|-sidestart|p1: DrakeDogg|move: Aurora Veil\n|move|p1b: Volcarona|Quiver Dance|p1b: Volcarona\n|-boost|p1b: Volcarona|spa|1\n|-boost|p1b: Volcarona|spd|1\n|-boost|p1b: Volcarona|spe|1\n|move|p2b: Gardevoir|Hyper Voice|p1b: Volcarona|[spread] p1a,p1b\n|-resisted|p1b: Volcarona|1\n|-damage|p1a: Froslass|59/100\n|-damage|p1b: Volcarona|90/100\n|\n|-weather|Snowscape|[upkeep]\n|-heal|p1b: Volcarona|96/100|[from] item: Leftovers\n|upkeep\n|turn|3\n|\n|t:|1776415842\n|switch|p2a: Garchomp|Garchomp, L50, F|100/100\n|move|p1a: Froslass|Protect|p1a: Froslass\n|-singleturn|p1a: Froslass|Protect\n|move|p1b: Volcarona|Heat Wave|p2a: Garchomp|[spread] p2a,p2b\n|-resisted|p2a: Garchomp|1\n|-crit|p2b: Gardevoir\n|-damage|p2a: Garchomp|74/100\n|-damage|p2b: Gardevoir|0 fnt\n|faint|p2b: Gardevoir\n|\n|-weather|Snowscape|[upkeep]\n|-heal|p1b: Volcarona|100/100|[from] item: Leftovers\n|upkeep\n|\n|t:|1776415849\n|switch|p2b: Kingambit|Kingambit, L50, M|100/100\n|turn|4\n|\n|t:|1776415863\n|move|p1a: Froslass|Protect||[still]\n|-fail|p1a: Froslass\n|move|p2b: Kingambit|Sucker Punch||[still]\n|-fail|p2b: Kingambit\n|move|p2a: Garchomp|Rock Slide|p1b: Volcarona|[spread] p1a,p1b\n|-supereffective|p1a: Froslass|1\n|-supereffective|p1b: Volcarona|2\n|-damage|p1a: Froslass|30/100\n|-damage|p1b: Volcarona|41/100\n|move|p1b: Volcarona|Heat Wave|p2b: Kingambit|[spread] p2a,p2b\n|-resisted|p2a: Garchomp|1\n|-supereffective|p2b: Kingambit|1\n|-damage|p2a: Garchomp|49/100\n|-damage|p2b: Kingambit|4/100\n|\n|-weather|Snowscape|[upkeep]\n|-heal|p1b: Volcarona|47/100|[from] item: Leftovers\n|upkeep\n|turn|5\n|\n|t:|1776415878\n|move|p1b: Volcarona|Protect|p1b: Volcarona\n|-singleturn|p1b: Volcarona|Protect\n|move|p2b: Kingambit|Sucker Punch||[still]\n|-fail|p2b: Kingambit\n|move|p2a: Garchomp|Rock Slide|p1b: Volcarona|[spread] p1a\n|-activate|p1b: Volcarona|move: Protect\n|-supereffective|p1a: Froslass|1\n|-damage|p1a: Froslass|2/100\n|move|p1a: Froslass|Blizzard|p2b: Kingambit|[spread] p2a,p2b\n|-supereffective|p2a: Garchomp|2\n|-resisted|p2b: Kingambit|1\n|-damage|p2a: Garchomp|0 fnt\n|-damage|p2b: Kingambit|0 fnt\n|faint|p2a: Garchomp\n|faint|p2b: Kingambit\n|\n|win|DrakeDogg\n|raw|DrakeDogg's rating: 1324 &rarr; <strong>1345</strong><br />(+21 for winning)\n|raw|yuemeimei's rating: 1346 &rarr; <strong>1325</strong><br />(-21 for losing)\n|l|\u2606yuemeimei\n|player|p2|\n",
  "uploadtime": 1776415893,
  "views": 33,
  "formatid": "gen9championsvgc2026regma",
  "rating": 1325,
  "private": 0,
  "password": null
}