{
  "id": "gen9championsvgc2026regma-2580802430",
  "format": "[Gen 9 Champions] VGC 2026 Reg M-A",
  "players": [
    "OTvoid",
    "actuary97"
  ],
  "log": "|j|\u203dOTvoid\n|j|\u2606actuary97\n|t:|1775933683\n|gametype|doubles\n|player|p1|OTvoid|266|1218\n|player|p2|actuary97|sabrina-frlg|1298\n|gen|9\n|tier|[Gen 9 Champions] VGC 2026 Reg M-A\n|rated|\n|rule|Species Clause: Limit one of each Pok\u00e9mon\n|rule|Item Clause: Limit 1 of each item\n|clearpoke\n|poke|p1|Charizard, L50, M|\n|poke|p1|Venusaur, L50, M|\n|poke|p1|Garchomp, L50, M|\n|poke|p1|Incineroar, L50, M|\n|poke|p1|Maushold-Four, L50|\n|poke|p1|Rotom-Wash, L50|\n|poke|p2|Tyranitar, L50, M|\n|poke|p2|Glimmora, L50, F|\n|poke|p2|Gallade, L50, M|\n|poke|p2|Sinistcha, L50|\n|poke|p2|Corviknight, L50, F|\n|poke|p2|Incineroar, L50, M|\n|teampreview|4\n|inactive|Battle timer is ON: inactive players will automatically lose when time's up. (requested by OTvoid)\n|inactive|actuary97 has 60 seconds left.\n|\n|t:|1775933720\n|teamsize|p1|4\n|teamsize|p2|4\n|start\n|switch|p1a: Charizard|Charizard, L50, M|100/100\n|switch|p1b: Garchomp|Garchomp, L50, M|100/100\n|switch|p2a: Gallade|Gallade, L50, M, shiny|100/100\n|switch|p2b: Incineroar|Incineroar, L50, M|100/100\n|-ability|p2b: Incineroar|Intimidate|boost\n|-unboost|p1a: Charizard|atk|1\n|-unboost|p1b: Garchomp|atk|1\n|turn|1\n|inactive|actuary97 has 30 seconds left.\n|\n|t:|1775933753\n|detailschange|p1a: Charizard|Charizard-Mega-Y, L50, M\n|-mega|p1a: Charizard|Charizard|Charizardite Y\n|-weather|SunnyDay|[from] ability: Drought|[of] p1a: Charizard\n|move|p1a: Charizard|Protect|p1a: Charizard\n|-singleturn|p1a: Charizard|Protect\n|move|p2a: Gallade|Protect|p2a: Gallade\n|-singleturn|p2a: Gallade|Protect\n|move|p1b: Garchomp|Earthquake|p2a: Gallade|[spread] p2b\n|-activate|p1a: Charizard|move: Protect\n|-activate|p2a: Gallade|move: Protect\n|-supereffective|p2b: Incineroar|1\n|-enditem|p2b: Incineroar|Shuca Berry|[eat]\n|-enditem|p2b: Incineroar|Shuca Berry|[weaken]\n|-damage|p2b: Incineroar|78/100\n|move|p2b: Incineroar|Will-O-Wisp|p1b: Garchomp\n|-status|p1b: Garchomp|brn\n|\n|-weather|SunnyDay|[upkeep]\n|-damage|p1b: Garchomp|95/100 brn|[from] brn\n|upkeep\n|turn|2\n|\n|t:|1775933771\n|switch|p2a: Tyranitar|Tyranitar, L50, M, shiny|100/100\n|-weather|Sandstorm|[from] ability: Sand Stream|[of] p2a: Tyranitar\n|move|p1b: Garchomp|Earthquake|p2a: Tyranitar|[spread] p2a,p2b\n|-immune|p1a: Charizard\n|-supereffective|p2a: Tyranitar|1\n|-supereffective|p2b: Incineroar|1\n|-damage|p2a: Tyranitar|78/100\n|-damage|p2b: Incineroar|54/100\n|move|p1a: Charizard|Weather Ball|p2a: Tyranitar\n|-damage|p2a: Tyranitar|56/100\n|move|p2b: Incineroar|Parting Shot|p1a: Charizard\n|-unboost|p1a: Charizard|atk|1\n|-unboost|p1a: Charizard|spa|1\n|\n|t:|1775933785\n|switch|p2b: Corviknight|Corviknight, L50, F|100/100|[from] Parting Shot\n|\n|-weather|Sandstorm|[upkeep]\n|-damage|p1a: Charizard|95/100|[from] Sandstorm\n|-damage|p1b: Garchomp|89/100 brn|[from] brn\n|upkeep\n|turn|3\n|inactive|OTvoid has 30 seconds left.\n|\n|t:|1775933815\n|switch|p1a: Incineroar|Incineroar, L50, M|100/100\n|-ability|p1a: Incineroar|Intimidate|boost\n|-unboost|p2a: Tyranitar|atk|1\n|-ability|p2b: Corviknight|Mirror Armor\n|-unboost|p1a: Incineroar|atk|1\n|detailschange|p2a: Tyranitar|Tyranitar-Mega, L50, M, shiny\n|-mega|p2a: Tyranitar|Tyranitar|Tyranitarite\n|move|p1b: Garchomp|Earthquake|p2a: Tyranitar|[spread] p1a,p2a\n|-immune|p2b: Corviknight\n|-supereffective|p1a: Incineroar|1\n|-supereffective|p2a: Tyranitar|1\n|-damage|p1a: Incineroar|72/100\n|-damage|p2a: Tyranitar|39/100\n|move|p2a: Tyranitar|Dragon Dance|p2a: Tyranitar\n|-boost|p2a: Tyranitar|atk|1\n|-boost|p2a: Tyranitar|spe|1\n|move|p2b: Corviknight|Tailwind|p2b: Corviknight\n|-sidestart|p2: actuary97|move: Tailwind\n|\n|-weather|Sandstorm|[upkeep]\n|-damage|p1a: Incineroar|66/100|[from] Sandstorm\n|-damage|p1b: Garchomp|83/100 brn|[from] brn\n|upkeep\n|turn|4\n|\n|t:|1775933825\n|switch|p2a: Incineroar|Incineroar, L50, M|54/100\n|-ability|p2a: Incineroar|Intimidate|boost\n|-unboost|p1a: Incineroar|atk|1\n|-unboost|p1b: Garchomp|atk|1\n|move|p1b: Garchomp|Earthquake|p2b: Corviknight|[spread] p1a,p2a\n|-immune|p2b: Corviknight\n|-supereffective|p1a: Incineroar|1\n|-supereffective|p2a: Incineroar|1\n|-damage|p1a: Incineroar|47/100\n|-damage|p2a: Incineroar|36/100\n|move|p2b: Corviknight|Bulk Up|p2b: Corviknight\n|-boost|p2b: Corviknight|atk|1\n|-boost|p2b: Corviknight|def|1\n|move|p1a: Incineroar|Flare Blitz|p2b: Corviknight\n|-supereffective|p2b: Corviknight|1\n|-damage|p2b: Corviknight|74/100\n|-damage|p1a: Incineroar|38/100|[from] Recoil\n|\n|-weather|Sandstorm|[upkeep]\n|-damage|p2a: Incineroar|30/100|[from] Sandstorm\n|-damage|p1a: Incineroar|32/100|[from] Sandstorm\n|-heal|p2b: Corviknight|80/100|[from] item: Leftovers\n|-damage|p1b: Garchomp|77/100 brn|[from] brn\n|upkeep\n|turn|5\n|\n|t:|1775933844\n|switch|p1a: Charizard|Charizard-Mega-Y, L50, M|95/100\n|-weather|SunnyDay|[from] ability: Drought|[of] p1a: Charizard\n|move|p2a: Incineroar|Fake Out|p1a: Charizard\n|-damage|p1a: Charizard|79/100\n|move|p1b: Garchomp|Earthquake|p2b: Corviknight|[spread] p2a\n|-immune|p1a: Charizard\n|-immune|p2b: Corviknight\n|-supereffective|p2a: Incineroar|1\n|-damage|p2a: Incineroar|10/100\n|move|p2b: Corviknight|Bulk Up|p2b: Corviknight\n|-boost|p2b: Corviknight|atk|1\n|-boost|p2b: Corviknight|def|1\n|\n|-weather|SunnyDay|[upkeep]\n|-heal|p2b: Corviknight|86/100|[from] item: Leftovers\n|-damage|p1b: Garchomp|71/100 brn|[from] brn\n|upkeep\n|turn|6\n|\n|t:|1775933862\n|switch|p2a: Tyranitar|Tyranitar-Mega, L50, M, shiny|39/100\n|-weather|Sandstorm|[from] ability: Sand Stream|[of] p2a: Tyranitar\n|move|p1a: Charizard|Protect|p1a: Charizard\n|-singleturn|p1a: Charizard|Protect\n|move|p1b: Garchomp|Earthquake|p2b: Corviknight|[spread] p2a\n|-activate|p1a: Charizard|move: Protect\n|-immune|p2b: Corviknight\n|-supereffective|p2a: Tyranitar|1\n|-damage|p2a: Tyranitar|27/100\n|move|p2b: Corviknight|Brave Bird|p1a: Charizard\n|-activate|p1a: Charizard|move: Protect\n|\n|-weather|Sandstorm|[upkeep]\n|-damage|p1a: Charizard|73/100|[from] Sandstorm\n|-heal|p2b: Corviknight|92/100|[from] item: Leftovers\n|-damage|p1b: Garchomp|65/100 brn|[from] brn\n|-sideend|p2: actuary97|move: Tailwind\n|upkeep\n|turn|7\n|\n|t:|1775933876\n|switch|p1a: Incineroar|Incineroar, L50, M|32/100\n|-ability|p1a: Incineroar|Intimidate|boost\n|-unboost|p2a: Tyranitar|atk|1\n|-ability|p2b: Corviknight|Mirror Armor\n|-unboost|p1a: Incineroar|atk|1\n|move|p1b: Garchomp|Earthquake|p2a: Tyranitar|[spread] p1a,p2a\n|-immune|p2b: Corviknight\n|-supereffective|p1a: Incineroar|1\n|-supereffective|p2a: Tyranitar|1\n|-damage|p1a: Incineroar|13/100\n|-damage|p2a: Tyranitar|13/100\n|move|p2a: Tyranitar|Dragon Dance|p2a: Tyranitar\n|-boost|p2a: Tyranitar|atk|1\n|-boost|p2a: Tyranitar|spe|1\n|move|p2b: Corviknight|Tailwind|p2b: Corviknight\n|-sidestart|p2: actuary97|move: Tailwind\n|\n|-weather|Sandstorm|[upkeep]\n|-damage|p1a: Incineroar|7/100|[from] Sandstorm\n|-heal|p2b: Corviknight|98/100|[from] item: Leftovers\n|-damage|p1b: Garchomp|59/100 brn|[from] brn\n|upkeep\n|turn|8\n|\n|t:|1775933897\n|switch|p2a: Gallade|Gallade, L50, M, shiny|100/100\n|move|p1a: Incineroar|Fake Out|p2b: Corviknight\n|-resisted|p2b: Corviknight|1\n|-damage|p2b: Corviknight|96/100\n|move|p1b: Garchomp|Earthquake|p2b: Corviknight|[spread] p1a,p2a\n|-immune|p2b: Corviknight\n|-supereffective|p1a: Incineroar|1\n|-damage|p1a: Incineroar|0 fnt\n|-damage|p2a: Gallade|82/100\n|faint|p1a: Incineroar\n|cant|p2b: Corviknight|flinch\n|\n|-weather|Sandstorm|[upkeep]\n|-damage|p2a: Gallade|76/100|[from] Sandstorm\n|-heal|p2b: Corviknight|100/100|[from] item: Leftovers\n|-damage|p1b: Garchomp|53/100 brn|[from] brn\n|upkeep\n|\n|t:|1775933901\n|switch|p1a: Charizard|Charizard-Mega-Y, L50, M|73/100\n|-weather|SunnyDay|[from] ability: Drought|[of] p1a: Charizard\n|turn|9\n|\n|t:|1775933912\n|move|p2a: Gallade|Psycho Cut|p1a: Charizard\n|-crit|p1a: Charizard\n|-damage|p1a: Charizard|0 fnt\n|faint|p1a: Charizard\n|move|p1b: Garchomp|Earthquake|p2b: Corviknight|[spread] p2a\n|-immune|p2b: Corviknight\n|-damage|p2a: Gallade|59/100\n|move|p2b: Corviknight|Brave Bird|p1b: Garchomp\n|-damage|p1b: Garchomp|0 fnt\n|-damage|p2b: Corviknight|88/100|[from] ability: Rough Skin|[of] p1b: Garchomp\n|faint|p1b: Garchomp\n|-damage|p2b: Corviknight|73/100|[from] Recoil\n|\n|-weather|SunnyDay|[upkeep]\n|-heal|p2b: Corviknight|79/100|[from] item: Leftovers\n|upkeep\n|\n|t:|1775933915\n|switch|p1b: Venusaur|Venusaur, L50, M|100/100\n|turn|10\n|-message|OTvoid forfeited.\n|\n|win|actuary97\n|raw|OTvoid's rating: 1218 &rarr; <strong>1199</strong><br />(-19 for losing)\n|raw|actuary97's rating: 1298 &rarr; <strong>1317</strong><br />(+19 for winning)\n|l|\u203dOTvoid\n|player|p1|\n",
  "uploadtime": 1775933947,
  "views": 33,
  "formatid": "gen9championsvgc2026regma",
  "rating": 1199,
  "private": 0,
  "password": null
}