{
  "id": "gen9championsvgc2026regma-2589415362",
  "format": "[Gen 9 Champions] VGC 2026 Reg M-A",
  "players": [
    "coldrollin",
    "top donut 26"
  ],
  "log": "|j|\u2606coldrollin\n|j|\u2606top donut 26\n|t:|1776721066\n|gametype|doubles\n|player|p1|coldrollin|bugcatcher-gen4dp|1084\n|player|p2|top donut 26|170|1176\n|gen|9\n|tier|[Gen 9 Champions] VGC 2026 Reg M-A\n|rated|\n|rule|Species Clause: Limit one of each Pok\u00e9mon\n|rule|Item Clause: Limit 1 of each item\n|clearpoke\n|poke|p1|Polteageist, L50, shiny|\n|poke|p1|Clefable, L50, M|\n|poke|p1|Zoroark-Hisui, L50, F|\n|poke|p1|Passimian, L50, F|\n|poke|p1|Klefki, L50, F|\n|poke|p1|Samurott-Hisui, L50, F|\n|poke|p2|Floette-Eternal, L50, F|\n|poke|p2|Incineroar, L50, M|\n|poke|p2|Whimsicott, L50, M|\n|poke|p2|Palafin, L50, F|\n|poke|p2|Farigiraf, L50, M|\n|poke|p2|Ditto, L50|\n|teampreview|4\n|inactive|Battle timer is ON: inactive players will automatically lose when time's up. (requested by top donut 26)\n|inactive|coldrollin has 60 seconds left.\n|\n|t:|1776721099\n|teamsize|p1|4\n|teamsize|p2|4\n|start\n|switch|p1a: Passimian|Passimian, L50, F|100/100\n|switch|p1b: Clefable|Clefable, L50, M|100/100\n|switch|p2a: Incineroar|Incineroar, L50, M|100/100\n|switch|p2b: Whimsicott|Whimsicott, L50, M|100/100\n|-ability|p2a: Incineroar|Intimidate|boost\n|-unboost|p1a: Passimian|atk|1\n|-ability|p1a: Passimian|Defiant|boost\n|-boost|p1a: Passimian|atk|2\n|-unboost|p1b: Clefable|atk|1\n|turn|1\n|inactive|top donut 26 has 30 seconds left.\n|\n|t:|1776721129\n|detailschange|p1b: Clefable|Clefable-Mega, L50, M\n|-mega|p1b: Clefable|Clefable|Clefablite\n|move|p1a: Passimian|Quick Guard|p1a: Passimian\n|-singleturn|p1a: Passimian|Quick Guard\n|move|p2a: Incineroar|Fake Out|p1a: Passimian\n|-activate|p1a: Passimian|move: Quick Guard\n|move|p2b: Whimsicott|Moonblast|p1a: Passimian\n|-supereffective|p1a: Passimian|1\n|-damage|p1a: Passimian|4/100\n|move|p1b: Clefable|Encore|p2b: Whimsicott\n|-start|p2b: Whimsicott|Encore\n|\n|-heal|p1a: Passimian|10/100|[from] item: Leftovers\n|upkeep\n|turn|2\n|\n|t:|1776721152\n|move|p1b: Clefable|Follow Me|p1b: Clefable\n|-singleturn|p1b: Clefable|move: Follow Me\n|move|p2b: Whimsicott|Moonblast|p1b: Clefable\n|-damage|p1b: Clefable|74/100\n|move|p1a: Passimian|Drain Punch|p2a: Incineroar\n|-supereffective|p2a: Incineroar|1\n|-damage|p2a: Incineroar|10/100\n|-heal|p1a: Passimian|62/100|[from] drain|[of] p2a: Incineroar\n|move|p2a: Incineroar|Parting Shot|p1b: Clefable\n|move|p1b: Clefable|Parting Shot|p2a: Incineroar|[from] ability: Magic Bounce\n|-unboost|p2a: Incineroar|atk|1\n|-unboost|p2a: Incineroar|spa|1\n|inactive|coldrollin has 30 seconds left.\n|inactive|coldrollin has 20 seconds left.\n|inactive|coldrollin has 15 seconds left.\n|\n|t:|1776721195\n|switch|p1b: Klefki|Klefki, L50, F|100/100|[from] Parting Shot\n|\n|-heal|p1a: Passimian|68/100|[from] item: Leftovers\n|upkeep\n|turn|3\n|\n|t:|1776721209\n|switch|p1a: Clefable|Clefable-Mega, L50, M|74/100\n|switch|p2a: Ditto|Ditto, L50|100/100\n|-transform|p2a: Ditto|p1b: Klefki|[from] ability: Imposter\n|move|p2b: Whimsicott|Moonblast|p1a: Clefable\n|-damage|p1a: Clefable|44/100\n|move|p1b: Klefki|Dazzling Gleam|p2a: Ditto|[spread] p2a,p2b\n|-resisted|p2a: Ditto|1\n|-crit|p2a: Ditto\n|-damage|p2a: Ditto|83/100\n|-damage|p2b: Whimsicott|71/100\n|\n|upkeep\n|turn|4\n|inactive|coldrollin has 30 seconds left.\n|inactive|coldrollin has 20 seconds left.\n|\n|t:|1776721247\n|move|p2b: Whimsicott|Moonblast|p1a: Clefable\n|-damage|p1a: Clefable|15/100\n|move|p2a: Ditto|Dazzling Gleam|p1b: Klefki|[spread] p1a,p1b\n|-resisted|p1b: Klefki|1\n|-damage|p1a: Clefable|0 fnt\n|-damage|p1b: Klefki|90/100\n|faint|p1a: Clefable\n|move|p1b: Klefki|Dazzling Gleam|p2b: Whimsicott|[spread] p2a,p2b\n|-resisted|p2a: Ditto|1\n|-damage|p2a: Ditto|71/100\n|-damage|p2b: Whimsicott|43/100\n|\n|-end|p2b: Whimsicott|Encore\n|upkeep\n|\n|t:|1776721253\n|switch|p1a: Polteageist|Polteageist, L50, shiny|100/100\n|turn|5\n|\n|t:|1776721274\n|move|p2b: Whimsicott|Protect|p2b: Whimsicott\n|-singleturn|p2b: Whimsicott|Protect\n|move|p1b: Klefki|Imprison|p1b: Klefki\n|-start|p1b: Klefki|move: Imprison\n|move|p1a: Polteageist|Shell Smash|p1a: Polteageist\n|-unboost|p1a: Polteageist|def|1\n|-unboost|p1a: Polteageist|spd|1\n|-boost|p1a: Polteageist|atk|2\n|-boost|p1a: Polteageist|spa|2\n|-boost|p1a: Polteageist|spe|2\n|-enditem|p1a: Polteageist|White Herb\n|-clearnegativeboost|p1a: Polteageist|[silent]\n|cant|p2a: Ditto|move: Imprison|Dazzling Gleam\n|\n|upkeep\n|turn|6\n|inactive|coldrollin has 30 seconds left.\n|\n|t:|1776721304\n|switch|p2a: Floette|Floette-Eternal, L50, F|100/100\n|move|p2b: Whimsicott|Encore|p1a: Polteageist\n|-start|p1a: Polteageist|Encore\n|move|p1b: Klefki|Psych Up|p1a: Polteageist\n|-copyboost|p1b: Klefki|p1a: Polteageist|[from] move: Psych Up\n|move|p1a: Polteageist|Shell Smash|p1a: Polteageist\n|-unboost|p1a: Polteageist|def|1\n|-unboost|p1a: Polteageist|spd|1\n|-boost|p1a: Polteageist|atk|2\n|-boost|p1a: Polteageist|spa|2\n|-boost|p1a: Polteageist|spe|2\n|\n|upkeep\n|turn|7\n|\n|t:|1776721320\n|switch|p1a: Passimian|Passimian, L50, F|68/100\n|detailschange|p2a: Floette|Floette-Mega, L50, F\n|-mega|p2a: Floette|Floette|Floettite\n|-ability|p2a: Floette|Fairy Aura\n|move|p2b: Whimsicott|Encore|p1b: Klefki\n|-start|p1b: Klefki|Encore\n|move|p1b: Klefki|Psych Up|p2b: Whimsicott\n|-copyboost|p1b: Klefki|p2b: Whimsicott|[from] move: Psych Up\n|move|p2a: Floette|Moonblast|p1a: Passimian\n|-supereffective|p1a: Passimian|1\n|-damage|p1a: Passimian|0 fnt\n|faint|p1a: Passimian\n|\n|upkeep\n|\n|t:|1776721332\n|switch|p1a: Polteageist|Polteageist, L50, shiny|100/100\n|turn|8\n|-message|coldrollin forfeited.\n|\n|win|top donut 26\n|raw|coldrollin's rating: 1084 &rarr; <strong>1067</strong><br />(-17 for losing)\n|raw|top donut 26's rating: 1176 &rarr; <strong>1195</strong><br />(+19 for winning)\n|l|\u2606coldrollin\n|player|p1|\n",
  "uploadtime": 1776721347,
  "views": 4,
  "formatid": "gen9championsvgc2026regma",
  "rating": 1067,
  "private": 0,
  "password": null
}