{
  "id": "gen9championsvgc2026regma-2582506364",
  "format": "[Gen 9 Champions] VGC 2026 Reg M-A",
  "players": [
    "balacobbaco",
    "Isidino"
  ],
  "log": "|j|\u2606balacobbaco\n|j|\u2606Isidino\n|t:|1776096041\n|gametype|doubles\n|player|p1|balacobbaco|102|1094\n|player|p2|Isidino|102|1091\n|gen|9\n|tier|[Gen 9 Champions] VGC 2026 Reg M-A\n|rated|\n|rule|Species Clause: Limit one of each Pok\u00e9mon\n|rule|Item Clause: Limit 1 of each item\n|clearpoke\n|poke|p1|Lycanroc, L50, F|\n|poke|p1|Corviknight, L50, F|\n|poke|p1|Whimsicott, L50, F|\n|poke|p1|Manectric, L50, M|\n|poke|p1|Meowscarada, L50, M|\n|poke|p1|Aegislash, L50, M|\n|poke|p2|Charizard, L50, M|\n|poke|p2|Whimsicott, L50, F|\n|poke|p2|Venusaur, L50, F|\n|poke|p2|Dragonite, L50, M|\n|poke|p2|Sneasler, L50, M|\n|poke|p2|Torkoal, L50, F|\n|teampreview|4\n|inactive|Battle timer is ON: inactive players will automatically lose when time's up. (requested by Isidino)\n|inactive|Isidino has 60 seconds left.\n|\n|t:|1776096089\n|teamsize|p1|4\n|teamsize|p2|4\n|start\n|switch|p1a: Manectric|Manectric, L50, M|100/100\n|switch|p1b: Whimsicott|Whimsicott, L50, F|100/100\n|switch|p2a: Charizard|Charizard, L50, M, shiny|100/100\n|switch|p2b: Venusaur|Venusaur, L50, F|100/100\n|turn|1\n|\n|t:|1776096102\n|detailschange|p1a: Manectric|Manectric-Mega, L50, M\n|-mega|p1a: Manectric|Manectric|Manectite\n|-ability|p1a: Manectric|Intimidate|boost\n|-unboost|p2a: Charizard|atk|1\n|-unboost|p2b: Venusaur|atk|1\n|move|p2a: Charizard|Protect|p2a: Charizard\n|-singleturn|p2a: Charizard|Protect\n|move|p1b: Whimsicott|Tailwind|p1b: Whimsicott\n|-sidestart|p1: balacobbaco|move: Tailwind\n|move|p1a: Manectric|Overheat|p2b: Venusaur\n|-supereffective|p2b: Venusaur|1\n|-damage|p2b: Venusaur|0 fnt\n|-unboost|p1a: Manectric|spa|2\n|faint|p2b: Venusaur\n|\n|upkeep\n|inactive|Isidino has 30 seconds left.\n|\n|t:|1776096130\n|switch|p2b: Whimsicott|Whimsicott, L50, F, shiny|100/100\n|turn|2\n|\n|t:|1776096139\n|detailschange|p2a: Charizard|Charizard-Mega-Y, L50, M, shiny\n|-mega|p2a: Charizard|Charizard|Charizardite Y\n|-weather|SunnyDay|[from] ability: Drought|[of] p2a: Charizard\n|move|p1b: Whimsicott|Encore|p2a: Charizard\n|-start|p2a: Charizard|Encore\n|move|p2a: Charizard|Protect||[still]\n|-fail|p2a: Charizard\n|move|p2b: Whimsicott|Tailwind|p2b: Whimsicott\n|-sidestart|p2: Isidino|move: Tailwind\n|move|p1a: Manectric|Volt Switch|p2a: Charizard\n|-supereffective|p2a: Charizard|1\n|-damage|p2a: Charizard|60/100\n|\n|t:|1776096150\n|switch|p1a: Lycanroc|Lycanroc, L50, F|100/100|[from] Volt Switch\n|\n|-weather|SunnyDay|[upkeep]\n|upkeep\n|turn|3\n|\n|t:|1776096159\n|switch|p2a: Sneasler|Sneasler, L50, M|100/100\n|move|p2b: Whimsicott|Encore||[still]\n|-fail|p2b: Whimsicott\n|move|p1a: Lycanroc|Rock Slide|p2b: Whimsicott|[spread] p2a,p2b\n|-resisted|p2a: Sneasler|1\n|-damage|p2a: Sneasler|79/100\n|-damage|p2b: Whimsicott|61/100\n|move|p1b: Whimsicott|Moonblast|p2b: Whimsicott\n|-damage|p2b: Whimsicott|0 fnt\n|faint|p2b: Whimsicott\n|\n|-weather|SunnyDay|[upkeep]\n|upkeep\n|c|\u2606Isidino|HAHAHHAHA\n|\n|t:|1776096169\n|switch|p2b: Charizard|Charizard-Mega-Y, L50, M, shiny|60/100\n|turn|4\n|\n|t:|1776096182\n|move|p1b: Whimsicott|Protect|p1b: Whimsicott\n|-singleturn|p1b: Whimsicott|Protect\n|move|p2a: Sneasler|Fake Out|p1a: Lycanroc\n|-resisted|p1a: Lycanroc|1\n|-damage|p1a: Lycanroc|89/100\n|cant|p1a: Lycanroc|flinch\n|-ability|p1a: Lycanroc|Steadfast|boost\n|-boost|p1a: Lycanroc|spe|1\n|move|p2b: Charizard|Heat Wave|p1b: Whimsicott|[spread] p1a\n|-activate|p1b: Whimsicott|move: Protect\n|-resisted|p1a: Lycanroc|1\n|-damage|p1a: Lycanroc|37/100\n|\n|-weather|SunnyDay|[upkeep]\n|-sideend|p1: balacobbaco|move: Tailwind\n|upkeep\n|turn|5\n|\n|t:|1776096198\n|move|p2b: Charizard|Protect|p2b: Charizard\n|-singleturn|p2b: Charizard|Protect\n|move|p1b: Whimsicott|Tailwind|p1b: Whimsicott\n|-sidestart|p1: balacobbaco|move: Tailwind\n|move|p1a: Lycanroc|Psychic Fangs|p2a: Sneasler\n|-supereffective|p2a: Sneasler|2\n|-damage|p2a: Sneasler|0 fnt\n|faint|p2a: Sneasler\n|\n|-weather|SunnyDay|[upkeep]\n|-sideend|p2: Isidino|move: Tailwind\n|upkeep\n|turn|6\n|-message|Isidino forfeited.\n|\n|win|balacobbaco\n|raw|balacobbaco's rating: 1094 &rarr; <strong>1120</strong><br />(+26 for winning)\n|raw|Isidino's rating: 1091 &rarr; <strong>1068</strong><br />(-23 for losing)\n",
  "uploadtime": 1776096209,
  "views": 12,
  "formatid": "gen9championsvgc2026regma",
  "rating": 1068,
  "private": 0,
  "password": null
}