{
  "id": "gen9championsvgc2026regma-2588747352",
  "format": "[Gen 9 Champions] VGC 2026 Reg M-A",
  "players": [
    "Kiki_the_Tiki",
    "speedyturtle87"
  ],
  "log": "|j|\u2606Kiki_the_Tiki\n|j|\u2606speedyturtle87\n|t:|1776665459\n|gametype|doubles\n|player|p1|Kiki_the_Tiki|ninjaboy|1511\n|player|p2|speedyturtle87|canari|1566\n|gen|9\n|tier|[Gen 9 Champions] VGC 2026 Reg M-A\n|rated|\n|rule|Species Clause: Limit one of each Pok\u00e9mon\n|rule|Item Clause: Limit 1 of each item\n|clearpoke\n|poke|p1|Tyranitar, L50, F|\n|poke|p1|Excadrill, L50, M|\n|poke|p1|Golurk, L50|\n|poke|p1|Farigiraf, L50, F|\n|poke|p1|Incineroar, L50, M|\n|poke|p1|Corviknight, L50, M|\n|poke|p2|Aerodactyl, L50, F|\n|poke|p2|Meganium, L50, F|\n|poke|p2|Diggersby, L50, M|\n|poke|p2|Kingambit, L50, F|\n|poke|p2|Rotom-Wash, L50|\n|poke|p2|Sneasler, L50, F|\n|teampreview|4\n|inactive|Battle timer is ON: inactive players will automatically lose when time's up. (requested by speedyturtle87)\n|inactive|Kiki_the_Tiki also wants the timer to be on.\n|inactive|speedyturtle87 has 60 seconds left.\n|\n|t:|1776665501\n|teamsize|p1|4\n|teamsize|p2|4\n|start\n|switch|p1a: Incineroar|Incineroar, L50, M|100/100\n|switch|p1b: Farigiraf|Farigiraf, L50, F|100/100\n|switch|p2a: Sneasler|Sneasler, L50, F|100/100\n|switch|p2b: Diggersby|Diggersby, L50, M|100/100\n|-ability|p1a: Incineroar|Intimidate|boost\n|-unboost|p2a: Sneasler|atk|1\n|-unboost|p2b: Diggersby|atk|1\n|-enditem|p2a: Sneasler|White Herb\n|-clearnegativeboost|p2a: Sneasler|[silent]\n|turn|1\n|\n|t:|1776665515\n|move|p1a: Incineroar|Fake Out|p2a: Sneasler\n|-damage|p2a: Sneasler|81/100\n|cant|p2a: Sneasler|flinch\n|move|p2b: Diggersby|Body Slam|p1b: Farigiraf\n|-damage|p1b: Farigiraf|63/100\n|move|p1b: Farigiraf|Trick Room|p1b: Farigiraf\n|-fieldstart|move: Trick Room|[of] p1b: Farigiraf\n|\n|upkeep\n|turn|2\n|\n|t:|1776665539\n|switch|p2a: Rotom|Rotom-Wash, L50|100/100\n|move|p1b: Farigiraf|Psychic|p2a: Rotom\n|-damage|p2a: Rotom|57/100\n|move|p1a: Incineroar|Parting Shot|p2b: Diggersby\n|-unboost|p2b: Diggersby|atk|1\n|-unboost|p2b: Diggersby|spa|1\n|\n|t:|1776665547\n|switch|p1a: Golurk|Golurk, L50|100/100|[from] Parting Shot\n|move|p2b: Diggersby|Body Slam|p1b: Farigiraf\n|-damage|p1b: Farigiraf|36/100\n|\n|-heal|p2a: Rotom|62/100|[from] item: Leftovers\n|upkeep\n|turn|3\n|\n|t:|1776665561\n|switch|p1b: Corviknight|Corviknight, L50, M|100/100\n|detailschange|p1a: Golurk|Golurk-Mega, L50\n|-mega|p1a: Golurk|Golurk|Golurkite\n|move|p1a: Golurk|Poltergeist|p2a: Rotom|[miss]\n|-miss|p1a: Golurk|p2a: Rotom\n|move|p2a: Rotom|Will-O-Wisp|p1a: Golurk\n|-status|p1a: Golurk|brn\n|move|p2b: Diggersby|Body Slam|p1b: Corviknight\n|-resisted|p1b: Corviknight|1\n|-damage|p1b: Corviknight|89/100\n|-status|p1b: Corviknight|par\n|\n|-heal|p1b: Corviknight|95/100 par|[from] item: Leftovers\n|-heal|p2a: Rotom|68/100|[from] item: Leftovers\n|-damage|p1a: Golurk|94/100 brn|[from] brn\n|upkeep\n|turn|4\n|\n|t:|1776665581\n|switch|p2b: Sneasler|Sneasler, L50, F|81/100\n|move|p2a: Rotom|Protect|p2a: Rotom\n|-singleturn|p2a: Rotom|Protect\n|cant|p1b: Corviknight|par\n|move|p1a: Golurk|Poltergeist|p2a: Rotom\n|-activate|p2a: Rotom|move: Protect\n|\n|-heal|p1b: Corviknight|100/100 par|[from] item: Leftovers\n|-heal|p2a: Rotom|74/100|[from] item: Leftovers\n|-damage|p1a: Golurk|88/100 brn|[from] brn\n|upkeep\n|turn|5\n|inactive|speedyturtle87 has 30 seconds left.\n|\n|t:|1776665609\n|switch|p2b: Diggersby|Diggersby, L50, M|100/100\n|move|p1b: Corviknight|Tailwind|p1b: Corviknight\n|-sidestart|p1: Kiki_the_Tiki|move: Tailwind\n|move|p1a: Golurk|Headlong Rush|p2b: Diggersby\n|-crit|p2b: Diggersby\n|-damage|p2b: Diggersby|13/100\n|-unboost|p1a: Golurk|def|1\n|-unboost|p1a: Golurk|spd|1\n|move|p2a: Rotom|Volt Switch|p1b: Corviknight\n|-supereffective|p1b: Corviknight|1\n|-damage|p1b: Corviknight|64/100 par\n|\n|t:|1776665620\n|switch|p2a: Meganium|Meganium, L50, F|100/100|[from] Volt Switch\n|\n|-heal|p1b: Corviknight|70/100 par|[from] item: Leftovers\n|-damage|p1a: Golurk|82/100 brn|[from] brn\n|-fieldend|move: Trick Room\n|upkeep\n|turn|6\n|\n|t:|1776665632\n|switch|p1a: Incineroar|Incineroar, L50, M|100/100\n|-ability|p1a: Incineroar|Intimidate|boost\n|-unboost|p2a: Meganium|atk|1\n|-unboost|p2b: Diggersby|atk|1\n|detailschange|p2a: Meganium|Meganium-Mega, L50, F\n|-mega|p2a: Meganium|Meganium|Meganiumite\n|move|p2b: Diggersby|High Horsepower|p1b: Corviknight\n|-immune|p1b: Corviknight\n|move|p2a: Meganium|Weather Ball|p1b: Corviknight\n|-supereffective|p1b: Corviknight|1\n|-damage|p1b: Corviknight|0 fnt\n|faint|p1b: Corviknight\n|\n|upkeep\n|\n|t:|1776665645\n|switch|p1b: Farigiraf|Farigiraf, L50, F|36/100\n|turn|7\n|\n|t:|1776665651\n|switch|p2b: Rotom|Rotom-Wash, L50|74/100\n|move|p2a: Meganium|Protect|p2a: Meganium\n|-singleturn|p2a: Meganium|Protect\n|move|p1a: Incineroar|Flare Blitz|p2a: Meganium\n|-activate|p2a: Meganium|move: Protect\n|move|p1b: Farigiraf|Hyper Voice|p2a: Meganium|[spread] p2b\n|-activate|p2a: Meganium|move: Protect\n|-damage|p2b: Rotom|41/100\n|\n|-heal|p2b: Rotom|47/100|[from] item: Leftovers\n|upkeep\n|turn|8\n|\n|t:|1776665665\n|switch|p2a: Diggersby|Diggersby, L50, M|13/100\n|move|p1a: Incineroar|Flare Blitz|p2a: Diggersby\n|-damage|p2a: Diggersby|0 fnt\n|faint|p2a: Diggersby\n|-damage|p1a: Incineroar|97/100|[from] Recoil\n|move|p1b: Farigiraf|Psychic|p2b: Rotom\n|-damage|p2b: Rotom|3/100\n|move|p2b: Rotom|Volt Switch|p1b: Farigiraf\n|-damage|p1b: Farigiraf|13/100\n|\n|t:|1776665678\n|switch|p2b: Sneasler|Sneasler, L50, F|81/100|[from] Volt Switch\n|\n|-sideend|p1: Kiki_the_Tiki|move: Tailwind\n|upkeep\n|\n|t:|1776665679\n|switch|p2a: Rotom|Rotom-Wash, L50|3/100\n|turn|9\n|\n|t:|1776665690\n|switch|p1a: Golurk|Golurk-Mega, L50|82/100 brn\n|move|p2b: Sneasler|Dire Claw|p1b: Farigiraf\n|-damage|p1b: Farigiraf|0 fnt\n|faint|p1b: Farigiraf\n|move|p2a: Rotom|Hydro Pump|p1a: Golurk\n|-supereffective|p1a: Golurk|1\n|-damage|p1a: Golurk|5/100 brn\n|\n|-heal|p2a: Rotom|9/100|[from] item: Leftovers\n|-damage|p1a: Golurk|0 fnt|[from] brn\n|faint|p1a: Golurk\n|upkeep\n|-message|Kiki_the_Tiki forfeited.\n|\n|win|speedyturtle87\n|raw|Kiki_the_Tiki's rating: 1511 &rarr; <strong>1494</strong><br />(-17 for losing)\n|raw|speedyturtle87's rating: 1566 &rarr; <strong>1583</strong><br />(+17 for winning)\n|l|\u2606Kiki_the_Tiki\n|player|p1|\n|l|\u2606speedyturtle87\n|player|p2|\n",
  "uploadtime": 1776665708,
  "views": 11,
  "formatid": "gen9championsvgc2026regma",
  "rating": 1494,
  "private": 0,
  "password": null
}