{
  "id": "gen9championsvgc2026regma-2583913814",
  "format": "[Gen 9 Champions] VGC 2026 Reg M-A",
  "players": [
    "sonnervik",
    "littlepantsu"
  ],
  "log": "|j|\u2606sonnervik\n|j|\u2606littlepantsu\n|t:|1776207815\n|gametype|doubles\n|player|p1|sonnervik|169|1112\n|player|p2|littlepantsu|n|1110\n|gen|9\n|tier|[Gen 9 Champions] VGC 2026 Reg M-A\n|rated|\n|rule|Species Clause: Limit one of each Pok\u00e9mon\n|rule|Item Clause: Limit 1 of each item\n|clearpoke\n|poke|p1|Banette, L50, M|\n|poke|p1|Dragapult, L50, F|\n|poke|p1|Basculegion, L50, M|\n|poke|p1|Politoed, L50, F|\n|poke|p1|Medicham, L50, M|\n|poke|p1|Raichu, L50, M|\n|poke|p2|Charizard, L50, M|\n|poke|p2|Typhlosion-Hisui, L50, F|\n|poke|p2|Whimsicott, L50, M|\n|poke|p2|Garchomp, L50, F|\n|poke|p2|Kingambit, L50, M|\n|poke|p2|Kommo-o, L50, M|\n|teampreview|4\n|\n|t:|1776207845\n|teamsize|p1|4\n|teamsize|p2|4\n|start\n|switch|p1a: Banette|Banette, L50, M|100/100\n|switch|p1b: Medicham|Medicham, L50, M|100/100\n|switch|p2a: Whimsicott|Whimsicott, L50, M|100/100\n|switch|p2b: Charizard|Charizard, L50, M|100/100\n|turn|1\n|\n|t:|1776207864\n|detailschange|p2b: Charizard|Charizard-Mega-Y, L50, M\n|-mega|p2b: Charizard|Charizard|Charizardite Y\n|-weather|SunnyDay|[from] ability: Drought|[of] p2b: Charizard\n|detailschange|p1a: Banette|Banette-Mega, L50, M\n|-mega|p1a: Banette|Banette|Banettite\n|move|p2b: Charizard|Protect|p2b: Charizard\n|-singleturn|p2b: Charizard|Protect\n|move|p2a: Whimsicott|Tailwind|p2a: Whimsicott\n|-sidestart|p2: littlepantsu|move: Tailwind\n|move|p1b: Medicham|Trick|p2a: Whimsicott\n|-activate|p1b: Medicham|move: Trick|[of] p2a: Whimsicott\n|-item|p2a: Whimsicott|Choice Scarf|[from] move: Trick\n|-item|p1b: Medicham|Focus Sash|[from] move: Trick\n|move|p1a: Banette|Poltergeist|p2b: Charizard\n|-activate|p2b: Charizard|move: Protect\n|\n|-weather|SunnyDay|[upkeep]\n|upkeep\n|turn|2\n|\n|t:|1776207887\n|switch|p1b: Politoed|Politoed, L50, F|100/100\n|-weather|RainDance|[from] ability: Drizzle|[of] p1b: Politoed\n|move|p2a: Whimsicott|Moonblast|p1b: Politoed\n|-damage|p1b: Politoed|77/100\n|move|p2b: Charizard|Heat Wave|p1b: Politoed|[spread] p1a,p1b\n|-resisted|p1b: Politoed|1\n|-damage|p1a: Banette|69/100\n|-damage|p1b: Politoed|68/100\n|-status|p1b: Politoed|brn\n|move|p1a: Banette|Poltergeist|p2b: Charizard\n|-activate|p2b: Charizard|move: Poltergeist|Charizardite Y\n|-damage|p2b: Charizard|6/100\n|\n|-weather|RainDance|[upkeep]\n|-damage|p1b: Politoed|62/100 brn|[from] brn\n|upkeep\n|turn|3\n|\n|t:|1776207906\n|switch|p2b: Garchomp|Garchomp, L50, F|100/100\n|move|p1a: Banette|Swords Dance|p1a: Banette\n|-boost|p1a: Banette|atk|2\n|move|p2a: Whimsicott|Moonblast|p1a: Banette\n|-damage|p1a: Banette|31/100\n|move|p1b: Politoed|Hyper Voice|p2a: Whimsicott|[spread] p2a,p2b\n|-damage|p2a: Whimsicott|82/100\n|-damage|p2b: Garchomp|86/100\n|\n|-weather|RainDance|[upkeep]\n|-damage|p1b: Politoed|56/100 brn|[from] brn\n|upkeep\n|turn|4\n|\n|t:|1776207930\n|move|p1b: Politoed|Protect|p1b: Politoed\n|-singleturn|p1b: Politoed|Protect\n|move|p1a: Banette|Destiny Bond|p1a: Banette\n|-singlemove|p1a: Banette|Destiny Bond\n|move|p2a: Whimsicott|Moonblast|p1b: Politoed\n|-activate|p1b: Politoed|move: Protect\n|move|p2b: Garchomp|Earthquake|p1b: Politoed|[spread] p2a,p1a\n|-activate|p1b: Politoed|move: Protect\n|-resisted|p2a: Whimsicott|1\n|-damage|p2a: Whimsicott|59/100\n|-damage|p1a: Banette|0 fnt\n|faint|p1a: Banette\n|-activate|p1a: Banette|move: Destiny Bond\n|faint|p2b: Garchomp\n|\n|-weather|RainDance|[upkeep]\n|-damage|p1b: Politoed|50/100 brn|[from] brn\n|-sideend|p2: littlepantsu|move: Tailwind\n|upkeep\n|-enditem|p1b: Politoed|Sitrus Berry|[eat]\n|-heal|p1b: Politoed|75/100 brn|[from] item: Sitrus Berry\n|\n|t:|1776207948\n|switch|p2b: Charizard|Charizard-Mega-Y, L50, M|6/100\n|switch|p1a: Basculegion|Basculegion, L50, M|100/100\n|-weather|SunnyDay|[from] ability: Drought|[of] p2b: Charizard\n|turn|5\n|\n|t:|1776207985\n|switch|p2b: Kingambit|Kingambit, L50, M|100/100\n|-activate|p2b: Kingambit|ability: Supreme Overlord\n|-start|p2b: Kingambit|fallen1|[silent]\n|switch|p1b: Medicham|Medicham, L50, M|100/100\n|move|p1a: Basculegion|Protect|p1a: Basculegion\n|-singleturn|p1a: Basculegion|Protect\n|move|p2a: Whimsicott|Moonblast|p1b: Medicham\n|-supereffective|p1b: Medicham|1\n|-damage|p1b: Medicham|29/100\n|\n|-weather|SunnyDay|[upkeep]\n|upkeep\n|turn|6\n|\n|t:|1776208032\n|switch|p1a: Politoed|Politoed, L50, F|75/100 brn\n|-weather|RainDance|[from] ability: Drizzle|[of] p1a: Politoed\n|move|p2a: Whimsicott|Moonblast|p1b: Medicham\n|-supereffective|p1b: Medicham|1\n|-damage|p1b: Medicham|0 fnt\n|faint|p1b: Medicham\n|move|p2b: Kingambit|Kowtow Cleave|p1a: Politoed\n|-damage|p1a: Politoed|18/100 brn\n|\n|-weather|RainDance|[upkeep]\n|-damage|p1a: Politoed|12/100 brn|[from] brn\n|upkeep\n|\n|t:|1776208044\n|switch|p1b: Basculegion|Basculegion, L50, M|100/100\n|turn|7\n|-message|sonnervik forfeited.\n|\n|win|littlepantsu\n|raw|sonnervik's rating: 1112 &rarr; <strong>1087</strong><br />(-25 for losing)\n|raw|littlepantsu's rating: 1110 &rarr; <strong>1135</strong><br />(+25 for winning)\n|l|\u2606sonnervik\n|player|p1|\n|c|\u2606littlepantsu|gg\n",
  "uploadtime": 1776208067,
  "views": 31,
  "formatid": "gen9championsvgc2026regma",
  "rating": 1087,
  "private": 0,
  "password": null
}