{
  "id": "gen9championsvgc2026regma-2585121290",
  "format": "[Gen 9 Champions] VGC 2026 Reg M-A",
  "players": [
    "lakeandbake",
    "Boredrake2"
  ],
  "log": "|j|\u203dlakeandbake\n|j|\u2606Boredrake2\n|t:|1776314241\n|gametype|doubles\n|player|p1|lakeandbake|iono-masters|1202\n|player|p2|Boredrake2|steven|1104\n|gen|9\n|tier|[Gen 9 Champions] VGC 2026 Reg M-A\n|rated|\n|rule|Species Clause: Limit one of each Pok\u00e9mon\n|rule|Item Clause: Limit 1 of each item\n|clearpoke\n|poke|p1|Drampa, L50, F|\n|poke|p1|Sinistcha, L50|\n|poke|p1|Torkoal, L50, F|\n|poke|p1|Sneasler, L50, M|\n|poke|p1|Incineroar, L50, F|\n|poke|p1|Farigiraf, L50, F|\n|poke|p2|Milotic, L50, F|\n|poke|p2|Farigiraf, L50, F|\n|poke|p2|Altaria, L50, F|\n|poke|p2|Arcanine, L50, M|\n|poke|p2|Venusaur, L50, M|\n|poke|p2|Garchomp, L50, F|\n|teampreview|4\n|inactive|Battle timer is ON: inactive players will automatically lose when time's up. (requested by Boredrake2)\n|inactive|lakeandbake has 60 seconds left.\n|inactive|Boredrake2 has 60 seconds left.\n|inactive|lakeandbake has 30 seconds left.\n|inactive|lakeandbake has 20 seconds left.\n|inactive|lakeandbake has 15 seconds left.\n|\n|t:|1776314317\n|teamsize|p1|4\n|teamsize|p2|4\n|start\n|switch|p1a: Farigiraf|Farigiraf, L50, F|100/100\n|switch|p1b: Drampa|Drampa, L50, F|100/100\n|switch|p2a: Farigiraf|Farigiraf, L50, F|100/100\n|switch|p2b: Milotic|Milotic, L50, F|100/100\n|-ability|p1b: Drampa|Cloud Nine\n|turn|1\n|\n|t:|1776314332\n|detailschange|p1b: Drampa|Drampa-Mega, L50, F\n|-mega|p1b: Drampa|Drampa|Drampanite\n|move|p2a: Farigiraf|Imprison|p2a: Farigiraf\n|-start|p2a: Farigiraf|move: Imprison\n|move|p2b: Milotic|Ice Beam|p1b: Drampa\n|-supereffective|p1b: Drampa|1\n|-damage|p1b: Drampa|56/100\n|move|p1a: Farigiraf|Hyper Voice|p2b: Milotic|[spread] p2a,p2b\n|-damage|p2a: Farigiraf|67/100\n|-damage|p2b: Milotic|78/100\n|move|p1b: Drampa|Calm Mind|p1b: Drampa\n|-boost|p1b: Drampa|spa|1\n|-boost|p1b: Drampa|spd|1\n|\n|upkeep\n|turn|2\n|\n|t:|1776314353\n|move|p2a: Farigiraf|Twin Beam|p1b: Drampa\n|-damage|p1b: Drampa|48/100\n|-damage|p1b: Drampa|38/100\n|-hitcount|p1b: Drampa|2\n|-ability|p1b: Drampa|Berserk|boost\n|-boost|p1b: Drampa|spa|1\n|move|p2b: Milotic|Ice Beam|p1b: Drampa\n|-supereffective|p1b: Drampa|1\n|-damage|p1b: Drampa|6/100\n|move|p1a: Farigiraf|Hyper Voice|p2a: Farigiraf|[spread] p2a,p2b\n|-damage|p2a: Farigiraf|33/100\n|-damage|p2b: Milotic|55/100\n|move|p1b: Drampa|Hyper Voice|p2a: Farigiraf|[spread] p2a,p2b\n|-damage|p2a: Farigiraf|0 fnt\n|-damage|p2b: Milotic|0 fnt\n|faint|p2a: Farigiraf\n|faint|p2b: Milotic\n|\n|upkeep\n|\n|t:|1776314371\n|switch|p2a: Garchomp|Garchomp, L50, F|100/100\n|switch|p2b: Altaria|Altaria, L50, F|100/100\n|-ability|p2b: Altaria|Cloud Nine\n|turn|3\n|\n|t:|1776314384\n|switch|p1a: Sinistcha|Sinistcha, L50|100/100\n|-heal|p1b: Drampa|31/100|[from] ability: Hospitality|[of] p1a: Sinistcha\n|move|p1b: Drampa|Protect|p1b: Drampa\n|-singleturn|p1b: Drampa|Protect\n|move|p2a: Garchomp|Earthquake|p1a: Sinistcha|[spread] p1a\n|-activate|p1b: Drampa|move: Protect\n|-immune|p2b: Altaria\n|-resisted|p1a: Sinistcha|1\n|-damage|p1a: Sinistcha|83/100\n|move|p2b: Altaria|Tailwind|p2b: Altaria\n|-sidestart|p2: Boredrake2|move: Tailwind\n|\n|upkeep\n|turn|4\n|inactive|Boredrake2 has 30 seconds left.\n|\n|t:|1776314413\n|detailschange|p2b: Altaria|Altaria-Mega, L50, F\n|-mega|p2b: Altaria|Altaria|Altarianite\n|move|p2a: Garchomp|Dragon Claw|p1b: Drampa\n|-supereffective|p1b: Drampa|1\n|-damage|p1b: Drampa|0 fnt\n|faint|p1b: Drampa\n|move|p2b: Altaria|Hyper Voice|p1a: Sinistcha\n|-damage|p1a: Sinistcha|45/100\n|-enditem|p1a: Sinistcha|Sitrus Berry|[eat]\n|-heal|p1a: Sinistcha|70/100|[from] item: Sitrus Berry\n|move|p1a: Sinistcha|Trick Room|p1a: Sinistcha\n|-fieldstart|move: Trick Room|[of] p1a: Sinistcha\n|\n|upkeep\n|\n|t:|1776314428\n|switch|p1b: Incineroar|Incineroar, L50, F|100/100\n|-ability|p1b: Incineroar|Intimidate|boost\n|-unboost|p2a: Garchomp|atk|1\n|-unboost|p2b: Altaria|atk|1\n|turn|5\n|\n|t:|1776314440\n|move|p2b: Altaria|Protect|p2b: Altaria\n|-singleturn|p2b: Altaria|Protect\n|move|p1a: Sinistcha|Matcha Gotcha|p2a: Garchomp|[spread] p2a\n|-activate|p2b: Altaria|move: Protect\n|-damage|p2a: Garchomp|75/100\n|-heal|p1a: Sinistcha|83/100|[from] drain|[of] p2a: Garchomp\n|move|p1b: Incineroar|Iron Head|p2b: Altaria\n|-activate|p2b: Altaria|move: Protect\n|move|p2a: Garchomp|Earthquake|p1a: Sinistcha|[spread] p1a,p1b\n|-activate|p2b: Altaria|move: Protect\n|-resisted|p1a: Sinistcha|1\n|-supereffective|p1b: Incineroar|1\n|-damage|p1a: Sinistcha|70/100\n|-damage|p1b: Incineroar|52/100\n|\n|upkeep\n|turn|6\n|\n|t:|1776314461\n|switch|p1b: Farigiraf|Farigiraf, L50, F|100/100\n|move|p1a: Sinistcha|Matcha Gotcha|p2a: Garchomp|[spread] p2a,p2b\n|-resisted|p2b: Altaria|1\n|-damage|p2a: Garchomp|48/100\n|-heal|p1a: Sinistcha|84/100|[from] drain|[of] p2a: Garchomp\n|-damage|p2b: Altaria|88/100\n|-heal|p1a: Sinistcha|90/100|[from] drain|[of] p2b: Altaria\n|move|p2b: Altaria|Hyper Voice|p1b: Farigiraf|[spread] p1a,p1b\n|-damage|p1a: Sinistcha|65/100\n|-damage|p1b: Farigiraf|70/100\n|move|p2a: Garchomp|Poison Jab|p1a: Sinistcha\n|-damage|p1a: Sinistcha|47/100\n|\n|-sideend|p2: Boredrake2|move: Tailwind\n|upkeep\n|turn|7\n|\n|t:|1776314486\n|switch|p1b: Incineroar|Incineroar, L50, F|52/100\n|-ability|p1b: Incineroar|Intimidate|boost\n|-unboost|p2a: Garchomp|atk|1\n|-unboost|p2b: Altaria|atk|1\n|move|p1a: Sinistcha|Life Dew|p1a: Sinistcha|[spread] p1a,p1b\n|-heal|p1a: Sinistcha|72/100\n|-heal|p1b: Incineroar|77/100\n|move|p2b: Altaria|Hyper Voice|p1a: Sinistcha|[spread] p1a,p1b\n|-damage|p1a: Sinistcha|47/100\n|-damage|p1b: Incineroar|49/100\n|move|p2a: Garchomp|Dragon Claw|p1a: Sinistcha\n|-damage|p1a: Sinistcha|26/100\n|\n|upkeep\n|turn|8\n|\n|t:|1776314505\n|switch|p1a: Farigiraf|Farigiraf, L50, F|70/100\n|move|p1b: Incineroar|Fake Out|p2a: Garchomp\n|-damage|p2a: Garchomp|36/100\n|-damage|p1b: Incineroar|37/100|[from] ability: Rough Skin|[of] p2a: Garchomp\n|move|p2b: Altaria|Hyper Voice|p1b: Incineroar|[spread] p1a,p1b\n|-damage|p1a: Farigiraf|42/100\n|-damage|p1b: Incineroar|12/100\n|cant|p2a: Garchomp|flinch\n|\n|-fieldend|move: Trick Room\n|upkeep\n|turn|9\n|\n|t:|1776314519\n|switch|p1b: Sinistcha|Sinistcha, L50|26/100\n|-heal|p1a: Farigiraf|67/100|[from] ability: Hospitality|[of] p1b: Sinistcha\n|move|p2a: Garchomp|Dragon Claw|p1a: Farigiraf\n|-damage|p1a: Farigiraf|47/100\n|move|p2b: Altaria|Hyper Voice|p1a: Farigiraf|[spread] p1a,p1b\n|-damage|p1a: Farigiraf|17/100\n|-damage|p1b: Sinistcha|2/100\n|move|p1a: Farigiraf|Hyper Voice|p2a: Garchomp|[spread] p2a,p2b\n|-damage|p2a: Garchomp|1/100\n|-damage|p2b: Altaria|59/100\n|\n|upkeep\n|turn|10\n|\n|t:|1776314537\n|move|p1a: Farigiraf|Protect|p1a: Farigiraf\n|-singleturn|p1a: Farigiraf|Protect\n|move|p2a: Garchomp|Dragon Claw|p1a: Farigiraf\n|-activate|p1a: Farigiraf|move: Protect\n|move|p2b: Altaria|Hyper Voice|p1a: Farigiraf|[spread] p1b\n|-activate|p1a: Farigiraf|move: Protect\n|-damage|p1b: Sinistcha|0 fnt\n|faint|p1b: Sinistcha\n|\n|upkeep\n|\n|t:|1776314547\n|switch|p1b: Incineroar|Incineroar, L50, F|12/100\n|-ability|p1b: Incineroar|Intimidate|boost\n|-unboost|p2a: Garchomp|atk|1\n|-unboost|p2b: Altaria|atk|1\n|turn|11\n|\n|t:|1776314555\n|move|p2a: Garchomp|Protect|p2a: Garchomp\n|-singleturn|p2a: Garchomp|Protect\n|move|p1b: Incineroar|Fake Out|p2b: Altaria\n|-damage|p2b: Altaria|48/100\n|cant|p2b: Altaria|flinch\n|move|p1a: Farigiraf|Hyper Voice|p2a: Garchomp|[spread] p2b\n|-activate|p2a: Garchomp|move: Protect\n|-damage|p2b: Altaria|18/100\n|\n|upkeep\n|turn|12\n|\n|t:|1776314573\n|move|p2a: Garchomp|Dragon Claw|p1a: Farigiraf\n|-damage|p1a: Farigiraf|2/100\n|move|p2b: Altaria|Hyper Voice|p1a: Farigiraf|[spread] p1a,p1b\n|-damage|p1a: Farigiraf|0 fnt\n|-damage|p1b: Incineroar|0 fnt\n|faint|p1a: Farigiraf\n|faint|p1b: Incineroar\n|\n|win|Boredrake2\n|raw|lakeandbake's rating: 1202 &rarr; <strong>1170</strong><br />(-32 for losing)\n|raw|Boredrake2's rating: 1104 &rarr; <strong>1136</strong><br />(+32 for winning)\n",
  "uploadtime": 1776314574,
  "views": 20,
  "formatid": "gen9championsvgc2026regma",
  "rating": 1136,
  "private": 0,
  "password": null
}