{
  "id": "gen9championsvgc2026regma-2582811615",
  "format": "[Gen 9 Champions] VGC 2026 Reg M-A",
  "players": [
    "B. Farro",
    "Houb"
  ],
  "log": "|j|\u2606B. Farro\n|j|\u2606Houb\n|t:|1776115929\n|gametype|doubles\n|player|p1|B. Farro|ingo|1226\n|player|p2|Houb|170|1200\n|gen|9\n|tier|[Gen 9 Champions] VGC 2026 Reg M-A\n|rated|\n|rule|Species Clause: Limit one of each Pok\u00e9mon\n|rule|Item Clause: Limit 1 of each item\n|clearpoke\n|poke|p1|Glimmora, L50, F|\n|poke|p1|Whimsicott, L50, M|\n|poke|p1|Altaria, L50, F|\n|poke|p1|Tauros-Paldea-Blaze, L50, M|\n|poke|p1|Garchomp, L50, F|\n|poke|p1|Kangaskhan, L50, F|\n|poke|p2|Gyarados, L50, F|\n|poke|p2|Tyranitar, L50, M|\n|poke|p2|Rotom-Wash, L50|\n|poke|p2|Volcarona, L50, M|\n|poke|p2|Milotic, L50, F|\n|poke|p2|Aerodactyl, L50, F|\n|teampreview|4\n|inactive|Battle timer is ON: inactive players will automatically lose when time's up. (requested by Houb)\n|inactive|B. Farro has 60 seconds left.\n|inactive|Houb has 60 seconds left.\n|inactive|B. Farro has 30 seconds left.\n|inactive|B. Farro has 20 seconds left.\n|inactive|B. Farro has 15 seconds left.\nHoub has agreed to open team sheets.\n|\n|t:|1776116008\n|teamsize|p1|4\n|teamsize|p2|4\n|start\n|switch|p1a: Glimmora|Glimmora, L50, F|100/100\n|switch|p1b: Whimsicott|Whimsicott, L50, M|100/100\n|switch|p2a: Rotom|Rotom-Wash, L50|100/100\n|switch|p2b: Gyarados|Gyarados, L50, F|100/100\n|-ability|p2b: Gyarados|Intimidate|boost\n|-unboost|p1a: Glimmora|atk|1\n|-unboost|p1b: Whimsicott|atk|1\n|turn|1\n|inactive|B. Farro has 30 seconds left.\n|\n|t:|1776116035\n|detailschange|p1a: Glimmora|Glimmora-Mega, L50, F\n|-mega|p1a: Glimmora|Glimmora|Glimmoranite\n|move|p1a: Glimmora|Spiky Shield|p1a: Glimmora\n|-singleturn|p1a: Glimmora|move: Protect\n|move|p2b: Gyarados|Protect|p2b: Gyarados\n|-singleturn|p2b: Gyarados|Protect\n|move|p1b: Whimsicott|Tailwind|p1b: Whimsicott\n|-sidestart|p1: B. Farro|move: Tailwind\n|move|p2a: Rotom|Hydro Pump|p1a: Glimmora\n|-activate|p1a: Glimmora|move: Protect\n|\n|upkeep\n|turn|2\n|inactive|B. Farro has 30 seconds left.\n|inactive|B. Farro has 20 seconds left.\n|inactive|B. Farro has 15 seconds left.\n|inactive|B. Farro has 10 seconds left.\n|\n|t:|1776116084\n|switch|p1a: Altaria|Altaria, L50, F|100/100\n|-ability|p1a: Altaria|Cloud Nine\n|switch|p2b: Tyranitar|Tyranitar, L50, M|100/100\n|-weather|Sandstorm|[from] ability: Sand Stream|[of] p2b: Tyranitar\n|move|p1b: Whimsicott|Encore|p2b: Tyranitar\n|-hint|Since gen 7, Dark is immune to Prankster moves.\n|-immune|p2b: Tyranitar\n|move|p2a: Rotom|Hydro Pump|p1a: Altaria\n|-resisted|p1a: Altaria|1\n|-damage|p1a: Altaria|76/100\n|\n|-weather|Sandstorm|[upkeep]\n|upkeep\n|turn|3\n|inactive|B. Farro has 30 seconds left.\n|inactive|Houb has 30 seconds left.\n|\n|t:|1776116118\n|switch|p2a: Volcarona|Volcarona, L50, M|100/100\n|detailschange|p2b: Tyranitar|Tyranitar-Mega, L50, M\n|-mega|p2b: Tyranitar|Tyranitar|Tyranitarite\n|move|p1b: Whimsicott|Energy Ball|p2b: Tyranitar\n|-supereffective|p2b: Tyranitar|1\n|-damage|p2b: Tyranitar|47/100\n|move|p1a: Altaria|Moonblast|p2b: Tyranitar\n|-supereffective|p2b: Tyranitar|1\n|-damage|p2b: Tyranitar|13/100\n|move|p2b: Tyranitar|Dragon Dance|p2b: Tyranitar\n|-boost|p2b: Tyranitar|atk|1\n|-boost|p2b: Tyranitar|spe|1\n|\n|-weather|Sandstorm|[upkeep]\n|upkeep\n|turn|4\n|\n|t:|1776116141\n|switch|p1a: Glimmora|Glimmora-Mega, L50, F|100/100\n|move|p2b: Tyranitar|Protect|p2b: Tyranitar\n|-singleturn|p2b: Tyranitar|Protect\n|move|p1b: Whimsicott|Encore|p2b: Tyranitar\n|-activate|p2b: Tyranitar|move: Protect\n|move|p2a: Volcarona|Quiver Dance|p2a: Volcarona\n|-boost|p2a: Volcarona|spa|1\n|-boost|p2a: Volcarona|spd|1\n|-boost|p2a: Volcarona|spe|1\n|\n|-weather|Sandstorm|[upkeep]\n|-damage|p1b: Whimsicott|95/100|[from] Sandstorm\n|-damage|p2a: Volcarona|94/100|[from] Sandstorm\n|-sideend|p1: B. Farro|move: Tailwind\n|upkeep\n|turn|5\n|\n|t:|1776116161\n|switch|p2a: Rotom|Rotom-Wash, L50|100/100\n|move|p1a: Glimmora|Spiky Shield|p1a: Glimmora\n|-singleturn|p1a: Glimmora|move: Protect\n|move|p1b: Whimsicott|Tailwind|p1b: Whimsicott\n|-sidestart|p1: B. Farro|move: Tailwind\n|move|p2b: Tyranitar|Rock Slide|p1b: Whimsicott|[spread] p1b\n|-activate|p1a: Glimmora|move: Protect\n|-damage|p1b: Whimsicott|22/100\n|\n|-weather|Sandstorm|[upkeep]\n|-damage|p1b: Whimsicott|17/100|[from] Sandstorm\n|-damage|p2a: Rotom|95/100|[from] Sandstorm\n|-heal|p2a: Rotom|100/100|[from] item: Leftovers\n|upkeep\n|turn|6\n|inactive|B. Farro has 30 seconds left.\n|\n|t:|1776116190\n|move|p1b: Whimsicott|Energy Ball|p2a: Rotom\n|-supereffective|p2a: Rotom|1\n|-damage|p2a: Rotom|20/100\n|move|p1a: Glimmora|Sludge Bomb|p2a: Rotom\n|-crit|p2a: Rotom\n|-damage|p2a: Rotom|0 fnt\n|faint|p2a: Rotom\n|move|p2b: Tyranitar|Rock Slide|p1b: Whimsicott|[spread] p1a,p1b\n|-damage|p1a: Glimmora|48/100\n|-damage|p1b: Whimsicott|0 fnt\n|faint|p1b: Whimsicott\n|\n|-weather|none\n|upkeep\n|\n|t:|1776116205\n|switch|p1b: Kangaskhan|Kangaskhan, L50, F|100/100\n|switch|p2a: Gyarados|Gyarados, L50, F|100/100\n|-ability|p2a: Gyarados|Intimidate|boost\n|-unboost|p1a: Glimmora|atk|1\n|-fail|p1b: Kangaskhan|unboost|Attack|[from] ability: Scrappy|[of] p1b: Kangaskhan\n|turn|7\n|inactive|B. Farro has 30 seconds left.\n|inactive|B. Farro has 20 seconds left.\n|\n|t:|1776116242\n|switch|p1a: Altaria|Altaria, L50, F|76/100\n|-ability|p1a: Altaria|Cloud Nine\n|move|p2b: Tyranitar|Protect|p2b: Tyranitar\n|-singleturn|p2b: Tyranitar|Protect\n|move|p1b: Kangaskhan|Drain Punch|p2b: Tyranitar\n|-activate|p2b: Tyranitar|move: Protect\n|move|p2a: Gyarados|Icy Wind|p1a: Altaria|[spread] p1a,p1b\n|-supereffective|p1a: Altaria|2\n|-damage|p1a: Altaria|50/100\n|-damage|p1b: Kangaskhan|94/100\n|-unboost|p1a: Altaria|spe|1\n|-unboost|p1b: Kangaskhan|spe|1\n|\n|upkeep\n|turn|8\n|inactive|Houb has 30 seconds left.\n|\n|t:|1776116271\n|switch|p2b: Volcarona|Volcarona, L50, M|94/100\n|move|p1a: Altaria|Protect|p1a: Altaria\n|-singleturn|p1a: Altaria|Protect\n|move|p1b: Kangaskhan|Drain Punch|p2b: Volcarona\n|-resisted|p2b: Volcarona|1\n|-damage|p2b: Volcarona|80/100\n|-heal|p1b: Kangaskhan|100/100|[from] drain|[of] p2b: Volcarona\n|move|p2a: Gyarados|Icy Wind|p1b: Kangaskhan|[spread] p1b\n|-activate|p1a: Altaria|move: Protect\n|-damage|p1b: Kangaskhan|95/100\n|-unboost|p1b: Kangaskhan|spe|1\n|\n|-sideend|p1: B. Farro|move: Tailwind\n|upkeep\n|turn|9\n|\n|t:|1776116292\n|move|p1b: Kangaskhan|Protect|p1b: Kangaskhan\n|-singleturn|p1b: Kangaskhan|Protect\n|move|p2b: Volcarona|Quiver Dance|p2b: Volcarona\n|-boost|p2b: Volcarona|spa|1\n|-boost|p2b: Volcarona|spd|1\n|-boost|p2b: Volcarona|spe|1\n|move|p2a: Gyarados|Waterfall|p1b: Kangaskhan\n|-activate|p1b: Kangaskhan|move: Protect\n|move|p1a: Altaria|Tailwind|p1a: Altaria\n|-sidestart|p1: B. Farro|move: Tailwind\n|\n|upkeep\n|turn|10\n|\n|t:|1776116312\n|move|p1a: Altaria|Moonblast|p2a: Gyarados\n|-damage|p2a: Gyarados|81/100\n|move|p2b: Volcarona|Psychic|p1a: Altaria\n|-damage|p1a: Altaria|7/100\n|move|p2a: Gyarados|Waterfall|p1b: Kangaskhan\n|-damage|p1b: Kangaskhan|58/100\n|move|p1b: Kangaskhan|Double-Edge|p2a: Gyarados\n|-damage|p2a: Gyarados|39/100\n|-damage|p1b: Kangaskhan|44/100|[from] Recoil\n|\n|upkeep\n|turn|11\n|\n|t:|1776116332\n|move|p1a: Altaria|Moonblast|p2a: Gyarados\n|-damage|p2a: Gyarados|19/100\n|move|p2b: Volcarona|Heat Wave|p1b: Kangaskhan|[spread] p1a,p1b\n|-resisted|p1a: Altaria|1\n|-damage|p1a: Altaria|0 fnt\n|-damage|p1b: Kangaskhan|0 fnt\n|faint|p1a: Altaria\n|faint|p1b: Kangaskhan\n|move|p2a: Gyarados|Waterfall|p1: Altaria|[notarget]\n|-fail|p2a: Gyarados\n|\n|upkeep\n|\n|t:|1776116340\n|switch|p1a: Glimmora|Glimmora-Mega, L50, F|48/100\n|turn|12\n|\n|t:|1776116355\n|move|p1a: Glimmora|Power Gem|p2b: Volcarona\n|-supereffective|p2b: Volcarona|2\n|-damage|p2b: Volcarona|0 fnt\n|faint|p2b: Volcarona\n|move|p2a: Gyarados|Waterfall|p1a: Glimmora\n|-supereffective|p1a: Glimmora|1\n|-damage|p1a: Glimmora|0 fnt\n|faint|p1a: Glimmora\n|\n|win|Houb\n|raw|B. Farro's rating: 1226 &rarr; <strong>1199</strong><br />(-27 for losing)\n|raw|Houb's rating: 1200 &rarr; <strong>1227</strong><br />(+27 for winning)\n|l|\u2606Houb\n|player|p2|\n",
  "uploadtime": 1776116366,
  "views": 21,
  "formatid": "gen9championsvgc2026regma",
  "rating": 1199,
  "private": 0,
  "password": null
}