{
  "id": "gen9championsvgc2026regma-2587794739",
  "format": "[Gen 9 Champions] VGC 2026 Reg M-A",
  "players": [
    "tomatoesoup",
    "Alfredope"
  ],
  "log": "|j|\u2606tomatoesoup\n|j|\u2606Alfredope\n|t:|1776564726\n|gametype|doubles\n|player|p1|tomatoesoup|psychic-gen4|1069\n|player|p2|Alfredope|n|1153\n|gen|9\n|tier|[Gen 9 Champions] VGC 2026 Reg M-A\n|rated|\n|rule|Species Clause: Limit one of each Pok\u00e9mon\n|rule|Item Clause: Limit 1 of each item\n|clearpoke\n|poke|p1|Araquanid, L50, F|\n|poke|p1|Primarina, L50, M|\n|poke|p1|Reuniclus, L50, F|\n|poke|p1|Audino, L50, M|\n|poke|p1|Mudsdale, L50, F|\n|poke|p1|Appletun, L50, M|\n|poke|p2|Crabominable, L50, F, shiny|\n|poke|p2|Mr. Rime, L50, M, shiny|\n|poke|p2|Sinistcha-Masterpiece, L50|\n|poke|p2|Primarina, L50, M|\n|poke|p2|Incineroar, L50, M, shiny|\n|poke|p2|Rhyperior, L50, M|\n|teampreview|4\n|\n|t:|1776564768\n|teamsize|p1|4\n|teamsize|p2|4\n|start\n|switch|p1a: Audino|Audino, L50, M|100/100\n|switch|p1b: Primarina|Primarina, L50, M|100/100\n|switch|p2a: Crabominable|Crabominable, L50, F, shiny|100/100\n|switch|p2b: Mr. Rime|Mr. Rime, L50, M, shiny|100/100\n|turn|1\n|\n|t:|1776564795\n|move|p1a: Audino|Helping Hand|p1b: Primarina\n|-singleturn|p1b: Primarina|Helping Hand|[of] p1a: Audino\n|move|p2a: Crabominable|Protect|p2a: Crabominable\n|-singleturn|p2a: Crabominable|Protect\n|move|p1b: Primarina|Dazzling Gleam|p2b: Mr. Rime|[spread] p2b\n|-activate|p2a: Crabominable|move: Protect\n|-damage|p2b: Mr. Rime|61/100\n|move|p2b: Mr. Rime|Trick Room|p2b: Mr. Rime\n|-fieldstart|move: Trick Room|[of] p2b: Mr. Rime\n|\n|upkeep\n|turn|2\n|\n|t:|1776564827\n|detailschange|p1a: Audino|Audino-Mega, L50, M\n|-mega|p1a: Audino|Audino|Audinite\n|move|p1b: Primarina|Protect|p1b: Primarina\n|-singleturn|p1b: Primarina|Protect\n|move|p2a: Crabominable|Close Combat|p1a: Audino\n|-damage|p1a: Audino|53/100\n|-unboost|p2a: Crabominable|def|1\n|-unboost|p2a: Crabominable|spd|1\n|move|p2b: Mr. Rime|Frost Breath|p2a: Crabominable\n|-resisted|p2a: Crabominable|1\n|-crit|p2a: Crabominable\n|-damage|p2a: Crabominable|64/100\n|-setboost|p2a: Crabominable|atk|6|[from] ability: Anger Point\n|move|p1a: Audino|Trick Room|p1a: Audino\n|-fieldend|move: Trick Room\n|\n|upkeep\n|turn|3\n|\n|t:|1776564853\n|detailschange|p2a: Crabominable|Crabominable-Mega, L50, F, shiny\n|-mega|p2a: Crabominable|Crabominable|Crabominite\n|move|p1a: Audino|Helping Hand|p1b: Primarina\n|-singleturn|p1b: Primarina|Helping Hand|[of] p1a: Audino\n|move|p2a: Crabominable|Protect|p2a: Crabominable\n|-singleturn|p2a: Crabominable|Protect\n|move|p1b: Primarina|Dazzling Gleam|p2a: Crabominable|[spread] p2b\n|-activate|p2a: Crabominable|move: Protect\n|-damage|p2b: Mr. Rime|20/100\n|move|p2b: Mr. Rime|Trick Room|p2b: Mr. Rime\n|-fieldstart|move: Trick Room|[of] p2b: Mr. Rime\n|\n|upkeep\n|turn|4\n|\n|t:|1776564876\n|switch|p2b: Sinistcha|Sinistcha-Masterpiece, L50|100/100\n|-heal|p2a: Crabominable|89/100|[from] ability: Hospitality|[of] p2b: Sinistcha\n|move|p1a: Audino|Helping Hand|p1b: Primarina\n|-singleturn|p1b: Primarina|Helping Hand|[of] p1a: Audino\n|move|p2a: Crabominable|Ice Hammer|p1a: Audino\n|-damage|p1a: Audino|0 fnt\n|-unboost|p2a: Crabominable|spe|1\n|faint|p1a: Audino\n|move|p1b: Primarina|Dazzling Gleam|p2a: Crabominable|[spread] p2a,p2b\n|-supereffective|p2a: Crabominable|1\n|-crit|p2a: Crabominable\n|-damage|p2a: Crabominable|0 fnt\n|-damage|p2b: Sinistcha|38/100\n|-enditem|p2b: Sinistcha|Sitrus Berry|[eat]\n|-heal|p2b: Sinistcha|62/100|[from] item: Sitrus Berry\n|faint|p2a: Crabominable\n|\n|upkeep\n|\n|t:|1776564895\n|switch|p2a: Incineroar|Incineroar, L50, M, shiny|100/100\n|switch|p1a: Reuniclus|Reuniclus, L50, F|100/100\n|-ability|p2a: Incineroar|Intimidate|boost\n|-unboost|p1a: Reuniclus|atk|1\n|-unboost|p1b: Primarina|atk|1\n|turn|5\n|\n|t:|1776564914\n|move|p2a: Incineroar|Fake Out|p1a: Reuniclus\n|-damage|p1a: Reuniclus|91/100\n|cant|p1a: Reuniclus|flinch\n|move|p1b: Primarina|Hyper Voice|p2b: Sinistcha|[spread] p2a,p2b\n|-supereffective|p2a: Incineroar|1\n|-resisted|p2b: Sinistcha|1\n|-damage|p2a: Incineroar|34/100\n|-damage|p2b: Sinistcha|42/100\n|move|p2b: Sinistcha|Matcha Gotcha|p1b: Primarina|[spread] p1a,p1b\n|-supereffective|p1b: Primarina|1\n|-damage|p1a: Reuniclus|60/100\n|-heal|p2b: Sinistcha|61/100|[from] drain|[of] p1a: Reuniclus\n|-damage|p1b: Primarina|46/100\n|-heal|p2b: Sinistcha|89/100|[from] drain|[of] p1b: Primarina\n|\n|-heal|p1b: Primarina|52/100|[from] item: Leftovers\n|-heal|p2a: Incineroar|40/100|[from] item: Leftovers\n|upkeep\n|turn|6\n|\n|t:|1776564968\n|move|p2a: Incineroar|Helping Hand|p2b: Sinistcha\n|-singleturn|p2b: Sinistcha|Helping Hand|[of] p2a: Incineroar\n|move|p1a: Reuniclus|Shadow Ball|p2a: Incineroar\n|-resisted|p2a: Incineroar|1\n|-damage|p2a: Incineroar|30/100\n|move|p1b: Primarina|Hyper Voice|p2a: Incineroar|[spread] p2a,p2b\n|-supereffective|p2a: Incineroar|1\n|-resisted|p2b: Sinistcha|1\n|-damage|p2a: Incineroar|0 fnt\n|-damage|p2b: Sinistcha|65/100\n|faint|p2a: Incineroar\n|move|p2b: Sinistcha|Matcha Gotcha|p1a: Reuniclus|[spread] p1a,p1b\n|-supereffective|p1b: Primarina|1\n|-damage|p1a: Reuniclus|14/100\n|-heal|p2b: Sinistcha|93/100|[from] drain|[of] p1a: Reuniclus\n|-damage|p1b: Primarina|0 fnt\n|-heal|p2b: Sinistcha|100/100|[from] drain|[of] p1b: Primarina\n|faint|p1b: Primarina\n|\n|upkeep\n|\n|t:|1776564989\n|switch|p1b: Mudsdale|Mudsdale, L50, F|100/100\n|switch|p2a: Mr. Rime|Mr. Rime, L50, M, shiny|20/100\n|turn|7\n|\n|t:|1776565036\n|move|p2a: Mr. Rime|Protect|p2a: Mr. Rime\n|-singleturn|p2a: Mr. Rime|Protect\n|move|p1a: Reuniclus|Recover|p1a: Reuniclus\n|-heal|p1a: Reuniclus|64/100\n|move|p1b: Mudsdale|Rock Slide|p2a: Mr. Rime|[spread] p2b\n|-activate|p2a: Mr. Rime|move: Protect\n|-damage|p2b: Sinistcha|81/100\n|move|p2b: Sinistcha|Matcha Gotcha|p1a: Reuniclus|[spread] p1a,p1b\n|-supereffective|p1b: Mudsdale|1\n|-damage|p1a: Reuniclus|32/100\n|-heal|p2b: Sinistcha|100/100|[from] drain|[of] p1a: Reuniclus\n|-damage|p1b: Mudsdale|23/100\n|-ability|p1b: Mudsdale|Stamina|boost\n|-boost|p1b: Mudsdale|def|1\n|\n|-fieldend|move: Trick Room\n|upkeep\n|turn|8\n|\n|t:|1776565078\n|move|p1b: Mudsdale|Protect|p1b: Mudsdale\n|-singleturn|p1b: Mudsdale|Protect\n|move|p2b: Sinistcha|Matcha Gotcha|p1a: Reuniclus|[spread] p1a\n|-activate|p1b: Mudsdale|move: Protect\n|-damage|p1a: Reuniclus|4/100\n|-status|p1a: Reuniclus|brn\n|move|p2a: Mr. Rime|Frost Breath|p1a: Reuniclus\n|-crit|p1a: Reuniclus\n|-damage|p1a: Reuniclus|0 fnt\n|faint|p1a: Reuniclus\n|\n|upkeep\n|turn|9\n|-message|tomatoesoup forfeited.\n|\n|win|Alfredope\n|raw|tomatoesoup's rating: 1069 &rarr; <strong>1053</strong><br />(-16 for losing)\n|raw|Alfredope's rating: 1153 &rarr; <strong>1172</strong><br />(+19 for winning)\n|c|\u2606Alfredope|gg\n",
  "uploadtime": 1776565128,
  "views": 10,
  "formatid": "gen9championsvgc2026regma",
  "rating": 1053,
  "private": 0,
  "password": null
}