{
  "id": "gen9championsvgc2026regma-2584710878",
  "format": "[Gen 9 Champions] VGC 2026 Reg M-A",
  "players": [
    "Murphy's kitchen",
    "speedyturtle87"
  ],
  "log": "|j|\u2606Murphy's kitchen\n|j|\u2606speedyturtle87\n|t:|1776278346\n|gametype|doubles\n|player|p1|Murphy's kitchen|102|1550\n|player|p2|speedyturtle87|canari|1508\n|gen|9\n|tier|[Gen 9 Champions] VGC 2026 Reg M-A\n|rated|\n|rule|Species Clause: Limit one of each Pok\u00e9mon\n|rule|Item Clause: Limit 1 of each item\n|clearpoke\n|poke|p1|Basculegion, L50, M|\n|poke|p1|Aerodactyl, L50, M|\n|poke|p1|Kommo-o, L50, F|\n|poke|p1|Scovillain, L50, M|\n|poke|p1|Scizor, L50, M|\n|poke|p1|Sneasler, L50, M|\n|poke|p2|Aerodactyl, L50, M|\n|poke|p2|Meganium, L50, F|\n|poke|p2|Diggersby, L50, F|\n|poke|p2|Kingambit, L50, M|\n|poke|p2|Delphox, L50, M|\n|poke|p2|Sneasler, L50, M|\n|teampreview|4\n|inactive|Battle timer is ON: inactive players will automatically lose when time's up. (requested by speedyturtle87)\n|j| Apeqo123\n|\n|t:|1776278374\n|teamsize|p1|4\n|teamsize|p2|4\n|start\n|switch|p1a: Basculegion|Basculegion, L50, M|100/100\n|switch|p1b: Aerodactyl|Aerodactyl, L50, M|100/100\n|switch|p2a: Aerodactyl|Aerodactyl, L50, M|100/100\n|switch|p2b: Kingambit|Kingambit, L50, M|100/100\n|-ability|p1b: Aerodactyl|Unnerve\n|-ability|p2a: Aerodactyl|Unnerve\n|turn|1\n|inactive|Murphy's kitchen has 30 seconds left.\n|inactive|speedyturtle87 has 30 seconds left.\n|inactive|speedyturtle87 has 20 seconds left.\n|inactive|speedyturtle87 has 15 seconds left.\n|inactive|Murphy's kitchen has 20 seconds left.\n|inactive|speedyturtle87 has 10 seconds left.\n|\n|t:|1776278423\n|move|p2b: Kingambit|Sucker Punch|p1a: Basculegion\n|-supereffective|p1a: Basculegion|1\n|-damage|p1a: Basculegion|8/100\n|move|p2a: Aerodactyl|Tailwind|p2a: Aerodactyl\n|-sidestart|p2: speedyturtle87|move: Tailwind\n|move|p1b: Aerodactyl|Tailwind|p1b: Aerodactyl\n|-sidestart|p1: Murphy's kitchen|move: Tailwind\n|move|p1a: Basculegion|Wave Crash|p2b: Kingambit\n|-damage|p2b: Kingambit|41/100\n|-damage|p1a: Basculegion|0 fnt|[from] Recoil\n|faint|p1a: Basculegion\n|\n|upkeep\n|\n|t:|1776278437\n|switch|p1a: Kommo-o|Kommo-o, L50, F|100/100\n|turn|2\n|\n|t:|1776278446\n|move|p2b: Kingambit|Sucker Punch|p1b: Aerodactyl\n|-damage|p1b: Aerodactyl|27/100\n|move|p1b: Aerodactyl|Rock Slide|p2b: Kingambit|[spread] p2a,p2b\n|-supereffective|p2a: Aerodactyl|1\n|-resisted|p2b: Kingambit|1\n|-damage|p2a: Aerodactyl|26/100\n|-damage|p2b: Kingambit|32/100\n|move|p2a: Aerodactyl|Rock Slide|p1a: Kommo-o|[spread] p1a,p1b\n|-resisted|p1a: Kommo-o|1\n|-supereffective|p1b: Aerodactyl|1\n|-damage|p1a: Kommo-o|87/100\n|-damage|p1b: Aerodactyl|0 fnt\n|faint|p1b: Aerodactyl\n|move|p1a: Kommo-o|Clanging Scales|p2b: Kingambit|[spread] p2a,p2b\n|-resisted|p2b: Kingambit|1\n|-damage|p2a: Aerodactyl|0 fnt\n|-damage|p2b: Kingambit|17/100\n|faint|p2a: Aerodactyl\n|-unboost|p1a: Kommo-o|def|1\n|\n|-heal|p1a: Kommo-o|93/100|[from] item: Leftovers\n|upkeep\n|\n|t:|1776278465\n|switch|p1b: Scovillain|Scovillain, L50, M|100/100\n|switch|p2a: Delphox|Delphox, L50, M|100/100\n|turn|3\n|inactive|Murphy's kitchen has 30 seconds left.\n|\n|t:|1776278495\n|detailschange|p2a: Delphox|Delphox-Mega, L50, M\n|-mega|p2a: Delphox|Delphox|Delphoxite\n|detailschange|p1b: Scovillain|Scovillain-Mega, L50, M\n|-mega|p1b: Scovillain|Scovillain|Scovillainite\n|move|p1b: Scovillain|Rage Powder|p1b: Scovillain\n|-singleturn|p1b: Scovillain|move: Rage Powder\n|move|p2b: Kingambit|Sucker Punch||[still]\n|-fail|p2b: Kingambit\n|move|p2a: Delphox|Heat Wave|p1a: Kommo-o|[spread] p1a,p1b\n|-resisted|p1a: Kommo-o|1\n|-damage|p1a: Kommo-o|72/100\n|-damage|p1b: Scovillain|58/100\n|-immune|p2a: Delphox\n|move|p1a: Kommo-o|Clangorous Soul|p1a: Kommo-o\n|-boost|p1a: Kommo-o|atk|1\n|-boost|p1a: Kommo-o|def|1\n|-boost|p1a: Kommo-o|spa|1\n|-boost|p1a: Kommo-o|spd|1\n|-boost|p1a: Kommo-o|spe|1\n|-damage|p1a: Kommo-o|39/100\n|\n|-heal|p1a: Kommo-o|45/100|[from] item: Leftovers\n|upkeep\n|turn|4\n|j| GoodraSweetheart76\n|inactive|Murphy's kitchen has 30 seconds left.\n|inactive|speedyturtle87 has 30 seconds left.\n|\n|t:|1776278525\n|move|p1a: Kommo-o|Protect|p1a: Kommo-o\n|-singleturn|p1a: Kommo-o|Protect\n|move|p2a: Delphox|Protect|p2a: Delphox\n|-singleturn|p2a: Delphox|Protect\n|move|p1b: Scovillain|Protect|p1b: Scovillain\n|-singleturn|p1b: Scovillain|Protect\n|move|p2b: Kingambit|Sucker Punch||[still]\n|-fail|p2b: Kingambit\n|\n|-heal|p1a: Kommo-o|50/100|[from] item: Leftovers\n|-sideend|p1: Murphy's kitchen|move: Tailwind\n|-sideend|p2: speedyturtle87|move: Tailwind\n|upkeep\n|turn|5\n|\n|t:|1776278541\n|move|p1b: Scovillain|Rage Powder|p1b: Scovillain\n|-singleturn|p1b: Scovillain|move: Rage Powder\n|move|p2b: Kingambit|Sucker Punch||[still]\n|-fail|p2b: Kingambit\n|move|p1a: Kommo-o|Clanging Scales|p2a: Delphox|[spread] p2a,p2b\n|-resisted|p2b: Kingambit|1\n|-damage|p2a: Delphox|60/100\n|-damage|p2b: Kingambit|0 fnt\n|faint|p2b: Kingambit\n|-unboost|p1a: Kommo-o|def|1\n|move|p2a: Delphox|Psychic|p1b: Scovillain\n|-damage|p1b: Scovillain|6/100\n|-immune|p2a: Delphox\n|\n|-heal|p1a: Kommo-o|56/100|[from] item: Leftovers\n|upkeep\n|\n|t:|1776278547\n|switch|p2b: Diggersby|Diggersby, L50, F|100/100\n|turn|6\n|\n|t:|1776278565\n|move|p1a: Kommo-o|Protect|p1a: Kommo-o\n|-singleturn|p1a: Kommo-o|Protect\n|move|p1b: Scovillain|Protect|p1b: Scovillain\n|-singleturn|p1b: Scovillain|Protect\n|move|p2b: Diggersby|Earthquake|p1b: Scovillain|[spread] \n|-activate|p1a: Kommo-o|move: Protect\n|-activate|p1b: Scovillain|move: Protect\n|-immune|p2a: Delphox|[from] ability: Levitate\n|move|p2a: Delphox|Psychic|p1a: Kommo-o\n|-activate|p1a: Kommo-o|move: Protect\n|\n|-heal|p1a: Kommo-o|62/100|[from] item: Leftovers\n|upkeep\n|turn|7\n|\n|t:|1776278584\n|move|p1b: Scovillain|Rage Powder|p1b: Scovillain\n|-singleturn|p1b: Scovillain|move: Rage Powder\n|move|p1a: Kommo-o|Aura Sphere|p2b: Diggersby\n|-supereffective|p2b: Diggersby|1\n|-damage|p2b: Diggersby|0 fnt\n|faint|p2b: Diggersby\n|move|p2a: Delphox|Psychic|p1b: Scovillain\n|-damage|p1b: Scovillain|0 fnt\n|-immune|p2a: Delphox\n|faint|p1b: Scovillain\n|\n|-heal|p1a: Kommo-o|68/100|[from] item: Leftovers\n|upkeep\n|turn|8\n|\n|t:|1776278597\n|move|p1a: Kommo-o|Protect|p1a: Kommo-o\n|-singleturn|p1a: Kommo-o|Protect\n|move|p2a: Delphox|Psychic|p1a: Kommo-o\n|-activate|p1a: Kommo-o|move: Protect\n|\n|-heal|p1a: Kommo-o|74/100|[from] item: Leftovers\n|upkeep\n|turn|9\n|\n|t:|1776278607\n|move|p1a: Kommo-o|Clanging Scales|p2a: Delphox\n|-damage|p2a: Delphox|0 fnt\n|faint|p2a: Delphox\n|\n|win|Murphy's kitchen\n|raw|Murphy&apos;s kitchen's rating: 1550 &rarr; <strong>1568</strong><br />(+18 for winning)\n|raw|speedyturtle87's rating: 1508 &rarr; <strong>1490</strong><br />(-18 for losing)\n|c|\u2606speedyturtle87|well played\n|c|\u2606Murphy's kitchen|Same\n",
  "uploadtime": 1776278627,
  "views": 55,
  "formatid": "gen9championsvgc2026regma",
  "rating": 1490,
  "private": 0,
  "password": null
}