{
  "id": "gen9championsvgc2026regma-2583872220",
  "format": "[Gen 9 Champions] VGC 2026 Reg M-A",
  "players": [
    "MrTestingPith",
    "JustJakeyVGC"
  ],
  "log": "|j|\u2606MrTestingPith\n|j|\u2606JustJakeyVGC\n|t:|1776204334\n|gametype|doubles\n|player|p1|MrTestingPith|265|1417\n|player|p2|JustJakeyVGC|266|1483\n|gen|9\n|tier|[Gen 9 Champions] VGC 2026 Reg M-A\n|rated|\n|rule|Species Clause: Limit one of each Pok\u00e9mon\n|rule|Item Clause: Limit 1 of each item\n|clearpoke\n|poke|p1|Hippowdon, L50, M|\n|poke|p1|Meganium, L50, F|\n|poke|p1|Excadrill, L50, F|\n|poke|p1|Rotom-Wash, L50|\n|poke|p1|Sneasler, L50, F|\n|poke|p1|Dragapult, L50, F|\n|poke|p2|Charizard, L50, M|\n|poke|p2|Venusaur, L50, F|\n|poke|p2|Garchomp, L50, F|\n|poke|p2|Sneasler, L50, M|\n|poke|p2|Incineroar, L50, M|\n|poke|p2|Basculegion, L50, M|\n|teampreview|4\n|\n|t:|1776204386\n|teamsize|p1|4\n|teamsize|p2|4\n|start\n|switch|p1a: Dragapult|Dragapult, L50, F|100/100\n|switch|p1b: Rotom|Rotom-Wash, L50|100/100\n|switch|p2a: Charizard|Charizard, L50, M|100/100\n|switch|p2b: Venusaur|Venusaur, L50, F|100/100\n|turn|1\n|inactive|Battle timer is ON: inactive players will automatically lose when time's up. (requested by MrTestingPith)\n|inactive|MrTestingPith has 60 seconds left.\n|\n|t:|1776204420\n|detailschange|p2a: Charizard|Charizard-Mega-Y, L50, M\n|-mega|p2a: Charizard|Charizard|Charizardite Y\n|-weather|SunnyDay|[from] ability: Drought|[of] p2a: Charizard\n|move|p1b: Rotom|Protect|p1b: Rotom\n|-singleturn|p1b: Rotom|Protect\n|move|p2b: Venusaur|Sleep Powder|p1b: Rotom\n|-activate|p1b: Rotom|move: Protect\n|move|p1a: Dragapult|Dragon Darts|p2a: Charizard\n|-damage|p2a: Charizard|68/100\n|-anim|p1a: Dragapult|Dragon Darts|p2b: Venusaur\n|-damage|p2b: Venusaur|70/100\n|move|p2a: Charizard|Heat Wave|p1b: Rotom|[spread] p1a\n|-activate|p1b: Rotom|move: Protect\n|-resisted|p1a: Dragapult|1\n|-damage|p1a: Dragapult|56/100\n|\n|-weather|SunnyDay|[upkeep]\n|upkeep\n|turn|2\n|inactive|JustJakeyVGC has 30 seconds left.\n|\n|t:|1776204446\n|move|p2b: Venusaur|Sleep Powder|p1b: Rotom\n|-status|p1b: Rotom|slp|[from] move: Sleep Powder\n|move|p1a: Dragapult|Phantom Force||[still]\n|-prepare|p1a: Dragapult|Phantom Force\n|move|p2a: Charizard|Air Slash|p1a: Dragapult|[miss]\n|-miss|p2a: Charizard|p1a: Dragapult\n|cant|p1b: Rotom|slp\n|\n|-weather|SunnyDay|[upkeep]\n|upkeep\n|turn|3\n|\n|t:|1776204462\n|move|p2b: Venusaur|Energy Ball|p1b: Rotom\n|-supereffective|p1b: Rotom|1\n|-damage|p1b: Rotom|0 fnt\n|faint|p1b: Rotom\n|move|p1a: Dragapult|Phantom Force|p2a: Charizard|[from] lockedmove\n|-damage|p2a: Charizard|19/100\n|move|p2a: Charizard|Heat Wave|p1a: Dragapult|[miss]\n|-miss|p2a: Charizard|p1a: Dragapult\n|\n|-weather|SunnyDay|[upkeep]\n|upkeep\n|\n|t:|1776204472\n|switch|p1b: Sneasler|Sneasler, L50, F|100/100\n|turn|4\n|inactive|JustJakeyVGC has 30 seconds left.\n|\n|t:|1776204506\n|move|p2b: Venusaur|Protect|p2b: Venusaur\n|-singleturn|p2b: Venusaur|Protect\n|move|p2a: Charizard|Protect|p2a: Charizard\n|-singleturn|p2a: Charizard|Protect\n|move|p1b: Sneasler|Fake Out|p2b: Venusaur\n|-activate|p2b: Venusaur|move: Protect\n|move|p1a: Dragapult|Dragon Darts|p2b: Venusaur\n|-activate|p2a: Charizard|move: Protect\n|\n|-weather|SunnyDay|[upkeep]\n|upkeep\n|turn|5\n|inactive|JustJakeyVGC has 30 seconds left.\n|\n|t:|1776204533\n|switch|p2a: Basculegion|Basculegion, L50, M|100/100\n|move|p1a: Dragapult|Protect|p1a: Dragapult\n|-singleturn|p1a: Dragapult|Protect\n|move|p1b: Sneasler|Protect|p1b: Sneasler\n|-singleturn|p1b: Sneasler|Protect\n|move|p2b: Venusaur|Earth Power|p1b: Sneasler\n|-activate|p1b: Sneasler|move: Protect\n|\n|-weather|none\n|upkeep\n|turn|6\n|\n|t:|1776204553\n|move|p1a: Dragapult|Dragon Darts|p2b: Venusaur\n|-damage|p2b: Venusaur|39/100\n|-anim|p1a: Dragapult|Dragon Darts|p2a: Basculegion\n|-damage|p2a: Basculegion|67/100\n|move|p2a: Basculegion|Flip Turn|p1b: Sneasler\n|-damage|p1b: Sneasler|38/100\n|\n|t:|1776204563\n|switch|p2a: Charizard|Charizard-Mega-Y, L50, M|19/100|[from] Flip Turn\n|-weather|SunnyDay|[from] ability: Drought|[of] p2a: Charizard\n|move|p2b: Venusaur|Earth Power|p1b: Sneasler\n|-supereffective|p1b: Sneasler|1\n|-damage|p1b: Sneasler|0 fnt\n|faint|p1b: Sneasler\n|\n|-weather|SunnyDay|[upkeep]\n|upkeep\n|\n|t:|1776204571\n|switch|p1b: Meganium|Meganium, L50, F|100/100\n|turn|7\n|\n|t:|1776204591\n|detailschange|p1b: Meganium|Meganium-Mega, L50, F\n|-mega|p1b: Meganium|Meganium|Meganiumite\n|move|p2b: Venusaur|Sleep Powder|p1a: Dragapult\n|-status|p1a: Dragapult|slp|[from] move: Sleep Powder\n|cant|p1a: Dragapult|slp\n|move|p2a: Charizard|Weather Ball|p1b: Meganium\n|-supereffective|p1b: Meganium|1\n|-damage|p1b: Meganium|0 fnt\n|faint|p1b: Meganium\n|\n|-weather|SunnyDay|[upkeep]\n|upkeep\n|turn|8\n|-message|MrTestingPith forfeited.\n|\n|win|JustJakeyVGC\n|raw|MrTestingPith's rating: 1417 &rarr; <strong>1401</strong><br />(-16 for losing)\n|raw|JustJakeyVGC's rating: 1483 &rarr; <strong>1499</strong><br />(+16 for winning)\n",
  "uploadtime": 1776204606,
  "views": 44,
  "formatid": "gen9championsvgc2026regma",
  "rating": 1401,
  "private": 0,
  "password": null
}