{
  "id": "gen9championsvgc2026regma-2586120194",
  "format": "[Gen 9 Champions] VGC 2026 Reg M-A",
  "players": [
    "potentvapors",
    "DaburaKaraba"
  ],
  "log": "|j|\u2606potentvapors\n|j|\u2606DaburaKaraba\n|t:|1776401409\n|gametype|doubles\n|player|p1|potentvapors|flannery|1000\n|player|p2|DaburaKaraba|bruno|1065\n|gen|9\n|tier|[Gen 9 Champions] VGC 2026 Reg M-A\n|rated|\n|rule|Species Clause: Limit one of each Pok\u00e9mon\n|rule|Item Clause: Limit 1 of each item\n|clearpoke\n|poke|p1|Manectric, L50, M|\n|poke|p1|Jolteon, L50, M|\n|poke|p1|Slowking-Galar, L50, M|\n|poke|p1|Umbreon, L50, F|\n|poke|p1|Typhlosion, L50, M|\n|poke|p1|Raichu, L50, M|\n|poke|p2|Talonflame, L50, M|\n|poke|p2|Lucario, L50, M|\n|poke|p2|Araquanid, L50, M|\n|poke|p2|Tsareena, L50, F|\n|poke|p2|Krookodile, L50, M|\n|poke|p2|Beedrill, L50, M|\n|teampreview|4\n|inactive|Battle timer is ON: inactive players will automatically lose when time's up. (requested by DaburaKaraba)\n|inactive|potentvapors has 60 seconds left.\n|inactive|DaburaKaraba has 60 seconds left.\n|\n|t:|1776401455\n|teamsize|p1|4\n|teamsize|p2|4\n|start\n|switch|p1a: Manectric|Manectric, L50, M, shiny|100/100\n|switch|p1b: Raichu|Raichu, L50, M|100/100\n|switch|p2a: Krookodile|Krookodile, L50, M|100/100\n|switch|p2b: Beedrill|Beedrill, L50, M|100/100\n|-ability|p2a: Krookodile|Intimidate|boost\n|-unboost|p1a: Manectric|atk|1\n|-unboost|p1b: Raichu|atk|1\n|turn|1\n|inactive|potentvapors has 30 seconds left.\n|inactive|potentvapors has 20 seconds left.\n|inactive|potentvapors has 15 seconds left.\n|inactive|potentvapors has 10 seconds left.\n|\n|t:|1776401501\n|detailschange|p1a: Manectric|Manectric-Mega, L50, M, shiny\n|-mega|p1a: Manectric|Manectric|Manectite\n|-ability|p1a: Manectric|Intimidate|boost\n|-unboost|p2a: Krookodile|atk|1\n|-unboost|p2b: Beedrill|atk|1\n|move|p2b: Beedrill|Protect|p2b: Beedrill\n|-singleturn|p2b: Beedrill|Protect\n|move|p1b: Raichu|Fake Out|p2a: Krookodile\n|-damage|p2a: Krookodile|94/100\n|move|p1a: Manectric|Discharge|p2b: Beedrill|[spread] \n|-activate|p2b: Beedrill|move: Protect\n|-ability|p1b: Raichu|Lightning Rod|boost\n|-boost|p1b: Raichu|spa|1\n|-immune|p2a: Krookodile\n|cant|p2a: Krookodile|flinch\n|\n|upkeep\n|turn|2\n|inactive|potentvapors has 30 seconds left.\n|inactive|DaburaKaraba has 30 seconds left.\n|inactive|potentvapors has 20 seconds left.\n|inactive|potentvapors has 15 seconds left.\n|\n|t:|1776401544\n|detailschange|p2b: Beedrill|Beedrill-Mega, L50, M\n|-mega|p2b: Beedrill|Beedrill|Beedrillite\n|move|p2b: Beedrill|U-turn|p1a: Manectric\n|-damage|p1a: Manectric|43/100\n|\n|t:|1776401549\n|switch|p2b: Tsareena|Tsareena, L50, F|100/100|[from] U-turn\n|move|p1a: Manectric|Discharge|p2b: Tsareena|[spread] p2b\n|-ability|p1b: Raichu|Lightning Rod|boost\n|-boost|p1b: Raichu|spa|1\n|-immune|p2a: Krookodile\n|-resisted|p2b: Tsareena|1\n|-damage|p2b: Tsareena|84/100\n|move|p1b: Raichu|Focus Blast|p2a: Krookodile\n|-supereffective|p2a: Krookodile|1\n|-damage|p2a: Krookodile|0 fnt\n|faint|p2a: Krookodile\n|\n|upkeep\n|\n|t:|1776401567\n|switch|p2a: Beedrill|Beedrill-Mega, L50, M|100/100\n|turn|3\n|inactive|potentvapors has 30 seconds left.\n|inactive|potentvapors has 20 seconds left.\n|inactive|potentvapors has 15 seconds left.\n|\n|t:|1776401611\n|switch|p1a: Slowking|Slowking-Galar, L50, M|100/100\n|move|p2a: Beedrill|U-turn|p1b: Raichu\n|-enditem|p1b: Raichu|Focus Sash\n|-damage|p1b: Raichu|1/100\n|\n|t:|1776401618\n|switch|p2a: Araquanid|Araquanid, L50, M|100/100|[from] U-turn\n|move|p1b: Raichu|Thunderbolt|p2a: Araquanid\n|-supereffective|p2a: Araquanid|1\n|-damage|p2a: Araquanid|10/100\n|move|p2b: Tsareena|Triple Axel|p1b: Raichu\n|-damage|p1b: Raichu|0 fnt\n|faint|p1b: Raichu\n|-hitcount|p1: Raichu|1\n|\n|upkeep\n|\n|t:|1776401634\n|switch|p1b: Typhlosion|Typhlosion, L50, M, shiny|100/100\n|turn|4\n|inactive|potentvapors has 30 seconds left.\n|\n|t:|1776401661\n|move|p2a: Araquanid|Wide Guard|p2a: Araquanid\n|-singleturn|p2a: Araquanid|Wide Guard\n|move|p1b: Typhlosion|Eruption|p2b: Tsareena|[spread] \n|-activate|p2a: Araquanid|move: Wide Guard\n|-activate|p2b: Tsareena|move: Wide Guard\n|move|p2b: Tsareena|Triple Axel|p1b: Typhlosion\n|-resisted|p1b: Typhlosion|1\n|-damage|p1b: Typhlosion|95/100\n|-resisted|p1b: Typhlosion|1\n|-damage|p1b: Typhlosion|86/100\n|-resisted|p1b: Typhlosion|1\n|-damage|p1b: Typhlosion|73/100\n|-hitcount|p1b: Typhlosion|3\n|move|p1a: Slowking|Sludge Bomb|p2b: Tsareena\n|-supereffective|p2b: Tsareena|1\n|-damage|p2b: Tsareena|19/100\n|\n|upkeep\n|turn|5\n|inactive|potentvapors has 30 seconds left.\n|inactive|potentvapors has 20 seconds left.\n|inactive|potentvapors has 15 seconds left.\n|inactive|potentvapors has 10 seconds left.\n|\n|t:|1776401709\n|move|p2b: Tsareena|Protect|p2b: Tsareena\n|-singleturn|p2b: Tsareena|Protect\n|move|p1b: Typhlosion|Eruption|p2b: Tsareena|[spread] p2a\n|-activate|p2b: Tsareena|move: Protect\n|-damage|p2a: Araquanid|0 fnt\n|faint|p2a: Araquanid\n|move|p1a: Slowking|Sludge Bomb|p2b: Tsareena\n|-activate|p2b: Tsareena|move: Protect\n|\n|upkeep\n|\n|t:|1776401716\n|switch|p2a: Beedrill|Beedrill-Mega, L50, M|100/100\n|turn|6\n|\n|t:|1776401728\n|move|p1b: Typhlosion|Eruption|p2a: Beedrill|[spread] p2a,p2b\n|-supereffective|p2a: Beedrill|1\n|-supereffective|p2b: Tsareena|1\n|-damage|p2a: Beedrill|0 fnt\n|-damage|p2b: Tsareena|0 fnt\n|faint|p2a: Beedrill\n|faint|p2b: Tsareena\n|\n|win|potentvapors\n|raw|potentvapors's rating: 1000 &rarr; <strong>1047</strong><br />(+47 for winning)\n|raw|DaburaKaraba's rating: 1065 &rarr; <strong>1042</strong><br />(-23 for losing)\n|l|\u2606DaburaKaraba\n|player|p2|\n",
  "uploadtime": 1776401740,
  "views": 20,
  "formatid": "gen9championsvgc2026regma",
  "rating": 1042,
  "private": 0,
  "password": null
}