{
  "id": "gen9championsvgc2026regma-2586905044",
  "format": "[Gen 9 Champions] VGC 2026 Reg M-A",
  "players": [
    "lacdaddy",
    "BeTransThrowHands"
  ],
  "log": "|j|\u2606lacdaddy\n|j|\u2606BeTransThrowHands\n|t:|1776470412\n|gametype|doubles\n|player|p1|lacdaddy|backersf|1300\n|player|p2|BeTransThrowHands|may-masters|1214\n|gen|9\n|tier|[Gen 9 Champions] VGC 2026 Reg M-A\n|rated|\n|rule|Species Clause: Limit one of each Pok\u00e9mon\n|rule|Item Clause: Limit 1 of each item\n|clearpoke\n|poke|p1|Farigiraf, L50, M|\n|poke|p1|Hatterene, L50, F|\n|poke|p1|Torkoal, L50, F|\n|poke|p1|Sinistcha, L50|\n|poke|p1|Drampa, L50, M|\n|poke|p1|Incineroar, L50, F|\n|poke|p2|Clefable, L50, F|\n|poke|p2|Aerodactyl, L50, M|\n|poke|p2|Sneasler, L50, F|\n|poke|p2|Delphox, L50, M|\n|poke|p2|Aegislash, L50, F|\n|poke|p2|Whimsicott, L50, F|\n|teampreview|4\n|inactive|Battle timer is ON: inactive players will automatically lose when time's up. (requested by lacdaddy)\n|inactive|lacdaddy has 60 seconds left.\n|inactive|BeTransThrowHands has 60 seconds left.\n|\n|t:|1776470471\n|teamsize|p1|4\n|teamsize|p2|4\n|start\n|switch|p1a: Sinistcha|Sinistcha, L50|100/100\n|switch|p1b: Drampa|Drampa, L50, M|100/100\n|switch|p2a: Sneasler|Sneasler, L50, F|100/100\n|switch|p2b: Delphox|Delphox, L50, M, shiny|100/100\n|turn|1\n|\n|t:|1776470492\n|switch|p1b: Incineroar|Incineroar, L50, F|100/100\n|-ability|p1b: Incineroar|Intimidate|boost\n|-unboost|p2a: Sneasler|atk|1\n|-unboost|p2b: Delphox|atk|1\n|-enditem|p2a: Sneasler|White Herb\n|-clearnegativeboost|p2a: Sneasler|[silent]\n|detailschange|p2b: Delphox|Delphox-Mega, L50, M, shiny\n|-mega|p2b: Delphox|Delphox|Delphoxite\n|move|p2a: Sneasler|Dire Claw|p1a: Sinistcha\n|-damage|p1a: Sinistcha|61/100\n|move|p2b: Delphox|Heat Wave|p1a: Sinistcha|[spread] p1a\n|-miss|p2b: Delphox|p1b: Incineroar\n|-supereffective|p1a: Sinistcha|1\n|-damage|p1a: Sinistcha|0 fnt\n|faint|p1a: Sinistcha\n|\n|upkeep\n|\n|t:|1776470505\n|switch|p1a: Drampa|Drampa, L50, M|100/100\n|turn|2\n|inactive|lacdaddy has 30 seconds left.\n|\n|t:|1776470533\n|detailschange|p1a: Drampa|Drampa-Mega, L50, M\n|-mega|p1a: Drampa|Drampa|Drampanite\n|move|p2a: Sneasler|Protect|p2a: Sneasler\n|-singleturn|p2a: Sneasler|Protect\n|move|p1b: Incineroar|Fake Out|p2a: Sneasler\n|-activate|p2a: Sneasler|move: Protect\n|move|p2b: Delphox|Psychic|p1a: Drampa\n|-damage|p1a: Drampa|55/100\n|move|p1a: Drampa|Hyper Voice|p2b: Delphox|[spread] p2b\n|-activate|p2a: Sneasler|move: Protect\n|-damage|p2b: Delphox|55/100\n|\n|upkeep\n|turn|3\n|\n|t:|1776470549\n|switch|p1a: Torkoal|Torkoal, L50, F|100/100\n|-weather|SunnyDay|[from] ability: Drought|[of] p1a: Torkoal\n|move|p2a: Sneasler|Close Combat|p1b: Incineroar\n|-supereffective|p1b: Incineroar|1\n|-damage|p1b: Incineroar|0 fnt\n|-unboost|p2a: Sneasler|def|1\n|-unboost|p2a: Sneasler|spd|1\n|faint|p1b: Incineroar\n|move|p2b: Delphox|Psychic|p1a: Torkoal\n|-damage|p1a: Torkoal|29/100\n|\n|-weather|SunnyDay|[upkeep]\n|upkeep\n|\n|t:|1776470556\n|switch|p1b: Drampa|Drampa-Mega, L50, M|55/100\n|turn|4\n|\n|t:|1776470568\n|move|p2a: Sneasler|Close Combat|p1a: Torkoal\n|-damage|p1a: Torkoal|0 fnt\n|-unboost|p2a: Sneasler|def|1\n|-unboost|p2a: Sneasler|spd|1\n|faint|p1a: Torkoal\n|move|p2b: Delphox|Psychic|p1b: Drampa\n|-damage|p1b: Drampa|6/100\n|-ability|p1b: Drampa|Berserk|boost\n|-boost|p1b: Drampa|spa|1\n|move|p1b: Drampa|Hyper Voice|p2a: Sneasler|[spread] p2a,p2b\n|-damage|p2a: Sneasler|0 fnt\n|-damage|p2b: Delphox|0 fnt\n|faint|p2a: Sneasler\n|faint|p2b: Delphox\n|\n|-weather|SunnyDay|[upkeep]\n|upkeep\n|\n|t:|1776470574\n|switch|p2b: Aegislash|Aegislash, L50, F|100/100\n|switch|p2a: Clefable|Clefable, L50, F, shiny|100/100\n|turn|5\n|\n|t:|1776470581\n|move|p2a: Clefable|Moonblast|p1b: Drampa\n|-supereffective|p1b: Drampa|1\n|-damage|p1b: Drampa|0 fnt\n|faint|p1b: Drampa\n|\n|win|BeTransThrowHands\n|raw|lacdaddy's rating: 1300 &rarr; <strong>1269</strong><br />(-31 for losing)\n|raw|BeTransThrowHands's rating: 1214 &rarr; <strong>1245</strong><br />(+31 for winning)\n|l|\u2606lacdaddy\n|player|p1|\n",
  "uploadtime": 1776470586,
  "views": 31,
  "formatid": "gen9championsvgc2026regma",
  "rating": 1245,
  "private": 0,
  "password": null
}