{
  "id": "gen9championsvgc2026regma-2583336753",
  "format": "[Gen 9 Champions] VGC 2026 Reg M-A",
  "players": [
    "Zanyo18",
    "oarasalp"
  ],
  "log": "|j|\u2606Zanyo18\n|j|\u2606oarasalp\n|t:|1776168076\n|gametype|doubles\n|player|p1|Zanyo18|101|1085\n|player|p2|oarasalp|unknown|1083\n|gen|9\n|tier|[Gen 9 Champions] VGC 2026 Reg M-A\n|rated|\n|rule|Species Clause: Limit one of each Pok\u00e9mon\n|rule|Item Clause: Limit 1 of each item\n|clearpoke\n|poke|p1|Dragonite, L50, M|\n|poke|p1|Pelipper, L50, M|\n|poke|p1|Meowscarada, L50, M|\n|poke|p1|Whimsicott, L50, F|\n|poke|p1|Toxicroak, L50, M|\n|poke|p1|Charizard, L50, F|\n|poke|p2|Meganium, L50, F|\n|poke|p2|Archaludon, L50, M|\n|poke|p2|Politoed, L50, M|\n|poke|p2|Basculegion, L50, M|\n|poke|p2|Incineroar, L50, F|\n|poke|p2|Gengar, L50, F|\n|teampreview|4\n|inactive|Battle timer is ON: inactive players will automatically lose when time's up. (requested by Zanyo18)\n|inactive|Zanyo18 has 60 seconds left.\noarasalp has agreed to open team sheets.\n|inactive|Zanyo18 has 30 seconds left.\nZanyo18 rejected open team sheets.\n|inactive|Zanyo18 has 20 seconds left.\n|inactive|Zanyo18 has 15 seconds left.\n|inactive|Zanyo18 has 10 seconds left.\n|\n|t:|1776168157\n|teamsize|p1|4\n|teamsize|p2|4\n|start\n|switch|p1a: Pelipper|Pelipper, L50, M|100/100\n|switch|p1b: Dragonite|Dragonite, L50, M|100/100\n|switch|p2a: Gengar|Gengar, L50, F, shiny|100/100\n|switch|p2b: Incineroar|Incineroar, L50, F|100/100\n|-ability|p2b: Incineroar|Intimidate|boost\n|-unboost|p1a: Pelipper|atk|1\n|-unboost|p1b: Dragonite|atk|1\n|-weather|RainDance|[from] ability: Drizzle|[of] p1a: Pelipper\n|turn|1\n|inactive|Zanyo18 has 30 seconds left.\n|inactive|oarasalp has 30 seconds left.\n|\n|t:|1776168191\n|detailschange|p2a: Gengar|Gengar-Mega, L50, F, shiny\n|-mega|p2a: Gengar|Gengar|Gengarite\n|detailschange|p1b: Dragonite|Dragonite-Mega, L50, M\n|-mega|p1b: Dragonite|Dragonite|Dragoninite\n|move|p2b: Incineroar|Fake Out|p1b: Dragonite\n|-damage|p1b: Dragonite|95/100\n|move|p2a: Gengar|Perish Song|p2a: Gengar\n|-start|p1a: Pelipper|perish3|[silent]\n|-start|p1b: Dragonite|perish3|[silent]\n|-start|p2a: Gengar|perish3|[silent]\n|-start|p2b: Incineroar|perish3|[silent]\n|-fieldactivate|move: Perish Song\n|cant|p1b: Dragonite|flinch\n|move|p1a: Pelipper|Surf|p2a: Gengar|[spread] p1b,p2a,p2b\n|-resisted|p1b: Dragonite|1\n|-supereffective|p2b: Incineroar|1\n|-damage|p1b: Dragonite|77/100\n|-damage|p2a: Gengar|62/100\n|-damage|p2b: Incineroar|17/100\n|\n|-weather|RainDance|[upkeep]\n|-start|p2a: Gengar|perish3\n|-start|p1b: Dragonite|perish3\n|-start|p2b: Incineroar|perish3\n|-start|p1a: Pelipper|perish3\n|upkeep\n|turn|2\n|inactive|Zanyo18 has 30 seconds left.\n|\n|t:|1776168219\n|move|p2a: Gengar|Protect|p2a: Gengar\n|-singleturn|p2a: Gengar|Protect\n|move|p2b: Incineroar|Protect|p2b: Incineroar\n|-singleturn|p2b: Incineroar|Protect\n|move|p1b: Dragonite|Thunder|p2a: Gengar\n|-activate|p2a: Gengar|move: Protect\n|move|p1a: Pelipper|Surf|p2a: Gengar|[spread] p1b\n|-activate|p2a: Gengar|move: Protect\n|-activate|p2b: Incineroar|move: Protect\n|-resisted|p1b: Dragonite|1\n|-crit|p1b: Dragonite\n|-damage|p1b: Dragonite|52/100\n|\n|-weather|RainDance|[upkeep]\n|-start|p2a: Gengar|perish2\n|-start|p1b: Dragonite|perish2\n|-start|p2b: Incineroar|perish2\n|-start|p1a: Pelipper|perish2\n|upkeep\n|turn|3\n|inactive|Zanyo18 has 30 seconds left.\n|\n|t:|1776168248\n|switch|p2a: Basculegion|Basculegion, L50, M|100/100\n|move|p1b: Dragonite|Roost|p1b: Dragonite\n|-heal|p1b: Dragonite|100/100\n|-singleturn|p1b: Dragonite|move: Roost\n|move|p2b: Incineroar|Parting Shot|p1b: Dragonite\n|-unboost|p1b: Dragonite|atk|1\n|-unboost|p1b: Dragonite|spa|1\n|\n|t:|1776168257\n|switch|p2b: Gengar|Gengar-Mega, L50, F, shiny|62/100|[from] Parting Shot\n|move|p1a: Pelipper|Tailwind|p1a: Pelipper\n|-sidestart|p1: Zanyo18|move: Tailwind\n|\n|-weather|RainDance|[upkeep]\n|-start|p1b: Dragonite|perish1\n|-start|p1a: Pelipper|perish1\n|upkeep\n|turn|4\n|inactive|Zanyo18 has 30 seconds left.\n|inactive|Zanyo18 has 20 seconds left.\n|inactive|Zanyo18 has 15 seconds left.\n|\n|t:|1776168302\n|move|p2a: Basculegion|Protect|p2a: Basculegion\n|-singleturn|p2a: Basculegion|Protect\n|move|p2b: Gengar|Protect|p2b: Gengar\n|-singleturn|p2b: Gengar|Protect\n|move|p1b: Dragonite|Thunder|p2a: Basculegion\n|-activate|p2a: Basculegion|move: Protect\n|move|p1a: Pelipper|Hurricane|p2a: Basculegion\n|-activate|p2a: Basculegion|move: Protect\n|\n|-weather|RainDance|[upkeep]\n|-start|p1b: Dragonite|perish0\n|-start|p1a: Pelipper|perish0\n|faint|p1b: Dragonite\n|faint|p1a: Pelipper\n|upkeep\n|\n|t:|1776168327\n|switch|p1b: Meowscarada|Meowscarada, L50, M|100/100\n|switch|p1a: Toxicroak|Toxicroak, L50, M|100/100\n|turn|5\n|\n|t:|1776168350\n|move|p1b: Meowscarada|Flower Trick|p2a: Basculegion\n|-start|p1b: Meowscarada|typechange|Grass|[from] ability: Protean\n|-supereffective|p2a: Basculegion|1\n|-crit|p2a: Basculegion\n|-damage|p2a: Basculegion|0 fnt\n|faint|p2a: Basculegion\n|move|p1a: Toxicroak|Swords Dance|p1a: Toxicroak\n|-boost|p1a: Toxicroak|atk|2\n|move|p2b: Gengar|Perish Song|p2b: Gengar\n|-start|p1a: Toxicroak|perish3|[silent]\n|-start|p1b: Meowscarada|perish3|[silent]\n|-start|p2b: Gengar|perish3|[silent]\n|-fieldactivate|move: Perish Song\n|\n|-weather|none\n|-start|p1b: Meowscarada|perish3\n|-start|p1a: Toxicroak|perish3\n|-start|p2b: Gengar|perish3\n|upkeep\n|\n|t:|1776168364\n|switch|p2a: Incineroar|Incineroar, L50, F|17/100\n|-ability|p2a: Incineroar|Intimidate|boost\n|-unboost|p1a: Toxicroak|atk|1\n|-unboost|p1b: Meowscarada|atk|1\n|turn|6\n|\n|t:|1776168388\n|move|p2b: Gengar|Protect|p2b: Gengar\n|-singleturn|p2b: Gengar|Protect\n|move|p2a: Incineroar|Protect|p2a: Incineroar\n|-singleturn|p2a: Incineroar|Protect\n|move|p1b: Meowscarada|Flower Trick|p2b: Gengar\n|-activate|p2b: Gengar|move: Protect\n|move|p1a: Toxicroak|Poison Jab|p2a: Incineroar\n|-activate|p2a: Incineroar|move: Protect\n|\n|-start|p1b: Meowscarada|perish2\n|-start|p1a: Toxicroak|perish2\n|-start|p2b: Gengar|perish2\n|-sideend|p1: Zanyo18|move: Tailwind\n|upkeep\n|turn|7\n|inactive|Zanyo18 has 30 seconds left.\n|\n|t:|1776168419\n|switch|p2b: Politoed|Politoed, L50, M|100/100\n|-weather|RainDance|[from] ability: Drizzle|[of] p2b: Politoed\n|move|p1b: Meowscarada|Play Rough|p2a: Incineroar\n|-damage|p2a: Incineroar|0 fnt\n|faint|p2a: Incineroar\n|move|p1a: Toxicroak|Poison Jab|p2b: Politoed\n|-damage|p2b: Politoed|35/100\n|-status|p2b: Politoed|psn\n|-enditem|p2b: Politoed|Sitrus Berry|[eat]\n|-heal|p2b: Politoed|60/100 psn|[from] item: Sitrus Berry\n|\n|-weather|RainDance|[upkeep]\n|-damage|p2b: Politoed|48/100 psn|[from] psn\n|-start|p1b: Meowscarada|perish1\n|-start|p1a: Toxicroak|perish1\n|upkeep\n|\n|t:|1776168435\n|switch|p2a: Gengar|Gengar-Mega, L50, F, shiny|62/100\n|turn|8\n|inactive|Zanyo18 has 30 seconds left.\n|-activate|p1a: Toxicroak|item: Quick Claw\n|\n|t:|1776168465\n|move|p2a: Gengar|Protect|p2a: Gengar\n|-singleturn|p2a: Gengar|Protect\n|move|p2b: Politoed|Protect|p2b: Politoed\n|-singleturn|p2b: Politoed|Protect\n|move|p1a: Toxicroak|Poison Jab|p2b: Politoed\n|-activate|p2b: Politoed|move: Protect\n|move|p1b: Meowscarada|Play Rough|p2a: Gengar\n|-activate|p2a: Gengar|move: Protect\n|\n|-weather|RainDance|[upkeep]\n|-damage|p2b: Politoed|36/100 psn|[from] psn\n|-start|p1b: Meowscarada|perish0\n|-start|p1a: Toxicroak|perish0\n|faint|p1b: Meowscarada\n|faint|p1a: Toxicroak\n|\n|win|oarasalp\n|raw|Zanyo18's rating: 1085 &rarr; <strong>1062</strong><br />(-23 for losing)\n|raw|oarasalp's rating: 1083 &rarr; <strong>1111</strong><br />(+28 for winning)\n",
  "uploadtime": 1776168482,
  "views": 22,
  "formatid": "gen9championsvgc2026regma",
  "rating": 1062,
  "private": 0,
  "password": null
}