{
  "id": "gen9championsvgc2026regma-2589416264",
  "format": "[Gen 9 Champions] VGC 2026 Reg M-A",
  "players": [
    "promoape",
    "NathanaelW19"
  ],
  "log": "|j|\u2606promoape\n|j|\u2606NathanaelW19\n|t:|1776721136\n|gametype|doubles\n|player|p1|promoape|sabrina|1212\n|player|p2|NathanaelW19|dragontamer|1195\n|gen|9\n|tier|[Gen 9 Champions] VGC 2026 Reg M-A\n|rated|\n|rule|Species Clause: Limit one of each Pok\u00e9mon\n|rule|Item Clause: Limit 1 of each item\n|clearpoke\n|poke|p1|Scovillain, L50, M|\n|poke|p1|Archaludon, L50, F|\n|poke|p1|Pelipper, L50, F|\n|poke|p1|Basculegion, L50, M|\n|poke|p1|Sneasler, L50, M|\n|poke|p1|Aerodactyl, L50, M|\n|poke|p2|Floette-Eternal, L50, F|\n|poke|p2|Glimmora, L50, M|\n|poke|p2|Talonflame, L50, F|\n|poke|p2|Tauros-Paldea-Aqua, L50, M|\n|poke|p2|Tsareena, L50, F|\n|poke|p2|Kingambit, L50, F|\n|teampreview|4\n|inactive|Battle timer is ON: inactive players will automatically lose when time's up. (requested by NathanaelW19)\npromoape rejected open team sheets.\n|inactive|NathanaelW19 has 60 seconds left.\n|\n|t:|1776721184\n|teamsize|p1|4\n|teamsize|p2|4\n|start\n|switch|p1a: Aerodactyl|Aerodactyl, L50, M|100/100\n|switch|p1b: Pelipper|Pelipper, L50, F|100/100\n|switch|p2a: Talonflame|Talonflame, L50, F|100/100\n|switch|p2b: Tsareena|Tsareena, L50, F|100/100\n|-ability|p1a: Aerodactyl|Pressure\n|-weather|RainDance|[from] ability: Drizzle|[of] p1b: Pelipper\n|turn|1\n|\n|t:|1776721202\n|move|p2a: Talonflame|Tailwind|p2a: Talonflame\n|-sidestart|p2: NathanaelW19|move: Tailwind\n|move|p2b: Tsareena|Taunt|p1b: Pelipper\n|-start|p1b: Pelipper|move: Taunt\n|move|p1a: Aerodactyl|Rock Slide|p2b: Tsareena|[spread] p2a,p2b\n|-supereffective|p2a: Talonflame|2\n|-damage|p2a: Talonflame|0 fnt\n|-damage|p2b: Tsareena|78/100\n|faint|p2a: Talonflame\n|cant|p1b: Pelipper|move: Taunt|Tailwind\n|\n|-weather|RainDance|[upkeep]\n|upkeep\n|\n|t:|1776721211\n|switch|p2a: Tauros|Tauros-Paldea-Aqua, L50, M|100/100\n|-ability|p2a: Tauros|Intimidate|boost\n|-unboost|p1a: Aerodactyl|atk|1\n|-unboost|p1b: Pelipper|atk|1\n|turn|2\n|\n|t:|1776721237\n|move|p2a: Tauros|Wave Crash|p1b: Pelipper\n|-resisted|p1b: Pelipper|1\n|-damage|p1b: Pelipper|58/100\n|-damage|p2a: Tauros|86/100|[from] Recoil\n|move|p2b: Tsareena|Taunt|p1a: Aerodactyl\n|-start|p1a: Aerodactyl|move: Taunt\n|cant|p1a: Aerodactyl|move: Taunt|Tailwind\n|move|p1b: Pelipper|Hurricane|p2a: Tauros\n|-supereffective|p2a: Tauros|1\n|-damage|p2a: Tauros|0 fnt\n|faint|p2a: Tauros\n|\n|-weather|RainDance|[upkeep]\n|upkeep\n|\n|t:|1776721241\n|switch|p2a: Glimmora|Glimmora, L50, M|100/100\n|turn|3\n|\n|t:|1776721250\n|switch|p1a: Basculegion|Basculegion, L50, M|100/100\n|detailschange|p2a: Glimmora|Glimmora-Mega, L50, M\n|-mega|p2a: Glimmora|Glimmora|Glimmoranite\n|move|p2a: Glimmora|Power Gem|p1b: Pelipper\n|-supereffective|p1b: Pelipper|1\n|-damage|p1b: Pelipper|0 fnt\n|faint|p1b: Pelipper\n|move|p2b: Tsareena|Trop Kick|p1a: Basculegion\n|-supereffective|p1a: Basculegion|1\n|-crit|p1a: Basculegion\n|-damage|p1a: Basculegion|0 fnt\n|faint|p1a: Basculegion\n|\n|-weather|RainDance|[upkeep]\n|upkeep\n|\n|t:|1776721259\n|switch|p1a: Aerodactyl|Aerodactyl, L50, M|100/100\n|switch|p1b: Archaludon|Archaludon, L50, F|100/100\n|-ability|p1a: Aerodactyl|Pressure\n|turn|4\n|\n|t:|1776721269\n|move|p2a: Glimmora|Earth Power|p1b: Archaludon\n|-supereffective|p1b: Archaludon|1\n|-damage|p1b: Archaludon|25/100\n|-ability|p1b: Archaludon|Stamina|boost\n|-boost|p1b: Archaludon|def|1\n|move|p2b: Tsareena|Low Kick|p1b: Archaludon\n|-supereffective|p1b: Archaludon|1\n|-damage|p1b: Archaludon|0 fnt\n|faint|p1b: Archaludon\n|move|p1a: Aerodactyl|Dual Wingbeat|p2b: Tsareena\n|-supereffective|p2b: Tsareena|1\n|-damage|p2b: Tsareena|47/100\n|-supereffective|p2b: Tsareena|1\n|-damage|p2b: Tsareena|16/100\n|-hitcount|p2b: Tsareena|2\n|\n|-weather|RainDance|[upkeep]\n|-sideend|p2: NathanaelW19|move: Tailwind\n|upkeep\n|turn|5\n|\n|t:|1776721285\n|move|p1a: Aerodactyl|Rock Slide|p2a: Glimmora|[spread] p2a,p2b\n|-damage|p2a: Glimmora|75/100\n|-damage|p2b: Tsareena|0 fnt\n|faint|p2b: Tsareena\n|move|p2a: Glimmora|Power Gem|p1a: Aerodactyl\n|-supereffective|p1a: Aerodactyl|1\n|-damage|p1a: Aerodactyl|0 fnt\n|faint|p1a: Aerodactyl\n|\n|win|NathanaelW19\n|raw|promoape's rating: 1212 &rarr; <strong>1186</strong><br />(-26 for losing)\n|raw|NathanaelW19's rating: 1195 &rarr; <strong>1221</strong><br />(+26 for winning)\n|l|\u2606promoape\n|player|p1|\n",
  "uploadtime": 1776721294,
  "views": 4,
  "formatid": "gen9championsvgc2026regma",
  "rating": 1186,
  "private": 0,
  "password": null
}