{
  "id": "gen9championsvgc2026regma-2583828875",
  "format": "[Gen 9 Champions] VGC 2026 Reg M-A",
  "players": [
    "Disfrazdetigre",
    "CrystalDialga"
  ],
  "log": "|j|\u2606Disfrazdetigre\n|j|\u2606CrystalDialga\n|t:|1776200937\n|gametype|doubles\n|player|p1|Disfrazdetigre|170|1188\n|player|p2|CrystalDialga|larry|1256\n|gen|9\n|tier|[Gen 9 Champions] VGC 2026 Reg M-A\n|rated|\n|rule|Species Clause: Limit one of each Pok\u00e9mon\n|rule|Item Clause: Limit 1 of each item\n|clearpoke\n|poke|p1|Sableye, L50, M|\n|poke|p1|Sinistcha, L50|\n|poke|p1|Medicham, L50, M|\n|poke|p1|Vanilluxe, L50, M|\n|poke|p1|Blastoise, L50, M|\n|poke|p1|Kingambit, L50, F|\n|poke|p2|Starmie, L50|\n|poke|p2|Kingambit, L50, M|\n|poke|p2|Sneasler, L50, F|\n|poke|p2|Sinistcha, L50|\n|poke|p2|Pelipper, L50, M|\n|poke|p2|Floette-Eternal, L50, F|\n|teampreview|4\n|inactive|Battle timer is ON: inactive players will automatically lose when time's up. (requested by CrystalDialga)\n|inactive|Disfrazdetigre has 60 seconds left.\n|\n|t:|1776200997\n|teamsize|p1|4\n|teamsize|p2|4\n|start\n|switch|p1a: Sableye|Sableye, L50, M|100/100\n|switch|p1b: Medicham|Medicham, L50, M|100/100\n|switch|p2a: Sneasler|Sneasler, L50, F|100/100\n|switch|p2b: Floette|Floette-Eternal, L50, F|100/100\n|turn|1\n|\n|t:|1776201008\n|detailschange|p2b: Floette|Floette-Mega, L50, F\n|-mega|p2b: Floette|Floette|Floettite\n|-ability|p2b: Floette|Fairy Aura\n|detailschange|p1b: Medicham|Medicham-Mega, L50, M\n|-mega|p1b: Medicham|Medicham|Medichamite\n|move|p2a: Sneasler|Fake Out|p1b: Medicham\n|-damage|p1b: Medicham|78/100\n|cant|p1b: Medicham|flinch\n|move|p1a: Sableye|Fake Out|p2b: Floette\n|-damage|p2b: Floette|93/100\n|cant|p2b: Floette|flinch\n|\n|upkeep\n|turn|2\n|inactive|CrystalDialga has 30 seconds left.\n|inactive|Disfrazdetigre has 30 seconds left.\n|\n|t:|1776201043\n|move|p1a: Sableye|Encore|p2a: Sneasler\n|-start|p2a: Sneasler|Encore\n|move|p2a: Sneasler|Fake Out||[still]\n|-hint|Fake Out only works on your first turn out.\n|-fail|p2a: Sneasler\n|move|p1b: Medicham|Zen Headbutt|p2b: Floette\n|-damage|p2b: Floette|22/100\n|move|p2b: Floette|Dazzling Gleam|p1b: Medicham|[spread] p1a,p1b\n|-supereffective|p1a: Sableye|1\n|-supereffective|p1b: Medicham|1\n|-damage|p1a: Sableye|0 fnt\n|-damage|p1b: Medicham|0 fnt\n|faint|p1a: Sableye\n|faint|p1b: Medicham\n|\n|upkeep\n|\n|t:|1776201053\n|switch|p1b: Blastoise|Blastoise, L50, M|100/100\n|switch|p1a: Kingambit|Kingambit, L50, F|100/100\n|turn|3\n|\n|t:|1776201061\n|switch|p2a: Sinistcha|Sinistcha, L50|100/100\n|-heal|p2b: Floette|47/100|[from] ability: Hospitality|[of] p2a: Sinistcha\n|move|p2b: Floette|Protect|p2b: Floette\n|-singleturn|p2b: Floette|Protect\n|move|p1a: Kingambit|Sucker Punch||[still]\n|-fail|p1a: Kingambit\n|move|p1b: Blastoise|Shell Smash|p1b: Blastoise\n|-unboost|p1b: Blastoise|def|1\n|-unboost|p1b: Blastoise|spd|1\n|-boost|p1b: Blastoise|atk|2\n|-boost|p1b: Blastoise|spa|2\n|-boost|p1b: Blastoise|spe|2\n|-enditem|p1b: Blastoise|White Herb\n|-clearnegativeboost|p1b: Blastoise|[silent]\n|\n|upkeep\n|turn|4\n|inactive|CrystalDialga has 30 seconds left.\n|\n|t:|1776201094\n|move|p2a: Sinistcha|Rage Powder|p2a: Sinistcha\n|-singleturn|p2a: Sinistcha|move: Rage Powder\n|move|p1b: Blastoise|Water Spout|p2b: Floette|[spread] p2a,p2b\n|-resisted|p2a: Sinistcha|1\n|-damage|p2a: Sinistcha|59/100\n|-damage|p2b: Floette|0 fnt\n|faint|p2b: Floette\n|move|p1a: Kingambit|Kowtow Cleave|p2a: Sinistcha\n|-supereffective|p2a: Sinistcha|1\n|-damage|p2a: Sinistcha|0 fnt\n|faint|p2a: Sinistcha\n|\n|upkeep\n|\n|t:|1776201099\n|switch|p2b: Pelipper|Pelipper, L50, M|100/100\n|switch|p2a: Sneasler|Sneasler, L50, F|100/100\n|-weather|RainDance|[from] ability: Drizzle|[of] p2b: Pelipper\n|turn|5\n|inactive|Disfrazdetigre has 30 seconds left.\n|\n|t:|1776201128\n|move|p2a: Sneasler|Fake Out|p1b: Blastoise\n|-damage|p1b: Blastoise|86/100\n|move|p1a: Kingambit|Sucker Punch||[still]\n|-fail|p1a: Kingambit\n|cant|p1b: Blastoise|flinch\n|move|p2b: Pelipper|Tailwind|p2b: Pelipper\n|-sidestart|p2: CrystalDialga|move: Tailwind\n|\n|-weather|RainDance|[upkeep]\n|-heal|p1b: Blastoise|91/100|[from] ability: Rain Dish\n|upkeep\n|turn|6\n|\n|t:|1776201147\n|move|p2b: Pelipper|Helping Hand|p2a: Sneasler\n|-singleturn|p2a: Sneasler|Helping Hand|[of] p2b: Pelipper\n|move|p2a: Sneasler|Close Combat|p1b: Blastoise\n|-damage|p1b: Blastoise|0 fnt\n|-unboost|p2a: Sneasler|def|1\n|-unboost|p2a: Sneasler|spd|1\n|faint|p1b: Blastoise\n|-enditem|p2a: Sneasler|White Herb\n|-clearnegativeboost|p2a: Sneasler|[silent]\n|move|p1a: Kingambit|Iron Head|p2a: Sneasler\n|-damage|p2a: Sneasler|23/100\n|\n|-weather|RainDance|[upkeep]\n|upkeep\n|turn|7\n|\n|t:|1776201162\n|move|p1a: Kingambit|Sucker Punch||[still]\n|-fail|p1a: Kingambit\n|move|p2a: Sneasler|Coaching|p2b: Pelipper\n|-boost|p2b: Pelipper|atk|1\n|-boost|p2b: Pelipper|def|1\n|move|p2b: Pelipper|Weather Ball|p1a: Kingambit\n|-damage|p1a: Kingambit|34/100\n|\n|-weather|RainDance|[upkeep]\n|upkeep\n|turn|8\n|\n|t:|1776201167\n|move|p1a: Kingambit|Sucker Punch|p2a: Sneasler\n|-resisted|p2a: Sneasler|1\n|-damage|p2a: Sneasler|0 fnt\n|faint|p2a: Sneasler\n|move|p2b: Pelipper|Weather Ball|p1a: Kingambit\n|-damage|p1a: Kingambit|0 fnt\n|faint|p1a: Kingambit\n|\n|win|CrystalDialga\n|raw|Disfrazdetigre's rating: 1188 &rarr; <strong>1168</strong><br />(-20 for losing)\n|raw|CrystalDialga's rating: 1256 &rarr; <strong>1276</strong><br />(+20 for winning)\n|c|\u2606Disfrazdetigre|Gg\n|c|\u2606CrystalDialga|gg\n",
  "uploadtime": 1776201176,
  "views": 16,
  "formatid": "gen9championsvgc2026regma",
  "rating": 1168,
  "private": 0,
  "password": null
}