{
  "id": "gen9championsvgc2026regma-2587264756",
  "format": "[Gen 9 Champions] VGC 2026 Reg M-A",
  "players": [
    "hubuluscumbulus",
    "Over The Falls"
  ],
  "log": "|j|\u2606hubuluscumbulus\n|j|\u2606Over The Falls\n|t:|1776516085\n|gametype|doubles\n|player|p1|hubuluscumbulus|preschooler|1171\n|player|p2|Over The Falls|fisherman|1077\n|gen|9\n|tier|[Gen 9 Champions] VGC 2026 Reg M-A\n|rated|\n|rule|Species Clause: Limit one of each Pok\u00e9mon\n|rule|Item Clause: Limit 1 of each item\n|clearpoke\n|poke|p1|Victreebel, L50, F|\n|poke|p1|Milotic, L50, F|\n|poke|p1|Sneasler, L50, F|\n|poke|p1|Dragapult, L50, M|\n|poke|p1|Incineroar, L50, F|\n|poke|p1|Basculegion, L50, M|\n|poke|p2|Machamp, L50, F|\n|poke|p2|Slowbro, L50, M|\n|poke|p2|Incineroar, L50, M|\n|poke|p2|Sinistcha, L50|\n|poke|p2|Hydreigon, L50, M|\n|poke|p2|Excadrill, L50, F|\n|teampreview|4\n|inactive|Battle timer is ON: inactive players will automatically lose when time's up. (requested by hubuluscumbulus)\n|inactive|Over The Falls has 60 seconds left.\nhubuluscumbulus rejected open team sheets.\n|\n|t:|1776516135\n|teamsize|p1|4\n|teamsize|p2|4\n|start\n|switch|p1a: Victreebel|Victreebel, L50, F|100/100\n|switch|p1b: Milotic|Milotic, L50, F|100/100\n|switch|p2a: Slowbro|Slowbro, L50, M|100/100\n|switch|p2b: Hydreigon|Hydreigon, L50, M|100/100\n|turn|1\n|\n|t:|1776516157\n|detailschange|p1a: Victreebel|Victreebel-Mega, L50, F\n|-mega|p1a: Victreebel|Victreebel|Victreebelite\n|detailschange|p2a: Slowbro|Slowbro-Mega, L50, M\n|-mega|p2a: Slowbro|Slowbro|Slowbronite\n|move|p2b: Hydreigon|U-turn|p1a: Victreebel\n|-damage|p1a: Victreebel|83/100\n|\n|t:|1776516171\n|switch|p2b: Sinistcha|Sinistcha, L50|100/100|[from] U-turn\n|move|p1b: Milotic|Draining Kiss|p2b: Sinistcha\n|-damage|p2b: Sinistcha|84/100\n|move|p1a: Victreebel|Giga Drain|p2a: Slowbro\n|-supereffective|p2a: Slowbro|1\n|-damage|p2a: Slowbro|25/100\n|-heal|p1a: Victreebel|100/100|[from] drain|[of] p2a: Slowbro\n|move|p2a: Slowbro|Trick Room|p2a: Slowbro\n|-fieldstart|move: Trick Room|[of] p2a: Slowbro\n|\n|upkeep\n|turn|2\n|\n|t:|1776516194\n|move|p1b: Milotic|Protect|p1b: Milotic\n|-singleturn|p1b: Milotic|Protect\n|move|p2a: Slowbro|Psychic|p1a: Victreebel\n|-supereffective|p1a: Victreebel|1\n|-damage|p1a: Victreebel|0 fnt\n|-damage|p2a: Slowbro|0 fnt|[from] ability: Innards Out|[of] p1a: Victreebel\n|faint|p1a: Victreebel\n|faint|p2a: Slowbro\n|move|p2b: Sinistcha|Calm Mind|p2b: Sinistcha\n|-boost|p2b: Sinistcha|spa|1\n|-boost|p2b: Sinistcha|spd|1\n|\n|upkeep\n|\n|t:|1776516206\n|switch|p2a: Machamo|Machamp, L50, F|100/100\n|switch|p1a: Incineroar|Incineroar, L50, F|100/100\n|-ability|p1a: Incineroar|Intimidate|boost\n|-unboost|p2a: Machamo|atk|1\n|-unboost|p2b: Sinistcha|atk|1\n|turn|3\n|\n|t:|1776516215\n|move|p1a: Incineroar|Fake Out|p2a: Machamo\n|-damage|p2a: Machamo|85/100\n|cant|p2a: Machamo|flinch\n|move|p2b: Sinistcha|Calm Mind|p2b: Sinistcha\n|-boost|p2b: Sinistcha|spa|1\n|-boost|p2b: Sinistcha|spd|1\n|move|p1b: Milotic|Ice Beam|p2b: Sinistcha\n|-supereffective|p2b: Sinistcha|1\n|-damage|p2b: Sinistcha|58/100\n|\n|upkeep\n|turn|4\n|\n|t:|1776516229\n|move|p2a: Machamo|Cross Chop|p1a: Incineroar\n|-supereffective|p1a: Incineroar|1\n|-crit|p1a: Incineroar\n|-damage|p1a: Incineroar|0 fnt\n|faint|p1a: Incineroar\n|move|p2b: Sinistcha|Matcha Gotcha|p1b: Milotic\n|-supereffective|p1b: Milotic|1\n|-damage|p1b: Milotic|0 fnt\n|-heal|p2b: Sinistcha|100/100|[from] drain|[of] p1b: Milotic\n|faint|p1b: Milotic\n|\n|upkeep\n|\n|t:|1776516234\n|switch|p1b: Dragapult|Dragapult, L50, M|100/100\n|turn|5\n|\n|t:|1776516245\n|move|p2a: Machamo|Stone Edge|p1b: Dragapult\n|-damage|p1b: Dragapult|73/100\n|move|p2b: Sinistcha|Matcha Gotcha|p1b: Dragapult\n|-resisted|p1b: Dragapult|1\n|-damage|p1b: Dragapult|34/100\n|move|p1b: Dragapult|Dragon Darts|p2a: Machamo\n|-damage|p2a: Machamo|64/100\n|-anim|p1b: Dragapult|Dragon Darts|p2b: Sinistcha\n|-damage|p2b: Sinistcha|83/100\n|\n|-fieldend|move: Trick Room\n|upkeep\n|turn|6\n|-message|hubuluscumbulus forfeited.\n|\n|win|Over The Falls\n|raw|hubuluscumbulus's rating: 1171 &rarr; <strong>1139</strong><br />(-32 for losing)\n|raw|Over The Falls's rating: 1077 &rarr; <strong>1113</strong><br />(+36 for winning)\n|l|\u2606hubuluscumbulus\n|player|p1|\n",
  "uploadtime": 1776516262,
  "views": 13,
  "formatid": "gen9championsvgc2026regma",
  "rating": 1113,
  "private": 0,
  "password": null
}