{
  "id": "gen9championsvgc2026regma-2587779925",
  "format": "[Gen 9 Champions] VGC 2026 Reg M-A",
  "players": [
    "Slouchsquatch",
    "JonoPlayzYT"
  ],
  "log": "|j|\u2606Slouchsquatch\n|j|\u2606JonoPlayzYT\n|t:|1776563227\n|gametype|doubles\n|player|p1|Slouchsquatch|169|1017\n|player|p2|JonoPlayzYT|102|1000\n|gen|9\n|tier|[Gen 9 Champions] VGC 2026 Reg M-A\n|rated|\n|rule|Species Clause: Limit one of each Pok\u00e9mon\n|rule|Item Clause: Limit 1 of each item\n|clearpoke\n|poke|p1|Chandelure, L50, F|\n|poke|p1|Alakazam, L50, M|\n|poke|p1|Torkoal, L50, F|\n|poke|p1|Conkeldurr, L50, F|\n|poke|p1|Sinistcha, L50|\n|poke|p1|Victreebel, L50, M|\n|poke|p2|Gardevoir, L50, M|\n|poke|p2|Typhlosion-Hisui, L50, F|\n|poke|p2|Meowscarada, L50, M|\n|poke|p2|Sneasler, L50, F|\n|poke|p2|Talonflame, L50, M|\n|poke|p2|Aerodactyl, L50, F|\n|teampreview|4\nSlouchsquatch rejected open team sheets.\n|\n|t:|1776563280\n|teamsize|p1|4\n|teamsize|p2|4\n|start\n|switch|p1a: Torkoal|Torkoal, L50, F|100/100\n|switch|p1b: Victreebel|Victreebel, L50, M|100/100\n|switch|p2a: Gardevoir|Gardevoir, L50, M|100/100\n|switch|p2b: Typhlosion|Typhlosion-Hisui, L50, F|100/100\n|-item|p1a: Torkoal|White Herb|[from] ability: Frisk|[of] p2b: Typhlosion\n|-item|p1b: Victreebel|Focus Sash|[from] ability: Frisk|[of] p2b: Typhlosion\n|-weather|SunnyDay|[from] ability: Drought|[of] p1a: Torkoal\n|turn|1\n|\n|t:|1776563307\n|detailschange|p2a: Gardevoir|Gardevoir-Mega, L50, M\n|-mega|p2a: Gardevoir|Gardevoir|Gardevoirite\n|move|p2a: Gardevoir|Protect|p2a: Gardevoir\n|-singleturn|p2a: Gardevoir|Protect\n|move|p1b: Victreebel|Poison Jab|p2a: Gardevoir\n|-activate|p2a: Gardevoir|move: Protect\n|move|p2b: Typhlosion|Eruption|p1b: Victreebel|[spread] p1a,p1b\n|-resisted|p1a: Torkoal|1\n|-supereffective|p1b: Victreebel|1\n|-damage|p1a: Torkoal|42/100\n|-enditem|p1b: Victreebel|Focus Sash\n|-damage|p1b: Victreebel|1/100\n|move|p1a: Torkoal|Rock Slide|p2a: Gardevoir|[spread] p2b\n|-activate|p2a: Gardevoir|move: Protect\n|-supereffective|p2b: Typhlosion|1\n|-damage|p2b: Typhlosion|54/100\n|\n|-weather|SunnyDay|[upkeep]\n|upkeep\n|turn|2\n|\n|t:|1776563326\n|switch|p2b: Meowscarada|Meowscarada, L50, M|100/100\n|switch|p2a: Aerodactyl|Aerodactyl, L50, F|100/100\n|-ability|p2a: Aerodactyl|Unnerve\n|move|p1b: Victreebel|Protect|p1b: Victreebel\n|-singleturn|p1b: Victreebel|Protect\n|move|p1a: Torkoal|Rock Slide|p2b: Meowscarada|[spread] p2a,p2b\n|-supereffective|p2a: Aerodactyl|1\n|-damage|p2a: Aerodactyl|55/100\n|-damage|p2b: Meowscarada|77/100\n|\n|-weather|SunnyDay|[upkeep]\n|upkeep\n|turn|3\n|\n|t:|1776563349\n|move|p1b: Victreebel|Leaf Blade|p2a: Aerodactyl\n|-damage|p2a: Aerodactyl|0 fnt\n|faint|p2a: Aerodactyl\n|move|p2b: Meowscarada|Knock Off|p1a: Torkoal\n|-start|p2b: Meowscarada|typechange|Dark|[from] ability: Protean\n|-damage|p1a: Torkoal|6/100\n|-enditem|p1a: Torkoal|White Herb|[from] move: Knock Off|[of] p2b: Meowscarada\n|move|p1a: Torkoal|Flare Blitz|p2b: Meowscarada\n|-damage|p2b: Meowscarada|0 fnt\n|faint|p2b: Meowscarada\n|-damage|p1a: Torkoal|0 fnt|[from] Recoil\n|faint|p1a: Torkoal\n|\n|-weather|SunnyDay|[upkeep]\n|upkeep\n|\n|t:|1776563374\n|switch|p2a: Typhlosion|Typhlosion-Hisui, L50, F|54/100\n|switch|p2b: Gardevoir|Gardevoir-Mega, L50, M|100/100\n|switch|p1a: Alakazam|Alakazam, L50, M|100/100\n|-item|p1a: Alakazam|Colbur Berry|[from] ability: Frisk|[of] p2a: Typhlosion\n|turn|4\n|\n|t:|1776563395\n|move|p1b: Victreebel|Protect|p1b: Victreebel\n|-singleturn|p1b: Victreebel|Protect\n|move|p2b: Gardevoir|Protect|p2b: Gardevoir\n|-singleturn|p2b: Gardevoir|Protect\n|move|p2a: Typhlosion|Shadow Ball|p1a: Alakazam\n|-supereffective|p1a: Alakazam|1\n|-damage|p1a: Alakazam|10/100\n|move|p1a: Alakazam|Light Screen|p1a: Alakazam\n|-sidestart|p1: Slouchsquatch|move: Light Screen\n|\n|-weather|SunnyDay|[upkeep]\n|upkeep\n|turn|5\n|\n|t:|1776563419\n|move|p2b: Gardevoir|Protect||[still]\n|-fail|p2b: Gardevoir\n|move|p1b: Victreebel|Poison Jab|p2b: Gardevoir\n|-supereffective|p2b: Gardevoir|1\n|-damage|p2b: Gardevoir|0 fnt\n|faint|p2b: Gardevoir\n|move|p2a: Typhlosion|Shadow Ball|p1a: Alakazam\n|-supereffective|p1a: Alakazam|1\n|-damage|p1a: Alakazam|0 fnt\n|faint|p1a: Alakazam\n|\n|-weather|none\n|upkeep\n|\n|t:|1776563428\n|switch|p1a: Chandelure|Chandelure, L50, F|100/100\n|turn|6\n|\n|t:|1776563434\n|detailschange|p1a: Chandelure|Chandelure-Mega, L50, F\n|-mega|p1a: Chandelure|Chandelure|Chandelurite\n|move|p2a: Typhlosion|Shadow Ball|p1a: Chandelure\n|-supereffective|p1a: Chandelure|1\n|-damage|p1a: Chandelure|45/100\n|move|p1b: Victreebel|Poison Jab|p2a: Typhlosion\n|-resisted|p2a: Typhlosion|1\n|-damage|p2a: Typhlosion|27/100\n|move|p1a: Chandelure|Shadow Ball|p2a: Typhlosion\n|-supereffective|p2a: Typhlosion|1\n|-damage|p2a: Typhlosion|0 fnt\n|faint|p2a: Typhlosion\n|\n|win|Slouchsquatch\n|raw|Slouchsquatch's rating: 1017 &rarr; <strong>1053</strong><br />(+36 for winning)\n|raw|JonoPlayzYT's rating: 1000 &rarr; <strong>1000</strong><br />(+0 for losing)\n|l|\u2606JonoPlayzYT\n|player|p2|\n",
  "uploadtime": 1776563446,
  "views": 15,
  "formatid": "gen9championsvgc2026regma",
  "rating": 1000,
  "private": 0,
  "password": null
}