{
  "id": "gen9championsvgc2026regma-2586098335",
  "format": "[Gen 9 Champions] VGC 2026 Reg M-A",
  "players": [
    "StrawberryBalloons",
    "flix_peace"
  ],
  "log": "|j|\u203dStrawberryBalloons\n|j|\u2606flix_peace\n|t:|1776398799\n|gametype|doubles\n|player|p1|StrawberryBalloons|fisherman-gen4|1232\n|player|p2|flix_peace|169|1174\n|gen|9\n|tier|[Gen 9 Champions] VGC 2026 Reg M-A\n|rated|\n|rule|Species Clause: Limit one of each Pok\u00e9mon\n|rule|Item Clause: Limit 1 of each item\n|clearpoke\n|poke|p1|Meganium, L50, M|\n|poke|p1|Aerodactyl, L50, F|\n|poke|p1|Milotic, L50, F|\n|poke|p1|Typhlosion-Hisui, L50, F|\n|poke|p1|Tinkaton, L50, F|\n|poke|p1|Lucario, L50, F|\n|poke|p2|Golurk, L50|\n|poke|p2|Farigiraf, L50, F|\n|poke|p2|Drampa, L50, F|\n|poke|p2|Gallade, L50, M|\n|poke|p2|Kingambit, L50, F|\n|poke|p2|Sylveon, L50, M|\n|teampreview|4\n|inactive|Battle timer is ON: inactive players will automatically lose when time's up. (requested by StrawberryBalloons)\n|inactive|StrawberryBalloons has 60 seconds left.\n|inactive|flix_peace has 60 seconds left.\n|inactive|flix_peace has 30 seconds left.\n|\n|t:|1776398869\n|teamsize|p1|4\n|teamsize|p2|4\n|start\n|switch|p1a: Meganium|Meganium, L50, M|100/100\n|switch|p1b: Tinkaton|Tinkaton, L50, F, shiny|100/100\n|switch|p2a: Farigiraf|Farigiraf, L50, F|100/100\n|switch|p2b: Golurk|Golurk, L50|100/100\n|-ability|p1b: Tinkaton|Mold Breaker\n|turn|1\n|\n|t:|1776398881\n|detailschange|p1a: Meganium|Meganium-Mega, L50, M\n|-mega|p1a: Meganium|Meganium|Meganiumite\n|detailschange|p2b: Golurk|Golurk-Mega, L50\n|-mega|p2b: Golurk|Golurk|Golurkite\n|move|p2b: Golurk|Protect|p2b: Golurk\n|-singleturn|p2b: Golurk|Protect\n|move|p1b: Tinkaton|Fake Out|p2a: Farigiraf\n|-damage|p2a: Farigiraf|94/100\n|move|p1a: Meganium|Solar Beam||[still]\n|-prepare|p1a: Meganium|Solar Beam\n|-activate|p1a: Meganium|ability: Mega Sol\n|-anim|p1a: Meganium|Solar Beam|p2b: Golurk\n|-activate|p2b: Golurk|move: Protect\n|cant|p2a: Farigiraf|flinch\n|\n|upkeep\n|turn|2\n|\n|t:|1776398896\n|switch|p2b: Sylveon|Sylveon, L50, M|100/100\n|move|p1b: Tinkaton|Gigaton Hammer|p2a: Farigiraf\n|-damage|p2a: Farigiraf|48/100\n|move|p1a: Meganium|Solar Beam||[still]\n|-prepare|p1a: Meganium|Solar Beam\n|-activate|p1a: Meganium|ability: Mega Sol\n|-anim|p1a: Meganium|Solar Beam|p2a: Farigiraf\n|-damage|p2a: Farigiraf|0 fnt\n|faint|p2a: Farigiraf\n|\n|upkeep\n|\n|t:|1776398898\n|switch|p2a: Gallade|Gallade, L50, M|100/100\n|turn|3\n|\n|t:|1776398916\n|switch|p1a: Typhlosion|Typhlosion-Hisui, L50, F|100/100\n|-item|p2a: Gallade|Focus Sash|[from] ability: Frisk|[of] p1a: Typhlosion\n|-item|p2b: Sylveon|Fairy Feather|[from] ability: Frisk|[of] p1a: Typhlosion\n|move|p2b: Sylveon|Protect|p2b: Sylveon\n|-singleturn|p2b: Sylveon|Protect\n|move|p1b: Tinkaton|Play Rough|p2a: Gallade\n|-supereffective|p2a: Gallade|1\n|-damage|p2a: Gallade|17/100\n|move|p2a: Gallade|Trick Room|p2a: Gallade\n|-fieldstart|move: Trick Room|[of] p2a: Gallade\n|\n|upkeep\n|turn|4\n|\n|t:|1776398930\n|move|p2b: Sylveon|Hyper Voice|p1a: Typhlosion|[spread] p1a,p1b\n|-resisted|p1a: Typhlosion|1\n|-resisted|p1b: Tinkaton|1\n|-damage|p1a: Typhlosion|77/100\n|-damage|p1b: Tinkaton|82/100\n|move|p2a: Gallade|Psycho Cut|p1a: Typhlosion\n|-damage|p1a: Typhlosion|0 fnt\n|faint|p1a: Typhlosion\n|move|p1b: Tinkaton|Gigaton Hammer|p2b: Sylveon\n|-supereffective|p2b: Sylveon|1\n|-damage|p2b: Sylveon|0 fnt\n|faint|p2b: Sylveon\n|\n|upkeep\n|\n|t:|1776398940\n|switch|p2b: Golurk|Golurk-Mega, L50|100/100\n|switch|p1a: Lucario|Lucario, L50, F|100/100\n|turn|5\n|inactive|flix_peace has 30 seconds left.\n|\n|t:|1776398972\n|move|p2a: Gallade|Protect|p2a: Gallade\n|-singleturn|p2a: Gallade|Protect\n|move|p1a: Lucario|Bullet Punch|p2a: Gallade\n|-activate|p2a: Gallade|move: Protect\n|move|p2b: Golurk|Headlong Rush|p1a: Lucario\n|-supereffective|p1a: Lucario|1\n|-damage|p1a: Lucario|0 fnt\n|-unboost|p2b: Golurk|def|1\n|-unboost|p2b: Golurk|spd|1\n|faint|p1a: Lucario\n|move|p1b: Tinkaton|Play Rough|p2b: Golurk\n|-crit|p2b: Golurk\n|-damage|p2b: Golurk|45/100\n|\n|upkeep\n|\n|t:|1776398985\n|switch|p1a: Meganium|Meganium-Mega, L50, M|100/100\n|turn|6\n|inactive|flix_peace has 30 seconds left.\n|inactive|flix_peace has 20 seconds left.\n|inactive|flix_peace has 15 seconds left.\n|inactive|flix_peace has 10 seconds left.\n|inactive|flix_peace has 5 seconds left.\n|\n|t:|1776399037\n|move|p2b: Golurk|Poltergeist|p1a: Meganium\n|-activate|p1a: Meganium|move: Poltergeist|Meganiumite\n|-damage|p1a: Meganium|38/100\n|move|p2a: Gallade|Psycho Cut|p1a: Meganium\n|-damage|p1a: Meganium|0 fnt\n|faint|p1a: Meganium\n|move|p1b: Tinkaton|Gigaton Hammer|p2b: Golurk\n|-damage|p2b: Golurk|0 fnt\n|faint|p2b: Golurk\n|\n|upkeep\n|turn|7\n|\n|t:|1776399046\n|move|p2a: Gallade|Sacred Sword|p1b: Tinkaton\n|-damage|p1b: Tinkaton|7/100\n|move|p1b: Tinkaton|Play Rough|p2a: Gallade\n|-supereffective|p2a: Gallade|1\n|-damage|p2a: Gallade|0 fnt\n|faint|p2a: Gallade\n|\n|win|StrawberryBalloons\n|raw|StrawberryBalloons's rating: 1232 &rarr; <strong>1253</strong><br />(+21 for winning)\n|raw|flix_peace's rating: 1174 &rarr; <strong>1153</strong><br />(-21 for losing)\n|l|\u2606flix_peace\n|player|p2|\n",
  "uploadtime": 1776399052,
  "views": 17,
  "formatid": "gen9championsvgc2026regma",
  "rating": 1153,
  "private": 0,
  "password": null
}