{
  "id": "gen9championsvgc2026regma-2585613184",
  "format": "[Gen 9 Champions] VGC 2026 Reg M-A",
  "players": [
    "Chiggyz",
    "Zerox94"
  ],
  "log": "|j|\u2606Chiggyz\n|j|\u2606Zerox94\n|t:|1776358915\n|gametype|doubles\n|player|p1|Chiggyz|zinnia-masters|1135\n|player|p2|Zerox94|silver|1119\n|gen|9\n|tier|[Gen 9 Champions] VGC 2026 Reg M-A\n|rated|\n|rule|Species Clause: Limit one of each Pok\u00e9mon\n|rule|Item Clause: Limit 1 of each item\n|clearpoke\n|poke|p1|Pelipper, L50, M|\n|poke|p1|Sinistcha, L50|\n|poke|p1|Incineroar, L50, F|\n|poke|p1|Excadrill, L50, M|\n|poke|p1|Archaludon, L50, M|\n|poke|p1|Basculegion, L50, M|\n|poke|p2|Meowstic, L50, M|\n|poke|p2|Venusaur, L50, F|\n|poke|p2|Torkoal, L50, F|\n|poke|p2|Serperior, L50, F|\n|poke|p2|Charizard, L50, F|\n|poke|p2|Typhlosion, L50, M|\n|teampreview|4\n|inactive|Battle timer is ON: inactive players will automatically lose when time's up. (requested by Chiggyz)\n|c|\u2606Chiggyz|oh okay\n|inactive|Chiggyz has 60 seconds left.\n|\n|t:|1776358952\n|teamsize|p1|4\n|teamsize|p2|4\n|start\n|switch|p1a: ugly.|Incineroar, L50, F|100/100\n|switch|p1b: Saint Merc|Pelipper, L50, M|100/100\n|switch|p2a: Meowstic|Meowstic, L50, M|100/100\n|switch|p2b: Charizard|Charizard, L50, F, shiny|100/100\n|-weather|RainDance|[from] ability: Drizzle|[of] p1b: Saint Merc\n|-ability|p1a: ugly.|Intimidate|boost\n|-unboost|p2a: Meowstic|atk|1\n|-unboost|p2b: Charizard|atk|1\n|turn|1\n|inactive|Zerox94 has 30 seconds left.\n|inactive|Zerox94 has 20 seconds left.\n|\n|t:|1776358989\n|move|p2a: Meowstic|Fake Out|p1b: Saint Merc\n|-damage|p1b: Saint Merc|96/100\n|move|p1a: ugly.|Fake Out|p2b: Charizard\n|-damage|p2b: Charizard|82/100\n|cant|p2b: Charizard|flinch\n|cant|p1b: Saint Merc|flinch\n|\n|-weather|RainDance|[upkeep]\n|upkeep\n|turn|2\n|\n|t:|1776359017\n|detailschange|p2b: Charizard|Charizard-Mega-Y, L50, F, shiny\n|-mega|p2b: Charizard|Charizard|Charizardite Y\n|-weather|SunnyDay|[from] ability: Drought|[of] p2b: Charizard\n|move|p2a: Meowstic|Psychic Terrain|p2a: Meowstic\n|-fieldstart|move: Psychic Terrain\n|move|p2b: Charizard|Solar Beam||[still]\n|-prepare|p2b: Charizard|Solar Beam\n|-anim|p2b: Charizard|Solar Beam|p1b: Saint Merc\n|-crit|p1b: Saint Merc\n|-damage|p1b: Saint Merc|0 fnt\n|faint|p1b: Saint Merc\n|move|p1a: ugly.|Darkest Lariat|p2a: Meowstic\n|-supereffective|p2a: Meowstic|1\n|-enditem|p2a: Meowstic|Focus Sash\n|-damage|p2a: Meowstic|1/100\n|\n|-weather|SunnyDay|[upkeep]\n|upkeep\n|\n|t:|1776359032\n|switch|p1b: Pochita|Excadrill, L50, M|100/100\n|turn|3\n|\n|t:|1776359053\n|move|p1b: Pochita|Protect|p1b: Pochita\n|-singleturn|p1b: Pochita|Protect\n|move|p2a: Meowstic|Expanding Force|p1b: Pochita|[spread] \n|-activate|p1b: Pochita|move: Protect\n|-immune|p1a: ugly.\n|move|p2b: Charizard|Heat Wave|p1b: Pochita|[spread] p1a\n|-activate|p1b: Pochita|move: Protect\n|-resisted|p1a: ugly.|1\n|-damage|p1a: ugly.|72/100\n|move|p1a: ugly.|Parting Shot|p2b: Charizard\n|-unboost|p2b: Charizard|atk|1\n|-unboost|p2b: Charizard|spa|1\n|\n|t:|1776359066\n|switch|p1a: SalmonBro|Basculegion, L50, M|100/100|[from] Parting Shot\n|\n|-weather|SunnyDay|[upkeep]\n|upkeep\n|turn|4\n|\n|t:|1776359081\n|detailschange|p1b: Pochita|Excadrill-Mega, L50, M\n|-mega|p1b: Pochita|Excadrill|Excadrite\n|move|p2a: Meowstic|Expanding Force|p1b: Pochita|[spread] p1a,p1b\n|-resisted|p1b: Pochita|1\n|-damage|p1a: SalmonBro|48/100\n|-damage|p1b: Pochita|69/100\n|move|p1b: Pochita|Rock Slide|p2b: Charizard|[spread] p2a,p2b\n|-supereffective|p2b: Charizard|2\n|-damage|p2a: Meowstic|0 fnt\n|-damage|p2b: Charizard|0 fnt\n|faint|p2a: Meowstic\n|faint|p2b: Charizard\n|move|p1a: SalmonBro|Flip Turn|p2: Meowstic|[notarget]\n|-fail|p1a: SalmonBro\n|\n|-weather|SunnyDay|[upkeep]\n|upkeep\n|\n|t:|1776359097\n|switch|p2a: Typhlosion|Typhlosion, L50, M|100/100\n|switch|p2b: Torkoal|Torkoal, L50, F|100/100\n|turn|5\n|inactive|Chiggyz has 30 seconds left.\n|\n|t:|1776359126\n|move|p1b: Pochita|Protect|p1b: Pochita\n|-singleturn|p1b: Pochita|Protect\n|move|p2a: Typhlosion|Eruption|p1a: SalmonBro|[spread] p1a\n|-activate|p1b: Pochita|move: Protect\n|-resisted|p1a: SalmonBro|1\n|-damage|p1a: SalmonBro|0 fnt\n|faint|p1a: SalmonBro\n|move|p2b: Torkoal|Lava Plume|p1b: Pochita|[spread] \n|-activate|p1b: Pochita|move: Protect\n|-start|p2a: Typhlosion|ability: Flash Fire\n|\n|-weather|SunnyDay|[upkeep]\n|upkeep\n|\n|t:|1776359133\n|switch|p1a: ugly.|Incineroar, L50, F|72/100\n|-ability|p1a: ugly.|Intimidate|boost\n|-unboost|p2a: Typhlosion|atk|1\n|-unboost|p2b: Torkoal|atk|1\n|turn|6\n|inactive|Zerox94 has 30 seconds left.\n|-activate|p2b: Torkoal|item: Quick Claw\n|\n|t:|1776359166\n|move|p2b: Torkoal|Overheat|p1a: ugly.\n|-resisted|p1a: ugly.|1\n|-damage|p1a: ugly.|37/100\n|-unboost|p2b: Torkoal|spa|2\n|-enditem|p1a: ugly.|Sitrus Berry|[eat]\n|-heal|p1a: ugly.|62/100|[from] item: Sitrus Berry\n|move|p2a: Typhlosion|Eruption|p1b: Pochita|[spread] p1a,p1b\n|-resisted|p1a: ugly.|1\n|-supereffective|p1b: Pochita|1\n|-damage|p1a: ugly.|7/100\n|-damage|p1b: Pochita|0 fnt\n|faint|p1b: Pochita\n|move|p1a: ugly.|Darkest Lariat|p2a: Typhlosion\n|-damage|p2a: Typhlosion|44/100\n|\n|-weather|none\n|-fieldend|move: Psychic Terrain\n|upkeep\n|turn|7\n|-message|Chiggyz forfeited.\n|\n|win|Zerox94\n|raw|Chiggyz's rating: 1135 &rarr; <strong>1109</strong><br />(-26 for losing)\n|raw|Zerox94's rating: 1119 &rarr; <strong>1145</strong><br />(+26 for winning)\n|l|\u2606Chiggyz\n|player|p1|\n",
  "uploadtime": 1776359187,
  "views": 26,
  "formatid": "gen9championsvgc2026regma",
  "rating": 1109,
  "private": 0,
  "password": null
}