{
  "id": "gen9championsvgc2026regma-2587055122",
  "format": "[Gen 9 Champions] VGC 2026 Reg M-A",
  "players": [
    "ax bf",
    "dasifluggluisfdE"
  ],
  "log": "|j|\u2606ax bf\n|j|\u2606dasifluggluisfdE\n|t:|1776487487\n|gametype|doubles\n|player|p1|ax bf|dragontamer|1035\n|player|p2|dasifluggluisfdE|265|1045\n|gen|9\n|tier|[Gen 9 Champions] VGC 2026 Reg M-A\n|rated|\n|rule|Species Clause: Limit one of each Pok\u00e9mon\n|rule|Item Clause: Limit 1 of each item\n|clearpoke\n|poke|p1|Froslass, L50, F|\n|poke|p1|Liepard, L50, M, shiny|\n|poke|p1|Slowking, L50, M|\n|poke|p1|Ninetales-Alola, L50, F|\n|poke|p1|Sneasler, L50, M|\n|poke|p1|Arcanine-Hisui, L50, M|\n|poke|p2|Froslass, L50, F|\n|poke|p2|Garchomp, L50, F|\n|poke|p2|Sneasler, L50, M|\n|poke|p2|Rotom-Heat, L50|\n|poke|p2|Whimsicott, L50, M|\n|poke|p2|Glaceon, L50, M|\n|teampreview|4\n|\n|t:|1776487506\n|teamsize|p1|4\n|teamsize|p2|4\n|start\n|switch|p1a: Liepard|Liepard, L50, M, shiny|100/100\n|switch|p1b: Arcanine|Arcanine-Hisui, L50, M|100/100\n|switch|p2a: Rotom|Rotom-Heat, L50|100/100\n|switch|p2b: Whimsicott|Whimsicott, L50, M|100/100\n|-ability|p1b: Arcanine|Intimidate|boost\n|-unboost|p2a: Rotom|atk|1\n|-unboost|p2b: Whimsicott|atk|1\n|turn|1\n|\n|t:|1776487520\n|move|p1a: Liepard|Copycat|p1a: Liepard\n|move|p2b: Whimsicott|Tailwind|p2b: Whimsicott\n|-sidestart|p2: dasifluggluisfdE|move: Tailwind\n|move|p2a: Rotom|Volt Switch|p1b: Arcanine\n|-damage|p1b: Arcanine|66/100\n|\n|t:|1776487530\n|switch|p2a: Glaceon|Glaceon, L50, M|100/100|[from] Volt Switch\n|move|p1b: Arcanine|Rock Slide|p2b: Whimsicott|[spread] p2a,p2b\n|-supereffective|p2a: Glaceon|1\n|-damage|p2a: Glaceon|50/100\n|-damage|p2b: Whimsicott|72/100\n|\n|-heal|p2a: Glaceon|56/100|[from] item: Leftovers\n|upkeep\n|turn|2\n|\n|t:|1776487541\n|move|p2a: Glaceon|Protect|p2a: Glaceon\n|-singleturn|p2a: Glaceon|Protect\n|move|p2b: Whimsicott|Taunt|p1a: Liepard\n|-hint|Since gen 7, Dark is immune to Prankster moves.\n|-immune|p1a: Liepard\n|move|p1a: Liepard|Copycat|p1a: Liepard\n|move|p1a: Liepard|Taunt|p2b: Whimsicott|[from] move: Copycat\n|-start|p2b: Whimsicott|move: Taunt\n|move|p1b: Arcanine|Rock Slide|p2b: Whimsicott|[spread] \n|-activate|p2a: Glaceon|move: Protect\n|-miss|p1b: Arcanine|p2b: Whimsicott\n|\n|-heal|p2a: Glaceon|62/100|[from] item: Leftovers\n|upkeep\n|turn|3\n|\n|t:|1776487562\n|move|p1a: Liepard|Copycat|p1a: Liepard\n|move|p1a: Liepard|Rock Slide|p2b: Whimsicott|[from] move: Copycat|[spread] p2a,p2b\n|-supereffective|p2a: Glaceon|1\n|-damage|p2a: Glaceon|45/100\n|-damage|p2b: Whimsicott|62/100\n|cant|p2b: Whimsicott|flinch\n|move|p2a: Glaceon|Calm Mind|p2a: Glaceon\n|-boost|p2a: Glaceon|spa|1\n|-boost|p2a: Glaceon|spd|1\n|move|p1b: Arcanine|Rock Slide|p2a: Glaceon|[spread] p2a,p2b\n|-supereffective|p2a: Glaceon|1\n|-damage|p2a: Glaceon|0 fnt\n|-damage|p2b: Whimsicott|32/100\n|faint|p2a: Glaceon\n|\n|upkeep\n|\n|t:|1776487575\n|switch|p2a: Froslass|Froslass, L50, F|100/100\n|turn|4\n|\n|t:|1776487582\n|detailschange|p2a: Froslass|Froslass-Mega, L50, F\n|-mega|p2a: Froslass|Froslass|Froslassite\n|-weather|Snowscape|[from] ability: Snow Warning|[of] p2a: Froslass\n|move|p2a: Froslass|Protect|p2a: Froslass\n|-singleturn|p2a: Froslass|Protect\n|move|p1a: Liepard|Thunder Wave|p2a: Froslass\n|-activate|p2a: Froslass|move: Protect\n|move|p2b: Whimsicott|Moonblast|p1a: Liepard\n|-supereffective|p1a: Liepard|1\n|-enditem|p1a: Liepard|Focus Sash\n|-damage|p1a: Liepard|1/100\n|move|p1b: Arcanine|Rock Slide|p2b: Whimsicott|[spread] p2b\n|-activate|p2a: Froslass|move: Protect\n|-damage|p2b: Whimsicott|4/100\n|\n|-weather|Snowscape|[upkeep]\n|-sideend|p2: dasifluggluisfdE|move: Tailwind\n|upkeep\n|turn|5\n|\n|t:|1776487602\n|move|p1a: Liepard|Thunder Wave|p2a: Froslass\n|-status|p2a: Froslass|par\n|move|p1b: Arcanine|Rock Slide|p2a: Froslass|[spread] p2a,p2b\n|-supereffective|p2a: Froslass|1\n|-damage|p2a: Froslass|38/100 par\n|-damage|p2b: Whimsicott|0 fnt\n|faint|p2b: Whimsicott\n|cant|p2a: Froslass|flinch\n|\n|-weather|Snowscape|[upkeep]\n|upkeep\n|\n|t:|1776487611\n|switch|p2b: Rotom|Rotom-Heat, L50|100/100\n|turn|6\n|\n|t:|1776487616\n|move|p2b: Rotom|Thunderbolt|p1a: Liepard\n|-damage|p1a: Liepard|0 fnt\n|faint|p1a: Liepard\n|move|p1b: Arcanine|Rock Slide|p2b: Rotom|[spread] p2a,p2b\n|-supereffective|p2a: Froslass|1\n|-supereffective|p2b: Rotom|1\n|-damage|p2a: Froslass|0 fnt\n|-damage|p2b: Rotom|27/100\n|faint|p2a: Froslass\n|\n|-weather|Snowscape|[upkeep]\n|upkeep\n|\n|t:|1776487630\n|switch|p1a: Ninetales|Ninetales-Alola, L50, F|100/100\n|turn|7\n|\n|t:|1776487634\n|move|p2b: Rotom|Thunderbolt|p1a: Ninetales|[miss]\n|-miss|p2b: Rotom|p1a: Ninetales\n|move|p1b: Arcanine|Rock Slide|p2b: Rotom\n|-supereffective|p2b: Rotom|1\n|-damage|p2b: Rotom|0 fnt\n|faint|p2b: Rotom\n|\n|win|ax bf\n|raw|ax bf's rating: 1035 &rarr; <strong>1071</strong><br />(+36 for winning)\n|raw|dasifluggluisfdE's rating: 1045 &rarr; <strong>1028</strong><br />(-17 for losing)\n|l|\u2606dasifluggluisfdE\n|player|p2|\n",
  "uploadtime": 1776487646,
  "views": 12,
  "formatid": "gen9championsvgc2026regma",
  "rating": 1028,
  "private": 0,
  "password": null
}