{
  "id": "gen9championsvgc2026regma-2582234645",
  "format": "[Gen 9 Champions] VGC 2026 Reg M-A",
  "players": [
    "darksol1111",
    "anotherhito"
  ],
  "log": "|j|\u2606darksol1111\n|j|\u2606anotherhito\n|t:|1776074417\n|gametype|doubles\n|player|p1|darksol1111|veteran|1090\n|player|p2|anotherhito|101|1000\n|gen|9\n|tier|[Gen 9 Champions] VGC 2026 Reg M-A\n|rated|\n|rule|Species Clause: Limit one of each Pok\u00e9mon\n|rule|Item Clause: Limit 1 of each item\n|clearpoke\n|poke|p1|Cofagrigus, L50, M|\n|poke|p1|Meganium, L50, F|\n|poke|p1|Empoleon, L50, M|\n|poke|p1|Noivern, L50, F|\n|poke|p1|Mamoswine, L50, M|\n|poke|p1|Incineroar, L50, F|\n|poke|p2|Politoed, L50, F|\n|poke|p2|Raichu, L50, F|\n|poke|p2|Talonflame, L50, F|\n|poke|p2|Clefable, L50, M|\n|poke|p2|Meganium, L50, M|\n|poke|p2|Serperior, L50, F|\n|teampreview|4\n|j| guduglut\n|l| guduglut\n|\n|t:|1776074471\n|teamsize|p1|4\n|teamsize|p2|4\n|start\n|switch|p1a: Incineroar|Incineroar, L50, F|100/100\n|switch|p1b: Mamoswine|Mamoswine, L50, M|100/100\n|switch|p2a: Politoed|Politoed, L50, F|100/100\n|switch|p2b: Raichu|Raichu, L50, F|100/100\n|-weather|RainDance|[from] ability: Drizzle|[of] p2a: Politoed\n|-ability|p1a: Incineroar|Intimidate|boost\n|-unboost|p2a: Politoed|atk|1\n|-unboost|p2b: Raichu|atk|1\n|turn|1\n|\n|t:|1776074508\n|move|p2b: Raichu|Fake Out|p1a: Incineroar\n|-damage|p1a: Incineroar|94/100\n|move|p1b: Mamoswine|Rock Slide|p2b: Raichu|[spread] p2a,p2b\n|-damage|p2a: Politoed|78/100\n|-damage|p2b: Raichu|56/100\n|move|p2a: Politoed|Icy Wind|p1a: Incineroar|[spread] p1a,p1b\n|-resisted|p1a: Incineroar|1\n|-damage|p1a: Incineroar|90/100\n|-damage|p1b: Mamoswine|87/100\n|-unboost|p1a: Incineroar|spe|1\n|-unboost|p1b: Mamoswine|spe|1\n|cant|p1a: Incineroar|flinch\n|\n|-weather|RainDance|[upkeep]\n|upkeep\n|turn|2\n|\n|t:|1776074537\n|switch|p1b: Empoleon|Empoleon, L50, M|100/100\n|move|p2b: Raichu|Reversal|p1b: Empoleon\n|-supereffective|p1b: Empoleon|1\n|-enditem|p1b: Empoleon|Chople Berry|[eat]\n|-enditem|p1b: Empoleon|Chople Berry|[weaken]\n|-damage|p1b: Empoleon|93/100\n|move|p2a: Politoed|Weather Ball|p1a: Incineroar\n|-supereffective|p1a: Incineroar|1\n|-damage|p1a: Incineroar|18/100\n|-enditem|p1a: Incineroar|Sitrus Berry|[eat]\n|-heal|p1a: Incineroar|43/100|[from] item: Sitrus Berry\n|move|p1a: Incineroar|Parting Shot|p2a: Politoed\n|-unboost|p2a: Politoed|atk|1\n|-unboost|p2a: Politoed|spa|1\n|\n|t:|1776074552\n|switch|p1a: Mamoswine|Mamoswine, L50, M|87/100|[from] Parting Shot\n|\n|-weather|RainDance|[upkeep]\n|upkeep\n|turn|3\n|\n|t:|1776074565\n|switch|p2b: Meganium|Meganium, L50, M|100/100\n|move|p1b: Empoleon|Protect|p1b: Empoleon\n|-singleturn|p1b: Empoleon|Protect\n|move|p1a: Mamoswine|Earthquake|p2b: Meganium|[spread] p2a,p2b\n|-activate|p1b: Empoleon|move: Protect\n|-resisted|p2b: Meganium|1\n|-damage|p2a: Politoed|30/100\n|-damage|p2b: Meganium|79/100\n|-enditem|p2a: Politoed|Sitrus Berry|[eat]\n|-heal|p2a: Politoed|55/100|[from] item: Sitrus Berry\n|move|p2a: Politoed|Weather Ball|p1a: Mamoswine\n|-supereffective|p1a: Mamoswine|1\n|-damage|p1a: Mamoswine|0 fnt\n|faint|p1a: Mamoswine\n|\n|-weather|RainDance|[upkeep]\n|upkeep\n|\n|t:|1776074580\n|switch|p1a: Meganium|Meganium, L50, F|100/100\n|turn|4\n|\n|t:|1776074619\n|detailschange|p1a: Meganium|Meganium-Mega, L50, F\n|-mega|p1a: Meganium|Meganium|Meganiumite\n|detailschange|p2b: Meganium|Meganium-Mega, L50, M\n|-mega|p2b: Meganium|Meganium|Meganiumite\n|move|p2a: Politoed|Helping Hand|p2b: Meganium\n|-singleturn|p2b: Meganium|Helping Hand|[of] p2a: Politoed\n|move|p1a: Meganium|Solar Beam||[still]\n|-prepare|p1a: Meganium|Solar Beam\n|-activate|p1a: Meganium|ability: Mega Sol\n|-anim|p1a: Meganium|Solar Beam|p2a: Politoed\n|-supereffective|p2a: Politoed|1\n|-damage|p2a: Politoed|0 fnt\n|faint|p2a: Politoed\n|move|p2b: Meganium|Weather Ball|p1a: Meganium\n|-supereffective|p1a: Meganium|1\n|-damage|p1a: Meganium|0 fnt\n|faint|p1a: Meganium\n|move|p1b: Empoleon|Ice Beam|p2b: Meganium\n|-supereffective|p2b: Meganium|1\n|-damage|p2b: Meganium|28/100\n|-status|p2b: Meganium|frz\n|\n|-weather|RainDance|[upkeep]\n|upkeep\n|\n|t:|1776074643\n|switch|p1a: Incineroar|Incineroar, L50, F|43/100\n|switch|p2a: Clefable|Clefable, L50, M|100/100\n|-ability|p1a: Incineroar|Intimidate|boost\n|-unboost|p2a: Clefable|atk|1\n|-unboost|p2b: Meganium|atk|1\n|turn|5\n|\n|t:|1776074661\n|move|p2a: Clefable|Follow Me|p2a: Clefable\n|-singleturn|p2a: Clefable|move: Follow Me\n|cant|p2b: Meganium|frz\n|move|p1b: Empoleon|Flash Cannon|p2a: Clefable\n|-supereffective|p2a: Clefable|1\n|-crit|p2a: Clefable\n|-damage|p2a: Clefable|1/100\n|move|p1a: Incineroar|Flare Blitz|p2a: Clefable\n|-damage|p2a: Clefable|0 fnt\n|faint|p2a: Clefable\n|-damage|p1a: Incineroar|42/100|[from] Recoil\n|\n|-weather|none\n|upkeep\n|\n|t:|1776074676\n|switch|p2a: Raichu|Raichu, L50, F|56/100\n|turn|6\n|c|\u2606darksol1111|h\u00eahe\n|\n|t:|1776074701\n|cant|p2b: Meganium|frz\n|move|p2a: Raichu|Fake Out|p1a: Incineroar\n|-crit|p1a: Incineroar\n|-damage|p1a: Incineroar|28/100\n|move|p1b: Empoleon|Hydro Pump|p2a: Raichu\n|-damage|p2a: Raichu|0 fnt\n|faint|p2a: Raichu\n|cant|p1a: Incineroar|flinch\n|\n|upkeep\n|turn|7\n|c|\u2606darksol1111|ggs\n|\n|t:|1776074742\n|-curestatus|p2b: Meganium|frz|[msg]\n|move|p2b: Meganium|Protect|p2b: Meganium\n|-singleturn|p2b: Meganium|Protect\n|move|p1b: Empoleon|Ice Beam|p2b: Meganium\n|-activate|p2b: Meganium|move: Protect\n|move|p1a: Incineroar|Flare Blitz|p2b: Meganium\n|-activate|p2b: Meganium|move: Protect\n|\n|upkeep\n|turn|8\n|\n|t:|1776074767\n|move|p2b: Meganium|Weather Ball|p1b: Empoleon\n|-damage|p1b: Empoleon|33/100\n|move|p1b: Empoleon|Ice Beam|p2b: Meganium\n|-supereffective|p2b: Meganium|1\n|-damage|p2b: Meganium|0 fnt\n|faint|p2b: Meganium\n|\n|win|darksol1111\n|raw|darksol1111's rating: 1090 &rarr; <strong>1110</strong><br />(+20 for winning)\n|raw|anotherhito's rating: 1000 &rarr; <strong>1000</strong><br />(+0 for losing)\n",
  "uploadtime": 1776074777,
  "views": 14,
  "formatid": "gen9championsvgc2026regma",
  "rating": 1000,
  "private": 0,
  "password": null
}