{
  "id": "gen9championsvgc2026regma-2585880284",
  "format": "[Gen 9 Champions] VGC 2026 Reg M-A",
  "players": [
    "kingofru99",
    "Jah_08"
  ],
  "log": "|j|\u2606kingofru99\n|j|\u2606Jah_08\n|t:|1776377934\n|gametype|doubles\n|player|p1|kingofru99|2|1322\n|player|p2|Jah_08|alder|1340\n|gen|9\n|tier|[Gen 9 Champions] VGC 2026 Reg M-A\n|rated|\n|rule|Species Clause: Limit one of each Pok\u00e9mon\n|rule|Item Clause: Limit 1 of each item\n|clearpoke\n|poke|p1|Farigiraf, L50, M|\n|poke|p1|Torkoal, L50, M|\n|poke|p1|Conkeldurr, L50, F|\n|poke|p1|Kingambit, L50, F|\n|poke|p1|Ampharos, L50, M|\n|poke|p1|Incineroar, L50, F|\n|poke|p2|Excadrill, L50, M|\n|poke|p2|Whimsicott, L50, M|\n|poke|p2|Chandelure, L50, F|\n|poke|p2|Zoroark-Hisui, L50, M|\n|poke|p2|Basculegion, L50, M|\n|poke|p2|Hydreigon, L50, M|\n|teampreview|4\nkingofru99 rejected open team sheets.\n|c|\u2606Jah_08|nice team\n|inactive|Battle timer is ON: inactive players will automatically lose when time's up. (requested by Jah_08)\n|c|\u2606Jah_08|gl hf\n|\n|t:|1776377974\n|teamsize|p1|4\n|teamsize|p2|4\n|start\n|switch|p1a: Farigiraf|Farigiraf, L50, M|100/100\n|switch|p1b: Incineroar|Incineroar, L50, F|100/100\n|switch|p2a: Basculegion|Basculegion, L50, M|100/100\n|switch|p2b: Chandelure|Chandelure, L50, F|100/100\n|-ability|p1b: Incineroar|Intimidate|boost\n|-unboost|p2a: Basculegion|atk|1\n|-unboost|p2b: Chandelure|atk|1\n|turn|1\n|inactive|kingofru99 has 30 seconds left.\n|inactive|Jah_08 has 30 seconds left.\n|inactive|Jah_08 has 20 seconds left.\n|inactive|Jah_08 has 15 seconds left.\n|\n|t:|1776378017\n|detailschange|p2b: Chandelure|Chandelure-Mega, L50, F\n|-mega|p2b: Chandelure|Chandelure|Chandelurite\n|move|p1a: Farigiraf|Protect|p1a: Farigiraf\n|-singleturn|p1a: Farigiraf|Protect\n|move|p2a: Basculegion|Taunt|p1a: Farigiraf\n|-activate|p1a: Farigiraf|move: Protect\n|move|p2b: Chandelure|Substitute|p2b: Chandelure\n|-start|p2b: Chandelure|Substitute\n|-damage|p2b: Chandelure|76/100\n|move|p1b: Incineroar|Darkest Lariat|p2b: Chandelure\n|-supereffective|p2b: Chandelure|1\n|-end|p2b: Chandelure|Substitute\n|\n|upkeep\n|turn|2\n|inactive|Jah_08 has 30 seconds left.\n|\n|t:|1776378044\n|move|p2a: Basculegion|Taunt|p1a: Farigiraf\n|-start|p1a: Farigiraf|move: Taunt\n|-enditem|p1a: Farigiraf|Mental Herb\n|-end|p1a: Farigiraf|move: Taunt\n|move|p2b: Chandelure|Heat Wave|p1b: Incineroar|[spread] p1b\n|-miss|p2b: Chandelure|p1a: Farigiraf\n|-resisted|p1b: Incineroar|1\n|-damage|p1b: Incineroar|79/100\n|move|p1b: Incineroar|Darkest Lariat|p2b: Chandelure\n|-supereffective|p2b: Chandelure|1\n|-damage|p2b: Chandelure|0 fnt\n|faint|p2b: Chandelure\n|move|p1a: Farigiraf|Trick Room|p1a: Farigiraf\n|-fieldstart|move: Trick Room|[of] p1a: Farigiraf\n|\n|-heal|p1b: Incineroar|85/100|[from] item: Leftovers\n|upkeep\n|\n|t:|1776378064\n|switch|p2b: Basculegion|Basculegion, L50, M|100/100\n|turn|3\n|\n|t:|1776378081\n|switch|p1a: Torkoal|Torkoal, L50, M|100/100\n|-weather|SunnyDay|[from] ability: Drought|[of] p1a: Torkoal\n|move|p1b: Incineroar|Darkest Lariat|p2b: Basculegion\n|-supereffective|p2b: Basculegion|1\n|-damage|p2b: Basculegion|0 fnt\n|faint|p2b: Basculegion\n|move|p2a: Basculegion|Sludge Bomb|p1a: Torkoal\n|-damage|p1a: Torkoal|63/100\n|\n|-weather|SunnyDay|[upkeep]\n|-heal|p1b: Incineroar|91/100|[from] item: Leftovers\n|upkeep\n|\n|t:|1776378097\n|switch|p2b: Excadrill|Excadrill, L50, M|100/100\n|-ability|p2b: Excadrill|Mold Breaker\n|turn|4\n|\n|t:|1776378106\n|move|p2b: Excadrill|Protect|p2b: Excadrill\n|-singleturn|p2b: Excadrill|Protect\n|move|p2a: Basculegion|Protect|p2a: Basculegion\n|-singleturn|p2a: Basculegion|Protect\n|move|p1a: Torkoal|Weather Ball|p2b: Excadrill\n|-activate|p2b: Excadrill|move: Protect\n|move|p1b: Incineroar|Darkest Lariat|p2a: Basculegion\n|-activate|p2a: Basculegion|move: Protect\n|\n|-weather|SunnyDay|[upkeep]\n|-heal|p1b: Incineroar|97/100|[from] item: Leftovers\n|upkeep\n|turn|5\n|\n|t:|1776378129\n|move|p1a: Torkoal|Weather Ball|p2b: Excadrill\n|-supereffective|p2b: Excadrill|1\n|-enditem|p2b: Excadrill|Focus Sash\n|-damage|p2b: Excadrill|1/100\n|move|p1b: Incineroar|Darkest Lariat|p2a: Basculegion\n|-supereffective|p2a: Basculegion|1\n|-damage|p2a: Basculegion|0 fnt\n|replace|p2a: Zoroark|Zoroark-Hisui, L50, M\n|-end|p2a: Zoroark|Illusion\n|faint|p2a: Zoroark\n|move|p2b: Excadrill|Rock Slide|p1a: Torkoal|[spread] p1a,p1b\n|-supereffective|p1a: Torkoal|1\n|-supereffective|p1b: Incineroar|1\n|-damage|p1a: Torkoal|31/100\n|-damage|p1b: Incineroar|52/100\n|\n|-weather|SunnyDay|[upkeep]\n|-heal|p1b: Incineroar|58/100|[from] item: Leftovers\n|upkeep\n|turn|6\n|\n|t:|1776378147\n|switch|p1b: Farigiraf|Farigiraf, L50, M|100/100\n|move|p2b: Excadrill|Protect|p2b: Excadrill\n|-singleturn|p2b: Excadrill|Protect\n|move|p1a: Torkoal|Weather Ball|p2b: Excadrill\n|-activate|p2b: Excadrill|move: Protect\n|\n|-weather|SunnyDay|[upkeep]\n|-fieldend|move: Trick Room\n|upkeep\n|turn|7\n|\n|t:|1776378158\n|move|p2b: Excadrill|Rock Slide|p1a: Torkoal|[spread] p1a,p1b\n|-supereffective|p1a: Torkoal|1\n|-damage|p1a: Torkoal|0 fnt\n|-damage|p1b: Farigiraf|86/100\n|faint|p1a: Torkoal\n|cant|p1b: Farigiraf|flinch\n|\n|-weather|none\n|upkeep\n|\n|t:|1776378161\n|switch|p1a: Incineroar|Incineroar, L50, F|58/100\n|-ability|p1a: Incineroar|Intimidate|boost\n|-unboost|p2b: Excadrill|atk|1\n|turn|8\n|\n|t:|1776378171\n|move|p1a: Incineroar|Fake Out|p2b: Excadrill\n|-resisted|p2b: Excadrill|1\n|-damage|p2b: Excadrill|0 fnt\n|faint|p2b: Excadrill\n|\n|win|kingofru99\n|raw|kingofru99's rating: 1322 &rarr; <strong>1343</strong><br />(+21 for winning)\n|raw|Jah_08's rating: 1340 &rarr; <strong>1319</strong><br />(-21 for losing)\n|l|\u2606kingofru99\n|player|p1|\n|c|\u2606Jah_08|gg\n",
  "uploadtime": 1776378185,
  "views": 42,
  "formatid": "gen9championsvgc2026regma",
  "rating": 1319,
  "private": 0,
  "password": null
}