{
  "id": "gen9championsvgc2026regma-2582643169",
  "format": "[Gen 9 Champions] VGC 2026 Reg M-A",
  "players": [
    "Ghostkller",
    "rohitking"
  ],
  "log": "|j|\u2606Ghostkller\n|j|\u2606rohitking\n|t:|1776104514\n|gametype|doubles\n|player|p1|Ghostkller|170|1129\n|player|p2|rohitking|hilbert-wonderlauncher|1124\n|gen|9\n|tier|[Gen 9 Champions] VGC 2026 Reg M-A\n|rated|\n|rule|Species Clause: Limit one of each Pok\u00e9mon\n|rule|Item Clause: Limit 1 of each item\n|clearpoke\n|poke|p1|Heracross, L50, F|\n|poke|p1|Sableye, L50, F|\n|poke|p1|Gallade, L50, M|\n|poke|p1|Kingambit, L50, F|\n|poke|p1|Rotom-Wash, L50|\n|poke|p1|Incineroar, L50, F|\n|poke|p2|Incineroar, L50, M|\n|poke|p2|Whimsicott, L50, M|\n|poke|p2|Dragonite, L50, M|\n|poke|p2|Floette-Eternal, L50, F|\n|poke|p2|Sinistcha, L50|\n|poke|p2|Charizard, L50, F|\n|teampreview|4\n|inactive|Battle timer is ON: inactive players will automatically lose when time's up. (requested by rohitking)\n|inactive|Ghostkller has 60 seconds left.\n|inactive|rohitking has 60 seconds left.\n|\n|t:|1776104564\n|teamsize|p1|4\n|teamsize|p2|4\n|start\n|switch|p1a: Sableye|Sableye, L50, F|100/100\n|switch|p1b: Kingambit|Kingambit, L50, F|100/100\n|switch|p2a: Incineroar|Incineroar, L50, M|100/100\n|switch|p2b: Floette|Floette-Eternal, L50, F|100/100\n|-ability|p2a: Incineroar|Intimidate|boost\n|-unboost|p1a: Sableye|atk|1\n|-unboost|p1b: Kingambit|atk|1\n|-ability|p1b: Kingambit|Defiant|boost\n|-boost|p1b: Kingambit|atk|2\n|turn|1\n|\n|t:|1776104587\n|detailschange|p2b: Floette|Floette-Mega, L50, F\n|-mega|p2b: Floette|Floette|Floettite\n|-ability|p2b: Floette|Fairy Aura\n|move|p1a: Sableye|Fake Out|p2a: Incineroar\n|-damage|p2a: Incineroar|96/100\n|move|p2b: Floette|Dazzling Gleam|p1b: Kingambit|[spread] p1a,p1b\n|-supereffective|p1a: Sableye|1\n|-damage|p1a: Sableye|0 fnt\n|-damage|p1b: Kingambit|55/100\n|faint|p1a: Sableye\n|cant|p2a: Incineroar|flinch\n|move|p1b: Kingambit|Iron Head|p2b: Floette\n|-supereffective|p2b: Floette|1\n|-damage|p2b: Floette|0 fnt\n|faint|p2b: Floette\n|\n|upkeep\n|inactive|rohitking has 30 seconds left.\n|inactive|rohitking has 20 seconds left.\n|inactive|rohitking has 15 seconds left.\n|\n|t:|1776104628\n|switch|p2b: Charizard|Charizard, L50, F|100/100\n|switch|p1a: Incineroar|Incineroar, L50, F|100/100\n|-ability|p1a: Incineroar|Intimidate|boost\n|-unboost|p2a: Incineroar|atk|1\n|-unboost|p2b: Charizard|atk|1\n|turn|2\n|inactive|Ghostkller has 30 seconds left.\n|\n|t:|1776104655\n|move|p1a: Incineroar|Fake Out|p2b: Charizard\n|-damage|p2b: Charizard|86/100\n|cant|p2b: Charizard|flinch\n|move|p2a: Incineroar|Flare Blitz|p1b: Kingambit\n|-supereffective|p1b: Kingambit|1\n|-damage|p1b: Kingambit|4/100\n|-status|p1b: Kingambit|brn\n|-damage|p2a: Incineroar|78/100|[from] Recoil\n|move|p1b: Kingambit|Kowtow Cleave|p2b: Charizard\n|-damage|p2b: Charizard|31/100\n|\n|-damage|p1b: Kingambit|0 fnt|[from] brn\n|faint|p1b: Kingambit\n|upkeep\n|\n|t:|1776104671\n|switch|p1b: Heracross|Heracross, L50, F|100/100\n|turn|3\n|\n|t:|1776104683\n|detailschange|p1b: Heracross|Heracross-Mega, L50, F\n|-mega|p1b: Heracross|Heracross|Heracronite\n|move|p1b: Heracross|Detect|p1b: Heracross\n|-singleturn|p1b: Heracross|Protect\n|move|p2b: Charizard|Heat Wave|p1b: Heracross|[spread] p1a\n|-activate|p1b: Heracross|move: Protect\n|-resisted|p1a: Incineroar|1\n|-damage|p1a: Incineroar|84/100\n|move|p1a: Incineroar|Darkest Lariat|p2b: Charizard\n|-damage|p2b: Charizard|0 fnt\n|faint|p2b: Charizard\n|move|p2a: Incineroar|Flare Blitz|p1b: Heracross\n|-activate|p1b: Heracross|move: Protect\n|\n|upkeep\n|\n|t:|1776104694\n|switch|p2b: Whimsicott|Whimsicott, L50, M|100/100\n|turn|4\n|\n|t:|1776104705\n|move|p2b: Whimsicott|Tailwind|p2b: Whimsicott\n|-sidestart|p2: rohitking|move: Tailwind\n|move|p2a: Incineroar|Flare Blitz|p1b: Heracross\n|-supereffective|p1b: Heracross|1\n|-damage|p1b: Heracross|44/100\n|-damage|p2a: Incineroar|61/100|[from] Recoil\n|move|p1a: Incineroar|Flare Blitz|p2b: Whimsicott\n|-supereffective|p2b: Whimsicott|1\n|-enditem|p2b: Whimsicott|Focus Sash\n|-damage|p2b: Whimsicott|1/100\n|-damage|p1a: Incineroar|59/100|[from] Recoil\n|move|p1b: Heracross|Rock Blast|p2a: Incineroar\n|-supereffective|p2a: Incineroar|1\n|-damage|p2a: Incineroar|39/100\n|-supereffective|p2a: Incineroar|1\n|-damage|p2a: Incineroar|16/100\n|-supereffective|p2a: Incineroar|1\n|-damage|p2a: Incineroar|0 fnt\n|faint|p2a: Incineroar\n|-hitcount|p2: Incineroar|3\n|\n|upkeep\n|turn|5\n|\n|t:|1776104727\n|move|p2b: Whimsicott|Dazzling Gleam|p1b: Heracross|[spread] p1a,p1b\n|-supereffective|p1b: Heracross|1\n|-damage|p1a: Incineroar|31/100\n|-damage|p1b: Heracross|2/100\n|-enditem|p1a: Incineroar|Sitrus Berry|[eat]\n|-heal|p1a: Incineroar|56/100|[from] item: Sitrus Berry\n|move|p1a: Incineroar|Flare Blitz|p2b: Whimsicott\n|-supereffective|p2b: Whimsicott|1\n|-damage|p2b: Whimsicott|0 fnt\n|faint|p2b: Whimsicott\n|-damage|p1a: Incineroar|55/100|[from] Recoil\n|\n|win|Ghostkller\n|raw|Ghostkller's rating: 1129 &rarr; <strong>1154</strong><br />(+25 for winning)\n|raw|rohitking's rating: 1124 &rarr; <strong>1099</strong><br />(-25 for losing)\n",
  "uploadtime": 1776104741,
  "views": 20,
  "formatid": "gen9championsvgc2026regma",
  "rating": 1099,
  "private": 0,
  "password": null
}