{
  "id": "gen9championsvgc2026regma-2584402734",
  "format": "[Gen 9 Champions] VGC 2026 Reg M-A",
  "players": [
    "jingming",
    "katysub"
  ],
  "log": "|j|\u2606jingming\n|j|\u2606katysub\n|t:|1776258308\n|gametype|doubles\n|player|p1|jingming|nate|1090\n|player|p2|katysub|lass-gen4|1049\n|gen|9\n|tier|[Gen 9 Champions] VGC 2026 Reg M-A\n|rated|\n|rule|Species Clause: Limit one of each Pok\u00e9mon\n|rule|Item Clause: Limit 1 of each item\n|clearpoke\n|poke|p1|Alakazam, L50, M|\n|poke|p1|Farigiraf, L50, M|\n|poke|p1|Sneasler, L50, F|\n|poke|p1|Torkoal, L50, F|\n|poke|p1|Alcremie, L50, F|\n|poke|p1|Gardevoir, L50, F|\n|poke|p2|Gardevoir, L50, M|\n|poke|p2|Aerodactyl, L50, F|\n|poke|p2|Incineroar, L50, M|\n|poke|p2|Rotom-Wash, L50|\n|poke|p2|Sinistcha, L50|\n|poke|p2|Garchomp, L50, F|\n|teampreview|4\n|inactive|Battle timer is ON: inactive players will automatically lose when time's up. (requested by jingming)\n|inactive|katysub has 60 seconds left.\n|\n|t:|1776258348\n|teamsize|p1|4\n|teamsize|p2|4\n|start\n|switch|p1a: Farigiraf|Farigiraf, L50, M|100/100\n|switch|p1b: Sneasler|Sneasler, L50, F|100/100\n|switch|p2a: Incineroar|Incineroar, L50, M|100/100\n|switch|p2b: Rotom|Rotom-Wash, L50|100/100\n|-ability|p2a: Incineroar|Intimidate|boost\n|-unboost|p1a: Farigiraf|atk|1\n|-unboost|p1b: Sneasler|atk|1\n|turn|1\n|inactive|katysub has 30 seconds left.\n|\n|t:|1776258375\n|move|p1a: Farigiraf|Helping Hand|p1b: Sneasler\n|-singleturn|p1b: Sneasler|Helping Hand|[of] p1a: Farigiraf\n|move|p2b: Rotom|Trick|p1a: Farigiraf\n|-activate|p2b: Rotom|move: Trick|[of] p1a: Farigiraf\n|-item|p1a: Farigiraf|Choice Scarf|[from] move: Trick\n|-item|p2b: Rotom|Sitrus Berry|[from] move: Trick\n|move|p1b: Sneasler|Close Combat|p2a: Incineroar\n|-supereffective|p2a: Incineroar|1\n|-damage|p2a: Incineroar|1/100\n|-unboost|p1b: Sneasler|def|1\n|-unboost|p1b: Sneasler|spd|1\n|-enditem|p2a: Incineroar|Sitrus Berry|[eat]\n|-heal|p2a: Incineroar|26/100|[from] item: Sitrus Berry\n|move|p2a: Incineroar|Parting Shot|p1b: Sneasler\n|-unboost|p1b: Sneasler|atk|1\n|-unboost|p1b: Sneasler|spa|1\n|\n|t:|1776258387\n|switch|p2a: Garchomp|Garchomp, L50, F|100/100|[from] Parting Shot\n|\n|upkeep\n|turn|2\n|\n|t:|1776258406\n|move|p1b: Sneasler|Dire Claw|p2a: Garchomp\n|-resisted|p2a: Garchomp|1\n|-damage|p2a: Garchomp|90/100\n|-status|p2a: Garchomp|par\n|-enditem|p2a: Garchomp|Lum Berry|[eat]\n|-curestatus|p2a: Garchomp|par|[msg]\n|-damage|p1b: Sneasler|88/100|[from] ability: Rough Skin|[of] p2a: Garchomp\n|move|p2a: Garchomp|Stomping Tantrum|p1b: Sneasler\n|-supereffective|p1b: Sneasler|1\n|-damage|p1b: Sneasler|0 fnt\n|faint|p1b: Sneasler\n|move|p2b: Rotom|Volt Switch|p1a: Farigiraf\n|-damage|p1a: Farigiraf|65/100\n|\n|t:|1776258412\n|switch|p2b: Gardevoir|Gardevoir, L50, M|100/100|[from] Volt Switch\n|-ability|p2b: Gardevoir|Armor Tail|Trace|[from] ability: Trace|[of] p1a: Farigiraf\n|move|p1a: Farigiraf|Psychic Terrain|p1a: Farigiraf\n|-fieldstart|move: Psychic Terrain\n|\n|upkeep\n|\n|t:|1776258426\n|switch|p1b: Alakazam|Alakazam, L50, M|100/100\n|turn|3\n|inactive|jingming has 30 seconds left.\n|inactive|katysub has 30 seconds left.\n|inactive|jingming has 20 seconds left.\n|inactive|katysub has 20 seconds left.\n|inactive|jingming has 15 seconds left.\n|inactive|jingming has 10 seconds left.\n|\n|t:|1776258475\n|detailschange|p1b: Alakazam|Alakazam-Mega, L50, M\n|-mega|p1b: Alakazam|Alakazam|Alakazite\n|-ability|p1b: Alakazam|Armor Tail|Trace|[from] ability: Trace|[of] p2b: Gardevoir\n|detailschange|p2b: Gardevoir|Gardevoir-Mega, L50, M\n|-mega|p2b: Gardevoir|Gardevoir|Gardevoirite\n|move|p1b: Alakazam|Expanding Force|p2a: Garchomp|[spread] p2a,p2b\n|-resisted|p2b: Gardevoir|1\n|-damage|p2a: Garchomp|0 fnt\n|-damage|p2b: Gardevoir|70/100\n|faint|p2a: Garchomp\n|move|p2b: Gardevoir|Hyper Voice|p1b: Alakazam|[spread] p1a,p1b\n|-damage|p1a: Farigiraf|5/100\n|-damage|p1b: Alakazam|27/100\n|move|p1a: Farigiraf|Psychic Terrain||[still]\n|-fail|p1a: Farigiraf\n|\n|upkeep\n|\n|t:|1776258488\n|switch|p2a: Incineroar|Incineroar, L50, M|26/100\n|-ability|p2a: Incineroar|Intimidate|boost\n|-unboost|p1a: Farigiraf|atk|1\n|-unboost|p1b: Alakazam|atk|1\n|turn|4\n|\n|t:|1776258501\n|move|p1b: Alakazam|Focus Blast|p2a: Incineroar\n|-supereffective|p2a: Incineroar|1\n|-damage|p2a: Incineroar|0 fnt\n|faint|p2a: Incineroar\n|move|p2b: Gardevoir|Hyper Voice|p1b: Alakazam|[spread] p1a,p1b\n|-damage|p1a: Farigiraf|0 fnt\n|-damage|p1b: Alakazam|0 fnt\n|faint|p1a: Farigiraf\n|faint|p1b: Alakazam\n|\n|upkeep\n|\n|t:|1776258512\n|switch|p1b: Torkoal|Torkoal, L50, F|100/100\n|switch|p2a: Rotom|Rotom-Wash, L50|100/100\n|-weather|SunnyDay|[from] ability: Drought|[of] p1b: Torkoal\n|turn|5\n|\n|t:|1776258525\n|move|p2a: Rotom|Thunderbolt|p1b: Torkoal\n|-damage|p1b: Torkoal|41/100\n|move|p2b: Gardevoir|Psychic|p1b: Torkoal\n|-damage|p1b: Torkoal|0 fnt\n|faint|p1b: Torkoal\n|\n|win|katysub\n|raw|jingming's rating: 1090 &rarr; <strong>1064</strong><br />(-26 for losing)\n|raw|katysub's rating: 1049 &rarr; <strong>1085</strong><br />(+36 for winning)\n|l|\u2606jingming\n|player|p1|\n",
  "uploadtime": 1776258536,
  "views": 28,
  "formatid": "gen9championsvgc2026regma",
  "rating": 1064,
  "private": 0,
  "password": null
}