{
  "id": "gen9championsvgc2026regma-2582555011",
  "format": "[Gen 9 Champions] VGC 2026 Reg M-A",
  "players": [
    "DavidTIS",
    "FatCheesyPants"
  ],
  "log": "|j|\u2606DavidTIS\n|j|\u2606FatCheesyPants\n|t:|1776099075\n|gametype|doubles\n|player|p1|DavidTIS|volkner|1063\n|player|p2|FatCheesyPants|pokemaniac|1059\n|gen|9\n|tier|[Gen 9 Champions] VGC 2026 Reg M-A\n|rated|\n|rule|Species Clause: Limit one of each Pok\u00e9mon\n|rule|Item Clause: Limit 1 of each item\n|clearpoke\n|poke|p1|Starmie, L50|\n|poke|p1|Lucario, L50, M|\n|poke|p1|Lycanroc-Dusk, L50, M|\n|poke|p1|Hydreigon, L50, F|\n|poke|p1|Slowbro-Galar, L50, F|\n|poke|p1|Charizard, L50, F|\n|poke|p2|Steelix, L50, F|\n|poke|p2|Sinistcha, L50|\n|poke|p2|Hippowdon, L50, F|\n|poke|p2|Garchomp, L50, M|\n|poke|p2|Altaria, L50, F|\n|poke|p2|Noivern, L50, F|\n|teampreview|4\n|l|\u2606DavidTIS\n|player|p1|\n|inactive|Battle timer is ON: inactive players will automatically lose when time's up. (requested by FatCheesyPants)\n|j|\u2606DavidTIS\n|inactive|DavidTIS reconnected and has 90 seconds left.\n|player|p1|DavidTIS|volkner|\n|\n|t:|1776099112\n|teamsize|p1|4\n|teamsize|p2|4\n|start\n|switch|p1a: Starmie|Starmie, L50|100/100\n|switch|p1b: Hydreigon|Hydreigon, L50, F|100/100\n|switch|p2a: Noivern|Noivern, L50, F|100/100\n|switch|p2b: Garchomp|Garchomp, L50, M|100/100\n|-item|p1a: Starmie|Starminite|[from] ability: Frisk|[of] p2a: Noivern\n|-item|p1b: Hydreigon|White Herb|[from] ability: Frisk|[of] p2a: Noivern\n|turn|1\n|\n|t:|1776099133\n|detailschange|p1a: Starmie|Starmie-Mega, L50\n|-mega|p1a: Starmie|Starmie|Starminite\n|move|p2b: Garchomp|Protect|p2b: Garchomp\n|-singleturn|p2b: Garchomp|Protect\n|move|p1b: Hydreigon|Protect|p1b: Hydreigon\n|-singleturn|p1b: Hydreigon|Protect\n|move|p2a: Noivern|Tailwind|p2a: Noivern\n|-sidestart|p2: FatCheesyPants|move: Tailwind\n|move|p1a: Starmie|Ice Spinner|p2a: Noivern\n|-supereffective|p2a: Noivern|2\n|-enditem|p2a: Noivern|Focus Sash\n|-damage|p2a: Noivern|1/100\n|\n|upkeep\n|turn|2\n|\n|t:|1776099152\n|move|p2a: Noivern|Dragon Cheer|p2b: Garchomp\n|-start|p2b: Garchomp|move: Dragon Cheer\n|move|p2b: Garchomp|Draco Meteor|p1b: Hydreigon\n|-supereffective|p1b: Hydreigon|1\n|-crit|p1b: Hydreigon\n|-damage|p1b: Hydreigon|0 fnt\n|-unboost|p2b: Garchomp|spa|2\n|faint|p1b: Hydreigon\n|move|p1a: Starmie|Ice Spinner|p2b: Garchomp\n|-supereffective|p2b: Garchomp|2\n|-damage|p2b: Garchomp|0 fnt\n|-damage|p1a: Starmie|89/100|[from] ability: Rough Skin|[of] p2b: Garchomp\n|faint|p2b: Garchomp\n|\n|upkeep\n|\n|t:|1776099173\n|switch|p2b: Sinistcha|Sinistcha, L50|100/100\n|switch|p1b: Slowbro|Slowbro-Galar, L50, F|100/100\n|-heal|p2a: Noivern|26/100|[from] ability: Hospitality|[of] p2b: Sinistcha\n|turn|3\n|-activate|p1b: Slowbro|ability: Quick Draw\n|\n|t:|1776099190\n|move|p1b: Slowbro|Shell Side Arm|p2b: Sinistcha|[anim] Shell Side Arm Physical\n|-damage|p2b: Sinistcha|60/100\n|-hint|Physical Shell Side Arm\n|move|p2a: Noivern|Air Slash|p1a: Starmie\n|-damage|p1a: Starmie|49/100\n|move|p2b: Sinistcha|Shadow Ball|p1a: Starmie\n|-supereffective|p1a: Starmie|1\n|-damage|p1a: Starmie|0 fnt\n|faint|p1a: Starmie\n|\n|-heal|p2b: Sinistcha|66/100|[from] item: Leftovers\n|upkeep\n|\n|t:|1776099205\n|switch|p1a: Lucario|Lucario, L50, M|100/100\n|turn|4\n|-activate|p1b: Slowbro|ability: Quick Draw\n|\n|t:|1776099220\n|move|p2a: Noivern|Protect|p2a: Noivern\n|-singleturn|p2a: Noivern|Protect\n|move|p1b: Slowbro|Ice Punch|p2a: Noivern\n|-activate|p2a: Noivern|move: Protect\n|move|p1a: Lucario|Dark Pulse|p2b: Sinistcha\n|-supereffective|p2b: Sinistcha|1\n|-damage|p2b: Sinistcha|13/100\n|cant|p2b: Sinistcha|flinch\n|\n|-heal|p2b: Sinistcha|20/100|[from] item: Leftovers\n|-sideend|p2: FatCheesyPants|move: Tailwind\n|upkeep\n|turn|5\n|inactive|FatCheesyPants has 30 seconds left.\n|inactive|FatCheesyPants has 20 seconds left.\n|\n|t:|1776099255\n|move|p1a: Lucario|Dark Pulse|p2b: Sinistcha\n|-supereffective|p2b: Sinistcha|1\n|-damage|p2b: Sinistcha|0 fnt\n|faint|p2b: Sinistcha\n|move|p2a: Noivern|Tailwind|p2a: Noivern\n|-sidestart|p2: FatCheesyPants|move: Tailwind\n|move|p1b: Slowbro|Ice Punch|p2a: Noivern\n|-supereffective|p2a: Noivern|2\n|-damage|p2a: Noivern|0 fnt\n|faint|p2a: Noivern\n|\n|upkeep\n|\n|t:|1776099267\n|switch|p2b: Altaria|Altaria, L50, F|100/100\n|-ability|p2b: Altaria|Cloud Nine\n|turn|6\n|\n|t:|1776099280\n|detailschange|p2b: Altaria|Altaria-Mega, L50, F\n|-mega|p2b: Altaria|Altaria|Altarianite\n|move|p1a: Lucario|Dark Pulse|p2b: Altaria\n|-resisted|p2b: Altaria|1\n|-damage|p2b: Altaria|88/100\n|move|p2b: Altaria|Heat Wave|p1a: Lucario|[spread] p1a,p1b\n|-supereffective|p1a: Lucario|1\n|-damage|p1a: Lucario|27/100\n|-damage|p1b: Slowbro|70/100\n|-status|p1a: Lucario|brn\n|move|p1b: Slowbro|Ice Punch|p2b: Altaria\n|-supereffective|p2b: Altaria|1\n|-damage|p2b: Altaria|41/100\n|\n|-heal|p1b: Slowbro|76/100|[from] item: Leftovers\n|-damage|p1a: Lucario|21/100 brn|[from] brn\n|upkeep\n|turn|7\n|\n|t:|1776099302\n|move|p1a: Lucario|Dark Pulse|p2b: Altaria\n|-resisted|p2b: Altaria|1\n|-damage|p2b: Altaria|27/100\n|move|p2b: Altaria|Dragon Pulse|p1b: Slowbro\n|-damage|p1b: Slowbro|25/100\n|move|p1b: Slowbro|Shell Side Arm|p2b: Altaria|[anim] Shell Side Arm Physical\n|-supereffective|p2b: Altaria|1\n|-damage|p2b: Altaria|0 fnt\n|-hint|Physical Shell Side Arm\n|faint|p2b: Altaria\n|\n|win|DavidTIS\n|raw|DavidTIS's rating: 1063 &rarr; <strong>1093</strong><br />(+30 for winning)\n|raw|FatCheesyPants's rating: 1059 &rarr; <strong>1040</strong><br />(-19 for losing)\n|l|\u2606FatCheesyPants\n|player|p2|\n",
  "uploadtime": 1776099316,
  "views": 44,
  "formatid": "gen9championsvgc2026regma",
  "rating": 1040,
  "private": 0,
  "password": null
}