{
  "id": "gen9championsvgc2026regma-2586067033",
  "format": "[Gen 9 Champions] VGC 2026 Reg M-A",
  "players": [
    "tihhihmatt",
    "RyanMelon"
  ],
  "log": "|j|\u2606tihhihmatt\n|j|\u2606RyanMelon\n|t:|1776395479\n|gametype|doubles\n|player|p1|tihhihmatt|sage|\n|player|p2|RyanMelon|gardenia|\n|gen|9\n|tier|[Gen 9 Champions] VGC 2026 Reg M-A\n|rule|Species Clause: Limit one of each Pok\u00e9mon\n|rule|Item Clause: Limit 1 of each item\n|clearpoke\n|poke|p1|Basculegion, L50, M|\n|poke|p1|Pelipper, L50, M|\n|poke|p1|Gallade, L50, M|\n|poke|p1|Goodra-Hisui, L50, M|\n|poke|p1|Clefable, L50, F|\n|poke|p1|Kangaskhan, L50, F|\n|poke|p2|Politoed, L50, F|\n|poke|p2|Dragonite, L50, M|\n|poke|p2|Pikachu, L50, M|\n|poke|p2|Tsareena, L50, F|\n|poke|p2|Basculegion-F, L50, F|\n|poke|p2|Mimikyu, L50, M|\n|teampreview|4\n|\n|t:|1776395560\n|teamsize|p1|4\n|teamsize|p2|4\n|start\n|switch|p1a: baby kih|Kangaskhan, L50, F, shiny|100/100\n|switch|p1b: fih|Basculegion, L50, M|100/100\n|switch|p2a: ratpack|Pikachu, L50, M, shiny|100/100\n|switch|p2b: DivaCrown|Tsareena, L50, F, shiny|100/100\n|turn|1\n|\n|t:|1776395601\n|detailschange|p1a: baby kih|Kangaskhan-Mega, L50, F, shiny\n|-mega|p1a: baby kih|Kangaskhan|Kangaskhanite\n|move|p1a: baby kih|Fake Out||[still]\n|cant|p2b: DivaCrown|ability: Queenly Majesty|Fake Out|[of] p1a: baby kih\n|move|p2a: ratpack|Feint|p1a: baby kih\n|-damage|p1a: baby kih|87/100\n|move|p1b: fih|Flip Turn|p2a: ratpack\n|-damage|p2a: ratpack|0 fnt\n|faint|p2a: ratpack\n|c|\u2606tihhihmatt|gah damn\n|c|\u2606tihhihmatt|lowk forgot about majesty icl\n|c|\u2606tihhihmatt|wp\n|\n|t:|1776395625\n|switch|p1b: gih-h|Goodra-Hisui, L50, M, shiny|100/100|[from] Flip Turn\n|move|p2b: DivaCrown|High Jump Kick|p1a: baby kih\n|-supereffective|p1a: baby kih|1\n|-damage|p1a: baby kih|0 fnt\n|faint|p1a: baby kih\n|\n|upkeep\n|c|\u2606RyanMelon|Lowkey didnt even know about that ability when I drafted her LOL\n|\n|t:|1776395658\n|switch|p1a: pih|Pelipper, L50, M, shiny|100/100\n|switch|p2a: casper|Mimikyu, L50, M, shiny|100/100\n|-weather|RainDance|[from] ability: Drizzle|[of] p1a: pih\n|turn|2\n|\n|t:|1776395734\n|move|p2b: DivaCrown|Protect|p2b: DivaCrown\n|-singleturn|p2b: DivaCrown|Protect\n|move|p1a: pih|Hurricane|p2b: DivaCrown\n|-activate|p2b: DivaCrown|move: Protect\n|move|p2a: casper|Drain Punch|p1b: gih-h\n|-supereffective|p1b: gih-h|1\n|-damage|p1b: gih-h|66/100\n|move|p1b: gih-h|Shelter|p1b: gih-h\n|-boost|p1b: gih-h|def|2\n|\n|-weather|RainDance|[upkeep]\n|-heal|p1b: gih-h|72/100|[from] item: Leftovers\n|upkeep\n|turn|3\n|\n|t:|1776395798\n|move|p1a: pih|Hurricane|p2b: DivaCrown\n|-supereffective|p2b: DivaCrown|1\n|-damage|p2b: DivaCrown|0 fnt\n|faint|p2b: DivaCrown\n|move|p2a: casper|Drain Punch|p1b: gih-h\n|-supereffective|p1b: gih-h|1\n|-damage|p1b: gih-h|56/100\n|move|p1b: gih-h|Thunderbolt|p2a: casper\n|-activate|p2a: casper|ability: Disguise\n|-damage|p2a: casper|100/100\n|detailschange|p2a: casper|Mimikyu-Busted, L50, M, shiny\n|-damage|p2a: casper|88/100|[from] pokemon: Mimikyu-Busted\n|\n|-weather|RainDance|[upkeep]\n|-heal|p1b: gih-h|62/100|[from] item: Leftovers\n|upkeep\n|\n|t:|1776395811\n|switch|p2b: bassboat|Basculegion-F, L50, F|100/100\n|turn|4\n|\n|t:|1776395866\n|move|p2b: bassboat|Shadow Ball|p1b: gih-h\n|-damage|p1b: gih-h|30/100\n|move|p1a: pih|Weather Ball|p2a: casper\n|-damage|p2a: casper|25/100\n|-enditem|p2a: casper|Sitrus Berry|[eat]\n|-heal|p2a: casper|49/100|[from] item: Sitrus Berry\n|move|p1b: gih-h|Thunderbolt|p2a: casper\n|-damage|p2a: casper|25/100\n|move|p2a: casper|Trick Room|p2a: casper\n|-fieldstart|move: Trick Room|[of] p2a: casper\n|\n|-weather|RainDance|[upkeep]\n|-heal|p1b: gih-h|36/100|[from] item: Leftovers\n|upkeep\n|turn|5\n|c|\u2606tihhihmatt|oh we didnt put g2 link\n|c|\u2606tihhihmatt|erm\n|c|\u2606RyanMelon|I think its gg lol\n|c|\u2606tihhihmatt|o wait\n|c|\u2606RyanMelon|I thought I did\n|c|\u2606tihhihmatt|u did\n|c|\u2606tihhihmatt|ya\n|c|\u2606tihhihmatt|i saw nobody join\n|\n|t:|1776395926\n|move|p1b: gih-h|Protect|p1b: gih-h\n|-singleturn|p1b: gih-h|Protect\n|move|p2a: casper|Shadow Sneak|p1b: gih-h\n|-activate|p1b: gih-h|move: Protect\n|move|p1a: pih|Weather Ball|p2a: casper\n|-damage|p2a: casper|0 fnt\n|faint|p2a: casper\n|move|p2b: bassboat|Shadow Ball|p1b: gih-h\n|-activate|p1b: gih-h|move: Protect\n|\n|-weather|RainDance|[upkeep]\n|-heal|p1b: gih-h|42/100|[from] item: Leftovers\n|upkeep\n|turn|6\n|\n|t:|1776395947\n|move|p1b: gih-h|Thunderbolt|p2b: bassboat\n|-supereffective|p2b: bassboat|1\n|-damage|p2b: bassboat|54/100\n|move|p1a: pih|Hurricane|p2b: bassboat\n|-damage|p2b: bassboat|0 fnt\n|faint|p2b: bassboat\n|\n|win|tihhihmatt\n|c|\u2606tihhihmatt|gg mr ryan\n|c|\u2606RyanMelon|Mannn I had a read to feint the kang game 1 and it cost me\n|c|\u2606RyanMelon|ggs\n",
  "uploadtime": 1776395986,
  "views": 36,
  "formatid": "gen9championsvgc2026regma",
  "rating": null,
  "private": 0,
  "password": null
}