{
  "id": "gen9championsvgc2026regma-2582986815",
  "format": "[Gen 9 Champions] VGC 2026 Reg M-A",
  "players": [
    "G00bermeister69420",
    "sabo_dark7"
  ],
  "log": "|j|\u2606G00bermeister69420\n|j|\u2606sabo_dark7\n|t:|1776130981\n|gametype|doubles\n|player|p1|G00bermeister69420|hiker-gen4|1000\n|player|p2|sabo_dark7|ethan|1000\n|gen|9\n|tier|[Gen 9 Champions] VGC 2026 Reg M-A\n|rated|\n|rule|Species Clause: Limit one of each Pok\u00e9mon\n|rule|Item Clause: Limit 1 of each item\n|clearpoke\n|poke|p1|Basculegion, L50, M|\n|poke|p1|Pelipper, L50, M|\n|poke|p1|Manectric, L50, M|\n|poke|p1|Drampa, L50, M|\n|poke|p1|Garchomp, L50, F|\n|poke|p2|Sylveon, L50, M|\n|poke|p2|Mimikyu, L50, F|\n|poke|p2|Gengar, L50, M|\n|poke|p2|Dragonite, L50, F|\n|poke|p2|Vaporeon, L50, M|\n|poke|p2|Charizard, L50, M|\n|teampreview|4\n|\n|t:|1776131001\n|teamsize|p1|4\n|teamsize|p2|4\n|start\n|switch|p1a: Pelipper|Pelipper, L50, M|100/100\n|switch|p1b: Manectric|Manectric, L50, M|100/100\n|switch|p2a: Charizard|Charizard, L50, M|100/100\n|switch|p2b: Mimikyu|Mimikyu, L50, F|100/100\n|-weather|RainDance|[from] ability: Drizzle|[of] p1a: Pelipper\n|turn|1\n|\n|t:|1776131035\n|detailschange|p2a: Charizard|Charizard-Mega-Y, L50, M\n|-mega|p2a: Charizard|Charizard|Charizardite Y\n|-weather|SunnyDay|[from] ability: Drought|[of] p2a: Charizard\n|detailschange|p1b: Manectric|Manectric-Mega, L50, M\n|-mega|p1b: Manectric|Manectric|Manectite\n|-ability|p1b: Manectric|Intimidate|boost\n|-unboost|p2a: Charizard|atk|1\n|-unboost|p2b: Mimikyu|atk|1\n|move|p1a: Pelipper|Hurricane|p2b: Mimikyu\n|-activate|p2b: Mimikyu|ability: Disguise\n|-damage|p2b: Mimikyu|100/100\n|detailschange|p2b: Mimikyu|Mimikyu-Busted, L50, F\n|-damage|p2b: Mimikyu|88/100|[from] pokemon: Mimikyu-Busted\n|move|p1b: Manectric|Thunder|p2a: Charizard|[miss]\n|-miss|p1b: Manectric|p2a: Charizard\n|move|p2a: Charizard|Solar Beam||[still]\n|-prepare|p2a: Charizard|Solar Beam\n|-anim|p2a: Charizard|Solar Beam|p1b: Manectric\n|-damage|p1b: Manectric|35/100\n|move|p2b: Mimikyu|Swords Dance|p2b: Mimikyu\n|-boost|p2b: Mimikyu|atk|2\n|\n|-weather|SunnyDay|[upkeep]\n|upkeep\n|turn|2\n|\n|t:|1776131062\n|move|p1a: Pelipper|Hurricane|p2b: Mimikyu|[miss]\n|-miss|p1a: Pelipper|p2b: Mimikyu\n|move|p1b: Manectric|Volt Switch|p2a: Charizard\n|-supereffective|p2a: Charizard|1\n|-damage|p2a: Charizard|16/100\n|\n|t:|1776131074\n|switch|p1b: Basculegion|Basculegion, L50, M|100/100|[from] Volt Switch\n|move|p2a: Charizard|Heat Wave|p1a: Pelipper|[spread] p1a,p1b\n|-resisted|p1a: Pelipper|1\n|-resisted|p1b: Basculegion|1\n|-damage|p1a: Pelipper|44/100\n|-damage|p1b: Basculegion|70/100\n|move|p2b: Mimikyu|Shadow Claw|p1a: Pelipper\n|-damage|p1a: Pelipper|0 fnt\n|faint|p1a: Pelipper\n|\n|-weather|SunnyDay|[upkeep]\n|upkeep\n|\n|t:|1776131076\n|switch|p1a: Manectric|Manectric-Mega, L50, M|35/100\n|-ability|p1a: Manectric|Intimidate|boost\n|-unboost|p2a: Charizard|atk|1\n|-unboost|p2b: Mimikyu|atk|1\n|turn|3\n|\n|t:|1776131096\n|move|p1a: Manectric|Volt Switch|p2a: Charizard\n|-supereffective|p2a: Charizard|1\n|-damage|p2a: Charizard|0 fnt\n|faint|p2a: Charizard\n|\n|t:|1776131099\n|switch|p1a: Drampa|Drampa, L50, M|100/100|[from] Volt Switch\n|move|p2b: Mimikyu|Shadow Claw|p1b: Basculegion\n|-supereffective|p1b: Basculegion|1\n|-damage|p1b: Basculegion|12/100\n|move|p1b: Basculegion|Last Respects|p2b: Mimikyu\n|-supereffective|p2b: Mimikyu|1\n|-damage|p2b: Mimikyu|0 fnt\n|faint|p2b: Mimikyu\n|\n|-weather|SunnyDay|[upkeep]\n|upkeep\n|\n|t:|1776131107\n|switch|p2a: Vaporeon|Vaporeon, L50, M|100/100\n|switch|p2b: Sylveon|Sylveon, L50, M|100/100\n|turn|4\n|\n|t:|1776131123\n|move|p1b: Basculegion|Soak|p2b: Sylveon\n|-start|p2b: Sylveon|typechange|Water\n|move|p2a: Vaporeon|Ice Beam|p1a: Drampa\n|-supereffective|p1a: Drampa|1\n|-damage|p1a: Drampa|51/100\n|move|p2b: Sylveon|Hyper Voice|p1b: Basculegion|[spread] p1a,p1b\n|-supereffective|p1a: Drampa|1\n|-damage|p1a: Drampa|0 fnt\n|-damage|p1b: Basculegion|0 fnt\n|faint|p1a: Drampa\n|faint|p1b: Basculegion\n|\n|-weather|SunnyDay|[upkeep]\n|upkeep\n|\n|t:|1776131134\n|switch|p1b: Manectric|Manectric-Mega, L50, M|35/100\n|-ability|p1b: Manectric|Intimidate|boost\n|-unboost|p2a: Vaporeon|atk|1\n|-unboost|p2b: Sylveon|atk|1\n|turn|5\n|\n|t:|1776131148\n|move|p1b: Manectric|Volt Switch|p2a: Vaporeon\n|-supereffective|p2a: Vaporeon|1\n|-damage|p2a: Vaporeon|45/100\n|move|p2a: Vaporeon|Ice Beam|p1b: Manectric\n|-damage|p1b: Manectric|3/100\n|move|p2b: Sylveon|Hyper Voice|p1b: Manectric\n|-damage|p1b: Manectric|0 fnt\n|faint|p1b: Manectric\n|\n|win|sabo_dark7\n|raw|G00bermeister69420's rating: 1000 &rarr; <strong>1000</strong><br />(+0 for losing)\n|raw|sabo_dark7's rating: 1000 &rarr; <strong>1040</strong><br />(+40 for winning)\n",
  "uploadtime": 1776131160,
  "views": 13,
  "formatid": "gen9championsvgc2026regma",
  "rating": 1000,
  "private": 0,
  "password": null
}