{
  "id": "gen9championsvgc2026regma-2583225900",
  "format": "[Gen 9 Champions] VGC 2026 Reg M-A",
  "players": [
    "shin-tv07",
    "Arutor"
  ],
  "log": "|j|\u2606shin-tv07\n|j|\u2606Arutor\n|t:|1776156832\n|gametype|doubles\n|player|p1|shin-tv07|twins-gen4dp|1061\n|player|p2|Arutor|drayden|1065\n|gen|9\n|tier|[Gen 9 Champions] VGC 2026 Reg M-A\n|rated|\n|rule|Species Clause: Limit one of each Pok\u00e9mon\n|rule|Item Clause: Limit 1 of each item\n|clearpoke\n|poke|p1|Tauros-Paldea-Aqua, L50, M|\n|poke|p1|Froslass, L50, F|\n|poke|p1|Whimsicott, L50, F|\n|poke|p1|Incineroar, L50, F|\n|poke|p1|Palafin, L50, M|\n|poke|p1|Floette-Eternal, L50, F|\n|poke|p2|Sableye, L50, M|\n|poke|p2|Umbreon, L50, M|\n|poke|p2|Tinkaton, L50, F|\n|poke|p2|Corviknight, L50, M|\n|poke|p2|Garchomp, L50, M|\n|poke|p2|Gengar, L50, M|\n|teampreview|4\n|inactive|Battle timer is ON: inactive players will automatically lose when time's up. (requested by Arutor)\n|\n|t:|1776156863\n|teamsize|p1|4\n|teamsize|p2|4\n|start\n|switch|p1a: Tauros|Tauros-Paldea-Aqua, L50, M|100/100\n|switch|p1b: Froslass|Froslass, L50, F|100/100\n|switch|p2a: Sableye|Sableye, L50, M|100/100\n|switch|p2b: Tinkaton|Tinkaton, L50, F|100/100\n|turn|1\n|\n|t:|1776156882\n|move|p2a: Sableye|Rain Dance|p2a: Sableye\n|-weather|RainDance\n|move|p1b: Froslass|Frost Breath|p1a: Tauros\n|-resisted|p1a: Tauros|1\n|-crit|p1a: Tauros\n|-damage|p1a: Tauros|85/100\n|-setboost|p1a: Tauros|atk|6|[from] ability: Anger Point\n|move|p1a: Tauros|Rock Slide|p2b: Tinkaton|[spread] \n|-miss|p1a: Tauros|p2a: Sableye\n|-miss|p1a: Tauros|p2b: Tinkaton\n|move|p2b: Tinkaton|Gigaton Hammer|p1b: Froslass\n|-supereffective|p1b: Froslass|1\n|-damage|p1b: Froslass|0 fnt\n|faint|p1b: Froslass\n|\n|-weather|RainDance|[upkeep]\n|upkeep\n|\n|t:|1776156895\n|switch|p1b: Whimsicott|Whimsicott, L50, F|100/100\n|turn|2\n|\n|t:|1776156916\n|move|p2b: Tinkaton|Protect|p2b: Tinkaton\n|-singleturn|p2b: Tinkaton|Protect\n|move|p1b: Whimsicott|Tailwind|p1b: Whimsicott\n|-sidestart|p1: shin-tv07|move: Tailwind\n|move|p1a: Tauros|Aqua Jet|p2a: Sableye\n|-damage|p2a: Sableye|0 fnt\n|faint|p2a: Sableye\n|\n|-weather|RainDance|[upkeep]\n|upkeep\n|\n|t:|1776156928\n|switch|p2a: Corviknight|Corviknight, L50, M|100/100\n|turn|3\n|\n|t:|1776156947\n|move|p1b: Whimsicott|Taunt|p2a: Corviknight\n|-start|p2a: Corviknight|move: Taunt\n|move|p1a: Tauros|Close Combat|p2a: Corviknight\n|-crit|p2a: Corviknight\n|-damage|p2a: Corviknight|0 fnt\n|-unboost|p1a: Tauros|def|1\n|-unboost|p1a: Tauros|spd|1\n|faint|p2a: Corviknight\n|move|p2b: Tinkaton|Gigaton Hammer|p1b: Whimsicott\n|-supereffective|p1b: Whimsicott|1\n|-damage|p1b: Whimsicott|0 fnt\n|faint|p1b: Whimsicott\n|\n|-weather|RainDance|[upkeep]\n|upkeep\n|\n|t:|1776156962\n|switch|p1b: Palafin|Palafin, L50, M|100/100\n|switch|p2a: Garchomp|Garchomp, L50, M|100/100\n|turn|4\n|\n|t:|1776156976\n|move|p2b: Tinkaton|Protect|p2b: Tinkaton\n|-singleturn|p2b: Tinkaton|Protect\n|move|p1b: Palafin|Wave Crash|p2a: Garchomp\n|-damage|p2a: Garchomp|37/100\n|-damage|p1b: Palafin|78/100|[from] Recoil\n|move|p1a: Tauros|Close Combat|p2b: Tinkaton\n|-activate|p2b: Tinkaton|move: Protect\n|move|p2a: Garchomp|Earthquake|p1a: Tauros|[spread] p1a,p1b\n|-activate|p2b: Tinkaton|move: Protect\n|-damage|p1a: Tauros|19/100\n|-damage|p1b: Palafin|24/100\n|\n|-weather|RainDance|[upkeep]\n|upkeep\n|turn|5\n|inactive|Arutor has 30 seconds left.\n|\n|t:|1776157006\n|move|p1b: Palafin|Wave Crash|p2a: Garchomp\n|-damage|p2a: Garchomp|0 fnt\n|faint|p2a: Garchomp\n|-damage|p1b: Palafin|12/100|[from] Recoil\n|move|p1a: Tauros|Close Combat|p2b: Tinkaton\n|-damage|p2b: Tinkaton|0 fnt\n|-unboost|p1a: Tauros|def|1\n|-unboost|p1a: Tauros|spd|1\n|faint|p2b: Tinkaton\n|\n|win|shin-tv07\n|raw|shin-tv07's rating: 1061 &rarr; <strong>1092</strong><br />(+31 for winning)\n|raw|Arutor's rating: 1065 &rarr; <strong>1045</strong><br />(-20 for losing)\n",
  "uploadtime": 1776157011,
  "views": 15,
  "formatid": "gen9championsvgc2026regma",
  "rating": 1045,
  "private": 0,
  "password": null
}