{
  "id": "gen9championsvgc2026regma-2586838407",
  "format": "[Gen 9 Champions] VGC 2026 Reg M-A",
  "players": [
    "FlyingHirschGG",
    "redx50"
  ],
  "log": "|j|\u2606FlyingHirschGG\n|j|\u2606redx50\n|t:|1776464163\n|gametype|doubles\n|player|p1|FlyingHirschGG|arezu|1349\n|player|p2|redx50|red|1437\n|gen|9\n|tier|[Gen 9 Champions] VGC 2026 Reg M-A\n|rated|\n|rule|Species Clause: Limit one of each Pok\u00e9mon\n|rule|Item Clause: Limit 1 of each item\n|clearpoke\n|poke|p1|Meowscarada, L50, F|\n|poke|p1|Floette-Eternal, L50, F|\n|poke|p1|Talonflame, L50, M|\n|poke|p1|Incineroar, L50, M|\n|poke|p1|Gengar, L50, M|\n|poke|p1|Farigiraf, L50, F|\n|poke|p2|Milotic, L50, M|\n|poke|p2|Incineroar, L50, F|\n|poke|p2|Aerodactyl, L50, M|\n|poke|p2|Manectric, L50, M|\n|poke|p2|Lucario, L50, F|\n|poke|p2|Sinistcha-Masterpiece, L50|\n|teampreview|4\n|inactive|Battle timer is ON: inactive players will automatically lose when time's up. (requested by redx50)\n|\n|t:|1776464193\n|teamsize|p1|4\n|teamsize|p2|4\n|start\n|switch|p1a: Meowscarada|Meowscarada, L50, F|100/100\n|switch|p1b: Floette|Floette-Eternal, L50, F|100/100\n|switch|p2a: Incineroar|Incineroar, L50, F|100/100\n|switch|p2b: Aerodactyl|Aerodactyl, L50, M|100/100\n|-ability|p2b: Aerodactyl|Unnerve\n|-ability|p2a: Incineroar|Intimidate|boost\n|-block|p1a: Meowscarada|ability: Flower Veil|[of] p1b: Floette\n|-unboost|p1b: Floette|atk|1\n|turn|1\n|\n|t:|1776464214\n|switch|p1a: Bozo|Farigiraf, L50, F, shiny|100/100\n|detailschange|p1b: Floette|Floette-Mega, L50, F\n|-mega|p1b: Floette|Floette|Floettite\n|-ability|p1b: Floette|Fairy Aura\n|move|p2a: Incineroar|Fake Out||[still]\n|cant|p1a: Bozo|ability: Armor Tail|Fake Out|[of] p2a: Incineroar\n|move|p2b: Aerodactyl|Dual Wingbeat|p1a: Bozo\n|-damage|p1a: Bozo|83/100\n|-damage|p1a: Bozo|66/100\n|-hitcount|p1a: Bozo|2\n|move|p1b: Floette|Calm Mind|p1b: Floette\n|-boost|p1b: Floette|spa|1\n|-boost|p1b: Floette|spd|1\n|\n|upkeep\n|turn|2\n|\n|t:|1776464236\n|move|p2b: Aerodactyl|Dual Wingbeat|p1a: Bozo\n|-damage|p1a: Bozo|48/100\n|-damage|p1a: Bozo|29/100\n|-hitcount|p1a: Bozo|2\n|move|p1b: Floette|Moonblast|p2a: Incineroar\n|-damage|p2a: Incineroar|20/100\n|move|p2a: Incineroar|Snarl|p1b: Floette|[spread] p1a,p1b\n|-supereffective|p1a: Bozo|1\n|-crit|p1a: Bozo\n|-resisted|p1b: Floette|1\n|-damage|p1a: Bozo|0 fnt\n|-damage|p1b: Floette|97/100\n|-unboost|p1b: Floette|spa|1\n|faint|p1a: Bozo\n|\n|upkeep\n|\n|t:|1776464250\n|switch|p1a: Talonflame|Talonflame, L50, M, shiny|100/100\n|turn|3\n|\n|t:|1776464262\n|move|p1a: Talonflame|Protect|p1a: Talonflame\n|-singleturn|p1a: Talonflame|Protect\n|move|p2b: Aerodactyl|Rock Slide|p1a: Talonflame|[spread] \n|-activate|p1a: Talonflame|move: Protect\n|-miss|p2b: Aerodactyl|p1b: Floette\n|move|p1b: Floette|Dazzling Gleam|p2a: Incineroar|[spread] p2a,p2b\n|-damage|p2a: Incineroar|0 fnt\n|-damage|p2b: Aerodactyl|34/100\n|faint|p2a: Incineroar\n|\n|upkeep\n|\n|t:|1776464269\n|switch|p2a: Lucario|Lucario, L50, F|100/100\n|turn|4\n|inactive|FlyingHirschGG has 30 seconds left.\n|\n|t:|1776464296\n|detailschange|p2a: Lucario|Lucario-Mega, L50, F\n|-mega|p2a: Lucario|Lucario|Lucarionite\n|move|p2a: Lucario|Bullet Punch|p1b: Floette\n|-supereffective|p1b: Floette|1\n|-damage|p1b: Floette|40/100\n|move|p2b: Aerodactyl|Tailwind|p2b: Aerodactyl\n|-sidestart|p2: redx50|move: Tailwind\n|move|p1a: Talonflame|Tailwind|p1a: Talonflame\n|-sidestart|p1: FlyingHirschGG|move: Tailwind\n|move|p1b: Floette|Dazzling Gleam|p2a: Lucario|[spread] p2a,p2b\n|-damage|p2a: Lucario|27/100\n|-damage|p2b: Aerodactyl|0 fnt\n|faint|p2b: Aerodactyl\n|\n|upkeep\n|\n|t:|1776464302\n|switch|p2b: Milotic|Milotic, L50, M|100/100\n|turn|5\n|\n|t:|1776464326\n|move|p2a: Lucario|Protect|p2a: Lucario\n|-singleturn|p2a: Lucario|Protect\n|move|p1b: Floette|Protect|p1b: Floette\n|-singleturn|p1b: Floette|Protect\n|move|p1a: Talonflame|Dual Wingbeat|p2a: Lucario\n|-activate|p2a: Lucario|move: Protect\n|move|p2b: Milotic|Waterfall|p1a: Talonflame\n|-supereffective|p1a: Talonflame|1\n|-damage|p1a: Talonflame|10/100\n|\n|upkeep\n|turn|6\n|inactive|redx50 has 30 seconds left.\n|inactive|redx50 has 20 seconds left.\n|\n|t:|1776464362\n|switch|p1b: Meowscarada|Meowscarada, L50, F|100/100\n|move|p2a: Lucario|Bullet Punch|p1a: Talonflame\n|-resisted|p1a: Talonflame|1\n|-damage|p1a: Talonflame|0 fnt\n|-status|p2a: Lucario|brn|[from] ability: Flame Body|[of] p1a: Talonflame\n|faint|p1a: Talonflame\n|move|p2b: Milotic|Coil|p2b: Milotic\n|-boost|p2b: Milotic|atk|1\n|-boost|p2b: Milotic|def|1\n|-boost|p2b: Milotic|accuracy|1\n|\n|-damage|p2a: Lucario|21/100 brn|[from] brn\n|upkeep\n|\n|t:|1776464373\n|switch|p1a: Floette|Floette-Mega, L50, F|40/100\n|-ability|p1a: Floette|Fairy Aura\n|turn|7\n|\n|t:|1776464384\n|move|p2a: Lucario|Protect|p2a: Lucario\n|-singleturn|p2a: Lucario|Protect\n|move|p1a: Floette|Protect|p1a: Floette\n|-singleturn|p1a: Floette|Protect\n|move|p1b: Meowscarada|Low Kick|p2a: Lucario\n|-activate|p2a: Lucario|move: Protect\n|move|p2b: Milotic|Triple Axel|p1b: Meowscarada\n|-supereffective|p1b: Meowscarada|1\n|-damage|p1b: Meowscarada|77/100\n|-supereffective|p1b: Meowscarada|1\n|-damage|p1b: Meowscarada|30/100\n|-supereffective|p1b: Meowscarada|1\n|-crit|p1b: Meowscarada\n|-damage|p1b: Meowscarada|0 fnt\n|faint|p1b: Meowscarada\n|-hitcount|p1: Meowscarada|3\n|\n|-damage|p2a: Lucario|15/100 brn|[from] brn\n|-sideend|p2: redx50|move: Tailwind\n|-sideend|p1: FlyingHirschGG|move: Tailwind\n|upkeep\n|turn|8\n|-message|FlyingHirschGG forfeited.\n|\n|win|redx50\n|raw|FlyingHirschGG's rating: 1349 &rarr; <strong>1334</strong><br />(-15 for losing)\n|raw|redx50's rating: 1437 &rarr; <strong>1452</strong><br />(+15 for winning)\n|l|\u2606FlyingHirschGG\n|player|p1|\n",
  "uploadtime": 1776464400,
  "views": 41,
  "formatid": "gen9championsvgc2026regma",
  "rating": 1334,
  "private": 0,
  "password": null
}