{
  "id": "gen9championsvgc2026regma-2586539659",
  "format": "[Gen 9 Champions] VGC 2026 Reg M-A",
  "players": [
    "The Master Dex",
    "dylvgc"
  ],
  "log": "|j|\u2606The Master Dex\n|j|\u2606dylvgc\n|t:|1776441654\n|gametype|doubles\n|player|p1|The Master Dex|ingo|1185\n|player|p2|dylvgc|lida|1193\n|gen|9\n|tier|[Gen 9 Champions] VGC 2026 Reg M-A\n|rated|\n|rule|Species Clause: Limit one of each Pok\u00e9mon\n|rule|Item Clause: Limit 1 of each item\n|clearpoke\n|poke|p1|Crabominable, L50, M|\n|poke|p1|Cofagrigus, L50, F|\n|poke|p1|Tyranitar, L50, F|\n|poke|p1|Slowking-Galar, L50, M|\n|poke|p1|Azumarill, L50, F|\n|poke|p1|Farigiraf, L50, F|\n|poke|p2|Charizard, L50, F|\n|poke|p2|Milotic, L50, M|\n|poke|p2|Sinistcha, L50|\n|poke|p2|Incineroar, L50, M|\n|poke|p2|Gardevoir, L50, M|\n|poke|p2|Corviknight, L50, F|\n|teampreview|4\n|\n|t:|1776441700\n|teamsize|p1|4\n|teamsize|p2|4\n|start\n|switch|p1a: Cofagrigus|Cofagrigus, L50, F|100/100\n|switch|p1b: Tyranitar|Tyranitar, L50, F|100/100\n|switch|p2a: Incineroar|Incineroar, L50, M|100/100\n|switch|p2b: Gardevoir|Gardevoir, L50, M|100/100\n|-ability|p2b: Gardevoir|Sand Stream|Trace|[from] ability: Trace|[of] p1b: Tyranitar\n|-weather|Sandstorm|[from] ability: Sand Stream|[of] p2b: Gardevoir\n|-ability|p2a: Incineroar|Intimidate|boost\n|-unboost|p1a: Cofagrigus|atk|1\n|-unboost|p1b: Tyranitar|atk|1\n|turn|1\n|\n|t:|1776441721\n|detailschange|p2b: Gardevoir|Gardevoir-Mega, L50, M\n|-mega|p2b: Gardevoir|Gardevoir|Gardevoirite\n|move|p2b: Gardevoir|Hyper Voice|p1b: Tyranitar|[spread] p1a,p1b\n|-supereffective|p1b: Tyranitar|1\n|-damage|p1a: Cofagrigus|62/100\n|-damage|p1b: Tyranitar|53/100\n|move|p2a: Incineroar|Parting Shot|p1a: Cofagrigus\n|-unboost|p1a: Cofagrigus|atk|1\n|-unboost|p1a: Cofagrigus|spa|1\n|\n|t:|1776441729\n|switch|p2a: Corviknight|Corviknight, L50, F|100/100|[from] Parting Shot\n|-ability|p2a: Corviknight|Pressure\n|move|p1b: Tyranitar|Rock Slide|p2a: Corviknight|[spread] p2a\n|-miss|p1b: Tyranitar|p2b: Gardevoir\n|-damage|p2a: Corviknight|84/100\n|move|p1a: Cofagrigus|Trick Room|p1a: Cofagrigus\n|-fieldstart|move: Trick Room|[of] p1a: Cofagrigus\n|\n|-weather|Sandstorm|[upkeep]\n|-damage|p1a: Cofagrigus|56/100|[from] Sandstorm\n|-damage|p2b: Gardevoir|95/100|[from] Sandstorm\n|-heal|p2a: Corviknight|90/100|[from] item: Leftovers\n|upkeep\n|turn|2\n|\n|t:|1776441752\n|switch|p2b: Incineroar|Incineroar, L50, M|100/100\n|-ability|p2b: Incineroar|Intimidate|boost\n|-unboost|p1a: Cofagrigus|atk|1\n|-unboost|p1b: Tyranitar|atk|1\n|move|p1a: Cofagrigus|Haze|p1a: Cofagrigus\n|-clearallboost\n|move|p1b: Tyranitar|Knock Off|p2b: Incineroar\n|-resisted|p2b: Incineroar|1\n|-damage|p2b: Incineroar|80/100\n|-enditem|p2b: Incineroar|Passho Berry|[from] move: Knock Off|[of] p1b: Tyranitar\n|move|p2a: Corviknight|Bulk Up|p2a: Corviknight\n|-boost|p2a: Corviknight|atk|1\n|-boost|p2a: Corviknight|def|1\n|\n|-weather|Sandstorm|[upkeep]\n|-damage|p1a: Cofagrigus|50/100|[from] Sandstorm\n|-damage|p2b: Incineroar|74/100|[from] Sandstorm\n|-heal|p2a: Corviknight|96/100|[from] item: Leftovers\n|upkeep\n|turn|3\n|\n|t:|1776441786\n|move|p1a: Cofagrigus|Will-O-Wisp|p2a: Corviknight|[miss]\n|-miss|p1a: Cofagrigus|p2a: Corviknight\n|move|p1b: Tyranitar|Low Kick|p2b: Incineroar\n|-supereffective|p2b: Incineroar|1\n|-damage|p2b: Incineroar|25/100\n|move|p2b: Incineroar|Darkest Lariat|p1a: Cofagrigus\n|-supereffective|p1a: Cofagrigus|1\n|-damage|p1a: Cofagrigus|0 fnt\n|-activate|p1a: Cofagrigus|ability: Mummy|p2b: Incineroar|[ability] Intimidate\n|faint|p1a: Cofagrigus\n|move|p2a: Corviknight|Bulk Up|p2a: Corviknight\n|-boost|p2a: Corviknight|atk|1\n|-boost|p2a: Corviknight|def|1\n|\n|-weather|Sandstorm|[upkeep]\n|-damage|p2b: Incineroar|19/100|[from] Sandstorm\n|-heal|p2a: Corviknight|100/100|[from] item: Leftovers\n|upkeep\n|\n|t:|1776441795\n|switch|p1a: Crabominable|Crabominable, L50, M|100/100\n|turn|4\n|\n|t:|1776441810\n|switch|p2b: Sinistcha|Sinistcha, L50|100/100\n|detailschange|p1a: Crabominable|Crabominable-Mega, L50, M\n|-mega|p1a: Crabominable|Crabominable|Crabominite\n|move|p1a: Crabominable|Thunder Punch|p2a: Corviknight\n|-supereffective|p2a: Corviknight|1\n|-damage|p2a: Corviknight|67/100\n|move|p1b: Tyranitar|Low Kick|p2b: Sinistcha\n|-immune|p2b: Sinistcha\n|move|p2a: Corviknight|Body Press|p1a: Crabominable\n|-supereffective|p1a: Crabominable|1\n|-damage|p1a: Crabominable|45/100\n|\n|-weather|Sandstorm|[upkeep]\n|-damage|p1a: Crabominable|39/100|[from] Sandstorm\n|-damage|p2b: Sinistcha|94/100|[from] Sandstorm\n|-heal|p2a: Corviknight|73/100|[from] item: Leftovers\n|upkeep\n|turn|5\n|\n|t:|1776441831\n|switch|p2b: Incineroar|Incineroar, L50, M|19/100\n|-ability|p2b: Incineroar|Intimidate|boost\n|-unboost|p1a: Crabominable|atk|1\n|-unboost|p1b: Tyranitar|atk|1\n|move|p1a: Crabominable|Drain Punch|p2a: Corviknight\n|-damage|p2a: Corviknight|58/100\n|-heal|p1a: Crabominable|47/100|[from] drain|[of] p2a: Corviknight\n|move|p1b: Tyranitar|Knock Off|p2b: Incineroar\n|-resisted|p2b: Incineroar|1\n|-damage|p2b: Incineroar|10/100\n|move|p2a: Corviknight|Body Press|p1b: Tyranitar\n|-supereffective|p1b: Tyranitar|2\n|-enditem|p1b: Tyranitar|Chople Berry|[eat]\n|-enditem|p1b: Tyranitar|Chople Berry|[weaken]\n|-damage|p1b: Tyranitar|0 fnt\n|faint|p1b: Tyranitar\n|\n|-weather|none\n|-heal|p2a: Corviknight|64/100|[from] item: Leftovers\n|-fieldend|move: Trick Room\n|upkeep\n|\n|t:|1776441841\n|switch|p1b: Slowking|Slowking-Galar, L50, M|100/100\n|-clearboost|p1a: Crabominable|[from] ability: Curious Medicine|[of] p1b: Slowking\n|turn|6\n|\n|t:|1776441859\n|move|p2b: Incineroar|Fake Out|p1b: Slowking\n|-damage|p1b: Slowking|88/100\n|move|p1a: Crabominable|Mach Punch|p2b: Incineroar\n|-supereffective|p2b: Incineroar|1\n|-damage|p2b: Incineroar|0 fnt\n|faint|p2b: Incineroar\n|move|p2a: Corviknight|Iron Head|p1a: Crabominable\n|-supereffective|p1a: Crabominable|1\n|-damage|p1a: Crabominable|0 fnt\n|faint|p1a: Crabominable\n|cant|p1b: Slowking|flinch\n|\n|-heal|p2a: Corviknight|70/100|[from] item: Leftovers\n|-heal|p1b: Slowking|94/100|[from] item: Leftovers\n|upkeep\n|\n|t:|1776441874\n|switch|p2b: Gardevoir|Gardevoir-Mega, L50, M|95/100\n|turn|7\n|\n|t:|1776441885\n|move|p2b: Gardevoir|Psyshock|p1b: Slowking\n|-damage|p1b: Slowking|48/100\n|move|p2a: Corviknight|Iron Head|p1b: Slowking\n|-damage|p1b: Slowking|0 fnt\n|faint|p1b: Slowking\n|\n|win|dylvgc\n|raw|The Master Dex's rating: 1185 &rarr; <strong>1161</strong><br />(-24 for losing)\n|raw|dylvgc's rating: 1193 &rarr; <strong>1217</strong><br />(+24 for winning)\n|l|\u2606The Master Dex\n|player|p1|\n",
  "uploadtime": 1776441944,
  "views": 29,
  "formatid": "gen9championsvgc2026regma",
  "rating": 1161,
  "private": 0,
  "password": null
}