{
  "id": "gen9championsvgc2026regma-2581179680",
  "format": "[Gen 9 Champions] VGC 2026 Reg M-A",
  "players": [
    "y8po",
    "chromate"
  ],
  "log": "|j|\u2606y8po\n|j|\u2606chromate\n|t:|1775967751\n|gametype|doubles\n|player|p1|y8po|lady-gen4|\n|player|p2|chromate|miku-ghost|\n|gen|9\n|tier|[Gen 9 Champions] VGC 2026 Reg M-A\n|rated|Tournament battle\n|rule|Species Clause: Limit one of each Pok\u00e9mon\n|rule|Item Clause: Limit 1 of each item\n|clearpoke\n|poke|p1|Froslass, L50, F|\n|poke|p1|Kingambit, L50, M|\n|poke|p1|Incineroar, L50, M|\n|poke|p1|Sinistcha, L50|\n|poke|p1|Gyarados, L50, M|\n|poke|p1|Garchomp, L50, F|\n|poke|p2|Delphox, L50, F|\n|poke|p2|Tyranitar, L50, F|\n|poke|p2|Excadrill, L50, M|\n|poke|p2|Sneasler, L50, F|\n|poke|p2|Rotom-Wash, L50|\n|poke|p2|Corviknight, L50, F|\n|teampreview|4\n|inactive|Battle timer is ON: inactive players will automatically lose when time's up. (requested by y8po)\n|j| ZaVGC\n|j| toadsamongmen\n|c|\u2606chromate|glhf\n|j| Carrielis\nchromate has agreed to open team sheets.\n|j| Kavlier\n|c|\u2606y8po|glhff nice avatar\ny8po has agreed to open team sheets.\n|showteam|p1|Froslass||Froslassite|SnowCloak|AuroraVeil,Blizzard,ShadowBall,Protect|||F|||50|]Kingambit||BlackGlasses|Defiant|SuckerPunch,KowtowCleave,Protect,IronHead|||M|||50|]Incineroar||SitrusBerry|Intimidate|FakeOut,PartingShot,DarkestLariat,FlareBlitz|||M|||50|]Sinistcha||MiracleSeed|Hospitality|MatchaGotcha,TrickRoom,RagePowder,StrengthSap||||||50|]Gyarados||FocusSash|Intimidate|IcyWind,Waterfall,Protect,Taunt|||M|||50|]Garchomp||SoftSand|RoughSkin|Earthquake,DragonClaw,RockSlide,Protect|||F|||50|\n|showteam|p2|Delphox||Delphoxite|Blaze|HeatWave,Psychic,Encore,Protect|||F|||50|]Tyranitar||Tyranitarite|SandStream|RockSlide,KnockOff,LowKick,Protect|||F|||50|]Excadrill||FocusSash|SandRush|IronHead,HighHorsepower,Earthquake,Protect|||M|||50|]Sneasler||WhiteHerb|Unburden|DireClaw,CloseCombat,FakeOut,Protect|||F|||50|]Rotom-Wash||SitrusBerry|Levitate|Thunderbolt,HydroPump,WillOWisp,Protect||||||50|]Corviknight||Leftovers|MirrorArmor|BraveBird,BulkUp,Roost,Tailwind|||F|||50|\n|c|\u2606chromate|ty, this one isn't a custom btw\n|inactive|y8po has 60 seconds left.\n|inactive|chromate has 60 seconds left.\n|j| Thogi_\n|inactive|chromate has 30 seconds left.\n|inactive|chromate has 20 seconds left.\n|inactive|chromate has 15 seconds left.\n|\n|t:|1775967834\n|teamsize|p1|4\n|teamsize|p2|4\n|start\n|switch|p1a: Garchomp|Garchomp, L50, F|100/100\n|switch|p1b: Kingambit|Kingambit, L50, M|100/100\n|switch|p2a: Rotom|Rotom-Wash, L50|100/100\n|switch|p2b: Tyranitar|Tyranitar, L50, F|100/100\n|-weather|Sandstorm|[from] ability: Sand Stream|[of] p2b: Tyranitar\n|turn|1\n|c| Carrielis|Isnt that just ghost miku\n|c|\u2606chromate|ye\n|j| psychic system\n|j| Nytter877\n|j| syshj\n|inactive|chromate has 30 seconds left.\n|\n|t:|1775967867\n|switch|p2b: Corviknight|Corviknight, L50, F|100/100\n|move|p1b: Kingambit|Protect|p1b: Kingambit\n|-singleturn|p1b: Kingambit|Protect\n|move|p1a: Garchomp|Earthquake|p2a: Rotom|[spread] \n|-activate|p1b: Kingambit|move: Protect\n|-immune|p2a: Rotom|[from] ability: Levitate\n|-immune|p2b: Corviknight\n|move|p2a: Rotom|Will-O-Wisp|p1a: Garchomp\n|-status|p1a: Garchomp|brn\n|\n|-weather|Sandstorm|[upkeep]\n|-damage|p2a: Rotom|95/100|[from] Sandstorm\n|-damage|p1a: Garchomp|95/100 brn|[from] brn\n|upkeep\n|turn|2\n|\n|t:|1775967882\n|switch|p1b: Gyarados|Gyarados, L50, M|100/100\n|-ability|p1b: Gyarados|Intimidate|boost\n|-unboost|p2a: Rotom|atk|1\n|-ability|p2b: Corviknight|Mirror Armor\n|-unboost|p1b: Gyarados|atk|1\n|move|p1a: Garchomp|Rock Slide|p2a: Rotom|[spread] p2a,p2b\n|-damage|p2a: Rotom|84/100\n|-damage|p2b: Corviknight|94/100\n|cant|p2a: Rotom|flinch\n|move|p2b: Corviknight|Bulk Up|p2b: Corviknight\n|-boost|p2b: Corviknight|atk|1\n|-boost|p2b: Corviknight|def|1\n|\n|-weather|Sandstorm|[upkeep]\n|-damage|p2a: Rotom|78/100|[from] Sandstorm\n|-damage|p1b: Gyarados|95/100|[from] Sandstorm\n|-heal|p2b: Corviknight|99/100|[from] item: Leftovers\n|-damage|p1a: Garchomp|89/100 brn|[from] brn\n|upkeep\n|turn|3\n|\n|t:|1775967895\n|move|p1a: Garchomp|Rock Slide|p2a: Rotom|[spread] p2a,p2b\n|-crit|p2b: Corviknight\n|-damage|p2a: Rotom|69/100\n|-damage|p2b: Corviknight|89/100\n|cant|p2a: Rotom|flinch\n|move|p2b: Corviknight|Tailwind|p2b: Corviknight\n|-sidestart|p2: chromate|move: Tailwind\n|move|p1b: Gyarados|Taunt|p2a: Rotom\n|-start|p2a: Rotom|move: Taunt\n|\n|-weather|Sandstorm|[upkeep]\n|-damage|p2a: Rotom|63/100|[from] Sandstorm\n|-damage|p1b: Gyarados|89/100|[from] Sandstorm\n|-heal|p2b: Corviknight|95/100|[from] item: Leftovers\n|-damage|p1a: Garchomp|83/100 brn|[from] brn\n|upkeep\n|turn|4\n|\n|t:|1775967906\n|switch|p1a: Froslass|Froslass, L50, F|100/100\n|move|p2a: Rotom|Thunderbolt|p1b: Gyarados\n|-supereffective|p1b: Gyarados|2\n|-damage|p1b: Gyarados|0 fnt\n|faint|p1b: Gyarados\n|move|p2b: Corviknight|Bulk Up|p2b: Corviknight\n|-boost|p2b: Corviknight|atk|1\n|-boost|p2b: Corviknight|def|1\n|\n|-weather|Sandstorm|[upkeep]\n|-damage|p2a: Rotom|57/100|[from] Sandstorm\n|-damage|p1a: Froslass|95/100|[from] Sandstorm\n|-heal|p2b: Corviknight|100/100|[from] item: Leftovers\n|upkeep\n|\n|t:|1775967913\n|switch|p1b: Kingambit|Kingambit, L50, M|100/100\n|turn|5\n|\n|t:|1775967923\n|detailschange|p1a: Froslass|Froslass-Mega, L50, F\n|-mega|p1a: Froslass|Froslass|Froslassite\n|-weather|Snowscape|[from] ability: Snow Warning|[of] p1a: Froslass\n|move|p1b: Kingambit|Protect|p1b: Kingambit\n|-singleturn|p1b: Kingambit|Protect\n|move|p2a: Rotom|Hydro Pump|p1a: Froslass\n|-damage|p1a: Froslass|39/100\n|move|p2b: Corviknight|Brave Bird|p1a: Froslass\n|-damage|p1a: Froslass|0 fnt\n|faint|p1a: Froslass\n|-damage|p2b: Corviknight|91/100|[from] Recoil\n|\n|-weather|Snowscape|[upkeep]\n|-heal|p2b: Corviknight|97/100|[from] item: Leftovers\n|upkeep\n|c| Carrielis|No body press?\n|inactive|y8po has 30 seconds left.\n|c|\u2606chromate|I like having tw\n|j| sgrace\n|inactive|y8po has 20 seconds left.\n|c|\u2606y8po|o right and I forgot I taut your rotom\n|\n|t:|1775967960\n|switch|p1a: Garchomp|Garchomp, L50, F|83/100 brn\n|turn|6\n|j| Cannon14\n|\n|t:|1775967972\n|move|p2a: Rotom|Hydro Pump|p1b: Kingambit\n|-damage|p1b: Kingambit|56/100\n|move|p2b: Corviknight|Bulk Up|p2b: Corviknight\n|-boost|p2b: Corviknight|atk|1\n|-boost|p2b: Corviknight|def|1\n|move|p1a: Garchomp|Rock Slide|p2b: Corviknight|[spread] p2a,p2b\n|-damage|p2a: Rotom|48/100\n|-damage|p2b: Corviknight|94/100\n|-enditem|p2a: Rotom|Sitrus Berry|[eat]\n|-heal|p2a: Rotom|72/100|[from] item: Sitrus Berry\n|move|p1b: Kingambit|Kowtow Cleave|p2b: Corviknight\n|-damage|p2b: Corviknight|74/100\n|\n|-weather|Snowscape|[upkeep]\n|-heal|p2b: Corviknight|80/100|[from] item: Leftovers\n|-damage|p1a: Garchomp|77/100 brn|[from] brn\n|-end|p2a: Rotom|move: Taunt\n|-sideend|p2: chromate|move: Tailwind\n|upkeep\n|turn|7\n|c|\u2606y8po|gg\n|j| Pigeon_onF1re\n|j| RanRaneatswhat\n|c|\u2606chromate|gg\n|\n|t:|1775967990\n|move|p1a: Garchomp|Rock Slide|p2a: Rotom|[spread] p2a,p2b\n|-damage|p2a: Rotom|63/100\n|-damage|p2b: Corviknight|78/100\n|cant|p2a: Rotom|flinch\n|move|p2b: Corviknight|Tailwind|p2b: Corviknight\n|-sidestart|p2: chromate|move: Tailwind\n|move|p1b: Kingambit|Kowtow Cleave|p2b: Corviknight\n|-damage|p2b: Corviknight|61/100\n|\n|-weather|Snowscape|[upkeep]\n|-heal|p2b: Corviknight|67/100|[from] item: Leftovers\n|-damage|p1a: Garchomp|71/100 brn|[from] brn\n|upkeep\n|turn|8\n|j| blackred123\n|l| RanRaneatswhat\n|l| Cannon14\n|\n|t:|1775968009\n|move|p2a: Rotom|Thunderbolt|p1b: Kingambit\n|-damage|p1b: Kingambit|18/100\n|-status|p1b: Kingambit|par\n|move|p2b: Corviknight|Brave Bird|p1a: Garchomp\n|-damage|p1a: Garchomp|0 fnt\n|-damage|p2b: Corviknight|55/100|[from] ability: Rough Skin|[of] p1a: Garchomp\n|faint|p1a: Garchomp\n|-damage|p2b: Corviknight|33/100|[from] Recoil\n|move|p1b: Kingambit|Kowtow Cleave|p2a: Rotom\n|-damage|p2a: Rotom|3/100\n|\n|-weather|Snowscape|[upkeep]\n|-heal|p2b: Corviknight|39/100|[from] item: Leftovers\n|upkeep\n|turn|9\n|j| RanRaneatswhat\n|c| toadsamongmen|nice\n|c| Carrielis|gg\n|j| Cannon14\n|\n|t:|1775968031\n|move|p1b: Kingambit|Sucker Punch|p2a: Rotom\n|-damage|p2a: Rotom|0 fnt\n|faint|p2a: Rotom\n|move|p2b: Corviknight|Brave Bird|p1b: Kingambit\n|-resisted|p1b: Kingambit|1\n|-damage|p1b: Kingambit|0 fnt\n|faint|p1b: Kingambit\n|-damage|p2b: Corviknight|33/100|[from] Recoil\n|\n|win|chromate\n|n|\u2606y8po|y8po\n|n|\u2606chromate|chromate\n|n| ZaVGC|zavgc\n|n| toadsamongmen|toadsamongmen\n|n| Carrielis|carrielis\n|n| Kavlier|kavlier\n|n| Thogi_|thogi\n|n| psychic system|psychicsystem\n|n| Nytter877|nytter877\n|n| syshj|syshj\n|n| sgrace|sgrace\n|n| Pigeon_onF1re|pigeononf1re\n|n| blackred123|blackred123\n|n| RanRaneatswhat|ranraneatswhat\n|n| Cannon14|cannon14\n",
  "uploadtime": 1775968031,
  "views": 14,
  "formatid": "gen9championsvgc2026regma",
  "rating": null,
  "private": 0,
  "password": null
}