{
  "id": "gen9championsvgc2026regma-2581651800",
  "format": "[Gen 9 Champions] VGC 2026 Reg M-A",
  "players": [
    "Mfoster1110",
    "Marizo"
  ],
  "log": "|j|\u2606Mfoster1110\n|j|\u2606Marizo\n|t:|1776018071\n|gametype|doubles\n|player|p1|Mfoster1110|265|1028\n|player|p2|Marizo|n|1039\n|gen|9\n|tier|[Gen 9 Champions] VGC 2026 Reg M-A\n|rated|\n|rule|Species Clause: Limit one of each Pok\u00e9mon\n|rule|Item Clause: Limit 1 of each item\n|clearpoke\n|poke|p1|Tyranitar, L50, M|\n|poke|p1|Sinistcha, L50|\n|poke|p1|Talonflame, L50, M|\n|poke|p1|Basculegion, L50, M|\n|poke|p1|Garchomp, L50, M|\n|poke|p1|Excadrill, L50, M|\n|poke|p2|Golurk, L50|\n|poke|p2|Klefki, L50, M|\n|poke|p2|Chandelure, L50, F|\n|poke|p2|Trevenant, L50, M|\n|poke|p2|Runerigus, L50, F|\n|poke|p2|Clawitzer, L50, M|\n|teampreview|4\n|inactive|Battle timer is ON: inactive players will automatically lose when time's up. (requested by Mfoster1110)\n|\n|t:|1776018089\n|teamsize|p1|4\n|teamsize|p2|4\n|start\n|switch|p1a: Tyranitar|Tyranitar, L50, M, shiny|100/100\n|switch|p1b: Talonflame|Talonflame, L50, M, shiny|100/100\n|switch|p2a: Klefki|Klefki, L50, M|100/100\n|switch|p2b: Trevenant|Trevenant, L50, M|100/100\n|-weather|Sandstorm|[from] ability: Sand Stream|[of] p1a: Tyranitar\n|turn|1\n|\n|t:|1776018114\n|switch|p2a: Clawitzer|Clawitzer, L50, M|100/100\n|detailschange|p1a: Tyranitar|Tyranitar-Mega, L50, M, shiny\n|-mega|p1a: Tyranitar|Tyranitar|Tyranitarite\n|move|p1b: Talonflame|Tailwind|p1b: Talonflame\n|-sidestart|p1: Mfoster1110|move: Tailwind\n|move|p1a: Tyranitar|Earthquake|p2b: Trevenant|[spread] p2a,p2b\n|-immune|p1b: Talonflame\n|-resisted|p2b: Trevenant|1\n|-damage|p2a: Clawitzer|57/100\n|-damage|p2b: Trevenant|87/100\n|move|p2b: Trevenant|Trick Room|p2b: Trevenant\n|-fieldstart|move: Trick Room|[of] p2b: Trevenant\n|\n|-weather|Sandstorm|[upkeep]\n|-damage|p2b: Trevenant|81/100|[from] Sandstorm\n|-damage|p2a: Clawitzer|51/100|[from] Sandstorm\n|-damage|p1b: Talonflame|95/100|[from] Sandstorm\n|upkeep\n|turn|2\n|\n|t:|1776018136\n|move|p1b: Talonflame|Protect|p1b: Talonflame\n|-singleturn|p1b: Talonflame|Protect\n|move|p2b: Trevenant|Will-O-Wisp|p1a: Tyranitar\n|-status|p1a: Tyranitar|brn\n|move|p2a: Clawitzer|Water Pulse|p1b: Talonflame\n|-activate|p1b: Talonflame|move: Protect\n|move|p1a: Tyranitar|Knock Off|p2b: Trevenant\n|-supereffective|p2b: Trevenant|1\n|-damage|p2b: Trevenant|24/100\n|-enditem|p2b: Trevenant|Sitrus Berry|[from] move: Knock Off|[of] p1a: Tyranitar\n|\n|-weather|Sandstorm|[upkeep]\n|-damage|p2b: Trevenant|18/100|[from] Sandstorm\n|-damage|p2a: Clawitzer|45/100|[from] Sandstorm\n|-damage|p1b: Talonflame|89/100|[from] Sandstorm\n|-damage|p1a: Tyranitar|95/100 brn|[from] brn\n|upkeep\n|turn|3\n|inactive|Mfoster1110 has 30 seconds left.\n|\n|t:|1776018161\n|switch|p1b: Excadrill|Excadrill, L50, M, shiny|100/100\n|move|p2b: Trevenant|Protect|p2b: Trevenant\n|-singleturn|p2b: Trevenant|Protect\n|move|p2a: Clawitzer|Water Pulse|p1b: Excadrill\n|-supereffective|p1b: Excadrill|1\n|-damage|p1b: Excadrill|0 fnt\n|faint|p1b: Excadrill\n|move|p1a: Tyranitar|Rock Slide|p2a: Clawitzer|[spread] p2a\n|-activate|p2b: Trevenant|move: Protect\n|-damage|p2a: Clawitzer|19/100\n|\n|-weather|Sandstorm|[upkeep]\n|-damage|p2b: Trevenant|12/100|[from] Sandstorm\n|-damage|p2a: Clawitzer|13/100|[from] Sandstorm\n|-damage|p1a: Tyranitar|89/100 brn|[from] brn\n|upkeep\n|\n|t:|1776018175\n|switch|p1b: Talonflame|Talonflame, L50, M, shiny|89/100\n|turn|4\n|\n|t:|1776018185\n|move|p1b: Talonflame|Protect|p1b: Talonflame\n|-singleturn|p1b: Talonflame|Protect\n|move|p2b: Trevenant|Leech Seed|p1b: Talonflame\n|-activate|p1b: Talonflame|move: Protect\n|move|p2a: Clawitzer|Water Pulse|p1a: Tyranitar\n|-supereffective|p1a: Tyranitar|1\n|-damage|p1a: Tyranitar|37/100 brn\n|move|p1a: Tyranitar|Earthquake|p2a: Clawitzer|[spread] p2a,p2b\n|-activate|p1b: Talonflame|move: Protect\n|-resisted|p2b: Trevenant|1\n|-damage|p2a: Clawitzer|0 fnt\n|-damage|p2b: Trevenant|5/100\n|faint|p2a: Clawitzer\n|\n|-weather|Sandstorm|[upkeep]\n|-damage|p2b: Trevenant|0 fnt|[from] Sandstorm\n|-damage|p1b: Talonflame|83/100|[from] Sandstorm\n|faint|p2b: Trevenant\n|-damage|p1a: Tyranitar|31/100 brn|[from] brn\n|-sideend|p1: Mfoster1110|move: Tailwind\n|upkeep\n|\n|t:|1776018194\n|switch|p2b: Klefki|Klefki, L50, M|100/100\n|switch|p2a: Golurk|Golurk, L50|100/100\n|turn|5\n|\n|t:|1776018210\n|detailschange|p2a: Golurk|Golurk-Mega, L50\n|-mega|p2a: Golurk|Golurk|Golurkite\n|move|p2a: Golurk|Poltergeist|p1b: Talonflame\n|-activate|p1b: Talonflame|move: Poltergeist|Sharp Beak\n|-damage|p1b: Talonflame|0 fnt\n|faint|p1b: Talonflame\n|move|p2b: Klefki|Dazzling Gleam|p1a: Tyranitar\n|-supereffective|p1a: Tyranitar|1\n|-damage|p1a: Tyranitar|2/100 brn\n|move|p1a: Tyranitar|Knock Off|p2a: Golurk\n|-supereffective|p2a: Golurk|1\n|-damage|p2a: Golurk|63/100\n|\n|-weather|none\n|-damage|p1a: Tyranitar|0 fnt|[from] brn\n|faint|p1a: Tyranitar\n|-fieldend|move: Trick Room\n|upkeep\n|\n|t:|1776018221\n|switch|p1b: Basculegion|Basculegion, L50, M, shiny|100/100\n|turn|6\n|\n|t:|1776018232\n|move|p1b: Basculegion|Last Respects|p2a: Golurk\n|-supereffective|p2a: Golurk|1\n|-damage|p2a: Golurk|0 fnt\n|faint|p2a: Golurk\n|move|p2b: Klefki|Trick Room|p2b: Klefki\n|-fieldstart|move: Trick Room|[of] p2b: Klefki\n|\n|upkeep\n|turn|7\n|\n|t:|1776018246\n|move|p2b: Klefki|Foul Play|p1b: Basculegion\n|-supereffective|p1b: Basculegion|1\n|-damage|p1b: Basculegion|24/100\n|move|p1b: Basculegion|Last Respects|p2b: Klefki\n|-damage|p2b: Klefki|2/100\n|\n|upkeep\n|turn|8\n|\n|t:|1776018254\n|move|p2b: Klefki|Foul Play|p1b: Basculegion\n|-supereffective|p1b: Basculegion|1\n|-damage|p1b: Basculegion|0 fnt\n|faint|p1b: Basculegion\n|\n|win|Marizo\n|raw|Mfoster1110's rating: 1028 &rarr; <strong>1014</strong><br />(-14 for losing)\n|raw|Marizo's rating: 1039 &rarr; <strong>1072</strong><br />(+33 for winning)\n|l|\u2606Mfoster1110\n|player|p1|\n",
  "uploadtime": 1776018262,
  "views": 15,
  "formatid": "gen9championsvgc2026regma",
  "rating": 1014,
  "private": 0,
  "password": null
}