{
  "id": "gen9championsvgc2026regma-2588852672",
  "format": "[Gen 9 Champions] VGC 2026 Reg M-A",
  "players": [
    "Victoricio",
    "ZBlackan"
  ],
  "log": "|j|\u2606Victoricio\n|j|\u2606ZBlackan\n|t:|1776678672\n|gametype|doubles\n|player|p1|Victoricio|giovanni|1231\n|player|p2|ZBlackan|102|1154\n|gen|9\n|tier|[Gen 9 Champions] VGC 2026 Reg M-A\n|rated|\n|rule|Species Clause: Limit one of each Pok\u00e9mon\n|rule|Item Clause: Limit 1 of each item\n|clearpoke\n|poke|p1|Charizard, L50, F|\n|poke|p1|Venusaur, L50, F|\n|poke|p1|Milotic, L50, F, shiny|\n|poke|p1|Garchomp, L50, M|\n|poke|p1|Incineroar, L50, M|\n|poke|p1|Sneasler, L50, M|\n|poke|p2|Raichu, L50, M, shiny|\n|poke|p2|Archaludon, L50, M|\n|poke|p2|Pelipper, L50, F|\n|poke|p2|Sneasler, L50, F|\n|poke|p2|Blastoise, L50, F|\n|poke|p2|Garchomp, L50, M|\n|teampreview|4\n|inactive|Battle timer is ON: inactive players will automatically lose when time's up. (requested by ZBlackan)\n|\n|t:|1776678715\n|teamsize|p1|4\n|teamsize|p2|4\n|start\n|switch|p1a: Garchomp|Garchomp, L50, M|100/100\n|switch|p1b: Venusaur|Venusaur, L50, F|100/100\n|switch|p2a: Pelipper|Pelipper, L50, F|100/100\n|switch|p2b: Sneasler|Sneasler, L50, F|100/100\n|-weather|RainDance|[from] ability: Drizzle|[of] p2a: Pelipper\n|turn|1\n|inactive|Victoricio has 30 seconds left.\n|\n|t:|1776678746\n|move|p2b: Sneasler|Fake Out|p1a: Garchomp\n|-damage|p1a: Garchomp|87/100\n|-damage|p2b: Sneasler|88/100|[from] ability: Rough Skin|[of] p1a: Garchomp\n|cant|p1a: Garchomp|flinch\n|move|p1b: Venusaur|Energy Ball|p2a: Pelipper\n|-damage|p2a: Pelipper|41/100\n|move|p2a: Pelipper|Tailwind|p2a: Pelipper\n|-sidestart|p2: ZBlackan|move: Tailwind\n|\n|-weather|RainDance|[upkeep]\n|upkeep\n|turn|2\n|inactive|ZBlackan has 30 seconds left.\n|\n|t:|1776678772\n|move|p1b: Venusaur|Protect|p1b: Venusaur\n|-singleturn|p1b: Venusaur|Protect\n|move|p2a: Pelipper|Wide Guard|p2a: Pelipper\n|-singleturn|p2a: Pelipper|Wide Guard\n|move|p2b: Sneasler|Dire Claw|p1b: Venusaur\n|-activate|p1b: Venusaur|move: Protect\n|move|p1a: Garchomp|Rock Slide|p2b: Sneasler|[spread] \n|-activate|p2a: Pelipper|move: Wide Guard\n|-activate|p2b: Sneasler|move: Wide Guard\n|\n|-weather|RainDance|[upkeep]\n|upkeep\n|turn|3\n|inactive|ZBlackan has 30 seconds left.\n|\n|t:|1776678802\n|switch|p2a: Archaludon|Archaludon, L50, M|100/100\n|move|p2b: Sneasler|Dire Claw|p1b: Venusaur\n|-damage|p1b: Venusaur|47/100\n|move|p1a: Garchomp|Rock Slide|p2a: Archaludon|[spread] p2a,p2b\n|-resisted|p2a: Archaludon|1\n|-resisted|p2b: Sneasler|1\n|-damage|p2a: Archaludon|93/100\n|-damage|p2b: Sneasler|69/100\n|-ability|p2a: Archaludon|Stamina|boost\n|-boost|p2a: Archaludon|def|1\n|move|p1b: Venusaur|Energy Ball|p2a: Archaludon\n|-resisted|p2a: Archaludon|2\n|-damage|p2a: Archaludon|80/100\n|-ability|p2a: Archaludon|Stamina|boost\n|-boost|p2a: Archaludon|def|1\n|\n|-weather|RainDance|[upkeep]\n|upkeep\n|turn|4\n|inactive|Victoricio has 30 seconds left.\n|inactive|Victoricio has 20 seconds left.\n|\n|t:|1776678841\n|switch|p1a: Namala|Milotic, L50, F, shiny|100/100\n|move|p1b: Venusaur|Protect|p1b: Venusaur\n|-singleturn|p1b: Venusaur|Protect\n|move|p2b: Sneasler|U-turn|p1b: Venusaur\n|-activate|p1b: Venusaur|move: Protect\n|move|p2a: Archaludon|Draco Meteor|p1a: Namala\n|-damage|p1a: Namala|47/100\n|-unboost|p2a: Archaludon|spa|2\n|\n|-weather|RainDance|[upkeep]\n|-heal|p1a: Namala|53/100|[from] item: Leftovers\n|-sideend|p2: ZBlackan|move: Tailwind\n|upkeep\n|turn|5\n|inactive|Victoricio has 30 seconds left.\n|\n|t:|1776678876\n|switch|p1b: Garchomp|Garchomp, L50, M|87/100\n|move|p2b: Sneasler|U-turn|p1b: Garchomp\n|-damage|p1b: Garchomp|62/100\n|-damage|p2b: Sneasler|57/100|[from] ability: Rough Skin|[of] p1b: Garchomp\n|\n|t:|1776678885\n|switch|p2b: Blastoise|Blastoise, L50, F|100/100|[from] U-turn\n|move|p2a: Archaludon|Draco Meteor|p1a: Namala\n|-damage|p1a: Namala|25/100\n|-unboost|p2a: Archaludon|spa|2\n|move|p1a: Namala|Scald|p2b: Blastoise\n|-resisted|p2b: Blastoise|1\n|-damage|p2b: Blastoise|78/100\n|-status|p2b: Blastoise|brn\n|\n|-weather|none\n|-heal|p1a: Namala|31/100|[from] item: Leftovers\n|-damage|p2b: Blastoise|72/100 brn|[from] brn\n|upkeep\n|turn|6\n|\n|t:|1776678907\n|switch|p2a: Pelipper|Pelipper, L50, F|41/100\n|-weather|RainDance|[from] ability: Drizzle|[of] p2a: Pelipper\n|detailschange|p2b: Blastoise|Blastoise-Mega, L50, F\n|-mega|p2b: Blastoise|Blastoise|Blastoisinite\n|move|p1b: Garchomp|Dragon Claw|p2a: Pelipper\n|-damage|p2a: Pelipper|3/100\n|move|p1a: Namala|Recover|p1a: Namala\n|-heal|p1a: Namala|81/100\n|move|p2b: Blastoise|Water Spout|p1b: Garchomp|[spread] p1a,p1b\n|-resisted|p1a: Namala|1\n|-damage|p1a: Namala|53/100\n|-damage|p1b: Garchomp|0 fnt\n|faint|p1b: Garchomp\n|\n|-weather|RainDance|[upkeep]\n|-heal|p1a: Namala|59/100|[from] item: Leftovers\n|-damage|p2b: Blastoise|66/100 brn|[from] brn\n|upkeep\n|inactive|Victoricio has 30 seconds left.\n|\n|t:|1776678933\n|switch|p1b: Venusaur|Venusaur, L50, F|47/100\n|turn|7\n|\n|t:|1776678946\n|switch|p2a: Archaludon|Archaludon, L50, M|80/100\n|move|p1b: Venusaur|Protect|p1b: Venusaur\n|-singleturn|p1b: Venusaur|Protect\n|move|p2b: Blastoise|Protect|p2b: Blastoise\n|-singleturn|p2b: Blastoise|Protect\n|move|p1a: Namala|Scald|p2a: Archaludon\n|-resisted|p2a: Archaludon|1\n|-damage|p2a: Archaludon|46/100\n|-ability|p2a: Archaludon|Stamina|boost\n|-boost|p2a: Archaludon|def|1\n|\n|-weather|RainDance|[upkeep]\n|-heal|p1a: Namala|65/100|[from] item: Leftovers\n|-damage|p2b: Blastoise|60/100 brn|[from] brn\n|upkeep\n|turn|8\n|inactive|Victoricio has 30 seconds left.\n|\n|t:|1776678979\n|move|p2a: Archaludon|Electro Shot||[still]\n|-prepare|p2a: Archaludon|Electro Shot\n|-boost|p2a: Archaludon|spa|1\n|-anim|p2a: Archaludon|Electro Shot|p1a: Namala\n|-supereffective|p1a: Namala|1\n|-damage|p1a: Namala|0 fnt\n|faint|p1a: Namala\n|move|p1b: Venusaur|Energy Ball|p2b: Blastoise\n|-supereffective|p2b: Blastoise|1\n|-damage|p2b: Blastoise|0 fnt\n|faint|p2b: Blastoise\n|\n|-weather|RainDance|[upkeep]\n|upkeep\n|\n|t:|1776678992\n|switch|p1a: Charizard|Charizard, L50, F|100/100\n|switch|p2b: Sneasler|Sneasler, L50, F|57/100\n|turn|9\n|inactive|Victoricio has 30 seconds left.\n|\n|t:|1776679019\n|detailschange|p1a: Charizard|Charizard-Mega-Y, L50, F\n|-mega|p1a: Charizard|Charizard|Charizardite Y\n|-weather|SunnyDay|[from] ability: Drought|[of] p1a: Charizard\n|move|p2b: Sneasler|Fake Out|p1a: Charizard\n|-damage|p1a: Charizard|79/100\n|-status|p1a: Charizard|psn|[from] ability: Poison Touch|[of] p2b: Sneasler\n|move|p1b: Venusaur|Sleep Powder|p2a: Archaludon\n|-status|p2a: Archaludon|slp|[from] move: Sleep Powder\n|cant|p2a: Archaludon|slp\n|cant|p1a: Charizard|flinch\n|\n|-weather|SunnyDay|[upkeep]\n|-damage|p1a: Charizard|67/100 psn|[from] psn\n|upkeep\n|turn|10\n|inactive|Victoricio has 30 seconds left.\n|\n|t:|1776679046\n|switch|p2b: Pelipper|Pelipper, L50, F|3/100\n|-weather|RainDance|[from] ability: Drizzle|[of] p2b: Pelipper\n|cant|p2a: Archaludon|slp\n|move|p1a: Charizard|Heat Wave|p2b: Pelipper|[spread] p2a,p2b\n|-resisted|p2b: Pelipper|1\n|-damage|p2a: Archaludon|15/100 slp\n|-damage|p2b: Pelipper|0 fnt\n|-ability|p2a: Archaludon|Stamina|boost\n|-boost|p2a: Archaludon|def|1\n|faint|p2b: Pelipper\n|move|p1b: Venusaur|Energy Ball|p2a: Archaludon\n|-resisted|p2a: Archaludon|2\n|-damage|p2a: Archaludon|2/100 slp\n|-ability|p2a: Archaludon|Stamina|boost\n|-boost|p2a: Archaludon|def|1\n|\n|-weather|RainDance|[upkeep]\n|-damage|p1a: Charizard|55/100 psn|[from] psn\n|upkeep\n|\n|t:|1776679065\n|switch|p2b: Sneasler|Sneasler, L50, F|57/100\n|turn|11\n|\n|t:|1776679079\n|move|p2b: Sneasler|Fake Out|p1a: Charizard\n|-damage|p1a: Charizard|33/100 psn\n|-curestatus|p2a: Archaludon|slp|[msg]\n|move|p2a: Archaludon|Electro Shot||[still]\n|-prepare|p2a: Archaludon|Electro Shot\n|-boost|p2a: Archaludon|spa|1\n|-anim|p2a: Archaludon|Electro Shot|p1a: Charizard\n|-supereffective|p1a: Charizard|1\n|-damage|p1a: Charizard|0 fnt\n|faint|p1a: Charizard\n|move|p1b: Venusaur|Energy Ball|p2b: Sneasler\n|-resisted|p2b: Sneasler|1\n|-damage|p2b: Sneasler|29/100\n|\n|-weather|RainDance|[upkeep]\n|upkeep\n|turn|12\n|\n|t:|1776679099\n|move|p2b: Sneasler|Close Combat|p1b: Venusaur\n|-resisted|p1b: Venusaur|1\n|-damage|p1b: Venusaur|7/100\n|-unboost|p2b: Sneasler|def|1\n|-unboost|p2b: Sneasler|spd|1\n|-enditem|p2b: Sneasler|White Herb\n|-clearnegativeboost|p2b: Sneasler|[silent]\n|move|p2a: Archaludon|Electro Shot||[still]\n|-prepare|p2a: Archaludon|Electro Shot\n|-boost|p2a: Archaludon|spa|1\n|-anim|p2a: Archaludon|Electro Shot|p1b: Venusaur\n|-resisted|p1b: Venusaur|1\n|-damage|p1b: Venusaur|0 fnt\n|faint|p1b: Venusaur\n|\n|win|ZBlackan\n|raw|Victoricio's rating: 1231 &rarr; <strong>1201</strong><br />(-30 for losing)\n|raw|ZBlackan's rating: 1154 &rarr; <strong>1184</strong><br />(+30 for winning)\n",
  "uploadtime": 1776679113,
  "views": 11,
  "formatid": "gen9championsvgc2026regma",
  "rating": 1184,
  "private": 0,
  "password": null
}