{
  "id": "gen9championsvgc2026regma-2585023433",
  "format": "[Gen 9 Champions] VGC 2026 Reg M-A",
  "players": [
    "jehlk",
    "sotero23"
  ],
  "log": "|j|\u2606jehlk\n|j|\u2606sotero23\n|t:|1776304272\n|gametype|doubles\n|player|p1|jehlk|cynthia-gen4|1332\n|player|p2|sotero23|veteran|1293\n|gen|9\n|tier|[Gen 9 Champions] VGC 2026 Reg M-A\n|rated|\n|rule|Species Clause: Limit one of each Pok\u00e9mon\n|rule|Item Clause: Limit 1 of each item\n|clearpoke\n|poke|p1|Charizard, L50, M|\n|poke|p1|Venusaur, L50, M|\n|poke|p1|Sneasler, L50, F|\n|poke|p1|Kingambit, L50, F|\n|poke|p1|Farigiraf, L50, F|\n|poke|p1|Garchomp, L50, F|\n|poke|p2|Incineroar, L50, M|\n|poke|p2|Floette-Eternal, L50, F|\n|poke|p2|Sinistcha, L50|\n|poke|p2|Palafin, L50, F|\n|poke|p2|Aerodactyl, L50, M|\n|poke|p2|Sneasler, L50, M|\n|teampreview|4\n|\n|t:|1776304300\n|teamsize|p1|4\n|teamsize|p2|4\n|start\n|switch|p1a: Charizard|Charizard, L50, M|100/100\n|switch|p1b: Venusaur|Venusaur, L50, M|100/100\n|switch|p2a: Aerodactyl|Aerodactyl, L50, M|100/100\n|switch|p2b: Sneasler|Sneasler, L50, M|100/100\n|turn|1\n|\n|t:|1776304339\n|switch|p1a: Garchomp|Garchomp, L50, F|100/100\n|switch|p1b: Sneasler|Sneasler, L50, F|100/100\n|move|p2b: Sneasler|Fake Out|p1a: Garchomp\n|-damage|p1a: Garchomp|85/100\n|-damage|p2b: Sneasler|89/100|[from] ability: Rough Skin|[of] p1a: Garchomp\n|move|p2a: Aerodactyl|Tailwind|p2a: Aerodactyl\n|-sidestart|p2: sotero23|move: Tailwind\n|\n|upkeep\n|turn|2\n|\n|t:|1776304387\n|switch|p2a: Incineroar|Incineroar, L50, M|100/100\n|-ability|p2a: Incineroar|Intimidate|boost\n|-unboost|p1a: Garchomp|atk|1\n|-unboost|p1b: Sneasler|atk|1\n|-enditem|p1b: Sneasler|White Herb\n|-clearnegativeboost|p1b: Sneasler|[silent]\n|move|p1b: Sneasler|Fake Out|p2a: Incineroar\n|-damage|p2a: Incineroar|86/100\n|move|p2b: Sneasler|Dire Claw|p1a: Garchomp\n|-resisted|p1a: Garchomp|1\n|-damage|p1a: Garchomp|64/100\n|-status|p1a: Garchomp|psn\n|-damage|p2b: Sneasler|77/100|[from] ability: Rough Skin|[of] p1a: Garchomp\n|move|p1a: Garchomp|Stomping Tantrum|p2b: Sneasler\n|-supereffective|p2b: Sneasler|1\n|-damage|p2b: Sneasler|0 fnt\n|faint|p2b: Sneasler\n|\n|-damage|p1a: Garchomp|52/100 psn|[from] psn\n|upkeep\n|\n|t:|1776304399\n|switch|p2b: Aerodactyl|Aerodactyl, L50, M|100/100\n|turn|3\n|\n|t:|1776304453\n|move|p1b: Sneasler|Protect|p1b: Sneasler\n|-singleturn|p1b: Sneasler|Protect\n|move|p2a: Incineroar|Fake Out|p1a: Garchomp\n|-damage|p1a: Garchomp|40/100 psn\n|-damage|p2a: Incineroar|73/100|[from] ability: Rough Skin|[of] p1a: Garchomp\n|move|p2b: Aerodactyl|Dual Wingbeat|p1b: Sneasler\n|-activate|p1b: Sneasler|move: Protect\n|cant|p1a: Garchomp|flinch\n|\n|-damage|p1a: Garchomp|28/100 psn|[from] psn\n|upkeep\n|turn|4\n|\n|t:|1776304484\n|switch|p1b: Charizard|Charizard, L50, M|100/100\n|switch|p2a: Floette|Floette-Eternal, L50, F|100/100\n|move|p2b: Aerodactyl|Dual Wingbeat|p1b: Charizard\n|-damage|p1b: Charizard|75/100\n|-damage|p1b: Charizard|46/100\n|-hitcount|p1b: Charizard|2\n|move|p1a: Garchomp|Stomping Tantrum|p2a: Floette\n|-damage|p2a: Floette|42/100\n|\n|-damage|p1a: Garchomp|16/100 psn|[from] psn\n|-sideend|p2: sotero23|move: Tailwind\n|upkeep\n|turn|5\n|\n|t:|1776304503\n|detailschange|p1b: Charizard|Charizard-Mega-Y, L50, M\n|-mega|p1b: Charizard|Charizard|Charizardite Y\n|-weather|SunnyDay|[from] ability: Drought|[of] p1b: Charizard\n|move|p1b: Charizard|Protect|p1b: Charizard\n|-singleturn|p1b: Charizard|Protect\n|move|p2a: Floette|Protect|p2a: Floette\n|-singleturn|p2a: Floette|Protect\n|move|p1a: Garchomp|Stomping Tantrum|p2a: Floette\n|-activate|p2a: Floette|move: Protect\n|move|p2b: Aerodactyl|Tailwind|p2b: Aerodactyl\n|-sidestart|p2: sotero23|move: Tailwind\n|\n|-weather|SunnyDay|[upkeep]\n|-damage|p1a: Garchomp|3/100 psn|[from] psn\n|upkeep\n|turn|6\n|\n|t:|1776304517\n|detailschange|p2a: Floette|Floette-Mega, L50, F\n|-mega|p2a: Floette|Floette|Floettite\n|-ability|p2a: Floette|Fairy Aura\n|move|p2b: Aerodactyl|Rock Slide|p1a: Garchomp|[spread] p1a,p1b\n|-resisted|p1a: Garchomp|1\n|-supereffective|p1b: Charizard|2\n|-damage|p1a: Garchomp|0 fnt\n|-damage|p1b: Charizard|0 fnt\n|faint|p1a: Garchomp\n|faint|p1b: Charizard\n|move|p2a: Floette|Calm Mind|p2a: Floette\n|-boost|p2a: Floette|spa|1\n|-boost|p2a: Floette|spd|1\n|\n|-weather|SunnyDay|[upkeep]\n|upkeep\n|\n|t:|1776304526\n|switch|p1a: Venusaur|Venusaur, L50, M|100/100\n|switch|p1b: Sneasler|Sneasler, L50, F|100/100\n|turn|7\n|\n|t:|1776304540\n|switch|p2a: Incineroar|Incineroar, L50, M|73/100\n|-ability|p2a: Incineroar|Intimidate|boost\n|-unboost|p1a: Venusaur|atk|1\n|-unboost|p1b: Sneasler|atk|1\n|move|p1b: Sneasler|Fake Out|p2b: Aerodactyl\n|-resisted|p2b: Aerodactyl|1\n|-damage|p2b: Aerodactyl|92/100\n|cant|p2b: Aerodactyl|flinch\n|move|p1a: Venusaur|Sludge Bomb|p2a: Incineroar\n|-damage|p2a: Incineroar|42/100\n|-status|p2a: Incineroar|psn\n|\n|-weather|SunnyDay|[upkeep]\n|-damage|p2a: Incineroar|29/100 psn|[from] psn\n|upkeep\n|turn|8\n|\n|t:|1776304583\n|move|p2a: Incineroar|Fake Out|p1a: Venusaur\n|-damage|p1a: Venusaur|87/100\n|move|p2b: Aerodactyl|Dual Wingbeat|p1b: Sneasler\n|-supereffective|p1b: Sneasler|1\n|-damage|p1b: Sneasler|39/100\n|-supereffective|p1b: Sneasler|1\n|-crit|p1b: Sneasler\n|-damage|p1b: Sneasler|0 fnt\n|faint|p1b: Sneasler\n|-hitcount|p1: Sneasler|2\n|cant|p1a: Venusaur|flinch\n|\n|-weather|SunnyDay|[upkeep]\n|-damage|p2a: Incineroar|17/100 psn|[from] psn\n|-sideend|p2: sotero23|move: Tailwind\n|upkeep\n|turn|9\n|\n|t:|1776304597\n|move|p1a: Venusaur|Protect|p1a: Venusaur\n|-singleturn|p1a: Venusaur|Protect\n|move|p2b: Aerodactyl|Dual Wingbeat|p1a: Venusaur\n|-activate|p1a: Venusaur|move: Protect\n|move|p2a: Incineroar|Flare Blitz|p1a: Venusaur\n|-activate|p1a: Venusaur|move: Protect\n|\n|-weather|none\n|-damage|p2a: Incineroar|4/100 psn|[from] psn\n|upkeep\n|turn|10\n|\n|t:|1776304602\n|move|p1a: Venusaur|Protect||[still]\n|-fail|p1a: Venusaur\n|move|p2b: Aerodactyl|Dual Wingbeat|p1a: Venusaur\n|-supereffective|p1a: Venusaur|1\n|-damage|p1a: Venusaur|35/100\n|-supereffective|p1a: Venusaur|1\n|-damage|p1a: Venusaur|0 fnt\n|faint|p1a: Venusaur\n|-hitcount|p1: Venusaur|2\n|\n|win|sotero23\n|raw|jehlk's rating: 1332 &rarr; <strong>1310</strong><br />(-22 for losing)\n|raw|sotero23's rating: 1293 &rarr; <strong>1321</strong><br />(+28 for winning)\n|l|\u2606jehlk\n|player|p1|\n",
  "uploadtime": 1776304617,
  "views": 38,
  "formatid": "gen9championsvgc2026regma",
  "rating": 1310,
  "private": 0,
  "password": null
}