{
  "id": "gen9championsvgc2026regma-2585794754",
  "format": "[Gen 9 Champions] VGC 2026 Reg M-A",
  "players": [
    "sebtct",
    "iLiseq"
  ],
  "log": "|j|\u2606sebtct\n|j|\u2606iLiseq\n|html|<table width=\"100%\"><tr><td align=\"left\">sebtct</td><td align=\"right\">iLiseq</tr><tr><td align=\"left\"><i class=\"fa fa-circle\"></i> <i class=\"fa fa-circle-o\"></i> </td><td align=\"right\"><i class=\"fa fa-circle-o\"></i> <i class=\"fa fa-circle\"></i> </tr></table>\n|uhtml|bestof|<h2><strong>Game 3</strong> of <a href=\"/game-bestof3-gen9championsvgc2026regma-2585782333\">a best-of-3</a></h2>\n|t:|1776371151\n|gametype|doubles\n|player|p1|sebtct|2|\n|player|p2|iLiseq|guzma|\n|gen|9\n|tier|[Gen 9 Champions] VGC 2026 Reg M-A\n|rule|Species Clause: Limit one of each Pok\u00e9mon\n|rule|Item Clause: Limit 1 of each item\n|raw|<div class=\"infobox\"><details class=\"readmore\" open><summary><strong>1 custom rule:</strong></summary> Best of = 3</details></div>\n|clearpoke\n|poke|p1|Kangaskhan, L50, F|\n|poke|p1|Basculegion, L50, M|\n|poke|p1|Pelipper, L50, F|\n|poke|p1|Incineroar, L50, F|\n|poke|p1|Sinistcha, L50|\n|poke|p1|Slurpuff, L50, F|\n|poke|p2|Glimmora, L50, F|\n|poke|p2|Talonflame, L50, F|\n|poke|p2|Arcanine-Hisui, L50, M|\n|poke|p2|Gyarados, L50, F|\n|poke|p2|Meowscarada, L50, M|\n|poke|p2|Alakazam, L50, M|\n|teampreview|4\n|j| Sahea\n|j| OuAndua\n|l| OuAndua\n|j| Unlikely Valentine\n|\n|t:|1776371227\n|teamsize|p1|4\n|teamsize|p2|4\n|start\n|switch|p1a: Slurpuff|Slurpuff, L50, F|100/100\n|switch|p1b: Kangaskhan|Kangaskhan, L50, F|100/100\n|switch|p2a: Talonflame|Talonflame, L50, F|100/100\n|switch|p2b: Gyarados|Gyarados, L50, F|100/100\n|-ability|p2b: Gyarados|Intimidate|boost\n|-unboost|p1a: Slurpuff|atk|1\n|-fail|p1b: Kangaskhan|unboost|Attack|[from] ability: Scrappy|[of] p1b: Kangaskhan\n|-enditem|p1a: Slurpuff|White Herb\n|-clearnegativeboost|p1a: Slurpuff|[silent]\n|turn|1\n|\n|t:|1776371305\n|switch|p1b: Pelipper|Pelipper, L50, F|100/100\n|-weather|RainDance|[from] ability: Drizzle|[of] p1b: Pelipper\n|move|p2a: Talonflame|Protect|p2a: Talonflame\n|-singleturn|p2a: Talonflame|Protect\n|move|p2b: Gyarados|Protect|p2b: Gyarados\n|-singleturn|p2b: Gyarados|Protect\n|move|p1a: Slurpuff|Thunder|p2b: Gyarados\n|-activate|p2b: Gyarados|move: Protect\n|\n|-weather|RainDance|[upkeep]\n|upkeep\n|turn|2\n|\n|t:|1776371330\n|switch|p2b: Meowscarada|Meowscarada, L50, M|100/100\n|move|p1a: Slurpuff|Thunder|p2b: Meowscarada\n|-resisted|p2b: Meowscarada|1\n|-damage|p2b: Meowscarada|79/100\n|move|p2a: Talonflame|Sunny Day|p2a: Talonflame\n|-weather|SunnyDay\n|move|p1b: Pelipper|Tailwind|p1b: Pelipper\n|-sidestart|p1: sebtct|move: Tailwind\n|\n|-weather|SunnyDay|[upkeep]\n|upkeep\n|turn|3\n|l| Unlikely Valentine\n|\n|t:|1776371412\n|switch|p2b: Gyarados|Gyarados, L50, F|100/100\n|-ability|p2b: Gyarados|Intimidate|boost\n|-unboost|p1a: Slurpuff|atk|1\n|-unboost|p1b: Pelipper|atk|1\n|switch|p1b: Kangaskhan|Kangaskhan, L50, F|100/100\n|move|p2a: Talonflame|Protect|p2a: Talonflame\n|-singleturn|p2a: Talonflame|Protect\n|move|p1a: Slurpuff|Dazzling Gleam|p2a: Talonflame|[spread] p2b\n|-activate|p2a: Talonflame|move: Protect\n|-damage|p2b: Gyarados|81/100\n|\n|-weather|SunnyDay|[upkeep]\n|-heal|p2b: Gyarados|87/100|[from] item: Leftovers\n|upkeep\n|turn|4\n|\n|t:|1776371461\n|switch|p1b: Pelipper|Pelipper, L50, F|100/100\n|-weather|RainDance|[from] ability: Drizzle|[of] p1b: Pelipper\n|switch|p2a: Meowscarada|Meowscarada, L50, M|79/100\n|move|p2b: Gyarados|Protect|p2b: Gyarados\n|-singleturn|p2b: Gyarados|Protect\n|move|p1a: Slurpuff|Thunder|p2b: Gyarados\n|-activate|p2b: Gyarados|move: Protect\n|\n|-weather|RainDance|[upkeep]\n|-heal|p2b: Gyarados|93/100|[from] item: Leftovers\n|upkeep\n|turn|5\n|\n|t:|1776371547\n|move|p1a: Slurpuff|Thunder|p2b: Gyarados\n|-supereffective|p2b: Gyarados|2\n|-damage|p2b: Gyarados|0 fnt\n|faint|p2b: Gyarados\n|move|p2a: Meowscarada|Flower Trick|p1b: Pelipper\n|-start|p2a: Meowscarada|typechange|Grass|[from] ability: Protean\n|-crit|p1b: Pelipper\n|-damage|p1b: Pelipper|36/100\n|move|p1b: Pelipper|Hurricane|p2a: Meowscarada\n|-supereffective|p2a: Meowscarada|1\n|-damage|p2a: Meowscarada|0 fnt\n|faint|p2a: Meowscarada\n|\n|-weather|RainDance|[upkeep]\n|-sideend|p1: sebtct|move: Tailwind\n|upkeep\n|\n|t:|1776371557\n|switch|p2a: Mateo beam|Glimmora, L50, F|100/100\n|switch|p2b: Talonflame|Talonflame, L50, F|100/100\n|turn|6\n|l| Sahea\n|\n|t:|1776371573\n|switch|p1b: Kangaskhan|Kangaskhan, L50, F|100/100\n|detailschange|p2a: Mateo beam|Glimmora-Mega, L50, F\n|-mega|p2a: Mateo beam|Glimmora|Glimmoranite\n|move|p2b: Talonflame|Tailwind|p2b: Talonflame\n|-sidestart|p2: iLiseq|move: Tailwind\n|move|p2a: Mateo beam|Sludge Wave|p1b: Kangaskhan|[spread] p2b,p1a,p1b\n|-supereffective|p1a: Slurpuff|1\n|-crit|p1b: Kangaskhan\n|-damage|p2b: Talonflame|29/100\n|-damage|p1a: Slurpuff|0 fnt\n|-damage|p1b: Kangaskhan|14/100\n|faint|p1a: Slurpuff\n|\n|-weather|RainDance|[upkeep]\n|upkeep\n|\n|t:|1776371592\n|switch|p1a: Basculegion|Basculegion, L50, M|100/100\n|turn|7\n|\n|t:|1776371604\n|detailschange|p1b: Kangaskhan|Kangaskhan-Mega, L50, F\n|-mega|p1b: Kangaskhan|Kangaskhan|Kangaskhanite\n|move|p2b: Talonflame|Protect|p2b: Talonflame\n|-singleturn|p2b: Talonflame|Protect\n|move|p2a: Mateo beam|Spiky Shield|p2a: Mateo beam\n|-singleturn|p2a: Mateo beam|move: Protect\n|move|p1b: Kangaskhan|Fake Out|p2a: Mateo beam\n|-activate|p2a: Mateo beam|move: Protect\n|-damage|p1b: Kangaskhan|2/100|[from] Spiky Shield|[of] p2a: Mateo beam\n|move|p1a: Basculegion|Aqua Jet|p2b: Talonflame\n|-activate|p2b: Talonflame|move: Protect\n|\n|-weather|RainDance|[upkeep]\n|upkeep\n|turn|8\n|\n|t:|1776371680\n|move|p2b: Talonflame|Protect|p2b: Talonflame\n|-singleturn|p2b: Talonflame|Protect\n|move|p2a: Mateo beam|Sludge Wave|p1a: Basculegion|[spread] p1a,p1b\n|-activate|p2b: Talonflame|move: Protect\n|-resisted|p1a: Basculegion|1\n|-damage|p1a: Basculegion|69/100\n|-damage|p1b: Kangaskhan|0 fnt\n|faint|p1b: Kangaskhan\n|move|p1a: Basculegion|Wave Crash|p2a: Mateo beam\n|-supereffective|p2a: Mateo beam|1\n|-damage|p2a: Mateo beam|0 fnt\n|faint|p2a: Mateo beam\n|-damage|p1a: Basculegion|43/100|[from] Recoil\n|\n|-weather|none\n|upkeep\n|\n|t:|1776371686\n|switch|p1b: Pelipper|Pelipper, L50, F|36/100\n|-weather|RainDance|[from] ability: Drizzle|[of] p1b: Pelipper\n|turn|9\n|c|\u2606iLiseq|wow\n|c|\u2606iLiseq|gg\n|c|\u2606sebtct|gg\n|c|\u2606iLiseq|no aqua jet is crazy tbh\n|\n|t:|1776371704\n|move|p2b: Talonflame|Sunny Day|p2b: Talonflame\n|-weather|SunnyDay\n|move|p1a: Basculegion|Wave Crash|p2b: Talonflame\n|-supereffective|p2b: Talonflame|1\n|-damage|p2b: Talonflame|0 fnt\n|faint|p2b: Talonflame\n|-damage|p1a: Basculegion|34/100|[from] Recoil\n|\n|win|sebtct\n|l|\u2606iLiseq\n|player|p2|\n|l|\u2606sebtct\n|player|p1|\n|j|\u2606sebtct\n|player|p1|sebtct|2|\n",
  "uploadtime": 1776371758,
  "views": 55,
  "formatid": "gen9championsvgc2026regma",
  "rating": null,
  "private": 0,
  "password": null
}