{
  "id": "gen9championsvgc2026regma-2583601447",
  "format": "[Gen 9 Champions] VGC 2026 Reg M-A",
  "players": [
    "huvidragon",
    "thepeasent"
  ],
  "log": "|j|\u2606huvidragon\n|j|\u2606thepeasent\n|t:|1776185846\n|gametype|doubles\n|player|p1|huvidragon|102|1273\n|player|p2|thepeasent|gloria-dojo|1341\n|gen|9\n|tier|[Gen 9 Champions] VGC 2026 Reg M-A\n|rated|\n|rule|Species Clause: Limit one of each Pok\u00e9mon\n|rule|Item Clause: Limit 1 of each item\n|clearpoke\n|poke|p1|Incineroar, L50, F|\n|poke|p1|Charizard, L50, M|\n|poke|p1|Whimsicott, L50, F|\n|poke|p1|Kingambit, L50, M|\n|poke|p1|Venusaur, L50, M|\n|poke|p1|Mamoswine, L50, F|\n|poke|p2|Glimmora, L50, F|\n|poke|p2|Tyranitar, L50, M|\n|poke|p2|Excadrill, L50, M|\n|poke|p2|Milotic, L50, F|\n|poke|p2|Sneasler, L50, F|\n|poke|p2|Rotom-Wash, L50|\n|teampreview|4\n|inactive|Battle timer is ON: inactive players will automatically lose when time's up. (requested by thepeasent)\n|inactive|huvidragon also wants the timer to be on.\n|\n|t:|1776185869\n|teamsize|p1|4\n|teamsize|p2|4\n|start\n|switch|p1a: Whimsicott|Whimsicott, L50, F|100/100\n|switch|p1b: Charizard|Charizard, L50, M|100/100\n|switch|p2a: Rotom|Rotom-Wash, L50|100/100\n|switch|p2b: Excadrill|Excadrill, L50, M|100/100\n|turn|1\n|\n|t:|1776185893\n|detailschange|p1b: Charizard|Charizard-Mega-Y, L50, M\n|-mega|p1b: Charizard|Charizard|Charizardite Y\n|-weather|SunnyDay|[from] ability: Drought|[of] p1b: Charizard\n|move|p2b: Excadrill|Protect|p2b: Excadrill\n|-singleturn|p2b: Excadrill|Protect\n|move|p1a: Whimsicott|Moonblast|p2a: Rotom\n|-damage|p2a: Rotom|67/100\n|move|p1b: Charizard|Solar Beam||[still]\n|-prepare|p1b: Charizard|Solar Beam\n|-anim|p1b: Charizard|Solar Beam|p2a: Rotom\n|-supereffective|p2a: Rotom|1\n|-damage|p2a: Rotom|0 fnt\n|faint|p2a: Rotom\n|\n|-weather|SunnyDay|[upkeep]\n|upkeep\n|\n|t:|1776185897\n|switch|p2a: Tyranitar|Tyranitar, L50, M, shiny|100/100\n|-weather|Sandstorm|[from] ability: Sand Stream|[of] p2a: Tyranitar\n|turn|2\n|\n|t:|1776185914\n|switch|p2b: Milotic|Milotic, L50, F|100/100\n|switch|p1b: Incineroar|Incineroar, L50, F|100/100\n|-ability|p1b: Incineroar|Intimidate|boost\n|-unboost|p2a: Tyranitar|atk|1\n|-unboost|p2b: Milotic|atk|1\n|-ability|p2b: Milotic|Competitive|boost\n|-boost|p2b: Milotic|spa|2\n|move|p1a: Whimsicott|Protect|p1a: Whimsicott\n|-singleturn|p1a: Whimsicott|Protect\n|move|p2a: Tyranitar|Rock Slide|p1b: Incineroar|[spread] p1b\n|-activate|p1a: Whimsicott|move: Protect\n|-supereffective|p1b: Incineroar|1\n|-damage|p1b: Incineroar|67/100\n|\n|-weather|Sandstorm|[upkeep]\n|-damage|p1a: Whimsicott|95/100|[from] Sandstorm\n|-damage|p2b: Milotic|95/100|[from] Sandstorm\n|-damage|p1b: Incineroar|61/100|[from] Sandstorm\n|-heal|p2b: Milotic|100/100|[from] item: Leftovers\n|upkeep\n|turn|3\n|inactive|huvidragon has 30 seconds left.\n|inactive|huvidragon has 20 seconds left.\n|\n|t:|1776185950\n|move|p1b: Incineroar|Fake Out|p2b: Milotic\n|-damage|p2b: Milotic|92/100\n|move|p1a: Whimsicott|Moonblast|p2a: Tyranitar\n|-supereffective|p2a: Tyranitar|1\n|-damage|p2a: Tyranitar|53/100\n|cant|p2b: Milotic|flinch\n|move|p2a: Tyranitar|Rock Slide|p1b: Incineroar|[spread] p1a,p1b\n|-supereffective|p1b: Incineroar|1\n|-damage|p1a: Whimsicott|65/100\n|-damage|p1b: Incineroar|22/100\n|-enditem|p1b: Incineroar|Sitrus Berry|[eat]\n|-heal|p1b: Incineroar|47/100|[from] item: Sitrus Berry\n|\n|-weather|Sandstorm|[upkeep]\n|-damage|p1a: Whimsicott|60/100|[from] Sandstorm\n|-damage|p2b: Milotic|86/100|[from] Sandstorm\n|-damage|p1b: Incineroar|41/100|[from] Sandstorm\n|-heal|p2b: Milotic|92/100|[from] item: Leftovers\n|upkeep\n|turn|4\n|inactive|huvidragon has 30 seconds left.\n|inactive|thepeasent has 30 seconds left.\n|\n|t:|1776185983\n|switch|p2a: Excadrill|Excadrill, L50, M|100/100\n|move|p1a: Whimsicott|Protect|p1a: Whimsicott\n|-singleturn|p1a: Whimsicott|Protect\n|move|p2b: Milotic|Muddy Water|p1b: Incineroar|[spread] \n|-activate|p1a: Whimsicott|move: Protect\n|-miss|p2b: Milotic|p1b: Incineroar\n|move|p1b: Incineroar|Parting Shot|p2a: Excadrill\n|-unboost|p2a: Excadrill|atk|1\n|-unboost|p2a: Excadrill|spa|1\n|\n|t:|1776185996\n|switch|p1b: Mamoswine|Mamoswine, L50, F|100/100|[from] Parting Shot\n|\n|-weather|Sandstorm|[upkeep]\n|-damage|p1a: Whimsicott|54/100|[from] Sandstorm\n|-damage|p2b: Milotic|86/100|[from] Sandstorm\n|-heal|p2b: Milotic|92/100|[from] item: Leftovers\n|upkeep\n|turn|5\n|\n|t:|1776186020\n|move|p1a: Whimsicott|Tailwind|p1a: Whimsicott\n|-sidestart|p1: huvidragon|move: Tailwind\n|move|p1b: Mamoswine|High Horsepower|p2a: Excadrill\n|-supereffective|p2a: Excadrill|1\n|-enditem|p2a: Excadrill|Focus Sash\n|-damage|p2a: Excadrill|1/100\n|move|p2a: Excadrill|Rock Slide|p1a: Whimsicott|[spread] p1a,p1b\n|-damage|p1a: Whimsicott|33/100\n|-damage|p1b: Mamoswine|84/100\n|move|p2b: Milotic|Muddy Water|p1b: Mamoswine|[spread] p1a\n|-miss|p2b: Milotic|p1b: Mamoswine\n|-resisted|p1a: Whimsicott|1\n|-damage|p1a: Whimsicott|0 fnt\n|faint|p1a: Whimsicott\n|\n|-weather|Sandstorm|[upkeep]\n|-damage|p2b: Milotic|86/100|[from] Sandstorm\n|-heal|p2b: Milotic|92/100|[from] item: Leftovers\n|upkeep\n|\n|t:|1776186040\n|switch|p1a: Incineroar|Incineroar, L50, F|41/100\n|-ability|p1a: Incineroar|Intimidate|boost\n|-unboost|p2a: Excadrill|atk|1\n|-unboost|p2b: Milotic|atk|1\n|-ability|p2b: Milotic|Competitive|boost\n|-boost|p2b: Milotic|spa|2\n|turn|6\n|\n|t:|1776186050\n|move|p2a: Excadrill|Protect|p2a: Excadrill\n|-singleturn|p2a: Excadrill|Protect\n|move|p2b: Milotic|Protect|p2b: Milotic\n|-singleturn|p2b: Milotic|Protect\n|move|p1a: Incineroar|Fake Out|p2b: Milotic\n|-activate|p2b: Milotic|move: Protect\n|move|p1b: Mamoswine|High Horsepower|p2a: Excadrill\n|-activate|p2a: Excadrill|move: Protect\n|\n|-weather|none\n|-heal|p2b: Milotic|98/100|[from] item: Leftovers\n|upkeep\n|turn|7\n|\n|t:|1776186071\n|switch|p2a: Tyranitar|Tyranitar, L50, M, shiny|53/100\n|-weather|Sandstorm|[from] ability: Sand Stream|[of] p2a: Tyranitar\n|move|p1b: Mamoswine|High Horsepower|p2b: Milotic\n|-damage|p2b: Milotic|57/100\n|move|p1a: Incineroar|Flare Blitz|p2a: Tyranitar\n|-resisted|p2a: Tyranitar|1\n|-damage|p2a: Tyranitar|35/100\n|-damage|p1a: Incineroar|36/100|[from] Recoil\n|move|p2b: Milotic|Muddy Water|p1b: Mamoswine|[spread] p1a,p1b\n|-supereffective|p1a: Incineroar|1\n|-supereffective|p1b: Mamoswine|1\n|-damage|p1a: Incineroar|0 fnt\n|-damage|p1b: Mamoswine|0 fnt\n|faint|p1a: Incineroar\n|faint|p1b: Mamoswine\n|\n|-weather|Sandstorm|[upkeep]\n|-damage|p2b: Milotic|51/100|[from] Sandstorm\n|-heal|p2b: Milotic|57/100|[from] item: Leftovers\n|upkeep\n|\n|t:|1776186093\n|switch|p1b: Charizard|Charizard-Mega-Y, L50, M|100/100\n|-weather|SunnyDay|[from] ability: Drought|[of] p1b: Charizard\n|turn|8\n|\n|t:|1776186100\n|switch|p2a: Excadrill|Excadrill, L50, M|1/100\n|move|p2b: Milotic|Protect|p2b: Milotic\n|-singleturn|p2b: Milotic|Protect\n|move|p1b: Charizard|Solar Beam||[still]\n|-prepare|p1b: Charizard|Solar Beam\n|-anim|p1b: Charizard|Solar Beam|p2b: Milotic\n|-activate|p2b: Milotic|move: Protect\n|\n|-weather|SunnyDay|[upkeep]\n|-heal|p2b: Milotic|63/100|[from] item: Leftovers\n|-sideend|p1: huvidragon|move: Tailwind\n|upkeep\n|turn|9\n|\n|t:|1776186115\n|switch|p2a: Tyranitar|Tyranitar, L50, M, shiny|35/100\n|-weather|Sandstorm|[from] ability: Sand Stream|[of] p2a: Tyranitar\n|move|p1b: Charizard|Heat Wave|p2b: Milotic|[spread] p2a,p2b\n|-resisted|p2a: Tyranitar|1\n|-resisted|p2b: Milotic|1\n|-damage|p2a: Tyranitar|19/100\n|-damage|p2b: Milotic|45/100\n|move|p2b: Milotic|Muddy Water|p1b: Charizard\n|-supereffective|p1b: Charizard|1\n|-damage|p1b: Charizard|0 fnt\n|faint|p1b: Charizard\n|\n|win|thepeasent\n|raw|huvidragon's rating: 1273 &rarr; <strong>1253</strong><br />(-20 for losing)\n|raw|thepeasent's rating: 1341 &rarr; <strong>1357</strong><br />(+16 for winning)\n",
  "uploadtime": 1776186128,
  "views": 67,
  "formatid": "gen9championsvgc2026regma",
  "rating": 1253,
  "private": 0,
  "password": null
}