{
  "id": "gen9championsvgc2026regma-2582885935",
  "format": "[Gen 9 Champions] VGC 2026 Reg M-A",
  "players": [
    "pictochatvgc",
    "Hk_Aseel"
  ],
  "log": "|j|\u2606pictochatvgc\n|j|\u2606Hk_Aseel\n|t:|1776122050\n|gametype|doubles\n|player|p1|pictochatvgc|skier|1141\n|player|p2|Hk_Aseel|shadowtriad|1161\n|gen|9\n|tier|[Gen 9 Champions] VGC 2026 Reg M-A\n|rated|\n|rule|Species Clause: Limit one of each Pok\u00e9mon\n|rule|Item Clause: Limit 1 of each item\n|clearpoke\n|poke|p1|Meganium, L50, F|\n|poke|p1|Basculegion, L50, M|\n|poke|p1|Pelipper, L50, F|\n|poke|p1|Archaludon, L50, M|\n|poke|p1|Snorlax, L50, F|\n|poke|p1|Floette-Eternal, L50, F|\n|poke|p2|Sinistcha-Masterpiece, L50|\n|poke|p2|Floette-Eternal, L50, F|\n|poke|p2|Delphox, L50, M|\n|poke|p2|Incineroar, L50, F|\n|poke|p2|Sneasler, L50, M|\n|poke|p2|Kingambit, L50, F|\n|teampreview|4\n|inactive|Battle timer is ON: inactive players will automatically lose when time's up. (requested by Hk_Aseel)\nHk_Aseel rejected open team sheets.\n|\n|t:|1776122099\n|teamsize|p1|4\n|teamsize|p2|4\n|start\n|switch|p1a: Basculegion|Basculegion, L50, M|100/100\n|switch|p1b: Pelipper|Pelipper, L50, F|100/100\n|switch|p2a: Kingambit|Kingambit, L50, F|100/100\n|switch|p2b: Sneasler|Sneasler, L50, M|100/100\n|-weather|RainDance|[from] ability: Drizzle|[of] p1b: Pelipper\n|turn|1\n|\n|t:|1776122110\n|move|p1a: Basculegion|Protect|p1a: Basculegion\n|-singleturn|p1a: Basculegion|Protect\n|move|p1b: Pelipper|Protect|p1b: Pelipper\n|-singleturn|p1b: Pelipper|Protect\n|move|p2b: Sneasler|Fake Out|p1b: Pelipper\n|-activate|p1b: Pelipper|move: Protect\n|move|p2a: Kingambit|Sucker Punch||[still]\n|-fail|p2a: Kingambit\n|\n|-weather|RainDance|[upkeep]\n|upkeep\n|turn|2\n|\n|t:|1776122127\n|move|p1a: Basculegion|Aqua Jet|p2b: Sneasler\n|-damage|p2b: Sneasler|39/100\n|move|p2a: Kingambit|Sucker Punch||[still]\n|-fail|p2a: Kingambit\n|move|p2b: Sneasler|Dire Claw|p1b: Pelipper\n|-damage|p1b: Pelipper|40/100\n|move|p1b: Pelipper|Hurricane|p2b: Sneasler\n|-supereffective|p2b: Sneasler|1\n|-damage|p2b: Sneasler|0 fnt\n|faint|p2b: Sneasler\n|\n|-weather|RainDance|[upkeep]\n|upkeep\n|\n|t:|1776122133\n|switch|p2b: Sinistcha|Sinistcha-Masterpiece, L50|100/100\n|turn|3\n|c|\u2606Hk_Aseel|What\n|c|\u2606Hk_Aseel|hoe i fail the sucker\n|inactive|pictochatvgc has 30 seconds left.\n|inactive|Hk_Aseel has 30 seconds left.\n|c|\u2606Hk_Aseel|How*\n|inactive|Hk_Aseel has 20 seconds left.\n|inactive|Hk_Aseel has 15 seconds left.\n|\n|t:|1776122175\n|move|p2b: Sinistcha|Rage Powder|p2b: Sinistcha\n|-singleturn|p2b: Sinistcha|move: Rage Powder\n|move|p2a: Kingambit|Sucker Punch|p1a: Basculegion\n|-supereffective|p1a: Basculegion|1\n|-damage|p1a: Basculegion|0 fnt\n|faint|p1a: Basculegion\n|move|p1b: Pelipper|Hurricane|p2b: Sinistcha\n|-supereffective|p2b: Sinistcha|1\n|-damage|p2b: Sinistcha|0 fnt\n|faint|p2b: Sinistcha\n|\n|-weather|RainDance|[upkeep]\n|upkeep\n|\n|t:|1776122193\n|switch|p1a: Archaludon|Archaludon, L50, M|100/100\n|switch|p2b: Delphox|Delphox, L50, M|100/100\n|turn|4\n|\n|t:|1776122213\n|detailschange|p2b: Delphox|Delphox-Mega, L50, M\n|-mega|p2b: Delphox|Delphox|Delphoxite\n|move|p2b: Delphox|Psychic|p1b: Pelipper\n|-damage|p1b: Pelipper|0 fnt\n|faint|p1b: Pelipper\n|move|p1a: Archaludon|Electro Shot||[still]\n|-prepare|p1a: Archaludon|Electro Shot\n|-boost|p1a: Archaludon|spa|1\n|-anim|p1a: Archaludon|Electro Shot|p2a: Kingambit\n|-damage|p2a: Kingambit|32/100\n|move|p2a: Kingambit|Low Kick|p1a: Archaludon\n|-supereffective|p1a: Archaludon|1\n|-damage|p1a: Archaludon|55/100\n|\n|-weather|RainDance|[upkeep]\n|upkeep\n|\n|t:|1776122222\n|switch|p1b: Snorlax|Snorlax, L50, F|100/100\n|turn|5\n|\n|t:|1776122233\n|move|p2b: Delphox|Protect|p2b: Delphox\n|-singleturn|p2b: Delphox|Protect\n|move|p2a: Kingambit|Protect|p2a: Kingambit\n|-singleturn|p2a: Kingambit|Protect\n|move|p1a: Archaludon|Electro Shot||[still]\n|-prepare|p1a: Archaludon|Electro Shot\n|-boost|p1a: Archaludon|spa|1\n|-anim|p1a: Archaludon|Electro Shot|p2a: Kingambit\n|-activate|p2a: Kingambit|move: Protect\n|move|p1b: Snorlax|High Horsepower|p2b: Delphox\n|-activate|p2b: Delphox|move: Protect\n|\n|-weather|none\n|upkeep\n|turn|6\n|\n|t:|1776122247\n|move|p2b: Delphox|Heat Wave|p1b: Snorlax|[spread] p1b\n|-miss|p2b: Delphox|p1a: Archaludon\n|-damage|p1b: Snorlax|87/100\n|move|p1a: Archaludon|Draco Meteor|p2a: Kingambit\n|-resisted|p2a: Kingambit|1\n|-damage|p2a: Kingambit|0 fnt\n|-unboost|p1a: Archaludon|spa|2\n|faint|p2a: Kingambit\n|move|p1b: Snorlax|High Horsepower|p2b: Delphox\n|-immune|p2b: Delphox|[from] ability: Levitate\n|\n|upkeep\n|turn|7\n|inactive|pictochatvgc has 30 seconds left.\n|\n|t:|1776122282\n|move|p2b: Delphox|Heat Wave|p1a: Archaludon|[spread] p1b\n|-miss|p2b: Delphox|p1a: Archaludon\n|-damage|p1b: Snorlax|73/100\n|move|p1a: Archaludon|Draco Meteor|p2b: Delphox\n|-damage|p2b: Delphox|41/100\n|-unboost|p1a: Archaludon|spa|2\n|-enditem|p1a: Archaludon|White Herb\n|-clearnegativeboost|p1a: Archaludon|[silent]\n|move|p1b: Snorlax|Facade|p2b: Delphox\n|-damage|p2b: Delphox|0 fnt\n|faint|p2b: Delphox\n|\n|win|pictochatvgc\n|raw|pictochatvgc's rating: 1141 &rarr; <strong>1167</strong><br />(+26 for winning)\n|raw|Hk_Aseel's rating: 1161 &rarr; <strong>1135</strong><br />(-26 for losing)\n|l|\u2606Hk_Aseel\n|player|p2|\n|c|\u2606pictochatvgc|I use priority to dodge sucker punch\n",
  "uploadtime": 1776122155,
  "views": 45,
  "formatid": "gen9championsvgc2026regma",
  "rating": 1135,
  "private": 0,
  "password": null
}