{
  "id": "gen9championsvgc2026regma-2581176086",
  "format": "[Gen 9 Champions] VGC 2026 Reg M-A",
  "players": [
    "sodarist",
    "sceptilean"
  ],
  "log": "|j|\u2606sodarist\n|j|\u2606sceptilean\n|t:|1775967369\n|gametype|doubles\n|player|p1|sodarist|steven|1061\n|player|p2|sceptilean|n|1119\n|gen|9\n|tier|[Gen 9 Champions] VGC 2026 Reg M-A\n|rated|\n|rule|Species Clause: Limit one of each Pok\u00e9mon\n|rule|Item Clause: Limit 1 of each item\n|clearpoke\n|poke|p1|Incineroar, L50, M|\n|poke|p1|Whimsicott, L50, M|\n|poke|p1|Torkoal, L50, M|\n|poke|p1|Venusaur, L50, F|\n|poke|p1|Farigiraf, L50, F|\n|poke|p1|Rotom-Wash, L50|\n|poke|p2|Chandelure, L50, F|\n|poke|p2|Incineroar, L50, F|\n|poke|p2|Ninetales-Alola, L50, M|\n|poke|p2|Whimsicott, L50, M|\n|poke|p2|Samurott-Hisui, L50, M|\n|poke|p2|Appletun, L50, F|\n|teampreview|4\n|inactive|Battle timer is ON: inactive players will automatically lose when time's up. (requested by sceptilean)\n|inactive|sodarist has 60 seconds left.\n|\n|t:|1775967408\n|teamsize|p1|4\n|teamsize|p2|4\n|start\n|switch|p1a: Whimsicott|Whimsicott, L50, M|100/100\n|switch|p1b: Incineroar|Incineroar, L50, M|100/100\n|switch|p2a: Incineroar|Incineroar, L50, F|100/100\n|switch|p2b: Samurott|Samurott-Hisui, L50, M|100/100\n|-ability|p1b: Incineroar|Intimidate|boost\n|-unboost|p2a: Incineroar|atk|1\n|-unboost|p2b: Samurott|atk|1\n|-ability|p2a: Incineroar|Intimidate|boost\n|-unboost|p1a: Whimsicott|atk|1\n|-unboost|p1b: Incineroar|atk|1\n|turn|1\n|inactive|sceptilean has 30 seconds left.\n|\n|t:|1775967443\n|move|p1b: Incineroar|Fake Out|p2a: Incineroar\n|-crit|p2a: Incineroar\n|-damage|p2a: Incineroar|83/100\n|cant|p2a: Incineroar|flinch\n|move|p1a: Whimsicott|Tailwind|p1a: Whimsicott\n|-sidestart|p1: sodarist|move: Tailwind\n|move|p2b: Samurott|Ceaseless Edge|p1b: Incineroar\n|-resisted|p1b: Incineroar|1\n|-damage|p1b: Incineroar|83/100\n|-sidestart|p1: sodarist|Spikes\n|\n|upkeep\n|turn|2\n|\n|t:|1775967464\n|switch|p2b: Ninetales|Ninetales-Alola, L50, M|100/100\n|-weather|Snowscape|[from] ability: Snow Warning|[of] p2b: Ninetales\n|move|p1a: Whimsicott|Moonblast|p2b: Ninetales\n|-damage|p2b: Ninetales|50/100\n|move|p1b: Incineroar|Parting Shot|p2b: Ninetales\n|-unboost|p2b: Ninetales|atk|1\n|-unboost|p2b: Ninetales|spa|1\n|\n|t:|1775967474\n|switch|p1b: Torkoal|Torkoal, L50, M|100/100|[from] Parting Shot\n|-damage|p1b: Torkoal|88/100|[from] Spikes\n|-weather|SunnyDay|[from] ability: Drought|[of] p1b: Torkoal\n|move|p2a: Incineroar|Parting Shot|p1a: Whimsicott\n|-unboost|p1a: Whimsicott|atk|1\n|-unboost|p1a: Whimsicott|spa|1\n|\n|t:|1775967476\n|switch|p2a: Samurott|Samurott-Hisui, L50, M|100/100|[from] Parting Shot\n|\n|-weather|SunnyDay|[upkeep]\n|-heal|p1b: Torkoal|94/100|[from] item: Leftovers\n|upkeep\n|turn|3\n|\n|t:|1775967498\n|switch|p2b: Incineroar|Incineroar, L50, F|83/100\n|-ability|p2b: Incineroar|Intimidate|boost\n|-unboost|p1a: Whimsicott|atk|1\n|-unboost|p1b: Torkoal|atk|1\n|move|p1a: Whimsicott|Moonblast|p2a: Samurott\n|-supereffective|p2a: Samurott|1\n|-crit|p2a: Samurott\n|-damage|p2a: Samurott|0 fnt\n|faint|p2a: Samurott\n|move|p1b: Torkoal|Eruption|p2b: Incineroar\n|-resisted|p2b: Incineroar|1\n|-damage|p2b: Incineroar|56/100\n|\n|-weather|SunnyDay|[upkeep]\n|-heal|p1b: Torkoal|100/100|[from] item: Leftovers\n|upkeep\n|inactive|sceptilean has 30 seconds left.\n|\n|t:|1775967529\n|switch|p2a: Chandelure|Chandelure, L50, F, shiny|100/100\n|turn|4\n|inactive|sodarist has 30 seconds left.\n|\n|t:|1775967557\n|detailschange|p2a: Chandelure|Chandelure-Mega, L50, F, shiny\n|-mega|p2a: Chandelure|Chandelure|Chandelurite\n|move|p1a: Whimsicott|Protect|p1a: Whimsicott\n|-singleturn|p1a: Whimsicott|Protect\n|move|p2b: Incineroar|Fake Out|p1a: Whimsicott\n|-activate|p1a: Whimsicott|move: Protect\n|move|p2a: Chandelure|Heat Wave|p1b: Torkoal|[spread] p1b\n|-activate|p1a: Whimsicott|move: Protect\n|-resisted|p1b: Torkoal|1\n|-damage|p1b: Torkoal|52/100\n|move|p1b: Torkoal|Body Press|p2b: Incineroar\n|-supereffective|p2b: Incineroar|1\n|-damage|p2b: Incineroar|0 fnt\n|faint|p2b: Incineroar\n|\n|-weather|SunnyDay|[upkeep]\n|-heal|p1b: Torkoal|59/100|[from] item: Leftovers\n|-sideend|p1: sodarist|move: Tailwind\n|upkeep\n|\n|t:|1775967561\n|switch|p2b: Ninetales|Ninetales-Alola, L50, M|50/100\n|-weather|Snowscape|[from] ability: Snow Warning|[of] p2b: Ninetales\n|turn|5\n|\n|t:|1775967579\n|switch|p1b: Rotom|Rotom-Wash, L50|100/100\n|move|p1a: Whimsicott|Tailwind|p1a: Whimsicott\n|-sidestart|p1: sodarist|move: Tailwind\n|move|p2b: Ninetales|Aurora Veil|p2b: Ninetales\n|-sidestart|p2: sceptilean|move: Aurora Veil\n|move|p2a: Chandelure|Heat Wave|p1b: Rotom|[spread] p1a,p1b\n|-supereffective|p1a: Whimsicott|1\n|-resisted|p1b: Rotom|1\n|-damage|p1a: Whimsicott|0 fnt\n|-damage|p1b: Rotom|79/100\n|faint|p1a: Whimsicott\n|\n|-weather|Snowscape|[upkeep]\n|upkeep\n|\n|t:|1775967592\n|switch|p1a: Incineroar|Incineroar, L50, M|83/100\n|-damage|p1a: Incineroar|70/100|[from] Spikes\n|-ability|p1a: Incineroar|Intimidate|boost\n|-unboost|p2a: Chandelure|atk|1\n|-unboost|p2b: Ninetales|atk|1\n|turn|6\n|inactive|sceptilean has 30 seconds left.\n|\n|t:|1775967625\n|move|p2b: Ninetales|Protect|p2b: Ninetales\n|-singleturn|p2b: Ninetales|Protect\n|move|p1a: Incineroar|Fake Out|p2b: Ninetales\n|-activate|p2b: Ninetales|move: Protect\n|move|p1b: Rotom|Hydro Pump|p2a: Chandelure\n|-supereffective|p2a: Chandelure|1\n|-damage|p2a: Chandelure|22/100\n|move|p2a: Chandelure|Heat Wave|p1a: Incineroar|[spread] p1a\n|-miss|p2a: Chandelure|p1b: Rotom\n|-resisted|p1a: Incineroar|1\n|-damage|p1a: Incineroar|46/100\n|-enditem|p1a: Incineroar|Sitrus Berry|[eat]\n|-heal|p1a: Incineroar|71/100|[from] item: Sitrus Berry\n|\n|-weather|Snowscape|[upkeep]\n|upkeep\n|turn|7\n|\n|t:|1775967647\n|move|p1a: Incineroar|Parting Shot|p2b: Ninetales\n|-unboost|p2b: Ninetales|atk|1\n|-unboost|p2b: Ninetales|spa|1\n|\n|t:|1775967651\n|switch|p1a: Torkoal|Torkoal, L50, M|59/100|[from] Parting Shot\n|-damage|p1a: Torkoal|46/100|[from] Spikes\n|-weather|SunnyDay|[from] ability: Drought|[of] p1a: Torkoal\n|move|p1b: Rotom|Hydro Pump|p2a: Chandelure\n|-supereffective|p2a: Chandelure|1\n|-damage|p2a: Chandelure|0 fnt\n|faint|p2a: Chandelure\n|move|p2b: Ninetales|Moonblast|p1b: Rotom\n|-damage|p1b: Rotom|54/100\n|\n|-weather|SunnyDay|[upkeep]\n|-heal|p1a: Torkoal|52/100|[from] item: Leftovers\n|upkeep\n|turn|8\n|\n|t:|1775967668\n|move|p1b: Rotom|Hydro Pump|p2b: Ninetales\n|-damage|p2b: Ninetales|30/100\n|move|p2b: Ninetales|Moonblast|p1a: Torkoal\n|-resisted|p1a: Torkoal|1\n|-crit|p1a: Torkoal\n|-damage|p1a: Torkoal|14/100\n|move|p1a: Torkoal|Eruption|p2b: Ninetales\n|-supereffective|p2b: Ninetales|1\n|-damage|p2b: Ninetales|16/100\n|\n|-weather|SunnyDay|[upkeep]\n|-heal|p1a: Torkoal|20/100|[from] item: Leftovers\n|-sideend|p1: sodarist|move: Tailwind\n|upkeep\n|turn|9\n|\n|t:|1775967690\n|move|p2b: Ninetales|Moonblast|p1a: Torkoal\n|-resisted|p1a: Torkoal|1\n|-damage|p1a: Torkoal|3/100\n|move|p1b: Rotom|Thunderbolt|p2b: Ninetales\n|-damage|p2b: Ninetales|0 fnt\n|faint|p2b: Ninetales\n|\n|win|sodarist\n|raw|sodarist's rating: 1061 &rarr; <strong>1097</strong><br />(+36 for winning)\n|raw|sceptilean's rating: 1119 &rarr; <strong>1090</strong><br />(-29 for losing)\n|l|\u2606sceptilean\n|player|p2|\n",
  "uploadtime": 1775967696,
  "views": 13,
  "formatid": "gen9championsvgc2026regma",
  "rating": 1090,
  "private": 0,
  "password": null
}