{
  "id": "gen9championsvgc2026regma-2584423046",
  "format": "[Gen 9 Champions] VGC 2026 Reg M-A",
  "players": [
    "Zapdos79",
    "diegop10"
  ],
  "log": "|j|\u2606Zapdos79\n|j|\u2606diegop10\n|t:|1776259808\n|gametype|doubles\n|player|p1|Zapdos79|flannery|1114\n|player|p2|diegop10|acetrainer-gen4dp|1157\n|gen|9\n|tier|[Gen 9 Champions] VGC 2026 Reg M-A\n|rated|\n|rule|Species Clause: Limit one of each Pok\u00e9mon\n|rule|Item Clause: Limit 1 of each item\n|clearpoke\n|poke|p1|Tyranitar, L50, F|\n|poke|p1|Basculegion, L50, M|\n|poke|p1|Excadrill, L50, F|\n|poke|p1|Meganium, L50, F|\n|poke|p1|Farigiraf, L50, F|\n|poke|p1|Incineroar, L50, M|\n|poke|p2|Snorlax, L50, F|\n|poke|p2|Gengar, L50, M|\n|poke|p2|Dragonite, L50, M|\n|poke|p2|Meganium, L50, M|\n|poke|p2|Milotic, L50, M|\n|poke|p2|Incineroar, L50, F|\n|teampreview|4\n|\n|t:|1776259862\n|teamsize|p1|4\n|teamsize|p2|4\n|start\n|switch|p1a: Meganium|Meganium, L50, F|100/100\n|switch|p1b: Farigiraf|Farigiraf, L50, F|100/100\n|switch|p2a: Snorlax|Snorlax, L50, F|100/100\n|switch|p2b: Milotic|Milotic, L50, M|100/100\n|turn|1\n|\n|t:|1776259892\n|switch|p2b: Incineroar|Incineroar, L50, F|100/100\n|-ability|p2b: Incineroar|Intimidate|boost\n|-unboost|p1a: Meganium|atk|1\n|-unboost|p1b: Farigiraf|atk|1\n|detailschange|p1a: Meganium|Meganium-Mega, L50, F\n|-mega|p1a: Meganium|Meganium|Meganiumite\n|move|p1a: Meganium|Solar Beam||[still]\n|-prepare|p1a: Meganium|Solar Beam\n|-activate|p1a: Meganium|ability: Mega Sol\n|-anim|p1a: Meganium|Solar Beam|p2b: Incineroar\n|-resisted|p2b: Incineroar|1\n|-damage|p2b: Incineroar|69/100\n|move|p1b: Farigiraf|Thunder Wave|p2b: Incineroar\n|-status|p2b: Incineroar|par\n|move|p2a: Snorlax|Heavy Slam|p1a: Meganium\n|-supereffective|p1a: Meganium|1\n|-damage|p1a: Meganium|70/100\n|\n|upkeep\n|turn|2\n|\n|t:|1776259915\n|switch|p1a: Tyranitar|Tyranitar, L50, F|100/100\n|-weather|Sandstorm|[from] ability: Sand Stream|[of] p1a: Tyranitar\n|move|p1b: Farigiraf|Thunder Wave|p2a: Snorlax\n|-status|p2a: Snorlax|par\n|move|p2b: Incineroar|Flare Blitz|p1a: Tyranitar\n|-resisted|p1a: Tyranitar|1\n|-damage|p1a: Tyranitar|76/100\n|-damage|p2b: Incineroar|62/100 par|[from] Recoil\n|move|p2a: Snorlax|Heavy Slam|p1a: Tyranitar\n|-supereffective|p1a: Tyranitar|1\n|-crit|p1a: Tyranitar\n|-damage|p1a: Tyranitar|35/100\n|\n|-weather|Sandstorm|[upkeep]\n|-damage|p1b: Farigiraf|94/100|[from] Sandstorm\n|-damage|p2b: Incineroar|56/100 par|[from] Sandstorm\n|-damage|p2a: Snorlax|95/100 par|[from] Sandstorm\n|-heal|p2a: Snorlax|100/100 par|[from] item: Leftovers\n|upkeep\n|turn|3\n|\n|t:|1776259944\n|switch|p2b: Meganium|Meganium, L50, M|100/100\n|move|p1b: Farigiraf|Ally Switch|p1b: Farigiraf\n|swap|p1b: Farigiraf|0|[from] move: Ally Switch\n|move|p1b: Tyranitar|Rock Slide|p2b: Meganium|[spread] p2a,p2b\n|-crit|p2b: Meganium\n|-damage|p2a: Snorlax|76/100 par\n|-damage|p2b: Meganium|56/100\n|move|p2a: Snorlax|High Horsepower|p1a: Farigiraf\n|-damage|p1a: Farigiraf|69/100\n|\n|-weather|Sandstorm|[upkeep]\n|-damage|p2b: Meganium|50/100|[from] Sandstorm\n|-damage|p1a: Farigiraf|63/100|[from] Sandstorm\n|-damage|p2a: Snorlax|70/100 par|[from] Sandstorm\n|-heal|p2a: Snorlax|76/100 par|[from] item: Leftovers\n|upkeep\n|turn|4\n|\n|t:|1776259965\n|detailschange|p2b: Meganium|Meganium-Mega, L50, M\n|-mega|p2b: Meganium|Meganium|Meganiumite\n|move|p1b: Tyranitar|Protect|p1b: Tyranitar\n|-singleturn|p1b: Tyranitar|Protect\n|move|p2b: Meganium|Solar Beam||[still]\n|-prepare|p2b: Meganium|Solar Beam\n|-activate|p2b: Meganium|ability: Mega Sol\n|-anim|p2b: Meganium|Solar Beam|p1b: Tyranitar\n|-activate|p1b: Tyranitar|move: Protect\n|move|p1a: Farigiraf|Thunder Wave|p2b: Meganium\n|-status|p2b: Meganium|par\n|move|p2a: Snorlax|High Horsepower|p1a: Farigiraf\n|-damage|p1a: Farigiraf|36/100\n|\n|-weather|Sandstorm|[upkeep]\n|-damage|p1a: Farigiraf|30/100|[from] Sandstorm\n|-damage|p2b: Meganium|44/100 par|[from] Sandstorm\n|-damage|p2a: Snorlax|70/100 par|[from] Sandstorm\n|-heal|p2a: Snorlax|76/100 par|[from] item: Leftovers\n|upkeep\n|turn|5\n|\n|t:|1776259990\n|move|p1b: Tyranitar|Rock Slide|p2b: Meganium|[spread] p2a,p2b\n|-damage|p2a: Snorlax|54/100 par\n|-damage|p2b: Meganium|15/100 par\n|move|p1a: Farigiraf|Psychic|p2a: Snorlax\n|-damage|p2a: Snorlax|35/100 par\n|cant|p2b: Meganium|flinch\n|move|p2a: Snorlax|High Horsepower|p1a: Farigiraf\n|-damage|p1a: Farigiraf|5/100\n|\n|-weather|Sandstorm|[upkeep]\n|-damage|p1a: Farigiraf|0 fnt|[from] Sandstorm\n|-damage|p2b: Meganium|10/100 par|[from] Sandstorm\n|-damage|p2a: Snorlax|29/100 par|[from] Sandstorm\n|faint|p1a: Farigiraf\n|-heal|p2a: Snorlax|35/100 par|[from] item: Leftovers\n|upkeep\n|\n|t:|1776260003\n|switch|p1a: Excadrill|Excadrill, L50, F|100/100\n|turn|6\n|\n|t:|1776260024\n|cant|p2a: Snorlax|par\n|move|p1a: Excadrill|Rock Slide|p2b: Meganium|[spread] p2a,p2b\n|-crit|p2b: Meganium\n|-damage|p2a: Snorlax|19/100 par\n|-damage|p2b: Meganium|0 fnt\n|faint|p2b: Meganium\n|move|p1b: Tyranitar|Knock Off|p2a: Snorlax\n|-damage|p2a: Snorlax|0 fnt\n|-enditem|p2a: Snorlax|Leftovers|[from] move: Knock Off|[of] p1b: Tyranitar\n|faint|p2a: Snorlax\n|\n|-weather|none\n|upkeep\n|\n|t:|1776260037\n|switch|p2b: Milotic|Milotic, L50, M|100/100\n|switch|p2a: Incineroar|Incineroar, L50, F|56/100 par\n|-ability|p2a: Incineroar|Intimidate|boost\n|-unboost|p1a: Excadrill|atk|1\n|-unboost|p1b: Tyranitar|atk|1\n|-enditem|p1a: Excadrill|White Herb\n|-clearnegativeboost|p1a: Excadrill|[silent]\n|turn|7\n|\n|t:|1776260050\n|move|p1a: Excadrill|Protect|p1a: Excadrill\n|-singleturn|p1a: Excadrill|Protect\n|move|p1b: Tyranitar|Protect|p1b: Tyranitar\n|-singleturn|p1b: Tyranitar|Protect\n|move|p2a: Incineroar|Fake Out|p1a: Excadrill\n|-activate|p1a: Excadrill|move: Protect\n|move|p2b: Milotic|Scald|p1b: Tyranitar\n|-activate|p1b: Tyranitar|move: Protect\n|\n|upkeep\n|turn|8\n|\n|t:|1776260069\n|switch|p1b: Meganium|Meganium-Mega, L50, F|70/100\n|move|p1a: Excadrill|High Horsepower|p2a: Incineroar\n|-supereffective|p2a: Incineroar|1\n|-enditem|p2a: Incineroar|Shuca Berry|[eat]\n|-enditem|p2a: Incineroar|Shuca Berry|[weaken]\n|-damage|p2a: Incineroar|16/100 par\n|move|p2b: Milotic|Scald|p1b: Meganium\n|-resisted|p1b: Meganium|1\n|-damage|p1b: Meganium|57/100\n|-status|p1b: Meganium|brn\n|move|p2a: Incineroar|Flare Blitz|p1a: Excadrill\n|-supereffective|p1a: Excadrill|1\n|-damage|p1a: Excadrill|0 fnt\n|faint|p1a: Excadrill\n|-damage|p2a: Incineroar|0 fnt|[from] Recoil\n|faint|p2a: Incineroar\n|\n|-damage|p1b: Meganium|51/100 brn|[from] brn\n|upkeep\n|\n|t:|1776260077\n|switch|p1a: Tyranitar|Tyranitar, L50, F|35/100\n|-weather|Sandstorm|[from] ability: Sand Stream|[of] p1a: Tyranitar\n|turn|9\n|\n|t:|1776260095\n|move|p1b: Meganium|Solar Beam||[still]\n|-prepare|p1b: Meganium|Solar Beam\n|-activate|p1b: Meganium|ability: Mega Sol\n|-anim|p1b: Meganium|Solar Beam|p2b: Milotic\n|-supereffective|p2b: Milotic|1\n|-damage|p2b: Milotic|0 fnt\n|faint|p2b: Milotic\n|\n|win|Zapdos79\n|raw|Zapdos79's rating: 1114 &rarr; <strong>1142</strong><br />(+28 for winning)\n|raw|diegop10's rating: 1157 &rarr; <strong>1129</strong><br />(-28 for losing)\n",
  "uploadtime": 1776260103,
  "views": 20,
  "formatid": "gen9championsvgc2026regma",
  "rating": 1129,
  "private": 0,
  "password": null
}