{
  "id": "gen9championsvgc2026regma-2583116349",
  "format": "[Gen 9 Champions] VGC 2026 Reg M-A",
  "players": [
    "Bokkimano",
    "LUWITE"
  ],
  "log": "|j|\u2606Bokkimano\n|j|\u2606LUWITE\n|t:|1776143918\n|gametype|doubles\n|player|p1|Bokkimano|skierf|1150\n|player|p2|LUWITE|ghetsis|1063\n|gen|9\n|tier|[Gen 9 Champions] VGC 2026 Reg M-A\n|rated|\n|rule|Species Clause: Limit one of each Pok\u00e9mon\n|rule|Item Clause: Limit 1 of each item\n|clearpoke\n|poke|p1|Floette-Eternal, L50, F|\n|poke|p1|Incineroar, L50, F|\n|poke|p1|Sinistcha, L50|\n|poke|p1|Excadrill, L50, F|\n|poke|p1|Tyranitar, L50, M|\n|poke|p1|Milotic, L50, F|\n|poke|p2|Palafin, L50, M|\n|poke|p2|Clefable, L50, F|\n|poke|p2|Incineroar, L50, F|\n|poke|p2|Gengar, L50, M|\n|poke|p2|Kingambit, L50, F|\n|poke|p2|Dragonite, L50, M|\n|teampreview|4\n|inactive|Battle timer is ON: inactive players will automatically lose when time's up. (requested by Bokkimano)\nLUWITE rejected open team sheets.\n|inactive|LUWITE has 60 seconds left.\n|\n|t:|1776143967\n|teamsize|p1|4\n|teamsize|p2|4\n|start\n|switch|p1a: Excadrill|Excadrill, L50, F, shiny|100/100\n|switch|p1b: Milotic|Milotic, L50, F, shiny|100/100\n|switch|p2a: Palafin|Palafin, L50, M|100/100\n|switch|p2b: Incineroar|Incineroar, L50, F|100/100\n|-ability|p2b: Incineroar|Intimidate|boost\n|-unboost|p1a: Excadrill|atk|1\n|-unboost|p1b: Milotic|atk|1\n|-ability|p1b: Milotic|Competitive|boost\n|-boost|p1b: Milotic|spa|2\n|turn|1\n|\n|t:|1776143981\n|detailschange|p2a: Palafin|Palafin-Hero, L50, M\n|switch|p2a: Clefable|Clefable, L50, F|100/100\n|move|p1a: Excadrill|Protect|p1a: Excadrill\n|-singleturn|p1a: Excadrill|Protect\n|move|p2b: Incineroar|Fake Out|p1b: Milotic\n|-damage|p1b: Milotic|90/100\n|cant|p1b: Milotic|flinch\n|\n|-heal|p1b: Milotic|96/100|[from] item: Leftovers\n|upkeep\n|turn|2\n|\n|t:|1776143996\n|move|p2a: Clefable|Follow Me|p2a: Clefable\n|-singleturn|p2a: Clefable|move: Follow Me\n|move|p1a: Excadrill|Iron Head|p2a: Clefable\n|-supereffective|p2a: Clefable|1\n|-damage|p2a: Clefable|19/100\n|-enditem|p2a: Clefable|Sitrus Berry|[eat]\n|-heal|p2a: Clefable|44/100|[from] item: Sitrus Berry\n|move|p1b: Milotic|Scald|p2a: Clefable\n|-damage|p2a: Clefable|19/100\n|move|p2b: Incineroar|Flare Blitz|p1a: Excadrill\n|-supereffective|p1a: Excadrill|1\n|-enditem|p1a: Excadrill|Focus Sash\n|-damage|p1a: Excadrill|1/100\n|-damage|p2b: Incineroar|70/100|[from] Recoil\n|\n|-heal|p1b: Milotic|100/100|[from] item: Leftovers\n|upkeep\n|turn|3\n|\n|t:|1776144017\n|move|p2a: Clefable|Protect|p2a: Clefable\n|-singleturn|p2a: Clefable|Protect\n|move|p1a: Excadrill|Iron Head|p2a: Clefable\n|-activate|p2a: Clefable|move: Protect\n|move|p1b: Milotic|Scald|p2b: Incineroar\n|-supereffective|p2b: Incineroar|1\n|-damage|p2b: Incineroar|0 fnt\n|faint|p2b: Incineroar\n|\n|upkeep\n|\n|t:|1776144029\n|switch|p2b: Palafin|Palafin-Hero, L50, M|100/100\n|-activate|p2b: Palafin|ability: Zero to Hero\n|turn|4\n|\n|t:|1776144033\n|move|p1a: Excadrill|Protect|p1a: Excadrill\n|-singleturn|p1a: Excadrill|Protect\n|move|p2b: Palafin|Jet Punch|p1a: Excadrill\n|-activate|p1a: Excadrill|move: Protect\n|move|p1b: Milotic|Icy Wind|p2b: Palafin|[spread] p2a,p2b\n|-resisted|p2b: Palafin|1\n|-crit|p2b: Palafin\n|-damage|p2a: Clefable|9/100\n|-damage|p2b: Palafin|85/100\n|-unboost|p2a: Clefable|spe|1\n|-unboost|p2b: Palafin|spe|1\n|move|p2a: Clefable|Life Dew|p2a: Clefable|[spread] p2a,p2b\n|-heal|p2a: Clefable|34/100\n|-heal|p2b: Palafin|100/100\n|\n|upkeep\n|turn|5\n|\n|t:|1776144052\n|switch|p1a: Sinistcha|Sinistcha, L50|100/100\n|move|p1b: Milotic|Scald|p2a: Clefable\n|-damage|p2a: Clefable|4/100\n|-status|p2a: Clefable|brn\n|move|p2b: Palafin|Bulk Up|p2b: Palafin\n|-boost|p2b: Palafin|atk|1\n|-boost|p2b: Palafin|def|1\n|move|p2a: Clefable|Life Dew||[still]|[spread] p2a,p2b\n|-heal|p2a: Clefable|29/100 brn\n|-fail|p2b: Palafin|heal\n|\n|-damage|p2a: Clefable|23/100 brn|[from] brn\n|upkeep\n|turn|6\n|\n|t:|1776144077\n|move|p2b: Palafin|Protect|p2b: Palafin\n|-singleturn|p2b: Palafin|Protect\n|move|p1b: Milotic|Scald|p2b: Palafin\n|-activate|p2b: Palafin|move: Protect\n|move|p1a: Sinistcha|Matcha Gotcha|p2b: Palafin|[spread] p2a\n|-activate|p2b: Palafin|move: Protect\n|-damage|p2a: Clefable|2/100 brn\n|move|p2a: Clefable|Moonblast|p1a: Sinistcha\n|-damage|p1a: Sinistcha|72/100\n|\n|-damage|p2a: Clefable|0 fnt|[from] brn\n|faint|p2a: Clefable\n|upkeep\n|\n|t:|1776144091\n|switch|p2a: Kingambit|Kingambit, L50, F|100/100\n|turn|7\n|\n|t:|1776144097\n|move|p1b: Milotic|Scald|p2a: Kingambit\n|-damage|p2a: Kingambit|20/100\n|move|p2a: Kingambit|Kowtow Cleave|p1a: Sinistcha\n|-supereffective|p1a: Sinistcha|1\n|-damage|p1a: Sinistcha|0 fnt\n|faint|p1a: Sinistcha\n|move|p2b: Palafin|Drain Punch|p1b: Milotic\n|-damage|p1b: Milotic|54/100\n|\n|-heal|p1b: Milotic|60/100|[from] item: Leftovers\n|upkeep\n|\n|t:|1776144106\n|switch|p1a: Tyranitar|Tyranitar, L50, M|100/100\n|-weather|Sandstorm|[from] ability: Sand Stream|[of] p1a: Tyranitar\n|turn|8\n|\n|t:|1776144119\n|detailschange|p1a: Tyranitar|Tyranitar-Mega, L50, M\n|-mega|p1a: Tyranitar|Tyranitar|Tyranitarite\n|move|p2a: Kingambit|Sucker Punch|p1b: Milotic\n|-damage|p1b: Milotic|13/100\n|move|p1a: Tyranitar|Knock Off|p2b: Palafin\n|-damage|p2b: Palafin|62/100\n|-enditem|p2b: Palafin|Lum Berry|[from] move: Knock Off|[of] p1a: Tyranitar\n|move|p1b: Milotic|Scald|p2a: Kingambit\n|-damage|p2a: Kingambit|0 fnt\n|faint|p2a: Kingambit\n|move|p2b: Palafin|Drain Punch|p1a: Tyranitar\n|-supereffective|p1a: Tyranitar|2\n|-damage|p1a: Tyranitar|0 fnt\n|-heal|p2b: Palafin|100/100|[from] drain|[of] p1a: Tyranitar\n|faint|p1a: Tyranitar\n|\n|-weather|Sandstorm|[upkeep]\n|-damage|p1b: Milotic|7/100|[from] Sandstorm\n|-damage|p2b: Palafin|95/100|[from] Sandstorm\n|-heal|p1b: Milotic|13/100|[from] item: Leftovers\n|upkeep\n|\n|t:|1776144128\n|switch|p1a: Excadrill|Excadrill, L50, F, shiny|1/100\n|turn|9\n|\n|t:|1776144138\n|move|p1a: Excadrill|High Horsepower|p2b: Palafin\n|-damage|p2b: Palafin|56/100\n|move|p1b: Milotic|Recover|p1b: Milotic\n|-heal|p1b: Milotic|63/100\n|move|p2b: Palafin|Drain Punch|p1b: Milotic\n|-damage|p1b: Milotic|10/100\n|-heal|p2b: Palafin|87/100|[from] drain|[of] p1b: Milotic\n|\n|-weather|Sandstorm|[upkeep]\n|-damage|p1b: Milotic|4/100|[from] Sandstorm\n|-damage|p2b: Palafin|81/100|[from] Sandstorm\n|-heal|p1b: Milotic|10/100|[from] item: Leftovers\n|upkeep\n|turn|10\n|\n|t:|1776144163\n|move|p2b: Palafin|Jet Punch|p1b: Milotic\n|-resisted|p1b: Milotic|1\n|-crit|p1b: Milotic\n|-damage|p1b: Milotic|0 fnt\n|faint|p1b: Milotic\n|move|p1a: Excadrill|High Horsepower|p2b: Palafin\n|-damage|p2b: Palafin|43/100\n|\n|-weather|Sandstorm|[upkeep]\n|-damage|p2b: Palafin|37/100|[from] Sandstorm\n|upkeep\n|turn|11\n|\n|t:|1776144170\n|move|p1a: Excadrill|Protect|p1a: Excadrill\n|-singleturn|p1a: Excadrill|Protect\n|move|p2b: Palafin|Jet Punch|p1a: Excadrill\n|-activate|p1a: Excadrill|move: Protect\n|\n|-weather|Sandstorm|[upkeep]\n|-damage|p2b: Palafin|31/100|[from] Sandstorm\n|upkeep\n|turn|12\n|\n|t:|1776144176\n|move|p1a: Excadrill|Protect||[still]\n|-fail|p1a: Excadrill\n|move|p2b: Palafin|Jet Punch|p1a: Excadrill\n|-supereffective|p1a: Excadrill|1\n|-damage|p1a: Excadrill|0 fnt\n|faint|p1a: Excadrill\n|\n|win|LUWITE\n|raw|Bokkimano's rating: 1150 &rarr; <strong>1119</strong><br />(-31 for losing)\n|raw|LUWITE's rating: 1063 &rarr; <strong>1101</strong><br />(+38 for winning)\n|l|\u2606Bokkimano\n|player|p1|\n|j| Zzalen\n|l| Zzalen\n",
  "uploadtime": 1776144195,
  "views": 17,
  "formatid": "gen9championsvgc2026regma",
  "rating": 1101,
  "private": 0,
  "password": null
}