{
  "id": "gen9championsvgc2026regma-2581816419",
  "format": "[Gen 9 Champions] VGC 2026 Reg M-A",
  "players": [
    "HappyW",
    "Obamna4"
  ],
  "log": "|j|\u2606HappyW\n|j|\u2606Obamna4\n|t:|1776030743\n|gametype|doubles\n|player|p1|HappyW|akari|1211\n|player|p2|Obamna4|265|1298\n|gen|9\n|tier|[Gen 9 Champions] VGC 2026 Reg M-A\n|rated|\n|rule|Species Clause: Limit one of each Pok\u00e9mon\n|rule|Item Clause: Limit 1 of each item\n|clearpoke\n|poke|p1|Sneasler, L50, M|\n|poke|p1|Delphox, L50, M|\n|poke|p1|Whimsicott, L50, M|\n|poke|p1|Rotom-Wash, L50|\n|poke|p1|Kingambit, L50, F|\n|poke|p1|Dragonite, L50, M|\n|poke|p2|Excadrill, L50, F|\n|poke|p2|Tyranitar, L50, F|\n|poke|p2|Sneasler, L50, M|\n|poke|p2|Typhlosion-Hisui, L50, M|\n|poke|p2|Whimsicott, L50, F|\n|poke|p2|Primarina, L50, F|\n|teampreview|4\n|inactive|Battle timer is ON: inactive players will automatically lose when time's up. (requested by HappyW)\n|inactive|Obamna4 has 60 seconds left.\n|\n|t:|1776030779\n|teamsize|p1|4\n|teamsize|p2|4\n|start\n|switch|p1a: Whimsicott|Whimsicott, L50, M|100/100\n|switch|p1b: Sneasler|Sneasler, L50, M|100/100\n|switch|p2a: Whimsicott|Whimsicott, L50, F|100/100\n|switch|p2b: Primarina|Primarina, L50, F, shiny|100/100\n|turn|1\n|\n|t:|1776030794\n|switch|p2b: Excadrill|Excadrill, L50, F, shiny|100/100\n|move|p2a: Whimsicott|Tailwind|p2a: Whimsicott\n|-sidestart|p2: Obamna4|move: Tailwind\n|move|p1b: Sneasler|Dire Claw|p2b: Excadrill\n|-immune|p2b: Excadrill\n|move|p1a: Whimsicott|Moonblast|p2a: Whimsicott\n|-crit|p2a: Whimsicott\n|-damage|p2a: Whimsicott|25/100\n|-unboost|p2a: Whimsicott|spa|1\n|\n|upkeep\n|turn|2\n|\n|t:|1776030812\n|move|p1b: Sneasler|Protect|p1b: Sneasler\n|-singleturn|p1b: Sneasler|Protect\n|move|p2a: Whimsicott|Encore|p1b: Sneasler\n|-activate|p1b: Sneasler|move: Protect\n|move|p2b: Excadrill|Iron Head|p1a: Whimsicott\n|-supereffective|p1a: Whimsicott|1\n|-crit|p1a: Whimsicott\n|-enditem|p1a: Whimsicott|Focus Sash\n|-damage|p1a: Whimsicott|1/100\n|move|p1a: Whimsicott|Moonblast|p2a: Whimsicott\n|-damage|p2a: Whimsicott|0 fnt\n|faint|p2a: Whimsicott\n|\n|upkeep\n|\n|t:|1776030822\n|switch|p2a: Tyranitar|Tyranitar, L50, F, shiny|100/100\n|-weather|Sandstorm|[from] ability: Sand Stream|[of] p2a: Tyranitar\n|turn|3\n|\n|t:|1776030838\n|switch|p1b: Rotom|Rotom-Wash, L50|100/100\n|detailschange|p2a: Tyranitar|Tyranitar-Mega, L50, F, shiny\n|-mega|p2a: Tyranitar|Tyranitar|Tyranitarite\n|move|p1a: Whimsicott|Tailwind|p1a: Whimsicott\n|-sidestart|p1: HappyW|move: Tailwind\n|move|p2b: Excadrill|High Horsepower|p1b: Rotom\n|-immune|p1b: Rotom|[from] ability: Levitate\n|move|p2a: Tyranitar|Dragon Dance|p2a: Tyranitar\n|-boost|p2a: Tyranitar|atk|1\n|-boost|p2a: Tyranitar|spe|1\n|\n|-weather|Sandstorm|[upkeep]\n|-damage|p1a: Whimsicott|0 fnt|[from] Sandstorm\n|-damage|p1b: Rotom|94/100|[from] Sandstorm\n|faint|p1a: Whimsicott\n|-heal|p1b: Rotom|100/100|[from] item: Leftovers\n|upkeep\n|\n|t:|1776030853\n|switch|p1a: Delphox|Delphox, L50, M|100/100\n|turn|4\n|\n|t:|1776030876\n|move|p2b: Excadrill|Protect|p2b: Excadrill\n|-singleturn|p2b: Excadrill|Protect\n|move|p1a: Delphox|Protect|p1a: Delphox\n|-singleturn|p1a: Delphox|Protect\n|move|p1b: Rotom|Protect|p1b: Rotom\n|-singleturn|p1b: Rotom|Protect\n|move|p2a: Tyranitar|Dragon Dance|p2a: Tyranitar\n|-boost|p2a: Tyranitar|atk|1\n|-boost|p2a: Tyranitar|spe|1\n|\n|-weather|Sandstorm|[upkeep]\n|-damage|p1a: Delphox|95/100|[from] Sandstorm\n|-damage|p1b: Rotom|94/100|[from] Sandstorm\n|-heal|p1b: Rotom|100/100|[from] item: Leftovers\n|-sideend|p2: Obamna4|move: Tailwind\n|upkeep\n|turn|5\n|\n|t:|1776030894\n|switch|p2b: Primarina|Primarina, L50, F, shiny|100/100\n|detailschange|p1a: Delphox|Delphox-Mega, L50, M\n|-mega|p1a: Delphox|Delphox|Delphoxite\n|move|p1a: Delphox|Encore|p2a: Tyranitar\n|-start|p2a: Tyranitar|Encore\n|move|p2a: Tyranitar|Dragon Dance|p2a: Tyranitar\n|-boost|p2a: Tyranitar|atk|1\n|-boost|p2a: Tyranitar|spe|1\n|move|p1b: Rotom|Hydro Pump|p2b: Primarina\n|-resisted|p2b: Primarina|1\n|-damage|p2b: Primarina|81/100\n|\n|-weather|Sandstorm|[upkeep]\n|-damage|p1a: Delphox|89/100|[from] Sandstorm\n|-damage|p1b: Rotom|94/100|[from] Sandstorm\n|-damage|p2b: Primarina|75/100|[from] Sandstorm\n|-heal|p1b: Rotom|100/100|[from] item: Leftovers\n|-heal|p2b: Primarina|81/100|[from] item: Leftovers\n|upkeep\n|turn|6\n|\n|t:|1776030915\n|switch|p1a: Sneasler|Sneasler, L50, M|100/100\n|move|p2a: Tyranitar|Dragon Dance|p2a: Tyranitar\n|-boost|p2a: Tyranitar|atk|1\n|-boost|p2a: Tyranitar|spe|1\n|move|p1b: Rotom|Will-O-Wisp|p2a: Tyranitar\n|-status|p2a: Tyranitar|brn\n|move|p2b: Primarina|Hyper Voice|p1b: Rotom|[spread] p1a,p1b\n|-resisted|p1b: Rotom|1\n|-damage|p1a: Sneasler|55/100\n|-damage|p1b: Rotom|81/100\n|\n|-weather|Sandstorm|[upkeep]\n|-damage|p1a: Sneasler|49/100|[from] Sandstorm\n|-damage|p1b: Rotom|75/100|[from] Sandstorm\n|-damage|p2b: Primarina|75/100|[from] Sandstorm\n|-heal|p1b: Rotom|81/100|[from] item: Leftovers\n|-heal|p2b: Primarina|81/100|[from] item: Leftovers\n|-damage|p2a: Tyranitar|94/100 brn|[from] brn\n|-sideend|p1: HappyW|move: Tailwind\n|upkeep\n|turn|7\n|\n|t:|1776030930\n|move|p2a: Tyranitar|Dragon Dance|p2a: Tyranitar\n|-boost|p2a: Tyranitar|atk|1\n|-boost|p2a: Tyranitar|spe|1\n|move|p1a: Sneasler|Close Combat|p2a: Tyranitar\n|-supereffective|p2a: Tyranitar|2\n|-damage|p2a: Tyranitar|0 fnt\n|-unboost|p1a: Sneasler|def|1\n|-unboost|p1a: Sneasler|spd|1\n|faint|p2a: Tyranitar\n|-enditem|p1a: Sneasler|White Herb\n|-clearnegativeboost|p1a: Sneasler|[silent]\n|move|p1b: Rotom|Thunderbolt|p2b: Primarina\n|-supereffective|p2b: Primarina|1\n|-damage|p2b: Primarina|16/100\n|move|p2b: Primarina|Hyper Voice|p1a: Sneasler|[spread] p1a,p1b\n|-resisted|p1b: Rotom|1\n|-damage|p1a: Sneasler|0 fnt\n|-damage|p1b: Rotom|64/100\n|faint|p1a: Sneasler\n|\n|-weather|none\n|-heal|p1b: Rotom|70/100|[from] item: Leftovers\n|-heal|p2b: Primarina|22/100|[from] item: Leftovers\n|upkeep\n|-message|Obamna4 forfeited.\n|\n|win|HappyW\n|raw|HappyW's rating: 1211 &rarr; <strong>1242</strong><br />(+31 for winning)\n|raw|Obamna4's rating: 1298 &rarr; <strong>1267</strong><br />(-31 for losing)\n|l|\u2606Obamna4\n|player|p2|\n",
  "uploadtime": 1776030948,
  "views": 33,
  "formatid": "gen9championsvgc2026regma",
  "rating": 1242,
  "private": 0,
  "password": null
}