{
  "id": "gen9championsvgc2026regma-2586399844",
  "format": "[Gen 9 Champions] VGC 2026 Reg M-A",
  "players": [
    "ChronicNikos",
    "londi g"
  ],
  "log": "|j|\u2606ChronicNikos\n|j|\u2606londi g\n|t:|1776431939\n|gametype|doubles\n|player|p1|ChronicNikos|cynthia-gen4|1440\n|player|p2|londi g|colress|1419\n|gen|9\n|tier|[Gen 9 Champions] VGC 2026 Reg M-A\n|rated|\n|rule|Species Clause: Limit one of each Pok\u00e9mon\n|rule|Item Clause: Limit 1 of each item\n|clearpoke\n|poke|p1|Gengar, L50, F|\n|poke|p1|Incineroar, L50, M|\n|poke|p1|Politoed, L50, M|\n|poke|p1|Archaludon, L50, F|\n|poke|p1|Basculegion, L50, M|\n|poke|p1|Meganium, L50, M|\n|poke|p2|Gardevoir, L50, M|\n|poke|p2|Meowstic, L50, M|\n|poke|p2|Sneasler, L50, F|\n|poke|p2|Whimsicott, L50, F|\n|poke|p2|Alcremie, L50, F|\n|poke|p2|Garchomp, L50, F|\n|teampreview|4\nChronicNikos has agreed to open team sheets.\n|j| GentleH\n|l| GentleH\n|j| GentleH\n|inactive|Battle timer is ON: inactive players will automatically lose when time's up. (requested by ChronicNikos)\n|\n|t:|1776431997\n|teamsize|p1|4\n|teamsize|p2|4\n|start\n|switch|p1a: Tri-Hard|Basculegion, L50, M|100/100\n|switch|p1b: I May Fall|Politoed, L50, M|100/100\n|switch|p2a: Whimsicott|Whimsicott, L50, F|100/100\n|switch|p2b: Sneasler|Sneasler, L50, F|100/100\n|-weather|RainDance|[from] ability: Drizzle|[of] p1b: I May Fall\n|turn|1\n|inactive|ChronicNikos has 30 seconds left.\n|inactive|ChronicNikos has 20 seconds left.\n|\n|t:|1776432037\n|move|p2a: Whimsicott|Tailwind|p2a: Whimsicott\n|-sidestart|p2: londi g|move: Tailwind\n|move|p2b: Sneasler|Dire Claw|p1a: Tri-Hard\n|-resisted|p1a: Tri-Hard|1\n|-damage|p1a: Tri-Hard|74/100\n|move|p1a: Tri-Hard|Flip Turn|p2b: Sneasler\n|-damage|p2b: Sneasler|0 fnt\n|faint|p2b: Sneasler\n|\n|t:|1776432045\n|switch|p1a: I Burn|Incineroar, L50, M|100/100|[from] Flip Turn\n|-ability|p1a: I Burn|Intimidate|boost\n|-unboost|p2a: Whimsicott|atk|1\n|move|p1b: I May Fall|Weather Ball|p2a: Whimsicott\n|-resisted|p2a: Whimsicott|1\n|-damage|p2a: Whimsicott|65/100\n|\n|-weather|RainDance|[upkeep]\n|upkeep\n|\n|t:|1776432055\n|switch|p2b: Gardevoir|Gardevoir, L50, M|100/100\n|-ability|p2b: Gardevoir|Intimidate|Trace|[from] ability: Trace|[of] p1a: I Burn\n|-ability|p2b: Gardevoir|Intimidate|boost\n|-unboost|p1a: I Burn|atk|1\n|-unboost|p1b: I May Fall|atk|1\n|turn|2\n|\n|t:|1776432076\n|detailschange|p2b: Gardevoir|Gardevoir-Mega, L50, M\n|-mega|p2b: Gardevoir|Gardevoir|Gardevoirite\n|move|p1a: I Burn|Fake Out|p2b: Gardevoir\n|-damage|p2b: Gardevoir|89/100\n|move|p2a: Whimsicott|Moonblast|p1a: I Burn\n|-damage|p1a: I Burn|82/100\n|cant|p2b: Gardevoir|flinch\n|move|p1b: I May Fall|Perish Song|p1b: I May Fall\n|-start|p1a: I Burn|perish3|[silent]\n|-start|p1b: I May Fall|perish3|[silent]\n|-start|p2a: Whimsicott|perish3|[silent]\n|-start|p2b: Gardevoir|perish3|[silent]\n|-fieldactivate|move: Perish Song\n|\n|-weather|RainDance|[upkeep]\n|-start|p2a: Whimsicott|perish3\n|-start|p2b: Gardevoir|perish3\n|-start|p1b: I May Fall|perish3\n|-start|p1a: I Burn|perish3\n|upkeep\n|turn|3\n|\n|t:|1776432094\n|move|p2a: Whimsicott|Helping Hand|p2b: Gardevoir\n|-singleturn|p2b: Gardevoir|Helping Hand|[of] p2a: Whimsicott\n|move|p1b: I May Fall|Protect|p1b: I May Fall\n|-singleturn|p1b: I May Fall|Protect\n|move|p1a: I Burn|Protect|p1a: I Burn\n|-singleturn|p1a: I Burn|Protect\n|move|p2b: Gardevoir|Hyper Voice|p1b: I May Fall|[spread] \n|-activate|p1a: I Burn|move: Protect\n|-activate|p1b: I May Fall|move: Protect\n|\n|-weather|RainDance|[upkeep]\n|-start|p2a: Whimsicott|perish2\n|-start|p2b: Gardevoir|perish2\n|-start|p1b: I May Fall|perish2\n|-start|p1a: I Burn|perish2\n|upkeep\n|turn|4\n|inactive|ChronicNikos has 30 seconds left.\n|inactive|ChronicNikos has 20 seconds left.\n|inactive|ChronicNikos has 15 seconds left.\n|\n|t:|1776432136\n|switch|p2b: Garchomp|Garchomp, L50, F|100/100\n|move|p2a: Whimsicott|Encore|p1b: I May Fall\n|-start|p1b: I May Fall|Encore\n|move|p1b: I May Fall|Protect||[still]\n|-fail|p1b: I May Fall\n|move|p1a: I Burn|Parting Shot|p2b: Garchomp\n|-unboost|p2b: Garchomp|atk|1\n|-unboost|p2b: Garchomp|spa|1\n|\n|t:|1776432156\n|switch|p1a: PetalBurst|Meganium, L50, M|100/100|[from] Parting Shot\n|\n|-weather|RainDance|[upkeep]\n|-start|p2a: Whimsicott|perish1\n|-start|p1b: I May Fall|perish1\n|-sideend|p2: londi g|move: Tailwind\n|upkeep\n|turn|5\n|inactive|ChronicNikos has 30 seconds left.\n|inactive|ChronicNikos has 20 seconds left.\n|\n|t:|1776432194\n|switch|p2a: Gardevoir|Gardevoir-Mega, L50, M|89/100\n|switch|p1b: Tri-Hard|Basculegion, L50, M|74/100\n|detailschange|p1a: PetalBurst|Meganium-Mega, L50, M\n|-mega|p1a: PetalBurst|Meganium|Meganiumite\n|move|p2b: Garchomp|Protect|p2b: Garchomp\n|-singleturn|p2b: Garchomp|Protect\n|move|p1a: PetalBurst|Solar Beam||[still]\n|-prepare|p1a: PetalBurst|Solar Beam\n|-activate|p1a: PetalBurst|ability: Mega Sol\n|-anim|p1a: PetalBurst|Solar Beam|p2a: Gardevoir\n|-damage|p2a: Gardevoir|21/100\n|\n|-weather|none\n|upkeep\n|turn|6\n|inactive|ChronicNikos has 30 seconds left.\n|l| GentleH\n|inactive|ChronicNikos has 20 seconds left.\n|inactive|ChronicNikos has 15 seconds left.\n|\n|t:|1776432235\n|move|p1b: Tri-Hard|Flip Turn|p2a: Gardevoir\n|-damage|p2a: Gardevoir|0 fnt\n|faint|p2a: Gardevoir\n|\n|t:|1776432241\n|switch|p1b: I Burn|Incineroar, L50, M|82/100|[from] Flip Turn\n|-ability|p1b: I Burn|Intimidate|boost\n|-unboost|p2b: Garchomp|atk|1\n|move|p2b: Garchomp|Rock Slide|p1b: I Burn|[spread] p1a,p1b\n|-supereffective|p1b: I Burn|1\n|-damage|p1a: PetalBurst|92/100\n|-damage|p1b: I Burn|65/100\n|cant|p1a: PetalBurst|flinch\n|\n|upkeep\n|-message|londi g forfeited.\n|\n|win|ChronicNikos\n|raw|ChronicNikos's rating: 1440 &rarr; <strong>1459</strong><br />(+19 for winning)\n|raw|londi g's rating: 1419 &rarr; <strong>1400</strong><br />(-19 for losing)\n|l|\u2606londi g\n|player|p2|\n",
  "uploadtime": 1776432254,
  "views": 51,
  "formatid": "gen9championsvgc2026regma",
  "rating": 1400,
  "private": 0,
  "password": null
}