{
  "id": "gen9championsvgc2026regma-2587931114",
  "format": "[Gen 9 Champions] VGC 2026 Reg M-A",
  "players": [
    "NickR1",
    "sabmann"
  ],
  "log": "|j|\u2606NickR1\n|j|\u2606sabmann\n|t:|1776580754\n|gametype|doubles\n|player|p1|NickR1|skyla|1193\n|player|p2|sabmann|clerkf|1291\n|gen|9\n|tier|[Gen 9 Champions] VGC 2026 Reg M-A\n|rated|\n|rule|Species Clause: Limit one of each Pok\u00e9mon\n|rule|Item Clause: Limit 1 of each item\n|clearpoke\n|poke|p1|Aerodactyl, L50, M|\n|poke|p1|Gardevoir, L50, F|\n|poke|p1|Incineroar, L50, M|\n|poke|p1|Kingambit, L50, F|\n|poke|p1|Tsareena, L50, F|\n|poke|p1|Sneasler, L50, M|\n|poke|p2|Aerodactyl, L50, F|\n|poke|p2|Meowscarada, L50, M|\n|poke|p2|Incineroar, L50, M|\n|poke|p2|Dragonite, L50, M|\n|poke|p2|Primarina, L50, M|\n|poke|p2|Aegislash, L50, F|\n|teampreview|4\n|\n|t:|1776580800\n|teamsize|p1|4\n|teamsize|p2|4\n|start\n|switch|p1a: Tsareena|Tsareena, L50, F|100/100\n|switch|p1b: Gardevoir|Gardevoir, L50, F|100/100\n|switch|p2a: Meowscarada|Meowscarada, L50, M|100/100\n|switch|p2b: Primarina|Primarina, L50, M|100/100\n|-ability|p1b: Gardevoir|Liquid Voice|Trace|[from] ability: Trace|[of] p2b: Primarina\n|turn|1\n|\n|t:|1776580822\n|detailschange|p1b: Gardevoir|Gardevoir-Mega, L50, F\n|-mega|p1b: Gardevoir|Gardevoir|Gardevoirite\n|move|p2b: Primarina|Protect|p2b: Primarina\n|-singleturn|p2b: Primarina|Protect\n|move|p2a: Meowscarada|U-turn|p1a: Tsareena\n|-start|p2a: Meowscarada|typechange|Bug|[from] ability: Protean\n|-supereffective|p1a: Tsareena|1\n|-damage|p1a: Tsareena|12/100\n|\n|t:|1776580830\n|switch|p2a: Aegislash|Aegislash, L50, F|100/100|[from] U-turn\n|move|p1a: Tsareena|U-turn|p2a: Aegislash\n|-resisted|p2a: Aegislash|2\n|-damage|p2a: Aegislash|96/100\n|\n|t:|1776580837\n|switch|p1a: Kingambit|Kingambit, L50, F|100/100|[from] U-turn\n|move|p1b: Gardevoir|Trick Room|p1b: Gardevoir\n|-fieldstart|move: Trick Room|[of] p1b: Gardevoir\n|\n|upkeep\n|turn|2\n|\n|t:|1776580865\n|switch|p1b: Incineroar|Incineroar, L50, M|100/100\n|-ability|p1b: Incineroar|Intimidate|boost\n|-unboost|p2a: Aegislash|atk|1\n|-unboost|p2b: Primarina|atk|1\n|-enditem|p2a: Aegislash|White Herb\n|-clearnegativeboost|p2a: Aegislash|[silent]\n|move|p2a: Aegislash|King's Shield|p2a: Aegislash\n|-singleturn|p2a: Aegislash|Protect\n|move|p1a: Kingambit|Kowtow Cleave|p2a: Aegislash\n|-activate|p2a: Aegislash|move: Protect\n|-unboost|p1a: Kingambit|atk|1\n|-ability|p1a: Kingambit|Defiant|boost\n|-boost|p1a: Kingambit|atk|2\n|move|p2b: Primarina|Moonblast|p1a: Kingambit\n|-damage|p1a: Kingambit|49/100\n|\n|upkeep\n|turn|3\n|\n|t:|1776580892\n|switch|p2a: Dragonite|Dragonite, L50, M|100/100\n|move|p1b: Incineroar|Fake Out|p2b: Primarina\n|-damage|p2b: Primarina|87/100\n|move|p1a: Kingambit|Kowtow Cleave|p2a: Dragonite\n|-damage|p2a: Dragonite|47/100\n|cant|p2b: Primarina|flinch\n|\n|-heal|p2b: Primarina|93/100|[from] item: Leftovers\n|upkeep\n|turn|4\n|inactive|Battle timer is ON: inactive players will automatically lose when time's up. (requested by sabmann)\n|\n|t:|1776580940\n|detailschange|p2a: Dragonite|Dragonite-Mega, L50, M\n|-mega|p2a: Dragonite|Dragonite|Dragoninite\n|move|p2a: Dragonite|Protect|p2a: Dragonite\n|-singleturn|p2a: Dragonite|Protect\n|move|p1a: Kingambit|Kowtow Cleave|p2a: Dragonite\n|-activate|p2a: Dragonite|move: Protect\n|move|p2b: Primarina|Hyper Voice|p1b: Incineroar|[spread] p1a,p1b\n|-supereffective|p1b: Incineroar|1\n|-damage|p1a: Kingambit|13/100\n|-damage|p1b: Incineroar|35/100\n|-enditem|p1b: Incineroar|Sitrus Berry|[eat]\n|-heal|p1b: Incineroar|60/100|[from] item: Sitrus Berry\n|move|p1b: Incineroar|Parting Shot|p2b: Primarina\n|-unboost|p2b: Primarina|atk|1\n|-unboost|p2b: Primarina|spa|1\n|\n|t:|1776580955\n|switch|p1b: Gardevoir|Gardevoir-Mega, L50, F|100/100|[from] Parting Shot\n|\n|-heal|p2b: Primarina|99/100|[from] item: Leftovers\n|upkeep\n|turn|5\n|\n|t:|1776580971\n|move|p2a: Dragonite|Protect||[still]\n|-fail|p2a: Dragonite\n|move|p1a: Kingambit|Kowtow Cleave|p2a: Dragonite\n|-damage|p2a: Dragonite|0 fnt\n|faint|p2a: Dragonite\n|move|p2b: Primarina|Moonblast|p1a: Kingambit\n|-damage|p1a: Kingambit|0 fnt\n|faint|p1a: Kingambit\n|move|p1b: Gardevoir|Hyper Voice|p2b: Primarina\n|-damage|p2b: Primarina|39/100\n|\n|-heal|p2b: Primarina|45/100|[from] item: Leftovers\n|-fieldend|move: Trick Room\n|upkeep\n|\n|t:|1776580986\n|switch|p2a: Meowscarada|Meowscarada, L50, M|100/100\n|switch|p1a: Incineroar|Incineroar, L50, M|60/100\n|-ability|p1a: Incineroar|Intimidate|boost\n|-unboost|p2a: Meowscarada|atk|1\n|-unboost|p2b: Primarina|atk|1\n|turn|6\n|\n|t:|1776581010\n|move|p2b: Primarina|Protect|p2b: Primarina\n|-singleturn|p2b: Primarina|Protect\n|move|p1a: Incineroar|Fake Out|p2a: Meowscarada\n|-damage|p2a: Meowscarada|83/100\n|cant|p2a: Meowscarada|flinch\n|move|p1b: Gardevoir|Hyper Voice|p2a: Meowscarada|[spread] p2a\n|-activate|p2b: Primarina|move: Protect\n|-supereffective|p2a: Meowscarada|1\n|-damage|p2a: Meowscarada|0 fnt\n|faint|p2a: Meowscarada\n|\n|-heal|p2b: Primarina|51/100|[from] item: Leftovers\n|upkeep\n|\n|t:|1776581021\n|switch|p2a: Aegislash|Aegislash, L50, F|96/100\n|turn|7\n|inactive|NickR1 has 30 seconds left.\n|inactive|NickR1 has 20 seconds left.\n|inactive|NickR1 has 15 seconds left.\n|\n|t:|1776581062\n|move|p1b: Gardevoir|Protect|p1b: Gardevoir\n|-singleturn|p1b: Gardevoir|Protect\n|move|p2a: Aegislash|King's Shield|p2a: Aegislash\n|-singleturn|p2a: Aegislash|Protect\n|move|p1a: Incineroar|Parting Shot|p2a: Aegislash\n|-unboost|p2a: Aegislash|atk|1\n|-unboost|p2a: Aegislash|spa|1\n|\n|t:|1776581072\n|switch|p1a: Tsareena|Tsareena, L50, F|12/100|[from] Parting Shot\n|move|p2b: Primarina|Hyper Voice|p1a: Tsareena|[spread] p1a\n|-activate|p1b: Gardevoir|move: Protect\n|-resisted|p1a: Tsareena|1\n|-damage|p1a: Tsareena|0 fnt\n|faint|p1a: Tsareena\n|\n|-heal|p2b: Primarina|57/100|[from] item: Leftovers\n|upkeep\n|\n|t:|1776581079\n|switch|p1a: Incineroar|Incineroar, L50, M|60/100\n|-ability|p1a: Incineroar|Intimidate|boost\n|-unboost|p2a: Aegislash|atk|1\n|-unboost|p2b: Primarina|atk|1\n|turn|8\n|\n|t:|1776581102\n|move|p2b: Primarina|Protect|p2b: Primarina\n|-singleturn|p2b: Primarina|Protect\n|-formechange|p2a: Aegislash|Aegislash-Blade|\n|move|p2a: Aegislash|Shadow Sneak|p1b: Gardevoir\n|-supereffective|p1b: Gardevoir|1\n|-damage|p1b: Gardevoir|72/100\n|move|p1b: Gardevoir|Hyper Voice|p2a: Aegislash|[spread] p2a\n|-activate|p2b: Primarina|move: Protect\n|-resisted|p2a: Aegislash|1\n|-damage|p2a: Aegislash|50/100\n|move|p1a: Incineroar|Flare Blitz|p2a: Aegislash\n|-supereffective|p2a: Aegislash|1\n|-damage|p2a: Aegislash|0 fnt\n|faint|p2a: Aegislash\n|-damage|p1a: Incineroar|47/100|[from] Recoil\n|\n|-heal|p2b: Primarina|63/100|[from] item: Leftovers\n|upkeep\n|turn|9\n|\n|t:|1776581118\n|move|p1b: Gardevoir|Hyper Voice|p2b: Primarina\n|-damage|p2b: Primarina|7/100\n|move|p1a: Incineroar|Darkest Lariat|p2b: Primarina\n|-resisted|p2b: Primarina|1\n|-damage|p2b: Primarina|0 fnt\n|faint|p2b: Primarina\n|\n|win|NickR1\n|raw|NickR1's rating: 1193 &rarr; <strong>1225</strong><br />(+32 for winning)\n|raw|sabmann's rating: 1291 &rarr; <strong>1259</strong><br />(-32 for losing)\n|l|\u2606sabmann\n|player|p2|\n",
  "uploadtime": 1776581288,
  "views": 20,
  "formatid": "gen9championsvgc2026regma",
  "rating": 1225,
  "private": 0,
  "password": null
}