{
  "id": "gen9championsvgc2026regma-2584409625",
  "format": "[Gen 9 Champions] VGC 2026 Reg M-A",
  "players": [
    "Jah_08",
    "micmol"
  ],
  "log": "|j|\u2606Jah_08\n|j|\u2606micmol\n|t:|1776258826\n|gametype|doubles\n|player|p1|Jah_08|alder|1336\n|player|p2|micmol|102|1296\n|gen|9\n|tier|[Gen 9 Champions] VGC 2026 Reg M-A\n|rated|\n|rule|Species Clause: Limit one of each Pok\u00e9mon\n|rule|Item Clause: Limit 1 of each item\n|clearpoke\n|poke|p1|Excadrill, L50, M|\n|poke|p1|Whimsicott, L50, M|\n|poke|p1|Chandelure, L50, M|\n|poke|p1|Zoroark-Hisui, L50, M|\n|poke|p1|Basculegion, L50, M|\n|poke|p1|Krookodile, L50, M|\n|poke|p2|Tyranitar, L50, F|\n|poke|p2|Gourgeist-*, L50, M|\n|poke|p2|Incineroar, L50, F|\n|poke|p2|Empoleon, L50, F|\n|poke|p2|Orthworm, L50, M|\n|poke|p2|Volcarona, L50, M|\n|teampreview|4\n|\n|t:|1776258859\n|teamsize|p1|4\n|teamsize|p2|4\n|start\n|switch|p1a: Excadrill|Excadrill, L50, M|100/100\n|switch|p1b: Basculegion|Basculegion, L50, M|100/100\n|switch|p2a: Gourgeist|Gourgeist-Super, L50, M|100/100\n|switch|p2b: Tyranitar|Tyranitar, L50, F|100/100\n|-weather|Sandstorm|[from] ability: Sand Stream|[of] p2b: Tyranitar\n|turn|1\n|inactive|Battle timer is ON: inactive players will automatically lose when time's up. (requested by Jah_08)\n|\n|t:|1776258879\n|detailschange|p2b: Tyranitar|Tyranitar-Mega, L50, F\n|-mega|p2b: Tyranitar|Tyranitar|Tyranitarite\n|move|p2b: Tyranitar|Protect|p2b: Tyranitar\n|-singleturn|p2b: Tyranitar|Protect\n|move|p1b: Basculegion|Flip Turn|p2b: Tyranitar\n|-activate|p2b: Tyranitar|move: Protect\n|move|p1a: Excadrill|Shadow Ball|p2a: Gourgeist\n|-supereffective|p2a: Gourgeist|1\n|-enditem|p2a: Gourgeist|Kasib Berry|[eat]\n|-enditem|p2a: Gourgeist|Kasib Berry|[weaken]\n|-damage|p2a: Gourgeist|58/100\n|-unboost|p2a: Gourgeist|spd|1\n|move|p2a: Gourgeist|Trick Room|p2a: Gourgeist\n|-fieldstart|move: Trick Room|[of] p2a: Gourgeist\n|\n|-weather|Sandstorm|[upkeep]\n|-damage|p2a: Gourgeist|52/100|[from] Sandstorm\n|-damage|p1a: Excadrill|94/100|[from] Sandstorm\n|-damage|p1b: Basculegion|94/100|[from] Sandstorm\n|upkeep\n|turn|2\n|inactive|micmol has 30 seconds left.\n|\n|t:|1776258910\n|switch|p1b: Krookodile|Krookodile, L50, M|100/100\n|-ability|p1b: Krookodile|Intimidate|boost\n|-unboost|p2a: Gourgeist|atk|1\n|-unboost|p2b: Tyranitar|atk|1\n|move|p2a: Gourgeist|Seed Bomb|p1b: Krookodile\n|-supereffective|p1b: Krookodile|1\n|-damage|p1b: Krookodile|51/100\n|move|p2b: Tyranitar|Rock Slide|p1b: Krookodile|[spread] p1a,p1b\n|-resisted|p1b: Krookodile|1\n|-damage|p1a: Excadrill|41/100\n|-damage|p1b: Krookodile|36/100\n|replace|p1a: Zoroark|Zoroark-Hisui, L50, M\n|-end|p1a: Zoroark|Illusion\n|cant|p1a: Zoroark|flinch\n|\n|-weather|Sandstorm|[upkeep]\n|-damage|p2a: Gourgeist|47/100|[from] Sandstorm\n|-damage|p1a: Zoroark|35/100|[from] Sandstorm\n|upkeep\n|turn|3\n|\n|t:|1776258932\n|move|p1a: Zoroark|Protect|p1a: Zoroark\n|-singleturn|p1a: Zoroark|Protect\n|move|p2a: Gourgeist|Seed Bomb|p1b: Krookodile\n|-supereffective|p1b: Krookodile|1\n|-crit|p1b: Krookodile\n|-damage|p1b: Krookodile|0 fnt\n|faint|p1b: Krookodile\n|move|p2b: Tyranitar|Rock Slide|p1a: Zoroark\n|-activate|p1a: Zoroark|move: Protect\n|\n|-weather|Sandstorm|[upkeep]\n|-damage|p2a: Gourgeist|41/100|[from] Sandstorm\n|-damage|p1a: Zoroark|29/100|[from] Sandstorm\n|upkeep\n|\n|t:|1776258947\n|switch|p1b: Excadrill|Excadrill, L50, M|100/100\n|-ability|p1b: Excadrill|Mold Breaker\n|turn|4\n|\n|t:|1776258960\n|switch|p2b: Orthworm|Orthworm, L50, M|100/100\n|move|p2a: Gourgeist|Seed Bomb|p1a: Zoroark\n|-damage|p1a: Zoroark|0 fnt\n|faint|p1a: Zoroark\n|move|p1b: Excadrill|Iron Head|p2a: Gourgeist\n|-damage|p2a: Gourgeist|6/100\n|\n|-weather|Sandstorm|[upkeep]\n|-damage|p2a: Gourgeist|0 fnt|[from] Sandstorm\n|faint|p2a: Gourgeist\n|upkeep\n|\n|t:|1776258975\n|switch|p2a: Tyranitar|Tyranitar-Mega, L50, F|100/100\n|switch|p1a: Basculegion|Basculegion, L50, M|94/100\n|turn|5\n|\n|t:|1776258999\n|move|p2b: Orthworm|Iron Defense|p2b: Orthworm\n|-boost|p2b: Orthworm|def|2\n|move|p2a: Tyranitar|Knock Off|p1a: Basculegion\n|-supereffective|p1a: Basculegion|1\n|-damage|p1a: Basculegion|0 fnt\n|-enditem|p1a: Basculegion|Choice Scarf|[from] move: Knock Off|[of] p2a: Tyranitar\n|faint|p1a: Basculegion\n|move|p1b: Excadrill|Iron Head|p2a: Tyranitar\n|-supereffective|p2a: Tyranitar|1\n|-damage|p2a: Tyranitar|45/100\n|\n|-weather|none\n|-fieldend|move: Trick Room\n|upkeep\n|turn|6\n|inactive|micmol has 30 seconds left.\n|inactive|micmol has 20 seconds left.\n|inactive|micmol has 15 seconds left.\n|inactive|micmol has 10 seconds left.\n|\n|t:|1776259044\n|move|p2a: Tyranitar|Protect|p2a: Tyranitar\n|-singleturn|p2a: Tyranitar|Protect\n|move|p1b: Excadrill|Iron Head|p2a: Tyranitar\n|-activate|p2a: Tyranitar|move: Protect\n|move|p2b: Orthworm|Body Press|p1b: Excadrill\n|-supereffective|p1b: Excadrill|1\n|-enditem|p1b: Excadrill|Focus Sash\n|-damage|p1b: Excadrill|1/100\n|\n|upkeep\n|turn|7\n|\n|t:|1776259056\n|switch|p2a: Empoleon|Empoleon, L50, F|100/100\n|move|p1b: Excadrill|Iron Head|p2a: Empoleon\n|-resisted|p2a: Empoleon|2\n|-damage|p2a: Empoleon|92/100\n|move|p2b: Orthworm|Body Press|p1b: Excadrill\n|-supereffective|p1b: Excadrill|1\n|-damage|p1b: Excadrill|0 fnt\n|faint|p1b: Excadrill\n|\n|win|micmol\n|raw|Jah_08's rating: 1336 &rarr; <strong>1314</strong><br />(-22 for losing)\n|raw|micmol's rating: 1296 &rarr; <strong>1324</strong><br />(+28 for winning)\n|l|\u2606micmol\n|player|p2|\n",
  "uploadtime": 1776259069,
  "views": 44,
  "formatid": "gen9championsvgc2026regma",
  "rating": 1314,
  "private": 0,
  "password": null
}