{
  "id": "gen9championsvgc2026regma-2586563190",
  "format": "[Gen 9 Champions] VGC 2026 Reg M-A",
  "players": [
    "Pokeventurer",
    "luksm94"
  ],
  "log": "|j|\u2606Pokeventurer\n|j|\u2606luksm94\n|t:|1776443271\n|gametype|doubles\n|player|p1|Pokeventurer|265|1503\n|player|p2|luksm94|2|1432\n|gen|9\n|tier|[Gen 9 Champions] VGC 2026 Reg M-A\n|rated|\n|rule|Species Clause: Limit one of each Pok\u00e9mon\n|rule|Item Clause: Limit 1 of each item\n|clearpoke\n|poke|p1|Talonflame, L50, M|\n|poke|p1|Kingambit, L50, F|\n|poke|p1|Garchomp, L50, F|\n|poke|p1|Basculegion, L50, M|\n|poke|p1|Floette-Eternal, L50, F|\n|poke|p1|Pelipper, L50, M|\n|poke|p2|Whimsicott, L50, F|\n|poke|p2|Lucario, L50, M|\n|poke|p2|Milotic, L50, F|\n|poke|p2|Hydreigon, L50, F|\n|poke|p2|Arcanine-Hisui, L50, M|\n|poke|p2|Rotom-Mow, L50|\n|teampreview|4\n|inactive|Battle timer is ON: inactive players will automatically lose when time's up. (requested by Pokeventurer)\n|\n|t:|1776443311\n|teamsize|p1|4\n|teamsize|p2|4\n|start\n|switch|p1a: Basculegion|Basculegion, L50, M|100/100\n|switch|p1b: Talonflame|Talonflame, L50, M|100/100\n|switch|p2a: Whimsicott|Whimsicott, L50, F|100/100\n|switch|p2b: Lucario|Lucario, L50, M|100/100\n|turn|1\n|\n|t:|1776443323\n|move|p2b: Lucario|Extreme Speed|p1b: Talonflame\n|-damage|p1b: Talonflame|64/100\n|move|p1a: Basculegion|Wave Crash|p2b: Lucario\n|-damage|p2b: Lucario|6/100\n|-damage|p1a: Basculegion|73/100|[from] Recoil\n|move|p1b: Talonflame|Dual Wingbeat|p2a: Whimsicott\n|-supereffective|p2a: Whimsicott|1\n|-damage|p2a: Whimsicott|54/100\n|-supereffective|p2a: Whimsicott|1\n|-damage|p2a: Whimsicott|11/100\n|-hitcount|p2a: Whimsicott|2\n|move|p2a: Whimsicott|Beat Up|p2b: Lucario\n|-resisted|p2b: Lucario|1\n|-damage|p2b: Lucario|4/100\n|-ability|p2b: Lucario|Justified|boost\n|-boost|p2b: Lucario|atk|1\n|-resisted|p2b: Lucario|1\n|-damage|p2b: Lucario|3/100\n|-ability|p2b: Lucario|Justified|boost\n|-boost|p2b: Lucario|atk|1\n|-resisted|p2b: Lucario|1\n|-damage|p2b: Lucario|2/100\n|-ability|p2b: Lucario|Justified|boost\n|-boost|p2b: Lucario|atk|1\n|-resisted|p2b: Lucario|1\n|-damage|p2b: Lucario|0 fnt\n|faint|p2b: Lucario\n|-hitcount|p2: Lucario|4\n|\n|upkeep\n|\n|t:|1776443332\n|switch|p2b: Milotic|Milotic, L50, F|100/100\n|turn|2\n|\n|t:|1776443341\n|move|p2a: Whimsicott|Tailwind|p2a: Whimsicott\n|-sidestart|p2: luksm94|move: Tailwind\n|move|p2b: Milotic|Icy Wind|p1a: Basculegion|[spread] p1a\n|-miss|p2b: Milotic|p1b: Talonflame\n|-resisted|p1a: Basculegion|1\n|-damage|p1a: Basculegion|66/100\n|-unboost|p1a: Basculegion|spe|1\n|move|p1b: Talonflame|Tailwind|p1b: Talonflame\n|-sidestart|p1: Pokeventurer|move: Tailwind\n|move|p1a: Basculegion|Wave Crash|p2a: Whimsicott\n|-resisted|p2a: Whimsicott|1\n|-damage|p2a: Whimsicott|0 fnt\n|faint|p2a: Whimsicott\n|-damage|p1a: Basculegion|63/100|[from] Recoil\n|\n|upkeep\n|\n|t:|1776443354\n|switch|p2a: Rotom|Rotom-Mow, L50|100/100\n|turn|3\n|\n|t:|1776443363\n|switch|p1a: Pelipper|Pelipper, L50, M|100/100\n|-weather|RainDance|[from] ability: Drizzle|[of] p1a: Pelipper\n|move|p2a: Rotom|Protect|p2a: Rotom\n|-singleturn|p2a: Rotom|Protect\n|move|p1b: Talonflame|Dual Wingbeat|p2a: Rotom\n|-activate|p2a: Rotom|move: Protect\n|move|p2b: Milotic|Icy Wind|p1a: Pelipper|[spread] p1a,p1b\n|-damage|p1a: Pelipper|79/100\n|-damage|p1b: Talonflame|45/100\n|-unboost|p1a: Pelipper|spe|1\n|-unboost|p1b: Talonflame|spe|1\n|\n|-weather|RainDance|[upkeep]\n|upkeep\n|turn|4\n|\n|t:|1776443388\n|move|p1a: Pelipper|Wide Guard|p1a: Pelipper\n|-singleturn|p1a: Pelipper|Wide Guard\n|move|p1b: Talonflame|Dual Wingbeat|p2a: Rotom\n|-damage|p2a: Rotom|78/100\n|-damage|p2a: Rotom|56/100\n|-hitcount|p2a: Rotom|2\n|move|p2a: Rotom|Thunderbolt|p1a: Pelipper\n|-supereffective|p1a: Pelipper|2\n|-damage|p1a: Pelipper|0 fnt\n|faint|p1a: Pelipper\n|move|p2b: Milotic|Scald|p1b: Talonflame\n|-supereffective|p1b: Talonflame|1\n|-damage|p1b: Talonflame|0 fnt\n|faint|p1b: Talonflame\n|\n|-weather|RainDance|[upkeep]\n|upkeep\n|\n|t:|1776443394\n|switch|p1b: Basculegion|Basculegion, L50, M|63/100\n|switch|p1a: Garchomp|Garchomp, L50, F|100/100\n|turn|5\n|\n|t:|1776443419\n|move|p2a: Rotom|Protect|p2a: Rotom\n|-singleturn|p2a: Rotom|Protect\n|move|p1b: Basculegion|Last Respects|p2b: Milotic\n|-damage|p2b: Milotic|11/100\n|move|p1a: Garchomp|Rock Slide|p2a: Rotom|[spread] p2b\n|-activate|p2a: Rotom|move: Protect\n|-damage|p2b: Milotic|0 fnt\n|faint|p2b: Milotic\n|\n|-weather|RainDance|[upkeep]\n|-sideend|p2: luksm94|move: Tailwind\n|-sideend|p1: Pokeventurer|move: Tailwind\n|upkeep\n|turn|6\n|\n|t:|1776443431\n|move|p1b: Basculegion|Last Respects|p2a: Rotom\n|-crit|p2a: Rotom\n|-damage|p2a: Rotom|0 fnt\n|faint|p2a: Rotom\n|\n|win|Pokeventurer\n|raw|Pokeventurer's rating: 1503 &rarr; <strong>1519</strong><br />(+16 for winning)\n|raw|luksm94's rating: 1432 &rarr; <strong>1416</strong><br />(-16 for losing)\n",
  "uploadtime": 1776443437,
  "views": 59,
  "formatid": "gen9championsvgc2026regma",
  "rating": 1416,
  "private": 0,
  "password": null
}