{
  "id": "gen9championsvgc2026regma-2584839221",
  "format": "[Gen 9 Champions] VGC 2026 Reg M-A",
  "players": [
    "DellMello",
    "nikumaycry"
  ],
  "log": "|j|\u2606DellMello\n|j|\u2606nikumaycry\n|t:|1776287657\n|gametype|doubles\n|player|p1|DellMello|266|1056\n|player|p2|nikumaycry|1|1076\n|gen|9\n|tier|[Gen 9 Champions] VGC 2026 Reg M-A\n|rated|\n|rule|Species Clause: Limit one of each Pok\u00e9mon\n|rule|Item Clause: Limit 1 of each item\n|clearpoke\n|poke|p1|Typhlosion-Hisui, L50, F|\n|poke|p1|Whimsicott, L50, F|\n|poke|p1|Excadrill, L50, M|\n|poke|p1|Venusaur, L50, M|\n|poke|p1|Tyranitar, L50, M|\n|poke|p1|Incineroar, L50, M|\n|poke|p2|Typhlosion, L50, M|\n|poke|p2|Torkoal, L50, M|\n|poke|p2|Farigiraf, L50, F|\n|poke|p2|Gyarados, L50, M|\n|poke|p2|Kingambit, L50, F|\n|poke|p2|Dragonite, L50, M|\n|teampreview|4\n|\n|t:|1776287716\n|teamsize|p1|4\n|teamsize|p2|4\n|start\n|switch|p1a: Excadrill|Excadrill, L50, M, shiny|100/100\n|switch|p1b: Wolfe|Incineroar, L50, M|100/100\n|switch|p2a: Gyarados|Gyarados, L50, M|100/100\n|switch|p2b: Kingambit|Kingambit, L50, F|100/100\n|-ability|p2a: Gyarados|Intimidate|boost\n|-unboost|p1a: Excadrill|atk|1\n|-unboost|p1b: Wolfe|atk|1\n|-ability|p1b: Wolfe|Intimidate|boost\n|-unboost|p2a: Gyarados|atk|1\n|-unboost|p2b: Kingambit|atk|1\n|-ability|p2b: Kingambit|Defiant|boost\n|-boost|p2b: Kingambit|atk|2\n|turn|1\n|\n|t:|1776287758\n|move|p2b: Kingambit|Protect|p2b: Kingambit\n|-singleturn|p2b: Kingambit|Protect\n|move|p1b: Wolfe|Fake Out|p2a: Gyarados\n|-damage|p2a: Gyarados|90/100\n|cant|p2a: Gyarados|flinch\n|move|p1a: Excadrill|Swords Dance|p1a: Excadrill\n|-boost|p1a: Excadrill|atk|2\n|\n|upkeep\n|turn|2\n|\n|t:|1776287792\n|switch|p2b: Dragonite|Dragonite, L50, M|100/100\n|move|p1a: Excadrill|Protect|p1a: Excadrill\n|-singleturn|p1a: Excadrill|Protect\n|move|p2a: Gyarados|Earthquake|p1b: Wolfe|[spread] p1b\n|-activate|p1a: Excadrill|move: Protect\n|-immune|p2b: Dragonite\n|-supereffective|p1b: Wolfe|1\n|-damage|p1b: Wolfe|63/100\n|move|p1b: Wolfe|Parting Shot|p2a: Gyarados\n|-unboost|p2a: Gyarados|atk|1\n|-unboost|p2a: Gyarados|spa|1\n|\n|t:|1776287804\n|switch|p1b: Tyranitar|Tyranitar, L50, M|100/100|[from] Parting Shot\n|-weather|Sandstorm|[from] ability: Sand Stream|[of] p1b: Tyranitar\n|\n|-weather|Sandstorm|[upkeep]\n|-damage|p2a: Gyarados|84/100|[from] Sandstorm\n|-damage|p2b: Dragonite|94/100|[from] Sandstorm\n|upkeep\n|turn|3\n|\n|t:|1776287857\n|detailschange|p2b: Dragonite|Dragonite-Mega, L50, M\n|-mega|p2b: Dragonite|Dragonite|Dragoninite\n|move|p1a: Excadrill|Iron Head|p2b: Dragonite\n|-damage|p2b: Dragonite|31/100\n|move|p2a: Gyarados|Earthquake|p1a: Excadrill|[spread] p1a,p1b\n|-immune|p2b: Dragonite\n|-supereffective|p1a: Excadrill|1\n|-supereffective|p1b: Tyranitar|1\n|-damage|p1a: Excadrill|59/100\n|-damage|p1b: Tyranitar|80/100\n|move|p2b: Dragonite|Tailwind|p2b: Dragonite\n|-sidestart|p2: nikumaycry|move: Tailwind\n|move|p1b: Tyranitar|Rock Slide|p2a: Gyarados|[spread] p2a,p2b\n|-supereffective|p2a: Gyarados|1\n|-supereffective|p2b: Dragonite|1\n|-damage|p2a: Gyarados|21/100\n|-damage|p2b: Dragonite|0 fnt\n|faint|p2b: Dragonite\n|\n|-weather|Sandstorm|[upkeep]\n|-damage|p2a: Gyarados|15/100|[from] Sandstorm\n|-heal|p1b: Tyranitar|86/100|[from] item: Leftovers\n|upkeep\n|\n|t:|1776287882\n|switch|p2b: Typhlosion|Typhlosion, L50, M|100/100\n|turn|4\n|\n|t:|1776287911\n|switch|p2a: Kingambit|Kingambit, L50, F|100/100\n|move|p1a: Excadrill|Protect|p1a: Excadrill\n|-singleturn|p1a: Excadrill|Protect\n|move|p2b: Typhlosion|Eruption|p1a: Excadrill|[spread] p1b\n|-activate|p1a: Excadrill|move: Protect\n|-resisted|p1b: Tyranitar|1\n|-crit|p1b: Tyranitar\n|-damage|p1b: Tyranitar|58/100\n|move|p1b: Tyranitar|Rock Slide|p2a: Kingambit|[spread] p2a\n|-miss|p1b: Tyranitar|p2b: Typhlosion\n|-resisted|p2a: Kingambit|1\n|-damage|p2a: Kingambit|89/100\n|\n|-weather|Sandstorm|[upkeep]\n|-damage|p2b: Typhlosion|95/100|[from] Sandstorm\n|-heal|p1b: Tyranitar|64/100|[from] item: Leftovers\n|upkeep\n|turn|5\n|\n|t:|1776287967\n|switch|p1a: Wolfe|Incineroar, L50, M|63/100\n|-ability|p1a: Wolfe|Intimidate|boost\n|-unboost|p2a: Kingambit|atk|1\n|-ability|p2a: Kingambit|Defiant|boost\n|-boost|p2a: Kingambit|atk|2\n|-unboost|p2b: Typhlosion|atk|1\n|move|p1b: Tyranitar|Protect|p1b: Tyranitar\n|-singleturn|p1b: Tyranitar|Protect\n|move|p2b: Typhlosion|Eruption|p1b: Tyranitar|[spread] p1a\n|-activate|p1b: Tyranitar|move: Protect\n|-resisted|p1a: Wolfe|1\n|-damage|p1a: Wolfe|35/100\n|-enditem|p1a: Wolfe|Sitrus Berry|[eat]\n|-heal|p1a: Wolfe|59/100|[from] item: Sitrus Berry\n|move|p2a: Kingambit|Swords Dance|p2a: Kingambit\n|-boost|p2a: Kingambit|atk|2\n|\n|-weather|Sandstorm|[upkeep]\n|-damage|p2b: Typhlosion|89/100|[from] Sandstorm\n|-damage|p1a: Wolfe|53/100|[from] Sandstorm\n|-heal|p1b: Tyranitar|70/100|[from] item: Leftovers\n|upkeep\n|turn|6\n|\n|t:|1776288017\n|move|p1a: Wolfe|Fake Out|p2a: Kingambit\n|-resisted|p2a: Kingambit|1\n|-damage|p2a: Kingambit|85/100\n|move|p2b: Typhlosion|Eruption|p1b: Tyranitar|[spread] p1a,p1b\n|-resisted|p1a: Wolfe|1\n|-resisted|p1b: Tyranitar|1\n|-damage|p1a: Wolfe|26/100\n|-damage|p1b: Tyranitar|54/100\n|cant|p2a: Kingambit|flinch\n|move|p1b: Tyranitar|Rock Slide|p2a: Kingambit|[spread] p2a\n|-miss|p1b: Tyranitar|p2b: Typhlosion\n|-resisted|p2a: Kingambit|1\n|-damage|p2a: Kingambit|74/100\n|\n|-weather|none\n|-heal|p1b: Tyranitar|60/100|[from] item: Leftovers\n|-sideend|p2: nikumaycry|move: Tailwind\n|upkeep\n|turn|7\n|\n|t:|1776288055\n|switch|p1b: Excadrill|Excadrill, L50, M, shiny|59/100\n|move|p2b: Typhlosion|Solar Beam||[still]\n|-prepare|p2b: Typhlosion|Solar Beam\n|move|p1a: Wolfe|Flare Blitz|p2a: Kingambit\n|-supereffective|p2a: Kingambit|1\n|-damage|p2a: Kingambit|0 fnt\n|faint|p2a: Kingambit\n|-damage|p1a: Wolfe|5/100|[from] Recoil\n|\n|upkeep\n|\n|t:|1776288064\n|switch|p2a: Gyarados|Gyarados, L50, M|15/100\n|-ability|p2a: Gyarados|Intimidate|boost\n|-unboost|p1a: Wolfe|atk|1\n|-unboost|p1b: Excadrill|atk|1\n|turn|8\n|\n|t:|1776288085\n|switch|p1a: Tyranitar|Tyranitar, L50, M|60/100\n|-weather|Sandstorm|[from] ability: Sand Stream|[of] p1a: Tyranitar\n|move|p1b: Excadrill|High Horsepower|p2b: Typhlosion\n|-supereffective|p2b: Typhlosion|1\n|-crit|p2b: Typhlosion\n|-damage|p2b: Typhlosion|0 fnt\n|faint|p2b: Typhlosion\n|move|p2a: Gyarados|Waterfall|p1a: Tyranitar\n|-supereffective|p1a: Tyranitar|1\n|-damage|p1a: Tyranitar|0 fnt\n|faint|p1a: Tyranitar\n|\n|-weather|Sandstorm|[upkeep]\n|-damage|p2a: Gyarados|9/100|[from] Sandstorm\n|upkeep\n|\n|t:|1776288098\n|switch|p1a: Wolfe|Incineroar, L50, M|5/100\n|-ability|p1a: Wolfe|Intimidate|boost\n|-unboost|p2a: Gyarados|atk|1\n|turn|9\n|\n|t:|1776288104\n|move|p1a: Wolfe|Fake Out|p2a: Gyarados\n|-damage|p2a: Gyarados|0 fnt\n|faint|p2a: Gyarados\n|\n|win|DellMello\n|raw|DellMello's rating: 1056 &rarr; <strong>1089</strong><br />(+33 for winning)\n|raw|nikumaycry's rating: 1076 &rarr; <strong>1053</strong><br />(-23 for losing)\n|l|\u2606nikumaycry\n|player|p2|\n",
  "uploadtime": 1776288185,
  "views": 31,
  "formatid": "gen9championsvgc2026regma",
  "rating": 1053,
  "private": 0,
  "password": null
}