{
  "id": "gen9championsvgc2026regma-2582852974",
  "format": "[Gen 9 Champions] VGC 2026 Reg M-A",
  "players": [
    "derpybaits",
    "Moonleaf"
  ],
  "log": "|j|\u2606derpybaits\n|j|\u2606Moonleaf\n|t:|1776119234\n|gametype|doubles\n|player|p1|derpybaits|265|1072\n|player|p2|Moonleaf|101|1000\n|gen|9\n|tier|[Gen 9 Champions] VGC 2026 Reg M-A\n|rated|\n|rule|Species Clause: Limit one of each Pok\u00e9mon\n|rule|Item Clause: Limit 1 of each item\n|clearpoke\n|poke|p1|Blastoise, L50, M|\n|poke|p1|Pelipper, L50, F|\n|poke|p1|Sinistcha, L50|\n|poke|p1|Sneasler, L50, M|\n|poke|p1|Garchomp, L50, M|\n|poke|p1|Kingambit, L50, F|\n|poke|p2|Drampa, L50, F|\n|poke|p2|Sinistcha-Masterpiece, L50|\n|poke|p2|Alakazam, L50, F|\n|poke|p2|Alcremie, L50, F|\n|poke|p2|Hatterene, L50, F|\n|poke|p2|Scizor, L50, F|\n|teampreview|4\n|\n|t:|1776119243\n|teamsize|p1|4\n|teamsize|p2|4\n|start\n|switch|p1a: Blastoise|Blastoise, L50, M|100/100\n|switch|p1b: Pelipper|Pelipper, L50, F|100/100\n|switch|p2a: \u8001\u592a\u592a|Drampa, L50, F|100/100\n|switch|p2b: Alakazam|Alakazam, L50, F|100/100\n|-weather|RainDance|[from] ability: Drizzle|[of] p1b: Pelipper\n|turn|1\n|\n|t:|1776119255\n|detailschange|p1a: Blastoise|Blastoise-Mega, L50, M\n|-mega|p1a: Blastoise|Blastoise|Blastoisinite\n|detailschange|p2a: \u8001\u592a\u592a|Drampa-Mega, L50, F\n|-mega|p2a: \u8001\u592a\u592a|Drampa|Drampanite\n|move|p1b: Pelipper|Tailwind|p1b: Pelipper\n|-sidestart|p1: derpybaits|move: Tailwind\n|move|p1a: Blastoise|Ice Beam|p2a: \u8001\u592a\u592a\n|-supereffective|p2a: \u8001\u592a\u592a|1\n|-damage|p2a: \u8001\u592a\u592a|41/100\n|-ability|p2a: \u8001\u592a\u592a|Berserk|boost\n|-boost|p2a: \u8001\u592a\u592a|spa|1\n|move|p2b: Alakazam|Speed Swap|p2a: \u8001\u592a\u592a\n|-activate|p2b: Alakazam|move: Speed Swap|[of] p2a: \u8001\u592a\u592a\n|move|p2a: \u8001\u592a\u592a|Calm Mind|p2a: \u8001\u592a\u592a\n|-boost|p2a: \u8001\u592a\u592a|spa|1\n|-boost|p2a: \u8001\u592a\u592a|spd|1\n|\n|-weather|RainDance|[upkeep]\n|upkeep\n|turn|2\n|\n|t:|1776119273\n|switch|p1b: Sneasler|Sneasler, L50, M|100/100\n|move|p2b: Alakazam|Ally Switch|p2b: Alakazam\n|swap|p2b: Alakazam|0|[from] move: Ally Switch\n|move|p1a: Blastoise|Ice Beam|p2a: Alakazam\n|-damage|p2a: Alakazam|54/100\n|-status|p2a: Alakazam|frz\n|move|p2b: \u8001\u592a\u592a|Roost|p2b: \u8001\u592a\u592a\n|-heal|p2b: \u8001\u592a\u592a|91/100\n|-singleturn|p2b: \u8001\u592a\u592a|move: Roost\n|\n|-weather|RainDance|[upkeep]\n|upkeep\n|turn|3\n|\n|t:|1776119297\n|switch|p2a: Alcremie|Alcremie, L50, F|100/100\n|move|p1b: Sneasler|Rock Slide|p2a: Alcremie|[spread] p2a\n|-miss|p1b: Sneasler|p2b: \u8001\u592a\u592a\n|-damage|p2a: Alcremie|81/100\n|move|p1a: Blastoise|Ice Beam|p2b: \u8001\u592a\u592a\n|-supereffective|p2b: \u8001\u592a\u592a|1\n|-damage|p2b: \u8001\u592a\u592a|50/100\n|-ability|p2b: \u8001\u592a\u592a|Berserk|boost\n|-boost|p2b: \u8001\u592a\u592a|spa|1\n|move|p2b: \u8001\u592a\u592a|Hyper Voice|p1a: Blastoise|[spread] p1a,p1b\n|-damage|p1a: Blastoise|19/100\n|-enditem|p1b: Sneasler|Focus Sash\n|-damage|p1b: Sneasler|1/100\n|\n|-weather|RainDance|[upkeep]\n|upkeep\n|turn|4\n|\n|t:|1776119325\n|switch|p2a: Sinistcha|Sinistcha-Masterpiece, L50|100/100\n|-heal|p2b: \u8001\u592a\u592a|75/100|[from] ability: Hospitality|[of] p2a: Sinistcha\n|move|p1b: Sneasler|Close Combat|p2b: \u8001\u592a\u592a\n|-supereffective|p2b: \u8001\u592a\u592a|1\n|-damage|p2b: \u8001\u592a\u592a|0 fnt\n|-unboost|p1b: Sneasler|def|1\n|-unboost|p1b: Sneasler|spd|1\n|faint|p2b: \u8001\u592a\u592a\n|move|p1a: Blastoise|Water Spout|p2a: Sinistcha\n|-resisted|p2a: Sinistcha|1\n|-damage|p2a: Sinistcha|87/100\n|\n|-weather|RainDance|[upkeep]\n|-heal|p2a: Sinistcha|93/100|[from] item: Leftovers\n|-sideend|p1: derpybaits|move: Tailwind\n|upkeep\n|\n|t:|1776119338\n|switch|p2b: Alcremie|Alcremie, L50, F|81/100\n|turn|5\n|\n|t:|1776119346\n|move|p1b: Sneasler|Dire Claw|p2b: Alcremie\n|-supereffective|p2b: Alcremie|1\n|-damage|p2b: Alcremie|0 fnt\n|faint|p2b: Alcremie\n|move|p1a: Blastoise|Ice Beam|p2a: Sinistcha\n|-supereffective|p2a: Sinistcha|1\n|-damage|p2a: Sinistcha|6/100\n|-status|p2a: Sinistcha|frz\n|-curestatus|p2a: Sinistcha|frz|[from] move: Matcha Gotcha\n|move|p2a: Sinistcha|Matcha Gotcha|p1a: Blastoise|[spread] p1a,p1b\n|-supereffective|p1a: Blastoise|1\n|-resisted|p1b: Sneasler|1\n|-damage|p1a: Blastoise|0 fnt\n|-heal|p2a: Sinistcha|13/100|[from] drain|[of] p1a: Blastoise\n|-damage|p1b: Sneasler|0 fnt\n|-heal|p2a: Sinistcha|14/100|[from] drain|[of] p1b: Sneasler\n|faint|p1a: Blastoise\n|faint|p1b: Sneasler\n|\n|-weather|none\n|-heal|p2a: Sinistcha|20/100|[from] item: Leftovers\n|upkeep\n|\n|t:|1776119350\n|switch|p1b: Sinistcha|Sinistcha, L50|100/100\n|switch|p1a: Pelipper|Pelipper, L50, F|100/100\n|switch|p2b: Alakazam|Alakazam, L50, F|54/100 frz\n|-weather|RainDance|[from] ability: Drizzle|[of] p1a: Pelipper\n|turn|6\n|\n|t:|1776119374\n|move|p1a: Pelipper|Hurricane|p2a: Sinistcha\n|-supereffective|p2a: Sinistcha|1\n|-damage|p2a: Sinistcha|0 fnt\n|faint|p2a: Sinistcha\n|-curestatus|p2b: Alakazam|frz|[msg]\n|move|p2b: Alakazam|Speed Swap|p2: Sinistcha|[notarget]\n|-fail|p2b: Alakazam\n|move|p1b: Sinistcha|Matcha Gotcha|p2b: Alakazam\n|-damage|p2b: Alakazam|0 fnt\n|faint|p2b: Alakazam\n|\n|win|derpybaits\n|raw|derpybaits's rating: 1072 &rarr; <strong>1095</strong><br />(+23 for winning)\n|raw|Moonleaf's rating: 1000 &rarr; <strong>1000</strong><br />(+0 for losing)\n",
  "uploadtime": 1776119376,
  "views": 11,
  "formatid": "gen9championsvgc2026regma",
  "rating": 1000,
  "private": 0,
  "password": null
}