{
  "id": "gen9championsvgc2026regma-2582345150",
  "format": "[Gen 9 Champions] VGC 2026 Reg M-A",
  "players": [
    "maku8319",
    "pavo_02"
  ],
  "log": "|j|\u2606maku8319\n|j|\u2606pavo_02\n|t:|1776085133\n|gametype|doubles\n|player|p1|maku8319|red|1100\n|player|p2|pavo_02|170|1087\n|gen|9\n|tier|[Gen 9 Champions] VGC 2026 Reg M-A\n|rated|\n|rule|Species Clause: Limit one of each Pok\u00e9mon\n|rule|Item Clause: Limit 1 of each item\n|clearpoke\n|poke|p1|Corviknight, L50, F|\n|poke|p1|Raichu, L50, F|\n|poke|p1|Delphox, L50, F|\n|poke|p1|Garchomp, L50, F|\n|poke|p1|Sinistcha, L50|\n|poke|p1|Primarina, L50, F|\n|poke|p2|Charizard, L50, F|\n|poke|p2|Whimsicott, L50, F|\n|poke|p2|Garchomp, L50, F|\n|poke|p2|Incineroar, L50, F|\n|poke|p2|Kingambit, L50, M|\n|poke|p2|Venusaur, L50, F|\n|teampreview|4\n|inactive|Battle timer is ON: inactive players will automatically lose when time's up. (requested by pavo_02)\n|inactive|maku8319 has 60 seconds left.\n|\n|t:|1776085223\n|teamsize|p1|4\n|teamsize|p2|4\n|start\n|switch|p1a: Delphox|Delphox, L50, F|100/100\n|switch|p1b: Garchomp|Garchomp, L50, F|100/100\n|switch|p2a: Whimsicott|Whimsicott, L50, F|100/100\n|switch|p2b: Incineroar|Incineroar, L50, F|100/100\n|-ability|p2b: Incineroar|Intimidate|boost\n|-unboost|p1a: Delphox|atk|1\n|-unboost|p1b: Garchomp|atk|1\n|turn|1\n|inactive|maku8319 has 30 seconds left.\n|inactive|pavo_02 has 30 seconds left.\n|\n|t:|1776085252\n|detailschange|p1a: Delphox|Delphox-Mega, L50, F\n|-mega|p1a: Delphox|Delphox|Delphoxite\n|move|p2b: Incineroar|Fake Out|p1a: Delphox\n|-damage|p1a: Delphox|88/100\n|move|p2a: Whimsicott|Tailwind|p2a: Whimsicott\n|-sidestart|p2: pavo_02|move: Tailwind\n|cant|p1a: Delphox|flinch\n|move|p1b: Garchomp|Earthquake|p2a: Whimsicott|[spread] p2a,p2b\n|-immune|p1a: Delphox|[from] ability: Levitate\n|-resisted|p2a: Whimsicott|1\n|-supereffective|p2b: Incineroar|1\n|-damage|p2a: Whimsicott|79/100\n|-damage|p2b: Incineroar|46/100\n|-enditem|p2b: Incineroar|Sitrus Berry|[eat]\n|-heal|p2b: Incineroar|71/100|[from] item: Sitrus Berry\n|\n|upkeep\n|turn|2\n|inactive|maku8319 has 30 seconds left.\n|inactive|pavo_02 has 30 seconds left.\n|inactive|pavo_02 has 20 seconds left.\n|\n|t:|1776085290\n|switch|p1b: Corviknight|Corviknight, L50, F, shiny|100/100\n|move|p2a: Whimsicott|Protect|p2a: Whimsicott\n|-singleturn|p2a: Whimsicott|Protect\n|move|p1a: Delphox|Heat Wave|p2b: Incineroar|[spread] p2b\n|-activate|p2a: Whimsicott|move: Protect\n|-resisted|p2b: Incineroar|1\n|-damage|p2b: Incineroar|57/100\n|move|p2b: Incineroar|Parting Shot|p1a: Delphox\n|-unboost|p1a: Delphox|atk|1\n|-unboost|p1a: Delphox|spa|1\n|\n|t:|1776085302\n|switch|p2b: Charizard|Charizard, L50, F|100/100|[from] Parting Shot\n|\n|upkeep\n|turn|3\n|inactive|pavo_02 has 30 seconds left.\n|\n|t:|1776085334\n|switch|p1b: Primarina|Primarina, L50, F|100/100\n|detailschange|p2b: Charizard|Charizard-Mega-Y, L50, F\n|-mega|p2b: Charizard|Charizard|Charizardite Y\n|-weather|SunnyDay|[from] ability: Drought|[of] p2b: Charizard\n|move|p2a: Whimsicott|Moonblast|p1a: Delphox\n|-resisted|p1a: Delphox|1\n|-damage|p1a: Delphox|72/100\n|move|p2b: Charizard|Heat Wave|p1a: Delphox|[spread] p1a,p1b\n|-resisted|p1a: Delphox|1\n|-resisted|p1b: Primarina|1\n|-damage|p1a: Delphox|45/100\n|-damage|p1b: Primarina|72/100\n|move|p1a: Delphox|Heat Wave|p2b: Charizard|[spread] p2b\n|-miss|p1a: Delphox|p2a: Whimsicott\n|-resisted|p2b: Charizard|1\n|-damage|p2b: Charizard|82/100\n|\n|-weather|SunnyDay|[upkeep]\n|upkeep\n|turn|4\n|\n|t:|1776085359\n|move|p2a: Whimsicott|Protect|p2a: Whimsicott\n|-singleturn|p2a: Whimsicott|Protect\n|move|p2b: Charizard|Solar Beam||[still]\n|-prepare|p2b: Charizard|Solar Beam\n|-anim|p2b: Charizard|Solar Beam|p1b: Primarina\n|-supereffective|p1b: Primarina|1\n|-damage|p1b: Primarina|0 fnt\n|faint|p1b: Primarina\n|move|p1a: Delphox|Heat Wave|p2a: Whimsicott|[spread] p2b\n|-activate|p2a: Whimsicott|move: Protect\n|-resisted|p2b: Charizard|1\n|-damage|p2b: Charizard|64/100\n|\n|-weather|SunnyDay|[upkeep]\n|-sideend|p2: pavo_02|move: Tailwind\n|upkeep\n|\n|t:|1776085368\n|switch|p1b: Garchomp|Garchomp, L50, F|100/100\n|turn|5\n|\n|t:|1776085385\n|switch|p2b: Incineroar|Incineroar, L50, F|57/100\n|-ability|p2b: Incineroar|Intimidate|boost\n|-unboost|p1a: Delphox|atk|1\n|-unboost|p1b: Garchomp|atk|1\n|move|p2a: Whimsicott|Tailwind|p2a: Whimsicott\n|-sidestart|p2: pavo_02|move: Tailwind\n|move|p1a: Delphox|Heat Wave|p2b: Incineroar|[spread] p2a,p2b\n|-supereffective|p2a: Whimsicott|1\n|-resisted|p2b: Incineroar|1\n|-damage|p2a: Whimsicott|0 fnt\n|-damage|p2b: Incineroar|44/100\n|faint|p2a: Whimsicott\n|move|p1b: Garchomp|Rock Slide|p2b: Incineroar\n|-supereffective|p2b: Incineroar|1\n|-damage|p2b: Incineroar|12/100\n|\n|-weather|SunnyDay|[upkeep]\n|upkeep\n|\n|t:|1776085402\n|switch|p2a: Charizard|Charizard-Mega-Y, L50, F|64/100\n|turn|6\n|\n|t:|1776085435\n|move|p1a: Delphox|Protect|p1a: Delphox\n|-singleturn|p1a: Delphox|Protect\n|move|p1b: Garchomp|Protect|p1b: Garchomp\n|-singleturn|p1b: Garchomp|Protect\n|move|p2b: Incineroar|Fake Out|p1b: Garchomp\n|-activate|p1b: Garchomp|move: Protect\n|move|p2a: Charizard|Heat Wave|p1a: Delphox|[spread] \n|-activate|p1a: Delphox|move: Protect\n|-activate|p1b: Garchomp|move: Protect\n|\n|-weather|SunnyDay|[upkeep]\n|upkeep\n|turn|7\n|inactive|pavo_02 has 30 seconds left.\n|\n|t:|1776085461\n|move|p2a: Charizard|Dragon Pulse|p1b: Garchomp\n|-supereffective|p1b: Garchomp|1\n|-damage|p1b: Garchomp|30/100\n|move|p1a: Delphox|Heat Wave|p2a: Charizard|[spread] p2a,p2b\n|-resisted|p2a: Charizard|1\n|-resisted|p2b: Incineroar|1\n|-crit|p2b: Incineroar\n|-damage|p2a: Charizard|46/100\n|-damage|p2b: Incineroar|0 fnt\n|faint|p2b: Incineroar\n|move|p1b: Garchomp|Rock Slide|p2a: Charizard\n|-supereffective|p2a: Charizard|2\n|-damage|p2a: Charizard|0 fnt\n|faint|p2a: Charizard\n|\n|-weather|none\n|upkeep\n|\n|t:|1776085475\n|switch|p2b: Garchomp|Garchomp, L50, F|100/100\n|turn|8\n|\n|t:|1776085488\n|move|p2b: Garchomp|Rock Slide|p1b: Garchomp|[spread] p1a,p1b\n|-supereffective|p1a: Delphox|1\n|-resisted|p1b: Garchomp|1\n|-damage|p1a: Delphox|0 fnt\n|-damage|p1b: Garchomp|21/100\n|faint|p1a: Delphox\n|cant|p1b: Garchomp|flinch\n|\n|-sideend|p2: pavo_02|move: Tailwind\n|upkeep\n|\n|t:|1776085495\n|switch|p1a: Corviknight|Corviknight, L50, F, shiny|100/100\n|turn|9\n|\n|t:|1776085506\n|move|p2b: Garchomp|Dragon Claw|p1b: Garchomp\n|-supereffective|p1b: Garchomp|1\n|-damage|p1b: Garchomp|0 fnt\n|-damage|p2b: Garchomp|88/100|[from] ability: Rough Skin|[of] p1b: Garchomp\n|faint|p1b: Garchomp\n|move|p1a: Corviknight|Iron Defense|p1a: Corviknight\n|-boost|p1a: Corviknight|def|2\n|\n|upkeep\n|turn|10\n|\n|t:|1776085518\n|move|p2b: Garchomp|Rock Slide|p1a: Corviknight\n|-damage|p1a: Corviknight|91/100\n|move|p1a: Corviknight|Iron Defense|p1a: Corviknight\n|-boost|p1a: Corviknight|def|2\n|\n|-heal|p1a: Corviknight|97/100|[from] item: Leftovers\n|upkeep\n|turn|11\n|\n|t:|1776085527\n|move|p2b: Garchomp|Rock Slide|p1a: Corviknight\n|-crit|p1a: Corviknight\n|-damage|p1a: Corviknight|68/100\n|move|p1a: Corviknight|Body Press|p2b: Garchomp\n|-damage|p2b: Garchomp|9/100\n|-damage|p1a: Corviknight|55/100|[from] ability: Rough Skin|[of] p2b: Garchomp\n|\n|-heal|p1a: Corviknight|62/100|[from] item: Leftovers\n|upkeep\n|turn|12\n|\n|t:|1776085537\n|move|p2b: Garchomp|Rock Slide|p1a: Corviknight\n|-damage|p1a: Corviknight|55/100\n|move|p1a: Corviknight|Body Press|p2b: Garchomp\n|-damage|p2b: Garchomp|0 fnt\n|-damage|p1a: Corviknight|43/100|[from] ability: Rough Skin|[of] p2b: Garchomp\n|faint|p2b: Garchomp\n|\n|win|maku8319\n|raw|maku8319's rating: 1100 &rarr; <strong>1124</strong><br />(+24 for winning)\n|raw|pavo_02's rating: 1087 &rarr; <strong>1065</strong><br />(-22 for losing)\n",
  "uploadtime": 1776085547,
  "views": 25,
  "formatid": "gen9championsvgc2026regma",
  "rating": 1065,
  "private": 0,
  "password": null
}