{
  "id": "gen9championsvgc2026regma-2587478296",
  "format": "[Gen 9 Champions] VGC 2026 Reg M-A",
  "players": [
    "SpockyFrogo",
    "lelantospkmn"
  ],
  "log": "|j|\u2606SpockyFrogo\n|j|\u2606lelantospkmn\n|t:|1776535210\n|gametype|doubles\n|player|p1|SpockyFrogo|266|1232\n|player|p2|lelantospkmn|1|1228\n|gen|9\n|tier|[Gen 9 Champions] VGC 2026 Reg M-A\n|rated|\n|rule|Species Clause: Limit one of each Pok\u00e9mon\n|rule|Item Clause: Limit 1 of each item\n|clearpoke\n|poke|p1|Sylveon, L50, F|\n|poke|p1|Milotic, L50, F|\n|poke|p1|Golurk, L50|\n|poke|p1|Farigiraf, L50, F|\n|poke|p1|Arcanine-Hisui, L50, M|\n|poke|p1|Garchomp, L50, F|\n|poke|p2|Archaludon, L50, M|\n|poke|p2|Clefable, L50, M|\n|poke|p2|Milotic, L50, F|\n|poke|p2|Aerodactyl, L50, F, shiny|\n|poke|p2|Incineroar, L50, F|\n|poke|p2|Venusaur, L50, F|\n|teampreview|4\n|inactive|Battle timer is ON: inactive players will automatically lose when time's up. (requested by lelantospkmn)\n|\n|t:|1776535241\n|teamsize|p1|4\n|teamsize|p2|4\n|start\n|switch|p1a: Farigiraf|Farigiraf, L50, F|100/100\n|switch|p1b: Sylveon|Sylveon, L50, F|100/100\n|switch|p2a: Venusaur|Venusaur, L50, F|100/100\n|switch|p2b: Aerodactyl|Aerodactyl, L50, F, shiny|100/100\n|-ability|p2b: Aerodactyl|Pressure\n|turn|1\n|inactive|SpockyFrogo has 30 seconds left.\n|\n|t:|1776535273\n|detailschange|p2a: Venusaur|Venusaur-Mega, L50, F\n|-mega|p2a: Venusaur|Venusaur|Venusaurite\n|move|p2b: Aerodactyl|Tailwind|p2b: Aerodactyl\n|-sidestart|p2: lelantospkmn|move: Tailwind\n|move|p2a: Venusaur|Sludge Bomb|p1b: Sylveon\n|-supereffective|p1b: Sylveon|1\n|-damage|p1b: Sylveon|21/100\n|move|p1b: Sylveon|Hyper Voice|p2a: Venusaur|[spread] p2a,p2b\n|-resisted|p2a: Venusaur|1\n|-damage|p2a: Venusaur|79/100\n|-damage|p2b: Aerodactyl|27/100\n|move|p1a: Farigiraf|Trick Room|p1a: Farigiraf\n|-fieldstart|move: Trick Room|[of] p1a: Farigiraf\n|\n|upkeep\n|turn|2\n|inactive|lelantospkmn has 30 seconds left.\n|\n|t:|1776535303\n|move|p2b: Aerodactyl|Protect|p2b: Aerodactyl\n|-singleturn|p2b: Aerodactyl|Protect\n|move|p1a: Farigiraf|Hyper Voice|p2a: Venusaur|[spread] p2a\n|-activate|p2b: Aerodactyl|move: Protect\n|-damage|p2a: Venusaur|48/100\n|move|p1b: Sylveon|Mystical Fire|p2a: Venusaur\n|-supereffective|p2a: Venusaur|1\n|-damage|p2a: Venusaur|24/100\n|-unboost|p2a: Venusaur|spa|1\n|move|p2a: Venusaur|Sludge Bomb|p1b: Sylveon\n|-supereffective|p1b: Sylveon|1\n|-damage|p1b: Sylveon|0 fnt\n|faint|p1b: Sylveon\n|\n|upkeep\n|\n|t:|1776535317\n|switch|p1b: Golurk|Golurk, L50|100/100\n|turn|3\n|\n|t:|1776535338\n|switch|p2a: Milotic|Milotic, L50, F|100/100\n|detailschange|p1b: Golurk|Golurk-Mega, L50\n|-mega|p1b: Golurk|Golurk|Golurkite\n|move|p1a: Farigiraf|Hyper Voice|p2a: Milotic|[spread] p2a,p2b\n|-resisted|p2b: Aerodactyl|1\n|-damage|p2a: Milotic|73/100\n|-damage|p2b: Aerodactyl|2/100\n|move|p1b: Golurk|Poltergeist|p2a: Milotic\n|-activate|p2a: Milotic|move: Poltergeist|Quick Claw\n|-damage|p2a: Milotic|0 fnt\n|faint|p2a: Milotic\n|move|p2b: Aerodactyl|Dual Wingbeat|p1a: Farigiraf\n|-damage|p1a: Farigiraf|82/100\n|-damage|p1a: Farigiraf|63/100\n|-hitcount|p1a: Farigiraf|2\n|\n|upkeep\n|\n|t:|1776535359\n|switch|p2a: Archaludon|Archaludon, L50, M|100/100\n|turn|4\n|\n|t:|1776535373\n|move|p2a: Archaludon|Protect|p2a: Archaludon\n|-singleturn|p2a: Archaludon|Protect\n|move|p1a: Farigiraf|Hyper Voice|p2a: Archaludon|[spread] p2b\n|-activate|p2a: Archaludon|move: Protect\n|-resisted|p2b: Aerodactyl|1\n|-damage|p2b: Aerodactyl|0 fnt\n|faint|p2b: Aerodactyl\n|move|p1b: Golurk|Headlong Rush|p2a: Archaludon\n|-supereffective|p2a: Archaludon|1\n|-crit|p2a: Archaludon\n|-ability|p1b: Golurk|Unseen Fist\n|-zbroken|p2a: Archaludon\n|-damage|p2a: Archaludon|54/100\n|-unboost|p1b: Golurk|def|1\n|-unboost|p1b: Golurk|spd|1\n|-ability|p2a: Archaludon|Stamina|boost\n|-boost|p2a: Archaludon|def|1\n|\n|-heal|p2a: Archaludon|60/100|[from] item: Leftovers\n|-sideend|p2: lelantospkmn|move: Tailwind\n|upkeep\n|\n|t:|1776535382\n|switch|p2b: Venusaur|Venusaur-Mega, L50, F|24/100\n|turn|5\n|inactive|SpockyFrogo has 30 seconds left.\n|\n|t:|1776535413\n|move|p2a: Archaludon|Protect||[still]\n|-fail|p2a: Archaludon\n|move|p2b: Venusaur|Protect|p2b: Venusaur\n|-singleturn|p2b: Venusaur|Protect\n|move|p1a: Farigiraf|Psychic|p2a: Archaludon\n|-resisted|p2a: Archaludon|1\n|-damage|p2a: Archaludon|36/100\n|-unboost|p2a: Archaludon|spd|1\n|-ability|p2a: Archaludon|Stamina|boost\n|-boost|p2a: Archaludon|def|1\n|move|p1b: Golurk|Headlong Rush|p2a: Archaludon\n|-supereffective|p2a: Archaludon|1\n|-damage|p2a: Archaludon|0 fnt\n|-unboost|p1b: Golurk|def|1\n|-unboost|p1b: Golurk|spd|1\n|faint|p2a: Archaludon\n|\n|-fieldend|move: Trick Room\n|upkeep\n|turn|6\n|\n|t:|1776535435\n|move|p1b: Golurk|Protect|p1b: Golurk\n|-singleturn|p1b: Golurk|Protect\n|move|p2b: Venusaur|Energy Ball|p1b: Golurk\n|-activate|p1b: Golurk|move: Protect\n|move|p1a: Farigiraf|Trick Room|p1a: Farigiraf\n|-fieldstart|move: Trick Room|[of] p1a: Farigiraf\n|\n|upkeep\n|turn|7\n|-message|lelantospkmn forfeited.\n|\n|win|SpockyFrogo\n|raw|SpockyFrogo's rating: 1232 &rarr; <strong>1257</strong><br />(+25 for winning)\n|raw|lelantospkmn's rating: 1228 &rarr; <strong>1203</strong><br />(-25 for losing)\n|l|\u2606lelantospkmn\n|player|p2|\n",
  "uploadtime": 1776535444,
  "views": 25,
  "formatid": "gen9championsvgc2026regma",
  "rating": 1203,
  "private": 0,
  "password": null
}