{
  "id": "gen9championsvgc2026regma-2587361302",
  "format": "[Gen 9 Champions] VGC 2026 Reg M-A",
  "players": [
    "Juice_Polydot",
    "Inferno_Dein"
  ],
  "log": "|j|\u2606Juice_Polydot\n|j|\u2606Inferno_Dein\n|t:|1776525335\n|gametype|doubles\n|player|p1|Juice_Polydot|101|1031\n|player|p2|Inferno_Dein|n|1091\n|gen|9\n|tier|[Gen 9 Champions] VGC 2026 Reg M-A\n|rated|\n|rule|Species Clause: Limit one of each Pok\u00e9mon\n|rule|Item Clause: Limit 1 of each item\n|clearpoke\n|poke|p1|Floette-Eternal, L50, F|\n|poke|p1|Ariados, L50, F, shiny|\n|poke|p1|Snorlax, L50, M, shiny|\n|poke|p1|Incineroar, L50, M|\n|poke|p1|Basculegion, L50, M|\n|poke|p1|Kommo-o, L50, M|\n|poke|p2|Glimmora, L50, M, shiny|\n|poke|p2|Ninetales-Alola, L50, M, shiny|\n|poke|p2|Corviknight, L50, F|\n|poke|p2|Garchomp, L50, M|\n|poke|p2|Gyarados, L50, M|\n|poke|p2|Volcarona, L50, M|\n|teampreview|4\n|inactive|Battle timer is ON: inactive players will automatically lose when time's up. (requested by Inferno_Dein)\n|inactive|Inferno_Dein has 60 seconds left.\n|inactive|Inferno_Dein has 30 seconds left.\n|\n|t:|1776525398\n|teamsize|p1|4\n|teamsize|p2|4\n|start\n|switch|p1a: Floette|Floette-Eternal, L50, F|100/100\n|switch|p1b: Incineroar|Incineroar, L50, M|100/100\n|switch|p2a: Garchomp|Garchomp, L50, M|100/100\n|switch|p2b: Glimmora|Glimmora, L50, M, shiny|100/100\n|-ability|p1b: Incineroar|Intimidate|boost\n|-unboost|p2a: Garchomp|atk|1\n|-unboost|p2b: Glimmora|atk|1\n|turn|1\n|\n|t:|1776525425\n|switch|p2a: Ninetales|Ninetales-Alola, L50, M, shiny|100/100\n|-weather|Snowscape|[from] ability: Snow Warning|[of] p2a: Ninetales\n|detailschange|p1a: Floette|Floette-Mega, L50, F\n|-mega|p1a: Floette|Floette|Floettite\n|-ability|p1a: Floette|Fairy Aura\n|move|p1b: Incineroar|Fake Out|p2b: Glimmora\n|-resisted|p2b: Glimmora|1\n|-damage|p2b: Glimmora|92/100\n|-activate|p2b: Glimmora|ability: Toxic Debris\n|-sidestart|p1: Juice_Polydot|move: Toxic Spikes\n|move|p1a: Floette|Dazzling Gleam|p2b: Glimmora|[spread] p2a,p2b\n|-resisted|p2b: Glimmora|1\n|-damage|p2a: Ninetales|38/100\n|-damage|p2b: Glimmora|61/100\n|cant|p2b: Glimmora|flinch\n|\n|-weather|Snowscape|[upkeep]\n|upkeep\n|turn|2\n|\n|t:|1776525450\n|move|p2a: Ninetales|Aurora Veil|p2a: Ninetales\n|-sidestart|p2: Inferno_Dein|move: Aurora Veil\n|move|p1a: Floette|Moonblast|p2b: Glimmora\n|-resisted|p2b: Glimmora|1\n|-damage|p2b: Glimmora|23/100\n|move|p2b: Glimmora|Substitute|p2b: Glimmora\n|-fail|p2b: Glimmora|move: Substitute|[weak]\n|move|p1b: Incineroar|Parting Shot|p2b: Glimmora\n|-unboost|p2b: Glimmora|atk|1\n|-unboost|p2b: Glimmora|spa|1\n|\n|t:|1776525459\n|switch|p1b: Ariados|Ariados, L50, F, shiny|100/100|[from] Parting Shot\n|-sideend|p1: Juice_Polydot|move: Toxic Spikes|[of] p1b: Ariados\n|\n|-weather|Snowscape|[upkeep]\n|upkeep\n|turn|3\n|inactive|Juice_Polydot has 30 seconds left.\n|\n|t:|1776525486\n|move|p2b: Glimmora|Spiky Shield|p2b: Glimmora\n|-singleturn|p2b: Glimmora|move: Protect\n|move|p2a: Ninetales|Blizzard|p1a: Floette|[spread] p1a,p1b\n|-damage|p1a: Floette|77/100\n|-damage|p1b: Ariados|56/100\n|move|p1a: Floette|Psychic|p2b: Glimmora\n|-activate|p2b: Glimmora|move: Protect\n|move|p1b: Ariados|Struggle Bug|p2a: Ninetales|[spread] p2a\n|-activate|p2b: Glimmora|move: Protect\n|-resisted|p2a: Ninetales|1\n|-damage|p2a: Ninetales|34/100\n|-unboost|p2a: Ninetales|spa|1\n|\n|-weather|Snowscape|[upkeep]\n|upkeep\n|turn|4\n|inactive|Juice_Polydot has 30 seconds left.\n|inactive|Inferno_Dein has 30 seconds left.\n|inactive|Juice_Polydot has 20 seconds left.\n|inactive|Inferno_Dein has 20 seconds left.\n|\n|t:|1776525525\n|move|p2a: Ninetales|Encore|p1a: Floette\n|-start|p1a: Floette|Encore\n|move|p1a: Floette|Psychic|p2b: Glimmora\n|-supereffective|p2b: Glimmora|1\n|-damage|p2b: Glimmora|0 fnt\n|faint|p2b: Glimmora\n|move|p1b: Ariados|String Shot|p2a: Ninetales\n|-unboost|p2a: Ninetales|spe|2\n|\n|-weather|Snowscape|[upkeep]\n|upkeep\n|\n|t:|1776525531\n|switch|p2b: Garchomp|Garchomp, L50, M|100/100\n|turn|5\n|\n|t:|1776525544\n|switch|p1a: Incineroar|Incineroar, L50, M|100/100\n|-ability|p1a: Incineroar|Intimidate|boost\n|-unboost|p2a: Ninetales|atk|1\n|-unboost|p2b: Garchomp|atk|1\n|move|p2b: Garchomp|Rock Slide|p1a: Incineroar|[spread] p1a\n|-miss|p2b: Garchomp|p1b: Ariados\n|-supereffective|p1a: Incineroar|1\n|-damage|p1a: Incineroar|72/100\n|move|p2a: Ninetales|Blizzard|p1a: Incineroar|[spread] p1a,p1b\n|-resisted|p1a: Incineroar|1\n|-damage|p1a: Incineroar|62/100\n|-damage|p1b: Ariados|28/100\n|move|p1b: Ariados|String Shot|p2b: Garchomp|[spread] p2a,p2b\n|-unboost|p2a: Ninetales|spe|2\n|-unboost|p2b: Garchomp|spe|2\n|\n|-weather|none\n|upkeep\n|turn|6\n|inactive|Juice_Polydot has 30 seconds left.\n|inactive|Inferno_Dein has 30 seconds left.\n|\n|t:|1776525573\n|move|p1a: Incineroar|Fake Out|p2b: Garchomp\n|-damage|p2b: Garchomp|90/100\n|-damage|p1a: Incineroar|49/100|[from] ability: Rough Skin|[of] p2b: Garchomp\n|-enditem|p1a: Incineroar|Sitrus Berry|[eat]\n|-heal|p1a: Incineroar|74/100|[from] item: Sitrus Berry\n|cant|p2b: Garchomp|flinch\n|move|p1b: Ariados|Toxic Spikes|p2a: Ninetales\n|-sidestart|p2: Inferno_Dein|move: Toxic Spikes\n|move|p2a: Ninetales|Moonblast|p1b: Ariados|[miss]\n|-miss|p2a: Ninetales|p1b: Ariados\n|\n|-sideend|p2: Inferno_Dein|move: Aurora Veil\n|upkeep\n|turn|7\n|\n|t:|1776525597\n|switch|p2b: Gyarados|Gyarados, L50, M|100/100\n|-ability|p2b: Gyarados|Intimidate|boost\n|-unboost|p1a: Incineroar|atk|1\n|-unboost|p1b: Ariados|atk|1\n|move|p1a: Incineroar|Flare Blitz|p2a: Ninetales\n|-supereffective|p2a: Ninetales|1\n|-damage|p2a: Ninetales|0 fnt\n|faint|p2a: Ninetales\n|-damage|p1a: Incineroar|66/100|[from] Recoil\n|move|p1b: Ariados|String Shot|p2b: Gyarados\n|-unboost|p2b: Gyarados|spe|2\n|\n|upkeep\n|\n|t:|1776525604\n|switch|p2a: Garchomp|Garchomp, L50, M|90/100\n|-status|p2a: Garchomp|psn\n|turn|8\n|\n|t:|1776525625\n|move|p2a: Garchomp|Earthquake|p1b: Ariados|[spread] p1a\n|-immune|p2b: Gyarados\n|-miss|p2a: Garchomp|p1b: Ariados\n|-supereffective|p1a: Incineroar|1\n|-damage|p1a: Incineroar|0 fnt\n|faint|p1a: Incineroar\n|move|p2b: Gyarados|Dragon Dance|p2b: Gyarados\n|-boost|p2b: Gyarados|atk|1\n|-boost|p2b: Gyarados|spe|1\n|move|p1b: Ariados|String Shot|p2a: Garchomp|[spread] p2a\n|-miss|p1b: Ariados|p2b: Gyarados\n|-unboost|p2a: Garchomp|spe|2\n|\n|-damage|p2a: Garchomp|78/100 psn|[from] psn\n|upkeep\n|\n|t:|1776525646\n|switch|p1a: Floette|Floette-Mega, L50, F|77/100\n|-ability|p1a: Floette|Fairy Aura\n|turn|9\n|\n|t:|1776525658\n|move|p1b: Ariados|Rage Powder|p1b: Ariados\n|-singleturn|p1b: Ariados|move: Rage Powder\n|move|p1a: Floette|Dazzling Gleam|p2a: Garchomp|[spread] p2a,p2b\n|-supereffective|p2a: Garchomp|1\n|-damage|p2a: Garchomp|0 fnt\n|-damage|p2b: Gyarados|46/100\n|faint|p2a: Garchomp\n|move|p2b: Gyarados|Waterfall|p1b: Ariados\n|-crit|p1b: Ariados\n|-damage|p1b: Ariados|0 fnt\n|faint|p1b: Ariados\n|\n|upkeep\n|\n|t:|1776525667\n|switch|p1b: Snorlax|Snorlax, L50, M, shiny|100/100\n|turn|10\n|\n|t:|1776525676\n|move|p1b: Snorlax|Helping Hand|p1a: Floette\n|-singleturn|p1a: Floette|Helping Hand|[of] p1b: Snorlax\n|move|p2b: Gyarados|Protect|p2b: Gyarados\n|-singleturn|p2b: Gyarados|Protect\n|move|p1a: Floette|Moonblast|p2b: Gyarados\n|-activate|p2b: Gyarados|move: Protect\n|\n|upkeep\n|turn|11\n|-message|Inferno_Dein forfeited.\n|\n|win|Juice_Polydot\n|raw|Juice_Polydot's rating: 1031 &rarr; <strong>1072</strong><br />(+41 for winning)\n|raw|Inferno_Dein's rating: 1091 &rarr; <strong>1063</strong><br />(-28 for losing)\n|l|\u2606Inferno_Dein\n|player|p2|\n",
  "uploadtime": 1776525692,
  "views": 21,
  "formatid": "gen9championsvgc2026regma",
  "rating": 1063,
  "private": 0,
  "password": null
}