{
  "id": "gen9championsvgc2026regma-2585490781",
  "format": "[Gen 9 Champions] VGC 2026 Reg M-A",
  "players": [
    "MioTheBruh",
    "Yamimari"
  ],
  "log": "|j|\u2606MioTheBruh\n|j|\u2606Yamimari\n|t:|1776351073\n|gametype|doubles\n|player|p1|MioTheBruh|roxie|1113\n|player|p2|Yamimari|n|1138\n|gen|9\n|tier|[Gen 9 Champions] VGC 2026 Reg M-A\n|rated|\n|rule|Species Clause: Limit one of each Pok\u00e9mon\n|rule|Item Clause: Limit 1 of each item\n|clearpoke\n|poke|p1|Gengar, L50, M|\n|poke|p1|Incineroar, L50, F|\n|poke|p1|Whimsicott, L50, M|\n|poke|p1|Maushold-Four, L50|\n|poke|p1|Dragapult, L50, F|\n|poke|p1|Corviknight, L50, F|\n|poke|p2|Blastoise, L50, M|\n|poke|p2|Raichu, L50, M|\n|poke|p2|Pelipper, L50, M|\n|poke|p2|Sinistcha, L50|\n|poke|p2|Archaludon, L50, M|\n|poke|p2|Lycanroc, L50, M|\n|teampreview|4\n|inactive|Battle timer is ON: inactive players will automatically lose when time's up. (requested by MioTheBruh)\n|inactive|Yamimari has 60 seconds left.\n|\n|t:|1776351106\n|teamsize|p1|4\n|teamsize|p2|4\n|start\n|switch|p1a: Corviknight|Corviknight, L50, F, shiny|100/100\n|switch|p1b: Incineroar|Incineroar, L50, F|100/100\n|switch|p2a: Pippins|Raichu, L50, M|100/100\n|switch|p2b: Harbor|Blastoise, L50, M|100/100\n|-ability|p1b: Incineroar|Intimidate|boost\n|-unboost|p2a: Pippins|atk|1\n|-unboost|p2b: Harbor|atk|1\n|turn|1\n|\n|t:|1776351119\n|detailschange|p2b: Harbor|Blastoise-Mega, L50, M\n|-mega|p2b: Harbor|Blastoise|Blastoisinite\n|move|p2a: Pippins|Fake Out|p1b: Incineroar\n|-damage|p1b: Incineroar|96/100\n|cant|p1b: Incineroar|flinch\n|move|p2b: Harbor|Shell Smash|p2b: Harbor\n|-unboost|p2b: Harbor|def|1\n|-unboost|p2b: Harbor|spd|1\n|-boost|p2b: Harbor|atk|2\n|-boost|p2b: Harbor|spa|2\n|-boost|p2b: Harbor|spe|2\n|move|p1a: Corviknight|Tailwind|p1a: Corviknight\n|-sidestart|p1: MioTheBruh|move: Tailwind\n|\n|upkeep\n|turn|2\n|inactive|Yamimari has 30 seconds left.\n|\n|t:|1776351150\n|move|p2b: Harbor|Water Spout|p1a: Corviknight|[spread] p1a,p1b\n|-supereffective|p1b: Incineroar|1\n|-damage|p1a: Corviknight|0 fnt\n|-damage|p1b: Incineroar|0 fnt\n|faint|p1a: Corviknight\n|faint|p1b: Incineroar\n|move|p2a: Pippins|Nuzzle|p1: Corviknight|[notarget]\n|-fail|p2a: Pippins\n|\n|upkeep\n|\n|t:|1776351154\n|switch|p1a: Whimsicott|Whimsicott, L50, M|100/100\n|switch|p1b: Gengar|Gengar, L50, M, shiny|100/100\n|turn|3\n|\n|t:|1776351173\n|detailschange|p1b: Gengar|Gengar-Mega, L50, M, shiny\n|-mega|p1b: Gengar|Gengar|Gengarite\n|move|p2b: Harbor|Protect|p2b: Harbor\n|-singleturn|p2b: Harbor|Protect\n|move|p1a: Whimsicott|Fake Tears|p2a: Pippins\n|-unboost|p2a: Pippins|spd|2\n|move|p1b: Gengar|Shadow Ball|p2b: Harbor\n|-activate|p2b: Harbor|move: Protect\n|move|p2a: Pippins|Nuzzle|p1b: Gengar\n|-damage|p1b: Gengar|93/100\n|-status|p1b: Gengar|par\n|\n|upkeep\n|turn|4\n|\n|t:|1776351196\n|move|p1a: Whimsicott|Encore|p2b: Harbor\n|-start|p2b: Harbor|Encore\n|move|p2b: Harbor|Protect||[still]\n|-fail|p2b: Harbor\n|move|p1b: Gengar|Shadow Ball|p2b: Harbor\n|-damage|p2b: Harbor|33/100\n|move|p2a: Pippins|Electroweb|p1b: Gengar|[spread] p1a,p1b\n|-resisted|p1a: Whimsicott|1\n|-damage|p1a: Whimsicott|90/100\n|-damage|p1b: Gengar|73/100 par\n|-unboost|p1a: Whimsicott|spe|1\n|-unboost|p1b: Gengar|spe|1\n|\n|-sideend|p1: MioTheBruh|move: Tailwind\n|upkeep\n|turn|5\n|\n|t:|1776351216\n|move|p2b: Harbor|Protect|p2b: Harbor\n|-singleturn|p2b: Harbor|Protect\n|move|p1a: Whimsicott|Encore|p2b: Harbor\n|-activate|p2b: Harbor|move: Protect\n|move|p2a: Pippins|Electroweb|p1a: Whimsicott|[spread] p1a,p1b\n|-resisted|p1a: Whimsicott|1\n|-damage|p1a: Whimsicott|80/100\n|-damage|p1b: Gengar|52/100 par\n|-unboost|p1a: Whimsicott|spe|1\n|-unboost|p1b: Gengar|spe|1\n|move|p1b: Gengar|Shadow Ball|p2b: Harbor\n|-activate|p2b: Harbor|move: Protect\n|\n|upkeep\n|turn|6\n|\n|t:|1776351228\n|move|p2b: Harbor|Protect||[still]\n|-fail|p2b: Harbor\n|move|p1a: Whimsicott|Encore||[still]\n|-fail|p1a: Whimsicott\n|move|p2a: Pippins|Electroweb|p1a: Whimsicott|[spread] p1a,p1b\n|-resisted|p1a: Whimsicott|1\n|-damage|p1a: Whimsicott|71/100\n|-damage|p1b: Gengar|32/100 par\n|-unboost|p1a: Whimsicott|spe|1\n|-unboost|p1b: Gengar|spe|1\n|move|p1b: Gengar|Nasty Plot|p1b: Gengar\n|-boost|p1b: Gengar|spa|2\n|\n|-end|p2b: Harbor|Encore\n|upkeep\n|turn|7\n|\n|t:|1776351241\n|cant|p1b: Gengar|par\n|move|p1a: Whimsicott|Tailwind|p1a: Whimsicott\n|-sidestart|p1: MioTheBruh|move: Tailwind\n|move|p2b: Harbor|Water Spout|p1b: Gengar|[spread] p1a,p1b\n|-resisted|p1a: Whimsicott|1\n|-damage|p1a: Whimsicott|44/100\n|-damage|p1b: Gengar|0 fnt\n|faint|p1b: Gengar\n|move|p2a: Pippins|Electroweb|p1a: Whimsicott\n|-resisted|p1a: Whimsicott|1\n|-damage|p1a: Whimsicott|30/100\n|-unboost|p1a: Whimsicott|spe|1\n|\n|upkeep\n|turn|8\n|-message|MioTheBruh forfeited.\n|\n|win|Yamimari\n|raw|MioTheBruh's rating: 1113 &rarr; <strong>1090</strong><br />(-23 for losing)\n|raw|Yamimari's rating: 1138 &rarr; <strong>1161</strong><br />(+23 for winning)\n|l|\u2606MioTheBruh\n|player|p1|\n",
  "uploadtime": 1776351258,
  "views": 24,
  "formatid": "gen9championsvgc2026regma",
  "rating": 1090,
  "private": 0,
  "password": null
}