{
  "id": "gen9championsvgc2026regma-2582436494",
  "format": "[Gen 9 Champions] VGC 2026 Reg M-A",
  "players": [
    "Zapdos79",
    "Tredog888"
  ],
  "log": "|j|\u2606Zapdos79\n|j|\u2606Tredog888\n|t:|1776091583\n|gametype|doubles\n|player|p1|Zapdos79|flannery|1050\n|player|p2|Tredog888|266|1018\n|gen|9\n|tier|[Gen 9 Champions] VGC 2026 Reg M-A\n|rated|\n|rule|Species Clause: Limit one of each Pok\u00e9mon\n|rule|Item Clause: Limit 1 of each item\n|clearpoke\n|poke|p1|Tyranitar, L50, F|\n|poke|p1|Talonflame, L50, F|\n|poke|p1|Excadrill, L50, F|\n|poke|p1|Meganium, L50, M|\n|poke|p1|Farigiraf, L50, F|\n|poke|p1|Incineroar, L50, M|\n|poke|p2|Floette-Eternal, L50, F|\n|poke|p2|Milotic, L50, F|\n|poke|p2|Sneasler, L50, M|\n|poke|p2|Drampa, L50, F|\n|poke|p2|Maushold-Four, L50|\n|poke|p2|Delphox, L50, F|\n|teampreview|4\n|inactive|Battle timer is ON: inactive players will automatically lose when time's up. (requested by Tredog888)\n|\n|t:|1776091628\n|teamsize|p1|4\n|teamsize|p2|4\n|start\n|switch|p1a: Tyranitar|Tyranitar, L50, F|100/100\n|switch|p1b: Farigiraf|Farigiraf, L50, F|100/100\n|switch|p2a: Milotic|Milotic, L50, F, shiny|100/100\n|switch|p2b: Delphox|Delphox, L50, F|100/100\n|-weather|Sandstorm|[from] ability: Sand Stream|[of] p1a: Tyranitar\n|turn|1\n|inactive|Tredog888 has 30 seconds left.\n|\n|t:|1776091660\n|switch|p2b: Sneasler|Sneasler, L50, M, shiny|100/100\n|move|p1b: Farigiraf|Ally Switch|p1b: Farigiraf\n|swap|p1b: Farigiraf|0|[from] move: Ally Switch\n|move|p1b: Tyranitar|Knock Off|p2a: Milotic\n|-damage|p2a: Milotic|40/100\n|-enditem|p2a: Milotic|Leftovers|[from] move: Knock Off|[of] p1b: Tyranitar\n|move|p2a: Milotic|Scald|p1b: Tyranitar\n|-supereffective|p1b: Tyranitar|1\n|-damage|p1b: Tyranitar|49/100\n|-status|p1b: Tyranitar|brn\n|\n|-weather|Sandstorm|[upkeep]\n|-damage|p2b: Sneasler|95/100|[from] Sandstorm\n|-damage|p2a: Milotic|34/100|[from] Sandstorm\n|-damage|p1a: Farigiraf|94/100|[from] Sandstorm\n|-damage|p1b: Tyranitar|43/100 brn|[from] brn\n|upkeep\n|turn|2\n|inactive|Zapdos79 has 30 seconds left.\n|inactive|Tredog888 has 30 seconds left.\n|inactive|Tredog888 has 20 seconds left.\n|inactive|Tredog888 has 15 seconds left.\n|inactive|Tredog888 has 10 seconds left.\n|inactive|Tredog888 has 5 seconds left.\n|\n|t:|1776091713\n|move|p2b: Sneasler|Dire Claw|p1a: Farigiraf\n|-damage|p1a: Farigiraf|51/100\n|move|p1b: Tyranitar|Breaking Swipe|p2b: Sneasler|[spread] p2a,p2b\n|-crit|p2b: Sneasler\n|-damage|p2a: Milotic|24/100\n|-damage|p2b: Sneasler|71/100\n|-unboost|p2a: Milotic|atk|1\n|-ability|p2a: Milotic|Competitive|boost\n|-boost|p2a: Milotic|spa|2\n|-unboost|p2b: Sneasler|atk|1\n|-enditem|p2b: Sneasler|White Herb\n|-clearnegativeboost|p2b: Sneasler|[silent]\n|move|p2a: Milotic|Scald|p1a: Farigiraf\n|-damage|p1a: Farigiraf|0 fnt\n|faint|p1a: Farigiraf\n|\n|-weather|Sandstorm|[upkeep]\n|-damage|p2b: Sneasler|65/100|[from] Sandstorm\n|-damage|p2a: Milotic|18/100|[from] Sandstorm\n|-damage|p1b: Tyranitar|38/100 brn|[from] brn\n|upkeep\n|\n|t:|1776091736\n|switch|p1a: Excadrill|Excadrill, L50, F|100/100\n|turn|3\n|inactive|Tredog888 has 30 seconds left.\n|\n|t:|1776091765\n|move|p2b: Sneasler|Protect|p2b: Sneasler\n|-singleturn|p2b: Sneasler|Protect\n|move|p1a: Excadrill|High Horsepower|p2b: Sneasler\n|-activate|p2b: Sneasler|move: Protect\n|move|p1b: Tyranitar|Rock Slide|p2a: Milotic|[spread] p2a\n|-activate|p2b: Sneasler|move: Protect\n|-damage|p2a: Milotic|2/100\n|move|p2a: Milotic|Scald|p1a: Excadrill\n|-supereffective|p1a: Excadrill|1\n|-damage|p1a: Excadrill|0 fnt\n|faint|p1a: Excadrill\n|\n|-weather|Sandstorm|[upkeep]\n|-damage|p2b: Sneasler|60/100|[from] Sandstorm\n|-damage|p2a: Milotic|0 fnt|[from] Sandstorm\n|faint|p2a: Milotic\n|-damage|p1b: Tyranitar|32/100 brn|[from] brn\n|upkeep\n|\n|t:|1776091784\n|switch|p1a: Talonflame|Talonflame, L50, F|100/100\n|switch|p2a: Drampa|Drampa, L50, F, shiny|100/100\n|-ability|p2a: Drampa|Cloud Nine\n|turn|4\n|\n|t:|1776091803\n|switch|p2b: Delphox|Delphox, L50, F|100/100\n|move|p1b: Tyranitar|Protect|p1b: Tyranitar\n|-singleturn|p1b: Tyranitar|Protect\n|move|p1a: Talonflame|Tailwind|p1a: Talonflame\n|-sidestart|p1: Zapdos79|move: Tailwind\n|move|p2a: Drampa|Thunderbolt|p1a: Talonflame\n|-supereffective|p1a: Talonflame|1\n|-damage|p1a: Talonflame|31/100\n|\n|-weather|Sandstorm|[upkeep]\n|-damage|p1b: Tyranitar|26/100 brn|[from] brn\n|upkeep\n|turn|5\n|inactive|Tredog888 has 30 seconds left.\n|\n|t:|1776091830\n|detailschange|p2b: Delphox|Delphox-Mega, L50, F\n|-mega|p2b: Delphox|Delphox|Delphoxite\n|move|p1a: Talonflame|Brave Bird|p2a: Drampa\n|-damage|p2a: Drampa|63/100\n|-damage|p1a: Talonflame|19/100|[from] Recoil\n|move|p1b: Tyranitar|Knock Off|p2b: Delphox\n|-supereffective|p2b: Delphox|1\n|-damage|p2b: Delphox|43/100\n|move|p2b: Delphox|Heat Wave|p1b: Tyranitar|[spread] p1a,p1b\n|-resisted|p1a: Talonflame|1\n|-crit|p1a: Talonflame\n|-resisted|p1b: Tyranitar|1\n|-damage|p1a: Talonflame|0 fnt\n|-damage|p1b: Tyranitar|6/100 brn\n|faint|p1a: Talonflame\n|move|p2a: Drampa|Hyper Voice|p1b: Tyranitar\n|-resisted|p1b: Tyranitar|1\n|-crit|p1b: Tyranitar\n|-damage|p1b: Tyranitar|0 fnt\n|faint|p1b: Tyranitar\n|\n|win|Tredog888\n|raw|Zapdos79's rating: 1050 &rarr; <strong>1031</strong><br />(-19 for losing)\n|raw|Tredog888's rating: 1018 &rarr; <strong>1059</strong><br />(+41 for winning)\n",
  "uploadtime": 1776091856,
  "views": 17,
  "formatid": "gen9championsvgc2026regma",
  "rating": 1031,
  "private": 0,
  "password": null
}