{
  "id": "gen9championsvgc2026regma-2587006649",
  "format": "[Gen 9 Champions] VGC 2026 Reg M-A",
  "players": [
    "izaneh",
    "spyninjahellfire"
  ],
  "log": "|j|\u2606izaneh\n|j|\u2606spyninjahellfire\n|t:|1776480533\n|gametype|doubles\n|player|p1|izaneh|riley|1103\n|player|p2|spyninjahellfire|brycenman|1162\n|gen|9\n|tier|[Gen 9 Champions] VGC 2026 Reg M-A\n|rated|\n|rule|Species Clause: Limit one of each Pok\u00e9mon\n|rule|Item Clause: Limit 1 of each item\n|clearpoke\n|poke|p1|Gallade, L50, M|\n|poke|p1|Whimsicott, L50, F|\n|poke|p1|Sneasler, L50, M|\n|poke|p1|Lucario, L50, M|\n|poke|p1|Azumarill, L50, F|\n|poke|p1|Sinistcha, L50|\n|poke|p2|Gengar, L50, M|\n|poke|p2|Incineroar, L50, F|\n|poke|p2|Politoed, L50, F|\n|poke|p2|Palafin, L50, M|\n|poke|p2|Kingambit, L50, F|\n|poke|p2|Sableye, L50, M|\n|teampreview|4\n|\n|t:|1776480580\n|teamsize|p1|4\n|teamsize|p2|4\n|start\n|switch|p1a: Sneasler|Sneasler, L50, M|100/100\n|switch|p1b: Sinistcha|Sinistcha, L50|100/100\n|switch|p2a: Gengar|Gengar, L50, M|100/100\n|switch|p2b: Sableye|Sableye, L50, M|100/100\n|turn|1\n|\n|t:|1776480609\n|detailschange|p2a: Gengar|Gengar-Mega, L50, M\n|-mega|p2a: Gengar|Gengar|Gengarite\n|move|p2b: Sableye|Fake Out|p1a: Sneasler\n|-damage|p1a: Sneasler|89/100\n|move|p1b: Sinistcha|Rage Powder|p1b: Sinistcha\n|-singleturn|p1b: Sinistcha|move: Rage Powder\n|move|p2a: Gengar|Shadow Ball|p1b: Sinistcha\n|-supereffective|p1b: Sinistcha|1\n|-damage|p1b: Sinistcha|0 fnt\n|faint|p1b: Sinistcha\n|cant|p1a: Sneasler|flinch\n|\n|upkeep\n|\n|t:|1776480634\n|switch|p1b: Gallade|Gallade, L50, M, shiny|100/100\n|turn|2\n|\n|t:|1776480654\n|move|p2b: Sableye|Detect|p2b: Sableye\n|-singleturn|p2b: Sableye|Protect\n|move|p2a: Gengar|Protect|p2a: Gengar\n|-singleturn|p2a: Gengar|Protect\n|move|p1a: Sneasler|Throat Chop|p2a: Gengar\n|-activate|p2a: Gengar|move: Protect\n|move|p1b: Gallade|Psycho Cut|p2a: Gengar\n|-activate|p2a: Gengar|move: Protect\n|\n|upkeep\n|turn|3\n|\n|t:|1776480677\n|switch|p2a: Incineroar|Incineroar, L50, F|100/100\n|-ability|p2a: Incineroar|Intimidate|boost\n|-unboost|p1a: Sneasler|atk|1\n|-unboost|p1b: Gallade|atk|1\n|-enditem|p1a: Sneasler|White Herb\n|-clearnegativeboost|p1a: Sneasler|[silent]\n|move|p2b: Sableye|Disable|p1a: Sneasler\n|-start|p1a: Sneasler|Disable|Throat Chop\n|cant|p1a: Sneasler|Disable|Throat Chop\n|move|p1b: Gallade|Psycho Cut|p2a: Incineroar\n|-immune|p2a: Incineroar\n|\n|upkeep\n|turn|4\n|\n|t:|1776480712\n|move|p2b: Sableye|Encore|p1b: Gallade\n|-start|p1b: Gallade|Encore\n|move|p1a: Sneasler|Dire Claw|p2b: Sableye\n|-resisted|p2b: Sableye|1\n|-damage|p2b: Sableye|75/100\n|move|p1b: Gallade|Psycho Cut|p2b: Sableye\n|-immune|p2b: Sableye\n|move|p2a: Incineroar|Parting Shot|p1b: Gallade\n|-unboost|p1b: Gallade|atk|1\n|-unboost|p1b: Gallade|spa|1\n|\n|t:|1776480724\n|switch|p2a: Gengar|Gengar-Mega, L50, M|100/100|[from] Parting Shot\n|\n|upkeep\n|turn|5\n|-message|izaneh forfeited.\n|\n|win|spyninjahellfire\n|raw|izaneh's rating: 1103 &rarr; <strong>1082</strong><br />(-21 for losing)\n|raw|spyninjahellfire's rating: 1162 &rarr; <strong>1183</strong><br />(+21 for winning)\n|l|\u2606izaneh\n|player|p1|\n",
  "uploadtime": 1776480731,
  "views": 15,
  "formatid": "gen9championsvgc2026regma",
  "rating": 1082,
  "private": 0,
  "password": null
}