{
  "id": "gen9championsvgc2026regma-2588338126",
  "format": "[Gen 9 Champions] VGC 2026 Reg M-A",
  "players": [
    "Mojanf",
    "Knoss"
  ],
  "log": "|j|\u2606Mojanf\n|j|\u2606Knoss\n|t:|1776625289\n|gametype|doubles\n|player|p1|Mojanf|265|1050\n|player|p2|Knoss|ingo-hisui|1124\n|gen|9\n|tier|[Gen 9 Champions] VGC 2026 Reg M-A\n|rated|\n|rule|Species Clause: Limit one of each Pok\u00e9mon\n|rule|Item Clause: Limit 1 of each item\n|clearpoke\n|poke|p1|Kommo-o, L50, F|\n|poke|p1|Sinistcha, L50|\n|poke|p1|Sableye, L50, M|\n|poke|p1|Scizor, L50, F|\n|poke|p1|Incineroar, L50, M|\n|poke|p1|Aegislash, L50, M|\n|poke|p2|Incineroar, L50, M|\n|poke|p2|Sinistcha, L50|\n|poke|p2|Tyranitar, L50, M|\n|poke|p2|Excadrill, L50, F|\n|poke|p2|Farigiraf, L50, F|\n|poke|p2|Drampa, L50, F|\n|teampreview|4\n|inactive|Battle timer is ON: inactive players will automatically lose when time's up. (requested by Mojanf)\n|inactive|Mojanf has 60 seconds left.\n|\n|t:|1776625323\n|teamsize|p1|4\n|teamsize|p2|4\n|start\n|switch|p1a: Scizor|Scizor, L50, F|100/100\n|switch|p1b: Sableye|Sableye, L50, M|100/100\n|switch|p2a: Incineroar|Incineroar, L50, M|100/100\n|switch|p2b: Farigiraf|Farigiraf, L50, F|100/100\n|-ability|p2a: Incineroar|Intimidate|boost\n|-unboost|p1a: Scizor|atk|1\n|-unboost|p1b: Sableye|atk|1\n|turn|1\n|inactive|Mojanf has 30 seconds left.\n|inactive|Mojanf has 20 seconds left.\n|inactive|Knoss has 30 seconds left.\n|inactive|Mojanf has 15 seconds left.\n|inactive|Mojanf has 10 seconds left.\n|inactive|Mojanf has 5 seconds left.\n|\n|t:|1776625376\n|switch|p1a: Incineroar|Incineroar, L50, M|100/100\n|-ability|p1a: Incineroar|Intimidate|boost\n|-unboost|p2a: Incineroar|atk|1\n|-unboost|p2b: Farigiraf|atk|1\n|move|p2a: Incineroar|Fake Out|p1a: Incineroar\n|-damage|p1a: Incineroar|92/100\n|move|p1b: Sableye|Reflect|p1b: Sableye\n|-sidestart|p1: Mojanf|Reflect\n|move|p2b: Farigiraf|Trick Room|p2b: Farigiraf\n|-fieldstart|move: Trick Room|[of] p2b: Farigiraf\n|\n|-heal|p1a: Incineroar|98/100|[from] item: Leftovers\n|upkeep\n|turn|2\n|inactive|Mojanf has 30 seconds left.\n|\n|t:|1776625404\n|switch|p1b: Scizor|Scizor, L50, F|100/100\n|move|p2b: Farigiraf|Calm Mind|p2b: Farigiraf\n|-boost|p2b: Farigiraf|spa|1\n|-boost|p2b: Farigiraf|spd|1\n|move|p1a: Incineroar|Throat Chop|p2b: Farigiraf\n|-supereffective|p2b: Farigiraf|1\n|-damage|p2b: Farigiraf|41/100\n|-start|p2b: Farigiraf|Throat Chop|[silent]\n|move|p2a: Incineroar|Parting Shot|p1a: Incineroar\n|-unboost|p1a: Incineroar|atk|1\n|-unboost|p1a: Incineroar|spa|1\n|\n|t:|1776625414\n|switch|p2a: Drampa|Drampa, L50, F|100/100|[from] Parting Shot\n|\n|-heal|p1a: Incineroar|100/100|[from] item: Leftovers\n|upkeep\n|turn|3\n|inactive|Mojanf has 30 seconds left.\n|inactive|Knoss has 30 seconds left.\n|\n|t:|1776625448\n|switch|p2b: Incineroar|Incineroar, L50, M|100/100\n|-ability|p2b: Incineroar|Intimidate|boost\n|-unboost|p1a: Incineroar|atk|1\n|-unboost|p1b: Scizor|atk|1\n|detailschange|p2a: Drampa|Drampa-Mega, L50, F\n|-mega|p2a: Drampa|Drampa|Drampanite\n|detailschange|p1b: Scizor|Scizor-Mega, L50, F\n|-mega|p1b: Scizor|Scizor|Scizorite\n|move|p2a: Drampa|Earth Power|p1a: Incineroar\n|-supereffective|p1a: Incineroar|1\n|-damage|p1a: Incineroar|36/100\n|move|p1a: Incineroar|Throat Chop|p2b: Incineroar\n|-resisted|p2b: Incineroar|1\n|-damage|p2b: Incineroar|92/100\n|-start|p2b: Incineroar|Throat Chop|[silent]\n|move|p1b: Scizor|Close Combat|p2a: Drampa\n|-supereffective|p2a: Drampa|1\n|-damage|p2a: Drampa|45/100\n|-unboost|p1b: Scizor|def|1\n|-unboost|p1b: Scizor|spd|1\n|-ability|p2a: Drampa|Berserk|boost\n|-boost|p2a: Drampa|spa|1\n|\n|-heal|p1a: Incineroar|42/100|[from] item: Leftovers\n|upkeep\n|turn|4\n|inactive|Mojanf has 30 seconds left.\n|inactive|Knoss has 30 seconds left.\n|\n|t:|1776625479\n|switch|p1a: Sableye|Sableye, L50, M|100/100\n|move|p2a: Drampa|Protect|p2a: Drampa\n|-singleturn|p2a: Drampa|Protect\n|move|p1b: Scizor|Protect|p1b: Scizor\n|-singleturn|p1b: Scizor|Protect\n|move|p2b: Incineroar|Flare Blitz|p1b: Scizor\n|-activate|p1b: Scizor|move: Protect\n|\n|-end|p2b: Incineroar|Throat Chop|[silent]\n|upkeep\n|turn|5\n|inactive|Mojanf has 30 seconds left.\n|inactive|Knoss has 30 seconds left.\n|inactive|Mojanf has 20 seconds left.\n|\n|t:|1776625515\n|switch|p2b: Sinistcha|Sinistcha, L50|100/100\n|-heal|p2a: Drampa|70/100|[from] ability: Hospitality|[of] p2b: Sinistcha\n|switch|p1b: Incineroar|Incineroar, L50, M|42/100\n|-ability|p1b: Incineroar|Intimidate|boost\n|-unboost|p2a: Drampa|atk|1\n|-unboost|p2b: Sinistcha|atk|1\n|move|p1a: Sableye|Light Screen|p1a: Sableye\n|-sidestart|p1: Mojanf|move: Light Screen\n|move|p2a: Drampa|Earth Power|p1b: Incineroar\n|-supereffective|p1b: Incineroar|1\n|-damage|p1b: Incineroar|0 fnt\n|faint|p1b: Incineroar\n|\n|-sideend|p1: Mojanf|Reflect\n|-fieldend|move: Trick Room\n|upkeep\n|\n|t:|1776625530\n|switch|p1b: Scizor|Scizor-Mega, L50, F|100/100\n|turn|6\n|\n|t:|1776625540\n|move|p2a: Drampa|Protect|p2a: Drampa\n|-singleturn|p2a: Drampa|Protect\n|move|p1a: Sableye|Sucker Punch||[still]\n|-fail|p1a: Sableye\n|move|p1b: Scizor|Close Combat|p2a: Drampa\n|-activate|p2a: Drampa|move: Protect\n|move|p2b: Sinistcha|Trick Room|p2b: Sinistcha\n|-fieldstart|move: Trick Room|[of] p2b: Sinistcha\n|\n|upkeep\n|turn|7\n|\n|t:|1776625554\n|switch|p2b: Incineroar|Incineroar, L50, M|92/100\n|-ability|p2b: Incineroar|Intimidate|boost\n|-unboost|p1a: Sableye|atk|1\n|-unboost|p1b: Scizor|atk|1\n|move|p1a: Sableye|Sucker Punch||[still]\n|-fail|p1a: Sableye\n|move|p2a: Drampa|Earth Power|p1b: Scizor\n|-crit|p1b: Scizor\n|-damage|p1b: Scizor|0 fnt\n|faint|p1b: Scizor\n|\n|upkeep\n|\n|t:|1776625565\n|switch|p1b: Aegislash|Aegislash, L50, M|100/100\n|turn|8\n|inactive|Knoss has 30 seconds left.\n|\n|t:|1776625592\n|switch|p2b: Sinistcha|Sinistcha, L50|100/100\n|-heal|p2a: Drampa|95/100|[from] ability: Hospitality|[of] p2b: Sinistcha\n|move|p1a: Sableye|Sucker Punch|p2a: Drampa\n|-damage|p2a: Drampa|85/100\n|move|p2a: Drampa|Earth Power|p1b: Aegislash\n|-supereffective|p1b: Aegislash|1\n|-damage|p1b: Aegislash|37/100\n|-formechange|p1b: Aegislash|Aegislash-Blade|\n|move|p1b: Aegislash|Iron Head|p2a: Drampa\n|-damage|p2a: Drampa|44/100\n|-ability|p2a: Drampa|Berserk|boost\n|-boost|p2a: Drampa|spa|1\n|\n|upkeep\n|turn|9\n|\n|t:|1776625612\n|move|p2a: Drampa|Protect|p2a: Drampa\n|-singleturn|p2a: Drampa|Protect\n|-formechange|p1b: Aegislash|Aegislash|\n|move|p1b: Aegislash|King's Shield|p1b: Aegislash\n|-singleturn|p1b: Aegislash|Protect\n|move|p1a: Sableye|Sucker Punch||[still]\n|-fail|p1a: Sableye\n|move|p2b: Sinistcha|Life Dew||[still]|[spread] p2a,p2b\n|-heal|p2a: Drampa|69/100\n|-fail|p2b: Sinistcha|heal\n|\n|-sideend|p1: Mojanf|move: Light Screen\n|upkeep\n|turn|10\n|\n|t:|1776625632\n|move|p1a: Sableye|Light Screen|p1a: Sableye\n|-sidestart|p1: Mojanf|move: Light Screen\n|move|p2a: Drampa|Earth Power|p1b: Aegislash\n|-supereffective|p1b: Aegislash|1\n|-damage|p1b: Aegislash|0 fnt\n|faint|p1b: Aegislash\n|move|p2b: Sinistcha|Life Dew||[still]|[spread] p2a,p2b\n|-heal|p2a: Drampa|93/100\n|-fail|p2b: Sinistcha|heal\n|\n|-fieldend|move: Trick Room\n|upkeep\n|turn|11\n|-message|Mojanf forfeited.\n|\n|win|Knoss\n|raw|Mojanf's rating: 1050 &rarr; <strong>1036</strong><br />(-14 for losing)\n|raw|Knoss's rating: 1124 &rarr; <strong>1144</strong><br />(+20 for winning)\n|l|\u2606Mojanf\n|player|p1|\n",
  "uploadtime": 1776625646,
  "views": 18,
  "formatid": "gen9championsvgc2026regma",
  "rating": 1036,
  "private": 0,
  "password": null
}