{
  "id": "gen9championsvgc2026regma-2586847657",
  "format": "[Gen 9 Champions] VGC 2026 Reg M-A",
  "players": [
    "MatchmeUp",
    "FletchHead"
  ],
  "log": "|j|\u2606MatchmeUp\n|j|\u2606FletchHead\n|t:|1776464986\n|gametype|doubles\n|player|p1|MatchmeUp|101|1342\n|player|p2|FletchHead|lana|1261\n|gen|9\n|tier|[Gen 9 Champions] VGC 2026 Reg M-A\n|rated|\n|rule|Species Clause: Limit one of each Pok\u00e9mon\n|rule|Item Clause: Limit 1 of each item\n|clearpoke\n|poke|p1|Meganium, L50, M|\n|poke|p1|Pelipper, L50, F|\n|poke|p1|Archaludon, L50, M|\n|poke|p1|Alakazam, L50, M|\n|poke|p1|Rotom-Wash, L50|\n|poke|p1|Sneasler, L50, M|\n|poke|p2|Victreebel, L50, M|\n|poke|p2|Garchomp, L50, M|\n|poke|p2|Aerodactyl, L50, F|\n|poke|p2|Kingambit, L50, F|\n|poke|p2|Armarouge, L50, M|\n|poke|p2|Sneasler, L50, M|\n|teampreview|4\n|\n|t:|1776465031\n|teamsize|p1|4\n|teamsize|p2|4\n|start\n|switch|p1a: Sneasler|Sneasler, L50, M|100/100\n|switch|p1b: Pelipper|Pelipper, L50, F|100/100\n|switch|p2a: Aerodactyl|Aerodactyl, L50, F|100/100\n|switch|p2b: Victreebel|Victreebel, L50, M|100/100\n|-ability|p2a: Aerodactyl|Unnerve\n|-weather|RainDance|[from] ability: Drizzle|[of] p1b: Pelipper\n|turn|1\n|\n|t:|1776465080\n|detailschange|p2b: Victreebel|Victreebel-Mega, L50, M\n|-mega|p2b: Victreebel|Victreebel|Victreebelite\n|move|p2a: Aerodactyl|Protect|p2a: Aerodactyl\n|-singleturn|p2a: Aerodactyl|Protect\n|move|p1a: Sneasler|Fake Out|p2a: Aerodactyl\n|-activate|p2a: Aerodactyl|move: Protect\n|move|p2b: Victreebel|Sludge Bomb|p1b: Pelipper\n|-crit|p1b: Pelipper\n|-damage|p1b: Pelipper|11/100\n|move|p1b: Pelipper|Weather Ball|p2a: Aerodactyl\n|-activate|p2a: Aerodactyl|move: Protect\n|\n|-weather|RainDance|[upkeep]\n|upkeep\n|turn|2\n|\n|t:|1776465102\n|switch|p1b: Archaludon|Archaludon, L50, M|100/100\n|move|p2a: Aerodactyl|Rock Slide|p1b: Archaludon|[spread] p1a,p1b\n|-resisted|p1a: Sneasler|1\n|-resisted|p1b: Archaludon|1\n|-damage|p1a: Sneasler|79/100\n|-damage|p1b: Archaludon|91/100\n|-ability|p1b: Archaludon|Stamina|boost\n|-boost|p1b: Archaludon|def|1\n|move|p1a: Sneasler|Dire Claw|p2b: Victreebel\n|-damage|p2b: Victreebel|55/100\n|move|p2b: Victreebel|Energy Ball|p1a: Sneasler\n|-resisted|p1a: Sneasler|1\n|-damage|p1a: Sneasler|44/100\n|\n|-weather|RainDance|[upkeep]\n|-heal|p1b: Archaludon|97/100|[from] item: Leftovers\n|upkeep\n|turn|3\n|\n|t:|1776465125\n|move|p2a: Aerodactyl|Protect|p2a: Aerodactyl\n|-singleturn|p2a: Aerodactyl|Protect\n|move|p1a: Sneasler|Protect|p1a: Sneasler\n|-singleturn|p1a: Sneasler|Protect\n|move|p2b: Victreebel|Protect|p2b: Victreebel\n|-singleturn|p2b: Victreebel|Protect\n|move|p1b: Archaludon|Electro Shot||[still]\n|-prepare|p1b: Archaludon|Electro Shot\n|-boost|p1b: Archaludon|spa|1\n|-anim|p1b: Archaludon|Electro Shot|p2a: Aerodactyl\n|-activate|p2a: Aerodactyl|move: Protect\n|\n|-weather|RainDance|[upkeep]\n|-heal|p1b: Archaludon|100/100|[from] item: Leftovers\n|upkeep\n|turn|4\n|\n|t:|1776465145\n|switch|p1a: Rotom|Rotom-Wash, L50|100/100\n|move|p2a: Aerodactyl|Dual Wingbeat|p1a: Rotom\n|-resisted|p1a: Rotom|1\n|-damage|p1a: Rotom|92/100\n|-resisted|p1a: Rotom|1\n|-damage|p1a: Rotom|84/100\n|-hitcount|p1a: Rotom|2\n|move|p1b: Archaludon|Electro Shot||[still]\n|-prepare|p1b: Archaludon|Electro Shot\n|-boost|p1b: Archaludon|spa|1\n|-anim|p1b: Archaludon|Electro Shot|p2a: Aerodactyl\n|-supereffective|p2a: Aerodactyl|1\n|-enditem|p2a: Aerodactyl|Focus Sash\n|-damage|p2a: Aerodactyl|1/100\n|move|p2b: Victreebel|Strength Sap|p1b: Archaludon\n|-unboost|p1b: Archaludon|atk|1\n|-heal|p2b: Victreebel|100/100\n|\n|-weather|RainDance|[upkeep]\n|upkeep\n|turn|5\n|\n|t:|1776465179\n|move|p1b: Archaludon|Protect|p1b: Archaludon\n|-singleturn|p1b: Archaludon|Protect\n|move|p1a: Rotom|Protect|p1a: Rotom\n|-singleturn|p1a: Rotom|Protect\n|move|p2a: Aerodactyl|Tailwind|p2a: Aerodactyl\n|-sidestart|p2: FletchHead|move: Tailwind\n|move|p2b: Victreebel|Energy Ball|p1a: Rotom\n|-activate|p1a: Rotom|move: Protect\n|\n|-weather|none\n|upkeep\n|turn|6\n|\n|t:|1776465202\n|switch|p2a: Armarouge|Armarouge, L50, M|100/100\n|switch|p1a: Pelipper|Pelipper, L50, F|11/100\n|-weather|RainDance|[from] ability: Drizzle|[of] p1a: Pelipper\n|move|p2b: Victreebel|Energy Ball|p1a: Pelipper\n|-damage|p1a: Pelipper|0 fnt\n|faint|p1a: Pelipper\n|move|p1b: Archaludon|Electro Shot||[still]\n|-prepare|p1b: Archaludon|Electro Shot\n|-boost|p1b: Archaludon|spa|1\n|-anim|p1b: Archaludon|Electro Shot|p2a: Armarouge\n|-damage|p2a: Armarouge|0 fnt\n|faint|p2a: Armarouge\n|\n|-weather|RainDance|[upkeep]\n|upkeep\n|\n|t:|1776465223\n|switch|p2a: Aerodactyl|Aerodactyl, L50, F|1/100\n|switch|p1a: Sneasler|Sneasler, L50, M|44/100\n|-ability|p2a: Aerodactyl|Unnerve\n|turn|7\n|\n|t:|1776465239\n|move|p2a: Aerodactyl|Protect|p2a: Aerodactyl\n|-singleturn|p2a: Aerodactyl|Protect\n|move|p1a: Sneasler|Fake Out|p2a: Aerodactyl\n|-activate|p2a: Aerodactyl|move: Protect\n|move|p2b: Victreebel|Energy Ball|p1a: Sneasler\n|-resisted|p1a: Sneasler|1\n|-damage|p1a: Sneasler|8/100\n|-unboost|p1a: Sneasler|spd|1\n|-enditem|p1a: Sneasler|White Herb\n|-clearnegativeboost|p1a: Sneasler|[silent]\n|move|p1b: Archaludon|Flash Cannon|p2b: Victreebel\n|-damage|p2b: Victreebel|0 fnt\n|-damage|p1b: Archaludon|10/100|[from] ability: Innards Out|[of] p2b: Victreebel\n|faint|p2b: Victreebel\n|\n|-weather|RainDance|[upkeep]\n|-heal|p1b: Archaludon|16/100|[from] item: Leftovers\n|upkeep\n|\n|t:|1776465244\n|switch|p2b: Kingambit|Kingambit, L50, F|100/100\n|turn|8\n|\n|t:|1776465279\n|move|p2a: Aerodactyl|Rock Slide|p1b: Archaludon|[spread] p1a,p1b\n|-resisted|p1a: Sneasler|1\n|-resisted|p1b: Archaludon|1\n|-damage|p1a: Sneasler|0 fnt\n|-damage|p1b: Archaludon|10/100\n|-ability|p1b: Archaludon|Stamina|boost\n|-boost|p1b: Archaludon|def|1\n|faint|p1a: Sneasler\n|move|p2b: Kingambit|Kowtow Cleave|p1b: Archaludon\n|-damage|p1b: Archaludon|0 fnt\n|faint|p1b: Archaludon\n|\n|-weather|RainDance|[upkeep]\n|-sideend|p2: FletchHead|move: Tailwind\n|upkeep\n|\n|t:|1776465292\n|switch|p1b: Rotom|Rotom-Wash, L50|84/100\n|turn|9\n|\n|t:|1776465299\n|move|p2a: Aerodactyl|Protect|p2a: Aerodactyl\n|-singleturn|p2a: Aerodactyl|Protect\n|move|p2b: Kingambit|Protect|p2b: Kingambit\n|-singleturn|p2b: Kingambit|Protect\n|move|p1b: Rotom|Will-O-Wisp|p2b: Kingambit\n|-activate|p2b: Kingambit|move: Protect\n|\n|-weather|RainDance|[upkeep]\n|upkeep\n|turn|10\n|\n|t:|1776465313\n|move|p2a: Aerodactyl|Rock Slide|p1b: Rotom\n|-damage|p1b: Rotom|53/100\n|move|p1b: Rotom|Will-O-Wisp|p2b: Kingambit\n|-status|p2b: Kingambit|brn\n|move|p2b: Kingambit|Kowtow Cleave|p1b: Rotom\n|-damage|p1b: Rotom|24/100\n|\n|-weather|none\n|-damage|p2b: Kingambit|95/100 brn|[from] brn\n|upkeep\n|turn|11\n|\n|t:|1776465331\n|move|p1b: Rotom|Protect|p1b: Rotom\n|-singleturn|p1b: Rotom|Protect\n|move|p2a: Aerodactyl|Rock Slide|p1b: Rotom\n|-activate|p1b: Rotom|move: Protect\n|move|p2b: Kingambit|Kowtow Cleave|p1b: Rotom\n|-activate|p1b: Rotom|move: Protect\n|\n|-damage|p2b: Kingambit|89/100 brn|[from] brn\n|upkeep\n|turn|12\n|\n|t:|1776465341\n|move|p2b: Kingambit|Sucker Punch|p1b: Rotom\n|-damage|p1b: Rotom|0 fnt\n|faint|p1b: Rotom\n|\n|win|FletchHead\n|raw|MatchmeUp's rating: 1342 &rarr; <strong>1317</strong><br />(-25 for losing)\n|raw|FletchHead's rating: 1261 &rarr; <strong>1292</strong><br />(+31 for winning)\n",
  "uploadtime": 1776465345,
  "views": 64,
  "formatid": "gen9championsvgc2026regma",
  "rating": 1292,
  "private": 0,
  "password": null
}