{
  "id": "gen9championsvgc2026regma-2583851638",
  "format": "[Gen 9 Champions] VGC 2026 Reg M-A",
  "players": [
    "treehugger757",
    "peepeepowo"
  ],
  "log": "|j|\u2606treehugger757\n|j|\u2606peepeepowo\n|t:|1776202697\n|gametype|doubles\n|player|p1|treehugger757|1|1091\n|player|p2|peepeepowo|iris-gen5bw2|1000\n|gen|9\n|tier|[Gen 9 Champions] VGC 2026 Reg M-A\n|rated|\n|rule|Species Clause: Limit one of each Pok\u00e9mon\n|rule|Item Clause: Limit 1 of each item\n|clearpoke\n|poke|p1|Typhlosion-Hisui, L50, M|\n|poke|p1|Aerodactyl, L50, M|\n|poke|p1|Meganium, L50, F|\n|poke|p1|Archaludon, L50, F|\n|poke|p1|Tauros-Paldea-Aqua, L50, M|\n|poke|p1|Kangaskhan, L50, F|\n|poke|p2|Orthworm, L50, M|\n|poke|p2|Sneasler, L50, F|\n|poke|p2|Arcanine-Hisui, L50, M|\n|poke|p2|Kangaskhan, L50, F|\n|poke|p2|Garchomp, L50, M|\n|poke|p2|Floette-Eternal, L50, F|\n|teampreview|4\n|inactive|Battle timer is ON: inactive players will automatically lose when time's up. (requested by treehugger757)\n|inactive|treehugger757 has 60 seconds left.\n|inactive|peepeepowo has 60 seconds left.\n|\n|t:|1776202739\n|teamsize|p1|4\n|teamsize|p2|4\n|start\n|switch|p1a: Kangaskhan|Kangaskhan, L50, F|100/100\n|switch|p1b: Typhlosion|Typhlosion-Hisui, L50, M|100/100\n|switch|p2a: Orthworm|Orthworm, L50, M|100/100\n|switch|p2b: Kangaskhan|Kangaskhan, L50, F|100/100\n|-item|p2a: Orthworm|Sitrus Berry|[from] ability: Frisk|[of] p1b: Typhlosion\n|-item|p2b: Kangaskhan|Kangaskhanite|[from] ability: Frisk|[of] p1b: Typhlosion\n|turn|1\n|inactive|peepeepowo has 30 seconds left.\n|\n|t:|1776202769\n|move|p1a: Kangaskhan|Fake Out|p2b: Kangaskhan\n|-damage|p2b: Kangaskhan|81/100\n|move|p2b: Kangaskhan|Sucker Punch|p1b: Typhlosion\n|-supereffective|p1b: Typhlosion|1\n|-damage|p1b: Typhlosion|46/100\n|move|p1b: Typhlosion|Eruption|p2a: Orthworm|[spread] p2a,p2b\n|-supereffective|p2a: Orthworm|1\n|-damage|p2a: Orthworm|21/100\n|-damage|p2b: Kangaskhan|51/100\n|-enditem|p2a: Orthworm|Sitrus Berry|[eat]\n|-heal|p2a: Orthworm|46/100|[from] item: Sitrus Berry\n|move|p2a: Orthworm|Shed Tail|p2a: Orthworm\n|-fail|p2a: Orthworm|move: Shed Tail|[weak]\n|\n|upkeep\n|turn|2\n|\n|t:|1776202790\n|switch|p1b: Tauros|Tauros-Paldea-Aqua, L50, M|100/100\n|-ability|p1b: Tauros|Intimidate|boost\n|-unboost|p2a: Orthworm|atk|1\n|-fail|p2b: Kangaskhan|unboost|Attack|[from] ability: Inner Focus|[of] p2b: Kangaskhan\n|detailschange|p2b: Kangaskhan|Kangaskhan-Mega, L50, F\n|-mega|p2b: Kangaskhan|Kangaskhan|Kangaskhanite\n|detailschange|p1a: Kangaskhan|Kangaskhan-Mega, L50, F\n|-mega|p1a: Kangaskhan|Kangaskhan|Kangaskhanite\n|move|p2b: Kangaskhan|Sucker Punch||[still]\n|-fail|p2b: Kangaskhan\n|move|p1a: Kangaskhan|Drain Punch|p2a: Orthworm\n|-supereffective|p2a: Orthworm|1\n|-damage|p2a: Orthworm|17/100\n|-supereffective|p2a: Orthworm|1\n|-damage|p2a: Orthworm|10/100\n|-hitcount|p2a: Orthworm|2\n|move|p2a: Orthworm|Body Press|p1a: Kangaskhan\n|-supereffective|p1a: Kangaskhan|1\n|-damage|p1a: Kangaskhan|31/100\n|\n|upkeep\n|turn|3\n|\n|t:|1776202815\n|move|p2a: Orthworm|Helping Hand|p2b: Kangaskhan\n|-singleturn|p2b: Kangaskhan|Helping Hand|[of] p2a: Orthworm\n|move|p2b: Kangaskhan|Sucker Punch|p1a: Kangaskhan\n|-damage|p1a: Kangaskhan|0 fnt\n|faint|p1a: Kangaskhan\n|-hitcount|p1: Kangaskhan|1\n|move|p1b: Tauros|Aqua Jet|p2a: Orthworm\n|-damage|p2a: Orthworm|0 fnt\n|faint|p2a: Orthworm\n|\n|upkeep\n|\n|t:|1776202828\n|switch|p1a: Archaludon|Archaludon, L50, F|100/100\n|switch|p2a: Arcanine|Arcanine-Hisui, L50, M|100/100\n|-ability|p2a: Arcanine|Intimidate|boost\n|-unboost|p1a: Archaludon|atk|1\n|-unboost|p1b: Tauros|atk|1\n|turn|4\n|\n|t:|1776202852\n|move|p2a: Arcanine|Head Smash|p1b: Tauros\n|-resisted|p1b: Tauros|1\n|-damage|p1b: Tauros|63/100\n|-damage|p2a: Arcanine|83/100|[from] Recoil\n|move|p1b: Tauros|Wave Crash|p2a: Arcanine\n|-supereffective|p2a: Arcanine|2\n|-damage|p2a: Arcanine|0 fnt\n|faint|p2a: Arcanine\n|-damage|p1b: Tauros|32/100|[from] Recoil\n|move|p2b: Kangaskhan|Drain Punch|p1a: Archaludon\n|-supereffective|p1a: Archaludon|1\n|-damage|p1a: Archaludon|53/100\n|-heal|p2b: Kangaskhan|73/100|[from] drain|[of] p1a: Archaludon\n|-supereffective|p1a: Archaludon|1\n|-damage|p1a: Archaludon|43/100\n|-heal|p2b: Kangaskhan|77/100|[from] drain|[of] p1a: Archaludon\n|-hitcount|p1a: Archaludon|2\n|move|p1a: Archaludon|Draco Meteor|p2b: Kangaskhan\n|-damage|p2b: Kangaskhan|8/100\n|-unboost|p1a: Archaludon|spa|2\n|\n|upkeep\n|\n|t:|1776202871\n|switch|p2a: Floette|Floette-Eternal, L50, F|100/100\n|turn|5\n|\n|t:|1776202879\n|move|p1b: Tauros|Aqua Jet|p2b: Kangaskhan\n|-damage|p2b: Kangaskhan|0 fnt\n|faint|p2b: Kangaskhan\n|move|p2a: Floette|Dazzling Gleam|p1a: Archaludon|[spread] p1a,p1b\n|-supereffective|p1b: Tauros|1\n|-damage|p1a: Archaludon|0 fnt\n|-damage|p1b: Tauros|0 fnt\n|faint|p1a: Archaludon\n|faint|p1b: Tauros\n|\n|upkeep\n|\n|t:|1776202886\n|switch|p1b: Typhlosion|Typhlosion-Hisui, L50, M|46/100\n|-item|p2a: Floette|Floettite|[from] ability: Frisk|[of] p1b: Typhlosion\n|turn|6\n|\n|t:|1776202900\n|move|p1b: Typhlosion|Heat Wave|p2a: Floette\n|-damage|p2a: Floette|56/100\n|move|p2a: Floette|Moonblast|p1b: Typhlosion\n|-resisted|p1b: Typhlosion|1\n|-damage|p1b: Typhlosion|12/100\n|\n|upkeep\n|turn|7\n|\n|t:|1776202909\n|move|p1b: Typhlosion|Heat Wave|p2a: Floette\n|-damage|p2a: Floette|8/100\n|move|p2a: Floette|Moonblast|p1b: Typhlosion\n|-resisted|p1b: Typhlosion|1\n|-damage|p1b: Typhlosion|0 fnt\n|faint|p1b: Typhlosion\n|\n|win|peepeepowo\n|raw|treehugger757's rating: 1091 &rarr; <strong>1061</strong><br />(-30 for losing)\n|raw|peepeepowo's rating: 1000 &rarr; <strong>1050</strong><br />(+50 for winning)\n|l|\u2606treehugger757\n|player|p1|\n",
  "uploadtime": 1776202916,
  "views": 24,
  "formatid": "gen9championsvgc2026regma",
  "rating": 1050,
  "private": 0,
  "password": null
}