{
  "id": "gen9championsvgc2026regma-2585971356",
  "format": "[Gen 9 Champions] VGC 2026 Reg M-A",
  "players": [
    "chudjs",
    "cabrino"
  ],
  "log": "|j|\u2606chudjs\n|j|\u2606cabrino\n|t:|1776386321\n|gametype|doubles\n|player|p1|chudjs|266|1383\n|player|p2|cabrino|depotagent|1445\n|gen|9\n|tier|[Gen 9 Champions] VGC 2026 Reg M-A\n|rated|\n|rule|Species Clause: Limit one of each Pok\u00e9mon\n|rule|Item Clause: Limit 1 of each item\n|clearpoke\n|poke|p1|Archaludon, L50, F|\n|poke|p1|Pelipper, L50, M|\n|poke|p1|Basculegion, L50, M|\n|poke|p1|Meganium, L50, F|\n|poke|p1|Sneasler, L50, M|\n|poke|p1|Incineroar, L50, F|\n|poke|p2|Aerodactyl, L50, F|\n|poke|p2|Sneasler, L50, M|\n|poke|p2|Kingambit, L50, M|\n|poke|p2|Garchomp, L50, M|\n|poke|p2|Basculegion, L50, M|\n|poke|p2|Charizard, L50, M|\n|teampreview|4\n|\n|t:|1776386344\n|teamsize|p1|4\n|teamsize|p2|4\n|start\n|switch|p1a: Sneasler|Sneasler, L50, M|100/100\n|switch|p1b: Incineroar|Incineroar, L50, F|100/100\n|switch|p2a: AeroNarfi|Aerodactyl, L50, F, shiny|100/100\n|switch|p2b: Pugsy Hunter|Sneasler, L50, M, shiny|100/100\n|-ability|p2a: AeroNarfi|Unnerve\n|-ability|p1b: Incineroar|Intimidate|boost\n|-unboost|p2a: AeroNarfi|atk|1\n|-unboost|p2b: Pugsy Hunter|atk|1\n|-enditem|p2b: Pugsy Hunter|White Herb\n|-clearnegativeboost|p2b: Pugsy Hunter|[silent]\n|turn|1\n|\n|t:|1776386377\n|switch|p1b: Archaludon|Archaludon, L50, F|100/100\n|move|p2b: Pugsy Hunter|Close Combat|p1b: Archaludon\n|-supereffective|p1b: Archaludon|1\n|-damage|p1b: Archaludon|14/100\n|-unboost|p2b: Pugsy Hunter|def|1\n|-unboost|p2b: Pugsy Hunter|spd|1\n|-ability|p1b: Archaludon|Stamina|boost\n|-boost|p1b: Archaludon|def|1\n|move|p2a: AeroNarfi|Tailwind|p2a: AeroNarfi\n|-sidestart|p2: cabrino|move: Tailwind\n|move|p1a: Sneasler|Close Combat|p2a: AeroNarfi\n|-damage|p2a: AeroNarfi|5/100\n|-unboost|p1a: Sneasler|def|1\n|-unboost|p1a: Sneasler|spd|1\n|-enditem|p1a: Sneasler|White Herb\n|-clearnegativeboost|p1a: Sneasler|[silent]\n|\n|-heal|p1b: Archaludon|20/100|[from] item: Leftovers\n|upkeep\n|turn|2\n|\n|t:|1776386398\n|move|p1b: Archaludon|Protect|p1b: Archaludon\n|-singleturn|p1b: Archaludon|Protect\n|move|p2b: Pugsy Hunter|Close Combat|p1b: Archaludon\n|-activate|p1b: Archaludon|move: Protect\n|move|p2a: AeroNarfi|Dual Wingbeat|p1a: Sneasler\n|-supereffective|p1a: Sneasler|1\n|-damage|p1a: Sneasler|57/100\n|-supereffective|p1a: Sneasler|1\n|-damage|p1a: Sneasler|17/100\n|-hitcount|p1a: Sneasler|2\n|move|p1a: Sneasler|Rock Slide|p2b: Pugsy Hunter|[spread] p2a,p2b\n|-supereffective|p2a: AeroNarfi|1\n|-resisted|p2b: Pugsy Hunter|1\n|-damage|p2a: AeroNarfi|0 fnt\n|-damage|p2b: Pugsy Hunter|77/100\n|faint|p2a: AeroNarfi\n|\n|-heal|p1b: Archaludon|25/100|[from] item: Leftovers\n|upkeep\n|\n|t:|1776386408\n|switch|p2a: PablitoGames|Kingambit, L50, M, shiny|100/100\n|turn|3\n|\n|t:|1776386424\n|switch|p1a: Incineroar|Incineroar, L50, F|100/100\n|-ability|p1a: Incineroar|Intimidate|boost\n|-unboost|p2a: PablitoGames|atk|1\n|-ability|p2a: PablitoGames|Defiant|boost\n|-boost|p2a: PablitoGames|atk|2\n|-unboost|p2b: Pugsy Hunter|atk|1\n|switch|p1b: Pelipper|Pelipper, L50, M|100/100\n|-weather|RainDance|[from] ability: Drizzle|[of] p1b: Pelipper\n|move|p2a: PablitoGames|Sucker Punch||[still]\n|-fail|p2a: PablitoGames\n|move|p2b: Pugsy Hunter|Close Combat|p1b: Pelipper\n|-resisted|p1b: Pelipper|1\n|-damage|p1b: Pelipper|79/100\n|-unboost|p2b: Pugsy Hunter|def|1\n|-unboost|p2b: Pugsy Hunter|spd|1\n|\n|-weather|RainDance|[upkeep]\n|upkeep\n|turn|4\n|\n|t:|1776386448\n|move|p1a: Incineroar|Fake Out|p2a: PablitoGames\n|-resisted|p2a: PablitoGames|1\n|-damage|p2a: PablitoGames|97/100\n|move|p2b: Pugsy Hunter|Close Combat|p1a: Incineroar\n|-supereffective|p1a: Incineroar|1\n|-damage|p1a: Incineroar|17/100\n|-unboost|p2b: Pugsy Hunter|def|1\n|-unboost|p2b: Pugsy Hunter|spd|1\n|-enditem|p1a: Incineroar|Sitrus Berry|[eat]\n|-heal|p1a: Incineroar|42/100|[from] item: Sitrus Berry\n|cant|p2a: PablitoGames|flinch\n|move|p1b: Pelipper|Weather Ball|p2b: Pugsy Hunter\n|-damage|p2b: Pugsy Hunter|0 fnt\n|faint|p2b: Pugsy Hunter\n|\n|-weather|RainDance|[upkeep]\n|-sideend|p2: cabrino|move: Tailwind\n|upkeep\n|\n|t:|1776386462\n|switch|p2b: Cabrizard|Charizard, L50, M, shiny|100/100\n|turn|5\n|\n|t:|1776386487\n|switch|p1b: Archaludon|Archaludon, L50, F|25/100\n|detailschange|p2b: Cabrizard|Charizard-Mega-Y, L50, M, shiny\n|-mega|p2b: Cabrizard|Charizard|Charizardite Y\n|-weather|SunnyDay|[from] ability: Drought|[of] p2b: Cabrizard\n|move|p2a: PablitoGames|Sucker Punch||[still]\n|-fail|p2a: PablitoGames\n|move|p2b: Cabrizard|Weather Ball|p1a: Incineroar\n|-resisted|p1a: Incineroar|1\n|-damage|p1a: Incineroar|6/100\n|move|p1a: Incineroar|Flare Blitz|p2a: PablitoGames\n|-supereffective|p2a: PablitoGames|1\n|-damage|p2a: PablitoGames|0 fnt\n|faint|p2a: PablitoGames\n|-damage|p1a: Incineroar|0 fnt|[from] Recoil\n|faint|p1a: Incineroar\n|\n|-weather|SunnyDay|[upkeep]\n|-heal|p1b: Archaludon|31/100|[from] item: Leftovers\n|upkeep\n|\n|t:|1776386500\n|switch|p1a: Pelipper|Pelipper, L50, M|79/100\n|-weather|RainDance|[from] ability: Drizzle|[of] p1a: Pelipper\n|turn|6\n|-message|cabrino forfeited.\n|\n|win|chudjs\n|raw|chudjs's rating: 1383 &rarr; <strong>1407</strong><br />(+24 for winning)\n|raw|cabrino's rating: 1445 &rarr; <strong>1421</strong><br />(-24 for losing)\n|l|\u2606cabrino\n|player|p2|\n",
  "uploadtime": 1776387041,
  "views": 52,
  "formatid": "gen9championsvgc2026regma",
  "rating": 1407,
  "private": 0,
  "password": null
}