{
  "id": "gen9championsvgc2026regma-2583072152",
  "format": "[Gen 9 Champions] VGC 2026 Reg M-A",
  "players": [
    "bambinator88",
    "RIOGUTM02"
  ],
  "log": "|j|\u2606bambinator88\n|j|\u2606RIOGUTM02\n|t:|1776138902\n|gametype|doubles\n|player|p1|bambinator88|hilbert-wonderlauncher|1033\n|player|p2|RIOGUTM02|2|1000\n|gen|9\n|tier|[Gen 9 Champions] VGC 2026 Reg M-A\n|rated|\n|rule|Species Clause: Limit one of each Pok\u00e9mon\n|rule|Item Clause: Limit 1 of each item\n|clearpoke\n|poke|p1|Arcanine, L50, M|\n|poke|p1|Milotic, L50, M|\n|poke|p1|Sneasler, L50, M|\n|poke|p1|Froslass, L50, F|\n|poke|p1|Archaludon, L50, M|\n|poke|p1|Whimsicott, L50, F|\n|poke|p2|Glimmora, L50, M|\n|poke|p2|Talonflame, L50, M|\n|poke|p2|Garchomp, L50, F|\n|poke|p2|Tyranitar, L50, F|\n|poke|p2|Primarina, L50, F|\n|poke|p2|Archaludon, L50, M|\n|teampreview|4\n|inactive|Battle timer is ON: inactive players will automatically lose when time's up. (requested by RIOGUTM02)\n|inactive|RIOGUTM02 has 60 seconds left.\n|\n|t:|1776138957\n|teamsize|p1|4\n|teamsize|p2|4\n|start\n|switch|p1a: Archaludon|Archaludon, L50, M|100/100\n|switch|p1b: Arcanine|Arcanine, L50, M|100/100\n|switch|p2a: Talonflame|Talonflame, L50, M|100/100\n|switch|p2b: Glimmora|Glimmora, L50, M|100/100\n|-ability|p1b: Arcanine|Intimidate|boost\n|-unboost|p2a: Talonflame|atk|1\n|-unboost|p2b: Glimmora|atk|1\n|turn|1\n|inactive|bambinator88 has 30 seconds left.\n|inactive|RIOGUTM02 has 30 seconds left.\n|inactive|RIOGUTM02 has 20 seconds left.\n|inactive|RIOGUTM02 has 15 seconds left.\n|\n|t:|1776139000\n|detailschange|p2b: Glimmora|Glimmora-Mega, L50, M\n|-mega|p2b: Glimmora|Glimmora|Glimmoranite\n|move|p2a: Talonflame|Tailwind|p2a: Talonflame\n|-sidestart|p2: RIOGUTM02|move: Tailwind\n|move|p2b: Glimmora|Earth Power|p1a: Archaludon\n|-supereffective|p1a: Archaludon|1\n|-ability|p1a: Archaludon|Sturdy\n|-damage|p1a: Archaludon|1/100\n|move|p1a: Archaludon|Flash Cannon|p2b: Glimmora\n|-supereffective|p2b: Glimmora|1\n|-damage|p2b: Glimmora|23/100\n|move|p1b: Arcanine|Snarl|p2b: Glimmora|[spread] p2a,p2b\n|-damage|p2a: Talonflame|86/100\n|-damage|p2b: Glimmora|12/100\n|-unboost|p2a: Talonflame|spa|1\n|-unboost|p2b: Glimmora|spa|1\n|\n|upkeep\n|turn|2\n|inactive|bambinator88 has 30 seconds left.\n|inactive|RIOGUTM02 has 30 seconds left.\n|inactive|bambinator88 has 20 seconds left.\n|inactive|RIOGUTM02 has 20 seconds left.\n|\n|t:|1776139036\n|switch|p2b: Archaludon|Archaludon, L50, M|100/100\n|switch|p1a: Milotic|Milotic, L50, M|100/100\n|move|p2a: Talonflame|Flare Blitz|p1a: Milotic\n|-resisted|p1a: Milotic|1\n|-damage|p1a: Milotic|86/100\n|-damage|p2a: Talonflame|80/100|[from] Recoil\n|move|p1b: Arcanine|Snarl|p2b: Archaludon|[spread] p2a,p2b\n|-damage|p2a: Talonflame|68/100\n|-damage|p2b: Archaludon|92/100\n|-unboost|p2a: Talonflame|spa|1\n|-unboost|p2b: Archaludon|spa|1\n|-ability|p2b: Archaludon|Stamina|boost\n|-boost|p2b: Archaludon|def|1\n|\n|-heal|p1a: Milotic|92/100|[from] item: Leftovers\n|upkeep\n|turn|3\n|inactive|bambinator88 has 30 seconds left.\n|inactive|RIOGUTM02 has 30 seconds left.\n|\n|t:|1776139067\n|switch|p2a: Tyranitar|Tyranitar, L50, F|100/100\n|-weather|Sandstorm|[from] ability: Sand Stream|[of] p2a: Tyranitar\n|move|p2b: Archaludon|Electro Shot||[still]\n|-prepare|p2b: Archaludon|Electro Shot\n|-boost|p2b: Archaludon|spa|1\n|move|p1b: Arcanine|Will-O-Wisp|p2b: Archaludon\n|-status|p2b: Archaludon|brn\n|move|p1a: Milotic|Scald|p2b: Archaludon\n|-resisted|p2b: Archaludon|1\n|-damage|p2b: Archaludon|77/100 brn\n|-ability|p2b: Archaludon|Stamina|boost\n|-boost|p2b: Archaludon|def|1\n|\n|-weather|Sandstorm|[upkeep]\n|-damage|p1b: Arcanine|94/100|[from] Sandstorm\n|-damage|p1a: Milotic|86/100|[from] Sandstorm\n|-heal|p1a: Milotic|92/100|[from] item: Leftovers\n|-damage|p2b: Archaludon|71/100 brn|[from] brn\n|upkeep\n|turn|4\n|inactive|RIOGUTM02 has 30 seconds left.\n|\n|t:|1776139092\n|move|p1a: Milotic|Protect|p1a: Milotic\n|-singleturn|p1a: Milotic|Protect\n|move|p2b: Archaludon|Electro Shot|p1a: Milotic|[from] lockedmove\n|-activate|p1a: Milotic|move: Protect\n|move|p2a: Tyranitar|Knock Off|p1a: Milotic\n|-activate|p1a: Milotic|move: Protect\n|move|p1b: Arcanine|Will-O-Wisp|p2a: Tyranitar\n|-status|p2a: Tyranitar|brn\n|\n|-weather|Sandstorm|[upkeep]\n|-damage|p1b: Arcanine|88/100|[from] Sandstorm\n|-damage|p1a: Milotic|86/100|[from] Sandstorm\n|-heal|p1a: Milotic|92/100|[from] item: Leftovers\n|-damage|p2b: Archaludon|64/100 brn|[from] brn\n|-damage|p2a: Tyranitar|95/100 brn|[from] brn\n|-sideend|p2: RIOGUTM02|move: Tailwind\n|upkeep\n|turn|5\n|inactive|bambinator88 has 30 seconds left.\n|inactive|RIOGUTM02 has 30 seconds left.\n|\n|t:|1776139127\n|move|p1b: Arcanine|Flare Blitz|p2b: Archaludon\n|-damage|p2b: Archaludon|46/100 brn\n|-ability|p2b: Archaludon|Stamina|boost\n|-boost|p2b: Archaludon|def|1\n|-damage|p1b: Arcanine|82/100|[from] Recoil\n|move|p2b: Archaludon|Aura Sphere|p1a: Milotic\n|-damage|p1a: Milotic|76/100\n|-heal|p2b: Archaludon|48/100 brn|[from] item: Shell Bell|[of] p1a: Milotic\n|move|p1a: Milotic|Scald|p2a: Tyranitar\n|-supereffective|p2a: Tyranitar|1\n|-damage|p2a: Tyranitar|57/100 brn\n|move|p2a: Tyranitar|Dragon Dance|p2a: Tyranitar\n|-boost|p2a: Tyranitar|atk|1\n|-boost|p2a: Tyranitar|spe|1\n|\n|-weather|Sandstorm|[upkeep]\n|-damage|p1b: Arcanine|75/100|[from] Sandstorm\n|-damage|p1a: Milotic|70/100|[from] Sandstorm\n|-heal|p2a: Tyranitar|63/100 brn|[from] item: Leftovers\n|-heal|p1a: Milotic|76/100|[from] item: Leftovers\n|-damage|p2a: Tyranitar|57/100 brn|[from] brn\n|-damage|p2b: Archaludon|42/100 brn|[from] brn\n|upkeep\n|turn|6\n|inactive|bambinator88 has 30 seconds left.\n|\n|t:|1776139156\n|switch|p1b: Archaludon|Archaludon, L50, M|1/100\n|move|p2a: Tyranitar|Rock Slide|p1a: Milotic|[spread] p1a,p1b\n|-resisted|p1b: Archaludon|1\n|-damage|p1a: Milotic|54/100\n|-damage|p1b: Archaludon|0 fnt\n|faint|p1b: Archaludon\n|move|p2b: Archaludon|Electro Shot||[still]\n|-prepare|p2b: Archaludon|Electro Shot\n|-boost|p2b: Archaludon|spa|1\n|move|p1a: Milotic|Scald|p2a: Tyranitar\n|-supereffective|p2a: Tyranitar|1\n|-damage|p2a: Tyranitar|24/100 brn\n|\n|-weather|Sandstorm|[upkeep]\n|-damage|p1a: Milotic|47/100|[from] Sandstorm\n|-heal|p2a: Tyranitar|30/100 brn|[from] item: Leftovers\n|-heal|p1a: Milotic|54/100|[from] item: Leftovers\n|-damage|p2a: Tyranitar|24/100 brn|[from] brn\n|-damage|p2b: Archaludon|36/100 brn|[from] brn\n|upkeep\n|\n|t:|1776139177\n|switch|p1b: Arcanine|Arcanine, L50, M|75/100\n|-ability|p1b: Arcanine|Intimidate|boost\n|-unboost|p2a: Tyranitar|atk|1\n|-unboost|p2b: Archaludon|atk|1\n|turn|7\n|\n|t:|1776139186\n|move|p1a: Milotic|Protect|p1a: Milotic\n|-singleturn|p1a: Milotic|Protect\n|move|p1b: Arcanine|Flare Blitz|p2b: Archaludon\n|-damage|p2b: Archaludon|20/100 brn\n|-ability|p2b: Archaludon|Stamina|boost\n|-boost|p2b: Archaludon|def|1\n|-damage|p1b: Arcanine|70/100|[from] Recoil\n|move|p2a: Tyranitar|Rock Slide|p1a: Milotic|[spread] p1b\n|-activate|p1a: Milotic|move: Protect\n|-supereffective|p1b: Arcanine|1\n|-damage|p1b: Arcanine|32/100\n|-enditem|p1b: Arcanine|Sitrus Berry|[eat]\n|-heal|p1b: Arcanine|57/100|[from] item: Sitrus Berry\n|move|p2b: Archaludon|Electro Shot|p1a: Milotic|[from] lockedmove\n|-activate|p1a: Milotic|move: Protect\n|\n|-weather|none\n|-heal|p2a: Tyranitar|30/100 brn|[from] item: Leftovers\n|-heal|p1a: Milotic|60/100|[from] item: Leftovers\n|-damage|p2a: Tyranitar|24/100 brn|[from] brn\n|-damage|p2b: Archaludon|14/100 brn|[from] brn\n|upkeep\n|turn|8\n|inactive|bambinator88 has 30 seconds left.\n|\n|t:|1776139216\n|move|p1b: Arcanine|Flare Blitz|p2b: Archaludon\n|-damage|p2b: Archaludon|3/100 brn\n|-ability|p2b: Archaludon|Stamina|boost\n|-boost|p2b: Archaludon|def|1\n|-damage|p1b: Arcanine|53/100|[from] Recoil\n|move|p2a: Tyranitar|Rock Slide|p1a: Milotic|[spread] p1a,p1b\n|-supereffective|p1b: Arcanine|1\n|-damage|p1a: Milotic|45/100\n|-damage|p1b: Arcanine|16/100\n|move|p2b: Archaludon|Draco Meteor|p1a: Milotic|[miss]\n|-miss|p2b: Archaludon|p1a: Milotic\n|move|p1a: Milotic|Scald|p2a: Tyranitar\n|-supereffective|p2a: Tyranitar|1\n|-damage|p2a: Tyranitar|0 fnt\n|faint|p2a: Tyranitar\n|\n|-heal|p1a: Milotic|51/100|[from] item: Leftovers\n|-damage|p2b: Archaludon|0 fnt|[from] brn\n|faint|p2b: Archaludon\n|upkeep\n|\n|t:|1776139234\n|switch|p2b: Talonflame|Talonflame, L50, M|68/100\n|switch|p2a: Glimmora|Glimmora-Mega, L50, M|12/100\n|turn|9\n|\n|t:|1776139251\n|move|p2a: Glimmora|Spiky Shield|p2a: Glimmora\n|-singleturn|p2a: Glimmora|move: Protect\n|move|p1b: Arcanine|Extreme Speed|p2b: Talonflame\n|-damage|p2b: Talonflame|34/100\n|move|p2b: Talonflame|Brave Bird|p1a: Milotic\n|-damage|p1a: Milotic|1/100\n|-damage|p2b: Talonflame|15/100|[from] Recoil\n|move|p1a: Milotic|Scald|p2a: Glimmora\n|-activate|p2a: Glimmora|move: Protect\n|\n|-heal|p1a: Milotic|7/100|[from] item: Leftovers\n|upkeep\n|turn|10\n|inactive|RIOGUTM02 has 30 seconds left.\n|\n|t:|1776139279\n|move|p1a: Milotic|Protect|p1a: Milotic\n|-singleturn|p1a: Milotic|Protect\n|move|p1b: Arcanine|Extreme Speed|p2b: Talonflame\n|-damage|p2b: Talonflame|0 fnt\n|faint|p2b: Talonflame\n|move|p2a: Glimmora|Sludge Bomb|p1a: Milotic\n|-activate|p1a: Milotic|move: Protect\n|\n|-heal|p1a: Milotic|13/100|[from] item: Leftovers\n|upkeep\n|turn|11\n|\n|t:|1776139293\n|switch|p1a: Sneasler|Sneasler, L50, M|100/100\n|move|p2a: Glimmora|Sludge Bomb|p1a: Sneasler\n|-resisted|p1a: Sneasler|1\n|-damage|p1a: Sneasler|53/100\n|move|p1b: Arcanine|Snarl|p2a: Glimmora\n|-damage|p2a: Glimmora|0 fnt\n|faint|p2a: Glimmora\n|\n|win|bambinator88\n|raw|bambinator88's rating: 1033 &rarr; <strong>1065</strong><br />(+32 for winning)\n|raw|RIOGUTM02's rating: 1000 &rarr; <strong>1000</strong><br />(+0 for losing)\n|l|\u2606RIOGUTM02\n|player|p2|\n",
  "uploadtime": 1776139306,
  "views": 12,
  "formatid": "gen9championsvgc2026regma",
  "rating": 1000,
  "private": 0,
  "password": null
}