{
  "id": "gen9championsvgc2026regma-2581167215",
  "format": "[Gen 9 Champions] VGC 2026 Reg M-A",
  "players": [
    "DrayageDrago",
    "StrawberryBalloons"
  ],
  "log": "|j|\u2606DrayageDrago\n|j|\u203dStrawberryBalloons\n|t:|1775966437\n|gametype|doubles\n|player|p1|DrayageDrago|169|1165\n|player|p2|StrawberryBalloons|fisherman-gen4|1135\n|gen|9\n|tier|[Gen 9 Champions] VGC 2026 Reg M-A\n|rated|\n|rule|Species Clause: Limit one of each Pok\u00e9mon\n|rule|Item Clause: Limit 1 of each item\n|clearpoke\n|poke|p1|Drampa, L50, M|\n|poke|p1|Incineroar, L50, F|\n|poke|p1|Sinistcha, L50|\n|poke|p1|Pelipper, L50, M|\n|poke|p1|Sneasler, L50, M|\n|poke|p1|Basculegion, L50, M|\n|poke|p2|Whimsicott, L50, M|\n|poke|p2|Chesnaught, L50, M|\n|poke|p2|Floette-Eternal, L50, F|\n|poke|p2|Incineroar, L50, M|\n|poke|p2|Slowbro-Galar, L50, F|\n|poke|p2|Tinkaton, L50, F|\n|teampreview|4\n|inactive|Battle timer is ON: inactive players will automatically lose when time's up. (requested by StrawberryBalloons)\n|inactive|DrayageDrago has 60 seconds left.\n|\n|t:|1775966483\n|teamsize|p1|4\n|teamsize|p2|4\n|start\n|switch|p1a: Sneasler|Sneasler, L50, M, shiny|100/100\n|switch|p1b: Sinistcha|Sinistcha, L50|100/100\n|switch|p2a: Incineroar|Incineroar, L50, M|100/100\n|switch|p2b: Tinkaton|Tinkaton, L50, F, shiny|100/100\n|-ability|p2b: Tinkaton|Mold Breaker\n|-ability|p2a: Incineroar|Intimidate|boost\n|-unboost|p1a: Sneasler|atk|1\n|-unboost|p1b: Sinistcha|atk|1\n|-enditem|p1a: Sneasler|White Herb\n|-clearnegativeboost|p1a: Sneasler|[silent]\n|turn|1\n|\n|t:|1775966505\n|switch|p1b: Pelipper|Pelipper, L50, M, shiny|100/100\n|-weather|RainDance|[from] ability: Drizzle|[of] p1b: Pelipper\n|move|p1a: Sneasler|Protect|p1a: Sneasler\n|-singleturn|p1a: Sneasler|Protect\n|move|p2b: Tinkaton|Gigaton Hammer|p1a: Sneasler\n|-activate|p1a: Sneasler|move: Protect\n|move|p2a: Incineroar|Swords Dance|p2a: Incineroar\n|-boost|p2a: Incineroar|atk|2\n|\n|-weather|RainDance|[upkeep]\n|upkeep\n|turn|2\n|\n|t:|1775966527\n|move|p1a: Sneasler|Close Combat|p2b: Tinkaton\n|-damage|p2b: Tinkaton|33/100\n|-unboost|p1a: Sneasler|def|1\n|-unboost|p1a: Sneasler|spd|1\n|-immune|p2b: Tinkaton\n|move|p2b: Tinkaton|Encore|p1a: Sneasler\n|-start|p1a: Sneasler|Encore\n|move|p1b: Pelipper|Weather Ball|p2a: Incineroar\n|-supereffective|p2a: Incineroar|1\n|-damage|p2a: Incineroar|10/100\n|-enditem|p2a: Incineroar|Sitrus Berry|[eat]\n|-heal|p2a: Incineroar|35/100|[from] item: Sitrus Berry\n|move|p2a: Incineroar|Baton Pass|p2a: Incineroar\n|\n|t:|1775966540\n|switch|p2a: Chesnaught|Chesnaught, L50, M|100/100|[from] Baton Pass\n|\n|-weather|RainDance|[upkeep]\n|upkeep\n|turn|3\n|\n|t:|1775966548\n|move|p2a: Chesnaught|Protect|p2a: Chesnaught\n|-singleturn|p2a: Chesnaught|Protect\n|move|p1a: Sneasler|Close Combat|p2b: Tinkaton\n|-damage|p2b: Tinkaton|0 fnt\n|-unboost|p1a: Sneasler|def|1\n|-unboost|p1a: Sneasler|spd|1\n|faint|p2b: Tinkaton\n|move|p1b: Pelipper|Hurricane|p2a: Chesnaught\n|-activate|p2a: Chesnaught|move: Protect\n|\n|-weather|RainDance|[upkeep]\n|upkeep\n|\n|t:|1775966553\n|switch|p2b: Whimsicott|Whimsicott, L50, M|100/100\n|turn|4\n|\n|t:|1775966568\n|switch|p1a: Drampa|Drampa, L50, M, shiny|100/100\n|-ability|p1a: Drampa|Cloud Nine\n|detailschange|p2a: Chesnaught|Chesnaught-Mega, L50, M\n|-mega|p2a: Chesnaught|Chesnaught|Chesnaughtite\n|move|p2b: Whimsicott|Grassy Terrain|p2b: Whimsicott\n|-fieldstart|move: Grassy Terrain\n|move|p2a: Chesnaught|Grassy Glide|p1b: Pelipper\n|-enditem|p1b: Pelipper|Focus Sash\n|-damage|p1b: Pelipper|1/100\n|move|p1b: Pelipper|Hurricane|p2a: Chesnaught|[miss]\n|-miss|p1b: Pelipper|p2a: Chesnaught\n|\n|-weather|RainDance|[upkeep]\n|upkeep\n|turn|5\n|inactive|DrayageDrago has 30 seconds left.\n|\n|t:|1775966594\n|detailschange|p1a: Drampa|Drampa-Mega, L50, M, shiny\n|-mega|p1a: Drampa|Drampa|Drampanite\n|move|p1b: Pelipper|Protect|p1b: Pelipper\n|-singleturn|p1b: Pelipper|Protect\n|move|p2b: Whimsicott|Moonblast|p1b: Pelipper\n|-activate|p1b: Pelipper|move: Protect\n|move|p2a: Chesnaught|Body Press|p1a: Drampa\n|-supereffective|p1a: Drampa|1\n|-damage|p1a: Drampa|16/100\n|-ability|p1a: Drampa|Berserk|boost\n|-boost|p1a: Drampa|spa|1\n|move|p1a: Drampa|Hyper Voice|p2a: Chesnaught|[spread] p2a,p2b\n|-crit|p2b: Whimsicott\n|-damage|p2a: Chesnaught|47/100\n|-enditem|p2b: Whimsicott|Focus Sash\n|-damage|p2b: Whimsicott|1/100\n|\n|-weather|none\n|-heal|p2b: Whimsicott|7/100|[from] Grassy Terrain\n|-heal|p2a: Chesnaught|53/100|[from] Grassy Terrain\n|-heal|p1a: Drampa|22/100|[from] Grassy Terrain\n|upkeep\n|turn|6\n|\n|t:|1775966615\n|switch|p1b: Sinistcha|Sinistcha, L50|100/100\n|-heal|p1a: Drampa|47/100|[from] ability: Hospitality|[of] p1b: Sinistcha\n|move|p1a: Drampa|Protect|p1a: Drampa\n|-singleturn|p1a: Drampa|Protect\n|move|p2a: Chesnaught|Grassy Glide|p1a: Drampa\n|-activate|p1a: Drampa|move: Protect\n|move|p2b: Whimsicott|Moonblast|p1b: Sinistcha\n|-damage|p1b: Sinistcha|66/100\n|\n|-heal|p2b: Whimsicott|13/100|[from] Grassy Terrain\n|-heal|p1b: Sinistcha|72/100|[from] Grassy Terrain\n|-heal|p2a: Chesnaught|59/100|[from] Grassy Terrain\n|-heal|p1a: Drampa|53/100|[from] Grassy Terrain\n|upkeep\n|turn|7\n|inactive|DrayageDrago has 30 seconds left.\n|inactive|StrawberryBalloons has 30 seconds left.\n|inactive|StrawberryBalloons has 20 seconds left.\n|\n|t:|1775966652\n|switch|p1a: Pelipper|Pelipper, L50, M, shiny|1/100\n|-weather|RainDance|[from] ability: Drizzle|[of] p1a: Pelipper\n|move|p2b: Whimsicott|Tailwind|p2b: Whimsicott\n|-sidestart|p2: StrawberryBalloons|move: Tailwind\n|move|p2a: Chesnaught|Body Press|p1a: Pelipper\n|-resisted|p1a: Pelipper|1\n|-damage|p1a: Pelipper|0 fnt\n|faint|p1a: Pelipper\n|move|p1b: Sinistcha|Trick Room|p1b: Sinistcha\n|-fieldstart|move: Trick Room|[of] p1b: Sinistcha\n|\n|-weather|RainDance|[upkeep]\n|-heal|p1b: Sinistcha|78/100|[from] Grassy Terrain\n|-heal|p2a: Chesnaught|65/100|[from] Grassy Terrain\n|-heal|p2b: Whimsicott|19/100|[from] Grassy Terrain\n|upkeep\n|\n|t:|1775966667\n|switch|p1a: Drampa|Drampa-Mega, L50, M, shiny|53/100\n|turn|8\n|\n|t:|1775966681\n|move|p2b: Whimsicott|Encore|p1b: Sinistcha\n|-start|p1b: Sinistcha|Encore\n|move|p1a: Drampa|Hyper Voice|p2b: Whimsicott|[spread] p2a,p2b\n|-damage|p2a: Chesnaught|27/100\n|-damage|p2b: Whimsicott|0 fnt\n|faint|p2b: Whimsicott\n|move|p2a: Chesnaught|Body Press|p1a: Drampa\n|-supereffective|p1a: Drampa|1\n|-damage|p1a: Drampa|0 fnt\n|faint|p1a: Drampa\n|move|p1b: Sinistcha|Trick Room|p1b: Sinistcha\n|-fieldend|move: Trick Room\n|\n|-weather|RainDance|[upkeep]\n|-heal|p2a: Chesnaught|33/100|[from] Grassy Terrain\n|-heal|p1b: Sinistcha|85/100|[from] Grassy Terrain\n|-fieldend|move: Grassy Terrain\n|upkeep\n|-message|DrayageDrago forfeited.\n|\n|win|StrawberryBalloons\n|raw|DrayageDrago's rating: 1135 &rarr; <strong>1110</strong><br />(-25 for losing)\n|raw|StrawberryBalloons's rating: 1135 &rarr; <strong>1160</strong><br />(+25 for winning)\n|l|\u2606DrayageDrago\n|player|p1|\n",
  "uploadtime": 1775966693,
  "views": 28,
  "formatid": "gen9championsvgc2026regma",
  "rating": 1110,
  "private": 0,
  "password": null
}