{
  "id": "gen9championsvgc2026regma-2584271914",
  "format": "[Gen 9 Champions] VGC 2026 Reg M-A",
  "players": [
    "cammellio",
    "SimMikaze"
  ],
  "log": "|j|\u2606cammellio\n|j|\u2606SimMikaze\n|t:|1776245668\n|gametype|doubles\n|player|p1|cammellio|101|1121\n|player|p2|SimMikaze|miku-ghost|1188\n|gen|9\n|tier|[Gen 9 Champions] VGC 2026 Reg M-A\n|rated|\n|rule|Species Clause: Limit one of each Pok\u00e9mon\n|rule|Item Clause: Limit 1 of each item\n|clearpoke\n|poke|p1|Starmie, L50|\n|poke|p1|Araquanid, L50, M|\n|poke|p1|Farigiraf, L50, M|\n|poke|p1|Pelipper, L50, M|\n|poke|p1|Incineroar, L50, F|\n|poke|p1|Sinistcha-Masterpiece, L50|\n|poke|p2|Gengar, L50, M|\n|poke|p2|Maushold, L50|\n|poke|p2|Whimsicott, L50, M|\n|poke|p2|Incineroar, L50, M|\n|poke|p2|Empoleon, L50, M|\n|poke|p2|Kommo-o, L50, F|\n|teampreview|4\n|inactive|Battle timer is ON: inactive players will automatically lose when time's up. (requested by cammellio)\n|inactive|cammellio has 60 seconds left.\n|\n|t:|1776245723\n|teamsize|p1|4\n|teamsize|p2|4\n|start\n|switch|p1a: Starmie|Starmie, L50|100/100\n|switch|p1b: Farigiraf|Farigiraf, L50, M|100/100\n|switch|p2a: Gengar|Gengar, L50, M, shiny|100/100\n|switch|p2b: Whimsicott|Whimsicott, L50, M|100/100\n|turn|1\n|inactive|cammellio has 30 seconds left.\n|inactive|SimMikaze has 30 seconds left.\n|\n|t:|1776245765\n|switch|p2b: Empoleon|Empoleon, L50, M|100/100\n|detailschange|p1a: Starmie|Starmie-Mega, L50\n|-mega|p1a: Starmie|Starmie|Starminite\n|detailschange|p2a: Gengar|Gengar-Mega, L50, M, shiny\n|-mega|p2a: Gengar|Gengar|Gengarite\n|move|p1a: Starmie|Protect|p1a: Starmie\n|-singleturn|p1a: Starmie|Protect\n|move|p2a: Gengar|Shadow Ball|p1a: Starmie\n|-activate|p1a: Starmie|move: Protect\n|move|p1b: Farigiraf|Psychic Terrain|p1b: Farigiraf\n|-fieldstart|move: Psychic Terrain\n|\n|upkeep\n|turn|2\n|inactive|cammellio has 30 seconds left.\n|\n|t:|1776245800\n|move|p1b: Farigiraf|Helping Hand|p1a: Starmie\n|-singleturn|p1a: Starmie|Helping Hand|[of] p1b: Farigiraf\n|move|p2a: Gengar|Shadow Ball|p1a: Starmie\n|-supereffective|p1a: Starmie|1\n|-damage|p1a: Starmie|0 fnt\n|faint|p1a: Starmie\n|move|p2b: Empoleon|Hydro Pump|p1b: Farigiraf\n|-damage|p1b: Farigiraf|49/100\n|\n|upkeep\n|\n|t:|1776245812\n|switch|p1a: Araquanid|Araquanid, L50, M, shiny|100/100\n|turn|3\n|\n|t:|1776245834\n|move|p2a: Gengar|Protect|p2a: Gengar\n|-singleturn|p2a: Gengar|Protect\n|move|p1b: Farigiraf|Foul Play|p2a: Gengar\n|-activate|p2a: Gengar|move: Protect\n|move|p2b: Empoleon|Hydro Pump|p1b: Farigiraf|[miss]\n|-miss|p2b: Empoleon|p1b: Farigiraf\n|move|p1a: Araquanid|Liquidation|p2a: Gengar\n|-activate|p2a: Gengar|move: Protect\n|\n|upkeep\n|turn|4\n|\n|t:|1776245855\n|switch|p2a: Incineroar|Incineroar, L50, M, shiny|100/100\n|-ability|p2a: Incineroar|Intimidate|boost\n|-unboost|p1a: Araquanid|atk|1\n|-unboost|p1b: Farigiraf|atk|1\n|move|p1b: Farigiraf|Helping Hand|p1a: Araquanid\n|-singleturn|p1a: Araquanid|Helping Hand|[of] p1b: Farigiraf\n|move|p2b: Empoleon|Hydro Pump|p1b: Farigiraf\n|-damage|p1b: Farigiraf|0 fnt\n|faint|p1b: Farigiraf\n|move|p1a: Araquanid|Liquidation|p2a: Incineroar\n|-supereffective|p2a: Incineroar|1\n|-damage|p2a: Incineroar|0 fnt\n|faint|p2a: Incineroar\n|\n|upkeep\n|\n|t:|1776245877\n|switch|p2a: Gengar|Gengar-Mega, L50, M, shiny|100/100\n|switch|p1b: Pelipper|Pelipper, L50, M|100/100\n|-weather|RainDance|[from] ability: Drizzle|[of] p1b: Pelipper\n|turn|5\n|\n|t:|1776245900\n|switch|p2b: Whimsicott|Whimsicott, L50, M|100/100\n|move|p2a: Gengar|Perish Song|p2a: Gengar\n|-start|p1a: Araquanid|perish3|[silent]\n|-start|p1b: Pelipper|perish3|[silent]\n|-start|p2a: Gengar|perish3|[silent]\n|-start|p2b: Whimsicott|perish3|[silent]\n|-fieldactivate|move: Perish Song\n|move|p1b: Pelipper|Tailwind|p1b: Pelipper\n|-sidestart|p1: cammellio|move: Tailwind\n|move|p1a: Araquanid|Liquidation|p2a: Gengar\n|-damage|p2a: Gengar|0 fnt\n|faint|p2a: Gengar\n|\n|-weather|RainDance|[upkeep]\n|-start|p1b: Pelipper|perish3\n|-start|p2b: Whimsicott|perish3\n|-start|p1a: Araquanid|perish3\n|-fieldend|move: Psychic Terrain\n|upkeep\n|\n|t:|1776245907\n|switch|p2a: Empoleon|Empoleon, L50, M|100/100\n|turn|6\n|\n|t:|1776245931\n|move|p2b: Whimsicott|Protect|p2b: Whimsicott\n|-singleturn|p2b: Whimsicott|Protect\n|move|p2a: Empoleon|Protect|p2a: Empoleon\n|-singleturn|p2a: Empoleon|Protect\n|move|p1b: Pelipper|Hurricane|p2a: Empoleon\n|-activate|p2a: Empoleon|move: Protect\n|move|p1a: Araquanid|Liquidation|p2a: Empoleon\n|-activate|p2a: Empoleon|move: Protect\n|\n|-weather|RainDance|[upkeep]\n|-start|p1b: Pelipper|perish2\n|-start|p2b: Whimsicott|perish2\n|-start|p1a: Araquanid|perish2\n|upkeep\n|turn|7\n|\n|t:|1776245951\n|move|p2b: Whimsicott|Tailwind|p2b: Whimsicott\n|-sidestart|p2: SimMikaze|move: Tailwind\n|move|p1b: Pelipper|Hurricane|p2b: Whimsicott\n|-supereffective|p2b: Whimsicott|1\n|-damage|p2b: Whimsicott|0 fnt\n|faint|p2b: Whimsicott\n|move|p2a: Empoleon|Aqua Ring|p2a: Empoleon\n|-start|p2a: Empoleon|Aqua Ring\n|move|p1a: Araquanid|Liquidation|p2a: Empoleon\n|-resisted|p2a: Empoleon|1\n|-damage|p2a: Empoleon|63/100\n|\n|-weather|RainDance|[upkeep]\n|-heal|p2a: Empoleon|69/100|[from] item: Leftovers\n|-heal|p2a: Empoleon|74/100|[from] Aqua Ring\n|-start|p1b: Pelipper|perish1\n|-start|p1a: Araquanid|perish1\n|upkeep\n|turn|8\n|\n|t:|1776245971\n|move|p2a: Empoleon|Protect|p2a: Empoleon\n|-singleturn|p2a: Empoleon|Protect\n|move|p1b: Pelipper|Hurricane|p2a: Empoleon\n|-activate|p2a: Empoleon|move: Protect\n|move|p1a: Araquanid|Liquidation|p2a: Empoleon\n|-activate|p2a: Empoleon|move: Protect\n|\n|-weather|RainDance|[upkeep]\n|-heal|p2a: Empoleon|80/100|[from] item: Leftovers\n|-heal|p2a: Empoleon|86/100|[from] Aqua Ring\n|-start|p1b: Pelipper|perish0\n|-start|p1a: Araquanid|perish0\n|-sideend|p1: cammellio|move: Tailwind\n|faint|p1b: Pelipper\n|faint|p1a: Araquanid\n|\n|win|SimMikaze\n|raw|cammellio's rating: 1121 &rarr; <strong>1101</strong><br />(-20 for losing)\n|raw|SimMikaze's rating: 1188 &rarr; <strong>1208</strong><br />(+20 for winning)\n",
  "uploadtime": 1776245977,
  "views": 19,
  "formatid": "gen9championsvgc2026regma",
  "rating": 1101,
  "private": 0,
  "password": null
}