{
  "id": "gen9championsvgc2026regma-2580672467",
  "format": "[Gen 9 Champions] VGC 2026 Reg M-A",
  "players": [
    "2rffwd",
    "Big Soul Mama"
  ],
  "log": "|j|\u26062rffwd\n|j|\u2606Big Soul Mama\n|t:|1775923118\n|gametype|doubles\n|player|p1|2rffwd|kiawe|1106\n|player|p2|Big Soul Mama|lenora|1015\n|gen|9\n|tier|[Gen 9 Champions] VGC 2026 Reg M-A\n|rated|\n|rule|Species Clause: Limit one of each Pok\u00e9mon\n|rule|Item Clause: Limit 1 of each item\n|clearpoke\n|poke|p1|Delphox, L50, M|\n|poke|p1|Torkoal, L50, M|\n|poke|p1|Venusaur, L50, F|\n|poke|p1|Sneasler, L50, M|\n|poke|p1|Hatterene, L50, F|\n|poke|p1|Golurk, L50|\n|poke|p2|Chimecho, L50, F|\n|poke|p2|Slowking-Galar, L50, F|\n|poke|p2|Rhyperior, L50, M|\n|poke|p2|Tinkaton, L50, F|\n|poke|p2|Maushold, L50|\n|poke|p2|Milotic, L50, F|\n|teampreview|4\n|inactive|Battle timer is ON: inactive players will automatically lose when time's up. (requested by 2rffwd)\n|\n|t:|1775923141\n|teamsize|p1|4\n|teamsize|p2|4\n|start\n|switch|p1a: Delphox|Delphox, L50, M|100/100\n|switch|p1b: Sneasler|Sneasler, L50, M|100/100\n|switch|p2a: Tinkaton|Tinkaton, L50, F|100/100\n|switch|p2b: Slowking|Slowking-Galar, L50, F|100/100\n|-ability|p2a: Tinkaton|Mold Breaker\n|turn|1\n|inactive|2rffwd has 30 seconds left.\n|\n|t:|1775923166\n|detailschange|p1a: Delphox|Delphox-Mega, L50, M\n|-mega|p1a: Delphox|Delphox|Delphoxite\n|move|p1b: Sneasler|Fake Out|p2a: Tinkaton\n|-resisted|p2a: Tinkaton|1\n|-damage|p2a: Tinkaton|94/100\n|cant|p2a: Tinkaton|flinch\n|move|p1a: Delphox|Calm Mind|p1a: Delphox\n|-boost|p1a: Delphox|spa|1\n|-boost|p1a: Delphox|spd|1\n|move|p2b: Slowking|Trick Room|p2b: Slowking\n|-fieldstart|move: Trick Room|[of] p2b: Slowking\n|\n|upkeep\n|turn|2\n|\n|t:|1775923182\n|switch|p1b: Torkoal|Torkoal, L50, M|100/100\n|-weather|SunnyDay|[from] ability: Drought|[of] p1b: Torkoal\n|move|p2a: Tinkaton|Feint|p1b: Torkoal\n|-damage|p1b: Torkoal|95/100\n|move|p2b: Slowking|Psychic|p1b: Torkoal\n|-damage|p1b: Torkoal|34/100\n|move|p1a: Delphox|Heat Wave|p2a: Tinkaton|[spread] p2a,p2b\n|-supereffective|p2a: Tinkaton|1\n|-damage|p2a: Tinkaton|0 fnt\n|-damage|p2b: Slowking|15/100\n|-status|p2b: Slowking|brn\n|faint|p2a: Tinkaton\n|\n|-weather|SunnyDay|[upkeep]\n|-damage|p2b: Slowking|9/100 brn|[from] brn\n|upkeep\n|\n|t:|1775923197\n|switch|p2a: Rhyperior|Rhyperior, L50, M|100/100\n|turn|3\n|\n|t:|1775923219\n|move|p1a: Delphox|Protect|p1a: Delphox\n|-singleturn|p1a: Delphox|Protect\n|move|p1b: Torkoal|Earth Power|p2a: Rhyperior\n|-supereffective|p2a: Rhyperior|1\n|-damage|p2a: Rhyperior|49/100\n|move|p2b: Slowking|Sludge Bomb|p1a: Delphox\n|-activate|p1a: Delphox|move: Protect\n|move|p2a: Rhyperior|Rock Slide|p1a: Delphox|[spread] p1b\n|-activate|p1a: Delphox|move: Protect\n|-supereffective|p1b: Torkoal|1\n|-damage|p1b: Torkoal|0 fnt\n|faint|p1b: Torkoal\n|\n|-weather|SunnyDay|[upkeep]\n|-damage|p2b: Slowking|3/100 brn|[from] brn\n|upkeep\n|\n|t:|1775923233\n|switch|p1b: Sneasler|Sneasler, L50, M|100/100\n|turn|4\n|\n|t:|1775923250\n|switch|p2a: Chimecho|Chimecho, L50, F|100/100\n|move|p1b: Sneasler|Fake Out|p2a: Chimecho\n|-damage|p2a: Chimecho|85/100\n|move|p2b: Slowking|Psychic|p1b: Sneasler\n|-supereffective|p1b: Sneasler|2\n|-damage|p1b: Sneasler|0 fnt\n|faint|p1b: Sneasler\n|move|p1a: Delphox|Heat Wave|p2b: Slowking|[spread] p2a,p2b\n|-damage|p2a: Chimecho|14/100\n|-damage|p2b: Slowking|0 fnt\n|faint|p2b: Slowking\n|\n|-weather|SunnyDay|[upkeep]\n|upkeep\n|\n|t:|1775923263\n|switch|p2b: Rhyperior|Rhyperior, L50, M|49/100\n|switch|p1b: Hatterene|Hatterene, L50, F|100/100\n|turn|5\n|inactive|Big Soul Mama has 30 seconds left.\n|inactive|Big Soul Mama has 20 seconds left.\n|inactive|Big Soul Mama has 15 seconds left.\n|\n|t:|1775923305\n|move|p1a: Delphox|Protect|p1a: Delphox\n|-singleturn|p1a: Delphox|Protect\n|move|p1b: Hatterene|Psychic|p2b: Rhyperior\n|-damage|p2b: Rhyperior|0 fnt\n|faint|p2b: Rhyperior\n|move|p2a: Chimecho|Flash Cannon|p1b: Hatterene\n|-supereffective|p1b: Hatterene|1\n|-damage|p1b: Hatterene|65/100\n|\n|-weather|SunnyDay|[upkeep]\n|-fieldend|move: Trick Room\n|upkeep\n|turn|6\n|-message|Big Soul Mama forfeited.\n|\n|win|2rffwd\n|raw|2rffwd's rating: 1106 &rarr; <strong>1125</strong><br />(+19 for winning)\n|raw|Big Soul Mama's rating: 1015 &rarr; <strong>1006</strong><br />(-9 for losing)\n|l|\u2606Big Soul Mama\n|player|p2|\n",
  "uploadtime": 1775923326,
  "views": 18,
  "formatid": "gen9championsvgc2026regma",
  "rating": 1006,
  "private": 0,
  "password": null
}