{
  "id": "gen9championsvgc2026regma-2587523179",
  "format": "[Gen 9 Champions] VGC 2026 Reg M-A",
  "players": [
    "lockjaw",
    "Braute"
  ],
  "log": "|j|\u2606lockjaw\n|j|\u2606Braute\n|t:|1776539104\n|gametype|doubles\n|player|p1|lockjaw|#puwciiibrazil|1195\n|player|p2|Braute|miku-fire|1223\n|gen|9\n|tier|[Gen 9 Champions] VGC 2026 Reg M-A\n|rated|\n|rule|Species Clause: Limit one of each Pok\u00e9mon\n|rule|Item Clause: Limit 1 of each item\n|clearpoke\n|poke|p1|Gyarados, L50, F|\n|poke|p1|Sinistcha, L50|\n|poke|p1|Talonflame, L50, M|\n|poke|p1|Sneasler, L50, F|\n|poke|p1|Garchomp, L50, F|\n|poke|p1|Kommo-o, L50, M|\n|poke|p2|Skarmory, L50, M, shiny|\n|poke|p2|Sneasler, L50, F|\n|poke|p2|Glimmora, L50, F|\n|poke|p2|Garchomp, L50, F|\n|poke|p2|Incineroar, L50, M, shiny|\n|poke|p2|Volcarona, L50, F, shiny|\n|teampreview|4\n|inactive|Battle timer is ON: inactive players will automatically lose when time's up. (requested by Braute)\n|inactive|Braute has 60 seconds left.\n|\n|t:|1776539142\n|teamsize|p1|4\n|teamsize|p2|4\n|start\n|switch|p1a: Garchomp|Garchomp, L50, F|100/100\n|switch|p1b: Talonflame|Talonflame, L50, M|100/100\n|switch|p2a: Skarmory|Skarmory, L50, M, shiny|100/100\n|switch|p2b: Sneasler|Sneasler, L50, F|100/100\n|turn|1\n|\n|t:|1776539151\n|move|p1b: Talonflame|Protect|p1b: Talonflame\n|-singleturn|p1b: Talonflame|Protect\n|move|p2b: Sneasler|Fake Out|p1b: Talonflame\n|-activate|p1b: Talonflame|move: Protect\n|move|p1a: Garchomp|Earthquake|p2b: Sneasler|[spread] p2b\n|-activate|p1b: Talonflame|move: Protect\n|-immune|p2a: Skarmory\n|-supereffective|p2b: Sneasler|1\n|-damage|p2b: Sneasler|0 fnt\n|faint|p2b: Sneasler\n|move|p2a: Skarmory|Tailwind|p2a: Skarmory\n|-sidestart|p2: Braute|move: Tailwind\n|\n|upkeep\n|\n|t:|1776539162\n|switch|p2b: Garchomp|Garchomp, L50, F|100/100\n|turn|2\n|\n|t:|1776539187\n|switch|p2a: Glimmora|Glimmora, L50, F|100/100\n|switch|p1a: Gyarados|Gyarados, L50, F|100/100\n|-ability|p1a: Gyarados|Intimidate|boost\n|-unboost|p2a: Glimmora|atk|1\n|-unboost|p2b: Garchomp|atk|1\n|move|p2b: Garchomp|Dragon Claw|p1a: Gyarados\n|-damage|p1a: Gyarados|63/100\n|move|p1b: Talonflame|Flare Blitz|p2a: Glimmora\n|-resisted|p2a: Glimmora|1\n|-damage|p2a: Glimmora|70/100\n|-activate|p2a: Glimmora|ability: Toxic Debris\n|-sidestart|p1: lockjaw|move: Toxic Spikes\n|-damage|p1b: Talonflame|90/100|[from] Recoil\n|\n|upkeep\n|turn|3\n|\n|t:|1776539208\n|detailschange|p1a: Gyarados|Gyarados-Mega, L50, F\n|-mega|p1a: Gyarados|Gyarados|Gyaradosite\n|-ability|p1a: Gyarados|Mold Breaker\n|move|p2a: Glimmora|Spiky Shield|p2a: Glimmora\n|-singleturn|p2a: Glimmora|move: Protect\n|move|p1b: Talonflame|Protect|p1b: Talonflame\n|-singleturn|p1b: Talonflame|Protect\n|move|p2b: Garchomp|Dragon Claw|p1a: Gyarados\n|-damage|p1a: Gyarados|34/100\n|move|p1a: Gyarados|Waterfall|p2a: Glimmora\n|-activate|p2a: Glimmora|move: Protect\n|-damage|p1a: Gyarados|22/100|[from] Spiky Shield|[of] p2a: Glimmora\n|\n|upkeep\n|turn|4\n|\n|t:|1776539223\n|detailschange|p2a: Glimmora|Glimmora-Mega, L50, F\n|-mega|p2a: Glimmora|Glimmora|Glimmoranite\n|move|p2b: Garchomp|Dragon Claw|p1a: Gyarados\n|-damage|p1a: Gyarados|0 fnt\n|faint|p1a: Gyarados\n|move|p2a: Glimmora|Power Gem|p1b: Talonflame\n|-supereffective|p1b: Talonflame|2\n|-damage|p1b: Talonflame|0 fnt\n|faint|p1b: Talonflame\n|\n|-sideend|p2: Braute|move: Tailwind\n|upkeep\n|\n|t:|1776539229\n|switch|p1b: Kommo-o|Kommo-o, L50, M|100/100\n|switch|p1a: Garchomp|Garchomp, L50, F|100/100\n|-status|p1a: Garchomp|psn\n|-status|p1b: Kommo-o|psn\n|turn|5\n|-message|lockjaw forfeited.\n|\n|win|Braute\n|raw|lockjaw's rating: 1195 &rarr; <strong>1172</strong><br />(-23 for losing)\n|raw|Braute's rating: 1223 &rarr; <strong>1246</strong><br />(+23 for winning)\n",
  "uploadtime": 1776539236,
  "views": 16,
  "formatid": "gen9championsvgc2026regma",
  "rating": 1172,
  "private": 0,
  "password": null
}