{
  "id": "gen9championsvgc2026regma-2587599673",
  "format": "[Gen 9 Champions] VGC 2026 Reg M-A",
  "players": [
    "AtumAsar",
    "5wamp"
  ],
  "log": "|j|\u2606AtumAsar\n|j|\u26065wamp\n|t:|1776545788\n|gametype|doubles\n|player|p1|AtumAsar|brawly|\n|player|p2|5wamp|carmine-festival|\n|gen|9\n|tier|[Gen 9 Champions] VGC 2026 Reg M-A\n|rated|Tournament battle\n|rule|Species Clause: Limit one of each Pok\u00e9mon\n|rule|Item Clause: Limit 1 of each item\n|clearpoke\n|poke|p1|Aegislash, L50, F|\n|poke|p1|Oranguru, L50, F|\n|poke|p1|Drampa, L50, F, shiny|\n|poke|p1|Heracross, L50, M|\n|poke|p1|Sneasler, L50, F, shiny|\n|poke|p1|Meganium, L50, F, shiny|\n|poke|p2|Floette-Eternal, L50, F|\n|poke|p2|Sneasler, L50, F|\n|poke|p2|Aerodactyl, L50, M|\n|poke|p2|Delphox, L50, F|\n|poke|p2|Garchomp, L50, M|\n|poke|p2|Kingambit, L50, F|\n|teampreview|4\n|inactive|Battle timer is ON: inactive players will automatically lose when time's up. (requested by 5wamp)\n|\n|t:|1776545812\n|teamsize|p1|4\n|teamsize|p2|4\n|start\n|switch|p1a: Oranguru|Oranguru, L50, F|100/100\n|switch|p1b: Sneasler|Sneasler, L50, F, shiny|100/100\n|switch|p2a: Delphox|Delphox, L50, F|100/100\n|switch|p2b: Aerodactyl|Aerodactyl, L50, M|100/100\n|-ability|p2b: Aerodactyl|Unnerve\n|turn|1\n|\n|t:|1776545836\n|move|p1b: Sneasler|Fake Out|p2a: Delphox\n|-damage|p2a: Delphox|75/100\n|move|p2b: Aerodactyl|Rock Slide|p1b: Sneasler|[spread] p1a,p1b\n|-resisted|p1b: Sneasler|1\n|-damage|p1a: Oranguru|84/100\n|-damage|p1b: Sneasler|83/100\n|cant|p2a: Delphox|flinch\n|move|p1a: Oranguru|Trick Room|p1a: Oranguru\n|-fieldstart|move: Trick Room|[of] p1a: Oranguru\n|\n|upkeep\n|turn|2\n|inactive|AtumAsar has 30 seconds left.\n|\n|t:|1776545867\n|switch|p2b: Kingambit|Kingambit, L50, F|100/100\n|move|p1a: Oranguru|Instruct|p1b: Sneasler\n|-singleturn|p1b: Sneasler|move: Instruct|[of] p1a: Oranguru\n|move|p1b: Sneasler|Fake Out||[still]\n|-hint|Fake Out only works on your first turn out.\n|-fail|p1b: Sneasler\n|move|p2a: Delphox|Psychic|p1b: Sneasler\n|-supereffective|p1b: Sneasler|2\n|-crit|p1b: Sneasler\n|-damage|p1b: Sneasler|0 fnt\n|faint|p1b: Sneasler\n|\n|upkeep\n|\n|t:|1776545881\n|switch|p1b: Heracross|Heracross, L50, M|100/100\n|turn|3\n|\n|t:|1776545899\n|move|p2b: Kingambit|Protect|p2b: Kingambit\n|-singleturn|p2b: Kingambit|Protect\n|move|p2a: Delphox|Protect|p2a: Delphox\n|-singleturn|p2a: Delphox|Protect\n|move|p1a: Oranguru|Rock Slide|p2b: Kingambit|[spread] \n|-activate|p2a: Delphox|move: Protect\n|-activate|p2b: Kingambit|move: Protect\n|move|p1b: Heracross|Close Combat|p2b: Kingambit\n|-activate|p2b: Kingambit|move: Protect\n|\n|upkeep\n|turn|4\n|inactive|AtumAsar has 30 seconds left.\n|\n|t:|1776545927\n|detailschange|p1b: Heracross|Heracross-Mega, L50, M\n|-mega|p1b: Heracross|Heracross|Heracronite\n|detailschange|p2a: Delphox|Delphox-Mega, L50, F\n|-mega|p2a: Delphox|Delphox|Delphoxite\n|move|p1a: Oranguru|Instruct|p1b: Heracross\n|-singleturn|p1b: Heracross|move: Instruct|[of] p1a: Oranguru\n|move|p1b: Heracross|Close Combat|p2b: Kingambit\n|-supereffective|p2b: Kingambit|2\n|-enditem|p2b: Kingambit|Chople Berry|[eat]\n|-enditem|p2b: Kingambit|Chople Berry|[weaken]\n|-damage|p2b: Kingambit|0 fnt\n|-unboost|p1b: Heracross|def|1\n|-unboost|p1b: Heracross|spd|1\n|faint|p2b: Kingambit\n|move|p1b: Heracross|Rock Blast|p2a: Delphox\n|-supereffective|p2a: Delphox|1\n|-damage|p2a: Delphox|34/100\n|-supereffective|p2a: Delphox|1\n|-damage|p2a: Delphox|0 fnt\n|faint|p2a: Delphox\n|-hitcount|p2: Delphox|2\n|\n|upkeep\n|\n|t:|1776545943\n|switch|p2b: Garchomp|Garchomp, L50, M|100/100\n|switch|p2a: Aerodactyl|Aerodactyl, L50, M|100/100\n|-ability|p2a: Aerodactyl|Unnerve\n|turn|5\n|\n|t:|1776545958\n|move|p2b: Garchomp|Protect|p2b: Garchomp\n|-singleturn|p2b: Garchomp|Protect\n|move|p2a: Aerodactyl|Protect|p2a: Aerodactyl\n|-singleturn|p2a: Aerodactyl|Protect\n|move|p1a: Oranguru|Instruct|p1b: Heracross\n|-singleturn|p1b: Heracross|move: Instruct|[of] p1a: Oranguru\n|move|p1b: Heracross|Rock Blast|p2a: Aerodactyl\n|-activate|p2a: Aerodactyl|move: Protect\n|move|p1b: Heracross|Pin Missile|p2b: Garchomp\n|-activate|p2b: Garchomp|move: Protect\n|\n|-fieldend|move: Trick Room\n|upkeep\n|turn|6\n|\n|t:|1776545974\n|move|p1b: Heracross|Protect|p1b: Heracross\n|-singleturn|p1b: Heracross|Protect\n|move|p2a: Aerodactyl|Dual Wingbeat|p1a: Oranguru\n|-damage|p1a: Oranguru|73/100\n|-damage|p1a: Oranguru|60/100\n|-hitcount|p1a: Oranguru|2\n|move|p2b: Garchomp|Dragon Claw|p1a: Oranguru\n|-damage|p1a: Oranguru|28/100\n|move|p1a: Oranguru|Trick Room|p1a: Oranguru\n|-fieldstart|move: Trick Room|[of] p1a: Oranguru\n|\n|upkeep\n|turn|7\n|j|+holdingb\n|inactive|AtumAsar has 30 seconds left.\n|\n|t:|1776546007\n|move|p1a: Oranguru|Rock Slide|p2a: Aerodactyl|[spread] p2a,p2b\n|-supereffective|p2a: Aerodactyl|1\n|-resisted|p2b: Garchomp|1\n|-damage|p2a: Aerodactyl|77/100\n|-damage|p2b: Garchomp|96/100\n|move|p1b: Heracross|Rock Blast|p2a: Aerodactyl|[miss]\n|-miss|p1b: Heracross|p2a: Aerodactyl\n|cant|p2b: Garchomp|flinch\n|move|p2a: Aerodactyl|Dual Wingbeat|p1b: Heracross\n|-supereffective|p1b: Heracross|2\n|-damage|p1b: Heracross|15/100\n|-supereffective|p1b: Heracross|2\n|-damage|p1b: Heracross|0 fnt\n|faint|p1b: Heracross\n|-hitcount|p1: Heracross|2\n|\n|upkeep\n|\n|t:|1776546020\n|switch|p1b: Drampa|Drampa, L50, F, shiny|100/100\n|-ability|p1b: Drampa|Cloud Nine\n|turn|8\n|inactive|5wamp has 30 seconds left.\n|\n|t:|1776546047\n|move|p2b: Garchomp|Protect|p2b: Garchomp\n|-singleturn|p2b: Garchomp|Protect\n|move|p2a: Aerodactyl|Protect|p2a: Aerodactyl\n|-singleturn|p2a: Aerodactyl|Protect\n|move|p1b: Drampa|Dragon Pulse|p2b: Garchomp\n|-activate|p2b: Garchomp|move: Protect\n|move|p1a: Oranguru|Instruct|p1b: Drampa\n|-singleturn|p1b: Drampa|move: Instruct|[of] p1a: Oranguru\n|move|p1b: Drampa|Dragon Pulse|p2b: Garchomp\n|-activate|p2b: Garchomp|move: Protect\n|\n|upkeep\n|turn|9\n|\n|t:|1776546061\n|move|p2b: Garchomp|Protect||[still]\n|-fail|p2b: Garchomp\n|move|p1b: Drampa|Dragon Pulse|p2b: Garchomp\n|-supereffective|p2b: Garchomp|1\n|-damage|p2b: Garchomp|12/100\n|move|p1a: Oranguru|Instruct|p1b: Drampa\n|-singleturn|p1b: Drampa|move: Instruct|[of] p1a: Oranguru\n|move|p1b: Drampa|Dragon Pulse|p2b: Garchomp\n|-supereffective|p2b: Garchomp|1\n|-damage|p2b: Garchomp|0 fnt\n|faint|p2b: Garchomp\n|move|p2a: Aerodactyl|Rock Slide|p1a: Oranguru|[spread] p1a,p1b\n|-damage|p1a: Oranguru|12/100\n|-damage|p1b: Drampa|79/100\n|\n|upkeep\n|turn|10\n|l|+holdingb\n|\n|t:|1776546081\n|move|p2a: Aerodactyl|Protect|p2a: Aerodactyl\n|-singleturn|p2a: Aerodactyl|Protect\n|move|p1b: Drampa|Dragon Pulse|p2a: Aerodactyl\n|-activate|p2a: Aerodactyl|move: Protect\n|move|p1a: Oranguru|Instruct|p1b: Drampa\n|-singleturn|p1b: Drampa|move: Instruct|[of] p1a: Oranguru\n|move|p1b: Drampa|Dragon Pulse|p2a: Aerodactyl\n|-activate|p2a: Aerodactyl|move: Protect\n|\n|-fieldend|move: Trick Room\n|upkeep\n|turn|11\n|\n|t:|1776546099\n|move|p1a: Oranguru|Protect|p1a: Oranguru\n|-singleturn|p1a: Oranguru|Protect\n|move|p2a: Aerodactyl|Rock Slide|p1a: Oranguru|[spread] p1b\n|-activate|p1a: Oranguru|move: Protect\n|-damage|p1b: Drampa|59/100\n|move|p1b: Drampa|Dragon Pulse|p2a: Aerodactyl\n|-crit|p2a: Aerodactyl\n|-damage|p2a: Aerodactyl|4/100\n|\n|upkeep\n|turn|12\n|j| bl4ze4444\n|\n|t:|1776546111\n|move|p2a: Aerodactyl|Rock Slide|p1b: Drampa|[spread] p1a,p1b\n|-damage|p1a: Oranguru|0 fnt\n|-damage|p1b: Drampa|40/100\n|faint|p1a: Oranguru\n|move|p1b: Drampa|Dragon Pulse|p2a: Aerodactyl\n|-damage|p2a: Aerodactyl|0 fnt\n|faint|p2a: Aerodactyl\n|\n|win|AtumAsar\n|n|\u2606AtumAsar|atumasar\n|n|\u26065wamp|5wamp\n|n| bl4ze4444|bl4ze4444\n",
  "uploadtime": 1776546111,
  "views": 16,
  "formatid": "gen9championsvgc2026regma",
  "rating": null,
  "private": 0,
  "password": null
}