{
  "id": "gen9championsvgc2026regma-2586768444",
  "format": "[Gen 9 Champions] VGC 2026 Reg M-A",
  "players": [
    "Leuloch",
    "Mark Smith"
  ],
  "log": "|j|\u2606Leuloch\n|j|\u2606Mark Smith\n|t:|1776458391\n|gametype|doubles\n|player|p1|Leuloch|102|1235\n|player|p2|Mark Smith|101|1334\n|gen|9\n|tier|[Gen 9 Champions] VGC 2026 Reg M-A\n|rated|\n|rule|Species Clause: Limit one of each Pok\u00e9mon\n|rule|Item Clause: Limit 1 of each item\n|clearpoke\n|poke|p1|Aerodactyl, L50, F|\n|poke|p1|Garchomp, L50, M|\n|poke|p1|Whimsicott, L50, M|\n|poke|p1|Primarina, L50, M|\n|poke|p1|Cofagrigus, L50, F|\n|poke|p1|Gyarados, L50, F|\n|poke|p2|Froslass, L50, F|\n|poke|p2|Greninja-*, L50, M|\n|poke|p2|Typhlosion-Hisui, L50, F|\n|poke|p2|Tinkaton, L50, F|\n|poke|p2|Sinistcha, L50|\n|poke|p2|Jolteon, L50, M|\n|teampreview|4\nMark Smith rejected open team sheets.\n|inactive|Battle timer is ON: inactive players will automatically lose when time's up. (requested by Leuloch)\n|\n|t:|1776458412\n|teamsize|p1|4\n|teamsize|p2|4\n|start\n|switch|p1a: Aerodactyl|Aerodactyl, L50, F|100/100\n|switch|p1b: Garchomp|Garchomp, L50, M|100/100\n|switch|p2a: Tinkaton|Tinkaton, L50, F|100/100\n|switch|p2b: Jolteon|Jolteon, L50, M|100/100\n|-ability|p1a: Aerodactyl|Pressure\n|-ability|p2a: Tinkaton|Mold Breaker\n|turn|1\n|\n|t:|1776458433\n|move|p2a: Tinkaton|Fake Out|p1b: Garchomp\n|-damage|p1b: Garchomp|91/100\n|-damage|p2a: Tinkaton|88/100|[from] ability: Rough Skin|[of] p1b: Garchomp\n|move|p1a: Aerodactyl|Tailwind|p1a: Aerodactyl\n|-sidestart|p1: Leuloch|move: Tailwind\n|cant|p1b: Garchomp|flinch\n|move|p2b: Jolteon|Thunderbolt|p1a: Aerodactyl\n|-supereffective|p1a: Aerodactyl|1\n|-enditem|p1a: Aerodactyl|Focus Sash\n|-damage|p1a: Aerodactyl|1/100\n|\n|-heal|p1b: Garchomp|97/100|[from] item: Leftovers\n|upkeep\n|turn|2\n|inactive|Mark Smith has 30 seconds left.\n|\n|t:|1776458462\n|move|p2b: Jolteon|Protect|p2b: Jolteon\n|-singleturn|p2b: Jolteon|Protect\n|move|p1a: Aerodactyl|Rock Slide|p2b: Jolteon|[spread] p2a\n|-activate|p2b: Jolteon|move: Protect\n|-resisted|p2a: Tinkaton|1\n|-damage|p2a: Tinkaton|73/100\n|move|p1b: Garchomp|Substitute|p1b: Garchomp\n|-start|p1b: Garchomp|Substitute\n|-damage|p1b: Garchomp|72/100\n|move|p2a: Tinkaton|Gigaton Hammer|p1b: Garchomp\n|-end|p1b: Garchomp|Substitute\n|\n|-heal|p1b: Garchomp|78/100|[from] item: Leftovers\n|upkeep\n|turn|3\n|inactive|Mark Smith has 30 seconds left.\n|\n|t:|1776458491\n|move|p1a: Aerodactyl|Rock Slide|p2b: Jolteon|[spread] p2a,p2b\n|-resisted|p2a: Tinkaton|1\n|-damage|p2a: Tinkaton|54/100\n|-damage|p2b: Jolteon|54/100\n|move|p1b: Garchomp|Earthquake|p2a: Tinkaton|[spread] p2a,p2b\n|-immune|p1a: Aerodactyl\n|-supereffective|p2a: Tinkaton|1\n|-supereffective|p2b: Jolteon|1\n|-damage|p2a: Tinkaton|0 fnt\n|-damage|p2b: Jolteon|0 fnt\n|faint|p2a: Tinkaton\n|faint|p2b: Jolteon\n|\n|-heal|p1b: Garchomp|84/100|[from] item: Leftovers\n|upkeep\n|\n|t:|1776458503\n|switch|p2b: Greninja|Greninja, L50, M|100/100\n|switch|p2a: Froslass|Froslass, L50, F|100/100\n|turn|4\n|inactive|Leuloch has 30 seconds left.\n|inactive|Leuloch has 20 seconds left.\n|inactive|Leuloch has 15 seconds left.\n|inactive|Leuloch has 10 seconds left.\n|\n|t:|1776458550\n|detailschange|p2a: Froslass|Froslass-Mega, L50, F\n|-mega|p2a: Froslass|Froslass|Froslassite\n|-weather|Snowscape|[from] ability: Snow Warning|[of] p2a: Froslass\n|move|p2b: Greninja|Water Shuriken|p1a: Aerodactyl\n|-start|p2b: Greninja|typechange|Water|[from] ability: Protean\n|-supereffective|p1a: Aerodactyl|1\n|-damage|p1a: Aerodactyl|0 fnt\n|faint|p1a: Aerodactyl\n|-hitcount|p1: Aerodactyl|1\n|move|p1b: Garchomp|Earthquake|p2b: Greninja|[spread] p2a,p2b\n|-damage|p2a: Froslass|60/100\n|-damage|p2b: Greninja|33/100\n|move|p2a: Froslass|Blizzard|p1b: Garchomp\n|-supereffective|p1b: Garchomp|2\n|-damage|p1b: Garchomp|0 fnt\n|faint|p1b: Garchomp\n|\n|-weather|Snowscape|[upkeep]\n|-sideend|p1: Leuloch|move: Tailwind\n|upkeep\n|inactive|Leuloch has 30 seconds left.\n|inactive|Leuloch has 20 seconds left.\n|inactive|Leuloch has 15 seconds left.\n|\n|t:|1776458590\n|switch|p1a: Primarina|Primarina, L50, M|100/100\n|switch|p1b: Whimsicott|Whimsicott, L50, M|100/100\n|turn|5\n|inactive|Leuloch has 30 seconds left.\n|\n|t:|1776458620\n|move|p2b: Greninja|Blizzard|p1a: Primarina|[spread] p1a,p1b\n|-resisted|p1a: Primarina|1\n|-supereffective|p1b: Whimsicott|1\n|-damage|p1a: Primarina|87/100\n|-damage|p1b: Whimsicott|0 fnt\n|-status|p1a: Primarina|frz\n|faint|p1b: Whimsicott\n|move|p2a: Froslass|Shadow Ball|p1a: Primarina\n|-crit|p1a: Primarina\n|-damage|p1a: Primarina|23/100 frz\n|-curestatus|p1a: Primarina|frz|[msg]\n|move|p1a: Primarina|Calm Mind|p1a: Primarina\n|-boost|p1a: Primarina|spa|1\n|-boost|p1a: Primarina|spd|1\n|\n|-weather|Snowscape|[upkeep]\n|upkeep\n|turn|6\n|\n|t:|1776458644\n|move|p2b: Greninja|Dark Pulse|p1a: Primarina\n|-resisted|p1a: Primarina|1\n|-damage|p1a: Primarina|16/100\n|move|p2a: Froslass|Shadow Ball|p1a: Primarina\n|-damage|p1a: Primarina|0 fnt\n|faint|p1a: Primarina\n|\n|win|Mark Smith\n|raw|Leuloch's rating: 1235 &rarr; <strong>1217</strong><br />(-18 for losing)\n|raw|Mark Smith's rating: 1334 &rarr; <strong>1348</strong><br />(+14 for winning)\n|l|\u2606Leuloch\n|player|p1|\n",
  "uploadtime": 1776458781,
  "views": 59,
  "formatid": "gen9championsvgc2026regma",
  "rating": 1217,
  "private": 0,
  "password": null
}