{
  "id": "gen9championsvgc2026regma-2580983398",
  "format": "[Gen 9 Champions] VGC 2026 Reg M-A",
  "players": [
    "bibitomestre",
    "pipppo"
  ],
  "log": "|j|\u2606bibitomestre\n|j|\u2606pipppo\n|t:|1775948941\n|gametype|doubles\n|player|p1|bibitomestre|1|1255\n|player|p2|pipppo|leaf-gen3|1322\n|gen|9\n|tier|[Gen 9 Champions] VGC 2026 Reg M-A\n|rated|\n|rule|Species Clause: Limit one of each Pok\u00e9mon\n|rule|Item Clause: Limit 1 of each item\n|clearpoke\n|poke|p1|Aerodactyl, L50, M|\n|poke|p1|Froslass, L50, F|\n|poke|p1|Garchomp, L50, M|\n|poke|p1|Sneasler, L50, M|\n|poke|p1|Kingambit, L50, F|\n|poke|p1|Rotom-Wash, L50|\n|poke|p2|Talonflame, L50, M|\n|poke|p2|Garchomp, L50, F|\n|poke|p2|Blastoise, L50, F|\n|poke|p2|Kingambit, L50, M|\n|poke|p2|Sylveon, L50, M|\n|poke|p2|Sinistcha, L50|\n|teampreview|4\n|inactive|Battle timer is ON: inactive players will automatically lose when time's up. (requested by bibitomestre)\n|\n|t:|1775948970\n|teamsize|p1|4\n|teamsize|p2|4\n|start\n|switch|p1a: Froslass|Froslass, L50, F|100/100\n|switch|p1b: Aerodactyl|Aerodactyl, L50, M|100/100\n|switch|p2a: Talonflame|Talonflame, L50, M|100/100\n|switch|p2b: Blastoise|Blastoise, L50, F|100/100\n|-ability|p1b: Aerodactyl|Unnerve\n|turn|1\n|j| gE1xjZRtuhW2DdT0AK\n|\n|t:|1775948987\n|detailschange|p1a: Froslass|Froslass-Mega, L50, F\n|-mega|p1a: Froslass|Froslass|Froslassite\n|-weather|Snowscape|[from] ability: Snow Warning|[of] p1a: Froslass\n|detailschange|p2b: Blastoise|Blastoise-Mega, L50, F\n|-mega|p2b: Blastoise|Blastoise|Blastoisinite\n|move|p2a: Talonflame|Tailwind|p2a: Talonflame\n|-sidestart|p2: pipppo|move: Tailwind\n|move|p2b: Blastoise|Water Spout|p1a: Froslass|[spread] p1a,p1b\n|-supereffective|p1b: Aerodactyl|1\n|-damage|p1a: Froslass|21/100\n|-enditem|p1b: Aerodactyl|Focus Sash\n|-damage|p1b: Aerodactyl|1/100\n|move|p1a: Froslass|Blizzard|p2a: Talonflame|[spread] p2a,p2b\n|-resisted|p2b: Blastoise|1\n|-damage|p2a: Talonflame|31/100\n|-damage|p2b: Blastoise|77/100\n|move|p1b: Aerodactyl|Rock Slide|p2b: Blastoise|[spread] p2a,p2b\n|-supereffective|p2a: Talonflame|2\n|-damage|p2a: Talonflame|0 fnt\n|-damage|p2b: Blastoise|48/100\n|faint|p2a: Talonflame\n|\n|-weather|Snowscape|[upkeep]\n|upkeep\n|inactive|pipppo has 30 seconds left.\n|\n|t:|1775949012\n|switch|p2a: Sylveon|Sylveon, L50, M|100/100\n|turn|2\n|\n|t:|1775949032\n|move|p1a: Froslass|Protect|p1a: Froslass\n|-singleturn|p1a: Froslass|Protect\n|move|p2b: Blastoise|Water Spout|p1b: Aerodactyl|[spread] p1b\n|-activate|p1a: Froslass|move: Protect\n|-supereffective|p1b: Aerodactyl|1\n|-damage|p1b: Aerodactyl|0 fnt\n|faint|p1b: Aerodactyl\n|move|p2a: Sylveon|Hyper Voice|p1a: Froslass\n|-activate|p1a: Froslass|move: Protect\n|\n|-weather|Snowscape|[upkeep]\n|upkeep\n|\n|t:|1775949043\n|switch|p1b: Sneasler|Sneasler, L50, M|100/100\n|turn|3\n|\n|t:|1775949060\n|move|p1b: Sneasler|Fake Out|p2a: Sylveon\n|-damage|p2a: Sylveon|79/100\n|move|p2b: Blastoise|Water Spout|p1a: Froslass|[spread] p1a,p1b\n|-damage|p1a: Froslass|0 fnt\n|-damage|p1b: Sneasler|60/100\n|faint|p1a: Froslass\n|cant|p2a: Sylveon|flinch\n|\n|-weather|Snowscape|[upkeep]\n|upkeep\n|\n|t:|1775949068\n|switch|p1a: Garchomp|Garchomp, L50, M|100/100\n|turn|4\n|\n|t:|1775949087\n|move|p1a: Garchomp|Protect|p1a: Garchomp\n|-singleturn|p1a: Garchomp|Protect\n|move|p2a: Sylveon|Quick Attack|p1b: Sneasler\n|-damage|p1b: Sneasler|37/100\n|move|p2b: Blastoise|Water Spout|p1b: Sneasler|[spread] p1b\n|-activate|p1a: Garchomp|move: Protect\n|-damage|p1b: Sneasler|0 fnt\n|faint|p1b: Sneasler\n|\n|-weather|Snowscape|[upkeep]\n|-sideend|p2: pipppo|move: Tailwind\n|upkeep\n|turn|5\n|-message|bibitomestre forfeited.\n|\n|win|pipppo\n|raw|bibitomestre's rating: 1255 &rarr; <strong>1236</strong><br />(-19 for losing)\n|raw|pipppo's rating: 1340 &rarr; <strong>1355</strong><br />(+15 for winning)\n|l|\u2606bibitomestre\n|player|p1|\n",
  "uploadtime": 1775949104,
  "views": 21,
  "formatid": "gen9championsvgc2026regma",
  "rating": 1236,
  "private": 0,
  "password": null
}