{
  "id": "gen9championsvgc2026regma-2586246242",
  "format": "[Gen 9 Champions] VGC 2026 Reg M-A",
  "players": [
    "TrainerDylan24",
    "B1ACKM3W"
  ],
  "log": "|j|\u2606TrainerDylan24\n|j|\u2606B1ACKM3W\n|t:|1776416897\n|gametype|doubles\n|player|p1|TrainerDylan24|grimsley|1000\n|player|p2|B1ACKM3W|1|1000\n|gen|9\n|tier|[Gen 9 Champions] VGC 2026 Reg M-A\n|rated|\n|rule|Species Clause: Limit one of each Pok\u00e9mon\n|rule|Item Clause: Limit 1 of each item\n|clearpoke\n|poke|p1|Emboar, L50, F|\n|poke|p1|Whimsicott, L50, M|\n|poke|p1|Ninetales, L50, M|\n|poke|p1|Venusaur, L50, M|\n|poke|p1|Sneasler, L50, F|\n|poke|p1|Farigiraf, L50, M|\n|poke|p2|Gardevoir, L50, M|\n|poke|p2|Hatterene, L50, F|\n|poke|p2|Tinkaton, L50, F|\n|poke|p2|Floette-Eternal, L50, F|\n|poke|p2|Whimsicott, L50, M|\n|poke|p2|Mimikyu, L50, F|\n|teampreview|4\n|\n|t:|1776416927\n|teamsize|p1|4\n|teamsize|p2|4\n|start\n|switch|p1a: Ninetales|Ninetales, L50, M|100/100\n|switch|p1b: Emboar|Emboar, L50, F|100/100\n|switch|p2a: Support Mommy|Hatterene, L50, F|100/100\n|switch|p2b: Flower Mommy|Floette-Eternal, L50, F|100/100\n|-weather|SunnyDay|[from] ability: Drought|[of] p1a: Ninetales\n|turn|1\n|\n|t:|1776416955\n|detailschange|p1b: Emboar|Emboar-Mega, L50, F\n|-mega|p1b: Emboar|Emboar|Emboarite\n|-ability|p1b: Emboar|Mold Breaker\n|detailschange|p2b: Flower Mommy|Floette-Mega, L50, F\n|-mega|p2b: Flower Mommy|Floette|Floettite\n|-ability|p2b: Flower Mommy|Fairy Aura\n|move|p1a: Ninetales|Heat Wave|p2a: Support Mommy|[spread] p2a,p2b\n|-damage|p2a: Support Mommy|57/100\n|-damage|p2b: Flower Mommy|68/100\n|move|p1b: Emboar|Flare Blitz|p2b: Flower Mommy\n|-damage|p2b: Flower Mommy|0 fnt\n|faint|p2b: Flower Mommy\n|-damage|p1b: Emboar|78/100|[from] Recoil\n|move|p2a: Support Mommy|Trick Room|p2a: Support Mommy\n|-fieldstart|move: Trick Room|[of] p2a: Support Mommy\n|\n|-weather|SunnyDay|[upkeep]\n|upkeep\n|\n|t:|1776416972\n|switch|p2b: Chukapi|Mimikyu, L50, F|100/100\n|turn|2\n|\n|t:|1776416997\n|move|p2a: Support Mommy|Helping Hand|p2b: Chukapi\n|-singleturn|p2b: Chukapi|Helping Hand|[of] p2a: Support Mommy\n|move|p1b: Emboar|Protect|p1b: Emboar\n|-singleturn|p1b: Emboar|Protect\n|move|p2b: Chukapi|Swords Dance|p2b: Chukapi\n|-boost|p2b: Chukapi|atk|2\n|move|p1a: Ninetales|Will-O-Wisp|p2b: Chukapi\n|-status|p2b: Chukapi|brn\n|\n|-weather|SunnyDay|[upkeep]\n|-activate|p2a: Support Mommy|ability: Healer\n|-curestatus|p2b: Chukapi|brn|[msg]\n|upkeep\n|turn|3\n|\n|t:|1776417028\n|move|p2a: Support Mommy|Dazzling Gleam|p1a: Ninetales|[spread] p1a,p1b\n|-resisted|p1a: Ninetales|1\n|-damage|p1a: Ninetales|82/100\n|-damage|p1b: Emboar|51/100\n|move|p1b: Emboar|Flare Blitz|p2a: Support Mommy\n|-damage|p2a: Support Mommy|0 fnt\n|faint|p2a: Support Mommy\n|-damage|p1b: Emboar|35/100|[from] Recoil\n|move|p2b: Chukapi|Swords Dance|p2b: Chukapi\n|-boost|p2b: Chukapi|atk|2\n|move|p1a: Ninetales|Will-O-Wisp|p2b: Chukapi\n|-status|p2b: Chukapi|brn\n|\n|-weather|SunnyDay|[upkeep]\n|-damage|p2b: Chukapi|94/100 brn|[from] brn\n|upkeep\n|\n|t:|1776417043\n|switch|p2a: Tf is ts|Whimsicott, L50, M|100/100\n|turn|4\n|\n|t:|1776417060\n|move|p1b: Emboar|Sucker Punch|p2b: Chukapi\n|-damage|p2b: Chukapi|50/100 brn\n|move|p2b: Chukapi|Shadow Sneak|p1a: Ninetales\n|-damage|p1a: Ninetales|45/100\n|move|p1a: Ninetales|Heat Wave|p2b: Chukapi|[spread] p2a,p2b\n|-supereffective|p2a: Tf is ts|1\n|-damage|p2a: Tf is ts|0 fnt\n|-activate|p2b: Chukapi|ability: Disguise\n|-damage|p2b: Chukapi|50/100 brn\n|detailschange|p2b: Chukapi|Mimikyu-Busted, L50, F\n|-damage|p2b: Chukapi|38/100 brn|[from] pokemon: Mimikyu-Busted\n|faint|p2a: Tf is ts\n|\n|-weather|SunnyDay|[upkeep]\n|-damage|p2b: Chukapi|32/100 brn|[from] brn\n|upkeep\n|turn|5\n|-message|B1ACKM3W forfeited.\n|\n|win|TrainerDylan24\n|raw|TrainerDylan24's rating: 1000 &rarr; <strong>1040</strong><br />(+40 for winning)\n|raw|B1ACKM3W's rating: 1000 &rarr; <strong>1000</strong><br />(+0 for losing)\n|l|\u2606B1ACKM3W\n|player|p2|\n",
  "uploadtime": 1776417076,
  "views": 15,
  "formatid": "gen9championsvgc2026regma",
  "rating": 1000,
  "private": 0,
  "password": null
}