{
  "id": "gen9championsvgc2026regma-2583783884",
  "format": "[Gen 9 Champions] VGC 2026 Reg M-A",
  "players": [
    "hotcheetogirlie",
    "vnunesp12"
  ],
  "log": "|j|\u2606hotcheetogirlie\n|j|\u2606vnunesp12\n|t:|1776197438\n|gametype|doubles\n|player|p1|hotcheetogirlie|elesa|1134\n|player|p2|vnunesp12|red|1079\n|gen|9\n|tier|[Gen 9 Champions] VGC 2026 Reg M-A\n|rated|\n|rule|Species Clause: Limit one of each Pok\u00e9mon\n|rule|Item Clause: Limit 1 of each item\n|clearpoke\n|poke|p1|Dragonite, L50, F|\n|poke|p1|Pelipper, L50, M|\n|poke|p1|Sinistcha-Masterpiece, L50|\n|poke|p1|Archaludon, L50, M|\n|poke|p1|Sneasler, L50, M|\n|poke|p1|Basculegion, L50, M|\n|poke|p2|Froslass, L50, F|\n|poke|p2|Ninetales-Alola, L50, M|\n|poke|p2|Sneasler, L50, F|\n|poke|p2|Kingambit, L50, F|\n|poke|p2|Garchomp, L50, F|\n|poke|p2|Talonflame, L50, F|\n|teampreview|4\n|inactive|Battle timer is ON: inactive players will automatically lose when time's up. (requested by vnunesp12)\nhotcheetogirlie has agreed to open team sheets.\n|inactive|hotcheetogirlie has 60 seconds left.\n|\n|t:|1776197483\n|teamsize|p1|4\n|teamsize|p2|4\n|start\n|switch|p1a: Sneasler|Sneasler, L50, M, shiny|100/100\n|switch|p1b: Basculegion|Basculegion, L50, M, shiny|100/100\n|switch|p2a: Oliveira|Talonflame, L50, F|100/100\n|switch|p2b: Everaldo|Froslass, L50, F|100/100\n|turn|1\n|inactive|hotcheetogirlie has 30 seconds left.\n|inactive|hotcheetogirlie has 20 seconds left.\n|\n|t:|1776197521\n|move|p2a: Oliveira|Protect|p2a: Oliveira\n|-singleturn|p2a: Oliveira|Protect\n|move|p2b: Everaldo|Protect|p2b: Everaldo\n|-singleturn|p2b: Everaldo|Protect\n|move|p1a: Sneasler|Fake Out|p2a: Oliveira\n|-activate|p2a: Oliveira|move: Protect\n|move|p1b: Basculegion|Flip Turn|p2b: Everaldo\n|-activate|p2b: Everaldo|move: Protect\n|\n|upkeep\n|turn|2\n|inactive|hotcheetogirlie has 30 seconds left.\n|\n|t:|1776197551\n|move|p1a: Sneasler|Protect|p1a: Sneasler\n|-singleturn|p1a: Sneasler|Protect\n|move|p2a: Oliveira|Tailwind|p2a: Oliveira\n|-sidestart|p2: vnunesp12|move: Tailwind\n|move|p2b: Everaldo|Shadow Ball|p1b: Basculegion\n|-supereffective|p1b: Basculegion|1\n|-damage|p1b: Basculegion|30/100\n|move|p1b: Basculegion|Flip Turn|p2a: Oliveira\n|-supereffective|p2a: Oliveira|1\n|-enditem|p2a: Oliveira|Focus Sash\n|-damage|p2a: Oliveira|1/100\n|\n|t:|1776197575\n|switch|p1b: Pelipper|Pelipper, L50, M, shiny|100/100|[from] Flip Turn\n|-weather|RainDance|[from] ability: Drizzle|[of] p1b: Pelipper\n|\n|-weather|RainDance|[upkeep]\n|upkeep\n|turn|3\n|\n|t:|1776197593\n|detailschange|p2b: Everaldo|Froslass-Mega, L50, F\n|-mega|p2b: Everaldo|Froslass|Froslassite\n|-weather|Snowscape|[from] ability: Snow Warning|[of] p2b: Everaldo\n|move|p1b: Pelipper|Wide Guard|p1b: Pelipper\n|-singleturn|p1b: Pelipper|Wide Guard\n|move|p2a: Oliveira|Brave Bird|p1a: Sneasler\n|-supereffective|p1a: Sneasler|1\n|-damage|p1a: Sneasler|0 fnt\n|faint|p1a: Sneasler\n|-damage|p2a: Oliveira|0 fnt|[from] Recoil\n|faint|p2a: Oliveira\n|move|p2b: Everaldo|Blizzard|p1b: Pelipper\n|-activate|p1b: Pelipper|move: Wide Guard\n|\n|-weather|Snowscape|[upkeep]\n|upkeep\n|\n|t:|1776197618\n|switch|p2a: Willian Jos\u00e9|Garchomp, L50, F|100/100\n|switch|p1a: Basculegion|Basculegion, L50, M, shiny|30/100\n|turn|4\n|\n|t:|1776197642\n|move|p2a: Willian Jos\u00e9|Dragon Claw|p1b: Pelipper\n|-crit|p1b: Pelipper\n|-damage|p1b: Pelipper|23/100\n|move|p2b: Everaldo|Shadow Ball|p1a: Basculegion\n|-supereffective|p1a: Basculegion|1\n|-damage|p1a: Basculegion|0 fnt\n|faint|p1a: Basculegion\n|move|p1b: Pelipper|Tailwind|p1b: Pelipper\n|-sidestart|p1: hotcheetogirlie|move: Tailwind\n|\n|-weather|Snowscape|[upkeep]\n|upkeep\n|\n|t:|1776197651\n|switch|p1a: Dragonite|Dragonite, L50, F, shiny|100/100\n|turn|5\n|\n|t:|1776197661\n|move|p1b: Pelipper|Protect|p1b: Pelipper\n|-singleturn|p1b: Pelipper|Protect\n|move|p1a: Dragonite|Protect|p1a: Dragonite\n|-singleturn|p1a: Dragonite|Protect\n|move|p2a: Willian Jos\u00e9|Dragon Claw|p1a: Dragonite\n|-activate|p1a: Dragonite|move: Protect\n|move|p2b: Everaldo|Shadow Ball|p1b: Pelipper\n|-activate|p1b: Pelipper|move: Protect\n|\n|-weather|Snowscape|[upkeep]\n|-sideend|p2: vnunesp12|move: Tailwind\n|upkeep\n|turn|6\n|inactive|hotcheetogirlie has 30 seconds left.\n|inactive|hotcheetogirlie has 20 seconds left.\n|\n|t:|1776197701\n|detailschange|p1a: Dragonite|Dragonite-Mega, L50, F, shiny\n|-mega|p1a: Dragonite|Dragonite|Dragoninite\n|move|p2b: Everaldo|Protect|p2b: Everaldo\n|-singleturn|p2b: Everaldo|Protect\n|move|p2a: Willian Jos\u00e9|Dragon Claw|p1a: Dragonite\n|-supereffective|p1a: Dragonite|1\n|-damage|p1a: Dragonite|68/100\n|move|p1a: Dragonite|Hurricane|p2b: Everaldo\n|-activate|p2b: Everaldo|move: Protect\n|move|p1b: Pelipper|Weather Ball|p2a: Willian Jos\u00e9\n|-supereffective|p2a: Willian Jos\u00e9|2\n|-damage|p2a: Willian Jos\u00e9|0 fnt\n|faint|p2a: Willian Jos\u00e9\n|\n|-weather|Snowscape|[upkeep]\n|upkeep\n|\n|t:|1776197720\n|switch|p2a: Pulga|Sneasler, L50, F|100/100\n|turn|7\n|inactive|hotcheetogirlie has 30 seconds left.\n|inactive|vnunesp12 has 30 seconds left.\n|inactive|hotcheetogirlie has 20 seconds left.\n|inactive|hotcheetogirlie has 15 seconds left.\n|inactive|vnunesp12 has 20 seconds left.\n|\n|t:|1776197767\n|move|p1b: Pelipper|Protect|p1b: Pelipper\n|-singleturn|p1b: Pelipper|Protect\n|move|p2a: Pulga|Fake Out|p1b: Pelipper\n|-activate|p1b: Pelipper|move: Protect\n|move|p1a: Dragonite|Hurricane|p2a: Pulga\n|-supereffective|p2a: Pulga|1\n|-damage|p2a: Pulga|0 fnt\n|faint|p2a: Pulga\n|move|p2b: Everaldo|Shadow Ball|p1a: Dragonite\n|-damage|p1a: Dragonite|33/100\n|\n|-weather|none\n|-sideend|p1: hotcheetogirlie|move: Tailwind\n|upkeep\n|turn|8\n|inactive|hotcheetogirlie has 30 seconds left.\n|inactive|vnunesp12 has 30 seconds left.\n|\n|t:|1776197799\n|move|p1a: Dragonite|Protect|p1a: Dragonite\n|-singleturn|p1a: Dragonite|Protect\n|move|p2b: Everaldo|Shadow Ball|p1a: Dragonite\n|-activate|p1a: Dragonite|move: Protect\n|move|p1b: Pelipper|Tailwind|p1b: Pelipper\n|-sidestart|p1: hotcheetogirlie|move: Tailwind\n|\n|upkeep\n|turn|9\n|\n|t:|1776197823\n|move|p1b: Pelipper|Wide Guard|p1b: Pelipper\n|-singleturn|p1b: Pelipper|Wide Guard\n|move|p1a: Dragonite|Draco Meteor|p2b: Everaldo\n|-damage|p2b: Everaldo|5/100\n|-unboost|p1a: Dragonite|spa|2\n|move|p2b: Everaldo|Shadow Ball|p1a: Dragonite\n|-damage|p1a: Dragonite|0 fnt\n|faint|p1a: Dragonite\n|\n|upkeep\n|turn|10\n|\n|t:|1776197848\n|move|p2b: Everaldo|Protect|p2b: Everaldo\n|-singleturn|p2b: Everaldo|Protect\n|move|p1b: Pelipper|Weather Ball|p2b: Everaldo\n|-activate|p2b: Everaldo|move: Protect\n|\n|upkeep\n|turn|11\n|\n|t:|1776197862\n|move|p2b: Everaldo|Protect||[still]\n|-fail|p2b: Everaldo\n|move|p1b: Pelipper|Weather Ball|p2b: Everaldo\n|-immune|p2b: Everaldo\n|\n|-sideend|p1: hotcheetogirlie|move: Tailwind\n|upkeep\n|turn|12\n|\n|t:|1776197871\n|move|p2b: Everaldo|Shadow Ball|p1b: Pelipper\n|-damage|p1b: Pelipper|0 fnt\n|faint|p1b: Pelipper\n|\n|win|vnunesp12\n|raw|hotcheetogirlie's rating: 1134 &rarr; <strong>1105</strong><br />(-29 for losing)\n|raw|vnunesp12's rating: 1079 &rarr; <strong>1112</strong><br />(+33 for winning)\n",
  "uploadtime": 1776197879,
  "views": 21,
  "formatid": "gen9championsvgc2026regma",
  "rating": 1105,
  "private": 0,
  "password": null
}