{
  "id": "gen9championsvgc2026regma-2584442780",
  "format": "[Gen 9 Champions] VGC 2026 Reg M-A",
  "players": [
    "JadenJubel",
    "MikhaelSunworth"
  ],
  "log": "|j|\u2606JadenJubel\n|j|\u2606MikhaelSunworth\n|t:|1776261195\n|gametype|doubles\n|player|p1|JadenJubel|emmet|1027\n|player|p2|MikhaelSunworth|chuck|1045\n|gen|9\n|tier|[Gen 9 Champions] VGC 2026 Reg M-A\n|rated|\n|rule|Species Clause: Limit one of each Pok\u00e9mon\n|rule|Item Clause: Limit 1 of each item\n|clearpoke\n|poke|p1|Glimmora, L50, F|\n|poke|p1|Toxapex, L50, F|\n|poke|p1|Sinistcha, L50|\n|poke|p1|Incineroar, L50, F|\n|poke|p1|Garchomp, L50, F|\n|poke|p1|Rotom-Wash, L50|\n|poke|p2|Incineroar, L50, F|\n|poke|p2|Kingambit, L50, M|\n|poke|p2|Tyranitar, L50, M|\n|poke|p2|Arcanine-Hisui, L50, F|\n|poke|p2|Garganacl, L50, M|\n|poke|p2|Sinistcha-Masterpiece, L50|\n|teampreview|4\n|inactive|Battle timer is ON: inactive players will automatically lose when time's up. (requested by JadenJubel)\n|\n|t:|1776261216\n|teamsize|p1|4\n|teamsize|p2|4\n|start\n|switch|p1a: Glimmora|Glimmora, L50, F, shiny|100/100\n|switch|p1b: Toxapex|Toxapex, L50, F, shiny|100/100\n|switch|p2a: Tyranitar|Tyranitar, L50, M|100/100\n|switch|p2b: Incineroar|Incineroar, L50, F|100/100\n|-weather|Sandstorm|[from] ability: Sand Stream|[of] p2a: Tyranitar\n|-ability|p2b: Incineroar|Intimidate|boost\n|-unboost|p1a: Glimmora|atk|1\n|-unboost|p1b: Toxapex|atk|1\n|turn|1\n|\n|t:|1776261240\n|detailschange|p1a: Glimmora|Glimmora-Mega, L50, F, shiny\n|-mega|p1a: Glimmora|Glimmora|Glimmoranite\n|move|p2b: Incineroar|Fake Out|p1b: Toxapex\n|-damage|p1b: Toxapex|93/100\n|move|p2a: Tyranitar|Dragon Dance|p2a: Tyranitar\n|-boost|p2a: Tyranitar|atk|1\n|-boost|p2a: Tyranitar|spe|1\n|move|p1a: Glimmora|Earth Power|p2a: Tyranitar\n|-supereffective|p2a: Tyranitar|1\n|-damage|p2a: Tyranitar|43/100\n|cant|p1b: Toxapex|flinch\n|\n|-weather|Sandstorm|[upkeep]\n|-damage|p2b: Incineroar|95/100|[from] Sandstorm\n|-damage|p1b: Toxapex|88/100|[from] Sandstorm\n|-heal|p1b: Toxapex|93/100|[from] item: Leftovers\n|upkeep\n|turn|2\n|\n|t:|1776261262\n|move|p2a: Tyranitar|Protect|p2a: Tyranitar\n|-singleturn|p2a: Tyranitar|Protect\n|move|p1a: Glimmora|Power Gem|p2b: Incineroar\n|-supereffective|p2b: Incineroar|1\n|-damage|p2b: Incineroar|0 fnt\n|faint|p2b: Incineroar\n|move|p1b: Toxapex|Poison Jab|p2a: Tyranitar\n|-activate|p2a: Tyranitar|move: Protect\n|\n|-weather|Sandstorm|[upkeep]\n|-damage|p1b: Toxapex|88/100|[from] Sandstorm\n|-heal|p1b: Toxapex|93/100|[from] item: Leftovers\n|upkeep\n|\n|t:|1776261277\n|switch|p2b: Arcanine|Arcanine-Hisui, L50, F|100/100\n|-ability|p2b: Arcanine|Intimidate|boost\n|-unboost|p1a: Glimmora|atk|1\n|-unboost|p1b: Toxapex|atk|1\n|turn|3\n|\n|t:|1776261292\n|detailschange|p2a: Tyranitar|Tyranitar-Mega, L50, M\n|-mega|p2a: Tyranitar|Tyranitar|Tyranitarite\n|move|p2b: Arcanine|Rock Slide|p1b: Toxapex|[spread] p1a,p1b\n|-damage|p1a: Glimmora|75/100\n|-damage|p1b: Toxapex|76/100\n|move|p2a: Tyranitar|Rock Slide|p1b: Toxapex|[spread] p1a,p1b\n|-crit|p1a: Glimmora\n|-damage|p1a: Glimmora|1/100\n|-damage|p1b: Toxapex|43/100\n|move|p1a: Glimmora|Earth Power|p2b: Arcanine\n|-supereffective|p2b: Arcanine|2\n|-damage|p2b: Arcanine|0 fnt\n|faint|p2b: Arcanine\n|cant|p1b: Toxapex|flinch\n|\n|-weather|Sandstorm|[upkeep]\n|-damage|p1b: Toxapex|37/100|[from] Sandstorm\n|-heal|p1b: Toxapex|43/100|[from] item: Leftovers\n|upkeep\n|\n|t:|1776261301\n|switch|p2b: Garganacl|Garganacl, L50, M|100/100\n|turn|4\n|\n|t:|1776261310\n|switch|p1b: Sinistcha|Sinistcha, L50, shiny|100/100\n|-heal|p1a: Glimmora|26/100|[from] ability: Hospitality|[of] p1b: Sinistcha\n|move|p1a: Glimmora|Spiky Shield|p1a: Glimmora\n|-singleturn|p1a: Glimmora|move: Protect\n|move|p2a: Tyranitar|Rock Slide|p1a: Glimmora|[spread] p1b\n|-activate|p1a: Glimmora|move: Protect\n|-damage|p1b: Sinistcha|57/100\n|move|p2b: Garganacl|Salt Cure|p1b: Sinistcha\n|-damage|p1b: Sinistcha|46/100\n|-start|p1b: Sinistcha|Salt Cure\n|-enditem|p1b: Sinistcha|Sitrus Berry|[eat]\n|-heal|p1b: Sinistcha|71/100|[from] item: Sitrus Berry\n|\n|-weather|Sandstorm|[upkeep]\n|-damage|p1b: Sinistcha|65/100|[from] Sandstorm\n|-damage|p1b: Sinistcha|59/100|[from] Salt Cure\n|upkeep\n|turn|5\n|inactive|JadenJubel has 30 seconds left.\n|\n|t:|1776261337\n|switch|p1a: Rotom|Rotom-Wash, L50|100/100\n|move|p2a: Tyranitar|Protect|p2a: Tyranitar\n|-singleturn|p2a: Tyranitar|Protect\n|move|p1b: Sinistcha|Matcha Gotcha|p2a: Tyranitar|[spread] p2b\n|-activate|p2a: Tyranitar|move: Protect\n|-supereffective|p2b: Garganacl|1\n|-damage|p2b: Garganacl|72/100\n|-heal|p1b: Sinistcha|79/100|[from] drain|[of] p2b: Garganacl\n|move|p2b: Garganacl|Salt Cure|p1a: Rotom\n|-damage|p1a: Rotom|83/100\n|-start|p1a: Rotom|Salt Cure\n|\n|-weather|none\n|-heal|p2b: Garganacl|77/100|[from] item: Leftovers\n|-damage|p1a: Rotom|71/100|[from] Salt Cure\n|-damage|p1b: Sinistcha|73/100|[from] Salt Cure\n|upkeep\n|turn|6\n|inactive|MikhaelSunworth has 30 seconds left.\n|\n|t:|1776261366\n|move|p1a: Rotom|Hydro Pump|p2a: Tyranitar\n|-supereffective|p2a: Tyranitar|1\n|-damage|p2a: Tyranitar|0 fnt\n|faint|p2a: Tyranitar\n|move|p1b: Sinistcha|Matcha Gotcha|p2b: Garganacl\n|-supereffective|p2b: Garganacl|1\n|-damage|p2b: Garganacl|22/100\n|-heal|p1b: Sinistcha|100/100|[from] drain|[of] p2b: Garganacl\n|move|p2b: Garganacl|Salt Cure|p1a: Rotom\n|-damage|p1a: Rotom|54/100\n|\n|-heal|p2b: Garganacl|28/100|[from] item: Leftovers\n|-damage|p1a: Rotom|42/100|[from] Salt Cure\n|-damage|p1b: Sinistcha|94/100|[from] Salt Cure\n|upkeep\n|turn|7\n|-message|MikhaelSunworth forfeited.\n|\n|win|JadenJubel\n|raw|JadenJubel's rating: 1027 &rarr; <strong>1065</strong><br />(+38 for winning)\n|raw|MikhaelSunworth's rating: 1045 &rarr; <strong>1027</strong><br />(-18 for losing)\n|l|\u2606MikhaelSunworth\n|player|p2|\n",
  "uploadtime": 1776261380,
  "views": 20,
  "formatid": "gen9championsvgc2026regma",
  "rating": 1027,
  "private": 0,
  "password": null
}