{
  "id": "gen9championsvgc2026regma-2588813440",
  "format": "[Gen 9 Champions] VGC 2026 Reg M-A",
  "players": [
    "2026412myyzzz",
    "niuniu123"
  ],
  "log": "|j|\u26062026412myyzzz\n|j|\u2606niuniu123\n|t:|1776674039\n|gametype|doubles\n|player|p1|2026412myyzzz|102|1048\n|player|p2|niuniu123|cynthia|1044\n|gen|9\n|tier|[Gen 9 Champions] VGC 2026 Reg M-A\n|rated|\n|rule|Species Clause: Limit one of each Pok\u00e9mon\n|rule|Item Clause: Limit 1 of each item\n|clearpoke\n|poke|p1|Kingambit, L50, M|\n|poke|p1|Gardevoir, L50, F|\n|poke|p1|Aerodactyl, L50, M|\n|poke|p1|Maushold-Four, L50|\n|poke|p1|Incineroar, L50, M|\n|poke|p1|Sneasler, L50, F|\n|poke|p2|Charizard, L50, M|\n|poke|p2|Venusaur, L50, F|\n|poke|p2|Torkoal, L50, M|\n|poke|p2|Drampa, L50, M|\n|poke|p2|Oranguru, L50, F|\n|poke|p2|Basculegion, L50, M|\n|teampreview|4\n|inactive|Battle timer is ON: inactive players will automatically lose when time's up. (requested by 2026412myyzzz)\n|inactive|2026412myyzzz has 60 seconds left.\n|\n|t:|1776674092\n|teamsize|p1|4\n|teamsize|p2|4\n|start\n|switch|p1a: Gardevoir|Gardevoir, L50, F|100/100\n|switch|p1b: Aerodactyl|Aerodactyl, L50, M|100/100\n|switch|p2a: Oranguru|Oranguru, L50, F|100/100\n|switch|p2b: Drampa|Drampa, L50, M|100/100\n|-ability|p1b: Aerodactyl|Unnerve\n|-ability|p1a: Gardevoir|Inner Focus|Trace|[from] ability: Trace|[of] p2a: Oranguru\n|turn|1\n|inactive|niuniu123 has 30 seconds left.\n|inactive|2026412myyzzz has 30 seconds left.\n|inactive|niuniu123 has 20 seconds left.\n|inactive|niuniu123 has 15 seconds left.\n|\n|t:|1776674133\n|detailschange|p1a: Gardevoir|Gardevoir-Mega, L50, F\n|-mega|p1a: Gardevoir|Gardevoir|Gardevoirite\n|move|p2b: Drampa|Protect|p2b: Drampa\n|-singleturn|p2b: Drampa|Protect\n|move|p1b: Aerodactyl|Rock Slide|p2a: Oranguru|[spread] \n|-activate|p2b: Drampa|move: Protect\n|-miss|p1b: Aerodactyl|p2a: Oranguru\n|move|p1a: Gardevoir|Trick Room|p1a: Gardevoir\n|-fieldstart|move: Trick Room|[of] p1a: Gardevoir\n|move|p2a: Oranguru|Trick Room|p2a: Oranguru\n|-fieldend|move: Trick Room\n|\n|upkeep\n|turn|2\n|inactive|niuniu123 has 30 seconds left.\n|\n|t:|1776674166\n|move|p1b: Aerodactyl|Rock Slide|p2b: Drampa|[spread] p2a,p2b\n|-damage|p2a: Oranguru|81/100\n|-damage|p2b: Drampa|73/100\n|move|p1a: Gardevoir|Hyper Voice|p2b: Drampa|[spread] p2a,p2b\n|-supereffective|p2b: Drampa|1\n|-damage|p2a: Oranguru|43/100\n|-damage|p2b: Drampa|0 fnt\n|faint|p2b: Drampa\n|move|p2a: Oranguru|Trick Room|p2a: Oranguru\n|-fieldstart|move: Trick Room|[of] p2a: Oranguru\n|\n|upkeep\n|\n|t:|1776674175\n|switch|p2b: Torkoal|Torkoal, L50, M|100/100\n|-weather|SunnyDay|[from] ability: Drought|[of] p2b: Torkoal\n|turn|3\n|\n|t:|1776674187\n|switch|p1a: Incineroar|Incineroar, L50, M|100/100\n|-ability|p1a: Incineroar|Intimidate|boost\n|-fail|p2a: Oranguru|unboost|Attack|[from] ability: Inner Focus|[of] p2a: Oranguru\n|-unboost|p2b: Torkoal|atk|1\n|move|p2b: Torkoal|Eruption|p1a: Incineroar|[spread] p1a,p1b\n|-resisted|p1a: Incineroar|1\n|-resisted|p1b: Aerodactyl|1\n|-damage|p1a: Incineroar|60/100\n|-damage|p1b: Aerodactyl|36/100\n|move|p2a: Oranguru|Instruct|p2b: Torkoal\n|-singleturn|p2b: Torkoal|move: Instruct|[of] p2a: Oranguru\n|move|p2b: Torkoal|Eruption|p1a: Incineroar|[spread] p1a,p1b\n|-resisted|p1a: Incineroar|1\n|-resisted|p1b: Aerodactyl|1\n|-damage|p1a: Incineroar|20/100\n|-damage|p1b: Aerodactyl|0 fnt\n|-enditem|p1a: Incineroar|Sitrus Berry|[eat]\n|-heal|p1a: Incineroar|45/100|[from] item: Sitrus Berry\n|faint|p1b: Aerodactyl\n|\n|-weather|SunnyDay|[upkeep]\n|upkeep\n|\n|t:|1776674208\n|switch|p1b: Gardevoir|Gardevoir-Mega, L50, F|100/100\n|turn|4\n|\n|t:|1776674217\n|move|p2b: Torkoal|Protect|p2b: Torkoal\n|-singleturn|p2b: Torkoal|Protect\n|move|p1a: Incineroar|Fake Out|p2b: Torkoal\n|-activate|p2b: Torkoal|move: Protect\n|move|p2a: Oranguru|Encore|p1a: Incineroar\n|-start|p1a: Incineroar|Encore\n|move|p1b: Gardevoir|Hyper Voice|p2b: Torkoal|[spread] p2a\n|-activate|p2b: Torkoal|move: Protect\n|-damage|p2a: Oranguru|4/100\n|\n|-weather|SunnyDay|[upkeep]\n|upkeep\n|turn|5\n|\n|t:|1776674234\n|move|p1a: Incineroar|Fake Out||[still]\n|-hint|Fake Out only works on your first turn out.\n|-fail|p1a: Incineroar\n|move|p2b: Torkoal|Eruption|p1b: Gardevoir|[spread] p1a,p1b\n|-resisted|p1a: Incineroar|1\n|-damage|p1a: Incineroar|6/100\n|-damage|p1b: Gardevoir|29/100\n|move|p2a: Oranguru|Instruct|p2b: Torkoal\n|-singleturn|p2b: Torkoal|move: Instruct|[of] p2a: Oranguru\n|move|p2b: Torkoal|Eruption|p1b: Gardevoir|[spread] p1a,p1b\n|-resisted|p1a: Incineroar|1\n|-crit|p1a: Incineroar\n|-damage|p1a: Incineroar|0 fnt\n|-damage|p1b: Gardevoir|0 fnt\n|faint|p1a: Incineroar\n|faint|p1b: Gardevoir\n|\n|-weather|SunnyDay|[upkeep]\n|upkeep\n|-message|2026412myyzzz forfeited.\n|\n|win|niuniu123\n|raw|2026412myyzzz's rating: 1048 &rarr; <strong>1031</strong><br />(-17 for losing)\n|raw|niuniu123's rating: 1044 &rarr; <strong>1078</strong><br />(+34 for winning)\n|l|\u26062026412myyzzz\n|player|p1|\n",
  "uploadtime": 1776674257,
  "views": 12,
  "formatid": "gen9championsvgc2026regma",
  "rating": 1031,
  "private": 0,
  "password": null
}