{
  "id": "gen9championsvgc2026regma-2588604112",
  "format": "[Gen 9 Champions] VGC 2026 Reg M-A",
  "players": [
    "sdlt 2krl coolguy",
    "CarajilloMan"
  ],
  "log": "|raw|<div class=\"broadcast-blue\"><strong>This battle is required to be public due to a player having a name starting with 'sdlt'.</div>\n|j|\u2606sdlt 2krl coolguy\n|j|\u2606CarajilloMan\n|t:|1776649278\n|gametype|doubles\n|player|p1|sdlt 2krl coolguy|leon-masters2|1385\n|player|p2|CarajilloMan|ninjaboy|1434\n|gen|9\n|tier|[Gen 9 Champions] VGC 2026 Reg M-A\n|rated|\n|rule|Species Clause: Limit one of each Pok\u00e9mon\n|rule|Item Clause: Limit 1 of each item\n|clearpoke\n|poke|p1|Floette-Eternal, L50, F|\n|poke|p1|Incineroar, L50, F|\n|poke|p1|Sinistcha, L50|\n|poke|p1|Garchomp, L50, M|\n|poke|p1|Sneasler, L50, M|\n|poke|p1|Kingambit, L50, M|\n|poke|p2|Froslass, L50, F|\n|poke|p2|Milotic, L50, F|\n|poke|p2|Rotom-Frost, L50|\n|poke|p2|Excadrill, L50, M|\n|poke|p2|Incineroar, L50, M|\n|poke|p2|Corviknight, L50, F|\n|teampreview|4\n|inactive|Battle timer is ON: inactive players will automatically lose when time's up. (requested by sdlt 2krl coolguy)\n|inactive|sdlt 2krl coolguy has 60 seconds left.\n|\n|t:|1776649311\n|teamsize|p1|4\n|teamsize|p2|4\n|start\n|switch|p1a: Sinistcha|Sinistcha, L50|100/100\n|switch|p1b: Floette|Floette-Eternal, L50, F|100/100\n|switch|p2a: Milotic|Milotic, L50, F|100/100\n|switch|p2b: Excadrill|Excadrill, L50, M|100/100\n|-ability|p2b: Excadrill|Mold Breaker\n|turn|1\n|\n|t:|1776649321\n|switch|p2b: Corviknight|Corviknight, L50, F|100/100\n|switch|p1b: Kingambit|Kingambit, L50, M|100/100\n|move|p2a: Milotic|Icy Wind|p1b: Kingambit|[spread] p1a\n|-miss|p2a: Milotic|p1b: Kingambit\n|-supereffective|p1a: Sinistcha|1\n|-damage|p1a: Sinistcha|80/100\n|-unboost|p1a: Sinistcha|spe|1\n|move|p1a: Sinistcha|Matcha Gotcha|p2b: Corviknight|[spread] p2a,p2b\n|-supereffective|p2a: Milotic|1\n|-resisted|p2b: Corviknight|2\n|-damage|p2a: Milotic|65/100\n|-heal|p1a: Sinistcha|100/100|[from] drain|[of] p2a: Milotic\n|-damage|p2b: Corviknight|95/100\n|\n|upkeep\n|turn|2\n|\n|t:|1776649338\n|move|p2a: Milotic|Recover|p2a: Milotic\n|-heal|p2a: Milotic|100/100\n|move|p2b: Corviknight|Brave Bird|p1a: Sinistcha\n|-supereffective|p1a: Sinistcha|1\n|-damage|p1a: Sinistcha|40/100\n|-enditem|p1a: Sinistcha|Sitrus Berry|[eat]\n|-heal|p1a: Sinistcha|65/100|[from] item: Sitrus Berry\n|-damage|p2b: Corviknight|78/100|[from] Recoil\n|move|p1b: Kingambit|Kowtow Cleave|p2b: Corviknight\n|-damage|p2b: Corviknight|40/100\n|move|p1a: Sinistcha|Matcha Gotcha|p2a: Milotic|[spread] p2a\n|-miss|p1a: Sinistcha|p2b: Corviknight\n|-supereffective|p2a: Milotic|1\n|-damage|p2a: Milotic|64/100\n|-heal|p1a: Sinistcha|85/100|[from] drain|[of] p2a: Milotic\n|\n|upkeep\n|turn|3\n|\n|t:|1776649351\n|move|p2a: Milotic|Protect|p2a: Milotic\n|-singleturn|p2a: Milotic|Protect\n|move|p2b: Corviknight|Roost|p2b: Corviknight\n|-heal|p2b: Corviknight|90/100\n|-singleturn|p2b: Corviknight|move: Roost\n|move|p1b: Kingambit|Kowtow Cleave|p2b: Corviknight\n|-damage|p2b: Corviknight|54/100\n|move|p1a: Sinistcha|Matcha Gotcha|p2a: Milotic|[spread] \n|-activate|p2a: Milotic|move: Protect\n|-miss|p1a: Sinistcha|p2b: Corviknight\n|\n|upkeep\n|turn|4\n|\n|t:|1776649365\n|move|p2a: Milotic|Scald|p1a: Sinistcha\n|-resisted|p1a: Sinistcha|1\n|-damage|p1a: Sinistcha|68/100\n|move|p2b: Corviknight|Tailwind|p2b: Corviknight\n|-sidestart|p2: CarajilloMan|move: Tailwind\n|move|p1b: Kingambit|Kowtow Cleave|p2b: Corviknight\n|-damage|p2b: Corviknight|20/100\n|move|p1a: Sinistcha|Matcha Gotcha|p2a: Milotic|[spread] p2a,p2b\n|-supereffective|p2a: Milotic|1\n|-resisted|p2b: Corviknight|2\n|-damage|p2a: Milotic|25/100\n|-heal|p1a: Sinistcha|90/100|[from] drain|[of] p2a: Milotic\n|-damage|p2b: Corviknight|15/100\n|-heal|p1a: Sinistcha|94/100|[from] drain|[of] p2b: Corviknight\n|-status|p2a: Milotic|brn\n|-enditem|p2a: Milotic|Sitrus Berry|[eat]\n|-heal|p2a: Milotic|50/100 brn|[from] item: Sitrus Berry\n|\n|-damage|p2a: Milotic|44/100 brn|[from] brn\n|upkeep\n|turn|5\n|\n|t:|1776649377\n|move|p2a: Milotic|Scald|p1b: Kingambit\n|-damage|p1b: Kingambit|70/100\n|move|p2b: Corviknight|Roost|p2b: Corviknight\n|-heal|p2b: Corviknight|65/100\n|-singleturn|p2b: Corviknight|move: Roost\n|move|p1b: Kingambit|Kowtow Cleave|p2b: Corviknight\n|-damage|p2b: Corviknight|28/100\n|move|p1a: Sinistcha|Matcha Gotcha|p2a: Milotic|[spread] p2a,p2b\n|-supereffective|p2a: Milotic|1\n|-resisted|p2b: Corviknight|1\n|-damage|p2a: Milotic|8/100 brn\n|-heal|p1a: Sinistcha|100/100|[from] drain|[of] p2a: Milotic\n|-damage|p2b: Corviknight|18/100\n|\n|-damage|p2a: Milotic|2/100 brn|[from] brn\n|upkeep\n|turn|6\n|\n|t:|1776649394\n|move|p2a: Milotic|Scald|p1b: Kingambit\n|-damage|p1b: Kingambit|40/100\n|move|p2b: Corviknight|Body Press|p1b: Kingambit\n|-supereffective|p1b: Kingambit|2\n|-damage|p1b: Kingambit|0 fnt\n|faint|p1b: Kingambit\n|move|p1a: Sinistcha|Matcha Gotcha|p2b: Corviknight|[spread] p2a,p2b\n|-supereffective|p2a: Milotic|1\n|-resisted|p2b: Corviknight|2\n|-damage|p2a: Milotic|0 fnt\n|-damage|p2b: Corviknight|13/100\n|faint|p2a: Milotic\n|\n|upkeep\n|\n|t:|1776649404\n|switch|p2a: Froslass|Froslass, L50, F|100/100\n|switch|p1b: Floette|Floette-Eternal, L50, F|100/100\n|turn|7\n|\n|t:|1776649420\n|switch|p1a: Incineroar|Incineroar, L50, F|100/100\n|-ability|p1a: Incineroar|Intimidate|boost\n|-unboost|p2a: Froslass|atk|1\n|-ability|p2b: Corviknight|Mirror Armor\n|-unboost|p1a: Incineroar|atk|1\n|detailschange|p2a: Froslass|Froslass-Mega, L50, F\n|-mega|p2a: Froslass|Froslass|Froslassite\n|-weather|Snowscape|[from] ability: Snow Warning|[of] p2a: Froslass\n|detailschange|p1b: Floette|Floette-Mega, L50, F\n|-mega|p1b: Floette|Floette|Floettite\n|-ability|p1b: Floette|Fairy Aura\n|move|p2a: Froslass|Blizzard|p1a: Incineroar|[spread] p1a,p1b\n|-resisted|p1a: Incineroar|1\n|-damage|p1a: Incineroar|78/100\n|-damage|p1b: Floette|68/100\n|-status|p1b: Floette|frz\n|move|p2b: Corviknight|Brave Bird|p1a: Incineroar\n|-damage|p1a: Incineroar|48/100\n|-damage|p2b: Corviknight|3/100|[from] Recoil\n|cant|p1b: Floette|frz\n|\n|-weather|Snowscape|[upkeep]\n|-sideend|p2: CarajilloMan|move: Tailwind\n|upkeep\n|turn|8\n|inactive|CarajilloMan has 30 seconds left.\n|\n|t:|1776649446\n|move|p2a: Froslass|Protect|p2a: Froslass\n|-singleturn|p2a: Froslass|Protect\n|move|p1a: Incineroar|Fake Out|p2b: Corviknight\n|-resisted|p2b: Corviknight|1\n|-damage|p2b: Corviknight|1/100\n|-curestatus|p1b: Floette|frz|[msg]\n|move|p1b: Floette|Calm Mind|p1b: Floette\n|-boost|p1b: Floette|spa|1\n|-boost|p1b: Floette|spd|1\n|cant|p2b: Corviknight|flinch\n|\n|-weather|Snowscape|[upkeep]\n|upkeep\n|turn|9\n|\n|t:|1776649457\n|switch|p2a: Excadrill|Excadrill, L50, M|100/100\n|-ability|p2a: Excadrill|Mold Breaker\n|switch|p1a: Sinistcha|Sinistcha, L50|100/100\n|-heal|p1b: Floette|93/100|[from] ability: Hospitality|[of] p1a: Sinistcha\n|move|p1b: Floette|Dazzling Gleam|p2a: Excadrill|[spread] p2a,p2b\n|-resisted|p2a: Excadrill|1\n|-resisted|p2b: Corviknight|1\n|-damage|p2a: Excadrill|52/100\n|-damage|p2b: Corviknight|0 fnt\n|faint|p2b: Corviknight\n|\n|-weather|Snowscape|[upkeep]\n|upkeep\n|\n|t:|1776649463\n|switch|p2b: Froslass|Froslass-Mega, L50, F|100/100\n|turn|10\n|\n|t:|1776649474\n|switch|p1a: Incineroar|Incineroar, L50, F|48/100\n|-ability|p1a: Incineroar|Intimidate|boost\n|-unboost|p2a: Excadrill|atk|1\n|-unboost|p2b: Froslass|atk|1\n|move|p2a: Excadrill|Protect|p2a: Excadrill\n|-singleturn|p2a: Excadrill|Protect\n|move|p1b: Floette|Protect|p1b: Floette\n|-singleturn|p1b: Floette|Protect\n|move|p2b: Froslass|Nasty Plot|p2b: Froslass\n|-boost|p2b: Froslass|spa|2\n|\n|-weather|Snowscape|[upkeep]\n|upkeep\n|turn|11\n|\n|t:|1776649488\n|move|p1a: Incineroar|Fake Out|p2a: Excadrill\n|-resisted|p2a: Excadrill|1\n|-damage|p2a: Excadrill|44/100\n|move|p2b: Froslass|Blizzard|p1a: Incineroar|[spread] p1a,p1b\n|-resisted|p1a: Incineroar|1\n|-crit|p1b: Floette\n|-damage|p1a: Incineroar|4/100\n|-damage|p1b: Floette|0 fnt\n|faint|p1b: Floette\n|cant|p2a: Excadrill|flinch\n|\n|-weather|none\n|upkeep\n|l|\u2606sdlt 2krl coolguy\n|inactive|sdlt 2krl coolguy disconnected and has a minute to reconnect!\n|player|p1|\n|j|\u2606sdlt 2krl coolguy\n|inactive|sdlt 2krl coolguy reconnected and has 40 seconds left.\n|player|p1|sdlt 2krl coolguy|leon-masters2|\n|inactive|sdlt 2krl coolguy has 30 seconds left.\n|-message|sdlt 2krl coolguy forfeited.\n|\n|win|CarajilloMan\n|raw|sdlt 2krl coolguy's rating: 1385 &rarr; <strong>1368</strong><br />(-17 for losing)\n|raw|CarajilloMan's rating: 1434 &rarr; <strong>1451</strong><br />(+17 for winning)\n",
  "uploadtime": 1776649517,
  "views": 8,
  "formatid": "gen9championsvgc2026regma",
  "rating": 1368,
  "private": 0,
  "password": null
}