{
  "id": "gen9championsvgc2026regma-2582216356",
  "format": "[Gen 9 Champions] VGC 2026 Reg M-A",
  "players": [
    "evokenz",
    "XtremeSlayer"
  ],
  "log": "|j|\u2606evokenz\n|j|\u2606XtremeSlayer\n|t:|1776072377\n|gametype|doubles\n|player|p1|evokenz|265|1131\n|player|p2|XtremeSlayer|striker|1123\n|gen|9\n|tier|[Gen 9 Champions] VGC 2026 Reg M-A\n|rated|\n|rule|Species Clause: Limit one of each Pok\u00e9mon\n|rule|Item Clause: Limit 1 of each item\n|clearpoke\n|poke|p1|Dragapult, L50, M|\n|poke|p1|Sneasler, L50, M|\n|poke|p1|Incineroar, L50, M|\n|poke|p1|Maushold, L50|\n|poke|p1|Floette-Eternal, L50, F|\n|poke|p1|Kingambit, L50, F|\n|poke|p2|Lucario, L50, M|\n|poke|p2|Palafin, L50, F|\n|poke|p2|Sneasler, L50, M|\n|poke|p2|Dragapult, L50, M|\n|poke|p2|Kingambit, L50, M|\n|poke|p2|Volcarona, L50, F|\n|teampreview|4\n|inactive|Battle timer is ON: inactive players will automatically lose when time's up. (requested by XtremeSlayer)\n|inactive|evokenz has 60 seconds left.\n|\n|t:|1776072408\n|teamsize|p1|4\n|teamsize|p2|4\n|start\n|switch|p1a: Dragapult|Dragapult, L50, M|100/100\n|switch|p1b: Sneasler|Sneasler, L50, M|100/100\n|switch|p2a: Palafin|Palafin, L50, F|100/100\n|switch|p2b: Sneasler|Sneasler, L50, M|100/100\n|turn|1\n|\n|t:|1776072430\n|detailschange|p2a: Palafin|Palafin-Hero, L50, F\n|switch|p2a: Kingambit|Kingambit, L50, M|100/100\n|move|p1b: Sneasler|Protect|p1b: Sneasler\n|-singleturn|p1b: Sneasler|Protect\n|move|p1a: Dragapult|Will-O-Wisp|p2a: Kingambit\n|-status|p2a: Kingambit|brn\n|-enditem|p2a: Kingambit|Lum Berry|[eat]\n|-curestatus|p2a: Kingambit|brn|[msg]\n|move|p2b: Sneasler|Coaching|p2a: Kingambit\n|-boost|p2a: Kingambit|atk|1\n|-boost|p2a: Kingambit|def|1\n|\n|upkeep\n|turn|2\n|\n|t:|1776072450\n|move|p2a: Kingambit|Protect|p2a: Kingambit\n|-singleturn|p2a: Kingambit|Protect\n|move|p1a: Dragapult|Will-O-Wisp|p2b: Sneasler\n|-status|p2b: Sneasler|brn\n|move|p1b: Sneasler|Close Combat|p2a: Kingambit\n|-activate|p2a: Kingambit|move: Protect\n|move|p2b: Sneasler|Dire Claw|p1a: Dragapult\n|-resisted|p1a: Dragapult|1\n|-damage|p1a: Dragapult|87/100\n|-status|p1a: Dragapult|par\n|\n|-damage|p2b: Sneasler|95/100 brn|[from] brn\n|upkeep\n|turn|3\n|\n|t:|1776072471\n|move|p1b: Sneasler|Close Combat|p2a: Kingambit\n|-supereffective|p2a: Kingambit|2\n|-damage|p2a: Kingambit|0 fnt\n|-unboost|p1b: Sneasler|def|1\n|-unboost|p1b: Sneasler|spd|1\n|faint|p2a: Kingambit\n|-enditem|p1b: Sneasler|White Herb\n|-clearnegativeboost|p1b: Sneasler|[silent]\n|move|p2b: Sneasler|Dire Claw|p1b: Sneasler\n|-resisted|p1b: Sneasler|1\n|-damage|p1b: Sneasler|83/100\n|-status|p1b: Sneasler|par\n|move|p1a: Dragapult|Will-O-Wisp|p2b: Sneasler\n|-fail|p2b: Sneasler|brn\n|\n|-damage|p2b: Sneasler|89/100 brn|[from] brn\n|upkeep\n|\n|t:|1776072479\n|switch|p2a: Lucario|Lucario, L50, M|100/100\n|turn|4\n|c|\u2606evokenz|Holy\n|c|\u2606evokenz|Guess the nerf wasn't enough\n|c|\u2606XtremeSlayer|yh\n|inactive|evokenz has 30 seconds left.\n|\n|t:|1776072509\n|switch|p1a: Incineroar|Incineroar, L50, M|100/100\n|-ability|p1a: Incineroar|Intimidate|boost\n|-fail|p2a: Lucario|unboost|Attack|[from] ability: Inner Focus|[of] p2a: Lucario\n|-unboost|p2b: Sneasler|atk|1\n|-enditem|p2b: Sneasler|White Herb\n|-clearnegativeboost|p2b: Sneasler|[silent]\n|detailschange|p2a: Lucario|Lucario-Mega, L50, M\n|-mega|p2a: Lucario|Lucario|Lucarionite\n|move|p2b: Sneasler|Coaching|p2a: Lucario\n|-boost|p2a: Lucario|atk|1\n|-boost|p2a: Lucario|def|1\n|move|p2a: Lucario|Meteor Mash|p1a: Incineroar\n|-resisted|p1a: Incineroar|1\n|-damage|p1a: Incineroar|57/100\n|cant|p1b: Sneasler|par\n|\n|-damage|p2b: Sneasler|84/100 brn|[from] brn\n|upkeep\n|turn|5\n|\n|t:|1776072532\n|move|p1a: Incineroar|Fake Out|p2a: Lucario\n|-resisted|p2a: Lucario|1\n|-damage|p2a: Lucario|94/100\n|move|p2b: Sneasler|Close Combat|p1a: Incineroar\n|-supereffective|p1a: Incineroar|1\n|-damage|p1a: Incineroar|0 fnt\n|-unboost|p2b: Sneasler|def|1\n|-unboost|p2b: Sneasler|spd|1\n|faint|p1a: Incineroar\n|cant|p2a: Lucario|flinch\n|move|p1b: Sneasler|Close Combat|p2a: Lucario\n|-supereffective|p2a: Lucario|1\n|-damage|p2a: Lucario|0 fnt\n|-unboost|p1b: Sneasler|def|1\n|-unboost|p1b: Sneasler|spd|1\n|faint|p2a: Lucario\n|\n|-damage|p2b: Sneasler|78/100 brn|[from] brn\n|upkeep\n|\n|t:|1776072551\n|switch|p2a: Palafin|Palafin-Hero, L50, F|100/100\n|switch|p1a: Dragapult|Dragapult, L50, M|87/100 par\n|-activate|p2a: Palafin|ability: Zero to Hero\n|turn|6\n|inactive|evokenz has 30 seconds left.\n|\n|t:|1776072584\n|move|p2a: Palafin|Protect|p2a: Palafin\n|-singleturn|p2a: Palafin|Protect\n|move|p2b: Sneasler|Coaching|p2a: Palafin\n|-boost|p2a: Palafin|atk|1\n|-boost|p2a: Palafin|def|1\n|move|p1b: Sneasler|Rock Tomb|p2a: Palafin\n|-activate|p2a: Palafin|move: Protect\n|move|p1a: Dragapult|Will-O-Wisp|p2a: Palafin\n|-activate|p2a: Palafin|move: Protect\n|\n|-damage|p2b: Sneasler|72/100 brn|[from] brn\n|upkeep\n|turn|7\n|\n|t:|1776072598\n|move|p2b: Sneasler|Dire Claw|p1a: Dragapult\n|-resisted|p1a: Dragapult|1\n|-damage|p1a: Dragapult|72/100 par\n|move|p1b: Sneasler|Rock Tomb|p2a: Palafin\n|-damage|p2a: Palafin|87/100\n|-unboost|p2a: Palafin|spe|1\n|move|p1a: Dragapult|Will-O-Wisp|p2a: Palafin\n|-status|p2a: Palafin|brn\n|move|p2a: Palafin|Wave Crash|p1a: Dragapult\n|-resisted|p1a: Dragapult|1\n|-damage|p1a: Dragapult|33/100 par\n|-damage|p2a: Palafin|76/100 brn|[from] Recoil\n|\n|-heal|p2a: Palafin|82/100 brn|[from] item: Leftovers\n|-damage|p2b: Sneasler|67/100 brn|[from] brn\n|-damage|p2a: Palafin|76/100 brn|[from] brn\n|upkeep\n|turn|8\n|c|\u2606XtremeSlayer|so many status\n|inactive|evokenz has 30 seconds left.\n|\n|t:|1776072624\n|move|p2b: Sneasler|Dire Claw|p1a: Dragapult\n|-resisted|p1a: Dragapult|1\n|-damage|p1a: Dragapult|18/100 par\n|move|p1b: Sneasler|Dire Claw|p2a: Palafin\n|-damage|p2a: Palafin|50/100 brn\n|move|p1a: Dragapult|Draco Meteor|p2a: Palafin\n|-damage|p2a: Palafin|0 fnt\n|-unboost|p1a: Dragapult|spa|2\n|faint|p2a: Palafin\n|\n|-damage|p2b: Sneasler|61/100 brn|[from] brn\n|upkeep\n|turn|9\n|c|\u2606evokenz|Yea\n|\n|t:|1776072646\n|move|p2b: Sneasler|Close Combat|p1b: Sneasler\n|-resisted|p1b: Sneasler|1\n|-damage|p1b: Sneasler|36/100 par\n|-unboost|p2b: Sneasler|def|1\n|-unboost|p2b: Sneasler|spd|1\n|move|p1b: Sneasler|Rock Tomb|p2b: Sneasler\n|-resisted|p2b: Sneasler|1\n|-damage|p2b: Sneasler|19/100 brn\n|-unboost|p2b: Sneasler|spe|1\n|move|p1a: Dragapult|Draco Meteor|p2b: Sneasler\n|-damage|p2b: Sneasler|0 fnt\n|-unboost|p1a: Dragapult|spa|2\n|faint|p2b: Sneasler\n|\n|win|evokenz\n|raw|evokenz's rating: 1131 &rarr; <strong>1155</strong><br />(+24 for winning)\n|raw|XtremeSlayer's rating: 1123 &rarr; <strong>1099</strong><br />(-24 for losing)\n",
  "uploadtime": 1776072646,
  "views": 10,
  "formatid": "gen9championsvgc2026regma",
  "rating": 1099,
  "private": 0,
  "password": null
}