{
  "id": "gen9championsvgc2026regma-2586801381",
  "format": "[Gen 9 Champions] VGC 2026 Reg M-A",
  "players": [
    "zzzzzegarra",
    "The ShimonMaster"
  ],
  "log": "|j|\u2606zzzzzegarra\n|j|\u2606The ShimonMaster\n|t:|1776461010\n|gametype|doubles\n|player|p1|zzzzzegarra|2|1085\n|player|p2|The ShimonMaster|ingo|1155\n|gen|9\n|tier|[Gen 9 Champions] VGC 2026 Reg M-A\n|rated|\n|rule|Species Clause: Limit one of each Pok\u00e9mon\n|rule|Item Clause: Limit 1 of each item\n|clearpoke\n|poke|p1|Gengar, L50, M|\n|poke|p1|Sableye, L50, M|\n|poke|p1|Gyarados, L50, M|\n|poke|p1|Dragonite, L50, M|\n|poke|p1|Absol, L50, F|\n|poke|p1|Aggron, L50, M|\n|poke|p2|Froslass, L50, F|\n|poke|p2|Orthworm, L50, M|\n|poke|p2|Incineroar, L50, M|\n|poke|p2|Rotom-Wash, L50|\n|poke|p2|Aerodactyl, L50, M|\n|poke|p2|Floette-Eternal, L50, F|\n|teampreview|4\nzzzzzegarra rejected open team sheets.\n|inactive|Battle timer is ON: inactive players will automatically lose when time's up. (requested by The ShimonMaster)\n|\n|t:|1776461035\n|teamsize|p1|4\n|teamsize|p2|4\n|start\n|switch|p1a: Gengar|Gengar, L50, M|100/100\n|switch|p1b: Sableye|Sableye, L50, M, shiny|100/100\n|switch|p2a: Incineroar|Incineroar, L50, M|100/100\n|switch|p2b: Orthworm|Orthworm, L50, M|100/100\n|-ability|p2a: Incineroar|Intimidate|boost\n|-unboost|p1a: Gengar|atk|1\n|-unboost|p1b: Sableye|atk|1\n|turn|1\n|\n|t:|1776461056\n|move|p2b: Orthworm|Protect|p2b: Orthworm\n|-singleturn|p2b: Orthworm|Protect\n|move|p1b: Sableye|Gravity|p1b: Sableye\n|-fieldstart|move: Gravity\n|move|p1a: Gengar|Hypnosis|p2a: Incineroar\n|-status|p2a: Incineroar|slp|[from] move: Hypnosis\n|cant|p2a: Incineroar|slp\n|\n|upkeep\n|turn|2\n|c|\u2606zzzzzegarra|You are dead\n|\n|t:|1776461079\n|move|p1b: Sableye|Helping Hand|p1a: Gengar\n|-singleturn|p1a: Gengar|Helping Hand|[of] p1b: Sableye\n|move|p1a: Gengar|Focus Blast|p2a: Incineroar\n|-supereffective|p2a: Incineroar|1\n|-enditem|p2a: Incineroar|Chople Berry|[eat]\n|-enditem|p2a: Incineroar|Chople Berry|[weaken]\n|-damage|p2a: Incineroar|56/100 slp\n|-unboost|p2a: Incineroar|spd|1\n|move|p2b: Orthworm|Shed Tail|p2b: Orthworm\n|-start|p2b: Orthworm|Substitute|[from] move: Shed Tail\n|-damage|p2b: Orthworm|50/100\n|-enditem|p2b: Orthworm|Sitrus Berry|[eat]\n|-heal|p2b: Orthworm|75/100|[from] item: Sitrus Berry\n|\n|t:|1776461093\n|switch|p2b: Froslass|Froslass, L50, F|100/100|[from] Shed Tail\n|cant|p2a: Incineroar|slp\n|\n|upkeep\n|turn|3\n|\n|t:|1776461112\n|detailschange|p2b: Froslass|Froslass-Mega, L50, F\n|-mega|p2b: Froslass|Froslass|Froslassite\n|-weather|Snowscape|[from] ability: Snow Warning|[of] p2b: Froslass\n|move|p1b: Sableye|Helping Hand|p1a: Gengar\n|-singleturn|p1a: Gengar|Helping Hand|[of] p1b: Sableye\n|move|p2b: Froslass|Nasty Plot|p2b: Froslass\n|-boost|p2b: Froslass|spa|2\n|move|p1a: Gengar|Dazzling Gleam|p2a: Incineroar|[spread] p2a,p2b\n|-end|p2b: Froslass|Substitute\n|-damage|p2a: Incineroar|20/100 slp\n|-curestatus|p2a: Incineroar|slp|[msg]\n|move|p2a: Incineroar|Darkest Lariat|p1a: Gengar\n|-supereffective|p1a: Gengar|1\n|-enditem|p1a: Gengar|Focus Sash\n|-damage|p1a: Gengar|1/100\n|\n|-weather|Snowscape|[upkeep]\n|upkeep\n|turn|4\n|\n|t:|1776461137\n|move|p1b: Sableye|Quash|p2b: Froslass\n|-activate|p2b: Froslass|move: Quash\n|move|p1a: Gengar|Hypnosis|p2b: Froslass\n|-status|p2b: Froslass|slp|[from] move: Hypnosis\n|move|p2a: Incineroar|Flare Blitz|p1b: Sableye\n|-damage|p1b: Sableye|34/100\n|-enditem|p1b: Sableye|Sitrus Berry|[eat]\n|-heal|p1b: Sableye|59/100|[from] item: Sitrus Berry\n|-damage|p2a: Incineroar|6/100|[from] Recoil\n|cant|p2b: Froslass|slp\n|\n|-weather|Snowscape|[upkeep]\n|upkeep\n|turn|5\n|c|\u2606zzzzzegarra|im in trouble\n|c|\u2606zzzzzegarra|not really\n|c|\u2606zzzzzegarra|hahaha\n|c|\u2606The ShimonMaster|lol ok\n|c|\u2606zzzzzegarra|im gonna smoke you now\n|inactive|The ShimonMaster has 30 seconds left.\n|c|\u2606The ShimonMaster|Oh well\n|inactive|The ShimonMaster has 20 seconds left.\n|c|\u2606zzzzzegarra|i saw that play coming from a mile away bro\n|inactive|The ShimonMaster has 15 seconds left.\n|\n|t:|1776461181\n|move|p1b: Sableye|Quash|p2b: Froslass\n|-activate|p2b: Froslass|move: Quash\n|move|p1a: Gengar|Hex|p2b: Froslass\n|-supereffective|p2b: Froslass|1\n|-damage|p2b: Froslass|0 fnt\n|faint|p2b: Froslass\n|move|p2a: Incineroar|Flare Blitz|p1a: Gengar\n|-damage|p1a: Gengar|0 fnt\n|-start|p2a: Incineroar|Disable|Flare Blitz|[from] ability: Cursed Body|[of] p1a: Gengar\n|faint|p1a: Gengar\n|-damage|p2a: Incineroar|6/100|[from] Recoil\n|\n|-weather|Snowscape|[upkeep]\n|-fieldend|move: Gravity\n|upkeep\n|\n|t:|1776461201\n|switch|p2b: Orthworm|Orthworm, L50, M|75/100\n|switch|p1a: Dragonite|Dragonite, L50, M, shiny|100/100\n|turn|6\n|inactive|zzzzzegarra has 30 seconds left.\n|\n|t:|1776461228\n|detailschange|p1a: Dragonite|Dragonite-Mega, L50, M, shiny\n|-mega|p1a: Dragonite|Dragonite|Dragoninite\n|move|p1b: Sableye|Gravity|p1b: Sableye\n|-fieldstart|move: Gravity\n|move|p1a: Dragonite|Blizzard|p2a: Incineroar|[spread] p2a,p2b\n|-resisted|p2a: Incineroar|1\n|-resisted|p2b: Orthworm|1\n|-damage|p2a: Incineroar|0 fnt\n|-damage|p2b: Orthworm|59/100\n|-status|p2b: Orthworm|frz\n|faint|p2a: Incineroar\n|-curestatus|p2b: Orthworm|frz|[msg]\n|move|p2b: Orthworm|Iron Head|p1b: Sableye\n|-damage|p1b: Sableye|26/100\n|\n|-weather|Snowscape|[upkeep]\n|upkeep\n|\n|t:|1776461242\n|switch|p2a: Rotom|Rotom-Wash, L50|100/100\n|turn|7\n|\n|t:|1776461265\n|move|p1b: Sableye|Helping Hand|p1a: Dragonite\n|-singleturn|p1a: Dragonite|Helping Hand|[of] p1b: Sableye\n|move|p2b: Orthworm|Protect|p2b: Orthworm\n|-singleturn|p2b: Orthworm|Protect\n|move|p1a: Dragonite|Hydro Pump|p2b: Orthworm\n|-activate|p2b: Orthworm|move: Protect\n|move|p2a: Rotom|Thunderbolt|p1b: Sableye\n|-damage|p1b: Sableye|0 fnt\n|faint|p1b: Sableye\n|\n|-weather|none\n|upkeep\n|\n|t:|1776461274\n|switch|p1b: Gyarados|Gyarados, L50, M, shiny|100/100\n|-ability|p1b: Gyarados|Intimidate|boost\n|-unboost|p2a: Rotom|atk|1\n|-unboost|p2b: Orthworm|atk|1\n|turn|8\n|inactive|zzzzzegarra has 30 seconds left.\n|\n|t:|1776461301\n|move|p1a: Dragonite|Extreme Speed|p2a: Rotom\n|-damage|p2a: Rotom|81/100\n|move|p1b: Gyarados|Earthquake|p2b: Orthworm|[spread] p1a,p2a\n|-heal|p2b: Orthworm|84/100|[from] ability: Earth Eater|[of] p1b: Gyarados\n|-supereffective|p2a: Rotom|1\n|-damage|p1a: Dragonite|87/100\n|-damage|p2a: Rotom|21/100\n|move|p2a: Rotom|Thunderbolt|p1b: Gyarados\n|-supereffective|p1b: Gyarados|2\n|-damage|p1b: Gyarados|0 fnt\n|faint|p1b: Gyarados\n|move|p2b: Orthworm|Iron Head|p1a: Dragonite\n|-damage|p1a: Dragonite|71/100\n|\n|upkeep\n|turn|9\n|inactive|The ShimonMaster has 30 seconds left.\n|\n|t:|1776461329\n|move|p1a: Dragonite|Blizzard|p2a: Rotom|[spread] p2a,p2b\n|-resisted|p2a: Rotom|1\n|-resisted|p2b: Orthworm|1\n|-damage|p2a: Rotom|4/100\n|-damage|p2b: Orthworm|66/100\n|move|p2a: Rotom|Thunderbolt|p1a: Dragonite\n|-damage|p1a: Dragonite|35/100\n|-status|p1a: Dragonite|par\n|move|p2b: Orthworm|Iron Head|p1a: Dragonite\n|-damage|p1a: Dragonite|19/100 par\n|\n|upkeep\n|turn|10\n|c|\u2606zzzzzegarra|Gotta give it to you\n|c|\u2606zzzzzegarra|you pushed me\n|\n|t:|1776461350\n|move|p2a: Rotom|Helping Hand|p2b: Orthworm\n|-singleturn|p2b: Orthworm|Helping Hand|[of] p2a: Rotom\n|move|p1a: Dragonite|Extreme Speed|p2a: Rotom\n|-damage|p2a: Rotom|0 fnt\n|faint|p2a: Rotom\n|move|p2b: Orthworm|Iron Head|p1a: Dragonite\n|-damage|p1a: Dragonite|0 fnt\n|faint|p1a: Dragonite\n|\n|win|The ShimonMaster\n|raw|zzzzzegarra's rating: 1085 &rarr; <strong>1067</strong><br />(-18 for losing)\n|raw|The ShimonMaster's rating: 1155 &rarr; <strong>1175</strong><br />(+20 for winning)\n|c|\u2606The ShimonMaster|Mhm\n|l|\u2606zzzzzegarra\n|player|p1|\n",
  "uploadtime": 1776461360,
  "views": 49,
  "formatid": "gen9championsvgc2026regma",
  "rating": 1067,
  "private": 0,
  "password": null
}