{
  "id": "gen9championsvgc2026regma-2587527444",
  "format": "[Gen 9 Champions] VGC 2026 Reg M-A",
  "players": [
    "spyncar",
    "campeondelfitness"
  ],
  "log": "|j|\u2606spyncar\n|j|\u2606campeondelfitness\n|t:|1776539475\n|gametype|doubles\n|player|p1|spyncar|266|1203\n|player|p2|campeondelfitness|swimmer|1279\n|gen|9\n|tier|[Gen 9 Champions] VGC 2026 Reg M-A\n|rated|\n|rule|Species Clause: Limit one of each Pok\u00e9mon\n|rule|Item Clause: Limit 1 of each item\n|clearpoke\n|poke|p1|Politoed, L50, M|\n|poke|p1|Incineroar, L50, F|\n|poke|p1|Archaludon, L50, M|\n|poke|p1|Dragonite, L50, F|\n|poke|p1|Gengar, L50, M|\n|poke|p1|Gardevoir, L50, F|\n|poke|p2|Tyranitar, L50, F|\n|poke|p2|Garchomp, L50, F|\n|poke|p2|Heliolisk, L50, M|\n|poke|p2|Rotom-Heat, L50|\n|poke|p2|Orthworm, L50, M|\n|poke|p2|Aerodactyl, L50, F|\n|teampreview|4\n|inactive|Battle timer is ON: inactive players will automatically lose when time's up. (requested by campeondelfitness)\nspyncar has agreed to open team sheets.\n|inactive|spyncar has 60 seconds left.\n|inactive|campeondelfitness has 60 seconds left.\n|\n|t:|1776539528\n|teamsize|p1|4\n|teamsize|p2|4\n|start\n|switch|p1a: Incineroar|Incineroar, L50, F|100/100\n|switch|p1b: Dragonite|Dragonite, L50, F|100/100\n|switch|p2a: Tyranitar|Tyranitar, L50, F|100/100\n|switch|p2b: Rotom|Rotom-Heat, L50|100/100\n|-ability|p1a: Incineroar|Intimidate|boost\n|-unboost|p2a: Tyranitar|atk|1\n|-unboost|p2b: Rotom|atk|1\n|-weather|Sandstorm|[from] ability: Sand Stream|[of] p2a: Tyranitar\n|turn|1\n|\n|t:|1776539550\n|switch|p2a: Orthworm|Orthworm, L50, M|100/100\n|move|p1a: Incineroar|Fake Out|p2b: Rotom\n|-damage|p2b: Rotom|89/100\n|cant|p2b: Rotom|flinch\n|move|p1b: Dragonite|Dragon Dance|p1b: Dragonite\n|-boost|p1b: Dragonite|atk|1\n|-boost|p1b: Dragonite|spe|1\n|\n|-weather|Sandstorm|[upkeep]\n|-damage|p1b: Dragonite|94/100|[from] Sandstorm\n|-damage|p2b: Rotom|83/100|[from] Sandstorm\n|-damage|p1a: Incineroar|95/100|[from] Sandstorm\n|upkeep\n|turn|2\n|inactive|campeondelfitness has 30 seconds left.\n|inactive|campeondelfitness has 20 seconds left.\n|\n|t:|1776539589\n|move|p1b: Dragonite|Dragon Claw|p2b: Rotom\n|-damage|p2b: Rotom|9/100\n|move|p2b: Rotom|Volt Switch|p1a: Incineroar\n|-damage|p1a: Incineroar|73/100\n|\n|t:|1776539599\n|switch|p2b: Garchomp|Garchomp, L50, F|100/100|[from] Volt Switch\n|move|p2a: Orthworm|Shed Tail|p2a: Orthworm\n|-start|p2a: Orthworm|Substitute|[from] move: Shed Tail\n|-damage|p2a: Orthworm|50/100\n|\n|t:|1776539608\n|switch|p2a: Rotom|Rotom-Heat, L50|9/100|[from] Shed Tail\n|move|p1a: Incineroar|Flare Blitz|p2a: Rotom\n|-resisted|p2a: Rotom|1\n|-end|p2a: Rotom|Substitute\n|-damage|p1a: Incineroar|66/100|[from] Recoil|[of] p2a: Rotom\n|\n|-weather|Sandstorm|[upkeep]\n|-damage|p1b: Dragonite|88/100|[from] Sandstorm\n|-damage|p2a: Rotom|3/100|[from] Sandstorm\n|-damage|p1a: Incineroar|60/100|[from] Sandstorm\n|upkeep\n|turn|3\n|inactive|spyncar has 30 seconds left.\n|\n|t:|1776539633\n|detailschange|p2b: Garchomp|Garchomp-Mega, L50, F\n|-mega|p2b: Garchomp|Garchomp|Garchompite\n|move|p2b: Garchomp|Dragon Claw|p1b: Dragonite\n|-supereffective|p1b: Dragonite|1\n|-damage|p1b: Dragonite|0 fnt\n|faint|p1b: Dragonite\n|move|p2a: Rotom|Discharge|p1a: Incineroar|[spread] p1a\n|-immune|p2b: Garchomp\n|-damage|p1a: Incineroar|41/100\n|move|p1a: Incineroar|Darkest Lariat|p2a: Rotom\n|-damage|p2a: Rotom|0 fnt\n|faint|p2a: Rotom\n|\n|-weather|Sandstorm|[upkeep]\n|-damage|p1a: Incineroar|35/100|[from] Sandstorm\n|upkeep\n|\n|t:|1776539647\n|switch|p2a: Orthworm|Orthworm, L50, M|50/100\n|switch|p1b: Archaludon|Archaludon, L50, M|100/100\n|turn|4\n|\n|t:|1776539665\n|switch|p1a: Politoed|Politoed, L50, M|100/100\n|-weather|RainDance|[from] ability: Drizzle|[of] p1a: Politoed\n|move|p2b: Garchomp|Earthquake|p1a: Politoed|[spread] p1a,p1b\n|-heal|p2a: Orthworm|75/100|[from] ability: Earth Eater|[of] p2b: Garchomp\n|-supereffective|p1b: Archaludon|1\n|-damage|p1a: Politoed|62/100\n|-damage|p1b: Archaludon|11/100\n|move|p1b: Archaludon|Draco Meteor|p2b: Garchomp\n|-supereffective|p2b: Garchomp|1\n|-damage|p2b: Garchomp|0 fnt\n|-unboost|p1b: Archaludon|spa|2\n|faint|p2b: Garchomp\n|move|p2a: Orthworm|Body Press|p1b: Archaludon\n|-supereffective|p1b: Archaludon|1\n|-damage|p1b: Archaludon|0 fnt\n|faint|p1b: Archaludon\n|\n|-weather|RainDance|[upkeep]\n|-heal|p2a: Orthworm|81/100|[from] item: Leftovers\n|upkeep\n|\n|t:|1776539682\n|switch|p2b: Tyranitar|Tyranitar, L50, F|100/100\n|switch|p1b: Incineroar|Incineroar, L50, F|35/100\n|-ability|p1b: Incineroar|Intimidate|boost\n|-unboost|p2a: Orthworm|atk|1\n|-unboost|p2b: Tyranitar|atk|1\n|-weather|Sandstorm|[from] ability: Sand Stream|[of] p2b: Tyranitar\n|turn|5\n|\n|t:|1776539704\n|move|p1a: Politoed|Icy Wind|p2a: Orthworm|[spread] p2a,p2b\n|-resisted|p2a: Orthworm|1\n|-damage|p2a: Orthworm|74/100\n|-damage|p2b: Tyranitar|96/100\n|-unboost|p2a: Orthworm|spe|1\n|-unboost|p2b: Tyranitar|spe|1\n|move|p1b: Incineroar|Flare Blitz|p2a: Orthworm\n|-supereffective|p2a: Orthworm|1\n|-damage|p2a: Orthworm|13/100\n|-status|p2a: Orthworm|brn\n|-damage|p1b: Incineroar|17/100|[from] Recoil\n|move|p2a: Orthworm|Body Press|p1a: Politoed\n|-damage|p1a: Politoed|48/100\n|-enditem|p1a: Politoed|Sitrus Berry|[eat]\n|-heal|p1a: Politoed|73/100|[from] item: Sitrus Berry\n|move|p2b: Tyranitar|Knock Off|p1a: Politoed\n|-damage|p1a: Politoed|56/100\n|\n|-weather|Sandstorm|[upkeep]\n|-damage|p1a: Politoed|50/100|[from] Sandstorm\n|-damage|p1b: Incineroar|11/100|[from] Sandstorm\n|-heal|p2a: Orthworm|19/100 brn|[from] item: Leftovers\n|-damage|p2a: Orthworm|13/100 brn|[from] brn\n|upkeep\n|turn|6\n|inactive|spyncar has 30 seconds left.\n|inactive|campeondelfitness has 30 seconds left.\n|inactive|campeondelfitness has 20 seconds left.\n|inactive|campeondelfitness has 15 seconds left.\n|\n|t:|1776539745\n|move|p1a: Politoed|Muddy Water|p2b: Tyranitar|[spread] p2a,p2b\n|-supereffective|p2b: Tyranitar|1\n|-crit|p2b: Tyranitar\n|-damage|p2a: Orthworm|0 fnt\n|-damage|p2b: Tyranitar|62/100\n|faint|p2a: Orthworm\n|move|p1b: Incineroar|Darkest Lariat|p2b: Tyranitar\n|-resisted|p2b: Tyranitar|1\n|-damage|p2b: Tyranitar|50/100\n|move|p2b: Tyranitar|Knock Off|p1a: Politoed\n|-damage|p1a: Politoed|34/100\n|\n|-weather|Sandstorm|[upkeep]\n|-damage|p1a: Politoed|28/100|[from] Sandstorm\n|-damage|p1b: Incineroar|5/100|[from] Sandstorm\n|upkeep\n|turn|7\n|\n|t:|1776539765\n|move|p2b: Tyranitar|Protect|p2b: Tyranitar\n|-singleturn|p2b: Tyranitar|Protect\n|move|p1a: Politoed|Muddy Water|p2b: Tyranitar\n|-activate|p2b: Tyranitar|move: Protect\n|move|p1b: Incineroar|Parting Shot|p2b: Tyranitar\n|-activate|p2b: Tyranitar|move: Protect\n|\n|-weather|Sandstorm|[upkeep]\n|-damage|p1a: Politoed|22/100|[from] Sandstorm\n|-damage|p1b: Incineroar|0 fnt|[from] Sandstorm\n|faint|p1b: Incineroar\n|upkeep\n|turn|8\n|\n|t:|1776539781\n|move|p1a: Politoed|Muddy Water|p2b: Tyranitar\n|-supereffective|p2b: Tyranitar|1\n|-damage|p2b: Tyranitar|16/100\n|move|p2b: Tyranitar|Knock Off|p1a: Politoed\n|-damage|p1a: Politoed|5/100\n|\n|-weather|Sandstorm|[upkeep]\n|-damage|p1a: Politoed|0 fnt|[from] Sandstorm\n|faint|p1a: Politoed\n|\n|win|campeondelfitness\n|raw|spyncar's rating: 1203 &rarr; <strong>1183</strong><br />(-20 for losing)\n|raw|campeondelfitness's rating: 1279 &rarr; <strong>1299</strong><br />(+20 for winning)\n|c|\u2606campeondelfitness|really close\n",
  "uploadtime": 1776539795,
  "views": 20,
  "formatid": "gen9championsvgc2026regma",
  "rating": 1183,
  "private": 0,
  "password": null
}