{
  "id": "gen9championsvgc2026regma-2586991045",
  "format": "[Gen 9 Champions] VGC 2026 Reg M-A",
  "players": [
    "Bruceleeboi",
    "indigoops"
  ],
  "log": "|j|\u2606Bruceleeboi\n|j|\u2606indigoops\n|t:|1776478934\n|gametype|doubles\n|player|p1|Bruceleeboi|2|1169\n|player|p2|indigoops|clemont|1130\n|gen|9\n|tier|[Gen 9 Champions] VGC 2026 Reg M-A\n|rated|\n|rule|Species Clause: Limit one of each Pok\u00e9mon\n|rule|Item Clause: Limit 1 of each item\n|clearpoke\n|poke|p1|Aggron, L50, M|\n|poke|p1|Incineroar, L50, F|\n|poke|p1|Pelipper, L50, M|\n|poke|p1|Sinistcha, L50|\n|poke|p1|Basculegion, L50, M|\n|poke|p1|Milotic, L50, F|\n|poke|p2|Meganium, L50, F|\n|poke|p2|Dragonite, L50, F|\n|poke|p2|Sneasler, L50, M|\n|poke|p2|Pelipper, L50, F|\n|poke|p2|Basculegion, L50, M|\n|poke|p2|Archaludon, L50, M|\n|teampreview|4\n|inactive|Battle timer is ON: inactive players will automatically lose when time's up. (requested by indigoops)\n|inactive|Bruceleeboi has 60 seconds left.\n|inactive|indigoops has 60 seconds left.\n|inactive|indigoops has 30 seconds left.\n|inactive|indigoops has 20 seconds left.\n|inactive|indigoops has 15 seconds left.\n|inactive|indigoops has 10 seconds left.\n|inactive|indigoops has 5 seconds left.\n|\n|t:|1776479021\n|teamsize|p1|4\n|teamsize|p2|4\n|start\n|switch|p1a: Aggron|Aggron, L50, M|100/100\n|switch|p1b: Incineroar|Incineroar, L50, F|100/100\n|switch|p2a: Pelipper|Pelipper, L50, F|100/100\n|switch|p2b: Archaludon|Archaludon, L50, M|100/100\n|-weather|RainDance|[from] ability: Drizzle|[of] p2a: Pelipper\n|-ability|p1b: Incineroar|Intimidate|boost\n|-unboost|p2a: Pelipper|atk|1\n|-unboost|p2b: Archaludon|atk|1\n|turn|1\n|inactive|indigoops has 30 seconds left.\n|inactive|indigoops has 20 seconds left.\n|inactive|indigoops has 15 seconds left.\n|\n|t:|1776479065\n|detailschange|p1a: Aggron|Aggron-Mega, L50, M\n|-mega|p1a: Aggron|Aggron|Aggronite\n|move|p1b: Incineroar|Fake Out|p2a: Pelipper\n|-damage|p2a: Pelipper|89/100\n|move|p2b: Archaludon|Electro Shot||[still]\n|-prepare|p2b: Archaludon|Electro Shot\n|-boost|p2b: Archaludon|spa|1\n|-anim|p2b: Archaludon|Electro Shot|p1b: Incineroar\n|-damage|p1b: Incineroar|45/100\n|-enditem|p1b: Incineroar|Sitrus Berry|[eat]\n|-heal|p1b: Incineroar|70/100|[from] item: Sitrus Berry\n|cant|p2a: Pelipper|flinch\n|move|p1a: Aggron|Body Press|p2b: Archaludon\n|-supereffective|p2b: Archaludon|1\n|-damage|p2b: Archaludon|46/100\n|-ability|p2b: Archaludon|Stamina|boost\n|-boost|p2b: Archaludon|def|1\n|\n|-weather|RainDance|[upkeep]\n|-heal|p2a: Pelipper|95/100|[from] item: Leftovers\n|upkeep\n|turn|2\n|inactive|Bruceleeboi has 30 seconds left.\n|inactive|indigoops has 30 seconds left.\n|inactive|Bruceleeboi has 20 seconds left.\n|inactive|Bruceleeboi has 15 seconds left.\n|\n|t:|1776479106\n|switch|p1b: Sinistcha|Sinistcha, L50|100/100\n|move|p2b: Archaludon|Protect|p2b: Archaludon\n|-singleturn|p2b: Archaludon|Protect\n|move|p2a: Pelipper|Tailwind|p2a: Pelipper\n|-sidestart|p2: indigoops|move: Tailwind\n|move|p1a: Aggron|Body Press|p2b: Archaludon\n|-activate|p2b: Archaludon|move: Protect\n|\n|-weather|RainDance|[upkeep]\n|-heal|p2a: Pelipper|100/100|[from] item: Leftovers\n|upkeep\n|turn|3\n|inactive|indigoops has 30 seconds left.\n|inactive|Bruceleeboi has 30 seconds left.\n|inactive|indigoops has 20 seconds left.\n|inactive|indigoops has 15 seconds left.\n|\n|t:|1776479147\n|switch|p1b: Milotic|Milotic, L50, F|100/100\n|move|p2b: Archaludon|Draco Meteor|p1a: Aggron\n|-resisted|p1a: Aggron|1\n|-damage|p1a: Aggron|54/100\n|-unboost|p2b: Archaludon|spa|2\n|move|p2a: Pelipper|Hurricane|p1b: Milotic\n|-damage|p1b: Milotic|69/100\n|move|p1a: Aggron|Body Press|p2b: Archaludon\n|-supereffective|p2b: Archaludon|1\n|-damage|p2b: Archaludon|6/100\n|-ability|p2b: Archaludon|Stamina|boost\n|-boost|p2b: Archaludon|def|1\n|\n|-weather|RainDance|[upkeep]\n|-heal|p1b: Milotic|75/100|[from] item: Leftovers\n|upkeep\n|turn|4\n|inactive|Bruceleeboi has 30 seconds left.\n|inactive|indigoops has 30 seconds left.\n|inactive|indigoops has 20 seconds left.\n|inactive|indigoops has 15 seconds left.\n|inactive|indigoops has 10 seconds left.\n|\n|t:|1776479197\n|move|p1b: Milotic|Protect|p1b: Milotic\n|-singleturn|p1b: Milotic|Protect\n|move|p2b: Archaludon|Electro Shot||[still]\n|-prepare|p2b: Archaludon|Electro Shot\n|-boost|p2b: Archaludon|spa|1\n|-anim|p2b: Archaludon|Electro Shot|p1b: Milotic\n|-activate|p1b: Milotic|move: Protect\n|move|p2a: Pelipper|Hurricane|p1a: Aggron\n|-resisted|p1a: Aggron|1\n|-damage|p1a: Aggron|33/100\n|move|p1a: Aggron|Body Press|p2b: Archaludon\n|-supereffective|p2b: Archaludon|1\n|-damage|p2b: Archaludon|0 fnt\n|faint|p2b: Archaludon\n|\n|-weather|RainDance|[upkeep]\n|-heal|p1b: Milotic|81/100|[from] item: Leftovers\n|upkeep\n|\n|t:|1776479217\n|switch|p2b: Meganium|Meganium, L50, F|100/100\n|turn|5\n|inactive|indigoops has 30 seconds left.\n|\n|t:|1776479248\n|switch|p1a: Incineroar|Incineroar, L50, F|70/100\n|-ability|p1a: Incineroar|Intimidate|boost\n|-unboost|p2a: Pelipper|atk|1\n|-unboost|p2b: Meganium|atk|1\n|detailschange|p2b: Meganium|Meganium-Mega, L50, F\n|-mega|p2b: Meganium|Meganium|Meganiumite\n|move|p2b: Meganium|Solar Beam||[still]\n|-prepare|p2b: Meganium|Solar Beam\n|-activate|p2b: Meganium|ability: Mega Sol\n|-anim|p2b: Meganium|Solar Beam|p1a: Incineroar\n|-resisted|p1a: Incineroar|1\n|-crit|p1a: Incineroar\n|-damage|p1a: Incineroar|31/100\n|move|p2a: Pelipper|Hurricane|p1b: Milotic\n|-damage|p1b: Milotic|50/100\n|move|p1b: Milotic|Icy Wind|p2b: Meganium|[spread] p2a,p2b\n|-supereffective|p2b: Meganium|1\n|-damage|p2a: Pelipper|86/100\n|-damage|p2b: Meganium|79/100\n|-unboost|p2a: Pelipper|spe|1\n|-unboost|p2b: Meganium|spe|1\n|\n|-weather|none\n|-heal|p2a: Pelipper|92/100|[from] item: Leftovers\n|-heal|p1b: Milotic|56/100|[from] item: Leftovers\n|-sideend|p2: indigoops|move: Tailwind\n|upkeep\n|turn|6\n|inactive|Bruceleeboi has 30 seconds left.\n|inactive|indigoops has 30 seconds left.\n|inactive|Bruceleeboi has 20 seconds left.\n|inactive|indigoops has 20 seconds left.\n|inactive|Bruceleeboi has 15 seconds left.\n|inactive|indigoops has 15 seconds left.\n|inactive|Bruceleeboi has 10 seconds left.\n|\n|t:|1776479294\n|switch|p2a: Basculegion|Basculegion, L50, M|100/100\n|move|p2b: Meganium|Protect|p2b: Meganium\n|-singleturn|p2b: Meganium|Protect\n|move|p1b: Milotic|Life Dew|p1b: Milotic|[spread] p1a,p1b\n|-heal|p1a: Incineroar|56/100\n|-heal|p1b: Milotic|81/100\n|move|p1a: Incineroar|Parting Shot|p2a: Basculegion\n|-unboost|p2a: Basculegion|atk|1\n|-unboost|p2a: Basculegion|spa|1\n|\n|t:|1776479307\n|switch|p1a: Aggron|Aggron-Mega, L50, M|33/100|[from] Parting Shot\n|\n|-heal|p1b: Milotic|87/100|[from] item: Leftovers\n|upkeep\n|turn|7\n|\n|t:|1776479330\n|switch|p1b: Sinistcha|Sinistcha, L50|100/100\n|-heal|p1a: Aggron|58/100|[from] ability: Hospitality|[of] p1b: Sinistcha\n|move|p1a: Aggron|Protect|p1a: Aggron\n|-singleturn|p1a: Aggron|Protect\n|move|p2a: Basculegion|Flip Turn|p1a: Aggron\n|-activate|p1a: Aggron|move: Protect\n|move|p2b: Meganium|Solar Beam||[still]\n|-prepare|p2b: Meganium|Solar Beam\n|-activate|p2b: Meganium|ability: Mega Sol\n|-anim|p2b: Meganium|Solar Beam|p1b: Sinistcha\n|-resisted|p1b: Sinistcha|1\n|-damage|p1b: Sinistcha|62/100\n|\n|upkeep\n|turn|8\n|inactive|Bruceleeboi has 30 seconds left.\n|inactive|indigoops has 30 seconds left.\n|inactive|Bruceleeboi has 20 seconds left.\n|inactive|indigoops has 20 seconds left.\n|inactive|Bruceleeboi has 15 seconds left.\n|inactive|indigoops has 15 seconds left.\n|inactive|indigoops has 10 seconds left.\n|\n|t:|1776479377\n|move|p2a: Basculegion|Icy Wind|p1b: Sinistcha|[spread] p1a,p1b\n|-resisted|p1a: Aggron|1\n|-supereffective|p1b: Sinistcha|1\n|-damage|p1a: Aggron|55/100\n|-damage|p1b: Sinistcha|50/100\n|-unboost|p1a: Aggron|spe|1\n|-unboost|p1b: Sinistcha|spe|1\n|move|p2b: Meganium|Weather Ball|p1b: Sinistcha\n|-supereffective|p1b: Sinistcha|1\n|-damage|p1b: Sinistcha|0 fnt\n|faint|p1b: Sinistcha\n|move|p1a: Aggron|Heavy Slam|p2b: Meganium\n|-supereffective|p2b: Meganium|1\n|-damage|p2b: Meganium|42/100\n|\n|upkeep\n|\n|t:|1776479392\n|switch|p1b: Incineroar|Incineroar, L50, F|56/100\n|-ability|p1b: Incineroar|Intimidate|boost\n|-unboost|p2a: Basculegion|atk|1\n|-unboost|p2b: Meganium|atk|1\n|turn|9\n|\n|t:|1776479413\n|move|p2b: Meganium|Protect|p2b: Meganium\n|-singleturn|p2b: Meganium|Protect\n|move|p2a: Basculegion|Wave Crash|p1b: Incineroar\n|-supereffective|p1b: Incineroar|1\n|-damage|p1b: Incineroar|0 fnt\n|faint|p1b: Incineroar\n|-damage|p2a: Basculegion|82/100|[from] Recoil\n|move|p1a: Aggron|Heavy Slam|p2a: Basculegion\n|-resisted|p2a: Basculegion|1\n|-damage|p2a: Basculegion|57/100\n|\n|upkeep\n|\n|t:|1776479426\n|switch|p1b: Milotic|Milotic, L50, F|87/100\n|turn|10\n|\n|t:|1776479438\n|move|p2a: Basculegion|Icy Wind|p1a: Aggron|[spread] p1a,p1b\n|-resisted|p1a: Aggron|1\n|-resisted|p1b: Milotic|1\n|-damage|p1a: Aggron|53/100\n|-damage|p1b: Milotic|85/100\n|-unboost|p1a: Aggron|spe|1\n|-unboost|p1b: Milotic|spe|1\n|-ability|p1b: Milotic|Competitive|boost\n|-boost|p1b: Milotic|spa|2\n|move|p2b: Meganium|Weather Ball|p1a: Aggron\n|-supereffective|p1a: Aggron|1\n|-damage|p1a: Aggron|0 fnt\n|faint|p1a: Aggron\n|move|p1b: Milotic|Icy Wind|p2b: Meganium|[spread] p2a,p2b\n|-resisted|p2a: Basculegion|1\n|-supereffective|p2b: Meganium|1\n|-damage|p2a: Basculegion|47/100\n|-damage|p2b: Meganium|0 fnt\n|-unboost|p2a: Basculegion|spe|1\n|faint|p2b: Meganium\n|\n|-heal|p1b: Milotic|91/100|[from] item: Leftovers\n|upkeep\n|\n|t:|1776479458\n|switch|p2b: Pelipper|Pelipper, L50, F|92/100\n|-weather|RainDance|[from] ability: Drizzle|[of] p2b: Pelipper\n|turn|11\n|\n|t:|1776479473\n|move|p2a: Basculegion|Last Respects|p1b: Milotic\n|-damage|p1b: Milotic|57/100\n|move|p2b: Pelipper|Hurricane|p1b: Milotic\n|-damage|p1b: Milotic|23/100\n|move|p1b: Milotic|Icy Wind|p2a: Basculegion|[spread] p2a,p2b\n|-resisted|p2a: Basculegion|1\n|-damage|p2a: Basculegion|35/100\n|-damage|p2b: Pelipper|62/100\n|-unboost|p2a: Basculegion|spe|1\n|-unboost|p2b: Pelipper|spe|1\n|\n|-weather|RainDance|[upkeep]\n|-heal|p1b: Milotic|29/100|[from] item: Leftovers\n|-heal|p2b: Pelipper|68/100|[from] item: Leftovers\n|upkeep\n|turn|12\n|l|\u2606Bruceleeboi\n|inactive|Bruceleeboi disconnected and has a minute to reconnect!\n|player|p1|\n|inactive|Bruceleeboi has 30 seconds left.\n|c|\u2606indigoops|Ggs\n|j|\u2606Bruceleeboi\n|inactive|Bruceleeboi reconnected and has 25 seconds left.\n|player|p1|Bruceleeboi|2|\n|\n|t:|1776479507\n|move|p1b: Milotic|Protect|p1b: Milotic\n|-singleturn|p1b: Milotic|Protect\n|move|p2a: Basculegion|Last Respects|p1b: Milotic\n|-activate|p1b: Milotic|move: Protect\n|move|p2b: Pelipper|Hurricane|p1b: Milotic\n|-activate|p1b: Milotic|move: Protect\n|\n|-weather|RainDance|[upkeep]\n|-heal|p1b: Milotic|35/100|[from] item: Leftovers\n|-heal|p2b: Pelipper|74/100|[from] item: Leftovers\n|upkeep\n|turn|13\n|\n|t:|1776479530\n|move|p2a: Basculegion|Last Respects|p1b: Milotic\n|-damage|p1b: Milotic|0 fnt\n|faint|p1b: Milotic\n|\n|win|indigoops\n|raw|Bruceleeboi's rating: 1169 &rarr; <strong>1141</strong><br />(-28 for losing)\n|raw|indigoops's rating: 1130 &rarr; <strong>1158</strong><br />(+28 for winning)\n",
  "uploadtime": 1776479540,
  "views": 13,
  "formatid": "gen9championsvgc2026regma",
  "rating": 1141,
  "private": 0,
  "password": null
}