{
  "id": "gen9championsvgc2026regma-2586261898",
  "format": "[Gen 9 Champions] VGC 2026 Reg M-A",
  "players": [
    "Gulptubus",
    "zoidfarb"
  ],
  "log": "|j|\u2606Gulptubus\n|j|\u2606zoidfarb\n|t:|1776418712\n|gametype|doubles\n|player|p1|Gulptubus|pokemonranger-gen4|1183\n|player|p2|zoidfarb|102|1258\n|gen|9\n|tier|[Gen 9 Champions] VGC 2026 Reg M-A\n|rated|\n|rule|Species Clause: Limit one of each Pok\u00e9mon\n|rule|Item Clause: Limit 1 of each item\n|clearpoke\n|poke|p1|Tyranitar, L50, F|\n|poke|p1|Aerodactyl, L50, M|\n|poke|p1|Garchomp, L50, F|\n|poke|p1|Incineroar, L50, F|\n|poke|p1|Sinistcha, L50|\n|poke|p1|Milotic, L50, F|\n|poke|p2|Gengar, L50, M|\n|poke|p2|Incineroar, L50, F|\n|poke|p2|Whimsicott, L50, M|\n|poke|p2|Volcarona, L50, F|\n|poke|p2|Gardevoir, L50, F|\n|poke|p2|Rotom-Wash, L50|\n|teampreview|4\n|inactive|Battle timer is ON: inactive players will automatically lose when time's up. (requested by zoidfarb)\n|\n|t:|1776418728\n|teamsize|p1|4\n|teamsize|p2|4\n|start\n|switch|p1a: Aerodactyl|Aerodactyl, L50, M|100/100\n|switch|p1b: Garchomp|Garchomp, L50, F|100/100\n|switch|p2a: Incineroar|Incineroar, L50, F|100/100\n|switch|p2b: Whimsicott|Whimsicott, L50, M|100/100\n|-ability|p1a: Aerodactyl|Unnerve\n|-ability|p2a: Incineroar|Intimidate|boost\n|-unboost|p1a: Aerodactyl|atk|1\n|-unboost|p1b: Garchomp|atk|1\n|-enditem|p1b: Garchomp|White Herb\n|-clearnegativeboost|p1b: Garchomp|[silent]\n|turn|1\n|\n|t:|1776418747\n|move|p2a: Incineroar|Fake Out|p1a: Aerodactyl\n|-resisted|p1a: Aerodactyl|1\n|-damage|p1a: Aerodactyl|90/100\n|move|p2b: Whimsicott|Tailwind|p2b: Whimsicott\n|-sidestart|p2: zoidfarb|move: Tailwind\n|cant|p1a: Aerodactyl|flinch\n|move|p1b: Garchomp|Earthquake|p2b: Whimsicott|[spread] p2a,p2b\n|-immune|p1a: Aerodactyl\n|-supereffective|p2a: Incineroar|1\n|-resisted|p2b: Whimsicott|1\n|-damage|p2a: Incineroar|23/100\n|-damage|p2b: Whimsicott|77/100\n|\n|upkeep\n|turn|2\n|\n|t:|1776418770\n|move|p2b: Whimsicott|Moonblast|p1b: Garchomp\n|-supereffective|p1b: Garchomp|1\n|-damage|p1b: Garchomp|39/100\n|move|p1a: Aerodactyl|Tailwind|p1a: Aerodactyl\n|-sidestart|p1: Gulptubus|move: Tailwind\n|move|p1b: Garchomp|Earthquake|p2a: Incineroar|[spread] p2a,p2b\n|-immune|p1a: Aerodactyl\n|-supereffective|p2a: Incineroar|1\n|-resisted|p2b: Whimsicott|1\n|-damage|p2a: Incineroar|0 fnt\n|-damage|p2b: Whimsicott|50/100\n|faint|p2a: Incineroar\n|\n|upkeep\n|\n|t:|1776418780\n|switch|p2a: Rotom|Rotom-Wash, L50|100/100\n|turn|3\n|inactive|Gulptubus has 30 seconds left.\n|-activate|p2a: Rotom|item: Quick Claw\n|\n|t:|1776418810\n|switch|p1b: Incineroar|Incineroar, L50, F|100/100\n|-ability|p1b: Incineroar|Intimidate|boost\n|-unboost|p2a: Rotom|atk|1\n|-unboost|p2b: Whimsicott|atk|1\n|move|p2a: Rotom|Will-O-Wisp|p1a: Aerodactyl\n|-status|p1a: Aerodactyl|brn\n|move|p1a: Aerodactyl|Rock Slide|p2b: Whimsicott|[spread] p2a,p2b\n|-damage|p2a: Rotom|91/100\n|-damage|p2b: Whimsicott|39/100\n|move|p2b: Whimsicott|Moonblast|p1b: Incineroar\n|-crit|p1b: Incineroar\n|-damage|p1b: Incineroar|65/100\n|\n|-damage|p1a: Aerodactyl|85/100 brn|[from] brn\n|upkeep\n|turn|4\n|\n|t:|1776418834\n|move|p1b: Incineroar|Fake Out|p2a: Rotom\n|-damage|p2a: Rotom|79/100\n|move|p1a: Aerodactyl|Dual Wingbeat|p2b: Whimsicott\n|-supereffective|p2b: Whimsicott|1\n|-damage|p2b: Whimsicott|24/100\n|-supereffective|p2b: Whimsicott|1\n|-damage|p2b: Whimsicott|10/100\n|-hitcount|p2b: Whimsicott|2\n|move|p2b: Whimsicott|Moonblast|p1b: Incineroar\n|-damage|p1b: Incineroar|40/100\n|cant|p2a: Rotom|flinch\n|\n|-damage|p1a: Aerodactyl|79/100 brn|[from] brn\n|-sideend|p2: zoidfarb|move: Tailwind\n|upkeep\n|turn|5\n|-activate|p2a: Rotom|item: Quick Claw\n|\n|t:|1776418854\n|move|p2b: Whimsicott|Protect|p2b: Whimsicott\n|-singleturn|p2b: Whimsicott|Protect\n|move|p2a: Rotom|Hydro Pump|p1b: Incineroar\n|-supereffective|p1b: Incineroar|1\n|-damage|p1b: Incineroar|0 fnt\n|faint|p1b: Incineroar\n|move|p1a: Aerodactyl|Dual Wingbeat|p2b: Whimsicott\n|-activate|p2b: Whimsicott|move: Protect\n|\n|-damage|p1a: Aerodactyl|73/100 brn|[from] brn\n|-sideend|p1: Gulptubus|move: Tailwind\n|upkeep\n|\n|t:|1776418869\n|switch|p1b: Garchomp|Garchomp, L50, F|39/100\n|turn|6\n|\n|t:|1776418882\n|move|p1b: Garchomp|Protect|p1b: Garchomp\n|-singleturn|p1b: Garchomp|Protect\n|move|p2b: Whimsicott|Tailwind|p2b: Whimsicott\n|-sidestart|p2: zoidfarb|move: Tailwind\n|move|p2a: Rotom|Thunderbolt|p1a: Aerodactyl\n|-supereffective|p1a: Aerodactyl|1\n|-damage|p1a: Aerodactyl|0 fnt\n|faint|p1a: Aerodactyl\n|\n|upkeep\n|\n|t:|1776418888\n|switch|p1a: Tyranitar|Tyranitar, L50, F|100/100\n|-weather|Sandstorm|[from] ability: Sand Stream|[of] p1a: Tyranitar\n|turn|7\n|\n|t:|1776418899\n|detailschange|p1a: Tyranitar|Tyranitar-Mega, L50, F\n|-mega|p1a: Tyranitar|Tyranitar|Tyranitarite\n|move|p2b: Whimsicott|Encore|p1b: Garchomp\n|-start|p1b: Garchomp|Encore\n|move|p1b: Garchomp|Protect||[still]\n|-fail|p1b: Garchomp\n|move|p2a: Rotom|Will-O-Wisp|p1a: Tyranitar\n|-status|p1a: Tyranitar|brn\n|move|p1a: Tyranitar|Rock Slide|p2b: Whimsicott|[spread] p2a\n|-miss|p1a: Tyranitar|p2b: Whimsicott\n|-damage|p2a: Rotom|58/100\n|\n|-weather|Sandstorm|[upkeep]\n|-damage|p2b: Whimsicott|4/100|[from] Sandstorm\n|-damage|p2a: Rotom|52/100|[from] Sandstorm\n|-damage|p1a: Tyranitar|94/100 brn|[from] brn\n|upkeep\n|turn|8\n|\n|t:|1776418920\n|move|p1b: Garchomp|Protect|p1b: Garchomp\n|-singleturn|p1b: Garchomp|Protect\n|move|p2b: Whimsicott|Moonblast|p1a: Tyranitar\n|-supereffective|p1a: Tyranitar|1\n|-damage|p1a: Tyranitar|69/100 brn\n|move|p2a: Rotom|Hydro Pump|p1a: Tyranitar\n|-supereffective|p1a: Tyranitar|1\n|-damage|p1a: Tyranitar|9/100 brn\n|move|p1a: Tyranitar|Rock Slide|p2a: Rotom|[spread] p2b\n|-miss|p1a: Tyranitar|p2a: Rotom\n|-damage|p2b: Whimsicott|0 fnt\n|faint|p2b: Whimsicott\n|\n|-weather|Sandstorm|[upkeep]\n|-damage|p2a: Rotom|46/100|[from] Sandstorm\n|-damage|p1a: Tyranitar|3/100 brn|[from] brn\n|upkeep\n|\n|t:|1776418931\n|switch|p2b: Gardevoir|Gardevoir, L50, F|100/100\n|-ability|p2b: Gardevoir|Sand Stream|Trace|[from] ability: Trace|[of] p1a: Tyranitar\n|turn|9\n|\n|t:|1776418941\n|move|p1b: Garchomp|Protect||[still]\n|-fail|p1b: Garchomp\n|move|p2b: Gardevoir|Dazzling Gleam|p1a: Tyranitar|[spread] p1a,p1b\n|-supereffective|p1a: Tyranitar|1\n|-supereffective|p1b: Garchomp|1\n|-damage|p1a: Tyranitar|0 fnt\n|-damage|p1b: Garchomp|0 fnt\n|faint|p1a: Tyranitar\n|faint|p1b: Garchomp\n|\n|win|zoidfarb\n|raw|Gulptubus's rating: 1183 &rarr; <strong>1163</strong><br />(-20 for losing)\n|raw|zoidfarb's rating: 1258 &rarr; <strong>1278</strong><br />(+20 for winning)\n",
  "uploadtime": 1776418944,
  "views": 21,
  "formatid": "gen9championsvgc2026regma",
  "rating": 1163,
  "private": 0,
  "password": null
}