{
  "id": "gen9championsvgc2026regma-2584840292",
  "format": "[Gen 9 Champions] VGC 2026 Reg M-A",
  "players": [
    "thealex610",
    "plmnkoiinbhii"
  ],
  "log": "|j|\u2606thealex610\n|j|\u2606plmnkoiinbhii\n|t:|1776287745\n|gametype|doubles\n|player|p1|thealex610|101|1107\n|player|p2|plmnkoiinbhii|2|1047\n|gen|9\n|tier|[Gen 9 Champions] VGC 2026 Reg M-A\n|rated|\n|rule|Species Clause: Limit one of each Pok\u00e9mon\n|rule|Item Clause: Limit 1 of each item\n|clearpoke\n|poke|p1|Sneasler, L50, M|\n|poke|p1|Talonflame, L50, F|\n|poke|p1|Milotic, L50, F|\n|poke|p1|Aegislash, L50, F|\n|poke|p1|Scizor, L50, F|\n|poke|p1|Tyranitar, L50, F|\n|poke|p2|Espathra, L50, F|\n|poke|p2|Venusaur, L50, M|\n|poke|p2|Bellibolt, L50, F|\n|poke|p2|Milotic, L50, M|\n|poke|p2|Mamoswine, L50, F|\n|poke|p2|Ceruledge, L50, M|\n|teampreview|4\n|inactive|Battle timer is ON: inactive players will automatically lose when time's up. (requested by thealex610)\n|inactive|thealex610 has 60 seconds left.\n|inactive|thealex610 has 30 seconds left.\n|\n|t:|1776287815\n|teamsize|p1|4\n|teamsize|p2|4\n|start\n|switch|p1a: Talonflame|Talonflame, L50, F|100/100\n|switch|p1b: Tyranitar|Tyranitar, L50, F|100/100\n|switch|p2a: Espathra|Espathra, L50, F|100/100\n|switch|p2b: Bellibolt|Bellibolt, L50, F|100/100\n|-weather|Sandstorm|[from] ability: Sand Stream|[of] p1b: Tyranitar\n|turn|1\n|inactive|plmnkoiinbhii has 30 seconds left.\n|\n|t:|1776287850\n|move|p2a: Espathra|Protect|p2a: Espathra\n|-singleturn|p2a: Espathra|Protect\n|move|p1a: Talonflame|Tailwind|p1a: Talonflame\n|-sidestart|p1: thealex610|move: Tailwind\n|move|p1b: Tyranitar|Knock Off|p2a: Espathra\n|-activate|p2a: Espathra|move: Protect\n|move|p2b: Bellibolt|Parabolic Charge|p1a: Talonflame|[spread] p1a,p1b\n|-activate|p2a: Espathra|move: Protect\n|-supereffective|p1a: Talonflame|1\n|-damage|p1a: Talonflame|34/100\n|-damage|p1b: Tyranitar|85/100\n|\n|-weather|Sandstorm|[upkeep]\n|-damage|p1a: Talonflame|28/100|[from] Sandstorm\n|-damage|p2a: Espathra|94/100|[from] Sandstorm\n|-damage|p2b: Bellibolt|95/100|[from] Sandstorm\n|-heal|p2a: Espathra|100/100|[from] item: Leftovers\n|-ability|p2a: Espathra|Speed Boost|boost\n|-boost|p2a: Espathra|spe|1\n|upkeep\n|turn|2\n|inactive|thealex610 has 30 seconds left.\n|inactive|thealex610 has 20 seconds left.\n|\n|t:|1776287888\n|move|p1a: Talonflame|Brave Bird|p2a: Espathra\n|-damage|p2a: Espathra|41/100\n|-damage|p1a: Talonflame|3/100|[from] Recoil\n|move|p2a: Espathra|Reflect|p2a: Espathra\n|-sidestart|p2: plmnkoiinbhii|Reflect\n|move|p1b: Tyranitar|Knock Off|p2a: Espathra\n|-supereffective|p2a: Espathra|1\n|-damage|p2a: Espathra|0 fnt\n|-enditem|p2a: Espathra|Leftovers|[from] move: Knock Off|[of] p1b: Tyranitar\n|faint|p2a: Espathra\n|move|p2b: Bellibolt|Parabolic Charge|p1a: Talonflame|[spread] p1a,p1b\n|-supereffective|p1a: Talonflame|1\n|-damage|p1a: Talonflame|0 fnt\n|-heal|p2b: Bellibolt|96/100|[from] drain|[of] p1a: Talonflame\n|-damage|p1b: Tyranitar|69/100\n|-heal|p2b: Bellibolt|100/100|[from] drain|[of] p1b: Tyranitar\n|faint|p1a: Talonflame\n|\n|-weather|Sandstorm|[upkeep]\n|-damage|p2b: Bellibolt|95/100|[from] Sandstorm\n|upkeep\n|\n|t:|1776287909\n|switch|p1a: Scizor|Scizor, L50, F, shiny|100/100\n|switch|p2a: Venusaur|Venusaur, L50, M|100/100\n|turn|3\n|\n|t:|1776287934\n|detailschange|p1a: Scizor|Scizor-Mega, L50, F, shiny\n|-mega|p1a: Scizor|Scizor|Scizorite\n|detailschange|p2a: Venusaur|Venusaur-Mega, L50, M\n|-mega|p2a: Venusaur|Venusaur|Venusaurite\n|move|p1a: Scizor|Dual Wingbeat|p2a: Venusaur\n|-supereffective|p2a: Venusaur|1\n|-damage|p2a: Venusaur|70/100\n|-supereffective|p2a: Venusaur|1\n|-damage|p2a: Venusaur|37/100\n|-hitcount|p2a: Venusaur|2\n|move|p1b: Tyranitar|Rock Slide|p2b: Bellibolt|[spread] p2a,p2b\n|-crit|p2a: Venusaur\n|-damage|p2a: Venusaur|0 fnt\n|-damage|p2b: Bellibolt|77/100\n|-start|p2b: Bellibolt|Charge|Rock Slide|[from] ability: Electromorphosis\n|faint|p2a: Venusaur\n|move|p2b: Bellibolt|Parabolic Charge|p1a: Scizor|[spread] p1a,p1b\n|-damage|p1a: Scizor|43/100\n|-heal|p2b: Bellibolt|100/100|[from] drain|[of] p1a: Scizor\n|-damage|p1b: Tyranitar|41/100\n|-end|p2b: Bellibolt|Charge|[silent]\n|\n|-weather|Sandstorm|[upkeep]\n|-damage|p2b: Bellibolt|95/100|[from] Sandstorm\n|upkeep\n|\n|t:|1776287956\n|switch|p2a: Milotic|Milotic, L50, M|100/100\n|turn|4\n|\n|t:|1776287980\n|move|p1a: Scizor|Protect|p1a: Scizor\n|-singleturn|p1a: Scizor|Protect\n|move|p2a: Milotic|Protect|p2a: Milotic\n|-singleturn|p2a: Milotic|Protect\n|move|p1b: Tyranitar|Knock Off|p2b: Bellibolt\n|-damage|p2b: Bellibolt|62/100\n|-start|p2b: Bellibolt|Charge|Knock Off|[from] ability: Electromorphosis\n|-enditem|p2b: Bellibolt|Magnet|[from] move: Knock Off|[of] p1b: Tyranitar\n|move|p2b: Bellibolt|Parabolic Charge|p1b: Tyranitar|[spread] p1b\n|-activate|p2a: Milotic|move: Protect\n|-activate|p1a: Scizor|move: Protect\n|-damage|p1b: Tyranitar|16/100\n|-heal|p2b: Bellibolt|74/100|[from] drain|[of] p1b: Tyranitar\n|-end|p2b: Bellibolt|Charge|[silent]\n|\n|-weather|Sandstorm|[upkeep]\n|-damage|p2a: Milotic|95/100|[from] Sandstorm\n|-damage|p2b: Bellibolt|68/100|[from] Sandstorm\n|-sideend|p1: thealex610|move: Tailwind\n|upkeep\n|turn|5\n|inactive|thealex610 has 30 seconds left.\n|\n|t:|1776288015\n|move|p1b: Tyranitar|Protect|p1b: Tyranitar\n|-singleturn|p1b: Tyranitar|Protect\n|move|p1a: Scizor|Dual Wingbeat|p2a: Milotic\n|-damage|p2a: Milotic|75/100\n|-damage|p2a: Milotic|57/100\n|-hitcount|p2a: Milotic|2\n|move|p2a: Milotic|Icy Wind|p1b: Tyranitar|[spread] \n|-activate|p1b: Tyranitar|move: Protect\n|-miss|p2a: Milotic|p1a: Scizor\n|move|p2b: Bellibolt|Parabolic Charge|p1a: Scizor|[spread] p2a,p1a\n|-activate|p1b: Tyranitar|move: Protect\n|-supereffective|p2a: Milotic|1\n|-damage|p2a: Milotic|26/100\n|-heal|p2b: Bellibolt|85/100|[from] drain|[of] p2a: Milotic\n|-damage|p1a: Scizor|21/100\n|-heal|p2b: Bellibolt|94/100|[from] drain|[of] p1a: Scizor\n|-enditem|p2a: Milotic|Sitrus Berry|[eat]\n|-heal|p2a: Milotic|51/100|[from] item: Sitrus Berry\n|\n|-weather|none\n|upkeep\n|turn|6\n|inactive|thealex610 has 30 seconds left.\n|inactive|plmnkoiinbhii has 30 seconds left.\n|inactive|thealex610 has 20 seconds left.\n|inactive|plmnkoiinbhii has 20 seconds left.\n|\n|t:|1776288051\n|move|p1a: Scizor|Dual Wingbeat|p2a: Milotic\n|-damage|p2a: Milotic|34/100\n|-damage|p2a: Milotic|16/100\n|-hitcount|p2a: Milotic|2\n|move|p2a: Milotic|Scald|p1b: Tyranitar\n|-supereffective|p1b: Tyranitar|1\n|-damage|p1b: Tyranitar|0 fnt\n|faint|p1b: Tyranitar\n|move|p2b: Bellibolt|Volt Switch|p1a: Scizor\n|-damage|p1a: Scizor|0 fnt\n|faint|p1a: Scizor\n|\n|-sideend|p2: plmnkoiinbhii|Reflect\n|upkeep\n|\n|t:|1776288069\n|switch|p1a: Aegislash|Aegislash, L50, F|100/100\n|turn|7\n|\n|t:|1776288076\n|move|p2a: Milotic|Protect|p2a: Milotic\n|-singleturn|p2a: Milotic|Protect\n|-formechange|p1a: Aegislash|Aegislash-Blade|\n|move|p1a: Aegislash|Shadow Sneak|p2a: Milotic\n|-activate|p2a: Milotic|move: Protect\n|move|p2b: Bellibolt|Parabolic Charge|p1a: Aegislash|[spread] p1a\n|-activate|p2a: Milotic|move: Protect\n|-damage|p1a: Aegislash|67/100\n|-heal|p2b: Bellibolt|100/100|[from] drain|[of] p1a: Aegislash\n|\n|-heal|p1a: Aegislash|73/100|[from] item: Leftovers\n|upkeep\n|turn|8\n|\n|t:|1776288091\n|move|p1a: Aegislash|Shadow Sneak|p2a: Milotic\n|-damage|p2a: Milotic|0 fnt\n|faint|p2a: Milotic\n|move|p2b: Bellibolt|Volt Switch|p1a: Aegislash\n|-damage|p1a: Aegislash|24/100\n|\n|-heal|p1a: Aegislash|30/100|[from] item: Leftovers\n|upkeep\n|turn|9\n|\n|t:|1776288100\n|-formechange|p1a: Aegislash|Aegislash|\n|move|p1a: Aegislash|King's Shield|p1a: Aegislash\n|-singleturn|p1a: Aegislash|Protect\n|move|p2b: Bellibolt|Parabolic Charge|p1a: Aegislash\n|-activate|p1a: Aegislash|move: Protect\n|\n|-heal|p1a: Aegislash|36/100|[from] item: Leftovers\n|upkeep\n|turn|10\n|\n|t:|1776288110\n|-formechange|p1a: Aegislash|Aegislash-Blade|\n|move|p1a: Aegislash|Sacred Sword|p2b: Bellibolt\n|-damage|p2b: Bellibolt|75/100\n|-start|p2b: Bellibolt|Charge|Sacred Sword|[from] ability: Electromorphosis\n|move|p2b: Bellibolt|Parabolic Charge|p1a: Aegislash\n|-damage|p1a: Aegislash|0 fnt\n|-heal|p2b: Bellibolt|88/100|[from] drain|[of] p1a: Aegislash\n|faint|p1a: Aegislash\n|-end|p2b: Bellibolt|Charge|[silent]\n|\n|win|plmnkoiinbhii\n|raw|thealex610's rating: 1107 &rarr; <strong>1078</strong><br />(-29 for losing)\n|raw|plmnkoiinbhii's rating: 1047 &rarr; <strong>1086</strong><br />(+39 for winning)\n",
  "uploadtime": 1776288121,
  "views": 22,
  "formatid": "gen9championsvgc2026regma",
  "rating": 1078,
  "private": 0,
  "password": null
}