{
  "id": "gen9championsvgc2026regma-2586129930",
  "format": "[Gen 9 Champions] VGC 2026 Reg M-A",
  "players": [
    "henitusec",
    "LMTAHMED99"
  ],
  "log": "|j|\u2606henitusec\n|j|\u2606LMTAHMED99\n|t:|1776402662\n|gametype|doubles\n|player|p1|henitusec|volo|1205\n|player|p2|LMTAHMED99|n|1108\n|gen|9\n|tier|[Gen 9 Champions] VGC 2026 Reg M-A\n|rated|\n|rule|Species Clause: Limit one of each Pok\u00e9mon\n|rule|Item Clause: Limit 1 of each item\n|clearpoke\n|poke|p1|Gardevoir, L50, F|\n|poke|p1|Aegislash, L50, F|\n|poke|p1|Incineroar, L50, M|\n|poke|p1|Vivillon-Polar, L50, M|\n|poke|p1|Whimsicott, L50, M|\n|poke|p1|Tauros-Paldea-Aqua, L50, M|\n|poke|p2|Charizard, L50, M|\n|poke|p2|Sylveon, L50, F|\n|poke|p2|Kingambit, L50, F|\n|poke|p2|Typhlosion-Hisui, L50, F|\n|poke|p2|Gyarados, L50, F|\n|poke|p2|Rotom-Heat, L50|\n|teampreview|4\n|inactive|Battle timer is ON: inactive players will automatically lose when time's up. (requested by henitusec)\n|inactive|LMTAHMED99 has 60 seconds left.\n|inactive|LMTAHMED99 has 30 seconds left.\nhenitusec rejected open team sheets.\n|\n|t:|1776402731\n|teamsize|p1|4\n|teamsize|p2|4\n|start\n|switch|p1a: Whimsicott|Whimsicott, L50, M|100/100\n|switch|p1b: Tauros|Tauros-Paldea-Aqua, L50, M|100/100\n|switch|p2a: Charizard|Charizard, L50, M, shiny|100/100\n|switch|p2b: Gyarados|Gyarados, L50, F|100/100\n|-ability|p2b: Gyarados|Intimidate|boost\n|-unboost|p1a: Whimsicott|atk|1\n|-unboost|p1b: Tauros|atk|1\n|-ability|p1b: Tauros|Intimidate|boost\n|-unboost|p2a: Charizard|atk|1\n|-unboost|p2b: Gyarados|atk|1\n|turn|1\n|inactive|LMTAHMED99 has 30 seconds left.\n|\n|t:|1776402760\n|move|p2a: Charizard|Protect|p2a: Charizard\n|-singleturn|p2a: Charizard|Protect\n|move|p1a: Whimsicott|Tailwind|p1a: Whimsicott\n|-sidestart|p1: henitusec|move: Tailwind\n|move|p1b: Tauros|Wave Crash|p2a: Charizard\n|-activate|p2a: Charizard|move: Protect\n|move|p2b: Gyarados|Dragon Tail|p1b: Tauros\n|-damage|p1b: Tauros|86/100\n|drag|p1b: Vivillon|Vivillon-Polar, L50, M|100/100\n|\n|upkeep\n|turn|2\n|\n|t:|1776402785\n|detailschange|p2a: Charizard|Charizard-Mega-Y, L50, M, shiny\n|-mega|p2a: Charizard|Charizard|Charizardite Y\n|-weather|SunnyDay|[from] ability: Drought|[of] p2a: Charizard\n|move|p1a: Whimsicott|Encore|p2a: Charizard\n|-start|p2a: Charizard|Encore\n|move|p2a: Charizard|Protect||[still]\n|-fail|p2a: Charizard\n|move|p1b: Vivillon|Sleep Powder|p2b: Gyarados\n|-status|p2b: Gyarados|slp|[from] move: Sleep Powder\n|cant|p2b: Gyarados|slp\n|\n|-weather|SunnyDay|[upkeep]\n|upkeep\n|turn|3\n|\n|t:|1776402807\n|switch|p2a: Typhlosion|Typhlosion-Hisui, L50, F|100/100\n|-item|p1a: Whimsicott|Mental Herb|[from] ability: Frisk|[of] p2a: Typhlosion\n|-item|p1b: Vivillon|Focus Sash|[from] ability: Frisk|[of] p2a: Typhlosion\n|-curestatus|p2b: Gyarados|slp|[msg]\n|move|p2b: Gyarados|Protect|p2b: Gyarados\n|-singleturn|p2b: Gyarados|Protect\n|move|p1a: Whimsicott|Moonblast|p2a: Typhlosion\n|-resisted|p2a: Typhlosion|1\n|-crit|p2a: Typhlosion\n|-damage|p2a: Typhlosion|75/100\n|move|p1b: Vivillon|Hurricane|p2a: Typhlosion\n|-damage|p2a: Typhlosion|18/100\n|\n|-weather|SunnyDay|[upkeep]\n|upkeep\n|turn|4\n|inactive|LMTAHMED99 has 30 seconds left.\n|inactive|LMTAHMED99 has 20 seconds left.\n|\n|t:|1776402843\n|switch|p2b: Charizard|Charizard-Mega-Y, L50, M, shiny|100/100\n|move|p2a: Typhlosion|Protect|p2a: Typhlosion\n|-singleturn|p2a: Typhlosion|Protect\n|move|p1a: Whimsicott|Encore||[still]\n|-fail|p1a: Whimsicott\n|move|p1b: Vivillon|Hurricane|p2a: Typhlosion\n|-activate|p2a: Typhlosion|move: Protect\n|\n|-weather|SunnyDay|[upkeep]\n|-sideend|p1: henitusec|move: Tailwind\n|upkeep\n|turn|5\n|\n|t:|1776402867\n|switch|p2a: Gyarados|Gyarados, L50, F|100/100\n|-ability|p2a: Gyarados|Intimidate|boost\n|-unboost|p1a: Whimsicott|atk|1\n|-unboost|p1b: Vivillon|atk|1\n|move|p1a: Whimsicott|Light Screen|p1a: Whimsicott\n|-sidestart|p1: henitusec|move: Light Screen\n|move|p2b: Charizard|Heat Wave|p1b: Vivillon|[spread] p1a,p1b\n|-supereffective|p1a: Whimsicott|1\n|-supereffective|p1b: Vivillon|1\n|-crit|p1b: Vivillon\n|-damage|p1a: Whimsicott|0 fnt\n|-enditem|p1b: Vivillon|Focus Sash\n|-damage|p1b: Vivillon|1/100\n|faint|p1a: Whimsicott\n|move|p1b: Vivillon|Sleep Powder|p2b: Charizard\n|-status|p2b: Charizard|slp|[from] move: Sleep Powder\n|\n|-weather|SunnyDay|[upkeep]\n|upkeep\n|\n|t:|1776402885\n|switch|p1a: Gardevoir|Gardevoir, L50, F, shiny|100/100\n|-ability|p1a: Gardevoir|Drought|Trace|[from] ability: Trace|[of] p2b: Charizard\n|turn|6\n|\n|t:|1776402901\n|detailschange|p1a: Gardevoir|Gardevoir-Mega, L50, F, shiny\n|-mega|p1a: Gardevoir|Gardevoir|Gardevoirite\n|cant|p2b: Charizard|slp\n|move|p1b: Vivillon|Sleep Powder|p2a: Gyarados\n|-status|p2a: Gyarados|slp|[from] move: Sleep Powder\n|cant|p2a: Gyarados|slp\n|move|p1a: Gardevoir|Hyper Voice|p2b: Charizard|[spread] p2a,p2b\n|-resisted|p2b: Charizard|1\n|-damage|p2a: Gyarados|49/100 slp\n|-damage|p2b: Charizard|76/100 slp\n|\n|-weather|none\n|upkeep\n|turn|7\n|\n|t:|1776402922\n|cant|p2a: Gyarados|slp\n|-curestatus|p2b: Charizard|slp|[msg]\n|move|p2b: Charizard|Heat Wave|p1b: Vivillon|[spread] p1a,p1b\n|-crit|p1a: Gardevoir\n|-supereffective|p1b: Vivillon|1\n|-damage|p1a: Gardevoir|47/100\n|-damage|p1b: Vivillon|0 fnt\n|faint|p1b: Vivillon\n|move|p1a: Gardevoir|Hyper Voice|p2b: Charizard|[spread] p2a,p2b\n|-resisted|p2b: Charizard|1\n|-damage|p2a: Gyarados|0 fnt\n|-damage|p2b: Charizard|50/100\n|faint|p2a: Gyarados\n|\n|upkeep\n|\n|t:|1776402936\n|switch|p1b: Tauros|Tauros-Paldea-Aqua, L50, M|86/100\n|switch|p2a: Typhlosion|Typhlosion-Hisui, L50, F|18/100\n|-item|p1a: Gardevoir|Gardevoirite|[from] ability: Frisk|[of] p2a: Typhlosion\n|-item|p1b: Tauros|Mystic Water|[from] ability: Frisk|[of] p2a: Typhlosion\n|-ability|p1b: Tauros|Intimidate|boost\n|-unboost|p2a: Typhlosion|atk|1\n|-unboost|p2b: Charizard|atk|1\n|turn|8\n|\n|t:|1776402954\n|move|p2b: Charizard|Protect|p2b: Charizard\n|-singleturn|p2b: Charizard|Protect\n|move|p1b: Tauros|Aqua Jet|p2a: Typhlosion\n|-supereffective|p2a: Typhlosion|1\n|-damage|p2a: Typhlosion|0 fnt\n|faint|p2a: Typhlosion\n|move|p1a: Gardevoir|Hyper Voice|p2b: Charizard\n|-activate|p2b: Charizard|move: Protect\n|\n|upkeep\n|\n|t:|1776402963\n|switch|p2a: Sylveon|Sylveon, L50, F|100/100\n|turn|9\n|inactive|LMTAHMED99 has 30 seconds left.\n|inactive|LMTAHMED99 has 20 seconds left.\n|inactive|LMTAHMED99 has 15 seconds left.\n|\n|t:|1776403004\n|move|p2b: Charizard|Roost|p2b: Charizard\n|-heal|p2b: Charizard|100/100\n|-singleturn|p2b: Charizard|move: Roost\n|move|p1a: Gardevoir|Hyper Voice|p2b: Charizard|[spread] p2a,p2b\n|-resisted|p2b: Charizard|1\n|-damage|p2a: Sylveon|65/100\n|-damage|p2b: Charizard|76/100\n|move|p1b: Tauros|Wave Crash|p2a: Sylveon\n|-damage|p2a: Sylveon|0 fnt\n|faint|p2a: Sylveon\n|-damage|p1b: Tauros|65/100|[from] Recoil\n|\n|-sideend|p1: henitusec|move: Light Screen\n|upkeep\n|turn|10\n|\n|t:|1776403025\n|move|p2b: Charizard|Heat Wave|p1a: Gardevoir|[spread] p1a,p1b\n|-resisted|p1b: Tauros|1\n|-damage|p1a: Gardevoir|14/100\n|-damage|p1b: Tauros|40/100\n|move|p1a: Gardevoir|Hyper Voice|p2b: Charizard\n|-resisted|p2b: Charizard|1\n|-damage|p2b: Charizard|44/100\n|move|p1b: Tauros|Wave Crash|p2b: Charizard\n|-supereffective|p2b: Charizard|1\n|-damage|p2b: Charizard|0 fnt\n|faint|p2b: Charizard\n|-damage|p1b: Tauros|28/100|[from] Recoil\n|\n|win|henitusec\n|raw|henitusec's rating: 1205 &rarr; <strong>1223</strong><br />(+18 for winning)\n|raw|LMTAHMED99's rating: 1108 &rarr; <strong>1090</strong><br />(-18 for losing)\n",
  "uploadtime": 1776403036,
  "views": 14,
  "formatid": "gen9championsvgc2026regma",
  "rating": 1090,
  "private": 0,
  "password": null
}