{
  "id": "gen9championsvgc2026regma-2585680162",
  "format": "[Gen 9 Champions] VGC 2026 Reg M-A",
  "players": [
    "TTT x",
    "itina99"
  ],
  "log": "|j|\u2606TTT x\n|j|\u2606itina99\n|html|<table width=\"100%\"><tr><td align=\"left\">TTT x</td><td align=\"right\">itina99</tr><tr><td align=\"left\"><i class=\"fa fa-circle\"></i> <i class=\"fa fa-circle-o\"></i> </td><td align=\"right\"><i class=\"fa fa-circle-o\"></i> <i class=\"fa fa-circle-o\"></i> </tr></table>\n|uhtml|bestof|<h2><strong>Game 2</strong> of <a href=\"/game-bestof3-gen9championsvgc2026regma-2585677057\">a best-of-3</a></h2>\n|t:|1776363280\n|gametype|doubles\n|player|p1|TTT x|#smogonxnpa2025draftee|\n|player|p2|itina99|n|\n|gen|9\n|tier|[Gen 9 Champions] VGC 2026 Reg M-A\n|rated|Tournament battle\n|rule|Species Clause: Limit one of each Pok\u00e9mon\n|rule|Item Clause: Limit 1 of each item\n|raw|<div class=\"infobox\"><details class=\"readmore\" open><summary><strong>2 custom rules:</strong></summary> Force Open Team Sheets, Best of = 3</details></div>\n|clearpoke\n|poke|p1|Manectric, L50, F|\n|poke|p1|Archaludon, L50, F|\n|poke|p1|Sinistcha, L50|\n|poke|p1|Politoed, L50, M|\n|poke|p1|Scizor, L50, F|\n|poke|p1|Incineroar, L50, F|\n|poke|p2|Basculegion, L50, M|\n|poke|p2|Sinistcha, L50|\n|poke|p2|Incineroar, L50, M|\n|poke|p2|Whimsicott, L50, M|\n|poke|p2|Sylveon, L50, M|\n|poke|p2|Lucario, L50, F|\n|teampreview|4\n|showteam|p1|Manectric||Manectite|LightningRod|VoltSwitch,Snarl,LightScreen,Protect|||F|||50|]Archaludon||Leftovers|Stamina|ElectroShot,DragonPulse,FlashCannon,Protect|||F|||50|]Sinistcha||KasibBerry|Hospitality|ShadowBall,LifeDew,RagePowder,Protect||||||50|]Politoed||SitrusBerry|Drizzle|WeatherBall,RainDance,Encore,Protect|||M|||50|]Scizor||Scizorite|Technician|BulletPunch,BugBite,SwordsDance,Protect|||F|||50|]Incineroar||ChopleBerry|Intimidate|FakeOut,FlareBlitz,WillOWisp,PartingShot|||F|||50|\n|showteam|p2|Basculegion||ChoiceScarf|Adaptability|WaveCrash,FlipTurn,LastRespects,AquaJet|||M|||50|]Sinistcha||MiracleSeed|Hospitality|MatchaGotcha,ShadowBall,RagePowder,Protect||||||50|]Incineroar||SitrusBerry|Intimidate|FakeOut,FlareBlitz,ThroatChop,PartingShot|||M|||50|]Whimsicott||FocusSash|Prankster|Moonblast,Tailwind,Encore,Protect|||M|||50|]Sylveon||FairyFeather|Pixilate|HyperVoice,QuickAttack,Yawn,Protect|||M|||50|]Lucario||Lucarionite|InnerFocus|CloseCombat,MeteorMash,BulletPunch,Protect|||F|||50|\n|j| stochastic hero\n|j| diamsword\n|j|+TheLoanRanger\n|j| technicianpowered\n|l| stochastic hero\n|j| 2thyfor\n|inactive|Battle timer is ON: inactive players will automatically lose when time's up. (requested by itina99)\n|\n|t:|1776363314\n|teamsize|p1|4\n|teamsize|p2|4\n|start\n|switch|p1a: Archaludon|Archaludon, L50, F|100/100\n|switch|p1b: Manectric|Manectric, L50, F|100/100\n|switch|p2a: Basculegion|Basculegion, L50, M|100/100\n|switch|p2b: Lucario|Lucario, L50, F|100/100\n|turn|1\n|inactive|itina99 has 30 seconds left.\n|\n|t:|1776363341\n|switch|p2b: Incineroar|Incineroar, L50, M|100/100\n|-ability|p2b: Incineroar|Intimidate|boost\n|-unboost|p1a: Archaludon|atk|1\n|-unboost|p1b: Manectric|atk|1\n|move|p1b: Manectric|Protect|p1b: Manectric\n|-singleturn|p1b: Manectric|Protect\n|move|p1a: Archaludon|Protect|p1a: Archaludon\n|-singleturn|p1a: Archaludon|Protect\n|move|p2a: Basculegion|Flip Turn|p1b: Manectric\n|-activate|p1b: Manectric|move: Protect\n|\n|upkeep\n|turn|2\n|\n|t:|1776363360\n|detailschange|p1b: Manectric|Manectric-Mega, L50, F\n|-mega|p1b: Manectric|Manectric|Manectite\n|-ability|p1b: Manectric|Intimidate|boost\n|-unboost|p2a: Basculegion|atk|1\n|-unboost|p2b: Incineroar|atk|1\n|move|p2b: Incineroar|Fake Out|p1b: Manectric\n|-damage|p1b: Manectric|92/100\n|move|p2a: Basculegion|Flip Turn|p1b: Manectric\n|-damage|p1b: Manectric|60/100\n|j| Vonky Ponky\n|\n|t:|1776363372\n|switch|p2a: Whimsicott|Whimsicott, L50, M, shiny|100/100|[from] Flip Turn\n|cant|p1b: Manectric|flinch\n|move|p1a: Archaludon|Dragon Pulse|p2a: Whimsicott\n|-immune|p2a: Whimsicott\n|\n|upkeep\n|turn|3\n|j| luwwotini\n|j| Tealnotsu\n|j| qmurda\n|inactive|itina99 has 30 seconds left.\n|\n|t:|1776363398\n|move|p2a: Whimsicott|Tailwind|p2a: Whimsicott\n|-sidestart|p2: itina99|move: Tailwind\n|move|p1b: Manectric|Volt Switch|p1a: Archaludon\n|-resisted|p1a: Archaludon|1\n|-damage|p1a: Archaludon|86/100\n|-ability|p1a: Archaludon|Stamina|boost\n|-boost|p1a: Archaludon|def|1\n|\n|t:|1776363406\n|switch|p1b: Incineroar|Incineroar, L50, F|100/100|[from] Volt Switch\n|-ability|p1b: Incineroar|Intimidate|boost\n|-unboost|p2a: Whimsicott|atk|1\n|-unboost|p2b: Incineroar|atk|1\n|move|p2b: Incineroar|Parting Shot|p1b: Incineroar\n|-unboost|p1b: Incineroar|atk|1\n|-unboost|p1b: Incineroar|spa|1\n|\n|t:|1776363414\n|switch|p2b: Lucario|Lucario, L50, F|100/100|[from] Parting Shot\n|move|p1a: Archaludon|Flash Cannon|p2a: Whimsicott\n|-supereffective|p2a: Whimsicott|1\n|-enditem|p2a: Whimsicott|Focus Sash\n|-damage|p2a: Whimsicott|1/100\n|\n|-heal|p1a: Archaludon|92/100|[from] item: Leftovers\n|upkeep\n|turn|4\n|j| Mishsire\n|\n|t:|1776363433\n|switch|p2a: Incineroar|Incineroar, L50, M|100/100\n|-ability|p2a: Incineroar|Intimidate|boost\n|-unboost|p1a: Archaludon|atk|1\n|-unboost|p1b: Incineroar|atk|1\n|move|p2b: Lucario|Protect|p2b: Lucario\n|-singleturn|p2b: Lucario|Protect\n|move|p1a: Archaludon|Protect|p1a: Archaludon\n|-singleturn|p1a: Archaludon|Protect\n|move|p1b: Incineroar|Fake Out|p2a: Incineroar\n|-damage|p2a: Incineroar|97/100\n|\n|-heal|p1a: Archaludon|98/100|[from] item: Leftovers\n|upkeep\n|turn|5\n|j| ogkillian\n|\n|t:|1776363458\n|switch|p1b: Sinistcha|Sinistcha, L50|100/100\n|-heal|p1a: Archaludon|100/100|[from] ability: Hospitality|[of] p1b: Sinistcha\n|detailschange|p2b: Lucario|Lucario-Mega, L50, F\n|-mega|p2b: Lucario|Lucario|Lucarionite\n|move|p2b: Lucario|Meteor Mash|p1b: Sinistcha\n|-damage|p1b: Sinistcha|37/100\n|-boost|p2b: Lucario|atk|1\n|move|p2a: Incineroar|Parting Shot|p1a: Archaludon\n|-unboost|p1a: Archaludon|atk|1\n|-unboost|p1a: Archaludon|spa|1\n|j| nail salon\n|\n|t:|1776363476\n|switch|p2a: Basculegion|Basculegion, L50, M|100/100|[from] Parting Shot\n|move|p1a: Archaludon|Flash Cannon|p2b: Lucario\n|-resisted|p2b: Lucario|1\n|-damage|p2b: Lucario|82/100\n|\n|upkeep\n|turn|6\n|\n|t:|1776363488\n|switch|p1a: Manectric|Manectric-Mega, L50, F|60/100\n|-ability|p1a: Manectric|Intimidate|boost\n|-unboost|p2a: Basculegion|atk|1\n|-unboost|p2b: Lucario|atk|1\n|switch|p1b: Incineroar|Incineroar, L50, F|100/100\n|-ability|p1b: Incineroar|Intimidate|boost\n|-unboost|p2a: Basculegion|atk|1\n|-unboost|p2b: Lucario|atk|1\n|move|p2a: Basculegion|Last Respects|p1b: Incineroar\n|-resisted|p1b: Incineroar|1\n|-damage|p1b: Incineroar|92/100\n|move|p2b: Lucario|Close Combat|p1a: Manectric\n|-damage|p1a: Manectric|0 fnt\n|-unboost|p2b: Lucario|def|1\n|-unboost|p2b: Lucario|spd|1\n|faint|p1a: Manectric\n|\n|-sideend|p2: itina99|move: Tailwind\n|upkeep\n|l| technicianpowered\n|\n|t:|1776363504\n|switch|p1a: Archaludon|Archaludon, L50, F|100/100\n|turn|7\n|\n|t:|1776363515\n|switch|p2a: Incineroar|Incineroar, L50, M|97/100\n|-ability|p2a: Incineroar|Intimidate|boost\n|-unboost|p1a: Archaludon|atk|1\n|-unboost|p1b: Incineroar|atk|1\n|move|p2b: Lucario|Protect|p2b: Lucario\n|-singleturn|p2b: Lucario|Protect\n|move|p1a: Archaludon|Dragon Pulse|p2a: Incineroar\n|-damage|p2a: Incineroar|61/100\n|move|p1b: Incineroar|Flare Blitz|p2b: Lucario\n|-activate|p2b: Lucario|move: Protect\n|\n|upkeep\n|turn|8\n|j|+holdingb\n|\n|t:|1776363531\n|switch|p2b: Basculegion|Basculegion, L50, M|100/100\n|move|p1a: Archaludon|Dragon Pulse|p2b: Basculegion\n|-damage|p2b: Basculegion|60/100\n|move|p1b: Incineroar|Flare Blitz|p2b: Basculegion\n|-resisted|p2b: Basculegion|1\n|-damage|p2b: Basculegion|42/100\n|-status|p2b: Basculegion|brn\n|-damage|p1b: Incineroar|86/100|[from] Recoil\n|move|p2a: Incineroar|Parting Shot|p1a: Archaludon\n|-unboost|p1a: Archaludon|atk|1\n|-unboost|p1a: Archaludon|spa|1\n|\n|t:|1776363544\n|switch|p2a: Lucario|Lucario-Mega, L50, F|82/100|[from] Parting Shot\n|\n|-damage|p2b: Basculegion|36/100 brn|[from] brn\n|upkeep\n|turn|9\n|\n|t:|1776363554\n|switch|p1b: Sinistcha|Sinistcha, L50|37/100\n|move|p1a: Archaludon|Protect|p1a: Archaludon\n|-singleturn|p1a: Archaludon|Protect\n|move|p2b: Basculegion|Wave Crash|p1b: Sinistcha\n|-resisted|p1b: Sinistcha|1\n|-damage|p1b: Sinistcha|22/100\n|-damage|p2b: Basculegion|31/100 brn|[from] Recoil\n|move|p2a: Lucario|Close Combat|p1b: Sinistcha\n|-immune|p1b: Sinistcha\n|\n|-damage|p2b: Basculegion|25/100 brn|[from] brn\n|upkeep\n|turn|10\n|j| A Regu1ar Guy\n|\n|t:|1776363573\n|switch|p2b: Incineroar|Incineroar, L50, M|61/100\n|-ability|p2b: Incineroar|Intimidate|boost\n|-unboost|p1a: Archaludon|atk|1\n|-unboost|p1b: Sinistcha|atk|1\n|switch|p1a: Incineroar|Incineroar, L50, F|86/100\n|-ability|p1a: Incineroar|Intimidate|boost\n|-unboost|p2a: Lucario|atk|1\n|-unboost|p2b: Incineroar|atk|1\n|move|p1b: Sinistcha|Protect|p1b: Sinistcha\n|-singleturn|p1b: Sinistcha|Protect\n|move|p2a: Lucario|Meteor Mash|p1b: Sinistcha\n|-activate|p1b: Sinistcha|move: Protect\n|\n|upkeep\n|turn|11\n|\n|t:|1776363594\n|move|p1a: Incineroar|Fake Out|p2a: Lucario\n|-resisted|p2a: Lucario|1\n|-damage|p2a: Lucario|75/100\n|move|p2b: Incineroar|Fake Out|p1a: Incineroar\n|-crit|p1a: Incineroar\n|-damage|p1a: Incineroar|69/100\n|cant|p2a: Lucario|flinch\n|move|p1b: Sinistcha|Life Dew|p1b: Sinistcha|[spread] p1a,p1b\n|-heal|p1a: Incineroar|94/100\n|-heal|p1b: Sinistcha|47/100\n|\n|upkeep\n|turn|12\n|\n|t:|1776363619\n|move|p2a: Lucario|Protect|p2a: Lucario\n|-singleturn|p2a: Lucario|Protect\n|move|p1b: Sinistcha|Protect|p1b: Sinistcha\n|-singleturn|p1b: Sinistcha|Protect\n|move|p1a: Incineroar|Flare Blitz|p2a: Lucario\n|-activate|p2a: Lucario|move: Protect\n|move|p2b: Incineroar|Parting Shot|p1a: Incineroar\n|-unboost|p1a: Incineroar|atk|1\n|-unboost|p1a: Incineroar|spa|1\n|\n|t:|1776363628\n|switch|p2b: Basculegion|Basculegion, L50, M|25/100 brn|[from] Parting Shot\n|\n|-damage|p2b: Basculegion|19/100 brn|[from] brn\n|upkeep\n|turn|13\n|\n|t:|1776363649\n|switch|p2a: Incineroar|Incineroar, L50, M|61/100\n|-ability|p2a: Incineroar|Intimidate|boost\n|-unboost|p1a: Incineroar|atk|1\n|-unboost|p1b: Sinistcha|atk|1\n|switch|p1b: Archaludon|Archaludon, L50, F|100/100\n|move|p2b: Basculegion|Wave Crash|p1a: Incineroar\n|-supereffective|p1a: Incineroar|1\n|-damage|p1a: Incineroar|16/100\n|-damage|p2b: Basculegion|0 fnt|[from] Recoil\n|faint|p2b: Basculegion\n|move|p1a: Incineroar|Flare Blitz|p2a: Incineroar\n|-resisted|p2a: Incineroar|1\n|-damage|p2a: Incineroar|54/100\n|-damage|p1a: Incineroar|14/100|[from] Recoil\n|\n|upkeep\n|\n|t:|1776363663\n|switch|p2b: Lucario|Lucario-Mega, L50, F|75/100\n|turn|14\n|\n|t:|1776363678\n|switch|p1b: Sinistcha|Sinistcha, L50|47/100\n|-heal|p1a: Incineroar|39/100|[from] ability: Hospitality|[of] p1b: Sinistcha\n|move|p2b: Lucario|Close Combat|p1b: Sinistcha\n|-immune|p1b: Sinistcha\n|move|p1a: Incineroar|Will-O-Wisp|p2b: Lucario\n|-status|p2b: Lucario|brn\n|move|p2a: Incineroar|Flare Blitz|p1a: Incineroar\n|-resisted|p1a: Incineroar|1\n|-damage|p1a: Incineroar|16/100\n|-damage|p2a: Incineroar|47/100|[from] Recoil\n|-enditem|p2a: Incineroar|Sitrus Berry|[eat]\n|-heal|p2a: Incineroar|71/100|[from] item: Sitrus Berry\n|\n|-damage|p2b: Lucario|69/100 brn|[from] brn\n|upkeep\n|turn|15\n|j| technicianpowered\n|l| technicianpowered\n|l| Vonky Ponky\n|\n|t:|1776363697\n|switch|p1a: Archaludon|Archaludon, L50, F|100/100\n|move|p1b: Sinistcha|Protect|p1b: Sinistcha\n|-singleturn|p1b: Sinistcha|Protect\n|move|p2b: Lucario|Meteor Mash|p1b: Sinistcha\n|-activate|p1b: Sinistcha|move: Protect\n|move|p2a: Incineroar|Flare Blitz|p1a: Archaludon\n|-damage|p1a: Archaludon|64/100\n|-ability|p1a: Archaludon|Stamina|boost\n|-boost|p1a: Archaludon|def|1\n|-damage|p2a: Incineroar|60/100|[from] Recoil\n|\n|-heal|p1a: Archaludon|70/100|[from] item: Leftovers\n|-damage|p2b: Lucario|63/100 brn|[from] brn\n|upkeep\n|turn|16\n|j| dfsgfdgdghghfh\n|\n|t:|1776363715\n|move|p2b: Lucario|Close Combat|p1a: Archaludon\n|-supereffective|p1a: Archaludon|1\n|-damage|p1a: Archaludon|28/100\n|-unboost|p2b: Lucario|def|1\n|-unboost|p2b: Lucario|spd|1\n|-ability|p1a: Archaludon|Stamina|boost\n|-boost|p1a: Archaludon|def|1\n|move|p1a: Archaludon|Flash Cannon|p2b: Lucario\n|-resisted|p2b: Lucario|1\n|-crit|p2b: Lucario\n|-damage|p2b: Lucario|3/100 brn\n|move|p1b: Sinistcha|Life Dew|p1b: Sinistcha|[spread] p1a,p1b\n|-heal|p1a: Archaludon|53/100\n|-heal|p1b: Sinistcha|72/100\n|move|p2a: Incineroar|Flare Blitz|p1a: Archaludon\n|-damage|p1a: Archaludon|34/100\n|-status|p1a: Archaludon|brn\n|-ability|p1a: Archaludon|Stamina|boost\n|-boost|p1a: Archaludon|def|1\n|-damage|p2a: Incineroar|54/100|[from] Recoil\n|\n|-heal|p1a: Archaludon|40/100 brn|[from] item: Leftovers\n|-damage|p2b: Lucario|0 fnt|[from] brn\n|faint|p2b: Lucario\n|-damage|p1a: Archaludon|34/100 brn|[from] brn\n|upkeep\n|j| felipesol2\n|c|\u2606itina99|gg\n|\n|t:|1776363739\n|switch|p2b: Whimsicott|Whimsicott, L50, M, shiny|1/100\n|turn|17\n|l| felipesol2\n|\n|t:|1776363753\n|move|p1b: Sinistcha|Protect|p1b: Sinistcha\n|-singleturn|p1b: Sinistcha|Protect\n|move|p2b: Whimsicott|Moonblast|p1a: Archaludon\n|-damage|p1a: Archaludon|4/100 brn\n|-unboost|p1a: Archaludon|spa|1\n|-ability|p1a: Archaludon|Stamina|boost\n|-boost|p1a: Archaludon|def|1\n|move|p1a: Archaludon|Flash Cannon|p2b: Whimsicott\n|-supereffective|p2b: Whimsicott|1\n|-damage|p2b: Whimsicott|0 fnt\n|faint|p2b: Whimsicott\n|move|p2a: Incineroar|Flare Blitz|p1b: Sinistcha\n|-activate|p1b: Sinistcha|move: Protect\n|\n|-heal|p1a: Archaludon|10/100 brn|[from] item: Leftovers\n|-damage|p1a: Archaludon|4/100 brn|[from] brn\n|upkeep\n|turn|18\n|c|\u2606TTT x|Ggs\n|\n|t:|1776363768\n|move|p1a: Archaludon|Protect|p1a: Archaludon\n|-singleturn|p1a: Archaludon|Protect\n|move|p1b: Sinistcha|Life Dew|p1b: Sinistcha|[spread] p1a,p1b\n|-heal|p1a: Archaludon|29/100 brn\n|-heal|p1b: Sinistcha|97/100\n|move|p2a: Incineroar|Flare Blitz|p1b: Sinistcha\n|-supereffective|p1b: Sinistcha|1\n|-crit|p1b: Sinistcha\n|-damage|p1b: Sinistcha|0 fnt\n|faint|p1b: Sinistcha\n|-damage|p2a: Incineroar|26/100|[from] Recoil\n|\n|-heal|p1a: Archaludon|35/100 brn|[from] item: Leftovers\n|-damage|p1a: Archaludon|29/100 brn|[from] brn\n|upkeep\n|\n|t:|1776363774\n|switch|p1b: Incineroar|Incineroar, L50, F|16/100\n|-ability|p1b: Incineroar|Intimidate|boost\n|-unboost|p2a: Incineroar|atk|1\n|turn|19\n|l| dfsgfdgdghghfh\n|\n|t:|1776363786\n|move|p1b: Incineroar|Fake Out|p2a: Incineroar\n|-damage|p2a: Incineroar|20/100\n|move|p1a: Archaludon|Dragon Pulse|p2a: Incineroar\n|-damage|p2a: Incineroar|0 fnt\n|faint|p2a: Incineroar\n|\n|win|TTT x\n|l| TheLoanRanger\n|l|\u2606TTT x\n|player|p1|\n",
  "uploadtime": 1776363796,
  "views": 94,
  "formatid": "gen9championsvgc2026regma",
  "rating": null,
  "private": 0,
  "password": null
}