{
  "id": "gen9championsvgc2026regma-2587883698",
  "format": "[Gen 9 Champions] VGC 2026 Reg M-A",
  "players": [
    "fangyusuhe",
    "DracoShower94"
  ],
  "log": "|j|\u2606fangyusuhe\n|j|\u2606DracoShower94\n|t:|1776574373\n|gametype|doubles\n|player|p1|fangyusuhe|dawn|1432\n|player|p2|DracoShower94|iris-gen5bw2|1548\n|gen|9\n|tier|[Gen 9 Champions] VGC 2026 Reg M-A\n|rated|\n|rule|Species Clause: Limit one of each Pok\u00e9mon\n|rule|Item Clause: Limit 1 of each item\n|clearpoke\n|poke|p1|Floette-Eternal, L50, F|\n|poke|p1|Sinistcha, L50|\n|poke|p1|Incineroar, L50, M|\n|poke|p1|Maushold, L50|\n|poke|p1|Talonflame, L50, F|\n|poke|p1|Garchomp, L50, M|\n|poke|p2|Tyranitar, L50, F|\n|poke|p2|Excadrill, L50, M|\n|poke|p2|Gallade, L50, M|\n|poke|p2|Volcarona, L50, F|\n|poke|p2|Milotic, L50, F|\n|poke|p2|Weavile, L50, F|\n|teampreview|4\n|inactive|Battle timer is ON: inactive players will automatically lose when time's up. (requested by DracoShower94)\n|j| GentleH\n|\n|t:|1776574400\n|teamsize|p1|4\n|teamsize|p2|4\n|start\n|switch|p1a: Floette|Floette-Eternal, L50, F|100/100\n|switch|p1b: Incineroar|Incineroar, L50, M|100/100\n|switch|p2a: Weavile|Weavile, L50, F|100/100\n|switch|p2b: Milotic|Milotic, L50, F|100/100\n|-ability|p2a: Weavile|Pressure\n|-ability|p1b: Incineroar|Intimidate|boost\n|-unboost|p2a: Weavile|atk|1\n|-unboost|p2b: Milotic|atk|1\n|-ability|p2b: Milotic|Competitive|boost\n|-boost|p2b: Milotic|spa|2\n|turn|1\n|\n|t:|1776574408\n|move|p2a: Weavile|Fake Out|p1a: Floette\n|-damage|p1a: Floette|91/100\n|move|p1b: Incineroar|Fake Out|p2a: Weavile\n|-damage|p2a: Weavile|83/100\n|cant|p1a: Floette|flinch\n|move|p2b: Milotic|Scald|p1b: Incineroar\n|-supereffective|p1b: Incineroar|1\n|-damage|p1b: Incineroar|7/100\n|\n|upkeep\n|turn|2\n|l| GentleH\n|\n|t:|1776574431\n|detailschange|p1a: Floette|Floette-Mega, L50, F\n|-mega|p1a: Floette|Floette|Floettite\n|-ability|p1a: Floette|Fairy Aura\n|move|p2a: Weavile|Triple Axel|p1a: Floette\n|-damage|p1a: Floette|82/100\n|-damage|p1a: Floette|67/100\n|-damage|p1a: Floette|45/100\n|-hitcount|p1a: Floette|3\n|move|p1a: Floette|Dazzling Gleam|p2b: Milotic|[spread] p2a,p2b\n|-supereffective|p2a: Weavile|1\n|-damage|p2a: Weavile|0 fnt\n|-damage|p2b: Milotic|65/100\n|faint|p2a: Weavile\n|move|p2b: Milotic|Muddy Water|p1a: Floette|[spread] p1a,p1b\n|-supereffective|p1b: Incineroar|1\n|-damage|p1a: Floette|8/100\n|-damage|p1b: Incineroar|0 fnt\n|faint|p1b: Incineroar\n|\n|-heal|p2b: Milotic|71/100|[from] item: Leftovers\n|upkeep\n|\n|t:|1776574445\n|switch|p2a: Gallade|Gallade, L50, M|100/100\n|switch|p1b: Sinistcha|Sinistcha, L50|100/100\n|-heal|p1a: Floette|33/100|[from] ability: Hospitality|[of] p1b: Sinistcha\n|turn|3\n|\n|t:|1776574459\n|move|p1b: Sinistcha|Rage Powder|p1b: Sinistcha\n|-singleturn|p1b: Sinistcha|move: Rage Powder\n|move|p2a: Gallade|Trick|p1b: Sinistcha\n|-activate|p2a: Gallade|move: Trick|[of] p1b: Sinistcha\n|-item|p1b: Sinistcha|Choice Scarf|[from] move: Trick\n|-item|p2a: Gallade|Sitrus Berry|[from] move: Trick\n|move|p1a: Floette|Draining Kiss|p2a: Gallade\n|-supereffective|p2a: Gallade|1\n|-damage|p2a: Gallade|18/100\n|-heal|p1a: Floette|83/100|[from] drain|[of] p2a: Gallade\n|-enditem|p2a: Gallade|Sitrus Berry|[eat]\n|-heal|p2a: Gallade|43/100|[from] item: Sitrus Berry\n|move|p2b: Milotic|Muddy Water|p1a: Floette|[spread] p1a,p1b\n|-resisted|p1b: Sinistcha|1\n|-damage|p1a: Floette|46/100\n|-damage|p1b: Sinistcha|76/100\n|-unboost|p1a: Floette|accuracy|1\n|-unboost|p1b: Sinistcha|accuracy|1\n|\n|-heal|p2b: Milotic|77/100|[from] item: Leftovers\n|upkeep\n|turn|4\n|\n|t:|1776574476\n|move|p2a: Gallade|Wide Guard|p2a: Gallade\n|-singleturn|p2a: Gallade|Wide Guard\n|move|p1b: Sinistcha|Life Dew|p1b: Sinistcha|[spread] p1a,p1b\n|-heal|p1a: Floette|71/100\n|-heal|p1b: Sinistcha|100/100\n|move|p1a: Floette|Dazzling Gleam|p2a: Gallade|[spread] \n|-activate|p2a: Gallade|move: Wide Guard\n|-activate|p2b: Milotic|move: Wide Guard\n|move|p2b: Milotic|Scald|p1a: Floette\n|-damage|p1a: Floette|26/100\n|\n|-heal|p2b: Milotic|83/100|[from] item: Leftovers\n|upkeep\n|turn|5\n|\n|t:|1776574490\n|switch|p2a: Excadrill|Excadrill, L50, M|100/100\n|move|p1b: Sinistcha|Life Dew||[still]|[spread] p1a,p1b\n|-heal|p1a: Floette|51/100\n|-fail|p1b: Sinistcha|heal\n|move|p1a: Floette|Draining Kiss|p2a: Excadrill|[miss]\n|-miss|p1a: Floette|p2a: Excadrill\n|move|p2b: Milotic|Muddy Water|p1a: Floette|[spread] p1a,p1b\n|-resisted|p1b: Sinistcha|1\n|-damage|p1a: Floette|18/100\n|-damage|p1b: Sinistcha|77/100\n|\n|-heal|p2b: Milotic|89/100|[from] item: Leftovers\n|upkeep\n|turn|6\n|\n|t:|1776574512\n|move|p2b: Milotic|Protect|p2b: Milotic\n|-singleturn|p2b: Milotic|Protect\n|move|p2a: Excadrill|Earthquake|p1a: Floette|[spread] p1a,p1b\n|-activate|p2b: Milotic|move: Protect\n|-resisted|p1b: Sinistcha|1\n|-damage|p1a: Floette|0 fnt\n|-damage|p1b: Sinistcha|57/100\n|faint|p1a: Floette\n|move|p1b: Sinistcha|Life Dew|p1b: Sinistcha\n|-heal|p1b: Sinistcha|82/100\n|\n|-heal|p2b: Milotic|95/100|[from] item: Leftovers\n|upkeep\n|\n|t:|1776574514\n|switch|p1a: Garchomp|Garchomp, L50, M|100/100\n|turn|7\n|\n|t:|1776574525\n|move|p1a: Garchomp|Earthquake|p2a: Excadrill|[spread] p1b,p2a,p2b\n|-resisted|p1b: Sinistcha|1\n|-supereffective|p2a: Excadrill|1\n|-damage|p1b: Sinistcha|61/100\n|-enditem|p2a: Excadrill|Focus Sash\n|-damage|p2a: Excadrill|1/100\n|-damage|p2b: Milotic|57/100\n|move|p2a: Excadrill|High Horsepower|p1a: Garchomp\n|-damage|p1a: Garchomp|50/100\n|-damage|p2a: Excadrill|0 fnt|[from] ability: Rough Skin|[of] p1a: Garchomp\n|faint|p2a: Excadrill\n|move|p1b: Sinistcha|Life Dew|p1b: Sinistcha|[spread] p1a,p1b\n|-heal|p1a: Garchomp|75/100\n|-heal|p1b: Sinistcha|86/100\n|move|p2b: Milotic|Ice Beam|p1a: Garchomp\n|-supereffective|p1a: Garchomp|2\n|-damage|p1a: Garchomp|0 fnt\n|faint|p1a: Garchomp\n|\n|-heal|p2b: Milotic|63/100|[from] item: Leftovers\n|upkeep\n|\n|t:|1776574530\n|switch|p2a: Gallade|Gallade, L50, M|43/100\n|turn|8\n|-message|fangyusuhe forfeited.\n|\n|win|DracoShower94\n|raw|fangyusuhe's rating: 1410 &rarr; <strong>1398</strong><br />(-12 for losing)\n|raw|DracoShower94's rating: 1548 &rarr; <strong>1560</strong><br />(+12 for winning)\n|l|\u2606DracoShower94\n|player|p2|\n|l|\u2606fangyusuhe\n|player|p1|\n",
  "uploadtime": 1776574647,
  "views": 18,
  "formatid": "gen9championsvgc2026regma",
  "rating": 1398,
  "private": 0,
  "password": null
}