{
  "id": "gen9championsvgc2026regma-2586043455",
  "format": "[Gen 9 Champions] VGC 2026 Reg M-A",
  "players": [
    "Rioshoa",
    "lebronathanjames"
  ],
  "log": "|j|\u2606Rioshoa\n|j|\u2606lebronathanjames\n|t:|1776393165\n|gametype|doubles\n|player|p1|Rioshoa|170|1069\n|player|p2|lebronathanjames|swimmerf|1062\n|gen|9\n|tier|[Gen 9 Champions] VGC 2026 Reg M-A\n|rated|\n|rule|Species Clause: Limit one of each Pok\u00e9mon\n|rule|Item Clause: Limit 1 of each item\n|clearpoke\n|poke|p1|Delphox, L50, F|\n|poke|p1|Milotic, L50, M|\n|poke|p1|Garchomp, L50, M|\n|poke|p1|Whimsicott, L50, M|\n|poke|p1|Orthworm, L50, M|\n|poke|p1|Kangaskhan, L50, F|\n|poke|p2|Kangaskhan, L50, F|\n|poke|p2|Whimsicott, L50, M|\n|poke|p2|Floette-Eternal, L50, F|\n|poke|p2|Zoroark-Hisui, L50, F|\n|poke|p2|Empoleon, L50, M|\n|poke|p2|Sneasler, L50, M|\n|teampreview|4\n|\n|t:|1776393207\n|teamsize|p1|4\n|teamsize|p2|4\n|start\n|switch|p1a: Garchomp|Garchomp, L50, M|100/100\n|switch|p1b: Whimsicott|Whimsicott, L50, M|100/100\n|switch|p2a: Whimsicott|Whimsicott, L50, M|100/100\n|switch|p2b: Sneasler|Sneasler, L50, M|100/100\n|turn|1\n|\n|t:|1776393222\n|move|p1b: Whimsicott|Protect|p1b: Whimsicott\n|-singleturn|p1b: Whimsicott|Protect\n|move|p1a: Garchomp|Protect|p1a: Garchomp\n|-singleturn|p1a: Garchomp|Protect\n|move|p2a: Whimsicott|Dazzling Gleam|p1a: Garchomp|[spread] \n|-activate|p1a: Garchomp|move: Protect\n|-activate|p1b: Whimsicott|move: Protect\n|move|p2b: Sneasler|Sludge Bomb|p1b: Whimsicott\n|-activate|p1b: Whimsicott|move: Protect\n|\n|upkeep\n|turn|2\n|\n|t:|1776393241\n|switch|p2b: Floette|Floette-Eternal, L50, F|100/100\n|move|p2a: Whimsicott|Tailwind|p2a: Whimsicott\n|-sidestart|p2: lebronathanjames|move: Tailwind\n|move|p1b: Whimsicott|Tailwind|p1b: Whimsicott\n|-sidestart|p1: Rioshoa|move: Tailwind\n|move|p1a: Garchomp|Rock Slide|p2b: Floette|[spread] p2b\n|-miss|p1a: Garchomp|p2a: Whimsicott\n|-crit|p2b: Floette\n|-damage|p2b: Floette|57/100\n|\n|upkeep\n|turn|3\n|\n|t:|1776393269\n|move|p2b: Floette|Protect|p2b: Floette\n|-singleturn|p2b: Floette|Protect\n|move|p1b: Whimsicott|Encore|p2a: Whimsicott\n|-start|p2a: Whimsicott|Encore\n|move|p2a: Whimsicott|Tailwind||[still]\n|-fail|p2a: Whimsicott\n|move|p1a: Garchomp|Rock Slide|p2a: Whimsicott|[spread] p2a\n|-activate|p2b: Floette|move: Protect\n|-damage|p2a: Whimsicott|74/100\n|\n|upkeep\n|turn|4\n|\n|t:|1776393294\n|switch|p2a: Sneasler|Sneasler, L50, M|100/100\n|switch|p1b: Orthworm|Orthworm, L50, M|100/100\n|detailschange|p2b: Floette|Floette-Mega, L50, F\n|-mega|p2b: Floette|Floette|Floettite\n|-ability|p2b: Floette|Fairy Aura\n|move|p1a: Garchomp|Rock Slide|p2a: Sneasler|[spread] p2a,p2b\n|-damage|p2a: Sneasler|59/100\n|-damage|p2b: Floette|37/100\n|replace|p2a: Zoroark|Zoroark-Hisui, L50, F\n|-end|p2a: Zoroark|Illusion\n|move|p2b: Floette|Dazzling Gleam|p1a: Garchomp|[spread] p1a,p1b\n|-supereffective|p1a: Garchomp|1\n|-resisted|p1b: Orthworm|1\n|-crit|p1b: Orthworm\n|-damage|p1a: Garchomp|0 fnt\n|-damage|p1b: Orthworm|39/100\n|-enditem|p1b: Orthworm|Sitrus Berry|[eat]\n|-heal|p1b: Orthworm|64/100|[from] item: Sitrus Berry\n|faint|p1a: Garchomp\n|\n|upkeep\n|\n|t:|1776393331\n|switch|p1a: Whimsicott|Whimsicott, L50, M|100/100\n|turn|5\n|\n|t:|1776393352\n|move|p1a: Whimsicott|Protect|p1a: Whimsicott\n|-singleturn|p1a: Whimsicott|Protect\n|move|p2a: Zoroark|Sludge Bomb|p1a: Whimsicott\n|-activate|p1a: Whimsicott|move: Protect\n|move|p2b: Floette|Dazzling Gleam|p1a: Whimsicott|[spread] p1b\n|-activate|p1a: Whimsicott|move: Protect\n|-resisted|p1b: Orthworm|1\n|-damage|p1b: Orthworm|26/100\n|move|p1b: Orthworm|Shed Tail|p1b: Orthworm\n|-fail|p1b: Orthworm|move: Shed Tail|[weak]\n|\n|-sideend|p2: lebronathanjames|move: Tailwind\n|-sideend|p1: Rioshoa|move: Tailwind\n|upkeep\n|turn|6\n|\n|t:|1776393375\n|move|p2b: Floette|Protect|p2b: Floette\n|-singleturn|p2b: Floette|Protect\n|move|p1a: Whimsicott|Tailwind|p1a: Whimsicott\n|-sidestart|p1: Rioshoa|move: Tailwind\n|move|p2a: Zoroark|Sludge Bomb|p1a: Whimsicott\n|-supereffective|p1a: Whimsicott|2\n|-enditem|p1a: Whimsicott|Focus Sash\n|-damage|p1a: Whimsicott|1/100\n|move|p1b: Orthworm|Heavy Slam|p2b: Floette\n|-activate|p2b: Floette|move: Protect\n|\n|upkeep\n|turn|7\n|-activate|p2a: Zoroark|item: Quick Claw\n|\n|t:|1776393396\n|move|p1a: Whimsicott|Encore|p2b: Floette\n|-start|p2b: Floette|Encore\n|move|p2b: Floette|Protect||[still]\n|-fail|p2b: Floette\n|move|p2a: Zoroark|Dark Pulse|p1b: Orthworm\n|-damage|p1b: Orthworm|0 fnt\n|faint|p1b: Orthworm\n|\n|upkeep\n|\n|t:|1776393404\n|switch|p1b: Kangaskhan|Kangaskhan, L50, F|100/100\n|turn|8\n|\n|t:|1776393427\n|switch|p2b: Sneasler|Sneasler, L50, M|100/100\n|detailschange|p1b: Kangaskhan|Kangaskhan-Mega, L50, F\n|-mega|p1b: Kangaskhan|Kangaskhan|Kangaskhanite\n|move|p1a: Whimsicott|Moonblast|p2a: Zoroark\n|-damage|p2a: Zoroark|0 fnt\n|faint|p2a: Zoroark\n|move|p1b: Kangaskhan|Body Slam|p2b: Sneasler\n|-damage|p2b: Sneasler|20/100\n|-status|p2b: Sneasler|par\n|-damage|p2b: Sneasler|2/100 par\n|-hitcount|p2b: Sneasler|2\n|\n|upkeep\n|\n|t:|1776393463\n|switch|p2a: Whimsicott|Whimsicott, L50, M|74/100\n|turn|9\n|\n|t:|1776393486\n|move|p2b: Sneasler|Protect|p2b: Sneasler\n|-singleturn|p2b: Sneasler|Protect\n|move|p1a: Whimsicott|Moonblast|p2b: Sneasler\n|-activate|p2b: Sneasler|move: Protect\n|move|p1b: Kangaskhan|Body Slam|p2a: Whimsicott\n|-damage|p2a: Whimsicott|9/100\n|-status|p2a: Whimsicott|par\n|-damage|p2a: Whimsicott|0 fnt\n|faint|p2a: Whimsicott\n|-hitcount|p2: Whimsicott|2\n|\n|-sideend|p1: Rioshoa|move: Tailwind\n|upkeep\n|\n|t:|1776393503\n|switch|p2a: Floette|Floette-Mega, L50, F|37/100\n|-ability|p2a: Floette|Fairy Aura\n|turn|10\n|\n|t:|1776393545\n|move|p1a: Whimsicott|Tailwind|p1a: Whimsicott\n|-sidestart|p1: Rioshoa|move: Tailwind\n|move|p1b: Kangaskhan|Body Slam|p2a: Floette\n|-damage|p2a: Floette|0 fnt\n|faint|p2a: Floette\n|-hitcount|p2: Floette|1\n|move|p2b: Sneasler|Close Combat|p1b: Kangaskhan\n|-supereffective|p1b: Kangaskhan|1\n|-damage|p1b: Kangaskhan|0 fnt\n|-unboost|p2b: Sneasler|def|1\n|-unboost|p2b: Sneasler|spd|1\n|faint|p1b: Kangaskhan\n|-enditem|p2b: Sneasler|White Herb\n|-clearnegativeboost|p2b: Sneasler|[silent]\n|\n|upkeep\n|turn|11\n|\n|t:|1776393568\n|move|p1a: Whimsicott|Moonblast|p2b: Sneasler\n|-damage|p2b: Sneasler|0 fnt\n|faint|p2b: Sneasler\n|\n|win|Rioshoa\n|raw|Rioshoa's rating: 1069 &rarr; <strong>1098</strong><br />(+29 for winning)\n|raw|lebronathanjames's rating: 1062 &rarr; <strong>1043</strong><br />(-19 for losing)\n|c|\u2606Rioshoa|gg\n",
  "uploadtime": 1776393584,
  "views": 26,
  "formatid": "gen9championsvgc2026regma",
  "rating": 1043,
  "private": 0,
  "password": null
}