{
  "id": "gen9championsvgc2026regma-2585302370",
  "format": "[Gen 9 Champions] VGC 2026 Reg M-A",
  "players": [
    "ascasf",
    "zgvuo"
  ],
  "log": "|j|\u2606ascasf\n|j|\u2606zgvuo\n|t:|1776335619\n|gametype|doubles\n|player|p1|ascasf|266|1159\n|player|p2|zgvuo|clerk|1159\n|gen|9\n|tier|[Gen 9 Champions] VGC 2026 Reg M-A\n|rated|\n|rule|Species Clause: Limit one of each Pok\u00e9mon\n|rule|Item Clause: Limit 1 of each item\n|clearpoke\n|poke|p1|Froslass, L50, F|\n|poke|p1|Whimsicott, L50, F|\n|poke|p1|Aerodactyl, L50, M|\n|poke|p1|Basculegion, L50, M|\n|poke|p1|Kingambit, L50, M|\n|poke|p1|Sneasler, L50, F|\n|poke|p2|Meganium, L50, F|\n|poke|p2|Aerodactyl, L50, M|\n|poke|p2|Archaludon, L50, M|\n|poke|p2|Kingambit, L50, F|\n|poke|p2|Slowking-Galar, L50, F|\n|poke|p2|Crabominable, L50, F|\n|teampreview|4\n|inactive|Battle timer is ON: inactive players will automatically lose when time's up. (requested by ascasf)\nascasf rejected open team sheets.\n|\n|t:|1776335664\n|teamsize|p1|4\n|teamsize|p2|4\n|start\n|switch|p1a: Whimsicott|Whimsicott, L50, F|100/100\n|switch|p1b: Sneasler|Sneasler, L50, F|100/100\n|switch|p2a: Aerodactyl|Aerodactyl, L50, M|100/100\n|switch|p2b: Slowking|Slowking-Galar, L50, F, shiny|100/100\n|-ability|p2a: Aerodactyl|Unnerve\n|turn|1\n|\n|t:|1776335681\n|move|p1a: Whimsicott|Tailwind|p1a: Whimsicott\n|-sidestart|p1: ascasf|move: Tailwind\n|move|p1b: Sneasler|U-turn|p2b: Slowking\n|-damage|p2b: Slowking|78/100\n|\n|t:|1776335686\n|switch|p1b: Kingambit|Kingambit, L50, M|100/100|[from] U-turn\n|move|p2a: Aerodactyl|Dual Wingbeat|p1a: Whimsicott|[miss]\n|-miss|p2a: Aerodactyl|p1a: Whimsicott\n|move|p2b: Slowking|Psychic|p1b: Kingambit\n|-immune|p1b: Kingambit\n|\n|-heal|p2b: Slowking|84/100|[from] item: Leftovers\n|upkeep\n|turn|2\n|\n|t:|1776335706\n|move|p1a: Whimsicott|Encore|p2b: Slowking\n|-start|p2b: Slowking|Encore\n|move|p2a: Aerodactyl|Dual Wingbeat|p1a: Whimsicott|[miss]\n|-miss|p2a: Aerodactyl|p1a: Whimsicott\n|move|p1b: Kingambit|Iron Head|p2a: Aerodactyl\n|-supereffective|p2a: Aerodactyl|1\n|-enditem|p2a: Aerodactyl|Focus Sash\n|-damage|p2a: Aerodactyl|1/100\n|move|p2b: Slowking|Psychic|p1a: Whimsicott\n|-damage|p1a: Whimsicott|35/100\n|-unboost|p1a: Whimsicott|spd|1\n|\n|-heal|p2b: Slowking|90/100|[from] item: Leftovers\n|upkeep\n|turn|3\n|inactive|zgvuo has 30 seconds left.\n|\n|t:|1776335741\n|move|p1a: Whimsicott|Moonblast|p2a: Aerodactyl\n|-damage|p2a: Aerodactyl|0 fnt\n|faint|p2a: Aerodactyl\n|move|p1b: Kingambit|Kowtow Cleave|p2b: Slowking\n|-supereffective|p2b: Slowking|1\n|-damage|p2b: Slowking|0 fnt\n|faint|p2b: Slowking\n|\n|upkeep\n|\n|t:|1776335750\n|switch|p2a: Archaludon|Archaludon, L50, M|100/100\n|switch|p2b: Meganium|Meganium, L50, F|100/100\n|turn|4\n|\n|t:|1776335772\n|detailschange|p2b: Meganium|Meganium-Mega, L50, F\n|-mega|p2b: Meganium|Meganium|Meganiumite\n|move|p1a: Whimsicott|Protect|p1a: Whimsicott\n|-singleturn|p1a: Whimsicott|Protect\n|move|p1b: Kingambit|Kowtow Cleave|p2a: Archaludon\n|-damage|p2a: Archaludon|58/100\n|move|p2b: Meganium|Weather Ball|p1b: Kingambit\n|-supereffective|p1b: Kingambit|1\n|-damage|p1b: Kingambit|0 fnt\n|faint|p1b: Kingambit\n|move|p2a: Archaludon|Thunderbolt|p1a: Whimsicott\n|-activate|p1a: Whimsicott|move: Protect\n|\n|-sideend|p1: ascasf|move: Tailwind\n|upkeep\n|\n|t:|1776335788\n|switch|p1b: Froslass|Froslass, L50, F|100/100\n|turn|5\n|\n|t:|1776335795\n|detailschange|p1b: Froslass|Froslass-Mega, L50, F\n|-mega|p1b: Froslass|Froslass|Froslassite\n|-weather|Snowscape|[from] ability: Snow Warning|[of] p1b: Froslass\n|move|p1a: Whimsicott|Tailwind|p1a: Whimsicott\n|-sidestart|p1: ascasf|move: Tailwind\n|move|p1b: Froslass|Aurora Veil|p1b: Froslass\n|-sidestart|p1: ascasf|move: Aurora Veil\n|move|p2b: Meganium|Weather Ball|p1a: Whimsicott\n|-supereffective|p1a: Whimsicott|1\n|-damage|p1a: Whimsicott|0 fnt\n|faint|p1a: Whimsicott\n|move|p2a: Archaludon|Steel Beam|p1b: Froslass\n|-supereffective|p1b: Froslass|1\n|-damage|p1b: Froslass|0 fnt\n|-damage|p2a: Archaludon|8/100|[from] steelbeam\n|-enditem|p2a: Archaludon|Sitrus Berry|[eat]\n|-heal|p2a: Archaludon|32/100|[from] item: Sitrus Berry\n|faint|p1b: Froslass\n|\n|-weather|Snowscape|[upkeep]\n|upkeep\n|\n|t:|1776335813\n|switch|p1a: Sneasler|Sneasler, L50, F|100/100\n|turn|6\n|\n|t:|1776335829\n|move|p2b: Meganium|Protect|p2b: Meganium\n|-singleturn|p2b: Meganium|Protect\n|move|p1a: Sneasler|Dire Claw|p2b: Meganium\n|-activate|p2b: Meganium|move: Protect\n|move|p2a: Archaludon|Dragon Pulse|p1a: Sneasler\n|-damage|p1a: Sneasler|55/100\n|\n|-weather|Snowscape|[upkeep]\n|upkeep\n|turn|7\n|\n|t:|1776335843\n|move|p1a: Sneasler|Close Combat|p2b: Meganium\n|-resisted|p2b: Meganium|1\n|-damage|p2b: Meganium|67/100\n|-unboost|p1a: Sneasler|def|1\n|-unboost|p1a: Sneasler|spd|1\n|move|p2b: Meganium|Weather Ball|p1a: Sneasler\n|-damage|p1a: Sneasler|0 fnt\n|faint|p1a: Sneasler\n|\n|win|zgvuo\n|raw|ascasf's rating: 1159 &rarr; <strong>1134</strong><br />(-25 for losing)\n|raw|zgvuo's rating: 1159 &rarr; <strong>1184</strong><br />(+25 for winning)\n",
  "uploadtime": 1776335852,
  "views": 23,
  "formatid": "gen9championsvgc2026regma",
  "rating": 1134,
  "private": 0,
  "password": null
}