{
  "id": "gen9championsvgc2026regma-2587532995",
  "format": "[Gen 9 Champions] VGC 2026 Reg M-A",
  "players": [
    "Aegis_Toaster",
    "Dextrou_"
  ],
  "log": "|j|\u2606Aegis_Toaster\n|j|\u2606Dextrou_\n|t:|1776539951\n|gametype|doubles\n|player|p1|Aegis_Toaster|flannery|1000\n|player|p2|Dextrou_|brendan-masters|1033\n|gen|9\n|tier|[Gen 9 Champions] VGC 2026 Reg M-A\n|rated|\n|rule|Species Clause: Limit one of each Pok\u00e9mon\n|rule|Item Clause: Limit 1 of each item\n|clearpoke\n|poke|p1|Pinsir, L50, M|\n|poke|p1|Gengar, L50, F|\n|poke|p1|Kommo-o, L50, M|\n|poke|p1|Espathra, L50, M|\n|poke|p1|Incineroar, L50, M|\n|poke|p1|Clefable, L50, M|\n|poke|p2|Drampa, L50, F|\n|poke|p2|Alakazam, L50, F|\n|poke|p2|Pelipper, L50, M|\n|poke|p2|Sinistcha-Masterpiece, L50|\n|poke|p2|Scizor, L50, F|\n|poke|p2|Basculegion, L50, M|\n|teampreview|4\n|inactive|Battle timer is ON: inactive players will automatically lose when time's up. (requested by Dextrou_)\n|\n|t:|1776539971\n|teamsize|p1|4\n|teamsize|p2|4\n|start\n|switch|p1a: Pinsir|Pinsir, L50, M|100/100\n|switch|p1b: Clefable|Clefable, L50, M|100/100\n|switch|p2a: Drampa|Drampa, L50, F|100/100\n|switch|p2b: Alakazam|Alakazam, L50, F|100/100\n|turn|1\n|\n|t:|1776539985\n|detailschange|p1a: Pinsir|Pinsir-Mega, L50, M\n|-mega|p1a: Pinsir|Pinsir|Pinsirite\n|detailschange|p2a: Drampa|Drampa-Mega, L50, F\n|-mega|p2a: Drampa|Drampa|Drampanite\n|move|p2b: Alakazam|Light Screen|p2b: Alakazam\n|-sidestart|p2: Dextrou_|move: Light Screen\n|move|p1a: Pinsir|Lunge|p2b: Alakazam\n|-supereffective|p2b: Alakazam|1\n|-damage|p2b: Alakazam|0 fnt\n|faint|p2b: Alakazam\n|move|p1b: Clefable|Thunder Wave|p2a: Drampa\n|-status|p2a: Drampa|par\n|move|p2a: Drampa|Calm Mind|p2a: Drampa\n|-boost|p2a: Drampa|spa|1\n|-boost|p2a: Drampa|spd|1\n|\n|upkeep\n|\n|t:|1776540000\n|switch|p2b: Pelipper|Pelipper, L50, M|100/100\n|-weather|RainDance|[from] ability: Drizzle|[of] p2b: Pelipper\n|turn|2\n|\n|t:|1776540008\n|move|p1a: Pinsir|Body Slam|p2b: Pelipper\n|-damage|p2b: Pelipper|20/100\n|-status|p2b: Pelipper|par\n|move|p1b: Clefable|Dazzling Gleam|p2a: Drampa|[spread] p2a,p2b\n|-supereffective|p2a: Drampa|1\n|-damage|p2a: Drampa|85/100 par\n|-damage|p2b: Pelipper|0 fnt\n|faint|p2b: Pelipper\n|move|p2a: Drampa|Hyper Voice|p1a: Pinsir|[spread] p1a,p1b\n|-damage|p1a: Pinsir|13/100\n|-damage|p1b: Clefable|38/100\n|\n|-weather|RainDance|[upkeep]\n|upkeep\n|\n|t:|1776540021\n|switch|p2b: Basculegion|Basculegion, L50, M|100/100\n|turn|3\n|\n|t:|1776540029\n|move|p1b: Clefable|Follow Me|p1b: Clefable\n|-singleturn|p1b: Clefable|move: Follow Me\n|move|p2b: Basculegion|Aqua Jet|p1b: Clefable\n|-damage|p1b: Clefable|8/100\n|move|p1a: Pinsir|Body Slam|p2b: Basculegion\n|-damage|p2b: Basculegion|31/100\n|-status|p2b: Basculegion|par\n|move|p2a: Drampa|Hyper Voice|p1a: Pinsir|[spread] p1a,p1b\n|-damage|p1a: Pinsir|0 fnt\n|-damage|p1b: Clefable|0 fnt\n|faint|p1a: Pinsir\n|faint|p1b: Clefable\n|\n|-weather|RainDance|[upkeep]\n|upkeep\n|\n|t:|1776540042\n|switch|p1a: Espathra|Espathra, L50, M|100/100\n|switch|p1b: Kommo-o|Kommo-o, L50, M|100/100\n|turn|4\n|c|\u2606Dextrou_|100% para\n|\n|t:|1776540056\n|move|p1a: Espathra|Protect|p1a: Espathra\n|-singleturn|p1a: Espathra|Protect\n|cant|p2b: Basculegion|par\n|move|p1b: Kommo-o|Clanging Scales|p2b: Basculegion|[spread] p2a,p2b\n|-supereffective|p2a: Drampa|1\n|-damage|p2a: Drampa|57/100 par\n|-damage|p2b: Basculegion|3/100 par\n|-unboost|p1b: Kommo-o|def|1\n|move|p2a: Drampa|Hyper Voice|p1b: Kommo-o|[spread] \n|-activate|p1a: Espathra|move: Protect\n|-immune|p1b: Kommo-o|[from] ability: Soundproof\n|\n|-weather|RainDance|[upkeep]\n|-ability|p1a: Espathra|Speed Boost|boost\n|-boost|p1a: Espathra|spe|1\n|upkeep\n|turn|5\n|\n|t:|1776540078\n|move|p1a: Espathra|Dazzling Gleam|p2b: Basculegion|[spread] p2a,p2b\n|-supereffective|p2a: Drampa|1\n|-damage|p2a: Drampa|42/100 par\n|-damage|p2b: Basculegion|0 fnt\n|faint|p2b: Basculegion\n|-ability|p2a: Drampa|Berserk|boost\n|-boost|p2a: Drampa|spa|1\n|move|p1b: Kommo-o|Clanging Scales|p2a: Drampa\n|-supereffective|p2a: Drampa|1\n|-crit|p2a: Drampa\n|-damage|p2a: Drampa|0 fnt\n|faint|p2a: Drampa\n|\n|win|Aegis_Toaster\n|raw|Aegis_Toaster's rating: 1000 &rarr; <strong>1044</strong><br />(+44 for winning)\n|raw|Dextrou_'s rating: 1033 &rarr; <strong>1017</strong><br />(-16 for losing)\n|l|\u2606Aegis_Toaster\n|player|p1|\n",
  "uploadtime": 1776540095,
  "views": 31,
  "formatid": "gen9championsvgc2026regma",
  "rating": 1017,
  "private": 0,
  "password": null
}