{
  "id": "gen9championsvgc2026regma-2588110290",
  "format": "[Gen 9 Champions] VGC 2026 Reg M-A",
  "players": [
    "horohorovasey",
    "estupendox"
  ],
  "log": "|j|\u2606horohorovasey\n|j|\u2606estupendox\n|t:|1776605384\n|gametype|doubles\n|player|p1|horohorovasey|miku-ghost|1160\n|player|p2|estupendox|102|1069\n|gen|9\n|tier|[Gen 9 Champions] VGC 2026 Reg M-A\n|rated|\n|rule|Species Clause: Limit one of each Pok\u00e9mon\n|rule|Item Clause: Limit 1 of each item\n|clearpoke\n|poke|p1|Gourgeist-Super, L50, M, shiny|\n|poke|p1|Crabominable, L50, F|\n|poke|p1|Tyranitar, L50, F|\n|poke|p1|Incineroar, L50, M|\n|poke|p1|Rotom-Wash, L50|\n|poke|p1|Tinkaton, L50, F|\n|poke|p2|Floette-Eternal, L50, F|\n|poke|p2|Charizard, L50, M|\n|poke|p2|Garchomp, L50, F|\n|poke|p2|Basculegion, L50, M|\n|poke|p2|Sneasler, L50, F|\n|poke|p2|Aerodactyl, L50, M|\n|teampreview|4\n|\n|t:|1776605443\n|teamsize|p1|4\n|teamsize|p2|4\n|start\n|switch|p1a: Goo Goo Dolls|Gourgeist-Super, L50, M, shiny|100/100\n|switch|p1b: Tinkaton|Tinkaton, L50, F|100/100\n|switch|p2a: Charizard|Charizard, L50, M|100/100\n|switch|p2b: Sneasler|Sneasler, L50, F|100/100\n|-ability|p1b: Tinkaton|Mold Breaker\n|-item|p2a: Charizard|Charizardite Y|[from] ability: Frisk|[of] p1a: Goo Goo Dolls\n|-item|p2b: Sneasler|White Herb|[from] ability: Frisk|[of] p1a: Goo Goo Dolls\n|turn|1\n|\n|t:|1776605468\n|detailschange|p2a: Charizard|Charizard-Mega-Y, L50, M\n|-mega|p2a: Charizard|Charizard|Charizardite Y\n|-weather|SunnyDay|[from] ability: Drought|[of] p2a: Charizard\n|move|p1b: Tinkaton|Fake Out|p2a: Charizard\n|-damage|p2a: Charizard|90/100\n|move|p2b: Sneasler|Dire Claw|p1a: Goo Goo Dolls\n|-damage|p1a: Goo Goo Dolls|71/100\n|-status|p1a: Goo Goo Dolls|par\n|cant|p2a: Charizard|flinch\n|move|p1a: Goo Goo Dolls|Trick Room|p1a: Goo Goo Dolls\n|-fieldstart|move: Trick Room|[of] p1a: Goo Goo Dolls\n|\n|-weather|SunnyDay|[upkeep]\n|upkeep\n|turn|2\n|\n|t:|1776605509\n|switch|p1b: Tyranocif|Tyranitar, L50, F|100/100\n|-weather|Sandstorm|[from] ability: Sand Stream|[of] p1b: Tyranocif\n|move|p1a: Goo Goo Dolls|Will-O-Wisp|p2b: Sneasler\n|-status|p2b: Sneasler|brn\n|move|p2a: Charizard|Heat Wave|p1b: Tyranocif|[spread] p1a,p1b\n|-supereffective|p1a: Goo Goo Dolls|1\n|-resisted|p1b: Tyranocif|1\n|-damage|p1a: Goo Goo Dolls|0 fnt\n|-damage|p1b: Tyranocif|85/100\n|faint|p1a: Goo Goo Dolls\n|move|p2b: Sneasler|Dire Claw|p1b: Tyranocif\n|-resisted|p1b: Tyranocif|1\n|-damage|p1b: Tyranocif|77/100\n|\n|-weather|Sandstorm|[upkeep]\n|-damage|p2a: Charizard|84/100|[from] Sandstorm\n|-damage|p2b: Sneasler|95/100 brn|[from] Sandstorm\n|-damage|p2b: Sneasler|89/100 brn|[from] brn\n|upkeep\n|\n|t:|1776605524\n|switch|p1a: Fisterrr|Crabominable, L50, F|100/100\n|turn|3\n|\n|t:|1776605544\n|switch|p2a: Basculegion|Basculegion, L50, M|100/100\n|detailschange|p1a: Fisterrr|Crabominable-Mega, L50, F\n|-mega|p1a: Fisterrr|Crabominable|Crabominite\n|move|p1a: Fisterrr|Ice Hammer|p2b: Sneasler\n|-damage|p2b: Sneasler|0 fnt\n|-unboost|p1a: Fisterrr|spe|1\n|faint|p2b: Sneasler\n|move|p1b: Tyranocif|Rock Slide|p2a: Basculegion\n|-damage|p2a: Basculegion|49/100\n|-enditem|p2a: Basculegion|Sitrus Berry|[eat]\n|-heal|p2a: Basculegion|74/100|[from] item: Sitrus Berry\n|\n|-weather|Sandstorm|[upkeep]\n|-damage|p1a: Fisterrr|95/100|[from] Sandstorm\n|-damage|p2a: Basculegion|68/100|[from] Sandstorm\n|upkeep\n|\n|t:|1776605558\n|switch|p2b: Garchomp|Garchomp, L50, F|100/100\n|turn|4\n|\n|t:|1776605572\n|move|p2b: Garchomp|Protect|p2b: Garchomp\n|-singleturn|p2b: Garchomp|Protect\n|move|p1a: Fisterrr|Ice Hammer|p2b: Garchomp\n|-activate|p2b: Garchomp|move: Protect\n|move|p1b: Tyranocif|Crunch|p2a: Basculegion\n|-supereffective|p2a: Basculegion|1\n|-damage|p2a: Basculegion|0 fnt\n|faint|p2a: Basculegion\n|\n|-weather|Sandstorm|[upkeep]\n|-damage|p1a: Fisterrr|89/100|[from] Sandstorm\n|upkeep\n|\n|t:|1776605583\n|switch|p2a: Charizard|Charizard-Mega-Y, L50, M|84/100\n|-weather|SunnyDay|[from] ability: Drought|[of] p2a: Charizard\n|turn|5\n|\n|t:|1776605603\n|switch|p1b: Tinkaton|Tinkaton, L50, F|100/100\n|-ability|p1b: Tinkaton|Mold Breaker\n|move|p2a: Charizard|Protect|p2a: Charizard\n|-singleturn|p2a: Charizard|Protect\n|move|p2b: Garchomp|Protect||[still]\n|-fail|p2b: Garchomp\n|move|p1a: Fisterrr|Ice Hammer|p2b: Garchomp\n|-supereffective|p2b: Garchomp|2\n|-damage|p2b: Garchomp|0 fnt\n|-unboost|p1a: Fisterrr|spe|1\n|-damage|p1a: Fisterrr|76/100|[from] ability: Rough Skin|[of] p2b: Garchomp\n|faint|p2b: Garchomp\n|\n|-weather|SunnyDay|[upkeep]\n|-fieldend|move: Trick Room\n|upkeep\n|turn|6\n|-message|estupendox forfeited.\n|\n|win|horohorovasey\n|raw|horohorovasey's rating: 1160 &rarr; <strong>1179</strong><br />(+19 for winning)\n|raw|estupendox's rating: 1069 &rarr; <strong>1054</strong><br />(-15 for losing)\n|l|\u2606estupendox\n|player|p2|\n",
  "uploadtime": 1776605682,
  "views": 8,
  "formatid": "gen9championsvgc2026regma",
  "rating": 1054,
  "private": 0,
  "password": null
}