{
  "id": "gen9championsvgc2026regma-2580988006",
  "format": "[Gen 9 Champions] VGC 2026 Reg M-A",
  "players": [
    "JHQF97",
    "Plasma_Live"
  ],
  "log": "|j|\u2606JHQF97\n|j|\u2606Plasma_Live\n|t:|1775949360\n|gametype|doubles\n|player|p1|JHQF97|2|1000\n|player|p2|Plasma_Live|169|1028\n|gen|9\n|tier|[Gen 9 Champions] VGC 2026 Reg M-A\n|rated|\n|rule|Species Clause: Limit one of each Pok\u00e9mon\n|rule|Item Clause: Limit 1 of each item\n|clearpoke\n|poke|p1|Incineroar, L50, F|\n|poke|p1|Milotic, L50, M|\n|poke|p1|Charizard, L50, F|\n|poke|p1|Venusaur, L50, M|\n|poke|p1|Whimsicott, L50, F|\n|poke|p1|Garchomp, L50, M|\n|poke|p2|Chimecho, L50, M|\n|poke|p2|Espathra, L50, F|\n|poke|p2|Volcarona, L50, F|\n|poke|p2|Golurk, L50|\n|poke|p2|Incineroar, L50, F|\n|poke|p2|Alcremie, L50, F|\n|teampreview|4\n|\n|t:|1775949385\n|teamsize|p1|4\n|teamsize|p2|4\n|start\n|switch|p1a: Whimsicott|Whimsicott, L50, F|100/100\n|switch|p1b: Charizard|Charizard, L50, F|100/100\n|switch|p2a: Chimecho|Chimecho, L50, M, shiny|100/100\n|switch|p2b: Incineroar|Incineroar, L50, F, shiny|100/100\n|-ability|p2b: Incineroar|Intimidate|boost\n|-unboost|p1a: Whimsicott|atk|1\n|-unboost|p1b: Charizard|atk|1\n|turn|1\n|\n|t:|1775949412\n|detailschange|p1b: Charizard|Charizard-Mega-Y, L50, F\n|-mega|p1b: Charizard|Charizard|Charizardite Y\n|-weather|SunnyDay|[from] ability: Drought|[of] p1b: Charizard\n|move|p2b: Incineroar|Fake Out|p1b: Charizard\n|-damage|p1b: Charizard|85/100\n|move|p1a: Whimsicott|Tailwind|p1a: Whimsicott\n|-sidestart|p1: JHQF97|move: Tailwind\n|cant|p1b: Charizard|flinch\n|move|p2a: Chimecho|Cosmic Power|p2a: Chimecho\n|-boost|p2a: Chimecho|def|1\n|-boost|p2a: Chimecho|spd|1\n|\n|-weather|SunnyDay|[upkeep]\n|upkeep\n|turn|2\n|\n|t:|1775949437\n|move|p1a: Whimsicott|Helping Hand|p1b: Charizard\n|-singleturn|p1b: Charizard|Helping Hand|[of] p1a: Whimsicott\n|move|p1b: Charizard|Heat Wave|p2b: Incineroar|[spread] p2a,p2b\n|-resisted|p2b: Incineroar|1\n|-damage|p2a: Chimecho|31/100\n|-damage|p2b: Incineroar|53/100\n|move|p2b: Incineroar|Taunt|p1a: Whimsicott\n|-start|p1a: Whimsicott|move: Taunt\n|-enditem|p1a: Whimsicott|Mental Herb\n|-end|p1a: Whimsicott|move: Taunt\n|move|p2a: Chimecho|Cosmic Power|p2a: Chimecho\n|-boost|p2a: Chimecho|def|1\n|-boost|p2a: Chimecho|spd|1\n|\n|-weather|SunnyDay|[upkeep]\n|upkeep\n|turn|3\n|\n|t:|1775949477\n|move|p1a: Whimsicott|Helping Hand|p1b: Charizard\n|-singleturn|p1b: Charizard|Helping Hand|[of] p1a: Whimsicott\n|move|p1b: Charizard|Heat Wave|p2b: Incineroar|[spread] p2b\n|-miss|p1b: Charizard|p2a: Chimecho\n|-resisted|p2b: Incineroar|1\n|-damage|p2b: Incineroar|3/100\n|-enditem|p2b: Incineroar|Sitrus Berry|[eat]\n|-heal|p2b: Incineroar|28/100|[from] item: Sitrus Berry\n|move|p2b: Incineroar|Parting Shot|p1b: Charizard\n|-unboost|p1b: Charizard|atk|1\n|-unboost|p1b: Charizard|spa|1\n|inactive|Battle timer is ON: inactive players will automatically lose when time's up. (requested by JHQF97)\n|inactive|Plasma_Live has 60 seconds left.\n|\n|t:|1775949509\n|switch|p2b: Espathra|Espathra, L50, F, shiny|100/100|[from] Parting Shot\n|move|p2a: Chimecho|Recover|p2a: Chimecho\n|-heal|p2a: Chimecho|81/100\n|\n|-weather|SunnyDay|[upkeep]\n|upkeep\n|turn|4\n|inactive|JHQF97 has 30 seconds left.\n|inactive|Plasma_Live has 30 seconds left.\n|\n|t:|1775949552\n|switch|p1b: Incineroar|Incineroar, L50, F|100/100\n|-ability|p1b: Incineroar|Intimidate|boost\n|-unboost|p2a: Chimecho|atk|1\n|-unboost|p2b: Espathra|atk|1\n|move|p1a: Whimsicott|Protect|p1a: Whimsicott\n|-singleturn|p1a: Whimsicott|Protect\n|move|p2b: Espathra|Protect|p2b: Espathra\n|-singleturn|p2b: Espathra|Protect\n|move|p2a: Chimecho|Recover|p2a: Chimecho\n|-heal|p2a: Chimecho|100/100\n|\n|-weather|SunnyDay|[upkeep]\n|-sideend|p1: JHQF97|move: Tailwind\n|-ability|p2b: Espathra|Speed Boost|boost\n|-boost|p2b: Espathra|spe|1\n|upkeep\n|turn|5\n|\n|t:|1775949575\n|switch|p2b: Incineroar|Incineroar, L50, F, shiny|28/100\n|-ability|p2b: Incineroar|Intimidate|boost\n|-unboost|p1a: Whimsicott|atk|1\n|-unboost|p1b: Incineroar|atk|1\n|move|p1b: Incineroar|Fake Out|p2b: Incineroar\n|-damage|p2b: Incineroar|22/100\n|move|p1a: Whimsicott|Tailwind|p1a: Whimsicott\n|-sidestart|p1: JHQF97|move: Tailwind\n|move|p2a: Chimecho|Cosmic Power|p2a: Chimecho\n|-boost|p2a: Chimecho|def|1\n|-boost|p2a: Chimecho|spd|1\n|\n|-weather|none\n|upkeep\n|turn|6\n|inactive|JHQF97 has 30 seconds left.\n|\n|t:|1775949605\n|switch|p1a: Charizard|Charizard-Mega-Y, L50, F|85/100\n|-weather|SunnyDay|[from] ability: Drought|[of] p1a: Charizard\n|move|p1b: Incineroar|Parting Shot|p2a: Chimecho\n|-unboost|p2a: Chimecho|atk|1\n|-unboost|p2a: Chimecho|spa|1\n|\n|t:|1775949623\n|switch|p1b: Whimsicott|Whimsicott, L50, F|100/100|[from] Parting Shot\n|move|p2b: Incineroar|Taunt|p1a: Charizard\n|-start|p1a: Charizard|move: Taunt\n|move|p2a: Chimecho|Cosmic Power|p2a: Chimecho\n|-boost|p2a: Chimecho|def|1\n|-boost|p2a: Chimecho|spd|1\n|\n|-weather|SunnyDay|[upkeep]\n|upkeep\n|turn|7\n|inactive|JHQF97 has 30 seconds left.\n|\n|t:|1775949652\n|move|p1b: Whimsicott|Helping Hand|p1a: Charizard\n|-singleturn|p1a: Charizard|Helping Hand|[of] p1b: Whimsicott\n|move|p1a: Charizard|Heat Wave|p2b: Incineroar|[spread] p2a,p2b\n|-resisted|p2b: Incineroar|1\n|-damage|p2a: Chimecho|67/100\n|-damage|p2b: Incineroar|0 fnt\n|faint|p2b: Incineroar\n|move|p2a: Chimecho|Cosmic Power|p2a: Chimecho\n|-boost|p2a: Chimecho|def|1\n|-boost|p2a: Chimecho|spd|1\n|\n|-weather|SunnyDay|[upkeep]\n|upkeep\n|\n|t:|1775949670\n|switch|p2b: Volcarona|Volcarona, L50, F, shiny|100/100\n|turn|8\n|\n|t:|1775949686\n|switch|p1a: Incineroar|Incineroar, L50, F|100/100\n|-ability|p1a: Incineroar|Intimidate|boost\n|-unboost|p2a: Chimecho|atk|1\n|-unboost|p2b: Volcarona|atk|1\n|move|p1b: Whimsicott|Protect|p1b: Whimsicott\n|-singleturn|p1b: Whimsicott|Protect\n|move|p2b: Volcarona|Tailwind|p2b: Volcarona\n|-sidestart|p2: Plasma_Live|move: Tailwind\n|move|p2a: Chimecho|Cosmic Power|p2a: Chimecho\n|-boost|p2a: Chimecho|def|1\n|-boost|p2a: Chimecho|spd|1\n|\n|-weather|SunnyDay|[upkeep]\n|-sideend|p1: JHQF97|move: Tailwind\n|upkeep\n|turn|9\n|inactive|Plasma_Live has 30 seconds left.\n|\n|t:|1775949715\n|move|p1a: Incineroar|Fake Out|p2b: Volcarona\n|-damage|p2b: Volcarona|86/100\n|cant|p2b: Volcarona|flinch\n|move|p1b: Whimsicott|Tailwind|p1b: Whimsicott\n|-sidestart|p1: JHQF97|move: Tailwind\n|move|p2a: Chimecho|Charge Beam|p1a: Incineroar\n|-damage|p1a: Incineroar|95/100\n|-boost|p2a: Chimecho|spa|1\n|\n|-weather|SunnyDay|[upkeep]\n|upkeep\n|turn|10\n|\n|t:|1775949737\n|move|p1b: Whimsicott|Protect|p1b: Whimsicott\n|-singleturn|p1b: Whimsicott|Protect\n|move|p2b: Volcarona|Rage Powder|p2b: Volcarona\n|-singleturn|p2b: Volcarona|move: Rage Powder\n|move|p2a: Chimecho|Charge Beam|p1a: Incineroar\n|-damage|p1a: Incineroar|87/100\n|move|p1a: Incineroar|Parting Shot|p2b: Volcarona\n|-unboost|p2b: Volcarona|atk|1\n|-unboost|p2b: Volcarona|spa|1\n|\n|t:|1775949753\n|switch|p1a: Milotic|Milotic, L50, M|100/100|[from] Parting Shot\n|\n|-weather|none\n|upkeep\n|turn|11\n|inactive|JHQF97 has 30 seconds left.\n|inactive|Plasma_Live has 30 seconds left.\n|\n|t:|1775949795\n|switch|p1b: Incineroar|Incineroar, L50, F|87/100\n|-ability|p1b: Incineroar|Intimidate|boost\n|-unboost|p2a: Chimecho|atk|1\n|-unboost|p2b: Volcarona|atk|1\n|detailschange|p2a: Chimecho|Chimecho-Mega, L50, M, shiny\n|-mega|p2a: Chimecho|Chimecho|Chimechite\n|move|p2b: Volcarona|Rage Powder|p2b: Volcarona\n|-singleturn|p2b: Volcarona|move: Rage Powder\n|move|p1a: Milotic|Scald|p2b: Volcarona\n|-supereffective|p2b: Volcarona|1\n|-damage|p2b: Volcarona|20/100\n|move|p2a: Chimecho|Stored Power|p1a: Milotic\n|-damage|p1a: Milotic|5/100\n|\n|-heal|p1a: Milotic|10/100|[from] item: Leftovers\n|-sideend|p2: Plasma_Live|move: Tailwind\n|upkeep\n|turn|12\n|inactive|Plasma_Live has 30 seconds left.\n|\n|t:|1775949831\n|move|p1b: Incineroar|Fake Out|p2a: Chimecho\n|-resisted|p2a: Chimecho|1\n|-damage|p2a: Chimecho|66/100\n|move|p2b: Volcarona|Rage Powder|p2b: Volcarona\n|-singleturn|p2b: Volcarona|move: Rage Powder\n|move|p1a: Milotic|Scald|p2b: Volcarona\n|-supereffective|p2b: Volcarona|1\n|-damage|p2b: Volcarona|0 fnt\n|faint|p2b: Volcarona\n|cant|p2a: Chimecho|flinch\n|\n|-heal|p1a: Milotic|16/100|[from] item: Leftovers\n|-sideend|p1: JHQF97|move: Tailwind\n|upkeep\n|\n|t:|1775949837\n|switch|p2b: Espathra|Espathra, L50, F, shiny|100/100\n|turn|13\n|inactive|JHQF97 has 30 seconds left.\n|inactive|JHQF97 has 20 seconds left.\n|inactive|JHQF97 has 15 seconds left.\n|inactive|JHQF97 has 10 seconds left.\n|inactive|JHQF97 has 5 seconds left.\n|\n|t:|1775949889\n|switch|p1a: Whimsicott|Whimsicott, L50, F|100/100\n|move|p1b: Incineroar|Protect|p1b: Incineroar\n|-singleturn|p1b: Incineroar|Protect\n|move|p2b: Espathra|Psych Up|p2a: Chimecho\n|-copyboost|p2b: Espathra|p2a: Chimecho|[from] move: Psych Up\n|move|p2a: Chimecho|Recover|p2a: Chimecho\n|-heal|p2a: Chimecho|100/100\n|\n|-ability|p2b: Espathra|Speed Boost|boost\n|-boost|p2b: Espathra|spe|1\n|upkeep\n|turn|14\n|inactive|JHQF97 has 30 seconds left.\n|inactive|Plasma_Live has 30 seconds left.\n|inactive|JHQF97 has 20 seconds left.\n|inactive|Plasma_Live has 20 seconds left.\n|inactive|JHQF97 has 15 seconds left.\n|inactive|Plasma_Live has 15 seconds left.\n|\n|t:|1775949934\n|move|p1a: Whimsicott|Tailwind|p1a: Whimsicott\n|-sidestart|p1: JHQF97|move: Tailwind\n|move|p2b: Espathra|Dazzling Gleam|p1b: Incineroar|[spread] p1a,p1b\n|-damage|p1a: Whimsicott|72/100\n|-damage|p1b: Incineroar|73/100\n|move|p1b: Incineroar|Flare Blitz|p2b: Espathra\n|-damage|p2b: Espathra|81/100\n|-damage|p1b: Incineroar|67/100|[from] Recoil\n|move|p2a: Chimecho|Stored Power|p1a: Whimsicott\n|-damage|p1a: Whimsicott|0 fnt\n|faint|p1a: Whimsicott\n|\n|-ability|p2b: Espathra|Speed Boost|boost\n|-boost|p2b: Espathra|spe|1\n|upkeep\n|\n|t:|1775949953\n|switch|p1a: Milotic|Milotic, L50, M|16/100\n|turn|15\n|\n|t:|1775949964\n|move|p2b: Espathra|Dazzling Gleam|p1a: Milotic|[spread] p1a,p1b\n|-damage|p1a: Milotic|0 fnt\n|-damage|p1b: Incineroar|54/100\n|faint|p1a: Milotic\n|move|p1b: Incineroar|Parting Shot|p2a: Chimecho\n|-unboost|p2a: Chimecho|atk|1\n|-unboost|p2a: Chimecho|spa|1\n|\n|t:|1775949971\n|switch|p1b: Charizard|Charizard-Mega-Y, L50, F|85/100|[from] Parting Shot\n|-weather|SunnyDay|[from] ability: Drought|[of] p1b: Charizard\n|move|p2a: Chimecho|Charge Beam|p1b: Charizard\n|-supereffective|p1b: Charizard|1\n|-damage|p1b: Charizard|63/100\n|-boost|p2a: Chimecho|spa|1\n|\n|-weather|SunnyDay|[upkeep]\n|-ability|p2b: Espathra|Speed Boost|boost\n|-boost|p2b: Espathra|spe|1\n|upkeep\n|\n|t:|1775949983\n|switch|p1a: Incineroar|Incineroar, L50, F|54/100\n|-ability|p1a: Incineroar|Intimidate|boost\n|-unboost|p2a: Chimecho|atk|1\n|-unboost|p2b: Espathra|atk|1\n|turn|16\n|\n|t:|1775949994\n|move|p2b: Espathra|Stored Power|p1b: Charizard\n|-damage|p1b: Charizard|0 fnt\n|faint|p1b: Charizard\n|move|p1a: Incineroar|Flare Blitz|p2a: Chimecho\n|-supereffective|p2a: Chimecho|1\n|-damage|p2a: Chimecho|69/100\n|-damage|p1a: Incineroar|47/100|[from] Recoil\n|-enditem|p1a: Incineroar|Sitrus Berry|[eat]\n|-heal|p1a: Incineroar|71/100|[from] item: Sitrus Berry\n|move|p2a: Chimecho|Charge Beam|p1a: Incineroar\n|-damage|p1a: Incineroar|60/100\n|-boost|p2a: Chimecho|spa|1\n|\n|-weather|SunnyDay|[upkeep]\n|-ability|p2b: Espathra|Speed Boost|boost\n|-boost|p2b: Espathra|spe|1\n|upkeep\n|turn|17\n|-message|JHQF97 forfeited.\n|\n|win|Plasma_Live\n|raw|JHQF97's rating: 1000 &rarr; <strong>1000</strong><br />(+0 for losing)\n|raw|Plasma_Live's rating: 1028 &rarr; <strong>1061</strong><br />(+33 for winning)\n|l|\u2606JHQF97\n|player|p1|\n",
  "uploadtime": 1775950025,
  "views": 39,
  "formatid": "gen9championsvgc2026regma",
  "rating": 1000,
  "private": 0,
  "password": null
}