{
  "id": "gen9championsvgc2026regma-2583946417",
  "format": "[Gen 9 Champions] VGC 2026 Reg M-A",
  "players": [
    "Zarato",
    "hgtrhrtyujhrte"
  ],
  "log": "|j|\u2606Zarato\n|j|\u2606hgtrhrtyujhrte\n|t:|1776210712\n|gametype|doubles\n|player|p1|Zarato|n|1156\n|player|p2|hgtrhrtyujhrte|101|1238\n|gen|9\n|tier|[Gen 9 Champions] VGC 2026 Reg M-A\n|rated|\n|rule|Species Clause: Limit one of each Pok\u00e9mon\n|rule|Item Clause: Limit 1 of each item\n|clearpoke\n|poke|p1|Weavile, L50, M|\n|poke|p1|Glaceon, L50, M|\n|poke|p1|Froslass, L50, F|\n|poke|p1|Incineroar, L50, M|\n|poke|p1|Sinistcha, L50|\n|poke|p1|Sneasler, L50, M|\n|poke|p2|Sableye, L50, F|\n|poke|p2|Archaludon, L50, M|\n|poke|p2|Garchomp, L50, F|\n|poke|p2|Incineroar, L50, F|\n|poke|p2|Blastoise, L50, F|\n|poke|p2|Skarmory, L50, M|\n|teampreview|4\n|inactive|Battle timer is ON: inactive players will automatically lose when time's up. (requested by Zarato)\nZarato has agreed to open team sheets.\n|\n|t:|1776210729\n|teamsize|p1|4\n|teamsize|p2|4\n|start\n|switch|p1a: Weavile|Weavile, L50, M|100/100\n|switch|p1b: Froslass|Froslass, L50, F|100/100\n|switch|p2a: Sableye|Sableye, L50, F|100/100\n|switch|p2b: Archaludon|Archaludon, L50, M|100/100\n|-ability|p1a: Weavile|Pressure\n|turn|1\n|\n|t:|1776210742\n|detailschange|p1b: Froslass|Froslass-Mega, L50, F\n|-mega|p1b: Froslass|Froslass|Froslassite\n|-weather|Snowscape|[from] ability: Snow Warning|[of] p1b: Froslass\n|move|p2a: Sableye|Rain Dance|p2a: Sableye\n|-weather|RainDance\n|move|p1b: Froslass|Shadow Ball|p2b: Archaludon\n|-damage|p2b: Archaludon|45/100\n|-ability|p2b: Archaludon|Stamina|boost\n|-boost|p2b: Archaludon|def|1\n|move|p1a: Weavile|Knock Off|p2a: Sableye\n|-damage|p2a: Sableye|23/100\n|-enditem|p2a: Sableye|Sitrus Berry|[from] move: Knock Off|[of] p1a: Weavile\n|move|p2b: Archaludon|Flash Cannon|p1b: Froslass\n|-supereffective|p1b: Froslass|1\n|-damage|p1b: Froslass|0 fnt\n|faint|p1b: Froslass\n|\n|-weather|RainDance|[upkeep]\n|-heal|p2b: Archaludon|51/100|[from] item: Leftovers\n|upkeep\n|inactive|Zarato has 30 seconds left.\n|\n|t:|1776210775\n|switch|p1b: Sneasler|Sneasler, L50, M|100/100\n|turn|2\n|\n|t:|1776210799\n|move|p1b: Sneasler|Fake Out|p2b: Archaludon\n|-resisted|p2b: Archaludon|1\n|-damage|p2b: Archaludon|48/100\n|-ability|p2b: Archaludon|Stamina|boost\n|-boost|p2b: Archaludon|def|1\n|move|p2a: Sableye|Will-O-Wisp|p1b: Sneasler\n|-status|p1b: Sneasler|brn\n|move|p1a: Weavile|Icicle Crash|p2b: Archaludon\n|-damage|p2b: Archaludon|31/100\n|-ability|p2b: Archaludon|Stamina|boost\n|-boost|p2b: Archaludon|def|1\n|cant|p2b: Archaludon|flinch\n|\n|-weather|RainDance|[upkeep]\n|-heal|p2b: Archaludon|37/100|[from] item: Leftovers\n|-damage|p1b: Sneasler|95/100 brn|[from] brn\n|upkeep\n|turn|3\n|\n|t:|1776210824\n|move|p2a: Sableye|Quash|p1b: Sneasler\n|-activate|p1b: Sneasler|move: Quash\n|move|p1a: Weavile|Knock Off|p2a: Sableye\n|-damage|p2a: Sableye|0 fnt\n|faint|p2a: Sableye\n|move|p2b: Archaludon|Flash Cannon|p1a: Weavile\n|-supereffective|p1a: Weavile|1\n|-enditem|p1a: Weavile|Focus Sash\n|-damage|p1a: Weavile|1/100\n|move|p1b: Sneasler|Close Combat|p2b: Archaludon\n|-supereffective|p2b: Archaludon|1\n|-damage|p2b: Archaludon|19/100\n|-unboost|p1b: Sneasler|def|1\n|-unboost|p1b: Sneasler|spd|1\n|-ability|p2b: Archaludon|Stamina|boost\n|-boost|p2b: Archaludon|def|1\n|-enditem|p1b: Sneasler|White Herb\n|-clearnegativeboost|p1b: Sneasler|[silent]\n|\n|-weather|RainDance|[upkeep]\n|-heal|p2b: Archaludon|25/100|[from] item: Leftovers\n|-damage|p1b: Sneasler|89/100 brn|[from] brn\n|upkeep\n|\n|t:|1776210841\n|switch|p2a: Blastoise|Blastoise, L50, F|100/100\n|turn|4\n|\n|t:|1776210850\n|move|p1b: Sneasler|Protect|p1b: Sneasler\n|-singleturn|p1b: Sneasler|Protect\n|move|p2b: Archaludon|Protect|p2b: Archaludon\n|-singleturn|p2b: Archaludon|Protect\n|move|p1a: Weavile|Ice Shard|p2a: Blastoise\n|-resisted|p2a: Blastoise|1\n|-damage|p2a: Blastoise|88/100\n|move|p2a: Blastoise|Shell Smash|p2a: Blastoise\n|-unboost|p2a: Blastoise|def|1\n|-unboost|p2a: Blastoise|spd|1\n|-boost|p2a: Blastoise|atk|2\n|-boost|p2a: Blastoise|spa|2\n|-boost|p2a: Blastoise|spe|2\n|-enditem|p2a: Blastoise|White Herb\n|-clearnegativeboost|p2a: Blastoise|[silent]\n|\n|-weather|RainDance|[upkeep]\n|-heal|p2a: Blastoise|94/100|[from] ability: Rain Dish\n|-heal|p2b: Archaludon|31/100|[from] item: Leftovers\n|-damage|p1b: Sneasler|83/100 brn|[from] brn\n|upkeep\n|turn|5\n|\n|t:|1776210874\n|move|p1a: Weavile|Ice Shard|p2a: Blastoise\n|-resisted|p2a: Blastoise|1\n|-damage|p2a: Blastoise|81/100\n|move|p1b: Sneasler|Dire Claw|p2a: Blastoise\n|-crit|p2a: Blastoise\n|-damage|p2a: Blastoise|43/100\n|move|p2a: Blastoise|Muddy Water|p1b: Sneasler|[spread] p1a,p1b\n|-damage|p1a: Weavile|0 fnt\n|-damage|p1b: Sneasler|0 fnt\n|faint|p1a: Weavile\n|faint|p1b: Sneasler\n|move|p2b: Archaludon|Flash Cannon|p1: Weavile|[notarget]\n|-fail|p2b: Archaludon\n|\n|-weather|none\n|-heal|p2b: Archaludon|37/100|[from] item: Leftovers\n|upkeep\n|\n|t:|1776210884\n|switch|p1a: Sinistcha|Sinistcha, L50|100/100\n|turn|6\n|\n|t:|1776210899\n|move|p2a: Blastoise|Ice Beam|p1a: Sinistcha\n|-supereffective|p1a: Sinistcha|1\n|-damage|p1a: Sinistcha|11/100\n|move|p2b: Archaludon|Draco Meteor|p1a: Sinistcha\n|-damage|p1a: Sinistcha|0 fnt\n|-unboost|p2b: Archaludon|spa|2\n|faint|p1a: Sinistcha\n|\n|win|hgtrhrtyujhrte\n|raw|Zarato's rating: 1156 &rarr; <strong>1137</strong><br />(-19 for losing)\n|raw|hgtrhrtyujhrte's rating: 1238 &rarr; <strong>1257</strong><br />(+19 for winning)\n",
  "uploadtime": 1776210909,
  "views": 21,
  "formatid": "gen9championsvgc2026regma",
  "rating": 1137,
  "private": 0,
  "password": null
}