{
  "id": "gen9championsvgc2026regma-2588410564",
  "format": "[Gen 9 Champions] VGC 2026 Reg M-A",
  "players": [
    "beefyneck",
    "nmq0901"
  ],
  "log": "|j|\u2606beefyneck\n|j|\u2606nmq0901\n|t:|1776631195\n|gametype|doubles\n|player|p1|beefyneck|pokemonbreeder-gen4|1094\n|player|p2|nmq0901|170|1044\n|gen|9\n|tier|[Gen 9 Champions] VGC 2026 Reg M-A\n|rated|\n|rule|Species Clause: Limit one of each Pok\u00e9mon\n|rule|Item Clause: Limit 1 of each item\n|clearpoke\n|poke|p1|Conkeldurr, L50, F|\n|poke|p1|Scovillain, L50, F|\n|poke|p1|Pelipper, L50, F|\n|poke|p1|Basculegion, L50, M|\n|poke|p1|Gardevoir, L50, M|\n|poke|p1|Incineroar, L50, F|\n|poke|p2|Feraligatr, L50, M|\n|poke|p2|Aggron, L50, M|\n|poke|p2|Alakazam, L50, M|\n|poke|p2|Whimsicott, L50, F|\n|poke|p2|Pelipper, L50, F|\n|poke|p2|Tyranitar, L50, M|\n|teampreview|4\n|\n|t:|1776631237\n|teamsize|p1|4\n|teamsize|p2|4\n|start\n|switch|p1a: Incineroar|Incineroar, L50, F|100/100\n|switch|p1b: Gardevoir|Gardevoir, L50, M|100/100\n|switch|p2a: Aggron|Aggron, L50, M|100/100\n|switch|p2b: Alakazam|Alakazam, L50, M|100/100\n|-ability|p1a: Incineroar|Intimidate|boost\n|-unboost|p2a: Aggron|atk|1\n|-fail|p2b: Alakazam|unboost|Attack|[from] ability: Inner Focus|[of] p2b: Alakazam\n|turn|1\n|inactive|Battle timer is ON: inactive players will automatically lose when time's up. (requested by beefyneck)\n|\n|t:|1776631262\n|detailschange|p2a: Aggron|Aggron-Mega, L50, M\n|-mega|p2a: Aggron|Aggron|Aggronite\n|move|p1a: Incineroar|Fake Out|p2a: Aggron\n|-resisted|p2a: Aggron|1\n|-damage|p2a: Aggron|98/100\n|move|p2b: Alakazam|Speed Swap|p2a: Aggron\n|-activate|p2b: Alakazam|move: Speed Swap|[of] p2a: Aggron\n|cant|p2a: Aggron|flinch\n|move|p1b: Gardevoir|Trick Room|p1b: Gardevoir\n|-fieldstart|move: Trick Room|[of] p1b: Gardevoir\n|\n|upkeep\n|turn|2\n|inactive|beefyneck has 30 seconds left.\n|\n|t:|1776631292\n|switch|p1b: Conkeldurr|Conkeldurr, L50, F|100/100\n|move|p1a: Incineroar|Flare Blitz|p2b: Alakazam\n|-enditem|p2b: Alakazam|Focus Sash\n|-damage|p2b: Alakazam|1/100\n|-damage|p1a: Incineroar|79/100|[from] Recoil\n|move|p2a: Aggron|Iron Defense|p2a: Aggron\n|-boost|p2a: Aggron|def|2\n|move|p2b: Alakazam|Trick Room|p2b: Alakazam\n|-fieldend|move: Trick Room\n|\n|upkeep\n|turn|3\n|inactive|nmq0901 has 30 seconds left.\n|\n|t:|1776631319\n|switch|p1a: Basculegion|Basculegion, L50, M|100/100\n|switch|p2b: Pelipper|Pelipper, L50, F|100/100\n|-weather|RainDance|[from] ability: Drizzle|[of] p2b: Pelipper\n|move|p1b: Conkeldurr|Mach Punch|p2b: Pelipper\n|-resisted|p2b: Pelipper|1\n|-damage|p2b: Pelipper|83/100\n|move|p2a: Aggron|Body Press|p1a: Basculegion\n|-immune|p1a: Basculegion\n|\n|-weather|RainDance|[upkeep]\n|-heal|p2b: Pelipper|89/100|[from] item: Leftovers\n|upkeep\n|turn|4\n|inactive|beefyneck has 30 seconds left.\n|inactive|nmq0901 has 30 seconds left.\n|inactive|beefyneck has 20 seconds left.\n|inactive|nmq0901 has 20 seconds left.\n|\n|t:|1776631363\n|move|p1a: Basculegion|Wave Crash|p2b: Pelipper\n|-resisted|p2b: Pelipper|1\n|-damage|p2b: Pelipper|21/100\n|-damage|p1a: Basculegion|85/100|[from] Recoil\n|move|p2a: Aggron|Heavy Slam|p1a: Basculegion\n|-resisted|p1a: Basculegion|1\n|-damage|p1a: Basculegion|70/100\n|move|p2b: Pelipper|Hurricane|p1a: Basculegion\n|-damage|p1a: Basculegion|21/100\n|move|p1b: Conkeldurr|Drain Punch|p2a: Aggron\n|-supereffective|p2a: Aggron|1\n|-damage|p2a: Aggron|80/100\n|\n|-weather|RainDance|[upkeep]\n|-heal|p2b: Pelipper|27/100|[from] item: Leftovers\n|upkeep\n|turn|5\n|inactive|beefyneck has 30 seconds left.\n|inactive|nmq0901 has 30 seconds left.\n|inactive|beefyneck has 20 seconds left.\n|inactive|beefyneck has 15 seconds left.\n|\n|t:|1776631405\n|move|p1a: Basculegion|Wave Crash|p2a: Aggron\n|-crit|p2a: Aggron\n|-damage|p2a: Aggron|12/100\n|-damage|p1a: Basculegion|1/100|[from] Recoil\n|move|p2a: Aggron|Iron Defense|p2a: Aggron\n|-boost|p2a: Aggron|def|2\n|move|p2b: Pelipper|Hurricane|p1a: Basculegion\n|-damage|p1a: Basculegion|0 fnt\n|faint|p1a: Basculegion\n|move|p1b: Conkeldurr|Thunder Punch|p2b: Pelipper\n|-supereffective|p2b: Pelipper|2\n|-damage|p2b: Pelipper|0 fnt\n|faint|p2b: Pelipper\n|\n|-weather|RainDance|[upkeep]\n|upkeep\n|\n|t:|1776631422\n|switch|p1a: Incineroar|Incineroar, L50, F|79/100\n|switch|p2b: Whimsicott|Whimsicott, L50, F|100/100\n|-ability|p1a: Incineroar|Intimidate|boost\n|-unboost|p2a: Aggron|atk|1\n|-unboost|p2b: Whimsicott|atk|1\n|turn|6\n|inactive|beefyneck has 30 seconds left.\n|inactive|beefyneck has 20 seconds left.\n|inactive|beefyneck has 15 seconds left.\n|\n|t:|1776631462\n|move|p1a: Incineroar|Fake Out|p2b: Whimsicott\n|-damage|p2b: Whimsicott|89/100\n|cant|p2b: Whimsicott|flinch\n|move|p2a: Aggron|Body Press|p1a: Incineroar\n|-supereffective|p1a: Incineroar|1\n|-crit|p1a: Incineroar\n|-damage|p1a: Incineroar|0 fnt\n|faint|p1a: Incineroar\n|move|p1b: Conkeldurr|Drain Punch|p2a: Aggron\n|-supereffective|p2a: Aggron|1\n|-damage|p2a: Aggron|2/100\n|\n|-weather|RainDance|[upkeep]\n|upkeep\n|\n|t:|1776631476\n|switch|p1a: Gardevoir|Gardevoir, L50, M|100/100\n|turn|7\n|inactive|beefyneck has 30 seconds left.\n|\n|t:|1776631502\n|detailschange|p1a: Gardevoir|Gardevoir-Mega, L50, M\n|-mega|p1a: Gardevoir|Gardevoir|Gardevoirite\n|move|p2b: Whimsicott|Tailwind|p2b: Whimsicott\n|-sidestart|p2: nmq0901|move: Tailwind\n|move|p2a: Aggron|Heavy Slam|p1a: Gardevoir\n|-supereffective|p1a: Gardevoir|1\n|-damage|p1a: Gardevoir|33/100\n|move|p1b: Conkeldurr|Drain Punch|p2a: Aggron\n|-supereffective|p2a: Aggron|1\n|-damage|p2a: Aggron|0 fnt\n|faint|p2a: Aggron\n|move|p1a: Gardevoir|Trick Room|p1a: Gardevoir\n|-fieldstart|move: Trick Room|[of] p1a: Gardevoir\n|\n|-weather|none\n|upkeep\n|\n|t:|1776631516\n|switch|p2a: Alakazam|Alakazam, L50, M|1/100\n|turn|8\n|\n|t:|1776631530\n|move|p2b: Whimsicott|Encore|p1a: Gardevoir\n|-start|p1a: Gardevoir|Encore\n|move|p1b: Conkeldurr|Drain Punch|p2b: Whimsicott\n|-resisted|p2b: Whimsicott|1\n|-damage|p2b: Whimsicott|60/100\n|move|p2a: Alakazam|Psychic|p1b: Conkeldurr\n|-supereffective|p1b: Conkeldurr|1\n|-damage|p1b: Conkeldurr|0 fnt\n|faint|p1b: Conkeldurr\n|move|p1a: Gardevoir|Trick Room|p1a: Gardevoir\n|-fieldend|move: Trick Room\n|\n|upkeep\n|turn|9\n|-message|beefyneck forfeited.\n|\n|win|nmq0901\n|raw|beefyneck's rating: 1094 &rarr; <strong>1066</strong><br />(-28 for losing)\n|raw|nmq0901's rating: 1044 &rarr; <strong>1082</strong><br />(+38 for winning)\n|l|\u2606beefyneck\n|player|p1|\n",
  "uploadtime": 1776631554,
  "views": 13,
  "formatid": "gen9championsvgc2026regma",
  "rating": 1066,
  "private": 0,
  "password": null
}