{
  "id": "gen9championsvgc2026regma-2584188568",
  "format": "[Gen 9 Champions] VGC 2026 Reg M-A",
  "players": [
    "Pyro.D.Mario",
    "Zeroarck76"
  ],
  "log": "|j|\u2606Pyro.D.Mario\n|j|\u2606Zeroarck76\n|t:|1776236009\n|gametype|doubles\n|player|p1|Pyro.D.Mario|265|1090\n|player|p2|Zeroarck76|petrel|1039\n|gen|9\n|tier|[Gen 9 Champions] VGC 2026 Reg M-A\n|rated|\n|rule|Species Clause: Limit one of each Pok\u00e9mon\n|rule|Item Clause: Limit 1 of each item\n|clearpoke\n|poke|p1|Sableye, L50, M|\n|poke|p1|Garchomp, L50, M|\n|poke|p1|Espathra, L50, F|\n|poke|p1|Lucario, L50, M|\n|poke|p1|Gardevoir, L50, M|\n|poke|p1|Chandelure, L50, M|\n|poke|p2|Crabominable, L50, F|\n|poke|p2|Farigiraf, L50, F|\n|poke|p2|Torkoal, L50, F|\n|poke|p2|Sinistcha, L50|\n|poke|p2|Gallade, L50, M|\n|poke|p2|Sableye, L50, F|\n|teampreview|4\n|inactive|Battle timer is ON: inactive players will automatically lose when time's up. (requested by Pyro.D.Mario)\n|inactive|Pyro.D.Mario has 60 seconds left.\n|inactive|Zeroarck76 has 60 seconds left.\n|inactive|Zeroarck76 has 30 seconds left.\n|inactive|Zeroarck76 has 20 seconds left.\n|inactive|Zeroarck76 has 15 seconds left.\n|\n|t:|1776236090\n|teamsize|p1|4\n|teamsize|p2|4\n|start\n|switch|p1a: Sableye|Sableye, L50, M, shiny|100/100\n|switch|p1b: Chandelure|Chandelure, L50, M, shiny|100/100\n|switch|p2a: Farigiraf|Farigiraf, L50, F|100/100\n|switch|p2b: Gallade|Gallade, L50, M|100/100\n|turn|1\n|inactive|Pyro.D.Mario has 30 seconds left.\n|inactive|Zeroarck76 has 30 seconds left.\n|\n|t:|1776236131\n|detailschange|p1b: Chandelure|Chandelure-Mega, L50, M, shiny\n|-mega|p1b: Chandelure|Chandelure|Chandelurite\n|move|p2b: Gallade|Wide Guard|p2b: Gallade\n|-singleturn|p2b: Gallade|Wide Guard\n|move|p1b: Chandelure|Calm Mind|p1b: Chandelure\n|-boost|p1b: Chandelure|spa|1\n|-boost|p1b: Chandelure|spd|1\n|move|p1a: Sableye|Foul Play|p2b: Gallade\n|-damage|p2b: Gallade|23/100\n|move|p2a: Farigiraf|Trick Room|p2a: Farigiraf\n|-fieldstart|move: Trick Room|[of] p2a: Farigiraf\n|\n|upkeep\n|turn|2\n|inactive|Pyro.D.Mario has 30 seconds left.\n|inactive|Zeroarck76 has 30 seconds left.\n|inactive|Zeroarck76 has 20 seconds left.\n|\n|t:|1776236167\n|move|p2a: Farigiraf|Psychic|p1b: Chandelure\n|-damage|p1b: Chandelure|65/100\n|move|p2b: Gallade|Psycho Cut|p1b: Chandelure\n|-damage|p1b: Chandelure|0 fnt\n|faint|p1b: Chandelure\n|move|p1a: Sableye|Foul Play|p2b: Gallade\n|-damage|p2b: Gallade|0 fnt\n|faint|p2b: Gallade\n|\n|upkeep\n|\n|t:|1776236179\n|switch|p2b: Crabominable|Crabominable, L50, F|100/100\n|switch|p1b: Garchomp|Garchomp, L50, M|100/100\n|turn|3\n|\n|t:|1776236193\n|detailschange|p2b: Crabominable|Crabominable-Mega, L50, F\n|-mega|p2b: Crabominable|Crabominable|Crabominite\n|move|p2b: Crabominable|Ice Punch|p1b: Garchomp\n|-supereffective|p1b: Garchomp|2\n|-damage|p1b: Garchomp|0 fnt\n|-damage|p2b: Crabominable|88/100|[from] ability: Rough Skin|[of] p1b: Garchomp\n|faint|p1b: Garchomp\n|move|p2a: Farigiraf|Hyper Voice|p1a: Sableye\n|-immune|p1a: Sableye\n|move|p1a: Sableye|Foul Play|p2b: Crabominable\n|-resisted|p2b: Crabominable|1\n|-damage|p2b: Crabominable|63/100\n|\n|upkeep\n|\n|t:|1776236200\n|switch|p1b: Espathra|Espathra, L50, F|100/100\n|turn|4\n|\n|t:|1776236224\n|move|p1a: Sableye|Gravity|p1a: Sableye\n|-fieldstart|move: Gravity\n|move|p2b: Crabominable|Ice Punch|p1a: Sableye\n|-damage|p1a: Sableye|20/100\n|move|p2a: Farigiraf|Hyper Voice|p1a: Sableye|[spread] p1b\n|-immune|p1a: Sableye\n|-damage|p1b: Espathra|43/100\n|move|p1b: Espathra|Lumina Crash|p2b: Crabominable\n|-supereffective|p2b: Crabominable|1\n|-damage|p2b: Crabominable|6/100\n|-unboost|p2b: Crabominable|spd|2\n|\n|-ability|p1b: Espathra|Speed Boost|boost\n|-boost|p1b: Espathra|spe|1\n|upkeep\n|turn|5\n|\n|t:|1776236247\n|move|p1b: Espathra|Protect|p1b: Espathra\n|-singleturn|p1b: Espathra|Protect\n|move|p2b: Crabominable|Ice Punch|p1a: Sableye\n|-damage|p1a: Sableye|0 fnt\n|faint|p1a: Sableye\n|move|p2a: Farigiraf|Hyper Voice|p1b: Espathra\n|-activate|p1b: Espathra|move: Protect\n|\n|-fieldend|move: Trick Room\n|-ability|p1b: Espathra|Speed Boost|boost\n|-boost|p1b: Espathra|spe|1\n|upkeep\n|turn|6\n|\n|t:|1776236264\n|move|p2b: Crabominable|Protect|p2b: Crabominable\n|-singleturn|p2b: Crabominable|Protect\n|move|p1b: Espathra|Hypnosis|p2a: Farigiraf\n|-status|p2a: Farigiraf|slp|[from] move: Hypnosis\n|cant|p2a: Farigiraf|slp\n|\n|-ability|p1b: Espathra|Speed Boost|boost\n|-boost|p1b: Espathra|spe|1\n|upkeep\n|turn|7\n|inactive|Zeroarck76 has 30 seconds left.\n|\n|t:|1776236291\n|move|p2b: Crabominable|Protect|p2b: Crabominable\n|-singleturn|p2b: Crabominable|Protect\n|move|p1b: Espathra|Lumina Crash|p2b: Crabominable\n|-activate|p2b: Crabominable|move: Protect\n|-curestatus|p2a: Farigiraf|slp|[msg]\n|move|p2a: Farigiraf|Hyper Voice|p1b: Espathra\n|-damage|p1b: Espathra|0 fnt\n|faint|p1b: Espathra\n|\n|win|Zeroarck76\n|raw|Pyro.D.Mario's rating: 1090 &rarr; <strong>1063</strong><br />(-27 for losing)\n|raw|Zeroarck76's rating: 1039 &rarr; <strong>1078</strong><br />(+39 for winning)\n|l|\u2606Pyro.D.Mario\n|player|p1|\n",
  "uploadtime": 1776236306,
  "views": 20,
  "formatid": "gen9championsvgc2026regma",
  "rating": 1063,
  "private": 0,
  "password": null
}