{
  "id": "gen9championsvgc2026regma-2585845141",
  "format": "[Gen 9 Champions] VGC 2026 Reg M-A",
  "players": [
    "Reaimheart",
    "Guti0507"
  ],
  "log": "|j|\u2606Reaimheart\n|j|\u2606Guti0507\n|t:|1776375005\n|gametype|doubles\n|player|p1|Reaimheart|anabel|1000\n|player|p2|Guti0507|102|1049\n|gen|9\n|tier|[Gen 9 Champions] VGC 2026 Reg M-A\n|rated|\n|rule|Species Clause: Limit one of each Pok\u00e9mon\n|rule|Item Clause: Limit 1 of each item\n|clearpoke\n|poke|p1|Beedrill, L50, M|\n|poke|p1|Maushold-Four, L50|\n|poke|p1|Floette-Eternal, L50, F|\n|poke|p1|Corviknight, L50, M|\n|poke|p1|Sinistcha-Masterpiece, L50|\n|poke|p1|Kommo-o, L50, F|\n|poke|p2|Charizard, L50, M|\n|poke|p2|Venusaur, L50, M|\n|poke|p2|Kangaskhan, L50, F|\n|poke|p2|Farigiraf, L50, M|\n|poke|p2|Incineroar, L50, F|\n|poke|p2|Milotic, L50, M|\n|teampreview|4\nGuti0507 has agreed to open team sheets.\nReaimheart rejected open team sheets.\n|\n|t:|1776375059\n|teamsize|p1|4\n|teamsize|p2|4\n|start\n|switch|p1a: Kommo-o|Kommo-o, L50, F|100/100\n|switch|p1b: Corviknight|Corviknight, L50, M|100/100\n|switch|p2a: Charizard|Charizard, L50, M, shiny|100/100\n|switch|p2b: Incineroar|Incineroar, L50, F, shiny|100/100\n|-ability|p2b: Incineroar|Intimidate|boost\n|-unboost|p1a: Kommo-o|atk|1\n|-ability|p1b: Corviknight|Mirror Armor\n|-unboost|p2b: Incineroar|atk|1\n|turn|1\n|\n|t:|1776375079\n|detailschange|p2a: Charizard|Charizard-Mega-Y, L50, M, shiny\n|-mega|p2a: Charizard|Charizard|Charizardite Y\n|-weather|SunnyDay|[from] ability: Drought|[of] p2a: Charizard\n|move|p2b: Incineroar|Fake Out|p1a: Kommo-o\n|-damage|p1a: Kommo-o|94/100\n|cant|p1a: Kommo-o|flinch\n|move|p2a: Charizard|Air Slash|p1a: Kommo-o\n|-supereffective|p1a: Kommo-o|1\n|-damage|p1a: Kommo-o|4/100\n|move|p1b: Corviknight|Tailwind|p1b: Corviknight\n|-sidestart|p1: Reaimheart|move: Tailwind\n|\n|-weather|SunnyDay|[upkeep]\n|upkeep\n|turn|2\n|\n|t:|1776375109\n|move|p2a: Charizard|Protect|p2a: Charizard\n|-singleturn|p2a: Charizard|Protect\n|move|p1a: Kommo-o|Draco Meteor|p2a: Charizard\n|-activate|p2a: Charizard|move: Protect\n|move|p1b: Corviknight|Dual Wingbeat|p2a: Charizard\n|-activate|p2a: Charizard|move: Protect\n|move|p2b: Incineroar|Flare Blitz|p1b: Corviknight\n|-supereffective|p1b: Corviknight|1\n|-enditem|p1b: Corviknight|Occa Berry|[eat]\n|-enditem|p1b: Corviknight|Occa Berry|[weaken]\n|-damage|p1b: Corviknight|66/100\n|-damage|p2b: Incineroar|89/100|[from] Recoil\n|\n|-weather|SunnyDay|[upkeep]\n|upkeep\n|turn|3\n|\n|t:|1776375134\n|switch|p2a: Venusaur|Venusaur, L50, M|100/100\n|move|p1a: Kommo-o|Draco Meteor|p2b: Incineroar\n|-damage|p2b: Incineroar|57/100\n|-unboost|p1a: Kommo-o|spa|2\n|move|p1b: Corviknight|Dual Wingbeat|p2b: Incineroar\n|-damage|p2b: Incineroar|45/100\n|-enditem|p2b: Incineroar|Sitrus Berry|[eat]\n|-heal|p2b: Incineroar|70/100|[from] item: Sitrus Berry\n|-damage|p2b: Incineroar|55/100\n|-hitcount|p2b: Incineroar|2\n|move|p2b: Incineroar|Flare Blitz|p1b: Corviknight\n|-supereffective|p1b: Corviknight|1\n|-damage|p1b: Corviknight|0 fnt\n|faint|p1b: Corviknight\n|-damage|p2b: Incineroar|33/100|[from] Recoil\n|\n|-weather|SunnyDay|[upkeep]\n|upkeep\n|\n|t:|1776375147\n|switch|p1b: Beedrill|Beedrill, L50, M|100/100\n|turn|4\n|\n|t:|1776375159\n|detailschange|p1b: Beedrill|Beedrill-Mega, L50, M\n|-mega|p1b: Beedrill|Beedrill|Beedrillite\n|move|p2a: Venusaur|Protect|p2a: Venusaur\n|-singleturn|p2a: Venusaur|Protect\n|move|p2b: Incineroar|Protect|p2b: Incineroar\n|-singleturn|p2b: Incineroar|Protect\n|move|p1b: Beedrill|Fell Stinger|p2a: Venusaur\n|-activate|p2a: Venusaur|move: Protect\n|move|p1a: Kommo-o|Body Press|p2b: Incineroar\n|-activate|p2b: Incineroar|move: Protect\n|\n|-weather|SunnyDay|[upkeep]\n|-sideend|p1: Reaimheart|move: Tailwind\n|upkeep\n|turn|5\n|\n|t:|1776375188\n|switch|p2a: Charizard|Charizard-Mega-Y, L50, M, shiny|100/100\n|move|p1b: Beedrill|Fell Stinger|p2b: Incineroar\n|-crit|p2b: Incineroar\n|-damage|p2b: Incineroar|0 fnt\n|faint|p2b: Incineroar\n|-boost|p1b: Beedrill|atk|3\n|move|p1a: Kommo-o|Body Press|p2a: Charizard\n|-resisted|p2a: Charizard|1\n|-damage|p2a: Charizard|66/100\n|\n|-weather|none\n|upkeep\n|\n|t:|1776375199\n|switch|p2b: Farigiraf|Farigiraf, L50, M, shiny|100/100\n|turn|6\n|inactive|Battle timer is ON: inactive players will automatically lose when time's up. (requested by Guti0507)\n|\n|t:|1776375211\n|move|p2a: Charizard|Protect|p2a: Charizard\n|-singleturn|p2a: Charizard|Protect\n|move|p1b: Beedrill|Lunge|p2b: Farigiraf\n|-supereffective|p2b: Farigiraf|1\n|-damage|p2b: Farigiraf|0 fnt\n|faint|p2b: Farigiraf\n|move|p1a: Kommo-o|Body Press|p2a: Charizard\n|-activate|p2a: Charizard|move: Protect\n|\n|upkeep\n|\n|t:|1776375216\n|switch|p2b: Venusaur|Venusaur, L50, M|100/100\n|turn|7\n|\n|t:|1776375228\n|move|p1b: Beedrill|Poison Jab|p2a: Charizard\n|-damage|p2a: Charizard|0 fnt\n|faint|p2a: Charizard\n|move|p1a: Kommo-o|Draco Meteor|p2b: Venusaur\n|-damage|p2b: Venusaur|78/100\n|-unboost|p1a: Kommo-o|spa|2\n|move|p2b: Venusaur|Sludge Wave|p1a: Kommo-o|[spread] p1a,p1b\n|-crit|p1a: Kommo-o\n|-resisted|p1b: Beedrill|1\n|-damage|p1a: Kommo-o|0 fnt\n|-damage|p1b: Beedrill|74/100\n|faint|p1a: Kommo-o\n|\n|upkeep\n|\n|t:|1776375238\n|switch|p1a: Sinistcha|Sinistcha-Masterpiece, L50|100/100\n|-heal|p1b: Beedrill|99/100|[from] ability: Hospitality|[of] p1a: Sinistcha\n|turn|8\n|\n|t:|1776375246\n|move|p1a: Sinistcha|Rage Powder|p1a: Sinistcha\n|-singleturn|p1a: Sinistcha|move: Rage Powder\n|move|p1b: Beedrill|Lunge|p2b: Venusaur\n|-damage|p2b: Venusaur|0 fnt\n|faint|p2b: Venusaur\n|\n|win|Reaimheart\n|raw|Reaimheart's rating: 1000 &rarr; <strong>1046</strong><br />(+46 for winning)\n|raw|Guti0507's rating: 1049 &rarr; <strong>1029</strong><br />(-20 for losing)\n|l|\u2606Guti0507\n|player|p2|\n",
  "uploadtime": 1776375257,
  "views": 19,
  "formatid": "gen9championsvgc2026regma",
  "rating": 1029,
  "private": 0,
  "password": null
}