{
  "id": "gen9championsvgc2026regma-2585312786",
  "format": "[Gen 9 Champions] VGC 2026 Reg M-A",
  "players": [
    "Charliemander2030",
    "NathanaelW19"
  ],
  "log": "|j|\u2606Charliemander2030\n|j|\u2606NathanaelW19\n|t:|1776336686\n|gametype|doubles\n|player|p1|Charliemander2030|170|1258\n|player|p2|NathanaelW19|dragontamer|1234\n|gen|9\n|tier|[Gen 9 Champions] VGC 2026 Reg M-A\n|rated|\n|rule|Species Clause: Limit one of each Pok\u00e9mon\n|rule|Item Clause: Limit 1 of each item\n|clearpoke\n|poke|p1|Charizard, L50, F|\n|poke|p1|Garchomp, L50, M|\n|poke|p1|Kingambit, L50, M|\n|poke|p1|Typhlosion-Hisui, L50, F|\n|poke|p1|Rotom-Wash, L50|\n|poke|p1|Venusaur, L50, M|\n|poke|p2|Garchomp, L50, M|\n|poke|p2|Tyranitar, L50, M|\n|poke|p2|Hydreigon, L50, M|\n|poke|p2|Rotom-Heat, L50|\n|poke|p2|Sneasler, L50, F|\n|poke|p2|Gallade, L50, M|\n|teampreview|4\n|inactive|Battle timer is ON: inactive players will automatically lose when time's up. (requested by NathanaelW19)\n|\n|t:|1776336710\n|teamsize|p1|4\n|teamsize|p2|4\n|start\n|switch|p1a: Rotom|Rotom-Wash, L50|100/100\n|switch|p1b: Garchomp|Garchomp, L50, M|100/100\n|switch|p2a: Hydreigon|Hydreigon, L50, M|100/100\n|switch|p2b: Tyranitar|Tyranitar, L50, M, shiny|100/100\n|-weather|Sandstorm|[from] ability: Sand Stream|[of] p2b: Tyranitar\n|turn|1\n|inactive|Charliemander2030 has 30 seconds left.\n|\n|t:|1776336739\n|move|p1b: Garchomp|Protect|p1b: Garchomp\n|-singleturn|p1b: Garchomp|Protect\n|move|p2b: Tyranitar|Knock Off|p1a: Rotom\n|-damage|p1a: Rotom|45/100\n|-enditem|p1a: Rotom|Sitrus Berry|[from] move: Knock Off|[of] p2b: Tyranitar\n|move|p2a: Hydreigon|Tailwind|p2a: Hydreigon\n|-sidestart|p2: NathanaelW19|move: Tailwind\n|move|p1a: Rotom|Hydro Pump|p2b: Tyranitar\n|-supereffective|p2b: Tyranitar|1\n|-damage|p2b: Tyranitar|31/100\n|\n|-weather|Sandstorm|[upkeep]\n|-damage|p2a: Hydreigon|94/100|[from] Sandstorm\n|-damage|p1a: Rotom|39/100|[from] Sandstorm\n|upkeep\n|turn|2\n|\n|t:|1776336753\n|move|p2b: Tyranitar|Knock Off|p1b: Garchomp\n|-damage|p1b: Garchomp|49/100\n|-damage|p2b: Tyranitar|19/100|[from] ability: Rough Skin|[of] p1b: Garchomp\n|-enditem|p1b: Garchomp|White Herb|[from] move: Knock Off|[of] p2b: Tyranitar\n|move|p2a: Hydreigon|Dark Pulse|p1b: Garchomp\n|-damage|p1b: Garchomp|10/100\n|move|p1b: Garchomp|Earthquake|p2a: Hydreigon|[spread] p2b\n|-immune|p1a: Rotom|[from] ability: Levitate\n|-immune|p2a: Hydreigon|[from] ability: Levitate\n|-supereffective|p2b: Tyranitar|1\n|-damage|p2b: Tyranitar|0 fnt\n|faint|p2b: Tyranitar\n|move|p1a: Rotom|Discharge|p2a: Hydreigon|[spread] p2a\n|-immune|p1b: Garchomp\n|-resisted|p2a: Hydreigon|1\n|-damage|p2a: Hydreigon|82/100\n|\n|-weather|Sandstorm|[upkeep]\n|-damage|p2a: Hydreigon|76/100|[from] Sandstorm\n|-damage|p1a: Rotom|33/100|[from] Sandstorm\n|upkeep\n|\n|t:|1776336767\n|switch|p2b: Garchomp|Garchomp, L50, M|100/100\n|turn|3\n|\n|t:|1776336774\n|detailschange|p2b: Garchomp|Garchomp-Mega, L50, M\n|-mega|p2b: Garchomp|Garchomp|Garchompite\n|move|p2a: Hydreigon|Helping Hand|p2b: Garchomp\n|-singleturn|p2b: Garchomp|Helping Hand|[of] p2a: Hydreigon\n|move|p1b: Garchomp|Protect|p1b: Garchomp\n|-singleturn|p1b: Garchomp|Protect\n|move|p1a: Rotom|Protect|p1a: Rotom\n|-singleturn|p1a: Rotom|Protect\n|move|p2b: Garchomp|Rock Slide|p1b: Garchomp|[spread] \n|-activate|p1a: Rotom|move: Protect\n|-activate|p1b: Garchomp|move: Protect\n|\n|-weather|Sandstorm|[upkeep]\n|-damage|p2a: Hydreigon|70/100|[from] Sandstorm\n|-damage|p1a: Rotom|27/100|[from] Sandstorm\n|upkeep\n|turn|4\n|\n|t:|1776336791\n|move|p2a: Hydreigon|Helping Hand|p2b: Garchomp\n|-singleturn|p2b: Garchomp|Helping Hand|[of] p2a: Hydreigon\n|move|p2b: Garchomp|Rock Slide|p1b: Garchomp|[spread] p1a,p1b\n|-resisted|p1b: Garchomp|1\n|-damage|p1a: Rotom|0 fnt\n|-damage|p1b: Garchomp|0 fnt\n|faint|p1a: Rotom\n|faint|p1b: Garchomp\n|\n|-weather|Sandstorm|[upkeep]\n|-damage|p2a: Hydreigon|64/100|[from] Sandstorm\n|-sideend|p2: NathanaelW19|move: Tailwind\n|upkeep\n|\n|t:|1776336799\n|switch|p1b: Venusaur|Venusaur, L50, M|100/100\n|switch|p1a: Charizard|Charizard, L50, F|100/100\n|turn|5\n|\n|t:|1776336815\n|detailschange|p1a: Charizard|Charizard-Mega-Y, L50, F\n|-mega|p1a: Charizard|Charizard|Charizardite Y\n|-weather|SunnyDay|[from] ability: Drought|[of] p1a: Charizard\n|move|p1b: Venusaur|Sleep Powder|p2b: Garchomp\n|-status|p2b: Garchomp|slp|[from] move: Sleep Powder\n|move|p2a: Hydreigon|Tailwind|p2a: Hydreigon\n|-sidestart|p2: NathanaelW19|move: Tailwind\n|cant|p2b: Garchomp|slp\n|move|p1a: Charizard|Heat Wave|p2b: Garchomp|[spread] p2a,p2b\n|-resisted|p2a: Hydreigon|1\n|-resisted|p2b: Garchomp|1\n|-damage|p2a: Hydreigon|30/100\n|-damage|p2b: Garchomp|67/100 slp\n|\n|-weather|SunnyDay|[upkeep]\n|upkeep\n|turn|6\n|\n|t:|1776336835\n|move|p2a: Hydreigon|Protect|p2a: Hydreigon\n|-singleturn|p2a: Hydreigon|Protect\n|cant|p2b: Garchomp|slp\n|move|p1b: Venusaur|Sludge Bomb|p2a: Hydreigon\n|-activate|p2a: Hydreigon|move: Protect\n|move|p1a: Charizard|Heat Wave|p2b: Garchomp|[spread] p2b\n|-activate|p2a: Hydreigon|move: Protect\n|-resisted|p2b: Garchomp|1\n|-damage|p2b: Garchomp|37/100 slp\n|\n|-weather|SunnyDay|[upkeep]\n|upkeep\n|turn|7\n|\n|t:|1776336841\n|move|p2a: Hydreigon|Helping Hand|p2b: Garchomp\n|-singleturn|p2b: Garchomp|Helping Hand|[of] p2a: Hydreigon\n|-curestatus|p2b: Garchomp|slp|[msg]\n|move|p2b: Garchomp|Rock Slide|p1a: Charizard|[spread] p1a,p1b\n|-supereffective|p1a: Charizard|2\n|-damage|p1a: Charizard|0 fnt\n|-damage|p1b: Venusaur|48/100\n|faint|p1a: Charizard\n|move|p1b: Venusaur|Sludge Bomb|p2a: Hydreigon\n|-damage|p2a: Hydreigon|0 fnt\n|faint|p2a: Hydreigon\n|\n|-weather|SunnyDay|[upkeep]\n|upkeep\n|\n|t:|1776336850\n|switch|p2a: Rotom|Rotom-Heat, L50|100/100\n|turn|8\n|inactive|Charliemander2030 has 30 seconds left.\n|inactive|Charliemander2030 has 20 seconds left.\n|inactive|Charliemander2030 has 15 seconds left.\n|inactive|Charliemander2030 has 10 seconds left.\n|inactive|Charliemander2030 has 5 seconds left.\n|\n|t:|1776336905\n|move|p2a: Rotom|Helping Hand|p2b: Garchomp\n|-singleturn|p2b: Garchomp|Helping Hand|[of] p2a: Rotom\n|move|p2b: Garchomp|Earthquake|p1b: Venusaur|[spread] p1b\n|-immune|p2a: Rotom|[from] ability: Levitate\n|-damage|p1b: Venusaur|0 fnt\n|faint|p1b: Venusaur\n|\n|win|NathanaelW19\n|raw|Charliemander2030's rating: 1258 &rarr; <strong>1231</strong><br />(-27 for losing)\n|raw|NathanaelW19's rating: 1234 &rarr; <strong>1261</strong><br />(+27 for winning)\n",
  "uploadtime": 1776336913,
  "views": 28,
  "formatid": "gen9championsvgc2026regma",
  "rating": 1231,
  "private": 0,
  "password": null
}