{
  "id": "gen9championsvgc2026regma-2582503398",
  "format": "[Gen 9 Champions] VGC 2026 Reg M-A",
  "players": [
    "Alievew",
    "1#MiraidonHater"
  ],
  "log": "|j|\u2606Alievew\n|j|\u26061#MiraidonHater\n|t:|1776095849\n|gametype|doubles\n|player|p1|Alievew|riley|1184\n|player|p2|1#MiraidonHater|170|1150\n|gen|9\n|tier|[Gen 9 Champions] VGC 2026 Reg M-A\n|rated|\n|rule|Species Clause: Limit one of each Pok\u00e9mon\n|rule|Item Clause: Limit 1 of each item\n|clearpoke\n|poke|p1|Froslass, L50, F|\n|poke|p1|Rotom-Frost, L50|\n|poke|p1|Garchomp, L50, M|\n|poke|p1|Incineroar, L50, M|\n|poke|p1|Empoleon, L50, F|\n|poke|p1|Kingambit, L50, M|\n|poke|p2|Kommo-o, L50, F|\n|poke|p2|Incineroar, L50, F|\n|poke|p2|Glimmora, L50, F|\n|poke|p2|Sinistcha, L50|\n|poke|p2|Talonflame, L50, F|\n|poke|p2|Palafin, L50, M|\n|teampreview|4\n|inactive|Battle timer is ON: inactive players will automatically lose when time's up. (requested by Alievew)\n|inactive|Alievew has 60 seconds left.\n|\n|t:|1776095884\n|teamsize|p1|4\n|teamsize|p2|4\n|start\n|switch|p1a: Incineroar|Incineroar, L50, M|100/100\n|switch|p1b: Empoleon|Empoleon, L50, F|100/100\n|switch|p2a: Glimmora|Glimmora, L50, F|100/100\n|switch|p2b: Talonflame|Talonflame, L50, F|100/100\n|-ability|p1a: Incineroar|Intimidate|boost\n|-unboost|p2a: Glimmora|atk|1\n|-unboost|p2b: Talonflame|atk|1\n|turn|1\n|\n|t:|1776095905\n|detailschange|p2a: Glimmora|Glimmora-Mega, L50, F\n|-mega|p2a: Glimmora|Glimmora|Glimmoranite\n|move|p2b: Talonflame|Quick Guard|p2b: Talonflame\n|-singleturn|p2b: Talonflame|Quick Guard\n|move|p1a: Incineroar|Fake Out|p2a: Glimmora\n|-activate|p2a: Glimmora|move: Quick Guard\n|move|p2a: Glimmora|Power Gem|p1a: Incineroar\n|-supereffective|p1a: Incineroar|1\n|-damage|p1a: Incineroar|0 fnt\n|faint|p1a: Incineroar\n|move|p1b: Empoleon|Water Pulse|p2b: Talonflame\n|-supereffective|p2b: Talonflame|1\n|-damage|p2b: Talonflame|15/100\n|-start|p2b: Talonflame|confusion\n|\n|upkeep\n|\n|t:|1776095919\n|switch|p1a: Rotom|Rotom-Frost, L50|100/100\n|turn|2\n|\n|t:|1776095926\n|move|p1a: Rotom|Electroweb|p2b: Talonflame|[spread] p2a,p2b\n|-supereffective|p2b: Talonflame|1\n|-damage|p2a: Glimmora|79/100\n|-damage|p2b: Talonflame|0 fnt\n|-unboost|p2a: Glimmora|spe|1\n|faint|p2b: Talonflame\n|move|p2a: Glimmora|Power Gem|p1a: Rotom\n|-supereffective|p1a: Rotom|1\n|-damage|p1a: Rotom|0 fnt\n|faint|p1a: Rotom\n|move|p1b: Empoleon|Water Pulse|p2a: Glimmora\n|-supereffective|p2a: Glimmora|1\n|-damage|p2a: Glimmora|10/100\n|\n|upkeep\n|\n|t:|1776095938\n|switch|p2b: Palafin|Palafin, L50, M|100/100\n|switch|p1a: Froslass|Froslass, L50, F|100/100\n|turn|3\n|inactive|1#MiraidonHater has 30 seconds left.\n|\n|t:|1776095971\n|detailschange|p2b: Palafin|Palafin-Hero, L50, M\n|switch|p2b: Kommo-o|Kommo-o, L50, F|100/100\n|detailschange|p1a: Froslass|Froslass-Mega, L50, F\n|-mega|p1a: Froslass|Froslass|Froslassite\n|-weather|Snowscape|[from] ability: Snow Warning|[of] p1a: Froslass\n|move|p1a: Froslass|Blizzard|p2b: Kommo-o|[spread] p2a,p2b\n|-supereffective|p2b: Kommo-o|1\n|-damage|p2a: Glimmora|0 fnt\n|-damage|p2b: Kommo-o|11/100\n|faint|p2a: Glimmora\n|move|p1b: Empoleon|Water Pulse|p2b: Kommo-o\n|-resisted|p2b: Kommo-o|1\n|-damage|p2b: Kommo-o|0 fnt\n|faint|p2b: Kommo-o\n|\n|-weather|Snowscape|[upkeep]\n|upkeep\n|\n|t:|1776095983\n|switch|p2b: Palafin|Palafin-Hero, L50, M|100/100\n|-activate|p2b: Palafin|ability: Zero to Hero\n|turn|4\n|\n|t:|1776095988\n|move|p1a: Froslass|Shadow Ball|p2b: Palafin\n|-damage|p2b: Palafin|48/100\n|move|p2b: Palafin|Wave Crash|p1a: Froslass\n|-damage|p1a: Froslass|0 fnt\n|faint|p1a: Froslass\n|-damage|p2b: Palafin|20/100|[from] Recoil\n|move|p1b: Empoleon|Water Pulse|p2b: Palafin\n|-resisted|p2b: Palafin|1\n|-damage|p2b: Palafin|6/100\n|\n|-weather|Snowscape|[upkeep]\n|upkeep\n|turn|5\n|\n|t:|1776096000\n|move|p2b: Palafin|Close Combat|p1b: Empoleon\n|-supereffective|p1b: Empoleon|1\n|-damage|p1b: Empoleon|0 fnt\n|-unboost|p2b: Palafin|def|1\n|-unboost|p2b: Palafin|spd|1\n|faint|p1b: Empoleon\n|\n|win|1#MiraidonHater\n|raw|Alievew's rating: 1184 &rarr; <strong>1157</strong><br />(-27 for losing)\n|raw|1#MiraidonHater's rating: 1150 &rarr; <strong>1177</strong><br />(+27 for winning)\n|l|\u2606Alievew\n|player|p1|\n",
  "uploadtime": 1776095851,
  "views": 19,
  "formatid": "gen9championsvgc2026regma",
  "rating": 1157,
  "private": 0,
  "password": null
}