{
  "id": "gen9championsvgc2026regma-2582014477",
  "format": "[Gen 9 Champions] VGC 2026 Reg M-A",
  "players": [
    "StreamOtter",
    "StrikerMohamud"
  ],
  "log": "|j|\u2606StreamOtter\n|j|\u2606StrikerMohamud\n|t:|1776048451\n|gametype|doubles\n|player|p1|StreamOtter|n|1288\n|player|p2|StrikerMohamud|unknown|1293\n|gen|9\n|tier|[Gen 9 Champions] VGC 2026 Reg M-A\n|rated|\n|rule|Species Clause: Limit one of each Pok\u00e9mon\n|rule|Item Clause: Limit 1 of each item\n|clearpoke\n|poke|p1|Meganium, L50, M|\n|poke|p1|Ninetales-Alola, L50, M|\n|poke|p1|Rotom-Frost, L50|\n|poke|p1|Corviknight, L50, F|\n|poke|p1|Glimmora, L50, F|\n|poke|p1|Incineroar, L50, M|\n|poke|p2|Kangaskhan, L50, F|\n|poke|p2|Incineroar, L50, F|\n|poke|p2|Azumarill, L50, M|\n|poke|p2|Froslass, L50, F|\n|poke|p2|Garchomp, L50, M|\n|poke|p2|Talonflame, L50, F|\n|teampreview|4\n|\n|t:|1776048502\n|teamsize|p1|4\n|teamsize|p2|4\n|start\n|switch|p1a: Ninetales|Ninetales-Alola, L50, M|100/100\n|switch|p1b: Meganium|Meganium, L50, M|100/100\n|switch|p2a: Froslass|Froslass, L50, F, shiny|100/100\n|switch|p2b: Talonflame|Talonflame, L50, F, shiny|100/100\n|-weather|Snowscape|[from] ability: Snow Warning|[of] p1a: Ninetales\n|turn|1\n|\n|t:|1776048519\n|switch|p1b: Incineroar|Incineroar, L50, M|100/100\n|-ability|p1b: Incineroar|Intimidate|boost\n|-unboost|p2a: Froslass|atk|1\n|-unboost|p2b: Talonflame|atk|1\n|move|p2a: Froslass|Protect|p2a: Froslass\n|-singleturn|p2a: Froslass|Protect\n|move|p2b: Talonflame|Taunt|p1a: Ninetales\n|-start|p1a: Ninetales|move: Taunt\n|cant|p1a: Ninetales|move: Taunt|Aurora Veil\n|\n|-weather|Snowscape|[upkeep]\n|upkeep\n|turn|2\n|\n|t:|1776048534\n|switch|p2a: Incineroar|Incineroar, L50, F, shiny|100/100\n|-ability|p2a: Incineroar|Intimidate|boost\n|-unboost|p1a: Ninetales|atk|1\n|-unboost|p1b: Incineroar|atk|1\n|move|p1b: Incineroar|Fake Out|p2b: Talonflame\n|-damage|p2b: Talonflame|90/100\n|cant|p2b: Talonflame|flinch\n|move|p1a: Ninetales|Blizzard|p2a: Incineroar|[spread] p2a,p2b\n|-resisted|p2a: Incineroar|1\n|-damage|p2a: Incineroar|86/100\n|-damage|p2b: Talonflame|44/100\n|-status|p2a: Incineroar|frz\n|\n|-weather|Snowscape|[upkeep]\n|upkeep\n|turn|3\n|\n|t:|1776048554\n|move|p2b: Talonflame|Tailwind|p2b: Talonflame\n|-sidestart|p2: StrikerMohamud|move: Tailwind\n|-curestatus|p2a: Incineroar|frz|[from] move: Flare Blitz\n|move|p2a: Incineroar|Flare Blitz|p1a: Ninetales\n|-supereffective|p1a: Ninetales|1\n|-enditem|p1a: Ninetales|Focus Sash\n|-damage|p1a: Ninetales|1/100\n|-damage|p2a: Incineroar|61/100|[from] Recoil\n|move|p1a: Ninetales|Blizzard|p2a: Incineroar|[spread] p2a,p2b\n|-resisted|p2a: Incineroar|1\n|-damage|p2a: Incineroar|46/100\n|-damage|p2b: Talonflame|0 fnt\n|faint|p2b: Talonflame\n|move|p1b: Incineroar|Parting Shot|p2a: Incineroar\n|-unboost|p2a: Incineroar|atk|1\n|-unboost|p2a: Incineroar|spa|1\n|\n|t:|1776048570\n|switch|p1b: Rotom|Rotom-Frost, L50|100/100|[from] Parting Shot\n|\n|-weather|Snowscape|[upkeep]\n|-end|p1a: Ninetales|move: Taunt\n|upkeep\n|\n|t:|1776048575\n|switch|p2b: Froslass|Froslass, L50, F, shiny|100/100\n|turn|4\n|\n|t:|1776048586\n|detailschange|p2b: Froslass|Froslass-Mega, L50, F, shiny\n|-mega|p2b: Froslass|Froslass|Froslassite\n|move|p1a: Ninetales|Protect|p1a: Ninetales\n|-singleturn|p1a: Ninetales|Protect\n|move|p2b: Froslass|Blizzard|p1a: Ninetales|[spread] p1b\n|-activate|p1a: Ninetales|move: Protect\n|-resisted|p1b: Rotom|1\n|-damage|p1b: Rotom|72/100\n|move|p1b: Rotom|Shadow Ball|p2b: Froslass\n|-supereffective|p2b: Froslass|1\n|-damage|p2b: Froslass|31/100\n|move|p2a: Incineroar|Flare Blitz|p1b: Rotom\n|-supereffective|p1b: Rotom|1\n|-crit|p1b: Rotom\n|-damage|p1b: Rotom|0 fnt\n|faint|p1b: Rotom\n|-damage|p2a: Incineroar|31/100|[from] Recoil\n|\n|-weather|Snowscape|[upkeep]\n|upkeep\n|\n|t:|1776048607\n|switch|p1b: Meganium|Meganium, L50, M|100/100\n|turn|5\n|\n|t:|1776048624\n|switch|p1a: Incineroar|Incineroar, L50, M|100/100\n|-ability|p1a: Incineroar|Intimidate|boost\n|-unboost|p2a: Incineroar|atk|1\n|-unboost|p2b: Froslass|atk|1\n|detailschange|p1b: Meganium|Meganium-Mega, L50, M\n|-mega|p1b: Meganium|Meganium|Meganiumite\n|move|p2b: Froslass|Blizzard|p1b: Meganium|[spread] p1a,p1b\n|-resisted|p1a: Incineroar|1\n|-supereffective|p1b: Meganium|1\n|-damage|p1a: Incineroar|84/100\n|-damage|p1b: Meganium|17/100\n|move|p2a: Incineroar|Flare Blitz|p1b: Meganium\n|-supereffective|p1b: Meganium|1\n|-damage|p1b: Meganium|0 fnt\n|faint|p1b: Meganium\n|-damage|p2a: Incineroar|26/100|[from] Recoil\n|\n|-weather|none\n|upkeep\n|\n|t:|1776048638\n|switch|p1b: Ninetales|Ninetales-Alola, L50, M|1/100\n|-weather|Snowscape|[from] ability: Snow Warning|[of] p1b: Ninetales\n|turn|6\n|\n|t:|1776048644\n|move|p1b: Ninetales|Protect|p1b: Ninetales\n|-singleturn|p1b: Ninetales|Protect\n|move|p1a: Incineroar|Fake Out|p2a: Incineroar\n|-damage|p2a: Incineroar|16/100\n|move|p2b: Froslass|Blizzard|p1a: Incineroar|[spread] p1a\n|-activate|p1b: Ninetales|move: Protect\n|-resisted|p1a: Incineroar|1\n|-damage|p1a: Incineroar|69/100\n|-status|p1a: Incineroar|frz\n|cant|p2a: Incineroar|flinch\n|\n|-weather|Snowscape|[upkeep]\n|-sideend|p2: StrikerMohamud|move: Tailwind\n|upkeep\n|turn|7\n|\n|t:|1776048660\n|move|p2b: Froslass|Blizzard|p1b: Ninetales|[spread] p1a,p1b\n|-resisted|p1a: Incineroar|1\n|-resisted|p1b: Ninetales|1\n|-damage|p1a: Incineroar|53/100 frz\n|-damage|p1b: Ninetales|0 fnt\n|faint|p1b: Ninetales\n|move|p2a: Incineroar|Parting Shot|p1a: Incineroar\n|-unboost|p1a: Incineroar|atk|1\n|-unboost|p1a: Incineroar|spa|1\n|\n|t:|1776048667\n|switch|p2a: Garchomp|Garchomp, L50, M|100/100|[from] Parting Shot\n|-curestatus|p1a: Incineroar|frz|[from] move: Flare Blitz\n|move|p1a: Incineroar|Flare Blitz|p2b: Froslass\n|-supereffective|p2b: Froslass|1\n|-damage|p2b: Froslass|0 fnt\n|faint|p2b: Froslass\n|-damage|p1a: Incineroar|46/100|[from] Recoil\n|-enditem|p1a: Incineroar|Sitrus Berry|[eat]\n|-heal|p1a: Incineroar|70/100|[from] item: Sitrus Berry\n|\n|-weather|Snowscape|[upkeep]\n|upkeep\n|\n|t:|1776048672\n|switch|p2b: Incineroar|Incineroar, L50, F, shiny|16/100\n|-ability|p2b: Incineroar|Intimidate|boost\n|-unboost|p1a: Incineroar|atk|1\n|turn|8\n|\n|t:|1776048687\n|move|p2b: Incineroar|Fake Out|p1a: Incineroar\n|-damage|p1a: Incineroar|58/100\n|move|p2a: Garchomp|Earthquake|p1a: Incineroar|[spread] p2b,p1a\n|-supereffective|p2b: Incineroar|1\n|-enditem|p2b: Incineroar|Shuca Berry|[eat]\n|-enditem|p2b: Incineroar|Shuca Berry|[weaken]\n|-supereffective|p1a: Incineroar|1\n|-damage|p2b: Incineroar|0 fnt\n|-damage|p1a: Incineroar|0 fnt\n|faint|p2b: Incineroar\n|faint|p1a: Incineroar\n|\n|win|StrikerMohamud\n|raw|StreamOtter's rating: 1288 &rarr; <strong>1263</strong><br />(-25 for losing)\n|raw|StrikerMohamud's rating: 1293 &rarr; <strong>1318</strong><br />(+25 for winning)\n|l|\u2606StreamOtter\n|player|p1|\n",
  "uploadtime": 1776048453,
  "views": 20,
  "formatid": "gen9championsvgc2026regma",
  "rating": 1263,
  "private": 0,
  "password": null
}