{
  "id": "gen9championsvgc2026regma-2587211944",
  "format": "[Gen 9 Champions] VGC 2026 Reg M-A",
  "players": [
    "PotbellyDemon",
    "Gawr0n"
  ],
  "log": "|j|\u2606PotbellyDemon\n|j|\u2606Gawr0n\n|t:|1776509599\n|gametype|doubles\n|player|p1|PotbellyDemon|volkner|1088\n|player|p2|Gawr0n|1|1016\n|gen|9\n|tier|[Gen 9 Champions] VGC 2026 Reg M-A\n|rated|\n|rule|Species Clause: Limit one of each Pok\u00e9mon\n|rule|Item Clause: Limit 1 of each item\n|clearpoke\n|poke|p1|Gyarados, L50, M|\n|poke|p1|Sneasler, L50, M|\n|poke|p1|Rotom-Heat, L50|\n|poke|p1|Garchomp, L50, M|\n|poke|p1|Sinistcha, L50|\n|poke|p1|Aerodactyl, L50, F|\n|poke|p2|Meganium, L50, F|\n|poke|p2|Basculegion, L50, M, shiny|\n|poke|p2|Pelipper, L50, M, shiny|\n|poke|p2|Sneasler, L50, F|\n|poke|p2|Raichu, L50, M|\n|poke|p2|Gyarados, L50, M, shiny|\n|teampreview|4\n|inactive|Battle timer is ON: inactive players will automatically lose when time's up. (requested by Gawr0n)\n|\n|t:|1776509637\n|teamsize|p1|4\n|teamsize|p2|4\n|start\n|switch|p1a: Garchomp|Garchomp, L50, M|100/100\n|switch|p1b: Aerodactyl|Aerodactyl, L50, F|100/100\n|switch|p2a: Pelipper|Pelipper, L50, M, shiny|100/100\n|switch|p2b: Raichu|Raichu, L50, M|100/100\n|-ability|p1b: Aerodactyl|Unnerve\n|-weather|RainDance|[from] ability: Drizzle|[of] p2a: Pelipper\n|turn|1\n|\n|t:|1776509660\n|switch|p1a: Rotom|Rotom-Heat, L50|100/100\n|move|p1b: Aerodactyl|Protect|p1b: Aerodactyl\n|-singleturn|p1b: Aerodactyl|Protect\n|move|p2b: Raichu|Volt Switch|p1a: Rotom\n|-resisted|p1a: Rotom|1\n|-damage|p1a: Rotom|86/100\n|\n|t:|1776509674\n|switch|p2b: Basculegion|Basculegion, L50, M, shiny|100/100|[from] Volt Switch\n|move|p2a: Pelipper|Tailwind|p2a: Pelipper\n|-sidestart|p2: Gawr0n|move: Tailwind\n|\n|-weather|RainDance|[upkeep]\n|upkeep\n|turn|2\n|\n|t:|1776509696\n|switch|p2a: Gyarados|Gyarados, L50, M, shiny|100/100\n|-ability|p2a: Gyarados|Intimidate|boost\n|-unboost|p1a: Rotom|atk|1\n|-unboost|p1b: Aerodactyl|atk|1\n|switch|p1a: Sneasler|Sneasler, L50, M|100/100\n|move|p2b: Basculegion|Ice Fang|p1b: Aerodactyl\n|-supereffective|p1b: Aerodactyl|1\n|-damage|p1b: Aerodactyl|33/100\n|move|p1b: Aerodactyl|Tailwind|p1b: Aerodactyl\n|-sidestart|p1: PotbellyDemon|move: Tailwind\n|\n|-weather|RainDance|[upkeep]\n|upkeep\n|turn|3\n|inactive|Gawr0n has 30 seconds left.\n|inactive|Gawr0n has 20 seconds left.\n|inactive|Gawr0n has 15 seconds left.\n|\n|t:|1776509736\n|switch|p2b: Pelipper|Pelipper, L50, M, shiny|100/100\n|move|p1a: Sneasler|Fake Out|p2a: Gyarados\n|-damage|p2a: Gyarados|83/100\n|move|p1b: Aerodactyl|Sandstorm|p1b: Aerodactyl\n|-weather|Sandstorm\n|cant|p2a: Gyarados|flinch\n|\n|-weather|Sandstorm|[upkeep]\n|-damage|p1a: Sneasler|95/100|[from] Sandstorm\n|-damage|p2a: Gyarados|77/100|[from] Sandstorm\n|-damage|p2b: Pelipper|95/100|[from] Sandstorm\n|upkeep\n|turn|4\n|inactive|Gawr0n has 30 seconds left.\n|\n|t:|1776509764\n|switch|p1b: Garchomp|Garchomp, L50, M|100/100\n|move|p1a: Sneasler|Coaching|p1b: Garchomp\n|-boost|p1b: Garchomp|atk|1\n|-boost|p1b: Garchomp|def|1\n|move|p2a: Gyarados|Ice Fang|p1b: Garchomp\n|-supereffective|p1b: Garchomp|2\n|-damage|p1b: Garchomp|29/100\n|-damage|p2a: Gyarados|65/100|[from] ability: Rough Skin|[of] p1b: Garchomp\n|move|p2b: Pelipper|Hurricane|p1a: Sneasler|[miss]\n|-miss|p2b: Pelipper|p1a: Sneasler\n|\n|-weather|Sandstorm|[upkeep]\n|-damage|p1a: Sneasler|89/100|[from] Sandstorm\n|-damage|p2a: Gyarados|59/100|[from] Sandstorm\n|-damage|p2b: Pelipper|89/100|[from] Sandstorm\n|-sideend|p2: Gawr0n|move: Tailwind\n|upkeep\n|turn|5\n|inactive|PotbellyDemon has 30 seconds left.\n|inactive|Gawr0n has 30 seconds left.\n|\n|t:|1776509793\n|detailschange|p1b: Garchomp|Garchomp-Mega, L50, M\n|-mega|p1b: Garchomp|Garchomp|Garchompite\n|move|p1a: Sneasler|Dire Claw|p2b: Pelipper\n|-damage|p2b: Pelipper|47/100\n|move|p1b: Garchomp|Rock Slide|p2b: Pelipper|[spread] p2a,p2b\n|-supereffective|p2a: Gyarados|1\n|-supereffective|p2b: Pelipper|1\n|-damage|p2a: Gyarados|0 fnt\n|-damage|p2b: Pelipper|0 fnt\n|faint|p2a: Gyarados\n|faint|p2b: Pelipper\n|\n|-weather|Sandstorm|[upkeep]\n|-damage|p1a: Sneasler|83/100|[from] Sandstorm\n|-sideend|p1: PotbellyDemon|move: Tailwind\n|upkeep\n|\n|t:|1776509809\n|switch|p2a: Basculegion|Basculegion, L50, M, shiny|100/100\n|switch|p2b: Raichu|Raichu, L50, M|100/100\n|turn|6\n|inactive|Gawr0n has 30 seconds left.\n|\n|t:|1776509834\n|move|p1b: Garchomp|Protect|p1b: Garchomp\n|-singleturn|p1b: Garchomp|Protect\n|move|p2a: Basculegion|Ice Fang|p1b: Garchomp\n|-activate|p1b: Garchomp|move: Protect\n|move|p1a: Sneasler|Close Combat|p2b: Raichu\n|-damage|p2b: Raichu|0 fnt\n|-unboost|p1a: Sneasler|def|1\n|-unboost|p1a: Sneasler|spd|1\n|faint|p2b: Raichu\n|-enditem|p1a: Sneasler|White Herb\n|-clearnegativeboost|p1a: Sneasler|[silent]\n|\n|-weather|Sandstorm|[upkeep]\n|-damage|p1a: Sneasler|77/100|[from] Sandstorm\n|-damage|p2a: Basculegion|94/100|[from] Sandstorm\n|upkeep\n|turn|7\n|-message|Gawr0n forfeited.\n|\n|win|PotbellyDemon\n",
  "uploadtime": 1776509603,
  "views": 13,
  "formatid": "gen9championsvgc2026regma",
  "rating": null,
  "private": 0,
  "password": null
}