{
  "id": "gen9championsvgc2026regma-2580380756",
  "format": "[Gen 9 Champions] VGC 2026 Reg M-A",
  "players": [
    "Messi7555",
    "lolgz"
  ],
  "log": "|j|\u2606Messi7555\n|j|\u2606lolgz\n|t:|1775887973\n|gametype|doubles\n|player|p1|Messi7555|2|1046\n|player|p2|lolgz|266|1134\n|gen|9\n|tier|[Gen 9 Champions] VGC 2026 Reg M-A\n|rated|\n|rule|Species Clause: Limit one of each Pok\u00e9mon\n|rule|Item Clause: Limit 1 of each item\n|clearpoke\n|poke|p1|Sinistcha, L50|\n|poke|p1|Blastoise, L50, F|\n|poke|p1|Incineroar, L50, M|\n|poke|p1|Pelipper, L50, M|\n|poke|p1|Archaludon, L50, M|\n|poke|p1|Sneasler, L50, F|\n|poke|p2|Golurk, L50|\n|poke|p2|Incineroar, L50, F|\n|poke|p2|Sneasler, L50, F|\n|poke|p2|Farigiraf, L50, F|\n|poke|p2|Torkoal, L50, M|\n|poke|p2|Venusaur, L50, F|\n|teampreview|4\n|\n|t:|1775888084\n|teamsize|p1|4\n|teamsize|p2|4\n|start\n|switch|p1a: Incineroar|Incineroar, L50, M|100/100\n|switch|p1b: Archaludon|Archaludon, L50, M|100/100\n|switch|p2a: Incineroar|Incineroar, L50, F|100/100\n|switch|p2b: Farigiraf|Farigiraf, L50, F|100/100\n|-ability|p1a: Incineroar|Intimidate|boost\n|-unboost|p2a: Incineroar|atk|1\n|-unboost|p2b: Farigiraf|atk|1\n|-ability|p2a: Incineroar|Intimidate|boost\n|-unboost|p1a: Incineroar|atk|1\n|-unboost|p1b: Archaludon|atk|1\n|turn|1\n|\n|t:|1775888131\n|move|p2a: Incineroar|Fake Out|p1a: Incineroar\n|-damage|p1a: Incineroar|94/100\n|move|p1b: Archaludon|Draco Meteor|p2b: Farigiraf\n|-damage|p2b: Farigiraf|49/100\n|-unboost|p1b: Archaludon|spa|2\n|-enditem|p2b: Farigiraf|Sitrus Berry|[eat]\n|-heal|p2b: Farigiraf|74/100|[from] item: Sitrus Berry\n|cant|p1a: Incineroar|flinch\n|move|p2b: Farigiraf|Trick Room|p2b: Farigiraf\n|-fieldstart|move: Trick Room|[of] p2b: Farigiraf\n|\n|upkeep\n|turn|2\n|\n|t:|1775888219\n|switch|p1b: Sneasler|Sneasler, L50, F|100/100\n|move|p2b: Farigiraf|Hyper Voice|p1a: Incineroar|[spread] p1a,p1b\n|-damage|p1a: Incineroar|71/100\n|-damage|p1b: Sneasler|59/100\n|move|p2a: Incineroar|Parting Shot|p1a: Incineroar\n|-unboost|p1a: Incineroar|atk|1\n|-unboost|p1a: Incineroar|spa|1\n|\n|t:|1775888230\n|switch|p2a: Golurk|Golurk, L50|100/100|[from] Parting Shot\n|move|p1a: Incineroar|Darkest Lariat|p2a: Golurk\n|-supereffective|p2a: Golurk|1\n|-damage|p2a: Golurk|65/100\n|\n|upkeep\n|turn|3\n|\n|t:|1775888250\n|detailschange|p2a: Golurk|Golurk-Mega, L50\n|-mega|p2a: Golurk|Golurk|Golurkite\n|move|p1a: Incineroar|Protect|p1a: Incineroar\n|-singleturn|p1a: Incineroar|Protect\n|move|p1b: Sneasler|Protect|p1b: Sneasler\n|-singleturn|p1b: Sneasler|Protect\n|move|p2b: Farigiraf|Psychic|p1b: Sneasler\n|-activate|p1b: Sneasler|move: Protect\n|move|p2a: Golurk|Headlong Rush|p1a: Incineroar\n|-supereffective|p1a: Incineroar|1\n|-damage|p1a: Incineroar|34/100\n|-unboost|p2a: Golurk|def|1\n|-unboost|p2a: Golurk|spd|1\n|\n|upkeep\n|turn|4\n|inactive|Battle timer is ON: inactive players will automatically lose when time's up. (requested by Messi7555)\n|\n|t:|1775888313\n|switch|p1a: Pelipper|Pelipper, L50, M|100/100\n|-weather|RainDance|[from] ability: Drizzle|[of] p1a: Pelipper\n|switch|p1b: Archaludon|Archaludon, L50, M|100/100\n|move|p2b: Farigiraf|Psychic|p1b: Archaludon\n|-resisted|p1b: Archaludon|1\n|-damage|p1b: Archaludon|82/100\n|-ability|p1b: Archaludon|Stamina|boost\n|-boost|p1b: Archaludon|def|1\n|move|p2a: Golurk|Headlong Rush|p1a: Pelipper\n|-immune|p1a: Pelipper\n|\n|-weather|RainDance|[upkeep]\n|-heal|p1b: Archaludon|88/100|[from] item: Leftovers\n|upkeep\n|turn|5\n|inactive|Messi7555 has 30 seconds left.\n|inactive|Messi7555 has 20 seconds left.\n|inactive|Messi7555 has 15 seconds left.\n|inactive|Messi7555 has 10 seconds left.\n|inactive|Messi7555 has 5 seconds left.\n|inactive|lolgz has 30 seconds left.\n|\n|t:|1775888369\n|move|p1b: Archaludon|Protect|p1b: Archaludon\n|-singleturn|p1b: Archaludon|Protect\n|move|p1a: Pelipper|Protect|p1a: Pelipper\n|-singleturn|p1a: Pelipper|Protect\n|move|p2b: Farigiraf|Hyper Voice|p1b: Archaludon|[spread] \n|-activate|p1a: Pelipper|move: Protect\n|-activate|p1b: Archaludon|move: Protect\n|move|p2a: Golurk|Headlong Rush|p1b: Archaludon\n|-supereffective|p1b: Archaludon|1\n|-damage|p1b: Archaludon|72/100\n|-unboost|p2a: Golurk|def|1\n|-unboost|p2a: Golurk|spd|1\n|-ability|p1b: Archaludon|Stamina|boost\n|-boost|p1b: Archaludon|def|1\n|\n|-weather|RainDance|[upkeep]\n|-heal|p1b: Archaludon|78/100|[from] item: Leftovers\n|-fieldend|move: Trick Room\n|upkeep\n|turn|6\n|inactive|Messi7555 has 30 seconds left.\n|\n|t:|1775888400\n|switch|p2a: Torkoal|Torkoal, L50, M|100/100\n|-weather|SunnyDay|[from] ability: Drought|[of] p2a: Torkoal\n|move|p1a: Pelipper|Weather Ball|p2a: Torkoal\n|-resisted|p2a: Torkoal|1\n|-damage|p2a: Torkoal|72/100\n|move|p1b: Archaludon|Draco Meteor|p2b: Farigiraf\n|-damage|p2b: Farigiraf|23/100\n|-unboost|p1b: Archaludon|spa|2\n|move|p2b: Farigiraf|Trick Room|p2b: Farigiraf\n|-fieldstart|move: Trick Room|[of] p2b: Farigiraf\n|\n|-weather|SunnyDay|[upkeep]\n|-heal|p1b: Archaludon|84/100|[from] item: Leftovers\n|upkeep\n|turn|7\n|inactive|Messi7555 has 30 seconds left.\n|\n|t:|1775888434\n|switch|p1a: Incineroar|Incineroar, L50, M|34/100\n|-ability|p1a: Incineroar|Intimidate|boost\n|-unboost|p2a: Torkoal|atk|1\n|-unboost|p2b: Farigiraf|atk|1\n|move|p1b: Archaludon|Protect|p1b: Archaludon\n|-singleturn|p1b: Archaludon|Protect\n|move|p2a: Torkoal|Weather Ball|p1b: Archaludon\n|-activate|p1b: Archaludon|move: Protect\n|move|p2b: Farigiraf|Psychic|p1a: Incineroar\n|-immune|p1a: Incineroar\n|\n|-weather|SunnyDay|[upkeep]\n|-heal|p1b: Archaludon|90/100|[from] item: Leftovers\n|upkeep\n|turn|8\n|inactive|Messi7555 has 30 seconds left.\n|inactive|Messi7555 has 20 seconds left.\n|\n|t:|1775888470\n|switch|p1a: Pelipper|Pelipper, L50, M|100/100\n|-weather|RainDance|[from] ability: Drizzle|[of] p1a: Pelipper\n|move|p2a: Torkoal|Weather Ball|p1b: Archaludon\n|-resisted|p1b: Archaludon|1\n|-damage|p1b: Archaludon|69/100\n|-ability|p1b: Archaludon|Stamina|boost\n|-boost|p1b: Archaludon|def|1\n|move|p2b: Farigiraf|Hyper Voice|p1a: Pelipper|[spread] p1a,p1b\n|-resisted|p1b: Archaludon|1\n|-damage|p1a: Pelipper|49/100\n|-damage|p1b: Archaludon|53/100\n|-ability|p1b: Archaludon|Stamina|boost\n|-boost|p1b: Archaludon|def|1\n|move|p1b: Archaludon|Electro Shot||[still]\n|-prepare|p1b: Archaludon|Electro Shot\n|-boost|p1b: Archaludon|spa|1\n|-anim|p1b: Archaludon|Electro Shot|p2b: Farigiraf\n|-damage|p2b: Farigiraf|1/100\n|\n|-weather|RainDance|[upkeep]\n|-heal|p1b: Archaludon|59/100|[from] item: Leftovers\n|upkeep\n|turn|9\n|inactive|Messi7555 has 30 seconds left.\n|\n|t:|1775888498\n|switch|p2a: Incineroar|Incineroar, L50, F|100/100\n|-ability|p2a: Incineroar|Intimidate|boost\n|-unboost|p1a: Pelipper|atk|1\n|-unboost|p1b: Archaludon|atk|1\n|move|p1a: Pelipper|Protect|p1a: Pelipper\n|-singleturn|p1a: Pelipper|Protect\n|move|p2b: Farigiraf|Psychic|p1a: Pelipper\n|-activate|p1a: Pelipper|move: Protect\n|move|p1b: Archaludon|Electro Shot||[still]\n|-prepare|p1b: Archaludon|Electro Shot\n|-boost|p1b: Archaludon|spa|1\n|-anim|p1b: Archaludon|Electro Shot|p2b: Farigiraf\n|-damage|p2b: Farigiraf|0 fnt\n|faint|p2b: Farigiraf\n|\n|-weather|RainDance|[upkeep]\n|-heal|p1b: Archaludon|65/100|[from] item: Leftovers\n|upkeep\n|\n|t:|1775888517\n|switch|p2b: Torkoal|Torkoal, L50, M|72/100\n|-weather|SunnyDay|[from] ability: Drought|[of] p2b: Torkoal\n|turn|10\n|\n|t:|1775888528\n|switch|p1a: Incineroar|Incineroar, L50, M|34/100\n|-ability|p1a: Incineroar|Intimidate|boost\n|-unboost|p2a: Incineroar|atk|1\n|-unboost|p2b: Torkoal|atk|1\n|move|p1b: Archaludon|Protect|p1b: Archaludon\n|-singleturn|p1b: Archaludon|Protect\n|move|p2b: Torkoal|Eruption|p1a: Incineroar|[spread] p1a\n|-activate|p1b: Archaludon|move: Protect\n|-resisted|p1a: Incineroar|1\n|-crit|p1a: Incineroar\n|-damage|p1a: Incineroar|0 fnt\n|faint|p1a: Incineroar\n|move|p2a: Incineroar|Throat Chop|p1b: Archaludon\n|-activate|p1b: Archaludon|move: Protect\n|\n|-weather|SunnyDay|[upkeep]\n|-heal|p1b: Archaludon|72/100|[from] item: Leftovers\n|-fieldend|move: Trick Room\n|upkeep\n|\n|t:|1775888540\n|switch|p1a: Pelipper|Pelipper, L50, M|49/100\n|-weather|RainDance|[from] ability: Drizzle|[of] p1a: Pelipper\n|turn|11\n|inactive|Messi7555 has 30 seconds left.\n|inactive|lolgz has 30 seconds left.\n|inactive|Messi7555 has 20 seconds left.\n|inactive|Messi7555 has 15 seconds left.\n|\n|t:|1775888582\n|switch|p2b: Golurk|Golurk-Mega, L50|65/100\n|move|p1a: Pelipper|Weather Ball|p2b: Golurk\n|-supereffective|p2b: Golurk|1\n|-damage|p2b: Golurk|0 fnt\n|faint|p2b: Golurk\n|move|p1b: Archaludon|Electro Shot||[still]\n|-prepare|p1b: Archaludon|Electro Shot\n|-boost|p1b: Archaludon|spa|1\n|-anim|p1b: Archaludon|Electro Shot|p2a: Incineroar\n|-damage|p2a: Incineroar|51/100\n|move|p2a: Incineroar|Throat Chop|p1a: Pelipper\n|-damage|p1a: Pelipper|23/100\n|-start|p1a: Pelipper|Throat Chop|[silent]\n|\n|-weather|RainDance|[upkeep]\n|-heal|p1b: Archaludon|78/100|[from] item: Leftovers\n|upkeep\n|\n|t:|1775888587\n|switch|p2b: Torkoal|Torkoal, L50, M|72/100\n|-weather|SunnyDay|[from] ability: Drought|[of] p2b: Torkoal\n|turn|12\n|inactive|Messi7555 has 30 seconds left.\n|inactive|Messi7555 has 20 seconds left.\n|inactive|Messi7555 has 15 seconds left.\n|inactive|Messi7555 has 10 seconds left.\n|\n|t:|1775888636\n|move|p1a: Pelipper|Weather Ball|p2b: Torkoal\n|-resisted|p2b: Torkoal|1\n|-damage|p2b: Torkoal|46/100\n|move|p1b: Archaludon|Draco Meteor|p2a: Incineroar|[miss]\n|-miss|p1b: Archaludon|p2a: Incineroar\n|move|p2a: Incineroar|Flare Blitz|p1b: Archaludon\n|-damage|p1b: Archaludon|69/100\n|-ability|p1b: Archaludon|Stamina|boost\n|-boost|p1b: Archaludon|def|1\n|-damage|p2a: Incineroar|48/100|[from] Recoil\n|move|p2b: Torkoal|Heat Wave|p1a: Pelipper|[spread] p1a,p1b\n|-resisted|p1a: Pelipper|1\n|-damage|p1a: Pelipper|0 fnt\n|-damage|p1b: Archaludon|7/100\n|-ability|p1b: Archaludon|Stamina|boost\n|-boost|p1b: Archaludon|def|1\n|faint|p1a: Pelipper\n|\n|-weather|SunnyDay|[upkeep]\n|-heal|p1b: Archaludon|13/100|[from] item: Leftovers\n|upkeep\n|\n|t:|1775888650\n|switch|p1a: Sneasler|Sneasler, L50, F|59/100\n|turn|13\n|\n|t:|1775888669\n|move|p1a: Sneasler|Fake Out|p2b: Torkoal\n|-damage|p2b: Torkoal|33/100\n|move|p1b: Archaludon|Draco Meteor|p2a: Incineroar\n|-crit|p2a: Incineroar\n|-damage|p2a: Incineroar|0 fnt\n|-unboost|p1b: Archaludon|spa|2\n|faint|p2a: Incineroar\n|cant|p2b: Torkoal|flinch\n|\n|-weather|SunnyDay|[upkeep]\n|-heal|p1b: Archaludon|19/100|[from] item: Leftovers\n|upkeep\n|turn|14\n|\n|t:|1775888680\n|move|p1a: Sneasler|Close Combat|p2b: Torkoal\n|-damage|p2b: Torkoal|0 fnt\n|-unboost|p1a: Sneasler|def|1\n|-unboost|p1a: Sneasler|spd|1\n|faint|p2b: Torkoal\n|\n|win|Messi7555\n|raw|Messi7555's rating: 1046 &rarr; <strong>1087</strong><br />(+41 for winning)\n|raw|lolgz's rating: 1129 &rarr; <strong>1098</strong><br />(-31 for losing)\n",
  "uploadtime": 1775888680,
  "views": 16,
  "formatid": "gen9championsvgc2026regma",
  "rating": 1087,
  "private": 0,
  "password": null
}