{
  "id": "gen9championsvgc2026regma-2582056215",
  "format": "[Gen 9 Champions] VGC 2026 Reg M-A",
  "players": [
    "nusocs-m",
    "RomeoJY"
  ],
  "log": "|j|\u2606nusocs-m\n|j|\u2606RomeoJY\n|t:|1776052633\n|gametype|doubles\n|player|p1|nusocs-m|unknown|1083\n|player|p2|RomeoJY|102|1096\n|gen|9\n|tier|[Gen 9 Champions] VGC 2026 Reg M-A\n|rated|\n|rule|Species Clause: Limit one of each Pok\u00e9mon\n|rule|Item Clause: Limit 1 of each item\n|clearpoke\n|poke|p1|Charizard, L50, M|\n|poke|p1|Aerodactyl, L50, M|\n|poke|p1|Garchomp, L50, F|\n|poke|p1|Glimmora, L50, F|\n|poke|p1|Incineroar, L50, F|\n|poke|p1|Venusaur, L50, M|\n|poke|p2|Meganium, L50, F|\n|poke|p2|Pelipper, L50, M|\n|poke|p2|Basculegion, L50, M|\n|poke|p2|Archaludon, L50, F|\n|poke|p2|Weavile, L50, M|\n|poke|p2|Politoed, L50, F|\n|teampreview|4\n|inactive|Battle timer is ON: inactive players will automatically lose when time's up. (requested by RomeoJY)\n|\n|t:|1776052667\n|teamsize|p1|4\n|teamsize|p2|4\n|start\n|switch|p1a: Aerodactyl|Aerodactyl, L50, M|100/100\n|switch|p1b: Garchomp|Garchomp, L50, F|100/100\n|switch|p2a: Pelipper|Pelipper, L50, M|100/100\n|switch|p2b: Archaludon|Archaludon, L50, F, shiny|100/100\n|-ability|p1a: Aerodactyl|Unnerve\n|-weather|RainDance|[from] ability: Drizzle|[of] p2a: Pelipper\n|turn|1\n|inactive|nusocs-m has 30 seconds left.\n|\n|t:|1776052695\n|move|p1b: Garchomp|Protect|p1b: Garchomp\n|-singleturn|p1b: Garchomp|Protect\n|move|p1a: Aerodactyl|Tailwind|p1a: Aerodactyl\n|-sidestart|p1: nusocs-m|move: Tailwind\n|move|p2b: Archaludon|Draco Meteor|p1b: Garchomp\n|-activate|p1b: Garchomp|move: Protect\n|move|p2a: Pelipper|Hydro Pump|p1a: Aerodactyl\n|-supereffective|p1a: Aerodactyl|1\n|-enditem|p1a: Aerodactyl|Focus Sash\n|-damage|p1a: Aerodactyl|1/100\n|\n|-weather|RainDance|[upkeep]\n|upkeep\n|turn|2\n|\n|t:|1776052715\n|move|p1a: Aerodactyl|Protect|p1a: Aerodactyl\n|-singleturn|p1a: Aerodactyl|Protect\n|move|p1b: Garchomp|Earthquake|p2a: Pelipper|[spread] p2b\n|-activate|p1a: Aerodactyl|move: Protect\n|-immune|p2a: Pelipper\n|-supereffective|p2b: Archaludon|1\n|-damage|p2b: Archaludon|48/100\n|-ability|p2b: Archaludon|Stamina|boost\n|-boost|p2b: Archaludon|def|1\n|move|p2b: Archaludon|Draco Meteor|p1b: Garchomp\n|-supereffective|p1b: Garchomp|1\n|-damage|p1b: Garchomp|0 fnt\n|-unboost|p2b: Archaludon|spa|2\n|faint|p1b: Garchomp\n|-enditem|p2b: Archaludon|White Herb\n|-clearnegativeboost|p2b: Archaludon|[silent]\n|move|p2a: Pelipper|Hurricane|p1a: Aerodactyl\n|-activate|p1a: Aerodactyl|move: Protect\n|\n|-weather|RainDance|[upkeep]\n|upkeep\n|\n|t:|1776052729\n|switch|p1b: Glimmora|Glimmora, L50, F|100/100\n|turn|3\n|\n|t:|1776052743\n|detailschange|p1b: Glimmora|Glimmora-Mega, L50, F\n|-mega|p1b: Glimmora|Glimmora|Glimmoranite\n|move|p1a: Aerodactyl|Rock Slide|p2b: Archaludon|[spread] p2a,p2b\n|-supereffective|p2a: Pelipper|1\n|-resisted|p2b: Archaludon|1\n|-damage|p2a: Pelipper|61/100\n|-damage|p2b: Archaludon|42/100\n|-ability|p2b: Archaludon|Stamina|boost\n|-boost|p2b: Archaludon|def|1\n|move|p1b: Glimmora|Earth Power|p2b: Archaludon\n|-supereffective|p2b: Archaludon|1\n|-damage|p2b: Archaludon|0 fnt\n|faint|p2b: Archaludon\n|move|p2a: Pelipper|Hydro Pump|p1b: Glimmora\n|-supereffective|p1b: Glimmora|1\n|-damage|p1b: Glimmora|0 fnt\n|faint|p1b: Glimmora\n|\n|-weather|RainDance|[upkeep]\n|upkeep\n|\n|t:|1776052765\n|switch|p1b: Venusaur|Venusaur, L50, M|100/100\n|switch|p2b: Basculegion|Basculegion, L50, M, shiny|100/100\n|turn|4\n|\n|t:|1776052785\n|move|p1a: Aerodactyl|Rock Slide|p2b: Basculegion|[spread] p2b\n|-miss|p1a: Aerodactyl|p2a: Pelipper\n|-damage|p2b: Basculegion|69/100\n|move|p1b: Venusaur|Sleep Powder|p2b: Basculegion\n|-status|p2b: Basculegion|slp|[from] move: Sleep Powder\n|cant|p2b: Basculegion|slp\n|move|p2a: Pelipper|Hurricane|p1b: Venusaur\n|-supereffective|p1b: Venusaur|1\n|-damage|p1b: Venusaur|8/100\n|-start|p1b: Venusaur|confusion\n|\n|-weather|RainDance|[upkeep]\n|-heal|p1b: Venusaur|13/100|[from] item: Leftovers\n|-heal|p2b: Basculegion|75/100 slp|[from] item: Leftovers\n|-sideend|p1: nusocs-m|move: Tailwind\n|upkeep\n|turn|5\n|\n|t:|1776052807\n|switch|p2b: Meganium|Meganium, L50, F|100/100\n|move|p1a: Aerodactyl|Rock Slide|p2b: Meganium|[spread] p2a,p2b\n|-supereffective|p2a: Pelipper|1\n|-damage|p2a: Pelipper|24/100\n|-damage|p2b: Meganium|76/100\n|-activate|p1b: Venusaur|confusion\n|move|p1b: Venusaur|Sleep Powder|p2a: Pelipper\n|-status|p2a: Pelipper|slp|[from] move: Sleep Powder\n|cant|p2a: Pelipper|slp\n|\n|-weather|none\n|-heal|p1b: Venusaur|19/100|[from] item: Leftovers\n|upkeep\n|turn|6\n|\n|t:|1776052829\n|detailschange|p2b: Meganium|Meganium-Mega, L50, F\n|-mega|p2b: Meganium|Meganium|Meganiumite\n|move|p1a: Aerodactyl|Rock Slide|p2a: Pelipper|[spread] p2a,p2b\n|-supereffective|p2a: Pelipper|1\n|-damage|p2a: Pelipper|0 fnt\n|-damage|p2b: Meganium|55/100\n|faint|p2a: Pelipper\n|-activate|p1b: Venusaur|confusion\n|move|p1b: Venusaur|Sludge Bomb|p2b: Meganium\n|-supereffective|p2b: Meganium|2\n|-damage|p2b: Meganium|0 fnt\n|faint|p2b: Meganium\n|\n|-heal|p1b: Venusaur|25/100|[from] item: Leftovers\n|upkeep\n|\n|t:|1776052842\n|switch|p2a: Basculegion|Basculegion, L50, M, shiny|75/100 slp\n|turn|7\n|\n|t:|1776052853\n|move|p1a: Aerodactyl|Rock Slide|p2a: Basculegion|[miss]\n|-miss|p1a: Aerodactyl|p2a: Basculegion\n|-activate|p1b: Venusaur|confusion\n|move|p1b: Venusaur|Leaf Storm|p2a: Basculegion\n|-supereffective|p2a: Basculegion|1\n|-crit|p2a: Basculegion\n|-damage|p2a: Basculegion|0 fnt\n|-unboost|p1b: Venusaur|spa|2\n|faint|p2a: Basculegion\n|\n|win|nusocs-m\n|raw|nusocs-m's rating: 1083 &rarr; <strong>1112</strong><br />(+29 for winning)\n|raw|RomeoJY's rating: 1096 &rarr; <strong>1071</strong><br />(-25 for losing)\n|l|\u2606RomeoJY\n|player|p2|\n",
  "uploadtime": 1776052860,
  "views": 11,
  "formatid": "gen9championsvgc2026regma",
  "rating": 1071,
  "private": 0,
  "password": null
}