{
  "id": "gen9championsvgc2026regma-2584850758",
  "format": "[Gen 9 Champions] VGC 2026 Reg M-A",
  "players": [
    "thealex610",
    "iycer"
  ],
  "log": "|j|\u2606thealex610\n|j|\u2606iycer\n|t:|1776288592\n|gametype|doubles\n|player|p1|thealex610|101|1042\n|player|p2|iycer|102|1000\n|gen|9\n|tier|[Gen 9 Champions] VGC 2026 Reg M-A\n|rated|\n|rule|Species Clause: Limit one of each Pok\u00e9mon\n|rule|Item Clause: Limit 1 of each item\n|clearpoke\n|poke|p1|Sneasler, L50, M|\n|poke|p1|Talonflame, L50, F|\n|poke|p1|Milotic, L50, F|\n|poke|p1|Aegislash, L50, F|\n|poke|p1|Scizor, L50, F|\n|poke|p1|Tyranitar, L50, F|\n|poke|p2|Banette, L50, F|\n|poke|p2|Incineroar, L50, M|\n|poke|p2|Aegislash, L50, F|\n|poke|p2|Venusaur, L50, M|\n|poke|p2|Charizard, L50, F|\n|poke|p2|Whimsicott, L50, F|\n|teampreview|4\n|inactive|Battle timer is ON: inactive players will automatically lose when time's up. (requested by thealex610)\n|\n|t:|1776288622\n|teamsize|p1|4\n|teamsize|p2|4\n|start\n|switch|p1a: Milotic|Milotic, L50, F|100/100\n|switch|p1b: Sneasler|Sneasler, L50, M|100/100\n|switch|p2a: Whimsicott|Whimsicott, L50, F|100/100\n|switch|p2b: Aegislash|Aegislash, L50, F|100/100\n|turn|1\n|\n|t:|1776288646\n|move|p2a: Whimsicott|Protect|p2a: Whimsicott\n|-singleturn|p2a: Whimsicott|Protect\n|move|p1b: Sneasler|Fake Out|p2a: Whimsicott\n|-activate|p2a: Whimsicott|move: Protect\n|move|p1a: Milotic|Icy Wind|p2a: Whimsicott|[spread] p2b\n|-activate|p2a: Whimsicott|move: Protect\n|-resisted|p2b: Aegislash|1\n|-damage|p2b: Aegislash|96/100\n|-unboost|p2b: Aegislash|spe|1\n|move|p2b: Aegislash|Swords Dance|p2b: Aegislash\n|-boost|p2b: Aegislash|atk|2\n|\n|upkeep\n|turn|2\n|\n|t:|1776288667\n|move|p2b: Aegislash|King's Shield|p2b: Aegislash\n|-singleturn|p2b: Aegislash|Protect\n|move|p2a: Whimsicott|Tailwind|p2a: Whimsicott\n|-sidestart|p2: iycer|move: Tailwind\n|move|p1b: Sneasler|Dire Claw|p2a: Whimsicott\n|-supereffective|p2a: Whimsicott|2\n|-damage|p2a: Whimsicott|0 fnt\n|faint|p2a: Whimsicott\n|move|p1a: Milotic|Icy Wind|p2b: Aegislash\n|-activate|p2b: Aegislash|move: Protect\n|\n|upkeep\n|\n|t:|1776288680\n|switch|p2a: Venusaur|Venusaur, L50, M|100/100\n|turn|3\n|\n|t:|1776288690\n|-formechange|p2b: Aegislash|Aegislash-Blade|\n|move|p2b: Aegislash|Shadow Sneak|p1b: Sneasler\n|-damage|p1b: Sneasler|10/100\n|move|p2a: Venusaur|Earth Power|p1b: Sneasler\n|-supereffective|p1b: Sneasler|1\n|-damage|p1b: Sneasler|0 fnt\n|faint|p1b: Sneasler\n|move|p1a: Milotic|Scald|p2b: Aegislash\n|-damage|p2b: Aegislash|29/100\n|\n|upkeep\n|\n|t:|1776288705\n|switch|p1b: Tyranitar|Tyranitar, L50, F|100/100\n|-weather|Sandstorm|[from] ability: Sand Stream|[of] p1b: Tyranitar\n|turn|4\n|inactive|thealex610 has 30 seconds left.\n|\n|t:|1776288731\n|move|p2a: Venusaur|Sleep Powder|p1b: Tyranitar\n|-status|p1b: Tyranitar|slp|[from] move: Sleep Powder\n|move|p1a: Milotic|Scald|p2b: Aegislash\n|-damage|p2b: Aegislash|0 fnt\n|faint|p2b: Aegislash\n|cant|p1b: Tyranitar|slp\n|\n|-weather|Sandstorm|[upkeep]\n|-damage|p2a: Venusaur|95/100|[from] Sandstorm\n|-damage|p1a: Milotic|95/100|[from] Sandstorm\n|upkeep\n|\n|t:|1776288740\n|switch|p2b: Charizard|Charizard, L50, F|100/100\n|turn|5\n|inactive|thealex610 has 30 seconds left.\n|inactive|thealex610 has 20 seconds left.\n|\n|t:|1776288776\n|detailschange|p2b: Charizard|Charizard-Mega-Y, L50, F\n|-mega|p2b: Charizard|Charizard|Charizardite Y\n|-weather|SunnyDay|[from] ability: Drought|[of] p2b: Charizard\n|move|p1a: Milotic|Protect|p1a: Milotic\n|-singleturn|p1a: Milotic|Protect\n|-curestatus|p1b: Tyranitar|slp|[msg]\n|move|p1b: Tyranitar|Protect|p1b: Tyranitar\n|-singleturn|p1b: Tyranitar|Protect\n|move|p2a: Venusaur|Sleep Powder|p1a: Milotic\n|-activate|p1a: Milotic|move: Protect\n|move|p2b: Charizard|Dragon Pulse|p1a: Milotic\n|-activate|p1a: Milotic|move: Protect\n|\n|-weather|SunnyDay|[upkeep]\n|-sideend|p2: iycer|move: Tailwind\n|upkeep\n|turn|6\n|-message|iycer forfeited.\n|\n|win|thealex610\n|raw|thealex610's rating: 1042 &rarr; <strong>1072</strong><br />(+30 for winning)\n|raw|iycer's rating: 1000 &rarr; <strong>1000</strong><br />(+0 for losing)\n|l|\u2606iycer\n|player|p2|\n",
  "uploadtime": 1776288795,
  "views": 18,
  "formatid": "gen9championsvgc2026regma",
  "rating": 1000,
  "private": 0,
  "password": null
}