{
  "id": "gen9championsvgc2026regma-2580370909",
  "format": "[Gen 9 Champions] VGC 2026 Reg M-A",
  "players": [
    "SaioSeli",
    "diegoncyl"
  ],
  "log": "|j|\u2606SaioSeli\n|j|\u2606diegoncyl\n|t:|1775886576\n|gametype|doubles\n|player|p1|SaioSeli|selene|1082\n|player|p2|diegoncyl|hilbert-wonderlauncher|1040\n|gen|9\n|tier|[Gen 9 Champions] VGC 2026 Reg M-A\n|rated|\n|rule|Species Clause: Limit one of each Pok\u00e9mon\n|rule|Item Clause: Limit 1 of each item\n|clearpoke\n|poke|p1|Incineroar, L50, F|\n|poke|p1|Aerodactyl, L50, F|\n|poke|p1|Raichu, L50, M|\n|poke|p1|Sneasler, L50, M|\n|poke|p1|Charizard, L50, F|\n|poke|p1|Whimsicott, L50, F|\n|poke|p2|Dragonite, L50, F|\n|poke|p2|Kingambit, L50, F|\n|poke|p2|Pelipper, L50, M|\n|poke|p2|Basculegion, L50, M|\n|poke|p2|Sinistcha, L50|\n|poke|p2|Incineroar, L50, M|\n|teampreview|4\n|inactive|Battle timer is ON: inactive players will automatically lose when time's up. (requested by diegoncyl)\n|inactive|SaioSeli has 60 seconds left.\n|inactive|diegoncyl has 60 seconds left.\n|\n|t:|1775886624\n|teamsize|p1|4\n|teamsize|p2|4\n|start\n|switch|p1a: Whimsicott|Whimsicott, L50, F|100/100\n|switch|p1b: Raichu|Raichu, L50, M|100/100\n|switch|p2a: Dragonite|Dragonite, L50, F|100/100\n|switch|p2b: Basculegion|Basculegion, L50, M|100/100\n|turn|1\n|\n|t:|1775886647\n|switch|p2b: Incineroar|Incineroar, L50, M|100/100\n|-ability|p2b: Incineroar|Intimidate|boost\n|-unboost|p1a: Whimsicott|atk|1\n|-unboost|p1b: Raichu|atk|1\n|detailschange|p2a: Dragonite|Dragonite-Mega, L50, F\n|-mega|p2a: Dragonite|Dragonite|Dragoninite\n|move|p1b: Raichu|Volt Switch|p2b: Incineroar\n|-damage|p2b: Incineroar|84/100\n|\n|t:|1775886652\n|switch|p1b: Incineroar|Incineroar, L50, F|100/100|[from] Volt Switch\n|-ability|p1b: Incineroar|Intimidate|boost\n|-unboost|p2a: Dragonite|atk|1\n|-unboost|p2b: Incineroar|atk|1\n|move|p2a: Dragonite|Draco Meteor|p1b: Incineroar\n|-damage|p1b: Incineroar|16/100\n|-unboost|p2a: Dragonite|spa|2\n|move|p1a: Whimsicott|Moonblast|p2a: Dragonite\n|-supereffective|p2a: Dragonite|1\n|-damage|p2a: Dragonite|77/100\n|\n|upkeep\n|turn|2\n|inactive|diegoncyl has 30 seconds left.\n|inactive|diegoncyl has 20 seconds left.\n|\n|t:|1775886689\n|switch|p2a: Pelipper|Pelipper, L50, M|100/100\n|-weather|RainDance|[from] ability: Drizzle|[of] p2a: Pelipper\n|move|p2b: Incineroar|Fake Out|p1a: Whimsicott\n|-crit|p1a: Whimsicott\n|-damage|p1a: Whimsicott|84/100\n|cant|p1a: Whimsicott|flinch\n|move|p1b: Incineroar|Drain Punch|p2b: Incineroar\n|-supereffective|p2b: Incineroar|1\n|-damage|p2b: Incineroar|41/100\n|-heal|p1b: Incineroar|42/100|[from] drain|[of] p2b: Incineroar\n|-enditem|p2b: Incineroar|Sitrus Berry|[eat]\n|-heal|p2b: Incineroar|65/100|[from] item: Sitrus Berry\n|\n|-weather|RainDance|[upkeep]\n|upkeep\n|turn|3\n|inactive|diegoncyl has 30 seconds left.\n|\n|t:|1775886717\n|switch|p2b: Basculegion|Basculegion, L50, M|100/100\n|move|p1a: Whimsicott|Sunny Day|p1a: Whimsicott\n|-weather|SunnyDay\n|move|p2a: Pelipper|Hurricane|p1a: Whimsicott|[miss]\n|-miss|p2a: Pelipper|p1a: Whimsicott\n|move|p1b: Incineroar|Drain Punch|p2b: Basculegion\n|-immune|p2b: Basculegion\n|\n|-weather|SunnyDay|[upkeep]\n|upkeep\n|turn|4\n|\n|t:|1775886731\n|switch|p2a: Incineroar|Incineroar, L50, M|65/100\n|-ability|p2a: Incineroar|Intimidate|boost\n|-unboost|p1a: Whimsicott|atk|1\n|-unboost|p1b: Incineroar|atk|1\n|move|p1a: Whimsicott|Tailwind|p1a: Whimsicott\n|-sidestart|p1: SaioSeli|move: Tailwind\n|move|p1b: Incineroar|Parting Shot|p2b: Basculegion\n|-unboost|p2b: Basculegion|atk|1\n|-unboost|p2b: Basculegion|spa|1\n|\n|t:|1775886733\n|switch|p1b: Raichu|Raichu, L50, M|100/100|[from] Parting Shot\n|move|p2b: Basculegion|Wave Crash|p1b: Raichu\n|-damage|p1b: Raichu|60/100\n|-damage|p2b: Basculegion|91/100|[from] Recoil\n|\n|-weather|SunnyDay|[upkeep]\n|upkeep\n|turn|5\n|\n|t:|1775886748\n|switch|p2a: Pelipper|Pelipper, L50, M|100/100\n|-weather|RainDance|[from] ability: Drizzle|[of] p2a: Pelipper\n|move|p1a: Whimsicott|Sunny Day|p1a: Whimsicott\n|-weather|SunnyDay\n|move|p1b: Raichu|Volt Switch|p2a: Pelipper\n|-supereffective|p2a: Pelipper|2\n|-enditem|p2a: Pelipper|Focus Sash\n|-damage|p2a: Pelipper|1/100\n|inactive|SaioSeli has 30 seconds left.\n|\n|t:|1775886774\n|switch|p1b: Incineroar|Incineroar, L50, F|42/100|[from] Volt Switch\n|-ability|p1b: Incineroar|Intimidate|boost\n|-unboost|p2a: Pelipper|atk|1\n|-unboost|p2b: Basculegion|atk|1\n|move|p2b: Basculegion|Wave Crash|p1b: Incineroar\n|-supereffective|p1b: Incineroar|1\n|-damage|p1b: Incineroar|5/100\n|-damage|p2b: Basculegion|81/100|[from] Recoil\n|\n|-weather|SunnyDay|[upkeep]\n|upkeep\n|turn|6\n|\n|t:|1775886791\n|switch|p2a: Incineroar|Incineroar, L50, M|65/100\n|-ability|p2a: Incineroar|Intimidate|boost\n|-unboost|p1a: Whimsicott|atk|1\n|-unboost|p1b: Incineroar|atk|1\n|move|p2b: Basculegion|Aqua Jet|p1b: Incineroar\n|-supereffective|p1b: Incineroar|1\n|-damage|p1b: Incineroar|0 fnt\n|faint|p1b: Incineroar\n|move|p1a: Whimsicott|Moonblast|p2a: Incineroar\n|-damage|p2a: Incineroar|43/100\n|\n|-weather|SunnyDay|[upkeep]\n|upkeep\n|\n|t:|1775886803\n|switch|p1b: Raichu|Raichu, L50, M|60/100\n|turn|7\n|\n|t:|1775886811\n|switch|p2b: Dragonite|Dragonite-Mega, L50, F|77/100\n|move|p2a: Incineroar|Fake Out|p1b: Raichu\n|-damage|p1b: Raichu|44/100\n|move|p1a: Whimsicott|Sunny Day||[still]\n|-fail|p1a: Whimsicott\n|cant|p1b: Raichu|flinch\n|\n|-weather|SunnyDay|[upkeep]\n|-sideend|p1: SaioSeli|move: Tailwind\n|upkeep\n|turn|8\n|\n|t:|1775886830\n|move|p2b: Dragonite|Protect|p2b: Dragonite\n|-singleturn|p2b: Dragonite|Protect\n|move|p1a: Whimsicott|Tailwind|p1a: Whimsicott\n|-sidestart|p1: SaioSeli|move: Tailwind\n|move|p1b: Raichu|Dazzling Gleam|p2b: Dragonite|[spread] p2a\n|-activate|p2b: Dragonite|move: Protect\n|-damage|p2a: Incineroar|30/100\n|move|p2a: Incineroar|Flare Blitz|p1a: Whimsicott\n|-supereffective|p1a: Whimsicott|1\n|-damage|p1a: Whimsicott|0 fnt\n|faint|p1a: Whimsicott\n|-damage|p2a: Incineroar|10/100|[from] Recoil\n|\n|-weather|SunnyDay|[upkeep]\n|upkeep\n|\n|t:|1775886832\n|switch|p1a: Charizard|Charizard, L50, F|100/100\n|turn|9\n|inactive|diegoncyl has 30 seconds left.\n|\n|t:|1775886859\n|move|p1a: Charizard|Protect|p1a: Charizard\n|-singleturn|p1a: Charizard|Protect\n|move|p1b: Raichu|Dazzling Gleam|p2a: Incineroar|[spread] p2a,p2b\n|-crit|p2a: Incineroar\n|-supereffective|p2b: Dragonite|1\n|-damage|p2a: Incineroar|0 fnt\n|-damage|p2b: Dragonite|51/100\n|faint|p2a: Incineroar\n|move|p2b: Dragonite|Draco Meteor|p1b: Raichu|[miss]\n|-miss|p2b: Dragonite|p1b: Raichu\n|\n|-weather|none\n|upkeep\n|\n|t:|1775886869\n|switch|p2a: Basculegion|Basculegion, L50, M|81/100\n|turn|10\n|inactive|SaioSeli has 30 seconds left.\n|inactive|diegoncyl has 30 seconds left.\n|\n|t:|1775886901\n|detailschange|p1a: Charizard|Charizard-Mega-Y, L50, F\n|-mega|p1a: Charizard|Charizard|Charizardite Y\n|-weather|SunnyDay|[from] ability: Drought|[of] p1a: Charizard\n|move|p1b: Raichu|Protect|p1b: Raichu\n|-singleturn|p1b: Raichu|Protect\n|move|p2b: Dragonite|Protect|p2b: Dragonite\n|-singleturn|p2b: Dragonite|Protect\n|move|p2a: Basculegion|Protect|p2a: Basculegion\n|-singleturn|p2a: Basculegion|Protect\n|move|p1a: Charizard|Solar Beam||[still]\n|-prepare|p1a: Charizard|Solar Beam\n|-anim|p1a: Charizard|Solar Beam|p2a: Basculegion\n|-activate|p2a: Basculegion|move: Protect\n|\n|-weather|SunnyDay|[upkeep]\n|upkeep\n|turn|11\n|inactive|diegoncyl has 30 seconds left.\n|\n|t:|1775886936\n|switch|p2a: Pelipper|Pelipper, L50, M|1/100\n|-weather|RainDance|[from] ability: Drizzle|[of] p2a: Pelipper\n|move|p1b: Raichu|Dazzling Gleam|p2b: Dragonite|[spread] p2a,p2b\n|-supereffective|p2b: Dragonite|1\n|-damage|p2a: Pelipper|0 fnt\n|-damage|p2b: Dragonite|23/100\n|faint|p2a: Pelipper\n|move|p1a: Charizard|Heat Wave|p2b: Dragonite\n|-resisted|p2b: Dragonite|1\n|-damage|p2b: Dragonite|11/100\n|move|p2b: Dragonite|Draco Meteor|p1b: Raichu\n|-damage|p1b: Raichu|0 fnt\n|-unboost|p2b: Dragonite|spa|2\n|faint|p1b: Raichu\n|\n|-weather|RainDance|[upkeep]\n|-sideend|p1: SaioSeli|move: Tailwind\n|upkeep\n|\n|t:|1775886949\n|switch|p2a: Basculegion|Basculegion, L50, M|81/100\n|turn|12\n|\n|t:|1775886953\n|move|p1a: Charizard|Protect|p1a: Charizard\n|-singleturn|p1a: Charizard|Protect\n|move|p2a: Basculegion|Wave Crash|p1a: Charizard\n|-activate|p1a: Charizard|move: Protect\n|move|p2b: Dragonite|Draco Meteor|p1a: Charizard\n|-activate|p1a: Charizard|move: Protect\n|\n|-weather|RainDance|[upkeep]\n|upkeep\n|turn|13\n|\n|t:|1775886961\n|move|p2a: Basculegion|Wave Crash|p1a: Charizard\n|-supereffective|p1a: Charizard|1\n|-damage|p1a: Charizard|0 fnt\n|faint|p1a: Charizard\n|-damage|p2a: Basculegion|56/100|[from] Recoil\n|\n|win|diegoncyl\n|raw|SaioSeli's rating: 1082 &rarr; <strong>1057</strong><br />(-25 for losing)\n|raw|diegoncyl's rating: 1040 &rarr; <strong>1078</strong><br />(+38 for winning)\n|c|\u2606SaioSeli|gg\n",
  "uploadtime": 1775886970,
  "views": 14,
  "formatid": "gen9championsvgc2026regma",
  "rating": 1057,
  "private": 0,
  "password": null
}