{
  "id": "gen9championsvgc2026regma-2582810568",
  "format": "[Gen 9 Champions] VGC 2026 Reg M-A",
  "players": [
    "WaluigiVGC",
    "pg_castellanos"
  ],
  "log": "|j|\u2606WaluigiVGC\n|j|\u2606pg_castellanos\n|t:|1776115848\n|gametype|doubles\n|player|p1|WaluigiVGC|102|1184\n|player|p2|pg_castellanos|blue|1133\n|gen|9\n|tier|[Gen 9 Champions] VGC 2026 Reg M-A\n|rated|\n|rule|Species Clause: Limit one of each Pok\u00e9mon\n|rule|Item Clause: Limit 1 of each item\n|clearpoke\n|poke|p1|Archaludon, L50, M|\n|poke|p1|Pelipper, L50, M|\n|poke|p1|Sneasler, L50, M|\n|poke|p1|Incineroar, L50, F|\n|poke|p1|Basculegion, L50, M|\n|poke|p1|Gengar, L50, F|\n|poke|p2|Froslass, L50, F|\n|poke|p2|Sneasler, L50, M|\n|poke|p2|Aerodactyl, L50, M|\n|poke|p2|Garchomp, L50, M|\n|poke|p2|Kingambit, L50, F|\n|poke|p2|Rotom-Wash, L50|\n|teampreview|4\n|\n|t:|1776115888\n|teamsize|p1|4\n|teamsize|p2|4\n|start\n|switch|p1a: Sneasler|Sneasler, L50, M|100/100\n|switch|p1b: Basculegion|Basculegion, L50, M|100/100\n|switch|p2a: Sneasler|Sneasler, L50, M|100/100\n|switch|p2b: Aerodactyl|Aerodactyl, L50, M|100/100\n|-ability|p2b: Aerodactyl|Unnerve\n|turn|1\n|inactive|Battle timer is ON: inactive players will automatically lose when time's up. (requested by pg_castellanos)\n|\n|t:|1776115918\n|move|p2b: Aerodactyl|Protect|p2b: Aerodactyl\n|-singleturn|p2b: Aerodactyl|Protect\n|move|p2a: Sneasler|Protect|p2a: Sneasler\n|-singleturn|p2a: Sneasler|Protect\n|move|p1b: Basculegion|Flip Turn|p2b: Aerodactyl\n|-activate|p2b: Aerodactyl|move: Protect\n|move|p1a: Sneasler|Close Combat|p2a: Sneasler\n|-activate|p2a: Sneasler|move: Protect\n|\n|upkeep\n|turn|2\n|\n|t:|1776115936\n|move|p1a: Sneasler|Protect|p1a: Sneasler\n|-singleturn|p1a: Sneasler|Protect\n|move|p1b: Basculegion|Flip Turn|p2b: Aerodactyl\n|-supereffective|p2b: Aerodactyl|1\n|-enditem|p2b: Aerodactyl|Focus Sash\n|-damage|p2b: Aerodactyl|1/100\n|\n|t:|1776115944\n|switch|p1b: Pelipper|Pelipper, L50, M|100/100|[from] Flip Turn\n|-weather|RainDance|[from] ability: Drizzle|[of] p1b: Pelipper\n|move|p2b: Aerodactyl|Rock Slide|p1b: Pelipper|[spread] p1b\n|-activate|p1a: Sneasler|move: Protect\n|-supereffective|p1b: Pelipper|1\n|-damage|p1b: Pelipper|38/100\n|move|p2a: Sneasler|Close Combat|p1a: Sneasler\n|-activate|p1a: Sneasler|move: Protect\n|\n|-weather|RainDance|[upkeep]\n|upkeep\n|turn|3\n|inactive|WaluigiVGC has 30 seconds left.\n|\n|t:|1776115976\n|move|p2a: Sneasler|Protect|p2a: Sneasler\n|-singleturn|p2a: Sneasler|Protect\n|move|p2b: Aerodactyl|Tailwind|p2b: Aerodactyl\n|-sidestart|p2: pg_castellanos|move: Tailwind\n|move|p1a: Sneasler|Close Combat|p2b: Aerodactyl\n|-damage|p2b: Aerodactyl|0 fnt\n|-unboost|p1a: Sneasler|def|1\n|-unboost|p1a: Sneasler|spd|1\n|faint|p2b: Aerodactyl\n|-enditem|p1a: Sneasler|White Herb\n|-clearnegativeboost|p1a: Sneasler|[silent]\n|move|p1b: Pelipper|Hurricane|p2a: Sneasler\n|-activate|p2a: Sneasler|move: Protect\n|\n|-weather|RainDance|[upkeep]\n|upkeep\n|\n|t:|1776115990\n|switch|p2b: Froslass|Froslass, L50, F|100/100\n|turn|4\n|\n|t:|1776116003\n|switch|p1b: Basculegion|Basculegion, L50, M|100/100\n|detailschange|p2b: Froslass|Froslass-Mega, L50, F\n|-mega|p2b: Froslass|Froslass|Froslassite\n|-weather|Snowscape|[from] ability: Snow Warning|[of] p2b: Froslass\n|move|p1a: Sneasler|Protect|p1a: Sneasler\n|-singleturn|p1a: Sneasler|Protect\n|move|p2b: Froslass|Blizzard|p1b: Basculegion|[spread] p1b\n|-activate|p1a: Sneasler|move: Protect\n|-resisted|p1b: Basculegion|1\n|-damage|p1b: Basculegion|73/100\n|move|p2a: Sneasler|Dire Claw|p1a: Sneasler\n|-activate|p1a: Sneasler|move: Protect\n|\n|-weather|Snowscape|[upkeep]\n|upkeep\n|turn|5\n|inactive|WaluigiVGC has 30 seconds left.\n|\n|t:|1776116031\n|switch|p1a: Pelipper|Pelipper, L50, M|38/100\n|-weather|RainDance|[from] ability: Drizzle|[of] p1a: Pelipper\n|switch|p1b: Archaludon|Archaludon, L50, M|100/100\n|move|p2b: Froslass|Aurora Veil||[still]\n|-fail|p2b: Froslass\n|move|p2a: Sneasler|Dire Claw|p1b: Archaludon\n|-immune|p1b: Archaludon\n|\n|-weather|RainDance|[upkeep]\n|upkeep\n|turn|6\n|\n|t:|1776116054\n|switch|p2b: Kingambit|Kingambit, L50, F, shiny|100/100\n|move|p1b: Archaludon|Protect|p1b: Archaludon\n|-singleturn|p1b: Archaludon|Protect\n|move|p1a: Pelipper|Protect|p1a: Pelipper\n|-singleturn|p1a: Pelipper|Protect\n|move|p2a: Sneasler|Close Combat|p1b: Archaludon\n|-activate|p1b: Archaludon|move: Protect\n|\n|-weather|RainDance|[upkeep]\n|-sideend|p2: pg_castellanos|move: Tailwind\n|upkeep\n|turn|7\n|inactive|WaluigiVGC has 30 seconds left.\n|\n|t:|1776116080\n|switch|p1b: Sneasler|Sneasler, L50, M|100/100\n|move|p2a: Sneasler|Close Combat|p1b: Sneasler\n|-resisted|p1b: Sneasler|1\n|-damage|p1b: Sneasler|41/100\n|-unboost|p2a: Sneasler|def|1\n|-unboost|p2a: Sneasler|spd|1\n|-enditem|p2a: Sneasler|White Herb\n|-clearnegativeboost|p2a: Sneasler|[silent]\n|move|p1a: Pelipper|Hurricane|p2a: Sneasler\n|-supereffective|p2a: Sneasler|1\n|-damage|p2a: Sneasler|0 fnt\n|faint|p2a: Sneasler\n|move|p2b: Kingambit|Kowtow Cleave|p1a: Pelipper\n|-crit|p1a: Pelipper\n|-damage|p1a: Pelipper|0 fnt\n|faint|p1a: Pelipper\n|\n|-weather|RainDance|[upkeep]\n|upkeep\n|\n|t:|1776116100\n|switch|p2a: Froslass|Froslass-Mega, L50, F|100/100\n|switch|p1a: Archaludon|Archaludon, L50, M|100/100\n|-weather|Snowscape|[from] ability: Snow Warning|[of] p2a: Froslass\n|turn|8\n|\n|t:|1776116116\n|move|p2b: Kingambit|Protect|p2b: Kingambit\n|-singleturn|p2b: Kingambit|Protect\n|move|p2a: Froslass|Aurora Veil|p2a: Froslass\n|-sidestart|p2: pg_castellanos|move: Aurora Veil\n|move|p1b: Sneasler|Close Combat|p2b: Kingambit\n|-activate|p2b: Kingambit|move: Protect\n|move|p1a: Archaludon|Flash Cannon|p2a: Froslass\n|-supereffective|p2a: Froslass|1\n|-damage|p2a: Froslass|34/100\n|\n|-weather|Snowscape|[upkeep]\n|upkeep\n|turn|9\n|\n|t:|1776116137\n|move|p2a: Froslass|Blizzard|p1b: Sneasler|[spread] p1a,p1b\n|-damage|p1a: Archaludon|50/100\n|-damage|p1b: Sneasler|0 fnt\n|-status|p1a: Archaludon|frz\n|-ability|p1a: Archaludon|Stamina|boost\n|-boost|p1a: Archaludon|def|1\n|faint|p1b: Sneasler\n|cant|p1a: Archaludon|frz\n|move|p2b: Kingambit|Kowtow Cleave|p1a: Archaludon\n|-damage|p1a: Archaludon|22/100 frz\n|-ability|p1a: Archaludon|Stamina|boost\n|-boost|p1a: Archaludon|def|1\n|\n|-weather|Snowscape|[upkeep]\n|-heal|p1a: Archaludon|28/100 frz|[from] item: Leftovers\n|upkeep\n|\n|t:|1776116152\n|switch|p1b: Basculegion|Basculegion, L50, M|73/100\n|turn|10\n|inactive|WaluigiVGC has 30 seconds left.\n|inactive|WaluigiVGC has 20 seconds left.\n|inactive|WaluigiVGC has 15 seconds left.\n|\n|t:|1776116194\n|move|p2b: Kingambit|Sucker Punch|p1b: Basculegion\n|-supereffective|p1b: Basculegion|1\n|-damage|p1b: Basculegion|0 fnt\n|faint|p1b: Basculegion\n|move|p2a: Froslass|Blizzard|p1a: Archaludon\n|-damage|p1a: Archaludon|0 fnt\n|faint|p1a: Archaludon\n|\n|win|pg_castellanos\n|raw|WaluigiVGC's rating: 1184 &rarr; <strong>1155</strong><br />(-29 for losing)\n|raw|pg_castellanos's rating: 1133 &rarr; <strong>1162</strong><br />(+29 for winning)\n",
  "uploadtime": 1776116203,
  "views": 18,
  "formatid": "gen9championsvgc2026regma",
  "rating": 1155,
  "private": 0,
  "password": null
}