{
  "id": "gen9championsvgc2026regma-2581627374",
  "format": "[Gen 9 Champions] VGC 2026 Reg M-A",
  "players": [
    "DavidTIS",
    "onyxbog"
  ],
  "log": "|j|\u2606DavidTIS\n|j|\u2606onyxbog\n|t:|1776016235\n|gametype|doubles\n|player|p1|DavidTIS|volkner|1135\n|player|p2|onyxbog|iris|1193\n|gen|9\n|tier|[Gen 9 Champions] VGC 2026 Reg M-A\n|rated|\n|rule|Species Clause: Limit one of each Pok\u00e9mon\n|rule|Item Clause: Limit 1 of each item\n|clearpoke\n|poke|p1|Garganacl, L50, F|\n|poke|p1|Mimikyu, L50, F|\n|poke|p1|Chimecho, L50, F|\n|poke|p1|Slowbro, L50, F|\n|poke|p1|Lucario, L50, F|\n|poke|p1|Drampa, L50, M|\n|poke|p2|Gallade, L50, M|\n|poke|p2|Kingambit, L50, F|\n|poke|p2|Altaria, L50, M|\n|poke|p2|Floette-Eternal, L50, F|\n|poke|p2|Maushold-Four, L50|\n|poke|p2|Mamoswine, L50, F|\n|teampreview|4\n|inactive|Battle timer is ON: inactive players will automatically lose when time's up. (requested by DavidTIS)\n|inactive|DavidTIS has 60 seconds left.\n|\n|t:|1776016272\n|teamsize|p1|4\n|teamsize|p2|4\n|start\n|switch|p1a: Mimikyu|Mimikyu, L50, F|100/100\n|switch|p1b: Lucario|Lucario, L50, F|100/100\n|switch|p2a: Gallade|Gallade, L50, M|100/100\n|switch|p2b: Maushold|Maushold-Four, L50|100/100\n|turn|1\n|\n|t:|1776016288\n|detailschange|p2a: Gallade|Gallade-Mega, L50, M\n|-mega|p2a: Gallade|Gallade|Galladite\n|move|p2a: Gallade|Protect|p2a: Gallade\n|-singleturn|p2a: Gallade|Protect\n|move|p2b: Maushold|U-turn|p1a: Mimikyu\n|-activate|p1a: Mimikyu|ability: Disguise\n|-damage|p1a: Mimikyu|100/100\n|detailschange|p1a: Mimikyu|Mimikyu-Busted, L50, F\n|-damage|p1a: Mimikyu|88/100|[from] pokemon: Mimikyu-Busted\n|\n|t:|1776016293\n|switch|p2b: Altaria|Altaria, L50, M, shiny|100/100|[from] U-turn\n|-ability|p2b: Altaria|Cloud Nine\n|move|p1b: Lucario|Aura Sphere|p2b: Altaria\n|-resisted|p2b: Altaria|1\n|-damage|p2b: Altaria|83/100\n|move|p1a: Mimikyu|Trick Room|p1a: Mimikyu\n|-fieldstart|move: Trick Room|[of] p1a: Mimikyu\n|\n|upkeep\n|turn|2\n|inactive|DavidTIS has 30 seconds left.\n|\n|t:|1776016321\n|switch|p2a: Maushold|Maushold-Four, L50|100/100\n|move|p2b: Altaria|Will-O-Wisp|p1a: Mimikyu\n|-status|p1a: Mimikyu|brn\n|move|p1a: Mimikyu|Shadow Claw|p2a: Maushold\n|-immune|p2a: Maushold\n|move|p1b: Lucario|Dragon Pulse|p2b: Altaria\n|-supereffective|p2b: Altaria|1\n|-damage|p2b: Altaria|43/100\n|-enditem|p2b: Altaria|Sitrus Berry|[eat]\n|-heal|p2b: Altaria|68/100|[from] item: Sitrus Berry\n|\n|-damage|p1a: Mimikyu|82/100 brn|[from] brn\n|upkeep\n|turn|3\n|\n|t:|1776016345\n|switch|p1a: Drampa|Drampa, L50, M|100/100\n|-ability|p1a: Drampa|Cloud Nine\n|move|p2b: Altaria|Protect|p2b: Altaria\n|-singleturn|p2b: Altaria|Protect\n|move|p2a: Maushold|Protect|p2a: Maushold\n|-singleturn|p2a: Maushold|Protect\n|move|p1b: Lucario|Aura Sphere|p2a: Maushold\n|-activate|p2a: Maushold|move: Protect\n|\n|upkeep\n|turn|4\n|\n|t:|1776016365\n|switch|p2b: Kingambit|Kingambit, L50, F|100/100\n|switch|p2a: Gallade|Gallade-Mega, L50, M|100/100\n|move|p1a: Drampa|Ice Beam|p2b: Kingambit\n|-resisted|p2b: Kingambit|1\n|-damage|p2b: Kingambit|82/100\n|move|p1b: Lucario|Aura Sphere|p2a: Gallade\n|-resisted|p2a: Gallade|1\n|-damage|p2a: Gallade|78/100\n|\n|upkeep\n|turn|5\n|\n|t:|1776016377\n|move|p2b: Kingambit|Protect|p2b: Kingambit\n|-singleturn|p2b: Kingambit|Protect\n|move|p2a: Gallade|Protect|p2a: Gallade\n|-singleturn|p2a: Gallade|Protect\n|move|p1a: Drampa|Draco Meteor|p2a: Gallade\n|-activate|p2a: Gallade|move: Protect\n|move|p1b: Lucario|Aura Sphere|p2b: Kingambit\n|-activate|p2b: Kingambit|move: Protect\n|\n|-fieldend|move: Trick Room\n|upkeep\n|turn|6\n|\n|t:|1776016390\n|switch|p2b: Maushold|Maushold-Four, L50|100/100\n|move|p2a: Gallade|Sacred Sword|p1b: Lucario\n|-supereffective|p1b: Lucario|1\n|-enditem|p1b: Lucario|Focus Sash\n|-damage|p1b: Lucario|1/100\n|move|p1b: Lucario|Aura Sphere|p2b: Maushold\n|-supereffective|p2b: Maushold|1\n|-damage|p2b: Maushold|3/100\n|move|p1a: Drampa|Draco Meteor|p2a: Gallade\n|-damage|p2a: Gallade|20/100\n|-unboost|p1a: Drampa|spa|2\n|-enditem|p1a: Drampa|White Herb\n|-clearnegativeboost|p1a: Drampa|[silent]\n|\n|-heal|p2b: Maushold|9/100|[from] item: Leftovers\n|upkeep\n|turn|7\n|inactive|DavidTIS has 30 seconds left.\n|\n|t:|1776016420\n|move|p2b: Maushold|Protect|p2b: Maushold\n|-singleturn|p2b: Maushold|Protect\n|move|p1b: Lucario|Bullet Punch|p2b: Maushold\n|-activate|p2b: Maushold|move: Protect\n|move|p2a: Gallade|Sacred Sword|p1a: Drampa\n|-supereffective|p1a: Drampa|1\n|-damage|p1a: Drampa|0 fnt\n|faint|p1a: Drampa\n|\n|-heal|p2b: Maushold|15/100|[from] item: Leftovers\n|upkeep\n|\n|t:|1776016428\n|switch|p1a: Mimikyu|Mimikyu-Busted, L50, F|82/100 brn\n|turn|8\n|\n|t:|1776016446\n|move|p2b: Maushold|Helping Hand|p2a: Gallade\n|-singleturn|p2a: Gallade|Helping Hand|[of] p2b: Maushold\n|move|p1b: Lucario|Bullet Punch|p2b: Maushold\n|-damage|p2b: Maushold|0 fnt\n|faint|p2b: Maushold\n|move|p1a: Mimikyu|Shadow Sneak|p2a: Gallade\n|-supereffective|p2a: Gallade|1\n|-damage|p2a: Gallade|0 fnt\n|faint|p2a: Gallade\n|\n|-damage|p1a: Mimikyu|76/100 brn|[from] brn\n|upkeep\n|\n|t:|1776016454\n|switch|p2b: Kingambit|Kingambit, L50, F|82/100\n|switch|p2a: Altaria|Altaria, L50, M, shiny|68/100\n|-ability|p2a: Altaria|Cloud Nine\n|turn|9\n|\n|t:|1776016467\n|move|p2a: Altaria|Protect|p2a: Altaria\n|-singleturn|p2a: Altaria|Protect\n|move|p2b: Kingambit|Sucker Punch|p1b: Lucario\n|-resisted|p1b: Lucario|1\n|-damage|p1b: Lucario|0 fnt\n|faint|p1b: Lucario\n|move|p1a: Mimikyu|Trick Room|p1a: Mimikyu\n|-fieldstart|move: Trick Room|[of] p1a: Mimikyu\n|\n|-damage|p1a: Mimikyu|70/100 brn|[from] brn\n|upkeep\n|\n|t:|1776016475\n|switch|p1b: Chimecho|Chimecho, L50, F|100/100\n|turn|10\n|\n|t:|1776016495\n|detailschange|p1b: Chimecho|Chimecho-Mega, L50, F\n|-mega|p1b: Chimecho|Chimecho|Chimechite\n|move|p2a: Altaria|Helping Hand|p2b: Kingambit\n|-singleturn|p2b: Kingambit|Helping Hand|[of] p2a: Altaria\n|move|p2b: Kingambit|Kowtow Cleave|p1b: Chimecho\n|-supereffective|p1b: Chimecho|1\n|-damage|p1b: Chimecho|0 fnt\n|faint|p1b: Chimecho\n|move|p1a: Mimikyu|Play Rough|p2a: Altaria|[miss]\n|-miss|p1a: Mimikyu|p2a: Altaria\n|\n|-damage|p1a: Mimikyu|64/100 brn|[from] brn\n|upkeep\n|turn|11\n|-message|DavidTIS forfeited.\n|\n|win|onyxbog\n|raw|DavidTIS's rating: 1135 &rarr; <strong>1114</strong><br />(-21 for losing)\n|raw|onyxbog's rating: 1193 &rarr; <strong>1214</strong><br />(+21 for winning)\n",
  "uploadtime": 1776016510,
  "views": 20,
  "formatid": "gen9championsvgc2026regma",
  "rating": 1114,
  "private": 0,
  "password": null
}