{
  "id": "gen9championsvgc2026regma-2587371004",
  "format": "[Gen 9 Champions] VGC 2026 Reg M-A",
  "players": [
    "puha8786",
    "ImprobableBlob"
  ],
  "log": "|j|\u2606puha8786\n|j|\u2606ImprobableBlob\n|t:|1776526164\n|gametype|doubles\n|player|p1|puha8786|2|1379\n|player|p2|ImprobableBlob|jasmine|1501\n|gen|9\n|tier|[Gen 9 Champions] VGC 2026 Reg M-A\n|rated|\n|rule|Species Clause: Limit one of each Pok\u00e9mon\n|rule|Item Clause: Limit 1 of each item\n|clearpoke\n|poke|p1|Garchomp, L50, F|\n|poke|p1|Pelipper, L50, M|\n|poke|p1|Archaludon, L50, M|\n|poke|p1|Skarmory, L50, F|\n|poke|p1|Sneasler, L50, F|\n|poke|p1|Tsareena, L50, F|\n|poke|p2|Incineroar, L50, M|\n|poke|p2|Farigiraf, L50, F|\n|poke|p2|Kingambit, L50, M|\n|poke|p2|Floette-Eternal, L50, F|\n|poke|p2|Crabominable, L50, M|\n|poke|p2|Aerodactyl, L50, F|\n|teampreview|4\n|inactive|Battle timer is ON: inactive players will automatically lose when time's up. (requested by ImprobableBlob)\n|j| p3elz\n|c| p3elz|Ok srs what does tsareena do\n|c| p3elz|I need to know\n|inactive|puha8786 has 60 seconds left.\n|inactive|ImprobableBlob has 60 seconds left.\n|c|\u2606ImprobableBlob|blocks prio moves\n|\n|t:|1776526205\n|teamsize|p1|4\n|teamsize|p2|4\n|start\n|switch|p1a: Garchomp|Garchomp, L50, F|100/100\n|switch|p1b: Tsareena|Tsareena, L50, F|100/100\n|switch|p2a: Farigiraf|Farigiraf, L50, F|100/100\n|switch|p2b: Crabominable|Crabominable, L50, M|100/100\n|turn|1\n|c| p3elz|Yeah but farigiraf does that\n|c| p3elz|Why tsareena\n|\n|t:|1776526228\n|detailschange|p2b: Crabominable|Crabominable-Mega, L50, M\n|-mega|p2b: Crabominable|Crabominable|Crabominite\n|move|p1b: Tsareena|U-turn|p2a: Farigiraf\n|-supereffective|p2a: Farigiraf|1\n|-damage|p2a: Farigiraf|54/100\n|\n|t:|1776526235\n|switch|p1b: Skarmory|Skarmory, L50, F|100/100|[from] U-turn\n|move|p1a: Garchomp|Earthquake|p2a: Farigiraf|[spread] p2a,p2b\n|-immune|p1b: Skarmory\n|-damage|p2a: Farigiraf|10/100\n|-damage|p2b: Crabominable|71/100\n|move|p2b: Crabominable|Ice Hammer|p1a: Garchomp\n|-supereffective|p1a: Garchomp|2\n|-damage|p1a: Garchomp|0 fnt\n|-unboost|p2b: Crabominable|spe|1\n|-damage|p2b: Crabominable|58/100|[from] ability: Rough Skin|[of] p1a: Garchomp\n|faint|p1a: Garchomp\n|move|p2a: Farigiraf|Trick Room|p2a: Farigiraf\n|-fieldstart|move: Trick Room|[of] p2a: Farigiraf\n|\n|upkeep\n|c| p3elz|U turn\n|c| p3elz|I see\n|c|\u2606ImprobableBlob|is a scarfer\n|c|\u2606ImprobableBlob|i think\n|c|\u2606ImprobableBlob|idk\n|c| p3elz|Okkk\n|c|\u2606ImprobableBlob|i'm not good\n|c| p3elz|No i see the vision\n|\n|t:|1776526258\n|switch|p1a: Tsareena|Tsareena, L50, F|100/100\n|turn|2\n|\n|t:|1776526282\n|switch|p2a: Incineroar|Incineroar, L50, M|100/100\n|-ability|p2a: Incineroar|Intimidate|boost\n|-unboost|p1a: Tsareena|atk|1\n|-unboost|p1b: Skarmory|atk|1\n|move|p2b: Crabominable|Ice Hammer|p1a: Tsareena\n|-supereffective|p1a: Tsareena|1\n|-damage|p1a: Tsareena|0 fnt\n|-unboost|p2b: Crabominable|spe|1\n|faint|p1a: Tsareena\n|move|p1b: Skarmory|Body Press|p2b: Crabominable\n|-supereffective|p2b: Crabominable|1\n|-damage|p2b: Crabominable|21/100\n|\n|upkeep\n|\n|t:|1776526296\n|switch|p1a: Sneasler|Sneasler, L50, F|100/100\n|turn|3\n|\n|t:|1776526309\n|move|p2a: Incineroar|Fake Out|p1a: Sneasler\n|-damage|p1a: Sneasler|83/100\n|cant|p1a: Sneasler|flinch\n|move|p2b: Crabominable|Ice Hammer|p1a: Sneasler\n|-damage|p1a: Sneasler|0 fnt\n|-unboost|p2b: Crabominable|spe|1\n|faint|p1a: Sneasler\n|move|p1b: Skarmory|Body Press|p2b: Crabominable\n|-supereffective|p2b: Crabominable|1\n|-damage|p2b: Crabominable|0 fnt\n|faint|p2b: Crabominable\n|\n|upkeep\n|\n|t:|1776526320\n|switch|p2b: Farigiraf|Farigiraf, L50, F|10/100\n|turn|4\n|\n|t:|1776526330\n|move|p2b: Farigiraf|Helping Hand|p2a: Incineroar\n|-singleturn|p2a: Incineroar|Helping Hand|[of] p2b: Farigiraf\n|move|p1b: Skarmory|Protect|p1b: Skarmory\n|-singleturn|p1b: Skarmory|Protect\n|move|p2a: Incineroar|Flare Blitz|p1b: Skarmory\n|-activate|p1b: Skarmory|move: Protect\n|\n|upkeep\n|turn|5\n|\n|t:|1776526347\n|move|p2b: Farigiraf|Helping Hand|p2a: Incineroar\n|-singleturn|p2a: Incineroar|Helping Hand|[of] p2b: Farigiraf\n|move|p2a: Incineroar|Flare Blitz|p1b: Skarmory\n|-supereffective|p1b: Skarmory|1\n|-crit|p1b: Skarmory\n|-ability|p1b: Skarmory|Sturdy\n|-damage|p1b: Skarmory|1/100\n|-damage|p2a: Incineroar|77/100|[from] Recoil\n|move|p1b: Skarmory|Body Press|p2a: Incineroar\n|-supereffective|p2a: Incineroar|1\n|-damage|p2a: Incineroar|40/100\n|-enditem|p2a: Incineroar|Sitrus Berry|[eat]\n|-heal|p2a: Incineroar|65/100|[from] item: Sitrus Berry\n|\n|-fieldend|move: Trick Room\n|upkeep\n|turn|6\n|-message|puha8786 forfeited.\n|\n|win|ImprobableBlob\n|raw|puha8786's rating: 1379 &rarr; <strong>1366</strong><br />(-13 for losing)\n|raw|ImprobableBlob's rating: 1501 &rarr; <strong>1514</strong><br />(+13 for winning)\n|l|\u2606puha8786\n|player|p1|\n",
  "uploadtime": 1776526373,
  "views": 36,
  "formatid": "gen9championsvgc2026regma",
  "rating": 1366,
  "private": 0,
  "password": null
}