{
  "id": "gen9championsvgc2026regma-2586967906",
  "format": "[Gen 9 Champions] VGC 2026 Reg M-A",
  "players": [
    "catpotatt",
    "W0kMeDed"
  ],
  "log": "|j|\u2606catpotatt\n|j|\u2606W0kMeDed\n|t:|1776476590\n|gametype|doubles\n|player|p1|catpotatt|roxie|1452\n|player|p2|W0kMeDed|palmer|1398\n|gen|9\n|tier|[Gen 9 Champions] VGC 2026 Reg M-A\n|rated|\n|rule|Species Clause: Limit one of each Pok\u00e9mon\n|rule|Item Clause: Limit 1 of each item\n|clearpoke\n|poke|p1|Floette-Eternal, L50, F|\n|poke|p1|Whimsicott, L50, F|\n|poke|p1|Gengar, L50, M|\n|poke|p1|Rotom-Wash, L50|\n|poke|p1|Tyranitar, L50, F|\n|poke|p1|Araquanid, L50, F|\n|poke|p2|Excadrill, L50, M|\n|poke|p2|Sneasler, L50, M|\n|poke|p2|Dragonite, L50, M|\n|poke|p2|Incineroar, L50, M|\n|poke|p2|Sinistcha, L50|\n|poke|p2|Milotic, L50, F|\n|teampreview|4\n|\n|t:|1776476634\n|teamsize|p1|4\n|teamsize|p2|4\n|start\n|switch|p1a: Whimsicott|Whimsicott, L50, F|100/100\n|switch|p1b: Gengar|Gengar, L50, M|100/100\n|switch|p2a: Ea|Excadrill, L50, M|100/100\n|switch|p2b: Vega|Sneasler, L50, M|100/100\n|-ability|p2a: Ea|Mold Breaker\n|turn|1\n|\n|t:|1776476667\n|detailschange|p1b: Gengar|Gengar-Mega, L50, M\n|-mega|p1b: Gengar|Gengar|Gengarite\n|move|p1a: Whimsicott|Protect|p1a: Whimsicott\n|-singleturn|p1a: Whimsicott|Protect\n|move|p1b: Gengar|Protect|p1b: Gengar\n|-singleturn|p1b: Gengar|Protect\n|move|p2b: Vega|Coaching|p2a: Ea\n|-boost|p2a: Ea|atk|1\n|-boost|p2a: Ea|def|1\n|move|p2a: Ea|Iron Head|p1b: Gengar\n|-activate|p1b: Gengar|move: Protect\n|\n|upkeep\n|turn|2\n|j| thanksatinkaton\n|l| thanksatinkaton\n|\n|t:|1776476690\n|move|p1a: Whimsicott|Encore|p2a: Ea\n|-start|p2a: Ea|Encore\n|move|p1b: Gengar|Disable|p2a: Ea\n|-start|p2a: Ea|Disable|Iron Head\n|move|p2b: Vega|Coaching|p2a: Ea\n|-boost|p2a: Ea|atk|1\n|-boost|p2a: Ea|def|1\n|cant|p2a: Ea|Disable|Iron Head\n|\n|upkeep\n|turn|3\n|\n|t:|1776476702\n|move|p1a: Whimsicott|Encore|p2b: Vega\n|-start|p2b: Vega|Encore\n|move|p1b: Gengar|Shadow Ball|p2b: Vega\n|-damage|p2b: Vega|34/100\n|move|p2b: Vega|Coaching|p2a: Ea\n|-boost|p2a: Ea|atk|1\n|-boost|p2a: Ea|def|1\n|-activate|p2a: Ea|move: Struggle\n|move|p2a: Ea|Struggle|p1b: Gengar\n|-crit|p1b: Gengar\n|-damage|p1b: Gengar|6/100\n|-damage|p2a: Ea|76/100|[from] recoil\n|\n|upkeep\n|turn|4\n|\n|t:|1776476718\n|move|p1a: Whimsicott|Fake Tears|p2a: Ea\n|-unboost|p2a: Ea|spd|2\n|move|p1b: Gengar|Shadow Ball|p2a: Ea\n|-damage|p2a: Ea|0 fnt\n|faint|p2a: Ea\n|move|p2b: Vega|Coaching|p2: Ea|[notarget]\n|-fail|p2b: Vega\n|\n|upkeep\n|\n|t:|1776476723\n|switch|p2a: Lady Cersea|Milotic, L50, F|100/100\n|turn|5\n|\n|t:|1776476733\n|move|p1a: Whimsicott|Fake Tears|p2a: Lady Cersea\n|-unboost|p2a: Lady Cersea|spd|2\n|-ability|p2a: Lady Cersea|Competitive|boost\n|-boost|p2a: Lady Cersea|spa|2\n|move|p1b: Gengar|Sludge Bomb|p2a: Lady Cersea\n|-damage|p2a: Lady Cersea|12/100\n|-status|p2a: Lady Cersea|psn\n|move|p2b: Vega|Coaching|p2a: Lady Cersea\n|-boost|p2a: Lady Cersea|atk|1\n|-boost|p2a: Lady Cersea|def|1\n|move|p2a: Lady Cersea|Icy Wind|p1a: Whimsicott|[spread] p1a,p1b\n|-supereffective|p1a: Whimsicott|1\n|-damage|p1a: Whimsicott|45/100\n|-damage|p1b: Gengar|0 fnt\n|-unboost|p1a: Whimsicott|spe|1\n|faint|p1b: Gengar\n|\n|-heal|p2a: Lady Cersea|18/100 psn|[from] item: Leftovers\n|-damage|p2a: Lady Cersea|6/100 psn|[from] psn\n|-end|p2b: Vega|Encore\n|upkeep\n|\n|t:|1776476746\n|switch|p1b: Rotom|Rotom-Wash, L50|100/100\n|turn|6\n|\n|t:|1776476755\n|switch|p2b: Zangief|Incineroar, L50, M|100/100\n|-ability|p2b: Zangief|Intimidate|boost\n|-unboost|p1a: Whimsicott|atk|1\n|-unboost|p1b: Rotom|atk|1\n|move|p1a: Whimsicott|Encore|p2b: Zangief\n|-hint|Since gen 7, Dark is immune to Prankster moves.\n|-immune|p2b: Zangief\n|move|p1b: Rotom|Thunderbolt|p2a: Lady Cersea\n|-supereffective|p2a: Lady Cersea|1\n|-damage|p2a: Lady Cersea|0 fnt\n|faint|p2a: Lady Cersea\n|\n|upkeep\n|\n|t:|1776476763\n|switch|p2a: Vega|Sneasler, L50, M|34/100\n|turn|7\n|\n|t:|1776476782\n|move|p1a: Whimsicott|Protect|p1a: Whimsicott\n|-singleturn|p1a: Whimsicott|Protect\n|move|p2b: Zangief|Fake Out|p1b: Rotom\n|-damage|p1b: Rotom|82/100\n|cant|p1b: Rotom|flinch\n|move|p2a: Vega|Close Combat|p1a: Whimsicott\n|-activate|p1a: Whimsicott|move: Protect\n|\n|upkeep\n|turn|8\n|\n|t:|1776476806\n|move|p1a: Whimsicott|Protect||[still]\n|-fail|p1a: Whimsicott\n|move|p1b: Rotom|Thunderbolt|p2a: Vega\n|-damage|p2a: Vega|0 fnt\n|faint|p2a: Vega\n|move|p2b: Zangief|Flare Blitz|p1a: Whimsicott\n|-supereffective|p1a: Whimsicott|1\n|-crit|p1a: Whimsicott\n|-damage|p1a: Whimsicott|0 fnt\n|faint|p1a: Whimsicott\n|-damage|p2b: Zangief|88/100|[from] Recoil\n|\n|upkeep\n|\n|t:|1776476812\n|switch|p1a: Tyranitar|Tyranitar, L50, F|100/100\n|-weather|Sandstorm|[from] ability: Sand Stream|[of] p1a: Tyranitar\n|turn|9\n|\n|t:|1776476817\n|move|p1b: Rotom|Thunderbolt|p2b: Zangief\n|-damage|p2b: Zangief|51/100\n|move|p1a: Tyranitar|Rock Slide|p2b: Zangief\n|-supereffective|p2b: Zangief|1\n|-damage|p2b: Zangief|0 fnt\n|faint|p2b: Zangief\n|\n|win|catpotatt\n|raw|catpotatt's rating: 1452 &rarr; <strong>1469</strong><br />(+17 for winning)\n|raw|W0kMeDed's rating: 1398 &rarr; <strong>1381</strong><br />(-17 for losing)\n|c|\u2606catpotatt|gg\n|c|\u2606W0kMeDed|gg\n",
  "uploadtime": 1776476824,
  "views": 46,
  "formatid": "gen9championsvgc2026regma",
  "rating": 1381,
  "private": 0,
  "password": null
}