{
  "id": "gen9championsvgc2026regma-2585562119",
  "format": "[Gen 9 Champions] VGC 2026 Reg M-A",
  "players": [
    "Pokerio59",
    "jhkgjkfd"
  ],
  "log": "|j|\u2606Pokerio59\n|j|\u2606jhkgjkfd\n|t:|1776355681\n|gametype|doubles\n|player|p1|Pokerio59|265|1000\n|player|p2|jhkgjkfd|101|1000\n|gen|9\n|tier|[Gen 9 Champions] VGC 2026 Reg M-A\n|rated|\n|rule|Species Clause: Limit one of each Pok\u00e9mon\n|rule|Item Clause: Limit 1 of each item\n|clearpoke\n|poke|p1|Feraligatr, L50, F|\n|poke|p1|Pelipper, L50, M|\n|poke|p1|Heliolisk, L50, M|\n|poke|p1|Archaludon, L50, M|\n|poke|p1|Meganium, L50, F|\n|poke|p1|Whimsicott, L50, M|\n|poke|p2|Gengar, L50, M|\n|poke|p2|Tyranitar, L50, M|\n|poke|p2|Incineroar, L50, F|\n|poke|p2|Excadrill, L50, M|\n|poke|p2|Kommo-o, L50, F|\n|poke|p2|Sinistcha, L50|\n|teampreview|4\n|\n|t:|1776355729\n|teamsize|p1|4\n|teamsize|p2|4\n|start\n|switch|p1a: Pelipper|Pelipper, L50, M|100/100\n|switch|p1b: Whimsicott|Whimsicott, L50, M|100/100\n|switch|p2a: Gengar|Gengar, L50, M|100/100\n|switch|p2b: Incineroar|Incineroar, L50, F|100/100\n|-weather|RainDance|[from] ability: Drizzle|[of] p1a: Pelipper\n|-ability|p2b: Incineroar|Intimidate|boost\n|-unboost|p1a: Pelipper|atk|1\n|-unboost|p1b: Whimsicott|atk|1\n|turn|1\n|\n|t:|1776355765\n|detailschange|p2a: Gengar|Gengar-Mega, L50, M\n|-mega|p2a: Gengar|Gengar|Gengarite\n|move|p2b: Incineroar|Fake Out|p1a: Pelipper\n|-damage|p1a: Pelipper|90/100\n|move|p1b: Whimsicott|Encore|p2b: Incineroar\n|-hint|Since gen 7, Dark is immune to Prankster moves.\n|-immune|p2b: Incineroar\n|move|p2a: Gengar|Sludge Bomb|p1a: Pelipper\n|-damage|p1a: Pelipper|0 fnt\n|faint|p1a: Pelipper\n|\n|-weather|RainDance|[upkeep]\n|upkeep\n|\n|t:|1776355779\n|switch|p1a: Heliolisk|Heliolisk, L50, M|100/100\n|turn|2\n|\n|t:|1776355793\n|switch|p2b: Tyranitar|Tyranitar, L50, M|100/100\n|-weather|Sandstorm|[from] ability: Sand Stream|[of] p2b: Tyranitar\n|move|p2a: Gengar|Sludge Bomb|p1b: Whimsicott\n|-supereffective|p1b: Whimsicott|2\n|-crit|p1b: Whimsicott\n|-damage|p1b: Whimsicott|0 fnt\n|faint|p1b: Whimsicott\n|move|p1a: Heliolisk|Light Screen|p1a: Heliolisk\n|-sidestart|p1: Pokerio59|move: Light Screen\n|\n|-weather|Sandstorm|[upkeep]\n|-damage|p2a: Gengar|95/100|[from] Sandstorm\n|-damage|p1a: Heliolisk|95/100|[from] Sandstorm\n|upkeep\n|\n|t:|1776355804\n|switch|p1b: Meganium|Meganium, L50, F|100/100\n|turn|3\n|\n|t:|1776355829\n|detailschange|p1b: Meganium|Meganium-Mega, L50, F\n|-mega|p1b: Meganium|Meganium|Meganiumite\n|move|p2a: Gengar|Perish Song|p2a: Gengar\n|-start|p1a: Heliolisk|perish3|[silent]\n|-start|p1b: Meganium|perish3|[silent]\n|-start|p2a: Gengar|perish3|[silent]\n|-start|p2b: Tyranitar|perish3|[silent]\n|-fieldactivate|move: Perish Song\n|move|p2b: Tyranitar|Ice Punch|p1b: Meganium\n|-supereffective|p1b: Meganium|1\n|-damage|p1b: Meganium|50/100\n|-status|p1b: Meganium|frz\n|cant|p1b: Meganium|frz\n|move|p1a: Heliolisk|Dragon Tail|p2a: Gengar\n|-damage|p2a: Gengar|82/100\n|drag|p2a: Kommo-o|Kommo-o, L50, F|100/100\n|\n|-weather|Sandstorm|[upkeep]\n|-damage|p1a: Heliolisk|89/100|[from] Sandstorm\n|-damage|p2a: Kommo-o|94/100|[from] Sandstorm\n|-damage|p1b: Meganium|44/100 frz|[from] Sandstorm\n|-heal|p2a: Kommo-o|100/100|[from] item: Leftovers\n|-start|p2b: Tyranitar|perish3\n|-start|p1a: Heliolisk|perish3\n|-start|p1b: Meganium|perish3\n|upkeep\n|turn|4\n|inactive|Battle timer is ON: inactive players will automatically lose when time's up. (requested by jhkgjkfd)\n|\n|t:|1776355869\n|move|p2b: Tyranitar|Ice Punch|p1b: Meganium\n|-supereffective|p1b: Meganium|1\n|-damage|p1b: Meganium|0 fnt\n|faint|p1b: Meganium\n|move|p2a: Kommo-o|Aura Sphere|p1a: Heliolisk\n|-supereffective|p1a: Heliolisk|1\n|-damage|p1a: Heliolisk|42/100\n|move|p1a: Heliolisk|Dragon Tail|p2a: Kommo-o\n|-supereffective|p2a: Kommo-o|1\n|-damage|p2a: Kommo-o|88/100\n|drag|p2a: Incineroar|Incineroar, L50, F|100/100\n|-ability|p2a: Incineroar|Intimidate|boost\n|-unboost|p1a: Heliolisk|atk|1\n|\n|-weather|Sandstorm|[upkeep]\n|-damage|p1a: Heliolisk|36/100|[from] Sandstorm\n|-damage|p2a: Incineroar|95/100|[from] Sandstorm\n|-start|p2b: Tyranitar|perish2\n|-start|p1a: Heliolisk|perish2\n|upkeep\n|turn|5\n|inactive|Pokerio59 has 30 seconds left.\n|inactive|jhkgjkfd has 30 seconds left.\n|\n|t:|1776355897\n|move|p2b: Tyranitar|Ice Punch|p2a: Incineroar\n|-resisted|p2a: Incineroar|1\n|-damage|p2a: Incineroar|85/100\n|-status|p2a: Incineroar|frz\n|move|p1a: Heliolisk|Thunder|p2a: Incineroar|[miss]\n|-miss|p1a: Heliolisk|p2a: Incineroar\n|-curestatus|p2a: Incineroar|frz|[from] move: Flare Blitz\n|move|p2a: Incineroar|Flare Blitz|p1a: Heliolisk\n|-damage|p1a: Heliolisk|0 fnt\n|faint|p1a: Heliolisk\n|-damage|p2a: Incineroar|77/100|[from] Recoil\n|\n|win|jhkgjkfd\n|raw|Pokerio59's rating: 1000 &rarr; <strong>1000</strong><br />(+0 for losing)\n|raw|jhkgjkfd's rating: 1000 &rarr; <strong>1040</strong><br />(+40 for winning)\n|l|\u2606Pokerio59\n|player|p1|\n",
  "uploadtime": 1776355964,
  "views": 26,
  "formatid": "gen9championsvgc2026regma",
  "rating": 1000,
  "private": 0,
  "password": null
}