{
  "id": "gen9championsvgc2026regma-2587932983",
  "format": "[Gen 9 Champions] VGC 2026 Reg M-A",
  "players": [
    "MightyTaggart",
    "Sparrow's Grace"
  ],
  "log": "|j|\u2606MightyTaggart\n|j|\u2606Sparrow's Grace\n|t:|1776581033\n|gametype|doubles\n|player|p1|MightyTaggart|artist-gen4|1454\n|player|p2|Sparrow's Grace|miku-flying|1444\n|gen|9\n|tier|[Gen 9 Champions] VGC 2026 Reg M-A\n|rated|\n|rule|Species Clause: Limit one of each Pok\u00e9mon\n|rule|Item Clause: Limit 1 of each item\n|clearpoke\n|poke|p1|Scovillain, L50, F|\n|poke|p1|Sneasler, L50, M|\n|poke|p1|Primarina, L50, M|\n|poke|p1|Sinistcha, L50|\n|poke|p1|Aerodactyl, L50, M|\n|poke|p1|Tyranitar, L50, M|\n|poke|p2|Pelipper, L50, F|\n|poke|p2|Basculegion, L50, M, shiny|\n|poke|p2|Archaludon, L50, F|\n|poke|p2|Sneasler, L50, F|\n|poke|p2|Sinistcha, L50|\n|poke|p2|Floette-Eternal, L50, F|\n|teampreview|4\n|\n|t:|1776581060\n|teamsize|p1|4\n|teamsize|p2|4\n|start\n|switch|p1a: Scovillain|Scovillain, L50, F|100/100\n|switch|p1b: Sneasler|Sneasler, L50, M|100/100\n|switch|p2a: Floette|Floette-Eternal, L50, F|100/100\n|switch|p2b: Sinistcha|Sinistcha, L50|100/100\n|turn|1\n|\n|t:|1776581074\n|detailschange|p2a: Floette|Floette-Mega, L50, F\n|-mega|p2a: Floette|Floette|Floettite\n|-ability|p2a: Floette|Fairy Aura\n|move|p2a: Floette|Protect|p2a: Floette\n|-singleturn|p2a: Floette|Protect\n|move|p1b: Sneasler|Dire Claw|p2b: Sinistcha\n|-damage|p2b: Sinistcha|72/100\n|move|p1a: Scovillain|Leech Seed|p2a: Floette\n|-activate|p2a: Floette|move: Protect\n|move|p2b: Sinistcha|Trick Room|p2b: Sinistcha\n|-fieldstart|move: Trick Room|[of] p2b: Sinistcha\n|\n|-ability|p1a: Scovillain|Moody|boost\n|-boost|p1a: Scovillain|spd|2\n|-unboost|p1a: Scovillain|def|1\n|upkeep\n|turn|2\n|\n|t:|1776581092\n|detailschange|p1a: Scovillain|Scovillain-Mega, L50, F\n|-mega|p1a: Scovillain|Scovillain|Scovillainite\n|move|p2b: Sinistcha|Rage Powder|p2b: Sinistcha\n|-singleturn|p2b: Sinistcha|move: Rage Powder\n|move|p1a: Scovillain|Rage Powder|p1a: Scovillain\n|-singleturn|p1a: Scovillain|move: Rage Powder\n|move|p2a: Floette|Calm Mind|p2a: Floette\n|-boost|p2a: Floette|spa|1\n|-boost|p2a: Floette|spd|1\n|move|p1b: Sneasler|Dire Claw|p2b: Sinistcha\n|-damage|p2b: Sinistcha|41/100\n|-enditem|p2b: Sinistcha|Sitrus Berry|[eat]\n|-heal|p2b: Sinistcha|66/100|[from] item: Sitrus Berry\n|\n|upkeep\n|turn|3\n|\n|t:|1776581111\n|move|p2b: Sinistcha|Rage Powder|p2b: Sinistcha\n|-singleturn|p2b: Sinistcha|move: Rage Powder\n|move|p1a: Scovillain|Leech Seed|p2a: Floette\n|-start|p2a: Floette|move: Leech Seed\n|move|p2a: Floette|Dazzling Gleam|p1b: Sneasler|[spread] p1a,p1b\n|-resisted|p1a: Scovillain|1\n|-damage|p1a: Scovillain|83/100\n|-damage|p1b: Sneasler|9/100\n|-status|p2a: Floette|brn|[from] ability: Spicy Spray|[of] p1a: Scovillain\n|move|p1b: Sneasler|Dire Claw|p2b: Sinistcha\n|-damage|p2b: Sinistcha|33/100\n|\n|-damage|p2a: Floette|88/100 brn|[from] Leech Seed|[of] p1a: Scovillain\n|-heal|p1a: Scovillain|96/100|[silent]\n|-damage|p2a: Floette|82/100 brn|[from] brn\n|upkeep\n|turn|4\n|j| sammap\n|l| sammap\n|\n|t:|1776581137\n|switch|p2b: Pelipper|Pelipper, L50, F|100/100\n|-weather|RainDance|[from] ability: Drizzle|[of] p2b: Pelipper\n|switch|p1b: Primarina|Primarina, L50, M|100/100\n|move|p1a: Scovillain|Overheat|p2a: Floette\n|-damage|p2a: Floette|69/100 brn\n|-unboost|p1a: Scovillain|spa|2\n|move|p2a: Floette|Dazzling Gleam|p1a: Scovillain|[spread] p1a,p1b\n|-resisted|p1a: Scovillain|1\n|-damage|p1a: Scovillain|80/100\n|-damage|p1b: Primarina|44/100\n|\n|-weather|RainDance|[upkeep]\n|-heal|p1b: Primarina|50/100|[from] item: Leftovers\n|-damage|p2a: Floette|57/100 brn|[from] Leech Seed|[of] p1a: Scovillain\n|-heal|p1a: Scovillain|93/100|[silent]\n|-damage|p2a: Floette|51/100 brn|[from] brn\n|upkeep\n|turn|5\n|\n|t:|1776581161\n|move|p1a: Scovillain|Leech Seed|p2b: Pelipper\n|-start|p2b: Pelipper|move: Leech Seed\n|move|p1b: Primarina|Calm Mind|p1b: Primarina\n|-boost|p1b: Primarina|spa|1\n|-boost|p1b: Primarina|spd|1\n|move|p2b: Pelipper|Hurricane|p1a: Scovillain\n|-supereffective|p1a: Scovillain|1\n|-damage|p1a: Scovillain|58/100\n|-status|p2b: Pelipper|brn|[from] ability: Spicy Spray|[of] p1a: Scovillain\n|move|p2a: Floette|Dazzling Gleam|p1a: Scovillain|[spread] p1a,p1b\n|-resisted|p1a: Scovillain|1\n|-damage|p1a: Scovillain|42/100\n|-damage|p1b: Primarina|7/100\n|\n|-weather|RainDance|[upkeep]\n|-heal|p1b: Primarina|13/100|[from] item: Leftovers\n|-damage|p2b: Pelipper|89/100 brn|[from] Leech Seed|[of] p1a: Scovillain\n|-heal|p1a: Scovillain|54/100|[silent]\n|-damage|p2a: Floette|39/100 brn|[from] Leech Seed|[of] p1a: Scovillain\n|-heal|p1a: Scovillain|67/100|[silent]\n|-damage|p2b: Pelipper|83/100 brn|[from] brn\n|-damage|p2a: Floette|33/100 brn|[from] brn\n|-fieldend|move: Trick Room\n|upkeep\n|turn|6\n|\n|t:|1776581180\n|move|p2a: Floette|Protect|p2a: Floette\n|-singleturn|p2a: Floette|Protect\n|move|p1a: Scovillain|Protect|p1a: Scovillain\n|-singleturn|p1a: Scovillain|Protect\n|move|p1b: Primarina|Protect|p1b: Primarina\n|-singleturn|p1b: Primarina|Protect\n|move|p2b: Pelipper|Tailwind|p2b: Pelipper\n|-sidestart|p2: Sparrow's Grace|move: Tailwind\n|\n|-weather|RainDance|[upkeep]\n|-heal|p1b: Primarina|19/100|[from] item: Leftovers\n|-damage|p2a: Floette|20/100 brn|[from] Leech Seed|[of] p1a: Scovillain\n|-heal|p1a: Scovillain|79/100|[silent]\n|-damage|p2b: Pelipper|71/100 brn|[from] Leech Seed|[of] p1a: Scovillain\n|-heal|p1a: Scovillain|91/100|[silent]\n|-damage|p2a: Floette|14/100 brn|[from] brn\n|-damage|p2b: Pelipper|65/100 brn|[from] brn\n|upkeep\n|turn|7\n|\n|t:|1776581202\n|switch|p2b: Sinistcha|Sinistcha, L50|33/100\n|-heal|p2a: Floette|39/100 brn|[from] ability: Hospitality|[of] p2b: Sinistcha\n|move|p1a: Scovillain|Rage Powder|p1a: Scovillain\n|-singleturn|p1a: Scovillain|move: Rage Powder\n|move|p2a: Floette|Dazzling Gleam|p1a: Scovillain|[spread] p1a,p1b\n|-resisted|p1a: Scovillain|1\n|-damage|p1a: Scovillain|74/100\n|-damage|p1b: Primarina|0 fnt\n|faint|p1b: Primarina\n|\n|-weather|RainDance|[upkeep]\n|-damage|p2a: Floette|27/100 brn|[from] Leech Seed|[of] p1a: Scovillain\n|-heal|p1a: Scovillain|86/100|[silent]\n|-damage|p2a: Floette|21/100 brn|[from] brn\n|upkeep\n|\n|t:|1776581216\n|switch|p1b: Sinistcha|Sinistcha, L50|100/100\n|-heal|p1a: Scovillain|100/100|[from] ability: Hospitality|[of] p1b: Sinistcha\n|turn|8\n|\n|t:|1776581240\n|switch|p2b: Archaludon|Archaludon, L50, F|100/100\n|move|p2a: Floette|Moonblast|p1b: Sinistcha\n|-damage|p1b: Sinistcha|2/100\n|-enditem|p1b: Sinistcha|Sitrus Berry|[eat]\n|-heal|p1b: Sinistcha|27/100|[from] item: Sitrus Berry\n|move|p1a: Scovillain|Overheat|p2b: Archaludon\n|-damage|p2b: Archaludon|83/100\n|-unboost|p1a: Scovillain|spa|2\n|-ability|p2b: Archaludon|Stamina|boost\n|-boost|p2b: Archaludon|def|1\n|move|p1b: Sinistcha|Matcha Gotcha|p2b: Archaludon|[spread] p2a,p2b\n|-resisted|p2b: Archaludon|2\n|-damage|p2a: Floette|9/100 brn\n|-heal|p1b: Sinistcha|33/100|[from] drain|[of] p2a: Floette\n|-damage|p2b: Archaludon|76/100\n|-heal|p1b: Sinistcha|37/100|[from] drain|[of] p2b: Archaludon\n|-ability|p2b: Archaludon|Stamina|boost\n|-boost|p2b: Archaludon|def|1\n|\n|-weather|none\n|-heal|p2b: Archaludon|82/100|[from] item: Leftovers\n|-damage|p2a: Floette|0 fnt|[from] Leech Seed|[of] p1a: Scovillain\n|faint|p2a: Floette\n|upkeep\n|\n|t:|1776581248\n|switch|p2a: Pelipper|Pelipper, L50, F|65/100 brn\n|-weather|RainDance|[from] ability: Drizzle|[of] p2a: Pelipper\n|turn|9\n|\n|t:|1776581270\n|move|p1b: Sinistcha|Rage Powder|p1b: Sinistcha\n|-singleturn|p1b: Sinistcha|move: Rage Powder\n|move|p2b: Archaludon|Electro Shot||[still]\n|-prepare|p2b: Archaludon|Electro Shot\n|-boost|p2b: Archaludon|spa|1\n|-anim|p2b: Archaludon|Electro Shot|p1b: Sinistcha\n|-resisted|p1b: Sinistcha|1\n|-damage|p1b: Sinistcha|2/100\n|move|p2a: Pelipper|Hurricane|p1b: Sinistcha\n|-supereffective|p1b: Sinistcha|1\n|-damage|p1b: Sinistcha|0 fnt\n|faint|p1b: Sinistcha\n|move|p1a: Scovillain|Leech Seed|p2b: Archaludon\n|-start|p2b: Archaludon|move: Leech Seed\n|\n|-weather|RainDance|[upkeep]\n|-heal|p2b: Archaludon|88/100|[from] item: Leftovers\n|-damage|p2b: Archaludon|76/100|[from] Leech Seed|[of] p1a: Scovillain\n|-damage|p2a: Pelipper|59/100 brn|[from] brn\n|-sideend|p2: Sparrow's Grace|move: Tailwind\n|upkeep\n|\n|t:|1776581286\n|switch|p1b: Sneasler|Sneasler, L50, M|9/100\n|turn|10\n|\n|t:|1776581293\n|switch|p2a: Sinistcha|Sinistcha, L50|33/100\n|-heal|p2b: Archaludon|100/100|[from] ability: Hospitality|[of] p2a: Sinistcha\n|move|p1b: Sneasler|Protect|p1b: Sneasler\n|-singleturn|p1b: Sneasler|Protect\n|move|p2b: Archaludon|Electro Shot||[still]\n|-prepare|p2b: Archaludon|Electro Shot\n|-boost|p2b: Archaludon|spa|1\n|-anim|p2b: Archaludon|Electro Shot|p1b: Sneasler\n|-activate|p1b: Sneasler|move: Protect\n|move|p1a: Scovillain|Leech Seed|p2a: Sinistcha\n|-immune|p2a: Sinistcha\n|\n|-weather|RainDance|[upkeep]\n|-damage|p2b: Archaludon|88/100|[from] Leech Seed|[of] p1a: Scovillain\n|upkeep\n|turn|11\n|\n|t:|1776581309\n|move|p1a: Scovillain|Rage Powder|p1a: Scovillain\n|-singleturn|p1a: Scovillain|move: Rage Powder\n|move|p2a: Sinistcha|Rage Powder|p2a: Sinistcha\n|-singleturn|p2a: Sinistcha|move: Rage Powder\n|move|p1b: Sneasler|Dire Claw|p2a: Sinistcha\n|-damage|p2a: Sinistcha|0 fnt\n|faint|p2a: Sinistcha\n|move|p2b: Archaludon|Electro Shot||[still]\n|-prepare|p2b: Archaludon|Electro Shot\n|-boost|p2b: Archaludon|spa|1\n|-anim|p2b: Archaludon|Electro Shot|p1a: Scovillain\n|-resisted|p1a: Scovillain|1\n|-damage|p1a: Scovillain|75/100\n|-status|p2b: Archaludon|brn|[from] ability: Spicy Spray|[of] p1a: Scovillain\n|\n|-weather|RainDance|[upkeep]\n|-heal|p2b: Archaludon|94/100 brn|[from] item: Leftovers\n|-damage|p2b: Archaludon|82/100 brn|[from] Leech Seed|[of] p1a: Scovillain\n|-heal|p1a: Scovillain|89/100|[silent]\n|-damage|p2b: Archaludon|76/100 brn|[from] brn\n|upkeep\n|\n|t:|1776581321\n|switch|p2a: Pelipper|Pelipper, L50, F|59/100 brn\n|turn|12\n|\n|t:|1776581330\n|move|p1a: Scovillain|Rage Powder|p1a: Scovillain\n|-singleturn|p1a: Scovillain|move: Rage Powder\n|move|p1b: Sneasler|Close Combat|p2b: Archaludon\n|-supereffective|p2b: Archaludon|1\n|-damage|p2b: Archaludon|30/100 brn\n|-unboost|p1b: Sneasler|def|1\n|-unboost|p1b: Sneasler|spd|1\n|-ability|p2b: Archaludon|Stamina|boost\n|-boost|p2b: Archaludon|def|1\n|-enditem|p1b: Sneasler|White Herb\n|-clearnegativeboost|p1b: Sneasler|[silent]\n|move|p2b: Archaludon|Electro Shot||[still]\n|-prepare|p2b: Archaludon|Electro Shot\n|-boost|p2b: Archaludon|spa|1\n|-anim|p2b: Archaludon|Electro Shot|p1a: Scovillain\n|-resisted|p1a: Scovillain|1\n|-damage|p1a: Scovillain|54/100\n|move|p2a: Pelipper|Hurricane|p1a: Scovillain\n|-supereffective|p1a: Scovillain|1\n|-damage|p1a: Scovillain|16/100\n|-start|p1a: Scovillain|confusion\n|\n|-weather|RainDance|[upkeep]\n|-heal|p2b: Archaludon|37/100 brn|[from] item: Leftovers\n|-damage|p2b: Archaludon|24/100 brn|[from] Leech Seed|[of] p1a: Scovillain\n|-heal|p1a: Scovillain|30/100|[silent]\n|-damage|p2b: Archaludon|18/100 brn|[from] brn\n|-damage|p2a: Pelipper|53/100 brn|[from] brn\n|upkeep\n|turn|13\n|\n|t:|1776581358\n|move|p2b: Archaludon|Protect|p2b: Archaludon\n|-singleturn|p2b: Archaludon|Protect\n|move|p1b: Sneasler|Close Combat|p2b: Archaludon\n|-activate|p2b: Archaludon|move: Protect\n|move|p2a: Pelipper|Muddy Water|p1a: Scovillain|[spread] p1b\n|-miss|p2a: Pelipper|p1a: Scovillain\n|-damage|p1b: Sneasler|0 fnt\n|faint|p1b: Sneasler\n|-activate|p1a: Scovillain|confusion\n|move|p1a: Scovillain|Leech Seed|p2a: Pelipper\n|-start|p2a: Pelipper|move: Leech Seed\n|\n|-weather|none\n|-heal|p2b: Archaludon|24/100 brn|[from] item: Leftovers\n|-damage|p2b: Archaludon|12/100 brn|[from] Leech Seed|[of] p1a: Scovillain\n|-heal|p1a: Scovillain|44/100|[silent]\n|-damage|p2a: Pelipper|41/100 brn|[from] Leech Seed|[of] p1a: Scovillain\n|-heal|p1a: Scovillain|55/100|[silent]\n|-damage|p2b: Archaludon|6/100 brn|[from] brn\n|-damage|p2a: Pelipper|35/100 brn|[from] brn\n|upkeep\n|turn|14\n|\n|t:|1776581375\n|-activate|p1a: Scovillain|confusion\n|move|p1a: Scovillain|Protect|p1a: Scovillain\n|-singleturn|p1a: Scovillain|Protect\n|move|p2b: Archaludon|Draco Meteor|p1a: Scovillain\n|-activate|p1a: Scovillain|move: Protect\n|move|p2a: Pelipper|Hurricane|p1a: Scovillain\n|-activate|p1a: Scovillain|move: Protect\n|\n|-heal|p2b: Archaludon|12/100 brn|[from] item: Leftovers\n|-damage|p2b: Archaludon|0 fnt|[from] Leech Seed|[of] p1a: Scovillain\n|-heal|p1a: Scovillain|69/100|[silent]\n|faint|p2b: Archaludon\n|-damage|p2a: Pelipper|23/100 brn|[from] Leech Seed|[of] p1a: Scovillain\n|-heal|p1a: Scovillain|81/100|[silent]\n|-damage|p2a: Pelipper|17/100 brn|[from] brn\n|upkeep\n|turn|15\n|\n|t:|1776581390\n|-end|p1a: Scovillain|confusion\n|move|p1a: Scovillain|Overheat|p2a: Pelipper\n|-resisted|p2a: Pelipper|1\n|-damage|p2a: Pelipper|3/100 brn\n|-unboost|p1a: Scovillain|spa|2\n|move|p2a: Pelipper|Hurricane|p1a: Scovillain\n|-supereffective|p1a: Scovillain|1\n|-damage|p1a: Scovillain|44/100\n|-start|p1a: Scovillain|confusion\n|\n|-damage|p2a: Pelipper|0 fnt|[from] Leech Seed|[of] p1a: Scovillain\n|-heal|p1a: Scovillain|47/100|[silent]\n|faint|p2a: Pelipper\n|\n|win|MightyTaggart\n|raw|MightyTaggart's rating: 1454 &rarr; <strong>1473</strong><br />(+19 for winning)\n|raw|Sparrow&apos;s Grace's rating: 1444 &rarr; <strong>1425</strong><br />(-19 for losing)\n|c|\u2606MightyTaggart|gg\n",
  "uploadtime": 1776581395,
  "views": 13,
  "formatid": "gen9championsvgc2026regma",
  "rating": 1425,
  "private": 0,
  "password": null
}