{
  "id": "gen9championsvgc2026regma-2582343635",
  "format": "[Gen 9 Champions] VGC 2026 Reg M-A",
  "players": [
    "tho0o",
    "Jinhiko"
  ],
  "log": "|j|\u2606tho0o\n|j|\u2606Jinhiko\n|t:|1776085008\n|gametype|doubles\n|player|p1|tho0o|170|1110\n|player|p2|Jinhiko|169|1097\n|gen|9\n|tier|[Gen 9 Champions] VGC 2026 Reg M-A\n|rated|\n|rule|Species Clause: Limit one of each Pok\u00e9mon\n|rule|Item Clause: Limit 1 of each item\n|clearpoke\n|poke|p1|Meganium, L50, M|\n|poke|p1|Starmie, L50|\n|poke|p1|Politoed, L50, M|\n|poke|p1|Sinistcha-Masterpiece, L50|\n|poke|p1|Sneasler, L50, M|\n|poke|p1|Basculegion, L50, M|\n|poke|p2|Aegislash, L50, M|\n|poke|p2|Maushold-Four, L50|\n|poke|p2|Gyarados, L50, F|\n|poke|p2|Aerodactyl, L50, F|\n|poke|p2|Venusaur, L50, F|\n|poke|p2|Incineroar, L50, F|\n|teampreview|4\n|inactive|Battle timer is ON: inactive players will automatically lose when time's up. (requested by Jinhiko)\n|inactive|tho0o also wants the timer to be on.\n|inactive|tho0o has 60 seconds left.\n|\n|t:|1776085039\n|teamsize|p1|4\n|teamsize|p2|4\n|start\n|switch|p1a: Politoed|Politoed, L50, M|100/100\n|switch|p1b: Basculegion|Basculegion, L50, M|100/100\n|switch|p2a: Incineroar|Incineroar, L50, F, shiny|100/100\n|switch|p2b: Aerodactyl|Aerodactyl, L50, F, shiny|100/100\n|-ability|p2b: Aerodactyl|Unnerve\n|-weather|RainDance|[from] ability: Drizzle|[of] p1a: Politoed\n|-ability|p2a: Incineroar|Intimidate|boost\n|-unboost|p1a: Politoed|atk|1\n|-unboost|p1b: Basculegion|atk|1\n|turn|1\n|\n|t:|1776085057\n|move|p2a: Incineroar|Fake Out|p1a: Politoed\n|-damage|p1a: Politoed|86/100\n|move|p1b: Basculegion|Wave Crash|p2b: Aerodactyl\n|-supereffective|p2b: Aerodactyl|1\n|-enditem|p2b: Aerodactyl|Focus Sash\n|-damage|p2b: Aerodactyl|1/100\n|-damage|p1b: Basculegion|75/100|[from] Recoil\n|move|p2b: Aerodactyl|Tailwind|p2b: Aerodactyl\n|-sidestart|p2: Jinhiko|move: Tailwind\n|cant|p1a: Politoed|flinch\n|\n|-weather|RainDance|[upkeep]\n|-heal|p1a: Politoed|92/100|[from] item: Leftovers\n|upkeep\n|turn|2\n|\n|t:|1776085073\n|move|p2b: Aerodactyl|Protect|p2b: Aerodactyl\n|-singleturn|p2b: Aerodactyl|Protect\n|move|p1b: Basculegion|Aqua Jet|p2b: Aerodactyl\n|-activate|p2b: Aerodactyl|move: Protect\n|move|p2a: Incineroar|Darkest Lariat|p1b: Basculegion\n|-supereffective|p1b: Basculegion|1\n|-damage|p1b: Basculegion|0 fnt\n|faint|p1b: Basculegion\n|move|p1a: Politoed|Icy Wind|p2a: Incineroar|[spread] p2a\n|-activate|p2b: Aerodactyl|move: Protect\n|-resisted|p2a: Incineroar|1\n|-damage|p2a: Incineroar|96/100\n|-unboost|p2a: Incineroar|spe|1\n|\n|-weather|RainDance|[upkeep]\n|-heal|p1a: Politoed|98/100|[from] item: Leftovers\n|upkeep\n|\n|t:|1776085080\n|switch|p1b: Sneasler|Sneasler, L50, M|100/100\n|turn|3\n|\n|t:|1776085094\n|switch|p2b: Aegislash|Aegislash, L50, M, shiny|100/100\n|switch|p2a: Venusaur|Venusaur, L50, F, shiny|100/100\n|move|p1b: Sneasler|Protect|p1b: Sneasler\n|-singleturn|p1b: Sneasler|Protect\n|move|p1a: Politoed|Icy Wind|p2a: Venusaur|[spread] p2a,p2b\n|-supereffective|p2a: Venusaur|1\n|-resisted|p2b: Aegislash|1\n|-damage|p2a: Venusaur|82/100\n|-damage|p2b: Aegislash|97/100\n|-unboost|p2a: Venusaur|spe|1\n|-unboost|p2b: Aegislash|spe|1\n|\n|-weather|RainDance|[upkeep]\n|-heal|p1a: Politoed|100/100|[from] item: Leftovers\n|upkeep\n|turn|4\n|\n|t:|1776085112\n|detailschange|p2a: Venusaur|Venusaur-Mega, L50, F, shiny\n|-mega|p2a: Venusaur|Venusaur|Venusaurite\n|move|p1a: Politoed|Protect|p1a: Politoed\n|-singleturn|p1a: Politoed|Protect\n|move|p1b: Sneasler|Rock Slide|p2b: Aegislash|[spread] p2a,p2b\n|-resisted|p2b: Aegislash|1\n|-damage|p2a: Venusaur|64/100\n|-damage|p2b: Aegislash|90/100\n|move|p2a: Venusaur|Giga Drain|p1a: Politoed\n|-activate|p1a: Politoed|move: Protect\n|-formechange|p2b: Aegislash|Aegislash-Blade|\n|move|p2b: Aegislash|Shadow Claw|p1b: Sneasler\n|-damage|p1b: Sneasler|35/100\n|\n|-weather|RainDance|[upkeep]\n|-sideend|p2: Jinhiko|move: Tailwind\n|upkeep\n|turn|5\n|\n|t:|1776085131\n|-formechange|p2b: Aegislash|Aegislash|\n|move|p2b: Aegislash|King's Shield|p2b: Aegislash\n|-singleturn|p2b: Aegislash|Protect\n|move|p1b: Sneasler|Close Combat|p2a: Venusaur\n|-resisted|p2a: Venusaur|1\n|-damage|p2a: Venusaur|36/100\n|-unboost|p1b: Sneasler|def|1\n|-unboost|p1b: Sneasler|spd|1\n|-enditem|p1b: Sneasler|White Herb\n|-clearnegativeboost|p1b: Sneasler|[silent]\n|move|p1a: Politoed|Icy Wind|p2b: Aegislash|[spread] p2a\n|-activate|p2b: Aegislash|move: Protect\n|-supereffective|p2a: Venusaur|1\n|-damage|p2a: Venusaur|27/100\n|-unboost|p2a: Venusaur|spe|1\n|move|p2a: Venusaur|Giga Drain|p1a: Politoed\n|-supereffective|p1a: Politoed|1\n|-damage|p1a: Politoed|45/100\n|-heal|p2a: Venusaur|61/100|[from] drain|[of] p1a: Politoed\n|\n|-weather|none\n|-heal|p1a: Politoed|51/100|[from] item: Leftovers\n|upkeep\n|turn|6\n|inactive|tho0o has 30 seconds left.\n|\n|t:|1776085163\n|switch|p2b: Incineroar|Incineroar, L50, F, shiny|96/100\n|-ability|p2b: Incineroar|Intimidate|boost\n|-unboost|p1a: Politoed|atk|1\n|-unboost|p1b: Sneasler|atk|1\n|move|p1a: Politoed|Protect|p1a: Politoed\n|-singleturn|p1a: Politoed|Protect\n|move|p1b: Sneasler|Close Combat|p2a: Venusaur\n|-resisted|p2a: Venusaur|1\n|-damage|p2a: Venusaur|43/100\n|-unboost|p1b: Sneasler|def|1\n|-unboost|p1b: Sneasler|spd|1\n|move|p2a: Venusaur|Giga Drain|p1a: Politoed\n|-activate|p1a: Politoed|move: Protect\n|\n|-heal|p1a: Politoed|57/100|[from] item: Leftovers\n|upkeep\n|turn|7\n|\n|t:|1776085179\n|switch|p1a: Starmie|Starmie, L50|100/100\n|move|p2b: Incineroar|Fake Out|p1b: Sneasler\n|-damage|p1b: Sneasler|8/100\n|cant|p1b: Sneasler|flinch\n|move|p2a: Venusaur|Giga Drain|p1a: Starmie\n|-supereffective|p1a: Starmie|1\n|-damage|p1a: Starmie|0 fnt\n|-heal|p2a: Venusaur|85/100|[from] drain|[of] p1a: Starmie\n|faint|p1a: Starmie\n|\n|upkeep\n|-message|tho0o forfeited.\n|\n|win|Jinhiko\n|raw|tho0o's rating: 1110 &rarr; <strong>1084</strong><br />(-26 for losing)\n|raw|Jinhiko's rating: 1097 &rarr; <strong>1123</strong><br />(+26 for winning)\n|l|\u2606tho0o\n|player|p1|\n",
  "uploadtime": 1776085191,
  "views": 10,
  "formatid": "gen9championsvgc2026regma",
  "rating": 1084,
  "private": 0,
  "password": null
}