{
  "id": "gen9championsvgc2026regma-2585811608",
  "format": "[Gen 9 Champions] VGC 2026 Reg M-A",
  "players": [
    "bigearlington",
    "medusa kardashian"
  ],
  "log": "|j|\u2606bigearlington\n|j|\u2606medusa kardashian\n|t:|1776372389\n|gametype|doubles\n|player|p1|bigearlington|102|1142\n|player|p2|medusa kardashian|roxie|1190\n|gen|9\n|tier|[Gen 9 Champions] VGC 2026 Reg M-A\n|rated|\n|rule|Species Clause: Limit one of each Pok\u00e9mon\n|rule|Item Clause: Limit 1 of each item\n|clearpoke\n|poke|p1|Aerodactyl, L50, M|\n|poke|p1|Maushold, L50|\n|poke|p1|Garchomp, L50, M|\n|poke|p1|Delphox, L50, F|\n|poke|p1|Aegislash, L50, M|\n|poke|p1|Floette-Eternal, L50, F|\n|poke|p2|Floette-Eternal, L50, F|\n|poke|p2|Ninetales-Alola, L50, F|\n|poke|p2|Orthworm, L50, F|\n|poke|p2|Maushold, L50|\n|poke|p2|Incineroar, L50, F|\n|poke|p2|Sinistcha, L50|\n|teampreview|4\n|inactive|Battle timer is ON: inactive players will automatically lose when time's up. (requested by medusa kardashian)\n|inactive|bigearlington has 60 seconds left.\n|\n|t:|1776372513\n|teamsize|p1|4\n|teamsize|p2|4\n|start\n|switch|p1a: Aerodactyl|Aerodactyl, L50, M|100/100\n|switch|p1b: Delphox|Delphox, L50, F|100/100\n|switch|p2a: Incineroar|Incineroar, L50, F, shiny|100/100\n|switch|p2b: Ninetales|Ninetales-Alola, L50, F|100/100\n|-ability|p1a: Aerodactyl|Unnerve\n|-weather|Snowscape|[from] ability: Snow Warning|[of] p2b: Ninetales\n|-ability|p2a: Incineroar|Intimidate|boost\n|-unboost|p1a: Aerodactyl|atk|1\n|-unboost|p1b: Delphox|atk|1\n|turn|1\n|inactive|bigearlington has 30 seconds left.\n|inactive|bigearlington has 20 seconds left.\n|inactive|bigearlington has 15 seconds left.\n|inactive|bigearlington has 10 seconds left.\n|\n|t:|1776372563\n|detailschange|p1b: Delphox|Delphox-Mega, L50, F\n|-mega|p1b: Delphox|Delphox|Delphoxite\n|move|p1b: Delphox|Protect|p1b: Delphox\n|-singleturn|p1b: Delphox|Protect\n|move|p1a: Aerodactyl|Protect|p1a: Aerodactyl\n|-singleturn|p1a: Aerodactyl|Protect\n|move|p2a: Incineroar|Fake Out|p1b: Delphox\n|-activate|p1b: Delphox|move: Protect\n|move|p2b: Ninetales|Aurora Veil|p2b: Ninetales\n|-sidestart|p2: medusa kardashian|move: Aurora Veil\n|\n|-weather|Snowscape|[upkeep]\n|upkeep\n|turn|2\n|inactive|bigearlington has 30 seconds left.\n|inactive|bigearlington has 20 seconds left.\n|\n|t:|1776372603\n|move|p1b: Delphox|Encore|p2a: Incineroar\n|-start|p2a: Incineroar|Encore\n|move|p2a: Incineroar|Fake Out||[still]\n|-hint|Fake Out only works on your first turn out.\n|-fail|p2a: Incineroar\n|move|p1a: Aerodactyl|Rock Slide|p2a: Incineroar|[spread] p2a,p2b\n|-supereffective|p2a: Incineroar|1\n|-supereffective|p2b: Ninetales|1\n|-damage|p2a: Incineroar|82/100\n|-damage|p2b: Ninetales|84/100\n|cant|p2b: Ninetales|flinch\n|\n|-weather|Snowscape|[upkeep]\n|-heal|p2a: Incineroar|88/100|[from] item: Leftovers\n|upkeep\n|turn|3\n|inactive|bigearlington has 30 seconds left.\n|inactive|medusa kardashian has 30 seconds left.\n|\n|t:|1776372632\n|switch|p2a: Floette|Floette-Eternal, L50, F|100/100\n|move|p1b: Delphox|Encore|p2b: Ninetales\n|-start|p2b: Ninetales|Encore\n|move|p1a: Aerodactyl|Rock Slide|p2b: Ninetales|[spread] p2a\n|-miss|p1a: Aerodactyl|p2b: Ninetales\n|-damage|p2a: Floette|84/100\n|move|p2b: Ninetales|Aurora Veil||[still]\n|-fail|p2b: Ninetales\n|\n|-weather|Snowscape|[upkeep]\n|upkeep\n|turn|4\n|inactive|bigearlington has 30 seconds left.\n|inactive|medusa kardashian has 30 seconds left.\n|inactive|bigearlington has 20 seconds left.\n|inactive|bigearlington has 15 seconds left.\n|inactive|bigearlington has 10 seconds left.\n|\n|t:|1776372677\n|switch|p1a: Aegislash|Aegislash, L50, M|100/100\n|switch|p2b: Incineroar|Incineroar, L50, F, shiny|88/100\n|-ability|p2b: Incineroar|Intimidate|boost\n|-unboost|p1a: Aegislash|atk|1\n|-unboost|p1b: Delphox|atk|1\n|detailschange|p2a: Floette|Floette-Mega, L50, F\n|-mega|p2a: Floette|Floette|Floettite\n|-ability|p2a: Floette|Fairy Aura\n|move|p1b: Delphox|Psychic|p2a: Floette\n|-damage|p2a: Floette|59/100\n|move|p2a: Floette|Dazzling Gleam|p1a: Aegislash|[spread] p1a,p1b\n|-resisted|p1a: Aegislash|1\n|-resisted|p1b: Delphox|1\n|-damage|p1a: Aegislash|80/100\n|-damage|p1b: Delphox|76/100\n|\n|-weather|Snowscape|[upkeep]\n|-heal|p2b: Incineroar|94/100|[from] item: Leftovers\n|upkeep\n|turn|5\n|inactive|bigearlington has 30 seconds left.\n|inactive|medusa kardashian has 30 seconds left.\n|inactive|bigearlington has 20 seconds left.\n|inactive|bigearlington has 15 seconds left.\n|inactive|medusa kardashian has 20 seconds left.\n|inactive|medusa kardashian has 15 seconds left.\n|\n|t:|1776372724\n|move|p1b: Delphox|Protect|p1b: Delphox\n|-singleturn|p1b: Delphox|Protect\n|move|p2b: Incineroar|Fake Out|p1b: Delphox\n|-activate|p1b: Delphox|move: Protect\n|move|p2a: Floette|Calm Mind|p2a: Floette\n|-boost|p2a: Floette|spa|1\n|-boost|p2a: Floette|spd|1\n|-formechange|p1a: Aegislash|Aegislash-Blade|\n|move|p1a: Aegislash|Poltergeist|p2a: Floette\n|-activate|p2a: Floette|move: Poltergeist|Floettite\n|-damage|p2a: Floette|18/100\n|\n|-weather|none\n|-heal|p2b: Incineroar|99/100|[from] item: Leftovers\n|-sideend|p2: medusa kardashian|move: Aurora Veil\n|upkeep\n|turn|6\n|inactive|bigearlington has 30 seconds left.\n|inactive|bigearlington has 20 seconds left.\n|inactive|bigearlington has 15 seconds left.\n|inactive|bigearlington has 10 seconds left.\n|\n|t:|1776372770\n|move|p1a: Aegislash|Shadow Sneak|p2a: Floette\n|-damage|p2a: Floette|0 fnt\n|faint|p2a: Floette\n|move|p1b: Delphox|Encore|p2b: Incineroar\n|-start|p2b: Incineroar|Encore\n|move|p2b: Incineroar|Fake Out||[still]\n|-hint|Fake Out only works on your first turn out.\n|-fail|p2b: Incineroar\n|\n|-heal|p2b: Incineroar|100/100|[from] item: Leftovers\n|upkeep\n|\n|t:|1776372783\n|switch|p2a: Ninetales|Ninetales-Alola, L50, F|84/100\n|-weather|Snowscape|[from] ability: Snow Warning|[of] p2a: Ninetales\n|turn|7\n|\n|t:|1776372796\n|switch|p2b: Maushold|Maushold, L50|100/100\n|move|p1b: Delphox|Heat Wave|p2a: Ninetales|[spread] p2a,p2b\n|-supereffective|p2a: Ninetales|1\n|-damage|p2a: Ninetales|34/100\n|-damage|p2b: Maushold|59/100\n|move|p2a: Ninetales|Aurora Veil|p2a: Ninetales\n|-sidestart|p2: medusa kardashian|move: Aurora Veil\n|move|p1a: Aegislash|Poltergeist|p2a: Ninetales\n|-activate|p2a: Ninetales|move: Poltergeist|Charti Berry\n|-crit|p2a: Ninetales\n|-damage|p2a: Ninetales|0 fnt\n|faint|p2a: Ninetales\n|\n|-weather|Snowscape|[upkeep]\n|upkeep\n|\n|t:|1776372811\n|switch|p2a: Incineroar|Incineroar, L50, F, shiny|100/100\n|-ability|p2a: Incineroar|Intimidate|boost\n|-unboost|p1a: Aegislash|atk|1\n|-unboost|p1b: Delphox|atk|1\n|turn|8\n|inactive|bigearlington has 30 seconds left.\n|inactive|bigearlington has 20 seconds left.\n|inactive|bigearlington has 15 seconds left.\n|\n|t:|1776372851\n|switch|p1a: Maushold|Maushold, L50|100/100\n|move|p1b: Delphox|Protect|p1b: Delphox\n|-singleturn|p1b: Delphox|Protect\n|move|p2b: Maushold|Taunt|p1b: Delphox\n|-activate|p1b: Delphox|move: Protect\n|move|p2a: Incineroar|Darkest Lariat|p1a: Maushold\n|-damage|p1a: Maushold|57/100\n|\n|-weather|Snowscape|[upkeep]\n|upkeep\n|turn|9\n|inactive|bigearlington has 30 seconds left.\n|inactive|medusa kardashian has 30 seconds left.\n|\n|t:|1776372887\n|switch|p1b: Aerodactyl|Aerodactyl, L50, M|100/100\n|-ability|p1b: Aerodactyl|Unnerve\n|move|p2b: Maushold|Helping Hand|p2a: Incineroar\n|-singleturn|p2a: Incineroar|Helping Hand|[of] p2b: Maushold\n|move|p1a: Maushold|Super Fang|p2a: Incineroar\n|-damage|p2a: Incineroar|50/100\n|move|p2a: Incineroar|Darkest Lariat|p1b: Aerodactyl\n|-damage|p1b: Aerodactyl|38/100\n|\n|-weather|Snowscape|[upkeep]\n|-heal|p2a: Incineroar|56/100|[from] item: Leftovers\n|upkeep\n|turn|10\n|inactive|bigearlington has 30 seconds left.\n|\n|t:|1776372917\n|move|p2b: Maushold|Helping Hand|p2a: Incineroar\n|-singleturn|p2a: Incineroar|Helping Hand|[of] p2b: Maushold\n|move|p1b: Aerodactyl|Protect|p1b: Aerodactyl\n|-singleturn|p1b: Aerodactyl|Protect\n|move|p1a: Maushold|Taunt|p2b: Maushold\n|-start|p2b: Maushold|move: Taunt\n|-enditem|p2b: Maushold|Mental Herb\n|-end|p2b: Maushold|move: Taunt\n|move|p2a: Incineroar|Darkest Lariat|p1b: Aerodactyl\n|-activate|p1b: Aerodactyl|move: Protect\n|\n|-weather|Snowscape|[upkeep]\n|-heal|p2a: Incineroar|62/100|[from] item: Leftovers\n|upkeep\n|turn|11\n|-message|medusa kardashian forfeited.\n|\n|win|bigearlington\n|raw|bigearlington's rating: 1142 &rarr; <strong>1170</strong><br />(+28 for winning)\n|raw|medusa kardashian's rating: 1190 &rarr; <strong>1162</strong><br />(-28 for losing)\n|l|\u2606medusa kardashian\n|player|p2|\n|j|\u2606medusa kardashian\n|player|p2|medusa kardashian|roxie|\n|l|\u2606medusa kardashian\n|player|p2|\n",
  "uploadtime": 1776372942,
  "views": 19,
  "formatid": "gen9championsvgc2026regma",
  "rating": 1162,
  "private": 0,
  "password": null
}