{
  "id": "gen9championsvgc2026regma-2587659837",
  "format": "[Gen 9 Champions] VGC 2026 Reg M-A",
  "players": [
    "Ciscostar",
    "loihni"
  ],
  "log": "|j|\u2606Ciscostar\n|j|\u2606loihni\n|t:|1776551289\n|gametype|doubles\n|player|p1|Ciscostar|102|1085\n|player|p2|loihni|101|1000\n|gen|9\n|tier|[Gen 9 Champions] VGC 2026 Reg M-A\n|rated|\n|rule|Species Clause: Limit one of each Pok\u00e9mon\n|rule|Item Clause: Limit 1 of each item\n|clearpoke\n|poke|p1|Charizard, L50, M, shiny|\n|poke|p1|Basculegion, L50, M, shiny|\n|poke|p1|Ditto, L50, shiny|\n|poke|p1|Aerodactyl, L50, M, shiny|\n|poke|p1|Raichu, L50, M, shiny|\n|poke|p1|Klefki, L50, M, shiny|\n|poke|p2|Aerodactyl, L50, M|\n|poke|p2|Maushold, L50|\n|poke|p2|Garchomp, L50, M|\n|poke|p2|Delphox, L50, F|\n|poke|p2|Aegislash, L50, M|\n|poke|p2|Floette-Eternal, L50, F|\n|teampreview|4\n|inactive|Battle timer is ON: inactive players will automatically lose when time's up. (requested by Ciscostar)\nCiscostar rejected open team sheets.\n|inactive|loihni has 60 seconds left.\n|\n|t:|1776551349\n|teamsize|p1|4\n|teamsize|p2|4\n|start\n|switch|p1a: Klefki|Klefki, L50, M, shiny|100/100\n|switch|p1b: Charizard|Charizard, L50, M, shiny|100/100\n|switch|p2a: Aerodactyl|Aerodactyl, L50, M|100/100\n|switch|p2b: Garchomp|Garchomp, L50, M|100/100\n|-ability|p2a: Aerodactyl|Unnerve\n|turn|1\n|inactive|loihni has 30 seconds left.\n|inactive|loihni has 20 seconds left.\n|\n|t:|1776551389\n|detailschange|p1b: Charizard|Charizard-Mega-Y, L50, M, shiny\n|-mega|p1b: Charizard|Charizard|Charizardite Y\n|-weather|SunnyDay|[from] ability: Drought|[of] p1b: Charizard\n|move|p1a: Klefki|Rain Dance|p1a: Klefki\n|-weather|RainDance\n|move|p2a: Aerodactyl|Tailwind|p2a: Aerodactyl\n|-sidestart|p2: loihni|move: Tailwind\n|move|p2b: Garchomp|Earthquake|p1b: Charizard|[spread] p1a\n|-immune|p2a: Aerodactyl\n|-immune|p1b: Charizard\n|-supereffective|p1a: Klefki|1\n|-damage|p1a: Klefki|8/100\n|move|p1b: Charizard|Weather Ball|p2a: Aerodactyl\n|-supereffective|p2a: Aerodactyl|1\n|-enditem|p2a: Aerodactyl|Focus Sash\n|-damage|p2a: Aerodactyl|1/100\n|\n|-weather|RainDance|[upkeep]\n|-heal|p1a: Klefki|14/100|[from] item: Leftovers\n|upkeep\n|turn|2\n|\n|t:|1776551408\n|move|p1b: Charizard|Protect|p1b: Charizard\n|-singleturn|p1b: Charizard|Protect\n|move|p1a: Klefki|Magnet Rise|p1a: Klefki\n|-start|p1a: Klefki|Magnet Rise\n|move|p2a: Aerodactyl|Rock Slide|p1b: Charizard|[spread] p1a\n|-activate|p1b: Charizard|move: Protect\n|-resisted|p1a: Klefki|1\n|-damage|p1a: Klefki|1/100\n|move|p2b: Garchomp|Rock Slide|p1a: Klefki|[spread] p1a\n|-activate|p1b: Charizard|move: Protect\n|-resisted|p1a: Klefki|1\n|-damage|p1a: Klefki|0 fnt\n|faint|p1a: Klefki\n|\n|-weather|RainDance|[upkeep]\n|upkeep\n|\n|t:|1776551418\n|switch|p1a: Basculegion|Basculegion, L50, M, shiny|100/100\n|turn|3\n|\n|t:|1776551433\n|move|p2a: Aerodactyl|Rock Slide|p1b: Charizard|[spread] p1b\n|-miss|p2a: Aerodactyl|p1a: Basculegion\n|-supereffective|p1b: Charizard|2\n|-damage|p1b: Charizard|0 fnt\n|faint|p1b: Charizard\n|move|p1a: Basculegion|Flip Turn|p2b: Garchomp\n|-damage|p2b: Garchomp|51/100\n|-damage|p1a: Basculegion|88/100|[from] ability: Rough Skin|[of] p2b: Garchomp\n|\n|t:|1776551440\n|switch|p1a: Raichu|Raichu, L50, M, shiny|100/100|[from] Flip Turn\n|move|p2b: Garchomp|Rock Slide|p1a: Raichu\n|-damage|p1a: Raichu|33/100\n|\n|-weather|RainDance|[upkeep]\n|upkeep\n|\n|t:|1776551441\n|switch|p1b: Basculegion|Basculegion, L50, M, shiny|88/100\n|turn|4\n|\n|t:|1776551466\n|move|p2b: Garchomp|Protect|p2b: Garchomp\n|-singleturn|p2b: Garchomp|Protect\n|move|p1a: Raichu|Fake Out|p2a: Aerodactyl\n|-resisted|p2a: Aerodactyl|1\n|-damage|p2a: Aerodactyl|0 fnt\n|faint|p2a: Aerodactyl\n|move|p1b: Basculegion|Last Respects|p2b: Garchomp\n|-activate|p2b: Garchomp|move: Protect\n|\n|-weather|RainDance|[upkeep]\n|-sideend|p2: loihni|move: Tailwind\n|upkeep\n|\n|t:|1776551487\n|switch|p2a: Maushold|Maushold, L50|100/100\n|turn|5\n|\n|t:|1776551500\n|move|p2a: Maushold|Follow Me|p2a: Maushold\n|-singleturn|p2a: Maushold|move: Follow Me\n|move|p1b: Basculegion|Last Respects|p2a: Maushold\n|-immune|p2a: Maushold\n|move|p1a: Raichu|Thunder|p2a: Maushold\n|-damage|p2a: Maushold|29/100\n|-status|p2a: Maushold|par\n|move|p2b: Garchomp|Stomping Tantrum|p1b: Basculegion\n|-damage|p1b: Basculegion|25/100\n|\n|-weather|none\n|upkeep\n|turn|6\n|\n|t:|1776551517\n|move|p2a: Maushold|Follow Me|p2a: Maushold\n|-singleturn|p2a: Maushold|move: Follow Me\n|move|p1b: Basculegion|Last Respects|p2a: Maushold\n|-immune|p2a: Maushold\n|move|p1a: Raichu|Thunder|p2a: Maushold|[miss]\n|-miss|p1a: Raichu|p2a: Maushold\n|move|p2b: Garchomp|Stomping Tantrum|p1b: Basculegion\n|-damage|p1b: Basculegion|0 fnt\n|faint|p1b: Basculegion\n|\n|upkeep\n|turn|7\n|\n|t:|1776551529\n|cant|p2a: Maushold|par\n|move|p1a: Raichu|Surf|p2a: Maushold|[spread] p2a,p2b\n|-damage|p2a: Maushold|7/100 par\n|-damage|p2b: Garchomp|36/100\n|move|p2b: Garchomp|Earthquake|p1a: Raichu|[spread] p2a,p1a\n|-supereffective|p1a: Raichu|1\n|-damage|p2a: Maushold|0 fnt\n|-damage|p1a: Raichu|0 fnt\n|faint|p2a: Maushold\n|faint|p1a: Raichu\n|\n|win|loihni\n|raw|Ciscostar's rating: 1085 &rarr; <strong>1057</strong><br />(-28 for losing)\n|raw|loihni's rating: 1000 &rarr; <strong>1050</strong><br />(+50 for winning)\n|l|\u2606Ciscostar\n|player|p1|\n|n|\u2606loihni|loihni\n|l|\u2606loihni\n|player|p2|\n|j|\u2606loihni\n|player|p2|loihni|101|\n|l|\u2606loihni\n|player|p2|\n|j|\u2606loihni\n|player|p2|loihni|101|\n|l|\u2606loihni\n|player|p2|\n|j|\u2606loihni\n|player|p2|loihni|101|\n",
  "uploadtime": 1776551565,
  "views": 10,
  "formatid": "gen9championsvgc2026regma",
  "rating": 1050,
  "private": 0,
  "password": null
}