{
  "id": "gen9championsvgc2026regma-2588406963",
  "format": "[Gen 9 Champions] VGC 2026 Reg M-A",
  "players": [
    "ErikaLeaf",
    "Lucareep"
  ],
  "log": "|j|\u2606ErikaLeaf\n|j|\u2606Lucareep\n|t:|1776630899\n|gametype|doubles\n|player|p1|ErikaLeaf|erika|1000\n|player|p2|Lucareep|crasherwake|1025\n|gen|9\n|tier|[Gen 9 Champions] VGC 2026 Reg M-A\n|rated|\n|rule|Species Clause: Limit one of each Pok\u00e9mon\n|rule|Item Clause: Limit 1 of each item\n|clearpoke\n|poke|p1|Rhyperior, L50, F|\n|poke|p1|Rotom-Mow, L50|\n|poke|p1|Pelipper, L50, M|\n|poke|p1|Skarmory, L50, M|\n|poke|p1|Sinistcha, L50|\n|poke|p1|Abomasnow, L50, M|\n|poke|p2|Sneasler, L50, F|\n|poke|p2|Heracross, L50, F|\n|poke|p2|Basculegion, L50, M|\n|poke|p2|Alakazam, L50, F|\n|poke|p2|Aerodactyl, L50, F|\n|poke|p2|Farigiraf, L50, M|\n|teampreview|4\n|inactive|Battle timer is ON: inactive players will automatically lose when time's up. (requested by Lucareep)\nLucareep has agreed to open team sheets.\n|inactive|ErikaLeaf has 60 seconds left.\n|\n|t:|1776630940\n|teamsize|p1|4\n|teamsize|p2|4\n|start\n|switch|p1a: Sinistcha|Sinistcha, L50|100/100\n|switch|p1b: Skarmory|Skarmory, L50, M|100/100\n|switch|p2a: Sneasler|Sneasler, L50, F|100/100\n|switch|p2b: Farigiraf|Farigiraf, L50, M|100/100\n|turn|1\n|inactive|ErikaLeaf has 30 seconds left.\n|inactive|Lucareep has 30 seconds left.\n|\n|t:|1776630975\n|detailschange|p1b: Skarmory|Skarmory-Mega, L50, M\n|-mega|p1b: Skarmory|Skarmory|Skarmorite\n|move|p2a: Sneasler|Fake Out|p1b: Skarmory\n|-resisted|p1b: Skarmory|1\n|-damage|p1b: Skarmory|94/100\n|cant|p1b: Skarmory|flinch\n|move|p2b: Farigiraf|Psychic Terrain|p2b: Farigiraf\n|-fieldstart|move: Psychic Terrain\n|move|p1a: Sinistcha|Trick Room|p1a: Sinistcha\n|-fieldstart|move: Trick Room|[of] p1a: Sinistcha\n|\n|upkeep\n|turn|2\n|inactive|Lucareep has 30 seconds left.\n|inactive|Lucareep has 20 seconds left.\n|\n|t:|1776631011\n|move|p2b: Farigiraf|Expanding Force|p1b: Skarmory|[spread] p1a,p1b\n|-resisted|p1b: Skarmory|1\n|-damage|p1a: Sinistcha|33/100\n|-damage|p1b: Skarmory|64/100\n|move|p1a: Sinistcha|Matcha Gotcha|p2b: Farigiraf|[spread] p2b\n|-miss|p1a: Sinistcha|p2a: Sneasler\n|-damage|p2b: Farigiraf|77/100\n|-heal|p1a: Sinistcha|47/100|[from] drain|[of] p2b: Farigiraf\n|-status|p2b: Farigiraf|brn\n|move|p1b: Skarmory|Brave Bird|p2a: Sneasler\n|-supereffective|p2a: Sneasler|1\n|-damage|p2a: Sneasler|0 fnt\n|faint|p2a: Sneasler\n|-damage|p1b: Skarmory|34/100|[from] Recoil\n|\n|-heal|p2b: Farigiraf|83/100 brn|[from] item: Leftovers\n|-heal|p1a: Sinistcha|53/100|[from] item: Leftovers\n|-damage|p2b: Farigiraf|77/100 brn|[from] brn\n|upkeep\n|\n|t:|1776631033\n|switch|p2a: Aerodactyl|Aerodactyl, L50, F|100/100\n|-ability|p2a: Aerodactyl|Unnerve\n|turn|3\n|inactive|ErikaLeaf has 30 seconds left.\n|inactive|Lucareep has 30 seconds left.\n|inactive|Lucareep has 20 seconds left.\n|inactive|Lucareep has 15 seconds left.\n|\n|t:|1776631087\n|move|p1a: Sinistcha|Protect|p1a: Sinistcha\n|-singleturn|p1a: Sinistcha|Protect\n|move|p2b: Farigiraf|Expanding Force|p1b: Skarmory|[spread] p1b\n|-activate|p1a: Sinistcha|move: Protect\n|-resisted|p1b: Skarmory|1\n|-damage|p1b: Skarmory|5/100\n|move|p1b: Skarmory|Brave Bird|p2b: Farigiraf\n|-damage|p2b: Farigiraf|23/100 brn\n|-damage|p1b: Skarmory|0 fnt|[from] Recoil\n|faint|p1b: Skarmory\n|move|p2a: Aerodactyl|Rock Slide|p1a: Sinistcha\n|-activate|p1a: Sinistcha|move: Protect\n|\n|-heal|p2b: Farigiraf|29/100 brn|[from] item: Leftovers\n|-heal|p1a: Sinistcha|59/100|[from] item: Leftovers\n|-damage|p2b: Farigiraf|23/100 brn|[from] brn\n|upkeep\n|\n|t:|1776631105\n|switch|p1b: Abomasnow|Abomasnow, L50, M|100/100\n|-weather|Snowscape|[from] ability: Snow Warning|[of] p1b: Abomasnow\n|turn|4\n|\n|t:|1776631130\n|move|p2b: Farigiraf|Expanding Force|p1a: Sinistcha|[spread] p1a,p1b\n|-crit|p1b: Abomasnow\n|-damage|p1a: Sinistcha|0 fnt\n|-damage|p1b: Abomasnow|35/100\n|faint|p1a: Sinistcha\n|move|p1b: Abomasnow|Blizzard|p2b: Farigiraf|[spread] p2a,p2b\n|-supereffective|p2a: Aerodactyl|1\n|-damage|p2a: Aerodactyl|8/100\n|-damage|p2b: Farigiraf|0 fnt\n|faint|p2b: Farigiraf\n|move|p2a: Aerodactyl|Dual Wingbeat|p1b: Abomasnow\n|-supereffective|p1b: Abomasnow|1\n|-damage|p1b: Abomasnow|7/100\n|-supereffective|p1b: Abomasnow|1\n|-damage|p1b: Abomasnow|0 fnt\n|faint|p1b: Abomasnow\n|-hitcount|p1: Abomasnow|2\n|\n|-weather|Snowscape|[upkeep]\n|upkeep\n|\n|t:|1776631146\n|switch|p2b: Alakazam|Alakazam, L50, F|100/100\n|switch|p1a: Rotom|Rotom-Mow, L50|100/100\n|turn|5\n|\n|t:|1776631162\n|detailschange|p2b: Alakazam|Alakazam-Mega, L50, F\n|-mega|p2b: Alakazam|Alakazam|Alakazite\n|-ability|p2b: Alakazam|Levitate|Trace|[from] ability: Trace|[of] p1a: Rotom\n|move|p1a: Rotom|Discharge|p2b: Alakazam|[spread] p2a,p2b\n|-supereffective|p2a: Aerodactyl|1\n|-damage|p2a: Aerodactyl|0 fnt\n|-damage|p2b: Alakazam|55/100\n|faint|p2a: Aerodactyl\n|move|p2b: Alakazam|Expanding Force|p1a: Rotom\n|-damage|p1a: Rotom|28/100\n|\n|-weather|Snowscape|[upkeep]\n|-fieldend|move: Trick Room\n|-fieldend|move: Psychic Terrain\n|upkeep\n|turn|6\n|\n|t:|1776631179\n|move|p2b: Alakazam|Expanding Force|p1a: Rotom\n|-damage|p1a: Rotom|0 fnt\n|faint|p1a: Rotom\n|\n|win|Lucareep\n|raw|ErikaLeaf's rating: 1000 &rarr; <strong>1000</strong><br />(+0 for losing)\n|raw|Lucareep's rating: 1025 &rarr; <strong>1059</strong><br />(+34 for winning)\n|l|\u2606ErikaLeaf\n|player|p1|\n",
  "uploadtime": 1776631189,
  "views": 14,
  "formatid": "gen9championsvgc2026regma",
  "rating": 1000,
  "private": 0,
  "password": null
}