{
  "id": "gen9championsvgc2026regma-2580880076",
  "format": "[Gen 9 Champions] VGC 2026 Reg M-A",
  "players": [
    "jyotsha",
    "SpiderKash"
  ],
  "log": "|j|\u2606jyotsha\n|j|\u2606SpiderKash\n|t:|1775940048\n|gametype|doubles\n|player|p1|jyotsha|102|1247\n|player|p2|SpiderKash|169|1284\n|gen|9\n|tier|[Gen 9 Champions] VGC 2026 Reg M-A\n|rated|\n|rule|Species Clause: Limit one of each Pok\u00e9mon\n|rule|Item Clause: Limit 1 of each item\n|clearpoke\n|poke|p1|Aegislash, L50, M|\n|poke|p1|Aerodactyl, L50, M|\n|poke|p1|Incineroar, L50, F|\n|poke|p1|Lucario, L50, F|\n|poke|p1|Milotic, L50, F|\n|poke|p1|Rotom-Wash, L50|\n|poke|p2|Camerupt, L50, M|\n|poke|p2|Maushold-Four, L50|\n|poke|p2|Farigiraf, L50, F|\n|poke|p2|Kleavor, L50, F|\n|poke|p2|Kingambit, L50, F|\n|poke|p2|Dragonite, L50, F|\n|teampreview|4\n|inactive|Battle timer is ON: inactive players will automatically lose when time's up. (requested by jyotsha)\n|inactive|SpiderKash has 60 seconds left.\n|\n|t:|1775940084\n|teamsize|p1|4\n|teamsize|p2|4\n|start\n|switch|p1a: Incineroar|Incineroar, L50, F|100/100\n|switch|p1b: Lucario|Lucario, L50, F|100/100\n|switch|p2a: Dragonite|Dragonite, L50, F|100/100\n|switch|p2b: Kleavor|Kleavor, L50, F|100/100\n|-ability|p1a: Incineroar|Intimidate|boost\n|-unboost|p2a: Dragonite|atk|1\n|-unboost|p2b: Kleavor|atk|1\n|turn|1\n|\n|t:|1775940103\n|detailschange|p1b: Lucario|Lucario-Mega, L50, F\n|-mega|p1b: Lucario|Lucario|Lucarionite\n|move|p1a: Incineroar|Fake Out|p2a: Dragonite\n|-damage|p2a: Dragonite|95/100\n|move|p1b: Lucario|Bullet Punch|p2b: Kleavor\n|-supereffective|p2b: Kleavor|1\n|-damage|p2b: Kleavor|19/100\n|move|p2b: Kleavor|Stone Axe|p1a: Incineroar\n|-supereffective|p1a: Incineroar|1\n|-damage|p1a: Incineroar|41/100\n|-sidestart|p1: jyotsha|move: Stealth Rock\n|-enditem|p1a: Incineroar|Sitrus Berry|[eat]\n|-heal|p1a: Incineroar|66/100|[from] item: Sitrus Berry\n|cant|p2a: Dragonite|flinch\n|\n|upkeep\n|turn|2\n|inactive|jyotsha has 30 seconds left.\n|\n|t:|1775940134\n|move|p2b: Kleavor|Stone Axe|p1a: Incineroar\n|-supereffective|p1a: Incineroar|1\n|-damage|p1a: Incineroar|0 fnt\n|faint|p1a: Incineroar\n|move|p1b: Lucario|Drain Punch|p2b: Kleavor\n|-damage|p2b: Kleavor|0 fnt\n|faint|p2b: Kleavor\n|move|p2a: Dragonite|Scale Shot|p1b: Lucario\n|-resisted|p1b: Lucario|1\n|-damage|p1b: Lucario|93/100\n|-resisted|p1b: Lucario|1\n|-damage|p1b: Lucario|85/100\n|-hitcount|p1b: Lucario|2\n|-unboost|p2a: Dragonite|def|1\n|-boost|p2a: Dragonite|spe|1\n|\n|upkeep\n|\n|t:|1775940154\n|switch|p2b: Camerupt|Camerupt, L50, M|100/100\n|switch|p1a: Rotom|Rotom-Wash, L50|100/100\n|-damage|p1a: Rotom|89/100|[from] Stealth Rock\n|turn|3\n|\n|t:|1775940172\n|detailschange|p2b: Camerupt|Camerupt-Mega, L50, M\n|-mega|p2b: Camerupt|Camerupt|Cameruptite\n|move|p2b: Camerupt|Protect|p2b: Camerupt\n|-singleturn|p2b: Camerupt|Protect\n|move|p1a: Rotom|Hydro Pump|p2b: Camerupt\n|-activate|p2b: Camerupt|move: Protect\n|move|p2a: Dragonite|Scale Shot|p1a: Rotom\n|-damage|p1a: Rotom|70/100\n|-damage|p1a: Rotom|52/100\n|-damage|p1a: Rotom|35/100\n|-damage|p1a: Rotom|20/100\n|-crit|p1a: Rotom\n|-damage|p1a: Rotom|0 fnt\n|faint|p1a: Rotom\n|-hitcount|p1: Rotom|5\n|-unboost|p2a: Dragonite|def|1\n|-boost|p2a: Dragonite|spe|1\n|move|p1b: Lucario|Drain Punch|p2a: Dragonite\n|-resisted|p2a: Dragonite|1\n|-damage|p2a: Dragonite|25/100\n|-heal|p1b: Lucario|100/100|[from] drain|[of] p2a: Dragonite\n|\n|upkeep\n|\n|t:|1775940184\n|switch|p1a: Milotic|Milotic, L50, F|100/100\n|-damage|p1a: Milotic|88/100|[from] Stealth Rock\n|turn|4\n|\n|t:|1775940202\n|switch|p2b: Maushold|Maushold-Four, L50|100/100\n|move|p1b: Lucario|Bullet Punch|p2a: Dragonite\n|-damage|p2a: Dragonite|0 fnt\n|faint|p2a: Dragonite\n|move|p1a: Milotic|Scald|p2b: Maushold\n|-damage|p2b: Maushold|60/100\n|\n|-heal|p1a: Milotic|94/100|[from] item: Leftovers\n|upkeep\n|\n|t:|1775940204\n|switch|p2a: Camerupt|Camerupt-Mega, L50, M|100/100\n|turn|5\n|\n|t:|1775940215\n|move|p1b: Lucario|Protect|p1b: Lucario\n|-singleturn|p1b: Lucario|Protect\n|move|p2b: Maushold|After You|p2a: Camerupt\n|-activate|p2a: Camerupt|move: After You\n|move|p2a: Camerupt|Eruption|p1b: Lucario|[spread] p1a\n|-activate|p1b: Lucario|move: Protect\n|-resisted|p1a: Milotic|1\n|-damage|p1a: Milotic|71/100\n|move|p1a: Milotic|Muddy Water|p2b: Maushold|[spread] p2a,p2b\n|-supereffective|p2a: Camerupt|2\n|-damage|p2a: Camerupt|33/100\n|-damage|p2b: Maushold|25/100\n|-enditem|p2b: Maushold|Sitrus Berry|[eat]\n|-heal|p2b: Maushold|49/100|[from] item: Sitrus Berry\n|\n|-heal|p1a: Milotic|77/100|[from] item: Leftovers\n|upkeep\n|turn|6\n|\n|t:|1775940231\n|move|p1b: Lucario|Bullet Punch|p2a: Camerupt\n|-resisted|p2a: Camerupt|1\n|-damage|p2a: Camerupt|21/100\n|move|p2b: Maushold|After You|p2a: Camerupt\n|-activate|p2a: Camerupt|move: After You\n|move|p2a: Camerupt|Flamethrower|p1b: Lucario\n|-supereffective|p1b: Lucario|1\n|-damage|p1b: Lucario|0 fnt\n|faint|p1b: Lucario\n|move|p1a: Milotic|Muddy Water|p2a: Camerupt|[spread] p2b\n|-miss|p1a: Milotic|p2a: Camerupt\n|-damage|p2b: Maushold|17/100\n|\n|-heal|p1a: Milotic|83/100|[from] item: Leftovers\n|upkeep\n|turn|7\n|\n|t:|1775940243\n|move|p1a: Milotic|Protect|p1a: Milotic\n|-singleturn|p1a: Milotic|Protect\n|move|p2b: Maushold|After You|p2a: Camerupt\n|-activate|p2a: Camerupt|move: After You\n|move|p2a: Camerupt|Earth Power|p1a: Milotic\n|-activate|p1a: Milotic|move: Protect\n|\n|-heal|p1a: Milotic|89/100|[from] item: Leftovers\n|upkeep\n|turn|8\n|\n|t:|1775940262\n|move|p2b: Maushold|After You|p2a: Camerupt\n|-activate|p2a: Camerupt|move: After You\n|move|p2a: Camerupt|Earth Power|p1a: Milotic\n|-damage|p1a: Milotic|44/100\n|move|p1a: Milotic|Scald|p2a: Camerupt\n|-supereffective|p2a: Camerupt|2\n|-damage|p2a: Camerupt|0 fnt\n|faint|p2a: Camerupt\n|\n|-heal|p1a: Milotic|50/100|[from] item: Leftovers\n|upkeep\n|turn|9\n|-message|SpiderKash forfeited.\n|\n|win|jyotsha\n|raw|jyotsha's rating: 1247 &rarr; <strong>1275</strong><br />(+28 for winning)\n|raw|SpiderKash's rating: 1284 &rarr; <strong>1256</strong><br />(-28 for losing)\n",
  "uploadtime": 1775940267,
  "views": 35,
  "formatid": "gen9championsvgc2026regma",
  "rating": 1256,
  "private": 0,
  "password": null
}