{
  "id": "gen9championsvgc2026regma-2581620048",
  "format": "[Gen 9 Champions] VGC 2026 Reg M-A",
  "players": [
    "minebloxgeust",
    "runningo"
  ],
  "log": "|j|\u2606minebloxgeust\n|j|\u2606runningo\n|t:|1776015678\n|gametype|doubles\n|player|p1|minebloxgeust|emmet|1126\n|player|p2|runningo|2|1218\n|gen|9\n|tier|[Gen 9 Champions] VGC 2026 Reg M-A\n|rated|\n|rule|Species Clause: Limit one of each Pok\u00e9mon\n|rule|Item Clause: Limit 1 of each item\n|clearpoke\n|poke|p1|Aerodactyl, L50, F|\n|poke|p1|Basculegion, L50, M|\n|poke|p1|Farigiraf, L50, F|\n|poke|p1|Tinkaton, L50, F|\n|poke|p1|Floette-Eternal, L50, F|\n|poke|p1|Incineroar, L50, F|\n|poke|p2|Whimsicott, L50, M|\n|poke|p2|Typhlosion-Hisui, L50, F|\n|poke|p2|Floette-Eternal, L50, F|\n|poke|p2|Tauros-Paldea-Aqua, L50, M|\n|poke|p2|Kingambit, L50, M|\n|teampreview|4\n|\n|t:|1776015721\n|teamsize|p1|4\n|teamsize|p2|4\n|start\n|switch|p1a: Aerodactyl|Aerodactyl, L50, F|100/100\n|switch|p1b: Tinkaton|Tinkaton, L50, F|100/100\n|switch|p2a: Whimsicott|Whimsicott, L50, M|100/100\n|switch|p2b: Tauros|Tauros-Paldea-Aqua, L50, M|100/100\n|-ability|p1a: Aerodactyl|Unnerve\n|-ability|p2b: Tauros|Intimidate|boost\n|-unboost|p1a: Aerodactyl|atk|1\n|-fail|p1b: Tinkaton|unboost|Attack|[from] ability: Own Tempo|[of] p1b: Tinkaton\n|turn|1\n|\n|t:|1776015736\n|move|p2a: Whimsicott|Protect|p2a: Whimsicott\n|-singleturn|p2a: Whimsicott|Protect\n|move|p1b: Tinkaton|Fake Out|p2a: Whimsicott\n|-activate|p2a: Whimsicott|move: Protect\n|move|p1a: Aerodactyl|Dual Wingbeat|p2a: Whimsicott\n|-activate|p2a: Whimsicott|move: Protect\n|move|p2b: Tauros|Raging Bull|p1a: Aerodactyl\n|-supereffective|p1a: Aerodactyl|1\n|-enditem|p1a: Aerodactyl|Focus Sash\n|-damage|p1a: Aerodactyl|1/100\n|\n|upkeep\n|turn|2\n|\n|t:|1776015757\n|move|p2a: Whimsicott|Tailwind|p2a: Whimsicott\n|-sidestart|p2: runningo|move: Tailwind\n|move|p2b: Tauros|Raging Bull|p1a: Aerodactyl\n|-supereffective|p1a: Aerodactyl|1\n|-damage|p1a: Aerodactyl|0 fnt\n|faint|p1a: Aerodactyl\n|move|p1b: Tinkaton|Thunder Wave|p2b: Tauros\n|-status|p2b: Tauros|par\n|\n|upkeep\n|\n|t:|1776015763\n|switch|p1a: Incineroar|Incineroar, L50, F|100/100\n|-ability|p1a: Incineroar|Intimidate|boost\n|-unboost|p2a: Whimsicott|atk|1\n|-unboost|p2b: Tauros|atk|1\n|turn|3\n|\n|t:|1776015780\n|move|p1a: Incineroar|Fake Out|p2b: Tauros\n|-damage|p2b: Tauros|88/100 par\n|move|p2a: Whimsicott|Moonblast|p1a: Incineroar\n|-damage|p1a: Incineroar|68/100\n|cant|p2b: Tauros|flinch\n|move|p1b: Tinkaton|Gigaton Hammer|p2a: Whimsicott\n|-supereffective|p2a: Whimsicott|1\n|-enditem|p2a: Whimsicott|Focus Sash\n|-damage|p2a: Whimsicott|1/100\n|\n|upkeep\n|turn|4\n|\n|t:|1776015805\n|switch|p1a: Basculegion|Basculegion, L50, M|100/100\n|move|p2a: Whimsicott|Moonblast|p1a: Basculegion\n|-damage|p1a: Basculegion|58/100\n|move|p2b: Tauros|Close Combat|p1a: Basculegion\n|-immune|p1a: Basculegion\n|move|p1b: Tinkaton|Knock Off|p2a: Whimsicott\n|-resisted|p2a: Whimsicott|1\n|-damage|p2a: Whimsicott|0 fnt\n|faint|p2a: Whimsicott\n|\n|upkeep\n|\n|t:|1776015826\n|switch|p2a: Floette|Floette-Eternal, L50, F|100/100\n|turn|5\n|\n|t:|1776015835\n|switch|p1a: Incineroar|Incineroar, L50, F|68/100\n|-ability|p1a: Incineroar|Intimidate|boost\n|-unboost|p2a: Floette|atk|1\n|-unboost|p2b: Tauros|atk|1\n|detailschange|p2a: Floette|Floette-Mega, L50, F\n|-mega|p2a: Floette|Floette|Floettite\n|-ability|p2a: Floette|Fairy Aura\n|move|p2a: Floette|Dazzling Gleam|p1a: Incineroar|[spread] p1a,p1b\n|-resisted|p1b: Tinkaton|1\n|-damage|p1a: Incineroar|26/100\n|-damage|p1b: Tinkaton|80/100\n|move|p2b: Tauros|Raging Bull|p1a: Incineroar\n|-supereffective|p1a: Incineroar|1\n|-damage|p1a: Incineroar|0 fnt\n|faint|p1a: Incineroar\n|move|p1b: Tinkaton|Thunder Wave|p2a: Floette\n|-status|p2a: Floette|par\n|\n|-heal|p1b: Tinkaton|86/100|[from] item: Leftovers\n|-sideend|p2: runningo|move: Tailwind\n|upkeep\n|\n|t:|1776015838\n|switch|p1a: Basculegion|Basculegion, L50, M|58/100\n|turn|6\n|\n|t:|1776015858\n|move|p1a: Basculegion|Last Respects|p2b: Tauros\n|-damage|p2b: Tauros|0 fnt\n|faint|p2b: Tauros\n|move|p1b: Tinkaton|Gigaton Hammer|p2a: Floette\n|-supereffective|p2a: Floette|1\n|-damage|p2a: Floette|0 fnt\n|faint|p2a: Floette\n|\n|-heal|p1b: Tinkaton|92/100|[from] item: Leftovers\n|upkeep\n|\n|t:|1776015868\n|switch|p2b: Typhlosion|Typhlosion-Hisui, L50, F|100/100\n|-item|p1a: Basculegion|Choice Scarf|[from] ability: Frisk|[of] p2b: Typhlosion\n|-item|p1b: Tinkaton|Leftovers|[from] ability: Frisk|[of] p2b: Typhlosion\n|turn|7\n|\n|t:|1776015873\n|move|p2b: Typhlosion|Eruption|p1a: Basculegion|[spread] p1a,p1b\n|-resisted|p1a: Basculegion|1\n|-supereffective|p1b: Tinkaton|1\n|-damage|p1a: Basculegion|27/100\n|-damage|p1b: Tinkaton|0 fnt\n|faint|p1b: Tinkaton\n|move|p1a: Basculegion|Last Respects|p2b: Typhlosion\n|-supereffective|p2b: Typhlosion|1\n|-damage|p2b: Typhlosion|0 fnt\n|faint|p2b: Typhlosion\n|\n|win|minebloxgeust\n|raw|minebloxgeust's rating: 1126 &rarr; <strong>1157</strong><br />(+31 for winning)\n|raw|runningo's rating: 1218 &rarr; <strong>1187</strong><br />(-31 for losing)\n",
  "uploadtime": 1776015877,
  "views": 18,
  "formatid": "gen9championsvgc2026regma",
  "rating": 1157,
  "private": 0,
  "password": null
}