{
  "id": "gen9championsvgc2026regma-2586802986",
  "format": "[Gen 9 Champions] VGC 2026 Reg M-A",
  "players": [
    "superzcursed",
    "Ongalabong"
  ],
  "log": "|j|\u2606superzcursed\n|j|\u2606Ongalabong\n|t:|1776461149\n|gametype|doubles\n|player|p1|superzcursed|266|1192\n|player|p2|Ongalabong|benga|1255\n|gen|9\n|tier|[Gen 9 Champions] VGC 2026 Reg M-A\n|rated|\n|rule|Species Clause: Limit one of each Pok\u00e9mon\n|rule|Item Clause: Limit 1 of each item\n|clearpoke\n|poke|p1|Tyranitar, L50, M|\n|poke|p1|Sneasler, L50, F|\n|poke|p1|Lucario, L50, F|\n|poke|p1|Dragapult, L50, M|\n|poke|p1|Sinistcha, L50|\n|poke|p1|Incineroar, L50, M|\n|poke|p2|Crabominable, L50, M|\n|poke|p2|Farigiraf, L50, F|\n|poke|p2|Incineroar, L50, M|\n|poke|p2|Venusaur, L50, M|\n|poke|p2|Basculegion, L50, M|\n|poke|p2|Ninetales-Alola, L50, F|\n|teampreview|4\n|inactive|Battle timer is ON: inactive players will automatically lose when time's up. (requested by superzcursed)\n|inactive|superzcursed has 60 seconds left.\n|\n|t:|1776461229\n|teamsize|p1|4\n|teamsize|p2|4\n|start\n|switch|p1a: Lucario|Lucario, L50, F|100/100\n|switch|p1b: Tyranitar|Tyranitar, L50, M|100/100\n|switch|p2a: Venusaur|Venusaur, L50, M|100/100\n|switch|p2b: Incineroar|Incineroar, L50, M|100/100\n|-weather|Sandstorm|[from] ability: Sand Stream|[of] p1b: Tyranitar\n|-ability|p2b: Incineroar|Intimidate|boost\n|-fail|p1a: Lucario|unboost|Attack|[from] ability: Inner Focus|[of] p1a: Lucario\n|-unboost|p1b: Tyranitar|atk|1\n|turn|1\n|inactive|Ongalabong has 30 seconds left.\n|\n|t:|1776461261\n|switch|p1b: Sinistcha|Sinistcha, L50|100/100\n|detailschange|p2a: Venusaur|Venusaur-Mega, L50, M\n|-mega|p2a: Venusaur|Venusaur|Venusaurite\n|move|p1a: Lucario|Flash Cannon|p2a: Venusaur\n|-damage|p2a: Venusaur|69/100\n|move|p2a: Venusaur|Leech Seed|p1b: Sinistcha\n|-immune|p1b: Sinistcha\n|move|p2b: Incineroar|Parting Shot|p1a: Lucario\n|-unboost|p1a: Lucario|atk|1\n|-unboost|p1a: Lucario|spa|1\n|\n|t:|1776461269\n|switch|p2b: Farigiraf|Farigiraf, L50, F|100/100|[from] Parting Shot\n|\n|-weather|Sandstorm|[upkeep]\n|-damage|p2a: Venusaur|64/100|[from] Sandstorm\n|-damage|p1b: Sinistcha|95/100|[from] Sandstorm\n|-damage|p2b: Farigiraf|94/100|[from] Sandstorm\n|upkeep\n|turn|2\n|\n|t:|1776461288\n|move|p1a: Lucario|Flash Cannon|p2b: Farigiraf\n|-damage|p2b: Farigiraf|74/100\n|move|p2a: Venusaur|Leech Seed|p1a: Lucario\n|-start|p1a: Lucario|move: Leech Seed\n|move|p1b: Sinistcha|Matcha Gotcha|p2b: Farigiraf|[spread] p2b\n|-miss|p1b: Sinistcha|p2a: Venusaur\n|-damage|p2b: Farigiraf|52/100\n|-heal|p1b: Sinistcha|100/100|[from] drain|[of] p2b: Farigiraf\n|move|p2b: Farigiraf|Trick Room|p2b: Farigiraf\n|-fieldstart|move: Trick Room|[of] p2b: Farigiraf\n|\n|-weather|Sandstorm|[upkeep]\n|-damage|p2b: Farigiraf|45/100|[from] Sandstorm\n|-damage|p1b: Sinistcha|95/100|[from] Sandstorm\n|-damage|p2a: Venusaur|58/100|[from] Sandstorm\n|-damage|p1a: Lucario|88/100|[from] Leech Seed|[of] p2a: Venusaur\n|-heal|p2a: Venusaur|67/100|[silent]\n|upkeep\n|turn|3\n|inactive|Ongalabong has 30 seconds left.\n|\n|t:|1776461314\n|move|p2b: Farigiraf|Psychic|p1a: Lucario\n|-damage|p1a: Lucario|35/100\n|move|p1b: Sinistcha|Matcha Gotcha|p2b: Farigiraf|[spread] p2a,p2b\n|-resisted|p2a: Venusaur|2\n|-damage|p2a: Venusaur|63/100\n|-heal|p1b: Sinistcha|98/100|[from] drain|[of] p2a: Venusaur\n|-damage|p2b: Farigiraf|25/100\n|-heal|p1b: Sinistcha|100/100|[from] drain|[of] p2b: Farigiraf\n|move|p2a: Venusaur|Sludge Bomb|p1b: Sinistcha\n|-damage|p1b: Sinistcha|44/100\n|move|p1a: Lucario|Flash Cannon|p2b: Farigiraf\n|-crit|p2b: Farigiraf\n|-damage|p2b: Farigiraf|0 fnt\n|faint|p2b: Farigiraf\n|\n|-weather|Sandstorm|[upkeep]\n|-damage|p1b: Sinistcha|38/100|[from] Sandstorm\n|-damage|p2a: Venusaur|57/100|[from] Sandstorm\n|-damage|p1a: Lucario|23/100|[from] Leech Seed|[of] p2a: Venusaur\n|-heal|p2a: Venusaur|66/100|[silent]\n|upkeep\n|\n|t:|1776461317\n|switch|p2b: Incineroar|Incineroar, L50, M|100/100\n|-ability|p2b: Incineroar|Intimidate|boost\n|-fail|p1a: Lucario|unboost|Attack|[from] ability: Inner Focus|[of] p1a: Lucario\n|-unboost|p1b: Sinistcha|atk|1\n|turn|4\n|\n|t:|1776461336\n|move|p1b: Sinistcha|Protect|p1b: Sinistcha\n|-singleturn|p1b: Sinistcha|Protect\n|move|p1a: Lucario|Vacuum Wave|p2b: Incineroar\n|-supereffective|p2b: Incineroar|1\n|-damage|p2b: Incineroar|80/100\n|move|p2b: Incineroar|Flare Blitz|p1b: Sinistcha\n|-activate|p1b: Sinistcha|move: Protect\n|move|p2a: Venusaur|Earth Power|p1a: Lucario\n|-supereffective|p1a: Lucario|1\n|-damage|p1a: Lucario|0 fnt\n|faint|p1a: Lucario\n|\n|-weather|Sandstorm|[upkeep]\n|-damage|p2b: Incineroar|74/100|[from] Sandstorm\n|-damage|p1b: Sinistcha|32/100|[from] Sandstorm\n|-damage|p2a: Venusaur|60/100|[from] Sandstorm\n|upkeep\n|\n|t:|1776461339\n|switch|p1a: Sneasler|Sneasler, L50, F|100/100\n|turn|5\n|\n|t:|1776461349\n|move|p2b: Incineroar|Flare Blitz|p1b: Sinistcha\n|-supereffective|p1b: Sinistcha|1\n|-enditem|p1b: Sinistcha|Occa Berry|[eat]\n|-enditem|p1b: Sinistcha|Occa Berry|[weaken]\n|-damage|p1b: Sinistcha|0 fnt\n|faint|p1b: Sinistcha\n|-damage|p2b: Incineroar|65/100|[from] Recoil\n|move|p2a: Venusaur|Earth Power|p1a: Sneasler\n|-supereffective|p1a: Sneasler|1\n|-damage|p1a: Sneasler|22/100\n|move|p1a: Sneasler|Dire Claw|p2a: Venusaur\n|-damage|p2a: Venusaur|30/100\n|\n|-weather|none\n|upkeep\n|\n|t:|1776461353\n|switch|p1b: Tyranitar|Tyranitar, L50, M|100/100\n|-weather|Sandstorm|[from] ability: Sand Stream|[of] p1b: Tyranitar\n|turn|6\n|inactive|Ongalabong has 30 seconds left.\n|\n|t:|1776461381\n|move|p2b: Incineroar|Flare Blitz|p1a: Sneasler\n|-damage|p1a: Sneasler|0 fnt\n|faint|p1a: Sneasler\n|-damage|p2b: Incineroar|59/100|[from] Recoil\n|move|p1b: Tyranitar|Rock Slide|p2a: Venusaur|[spread] \n|-miss|p1b: Tyranitar|p2a: Venusaur\n|-miss|p1b: Tyranitar|p2b: Incineroar\n|move|p2a: Venusaur|Earth Power|p1b: Tyranitar\n|-supereffective|p1b: Tyranitar|1\n|-damage|p1b: Tyranitar|73/100\n|\n|-weather|Sandstorm|[upkeep]\n|-damage|p2b: Incineroar|53/100|[from] Sandstorm\n|-damage|p2a: Venusaur|24/100|[from] Sandstorm\n|-fieldend|move: Trick Room\n|upkeep\n|turn|7\n|\n|t:|1776461388\n|detailschange|p1b: Tyranitar|Tyranitar-Mega, L50, M\n|-mega|p1b: Tyranitar|Tyranitar|Tyranitarite\n|move|p2a: Venusaur|Earth Power|p1b: Tyranitar\n|-supereffective|p1b: Tyranitar|1\n|-damage|p1b: Tyranitar|48/100\n|move|p1b: Tyranitar|Earthquake|p2a: Venusaur|[spread] p2a,p2b\n|-supereffective|p2b: Incineroar|1\n|-damage|p2a: Venusaur|4/100\n|-damage|p2b: Incineroar|5/100\n|-enditem|p2b: Incineroar|Sitrus Berry|[eat]\n|-heal|p2b: Incineroar|30/100|[from] item: Sitrus Berry\n|move|p2b: Incineroar|Flare Blitz|p1b: Tyranitar\n|-resisted|p1b: Tyranitar|1\n|-damage|p1b: Tyranitar|35/100\n|-damage|p2b: Incineroar|25/100|[from] Recoil\n|\n|-weather|Sandstorm|[upkeep]\n|-damage|p2a: Venusaur|0 fnt|[from] Sandstorm\n|-damage|p2b: Incineroar|19/100|[from] Sandstorm\n|faint|p2a: Venusaur\n|upkeep\n|\n|t:|1776461396\n|switch|p2a: Basculegion|Basculegion, L50, M|100/100\n|turn|8\n|\n|t:|1776461404\n|move|p2a: Basculegion|Wave Crash|p1b: Tyranitar\n|-supereffective|p1b: Tyranitar|1\n|-damage|p1b: Tyranitar|0 fnt\n|faint|p1b: Tyranitar\n|-damage|p2a: Basculegion|88/100|[from] Recoil\n|\n|win|Ongalabong\n|raw|superzcursed's rating: 1192 &rarr; <strong>1171</strong><br />(-21 for losing)\n|raw|Ongalabong's rating: 1255 &rarr; <strong>1276</strong><br />(+21 for winning)\n|l|\u2606superzcursed\n|player|p1|\n",
  "uploadtime": 1776461407,
  "views": 30,
  "formatid": "gen9championsvgc2026regma",
  "rating": 1171,
  "private": 0,
  "password": null
}