{
  "id": "gen9championsvgc2026regma-2587498312",
  "format": "[Gen 9 Champions] VGC 2026 Reg M-A",
  "players": [
    "Thalriso",
    "pizzabudet"
  ],
  "log": "|j|\u2606Thalriso\n|j|\u2606pizzabudet\n|t:|1776536923\n|gametype|doubles\n|player|p1|Thalriso|266|1127\n|player|p2|pizzabudet|170|1140\n|gen|9\n|tier|[Gen 9 Champions] VGC 2026 Reg M-A\n|rated|\n|rule|Species Clause: Limit one of each Pok\u00e9mon\n|rule|Item Clause: Limit 1 of each item\n|clearpoke\n|poke|p1|Froslass, L50, F|\n|poke|p1|Rotom-Frost, L50|\n|poke|p1|Aerodactyl, L50, F|\n|poke|p1|Sneasler, L50, M|\n|poke|p1|Garchomp, L50, M|\n|poke|p1|Empoleon, L50, M|\n|poke|p2|Weavile, L50, F|\n|poke|p2|Spiritomb, L50, F|\n|poke|p2|Corviknight, L50, M|\n|poke|p2|Kingambit, L50, M|\n|poke|p2|Aerodactyl, L50, F|\n|poke|p2|Sinistcha-Masterpiece, L50|\n|teampreview|4\n|inactive|Battle timer is ON: inactive players will automatically lose when time's up. (requested by pizzabudet)\npizzabudet rejected open team sheets.\n|\n|t:|1776536959\n|teamsize|p1|4\n|teamsize|p2|4\n|start\n|switch|p1a: Aerodactyl|Aerodactyl, L50, F|100/100\n|switch|p1b: Garchomp|Garchomp, L50, M|100/100\n|switch|p2a: Weavile|Weavile, L50, F|100/100\n|switch|p2b: Spiritomb|Spiritomb, L50, F|100/100\n|-ability|p2a: Weavile|Pressure\n|-ability|p2b: Spiritomb|Pressure\n|turn|1\n|\n|t:|1776536975\n|move|p2a: Weavile|Fake Out|p1b: Garchomp\n|-damage|p1b: Garchomp|90/100\n|-damage|p2a: Weavile|88/100|[from] ability: Rough Skin|[of] p1b: Garchomp\n|move|p1a: Aerodactyl|Tailwind|p1a: Aerodactyl\n|-sidestart|p1: Thalriso|move: Tailwind\n|cant|p1b: Garchomp|flinch\n|move|p2b: Spiritomb|Will-O-Wisp|p1b: Garchomp\n|-status|p1b: Garchomp|brn\n|\n|-heal|p2a: Weavile|94/100|[from] item: Leftovers\n|-damage|p1b: Garchomp|84/100 brn|[from] brn\n|upkeep\n|turn|2\n|\n|t:|1776536995\n|switch|p1b: Sneasler|Sneasler, L50, M|100/100\n|move|p2a: Weavile|Protect|p2a: Weavile\n|-singleturn|p2a: Weavile|Protect\n|move|p1a: Aerodactyl|Rock Slide|p2b: Spiritomb|[spread] p2b\n|-activate|p2a: Weavile|move: Protect\n|-damage|p2b: Spiritomb|76/100\n|move|p2b: Spiritomb|Will-O-Wisp|p1a: Aerodactyl\n|-status|p1a: Aerodactyl|brn\n|\n|-heal|p2a: Weavile|100/100|[from] item: Leftovers\n|-damage|p1a: Aerodactyl|95/100 brn|[from] brn\n|upkeep\n|turn|3\n|\n|t:|1776537013\n|switch|p2a: Corviknight|Corviknight, L50, M|100/100\n|-ability|p2a: Corviknight|Pressure\n|move|p1a: Aerodactyl|Dual Wingbeat|p2b: Spiritomb|[miss]\n|-miss|p1a: Aerodactyl|p2b: Spiritomb\n|move|p1b: Sneasler|Close Combat|p2a: Corviknight\n|-damage|p2a: Corviknight|53/100\n|-unboost|p1b: Sneasler|def|1\n|-unboost|p1b: Sneasler|spd|1\n|-enditem|p1b: Sneasler|White Herb\n|-clearnegativeboost|p1b: Sneasler|[silent]\n|move|p2b: Spiritomb|Will-O-Wisp|p1b: Sneasler\n|-status|p1b: Sneasler|brn\n|\n|-damage|p1b: Sneasler|95/100 brn|[from] brn\n|-damage|p1a: Aerodactyl|89/100 brn|[from] brn\n|upkeep\n|turn|4\n|\n|t:|1776537034\n|move|p1b: Sneasler|Fake Out||[still]\n|-hint|Fake Out only works on your first turn out.\n|-fail|p1b: Sneasler\n|move|p1a: Aerodactyl|Rock Slide|p2a: Corviknight|[spread] p2a,p2b\n|-damage|p2a: Corviknight|43/100\n|-damage|p2b: Spiritomb|64/100\n|cant|p2a: Corviknight|flinch\n|move|p2b: Spiritomb|Substitute|p2b: Spiritomb\n|-start|p2b: Spiritomb|Substitute\n|-damage|p2b: Spiritomb|39/100\n|-enditem|p2b: Spiritomb|Sitrus Berry|[eat]\n|-heal|p2b: Spiritomb|64/100|[from] item: Sitrus Berry\n|\n|-damage|p1b: Sneasler|89/100 brn|[from] brn\n|-damage|p1a: Aerodactyl|83/100 brn|[from] brn\n|-sideend|p1: Thalriso|move: Tailwind\n|upkeep\n|turn|5\n|inactive|Thalriso has 30 seconds left.\n|\n|t:|1776537062\n|move|p1b: Sneasler|Close Combat|p2a: Corviknight\n|-damage|p2a: Corviknight|20/100\n|-unboost|p1b: Sneasler|def|1\n|-unboost|p1b: Sneasler|spd|1\n|move|p1a: Aerodactyl|Rock Slide|p2b: Spiritomb|[spread] p2b\n|-miss|p1a: Aerodactyl|p2a: Corviknight\n|-activate|p2b: Spiritomb|move: Substitute|[damage]\n|move|p2a: Corviknight|Roost|p2a: Corviknight\n|-heal|p2a: Corviknight|70/100\n|-singleturn|p2a: Corviknight|move: Roost\n|move|p2b: Spiritomb|Spite|p1a: Aerodactyl\n|-activate|p1a: Aerodactyl|move: Spite|Rock Slide|3\n|\n|-damage|p1b: Sneasler|83/100 brn|[from] brn\n|-damage|p1a: Aerodactyl|77/100 brn|[from] brn\n|upkeep\n|turn|6\n|\n|t:|1776537086\n|move|p1b: Sneasler|Dire Claw|p2b: Spiritomb\n|-resisted|p2b: Spiritomb|1\n|-activate|p2b: Spiritomb|move: Substitute|[damage]\n|move|p1a: Aerodactyl|Dual Wingbeat|p2b: Spiritomb\n|-end|p2b: Spiritomb|Substitute\n|-damage|p2b: Spiritomb|53/100\n|-hitcount|p2b: Spiritomb|2\n|move|p2a: Corviknight|Substitute|p2a: Corviknight\n|-start|p2a: Corviknight|Substitute\n|-damage|p2a: Corviknight|45/100\n|move|p2b: Spiritomb|Spite|p1b: Sneasler\n|-activate|p1b: Sneasler|move: Spite|Dire Claw|4\n|\n|-damage|p1b: Sneasler|77/100 brn|[from] brn\n|-damage|p1a: Aerodactyl|71/100 brn|[from] brn\n|upkeep\n|turn|7\n|\n|t:|1776537105\n|switch|p1b: Froslass|Froslass, L50, F|100/100\n|move|p1a: Aerodactyl|Tailwind|p1a: Aerodactyl\n|-sidestart|p1: Thalriso|move: Tailwind\n|move|p2a: Corviknight|Roost|p2a: Corviknight\n|-heal|p2a: Corviknight|96/100\n|-singleturn|p2a: Corviknight|move: Roost\n|move|p2b: Spiritomb|Pain Split|p1a: Aerodactyl\n|-sethp|p1a: Aerodactyl|60/100 brn|[from] move: Pain Split|[silent]\n|-sethp|p2b: Spiritomb|64/100|[from] move: Pain Split\n|\n|-damage|p1a: Aerodactyl|55/100 brn|[from] brn\n|upkeep\n|turn|8\n|\n|t:|1776537125\n|detailschange|p1b: Froslass|Froslass-Mega, L50, F\n|-mega|p1b: Froslass|Froslass|Froslassite\n|-weather|Snowscape|[from] ability: Snow Warning|[of] p1b: Froslass\n|move|p1a: Aerodactyl|Dual Wingbeat|p2a: Corviknight\n|-resisted|p2a: Corviknight|1\n|-activate|p2a: Corviknight|move: Substitute|[damage]\n|-resisted|p2a: Corviknight|1\n|-activate|p2a: Corviknight|move: Substitute|[damage]\n|-hitcount|p2a: Corviknight|2\n|move|p1b: Froslass|Shadow Ball|p2b: Spiritomb\n|-damage|p2b: Spiritomb|23/100\n|move|p2a: Corviknight|Spite|p1b: Froslass\n|-activate|p1b: Froslass|move: Spite|Shadow Ball|4\n|move|p2b: Spiritomb|Pain Split|p1b: Froslass\n|-sethp|p1b: Froslass|62/100|[from] move: Pain Split|[silent]\n|-sethp|p2b: Spiritomb|61/100|[from] move: Pain Split\n|\n|-weather|Snowscape|[upkeep]\n|-damage|p1a: Aerodactyl|49/100 brn|[from] brn\n|upkeep\n|turn|9\n|inactive|pizzabudet has 30 seconds left.\n|\n|t:|1776537155\n|move|p1a: Aerodactyl|Dual Wingbeat|p2a: Corviknight\n|-resisted|p2a: Corviknight|1\n|-activate|p2a: Corviknight|move: Substitute|[damage]\n|-resisted|p2a: Corviknight|1\n|-activate|p2a: Corviknight|move: Substitute|[damage]\n|-hitcount|p2a: Corviknight|2\n|move|p1b: Froslass|Blizzard|p2a: Corviknight|[spread] p2a,p2b\n|-end|p2a: Corviknight|Substitute\n|-damage|p2b: Spiritomb|20/100\n|move|p2a: Corviknight|Spite|p1b: Froslass\n|-activate|p1b: Froslass|move: Spite|Blizzard|4\n|move|p2b: Spiritomb|Spite|p1b: Froslass\n|-activate|p1b: Froslass|move: Spite|Blizzard|1\n|\n|-weather|Snowscape|[upkeep]\n|-damage|p1a: Aerodactyl|43/100 brn|[from] brn\n|upkeep\n|turn|10\n|\n|t:|1776537175\n|switch|p1a: Garchomp|Garchomp, L50, M|84/100 brn\n|move|p1b: Froslass|Shadow Ball|p2a: Corviknight\n|-damage|p2a: Corviknight|60/100\n|move|p2a: Corviknight|Substitute|p2a: Corviknight\n|-start|p2a: Corviknight|Substitute\n|-damage|p2a: Corviknight|36/100\n|move|p2b: Spiritomb|Pain Split|p1b: Froslass\n|-sethp|p1b: Froslass|41/100|[from] move: Pain Split|[silent]\n|-sethp|p2b: Spiritomb|41/100|[from] move: Pain Split\n|\n|-weather|Snowscape|[upkeep]\n|-damage|p1a: Garchomp|78/100 brn|[from] brn\n|-sideend|p1: Thalriso|move: Tailwind\n|upkeep\n|turn|11\n|inactive|Thalriso has 30 seconds left.\n|inactive|Thalriso has 20 seconds left.\n|inactive|pizzabudet has 30 seconds left.\n|\n|t:|1776537217\n|move|p1b: Froslass|Shadow Ball|p2a: Corviknight\n|-end|p2a: Corviknight|Substitute\n|move|p1a: Garchomp|Dragon Claw|p2a: Corviknight\n|-resisted|p2a: Corviknight|1\n|-damage|p2a: Corviknight|27/100\n|move|p2a: Corviknight|Roost|p2a: Corviknight\n|-heal|p2a: Corviknight|77/100\n|-singleturn|p2a: Corviknight|move: Roost\n|move|p2b: Spiritomb|Spite|p1b: Froslass\n|-activate|p1b: Froslass|move: Spite|Shadow Ball|4\n|\n|-weather|Snowscape|[upkeep]\n|-damage|p1a: Garchomp|72/100 brn|[from] brn\n|upkeep\n|turn|12\n|inactive|pizzabudet has 30 seconds left.\n|\n|t:|1776537248\n|switch|p2a: Weavile|Weavile, L50, F|100/100\n|-ability|p2a: Weavile|Pressure\n|move|p1b: Froslass|Shadow Ball|p2b: Spiritomb\n|-damage|p2b: Spiritomb|0 fnt\n|faint|p2b: Spiritomb\n|move|p1a: Garchomp|Rock Slide|p2a: Weavile\n|-supereffective|p2a: Weavile|1\n|-damage|p2a: Weavile|76/100\n|\n|-weather|none\n|-heal|p2a: Weavile|82/100|[from] item: Leftovers\n|-damage|p1a: Garchomp|65/100 brn|[from] brn\n|upkeep\n|\n|t:|1776537263\n|switch|p2b: Kingambit|Kingambit, L50, M|100/100\n|-ability|p2b: Kingambit|Pressure\n|turn|13\n|\n|t:|1776537274\n|move|p1b: Froslass|Protect|p1b: Froslass\n|-singleturn|p1b: Froslass|Protect\n|move|p2a: Weavile|Fake Out|p1a: Garchomp\n|-damage|p1a: Garchomp|55/100 brn\n|-damage|p2a: Weavile|69/100|[from] ability: Rough Skin|[of] p1a: Garchomp\n|cant|p1a: Garchomp|flinch\n|move|p2b: Kingambit|Substitute|p2b: Kingambit\n|-start|p2b: Kingambit|Substitute\n|-damage|p2b: Kingambit|76/100\n|\n|-heal|p2a: Weavile|76/100|[from] item: Leftovers\n|-damage|p1a: Garchomp|49/100 brn|[from] brn\n|upkeep\n|turn|14\n|inactive|Thalriso has 30 seconds left.\n|inactive|Thalriso has 20 seconds left.\n|inactive|Thalriso has 15 seconds left.\n|inactive|Thalriso has 10 seconds left.\n|inactive|Thalriso has 5 seconds left.\n|\n|t:|1776537329\n|move|p2a: Weavile|Substitute|p2a: Weavile\n|-start|p2a: Weavile|Substitute\n|-damage|p2a: Weavile|51/100\n|move|p1b: Froslass|Aurora Veil||[still]\n|-fail|p1b: Froslass\n|move|p1a: Garchomp|Dragon Claw|p2a: Weavile\n|-end|p2a: Weavile|Substitute\n|move|p2b: Kingambit|Kowtow Cleave|p1b: Froslass\n|-supereffective|p1b: Froslass|1\n|-damage|p1b: Froslass|0 fnt\n|faint|p1b: Froslass\n|\n|-heal|p2a: Weavile|57/100|[from] item: Leftovers\n|-damage|p1a: Garchomp|42/100 brn|[from] brn\n|upkeep\n|\n|t:|1776537332\n|switch|p1b: Sneasler|Sneasler, L50, M|77/100 brn\n|turn|15\n|inactive|pizzabudet has 30 seconds left.\n|\n|t:|1776537363\n|move|p2a: Weavile|Protect|p2a: Weavile\n|-singleturn|p2a: Weavile|Protect\n|move|p1b: Sneasler|Close Combat|p2a: Weavile\n|-activate|p2a: Weavile|move: Protect\n|move|p1a: Garchomp|Rock Slide|p2a: Weavile|[spread] p2b\n|-activate|p2a: Weavile|move: Protect\n|-resisted|p2b: Kingambit|1\n|-activate|p2b: Kingambit|move: Substitute|[damage]\n|move|p2b: Kingambit|Kowtow Cleave|p1a: Garchomp\n|-damage|p1a: Garchomp|8/100 brn\n|-damage|p2b: Kingambit|64/100|[from] ability: Rough Skin|[of] p1a: Garchomp\n|\n|-heal|p2a: Weavile|63/100|[from] item: Leftovers\n|-damage|p1b: Sneasler|71/100 brn|[from] brn\n|-damage|p1a: Garchomp|1/100 brn|[from] brn\n|upkeep\n|turn|16\n|inactive|Thalriso has 30 seconds left.\n|inactive|Thalriso has 20 seconds left.\n|inactive|Thalriso has 15 seconds left.\n|inactive|Thalriso has 10 seconds left.\n|\n|t:|1776537408\n|move|p2a: Weavile|Substitute|p2a: Weavile\n|-start|p2a: Weavile|Substitute\n|-damage|p2a: Weavile|38/100\n|move|p1b: Sneasler|Close Combat|p2b: Kingambit\n|-supereffective|p2b: Kingambit|2\n|-end|p2b: Kingambit|Substitute\n|-unboost|p1b: Sneasler|def|1\n|-unboost|p1b: Sneasler|spd|1\n|move|p1a: Garchomp|Earthquake|p2a: Weavile|[spread] p1b,p2a,p2b\n|-end|p2a: Weavile|Substitute\n|-supereffective|p1b: Sneasler|1\n|-crit|p1b: Sneasler\n|-supereffective|p2b: Kingambit|1\n|-damage|p1b: Sneasler|0 fnt\n|-damage|p2b: Kingambit|29/100\n|faint|p1b: Sneasler\n|move|p2b: Kingambit|Kowtow Cleave|p1a: Garchomp\n|-damage|p1a: Garchomp|0 fnt\n|-damage|p2b: Kingambit|16/100|[from] ability: Rough Skin|[of] p1a: Garchomp\n|faint|p1a: Garchomp\n|\n|-heal|p2a: Weavile|45/100|[from] item: Leftovers\n|upkeep\n|\n|t:|1776537420\n|switch|p1b: Aerodactyl|Aerodactyl, L50, F|43/100 brn\n|turn|17\n|\n|t:|1776537435\n|move|p2a: Weavile|Protect|p2a: Weavile\n|-singleturn|p2a: Weavile|Protect\n|move|p2b: Kingambit|Protect|p2b: Kingambit\n|-singleturn|p2b: Kingambit|Protect\n|move|p1b: Aerodactyl|Dual Wingbeat|p2a: Weavile\n|-activate|p2a: Weavile|move: Protect\n|\n|-heal|p2a: Weavile|51/100|[from] item: Leftovers\n|-damage|p1b: Aerodactyl|37/100 brn|[from] brn\n|upkeep\n|turn|18\n|\n|t:|1776537448\n|move|p1b: Aerodactyl|Dual Wingbeat|p2a: Weavile\n|-damage|p2a: Weavile|37/100\n|-damage|p2a: Weavile|25/100\n|-hitcount|p2a: Weavile|2\n|move|p2a: Weavile|Spite||[still]\n|-fail|p2a: Weavile\n|move|p2b: Kingambit|Kowtow Cleave|p1b: Aerodactyl\n|-damage|p1b: Aerodactyl|0 fnt\n|faint|p1b: Aerodactyl\n|\n|win|pizzabudet\n|raw|Thalriso's rating: 1127 &rarr; <strong>1103</strong><br />(-24 for losing)\n|raw|pizzabudet's rating: 1140 &rarr; <strong>1164</strong><br />(+24 for winning)\n|l|\u2606Thalriso\n|player|p1|\n",
  "uploadtime": 1776537456,
  "views": 10,
  "formatid": "gen9championsvgc2026regma",
  "rating": 1103,
  "private": 0,
  "password": null
}