{
  "id": "gen9championsvgc2026regma-2588094883",
  "format": "[Gen 9 Champions] VGC 2026 Reg M-A",
  "players": [
    "justtruingstiff",
    "SamTheHaxorus"
  ],
  "log": "|j|\u2606justtruingstiff\n|j|\u2606SamTheHaxorus\n|t:|1776603663\n|gametype|doubles\n|player|p1|justtruingstiff|biker-gen4|1000\n|player|p2|SamTheHaxorus|will|1068\n|gen|9\n|tier|[Gen 9 Champions] VGC 2026 Reg M-A\n|rated|\n|rule|Species Clause: Limit one of each Pok\u00e9mon\n|rule|Item Clause: Limit 1 of each item\n|clearpoke\n|poke|p1|Milotic, L50, M|\n|poke|p1|Alakazam, L50, M|\n|poke|p1|Glalie, L50, F, shiny|\n|poke|p1|Pelipper, L50, M|\n|poke|p1|Sinistcha-Masterpiece, L50|\n|poke|p1|Sneasler, L50, M|\n|poke|p2|Scovillain, L50, M|\n|poke|p2|Sneasler, L50, F|\n|poke|p2|Torkoal, L50, F|\n|poke|p2|Maushold, L50|\n|poke|p2|Charizard, L50, F|\n|poke|p2|Whimsicott, L50, M|\n|teampreview|4\n|inactive|Battle timer is ON: inactive players will automatically lose when time's up. (requested by SamTheHaxorus)\n|\n|t:|1776603692\n|teamsize|p1|4\n|teamsize|p2|4\n|start\n|switch|p1a: Milotic|Milotic, L50, M|100/100\n|switch|p1b: Alakazam|Alakazam, L50, M|100/100\n|switch|p2a: Torkoal|Torkoal, L50, F|100/100\n|switch|p2b: Maushold|Maushold, L50|100/100\n|turn|1\n|\n|t:|1776603709\n|move|p1b: Alakazam|Fling|p1a: Milotic\n|-damage|p1a: Milotic|92/100\n|-status|p1a: Milotic|psn\n|-enditem|p1b: Alakazam|Poison Barb|[from] move: Fling\n|move|p2b: Maushold|After You|p2a: Torkoal\n|-activate|p2a: Torkoal|move: After You\n|move|p2a: Torkoal|Eruption|p1b: Alakazam|[spread] p1a,p1b\n|-resisted|p1a: Milotic|1\n|-damage|p1a: Milotic|72/100 psn\n|-damage|p1b: Alakazam|25/100\n|move|p1a: Milotic|Scald|p2a: Torkoal\n|-supereffective|p2a: Torkoal|1\n|-damage|p2a: Torkoal|26/100\n|\n|-heal|p1a: Milotic|78/100 psn|[from] item: Leftovers\n|-heal|p2a: Torkoal|32/100|[from] item: Leftovers\n|-damage|p1a: Milotic|65/100 psn|[from] psn\n|upkeep\n|turn|2\n|\n|t:|1776603729\n|move|p1b: Alakazam|Protect|p1b: Alakazam\n|-singleturn|p1b: Alakazam|Protect\n|move|p2a: Torkoal|Protect|p2a: Torkoal\n|-singleturn|p2a: Torkoal|Protect\n|move|p2b: Maushold|Hyper Voice|p1b: Alakazam|[spread] p1a\n|-activate|p1b: Alakazam|move: Protect\n|-damage|p1a: Milotic|49/100 psn\n|move|p1a: Milotic|Scald|p2a: Torkoal\n|-activate|p2a: Torkoal|move: Protect\n|\n|-heal|p1a: Milotic|55/100 psn|[from] item: Leftovers\n|-heal|p2a: Torkoal|38/100|[from] item: Leftovers\n|-damage|p1a: Milotic|43/100 psn|[from] psn\n|upkeep\n|turn|3\n|\n|t:|1776603748\n|switch|p2a: Scovillain|Scovillain, L50, M|100/100\n|move|p2b: Maushold|Follow Me|p2b: Maushold\n|-singleturn|p2b: Maushold|move: Follow Me\n|move|p1b: Alakazam|Psyshock|p2b: Maushold\n|-damage|p2b: Maushold|42/100\n|move|p1a: Milotic|Recover|p1a: Milotic\n|-heal|p1a: Milotic|93/100 psn\n|\n|-heal|p1a: Milotic|99/100 psn|[from] item: Leftovers\n|-damage|p1a: Milotic|86/100 psn|[from] psn\n|upkeep\n|turn|4\n|inactive|SamTheHaxorus has 30 seconds left.\n|\n|t:|1776603773\n|move|p1b: Alakazam|Psyshock|p2b: Maushold\n|-damage|p2b: Maushold|0 fnt\n|faint|p2b: Maushold\n|move|p2a: Scovillain|Flamethrower|p1b: Alakazam\n|-damage|p1b: Alakazam|0 fnt\n|faint|p1b: Alakazam\n|move|p1a: Milotic|Icy Wind|p2a: Scovillain\n|-damage|p2a: Scovillain|73/100\n|-unboost|p2a: Scovillain|spe|1\n|\n|-heal|p1a: Milotic|92/100 psn|[from] item: Leftovers\n|-damage|p1a: Milotic|80/100 psn|[from] psn\n|upkeep\n|\n|t:|1776603787\n|switch|p1b: Sneasler|Sneasler, L50, M|100/100\n|switch|p2b: Charizard|Charizard, L50, F|100/100\n|turn|5\n|\n|t:|1776603803\n|detailschange|p2b: Charizard|Charizard-Mega-X, L50, F\n|-mega|p2b: Charizard|Charizard|Charizardite X\n|move|p1b: Sneasler|Fake Out|p2b: Charizard\n|-damage|p2b: Charizard|85/100\n|move|p2a: Scovillain|Rage Powder|p2a: Scovillain\n|-singleturn|p2a: Scovillain|move: Rage Powder\n|cant|p2b: Charizard|flinch\n|move|p1a: Milotic|Scald|p2a: Scovillain\n|-damage|p2a: Scovillain|5/100\n|-enditem|p2a: Scovillain|Sitrus Berry|[eat]\n|-heal|p2a: Scovillain|30/100|[from] item: Sitrus Berry\n|\n|-heal|p1a: Milotic|86/100 psn|[from] item: Leftovers\n|-damage|p1a: Milotic|73/100 psn|[from] psn\n|upkeep\n|turn|6\n|\n|t:|1776603822\n|move|p2a: Scovillain|Rage Powder|p2a: Scovillain\n|-singleturn|p2a: Scovillain|move: Rage Powder\n|move|p1b: Sneasler|Dire Claw|p2a: Scovillain\n|-supereffective|p2a: Scovillain|1\n|-damage|p2a: Scovillain|0 fnt\n|faint|p2a: Scovillain\n|move|p2b: Charizard|Dragon Dance|p2b: Charizard\n|-boost|p2b: Charizard|atk|1\n|-boost|p2b: Charizard|spe|1\n|move|p1a: Milotic|Icy Wind|p2b: Charizard\n|-damage|p2b: Charizard|62/100\n|-unboost|p2b: Charizard|spe|1\n|\n|-heal|p1a: Milotic|79/100 psn|[from] item: Leftovers\n|-damage|p1a: Milotic|67/100 psn|[from] psn\n|upkeep\n|\n|t:|1776603834\n|switch|p2a: Torkoal|Torkoal, L50, F|38/100\n|turn|7\n|\n|t:|1776603847\n|move|p1b: Sneasler|Dire Claw|p2b: Charizard\n|-damage|p2b: Charizard|16/100\n|move|p2b: Charizard|Brick Break|p1a: Milotic\n|-damage|p1a: Milotic|35/100 psn\n|move|p1a: Milotic|Scald|p2b: Charizard\n|-damage|p2b: Charizard|0 fnt\n|faint|p2b: Charizard\n|move|p2a: Torkoal|Earth Power|p1b: Sneasler\n|-supereffective|p1b: Sneasler|1\n|-damage|p1b: Sneasler|23/100\n|\n|-heal|p1a: Milotic|41/100 psn|[from] item: Leftovers\n|-heal|p2a: Torkoal|45/100|[from] item: Leftovers\n|-damage|p1a: Milotic|29/100 psn|[from] psn\n|upkeep\n|turn|8\n|-message|SamTheHaxorus forfeited.\n|\n|win|justtruingstiff\n|raw|justtruingstiff's rating: 1000 &rarr; <strong>1048</strong><br />(+48 for winning)\n|raw|SamTheHaxorus's rating: 1068 &rarr; <strong>1044</strong><br />(-24 for losing)\n|l|\u2606SamTheHaxorus\n|player|p2|\n",
  "uploadtime": 1776603866,
  "views": 8,
  "formatid": "gen9championsvgc2026regma",
  "rating": 1044,
  "private": 0,
  "password": null
}