{
  "id": "gen9championsvgc2026regma-2587708182",
  "format": "[Gen 9 Champions] VGC 2026 Reg M-A",
  "players": [
    "OnToTheOther",
    "Pokemonlover558"
  ],
  "log": "|j|\u2606OnToTheOther\n|j|\u2606Pokemonlover558\n|t:|1776556003\n|gametype|doubles\n|player|p1|OnToTheOther|biker-gen4|1053\n|player|p2|Pokemonlover558|102|1093\n|gen|9\n|tier|[Gen 9 Champions] VGC 2026 Reg M-A\n|rated|\n|rule|Species Clause: Limit one of each Pok\u00e9mon\n|rule|Item Clause: Limit 1 of each item\n|clearpoke\n|poke|p1|Talonflame, L50, M|\n|poke|p1|Aerodactyl, L50, M|\n|poke|p1|Heliolisk, L50, M|\n|poke|p1|Kingambit, L50, M|\n|poke|p1|Lucario, L50, M|\n|poke|p1|Volcarona, L50, M|\n|poke|p2|Pelipper, L50, M|\n|poke|p2|Basculegion, L50, M|\n|poke|p2|Archaludon, L50, F|\n|poke|p2|Garchomp, L50, M|\n|poke|p2|Sinistcha, L50|\n|poke|p2|Gardevoir, L50, F|\n|teampreview|4\nPokemonlover558 rejected open team sheets.\n|inactive|Battle timer is ON: inactive players will automatically lose when time's up. (requested by OnToTheOther)\n|\n|t:|1776556086\n|teamsize|p1|4\n|teamsize|p2|4\n|start\n|switch|p1a: Kingambit|Kingambit, L50, M|100/100\n|switch|p1b: Aerodactyl|Aerodactyl, L50, M|100/100\n|switch|p2a: Pelipper|Pelipper, L50, M|100/100\n|switch|p2b: Basculegion|Basculegion, L50, M|100/100\n|-ability|p1b: Aerodactyl|Unnerve\n|-weather|RainDance|[from] ability: Drizzle|[of] p2a: Pelipper\n|turn|1\n|\n|t:|1776556108\n|detailschange|p1b: Aerodactyl|Aerodactyl-Mega, L50, M\n|-mega|p1b: Aerodactyl|Aerodactyl|Aerodactylite\n|move|p2b: Basculegion|Aqua Jet|p1b: Aerodactyl\n|-supereffective|p1b: Aerodactyl|1\n|-damage|p1b: Aerodactyl|12/100\n|move|p1a: Kingambit|Sucker Punch||[still]\n|-fail|p1a: Kingambit\n|move|p1b: Aerodactyl|Dual Wingbeat|p2a: Pelipper\n|-damage|p2a: Pelipper|63/100\n|-damage|p2a: Pelipper|28/100\n|-hitcount|p2a: Pelipper|2\n|move|p2a: Pelipper|Tailwind|p2a: Pelipper\n|-sidestart|p2: Pokemonlover558|move: Tailwind\n|\n|-weather|RainDance|[upkeep]\n|upkeep\n|turn|2\n|inactive|OnToTheOther has 30 seconds left.\n|-activate|p2a: Pelipper|item: Quick Claw\n|\n|t:|1776556139\n|move|p1b: Aerodactyl|Protect|p1b: Aerodactyl\n|-singleturn|p1b: Aerodactyl|Protect\n|move|p2b: Basculegion|Aqua Jet|p1b: Aerodactyl\n|-activate|p1b: Aerodactyl|move: Protect\n|move|p2a: Pelipper|Hurricane|p1a: Kingambit\n|-resisted|p1a: Kingambit|1\n|-damage|p1a: Kingambit|77/100\n|-start|p1a: Kingambit|confusion\n|-activate|p1a: Kingambit|confusion\n|move|p1a: Kingambit|Throat Chop|p2b: Basculegion\n|-supereffective|p2b: Basculegion|1\n|-damage|p2b: Basculegion|0 fnt\n|faint|p2b: Basculegion\n|\n|-weather|RainDance|[upkeep]\n|upkeep\n|\n|t:|1776556158\n|switch|p2b: Garchomp|Garchomp, L50, M|100/100\n|turn|3\n|inactive|OnToTheOther has 30 seconds left.\n|inactive|OnToTheOther has 20 seconds left.\n|\n|t:|1776556194\n|switch|p1b: Volcarona|Volcarona, L50, M|100/100\n|-end|p1a: Kingambit|confusion\n|move|p1a: Kingambit|Sucker Punch|p2a: Pelipper\n|-damage|p2a: Pelipper|0 fnt\n|faint|p2a: Pelipper\n|move|p2b: Garchomp|Rock Slide|p1a: Kingambit|[spread] p1a,p1b\n|-resisted|p1a: Kingambit|1\n|-crit|p1a: Kingambit\n|-supereffective|p1b: Volcarona|2\n|-damage|p1a: Kingambit|66/100\n|-damage|p1b: Volcarona|0 fnt\n|faint|p1b: Volcarona\n|\n|-weather|RainDance|[upkeep]\n|upkeep\n|\n|t:|1776556208\n|switch|p2a: Gardevoir|Gardevoir, L50, F|100/100\n|switch|p1b: Aerodactyl|Aerodactyl-Mega, L50, M|12/100\n|turn|4\n|\n|t:|1776556216\n|detailschange|p2a: Gardevoir|Gardevoir-Mega, L50, F\n|-mega|p2a: Gardevoir|Gardevoir|Gardevoirite\n|move|p1b: Aerodactyl|Protect|p1b: Aerodactyl\n|-singleturn|p1b: Aerodactyl|Protect\n|move|p2b: Garchomp|Rock Slide|p1a: Kingambit|[spread] p1a\n|-activate|p1b: Aerodactyl|move: Protect\n|-resisted|p1a: Kingambit|1\n|-damage|p1a: Kingambit|58/100\n|move|p2a: Gardevoir|Hyper Voice|p1b: Aerodactyl|[spread] p1a\n|-activate|p1b: Aerodactyl|move: Protect\n|-damage|p1a: Kingambit|0 fnt\n|faint|p1a: Kingambit\n|\n|-weather|RainDance|[upkeep]\n|-sideend|p2: Pokemonlover558|move: Tailwind\n|upkeep\n|\n|t:|1776556227\n|switch|p1a: Heliolisk|Heliolisk, L50, M|100/100\n|turn|5\n|inactive|OnToTheOther has 30 seconds left.\n|inactive|OnToTheOther has 20 seconds left.\n|inactive|OnToTheOther has 15 seconds left.\n|inactive|OnToTheOther has 10 seconds left.\n|inactive|OnToTheOther has 5 seconds left.\n|\n|t:|1776556279\n|move|p2b: Garchomp|Rock Slide|p1a: Heliolisk|[spread] p1a,p1b\n|-supereffective|p1b: Aerodactyl|1\n|-damage|p1a: Heliolisk|62/100\n|-damage|p1b: Aerodactyl|0 fnt\n|faint|p1b: Aerodactyl\n|move|p1a: Heliolisk|Dragon Pulse|p2b: Garchomp\n|-supereffective|p2b: Garchomp|1\n|-damage|p2b: Garchomp|39/100\n|move|p2a: Gardevoir|Hyper Voice|p1a: Heliolisk\n|-damage|p1a: Heliolisk|0 fnt\n|faint|p1a: Heliolisk\n|\n|win|Pokemonlover558\n|raw|OnToTheOther's rating: 1053 &rarr; <strong>1037</strong><br />(-16 for losing)\n|raw|Pokemonlover558's rating: 1093 &rarr; <strong>1116</strong><br />(+23 for winning)\n",
  "uploadtime": 1776556315,
  "views": 13,
  "formatid": "gen9championsvgc2026regma",
  "rating": 1037,
  "private": 0,
  "password": null
}