{
  "id": "gen9championsvgc2026regma-2587082833",
  "format": "[Gen 9 Champions] VGC 2026 Reg M-A",
  "players": [
    "Willthekid65934",
    "aquadatoca"
  ],
  "log": "|j|\u2606Willthekid65934\n|j|\u2606aquadatoca\n|t:|1776491008\n|gametype|doubles\n|player|p1|Willthekid65934|steven|1093\n|player|p2|aquadatoca|265|1000\n|gen|9\n|tier|[Gen 9 Champions] VGC 2026 Reg M-A\n|rated|\n|rule|Species Clause: Limit one of each Pok\u00e9mon\n|rule|Item Clause: Limit 1 of each item\n|clearpoke\n|poke|p1|Charizard, L50, M|\n|poke|p1|Venusaur, L50, M|\n|poke|p1|Milotic, L50, M, shiny|\n|poke|p1|Whimsicott, L50, F, shiny|\n|poke|p1|Garchomp, L50, F|\n|poke|p1|Kingambit, L50, F, shiny|\n|poke|p2|Gengar, L50, M|\n|poke|p2|Greninja, L50, F|\n|poke|p2|Sinistcha-Masterpiece, L50|\n|poke|p2|Incineroar, L50, M|\n|poke|p2|Gliscor, L50, M|\n|poke|p2|Dragapult, L50, M|\n|teampreview|4\n|inactive|Battle timer is ON: inactive players will automatically lose when time's up. (requested by Willthekid65934)\n|inactive|Willthekid65934 has 60 seconds left.\n|\n|t:|1776491047\n|teamsize|p1|4\n|teamsize|p2|4\n|start\n|switch|p1a: Whimsicott|Whimsicott, L50, F, shiny|100/100\n|switch|p1b: Milotic|Milotic, L50, M, shiny|100/100\n|switch|p2a: Sinistcha|Sinistcha-Masterpiece, L50|100/100\n|switch|p2b: Incineroar|Incineroar, L50, M|100/100\n|-ability|p2b: Incineroar|Intimidate|boost\n|-unboost|p1a: Whimsicott|atk|1\n|-unboost|p1b: Milotic|atk|1\n|turn|1\n|\n|t:|1776491062\n|move|p1a: Whimsicott|Protect|p1a: Whimsicott\n|-singleturn|p1a: Whimsicott|Protect\n|move|p2b: Incineroar|Fake Out|p1a: Whimsicott\n|-activate|p1a: Whimsicott|move: Protect\n|move|p1b: Milotic|Icy Wind|p2a: Sinistcha|[spread] p2a,p2b\n|-supereffective|p2a: Sinistcha|1\n|-resisted|p2b: Incineroar|1\n|-damage|p2a: Sinistcha|75/100\n|-damage|p2b: Incineroar|96/100\n|-unboost|p2a: Sinistcha|spe|1\n|-unboost|p2b: Incineroar|spe|1\n|move|p2a: Sinistcha|Matcha Gotcha|p1b: Milotic|[spread] p1b\n|-activate|p1a: Whimsicott|move: Protect\n|-supereffective|p1b: Milotic|1\n|-damage|p1b: Milotic|61/100\n|-heal|p2a: Sinistcha|100/100|[from] drain|[of] p1b: Milotic\n|\n|-heal|p1b: Milotic|67/100|[from] item: Leftovers\n|-heal|p2b: Incineroar|100/100|[from] item: Leftovers\n|upkeep\n|turn|2\n|inactive|Willthekid65934 has 30 seconds left.\n|\n|t:|1776491090\n|move|p2b: Incineroar|Protect|p2b: Incineroar\n|-singleturn|p2b: Incineroar|Protect\n|move|p1a: Whimsicott|Encore|p2b: Incineroar\n|-activate|p2b: Incineroar|move: Protect\n|move|p1b: Milotic|Life Dew||[still]|[spread] p1a,p1b\n|-fail|p1a: Whimsicott|heal\n|-heal|p1b: Milotic|92/100\n|move|p2a: Sinistcha|Trick Room|p2a: Sinistcha\n|-fieldstart|move: Trick Room|[of] p2a: Sinistcha\n|\n|-heal|p1b: Milotic|98/100|[from] item: Leftovers\n|upkeep\n|turn|3\n|\n|t:|1776491105\n|switch|p1b: Charizard|Charizard, L50, M|100/100\n|move|p1a: Whimsicott|Encore|p2a: Sinistcha\n|-start|p2a: Sinistcha|Encore\n|move|p2b: Incineroar|Parting Shot|p1b: Charizard\n|-unboost|p1b: Charizard|atk|1\n|-unboost|p1b: Charizard|spa|1\n|\n|t:|1776491117\n|switch|p2b: Gengar|Gengar, L50, M|100/100|[from] Parting Shot\n|move|p2a: Sinistcha|Trick Room|p2a: Sinistcha\n|-fieldend|move: Trick Room\n|\n|upkeep\n|turn|4\n|c|\u2606Willthekid65934|Thanks for getting us out of trick room\n|inactive|Willthekid65934 has 30 seconds left.\n|\n|t:|1776491147\n|switch|p2a: Gliscor|Gliscor, L50, M|100/100\n|detailschange|p2b: Gengar|Gengar-Mega, L50, M\n|-mega|p2b: Gengar|Gengar|Gengarite\n|detailschange|p1b: Charizard|Charizard-Mega-Y, L50, M\n|-mega|p1b: Charizard|Charizard|Charizardite Y\n|-weather|SunnyDay|[from] ability: Drought|[of] p1b: Charizard\n|move|p2b: Gengar|Protect|p2b: Gengar\n|-singleturn|p2b: Gengar|Protect\n|move|p1a: Whimsicott|Tailwind|p1a: Whimsicott\n|-sidestart|p1: Willthekid65934|move: Tailwind\n|move|p1b: Charizard|Heat Wave|p2b: Gengar|[spread] p2a\n|-activate|p2b: Gengar|move: Protect\n|-damage|p2a: Gliscor|32/100\n|\n|-weather|SunnyDay|[upkeep]\n|upkeep\n|turn|5\n|inactive|Willthekid65934 has 30 seconds left.\n|c|\u2606Willthekid65934|No toxic orb?\n|inactive|Willthekid65934 has 20 seconds left.\n|\n|t:|1776491186\n|move|p1a: Whimsicott|Encore|p2b: Gengar\n|-start|p2b: Gengar|Encore\n|move|p2b: Gengar|Protect||[still]\n|-fail|p2b: Gengar\n|move|p1b: Charizard|Heat Wave|p2a: Gliscor|[spread] p2a,p2b\n|-damage|p2a: Gliscor|0 fnt\n|-damage|p2b: Gengar|38/100\n|faint|p2a: Gliscor\n|\n|-weather|SunnyDay|[upkeep]\n|upkeep\n|\n|t:|1776491195\n|switch|p2a: Incineroar|Incineroar, L50, M|100/100\n|-ability|p2a: Incineroar|Intimidate|boost\n|-unboost|p1a: Whimsicott|atk|1\n|-unboost|p1b: Charizard|atk|1\n|turn|6\n|\n|t:|1776491208\n|move|p1a: Whimsicott|Protect|p1a: Whimsicott\n|-singleturn|p1a: Whimsicott|Protect\n|move|p2b: Gengar|Protect|p2b: Gengar\n|-singleturn|p2b: Gengar|Protect\n|move|p2a: Incineroar|Fake Out|p1a: Whimsicott\n|-activate|p1a: Whimsicott|move: Protect\n|move|p1b: Charizard|Heat Wave|p2a: Incineroar|[spread] p2a\n|-activate|p2b: Gengar|move: Protect\n|-resisted|p2a: Incineroar|1\n|-damage|p2a: Incineroar|85/100\n|\n|-weather|SunnyDay|[upkeep]\n|-heal|p2a: Incineroar|91/100|[from] item: Leftovers\n|upkeep\n|turn|7\n|\n|t:|1776491224\n|switch|p2b: Sinistcha|Sinistcha-Masterpiece, L50|100/100\n|-heal|p2a: Incineroar|100/100|[from] ability: Hospitality|[of] p2b: Sinistcha\n|move|p1a: Whimsicott|Moonblast|p2a: Incineroar\n|-damage|p2a: Incineroar|74/100\n|move|p1b: Charizard|Heat Wave|p2a: Incineroar|[spread] p2a,p2b\n|-resisted|p2a: Incineroar|1\n|-supereffective|p2b: Sinistcha|1\n|-damage|p2a: Incineroar|57/100\n|-damage|p2b: Sinistcha|0 fnt\n|faint|p2b: Sinistcha\n|move|p2a: Incineroar|Parting Shot|p1b: Charizard\n|-unboost|p1b: Charizard|atk|1\n|-unboost|p1b: Charizard|spa|1\n|\n|t:|1776491237\n|switch|p2a: Gengar|Gengar-Mega, L50, M|38/100|[from] Parting Shot\n|\n|-weather|SunnyDay|[upkeep]\n|-sideend|p1: Willthekid65934|move: Tailwind\n|upkeep\n|\n|t:|1776491241\n|switch|p2b: Incineroar|Incineroar, L50, M|57/100\n|-ability|p2b: Incineroar|Intimidate|boost\n|-unboost|p1a: Whimsicott|atk|1\n|-unboost|p1b: Charizard|atk|1\n|turn|8\n|\n|t:|1776491256\n|move|p1a: Whimsicott|Tailwind|p1a: Whimsicott\n|-sidestart|p1: Willthekid65934|move: Tailwind\n|move|p1b: Charizard|Weather Ball|p2a: Gengar\n|-damage|p2a: Gengar|0 fnt\n|faint|p2a: Gengar\n|move|p2b: Incineroar|Darkest Lariat|p1b: Charizard\n|-damage|p1b: Charizard|41/100\n|\n|-weather|none\n|-heal|p2b: Incineroar|63/100|[from] item: Leftovers\n|upkeep\n|turn|9\n|\n|t:|1776491270\n|switch|p1b: Milotic|Milotic, L50, M, shiny|98/100\n|move|p1a: Whimsicott|Protect|p1a: Whimsicott\n|-singleturn|p1a: Whimsicott|Protect\n|move|p2b: Incineroar|Darkest Lariat|p1b: Milotic\n|-damage|p1b: Milotic|65/100\n|\n|-heal|p1b: Milotic|71/100|[from] item: Leftovers\n|-heal|p2b: Incineroar|69/100|[from] item: Leftovers\n|upkeep\n|turn|10\n|-message|aquadatoca forfeited.\n|\n|win|Willthekid65934\n|raw|Willthekid65934's rating: 1066 &rarr; <strong>1090</strong><br />(+24 for winning)\n|raw|aquadatoca's rating: 1000 &rarr; <strong>1000</strong><br />(+0 for losing)\n|l|\u2606aquadatoca\n|player|p2|\n",
  "uploadtime": 1776491285,
  "views": 18,
  "formatid": "gen9championsvgc2026regma",
  "rating": 1000,
  "private": 0,
  "password": null
}