{
  "id": "gen9championsvgc2026regma-2588271896",
  "format": "[Gen 9 Champions] VGC 2026 Reg M-A",
  "players": [
    "kuzi24",
    "isabellissima"
  ],
  "log": "|j|\u2606kuzi24\n|j|\u2606isabellissima\n|t:|1776619871\n|gametype|doubles\n|player|p1|kuzi24|cyrus|1345\n|player|p2|isabellissima|266|1324\n|gen|9\n|tier|[Gen 9 Champions] VGC 2026 Reg M-A\n|rated|\n|rule|Species Clause: Limit one of each Pok\u00e9mon\n|rule|Item Clause: Limit 1 of each item\n|clearpoke\n|poke|p1|Charizard, L50, M|\n|poke|p1|Whimsicott, L50, F|\n|poke|p1|Farigiraf, L50, F|\n|poke|p1|Typhlosion-Hisui, L50, F|\n|poke|p1|Sneasler, L50, M|\n|poke|p1|Tauros-Paldea-Aqua, L50, M|\n|poke|p2|Incineroar, L50, F, shiny|\n|poke|p2|Gengar, L50, M, shiny|\n|poke|p2|Sneasler, L50, F|\n|poke|p2|Maushold-Four, L50|\n|poke|p2|Kommo-o, L50, M, shiny|\n|poke|p2|Politoed, L50, M, shiny|\n|teampreview|4\n|inactive|Battle timer is ON: inactive players will automatically lose when time's up. (requested by isabellissima)\n|\n|t:|1776619893\n|teamsize|p1|4\n|teamsize|p2|4\n|start\n|switch|p1a: Whimsicott|Whimsicott, L50, F|100/100\n|switch|p1b: Tauros|Tauros-Paldea-Aqua, L50, M|100/100\n|switch|p2a: Maushold|Maushold-Four, L50|100/100\n|switch|p2b: Kommo-o|Kommo-o, L50, M, shiny|100/100\n|-ability|p1b: Tauros|Intimidate|boost\n|-unboost|p2a: Maushold|atk|1\n|-unboost|p2b: Kommo-o|atk|1\n|turn|1\n|\n|t:|1776619906\n|move|p2a: Maushold|Follow Me|p2a: Maushold\n|-singleturn|p2a: Maushold|move: Follow Me\n|move|p1a: Whimsicott|Tailwind|p1a: Whimsicott\n|-sidestart|p1: kuzi24|move: Tailwind\n|move|p1b: Tauros|Close Combat|p2a: Maushold\n|-supereffective|p2a: Maushold|1\n|-enditem|p2a: Maushold|Chople Berry|[eat]\n|-enditem|p2a: Maushold|Chople Berry|[weaken]\n|-damage|p2a: Maushold|27/100\n|-unboost|p1b: Tauros|def|1\n|-unboost|p1b: Tauros|spd|1\n|move|p2b: Kommo-o|Clangorous Soul|p2b: Kommo-o\n|-boost|p2b: Kommo-o|atk|1\n|-boost|p2b: Kommo-o|def|1\n|-boost|p2b: Kommo-o|spa|1\n|-boost|p2b: Kommo-o|spd|1\n|-boost|p2b: Kommo-o|spe|1\n|-damage|p2b: Kommo-o|68/100\n|\n|upkeep\n|turn|2\n|inactive|kuzi24 has 30 seconds left.\n|\n|t:|1776619933\n|move|p2a: Maushold|Follow Me|p2a: Maushold\n|-singleturn|p2a: Maushold|move: Follow Me\n|move|p1a: Whimsicott|Encore|p2a: Maushold\n|-start|p2a: Maushold|Encore\n|move|p1b: Tauros|Close Combat|p2a: Maushold\n|-supereffective|p2a: Maushold|1\n|-damage|p2a: Maushold|0 fnt\n|-unboost|p1b: Tauros|def|1\n|-unboost|p1b: Tauros|spd|1\n|faint|p2a: Maushold\n|move|p2b: Kommo-o|Clanging Scales|p1b: Tauros|[spread] p1b\n|-immune|p1a: Whimsicott\n|-damage|p1b: Tauros|0 fnt\n|faint|p1b: Tauros\n|-unboost|p2b: Kommo-o|def|1\n|\n|upkeep\n|\n|t:|1776619947\n|switch|p2a: Sneasler|Sneasler, L50, F|100/100\n|switch|p1b: Charizard|Charizard, L50, M|100/100\n|turn|3\n|\n|t:|1776619960\n|move|p1a: Whimsicott|Protect|p1a: Whimsicott\n|-singleturn|p1a: Whimsicott|Protect\n|move|p1b: Charizard|Protect|p1b: Charizard\n|-singleturn|p1b: Charizard|Protect\n|move|p2b: Kommo-o|Protect|p2b: Kommo-o\n|-singleturn|p2b: Kommo-o|Protect\n|move|p2a: Sneasler|Dire Claw|p1a: Whimsicott\n|-activate|p1a: Whimsicott|move: Protect\n|\n|upkeep\n|turn|4\n|\n|t:|1776619977\n|detailschange|p1b: Charizard|Charizard-Mega-Y, L50, M\n|-mega|p1b: Charizard|Charizard|Charizardite Y\n|-weather|SunnyDay|[from] ability: Drought|[of] p1b: Charizard\n|move|p2b: Kommo-o|Protect|p2b: Kommo-o\n|-singleturn|p2b: Kommo-o|Protect\n|move|p1a: Whimsicott|Encore|p2b: Kommo-o\n|-activate|p2b: Kommo-o|move: Protect\n|move|p1b: Charizard|Weather Ball|p2a: Sneasler\n|-damage|p2a: Sneasler|0 fnt\n|faint|p2a: Sneasler\n|\n|-weather|SunnyDay|[upkeep]\n|-sideend|p1: kuzi24|move: Tailwind\n|upkeep\n|\n|t:|1776619987\n|switch|p2a: Politoed|Politoed, L50, M, shiny|100/100\n|-weather|RainDance|[from] ability: Drizzle|[of] p2a: Politoed\n|turn|5\n|\n|t:|1776619995\n|switch|p1b: Typhlosion|Typhlosion-Hisui, L50, F|100/100\n|move|p1a: Whimsicott|Encore|p2b: Kommo-o\n|-start|p2b: Kommo-o|Encore\n|move|p2b: Kommo-o|Protect||[still]\n|-fail|p2b: Kommo-o\n|move|p2a: Politoed|Perish Song|p2a: Politoed\n|-start|p1a: Whimsicott|perish3|[silent]\n|-start|p1b: Typhlosion|perish3|[silent]\n|-start|p2a: Politoed|perish3|[silent]\n|-immune|p2b: Kommo-o|[from] ability: Soundproof\n|-fieldactivate|move: Perish Song\n|\n|-weather|RainDance|[upkeep]\n|-start|p1a: Whimsicott|perish3\n|-start|p1b: Typhlosion|perish3\n|-start|p2a: Politoed|perish3\n|upkeep\n|turn|6\n|\n|t:|1776620012\n|switch|p1b: Charizard|Charizard-Mega-Y, L50, M|100/100\n|-weather|SunnyDay|[from] ability: Drought|[of] p1b: Charizard\n|move|p2b: Kommo-o|Protect|p2b: Kommo-o\n|-singleturn|p2b: Kommo-o|Protect\n|move|p1a: Whimsicott|Moonblast|p2b: Kommo-o\n|-activate|p2b: Kommo-o|move: Protect\n|move|p2a: Politoed|Weather Ball|p1b: Charizard\n|-resisted|p1b: Charizard|1\n|-damage|p1b: Charizard|84/100\n|\n|-weather|SunnyDay|[upkeep]\n|-start|p1a: Whimsicott|perish2\n|-start|p2a: Politoed|perish2\n|upkeep\n|turn|7\n|\n|t:|1776620029\n|move|p2b: Kommo-o|Protect||[still]\n|-fail|p2b: Kommo-o\n|move|p1a: Whimsicott|Moonblast|p2b: Kommo-o\n|-supereffective|p2b: Kommo-o|2\n|-damage|p2b: Kommo-o|0 fnt\n|faint|p2b: Kommo-o\n|move|p1b: Charizard|Solar Beam||[still]\n|-prepare|p1b: Charizard|Solar Beam\n|-anim|p1b: Charizard|Solar Beam|p2a: Politoed\n|-supereffective|p2a: Politoed|1\n|-damage|p2a: Politoed|1/100\n|move|p2a: Politoed|Weather Ball|p1a: Whimsicott\n|-supereffective|p1a: Whimsicott|1\n|-enditem|p1a: Whimsicott|Focus Sash\n|-damage|p1a: Whimsicott|1/100\n|\n|-weather|SunnyDay|[upkeep]\n|-heal|p2a: Politoed|7/100|[from] item: Leftovers\n|-start|p1a: Whimsicott|perish1\n|-start|p2a: Politoed|perish1\n|upkeep\n|turn|8\n|\n|t:|1776620047\n|switch|p1a: Typhlosion|Typhlosion-Hisui, L50, F|100/100\n|move|p1b: Charizard|Protect|p1b: Charizard\n|-singleturn|p1b: Charizard|Protect\n|move|p2a: Politoed|Protect||[still]\n|-fail|p2a: Politoed\n|\n|-weather|SunnyDay|[upkeep]\n|-heal|p2a: Politoed|13/100|[from] item: Leftovers\n|-start|p2a: Politoed|perish0\n|faint|p2a: Politoed\n|\n|win|kuzi24\n|raw|kuzi24's rating: 1345 &rarr; <strong>1364</strong><br />(+19 for winning)\n|raw|isabellissima's rating: 1324 &rarr; <strong>1305</strong><br />(-19 for losing)\n",
  "uploadtime": 1776620050,
  "views": 15,
  "formatid": "gen9championsvgc2026regma",
  "rating": 1305,
  "private": 0,
  "password": null
}