{
  "id": "gen9championsvgc2026regma-2582700988",
  "format": "[Gen 9 Champions] VGC 2026 Reg M-A",
  "players": [
    "KingOvershield",
    "OffbeatPengu"
  ],
  "log": "|j|\u2606KingOvershield\n|j|\u2606OffbeatPengu\n|t:|1776108211\n|gametype|doubles\n|player|p1|KingOvershield|bugcatcher-gen4dp|1145\n|player|p2|OffbeatPengu|cyrus|1077\n|gen|9\n|tier|[Gen 9 Champions] VGC 2026 Reg M-A\n|rated|\n|rule|Species Clause: Limit one of each Pok\u00e9mon\n|rule|Item Clause: Limit 1 of each item\n|clearpoke\n|poke|p1|Scizor, L50, F|\n|poke|p1|Incineroar, L50, F|\n|poke|p1|Ninetales-Alola, L50, F|\n|poke|p1|Basculegion, L50, M|\n|poke|p1|Sneasler, L50, F|\n|poke|p1|Kommo-o, L50, F|\n|poke|p2|Aerodactyl, L50, M|\n|poke|p2|Incineroar, L50, F|\n|poke|p2|Floette-Eternal, L50, F|\n|poke|p2|Basculegion, L50, M|\n|poke|p2|Garchomp, L50, F|\n|poke|p2|Sneasler, L50, M|\n|teampreview|4\n|inactive|Battle timer is ON: inactive players will automatically lose when time's up. (requested by OffbeatPengu)\nOffbeatPengu rejected open team sheets.\n|inactive|KingOvershield has 60 seconds left.\n|inactive|OffbeatPengu has 60 seconds left.\n|\n|t:|1776108252\n|teamsize|p1|4\n|teamsize|p2|4\n|start\n|switch|p1a: Incineroar|Incineroar, L50, F|100/100\n|switch|p1b: Scizor|Scizor, L50, F|100/100\n|switch|p2a: Qoatlus|Aerodactyl, L50, M|100/100\n|switch|p2b: BattlinBoxer|Incineroar, L50, F|100/100\n|-ability|p2a: Qoatlus|Unnerve\n|-ability|p1a: Incineroar|Intimidate|boost\n|-unboost|p2a: Qoatlus|atk|1\n|-unboost|p2b: BattlinBoxer|atk|1\n|-ability|p2b: BattlinBoxer|Intimidate|boost\n|-unboost|p1a: Incineroar|atk|1\n|-unboost|p1b: Scizor|atk|1\n|turn|1\n|inactive|KingOvershield has 30 seconds left.\n|\n|t:|1776108278\n|detailschange|p1b: Scizor|Scizor-Mega, L50, F\n|-mega|p1b: Scizor|Scizor|Scizorite\n|move|p1a: Incineroar|Fake Out|p2b: BattlinBoxer\n|-damage|p2b: BattlinBoxer|92/100\n|cant|p2b: BattlinBoxer|flinch\n|move|p2a: Qoatlus|Tailwind|p2a: Qoatlus\n|-sidestart|p2: OffbeatPengu|move: Tailwind\n|move|p1b: Scizor|Trailblaze|p2a: Qoatlus\n|-damage|p2a: Qoatlus|67/100\n|-boost|p1b: Scizor|spe|1\n|\n|upkeep\n|turn|2\n|inactive|KingOvershield has 30 seconds left.\n|\n|t:|1776108305\n|move|p1b: Scizor|Protect|p1b: Scizor\n|-singleturn|p1b: Scizor|Protect\n|move|p2a: Qoatlus|Rock Slide|p1a: Incineroar|[spread] p1a\n|-activate|p1b: Scizor|move: Protect\n|-supereffective|p1a: Incineroar|1\n|-damage|p1a: Incineroar|65/100\n|move|p2b: BattlinBoxer|Flare Blitz|p1b: Scizor\n|-activate|p1b: Scizor|move: Protect\n|move|p1a: Incineroar|Will-O-Wisp|p2a: Qoatlus\n|-status|p2a: Qoatlus|brn\n|\n|-damage|p2a: Qoatlus|61/100 brn|[from] brn\n|upkeep\n|turn|3\n|inactive|KingOvershield has 30 seconds left.\n|inactive|OffbeatPengu has 30 seconds left.\n|\n|t:|1776108338\n|switch|p1b: Basculegion|Basculegion, L50, M|100/100\n|move|p2a: Qoatlus|Rock Slide|p1b: Basculegion|[spread] p1a,p1b\n|-supereffective|p1a: Incineroar|1\n|-damage|p1a: Incineroar|50/100\n|-damage|p1b: Basculegion|89/100\n|move|p2b: BattlinBoxer|Flare Blitz|p1b: Basculegion\n|-resisted|p1b: Basculegion|1\n|-damage|p1b: Basculegion|70/100\n|-damage|p2b: BattlinBoxer|85/100|[from] Recoil\n|move|p1a: Incineroar|Parting Shot|p2b: BattlinBoxer\n|-unboost|p2b: BattlinBoxer|atk|1\n|-unboost|p2b: BattlinBoxer|spa|1\n|\n|t:|1776108359\n|switch|p1a: Sneasler|Sneasler, L50, F|100/100|[from] Parting Shot\n|\n|-damage|p2a: Qoatlus|55/100 brn|[from] brn\n|upkeep\n|turn|4\n|\n|t:|1776108384\n|switch|p2b: Evil HERO|Sneasler, L50, M|100/100\n|move|p2a: Qoatlus|Dual Wingbeat|p1a: Sneasler\n|-supereffective|p1a: Sneasler|1\n|-damage|p1a: Sneasler|79/100\n|-supereffective|p1a: Sneasler|1\n|-damage|p1a: Sneasler|58/100\n|-hitcount|p1a: Sneasler|2\n|move|p1b: Basculegion|Flip Turn|p2a: Qoatlus\n|-supereffective|p2a: Qoatlus|1\n|-damage|p2a: Qoatlus|0 fnt\n|faint|p2a: Qoatlus\n|\n|t:|1776108396\n|switch|p1b: Scizor|Scizor-Mega, L50, F|100/100|[from] Flip Turn\n|move|p1a: Sneasler|Close Combat|p2b: Evil HERO\n|-resisted|p2b: Evil HERO|1\n|-damage|p2b: Evil HERO|51/100\n|-unboost|p1a: Sneasler|def|1\n|-unboost|p1a: Sneasler|spd|1\n|-enditem|p1a: Sneasler|White Herb\n|-clearnegativeboost|p1a: Sneasler|[silent]\n|\n|-sideend|p2: OffbeatPengu|move: Tailwind\n|upkeep\n|\n|t:|1776108398\n|switch|p2a: Ash Blossom|Floette-Eternal, L50, F|100/100\n|turn|5\n|inactive|KingOvershield has 30 seconds left.\n|inactive|OffbeatPengu has 30 seconds left.\n|\n|t:|1776108430\n|switch|p1a: Incineroar|Incineroar, L50, F|50/100\n|-enditem|p1a: Incineroar|Sitrus Berry|[eat]\n|-heal|p1a: Incineroar|75/100|[from] item: Sitrus Berry\n|-ability|p1a: Incineroar|Intimidate|boost\n|-unboost|p2a: Ash Blossom|atk|1\n|-unboost|p2b: Evil HERO|atk|1\n|-enditem|p2b: Evil HERO|White Herb\n|-clearnegativeboost|p2b: Evil HERO|[silent]\n|detailschange|p2a: Ash Blossom|Floette-Mega, L50, F\n|-mega|p2a: Ash Blossom|Floette|Floettite\n|-ability|p2a: Ash Blossom|Fairy Aura\n|move|p1b: Scizor|Protect|p1b: Scizor\n|-singleturn|p1b: Scizor|Protect\n|move|p2b: Evil HERO|Close Combat|p1b: Scizor\n|-activate|p1b: Scizor|move: Protect\n|move|p2a: Ash Blossom|Dazzling Gleam|p1a: Incineroar|[spread] p1a\n|-activate|p1b: Scizor|move: Protect\n|-damage|p1a: Incineroar|24/100\n|\n|upkeep\n|turn|6\n|inactive|KingOvershield has 30 seconds left.\n|inactive|OffbeatPengu has 30 seconds left.\n|inactive|KingOvershield has 20 seconds left.\n|inactive|KingOvershield has 15 seconds left.\n|inactive|KingOvershield has 10 seconds left.\n|\n|t:|1776108476\n|switch|p2b: BattlinBoxer|Incineroar, L50, F|85/100\n|-ability|p2b: BattlinBoxer|Intimidate|boost\n|-unboost|p1a: Incineroar|atk|1\n|-unboost|p1b: Scizor|atk|1\n|move|p2a: Ash Blossom|Protect|p2a: Ash Blossom\n|-singleturn|p2a: Ash Blossom|Protect\n|move|p1b: Scizor|Bullet Punch|p2a: Ash Blossom\n|-activate|p2a: Ash Blossom|move: Protect\n|move|p1a: Incineroar|Parting Shot|p2b: BattlinBoxer\n|-unboost|p2b: BattlinBoxer|atk|1\n|-unboost|p2b: BattlinBoxer|spa|1\n|\n|t:|1776108496\n|switch|p1a: Basculegion|Basculegion, L50, M|70/100|[from] Parting Shot\n|\n|upkeep\n|turn|7\n|\n|t:|1776108520\n|move|p1b: Scizor|Protect|p1b: Scizor\n|-singleturn|p1b: Scizor|Protect\n|move|p2b: BattlinBoxer|Fake Out|p1b: Scizor\n|-activate|p1b: Scizor|move: Protect\n|move|p1a: Basculegion|Wave Crash|p2b: BattlinBoxer\n|-supereffective|p2b: BattlinBoxer|1\n|-damage|p2b: BattlinBoxer|0 fnt\n|faint|p2b: BattlinBoxer\n|-damage|p1a: Basculegion|41/100|[from] Recoil\n|move|p2a: Ash Blossom|Light of Ruin|p1a: Basculegion\n|-damage|p1a: Basculegion|0 fnt\n|faint|p1a: Basculegion\n|-damage|p2a: Ash Blossom|74/100|[from] Recoil\n|\n|upkeep\n|\n|t:|1776108537\n|switch|p1a: Sneasler|Sneasler, L50, F|58/100\n|switch|p2b: Evil HERO|Sneasler, L50, M|51/100\n|turn|8\n|inactive|KingOvershield has 30 seconds left.\n|inactive|KingOvershield has 20 seconds left.\n|inactive|KingOvershield has 15 seconds left.\n|\n|t:|1776108580\n|switch|p1b: Incineroar|Incineroar, L50, F|24/100\n|-ability|p1b: Incineroar|Intimidate|boost\n|-unboost|p2a: Ash Blossom|atk|1\n|-unboost|p2b: Evil HERO|atk|1\n|move|p1a: Sneasler|Fake Out|p2a: Ash Blossom\n|-damage|p2a: Ash Blossom|55/100\n|move|p2b: Evil HERO|Close Combat|p1b: Incineroar\n|-supereffective|p1b: Incineroar|1\n|-damage|p1b: Incineroar|0 fnt\n|-unboost|p2b: Evil HERO|def|1\n|-unboost|p2b: Evil HERO|spd|1\n|faint|p1b: Incineroar\n|cant|p2a: Ash Blossom|flinch\n|\n|upkeep\n|\n|t:|1776108592\n|switch|p1b: Scizor|Scizor-Mega, L50, F|100/100\n|turn|9\n|inactive|KingOvershield has 30 seconds left.\n|\n|t:|1776108618\n|move|p2b: Evil HERO|Protect|p2b: Evil HERO\n|-singleturn|p2b: Evil HERO|Protect\n|move|p2a: Ash Blossom|Protect|p2a: Ash Blossom\n|-singleturn|p2a: Ash Blossom|Protect\n|move|p1a: Sneasler|Coaching|p1b: Scizor\n|-boost|p1b: Scizor|atk|1\n|-boost|p1b: Scizor|def|1\n|move|p1b: Scizor|Trailblaze|p2b: Evil HERO\n|-activate|p2b: Evil HERO|move: Protect\n|\n|upkeep\n|turn|10\n|\n|t:|1776108638\n|move|p1b: Scizor|Bullet Punch|p2a: Ash Blossom\n|-supereffective|p2a: Ash Blossom|1\n|-damage|p2a: Ash Blossom|0 fnt\n|faint|p2a: Ash Blossom\n|move|p1a: Sneasler|Coaching|p1b: Scizor\n|-boost|p1b: Scizor|atk|1\n|-boost|p1b: Scizor|def|1\n|move|p2b: Evil HERO|Close Combat|p1b: Scizor\n|-damage|p1b: Scizor|84/100\n|-unboost|p2b: Evil HERO|def|1\n|-unboost|p2b: Evil HERO|spd|1\n|\n|upkeep\n|turn|11\n|c|\u2606KingOvershield|there she blows\n|-message|OffbeatPengu forfeited.\n|\n|win|KingOvershield\n|raw|KingOvershield's rating: 1145 &rarr; <strong>1165</strong><br />(+20 for winning)\n|raw|OffbeatPengu's rating: 1077 &rarr; <strong>1060</strong><br />(-17 for losing)\n|l|\u2606OffbeatPengu\n|player|p2|\n",
  "uploadtime": 1776108656,
  "views": 11,
  "formatid": "gen9championsvgc2026regma",
  "rating": 1060,
  "private": 0,
  "password": null
}