{
  "id": "gen9championsvgc2026regma-2584004836",
  "format": "[Gen 9 Champions] VGC 2026 Reg M-A",
  "players": [
    "FESPySX12",
    "CRUNCHHHVGC"
  ],
  "log": "|j|\u2606FESPySX12\n|j|\u2606CRUNCHHHVGC\n|t:|1776215989\n|gametype|doubles\n|player|p1|FESPySX12|cyclist|1078\n|player|p2|CRUNCHHHVGC|lance|1118\n|gen|9\n|tier|[Gen 9 Champions] VGC 2026 Reg M-A\n|rated|\n|rule|Species Clause: Limit one of each Pok\u00e9mon\n|rule|Item Clause: Limit 1 of each item\n|clearpoke\n|poke|p1|Blastoise, L50, M|\n|poke|p1|Basculegion, L50, M|\n|poke|p1|Pelipper, L50, F|\n|poke|p1|Archaludon, L50, M|\n|poke|p1|Meganium, L50, M|\n|poke|p1|Floette-Eternal, L50, F|\n|poke|p2|Incineroar, L50, F|\n|poke|p2|Dragapult, L50, M|\n|poke|p2|Glimmora, L50, F|\n|poke|p2|Palafin, L50, F|\n|poke|p2|Whimsicott, L50, M|\n|poke|p2|Skarmory, L50, F|\n|teampreview|4\n|inactive|Battle timer is ON: inactive players will automatically lose when time's up. (requested by CRUNCHHHVGC)\n|\n|t:|1776216007\n|teamsize|p1|4\n|teamsize|p2|4\n|start\n|switch|p1a: Floette|Floette-Eternal, L50, F|100/100\n|switch|p1b: Blastoise|Blastoise, L50, M, shiny|100/100\n|switch|p2a: Nimbus|Whimsicott, L50, M|100/100\n|switch|p2b: Valstrax|Dragapult, L50, M|100/100\n|turn|1\n|inactive|CRUNCHHHVGC has 30 seconds left.\n|inactive|FESPySX12 has 30 seconds left.\n|inactive|CRUNCHHHVGC has 20 seconds left.\n|inactive|CRUNCHHHVGC has 15 seconds left.\n|inactive|CRUNCHHHVGC has 10 seconds left.\n|\n|t:|1776216053\n|detailschange|p1a: Floette|Floette-Mega, L50, F\n|-mega|p1a: Floette|Floette|Floettite\n|-ability|p1a: Floette|Fairy Aura\n|move|p1b: Blastoise|Fake Out|p2a: Nimbus\n|-damage|p2a: Nimbus|92/100\n|move|p2b: Valstrax|Light Screen|p2b: Valstrax\n|-sidestart|p2: CRUNCHHHVGC|move: Light Screen\n|move|p1a: Floette|Light of Ruin|p2a: Nimbus\n|-damage|p2a: Nimbus|2/100\n|-damage|p1a: Floette|53/100|[from] Recoil\n|cant|p2a: Nimbus|flinch\n|\n|upkeep\n|turn|2\n|inactive|FESPySX12 has 30 seconds left.\n|\n|t:|1776216086\n|move|p2a: Nimbus|Helping Hand|p2b: Valstrax\n|-singleturn|p2b: Valstrax|Helping Hand|[of] p2a: Nimbus\n|move|p1a: Floette|Protect|p1a: Floette\n|-singleturn|p1a: Floette|Protect\n|move|p2b: Valstrax|Shadow Ball|p1a: Floette\n|-activate|p1a: Floette|move: Protect\n|move|p1b: Blastoise|Dragon Pulse|p2b: Valstrax\n|-supereffective|p2b: Valstrax|1\n|-damage|p2b: Valstrax|66/100\n|\n|upkeep\n|turn|3\n|inactive|FESPySX12 has 30 seconds left.\n|\n|t:|1776216113\n|switch|p2b: Wolfey\u2019s Bae|Incineroar, L50, F|100/100\n|-ability|p2b: Wolfey\u2019s Bae|Intimidate|boost\n|-unboost|p1a: Floette|atk|1\n|-unboost|p1b: Blastoise|atk|1\n|move|p2a: Nimbus|Encore|p1a: Floette\n|-start|p1a: Floette|Encore\n|move|p1a: Floette|Protect|p1a: Floette\n|-singleturn|p1a: Floette|Protect\n|move|p1b: Blastoise|Water Pulse|p2b: Wolfey\u2019s Bae\n|-supereffective|p2b: Wolfey\u2019s Bae|1\n|-damage|p2b: Wolfey\u2019s Bae|77/100\n|\n|upkeep\n|turn|4\n|inactive|CRUNCHHHVGC has 30 seconds left.\n|\n|t:|1776216142\n|move|p1a: Floette|Protect||[still]\n|-fail|p1a: Floette\n|move|p2a: Nimbus|Tailwind|p2a: Nimbus\n|-sidestart|p2: CRUNCHHHVGC|move: Tailwind\n|move|p2b: Wolfey\u2019s Bae|Snarl|p1a: Floette|[spread] p1a,p1b\n|-resisted|p1a: Floette|1\n|-damage|p1a: Floette|49/100\n|-damage|p1b: Blastoise|89/100\n|-unboost|p1a: Floette|spa|1\n|-unboost|p1b: Blastoise|spa|1\n|move|p1b: Blastoise|Shell Smash|p1b: Blastoise\n|-unboost|p1b: Blastoise|def|1\n|-unboost|p1b: Blastoise|spd|1\n|-boost|p1b: Blastoise|atk|2\n|-boost|p1b: Blastoise|spa|2\n|-boost|p1b: Blastoise|spe|2\n|\n|upkeep\n|turn|5\n|inactive|CRUNCHHHVGC has 30 seconds left.\n|\n|t:|1776216172\n|move|p1a: Floette|Protect|p1a: Floette\n|-singleturn|p1a: Floette|Protect\n|move|p2a: Nimbus|Encore|p1b: Blastoise\n|-start|p1b: Blastoise|Encore\n|move|p1b: Blastoise|Shell Smash|p1b: Blastoise\n|-unboost|p1b: Blastoise|def|1\n|-unboost|p1b: Blastoise|spd|1\n|-boost|p1b: Blastoise|atk|2\n|-boost|p1b: Blastoise|spa|2\n|-boost|p1b: Blastoise|spe|2\n|move|p2b: Wolfey\u2019s Bae|Flare Blitz|p1a: Floette\n|-activate|p1a: Floette|move: Protect\n|\n|-end|p1a: Floette|Encore\n|-sideend|p2: CRUNCHHHVGC|move: Light Screen\n|upkeep\n|turn|6\n|\n|t:|1776216196\n|move|p2a: Nimbus|Helping Hand|p2b: Wolfey\u2019s Bae\n|-singleturn|p2b: Wolfey\u2019s Bae|Helping Hand|[of] p2a: Nimbus\n|move|p1b: Blastoise|Shell Smash|p1b: Blastoise\n|-unboost|p1b: Blastoise|def|1\n|-unboost|p1b: Blastoise|spd|1\n|-boost|p1b: Blastoise|atk|2\n|-boost|p1b: Blastoise|spa|2\n|-boost|p1b: Blastoise|spe|2\n|move|p2b: Wolfey\u2019s Bae|Flare Blitz|p1a: Floette\n|-damage|p1a: Floette|0 fnt\n|faint|p1a: Floette\n|-damage|p2b: Wolfey\u2019s Bae|65/100|[from] Recoil\n|\n|upkeep\n|\n|t:|1776216218\n|switch|p1a: Pelipper|Pelipper, L50, F|100/100\n|-weather|RainDance|[from] ability: Drizzle|[of] p1a: Pelipper\n|turn|7\n|\n|t:|1776216229\n|move|p1b: Blastoise|Shell Smash|p1b: Blastoise\n|-unboost|p1b: Blastoise|def|1\n|-unboost|p1b: Blastoise|spd|1\n|-boost|p1b: Blastoise|atk|1\n|-boost|p1b: Blastoise|spa|1\n|-boost|p1b: Blastoise|spe|0\n|move|p2a: Nimbus|Grass Knot|p1b: Blastoise\n|-supereffective|p1b: Blastoise|1\n|-damage|p1b: Blastoise|0 fnt\n|faint|p1b: Blastoise\n|move|p2b: Wolfey\u2019s Bae|Parting Shot|p1a: Pelipper\n|-unboost|p1a: Pelipper|atk|1\n|-unboost|p1a: Pelipper|spa|1\n|\n|t:|1776216240\n|switch|p2b: Valstrax|Dragapult, L50, M|66/100|[from] Parting Shot\n|move|p1a: Pelipper|Tailwind|p1a: Pelipper\n|-sidestart|p1: FESPySX12|move: Tailwind\n|\n|-weather|RainDance|[upkeep]\n|-sideend|p2: CRUNCHHHVGC|move: Tailwind\n|upkeep\n|\n|t:|1776216248\n|switch|p1b: Basculegion|Basculegion, L50, M, shiny|100/100\n|turn|8\n|c|\u2606FESPySX12|Great names\n|inactive|CRUNCHHHVGC has 30 seconds left.\n|inactive|CRUNCHHHVGC has 20 seconds left.\n|\n|t:|1776216285\n|switch|p2b: Wolfey\u2019s Bae|Incineroar, L50, F|65/100\n|-ability|p2b: Wolfey\u2019s Bae|Intimidate|boost\n|-unboost|p1a: Pelipper|atk|1\n|-unboost|p1b: Basculegion|atk|1\n|move|p2a: Nimbus|Encore|p1a: Pelipper\n|-start|p1a: Pelipper|Encore\n|-enditem|p1a: Pelipper|Mental Herb\n|-end|p1a: Pelipper|Encore\n|move|p1b: Basculegion|Last Respects|p2b: Wolfey\u2019s Bae\n|-resisted|p2b: Wolfey\u2019s Bae|1\n|-damage|p2b: Wolfey\u2019s Bae|39/100\n|move|p1a: Pelipper|Hurricane|p2a: Nimbus\n|-supereffective|p2a: Nimbus|1\n|-damage|p2a: Nimbus|0 fnt\n|faint|p2a: Nimbus\n|\n|-weather|RainDance|[upkeep]\n|upkeep\n|inactive|CRUNCHHHVGC has 30 seconds left.\n|\n|t:|1776216310\n|switch|p2a: Laertes|Glimmora, L50, F|100/100\n|turn|9\n|inactive|CRUNCHHHVGC has 30 seconds left.\n|inactive|CRUNCHHHVGC has 20 seconds left.\n|\n|t:|1776216345\n|switch|p2b: Valstrax|Dragapult, L50, M|66/100\n|move|p2a: Laertes|Spiky Shield|p2a: Laertes\n|-singleturn|p2a: Laertes|move: Protect\n|move|p1b: Basculegion|Last Respects|p2a: Laertes\n|-activate|p2a: Laertes|move: Protect\n|move|p1a: Pelipper|Hurricane|p2b: Valstrax\n|-damage|p2b: Valstrax|36/100\n|\n|-weather|RainDance|[upkeep]\n|upkeep\n|turn|10\n|inactive|CRUNCHHHVGC has 30 seconds left.\n|\n|t:|1776216371\n|switch|p2a: Wolfey\u2019s Bae|Incineroar, L50, F|39/100\n|-ability|p2a: Wolfey\u2019s Bae|Intimidate|boost\n|-unboost|p1a: Pelipper|atk|1\n|-unboost|p1b: Basculegion|atk|1\n|move|p1b: Basculegion|Last Respects|p2a: Wolfey\u2019s Bae\n|-resisted|p2a: Wolfey\u2019s Bae|1\n|-damage|p2a: Wolfey\u2019s Bae|20/100\n|move|p2b: Valstrax|Breaking Swipe|p1a: Pelipper|[spread] p1a,p1b\n|-damage|p1a: Pelipper|84/100\n|-damage|p1b: Basculegion|75/100\n|-unboost|p1a: Pelipper|atk|1\n|-unboost|p1b: Basculegion|atk|1\n|move|p1a: Pelipper|Hurricane|p2b: Valstrax\n|-damage|p2b: Valstrax|4/100\n|\n|-weather|RainDance|[upkeep]\n|-sideend|p1: FESPySX12|move: Tailwind\n|upkeep\n|turn|11\n|inactive|FESPySX12 has 30 seconds left.\n|inactive|CRUNCHHHVGC has 30 seconds left.\n|\n|t:|1776216404\n|move|p2a: Wolfey\u2019s Bae|Fake Out|p1a: Pelipper\n|-damage|p1a: Pelipper|74/100\n|move|p1b: Basculegion|Last Respects|p2b: Valstrax\n|-supereffective|p2b: Valstrax|1\n|-damage|p2b: Valstrax|0 fnt\n|faint|p2b: Valstrax\n|cant|p1a: Pelipper|flinch\n|\n|-weather|none\n|upkeep\n|\n|t:|1776216409\n|switch|p2b: Laertes|Glimmora, L50, F|100/100\n|turn|12\n|inactive|CRUNCHHHVGC has 30 seconds left.\n|inactive|CRUNCHHHVGC has 20 seconds left.\n|inactive|CRUNCHHHVGC has 15 seconds left.\n|inactive|CRUNCHHHVGC has 10 seconds left.\n|\n|t:|1776216459\n|detailschange|p2b: Laertes|Glimmora-Mega, L50, F\n|-mega|p2b: Laertes|Glimmora|Glimmoranite\n|move|p1b: Basculegion|Protect|p1b: Basculegion\n|-singleturn|p1b: Basculegion|Protect\n|move|p1a: Pelipper|Protect|p1a: Pelipper\n|-singleturn|p1a: Pelipper|Protect\n|move|p2b: Laertes|Power Gem|p1b: Basculegion\n|-activate|p1b: Basculegion|move: Protect\n|move|p2a: Wolfey\u2019s Bae|Snarl|p1b: Basculegion|[spread] \n|-activate|p1a: Pelipper|move: Protect\n|-activate|p1b: Basculegion|move: Protect\n|\n|upkeep\n|turn|13\n|\n|t:|1776216486\n|move|p2b: Laertes|Power Gem|p1a: Pelipper\n|-supereffective|p1a: Pelipper|1\n|-damage|p1a: Pelipper|0 fnt\n|faint|p1a: Pelipper\n|move|p1b: Basculegion|Flip Turn|p2b: Laertes\n|-supereffective|p2b: Laertes|1\n|-damage|p2b: Laertes|74/100\n|move|p2a: Wolfey\u2019s Bae|Parting Shot|p1b: Basculegion\n|-unboost|p1b: Basculegion|atk|1\n|-unboost|p1b: Basculegion|spa|1\n|\n|upkeep\n|turn|14\n|inactive|CRUNCHHHVGC has 30 seconds left.\n|\n|t:|1776216503\n|move|p2b: Laertes|Power Gem|p1b: Basculegion\n|-damage|p1b: Basculegion|0 fnt\n|faint|p1b: Basculegion\n|\n|win|CRUNCHHHVGC\n|raw|FESPySX12's rating: 1078 &rarr; <strong>1059</strong><br />(-19 for losing)\n|raw|CRUNCHHHVGC's rating: 1118 &rarr; <strong>1140</strong><br />(+22 for winning)\n|l|\u2606FESPySX12\n|player|p1|\n",
  "uploadtime": 1776216511,
  "views": 17,
  "formatid": "gen9championsvgc2026regma",
  "rating": 1059,
  "private": 0,
  "password": null
}