{
  "id": "gen9championsvgc2026regma-2581589753",
  "format": "[Gen 9 Champions] VGC 2026 Reg M-A",
  "players": [
    "bigbiglol55",
    "Slafyx"
  ],
  "log": "|j|\u2606bigbiglol55\n|j|\u2606Slafyx\n|t:|1776013311\n|gametype|doubles\n|player|p1|bigbiglol55|169|1098\n|player|p2|Slafyx|101|1049\n|gen|9\n|tier|[Gen 9 Champions] VGC 2026 Reg M-A\n|rated|\n|rule|Species Clause: Limit one of each Pok\u00e9mon\n|rule|Item Clause: Limit 1 of each item\n|clearpoke\n|poke|p1|Archaludon, L50, M|\n|poke|p1|Dragonite, L50, F|\n|poke|p1|Pelipper, L50, M|\n|poke|p1|Incineroar, L50, M|\n|poke|p1|Gyarados, L50, M|\n|poke|p1|Sinistcha-Masterpiece, L50|\n|poke|p2|Venusaur, L50, F|\n|poke|p2|Sneasler, L50, F|\n|poke|p2|Rotom-Wash, L50|\n|poke|p2|Incineroar, L50, M|\n|poke|p2|Dragonite, L50, F|\n|poke|p2|Ninetales-Alola, L50, F|\n|teampreview|4\nSlafyx has agreed to open team sheets.\n|inactive|Battle timer is ON: inactive players will automatically lose when time's up. (requested by Slafyx)\n|inactive|bigbiglol55 has 60 seconds left.\n|\n|t:|1776013366\n|teamsize|p1|4\n|teamsize|p2|4\n|start\n|switch|p1a: Archaludon|Archaludon, L50, M|100/100\n|switch|p1b: Incineroar|Incineroar, L50, M|100/100\n|switch|p2a: Venusaur|Venusaur, L50, F|100/100\n|switch|p2b: Rotom|Rotom-Wash, L50|100/100\n|-ability|p1b: Incineroar|Intimidate|boost\n|-unboost|p2a: Venusaur|atk|1\n|-unboost|p2b: Rotom|atk|1\n|turn|1\n|\n|t:|1776013391\n|detailschange|p2a: Venusaur|Venusaur-Mega, L50, F\n|-mega|p2a: Venusaur|Venusaur|Venusaurite\n|move|p1b: Incineroar|Fake Out|p2b: Rotom\n|-damage|p2b: Rotom|90/100\n|cant|p2b: Rotom|flinch\n|move|p1a: Archaludon|Electro Shot||[still]\n|-prepare|p1a: Archaludon|Electro Shot\n|-boost|p1a: Archaludon|spa|1\n|move|p2a: Venusaur|Leech Seed|p1a: Archaludon\n|-start|p1a: Archaludon|move: Leech Seed\n|\n|-damage|p1a: Archaludon|88/100|[from] Leech Seed|[of] p2a: Venusaur\n|upkeep\n|turn|2\n|\n|t:|1776013410\n|move|p2b: Rotom|Volt Switch|p1b: Incineroar\n|-damage|p1b: Incineroar|77/100\n|\n|t:|1776013419\n|switch|p2b: Ninetales|Ninetales-Alola, L50, F|100/100|[from] Volt Switch\n|-weather|Snowscape|[from] ability: Snow Warning|[of] p2b: Ninetales\n|move|p1b: Incineroar|Parting Shot|p2a: Venusaur\n|-unboost|p2a: Venusaur|atk|1\n|-unboost|p2a: Venusaur|spa|1\n|\n|t:|1776013427\n|switch|p1b: Pelipper|Pelipper, L50, M|100/100|[from] Parting Shot\n|-weather|RainDance|[from] ability: Drizzle|[of] p1b: Pelipper\n|move|p1a: Archaludon|Electro Shot|p2b: Ninetales|[from] lockedmove\n|-damage|p2b: Ninetales|27/100\n|move|p2a: Venusaur|Earth Power|p1b: Pelipper\n|-immune|p1b: Pelipper\n|\n|-weather|RainDance|[upkeep]\n|-heal|p1a: Archaludon|94/100|[from] item: Leftovers\n|-damage|p1a: Archaludon|82/100|[from] Leech Seed|[of] p2a: Venusaur\n|upkeep\n|turn|3\n|inactive|Slafyx has 30 seconds left.\n|\n|t:|1776013453\n|move|p2a: Venusaur|Protect|p2a: Venusaur\n|-singleturn|p2a: Venusaur|Protect\n|move|p2b: Ninetales|Blizzard|p1a: Archaludon|[spread] p1a,p1b\n|-damage|p1a: Archaludon|47/100\n|-damage|p1b: Pelipper|52/100\n|-status|p1b: Pelipper|frz\n|-ability|p1a: Archaludon|Stamina|boost\n|-boost|p1a: Archaludon|def|1\n|cant|p1b: Pelipper|frz\n|move|p1a: Archaludon|Electro Shot||[still]\n|-prepare|p1a: Archaludon|Electro Shot\n|-boost|p1a: Archaludon|spa|1\n|-anim|p1a: Archaludon|Electro Shot|p2b: Ninetales\n|-damage|p2b: Ninetales|0 fnt\n|faint|p2b: Ninetales\n|\n|-weather|RainDance|[upkeep]\n|-heal|p1a: Archaludon|53/100|[from] item: Leftovers\n|-damage|p1a: Archaludon|41/100|[from] Leech Seed|[of] p2a: Venusaur\n|upkeep\n|\n|t:|1776013468\n|switch|p2b: Rotom|Rotom-Wash, L50|90/100\n|turn|4\n|\n|t:|1776013484\n|move|p1a: Archaludon|Protect|p1a: Archaludon\n|-singleturn|p1a: Archaludon|Protect\n|move|p2b: Rotom|Electroweb|p1a: Archaludon|[spread] p1b\n|-activate|p1a: Archaludon|move: Protect\n|-supereffective|p1b: Pelipper|2\n|-damage|p1b: Pelipper|0 fnt\n|faint|p1b: Pelipper\n|move|p2a: Venusaur|Earth Power|p1a: Archaludon\n|-activate|p1a: Archaludon|move: Protect\n|\n|-weather|RainDance|[upkeep]\n|-heal|p1a: Archaludon|47/100|[from] item: Leftovers\n|-damage|p1a: Archaludon|35/100|[from] Leech Seed|[of] p2a: Venusaur\n|upkeep\n|\n|t:|1776013497\n|switch|p1b: Dragonite|Dragonite, L50, F|100/100\n|turn|5\n|\n|t:|1776013515\n|detailschange|p1b: Dragonite|Dragonite-Mega, L50, F\n|-mega|p1b: Dragonite|Dragonite|Dragoninite\n|move|p2b: Rotom|Electroweb|p1b: Dragonite|[spread] p1a,p1b\n|-resisted|p1a: Archaludon|1\n|-damage|p1a: Archaludon|26/100\n|-damage|p1b: Dragonite|95/100\n|-unboost|p1a: Archaludon|spe|1\n|-unboost|p1b: Dragonite|spe|1\n|-ability|p1a: Archaludon|Stamina|boost\n|-boost|p1a: Archaludon|def|1\n|move|p1b: Dragonite|Hurricane|p2a: Venusaur\n|-supereffective|p2a: Venusaur|1\n|-damage|p2a: Venusaur|0 fnt\n|faint|p2a: Venusaur\n|move|p1a: Archaludon|Electro Shot||[still]\n|-prepare|p1a: Archaludon|Electro Shot\n|-boost|p1a: Archaludon|spa|1\n|-anim|p1a: Archaludon|Electro Shot|p2b: Rotom\n|-damage|p2b: Rotom|0 fnt\n|faint|p2b: Rotom\n|\n|-weather|RainDance|[upkeep]\n|-heal|p1a: Archaludon|32/100|[from] item: Leftovers\n|upkeep\n|\n|t:|1776013530\n|switch|p2a: Dragonite|Dragonite, L50, F|100/100\n|turn|6\n|\n|t:|1776013542\n|move|p2a: Dragonite|Protect|p2a: Dragonite\n|-singleturn|p2a: Dragonite|Protect\n|move|p1b: Dragonite|Ice Beam|p2a: Dragonite\n|-activate|p2a: Dragonite|move: Protect\n|move|p1a: Archaludon|Draco Meteor|p2a: Dragonite\n|-activate|p2a: Dragonite|move: Protect\n|\n|-weather|none\n|-heal|p1a: Archaludon|38/100|[from] item: Leftovers\n|-damage|p1a: Archaludon|26/100|[from] Leech Seed|[of] p2a: Dragonite\n|upkeep\n|turn|7\n|\n|t:|1776013555\n|move|p1b: Dragonite|Ice Beam|p2a: Dragonite\n|-supereffective|p2a: Dragonite|2\n|-damage|p2a: Dragonite|0 fnt\n|faint|p2a: Dragonite\n|\n|win|bigbiglol55\n|raw|bigbiglol55's rating: 1098 &rarr; <strong>1120</strong><br />(+22 for winning)\n|raw|Slafyx's rating: 1049 &rarr; <strong>1034</strong><br />(-15 for losing)\n",
  "uploadtime": 1776013556,
  "views": 13,
  "formatid": "gen9championsvgc2026regma",
  "rating": 1034,
  "private": 0,
  "password": null
}