{
  "id": "gen9championsvgc2026regma-2585085201",
  "format": "[Gen 9 Champions] VGC 2026 Reg M-A",
  "players": [
    "Liber Dragon",
    "Cubito009"
  ],
  "log": "|j|\u2606Liber Dragon\n|j|\u2606Cubito009\n|t:|1776310175\n|gametype|doubles\n|player|p1|Liber Dragon|veteran|\n|player|p2|Cubito009|waiter-gen4dp|\n|gen|9\n|tier|[Gen 9 Champions] VGC 2026 Reg M-A\n|rule|Species Clause: Limit one of each Pok\u00e9mon\n|rule|Item Clause: Limit 1 of each item\n|clearpoke\n|poke|p1|Charizard, L50, F|\n|poke|p1|Sneasler, L50, M|\n|poke|p1|Garchomp, L50, M|\n|poke|p1|Whimsicott, L50, F|\n|poke|p1|Kangaskhan, L50, F|\n|poke|p1|Farigiraf, L50, M|\n|poke|p2|Maushold-Four, L50|\n|poke|p2|Farigiraf, L50, M|\n|poke|p2|Clawitzer, L50, M|\n|poke|p2|Crabominable, L50, M|\n|poke|p2|Garganacl, L50, M|\n|poke|p2|Espathra, L50, M|\n|teampreview|4\n|inactive|Battle timer is ON: inactive players will automatically lose when time's up. (requested by Liber Dragon)\nLiber Dragon has agreed to open team sheets.\n|inactiveoff|Battle timer is now OFF.\nCubito009 has agreed to open team sheets.\n|showteam|p1|Charizard||CharizarditeY|Blaze|HeatWave,WeatherBall,SolarBeam,Protect|||F|||50|]Sneasler||WhiteHerb|Unburden|FakeOut,CloseCombat,DireClaw,Protect|||M|||50|]Garchomp||HabanBerry|RoughSkin|DragonClaw,Earthquake,Protect,RockSlide|||M|||50|]Whimsicott||FocusSash|Prankster|Tailwind,Moonblast,Encore,FakeTears|||F|||50|]Kangaskhan||Kangaskhanite|Scrappy|FakeOut,DoubleEdge,LowKick,SuckerPunch|||F|||50|]Farigiraf||SitrusBerry|ArmorTail|HyperVoice,Psychic,TrickRoom,Protect|||M|||50|\n|showteam|p2|Maushold-Four||FocusSash|FriendGuard|FollowMe,Encore,SuperFang,TidyUp||||||50|]Farigiraf||SitrusBerry|CudChew|DazzlingGleam,TrickRoom,FutureSight,Protect|||M|||50|]Clawitzer||MentalHerb|MegaLauncher|DarkPulse,DragonPulse,HydroPump,AuraSphere|||M|||50|]Crabominable||Crabominite|IronFist|BulkUp,DrainPunch,IceHammer,Crabhammer|||M|||50|]Garganacl||Leftovers|PurifyingSalt|BodyPress,IronDefense,SaltCure,Earthquake|||M|||50|]Espathra||TwistedSpoon|SpeedBoost|CalmMind,DazzlingGleam,LuminaCrash,Roost|||M|||50|\n|\n|t:|1776310267\n|teamsize|p1|4\n|teamsize|p2|4\n|start\n|switch|p1a: Whimsicott|Whimsicott, L50, F|100/100\n|switch|p1b: Charizard|Charizard, L50, F|100/100\n|switch|p2a: Familia|Maushold-Four, L50|100/100\n|switch|p2b: Cortu\u00e1|Farigiraf, L50, M|100/100\n|turn|1\n|\n|t:|1776310294\n|detailschange|p1b: Charizard|Charizard-Mega-Y, L50, F\n|-mega|p1b: Charizard|Charizard|Charizardite Y\n|-weather|SunnyDay|[from] ability: Drought|[of] p1b: Charizard\n|move|p1a: Whimsicott|Fake Tears|p2a: Familia\n|-unboost|p2a: Familia|spd|2\n|move|p2a: Familia|Super Fang|p1a: Whimsicott\n|-damage|p1a: Whimsicott|51/100\n|move|p1b: Charizard|Heat Wave|p2a: Familia|[spread] p2a,p2b\n|-enditem|p2a: Familia|Focus Sash\n|-damage|p2a: Familia|1/100\n|-damage|p2b: Cortu\u00e1|58/100\n|move|p2b: Cortu\u00e1|Trick Room|p2b: Cortu\u00e1\n|-fieldstart|move: Trick Room|[of] p2b: Cortu\u00e1\n|\n|-weather|SunnyDay|[upkeep]\n|upkeep\n|turn|2\n|\n|t:|1776310343\n|move|p2a: Familia|Follow Me|p2a: Familia\n|-singleturn|p2a: Familia|move: Follow Me\n|move|p1a: Whimsicott|Encore|p2a: Familia\n|-start|p2a: Familia|Encore\n|move|p2b: Cortu\u00e1|Future Sight|p1b: Charizard\n|-start|p2b: Cortu\u00e1|move: Future Sight\n|move|p1b: Charizard|Heat Wave|p2a: Familia|[spread] p2a,p2b\n|-damage|p2a: Familia|0 fnt\n|-damage|p2b: Cortu\u00e1|14/100\n|-enditem|p2b: Cortu\u00e1|Sitrus Berry|[eat]\n|-heal|p2b: Cortu\u00e1|38/100|[from] item: Sitrus Berry\n|faint|p2a: Familia\n|\n|-weather|SunnyDay|[upkeep]\n|upkeep\n|\n|t:|1776310359\n|switch|p2a: Camaronc\u00edn|Clawitzer, L50, M|100/100\n|turn|3\n|\n|t:|1776310390\n|switch|p1a: Garchomp|Garchomp, L50, M|100/100\n|move|p1b: Charizard|Protect|p1b: Charizard\n|-singleturn|p1b: Charizard|Protect\n|move|p2a: Camaronc\u00edn|Dragon Pulse|p1b: Charizard\n|-activate|p1b: Charizard|move: Protect\n|move|p2b: Cortu\u00e1|Dazzling Gleam|p1a: Garchomp|[spread] p1a\n|-activate|p1b: Charizard|move: Protect\n|-supereffective|p1a: Garchomp|1\n|-damage|p1a: Garchomp|58/100\n|\n|-weather|SunnyDay|[upkeep]\n|-activate|p2b: Cortu\u00e1|ability: Cud Chew\n|-enditem|p2b: Cortu\u00e1|Sitrus Berry|[eat]\n|-heal|p2b: Cortu\u00e1|63/100|[from] item: Sitrus Berry\n|upkeep\n|turn|4\n|\n|t:|1776310417\n|move|p1a: Garchomp|Protect|p1a: Garchomp\n|-singleturn|p1a: Garchomp|Protect\n|move|p2a: Camaronc\u00edn|Dragon Pulse|p1a: Garchomp\n|-activate|p1a: Garchomp|move: Protect\n|move|p2b: Cortu\u00e1|Dazzling Gleam|p1b: Charizard|[spread] p1b\n|-activate|p1a: Garchomp|move: Protect\n|-resisted|p1b: Charizard|1\n|-damage|p1b: Charizard|91/100\n|move|p1b: Charizard|Solar Beam||[still]\n|-prepare|p1b: Charizard|Solar Beam\n|-anim|p1b: Charizard|Solar Beam|p2a: Camaronc\u00edn\n|-supereffective|p2a: Camaronc\u00edn|1\n|-damage|p2a: Camaronc\u00edn|0 fnt\n|faint|p2a: Camaronc\u00edn\n|\n|-weather|SunnyDay|[upkeep]\n|-end|p1b: Charizard|move: Future Sight\n|-damage|p1b: Charizard|27/100\n|upkeep\n|\n|t:|1776310428\n|switch|p2a: Bodriominable|Crabominable, L50, M|100/100\n|turn|5\n|\n|t:|1776310461\n|detailschange|p2a: Bodriominable|Crabominable-Mega, L50, M\n|-mega|p2a: Bodriominable|Crabominable|Crabominite\n|move|p2b: Cortu\u00e1|Protect|p2b: Cortu\u00e1\n|-singleturn|p2b: Cortu\u00e1|Protect\n|move|p1b: Charizard|Protect|p1b: Charizard\n|-singleturn|p1b: Charizard|Protect\n|move|p2a: Bodriominable|Ice Hammer|p1a: Garchomp\n|-supereffective|p1a: Garchomp|2\n|-damage|p1a: Garchomp|0 fnt\n|-unboost|p2a: Bodriominable|spe|1\n|-damage|p2a: Bodriominable|88/100|[from] ability: Rough Skin|[of] p1a: Garchomp\n|faint|p1a: Garchomp\n|\n|-weather|none\n|-fieldend|move: Trick Room\n|upkeep\n|\n|t:|1776310476\n|switch|p1a: Sneasler|Sneasler, L50, M|100/100\n|turn|6\n|\n|t:|1776310492\n|move|p2b: Cortu\u00e1|Protect||[still]\n|-fail|p2b: Cortu\u00e1\n|move|p1a: Sneasler|Fake Out|p2b: Cortu\u00e1\n|-damage|p2b: Cortu\u00e1|48/100\n|move|p1b: Charizard|Heat Wave|p2b: Cortu\u00e1|[spread] p2a,p2b\n|-supereffective|p2a: Bodriominable|1\n|-damage|p2a: Bodriominable|28/100\n|-damage|p2b: Cortu\u00e1|10/100\n|move|p2a: Bodriominable|Ice Hammer|p1b: Charizard\n|-damage|p1b: Charizard|0 fnt\n|-unboost|p2a: Bodriominable|spe|1\n|faint|p1b: Charizard\n|\n|upkeep\n|\n|t:|1776310503\n|switch|p1b: Whimsicott|Whimsicott, L50, F|51/100\n|turn|7\n|\n|t:|1776310520\n|move|p1a: Sneasler|Close Combat|p2a: Bodriominable\n|-supereffective|p2a: Bodriominable|1\n|-damage|p2a: Bodriominable|0 fnt\n|-unboost|p1a: Sneasler|def|1\n|-unboost|p1a: Sneasler|spd|1\n|faint|p2a: Bodriominable\n|-enditem|p1a: Sneasler|White Herb\n|-clearnegativeboost|p1a: Sneasler|[silent]\n|move|p1b: Whimsicott|Moonblast|p2b: Cortu\u00e1\n|-damage|p2b: Cortu\u00e1|0 fnt\n|faint|p2b: Cortu\u00e1\n|\n|win|Liber Dragon\n",
  "uploadtime": 1776310534,
  "views": 21,
  "formatid": "gen9championsvgc2026regma",
  "rating": null,
  "private": 0,
  "password": null
}