{
  "id": "gen9championsvgc2026regma-2583487127",
  "format": "[Gen 9 Champions] VGC 2026 Reg M-A",
  "players": [
    "monsieur.sewy",
    "takethephilpill"
  ],
  "log": "|j|\u2606monsieur.sewy\n|j|\u2606takethephilpill\n|t:|1776178766\n|gametype|doubles\n|player|p1|monsieur.sewy|266|1000\n|player|p2|takethephilpill|#ptplviistarmies|1058\n|gen|9\n|tier|[Gen 9 Champions] VGC 2026 Reg M-A\n|rated|\n|rule|Species Clause: Limit one of each Pok\u00e9mon\n|rule|Item Clause: Limit 1 of each item\n|clearpoke\n|poke|p1|Gengar, L50, F|\n|poke|p1|Gliscor, L50, M|\n|poke|p1|Incineroar, L50, M|\n|poke|p1|Chandelure, L50, M|\n|poke|p1|Palafin, L50, M|\n|poke|p1|Tyranitar, L50, F|\n|poke|p2|Watchog, L50, M|\n|poke|p2|Aegislash, L50, M|\n|poke|p2|Arcanine, L50, M|\n|poke|p2|Froslass, L50, F|\n|poke|p2|Primarina, L50, F|\n|poke|p2|Floette-Eternal, L50, F|\n|teampreview|4\n|inactive|Battle timer is ON: inactive players will automatically lose when time's up. (requested by takethephilpill)\n|\n|t:|1776178778\n|teamsize|p1|4\n|teamsize|p2|4\n|start\n|switch|p1a: Gengar|Gengar, L50, F|100/100\n|switch|p1b: Gliscor|Gliscor, L50, M|100/100\n|switch|p2a: Watchog|Watchog, L50, M|100/100\n|switch|p2b: Froslass|Froslass, L50, F|100/100\n|turn|1\n|\n|t:|1776178802\n|switch|p2b: Primarina|Primarina, L50, F|100/100\n|detailschange|p1a: Gengar|Gengar-Mega, L50, F\n|-mega|p1a: Gengar|Gengar|Gengarite\n|move|p1a: Gengar|Protect|p1a: Gengar\n|-singleturn|p1a: Gengar|Protect\n|move|p1b: Gliscor|Knock Off|p2b: Primarina\n|-resisted|p2b: Primarina|1\n|-damage|p2b: Primarina|83/100\n|-enditem|p2b: Primarina|Leftovers|[from] move: Knock Off|[of] p1b: Gliscor\n|move|p2a: Watchog|Thunder Wave|p1a: Gengar\n|-activate|p1a: Gengar|move: Protect\n|\n|upkeep\n|turn|2\n|\n|t:|1776178818\n|move|p1a: Gengar|Perish Song|p1a: Gengar\n|-start|p1a: Gengar|perish3|[silent]\n|-start|p1b: Gliscor|perish3|[silent]\n|-start|p2a: Watchog|perish3|[silent]\n|-start|p2b: Primarina|perish3|[silent]\n|-fieldactivate|move: Perish Song\n|move|p1b: Gliscor|U-turn|p2a: Watchog\n|-damage|p2a: Watchog|62/100\n|\n|t:|1776178822\n|switch|p1b: Incineroar|Incineroar, L50, M|100/100|[from] U-turn\n|-ability|p1b: Incineroar|Intimidate|boost\n|-unboost|p2a: Watchog|atk|1\n|-unboost|p2b: Primarina|atk|1\n|move|p2a: Watchog|Thunder Wave|p1a: Gengar\n|-status|p1a: Gengar|par\n|move|p2b: Primarina|Blizzard|p1b: Incineroar|[spread] \n|-miss|p2b: Primarina|p1a: Gengar\n|-miss|p2b: Primarina|p1b: Incineroar\n|\n|-start|p2a: Watchog|perish3\n|-start|p1a: Gengar|perish3\n|-start|p2b: Primarina|perish3\n|upkeep\n|turn|3\n|\n|t:|1776178844\n|move|p1b: Incineroar|Fake Out|p2a: Watchog\n|-damage|p2a: Watchog|44/100\n|cant|p2a: Watchog|flinch\n|move|p1a: Gengar|Will-O-Wisp|p2a: Watchog\n|-status|p2a: Watchog|brn\n|move|p2b: Primarina|Hyper Voice|p1a: Gengar|[spread] p1a,p1b\n|-supereffective|p1b: Incineroar|1\n|-crit|p1b: Incineroar\n|-damage|p1a: Gengar|54/100 par\n|-damage|p1b: Incineroar|22/100\n|\n|-heal|p1b: Incineroar|28/100|[from] item: Leftovers\n|-damage|p2a: Watchog|38/100 brn|[from] brn\n|-start|p2a: Watchog|perish2\n|-start|p1a: Gengar|perish2\n|-start|p2b: Primarina|perish2\n|upkeep\n|turn|4\n|\n|t:|1776178859\n|move|p1a: Gengar|Protect|p1a: Gengar\n|-singleturn|p1a: Gengar|Protect\n|move|p2a: Watchog|Thunder Wave|p1b: Incineroar\n|-status|p1b: Incineroar|par\n|move|p2b: Primarina|Hyper Voice|p1a: Gengar|[spread] p1b\n|-activate|p1a: Gengar|move: Protect\n|-supereffective|p1b: Incineroar|1\n|-damage|p1b: Incineroar|0 fnt\n|faint|p1b: Incineroar\n|\n|-damage|p2a: Watchog|33/100 brn|[from] brn\n|-start|p2a: Watchog|perish1\n|-start|p1a: Gengar|perish1\n|-start|p2b: Primarina|perish1\n|upkeep\n|\n|t:|1776178874\n|switch|p1b: Palafin|Palafin, L50, M|100/100\n|turn|5\n|\n|t:|1776178891\n|switch|p1a: Gliscor|Gliscor, L50, M|100/100\n|move|p1b: Palafin|Flip Turn|p2b: Primarina\n|-resisted|p2b: Primarina|1\n|-damage|p2b: Primarina|67/100\n|\n|t:|1776178897\n|detailschange|p1b: Palafin|Palafin-Hero, L50, M\n|switch|p1b: Gengar|Gengar-Mega, L50, F|54/100 par|[from] Flip Turn\n|move|p2a: Watchog|Thunder Wave|p1b: Gengar\n|-fail|p1b: Gengar|par\n|move|p2b: Primarina|Moonblast|p1a: Gliscor\n|-crit|p1a: Gliscor\n|-enditem|p1a: Gliscor|Focus Sash\n|-damage|p1a: Gliscor|1/100\n|\n|-damage|p2a: Watchog|27/100 brn|[from] brn\n|-start|p2a: Watchog|perish0\n|-start|p2b: Primarina|perish0\n|upkeep\n|faint|p2a: Watchog\n|faint|p2b: Primarina\n|\n|t:|1776178904\n|switch|p2a: Froslass|Froslass, L50, F|100/100\n|switch|p2b: Floette|Floette-Eternal, L50, F|100/100\n|turn|6\n|\n|t:|1776178923\n|detailschange|p2b: Floette|Floette-Mega, L50, F\n|-mega|p2b: Floette|Floette|Floettite\n|-ability|p2b: Floette|Fairy Aura\n|move|p2a: Froslass|Shadow Ball|p1b: Gengar\n|-supereffective|p1b: Gengar|1\n|-damage|p1b: Gengar|0 fnt\n|faint|p1b: Gengar\n|move|p1a: Gliscor|Knock Off|p2a: Froslass\n|-supereffective|p2a: Froslass|1\n|-damage|p2a: Froslass|38/100\n|move|p2b: Floette|Dazzling Gleam|p1a: Gliscor\n|-damage|p1a: Gliscor|0 fnt\n|faint|p1a: Gliscor\n|\n|upkeep\n|\n|t:|1776178935\n|switch|p1b: Palafin|Palafin-Hero, L50, M|100/100\n|-activate|p1b: Palafin|ability: Zero to Hero\n|turn|7\n|\n|t:|1776178952\n|move|p2a: Froslass|Aurora Veil||[still]\n|-fail|p2a: Froslass\n|move|p1b: Palafin|Liquidation|p2b: Floette\n|-damage|p2b: Floette|22/100\n|-unboost|p2b: Floette|def|1\n|move|p2b: Floette|Giga Drain|p1b: Palafin\n|-supereffective|p1b: Palafin|1\n|-damage|p1b: Palafin|18/100\n|-heal|p2b: Floette|65/100|[from] drain|[of] p1b: Palafin\n|\n|upkeep\n|turn|8\n|\n|t:|1776178960\n|move|p2a: Froslass|Shadow Ball|p1b: Palafin\n|-damage|p1b: Palafin|0 fnt\n|faint|p1b: Palafin\n|\n|win|takethephilpill\n|raw|monsieur.sewy's rating: 1000 &rarr; <strong>1000</strong><br />(+0 for losing)\n|raw|takethephilpill's rating: 1058 &rarr; <strong>1084</strong><br />(+26 for winning)\n",
  "uploadtime": 1776178962,
  "views": 19,
  "formatid": "gen9championsvgc2026regma",
  "rating": 1000,
  "private": 0,
  "password": null
}