{
  "id": "gen9championsvgc2026regma-2586444696",
  "format": "[Gen 9 Champions] VGC 2026 Reg M-A",
  "players": [
    "reggie1000",
    "jnvjewvn"
  ],
  "log": "|j|\u2606reggie1000\n|j|\u2606jnvjewvn\n|t:|1776435145\n|gametype|doubles\n|player|p1|reggie1000|265|1095\n|player|p2|jnvjewvn|infielder|1013\n|gen|9\n|tier|[Gen 9 Champions] VGC 2026 Reg M-A\n|rated|\n|rule|Species Clause: Limit one of each Pok\u00e9mon\n|rule|Item Clause: Limit 1 of each item\n|clearpoke\n|poke|p1|Scovillain, L50, M|\n|poke|p1|Dragapult, L50, F|\n|poke|p1|Sinistcha-Masterpiece, L50|\n|poke|p1|Tauros-Paldea-Aqua, L50, M|\n|poke|p1|Talonflame, L50, F|\n|poke|p1|Farigiraf, L50, M|\n|poke|p2|Sneasler, L50, F|\n|poke|p2|Rotom-Wash, L50|\n|poke|p2|Basculegion, L50, M|\n|poke|p2|Pelipper, L50, F|\n|poke|p2|Sinistcha, L50|\n|poke|p2|Charizard, L50, F|\n|teampreview|4\n|\n|t:|1776435159\n|teamsize|p1|4\n|teamsize|p2|4\n|start\n|switch|p1a: Can't touch this|Scovillain, L50, M|100/100\n|switch|p1b: Have my babies|Dragapult, L50, F|100/100\n|switch|p2a: Basculegion|Basculegion, L50, M|100/100\n|switch|p2b: Pelipper|Pelipper, L50, F|100/100\n|-weather|RainDance|[from] ability: Drizzle|[of] p2b: Pelipper\n|turn|1\n|\n|t:|1776435197\n|move|p1a: Can't touch this|Protect|p1a: Can't touch this\n|-singleturn|p1a: Can't touch this|Protect\n|move|p1b: Have my babies|Reflect|p1b: Have my babies\n|-sidestart|p1: reggie1000|Reflect\n|move|p2a: Basculegion|Icy Wind|p1b: Have my babies|[spread] p1b\n|-activate|p1a: Can't touch this|move: Protect\n|-supereffective|p1b: Have my babies|1\n|-damage|p1b: Have my babies|82/100\n|move|p2b: Pelipper|Hurricane|p1a: Can't touch this\n|-activate|p1a: Can't touch this|move: Protect\n|\n|-weather|RainDance|[upkeep]\n|-ability|p1a: Can't touch this|Moody|boost\n|-boost|p1a: Can't touch this|spe|2\n|-unboost|p1a: Can't touch this|atk|1\n|upkeep\n|turn|2\n|\n|t:|1776435217\n|move|p1b: Have my babies|Light Screen|p1b: Have my babies\n|-sidestart|p1: reggie1000|move: Light Screen\n|move|p1a: Can't touch this|Giga Drain|p2a: Basculegion\n|-supereffective|p2a: Basculegion|1\n|-damage|p2a: Basculegion|41/100\n|move|p2a: Basculegion|Icy Wind|p1b: Have my babies|[spread] p1a,p1b\n|-supereffective|p1b: Have my babies|1\n|-damage|p1a: Can't touch this|95/100\n|-damage|p1b: Have my babies|69/100\n|-unboost|p1a: Can't touch this|spe|1\n|move|p2b: Pelipper|Hurricane|p1a: Can't touch this\n|-supereffective|p1a: Can't touch this|1\n|-damage|p1a: Can't touch this|24/100\n|\n|-weather|RainDance|[upkeep]\n|-ability|p1a: Can't touch this|Moody|boost\n|-boost|p1a: Can't touch this|spe|2\n|-unboost|p1a: Can't touch this|def|1\n|upkeep\n|turn|3\n|\n|t:|1776435254\n|move|p1a: Can't touch this|Giga Drain|p2a: Basculegion\n|-supereffective|p2a: Basculegion|1\n|-damage|p2a: Basculegion|0 fnt\n|-heal|p1a: Can't touch this|52/100|[from] drain|[of] p2a: Basculegion\n|faint|p2a: Basculegion\n|move|p1b: Have my babies|Disable|p2b: Pelipper\n|-start|p2b: Pelipper|Disable|Hurricane\n|cant|p2b: Pelipper|Disable|Hurricane\n|\n|-weather|RainDance|[upkeep]\n|-ability|p1a: Can't touch this|Moody|boost\n|-boost|p1a: Can't touch this|def|2\n|-unboost|p1a: Can't touch this|atk|1\n|upkeep\n|\n|t:|1776435266\n|switch|p2a: Rotom|Rotom-Wash, L50|100/100\n|turn|4\n|\n|t:|1776435284\n|detailschange|p1a: Can't touch this|Scovillain-Mega, L50, M\n|-mega|p1a: Can't touch this|Scovillain|Scovillainite\n|move|p1a: Can't touch this|Giga Drain|p2a: Rotom\n|-supereffective|p2a: Rotom|1\n|-damage|p2a: Rotom|25/100\n|-heal|p1a: Can't touch this|80/100|[from] drain|[of] p2a: Rotom\n|-enditem|p2a: Rotom|Sitrus Berry|[eat]\n|-heal|p2a: Rotom|49/100|[from] item: Sitrus Berry\n|move|p1b: Have my babies|Dragon Darts|p2b: Pelipper\n|-damage|p2b: Pelipper|80/100\n|-anim|p1b: Have my babies|Dragon Darts|p2a: Rotom\n|-damage|p2a: Rotom|23/100\n|move|p2a: Rotom|Hydro Pump|p1a: Can't touch this\n|-damage|p1a: Can't touch this|39/100\n|-status|p2a: Rotom|brn|[from] ability: Spicy Spray|[of] p1a: Can't touch this\n|move|p2b: Pelipper|Weather Ball|p1a: Can't touch this\n|-damage|p1a: Can't touch this|6/100\n|-status|p2b: Pelipper|brn|[from] ability: Spicy Spray|[of] p1a: Can't touch this\n|\n|-weather|RainDance|[upkeep]\n|-damage|p2a: Rotom|17/100 brn|[from] brn\n|-damage|p2b: Pelipper|74/100 brn|[from] brn\n|upkeep\n|turn|5\n|-message|jnvjewvn forfeited.\n|\n|win|reggie1000\n|raw|reggie1000's rating: 1095 &rarr; <strong>1115</strong><br />(+20 for winning)\n|raw|jnvjewvn's rating: 1013 &rarr; <strong>1004</strong><br />(-9 for losing)\n|l|\u2606jnvjewvn\n|player|p2|\n",
  "uploadtime": 1776435306,
  "views": 23,
  "formatid": "gen9championsvgc2026regma",
  "rating": 1004,
  "private": 0,
  "password": null
}