{
  "id": "gen9championsvgc2026regma-2583665458",
  "format": "[Gen 9 Champions] VGC 2026 Reg M-A",
  "players": [
    "IamDuckVO",
    "A5h3r"
  ],
  "log": "|j|\u2606IamDuckVO\n|j|\u2606A5h3r\n|t:|1776189708\n|gametype|doubles\n|player|p1|IamDuckVO|emmet|1164\n|player|p2|A5h3r|alder|1109\n|gen|9\n|tier|[Gen 9 Champions] VGC 2026 Reg M-A\n|rated|\n|rule|Species Clause: Limit one of each Pok\u00e9mon\n|rule|Item Clause: Limit 1 of each item\n|clearpoke\n|poke|p1|Charizard, L50, M|\n|poke|p1|Incineroar, L50, F|\n|poke|p1|Whimsicott, L50, M|\n|poke|p1|Garchomp, L50, F|\n|poke|p1|Sylveon, L50, F|\n|poke|p1|Venusaur, L50, M|\n|poke|p2|Pelipper, L50, F|\n|poke|p2|Starmie, L50|\n|poke|p2|Archaludon, L50, F|\n|poke|p2|Sneasler, L50, F|\n|poke|p2|Garchomp, L50, F|\n|poke|p2|Meganium, L50, F|\n|teampreview|4\n|c|\u2606A5h3r|glhf\n|\n|t:|1776189749\n|teamsize|p1|4\n|teamsize|p2|4\n|start\n|switch|p1a: Charizard|Charizard, L50, M|100/100\n|switch|p1b: Venusaur|Venusaur, L50, M|100/100\n|switch|p2a: bite|Garchomp, L50, F|100/100\n|switch|p2b: Rocc Climbing|Sneasler, L50, F, shiny|100/100\n|turn|1\n|\n|t:|1776189784\n|detailschange|p1a: Charizard|Charizard-Mega-Y, L50, M\n|-mega|p1a: Charizard|Charizard|Charizardite Y\n|-weather|SunnyDay|[from] ability: Drought|[of] p1a: Charizard\n|move|p1a: Charizard|Protect|p1a: Charizard\n|-singleturn|p1a: Charizard|Protect\n|move|p2b: Rocc Climbing|Fake Out|p1b: Venusaur\n|-damage|p1b: Venusaur|82/100\n|cant|p1b: Venusaur|flinch\n|move|p2a: bite|Rock Slide|p1b: Venusaur|[spread] p1b\n|-activate|p1a: Charizard|move: Protect\n|-damage|p1b: Venusaur|57/100\n|\n|-weather|SunnyDay|[upkeep]\n|upkeep\n|turn|2\n|\n|t:|1776189809\n|switch|p2b: DUMPSTER|Pelipper, L50, F|100/100\n|-weather|RainDance|[from] ability: Drizzle|[of] p2b: DUMPSTER\n|switch|p1a: Incineroar|Incineroar, L50, F|100/100\n|-ability|p1a: Incineroar|Intimidate|boost\n|-unboost|p2a: bite|atk|1\n|-unboost|p2b: DUMPSTER|atk|1\n|move|p2a: bite|Rock Slide|p1b: Venusaur|[spread] p1b\n|-miss|p2a: bite|p1a: Incineroar\n|-crit|p1b: Venusaur\n|-damage|p1b: Venusaur|21/100\n|cant|p1b: Venusaur|flinch\n|\n|-weather|RainDance|[upkeep]\n|upkeep\n|turn|3\n|\n|t:|1776189830\n|move|p1a: Incineroar|Fake Out|p2a: bite\n|-damage|p2a: bite|89/100\n|-damage|p1a: Incineroar|88/100|[from] ability: Rough Skin|[of] p2a: bite\n|cant|p2a: bite|flinch\n|move|p1b: Venusaur|Giga Drain|p2b: DUMPSTER\n|-damage|p2b: DUMPSTER|31/100\n|-heal|p1b: Venusaur|51/100|[from] drain|[of] p2b: DUMPSTER\n|move|p2b: DUMPSTER|Tailwind|p2b: DUMPSTER\n|-sidestart|p2: A5h3r|move: Tailwind\n|\n|-weather|RainDance|[upkeep]\n|upkeep\n|turn|4\n|\n|t:|1776189852\n|switch|p2b: Rocc Climbing|Sneasler, L50, F, shiny|100/100\n|move|p2a: bite|Rock Slide|p1a: Incineroar|[spread] p1a,p1b\n|-supereffective|p1a: Incineroar|1\n|-damage|p1a: Incineroar|67/100\n|-damage|p1b: Venusaur|34/100\n|move|p1b: Venusaur|Giga Drain|p2b: Rocc Climbing\n|-resisted|p2b: Rocc Climbing|1\n|-damage|p2b: Rocc Climbing|70/100\n|-heal|p1b: Venusaur|49/100|[from] drain|[of] p2b: Rocc Climbing\n|move|p1a: Incineroar|Darkest Lariat|p2b: Rocc Climbing\n|-resisted|p2b: Rocc Climbing|1\n|-damage|p2b: Rocc Climbing|39/100\n|\n|-weather|RainDance|[upkeep]\n|upkeep\n|turn|5\n|\n|t:|1776189878\n|move|p2b: Rocc Climbing|Fake Out|p1b: Venusaur\n|-damage|p1b: Venusaur|29/100\n|move|p2a: bite|Rock Slide|p1b: Venusaur|[spread] p1a,p1b\n|-supereffective|p1a: Incineroar|1\n|-damage|p1a: Incineroar|44/100\n|-damage|p1b: Venusaur|10/100\n|-enditem|p1a: Incineroar|Sitrus Berry|[eat]\n|-heal|p1a: Incineroar|68/100|[from] item: Sitrus Berry\n|cant|p1b: Venusaur|flinch\n|cant|p1a: Incineroar|flinch\n|\n|-weather|RainDance|[upkeep]\n|upkeep\n|turn|6\n|\n|t:|1776189897\n|move|p1b: Venusaur|Protect|p1b: Venusaur\n|-singleturn|p1b: Venusaur|Protect\n|move|p2a: bite|Rock Slide|p1b: Venusaur|[spread] \n|-activate|p1b: Venusaur|move: Protect\n|-miss|p2a: bite|p1a: Incineroar\n|move|p2b: Rocc Climbing|Close Combat|p1a: Incineroar\n|-supereffective|p1a: Incineroar|1\n|-damage|p1a: Incineroar|0 fnt\n|-unboost|p2b: Rocc Climbing|def|1\n|-unboost|p2b: Rocc Climbing|spd|1\n|faint|p1a: Incineroar\n|\n|-weather|none\n|-sideend|p2: A5h3r|move: Tailwind\n|upkeep\n|\n|t:|1776189911\n|switch|p1a: Sylveon|Sylveon, L50, F|100/100\n|turn|7\n|\n|t:|1776189922\n|switch|p2a: STRUT IT|Starmie, L50, shiny|100/100\n|move|p2b: Rocc Climbing|Coaching|p2a: STRUT IT\n|-boost|p2a: STRUT IT|atk|1\n|-boost|p2a: STRUT IT|def|1\n|move|p1b: Venusaur|Giga Drain|p2b: Rocc Climbing\n|-resisted|p2b: Rocc Climbing|1\n|-damage|p2b: Rocc Climbing|0 fnt\n|-heal|p1b: Venusaur|29/100|[from] drain|[of] p2b: Rocc Climbing\n|faint|p2b: Rocc Climbing\n|move|p1a: Sylveon|Hyper Voice|p2a: STRUT IT\n|-damage|p2a: STRUT IT|13/100\n|\n|upkeep\n|\n|t:|1776189943\n|switch|p2b: bite|Garchomp, L50, F|89/100\n|turn|8\n|\n|t:|1776189961\n|detailschange|p2a: STRUT IT|Starmie-Mega, L50, shiny\n|-mega|p2a: STRUT IT|Starmie|Starminite\n|move|p1b: Venusaur|Protect|p1b: Venusaur\n|-singleturn|p1b: Venusaur|Protect\n|move|p2b: bite|Rock Slide|p1a: Sylveon|[spread] p1a\n|-activate|p1b: Venusaur|move: Protect\n|-damage|p1a: Sylveon|78/100\n|move|p2a: STRUT IT|Liquidation|p1a: Sylveon\n|-crit|p1a: Sylveon\n|-damage|p1a: Sylveon|0 fnt\n|faint|p1a: Sylveon\n|\n|upkeep\n|\n|t:|1776189973\n|switch|p1a: Charizard|Charizard-Mega-Y, L50, M|100/100\n|-weather|SunnyDay|[from] ability: Drought|[of] p1a: Charizard\n|turn|9\n|\n|t:|1776190002\n|move|p2a: STRUT IT|Aqua Jet|p1a: Charizard\n|-supereffective|p1a: Charizard|1\n|-damage|p1a: Charizard|26/100\n|move|p1b: Venusaur|Giga Drain|p2a: STRUT IT\n|-supereffective|p2a: STRUT IT|1\n|-damage|p2a: STRUT IT|0 fnt\n|-heal|p1b: Venusaur|35/100|[from] drain|[of] p2a: STRUT IT\n|faint|p2a: STRUT IT\n|move|p2b: bite|Rock Slide|p1b: Venusaur|[spread] p1a,p1b\n|-supereffective|p1a: Charizard|2\n|-damage|p1a: Charizard|0 fnt\n|-damage|p1b: Venusaur|8/100\n|faint|p1a: Charizard\n|\n|-weather|SunnyDay|[upkeep]\n|upkeep\n|-message|IamDuckVO forfeited.\n|\n|win|A5h3r\n|raw|IamDuckVO's rating: 1164 &rarr; <strong>1135</strong><br />(-29 for losing)\n|raw|A5h3r's rating: 1109 &rarr; <strong>1138</strong><br />(+29 for winning)\n|l|\u2606IamDuckVO\n|player|p1|\n",
  "uploadtime": 1776190023,
  "views": 20,
  "formatid": "gen9championsvgc2026regma",
  "rating": 1135,
  "private": 0,
  "password": null
}