{
  "id": "gen9championsvgc2026regma-2583722010",
  "format": "[Gen 9 Champions] VGC 2026 Reg M-A",
  "players": [
    "Mask4M",
    "sixthsavior"
  ],
  "log": "|j|\u2606Mask4M\n|j|\u2606sixthsavior\n|t:|1776193230\n|gametype|doubles\n|player|p1|Mask4M|101|1090\n|player|p2|sixthsavior|102|1069\n|gen|9\n|tier|[Gen 9 Champions] VGC 2026 Reg M-A\n|rated|\n|rule|Species Clause: Limit one of each Pok\u00e9mon\n|rule|Item Clause: Limit 1 of each item\n|clearpoke\n|poke|p1|Glimmora, L50, M|\n|poke|p1|Dragonite, L50, M|\n|poke|p1|Sneasler, L50, F|\n|poke|p1|Incineroar, L50, M|\n|poke|p1|Whimsicott, L50, F|\n|poke|p1|Rotom-Wash, L50|\n|poke|p2|Scovillain, L50, M|\n|poke|p2|Azumarill, L50, M|\n|poke|p2|Starmie, L50|\n|poke|p2|Maushold-Four, L50|\n|poke|p2|Sinistcha-Masterpiece, L50|\n|poke|p2|Pelipper, L50, M|\n|teampreview|4\n|inactive|Battle timer is ON: inactive players will automatically lose when time's up. (requested by Mask4M)\n|inactive|Mask4M has 60 seconds left.\n|\n|t:|1776193281\n|teamsize|p1|4\n|teamsize|p2|4\n|start\n|switch|p1a: Incineroar|Incineroar, L50, M|100/100\n|switch|p1b: Whimsicott|Whimsicott, L50, F|100/100\n|switch|p2a: Scovillain|Scovillain, L50, M|100/100\n|switch|p2b: Azumarill|Azumarill, L50, M|100/100\n|-ability|p1a: Incineroar|Intimidate|boost\n|-unboost|p2a: Scovillain|atk|1\n|-unboost|p2b: Azumarill|atk|1\n|turn|1\n|inactive|Mask4M has 30 seconds left.\n|inactive|Mask4M has 20 seconds left.\n|inactive|Mask4M has 15 seconds left.\n|\n|t:|1776193321\n|detailschange|p2a: Scovillain|Scovillain-Mega, L50, M\n|-mega|p2a: Scovillain|Scovillain|Scovillainite\n|move|p2b: Azumarill|Protect|p2b: Azumarill\n|-singleturn|p2b: Azumarill|Protect\n|move|p2a: Scovillain|Rage Powder|p2a: Scovillain\n|-singleturn|p2a: Scovillain|move: Rage Powder\n|move|p1b: Whimsicott|Tailwind|p1b: Whimsicott\n|-sidestart|p1: Mask4M|move: Tailwind\n|move|p1a: Incineroar|Parting Shot|p2a: Scovillain\n|-unboost|p2a: Scovillain|atk|1\n|-unboost|p2a: Scovillain|spa|1\n|\n|t:|1776193333\n|switch|p1a: Rotom|Rotom-Wash, L50|100/100|[from] Parting Shot\n|\n|upkeep\n|turn|2\n|inactive|Mask4M has 30 seconds left.\n|\n|t:|1776193358\n|switch|p1a: Incineroar|Incineroar, L50, M|100/100\n|-ability|p1a: Incineroar|Intimidate|boost\n|-unboost|p2a: Scovillain|atk|1\n|-unboost|p2b: Azumarill|atk|1\n|move|p2a: Scovillain|Rage Powder|p2a: Scovillain\n|-singleturn|p2a: Scovillain|move: Rage Powder\n|move|p1b: Whimsicott|Taunt|p2a: Scovillain\n|-start|p2a: Scovillain|move: Taunt\n|move|p2b: Azumarill|Belly Drum|p2b: Azumarill\n|-damage|p2b: Azumarill|51/100\n|-setboost|p2b: Azumarill|atk|6|[from] move: Belly Drum\n|\n|upkeep\n|turn|3\n|inactive|sixthsavior has 30 seconds left.\n|\n|t:|1776193385\n|switch|p1b: Rotom|Rotom-Wash, L50|100/100\n|switch|p2a: Pelipper|Pelipper, L50, M|100/100\n|-weather|RainDance|[from] ability: Drizzle|[of] p2a: Pelipper\n|move|p1a: Incineroar|Fake Out|p2b: Azumarill\n|-crit|p2b: Azumarill\n|-damage|p2b: Azumarill|36/100\n|-enditem|p2b: Azumarill|Sitrus Berry|[eat]\n|-heal|p2b: Azumarill|60/100|[from] item: Sitrus Berry\n|cant|p2b: Azumarill|flinch\n|\n|-weather|RainDance|[upkeep]\n|upkeep\n|turn|4\n|\n|t:|1776193405\n|switch|p1a: Whimsicott|Whimsicott, L50, F|100/100\n|switch|p2a: Scovillain|Scovillain-Mega, L50, M|100/100\n|move|p2b: Azumarill|Protect|p2b: Azumarill\n|-singleturn|p2b: Azumarill|Protect\n|move|p1b: Rotom|Thunderbolt|p2b: Azumarill\n|-activate|p2b: Azumarill|move: Protect\n|\n|-weather|RainDance|[upkeep]\n|-sideend|p1: Mask4M|move: Tailwind\n|upkeep\n|turn|5\n|\n|t:|1776193423\n|move|p2a: Scovillain|Rage Powder|p2a: Scovillain\n|-singleturn|p2a: Scovillain|move: Rage Powder\n|move|p1a: Whimsicott|Taunt|p2a: Scovillain\n|-start|p2a: Scovillain|move: Taunt\n|move|p2b: Azumarill|Aqua Jet|p1a: Whimsicott\n|-resisted|p1a: Whimsicott|1\n|-damage|p1a: Whimsicott|23/100\n|move|p1b: Rotom|Thunderbolt|p2a: Scovillain\n|-resisted|p2a: Scovillain|1\n|-damage|p2a: Scovillain|81/100\n|-status|p1b: Rotom|brn|[from] ability: Spicy Spray|[of] p2a: Scovillain\n|\n|-weather|RainDance|[upkeep]\n|-damage|p1b: Rotom|95/100 brn|[from] brn\n|upkeep\n|turn|6\n|\n|t:|1776193444\n|switch|p2a: Maushold|Maushold-Four, L50|100/100\n|move|p2b: Azumarill|Protect|p2b: Azumarill\n|-singleturn|p2b: Azumarill|Protect\n|move|p1a: Whimsicott|Tailwind|p1a: Whimsicott\n|-sidestart|p1: Mask4M|move: Tailwind\n|move|p1b: Rotom|Thunderbolt|p2b: Azumarill\n|-activate|p2b: Azumarill|move: Protect\n|\n|-weather|RainDance|[upkeep]\n|-damage|p1b: Rotom|89/100 brn|[from] brn\n|upkeep\n|turn|7\n|inactive|Mask4M has 30 seconds left.\n|\n|t:|1776193474\n|switch|p1a: Incineroar|Incineroar, L50, M|100/100\n|-ability|p1a: Incineroar|Intimidate|boost\n|-unboost|p2a: Maushold|atk|1\n|-unboost|p2b: Azumarill|atk|1\n|move|p1b: Rotom|Thunderbolt|p2a: Maushold\n|-damage|p2a: Maushold|49/100\n|-status|p2a: Maushold|par\n|move|p2a: Maushold|After You|p2b: Azumarill\n|-activate|p2b: Azumarill|move: After You\n|move|p2b: Azumarill|Liquidation|p1b: Rotom\n|-resisted|p1b: Rotom|1\n|-damage|p1b: Rotom|0 fnt\n|faint|p1b: Rotom\n|\n|-weather|none\n|upkeep\n|\n|t:|1776193490\n|switch|p1b: Whimsicott|Whimsicott, L50, F|23/100\n|turn|8\n|inactive|Mask4M has 30 seconds left.\n|inactive|Mask4M has 20 seconds left.\n|inactive|Mask4M has 15 seconds left.\n|\n|t:|1776193534\n|switch|p2a: Scovillain|Scovillain-Mega, L50, M|81/100\n|move|p2b: Azumarill|Protect|p2b: Azumarill\n|-singleturn|p2b: Azumarill|Protect\n|move|p1b: Whimsicott|Taunt|p2a: Scovillain\n|-start|p2a: Scovillain|move: Taunt\n|move|p1a: Incineroar|Flare Blitz|p2a: Scovillain\n|-damage|p2a: Scovillain|35/100\n|-immune|p1a: Incineroar\n|-damage|p1a: Incineroar|88/100|[from] Recoil\n|\n|upkeep\n|turn|9\n|\n|t:|1776193556\n|switch|p2a: Pelipper|Pelipper, L50, M|100/100\n|-weather|RainDance|[from] ability: Drizzle|[of] p2a: Pelipper\n|move|p1b: Whimsicott|Encore|p2b: Azumarill\n|-start|p2b: Azumarill|Encore\n|move|p2b: Azumarill|Protect||[still]\n|-fail|p2b: Azumarill\n|move|p1a: Incineroar|Parting Shot|p2b: Azumarill\n|-unboost|p2b: Azumarill|atk|1\n|-unboost|p2b: Azumarill|spa|1\n|\n|t:|1776193565\n|switch|p1a: Glimmora|Glimmora, L50, M|100/100|[from] Parting Shot\n|\n|-weather|RainDance|[upkeep]\n|-sideend|p1: Mask4M|move: Tailwind\n|upkeep\n|turn|10\n|inactive|Mask4M has 30 seconds left.\n|\n|t:|1776193600\n|switch|p2a: Scovillain|Scovillain-Mega, L50, M|35/100\n|detailschange|p1a: Glimmora|Glimmora-Mega, L50, M\n|-mega|p1a: Glimmora|Glimmora|Glimmoranite\n|move|p2b: Azumarill|Protect|p2b: Azumarill\n|-singleturn|p2b: Azumarill|Protect\n|move|p1b: Whimsicott|Tailwind|p1b: Whimsicott\n|-sidestart|p1: Mask4M|move: Tailwind\n|move|p1a: Glimmora|Power Gem|p2a: Scovillain\n|-supereffective|p2a: Scovillain|1\n|-damage|p2a: Scovillain|0 fnt\n|-status|p1a: Glimmora|brn|[from] ability: Spicy Spray|[of] p2a: Scovillain\n|faint|p2a: Scovillain\n|\n|-weather|RainDance|[upkeep]\n|-damage|p1a: Glimmora|95/100 brn|[from] brn\n|upkeep\n|\n|t:|1776193617\n|switch|p2a: Pelipper|Pelipper, L50, M|100/100\n|turn|11\n|\n|t:|1776193633\n|move|p2b: Azumarill|Protect||[still]\n|-fail|p2b: Azumarill\n|move|p1a: Glimmora|Sludge Bomb|p2b: Azumarill\n|-supereffective|p2b: Azumarill|1\n|-damage|p2b: Azumarill|0 fnt\n|faint|p2b: Azumarill\n|move|p1b: Whimsicott|Moonblast|p2a: Pelipper\n|-damage|p2a: Pelipper|42/100\n|move|p2a: Pelipper|Tailwind|p2a: Pelipper\n|-sidestart|p2: sixthsavior|move: Tailwind\n|\n|-weather|RainDance|[upkeep]\n|-damage|p1a: Glimmora|89/100 brn|[from] brn\n|upkeep\n|\n|t:|1776193636\n|switch|p2b: Maushold|Maushold-Four, L50|49/100 par\n|turn|12\n|\n|t:|1776193659\n|move|p1a: Glimmora|Spiky Shield|p1a: Glimmora\n|-singleturn|p1a: Glimmora|move: Protect\n|move|p2b: Maushold|Follow Me|p2b: Maushold\n|-singleturn|p2b: Maushold|move: Follow Me\n|move|p1b: Whimsicott|Taunt|p2b: Maushold\n|-start|p2b: Maushold|move: Taunt\n|move|p2a: Pelipper|Weather Ball|p1b: Whimsicott\n|-resisted|p1b: Whimsicott|1\n|-damage|p1b: Whimsicott|0 fnt\n|faint|p1b: Whimsicott\n|\n|-weather|RainDance|[upkeep]\n|-damage|p1a: Glimmora|83/100 brn|[from] brn\n|upkeep\n|\n|t:|1776193670\n|switch|p1b: Incineroar|Incineroar, L50, M|88/100\n|-ability|p1b: Incineroar|Intimidate|boost\n|-unboost|p2a: Pelipper|atk|1\n|-unboost|p2b: Maushold|atk|1\n|turn|13\n|\n|t:|1776193678\n|move|p1b: Incineroar|Fake Out|p2b: Maushold\n|-damage|p2b: Maushold|36/100 par\n|move|p1a: Glimmora|Power Gem|p2a: Pelipper\n|-supereffective|p2a: Pelipper|1\n|-damage|p2a: Pelipper|0 fnt\n|faint|p2a: Pelipper\n|cant|p2b: Maushold|flinch\n|\n|-weather|none\n|-damage|p1a: Glimmora|78/100 brn|[from] brn\n|-sideend|p1: Mask4M|move: Tailwind\n|upkeep\n|turn|14\n|-message|sixthsavior forfeited.\n|\n|win|Mask4M\n|raw|Mask4M's rating: 1090 &rarr; <strong>1115</strong><br />(+25 for winning)\n|raw|sixthsavior's rating: 1069 &rarr; <strong>1050</strong><br />(-19 for losing)\n|l|\u2606sixthsavior\n|player|p2|\n",
  "uploadtime": 1776193691,
  "views": 30,
  "formatid": "gen9championsvgc2026regma",
  "rating": 1050,
  "private": 0,
  "password": null
}