{
  "id": "gen9championsvgc2026regma-2583706953",
  "format": "[Gen 9 Champions] VGC 2026 Reg M-A",
  "players": [
    "ManuGolem495",
    "droppin em dracs"
  ],
  "log": "|j|\u2606ManuGolem495\n|j|\u2606droppin em dracs\n|t:|1776192277\n|gametype|doubles\n|player|p1|ManuGolem495|265|1032\n|player|p2|droppin em dracs|2|1107\n|gen|9\n|tier|[Gen 9 Champions] VGC 2026 Reg M-A\n|rated|\n|rule|Species Clause: Limit one of each Pok\u00e9mon\n|rule|Item Clause: Limit 1 of each item\n|clearpoke\n|poke|p1|Floette-Eternal, L50, F|\n|poke|p1|Archaludon, L50, F|\n|poke|p1|Pelipper, L50, F|\n|poke|p1|Basculegion, L50, M|\n|poke|p1|Rotom-Fan, L50|\n|poke|p1|Kingambit, L50, F|\n|poke|p2|Golurk, L50|\n|poke|p2|Crabominable, L50, F|\n|poke|p2|Hatterene, L50, F|\n|poke|p2|Sinistcha-Masterpiece, L50|\n|poke|p2|Kingambit, L50, F|\n|poke|p2|Torkoal, L50, M|\n|teampreview|4\n|inactive|Battle timer is ON: inactive players will automatically lose when time's up. (requested by ManuGolem495)\n|\n|t:|1776192308\n|teamsize|p1|4\n|teamsize|p2|4\n|start\n|switch|p1a: Archaludon|Archaludon, L50, F|100/100\n|switch|p1b: Pelipper|Pelipper, L50, F|100/100\n|switch|p2a: Hatterene|Hatterene, L50, F|100/100\n|switch|p2b: Golurk|Golurk, L50, shiny|100/100\n|-weather|RainDance|[from] ability: Drizzle|[of] p1b: Pelipper\n|turn|1\n|\n|t:|1776192327\n|detailschange|p2b: Golurk|Golurk-Mega, L50, shiny\n|-mega|p2b: Golurk|Golurk|Golurkite\n|move|p2b: Golurk|Protect|p2b: Golurk\n|-singleturn|p2b: Golurk|Protect\n|move|p1b: Pelipper|Tailwind|p1b: Pelipper\n|-sidestart|p1: ManuGolem495|move: Tailwind\n|move|p1a: Archaludon|Stealth Rock|p2b: Golurk\n|move|p2a: Hatterene|Stealth Rock|p1a: Archaludon|[from] ability: Magic Bounce\n|-sidestart|p1: ManuGolem495|move: Stealth Rock\n|move|p2a: Hatterene|Trick Room|p2a: Hatterene\n|-fieldstart|move: Trick Room|[of] p2a: Hatterene\n|\n|-weather|RainDance|[upkeep]\n|upkeep\n|turn|2\n|inactive|ManuGolem495 has 30 seconds left.\n|inactive|droppin em dracs has 30 seconds left.\n|inactive|ManuGolem495 has 20 seconds left.\n|inactive|droppin em dracs has 20 seconds left.\n|inactive|droppin em dracs has 15 seconds left.\n|inactive|droppin em dracs has 10 seconds left.\n|inactive|droppin em dracs has 5 seconds left.\n|\n|t:|1776192377\n|move|p2a: Hatterene|Dazzling Gleam|p1a: Archaludon|[spread] p1a,p1b\n|-damage|p1a: Archaludon|75/100\n|-damage|p1b: Pelipper|58/100\n|-ability|p1a: Archaludon|Stamina|boost\n|-boost|p1a: Archaludon|def|1\n|move|p2b: Golurk|Headlong Rush|p1a: Archaludon\n|-supereffective|p1a: Archaludon|1\n|-damage|p1a: Archaludon|0 fnt\n|-unboost|p2b: Golurk|def|1\n|-unboost|p2b: Golurk|spd|1\n|faint|p1a: Archaludon\n|move|p1b: Pelipper|Weather Ball|p2b: Golurk\n|-supereffective|p2b: Golurk|1\n|-damage|p2b: Golurk|0 fnt\n|faint|p2b: Golurk\n|\n|-weather|RainDance|[upkeep]\n|upkeep\n|c|\u2606droppin em dracs|holy\n|c|\u2606droppin em dracs|bro my food js burnt\n|c|\u2606droppin em dracs|no man\n|\n|t:|1776192394\n|switch|p2b: Sinistcha|Sinistcha-Masterpiece, L50|100/100\n|switch|p1a: Basculegion|Basculegion, L50, M|100/100\n|-damage|p1a: Basculegion|88/100|[from] Stealth Rock\n|turn|3\n|inactive|ManuGolem495 has 30 seconds left.\n|\n|t:|1776192425\n|move|p1b: Pelipper|Helping Hand|p1a: Basculegion\n|-singleturn|p1a: Basculegion|Helping Hand|[of] p1b: Pelipper\n|move|p2a: Hatterene|Dazzling Gleam|p1a: Basculegion|[spread] p1a,p1b\n|-damage|p1a: Basculegion|60/100\n|-damage|p1b: Pelipper|18/100\n|move|p2b: Sinistcha|Matcha Gotcha|p1b: Pelipper|[spread] p1a,p1b\n|-supereffective|p1a: Basculegion|1\n|-damage|p1a: Basculegion|11/100\n|-damage|p1b: Pelipper|0 fnt\n|faint|p1b: Pelipper\n|move|p1a: Basculegion|Liquidation|p2a: Hatterene\n|-enditem|p2a: Hatterene|Focus Sash\n|-damage|p2a: Hatterene|1/100\n|\n|-weather|RainDance|[upkeep]\n|upkeep\n|\n|t:|1776192442\n|switch|p1b: Floette|Floette-Eternal, L50, F|100/100\n|-damage|p1b: Floette|88/100|[from] Stealth Rock\n|turn|4\n|\n|t:|1776192452\n|detailschange|p1b: Floette|Floette-Mega, L50, F\n|-mega|p1b: Floette|Floette|Floettite\n|-ability|p1b: Floette|Fairy Aura\n|move|p1a: Basculegion|Aqua Jet|p2a: Hatterene\n|-crit|p2a: Hatterene\n|-damage|p2a: Hatterene|0 fnt\n|faint|p2a: Hatterene\n|move|p2b: Sinistcha|Matcha Gotcha|p1b: Floette|[spread] p1a,p1b\n|-supereffective|p1a: Basculegion|1\n|-damage|p1a: Basculegion|0 fnt\n|-damage|p1b: Floette|68/100\n|faint|p1a: Basculegion\n|move|p1b: Floette|Calm Mind|p1b: Floette\n|-boost|p1b: Floette|spa|1\n|-boost|p1b: Floette|spd|1\n|\n|-weather|RainDance|[upkeep]\n|-sideend|p1: ManuGolem495|move: Tailwind\n|upkeep\n|\n|t:|1776192468\n|switch|p2a: Kingambit|Kingambit, L50, F|100/100\n|turn|5\n|\n|t:|1776192480\n|move|p1b: Floette|Protect|p1b: Floette\n|-singleturn|p1b: Floette|Protect\n|move|p2a: Kingambit|Kowtow Cleave|p1b: Floette\n|-activate|p1b: Floette|move: Protect\n|move|p2b: Sinistcha|Matcha Gotcha|p1b: Floette\n|-activate|p1b: Floette|move: Protect\n|\n|-weather|none\n|-fieldend|move: Trick Room\n|upkeep\n|turn|6\n|\n|t:|1776192495\n|move|p2a: Kingambit|Sucker Punch|p1b: Floette\n|-resisted|p1b: Floette|1\n|-damage|p1b: Floette|35/100\n|move|p1b: Floette|Draining Kiss|p2a: Kingambit\n|-damage|p2a: Kingambit|33/100\n|-heal|p1b: Floette|94/100|[from] drain|[of] p2a: Kingambit\n|move|p2b: Sinistcha|Matcha Gotcha|p1b: Floette\n|-damage|p1b: Floette|74/100\n|\n|upkeep\n|turn|7\n|c|\u2606droppin em dracs|oh PLEASE crit\n|c|\u2606droppin em dracs|PLEASE crit ill do anything if this crit\n|inactive|droppin em dracs has 30 seconds left.\n|c|\u2606droppin em dracs|if this crits\n|c|\u2606droppin em dracs|bro\n|c|\u2606droppin em dracs|ill never do anyth bad or wrong again\n|\n|t:|1776192527\n|move|p2b: Sinistcha|Rage Powder|p2b: Sinistcha\n|-singleturn|p2b: Sinistcha|move: Rage Powder\n|move|p2a: Kingambit|Sucker Punch|p1b: Floette\n|-resisted|p1b: Floette|1\n|-damage|p1b: Floette|43/100\n|move|p1b: Floette|Draining Kiss|p2b: Sinistcha\n|-damage|p2b: Sinistcha|39/100\n|-heal|p1b: Floette|88/100|[from] drain|[of] p2b: Sinistcha\n|\n|upkeep\n|turn|8\n|\n|t:|1776192540\n|move|p2a: Kingambit|Sucker Punch|p1b: Floette\n|-resisted|p1b: Floette|1\n|-damage|p1b: Floette|57/100\n|move|p1b: Floette|Draining Kiss|p2a: Kingambit\n|-damage|p2a: Kingambit|0 fnt\n|-heal|p1b: Floette|86/100|[from] drain|[of] p2a: Kingambit\n|faint|p2a: Kingambit\n|move|p2b: Sinistcha|Life Dew|p2b: Sinistcha\n|-heal|p2b: Sinistcha|64/100\n|\n|upkeep\n|turn|9\n|c|\u2606droppin em dracs|its so over\n|\n|t:|1776192549\n|move|p1b: Floette|Draining Kiss|p2b: Sinistcha\n|-damage|p2b: Sinistcha|9/100\n|-heal|p1b: Floette|100/100|[from] drain|[of] p2b: Sinistcha\n|move|p2b: Sinistcha|Matcha Gotcha|p1b: Floette\n|-damage|p1b: Floette|82/100\n|-heal|p2b: Sinistcha|18/100|[from] drain|[of] p1b: Floette\n|\n|upkeep\n|turn|10\n|\n|t:|1776192564\n|move|p1b: Floette|Draining Kiss|p2b: Sinistcha\n|-damage|p2b: Sinistcha|0 fnt\n|-heal|p1b: Floette|95/100|[from] drain|[of] p2b: Sinistcha\n|faint|p2b: Sinistcha\n|\n|win|ManuGolem495\n|raw|ManuGolem495's rating: 1032 &rarr; <strong>1075</strong><br />(+43 for winning)\n|raw|droppin em dracs's rating: 1107 &rarr; <strong>1077</strong><br />(-30 for losing)\n|l|\u2606ManuGolem495\n|player|p1|\n",
  "uploadtime": 1776192604,
  "views": 24,
  "formatid": "gen9championsvgc2026regma",
  "rating": 1075,
  "private": 0,
  "password": null
}