{
  "id": "gen9championsvgc2026regma-2581779284",
  "format": "[Gen 9 Champions] VGC 2026 Reg M-A",
  "players": [
    "SunTufo",
    "legionpoggers"
  ],
  "log": "|j|\u2606SunTufo\n|j|\u2606legionpoggers\n|t:|1776027749\n|gametype|doubles\n|player|p1|SunTufo|li|1305\n|player|p2|legionpoggers|101|1275\n|gen|9\n|tier|[Gen 9 Champions] VGC 2026 Reg M-A\n|rated|\n|rule|Species Clause: Limit one of each Pok\u00e9mon\n|rule|Item Clause: Limit 1 of each item\n|clearpoke\n|poke|p1|Skarmory, L50, M|\n|poke|p1|Garchomp, L50, M|\n|poke|p1|Milotic, L50, F|\n|poke|p1|Sneasler, L50, M|\n|poke|p1|Sinistcha, L50|\n|poke|p1|Floette-Eternal, L50, F|\n|poke|p2|Charizard, L50, M|\n|poke|p2|Venusaur, L50, F|\n|poke|p2|Garchomp, L50, F|\n|poke|p2|Rotom-Wash, L50|\n|poke|p2|Sneasler, L50, F|\n|poke|p2|Incineroar, L50, M|\n|teampreview|4\n|inactive|Battle timer is ON: inactive players will automatically lose when time's up. (requested by SunTufo)\n|\n|t:|1776027767\n|teamsize|p1|4\n|teamsize|p2|4\n|start\n|switch|p1a: Skarmory|Skarmory, L50, M, shiny|100/100\n|switch|p1b: Sneasler|Sneasler, L50, M, shiny|100/100\n|switch|p2a: Charizard|Charizard, L50, M|100/100\n|switch|p2b: Venusaur|Venusaur, L50, F|100/100\n|turn|1\n|\n|t:|1776027778\n|detailschange|p2a: Charizard|Charizard-Mega-Y, L50, M\n|-mega|p2a: Charizard|Charizard|Charizardite Y\n|-weather|SunnyDay|[from] ability: Drought|[of] p2a: Charizard\n|move|p1b: Sneasler|Fake Out|p2b: Venusaur\n|-damage|p2b: Venusaur|81/100\n|cant|p2b: Venusaur|flinch\n|move|p2a: Charizard|Heat Wave|p1a: Skarmory|[spread] p1a,p1b\n|-supereffective|p1a: Skarmory|1\n|-ability|p1a: Skarmory|Sturdy\n|-damage|p1a: Skarmory|1/100\n|-damage|p1b: Sneasler|17/100\n|move|p1a: Skarmory|Tailwind|p1a: Skarmory\n|-sidestart|p1: SunTufo|move: Tailwind\n|\n|-weather|SunnyDay|[upkeep]\n|upkeep\n|turn|2\n|\n|t:|1776027799\n|move|p1a: Skarmory|Protect|p1a: Skarmory\n|-singleturn|p1a: Skarmory|Protect\n|move|p2b: Venusaur|Protect|p2b: Venusaur\n|-singleturn|p2b: Venusaur|Protect\n|move|p2a: Charizard|Protect|p2a: Charizard\n|-singleturn|p2a: Charizard|Protect\n|move|p1b: Sneasler|Coaching|p1a: Skarmory\n|-boost|p1a: Skarmory|atk|1\n|-boost|p1a: Skarmory|def|1\n|\n|-weather|SunnyDay|[upkeep]\n|upkeep\n|turn|3\n|\n|t:|1776027813\n|switch|p1b: Garchomp|Garchomp, L50, M, shiny|100/100\n|move|p1a: Skarmory|Dual Wingbeat|p2b: Venusaur\n|-supereffective|p2b: Venusaur|1\n|-damage|p2b: Venusaur|22/100\n|-supereffective|p2b: Venusaur|1\n|-damage|p2b: Venusaur|0 fnt\n|faint|p2b: Venusaur\n|-hitcount|p2: Venusaur|2\n|move|p2a: Charizard|Heat Wave|p1a: Skarmory|[spread] p1a,p1b\n|-supereffective|p1a: Skarmory|1\n|-resisted|p1b: Garchomp|1\n|-damage|p1a: Skarmory|0 fnt\n|-damage|p1b: Garchomp|63/100\n|faint|p1a: Skarmory\n|\n|-weather|SunnyDay|[upkeep]\n|upkeep\n|\n|t:|1776027821\n|switch|p1a: Sneasler|Sneasler, L50, M, shiny|17/100\n|switch|p2b: Rotom|Rotom-Wash, L50|100/100\n|turn|4\n|\n|t:|1776027842\n|move|p2a: Charizard|Protect|p2a: Charizard\n|-singleturn|p2a: Charizard|Protect\n|move|p2b: Rotom|Protect|p2b: Rotom\n|-singleturn|p2b: Rotom|Protect\n|move|p1a: Sneasler|Close Combat|p2b: Rotom\n|-activate|p2b: Rotom|move: Protect\n|move|p1b: Garchomp|Dragon Claw|p2b: Rotom\n|-activate|p2b: Rotom|move: Protect\n|\n|-weather|SunnyDay|[upkeep]\n|-sideend|p1: SunTufo|move: Tailwind\n|upkeep\n|turn|5\n|\n|t:|1776027852\n|switch|p2a: Garchomp|Garchomp, L50, F|100/100\n|move|p1a: Sneasler|Close Combat|p2b: Rotom\n|-damage|p2b: Rotom|43/100\n|-unboost|p1a: Sneasler|def|1\n|-unboost|p1a: Sneasler|spd|1\n|move|p1b: Garchomp|Dragon Claw|p2b: Rotom\n|-damage|p2b: Rotom|4/100\n|move|p2b: Rotom|Will-O-Wisp|p1b: Garchomp\n|-status|p1b: Garchomp|brn\n|\n|-weather|none\n|-heal|p2b: Rotom|10/100|[from] item: Leftovers\n|-damage|p1b: Garchomp|57/100 brn|[from] brn\n|upkeep\n|turn|6\n|inactive|SunTufo has 30 seconds left.\n|\n|t:|1776027880\n|switch|p1b: Milotic|Milotic, L50, F, shiny|100/100\n|move|p2a: Garchomp|Bulldoze|p1b: Milotic|[spread] p1a,p1b\n|-immune|p2b: Rotom|[from] ability: Levitate\n|-supereffective|p1a: Sneasler|1\n|-crit|p1a: Sneasler\n|-damage|p1a: Sneasler|0 fnt\n|-damage|p1b: Milotic|71/100\n|-unboost|p1b: Milotic|spe|1\n|-ability|p1b: Milotic|Competitive|boost\n|-boost|p1b: Milotic|spa|2\n|faint|p1a: Sneasler\n|move|p2b: Rotom|Hydro Pump|p1b: Milotic\n|-resisted|p1b: Milotic|1\n|-damage|p1b: Milotic|54/100\n|\n|-heal|p2b: Rotom|16/100|[from] item: Leftovers\n|upkeep\n|\n|t:|1776027886\n|switch|p1a: Garchomp|Garchomp, L50, M, shiny|57/100 brn\n|turn|7\n|\n|t:|1776027896\n|move|p2a: Garchomp|Bulldoze|p1a: Garchomp|[spread] p1a,p1b\n|-immune|p2b: Rotom|[from] ability: Levitate\n|-damage|p1a: Garchomp|31/100 brn\n|-damage|p1b: Milotic|29/100\n|-unboost|p1a: Garchomp|spe|1\n|-unboost|p1b: Milotic|spe|1\n|-ability|p1b: Milotic|Competitive|boost\n|-boost|p1b: Milotic|spa|2\n|-enditem|p1b: Milotic|Sitrus Berry|[eat]\n|-heal|p1b: Milotic|53/100|[from] item: Sitrus Berry\n|move|p2b: Rotom|Thunderbolt|p1b: Milotic\n|-supereffective|p1b: Milotic|1\n|-damage|p1b: Milotic|0 fnt\n|faint|p1b: Milotic\n|move|p1a: Garchomp|Dragon Claw|p2b: Rotom\n|-damage|p2b: Rotom|0 fnt\n|faint|p2b: Rotom\n|\n|-damage|p1a: Garchomp|25/100 brn|[from] brn\n|upkeep\n|-message|SunTufo forfeited.\n|\n|win|legionpoggers\n|raw|SunTufo's rating: 1305 &rarr; <strong>1283</strong><br />(-22 for losing)\n|raw|legionpoggers's rating: 1275 &rarr; <strong>1302</strong><br />(+27 for winning)\n",
  "uploadtime": 1776027901,
  "views": 35,
  "formatid": "gen9championsvgc2026regma",
  "rating": 1283,
  "private": 0,
  "password": null
}