{
  "id": "gen9championsvgc2026regma-2588631370",
  "format": "[Gen 9 Champions] VGC 2026 Reg M-A",
  "players": [
    "lemond",
    "sdbjj"
  ],
  "log": "|j|\u2606lemond\n|j|\u2606sdbjj\n|t:|1776651924\n|gametype|doubles\n|player|p1|lemond|1|1407\n|player|p2|sdbjj|266|1522\n|gen|9\n|tier|[Gen 9 Champions] VGC 2026 Reg M-A\n|rated|\n|rule|Species Clause: Limit one of each Pok\u00e9mon\n|rule|Item Clause: Limit 1 of each item\n|clearpoke\n|poke|p1|Tyranitar, L50, F|\n|poke|p1|Excadrill, L50, M|\n|poke|p1|Gyarados, L50, F|\n|poke|p1|Gardevoir, L50, F|\n|poke|p1|Sinistcha, L50|\n|poke|p1|Rotom-Heat, L50|\n|poke|p2|Charizard, L50, M|\n|poke|p2|Garchomp, L50, F|\n|poke|p2|Sneasler, L50, M|\n|poke|p2|Whimsicott, L50, F|\n|poke|p2|Kingambit, L50, F|\n|poke|p2|Incineroar, L50, F|\n|teampreview|4\n|inactive|Battle timer is ON: inactive players will automatically lose when time's up. (requested by lemond)\n|inactive|sdbjj has 60 seconds left.\n|inactive|lemond has 60 seconds left.\n|\n|t:|1776651976\n|teamsize|p1|4\n|teamsize|p2|4\n|start\n|switch|p1a: Tyranitar|Tyranitar, L50, F|100/100\n|switch|p1b: Excadrill|Excadrill, L50, M|100/100\n|switch|p2a: Whimsicott|Whimsicott, L50, F|100/100\n|switch|p2b: Garchomp|Garchomp, L50, F|100/100\n|-weather|Sandstorm|[from] ability: Sand Stream|[of] p1a: Tyranitar\n|turn|1\n|inactive|lemond has 30 seconds left.\n|inactive|lemond has 20 seconds left.\n|\n|t:|1776652013\n|detailschange|p1a: Tyranitar|Tyranitar-Mega, L50, F\n|-mega|p1a: Tyranitar|Tyranitar|Tyranitarite\n|move|p2a: Whimsicott|Tailwind|p2a: Whimsicott\n|-sidestart|p2: sdbjj|move: Tailwind\n|move|p2b: Garchomp|Earthquake|p1a: Tyranitar|[spread] p2a,p1a,p1b\n|-resisted|p2a: Whimsicott|1\n|-supereffective|p1a: Tyranitar|1\n|-supereffective|p1b: Excadrill|1\n|-damage|p2a: Whimsicott|73/100\n|-damage|p1a: Tyranitar|45/100\n|-enditem|p1b: Excadrill|Focus Sash\n|-damage|p1b: Excadrill|1/100\n|move|p1b: Excadrill|Iron Head|p2a: Whimsicott\n|-supereffective|p2a: Whimsicott|1\n|-damage|p2a: Whimsicott|0 fnt\n|faint|p2a: Whimsicott\n|move|p1a: Tyranitar|Dragon Dance|p1a: Tyranitar\n|-boost|p1a: Tyranitar|atk|1\n|-boost|p1a: Tyranitar|spe|1\n|\n|-weather|Sandstorm|[upkeep]\n|upkeep\n|\n|t:|1776652032\n|switch|p2a: Incineroar|Incineroar, L50, F|100/100\n|-ability|p2a: Incineroar|Intimidate|boost\n|-unboost|p1a: Tyranitar|atk|1\n|-unboost|p1b: Excadrill|atk|1\n|turn|2\n|\n|t:|1776652042\n|move|p1b: Excadrill|Protect|p1b: Excadrill\n|-singleturn|p1b: Excadrill|Protect\n|move|p1a: Tyranitar|Protect|p1a: Tyranitar\n|-singleturn|p1a: Tyranitar|Protect\n|move|p2a: Incineroar|Fake Out|p1a: Tyranitar\n|-activate|p1a: Tyranitar|move: Protect\n|move|p2b: Garchomp|Rock Slide|p1b: Excadrill|[spread] \n|-activate|p1a: Tyranitar|move: Protect\n|-activate|p1b: Excadrill|move: Protect\n|\n|-weather|Sandstorm|[upkeep]\n|-damage|p2a: Incineroar|95/100|[from] Sandstorm\n|upkeep\n|turn|3\n|inactive|lemond has 30 seconds left.\n|inactive|sdbjj has 30 seconds left.\n|\n|t:|1776652072\n|switch|p1b: Sinistcha|Sinistcha, L50|100/100\n|-heal|p1a: Tyranitar|70/100|[from] ability: Hospitality|[of] p1b: Sinistcha\n|move|p2b: Garchomp|Earthquake|p1a: Tyranitar|[spread] p2a,p1a,p1b\n|-supereffective|p2a: Incineroar|1\n|-supereffective|p1a: Tyranitar|1\n|-resisted|p1b: Sinistcha|1\n|-damage|p2a: Incineroar|29/100\n|-damage|p1a: Tyranitar|8/100\n|-damage|p1b: Sinistcha|84/100\n|move|p1a: Tyranitar|Rock Slide|p2b: Garchomp|[spread] p2a,p2b\n|-supereffective|p2a: Incineroar|1\n|-resisted|p2b: Garchomp|1\n|-damage|p2a: Incineroar|0 fnt\n|-damage|p2b: Garchomp|81/100\n|faint|p2a: Incineroar\n|\n|-weather|Sandstorm|[upkeep]\n|-damage|p1b: Sinistcha|78/100|[from] Sandstorm\n|upkeep\n|\n|t:|1776652089\n|switch|p2a: Kingambit|Kingambit, L50, F|100/100\n|turn|4\n|inactive|lemond has 30 seconds left.\n|inactive|lemond has 20 seconds left.\n|inactive|lemond has 15 seconds left.\n|inactive|lemond has 10 seconds left.\n|inactive|lemond has 5 seconds left.\n|\n|t:|1776652141\n|move|p2b: Garchomp|Rock Slide|p1a: Tyranitar|[spread] p1a,p1b\n|-damage|p1a: Tyranitar|0 fnt\n|-damage|p1b: Sinistcha|61/100\n|faint|p1a: Tyranitar\n|move|p2a: Kingambit|Kowtow Cleave|p1b: Sinistcha\n|-supereffective|p1b: Sinistcha|1\n|-damage|p1b: Sinistcha|0 fnt\n|faint|p1b: Sinistcha\n|\n|-weather|Sandstorm|[upkeep]\n|-sideend|p2: sdbjj|move: Tailwind\n|upkeep\n|\n|t:|1776652151\n|switch|p1a: Excadrill|Excadrill, L50, M|1/100\n|switch|p1b: Rotom|Rotom-Heat, L50|100/100\n|turn|5\n|l|\u2606sdbjj\n|inactive|sdbjj disconnected and has a minute to reconnect!\n|player|p2|\n|inactive|sdbjj has 30 seconds left.\n|inactive|sdbjj has 20 seconds left.\n|inactive|sdbjj has 15 seconds left.\n|inactive|sdbjj has 10 seconds left.\n|inactive|sdbjj has 5 seconds left.\n|j|\u2606sdbjj\n|inactive|sdbjj reconnected and has 5 seconds left.\n|player|p2|sdbjj|266|\n|\n|t:|1776652206\n|move|p1a: Excadrill|Protect|p1a: Excadrill\n|-singleturn|p1a: Excadrill|Protect\n|move|p2a: Kingambit|Sucker Punch||[still]\n|-fail|p2a: Kingambit\n|move|p1b: Rotom|Overheat|p2a: Kingambit\n|-supereffective|p2a: Kingambit|1\n|-damage|p2a: Kingambit|0 fnt\n|-unboost|p1b: Rotom|spa|2\n|faint|p2a: Kingambit\n|move|p2b: Garchomp|Earthquake|p1b: Rotom|[spread] \n|-activate|p1a: Excadrill|move: Protect\n|-immune|p1b: Rotom|[from] ability: Levitate\n|\n|-weather|none\n|upkeep\n|turn|6\n|\n|t:|1776652223\n|move|p1b: Rotom|Overheat|p2b: Garchomp\n|-resisted|p2b: Garchomp|1\n|-damage|p2b: Garchomp|65/100\n|-unboost|p1b: Rotom|spa|2\n|move|p2b: Garchomp|Rock Slide|p1b: Rotom|[spread] p1a,p1b\n|-resisted|p1a: Excadrill|2\n|-supereffective|p1b: Rotom|1\n|-damage|p1a: Excadrill|0 fnt\n|-damage|p1b: Rotom|53/100\n|faint|p1a: Excadrill\n|\n|upkeep\n|turn|7\n|\n|t:|1776652234\n|move|p1b: Rotom|Overheat|p2b: Garchomp\n|-resisted|p2b: Garchomp|1\n|-damage|p2b: Garchomp|55/100\n|-unboost|p1b: Rotom|spa|2\n|move|p2b: Garchomp|Rock Slide|p1b: Rotom\n|-supereffective|p1b: Rotom|1\n|-damage|p1b: Rotom|0 fnt\n|faint|p1b: Rotom\n|\n|win|sdbjj\n|raw|lemond's rating: 1407 &rarr; <strong>1393</strong><br />(-14 for losing)\n|raw|sdbjj's rating: 1522 &rarr; <strong>1536</strong><br />(+14 for winning)\n|l|\u2606lemond\n|player|p1|\n|l|\u2606sdbjj\n|player|p2|\n",
  "uploadtime": 1776652304,
  "views": 5,
  "formatid": "gen9championsvgc2026regma",
  "rating": 1393,
  "private": 0,
  "password": null
}