{
  "id": "gen9championsvgc2026regma-2587413218",
  "format": "[Gen 9 Champions] VGC 2026 Reg M-A",
  "players": [
    "PCR_Dark",
    "hize_dies"
  ],
  "log": "|j|\u2606PCR_Dark\n|j|\u2606hize_dies\n|html|<table width=\"100%\"><tr><td align=\"left\">PCR_Dark</td><td align=\"right\">hize_dies</tr><tr><td align=\"left\"><i class=\"fa fa-circle-o\"></i> <i class=\"fa fa-circle-o\"></i> </td><td align=\"right\"><i class=\"fa fa-circle-o\"></i> <i class=\"fa fa-circle-o\"></i> </tr></table>\n|uhtml|bestof|<h2><strong>Game 1</strong> of <a href=\"/game-bestof3-gen9championsvgc2026regma-2587413217\">a best-of-3</a></h2>\n|t:|1776529737\n|gametype|doubles\n|player|p1|PCR_Dark|hilbert-wonderlauncher|\n|player|p2|hize_dies|265|\n|gen|9\n|tier|[Gen 9 Champions] VGC 2026 Reg M-A\n|rule|Species Clause: Limit one of each Pok\u00e9mon\n|rule|Item Clause: Limit 1 of each item\n|raw|<div class=\"infobox\"><details class=\"readmore\" open><summary><strong>1 custom rule:</strong></summary> Best of = 3</details></div>\n|clearpoke\n|poke|p1|Tyranitar, L50, F|\n|poke|p1|Milotic, L50, F|\n|poke|p1|Sinistcha, L50|\n|poke|p1|Sneasler, L50, M|\n|poke|p1|Rotom-Heat, L50|\n|poke|p1|Garchomp, L50, F|\n|poke|p2|Glalie, L50, M|\n|poke|p2|Whimsicott, L50, F|\n|poke|p2|Gyarados, L50, F|\n|poke|p2|Bastiodon, L50, F|\n|poke|p2|Tyranitar, L50, M|\n|poke|p2|Garchomp, L50, F|\n|teampreview|4\nPCR_Dark has agreed to open team sheets.\nhize_dies has agreed to open team sheets.\n|showteam|p1|Tyranitar||Tyranitarite|SandStream|RockSlide,KnockOff,Protect,IcePunch|||F|||50|]Milotic||Leftovers|Competitive|Scald,IcyWind,Protect,Recover|||F|||50|]Sinistcha||CobaBerry|Hospitality|MatchaGotcha,StrengthSap,RagePowder,TrickRoom||||||50|]Sneasler||WhiteHerb|Unburden|DireClaw,CloseCombat,Protect,FakeOut|||M|||50|]Rotom-Heat||PasshoBerry|Levitate|Overheat,Protect,VoltSwitch,Thunderbolt||||||50|]Garchomp||ChoiceScarf|SandVeil|Earthquake,DragonClaw,IronHead,RockSlide|||F|||50|\n|showteam|p2|Glalie||Glalitite|InnerFocus|Explosion,IcyWind,BodySlam,Crunch|||M|||50|]Whimsicott||FocusSash|Prankster|TrickRoom,Protect,Tailwind,Psychic|||F|||50|]Gyarados||Gyaradosite|Intimidate|Waterfall,Crunch,Protect,DragonTail|||F|||50|]Bastiodon||ChestoBerry|Sturdy|Protect,Rest,BodyPress,IronDefense|||F|||50|]Tyranitar||Tyranitarite|SandStream|RockSlide,Crunch,BrickBreak,KnockOff|||M|||50|]Garchomp||ChoiceScarf|SandVeil|RockSlide,DragonClaw,Earthquake,PoisonJab|||F|||50|\n|j| Quarters_OU\n|j| NervousSirVex\n|j| lfdgm\n|j| leafeon_2564\n|\n|t:|1776529892\n|teamsize|p1|4\n|teamsize|p2|4\n|start\n|switch|p1a: Sinistcha|Sinistcha, L50|100/100\n|switch|p1b: Sneasler|Sneasler, L50, M|100/100\n|switch|p2a: Whimsicott|Whimsicott, L50, F|100/100\n|switch|p2b: Gyarados|Gyarados, L50, F|100/100\n|-ability|p2b: Gyarados|Intimidate|boost\n|-unboost|p1a: Sinistcha|atk|1\n|-unboost|p1b: Sneasler|atk|1\n|-enditem|p1b: Sneasler|White Herb\n|-clearnegativeboost|p1b: Sneasler|[silent]\n|turn|1\n|inactive|Battle timer is ON: inactive players will automatically lose when time's up. (requested by PCR_Dark)\n|inactive|PCR_Dark has 60 seconds left.\n|inactive|hize_dies has 60 seconds left.\n|\n|t:|1776529938\n|move|p2a: Whimsicott|Protect|p2a: Whimsicott\n|-singleturn|p2a: Whimsicott|Protect\n|move|p1b: Sneasler|Fake Out|p2a: Whimsicott\n|-activate|p2a: Whimsicott|move: Protect\n|move|p1a: Sinistcha|Strength Sap|p2b: Gyarados\n|-unboost|p2b: Gyarados|atk|1\n|move|p2b: Gyarados|Dragon Tail|p1b: Sneasler\n|-crit|p1b: Sneasler\n|-damage|p1b: Sneasler|43/100\n|drag|p1b: Milotic|Milotic, L50, F|100/100\n|\n|upkeep\n|turn|2\n|inactive|hize_dies has 30 seconds left.\n|\n|t:|1776529970\n|switch|p2b: Garchomp|Garchomp, L50, F|100/100\n|move|p1b: Milotic|Icy Wind|p2b: Garchomp|[spread] p2b\n|-miss|p1b: Milotic|p2a: Whimsicott\n|-supereffective|p2b: Garchomp|2\n|-damage|p2b: Garchomp|57/100\n|-unboost|p2b: Garchomp|spe|1\n|move|p1a: Sinistcha|Matcha Gotcha|p2b: Garchomp|[spread] p2a,p2b\n|-resisted|p2a: Whimsicott|1\n|-crit|p2b: Garchomp\n|-damage|p2a: Whimsicott|83/100\n|-damage|p2b: Garchomp|13/100\n|-status|p2b: Garchomp|brn\n|move|p2a: Whimsicott|Trick Room|p2a: Whimsicott\n|-fieldstart|move: Trick Room|[of] p2a: Whimsicott\n|\n|-damage|p2b: Garchomp|7/100 brn|[from] brn\n|upkeep\n|turn|3\n|inactive|PCR_Dark has 30 seconds left.\n|inactive|hize_dies has 30 seconds left.\n|inactive|PCR_Dark has 20 seconds left.\n|inactive|hize_dies has 20 seconds left.\n|\n|t:|1776530010\n|switch|p2b: Bastiodon|Bastiodon, L50, F|100/100\n|switch|p2a: Gyarados|Gyarados, L50, F|100/100\n|-ability|p2a: Gyarados|Intimidate|boost\n|-unboost|p1a: Sinistcha|atk|1\n|-unboost|p1b: Milotic|atk|1\n|-ability|p1b: Milotic|Competitive|boost\n|-boost|p1b: Milotic|spa|2\n|move|p1a: Sinistcha|Matcha Gotcha|p2b: Bastiodon|[spread] p2a,p2b\n|-damage|p2a: Gyarados|78/100\n|-damage|p2b: Bastiodon|77/100\n|move|p1b: Milotic|Scald|p2b: Bastiodon\n|-supereffective|p2b: Bastiodon|1\n|-damage|p2b: Bastiodon|0 fnt\n|faint|p2b: Bastiodon\n|\n|upkeep\n|\n|t:|1776530028\n|switch|p2b: Whimsicott|Whimsicott, L50, F|83/100\n|turn|4\n|\n|t:|1776530051\n|switch|p2b: Garchomp|Garchomp, L50, F|7/100 brn\n|detailschange|p2a: Gyarados|Gyarados-Mega, L50, F\n|-mega|p2a: Gyarados|Gyarados|Gyaradosite\n|-ability|p2a: Gyarados|Mold Breaker\n|move|p1a: Sinistcha|Strength Sap|p2a: Gyarados\n|-unboost|p2a: Gyarados|atk|1\n|move|p1b: Milotic|Scald|p2b: Garchomp\n|-damage|p2b: Garchomp|0 fnt\n|faint|p2b: Garchomp\n|move|p2a: Gyarados|Crunch|p1a: Sinistcha\n|-supereffective|p1a: Sinistcha|1\n|-damage|p1a: Sinistcha|36/100\n|\n|upkeep\n|\n|t:|1776530065\n|switch|p2b: Whimsicott|Whimsicott, L50, F|83/100\n|turn|5\n|\n|t:|1776530077\n|move|p2b: Whimsicott|Protect|p2b: Whimsicott\n|-singleturn|p2b: Whimsicott|Protect\n|move|p1a: Sinistcha|Strength Sap|p2a: Gyarados\n|-unboost|p2a: Gyarados|atk|1\n|-heal|p1a: Sinistcha|100/100\n|move|p1b: Milotic|Scald|p2b: Whimsicott\n|-activate|p2b: Whimsicott|move: Protect\n|move|p2a: Gyarados|Dragon Tail|p1b: Milotic\n|-damage|p1b: Milotic|86/100\n|drag|p1b: Garchomp|Garchomp, L50, F|100/100\n|\n|upkeep\n|turn|6\n|inactive|hize_dies has 30 seconds left.\n|\n|t:|1776530108\n|switch|p1b: Milotic|Milotic, L50, F|86/100\n|move|p2a: Gyarados|Protect|p2a: Gyarados\n|-singleturn|p2a: Gyarados|Protect\n|move|p2b: Whimsicott|Tailwind|p2b: Whimsicott\n|-sidestart|p2: hize_dies|move: Tailwind\n|move|p1a: Sinistcha|Matcha Gotcha|p2a: Gyarados|[spread] p2b\n|-activate|p2a: Gyarados|move: Protect\n|-resisted|p2b: Whimsicott|1\n|-damage|p2b: Whimsicott|66/100\n|\n|-heal|p1b: Milotic|92/100|[from] item: Leftovers\n|-fieldend|move: Trick Room\n|upkeep\n|turn|7\n|\n|t:|1776530126\n|move|p2b: Whimsicott|Psychic|p1a: Sinistcha\n|-damage|p1a: Sinistcha|85/100\n|move|p2a: Gyarados|Crunch|p1a: Sinistcha\n|-supereffective|p1a: Sinistcha|1\n|-damage|p1a: Sinistcha|34/100\n|move|p1b: Milotic|Icy Wind|p2b: Whimsicott|[spread] p2a\n|-miss|p1b: Milotic|p2b: Whimsicott\n|-resisted|p2a: Gyarados|1\n|-damage|p2a: Gyarados|75/100\n|-unboost|p2a: Gyarados|spe|1\n|move|p1a: Sinistcha|Matcha Gotcha|p2b: Whimsicott|[spread] p2a,p2b\n|-supereffective|p2a: Gyarados|1\n|-resisted|p2b: Whimsicott|1\n|-damage|p2a: Gyarados|39/100\n|-heal|p1a: Sinistcha|54/100|[from] drain|[of] p2a: Gyarados\n|-damage|p2b: Whimsicott|48/100\n|-heal|p1a: Sinistcha|63/100|[from] drain|[of] p2b: Whimsicott\n|-status|p2a: Gyarados|brn\n|\n|-heal|p1b: Milotic|98/100|[from] item: Leftovers\n|-damage|p2a: Gyarados|33/100 brn|[from] brn\n|upkeep\n|turn|8\n|inactive|PCR_Dark has 30 seconds left.\n|inactive|hize_dies has 30 seconds left.\n|inactive|PCR_Dark has 20 seconds left.\n|inactive|PCR_Dark has 15 seconds left.\n|\n|t:|1776530167\n|move|p2b: Whimsicott|Psychic|p1a: Sinistcha\n|-damage|p1a: Sinistcha|47/100\n|-unboost|p1a: Sinistcha|spd|1\n|move|p2a: Gyarados|Crunch|p1a: Sinistcha\n|-supereffective|p1a: Sinistcha|1\n|-damage|p1a: Sinistcha|23/100\n|move|p1b: Milotic|Icy Wind|p2b: Whimsicott|[spread] p2a,p2b\n|-resisted|p2a: Gyarados|1\n|-supereffective|p2b: Whimsicott|1\n|-damage|p2a: Gyarados|29/100 brn\n|-damage|p2b: Whimsicott|21/100\n|-unboost|p2a: Gyarados|spe|1\n|-unboost|p2b: Whimsicott|spe|1\n|move|p1a: Sinistcha|Strength Sap|p2a: Gyarados\n|-unboost|p2a: Gyarados|atk|1\n|-heal|p1a: Sinistcha|86/100\n|\n|-heal|p1b: Milotic|100/100|[from] item: Leftovers\n|-damage|p2a: Gyarados|23/100 brn|[from] brn\n|upkeep\n|turn|9\n|inactive|hize_dies has 30 seconds left.\n|\n|t:|1776530194\n|switch|p1a: Sneasler|Sneasler, L50, M|43/100\n|move|p1b: Milotic|Scald|p2a: Gyarados\n|-resisted|p2a: Gyarados|1\n|-damage|p2a: Gyarados|14/100 brn\n|move|p2b: Whimsicott|Trick Room|p2b: Whimsicott\n|-fieldstart|move: Trick Room|[of] p2b: Whimsicott\n|move|p2a: Gyarados|Dragon Tail|p1a: Sneasler\n|-damage|p1a: Sneasler|34/100\n|drag|p1a: Sinistcha|Sinistcha, L50|86/100\n|\n|-damage|p2a: Gyarados|8/100 brn|[from] brn\n|-sideend|p2: hize_dies|move: Tailwind\n|upkeep\n|turn|10\n|\n|t:|1776530217\n|move|p1a: Sinistcha|Matcha Gotcha|p2a: Gyarados|[spread] p2a\n|-miss|p1a: Sinistcha|p2b: Whimsicott\n|-supereffective|p2a: Gyarados|1\n|-damage|p2a: Gyarados|0 fnt\n|-heal|p1a: Sinistcha|91/100|[from] drain|[of] p2a: Gyarados\n|faint|p2a: Gyarados\n|move|p1b: Milotic|Scald|p2b: Whimsicott\n|-resisted|p2b: Whimsicott|1\n|-damage|p2b: Whimsicott|4/100\n|-status|p2b: Whimsicott|brn\n|move|p2b: Whimsicott|Psychic|p1a: Sinistcha\n|-damage|p1a: Sinistcha|75/100\n|\n|-damage|p2b: Whimsicott|0 fnt|[from] brn\n|faint|p2b: Whimsicott\n|\n|win|PCR_Dark\n||PCR_Dark is ready for game 2.\n||hize_dies is ready for game 2.\n|uhtml|next|Next: <a href=\"/battle-gen9championsvgc2026regma-2587419205\"><strong>Game 2 of 3</strong></a>\n|l|\u2606hize_dies\n|player|p2|\n",
  "uploadtime": 1776530635,
  "views": 13,
  "formatid": "gen9championsvgc2026regma",
  "rating": null,
  "private": 0,
  "password": null
}