{
  "id": "gen9championsvgc2026regma-2586157667",
  "format": "[Gen 9 Champions] VGC 2026 Reg M-A",
  "players": [
    "talonflame76",
    "Phillip Blevin"
  ],
  "log": "|j|\u2606talonflame76\n|j|\u2606Phillip Blevin\n|t:|1776406328\n|gametype|doubles\n|player|p1|talonflame76|richboy|1339\n|player|p2|Phillip Blevin|cynthia-masters4|1312\n|gen|9\n|tier|[Gen 9 Champions] VGC 2026 Reg M-A\n|rated|\n|rule|Species Clause: Limit one of each Pok\u00e9mon\n|rule|Item Clause: Limit 1 of each item\n|clearpoke\n|poke|p1|Gardevoir, L50, F|\n|poke|p1|Rotom-Wash, L50|\n|poke|p1|Maushold, L50|\n|poke|p1|Aerodactyl, L50, M|\n|poke|p1|Garchomp, L50, M|\n|poke|p1|Dragapult, L50, F|\n|poke|p2|Froslass, L50, F|\n|poke|p2|Corviknight, L50, F|\n|poke|p2|Arcanine-Hisui, L50, M|\n|poke|p2|Rotom-Wash, L50|\n|poke|p2|Sneasler, L50, M|\n|poke|p2|Kommo-o, L50, M|\n|teampreview|4\n|inactive|Battle timer is ON: inactive players will automatically lose when time's up. (requested by Phillip Blevin)\nPhillip Blevin has agreed to open team sheets.\n|inactive|talonflame76 has 60 seconds left.\n|inactive|Phillip Blevin has 60 seconds left.\n|\n|t:|1776406386\n|teamsize|p1|4\n|teamsize|p2|4\n|start\n|switch|p1a: Aerodactyl|Aerodactyl, L50, M|100/100\n|switch|p1b: Dragapult|Dragapult, L50, F|100/100\n|switch|p2a: Rotom|Rotom-Wash, L50|100/100\n|switch|p2b: Froslass|Froslass, L50, F|100/100\n|-ability|p1a: Aerodactyl|Unnerve\n|turn|1\n|inactive|talonflame76 has 30 seconds left.\n|inactive|talonflame76 has 20 seconds left.\n|inactive|talonflame76 has 15 seconds left.\n|inactive|talonflame76 has 10 seconds left.\n|\n|t:|1776406435\n|switch|p1a: Rotom|Rotom-Wash, L50|100/100\n|detailschange|p2b: Froslass|Froslass-Mega, L50, F\n|-mega|p2b: Froslass|Froslass|Froslassite\n|-weather|Snowscape|[from] ability: Snow Warning|[of] p2b: Froslass\n|move|p2a: Rotom|Electroweb|p1b: Dragapult|[spread] p1a\n|-miss|p2a: Rotom|p1b: Dragapult\n|-crit|p1a: Rotom\n|-damage|p1a: Rotom|72/100\n|-unboost|p1a: Rotom|spe|1\n|move|p1b: Dragapult|Phantom Force||[still]\n|-prepare|p1b: Dragapult|Phantom Force\n|move|p2b: Froslass|Blizzard|p1a: Rotom|[spread] p1a\n|-miss|p2b: Froslass|p1b: Dragapult\n|-resisted|p1a: Rotom|1\n|-damage|p1a: Rotom|44/100\n|\n|-weather|Snowscape|[upkeep]\n|upkeep\n|turn|2\n|inactive|talonflame76 has 30 seconds left.\n|inactive|Phillip Blevin has 30 seconds left.\n|inactive|Phillip Blevin has 20 seconds left.\n|inactive|Phillip Blevin has 15 seconds left.\n|\n|t:|1776406476\n|move|p2a: Rotom|Electroweb|p1a: Rotom|[spread] p1a\n|-miss|p2a: Rotom|p1b: Dragapult\n|-damage|p1a: Rotom|24/100\n|-unboost|p1a: Rotom|spe|1\n|move|p1b: Dragapult|Phantom Force|p2b: Froslass|[from] lockedmove\n|-supereffective|p2b: Froslass|1\n|-damage|p2b: Froslass|0 fnt\n|faint|p2b: Froslass\n|move|p1a: Rotom|Volt Switch|p2a: Rotom\n|-crit|p2a: Rotom\n|-damage|p2a: Rotom|47/100\n|\n|t:|1776406489\n|switch|p1a: Gardevoir|Gardevoir, L50, F|100/100|[from] Volt Switch\n|-ability|p1a: Gardevoir|Levitate|Trace|[from] ability: Trace|[of] p2a: Rotom\n|\n|-weather|Snowscape|[upkeep]\n|upkeep\n|\n|t:|1776406493\n|switch|p2b: Corviknight|Corviknight, L50, F|100/100\n|turn|3\n|\n|t:|1776406505\n|detailschange|p1a: Gardevoir|Gardevoir-Mega, L50, F\n|-mega|p1a: Gardevoir|Gardevoir|Gardevoirite\n|move|p2a: Rotom|Electroweb|p1b: Dragapult|[spread] p1a,p1b\n|-resisted|p1b: Dragapult|1\n|-damage|p1a: Gardevoir|87/100\n|-damage|p1b: Dragapult|91/100\n|-unboost|p1a: Gardevoir|spe|1\n|-unboost|p1b: Dragapult|spe|1\n|move|p1b: Dragapult|Dragon Darts|p2a: Rotom\n|-damage|p2a: Rotom|12/100\n|-anim|p1b: Dragapult|Dragon Darts|p2b: Corviknight\n|-resisted|p2b: Corviknight|1\n|-damage|p2b: Corviknight|91/100\n|move|p1a: Gardevoir|Mystical Fire|p2b: Corviknight\n|-supereffective|p2b: Corviknight|1\n|-damage|p2b: Corviknight|27/100\n|-ability|p2b: Corviknight|Mirror Armor\n|-unboost|p1a: Gardevoir|spa|1\n|move|p2b: Corviknight|Bulk Up|p2b: Corviknight\n|-boost|p2b: Corviknight|atk|1\n|-boost|p2b: Corviknight|def|1\n|\n|-weather|Snowscape|[upkeep]\n|-heal|p2b: Corviknight|33/100|[from] item: Leftovers\n|upkeep\n|turn|4\n|j| muziqiaoguo\n|\n|t:|1776406528\n|move|p2a: Rotom|Electroweb|p1a: Gardevoir|[spread] p1a,p1b\n|-resisted|p1b: Dragapult|1\n|-damage|p1a: Gardevoir|73/100\n|-damage|p1b: Dragapult|80/100\n|-unboost|p1a: Gardevoir|spe|1\n|-unboost|p1b: Dragapult|spe|1\n|move|p1b: Dragapult|Dragon Darts|p2a: Rotom\n|-damage|p2a: Rotom|0 fnt\n|-anim|p1b: Dragapult|Dragon Darts|p2b: Corviknight\n|-resisted|p2b: Corviknight|1\n|-damage|p2b: Corviknight|26/100\n|faint|p2a: Rotom\n|move|p2b: Corviknight|Roost|p2b: Corviknight\n|-heal|p2b: Corviknight|77/100\n|-singleturn|p2b: Corviknight|move: Roost\n|move|p1a: Gardevoir|Hyper Voice|p2b: Corviknight\n|-resisted|p2b: Corviknight|1\n|-damage|p2b: Corviknight|54/100\n|\n|-weather|Snowscape|[upkeep]\n|-heal|p2b: Corviknight|60/100|[from] item: Leftovers\n|upkeep\n|\n|t:|1776406531\n|switch|p2a: Kommo-o|Kommo-o, L50, M|100/100\n|turn|5\n|\n|t:|1776406552\n|move|p2a: Kommo-o|Clanging Scales|p1a: Gardevoir|[spread] p1b\n|-immune|p1a: Gardevoir\n|-supereffective|p1b: Dragapult|1\n|-damage|p1b: Dragapult|0 fnt\n|faint|p1b: Dragapult\n|-unboost|p2a: Kommo-o|def|1\n|move|p2b: Corviknight|Brave Bird|p1a: Gardevoir\n|-damage|p1a: Gardevoir|0 fnt\n|faint|p1a: Gardevoir\n|-damage|p2b: Corviknight|42/100|[from] Recoil\n|\n|-weather|none\n|-heal|p2b: Corviknight|48/100|[from] item: Leftovers\n|upkeep\n|\n|t:|1776406568\n|switch|p1b: Aerodactyl|Aerodactyl, L50, M|100/100\n|switch|p1a: Rotom|Rotom-Wash, L50|24/100\n|-ability|p1b: Aerodactyl|Unnerve\n|turn|6\n|\n|t:|1776406585\n|move|p1a: Rotom|Electroweb|p2b: Corviknight|[spread] p2a,p2b\n|-resisted|p2a: Kommo-o|1\n|-supereffective|p2b: Corviknight|1\n|-damage|p2a: Kommo-o|90/100\n|-damage|p2b: Corviknight|12/100\n|-unboost|p2a: Kommo-o|spe|1\n|-ability|p2b: Corviknight|Mirror Armor\n|-unboost|p1a: Rotom|spe|1\n|move|p1b: Aerodactyl|Dual Wingbeat|p2a: Kommo-o\n|-supereffective|p2a: Kommo-o|1\n|-damage|p2a: Kommo-o|28/100\n|-supereffective|p2a: Kommo-o|1\n|-damage|p2a: Kommo-o|0 fnt\n|faint|p2a: Kommo-o\n|-hitcount|p2: Kommo-o|2\n|move|p2b: Corviknight|Roost|p2b: Corviknight\n|-heal|p2b: Corviknight|62/100\n|-singleturn|p2b: Corviknight|move: Roost\n|\n|-heal|p2b: Corviknight|68/100|[from] item: Leftovers\n|upkeep\n|turn|7\n|\n|t:|1776406608\n|move|p1b: Aerodactyl|Rock Slide|p2b: Corviknight\n|-damage|p2b: Corviknight|53/100\n|move|p1a: Rotom|Electroweb|p2b: Corviknight\n|-supereffective|p2b: Corviknight|1\n|-damage|p2b: Corviknight|0 fnt\n|faint|p2b: Corviknight\n|\n|win|talonflame76\n|raw|talonflame76's rating: 1339 &rarr; <strong>1357</strong><br />(+18 for winning)\n|raw|Phillip Blevin's rating: 1312 &rarr; <strong>1294</strong><br />(-18 for losing)\n",
  "uploadtime": 1776406608,
  "views": 32,
  "formatid": "gen9championsvgc2026regma",
  "rating": 1294,
  "private": 0,
  "password": null
}