{
  "id": "gen9championsvgc2026regma-2580404189",
  "format": "[Gen 9 Champions] VGC 2026 Reg M-A",
  "players": [
    "Keyan_Sans",
    "ted31625"
  ],
  "log": "|j|\u2606Keyan_Sans\n|j|\u2606ted31625\n|t:|1775891364\n|gametype|doubles\n|player|p1|Keyan_Sans|hugh|1045\n|player|p2|ted31625|roark|1103\n|gen|9\n|tier|[Gen 9 Champions] VGC 2026 Reg M-A\n|rated|\n|rule|Species Clause: Limit one of each Pok\u00e9mon\n|rule|Item Clause: Limit 1 of each item\n|clearpoke\n|poke|p1|Charizard, L50, M|\n|poke|p1|Whimsicott, L50, F|\n|poke|p1|Typhlosion-Hisui, L50, F|\n|poke|p1|Garchomp, L50, F|\n|poke|p1|Sneasler, L50, F|\n|poke|p1|Gardevoir, L50, M|\n|poke|p2|Kingambit, L50, F|\n|poke|p2|Sneasler, L50, M|\n|poke|p2|Charizard, L50, F|\n|poke|p2|Floette-Eternal, L50, F|\n|poke|p2|Garchomp, L50, M|\n|poke|p2|Aerodactyl, L50, F|\n|teampreview|4\nted31625 has agreed to open team sheets.\nKeyan_Sans rejected open team sheets.\n|inactive|Battle timer is ON: inactive players will automatically lose when time's up. (requested by ted31625)\n|inactive|Keyan_Sans has 60 seconds left.\n|\n|t:|1775891427\n|teamsize|p1|4\n|teamsize|p2|4\n|start\n|switch|p1a: Sneasler|Sneasler, L50, F|100/100\n|switch|p1b: Charizard|Charizard, L50, M|100/100\n|switch|p2a: Tiburoncin|Garchomp, L50, M, shiny|100/100\n|switch|p2b: Aerodactyl|Aerodactyl, L50, F, shiny|100/100\n|-ability|p2b: Aerodactyl|Unnerve\n|turn|1\n|\n|t:|1775891448\n|switch|p1b: Whimsicott|Whimsicott, L50, F|100/100\n|move|p1a: Sneasler|Fake Out|p2b: Aerodactyl\n|-resisted|p2b: Aerodactyl|1\n|-damage|p2b: Aerodactyl|88/100\n|move|p2a: Tiburoncin|Rock Slide|p1b: Whimsicott|[spread] p1a,p1b\n|-resisted|p1a: Sneasler|1\n|-damage|p1a: Sneasler|83/100\n|-damage|p1b: Whimsicott|76/100\n|cant|p2b: Aerodactyl|flinch\n|\n|upkeep\n|turn|2\n|\n|t:|1775891462\n|move|p1b: Whimsicott|Tailwind|p1b: Whimsicott\n|-sidestart|p1: Keyan_Sans|move: Tailwind\n|move|p1a: Sneasler|Close Combat|p2b: Aerodactyl\n|-damage|p2b: Aerodactyl|0 fnt\n|-unboost|p1a: Sneasler|def|1\n|-unboost|p1a: Sneasler|spd|1\n|faint|p2b: Aerodactyl\n|-enditem|p1a: Sneasler|White Herb\n|-clearnegativeboost|p1a: Sneasler|[silent]\n|move|p2a: Tiburoncin|Rock Slide|p1a: Sneasler|[spread] p1a,p1b\n|-resisted|p1a: Sneasler|1\n|-damage|p1a: Sneasler|66/100\n|-damage|p1b: Whimsicott|50/100\n|\n|upkeep\n|\n|t:|1775891487\n|switch|p2b: Bisbix|Sneasler, L50, M, shiny|100/100\n|turn|3\n|\n|t:|1775891501\n|switch|p1b: Garchomp|Garchomp, L50, F|100/100\n|move|p1a: Sneasler|Protect|p1a: Sneasler\n|-singleturn|p1a: Sneasler|Protect\n|move|p2b: Bisbix|Fake Out|p1a: Sneasler\n|-activate|p1a: Sneasler|move: Protect\n|move|p2a: Tiburoncin|Rock Slide|p1b: Garchomp|[spread] p1b\n|-activate|p1a: Sneasler|move: Protect\n|-resisted|p1b: Garchomp|1\n|-damage|p1b: Garchomp|90/100\n|\n|upkeep\n|turn|4\n|\n|t:|1775891517\n|switch|p2a: Rizamongo|Charizard, L50, F, shiny|100/100\n|move|p1a: Sneasler|Close Combat|p2a: Rizamongo\n|-resisted|p2a: Rizamongo|1\n|-damage|p2a: Rizamongo|63/100\n|-unboost|p1a: Sneasler|def|1\n|-unboost|p1a: Sneasler|spd|1\n|move|p1b: Garchomp|Stomping Tantrum|p2b: Bisbix\n|-supereffective|p2b: Bisbix|1\n|-damage|p2b: Bisbix|0 fnt\n|faint|p2b: Bisbix\n|\n|upkeep\n|\n|t:|1775891527\n|switch|p2b: Tiburoncin|Garchomp, L50, M, shiny|100/100\n|turn|5\n|\n|t:|1775891532\n|detailschange|p2a: Rizamongo|Charizard-Mega-Y, L50, F, shiny\n|-mega|p2a: Rizamongo|Charizard|Charizardite Y\n|-weather|SunnyDay|[from] ability: Drought|[of] p2a: Rizamongo\n|move|p1a: Sneasler|Dire Claw|p2a: Rizamongo\n|-damage|p2a: Rizamongo|8/100\n|move|p1b: Garchomp|Rock Slide|p2a: Rizamongo|[spread] p2a,p2b\n|-supereffective|p2a: Rizamongo|2\n|-resisted|p2b: Tiburoncin|1\n|-damage|p2a: Rizamongo|0 fnt\n|-damage|p2b: Tiburoncin|90/100\n|faint|p2a: Rizamongo\n|move|p2b: Tiburoncin|Earthquake|p1b: Garchomp|[spread] p1a,p1b\n|-supereffective|p1a: Sneasler|1\n|-crit|p1b: Garchomp\n|-damage|p1a: Sneasler|0 fnt\n|-damage|p1b: Garchomp|31/100\n|faint|p1a: Sneasler\n|\n|-weather|SunnyDay|[upkeep]\n|-sideend|p1: Keyan_Sans|move: Tailwind\n|upkeep\n|\n|t:|1775891537\n|switch|p1a: Whimsicott|Whimsicott, L50, F|50/100\n|turn|6\n|\n|t:|1775891543\n|move|p1a: Whimsicott|Tailwind|p1a: Whimsicott\n|-sidestart|p1: Keyan_Sans|move: Tailwind\n|move|p1b: Garchomp|Dragon Claw|p2b: Tiburoncin\n|-supereffective|p2b: Tiburoncin|1\n|-damage|p2b: Tiburoncin|14/100\n|-damage|p1b: Garchomp|19/100|[from] ability: Rough Skin|[of] p2b: Tiburoncin\n|move|p2b: Tiburoncin|Earthquake|p1b: Garchomp|[spread] p1a,p1b\n|-resisted|p1a: Whimsicott|1\n|-damage|p1a: Whimsicott|28/100\n|-damage|p1b: Garchomp|0 fnt\n|faint|p1b: Garchomp\n|\n|-weather|SunnyDay|[upkeep]\n|upkeep\n|c|\u2606Keyan_Sans|Gg\n|\n|t:|1775891547\n|switch|p1b: Charizard|Charizard, L50, M|100/100\n|turn|7\n|-message|ted31625 forfeited.\n|\n|win|Keyan_Sans\n|raw|Keyan_Sans's rating: 1045 &rarr; <strong>1084</strong><br />(+39 for winning)\n|raw|ted31625's rating: 1103 &rarr; <strong>1074</strong><br />(-29 for losing)\n|l|\u2606ted31625\n|player|p2|\n",
  "uploadtime": 1775891554,
  "views": 20,
  "formatid": "gen9championsvgc2026regma",
  "rating": 1074,
  "private": 0,
  "password": null
}