{
  "id": "gen9championsvgc2026regma-2587574843",
  "format": "[Gen 9 Champions] VGC 2026 Reg M-A",
  "players": [
    "RCBardo",
    "joshferd"
  ],
  "log": "|j|\u2606RCBardo\n|j|\u2606joshferd\n|t:|1776543578\n|gametype|doubles\n|player|p1|RCBardo|ethan|1144\n|player|p2|joshferd|101|1241\n|gen|9\n|tier|[Gen 9 Champions] VGC 2026 Reg M-A\n|rated|\n|rule|Species Clause: Limit one of each Pok\u00e9mon\n|rule|Item Clause: Limit 1 of each item\n|clearpoke\n|poke|p1|Charizard, L50, M|\n|poke|p1|Garchomp, L50, M|\n|poke|p1|Whimsicott, L50, F|\n|poke|p1|Sneasler, L50, F|\n|poke|p1|Milotic, L50, F|\n|poke|p1|Typhlosion-Hisui, L50, F|\n|poke|p2|Starmie, L50|\n|poke|p2|Basculegion, L50, M|\n|poke|p2|Pelipper, L50, F|\n|poke|p2|Raichu-Alola, L50, F|\n|poke|p2|Conkeldurr, L50, M|\n|poke|p2|Kangaskhan, L50, F|\n|teampreview|4\n|\n|t:|1776543616\n|teamsize|p1|4\n|teamsize|p2|4\n|start\n|switch|p1a: Charizard|Charizard, L50, M|100/100\n|switch|p1b: Whimsicott|Whimsicott, L50, F|100/100\n|switch|p2a: Starmie|Starmie, L50|100/100\n|switch|p2b: Raichu|Raichu-Alola, L50, F|100/100\n|turn|1\n|\n|t:|1776543643\n|move|p1a: Charizard|Protect|p1a: Charizard\n|-singleturn|p1a: Charizard|Protect\n|move|p2b: Raichu|Fake Out|p1b: Whimsicott\n|-damage|p1b: Whimsicott|90/100\n|cant|p1b: Whimsicott|flinch\n|move|p2a: Starmie|Skill Swap|p1b: Whimsicott\n|-activate|p2a: Starmie|Skill Swap|Prankster|Illuminate|[of] p1b: Whimsicott\n|\n|upkeep\n|turn|2\n|\n|t:|1776543671\n|switch|p1a: Garchomp|Garchomp, L50, M|100/100\n|detailschange|p2a: Starmie|Starmie-Mega, L50\n|-mega|p2a: Starmie|Starmie|Starminite\n|move|p1b: Whimsicott|Tailwind|p1b: Whimsicott\n|-sidestart|p1: RCBardo|move: Tailwind\n|move|p2b: Raichu|Psychic Terrain|p2b: Raichu\n|-fieldstart|move: Psychic Terrain\n|move|p2a: Starmie|Expanding Force|p1b: Whimsicott|[spread] p1a,p1b\n|-damage|p1a: Garchomp|28/100\n|-damage|p1b: Whimsicott|0 fnt\n|-enditem|p1a: Garchomp|Sitrus Berry|[eat]\n|-heal|p1a: Garchomp|53/100|[from] item: Sitrus Berry\n|faint|p1b: Whimsicott\n|\n|upkeep\n|\n|t:|1776543683\n|switch|p1b: Charizard|Charizard, L50, M|100/100\n|turn|3\n|\n|t:|1776543709\n|detailschange|p1b: Charizard|Charizard-Mega-Y, L50, M\n|-mega|p1b: Charizard|Charizard|Charizardite Y\n|-weather|SunnyDay|[from] ability: Drought|[of] p1b: Charizard\n|move|p2a: Starmie|Protect|p2a: Starmie\n|-singleturn|p2a: Starmie|Protect\n|move|p1b: Charizard|Solar Beam||[still]\n|-prepare|p1b: Charizard|Solar Beam\n|-anim|p1b: Charizard|Solar Beam|p2a: Starmie\n|-activate|p2a: Starmie|move: Protect\n|move|p1a: Garchomp|Earthquake|p2a: Starmie|[spread] p2b\n|-activate|p2a: Starmie|move: Protect\n|-immune|p1b: Charizard\n|-supereffective|p2b: Raichu|1\n|-enditem|p2b: Raichu|Focus Sash\n|-damage|p2b: Raichu|1/100\n|move|p2b: Raichu|Volt Switch|p1b: Charizard\n|-supereffective|p1b: Charizard|1\n|-damage|p1b: Charizard|44/100\n|\n|t:|1776543735\n|switch|p2b: Kangaskhan|Kangaskhan, L50, F|100/100|[from] Volt Switch\n|\n|-weather|SunnyDay|[upkeep]\n|upkeep\n|turn|4\n|\n|t:|1776543753\n|switch|p2b: Pelipper|Pelipper, L50, F|100/100\n|-weather|RainDance|[from] ability: Drizzle|[of] p2b: Pelipper\n|move|p1b: Charizard|Protect|p1b: Charizard\n|-singleturn|p1b: Charizard|Protect\n|move|p1a: Garchomp|Earthquake|p2a: Starmie|[spread] p2a\n|-activate|p1b: Charizard|move: Protect\n|-immune|p2b: Pelipper\n|-damage|p2a: Starmie|52/100\n|move|p2a: Starmie|Expanding Force|p1a: Garchomp|[spread] p1a\n|-activate|p1b: Charizard|move: Protect\n|-damage|p1a: Garchomp|0 fnt\n|faint|p1a: Garchomp\n|\n|-weather|RainDance|[upkeep]\n|upkeep\n|\n|t:|1776543767\n|switch|p1a: Typhlosion|Typhlosion-Hisui, L50, F|100/100\n|-item|p2a: Starmie|Starminite|[from] ability: Frisk|[of] p1a: Typhlosion\n|-item|p2b: Pelipper|Quick Claw|[from] ability: Frisk|[of] p1a: Typhlosion\n|turn|5\n|\n|t:|1776543782\n|move|p2a: Starmie|Protect|p2a: Starmie\n|-singleturn|p2a: Starmie|Protect\n|move|p1a: Typhlosion|Shadow Ball|p2a: Starmie\n|-activate|p2a: Starmie|move: Protect\n|move|p1b: Charizard|Weather Ball|p2b: Pelipper\n|-resisted|p2b: Pelipper|1\n|-damage|p2b: Pelipper|43/100\n|move|p2b: Pelipper|Tailwind|p2b: Pelipper\n|-sidestart|p2: joshferd|move: Tailwind\n|\n|-weather|RainDance|[upkeep]\n|-sideend|p1: RCBardo|move: Tailwind\n|upkeep\n|turn|6\n|\n|t:|1776543796\n|move|p2a: Starmie|Expanding Force|p1b: Charizard|[spread] p1a,p1b\n|-damage|p1a: Typhlosion|4/100\n|-damage|p1b: Charizard|0 fnt\n|faint|p1b: Charizard\n|move|p2b: Pelipper|Weather Ball|p1a: Typhlosion\n|-supereffective|p1a: Typhlosion|1\n|-damage|p1a: Typhlosion|0 fnt\n|faint|p1a: Typhlosion\n|\n|win|joshferd\n|raw|RCBardo's rating: 1144 &rarr; <strong>1126</strong><br />(-18 for losing)\n|raw|joshferd's rating: 1241 &rarr; <strong>1259</strong><br />(+18 for winning)\n|l|\u2606RCBardo\n|player|p1|\n",
  "uploadtime": 1776543900,
  "views": 21,
  "formatid": "gen9championsvgc2026regma",
  "rating": 1126,
  "private": 0,
  "password": null
}