{
  "id": "gen9championsvgc2026regma-2581274861",
  "format": "[Gen 9 Champions] VGC 2026 Reg M-A",
  "players": [
    "badaaabum",
    "King L5"
  ],
  "log": "|j|\u2606badaaabum\n|j|\u2606King L5\n|t:|1775979850\n|gametype|doubles\n|player|p1|badaaabum|rocketgrunt|1258\n|player|p2|King L5|#dcliiinfernalarmory|1264\n|gen|9\n|tier|[Gen 9 Champions] VGC 2026 Reg M-A\n|rated|\n|rule|Species Clause: Limit one of each Pok\u00e9mon\n|rule|Item Clause: Limit 1 of each item\n|clearpoke\n|poke|p1|Espathra, L50, F|\n|poke|p1|Scovillain, L50, M|\n|poke|p1|Gengar, L50, M|\n|poke|p1|Milotic, L50, F|\n|poke|p1|Goodra-Hisui, L50, M|\n|poke|p1|Zoroark-Hisui, L50, M|\n|poke|p2|Floette-Eternal, L50, F|\n|poke|p2|Incineroar, L50, M|\n|poke|p2|Sinistcha, L50|\n|poke|p2|Basculegion, L50, M|\n|poke|p2|Aerodactyl, L50, M|\n|poke|p2|Garchomp, L50, F|\n|teampreview|4\n|inactive|Battle timer is ON: inactive players will automatically lose when time's up. (requested by badaaabum)\n|\n|t:|1775979882\n|teamsize|p1|4\n|teamsize|p2|4\n|start\n|switch|p1a: Espathra|Espathra, L50, F, shiny|100/100\n|switch|p1b: Milotic|Milotic, L50, F, shiny|100/100\n|switch|p2a: Floette|Floette-Eternal, L50, F|100/100\n|switch|p2b: Incineroar|Incineroar, L50, M|100/100\n|-ability|p2b: Incineroar|Intimidate|boost\n|-unboost|p1a: Espathra|atk|1\n|-unboost|p1b: Milotic|atk|1\n|-ability|p1b: Milotic|Competitive|boost\n|-boost|p1b: Milotic|spa|2\n|turn|1\n|j| gE1xjZRtuhW2DdT0AK\n|\n|t:|1775979904\n|detailschange|p2a: Floette|Floette-Mega, L50, F\n|-mega|p2a: Floette|Floette|Floettite\n|-ability|p2a: Floette|Fairy Aura\n|move|p2b: Incineroar|Fake Out|p1b: Milotic\n|-damage|p1b: Milotic|92/100\n|move|p1a: Espathra|Calm Mind|p1a: Espathra\n|-boost|p1a: Espathra|spa|1\n|-boost|p1a: Espathra|spd|1\n|move|p2a: Floette|Calm Mind|p2a: Floette\n|-boost|p2a: Floette|spa|1\n|-boost|p2a: Floette|spd|1\n|cant|p1b: Milotic|flinch\n|\n|-heal|p1b: Milotic|98/100|[from] item: Leftovers\n|-ability|p1a: Espathra|Speed Boost|boost\n|-boost|p1a: Espathra|spe|1\n|upkeep\n|turn|2\n|inactive|badaaabum has 30 seconds left.\n|inactive|King L5 has 30 seconds left.\n|\n|t:|1775979931\n|move|p1a: Espathra|Calm Mind|p1a: Espathra\n|-boost|p1a: Espathra|spa|1\n|-boost|p1a: Espathra|spd|1\n|move|p2a: Floette|Moonblast|p1a: Espathra\n|-damage|p1a: Espathra|10/100\n|move|p1b: Milotic|Scald|p2b: Incineroar\n|-supereffective|p2b: Incineroar|1\n|-damage|p2b: Incineroar|23/100\n|-enditem|p2b: Incineroar|Sitrus Berry|[eat]\n|-heal|p2b: Incineroar|48/100|[from] item: Sitrus Berry\n|move|p2b: Incineroar|Darkest Lariat|p1a: Espathra\n|-supereffective|p1a: Espathra|1\n|-crit|p1a: Espathra\n|-damage|p1a: Espathra|0 fnt\n|faint|p1a: Espathra\n|\n|-heal|p1b: Milotic|100/100|[from] item: Leftovers\n|upkeep\n|\n|t:|1775979949\n|switch|p1a: Scovillain|Scovillain, L50, M, shiny|100/100\n|turn|3\n|\n|t:|1775979970\n|switch|p2b: Sinistcha|Sinistcha, L50|100/100\n|detailschange|p1a: Scovillain|Scovillain-Mega, L50, M, shiny\n|-mega|p1a: Scovillain|Scovillain|Scovillainite\n|move|p1a: Scovillain|Rage Powder|p1a: Scovillain\n|-singleturn|p1a: Scovillain|move: Rage Powder\n|move|p2a: Floette|Calm Mind|p2a: Floette\n|-boost|p2a: Floette|spa|1\n|-boost|p2a: Floette|spd|1\n|move|p1b: Milotic|Scald|p2b: Sinistcha\n|-resisted|p2b: Sinistcha|1\n|-damage|p2b: Sinistcha|74/100\n|\n|-heal|p2b: Sinistcha|80/100|[from] item: Leftovers\n|upkeep\n|turn|4\n|inactive|King L5 has 30 seconds left.\n|\n|t:|1775979995\n|move|p2a: Floette|Moonblast|p1b: Milotic\n|-damage|p1b: Milotic|0 fnt\n|faint|p1b: Milotic\n|move|p1a: Scovillain|Flamethrower|p2b: Sinistcha\n|-supereffective|p2b: Sinistcha|1\n|-damage|p2b: Sinistcha|6/100\n|move|p2b: Sinistcha|Matcha Gotcha|p1a: Scovillain\n|-resisted|p1a: Scovillain|2\n|-damage|p1a: Scovillain|93/100\n|-heal|p2b: Sinistcha|10/100|[from] drain|[of] p1a: Scovillain\n|-status|p2b: Sinistcha|brn|[from] ability: Spicy Spray|[of] p1a: Scovillain\n|\n|-heal|p2b: Sinistcha|16/100 brn|[from] item: Leftovers\n|-damage|p2b: Sinistcha|10/100 brn|[from] brn\n|upkeep\n|\n|t:|1775980013\n|switch|p1b: Goodra|Goodra-Hisui, L50, M, shiny|100/100\n|turn|5\n|\n|t:|1775980036\n|switch|p2b: Incineroar|Incineroar, L50, M|48/100\n|-ability|p2b: Incineroar|Intimidate|boost\n|-unboost|p1a: Scovillain|atk|1\n|-unboost|p1b: Goodra|atk|1\n|move|p1a: Scovillain|Rage Powder|p1a: Scovillain\n|-singleturn|p1a: Scovillain|move: Rage Powder\n|move|p2a: Floette|Moonblast|p1a: Scovillain\n|-resisted|p1a: Scovillain|1\n|-damage|p1a: Scovillain|19/100\n|-status|p2a: Floette|brn|[from] ability: Spicy Spray|[of] p1a: Scovillain\n|move|p1b: Goodra|Heavy Slam|p2a: Floette\n|-supereffective|p2a: Floette|1\n|-damage|p2a: Floette|60/100 brn\n|\n|-damage|p2a: Floette|54/100 brn|[from] brn\n|upkeep\n|turn|6\n|inactive|badaaabum has 30 seconds left.\n|inactive|King L5 has 30 seconds left.\n|\n|t:|1775980063\n|move|p2b: Incineroar|Fake Out|p1b: Goodra\n|-resisted|p1b: Goodra|1\n|-damage|p1b: Goodra|97/100\n|move|p2a: Floette|Moonblast|p1b: Goodra\n|-damage|p1b: Goodra|0 fnt\n|faint|p1b: Goodra\n|move|p1a: Scovillain|Giga Drain|p2a: Floette\n|-crit|p2a: Floette\n|-damage|p2a: Floette|17/100 brn\n|-heal|p1a: Scovillain|38/100|[from] drain|[of] p2a: Floette\n|\n|-damage|p2a: Floette|10/100 brn|[from] brn\n|upkeep\n|turn|7\n|\n|t:|1775980078\n|switch|p2b: Sinistcha|Sinistcha, L50|10/100 brn\n|-heal|p2a: Floette|35/100 brn|[from] ability: Hospitality|[of] p2b: Sinistcha\n|move|p1a: Scovillain|Protect|p1a: Scovillain\n|-singleturn|p1a: Scovillain|Protect\n|move|p2a: Floette|Moonblast|p1a: Scovillain\n|-activate|p1a: Scovillain|move: Protect\n|\n|-heal|p2b: Sinistcha|16/100 brn|[from] item: Leftovers\n|-damage|p2a: Floette|29/100 brn|[from] brn\n|-damage|p2b: Sinistcha|10/100 brn|[from] brn\n|upkeep\n|turn|8\n|-message|badaaabum forfeited.\n|\n|win|King L5\n|raw|badaaabum's rating: 1258 &rarr; <strong>1233</strong><br />(-25 for losing)\n|raw|King L5's rating: 1264 &rarr; <strong>1289</strong><br />(+25 for winning)\n|l|\u2606badaaabum\n|player|p1|\n|l|\u2606King L5\n|player|p2|\n",
  "uploadtime": 1775980098,
  "views": 26,
  "formatid": "gen9championsvgc2026regma",
  "rating": 1233,
  "private": 0,
  "password": null
}