{
  "id": "gen9championsvgc2026regma-2585149956",
  "format": "[Gen 9 Champions] VGC 2026 Reg M-A",
  "players": [
    "loklastaji",
    "CabbageAgain"
  ],
  "log": "|j|\u2606loklastaji\n|j|\u2606CabbageAgain\n|t:|1776317913\n|gametype|doubles\n|player|p1|loklastaji|102|1336\n|player|p2|CabbageAgain|miku-water|1383\n|gen|9\n|tier|[Gen 9 Champions] VGC 2026 Reg M-A\n|rated|\n|rule|Species Clause: Limit one of each Pok\u00e9mon\n|rule|Item Clause: Limit 1 of each item\n|clearpoke\n|poke|p1|Samurott-Hisui, L50, F|\n|poke|p1|Delphox, L50, M|\n|poke|p1|Tinkaton, L50, F|\n|poke|p1|Decidueye-Hisui, L50, M|\n|poke|p1|Dragonite, L50, F|\n|poke|p1|Maushold-Four, L50|\n|poke|p2|Lopunny, L50, M|\n|poke|p2|Aerodactyl, L50, F|\n|poke|p2|Volcarona, L50, F|\n|poke|p2|Basculegion, L50, M|\n|poke|p2|Meganium, L50, F|\n|poke|p2|Kingambit, L50, M|\n|teampreview|4\n|inactive|Battle timer is ON: inactive players will automatically lose when time's up. (requested by CabbageAgain)\n|inactive|loklastaji has 60 seconds left.\n|inactive|CabbageAgain has 60 seconds left.\n|\n|t:|1776317964\n|teamsize|p1|4\n|teamsize|p2|4\n|start\n|switch|p1a: Tinkaton|Tinkaton, L50, F|100/100\n|switch|p1b: Dragonite|Dragonite, L50, F|100/100\n|switch|p2a: Lopunny|Lopunny, L50, M|100/100\n|switch|p2b: Aerodactyl|Aerodactyl, L50, F|100/100\n|-ability|p1a: Tinkaton|Mold Breaker\n|turn|1\n|\n|t:|1776317992\n|detailschange|p2a: Lopunny|Lopunny-Mega, L50, M\n|-mega|p2a: Lopunny|Lopunny|Lopunnite\n|move|p2a: Lopunny|Fake Out|p1b: Dragonite\n|-damage|p1b: Dragonite|72/100\n|move|p1a: Tinkaton|Fake Out|p2b: Aerodactyl\n|-resisted|p2b: Aerodactyl|1\n|-damage|p2b: Aerodactyl|93/100\n|cant|p2b: Aerodactyl|flinch\n|move|p1b: Dragonite|Tailwind|p1b: Dragonite\n|-sidestart|p1: loklastaji|move: Tailwind\n|\n|upkeep\n|turn|2\n|inactive|CabbageAgain has 30 seconds left.\n|\n|t:|1776318021\n|move|p1a: Tinkaton|Gigaton Hammer|p2b: Aerodactyl\n|-supereffective|p2b: Aerodactyl|1\n|-damage|p2b: Aerodactyl|0 fnt\n|faint|p2b: Aerodactyl\n|move|p1b: Dragonite|Draco Meteor|p2a: Lopunny\n|-damage|p2a: Lopunny|27/100\n|-unboost|p1b: Dragonite|spa|2\n|move|p2a: Lopunny|Close Combat|p1a: Tinkaton\n|-damage|p1a: Tinkaton|5/100\n|-unboost|p2a: Lopunny|def|1\n|-unboost|p2a: Lopunny|spd|1\n|-enditem|p1a: Tinkaton|Sitrus Berry|[eat]\n|-heal|p1a: Tinkaton|30/100|[from] item: Sitrus Berry\n|\n|upkeep\n|\n|t:|1776318036\n|switch|p2b: Basculegion|Basculegion, L50, M|100/100\n|turn|3\n|inactive|loklastaji has 30 seconds left.\n|inactive|CabbageAgain has 30 seconds left.\n|\n|t:|1776318063\n|switch|p1a: Samurott|Samurott-Hisui, L50, F|100/100\n|switch|p1b: Decidueye|Decidueye-Hisui, L50, M|100/100\n|switch|p2a: Volcarona|Volcarona, L50, F|100/100\n|move|p2b: Basculegion|Last Respects|p1b: Decidueye\n|-damage|p1b: Decidueye|16/100\n|\n|upkeep\n|turn|4\n|\n|t:|1776318083\n|switch|p1a: Dragonite|Dragonite, L50, F|72/100\n|move|p2a: Volcarona|Protect|p2a: Volcarona\n|-singleturn|p2a: Volcarona|Protect\n|move|p1b: Decidueye|Leaf Blade|p2b: Basculegion\n|-supereffective|p2b: Basculegion|1\n|-damage|p2b: Basculegion|0 fnt\n|faint|p2b: Basculegion\n|\n|-sideend|p1: loklastaji|move: Tailwind\n|upkeep\n|\n|t:|1776318092\n|switch|p2b: Lopunny|Lopunny-Mega, L50, M|27/100\n|turn|5\n|inactive|loklastaji has 30 seconds left.\n|\n|t:|1776318118\n|move|p2b: Lopunny|Protect|p2b: Lopunny\n|-singleturn|p2b: Lopunny|Protect\n|move|p1b: Decidueye|Leaf Blade|p2b: Lopunny\n|-activate|p2b: Lopunny|move: Protect\n|move|p1a: Dragonite|Tailwind|p1a: Dragonite\n|-sidestart|p1: loklastaji|move: Tailwind\n|move|p2a: Volcarona|Quiver Dance|p2a: Volcarona\n|-boost|p2a: Volcarona|spa|1\n|-boost|p2a: Volcarona|spd|1\n|-boost|p2a: Volcarona|spe|1\n|\n|upkeep\n|turn|6\n|\n|t:|1776318143\n|detailschange|p1a: Dragonite|Dragonite-Mega, L50, F\n|-mega|p1a: Dragonite|Dragonite|Dragoninite\n|move|p2b: Lopunny|Mach Punch|p1b: Decidueye\n|-damage|p1b: Decidueye|0 fnt\n|faint|p1b: Decidueye\n|move|p1a: Dragonite|Air Slash|p2a: Volcarona\n|-supereffective|p2a: Volcarona|1\n|-damage|p2a: Volcarona|39/100\n|move|p2a: Volcarona|Quiver Dance|p2a: Volcarona\n|-boost|p2a: Volcarona|spa|1\n|-boost|p2a: Volcarona|spd|1\n|-boost|p2a: Volcarona|spe|1\n|\n|-heal|p2a: Volcarona|45/100|[from] item: Leftovers\n|upkeep\n|inactive|loklastaji has 30 seconds left.\n|\n|t:|1776318168\n|switch|p1b: Samurott|Samurott-Hisui, L50, F|100/100\n|turn|7\n|\n|t:|1776318184\n|move|p2a: Volcarona|Protect|p2a: Volcarona\n|-singleturn|p2a: Volcarona|Protect\n|move|p1b: Samurott|Sucker Punch|p2b: Lopunny\n|-resisted|p2b: Lopunny|1\n|-damage|p2b: Lopunny|4/100\n|move|p2b: Lopunny|Mach Punch|p1b: Samurott\n|-supereffective|p1b: Samurott|1\n|-damage|p1b: Samurott|39/100\n|move|p1a: Dragonite|Air Slash|p2a: Volcarona\n|-activate|p2a: Volcarona|move: Protect\n|\n|-heal|p2a: Volcarona|50/100|[from] item: Leftovers\n|upkeep\n|turn|8\n|inactive|loklastaji has 30 seconds left.\n|j| nezrann\n|inactive|loklastaji has 20 seconds left.\n|inactive|loklastaji has 15 seconds left.\n|inactive|loklastaji has 10 seconds left.\n|\n|t:|1776318230\n|move|p2b: Lopunny|Mach Punch|p1b: Samurott\n|-supereffective|p1b: Samurott|1\n|-damage|p1b: Samurott|0 fnt\n|faint|p1b: Samurott\n|move|p1a: Dragonite|Air Slash|p2a: Volcarona\n|-supereffective|p2a: Volcarona|1\n|-damage|p2a: Volcarona|6/100\n|cant|p2a: Volcarona|flinch\n|\n|-heal|p2a: Volcarona|12/100|[from] item: Leftovers\n|-sideend|p1: loklastaji|move: Tailwind\n|upkeep\n|\n|t:|1776318242\n|switch|p1b: Tinkaton|Tinkaton, L50, F|30/100\n|-ability|p1b: Tinkaton|Mold Breaker\n|turn|9\n|\n|t:|1776318262\n|move|p2a: Volcarona|Protect|p2a: Volcarona\n|-singleturn|p2a: Volcarona|Protect\n|move|p2b: Lopunny|Protect|p2b: Lopunny\n|-singleturn|p2b: Lopunny|Protect\n|move|p1b: Tinkaton|Fake Out|p2b: Lopunny\n|-activate|p2b: Lopunny|move: Protect\n|move|p1a: Dragonite|Air Slash|p2a: Volcarona\n|-activate|p2a: Volcarona|move: Protect\n|\n|-heal|p2a: Volcarona|18/100|[from] item: Leftovers\n|upkeep\n|turn|10\n|\n|t:|1776318276\n|move|p1b: Tinkaton|Protect|p1b: Tinkaton\n|-singleturn|p1b: Tinkaton|Protect\n|move|p2a: Volcarona|Heat Wave|p1b: Tinkaton|[spread] p1a\n|-activate|p1b: Tinkaton|move: Protect\n|-resisted|p1a: Dragonite|1\n|-damage|p1a: Dragonite|39/100\n|move|p2b: Lopunny|Close Combat|p1a: Dragonite\n|-resisted|p1a: Dragonite|1\n|-damage|p1a: Dragonite|6/100\n|-unboost|p2b: Lopunny|def|1\n|-unboost|p2b: Lopunny|spd|1\n|move|p1a: Dragonite|Tailwind|p1a: Dragonite\n|-sidestart|p1: loklastaji|move: Tailwind\n|\n|-heal|p2a: Volcarona|24/100|[from] item: Leftovers\n|upkeep\n|turn|11\n|inactive|CabbageAgain has 30 seconds left.\n|\n|t:|1776318302\n|move|p2a: Volcarona|Protect|p2a: Volcarona\n|-singleturn|p2a: Volcarona|Protect\n|move|p2b: Lopunny|Protect|p2b: Lopunny\n|-singleturn|p2b: Lopunny|Protect\n|move|p1a: Dragonite|Air Slash|p2a: Volcarona\n|-activate|p2a: Volcarona|move: Protect\n|move|p1b: Tinkaton|Gigaton Hammer|p2b: Lopunny\n|-activate|p2b: Lopunny|move: Protect\n|\n|-heal|p2a: Volcarona|30/100|[from] item: Leftovers\n|upkeep\n|turn|12\n|\n|t:|1776318323\n|move|p2b: Lopunny|Mach Punch|p1a: Dragonite\n|-resisted|p1a: Dragonite|1\n|-damage|p1a: Dragonite|0 fnt\n|faint|p1a: Dragonite\n|move|p1b: Tinkaton|Play Rough|p2b: Lopunny\n|-supereffective|p2b: Lopunny|1\n|-damage|p2b: Lopunny|0 fnt\n|faint|p2b: Lopunny\n|move|p2a: Volcarona|Heat Wave|p1b: Tinkaton\n|-supereffective|p1b: Tinkaton|1\n|-damage|p1b: Tinkaton|0 fnt\n|faint|p1b: Tinkaton\n|\n|win|CabbageAgain\n|raw|loklastaji's rating: 1336 &rarr; <strong>1319</strong><br />(-17 for losing)\n|raw|CabbageAgain's rating: 1383 &rarr; <strong>1400</strong><br />(+17 for winning)\n|c|\u2606CabbageAgain|gg\n|l|\u2606loklastaji\n|player|p1|\n|c|\u2606CabbageAgain|That was such a close gam\n|c|\u2606CabbageAgain|e\n",
  "uploadtime": 1776318337,
  "views": 28,
  "formatid": "gen9championsvgc2026regma",
  "rating": 1319,
  "private": 0,
  "password": null
}