{
  "id": "gen9championsvgc2026regma-2581392565",
  "format": "[Gen 9 Champions] VGC 2026 Reg M-A",
  "players": [
    "KBeeDS",
    "birdmmx"
  ],
  "log": "|j|\u2606KBeeDS\n|j|\u2606birdmmx\n|t:|1775995557\n|gametype|doubles\n|player|p1|KBeeDS|palmer|1079\n|player|p2|birdmmx|elesa|1048\n|gen|9\n|tier|[Gen 9 Champions] VGC 2026 Reg M-A\n|rated|\n|rule|Species Clause: Limit one of each Pok\u00e9mon\n|rule|Item Clause: Limit 1 of each item\n|clearpoke\n|poke|p1|Tyranitar, L50, F|\n|poke|p1|Excadrill, L50, F|\n|poke|p1|Gyarados, L50, M|\n|poke|p1|Sinistcha, L50|\n|poke|p1|Gardevoir, L50, M|\n|poke|p1|Rotom-Heat, L50|\n|poke|p2|Whimsicott, L50, M|\n|poke|p2|Gardevoir, L50, F|\n|poke|p2|Kingambit, L50, F|\n|poke|p2|Maushold-Four, L50|\n|poke|p2|Incineroar, L50, M|\n|poke|p2|Sneasler, L50, F|\n|teampreview|4\n|\n|t:|1775995604\n|teamsize|p1|4\n|teamsize|p2|4\n|start\n|switch|p1a: Tyranitar|Tyranitar, L50, F|100/100\n|switch|p1b: Excadrill|Excadrill, L50, F|100/100\n|switch|p2a: Incineroar|Incineroar, L50, M, shiny|100/100\n|switch|p2b: Gardevoir|Gardevoir, L50, F, shiny|100/100\n|-ability|p2b: Gardevoir|Sand Rush|Trace|[from] ability: Trace|[of] p1b: Excadrill\n|-weather|Sandstorm|[from] ability: Sand Stream|[of] p1a: Tyranitar\n|-ability|p2a: Incineroar|Intimidate|boost\n|-unboost|p1a: Tyranitar|atk|1\n|-unboost|p1b: Excadrill|atk|1\n|turn|1\n|\n|t:|1775995660\n|switch|p1b: Sinistcha|Sinistcha, L50|100/100\n|detailschange|p2b: Gardevoir|Gardevoir-Mega, L50, F, shiny\n|-mega|p2b: Gardevoir|Gardevoir|Gardevoirite\n|detailschange|p1a: Tyranitar|Tyranitar-Mega, L50, F\n|-mega|p1a: Tyranitar|Tyranitar|Tyranitarite\n|move|p2a: Incineroar|Fake Out|p1b: Sinistcha\n|-immune|p1b: Sinistcha\n|move|p2b: Gardevoir|Hyper Voice|p1b: Sinistcha|[spread] p1a,p1b\n|-supereffective|p1a: Tyranitar|1\n|-damage|p1a: Tyranitar|38/100\n|-damage|p1b: Sinistcha|42/100\n|-enditem|p1b: Sinistcha|Sitrus Berry|[eat]\n|-heal|p1b: Sinistcha|66/100|[from] item: Sitrus Berry\n|move|p1a: Tyranitar|Rock Slide|p2a: Incineroar|[spread] \n|-miss|p1a: Tyranitar|p2a: Incineroar\n|-miss|p1a: Tyranitar|p2b: Gardevoir\n|\n|-weather|Sandstorm|[upkeep]\n|-damage|p2b: Gardevoir|94/100|[from] Sandstorm\n|-damage|p1b: Sinistcha|60/100|[from] Sandstorm\n|-damage|p2a: Incineroar|95/100|[from] Sandstorm\n|upkeep\n|turn|2\n|\n|t:|1775995688\n|move|p1a: Tyranitar|Protect|p1a: Tyranitar\n|-singleturn|p1a: Tyranitar|Protect\n|move|p2b: Gardevoir|Hyper Voice|p1b: Sinistcha|[spread] p1b\n|-activate|p1a: Tyranitar|move: Protect\n|-damage|p1b: Sinistcha|6/100\n|move|p2a: Incineroar|Parting Shot|p1b: Sinistcha\n|-unboost|p1b: Sinistcha|atk|1\n|-unboost|p1b: Sinistcha|spa|1\n|\n|t:|1775995701\n|switch|p2a: Whimsicott|Whimsicott, L50, M, shiny|100/100|[from] Parting Shot\n|move|p1b: Sinistcha|Trick Room|p1b: Sinistcha\n|-fieldstart|move: Trick Room|[of] p1b: Sinistcha\n|\n|-weather|Sandstorm|[upkeep]\n|-damage|p1b: Sinistcha|0 fnt|[from] Sandstorm\n|-damage|p2b: Gardevoir|88/100|[from] Sandstorm\n|-damage|p2a: Whimsicott|95/100|[from] Sandstorm\n|faint|p1b: Sinistcha\n|upkeep\n|\n|t:|1775995714\n|switch|p1b: Excadrill|Excadrill, L50, F|100/100\n|turn|3\n|\n|t:|1775995736\n|move|p2b: Gardevoir|Protect|p2b: Gardevoir\n|-singleturn|p2b: Gardevoir|Protect\n|move|p2a: Whimsicott|Sunny Day|p2a: Whimsicott\n|-weather|SunnyDay\n|move|p1a: Tyranitar|Rock Slide|p2a: Whimsicott|[spread] p2a\n|-activate|p2b: Gardevoir|move: Protect\n|-damage|p2a: Whimsicott|59/100\n|move|p1b: Excadrill|Iron Head|p2b: Gardevoir\n|-activate|p2b: Gardevoir|move: Protect\n|\n|-weather|SunnyDay|[upkeep]\n|upkeep\n|turn|4\n|\n|t:|1775995763\n|switch|p2a: Incineroar|Incineroar, L50, M, shiny|95/100\n|-ability|p2a: Incineroar|Intimidate|boost\n|-unboost|p1a: Tyranitar|atk|1\n|-unboost|p1b: Excadrill|atk|1\n|move|p1a: Tyranitar|Rock Slide|p2b: Gardevoir|[spread] p2a\n|-miss|p1a: Tyranitar|p2b: Gardevoir\n|-supereffective|p2a: Incineroar|1\n|-damage|p2a: Incineroar|67/100\n|move|p2b: Gardevoir|Hyper Voice|p1b: Excadrill|[spread] p1a,p1b\n|-supereffective|p1a: Tyranitar|1\n|-resisted|p1b: Excadrill|1\n|-damage|p1a: Tyranitar|0 fnt\n|-damage|p1b: Excadrill|62/100\n|faint|p1a: Tyranitar\n|move|p1b: Excadrill|Iron Head|p2b: Gardevoir\n|-supereffective|p2b: Gardevoir|1\n|-damage|p2b: Gardevoir|0 fnt\n|faint|p2b: Gardevoir\n|\n|-weather|SunnyDay|[upkeep]\n|upkeep\n|\n|t:|1775995781\n|switch|p1a: Rotom|Rotom-Heat, L50|100/100\n|switch|p2b: Sneasler|Sneasler, L50, F, shiny|100/100\n|turn|5\n|\n|t:|1775995803\n|move|p1b: Excadrill|Protect|p1b: Excadrill\n|-singleturn|p1b: Excadrill|Protect\n|move|p2a: Incineroar|Fake Out|p1b: Excadrill\n|-activate|p1b: Excadrill|move: Protect\n|move|p2b: Sneasler|Close Combat|p1b: Excadrill\n|-activate|p1b: Excadrill|move: Protect\n|move|p1a: Rotom|Discharge|p2b: Sneasler|[spread] p2a,p2b\n|-activate|p1b: Excadrill|move: Protect\n|-damage|p2a: Incineroar|47/100\n|-damage|p2b: Sneasler|64/100\n|-status|p2a: Incineroar|par\n|-status|p2b: Sneasler|par\n|-enditem|p2a: Incineroar|Sitrus Berry|[eat]\n|-heal|p2a: Incineroar|72/100 par|[from] item: Sitrus Berry\n|\n|-weather|SunnyDay|[upkeep]\n|upkeep\n|turn|6\n|\n|t:|1775995826\n|move|p2b: Sneasler|Protect|p2b: Sneasler\n|-singleturn|p2b: Sneasler|Protect\n|move|p2a: Incineroar|Flare Blitz|p1b: Excadrill\n|-supereffective|p1b: Excadrill|1\n|-damage|p1b: Excadrill|0 fnt\n|faint|p1b: Excadrill\n|-damage|p2a: Incineroar|53/100 par|[from] Recoil\n|move|p1a: Rotom|Discharge|p2b: Sneasler|[spread] p2a\n|-activate|p2b: Sneasler|move: Protect\n|-damage|p2a: Incineroar|33/100 par\n|\n|-weather|SunnyDay|[upkeep]\n|-fieldend|move: Trick Room\n|upkeep\n|turn|7\n|\n|t:|1775995845\n|move|p1a: Rotom|Discharge|p2b: Sneasler|[spread] p2a,p2b\n|-damage|p2a: Incineroar|13/100 par\n|-damage|p2b: Sneasler|24/100 par\n|cant|p2b: Sneasler|par\n|move|p2a: Incineroar|Throat Chop|p1a: Rotom\n|-damage|p1a: Rotom|58/100\n|-start|p1a: Rotom|Throat Chop|[silent]\n|\n|-weather|none\n|upkeep\n|turn|8\n|\n|t:|1775995864\n|move|p2b: Sneasler|Protect|p2b: Sneasler\n|-singleturn|p2b: Sneasler|Protect\n|move|p1a: Rotom|Discharge|p2b: Sneasler|[spread] p2a\n|-activate|p2b: Sneasler|move: Protect\n|-damage|p2a: Incineroar|0 fnt\n|faint|p2a: Incineroar\n|\n|-end|p1a: Rotom|Throat Chop|[silent]\n|upkeep\n|\n|t:|1775995871\n|switch|p2a: Whimsicott|Whimsicott, L50, M, shiny|59/100\n|turn|9\n|\n|t:|1775995880\n|move|p1a: Rotom|Discharge|p2b: Sneasler|[spread] p2a,p2b\n|-resisted|p2a: Whimsicott|1\n|-damage|p2a: Whimsicott|37/100\n|-damage|p2b: Sneasler|0 fnt\n|-status|p2a: Whimsicott|par\n|faint|p2b: Sneasler\n|move|p2a: Whimsicott|Moonblast|p1a: Rotom\n|-resisted|p1a: Rotom|1\n|-damage|p1a: Rotom|37/100\n|\n|upkeep\n|turn|10\n|\n|t:|1775995891\n|move|p1a: Rotom|Discharge|p2a: Whimsicott\n|-resisted|p2a: Whimsicott|1\n|-damage|p2a: Whimsicott|6/100 par\n|cant|p2a: Whimsicott|par\n|\n|upkeep\n|turn|11\n|\n|t:|1775995903\n|move|p1a: Rotom|Discharge|p2a: Whimsicott\n|-resisted|p2a: Whimsicott|1\n|-damage|p2a: Whimsicott|0 fnt\n|faint|p2a: Whimsicott\n|\n|win|KBeeDS\n|raw|KBeeDS's rating: 1079 &rarr; <strong>1105</strong><br />(+26 for winning)\n|raw|birdmmx's rating: 1048 &rarr; <strong>1032</strong><br />(-16 for losing)\n|c|\u2606KBeeDS|gg\n|l|\u2606birdmmx\n|player|p2|\n",
  "uploadtime": 1775995911,
  "views": 35,
  "formatid": "gen9championsvgc2026regma",
  "rating": 1032,
  "private": 0,
  "password": null
}