{
  "id": "gen9championsvgc2026regma-2586622554",
  "format": "[Gen 9 Champions] VGC 2026 Reg M-A",
  "players": [
    "pingu79abc",
    "No1NumelFan"
  ],
  "log": "|j|\u2606pingu79abc\n|j|\u2606No1NumelFan\n|t:|1776447536\n|gametype|doubles\n|player|p1|pingu79abc|hiker-gen4|1109\n|player|p2|No1NumelFan|265|1045\n|gen|9\n|tier|[Gen 9 Champions] VGC 2026 Reg M-A\n|rated|\n|rule|Species Clause: Limit one of each Pok\u00e9mon\n|rule|Item Clause: Limit 1 of each item\n|clearpoke\n|poke|p1|Altaria, L50, F|\n|poke|p1|Azumarill, L50, F|\n|poke|p1|Sableye, L50, M|\n|poke|p1|Salazzle, L50, F|\n|poke|p1|Sinistcha, L50|\n|poke|p1|Lopunny, L50, F|\n|poke|p2|Incineroar, L50, F|\n|poke|p2|Greninja-*, L50, M|\n|poke|p2|Altaria, L50, F|\n|poke|p2|Kleavor, L50, F|\n|poke|p2|Volcarona, L50, M|\n|poke|p2|Sinistcha-Masterpiece, L50|\n|teampreview|4\n|inactive|Battle timer is ON: inactive players will automatically lose when time's up. (requested by pingu79abc)\n|\n|t:|1776447561\n|teamsize|p1|4\n|teamsize|p2|4\n|start\n|switch|p1a: Azumarill|Azumarill, L50, F|100/100\n|switch|p1b: Salazzle|Salazzle, L50, F|100/100\n|switch|p2a: Kleavor|Kleavor, L50, F|100/100\n|switch|p2b: Sinistcha|Sinistcha-Masterpiece, L50|100/100\n|turn|1\n|\n|t:|1776447585\n|switch|p2b: Volcarona|Volcarona, L50, M|100/100\n|move|p1b: Salazzle|Heat Wave|p2a: Kleavor|[spread] p2b\n|-miss|p1b: Salazzle|p2a: Kleavor\n|-damage|p2b: Volcarona|65/100\n|move|p2a: Kleavor|Stone Axe|p1b: Salazzle\n|-supereffective|p1b: Salazzle|1\n|-damage|p1b: Salazzle|0 fnt\n|-sidestart|p1: pingu79abc|move: Stealth Rock\n|faint|p1b: Salazzle\n|move|p1a: Azumarill|Liquidation|p2a: Kleavor\n|-supereffective|p2a: Kleavor|1\n|-enditem|p2a: Kleavor|Focus Sash\n|-damage|p2a: Kleavor|1/100\n|\n|upkeep\n|\n|t:|1776447601\n|switch|p1b: Sinistcha|Sinistcha, L50|100/100\n|-damage|p1b: Sinistcha|88/100|[from] Stealth Rock\n|turn|2\n|\n|t:|1776447608\n|move|p2b: Volcarona|Rage Powder|p2b: Volcarona\n|-singleturn|p2b: Volcarona|move: Rage Powder\n|move|p1a: Azumarill|Aqua Jet|p2b: Volcarona\n|-supereffective|p2b: Volcarona|1\n|-crit|p2b: Volcarona\n|-activate|p2b: Volcarona|item: Focus Band\n|-damage|p2b: Volcarona|1/100\n|-status|p1a: Azumarill|brn|[from] ability: Flame Body|[of] p2b: Volcarona\n|move|p2a: Kleavor|Tailwind|p2a: Kleavor\n|-sidestart|p2: No1NumelFan|move: Tailwind\n|move|p1b: Sinistcha|Matcha Gotcha|p2b: Volcarona|[spread] \n|-miss|p1b: Sinistcha|p2a: Kleavor\n|-miss|p1b: Sinistcha|p2b: Volcarona\n|\n|-damage|p1a: Azumarill|95/100 brn|[from] brn\n|upkeep\n|turn|3\n|inactive|pingu79abc has 30 seconds left.\n|inactive|No1NumelFan has 30 seconds left.\n|\n|t:|1776447638\n|move|p1a: Azumarill|Aqua Jet|p2b: Volcarona\n|-supereffective|p2b: Volcarona|1\n|-damage|p2b: Volcarona|0 fnt\n|faint|p2b: Volcarona\n|move|p2a: Kleavor|Night Slash|p1b: Sinistcha\n|-supereffective|p1b: Sinistcha|1\n|-damage|p1b: Sinistcha|22/100\n|move|p1b: Sinistcha|Trick Room|p1b: Sinistcha\n|-fieldstart|move: Trick Room|[of] p1b: Sinistcha\n|\n|-damage|p1a: Azumarill|89/100 brn|[from] brn\n|upkeep\n|inactive|No1NumelFan has 30 seconds left.\n|inactive|No1NumelFan has 20 seconds left.\n|\n|t:|1776447673\n|switch|p2b: Greninja|Greninja, L50, M|100/100\n|turn|4\n|\n|t:|1776447684\n|detailschange|p2b: Greninja|Greninja-Mega, L50, M\n|-mega|p2b: Greninja|Greninja|Greninjite\n|move|p1a: Azumarill|Aqua Jet|p2a: Kleavor\n|-supereffective|p2a: Kleavor|1\n|-damage|p2a: Kleavor|0 fnt\n|faint|p2a: Kleavor\n|move|p2b: Greninja|Water Shuriken|p1b: Sinistcha\n|-start|p2b: Greninja|typechange|Water|[from] ability: Protean\n|-resisted|p1b: Sinistcha|1\n|-damage|p1b: Sinistcha|18/100\n|-resisted|p1b: Sinistcha|1\n|-damage|p1b: Sinistcha|15/100\n|-hitcount|p1b: Sinistcha|2\n|move|p1b: Sinistcha|Matcha Gotcha|p2b: Greninja\n|-supereffective|p2b: Greninja|1\n|-damage|p2b: Greninja|9/100\n|-heal|p1b: Sinistcha|53/100|[from] drain|[of] p2b: Greninja\n|\n|-damage|p1a: Azumarill|83/100 brn|[from] brn\n|upkeep\n|\n|t:|1776447697\n|switch|p2a: Sinistcha|Sinistcha-Masterpiece, L50|100/100\n|-heal|p2b: Greninja|34/100|[from] ability: Hospitality|[of] p2a: Sinistcha\n|turn|5\n|\n|t:|1776447719\n|move|p1a: Azumarill|Play Rough|p2a: Sinistcha\n|-damage|p2a: Sinistcha|72/100\n|move|p1b: Sinistcha|Matcha Gotcha|p2a: Sinistcha|[spread] p2b\n|-miss|p1b: Sinistcha|p2a: Sinistcha\n|-supereffective|p2b: Greninja|1\n|-damage|p2b: Greninja|0 fnt\n|-heal|p1b: Sinistcha|67/100|[from] drain|[of] p2b: Greninja\n|faint|p2b: Greninja\n|move|p2a: Sinistcha|Matcha Gotcha|p1b: Sinistcha|[spread] p1a\n|-miss|p2a: Sinistcha|p1b: Sinistcha\n|-supereffective|p1a: Azumarill|1\n|-damage|p1a: Azumarill|11/100 brn\n|-heal|p2a: Sinistcha|100/100|[from] drain|[of] p1a: Azumarill\n|\n|-damage|p1a: Azumarill|5/100 brn|[from] brn\n|-sideend|p2: No1NumelFan|move: Tailwind\n|upkeep\n|turn|6\n|inactive|pingu79abc has 30 seconds left.\n|inactive|No1NumelFan has 30 seconds left.\n|\n|t:|1776447747\n|move|p1a: Azumarill|Play Rough|p2a: Sinistcha\n|-damage|p2a: Sinistcha|75/100\n|move|p1b: Sinistcha|Matcha Gotcha|p2a: Sinistcha\n|-resisted|p2a: Sinistcha|1\n|-damage|p2a: Sinistcha|57/100\n|-heal|p1b: Sinistcha|76/100|[from] drain|[of] p2a: Sinistcha\n|move|p2a: Sinistcha|Strength Sap|p1b: Sinistcha\n|-unboost|p1b: Sinistcha|atk|1\n|-heal|p2a: Sinistcha|100/100\n|\n|-damage|p1a: Azumarill|0 fnt|[from] brn\n|faint|p1a: Azumarill\n|upkeep\n|\n|t:|1776447764\n|switch|p1a: Lopunny|Lopunny, L50, F|100/100\n|-damage|p1a: Lopunny|89/100|[from] Stealth Rock\n|turn|7\n|\n|t:|1776447779\n|detailschange|p1a: Lopunny|Lopunny-Mega, L50, F\n|-mega|p1a: Lopunny|Lopunny|Lopunnite\n|move|p1a: Lopunny|Fake Out|p2a: Sinistcha\n|-damage|p2a: Sinistcha|79/100\n|move|p1b: Sinistcha|Matcha Gotcha|p2a: Sinistcha\n|-resisted|p2a: Sinistcha|1\n|-damage|p2a: Sinistcha|60/100\n|-heal|p1b: Sinistcha|86/100|[from] drain|[of] p2a: Sinistcha\n|cant|p2a: Sinistcha|flinch\n|\n|-fieldend|move: Trick Room\n|upkeep\n|turn|8\n|\n|t:|1776447797\n|move|p1a: Lopunny|Close Combat|p2a: Sinistcha\n|-damage|p2a: Sinistcha|1/100\n|-unboost|p1a: Lopunny|def|1\n|-unboost|p1a: Lopunny|spd|1\n|move|p2a: Sinistcha|Strength Sap|p1a: Lopunny\n|-unboost|p1a: Lopunny|atk|1\n|-heal|p2a: Sinistcha|100/100\n|move|p1b: Sinistcha|Matcha Gotcha|p2a: Sinistcha\n|-resisted|p2a: Sinistcha|1\n|-damage|p2a: Sinistcha|81/100\n|-heal|p1b: Sinistcha|95/100|[from] drain|[of] p2a: Sinistcha\n|-status|p2a: Sinistcha|brn\n|\n|-damage|p2a: Sinistcha|75/100 brn|[from] brn\n|upkeep\n|turn|9\n|\n|t:|1776447817\n|move|p1a: Lopunny|Drain Punch|p2a: Sinistcha\n|-damage|p2a: Sinistcha|49/100 brn\n|-heal|p1a: Lopunny|100/100|[from] drain|[of] p2a: Sinistcha\n|move|p2a: Sinistcha|Matcha Gotcha|p1b: Sinistcha|[spread] p1a,p1b\n|-resisted|p1b: Sinistcha|1\n|-damage|p1a: Lopunny|33/100\n|-heal|p2a: Sinistcha|76/100 brn|[from] drain|[of] p1a: Lopunny\n|-damage|p1b: Sinistcha|82/100\n|-heal|p2a: Sinistcha|83/100 brn|[from] drain|[of] p1b: Sinistcha\n|move|p1b: Sinistcha|Matcha Gotcha|p2a: Sinistcha\n|-resisted|p2a: Sinistcha|1\n|-damage|p2a: Sinistcha|65/100 brn\n|-heal|p1b: Sinistcha|92/100|[from] drain|[of] p2a: Sinistcha\n|\n|-damage|p2a: Sinistcha|58/100 brn|[from] brn\n|upkeep\n|turn|10\n|\n|t:|1776447841\n|move|p1a: Lopunny|Protect|p1a: Lopunny\n|-singleturn|p1a: Lopunny|Protect\n|move|p2a: Sinistcha|Matcha Gotcha|p1a: Lopunny|[spread] p1b\n|-activate|p1a: Lopunny|move: Protect\n|-resisted|p1b: Sinistcha|1\n|-damage|p1b: Sinistcha|77/100\n|-heal|p2a: Sinistcha|66/100 brn|[from] drain|[of] p1b: Sinistcha\n|move|p1b: Sinistcha|Life Dew|p1b: Sinistcha|[spread] p1a,p1b\n|-heal|p1a: Lopunny|58/100\n|-heal|p1b: Sinistcha|100/100\n|\n|-damage|p2a: Sinistcha|59/100 brn|[from] brn\n|upkeep\n|turn|11\n|\n|t:|1776447861\n|move|p1a: Lopunny|Drain Punch|p2a: Sinistcha\n|-damage|p2a: Sinistcha|35/100 brn\n|-heal|p1a: Lopunny|74/100|[from] drain|[of] p2a: Sinistcha\n|move|p2a: Sinistcha|Matcha Gotcha|p1b: Sinistcha|[spread] p1a,p1b\n|-resisted|p1b: Sinistcha|1\n|-damage|p1a: Lopunny|10/100\n|-heal|p2a: Sinistcha|61/100 brn|[from] drain|[of] p1a: Lopunny\n|-damage|p1b: Sinistcha|88/100\n|-heal|p2a: Sinistcha|67/100 brn|[from] drain|[of] p1b: Sinistcha\n|-status|p1a: Lopunny|brn\n|move|p1b: Sinistcha|Matcha Gotcha|p2a: Sinistcha\n|-resisted|p2a: Sinistcha|1\n|-damage|p2a: Sinistcha|47/100 brn\n|-heal|p1b: Sinistcha|98/100|[from] drain|[of] p2a: Sinistcha\n|\n|-damage|p1a: Lopunny|5/100 brn|[from] brn\n|-damage|p2a: Sinistcha|40/100 brn|[from] brn\n|upkeep\n|turn|12\n|\n|t:|1776447882\n|move|p1a: Lopunny|Protect|p1a: Lopunny\n|-singleturn|p1a: Lopunny|Protect\n|move|p2a: Sinistcha|Shadow Ball|p1b: Sinistcha\n|-supereffective|p1b: Sinistcha|1\n|-damage|p1b: Sinistcha|7/100\n|move|p1b: Sinistcha|Life Dew|p1b: Sinistcha|[spread] p1a,p1b\n|-heal|p1a: Lopunny|30/100 brn\n|-heal|p1b: Sinistcha|33/100\n|\n|-damage|p1a: Lopunny|24/100 brn|[from] brn\n|-damage|p2a: Sinistcha|34/100 brn|[from] brn\n|upkeep\n|turn|13\n|inactive|No1NumelFan has 30 seconds left.\n|\n|t:|1776447913\n|move|p1a: Lopunny|Close Combat|p2a: Sinistcha\n|-damage|p2a: Sinistcha|13/100 brn\n|-unboost|p1a: Lopunny|def|1\n|-unboost|p1a: Lopunny|spd|1\n|move|p2a: Sinistcha|Matcha Gotcha|p1b: Sinistcha|[spread] p1a\n|-miss|p2a: Sinistcha|p1b: Sinistcha\n|-damage|p1a: Lopunny|0 fnt\n|-heal|p2a: Sinistcha|23/100 brn|[from] drain|[of] p1a: Lopunny\n|faint|p1a: Lopunny\n|move|p1b: Sinistcha|Matcha Gotcha|p2a: Sinistcha\n|-resisted|p2a: Sinistcha|1\n|-damage|p2a: Sinistcha|4/100 brn\n|-heal|p1b: Sinistcha|42/100|[from] drain|[of] p2a: Sinistcha\n|\n|-damage|p2a: Sinistcha|0 fnt|[from] brn\n|faint|p2a: Sinistcha\n|\n|win|pingu79abc\n|raw|pingu79abc's rating: 1109 &rarr; <strong>1129</strong><br />(+20 for winning)\n|raw|No1NumelFan's rating: 1045 &rarr; <strong>1031</strong><br />(-14 for losing)\n",
  "uploadtime": 1776447920,
  "views": 27,
  "formatid": "gen9championsvgc2026regma",
  "rating": 1031,
  "private": 0,
  "password": null
}