{
  "id": "gen9championsvgc2026regma-2587079056",
  "format": "[Gen 9 Champions] VGC 2026 Reg M-A",
  "players": [
    "Zora985",
    "brojonski"
  ],
  "log": "|j|\u2606Zora985\n|j|\u2606brojonski\n|t:|1776490503\n|gametype|doubles\n|player|p1|Zora985|hilbert|1020\n|player|p2|brojonski|brock|1102\n|gen|9\n|tier|[Gen 9 Champions] VGC 2026 Reg M-A\n|rated|\n|rule|Species Clause: Limit one of each Pok\u00e9mon\n|rule|Item Clause: Limit 1 of each item\n|clearpoke\n|poke|p1|Chimecho, L50, M|\n|poke|p1|Arcanine, L50, M|\n|poke|p1|Alakazam, L50, F|\n|poke|p1|Zoroark-Hisui, L50, M|\n|poke|p1|Raichu, L50, M|\n|poke|p1|Clefable, L50, M|\n|poke|p2|Goodra-Hisui, L50, M|\n|poke|p2|Sinistcha, L50|\n|poke|p2|Palafin, L50, M|\n|poke|p2|Arcanine-Hisui, L50, F|\n|poke|p2|Froslass, L50, F|\n|poke|p2|Sneasler, L50, F|\n|teampreview|4\n|inactive|Battle timer is ON: inactive players will automatically lose when time's up. (requested by brojonski)\n|inactive|brojonski has 60 seconds left.\n|\n|t:|1776490553\n|teamsize|p1|4\n|teamsize|p2|4\n|start\n|switch|p1a: Chimecho|Chimecho, L50, M|100/100\n|switch|p1b: Alakazam|Alakazam, L50, F|100/100\n|switch|p2a: Goodra|Goodra-Hisui, L50, M|100/100\n|switch|p2b: Palafin|Palafin, L50, M|100/100\n|turn|1\n|\n|t:|1776490569\n|detailschange|p2b: Palafin|Palafin-Hero, L50, M\n|switch|p2b: Sinistcha|Sinistcha, L50|100/100\n|detailschange|p1a: Chimecho|Chimecho-Mega, L50, M\n|-mega|p1a: Chimecho|Chimecho|Chimechite\n|move|p1b: Alakazam|Light Screen|p1b: Alakazam\n|-sidestart|p1: Zora985|move: Light Screen\n|move|p1a: Chimecho|Calm Mind|p1a: Chimecho\n|-boost|p1a: Chimecho|spa|1\n|-boost|p1a: Chimecho|spd|1\n|move|p2a: Goodra|Shelter|p2a: Goodra\n|-boost|p2a: Goodra|def|2\n|\n|upkeep\n|turn|2\n|inactive|brojonski has 30 seconds left.\n|\n|t:|1776490599\n|move|p1b: Alakazam|Speed Swap|p1a: Chimecho\n|-activate|p1b: Alakazam|move: Speed Swap|[of] p1a: Chimecho\n|move|p1a: Chimecho|Dazzling Gleam|p2a: Goodra|[spread] p2a,p2b\n|-damage|p2a: Goodra|79/100\n|-damage|p2b: Sinistcha|69/100\n|move|p2a: Goodra|Body Press|p1a: Chimecho\n|-damage|p1a: Chimecho|57/100\n|move|p2b: Sinistcha|Trick Room|p2b: Sinistcha\n|-fieldstart|move: Trick Room|[of] p2b: Sinistcha\n|\n|-heal|p2a: Goodra|85/100|[from] item: Leftovers\n|upkeep\n|turn|3\n|\n|t:|1776490620\n|move|p2a: Goodra|Body Press|p1a: Chimecho\n|-damage|p1a: Chimecho|13/100\n|move|p1b: Alakazam|Psychic|p2b: Sinistcha\n|-damage|p2b: Sinistcha|25/100\n|-enditem|p2b: Sinistcha|Sitrus Berry|[eat]\n|-heal|p2b: Sinistcha|50/100|[from] item: Sitrus Berry\n|move|p2b: Sinistcha|Life Dew|p2b: Sinistcha|[spread] p2a,p2b\n|-heal|p2a: Goodra|100/100\n|-heal|p2b: Sinistcha|75/100\n|move|p1a: Chimecho|Dazzling Gleam|p2b: Sinistcha|[spread] p2a,p2b\n|-damage|p2a: Goodra|78/100\n|-damage|p2b: Sinistcha|40/100\n|\n|-heal|p2a: Goodra|83/100|[from] item: Leftovers\n|upkeep\n|turn|4\n|inactive|Zora985 has 30 seconds left.\n|\n|t:|1776490646\n|move|p2a: Goodra|Body Press|p1a: Chimecho\n|-damage|p1a: Chimecho|0 fnt\n|faint|p1a: Chimecho\n|move|p1b: Alakazam|Reflect|p1b: Alakazam\n|-sidestart|p1: Zora985|Reflect\n|move|p2b: Sinistcha|Life Dew|p2b: Sinistcha|[spread] p2a,p2b\n|-heal|p2a: Goodra|100/100\n|-heal|p2b: Sinistcha|66/100\n|\n|upkeep\n|\n|t:|1776490661\n|switch|p1a: Raichu|Raichu, L50, M|100/100\n|turn|5\n|\n|t:|1776490673\n|move|p1a: Raichu|Fake Out|p2a: Goodra\n|-resisted|p2a: Goodra|1\n|-damage|p2a: Goodra|98/100\n|cant|p2a: Goodra|flinch\n|move|p1b: Alakazam|Psychic|p2b: Sinistcha\n|-damage|p2b: Sinistcha|18/100\n|move|p2b: Sinistcha|Matcha Gotcha|p1b: Alakazam|[spread] p1a,p1b\n|-damage|p1a: Raichu|72/100\n|-heal|p2b: Sinistcha|29/100|[from] drain|[of] p1a: Raichu\n|-damage|p1b: Alakazam|78/100\n|-heal|p2b: Sinistcha|38/100|[from] drain|[of] p1b: Alakazam\n|\n|-heal|p2a: Goodra|100/100|[from] item: Leftovers\n|-sideend|p1: Zora985|move: Light Screen\n|upkeep\n|turn|6\n|\n|t:|1776490696\n|move|p2a: Goodra|Body Press|p1a: Raichu\n|-damage|p1a: Raichu|0 fnt\n|faint|p1a: Raichu\n|move|p1b: Alakazam|Light Screen|p1b: Alakazam\n|-sidestart|p1: Zora985|move: Light Screen\n|move|p2b: Sinistcha|Life Dew||[still]|[spread] p2a,p2b\n|-fail|p2a: Goodra|heal\n|-heal|p2b: Sinistcha|63/100\n|\n|-fieldend|move: Trick Room\n|upkeep\n|\n|t:|1776490704\n|switch|p1a: Arcanine|Arcanine, L50, M|100/100\n|-ability|p1a: Arcanine|Intimidate|boost\n|-unboost|p2a: Goodra|atk|1\n|-unboost|p2b: Sinistcha|atk|1\n|turn|7\n|\n|t:|1776490716\n|move|p1a: Arcanine|Scorching Sands|p2a: Goodra\n|-supereffective|p2a: Goodra|1\n|-damage|p2a: Goodra|68/100\n|-status|p2a: Goodra|brn\n|move|p2b: Sinistcha|Matcha Gotcha|p1a: Arcanine|[spread] p1a,p1b\n|-resisted|p1a: Arcanine|1\n|-damage|p1a: Arcanine|90/100\n|-heal|p2b: Sinistcha|68/100|[from] drain|[of] p1a: Arcanine\n|-damage|p1b: Alakazam|56/100\n|-heal|p2b: Sinistcha|76/100|[from] drain|[of] p1b: Alakazam\n|move|p1b: Alakazam|Psychic|p2b: Sinistcha\n|-damage|p2b: Sinistcha|27/100\n|move|p2a: Goodra|Body Press|p1a: Arcanine\n|-damage|p1a: Arcanine|67/100\n|\n|-heal|p2a: Goodra|74/100 brn|[from] item: Leftovers\n|-damage|p2a: Goodra|68/100 brn|[from] brn\n|upkeep\n|turn|8\n|inactive|Zora985 has 30 seconds left.\n|\n|t:|1776490743\n|move|p2b: Sinistcha|Rage Powder|p2b: Sinistcha\n|-singleturn|p2b: Sinistcha|move: Rage Powder\n|move|p1a: Arcanine|Scorching Sands|p2b: Sinistcha\n|-resisted|p2b: Sinistcha|1\n|-damage|p2b: Sinistcha|18/100\n|move|p1b: Alakazam|Psychic|p2b: Sinistcha\n|-damage|p2b: Sinistcha|0 fnt\n|faint|p2b: Sinistcha\n|move|p2a: Goodra|Shelter|p2a: Goodra\n|-boost|p2a: Goodra|def|2\n|\n|-heal|p2a: Goodra|74/100 brn|[from] item: Leftovers\n|-damage|p2a: Goodra|68/100 brn|[from] brn\n|-sideend|p1: Zora985|Reflect\n|upkeep\n|\n|t:|1776490755\n|switch|p2b: Palafin|Palafin-Hero, L50, M|100/100\n|-activate|p2b: Palafin|ability: Zero to Hero\n|turn|9\n|\n|t:|1776490776\n|move|p2b: Palafin|Jet Punch|p1a: Arcanine\n|-supereffective|p1a: Arcanine|1\n|-enditem|p1a: Arcanine|Passho Berry|[eat]\n|-enditem|p1a: Arcanine|Passho Berry|[weaken]\n|-damage|p1a: Arcanine|11/100\n|move|p1a: Arcanine|Scorching Sands|p2a: Goodra\n|-supereffective|p2a: Goodra|1\n|-damage|p2a: Goodra|40/100 brn\n|move|p1b: Alakazam|Psychic|p2b: Palafin\n|-damage|p2b: Palafin|52/100\n|move|p2a: Goodra|Heavy Slam|p1b: Alakazam\n|-damage|p1b: Alakazam|24/100\n|\n|-heal|p2a: Goodra|45/100 brn|[from] item: Leftovers\n|-damage|p2a: Goodra|40/100 brn|[from] brn\n|upkeep\n|turn|10\n|inactive|Zora985 has 30 seconds left.\n|\n|t:|1776490807\n|move|p2b: Palafin|Jet Punch|p1b: Alakazam\n|-damage|p1b: Alakazam|0 fnt\n|faint|p1b: Alakazam\n|move|p1a: Arcanine|Scorching Sands|p2a: Goodra\n|-supereffective|p2a: Goodra|1\n|-damage|p2a: Goodra|11/100 brn\n|move|p2a: Goodra|Body Press|p1a: Arcanine\n|-damage|p1a: Arcanine|0 fnt\n|faint|p1a: Arcanine\n|\n|win|brojonski\n|raw|Zora985's rating: 1020 &rarr; <strong>1010</strong><br />(-10 for losing)\n|raw|brojonski's rating: 1102 &rarr; <strong>1121</strong><br />(+19 for winning)\n|l|\u2606Zora985\n|player|p1|\n",
  "uploadtime": 1776492023,
  "views": 19,
  "formatid": "gen9championsvgc2026regma",
  "rating": 1010,
  "private": 0,
  "password": null
}