{
  "id": "gen9championsvgc2026regma-2588785475",
  "format": "[Gen 9 Champions] VGC 2026 Reg M-A",
  "players": [
    "porty11",
    "Caveman117"
  ],
  "log": "|j|\u2606porty11\n|j|\u2606Caveman117\n|t:|1776670533\n|gametype|doubles\n|player|p1|porty11|lance|1138\n|player|p2|Caveman117|102|1092\n|gen|9\n|tier|[Gen 9 Champions] VGC 2026 Reg M-A\n|rated|\n|rule|Species Clause: Limit one of each Pok\u00e9mon\n|rule|Item Clause: Limit 1 of each item\n|clearpoke\n|poke|p1|Tyranitar, L50, F|\n|poke|p1|Arcanine, L50, M|\n|poke|p1|Whimsicott, L50, M|\n|poke|p1|Rotom-Wash, L50|\n|poke|p1|Aggron, L50, F|\n|poke|p1|Sylveon, L50, M|\n|poke|p2|Scovillain, L50, F|\n|poke|p2|Zoroark-Hisui, L50, M|\n|poke|p2|Sneasler, L50, F|\n|poke|p2|Incineroar, L50, M|\n|poke|p2|Conkeldurr, L50, F|\n|poke|p2|Araquanid, L50, F|\n|teampreview|4\n|inactive|Battle timer is ON: inactive players will automatically lose when time's up. (requested by Caveman117)\n|\n|t:|1776670565\n|teamsize|p1|4\n|teamsize|p2|4\n|start\n|switch|p1a: Whimsicott|Whimsicott, L50, M|100/100\n|switch|p1b: Rotom|Rotom-Wash, L50|100/100\n|switch|p2a: Scovillain|Scovillain, L50, F|100/100\n|switch|p2b: Sneasler|Sneasler, L50, F|100/100\n|turn|1\n|\n|t:|1776670578\n|move|p1a: Whimsicott|Protect|p1a: Whimsicott\n|-singleturn|p1a: Whimsicott|Protect\n|move|p2b: Sneasler|Protect|p2b: Sneasler\n|-singleturn|p2b: Sneasler|Protect\n|move|p2a: Scovillain|Protect|p2a: Scovillain\n|-singleturn|p2a: Scovillain|Protect\n|move|p1b: Rotom|Hydro Pump|p2a: Scovillain\n|-activate|p2a: Scovillain|move: Protect\n|\n|-ability|p2a: Scovillain|Moody|boost\n|-boost|p2a: Scovillain|def|2\n|-unboost|p2a: Scovillain|spa|1\n|upkeep\n|turn|2\n|\n|t:|1776670600\n|detailschange|p2a: Scovillain|Scovillain-Mega, L50, F\n|-mega|p2a: Scovillain|Scovillain|Scovillainite\n|move|p1a: Whimsicott|Encore|p2b: Sneasler\n|-start|p2b: Sneasler|Encore\n|move|p2b: Sneasler|Protect|p2b: Sneasler\n|-singleturn|p2b: Sneasler|Protect\n|move|p1b: Rotom|Hydro Pump|p2a: Scovillain\n|-damage|p2a: Scovillain|59/100\n|-status|p1b: Rotom|brn|[from] ability: Spicy Spray|[of] p2a: Scovillain\n|move|p2a: Scovillain|Giga Drain|p1b: Rotom\n|-supereffective|p1b: Rotom|1\n|-damage|p1b: Rotom|38/100 brn\n|-heal|p2a: Scovillain|82/100|[from] drain|[of] p1b: Rotom\n|\n|-damage|p1b: Rotom|32/100 brn|[from] brn\n|upkeep\n|turn|3\n|inactive|porty11 has 30 seconds left.\n|inactive|Caveman117 has 30 seconds left.\n|\n|t:|1776670634\n|switch|p1b: Tyranitar|Tyranitar, L50, F|100/100\n|-weather|Sandstorm|[from] ability: Sand Stream|[of] p1b: Tyranitar\n|switch|p2b: Sneasler|Sneasler, L50, F|100/100\n|move|p1a: Whimsicott|Protect|p1a: Whimsicott\n|-singleturn|p1a: Whimsicott|Protect\n|move|p2a: Scovillain|Protect||[still]\n|-fail|p2a: Scovillain\n|\n|-weather|Sandstorm|[upkeep]\n|-damage|p2b: Sneasler|95/100|[from] Sandstorm\n|-damage|p1a: Whimsicott|95/100|[from] Sandstorm\n|-damage|p2a: Scovillain|76/100|[from] Sandstorm\n|upkeep\n|turn|4\n|inactive|porty11 has 30 seconds left.\n|\n|t:|1776670666\n|move|p2a: Scovillain|Rage Powder|p2a: Scovillain\n|-singleturn|p2a: Scovillain|move: Rage Powder\n|move|p1a: Whimsicott|Encore|p2a: Scovillain\n|-start|p2a: Scovillain|Encore\n|move|p2b: Sneasler|Dire Claw|p1a: Whimsicott\n|-supereffective|p1a: Whimsicott|2\n|-damage|p1a: Whimsicott|0 fnt\n|faint|p1a: Whimsicott\n|move|p1b: Tyranitar|Rock Slide|p2a: Scovillain|[spread] p2a\n|-miss|p1b: Tyranitar|p2b: Sneasler\n|-supereffective|p2a: Scovillain|1\n|-damage|p2a: Scovillain|35/100\n|-status|p1b: Tyranitar|brn|[from] ability: Spicy Spray|[of] p2a: Scovillain\n|\n|-weather|Sandstorm|[upkeep]\n|-damage|p2b: Sneasler|89/100|[from] Sandstorm\n|-damage|p2a: Scovillain|29/100|[from] Sandstorm\n|-damage|p1b: Tyranitar|95/100 brn|[from] brn\n|upkeep\n|\n|t:|1776670680\n|switch|p1a: Rotom|Rotom-Wash, L50|32/100 brn\n|turn|5\n|\n|t:|1776670688\n|move|p1b: Tyranitar|Protect|p1b: Tyranitar\n|-singleturn|p1b: Tyranitar|Protect\n|move|p2a: Scovillain|Rage Powder|p2a: Scovillain\n|-singleturn|p2a: Scovillain|move: Rage Powder\n|move|p1a: Rotom|Hydro Pump|p2a: Scovillain|[miss]\n|-miss|p1a: Rotom|p2a: Scovillain\n|move|p2b: Sneasler|Close Combat|p1b: Tyranitar\n|-activate|p1b: Tyranitar|move: Protect\n|\n|-weather|Sandstorm|[upkeep]\n|-damage|p1a: Rotom|27/100 brn|[from] Sandstorm\n|-damage|p2b: Sneasler|83/100|[from] Sandstorm\n|-damage|p2a: Scovillain|23/100|[from] Sandstorm\n|-damage|p1a: Rotom|21/100 brn|[from] brn\n|-damage|p1b: Tyranitar|89/100 brn|[from] brn\n|upkeep\n|turn|6\n|\n|t:|1776670709\n|move|p1b: Tyranitar|Protect||[still]\n|-fail|p1b: Tyranitar\n|move|p2a: Scovillain|Rage Powder|p2a: Scovillain\n|-singleturn|p2a: Scovillain|move: Rage Powder\n|move|p1a: Rotom|Hydro Pump|p2a: Scovillain\n|-damage|p2a: Scovillain|0 fnt\n|faint|p2a: Scovillain\n|move|p2b: Sneasler|Close Combat|p1b: Tyranitar\n|-supereffective|p1b: Tyranitar|2\n|-enditem|p1b: Tyranitar|Chople Berry|[eat]\n|-enditem|p1b: Tyranitar|Chople Berry|[weaken]\n|-damage|p1b: Tyranitar|0 fnt\n|-unboost|p2b: Sneasler|def|1\n|-unboost|p2b: Sneasler|spd|1\n|faint|p1b: Tyranitar\n|-enditem|p2b: Sneasler|White Herb\n|-clearnegativeboost|p2b: Sneasler|[silent]\n|\n|-weather|Sandstorm|[upkeep]\n|-damage|p2b: Sneasler|78/100|[from] Sandstorm\n|-damage|p1a: Rotom|16/100 brn|[from] Sandstorm\n|-damage|p1a: Rotom|10/100 brn|[from] brn\n|upkeep\n|\n|t:|1776670730\n|switch|p2a: Conkeldurr|Conkeldurr, L50, F|100/100\n|switch|p1b: Aggron|Aggron, L50, F|100/100\n|turn|7\n|\n|t:|1776670748\n|detailschange|p1b: Aggron|Aggron-Mega, L50, F\n|-mega|p1b: Aggron|Aggron|Aggronite\n|move|p2b: Sneasler|Close Combat|p1b: Aggron\n|-supereffective|p1b: Aggron|1\n|-damage|p1b: Aggron|56/100\n|-unboost|p2b: Sneasler|def|1\n|-unboost|p2b: Sneasler|spd|1\n|move|p1a: Rotom|Hydro Pump|p2b: Sneasler\n|-damage|p2b: Sneasler|0 fnt\n|faint|p2b: Sneasler\n|move|p2a: Conkeldurr|Hyper Voice|p1a: Rotom|[spread] p1a,p1b\n|-resisted|p1b: Aggron|1\n|-damage|p1a: Rotom|0 fnt\n|-damage|p1b: Aggron|32/100\n|faint|p1a: Rotom\n|move|p1b: Aggron|Heavy Slam|p2a: Conkeldurr\n|-damage|p2a: Conkeldurr|0 fnt\n|replace|p2a: Zoroark|Zoroark-Hisui, L50, M\n|-end|p2a: Zoroark|Illusion\n|faint|p2a: Zoroark\n|\n|-weather|none\n|upkeep\n|\n|t:|1776670770\n|switch|p2b: Conkeldurr|Conkeldurr, L50, F|100/100\n|turn|8\n|\n|t:|1776670775\n|move|p1b: Aggron|Heavy Slam|p2b: Conkeldurr\n|-damage|p2b: Conkeldurr|59/100\n|move|p2b: Conkeldurr|Drain Punch|p1b: Aggron\n|-supereffective|p1b: Aggron|1\n|-damage|p1b: Aggron|3/100\n|-heal|p2b: Conkeldurr|71/100|[from] drain|[of] p1b: Aggron\n|\n|-heal|p2b: Conkeldurr|77/100|[from] item: Leftovers\n|upkeep\n|turn|9\n|\n|t:|1776670786\n|move|p2b: Conkeldurr|Mach Punch|p1b: Aggron\n|-supereffective|p1b: Aggron|1\n|-damage|p1b: Aggron|0 fnt\n|faint|p1b: Aggron\n|\n|win|Caveman117\n|raw|porty11's rating: 1138 &rarr; <strong>1110</strong><br />(-28 for losing)\n|raw|Caveman117's rating: 1092 &rarr; <strong>1122</strong><br />(+30 for winning)\n|c|\u2606porty11|Gg\n",
  "uploadtime": 1776670791,
  "views": 9,
  "formatid": "gen9championsvgc2026regma",
  "rating": 1110,
  "private": 0,
  "password": null
}