{
  "id": "gen9championsvgc2026regma-2589548358",
  "format": "[Gen 9 Champions] VGC 2026 Reg M-A",
  "players": [
    "thevietguy",
    "thedenskog"
  ],
  "log": "|j|\u2606thevietguy\n|j|\u2606thedenskog\n|t:|1776733083\n|gametype|doubles\n|player|p1|thevietguy|flannery|1168\n|player|p2|thedenskog|266|1255\n|gen|9\n|tier|[Gen 9 Champions] VGC 2026 Reg M-A\n|rated|\n|rule|Species Clause: Limit one of each Pok\u00e9mon\n|rule|Item Clause: Limit 1 of each item\n|clearpoke\n|poke|p1|Floette-Eternal, L50, F|\n|poke|p1|Whimsicott, L50, F|\n|poke|p1|Charizard, L50, F|\n|poke|p1|Incineroar, L50, M|\n|poke|p1|Venusaur, L50, F|\n|poke|p1|Sylveon, L50, M|\n|poke|p2|Pelipper, L50, M|\n|poke|p2|Dragonite, L50, M, shiny|\n|poke|p2|Aggron, L50, F, shiny|\n|poke|p2|Garchomp, L50, M|\n|poke|p2|Incineroar, L50, F|\n|poke|p2|Sinistcha, L50|\n|teampreview|4\n|inactive|Battle timer is ON: inactive players will automatically lose when time's up. (requested by thevietguy)\n|inactive|thedenskog has 60 seconds left.\n|\n|t:|1776733139\n|teamsize|p1|4\n|teamsize|p2|4\n|start\n|switch|p1a: Whimsicott|Whimsicott, L50, F|100/100\n|switch|p1b: Incineroar|Incineroar, L50, M|100/100\n|switch|p2a: Garchomp|Garchomp, L50, M|100/100\n|switch|p2b: Incineroar|Incineroar, L50, F|100/100\n|-ability|p2b: Incineroar|Intimidate|boost\n|-unboost|p1a: Whimsicott|atk|1\n|-unboost|p1b: Incineroar|atk|1\n|-ability|p1b: Incineroar|Intimidate|boost\n|-unboost|p2a: Garchomp|atk|1\n|-unboost|p2b: Incineroar|atk|1\n|turn|1\n|\n|t:|1776733164\n|move|p2b: Incineroar|Fake Out|p1a: Whimsicott\n|-damage|p1a: Whimsicott|87/100\n|cant|p1a: Whimsicott|flinch\n|move|p2a: Garchomp|Rock Slide|p1b: Incineroar|[spread] p1a,p1b\n|-supereffective|p1b: Incineroar|1\n|-damage|p1a: Whimsicott|69/100\n|-damage|p1b: Incineroar|79/100\n|move|p1b: Incineroar|Will-O-Wisp|p2a: Garchomp\n|-status|p2a: Garchomp|brn\n|\n|-damage|p2a: Garchomp|94/100 brn|[from] brn\n|upkeep\n|turn|2\n|\n|t:|1776733182\n|move|p1a: Whimsicott|Tailwind|p1a: Whimsicott\n|-sidestart|p1: thevietguy|move: Tailwind\n|move|p2a: Garchomp|Rock Slide|p1b: Incineroar|[spread] p1a,p1b\n|-supereffective|p1b: Incineroar|1\n|-damage|p1a: Whimsicott|60/100\n|-damage|p1b: Incineroar|69/100\n|cant|p1b: Incineroar|flinch\n|move|p2b: Incineroar|Throat Chop|p1b: Incineroar\n|-resisted|p1b: Incineroar|1\n|-damage|p1b: Incineroar|57/100\n|-start|p1b: Incineroar|Throat Chop|[silent]\n|\n|-damage|p2a: Garchomp|88/100 brn|[from] brn\n|upkeep\n|turn|3\n|\n|t:|1776733198\n|switch|p1a: NUKE|Floette-Eternal, L50, F|100/100\n|switch|p1b: NUKE(2)|Sylveon, L50, M|100/100\n|move|p2a: Garchomp|Rock Slide|p1a: NUKE|[spread] p1a,p1b\n|-damage|p1a: NUKE|90/100\n|-damage|p1b: NUKE(2)|89/100\n|move|p2b: Incineroar|Low Kick|p1b: NUKE(2)\n|-resisted|p1b: NUKE(2)|1\n|-damage|p1b: NUKE(2)|82/100\n|\n|-damage|p2a: Garchomp|82/100 brn|[from] brn\n|upkeep\n|turn|4\n|inactive|thevietguy has 30 seconds left.\n|\n|t:|1776733223\n|detailschange|p1a: NUKE|Floette-Mega, L50, F\n|-mega|p1a: NUKE|Floette|Floettite\n|-ability|p1a: NUKE|Fairy Aura\n|move|p1a: NUKE|Dazzling Gleam|p2a: Garchomp|[spread] p2a,p2b\n|-supereffective|p2a: Garchomp|1\n|-damage|p2a: Garchomp|0 fnt\n|-damage|p2b: Incineroar|51/100\n|faint|p2a: Garchomp\n|move|p1b: NUKE(2)|Hyper Voice|p2b: Incineroar\n|-damage|p2b: Incineroar|0 fnt\n|faint|p2b: Incineroar\n|\n|upkeep\n|\n|t:|1776733234\n|switch|p2a: Aggron|Aggron, L50, F, shiny|100/100\n|switch|p2b: Sinistcha|Sinistcha, L50|100/100\n|turn|5\n|\n|t:|1776733242\n|detailschange|p2a: Aggron|Aggron-Mega, L50, F, shiny\n|-mega|p2a: Aggron|Aggron|Aggronite\n|move|p1a: NUKE|Light of Ruin|p2a: Aggron\n|-resisted|p2a: Aggron|1\n|-damage|p2a: Aggron|51/100\n|-damage|p1a: NUKE|60/100|[from] Recoil\n|move|p1b: NUKE(2)|Hyper Beam|p2a: Aggron|[miss]\n|-miss|p1b: NUKE(2)|p2a: Aggron\n|move|p2a: Aggron|Heavy Slam|p1a: NUKE\n|-supereffective|p1a: NUKE|1\n|-damage|p1a: NUKE|0 fnt\n|faint|p1a: NUKE\n|move|p2b: Sinistcha|Trick Room|p2b: Sinistcha\n|-fieldstart|move: Trick Room|[of] p2b: Sinistcha\n|\n|-sideend|p1: thevietguy|move: Tailwind\n|upkeep\n|\n|t:|1776733252\n|switch|p1a: Incineroar|Incineroar, L50, M|57/100\n|-ability|p1a: Incineroar|Intimidate|boost\n|-unboost|p2a: Aggron|atk|1\n|-unboost|p2b: Sinistcha|atk|1\n|turn|6\n|\n|t:|1776733262\n|move|p1a: Incineroar|Fake Out|p2a: Aggron\n|-resisted|p2a: Aggron|1\n|-damage|p2a: Aggron|49/100\n|cant|p2a: Aggron|flinch\n|move|p2b: Sinistcha|Life Dew||[still]|[spread] p2a,p2b\n|-heal|p2a: Aggron|73/100\n|-fail|p2b: Sinistcha|heal\n|move|p1b: NUKE(2)|Hyper Beam|p2a: Aggron\n|-resisted|p2a: Aggron|1\n|-damage|p2a: Aggron|41/100\n|-mustrecharge|p1b: NUKE(2)\n|\n|upkeep\n|turn|7\n|\n|t:|1776733279\n|move|p2a: Aggron|Heavy Slam|p1b: NUKE(2)\n|-supereffective|p1b: NUKE(2)|1\n|-damage|p1b: NUKE(2)|0 fnt\n|faint|p1b: NUKE(2)\n|move|p1a: Incineroar|Will-O-Wisp|p2a: Aggron\n|-status|p2a: Aggron|brn\n|move|p2b: Sinistcha|Life Dew||[still]|[spread] p2a,p2b\n|-heal|p2a: Aggron|66/100 brn\n|-fail|p2b: Sinistcha|heal\n|\n|-damage|p2a: Aggron|60/100 brn|[from] brn\n|upkeep\n|\n|t:|1776733282\n|switch|p1b: Whimsicott|Whimsicott, L50, F|60/100\n|turn|8\n|\n|t:|1776733306\n|move|p1b: Whimsicott|Encore|p2a: Aggron\n|-start|p2a: Aggron|Encore\n|move|p2a: Aggron|Heavy Slam|p1a: Incineroar\n|-resisted|p1a: Incineroar|1\n|-damage|p1a: Incineroar|50/100\n|-enditem|p1a: Incineroar|Sitrus Berry|[eat]\n|-heal|p1a: Incineroar|75/100|[from] item: Sitrus Berry\n|move|p1a: Incineroar|Flare Blitz|p2a: Aggron\n|-supereffective|p2a: Aggron|1\n|-damage|p2a: Aggron|24/100 brn\n|-damage|p1a: Incineroar|64/100|[from] Recoil\n|move|p2b: Sinistcha|Life Dew||[still]|[spread] p2a,p2b\n|-heal|p2a: Aggron|49/100 brn\n|-fail|p2b: Sinistcha|heal\n|\n|-damage|p2a: Aggron|42/100 brn|[from] brn\n|upkeep\n|turn|9\n|\n|t:|1776733318\n|move|p2a: Aggron|Heavy Slam|p1b: Whimsicott\n|-supereffective|p1b: Whimsicott|1\n|-damage|p1b: Whimsicott|4/100\n|move|p1a: Incineroar|Flare Blitz|p2a: Aggron\n|-supereffective|p2a: Aggron|1\n|-damage|p2a: Aggron|11/100 brn\n|-damage|p1a: Incineroar|55/100|[from] Recoil\n|move|p2b: Sinistcha|Life Dew||[still]|[spread] p2a,p2b\n|-heal|p2a: Aggron|36/100 brn\n|-fail|p2b: Sinistcha|heal\n|move|p1b: Whimsicott|Moonblast|p2a: Aggron\n|-resisted|p2a: Aggron|1\n|-damage|p2a: Aggron|19/100 brn\n|\n|-damage|p2a: Aggron|13/100 brn|[from] brn\n|-fieldend|move: Trick Room\n|upkeep\n|turn|10\n|\n|t:|1776733339\n|move|p1b: Whimsicott|Moonblast|p2b: Sinistcha\n|-damage|p2b: Sinistcha|54/100\n|move|p2b: Sinistcha|Matcha Gotcha|p1a: Incineroar|[spread] p1b\n|-miss|p2b: Sinistcha|p1a: Incineroar\n|-resisted|p1b: Whimsicott|1\n|-damage|p1b: Whimsicott|0 fnt\n|-heal|p2b: Sinistcha|56/100|[from] drain|[of] p1b: Whimsicott\n|faint|p1b: Whimsicott\n|move|p1a: Incineroar|Flare Blitz|p2a: Aggron\n|-supereffective|p2a: Aggron|1\n|-damage|p2a: Aggron|0 fnt\n|faint|p2a: Aggron\n|-damage|p1a: Incineroar|52/100|[from] Recoil\n|\n|upkeep\n|turn|11\n|\n|t:|1776733351\n|move|p2b: Sinistcha|Matcha Gotcha|p1a: Incineroar\n|-resisted|p1a: Incineroar|1\n|-damage|p1a: Incineroar|40/100\n|-heal|p2b: Sinistcha|63/100|[from] drain|[of] p1a: Incineroar\n|move|p1a: Incineroar|Flare Blitz|p2b: Sinistcha\n|-supereffective|p2b: Sinistcha|1\n|-damage|p2b: Sinistcha|2/100\n|-enditem|p2b: Sinistcha|Sitrus Berry|[eat]\n|-heal|p2b: Sinistcha|27/100|[from] item: Sitrus Berry\n|-damage|p1a: Incineroar|22/100|[from] Recoil\n|\n|upkeep\n|turn|12\n|\n|t:|1776733365\n|move|p2b: Sinistcha|Matcha Gotcha|p1a: Incineroar\n|-resisted|p1a: Incineroar|1\n|-damage|p1a: Incineroar|10/100\n|-heal|p2b: Sinistcha|34/100|[from] drain|[of] p1a: Incineroar\n|move|p1a: Incineroar|Flare Blitz|p2b: Sinistcha\n|-supereffective|p2b: Sinistcha|1\n|-damage|p2b: Sinistcha|0 fnt\n|faint|p2b: Sinistcha\n|-damage|p1a: Incineroar|0 fnt|[from] Recoil\n|faint|p1a: Incineroar\n|\n|win|thevietguy\n|raw|thevietguy's rating: 1168 &rarr; <strong>1199</strong><br />(+31 for winning)\n|raw|thedenskog's rating: 1255 &rarr; <strong>1224</strong><br />(-31 for losing)\n",
  "uploadtime": 1776733377,
  "views": 7,
  "formatid": "gen9championsvgc2026regma",
  "rating": 1199,
  "private": 0,
  "password": null
}