{
  "id": "gen9championsvgc2026regma-2585175947",
  "format": "[Gen 9 Champions] VGC 2026 Reg M-A",
  "players": [
    "Phillip Blevin",
    "sokdoksae"
  ],
  "log": "|j|\u2606Phillip Blevin\n|j|\u2606sokdoksae\n|t:|1776321242\n|gametype|doubles\n|player|p1|Phillip Blevin|cynthia-masters4|1231\n|player|p2|sokdoksae|2|1327\n|gen|9\n|tier|[Gen 9 Champions] VGC 2026 Reg M-A\n|rated|\n|rule|Species Clause: Limit one of each Pok\u00e9mon\n|rule|Item Clause: Limit 1 of each item\n|clearpoke\n|poke|p1|Ceruledge, L50, M|\n|poke|p1|Corviknight, L50, M|\n|poke|p1|Garchomp, L50, M|\n|poke|p1|Arcanine-Hisui, L50, F|\n|poke|p1|Froslass, L50, F|\n|poke|p1|Rotom-Wash, L50|\n|poke|p2|Charizard, L50, F|\n|poke|p2|Garchomp, L50, F|\n|poke|p2|Milotic, L50, F|\n|poke|p2|Kingambit, L50, F|\n|poke|p2|Aegislash, L50, M|\n|poke|p2|Basculegion, L50, M|\n|teampreview|4\n|inactive|Battle timer is ON: inactive players will automatically lose when time's up. (requested by Phillip Blevin)\nPhillip Blevin has agreed to open team sheets.\n|inactive|Phillip Blevin has 60 seconds left.\n|inactive|sokdoksae has 60 seconds left.\n|\n|t:|1776321276\n|teamsize|p1|4\n|teamsize|p2|4\n|start\n|switch|p1a: Garchomp|Garchomp, L50, M|100/100\n|switch|p1b: Rotom|Rotom-Wash, L50|100/100\n|switch|p2a: Basculegion|Basculegion, L50, M|100/100\n|switch|p2b: Garchomp|Garchomp, L50, F|100/100\n|turn|1\n|\n|t:|1776321292\n|move|p1b: Rotom|Electroweb|p2a: Basculegion|[spread] p2a\n|-immune|p2b: Garchomp\n|-supereffective|p2a: Basculegion|1\n|-damage|p2a: Basculegion|66/100\n|-unboost|p2a: Basculegion|spe|1\n|move|p1a: Garchomp|Earthquake|p2a: Basculegion|[spread] p2a,p2b\n|-immune|p1b: Rotom|[from] ability: Levitate\n|-damage|p2a: Basculegion|2/100\n|-damage|p2b: Garchomp|58/100\n|move|p2b: Garchomp|Dragon Claw|p1a: Garchomp\n|-supereffective|p1a: Garchomp|1\n|-damage|p1a: Garchomp|21/100\n|-damage|p2b: Garchomp|46/100|[from] ability: Rough Skin|[of] p1a: Garchomp\n|-enditem|p2b: Garchomp|Sitrus Berry|[eat]\n|-heal|p2b: Garchomp|71/100|[from] item: Sitrus Berry\n|move|p2a: Basculegion|Flip Turn|p1b: Rotom\n|-resisted|p1b: Rotom|1\n|-damage|p1b: Rotom|81/100\n|\n|t:|1776321314\n|switch|p2a: Kingambit|Kingambit, L50, F|100/100|[from] Flip Turn\n|\n|upkeep\n|turn|2\n|inactive|Phillip Blevin has 30 seconds left.\n|inactive|Phillip Blevin has 20 seconds left.\n|inactive|Phillip Blevin has 15 seconds left.\n|inactive|Phillip Blevin has 10 seconds left.\n|inactive|sokdoksae has 30 seconds left.\n|inactive|Phillip Blevin has 5 seconds left.\n|\n|t:|1776321366\n|switch|p1b: Ceruledge|Ceruledge, L50, M|100/100\n|move|p2a: Kingambit|Sucker Punch|p1a: Garchomp\n|-damage|p1a: Garchomp|0 fnt\n|-damage|p2a: Kingambit|88/100|[from] ability: Rough Skin|[of] p1a: Garchomp\n|faint|p1a: Garchomp\n|move|p2b: Garchomp|Dragon Claw|p1b: Ceruledge\n|-damage|p1b: Ceruledge|37/100\n|\n|upkeep\n|\n|t:|1776321375\n|switch|p1a: Froslass|Froslass, L50, F|100/100\n|turn|3\n|\n|t:|1776321398\n|detailschange|p1a: Froslass|Froslass-Mega, L50, F\n|-mega|p1a: Froslass|Froslass|Froslassite\n|-weather|Snowscape|[from] ability: Snow Warning|[of] p1a: Froslass\n|move|p2b: Garchomp|Protect|p2b: Garchomp\n|-singleturn|p2b: Garchomp|Protect\n|move|p1b: Ceruledge|Shadow Sneak|p2a: Kingambit\n|-resisted|p2a: Kingambit|1\n|-damage|p2a: Kingambit|80/100\n|move|p1a: Froslass|Blizzard|p2b: Garchomp|[spread] p2a\n|-activate|p2b: Garchomp|move: Protect\n|-resisted|p2a: Kingambit|1\n|-damage|p2a: Kingambit|58/100\n|move|p2a: Kingambit|Kowtow Cleave|p1b: Ceruledge\n|-supereffective|p1b: Ceruledge|1\n|-damage|p1b: Ceruledge|0 fnt\n|faint|p1b: Ceruledge\n|\n|-weather|Snowscape|[upkeep]\n|upkeep\n|\n|t:|1776321408\n|switch|p1b: Rotom|Rotom-Wash, L50|81/100\n|turn|4\n|\n|t:|1776321430\n|switch|p2b: Basculegion|Basculegion, L50, M|2/100\n|move|p2a: Kingambit|Sucker Punch|p1a: Froslass\n|-supereffective|p1a: Froslass|1\n|-damage|p1a: Froslass|0 fnt\n|faint|p1a: Froslass\n|move|p1b: Rotom|Hydro Pump|p2a: Kingambit|[miss]\n|-miss|p1b: Rotom|p2a: Kingambit\n|\n|-weather|Snowscape|[upkeep]\n|upkeep\n|turn|5\n|-message|Phillip Blevin forfeited.\n|\n|win|sokdoksae\n|raw|Phillip Blevin's rating: 1231 &rarr; <strong>1213</strong><br />(-18 for losing)\n|raw|sokdoksae's rating: 1327 &rarr; <strong>1342</strong><br />(+15 for winning)\n",
  "uploadtime": 1776321439,
  "views": 40,
  "formatid": "gen9championsvgc2026regma",
  "rating": 1213,
  "private": 0,
  "password": null
}