{
  "id": "gen9championsvgc2026regma-2586278587",
  "format": "[Gen 9 Champions] VGC 2026 Reg M-A",
  "players": [
    "water spot",
    "whistlejacket17"
  ],
  "log": "|j|\u2606water spot\n|j|\u2606whistlejacket17\n|t:|1776420567\n|gametype|doubles\n|player|p1|water spot|101|1169\n|player|p2|whistlejacket17|cyrus|1210\n|gen|9\n|tier|[Gen 9 Champions] VGC 2026 Reg M-A\n|rated|\n|rule|Species Clause: Limit one of each Pok\u00e9mon\n|rule|Item Clause: Limit 1 of each item\n|clearpoke\n|poke|p1|Greninja-*, L50, M|\n|poke|p1|Incineroar, L50, F|\n|poke|p1|Sinistcha, L50|\n|poke|p1|Kingambit, L50, M|\n|poke|p1|Sneasler, L50, F|\n|poke|p1|Ninetales-Alola, L50, F|\n|poke|p2|Aggron, L50, M|\n|poke|p2|Ampharos, L50, F|\n|poke|p2|Primarina, L50, F|\n|poke|p2|Incineroar, L50, M|\n|poke|p2|Gallade, L50, M|\n|poke|p2|Hatterene, L50, F|\n|teampreview|4\n|inactive|Battle timer is ON: inactive players will automatically lose when time's up. (requested by whistlejacket17)\n|\n|t:|1776420634\n|teamsize|p1|4\n|teamsize|p2|4\n|start\n|switch|p1a: Sneasler|Sneasler, L50, F|100/100\n|switch|p1b: Greninja|Greninja, L50, M|100/100\n|switch|p2a: Gallade|Gallade, L50, M|100/100\n|switch|p2b: Hatterene|Hatterene, L50, F|100/100\n|turn|1\n|inactive|whistlejacket17 has 30 seconds left.\n|inactive|whistlejacket17 has 20 seconds left.\n|inactive|whistlejacket17 has 15 seconds left.\n|\n|t:|1776420679\n|switch|p1b: Incineroar|Incineroar, L50, F|100/100\n|-ability|p1b: Incineroar|Intimidate|boost\n|-unboost|p2a: Gallade|atk|1\n|-unboost|p2b: Hatterene|atk|1\n|move|p1a: Sneasler|Fake Out|p2b: Hatterene\n|-damage|p2b: Hatterene|85/100\n|move|p2a: Gallade|Psycho Cut|p1a: Sneasler\n|-supereffective|p1a: Sneasler|2\n|-damage|p1a: Sneasler|0 fnt\n|faint|p1a: Sneasler\n|cant|p2b: Hatterene|flinch\n|\n|upkeep\n|\n|t:|1776420691\n|switch|p1a: Greninja|Greninja, L50, M|100/100\n|turn|2\n|inactive|water spot has 30 seconds left.\n|\n|t:|1776420722\n|switch|p2a: Incineroar|Incineroar, L50, M, shiny|100/100\n|-ability|p2a: Incineroar|Intimidate|boost\n|-unboost|p1a: Greninja|atk|1\n|-unboost|p1b: Incineroar|atk|1\n|detailschange|p1a: Greninja|Greninja-Mega, L50, M\n|-mega|p1a: Greninja|Greninja|Greninjite\n|move|p2b: Hatterene|Protect|p2b: Hatterene\n|-singleturn|p2b: Hatterene|Protect\n|move|p1b: Incineroar|Fake Out|p2b: Hatterene\n|-activate|p2b: Hatterene|move: Protect\n|move|p1a: Greninja|Hydro Cannon|p2b: Hatterene\n|-start|p1a: Greninja|typechange|Water|[from] ability: Protean\n|-activate|p2b: Hatterene|move: Protect\n|\n|upkeep\n|turn|3\n|\n|t:|1776420740\n|move|p1a: Greninja|Protect|p1a: Greninja\n|-singleturn|p1a: Greninja|Protect\n|move|p2a: Incineroar|Fake Out|p1a: Greninja\n|-activate|p1a: Greninja|move: Protect\n|move|p1b: Incineroar|Parting Shot|p2a: Incineroar\n|-unboost|p2a: Incineroar|atk|1\n|-unboost|p2a: Incineroar|spa|1\n|\n|t:|1776420747\n|switch|p1b: Sinistcha|Sinistcha, L50|100/100|[from] Parting Shot\n|move|p2b: Hatterene|Trick Room|p2b: Hatterene\n|-fieldstart|move: Trick Room|[of] p2b: Hatterene\n|\n|upkeep\n|turn|4\n|inactive|whistlejacket17 has 30 seconds left.\n|inactive|whistlejacket17 has 20 seconds left.\n|inactive|whistlejacket17 has 15 seconds left.\n|\n|t:|1776420792\n|switch|p1a: Incineroar|Incineroar, L50, F|100/100\n|-ability|p1a: Incineroar|Intimidate|boost\n|-unboost|p2a: Incineroar|atk|1\n|-unboost|p2b: Hatterene|atk|1\n|move|p1b: Sinistcha|Protect|p1b: Sinistcha\n|-singleturn|p1b: Sinistcha|Protect\n|move|p2b: Hatterene|Dazzling Gleam|p1a: Incineroar|[spread] p1a\n|-activate|p1b: Sinistcha|move: Protect\n|-damage|p1a: Incineroar|67/100\n|move|p2a: Incineroar|Flare Blitz|p1b: Sinistcha\n|-activate|p1b: Sinistcha|move: Protect\n|\n|upkeep\n|turn|5\n|inactive|water spot has 30 seconds left.\n|\n|t:|1776420819\n|switch|p2a: Aggron|Aggron, L50, M|100/100\n|move|p1a: Incineroar|Fake Out|p2b: Hatterene\n|-damage|p2b: Hatterene|70/100\n|cant|p2b: Hatterene|flinch\n|move|p1b: Sinistcha|Life Dew||[still]|[spread] p1a,p1b\n|-heal|p1a: Incineroar|92/100\n|-fail|p1b: Sinistcha|heal\n|\n|upkeep\n|turn|6\n|inactive|water spot has 30 seconds left.\n|inactive|whistlejacket17 has 30 seconds left.\n|inactive|water spot has 20 seconds left.\n|\n|t:|1776420855\n|switch|p2b: Incineroar|Incineroar, L50, M, shiny|100/100\n|-ability|p2b: Incineroar|Intimidate|boost\n|-unboost|p1a: Incineroar|atk|1\n|-unboost|p1b: Sinistcha|atk|1\n|detailschange|p2a: Aggron|Aggron-Mega, L50, M\n|-mega|p2a: Aggron|Aggron|Aggronite\n|move|p2a: Aggron|Iron Defense|p2a: Aggron\n|-boost|p2a: Aggron|def|2\n|move|p1a: Incineroar|Parting Shot|p2a: Aggron\n|-unboost|p2a: Aggron|atk|1\n|-unboost|p2a: Aggron|spa|1\n|\n|t:|1776420864\n|switch|p1a: Greninja|Greninja-Mega, L50, M|100/100|[from] Parting Shot\n|move|p1b: Sinistcha|Matcha Gotcha|p2b: Incineroar|[spread] p2a,p2b\n|-resisted|p2a: Aggron|1\n|-resisted|p2b: Incineroar|1\n|-damage|p2a: Aggron|89/100\n|-damage|p2b: Incineroar|90/100\n|\n|upkeep\n|turn|7\n|inactive|whistlejacket17 has 30 seconds left.\n|\n|t:|1776420890\n|switch|p2b: Gallade|Gallade, L50, M|100/100\n|switch|p1a: Incineroar|Incineroar, L50, F|92/100\n|-ability|p1a: Incineroar|Intimidate|boost\n|-unboost|p2a: Aggron|atk|1\n|-unboost|p2b: Gallade|atk|1\n|move|p1b: Sinistcha|Protect|p1b: Sinistcha\n|-singleturn|p1b: Sinistcha|Protect\n|move|p2a: Aggron|Body Press|p1b: Sinistcha\n|-activate|p1b: Sinistcha|move: Protect\n|\n|-fieldend|move: Trick Room\n|upkeep\n|turn|8\n|inactive|water spot has 30 seconds left.\n|inactive|water spot has 20 seconds left.\n|\n|t:|1776420929\n|switch|p2b: Incineroar|Incineroar, L50, M, shiny|90/100\n|-ability|p2b: Incineroar|Intimidate|boost\n|-unboost|p1a: Incineroar|atk|1\n|-unboost|p1b: Sinistcha|atk|1\n|move|p1b: Sinistcha|Rage Powder|p1b: Sinistcha\n|-singleturn|p1b: Sinistcha|move: Rage Powder\n|move|p1a: Incineroar|Parting Shot|p2a: Aggron\n|-unboost|p2a: Aggron|atk|1\n|-unboost|p2a: Aggron|spa|1\n|\n|t:|1776420938\n|switch|p1a: Greninja|Greninja-Mega, L50, M|100/100|[from] Parting Shot\n|move|p2a: Aggron|Body Press|p1b: Sinistcha\n|-immune|p1b: Sinistcha\n|\n|upkeep\n|turn|9\n|inactive|whistlejacket17 has 30 seconds left.\n|inactive|whistlejacket17 has 20 seconds left.\n|inactive|whistlejacket17 has 15 seconds left.\n|inactive|whistlejacket17 has 10 seconds left.\n|inactive|whistlejacket17 has 5 seconds left.\n|\n|t:|1776420988\n|move|p1b: Sinistcha|Rage Powder|p1b: Sinistcha\n|-singleturn|p1b: Sinistcha|move: Rage Powder\n|move|p1a: Greninja|Hydro Cannon|p2a: Aggron\n|-start|p1a: Greninja|typechange|Water|[from] ability: Protean\n|-damage|p2a: Aggron|16/100\n|-mustrecharge|p1a: Greninja\n|move|p2b: Incineroar|Parting Shot|p1b: Sinistcha\n|-unboost|p1b: Sinistcha|atk|1\n|-unboost|p1b: Sinistcha|spa|1\n|\n|t:|1776421005\n|switch|p2b: Hatterene|Hatterene, L50, F|70/100|[from] Parting Shot\n|move|p2a: Aggron|Iron Defense|p2a: Aggron\n|-boost|p2a: Aggron|def|2\n|\n|upkeep\n|turn|10\n|inactive|whistlejacket17 has 30 seconds left.\n|\n|t:|1776421039\n|switch|p2a: Incineroar|Incineroar, L50, M, shiny|90/100\n|-ability|p2a: Incineroar|Intimidate|boost\n|-unboost|p1a: Greninja|atk|1\n|-unboost|p1b: Sinistcha|atk|1\n|move|p1b: Sinistcha|Rage Powder|p1b: Sinistcha\n|-singleturn|p1b: Sinistcha|move: Rage Powder\n|cant|p1a: Greninja|recharge\n|move|p2b: Hatterene|Trick Room|p2b: Hatterene\n|-fieldstart|move: Trick Room|[of] p2b: Hatterene\n|\n|upkeep\n|turn|11\n|inactive|whistlejacket17 has 30 seconds left.\n|\n|t:|1776421067\n|switch|p1a: Incineroar|Incineroar, L50, F|92/100\n|-ability|p1a: Incineroar|Intimidate|boost\n|-unboost|p2a: Incineroar|atk|1\n|-unboost|p2b: Hatterene|atk|1\n|move|p1b: Sinistcha|Protect|p1b: Sinistcha\n|-singleturn|p1b: Sinistcha|Protect\n|move|p2b: Hatterene|Dazzling Gleam|p1b: Sinistcha|[spread] p1a\n|-activate|p1b: Sinistcha|move: Protect\n|-damage|p1a: Incineroar|58/100\n|move|p2a: Incineroar|Flare Blitz|p1b: Sinistcha\n|-activate|p1b: Sinistcha|move: Protect\n|\n|upkeep\n|turn|12\n|\n|t:|1776421086\n|move|p1a: Incineroar|Fake Out|p2a: Incineroar\n|-damage|p2a: Incineroar|78/100\n|move|p2b: Hatterene|Dazzling Gleam|p1b: Sinistcha|[spread] p1a,p1b\n|-damage|p1a: Incineroar|26/100\n|-damage|p1b: Sinistcha|66/100\n|-enditem|p1a: Incineroar|Sitrus Berry|[eat]\n|-heal|p1a: Incineroar|51/100|[from] item: Sitrus Berry\n|cant|p2a: Incineroar|flinch\n|move|p1b: Sinistcha|Life Dew|p1b: Sinistcha|[spread] p1a,p1b\n|-heal|p1a: Incineroar|76/100\n|-heal|p1b: Sinistcha|92/100\n|\n|upkeep\n|turn|13\n|inactive|water spot has 30 seconds left.\n|inactive|whistlejacket17 has 30 seconds left.\n|inactive|whistlejacket17 has 20 seconds left.\n|inactive|whistlejacket17 has 15 seconds left.\n|inactive|whistlejacket17 has 10 seconds left.\n|\n|t:|1776421132\n|move|p1b: Sinistcha|Protect|p1b: Sinistcha\n|-singleturn|p1b: Sinistcha|Protect\n|move|p2b: Hatterene|Psychic|p1b: Sinistcha\n|-activate|p1b: Sinistcha|move: Protect\n|move|p2a: Incineroar|Flare Blitz|p1b: Sinistcha\n|-activate|p1b: Sinistcha|move: Protect\n|move|p1a: Incineroar|Throat Chop|p2b: Hatterene\n|-damage|p2b: Hatterene|26/100\n|-start|p2b: Hatterene|Throat Chop|[silent]\n|\n|upkeep\n|turn|14\n|\n|t:|1776421156\n|switch|p1b: Greninja|Greninja-Mega, L50, M|100/100\n|move|p2b: Hatterene|Psychic|p1b: Greninja\n|-immune|p1b: Greninja\n|move|p2a: Incineroar|Flare Blitz|p1b: Greninja\n|-resisted|p1b: Greninja|1\n|-damage|p1b: Greninja|78/100\n|-damage|p2a: Incineroar|73/100|[from] Recoil\n|move|p1a: Incineroar|Parting Shot|p2a: Incineroar\n|-unboost|p2a: Incineroar|atk|1\n|-unboost|p2a: Incineroar|spa|1\n|\n|t:|1776421167\n|switch|p1a: Sinistcha|Sinistcha, L50|92/100|[from] Parting Shot\n|-heal|p1b: Greninja|100/100|[from] ability: Hospitality|[of] p1a: Sinistcha\n|\n|-end|p2b: Hatterene|Throat Chop|[silent]\n|-fieldend|move: Trick Room\n|upkeep\n|turn|15\n|inactive|whistlejacket17 has 30 seconds left.\n|\n|t:|1776421193\n|switch|p2b: Aggron|Aggron-Mega, L50, M|16/100\n|move|p1b: Greninja|Hydro Cannon|p2a: Incineroar\n|-start|p1b: Greninja|typechange|Water|[from] ability: Protean\n|-supereffective|p2a: Incineroar|1\n|-damage|p2a: Incineroar|0 fnt\n|-mustrecharge|p1b: Greninja\n|faint|p2a: Incineroar\n|move|p1a: Sinistcha|Matcha Gotcha|p2b: Aggron\n|-resisted|p2b: Aggron|1\n|-damage|p2b: Aggron|0 fnt\n|-heal|p1a: Sinistcha|99/100|[from] drain|[of] p2b: Aggron\n|faint|p2b: Aggron\n|\n|upkeep\n|inactive|whistlejacket17 has 30 seconds left this turn.\n|\n|t:|1776421200\n|switch|p2a: Hatterene|Hatterene, L50, F|26/100\n|switch|p2b: Gallade|Gallade, L50, M|100/100\n|turn|16\n|inactive|whistlejacket17 has 25 seconds left this turn.\n|inactive|whistlejacket17 has 20 seconds left.\n|inactive|whistlejacket17 has 15 seconds left.\n|\n|t:|1776421213\n|move|p1a: Sinistcha|Rage Powder|p1a: Sinistcha\n|-singleturn|p1a: Sinistcha|move: Rage Powder\n|move|p2b: Gallade|Stone Edge|p1a: Sinistcha\n|-damage|p1a: Sinistcha|69/100\n|cant|p1b: Greninja|recharge\n|move|p2a: Hatterene|Dazzling Gleam|p1a: Sinistcha|[spread] p1a,p1b\n|-damage|p1a: Sinistcha|31/100\n|-damage|p1b: Greninja|52/100\n|\n|upkeep\n|turn|17\n|inactive|whistlejacket17 has 15 seconds left this turn.\n|inactive|whistlejacket17 has 10 seconds left.\n|inactive|whistlejacket17 has 5 seconds left.\n|inactive|water spot has 30 seconds left.\n|\n|t:|1776421241\n|move|p1a: Sinistcha|Rage Powder|p1a: Sinistcha\n|-singleturn|p1a: Sinistcha|move: Rage Powder\n|move|p2b: Gallade|Stone Edge|p1a: Sinistcha\n|-damage|p1a: Sinistcha|0 fnt\n|faint|p1a: Sinistcha\n|move|p1b: Greninja|Dark Pulse|p2a: Hatterene\n|-damage|p2a: Hatterene|0 fnt\n|faint|p2a: Hatterene\n|\n|upkeep\n|\n|t:|1776421249\n|switch|p1a: Incineroar|Incineroar, L50, F|76/100\n|-ability|p1a: Incineroar|Intimidate|boost\n|-unboost|p2b: Gallade|atk|1\n|turn|18\n|inactive|whistlejacket17 has 5 seconds left this turn.\n|-message|whistlejacket17 forfeited.\n|\n|win|water spot\n|raw|water spot's rating: 1169 &rarr; <strong>1197</strong><br />(+28 for winning)\n|raw|whistlejacket17's rating: 1210 &rarr; <strong>1182</strong><br />(-28 for losing)\n|l|\u2606whistlejacket17\n|player|p2|\n",
  "uploadtime": 1776421258,
  "views": 35,
  "formatid": "gen9championsvgc2026regma",
  "rating": 1182,
  "private": 0,
  "password": null
}