{
  "id": "gen9championsvgc2026regma-2580540568",
  "format": "[Gen 9 Champions] VGC 2026 Reg M-A",
  "players": [
    "Meta9_em1ly",
    "sandycoin"
  ],
  "log": "|j|\u2606Meta9_em1ly\n|j|\u2606sandycoin\n|t:|1775910656\n|gametype|doubles\n|player|p1|Meta9_em1ly|ingo|1000\n|player|p2|sandycoin|265|1000\n|gen|9\n|tier|[Gen 9 Champions] VGC 2026 Reg M-A\n|rated|\n|rule|Species Clause: Limit one of each Pok\u00e9mon\n|rule|Item Clause: Limit 1 of each item\n|clearpoke\n|poke|p1|Tyranitar, L50, F|\n|poke|p1|Glimmora, L50, F|\n|poke|p1|Archaludon, L50, M|\n|poke|p1|Garchomp, L50, M|\n|poke|p1|Corviknight, L50, M|\n|poke|p1|Sneasler, L50, M|\n|poke|p2|Meganium, L50, F|\n|poke|p2|Archaludon, L50, M|\n|poke|p2|Pelipper, L50, F|\n|poke|p2|Farigiraf, L50, M|\n|poke|p2|Kingambit, L50, F|\n|poke|p2|Gengar, L50, F|\n|teampreview|4\nMeta9_em1ly has agreed to open team sheets.\n|\n|t:|1775910702\n|teamsize|p1|4\n|teamsize|p2|4\n|start\n|switch|p1a: Glimmora|Glimmora, L50, F, shiny|100/100\n|switch|p1b: Garchomp|Garchomp, L50, M|100/100\n|switch|p2a: Farigiraf|Farigiraf, L50, M|100/100\n|switch|p2b: Meganium|Meganium, L50, F|100/100\n|turn|1\n|\n|t:|1775910728\n|detailschange|p2b: Meganium|Meganium-Mega, L50, F\n|-mega|p2b: Meganium|Meganium|Meganiumite\n|move|p1b: Garchomp|Earthquake|p2b: Meganium|[spread] p1a,p2a,p2b\n|-supereffective|p1a: Glimmora|2\n|-resisted|p2b: Meganium|1\n|-enditem|p1a: Glimmora|Focus Sash\n|-damage|p1a: Glimmora|1/100\n|-damage|p2a: Farigiraf|52/100\n|-damage|p2b: Meganium|83/100\n|-activate|p1a: Glimmora|ability: Toxic Debris\n|-sidestart|p2: sandycoin|move: Toxic Spikes\n|move|p1a: Glimmora|Sludge Bomb|p2b: Meganium\n|-supereffective|p2b: Meganium|2\n|-damage|p2b: Meganium|0 fnt\n|faint|p2b: Meganium\n|move|p2a: Farigiraf|Trick Room|p2a: Farigiraf\n|-fieldstart|move: Trick Room|[of] p2a: Farigiraf\n|\n|upkeep\n|\n|t:|1775910746\n|switch|p2b: Archaludon|Archaludon, L50, M|100/100\n|turn|2\n|\n|t:|1775910758\n|move|p1a: Glimmora|Spiky Shield|p1a: Glimmora\n|-singleturn|p1a: Glimmora|move: Protect\n|move|p1b: Garchomp|Protect|p1b: Garchomp\n|-singleturn|p1b: Garchomp|Protect\n|move|p2a: Farigiraf|Hyper Voice|p1b: Garchomp|[spread] \n|-activate|p1a: Glimmora|move: Protect\n|-activate|p1b: Garchomp|move: Protect\n|move|p2b: Archaludon|Dragon Pulse|p1b: Garchomp\n|-activate|p1b: Garchomp|move: Protect\n|\n|upkeep\n|turn|3\n|\n|t:|1775910779\n|move|p2a: Farigiraf|Hyper Voice|p1a: Glimmora|[spread] p1a,p1b\n|-resisted|p1a: Glimmora|1\n|-crit|p1b: Garchomp\n|-damage|p1a: Glimmora|0 fnt\n|-damage|p1b: Garchomp|46/100\n|faint|p1a: Glimmora\n|move|p2b: Archaludon|Dragon Pulse|p1b: Garchomp\n|-supereffective|p1b: Garchomp|1\n|-damage|p1b: Garchomp|0 fnt\n|faint|p1b: Garchomp\n|\n|upkeep\n|\n|t:|1775910787\n|switch|p1a: Tyranitar|Tyranitar, L50, F|100/100\n|switch|p1b: Archaludon|Archaludon, L50, M|100/100\n|-weather|Sandstorm|[from] ability: Sand Stream|[of] p1a: Tyranitar\n|turn|4\n|\n|t:|1775910812\n|move|p1b: Archaludon|Protect|p1b: Archaludon\n|-singleturn|p1b: Archaludon|Protect\n|move|p1a: Tyranitar|Knock Off|p2a: Farigiraf\n|-supereffective|p2a: Farigiraf|1\n|-damage|p2a: Farigiraf|0 fnt\n|-enditem|p2a: Farigiraf|Twisted Spoon|[from] move: Knock Off|[of] p1a: Tyranitar\n|faint|p2a: Farigiraf\n|move|p2b: Archaludon|Dragon Pulse|p1b: Archaludon\n|-activate|p1b: Archaludon|move: Protect\n|\n|-weather|Sandstorm|[upkeep]\n|upkeep\n|\n|t:|1775910818\n|switch|p2a: Pelipper|Pelipper, L50, F|100/100\n|-weather|RainDance|[from] ability: Drizzle|[of] p2a: Pelipper\n|turn|5\n|\n|t:|1775910836\n|detailschange|p1a: Tyranitar|Tyranitar-Mega, L50, F\n|-mega|p1a: Tyranitar|Tyranitar|Tyranitarite\n|-weather|Sandstorm|[from] ability: Sand Stream|[of] p1a: Tyranitar\n|move|p1a: Tyranitar|Rock Slide|p2a: Pelipper|[spread] p2a,p2b\n|-supereffective|p2a: Pelipper|1\n|-resisted|p2b: Archaludon|1\n|-damage|p2a: Pelipper|3/100\n|-damage|p2b: Archaludon|85/100\n|-ability|p2b: Archaludon|Stamina|boost\n|-boost|p2b: Archaludon|def|1\n|move|p1b: Archaludon|Aura Sphere|p2b: Archaludon\n|-supereffective|p2b: Archaludon|1\n|-damage|p2b: Archaludon|5/100\n|-ability|p2b: Archaludon|Stamina|boost\n|-boost|p2b: Archaludon|def|1\n|move|p2b: Archaludon|Dragon Pulse|p1b: Archaludon\n|-damage|p1b: Archaludon|44/100\n|-ability|p1b: Archaludon|Stamina|boost\n|-boost|p1b: Archaludon|def|1\n|move|p2a: Pelipper|Weather Ball|p1a: Tyranitar\n|-damage|p1a: Tyranitar|87/100\n|\n|-weather|Sandstorm|[upkeep]\n|-damage|p2a: Pelipper|0 fnt|[from] Sandstorm\n|faint|p2a: Pelipper\n|-heal|p2b: Archaludon|11/100|[from] item: Leftovers\n|-fieldend|move: Trick Room\n|upkeep\n|turn|6\n|\n|t:|1775910863\n|move|p2b: Archaludon|Protect|p2b: Archaludon\n|-singleturn|p2b: Archaludon|Protect\n|move|p1b: Archaludon|Aura Sphere|p2b: Archaludon\n|-activate|p2b: Archaludon|move: Protect\n|move|p1a: Tyranitar|Rock Slide|p2b: Archaludon\n|-activate|p2b: Archaludon|move: Protect\n|\n|-weather|Sandstorm|[upkeep]\n|-heal|p2b: Archaludon|17/100|[from] item: Leftovers\n|upkeep\n|turn|7\n|\n|t:|1775910878\n|move|p1b: Archaludon|Protect|p1b: Archaludon\n|-singleturn|p1b: Archaludon|Protect\n|move|p2b: Archaludon|Dragon Pulse|p1b: Archaludon\n|-activate|p1b: Archaludon|move: Protect\n|move|p1a: Tyranitar|Rock Slide|p2b: Archaludon\n|-resisted|p2b: Archaludon|1\n|-damage|p2b: Archaludon|8/100\n|-ability|p2b: Archaludon|Stamina|boost\n|-boost|p2b: Archaludon|def|1\n|\n|-weather|Sandstorm|[upkeep]\n|-heal|p2b: Archaludon|14/100|[from] item: Leftovers\n|upkeep\n|turn|8\n|\n|t:|1775910890\n|move|p2b: Archaludon|Protect|p2b: Archaludon\n|-singleturn|p2b: Archaludon|Protect\n|move|p1b: Archaludon|Aura Sphere|p2b: Archaludon\n|-activate|p2b: Archaludon|move: Protect\n|move|p1a: Tyranitar|Knock Off|p2b: Archaludon\n|-activate|p2b: Archaludon|move: Protect\n|\n|-weather|Sandstorm|[upkeep]\n|-heal|p2b: Archaludon|20/100|[from] item: Leftovers\n|upkeep\n|turn|9\n|\n|t:|1775910906\n|move|p1a: Tyranitar|Protect|p1a: Tyranitar\n|-singleturn|p1a: Tyranitar|Protect\n|move|p2b: Archaludon|Dragon Pulse|p1b: Archaludon\n|-damage|p1b: Archaludon|0 fnt\n|faint|p1b: Archaludon\n|\n|-weather|none\n|-heal|p2b: Archaludon|26/100|[from] item: Leftovers\n|upkeep\n|turn|10\n|\n|t:|1775910920\n|move|p2b: Archaludon|Protect|p2b: Archaludon\n|-singleturn|p2b: Archaludon|Protect\n|move|p1a: Tyranitar|Knock Off|p2b: Archaludon\n|-activate|p2b: Archaludon|move: Protect\n|\n|-heal|p2b: Archaludon|32/100|[from] item: Leftovers\n|upkeep\n|turn|11\n|\n|t:|1775910931\n|move|p2b: Archaludon|Flash Cannon|p1a: Tyranitar\n|-supereffective|p1a: Tyranitar|1\n|-damage|p1a: Tyranitar|23/100\n|move|p1a: Tyranitar|Knock Off|p2b: Archaludon\n|-damage|p2b: Archaludon|14/100\n|-ability|p2b: Archaludon|Stamina|boost\n|-boost|p2b: Archaludon|def|1\n|-enditem|p2b: Archaludon|Leftovers|[from] move: Knock Off|[of] p1a: Tyranitar\n|\n|upkeep\n|turn|12\n|\n|t:|1775910941\n|move|p1a: Tyranitar|Protect|p1a: Tyranitar\n|-singleturn|p1a: Tyranitar|Protect\n|move|p2b: Archaludon|Flash Cannon|p1a: Tyranitar\n|-activate|p1a: Tyranitar|move: Protect\n|\n|upkeep\n|turn|13\n|\n|t:|1775910947\n|move|p2b: Archaludon|Flash Cannon|p1a: Tyranitar\n|-supereffective|p1a: Tyranitar|1\n|-damage|p1a: Tyranitar|0 fnt\n|faint|p1a: Tyranitar\n|\n|win|sandycoin\n|raw|Meta9_em1ly's rating: 1000 &rarr; <strong>1000</strong><br />(+0 for losing)\n|raw|sandycoin's rating: 1000 &rarr; <strong>1040</strong><br />(+40 for winning)\n|c|\u2606Meta9_em1ly|gg\n",
  "uploadtime": 1775910957,
  "views": 17,
  "formatid": "gen9championsvgc2026regma",
  "rating": 1000,
  "private": 0,
  "password": null
}