{
  "id": "gen9championsvgc2026regma-2587648625",
  "format": "[Gen 9 Champions] VGC 2026 Reg M-A",
  "players": [
    "try0000",
    "evilest twink"
  ],
  "log": "|j|\u2606try0000\n|j|\u2606evilest twink\n|t:|1776550261\n|gametype|doubles\n|player|p1|try0000|veteran|1638\n|player|p2|evilest twink|jacinthe|1649\n|gen|9\n|tier|[Gen 9 Champions] VGC 2026 Reg M-A\n|rated|\n|rule|Species Clause: Limit one of each Pok\u00e9mon\n|rule|Item Clause: Limit 1 of each item\n|clearpoke\n|poke|p1|Gengar, L50, M|\n|poke|p1|Incineroar, L50, F|\n|poke|p1|Maushold-Four, L50|\n|poke|p1|Gardevoir, L50, F|\n|poke|p1|Kingambit, L50, M|\n|poke|p1|Ninetales-Alola, L50, M|\n|poke|p2|Pelipper, L50, F|\n|poke|p2|Basculegion, L50, M|\n|poke|p2|Scovillain, L50, M|\n|poke|p2|Kingambit, L50, M|\n|poke|p2|Sneasler, L50, F|\n|poke|p2|Archaludon, L50, F|\n|teampreview|4\n|inactive|Battle timer is ON: inactive players will automatically lose when time's up. (requested by try0000)\n|j| direc_t10n\n|inactive|evilest twink has 60 seconds left.\n|\n|t:|1776550312\n|teamsize|p1|4\n|teamsize|p2|4\n|start\n|switch|p1a: Maushold|Maushold-Four, L50|100/100\n|switch|p1b: Gardevoir|Gardevoir, L50, F|100/100\n|switch|p2a: Basculegion|Basculegion, L50, M|100/100\n|switch|p2b: Scovillain|Scovillain, L50, M|100/100\n|-ability|p1b: Gardevoir|Swift Swim|Trace|[from] ability: Trace|[of] p2a: Basculegion\n|turn|1\n|\n|t:|1776550325\n|detailschange|p1b: Gardevoir|Gardevoir-Mega, L50, F\n|-mega|p1b: Gardevoir|Gardevoir|Gardevoirite\n|detailschange|p2b: Scovillain|Scovillain-Mega, L50, M\n|-mega|p2b: Scovillain|Scovillain|Scovillainite\n|move|p2b: Scovillain|Rage Powder|p2b: Scovillain\n|-singleturn|p2b: Scovillain|move: Rage Powder\n|move|p1a: Maushold|Super Fang|p2b: Scovillain\n|-damage|p2b: Scovillain|50/100\n|-status|p1a: Maushold|brn|[from] ability: Spicy Spray|[of] p2b: Scovillain\n|move|p2a: Basculegion|Wave Crash|p1b: Gardevoir\n|-damage|p1b: Gardevoir|24/100\n|-damage|p2a: Basculegion|78/100|[from] Recoil\n|move|p1b: Gardevoir|Hyper Voice|p2a: Basculegion|[spread] p2a,p2b\n|-resisted|p2b: Scovillain|1\n|-damage|p2a: Basculegion|14/100\n|-damage|p2b: Scovillain|30/100\n|-status|p1b: Gardevoir|brn|[from] ability: Spicy Spray|[of] p2b: Scovillain\n|\n|-damage|p1a: Maushold|94/100 brn|[from] brn\n|-damage|p1b: Gardevoir|19/100 brn|[from] brn\n|upkeep\n|turn|2\n|inactive|evilest twink has 30 seconds left.\n|inactive|evilest twink has 20 seconds left.\n|inactive|evilest twink has 15 seconds left.\n|\n|t:|1776550369\n|switch|p2b: Pelipper|Pelipper, L50, F|100/100\n|-weather|RainDance|[from] ability: Drizzle|[of] p2b: Pelipper\n|move|p1a: Maushold|Follow Me|p1a: Maushold\n|-singleturn|p1a: Maushold|move: Follow Me\n|move|p2a: Basculegion|Wave Crash|p1a: Maushold\n|-crit|p1a: Maushold\n|-damage|p1a: Maushold|0 fnt\n|faint|p1a: Maushold\n|-damage|p2a: Basculegion|0 fnt|[from] Recoil\n|faint|p2a: Basculegion\n|move|p1b: Gardevoir|Psyshock|p2b: Pelipper\n|-damage|p2b: Pelipper|37/100\n|\n|-weather|RainDance|[upkeep]\n|-damage|p1b: Gardevoir|13/100 brn|[from] brn\n|upkeep\n|\n|t:|1776550377\n|switch|p1a: Ninetales|Ninetales-Alola, L50, M|100/100\n|switch|p2a: Archaludon|Archaludon, L50, F|100/100\n|-weather|Snowscape|[from] ability: Snow Warning|[of] p1a: Ninetales\n|turn|3\n|\n|t:|1776550387\n|switch|p2b: Scovillain|Scovillain-Mega, L50, M|30/100\n|move|p2a: Archaludon|Protect|p2a: Archaludon\n|-singleturn|p2a: Archaludon|Protect\n|move|p1a: Ninetales|Blizzard|p2b: Scovillain|[spread] p2b\n|-activate|p2a: Archaludon|move: Protect\n|-damage|p2b: Scovillain|3/100\n|-status|p1a: Ninetales|brn|[from] ability: Spicy Spray|[of] p2b: Scovillain\n|move|p1b: Gardevoir|Hyper Voice|p2b: Scovillain|[spread] p2b\n|-activate|p2a: Archaludon|move: Protect\n|-resisted|p2b: Scovillain|1\n|-damage|p2b: Scovillain|0 fnt\n|faint|p2b: Scovillain\n|\n|-weather|Snowscape|[upkeep]\n|-damage|p1a: Ninetales|94/100 brn|[from] brn\n|-damage|p1b: Gardevoir|7/100 brn|[from] brn\n|upkeep\n|\n|t:|1776550398\n|switch|p2b: Pelipper|Pelipper, L50, F|37/100\n|-weather|RainDance|[from] ability: Drizzle|[of] p2b: Pelipper\n|turn|4\n|\n|t:|1776550404\n|switch|p1a: Kingambit|Kingambit, L50, M|100/100\n|move|p2b: Pelipper|Wide Guard|p2b: Pelipper\n|-singleturn|p2b: Pelipper|Wide Guard\n|move|p2a: Archaludon|Electro Shot||[still]\n|-prepare|p2a: Archaludon|Electro Shot\n|-boost|p2a: Archaludon|spa|1\n|-anim|p2a: Archaludon|Electro Shot|p1a: Kingambit\n|-damage|p1a: Kingambit|20/100\n|move|p1b: Gardevoir|Hyper Voice|p2a: Archaludon|[spread] \n|-activate|p2a: Archaludon|move: Wide Guard\n|-activate|p2b: Pelipper|move: Wide Guard\n|\n|-weather|RainDance|[upkeep]\n|-damage|p1b: Gardevoir|2/100 brn|[from] brn\n|upkeep\n|turn|5\n|c| direc_t10n|No aurora veil \ud83d\ude14\n|inactive|evilest twink has 30 seconds left.\n|\n|t:|1776550432\n|move|p2a: Archaludon|Protect|p2a: Archaludon\n|-singleturn|p2a: Archaludon|Protect\n|move|p1a: Kingambit|Sucker Punch||[still]\n|-fail|p1a: Kingambit\n|move|p2b: Pelipper|Tailwind|p2b: Pelipper\n|-sidestart|p2: evilest twink|move: Tailwind\n|move|p1b: Gardevoir|Hyper Voice|p2b: Pelipper|[spread] p2b\n|-activate|p2a: Archaludon|move: Protect\n|-crit|p2b: Pelipper\n|-damage|p2b: Pelipper|0 fnt\n|faint|p2b: Pelipper\n|\n|-weather|RainDance|[upkeep]\n|-damage|p1b: Gardevoir|0 fnt|[from] brn\n|faint|p1b: Gardevoir\n|upkeep\n|\n|t:|1776550436\n|switch|p1b: Ninetales|Ninetales-Alola, L50, M|94/100 brn\n|-weather|Snowscape|[from] ability: Snow Warning|[of] p1b: Ninetales\n|turn|6\n|\n|t:|1776550459\n|move|p1b: Ninetales|Protect|p1b: Ninetales\n|-singleturn|p1b: Ninetales|Protect\n|move|p2a: Archaludon|Flash Cannon|p1b: Ninetales\n|-activate|p1b: Ninetales|move: Protect\n|move|p1a: Kingambit|Low Kick|p2a: Archaludon\n|-supereffective|p2a: Archaludon|1\n|-damage|p2a: Archaludon|54/100\n|\n|-weather|Snowscape|[upkeep]\n|-damage|p1b: Ninetales|88/100 brn|[from] brn\n|upkeep\n|turn|7\n|j| fylof6o6\n|\n|t:|1776550474\n|move|p1a: Kingambit|Sucker Punch|p2a: Archaludon\n|-damage|p2a: Archaludon|19/100\n|move|p2a: Archaludon|Flash Cannon|p1b: Ninetales\n|-supereffective|p1b: Ninetales|2\n|-damage|p1b: Ninetales|0 fnt\n|faint|p1b: Ninetales\n|\n|-weather|Snowscape|[upkeep]\n|upkeep\n|turn|8\n|\n|t:|1776550482\n|move|p2a: Archaludon|Protect|p2a: Archaludon\n|-singleturn|p2a: Archaludon|Protect\n|move|p1a: Kingambit|Protect||[still]\n|-fail|p1a: Kingambit\n|\n|-weather|Snowscape|[upkeep]\n|-sideend|p2: evilest twink|move: Tailwind\n|upkeep\n|turn|9\n|\n|t:|1776550497\n|move|p1a: Kingambit|Sucker Punch|p2a: Archaludon\n|-damage|p2a: Archaludon|0 fnt\n|faint|p2a: Archaludon\n|\n|win|try0000\n|raw|try0000's rating: 1638 &rarr; <strong>1659</strong><br />(+21 for winning)\n|raw|evilest twink's rating: 1649 &rarr; <strong>1628</strong><br />(-21 for losing)\n|l| direc_t10n\n|l|\u2606try0000\n|player|p1|\n",
  "uploadtime": 1776550516,
  "views": 70,
  "formatid": "gen9championsvgc2026regma",
  "rating": 1628,
  "private": 0,
  "password": null
}