{
  "id": "gen9championsvgc2026regma-2588526658",
  "format": "[Gen 9 Champions] VGC 2026 Reg M-A",
  "players": [
    "Psycho_Truck714",
    "Jaemspio"
  ],
  "log": "|j|\u2606Psycho_Truck714\n|j|\u2606Jaemspio\n|t:|1776641740\n|gametype|doubles\n|player|p1|Psycho_Truck714|worker-gen4|1082\n|player|p2|Jaemspio|169|1100\n|gen|9\n|tier|[Gen 9 Champions] VGC 2026 Reg M-A\n|rated|\n|rule|Species Clause: Limit one of each Pok\u00e9mon\n|rule|Item Clause: Limit 1 of each item\n|clearpoke\n|poke|p1|Gallade, L50, M|\n|poke|p1|Noivern, L50, M|\n|poke|p1|Goodra-Hisui, L50, M|\n|poke|p1|Rotom-Wash, L50|\n|poke|p1|Incineroar, L50, M|\n|poke|p1|Clefable, L50, F|\n|poke|p2|Garchomp, L50, M|\n|poke|p2|Talonflame, L50, M|\n|poke|p2|Ampharos, L50, F|\n|poke|p2|Pelipper, L50, M|\n|poke|p2|Whimsicott, L50, M|\n|poke|p2|Sneasler, L50, M|\n|teampreview|4\n|\n|t:|1776641819\n|teamsize|p1|4\n|teamsize|p2|4\n|start\n|switch|p1a: Rotom|Rotom-Wash, L50|100/100\n|switch|p1b: Noivern|Noivern, L50, M|100/100\n|switch|p2a: Garchomp|Garchomp, L50, M|100/100\n|switch|p2b: Sneasler|Sneasler, L50, M|100/100\n|turn|1\n|inactive|Battle timer is ON: inactive players will automatically lose when time's up. (requested by Jaemspio)\n|\n|t:|1776641867\n|move|p1b: Noivern|Protect|p1b: Noivern\n|-singleturn|p1b: Noivern|Protect\n|move|p2b: Sneasler|Fake Out|p1b: Noivern\n|-activate|p1b: Noivern|move: Protect\n|move|p2a: Garchomp|Rock Slide|p1a: Rotom|[spread] p1a\n|-activate|p1b: Noivern|move: Protect\n|-damage|p1a: Rotom|84/100\n|cant|p1a: Rotom|flinch\n|\n|-heal|p1a: Rotom|90/100|[from] item: Leftovers\n|upkeep\n|turn|2\n|inactive|Psycho_Truck714 has 30 seconds left.\n|\n|t:|1776641896\n|move|p1b: Noivern|Tailwind|p1b: Noivern\n|-sidestart|p1: Psycho_Truck714|move: Tailwind\n|move|p1a: Rotom|Hydro Pump|p2a: Garchomp\n|-damage|p2a: Garchomp|59/100\n|move|p2b: Sneasler|Close Combat|p1a: Rotom\n|-damage|p1a: Rotom|39/100\n|-unboost|p2b: Sneasler|def|1\n|-unboost|p2b: Sneasler|spd|1\n|-enditem|p2b: Sneasler|White Herb\n|-clearnegativeboost|p2b: Sneasler|[silent]\n|move|p2a: Garchomp|Rock Slide|p1b: Noivern|[spread] p1a,p1b\n|-supereffective|p1b: Noivern|1\n|-damage|p1a: Rotom|24/100\n|-damage|p1b: Noivern|53/100\n|\n|-heal|p1a: Rotom|30/100|[from] item: Leftovers\n|upkeep\n|turn|3\n|inactive|Psycho_Truck714 has 30 seconds left.\n|inactive|Psycho_Truck714 has 20 seconds left.\n|inactive|Psycho_Truck714 has 15 seconds left.\n|inactive|Psycho_Truck714 has 10 seconds left.\n|\n|t:|1776641943\n|switch|p1b: Incineroar|Incineroar, L50, M|100/100\n|-ability|p1b: Incineroar|Intimidate|boost\n|-unboost|p2a: Garchomp|atk|1\n|-unboost|p2b: Sneasler|atk|1\n|move|p2b: Sneasler|Dire Claw|p1a: Rotom\n|-damage|p1a: Rotom|5/100\n|move|p1a: Rotom|Hydro Pump|p2a: Garchomp\n|-damage|p2a: Garchomp|20/100\n|move|p2a: Garchomp|Dragon Claw|p1b: Incineroar\n|-damage|p1b: Incineroar|77/100\n|\n|-heal|p1a: Rotom|11/100|[from] item: Leftovers\n|upkeep\n|turn|4\n|inactive|Psycho_Truck714 has 30 seconds left.\n|inactive|Jaemspio has 30 seconds left.\n|\n|t:|1776641970\n|move|p2a: Garchomp|Protect|p2a: Garchomp\n|-singleturn|p2a: Garchomp|Protect\n|move|p1b: Incineroar|Fake Out|p2a: Garchomp\n|-activate|p2a: Garchomp|move: Protect\n|move|p2b: Sneasler|Dire Claw|p1a: Rotom\n|-damage|p1a: Rotom|0 fnt\n|faint|p1a: Rotom\n|\n|upkeep\n|\n|t:|1776641983\n|switch|p1a: Gallade|Gallade, L50, M|100/100\n|turn|5\n|inactive|Psycho_Truck714 has 30 seconds left.\n|\n|t:|1776642013\n|switch|p2a: Whimsicott|Whimsicott, L50, M|100/100\n|move|p2b: Sneasler|Close Combat|p1b: Incineroar\n|-supereffective|p1b: Incineroar|1\n|-damage|p1b: Incineroar|13/100\n|-unboost|p2b: Sneasler|def|1\n|-unboost|p2b: Sneasler|spd|1\n|-enditem|p1b: Incineroar|Sitrus Berry|[eat]\n|-heal|p1b: Incineroar|38/100|[from] item: Sitrus Berry\n|move|p1a: Gallade|Psycho Cut|p2b: Sneasler\n|-supereffective|p2b: Sneasler|2\n|-crit|p2b: Sneasler\n|-damage|p2b: Sneasler|0 fnt\n|faint|p2b: Sneasler\n|move|p1b: Incineroar|Throat Chop|p2a: Whimsicott\n|-resisted|p2a: Whimsicott|1\n|-damage|p2a: Whimsicott|84/100\n|-start|p2a: Whimsicott|Throat Chop|[silent]\n|\n|-sideend|p1: Psycho_Truck714|move: Tailwind\n|upkeep\n|l|\u2606Jaemspio\n|inactive|Jaemspio disconnected and has a minute to reconnect!\n|player|p2|\n|j|\u2606Jaemspio\n|inactive|Jaemspio reconnected and has 40 seconds left.\n|player|p2|Jaemspio|169|\n|inactive|Jaemspio has 30 seconds left.\n|\n|t:|1776642048\n|switch|p2b: Ampharos|Ampharos, L50, F|100/100\n|turn|6\n|inactive|Psycho_Truck714 has 30 seconds left.\n|inactive|Psycho_Truck714 has 20 seconds left.\n|\n|t:|1776642087\n|detailschange|p2b: Ampharos|Ampharos-Mega, L50, F\n|-mega|p2b: Ampharos|Ampharos|Ampharosite\n|-ability|p2b: Ampharos|Mold Breaker\n|move|p1a: Gallade|Wide Guard|p1a: Gallade\n|-singleturn|p1a: Gallade|Wide Guard\n|move|p2a: Whimsicott|Tailwind|p2a: Whimsicott\n|-sidestart|p2: Jaemspio|move: Tailwind\n|move|p2b: Ampharos|Dazzling Gleam|p1b: Incineroar|[spread] \n|-activate|p1a: Gallade|move: Wide Guard\n|-activate|p1b: Incineroar|move: Wide Guard\n|move|p1b: Incineroar|Parting Shot|p2a: Whimsicott\n|-unboost|p2a: Whimsicott|atk|1\n|-unboost|p2a: Whimsicott|spa|1\n|\n|t:|1776642105\n|switch|p1b: Noivern|Noivern, L50, M|53/100|[from] Parting Shot\n|\n|-end|p2a: Whimsicott|Throat Chop|[silent]\n|upkeep\n|turn|7\n|l|\u2606Jaemspio\n|inactive|Jaemspio disconnected and has a minute to reconnect!\n|player|p2|\n|j|\u2606Jaemspio\n|inactive|Jaemspio reconnected and has 35 seconds left.\n|player|p2|Jaemspio|169|\n|inactive|Psycho_Truck714 has 30 seconds left.\n|inactive|Jaemspio has 30 seconds left.\n|\n|t:|1776642137\n|move|p1b: Noivern|Protect|p1b: Noivern\n|-singleturn|p1b: Noivern|Protect\n|move|p2a: Whimsicott|Taunt|p1a: Gallade\n|-start|p1a: Gallade|move: Taunt\n|move|p2b: Ampharos|Dragon Pulse|p1b: Noivern\n|-activate|p1b: Noivern|move: Protect\n|move|p1a: Gallade|Sacred Sword|p2b: Ampharos\n|-damage|p2b: Ampharos|18/100\n|\n|upkeep\n|turn|8\n|inactive|Psycho_Truck714 has 30 seconds left.\n|inactive|Psycho_Truck714 has 20 seconds left.\n|inactive|Psycho_Truck714 has 15 seconds left.\n|\n|t:|1776642180\n|switch|p2a: Garchomp|Garchomp, L50, M|20/100\n|switch|p1b: Incineroar|Incineroar, L50, M|38/100\n|-ability|p1b: Incineroar|Intimidate|boost\n|-unboost|p2a: Garchomp|atk|1\n|-unboost|p2b: Ampharos|atk|1\n|move|p2b: Ampharos|Discharge|p1b: Incineroar|[spread] p1a,p1b\n|-immune|p2a: Garchomp\n|-damage|p1a: Gallade|57/100\n|-damage|p1b: Incineroar|3/100\n|-status|p1a: Gallade|par\n|move|p1a: Gallade|Psycho Cut|p2b: Ampharos\n|-crit|p2b: Ampharos\n|-damage|p2b: Ampharos|0 fnt\n|faint|p2b: Ampharos\n|\n|upkeep\n|\n|t:|1776642194\n|switch|p2b: Whimsicott|Whimsicott, L50, M|84/100\n|turn|9\n|inactive|Psycho_Truck714 has 30 seconds left.\n|inactive|Jaemspio has 30 seconds left.\n|inactive|Psycho_Truck714 has 20 seconds left.\n|inactive|Psycho_Truck714 has 15 seconds left.\n|\n|t:|1776642236\n|move|p2a: Garchomp|Protect|p2a: Garchomp\n|-singleturn|p2a: Garchomp|Protect\n|move|p1b: Incineroar|Fake Out|p2b: Whimsicott\n|-damage|p2b: Whimsicott|74/100\n|cant|p2b: Whimsicott|flinch\n|move|p1a: Gallade|Psycho Cut|p2b: Whimsicott\n|-damage|p2b: Whimsicott|17/100\n|\n|-end|p1a: Gallade|move: Taunt\n|-sideend|p2: Jaemspio|move: Tailwind\n|upkeep\n|turn|10\n|inactive|Psycho_Truck714 has 30 seconds left.\n|inactive|Jaemspio has 30 seconds left.\n|inactive|Psycho_Truck714 has 20 seconds left.\n|inactive|Psycho_Truck714 has 15 seconds left.\n|inactive|Jaemspio has 20 seconds left.\n|inactive|Jaemspio has 15 seconds left.\n|\n|t:|1776642287\n|detailschange|p1a: Gallade|Gallade-Mega, L50, M\n|-mega|p1a: Gallade|Gallade|Galladite\n|move|p1a: Gallade|Wide Guard|p1a: Gallade\n|-singleturn|p1a: Gallade|Wide Guard\n|move|p2b: Whimsicott|Moonblast|p1b: Incineroar\n|-damage|p1b: Incineroar|0 fnt\n|faint|p1b: Incineroar\n|move|p2a: Garchomp|Rock Slide|p1a: Gallade\n|-activate|p1a: Gallade|move: Wide Guard\n|\n|upkeep\n|\n|t:|1776642298\n|switch|p1b: Noivern|Noivern, L50, M|53/100\n|turn|11\n|\n|t:|1776642318\n|move|p2b: Whimsicott|Tailwind|p2b: Whimsicott\n|-sidestart|p2: Jaemspio|move: Tailwind\n|move|p2a: Garchomp|Rock Slide|p1a: Gallade|[spread] p1a\n|-miss|p2a: Garchomp|p1b: Noivern\n|-resisted|p1a: Gallade|1\n|-damage|p1a: Gallade|48/100 par\n|move|p1b: Noivern|Air Slash|p2b: Whimsicott\n|-supereffective|p2b: Whimsicott|1\n|-damage|p2b: Whimsicott|0 fnt\n|faint|p2b: Whimsicott\n|move|p1a: Gallade|Psycho Cut|p2a: Garchomp\n|-damage|p2a: Garchomp|0 fnt\n|faint|p2a: Garchomp\n|\n|win|Psycho_Truck714\n|raw|Psycho_Truck714's rating: 1082 &rarr; <strong>1111</strong><br />(+29 for winning)\n|raw|Jaemspio's rating: 1100 &rarr; <strong>1074</strong><br />(-26 for losing)\n|l|\u2606Jaemspio\n|player|p2|\n",
  "uploadtime": 1776642349,
  "views": 18,
  "formatid": "gen9championsvgc2026regma",
  "rating": 1074,
  "private": 0,
  "password": null
}