{
  "id": "gen9championsvgc2026regma-2584761314",
  "format": "[Gen 9 Champions] VGC 2026 Reg M-A",
  "players": [
    "Izmagack",
    "etrdyfyiu"
  ],
  "log": "|j|\u2606Izmagack\n|j|\u2606etrdyfyiu\n|t:|1776281795\n|gametype|doubles\n|player|p1|Izmagack|ghetsis-gen5bw|1231\n|player|p2|etrdyfyiu|266|1304\n|gen|9\n|tier|[Gen 9 Champions] VGC 2026 Reg M-A\n|rated|\n|rule|Species Clause: Limit one of each Pok\u00e9mon\n|rule|Item Clause: Limit 1 of each item\n|clearpoke\n|poke|p1|Tyranitar, L50, F|\n|poke|p1|Whimsicott, L50, M|\n|poke|p1|Lucario, L50, M|\n|poke|p1|Empoleon, L50, M|\n|poke|p1|Garchomp, L50, M|\n|poke|p1|Oranguru, L50, M|\n|poke|p2|Palafin, L50, M|\n|poke|p2|Arcanine, L50, M|\n|poke|p2|Scizor, L50, M|\n|poke|p2|Tyranitar, L50, F|\n|poke|p2|Sneasler, L50, F|\n|poke|p2|Sinistcha, L50|\n|teampreview|4\n|inactive|Battle timer is ON: inactive players will automatically lose when time's up. (requested by Izmagack)\n|inactive|Izmagack has 60 seconds left.\n|inactive|etrdyfyiu has 60 seconds left.\n|\n|t:|1776281829\n|teamsize|p1|4\n|teamsize|p2|4\n|start\n|switch|p1a: Tyranitar|Tyranitar, L50, F|100/100\n|switch|p1b: Whimsicott|Whimsicott, L50, M|100/100\n|switch|p2a: Palafin|Palafin, L50, M|100/100\n|switch|p2b: Sneasler|Sneasler, L50, F, shiny|100/100\n|-weather|Sandstorm|[from] ability: Sand Stream|[of] p1a: Tyranitar\n|turn|1\n|\n|t:|1776281847\n|move|p1b: Whimsicott|Tailwind|p1b: Whimsicott\n|-sidestart|p1: Izmagack|move: Tailwind\n|move|p2a: Palafin|Flip Turn|p1a: Tyranitar\n|-supereffective|p1a: Tyranitar|1\n|-damage|p1a: Tyranitar|68/100\n|\n|t:|1776281857\n|detailschange|p2a: Palafin|Palafin-Hero, L50, M\n|switch|p2a: Sinistcha|Sinistcha, L50|100/100|[from] Flip Turn\n|move|p2b: Sneasler|Dire Claw|p1b: Whimsicott\n|-supereffective|p1b: Whimsicott|2\n|-enditem|p1b: Whimsicott|Focus Sash\n|-damage|p1b: Whimsicott|1/100\n|move|p1a: Tyranitar|High Horsepower|p2b: Sneasler\n|-supereffective|p2b: Sneasler|1\n|-damage|p2b: Sneasler|0 fnt\n|faint|p2b: Sneasler\n|\n|-weather|Sandstorm|[upkeep]\n|-damage|p1b: Whimsicott|0 fnt|[from] Sandstorm\n|-damage|p2a: Sinistcha|94/100|[from] Sandstorm\n|faint|p1b: Whimsicott\n|upkeep\n|\n|t:|1776281870\n|switch|p2b: Palafin|Palafin-Hero, L50, M|100/100\n|switch|p1b: Garchomp|Garchomp, L50, M|100/100\n|-activate|p2b: Palafin|ability: Zero to Hero\n|turn|2\n|\n|t:|1776281887\n|switch|p1a: Oranguru|Oranguru, L50, M|100/100\n|move|p1b: Garchomp|Earthquake|p2a: Sinistcha|[spread] p2a,p2b\n|-activate|p1a: Oranguru|ability: Telepathy\n|-resisted|p2a: Sinistcha|1\n|-damage|p2a: Sinistcha|77/100\n|-damage|p2b: Palafin|63/100\n|move|p2b: Palafin|Wave Crash|p1b: Garchomp\n|-damage|p1b: Garchomp|17/100\n|-damage|p2b: Palafin|39/100|[from] Recoil\n|move|p2a: Sinistcha|Matcha Gotcha|p1b: Garchomp|[spread] p1a,p1b\n|-damage|p1a: Oranguru|83/100\n|-heal|p2a: Sinistcha|86/100|[from] drain|[of] p1a: Oranguru\n|-damage|p1b: Garchomp|0 fnt\n|-heal|p2a: Sinistcha|95/100|[from] drain|[of] p1b: Garchomp\n|faint|p1b: Garchomp\n|\n|-weather|Sandstorm|[upkeep]\n|-damage|p2b: Palafin|33/100|[from] Sandstorm\n|-damage|p1a: Oranguru|77/100|[from] Sandstorm\n|-damage|p2a: Sinistcha|89/100|[from] Sandstorm\n|-heal|p1a: Oranguru|83/100|[from] item: Leftovers\n|upkeep\n|\n|t:|1776281903\n|switch|p1b: Tyranitar|Tyranitar, L50, F|68/100\n|turn|3\n|\n|t:|1776281912\n|move|p1b: Tyranitar|Protect|p1b: Tyranitar\n|-singleturn|p1b: Tyranitar|Protect\n|move|p2a: Sinistcha|Rage Powder|p2a: Sinistcha\n|-singleturn|p2a: Sinistcha|move: Rage Powder\n|move|p2b: Palafin|Wave Crash|p1b: Tyranitar\n|-activate|p1b: Tyranitar|move: Protect\n|move|p1a: Oranguru|Yawn|p2a: Sinistcha\n|-start|p2a: Sinistcha|move: Yawn|[of] p1a: Oranguru\n|\n|-weather|Sandstorm|[upkeep]\n|-damage|p2b: Palafin|27/100|[from] Sandstorm\n|-damage|p1a: Oranguru|77/100|[from] Sandstorm\n|-damage|p2a: Sinistcha|83/100|[from] Sandstorm\n|-heal|p1a: Oranguru|83/100|[from] item: Leftovers\n|upkeep\n|turn|4\n|\n|t:|1776281929\n|switch|p2a: Tyranitar|Tyranitar, L50, F, shiny|100/100\n|detailschange|p1b: Tyranitar|Tyranitar-Mega, L50, F\n|-mega|p1b: Tyranitar|Tyranitar|Tyranitarite\n|move|p2b: Palafin|Wave Crash|p1b: Tyranitar\n|-supereffective|p1b: Tyranitar|1\n|-damage|p1b: Tyranitar|0 fnt\n|faint|p1b: Tyranitar\n|-damage|p2b: Palafin|4/100|[from] Recoil\n|move|p1a: Oranguru|Instruct|p1: Tyranitar|[notarget]\n|-fail|p1a: Oranguru\n|\n|-weather|Sandstorm|[upkeep]\n|-damage|p2b: Palafin|0 fnt|[from] Sandstorm\n|-damage|p1a: Oranguru|77/100|[from] Sandstorm\n|faint|p2b: Palafin\n|-heal|p1a: Oranguru|83/100|[from] item: Leftovers\n|-sideend|p1: Izmagack|move: Tailwind\n|upkeep\n|\n|t:|1776281942\n|switch|p2b: Sinistcha|Sinistcha, L50|83/100\n|turn|5\n|\n|t:|1776281949\n|detailschange|p2a: Tyranitar|Tyranitar-Mega, L50, F, shiny\n|-mega|p2a: Tyranitar|Tyranitar|Tyranitarite\n|move|p2b: Sinistcha|Rage Powder|p2b: Sinistcha\n|-singleturn|p2b: Sinistcha|move: Rage Powder\n|move|p2a: Tyranitar|Knock Off|p1a: Oranguru\n|-supereffective|p1a: Oranguru|1\n|-damage|p1a: Oranguru|0 fnt\n|-enditem|p1a: Oranguru|Leftovers|[from] move: Knock Off|[of] p2a: Tyranitar\n|faint|p1a: Oranguru\n|\n|win|etrdyfyiu\n|raw|Izmagack's rating: 1231 &rarr; <strong>1211</strong><br />(-20 for losing)\n|raw|etrdyfyiu's rating: 1304 &rarr; <strong>1320</strong><br />(+16 for winning)\n|l|\u2606Izmagack\n|player|p1|\n|l|\u2606etrdyfyiu\n|player|p2|\n|j|\u2606etrdyfyiu\n|player|p2|etrdyfyiu|266|\n",
  "uploadtime": 1776281998,
  "views": 22,
  "formatid": "gen9championsvgc2026regma",
  "rating": 1211,
  "private": 0,
  "password": null
}