{
  "id": "gen9championsvgc2026regma-2587005701",
  "format": "[Gen 9 Champions] VGC 2026 Reg M-A",
  "players": [
    "smeargil",
    "Prohxy"
  ],
  "log": "|j|\u2606smeargil\n|j|\u2606Prohxy\n|t:|1776480434\n|gametype|doubles\n|player|p1|smeargil|artist|1088\n|player|p2|Prohxy|swimmerf|1050\n|gen|9\n|tier|[Gen 9 Champions] VGC 2026 Reg M-A\n|rated|\n|rule|Species Clause: Limit one of each Pok\u00e9mon\n|rule|Item Clause: Limit 1 of each item\n|clearpoke\n|poke|p1|Palafin, L50, F|\n|poke|p1|Gengar, L50, M|\n|poke|p1|Incineroar, L50, M|\n|poke|p1|Kingambit, L50, M|\n|poke|p1|Sableye, L50, M|\n|poke|p1|Politoed, L50, M|\n|poke|p2|Sinistcha-Masterpiece, L50|\n|poke|p2|Palafin, L50, F|\n|poke|p2|Talonflame, L50, M|\n|poke|p2|Tsareena, L50, F|\n|poke|p2|Lopunny, L50, M|\n|poke|p2|Ninetales-Alola, L50, F|\n|teampreview|4\n|inactive|Battle timer is ON: inactive players will automatically lose when time's up. (requested by Prohxy)\nProhxy rejected open team sheets.\n|inactive|smeargil has 60 seconds left.\n|\n|t:|1776480493\n|teamsize|p1|4\n|teamsize|p2|4\n|start\n|switch|p1a: Gengar|Gengar, L50, M, shiny|100/100\n|switch|p1b: Palafin|Palafin, L50, F|100/100\n|switch|p2a: Tsareena|Tsareena, L50, F, shiny|100/100\n|switch|p2b: Palafin|Palafin, L50, F, shiny|100/100\n|turn|1\n|inactive|smeargil has 30 seconds left.\n|inactive|smeargil has 20 seconds left.\n|inactive|smeargil has 15 seconds left.\n|\n|t:|1776480535\n|detailschange|p1b: Palafin|Palafin-Hero, L50, F\n|switch|p1b: Incineroar|Incineroar, L50, M|100/100\n|-ability|p1b: Incineroar|Intimidate|boost\n|-unboost|p2a: Tsareena|atk|1\n|-unboost|p2b: Palafin|atk|1\n|-enditem|p2b: Palafin|White Herb\n|-clearnegativeboost|p2b: Palafin|[silent]\n|detailschange|p1a: Gengar|Gengar-Mega, L50, M, shiny\n|-mega|p1a: Gengar|Gengar|Gengarite\n|move|p1a: Gengar|Shadow Ball|p2b: Palafin\n|-damage|p2b: Palafin|44/100\n|move|p2b: Palafin|Flip Turn|p1a: Gengar\n|-damage|p1a: Gengar|71/100\n|\n|t:|1776480549\n|detailschange|p2b: Palafin|Palafin-Hero, L50, F, shiny\n|switch|p2b: Lopunny|Lopunny, L50, M, shiny|100/100|[from] Flip Turn\n|move|p2a: Tsareena|Trop Kick|p1b: Incineroar\n|-resisted|p1b: Incineroar|1\n|-damage|p1b: Incineroar|83/100\n|-unboost|p1b: Incineroar|atk|1\n|\n|upkeep\n|turn|2\n|inactive|smeargil has 30 seconds left.\n|\n|t:|1776480576\n|detailschange|p2b: Lopunny|Lopunny-Mega, L50, M, shiny\n|-mega|p2b: Lopunny|Lopunny|Lopunnite\n|move|p2b: Lopunny|Drain Punch|p1a: Gengar\n|-resisted|p1a: Gengar|1\n|-damage|p1a: Gengar|45/100\n|move|p1a: Gengar|Perish Song|p1a: Gengar\n|-start|p1a: Gengar|perish3|[silent]\n|-start|p1b: Incineroar|perish3|[silent]\n|-start|p2a: Tsareena|perish3|[silent]\n|-start|p2b: Lopunny|perish3|[silent]\n|-fieldactivate|move: Perish Song\n|move|p2a: Tsareena|U-turn|p1b: Incineroar\n|-damage|p1b: Incineroar|67/100\n|\n|t:|1776480590\n|switch|p2a: Ninetales|Ninetales-Alola, L50, F, shiny|100/100|[from] U-turn\n|-weather|Snowscape|[from] ability: Snow Warning|[of] p2a: Ninetales\n|move|p1b: Incineroar|Parting Shot|p2b: Lopunny\n|-unboost|p2b: Lopunny|atk|1\n|-unboost|p2b: Lopunny|spa|1\n|\n|t:|1776480599\n|switch|p1b: Politoed|Politoed, L50, M|100/100|[from] Parting Shot\n|-weather|RainDance|[from] ability: Drizzle|[of] p1b: Politoed\n|\n|-weather|RainDance|[upkeep]\n|-start|p2b: Lopunny|perish3\n|-start|p1a: Gengar|perish3\n|upkeep\n|turn|3\n|inactive|smeargil has 30 seconds left.\n|\n|t:|1776480634\n|move|p2b: Lopunny|U-turn|p1b: Politoed\n|-crit|p1b: Politoed\n|-damage|p1b: Politoed|58/100\n|\n|t:|1776480639\n|switch|p2b: Tsareena|Tsareena, L50, F, shiny|100/100|[from] U-turn\n|move|p1a: Gengar|Shadow Ball|p2a: Ninetales\n|-damage|p2a: Ninetales|46/100\n|-unboost|p2a: Ninetales|spd|1\n|move|p2a: Ninetales|Blizzard|p1b: Politoed|[spread] p1b\n|-miss|p2a: Ninetales|p1a: Gengar\n|-resisted|p1b: Politoed|1\n|-damage|p1b: Politoed|46/100\n|move|p1b: Politoed|Icy Wind|p2a: Ninetales|[spread] p2a,p2b\n|-resisted|p2a: Ninetales|1\n|-supereffective|p2b: Tsareena|1\n|-damage|p2a: Ninetales|38/100\n|-damage|p2b: Tsareena|82/100\n|-unboost|p2a: Ninetales|spe|1\n|-unboost|p2b: Tsareena|spe|1\n|\n|-weather|RainDance|[upkeep]\n|-heal|p1b: Politoed|52/100|[from] item: Leftovers\n|-start|p1a: Gengar|perish2\n|upkeep\n|turn|4\n|inactive|smeargil has 30 seconds left.\n|inactive|smeargil has 20 seconds left.\n|inactive|smeargil has 15 seconds left.\n|inactive|smeargil has 10 seconds left.\n|inactive|smeargil has 5 seconds left.\n|\n|t:|1776480693\n|move|p1a: Gengar|Disable|p2a: Ninetales\n|-start|p2a: Ninetales|Disable|Blizzard\n|move|p1b: Politoed|Icy Wind|p2b: Tsareena|[spread] p2a,p2b\n|-resisted|p2a: Ninetales|1\n|-supereffective|p2b: Tsareena|1\n|-damage|p2a: Ninetales|30/100\n|-damage|p2b: Tsareena|63/100\n|-unboost|p2a: Ninetales|spe|1\n|-unboost|p2b: Tsareena|spe|1\n|move|p2a: Ninetales|Dazzling Gleam|p1a: Gengar|[spread] p1a,p1b\n|-resisted|p1a: Gengar|1\n|-damage|p1a: Gengar|32/100\n|-damage|p1b: Politoed|33/100\n|move|p2b: Tsareena|Trop Kick|p1b: Politoed\n|-supereffective|p1b: Politoed|1\n|-damage|p1b: Politoed|0 fnt\n|faint|p1b: Politoed\n|\n|-weather|RainDance|[upkeep]\n|-start|p1a: Gengar|perish1\n|upkeep\n|\n|t:|1776480711\n|switch|p1b: Palafin|Palafin-Hero, L50, F|100/100\n|-activate|p1b: Palafin|ability: Zero to Hero\n|turn|5\n|inactive|smeargil has 30 seconds left.\n|\n|t:|1776480740\n|switch|p1a: Incineroar|Incineroar, L50, M|67/100\n|-ability|p1a: Incineroar|Intimidate|boost\n|-unboost|p2a: Ninetales|atk|1\n|-unboost|p2b: Tsareena|atk|1\n|move|p2a: Ninetales|Helping Hand|p2b: Tsareena\n|-singleturn|p2b: Tsareena|Helping Hand|[of] p2a: Ninetales\n|move|p1b: Palafin|Wave Crash|p2b: Tsareena|[miss]\n|-miss|p1b: Palafin|p2b: Tsareena\n|move|p2b: Tsareena|Trop Kick|p1b: Palafin\n|-supereffective|p1b: Palafin|1\n|-damage|p1b: Palafin|6/100\n|-unboost|p1b: Palafin|atk|1\n|\n|-weather|RainDance|[upkeep]\n|upkeep\n|turn|6\n|inactive|smeargil has 30 seconds left.\n|inactive|Prohxy has 30 seconds left.\n|inactive|Prohxy has 20 seconds left.\n|\n|t:|1776480778\n|switch|p2a: Palafin|Palafin-Hero, L50, F, shiny|44/100\n|-activate|p2a: Palafin|ability: Zero to Hero\n|move|p1b: Palafin|Encore||[still]\n|-fail|p1b: Palafin\n|move|p1a: Incineroar|Flare Blitz|p2b: Tsareena\n|-supereffective|p2b: Tsareena|1\n|-damage|p2b: Tsareena|6/100\n|-damage|p1a: Incineroar|49/100|[from] Recoil\n|move|p2b: Tsareena|U-turn|p1a: Incineroar\n|-damage|p1a: Incineroar|31/100\n|\n|t:|1776480790\n|switch|p2b: Ninetales|Ninetales-Alola, L50, F, shiny|30/100|[from] U-turn\n|-weather|Snowscape|[from] ability: Snow Warning|[of] p2b: Ninetales\n|\n|-weather|Snowscape|[upkeep]\n|upkeep\n|turn|7\n|\n|t:|1776480807\n|move|p1b: Palafin|Wave Crash|p2a: Palafin\n|-resisted|p2a: Palafin|1\n|-damage|p2a: Palafin|12/100\n|-damage|p1b: Palafin|0 fnt|[from] Recoil\n|faint|p1b: Palafin\n|move|p2a: Palafin|Drain Punch|p1a: Incineroar\n|-supereffective|p1a: Incineroar|1\n|-damage|p1a: Incineroar|0 fnt\n|-heal|p2a: Palafin|29/100|[from] drain|[of] p1a: Incineroar\n|faint|p1a: Incineroar\n|move|p2b: Ninetales|Blizzard|p1: Incineroar|[notarget]\n|-fail|p2b: Ninetales\n|\n|-weather|Snowscape|[upkeep]\n|upkeep\n|\n|t:|1776480820\n|switch|p1b: Gengar|Gengar-Mega, L50, M, shiny|32/100\n|turn|8\n|\n|t:|1776480835\n|move|p1b: Gengar|Disable|p2b: Ninetales\n|-start|p2b: Ninetales|Disable|Blizzard\n|move|p2a: Palafin|Flip Turn|p1b: Gengar\n|-damage|p1b: Gengar|0 fnt\n|faint|p1b: Gengar\n|\n|win|Prohxy\n|raw|smeargil's rating: 1088 &rarr; <strong>1062</strong><br />(-26 for losing)\n|raw|Prohxy's rating: 1050 &rarr; <strong>1086</strong><br />(+36 for winning)\n|l|\u2606smeargil\n|player|p1|\n",
  "uploadtime": 1776480841,
  "views": 27,
  "formatid": "gen9championsvgc2026regma",
  "rating": 1062,
  "private": 0,
  "password": null
}