{
  "id": "gen9championsvgc2026regma-2581054833",
  "format": "[Gen 9 Champions] VGC 2026 Reg M-A",
  "players": [
    "SmeHydreiGone",
    "biludbiludbilud"
  ],
  "log": "|j|\u2606SmeHydreiGone\n|j|\u2606biludbiludbilud\n|t:|1775955594\n|gametype|doubles\n|player|p1|SmeHydreiGone|roxie|1102\n|player|p2|biludbiludbilud|lucas|1191\n|gen|9\n|tier|[Gen 9 Champions] VGC 2026 Reg M-A\n|rated|\n|rule|Species Clause: Limit one of each Pok\u00e9mon\n|rule|Item Clause: Limit 1 of each item\n|clearpoke\n|poke|p1|Dragonite, L50, F|\n|poke|p1|Volcarona, L50, F|\n|poke|p1|Whimsicott, L50, M|\n|poke|p1|Corviknight, L50, F|\n|poke|p1|Froslass, L50, F|\n|poke|p1|Garchomp, L50, F|\n|poke|p2|Incineroar, L50, F|\n|poke|p2|Gengar, L50, M|\n|poke|p2|Sinistcha, L50|\n|poke|p2|Kingambit, L50, M|\n|poke|p2|Kommo-o, L50, F|\n|poke|p2|Sneasler, L50, F|\n|teampreview|4\n|j| Cuervo297\n|inactive|Battle timer is ON: inactive players will automatically lose when time's up. (requested by biludbiludbilud)\n|l| Cuervo297\n|\n|t:|1775955618\n|teamsize|p1|4\n|teamsize|p2|4\n|start\n|switch|p1a: Froslass|Froslass, L50, F|100/100\n|switch|p1b: Whimsicott|Whimsicott, L50, M, shiny|100/100\n|switch|p2a: Gengar|Gengar, L50, M|100/100\n|switch|p2b: Incineroar|Incineroar, L50, F|100/100\n|-ability|p2b: Incineroar|Intimidate|boost\n|-unboost|p1a: Froslass|atk|1\n|-unboost|p1b: Whimsicott|atk|1\n|turn|1\n|\n|t:|1775955634\n|switch|p1b: Garchomp|Garchomp, L50, F|100/100\n|detailschange|p1a: Froslass|Froslass-Mega, L50, F\n|-mega|p1a: Froslass|Froslass|Froslassite\n|-weather|Snowscape|[from] ability: Snow Warning|[of] p1a: Froslass\n|detailschange|p2a: Gengar|Gengar-Mega, L50, M\n|-mega|p2a: Gengar|Gengar|Gengarite\n|move|p2b: Incineroar|Fake Out|p1b: Garchomp\n|-damage|p1b: Garchomp|90/100\n|-damage|p2b: Incineroar|88/100|[from] ability: Rough Skin|[of] p1b: Garchomp\n|move|p2a: Gengar|Shadow Ball|p1a: Froslass\n|-supereffective|p1a: Froslass|1\n|-damage|p1a: Froslass|0 fnt\n|faint|p1a: Froslass\n|\n|-weather|Snowscape|[upkeep]\n|upkeep\n|\n|t:|1775955653\n|switch|p1a: Corviknight|Corviknight, L50, F, shiny|100/100\n|turn|2\n|\n|t:|1775955673\n|move|p2a: Gengar|Protect|p2a: Gengar\n|-singleturn|p2a: Gengar|Protect\n|move|p1b: Garchomp|Swords Dance|p1b: Garchomp\n|-boost|p1b: Garchomp|atk|2\n|move|p1a: Corviknight|Iron Defense|p1a: Corviknight\n|-boost|p1a: Corviknight|def|2\n|move|p2b: Incineroar|Parting Shot|p1b: Garchomp\n|-unboost|p1b: Garchomp|atk|1\n|-unboost|p1b: Garchomp|spa|1\n|\n|t:|1775955687\n|switch|p2b: Kommo-o|Kommo-o, L50, F|100/100|[from] Parting Shot\n|-enditem|p1b: Garchomp|White Herb\n|-clearnegativeboost|p1b: Garchomp|[silent]\n|\n|-weather|Snowscape|[upkeep]\n|upkeep\n|turn|3\n|\n|t:|1775955699\n|switch|p2a: Incineroar|Incineroar, L50, F|88/100\n|-ability|p2a: Incineroar|Intimidate|boost\n|-ability|p1a: Corviknight|Mirror Armor\n|-unboost|p2a: Incineroar|atk|1\n|-unboost|p1b: Garchomp|atk|1\n|move|p1b: Garchomp|Earthquake|p2a: Incineroar|[spread] p2a,p2b\n|-immune|p1a: Corviknight\n|-supereffective|p2a: Incineroar|1\n|-enditem|p2a: Incineroar|Shuca Berry|[eat]\n|-enditem|p2a: Incineroar|Shuca Berry|[weaken]\n|-damage|p2a: Incineroar|54/100\n|-damage|p2b: Kommo-o|60/100\n|move|p2b: Kommo-o|Clanging Scales|p1b: Garchomp|[spread] p1a,p1b\n|-resisted|p1a: Corviknight|1\n|-supereffective|p1b: Garchomp|1\n|-damage|p1a: Corviknight|80/100\n|-damage|p1b: Garchomp|11/100\n|-unboost|p2b: Kommo-o|def|1\n|move|p1a: Corviknight|Body Press|p2b: Kommo-o\n|-damage|p2b: Kommo-o|0 fnt\n|faint|p2b: Kommo-o\n|\n|-weather|Snowscape|[upkeep]\n|-heal|p1a: Corviknight|86/100|[from] item: Leftovers\n|upkeep\n|\n|t:|1775955716\n|switch|p2b: Gengar|Gengar-Mega, L50, M|100/100\n|turn|4\n|\n|t:|1775955724\n|move|p1b: Garchomp|Protect|p1b: Garchomp\n|-singleturn|p1b: Garchomp|Protect\n|move|p2a: Incineroar|Fake Out|p1b: Garchomp\n|-activate|p1b: Garchomp|move: Protect\n|move|p2b: Gengar|Perish Song|p2b: Gengar\n|-start|p1a: Corviknight|perish3|[silent]\n|-start|p1b: Garchomp|perish3|[silent]\n|-start|p2a: Incineroar|perish3|[silent]\n|-start|p2b: Gengar|perish3|[silent]\n|-fieldactivate|move: Perish Song\n|move|p1a: Corviknight|Iron Head|p2b: Gengar\n|-damage|p2b: Gengar|73/100\n|\n|-weather|Snowscape|[upkeep]\n|-heal|p1a: Corviknight|92/100|[from] item: Leftovers\n|-start|p2b: Gengar|perish3\n|-start|p1b: Garchomp|perish3\n|-start|p1a: Corviknight|perish3\n|-start|p2a: Incineroar|perish3\n|upkeep\n|turn|5\n|\n|t:|1775955743\n|move|p2b: Gengar|Protect|p2b: Gengar\n|-singleturn|p2b: Gengar|Protect\n|move|p2a: Incineroar|Protect|p2a: Incineroar\n|-singleturn|p2a: Incineroar|Protect\n|move|p1b: Garchomp|Earthquake|p2a: Incineroar|[spread] \n|-activate|p2a: Incineroar|move: Protect\n|-activate|p2b: Gengar|move: Protect\n|-immune|p1a: Corviknight\n|move|p1a: Corviknight|Body Press|p2a: Incineroar\n|-activate|p2a: Incineroar|move: Protect\n|\n|-weather|none\n|-heal|p1a: Corviknight|98/100|[from] item: Leftovers\n|-start|p2b: Gengar|perish2\n|-start|p1b: Garchomp|perish2\n|-start|p1a: Corviknight|perish2\n|-start|p2a: Incineroar|perish2\n|upkeep\n|turn|6\n|\n|t:|1775955764\n|switch|p2a: Sinistcha|Sinistcha, L50|100/100\n|-heal|p2b: Gengar|98/100|[from] ability: Hospitality|[of] p2a: Sinistcha\n|move|p2b: Gengar|Shadow Ball|p1b: Garchomp\n|-damage|p1b: Garchomp|0 fnt\n|faint|p1b: Garchomp\n|move|p1a: Corviknight|Body Press|p2a: Sinistcha\n|-immune|p2a: Sinistcha\n|\n|-heal|p1a: Corviknight|100/100|[from] item: Leftovers\n|-start|p2b: Gengar|perish1\n|-start|p1a: Corviknight|perish1\n|upkeep\n|\n|t:|1775955776\n|switch|p1b: Whimsicott|Whimsicott, L50, M, shiny|100/100\n|turn|7\n|\n|t:|1775955785\n|switch|p2b: Incineroar|Incineroar, L50, F|54/100\n|-ability|p2b: Incineroar|Intimidate|boost\n|-ability|p1a: Corviknight|Mirror Armor\n|-unboost|p2b: Incineroar|atk|1\n|-unboost|p1b: Whimsicott|atk|1\n|move|p1b: Whimsicott|Fake Tears|p2a: Sinistcha\n|-unboost|p2a: Sinistcha|spd|2\n|move|p2a: Sinistcha|Life Dew||[still]|[spread] p2a,p2b\n|-fail|p2a: Sinistcha|heal\n|-heal|p2b: Incineroar|79/100\n|move|p1a: Corviknight|Iron Head|p2a: Sinistcha\n|-damage|p2a: Sinistcha|78/100\n|\n|-start|p1a: Corviknight|perish0\n|upkeep\n|faint|p1a: Corviknight\n|turn|8\n|\n|t:|1775955803\n|move|p1b: Whimsicott|Encore|p2a: Sinistcha\n|-start|p2a: Sinistcha|Encore\n|move|p2a: Sinistcha|Life Dew|p2a: Sinistcha|[spread] p2a,p2b\n|-heal|p2a: Sinistcha|100/100\n|-heal|p2b: Incineroar|100/100\n|move|p2b: Incineroar|Throat Chop|p1b: Whimsicott\n|-resisted|p1b: Whimsicott|1\n|-damage|p1b: Whimsicott|83/100\n|-start|p1b: Whimsicott|Throat Chop|[silent]\n|\n|upkeep\n|turn|9\n|\n|t:|1775955814\n|move|p1b: Whimsicott|Moonblast|p2a: Sinistcha\n|-damage|p2a: Sinistcha|34/100\n|-enditem|p2a: Sinistcha|Sitrus Berry|[eat]\n|-heal|p2a: Sinistcha|59/100|[from] item: Sitrus Berry\n|move|p2a: Sinistcha|Life Dew||[still]|[spread] p2a,p2b\n|-heal|p2a: Sinistcha|84/100\n|-fail|p2b: Incineroar|heal\n|move|p2b: Incineroar|Throat Chop|p1b: Whimsicott\n|-resisted|p1b: Whimsicott|1\n|-damage|p1b: Whimsicott|68/100\n|\n|-end|p1b: Whimsicott|Throat Chop|[silent]\n|upkeep\n|turn|10\n|\n|t:|1775955827\n|move|p1b: Whimsicott|Moonblast|p2a: Sinistcha\n|-damage|p2a: Sinistcha|21/100\n|move|p2a: Sinistcha|Life Dew||[still]|[spread] p2a,p2b\n|-heal|p2a: Sinistcha|46/100\n|-fail|p2b: Incineroar|heal\n|move|p2b: Incineroar|Throat Chop|p1b: Whimsicott\n|-resisted|p1b: Whimsicott|1\n|-damage|p1b: Whimsicott|51/100\n|-start|p1b: Whimsicott|Throat Chop|[silent]\n|\n|-end|p2a: Sinistcha|Encore\n|upkeep\n|turn|11\n|\n|t:|1775955839\n|switch|p2b: Gengar|Gengar-Mega, L50, M|98/100\n|move|p1b: Whimsicott|Moonblast|p2b: Gengar\n|-resisted|p2b: Gengar|1\n|-damage|p2b: Gengar|78/100\n|move|p2a: Sinistcha|Life Dew|p2a: Sinistcha|[spread] p2a,p2b\n|-heal|p2a: Sinistcha|71/100\n|-heal|p2b: Gengar|100/100\n|\n|-end|p1b: Whimsicott|Throat Chop|[silent]\n|upkeep\n|turn|12\n|\n|t:|1775955850\n|move|p2b: Gengar|Shadow Ball|p1b: Whimsicott\n|-damage|p1b: Whimsicott|0 fnt\n|faint|p1b: Whimsicott\n|\n|win|biludbiludbilud\n|raw|SmeHydreiGone's rating: 1102 &rarr; <strong>1083</strong><br />(-19 for losing)\n|raw|biludbiludbilud's rating: 1191 &rarr; <strong>1210</strong><br />(+19 for winning)\n",
  "uploadtime": 1775955860,
  "views": 14,
  "formatid": "gen9championsvgc2026regma",
  "rating": 1083,
  "private": 0,
  "password": null
}