{
  "id": "gen9championsvgc2026regma-2586777048",
  "format": "[Gen 9 Champions] VGC 2026 Reg M-A",
  "players": [
    "DatGuyJimmeh",
    "yordleyodel"
  ],
  "log": "|j|\u2606DatGuyJimmeh\n|j|\u203dyordleyodel\n|t:|1776459069\n|gametype|doubles\n|player|p1|DatGuyJimmeh|harlequin|1405\n|player|p2|yordleyodel|266|1366\n|gen|9\n|tier|[Gen 9 Champions] VGC 2026 Reg M-A\n|rated|\n|rule|Species Clause: Limit one of each Pok\u00e9mon\n|rule|Item Clause: Limit 1 of each item\n|clearpoke\n|poke|p1|Delphox, L50, F|\n|poke|p1|Incineroar, L50, M|\n|poke|p1|Sinistcha, L50|\n|poke|p1|Sneasler, L50, M|\n|poke|p1|Aegislash, L50, M|\n|poke|p1|Slowbro, L50, F|\n|poke|p2|Hatterene, L50, F|\n|poke|p2|Reuniclus, L50, M|\n|poke|p2|Pelipper, L50, F|\n|poke|p2|Basculegion, L50, M|\n|poke|p2|Charizard, L50, F|\n|poke|p2|Venusaur, L50, M|\n|teampreview|4\n|inactive|Battle timer is ON: inactive players will automatically lose when time's up. (requested by yordleyodel)\nyordleyodel rejected open team sheets.\n|inactive|DatGuyJimmeh has 60 seconds left.\n|\n|t:|1776459105\n|teamsize|p1|4\n|teamsize|p2|4\n|start\n|switch|p1a: Incineroar|Incineroar, L50, M|100/100\n|switch|p1b: Slowbro|Slowbro, L50, F|100/100\n|switch|p2a: Hatterene|Hatterene, L50, F|100/100\n|switch|p2b: Reuniclus|Reuniclus, L50, M|100/100\n|-ability|p1a: Incineroar|Intimidate|boost\n|-unboost|p2a: Hatterene|atk|1\n|-unboost|p2b: Reuniclus|atk|1\n|turn|1\n|\n|t:|1776459120\n|detailschange|p1b: Slowbro|Slowbro-Mega, L50, F\n|-mega|p1b: Slowbro|Slowbro|Slowbronite\n|move|p1a: Incineroar|Fake Out|p2a: Hatterene\n|-damage|p2a: Hatterene|88/100\n|move|p1b: Slowbro|Calm Mind|p1b: Slowbro\n|-boost|p1b: Slowbro|spa|1\n|-boost|p1b: Slowbro|spd|1\n|move|p2b: Reuniclus|Focus Blast|p1a: Incineroar|[miss]\n|-miss|p2b: Reuniclus|p1a: Incineroar\n|cant|p2a: Hatterene|flinch\n|\n|upkeep\n|turn|2\n|\n|t:|1776459141\n|move|p1a: Incineroar|Darkest Lariat|p2b: Reuniclus\n|-supereffective|p2b: Reuniclus|1\n|-damage|p2b: Reuniclus|29/100\n|move|p2b: Reuniclus|Psychic Terrain|p2b: Reuniclus\n|-fieldstart|move: Psychic Terrain\n|move|p1b: Slowbro|Calm Mind|p1b: Slowbro\n|-boost|p1b: Slowbro|spa|1\n|-boost|p1b: Slowbro|spd|1\n|move|p2a: Hatterene|Trick Room|p2a: Hatterene\n|-fieldstart|move: Trick Room|[of] p2a: Hatterene\n|\n|upkeep\n|turn|3\n|\n|t:|1776459165\n|move|p2a: Hatterene|Dazzling Gleam|p1a: Incineroar|[spread] p1a,p1b\n|-damage|p1a: Incineroar|71/100\n|-damage|p1b: Slowbro|85/100\n|move|p2b: Reuniclus|Focus Blast|p1a: Incineroar\n|-supereffective|p1a: Incineroar|1\n|-damage|p1a: Incineroar|0 fnt\n|faint|p1a: Incineroar\n|move|p1b: Slowbro|Scald|p2a: Hatterene\n|-damage|p2a: Hatterene|9/100\n|-status|p2a: Hatterene|brn\n|\n|-damage|p2a: Hatterene|3/100 brn|[from] brn\n|upkeep\n|\n|t:|1776459176\n|switch|p1a: Sinistcha|Sinistcha, L50|100/100\n|-heal|p1b: Slowbro|100/100|[from] ability: Hospitality|[of] p1a: Sinistcha\n|turn|4\n|\n|t:|1776459182\n|move|p1a: Sinistcha|Protect|p1a: Sinistcha\n|-singleturn|p1a: Sinistcha|Protect\n|move|p2a: Hatterene|Expanding Force|p1b: Slowbro|[spread] p1b\n|-activate|p1a: Sinistcha|move: Protect\n|-resisted|p1b: Slowbro|1\n|-damage|p1b: Slowbro|87/100\n|move|p1b: Slowbro|Scald|p2b: Reuniclus\n|-damage|p2b: Reuniclus|0 fnt\n|faint|p2b: Reuniclus\n|\n|-damage|p2a: Hatterene|0 fnt|[from] brn\n|faint|p2a: Hatterene\n|upkeep\n|\n|t:|1776459190\n|switch|p2a: Pelipper|Pelipper, L50, F|100/100\n|switch|p2b: Basculegion|Basculegion, L50, M|100/100\n|-weather|RainDance|[from] ability: Drizzle|[of] p2a: Pelipper\n|turn|5\n|\n|t:|1776459204\n|move|p1b: Slowbro|Psychic|p2b: Basculegion\n|-damage|p2b: Basculegion|0 fnt\n|faint|p2b: Basculegion\n|move|p2a: Pelipper|Hurricane|p1a: Sinistcha\n|-supereffective|p1a: Sinistcha|1\n|-damage|p1a: Sinistcha|9/100\n|move|p1a: Sinistcha|Matcha Gotcha|p2a: Pelipper\n|-damage|p2a: Pelipper|50/100\n|-heal|p1a: Sinistcha|33/100|[from] drain|[of] p2a: Pelipper\n|\n|-weather|RainDance|[upkeep]\n|upkeep\n|turn|6\n|-message|yordleyodel forfeited.\n|\n|win|DatGuyJimmeh\n|raw|DatGuyJimmeh's rating: 1405 &rarr; <strong>1423</strong><br />(+18 for winning)\n|raw|yordleyodel's rating: 1366 &rarr; <strong>1348</strong><br />(-18 for losing)\n|l|\u203dyordleyodel\n|player|p2|\n",
  "uploadtime": 1776459215,
  "views": 61,
  "formatid": "gen9championsvgc2026regma",
  "rating": 1348,
  "private": 0,
  "password": null
}