{
  "id": "gen9championsvgc2026regma-2582724036",
  "format": "[Gen 9 Champions] VGC 2026 Reg M-A",
  "players": [
    "Evielite",
    "tokerr"
  ],
  "log": "|j|\u2606Evielite\n|j|\u2606tokerr\n|t:|1776109734\n|gametype|doubles\n|player|p1|Evielite|caitlin|1000\n|player|p2|tokerr|ninjaboy|1093\n|gen|9\n|tier|[Gen 9 Champions] VGC 2026 Reg M-A\n|rated|\n|rule|Species Clause: Limit one of each Pok\u00e9mon\n|rule|Item Clause: Limit 1 of each item\n|clearpoke\n|poke|p1|Dragonite, L50, F|\n|poke|p1|Pelipper, L50, F|\n|poke|p1|Basculegion, L50, M|\n|poke|p1|Maushold-Four, L50|\n|poke|p1|Archaludon, L50, M|\n|poke|p1|Sinistcha, L50|\n|poke|p2|Sneasler, L50, M|\n|poke|p2|Maushold-Four, L50|\n|poke|p2|Garchomp, L50, M|\n|poke|p2|Kingambit, L50, F|\n|poke|p2|Charizard, L50, F|\n|poke|p2|Dragapult, L50, F|\n|teampreview|4\n|\n|t:|1776109754\n|teamsize|p1|4\n|teamsize|p2|4\n|start\n|switch|p1a: Maushold|Maushold-Four, L50|100/100\n|switch|p1b: Archaludon|Archaludon, L50, M|100/100\n|switch|p2a: Sneasler|Sneasler, L50, M|100/100\n|switch|p2b: Kingambit|Kingambit, L50, F|100/100\n|turn|1\n|\n|t:|1776109800\n|switch|p1b: Pelipper|Pelipper, L50, F|100/100\n|-weather|RainDance|[from] ability: Drizzle|[of] p1b: Pelipper\n|move|p1a: Maushold|Protect|p1a: Maushold\n|-singleturn|p1a: Maushold|Protect\n|move|p2a: Sneasler|Close Combat|p1a: Maushold\n|-activate|p1a: Maushold|move: Protect\n|move|p2b: Kingambit|Kowtow Cleave|p1a: Maushold\n|-activate|p1a: Maushold|move: Protect\n|\n|-weather|RainDance|[upkeep]\n|upkeep\n|turn|2\n|\n|t:|1776109835\n|move|p2a: Sneasler|Close Combat|p1a: Maushold\n|-supereffective|p1a: Maushold|1\n|-damage|p1a: Maushold|0 fnt\n|-unboost|p2a: Sneasler|def|1\n|-unboost|p2a: Sneasler|spd|1\n|faint|p1a: Maushold\n|move|p1b: Pelipper|Tailwind|p1b: Pelipper\n|-sidestart|p1: Evielite|move: Tailwind\n|move|p2b: Kingambit|Kowtow Cleave|p1b: Pelipper\n|-damage|p1b: Pelipper|22/100\n|\n|-weather|RainDance|[upkeep]\n|upkeep\n|\n|t:|1776109856\n|switch|p1a: Archaludon|Archaludon, L50, M|100/100\n|turn|3\n|\n|t:|1776109876\n|move|p1b: Pelipper|Weather Ball|p2b: Kingambit\n|-damage|p2b: Kingambit|32/100\n|move|p1a: Archaludon|Electro Shot||[still]\n|-prepare|p1a: Archaludon|Electro Shot\n|-boost|p1a: Archaludon|spa|1\n|-anim|p1a: Archaludon|Electro Shot|p2a: Sneasler\n|-enditem|p2a: Sneasler|Focus Sash\n|-damage|p2a: Sneasler|1/100\n|move|p2a: Sneasler|Close Combat|p1a: Archaludon\n|-supereffective|p1a: Archaludon|1\n|-damage|p1a: Archaludon|0 fnt\n|-unboost|p2a: Sneasler|def|1\n|-unboost|p2a: Sneasler|spd|1\n|faint|p1a: Archaludon\n|move|p2b: Kingambit|Kowtow Cleave|p1b: Pelipper\n|-crit|p1b: Pelipper\n|-damage|p1b: Pelipper|0 fnt\n|faint|p1b: Pelipper\n|\n|-weather|RainDance|[upkeep]\n|upkeep\n|\n|t:|1776109888\n|switch|p1a: Dragonite|Dragonite, L50, F, shiny|100/100\n|turn|4\n|\n|t:|1776109917\n|detailschange|p1a: Dragonite|Dragonite-Mega, L50, F, shiny\n|-mega|p1a: Dragonite|Dragonite|Dragoninite\n|move|p2a: Sneasler|Protect|p2a: Sneasler\n|-singleturn|p2a: Sneasler|Protect\n|move|p2b: Kingambit|Protect|p2b: Kingambit\n|-singleturn|p2b: Kingambit|Protect\n|move|p1a: Dragonite|Hurricane|p2a: Sneasler\n|-activate|p2a: Sneasler|move: Protect\n|\n|-weather|RainDance|[upkeep]\n|upkeep\n|turn|5\n|\n|t:|1776109935\n|switch|p2a: Garchomp|Garchomp, L50, M|100/100\n|move|p2b: Kingambit|Sucker Punch|p1a: Dragonite\n|-damage|p1a: Dragonite|79/100\n|move|p1a: Dragonite|Hurricane|p2a: Garchomp\n|-damage|p2a: Garchomp|28/100\n|-start|p2a: Garchomp|confusion\n|\n|-weather|none\n|-sideend|p1: Evielite|move: Tailwind\n|upkeep\n|turn|6\n|\n|t:|1776109952\n|-activate|p2a: Garchomp|confusion\n|move|p2a: Garchomp|Dragon Claw|p1a: Dragonite\n|-supereffective|p1a: Dragonite|1\n|-crit|p1a: Dragonite\n|-damage|p1a: Dragonite|0 fnt\n|faint|p1a: Dragonite\n|\n|win|tokerr\n|raw|Evielite's rating: 1000 &rarr; <strong>1000</strong><br />(+0 for losing)\n|raw|tokerr's rating: 1093 &rarr; <strong>1112</strong><br />(+19 for winning)\n|l|\u2606Evielite\n|player|p1|\n",
  "uploadtime": 1776109960,
  "views": 21,
  "formatid": "gen9championsvgc2026regma",
  "rating": 1000,
  "private": 0,
  "password": null
}