{
  "id": "gen9championsvgc2026regma-2584794083",
  "format": "[Gen 9 Champions] VGC 2026 Reg M-A",
  "players": [
    "Mirthinion",
    "yundrex"
  ],
  "log": "|j|\u2606Mirthinion\n|j|\u203dyundrex\n|t:|1776284127\n|gametype|doubles\n|player|p1|Mirthinion|janitor|1475\n|player|p2|yundrex|169|1383\n|gen|9\n|tier|[Gen 9 Champions] VGC 2026 Reg M-A\n|rated|\n|rule|Species Clause: Limit one of each Pok\u00e9mon\n|rule|Item Clause: Limit 1 of each item\n|clearpoke\n|poke|p1|Tyranitar, L50, M|\n|poke|p1|Lycanroc, L50, M|\n|poke|p1|Primarina, L50, F|\n|poke|p1|Corviknight, L50, M|\n|poke|p1|Sneasler, L50, M|\n|poke|p1|Incineroar, L50, M|\n|poke|p2|Basculegion, L50, M|\n|poke|p2|Kingambit, L50, F|\n|poke|p2|Froslass, L50, F|\n|poke|p2|Glaceon, L50, F|\n|poke|p2|Sneasler, L50, F|\n|poke|p2|Incineroar, L50, F|\n|teampreview|4\n|inactive|Battle timer is ON: inactive players will automatically lose when time's up. (requested by Mirthinion)\n|inactive|Mirthinion has 60 seconds left.\n|\n|t:|1776284170\n|teamsize|p1|4\n|teamsize|p2|4\n|start\n|switch|p1a: Incineroar|Incineroar, L50, M|100/100\n|switch|p1b: Primarina|Primarina, L50, F|100/100\n|switch|p2a: Froslass|Froslass, L50, F|100/100\n|switch|p2b: Sneasler|Sneasler, L50, F|100/100\n|-ability|p1a: Incineroar|Intimidate|boost\n|-unboost|p2a: Froslass|atk|1\n|-unboost|p2b: Sneasler|atk|1\n|-enditem|p2b: Sneasler|White Herb\n|-clearnegativeboost|p2b: Sneasler|[silent]\n|turn|1\n|inactive|yundrex has 30 seconds left.\n|inactive|yundrex has 20 seconds left.\n|\n|t:|1776284207\n|detailschange|p2a: Froslass|Froslass-Mega, L50, F\n|-mega|p2a: Froslass|Froslass|Froslassite\n|-weather|Snowscape|[from] ability: Snow Warning|[of] p2a: Froslass\n|move|p2b: Sneasler|Fake Out|p1b: Primarina\n|-damage|p1b: Primarina|80/100\n|-status|p1b: Primarina|psn|[from] ability: Poison Touch|[of] p2b: Sneasler\n|move|p2a: Froslass|Shadow Ball|p1b: Primarina\n|-damage|p1b: Primarina|38/100 psn\n|-unboost|p1b: Primarina|spd|1\n|cant|p1b: Primarina|flinch\n|move|p1a: Incineroar|Will-O-Wisp|p2b: Sneasler\n|-status|p2b: Sneasler|brn\n|\n|-weather|Snowscape|[upkeep]\n|-damage|p1b: Primarina|26/100 psn|[from] psn\n|-damage|p2b: Sneasler|95/100 brn|[from] brn\n|upkeep\n|turn|2\n|inactive|Mirthinion has 30 seconds left.\n|inactive|yundrex has 30 seconds left.\n|inactive|yundrex has 20 seconds left.\n|\n|t:|1776284245\n|move|p2a: Froslass|Aurora Veil|p2a: Froslass\n|-sidestart|p2: yundrex|move: Aurora Veil\n|move|p2b: Sneasler|Dire Claw|p1b: Primarina\n|-supereffective|p1b: Primarina|1\n|-damage|p1b: Primarina|0 fnt\n|faint|p1b: Primarina\n|move|p1a: Incineroar|Parting Shot|p2a: Froslass\n|-unboost|p2a: Froslass|atk|1\n|-unboost|p2a: Froslass|spa|1\n|\n|t:|1776284255\n|switch|p1a: Tyranitar|Tyranitar, L50, M|100/100|[from] Parting Shot\n|-weather|Sandstorm|[from] ability: Sand Stream|[of] p1a: Tyranitar\n|\n|-weather|Sandstorm|[upkeep]\n|-damage|p2a: Froslass|94/100|[from] Sandstorm\n|-damage|p2b: Sneasler|89/100 brn|[from] Sandstorm\n|-damage|p2b: Sneasler|83/100 brn|[from] brn\n|upkeep\n|\n|t:|1776284271\n|switch|p1b: Incineroar|Incineroar, L50, M|100/100\n|-ability|p1b: Incineroar|Intimidate|boost\n|-unboost|p2a: Froslass|atk|1\n|-unboost|p2b: Sneasler|atk|1\n|turn|3\n|inactive|yundrex has 30 seconds left.\n|\n|t:|1776284303\n|switch|p2a: Kingambit|Kingambit, L50, F|100/100\n|switch|p2b: Basculegion|Basculegion, L50, M|100/100\n|detailschange|p1a: Tyranitar|Tyranitar-Mega, L50, M\n|-mega|p1a: Tyranitar|Tyranitar|Tyranitarite\n|move|p1a: Tyranitar|Rock Slide|p2b: Basculegion|[spread] p2a,p2b\n|-resisted|p2a: Kingambit|1\n|-damage|p2a: Kingambit|91/100\n|-damage|p2b: Basculegion|68/100\n|move|p1b: Incineroar|Will-O-Wisp|p2a: Kingambit\n|-status|p2a: Kingambit|brn\n|\n|-weather|Sandstorm|[upkeep]\n|-damage|p2b: Basculegion|62/100|[from] Sandstorm\n|-damage|p1b: Incineroar|95/100|[from] Sandstorm\n|-damage|p2a: Kingambit|86/100 brn|[from] brn\n|upkeep\n|turn|4\n|inactive|Mirthinion has 30 seconds left.\n|inactive|yundrex has 30 seconds left.\n|\n|t:|1776284334\n|switch|p2a: Froslass|Froslass-Mega, L50, F|94/100\n|-weather|Snowscape|[from] ability: Snow Warning|[of] p2a: Froslass\n|move|p1a: Tyranitar|Protect|p1a: Tyranitar\n|-singleturn|p1a: Tyranitar|Protect\n|move|p2b: Basculegion|Wave Crash|p1a: Tyranitar\n|-activate|p1a: Tyranitar|move: Protect\n|move|p1b: Incineroar|Will-O-Wisp|p2b: Basculegion|[miss]\n|-miss|p1b: Incineroar|p2b: Basculegion\n|\n|-weather|Snowscape|[upkeep]\n|upkeep\n|turn|5\n|inactive|Mirthinion has 30 seconds left.\n|inactive|Mirthinion has 20 seconds left.\n|inactive|yundrex has 30 seconds left.\n|\n|t:|1776284375\n|switch|p1a: Lycanroc|Lycanroc, L50, M|100/100\n|move|p2b: Basculegion|Wave Crash|p1a: Lycanroc\n|-supereffective|p1a: Lycanroc|1\n|-enditem|p1a: Lycanroc|Focus Sash\n|-damage|p1a: Lycanroc|1/100\n|-damage|p2b: Basculegion|36/100|[from] Recoil\n|move|p2a: Froslass|Blizzard|p1b: Incineroar|[spread] p1a,p1b\n|-resisted|p1b: Incineroar|1\n|-damage|p1a: Lycanroc|0 fnt\n|-damage|p1b: Incineroar|77/100\n|faint|p1a: Lycanroc\n|move|p1b: Incineroar|Will-O-Wisp|p2b: Basculegion|[miss]\n|-miss|p1b: Incineroar|p2b: Basculegion\n|\n|-weather|Snowscape|[upkeep]\n|upkeep\n|\n|t:|1776284388\n|switch|p1a: Tyranitar|Tyranitar-Mega, L50, M|100/100\n|-weather|Sandstorm|[from] ability: Sand Stream|[of] p1a: Tyranitar\n|turn|6\n|\n|t:|1776284406\n|switch|p2a: Kingambit|Kingambit, L50, F|86/100 brn\n|move|p2b: Basculegion|Wave Crash|p1a: Tyranitar\n|-supereffective|p1a: Tyranitar|1\n|-damage|p1a: Tyranitar|0 fnt\n|faint|p1a: Tyranitar\n|-damage|p2b: Basculegion|6/100|[from] Recoil\n|move|p1b: Incineroar|Flare Blitz|p2a: Kingambit\n|-supereffective|p2a: Kingambit|1\n|-damage|p2a: Kingambit|39/100 brn\n|-damage|p1b: Incineroar|61/100|[from] Recoil\n|\n|-weather|Sandstorm|[upkeep]\n|-damage|p2b: Basculegion|0 fnt|[from] Sandstorm\n|-damage|p1b: Incineroar|55/100|[from] Sandstorm\n|faint|p2b: Basculegion\n|-damage|p2a: Kingambit|33/100 brn|[from] brn\n|-sideend|p2: yundrex|move: Aurora Veil\n|upkeep\n|\n|t:|1776284424\n|switch|p2b: Sneasler|Sneasler, L50, F|83/100 brn\n|turn|7\n|\n|t:|1776284437\n|move|p2b: Sneasler|Close Combat|p1b: Incineroar\n|-supereffective|p1b: Incineroar|1\n|-enditem|p1b: Incineroar|Chople Berry|[eat]\n|-enditem|p1b: Incineroar|Chople Berry|[weaken]\n|-damage|p1b: Incineroar|27/100\n|-unboost|p2b: Sneasler|def|1\n|-unboost|p2b: Sneasler|spd|1\n|-status|p1b: Incineroar|psn|[from] ability: Poison Touch|[of] p2b: Sneasler\n|move|p1b: Incineroar|Flare Blitz|p2a: Kingambit\n|-supereffective|p2a: Kingambit|1\n|-damage|p2a: Kingambit|0 fnt\n|faint|p2a: Kingambit\n|-damage|p1b: Incineroar|16/100 psn|[from] Recoil\n|\n|-weather|Sandstorm|[upkeep]\n|-damage|p2b: Sneasler|78/100 brn|[from] Sandstorm\n|-damage|p1b: Incineroar|10/100 psn|[from] Sandstorm\n|-damage|p1b: Incineroar|0 fnt|[from] psn\n|faint|p1b: Incineroar\n|\n|win|yundrex\n|raw|Mirthinion's rating: 1475 &rarr; <strong>1450</strong><br />(-25 for losing)\n|raw|yundrex's rating: 1383 &rarr; <strong>1408</strong><br />(+25 for winning)\n",
  "uploadtime": 1776284454,
  "views": 43,
  "formatid": "gen9championsvgc2026regma",
  "rating": 1408,
  "private": 0,
  "password": null
}