{
  "id": "gen9championsvgc2026regma-2588764272",
  "format": "[Gen 9 Champions] VGC 2026 Reg M-A",
  "players": [
    "randomn1ck",
    "soten soten"
  ],
  "log": "|j|\u2606randomn1ck\n|j|\u2606soten soten\n|t:|1776667746\n|gametype|doubles\n|player|p1|randomn1ck|2|1420\n|player|p2|soten soten|hilbert|1488\n|gen|9\n|tier|[Gen 9 Champions] VGC 2026 Reg M-A\n|rated|\n|rule|Species Clause: Limit one of each Pok\u00e9mon\n|rule|Item Clause: Limit 1 of each item\n|clearpoke\n|poke|p1|Incineroar, L50, M, shiny|\n|poke|p1|Gengar, L50, M, shiny|\n|poke|p1|Sinistcha, L50, shiny|\n|poke|p1|Kingambit, L50, M, shiny|\n|poke|p1|Tyranitar, L50, M, shiny|\n|poke|p1|Kommo-o, L50, M, shiny|\n|poke|p2|Gallade, L50, M|\n|poke|p2|Floette-Eternal, L50, F|\n|poke|p2|Maushold, L50|\n|poke|p2|Sinistcha, L50|\n|poke|p2|Aegislash, L50, M|\n|poke|p2|Palafin, L50, M|\n|teampreview|4\n|inactive|Battle timer is ON: inactive players will automatically lose when time's up. (requested by randomn1ck)\n|inactive|soten soten also wants the timer to be on.\n|\n|t:|1776667772\n|teamsize|p1|4\n|teamsize|p2|4\n|start\n|switch|p1a: Gengar|Gengar, L50, M, shiny|100/100\n|switch|p1b: Incineroar|Incineroar, L50, M, shiny|100/100\n|switch|p2a: Gallade|Gallade, L50, M|100/100\n|switch|p2b: Palafin|Palafin, L50, M|100/100\n|-ability|p1b: Incineroar|Intimidate|boost\n|-unboost|p2a: Gallade|atk|1\n|-unboost|p2b: Palafin|atk|1\n|turn|1\n|inactive|randomn1ck has 30 seconds left.\n|\n|t:|1776667800\n|detailschange|p2b: Palafin|Palafin-Hero, L50, M\n|switch|p2b: Aegislash|Aegislash, L50, M|100/100\n|detailschange|p1a: Gengar|Gengar-Mega, L50, M, shiny\n|-mega|p1a: Gengar|Gengar|Gengarite\n|detailschange|p2a: Gallade|Gallade-Mega, L50, M\n|-mega|p2a: Gallade|Gallade|Galladite\n|move|p1b: Incineroar|Fake Out|p2b: Aegislash\n|-immune|p2b: Aegislash\n|move|p1a: Gengar|Perish Song|p1a: Gengar\n|-start|p1a: Gengar|perish3|[silent]\n|-start|p1b: Incineroar|perish3|[silent]\n|-start|p2a: Gallade|perish3|[silent]\n|-start|p2b: Aegislash|perish3|[silent]\n|-fieldactivate|move: Perish Song\n|move|p2a: Gallade|Close Combat|p1b: Incineroar\n|-supereffective|p1b: Incineroar|1\n|-damage|p1b: Incineroar|11/100\n|-unboost|p2a: Gallade|def|1\n|-unboost|p2a: Gallade|spd|1\n|\n|-start|p1a: Gengar|perish3\n|-start|p2a: Gallade|perish3\n|-start|p1b: Incineroar|perish3\n|-start|p2b: Aegislash|perish3\n|upkeep\n|turn|2\n|\n|t:|1776667816\n|move|p1b: Incineroar|Protect|p1b: Incineroar\n|-singleturn|p1b: Incineroar|Protect\n|move|p1a: Gengar|Substitute|p1a: Gengar\n|-start|p1a: Gengar|Substitute\n|-damage|p1a: Gengar|76/100\n|move|p2a: Gallade|Close Combat|p1b: Incineroar\n|-activate|p1b: Incineroar|move: Protect\n|-formechange|p2b: Aegislash|Aegislash-Blade|\n|move|p2b: Aegislash|Poltergeist|p1a: Gengar\n|-activate|p1a: Gengar|move: Poltergeist|Gengarite\n|-supereffective|p1a: Gengar|1\n|-end|p1a: Gengar|Substitute\n|\n|-start|p1a: Gengar|perish2\n|-start|p2a: Gallade|perish2\n|-start|p1b: Incineroar|perish2\n|-start|p2b: Aegislash|perish2\n|upkeep\n|turn|3\n|\n|t:|1776667840\n|switch|p1b: Sinistcha|Sinistcha, L50, shiny|100/100\n|-heal|p1a: Gengar|100/100|[from] ability: Hospitality|[of] p1b: Sinistcha\n|move|p1a: Gengar|Protect|p1a: Gengar\n|-singleturn|p1a: Gengar|Protect\n|move|p2a: Gallade|Shadow Sneak|p1a: Gengar\n|-activate|p1a: Gengar|move: Protect\n|move|p2b: Aegislash|Shadow Sneak|p1a: Gengar\n|-activate|p1a: Gengar|move: Protect\n|\n|-start|p1a: Gengar|perish1\n|-start|p2a: Gallade|perish1\n|-start|p2b: Aegislash|perish1\n|upkeep\n|turn|4\n|\n|t:|1776667864\n|switch|p1a: Kingambit|Kingambit, L50, M, shiny|100/100\n|switch|p2b: Floette|Floette-Eternal, L50, F|100/100\n|move|p1b: Sinistcha|Protect|p1b: Sinistcha\n|-singleturn|p1b: Sinistcha|Protect\n|move|p2a: Gallade|Zen Headbutt|p1a: Kingambit\n|-immune|p1a: Kingambit\n|\n|-start|p2a: Gallade|perish0\n|faint|p2a: Gallade\n|upkeep\n|\n|t:|1776667868\n|switch|p2a: Palafin|Palafin-Hero, L50, M|100/100\n|-activate|p2a: Palafin|ability: Zero to Hero\n|turn|5\n|\n|t:|1776667890\n|move|p1a: Kingambit|Protect|p1a: Kingambit\n|-singleturn|p1a: Kingambit|Protect\n|move|p2a: Palafin|Drain Punch|p1a: Kingambit\n|-activate|p1a: Kingambit|move: Protect\n|move|p2b: Floette|Dazzling Gleam|p1b: Sinistcha|[spread] p1b\n|-activate|p1a: Kingambit|move: Protect\n|-damage|p1b: Sinistcha|75/100\n|move|p1b: Sinistcha|Matcha Gotcha|p2b: Floette|[spread] p2a\n|-miss|p1b: Sinistcha|p2b: Floette\n|-supereffective|p2a: Palafin|1\n|-damage|p2a: Palafin|56/100\n|-heal|p1b: Sinistcha|100/100|[from] drain|[of] p2a: Palafin\n|\n|upkeep\n|turn|6\n|\n|t:|1776667906\n|move|p1b: Sinistcha|Rage Powder|p1b: Sinistcha\n|-singleturn|p1b: Sinistcha|move: Rage Powder\n|move|p2a: Palafin|Wave Crash|p1b: Sinistcha\n|-resisted|p1b: Sinistcha|1\n|-damage|p1b: Sinistcha|60/100\n|-damage|p2a: Palafin|44/100|[from] Recoil\n|move|p2b: Floette|Calm Mind|p2b: Floette\n|-boost|p2b: Floette|spa|1\n|-boost|p2b: Floette|spd|1\n|move|p1a: Kingambit|Iron Head|p2b: Floette\n|-supereffective|p2b: Floette|1\n|-crit|p2b: Floette\n|-damage|p2b: Floette|0 fnt\n|faint|p2b: Floette\n|\n|upkeep\n|-message|soten soten forfeited.\n|\n|win|randomn1ck\n|raw|randomn1ck's rating: 1420 &rarr; <strong>1444</strong><br />(+24 for winning)\n|raw|soten soten's rating: 1488 &rarr; <strong>1464</strong><br />(-24 for losing)\n|l|\u2606soten soten\n|player|p2|\n",
  "uploadtime": 1776667921,
  "views": 20,
  "formatid": "gen9championsvgc2026regma",
  "rating": 1444,
  "private": 0,
  "password": null
}