{
  "id": "gen9championsvgc2026regma-2583454266",
  "format": "[Gen 9 Champions] VGC 2026 Reg M-A",
  "players": [
    "territireed",
    "Sampad123"
  ],
  "log": "|j|\u2606territireed\n|j|\u2606Sampad123\n|t:|1776176696\n|gametype|doubles\n|player|p1|territireed|169|1000\n|player|p2|Sampad123|101|1092\n|gen|9\n|tier|[Gen 9 Champions] VGC 2026 Reg M-A\n|rated|\n|rule|Species Clause: Limit one of each Pok\u00e9mon\n|rule|Item Clause: Limit 1 of each item\n|clearpoke\n|poke|p1|Trevenant, L50, M|\n|poke|p1|Snorlax, L50, F|\n|poke|p1|Torkoal, L50, F|\n|poke|p1|Aerodactyl, L50, F|\n|poke|p1|Whimsicott, L50, F|\n|poke|p1|Sneasler, L50, F|\n|poke|p2|Glimmora, L50, F|\n|poke|p2|Incineroar, L50, F|\n|poke|p2|Meowscarada, L50, F|\n|poke|p2|Whimsicott, L50, F|\n|poke|p2|Kingambit, L50, F|\n|poke|p2|Corviknight, L50, M|\n|teampreview|4\nterritireed rejected open team sheets.\n|\n|t:|1776176725\n|teamsize|p1|4\n|teamsize|p2|4\n|start\n|switch|p1a: Snorlax|Snorlax, L50, F|100/100\n|switch|p1b: Trevenant|Trevenant, L50, M|100/100\n|switch|p2a: Glimmora|Glimmora, L50, F|100/100\n|switch|p2b: Incineroar|Incineroar, L50, F|100/100\n|-ability|p2b: Incineroar|Intimidate|boost\n|-unboost|p1a: Snorlax|atk|1\n|-unboost|p1b: Trevenant|atk|1\n|turn|1\n|\n|t:|1776176749\n|detailschange|p2a: Glimmora|Glimmora-Mega, L50, F\n|-mega|p2a: Glimmora|Glimmora|Glimmoranite\n|move|p1a: Snorlax|Protect|p1a: Snorlax\n|-singleturn|p1a: Snorlax|Protect\n|move|p2b: Incineroar|Fake Out|p1a: Snorlax\n|-activate|p1a: Snorlax|move: Protect\n|move|p2a: Glimmora|Sludge Wave|p1a: Snorlax|[spread] p2b\n|-activate|p1a: Snorlax|move: Protect\n|-miss|p2a: Glimmora|p1b: Trevenant\n|-damage|p2b: Incineroar|50/100\n|move|p1b: Trevenant|Trick Room|p1b: Trevenant\n|-fieldstart|move: Trick Room|[of] p1b: Trevenant\n|\n|-heal|p2b: Incineroar|56/100|[from] item: Leftovers\n|upkeep\n|turn|2\n|\n|t:|1776176776\n|move|p1a: Snorlax|Belly Drum|p1a: Snorlax\n|-damage|p1a: Snorlax|51/100\n|-setboost|p1a: Snorlax|atk|6|[from] move: Belly Drum\n|move|p1b: Trevenant|Skill Swap|p1a: Snorlax\n|-activate|p1b: Trevenant|Skill Swap|||[of] p1a: Snorlax\n|move|p2b: Incineroar|Parting Shot|p1b: Trevenant\n|-unboost|p1b: Trevenant|atk|1\n|-unboost|p1b: Trevenant|spa|1\n|\n|t:|1776176785\n|switch|p2b: Corviknight|Corviknight, L50, M|100/100|[from] Parting Shot\n|-ability|p2b: Corviknight|Pressure\n|move|p2a: Glimmora|Sludge Wave|p1a: Snorlax|[spread] p1a,p1b\n|-immune|p2b: Corviknight\n|-damage|p1a: Snorlax|13/100\n|-damage|p1b: Trevenant|45/100\n|-enditem|p1a: Snorlax|Sitrus Berry|[eat]\n|-heal|p1a: Snorlax|38/100|[from] item: Sitrus Berry\n|\n|-item|p1a: Snorlax|Sitrus Berry|[from] ability: Harvest\n|upkeep\n|-enditem|p1a: Snorlax|Sitrus Berry|[eat]\n|-heal|p1a: Snorlax|63/100|[from] item: Sitrus Berry\n|turn|3\n|\n|t:|1776176809\n|switch|p1b: Torkoal|Torkoal, L50, F|100/100\n|-weather|SunnyDay|[from] ability: Drought|[of] p1b: Torkoal\n|move|p1a: Snorlax|Protect|p1a: Snorlax\n|-singleturn|p1a: Snorlax|Protect\n|move|p2b: Corviknight|Body Press|p1a: Snorlax\n|-activate|p1a: Snorlax|move: Protect\n|move|p2a: Glimmora|Sludge Wave|p1a: Snorlax|[spread] p1b\n|-activate|p1a: Snorlax|move: Protect\n|-immune|p2b: Corviknight\n|-damage|p1b: Torkoal|29/100\n|\n|-weather|SunnyDay|[upkeep]\n|-heal|p1b: Torkoal|36/100|[from] item: Leftovers\n|-item|p1a: Snorlax|Sitrus Berry|[from] ability: Harvest\n|upkeep\n|turn|4\n|\n|t:|1776176833\n|move|p1b: Torkoal|Heat Wave|p2b: Corviknight|[spread] p2a,p2b\n|-resisted|p2a: Glimmora|1\n|-supereffective|p2b: Corviknight|1\n|-damage|p2a: Glimmora|78/100\n|-damage|p2b: Corviknight|30/100\n|move|p1a: Snorlax|Facade|p2a: Glimmora\n|-resisted|p2a: Glimmora|1\n|-damage|p2a: Glimmora|22/100\n|move|p2b: Corviknight|Body Press|p1a: Snorlax\n|-supereffective|p1a: Snorlax|1\n|-damage|p1a: Snorlax|31/100\n|-enditem|p1a: Snorlax|Sitrus Berry|[eat]\n|-heal|p1a: Snorlax|56/100|[from] item: Sitrus Berry\n|move|p2a: Glimmora|Sludge Wave|p1b: Torkoal|[spread] p1a,p1b\n|-immune|p2b: Corviknight\n|-damage|p1a: Snorlax|23/100\n|-damage|p1b: Torkoal|0 fnt\n|faint|p1b: Torkoal\n|\n|-weather|SunnyDay|[upkeep]\n|-item|p1a: Snorlax|Sitrus Berry|[from] ability: Harvest\n|upkeep\n|-enditem|p1a: Snorlax|Sitrus Berry|[eat]\n|-heal|p1a: Snorlax|48/100|[from] item: Sitrus Berry\n|\n|t:|1776176855\n|switch|p1b: Whimsicott|Whimsicott, L50, F|100/100\n|turn|5\n|\n|t:|1776176875\n|move|p1b: Whimsicott|Protect|p1b: Whimsicott\n|-singleturn|p1b: Whimsicott|Protect\n|move|p2a: Glimmora|Protect|p2a: Glimmora\n|-singleturn|p2a: Glimmora|Protect\n|move|p1a: Snorlax|Facade|p2b: Corviknight\n|-resisted|p2b: Corviknight|1\n|-damage|p2b: Corviknight|0 fnt\n|faint|p2b: Corviknight\n|\n|-weather|SunnyDay|[upkeep]\n|-fieldend|move: Trick Room\n|-item|p1a: Snorlax|Sitrus Berry|[from] ability: Harvest\n|upkeep\n|-enditem|p1a: Snorlax|Sitrus Berry|[eat]\n|-heal|p1a: Snorlax|72/100|[from] item: Sitrus Berry\n|\n|t:|1776176891\n|switch|p2b: Incineroar|Incineroar, L50, F|56/100\n|-ability|p2b: Incineroar|Intimidate|boost\n|-unboost|p1a: Snorlax|atk|1\n|-unboost|p1b: Whimsicott|atk|1\n|turn|6\n|\n|t:|1776176908\n|move|p2b: Incineroar|Fake Out|p1a: Snorlax\n|-damage|p1a: Snorlax|65/100\n|move|p1b: Whimsicott|Sunny Day||[still]\n|-fail|p1b: Whimsicott\n|move|p2a: Glimmora|Power Gem|p1a: Snorlax\n|-damage|p1a: Snorlax|23/100\n|cant|p1a: Snorlax|flinch\n|\n|-weather|SunnyDay|[upkeep]\n|-heal|p2b: Incineroar|62/100|[from] item: Leftovers\n|-item|p1a: Snorlax|Sitrus Berry|[from] ability: Harvest\n|upkeep\n|-enditem|p1a: Snorlax|Sitrus Berry|[eat]\n|-heal|p1a: Snorlax|48/100|[from] item: Sitrus Berry\n|turn|7\n|\n|t:|1776176934\n|move|p1a: Snorlax|Protect|p1a: Snorlax\n|-singleturn|p1a: Snorlax|Protect\n|move|p1b: Whimsicott|Encore|p2a: Glimmora\n|-start|p2a: Glimmora|Encore\n|move|p2a: Glimmora|Power Gem|p1a: Snorlax\n|-activate|p1a: Snorlax|move: Protect\n|move|p2b: Incineroar|Taunt|p1b: Whimsicott\n|-start|p1b: Whimsicott|move: Taunt\n|-enditem|p1b: Whimsicott|Mental Herb\n|-end|p1b: Whimsicott|move: Taunt\n|\n|-weather|none\n|-heal|p2b: Incineroar|68/100|[from] item: Leftovers\n|-item|p1a: Snorlax|Sitrus Berry|[from] ability: Harvest\n|upkeep\n|-enditem|p1a: Snorlax|Sitrus Berry|[eat]\n|-heal|p1a: Snorlax|72/100|[from] item: Sitrus Berry\n|turn|8\n|\n|t:|1776176964\n|switch|p1b: Trevenant|Trevenant, L50, M|45/100\n|move|p2a: Glimmora|Power Gem|p1a: Snorlax\n|-damage|p1a: Snorlax|29/100\n|move|p2b: Incineroar|Flare Blitz|p1a: Snorlax\n|-damage|p1a: Snorlax|0 fnt\n|faint|p1a: Snorlax\n|-damage|p2b: Incineroar|55/100|[from] Recoil\n|\n|-heal|p2b: Incineroar|61/100|[from] item: Leftovers\n|upkeep\n|\n|t:|1776176974\n|switch|p1a: Whimsicott|Whimsicott, L50, F|100/100\n|turn|9\n|\n|t:|1776176997\n|switch|p2a: Kingambit|Kingambit, L50, F|100/100\n|move|p1a: Whimsicott|Protect|p1a: Whimsicott\n|-singleturn|p1a: Whimsicott|Protect\n|move|p2b: Incineroar|Flare Blitz|p1b: Trevenant\n|-supereffective|p1b: Trevenant|1\n|-damage|p1b: Trevenant|0 fnt\n|faint|p1b: Trevenant\n|-damage|p2b: Incineroar|48/100|[from] Recoil\n|\n|-heal|p2b: Incineroar|53/100|[from] item: Leftovers\n|upkeep\n|turn|10\n|\n|t:|1776177015\n|move|p1a: Whimsicott|Encore|p2a: Kingambit\n|-hint|Since gen 7, Dark is immune to Prankster moves.\n|-immune|p2a: Kingambit\n|move|p2b: Incineroar|Parting Shot|p1a: Whimsicott\n|-unboost|p1a: Whimsicott|atk|1\n|-unboost|p1a: Whimsicott|spa|1\n|\n|t:|1776177021\n|switch|p2b: Glimmora|Glimmora-Mega, L50, F|22/100|[from] Parting Shot\n|move|p2a: Kingambit|Iron Head|p1a: Whimsicott\n|-supereffective|p1a: Whimsicott|1\n|-damage|p1a: Whimsicott|0 fnt\n|faint|p1a: Whimsicott\n|\n|win|Sampad123\n|raw|territireed's rating: 1000 &rarr; <strong>1000</strong><br />(+0 for losing)\n|raw|Sampad123's rating: 1092 &rarr; <strong>1111</strong><br />(+19 for winning)\n",
  "uploadtime": 1776177030,
  "views": 16,
  "formatid": "gen9championsvgc2026regma",
  "rating": 1000,
  "private": 0,
  "password": null
}