{
  "id": "gen9championsvgc2026regma-2587756470",
  "format": "[Gen 9 Champions] VGC 2026 Reg M-A",
  "players": [
    "parry gonzales",
    "hunterdrago"
  ],
  "log": "|j|\u2606parry gonzales\n|j|\u2606hunterdrago\n|html|<table width=\"100%\"><tr><td align=\"left\">parry gonzales</td><td align=\"right\">hunterdrago</tr><tr><td align=\"left\"><i class=\"fa fa-circle-o\"></i> <i class=\"fa fa-circle-o\"></i> </td><td align=\"right\"><i class=\"fa fa-circle-o\"></i> <i class=\"fa fa-circle\"></i> </tr></table>\n|uhtml|bestof|<h2><strong>Game 2</strong> of <a href=\"/game-bestof3-gen9championsvgc2026regma-2587752897\">a best-of-3</a></h2>\n|t:|1776560855\n|gametype|doubles\n|player|p1|parry gonzales|lance-masters2|\n|player|p2|hunterdrago|rosa|\n|gen|9\n|tier|[Gen 9 Champions] VGC 2026 Reg M-A\n|rule|Species Clause: Limit one of each Pok\u00e9mon\n|rule|Item Clause: Limit 1 of each item\n|raw|<div class=\"infobox\"><details class=\"readmore\" open><summary><strong>1 custom rule:</strong></summary> Best of = 3</details></div>\n|clearpoke\n|poke|p1|Floette-Eternal, L50, F|\n|poke|p1|Klefki, L50, F|\n|poke|p1|Mudsdale, L50, M|\n|poke|p1|Noivern, L50, M|\n|poke|p1|Maushold, L50|\n|poke|p1|Simisear, L50, M|\n|poke|p2|Lopunny, L50, M|\n|poke|p2|Whimsicott, L50, F|\n|poke|p2|Typhlosion-Hisui, L50, M|\n|poke|p2|Aegislash, L50, M|\n|poke|p2|Tauros-Paldea-Aqua, L50, M|\n|poke|p2|Torkoal, L50, M|\n|teampreview|4\nparry gonzales rejected open team sheets.\n|c|\u2606parry gonzales|Glhf g2!\n|c|\u2606hunterdrago|u2!\n|\n|t:|1776560893\n|teamsize|p1|4\n|teamsize|p2|4\n|start\n|switch|p1a: Simisear|Simisear, L50, M|100/100\n|switch|p1b: mukk|Mudsdale, L50, M|100/100\n|switch|p2a: Lopunny|Lopunny, L50, M|100/100\n|switch|p2b: Typhlosion|Typhlosion-Hisui, L50, M|100/100\n|-item|p1a: Simisear|Charcoal|[from] ability: Frisk|[of] p2b: Typhlosion\n|-item|p1b: mukk|Leftovers|[from] ability: Frisk|[of] p2b: Typhlosion\n|turn|1\n|\n|t:|1776560908\n|switch|p2a: Torkoal|Torkoal, L50, M|100/100\n|-weather|SunnyDay|[from] ability: Drought|[of] p2a: Torkoal\n|move|p1b: mukk|Protect|p1b: mukk\n|-singleturn|p1b: mukk|Protect\n|move|p2b: Typhlosion|Eruption|p1b: mukk|[spread] p1a\n|-activate|p1b: mukk|move: Protect\n|-resisted|p1a: Simisear|1\n|-damage|p1a: Simisear|40/100\n|move|p1a: Simisear|Scorching Sands|p2b: Typhlosion\n|-supereffective|p2b: Typhlosion|1\n|-damage|p2b: Typhlosion|47/100\n|\n|-weather|SunnyDay|[upkeep]\n|upkeep\n|turn|2\n|\n|t:|1776560940\n|switch|p2b: Whimsicott|Whimsicott, L50, F|100/100\n|move|p1a: Simisear|Scorching Sands|p2a: Torkoal\n|-supereffective|p2a: Torkoal|1\n|-damage|p2a: Torkoal|45/100\n|move|p1b: mukk|Rock Slide|p2a: Torkoal|[spread] p2a,p2b\n|-supereffective|p2a: Torkoal|1\n|-damage|p2a: Torkoal|16/100\n|-damage|p2b: Whimsicott|68/100\n|move|p2a: Torkoal|Eruption|p1a: Simisear|[spread] p1a,p1b\n|-resisted|p1a: Simisear|1\n|-damage|p1a: Simisear|31/100\n|-damage|p1b: mukk|89/100\n|\n|-weather|SunnyDay|[upkeep]\n|-heal|p1b: mukk|95/100|[from] item: Leftovers\n|upkeep\n|turn|3\n|\n|t:|1776560975\n|move|p2b: Whimsicott|Tailwind|p2b: Whimsicott\n|-sidestart|p2: hunterdrago|move: Tailwind\n|move|p1a: Simisear|Heat Wave|p2b: Whimsicott|[spread] p2a,p2b\n|-resisted|p2a: Torkoal|1\n|-supereffective|p2b: Whimsicott|1\n|-damage|p2a: Torkoal|0 fnt\n|-damage|p2b: Whimsicott|0 fnt\n|faint|p2a: Torkoal\n|faint|p2b: Whimsicott\n|move|p1b: mukk|Heavy Slam|p2: Torkoal|[notarget]\n|-fail|p1b: mukk\n|\n|-weather|SunnyDay|[upkeep]\n|-heal|p1b: mukk|100/100|[from] item: Leftovers\n|upkeep\n|\n|t:|1776560979\n|switch|p2b: Typhlosion|Typhlosion-Hisui, L50, M|47/100\n|switch|p2a: Lopunny|Lopunny, L50, M|100/100\n|-item|p1a: Simisear|Charcoal|[from] ability: Frisk|[of] p2b: Typhlosion\n|-item|p1b: mukk|Leftovers|[from] ability: Frisk|[of] p2b: Typhlosion\n|turn|4\n|\n|t:|1776561002\n|switch|p1a: mukhuk|Maushold, L50|100/100\n|detailschange|p2a: Lopunny|Lopunny-Mega, L50, M\n|-mega|p2a: Lopunny|Lopunny|Lopunnite\n|move|p2b: Typhlosion|Eruption|p1b: mukk|[spread] p1a,p1b\n|-damage|p1a: mukhuk|47/100\n|-damage|p1b: mukk|70/100\n|-enditem|p1a: mukhuk|Sitrus Berry|[eat]\n|-heal|p1a: mukhuk|72/100|[from] item: Sitrus Berry\n|move|p2a: Lopunny|Ice Punch|p1b: mukk\n|-supereffective|p1b: mukk|1\n|-damage|p1b: mukk|32/100\n|move|p1b: mukk|Rock Slide|p2b: Typhlosion|[spread] p2a,p2b\n|-resisted|p2a: Lopunny|1\n|-supereffective|p2b: Typhlosion|1\n|-damage|p2a: Lopunny|89/100\n|-damage|p2b: Typhlosion|0 fnt\n|faint|p2b: Typhlosion\n|\n|-weather|SunnyDay|[upkeep]\n|-heal|p1b: mukk|38/100|[from] item: Leftovers\n|upkeep\n|turn|5\n|\n|t:|1776561027\n|move|p2a: Lopunny|Close Combat|p1a: mukhuk\n|-supereffective|p1a: mukhuk|1\n|-damage|p1a: mukhuk|0 fnt\n|-unboost|p2a: Lopunny|def|1\n|-unboost|p2a: Lopunny|spd|1\n|faint|p1a: mukhuk\n|move|p1b: mukk|High Horsepower|p2a: Lopunny\n|-damage|p2a: Lopunny|0 fnt\n|faint|p2a: Lopunny\n|\n|win|parry gonzales\n||hunterdrago is ready for game 3.\n",
  "uploadtime": 1776561035,
  "views": 25,
  "formatid": "gen9championsvgc2026regma",
  "rating": null,
  "private": 0,
  "password": null
}