{
  "id": "gen9championsvgc2026regma-2580991420",
  "format": "[Gen 9 Champions] VGC 2026 Reg M-A",
  "players": [
    "la javineta",
    "DarthPug03"
  ],
  "log": "|j|\u2606la javineta\n|j|\u2606DarthPug03\n|t:|1775949675\n|gametype|doubles\n|player|p1|la javineta|265|1352\n|player|p2|DarthPug03|102|1298\n|gen|9\n|tier|[Gen 9 Champions] VGC 2026 Reg M-A\n|rated|\n|rule|Species Clause: Limit one of each Pok\u00e9mon\n|rule|Item Clause: Limit 1 of each item\n|clearpoke\n|poke|p1|Heliolisk, L50, F|\n|poke|p1|Excadrill, L50, M|\n|poke|p1|Tyranitar, L50, F|\n|poke|p1|Aerodactyl, L50, F|\n|poke|p1|Milotic, L50, F|\n|poke|p1|Incineroar, L50, F|\n|poke|p2|Gardevoir, L50, F|\n|poke|p2|Hydreigon, L50, M|\n|poke|p2|Aegislash, L50, M|\n|poke|p2|Talonflame, L50, F|\n|poke|p2|Garchomp, L50, F|\n|poke|p2|Rotom-Wash, L50|\n|teampreview|4\n|inactive|Battle timer is ON: inactive players will automatically lose when time's up. (requested by DarthPug03)\n|j| gE1xjZRtuhW2DdT0AK\n|inactive|DarthPug03 has 60 seconds left.\n|inactive|DarthPug03 has 30 seconds left.\n|inactive|DarthPug03 has 20 seconds left.\n|\n|t:|1775949749\n|teamsize|p1|4\n|teamsize|p2|4\n|start\n|switch|p1a: Tyranitar|Tyranitar, L50, F|100/100\n|switch|p1b: Excadrill|Excadrill, L50, M|100/100\n|switch|p2a: Garchomp|Garchomp, L50, F|100/100\n|switch|p2b: Rotom|Rotom-Wash, L50|100/100\n|-weather|Sandstorm|[from] ability: Sand Stream|[of] p1a: Tyranitar\n|turn|1\n|\n|t:|1775949763\n|move|p1b: Excadrill|Rock Slide|p2b: Rotom|[spread] p2a,p2b\n|-resisted|p2a: Garchomp|1\n|-crit|p2a: Garchomp\n|-damage|p2a: Garchomp|83/100\n|-damage|p2b: Rotom|76/100\n|move|p2a: Garchomp|Earthquake|p1a: Tyranitar|[spread] p1a,p1b\n|-immune|p2b: Rotom|[from] ability: Levitate\n|-supereffective|p1a: Tyranitar|1\n|-supereffective|p1b: Excadrill|1\n|-damage|p1a: Tyranitar|42/100\n|-damage|p1b: Excadrill|0 fnt\n|faint|p1b: Excadrill\n|cant|p2b: Rotom|flinch\n|move|p1a: Tyranitar|Assurance|p2b: Rotom\n|-damage|p2b: Rotom|13/100\n|-enditem|p2b: Rotom|Sitrus Berry|[eat]\n|-heal|p2b: Rotom|37/100|[from] item: Sitrus Berry\n|\n|-weather|Sandstorm|[upkeep]\n|-damage|p2b: Rotom|32/100|[from] Sandstorm\n|upkeep\n|\n|t:|1775949781\n|switch|p1b: Incineroar|Incineroar, L50, F|100/100\n|-ability|p1b: Incineroar|Intimidate|boost\n|-unboost|p2a: Garchomp|atk|1\n|-unboost|p2b: Rotom|atk|1\n|-enditem|p2a: Garchomp|White Herb\n|-clearnegativeboost|p2a: Garchomp|[silent]\n|turn|2\n|\n|t:|1775949789\n|move|p2a: Garchomp|Protect|p2a: Garchomp\n|-singleturn|p2a: Garchomp|Protect\n|move|p2b: Rotom|Protect|p2b: Rotom\n|-singleturn|p2b: Rotom|Protect\n|move|p1a: Tyranitar|Protect|p1a: Tyranitar\n|-singleturn|p1a: Tyranitar|Protect\n|move|p1b: Incineroar|Parting Shot|p2b: Rotom\n|-activate|p2b: Rotom|move: Protect\n|\n|-weather|Sandstorm|[upkeep]\n|-damage|p2b: Rotom|26/100|[from] Sandstorm\n|-damage|p1b: Incineroar|94/100|[from] Sandstorm\n|upkeep\n|turn|3\n|\n|t:|1775949798\n|switch|p1a: Milotic|Milotic, L50, F|100/100\n|move|p2a: Garchomp|Earthquake|p1b: Incineroar|[spread] p1a,p1b\n|-immune|p2b: Rotom|[from] ability: Levitate\n|-supereffective|p1b: Incineroar|1\n|-damage|p1a: Milotic|59/100\n|-damage|p1b: Incineroar|37/100\n|-enditem|p1b: Incineroar|Sitrus Berry|[eat]\n|-heal|p1b: Incineroar|62/100|[from] item: Sitrus Berry\n|move|p2b: Rotom|Hydro Pump|p1b: Incineroar|[miss]\n|-miss|p2b: Rotom|p1b: Incineroar\n|move|p1b: Incineroar|Parting Shot|p2b: Rotom\n|-unboost|p2b: Rotom|atk|1\n|-unboost|p2b: Rotom|spa|1\n|\n|t:|1775949805\n|switch|p1b: Tyranitar|Tyranitar, L50, F|42/100|[from] Parting Shot\n|\n|-weather|Sandstorm|[upkeep]\n|-damage|p2b: Rotom|20/100|[from] Sandstorm\n|-damage|p1a: Milotic|53/100|[from] Sandstorm\n|-heal|p1a: Milotic|59/100|[from] item: Leftovers\n|upkeep\n|turn|4\n|\n|t:|1775949813\n|switch|p1b: Incineroar|Incineroar, L50, F|62/100\n|-ability|p1b: Incineroar|Intimidate|boost\n|-unboost|p2a: Garchomp|atk|1\n|-unboost|p2b: Rotom|atk|1\n|move|p1a: Milotic|Protect|p1a: Milotic\n|-singleturn|p1a: Milotic|Protect\n|move|p2a: Garchomp|Earthquake|p1b: Incineroar|[spread] p1b\n|-activate|p1a: Milotic|move: Protect\n|-immune|p2b: Rotom|[from] ability: Levitate\n|-supereffective|p1b: Incineroar|1\n|-damage|p1b: Incineroar|20/100\n|move|p2b: Rotom|Thunderbolt|p1a: Milotic\n|-activate|p1a: Milotic|move: Protect\n|\n|-weather|Sandstorm|[upkeep]\n|-damage|p2b: Rotom|15/100|[from] Sandstorm\n|-damage|p1a: Milotic|53/100|[from] Sandstorm\n|-damage|p1b: Incineroar|14/100|[from] Sandstorm\n|-heal|p1a: Milotic|59/100|[from] item: Leftovers\n|upkeep\n|turn|5\n|\n|t:|1775949833\n|move|p2a: Garchomp|Protect|p2a: Garchomp\n|-singleturn|p2a: Garchomp|Protect\n|move|p2b: Rotom|Protect|p2b: Rotom\n|-singleturn|p2b: Rotom|Protect\n|move|p1b: Incineroar|Fake Out|p2b: Rotom\n|-activate|p2b: Rotom|move: Protect\n|move|p1a: Milotic|Coil|p1a: Milotic\n|-boost|p1a: Milotic|atk|1\n|-boost|p1a: Milotic|def|1\n|-boost|p1a: Milotic|accuracy|1\n|\n|-weather|none\n|-heal|p1a: Milotic|66/100|[from] item: Leftovers\n|upkeep\n|turn|6\n|\n|t:|1775949848\n|switch|p1b: Tyranitar|Tyranitar, L50, F|42/100\n|-weather|Sandstorm|[from] ability: Sand Stream|[of] p1b: Tyranitar\n|move|p1a: Milotic|Protect|p1a: Milotic\n|-singleturn|p1a: Milotic|Protect\n|move|p2a: Garchomp|Earthquake|p1b: Tyranitar|[spread] p1b\n|-activate|p1a: Milotic|move: Protect\n|-immune|p2b: Rotom|[from] ability: Levitate\n|-supereffective|p1b: Tyranitar|1\n|-damage|p1b: Tyranitar|3/100\n|move|p2b: Rotom|Thunderbolt|p1a: Milotic\n|-activate|p1a: Milotic|move: Protect\n|\n|-weather|Sandstorm|[upkeep]\n|-damage|p2b: Rotom|9/100|[from] Sandstorm\n|-damage|p1a: Milotic|59/100|[from] Sandstorm\n|-heal|p1a: Milotic|66/100|[from] item: Leftovers\n|upkeep\n|turn|7\n|inactive|la javineta has 30 seconds left.\n|\n|t:|1775949876\n|move|p1b: Tyranitar|Protect|p1b: Tyranitar\n|-singleturn|p1b: Tyranitar|Protect\n|move|p2a: Garchomp|Earthquake|p1a: Milotic|[spread] p1a\n|-activate|p1b: Tyranitar|move: Protect\n|-immune|p2b: Rotom|[from] ability: Levitate\n|-damage|p1a: Milotic|46/100\n|move|p2b: Rotom|Thunderbolt|p1a: Milotic\n|-supereffective|p1a: Milotic|1\n|-damage|p1a: Milotic|11/100\n|move|p1a: Milotic|Scald|p2b: Rotom\n|-resisted|p2b: Rotom|1\n|-damage|p2b: Rotom|0 fnt\n|faint|p2b: Rotom\n|\n|-weather|Sandstorm|[upkeep]\n|-damage|p1a: Milotic|5/100|[from] Sandstorm\n|-heal|p1a: Milotic|11/100|[from] item: Leftovers\n|upkeep\n|c|\u2606DarthPug03|you are not winning dawg ToT\n|\n|t:|1775949889\n|switch|p2b: Hydreigon|Hydreigon, L50, M|100/100\n|turn|8\n|\n|t:|1775949903\n|switch|p1b: Incineroar|Incineroar, L50, F|14/100\n|-ability|p1b: Incineroar|Intimidate|boost\n|-unboost|p2a: Garchomp|atk|1\n|-unboost|p2b: Hydreigon|atk|1\n|move|p1a: Milotic|Protect|p1a: Milotic\n|-singleturn|p1a: Milotic|Protect\n|move|p2b: Hydreigon|Dark Pulse|p1a: Milotic\n|-activate|p1a: Milotic|move: Protect\n|move|p2a: Garchomp|Earthquake|p1b: Incineroar|[spread] p1b\n|-activate|p1a: Milotic|move: Protect\n|-immune|p2b: Hydreigon|[from] ability: Levitate\n|-supereffective|p1b: Incineroar|1\n|-damage|p1b: Incineroar|0 fnt\n|faint|p1b: Incineroar\n|\n|-weather|Sandstorm|[upkeep]\n|-damage|p2b: Hydreigon|94/100|[from] Sandstorm\n|-damage|p1a: Milotic|5/100|[from] Sandstorm\n|-heal|p1a: Milotic|11/100|[from] item: Leftovers\n|upkeep\n|\n|t:|1775949907\n|switch|p1b: Tyranitar|Tyranitar, L50, F|3/100\n|turn|9\n|\n|t:|1775949912\n|move|p2b: Hydreigon|Dark Pulse|p1a: Milotic\n|-damage|p1a: Milotic|0 fnt\n|faint|p1a: Milotic\n|move|p2a: Garchomp|Dragon Claw|p1b: Tyranitar\n|-damage|p1b: Tyranitar|0 fnt\n|faint|p1b: Tyranitar\n|\n|win|DarthPug03\n|raw|la javineta's rating: 1352 &rarr; <strong>1329</strong><br />(-23 for losing)\n|raw|DarthPug03's rating: 1298 &rarr; <strong>1327</strong><br />(+29 for winning)\n|l|\u2606la javineta\n|player|p1|\n|l|\u2606DarthPug03\n|player|p2|\n",
  "uploadtime": 1775949927,
  "views": 39,
  "formatid": "gen9championsvgc2026regma",
  "rating": 1327,
  "private": 0,
  "password": null
}