{
  "id": "gen9championsvgc2026regma-2584757187",
  "format": "[Gen 9 Champions] VGC 2026 Reg M-A",
  "players": [
    "Mulegator12",
    "Krupp99"
  ],
  "log": "|j|\u2606Mulegator12\n|j|\u2606Krupp99\n|t:|1776281504\n|gametype|doubles\n|player|p1|Mulegator12|101|1182\n|player|p2|Krupp99|roark|1141\n|gen|9\n|tier|[Gen 9 Champions] VGC 2026 Reg M-A\n|rated|\n|rule|Species Clause: Limit one of each Pok\u00e9mon\n|rule|Item Clause: Limit 1 of each item\n|clearpoke\n|poke|p1|Scizor, L50, M|\n|poke|p1|Gardevoir, L50, F|\n|poke|p1|Milotic, L50, F|\n|poke|p1|Talonflame, L50, M|\n|poke|p1|Lopunny, L50, M|\n|poke|p1|Garchomp, L50, F|\n|poke|p2|Delphox, L50, F|\n|poke|p2|Garchomp, L50, F|\n|poke|p2|Sneasler, L50, F|\n|poke|p2|Floette-Eternal, L50, F|\n|poke|p2|Basculegion, L50, M|\n|poke|p2|Whimsicott, L50, F|\n|teampreview|4\n|inactive|Battle timer is ON: inactive players will automatically lose when time's up. (requested by Krupp99)\n|inactive|Mulegator12 has 60 seconds left.\n|inactive|Krupp99 has 60 seconds left.\n|\n|t:|1776281543\n|teamsize|p1|4\n|teamsize|p2|4\n|start\n|switch|p1a: Talonflame|Talonflame, L50, M|100/100\n|switch|p1b: Milotic|Milotic, L50, F|100/100\n|switch|p2a: Floette|Floette-Eternal, L50, F|100/100\n|switch|p2b: Sneasler|Sneasler, L50, F|100/100\n|turn|1\n|\n|t:|1776281558\n|detailschange|p2a: Floette|Floette-Mega, L50, F\n|-mega|p2a: Floette|Floette|Floettite\n|-ability|p2a: Floette|Fairy Aura\n|move|p2b: Sneasler|Fake Out|p1a: Talonflame\n|-damage|p1a: Talonflame|79/100\n|cant|p1a: Talonflame|flinch\n|move|p2a: Floette|Moonblast|p1b: Milotic\n|-damage|p1b: Milotic|57/100\n|move|p1b: Milotic|Coil|p1b: Milotic\n|-boost|p1b: Milotic|atk|1\n|-boost|p1b: Milotic|def|1\n|-boost|p1b: Milotic|accuracy|1\n|\n|upkeep\n|turn|2\n|\n|t:|1776281578\n|move|p1a: Talonflame|Brave Bird|p2b: Sneasler\n|-supereffective|p2b: Sneasler|1\n|-damage|p2b: Sneasler|0 fnt\n|faint|p2b: Sneasler\n|-damage|p1a: Talonflame|45/100|[from] Recoil\n|move|p2a: Floette|Calm Mind|p2a: Floette\n|-boost|p2a: Floette|spa|1\n|-boost|p2a: Floette|spd|1\n|move|p1b: Milotic|Hypnosis|p2a: Floette\n|-status|p2a: Floette|slp|[from] move: Hypnosis\n|\n|upkeep\n|\n|t:|1776281590\n|switch|p2b: Basculegion|Basculegion, L50, M|100/100\n|turn|3\n|\n|t:|1776281599\n|move|p1a: Talonflame|Protect|p1a: Talonflame\n|-singleturn|p1a: Talonflame|Protect\n|move|p2b: Basculegion|Last Respects|p1a: Talonflame\n|-activate|p1a: Talonflame|move: Protect\n|cant|p2a: Floette|slp\n|move|p1b: Milotic|Hypnosis|p2b: Basculegion|[miss]\n|-miss|p1b: Milotic|p2b: Basculegion\n|\n|upkeep\n|turn|4\n|inactive|Mulegator12 has 30 seconds left.\n|\n|t:|1776281626\n|switch|p1a: Lopunny|Lopunny, L50, M|100/100\n|move|p2b: Basculegion|Last Respects|p1a: Lopunny\n|-immune|p1a: Lopunny\n|cant|p2a: Floette|slp\n|move|p1b: Milotic|Muddy Water|p2a: Floette|[spread] p2a,p2b\n|-resisted|p2b: Basculegion|1\n|-damage|p2a: Floette|87/100 slp\n|-damage|p2b: Basculegion|88/100\n|\n|upkeep\n|turn|5\n|\n|t:|1776281650\n|detailschange|p1a: Lopunny|Lopunny-Mega, L50, M\n|-mega|p1a: Lopunny|Lopunny|Lopunnite\n|move|p1a: Lopunny|Fake Out|p2b: Basculegion\n|-damage|p2b: Basculegion|59/100\n|cant|p2b: Basculegion|flinch\n|-curestatus|p2a: Floette|slp|[msg]\n|move|p2a: Floette|Dazzling Gleam|p1b: Milotic|[spread] p1a,p1b\n|-supereffective|p1a: Lopunny|1\n|-damage|p1a: Lopunny|0 fnt\n|-damage|p1b: Milotic|17/100\n|-enditem|p1b: Milotic|Sitrus Berry|[eat]\n|-heal|p1b: Milotic|42/100|[from] item: Sitrus Berry\n|faint|p1a: Lopunny\n|move|p1b: Milotic|Muddy Water|p2b: Basculegion|[spread] p2a,p2b\n|-resisted|p2b: Basculegion|1\n|-damage|p2a: Floette|74/100\n|-damage|p2b: Basculegion|46/100\n|\n|upkeep\n|\n|t:|1776281667\n|switch|p1a: Scizor|Scizor, L50, M|100/100\n|turn|6\n|\n|t:|1776281682\n|move|p2b: Basculegion|Last Respects|p1a: Scizor\n|-damage|p1a: Scizor|29/100\n|move|p2a: Floette|Giga Drain|p1b: Milotic\n|-supereffective|p1b: Milotic|1\n|-damage|p1b: Milotic|0 fnt\n|-heal|p2a: Floette|100/100|[from] drain|[of] p1b: Milotic\n|faint|p1b: Milotic\n|move|p1a: Scizor|Knock Off|p2b: Basculegion\n|-supereffective|p2b: Basculegion|1\n|-damage|p2b: Basculegion|0 fnt\n|-enditem|p2b: Basculegion|Choice Scarf|[from] move: Knock Off|[of] p1a: Scizor\n|faint|p2b: Basculegion\n|\n|upkeep\n|\n|t:|1776281700\n|switch|p2b: Garchomp|Garchomp, L50, F|100/100\n|switch|p1b: Talonflame|Talonflame, L50, M|45/100\n|turn|7\n|\n|t:|1776281711\n|move|p1b: Talonflame|Protect|p1b: Talonflame\n|-singleturn|p1b: Talonflame|Protect\n|move|p1a: Scizor|Bullet Punch|p2a: Floette\n|-supereffective|p2a: Floette|1\n|-damage|p2a: Floette|0 fnt\n|faint|p2a: Floette\n|move|p2b: Garchomp|Rock Slide|p1a: Scizor|[spread] p1a\n|-activate|p1b: Talonflame|move: Protect\n|-damage|p1a: Scizor|9/100\n|\n|upkeep\n|turn|8\n|inactive|Mulegator12 has 30 seconds left.\n|\n|t:|1776281739\n|move|p1a: Scizor|Bullet Punch|p2b: Garchomp\n|-damage|p2b: Garchomp|57/100\n|-damage|p1a: Scizor|0 fnt|[from] ability: Rough Skin|[of] p2b: Garchomp\n|faint|p1a: Scizor\n|move|p1b: Talonflame|Brave Bird|p2b: Garchomp\n|-damage|p2b: Garchomp|0 fnt\n|-damage|p1b: Talonflame|33/100|[from] ability: Rough Skin|[of] p2b: Garchomp\n|faint|p2b: Garchomp\n|-damage|p1b: Talonflame|11/100|[from] Recoil\n|\n|win|Mulegator12\n|raw|Mulegator12's rating: 1182 &rarr; <strong>1204</strong><br />(+22 for winning)\n|raw|Krupp99's rating: 1141 &rarr; <strong>1119</strong><br />(-22 for losing)\n",
  "uploadtime": 1776281750,
  "views": 34,
  "formatid": "gen9championsvgc2026regma",
  "rating": 1119,
  "private": 0,
  "password": null
}