{
  "id": "gen9championsvgc2026regma-2587657166",
  "format": "[Gen 9 Champions] VGC 2026 Reg M-A",
  "players": [
    "Tacoloney3",
    "SunTufo"
  ],
  "log": "|j|\u2606Tacoloney3\n|j|\u2606SunTufo\n|t:|1776551039\n|gametype|doubles\n|player|p1|Tacoloney3|n|1232\n|player|p2|SunTufo|li|1310\n|gen|9\n|tier|[Gen 9 Champions] VGC 2026 Reg M-A\n|rated|\n|rule|Species Clause: Limit one of each Pok\u00e9mon\n|rule|Item Clause: Limit 1 of each item\n|clearpoke\n|poke|p1|Scizor, L50, M|\n|poke|p1|Pelipper, L50, M|\n|poke|p1|Starmie, L50|\n|poke|p1|Sylveon, L50, F|\n|poke|p1|Dragapult, L50, F|\n|poke|p1|Conkeldurr, L50, M|\n|poke|p2|Froslass, L50, F, shiny|\n|poke|p2|Milotic, L50, F, shiny|\n|poke|p2|Aerodactyl, L50, M, shiny|\n|poke|p2|Rotom-Frost, L50, shiny|\n|poke|p2|Garchomp, L50, M, shiny|\n|poke|p2|Sneasler, L50, F|\n|teampreview|4\n|inactive|Battle timer is ON: inactive players will automatically lose when time's up. (requested by SunTufo)\n|inactive|Tacoloney3 has 60 seconds left.\n|\n|t:|1776551078\n|teamsize|p1|4\n|teamsize|p2|4\n|start\n|switch|p1a: Conkeldurr|Conkeldurr, L50, M|100/100\n|switch|p1b: Dragapult|Dragapult, L50, F|100/100\n|switch|p2a: Froslass|Froslass, L50, F, shiny|100/100\n|switch|p2b: Aerodactyl|Aerodactyl, L50, M, shiny|100/100\n|-ability|p2b: Aerodactyl|Unnerve\n|turn|1\n|\n|t:|1776551098\n|move|p2a: Froslass|Protect|p2a: Froslass\n|-singleturn|p2a: Froslass|Protect\n|move|p1a: Conkeldurr|Detect|p1a: Conkeldurr\n|-singleturn|p1a: Conkeldurr|Protect\n|move|p1b: Dragapult|Will-O-Wisp|p2b: Aerodactyl\n|-status|p2b: Aerodactyl|brn\n|move|p2b: Aerodactyl|Tailwind|p2b: Aerodactyl\n|-sidestart|p2: SunTufo|move: Tailwind\n|\n|-damage|p2b: Aerodactyl|95/100 brn|[from] brn\n|upkeep\n|turn|2\n|\n|t:|1776551118\n|detailschange|p2a: Froslass|Froslass-Mega, L50, F, shiny\n|-mega|p2a: Froslass|Froslass|Froslassite\n|-weather|Snowscape|[from] ability: Snow Warning|[of] p2a: Froslass\n|move|p2b: Aerodactyl|Rock Slide|p1a: Conkeldurr|[spread] p1a,p1b\n|-resisted|p1a: Conkeldurr|1\n|-damage|p1a: Conkeldurr|95/100\n|-damage|p1b: Dragapult|85/100\n|move|p2a: Froslass|Blizzard|p1a: Conkeldurr|[spread] p1a,p1b\n|-supereffective|p1b: Dragapult|1\n|-damage|p1a: Conkeldurr|40/100\n|-damage|p1b: Dragapult|0 fnt\n|faint|p1b: Dragapult\n|move|p1a: Conkeldurr|Ice Punch|p2b: Aerodactyl\n|-supereffective|p2b: Aerodactyl|1\n|-damage|p2b: Aerodactyl|0 fnt\n|faint|p2b: Aerodactyl\n|\n|-weather|Snowscape|[upkeep]\n|-heal|p1a: Conkeldurr|46/100|[from] item: Leftovers\n|upkeep\n|\n|t:|1776551135\n|switch|p1b: Pelipper|Pelipper, L50, M|100/100\n|switch|p2b: Rotom|Rotom-Frost, L50, shiny|100/100\n|-weather|RainDance|[from] ability: Drizzle|[of] p1b: Pelipper\n|turn|3\n|\n|t:|1776551154\n|move|p1a: Conkeldurr|Mach Punch|p2b: Rotom\n|-supereffective|p2b: Rotom|1\n|-damage|p2b: Rotom|20/100\n|move|p2b: Rotom|Electroweb|p1b: Pelipper|[spread] p1a,p1b\n|-supereffective|p1b: Pelipper|2\n|-damage|p1a: Conkeldurr|23/100\n|-enditem|p1b: Pelipper|Focus Sash\n|-damage|p1b: Pelipper|1/100\n|-unboost|p1a: Conkeldurr|spe|1\n|-unboost|p1b: Pelipper|spe|1\n|move|p2a: Froslass|Shadow Ball|p1a: Conkeldurr\n|-damage|p1a: Conkeldurr|0 fnt\n|faint|p1a: Conkeldurr\n|move|p1b: Pelipper|Tailwind|p1b: Pelipper\n|-sidestart|p1: Tacoloney3|move: Tailwind\n|\n|-weather|RainDance|[upkeep]\n|upkeep\n|\n|t:|1776551163\n|switch|p1a: Scizor|Scizor, L50, M|100/100\n|turn|4\n|\n|t:|1776551176\n|switch|p2a: Garchomp|Garchomp, L50, M, shiny|100/100\n|detailschange|p1a: Scizor|Scizor-Mega, L50, M\n|-mega|p1a: Scizor|Scizor|Scizorite\n|move|p1b: Pelipper|Wide Guard|p1b: Pelipper\n|-singleturn|p1b: Pelipper|Wide Guard\n|move|p2b: Rotom|Electroweb|p1b: Pelipper|[spread] \n|-activate|p1a: Scizor|move: Wide Guard\n|-activate|p1b: Pelipper|move: Wide Guard\n|move|p1a: Scizor|Swords Dance|p1a: Scizor\n|-boost|p1a: Scizor|atk|2\n|\n|-weather|RainDance|[upkeep]\n|-sideend|p2: SunTufo|move: Tailwind\n|upkeep\n|turn|5\n|\n|t:|1776551197\n|move|p2b: Rotom|Electroweb|p1a: Scizor|[spread] p1a,p1b\n|-supereffective|p1b: Pelipper|2\n|-damage|p1a: Scizor|79/100\n|-damage|p1b: Pelipper|0 fnt\n|-unboost|p1a: Scizor|spe|1\n|faint|p1b: Pelipper\n|move|p2a: Garchomp|Dragon Claw|p1a: Scizor\n|-resisted|p1a: Scizor|1\n|-damage|p1a: Scizor|61/100\n|move|p1a: Scizor|Bug Bite|p2a: Garchomp\n|-damage|p2a: Garchomp|0 fnt\n|-enditem|p2a: Garchomp|Sitrus Berry|[from] stealeat|[move] Bug Bite|[of] p1a: Scizor\n|-heal|p1a: Scizor|85/100|[from] item: Sitrus Berry\n|-damage|p1a: Scizor|73/100|[from] ability: Rough Skin|[of] p2a: Garchomp\n|faint|p2a: Garchomp\n|\n|-weather|RainDance|[upkeep]\n|upkeep\n|\n|t:|1776551209\n|switch|p2a: Froslass|Froslass-Mega, L50, F, shiny|100/100\n|-weather|Snowscape|[from] ability: Snow Warning|[of] p2a: Froslass\n|turn|6\n|\n|t:|1776551216\n|move|p1a: Scizor|Bullet Punch|p2a: Froslass\n|-supereffective|p2a: Froslass|1\n|-damage|p2a: Froslass|0 fnt\n|faint|p2a: Froslass\n|move|p2b: Rotom|Electroweb|p1a: Scizor\n|-damage|p1a: Scizor|47/100\n|-unboost|p1a: Scizor|spe|1\n|\n|-weather|Snowscape|[upkeep]\n|-sideend|p1: Tacoloney3|move: Tailwind\n|upkeep\n|turn|7\n|-message|SunTufo forfeited.\n|\n|win|Tacoloney3\n|raw|Tacoloney3's rating: 1232 &rarr; <strong>1263</strong><br />(+31 for winning)\n|raw|SunTufo's rating: 1310 &rarr; <strong>1286</strong><br />(-24 for losing)\n",
  "uploadtime": 1776551221,
  "views": 16,
  "formatid": "gen9championsvgc2026regma",
  "rating": 1263,
  "private": 0,
  "password": null
}