{
  "id": "gen9championsvgc2026regma-2581024031",
  "format": "[Gen 9 Champions] VGC 2026 Reg M-A",
  "players": [
    "abkwreu",
    "Lemonale"
  ],
  "log": "|j|\u2606abkwreu\n|j|\u2606Lemonale\n|t:|1775952729\n|gametype|doubles\n|player|p1|abkwreu|dawn|1065\n|player|p2|Lemonale|169|1000\n|gen|9\n|tier|[Gen 9 Champions] VGC 2026 Reg M-A\n|rated|\n|rule|Species Clause: Limit one of each Pok\u00e9mon\n|rule|Item Clause: Limit 1 of each item\n|clearpoke\n|poke|p1|Venusaur, L50, F|\n|poke|p1|Maushold-Four, L50|\n|poke|p1|Glimmora, L50, F|\n|poke|p1|Corviknight, L50, F|\n|poke|p1|Slowking-Galar, L50, M|\n|poke|p1|Milotic, L50, F|\n|poke|p2|Rotom-Wash, L50|\n|poke|p2|Sinistcha, L50|\n|poke|p2|Whimsicott, L50, F|\n|poke|p2|Pelipper, L50, M|\n|poke|p2|Empoleon, L50, M|\n|poke|p2|Milotic, L50, F|\n|teampreview|4\n|inactive|Battle timer is ON: inactive players will automatically lose when time's up. (requested by abkwreu)\n|inactive|abkwreu has 60 seconds left.\nLemonale rejected open team sheets.\n|\n|t:|1775952772\n|teamsize|p1|4\n|teamsize|p2|4\n|start\n|switch|p1a: Venusaur|Venusaur, L50, F|100/100\n|switch|p1b: Glimmora|Glimmora, L50, F|100/100\n|switch|p2a: Pelipper|Pelipper, L50, M|100/100\n|switch|p2b: Rotom|Rotom-Wash, L50, shiny|100/100\n|-weather|RainDance|[from] ability: Drizzle|[of] p2a: Pelipper\n|turn|1\n|inactive|abkwreu has 30 seconds left.\n|\n|t:|1775952799\n|detailschange|p1a: Venusaur|Venusaur-Mega, L50, F\n|-mega|p1a: Venusaur|Venusaur|Venusaurite\n|move|p2b: Rotom|Protect|p2b: Rotom\n|-singleturn|p2b: Rotom|Protect\n|move|p1b: Glimmora|Stealth Rock|p2a: Pelipper\n|-sidestart|p2: Lemonale|move: Stealth Rock\n|move|p1a: Venusaur|Toxic|p2a: Pelipper\n|-status|p2a: Pelipper|tox\n|move|p2a: Pelipper|Tailwind|p2a: Pelipper\n|-sidestart|p2: Lemonale|move: Tailwind\n|\n|-weather|RainDance|[upkeep]\n|-damage|p2a: Pelipper|94/100 tox|[from] psn\n|upkeep\n|turn|2\n|\n|t:|1775952823\n|switch|p1b: Milotic|Milotic, L50, F|100/100\n|move|p2b: Rotom|Hydro Pump|p1b: Milotic|[miss]\n|-miss|p2b: Rotom|p1b: Milotic\n|move|p2a: Pelipper|Hurricane|p1a: Venusaur\n|-supereffective|p1a: Venusaur|1\n|-damage|p1a: Venusaur|35/100\n|move|p1a: Venusaur|Toxic|p2b: Rotom\n|-status|p2b: Rotom|tox\n|\n|-weather|RainDance|[upkeep]\n|-damage|p2b: Rotom|95/100 tox|[from] psn\n|-damage|p2a: Pelipper|82/100 tox|[from] psn\n|upkeep\n|turn|3\n|\n|t:|1775952841\n|move|p1a: Venusaur|Protect|p1a: Venusaur\n|-singleturn|p1a: Venusaur|Protect\n|move|p2b: Rotom|Volt Switch|p1b: Milotic\n|-supereffective|p1b: Milotic|1\n|-damage|p1b: Milotic|61/100\n|\n|t:|1775952847\n|switch|p2b: Sinistcha|Sinistcha, L50|100/100|[from] Volt Switch\n|-damage|p2b: Sinistcha|88/100|[from] Stealth Rock\n|-heal|p2a: Pelipper|100/100 tox|[from] ability: Hospitality|[of] p2b: Sinistcha\n|move|p2a: Pelipper|Hurricane|p1a: Venusaur\n|-activate|p1a: Venusaur|move: Protect\n|move|p1b: Milotic|Dragon Tail|p2a: Pelipper\n|-crit|p2a: Pelipper\n|-damage|p2a: Pelipper|83/100 tox\n|drag|p2a: Rotom|Rotom-Wash, L50, shiny|95/100 tox\n|-damage|p2a: Rotom|83/100 tox|[from] Stealth Rock\n|\n|-weather|RainDance|[upkeep]\n|-heal|p2b: Sinistcha|94/100|[from] item: Leftovers\n|-heal|p1b: Milotic|67/100|[from] item: Leftovers\n|-damage|p2a: Rotom|77/100 tox|[from] psn\n|upkeep\n|turn|4\n|inactive|abkwreu has 30 seconds left.\n|\n|t:|1775952881\n|move|p2a: Rotom|Thunder|p1b: Milotic\n|-supereffective|p1b: Milotic|1\n|-damage|p1b: Milotic|6/100\n|move|p2b: Sinistcha|Matcha Gotcha|p1a: Venusaur|[spread] p1a,p1b\n|-resisted|p1a: Venusaur|2\n|-supereffective|p1b: Milotic|1\n|-damage|p1a: Venusaur|30/100\n|-heal|p2b: Sinistcha|98/100|[from] drain|[of] p1a: Venusaur\n|-damage|p1b: Milotic|0 fnt\n|-heal|p2b: Sinistcha|100/100|[from] drain|[of] p1b: Milotic\n|faint|p1b: Milotic\n|move|p1a: Venusaur|Toxic|p2b: Sinistcha\n|-status|p2b: Sinistcha|tox\n|\n|-weather|RainDance|[upkeep]\n|-damage|p2a: Rotom|66/100 tox|[from] psn\n|-damage|p2b: Sinistcha|94/100 tox|[from] psn\n|-sideend|p2: Lemonale|move: Tailwind\n|upkeep\n|\n|t:|1775952905\n|switch|p1b: Slowking|Slowking-Galar, L50, M|100/100\n|turn|5\n|inactive|Lemonale has 30 seconds left.\n|inactive|Lemonale has 20 seconds left.\n|\n|t:|1775952941\n|move|p2a: Rotom|Volt Switch|p1b: Slowking\n|-damage|p1b: Slowking|81/100\n|\n|t:|1775952944\n|switch|p2a: Whimsicott|Whimsicott, L50, F|100/100|[from] Volt Switch\n|-damage|p2a: Whimsicott|88/100|[from] Stealth Rock\n|move|p1a: Venusaur|Giga Drain|p2a: Whimsicott\n|-resisted|p2a: Whimsicott|1\n|-damage|p2a: Whimsicott|64/100\n|-heal|p1a: Venusaur|40/100|[from] drain|[of] p2a: Whimsicott\n|move|p2b: Sinistcha|Shadow Ball|p1b: Slowking\n|-supereffective|p1b: Slowking|1\n|-damage|p1b: Slowking|27/100\n|-enditem|p1b: Slowking|Sitrus Berry|[eat]\n|-heal|p1b: Slowking|51/100|[from] item: Sitrus Berry\n|move|p1b: Slowking|Calm Mind|p1b: Slowking\n|-boost|p1b: Slowking|spa|1\n|-boost|p1b: Slowking|spd|1\n|\n|-weather|none\n|-heal|p2b: Sinistcha|100/100 tox|[from] item: Leftovers\n|-damage|p2b: Sinistcha|88/100 tox|[from] psn\n|upkeep\n|turn|6\n|inactive|abkwreu has 30 seconds left.\n|\n|t:|1775952973\n|switch|p1b: Glimmora|Glimmora, L50, F|100/100\n|move|p2a: Whimsicott|Helping Hand|p2b: Sinistcha\n|-singleturn|p2b: Sinistcha|Helping Hand|[of] p2a: Whimsicott\n|move|p1a: Venusaur|Synthesis|p1a: Venusaur\n|-heal|p1a: Venusaur|89/100\n|move|p2b: Sinistcha|Shadow Ball|p1b: Glimmora\n|-damage|p1b: Glimmora|44/100\n|\n|-heal|p2b: Sinistcha|94/100 tox|[from] item: Leftovers\n|-damage|p2b: Sinistcha|76/100 tox|[from] psn\n|upkeep\n|turn|7\n|\n|t:|1775952989\n|move|p2a: Whimsicott|Helping Hand|p2b: Sinistcha\n|-singleturn|p2b: Sinistcha|Helping Hand|[of] p2a: Whimsicott\n|move|p1b: Glimmora|Spiky Shield|p1b: Glimmora\n|-singleturn|p1b: Glimmora|move: Protect\n|move|p1a: Venusaur|Toxic|p2a: Whimsicott\n|-status|p2a: Whimsicott|tox\n|move|p2b: Sinistcha|Shadow Ball|p1b: Glimmora\n|-activate|p1b: Glimmora|move: Protect\n|\n|-heal|p2b: Sinistcha|82/100 tox|[from] item: Leftovers\n|-damage|p2a: Whimsicott|58/100 tox|[from] psn\n|-damage|p2b: Sinistcha|57/100 tox|[from] psn\n|upkeep\n|turn|8\n|inactive|abkwreu has 30 seconds left.\n|\n|t:|1775953023\n|move|p1a: Venusaur|Protect|p1a: Venusaur\n|-singleturn|p1a: Venusaur|Protect\n|move|p2a: Whimsicott|Encore|p1b: Glimmora\n|-start|p1b: Glimmora|Encore\n|move|p1b: Glimmora|Spiky Shield||[still]\n|-fail|p1b: Glimmora\n|move|p2b: Sinistcha|Matcha Gotcha|p1a: Venusaur|[spread] p1b\n|-activate|p1a: Venusaur|move: Protect\n|-damage|p1b: Glimmora|18/100\n|-heal|p2b: Sinistcha|74/100 tox|[from] drain|[of] p1b: Glimmora\n|-status|p1b: Glimmora|brn\n|\n|-heal|p2b: Sinistcha|80/100 tox|[from] item: Leftovers\n|-damage|p2a: Whimsicott|46/100 tox|[from] psn\n|-damage|p2b: Sinistcha|49/100 tox|[from] psn\n|-damage|p1b: Glimmora|13/100 brn|[from] brn\n|upkeep\n|turn|9\n|\n|t:|1775953045\n|switch|p1a: Slowking|Slowking-Galar, L50, M|85/100\n|switch|p2b: Pelipper|Pelipper, L50, M|83/100 tox\n|-damage|p2b: Pelipper|58/100 tox|[from] Stealth Rock\n|-weather|RainDance|[from] ability: Drizzle|[of] p2b: Pelipper\n|move|p1b: Glimmora|Spiky Shield|p1b: Glimmora\n|-singleturn|p1b: Glimmora|move: Protect\n|move|p2a: Whimsicott|Energy Ball|p1b: Glimmora\n|-activate|p1b: Glimmora|move: Protect\n|\n|-weather|RainDance|[upkeep]\n|-damage|p2a: Whimsicott|28/100 tox|[from] psn\n|-damage|p2b: Pelipper|52/100 tox|[from] psn\n|-damage|p1b: Glimmora|7/100 brn|[from] brn\n|upkeep\n|turn|10\n|inactive|Lemonale has 30 seconds left.\n|\n|t:|1775953073\n|switch|p1a: Venusaur|Venusaur-Mega, L50, F|89/100\n|move|p1b: Glimmora|Spiky Shield||[still]\n|-fail|p1b: Glimmora\n|move|p2a: Whimsicott|Energy Ball|p1b: Glimmora\n|-damage|p1b: Glimmora|0 fnt\n|faint|p1b: Glimmora\n|move|p2b: Pelipper|Hurricane|p1a: Venusaur\n|-supereffective|p1a: Venusaur|1\n|-damage|p1a: Venusaur|15/100\n|\n|-weather|RainDance|[upkeep]\n|-damage|p2a: Whimsicott|4/100 tox|[from] psn\n|-damage|p2b: Pelipper|40/100 tox|[from] psn\n|upkeep\n|-enditem|p2b: Pelipper|Sitrus Berry|[eat]\n|-heal|p2b: Pelipper|65/100 tox|[from] item: Sitrus Berry\n|\n|t:|1775953087\n|switch|p1b: Slowking|Slowking-Galar, L50, M|100/100\n|turn|11\n|\n|t:|1775953104\n|move|p2a: Whimsicott|Helping Hand|p2b: Pelipper\n|-singleturn|p2b: Pelipper|Helping Hand|[of] p2a: Whimsicott\n|move|p1a: Venusaur|Protect|p1a: Venusaur\n|-singleturn|p1a: Venusaur|Protect\n|move|p2b: Pelipper|Tailwind|p2b: Pelipper\n|-sidestart|p2: Lemonale|move: Tailwind\n|move|p1b: Slowking|Calm Mind|p1b: Slowking\n|-boost|p1b: Slowking|spa|1\n|-boost|p1b: Slowking|spd|1\n|\n|-weather|RainDance|[upkeep]\n|-damage|p2a: Whimsicott|0 fnt|[from] psn\n|faint|p2a: Whimsicott\n|-damage|p2b: Pelipper|47/100 tox|[from] psn\n|upkeep\n|\n|t:|1775953112\n|switch|p2a: Rotom|Rotom-Wash, L50, shiny|66/100 tox\n|-damage|p2a: Rotom|54/100 tox|[from] Stealth Rock\n|turn|12\n|\n|t:|1775953124\n|move|p2a: Rotom|Hydro Pump|p1b: Slowking\n|-damage|p1b: Slowking|63/100\n|move|p2b: Pelipper|Hurricane|p1a: Venusaur\n|-supereffective|p1a: Venusaur|1\n|-damage|p1a: Venusaur|0 fnt\n|faint|p1a: Venusaur\n|move|p1b: Slowking|Calm Mind|p1b: Slowking\n|-boost|p1b: Slowking|spa|1\n|-boost|p1b: Slowking|spd|1\n|\n|-weather|RainDance|[upkeep]\n|-damage|p2a: Rotom|48/100 tox|[from] psn\n|-damage|p2b: Pelipper|23/100 tox|[from] psn\n|upkeep\n|turn|13\n|\n|t:|1775953136\n|move|p1b: Slowking|Protect|p1b: Slowking\n|-singleturn|p1b: Slowking|Protect\n|move|p2a: Rotom|Thunder|p1b: Slowking\n|-activate|p1b: Slowking|move: Protect\n|move|p2b: Pelipper|Weather Ball|p1b: Slowking\n|-activate|p1b: Slowking|move: Protect\n|\n|-weather|none\n|-damage|p2a: Rotom|37/100 tox|[from] psn\n|-damage|p2b: Pelipper|0 fnt|[from] psn\n|faint|p2b: Pelipper\n|upkeep\n|\n|t:|1775953140\n|switch|p2b: Sinistcha|Sinistcha, L50|49/100 tox\n|-damage|p2b: Sinistcha|37/100 tox|[from] Stealth Rock\n|-heal|p2a: Rotom|62/100 tox|[from] ability: Hospitality|[of] p2b: Sinistcha\n|turn|14\n|\n|t:|1775953154\n|move|p2a: Rotom|Hydro Pump|p1b: Slowking|[miss]\n|-miss|p2a: Rotom|p1b: Slowking\n|move|p2b: Sinistcha|Shadow Ball|p1b: Slowking\n|-supereffective|p1b: Slowking|1\n|-damage|p1b: Slowking|36/100\n|move|p1b: Slowking|Calm Mind|p1b: Slowking\n|-boost|p1b: Slowking|spa|1\n|-boost|p1b: Slowking|spd|1\n|\n|-heal|p2b: Sinistcha|43/100 tox|[from] item: Leftovers\n|-damage|p2a: Rotom|45/100 tox|[from] psn\n|-damage|p2b: Sinistcha|37/100 tox|[from] psn\n|-sideend|p2: Lemonale|move: Tailwind\n|upkeep\n|turn|15\n|\n|t:|1775953166\n|move|p1b: Slowking|Protect|p1b: Slowking\n|-singleturn|p1b: Slowking|Protect\n|move|p2a: Rotom|Volt Switch|p1b: Slowking\n|-activate|p1b: Slowking|move: Protect\n|move|p2b: Sinistcha|Shadow Ball|p1b: Slowking\n|-activate|p1b: Slowking|move: Protect\n|\n|-heal|p2b: Sinistcha|43/100 tox|[from] item: Leftovers\n|-damage|p2a: Rotom|23/100 tox|[from] psn\n|-damage|p2b: Sinistcha|31/100 tox|[from] psn\n|upkeep\n|turn|16\n|\n|t:|1775953182\n|move|p2a: Rotom|Volt Switch|p1b: Slowking\n|-damage|p1b: Slowking|28/100\n|move|p2b: Sinistcha|Shadow Ball|p1b: Slowking\n|-supereffective|p1b: Slowking|1\n|-damage|p1b: Slowking|7/100\n|move|p1b: Slowking|Calm Mind|p1b: Slowking\n|-boost|p1b: Slowking|spa|1\n|-boost|p1b: Slowking|spd|1\n|\n|-heal|p2b: Sinistcha|37/100 tox|[from] item: Leftovers\n|-damage|p2a: Rotom|0 fnt|[from] psn\n|faint|p2a: Rotom\n|-damage|p2b: Sinistcha|18/100 tox|[from] psn\n|upkeep\n|turn|17\n|c|\u2606Lemonale|ggs\n|\n|t:|1775953203\n|move|p1b: Slowking|Protect|p1b: Slowking\n|-singleturn|p1b: Slowking|Protect\n|move|p2b: Sinistcha|Matcha Gotcha|p1b: Slowking\n|-activate|p1b: Slowking|move: Protect\n|\n|-heal|p2b: Sinistcha|24/100 tox|[from] item: Leftovers\n|-damage|p2b: Sinistcha|0 fnt|[from] psn\n|faint|p2b: Sinistcha\n|\n|win|abkwreu\n|raw|abkwreu's rating: 1065 &rarr; <strong>1090</strong><br />(+25 for winning)\n|raw|Lemonale's rating: 1000 &rarr; <strong>1000</strong><br />(+0 for losing)\n|c|\u2606abkwreu|gg\n|l|\u2606Lemonale\n|player|p2|\n",
  "uploadtime": 1775953229,
  "views": 12,
  "formatid": "gen9championsvgc2026regma",
  "rating": 1000,
  "private": 0,
  "password": null
}