{
  "id": "gen9championsvgc2026regma-2581729884",
  "format": "[Gen 9 Champions] VGC 2026 Reg M-A",
  "players": [
    "SunTufo",
    "Ongalabong"
  ],
  "log": "|j|\u2606SunTufo\n|j|\u2606Ongalabong\n|t:|1776023979\n|gametype|doubles\n|player|p1|SunTufo|li|1253\n|player|p2|Ongalabong|265|1207\n|gen|9\n|tier|[Gen 9 Champions] VGC 2026 Reg M-A\n|rated|\n|rule|Species Clause: Limit one of each Pok\u00e9mon\n|rule|Item Clause: Limit 1 of each item\n|clearpoke\n|poke|p1|Basculegion, L50, M|\n|poke|p1|Pelipper, L50, M|\n|poke|p1|Floette-Eternal, L50, F|\n|poke|p1|Archaludon, L50, F|\n|poke|p1|Sinistcha, L50|\n|poke|p1|Talonflame, L50, F|\n|poke|p2|Drampa, L50, M|\n|poke|p2|Farigiraf, L50, F|\n|poke|p2|Torkoal, L50, F|\n|poke|p2|Orthworm, L50, F|\n|poke|p2|Garchomp, L50, M|\n|poke|p2|Clefable, L50, M|\n|teampreview|4\n|inactive|Battle timer is ON: inactive players will automatically lose when time's up. (requested by SunTufo)\n|inactive|Ongalabong has 60 seconds left.\n|\n|t:|1776024014\n|teamsize|p1|4\n|teamsize|p2|4\n|start\n|switch|p1a: Floette|Floette-Eternal, L50, F|100/100\n|switch|p1b: Talonflame|Talonflame, L50, F|100/100\n|switch|p2a: Farigiraf|Farigiraf, L50, F|100/100\n|switch|p2b: Orthworm|Orthworm, L50, F|100/100\n|turn|1\n|\n|t:|1776024028\n|detailschange|p1a: Floette|Floette-Mega, L50, F\n|-mega|p1a: Floette|Floette|Floettite\n|-ability|p1a: Floette|Fairy Aura\n|move|p1b: Talonflame|Taunt|p2b: Orthworm\n|-start|p2b: Orthworm|move: Taunt\n|move|p1a: Floette|Calm Mind|p1a: Floette\n|-boost|p1a: Floette|spa|1\n|-boost|p1a: Floette|spd|1\n|cant|p2b: Orthworm|move: Taunt|Shed Tail\n|move|p2a: Farigiraf|Trick Room|p2a: Farigiraf\n|-fieldstart|move: Trick Room|[of] p2a: Farigiraf\n|\n|upkeep\n|turn|2\n|\n|t:|1776024041\n|move|p1a: Floette|Protect|p1a: Floette\n|-singleturn|p1a: Floette|Protect\n|move|p2a: Farigiraf|Hyper Voice|p1b: Talonflame|[spread] p1b\n|-activate|p1a: Floette|move: Protect\n|-damage|p1b: Talonflame|53/100\n|move|p2b: Orthworm|Heavy Slam|p1a: Floette\n|-activate|p1a: Floette|move: Protect\n|move|p1b: Talonflame|Will-O-Wisp|p2b: Orthworm\n|-status|p2b: Orthworm|brn\n|\n|-damage|p2b: Orthworm|94/100 brn|[from] brn\n|upkeep\n|turn|3\n|\n|t:|1776024058\n|move|p2a: Farigiraf|Psyshock|p1b: Talonflame\n|-damage|p1b: Talonflame|0 fnt\n|faint|p1b: Talonflame\n|move|p2b: Orthworm|Heavy Slam|p1a: Floette\n|-supereffective|p1a: Floette|1\n|-damage|p1a: Floette|72/100\n|move|p1a: Floette|Moonblast|p2a: Farigiraf\n|-damage|p2a: Farigiraf|0 fnt\n|faint|p2a: Farigiraf\n|\n|-damage|p2b: Orthworm|88/100 brn|[from] brn\n|-end|p2b: Orthworm|move: Taunt\n|upkeep\n|\n|t:|1776024064\n|switch|p2a: Drampa|Drampa, L50, M|100/100\n|switch|p1b: Sinistcha|Sinistcha, L50|100/100\n|-ability|p2a: Drampa|Cloud Nine\n|-heal|p1a: Floette|96/100|[from] ability: Hospitality|[of] p1b: Sinistcha\n|turn|4\n|\n|t:|1776024080\n|detailschange|p2a: Drampa|Drampa-Mega, L50, M\n|-mega|p2a: Drampa|Drampa|Drampanite\n|move|p2a: Drampa|Heat Wave|p1a: Floette|[spread] p1a,p1b\n|-supereffective|p1b: Sinistcha|1\n|-damage|p1a: Floette|81/100\n|-damage|p1b: Sinistcha|43/100\n|-status|p1a: Floette|brn\n|-status|p1b: Sinistcha|brn\n|move|p2b: Orthworm|Heavy Slam|p1a: Floette\n|-supereffective|p1a: Floette|1\n|-damage|p1a: Floette|55/100 brn\n|move|p1a: Floette|Moonblast|p2b: Orthworm\n|-resisted|p2b: Orthworm|1\n|-damage|p2b: Orthworm|0 fnt\n|faint|p2b: Orthworm\n|move|p1b: Sinistcha|Trick Room|p1b: Sinistcha\n|-fieldend|move: Trick Room\n|\n|-damage|p1a: Floette|50/100 brn|[from] brn\n|-damage|p1b: Sinistcha|37/100 brn|[from] brn\n|upkeep\n|\n|t:|1776024103\n|switch|p2b: Garchomp|Garchomp, L50, M|100/100\n|turn|5\n|\n|t:|1776024124\n|move|p1a: Floette|Protect|p1a: Floette\n|-singleturn|p1a: Floette|Protect\n|move|p2b: Garchomp|Stomping Tantrum|p1a: Floette\n|-activate|p1a: Floette|move: Protect\n|move|p1b: Sinistcha|Strength Sap|p2b: Garchomp\n|-unboost|p2b: Garchomp|atk|1\n|-heal|p1b: Sinistcha|100/100 brn\n|move|p2a: Drampa|Heat Wave|p1b: Sinistcha|[spread] \n|-activate|p1a: Floette|move: Protect\n|-miss|p2a: Drampa|p1b: Sinistcha\n|\n|-damage|p1a: Floette|44/100 brn|[from] brn\n|-damage|p1b: Sinistcha|94/100 brn|[from] brn\n|upkeep\n|turn|6\n|\n|t:|1776024139\n|move|p1b: Sinistcha|Rage Powder|p1b: Sinistcha\n|-singleturn|p1b: Sinistcha|move: Rage Powder\n|move|p2b: Garchomp|Stomping Tantrum|p1b: Sinistcha\n|-resisted|p1b: Sinistcha|1\n|-damage|p1b: Sinistcha|81/100 brn\n|move|p1a: Floette|Draining Kiss|p2a: Drampa\n|-supereffective|p2a: Drampa|1\n|-damage|p2a: Drampa|10/100\n|-heal|p1a: Floette|100/100 brn|[from] drain|[of] p2a: Drampa\n|-ability|p2a: Drampa|Berserk|boost\n|-boost|p2a: Drampa|spa|1\n|move|p2a: Drampa|Heat Wave|p1a: Floette|[spread] p1a\n|-miss|p2a: Drampa|p1b: Sinistcha\n|-damage|p1a: Floette|75/100 brn\n|\n|-damage|p1a: Floette|70/100 brn|[from] brn\n|-damage|p1b: Sinistcha|75/100 brn|[from] brn\n|upkeep\n|turn|7\n|inactive|Ongalabong has 30 seconds left.\n|inactive|Ongalabong has 20 seconds left.\n|inactive|Ongalabong has 15 seconds left.\n|inactive|Ongalabong has 10 seconds left.\n|inactive|Ongalabong has 5 seconds left.\n|\n|t:|1776024194\n|move|p2b: Garchomp|Stomping Tantrum|p1b: Sinistcha\n|-resisted|p1b: Sinistcha|1\n|-damage|p1b: Sinistcha|62/100 brn\n|move|p1a: Floette|Draining Kiss|p2b: Garchomp\n|-supereffective|p2b: Garchomp|1\n|-damage|p2b: Garchomp|0 fnt\n|-heal|p1a: Floette|100/100 brn|[from] drain|[of] p2b: Garchomp\n|-damage|p1a: Floette|88/100 brn|[from] ability: Rough Skin|[of] p2b: Garchomp\n|faint|p2b: Garchomp\n|move|p1b: Sinistcha|Matcha Gotcha|p2a: Drampa\n|-resisted|p2a: Drampa|1\n|-damage|p2a: Drampa|0 fnt\n|-heal|p1b: Sinistcha|66/100 brn|[from] drain|[of] p2a: Drampa\n|faint|p2a: Drampa\n|\n|win|SunTufo\n|raw|SunTufo's rating: 1253 &rarr; <strong>1275</strong><br />(+22 for winning)\n|raw|Ongalabong's rating: 1207 &rarr; <strong>1185</strong><br />(-22 for losing)\n",
  "uploadtime": 1776024194,
  "views": 15,
  "formatid": "gen9championsvgc2026regma",
  "rating": 1185,
  "private": 0,
  "password": null
}