{
  "id": "gen9championsvgc2026regma-2586488154",
  "format": "[Gen 9 Champions] VGC 2026 Reg M-A",
  "players": [
    "Wandering_Rook",
    "asr23"
  ],
  "log": "|j|\u2606Wandering_Rook\n|j|\u2606asr23\n|t:|1776438103\n|gametype|doubles\n|player|p1|Wandering_Rook|scientist-gen4dp|1101\n|player|p2|asr23|nate|1000\n|gen|9\n|tier|[Gen 9 Champions] VGC 2026 Reg M-A\n|rated|\n|rule|Species Clause: Limit one of each Pok\u00e9mon\n|rule|Item Clause: Limit 1 of each item\n|clearpoke\n|poke|p1|Farigiraf, L50, M|\n|poke|p1|Corviknight, L50, M|\n|poke|p1|Torkoal, L50, F|\n|poke|p1|Clefable, L50, F|\n|poke|p1|Drampa, L50, M|\n|poke|p1|Umbreon, L50, M|\n|poke|p2|Charizard, L50, M|\n|poke|p2|Sneasler, L50, M|\n|poke|p2|Golurk, L50|\n|poke|p2|Sinistcha, L50|\n|poke|p2|Whimsicott, L50, F|\n|poke|p2|Gallade, L50, M|\n|teampreview|4\n|inactive|Battle timer is ON: inactive players will automatically lose when time's up. (requested by Wandering_Rook)\n|inactive|asr23 has 60 seconds left.\n|l|\u2606Wandering_Rook\n|inactive|Wandering_Rook disconnected and has a minute to reconnect!\n|player|p1|\n|\n|t:|1776438163\n|teamsize|p1|4\n|teamsize|p2|4\n|start\n|switch|p1a: Farigiraf|Farigiraf, L50, M|100/100\n|switch|p1b: Clefable|Clefable, L50, F|100/100\n|switch|p2a: Golurk|Golurk, L50|100/100\n|switch|p2b: Sinistcha|Sinistcha, L50, shiny|100/100\n|turn|1\n|j|\u2606Wandering_Rook\n|inactive|Wandering_Rook reconnected and has 55 seconds left.\n|player|p1|Wandering_Rook|scientist-gen4dp|\n|\n|t:|1776438186\n|detailschange|p2a: Golurk|Golurk-Mega, L50\n|-mega|p2a: Golurk|Golurk|Golurkite\n|move|p1b: Clefable|Follow Me|p1b: Clefable\n|-singleturn|p1b: Clefable|move: Follow Me\n|move|p2b: Sinistcha|Calm Mind|p2b: Sinistcha\n|-boost|p2b: Sinistcha|spa|1\n|-boost|p2b: Sinistcha|spd|1\n|move|p2a: Golurk|Poltergeist|p1b: Clefable\n|-activate|p1b: Clefable|move: Poltergeist|Clefablite\n|-damage|p1b: Clefable|21/100\n|move|p1a: Farigiraf|Trick Room|p1a: Farigiraf\n|-fieldstart|move: Trick Room|[of] p1a: Farigiraf\n|\n|upkeep\n|turn|2\n|inactive|Wandering_Rook has 30 seconds left.\n|inactive|asr23 has 30 seconds left.\n|inactive|Wandering_Rook has 20 seconds left.\n|\n|t:|1776438235\n|switch|p1b: Torkoal|Torkoal, L50, F|100/100\n|-weather|SunnyDay|[from] ability: Drought|[of] p1b: Torkoal\n|switch|p1a: Corviknight|Corviknight, L50, M|100/100\n|move|p2a: Golurk|High Horsepower|p1a: Corviknight\n|-immune|p1a: Corviknight\n|move|p2b: Sinistcha|Matcha Gotcha|p1b: Torkoal|[spread] p1a,p1b\n|-resisted|p1a: Corviknight|2\n|-resisted|p1b: Torkoal|1\n|-damage|p1a: Corviknight|92/100\n|-damage|p1b: Torkoal|79/100\n|\n|-weather|SunnyDay|[upkeep]\n|-heal|p1a: Corviknight|98/100|[from] item: Leftovers\n|upkeep\n|turn|3\n|inactive|Wandering_Rook has 30 seconds left.\n|inactive|asr23 has 30 seconds left.\n|\n|t:|1776438269\n|switch|p2b: Charizard|Charizard, L50, M|100/100\n|move|p2a: Golurk|Protect|p2a: Golurk\n|-singleturn|p2a: Golurk|Protect\n|move|p1b: Torkoal|Heat Wave|p2b: Charizard|[spread] p2b\n|-activate|p2a: Golurk|move: Protect\n|-resisted|p2b: Charizard|1\n|-damage|p2b: Charizard|77/100\n|move|p1a: Corviknight|Drill Peck|p2b: Charizard\n|-damage|p2b: Charizard|39/100\n|\n|-weather|SunnyDay|[upkeep]\n|-heal|p1a: Corviknight|100/100|[from] item: Leftovers\n|upkeep\n|turn|4\n|inactive|Wandering_Rook has 30 seconds left.\n|\n|t:|1776438298\n|move|p2b: Charizard|Protect|p2b: Charizard\n|-singleturn|p2b: Charizard|Protect\n|move|p1b: Torkoal|Heat Wave|p2b: Charizard|[spread] p2a\n|-activate|p2b: Charizard|move: Protect\n|-damage|p2a: Golurk|55/100\n|move|p2a: Golurk|High Horsepower|p1b: Torkoal\n|-supereffective|p1b: Torkoal|1\n|-damage|p1b: Torkoal|0 fnt\n|faint|p1b: Torkoal\n|move|p1a: Corviknight|Curse|p1a: Corviknight\n|-unboost|p1a: Corviknight|spe|1\n|-boost|p1a: Corviknight|atk|1\n|-boost|p1a: Corviknight|def|1\n|\n|-weather|SunnyDay|[upkeep]\n|upkeep\n|\n|t:|1776438310\n|switch|p1b: Clefable|Clefable, L50, F|21/100\n|turn|5\n|\n|t:|1776438326\n|detailschange|p1b: Clefable|Clefable-Mega, L50, F\n|-mega|p1b: Clefable|Clefable|Clefablite\n|move|p2b: Charizard|Protect|p2b: Charizard\n|-singleturn|p2b: Charizard|Protect\n|move|p1a: Corviknight|Iron Head|p2a: Golurk\n|-damage|p2a: Golurk|10/100\n|move|p2a: Golurk|Poltergeist|p1a: Corviknight\n|-activate|p1a: Corviknight|move: Poltergeist|Leftovers\n|-damage|p1a: Corviknight|58/100\n|move|p1b: Clefable|Draining Kiss|p2b: Charizard\n|-activate|p2b: Charizard|move: Protect\n|\n|-weather|SunnyDay|[upkeep]\n|-heal|p1a: Corviknight|63/100|[from] item: Leftovers\n|-fieldend|move: Trick Room\n|upkeep\n|turn|6\n|inactive|asr23 has 30 seconds left.\n|\n|t:|1776438360\n|move|p2a: Golurk|Protect|p2a: Golurk\n|-singleturn|p2a: Golurk|Protect\n|move|p1b: Clefable|Follow Me|p1b: Clefable\n|-singleturn|p1b: Clefable|move: Follow Me\n|move|p2b: Charizard|Flare Blitz|p1b: Clefable\n|-damage|p1b: Clefable|0 fnt\n|faint|p1b: Clefable\n|-damage|p2b: Charizard|31/100|[from] Recoil\n|move|p1a: Corviknight|Iron Head|p2a: Golurk\n|-activate|p2a: Golurk|move: Protect\n|\n|-weather|none\n|-heal|p1a: Corviknight|69/100|[from] item: Leftovers\n|upkeep\n|\n|t:|1776438373\n|switch|p1b: Farigiraf|Farigiraf, L50, M|100/100\n|turn|7\n|\n|t:|1776438383\n|move|p2b: Charizard|Flare Blitz|p1a: Corviknight\n|-supereffective|p1a: Corviknight|1\n|-damage|p1a: Corviknight|0 fnt\n|faint|p1a: Corviknight\n|-damage|p2b: Charizard|6/100|[from] Recoil\n|move|p2a: Golurk|High Horsepower|p1b: Farigiraf\n|-damage|p1b: Farigiraf|44/100\n|move|p1b: Farigiraf|Trick Room|p1b: Farigiraf\n|-fieldstart|move: Trick Room|[of] p1b: Farigiraf\n|\n|upkeep\n|turn|8\n|\n|t:|1776438399\n|switch|p2b: Sinistcha|Sinistcha, L50, shiny|100/100\n|-heal|p2a: Golurk|35/100|[from] ability: Hospitality|[of] p2b: Sinistcha\n|move|p2a: Golurk|High Horsepower|p1b: Farigiraf\n|-damage|p1b: Farigiraf|0 fnt\n|faint|p1b: Farigiraf\n|\n|win|asr23\n|raw|Wandering_Rook's rating: 1101 &rarr; <strong>1069</strong><br />(-32 for losing)\n|raw|asr23's rating: 1000 &rarr; <strong>1051</strong><br />(+51 for winning)\n|l|\u2606Wandering_Rook\n|player|p1|\n",
  "uploadtime": 1776438421,
  "views": 21,
  "formatid": "gen9championsvgc2026regma",
  "rating": 1051,
  "private": 0,
  "password": null
}