{
  "id": "gen9championsvgc2026regma-2581013188",
  "format": "[Gen 9 Champions] VGC 2026 Reg M-A",
  "players": [
    "StrawberryBalloons",
    "Frenemyy"
  ],
  "log": "|j|\u203dStrawberryBalloons\n|j|\u2606Frenemyy\n|t:|1775951699\n|gametype|doubles\n|player|p1|StrawberryBalloons|fisherman-gen4|1165\n|player|p2|Frenemyy|170|1205\n|gen|9\n|tier|[Gen 9 Champions] VGC 2026 Reg M-A\n|rated|\n|rule|Species Clause: Limit one of each Pok\u00e9mon\n|rule|Item Clause: Limit 1 of each item\n|clearpoke\n|poke|p1|Floette-Eternal, L50, F|\n|poke|p1|Milotic, L50, M|\n|poke|p1|Venusaur, L50, F|\n|poke|p1|Delphox, L50, M|\n|poke|p1|Whimsicott, L50, F|\n|poke|p1|Sableye, L50, F|\n|poke|p2|Maushold-Four, L50|\n|poke|p2|Floette-Eternal, L50, F|\n|poke|p2|Garchomp, L50, M|\n|poke|p2|Talonflame, L50, F|\n|poke|p2|Aegislash, L50, M|\n|poke|p2|Rotom-Wash, L50|\n|teampreview|4\n|inactive|Battle timer is ON: inactive players will automatically lose when time's up. (requested by StrawberryBalloons)\n|inactive|StrawberryBalloons has 60 seconds left.\n|inactive|Frenemyy has 60 seconds left.\n|\n|t:|1775951751\n|teamsize|p1|4\n|teamsize|p2|4\n|start\n|switch|p1a: Venusaur|Venusaur, L50, F|100/100\n|switch|p1b: Whimsicott|Whimsicott, L50, F|100/100\n|switch|p2a: Talonflame|Talonflame, L50, F, shiny|100/100\n|switch|p2b: Garchomp|Garchomp, L50, M, shiny|100/100\n|turn|1\n|\n|t:|1775951774\n|move|p1a: Venusaur|Protect|p1a: Venusaur\n|-singleturn|p1a: Venusaur|Protect\n|move|p2a: Talonflame|Brave Bird|p1a: Venusaur\n|-activate|p1a: Venusaur|move: Protect\n|move|p1b: Whimsicott|Tailwind|p1b: Whimsicott\n|-sidestart|p1: StrawberryBalloons|move: Tailwind\n|move|p2b: Garchomp|Stomping Tantrum|p1a: Venusaur\n|-activate|p1a: Venusaur|move: Protect\n|\n|upkeep\n|turn|2\n|inactive|StrawberryBalloons has 30 seconds left.\n|inactive|Frenemyy has 30 seconds left.\n|\n|t:|1775951806\n|move|p2b: Garchomp|Protect|p2b: Garchomp\n|-singleturn|p2b: Garchomp|Protect\n|move|p2a: Talonflame|Tailwind|p2a: Talonflame\n|-sidestart|p2: Frenemyy|move: Tailwind\n|move|p1b: Whimsicott|Moonblast|p2b: Garchomp\n|-activate|p2b: Garchomp|move: Protect\n|move|p1a: Venusaur|Growth|p1a: Venusaur\n|-boost|p1a: Venusaur|atk|1\n|-boost|p1a: Venusaur|spa|1\n|\n|upkeep\n|turn|3\n|inactive|StrawberryBalloons has 30 seconds left.\n|inactive|Frenemyy has 30 seconds left.\n|inactive|StrawberryBalloons has 20 seconds left.\n|\n|t:|1775951843\n|move|p1a: Venusaur|Protect|p1a: Venusaur\n|-singleturn|p1a: Venusaur|Protect\n|move|p2a: Talonflame|Brave Bird|p1a: Venusaur\n|-activate|p1a: Venusaur|move: Protect\n|move|p1b: Whimsicott|Encore|p2a: Talonflame\n|-start|p2a: Talonflame|Encore\n|move|p2b: Garchomp|Stomping Tantrum|p1a: Venusaur\n|-activate|p1a: Venusaur|move: Protect\n|\n|upkeep\n|turn|4\n|\n|t:|1775951858\n|switch|p1a: Sableye|Sableye, L50, F|100/100\n|move|p2a: Talonflame|Brave Bird|p1a: Sableye\n|-damage|p1a: Sableye|32/100\n|-damage|p2a: Talonflame|77/100|[from] Recoil\n|move|p1b: Whimsicott|Moonblast|p2b: Garchomp\n|-supereffective|p2b: Garchomp|1\n|-damage|p2b: Garchomp|16/100\n|move|p2b: Garchomp|Stomping Tantrum|p1a: Sableye\n|-damage|p1a: Sableye|0 fnt\n|faint|p1a: Sableye\n|\n|-sideend|p1: StrawberryBalloons|move: Tailwind\n|upkeep\n|\n|t:|1775951863\n|switch|p1a: Delphox|Delphox, L50, M|100/100\n|turn|5\n|\n|t:|1775951876\n|detailschange|p1a: Delphox|Delphox-Mega, L50, M\n|-mega|p1a: Delphox|Delphox|Delphoxite\n|move|p1b: Whimsicott|Tailwind|p1b: Whimsicott\n|-sidestart|p1: StrawberryBalloons|move: Tailwind\n|move|p2a: Talonflame|Brave Bird|p1b: Whimsicott\n|-supereffective|p1b: Whimsicott|1\n|-damage|p1b: Whimsicott|0 fnt\n|faint|p1b: Whimsicott\n|-damage|p2a: Talonflame|48/100|[from] Recoil\n|move|p1a: Delphox|Heat Wave|p2b: Garchomp|[spread] p2a,p2b\n|-resisted|p2a: Talonflame|1\n|-resisted|p2b: Garchomp|1\n|-damage|p2a: Talonflame|10/100\n|-damage|p2b: Garchomp|0 fnt\n|faint|p2b: Garchomp\n|\n|-sideend|p2: Frenemyy|move: Tailwind\n|upkeep\n|\n|t:|1775951893\n|switch|p1b: Venusaur|Venusaur, L50, F|100/100\n|switch|p2b: Floette|Floette-Eternal, L50, F, shiny|100/100\n|turn|6\n|\n|t:|1775951908\n|detailschange|p2b: Floette|Floette-Mega, L50, F, shiny\n|-mega|p2b: Floette|Floette|Floettite\n|-ability|p2b: Floette|Fairy Aura\n|move|p1a: Delphox|Heat Wave|p2b: Floette|[spread] p2a,p2b\n|-resisted|p2a: Talonflame|1\n|-damage|p2a: Talonflame|0 fnt\n|-damage|p2b: Floette|65/100\n|faint|p2a: Talonflame\n|move|p1b: Venusaur|Growth|p1b: Venusaur\n|-boost|p1b: Venusaur|atk|1\n|-boost|p1b: Venusaur|spa|1\n|move|p2b: Floette|Dazzling Gleam|p1b: Venusaur|[spread] p1a,p1b\n|-resisted|p1a: Delphox|1\n|-resisted|p1b: Venusaur|1\n|-damage|p1a: Delphox|76/100\n|-damage|p1b: Venusaur|73/100\n|\n|upkeep\n|\n|t:|1775951923\n|switch|p2a: Maushold|Maushold-Four, L50, shiny|100/100\n|turn|7\n|\n|t:|1775951930\n|move|p2a: Maushold|Follow Me|p2a: Maushold\n|-singleturn|p2a: Maushold|move: Follow Me\n|move|p1a: Delphox|Heat Wave|p2a: Maushold|[spread] p2a,p2b\n|-damage|p2a: Maushold|44/100\n|-damage|p2b: Floette|39/100\n|move|p1b: Venusaur|Giga Drain|p2a: Maushold\n|-crit|p2a: Maushold\n|-damage|p2a: Maushold|0 fnt\n|-heal|p1b: Venusaur|99/100|[from] drain|[of] p2a: Maushold\n|faint|p2a: Maushold\n|move|p2b: Floette|Calm Mind|p2b: Floette\n|-boost|p2b: Floette|spa|1\n|-boost|p2b: Floette|spd|1\n|\n|upkeep\n|turn|8\n|\n|t:|1775951945\n|move|p1a: Delphox|Psychic|p2b: Floette\n|-damage|p2b: Floette|11/100\n|move|p1b: Venusaur|Giga Drain|p2b: Floette\n|-damage|p2b: Floette|0 fnt\n|-heal|p1b: Venusaur|100/100|[from] drain|[of] p2b: Floette\n|faint|p2b: Floette\n|\n|win|StrawberryBalloons\n|raw|StrawberryBalloons's rating: 1165 &rarr; <strong>1193</strong><br />(+28 for winning)\n|raw|Frenemyy's rating: 1205 &rarr; <strong>1177</strong><br />(-28 for losing)\n|l|\u2606Frenemyy\n|player|p2|\n",
  "uploadtime": 1775951953,
  "views": 27,
  "formatid": "gen9championsvgc2026regma",
  "rating": 1177,
  "private": 0,
  "password": null
}