{
  "id": "gen9championsvgc2026regma-2583374442",
  "format": "[Gen 9 Champions] VGC 2026 Reg M-A",
  "players": [
    "heartbreaker7",
    "game a"
  ],
  "log": "|j|\u2606heartbreaker7\n|j|\u2606game a\n|t:|1776171153\n|gametype|doubles\n|player|p1|heartbreaker7|red-masters2|\n|player|p2|game a|skierf|\n|gen|9\n|tier|[Gen 9 Champions] VGC 2026 Reg M-A\n|rule|Species Clause: Limit one of each Pok\u00e9mon\n|rule|Item Clause: Limit 1 of each item\n|clearpoke\n|poke|p1|Kingambit, L50, F|\n|poke|p1|Gyarados, L50, F|\n|poke|p1|Venusaur, L50, M|\n|poke|p1|Alcremie-Rainbow-Swirl, L50, F|\n|poke|p1|Garchomp, L50, F|\n|poke|p1|Zoroark-Hisui, L50, F|\n|poke|p2|Alcremie-Ruby-Swirl, L50, F|\n|poke|p2|Charizard, L50, M|\n|poke|p2|Venusaur, L50, F|\n|poke|p2|Samurott-Hisui, L50, M|\n|poke|p2|Garchomp, L50, M|\n|poke|p2|Torkoal, L50, M|\n|teampreview|4\n|\n|t:|1776171171\n|teamsize|p1|4\n|teamsize|p2|4\n|start\n|switch|p1a: Swishy|Alcremie-Rainbow-Swirl, L50, F|100/100\n|switch|p1b: Hammerhead|Garchomp, L50, F|100/100\n|switch|p2a: milkduds|Alcremie-Ruby-Swirl, L50, F|100/100\n|switch|p2b: Clutch|Venusaur, L50, F|100/100\n|turn|1\n|\n|t:|1776171196\n|detailschange|p2b: Clutch|Venusaur-Mega, L50, F\n|-mega|p2b: Clutch|Venusaur|Venusaurite\n|move|p1b: Hammerhead|Sludge Bomb|p2a: milkduds\n|-supereffective|p2a: milkduds|1\n|-damage|p2a: milkduds|41/100\n|move|p2b: Clutch|Sludge Bomb|p1a: Swishy\n|-supereffective|p1a: Swishy|1\n|-damage|p1a: Swishy|40/100\n|-status|p1a: Swishy|psn\n|move|p2a: milkduds|Dazzling Gleam|p1b: Hammerhead|[spread] p1a,p1b\n|-crit|p1a: Swishy\n|-damage|p1a: Swishy|12/100 psn\n|-damage|p1b: Hammerhead|35/100\n|replace|p1b: Daybreak|Zoroark-Hisui, L50, F\n|-end|p1b: Daybreak|Illusion\n|move|p1a: Swishy|Decorate|p1b: Daybreak\n|-boost|p1b: Daybreak|atk|2\n|-boost|p1b: Daybreak|spa|2\n|\n|-heal|p1a: Swishy|18/100 psn|[from] item: Leftovers\n|-damage|p1a: Swishy|6/100 psn|[from] psn\n|upkeep\n|turn|2\n|\n|t:|1776171223\n|switch|p2a: Meta knight|Samurott-Hisui, L50, M|100/100\n|move|p1a: Swishy|Helping Hand|p1b: Daybreak\n|-singleturn|p1b: Daybreak|Helping Hand|[of] p1a: Swishy\n|move|p2b: Clutch|Protect|p2b: Clutch\n|-singleturn|p2b: Clutch|Protect\n|move|p1b: Daybreak|Sludge Bomb|p2a: Meta knight\n|-damage|p2a: Meta knight|0 fnt\n|faint|p2a: Meta knight\n|\n|-heal|p1a: Swishy|12/100 psn|[from] item: Leftovers\n|-damage|p1a: Swishy|0 fnt|[from] psn\n|faint|p1a: Swishy\n|upkeep\n|\n|t:|1776171238\n|switch|p2a: Garchomp|Garchomp, L50, M|100/100\n|switch|p1a: Blitz|Gyarados, L50, F|100/100\n|-ability|p1a: Blitz|Intimidate|boost\n|-unboost|p2a: Garchomp|atk|1\n|-unboost|p2b: Clutch|atk|1\n|turn|3\n|\n|t:|1776171264\n|move|p1a: Blitz|Protect|p1a: Blitz\n|-singleturn|p1a: Blitz|Protect\n|move|p1b: Daybreak|Sludge Bomb|p2b: Clutch\n|-damage|p2b: Clutch|49/100\n|move|p2a: Garchomp|Crunch|p1b: Daybreak\n|-supereffective|p1b: Daybreak|1\n|-damage|p1b: Daybreak|0 fnt\n|faint|p1b: Daybreak\n|move|p2b: Clutch|Giga Drain|p1a: Blitz\n|-activate|p1a: Blitz|move: Protect\n|\n|upkeep\n|\n|t:|1776171275\n|switch|p1b: Hammerhead|Garchomp, L50, F|100/100\n|turn|4\n|\n|t:|1776171289\n|detailschange|p1a: Blitz|Gyarados-Mega, L50, F\n|-mega|p1a: Blitz|Gyarados|Gyaradosite\n|-ability|p1a: Blitz|Mold Breaker\n|move|p2b: Clutch|Protect|p2b: Clutch\n|-singleturn|p2b: Clutch|Protect\n|move|p2a: Garchomp|Crunch|p1a: Blitz\n|-resisted|p1a: Blitz|1\n|-damage|p1a: Blitz|92/100\n|move|p1b: Hammerhead|Dragon Claw|p2a: Garchomp\n|-supereffective|p2a: Garchomp|1\n|-damage|p2a: Garchomp|23/100\n|-damage|p1b: Hammerhead|88/100|[from] ability: Rough Skin|[of] p2a: Garchomp\n|move|p1a: Blitz|Ice Fang|p2b: Clutch\n|-activate|p2b: Clutch|move: Protect\n|\n|upkeep\n|turn|5\n|\n|t:|1776171310\n|switch|p2a: milkduds|Alcremie-Ruby-Swirl, L50, F|41/100\n|move|p1b: Hammerhead|Dragon Claw|p2b: Clutch\n|-damage|p2b: Clutch|16/100\n|move|p1a: Blitz|Ice Fang|p2a: milkduds\n|-damage|p2a: milkduds|4/100\n|move|p2b: Clutch|Giga Drain|p1a: Blitz\n|-supereffective|p1a: Blitz|1\n|-damage|p1a: Blitz|23/100\n|-heal|p2b: Clutch|47/100|[from] drain|[of] p1a: Blitz\n|\n|upkeep\n|turn|6\n|\n|t:|1776171349\n|move|p1a: Blitz|Protect|p1a: Blitz\n|-singleturn|p1a: Blitz|Protect\n|move|p1b: Hammerhead|Earthquake|p2a: milkduds|[spread] p2a,p2b\n|-activate|p1a: Blitz|move: Protect\n|-damage|p2a: milkduds|0 fnt\n|-damage|p2b: Clutch|14/100\n|faint|p2a: milkduds\n|move|p2b: Clutch|Giga Drain|p1a: Blitz\n|-activate|p1a: Blitz|move: Protect\n|\n|upkeep\n|\n|t:|1776171356\n|switch|p2a: Garchomp|Garchomp, L50, M|23/100\n|turn|7\n|\n|t:|1776171373\n|move|p1a: Blitz|Protect|p1a: Blitz\n|-singleturn|p1a: Blitz|Protect\n|move|p2a: Garchomp|Dragon Claw|p1a: Blitz\n|-activate|p1a: Blitz|move: Protect\n|move|p1b: Hammerhead|Earthquake|p2b: Clutch|[spread] p2a,p2b\n|-activate|p1a: Blitz|move: Protect\n|-damage|p2a: Garchomp|0 fnt\n|-damage|p2b: Clutch|0 fnt\n|faint|p2a: Garchomp\n|faint|p2b: Clutch\n|\n|win|heartbreaker7\n",
  "uploadtime": 1776171385,
  "views": 26,
  "formatid": "gen9championsvgc2026regma",
  "rating": null,
  "private": 0,
  "password": null
}