{
  "id": "gen9championsvgc2026regma-2587599462",
  "format": "[Gen 9 Champions] VGC 2026 Reg M-A",
  "players": [
    "PM77Switch",
    "MaxwellhehexD"
  ],
  "log": "|j|\u2606PM77Switch\n|j|\u2606MaxwellhehexD\n|t:|1776545769\n|gametype|doubles\n|player|p1|PM77Switch|may-masters3|1260\n|player|p2|MaxwellhehexD|gambler|1249\n|gen|9\n|tier|[Gen 9 Champions] VGC 2026 Reg M-A\n|rated|\n|rule|Species Clause: Limit one of each Pok\u00e9mon\n|rule|Item Clause: Limit 1 of each item\n|clearpoke\n|poke|p1|Blastoise, L50, M|\n|poke|p1|Kingambit, L50, F|\n|poke|p1|Sneasler, L50, M|\n|poke|p1|Aerodactyl, L50, M|\n|poke|p1|Sinistcha, L50|\n|poke|p1|Incineroar, L50, M|\n|poke|p2|Blastoise, L50, F|\n|poke|p2|Garchomp, L50, M|\n|poke|p2|Sneasler, L50, F|\n|poke|p2|Aerodactyl, L50, F|\n|poke|p2|Sylveon, L50, F|\n|poke|p2|Sinistcha, L50|\n|teampreview|4\n|inactive|Battle timer is ON: inactive players will automatically lose when time's up. (requested by PM77Switch)\n|inactive|MaxwellhehexD also wants the timer to be on.\n|inactive|MaxwellhehexD has 60 seconds left.\n|\n|t:|1776545818\n|teamsize|p1|4\n|teamsize|p2|4\n|start\n|switch|p1a: Sneasler|Sneasler, L50, M|100/100\n|switch|p1b: Aerodactyl|Aerodactyl, L50, M|100/100\n|switch|p2a: Blastoise|Blastoise, L50, F|100/100\n|switch|p2b: Aerodactyl|Aerodactyl, L50, F|100/100\n|-ability|p1b: Aerodactyl|Unnerve\n|-ability|p2b: Aerodactyl|Unnerve\n|turn|1\n|\n|t:|1776545834\n|detailschange|p2a: Blastoise|Blastoise-Mega, L50, F\n|-mega|p2a: Blastoise|Blastoise|Blastoisinite\n|move|p2b: Aerodactyl|Tailwind|p2b: Aerodactyl\n|-sidestart|p2: MaxwellhehexD|move: Tailwind\n|move|p2a: Blastoise|Shell Smash|p2a: Blastoise\n|-unboost|p2a: Blastoise|def|1\n|-unboost|p2a: Blastoise|spd|1\n|-boost|p2a: Blastoise|atk|2\n|-boost|p2a: Blastoise|spa|2\n|-boost|p2a: Blastoise|spe|2\n|move|p1b: Aerodactyl|Tailwind|p1b: Aerodactyl\n|-sidestart|p1: PM77Switch|move: Tailwind\n|move|p1a: Sneasler|Close Combat|p2a: Blastoise\n|-damage|p2a: Blastoise|22/100\n|-unboost|p1a: Sneasler|def|1\n|-unboost|p1a: Sneasler|spd|1\n|-enditem|p1a: Sneasler|White Herb\n|-clearnegativeboost|p1a: Sneasler|[silent]\n|\n|upkeep\n|turn|2\n|inactive|PM77Switch has 30 seconds left.\n|inactive|MaxwellhehexD has 30 seconds left.\n|inactive|MaxwellhehexD has 20 seconds left.\n|\n|t:|1776545871\n|move|p2a: Blastoise|Protect|p2a: Blastoise\n|-singleturn|p2a: Blastoise|Protect\n|move|p1a: Sneasler|Close Combat|p2b: Aerodactyl\n|-enditem|p2b: Aerodactyl|Focus Sash\n|-damage|p2b: Aerodactyl|1/100\n|-unboost|p1a: Sneasler|def|1\n|-unboost|p1a: Sneasler|spd|1\n|move|p1b: Aerodactyl|Rock Slide|p2a: Blastoise|[spread] p2b\n|-activate|p2a: Blastoise|move: Protect\n|-supereffective|p2b: Aerodactyl|1\n|-damage|p2b: Aerodactyl|0 fnt\n|faint|p2b: Aerodactyl\n|\n|upkeep\n|\n|t:|1776545882\n|switch|p2b: Sinistcha|Sinistcha, L50|100/100\n|-heal|p2a: Blastoise|47/100|[from] ability: Hospitality|[of] p2b: Sinistcha\n|turn|3\n|\n|t:|1776545893\n|move|p1a: Sneasler|Dire Claw|p2a: Blastoise\n|-damage|p2a: Blastoise|0 fnt\n|faint|p2a: Blastoise\n|move|p1b: Aerodactyl|Rock Slide|p2b: Sinistcha\n|-damage|p2b: Sinistcha|70/100\n|move|p2b: Sinistcha|Life Dew|p2b: Sinistcha\n|-heal|p2b: Sinistcha|95/100\n|\n|upkeep\n|c|\u2606MaxwellhehexD|gg\n|c|\u2606PM77Switch|gg\n|c|\u2606MaxwellhehexD|you like that team?\n|\n|t:|1776545912\n|switch|p2a: Sneasler|Sneasler, L50, F|100/100\n|turn|4\n|c|\u2606PM77Switch|yeah that a nice team\n|c|\u2606MaxwellhehexD|im trynig to get better with mega blast\n|inactive|PM77Switch has 30 seconds left.\n|\n|t:|1776545945\n|move|p2b: Sinistcha|Rage Powder|p2b: Sinistcha\n|-singleturn|p2b: Sinistcha|move: Rage Powder\n|move|p1a: Sneasler|Dire Claw|p2b: Sinistcha\n|-damage|p2b: Sinistcha|59/100\n|move|p1b: Aerodactyl|Dual Wingbeat|p2b: Sinistcha\n|-supereffective|p2b: Sinistcha|1\n|-damage|p2b: Sinistcha|28/100\n|-supereffective|p2b: Sinistcha|1\n|-damage|p2b: Sinistcha|0 fnt\n|faint|p2b: Sinistcha\n|-hitcount|p2: Sinistcha|2\n|move|p2a: Sneasler|Close Combat|p1b: Aerodactyl\n|-enditem|p1b: Aerodactyl|Focus Sash\n|-damage|p1b: Aerodactyl|1/100\n|-unboost|p2a: Sneasler|def|1\n|-unboost|p2a: Sneasler|spd|1\n|-enditem|p2a: Sneasler|White Herb\n|-clearnegativeboost|p2a: Sneasler|[silent]\n|\n|-sideend|p1: PM77Switch|move: Tailwind\n|-sideend|p2: MaxwellhehexD|move: Tailwind\n|upkeep\n|turn|5\n|-message|MaxwellhehexD forfeited.\n|\n|win|PM77Switch\n|raw|PM77Switch's rating: 1260 &rarr; <strong>1284</strong><br />(+24 for winning)\n|raw|MaxwellhehexD's rating: 1249 &rarr; <strong>1225</strong><br />(-24 for losing)\n|l|\u2606MaxwellhehexD\n|player|p2|\n|c|\u2606PM77Switch|would i have lose the speedtie, then i think you would have won the game\n",
  "uploadtime": 1776545973,
  "views": 16,
  "formatid": "gen9championsvgc2026regma",
  "rating": 1225,
  "private": 0,
  "password": null
}