{
  "id": "gen9championsvgc2026regma-2587467174",
  "format": "[Gen 9 Champions] VGC 2026 Reg M-A",
  "players": [
    "lipeater444",
    "Digga D2.0"
  ],
  "log": "|j|\u2606lipeater444\n|j|\u2606Digga D2.0\n|html|<table width=\"100%\"><tr><td align=\"left\">lipeater444</td><td align=\"right\">Digga D2.0</tr><tr><td align=\"left\"><i class=\"fa fa-circle\"></i> <i class=\"fa fa-circle-o\"></i> </td><td align=\"right\"><i class=\"fa fa-circle-o\"></i> <i class=\"fa fa-circle\"></i> </tr></table>\n|uhtml|bestof|<h2><strong>Game 3</strong> of <a href=\"/game-bestof3-gen9championsvgc2026regma-2587456391\">a best-of-3</a></h2>\n|t:|1776534268\n|gametype|doubles\n|player|p1|lipeater444|drayden|\n|player|p2|Digga D2.0|gardenia|\n|gen|9\n|tier|[Gen 9 Champions] VGC 2026 Reg M-A\n|rule|Species Clause: Limit one of each Pok\u00e9mon\n|rule|Item Clause: Limit 1 of each item\n|raw|<div class=\"infobox\"><details class=\"readmore\" open><summary><strong>1 custom rule:</strong></summary> Best of = 3</details></div>\n|clearpoke\n|poke|p1|Gallade, L50, M|\n|poke|p1|Froslass, L50, F, shiny|\n|poke|p1|Whimsicott, L50, M|\n|poke|p1|Glaceon, L50, M, shiny|\n|poke|p1|Arcanine-Hisui, L50, F|\n|poke|p1|Dragapult, L50, F|\n|poke|p2|Pelipper, L50, M|\n|poke|p2|Archaludon, L50, F, shiny|\n|poke|p2|Dragonite, L50, F, shiny|\n|poke|p2|Sneasler, L50, M|\n|poke|p2|Basculegion, L50, M, shiny|\n|poke|p2|Meganium, L50, F, shiny|\n|teampreview|4\nDigga D2.0 has agreed to open team sheets.\n|\n|t:|1776534306\n|teamsize|p1|4\n|teamsize|p2|4\n|start\n|switch|p1a: Fluffy|Arcanine-Hisui, L50, F|100/100\n|switch|p1b: Toucher|Dragapult, L50, F|100/100\n|switch|p2a: Bak2Bed|Archaludon, L50, F, shiny|100/100\n|switch|p2b: Real six|Basculegion, L50, M, shiny|100/100\n|-ability|p1a: Fluffy|Intimidate|boost\n|-unboost|p2a: Bak2Bed|atk|1\n|-unboost|p2b: Real six|atk|1\n|turn|1\n|\n|t:|1776534330\n|move|p1a: Fluffy|Protect|p1a: Fluffy\n|-singleturn|p1a: Fluffy|Protect\n|move|p2b: Real six|Aqua Jet|p1a: Fluffy\n|-activate|p1a: Fluffy|move: Protect\n|move|p1b: Toucher|Shadow Ball|p2b: Real six\n|-supereffective|p2b: Real six|1\n|-damage|p2b: Real six|26/100\n|move|p2a: Bak2Bed|Draco Meteor|p1b: Toucher\n|-supereffective|p1b: Toucher|1\n|-enditem|p1b: Toucher|Focus Sash\n|-damage|p1b: Toucher|1/100\n|-unboost|p2a: Bak2Bed|spa|2\n|\n|upkeep\n|turn|2\n|\n|t:|1776534380\n|switch|p2a: Poppin|Pelipper, L50, M|100/100\n|-weather|RainDance|[from] ability: Drizzle|[of] p2a: Poppin\n|switch|p1a: Frosty|Froslass, L50, F, shiny|100/100\n|move|p2b: Real six|Aqua Jet|p1a: Frosty\n|-damage|p1a: Frosty|60/100\n|move|p1b: Toucher|Dragon Darts|p2a: Poppin\n|-damage|p2a: Poppin|73/100\n|-anim|p1b: Toucher|Dragon Darts|p2b: Real six\n|-damage|p2b: Real six|0 fnt\n|faint|p2b: Real six\n|\n|-weather|RainDance|[upkeep]\n|upkeep\n|\n|t:|1776534398\n|switch|p2b: Bak2Bed|Archaludon, L50, F, shiny|100/100\n|turn|3\n|\n|t:|1776534549\n|switch|p2a: OnThaLine|Dragonite, L50, F, shiny|100/100\n|detailschange|p1a: Frosty|Froslass-Mega, L50, F, shiny\n|-mega|p1a: Frosty|Froslass|Froslassite\n|-weather|Snowscape|[from] ability: Snow Warning|[of] p1a: Frosty\n|move|p1b: Toucher|Thunderbolt|p2a: OnThaLine\n|-damage|p2a: OnThaLine|70/100\n|move|p1a: Frosty|Blizzard|p2a: OnThaLine|[spread] p2a,p2b\n|-supereffective|p2a: OnThaLine|2\n|-damage|p2a: OnThaLine|0 fnt\n|-damage|p2b: Bak2Bed|43/100\n|-ability|p2b: Bak2Bed|Stamina|boost\n|-boost|p2b: Bak2Bed|def|1\n|faint|p2a: OnThaLine\n|move|p2b: Bak2Bed|Flash Cannon|p1a: Frosty\n|-supereffective|p1a: Frosty|1\n|-damage|p1a: Frosty|0 fnt\n|faint|p1a: Frosty\n|\n|-weather|Snowscape|[upkeep]\n|-heal|p2b: Bak2Bed|49/100|[from] item: Leftovers\n|upkeep\n|\n|t:|1776534570\n|switch|p1a: Colorado|Glaceon, L50, M, shiny|100/100\n|switch|p2a: Poppin|Pelipper, L50, M|73/100\n|-weather|RainDance|[from] ability: Drizzle|[of] p2a: Poppin\n|turn|4\n|\n|t:|1776534629\n|move|p1a: Colorado|Protect|p1a: Colorado\n|-singleturn|p1a: Colorado|Protect\n|move|p1b: Toucher|Shadow Ball|p2b: Bak2Bed\n|-damage|p2b: Bak2Bed|6/100\n|-ability|p2b: Bak2Bed|Stamina|boost\n|-boost|p2b: Bak2Bed|def|1\n|move|p2b: Bak2Bed|Flash Cannon|p1a: Colorado\n|-activate|p1a: Colorado|move: Protect\n|move|p2a: Poppin|Weather Ball|p1b: Toucher\n|-resisted|p1b: Toucher|1\n|-damage|p1b: Toucher|0 fnt\n|faint|p1b: Toucher\n|\n|-weather|RainDance|[upkeep]\n|-heal|p2b: Bak2Bed|12/100|[from] item: Leftovers\n|upkeep\n|\n|t:|1776534641\n|switch|p1b: Fluffy|Arcanine-Hisui, L50, F|100/100\n|-ability|p1b: Fluffy|Intimidate|boost\n|-unboost|p2a: Poppin|atk|1\n|-unboost|p2b: Bak2Bed|atk|1\n|turn|5\n|\n|t:|1776534670\n|move|p2b: Bak2Bed|Protect|p2b: Bak2Bed\n|-singleturn|p2b: Bak2Bed|Protect\n|move|p1b: Fluffy|Rock Slide|p2a: Poppin|[spread] p2a\n|-activate|p2b: Bak2Bed|move: Protect\n|-supereffective|p2a: Poppin|1\n|-damage|p2a: Poppin|5/100\n|move|p2a: Poppin|Tailwind|p2a: Poppin\n|-sidestart|p2: Digga D2.0|move: Tailwind\n|move|p1a: Colorado|Freeze-Dry|p2a: Poppin\n|-supereffective|p2a: Poppin|2\n|-damage|p2a: Poppin|0 fnt\n|faint|p2a: Poppin\n|\n|-weather|RainDance|[upkeep]\n|-heal|p2b: Bak2Bed|18/100|[from] item: Leftovers\n|upkeep\n|turn|6\n|\n|t:|1776534704\n|move|p2b: Bak2Bed|Draco Meteor|p1b: Fluffy\n|-damage|p1b: Fluffy|36/100\n|-unboost|p2b: Bak2Bed|spa|2\n|-enditem|p1b: Fluffy|Sitrus Berry|[eat]\n|-heal|p1b: Fluffy|61/100|[from] item: Sitrus Berry\n|move|p1b: Fluffy|Flare Blitz|p2b: Bak2Bed\n|-damage|p2b: Bak2Bed|7/100\n|-ability|p2b: Bak2Bed|Stamina|boost\n|-boost|p2b: Bak2Bed|def|1\n|-damage|p1b: Fluffy|57/100|[from] Recoil\n|move|p1a: Colorado|Freeze-Dry|p2b: Bak2Bed\n|-damage|p2b: Bak2Bed|0 fnt\n|faint|p2b: Bak2Bed\n|\n|win|lipeater444\n|c|\u2606lipeater444|Gg\n|c|\u2606Digga D2.0|Gg\n|l|\u2606lipeater444\n|player|p1|\n|l|\u2606Digga D2.0\n|player|p2|\n|j|\u2606Digga D2.0\n|player|p2|Digga D2.0|gardenia|\n|l|\u2606Digga D2.0\n|player|p2|\n|j|\u2606lipeater444\n|player|p1|lipeater444|drayden|\n|l|\u2606lipeater444\n|player|p1|\n|j|\u2606lipeater444\n|player|p1|lipeater444|drayden|\n",
  "uploadtime": 1776534813,
  "views": 15,
  "formatid": "gen9championsvgc2026regma",
  "rating": null,
  "private": 0,
  "password": null
}