{
  "id": "gen9championsvgc2026regma-2584394720",
  "format": "[Gen 9 Champions] VGC 2026 Reg M-A",
  "players": [
    "Criszib",
    "darktypedave2!"
  ],
  "log": "|j|\u2606Criszib\n|j|\u2606darktypedave2!\n|t:|1776257674\n|gametype|doubles\n|player|p1|Criszib|101|1079\n|player|p2|darktypedave2!|skierf|1083\n|gen|9\n|tier|[Gen 9 Champions] VGC 2026 Reg M-A\n|rated|\n|rule|Species Clause: Limit one of each Pok\u00e9mon\n|rule|Item Clause: Limit 1 of each item\n|clearpoke\n|poke|p1|Excadrill, L50, F|\n|poke|p1|Tyranitar, L50, M|\n|poke|p1|Gardevoir, L50, F|\n|poke|p1|Gyarados, L50, M|\n|poke|p1|Sinistcha, L50|\n|poke|p1|Rotom-Heat, L50|\n|poke|p2|Charizard, L50, F|\n|poke|p2|Venusaur, L50, F|\n|poke|p2|Whimsicott, L50, M|\n|poke|p2|Heliolisk, L50, M|\n|poke|p2|Incineroar, L50, M|\n|poke|p2|Garchomp, L50, M|\n|teampreview|4\n|inactive|Battle timer is ON: inactive players will automatically lose when time's up. (requested by darktypedave2!)\n|inactive|Criszib has 60 seconds left.\n|\n|t:|1776257706\n|teamsize|p1|4\n|teamsize|p2|4\n|start\n|switch|p1a: Sinistcha|Sinistcha, L50|100/100\n|switch|p1b: Rotom|Rotom-Heat, L50|100/100\n|switch|p2a: Incineroar|Incineroar, L50, M|100/100\n|switch|p2b: Heliolisk|Heliolisk, L50, M|100/100\n|-ability|p2a: Incineroar|Intimidate|boost\n|-unboost|p1a: Sinistcha|atk|1\n|-unboost|p1b: Rotom|atk|1\n|turn|1\n|\n|t:|1776257726\n|switch|p1b: Excadrill|Excadrill, L50, F|100/100\n|switch|p1a: Tyranitar|Tyranitar, L50, M|100/100\n|-weather|Sandstorm|[from] ability: Sand Stream|[of] p1a: Tyranitar\n|move|p2a: Incineroar|Fake Out|p1b: Excadrill\n|-resisted|p1b: Excadrill|1\n|-damage|p1b: Excadrill|94/100\n|move|p2b: Heliolisk|Volt Switch|p1a: Tyranitar\n|-damage|p1a: Tyranitar|80/100\n|\n|t:|1776257737\n|switch|p2b: Garchomp|Garchomp, L50, M|100/100|[from] Volt Switch\n|\n|-weather|Sandstorm|[upkeep]\n|-damage|p2a: Incineroar|95/100|[from] Sandstorm\n|upkeep\n|turn|2\n|\n|t:|1776257748\n|move|p1a: Tyranitar|Protect|p1a: Tyranitar\n|-singleturn|p1a: Tyranitar|Protect\n|move|p1b: Excadrill|Earthquake|p2a: Incineroar|[spread] p2a,p2b\n|-activate|p1a: Tyranitar|move: Protect\n|-supereffective|p2a: Incineroar|1\n|-damage|p2a: Incineroar|31/100\n|-damage|p2b: Garchomp|62/100\n|move|p2b: Garchomp|Earthquake|p1a: Tyranitar|[spread] p2a,p1b\n|-activate|p1a: Tyranitar|move: Protect\n|-supereffective|p2a: Incineroar|1\n|-crit|p2a: Incineroar\n|-supereffective|p1b: Excadrill|1\n|-damage|p2a: Incineroar|0 fnt\n|-damage|p1b: Excadrill|1/100\n|faint|p2a: Incineroar\n|-heal|p2b: Garchomp|80/100|[from] item: Shell Bell|[of] p1b: Excadrill\n|\n|-weather|Sandstorm|[upkeep]\n|upkeep\n|\n|t:|1776257762\n|switch|p2a: Charizard|Charizard, L50, F|100/100\n|turn|3\n|\n|t:|1776257772\n|detailschange|p2a: Charizard|Charizard-Mega-Y, L50, F\n|-mega|p2a: Charizard|Charizard|Charizardite Y\n|-weather|SunnyDay|[from] ability: Drought|[of] p2a: Charizard\n|move|p2a: Charizard|Protect|p2a: Charizard\n|-singleturn|p2a: Charizard|Protect\n|move|p1b: Excadrill|Protect|p1b: Excadrill\n|-singleturn|p1b: Excadrill|Protect\n|move|p2b: Garchomp|Earthquake|p1a: Tyranitar|[spread] p1a\n|-activate|p2a: Charizard|move: Protect\n|-activate|p1b: Excadrill|move: Protect\n|-supereffective|p1a: Tyranitar|1\n|-damage|p1a: Tyranitar|22/100\n|-heal|p2b: Garchomp|88/100|[from] item: Shell Bell|[of] p1b: Excadrill\n|move|p1a: Tyranitar|Rock Slide|p2b: Garchomp|[spread] \n|-activate|p2a: Charizard|move: Protect\n|-miss|p1a: Tyranitar|p2b: Garchomp\n|\n|-weather|SunnyDay|[upkeep]\n|upkeep\n|turn|4\n|inactive|Criszib has 30 seconds left.\n|inactive|darktypedave2! has 30 seconds left.\n|\n|t:|1776257805\n|switch|p1b: Sinistcha|Sinistcha, L50|100/100\n|-heal|p1a: Tyranitar|47/100|[from] ability: Hospitality|[of] p1b: Sinistcha\n|switch|p1a: Rotom|Rotom-Heat, L50|100/100\n|move|p2b: Garchomp|Earthquake|p1a: Rotom|[spread] p1b\n|-immune|p2a: Charizard\n|-immune|p1a: Rotom|[from] ability: Levitate\n|-resisted|p1b: Sinistcha|1\n|-damage|p1b: Sinistcha|82/100\n|-heal|p2b: Garchomp|90/100|[from] item: Shell Bell|[of] p1b: Sinistcha\n|move|p2a: Charizard|Heat Wave|p1a: Rotom|[spread] p1a,p1b\n|-resisted|p1a: Rotom|1\n|-crit|p1a: Rotom\n|-supereffective|p1b: Sinistcha|1\n|-damage|p1a: Rotom|34/100\n|-damage|p1b: Sinistcha|0 fnt\n|faint|p1b: Sinistcha\n|\n|-weather|SunnyDay|[upkeep]\n|upkeep\n|\n|t:|1776257829\n|switch|p1b: Tyranitar|Tyranitar, L50, M|47/100\n|-weather|Sandstorm|[from] ability: Sand Stream|[of] p1b: Tyranitar\n|turn|5\n|\n|t:|1776257840\n|move|p2a: Charizard|Protect|p2a: Charizard\n|-singleturn|p2a: Charizard|Protect\n|move|p1a: Rotom|Thunderbolt|p2a: Charizard\n|-activate|p2a: Charizard|move: Protect\n|move|p2b: Garchomp|Earthquake|p1a: Rotom|[spread] p1b\n|-activate|p2a: Charizard|move: Protect\n|-immune|p1a: Rotom|[from] ability: Levitate\n|-supereffective|p1b: Tyranitar|1\n|-damage|p1b: Tyranitar|0 fnt\n|faint|p1b: Tyranitar\n|-heal|p2b: Garchomp|96/100|[from] item: Shell Bell|[of] p1: Tyranitar\n|\n|-weather|Sandstorm|[upkeep]\n|-damage|p1a: Rotom|29/100|[from] Sandstorm\n|-damage|p2a: Charizard|95/100|[from] Sandstorm\n|upkeep\n|\n|t:|1776257858\n|switch|p1b: Excadrill|Excadrill, L50, F|1/100\n|turn|6\n|\n|t:|1776257865\n|switch|p2a: Heliolisk|Heliolisk, L50, M|100/100\n|move|p1b: Excadrill|Earthquake|p2a: Heliolisk|[spread] p2a,p2b\n|-immune|p1a: Rotom|[from] ability: Levitate\n|-supereffective|p2a: Heliolisk|1\n|-damage|p2a: Heliolisk|0 fnt\n|-damage|p2b: Garchomp|55/100\n|faint|p2a: Heliolisk\n|move|p1a: Rotom|Thunderbolt|p2b: Garchomp\n|-immune|p2b: Garchomp\n|move|p2b: Garchomp|Rock Slide|p1a: Rotom|[spread] p1b\n|-miss|p2b: Garchomp|p1a: Rotom\n|-resisted|p1b: Excadrill|2\n|-damage|p1b: Excadrill|0 fnt\n|faint|p1b: Excadrill\n|-heal|p2b: Garchomp|55/100|[from] item: Shell Bell|[of] p1: Excadrill\n|\n|-weather|Sandstorm|[upkeep]\n|-damage|p1a: Rotom|23/100|[from] Sandstorm\n|upkeep\n|\n|t:|1776257881\n|switch|p2a: Charizard|Charizard-Mega-Y, L50, F|95/100\n|-weather|SunnyDay|[from] ability: Drought|[of] p2a: Charizard\n|turn|7\n|\n|t:|1776257899\n|move|p2a: Charizard|Protect|p2a: Charizard\n|-singleturn|p2a: Charizard|Protect\n|move|p1a: Rotom|Thunderbolt|p2a: Charizard\n|-activate|p2a: Charizard|move: Protect\n|move|p2b: Garchomp|Dragon Claw|p1a: Rotom\n|-damage|p1a: Rotom|0 fnt\n|faint|p1a: Rotom\n|-heal|p2b: Garchomp|57/100|[from] item: Shell Bell|[of] p1: Rotom\n|\n|win|darktypedave2!\n|raw|Criszib's rating: 1079 &rarr; <strong>1057</strong><br />(-22 for losing)\n|raw|darktypedave2!'s rating: 1083 &rarr; <strong>1110</strong><br />(+27 for winning)\n",
  "uploadtime": 1776257912,
  "views": 19,
  "formatid": "gen9championsvgc2026regma",
  "rating": 1057,
  "private": 0,
  "password": null
}