{
  "id": "gen9championsvgc2026regma-2583667978",
  "format": "[Gen 9 Champions] VGC 2026 Reg M-A",
  "players": [
    "Demonroo",
    "tritan11"
  ],
  "log": "|j|\u2606Demonroo\n|j|\u203dtritan11\n|t:|1776189869\n|gametype|doubles\n|player|p1|Demonroo|flannery|1104\n|player|p2|tritan11|steven|1066\n|gen|9\n|tier|[Gen 9 Champions] VGC 2026 Reg M-A\n|rated|\n|rule|Species Clause: Limit one of each Pok\u00e9mon\n|rule|Item Clause: Limit 1 of each item\n|clearpoke\n|poke|p1|Gardevoir, L50, F|\n|poke|p1|Aegislash, L50, M|\n|poke|p1|Hydreigon, L50, M|\n|poke|p1|Farigiraf, L50, F|\n|poke|p1|Conkeldurr, L50, F|\n|poke|p1|Scovillain, L50, M|\n|poke|p2|Gengar, L50, F|\n|poke|p2|Incineroar, L50, F|\n|poke|p2|Milotic, L50, F|\n|poke|p2|Kommo-o, L50, M|\n|poke|p2|Aerodactyl, L50, M|\n|poke|p2|Klefki, L50, F|\n|teampreview|4\n|inactive|Battle timer is ON: inactive players will automatically lose when time's up. (requested by tritan11)\n|\n|t:|1776189891\n|teamsize|p1|4\n|teamsize|p2|4\n|start\n|switch|p1a: Scovillain|Scovillain, L50, M|100/100\n|switch|p1b: Conkeldurr|Conkeldurr, L50, F|100/100\n|switch|p2a: Klefki|Klefki, L50, F|100/100\n|switch|p2b: Incineroar|Incineroar, L50, F|100/100\n|-ability|p2b: Incineroar|Intimidate|boost\n|-unboost|p1a: Scovillain|atk|1\n|-unboost|p1b: Conkeldurr|atk|1\n|turn|1\n|\n|t:|1776189908\n|detailschange|p1a: Scovillain|Scovillain-Mega, L50, M\n|-mega|p1a: Scovillain|Scovillain|Scovillainite\n|move|p2b: Incineroar|Fake Out|p1a: Scovillain\n|-damage|p1a: Scovillain|89/100\n|-immune|p2b: Incineroar\n|cant|p1a: Scovillain|flinch\n|move|p2a: Klefki|Reflect|p2a: Klefki\n|-sidestart|p2: tritan11|Reflect\n|move|p1b: Conkeldurr|Earthquake|p2a: Klefki|[spread] p1a,p2a,p2b\n|-supereffective|p2a: Klefki|1\n|-enditem|p2a: Klefki|Shuca Berry|[eat]\n|-enditem|p2a: Klefki|Shuca Berry|[weaken]\n|-supereffective|p2b: Incineroar|1\n|-damage|p1a: Scovillain|67/100\n|-damage|p2a: Klefki|88/100\n|-damage|p2b: Incineroar|76/100\n|-status|p1b: Conkeldurr|brn|[from] ability: Spicy Spray|[of] p1a: Scovillain\n|\n|-damage|p1b: Conkeldurr|94/100 brn|[from] brn\n|upkeep\n|turn|2\n|inactive|Demonroo has 30 seconds left.\n|inactive|Demonroo has 20 seconds left.\n|inactive|Demonroo has 15 seconds left.\n|\n|t:|1776189949\n|move|p2a: Klefki|Light Screen|p2a: Klefki\n|-sidestart|p2: tritan11|move: Light Screen\n|move|p1a: Scovillain|Spicy Extract|p2a: Klefki\n|-boost|p2a: Klefki|atk|2\n|-unboost|p2a: Klefki|def|2\n|move|p2b: Incineroar|Parting Shot|p1a: Scovillain\n|-unboost|p1a: Scovillain|atk|1\n|-unboost|p1a: Scovillain|spa|1\n|\n|t:|1776189958\n|switch|p2b: Kommo-o|Kommo-o, L50, M|100/100|[from] Parting Shot\n|move|p1b: Conkeldurr|Drain Punch|p2a: Klefki\n|-damage|p2a: Klefki|19/100\n|-heal|p1b: Conkeldurr|100/100 brn|[from] drain|[of] p2a: Klefki\n|\n|-damage|p1b: Conkeldurr|94/100 brn|[from] brn\n|upkeep\n|turn|3\n|\n|t:|1776189979\n|switch|p2a: Incineroar|Incineroar, L50, F|76/100\n|-ability|p2a: Incineroar|Intimidate|boost\n|-unboost|p1a: Scovillain|atk|1\n|-unboost|p1b: Conkeldurr|atk|1\n|move|p2b: Kommo-o|Clangorous Soul|p2b: Kommo-o\n|-boost|p2b: Kommo-o|atk|1\n|-boost|p2b: Kommo-o|def|1\n|-boost|p2b: Kommo-o|spa|1\n|-boost|p2b: Kommo-o|spd|1\n|-boost|p2b: Kommo-o|spe|1\n|-damage|p2b: Kommo-o|68/100\n|move|p1a: Scovillain|Super Fang|p2b: Kommo-o\n|-damage|p2b: Kommo-o|34/100\n|move|p1b: Conkeldurr|Earthquake|p2a: Incineroar|[spread] p1a,p2a,p2b\n|-supereffective|p2a: Incineroar|1\n|-damage|p1a: Scovillain|42/100\n|-damage|p2a: Incineroar|53/100\n|-damage|p2b: Kommo-o|25/100\n|\n|-heal|p2b: Kommo-o|31/100|[from] item: Leftovers\n|-damage|p1b: Conkeldurr|88/100 brn|[from] brn\n|upkeep\n|turn|4\n|inactive|Demonroo has 30 seconds left.\n|inactive|tritan11 has 30 seconds left.\n|inactive|Demonroo has 20 seconds left.\n|inactive|tritan11 has 20 seconds left.\n|inactive|tritan11 has 15 seconds left.\n|inactive|tritan11 has 10 seconds left.\n|\n|t:|1776190033\n|switch|p1b: Gardevoir|Gardevoir, L50, F|100/100\n|move|p1a: Scovillain|Protect|p1a: Scovillain\n|-singleturn|p1a: Scovillain|Protect\n|move|p2a: Incineroar|Fake Out|p1b: Gardevoir\n|-damage|p1b: Gardevoir|87/100\n|move|p2b: Kommo-o|Clangorous Soul||[still]\n|-fail|p2b: Kommo-o\n|\n|-heal|p2b: Kommo-o|36/100|[from] item: Leftovers\n|upkeep\n|turn|5\n|inactive|Demonroo has 30 seconds left.\n|\n|t:|1776190061\n|move|p2b: Kommo-o|Protect|p2b: Kommo-o\n|-singleturn|p2b: Kommo-o|Protect\n|move|p1a: Scovillain|Rage Powder|p1a: Scovillain\n|-singleturn|p1a: Scovillain|move: Rage Powder\n|move|p2a: Incineroar|Parting Shot|p1a: Scovillain\n|-unboost|p1a: Scovillain|atk|1\n|-unboost|p1a: Scovillain|spa|1\n|\n|t:|1776190071\n|switch|p2a: Gengar|Gengar, L50, F|100/100|[from] Parting Shot\n|move|p1b: Gardevoir|Trick Room|p1b: Gardevoir\n|-fieldstart|move: Trick Room|[of] p1b: Gardevoir\n|\n|-heal|p2b: Kommo-o|42/100|[from] item: Leftovers\n|-sideend|p2: tritan11|Reflect\n|upkeep\n|turn|6\n|\n|t:|1776190086\n|switch|p1a: Conkeldurr|Conkeldurr, L50, F|88/100 brn\n|switch|p2b: Klefki|Klefki, L50, F|19/100\n|detailschange|p2a: Gengar|Gengar-Mega, L50, F\n|-mega|p2a: Gengar|Gengar|Gengarite\n|move|p1b: Gardevoir|Psychic|p2a: Gengar\n|-supereffective|p2a: Gengar|1\n|-damage|p2a: Gengar|7/100\n|move|p2a: Gengar|Sludge Wave|p1b: Gardevoir|[spread] p1a,p1b\n|-immune|p2b: Klefki\n|-supereffective|p1b: Gardevoir|1\n|-damage|p1a: Conkeldurr|33/100 brn\n|-damage|p1b: Gardevoir|3/100\n|\n|-damage|p1a: Conkeldurr|27/100 brn|[from] brn\n|-sideend|p2: tritan11|move: Light Screen\n|upkeep\n|turn|7\n|\n|t:|1776190110\n|move|p2a: Gengar|Protect|p2a: Gengar\n|-singleturn|p2a: Gengar|Protect\n|move|p1a: Conkeldurr|Drain Punch|p2b: Klefki\n|-damage|p2b: Klefki|0 fnt\n|-heal|p1a: Conkeldurr|34/100 brn|[from] drain|[of] p2b: Klefki\n|faint|p2b: Klefki\n|move|p1b: Gardevoir|Psychic|p2a: Gengar\n|-activate|p2a: Gengar|move: Protect\n|\n|-damage|p1a: Conkeldurr|28/100 brn|[from] brn\n|upkeep\n|\n|t:|1776190121\n|switch|p2b: Incineroar|Incineroar, L50, F|53/100\n|-ability|p2b: Incineroar|Intimidate|boost\n|-unboost|p1a: Conkeldurr|atk|1\n|-unboost|p1b: Gardevoir|atk|1\n|turn|8\n|\n|t:|1776190131\n|move|p2b: Incineroar|Fake Out|p1a: Conkeldurr\n|-damage|p1a: Conkeldurr|19/100 brn\n|cant|p1a: Conkeldurr|flinch\n|move|p1b: Gardevoir|Psychic|p2a: Gengar\n|-supereffective|p2a: Gengar|1\n|-damage|p2a: Gengar|0 fnt\n|faint|p2a: Gengar\n|\n|-damage|p1a: Conkeldurr|13/100 brn|[from] brn\n|upkeep\n|\n|t:|1776190136\n|switch|p2a: Kommo-o|Kommo-o, L50, M|42/100\n|turn|9\n|\n|t:|1776190152\n|move|p1a: Conkeldurr|Drain Punch|p2b: Incineroar\n|-supereffective|p2b: Incineroar|1\n|-damage|p2b: Incineroar|0 fnt\n|-heal|p1a: Conkeldurr|38/100 brn|[from] drain|[of] p2b: Incineroar\n|faint|p2b: Incineroar\n|move|p1b: Gardevoir|Psychic|p2a: Kommo-o\n|-supereffective|p2a: Kommo-o|1\n|-damage|p2a: Kommo-o|0 fnt\n|faint|p2a: Kommo-o\n|\n|win|Demonroo\n|raw|Demonroo's rating: 1104 &rarr; <strong>1126</strong><br />(+22 for winning)\n|raw|tritan11's rating: 1066 &rarr; <strong>1048</strong><br />(-18 for losing)\n|l|\u203dtritan11\n|player|p2|\n",
  "uploadtime": 1776190315,
  "views": 21,
  "formatid": "gen9championsvgc2026regma",
  "rating": 1048,
  "private": 0,
  "password": null
}