{
  "id": "gen9championsvgc2026regma-2588514726",
  "format": "[Gen 9 Champions] VGC 2026 Reg M-A",
  "players": [
    "Hydreigon Indulger",
    "Darknight675"
  ],
  "log": "|j|\u2606Hydreigon Indulger\n|j|\u2606Darknight675\n|t:|1776640584\n|gametype|doubles\n|player|p1|Hydreigon Indulger|n|1433\n|player|p2|Darknight675|will|1370\n|gen|9\n|tier|[Gen 9 Champions] VGC 2026 Reg M-A\n|rated|\n|rule|Species Clause: Limit one of each Pok\u00e9mon\n|rule|Item Clause: Limit 1 of each item\n|clearpoke\n|poke|p1|Charizard, L50, F|\n|poke|p1|Sinistcha, L50|\n|poke|p1|Milotic, L50, F|\n|poke|p1|Incineroar, L50, M|\n|poke|p1|Excadrill, L50, F|\n|poke|p1|Tyranitar, L50, M|\n|poke|p2|Floette-Eternal, L50, F|\n|poke|p2|Talonflame, L50, F, shiny|\n|poke|p2|Garchomp, L50, M, shiny|\n|poke|p2|Aegislash, L50, M|\n|poke|p2|Basculegion, L50, M|\n|poke|p2|Kingambit, L50, F|\n|teampreview|4\n|inactive|Battle timer is ON: inactive players will automatically lose when time's up. (requested by Darknight675)\n|inactive|Hydreigon Indulger has 60 seconds left.\n|\n|t:|1776640676\n|teamsize|p1|4\n|teamsize|p2|4\n|start\n|switch|p1a: Milotic|Milotic, L50, F|100/100\n|switch|p1b: Excadrill|Excadrill, L50, F|100/100\n|switch|p2a: Basculegion|Basculegion, L50, M|100/100\n|switch|p2b: Garchomp|Garchomp, L50, M, shiny|100/100\n|turn|1\n|\n|t:|1776640698\n|move|p2b: Garchomp|Protect|p2b: Garchomp\n|-singleturn|p2b: Garchomp|Protect\n|move|p1b: Excadrill|Protect|p1b: Excadrill\n|-singleturn|p1b: Excadrill|Protect\n|move|p2a: Basculegion|Liquidation|p1b: Excadrill\n|-activate|p1b: Excadrill|move: Protect\n|move|p1a: Milotic|Icy Wind|p2a: Basculegion|[spread] p2a\n|-activate|p2b: Garchomp|move: Protect\n|-resisted|p2a: Basculegion|1\n|-crit|p2a: Basculegion\n|-damage|p2a: Basculegion|93/100\n|-unboost|p2a: Basculegion|spe|1\n|\n|upkeep\n|turn|2\n|\n|t:|1776640717\n|switch|p2b: Kingambit|Kingambit, L50, F|100/100\n|switch|p1b: Sinistcha|Sinistcha, L50|100/100\n|move|p2a: Basculegion|Aqua Jet|p1b: Sinistcha\n|-resisted|p1b: Sinistcha|1\n|-damage|p1b: Sinistcha|92/100\n|move|p1a: Milotic|Scald|p2b: Kingambit\n|-damage|p2b: Kingambit|72/100\n|\n|upkeep\n|turn|3\n|\n|t:|1776640737\n|move|p1b: Sinistcha|Protect|p1b: Sinistcha\n|-singleturn|p1b: Sinistcha|Protect\n|move|p2a: Basculegion|Protect|p2a: Basculegion\n|-singleturn|p2a: Basculegion|Protect\n|move|p1a: Milotic|Scald|p2b: Kingambit\n|-damage|p2b: Kingambit|46/100\n|move|p2b: Kingambit|Kowtow Cleave|p1b: Sinistcha\n|-activate|p1b: Sinistcha|move: Protect\n|\n|upkeep\n|turn|4\n|\n|t:|1776640757\n|switch|p2a: Garchomp|Garchomp, L50, M, shiny|100/100\n|move|p2b: Kingambit|Sucker Punch|p1b: Sinistcha\n|-supereffective|p1b: Sinistcha|1\n|-enditem|p1b: Sinistcha|Colbur Berry|[eat]\n|-enditem|p1b: Sinistcha|Colbur Berry|[weaken]\n|-damage|p1b: Sinistcha|57/100\n|move|p1a: Milotic|Scald|p2b: Kingambit\n|-damage|p2b: Kingambit|21/100\n|-status|p2b: Kingambit|brn\n|move|p1b: Sinistcha|Matcha Gotcha|p2b: Kingambit|[spread] p2b\n|-miss|p1b: Sinistcha|p2a: Garchomp\n|-resisted|p2b: Kingambit|1\n|-damage|p2b: Kingambit|9/100 brn\n|-heal|p1b: Sinistcha|63/100|[from] drain|[of] p2b: Kingambit\n|\n|-damage|p2b: Kingambit|3/100 brn|[from] brn\n|upkeep\n|turn|5\n|\n|t:|1776640784\n|move|p2a: Garchomp|Protect|p2a: Garchomp\n|-singleturn|p2a: Garchomp|Protect\n|move|p1b: Sinistcha|Protect|p1b: Sinistcha\n|-singleturn|p1b: Sinistcha|Protect\n|move|p2b: Kingambit|Sucker Punch|p1a: Milotic\n|-damage|p1a: Milotic|83/100\n|move|p1a: Milotic|Icy Wind|p2b: Kingambit|[spread] p2b\n|-activate|p2a: Garchomp|move: Protect\n|-resisted|p2b: Kingambit|1\n|-damage|p2b: Kingambit|0 fnt\n|faint|p2b: Kingambit\n|\n|-heal|p1a: Milotic|89/100|[from] item: Leftovers\n|upkeep\n|\n|t:|1776640792\n|switch|p2b: Floette|Floette-Eternal, L50, F|100/100\n|turn|6\n|\n|t:|1776640802\n|detailschange|p2b: Floette|Floette-Mega, L50, F\n|-mega|p2b: Floette|Floette|Floettite\n|-ability|p2b: Floette|Fairy Aura\n|move|p1b: Sinistcha|Rage Powder|p1b: Sinistcha\n|-singleturn|p1b: Sinistcha|move: Rage Powder\n|move|p2b: Floette|Moonblast|p1b: Sinistcha\n|-damage|p1b: Sinistcha|0 fnt\n|faint|p1b: Sinistcha\n|move|p2a: Garchomp|Dragon Claw|p1a: Milotic\n|-damage|p1a: Milotic|55/100\n|move|p1a: Milotic|Icy Wind|p2a: Garchomp|[spread] p2b\n|-miss|p1a: Milotic|p2a: Garchomp\n|-damage|p2b: Floette|93/100\n|-unboost|p2b: Floette|spe|1\n|\n|-heal|p1a: Milotic|61/100|[from] item: Leftovers\n|upkeep\n|inactive|Hydreigon Indulger has 30 seconds left.\n|\n|t:|1776640832\n|switch|p1b: Excadrill|Excadrill, L50, F|100/100\n|turn|7\n|\n|t:|1776640844\n|switch|p1a: Tyranitar|Tyranitar, L50, M|100/100\n|-weather|Sandstorm|[from] ability: Sand Stream|[of] p1a: Tyranitar\n|move|p2b: Floette|Protect|p2b: Floette\n|-singleturn|p2b: Floette|Protect\n|move|p1b: Excadrill|Iron Head|p2b: Floette\n|-activate|p2b: Floette|move: Protect\n|move|p2a: Garchomp|Earthquake|p1a: Tyranitar|[spread] p1a,p1b\n|-activate|p2b: Floette|move: Protect\n|-supereffective|p1a: Tyranitar|1\n|-supereffective|p1b: Excadrill|1\n|-crit|p1b: Excadrill\n|-damage|p1a: Tyranitar|43/100\n|-enditem|p1b: Excadrill|Focus Sash\n|-damage|p1b: Excadrill|1/100\n|\n|-weather|Sandstorm|[upkeep]\n|-damage|p2b: Floette|86/100|[from] Sandstorm\n|upkeep\n|turn|8\n|inactive|Hydreigon Indulger has 30 seconds left.\n|\n|t:|1776640878\n|switch|p2b: Basculegion|Basculegion, L50, M|93/100\n|detailschange|p1a: Tyranitar|Tyranitar-Mega, L50, M\n|-mega|p1a: Tyranitar|Tyranitar|Tyranitarite\n|move|p1a: Tyranitar|Protect|p1a: Tyranitar\n|-singleturn|p1a: Tyranitar|Protect\n|move|p1b: Excadrill|Earthquake|p2a: Garchomp|[spread] p2a,p2b\n|-activate|p1a: Tyranitar|move: Protect\n|-crit|p2a: Garchomp\n|-damage|p2a: Garchomp|45/100\n|-damage|p2b: Basculegion|35/100\n|move|p2a: Garchomp|Dragon Claw|p1a: Tyranitar\n|-activate|p1a: Tyranitar|move: Protect\n|\n|-weather|Sandstorm|[upkeep]\n|-damage|p2b: Basculegion|29/100|[from] Sandstorm\n|upkeep\n|turn|9\n|c|\u2606Hydreigon Indulger|that miss sucked so much ass\n|inactive|Hydreigon Indulger has 30 seconds left.\n|inactive|Darknight675 has 30 seconds left.\n|inactive|Darknight675 has 20 seconds left.\n|\n|t:|1776640919\n|move|p1b: Excadrill|Protect|p1b: Excadrill\n|-singleturn|p1b: Excadrill|Protect\n|move|p2b: Basculegion|Aqua Jet|p1a: Tyranitar\n|-supereffective|p1a: Tyranitar|1\n|-damage|p1a: Tyranitar|19/100\n|move|p2a: Garchomp|Dragon Claw|p1b: Excadrill\n|-activate|p1b: Excadrill|move: Protect\n|move|p1a: Tyranitar|Knock Off|p2a: Garchomp\n|-damage|p2a: Garchomp|0 fnt\n|-enditem|p2a: Garchomp|Haban Berry|[from] move: Knock Off|[of] p1a: Tyranitar\n|faint|p2a: Garchomp\n|\n|-weather|Sandstorm|[upkeep]\n|-damage|p2b: Basculegion|23/100|[from] Sandstorm\n|upkeep\n|\n|t:|1776640925\n|switch|p2a: Floette|Floette-Mega, L50, F|86/100\n|-ability|p2a: Floette|Fairy Aura\n|turn|10\n|inactive|Hydreigon Indulger has 30 seconds left.\n|inactive|Hydreigon Indulger has 20 seconds left.\n|inactive|Hydreigon Indulger has 15 seconds left.\n|\n|t:|1776640969\n|switch|p1b: Milotic|Milotic, L50, F|61/100\n|move|p1a: Tyranitar|Protect|p1a: Tyranitar\n|-singleturn|p1a: Tyranitar|Protect\n|move|p2b: Basculegion|Aqua Jet|p1b: Milotic\n|-resisted|p1b: Milotic|1\n|-damage|p1b: Milotic|52/100\n|move|p2a: Floette|Moonblast|p1a: Tyranitar\n|-activate|p1a: Tyranitar|move: Protect\n|\n|-weather|Sandstorm|[upkeep]\n|-damage|p2a: Floette|80/100|[from] Sandstorm\n|-damage|p2b: Basculegion|17/100|[from] Sandstorm\n|-damage|p1b: Milotic|47/100|[from] Sandstorm\n|-heal|p1b: Milotic|52/100|[from] item: Leftovers\n|upkeep\n|turn|11\n|inactive|Hydreigon Indulger has 30 seconds left.\n|\n|t:|1776640995\n|move|p2a: Floette|Dazzling Gleam|p1b: Milotic|[spread] p1a,p1b\n|-supereffective|p1a: Tyranitar|1\n|-damage|p1a: Tyranitar|0 fnt\n|-damage|p1b: Milotic|18/100\n|faint|p1a: Tyranitar\n|move|p2b: Basculegion|Last Respects|p1b: Milotic\n|-damage|p1b: Milotic|0 fnt\n|faint|p1b: Milotic\n|\n|-weather|none\n|upkeep\n|\n|t:|1776640999\n|switch|p1b: Excadrill|Excadrill, L50, F|1/100\n|turn|12\n|-message|Hydreigon Indulger forfeited.\n|\n|win|Darknight675\n",
  "uploadtime": 1776640900,
  "views": 5,
  "formatid": "gen9championsvgc2026regma",
  "rating": null,
  "private": 0,
  "password": null
}