{
  "id": "gen9championsvgc2026regma-2583446699",
  "format": "[Gen 9 Champions] VGC 2026 Reg M-A",
  "players": [
    "thecolordown",
    "TroyaZ"
  ],
  "log": "|j|\u2606thecolordown\n|j|\u2606TroyaZ\n|t:|1776176212\n|gametype|doubles\n|player|p1|thecolordown|102|1083\n|player|p2|TroyaZ|170|1000\n|gen|9\n|tier|[Gen 9 Champions] VGC 2026 Reg M-A\n|rated|\n|rule|Species Clause: Limit one of each Pok\u00e9mon\n|rule|Item Clause: Limit 1 of each item\n|clearpoke\n|poke|p1|Zoroark-Hisui, L50, F|\n|poke|p1|Delphox, L50, F|\n|poke|p1|Kingambit, L50, M|\n|poke|p1|Sneasler, L50, M|\n|poke|p1|Clefable, L50, M|\n|poke|p1|Dragonite, L50, M|\n|poke|p2|Pelipper, L50, F|\n|poke|p2|Sneasler, L50, M|\n|poke|p2|Dragonite, L50, M|\n|poke|p2|Sinistcha, L50|\n|poke|p2|Kingambit, L50, F|\n|poke|p2|Garchomp, L50, F|\n|teampreview|4\nthecolordown rejected open team sheets.\n|inactive|Battle timer is ON: inactive players will automatically lose when time's up. (requested by thecolordown)\n|\n|t:|1776176275\n|teamsize|p1|4\n|teamsize|p2|4\n|start\n|switch|p1a: Clefable|Clefable, L50, M|100/100\n|switch|p1b: Delphox|Delphox, L50, F|100/100\n|switch|p2a: Sneasler|Sneasler, L50, M|100/100\n|switch|p2b: Pelipper|Pelipper, L50, F|100/100\n|-weather|RainDance|[from] ability: Drizzle|[of] p2b: Pelipper\n|turn|1\n|inactive|thecolordown has 30 seconds left.\n|\n|t:|1776176307\n|detailschange|p1b: Delphox|Delphox-Mega, L50, F\n|-mega|p1b: Delphox|Delphox|Delphoxite\n|move|p2a: Sneasler|Fake Out|p1b: Delphox\n|-damage|p1b: Delphox|79/100\n|move|p1a: Clefable|U-turn|p2a: Sneasler\n|-resisted|p2a: Sneasler|2\n|-damage|p2a: Sneasler|94/100\n|\n|t:|1776176314\n|switch|p1a: Clefable|Clefable, L50, M|100/100|[from] U-turn\n|cant|p1b: Delphox|flinch\n|move|p2b: Pelipper|Tailwind|p2b: Pelipper\n|-sidestart|p2: TroyaZ|move: Tailwind\n|\n|-weather|RainDance|[upkeep]\n|upkeep\n|turn|2\n|inactive|TroyaZ has 30 seconds left.\n|inactive|thecolordown has 30 seconds left.\n|inactive|TroyaZ has 20 seconds left.\n|inactive|TroyaZ has 15 seconds left.\n|\n|t:|1776176359\n|move|p1a: Clefable|Follow Me|p1a: Clefable\n|-singleturn|p1a: Clefable|move: Follow Me\n|move|p2a: Sneasler|Dire Claw|p1a: Clefable\n|-supereffective|p1a: Clefable|1\n|-damage|p1a: Clefable|34/100\n|-enditem|p1a: Clefable|Sitrus Berry|[eat]\n|-heal|p1a: Clefable|59/100|[from] item: Sitrus Berry\n|move|p2b: Pelipper|U-turn|p1a: Clefable\n|-resisted|p1a: Clefable|1\n|-damage|p1a: Clefable|55/100\n|\n|t:|1776176371\n|switch|p2b: Kingambit|Kingambit, L50, F|100/100|[from] U-turn\n|move|p1b: Delphox|Psychic|p2a: Sneasler\n|-supereffective|p2a: Sneasler|2\n|-damage|p2a: Sneasler|0 fnt\n|faint|p2a: Sneasler\n|\n|-weather|RainDance|[upkeep]\n|upkeep\n|\n|t:|1776176382\n|switch|p2a: Dragonite|Dragonite, L50, M|100/100\n|turn|3\n|inactive|thecolordown has 30 seconds left.\n|\n|t:|1776176410\n|detailschange|p2a: Dragonite|Dragonite-Mega, L50, M\n|-mega|p2a: Dragonite|Dragonite|Dragoninite\n|move|p2a: Dragonite|Thunder|p1b: Delphox\n|-damage|p1b: Delphox|35/100\n|-status|p1b: Delphox|par\n|move|p2b: Kingambit|Swords Dance|p2b: Kingambit\n|-boost|p2b: Kingambit|atk|2\n|move|p1b: Delphox|Substitute|p1b: Delphox\n|-start|p1b: Delphox|Substitute\n|-damage|p1b: Delphox|10/100 par\n|move|p1a: Clefable|Moonblast|p2a: Dragonite\n|-supereffective|p2a: Dragonite|1\n|-damage|p2a: Dragonite|70/100\n|\n|-weather|RainDance|[upkeep]\n|upkeep\n|turn|4\n|inactive|thecolordown has 30 seconds left.\n|inactive|TroyaZ has 30 seconds left.\n|inactive|thecolordown has 20 seconds left.\n|\n|t:|1776176448\n|move|p1a: Clefable|Follow Me|p1a: Clefable\n|-singleturn|p1a: Clefable|move: Follow Me\n|move|p2a: Dragonite|Thunder|p1a: Clefable\n|-damage|p1a: Clefable|18/100\n|move|p2b: Kingambit|Kowtow Cleave|p1a: Clefable\n|-resisted|p1a: Clefable|1\n|-damage|p1a: Clefable|0 fnt\n|faint|p1a: Clefable\n|move|p1b: Delphox|Heat Wave|p2a: Dragonite|[spread] p2a,p2b\n|-resisted|p2a: Dragonite|1\n|-supereffective|p2b: Kingambit|1\n|-damage|p2a: Dragonite|60/100\n|-damage|p2b: Kingambit|57/100\n|\n|-weather|RainDance|[upkeep]\n|-sideend|p2: TroyaZ|move: Tailwind\n|upkeep\n|\n|t:|1776176465\n|switch|p1a: Kingambit|Kingambit, L50, M|100/100\n|turn|5\n|\n|t:|1776176483\n|move|p1b: Delphox|Protect|p1b: Delphox\n|-singleturn|p1b: Delphox|Protect\n|move|p1a: Kingambit|Icy Wind|p2a: Dragonite|[spread] p2a,p2b\n|-supereffective|p2a: Dragonite|2\n|-resisted|p2b: Kingambit|1\n|-damage|p2a: Dragonite|26/100\n|-damage|p2b: Kingambit|52/100\n|-unboost|p2a: Dragonite|spe|1\n|-unboost|p2b: Kingambit|spe|1\n|-ability|p2b: Kingambit|Defiant|boost\n|-boost|p2b: Kingambit|atk|2\n|move|p2a: Dragonite|Tailwind|p2a: Dragonite\n|-sidestart|p2: TroyaZ|move: Tailwind\n|move|p2b: Kingambit|Kowtow Cleave|p1b: Delphox\n|-activate|p1b: Delphox|move: Protect\n|\n|-weather|none\n|upkeep\n|turn|6\n|\n|t:|1776176506\n|switch|p2a: Pelipper|Pelipper, L50, F|100/100\n|-weather|RainDance|[from] ability: Drizzle|[of] p2a: Pelipper\n|move|p1a: Kingambit|Icy Wind|p2b: Kingambit|[spread] p2a,p2b\n|-resisted|p2b: Kingambit|1\n|-damage|p2a: Pelipper|86/100\n|-damage|p2b: Kingambit|47/100\n|-unboost|p2a: Pelipper|spe|1\n|-unboost|p2b: Kingambit|spe|1\n|-ability|p2b: Kingambit|Defiant|boost\n|-boost|p2b: Kingambit|atk|2\n|move|p1b: Delphox|Heat Wave|p2a: Pelipper|[spread] p2a,p2b\n|-resisted|p2a: Pelipper|1\n|-supereffective|p2b: Kingambit|1\n|-damage|p2a: Pelipper|70/100\n|-damage|p2b: Kingambit|9/100\n|move|p2b: Kingambit|Kowtow Cleave|p1b: Delphox\n|-supereffective|p1b: Delphox|1\n|-end|p1b: Delphox|Substitute\n|\n|-weather|RainDance|[upkeep]\n|upkeep\n|turn|7\n|inactive|TroyaZ has 30 seconds left.\n|c|\u2606thecolordown|how do u like the team\n|\n|t:|1776176540\n|move|p2b: Kingambit|Sucker Punch|p1b: Delphox\n|-supereffective|p1b: Delphox|1\n|-damage|p1b: Delphox|0 fnt\n|faint|p1b: Delphox\n|move|p1a: Kingambit|Icy Wind|p2a: Pelipper|[spread] p2a,p2b\n|-resisted|p2b: Kingambit|1\n|-damage|p2a: Pelipper|54/100\n|-damage|p2b: Kingambit|3/100\n|-unboost|p2a: Pelipper|spe|1\n|-unboost|p2b: Kingambit|spe|1\n|-boost|p2b: Kingambit|atk|0\n|move|p2a: Pelipper|U-turn|p1a: Kingambit\n|-resisted|p1a: Kingambit|1\n|-damage|p1a: Kingambit|93/100\n|replace|p1a: Zoroark|Zoroark-Hisui, L50, F\n|-end|p1a: Zoroark|Illusion\n|\n|t:|1776176548\n|switch|p2a: Dragonite|Dragonite-Mega, L50, M|26/100|[from] U-turn\n|\n|-weather|RainDance|[upkeep]\n|upkeep\n|\n|t:|1776176555\n|switch|p1b: Kingambit|Kingambit, L50, M|100/100\n|turn|8\n|\n|t:|1776176571\n|move|p1b: Kingambit|Sucker Punch|p2a: Dragonite\n|-damage|p2a: Dragonite|0 fnt\n|faint|p2a: Dragonite\n|move|p2b: Kingambit|Sucker Punch||[still]\n|-fail|p2b: Kingambit\n|move|p1a: Zoroark|Icy Wind|p2b: Kingambit|[miss]\n|-miss|p1a: Zoroark|p2b: Kingambit\n|\n|-weather|RainDance|[upkeep]\n|-sideend|p2: TroyaZ|move: Tailwind\n|upkeep\n|\n|t:|1776176576\n|switch|p2a: Pelipper|Pelipper, L50, F|54/100\n|turn|9\n|\n|t:|1776176583\n|move|p1b: Kingambit|Sucker Punch||[still]\n|-fail|p1b: Kingambit\n|move|p2b: Kingambit|Sucker Punch|p1a: Zoroark\n|-supereffective|p1a: Zoroark|1\n|-damage|p1a: Zoroark|0 fnt\n|faint|p1a: Zoroark\n|move|p2a: Pelipper|Tailwind|p2a: Pelipper\n|-sidestart|p2: TroyaZ|move: Tailwind\n|\n|-weather|RainDance|[upkeep]\n|upkeep\n|turn|10\n|\n|t:|1776176603\n|move|p1b: Kingambit|Sucker Punch|p2b: Kingambit\n|-resisted|p2b: Kingambit|1\n|-damage|p2b: Kingambit|0 fnt\n|faint|p2b: Kingambit\n|move|p2a: Pelipper|Hurricane|p1b: Kingambit\n|-resisted|p1b: Kingambit|1\n|-damage|p1b: Kingambit|79/100\n|-start|p1b: Kingambit|confusion\n|\n|-weather|none\n|upkeep\n|turn|11\n|\n|t:|1776176620\n|-activate|p1b: Kingambit|confusion\n|move|p1b: Kingambit|Sucker Punch|p2a: Pelipper\n|-damage|p2a: Pelipper|3/100\n|move|p2a: Pelipper|Ice Beam|p1b: Kingambit\n|-resisted|p1b: Kingambit|1\n|-damage|p1b: Kingambit|67/100\n|\n|upkeep\n|turn|12\n|\n|t:|1776176628\n|-activate|p1b: Kingambit|confusion\n|-damage|p1b: Kingambit|55/100|[from] confusion\n|move|p2a: Pelipper|Ice Beam|p1b: Kingambit\n|-resisted|p1b: Kingambit|1\n|-damage|p1b: Kingambit|43/100\n|-status|p1b: Kingambit|frz\n|\n|-sideend|p2: TroyaZ|move: Tailwind\n|upkeep\n|turn|13\n|\n|t:|1776176640\n|cant|p1b: Kingambit|frz\n|move|p2a: Pelipper|U-turn|p1b: Kingambit\n|-damage|p1b: Kingambit|37/100 frz\n|\n|upkeep\n|turn|14\n|c|\u2606thecolordown|you're joshing me lmao\n|\n|t:|1776176663\n|cant|p1b: Kingambit|frz\n|move|p2a: Pelipper|Hurricane|p1b: Kingambit\n|-resisted|p1b: Kingambit|1\n|-damage|p1b: Kingambit|15/100 frz\n|\n|upkeep\n|turn|15\n|c|\u2606thecolordown|this would be such a funny win\n|\n|t:|1776176669\n|-curestatus|p1b: Kingambit|frz|[msg]\n|-activate|p1b: Kingambit|confusion\n|-damage|p1b: Kingambit|4/100|[from] confusion\n|move|p2a: Pelipper|Hurricane|p1b: Kingambit|[miss]\n|-miss|p2a: Pelipper|p1b: Kingambit\n|\n|upkeep\n|turn|16\n|c|\u2606thecolordown|AINT NO WAY LMAO\n|\n|t:|1776176694\n|-activate|p1b: Kingambit|confusion\n|-damage|p1b: Kingambit|0 fnt|[from] confusion\n|faint|p1b: Kingambit\n|\n|win|TroyaZ\n|raw|thecolordown's rating: 1083 &rarr; <strong>1055</strong><br />(-28 for losing)\n|raw|TroyaZ's rating: 1000 &rarr; <strong>1049</strong><br />(+49 for winning)\n|c|\u2606thecolordown|ggs\n|c|\u2606thecolordown|holy shit\n|c|\u2606TroyaZ|Ggs\n|c|\u2606TroyaZ|Was really random\n",
  "uploadtime": 1776176718,
  "views": 23,
  "formatid": "gen9championsvgc2026regma",
  "rating": 1049,
  "private": 0,
  "password": null
}