{
  "id": "gen9championsvgc2026regma-2582371322",
  "format": "[Gen 9 Champions] VGC 2026 Reg M-A",
  "players": [
    "lowladdertestdummy",
    "Mischievouz"
  ],
  "log": "|j|\u2606lowladdertestdummy\n|j|\u2606Mischievouz\n|t:|1776087142\n|gametype|doubles\n|player|p1|lowladdertestdummy|lass-gen4dp|1084\n|player|p2|Mischievouz|170|1048\n|gen|9\n|tier|[Gen 9 Champions] VGC 2026 Reg M-A\n|rated|\n|rule|Species Clause: Limit one of each Pok\u00e9mon\n|rule|Item Clause: Limit 1 of each item\n|clearpoke\n|poke|p1|Drampa, L50, F|\n|poke|p1|Sinistcha, L50|\n|poke|p1|Incineroar, L50, M|\n|poke|p1|Sneasler, L50, F|\n|poke|p1|Skarmory, L50, M|\n|poke|p1|Orthworm, L50, F|\n|poke|p2|Maushold, L50|\n|poke|p2|Garchomp, L50, M|\n|poke|p2|Talonflame, L50, M|\n|poke|p2|Rotom-Wash, L50|\n|poke|p2|Aegislash, L50, M|\n|poke|p2|Floette-Eternal, L50, F|\n|teampreview|4\n|\n|t:|1776087162\n|teamsize|p1|4\n|teamsize|p2|4\n|start\n|switch|p1a: mass murderer|Orthworm, L50, F|100/100\n|switch|p1b: ze cat|Incineroar, L50, M|100/100\n|switch|p2a: Maushold|Maushold, L50|100/100\n|switch|p2b: Floette|Floette-Eternal, L50, F|100/100\n|-ability|p1b: ze cat|Intimidate|boost\n|-unboost|p2a: Maushold|atk|1\n|-unboost|p2b: Floette|atk|1\n|turn|1\n|\n|t:|1776087185\n|move|p2b: Floette|Protect|p2b: Floette\n|-singleturn|p2b: Floette|Protect\n|move|p1b: ze cat|Fake Out|p2b: Floette\n|-activate|p2b: Floette|move: Protect\n|move|p2a: Maushold|Super Fang|p1a: mass murderer\n|-damage|p1a: mass murderer|50/100\n|-enditem|p1a: mass murderer|Sitrus Berry|[eat]\n|-heal|p1a: mass murderer|75/100|[from] item: Sitrus Berry\n|move|p1a: mass murderer|Shed Tail|p1a: mass murderer\n|-start|p1a: mass murderer|Substitute|[from] move: Shed Tail\n|-damage|p1a: mass murderer|25/100\n|\n|t:|1776087200\n|switch|p1a: bigassfeet\ud83d\ude02|Skarmory, L50, M|100/100|[from] Shed Tail\n|\n|upkeep\n|turn|2\n|\n|t:|1776087250\n|detailschange|p1a: bigassfeet\ud83d\ude02|Skarmory-Mega, L50, M\n|-mega|p1a: bigassfeet\ud83d\ude02|Skarmory|Skarmorite\n|detailschange|p2b: Floette|Floette-Mega, L50, F\n|-mega|p2b: Floette|Floette|Floettite\n|-ability|p2b: Floette|Fairy Aura\n|move|p2a: Maushold|Super Fang|p1b: ze cat\n|-damage|p1b: ze cat|51/100\n|move|p1a: bigassfeet\ud83d\ude02|Swords Dance|p1a: bigassfeet\ud83d\ude02\n|-boost|p1a: bigassfeet\ud83d\ude02|atk|2\n|move|p2b: Floette|Dazzling Gleam|p1a: bigassfeet\ud83d\ude02|[spread] p1a,p1b\n|-resisted|p1a: bigassfeet\ud83d\ude02|1\n|-end|p1a: bigassfeet\ud83d\ude02|Substitute\n|-damage|p1b: ze cat|12/100\n|move|p1b: ze cat|Parting Shot|p2b: Floette\n|-unboost|p2b: Floette|atk|1\n|-unboost|p2b: Floette|spa|1\n|\n|t:|1776087299\n|switch|p1b: mass murderer|Orthworm, L50, F|25/100|[from] Parting Shot\n|\n|upkeep\n|turn|3\n|\n|t:|1776087318\n|move|p1a: bigassfeet\ud83d\ude02|Protect|p1a: bigassfeet\ud83d\ude02\n|-singleturn|p1a: bigassfeet\ud83d\ude02|Protect\n|move|p2a: Maushold|Super Fang|p1a: bigassfeet\ud83d\ude02\n|-activate|p1a: bigassfeet\ud83d\ude02|move: Protect\n|move|p2b: Floette|Dazzling Gleam|p1b: mass murderer|[spread] p1b\n|-activate|p1a: bigassfeet\ud83d\ude02|move: Protect\n|-resisted|p1b: mass murderer|1\n|-damage|p1b: mass murderer|8/100\n|move|p1b: mass murderer|Body Press|p2a: Maushold\n|-supereffective|p2a: Maushold|1\n|-damage|p2a: Maushold|31/100\n|\n|upkeep\n|turn|4\n|\n|t:|1776087350\n|switch|p2b: Talonflame|Talonflame, L50, M|100/100\n|move|p2a: Maushold|Super Fang|p1a: bigassfeet\ud83d\ude02\n|-damage|p1a: bigassfeet\ud83d\ude02|50/100\n|move|p1a: bigassfeet\ud83d\ude02|Iron Head|p2b: Talonflame\n|-resisted|p2b: Talonflame|1\n|-damage|p2b: Talonflame|50/100\n|move|p1b: mass murderer|Body Press|p2a: Maushold\n|-supereffective|p2a: Maushold|1\n|-damage|p2a: Maushold|0 fnt\n|faint|p2a: Maushold\n|\n|upkeep\n|\n|t:|1776087360\n|switch|p2a: Floette|Floette-Mega, L50, F|100/100\n|-ability|p2a: Floette|Fairy Aura\n|turn|5\n|\n|t:|1776087378\n|switch|p1b: wabisabi|Sinistcha, L50|100/100\n|-heal|p1a: bigassfeet\ud83d\ude02|75/100|[from] ability: Hospitality|[of] p1b: wabisabi\n|move|p2b: Talonflame|Tailwind|p2b: Talonflame\n|-sidestart|p2: Mischievouz|move: Tailwind\n|move|p2a: Floette|Moonblast|p1a: bigassfeet\ud83d\ude02\n|-resisted|p1a: bigassfeet\ud83d\ude02|1\n|-damage|p1a: bigassfeet\ud83d\ude02|28/100\n|move|p1a: bigassfeet\ud83d\ude02|Iron Head|p2a: Floette\n|-supereffective|p2a: Floette|1\n|-damage|p2a: Floette|0 fnt\n|faint|p2a: Floette\n|\n|upkeep\n|\n|t:|1776087388\n|switch|p2a: Garchomp|Garchomp, L50, M|100/100\n|turn|6\n|\n|t:|1776087437\n|move|p1a: bigassfeet\ud83d\ude02|Protect|p1a: bigassfeet\ud83d\ude02\n|-singleturn|p1a: bigassfeet\ud83d\ude02|Protect\n|move|p2b: Talonflame|Flare Blitz|p1b: wabisabi\n|-supereffective|p1b: wabisabi|1\n|-damage|p1b: wabisabi|22/100\n|-damage|p2b: Talonflame|22/100|[from] Recoil\n|move|p2a: Garchomp|Stone Edge|p1a: bigassfeet\ud83d\ude02\n|-activate|p1a: bigassfeet\ud83d\ude02|move: Protect\n|move|p1b: wabisabi|Shadow Ball|p2b: Talonflame\n|-damage|p2b: Talonflame|0 fnt\n|faint|p2b: Talonflame\n|\n|upkeep\n|turn|7\n|\n|t:|1776087460\n|move|p1b: wabisabi|Rage Powder|p1b: wabisabi\n|-singleturn|p1b: wabisabi|move: Rage Powder\n|move|p2a: Garchomp|Stone Edge|p1b: wabisabi\n|-damage|p1b: wabisabi|0 fnt\n|faint|p1b: wabisabi\n|move|p1a: bigassfeet\ud83d\ude02|Iron Head|p2a: Garchomp\n|-damage|p2a: Garchomp|14/100\n|-damage|p1a: bigassfeet\ud83d\ude02|15/100|[from] ability: Rough Skin|[of] p2a: Garchomp\n|\n|upkeep\n|\n|t:|1776087466\n|switch|p1b: ze cat|Incineroar, L50, M|12/100\n|-ability|p1b: ze cat|Intimidate|boost\n|-unboost|p2a: Garchomp|atk|1\n|turn|8\n|\n|t:|1776087475\n|move|p2a: Garchomp|Protect|p2a: Garchomp\n|-singleturn|p2a: Garchomp|Protect\n|move|p1b: ze cat|Fake Out|p2a: Garchomp\n|-activate|p2a: Garchomp|move: Protect\n|move|p1a: bigassfeet\ud83d\ude02|Iron Head|p2a: Garchomp\n|-activate|p2a: Garchomp|move: Protect\n|\n|-sideend|p2: Mischievouz|move: Tailwind\n|upkeep\n|turn|9\n|inactive|Battle timer is ON: inactive players will automatically lose when time's up. (requested by Mischievouz)\n|\n|t:|1776087483\n|move|p1a: bigassfeet\ud83d\ude02|Iron Head|p2a: Garchomp\n|-damage|p2a: Garchomp|0 fnt\n|-damage|p1a: bigassfeet\ud83d\ude02|3/100|[from] ability: Rough Skin|[of] p2a: Garchomp\n|faint|p2a: Garchomp\n|\n|win|lowladdertestdummy\n|raw|lowladdertestdummy's rating: 1084 &rarr; <strong>1109</strong><br />(+25 for winning)\n|raw|Mischievouz's rating: 1048 &rarr; <strong>1033</strong><br />(-15 for losing)\n|l|\u2606Mischievouz\n|player|p2|\n|c|\u2606lowladdertestdummy|ggs\n",
  "uploadtime": 1776087491,
  "views": 10,
  "formatid": "gen9championsvgc2026regma",
  "rating": 1033,
  "private": 0,
  "password": null
}