{
  "id": "gen9championsvgc2026regma-2588302634",
  "format": "[Gen 9 Champions] VGC 2026 Reg M-A",
  "players": [
    "bigpedro",
    "ChrisMoltisantiVGC"
  ],
  "log": "|j|\u2606bigpedro\n|j|\u2606ChrisMoltisantiVGC\n|t:|1776622394\n|gametype|doubles\n|player|p1|bigpedro|wallace|1215\n|player|p2|ChrisMoltisantiVGC|morty-gen2|1114\n|gen|9\n|tier|[Gen 9 Champions] VGC 2026 Reg M-A\n|rated|\n|rule|Species Clause: Limit one of each Pok\u00e9mon\n|rule|Item Clause: Limit 1 of each item\n|clearpoke\n|poke|p1|Floette-Eternal, L50, F|\n|poke|p1|Delphox, L50, M|\n|poke|p1|Aerodactyl, L50, M|\n|poke|p1|Garchomp, L50, M|\n|poke|p1|Basculegion, L50, M|\n|poke|p1|Sinistcha, L50|\n|poke|p2|Sableye, L50, M|\n|poke|p2|Floette-Eternal, L50, F|\n|poke|p2|Sneasler, L50, M|\n|poke|p2|Typhlosion-Hisui, L50, M|\n|poke|p2|Volcarona, L50, F|\n|poke|p2|Zoroark-Hisui, L50, M|\n|teampreview|4\n|inactive|Battle timer is ON: inactive players will automatically lose when time's up. (requested by bigpedro)\n|inactive|bigpedro has 60 seconds left.\n|\n|t:|1776622453\n|teamsize|p1|4\n|teamsize|p2|4\n|start\n|switch|p1a: Aerodactyl|Aerodactyl, L50, M|100/100\n|switch|p1b: Basculegion|Basculegion, L50, M|100/100\n|switch|p2a: Sableye|Sableye, L50, M|100/100\n|switch|p2b: Volcarona|Volcarona, L50, F|100/100\n|-ability|p1a: Aerodactyl|Unnerve\n|turn|1\n|\n|t:|1776622469\n|move|p2b: Volcarona|Protect|p2b: Volcarona\n|-singleturn|p2b: Volcarona|Protect\n|move|p2a: Sableye|Reflect|p2a: Sableye\n|-sidestart|p2: ChrisMoltisantiVGC|Reflect\n|move|p1b: Basculegion|Flip Turn|p2b: Volcarona\n|-activate|p2b: Volcarona|move: Protect\n|move|p1a: Aerodactyl|Tailwind|p1a: Aerodactyl\n|-sidestart|p1: bigpedro|move: Tailwind\n|\n|upkeep\n|turn|2\n|\n|t:|1776622482\n|move|p1b: Basculegion|Flip Turn|p2b: Volcarona\n|-supereffective|p2b: Volcarona|1\n|-damage|p2b: Volcarona|48/100\n|\n|t:|1776622488\n|switch|p1b: Garchomp|Garchomp, L50, M|100/100|[from] Flip Turn\n|move|p1a: Aerodactyl|Rock Slide|p2b: Volcarona|[spread] p2a,p2b\n|-supereffective|p2b: Volcarona|2\n|-damage|p2a: Sableye|79/100\n|-damage|p2b: Volcarona|0 fnt\n|faint|p2b: Volcarona\n|move|p2a: Sableye|Foul Play|p1b: Garchomp\n|-damage|p1b: Garchomp|58/100\n|-damage|p2a: Sableye|67/100|[from] ability: Rough Skin|[of] p1b: Garchomp\n|\n|upkeep\n|\n|t:|1776622499\n|switch|p2b: Floette|Floette-Eternal, L50, F|100/100\n|turn|3\n|\n|t:|1776622512\n|detailschange|p2b: Floette|Floette-Mega, L50, F\n|-mega|p2b: Floette|Floette|Floettite\n|-ability|p2b: Floette|Fairy Aura\n|move|p1a: Aerodactyl|Rock Slide|p2b: Floette|[spread] p2a,p2b\n|-damage|p2a: Sableye|46/100\n|-damage|p2b: Floette|83/100\n|move|p1b: Garchomp|Earthquake|p2b: Floette|[spread] p2a,p2b\n|-immune|p1a: Aerodactyl\n|-damage|p2a: Sableye|6/100\n|-damage|p2b: Floette|54/100\n|move|p2b: Floette|Draining Kiss|p1b: Garchomp\n|-supereffective|p1b: Garchomp|1\n|-damage|p1b: Garchomp|0 fnt\n|-heal|p2b: Floette|100/100|[from] drain|[of] p1b: Garchomp\n|-damage|p2b: Floette|88/100|[from] ability: Rough Skin|[of] p1b: Garchomp\n|faint|p1b: Garchomp\n|cant|p2a: Sableye|flinch\n|\n|upkeep\n|\n|t:|1776622526\n|switch|p1b: Delphox|Delphox, L50, M|100/100\n|turn|4\n|\n|t:|1776622540\n|detailschange|p1b: Delphox|Delphox-Mega, L50, M\n|-mega|p1b: Delphox|Delphox|Delphoxite\n|move|p2a: Sableye|Light Screen|p2a: Sableye\n|-sidestart|p2: ChrisMoltisantiVGC|move: Light Screen\n|move|p1b: Delphox|Heat Wave|p2b: Floette|[spread] p2a\n|-miss|p1b: Delphox|p2b: Floette\n|-damage|p2a: Sableye|0 fnt\n|faint|p2a: Sableye\n|move|p1a: Aerodactyl|Rock Slide|p2b: Floette\n|-damage|p2b: Floette|62/100\n|move|p2b: Floette|Calm Mind|p2b: Floette\n|-boost|p2b: Floette|spa|1\n|-boost|p2b: Floette|spd|1\n|\n|-sideend|p1: bigpedro|move: Tailwind\n|upkeep\n|\n|t:|1776622543\n|switch|p2a: Floette|Floette-Mega, L50, F|100/100\n|turn|5\n|\n|t:|1776622559\n|move|p1b: Delphox|Encore|p2b: Floette\n|-start|p2b: Floette|Encore\n|move|p1a: Aerodactyl|Rock Slide|p2b: Floette|[spread] p2a,p2b\n|-crit|p2b: Floette\n|-damage|p2a: Floette|64/100\n|-damage|p2b: Floette|25/100\n|replace|p2a: Zoroark|Zoroark-Hisui, L50, M\n|-end|p2a: Zoroark|Illusion\n|move|p2a: Zoroark|Icy Wind|p1a: Aerodactyl|[spread] p1a,p1b\n|-supereffective|p1a: Aerodactyl|1\n|-resisted|p1b: Delphox|1\n|-damage|p1a: Aerodactyl|61/100\n|-damage|p1b: Delphox|93/100\n|-unboost|p1a: Aerodactyl|spe|1\n|-unboost|p1b: Delphox|spe|1\n|move|p2b: Floette|Calm Mind|p2b: Floette\n|-boost|p2b: Floette|spa|1\n|-boost|p2b: Floette|spd|1\n|\n|-sideend|p2: ChrisMoltisantiVGC|Reflect\n|upkeep\n|turn|6\n|\n|t:|1776622574\n|move|p1b: Delphox|Protect|p1b: Delphox\n|-singleturn|p1b: Delphox|Protect\n|move|p2a: Zoroark|Shadow Ball|p1b: Delphox\n|-activate|p1b: Delphox|move: Protect\n|move|p2b: Floette|Calm Mind|p2b: Floette\n|-boost|p2b: Floette|spa|1\n|-boost|p2b: Floette|spd|1\n|move|p1a: Aerodactyl|Tailwind|p1a: Aerodactyl\n|-sidestart|p1: bigpedro|move: Tailwind\n|\n|upkeep\n|turn|7\n|\n|t:|1776622584\n|move|p1b: Delphox|Heat Wave|p2b: Floette|[spread] p2a,p2b\n|-damage|p2a: Zoroark|3/100\n|-damage|p2b: Floette|16/100\n|move|p1a: Aerodactyl|Rock Slide|p2b: Floette|[spread] p2a,p2b\n|-damage|p2a: Zoroark|0 fnt\n|-damage|p2b: Floette|0 fnt\n|faint|p2a: Zoroark\n|faint|p2b: Floette\n|\n|win|bigpedro\n|raw|bigpedro's rating: 1215 &rarr; <strong>1233</strong><br />(+18 for winning)\n|raw|ChrisMoltisantiVGC's rating: 1114 &rarr; <strong>1096</strong><br />(-18 for losing)\n|l|\u2606ChrisMoltisantiVGC\n|player|p2|\n",
  "uploadtime": 1776622597,
  "views": 10,
  "formatid": "gen9championsvgc2026regma",
  "rating": 1096,
  "private": 0,
  "password": null
}