{
  "id": "gen9championsvgc2026regma-2584845676",
  "format": "[Gen 9 Champions] VGC 2026 Reg M-A",
  "players": [
    "carlosdavid017",
    "battle sim trainer"
  ],
  "log": "|j|\u2606carlosdavid017\n|j|\u2606battle sim trainer\n|t:|1776288176\n|gametype|doubles\n|player|p1|carlosdavid017|170|1141\n|player|p2|battle sim trainer|turo|1154\n|gen|9\n|tier|[Gen 9 Champions] VGC 2026 Reg M-A\n|rated|\n|rule|Species Clause: Limit one of each Pok\u00e9mon\n|rule|Item Clause: Limit 1 of each item\n|clearpoke\n|poke|p1|Glimmora, L50, M|\n|poke|p1|Kingambit, L50, M|\n|poke|p1|Arcanine, L50, F|\n|poke|p1|Milotic, L50, M|\n|poke|p1|Corviknight, L50, M|\n|poke|p1|Dragapult, L50, F|\n|poke|p2|Farigiraf, L50, F|\n|poke|p2|Maushold-Four, L50|\n|poke|p2|Camerupt, L50, F|\n|poke|p2|Hatterene, L50, F|\n|poke|p2|Meowstic, L50, M|\n|poke|p2|Gallade, L50, M|\n|teampreview|4\n|\n|t:|1776288215\n|teamsize|p1|4\n|teamsize|p2|4\n|start\n|switch|p1a: Arcanine|Arcanine, L50, F|100/100\n|switch|p1b: Corviknight|Corviknight, L50, M|100/100\n|switch|p2a: Maushold|Maushold-Four, L50|100/100\n|switch|p2b: Gallade|Gallade, L50, M|100/100\n|-ability|p1a: Arcanine|Intimidate|boost\n|-unboost|p2a: Maushold|atk|1\n|-unboost|p2b: Gallade|atk|1\n|turn|1\n|inactive|Battle timer is ON: inactive players will automatically lose when time's up. (requested by battle sim trainer)\n|\n|t:|1776288239\n|move|p2a: Maushold|Follow Me|p2a: Maushold\n|-singleturn|p2a: Maushold|move: Follow Me\n|move|p1a: Arcanine|Flare Blitz|p2a: Maushold\n|-damage|p2a: Maushold|31/100\n|-damage|p1a: Arcanine|80/100|[from] Recoil\n|move|p1b: Corviknight|Body Press|p2a: Maushold\n|-supereffective|p2a: Maushold|1\n|-damage|p2a: Maushold|0 fnt\n|faint|p2a: Maushold\n|move|p2b: Gallade|Trick Room|p2b: Gallade\n|-fieldstart|move: Trick Room|[of] p2b: Gallade\n|\n|upkeep\n|\n|t:|1776288247\n|switch|p2a: Camerupt|Camerupt, L50, F|100/100\n|turn|2\n|\n|t:|1776288263\n|switch|p1b: Milotic|Milotic, L50, M|100/100\n|detailschange|p2a: Camerupt|Camerupt-Mega, L50, F\n|-mega|p2a: Camerupt|Camerupt|Cameruptite\n|move|p2a: Camerupt|Eruption|p1b: Milotic|[spread] p1a,p1b\n|-resisted|p1a: Arcanine|1\n|-resisted|p1b: Milotic|1\n|-damage|p1a: Arcanine|51/100\n|-damage|p1b: Milotic|82/100\n|move|p2b: Gallade|Psycho Cut|p1a: Arcanine\n|-damage|p1a: Arcanine|12/100\n|-enditem|p1a: Arcanine|Sitrus Berry|[eat]\n|-heal|p1a: Arcanine|36/100|[from] item: Sitrus Berry\n|move|p1a: Arcanine|Snarl|p2a: Camerupt|[spread] p2a,p2b\n|-damage|p2a: Camerupt|93/100\n|-damage|p2b: Gallade|92/100\n|-unboost|p2a: Camerupt|spa|1\n|-unboost|p2b: Gallade|spa|1\n|\n|-heal|p1b: Milotic|88/100|[from] item: Leftovers\n|upkeep\n|turn|3\n|inactive|carlosdavid017 has 30 seconds left.\n|inactive|battle sim trainer has 30 seconds left.\n|\n|t:|1776288297\n|switch|p2b: Meowstic|Meowstic, L50, M|100/100\n|move|p2a: Camerupt|Earth Power|p1a: Arcanine\n|-supereffective|p1a: Arcanine|1\n|-damage|p1a: Arcanine|0 fnt\n|faint|p1a: Arcanine\n|move|p1b: Milotic|Scald|p2a: Camerupt\n|-supereffective|p2a: Camerupt|2\n|-damage|p2a: Camerupt|0 fnt\n|faint|p2a: Camerupt\n|\n|-heal|p1b: Milotic|94/100|[from] item: Leftovers\n|upkeep\n|\n|t:|1776288314\n|switch|p2a: Gallade|Gallade, L50, M|92/100\n|switch|p1a: Corviknight|Corviknight, L50, M|100/100\n|turn|4\n|\n|t:|1776288330\n|move|p2b: Meowstic|Fake Out|p1a: Corviknight\n|-resisted|p1a: Corviknight|1\n|-crit|p1a: Corviknight\n|-damage|p1a: Corviknight|98/100\n|cant|p1a: Corviknight|flinch\n|move|p2a: Gallade|Sacred Sword|p1b: Milotic\n|-damage|p1b: Milotic|13/100\n|move|p1b: Milotic|Icy Wind|p2a: Gallade|[spread] p2a,p2b\n|-damage|p2a: Gallade|84/100\n|-damage|p2b: Meowstic|92/100\n|-unboost|p2a: Gallade|spe|1\n|-unboost|p2b: Meowstic|spe|1\n|\n|-heal|p1b: Milotic|19/100|[from] item: Leftovers\n|upkeep\n|turn|5\n|\n|t:|1776288355\n|move|p1b: Milotic|Protect|p1b: Milotic\n|-singleturn|p1b: Milotic|Protect\n|move|p2a: Gallade|Sacred Sword|p1b: Milotic\n|-activate|p1b: Milotic|move: Protect\n|move|p2b: Meowstic|Psychic|p1a: Corviknight\n|-resisted|p1a: Corviknight|1\n|-damage|p1a: Corviknight|84/100\n|move|p1a: Corviknight|Iron Defense|p1a: Corviknight\n|-boost|p1a: Corviknight|def|2\n|\n|-heal|p1b: Milotic|25/100|[from] item: Leftovers\n|-fieldend|move: Trick Room\n|upkeep\n|turn|6\n|inactive|carlosdavid017 has 30 seconds left.\n|\n|t:|1776288384\n|move|p1b: Milotic|Scald|p2b: Meowstic\n|-damage|p2b: Meowstic|70/100\n|move|p1a: Corviknight|Iron Head|p2b: Meowstic\n|-damage|p2b: Meowstic|38/100\n|move|p2b: Meowstic|Psychic|p1b: Milotic\n|-damage|p1b: Milotic|10/100\n|move|p2a: Gallade|Trick Room|p2a: Gallade\n|-fieldstart|move: Trick Room|[of] p2a: Gallade\n|\n|-heal|p1b: Milotic|16/100|[from] item: Leftovers\n|upkeep\n|turn|7\n|inactive|carlosdavid017 has 30 seconds left.\n|\n|t:|1776288412\n|move|p2b: Meowstic|Helping Hand|p2a: Gallade\n|-singleturn|p2a: Gallade|Helping Hand|[of] p2b: Meowstic\n|move|p2a: Gallade|Sacred Sword|p1a: Corviknight\n|-damage|p1a: Corviknight|12/100\n|move|p1a: Corviknight|Body Press|p2b: Meowstic\n|-resisted|p2b: Meowstic|1\n|-damage|p2b: Meowstic|3/100\n|move|p1b: Milotic|Scald|p2b: Meowstic\n|-damage|p2b: Meowstic|0 fnt\n|faint|p2b: Meowstic\n|\n|-heal|p1b: Milotic|22/100|[from] item: Leftovers\n|upkeep\n|turn|8\n|\n|t:|1776288436\n|move|p2a: Gallade|Sacred Sword|p1b: Milotic\n|-damage|p1b: Milotic|0 fnt\n|faint|p1b: Milotic\n|move|p1a: Corviknight|Body Press|p2a: Gallade\n|-resisted|p2a: Gallade|1\n|-crit|p2a: Gallade\n|-damage|p2a: Gallade|12/100\n|\n|upkeep\n|\n|t:|1776288444\n|switch|p1b: Kingambit|Kingambit, L50, M|100/100\n|turn|9\n|\n|t:|1776288453\n|move|p1b: Kingambit|Sucker Punch|p2a: Gallade\n|-damage|p2a: Gallade|0 fnt\n|faint|p2a: Gallade\n|\n|win|carlosdavid017\n|raw|carlosdavid017's rating: 1141 &rarr; <strong>1167</strong><br />(+26 for winning)\n|raw|battle sim trainer's rating: 1154 &rarr; <strong>1128</strong><br />(-26 for losing)\n",
  "uploadtime": 1776288455,
  "views": 21,
  "formatid": "gen9championsvgc2026regma",
  "rating": 1128,
  "private": 0,
  "password": null
}