{
  "id": "gen9championsvgc2026regma-2582580476",
  "format": "[Gen 9 Champions] VGC 2026 Reg M-A",
  "players": [
    "kingler86",
    "4Test4"
  ],
  "log": "|j|\u2606kingler86\n|j|\u26064Test4\n|t:|1776100653\n|gametype|doubles\n|player|p1|kingler86|265|1164\n|player|p2|4Test4|blue|1194\n|gen|9\n|tier|[Gen 9 Champions] VGC 2026 Reg M-A\n|rated|\n|rule|Species Clause: Limit one of each Pok\u00e9mon\n|rule|Item Clause: Limit 1 of each item\n|clearpoke\n|poke|p1|Palafin, L50, F|\n|poke|p1|Pelipper, L50, M|\n|poke|p1|Dragonite, L50, F|\n|poke|p1|Sinistcha, L50|\n|poke|p1|Incineroar, L50, M|\n|poke|p1|Archaludon, L50, F|\n|poke|p2|Pelipper, L50, F|\n|poke|p2|Archaludon, L50, M|\n|poke|p2|Weavile, L50, M|\n|poke|p2|Palafin, L50, F|\n|poke|p2|Lopunny, L50, F|\n|poke|p2|Sinistcha, L50|\n|teampreview|4\n|inactive|Battle timer is ON: inactive players will automatically lose when time's up. (requested by kingler86)\n|inactive|kingler86 has 60 seconds left.\n|\n|t:|1776100700\n|teamsize|p1|4\n|teamsize|p2|4\n|start\n|switch|p1a: Incineroar|Incineroar, L50, M, shiny|100/100\n|switch|p1b: Palafin|Palafin, L50, F, shiny|100/100\n|switch|p2a: Palafin|Palafin, L50, F|100/100\n|switch|p2b: Weavile|Weavile, L50, M|100/100\n|-ability|p2b: Weavile|Pressure\n|-ability|p1a: Incineroar|Intimidate|boost\n|-unboost|p2a: Palafin|atk|1\n|-unboost|p2b: Weavile|atk|1\n|turn|1\n|inactive|kingler86 has 30 seconds left.\n|\n|t:|1776100727\n|detailschange|p2a: Palafin|Palafin-Hero, L50, F\n|switch|p2a: Archaludon|Archaludon, L50, M|100/100\n|detailschange|p1b: Palafin|Palafin-Hero, L50, F, shiny\n|switch|p1b: Archaludon|Archaludon, L50, F, shiny|100/100\n|move|p1a: Incineroar|Fake Out|p2b: Weavile\n|-damage|p2b: Weavile|79/100\n|cant|p2b: Weavile|flinch\n|\n|upkeep\n|turn|2\n|inactive|kingler86 has 30 seconds left.\n|inactive|4Test4 has 30 seconds left.\n|inactive|4Test4 has 20 seconds left.\n|inactive|4Test4 has 15 seconds left.\n|\n|t:|1776100768\n|move|p1b: Archaludon|Protect|p1b: Archaludon\n|-singleturn|p1b: Archaludon|Protect\n|move|p2b: Weavile|Triple Axel|p2a: Archaludon\n|-crit|p2a: Archaludon\n|-damage|p2a: Archaludon|88/100\n|-ability|p2a: Archaludon|Stamina|boost\n|-boost|p2a: Archaludon|def|1\n|-damage|p2a: Archaludon|80/100\n|-ability|p2a: Archaludon|Stamina|boost\n|-boost|p2a: Archaludon|def|1\n|-damage|p2a: Archaludon|71/100\n|-ability|p2a: Archaludon|Stamina|boost\n|-boost|p2a: Archaludon|def|1\n|-hitcount|p2a: Archaludon|3\n|move|p2a: Archaludon|Flash Cannon|p1a: Incineroar\n|-resisted|p1a: Incineroar|1\n|-damage|p1a: Incineroar|84/100\n|-unboost|p1a: Incineroar|spd|1\n|move|p1a: Incineroar|Snarl|p2a: Archaludon|[spread] p2a,p2b\n|-resisted|p2b: Weavile|1\n|-damage|p2a: Archaludon|58/100\n|-damage|p2b: Weavile|73/100\n|-unboost|p2a: Archaludon|spa|1\n|-unboost|p2b: Weavile|spa|1\n|-ability|p2a: Archaludon|Stamina|boost\n|-boost|p2a: Archaludon|def|1\n|\n|-heal|p2a: Archaludon|64/100|[from] item: Leftovers\n|upkeep\n|turn|3\n|inactive|kingler86 has 30 seconds left.\n|inactive|kingler86 has 20 seconds left.\n|inactive|4Test4 has 30 seconds left.\n|inactive|4Test4 has 20 seconds left.\n|\n|t:|1776100817\n|move|p2b: Weavile|Protect|p2b: Weavile\n|-singleturn|p2b: Weavile|Protect\n|move|p1b: Archaludon|Flash Cannon|p2b: Weavile\n|-activate|p2b: Weavile|move: Protect\n|move|p2a: Archaludon|Draco Meteor|p1a: Incineroar\n|-damage|p1a: Incineroar|23/100\n|-unboost|p2a: Archaludon|spa|2\n|-enditem|p1a: Incineroar|Sitrus Berry|[eat]\n|-heal|p1a: Incineroar|48/100|[from] item: Sitrus Berry\n|move|p1a: Incineroar|Parting Shot|p2a: Archaludon\n|-unboost|p2a: Archaludon|atk|1\n|-unboost|p2a: Archaludon|spa|1\n|\n|t:|1776100830\n|switch|p1a: Pelipper|Pelipper, L50, M, shiny|100/100|[from] Parting Shot\n|-weather|RainDance|[from] ability: Drizzle|[of] p1a: Pelipper\n|\n|-weather|RainDance|[upkeep]\n|-heal|p2a: Archaludon|71/100|[from] item: Leftovers\n|upkeep\n|turn|4\n|\n|t:|1776100847\n|move|p1a: Pelipper|Protect|p1a: Pelipper\n|-singleturn|p1a: Pelipper|Protect\n|move|p2b: Weavile|Triple Axel|p1a: Pelipper\n|-activate|p1a: Pelipper|move: Protect\n|move|p1b: Archaludon|Flash Cannon|p2b: Weavile\n|-supereffective|p2b: Weavile|1\n|-damage|p2b: Weavile|0 fnt\n|faint|p2b: Weavile\n|move|p2a: Archaludon|Electro Shot||[still]\n|-prepare|p2a: Archaludon|Electro Shot\n|-boost|p2a: Archaludon|spa|1\n|-anim|p2a: Archaludon|Electro Shot|p1a: Pelipper\n|-activate|p1a: Pelipper|move: Protect\n|\n|-weather|RainDance|[upkeep]\n|-heal|p2a: Archaludon|77/100|[from] item: Leftovers\n|upkeep\n|\n|t:|1776100851\n|switch|p2b: Lopunny|Lopunny, L50, F|100/100\n|turn|5\n|inactive|kingler86 has 30 seconds left.\n|\n|t:|1776100881\n|switch|p1a: Incineroar|Incineroar, L50, M, shiny|48/100\n|-ability|p1a: Incineroar|Intimidate|boost\n|-unboost|p2a: Archaludon|atk|1\n|-unboost|p2b: Lopunny|atk|1\n|detailschange|p2b: Lopunny|Lopunny-Mega, L50, F\n|-mega|p2b: Lopunny|Lopunny|Lopunnite\n|move|p1b: Archaludon|Protect|p1b: Archaludon\n|-singleturn|p1b: Archaludon|Protect\n|move|p2b: Lopunny|Fake Out|p1a: Incineroar\n|-damage|p1a: Incineroar|35/100\n|move|p2a: Archaludon|Electro Shot||[still]\n|-prepare|p2a: Archaludon|Electro Shot\n|-boost|p2a: Archaludon|spa|1\n|-anim|p2a: Archaludon|Electro Shot|p1a: Incineroar\n|-damage|p1a: Incineroar|17/100\n|\n|-weather|RainDance|[upkeep]\n|-heal|p2a: Archaludon|83/100|[from] item: Leftovers\n|upkeep\n|turn|6\n|inactive|kingler86 has 30 seconds left.\n|\n|t:|1776100907\n|move|p2b: Lopunny|Protect|p2b: Lopunny\n|-singleturn|p2b: Lopunny|Protect\n|move|p1a: Incineroar|Fake Out|p2a: Archaludon\n|-resisted|p2a: Archaludon|1\n|-damage|p2a: Archaludon|81/100\n|-ability|p2a: Archaludon|Stamina|boost\n|-boost|p2a: Archaludon|def|1\n|move|p1b: Archaludon|Electro Shot||[still]\n|-prepare|p1b: Archaludon|Electro Shot\n|-boost|p1b: Archaludon|spa|1\n|-anim|p1b: Archaludon|Electro Shot|p2b: Lopunny\n|-activate|p2b: Lopunny|move: Protect\n|cant|p2a: Archaludon|flinch\n|\n|-weather|RainDance|[upkeep]\n|-heal|p2a: Archaludon|87/100|[from] item: Leftovers\n|upkeep\n|turn|7\n|inactive|kingler86 has 30 seconds left.\n|\n|t:|1776100937\n|switch|p2b: Palafin|Palafin-Hero, L50, F|100/100\n|-activate|p2b: Palafin|ability: Zero to Hero\n|move|p1b: Archaludon|Dragon Pulse|p2a: Archaludon\n|-crit|p2a: Archaludon\n|-damage|p2a: Archaludon|0 fnt\n|faint|p2a: Archaludon\n|move|p1a: Incineroar|Parting Shot|p2b: Palafin\n|-unboost|p2b: Palafin|atk|1\n|-unboost|p2b: Palafin|spa|1\n|\n|t:|1776100951\n|switch|p1a: Palafin|Palafin-Hero, L50, F, shiny|100/100|[from] Parting Shot\n|-activate|p1a: Palafin|ability: Zero to Hero\n|\n|-weather|none\n|upkeep\n|\n|t:|1776100958\n|switch|p2a: Lopunny|Lopunny-Mega, L50, F|100/100\n|turn|8\n|\n|t:|1776100967\n|switch|p1a: Incineroar|Incineroar, L50, M, shiny|17/100\n|-ability|p1a: Incineroar|Intimidate|boost\n|-fail|p2a: Lopunny|unboost|Attack|[from] ability: Scrappy|[of] p2a: Lopunny\n|-unboost|p2b: Palafin|atk|1\n|move|p1b: Archaludon|Protect|p1b: Archaludon\n|-singleturn|p1b: Archaludon|Protect\n|move|p2a: Lopunny|Close Combat|p1b: Archaludon\n|-activate|p1b: Archaludon|move: Protect\n|move|p2b: Palafin|Close Combat|p1b: Archaludon\n|-activate|p1b: Archaludon|move: Protect\n|\n|upkeep\n|turn|9\n|inactive|kingler86 has 30 seconds left.\n|inactive|kingler86 has 20 seconds left.\n|inactive|kingler86 has 15 seconds left.\n|inactive|kingler86 has 10 seconds left.\n|inactive|kingler86 has 5 seconds left.\n|\n|t:|1776101018\n|move|p2a: Lopunny|Protect|p2a: Lopunny\n|-singleturn|p2a: Lopunny|Protect\n|move|p2b: Palafin|Protect|p2b: Palafin\n|-singleturn|p2b: Palafin|Protect\n|move|p1a: Incineroar|Fake Out|p2b: Palafin\n|-activate|p2b: Palafin|move: Protect\n|move|p1b: Archaludon|Dragon Pulse|p2a: Lopunny\n|-activate|p2a: Lopunny|move: Protect\n|\n|upkeep\n|turn|10\n|\n|t:|1776101037\n|switch|p1a: Pelipper|Pelipper, L50, M, shiny|100/100\n|-weather|RainDance|[from] ability: Drizzle|[of] p1a: Pelipper\n|move|p1b: Archaludon|Protect|p1b: Archaludon\n|-singleturn|p1b: Archaludon|Protect\n|move|p2a: Lopunny|Close Combat|p1b: Archaludon\n|-activate|p1b: Archaludon|move: Protect\n|move|p2b: Palafin|Wave Crash|p1a: Pelipper\n|-resisted|p1a: Pelipper|1\n|-damage|p1a: Pelipper|60/100\n|-damage|p2b: Palafin|90/100|[from] Recoil\n|\n|-weather|RainDance|[upkeep]\n|upkeep\n|turn|11\n|inactive|kingler86 has 30 seconds left.\n|\n|t:|1776101070\n|move|p2a: Lopunny|Close Combat|p1b: Archaludon\n|-supereffective|p1b: Archaludon|1\n|-damage|p1b: Archaludon|0 fnt\n|-unboost|p2a: Lopunny|def|1\n|-unboost|p2a: Lopunny|spd|1\n|faint|p1b: Archaludon\n|move|p2b: Palafin|Wave Crash|p1a: Pelipper\n|-resisted|p1a: Pelipper|1\n|-damage|p1a: Pelipper|20/100\n|-damage|p2b: Palafin|80/100|[from] Recoil\n|move|p1a: Pelipper|Tailwind|p1a: Pelipper\n|-sidestart|p1: kingler86|move: Tailwind\n|\n|-weather|RainDance|[upkeep]\n|upkeep\n|\n|t:|1776101083\n|switch|p1b: Palafin|Palafin-Hero, L50, F, shiny|100/100\n|turn|12\n|\n|t:|1776101105\n|move|p2a: Lopunny|Quick Attack|p1a: Pelipper\n|-damage|p1a: Pelipper|0 fnt\n|faint|p1a: Pelipper\n|move|p1b: Palafin|Wave Crash|p2b: Palafin\n|-resisted|p2b: Palafin|1\n|-damage|p2b: Palafin|7/100\n|-damage|p1b: Palafin|78/100|[from] Recoil\n|move|p2b: Palafin|Close Combat|p1b: Palafin\n|-crit|p1b: Palafin\n|-damage|p1b: Palafin|6/100\n|-unboost|p2b: Palafin|def|1\n|-unboost|p2b: Palafin|spd|1\n|\n|-weather|RainDance|[upkeep]\n|upkeep\n|\n|t:|1776101118\n|switch|p1a: Incineroar|Incineroar, L50, M, shiny|17/100\n|-ability|p1a: Incineroar|Intimidate|boost\n|-fail|p2a: Lopunny|unboost|Attack|[from] ability: Scrappy|[of] p2a: Lopunny\n|-unboost|p2b: Palafin|atk|1\n|turn|13\n|\n|t:|1776101131\n|move|p1b: Palafin|Protect|p1b: Palafin\n|-singleturn|p1b: Palafin|Protect\n|move|p2a: Lopunny|Protect|p2a: Lopunny\n|-singleturn|p2a: Lopunny|Protect\n|move|p2b: Palafin|Protect|p2b: Palafin\n|-singleturn|p2b: Palafin|Protect\n|move|p1a: Incineroar|Fake Out|p2b: Palafin\n|-activate|p2b: Palafin|move: Protect\n|\n|-weather|RainDance|[upkeep]\n|upkeep\n|turn|14\n|inactive|kingler86 has 30 seconds left.\n|\n|t:|1776101161\n|move|p1b: Palafin|Jet Punch|p2a: Lopunny\n|-damage|p2a: Lopunny|0 fnt\n|faint|p2a: Lopunny\n|move|p2b: Palafin|Jet Punch|p1a: Incineroar\n|-supereffective|p1a: Incineroar|1\n|-damage|p1a: Incineroar|0 fnt\n|faint|p1a: Incineroar\n|\n|-weather|none\n|-sideend|p1: kingler86|move: Tailwind\n|upkeep\n|turn|15\n|inactive|kingler86 has 30 seconds left.\n|\n|t:|1776101173\n|move|p2b: Palafin|Jet Punch|p1b: Palafin\n|-resisted|p1b: Palafin|1\n|-crit|p1b: Palafin\n|-damage|p1b: Palafin|0 fnt\n|faint|p1b: Palafin\n|\n|win|4Test4\n|raw|kingler86's rating: 1164 &rarr; <strong>1141</strong><br />(-23 for losing)\n|raw|4Test4's rating: 1194 &rarr; <strong>1217</strong><br />(+23 for winning)\n|l|\u2606kingler86\n|player|p1|\n",
  "uploadtime": 1776101185,
  "views": 12,
  "formatid": "gen9championsvgc2026regma",
  "rating": 1141,
  "private": 0,
  "password": null
}