{
  "id": "gen9championsvgc2026regma-2588099794",
  "format": "[Gen 9 Champions] VGC 2026 Reg M-A",
  "players": [
    "Disfrazdetigre",
    "Missing love"
  ],
  "log": "|j|\u2606Disfrazdetigre\n|j|\u2606Missing love\n|t:|1776604218\n|gametype|doubles\n|player|p1|Disfrazdetigre|266|1495\n|player|p2|Missing love|volo|1424\n|gen|9\n|tier|[Gen 9 Champions] VGC 2026 Reg M-A\n|rated|\n|rule|Species Clause: Limit one of each Pok\u00e9mon\n|rule|Item Clause: Limit 1 of each item\n|clearpoke\n|poke|p1|Scizor, L50, F|\n|poke|p1|Milotic, L50, F|\n|poke|p1|Medicham, L50, F|\n|poke|p1|Arcanine-Hisui, L50, M|\n|poke|p1|Sableye, L50, M|\n|poke|p1|Hydreigon, L50, F|\n|poke|p2|Meganium, L50, M|\n|poke|p2|Tyranitar, L50, M|\n|poke|p2|Garchomp, L50, F|\n|poke|p2|Aegislash, L50, F|\n|poke|p2|Milotic, L50, M|\n|poke|p2|Aerodactyl, L50, M|\n|teampreview|4\n|inactive|Battle timer is ON: inactive players will automatically lose when time's up. (requested by Missing love)\n|\n|t:|1776604271\n|teamsize|p1|4\n|teamsize|p2|4\n|start\n|switch|p1a: Ashnard|Hydreigon, L50, F|100/100\n|switch|p1b: Ashera|Medicham, L50, F|100/100\n|switch|p2a: Milotic|Milotic, L50, M|100/100\n|switch|p2b: Meganium|Meganium, L50, M|100/100\n|turn|1\n|inactive|Missing love has 30 seconds left.\n|\n|t:|1776604301\n|detailschange|p1b: Ashera|Medicham-Mega, L50, F\n|-mega|p1b: Ashera|Medicham|Medichamite\n|detailschange|p2b: Meganium|Meganium-Mega, L50, M\n|-mega|p2b: Meganium|Meganium|Meganiumite\n|move|p1b: Ashera|Fake Out|p2b: Meganium\n|-damage|p2b: Meganium|76/100\n|cant|p2b: Meganium|flinch\n|move|p1a: Ashnard|Tailwind|p1a: Ashnard\n|-sidestart|p1: Disfrazdetigre|move: Tailwind\n|move|p2a: Milotic|Scald|p1b: Ashera\n|-damage|p1b: Ashera|55/100\n|\n|upkeep\n|turn|2\n|\n|t:|1776604324\n|switch|p1a: Tibarn|Scizor, L50, F|100/100\n|move|p2b: Meganium|Protect|p2b: Meganium\n|-singleturn|p2b: Meganium|Protect\n|move|p1b: Ashera|Poison Jab|p2b: Meganium\n|-activate|p2b: Meganium|move: Protect\n|move|p2a: Milotic|Icy Wind|p1b: Ashera|[spread] p1a,p1b\n|-resisted|p1a: Tibarn|1\n|-damage|p1a: Tibarn|94/100\n|-damage|p1b: Ashera|39/100\n|-unboost|p1a: Tibarn|spe|1\n|-unboost|p1b: Ashera|spe|1\n|\n|upkeep\n|turn|3\n|\n|t:|1776604336\n|switch|p2b: Aegislash|Aegislash, L50, F|100/100\n|move|p1b: Ashera|Close Combat|p2a: Milotic\n|-damage|p2a: Milotic|0 fnt\n|-unboost|p1b: Ashera|def|1\n|-unboost|p1b: Ashera|spd|1\n|faint|p2a: Milotic\n|move|p1a: Tibarn|Swords Dance|p1a: Tibarn\n|-boost|p1a: Tibarn|atk|2\n|\n|upkeep\n|\n|t:|1776604353\n|switch|p2a: Meganium|Meganium-Mega, L50, M|76/100\n|turn|4\n|\n|t:|1776604368\n|switch|p1b: Ashnard|Hydreigon, L50, F|100/100\n|move|p2a: Meganium|Protect|p2a: Meganium\n|-singleturn|p2a: Meganium|Protect\n|move|p1a: Tibarn|Bullet Punch|p2a: Meganium\n|-activate|p2a: Meganium|move: Protect\n|-formechange|p2b: Aegislash|Aegislash-Blade|\n|move|p2b: Aegislash|Poltergeist|p1a: Tibarn\n|-activate|p1a: Tibarn|move: Poltergeist|Lum Berry\n|-crit|p1a: Tibarn\n|-damage|p1a: Tibarn|0 fnt\n|faint|p1a: Tibarn\n|\n|-sideend|p1: Disfrazdetigre|move: Tailwind\n|upkeep\n|c|\u2606Disfrazdetigre|No fucking wsy\n|\n|t:|1776604388\n|switch|p1a: Skrimir|Arcanine-Hisui, L50, M|100/100\n|turn|5\n|j| Dinkleburg4201\n|inactive|Missing love has 30 seconds left.\n|\n|t:|1776604418\n|switch|p2a: Garchomp|Garchomp, L50, F|100/100\n|-formechange|p2b: Aegislash|Aegislash|\n|move|p2b: Aegislash|King's Shield|p2b: Aegislash\n|-singleturn|p2b: Aegislash|Protect\n|move|p1b: Ashnard|Dark Pulse|p2b: Aegislash\n|-activate|p2b: Aegislash|move: Protect\n|move|p1a: Skrimir|Flare Blitz|p2a: Garchomp\n|-resisted|p2a: Garchomp|1\n|-damage|p2a: Garchomp|69/100\n|-damage|p1a: Skrimir|88/100|[from] ability: Rough Skin|[of] p2a: Garchomp\n|\n|upkeep\n|turn|6\n|\n|t:|1776604435\n|move|p1a: Skrimir|Protect|p1a: Skrimir\n|-singleturn|p1a: Skrimir|Protect\n|move|p2a: Garchomp|Dragon Claw|p1b: Ashnard\n|-supereffective|p1b: Ashnard|1\n|-damage|p1b: Ashnard|11/100\n|move|p1b: Ashnard|Tailwind|p1b: Ashnard\n|-sidestart|p1: Disfrazdetigre|move: Tailwind\n|-formechange|p2b: Aegislash|Aegislash-Blade|\n|move|p2b: Aegislash|Iron Head|p1a: Skrimir\n|-activate|p1a: Skrimir|move: Protect\n|\n|upkeep\n|turn|7\n|\n|t:|1776604456\n|switch|p2a: Meganium|Meganium-Mega, L50, M|76/100\n|move|p2b: Aegislash|Shadow Sneak|p1b: Ashnard\n|-resisted|p1b: Ashnard|1\n|-damage|p1b: Ashnard|0 fnt\n|faint|p1b: Ashnard\n|move|p1a: Skrimir|Flare Blitz|p2b: Aegislash\n|-supereffective|p2b: Aegislash|1\n|-damage|p2b: Aegislash|0 fnt\n|faint|p2b: Aegislash\n|\n|upkeep\n|\n|t:|1776604466\n|switch|p1b: Ashera|Medicham-Mega, L50, F|39/100\n|switch|p2b: Garchomp|Garchomp, L50, F|69/100\n|turn|8\n|\n|t:|1776604480\n|move|p2a: Meganium|Protect|p2a: Meganium\n|-singleturn|p2a: Meganium|Protect\n|move|p1b: Ashera|Close Combat|p2b: Garchomp\n|-damage|p2b: Garchomp|0 fnt\n|-unboost|p1b: Ashera|def|1\n|-unboost|p1b: Ashera|spd|1\n|-damage|p1b: Ashera|27/100|[from] ability: Rough Skin|[of] p2b: Garchomp\n|faint|p2b: Garchomp\n|move|p1a: Skrimir|Flare Blitz|p2a: Meganium\n|-activate|p2a: Meganium|move: Protect\n|\n|upkeep\n|turn|9\n|\n|t:|1776604490\n|move|p1b: Ashera|Poison Jab|p2a: Meganium\n|-supereffective|p2a: Meganium|2\n|-damage|p2a: Meganium|0 fnt\n|faint|p2a: Meganium\n|\n|win|Disfrazdetigre\n|raw|Disfrazdetigre's rating: 1495 &rarr; <strong>1511</strong><br />(+16 for winning)\n|raw|Missing love's rating: 1424 &rarr; <strong>1408</strong><br />(-16 for losing)\n|l|\u2606Missing love\n|player|p2|\n|l|\u2606Disfrazdetigre\n|player|p1|\n",
  "uploadtime": 1776604993,
  "views": 12,
  "formatid": "gen9championsvgc2026regma",
  "rating": 1408,
  "private": 0,
  "password": null
}