{
  "id": "gen9championsvgc2026regma-2586354296",
  "format": "[Gen 9 Champions] VGC 2026 Reg M-A",
  "players": [
    "Ikklau",
    "antinn"
  ],
  "log": "|j|\u2606Ikklau\n|j|\u2606antinn\n|t:|1776428166\n|gametype|doubles\n|player|p1|Ikklau|psychic-gen4|1100\n|player|p2|antinn|shadowtriad|1034\n|gen|9\n|tier|[Gen 9 Champions] VGC 2026 Reg M-A\n|rated|\n|rule|Species Clause: Limit one of each Pok\u00e9mon\n|rule|Item Clause: Limit 1 of each item\n|clearpoke\n|poke|p1|Gengar, L50, M|\n|poke|p1|Incineroar, L50, M|\n|poke|p1|Maushold-Four, L50|\n|poke|p1|Politoed, L50, M|\n|poke|p1|Clefable, L50, M|\n|poke|p1|Toxapex, L50, F|\n|poke|p2|Zoroark-Hisui, L50, F|\n|poke|p2|Sableye, L50, M|\n|poke|p2|Sneasler, L50, M|\n|poke|p2|Flapple, L50, M|\n|poke|p2|Gengar, L50, M|\n|poke|p2|Froslass, L50, F|\n|teampreview|4\nantinn rejected open team sheets.\n|\n|t:|1776428213\n|teamsize|p1|4\n|teamsize|p2|4\n|start\n|switch|p1a: Gengar|Gengar, L50, M, shiny|100/100\n|switch|p1b: Maushold|Maushold-Four, L50|100/100\n|switch|p2a: Flapple|Flapple, L50, M|100/100\n|switch|p2b: Sableye|Sableye, L50, M|100/100\n|turn|1\n|\n|t:|1776428230\n|detailschange|p1a: Gengar|Gengar-Mega, L50, M, shiny\n|-mega|p1a: Gengar|Gengar|Gengarite\n|move|p1b: Maushold|Follow Me|p1b: Maushold\n|-singleturn|p1b: Maushold|move: Follow Me\n|move|p2b: Sableye|Gravity|p2b: Sableye\n|-fieldstart|move: Gravity\n|move|p1a: Gengar|Shadow Ball|p2b: Sableye\n|-damage|p2b: Sableye|37/100\n|move|p2a: Flapple|Grav Apple|p1b: Maushold\n|-damage|p1b: Maushold|0 fnt\n|faint|p1b: Maushold\n|\n|upkeep\n|\n|t:|1776428243\n|switch|p1b: Clefable|Clefable, L50, M|100/100\n|turn|2\n|\n|t:|1776428258\n|switch|p2b: Sneasler|Sneasler, L50, M|100/100\n|move|p1b: Clefable|Follow Me|p1b: Clefable\n|-singleturn|p1b: Clefable|move: Follow Me\n|move|p1a: Gengar|Shadow Ball|p2b: Sneasler\n|-damage|p2b: Sneasler|28/100\n|move|p2a: Flapple|Grav Apple|p1b: Clefable\n|-damage|p1b: Clefable|4/100\n|-unboost|p1b: Clefable|def|1\n|\n|upkeep\n|turn|3\n|\n|t:|1776428286\n|switch|p1b: Politoed|Politoed, L50, M|100/100\n|-weather|RainDance|[from] ability: Drizzle|[of] p1b: Politoed\n|move|p1a: Gengar|Disable|p2a: Flapple\n|-start|p2a: Flapple|Disable|Grav Apple\n|move|p2b: Sneasler|Gunk Shot|p1a: Gengar\n|-resisted|p1a: Gengar|2\n|-damage|p1a: Gengar|77/100\n|cant|p2a: Flapple|Disable|Grav Apple\n|\n|-weather|RainDance|[upkeep]\n|upkeep\n|turn|4\n|\n|t:|1776428313\n|move|p1a: Gengar|Protect|p1a: Gengar\n|-singleturn|p1a: Gengar|Protect\n|move|p2b: Sneasler|Close Combat|p1b: Politoed\n|-damage|p1b: Politoed|41/100\n|-unboost|p2b: Sneasler|def|1\n|-unboost|p2b: Sneasler|spd|1\n|-enditem|p2b: Sneasler|White Herb\n|-clearnegativeboost|p2b: Sneasler|[silent]\n|-activate|p2a: Flapple|move: Struggle\n|move|p2a: Flapple|Struggle|p1b: Politoed\n|-damage|p1b: Politoed|15/100\n|-damage|p2a: Flapple|75/100|[from] recoil\n|move|p1b: Politoed|Psychic|p2b: Sneasler\n|-supereffective|p2b: Sneasler|2\n|-damage|p2b: Sneasler|0 fnt\n|faint|p2b: Sneasler\n|\n|-weather|RainDance|[upkeep]\n|upkeep\n|\n|t:|1776428331\n|switch|p2b: Gengar|Gengar, L50, M|100/100\n|turn|5\n|\n|t:|1776428347\n|detailschange|p2b: Gengar|Gengar-Mega, L50, M\n|-mega|p2b: Gengar|Gengar|Gengarite\n|move|p1a: Gengar|Shadow Ball|p2b: Gengar\n|-supereffective|p2b: Gengar|1\n|-damage|p2b: Gengar|0 fnt\n|faint|p2b: Gengar\n|-activate|p2a: Flapple|move: Struggle\n|move|p2a: Flapple|Struggle|p1b: Politoed\n|-damage|p1b: Politoed|0 fnt\n|faint|p1b: Politoed\n|-damage|p2a: Flapple|50/100|[from] recoil\n|\n|-weather|RainDance|[upkeep]\n|-fieldend|move: Gravity\n|upkeep\n|\n|t:|1776428361\n|switch|p2b: Sableye|Sableye, L50, M|37/100\n|switch|p1b: Clefable|Clefable, L50, M|4/100\n|turn|6\n|\n|t:|1776428373\n|move|p2b: Sableye|Feint|p1b: Clefable\n|-damage|p1b: Clefable|0 fnt\n|faint|p1b: Clefable\n|move|p1a: Gengar|Shadow Ball|p2b: Sableye\n|-crit|p2b: Sableye\n|-damage|p2b: Sableye|0 fnt\n|faint|p2b: Sableye\n|-activate|p2a: Flapple|move: Struggle\n|move|p2a: Flapple|Struggle|p1a: Gengar\n|-damage|p1a: Gengar|35/100\n|-damage|p2a: Flapple|25/100|[from] recoil\n|\n|-weather|RainDance|[upkeep]\n|-end|p2a: Flapple|Disable\n|upkeep\n|turn|7\n|\n|t:|1776428393\n|move|p1a: Gengar|Disable||[still]\n|-fail|p1a: Gengar\n|move|p2a: Flapple|Grav Apple|p1a: Gengar\n|-resisted|p1a: Gengar|1\n|-damage|p1a: Gengar|0 fnt\n|faint|p1a: Gengar\n|\n|win|antinn\n|raw|Ikklau's rating: 1100 &rarr; <strong>1070</strong><br />(-30 for losing)\n|raw|antinn's rating: 1034 &rarr; <strong>1075</strong><br />(+41 for winning)\n|l|\u2606Ikklau\n|player|p1|\n|c|\u2606antinn|XD\n",
  "uploadtime": 1776428405,
  "views": 28,
  "formatid": "gen9championsvgc2026regma",
  "rating": 1070,
  "private": 0,
  "password": null
}