{
  "id": "gen9championsvgc2026regma-2582792688",
  "format": "[Gen 9 Champions] VGC 2026 Reg M-A",
  "players": [
    "yunusko",
    "Prohxy"
  ],
  "log": "|j|\u2606yunusko\n|j|\u2606Prohxy\n|t:|1776114513\n|gametype|doubles\n|player|p1|yunusko|cynthia|1022\n|player|p2|Prohxy|lorelei-lgpe|1072\n|gen|9\n|tier|[Gen 9 Champions] VGC 2026 Reg M-A\n|rated|\n|rule|Species Clause: Limit one of each Pok\u00e9mon\n|rule|Item Clause: Limit 1 of each item\n|clearpoke\n|poke|p1|Drampa, L50, M|\n|poke|p1|Alakazam, L50, M|\n|poke|p1|Basculegion, L50, M|\n|poke|p1|Pelipper, L50, M|\n|poke|p1|Sinistcha, L50|\n|poke|p1|Scizor, L50, F|\n|poke|p2|Drampa, L50, M|\n|poke|p2|Mimikyu, L50, M|\n|poke|p2|Basculegion, L50, M|\n|poke|p2|Oranguru, L50, M|\n|poke|p2|Sinistcha, L50|\n|poke|p2|Camerupt, L50, M|\n|teampreview|4\n|\n|t:|1776114538\n|teamsize|p1|4\n|teamsize|p2|4\n|start\n|switch|p1a: Alakazam|Alakazam, L50, M, shiny|100/100\n|switch|p1b: Drampa|Drampa, L50, M, shiny|100/100\n|switch|p2a: Mimikyu|Mimikyu, L50, M, shiny|100/100\n|switch|p2b: Basculegion|Basculegion, L50, M, shiny|100/100\n|-ability|p1b: Drampa|Cloud Nine\n|turn|1\n|\n|t:|1776114565\n|detailschange|p1b: Drampa|Drampa-Mega, L50, M, shiny\n|-mega|p1b: Drampa|Drampa|Drampanite\n|move|p1a: Alakazam|Speed Swap|p2a: Mimikyu\n|-activate|p1a: Alakazam|move: Speed Swap|[of] p2a: Mimikyu\n|move|p2b: Basculegion|Wave Crash|p1a: Alakazam\n|-damage|p1a: Alakazam|0 fnt\n|faint|p1a: Alakazam\n|-damage|p2b: Basculegion|80/100|[from] Recoil\n|move|p1b: Drampa|Calm Mind|p1b: Drampa\n|-boost|p1b: Drampa|spa|1\n|-boost|p1b: Drampa|spd|1\n|move|p2a: Mimikyu|Trick Room|p2a: Mimikyu\n|-fieldstart|move: Trick Room|[of] p2a: Mimikyu\n|\n|upkeep\n|\n|t:|1776114592\n|switch|p1a: Sinistcha|Sinistcha, L50, shiny|100/100\n|turn|2\n|\n|t:|1776114612\n|move|p1b: Drampa|Calm Mind|p1b: Drampa\n|-boost|p1b: Drampa|spa|1\n|-boost|p1b: Drampa|spd|1\n|move|p2b: Basculegion|Wave Crash|p1a: Sinistcha\n|-resisted|p1a: Sinistcha|1\n|-damage|p1a: Sinistcha|51/100\n|-damage|p2b: Basculegion|68/100|[from] Recoil\n|move|p1a: Sinistcha|Matcha Gotcha|p2a: Mimikyu|[spread] p2a,p2b\n|-supereffective|p2b: Basculegion|1\n|-activate|p2a: Mimikyu|ability: Disguise\n|-damage|p2a: Mimikyu|100/100\n|-damage|p2b: Basculegion|11/100\n|-heal|p1a: Sinistcha|92/100|[from] drain|[of] p2b: Basculegion\n|-status|p2b: Basculegion|brn\n|detailschange|p2a: Mimikyu|Mimikyu-Busted, L50, M, shiny\n|-damage|p2a: Mimikyu|88/100|[from] pokemon: Mimikyu-Busted\n|move|p2a: Mimikyu|Drain Punch|p1b: Drampa\n|-supereffective|p1b: Drampa|1\n|-damage|p1b: Drampa|60/100\n|-heal|p2a: Mimikyu|100/100|[from] drain|[of] p1b: Drampa\n|\n|-damage|p2b: Basculegion|5/100 brn|[from] brn\n|upkeep\n|turn|3\n|\n|t:|1776114651\n|move|p1b: Drampa|Earth Power|p2a: Mimikyu\n|-damage|p2a: Mimikyu|21/100\n|-enditem|p2a: Mimikyu|Sitrus Berry|[eat]\n|-heal|p2a: Mimikyu|46/100|[from] item: Sitrus Berry\n|move|p2b: Basculegion|Last Respects|p1a: Sinistcha\n|-supereffective|p1a: Sinistcha|1\n|-damage|p1a: Sinistcha|58/100\n|move|p1a: Sinistcha|Matcha Gotcha|p2b: Basculegion|[spread] p2a,p2b\n|-supereffective|p2b: Basculegion|1\n|-damage|p2a: Mimikyu|13/100\n|-heal|p1a: Sinistcha|74/100|[from] drain|[of] p2a: Mimikyu\n|-damage|p2b: Basculegion|0 fnt\n|-heal|p1a: Sinistcha|77/100|[from] drain|[of] p2b: Basculegion\n|faint|p2b: Basculegion\n|move|p2a: Mimikyu|Play Rough|p1b: Drampa\n|-supereffective|p1b: Drampa|1\n|-damage|p1b: Drampa|0 fnt\n|faint|p1b: Drampa\n|\n|upkeep\n|\n|t:|1776114673\n|switch|p1b: Basculegion|Basculegion, L50, M, shiny|100/100\n|switch|p2b: Drampa|Drampa, L50, M|100/100\n|turn|4\n|\n|t:|1776114694\n|detailschange|p2b: Drampa|Drampa-Mega, L50, M\n|-mega|p2b: Drampa|Drampa|Drampanite\n|move|p2b: Drampa|Dragon Pulse|p1b: Basculegion\n|-damage|p1b: Basculegion|32/100\n|move|p1a: Sinistcha|Matcha Gotcha|p2b: Drampa|[spread] p2a,p2b\n|-resisted|p2b: Drampa|1\n|-damage|p2a: Mimikyu|0 fnt\n|-heal|p1a: Sinistcha|83/100|[from] drain|[of] p2a: Mimikyu\n|-damage|p2b: Drampa|88/100\n|-heal|p1a: Sinistcha|91/100|[from] drain|[of] p2b: Drampa\n|faint|p2a: Mimikyu\n|move|p1b: Basculegion|Wave Crash|p2b: Drampa\n|-resisted|p2b: Drampa|1\n|-damage|p2b: Drampa|56/100\n|-damage|p1b: Basculegion|23/100|[from] Recoil\n|\n|upkeep\n|\n|t:|1776114709\n|switch|p2a: Sinistcha|Sinistcha, L50, shiny|100/100\n|-heal|p2b: Drampa|81/100|[from] ability: Hospitality|[of] p2a: Sinistcha\n|turn|5\n|\n|t:|1776114734\n|move|p2b: Drampa|Dragon Pulse|p1a: Sinistcha\n|-damage|p1a: Sinistcha|12/100\n|-enditem|p1a: Sinistcha|Sitrus Berry|[eat]\n|-heal|p1a: Sinistcha|37/100|[from] item: Sitrus Berry\n|move|p2a: Sinistcha|Matcha Gotcha|p1b: Basculegion|[spread] p1a,p1b\n|-resisted|p1a: Sinistcha|1\n|-supereffective|p1b: Basculegion|1\n|-damage|p1a: Sinistcha|16/100\n|-damage|p1b: Basculegion|0 fnt\n|faint|p1b: Basculegion\n|move|p1a: Sinistcha|Life Dew|p1a: Sinistcha\n|-heal|p1a: Sinistcha|42/100\n|\n|-fieldend|move: Trick Room\n|upkeep\n|turn|6\n|\n|t:|1776114749\n|move|p1a: Sinistcha|Matcha Gotcha|p2b: Drampa|[spread] p2a,p2b\n|-resisted|p2a: Sinistcha|1\n|-resisted|p2b: Drampa|1\n|-damage|p2a: Sinistcha|83/100\n|-heal|p1a: Sinistcha|50/100|[from] drain|[of] p2a: Sinistcha\n|-damage|p2b: Drampa|67/100\n|-heal|p1a: Sinistcha|59/100|[from] drain|[of] p2b: Drampa\n|-status|p2b: Drampa|brn\n|move|p2a: Sinistcha|Shadow Ball|p1a: Sinistcha\n|-supereffective|p1a: Sinistcha|1\n|-damage|p1a: Sinistcha|0 fnt\n|faint|p1a: Sinistcha\n|\n|win|Prohxy\n|raw|yunusko's rating: 1022 &rarr; <strong>1011</strong><br />(-11 for losing)\n|raw|Prohxy's rating: 1072 &rarr; <strong>1097</strong><br />(+25 for winning)\n",
  "uploadtime": 1776114762,
  "views": 23,
  "formatid": "gen9championsvgc2026regma",
  "rating": 1011,
  "private": 0,
  "password": null
}