{
  "id": "gen9championsvgc2026regma-2582497629",
  "format": "[Gen 9 Champions] VGC 2026 Reg M-A",
  "players": [
    "thatoneguywithapen",
    "rikjee"
  ],
  "log": "|j|\u2606thatoneguywithapen\n|j|\u2606rikjee\n|t:|1776095486\n|gametype|doubles\n|player|p1|thatoneguywithapen|266|1130\n|player|p2|rikjee|roxie|1177\n|gen|9\n|tier|[Gen 9 Champions] VGC 2026 Reg M-A\n|rated|\n|rule|Species Clause: Limit one of each Pok\u00e9mon\n|rule|Item Clause: Limit 1 of each item\n|clearpoke\n|poke|p1|Golurk, L50|\n|poke|p1|Farigiraf, L50, F|\n|poke|p1|Incineroar, L50, F|\n|poke|p1|Torkoal, L50, M|\n|poke|p1|Sneasler, L50, F|\n|poke|p1|Venusaur, L50, F|\n|poke|p2|Gengar, L50, M|\n|poke|p2|Orthworm, L50, M|\n|poke|p2|Garchomp, L50, F|\n|poke|p2|Aerodactyl, L50, M|\n|poke|p2|Rotom-Wash, L50|\n|poke|p2|Incineroar, L50, F|\n|teampreview|4\n|inactive|Battle timer is ON: inactive players will automatically lose when time's up. (requested by rikjee)\n|inactive|rikjee has 60 seconds left.\n|\n|t:|1776095544\n|teamsize|p1|4\n|teamsize|p2|4\n|start\n|switch|p1a: Golurk|Golurk, L50, shiny|100/100\n|switch|p1b: Farigiraf|Farigiraf, L50, F, shiny|100/100\n|switch|p2a: Aerodactyl|Aerodactyl, L50, M|100/100\n|switch|p2b: Orthworm|Orthworm, L50, M|100/100\n|-ability|p2a: Aerodactyl|Unnerve\n|turn|1\n|inactive|thatoneguywithapen has 30 seconds left.\n|inactive|rikjee has 30 seconds left.\n|inactive|thatoneguywithapen has 20 seconds left.\n|\n|t:|1776095581\n|detailschange|p1a: Golurk|Golurk-Mega, L50, shiny\n|-mega|p1a: Golurk|Golurk|Golurkite\n|move|p2a: Aerodactyl|Rock Slide|p1a: Golurk|[spread] p1a,p1b\n|-resisted|p1a: Golurk|1\n|-damage|p1a: Golurk|88/100\n|-damage|p1b: Farigiraf|79/100\n|move|p2b: Orthworm|Shed Tail|p2b: Orthworm\n|-start|p2b: Orthworm|Substitute|[from] move: Shed Tail\n|-damage|p2b: Orthworm|50/100\n|\n|t:|1776095590\n|switch|p2b: Garchomp|Garchomp, L50, F|100/100|[from] Shed Tail\n|move|p1a: Golurk|Ice Punch|p2a: Aerodactyl\n|-supereffective|p2a: Aerodactyl|1\n|-crit|p2a: Aerodactyl\n|-damage|p2a: Aerodactyl|0 fnt\n|faint|p2a: Aerodactyl\n|cant|p1b: Farigiraf|flinch\n|\n|upkeep\n|\n|t:|1776095611\n|switch|p2a: Rotom|Rotom-Wash, L50|100/100\n|turn|2\n|\n|t:|1776095621\n|move|p1a: Golurk|Protect|p1a: Golurk\n|-singleturn|p1a: Golurk|Protect\n|move|p2b: Garchomp|Dragon Claw|p1b: Farigiraf\n|-damage|p1b: Farigiraf|44/100\n|-enditem|p1b: Farigiraf|Sitrus Berry|[eat]\n|-heal|p1b: Farigiraf|69/100|[from] item: Sitrus Berry\n|move|p2a: Rotom|Thunderbolt|p1b: Farigiraf\n|-damage|p1b: Farigiraf|31/100\n|move|p1b: Farigiraf|Trick Room|p1b: Farigiraf\n|-fieldstart|move: Trick Room|[of] p1b: Farigiraf\n|\n|upkeep\n|turn|3\n|\n|t:|1776095640\n|move|p1b: Farigiraf|Helping Hand|p1a: Golurk\n|-singleturn|p1a: Golurk|Helping Hand|[of] p1b: Farigiraf\n|move|p1a: Golurk|Poltergeist|p2a: Rotom\n|-activate|p2a: Rotom|move: Poltergeist|Leftovers\n|-damage|p2a: Rotom|0 fnt\n|faint|p2a: Rotom\n|move|p2b: Garchomp|Earthquake|p1a: Golurk|[spread] p1a,p1b\n|-crit|p1b: Farigiraf\n|-damage|p1a: Golurk|53/100\n|-damage|p1b: Farigiraf|0 fnt\n|faint|p1b: Farigiraf\n|\n|upkeep\n|\n|t:|1776095653\n|switch|p1b: Incineroar|Incineroar, L50, F, shiny|100/100\n|switch|p2a: Orthworm|Orthworm, L50, M|50/100\n|-ability|p1b: Incineroar|Intimidate|boost\n|-unboost|p2a: Orthworm|atk|1\n|-immune|p2b: Garchomp\n|turn|4\n|inactive|rikjee has 30 seconds left.\n|\n|t:|1776095683\n|move|p1a: Golurk|Ice Punch|p2b: Garchomp\n|-supereffective|p2b: Garchomp|2\n|-end|p2b: Garchomp|Substitute\n|move|p1b: Incineroar|Flare Blitz|p2a: Orthworm\n|-supereffective|p2a: Orthworm|1\n|-damage|p2a: Orthworm|0 fnt\n|faint|p2a: Orthworm\n|-damage|p1b: Incineroar|86/100|[from] Recoil\n|move|p2b: Garchomp|Earthquake|p1b: Incineroar|[spread] p1a,p1b\n|-supereffective|p1b: Incineroar|1\n|-enditem|p1b: Incineroar|Shuca Berry|[eat]\n|-enditem|p1b: Incineroar|Shuca Berry|[weaken]\n|-damage|p1a: Golurk|17/100\n|-damage|p1b: Incineroar|56/100\n|\n|upkeep\n|turn|5\n|\n|t:|1776095702\n|move|p2b: Garchomp|Protect|p2b: Garchomp\n|-singleturn|p2b: Garchomp|Protect\n|move|p1a: Golurk|Ice Punch|p2b: Garchomp\n|-supereffective|p2b: Garchomp|2\n|-ability|p1a: Golurk|Unseen Fist\n|-zbroken|p2b: Garchomp\n|-damage|p2b: Garchomp|67/100\n|-status|p2b: Garchomp|frz\n|-damage|p1a: Golurk|5/100|[from] ability: Rough Skin|[of] p2b: Garchomp\n|move|p1b: Incineroar|Parting Shot|p2b: Garchomp\n|-activate|p2b: Garchomp|move: Protect\n|\n|upkeep\n|turn|6\n|-message|rikjee forfeited.\n|\n|win|thatoneguywithapen\n|raw|thatoneguywithapen's rating: 1130 &rarr; <strong>1158</strong><br />(+28 for winning)\n|raw|rikjee's rating: 1177 &rarr; <strong>1149</strong><br />(-28 for losing)\n|l|\u2606rikjee\n|player|p2|\n|c|\u2606thatoneguywithapen|ggs\n",
  "uploadtime": 1776095719,
  "views": 110,
  "formatid": "gen9championsvgc2026regma",
  "rating": 1149,
  "private": 0,
  "password": null
}