{
  "id": "gen9championsvgc2026regma-2584870309",
  "format": "[Gen 9 Champions] VGC 2026 Reg M-A",
  "players": [
    "firepk",
    "Silvist"
  ],
  "log": "|j|\u2606firepk\n|j|\u2606Silvist\n|t:|1776290207\n|gametype|doubles\n|player|p1|firepk|102|1135\n|player|p2|Silvist|2|1130\n|gen|9\n|tier|[Gen 9 Champions] VGC 2026 Reg M-A\n|rated|\n|rule|Species Clause: Limit one of each Pok\u00e9mon\n|rule|Item Clause: Limit 1 of each item\n|clearpoke\n|poke|p1|Tyranitar, L50, F|\n|poke|p1|Garchomp, L50, F|\n|poke|p1|Rotom-Wash, L50|\n|poke|p1|Corviknight, L50, M|\n|poke|p1|Sneasler, L50, M|\n|poke|p1|Maushold-Four, L50|\n|poke|p2|Incineroar, L50, M|\n|poke|p2|Starmie, L50|\n|poke|p2|Chesnaught, L50, F|\n|poke|p2|Ceruledge, L50, F|\n|poke|p2|Aerodactyl, L50, F|\n|poke|p2|Sneasler, L50, F|\n|teampreview|4\n|inactive|Battle timer is ON: inactive players will automatically lose when time's up. (requested by firepk)\n|\n|t:|1776290277\n|teamsize|p1|4\n|teamsize|p2|4\n|start\n|switch|p1a: Corviknight|Corviknight, L50, M|100/100\n|switch|p1b: Rotom|Rotom-Wash, L50|100/100\n|switch|p2a: Incineroar|Incineroar, L50, M|100/100\n|switch|p2b: Starmie|Starmie, L50|100/100\n|-ability|p2a: Incineroar|Intimidate|boost\n|-ability|p1a: Corviknight|Mirror Armor\n|-unboost|p2a: Incineroar|atk|1\n|-unboost|p1b: Rotom|atk|1\n|turn|1\n|inactive|firepk has 30 seconds left.\n|inactive|Silvist has 30 seconds left.\n|\n|t:|1776290304\n|switch|p2b: Chesnaught|Chesnaught, L50, F|100/100\n|move|p1b: Rotom|Protect|p1b: Rotom\n|-singleturn|p1b: Rotom|Protect\n|move|p2a: Incineroar|Fake Out|p1a: Corviknight\n|-resisted|p1a: Corviknight|1\n|-damage|p1a: Corviknight|98/100\n|cant|p1a: Corviknight|flinch\n|\n|-heal|p1a: Corviknight|100/100|[from] item: Leftovers\n|upkeep\n|turn|2\n|\n|t:|1776290323\n|switch|p1b: Sneasler|Sneasler, L50, M|100/100\n|move|p1a: Corviknight|Brave Bird|p2b: Chesnaught\n|-supereffective|p2b: Chesnaught|2\n|-damage|p2b: Chesnaught|0 fnt\n|faint|p2b: Chesnaught\n|-damage|p1a: Corviknight|69/100|[from] Recoil\n|move|p2a: Incineroar|Flare Blitz|p1a: Corviknight\n|-supereffective|p1a: Corviknight|1\n|-damage|p1a: Corviknight|7/100\n|-damage|p2a: Incineroar|79/100|[from] Recoil\n|\n|-heal|p1a: Corviknight|13/100|[from] item: Leftovers\n|upkeep\n|\n|t:|1776290342\n|switch|p2b: Starmie|Starmie, L50|100/100\n|turn|3\n|\n|t:|1776290350\n|switch|p2a: Ceruledge|Ceruledge, L50, F|100/100\n|detailschange|p2b: Starmie|Starmie-Mega, L50\n|-mega|p2b: Starmie|Starmie|Starminite\n|move|p1b: Sneasler|Fake Out|p2b: Starmie\n|-damage|p2b: Starmie|78/100\n|cant|p2b: Starmie|flinch\n|move|p1a: Corviknight|Tailwind|p1a: Corviknight\n|-sidestart|p1: firepk|move: Tailwind\n|\n|-heal|p1a: Corviknight|19/100|[from] item: Leftovers\n|upkeep\n|turn|4\n|inactive|firepk has 30 seconds left.\n|\n|t:|1776290375\n|move|p1b: Sneasler|Protect|p1b: Sneasler\n|-singleturn|p1b: Sneasler|Protect\n|move|p2b: Starmie|Skill Swap|p2a: Ceruledge\n|-activate|p2b: Starmie|Skill Swap|||[of] p2a: Ceruledge\n|move|p1a: Corviknight|Brave Bird|p2b: Starmie\n|-damage|p2b: Starmie|15/100\n|-damage|p1a: Corviknight|5/100|[from] Recoil\n|move|p2a: Ceruledge|Bitter Blade|p1b: Sneasler\n|-activate|p1b: Sneasler|move: Protect\n|\n|-heal|p1a: Corviknight|11/100|[from] item: Leftovers\n|upkeep\n|turn|5\n|\n|t:|1776290399\n|switch|p1a: Tyranitar|Tyranitar, L50, F|100/100\n|-weather|Sandstorm|[from] ability: Sand Stream|[of] p1a: Tyranitar\n|move|p1b: Sneasler|Dire Claw|p2b: Starmie\n|-damage|p2b: Starmie|0 fnt\n|faint|p2b: Starmie\n|move|p2a: Ceruledge|Bitter Blade|p1b: Sneasler\n|-damage|p1b: Sneasler|0 fnt\n|faint|p1b: Sneasler\n|\n|-weather|Sandstorm|[upkeep]\n|-damage|p2a: Ceruledge|95/100|[from] Sandstorm\n|upkeep\n|\n|t:|1776290411\n|switch|p2b: Incineroar|Incineroar, L50, M|79/100\n|switch|p1b: Rotom|Rotom-Wash, L50|100/100\n|-ability|p2b: Incineroar|Intimidate|boost\n|-unboost|p1a: Tyranitar|atk|1\n|-unboost|p1b: Rotom|atk|1\n|turn|6\n|\n|t:|1776290425\n|detailschange|p1a: Tyranitar|Tyranitar-Mega, L50, F\n|-mega|p1a: Tyranitar|Tyranitar|Tyranitarite\n|move|p2b: Incineroar|Fake Out|p1b: Rotom\n|-damage|p1b: Rotom|86/100\n|cant|p1b: Rotom|flinch\n|move|p1a: Tyranitar|Knock Off|p2a: Ceruledge\n|-supereffective|p2a: Ceruledge|1\n|-enditem|p2a: Ceruledge|Colbur Berry|[eat]\n|-enditem|p2a: Ceruledge|Colbur Berry|[weaken]\n|-damage|p2a: Ceruledge|33/100\n|move|p2a: Ceruledge|Brick Break|p1a: Tyranitar\n|-supereffective|p1a: Tyranitar|2\n|-damage|p1a: Tyranitar|0 fnt\n|faint|p1a: Tyranitar\n|\n|-weather|Sandstorm|[upkeep]\n|-damage|p1b: Rotom|80/100|[from] Sandstorm\n|-damage|p2a: Ceruledge|27/100|[from] Sandstorm\n|-damage|p2b: Incineroar|73/100|[from] Sandstorm\n|-sideend|p1: firepk|move: Tailwind\n|upkeep\n|\n|t:|1776290435\n|switch|p1a: Corviknight|Corviknight, L50, M|11/100\n|turn|7\n|\n|t:|1776290455\n|move|p1b: Rotom|Thunderbolt|p2a: Ceruledge\n|-damage|p2a: Ceruledge|0 fnt\n|faint|p2a: Ceruledge\n|move|p1a: Corviknight|Tailwind|p1a: Corviknight\n|-sidestart|p1: firepk|move: Tailwind\n|move|p2b: Incineroar|Flare Blitz|p1a: Corviknight\n|-supereffective|p1a: Corviknight|1\n|-damage|p1a: Corviknight|0 fnt\n|faint|p1a: Corviknight\n|-damage|p2b: Incineroar|70/100|[from] Recoil\n|\n|-weather|Sandstorm|[upkeep]\n|-damage|p1b: Rotom|74/100|[from] Sandstorm\n|-damage|p2b: Incineroar|63/100|[from] Sandstorm\n|upkeep\n|turn|8\n|\n|t:|1776290469\n|move|p1b: Rotom|Hydro Pump|p2b: Incineroar\n|-supereffective|p2b: Incineroar|1\n|-damage|p2b: Incineroar|0 fnt\n|faint|p2b: Incineroar\n|\n|win|firepk\n|raw|firepk's rating: 1135 &rarr; <strong>1160</strong><br />(+25 for winning)\n|raw|Silvist's rating: 1130 &rarr; <strong>1105</strong><br />(-25 for losing)\n|l|\u2606firepk\n|player|p1|\n",
  "uploadtime": 1776290509,
  "views": 23,
  "formatid": "gen9championsvgc2026regma",
  "rating": 1105,
  "private": 0,
  "password": null
}