{
  "id": "gen9championsvgc2026regma-2586014005",
  "format": "[Gen 9 Champions] VGC 2026 Reg M-A",
  "players": [
    "Phillip Blevin",
    "pknut3757"
  ],
  "log": "|j|\u2606Phillip Blevin\n|j|\u2606pknut3757\n|t:|1776390319\n|gametype|doubles\n|player|p1|Phillip Blevin|cynthia-masters4|1266\n|player|p2|pknut3757|clown|1322\n|gen|9\n|tier|[Gen 9 Champions] VGC 2026 Reg M-A\n|rated|\n|rule|Species Clause: Limit one of each Pok\u00e9mon\n|rule|Item Clause: Limit 1 of each item\n|clearpoke\n|poke|p1|Froslass, L50, F|\n|poke|p1|Corviknight, L50, M|\n|poke|p1|Sneasler, L50, M|\n|poke|p1|Rotom-Mow, L50|\n|poke|p1|Incineroar, L50, M|\n|poke|p1|Gyarados, L50, F|\n|poke|p2|Pelipper, L50, F|\n|poke|p2|Basculegion, L50, M|\n|poke|p2|Meganium, L50, M|\n|poke|p2|Sinistcha, L50|\n|poke|p2|Archaludon, L50, M|\n|poke|p2|Klefki, L50, F|\n|teampreview|4\n|inactive|Battle timer is ON: inactive players will automatically lose when time's up. (requested by Phillip Blevin)\nPhillip Blevin has agreed to open team sheets.\npknut3757 has agreed to open team sheets.\n|showteam|p1|Froslass||Froslassite|SnowCloak|Blizzard,ShadowBall,AuroraVeil,Protect|||F|||50|]Corviknight||Leftovers|MirrorArmor|BraveBird,BodyPress,BulkUp,Roost|||M|||50|]Sneasler||WhiteHerb|Pressure|FakeOut,CloseCombat,DireClaw,Protect|||M|||50|]Rotom-Mow||ChoiceScarf|Levitate|LeafStorm,Electroweb,Trick,VoltSwitch||||||50|]Incineroar||PasshoBerry|Intimidate|FakeOut,DarkestLariat,FlareBlitz,PartingShot|||M|||50|]Gyarados||SitrusBerry|Intimidate|Waterfall,IceFang,DragonDance,Protect|||F|||50|\n|showteam|p2|Pelipper||WacanBerry|Drizzle|WeatherBall,Hurricane,Protect,WideGuard|||F|||50|]Basculegion||MysticWater|SwiftSwim|WaveCrash,LastRespects,FlipTurn,Protect|||M|||50|]Meganium||Meganiumite|Overgrow|SolarBeam,DazzlingGleam,WeatherBall,Protect|||M|||50|]Sinistcha||ColburBerry|Hospitality|MatchaGotcha,ShadowBall,Protect,StrengthSap||||||50|]Archaludon||SitrusBerry|Stamina|DracoMeteor,ElectroShot,FlashCannon,Protect|||M|||50|]Klefki||Leftovers|Prankster|RainDance,Reflect,LightScreen,ThunderWave|||F|||50|\n|inactive|pknut3757 has 60 seconds left.\n|\n|t:|1776390382\n|teamsize|p1|4\n|teamsize|p2|4\n|start\n|switch|p1a: Sneasler|Sneasler, L50, M|100/100\n|switch|p1b: Rotom|Rotom-Mow, L50|100/100\n|switch|p2a: Klefki|Klefki, L50, F|100/100\n|switch|p2b: Archaludon|Archaludon, L50, M|100/100\n|-ability|p1a: Sneasler|Pressure\n|turn|1\n|\n|t:|1776390398\n|move|p2b: Archaludon|Protect|p2b: Archaludon\n|-singleturn|p2b: Archaludon|Protect\n|move|p1a: Sneasler|Fake Out|p2a: Klefki\n|-resisted|p2a: Klefki|1\n|-damage|p2a: Klefki|93/100\n|cant|p2a: Klefki|flinch\n|move|p1b: Rotom|Trick|p2b: Archaludon\n|-activate|p2b: Archaludon|move: Protect\n|\n|-heal|p2a: Klefki|99/100|[from] item: Leftovers\n|upkeep\n|turn|2\n|\n|t:|1776390417\n|switch|p2b: Pelipper|Pelipper, L50, F|100/100\n|-weather|RainDance|[from] ability: Drizzle|[of] p2b: Pelipper\n|move|p1a: Sneasler|Protect|p1a: Sneasler\n|-singleturn|p1a: Sneasler|Protect\n|move|p2a: Klefki|Thunder Wave|p1a: Sneasler\n|-activate|p1a: Sneasler|move: Protect\n|move|p1b: Rotom|Trick|p2b: Pelipper\n|-activate|p1b: Rotom|move: Trick|[of] p2b: Pelipper\n|-item|p2b: Pelipper|Choice Scarf|[from] move: Trick\n|-item|p1b: Rotom|Wacan Berry|[from] move: Trick\n|\n|-weather|RainDance|[upkeep]\n|-heal|p2a: Klefki|100/100|[from] item: Leftovers\n|upkeep\n|turn|3\n|\n|t:|1776390440\n|move|p2a: Klefki|Reflect|p2a: Klefki\n|-sidestart|p2: pknut3757|Reflect\n|move|p1a: Sneasler|Close Combat|p2a: Klefki\n|-damage|p2a: Klefki|61/100\n|-unboost|p1a: Sneasler|def|1\n|-unboost|p1a: Sneasler|spd|1\n|-enditem|p1a: Sneasler|White Herb\n|-clearnegativeboost|p1a: Sneasler|[silent]\n|move|p1b: Rotom|Electroweb|p2a: Klefki|[spread] p2a,p2b\n|-supereffective|p2b: Pelipper|2\n|-damage|p2a: Klefki|44/100\n|-damage|p2b: Pelipper|19/100\n|-unboost|p2a: Klefki|spe|1\n|-unboost|p2b: Pelipper|spe|1\n|move|p2b: Pelipper|Hurricane|p1a: Sneasler\n|-supereffective|p1a: Sneasler|1\n|-damage|p1a: Sneasler|0 fnt\n|faint|p1a: Sneasler\n|\n|-weather|RainDance|[upkeep]\n|-heal|p2a: Klefki|50/100|[from] item: Leftovers\n|upkeep\n|\n|t:|1776390450\n|switch|p1a: Froslass|Froslass, L50, F|100/100\n|turn|4\n|\n|t:|1776390468\n|detailschange|p1a: Froslass|Froslass-Mega, L50, F\n|-mega|p1a: Froslass|Froslass|Froslassite\n|-weather|Snowscape|[from] ability: Snow Warning|[of] p1a: Froslass\n|move|p1a: Froslass|Protect|p1a: Froslass\n|-singleturn|p1a: Froslass|Protect\n|move|p2a: Klefki|Thunder Wave|p1a: Froslass\n|-activate|p1a: Froslass|move: Protect\n|move|p1b: Rotom|Volt Switch|p2a: Klefki\n|-damage|p2a: Klefki|21/100\n|\n|t:|1776390475\n|switch|p1b: Gyarados|Gyarados, L50, F|100/100|[from] Volt Switch\n|-ability|p1b: Gyarados|Intimidate|boost\n|-unboost|p2a: Klefki|atk|1\n|-unboost|p2b: Pelipper|atk|1\n|move|p2b: Pelipper|Hurricane|p1b: Gyarados|[miss]\n|-miss|p2b: Pelipper|p1b: Gyarados\n|\n|-weather|Snowscape|[upkeep]\n|-heal|p2a: Klefki|27/100|[from] item: Leftovers\n|upkeep\n|turn|5\n|\n|t:|1776390489\n|switch|p1b: Rotom|Rotom-Mow, L50|100/100\n|move|p2a: Klefki|Rain Dance|p2a: Klefki\n|-weather|RainDance\n|move|p1a: Froslass|Aurora Veil||[still]\n|-fail|p1a: Froslass\n|move|p2b: Pelipper|Hurricane|p1b: Rotom\n|-damage|p1b: Rotom|49/100\n|\n|-weather|RainDance|[upkeep]\n|-heal|p2a: Klefki|33/100|[from] item: Leftovers\n|upkeep\n|turn|6\n|\n|t:|1776390504\n|move|p2a: Klefki|Light Screen|p2a: Klefki\n|-sidestart|p2: pknut3757|move: Light Screen\n|move|p1a: Froslass|Shadow Ball|p2a: Klefki\n|-damage|p2a: Klefki|5/100\n|move|p1b: Rotom|Electroweb|p2a: Klefki|[spread] p2a,p2b\n|-supereffective|p2b: Pelipper|2\n|-damage|p2a: Klefki|0 fnt\n|-damage|p2b: Pelipper|0 fnt\n|faint|p2a: Klefki\n|faint|p2b: Pelipper\n|\n|-weather|RainDance|[upkeep]\n|upkeep\n|\n|t:|1776390514\n|switch|p2a: Basculegion|Basculegion, L50, M|100/100\n|switch|p2b: Archaludon|Archaludon, L50, M|100/100\n|turn|7\n|\n|t:|1776390524\n|switch|p1a: Gyarados|Gyarados, L50, F|100/100\n|-ability|p1a: Gyarados|Intimidate|boost\n|-unboost|p2a: Basculegion|atk|1\n|-unboost|p2b: Archaludon|atk|1\n|move|p2a: Basculegion|Last Respects|p1b: Rotom\n|-damage|p1b: Rotom|0 fnt\n|faint|p1b: Rotom\n|move|p2b: Archaludon|Flash Cannon|p1a: Gyarados\n|-resisted|p1a: Gyarados|1\n|-damage|p1a: Gyarados|83/100\n|\n|-weather|RainDance|[upkeep]\n|-sideend|p2: pknut3757|Reflect\n|upkeep\n|\n|t:|1776390534\n|switch|p1b: Froslass|Froslass-Mega, L50, F|100/100\n|-weather|Snowscape|[from] ability: Snow Warning|[of] p1b: Froslass\n|turn|8\n|\n|t:|1776390546\n|move|p1b: Froslass|Aurora Veil|p1b: Froslass\n|-sidestart|p1: Phillip Blevin|move: Aurora Veil\n|move|p1a: Gyarados|Dragon Dance|p1a: Gyarados\n|-boost|p1a: Gyarados|atk|1\n|-boost|p1a: Gyarados|spe|1\n|move|p2a: Basculegion|Last Respects|p1b: Froslass\n|-supereffective|p1b: Froslass|1\n|-damage|p1b: Froslass|29/100\n|move|p2b: Archaludon|Flash Cannon|p1b: Froslass\n|-supereffective|p1b: Froslass|1\n|-damage|p1b: Froslass|0 fnt\n|faint|p1b: Froslass\n|\n|-weather|Snowscape|[upkeep]\n|upkeep\n|turn|9\n|\n|t:|1776390559\n|move|p1a: Gyarados|Waterfall|p2a: Basculegion\n|-resisted|p2a: Basculegion|1\n|-damage|p2a: Basculegion|67/100\n|move|p2a: Basculegion|Last Respects|p1a: Gyarados\n|-damage|p1a: Gyarados|46/100\n|-enditem|p1a: Gyarados|Sitrus Berry|[eat]\n|-heal|p1a: Gyarados|71/100|[from] item: Sitrus Berry\n|move|p2b: Archaludon|Draco Meteor|p1a: Gyarados\n|-damage|p1a: Gyarados|30/100\n|-unboost|p2b: Archaludon|spa|2\n|\n|-weather|Snowscape|[upkeep]\n|upkeep\n|turn|10\n|\n|t:|1776390577\n|move|p1a: Gyarados|Waterfall|p2a: Basculegion\n|-resisted|p2a: Basculegion|1\n|-damage|p2a: Basculegion|29/100\n|move|p2a: Basculegion|Last Respects|p1a: Gyarados\n|-damage|p1a: Gyarados|0 fnt\n|faint|p1a: Gyarados\n|\n|win|pknut3757\n|raw|Phillip Blevin's rating: 1266 &rarr; <strong>1245</strong><br />(-21 for losing)\n|raw|pknut3757's rating: 1322 &rarr; <strong>1339</strong><br />(+17 for winning)\n",
  "uploadtime": 1776390577,
  "views": 35,
  "formatid": "gen9championsvgc2026regma",
  "rating": 1245,
  "private": 0,
  "password": null
}