{
  "id": "gen9championsvgc2026regma-2583984678",
  "format": "[Gen 9 Champions] VGC 2026 Reg M-A",
  "players": [
    "Ewerton Zoio",
    "kingcoleman"
  ],
  "log": "|j|\u2606Ewerton Zoio\n|j|\u2606kingcoleman\n|t:|1776214189\n|gametype|doubles\n|player|p1|Ewerton Zoio|265|1341\n|player|p2|kingcoleman|miku-water|1457\n|gen|9\n|tier|[Gen 9 Champions] VGC 2026 Reg M-A\n|rated|\n|rule|Species Clause: Limit one of each Pok\u00e9mon\n|rule|Item Clause: Limit 1 of each item\n|clearpoke\n|poke|p1|Charizard, L50, M|\n|poke|p1|Primarina, L50, F|\n|poke|p1|Scizor, L50, F|\n|poke|p1|Sinistcha, L50|\n|poke|p1|Drampa, L50, F|\n|poke|p1|Farigiraf, L50, M|\n|poke|p2|Scovillain, L50, M|\n|poke|p2|Primarina, L50, M|\n|poke|p2|Tyranitar, L50, F|\n|poke|p2|Farigiraf, L50, M|\n|poke|p2|Sneasler, L50, M|\n|poke|p2|Aerodactyl, L50, F|\n|teampreview|4\n|inactive|Battle timer is ON: inactive players will automatically lose when time's up. (requested by Ewerton Zoio)\n|j| neptunewings\n|inactive|Ewerton Zoio has 60 seconds left.\n|inactive|kingcoleman has 60 seconds left.\n|\n|t:|1776214231\n|teamsize|p1|4\n|teamsize|p2|4\n|start\n|switch|p1a: Primarina|Primarina, L50, F|100/100\n|switch|p1b: Scizor|Scizor, L50, F|100/100\n|switch|p2a: Scovillain|Scovillain, L50, M|100/100\n|switch|p2b: Farigiraf|Farigiraf, L50, M|100/100\n|turn|1\n|\n|t:|1776214246\n|move|p2a: Scovillain|Giga Drain|p1a: Primarina\n|-supereffective|p1a: Primarina|1\n|-damage|p1a: Primarina|49/100\n|move|p1b: Scizor|Swords Dance|p1b: Scizor\n|-boost|p1b: Scizor|atk|2\n|move|p1a: Primarina|Calm Mind|p1a: Primarina\n|-boost|p1a: Primarina|spa|1\n|-boost|p1a: Primarina|spd|1\n|move|p2b: Farigiraf|Psychic|p1a: Primarina\n|-damage|p1a: Primarina|28/100\n|\n|-heal|p1a: Primarina|34/100|[from] item: Leftovers\n|upkeep\n|turn|2\n|inactive|Ewerton Zoio has 30 seconds left.\n|\n|t:|1776214273\n|detailschange|p2a: Scovillain|Scovillain-Mega, L50, M\n|-mega|p2a: Scovillain|Scovillain|Scovillainite\n|move|p1a: Primarina|Protect|p1a: Primarina\n|-singleturn|p1a: Primarina|Protect\n|move|p2a: Scovillain|Flamethrower|p1b: Scizor\n|-supereffective|p1b: Scizor|2\n|-damage|p1b: Scizor|0 fnt\n|faint|p1b: Scizor\n|move|p2b: Farigiraf|Psychic|p1a: Primarina\n|-activate|p1a: Primarina|move: Protect\n|\n|-heal|p1a: Primarina|40/100|[from] item: Leftovers\n|upkeep\n|\n|t:|1776214279\n|switch|p1b: Sinistcha|Sinistcha, L50|100/100\n|-heal|p1a: Primarina|65/100|[from] ability: Hospitality|[of] p1b: Sinistcha\n|turn|3\n|\n|t:|1776214290\n|move|p2b: Farigiraf|Helping Hand|p2a: Scovillain\n|-singleturn|p2a: Scovillain|Helping Hand|[of] p2b: Farigiraf\n|move|p2a: Scovillain|Giga Drain|p1a: Primarina\n|-supereffective|p1a: Primarina|1\n|-damage|p1a: Primarina|9/100\n|move|p1b: Sinistcha|Life Dew||[still]|[spread] p1a,p1b\n|-heal|p1a: Primarina|34/100\n|-fail|p1b: Sinistcha|heal\n|move|p1a: Primarina|Hyper Voice|p2a: Scovillain|[spread] p2a,p2b\n|-damage|p2a: Scovillain|39/100\n|-damage|p2b: Farigiraf|60/100\n|-status|p1a: Primarina|brn|[from] ability: Spicy Spray|[of] p2a: Scovillain\n|\n|-heal|p1a: Primarina|40/100 brn|[from] item: Leftovers\n|-damage|p1a: Primarina|34/100 brn|[from] brn\n|upkeep\n|turn|4\n|\n|t:|1776214306\n|move|p1a: Primarina|Protect|p1a: Primarina\n|-singleturn|p1a: Primarina|Protect\n|move|p2a: Scovillain|Flamethrower|p1b: Sinistcha\n|-supereffective|p1b: Sinistcha|1\n|-damage|p1b: Sinistcha|0 fnt\n|faint|p1b: Sinistcha\n|move|p2b: Farigiraf|Psychic|p1a: Primarina\n|-activate|p1a: Primarina|move: Protect\n|\n|-heal|p1a: Primarina|40/100 brn|[from] item: Leftovers\n|-damage|p1a: Primarina|34/100 brn|[from] brn\n|upkeep\n|\n|t:|1776214310\n|switch|p1b: Charizard|Charizard, L50, M|100/100\n|turn|5\n|\n|t:|1776214322\n|detailschange|p1b: Charizard|Charizard-Mega-X, L50, M\n|-mega|p1b: Charizard|Charizard|Charizardite X\n|move|p1b: Charizard|Dragon Claw|p2a: Scovillain\n|-damage|p2a: Scovillain|0 fnt\n|-immune|p1b: Charizard\n|faint|p2a: Scovillain\n|move|p1a: Primarina|Hyper Voice|p2b: Farigiraf\n|-damage|p2b: Farigiraf|10/100\n|move|p2b: Farigiraf|Trick Room|p2b: Farigiraf\n|-fieldstart|move: Trick Room|[of] p2b: Farigiraf\n|\n|-heal|p1a: Primarina|40/100 brn|[from] item: Leftovers\n|-damage|p1a: Primarina|34/100 brn|[from] brn\n|upkeep\n|\n|t:|1776214334\n|switch|p2a: Primarina|Primarina, L50, M|100/100\n|turn|6\n|\n|t:|1776214345\n|move|p2b: Farigiraf|Psychic|p1a: Primarina\n|-damage|p1a: Primarina|14/100 brn\n|move|p1a: Primarina|Moonblast|p2a: Primarina\n|-damage|p2a: Primarina|41/100\n|-unboost|p2a: Primarina|spa|1\n|-enditem|p2a: Primarina|Sitrus Berry|[eat]\n|-heal|p2a: Primarina|66/100|[from] item: Sitrus Berry\n|move|p2a: Primarina|Calm Mind|p2a: Primarina\n|-boost|p2a: Primarina|spa|1\n|-boost|p2a: Primarina|spd|1\n|move|p1b: Charizard|Flare Blitz|p2a: Primarina\n|-resisted|p2a: Primarina|1\n|-damage|p2a: Primarina|6/100\n|-damage|p1b: Charizard|80/100|[from] Recoil\n|\n|-heal|p1a: Primarina|20/100 brn|[from] item: Leftovers\n|-damage|p1a: Primarina|14/100 brn|[from] brn\n|upkeep\n|turn|7\n|\n|t:|1776214362\n|move|p1a: Primarina|Protect|p1a: Primarina\n|-singleturn|p1a: Primarina|Protect\n|move|p2b: Farigiraf|Psychic|p1a: Primarina\n|-activate|p1a: Primarina|move: Protect\n|move|p2a: Primarina|Moonblast|p1b: Charizard\n|-damage|p1b: Charizard|25/100\n|move|p1b: Charizard|Flare Blitz|p2a: Primarina\n|-resisted|p2a: Primarina|1\n|-damage|p2a: Primarina|0 fnt\n|faint|p2a: Primarina\n|-damage|p1b: Charizard|23/100|[from] Recoil\n|\n|-heal|p1a: Primarina|20/100 brn|[from] item: Leftovers\n|-damage|p1a: Primarina|14/100 brn|[from] brn\n|upkeep\n|\n|t:|1776214366\n|switch|p2a: Tyranitar|Tyranitar, L50, F|100/100\n|-weather|Sandstorm|[from] ability: Sand Stream|[of] p2a: Tyranitar\n|turn|8\n|\n|t:|1776214391\n|move|p2b: Farigiraf|Psychic|p1a: Primarina\n|-damage|p1a: Primarina|0 fnt\n|faint|p1a: Primarina\n|move|p2a: Tyranitar|Crunch|p1b: Charizard\n|-damage|p1b: Charizard|0 fnt\n|faint|p1b: Charizard\n|\n|win|kingcoleman\n|raw|Ewerton Zoio's rating: 1341 &rarr; <strong>1327</strong><br />(-14 for losing)\n|raw|kingcoleman's rating: 1457 &rarr; <strong>1471</strong><br />(+14 for winning)\n|l|\u2606Ewerton Zoio\n|player|p1|\n|l|\u2606kingcoleman\n|player|p2|\n",
  "uploadtime": 1776215465,
  "views": 26,
  "formatid": "gen9championsvgc2026regma",
  "rating": 1327,
  "private": 0,
  "password": null
}