{
  "id": "gen9championsvgc2026regma-2587905223",
  "format": "[Gen 9 Champions] VGC 2026 Reg M-A",
  "players": [
    "testingtesting101",
    "WILLuBEMYGF?"
  ],
  "log": "|j|\u2606testingtesting101\n|j|\u2606WILLuBEMYGF?\n|html|<table width=\"100%\"><tr><td align=\"left\">testingtesting101</td><td align=\"right\">WILLuBEMYGF?</tr><tr><td align=\"left\"><i class=\"fa fa-circle-o\"></i> <i class=\"fa fa-circle-o\"></i> </td><td align=\"right\"><i class=\"fa fa-circle-o\"></i> <i class=\"fa fa-circle-o\"></i> </tr></table>\n|uhtml|bestof|<h2><strong>Game 1</strong> of <a href=\"/game-bestof3-gen9championsvgc2026regma-2587905222\">a best-of-3</a></h2>\n|t:|1776577120\n|gametype|doubles\n|player|p1|testingtesting101|buck|\n|player|p2|WILLuBEMYGF?|101|\n|gen|9\n|tier|[Gen 9 Champions] VGC 2026 Reg M-A\n|rated|Tournament battle\n|rule|Species Clause: Limit one of each Pok\u00e9mon\n|rule|Item Clause: Limit 1 of each item\n|raw|<div class=\"infobox\"><details class=\"readmore\" open><summary><strong>2 custom rules:</strong></summary> Force Open Team Sheets, Best of = 3</details></div>\n|clearpoke\n|poke|p1|Glimmora, L50, F|\n|poke|p1|Chesnaught, L50, M|\n|poke|p1|Alakazam, L50, M|\n|poke|p1|Noivern, L50, M|\n|poke|p1|Cofagrigus, L50, M|\n|poke|p1|Heliolisk, L50, M|\n|poke|p2|Maushold, L50|\n|poke|p2|Garchomp, L50, M|\n|poke|p2|Talonflame, L50, M|\n|poke|p2|Rotom-Wash, L50|\n|poke|p2|Aegislash, L50, M|\n|poke|p2|Floette-Eternal, L50, F|\n|teampreview|4\n|showteam|p1|Glimmora||Glimmoranite|ToxicDebris|PowerGem,SludgeWave,EarthPower,SpikyShield|||F|||50|]Chesnaught||Chesnaughtite|Bulletproof|WoodHammer,BodyPress,WideGuard,SpikyShield|||M|||50|]Alakazam||ColburBerry|InnerFocus|Reflect,LightScreen,Psychic,SpeedSwap|||M|||50|]Noivern||FocusSash|Telepathy|DracoMeteor,AirSlash,Tailwind,Protect|||M|||50|]Cofagrigus||Leftovers|Mummy|TrickRoom,WillOWisp,NightShade,SkillSwap|||M|||50|]Heliolisk||ChopleBerry|DrySkin|Thunderbolt,AllySwitch,HyperVoice,Protect|||M|||50|\n|showteam|p2|Maushold||FocusSash|FriendGuard|SuperFang,Taunt,FollowMe,Protect||||||50|]Garchomp||SoftSand|RoughSkin|Earthquake,StompingTantrum,StoneEdge,Protect|||M|||50|]Talonflame|||GaleWings|Acrobatics,FlareBlitz,Tailwind,Protect|||M|||50|]Rotom-Wash||SitrusBerry|Levitate|HydroPump,VoltSwitch,Thunderbolt,HelpingHand||||||50|]Aegislash||SpellTag|StanceChange|Poltergeist,ShadowSneak,IronHead,KingsShield|||M|||50|]Floette-Eternal||Floettite|FlowerVeil|Moonblast,DazzlingGleam,CalmMind,Protect|||F|||50|\n|inactive|Battle timer is ON: inactive players will automatically lose when time's up. (requested by WILLuBEMYGF?)\ntestingtesting101 rejected open team sheets.\n|inactive|testingtesting101 has 60 seconds left.\n|\n|t:|1776577199\n|teamsize|p1|4\n|teamsize|p2|4\n|start\n|switch|p1a: Glimmora|Glimmora, L50, F|100/100\n|switch|p1b: Noivern|Noivern, L50, M|100/100\n|switch|p2a: Talonflame|Talonflame, L50, M|100/100\n|switch|p2b: Aegislash|Aegislash, L50, M|100/100\n|turn|1\n|\n|t:|1776577210\n|detailschange|p1a: Glimmora|Glimmora-Mega, L50, F\n|-mega|p1a: Glimmora|Glimmora|Glimmoranite\n|move|p1a: Glimmora|Spiky Shield|p1a: Glimmora\n|-singleturn|p1a: Glimmora|move: Protect\n|move|p2a: Talonflame|Tailwind|p2a: Talonflame\n|-sidestart|p2: WILLuBEMYGF?|move: Tailwind\n|move|p1b: Noivern|Tailwind|p1b: Noivern\n|-sidestart|p1: testingtesting101|move: Tailwind\n|-formechange|p2b: Aegislash|Aegislash-Blade|\n|move|p2b: Aegislash|Poltergeist|p1a: Glimmora\n|-activate|p1a: Glimmora|move: Protect\n|\n|upkeep\n|turn|2\n|\n|t:|1776577227\n|switch|p2b: Garchomp|Garchomp, L50, M|100/100\n|move|p2a: Talonflame|Protect|p2a: Talonflame\n|-singleturn|p2a: Talonflame|Protect\n|move|p1b: Noivern|Air Slash|p2a: Talonflame\n|-activate|p2a: Talonflame|move: Protect\n|move|p1a: Glimmora|Earth Power|p2b: Garchomp\n|-damage|p2b: Garchomp|60/100\n|\n|upkeep\n|turn|3\n|\n|t:|1776577242\n|move|p2a: Talonflame|Acrobatics|p1b: Noivern\n|-damage|p1b: Noivern|45/100\n|move|p1b: Noivern|Draco Meteor|p2b: Garchomp\n|-supereffective|p2b: Garchomp|1\n|-damage|p2b: Garchomp|0 fnt\n|-unboost|p1b: Noivern|spa|2\n|faint|p2b: Garchomp\n|move|p1a: Glimmora|Power Gem|p2a: Talonflame\n|-supereffective|p2a: Talonflame|2\n|-damage|p2a: Talonflame|0 fnt\n|faint|p2a: Talonflame\n|\n|upkeep\n|\n|t:|1776577248\n|switch|p2a: Aegislash|Aegislash, L50, M|100/100\n|switch|p2b: Floette|Floette-Eternal, L50, F|100/100\n|turn|4\n|\n|t:|1776577256\n|detailschange|p2b: Floette|Floette-Mega, L50, F\n|-mega|p2b: Floette|Floette|Floettite\n|-ability|p2b: Floette|Fairy Aura\n|move|p1b: Noivern|Protect|p1b: Noivern\n|-singleturn|p1b: Noivern|Protect\n|move|p1a: Glimmora|Spiky Shield|p1a: Glimmora\n|-singleturn|p1a: Glimmora|move: Protect\n|move|p2b: Floette|Dazzling Gleam|p1b: Noivern|[spread] \n|-activate|p1a: Glimmora|move: Protect\n|-activate|p1b: Noivern|move: Protect\n|-formechange|p2a: Aegislash|Aegislash-Blade|\n|move|p2a: Aegislash|Poltergeist|p1a: Glimmora\n|-activate|p1a: Glimmora|move: Protect\n|\n|-sideend|p1: testingtesting101|move: Tailwind\n|-sideend|p2: WILLuBEMYGF?|move: Tailwind\n|upkeep\n|turn|5\n|\n|t:|1776577277\n|move|p1b: Noivern|Tailwind|p1b: Noivern\n|-sidestart|p1: testingtesting101|move: Tailwind\n|move|p1a: Glimmora|Sludge Wave|p2a: Aegislash|[spread] p2b\n|-activate|p1b: Noivern|ability: Telepathy\n|-immune|p2a: Aegislash\n|-supereffective|p2b: Floette|1\n|-damage|p2b: Floette|21/100\n|move|p2b: Floette|Dazzling Gleam|p1b: Noivern|[spread] p1a,p1b\n|-resisted|p1a: Glimmora|1\n|-supereffective|p1b: Noivern|1\n|-damage|p1a: Glimmora|71/100\n|-damage|p1b: Noivern|0 fnt\n|faint|p1b: Noivern\n|move|p2a: Aegislash|Poltergeist|p1a: Glimmora\n|-activate|p1a: Glimmora|move: Poltergeist|Glimmoranite\n|-damage|p1a: Glimmora|0 fnt\n|faint|p1a: Glimmora\n|\n|upkeep\n|\n|t:|1776577284\n|switch|p1b: Chesnaught|Chesnaught, L50, M|100/100\n|switch|p1a: Heliolisk|Heliolisk, L50, M|100/100\n|turn|6\n|\n|t:|1776577301\n|move|p2b: Floette|Protect|p2b: Floette\n|-singleturn|p2b: Floette|Protect\n|move|p1a: Heliolisk|Thunderbolt|p2b: Floette\n|-activate|p2b: Floette|move: Protect\n|move|p1b: Chesnaught|Wood Hammer|p2a: Aegislash\n|-resisted|p2a: Aegislash|1\n|-damage|p2a: Aegislash|47/100\n|-damage|p1b: Chesnaught|84/100|[from] Recoil\n|move|p2a: Aegislash|Poltergeist|p1b: Chesnaught\n|-activate|p1b: Chesnaught|move: Poltergeist|Chesnaughtite\n|-damage|p1b: Chesnaught|27/100\n|\n|upkeep\n|turn|7\n|inactive|WILLuBEMYGF? has 30 seconds left.\n|\n|t:|1776577330\n|move|p1b: Chesnaught|Spiky Shield|p1b: Chesnaught\n|-singleturn|p1b: Chesnaught|move: Protect\n|move|p2a: Aegislash|Shadow Sneak|p1b: Chesnaught\n|-activate|p1b: Chesnaught|move: Protect\n|-damage|p2a: Aegislash|35/100|[from] Spiky Shield|[of] p1b: Chesnaught\n|move|p1a: Heliolisk|Thunderbolt|p2b: Floette\n|-damage|p2b: Floette|0 fnt\n|faint|p2b: Floette\n|\n|upkeep\n|turn|8\n|\n|t:|1776577344\n|move|p1b: Chesnaught|Wide Guard|p1b: Chesnaught\n|-singleturn|p1b: Chesnaught|Wide Guard\n|move|p2a: Aegislash|Shadow Sneak|p1b: Chesnaught\n|-damage|p1b: Chesnaught|8/100\n|move|p1a: Heliolisk|Thunderbolt|p2a: Aegislash\n|-damage|p2a: Aegislash|0 fnt\n|faint|p2a: Aegislash\n|\n|win|testingtesting101\n||WILLuBEMYGF? is ready for game 2.\n||testingtesting101 is ready for game 2.\n|uhtml|next|Next: <a href=\"/battle-gen9championsvgc2026regma-2587906870\"><strong>Game 2 of 3</strong></a>\n|l|\u2606WILLuBEMYGF?\n|player|p2|\n",
  "uploadtime": 1776577512,
  "views": 8,
  "formatid": "gen9championsvgc2026regma",
  "rating": null,
  "private": 0,
  "password": null
}