{
  "id": "gen9championsvgc2026regma-2588209378",
  "format": "[Gen 9 Champions] VGC 2026 Reg M-A",
  "players": [
    "CTRLD",
    "SDLT 2KRL PIZZA"
  ],
  "log": "|raw|<div class=\"broadcast-blue\"><strong>This battle is required to be public due to a player having a name starting with 'sdlt'.</div>\n|j|\u2606CTRLD\n|j|\u2606SDLT 2KRL PIZZA\n|t:|1776614611\n|gametype|doubles\n|player|p1|CTRLD|101|1108\n|player|p2|SDLT 2KRL PIZZA|170|1044\n|gen|9\n|tier|[Gen 9 Champions] VGC 2026 Reg M-A\n|rated|\n|rule|Species Clause: Limit one of each Pok\u00e9mon\n|rule|Item Clause: Limit 1 of each item\n|clearpoke\n|poke|p1|Sneasler, L50, M|\n|poke|p1|Aggron, L50, M|\n|poke|p1|Sinistcha, L50|\n|poke|p1|Pelipper, L50, F|\n|poke|p1|Basculegion, L50, M|\n|poke|p1|Incineroar, L50, M|\n|poke|p2|Drampa, L50, M|\n|poke|p2|Sinistcha, L50|\n|poke|p2|Sneasler, L50, M|\n|poke|p2|Incineroar, L50, F|\n|poke|p2|Oranguru, L50, F|\n|poke|p2|Basculegion, L50, M|\n|teampreview|4\n|\n|t:|1776614700\n|teamsize|p1|4\n|teamsize|p2|4\n|start\n|switch|p1a: Pelipper|Pelipper, L50, F|100/100\n|switch|p1b: Basculegion|Basculegion, L50, M|100/100\n|switch|p2a: Eddie|Sneasler, L50, M|100/100\n|switch|p2b: Rey Mysterio|Drampa, L50, M|100/100\n|-weather|RainDance|[from] ability: Drizzle|[of] p1a: Pelipper\n|-ability|p2b: Rey Mysterio|Cloud Nine\n|turn|1\n|\n|t:|1776614733\n|switch|p1a: Sinistcha|Sinistcha, L50|100/100\n|move|p2a: Eddie|Fake Out|p1a: Sinistcha\n|-immune|p1a: Sinistcha\n|move|p1b: Basculegion|Flip Turn|p2a: Eddie\n|-damage|p2a: Eddie|39/100\n|\n|t:|1776614741\n|switch|p1b: Aggron|Aggron, L50, M|100/100|[from] Flip Turn\n|move|p2b: Rey Mysterio|Calm Mind|p2b: Rey Mysterio\n|-boost|p2b: Rey Mysterio|spa|1\n|-boost|p2b: Rey Mysterio|spd|1\n|\n|-weather|RainDance|[upkeep]\n|upkeep\n|turn|2\n|\n|t:|1776614771\n|detailschange|p1b: Aggron|Aggron-Mega, L50, M\n|-mega|p1b: Aggron|Aggron|Aggronite\n|move|p1a: Sinistcha|Rage Powder|p1a: Sinistcha\n|-singleturn|p1a: Sinistcha|move: Rage Powder\n|move|p2a: Eddie|Dire Claw|p1a: Sinistcha\n|-damage|p1a: Sinistcha|70/100\n|move|p1b: Aggron|Body Press|p2b: Rey Mysterio\n|-supereffective|p2b: Rey Mysterio|1\n|-damage|p2b: Rey Mysterio|12/100\n|move|p2b: Rey Mysterio|Calm Mind|p2b: Rey Mysterio\n|-boost|p2b: Rey Mysterio|spa|1\n|-boost|p2b: Rey Mysterio|spd|1\n|\n|-weather|RainDance|[upkeep]\n|-heal|p1a: Sinistcha|76/100|[from] item: Leftovers\n|upkeep\n|turn|3\n|\n|t:|1776614792\n|switch|p2a: Million Dollar|Sinistcha, L50|100/100\n|-heal|p2b: Rey Mysterio|37/100|[from] ability: Hospitality|[of] p2a: Million Dollar\n|detailschange|p2b: Rey Mysterio|Drampa-Mega, L50, M\n|-mega|p2b: Rey Mysterio|Drampa|Drampanite\n|move|p2b: Rey Mysterio|Protect|p2b: Rey Mysterio\n|-singleturn|p2b: Rey Mysterio|Protect\n|move|p1a: Sinistcha|Rage Powder|p1a: Sinistcha\n|-singleturn|p1a: Sinistcha|move: Rage Powder\n|move|p1b: Aggron|Heavy Slam|p2b: Rey Mysterio\n|-activate|p2b: Rey Mysterio|move: Protect\n|\n|-weather|RainDance|[upkeep]\n|-heal|p1a: Sinistcha|83/100|[from] item: Leftovers\n|upkeep\n|turn|4\n|\n|t:|1776614823\n|move|p1a: Sinistcha|Rage Powder|p1a: Sinistcha\n|-singleturn|p1a: Sinistcha|move: Rage Powder\n|move|p2a: Million Dollar|Rage Powder|p2a: Million Dollar\n|-singleturn|p2a: Million Dollar|move: Rage Powder\n|move|p1b: Aggron|Body Press|p2a: Million Dollar\n|-immune|p2a: Million Dollar\n|move|p2b: Rey Mysterio|Calm Mind|p2b: Rey Mysterio\n|-boost|p2b: Rey Mysterio|spa|1\n|-boost|p2b: Rey Mysterio|spd|1\n|\n|-weather|RainDance|[upkeep]\n|-heal|p1a: Sinistcha|89/100|[from] item: Leftovers\n|upkeep\n|turn|5\n|\n|t:|1776614848\n|switch|p1a: Pelipper|Pelipper, L50, F|100/100\n|move|p2b: Rey Mysterio|Protect|p2b: Rey Mysterio\n|-singleturn|p2b: Rey Mysterio|Protect\n|move|p1b: Aggron|Heavy Slam|p2b: Rey Mysterio\n|-activate|p2b: Rey Mysterio|move: Protect\n|move|p2a: Million Dollar|Trick Room|p2a: Million Dollar\n|-fieldstart|move: Trick Room|[of] p2a: Million Dollar\n|\n|-weather|none\n|upkeep\n|turn|6\n|\n|t:|1776614872\n|move|p2b: Rey Mysterio|Hyper Voice|p1a: Pelipper|[spread] p1a,p1b\n|-resisted|p1b: Aggron|1\n|-enditem|p1a: Pelipper|Focus Sash\n|-damage|p1a: Pelipper|1/100\n|-damage|p1b: Aggron|51/100\n|move|p1b: Aggron|Heavy Slam|p2b: Rey Mysterio\n|-damage|p2b: Rey Mysterio|19/100\n|move|p2a: Million Dollar|Life Dew||[still]|[spread] p2a,p2b\n|-fail|p2a: Million Dollar|heal\n|-heal|p2b: Rey Mysterio|44/100\n|move|p1a: Pelipper|Hurricane|p2b: Rey Mysterio\n|-damage|p2b: Rey Mysterio|27/100\n|-start|p2b: Rey Mysterio|confusion\n|\n|upkeep\n|turn|7\n|\n|t:|1776614898\n|switch|p1a: Sinistcha|Sinistcha, L50|89/100\n|-heal|p1b: Aggron|76/100|[from] ability: Hospitality|[of] p1a: Sinistcha\n|move|p2a: Million Dollar|Rage Powder|p2a: Million Dollar\n|-singleturn|p2a: Million Dollar|move: Rage Powder\n|-activate|p2b: Rey Mysterio|confusion\n|move|p2b: Rey Mysterio|Hyper Voice|p1a: Sinistcha|[spread] p1b\n|-immune|p1a: Sinistcha\n|-resisted|p1b: Aggron|1\n|-damage|p1b: Aggron|28/100\n|move|p1b: Aggron|Body Press|p2a: Million Dollar\n|-immune|p2a: Million Dollar\n|\n|-heal|p1a: Sinistcha|95/100|[from] item: Leftovers\n|upkeep\n|turn|8\n|\n|t:|1776614913\n|-activate|p2b: Rey Mysterio|confusion\n|move|p2b: Rey Mysterio|Protect|p2b: Rey Mysterio\n|-singleturn|p2b: Rey Mysterio|Protect\n|move|p1b: Aggron|Protect|p1b: Aggron\n|-singleturn|p1b: Aggron|Protect\n|move|p2a: Million Dollar|Life Dew||[still]|[spread] p2a,p2b\n|-fail|p2a: Million Dollar|heal\n|-heal|p2b: Rey Mysterio|52/100\n|move|p1a: Sinistcha|Life Dew|p1a: Sinistcha|[spread] p1a,p1b\n|-heal|p1a: Sinistcha|100/100\n|-heal|p1b: Aggron|53/100\n|\n|upkeep\n|turn|9\n|\n|t:|1776614928\n|switch|p1b: Basculegion|Basculegion, L50, M|100/100\n|-activate|p2b: Rey Mysterio|confusion\n|-damage|p2b: Rey Mysterio|44/100|[from] confusion\n|move|p2a: Million Dollar|Matcha Gotcha|p1b: Basculegion|[spread] p1a,p1b\n|-resisted|p1a: Sinistcha|1\n|-supereffective|p1b: Basculegion|1\n|-damage|p1a: Sinistcha|88/100\n|-damage|p1b: Basculegion|42/100\n|move|p1a: Sinistcha|Life Dew|p1a: Sinistcha|[spread] p1a,p1b\n|-heal|p1a: Sinistcha|100/100\n|-heal|p1b: Basculegion|66/100\n|\n|-fieldend|move: Trick Room\n|upkeep\n|turn|10\n|\n|t:|1776614972\n|switch|p2a: Eddie|Sneasler, L50, M|39/100\n|move|p1b: Basculegion|Wave Crash|p2b: Rey Mysterio\n|-resisted|p2b: Rey Mysterio|1\n|-damage|p2b: Rey Mysterio|8/100\n|-damage|p1b: Basculegion|55/100|[from] Recoil\n|move|p1a: Sinistcha|Matcha Gotcha|p2a: Eddie|[spread] p2b\n|-miss|p1a: Sinistcha|p2a: Eddie\n|-resisted|p2b: Rey Mysterio|1\n|-damage|p2b: Rey Mysterio|4/100\n|-activate|p2b: Rey Mysterio|confusion\n|move|p2b: Rey Mysterio|Calm Mind|p2b: Rey Mysterio\n|-boost|p2b: Rey Mysterio|spa|1\n|-boost|p2b: Rey Mysterio|spd|1\n|\n|upkeep\n|turn|11\n|\n|t:|1776614996\n|switch|p2a: Million Dollar|Sinistcha, L50|100/100\n|-heal|p2b: Rey Mysterio|29/100|[from] ability: Hospitality|[of] p2a: Million Dollar\n|-end|p2b: Rey Mysterio|confusion\n|move|p2b: Rey Mysterio|Protect|p2b: Rey Mysterio\n|-singleturn|p2b: Rey Mysterio|Protect\n|move|p1a: Sinistcha|Rage Powder|p1a: Sinistcha\n|-singleturn|p1a: Sinistcha|move: Rage Powder\n|move|p1b: Basculegion|Wave Crash|p2a: Million Dollar\n|-resisted|p2a: Million Dollar|1\n|-damage|p2a: Million Dollar|73/100\n|-damage|p1b: Basculegion|47/100|[from] Recoil\n|\n|upkeep\n|turn|12\n|\n|t:|1776615015\n|move|p2b: Rey Mysterio|Protect|p2b: Rey Mysterio\n|-singleturn|p2b: Rey Mysterio|Protect\n|move|p1b: Basculegion|Wave Crash|p2b: Rey Mysterio\n|-activate|p2b: Rey Mysterio|move: Protect\n|move|p1a: Sinistcha|Matcha Gotcha|p2a: Million Dollar|[spread] p2a\n|-activate|p2b: Rey Mysterio|move: Protect\n|-resisted|p2a: Million Dollar|1\n|-damage|p2a: Million Dollar|59/100\n|move|p2a: Million Dollar|Trick Room|p2a: Million Dollar\n|-fieldstart|move: Trick Room|[of] p2a: Million Dollar\n|\n|upkeep\n|turn|13\n|\n|t:|1776615035\n|move|p2b: Rey Mysterio|Calm Mind|p2b: Rey Mysterio\n|-boost|p2b: Rey Mysterio|spa|1\n|-boost|p2b: Rey Mysterio|spd|1\n|move|p2a: Million Dollar|Matcha Gotcha|p1b: Basculegion|[spread] p1a,p1b\n|-resisted|p1a: Sinistcha|1\n|-supereffective|p1b: Basculegion|1\n|-damage|p1a: Sinistcha|89/100\n|-heal|p2a: Million Dollar|66/100|[from] drain|[of] p1a: Sinistcha\n|-damage|p1b: Basculegion|0 fnt\n|-heal|p2a: Million Dollar|92/100|[from] drain|[of] p1b: Basculegion\n|faint|p1b: Basculegion\n|move|p1a: Sinistcha|Matcha Gotcha|p2a: Million Dollar|[spread] p2a,p2b\n|-resisted|p2a: Million Dollar|1\n|-crit|p2a: Million Dollar\n|-resisted|p2b: Rey Mysterio|1\n|-damage|p2a: Million Dollar|72/100\n|-heal|p1a: Sinistcha|98/100|[from] drain|[of] p2a: Million Dollar\n|-damage|p2b: Rey Mysterio|25/100\n|-heal|p1a: Sinistcha|99/100|[from] drain|[of] p2b: Rey Mysterio\n|\n|-heal|p1a: Sinistcha|100/100|[from] item: Leftovers\n|upkeep\n|\n|t:|1776615060\n|switch|p1b: Aggron|Aggron-Mega, L50, M|53/100\n|turn|14\n|\n|t:|1776615072\n|move|p2b: Rey Mysterio|Protect|p2b: Rey Mysterio\n|-singleturn|p2b: Rey Mysterio|Protect\n|move|p1b: Aggron|Protect|p1b: Aggron\n|-singleturn|p1b: Aggron|Protect\n|move|p2a: Million Dollar|Life Dew|p2a: Million Dollar|[spread] p2a,p2b\n|-heal|p2a: Million Dollar|98/100\n|-heal|p2b: Rey Mysterio|50/100\n|move|p1a: Sinistcha|Life Dew||[still]|[spread] p1a,p1b\n|-fail|p1a: Sinistcha|heal\n|-heal|p1b: Aggron|78/100\n|\n|upkeep\n|turn|15\n|\n|t:|1776615095\n|move|p2a: Million Dollar|Rage Powder|p2a: Million Dollar\n|-singleturn|p2a: Million Dollar|move: Rage Powder\n|move|p2b: Rey Mysterio|Hyper Voice|p1a: Sinistcha|[spread] p1b\n|-immune|p1a: Sinistcha\n|-resisted|p1b: Aggron|1\n|-damage|p1b: Aggron|15/100\n|move|p1b: Aggron|Heavy Slam|p2a: Million Dollar\n|-damage|p2a: Million Dollar|52/100\n|move|p1a: Sinistcha|Life Dew||[still]|[spread] p1a,p1b\n|-fail|p1a: Sinistcha|heal\n|-heal|p1b: Aggron|40/100\n|\n|upkeep\n|turn|16\n|\n|t:|1776615131\n|switch|p1a: Pelipper|Pelipper, L50, F|1/100\n|-weather|RainDance|[from] ability: Drizzle|[of] p1a: Pelipper\n|move|p2b: Rey Mysterio|Protect|p2b: Rey Mysterio\n|-singleturn|p2b: Rey Mysterio|Protect\n|move|p1b: Aggron|Protect|p1b: Aggron\n|-singleturn|p1b: Aggron|Protect\n|move|p2a: Million Dollar|Life Dew|p2a: Million Dollar|[spread] p2a,p2b\n|-heal|p2a: Million Dollar|77/100\n|-heal|p2b: Rey Mysterio|75/100\n|\n|-weather|RainDance|[upkeep]\n|-fieldend|move: Trick Room\n|upkeep\n|turn|17\n|\n|t:|1776615149\n|switch|p1b: Sinistcha|Sinistcha, L50|100/100\n|-heal|p1a: Pelipper|26/100|[from] ability: Hospitality|[of] p1b: Sinistcha\n|move|p2a: Million Dollar|Rage Powder|p2a: Million Dollar\n|-singleturn|p2a: Million Dollar|move: Rage Powder\n|move|p1a: Pelipper|Hurricane|p2a: Million Dollar\n|-supereffective|p2a: Million Dollar|1\n|-damage|p2a: Million Dollar|0 fnt\n|faint|p2a: Million Dollar\n|move|p2b: Rey Mysterio|Hyper Voice|p1a: Pelipper|[spread] p1a\n|-immune|p1b: Sinistcha\n|-damage|p1a: Pelipper|0 fnt\n|faint|p1a: Pelipper\n|\n|-weather|RainDance|[upkeep]\n|upkeep\n|\n|t:|1776615162\n|switch|p1a: Aggron|Aggron-Mega, L50, M|40/100\n|switch|p2a: Paul|Oranguru, L50, F|100/100\n|turn|18\n|\n|t:|1776615179\n|move|p1a: Aggron|Protect|p1a: Aggron\n|-singleturn|p1a: Aggron|Protect\n|move|p2b: Rey Mysterio|Protect|p2b: Rey Mysterio\n|-singleturn|p2b: Rey Mysterio|Protect\n|move|p1b: Sinistcha|Life Dew||[still]|[spread] p1a,p1b\n|-heal|p1a: Aggron|65/100\n|-fail|p1b: Sinistcha|heal\n|move|p2a: Paul|Trick Room|p2a: Paul\n|-fieldstart|move: Trick Room|[of] p2a: Paul\n|\n|-weather|RainDance|[upkeep]\n|upkeep\n|turn|19\n|\n|t:|1776615194\n|move|p2b: Rey Mysterio|Hyper Voice|p1a: Aggron|[spread] p1a\n|-immune|p1b: Sinistcha\n|-resisted|p1a: Aggron|1\n|-damage|p1a: Aggron|2/100\n|move|p1a: Aggron|Body Press|p2b: Rey Mysterio\n|-supereffective|p2b: Rey Mysterio|1\n|-damage|p2b: Rey Mysterio|11/100\n|-ability|p2b: Rey Mysterio|Berserk|boost\n|-boost|p2b: Rey Mysterio|spa|1\n|move|p2a: Paul|Instruct|p2b: Rey Mysterio\n|-singleturn|p2b: Rey Mysterio|move: Instruct|[of] p2a: Paul\n|move|p2b: Rey Mysterio|Hyper Voice|p1a: Aggron|[spread] p1a\n|-immune|p1b: Sinistcha\n|-resisted|p1a: Aggron|1\n|-damage|p1a: Aggron|0 fnt\n|faint|p1a: Aggron\n|move|p1b: Sinistcha|Matcha Gotcha|p2b: Rey Mysterio|[spread] p2a,p2b\n|-resisted|p2b: Rey Mysterio|1\n|-damage|p2a: Paul|82/100\n|-damage|p2b: Rey Mysterio|9/100\n|\n|-weather|RainDance|[upkeep]\n|upkeep\n|turn|20\n|-message|CTRLD forfeited.\n|\n|win|SDLT 2KRL PIZZA\n|raw|CTRLD's rating: 1108 &rarr; <strong>1078</strong><br />(-30 for losing)\n|raw|SDLT 2KRL PIZZA's rating: 1044 &rarr; <strong>1083</strong><br />(+39 for winning)\n|l|\u2606CTRLD\n|player|p1|\n",
  "uploadtime": 1776615218,
  "views": 7,
  "formatid": "gen9championsvgc2026regma",
  "rating": 1078,
  "private": 0,
  "password": null
}