{
  "id": "gen9championsvgc2026regma-2581915014",
  "format": "[Gen 9 Champions] VGC 2026 Reg M-A",
  "players": [
    "PhpRyV",
    "skymin<3"
  ],
  "log": "|j|\u2606PhpRyV\n|j|\u2606skymin<3\n|html|<table width=\"100%\"><tr><td align=\"left\">PhpRyV</td><td align=\"right\">skymin&lt;3</tr><tr><td align=\"left\"><i class=\"fa fa-circle\"></i> <i class=\"fa fa-circle-o\"></i> </td><td align=\"right\"><i class=\"fa fa-circle-o\"></i> <i class=\"fa fa-circle\"></i> </tr></table>\n|uhtml|bestof|<h2><strong>Game 3</strong> of <a href=\"/game-bestof3-gen9championsvgc2026regma-2581908962\">a best-of-3</a></h2>\n|t:|1776039357\n|gametype|doubles\n|player|p1|PhpRyV|pokemonbreeder-gen4|\n|player|p2|skymin<3|#skymin3|\n|gen|9\n|tier|[Gen 9 Champions] VGC 2026 Reg M-A\n|rated|Tournament battle\n|rule|Species Clause: Limit one of each Pok\u00e9mon\n|rule|Item Clause: Limit 1 of each item\n|raw|<div class=\"infobox\"><details class=\"readmore\" open><summary><strong>2 custom rules:</strong></summary> Force Open Team Sheets, Best of = 3</details></div>\n|clearpoke\n|poke|p1|Charizard, L50, M|\n|poke|p1|Whimsicott, L50, F|\n|poke|p1|Incineroar, L50, M|\n|poke|p1|Sneasler, L50, F|\n|poke|p1|Garchomp, L50, M|\n|poke|p1|Maushold-Four, L50|\n|poke|p2|Garchomp, L50, M|\n|poke|p2|Delphox, L50, M|\n|poke|p2|Rotom-Wash, L50|\n|poke|p2|Sneasler, L50, F|\n|poke|p2|Aerodactyl, L50, M|\n|poke|p2|Kingambit, L50, F|\n|teampreview|4\n|showteam|p1|Charizard||CharizarditeY|SolarPower|HeatWave,AirSlash,SolarBeam,Protect|||M|||50|]Whimsicott||FairyFeather|Prankster|Tailwind,Encore,Moonblast,Protect|||F|||50|]Incineroar||SitrusBerry|Intimidate|FakeOut,ThroatChop,PartingShot,FlareBlitz|||M|||50|]Sneasler||WhiteHerb|Unburden|DireClaw,FakeOut,CloseCombat,Protect|||F|||50|]Garchomp||FocusSash|RoughSkin|Earthquake,Protect,RockSlide,DragonClaw|||M|||50|]Maushold-Four||MentalHerb|FriendGuard|Taunt,ThunderWave,FollowMe,HelpingHand||||||50|\n|showteam|p2|Garchomp||SoftSand|RoughSkin|Earthquake,DragonClaw,RockSlide,Protect|||M|||50|]Delphox||Delphoxite|Blaze|Encore,HeatWave,Psychic,Protect|||M|||50|]Rotom-Wash||ChoiceScarf|Levitate|HydroPump,Thunderbolt,WillOWisp,Electroweb||||||50|]Sneasler||MentalHerb|Unburden|CloseCombat,DireClaw,FakeOut,Protect|||F|||50|]Aerodactyl||FocusSash|Unnerve|DualWingbeat,RockSlide,Tailwind,Protect|||M|||50|]Kingambit||BlackGlasses|Defiant|IronHead,Protect,SuckerPunch,KowtowCleave|||F|||50|\n|j| island pocket\n|j| MaybeIllusion\n|c|\u2606PhpRyV|glhf\n|j| blueberre\n|l| MaybeIllusion\n|\n|t:|1776039393\n|teamsize|p1|4\n|teamsize|p2|4\n|start\n|switch|p1a: Whimsicott|Whimsicott, L50, F|100/100\n|switch|p1b: Sneasler|Sneasler, L50, F|100/100\n|switch|p2a: Eclipsa|Delphox, L50, M|100/100\n|switch|p2b: Ruined Dragon|Aerodactyl, L50, M|100/100\n|-ability|p2b: Ruined Dragon|Unnerve\n|turn|1\n|\n|t:|1776039423\n|detailschange|p2a: Eclipsa|Delphox-Mega, L50, M\n|-mega|p2a: Eclipsa|Delphox|Delphoxite\n|move|p1a: Whimsicott|Tailwind|p1a: Whimsicott\n|-sidestart|p1: PhpRyV|move: Tailwind\n|move|p1b: Sneasler|Close Combat|p2b: Ruined Dragon\n|-enditem|p2b: Ruined Dragon|Focus Sash\n|-damage|p2b: Ruined Dragon|1/100\n|-unboost|p1b: Sneasler|def|1\n|-unboost|p1b: Sneasler|spd|1\n|-enditem|p1b: Sneasler|White Herb\n|-clearnegativeboost|p1b: Sneasler|[silent]\n|move|p2a: Eclipsa|Heat Wave|p1b: Sneasler|[spread] p1a,p1b\n|-supereffective|p1a: Whimsicott|1\n|-damage|p1a: Whimsicott|0 fnt\n|-damage|p1b: Sneasler|42/100\n|faint|p1a: Whimsicott\n|move|p2b: Ruined Dragon|Tailwind|p2b: Ruined Dragon\n|-sidestart|p2: skymin<3|move: Tailwind\n|\n|upkeep\n|j| MaybeIllusion\n|j| 21Kieran\n|\n|t:|1776039443\n|switch|p1a: Garchomp|Garchomp, L50, M|100/100\n|turn|2\n|c|\u2606PhpRyV|so ruined dragon and diablos are definitely MH references I'm pretty sure, but what about the rest? :o\n|c|\u2606skymin<3|ruined dragon is mario odyssey\n|c|\u2606skymin<3|neon is valorant\n|c| blueberre|valorant\n|c|\u2606skymin<3|eclipsa is star vs the forces of evil\n|c|\u2606skymin<3|kingambit is meruem from hxh\n|c|\u2606skymin<3|sneasler is consul D, xenoblade 3\n|c| 21Kieran|val references\n|c| 21Kieran|ew\n|\n|t:|1776039549\n|move|p2a: Eclipsa|Protect|p2a: Eclipsa\n|-singleturn|p2a: Eclipsa|Protect\n|move|p1b: Sneasler|Dire Claw|p2a: Eclipsa\n|-activate|p2a: Eclipsa|move: Protect\n|move|p2b: Ruined Dragon|Dual Wingbeat|p1b: Sneasler\n|-supereffective|p1b: Sneasler|1\n|-damage|p1b: Sneasler|0 fnt\n|faint|p1b: Sneasler\n|-hitcount|p1: Sneasler|1\n|move|p1a: Garchomp|Rock Slide|p2a: Eclipsa|[spread] p2b\n|-activate|p2a: Eclipsa|move: Protect\n|-supereffective|p2b: Ruined Dragon|1\n|-damage|p2b: Ruined Dragon|0 fnt\n|faint|p2b: Ruined Dragon\n|\n|upkeep\n|c|\u2606PhpRyV|aah I see\n|\n|t:|1776039567\n|switch|p2b: Neon|Rotom-Wash, L50|100/100\n|switch|p1b: Charizard|Charizard, L50, M, shiny|100/100\n|turn|3\n|l| island pocket\n|\n|t:|1776039601\n|detailschange|p1b: Charizard|Charizard-Mega-Y, L50, M, shiny\n|-mega|p1b: Charizard|Charizard|Charizardite Y\n|-weather|SunnyDay|[from] ability: Drought|[of] p1b: Charizard\n|move|p2a: Eclipsa|Psychic|p1b: Charizard\n|-damage|p1b: Charizard|48/100\n|move|p2b: Neon|Thunderbolt|p1b: Charizard\n|-supereffective|p1b: Charizard|1\n|-damage|p1b: Charizard|0 fnt\n|faint|p1b: Charizard\n|move|p1a: Garchomp|Rock Slide|p2a: Eclipsa|[spread] p2a,p2b\n|-supereffective|p2a: Eclipsa|1\n|-crit|p2a: Eclipsa\n|-damage|p2a: Eclipsa|2/100\n|-damage|p2b: Neon|74/100\n|\n|-weather|SunnyDay|[upkeep]\n|upkeep\n|turn|4\n|c|\u2606skymin<3|ggs\n|\n|t:|1776039615\n|switch|p2b: Diablos|Garchomp, L50, M|100/100\n|move|p2a: Eclipsa|Encore|p1a: Garchomp\n|-start|p1a: Garchomp|Encore\n|move|p1a: Garchomp|Rock Slide|p2a: Eclipsa|[spread] p2a\n|-miss|p1a: Garchomp|p2b: Diablos\n|-supereffective|p2a: Eclipsa|1\n|-damage|p2a: Eclipsa|0 fnt\n|faint|p2a: Eclipsa\n|\n|-weather|SunnyDay|[upkeep]\n|-sideend|p2: skymin<3|move: Tailwind\n|-sideend|p1: PhpRyV|move: Tailwind\n|upkeep\n|c|\u2606PhpRyV|ggs\n|\n|t:|1776039618\n|switch|p2a: Neon|Rotom-Wash, L50|74/100\n|turn|5\n|j| aurora ltd\n|\n|t:|1776039623\n|move|p2a: Neon|Will-O-Wisp|p1a: Garchomp|[miss]\n|-miss|p2a: Neon|p1a: Garchomp\n|move|p2b: Diablos|Dragon Claw|p1a: Garchomp\n|-supereffective|p1a: Garchomp|1\n|-damage|p1a: Garchomp|18/100\n|-damage|p2b: Diablos|88/100|[from] ability: Rough Skin|[of] p1a: Garchomp\n|move|p1a: Garchomp|Rock Slide|p2b: Diablos|[spread] p2a,p2b\n|-resisted|p2b: Diablos|1\n|-damage|p2a: Neon|46/100\n|-damage|p2b: Diablos|79/100\n|\n|-weather|SunnyDay|[upkeep]\n|upkeep\n|turn|6\n|\n|t:|1776039633\n|move|p2a: Neon|Will-O-Wisp|p1a: Garchomp|[miss]\n|-miss|p2a: Neon|p1a: Garchomp\n|move|p1a: Garchomp|Rock Slide|p2a: Neon|[spread] p2a,p2b\n|-resisted|p2b: Diablos|1\n|-damage|p2a: Neon|18/100\n|-damage|p2b: Diablos|69/100\n|move|p2b: Diablos|Dragon Claw|p1a: Garchomp\n|-supereffective|p1a: Garchomp|1\n|-damage|p1a: Garchomp|0 fnt\n|-damage|p2b: Diablos|57/100|[from] ability: Rough Skin|[of] p1a: Garchomp\n|faint|p1a: Garchomp\n|\n|win|skymin<3\n|c|\u2606PhpRyV|ggs\n|l|\u2606PhpRyV\n|player|p1|\n|l|\u2606skymin<3\n|player|p2|\n|l| MaybeIllusion\n|l| blueberre\n|l| 21Kieran\n",
  "uploadtime": 1776039717,
  "views": 14,
  "formatid": "gen9championsvgc2026regma",
  "rating": null,
  "private": 0,
  "password": null
}