{
  "id": "gen9championsvgc2026regma-2585463714",
  "format": "[Gen 9 Champions] VGC 2026 Reg M-A",
  "players": [
    "RUUL",
    "MakeItRain30%"
  ],
  "log": "|j|\u2606RUUL\n|j|\u203dMakeItRain30%\n|t:|1776349002\n|gametype|doubles\n|player|p1|RUUL|acetrainer|1269\n|player|p2|MakeItRain30%|lucas|1219\n|gen|9\n|tier|[Gen 9 Champions] VGC 2026 Reg M-A\n|rated|\n|rule|Species Clause: Limit one of each Pok\u00e9mon\n|rule|Item Clause: Limit 1 of each item\n|clearpoke\n|poke|p1|Whimsicott, L50, F|\n|poke|p1|Kingambit, L50, M|\n|poke|p1|Rotom-Wash, L50|\n|poke|p1|Charizard, L50, M|\n|poke|p1|Sneasler, L50, M|\n|poke|p1|Garchomp, L50, M|\n|poke|p2|Glimmora, L50, M|\n|poke|p2|Froslass, L50, F|\n|poke|p2|Basculegion, L50, M|\n|poke|p2|Incineroar, L50, M|\n|poke|p2|Sneasler, L50, M|\n|poke|p2|Corviknight, L50, F|\n|teampreview|4\n|inactive|Battle timer is ON: inactive players will automatically lose when time's up. (requested by MakeItRain30%)\n|l|\u203dMakeItRain30%\n|inactive|MakeItRain30% disconnected and has a minute to reconnect!\n|player|p2|\n|inactive|RUUL has 60 seconds left.\n|j|\u203dMakeItRain30%\n|inactive|MakeItRain30% reconnected and has 50 seconds left.\n|player|p2|MakeItRain30%|lucas|\n|n|\u203dMakeItRain30%|makeitrain30\n|l|\u203dMakeItRain30%\n|inactive|MakeItRain30% disconnected and has a minute to reconnect!\n|player|p2|\n|j|\u203dMakeItRain30%\n|inactive|MakeItRain30% reconnected and has 40 seconds left.\n|player|p2|MakeItRain30%|lucas|\n|n|\u203dMakeItRain30%|makeitrain30\n|l|\u203dMakeItRain30%\n|inactive|MakeItRain30% disconnected and has a minute to reconnect!\n|player|p2|\n|inactive|RUUL has 30 seconds left.\n|inactive|MakeItRain30% has 30 seconds left.\n|j|\u203dMakeItRain30%\n|inactive|MakeItRain30% reconnected and has 30 seconds left.\n|player|p2|MakeItRain30%|lucas|\n|n|\u203dMakeItRain30%|makeitrain30\n|n|\u203dMakeItRain30%|makeitrain30\n|inactive|RUUL has 20 seconds left.\n|inactive|MakeItRain30% has 20 seconds left.\n|inactive|RUUL has 15 seconds left.\n|inactive|RUUL has 10 seconds left.\n|inactiveoff|Battle timer is now OFF.\n|\n|t:|1776349089\n|teamsize|p1|4\n|teamsize|p2|4\n|start\n|switch|p1a: Whimsicott|Whimsicott, L50, F|100/100\n|switch|p1b: Kingambit|Kingambit, L50, M|100/100\n|switch|p2a: Basculegion|Basculegion, L50, M|100/100\n|switch|p2b: Sneasler|Sneasler, L50, M|100/100\n|turn|1\n|\n|t:|1776349102\n|move|p1a: Whimsicott|Protect|p1a: Whimsicott\n|-singleturn|p1a: Whimsicott|Protect\n|move|p1b: Kingambit|Protect|p1b: Kingambit\n|-singleturn|p1b: Kingambit|Protect\n|move|p2b: Sneasler|Fake Out|p1b: Kingambit\n|-activate|p1b: Kingambit|move: Protect\n|move|p2a: Basculegion|Flip Turn|p1a: Whimsicott\n|-activate|p1a: Whimsicott|move: Protect\n|\n|upkeep\n|turn|2\n|\n|t:|1776349122\n|switch|p2a: Corviknight|Corviknight, L50, F|100/100\n|switch|p1b: Garchomp|Garchomp, L50, M|100/100\n|move|p1a: Whimsicott|Tailwind|p1a: Whimsicott\n|-sidestart|p1: RUUL|move: Tailwind\n|move|p2b: Sneasler|Close Combat|p1b: Garchomp\n|-damage|p1b: Garchomp|40/100\n|-unboost|p2b: Sneasler|def|1\n|-unboost|p2b: Sneasler|spd|1\n|-damage|p2b: Sneasler|88/100|[from] ability: Rough Skin|[of] p1b: Garchomp\n|-enditem|p2b: Sneasler|White Herb\n|-clearnegativeboost|p2b: Sneasler|[silent]\n|\n|upkeep\n|turn|3\n|\n|t:|1776349144\n|move|p1a: Whimsicott|Protect|p1a: Whimsicott\n|-singleturn|p1a: Whimsicott|Protect\n|move|p2b: Sneasler|Close Combat|p1b: Garchomp\n|-damage|p1b: Garchomp|0 fnt\n|-unboost|p2b: Sneasler|def|1\n|-unboost|p2b: Sneasler|spd|1\n|-damage|p2b: Sneasler|76/100|[from] ability: Rough Skin|[of] p1b: Garchomp\n|faint|p1b: Garchomp\n|move|p2a: Corviknight|Iron Head|p1a: Whimsicott\n|-activate|p1a: Whimsicott|move: Protect\n|\n|upkeep\n|\n|t:|1776349157\n|switch|p1b: Charizard|Charizard, L50, M|100/100\n|turn|4\n|\n|t:|1776349169\n|switch|p2a: Glimmora|Glimmora, L50, M|100/100\n|detailschange|p1b: Charizard|Charizard-Mega-Y, L50, M\n|-mega|p1b: Charizard|Charizard|Charizardite Y\n|-weather|SunnyDay|[from] ability: Drought|[of] p1b: Charizard\n|move|p2b: Sneasler|Protect|p2b: Sneasler\n|-singleturn|p2b: Sneasler|Protect\n|move|p1a: Whimsicott|Moonblast|p2b: Sneasler\n|-activate|p2b: Sneasler|move: Protect\n|move|p1b: Charizard|Heat Wave|p2a: Glimmora|[spread] p2a\n|-activate|p2b: Sneasler|move: Protect\n|-resisted|p2a: Glimmora|1\n|-damage|p2a: Glimmora|60/100\n|\n|-weather|SunnyDay|[upkeep]\n|upkeep\n|turn|5\n|\n|t:|1776349199\n|switch|p2b: Basculegion|Basculegion, L50, M|100/100\n|detailschange|p2a: Glimmora|Glimmora-Mega, L50, M\n|-mega|p2a: Glimmora|Glimmora|Glimmoranite\n|move|p1a: Whimsicott|Moonblast|p2b: Basculegion\n|-damage|p2b: Basculegion|58/100\n|move|p1b: Charizard|Solar Beam||[still]\n|-prepare|p1b: Charizard|Solar Beam\n|-anim|p1b: Charizard|Solar Beam|p2a: Glimmora\n|-damage|p2a: Glimmora|10/100\n|move|p2a: Glimmora|Power Gem|p1b: Charizard\n|-supereffective|p1b: Charizard|2\n|-crit|p1b: Charizard\n|-damage|p1b: Charizard|0 fnt\n|faint|p1b: Charizard\n|\n|-weather|SunnyDay|[upkeep]\n|-sideend|p1: RUUL|move: Tailwind\n|upkeep\n|\n|t:|1776349215\n|switch|p1b: Kingambit|Kingambit, L50, M|100/100\n|turn|6\n|\n|t:|1776349235\n|move|p1a: Whimsicott|Protect|p1a: Whimsicott\n|-singleturn|p1a: Whimsicott|Protect\n|move|p2b: Basculegion|Flip Turn|p1a: Whimsicott\n|-activate|p1a: Whimsicott|move: Protect\n|move|p2a: Glimmora|Sludge Bomb|p1a: Whimsicott\n|-activate|p1a: Whimsicott|move: Protect\n|move|p1b: Kingambit|Iron Head|p2a: Glimmora\n|-supereffective|p2a: Glimmora|1\n|-damage|p2a: Glimmora|0 fnt\n|faint|p2a: Glimmora\n|\n|-weather|SunnyDay|[upkeep]\n|upkeep\n|\n|t:|1776349238\n|switch|p2a: Sneasler|Sneasler, L50, M|76/100\n|turn|7\n|inactive|Battle timer is ON: inactive players will automatically lose when time's up. (requested by MakeItRain30%)\n|\n|t:|1776349264\n|move|p2a: Sneasler|Fake Out|p1b: Kingambit\n|-resisted|p1b: Kingambit|1\n|-damage|p1b: Kingambit|95/100\n|cant|p1b: Kingambit|flinch\n|move|p2b: Basculegion|Flip Turn|p1a: Whimsicott\n|-resisted|p1a: Whimsicott|1\n|-damage|p1a: Whimsicott|85/100\n|\n|t:|1776349270\n|switch|p2b: Corviknight|Corviknight, L50, F|100/100|[from] Flip Turn\n|move|p1a: Whimsicott|Moonblast|p2a: Sneasler\n|-damage|p2a: Sneasler|20/100\n|\n|-weather|SunnyDay|[upkeep]\n|upkeep\n|turn|8\n|\n|t:|1776349287\n|move|p1a: Whimsicott|Tailwind|p1a: Whimsicott\n|-sidestart|p1: RUUL|move: Tailwind\n|move|p1b: Kingambit|Sucker Punch|p2a: Sneasler\n|-resisted|p2a: Sneasler|1\n|-damage|p2a: Sneasler|0 fnt\n|faint|p2a: Sneasler\n|move|p2b: Corviknight|Body Press|p1b: Kingambit\n|-supereffective|p1b: Kingambit|2\n|-damage|p1b: Kingambit|28/100\n|\n|-weather|none\n|upkeep\n|\n|t:|1776349292\n|switch|p2a: Basculegion|Basculegion, L50, M|58/100\n|turn|9\n|\n|t:|1776349308\n|move|p2a: Basculegion|Aqua Jet|p1b: Kingambit\n|-damage|p1b: Kingambit|8/100\n|move|p1b: Kingambit|Sucker Punch||[still]\n|-fail|p1b: Kingambit\n|move|p1a: Whimsicott|Moonblast|p2a: Basculegion\n|-damage|p2a: Basculegion|15/100\n|move|p2b: Corviknight|Body Press|p1b: Kingambit\n|-supereffective|p1b: Kingambit|2\n|-damage|p1b: Kingambit|0 fnt\n|faint|p1b: Kingambit\n|\n|upkeep\n|turn|10\n|\n|t:|1776349321\n|move|p2a: Basculegion|Aqua Jet|p1a: Whimsicott\n|-resisted|p1a: Whimsicott|1\n|-damage|p1a: Whimsicott|67/100\n|move|p1a: Whimsicott|Moonblast|p2a: Basculegion\n|-crit|p2a: Basculegion\n|-damage|p2a: Basculegion|0 fnt\n|faint|p2a: Basculegion\n|move|p2b: Corviknight|Iron Head|p1a: Whimsicott\n|-supereffective|p1a: Whimsicott|1\n|-damage|p1a: Whimsicott|0 fnt\n|faint|p1a: Whimsicott\n|\n|win|MakeItRain30%\n|raw|RUUL's rating: 1269 &rarr; <strong>1240</strong><br />(-29 for losing)\n|raw|MakeItRain30%'s rating: 1219 &rarr; <strong>1248</strong><br />(+29 for winning)\n",
  "uploadtime": 1776349326,
  "views": 32,
  "formatid": "gen9championsvgc2026regma",
  "rating": 1240,
  "private": 0,
  "password": null
}