{
  "id": "gen9championsvgc2026regma-2588555126",
  "format": "[Gen 9 Champions] VGC 2026 Reg M-A",
  "players": [
    "zoronette",
    "WishMkrLucy"
  ],
  "log": "|j|\u2606zoronette\n|j|\u2606WishMkrLucy\n|t:|1776644520\n|gametype|doubles\n|player|p1|zoronette|n-masters2|\n|player|p2|WishMkrLucy|lucy|\n|gen|9\n|tier|[Gen 9 Champions] VGC 2026 Reg M-A\n|rated|Tournament battle\n|rule|Species Clause: Limit one of each Pok\u00e9mon\n|rule|Item Clause: Limit 1 of each item\n|raw|<div class=\"infobox\"><details class=\"readmore\" open><summary><strong>1 custom rule:</strong></summary> Force Open Team Sheets</details></div>\n|clearpoke\n|poke|p1|Pelipper, L50, F, shiny|\n|poke|p1|Archaludon, L50, M, shiny|\n|poke|p1|Sneasler, L50, M|\n|poke|p1|Meganium, L50, F, shiny|\n|poke|p1|Basculegion, L50, M, shiny|\n|poke|p1|Sableye, L50, F|\n|poke|p2|Venusaur, L50, M|\n|poke|p2|Charizard, L50, M|\n|poke|p2|Garchomp, L50, M|\n|poke|p2|Sneasler, L50, M|\n|poke|p2|Milotic, L50, M|\n|poke|p2|Incineroar, L50, M|\n|teampreview|4\n|showteam|p1|Pelipper||FocusSash|Drizzle|Hurricane,WeatherBall,Protect,Tailwind|||F|||50|]Archaludon||Leftovers|Stamina|Protect,ElectroShot,DracoMeteor,FlashCannon|||M|||50|]Sneasler||WhiteHerb|Unburden|DireClaw,CloseCombat,FakeOut,Protect|||M|||50|]Meganium||Meganiumite|Overgrow|SolarBeam,WeatherBall,DazzlingGleam,Protect|||F|||50|]Basculegion||MysticWater|SwiftSwim|AquaJet,WaveCrash,Protect,LastRespects|||M|||50|]Sableye||MentalHerb|Prankster|Quash,RainDance,Protect,Taunt|||F|||50|\n|showteam|p2|Venusaur||FocusSash|Chlorophyll|SleepPowder,Protect,SludgeBomb,LeafStorm|||M|||50|]Charizard||CharizarditeY|SolarPower|Protect,Overheat,HeatWave,SolarBeam|||M|||50|]Garchomp||HabanBerry|RoughSkin|Protect,Earthquake,DragonClaw,RockSlide|||M|||50|]Sneasler||WhiteHerb|Unburden|Protect,CloseCombat,DireClaw,FakeOut|||M|||50|]Milotic||Leftovers|Competitive|MuddyWater,Coil,Hypnosis,Recover|||M|||50|]Incineroar||SitrusBerry|Intimidate|FlareBlitz,ThroatChop,FakeOut,PartingShot|||M|||50|\n|inactive|Battle timer is ON: inactive players will automatically lose when time's up. (requested by zoronette)\n|inactive|WishMkrLucy also wants the timer to be on.\n|j| idontknow25\n|j| H4irashi\n|l| H4irashi\n|inactive|zoronette has 60 seconds left.\n|inactive|WishMkrLucy has 60 seconds left.\n|j| cinderchomp\n|j| 471 Scyther\n|\n|t:|1776644573\n|teamsize|p1|4\n|teamsize|p2|4\n|start\n|switch|p1a: Archaludon|Archaludon, L50, M, shiny|100/100\n|switch|p1b: Sableye|Sableye, L50, F|100/100\n|switch|p2a: Sneasler|Sneasler, L50, M|100/100\n|switch|p2b: Milotic|Milotic, L50, M|100/100\n|turn|1\n|inactive|WishMkrLucy has 30 seconds left.\n|\n|t:|1776644601\n|move|p1a: Archaludon|Protect|p1a: Archaludon\n|-singleturn|p1a: Archaludon|Protect\n|move|p1b: Sableye|Taunt|p2b: Milotic\n|-start|p2b: Milotic|move: Taunt\n|move|p2a: Sneasler|Close Combat|p1a: Archaludon\n|-activate|p1a: Archaludon|move: Protect\n|move|p2b: Milotic|Muddy Water|p1a: Archaludon|[spread] p1b\n|-activate|p1a: Archaludon|move: Protect\n|-damage|p1b: Sableye|65/100\n|\n|upkeep\n|turn|2\n|\n|t:|1776644621\n|move|p2a: Sneasler|Protect|p2a: Sneasler\n|-singleturn|p2a: Sneasler|Protect\n|move|p1b: Sableye|Quash|p2a: Sneasler\n|-activate|p2a: Sneasler|move: Protect\n|move|p1a: Archaludon|Draco Meteor|p2a: Sneasler\n|-activate|p2a: Sneasler|move: Protect\n|move|p2b: Milotic|Muddy Water|p1b: Sableye|[spread] p1a,p1b\n|-resisted|p1a: Archaludon|1\n|-damage|p1a: Archaludon|87/100\n|-damage|p1b: Sableye|34/100\n|-ability|p1a: Archaludon|Stamina|boost\n|-boost|p1a: Archaludon|def|1\n|\n|-heal|p1a: Archaludon|93/100|[from] item: Leftovers\n|upkeep\n|turn|3\n|j| angeldumunzet\n|j| Mitsuko Kongo\n|\n|t:|1776644646\n|switch|p2a: Venusaur|Venusaur, L50, M|100/100\n|switch|p1a: Basculegion|Basculegion, L50, M, shiny|100/100\n|move|p1b: Sableye|Rain Dance|p1b: Sableye\n|-weather|RainDance\n|move|p2b: Milotic|Muddy Water|p1b: Sableye|[spread] p1a,p1b\n|-resisted|p1a: Basculegion|1\n|-damage|p1a: Basculegion|81/100\n|-damage|p1b: Sableye|0 fnt\n|faint|p1b: Sableye\n|\n|-weather|RainDance|[upkeep]\n|-end|p2b: Milotic|move: Taunt\n|upkeep\n|\n|t:|1776644650\n|switch|p1b: Archaludon|Archaludon, L50, M, shiny|93/100\n|turn|4\n|l| angeldumunzet\n|\n|t:|1776644675\n|move|p2a: Venusaur|Protect|p2a: Venusaur\n|-singleturn|p2a: Venusaur|Protect\n|move|p1a: Basculegion|Wave Crash|p2a: Venusaur\n|-activate|p2a: Venusaur|move: Protect\n|move|p1b: Archaludon|Draco Meteor|p2a: Venusaur\n|-activate|p2a: Venusaur|move: Protect\n|move|p2b: Milotic|Hypnosis|p1b: Archaludon\n|-status|p1b: Archaludon|slp|[from] move: Hypnosis\n|\n|-weather|RainDance|[upkeep]\n|-heal|p1b: Archaludon|99/100 slp|[from] item: Leftovers\n|upkeep\n|turn|5\n|l| idontknow25\n|\n|t:|1776644693\n|move|p1a: Basculegion|Protect|p1a: Basculegion\n|-singleturn|p1a: Basculegion|Protect\n|move|p2a: Venusaur|Leaf Storm|p1a: Basculegion\n|-activate|p1a: Basculegion|move: Protect\n|cant|p1b: Archaludon|slp\n|move|p2b: Milotic|Coil|p2b: Milotic\n|-boost|p2b: Milotic|atk|1\n|-boost|p2b: Milotic|def|1\n|-boost|p2b: Milotic|accuracy|1\n|\n|-weather|RainDance|[upkeep]\n|-heal|p1b: Archaludon|100/100 slp|[from] item: Leftovers\n|upkeep\n|turn|6\n|\n|t:|1776644710\n|switch|p1a: Meganium|Meganium, L50, F, shiny|100/100\n|move|p2a: Venusaur|Protect|p2a: Venusaur\n|-singleturn|p2a: Venusaur|Protect\n|cant|p1b: Archaludon|slp\n|move|p2b: Milotic|Hypnosis|p1a: Meganium\n|-status|p1a: Meganium|slp|[from] move: Hypnosis\n|\n|-weather|RainDance|[upkeep]\n|upkeep\n|turn|7\n|\n|t:|1776644724\n|switch|p1a: Basculegion|Basculegion, L50, M, shiny|81/100\n|move|p2a: Venusaur|Sludge Bomb|p1a: Basculegion\n|-resisted|p1a: Basculegion|1\n|-damage|p1a: Basculegion|61/100\n|-curestatus|p1b: Archaludon|slp|[msg]\n|move|p1b: Archaludon|Electro Shot||[still]\n|-prepare|p1b: Archaludon|Electro Shot\n|-boost|p1b: Archaludon|spa|1\n|-anim|p1b: Archaludon|Electro Shot|p2b: Milotic\n|-supereffective|p2b: Milotic|1\n|-damage|p2b: Milotic|16/100\n|move|p2b: Milotic|Muddy Water|p1b: Archaludon|[spread] p1a,p1b\n|-resisted|p1a: Basculegion|1\n|-resisted|p1b: Archaludon|1\n|-damage|p1a: Basculegion|40/100\n|-damage|p1b: Archaludon|82/100\n|-unboost|p1a: Basculegion|accuracy|1\n|-ability|p1b: Archaludon|Stamina|boost\n|-boost|p1b: Archaludon|def|1\n|\n|-weather|none\n|-heal|p1b: Archaludon|88/100|[from] item: Leftovers\n|-heal|p2b: Milotic|22/100|[from] item: Leftovers\n|upkeep\n|turn|8\n|\n|t:|1776644747\n|move|p2a: Venusaur|Protect|p2a: Venusaur\n|-singleturn|p2a: Venusaur|Protect\n|move|p1a: Basculegion|Wave Crash|p2b: Milotic\n|-resisted|p2b: Milotic|1\n|-damage|p2b: Milotic|0 fnt\n|faint|p2b: Milotic\n|-damage|p1a: Basculegion|33/100|[from] Recoil\n|move|p1b: Archaludon|Flash Cannon|p2a: Venusaur\n|-activate|p2a: Venusaur|move: Protect\n|\n|-heal|p1b: Archaludon|94/100|[from] item: Leftovers\n|upkeep\n|\n|t:|1776644759\n|switch|p2b: Charizard|Charizard, L50, M|100/100\n|turn|9\n|j| Luigi Magnezone\n|\n|t:|1776644777\n|switch|p1a: Meganium|Meganium, L50, F, shiny|100/100 slp\n|detailschange|p2b: Charizard|Charizard-Mega-Y, L50, M\n|-mega|p2b: Charizard|Charizard|Charizardite Y\n|-weather|SunnyDay|[from] ability: Drought|[of] p2b: Charizard\n|move|p2a: Venusaur|Sleep Powder|p1b: Archaludon\n|-status|p1b: Archaludon|slp|[from] move: Sleep Powder\n|move|p2b: Charizard|Heat Wave|p1a: Meganium|[spread] p1a,p1b\n|-supereffective|p1a: Meganium|1\n|-damage|p1a: Meganium|0 fnt\n|-damage|p1b: Archaludon|26/100 slp\n|-ability|p1b: Archaludon|Stamina|boost\n|-boost|p1b: Archaludon|def|1\n|faint|p1a: Meganium\n|cant|p1b: Archaludon|slp\n|\n|-weather|SunnyDay|[upkeep]\n|-heal|p1b: Archaludon|32/100 slp|[from] item: Leftovers\n|upkeep\n|j| EnesBatur\n|c|\u2606zoronette|Oh my lord the low acc sleep moves\n|l| Luigi Magnezone\n|\n|t:|1776644795\n|switch|p1a: Basculegion|Basculegion, L50, M, shiny|33/100\n|turn|10\n|\n|t:|1776644806\n|move|p1a: Basculegion|Aqua Jet|p2b: Charizard\n|-supereffective|p2b: Charizard|1\n|-damage|p2b: Charizard|73/100\n|move|p2a: Venusaur|Leaf Storm|p1a: Basculegion\n|-supereffective|p1a: Basculegion|1\n|-damage|p1a: Basculegion|0 fnt\n|-unboost|p2a: Venusaur|spa|2\n|faint|p1a: Basculegion\n|move|p2b: Charizard|Overheat|p1b: Archaludon\n|-damage|p1b: Archaludon|0 fnt\n|-unboost|p2b: Charizard|spa|2\n|faint|p1b: Archaludon\n|\n|win|WishMkrLucy\n|n|\u2606zoronette|zoronette\n|n|\u2606WishMkrLucy|wishmkrlucy\n|n| cinderchomp|cinderchomp\n|n| 471 Scyther|471scyther\n|n| Mitsuko Kongo|mitsukokongo\n|n| EnesBatur|enesbatur\n",
  "uploadtime": 1776644806,
  "views": 7,
  "formatid": "gen9championsvgc2026regma",
  "rating": null,
  "private": 0,
  "password": null
}