{
  "id": "gen9championsvgc2026regma-2586004218",
  "format": "[Gen 9 Champions] VGC 2026 Reg M-A",
  "players": [
    "boysenorange",
    "ageil2"
  ],
  "log": "|j|\u2606boysenorange\n|j|\u2606ageil2\n|t:|1776389396\n|gametype|doubles\n|player|p1|boysenorange|turo|1407\n|player|p2|ageil2|169|1345\n|gen|9\n|tier|[Gen 9 Champions] VGC 2026 Reg M-A\n|rated|\n|rule|Species Clause: Limit one of each Pok\u00e9mon\n|rule|Item Clause: Limit 1 of each item\n|clearpoke\n|poke|p1|Farigiraf, L50, F|\n|poke|p1|Gardevoir, L50, M|\n|poke|p1|Kangaskhan, L50, F|\n|poke|p1|Camerupt, L50, M|\n|poke|p1|Conkeldurr, L50, F|\n|poke|p1|Tinkaton, L50, F|\n|poke|p2|Camerupt, L50, F|\n|poke|p2|Sinistcha, L50|\n|poke|p2|Incineroar, L50, F|\n|poke|p2|Aerodactyl, L50, F|\n|poke|p2|Meganium, L50, F|\n|poke|p2|Tyranitar, L50, M|\n|teampreview|4\n|inactive|Battle timer is ON: inactive players will automatically lose when time's up. (requested by boysenorange)\n|\n|t:|1776389411\n|teamsize|p1|4\n|teamsize|p2|4\n|start\n|switch|p1a: Farigiraf|Farigiraf, L50, F|100/100\n|switch|p1b: Kangaskhan|Kangaskhan, L50, F|100/100\n|switch|p2a: Sinistcha|Sinistcha, L50|100/100\n|switch|p2b: Incineroar|Incineroar, L50, F|100/100\n|-ability|p2b: Incineroar|Intimidate|boost\n|-unboost|p1a: Farigiraf|atk|1\n|-fail|p1b: Kangaskhan|unboost|Attack|[from] ability: Scrappy|[of] p1b: Kangaskhan\n|turn|1\n|\n|t:|1776389435\n|move|p1b: Kangaskhan|Fake Out|p2b: Incineroar\n|-damage|p2b: Incineroar|78/100\n|move|p2a: Sinistcha|Matcha Gotcha|p1a: Farigiraf|[spread] p1a,p1b\n|-damage|p1a: Farigiraf|82/100\n|-damage|p1b: Kangaskhan|76/100\n|-status|p1a: Farigiraf|brn\n|cant|p2b: Incineroar|flinch\n|move|p1a: Farigiraf|Hyper Voice|p2a: Sinistcha|[spread] p2b\n|-immune|p2a: Sinistcha\n|-damage|p2b: Incineroar|55/100\n|\n|-heal|p2b: Incineroar|61/100|[from] item: Leftovers\n|-damage|p1a: Farigiraf|75/100 brn|[from] brn\n|upkeep\n|turn|2\n|\n|t:|1776389454\n|move|p1a: Farigiraf|Protect|p1a: Farigiraf\n|-singleturn|p1a: Farigiraf|Protect\n|move|p1b: Kangaskhan|Last Resort|p2b: Incineroar\n|-damage|p2b: Incineroar|0 fnt\n|faint|p2b: Incineroar\n|move|p2a: Sinistcha|Trick Room|p2a: Sinistcha\n|-fieldstart|move: Trick Room|[of] p2a: Sinistcha\n|\n|-damage|p1a: Farigiraf|69/100 brn|[from] brn\n|upkeep\n|\n|t:|1776389460\n|switch|p2b: Camerupt|Camerupt, L50, F|100/100\n|turn|3\n|\n|t:|1776389472\n|detailschange|p2b: Camerupt|Camerupt-Mega, L50, F\n|-mega|p2b: Camerupt|Camerupt|Cameruptite\n|move|p1a: Farigiraf|Protect||[still]\n|-fail|p1a: Farigiraf\n|move|p2b: Camerupt|Heat Wave|p1a: Farigiraf|[spread] p1a,p1b\n|-damage|p1a: Farigiraf|24/100 brn\n|-damage|p1b: Kangaskhan|20/100\n|move|p2a: Sinistcha|Matcha Gotcha|p1b: Kangaskhan|[spread] p1a,p1b\n|-damage|p1a: Farigiraf|4/100 brn\n|-damage|p1b: Kangaskhan|0 fnt\n|faint|p1b: Kangaskhan\n|\n|-damage|p1a: Farigiraf|0 fnt|[from] brn\n|faint|p1a: Farigiraf\n|upkeep\n|\n|t:|1776389482\n|switch|p1a: Camerupt|Camerupt, L50, M|100/100\n|switch|p1b: Conkeldurr|Conkeldurr, L50, F|100/100\n|turn|4\n|\n|t:|1776389499\n|detailschange|p1a: Camerupt|Camerupt-Mega, L50, M\n|-mega|p1a: Camerupt|Camerupt|Cameruptite\n|move|p1b: Conkeldurr|Wide Guard|p1b: Conkeldurr\n|-singleturn|p1b: Conkeldurr|Wide Guard\n|move|p2a: Sinistcha|Rage Powder|p2a: Sinistcha\n|-singleturn|p2a: Sinistcha|move: Rage Powder\n|move|p1a: Camerupt|Eruption|p2b: Camerupt|[spread] p2a,p2b\n|-supereffective|p2a: Sinistcha|1\n|-resisted|p2b: Camerupt|1\n|-damage|p2a: Sinistcha|0 fnt\n|-damage|p2b: Camerupt|66/100\n|faint|p2a: Sinistcha\n|move|p2b: Camerupt|Earth Power|p1a: Camerupt\n|-supereffective|p1a: Camerupt|1\n|-damage|p1a: Camerupt|0 fnt\n|faint|p1a: Camerupt\n|\n|upkeep\n|\n|t:|1776389508\n|switch|p2a: Tyranitar|Tyranitar, L50, M|100/100\n|-weather|Sandstorm|[from] ability: Sand Stream|[of] p2a: Tyranitar\n|turn|5\n|\n|t:|1776389527\n|move|p2b: Camerupt|Protect|p2b: Camerupt\n|-singleturn|p2b: Camerupt|Protect\n|move|p1b: Conkeldurr|Close Combat|p2b: Camerupt\n|-activate|p2b: Camerupt|move: Protect\n|move|p2a: Tyranitar|High Horsepower|p1b: Conkeldurr\n|-damage|p1b: Conkeldurr|70/100\n|\n|-weather|Sandstorm|[upkeep]\n|-damage|p1b: Conkeldurr|64/100|[from] Sandstorm\n|upkeep\n|turn|6\n|\n|t:|1776389548\n|move|p2b: Camerupt|Earth Power|p1b: Conkeldurr\n|-damage|p1b: Conkeldurr|0 fnt\n|faint|p1b: Conkeldurr\n|\n|win|ageil2\n|raw|boysenorange's rating: 1407 &rarr; <strong>1383</strong><br />(-24 for losing)\n|raw|ageil2's rating: 1345 &rarr; <strong>1369</strong><br />(+24 for winning)\n",
  "uploadtime": 1776389550,
  "views": 29,
  "formatid": "gen9championsvgc2026regma",
  "rating": 1369,
  "private": 0,
  "password": null
}