{
  "id": "gen9championsvgc2026regma-2585822964",
  "format": "[Gen 9 Champions] VGC 2026 Reg M-A",
  "players": [
    "Dirt_W0man",
    "ult. big chill"
  ],
  "log": "|j|\u2606Dirt_W0man\n|j|\u2606ult. big chill\n|t:|1776373264\n|gametype|doubles\n|player|p1|Dirt_W0man|lady|1108\n|player|p2|ult. big chill|burgh|1078\n|gen|9\n|tier|[Gen 9 Champions] VGC 2026 Reg M-A\n|rated|\n|rule|Species Clause: Limit one of each Pok\u00e9mon\n|rule|Item Clause: Limit 1 of each item\n|clearpoke\n|poke|p1|Talonflame, L50, F|\n|poke|p1|Sneasler, L50, F|\n|poke|p1|Rotom-Wash, L50|\n|poke|p1|Garchomp, L50, F|\n|poke|p1|Froslass, L50, F|\n|poke|p1|Meganium, L50, M|\n|poke|p2|Camerupt, L50, F|\n|poke|p2|Farigiraf, L50, M|\n|poke|p2|Primarina, L50, M|\n|poke|p2|Incineroar, L50, M|\n|poke|p2|Drampa, L50, F|\n|poke|p2|Runerigus, L50, M|\n|teampreview|4\n|\n|t:|1776373318\n|teamsize|p1|4\n|teamsize|p2|4\n|start\n|switch|p1a: Talonflame|Talonflame, L50, F|100/100\n|switch|p1b: Froslass|Froslass, L50, F, shiny|100/100\n|switch|p2a: Delta|Runerigus, L50, M|100/100\n|switch|p2b: Pivot Man|Incineroar, L50, M|100/100\n|-ability|p2b: Pivot Man|Intimidate|boost\n|-unboost|p1a: Talonflame|atk|1\n|-unboost|p1b: Froslass|atk|1\n|turn|1\n|\n|t:|1776373340\n|detailschange|p1b: Froslass|Froslass-Mega, L50, F, shiny\n|-mega|p1b: Froslass|Froslass|Froslassite\n|-weather|Snowscape|[from] ability: Snow Warning|[of] p1b: Froslass\n|move|p1a: Talonflame|Protect|p1a: Talonflame\n|-singleturn|p1a: Talonflame|Protect\n|move|p2b: Pivot Man|Fake Out|p1a: Talonflame\n|-activate|p1a: Talonflame|move: Protect\n|move|p1b: Froslass|Shadow Ball|p2a: Delta\n|-supereffective|p2a: Delta|1\n|-damage|p2a: Delta|20/100\n|-enditem|p2a: Delta|Sitrus Berry|[eat]\n|-heal|p2a: Delta|45/100|[from] item: Sitrus Berry\n|move|p2a: Delta|Trick Room|p2a: Delta\n|-fieldstart|move: Trick Room|[of] p2a: Delta\n|\n|-weather|Snowscape|[upkeep]\n|upkeep\n|turn|2\n|\n|t:|1776373371\n|switch|p2a: Molpe|Primarina, L50, M|100/100\n|switch|p1a: Rotom|Rotom-Wash, L50|100/100\n|move|p1b: Froslass|Protect|p1b: Froslass\n|-singleturn|p1b: Froslass|Protect\n|move|p2b: Pivot Man|Darkest Lariat|p1a: Rotom\n|-damage|p1a: Rotom|62/100\n|\n|-weather|Snowscape|[upkeep]\n|upkeep\n|turn|3\n|\n|t:|1776373411\n|switch|p1b: Talonflame|Talonflame, L50, F|100/100\n|move|p1a: Rotom|Protect|p1a: Rotom\n|-singleturn|p1a: Rotom|Protect\n|move|p2a: Molpe|Dazzling Gleam|p1b: Talonflame|[spread] p1b\n|-activate|p1a: Rotom|move: Protect\n|-resisted|p1b: Talonflame|1\n|-damage|p1b: Talonflame|71/100\n|move|p2b: Pivot Man|Flare Blitz|p1b: Talonflame\n|-resisted|p1b: Talonflame|1\n|-damage|p1b: Talonflame|31/100\n|-damage|p2b: Pivot Man|90/100|[from] Recoil\n|\n|-weather|Snowscape|[upkeep]\n|upkeep\n|turn|4\n|\n|t:|1776373427\n|move|p1b: Talonflame|Protect|p1b: Talonflame\n|-singleturn|p1b: Talonflame|Protect\n|move|p2a: Molpe|Dazzling Gleam|p1b: Talonflame|[spread] p1a\n|-activate|p1b: Talonflame|move: Protect\n|-damage|p1a: Rotom|23/100\n|move|p2b: Pivot Man|Parting Shot|p1a: Rotom\n|-unboost|p1a: Rotom|atk|1\n|-unboost|p1a: Rotom|spa|1\n|\n|t:|1776373438\n|switch|p2b: Moose|Camerupt, L50, F, shiny|100/100|[from] Parting Shot\n|move|p1a: Rotom|Thunderbolt|p2a: Molpe\n|-supereffective|p2a: Molpe|1\n|-damage|p2a: Molpe|58/100\n|\n|-weather|Snowscape|[upkeep]\n|upkeep\n|turn|5\n|\n|t:|1776373482\n|switch|p2b: Pivot Man|Incineroar, L50, M|90/100\n|-ability|p2b: Pivot Man|Intimidate|boost\n|-unboost|p1a: Rotom|atk|1\n|-unboost|p1b: Talonflame|atk|1\n|switch|p2a: Delta|Runerigus, L50, M|45/100\n|move|p1a: Rotom|Protect|p1a: Rotom\n|-singleturn|p1a: Rotom|Protect\n|move|p1b: Talonflame|Protect||[still]\n|-fail|p1b: Talonflame\n|\n|-weather|none\n|-fieldend|move: Trick Room\n|upkeep\n|turn|6\n|\n|t:|1776373514\n|move|p2b: Pivot Man|Fake Out|p1a: Rotom\n|-damage|p1a: Rotom|10/100\n|move|p1b: Talonflame|Flare Blitz|p2a: Delta\n|-damage|p2a: Delta|25/100\n|-activate|p1b: Talonflame|Skill Swap|Wandering Spirit|Gale Wings|[of] p2a: Delta\n|-damage|p1b: Talonflame|24/100|[from] Recoil\n|cant|p1a: Rotom|flinch\n|move|p2a: Delta|Trick Room|p2a: Delta\n|-fieldstart|move: Trick Room|[of] p2a: Delta\n|\n|upkeep\n|turn|7\n|\n|t:|1776373535\n|switch|p2a: Moose|Camerupt, L50, F, shiny|100/100\n|move|p2b: Pivot Man|Darkest Lariat|p1a: Rotom\n|-damage|p1a: Rotom|0 fnt\n|faint|p1a: Rotom\n|move|p1b: Talonflame|Dual Wingbeat|p2a: Moose\n|-damage|p2a: Moose|87/100\n|-damage|p2a: Moose|73/100\n|-hitcount|p2a: Moose|2\n|\n|upkeep\n|-message|Dirt_W0man forfeited.\n|\n|win|ult. big chill\n|raw|Dirt_W0man's rating: 1108 &rarr; <strong>1081</strong><br />(-27 for losing)\n|raw|ult. big chill's rating: 1078 &rarr; <strong>1109</strong><br />(+31 for winning)\n|l|\u2606Dirt_W0man\n|player|p1|\n",
  "uploadtime": 1776373557,
  "views": 25,
  "formatid": "gen9championsvgc2026regma",
  "rating": 1081,
  "private": 0,
  "password": null
}