{
  "id": "gen9championsvgc2026regma-2584099428",
  "format": "[Gen 9 Champions] VGC 2026 Reg M-A",
  "players": [
    "banasmoot",
    "hanenwang"
  ],
  "log": "|j|\u2606banasmoot\n|j|\u2606hanenwang\n|t:|1776225039\n|gametype|doubles\n|player|p1|banasmoot|alder|1136\n|player|p2|hanenwang|twins-gen4dp|1037\n|gen|9\n|tier|[Gen 9 Champions] VGC 2026 Reg M-A\n|rated|\n|rule|Species Clause: Limit one of each Pok\u00e9mon\n|rule|Item Clause: Limit 1 of each item\n|clearpoke\n|poke|p1|Oranguru, L50, F|\n|poke|p1|Decidueye-Hisui, L50, M|\n|poke|p1|Snorlax, L50, F|\n|poke|p1|Hydrapple, L50, F|\n|poke|p1|Charizard, L50, F|\n|poke|p1|Starmie, L50|\n|poke|p2|Gengar, L50, M|\n|poke|p2|Incineroar, L50, M|\n|poke|p2|Vivillon, L50, F|\n|poke|p2|Aegislash, L50, F|\n|poke|p2|Tyranitar, L50, F|\n|poke|p2|Sinistcha, L50|\n|teampreview|4\n|\n|t:|1776225072\n|teamsize|p1|4\n|teamsize|p2|4\n|start\n|switch|p1a: Oranguru|Oranguru, L50, F|100/100\n|switch|p1b: Charizard|Charizard, L50, F|100/100\n|switch|p2a: Gengar|Gengar, L50, M|100/100\n|switch|p2b: Incineroar|Incineroar, L50, M|100/100\n|-ability|p2b: Incineroar|Intimidate|boost\n|-fail|p1a: Oranguru|unboost|Attack|[from] ability: Inner Focus|[of] p1a: Oranguru\n|-unboost|p1b: Charizard|atk|1\n|turn|1\n|\n|t:|1776225100\n|detailschange|p2a: Gengar|Gengar-Mega, L50, M\n|-mega|p2a: Gengar|Gengar|Gengarite\n|move|p1b: Charizard|Protect|p1b: Charizard\n|-singleturn|p1b: Charizard|Protect\n|move|p2b: Incineroar|Fake Out|p1b: Charizard\n|-activate|p1b: Charizard|move: Protect\n|move|p2a: Gengar|Perish Song|p2a: Gengar\n|-start|p1a: Oranguru|perish3|[silent]\n|-start|p1b: Charizard|perish3|[silent]\n|-start|p2a: Gengar|perish3|[silent]\n|-start|p2b: Incineroar|perish3|[silent]\n|-fieldactivate|move: Perish Song\n|move|p1a: Oranguru|Trick Room|p1a: Oranguru\n|-fieldstart|move: Trick Room|[of] p1a: Oranguru\n|\n|-start|p1a: Oranguru|perish3\n|-start|p2b: Incineroar|perish3\n|-start|p1b: Charizard|perish3\n|-start|p2a: Gengar|perish3\n|upkeep\n|turn|2\n|\n|t:|1776225118\n|detailschange|p1b: Charizard|Charizard-Mega-Y, L50, F\n|-mega|p1b: Charizard|Charizard|Charizardite Y\n|-weather|SunnyDay|[from] ability: Drought|[of] p1b: Charizard\n|move|p2b: Incineroar|Protect|p2b: Incineroar\n|-singleturn|p2b: Incineroar|Protect\n|move|p2a: Gengar|Protect|p2a: Gengar\n|-singleturn|p2a: Gengar|Protect\n|move|p1a: Oranguru|Light Screen|p1a: Oranguru\n|-sidestart|p1: banasmoot|move: Light Screen\n|move|p1b: Charizard|Weather Ball|p2a: Gengar\n|-activate|p2a: Gengar|move: Protect\n|\n|-weather|SunnyDay|[upkeep]\n|-start|p1a: Oranguru|perish2\n|-start|p2b: Incineroar|perish2\n|-start|p1b: Charizard|perish2\n|-start|p2a: Gengar|perish2\n|upkeep\n|turn|3\n|\n|t:|1776225160\n|switch|p2a: Aegislash|Aegislash, L50, F|100/100\n|move|p1a: Oranguru|Instruct|p1b: Charizard\n|-singleturn|p1b: Charizard|move: Instruct|[of] p1a: Oranguru\n|move|p1b: Charizard|Weather Ball|p2a: Aegislash\n|-supereffective|p2a: Aegislash|1\n|-damage|p2a: Aegislash|0 fnt\n|faint|p2a: Aegislash\n|move|p2b: Incineroar|Parting Shot|p1b: Charizard\n|-unboost|p1b: Charizard|atk|1\n|-unboost|p1b: Charizard|spa|1\n|\n|t:|1776225168\n|switch|p2b: Gengar|Gengar-Mega, L50, M|100/100|[from] Parting Shot\n|move|p1b: Charizard|Weather Ball|p2b: Gengar\n|-damage|p2b: Gengar|20/100\n|\n|-weather|SunnyDay|[upkeep]\n|-start|p1a: Oranguru|perish1\n|-start|p1b: Charizard|perish1\n|upkeep\n|\n|t:|1776225175\n|switch|p2a: Sinistcha|Sinistcha, L50|100/100\n|-heal|p2b: Gengar|44/100|[from] ability: Hospitality|[of] p2a: Sinistcha\n|turn|4\n|\n|t:|1776225195\n|move|p2a: Sinistcha|Protect|p2a: Sinistcha\n|-singleturn|p2a: Sinistcha|Protect\n|move|p2b: Gengar|Protect|p2b: Gengar\n|-singleturn|p2b: Gengar|Protect\n|move|p1a: Oranguru|Instruct|p1b: Charizard\n|-singleturn|p1b: Charizard|move: Instruct|[of] p1a: Oranguru\n|move|p1b: Charizard|Weather Ball|p2a: Sinistcha\n|-activate|p2a: Sinistcha|move: Protect\n|move|p1b: Charizard|Weather Ball|p2a: Sinistcha\n|-activate|p2a: Sinistcha|move: Protect\n|\n|-weather|SunnyDay|[upkeep]\n|-start|p1a: Oranguru|perish0\n|-start|p1b: Charizard|perish0\n|faint|p1a: Oranguru\n|faint|p1b: Charizard\n|upkeep\n|c|\u2606banasmoot|i may be dumb\n|c|\u2606banasmoot|lol\n|\n|t:|1776225210\n|switch|p1a: Decidueye|Decidueye-Hisui, L50, M|100/100\n|switch|p1b: Snorlax|Snorlax, L50, F|100/100\n|turn|5\n|\n|t:|1776225252\n|move|p1a: Decidueye|Protect|p1a: Decidueye\n|-singleturn|p1a: Decidueye|Protect\n|move|p2a: Sinistcha|Rage Powder|p2a: Sinistcha\n|-singleturn|p2a: Sinistcha|move: Rage Powder\n|move|p1b: Snorlax|Iron Head|p2a: Sinistcha\n|-damage|p2a: Sinistcha|86/100\n|move|p2b: Gengar|Perish Song|p2b: Gengar\n|-start|p1a: Decidueye|perish3|[silent]\n|-start|p1b: Snorlax|perish3|[silent]\n|-start|p2a: Sinistcha|perish3|[silent]\n|-start|p2b: Gengar|perish3|[silent]\n|-fieldactivate|move: Perish Song\n|\n|-weather|SunnyDay|[upkeep]\n|-start|p1b: Snorlax|perish3\n|-start|p1a: Decidueye|perish3\n|-start|p2a: Sinistcha|perish3\n|-start|p2b: Gengar|perish3\n|-fieldend|move: Trick Room\n|upkeep\n|turn|6\n|\n|t:|1776225276\n|move|p2b: Gengar|Protect|p2b: Gengar\n|-singleturn|p2b: Gengar|Protect\n|move|p1b: Snorlax|Protect|p1b: Snorlax\n|-singleturn|p1b: Snorlax|Protect\n|move|p2a: Sinistcha|Life Dew|p2a: Sinistcha|[spread] p2a,p2b\n|-heal|p2a: Sinistcha|100/100\n|-heal|p2b: Gengar|69/100\n|move|p1a: Decidueye|Triple Arrows|p2b: Gengar\n|-activate|p2b: Gengar|move: Protect\n|\n|-weather|none\n|-start|p2b: Gengar|perish2\n|-start|p2a: Sinistcha|perish2\n|-start|p1a: Decidueye|perish2\n|-start|p1b: Snorlax|perish2\n|-sideend|p1: banasmoot|move: Light Screen\n|upkeep\n|turn|7\n|c|\u2606hanenwang|ggs\n|\n|t:|1776225303\n|switch|p2b: Incineroar|Incineroar, L50, M|100/100\n|-ability|p2b: Incineroar|Intimidate|boost\n|-fail|p1a: Decidueye|unboost|Attack|[from] ability: Scrappy|[of] p1a: Decidueye\n|-unboost|p1b: Snorlax|atk|1\n|move|p2a: Sinistcha|Life Dew||[still]|[still]|[spread] \n|-fail|p2a: Sinistcha|heal\n|-fail|p2b: Incineroar|heal\n|move|p1a: Decidueye|Triple Arrows|p2b: Incineroar\n|-supereffective|p2b: Incineroar|1\n|-damage|p2b: Incineroar|28/100\n|-enditem|p2b: Incineroar|Sitrus Berry|[eat]\n|-heal|p2b: Incineroar|53/100|[from] item: Sitrus Berry\n|move|p1b: Snorlax|Iron Head|p2b: Incineroar\n|-resisted|p2b: Incineroar|1\n|-damage|p2b: Incineroar|47/100\n|\n|-start|p2a: Sinistcha|perish1\n|-start|p1a: Decidueye|perish1\n|-start|p1b: Snorlax|perish1\n|upkeep\n|turn|8\n|-message|banasmoot forfeited.\n|\n|win|hanenwang\n|raw|banasmoot's rating: 1136 &rarr; <strong>1104</strong><br />(-32 for losing)\n|raw|hanenwang's rating: 1037 &rarr; <strong>1081</strong><br />(+44 for winning)\n|l|\u2606banasmoot\n|player|p1|\n",
  "uploadtime": 1776225331,
  "views": 28,
  "formatid": "gen9championsvgc2026regma",
  "rating": 1081,
  "private": 0,
  "password": null
}