{
  "id": "gen9championsvgc2026regma-2582595655",
  "format": "[Gen 9 Champions] VGC 2026 Reg M-A",
  "players": [
    "JTLiv",
    "ThreeKFive"
  ],
  "log": "|j|\u2606JTLiv\n|j|\u2606ThreeKFive\n|t:|1776101587\n|gametype|doubles\n|player|p1|JTLiv|170|1000\n|player|p2|ThreeKFive|266|1040\n|gen|9\n|tier|[Gen 9 Champions] VGC 2026 Reg M-A\n|rated|\n|rule|Species Clause: Limit one of each Pok\u00e9mon\n|rule|Item Clause: Limit 1 of each item\n|clearpoke\n|poke|p1|Meganium, L50, F|\n|poke|p1|Dragonite, L50, F|\n|poke|p1|Archaludon, L50, M|\n|poke|p1|Politoed, L50, M|\n|poke|p1|Basculegion, L50, M|\n|poke|p1|Tinkaton, L50, F|\n|poke|p2|Chandelure, L50, M|\n|poke|p2|Aerodactyl, L50, M|\n|poke|p2|Garchomp, L50, M|\n|poke|p2|Rotom-Wash, L50|\n|poke|p2|Sneasler, L50, M|\n|poke|p2|Tyranitar, L50, M|\n|teampreview|4\n|inactive|Battle timer is ON: inactive players will automatically lose when time's up. (requested by ThreeKFive)\n|inactive|ThreeKFive has 60 seconds left.\n|inactive|ThreeKFive has 30 seconds left.\n|\n|t:|1776101654\n|teamsize|p1|4\n|teamsize|p2|4\n|start\n|switch|p1a: Politoed|Politoed, L50, M, shiny|100/100\n|switch|p1b: Archaludon|Archaludon, L50, M, shiny|100/100\n|switch|p2a: Rotom|Rotom-Wash, L50|100/100\n|switch|p2b: Aerodactyl|Aerodactyl, L50, M|100/100\n|-ability|p2b: Aerodactyl|Unnerve\n|-weather|RainDance|[from] ability: Drizzle|[of] p1a: Politoed\n|turn|1\n|\n|t:|1776101674\n|switch|p2b: Tyranitar|Tyranitar, L50, M, shiny|100/100\n|-weather|Sandstorm|[from] ability: Sand Stream|[of] p2b: Tyranitar\n|move|p1a: Politoed|Protect|p1a: Politoed\n|-singleturn|p1a: Politoed|Protect\n|move|p1b: Archaludon|Electro Shot||[still]\n|-prepare|p1b: Archaludon|Electro Shot\n|-boost|p1b: Archaludon|spa|1\n|move|p2a: Rotom|Hydro Pump|p1b: Archaludon\n|-resisted|p1b: Archaludon|1\n|-damage|p1b: Archaludon|60/100\n|-ability|p1b: Archaludon|Stamina|boost\n|-boost|p1b: Archaludon|def|1\n|\n|-weather|Sandstorm|[upkeep]\n|-damage|p2a: Rotom|94/100|[from] Sandstorm\n|-damage|p1a: Politoed|94/100|[from] Sandstorm\n|-heal|p1b: Archaludon|66/100|[from] item: Leftovers\n|-heal|p2a: Rotom|100/100|[from] item: Leftovers\n|upkeep\n|turn|2\n|inactive|JTLiv has 30 seconds left.\n|inactive|ThreeKFive has 30 seconds left.\n|\n|t:|1776101702\n|switch|p1a: Dragonite|Dragonite, L50, F, shiny|100/100\n|move|p2a: Rotom|Protect|p2a: Rotom\n|-singleturn|p2a: Rotom|Protect\n|move|p2b: Tyranitar|Protect|p2b: Tyranitar\n|-singleturn|p2b: Tyranitar|Protect\n|move|p1b: Archaludon|Electro Shot|p2b: Tyranitar|[from] lockedmove\n|-activate|p2b: Tyranitar|move: Protect\n|\n|-weather|Sandstorm|[upkeep]\n|-damage|p2a: Rotom|94/100|[from] Sandstorm\n|-damage|p1a: Dragonite|94/100|[from] Sandstorm\n|-heal|p1b: Archaludon|72/100|[from] item: Leftovers\n|-heal|p2a: Rotom|100/100|[from] item: Leftovers\n|upkeep\n|turn|3\n|inactive|JTLiv has 30 seconds left.\n|inactive|ThreeKFive has 30 seconds left.\n|\n|t:|1776101736\n|switch|p1a: Politoed|Politoed, L50, M, shiny|94/100\n|-weather|RainDance|[from] ability: Drizzle|[of] p1a: Politoed\n|detailschange|p2b: Tyranitar|Tyranitar-Mega, L50, M, shiny\n|-mega|p2b: Tyranitar|Tyranitar|Tyranitarite\n|-weather|Sandstorm|[from] ability: Sand Stream|[of] p2b: Tyranitar\n|move|p1b: Archaludon|Electro Shot||[still]\n|-prepare|p1b: Archaludon|Electro Shot\n|-boost|p1b: Archaludon|spa|1\n|move|p2a: Rotom|Thunderbolt|p1b: Archaludon\n|-resisted|p1b: Archaludon|1\n|-damage|p1b: Archaludon|36/100\n|-ability|p1b: Archaludon|Stamina|boost\n|-boost|p1b: Archaludon|def|1\n|move|p2b: Tyranitar|Earthquake|p1a: Politoed|[spread] p1a,p1b\n|-immune|p2a: Rotom|[from] ability: Levitate\n|-supereffective|p1b: Archaludon|1\n|-damage|p1a: Politoed|57/100\n|-damage|p1b: Archaludon|10/100\n|-ability|p1b: Archaludon|Stamina|boost\n|-boost|p1b: Archaludon|def|1\n|\n|-weather|Sandstorm|[upkeep]\n|-damage|p2a: Rotom|94/100|[from] Sandstorm\n|-damage|p1a: Politoed|51/100|[from] Sandstorm\n|-heal|p1b: Archaludon|16/100|[from] item: Leftovers\n|-heal|p2a: Rotom|100/100|[from] item: Leftovers\n|upkeep\n|turn|4\n|j| future wolfey 28\n|c|\u2606JTLiv|nah thats crazy im trash\n|inactive|JTLiv has 30 seconds left.\n|inactive|ThreeKFive has 30 seconds left.\n|inactive|ThreeKFive has 20 seconds left.\n|c| future wolfey 28|Dont say that\n|\n|t:|1776101773\n|switch|p2a: Garchomp|Garchomp, L50, M, shiny|100/100\n|switch|p1a: Basculegion|Basculegion, L50, M, shiny|100/100\n|move|p1b: Archaludon|Electro Shot|p2a: Garchomp|[from] lockedmove\n|-immune|p2a: Garchomp\n|move|p2b: Tyranitar|Rock Slide|p1a: Basculegion|[spread] p1a,p1b\n|-resisted|p1b: Archaludon|1\n|-damage|p1a: Basculegion|51/100\n|-damage|p1b: Archaludon|11/100\n|-ability|p1b: Archaludon|Stamina|boost\n|-boost|p1b: Archaludon|def|1\n|\n|-weather|Sandstorm|[upkeep]\n|-damage|p1a: Basculegion|45/100|[from] Sandstorm\n|-heal|p1b: Archaludon|17/100|[from] item: Leftovers\n|upkeep\n|turn|5\n|c|\u2606ThreeKFive|lol\n|c|\u2606ThreeKFive|you are fine\n|inactive|JTLiv has 30 seconds left.\n|inactive|ThreeKFive has 30 seconds left.\n|\n|t:|1776101805\n|switch|p1b: Politoed|Politoed, L50, M, shiny|51/100\n|-weather|RainDance|[from] ability: Drizzle|[of] p1b: Politoed\n|move|p2b: Tyranitar|Protect|p2b: Tyranitar\n|-singleturn|p2b: Tyranitar|Protect\n|move|p1a: Basculegion|Flip Turn|p2b: Tyranitar\n|-activate|p2b: Tyranitar|move: Protect\n|move|p2a: Garchomp|Earthquake|p1b: Politoed|[spread] p1a,p1b\n|-activate|p2b: Tyranitar|move: Protect\n|-damage|p1a: Basculegion|0 fnt\n|-damage|p1b: Politoed|5/100\n|faint|p1a: Basculegion\n|\n|-weather|RainDance|[upkeep]\n|upkeep\n|\n|t:|1776101820\n|switch|p1a: Dragonite|Dragonite, L50, F, shiny|94/100\n|turn|6\n|\n|t:|1776101838\n|switch|p2b: Rotom|Rotom-Wash, L50|100/100\n|detailschange|p1a: Dragonite|Dragonite-Mega, L50, F, shiny\n|-mega|p1a: Dragonite|Dragonite|Dragoninite\n|move|p2a: Garchomp|Protect|p2a: Garchomp\n|-singleturn|p2a: Garchomp|Protect\n|move|p1a: Dragonite|Ice Beam|p2a: Garchomp\n|-activate|p2a: Garchomp|move: Protect\n|move|p1b: Politoed|Weather Ball|p2b: Rotom\n|-resisted|p2b: Rotom|1\n|-damage|p2b: Rotom|70/100\n|\n|-weather|RainDance|[upkeep]\n|-heal|p2b: Rotom|77/100|[from] item: Leftovers\n|upkeep\n|turn|7\n|\n|t:|1776101858\n|switch|p2a: Tyranitar|Tyranitar-Mega, L50, M, shiny|100/100\n|-weather|Sandstorm|[from] ability: Sand Stream|[of] p2a: Tyranitar\n|move|p1b: Politoed|Protect|p1b: Politoed\n|-singleturn|p1b: Politoed|Protect\n|move|p2b: Rotom|Thunderbolt|p1a: Dragonite\n|-damage|p1a: Dragonite|61/100\n|move|p1a: Dragonite|Tailwind|p1a: Dragonite\n|-sidestart|p1: JTLiv|move: Tailwind\n|\n|-weather|Sandstorm|[upkeep]\n|-damage|p1a: Dragonite|55/100|[from] Sandstorm\n|-damage|p1b: Politoed|0 fnt|[from] Sandstorm\n|-damage|p2b: Rotom|70/100|[from] Sandstorm\n|faint|p1b: Politoed\n|-heal|p2b: Rotom|77/100|[from] item: Leftovers\n|upkeep\n|\n|t:|1776101872\n|switch|p1b: Archaludon|Archaludon, L50, M, shiny|17/100\n|turn|8\n|\n|t:|1776101887\n|move|p1b: Archaludon|Draco Meteor|p2b: Rotom|[miss]\n|-miss|p1b: Archaludon|p2b: Rotom\n|move|p1a: Dragonite|Draco Meteor|p2a: Tyranitar\n|-damage|p2a: Tyranitar|59/100\n|-unboost|p1a: Dragonite|spa|2\n|move|p2b: Rotom|Thunderbolt|p1a: Dragonite\n|-damage|p1a: Dragonite|17/100\n|move|p2a: Tyranitar|Earthquake|p1a: Dragonite|[spread] p1b\n|-immune|p2b: Rotom|[from] ability: Levitate\n|-immune|p1a: Dragonite\n|-supereffective|p1b: Archaludon|1\n|-damage|p1b: Archaludon|0 fnt\n|faint|p1b: Archaludon\n|\n|-weather|Sandstorm|[upkeep]\n|-damage|p1a: Dragonite|11/100|[from] Sandstorm\n|-damage|p2b: Rotom|70/100|[from] Sandstorm\n|-heal|p2b: Rotom|77/100|[from] item: Leftovers\n|upkeep\n|turn|9\n|-message|JTLiv forfeited.\n|\n|win|ThreeKFive\n|raw|JTLiv's rating: 1000 &rarr; <strong>1000</strong><br />(+0 for losing)\n|raw|ThreeKFive's rating: 1040 &rarr; <strong>1070</strong><br />(+30 for winning)\n|l|\u2606JTLiv\n|player|p1|\n|c|\u2606ThreeKFive|ggs\n",
  "uploadtime": 1776101937,
  "views": 33,
  "formatid": "gen9championsvgc2026regma",
  "rating": 1000,
  "private": 0,
  "password": null
}