{
  "id": "gen9championsvgc2026regma-2585339697",
  "format": "[Gen 9 Champions] VGC 2026 Reg M-A",
  "players": [
    "AnonFY",
    "ZioNardo"
  ],
  "log": "|j|\u2606AnonFY\n|j|\u2606ZioNardo\n|t:|1776339361\n|gametype|doubles\n|player|p1|AnonFY|265|1055\n|player|p2|ZioNardo|acetrainerf|1065\n|gen|9\n|tier|[Gen 9 Champions] VGC 2026 Reg M-A\n|rated|\n|rule|Species Clause: Limit one of each Pok\u00e9mon\n|rule|Item Clause: Limit 1 of each item\n|clearpoke\n|poke|p1|Incineroar, L50, F|\n|poke|p1|Sinistcha, L50|\n|poke|p1|Talonflame, L50, F|\n|poke|p1|Kingambit, L50, F|\n|poke|p1|Floette-Eternal, L50, F|\n|poke|p1|Garchomp, L50, F|\n|poke|p2|Froslass, L50, F|\n|poke|p2|Mamoswine, L50, M|\n|poke|p2|Slowking-Galar, L50, M|\n|poke|p2|Incineroar, L50, F|\n|poke|p2|Azumarill, L50, M|\n|poke|p2|Sinistcha, L50|\n|teampreview|4\n|l|\u2606ZioNardo\n|player|p2|\n|j|\u2606ZioNardo\n|player|p2|ZioNardo|acetrainerf|\n|\n|t:|1776339408\n|teamsize|p1|4\n|teamsize|p2|4\n|start\n|switch|p1a: Talonflame|Talonflame, L50, F|100/100\n|switch|p1b: Floette|Floette-Eternal, L50, F|100/100\n|switch|p2a: Ida M.|Froslass, L50, F|100/100\n|switch|p2b: La Chatloise|Incineroar, L50, F|100/100\n|-ability|p2b: La Chatloise|Intimidate|boost\n|-unboost|p1a: Talonflame|atk|1\n|-unboost|p1b: Floette|atk|1\n|turn|1\n|inactive|Battle timer is ON: inactive players will automatically lose when time's up. (requested by AnonFY)\n|l|\u2606ZioNardo\n|inactive|ZioNardo disconnected and has a minute to reconnect!\n|player|p2|\n|j|\u2606ZioNardo\n|inactive|ZioNardo reconnected and has 65 seconds left.\n|player|p2|ZioNardo|acetrainerf|\n|inactive|ZioNardo has 60 seconds left.\n|\n|t:|1776339444\n|detailschange|p1b: Floette|Floette-Mega, L50, F\n|-mega|p1b: Floette|Floette|Floettite\n|-ability|p1b: Floette|Fairy Aura\n|detailschange|p2a: Ida M.|Froslass-Mega, L50, F\n|-mega|p2a: Ida M.|Froslass|Froslassite\n|-weather|Snowscape|[from] ability: Snow Warning|[of] p2a: Ida M.\n|move|p1a: Talonflame|Upper Hand|p2b: La Chatloise\n|-supereffective|p2b: La Chatloise|1\n|-enditem|p2b: La Chatloise|Chople Berry|[eat]\n|-enditem|p2b: La Chatloise|Chople Berry|[weaken]\n|-damage|p2b: La Chatloise|89/100\n|cant|p2b: La Chatloise|flinch\n|move|p1b: Floette|Dazzling Gleam|p2a: Ida M.|[spread] p2a,p2b\n|-damage|p2a: Ida M.|53/100\n|-damage|p2b: La Chatloise|48/100\n|move|p2a: Ida M.|Aurora Veil|p2a: Ida M.\n|-sidestart|p2: ZioNardo|move: Aurora Veil\n|\n|-weather|Snowscape|[upkeep]\n|upkeep\n|turn|2\n|l|\u2606ZioNardo\n|inactive|ZioNardo disconnected and has a minute to reconnect!\n|player|p2|\n|j|\u2606ZioNardo\n|inactive|ZioNardo reconnected and has 35 seconds left.\n|player|p2|ZioNardo|acetrainerf|\n|inactive|AnonFY has 30 seconds left.\n|inactive|ZioNardo has 30 seconds left.\n|inactive|ZioNardo has 20 seconds left.\n|inactive|ZioNardo has 15 seconds left.\n|\n|t:|1776339487\n|move|p1b: Floette|Protect|p1b: Floette\n|-singleturn|p1b: Floette|Protect\n|move|p1a: Talonflame|Tailwind|p1a: Talonflame\n|-sidestart|p1: AnonFY|move: Tailwind\n|move|p2a: Ida M.|Blizzard|p1a: Talonflame|[spread] p1a\n|-activate|p1b: Floette|move: Protect\n|-damage|p1a: Talonflame|19/100\n|move|p2b: La Chatloise|Flare Blitz|p1b: Floette\n|-activate|p1b: Floette|move: Protect\n|\n|-weather|Snowscape|[upkeep]\n|upkeep\n|turn|3\n|l|\u2606ZioNardo\n|inactive|ZioNardo disconnected and has a minute to reconnect!\n|player|p2|\n|j|\u2606ZioNardo\n|inactive|ZioNardo reconnected and has 35 seconds left.\n|player|p2|ZioNardo|acetrainerf|\n|inactive|AnonFY has 30 seconds left.\n|inactive|ZioNardo has 30 seconds left.\n|\n|t:|1776339516\n|switch|p1a: Kingambit|Kingambit, L50, F|100/100\n|move|p2a: Ida M.|Protect|p2a: Ida M.\n|-singleturn|p2a: Ida M.|Protect\n|move|p1b: Floette|Calm Mind|p1b: Floette\n|-boost|p1b: Floette|spa|1\n|-boost|p1b: Floette|spd|1\n|move|p2b: La Chatloise|Parting Shot|p1b: Floette\n|-unboost|p1b: Floette|atk|1\n|-unboost|p1b: Floette|spa|1\n|\n|t:|1776339529\n|switch|p2b: \"Tea\" Flavour|Sinistcha, L50|100/100|[from] Parting Shot\n|-heal|p2a: Ida M.|78/100|[from] ability: Hospitality|[of] p2b: \"Tea\" Flavour\n|\n|-weather|Snowscape|[upkeep]\n|upkeep\n|turn|4\n|l|\u2606ZioNardo\n|inactive|ZioNardo disconnected and has a minute to reconnect!\n|player|p2|\n|inactive|ZioNardo has 30 seconds left.\n|j|\u2606ZioNardo\n|inactive|ZioNardo reconnected and has 25 seconds left.\n|player|p2|ZioNardo|acetrainerf|\n|inactive|ZioNardo has 20 seconds left.\n|inactive|ZioNardo has 15 seconds left.\n|inactive|ZioNardo has 10 seconds left.\n|\n|t:|1776339578\n|move|p1b: Floette|Calm Mind|p1b: Floette\n|-boost|p1b: Floette|spa|1\n|-boost|p1b: Floette|spd|1\n|move|p1a: Kingambit|Kowtow Cleave|p2b: \"Tea\" Flavour\n|-supereffective|p2b: \"Tea\" Flavour|1\n|-enditem|p2b: \"Tea\" Flavour|Colbur Berry|[eat]\n|-enditem|p2b: \"Tea\" Flavour|Colbur Berry|[weaken]\n|-damage|p2b: \"Tea\" Flavour|74/100\n|move|p2a: Ida M.|Blizzard|p1a: Kingambit|[spread] p1a,p1b\n|-resisted|p1a: Kingambit|1\n|-damage|p1a: Kingambit|74/100\n|-damage|p1b: Floette|83/100\n|-status|p1b: Floette|frz\n|move|p2b: \"Tea\" Flavour|Matcha Gotcha|p1a: Kingambit|[spread] p1a,p1b\n|-resisted|p1a: Kingambit|1\n|-damage|p1a: Kingambit|63/100\n|-heal|p2b: \"Tea\" Flavour|80/100|[from] drain|[of] p1a: Kingambit\n|-damage|p1b: Floette|74/100 frz\n|-heal|p2b: \"Tea\" Flavour|84/100|[from] drain|[of] p1b: Floette\n|-curestatus|p1b: Floette|frz|[msg]\n|\n|-weather|Snowscape|[upkeep]\n|upkeep\n|turn|5\n|l|\u2606ZioNardo\n|inactive|ZioNardo disconnected and has a minute to reconnect!\n|player|p2|\n|inactive|ZioNardo has 30 seconds left.\n|inactive|ZioNardo has 20 seconds left.\n|inactive|ZioNardo has 15 seconds left.\n|j|\u2606ZioNardo\n|inactive|ZioNardo reconnected and has 15 seconds left.\n|player|p2|ZioNardo|acetrainerf|\n|inactive|ZioNardo has 10 seconds left.\n|inactive|ZioNardo has 5 seconds left.\n|\n|t:|1776339634\n|move|p1b: Floette|Dazzling Gleam|p2a: Ida M.|[spread] p2a,p2b\n|-damage|p2a: Ida M.|27/100\n|-damage|p2b: \"Tea\" Flavour|32/100\n|move|p1a: Kingambit|Kowtow Cleave|p2b: \"Tea\" Flavour\n|-supereffective|p2b: \"Tea\" Flavour|1\n|-damage|p2b: \"Tea\" Flavour|0 fnt\n|faint|p2b: \"Tea\" Flavour\n|move|p2a: Ida M.|Blizzard|p1b: Floette|[spread] p1a,p1b\n|-resisted|p1a: Kingambit|1\n|-damage|p1a: Kingambit|38/100\n|-damage|p1b: Floette|57/100\n|\n|-weather|none\n|-sideend|p1: AnonFY|move: Tailwind\n|-sideend|p2: ZioNardo|move: Aurora Veil\n|upkeep\n|\n|t:|1776339648\n|switch|p2b: Arzio|Mamoswine, L50, M|100/100\n|turn|6\n|inactive|ZioNardo has 30 seconds left.\n|\n|t:|1776339682\n|switch|p1a: Sinistcha|Sinistcha, L50|100/100\n|-heal|p1b: Floette|81/100|[from] ability: Hospitality|[of] p1a: Sinistcha\n|move|p1b: Floette|Protect|p1b: Floette\n|-singleturn|p1b: Floette|Protect\n|move|p2a: Ida M.|Protect|p2a: Ida M.\n|-singleturn|p2a: Ida M.|Protect\n|move|p2b: Arzio|High Horsepower|p1b: Floette\n|-activate|p1b: Floette|move: Protect\n|\n|upkeep\n|turn|7\n|l|\u2606ZioNardo\n|inactive|ZioNardo disconnected and has a minute to reconnect!\n|player|p2|\n|inactive|ZioNardo has 30 seconds left.\n|j|\u2606ZioNardo\n|inactive|ZioNardo reconnected and has 30 seconds left.\n|player|p2|ZioNardo|acetrainerf|\n|inactive|ZioNardo has 20 seconds left.\n|inactive|ZioNardo has 15 seconds left.\n|\n|t:|1776339724\n|switch|p2a: La Chatloise|Incineroar, L50, F|48/100\n|-ability|p2a: La Chatloise|Intimidate|boost\n|-unboost|p1a: Sinistcha|atk|1\n|-unboost|p1b: Floette|atk|1\n|move|p1a: Sinistcha|Rage Powder|p1a: Sinistcha\n|-singleturn|p1a: Sinistcha|move: Rage Powder\n|move|p1b: Floette|Dazzling Gleam|p2b: Arzio|[spread] p2a,p2b\n|-damage|p2a: La Chatloise|0 fnt\n|-damage|p2b: Arzio|4/100\n|faint|p2a: La Chatloise\n|move|p2b: Arzio|Icicle Crash|p1a: Sinistcha\n|-supereffective|p1a: Sinistcha|1\n|-damage|p1a: Sinistcha|18/100\n|-enditem|p1a: Sinistcha|Sitrus Berry|[eat]\n|-heal|p1a: Sinistcha|43/100|[from] item: Sitrus Berry\n|\n|upkeep\n|\n|t:|1776339740\n|switch|p2a: Ida M.|Froslass-Mega, L50, F|27/100\n|-weather|Snowscape|[from] ability: Snow Warning|[of] p2a: Ida M.\n|turn|8\n|\n|t:|1776339754\n|move|p1a: Sinistcha|Rage Powder|p1a: Sinistcha\n|-singleturn|p1a: Sinistcha|move: Rage Powder\n|move|p2b: Arzio|Ice Shard|p1a: Sinistcha\n|-supereffective|p1a: Sinistcha|1\n|-damage|p1a: Sinistcha|1/100\n|move|p1b: Floette|Dazzling Gleam|p2b: Arzio|[spread] p2a,p2b\n|-damage|p2a: Ida M.|0 fnt\n|-damage|p2b: Arzio|0 fnt\n|faint|p2a: Ida M.\n|faint|p2b: Arzio\n|\n|win|AnonFY\n|raw|AnonFY's rating: 1055 &rarr; <strong>1088</strong><br />(+33 for winning)\n|raw|ZioNardo's rating: 1065 &rarr; <strong>1045</strong><br />(-20 for losing)\n|c|\u2606ZioNardo|Gg\n",
  "uploadtime": 1776339769,
  "views": 22,
  "formatid": "gen9championsvgc2026regma",
  "rating": 1045,
  "private": 0,
  "password": null
}