{
  "id": "gen9championsvgc2026regma-2584515756",
  "format": "[Gen 9 Champions] VGC 2026 Reg M-A",
  "players": [
    "RedScallywag",
    "ZZZITALOZZZ"
  ],
  "log": "|j|\u2606RedScallywag\n|j|\u2606ZZZITALOZZZ\n|t:|1776265969\n|gametype|doubles\n|player|p1|RedScallywag|alder|1066\n|player|p2|ZZZITALOZZZ|1|1000\n|gen|9\n|tier|[Gen 9 Champions] VGC 2026 Reg M-A\n|rated|\n|rule|Species Clause: Limit one of each Pok\u00e9mon\n|rule|Item Clause: Limit 1 of each item\n|clearpoke\n|poke|p1|Beedrill, L50, M|\n|poke|p1|Araquanid, L50, M|\n|poke|p1|Kleavor, L50, F|\n|poke|p1|Volcarona, L50, M|\n|poke|p1|Heracross, L50, M|\n|poke|p1|Forretress, L50, M|\n|poke|p2|Whimsicott, L50, F|\n|poke|p2|Zoroark-Hisui, L50, F|\n|poke|p2|Incineroar, L50, F|\n|poke|p2|Glimmora, L50, F|\n|poke|p2|Clefable, L50, F|\n|poke|p2|Sneasler, L50, F|\n|teampreview|4\nZZZITALOZZZ has agreed to open team sheets.\n|inactive|Battle timer is ON: inactive players will automatically lose when time's up. (requested by ZZZITALOZZZ)\n|inactive|RedScallywag has 60 seconds left.\n|\n|t:|1776266081\n|teamsize|p1|4\n|teamsize|p2|4\n|start\n|switch|p1a: Volcarona|Volcarona, L50, M|100/100\n|switch|p1b: Kleavor|Kleavor, L50, F|100/100\n|switch|p2a: Whimsicott|Whimsicott, L50, F|100/100\n|switch|p2b: Incineroar|Incineroar, L50, F|100/100\n|-ability|p2b: Incineroar|Intimidate|boost\n|-unboost|p1a: Volcarona|atk|1\n|-unboost|p1b: Kleavor|atk|1\n|turn|1\n|\n|t:|1776266101\n|move|p2b: Incineroar|Fake Out|p1a: Volcarona\n|-damage|p1a: Volcarona|85/100\n|move|p2a: Whimsicott|Tailwind|p2a: Whimsicott\n|-sidestart|p2: ZZZITALOZZZ|move: Tailwind\n|move|p1b: Kleavor|Stone Axe|p2b: Incineroar\n|-supereffective|p2b: Incineroar|1\n|-damage|p2b: Incineroar|41/100\n|-sidestart|p2: ZZZITALOZZZ|move: Stealth Rock\n|cant|p1a: Volcarona|flinch\n|\n|upkeep\n|turn|2\n|\n|t:|1776266114\n|move|p2a: Whimsicott|Protect|p2a: Whimsicott\n|-singleturn|p2a: Whimsicott|Protect\n|move|p1b: Kleavor|Stone Axe|p2b: Incineroar\n|-supereffective|p2b: Incineroar|1\n|-damage|p2b: Incineroar|0 fnt\n|faint|p2b: Incineroar\n|move|p1a: Volcarona|Tailwind|p1a: Volcarona\n|-sidestart|p1: RedScallywag|move: Tailwind\n|\n|upkeep\n|\n|t:|1776266122\n|switch|p2b: Glimmora|Glimmora, L50, F|100/100\n|-damage|p2b: Glimmora|88/100|[from] Stealth Rock\n|turn|3\n|\n|t:|1776266137\n|switch|p1a: Forretress|Forretress, L50, M|100/100\n|detailschange|p2b: Glimmora|Glimmora-Mega, L50, F\n|-mega|p2b: Glimmora|Glimmora|Glimmoranite\n|move|p2a: Whimsicott|Taunt|p1a: Forretress\n|-start|p1a: Forretress|move: Taunt\n|move|p1b: Kleavor|Stone Axe|p2a: Whimsicott\n|-crit|p2a: Whimsicott\n|-damage|p2a: Whimsicott|3/100\n|move|p2b: Glimmora|Substitute|p2b: Glimmora\n|-start|p2b: Glimmora|Substitute\n|-damage|p2b: Glimmora|64/100\n|\n|upkeep\n|turn|4\n|\n|t:|1776266166\n|move|p2b: Glimmora|Spiky Shield|p2b: Glimmora\n|-singleturn|p2b: Glimmora|move: Protect\n|move|p1b: Kleavor|Stone Axe|p2b: Glimmora\n|-activate|p2b: Glimmora|move: Protect\n|-damage|p1b: Kleavor|88/100|[from] Spiky Shield|[of] p2b: Glimmora\n|move|p2a: Whimsicott|Endeavor|p1a: Forretress\n|-damage|p1a: Forretress|3/100\n|move|p1a: Forretress|Gyro Ball|p2b: Glimmora\n|-activate|p2b: Glimmora|move: Protect\n|-damage|p1a: Forretress|0 fnt|[from] Spiky Shield|[of] p2b: Glimmora\n|faint|p1a: Forretress\n|\n|-sideend|p2: ZZZITALOZZZ|move: Tailwind\n|upkeep\n|\n|t:|1776266171\n|switch|p1a: Volcarona|Volcarona, L50, M|85/100\n|turn|5\n|inactive|RedScallywag has 30 seconds left.\n|\n|t:|1776266198\n|move|p2a: Whimsicott|Taunt|p1a: Volcarona\n|-start|p1a: Volcarona|move: Taunt\n|move|p1b: Kleavor|Stone Axe|p2b: Glimmora\n|-end|p2b: Glimmora|Substitute\n|move|p1a: Volcarona|Fiery Dance|p2b: Glimmora\n|-resisted|p2b: Glimmora|1\n|-damage|p2b: Glimmora|34/100\n|move|p2b: Glimmora|Power Gem|p1b: Kleavor\n|-supereffective|p1b: Kleavor|1\n|-damage|p1b: Kleavor|0 fnt\n|faint|p1b: Kleavor\n|\n|-sideend|p1: RedScallywag|move: Tailwind\n|upkeep\n|\n|t:|1776266208\n|switch|p1b: Beedrill|Beedrill, L50, M|100/100\n|turn|6\n|\n|t:|1776266217\n|detailschange|p1b: Beedrill|Beedrill-Mega, L50, M\n|-mega|p1b: Beedrill|Beedrill|Beedrillite\n|move|p2a: Whimsicott|Tailwind|p2a: Whimsicott\n|-sidestart|p2: ZZZITALOZZZ|move: Tailwind\n|move|p2b: Glimmora|Power Gem|p1b: Beedrill\n|-supereffective|p1b: Beedrill|1\n|-damage|p1b: Beedrill|0 fnt\n|faint|p1b: Beedrill\n|move|p1a: Volcarona|Fiery Dance|p2b: Glimmora\n|-resisted|p2b: Glimmora|1\n|-damage|p2b: Glimmora|8/100\n|\n|upkeep\n|turn|7\n|\n|t:|1776266235\n|move|p2a: Whimsicott|Endeavor|p1a: Volcarona\n|-damage|p1a: Volcarona|3/100\n|move|p2b: Glimmora|Power Gem|p1a: Volcarona\n|-supereffective|p1a: Volcarona|2\n|-damage|p1a: Volcarona|0 fnt\n|faint|p1a: Volcarona\n|\n|win|ZZZITALOZZZ\n|raw|RedScallywag's rating: 1066 &rarr; <strong>1042</strong><br />(-24 for losing)\n|raw|ZZZITALOZZZ's rating: 1000 &rarr; <strong>1048</strong><br />(+48 for winning)\n",
  "uploadtime": 1776266249,
  "views": 24,
  "formatid": "gen9championsvgc2026regma",
  "rating": 1042,
  "private": 0,
  "password": null
}