{
  "id": "gen9championsvgc2026regma-2584272186",
  "format": "[Gen 9 Champions] VGC 2026 Reg M-A",
  "players": [
    "darksol1111",
    "Asclepeus"
  ],
  "log": "|j|\u2606darksol1111\n|j|\u2606Asclepeus\n|t:|1776245698\n|gametype|doubles\n|player|p1|darksol1111|veteran|1150\n|player|p2|Asclepeus|2|1161\n|gen|9\n|tier|[Gen 9 Champions] VGC 2026 Reg M-A\n|rated|\n|rule|Species Clause: Limit one of each Pok\u00e9mon\n|rule|Item Clause: Limit 1 of each item\n|clearpoke\n|poke|p1|Froslass, L50, F|\n|poke|p1|Garchomp, L50, F|\n|poke|p1|Rotom-Frost, L50|\n|poke|p1|Empoleon, L50, F|\n|poke|p1|Incineroar, L50, M|\n|poke|p1|Kingambit, L50, M|\n|poke|p2|Arcanine-Hisui, L50, M|\n|poke|p2|Kangaskhan, L50, F|\n|poke|p2|Pelipper, L50, F|\n|poke|p2|Mimikyu, L50, F|\n|poke|p2|Archaludon, L50, M|\n|poke|p2|Meganium, L50, M|\n|teampreview|4\n|inactive|Battle timer is ON: inactive players will automatically lose when time's up. (requested by darksol1111)\n|\n|t:|1776245731\n|teamsize|p1|4\n|teamsize|p2|4\n|start\n|switch|p1a: Empoleon|Empoleon, L50, F|100/100\n|switch|p1b: Rotom|Rotom-Frost, L50|100/100\n|switch|p2a: Mimikyu|Mimikyu, L50, F|100/100\n|switch|p2b: Archaludon|Archaludon, L50, M|100/100\n|turn|1\n|\n|t:|1776245745\n|move|p2a: Mimikyu|Protect|p2a: Mimikyu\n|-singleturn|p2a: Mimikyu|Protect\n|move|p1b: Rotom|Blizzard|p2a: Mimikyu|[spread] p2b\n|-activate|p2a: Mimikyu|move: Protect\n|-damage|p2b: Archaludon|42/100\n|move|p2b: Archaludon|Thunderbolt|p1a: Empoleon\n|-supereffective|p1a: Empoleon|1\n|-damage|p1a: Empoleon|39/100\n|-status|p1a: Empoleon|par\n|move|p1a: Empoleon|Roar|p2a: Mimikyu\n|drag|p2a: Kangaskhan|Kangaskhan, L50, F|100/100\n|\n|-heal|p2b: Archaludon|48/100|[from] item: Leftovers\n|-heal|p1a: Empoleon|44/100 par|[from] item: Leftovers\n|upkeep\n|turn|2\n|\n|t:|1776245765\n|switch|p1a: Garchomp|Garchomp, L50, F|100/100\n|detailschange|p2a: Kangaskhan|Kangaskhan-Mega, L50, F\n|-mega|p2a: Kangaskhan|Kangaskhan|Kangaskhanite\n|move|p2a: Kangaskhan|Fake Out|p1b: Rotom\n|-damage|p1b: Rotom|70/100\n|-damage|p1b: Rotom|63/100\n|-hitcount|p1b: Rotom|2\n|cant|p1b: Rotom|flinch\n|move|p2b: Archaludon|Thunderbolt|p1a: Garchomp\n|-immune|p1a: Garchomp\n|\n|-heal|p2b: Archaludon|54/100|[from] item: Leftovers\n|upkeep\n|turn|3\n|\n|t:|1776245789\n|move|p2b: Archaludon|Protect|p2b: Archaludon\n|-singleturn|p2b: Archaludon|Protect\n|move|p1b: Rotom|Blizzard|p2b: Archaludon|[spread] p2a\n|-activate|p2b: Archaludon|move: Protect\n|-damage|p2a: Kangaskhan|66/100\n|move|p1a: Garchomp|Earthquake|p2a: Kangaskhan|[spread] p2a\n|-activate|p2b: Archaludon|move: Protect\n|-immune|p1b: Rotom|[from] ability: Levitate\n|-damage|p2a: Kangaskhan|30/100\n|move|p2a: Kangaskhan|Drain Punch|p1b: Rotom\n|-supereffective|p1b: Rotom|1\n|-damage|p1b: Rotom|0 fnt\n|-heal|p2a: Kangaskhan|49/100|[from] drain|[of] p1b: Rotom\n|faint|p1b: Rotom\n|-hitcount|p1: Rotom|1\n|\n|-heal|p2b: Archaludon|60/100|[from] item: Leftovers\n|upkeep\n|\n|t:|1776245806\n|switch|p1b: Froslass|Froslass, L50, F|100/100\n|turn|4\n|\n|t:|1776245826\n|detailschange|p1b: Froslass|Froslass-Mega, L50, F\n|-mega|p1b: Froslass|Froslass|Froslassite\n|-weather|Snowscape|[from] ability: Snow Warning|[of] p1b: Froslass\n|move|p1b: Froslass|Blizzard|p2a: Kangaskhan|[spread] p2a,p2b\n|-damage|p2a: Kangaskhan|10/100\n|-damage|p2b: Archaludon|0 fnt\n|-status|p2a: Kangaskhan|frz\n|faint|p2b: Archaludon\n|move|p1a: Garchomp|Rock Slide|p2a: Kangaskhan\n|-damage|p2a: Kangaskhan|0 fnt\n|faint|p2a: Kangaskhan\n|\n|-weather|Snowscape|[upkeep]\n|upkeep\n|\n|t:|1776245832\n|switch|p2b: Arcanine|Arcanine-Hisui, L50, M|100/100\n|switch|p2a: Mimikyu|Mimikyu, L50, F|100/100\n|-ability|p2b: Arcanine|Intimidate|boost\n|-unboost|p1a: Garchomp|atk|1\n|-unboost|p1b: Froslass|atk|1\n|-enditem|p1a: Garchomp|White Herb\n|-clearnegativeboost|p1a: Garchomp|[silent]\n|turn|5\n|\n|t:|1776245847\n|move|p2b: Arcanine|Rock Slide|p1a: Garchomp|[spread] p1a,p1b\n|-resisted|p1a: Garchomp|1\n|-supereffective|p1b: Froslass|1\n|-damage|p1a: Garchomp|90/100\n|-damage|p1b: Froslass|54/100\n|move|p1b: Froslass|Shadow Ball|p2a: Mimikyu\n|-activate|p2a: Mimikyu|ability: Disguise\n|-damage|p2a: Mimikyu|100/100\n|detailschange|p2a: Mimikyu|Mimikyu-Busted, L50, F\n|-damage|p2a: Mimikyu|88/100|[from] pokemon: Mimikyu-Busted\n|move|p1a: Garchomp|Rock Slide|p2a: Mimikyu|[spread] p2a,p2b\n|-supereffective|p2b: Arcanine|1\n|-damage|p2a: Mimikyu|56/100\n|-damage|p2b: Arcanine|53/100\n|cant|p2a: Mimikyu|flinch\n|\n|-weather|Snowscape|[upkeep]\n|upkeep\n|turn|6\n|\n|t:|1776245868\n|move|p1b: Froslass|Protect|p1b: Froslass\n|-singleturn|p1b: Froslass|Protect\n|move|p2b: Arcanine|Rock Slide|p1b: Froslass|[spread] p1a\n|-activate|p1b: Froslass|move: Protect\n|-resisted|p1a: Garchomp|1\n|-damage|p1a: Garchomp|79/100\n|move|p1a: Garchomp|Earthquake|p2b: Arcanine|[spread] p2a,p2b\n|-activate|p1b: Froslass|move: Protect\n|-supereffective|p2b: Arcanine|2\n|-damage|p2a: Mimikyu|0 fnt\n|-damage|p2b: Arcanine|0 fnt\n|faint|p2a: Mimikyu\n|faint|p2b: Arcanine\n|\n|win|darksol1111\n|raw|darksol1111's rating: 1150 &rarr; <strong>1176</strong><br />(+26 for winning)\n|raw|Asclepeus's rating: 1161 &rarr; <strong>1135</strong><br />(-26 for losing)\n|l|\u2606Asclepeus\n|player|p2|\n",
  "uploadtime": 1776246896,
  "views": 24,
  "formatid": "gen9championsvgc2026regma",
  "rating": 1135,
  "private": 0,
  "password": null
}