{
  "id": "gen9championsvgc2026regma-2581583383",
  "format": "[Gen 9 Champions] VGC 2026 Reg M-A",
  "players": [
    "PandaOpticon",
    "seyfert61"
  ],
  "log": "|j|\u203dPandaOpticon\n|j|\u2606seyfert61\n|inactive|Battle timer is ON: inactive players will automatically lose when time's up.\n|t:|1776012814\n|gametype|doubles\n|player|p1|PandaOpticon|twins-gen4dp|\n|player|p2|seyfert61|shadowtriad|\n|gen|9\n|tier|[Gen 9 Champions] VGC 2026 Reg M-A\n|rated|Tournament battle\n|rule|Species Clause: Limit one of each Pok\u00e9mon\n|rule|Item Clause: Limit 1 of each item\n|clearpoke\n|poke|p1|Incineroar, L50, F|\n|poke|p1|Kangaskhan, L50, F|\n|poke|p1|Ninetales-Alola, L50, F|\n|poke|p1|Kingambit, L50, M|\n|poke|p1|Volcarona, L50, F|\n|poke|p1|Sinistcha, L50|\n|poke|p2|Archaludon, L50, F|\n|poke|p2|Pelipper, L50, M|\n|poke|p2|Basculegion, L50, M|\n|poke|p2|Kingambit, L50, F|\n|poke|p2|Corviknight, L50, M|\n|poke|p2|Aerodactyl, L50, M|\n|teampreview|4\n|j|*Lady Monita \n|inactive|seyfert61 also wants the timer to be on.\n|inactive|PandaOpticon has 60 seconds left.\n|\n|t:|1776012863\n|teamsize|p1|4\n|teamsize|p2|4\n|start\n|switch|p1a: Incineroar|Incineroar, L50, F|100/100\n|switch|p1b: Volcarona|Volcarona, L50, F|100/100\n|switch|p2a: Aerodactyl|Aerodactyl, L50, M|100/100\n|switch|p2b: Kingambit|Kingambit, L50, F, shiny|100/100\n|-ability|p2a: Aerodactyl|Unnerve\n|-ability|p1a: Incineroar|Intimidate|boost\n|-unboost|p2a: Aerodactyl|atk|1\n|-unboost|p2b: Kingambit|atk|1\n|-ability|p2b: Kingambit|Defiant|boost\n|-boost|p2b: Kingambit|atk|2\n|turn|1\n|j| patar136\n|j|^cross streets 43\n|inactive|PandaOpticon has 30 seconds left.\n|inactive|PandaOpticon has 20 seconds left.\n|j| aurora ltd\n|inactive|PandaOpticon has 15 seconds left.\n|inactive|PandaOpticon has 10 seconds left.\n|\n|t:|1776012911\n|switch|p2b: Pelipper|Pelipper, L50, M|100/100\n|-weather|RainDance|[from] ability: Drizzle|[of] p2b: Pelipper\n|move|p2a: Aerodactyl|Rock Slide|p1b: Volcarona|[spread] p1a,p1b\n|-supereffective|p1a: Incineroar|1\n|-supereffective|p1b: Volcarona|2\n|-damage|p1a: Incineroar|64/100\n|-damage|p1b: Volcarona|0 fnt\n|faint|p1b: Volcarona\n|cant|p1a: Incineroar|flinch\n|\n|-weather|RainDance|[upkeep]\n|upkeep\n|\n|t:|1776012920\n|switch|p1b: Ninetales|Ninetales-Alola, L50, F|100/100\n|-weather|Snowscape|[from] ability: Snow Warning|[of] p1b: Ninetales\n|turn|2\n|\n|t:|1776012939\n|switch|p2b: Archaludon|Archaludon, L50, F|100/100\n|move|p2a: Aerodactyl|Rock Slide|p1b: Ninetales|[spread] p1a,p1b\n|-supereffective|p1a: Incineroar|1\n|-supereffective|p1b: Ninetales|1\n|-damage|p1a: Incineroar|24/100\n|-damage|p1b: Ninetales|69/100\n|move|p1b: Ninetales|Aurora Veil|p1b: Ninetales\n|-sidestart|p1: PandaOpticon|move: Aurora Veil\n|cant|p1a: Incineroar|flinch\n|\n|-weather|Snowscape|[upkeep]\n|upkeep\n|turn|3\n|j|+Etjx\n|l|+Etjx\n|inactive|PandaOpticon has 30 seconds left.\n|inactive|PandaOpticon has 20 seconds left.\n|inactive|PandaOpticon has 15 seconds left.\n|\n|t:|1776012983\n|switch|p2b: Pelipper|Pelipper, L50, M|100/100\n|-weather|RainDance|[from] ability: Drizzle|[of] p2b: Pelipper\n|move|p2a: Aerodactyl|Rock Slide|p1b: Ninetales|[spread] p1a,p1b\n|-supereffective|p1a: Incineroar|1\n|-supereffective|p1b: Ninetales|1\n|-damage|p1a: Incineroar|0 fnt\n|-damage|p1b: Ninetales|38/100\n|faint|p1a: Incineroar\n|cant|p1b: Ninetales|flinch\n|\n|-weather|RainDance|[upkeep]\n|upkeep\n|\n|t:|1776012987\n|switch|p1a: Kingambit|Kingambit, L50, M|100/100\n|turn|4\n|\n|t:|1776013002\n|move|p2a: Aerodactyl|Earthquake|p1a: Kingambit|[spread] p1a,p1b\n|-immune|p2b: Pelipper\n|-supereffective|p1a: Kingambit|1\n|-damage|p1a: Kingambit|86/100\n|-damage|p1b: Ninetales|25/100\n|move|p1b: Ninetales|Blizzard|p2b: Pelipper|[spread] p2a,p2b\n|-supereffective|p2a: Aerodactyl|1\n|-damage|p2a: Aerodactyl|27/100\n|-damage|p2b: Pelipper|68/100\n|move|p2b: Pelipper|Hurricane|p1b: Ninetales\n|-damage|p1b: Ninetales|0 fnt\n|faint|p1b: Ninetales\n|move|p1a: Kingambit|Swords Dance|p1a: Kingambit\n|-boost|p1a: Kingambit|atk|2\n|\n|-weather|RainDance|[upkeep]\n|upkeep\n|turn|5\n|j| Rats220\n|\n|t:|1776013025\n|switch|p2b: Archaludon|Archaludon, L50, F|100/100\n|move|p1a: Kingambit|Sucker Punch||[still]\n|-fail|p1a: Kingambit\n|move|p2a: Aerodactyl|Tailwind|p2a: Aerodactyl\n|-sidestart|p2: seyfert61|move: Tailwind\n|\n|-weather|RainDance|[upkeep]\n|upkeep\n|turn|6\n|j| blaoh123\n|\n|t:|1776013042\n|switch|p2a: Kingambit|Kingambit, L50, F, shiny|100/100\n|move|p2b: Archaludon|Aura Sphere|p1a: Kingambit\n|-supereffective|p1a: Kingambit|2\n|-damage|p1a: Kingambit|15/100\n|move|p1a: Kingambit|Kowtow Cleave|p2b: Archaludon\n|-damage|p2b: Archaludon|13/100\n|-ability|p2b: Archaludon|Stamina|boost\n|-boost|p2b: Archaludon|def|1\n|-enditem|p2b: Archaludon|Sitrus Berry|[eat]\n|-heal|p2b: Archaludon|38/100|[from] item: Sitrus Berry\n|\n|-weather|RainDance|[upkeep]\n|-sideend|p1: PandaOpticon|move: Aurora Veil\n|upkeep\n|turn|7\n|\n|t:|1776013051\n|move|p1a: Kingambit|Protect|p1a: Kingambit\n|-singleturn|p1a: Kingambit|Protect\n|move|p2a: Kingambit|Sucker Punch||[still]\n|-fail|p2a: Kingambit\n|move|p2b: Archaludon|Aura Sphere|p1a: Kingambit\n|-activate|p1a: Kingambit|move: Protect\n|\n|-weather|none\n|upkeep\n|turn|8\n|\n|t:|1776013060\n|move|p2a: Kingambit|Sucker Punch|p1a: Kingambit\n|-resisted|p1a: Kingambit|1\n|-damage|p1a: Kingambit|0 fnt\n|faint|p1a: Kingambit\n|\n|win|seyfert61\n|n|\u203dPandaOpticon|pandaopticon\n|n|\u2606seyfert61|seyfert61\n|n|*Lady Monita |ladymonita\n|n| patar136|patar136\n|n| cross streets 43|crossstreets43\n|n| aurora ltd|auroraltd\n|n| Rats220|rats220\n|n| blaoh123|blaoh123\n|l|*Lady Monita \n|l|\u203dPandaOpticon\n|player|p1|\n|l| Rats220\n|l| cross streets 43\n|l|\u2606seyfert61\n|player|p2|\n|l| blaoh123\n",
  "uploadtime": 1776013071,
  "views": 15,
  "formatid": "gen9championsvgc2026regma",
  "rating": null,
  "private": 0,
  "password": null
}