{
  "id": "gen9championsvgc2026regma-2588574198",
  "format": "[Gen 9 Champions] VGC 2026 Reg M-A",
  "players": [
    "Zapdos79",
    "ikerpcp"
  ],
  "log": "|j|\u2606Zapdos79\n|j|\u2606ikerpcp\n|t:|1776646382\n|gametype|doubles\n|player|p1|Zapdos79|flannery|1159\n|player|p2|ikerpcp|cynthia-masters4|1214\n|gen|9\n|tier|[Gen 9 Champions] VGC 2026 Reg M-A\n|rated|\n|rule|Species Clause: Limit one of each Pok\u00e9mon\n|rule|Item Clause: Limit 1 of each item\n|clearpoke\n|poke|p1|Tyranitar, L50, M|\n|poke|p1|Basculegion, L50, M|\n|poke|p1|Excadrill, L50, M|\n|poke|p1|Meganium, L50, M|\n|poke|p1|Farigiraf, L50, M|\n|poke|p1|Incineroar, L50, M|\n|poke|p2|Kingambit, L50, F, shiny|\n|poke|p2|Garchomp, L50, F|\n|poke|p2|Floette-Eternal, L50, F|\n|poke|p2|Sneasler, L50, F|\n|poke|p2|Basculegion, L50, M|\n|poke|p2|Delphox, L50, F, shiny|\n|teampreview|4\nikerpcp rejected open team sheets.\n|inactive|Battle timer is ON: inactive players will automatically lose when time's up. (requested by ikerpcp)\n|\n|t:|1776646442\n|teamsize|p1|4\n|teamsize|p2|4\n|start\n|switch|p1a: Farigiraf|Farigiraf, L50, M|100/100\n|switch|p1b: Meganium|Meganium, L50, M|100/100\n|switch|p2a: Sneasler|Sneasler, L50, F|100/100\n|switch|p2b: Basculegion|Basculegion, L50, M|100/100\n|turn|1\n|inactive|ikerpcp has 30 seconds left.\n|\n|t:|1776646472\n|detailschange|p1b: Meganium|Meganium-Mega, L50, M\n|-mega|p1b: Meganium|Meganium|Meganiumite\n|move|p1b: Meganium|Protect|p1b: Meganium\n|-singleturn|p1b: Meganium|Protect\n|move|p2b: Basculegion|Flip Turn|p1a: Farigiraf\n|-damage|p1a: Farigiraf|63/100\n|\n|t:|1776646478\n|switch|p2b: Kingambit|Kingambit, L50, F, shiny|100/100|[from] Flip Turn\n|move|p2a: Sneasler|Dire Claw|p1b: Meganium\n|-activate|p1b: Meganium|move: Protect\n|move|p1a: Farigiraf|Thunder Wave|p2b: Kingambit\n|-status|p2b: Kingambit|par\n|\n|-heal|p1a: Farigiraf|70/100|[from] item: Leftovers\n|upkeep\n|turn|2\n|-activate|p2b: Kingambit|item: Quick Claw\n|\n|t:|1776646498\n|switch|p1b: Excadrill|Excadrill, L50, M|100/100\n|move|p2b: Kingambit|Kowtow Cleave|p1a: Farigiraf\n|-supereffective|p1a: Farigiraf|1\n|-damage|p1a: Farigiraf|0 fnt\n|faint|p1a: Farigiraf\n|move|p2a: Sneasler|Dire Claw|p1b: Excadrill\n|-immune|p1b: Excadrill\n|\n|upkeep\n|\n|t:|1776646508\n|switch|p1a: Tyranitar|Tyranitar, L50, M|100/100\n|-weather|Sandstorm|[from] ability: Sand Stream|[of] p1a: Tyranitar\n|turn|3\n|\n|t:|1776646528\n|switch|p2a: Floette|Floette-Eternal, L50, F|100/100\n|move|p2b: Kingambit|Protect|p2b: Kingambit\n|-singleturn|p2b: Kingambit|Protect\n|move|p1b: Excadrill|High Horsepower|p2a: Floette\n|-damage|p2a: Floette|14/100\n|move|p1a: Tyranitar|Rock Slide|p2b: Kingambit|[spread] p2a\n|-activate|p2b: Kingambit|move: Protect\n|-damage|p2a: Floette|0 fnt\n|faint|p2a: Floette\n|\n|-weather|Sandstorm|[upkeep]\n|upkeep\n|inactive|ikerpcp has 30 seconds left.\n|\n|t:|1776646555\n|switch|p2a: Basculegion|Basculegion, L50, M|100/100\n|turn|4\n|inactive|ikerpcp has 30 seconds left.\n|\n|t:|1776646587\n|move|p1b: Excadrill|Protect|p1b: Excadrill\n|-singleturn|p1b: Excadrill|Protect\n|move|p2a: Basculegion|Aqua Jet|p1b: Excadrill\n|-activate|p1b: Excadrill|move: Protect\n|move|p1a: Tyranitar|Knock Off|p2a: Basculegion\n|-supereffective|p2a: Basculegion|1\n|-damage|p2a: Basculegion|0 fnt\n|-enditem|p2a: Basculegion|Choice Scarf|[from] move: Knock Off|[of] p1a: Tyranitar\n|faint|p2a: Basculegion\n|move|p2b: Kingambit|Iron Head|p1a: Tyranitar\n|-supereffective|p1a: Tyranitar|1\n|-damage|p1a: Tyranitar|9/100\n|\n|-weather|Sandstorm|[upkeep]\n|upkeep\n|\n|t:|1776646599\n|switch|p2a: Sneasler|Sneasler, L50, F|100/100\n|turn|5\n|-activate|p2b: Kingambit|item: Quick Claw\n|\n|t:|1776646624\n|switch|p1b: Meganium|Meganium-Mega, L50, M|100/100\n|move|p2a: Sneasler|Fake Out|p1b: Meganium\n|-damage|p1b: Meganium|86/100\n|move|p2b: Kingambit|Kowtow Cleave|p1b: Meganium\n|-resisted|p1b: Meganium|1\n|-damage|p1b: Meganium|59/100\n|move|p1a: Tyranitar|Rock Slide|p2a: Sneasler|[spread] p2a,p2b\n|-resisted|p2a: Sneasler|1\n|-resisted|p2b: Kingambit|1\n|-damage|p2a: Sneasler|73/100\n|-damage|p2b: Kingambit|87/100 par\n|\n|-weather|Sandstorm|[upkeep]\n|-damage|p2a: Sneasler|67/100|[from] Sandstorm\n|-damage|p1b: Meganium|53/100|[from] Sandstorm\n|upkeep\n|turn|6\n|inactive|Zapdos79 has 30 seconds left.\n|inactive|Zapdos79 has 20 seconds left.\n|\n|t:|1776646660\n|move|p2a: Sneasler|Close Combat|p1a: Tyranitar\n|-supereffective|p1a: Tyranitar|2\n|-damage|p1a: Tyranitar|0 fnt\n|-unboost|p2a: Sneasler|def|1\n|-unboost|p2a: Sneasler|spd|1\n|faint|p1a: Tyranitar\n|-enditem|p2a: Sneasler|White Herb\n|-clearnegativeboost|p2a: Sneasler|[silent]\n|move|p1b: Meganium|Dazzling Gleam|p2b: Kingambit|[spread] p2a,p2b\n|-damage|p2a: Sneasler|15/100\n|-damage|p2b: Kingambit|52/100 par\n|move|p2b: Kingambit|Iron Head|p1b: Meganium\n|-supereffective|p1b: Meganium|1\n|-crit|p1b: Meganium\n|-damage|p1b: Meganium|0 fnt\n|faint|p1b: Meganium\n|\n|-weather|Sandstorm|[upkeep]\n|-damage|p2a: Sneasler|9/100|[from] Sandstorm\n|upkeep\n|\n|t:|1776646679\n|switch|p1b: Excadrill|Excadrill, L50, M|100/100\n|turn|7\n|c|\u2606ikerpcp|ggwp\n|\n|t:|1776646701\n|move|p2a: Sneasler|Close Combat|p1b: Excadrill\n|-supereffective|p1b: Excadrill|1\n|-damage|p1b: Excadrill|0 fnt\n|-unboost|p2a: Sneasler|def|1\n|-unboost|p2a: Sneasler|spd|1\n|faint|p1b: Excadrill\n|\n|win|ikerpcp\n|raw|Zapdos79's rating: 1159 &rarr; <strong>1138</strong><br />(-21 for losing)\n|raw|ikerpcp's rating: 1214 &rarr; <strong>1235</strong><br />(+21 for winning)\n|c|\u2606Zapdos79|gg\n",
  "uploadtime": 1776646708,
  "views": 8,
  "formatid": "gen9championsvgc2026regma",
  "rating": 1138,
  "private": 0,
  "password": null
}