{
  "id": "gen9championsvgc2026regma-2581515921",
  "format": "[Gen 9 Champions] VGC 2026 Reg M-A",
  "players": [
    "ThePeasent",
    "kauanadilson"
  ],
  "log": "|j|\u2606ThePeasent\n|j|\u2606kauanadilson\n|t:|1776007421\n|gametype|doubles\n|player|p1|ThePeasent|170|1114\n|player|p2|kauanadilson|ghetsis-gen5bw|1039\n|gen|9\n|tier|[Gen 9 Champions] VGC 2026 Reg M-A\n|rated|\n|rule|Species Clause: Limit one of each Pok\u00e9mon\n|rule|Item Clause: Limit 1 of each item\n|clearpoke\n|poke|p1|Glimmora, L50, F|\n|poke|p1|Tyranitar, L50, F|\n|poke|p1|Excadrill, L50, M|\n|poke|p1|Milotic, L50, M|\n|poke|p1|Sneasler, L50, M|\n|poke|p1|Rotom-Wash, L50|\n|poke|p2|Froslass, L50, F|\n|poke|p2|Noivern, L50, M|\n|poke|p2|Ninetales-Alola, L50, F|\n|poke|p2|Rotom-Frost, L50|\n|poke|p2|Incineroar, L50, M|\n|poke|p2|Clefable, L50, F|\n|teampreview|4\n|inactive|Battle timer is ON: inactive players will automatically lose when time's up. (requested by ThePeasent)\nThePeasent has agreed to open team sheets.\n|inactive|kauanadilson has 60 seconds left.\n|\n|t:|1776007456\n|teamsize|p1|4\n|teamsize|p2|4\n|start\n|switch|p1a: Glimmora|Glimmora, L50, F|100/100\n|switch|p1b: Milotic|Milotic, L50, M|100/100\n|switch|p2a: Noivern|Noivern, L50, M, shiny|100/100\n|switch|p2b: Incineroar|Incineroar, L50, M, shiny|100/100\n|-ability|p2b: Incineroar|Intimidate|boost\n|-unboost|p1a: Glimmora|atk|1\n|-unboost|p1b: Milotic|atk|1\n|-ability|p1b: Milotic|Competitive|boost\n|-boost|p1b: Milotic|spa|2\n|turn|1\n|\n|t:|1776007476\n|detailschange|p1a: Glimmora|Glimmora-Mega, L50, F\n|-mega|p1a: Glimmora|Glimmora|Glimmoranite\n|move|p2b: Incineroar|Fake Out|p1a: Glimmora\n|-resisted|p1a: Glimmora|1\n|-damage|p1a: Glimmora|95/100\n|move|p2a: Noivern|Air Slash|p1b: Milotic\n|-damage|p1b: Milotic|78/100\n|cant|p1a: Glimmora|flinch\n|move|p1b: Milotic|Icy Wind|p2a: Noivern|[spread] p2a,p2b\n|-supereffective|p2a: Noivern|2\n|-resisted|p2b: Incineroar|1\n|-damage|p2a: Noivern|8/100\n|-damage|p2b: Incineroar|93/100\n|-unboost|p2a: Noivern|spe|1\n|-unboost|p2b: Incineroar|spe|1\n|\n|-heal|p1b: Milotic|84/100|[from] item: Leftovers\n|upkeep\n|turn|2\n|inactive|kauanadilson has 30 seconds left.\n|\n|t:|1776007502\n|switch|p2a: Ninetales|Ninetales-Alola, L50, F, shiny|100/100\n|-weather|Snowscape|[from] ability: Snow Warning|[of] p2a: Ninetales\n|move|p1a: Glimmora|Power Gem|p2b: Incineroar\n|-supereffective|p2b: Incineroar|1\n|-damage|p2b: Incineroar|4/100\n|move|p1b: Milotic|Icy Wind|p2a: Ninetales|[spread] p2a\n|-miss|p1b: Milotic|p2b: Incineroar\n|-resisted|p2a: Ninetales|1\n|-damage|p2a: Ninetales|90/100\n|-unboost|p2a: Ninetales|spe|1\n|move|p2b: Incineroar|Parting Shot|p1b: Milotic\n|-unboost|p1b: Milotic|atk|1\n|-ability|p1b: Milotic|Competitive|boost\n|-boost|p1b: Milotic|spa|2\n|-unboost|p1b: Milotic|spa|1\n|-ability|p1b: Milotic|Competitive|boost\n|-boost|p1b: Milotic|spa|2\n|\n|t:|1776007513\n|switch|p2b: Noivern|Noivern, L50, M, shiny|8/100|[from] Parting Shot\n|\n|-weather|Snowscape|[upkeep]\n|-heal|p1b: Milotic|90/100|[from] item: Leftovers\n|upkeep\n|turn|3\n|\n|t:|1776007519\n|move|p2b: Noivern|Tailwind|p2b: Noivern\n|-sidestart|p2: kauanadilson|move: Tailwind\n|move|p2a: Ninetales|Aurora Veil|p2a: Ninetales\n|-sidestart|p2: kauanadilson|move: Aurora Veil\n|move|p1a: Glimmora|Power Gem|p2a: Ninetales\n|-supereffective|p2a: Ninetales|1\n|-damage|p2a: Ninetales|0 fnt\n|faint|p2a: Ninetales\n|move|p1b: Milotic|Icy Wind|p2b: Noivern\n|-supereffective|p2b: Noivern|2\n|-crit|p2b: Noivern\n|-damage|p2b: Noivern|0 fnt\n|faint|p2b: Noivern\n|\n|-weather|Snowscape|[upkeep]\n|-heal|p1b: Milotic|96/100|[from] item: Leftovers\n|upkeep\n|\n|t:|1776007528\n|switch|p2b: Froslass|Froslass, L50, F, shiny|100/100\n|switch|p2a: Incineroar|Incineroar, L50, M, shiny|4/100\n|-ability|p2a: Incineroar|Intimidate|boost\n|-unboost|p1a: Glimmora|atk|1\n|-unboost|p1b: Milotic|atk|1\n|-ability|p1b: Milotic|Competitive|boost\n|-boost|p1b: Milotic|spa|1\n|turn|4\n|\n|t:|1776007534\n|detailschange|p2b: Froslass|Froslass-Mega, L50, F, shiny\n|-mega|p2b: Froslass|Froslass|Froslassite\n|move|p1a: Glimmora|Spiky Shield|p1a: Glimmora\n|-singleturn|p1a: Glimmora|move: Protect\n|move|p1b: Milotic|Protect|p1b: Milotic\n|-singleturn|p1b: Milotic|Protect\n|move|p2a: Incineroar|Fake Out|p1a: Glimmora\n|-activate|p1a: Glimmora|move: Protect\n|-damage|p2a: Incineroar|0 fnt|[from] Spiky Shield|[of] p1a: Glimmora\n|faint|p2a: Incineroar\n|move|p2b: Froslass|Blizzard|p1b: Milotic|[spread] \n|-activate|p1a: Glimmora|move: Protect\n|-activate|p1b: Milotic|move: Protect\n|\n|-weather|Snowscape|[upkeep]\n|-heal|p1b: Milotic|100/100|[from] item: Leftovers\n|upkeep\n|turn|5\n|-message|kauanadilson forfeited.\n|\n|win|ThePeasent\n|raw|ThePeasent's rating: 1114 &rarr; <strong>1134</strong><br />(+20 for winning)\n|raw|kauanadilson's rating: 1039 &rarr; <strong>1027</strong><br />(-12 for losing)\n|l|\u2606kauanadilson\n|player|p2|\n",
  "uploadtime": 1776007550,
  "views": 28,
  "formatid": "gen9championsvgc2026regma",
  "rating": 1027,
  "private": 0,
  "password": null
}