{
  "id": "gen9championsvgc2026regma-2585006559",
  "format": "[Gen 9 Champions] VGC 2026 Reg M-A",
  "players": [
    "Missed Ledgedash",
    "areestoo"
  ],
  "log": "|j|\u2606Missed Ledgedash\n|j|\u2606areestoo\n|t:|1776302696\n|gametype|doubles\n|player|p1|Missed Ledgedash|juan-gen3|1288\n|player|p2|areestoo|101|1238\n|gen|9\n|tier|[Gen 9 Champions] VGC 2026 Reg M-A\n|rated|\n|rule|Species Clause: Limit one of each Pok\u00e9mon\n|rule|Item Clause: Limit 1 of each item\n|clearpoke\n|poke|p1|Incineroar, L50, F|\n|poke|p1|Gengar, L50, M|\n|poke|p1|Gyarados, L50, M|\n|poke|p1|Tyranitar, L50, F|\n|poke|p1|Sneasler, L50, F|\n|poke|p1|Excadrill, L50, F|\n|poke|p2|Blastoise, L50, M|\n|poke|p2|Pelipper, L50, F|\n|poke|p2|Floette-Eternal, L50, F|\n|poke|p2|Wyrdeer, L50, F|\n|poke|p2|Weavile, L50, M|\n|poke|p2|Rhyperior, L50, F|\n|teampreview|4\n|inactive|Battle timer is ON: inactive players will automatically lose when time's up. (requested by areestoo)\n|inactive|areestoo has 60 seconds left.\n|\n|t:|1776302748\n|teamsize|p1|4\n|teamsize|p2|4\n|start\n|switch|p1a: Gengar|Gengar, L50, M|100/100\n|switch|p1b: Incineroar|Incineroar, L50, F|100/100\n|switch|p2a: Weavile|Weavile, L50, M|100/100\n|switch|p2b: Wyrdeer|Wyrdeer, L50, F|100/100\n|-ability|p2a: Weavile|Pressure\n|-ability|p2b: Wyrdeer|Intimidate|boost\n|-unboost|p1a: Gengar|atk|1\n|-unboost|p1b: Incineroar|atk|1\n|-ability|p1b: Incineroar|Intimidate|boost\n|-unboost|p2a: Weavile|atk|1\n|-unboost|p2b: Wyrdeer|atk|1\n|turn|1\n|inactive|Missed Ledgedash has 30 seconds left.\n|\n|t:|1776302780\n|detailschange|p1a: Gengar|Gengar-Mega, L50, M\n|-mega|p1a: Gengar|Gengar|Gengarite\n|move|p2a: Weavile|Upper Hand|p1b: Incineroar\n|-supereffective|p1b: Incineroar|1\n|-damage|p1b: Incineroar|81/100\n|cant|p1b: Incineroar|flinch\n|move|p1a: Gengar|Perish Song|p1a: Gengar\n|-start|p1a: Gengar|perish3|[silent]\n|-start|p1b: Incineroar|perish3|[silent]\n|-start|p2a: Weavile|perish3|[silent]\n|-start|p2b: Wyrdeer|perish3|[silent]\n|-fieldactivate|move: Perish Song\n|move|p2b: Wyrdeer|Trick Room|p2b: Wyrdeer\n|-fieldstart|move: Trick Room|[of] p2b: Wyrdeer\n|\n|-start|p1b: Incineroar|perish3\n|-start|p2b: Wyrdeer|perish3\n|-start|p1a: Gengar|perish3\n|-start|p2a: Weavile|perish3\n|upkeep\n|turn|2\n|inactive|areestoo has 30 seconds left.\n|inactive|areestoo has 20 seconds left.\n|inactive|areestoo has 15 seconds left.\n|inactive|areestoo has 10 seconds left.\n|inactive|areestoo has 5 seconds left.\n|\n|t:|1776302831\n|move|p1b: Incineroar|Protect|p1b: Incineroar\n|-singleturn|p1b: Incineroar|Protect\n|move|p1a: Gengar|Protect|p1a: Gengar\n|-singleturn|p1a: Gengar|Protect\n|move|p2b: Wyrdeer|Psyshield Bash|p1a: Gengar\n|-activate|p1a: Gengar|move: Protect\n|move|p2a: Weavile|Throat Chop|p1b: Incineroar\n|-activate|p1b: Incineroar|move: Protect\n|\n|-start|p1b: Incineroar|perish2\n|-start|p2b: Wyrdeer|perish2\n|-start|p1a: Gengar|perish2\n|-start|p2a: Weavile|perish2\n|upkeep\n|turn|3\n|\n|t:|1776302849\n|switch|p1a: Gyarados|Gyarados, L50, M|100/100\n|-ability|p1a: Gyarados|Intimidate|boost\n|-unboost|p2a: Weavile|atk|1\n|-unboost|p2b: Wyrdeer|atk|1\n|move|p1b: Incineroar|Parting Shot|p2a: Weavile\n|-unboost|p2a: Weavile|atk|1\n|-unboost|p2a: Weavile|spa|1\n|\n|t:|1776302856\n|switch|p1b: Gengar|Gengar-Mega, L50, M|100/100|[from] Parting Shot\n|move|p2b: Wyrdeer|Psyshield Bash|p1a: Gyarados\n|-damage|p1a: Gyarados|72/100\n|-boost|p2b: Wyrdeer|def|1\n|move|p2a: Weavile|Throat Chop|p1a: Gyarados\n|-damage|p1a: Gyarados|52/100\n|-start|p1a: Gyarados|Throat Chop|[silent]\n|\n|-start|p2b: Wyrdeer|perish1\n|-start|p2a: Weavile|perish1\n|upkeep\n|turn|4\n|\n|t:|1776302870\n|move|p1a: Gyarados|Protect|p1a: Gyarados\n|-singleturn|p1a: Gyarados|Protect\n|move|p1b: Gengar|Protect|p1b: Gengar\n|-singleturn|p1b: Gengar|Protect\n|move|p2b: Wyrdeer|Psyshield Bash|p1a: Gyarados\n|-activate|p1a: Gyarados|move: Protect\n|move|p2a: Weavile|Throat Chop|p1a: Gyarados\n|-activate|p1a: Gyarados|move: Protect\n|\n|-end|p1a: Gyarados|Throat Chop|[silent]\n|-start|p2b: Wyrdeer|perish0\n|-start|p2a: Weavile|perish0\n|faint|p2b: Wyrdeer\n|faint|p2a: Weavile\n|upkeep\n|\n|t:|1776302872\n|switch|p2b: Blastoise|Blastoise, L50, M|100/100\n|switch|p2a: Pelipper|Pelipper, L50, F|100/100\n|-weather|RainDance|[from] ability: Drizzle|[of] p2a: Pelipper\n|turn|5\n|\n|t:|1776302897\n|detailschange|p2b: Blastoise|Blastoise-Mega, L50, M\n|-mega|p2b: Blastoise|Blastoise|Blastoisinite\n|move|p2b: Blastoise|Water Spout|p1b: Gengar|[spread] p1a,p1b\n|-resisted|p1a: Gyarados|1\n|-damage|p1a: Gyarados|9/100\n|-damage|p1b: Gengar|0 fnt\n|-enditem|p1a: Gyarados|Sitrus Berry|[eat]\n|-heal|p1a: Gyarados|34/100|[from] item: Sitrus Berry\n|faint|p1b: Gengar\n|move|p1a: Gyarados|Thunder Wave|p2b: Blastoise|[miss]\n|-miss|p1a: Gyarados|p2b: Blastoise\n|move|p2a: Pelipper|Hurricane|p1a: Gyarados\n|-damage|p1a: Gyarados|0 fnt\n|faint|p1a: Gyarados\n|\n|-weather|RainDance|[upkeep]\n|-fieldend|move: Trick Room\n|upkeep\n|\n|t:|1776302909\n|switch|p1b: Tyranitar|Tyranitar, L50, F|100/100\n|switch|p1a: Incineroar|Incineroar, L50, F|81/100\n|-weather|Sandstorm|[from] ability: Sand Stream|[of] p1b: Tyranitar\n|-ability|p1a: Incineroar|Intimidate|boost\n|-unboost|p2a: Pelipper|atk|1\n|-unboost|p2b: Blastoise|atk|1\n|turn|6\n|\n|t:|1776302916\n|move|p1a: Incineroar|Fake Out|p2b: Blastoise\n|-damage|p2b: Blastoise|92/100\n|move|p2a: Pelipper|Hurricane|p1a: Incineroar|[miss]\n|-miss|p2a: Pelipper|p1a: Incineroar\n|cant|p2b: Blastoise|flinch\n|move|p1b: Tyranitar|Rock Slide|p2a: Pelipper|[spread] p2a,p2b\n|-supereffective|p2a: Pelipper|1\n|-damage|p2a: Pelipper|17/100\n|-damage|p2b: Blastoise|66/100\n|\n|-weather|Sandstorm|[upkeep]\n|-damage|p2a: Pelipper|11/100|[from] Sandstorm\n|-damage|p2b: Blastoise|60/100|[from] Sandstorm\n|-damage|p1a: Incineroar|75/100|[from] Sandstorm\n|upkeep\n|turn|7\n|\n|t:|1776302930\n|move|p2a: Pelipper|Hurricane|p1a: Incineroar\n|-damage|p1a: Incineroar|36/100\n|move|p2b: Blastoise|Aura Sphere|p1b: Tyranitar\n|-supereffective|p1b: Tyranitar|2\n|-damage|p1b: Tyranitar|0 fnt\n|faint|p1b: Tyranitar\n|move|p1a: Incineroar|Throat Chop|p2a: Pelipper\n|-damage|p2a: Pelipper|0 fnt\n|faint|p2a: Pelipper\n|\n|-weather|Sandstorm|[upkeep]\n|-damage|p2b: Blastoise|54/100|[from] Sandstorm\n|-damage|p1a: Incineroar|30/100|[from] Sandstorm\n|upkeep\n|turn|8\n|\n|t:|1776302943\n|move|p2b: Blastoise|Water Pulse|p1a: Incineroar\n|-supereffective|p1a: Incineroar|1\n|-damage|p1a: Incineroar|0 fnt\n|faint|p1a: Incineroar\n|\n|win|areestoo\n|raw|Missed Ledgedash's rating: 1288 &rarr; <strong>1259</strong><br />(-29 for losing)\n|raw|areestoo's rating: 1238 &rarr; <strong>1267</strong><br />(+29 for winning)\n",
  "uploadtime": 1776302944,
  "views": 25,
  "formatid": "gen9championsvgc2026regma",
  "rating": 1259,
  "private": 0,
  "password": null
}