{
  "id": "gen9championsvgc2026regma-2582568538",
  "format": "[Gen 9 Champions] VGC 2026 Reg M-A",
  "players": [
    "4Test4",
    "sirae"
  ],
  "log": "|j|\u26064Test4\n|j|\u2606sirae\n|t:|1776099918\n|gametype|doubles\n|player|p1|4Test4|blue|1161\n|player|p2|sirae|caitlin|1215\n|gen|9\n|tier|[Gen 9 Champions] VGC 2026 Reg M-A\n|rated|\n|rule|Species Clause: Limit one of each Pok\u00e9mon\n|rule|Item Clause: Limit 1 of each item\n|clearpoke\n|poke|p1|Pelipper, L50, F|\n|poke|p1|Archaludon, L50, M|\n|poke|p1|Weavile, L50, F|\n|poke|p1|Palafin, L50, F|\n|poke|p1|Lopunny, L50, M|\n|poke|p1|Sinistcha, L50|\n|poke|p2|Floette-Eternal, L50, F|\n|poke|p2|Sylveon, L50, F|\n|poke|p2|Tyranitar, L50, F|\n|poke|p2|Excadrill, L50, F|\n|poke|p2|Sableye, L50, F|\n|poke|p2|Incineroar, L50, F|\n|teampreview|4\n|inactive|Battle timer is ON: inactive players will automatically lose when time's up. (requested by sirae)\n|inactive|4Test4 has 60 seconds left.\n|inactive|4Test4 has 30 seconds left.\n|inactive|4Test4 has 20 seconds left.\n|\n|t:|1776099991\n|teamsize|p1|4\n|teamsize|p2|4\n|start\n|switch|p1a: Palafin|Palafin, L50, F|100/100\n|switch|p1b: Lopunny|Lopunny, L50, M|100/100\n|switch|p2a: the only one|Sableye, L50, F|100/100\n|switch|p2b: 1# Best pokemon|Incineroar, L50, F|100/100\n|-ability|p2b: 1# Best pokemon|Intimidate|boost\n|-unboost|p1a: Palafin|atk|1\n|-unboost|p1b: Lopunny|atk|1\n|turn|1\n|inactive|4Test4 has 30 seconds left.\n|\n|t:|1776100019\n|detailschange|p1a: Palafin|Palafin-Hero, L50, F\n|switch|p1a: Pelipper|Pelipper, L50, F|100/100\n|-weather|RainDance|[from] ability: Drizzle|[of] p1a: Pelipper\n|detailschange|p1b: Lopunny|Lopunny-Mega, L50, M\n|-mega|p1b: Lopunny|Lopunny|Lopunnite\n|move|p1b: Lopunny|Fake Out|p2a: the only one\n|-damage|p2a: the only one|82/100\n|move|p2b: 1# Best pokemon|Fake Out|p1a: Pelipper\n|-damage|p1a: Pelipper|83/100\n|cant|p2a: the only one|flinch\n|\n|-weather|RainDance|[upkeep]\n|upkeep\n|turn|2\n|\n|t:|1776100032\n|switch|p1b: Palafin|Palafin-Hero, L50, F|100/100\n|-activate|p1b: Palafin|ability: Zero to Hero\n|move|p2a: the only one|Light Screen|p2a: the only one\n|-sidestart|p2: sirae|move: Light Screen\n|move|p1a: Pelipper|Weather Ball|p2b: 1# Best pokemon\n|-supereffective|p2b: 1# Best pokemon|1\n|-damage|p2b: 1# Best pokemon|8/100\n|move|p2b: 1# Best pokemon|Parting Shot|p1b: Palafin\n|-unboost|p1b: Palafin|atk|1\n|-unboost|p1b: Palafin|spa|1\n|inactive|sirae has 30 seconds left.\n|\n|t:|1776100057\n|switch|p2b: Just this once|Floette-Eternal, L50, F|100/100|[from] Parting Shot\n|\n|-weather|RainDance|[upkeep]\n|upkeep\n|turn|3\n|\n|t:|1776100072\n|switch|p2a: Transgender|Sylveon, L50, F|100/100\n|detailschange|p2b: Just this once|Floette-Mega, L50, F\n|-mega|p2b: Just this once|Floette|Floettite\n|-ability|p2b: Just this once|Fairy Aura\n|move|p2b: Just this once|Protect|p2b: Just this once\n|-singleturn|p2b: Just this once|Protect\n|move|p1b: Palafin|Jet Punch|p2b: Just this once\n|-activate|p2b: Just this once|move: Protect\n|move|p1a: Pelipper|Weather Ball|p2b: Just this once\n|-activate|p2b: Just this once|move: Protect\n|\n|-weather|RainDance|[upkeep]\n|upkeep\n|turn|4\n|\n|t:|1776100088\n|move|p1b: Palafin|Protect|p1b: Palafin\n|-singleturn|p1b: Palafin|Protect\n|move|p2a: Transgender|Hyper Voice|p1b: Palafin|[spread] p1a\n|-activate|p1b: Palafin|move: Protect\n|-damage|p1a: Pelipper|0 fnt\n|faint|p1a: Pelipper\n|move|p2b: Just this once|Moonblast|p1b: Palafin\n|-activate|p1b: Palafin|move: Protect\n|\n|-weather|RainDance|[upkeep]\n|upkeep\n|c|\u26064Test4|Scarf sylveon\n|\n|t:|1776100102\n|switch|p1a: Lopunny|Lopunny-Mega, L50, M|100/100\n|turn|5\n|\n|t:|1776100120\n|switch|p2a: 1# Best pokemon|Incineroar, L50, F|8/100\n|-ability|p2a: 1# Best pokemon|Intimidate|boost\n|-fail|p1a: Lopunny|unboost|Attack|[from] ability: Scrappy|[of] p1a: Lopunny\n|-unboost|p1b: Palafin|atk|1\n|move|p2b: Just this once|Protect|p2b: Just this once\n|-singleturn|p2b: Just this once|Protect\n|move|p1a: Lopunny|Fake Out|p2a: 1# Best pokemon\n|-damage|p2a: 1# Best pokemon|0 fnt\n|faint|p2a: 1# Best pokemon\n|move|p1b: Palafin|Wave Crash|p2b: Just this once\n|-activate|p2b: Just this once|move: Protect\n|\n|-weather|none\n|upkeep\n|\n|t:|1776100134\n|switch|p2a: Transgender|Sylveon, L50, F|100/100\n|turn|6\n|\n|t:|1776100142\n|switch|p1b: Archaludon|Archaludon, L50, M|100/100\n|move|p2b: Just this once|Helping Hand|p2a: Transgender\n|-singleturn|p2a: Transgender|Helping Hand|[of] p2b: Just this once\n|move|p1a: Lopunny|Protect|p1a: Lopunny\n|-singleturn|p1a: Lopunny|Protect\n|move|p2a: Transgender|Hyper Voice|p1a: Lopunny|[spread] p1b\n|-activate|p1a: Lopunny|move: Protect\n|-damage|p1b: Archaludon|4/100\n|-ability|p1b: Archaludon|Stamina|boost\n|-boost|p1b: Archaludon|def|1\n|\n|-heal|p1b: Archaludon|10/100|[from] item: Leftovers\n|-sideend|p2: sirae|move: Light Screen\n|upkeep\n|turn|7\n|inactive|4Test4 has 30 seconds left.\n|\n|t:|1776100169\n|move|p1a: Lopunny|Quick Attack|p2a: Transgender\n|-damage|p2a: Transgender|69/100\n|move|p2a: Transgender|Hyper Voice|p1b: Archaludon|[spread] p1a,p1b\n|-supereffective|p1a: Lopunny|1\n|-damage|p1a: Lopunny|0 fnt\n|-damage|p1b: Archaludon|0 fnt\n|faint|p1a: Lopunny\n|faint|p1b: Archaludon\n|move|p2b: Just this once|Moonblast|p1: Lopunny|[notarget]\n|-fail|p2b: Just this once\n|\n|upkeep\n|\n|t:|1776100173\n|switch|p1a: Palafin|Palafin-Hero, L50, F|100/100\n|turn|8\n|\n|t:|1776100183\n|move|p1a: Palafin|Jet Punch|p2a: Transgender\n|-damage|p2a: Transgender|6/100\n|move|p2a: Transgender|Hyper Voice|p1a: Palafin\n|-damage|p1a: Palafin|23/100\n|move|p2b: Just this once|Moonblast|p1a: Palafin\n|-damage|p1a: Palafin|0 fnt\n|faint|p1a: Palafin\n|\n|win|sirae\n|raw|4Test4's rating: 1161 &rarr; <strong>1140</strong><br />(-21 for losing)\n|raw|sirae's rating: 1215 &rarr; <strong>1236</strong><br />(+21 for winning)\n|l|\u26064Test4\n|player|p1|\n",
  "uploadtime": 1776100190,
  "views": 14,
  "formatid": "gen9championsvgc2026regma",
  "rating": 1140,
  "private": 0,
  "password": null
}