{
  "id": "gen9championsvgc2026regma-2581905676",
  "format": "[Gen 9 Champions] VGC 2026 Reg M-A",
  "players": [
    "Siegon",
    "BigRoflet"
  ],
  "log": "|j|\u2606Siegon\n|j|\u203dBigRoflet\n|t:|1776038512\n|gametype|doubles\n|player|p1|Siegon|170|1055\n|player|p2|BigRoflet|harlequin|1050\n|gen|9\n|tier|[Gen 9 Champions] VGC 2026 Reg M-A\n|rated|\n|rule|Species Clause: Limit one of each Pok\u00e9mon\n|rule|Item Clause: Limit 1 of each item\n|clearpoke\n|poke|p1|Floette-Eternal, L50, F|\n|poke|p1|Incineroar, L50, F|\n|poke|p1|Pelipper, L50, F|\n|poke|p1|Basculegion-F, L50, F|\n|poke|p1|Gengar, L50, M|\n|poke|p1|Archaludon, L50, F|\n|poke|p2|Whimsicott, L50, F|\n|poke|p2|Sneasler, L50, F|\n|poke|p2|Feraligatr, L50, F|\n|poke|p2|Maushold-Four, L50|\n|poke|p2|Aerodactyl, L50, M|\n|poke|p2|Incineroar, L50, F|\n|teampreview|4\n|inactive|Battle timer is ON: inactive players will automatically lose when time's up. (requested by Siegon)\n|inactive|Siegon has 60 seconds left.\n|inactive|BigRoflet has 60 seconds left.\n|\n|t:|1776038564\n|teamsize|p1|4\n|teamsize|p2|4\n|start\n|switch|p1a: Pelipper|Pelipper, L50, F|100/100\n|switch|p1b: Gengar|Gengar, L50, M|100/100\n|switch|p2a: Whimsicott|Whimsicott, L50, F|100/100\n|switch|p2b: Incineroar|Incineroar, L50, F|100/100\n|-weather|RainDance|[from] ability: Drizzle|[of] p1a: Pelipper\n|-ability|p2b: Incineroar|Intimidate|boost\n|-unboost|p1a: Pelipper|atk|1\n|-unboost|p1b: Gengar|atk|1\n|turn|1\n|\n|t:|1776038584\n|detailschange|p1b: Gengar|Gengar-Mega, L50, M\n|-mega|p1b: Gengar|Gengar|Gengarite\n|move|p2a: Whimsicott|Tailwind|p2a: Whimsicott\n|-sidestart|p2: BigRoflet|move: Tailwind\n|move|p1b: Gengar|Perish Song|p1b: Gengar\n|-start|p1a: Pelipper|perish3|[silent]\n|-start|p1b: Gengar|perish3|[silent]\n|-start|p2a: Whimsicott|perish3|[silent]\n|-start|p2b: Incineroar|perish3|[silent]\n|-fieldactivate|move: Perish Song\n|move|p2b: Incineroar|Parting Shot|p1b: Gengar\n|-unboost|p1b: Gengar|atk|1\n|-unboost|p1b: Gengar|spa|1\n|\n|t:|1776038596\n|switch|p2b: Feraligatr|Feraligatr, L50, F|100/100|[from] Parting Shot\n|move|p1a: Pelipper|Tailwind|p1a: Pelipper\n|-sidestart|p1: Siegon|move: Tailwind\n|\n|-weather|RainDance|[upkeep]\n|-start|p1b: Gengar|perish3\n|-start|p2a: Whimsicott|perish3\n|-start|p1a: Pelipper|perish3\n|upkeep\n|turn|2\n|\n|t:|1776038620\n|switch|p1b: Archaludon|Archaludon, L50, F|100/100\n|detailschange|p2b: Feraligatr|Feraligatr-Mega, L50, F\n|-mega|p2b: Feraligatr|Feraligatr|Feraligite\n|move|p2a: Whimsicott|Moonblast|p1a: Pelipper\n|-damage|p1a: Pelipper|54/100\n|move|p1a: Pelipper|Hurricane|p2a: Whimsicott\n|-supereffective|p2a: Whimsicott|1\n|-damage|p2a: Whimsicott|0 fnt\n|faint|p2a: Whimsicott\n|move|p2b: Feraligatr|Liquidation|p1b: Archaludon\n|-resisted|p1b: Archaludon|1\n|-damage|p1b: Archaludon|68/100\n|-ability|p1b: Archaludon|Stamina|boost\n|-boost|p1b: Archaludon|def|1\n|\n|-weather|RainDance|[upkeep]\n|-start|p1a: Pelipper|perish2\n|upkeep\n|inactive|BigRoflet has 30 seconds left.\n|\n|t:|1776038646\n|switch|p2a: Sneasler|Sneasler, L50, F|100/100\n|turn|3\n|\n|t:|1776038662\n|move|p1b: Archaludon|Protect|p1b: Archaludon\n|-singleturn|p1b: Archaludon|Protect\n|move|p2b: Feraligatr|Protect|p2b: Feraligatr\n|-singleturn|p2b: Feraligatr|Protect\n|move|p2a: Sneasler|Coaching|p2b: Feraligatr\n|-boost|p2b: Feraligatr|atk|1\n|-boost|p2b: Feraligatr|def|1\n|move|p1a: Pelipper|Tailwind||[still]\n|-fail|p1a: Pelipper\n|\n|-weather|RainDance|[upkeep]\n|-start|p1a: Pelipper|perish1\n|upkeep\n|turn|4\n|inactive|BigRoflet has 30 seconds left.\n|\n|t:|1776038693\n|move|p2a: Sneasler|Close Combat|p1b: Archaludon\n|-supereffective|p1b: Archaludon|1\n|-damage|p1b: Archaludon|0 fnt\n|-unboost|p2a: Sneasler|def|1\n|-unboost|p2a: Sneasler|spd|1\n|faint|p1b: Archaludon\n|move|p1a: Pelipper|Hurricane|p2a: Sneasler\n|-supereffective|p2a: Sneasler|1\n|-enditem|p2a: Sneasler|Focus Sash\n|-damage|p2a: Sneasler|1/100\n|move|p2b: Feraligatr|Trailblaze|p1a: Pelipper\n|-damage|p1a: Pelipper|17/100\n|-boost|p2b: Feraligatr|spe|1\n|\n|-weather|RainDance|[upkeep]\n|-start|p1a: Pelipper|perish0\n|-sideend|p2: BigRoflet|move: Tailwind\n|-sideend|p1: Siegon|move: Tailwind\n|upkeep\n|faint|p1a: Pelipper\n|\n|t:|1776038711\n|switch|p1a: Gengar|Gengar-Mega, L50, M|100/100\n|switch|p1b: Basculegion|Basculegion-F, L50, F|100/100\n|turn|5\n|\n|t:|1776038731\n|move|p2a: Sneasler|Coaching|p2b: Feraligatr\n|-boost|p2b: Feraligatr|atk|1\n|-boost|p2b: Feraligatr|def|1\n|move|p1b: Basculegion|Last Respects|p2b: Feraligatr\n|-damage|p2b: Feraligatr|73/100\n|move|p1a: Gengar|Icy Wind|p2a: Sneasler|[spread] p2a,p2b\n|-damage|p2a: Sneasler|0 fnt\n|-damage|p2b: Feraligatr|57/100\n|-unboost|p2b: Feraligatr|spe|1\n|faint|p2a: Sneasler\n|move|p2b: Feraligatr|Trailblaze|p1b: Basculegion\n|-supereffective|p1b: Basculegion|1\n|-crit|p1b: Basculegion\n|-damage|p1b: Basculegion|0 fnt\n|-boost|p2b: Feraligatr|spe|1\n|faint|p1b: Basculegion\n|\n|-weather|none\n|upkeep\n|\n|t:|1776038750\n|switch|p2a: Incineroar|Incineroar, L50, F|100/100\n|-ability|p2a: Incineroar|Intimidate|boost\n|-unboost|p1a: Gengar|atk|1\n|turn|6\n|\n|t:|1776038762\n|move|p1a: Gengar|Perish Song|p1a: Gengar\n|-start|p1a: Gengar|perish3|[silent]\n|-start|p2a: Incineroar|perish3|[silent]\n|-start|p2b: Feraligatr|perish3|[silent]\n|-fieldactivate|move: Perish Song\n|move|p2b: Feraligatr|Double-Edge|p1a: Gengar\n|-damage|p1a: Gengar|0 fnt\n|faint|p1a: Gengar\n|-damage|p2b: Feraligatr|31/100|[from] Recoil\n|\n|win|BigRoflet\n|raw|Siegon's rating: 1055 &rarr; <strong>1036</strong><br />(-19 for losing)\n|raw|BigRoflet's rating: 1050 &rarr; <strong>1083</strong><br />(+33 for winning)\n|l|\u2606Siegon\n|player|p1|\n",
  "uploadtime": 1776038771,
  "views": 18,
  "formatid": "gen9championsvgc2026regma",
  "rating": 1036,
  "private": 0,
  "password": null
}