{
  "id": "gen9championsvgc2026regma-2587705806",
  "format": "[Gen 9 Champions] VGC 2026 Reg M-A",
  "players": [
    "jusstaguy",
    "Urbannachos"
  ],
  "log": "|j|\u2606jusstaguy\n|j|\u2606Urbannachos\n|t:|1776555768\n|gametype|doubles\n|player|p1|jusstaguy|alder|\n|player|p2|Urbannachos|unknown|\n|gen|9\n|tier|[Gen 9 Champions] VGC 2026 Reg M-A\n|rule|Species Clause: Limit one of each Pok\u00e9mon\n|rule|Item Clause: Limit 1 of each item\n|clearpoke\n|poke|p1|Hydrapple, L50, F|\n|poke|p1|Scovillain, L50, M|\n|poke|p1|Arcanine-Hisui, L50, F, shiny|\n|poke|p1|Sneasler, L50, F|\n|poke|p1|Maushold, L50|\n|poke|p1|Primarina, L50, M|\n|poke|p2|Delphox, L50, F|\n|poke|p2|Garchomp, L50, M|\n|poke|p2|Incineroar, L50, M|\n|poke|p2|Sneasler, L50, M|\n|poke|p2|Floette-Eternal, L50, F|\n|poke|p2|Kingambit, L50, F|\n|teampreview|4\njusstaguy rejected open team sheets.\n|\n|t:|1776555805\n|teamsize|p1|4\n|teamsize|p2|4\n|start\n|switch|p1a: El Cinco|Hydrapple, L50, F|100/100\n|switch|p1b: Dirty Rats|Maushold, L50|100/100\n|switch|p2a: Red Mage|Delphox, L50, F|100/100\n|switch|p2b: Onceler|Sneasler, L50, M|100/100\n|-ability|p1a: El Cinco|Supersweet Syrup\n|-unboost|p2a: Red Mage|evasion|1\n|-unboost|p2b: Onceler|evasion|1\n|-enditem|p2b: Onceler|White Herb\n|-clearnegativeboost|p2b: Onceler|[silent]\n|turn|1\n|c|\u2606jusstaguy|Poop\n|c|\u2606Urbannachos|Does the mouse get upper hand\n|c|\u2606Urbannachos|Lol\n|\n|t:|1776555837\n|detailschange|p2a: Red Mage|Delphox-Mega, L50, F\n|-mega|p2a: Red Mage|Delphox|Delphoxite\n|move|p2b: Onceler|Fake Out|p1b: Dirty Rats\n|-damage|p1b: Dirty Rats|74/100\n|move|p2a: Red Mage|Heat Wave|p1a: El Cinco|[spread] p1a,p1b\n|-damage|p1a: El Cinco|59/100\n|-damage|p1b: Dirty Rats|15/100\n|cant|p1b: Dirty Rats|flinch\n|move|p1a: El Cinco|Earth Power|p2b: Onceler\n|-supereffective|p2b: Onceler|1\n|-damage|p2b: Onceler|14/100\n|\n|-heal|p1a: El Cinco|65/100|[from] item: Leftovers\n|upkeep\n|turn|2\n|\n|t:|1776555861\n|move|p1a: El Cinco|Protect|p1a: El Cinco\n|-singleturn|p1a: El Cinco|Protect\n|move|p2b: Onceler|Dire Claw|p1a: El Cinco\n|-activate|p1a: El Cinco|move: Protect\n|move|p2a: Red Mage|Psychic|p1b: Dirty Rats\n|-damage|p1b: Dirty Rats|0 fnt\n|faint|p1b: Dirty Rats\n|\n|-heal|p1a: El Cinco|71/100|[from] item: Leftovers\n|upkeep\n|\n|t:|1776555881\n|switch|p1b: Bathroom Tile|Primarina, L50, M|100/100\n|turn|3\n|\n|t:|1776555914\n|move|p2b: Onceler|Dire Claw|p1b: Bathroom Tile\n|-supereffective|p1b: Bathroom Tile|1\n|-damage|p1b: Bathroom Tile|0 fnt\n|faint|p1b: Bathroom Tile\n|move|p2a: Red Mage|Encore|p1a: El Cinco\n|-start|p1a: El Cinco|Encore\n|move|p1a: El Cinco|Protect||[still]\n|-fail|p1a: El Cinco\n|\n|-heal|p1a: El Cinco|77/100|[from] item: Leftovers\n|upkeep\n|\n|t:|1776555924\n|switch|p1b: Two-Face|Scovillain, L50, M|100/100\n|turn|4\n|c|\u2606jusstaguy|Gg\n|\n|t:|1776555936\n|detailschange|p1b: Two-Face|Scovillain-Mega, L50, M\n|-mega|p1b: Two-Face|Scovillain|Scovillainite\n|move|p1a: El Cinco|Protect|p1a: El Cinco\n|-singleturn|p1a: El Cinco|Protect\n|move|p2b: Onceler|Dire Claw|p1b: Two-Face\n|-supereffective|p1b: Two-Face|1\n|-damage|p1b: Two-Face|0 fnt\n|-status|p2b: Onceler|brn|[from] ability: Spicy Spray|[of] p1b: Two-Face\n|faint|p1b: Two-Face\n|move|p2a: Red Mage|Heat Wave|p1a: El Cinco\n|-activate|p1a: El Cinco|move: Protect\n|\n|-heal|p1a: El Cinco|83/100|[from] item: Leftovers\n|-damage|p2b: Onceler|8/100 brn|[from] brn\n|upkeep\n|turn|5\n|\n|t:|1776555961\n|move|p1a: El Cinco|Protect||[still]\n|-fail|p1a: El Cinco\n|move|p2b: Onceler|Dire Claw|p1a: El Cinco\n|-supereffective|p1a: El Cinco|1\n|-damage|p1a: El Cinco|50/100\n|move|p2a: Red Mage|Psychic|p1a: El Cinco\n|-damage|p1a: El Cinco|0 fnt\n|faint|p1a: El Cinco\n|\n|win|Urbannachos\n|c|\u2606Urbannachos|gg\n",
  "uploadtime": 1776555965,
  "views": 14,
  "formatid": "gen9championsvgc2026regma",
  "rating": null,
  "private": 0,
  "password": null
}