{
  "id": "gen9championsvgc2026regma-2587575308",
  "format": "[Gen 9 Champions] VGC 2026 Reg M-A",
  "players": [
    "StarStruckBunni",
    "pokemanwomanman"
  ],
  "log": "|j|\u2606StarStruckBunni\n|j|\u2606pokemanwomanman\n|t:|1776543620\n|gametype|doubles\n|player|p1|StarStruckBunni|jacinthe|1336\n|player|p2|pokemanwomanman|265|1312\n|gen|9\n|tier|[Gen 9 Champions] VGC 2026 Reg M-A\n|rated|\n|rule|Species Clause: Limit one of each Pok\u00e9mon\n|rule|Item Clause: Limit 1 of each item\n|clearpoke\n|poke|p1|Incineroar, L50, F|\n|poke|p1|Mimikyu, L50, F|\n|poke|p1|Gallade, L50, M|\n|poke|p1|Camerupt, L50, F, shiny|\n|poke|p1|Sneasler, L50, F|\n|poke|p1|Crabominable, L50, F|\n|poke|p2|Primarina, L50, M, shiny|\n|poke|p2|Talonflame, L50, F, shiny|\n|poke|p2|Sinistcha, L50|\n|poke|p2|Garchomp, L50, M, shiny|\n|poke|p2|Camerupt, L50, M, shiny|\n|poke|p2|Froslass, L50, F, shiny|\n|teampreview|4\n|inactive|Battle timer is ON: inactive players will automatically lose when time's up. (requested by StarStruckBunni)\n|inactive|StarStruckBunni has 60 seconds left.\n|inactive|pokemanwomanman has 60 seconds left.\n|\n|t:|1776543662\n|teamsize|p1|4\n|teamsize|p2|4\n|start\n|switch|p1a: Mimikyu|Mimikyu, L50, F|100/100\n|switch|p1b: Crabominable|Crabominable, L50, F|100/100\n|switch|p2a: Sinistcha|Sinistcha, L50|100/100\n|switch|p2b: Froslass|Froslass, L50, F, shiny|100/100\n|turn|1\n|\n|t:|1776543675\n|detailschange|p2b: Froslass|Froslass-Mega, L50, F, shiny\n|-mega|p2b: Froslass|Froslass|Froslassite\n|-weather|Snowscape|[from] ability: Snow Warning|[of] p2b: Froslass\n|detailschange|p1b: Crabominable|Crabominable-Mega, L50, F\n|-mega|p1b: Crabominable|Crabominable|Crabominite\n|move|p2b: Froslass|Destiny Bond|p2b: Froslass\n|-singlemove|p2b: Froslass|Destiny Bond\n|move|p1b: Crabominable|Ice Hammer|p2a: Sinistcha|[miss]\n|-miss|p1b: Crabominable|p2a: Sinistcha\n|move|p1a: Mimikyu|Trick Room|p1a: Mimikyu\n|-fieldstart|move: Trick Room|[of] p1a: Mimikyu\n|move|p2a: Sinistcha|Trick Room|p2a: Sinistcha\n|-fieldend|move: Trick Room\n|\n|-weather|Snowscape|[upkeep]\n|upkeep\n|turn|2\n|inactive|pokemanwomanman has 30 seconds left.\n|\n|t:|1776543701\n|move|p2b: Froslass|Aurora Veil|p2b: Froslass\n|-sidestart|p2: pokemanwomanman|move: Aurora Veil\n|move|p2a: Sinistcha|Energy Ball|p1b: Crabominable\n|-damage|p1b: Crabominable|68/100\n|move|p1b: Crabominable|Ice Hammer|p2a: Sinistcha|[miss]\n|-miss|p1b: Crabominable|p2a: Sinistcha\n|move|p1a: Mimikyu|Trick Room|p1a: Mimikyu\n|-fieldstart|move: Trick Room|[of] p1a: Mimikyu\n|\n|-weather|Snowscape|[upkeep]\n|upkeep\n|turn|3\n|\n|t:|1776543718\n|move|p1b: Crabominable|Ice Hammer|p2a: Sinistcha|[miss]\n|-miss|p1b: Crabominable|p2a: Sinistcha\n|move|p1a: Mimikyu|Shadow Claw|p2b: Froslass\n|-supereffective|p2b: Froslass|1\n|-crit|p2b: Froslass\n|-damage|p2b: Froslass|16/100\n|move|p2b: Froslass|Shadow Ball|p1b: Crabominable\n|-damage|p1b: Crabominable|35/100\n|move|p2a: Sinistcha|Trick Room|p2a: Sinistcha\n|-fieldend|move: Trick Room\n|\n|-weather|Snowscape|[upkeep]\n|upkeep\n|turn|4\n|c|\u2606StarStruckBunni|Dawg\n|c|\u2606pokemanwomanman|LMAO\n|c|\u2606pokemanwomanman|skill game\n|\n|t:|1776543739\n|switch|p2b: Primarina|Primarina, L50, M, shiny|100/100\n|move|p1b: Crabominable|Protect|p1b: Crabominable\n|-singleturn|p1b: Crabominable|Protect\n|move|p2a: Sinistcha|Strength Sap|p1b: Crabominable\n|-activate|p1b: Crabominable|move: Protect\n|move|p1a: Mimikyu|Trick Room|p1a: Mimikyu\n|-fieldstart|move: Trick Room|[of] p1a: Mimikyu\n|\n|-weather|Snowscape|[upkeep]\n|upkeep\n|turn|5\n|c|\u2606StarStruckBunni|Will i hit\n|inactive|pokemanwomanman has 30 seconds left.\n|\n|t:|1776543774\n|switch|p2a: Garchomp|Garchomp, L50, M, shiny|100/100\n|move|p1b: Crabominable|Ice Hammer|p2a: Garchomp\n|-supereffective|p2a: Garchomp|2\n|-crit|p2a: Garchomp\n|-damage|p2a: Garchomp|0 fnt\n|-unboost|p1b: Crabominable|spe|1\n|-damage|p1b: Crabominable|23/100|[from] ability: Rough Skin|[of] p2a: Garchomp\n|faint|p2a: Garchomp\n|move|p2b: Primarina|Hyper Voice|p1b: Crabominable|[spread] p1a,p1b\n|-activate|p1a: Mimikyu|ability: Disguise\n|-damage|p1a: Mimikyu|100/100\n|-damage|p1b: Crabominable|0 fnt\n|detailschange|p1a: Mimikyu|Mimikyu-Busted, L50, F\n|-damage|p1a: Mimikyu|88/100|[from] pokemon: Mimikyu-Busted\n|faint|p1b: Crabominable\n|move|p1a: Mimikyu|Shadow Claw|p2b: Primarina\n|-crit|p2b: Primarina\n|-damage|p2b: Primarina|51/100\n|\n|-weather|none\n|upkeep\n|c|\u2606StarStruckBunni|FINALLY\n|\n|t:|1776543786\n|switch|p1b: Gallade|Gallade, L50, M|100/100\n|switch|p2a: Sinistcha|Sinistcha, L50|100/100\n|-heal|p2b: Primarina|75/100|[from] ability: Hospitality|[of] p2a: Sinistcha\n|turn|6\n|\n|t:|1776543798\n|move|p1b: Gallade|Wide Guard|p1b: Gallade\n|-singleturn|p1b: Gallade|Wide Guard\n|move|p2a: Sinistcha|Rage Powder|p2a: Sinistcha\n|-singleturn|p2a: Sinistcha|move: Rage Powder\n|move|p2b: Primarina|Moonblast|p1b: Gallade\n|-supereffective|p1b: Gallade|1\n|-enditem|p1b: Gallade|Focus Sash\n|-damage|p1b: Gallade|1/100\n|move|p1a: Mimikyu|Shadow Claw|p2a: Sinistcha\n|-supereffective|p2a: Sinistcha|1\n|-damage|p2a: Sinistcha|71/100\n|\n|-sideend|p2: pokemanwomanman|move: Aurora Veil\n|upkeep\n|turn|7\n|inactive|StarStruckBunni has 30 seconds left.\n|\n|t:|1776543823\n|move|p2a: Sinistcha|Rage Powder|p2a: Sinistcha\n|-singleturn|p2a: Sinistcha|move: Rage Powder\n|move|p2b: Primarina|Moonblast|p1b: Gallade\n|-supereffective|p1b: Gallade|1\n|-damage|p1b: Gallade|0 fnt\n|faint|p1b: Gallade\n|move|p1a: Mimikyu|Shadow Claw|p2a: Sinistcha\n|-supereffective|p2a: Sinistcha|1\n|-damage|p2a: Sinistcha|27/100\n|-enditem|p2a: Sinistcha|Sitrus Berry|[eat]\n|-heal|p2a: Sinistcha|52/100|[from] item: Sitrus Berry\n|\n|upkeep\n|\n|t:|1776543828\n|switch|p1b: Incineroar|Incineroar, L50, F|100/100\n|-ability|p1b: Incineroar|Intimidate|boost\n|-unboost|p2a: Sinistcha|atk|1\n|-unboost|p2b: Primarina|atk|1\n|turn|8\n|\n|t:|1776543846\n|move|p2b: Primarina|Protect|p2b: Primarina\n|-singleturn|p2b: Primarina|Protect\n|move|p1b: Incineroar|Fake Out|p2b: Primarina\n|-activate|p2b: Primarina|move: Protect\n|move|p2a: Sinistcha|Strength Sap|p1b: Incineroar\n|-unboost|p1b: Incineroar|atk|1\n|-heal|p2a: Sinistcha|100/100\n|move|p1a: Mimikyu|Shadow Claw|p2a: Sinistcha\n|-supereffective|p2a: Sinistcha|1\n|-damage|p2a: Sinistcha|60/100\n|\n|-fieldend|move: Trick Room\n|upkeep\n|turn|9\n|\n|t:|1776543871\n|move|p1b: Incineroar|Darkest Lariat|p2a: Sinistcha\n|-supereffective|p2a: Sinistcha|1\n|-damage|p2a: Sinistcha|23/100\n|move|p2a: Sinistcha|Strength Sap|p1a: Mimikyu\n|-unboost|p1a: Mimikyu|atk|1\n|-heal|p2a: Sinistcha|100/100\n|move|p2b: Primarina|Hyper Voice|p1a: Mimikyu|[spread] p1a,p1b\n|-supereffective|p1b: Incineroar|1\n|-damage|p1a: Mimikyu|46/100\n|-damage|p1b: Incineroar|25/100\n|move|p1a: Mimikyu|Trick Room|p1a: Mimikyu\n|-fieldstart|move: Trick Room|[of] p1a: Mimikyu\n|\n|upkeep\n|turn|10\n|\n|t:|1776543887\n|move|p2b: Primarina|Hyper Voice|p1a: Mimikyu|[spread] p1a,p1b\n|-supereffective|p1b: Incineroar|1\n|-damage|p1a: Mimikyu|2/100\n|-damage|p1b: Incineroar|0 fnt\n|faint|p1b: Incineroar\n|move|p2a: Sinistcha|Strength Sap|p1a: Mimikyu\n|-unboost|p1a: Mimikyu|atk|1\n|move|p1a: Mimikyu|Shadow Claw|p2a: Sinistcha\n|-supereffective|p2a: Sinistcha|1\n|-damage|p2a: Sinistcha|79/100\n|\n|upkeep\n|turn|11\n|-message|StarStruckBunni forfeited.\n|\n|win|pokemanwomanman\n|raw|StarStruckBunni's rating: 1336 &rarr; <strong>1315</strong><br />(-21 for losing)\n|raw|pokemanwomanman's rating: 1312 &rarr; <strong>1333</strong><br />(+21 for winning)\n|l|\u2606StarStruckBunni\n|player|p1|\n",
  "uploadtime": 1776543907,
  "views": 20,
  "formatid": "gen9championsvgc2026regma",
  "rating": 1315,
  "private": 0,
  "password": null
}