{
  "id": "gen9championsvgc2026regma-2580333647",
  "format": "[Gen 9 Champions] VGC 2026 Reg M-A",
  "players": [
    "SpikeMike",
    "AndreHero007"
  ],
  "log": "|j|\u2606SpikeMike\n|j|\u2606AndreHero007\n|t:|1775881696\n|gametype|doubles\n|player|p1|SpikeMike|molayne|1000\n|player|p2|AndreHero007|scientist|1000\n|gen|9\n|tier|[Gen 9 Champions] VGC 2026 Reg M-A\n|rated|\n|rule|Species Clause: Limit one of each Pok\u00e9mon\n|rule|Item Clause: Limit 1 of each item\n|clearpoke\n|poke|p1|Lucario, L50, F|\n|poke|p1|Pelipper, L50, M|\n|poke|p1|Archaludon, L50, M|\n|poke|p1|Sinistcha-Masterpiece, L50|\n|poke|p1|Garchomp, L50, M|\n|poke|p1|Incineroar, L50, F|\n|poke|p2|Clefable, L50, F|\n|poke|p2|Ampharos, L50, F|\n|poke|p2|Ditto, L50|\n|poke|p2|Beedrill, L50, F|\n|poke|p2|Venusaur, L50, F|\n|poke|p2|Greninja-*, L50, F|\n|teampreview|4\n|inactive|Battle timer is ON: inactive players will automatically lose when time's up. (requested by AndreHero007)\n|\n|t:|1775881722\n|teamsize|p1|4\n|teamsize|p2|4\n|start\n|switch|p1a: Storm|Pelipper, L50, M|100/100\n|switch|p1b: Maverick|Garchomp, L50, M, shiny|100/100\n|switch|p2a: Venusaur|Venusaur, L50, F|100/100\n|switch|p2b: Greninja|Greninja, L50, F|100/100\n|-weather|RainDance|[from] ability: Drizzle|[of] p1a: Storm\n|turn|1\n|inactive|AndreHero007 has 30 seconds left.\n|\n|t:|1775881747\n|switch|p1b: Melman|Archaludon, L50, M, shiny|100/100\n|move|p2b: Greninja|Ice Beam|p1b: Melman\n|-start|p2b: Greninja|typechange|Ice|[from] ability: Protean\n|-damage|p1b: Melman|56/100\n|-ability|p1b: Melman|Stamina|boost\n|-boost|p1b: Melman|def|1\n|move|p2a: Venusaur|Sludge Wave|p1a: Storm|[spread] p2b,p1a\n|-immune|p1b: Melman\n|-damage|p2b: Greninja|55/100\n|-damage|p1a: Storm|52/100\n|-status|p1a: Storm|psn\n|move|p1a: Storm|Tailwind|p1a: Storm\n|-sidestart|p1: SpikeMike|move: Tailwind\n|\n|-weather|RainDance|[upkeep]\n|-heal|p1b: Melman|62/100|[from] item: Leftovers\n|-damage|p1a: Storm|40/100 psn|[from] psn\n|upkeep\n|turn|2\n|inactive|AndreHero007 has 30 seconds left.\n|\n|t:|1775881782\n|move|p2a: Venusaur|Protect|p2a: Venusaur\n|-singleturn|p2a: Venusaur|Protect\n|move|p2b: Greninja|Water Shuriken|p1a: Storm\n|-resisted|p1a: Storm|1\n|-crit|p1a: Storm\n|-damage|p1a: Storm|29/100 psn\n|-resisted|p1a: Storm|1\n|-damage|p1a: Storm|23/100 psn\n|-resisted|p1a: Storm|1\n|-damage|p1a: Storm|18/100 psn\n|-hitcount|p1a: Storm|3\n|move|p1a: Storm|Hurricane|p2a: Venusaur\n|-activate|p2a: Venusaur|move: Protect\n|move|p1b: Melman|Electro Shot||[still]\n|-prepare|p1b: Melman|Electro Shot\n|-boost|p1b: Melman|spa|1\n|-anim|p1b: Melman|Electro Shot|p2b: Greninja\n|-damage|p2b: Greninja|0 fnt\n|faint|p2b: Greninja\n|\n|-weather|RainDance|[upkeep]\n|-heal|p1b: Melman|68/100|[from] item: Leftovers\n|-damage|p1a: Storm|6/100 psn|[from] psn\n|upkeep\n|\n|t:|1775881801\n|switch|p2b: Beedrill|Beedrill, L50, F|100/100\n|turn|3\n|\n|t:|1775881825\n|detailschange|p2b: Beedrill|Beedrill-Mega, L50, F\n|-mega|p2b: Beedrill|Beedrill|Beedrillite\n|move|p2a: Venusaur|Protect|p2a: Venusaur\n|-singleturn|p2a: Venusaur|Protect\n|move|p1a: Storm|Hurricane|p2b: Beedrill\n|-supereffective|p2b: Beedrill|1\n|-damage|p2b: Beedrill|0 fnt\n|faint|p2b: Beedrill\n|move|p1b: Melman|Dragon Pulse|p2a: Venusaur\n|-activate|p2a: Venusaur|move: Protect\n|\n|-weather|RainDance|[upkeep]\n|-heal|p1b: Melman|74/100|[from] item: Leftovers\n|-damage|p1a: Storm|0 fnt|[from] psn\n|faint|p1a: Storm\n|upkeep\n|\n|t:|1775881840\n|switch|p2b: Ampharos|Ampharos, L50, F|100/100\n|switch|p1a: Invincible|Lucario, L50, F, shiny|100/100\n|turn|4\n|inactive|SpikeMike has 30 seconds left.\n|inactive|SpikeMike has 20 seconds left.\n|\n|t:|1775881878\n|detailschange|p1a: Invincible|Lucario-Mega, L50, F, shiny\n|-mega|p1a: Invincible|Lucario|Lucarionite\n|move|p1a: Invincible|Close Combat|p2b: Ampharos\n|-damage|p2b: Ampharos|0 fnt\n|-unboost|p1a: Invincible|def|1\n|-unboost|p1a: Invincible|spd|1\n|faint|p2b: Ampharos\n|move|p1b: Melman|Dragon Pulse|p2a: Venusaur\n|-damage|p2a: Venusaur|30/100\n|move|p2a: Venusaur|Leech Seed|p1a: Invincible\n|-start|p1a: Invincible|move: Leech Seed\n|\n|-weather|RainDance|[upkeep]\n|-heal|p1b: Melman|80/100|[from] item: Leftovers\n|-damage|p1a: Invincible|88/100|[from] Leech Seed|[of] p2a: Venusaur\n|-heal|p2a: Venusaur|40/100|[silent]\n|-sideend|p1: SpikeMike|move: Tailwind\n|upkeep\n|turn|5\n|-message|AndreHero007 forfeited.\n|\n|win|SpikeMike\n|raw|SpikeMike's rating: 1000 &rarr; <strong>1040</strong><br />(+40 for winning)\n|raw|AndreHero007's rating: 1000 &rarr; <strong>1000</strong><br />(+0 for losing)\n|l|\u2606AndreHero007\n|player|p2|\n|c|\u2606SpikeMike|ggwp\n",
  "uploadtime": 1775881894,
  "views": 11,
  "formatid": "gen9championsvgc2026regma",
  "rating": 1000,
  "private": 0,
  "password": null
}