{
  "id": "gen9championsvgc2026regma-2587658180",
  "format": "[Gen 9 Champions] VGC 2026 Reg M-A",
  "players": [
    "PyrOH3nS",
    "cligga41"
  ],
  "log": "|j|\u2606PyrOH3nS\n|j|\u2606cligga41\n|t:|1776551133\n|gametype|doubles\n|player|p1|PyrOH3nS|dawn-gen4pt|1427\n|player|p2|cligga41|skierf-gen4dp|1416\n|gen|9\n|tier|[Gen 9 Champions] VGC 2026 Reg M-A\n|rated|\n|rule|Species Clause: Limit one of each Pok\u00e9mon\n|rule|Item Clause: Limit 1 of each item\n|clearpoke\n|poke|p1|Dragapult, L50, F|\n|poke|p1|Kangaskhan, L50, F|\n|poke|p1|Azumarill, L50, M|\n|poke|p1|Kingambit, L50, F|\n|poke|p1|Gardevoir, L50, M|\n|poke|p1|Talonflame, L50, F|\n|poke|p2|Floette-Eternal, L50, F|\n|poke|p2|Garchomp, L50, M|\n|poke|p2|Froslass, L50, F|\n|poke|p2|Sneasler, L50, M|\n|poke|p2|Kingambit, L50, F|\n|poke|p2|Basculegion, L50, M|\n|teampreview|4\n|\n|t:|1776551165\n|teamsize|p1|4\n|teamsize|p2|4\n|start\n|switch|p1a: Dragapult|Dragapult, L50, F|100/100\n|switch|p1b: Kangaskhan|Kangaskhan, L50, F|100/100\n|switch|p2a: Sneasler|Sneasler, L50, M|100/100\n|switch|p2b: Basculegion|Basculegion, L50, M|100/100\n|turn|1\n|inactive|Battle timer is ON: inactive players will automatically lose when time's up. (requested by cligga41)\n|\n|t:|1776551186\n|switch|p2b: Kingambit|Kingambit, L50, F|100/100\n|move|p2a: Sneasler|Fake Out|p1b: Kangaskhan\n|-damage|p1b: Kangaskhan|85/100\n|cant|p1b: Kangaskhan|flinch\n|move|p1a: Dragapult|Psychic Fangs|p2a: Sneasler\n|-supereffective|p2a: Sneasler|2\n|-enditem|p2a: Sneasler|Focus Sash\n|-damage|p2a: Sneasler|1/100\n|\n|upkeep\n|turn|2\n|inactive|PyrOH3nS has 30 seconds left.\n|\n|t:|1776551217\n|detailschange|p1b: Kangaskhan|Kangaskhan-Mega, L50, F\n|-mega|p1b: Kangaskhan|Kangaskhan|Kangaskhanite\n|move|p2a: Sneasler|Protect|p2a: Sneasler\n|-singleturn|p2a: Sneasler|Protect\n|move|p1a: Dragapult|Shadow Ball|p2a: Sneasler\n|-activate|p2a: Sneasler|move: Protect\n|move|p1b: Kangaskhan|Drain Punch|p2b: Kingambit\n|-supereffective|p2b: Kingambit|2\n|-enditem|p2b: Kingambit|Chople Berry|[eat]\n|-enditem|p2b: Kingambit|Chople Berry|[weaken]\n|-damage|p2b: Kingambit|64/100\n|-heal|p1b: Kangaskhan|100/100|[from] drain|[of] p2b: Kingambit\n|-supereffective|p2b: Kingambit|2\n|-damage|p2b: Kingambit|47/100\n|-hitcount|p2b: Kingambit|2\n|move|p2b: Kingambit|Kowtow Cleave|p1a: Dragapult\n|-supereffective|p1a: Dragapult|1\n|-enditem|p1a: Dragapult|Focus Sash\n|-damage|p1a: Dragapult|1/100\n|\n|upkeep\n|turn|3\n|inactive|PyrOH3nS has 30 seconds left.\n|inactive|PyrOH3nS has 20 seconds left.\n|j| bobibobobo\n|inactive|PyrOH3nS has 15 seconds left.\n|inactive|PyrOH3nS has 10 seconds left.\n|l| bobibobobo\n|inactive|PyrOH3nS has 5 seconds left.\n|\n|t:|1776551271\n|move|p2b: Kingambit|Sucker Punch||[still]\n|-fail|p2b: Kingambit\n|move|p1a: Dragapult|Thunder Wave|p2a: Sneasler\n|-status|p2a: Sneasler|par\n|move|p1b: Kangaskhan|Drain Punch|p2b: Kingambit\n|-supereffective|p2b: Kingambit|2\n|-damage|p2b: Kingambit|0 fnt\n|faint|p2b: Kingambit\n|-hitcount|p2: Kingambit|1\n|move|p2a: Sneasler|Close Combat|p1b: Kangaskhan\n|-supereffective|p1b: Kangaskhan|1\n|-crit|p1b: Kangaskhan\n|-damage|p1b: Kangaskhan|0 fnt\n|-unboost|p2a: Sneasler|def|1\n|-unboost|p2a: Sneasler|spd|1\n|faint|p1b: Kangaskhan\n|\n|upkeep\n|\n|t:|1776551293\n|switch|p1b: Kingambit|Kingambit, L50, F|100/100\n|switch|p2b: Basculegion|Basculegion, L50, M|100/100\n|turn|4\n|\n|t:|1776551309\n|move|p2b: Basculegion|Protect|p2b: Basculegion\n|-singleturn|p2b: Basculegion|Protect\n|move|p1b: Kingambit|Sucker Punch||[still]\n|-fail|p1b: Kingambit\n|move|p1a: Dragapult|Shadow Ball|p2a: Sneasler\n|-damage|p2a: Sneasler|0 fnt\n|faint|p2a: Sneasler\n|\n|upkeep\n|\n|t:|1776551316\n|switch|p2a: Floette|Floette-Eternal, L50, F|100/100\n|turn|5\n|\n|t:|1776551325\n|detailschange|p2a: Floette|Floette-Mega, L50, F\n|-mega|p2a: Floette|Floette|Floettite\n|-ability|p2a: Floette|Fairy Aura\n|move|p2b: Basculegion|Aqua Jet|p1a: Dragapult\n|-resisted|p1a: Dragapult|1\n|-damage|p1a: Dragapult|0 fnt\n|faint|p1a: Dragapult\n|move|p2a: Floette|Light of Ruin|p1b: Kingambit\n|-damage|p1b: Kingambit|14/100\n|-damage|p2a: Floette|47/100|[from] Recoil\n|move|p1b: Kingambit|Iron Head|p2a: Floette\n|-supereffective|p2a: Floette|1\n|-damage|p2a: Floette|0 fnt\n|faint|p2a: Floette\n|\n|upkeep\n|\n|t:|1776551339\n|switch|p1a: Azumarill|Azumarill, L50, M|100/100\n|turn|6\n|\n|t:|1776551345\n|move|p2b: Basculegion|Aqua Jet|p1b: Kingambit\n|-damage|p1b: Kingambit|0 fnt\n|faint|p1b: Kingambit\n|move|p1a: Azumarill|Play Rough|p2b: Basculegion\n|-damage|p2b: Basculegion|44/100\n|-enditem|p2b: Basculegion|Sitrus Berry|[eat]\n|-heal|p2b: Basculegion|69/100|[from] item: Sitrus Berry\n|\n|upkeep\n|turn|7\n|\n|t:|1776551356\n|move|p2b: Basculegion|Last Respects|p1a: Azumarill\n|-damage|p1a: Azumarill|0 fnt\n|faint|p1a: Azumarill\n|\n|win|cligga41\n|raw|PyrOH3nS's rating: 1427 &rarr; <strong>1406</strong><br />(-21 for losing)\n|raw|cligga41's rating: 1416 &rarr; <strong>1437</strong><br />(+21 for winning)\n|l|\u2606cligga41\n|player|p2|\n|l|\u2606PyrOH3nS\n|player|p1|\n",
  "uploadtime": 1776551383,
  "views": 18,
  "formatid": "gen9championsvgc2026regma",
  "rating": 1406,
  "private": 0,
  "password": null
}