{
  "id": "gen9championsvgc2026regma-2582095511",
  "format": "[Gen 9 Champions] VGC 2026 Reg M-A",
  "players": [
    "MrTestingPith",
    "SpiderKash"
  ],
  "log": "|j|\u2606MrTestingPith\n|j|\u2606SpiderKash\n|t:|1776057279\n|gametype|doubles\n|player|p1|MrTestingPith|266|1398\n|player|p2|SpiderKash|101|1507\n|gen|9\n|tier|[Gen 9 Champions] VGC 2026 Reg M-A\n|rated|\n|rule|Species Clause: Limit one of each Pok\u00e9mon\n|rule|Item Clause: Limit 1 of each item\n|clearpoke\n|poke|p1|Sinistcha, L50|\n|poke|p1|Incineroar, L50, F|\n|poke|p1|Corviknight, L50, F|\n|poke|p1|Gardevoir, L50, F|\n|poke|p1|Garchomp, L50, F|\n|poke|p1|Rotom-Wash, L50|\n|poke|p2|Incineroar, L50, M|\n|poke|p2|Whimsicott, L50, F|\n|poke|p2|Blastoise, L50, F|\n|poke|p2|Farigiraf, L50, M|\n|poke|p2|Aegislash, L50, F|\n|poke|p2|Dragonite, L50, M|\n|teampreview|4\n|inactive|Battle timer is ON: inactive players will automatically lose when time's up. (requested by MrTestingPith)\nMrTestingPith rejected open team sheets.\n|inactive|SpiderKash has 60 seconds left.\n|\n|t:|1776057321\n|teamsize|p1|4\n|teamsize|p2|4\n|start\n|switch|p1a: Gardevoir|Gardevoir, L50, F|100/100\n|switch|p1b: Rotom|Rotom-Wash, L50|100/100\n|switch|p2a: Whimsicott|Whimsicott, L50, F|100/100\n|switch|p2b: Blastoise|Blastoise, L50, F|100/100\n|turn|1\n|inactive|SpiderKash has 30 seconds left.\n|\n|t:|1776057346\n|switch|p2b: Aegislash|Aegislash, L50, F|100/100\n|detailschange|p1a: Gardevoir|Gardevoir-Mega, L50, F\n|-mega|p1a: Gardevoir|Gardevoir|Gardevoirite\n|move|p2a: Whimsicott|Moonblast|p1b: Rotom\n|-damage|p1b: Rotom|62/100\n|move|p1a: Gardevoir|Hyper Voice|p2a: Whimsicott|[spread] p2a,p2b\n|-resisted|p2b: Aegislash|1\n|-damage|p2a: Whimsicott|9/100\n|-damage|p2b: Aegislash|78/100\n|move|p1b: Rotom|Volt Switch|p2b: Aegislash\n|-damage|p2b: Aegislash|46/100\n|\n|t:|1776057359\n|switch|p1b: Incineroar|Incineroar, L50, F|100/100|[from] Volt Switch\n|-ability|p1b: Incineroar|Intimidate|boost\n|-unboost|p2a: Whimsicott|atk|1\n|-unboost|p2b: Aegislash|atk|1\n|\n|upkeep\n|turn|2\n|inactive|MrTestingPith has 30 seconds left.\n|\n|t:|1776057387\n|move|p2a: Whimsicott|Protect|p2a: Whimsicott\n|-singleturn|p2a: Whimsicott|Protect\n|move|p2b: Aegislash|King's Shield|p2b: Aegislash\n|-singleturn|p2b: Aegislash|Protect\n|move|p1a: Gardevoir|Hyper Voice|p2b: Aegislash|[spread] \n|-activate|p2a: Whimsicott|move: Protect\n|-activate|p2b: Aegislash|move: Protect\n|move|p1b: Incineroar|Parting Shot|p2b: Aegislash\n|-unboost|p2b: Aegislash|atk|1\n|-unboost|p2b: Aegislash|spa|1\n|j| GoodraSweetheart76\n|\n|t:|1776057407\n|switch|p1b: Sinistcha|Sinistcha, L50|100/100|[from] Parting Shot\n|\n|upkeep\n|turn|3\n|\n|t:|1776057426\n|move|p2a: Whimsicott|Tailwind|p2a: Whimsicott\n|-sidestart|p2: SpiderKash|move: Tailwind\n|-formechange|p2b: Aegislash|Aegislash-Blade|\n|move|p2b: Aegislash|Shadow Ball|p1a: Gardevoir\n|-supereffective|p1a: Gardevoir|1\n|-damage|p1a: Gardevoir|39/100\n|move|p1a: Gardevoir|Hyper Voice|p2b: Aegislash|[spread] p2a,p2b\n|-resisted|p2b: Aegislash|1\n|-damage|p2a: Whimsicott|0 fnt\n|-damage|p2b: Aegislash|0 fnt\n|faint|p2a: Whimsicott\n|faint|p2b: Aegislash\n|move|p1b: Sinistcha|Shadow Ball|p2: Whimsicott|[notarget]\n|-fail|p1b: Sinistcha\n|\n|upkeep\n|\n|t:|1776057431\n|switch|p2a: Farigiraf|Farigiraf, L50, M|100/100\n|switch|p2b: Blastoise|Blastoise, L50, F|100/100\n|turn|4\n|\n|t:|1776057448\n|switch|p1a: Incineroar|Incineroar, L50, F|100/100\n|-ability|p1a: Incineroar|Intimidate|boost\n|-unboost|p2a: Farigiraf|atk|1\n|-unboost|p2b: Blastoise|atk|1\n|detailschange|p2b: Blastoise|Blastoise-Mega, L50, F\n|-mega|p2b: Blastoise|Blastoise|Blastoisinite\n|move|p2a: Farigiraf|Helping Hand|p2b: Blastoise\n|-singleturn|p2b: Blastoise|Helping Hand|[of] p2a: Farigiraf\n|move|p2b: Blastoise|Dark Pulse|p1b: Sinistcha\n|-supereffective|p1b: Sinistcha|1\n|-damage|p1b: Sinistcha|0 fnt\n|faint|p1b: Sinistcha\n|\n|upkeep\n|\n|t:|1776057462\n|switch|p1b: Rotom|Rotom-Wash, L50|62/100\n|turn|5\n|\n|t:|1776057471\n|move|p2a: Farigiraf|Helping Hand|p2b: Blastoise\n|-singleturn|p2b: Blastoise|Helping Hand|[of] p2a: Farigiraf\n|move|p2b: Blastoise|Water Spout|p1b: Rotom|[spread] p1a,p1b\n|-supereffective|p1a: Incineroar|1\n|-resisted|p1b: Rotom|1\n|-damage|p1a: Incineroar|0 fnt\n|-damage|p1b: Rotom|12/100\n|-enditem|p1b: Rotom|Sitrus Berry|[eat]\n|-heal|p1b: Rotom|37/100|[from] item: Sitrus Berry\n|faint|p1a: Incineroar\n|move|p1b: Rotom|Volt Switch|p2b: Blastoise\n|-supereffective|p2b: Blastoise|1\n|-damage|p2b: Blastoise|39/100\n|\n|t:|1776057483\n|switch|p1b: Gardevoir|Gardevoir-Mega, L50, F|39/100|[from] Volt Switch\n|\n|upkeep\n|\n|t:|1776057486\n|switch|p1a: Rotom|Rotom-Wash, L50|37/100\n|turn|6\n|\n|t:|1776057504\n|move|p1a: Rotom|Protect|p1a: Rotom\n|-singleturn|p1a: Rotom|Protect\n|move|p2b: Blastoise|Dark Pulse|p1b: Gardevoir\n|-damage|p1b: Gardevoir|3/100\n|move|p2a: Farigiraf|Trick Room|p2a: Farigiraf\n|-fieldstart|move: Trick Room|[of] p2a: Farigiraf\n|move|p1b: Gardevoir|Trick Room|p1b: Gardevoir\n|-fieldend|move: Trick Room\n|\n|-sideend|p2: SpiderKash|move: Tailwind\n|upkeep\n|turn|7\n|\n|t:|1776057527\n|move|p2b: Blastoise|Protect|p2b: Blastoise\n|-singleturn|p2b: Blastoise|Protect\n|move|p1b: Gardevoir|Hyper Voice|p2a: Farigiraf|[spread] p2a\n|-activate|p2b: Blastoise|move: Protect\n|-damage|p2a: Farigiraf|54/100\n|move|p1a: Rotom|Thunderbolt|p2b: Blastoise\n|-activate|p2b: Blastoise|move: Protect\n|move|p2a: Farigiraf|Dazzling Gleam|p1a: Rotom|[spread] p1a,p1b\n|-crit|p1a: Rotom\n|-damage|p1a: Rotom|15/100\n|-damage|p1b: Gardevoir|0 fnt\n|faint|p1b: Gardevoir\n|\n|upkeep\n|turn|8\n|inactive|MrTestingPith has 30 seconds left.\n|inactive|MrTestingPith has 20 seconds left.\n|inactive|MrTestingPith has 15 seconds left.\n|\n|t:|1776057570\n|move|p2b: Blastoise|Dark Pulse|p1a: Rotom\n|-damage|p1a: Rotom|0 fnt\n|faint|p1a: Rotom\n|\n|win|SpiderKash\n|raw|MrTestingPith's rating: 1398 &rarr; <strong>1384</strong><br />(-14 for losing)\n|raw|SpiderKash's rating: 1507 &rarr; <strong>1521</strong><br />(+14 for winning)\n|l|\u2606MrTestingPith\n|player|p1|\n",
  "uploadtime": 1776057576,
  "views": 77,
  "formatid": "gen9championsvgc2026regma",
  "rating": 1384,
  "private": 0,
  "password": null
}