{
  "id": "gen9championsvgc2026regma-2583984067",
  "format": "[Gen 9 Champions] VGC 2026 Reg M-A",
  "players": [
    "Samlex",
    "wdnmlgbyd"
  ],
  "log": "|j|\u2606Samlex\n|j|\u2606wdnmlgbyd\n|t:|1776214133\n|gametype|doubles\n|player|p1|Samlex|hilbert|1095\n|player|p2|wdnmlgbyd|channeler-lgpe|1122\n|gen|9\n|tier|[Gen 9 Champions] VGC 2026 Reg M-A\n|rated|\n|rule|Species Clause: Limit one of each Pok\u00e9mon\n|rule|Item Clause: Limit 1 of each item\n|clearpoke\n|poke|p1|Greninja-*, L50, M|\n|poke|p1|Gardevoir, L50, F|\n|poke|p1|Meowstic, L50, M|\n|poke|p1|Pelipper, L50, M|\n|poke|p1|Archaludon, L50, M|\n|poke|p1|Sneasler, L50, M|\n|poke|p2|Farigiraf, L50, F|\n|poke|p2|Incineroar, L50, M|\n|poke|p2|Golurk, L50|\n|poke|p2|Goodra-Hisui, L50, M|\n|poke|p2|Sinistcha-Masterpiece, L50|\n|poke|p2|Rotom-Wash, L50|\n|teampreview|4\n|\n|t:|1776214178\n|teamsize|p1|4\n|teamsize|p2|4\n|start\n|switch|p1a: Sneasler|Sneasler, L50, M|100/100\n|switch|p1b: Meowstic|Meowstic, L50, M|100/100\n|switch|p2a: Rotom|Rotom-Wash, L50|100/100\n|switch|p2b: Goodra|Goodra-Hisui, L50, M|100/100\n|turn|1\n|\n|t:|1776214202\n|move|p1a: Sneasler|Fake Out|p2a: Rotom\n|-damage|p2a: Rotom|80/100\n|move|p1b: Meowstic|Thunder Wave|p2b: Goodra\n|-status|p2b: Goodra|par\n|cant|p2a: Rotom|flinch\n|move|p2b: Goodra|Shelter|p2b: Goodra\n|-boost|p2b: Goodra|def|2\n|\n|upkeep\n|turn|2\n|\n|t:|1776214221\n|move|p2b: Goodra|Protect|p2b: Goodra\n|-singleturn|p2b: Goodra|Protect\n|move|p1b: Meowstic|Psychic Terrain|p1b: Meowstic\n|-fieldstart|move: Psychic Terrain\n|move|p2a: Rotom|Thunderbolt|p1b: Meowstic\n|-damage|p1b: Meowstic|59/100\n|move|p1a: Sneasler|Close Combat|p2b: Goodra\n|-activate|p2b: Goodra|move: Protect\n|\n|upkeep\n|turn|3\n|inactive|Battle timer is ON: inactive players will automatically lose when time's up. (requested by Samlex)\n|\n|t:|1776214239\n|move|p2a: Rotom|Thunderbolt|p1a: Sneasler\n|-damage|p1a: Sneasler|42/100\n|move|p1a: Sneasler|Close Combat|p2a: Rotom\n|-damage|p2a: Rotom|0 fnt\n|-unboost|p1a: Sneasler|def|1\n|-unboost|p1a: Sneasler|spd|1\n|faint|p2a: Rotom\n|-enditem|p1a: Sneasler|White Herb\n|-clearnegativeboost|p1a: Sneasler|[silent]\n|move|p1b: Meowstic|Expanding Force|p2b: Goodra\n|-resisted|p2b: Goodra|1\n|-damage|p2b: Goodra|85/100 par\n|move|p2b: Goodra|Substitute|p2b: Goodra\n|-start|p2b: Goodra|Substitute\n|-damage|p2b: Goodra|60/100 par\n|\n|-heal|p2b: Goodra|66/100 par|[from] item: Leftovers\n|upkeep\n|\n|t:|1776214258\n|switch|p2a: Sinistcha|Sinistcha-Masterpiece, L50|100/100\n|-heal|p2b: Goodra|91/100 par|[from] ability: Hospitality|[of] p2a: Sinistcha\n|turn|4\n|\n|t:|1776214279\n|move|p1a: Sneasler|Dire Claw|p2a: Sinistcha\n|-damage|p2a: Sinistcha|59/100\n|move|p1b: Meowstic|Expanding Force|p2a: Sinistcha|[spread] p2a,p2b\n|-resisted|p2b: Goodra|1\n|-activate|p2b: Goodra|move: Substitute|[damage]\n|-damage|p2a: Sinistcha|22/100\n|move|p2b: Goodra|Shelter|p2b: Goodra\n|-boost|p2b: Goodra|def|2\n|move|p2a: Sinistcha|Trick Room|p2a: Sinistcha\n|-fieldstart|move: Trick Room|[of] p2a: Sinistcha\n|\n|-heal|p2b: Goodra|97/100 par|[from] item: Leftovers\n|upkeep\n|turn|5\n|\n|t:|1776214296\n|move|p1a: Sneasler|Protect|p1a: Sneasler\n|-singleturn|p1a: Sneasler|Protect\n|cant|p2b: Goodra|par\n|move|p2a: Sinistcha|Life Dew|p2a: Sinistcha|[spread] p2a,p2b\n|-heal|p2a: Sinistcha|47/100\n|-heal|p2b: Goodra|100/100 par\n|move|p1b: Meowstic|Expanding Force|p2a: Sinistcha|[spread] p2a,p2b\n|-resisted|p2b: Goodra|1\n|-activate|p2b: Goodra|move: Substitute|[damage]\n|-damage|p2a: Sinistcha|11/100\n|\n|upkeep\n|turn|6\n|\n|t:|1776214318\n|switch|p1a: Pelipper|Pelipper, L50, M|100/100\n|-weather|RainDance|[from] ability: Drizzle|[of] p1a: Pelipper\n|move|p2b: Goodra|Body Press|p1a: Pelipper\n|-resisted|p1a: Pelipper|1\n|-damage|p1a: Pelipper|48/100\n|move|p2a: Sinistcha|Life Dew||[still]|[spread] p2a,p2b\n|-heal|p2a: Sinistcha|37/100\n|-fail|p2b: Goodra|heal\n|move|p1b: Meowstic|Expanding Force|p2a: Sinistcha|[spread] p2a,p2b\n|-resisted|p2b: Goodra|1\n|-end|p2b: Goodra|Substitute\n|-damage|p2a: Sinistcha|2/100\n|\n|-weather|RainDance|[upkeep]\n|-fieldend|move: Psychic Terrain\n|upkeep\n|turn|7\n|inactive|wdnmlgbyd has 30 seconds left.\n|\n|t:|1776214349\n|cant|p2b: Goodra|par\n|move|p2a: Sinistcha|Scald|p1b: Meowstic\n|-damage|p1b: Meowstic|25/100\n|move|p1a: Pelipper|Weather Ball|p2b: Goodra\n|-resisted|p2b: Goodra|1\n|-damage|p2b: Goodra|78/100 par\n|move|p1b: Meowstic|Expanding Force|p2b: Goodra\n|-resisted|p2b: Goodra|1\n|-damage|p2b: Goodra|69/100 par\n|\n|-weather|RainDance|[upkeep]\n|-heal|p2b: Goodra|74/100 par|[from] item: Leftovers\n|upkeep\n|turn|8\n|inactive|Samlex has 30 seconds left.\n|inactive|wdnmlgbyd has 30 seconds left.\n|inactive|Samlex has 20 seconds left.\n|inactive|Samlex has 15 seconds left.\n|\n|t:|1776214391\n|move|p1b: Meowstic|Psychic Terrain|p1b: Meowstic\n|-fieldstart|move: Psychic Terrain\n|move|p2b: Goodra|Body Press|p1a: Pelipper\n|-resisted|p1a: Pelipper|1\n|-damage|p1a: Pelipper|0 fnt\n|faint|p1a: Pelipper\n|move|p2a: Sinistcha|Life Dew|p2a: Sinistcha|[spread] p2a,p2b\n|-heal|p2a: Sinistcha|27/100\n|-heal|p2b: Goodra|99/100 par\n|\n|-weather|RainDance|[upkeep]\n|-heal|p2b: Goodra|100/100 par|[from] item: Leftovers\n|-fieldend|move: Trick Room\n|upkeep\n|\n|t:|1776214404\n|switch|p1a: Sneasler|Sneasler, L50, M|42/100\n|turn|9\n|\n|t:|1776214417\n|move|p1a: Sneasler|Close Combat|p2b: Goodra\n|-supereffective|p2b: Goodra|1\n|-damage|p2b: Goodra|66/100 par\n|-unboost|p1a: Sneasler|def|1\n|-unboost|p1a: Sneasler|spd|1\n|move|p1b: Meowstic|Expanding Force|p2b: Goodra|[spread] p2a,p2b\n|-resisted|p2b: Goodra|1\n|-damage|p2a: Sinistcha|0 fnt\n|-damage|p2b: Goodra|53/100 par\n|faint|p2a: Sinistcha\n|move|p2b: Goodra|Body Press|p1a: Sneasler\n|-resisted|p1a: Sneasler|1\n|-damage|p1a: Sneasler|0 fnt\n|faint|p1a: Sneasler\n|\n|-weather|RainDance|[upkeep]\n|-heal|p2b: Goodra|58/100 par|[from] item: Leftovers\n|upkeep\n|\n|t:|1776214433\n|switch|p1a: Greninja|Greninja, L50, M|100/100\n|switch|p2a: Golurk|Golurk, L50|100/100\n|turn|10\n|inactive|Samlex has 30 seconds left.\n|\n|t:|1776214462\n|detailschange|p1a: Greninja|Greninja-Mega, L50, M\n|-mega|p1a: Greninja|Greninja|Greninjite\n|detailschange|p2a: Golurk|Golurk-Mega, L50\n|-mega|p2a: Golurk|Golurk|Golurkite\n|move|p2a: Golurk|Protect|p2a: Golurk\n|-singleturn|p2a: Golurk|Protect\n|move|p1b: Meowstic|Rain Dance||[still]\n|-fail|p1b: Meowstic\n|move|p1a: Greninja|Surf|p2b: Goodra|[spread] p1b,p2b\n|-start|p1a: Greninja|typechange|Water|[from] ability: Protean\n|-activate|p2a: Golurk|move: Protect\n|-resisted|p2b: Goodra|1\n|-damage|p1b: Meowstic|0 fnt\n|-damage|p2b: Goodra|37/100 par\n|faint|p1b: Meowstic\n|move|p2b: Goodra|Body Press|p1a: Greninja\n|-damage|p1a: Greninja|0 fnt\n|faint|p1a: Greninja\n|\n|win|wdnmlgbyd\n|raw|Samlex's rating: 1095 &rarr; <strong>1073</strong><br />(-22 for losing)\n|raw|wdnmlgbyd's rating: 1122 &rarr; <strong>1145</strong><br />(+23 for winning)\n|l|\u2606Samlex\n|player|p1|\n",
  "uploadtime": 1776214492,
  "views": 23,
  "formatid": "gen9championsvgc2026regma",
  "rating": 1073,
  "private": 0,
  "password": null
}