{
  "id": "gen9championsvgc2026regma-2581770015",
  "format": "[Gen 9 Champions] VGC 2026 Reg M-A",
  "players": [
    "Libardo 123",
    "SavPass9"
  ],
  "log": "|j|\u2606Libardo 123\n|j|\u2606SavPass9\n|t:|1776027030\n|gametype|doubles\n|player|p1|Libardo 123|170|1037\n|player|p2|SavPass9|102|1078\n|gen|9\n|tier|[Gen 9 Champions] VGC 2026 Reg M-A\n|rated|\n|rule|Species Clause: Limit one of each Pok\u00e9mon\n|rule|Item Clause: Limit 1 of each item\n|clearpoke\n|poke|p1|Charizard, L50, M|\n|poke|p1|Venusaur, L50, F|\n|poke|p1|Garchomp, L50, M|\n|poke|p1|Incineroar, L50, F|\n|poke|p1|Gardevoir, L50, M|\n|poke|p1|Milotic, L50, M|\n|poke|p2|Gengar, L50, F|\n|poke|p2|Incineroar, L50, F|\n|poke|p2|Sinistcha, L50|\n|poke|p2|Tyranitar, L50, F|\n|poke|p2|Kingambit, L50, F|\n|poke|p2|Kommo-o, L50, M|\n|teampreview|4\n|\n|t:|1776027054\n|teamsize|p1|4\n|teamsize|p2|4\n|start\n|switch|p1a: Incineroar|Incineroar, L50, F|100/100\n|switch|p1b: Garchomp|Garchomp, L50, M|100/100\n|switch|p2a: Gengar|Gengar, L50, F|100/100\n|switch|p2b: Incineroar|Incineroar, L50, F|100/100\n|-ability|p2b: Incineroar|Intimidate|boost\n|-unboost|p1a: Incineroar|atk|1\n|-unboost|p1b: Garchomp|atk|1\n|-ability|p1a: Incineroar|Intimidate|boost\n|-unboost|p2a: Gengar|atk|1\n|-unboost|p2b: Incineroar|atk|1\n|-enditem|p1b: Garchomp|White Herb\n|-clearnegativeboost|p1b: Garchomp|[silent]\n|turn|1\n|c|\u2606Libardo 123|hi\n|\n|t:|1776027096\n|detailschange|p2a: Gengar|Gengar-Mega, L50, F\n|-mega|p2a: Gengar|Gengar|Gengarite\n|move|p2b: Incineroar|Fake Out|p1a: Incineroar\n|-damage|p1a: Incineroar|96/100\n|cant|p1a: Incineroar|flinch\n|move|p2a: Gengar|Perish Song|p2a: Gengar\n|-start|p1a: Incineroar|perish3|[silent]\n|-start|p1b: Garchomp|perish3|[silent]\n|-start|p2a: Gengar|perish3|[silent]\n|-start|p2b: Incineroar|perish3|[silent]\n|-fieldactivate|move: Perish Song\n|move|p1b: Garchomp|Stomping Tantrum|p2a: Gengar\n|-supereffective|p2a: Gengar|1\n|-damage|p2a: Gengar|3/100\n|\n|-start|p2a: Gengar|perish3\n|-start|p1b: Garchomp|perish3\n|-start|p2b: Incineroar|perish3\n|-start|p1a: Incineroar|perish3\n|upkeep\n|turn|2\n|\n|t:|1776027117\n|move|p2a: Gengar|Protect|p2a: Gengar\n|-singleturn|p2a: Gengar|Protect\n|move|p2b: Incineroar|Protect|p2b: Incineroar\n|-singleturn|p2b: Incineroar|Protect\n|move|p1b: Garchomp|Stomping Tantrum|p2b: Incineroar\n|-activate|p2b: Incineroar|move: Protect\n|move|p1a: Incineroar|Throat Chop|p2a: Gengar\n|-activate|p2a: Gengar|move: Protect\n|\n|-start|p2a: Gengar|perish2\n|-start|p1b: Garchomp|perish2\n|-start|p2b: Incineroar|perish2\n|-start|p1a: Incineroar|perish2\n|upkeep\n|turn|3\n|\n|t:|1776027137\n|switch|p2a: Kingambit|Kingambit, L50, F|100/100\n|move|p1b: Garchomp|Stomping Tantrum|p2b: Incineroar\n|-supereffective|p2b: Incineroar|1\n|-enditem|p2b: Incineroar|Shuca Berry|[eat]\n|-enditem|p2b: Incineroar|Shuca Berry|[weaken]\n|-damage|p2b: Incineroar|67/100\n|move|p2b: Incineroar|Parting Shot|p1b: Garchomp\n|-unboost|p1b: Garchomp|atk|1\n|-unboost|p1b: Garchomp|spa|1\n|\n|t:|1776027153\n|switch|p2b: Gengar|Gengar-Mega, L50, F|3/100|[from] Parting Shot\n|move|p1a: Incineroar|Throat Chop|p2a: Kingambit\n|-resisted|p2a: Kingambit|1\n|-damage|p2a: Kingambit|93/100\n|-start|p2a: Kingambit|Throat Chop|[silent]\n|\n|-start|p1b: Garchomp|perish1\n|-start|p1a: Incineroar|perish1\n|upkeep\n|turn|4\n|\n|t:|1776027168\n|move|p2b: Gengar|Protect|p2b: Gengar\n|-singleturn|p2b: Gengar|Protect\n|move|p2a: Kingambit|Protect|p2a: Kingambit\n|-singleturn|p2a: Kingambit|Protect\n|move|p1b: Garchomp|Stomping Tantrum|p2a: Kingambit\n|-activate|p2a: Kingambit|move: Protect\n|move|p1a: Incineroar|Flare Blitz|p2a: Kingambit\n|-activate|p2a: Kingambit|move: Protect\n|\n|-end|p2a: Kingambit|Throat Chop|[silent]\n|-start|p1b: Garchomp|perish0\n|-start|p1a: Incineroar|perish0\n|faint|p1b: Garchomp\n|faint|p1a: Incineroar\n|upkeep\n|\n|t:|1776027180\n|switch|p1b: Venusaur|Venusaur, L50, F|100/100\n|switch|p1a: Charizard|Charizard, L50, M|100/100\n|turn|5\n|\n|t:|1776027196\n|detailschange|p1a: Charizard|Charizard-Mega-Y, L50, M\n|-mega|p1a: Charizard|Charizard|Charizardite Y\n|-weather|SunnyDay|[from] ability: Drought|[of] p1a: Charizard\n|move|p1b: Venusaur|Protect|p1b: Venusaur\n|-singleturn|p1b: Venusaur|Protect\n|move|p2b: Gengar|Perish Song|p2b: Gengar\n|-start|p1a: Charizard|perish3|[silent]\n|-start|p1b: Venusaur|perish3|[silent]\n|-start|p2a: Kingambit|perish3|[silent]\n|-start|p2b: Gengar|perish3|[silent]\n|-fieldactivate|move: Perish Song\n|move|p1a: Charizard|Heat Wave|p2b: Gengar|[spread] p2a,p2b\n|-supereffective|p2a: Kingambit|1\n|-damage|p2a: Kingambit|0 fnt\n|-damage|p2b: Gengar|0 fnt\n|faint|p2a: Kingambit\n|faint|p2b: Gengar\n|\n|-weather|SunnyDay|[upkeep]\n|-start|p1b: Venusaur|perish3\n|-start|p1a: Charizard|perish3\n|upkeep\n|\n|t:|1776027205\n|switch|p2b: Incineroar|Incineroar, L50, F|67/100\n|switch|p2a: Tyranitar|Tyranitar, L50, F|100/100\n|-weather|Sandstorm|[from] ability: Sand Stream|[of] p2a: Tyranitar\n|-ability|p2b: Incineroar|Intimidate|boost\n|-unboost|p1a: Charizard|atk|1\n|-unboost|p1b: Venusaur|atk|1\n|turn|6\n|\n|t:|1776027231\n|move|p2b: Incineroar|Fake Out|p1b: Venusaur\n|-damage|p1b: Venusaur|85/100\n|move|p2a: Tyranitar|Rock Slide|p1a: Charizard|[spread] p1a,p1b\n|-supereffective|p1a: Charizard|2\n|-damage|p1a: Charizard|0 fnt\n|-damage|p1b: Venusaur|43/100\n|faint|p1a: Charizard\n|cant|p1b: Venusaur|flinch\n|\n|-weather|Sandstorm|[upkeep]\n|-damage|p1b: Venusaur|37/100|[from] Sandstorm\n|-damage|p2b: Incineroar|61/100|[from] Sandstorm\n|-start|p1b: Venusaur|perish2\n|upkeep\n|turn|7\n|-message|Libardo 123 forfeited.\n|\n|win|SavPass9\n|raw|Libardo 123's rating: 1037 &rarr; <strong>1023</strong><br />(-14 for losing)\n|raw|SavPass9's rating: 1078 &rarr; <strong>1103</strong><br />(+25 for winning)\n|l|\u2606Libardo 123\n|player|p1|\n",
  "uploadtime": 1776027247,
  "views": 13,
  "formatid": "gen9championsvgc2026regma",
  "rating": 1023,
  "private": 0,
  "password": null
}