{
  "id": "gen9championsvgc2026regma-2583894684",
  "format": "[Gen 9 Champions] VGC 2026 Reg M-A",
  "players": [
    "chichinitz",
    "novvva"
  ],
  "log": "|j|\u2606chichinitz\n|j|\u2606novvva\n|t:|1776206199\n|gametype|doubles\n|player|p1|chichinitz|psychic-gen4|1209\n|player|p2|novvva|170|1303\n|gen|9\n|tier|[Gen 9 Champions] VGC 2026 Reg M-A\n|rated|\n|rule|Species Clause: Limit one of each Pok\u00e9mon\n|rule|Item Clause: Limit 1 of each item\n|clearpoke\n|poke|p1|Meganium, L50, F|\n|poke|p1|Pelipper, L50, M|\n|poke|p1|Archaludon, L50, F|\n|poke|p1|Sinistcha, L50|\n|poke|p1|Aerodactyl, L50, F|\n|poke|p1|Kangaskhan, L50, F|\n|poke|p2|Sableye, L50, F|\n|poke|p2|Serperior, L50, M|\n|poke|p2|Pelipper, L50, F|\n|poke|p2|Incineroar, L50, M|\n|poke|p2|Archaludon, L50, F|\n|poke|p2|Blastoise, L50, M|\n|teampreview|4\n|\n|t:|1776206236\n|teamsize|p1|4\n|teamsize|p2|4\n|start\n|switch|p1a: Pelipper|Pelipper, L50, M|100/100\n|switch|p1b: Archaludon|Archaludon, L50, F|100/100\n|switch|p2a: Sableye|Sableye, L50, F|100/100\n|switch|p2b: Blastoise|Blastoise, L50, M|100/100\n|-weather|RainDance|[from] ability: Drizzle|[of] p1a: Pelipper\n|turn|1\n|\n|t:|1776206284\n|switch|p2b: Incineroar|Incineroar, L50, M|100/100\n|-ability|p2b: Incineroar|Intimidate|boost\n|-unboost|p1a: Pelipper|atk|1\n|-unboost|p1b: Archaludon|atk|1\n|move|p1a: Pelipper|Hurricane|p2b: Incineroar\n|-damage|p2b: Incineroar|60/100\n|move|p1b: Archaludon|Electro Shot||[still]\n|-prepare|p1b: Archaludon|Electro Shot\n|-boost|p1b: Archaludon|spa|1\n|-anim|p1b: Archaludon|Electro Shot|p2b: Incineroar\n|-crit|p2b: Incineroar\n|-damage|p2b: Incineroar|0 fnt\n|faint|p2b: Incineroar\n|move|p2a: Sableye|Mud-Slap|p1b: Archaludon\n|-supereffective|p1b: Archaludon|1\n|-damage|p1b: Archaludon|93/100\n|-unboost|p1b: Archaludon|accuracy|1\n|\n|-weather|RainDance|[upkeep]\n|upkeep\n|\n|t:|1776206302\n|switch|p2b: Archaludon|Archaludon, L50, F|100/100\n|turn|2\n|\n|t:|1776206329\n|move|p2a: Sableye|Quash|p1b: Archaludon\n|-activate|p1b: Archaludon|move: Quash\n|move|p1a: Pelipper|Tailwind|p1a: Pelipper\n|-sidestart|p1: chichinitz|move: Tailwind\n|move|p2b: Archaludon|Draco Meteor|p1b: Archaludon\n|-damage|p1b: Archaludon|20/100\n|-unboost|p2b: Archaludon|spa|2\n|-enditem|p1b: Archaludon|Sitrus Berry|[eat]\n|-heal|p1b: Archaludon|45/100|[from] item: Sitrus Berry\n|-enditem|p2b: Archaludon|White Herb\n|-clearnegativeboost|p2b: Archaludon|[silent]\n|move|p1b: Archaludon|Draco Meteor|p2b: Archaludon\n|-damage|p2b: Archaludon|10/100\n|-unboost|p1b: Archaludon|spa|2\n|-ability|p2b: Archaludon|Stamina|boost\n|-boost|p2b: Archaludon|def|1\n|\n|-weather|RainDance|[upkeep]\n|upkeep\n|turn|3\n|\n|t:|1776206355\n|move|p2b: Archaludon|Protect|p2b: Archaludon\n|-singleturn|p2b: Archaludon|Protect\n|move|p2a: Sableye|Encore|p1a: Pelipper\n|-start|p1a: Pelipper|Encore\n|move|p1a: Pelipper|Tailwind||[still]\n|-fail|p1a: Pelipper\n|move|p1b: Archaludon|Electro Shot||[still]\n|-prepare|p1b: Archaludon|Electro Shot\n|-boost|p1b: Archaludon|spa|1\n|-anim|p1b: Archaludon|Electro Shot|p2b: Archaludon\n|-activate|p2b: Archaludon|move: Protect\n|\n|-weather|RainDance|[upkeep]\n|upkeep\n|turn|4\n|\n|t:|1776206391\n|switch|p1a: Sinistcha|Sinistcha, L50|100/100\n|-heal|p1b: Archaludon|70/100|[from] ability: Hospitality|[of] p1a: Sinistcha\n|move|p2a: Sableye|Quash|p1b: Archaludon\n|-activate|p1b: Archaludon|move: Quash\n|move|p2b: Archaludon|Electro Shot||[still]\n|-prepare|p2b: Archaludon|Electro Shot\n|-boost|p2b: Archaludon|spa|1\n|-anim|p2b: Archaludon|Electro Shot|p1a: Sinistcha\n|-resisted|p1a: Sinistcha|1\n|-damage|p1a: Sinistcha|65/100\n|move|p1b: Archaludon|Electro Shot||[still]\n|-prepare|p1b: Archaludon|Electro Shot\n|-boost|p1b: Archaludon|spa|1\n|-anim|p1b: Archaludon|Electro Shot|p2a: Sableye\n|-damage|p2a: Sableye|31/100\n|\n|-weather|RainDance|[upkeep]\n|-heal|p2a: Sableye|37/100|[from] item: Leftovers\n|upkeep\n|turn|5\n|\n|t:|1776206425\n|move|p1b: Archaludon|Protect|p1b: Archaludon\n|-singleturn|p1b: Archaludon|Protect\n|move|p1a: Sinistcha|Matcha Gotcha|p2b: Archaludon|[spread] p2a,p2b\n|-resisted|p2b: Archaludon|2\n|-damage|p2a: Sableye|8/100\n|-heal|p1a: Sinistcha|77/100|[from] drain|[of] p2a: Sableye\n|-damage|p2b: Archaludon|3/100\n|-heal|p1a: Sinistcha|81/100|[from] drain|[of] p2b: Archaludon\n|-status|p2a: Sableye|brn\n|-ability|p2b: Archaludon|Stamina|boost\n|-boost|p2b: Archaludon|def|1\n|move|p2b: Archaludon|Draco Meteor|p1a: Sinistcha\n|-damage|p1a: Sinistcha|0 fnt\n|-unboost|p2b: Archaludon|spa|2\n|faint|p1a: Sinistcha\n|move|p2a: Sableye|Mud-Slap|p1b: Archaludon\n|-activate|p1b: Archaludon|move: Protect\n|\n|-weather|none\n|-heal|p2a: Sableye|13/100 brn|[from] item: Leftovers\n|-damage|p2a: Sableye|8/100 brn|[from] brn\n|-sideend|p1: chichinitz|move: Tailwind\n|upkeep\n|\n|t:|1776206455\n|switch|p1a: Pelipper|Pelipper, L50, M|100/100\n|-weather|RainDance|[from] ability: Drizzle|[of] p1a: Pelipper\n|turn|6\n|\n|t:|1776206466\n|move|p2b: Archaludon|Protect|p2b: Archaludon\n|-singleturn|p2b: Archaludon|Protect\n|move|p2a: Sableye|Encore|p1b: Archaludon\n|-start|p1b: Archaludon|Encore\n|move|p1b: Archaludon|Protect|p1b: Archaludon\n|-singleturn|p1b: Archaludon|Protect\n|move|p1a: Pelipper|Hurricane|p2b: Archaludon\n|-activate|p2b: Archaludon|move: Protect\n|\n|-weather|RainDance|[upkeep]\n|-heal|p2a: Sableye|13/100 brn|[from] item: Leftovers\n|-damage|p2a: Sableye|8/100 brn|[from] brn\n|upkeep\n|turn|7\n|l|\u2606novvva\n|player|p2|\n|j|\u2606novvva\n|player|p2|novvva|170|\n|\n|t:|1776206490\n|switch|p1b: Meganium|Meganium, L50, F|100/100\n|move|p2a: Sableye|Quash|p1a: Pelipper\n|-activate|p1a: Pelipper|move: Quash\n|move|p2b: Archaludon|Electro Shot||[still]\n|-prepare|p2b: Archaludon|Electro Shot\n|-boost|p2b: Archaludon|spa|1\n|-anim|p2b: Archaludon|Electro Shot|p1a: Pelipper\n|-supereffective|p1a: Pelipper|2\n|-enditem|p1a: Pelipper|Focus Sash\n|-damage|p1a: Pelipper|1/100\n|move|p1a: Pelipper|Hurricane|p2b: Archaludon\n|-resisted|p2b: Archaludon|1\n|-damage|p2b: Archaludon|0 fnt\n|faint|p2b: Archaludon\n|\n|-weather|RainDance|[upkeep]\n|-heal|p2a: Sableye|13/100 brn|[from] item: Leftovers\n|-damage|p2a: Sableye|8/100 brn|[from] brn\n|upkeep\n|\n|t:|1776206508\n|switch|p2b: Blastoise|Blastoise, L50, M|100/100\n|turn|8\n|\n|t:|1776206552\n|detailschange|p1b: Meganium|Meganium-Mega, L50, F\n|-mega|p1b: Meganium|Meganium|Meganiumite\n|detailschange|p2b: Blastoise|Blastoise-Mega, L50, M\n|-mega|p2b: Blastoise|Blastoise|Blastoisinite\n|move|p2a: Sableye|Quash|p1b: Meganium\n|-activate|p1b: Meganium|move: Quash\n|move|p1a: Pelipper|Tailwind|p1a: Pelipper\n|-sidestart|p1: chichinitz|move: Tailwind\n|move|p2b: Blastoise|Water Pulse|p1b: Meganium\n|-resisted|p1b: Meganium|1\n|-damage|p1b: Meganium|67/100\n|move|p1b: Meganium|Dazzling Gleam|p2b: Blastoise|[spread] p2a,p2b\n|-supereffective|p2a: Sableye|1\n|-damage|p2a: Sableye|0 fnt\n|-damage|p2b: Blastoise|68/100\n|faint|p2a: Sableye\n|\n|-weather|RainDance|[upkeep]\n|upkeep\n|turn|9\n|\n|t:|1776206577\n|move|p1a: Pelipper|Hurricane|p2b: Blastoise\n|-damage|p2b: Blastoise|23/100\n|-start|p2b: Blastoise|confusion\n|move|p1b: Meganium|Solar Beam||[still]\n|-prepare|p1b: Meganium|Solar Beam\n|-activate|p1b: Meganium|ability: Mega Sol\n|-anim|p1b: Meganium|Solar Beam|p2b: Blastoise\n|-supereffective|p2b: Blastoise|1\n|-damage|p2b: Blastoise|0 fnt\n|faint|p2b: Blastoise\n|\n|win|chichinitz\n|raw|chichinitz's rating: 1209 &rarr; <strong>1241</strong><br />(+32 for winning)\n|raw|novvva's rating: 1303 &rarr; <strong>1278</strong><br />(-25 for losing)\n|l|\u2606chichinitz\n|player|p1|\n|l|\u2606novvva\n|player|p2|\n|j|\u2606chichinitz\n|player|p1|chichinitz|psychic-gen4|\n",
  "uploadtime": 1776206751,
  "views": 31,
  "formatid": "gen9championsvgc2026regma",
  "rating": 1241,
  "private": 0,
  "password": null
}