{
  "id": "gen9championsvgc2026regma-2581115581",
  "format": "[Gen 9 Champions] VGC 2026 Reg M-A",
  "players": [
    "SpiderKash",
    "tf2026"
  ],
  "log": "|j|\u2606SpiderKash\n|j|\u2606tf2026\n|t:|1775961343\n|gametype|doubles\n|player|p1|SpiderKash|2|1393\n|player|p2|tf2026|2|1327\n|gen|9\n|tier|[Gen 9 Champions] VGC 2026 Reg M-A\n|rated|\n|rule|Species Clause: Limit one of each Pok\u00e9mon\n|rule|Item Clause: Limit 1 of each item\n|clearpoke\n|poke|p1|Charizard, L50, F|\n|poke|p1|Incineroar, L50, M|\n|poke|p1|Dragapult, L50, M|\n|poke|p1|Sneasler, L50, M|\n|poke|p1|Whimsicott, L50, M|\n|poke|p1|Floette-Eternal, L50, F|\n|poke|p2|Froslass, L50, F|\n|poke|p2|Milotic, L50, M|\n|poke|p2|Azumarill, L50, F|\n|poke|p2|Sinistcha-Masterpiece, L50|\n|poke|p2|Sneasler, L50, M|\n|poke|p2|Whimsicott, L50, F|\n|teampreview|4\n|inactive|Battle timer is ON: inactive players will automatically lose when time's up. (requested by SpiderKash)\n|\n|t:|1775961364\n|teamsize|p1|4\n|teamsize|p2|4\n|start\n|switch|p1a: Dragapult|Dragapult, L50, M|100/100\n|switch|p1b: Sneasler|Sneasler, L50, M|100/100\n|switch|p2a: Froslass|Froslass, L50, F|100/100\n|switch|p2b: Whimsicott|Whimsicott, L50, F|100/100\n|turn|1\n|inactive|SpiderKash has 30 seconds left.\n|\n|t:|1775961395\n|move|p2b: Whimsicott|Protect|p2b: Whimsicott\n|-singleturn|p2b: Whimsicott|Protect\n|move|p2a: Froslass|Protect|p2a: Froslass\n|-singleturn|p2a: Froslass|Protect\n|move|p1a: Dragapult|Phantom Force||[still]\n|-prepare|p1a: Dragapult|Phantom Force\n|move|p1b: Sneasler|Dire Claw|p2b: Whimsicott\n|-activate|p2b: Whimsicott|move: Protect\n|\n|upkeep\n|turn|2\n|\n|t:|1775961407\n|switch|p2a: Milotic|Milotic, L50, M|100/100\n|move|p1b: Sneasler|Protect|p1b: Sneasler\n|-singleturn|p1b: Sneasler|Protect\n|move|p1a: Dragapult|Phantom Force|p2a: Milotic|[from] lockedmove\n|-damage|p2a: Milotic|49/100\n|move|p2b: Whimsicott|Moonblast|p1a: Dragapult\n|-supereffective|p1a: Dragapult|1\n|-damage|p1a: Dragapult|0 fnt\n|faint|p1a: Dragapult\n|\n|-heal|p2a: Milotic|55/100|[from] item: Leftovers\n|upkeep\n|\n|t:|1775961415\n|switch|p1a: Floette|Floette-Eternal, L50, F|100/100\n|turn|3\n|inactive|tf2026 has 30 seconds left.\n|\n|t:|1775961441\n|detailschange|p1a: Floette|Floette-Mega, L50, F\n|-mega|p1a: Floette|Floette|Floettite\n|-ability|p1a: Floette|Fairy Aura\n|move|p2b: Whimsicott|Taunt|p1a: Floette\n|-start|p1a: Floette|move: Taunt\n|move|p1b: Sneasler|Dire Claw|p2b: Whimsicott\n|-supereffective|p2b: Whimsicott|2\n|-enditem|p2b: Whimsicott|Focus Sash\n|-damage|p2b: Whimsicott|1/100\n|move|p1a: Floette|Dazzling Gleam|p2b: Whimsicott|[spread] p2a,p2b\n|-damage|p2a: Milotic|19/100\n|-damage|p2b: Whimsicott|0 fnt\n|faint|p2b: Whimsicott\n|move|p2a: Milotic|Muddy Water|p1b: Sneasler|[spread] p1a,p1b\n|-damage|p1a: Floette|72/100\n|-damage|p1b: Sneasler|57/100\n|-unboost|p1b: Sneasler|accuracy|1\n|-enditem|p1b: Sneasler|White Herb\n|-clearnegativeboost|p1b: Sneasler|[silent]\n|\n|-heal|p2a: Milotic|25/100|[from] item: Leftovers\n|upkeep\n|\n|t:|1775961452\n|switch|p2b: Froslass|Froslass, L50, F|100/100\n|turn|4\n|\n|t:|1775961472\n|move|p1b: Sneasler|Protect|p1b: Sneasler\n|-singleturn|p1b: Sneasler|Protect\n|move|p2b: Froslass|Blizzard|p1b: Sneasler|[spread] p1a\n|-activate|p1b: Sneasler|move: Protect\n|-damage|p1a: Floette|44/100\n|move|p1a: Floette|Moonblast|p2b: Froslass\n|-damage|p2b: Froslass|0 fnt\n|faint|p2b: Froslass\n|move|p2a: Milotic|Muddy Water|p1b: Sneasler|[spread] p1a\n|-activate|p1b: Sneasler|move: Protect\n|-damage|p1a: Floette|18/100\n|\n|-heal|p2a: Milotic|31/100|[from] item: Leftovers\n|upkeep\n|\n|t:|1775961474\n|switch|p2b: Sneasler|Sneasler, L50, M|100/100\n|turn|5\n|\n|t:|1775961483\n|move|p1b: Sneasler|Close Combat|p2a: Milotic\n|-damage|p2a: Milotic|0 fnt\n|-unboost|p1b: Sneasler|def|1\n|-unboost|p1b: Sneasler|spd|1\n|faint|p2a: Milotic\n|move|p2b: Sneasler|Dire Claw|p1a: Floette\n|-supereffective|p1a: Floette|1\n|-damage|p1a: Floette|0 fnt\n|faint|p1a: Floette\n|\n|upkeep\n|\n|t:|1775961486\n|switch|p1a: Whimsicott|Whimsicott, L50, M|100/100\n|turn|6\n|\n|t:|1775961494\n|move|p1b: Sneasler|Close Combat|p2b: Sneasler\n|-resisted|p2b: Sneasler|1\n|-damage|p2b: Sneasler|42/100\n|-unboost|p1b: Sneasler|def|1\n|-unboost|p1b: Sneasler|spd|1\n|move|p2b: Sneasler|Close Combat|p1b: Sneasler\n|-resisted|p1b: Sneasler|1\n|-damage|p1b: Sneasler|0 fnt\n|-unboost|p2b: Sneasler|def|1\n|-unboost|p2b: Sneasler|spd|1\n|faint|p1b: Sneasler\n|-enditem|p2b: Sneasler|White Herb\n|-clearnegativeboost|p2b: Sneasler|[silent]\n|move|p1a: Whimsicott|Moonblast|p2b: Sneasler\n|-damage|p2b: Sneasler|0 fnt\n|faint|p2b: Sneasler\n|\n|win|SpiderKash\n|raw|SpiderKash's rating: 1393 &rarr; <strong>1409</strong><br />(+16 for winning)\n|raw|tf2026's rating: 1327 &rarr; <strong>1311</strong><br />(-16 for losing)\n|l|\u2606SpiderKash\n|player|p1|\n|l|\u2606tf2026\n|player|p2|\n",
  "uploadtime": 1775962223,
  "views": 42,
  "formatid": "gen9championsvgc2026regma",
  "rating": 1311,
  "private": 0,
  "password": null
}