{
  "id": "gen9championsvgc2026regma-2580313459",
  "format": "[Gen 9 Champions] VGC 2026 Reg M-A",
  "players": [
    "mihu3",
    "eriksp"
  ],
  "log": "|j|\u2606mihu3\n|j|\u2606eriksp\n|t:|1775879247\n|gametype|doubles\n|player|p1|mihu3|102|1000\n|player|p2|eriksp|cynthia-masters4|1047\n|gen|9\n|tier|[Gen 9 Champions] VGC 2026 Reg M-A\n|rated|\n|rule|Species Clause: Limit one of each Pok\u00e9mon\n|rule|Item Clause: Limit 1 of each item\n|clearpoke\n|poke|p1|Charizard, L50, F|\n|poke|p1|Incineroar, L50, F|\n|poke|p1|Sneasler, L50, M|\n|poke|p1|Whimsicott, L50, F|\n|poke|p1|Rotom-Wash, L50|\n|poke|p1|Ninetales-Alola, L50, F|\n|poke|p2|Charizard, L50, F|\n|poke|p2|Venusaur, L50, M|\n|poke|p2|Gardevoir, L50, F|\n|poke|p2|Garchomp, L50, F|\n|poke|p2|Incineroar, L50, F|\n|poke|p2|Sneasler, L50, M|\n|teampreview|4\nmihu3 rejected open team sheets.\n|inactive|Battle timer is ON: inactive players will automatically lose when time's up. (requested by mihu3)\n|inactive|mihu3 has 60 seconds left.\n|inactive|eriksp has 60 seconds left.\n|inactive|eriksp has 30 seconds left.\n|inactive|eriksp has 20 seconds left.\n|inactive|eriksp has 15 seconds left.\n|inactive|eriksp has 10 seconds left.\n|\n|t:|1775879335\n|teamsize|p1|4\n|teamsize|p2|4\n|start\n|switch|p1a: Charizard|Charizard, L50, F|100/100\n|switch|p1b: Incineroar|Incineroar, L50, F|100/100\n|switch|p2a: Sneasler|Sneasler, L50, M|100/100\n|switch|p2b: Charizard|Charizard, L50, F|100/100\n|-ability|p1b: Incineroar|Intimidate|boost\n|-unboost|p2a: Sneasler|atk|1\n|-unboost|p2b: Charizard|atk|1\n|-enditem|p2a: Sneasler|White Herb\n|-clearnegativeboost|p2a: Sneasler|[silent]\n|turn|1\n|inactive|mihu3 has 30 seconds left.\n|inactive|mihu3 has 20 seconds left.\n|\n|t:|1775879372\n|switch|p2b: Garchomp|Garchomp, L50, F|100/100\n|switch|p1b: Ninetales|Ninetales-Alola, L50, F|100/100\n|-weather|Snowscape|[from] ability: Snow Warning|[of] p1b: Ninetales\n|detailschange|p1a: Charizard|Charizard-Mega-X, L50, F\n|-mega|p1a: Charizard|Charizard|Charizardite X\n|move|p2a: Sneasler|Fake Out|p1a: Charizard\n|-damage|p1a: Charizard|87/100\n|cant|p1a: Charizard|flinch\n|\n|-weather|Snowscape|[upkeep]\n|upkeep\n|turn|2\n|inactive|mihu3 has 30 seconds left.\n|inactive|eriksp has 30 seconds left.\n|inactive|mihu3 has 20 seconds left.\n|inactive|mihu3 has 15 seconds left.\n|\n|t:|1775879415\n|move|p2b: Garchomp|Protect|p2b: Garchomp\n|-singleturn|p2b: Garchomp|Protect\n|move|p1a: Charizard|Protect|p1a: Charizard\n|-singleturn|p1a: Charizard|Protect\n|move|p2a: Sneasler|Dire Claw|p1b: Ninetales\n|-supereffective|p1b: Ninetales|1\n|-damage|p1b: Ninetales|21/100\n|-status|p1b: Ninetales|psn\n|-enditem|p1b: Ninetales|Lum Berry|[eat]\n|-curestatus|p1b: Ninetales|psn|[msg]\n|move|p1b: Ninetales|Aurora Veil|p1b: Ninetales\n|-sidestart|p1: mihu3|move: Aurora Veil\n|\n|-weather|Snowscape|[upkeep]\n|upkeep\n|turn|3\n|inactive|mihu3 has 30 seconds left.\n|\n|t:|1775879443\n|move|p1b: Ninetales|Protect|p1b: Ninetales\n|-singleturn|p1b: Ninetales|Protect\n|move|p2a: Sneasler|Dire Claw|p1b: Ninetales\n|-activate|p1b: Ninetales|move: Protect\n|move|p2b: Garchomp|Dragon Claw|p1a: Charizard\n|-supereffective|p1a: Charizard|1\n|-damage|p1a: Charizard|37/100\n|move|p1a: Charizard|Dragon Claw|p2b: Garchomp\n|-supereffective|p2b: Garchomp|1\n|-damage|p2b: Garchomp|2/100\n|-damage|p1a: Charizard|25/100|[from] ability: Rough Skin|[of] p2b: Garchomp\n|\n|-weather|Snowscape|[upkeep]\n|upkeep\n|turn|4\n|inactive|mihu3 has 30 seconds left.\n|\n|t:|1775879469\n|switch|p1b: Sneasler|Sneasler, L50, M|100/100\n|move|p1a: Charizard|Protect|p1a: Charizard\n|-singleturn|p1a: Charizard|Protect\n|move|p2a: Sneasler|Dire Claw|p1b: Sneasler\n|-resisted|p1b: Sneasler|1\n|-damage|p1b: Sneasler|76/100\n|move|p2b: Garchomp|Dragon Claw|p1a: Charizard\n|-activate|p1a: Charizard|move: Protect\n|\n|-weather|Snowscape|[upkeep]\n|upkeep\n|turn|5\n|\n|t:|1775879491\n|move|p1b: Sneasler|Fake Out|p2a: Sneasler\n|-damage|p2a: Sneasler|77/100\n|cant|p2a: Sneasler|flinch\n|move|p2b: Garchomp|Dragon Claw|p1b: Sneasler\n|-damage|p1b: Sneasler|27/100\n|move|p1a: Charizard|Flare Blitz|p2a: Sneasler\n|-damage|p2a: Sneasler|0 fnt\n|faint|p2a: Sneasler\n|-damage|p1a: Charizard|3/100|[from] Recoil\n|\n|-weather|none\n|upkeep\n|\n|t:|1775879496\n|switch|p2a: Charizard|Charizard, L50, F|100/100\n|turn|6\n|inactive|mihu3 has 30 seconds left.\n|inactive|mihu3 has 20 seconds left.\n|inactive|mihu3 has 15 seconds left.\n|\n|t:|1775879539\n|move|p1a: Charizard|Protect|p1a: Charizard\n|-singleturn|p1a: Charizard|Protect\n|move|p2a: Charizard|Protect|p2a: Charizard\n|-singleturn|p2a: Charizard|Protect\n|move|p1b: Sneasler|Dire Claw|p2b: Garchomp\n|-resisted|p2b: Garchomp|1\n|-crit|p2b: Garchomp\n|-damage|p2b: Garchomp|0 fnt\n|-damage|p1b: Sneasler|15/100|[from] ability: Rough Skin|[of] p2b: Garchomp\n|faint|p2b: Garchomp\n|\n|-sideend|p1: mihu3|move: Aurora Veil\n|upkeep\n|\n|t:|1775879554\n|switch|p2b: Incineroar|Incineroar, L50, F|100/100\n|-ability|p2b: Incineroar|Intimidate|boost\n|-unboost|p1a: Charizard|atk|1\n|-unboost|p1b: Sneasler|atk|1\n|-enditem|p1b: Sneasler|White Herb\n|-clearnegativeboost|p1b: Sneasler|[silent]\n|turn|7\n|\n|t:|1775879566\n|switch|p1a: Incineroar|Incineroar, L50, F|100/100\n|-ability|p1a: Incineroar|Intimidate|boost\n|-unboost|p2a: Charizard|atk|1\n|-unboost|p2b: Incineroar|atk|1\n|move|p2b: Incineroar|Fake Out|p1b: Sneasler\n|-damage|p1b: Sneasler|2/100\n|cant|p1b: Sneasler|flinch\n|move|p2a: Charizard|Heat Wave|p1b: Sneasler|[spread] p1a\n|-miss|p2a: Charizard|p1b: Sneasler\n|-resisted|p1a: Incineroar|1\n|-damage|p1a: Incineroar|85/100\n|\n|upkeep\n|turn|8\n|-message|eriksp forfeited.\n|\n|win|mihu3\n|raw|mihu3's rating: 1000 &rarr; <strong>1045</strong><br />(+45 for winning)\n|raw|eriksp's rating: 1047 &rarr; <strong>1028</strong><br />(-19 for losing)\n",
  "uploadtime": 1775879577,
  "views": 12,
  "formatid": "gen9championsvgc2026regma",
  "rating": 1028,
  "private": 0,
  "password": null
}