{
  "id": "gen9championsvgc2026regma-2587281828",
  "format": "[Gen 9 Champions] VGC 2026 Reg M-A",
  "players": [
    "JesHX11",
    "lobbychatlagsmypc"
  ],
  "log": "|j|\u2606JesHX11\n|j|\u2606lobbychatlagsmypc\n|t:|1776517954\n|gametype|doubles\n|player|p1|JesHX11|101|1157\n|player|p2|lobbychatlagsmypc|266|1187\n|gen|9\n|tier|[Gen 9 Champions] VGC 2026 Reg M-A\n|rated|\n|rule|Species Clause: Limit one of each Pok\u00e9mon\n|rule|Item Clause: Limit 1 of each item\n|clearpoke\n|poke|p1|Aggron, L50, M|\n|poke|p1|Sinistcha, L50|\n|poke|p1|Tyranitar, L50, F|\n|poke|p1|Sylveon, L50, F|\n|poke|p1|Incineroar, L50, F|\n|poke|p1|Dragonite, L50, M|\n|poke|p2|Lopunny, L50, M|\n|poke|p2|Farigiraf, L50, F|\n|poke|p2|Camerupt, L50, M|\n|poke|p2|Maushold-Four, L50|\n|poke|p2|Abomasnow, L50, F|\n|poke|p2|Araquanid, L50, M|\n|teampreview|4\n|inactive|Battle timer is ON: inactive players will automatically lose when time's up. (requested by lobbychatlagsmypc)\n|inactive|JesHX11 has 60 seconds left.\n|\n|t:|1776517999\n|teamsize|p1|4\n|teamsize|p2|4\n|start\n|switch|p1a: Incineroar|Incineroar, L50, F|100/100\n|switch|p1b: Aggron|Aggron, L50, M|100/100\n|switch|p2a: Lopunny|Lopunny, L50, M|100/100\n|switch|p2b: Farigiraf|Farigiraf, L50, F|100/100\n|-ability|p1a: Incineroar|Intimidate|boost\n|-unboost|p2a: Lopunny|atk|1\n|-unboost|p2b: Farigiraf|atk|1\n|turn|1\n|inactive|lobbychatlagsmypc has 30 seconds left.\n|inactive|lobbychatlagsmypc has 20 seconds left.\n|\n|t:|1776518039\n|move|p1b: Aggron|Protect|p1b: Aggron\n|-singleturn|p1b: Aggron|Protect\n|move|p2a: Lopunny|Fake Out|p1a: Incineroar\n|-damage|p1a: Incineroar|93/100\n|cant|p1a: Incineroar|flinch\n|move|p2b: Farigiraf|Trick Room|p2b: Farigiraf\n|-fieldstart|move: Trick Room|[of] p2b: Farigiraf\n|\n|upkeep\n|turn|2\n|\n|t:|1776518063\n|switch|p2b: Araquanid|Araquanid, L50, M|100/100\n|detailschange|p1b: Aggron|Aggron-Mega, L50, M\n|-mega|p1b: Aggron|Aggron|Aggronite\n|move|p1b: Aggron|Iron Defense|p1b: Aggron\n|-boost|p1b: Aggron|def|2\n|move|p1a: Incineroar|Parting Shot|p2a: Lopunny\n|-unboost|p2a: Lopunny|atk|1\n|-unboost|p2a: Lopunny|spa|1\n|\n|t:|1776518074\n|switch|p1a: Sinistcha|Sinistcha, L50|100/100|[from] Parting Shot\n|move|p2a: Lopunny|Healing Wish|p2a: Lopunny\n|faint|p2a: Lopunny\n|\n|upkeep\n|\n|t:|1776518077\n|switch|p2a: Camerupt|Camerupt, L50, M|100/100\n|turn|3\n|inactive|JesHX11 has 30 seconds left.\n|inactive|JesHX11 has 20 seconds left.\n|\n|t:|1776518113\n|detailschange|p2a: Camerupt|Camerupt-Mega, L50, M\n|-mega|p2a: Camerupt|Camerupt|Cameruptite\n|move|p1b: Aggron|Protect|p1b: Aggron\n|-singleturn|p1b: Aggron|Protect\n|move|p2a: Camerupt|Eruption|p1b: Aggron|[spread] p1a\n|-activate|p1b: Aggron|move: Protect\n|-supereffective|p1a: Sinistcha|1\n|-enditem|p1a: Sinistcha|Occa Berry|[eat]\n|-enditem|p1a: Sinistcha|Occa Berry|[weaken]\n|-damage|p1a: Sinistcha|31/100\n|move|p2b: Araquanid|Liquidation|p1a: Sinistcha\n|-resisted|p1a: Sinistcha|1\n|-damage|p1a: Sinistcha|0 fnt\n|faint|p1a: Sinistcha\n|\n|upkeep\n|\n|t:|1776518126\n|switch|p1a: Incineroar|Incineroar, L50, F|93/100\n|-ability|p1a: Incineroar|Intimidate|boost\n|-unboost|p2a: Camerupt|atk|1\n|-unboost|p2b: Araquanid|atk|1\n|turn|4\n|\n|t:|1776518148\n|switch|p2b: Farigiraf|Farigiraf, L50, F|100/100\n|move|p1a: Incineroar|Fake Out||[still]\n|cant|p2b: Farigiraf|ability: Armor Tail|Fake Out|[of] p1a: Incineroar\n|move|p2a: Camerupt|Eruption|p1a: Incineroar|[spread] p1a,p1b\n|-resisted|p1a: Incineroar|1\n|-supereffective|p1b: Aggron|1\n|-damage|p1a: Incineroar|67/100\n|-damage|p1b: Aggron|0 fnt\n|faint|p1b: Aggron\n|\n|upkeep\n|\n|t:|1776518151\n|switch|p1b: Tyranitar|Tyranitar, L50, F|100/100\n|-weather|Sandstorm|[from] ability: Sand Stream|[of] p1b: Tyranitar\n|turn|5\n|\n|t:|1776518171\n|move|p2b: Farigiraf|Helping Hand|p2a: Camerupt\n|-singleturn|p2a: Camerupt|Helping Hand|[of] p2b: Farigiraf\n|move|p2a: Camerupt|Earth Power|p1a: Incineroar\n|-supereffective|p1a: Incineroar|1\n|-damage|p1a: Incineroar|0 fnt\n|faint|p1a: Incineroar\n|move|p1b: Tyranitar|Stomping Tantrum|p2a: Camerupt\n|-supereffective|p2a: Camerupt|1\n|-damage|p2a: Camerupt|56/100\n|\n|-weather|Sandstorm|[upkeep]\n|-damage|p2b: Farigiraf|94/100|[from] Sandstorm\n|-fieldend|move: Trick Room\n|upkeep\n|turn|6\n|\n|t:|1776518186\n|move|p1b: Tyranitar|Stomping Tantrum|p2a: Camerupt\n|-supereffective|p2a: Camerupt|1\n|-damage|p2a: Camerupt|12/100\n|move|p2a: Camerupt|Earth Power|p1b: Tyranitar\n|-supereffective|p1b: Tyranitar|1\n|-damage|p1b: Tyranitar|30/100\n|move|p2b: Farigiraf|Trick Room|p2b: Farigiraf\n|-fieldstart|move: Trick Room|[of] p2b: Farigiraf\n|\n|-weather|Sandstorm|[upkeep]\n|-damage|p2b: Farigiraf|88/100|[from] Sandstorm\n|-heal|p1b: Tyranitar|36/100|[from] item: Leftovers\n|upkeep\n|turn|7\n|\n|t:|1776518195\n|move|p2b: Farigiraf|Helping Hand|p2a: Camerupt\n|-singleturn|p2a: Camerupt|Helping Hand|[of] p2b: Farigiraf\n|move|p2a: Camerupt|Earth Power|p1b: Tyranitar\n|-supereffective|p1b: Tyranitar|1\n|-damage|p1b: Tyranitar|0 fnt\n|faint|p1b: Tyranitar\n|\n|win|lobbychatlagsmypc\n|raw|JesHX11's rating: 1157 &rarr; <strong>1134</strong><br />(-23 for losing)\n|raw|lobbychatlagsmypc's rating: 1187 &rarr; <strong>1210</strong><br />(+23 for winning)\n",
  "uploadtime": 1776518197,
  "views": 18,
  "formatid": "gen9championsvgc2026regma",
  "rating": 1134,
  "private": 0,
  "password": null
}