{
  "id": "gen9championsvgc2026regma-2587895155",
  "format": "[Gen 9 Champions] VGC 2026 Reg M-A",
  "players": [
    "TheBallistic1",
    "apolloapex"
  ],
  "log": "|j|\u2606TheBallistic1\n|j|\u2606apolloapex\n|t:|1776575796\n|gametype|doubles\n|player|p1|TheBallistic1|colress|\n|player|p2|apolloapex|veteran|\n|gen|9\n|tier|[Gen 9 Champions] VGC 2026 Reg M-A\n|rated|Tournament battle\n|rule|Species Clause: Limit one of each Pok\u00e9mon\n|rule|Item Clause: Limit 1 of each item\n|raw|<div class=\"infobox\"><details class=\"readmore\" open><summary><strong>1 custom rule:</strong></summary> Force Open Team Sheets</details></div>\n|clearpoke\n|poke|p1|Floette-Eternal, L50, F|\n|poke|p1|Charizard, L50, F|\n|poke|p1|Sneasler, L50, F|\n|poke|p1|Milotic, L50, F|\n|poke|p1|Incineroar, L50, F|\n|poke|p1|Sinistcha, L50|\n|poke|p2|Venusaur, L50, M, shiny|\n|poke|p2|Whimsicott, L50, F|\n|poke|p2|Slowbro, L50, M|\n|poke|p2|Beedrill, L50, M|\n|poke|p2|Incineroar, L50, M|\n|poke|p2|Jolteon, L50, M|\n|teampreview|4\n|showteam|p1|Floette-Eternal||Floettite|FlowerVeil|Protect,Psychic,Moonblast,DazzlingGleam|||F|||50|]Charizard||CharizarditeY|Blaze|Protect,SolarBeam,HeatWave,AirSlash|||F|||50|]Sneasler||WhiteHerb|Unburden|FakeOut,Uturn,CloseCombat,DireClaw|||F|||50|]Milotic||Leftovers|Competitive|Protect,Haze,Scald,IceBeam|||F|||50|]Incineroar||SitrusBerry|Intimidate|FakeOut,PartingShot,FlareBlitz,DarkestLariat|||F|||50|]Sinistcha||MentalHerb|Hospitality|Protect,RagePowder,MatchaGotcha,StrengthSap||||||50|\n|showteam|p2|Venusaur||Venusaurite|Overgrow|EarthPower,Growth,GigaDrain,Protect|||M|||50|]Whimsicott||MentalHerb|Prankster|FakeTears,SunnyDay,Moonblast,Tailwind|||F|||50|]Slowbro||Leftovers|Oblivious|HealPulse,MuddyWater,Psychic,Yawn|||M|||50|]Beedrill||Beedrillite|Sniper|PoisonJab,Uturn,DrillRun,Protect|||M|||50|]Incineroar||SitrusBerry|Intimidate|Snarl,BurningJealousy,FakeOut,PartingShot|||M|||50|]Jolteon||FocusSash|VoltAbsorb|Electroweb,VoltSwitch,HelpingHand,Protect|||M|||50|\n|inactive|Battle timer is ON: inactive players will automatically lose when time's up. (requested by TheBallistic1)\n|\n|t:|1776575843\n|teamsize|p1|4\n|teamsize|p2|4\n|start\n|switch|p1a: Floette|Floette-Eternal, L50, F|100/100\n|switch|p1b: Incineroar|Incineroar, L50, F|100/100\n|switch|p2a: Venusaur|Venusaur, L50, M, shiny|100/100\n|switch|p2b: Incineroar|Incineroar, L50, M|100/100\n|-ability|p2b: Incineroar|Intimidate|boost\n|-unboost|p1a: Floette|atk|1\n|-unboost|p1b: Incineroar|atk|1\n|-ability|p1b: Incineroar|Intimidate|boost\n|-unboost|p2a: Venusaur|atk|1\n|-unboost|p2b: Incineroar|atk|1\n|turn|1\n|inactive|TheBallistic1 has 30 seconds left.\n|inactive|apolloapex has 30 seconds left.\n|inactive|TheBallistic1 has 20 seconds left.\n|inactive|TheBallistic1 has 15 seconds left.\n|inactive|TheBallistic1 has 10 seconds left.\n|\n|t:|1776575888\n|switch|p2a: Slowbro|Slowbro, L50, M|100/100\n|move|p1a: Floette|Protect|p1a: Floette\n|-singleturn|p1a: Floette|Protect\n|move|p2b: Incineroar|Fake Out|p1a: Floette\n|-activate|p1a: Floette|move: Protect\n|move|p1b: Incineroar|Fake Out|p2a: Slowbro\n|-damage|p2a: Slowbro|93/100\n|\n|-heal|p2a: Slowbro|99/100|[from] item: Leftovers\n|upkeep\n|turn|2\n|\n|t:|1776575909\n|detailschange|p1a: Floette|Floette-Mega, L50, F\n|-mega|p1a: Floette|Floette|Floettite\n|-ability|p1a: Floette|Fairy Aura\n|move|p1a: Floette|Dazzling Gleam|p2a: Slowbro|[spread] p2a,p2b\n|-damage|p2a: Slowbro|67/100\n|-damage|p2b: Incineroar|68/100\n|move|p2b: Incineroar|Parting Shot|p1a: Floette\n|-unboost|p1a: Floette|atk|1\n|-unboost|p1a: Floette|spa|1\n|j| lteg\n|\n|t:|1776575925\n|switch|p2b: Beedrill|Beedrill, L50, M|100/100|[from] Parting Shot\n|move|p1b: Incineroar|Darkest Lariat|p2a: Slowbro\n|-supereffective|p2a: Slowbro|1\n|-damage|p2a: Slowbro|19/100\n|move|p2a: Slowbro|Yawn|p1a: Floette\n|-start|p1a: Floette|move: Yawn|[of] p2a: Slowbro\n|\n|-heal|p2a: Slowbro|25/100|[from] item: Leftovers\n|upkeep\n|turn|3\n|l| lteg\n|\n|t:|1776575940\n|switch|p1a: Milotic|Milotic, L50, F|100/100\n|switch|p2a: Incineroar|Incineroar, L50, M|68/100\n|-ability|p2a: Incineroar|Intimidate|boost\n|-unboost|p1a: Milotic|atk|1\n|-ability|p1a: Milotic|Competitive|boost\n|-boost|p1a: Milotic|spa|2\n|-unboost|p1b: Incineroar|atk|1\n|detailschange|p2b: Beedrill|Beedrill-Mega, L50, M\n|-mega|p2b: Beedrill|Beedrill|Beedrillite\n|move|p2b: Beedrill|U-turn|p1b: Incineroar\n|-damage|p1b: Incineroar|45/100\n|-enditem|p1b: Incineroar|Sitrus Berry|[eat]\n|-heal|p1b: Incineroar|70/100|[from] item: Sitrus Berry\n|\n|t:|1776575955\n|switch|p2b: Venusaur|Venusaur, L50, M, shiny|100/100|[from] U-turn\n|move|p1b: Incineroar|Flare Blitz|p2b: Venusaur\n|-supereffective|p2b: Venusaur|1\n|-damage|p2b: Venusaur|45/100\n|-damage|p1b: Incineroar|52/100|[from] Recoil\n|\n|upkeep\n|turn|4\n|\n|t:|1776575971\n|move|p2a: Incineroar|Fake Out|p1a: Milotic\n|-damage|p1a: Milotic|89/100\n|cant|p1a: Milotic|flinch\n|move|p2b: Venusaur|Giga Drain|p1a: Milotic\n|-supereffective|p1a: Milotic|1\n|-damage|p1a: Milotic|46/100\n|-heal|p2b: Venusaur|64/100|[from] drain|[of] p1a: Milotic\n|move|p1b: Incineroar|Flare Blitz|p2b: Venusaur\n|-supereffective|p2b: Venusaur|1\n|-damage|p2b: Venusaur|5/100\n|-damage|p1b: Incineroar|32/100|[from] Recoil\n|\n|-heal|p1a: Milotic|52/100|[from] item: Leftovers\n|upkeep\n|turn|5\n|inactive|apolloapex has 30 seconds left.\n|\n|t:|1776575998\n|move|p1a: Milotic|Scald|p2a: Incineroar\n|-supereffective|p2a: Incineroar|1\n|-damage|p2a: Incineroar|0 fnt\n|faint|p2a: Incineroar\n|move|p2b: Venusaur|Earth Power|p1b: Incineroar\n|-supereffective|p1b: Incineroar|1\n|-crit|p1b: Incineroar\n|-damage|p1b: Incineroar|0 fnt\n|faint|p1b: Incineroar\n|\n|-heal|p1a: Milotic|58/100|[from] item: Leftovers\n|upkeep\n|\n|t:|1776576010\n|switch|p2a: Beedrill|Beedrill-Mega, L50, M|100/100\n|switch|p1b: Sinistcha|Sinistcha, L50|100/100\n|-heal|p1a: Milotic|83/100|[from] ability: Hospitality|[of] p1b: Sinistcha\n|turn|6\n|\n|t:|1776576018\n|move|p1a: Milotic|Protect|p1a: Milotic\n|-singleturn|p1a: Milotic|Protect\n|move|p2a: Beedrill|U-turn|p1a: Milotic\n|-activate|p1a: Milotic|move: Protect\n|move|p2b: Venusaur|Giga Drain|p1a: Milotic\n|-activate|p1a: Milotic|move: Protect\n|move|p1b: Sinistcha|Matcha Gotcha|p2a: Beedrill|[spread] p2a,p2b\n|-resisted|p2a: Beedrill|2\n|-resisted|p2b: Venusaur|2\n|-damage|p2a: Beedrill|91/100\n|-damage|p2b: Venusaur|0 fnt\n|faint|p2b: Venusaur\n|\n|-heal|p1a: Milotic|89/100|[from] item: Leftovers\n|upkeep\n|\n|t:|1776576031\n|switch|p2b: Slowbro|Slowbro, L50, M|25/100\n|turn|7\n|\n|t:|1776576041\n|move|p2a: Beedrill|Poison Jab|p1a: Milotic\n|-damage|p1a: Milotic|10/100\n|move|p1a: Milotic|Scald|p2a: Beedrill\n|-damage|p2a: Beedrill|0 fnt\n|faint|p2a: Beedrill\n|move|p1b: Sinistcha|Matcha Gotcha|p2b: Slowbro\n|-supereffective|p2b: Slowbro|1\n|-damage|p2b: Slowbro|0 fnt\n|faint|p2b: Slowbro\n|\n|win|TheBallistic1\n|n|\u2606TheBallistic1|theballistic1\n|n|\u2606apolloapex|apolloapex\n",
  "uploadtime": 1776576047,
  "views": 18,
  "formatid": "gen9championsvgc2026regma",
  "rating": null,
  "private": 0,
  "password": null
}