{
  "id": "gen9championsvgc2026regma-2585010225",
  "format": "[Gen 9 Champions] VGC 2026 Reg M-A",
  "players": [
    "bigruckus#1",
    "LamoJamo"
  ],
  "log": "|j|\u2606bigruckus#1\n|j|\u2606LamoJamo\n|t:|1776303046\n|gametype|doubles\n|player|p1|bigruckus#1|266|1119\n|player|p2|LamoJamo|170|1049\n|gen|9\n|tier|[Gen 9 Champions] VGC 2026 Reg M-A\n|rated|\n|rule|Species Clause: Limit one of each Pok\u00e9mon\n|rule|Item Clause: Limit 1 of each item\n|clearpoke\n|poke|p1|Aggron, L50, F|\n|poke|p1|Incineroar, L50, M|\n|poke|p1|Pelipper, L50, M|\n|poke|p1|Basculegion, L50, M|\n|poke|p1|Sinistcha, L50|\n|poke|p1|Aerodactyl, L50, F|\n|poke|p2|Pidgeot, L50, F|\n|poke|p2|Ninetales, L50, M|\n|poke|p2|Whimsicott, L50, M|\n|poke|p2|Garchomp, L50, M|\n|poke|p2|Venusaur, L50, F|\n|poke|p2|Sneasler, L50, F|\n|teampreview|4\n|\n|t:|1776303089\n|teamsize|p1|4\n|teamsize|p2|4\n|start\n|switch|p1a: Aerodactyl|Aerodactyl, L50, F|100/100\n|switch|p1b: Pelipper|Pelipper, L50, M|100/100\n|switch|p2a: Pidgeot|Pidgeot, L50, F|100/100\n|switch|p2b: Whimsicott|Whimsicott, L50, M|100/100\n|-weather|RainDance|[from] ability: Drizzle|[of] p1b: Pelipper\n|turn|1\n|\n|t:|1776303134\n|detailschange|p1a: Aerodactyl|Aerodactyl-Mega, L50, F\n|-mega|p1a: Aerodactyl|Aerodactyl|Aerodactylite\n|detailschange|p2a: Pidgeot|Pidgeot-Mega, L50, F\n|-mega|p2a: Pidgeot|Pidgeot|Pidgeotite\n|move|p2b: Whimsicott|Sunny Day|p2b: Whimsicott\n|-weather|SunnyDay\n|move|p1a: Aerodactyl|Ice Fang|p2b: Whimsicott\n|-supereffective|p2b: Whimsicott|1\n|-damage|p2b: Whimsicott|11/100\n|move|p2a: Pidgeot|Hurricane|p1b: Pelipper\n|-crit|p1b: Pelipper\n|-enditem|p1b: Pelipper|Focus Sash\n|-damage|p1b: Pelipper|1/100\n|-start|p1b: Pelipper|confusion\n|-activate|p1b: Pelipper|confusion\n|move|p1b: Pelipper|Icy Wind|p2a: Pidgeot|[spread] p2a,p2b\n|-supereffective|p2a: Pidgeot|1\n|-supereffective|p2b: Whimsicott|1\n|-damage|p2a: Pidgeot|68/100\n|-damage|p2b: Whimsicott|0 fnt\n|-unboost|p2a: Pidgeot|spe|1\n|faint|p2b: Whimsicott\n|\n|-weather|SunnyDay|[upkeep]\n|upkeep\n|\n|t:|1776303158\n|switch|p2b: Sneasler|Sneasler, L50, F|100/100\n|turn|2\n|\n|t:|1776303173\n|switch|p1b: Incineroar|Incineroar, L50, M, shiny|100/100\n|-ability|p1b: Incineroar|Intimidate|boost\n|-unboost|p2a: Pidgeot|atk|1\n|-unboost|p2b: Sneasler|atk|1\n|-enditem|p2b: Sneasler|White Herb\n|-clearnegativeboost|p2b: Sneasler|[silent]\n|move|p1a: Aerodactyl|Protect|p1a: Aerodactyl\n|-singleturn|p1a: Aerodactyl|Protect\n|move|p2b: Sneasler|Fake Out|p1a: Aerodactyl\n|-activate|p1a: Aerodactyl|move: Protect\n|move|p2a: Pidgeot|Hyper Beam|p1a: Aerodactyl\n|-activate|p1a: Aerodactyl|move: Protect\n|\n|-weather|SunnyDay|[upkeep]\n|upkeep\n|turn|3\n|inactive|Battle timer is ON: inactive players will automatically lose when time's up. (requested by LamoJamo)\n|\n|t:|1776303218\n|move|p2b: Sneasler|Protect|p2b: Sneasler\n|-singleturn|p2b: Sneasler|Protect\n|move|p2a: Pidgeot|Protect|p2a: Pidgeot\n|-singleturn|p2a: Pidgeot|Protect\n|move|p1b: Incineroar|Fake Out|p2b: Sneasler\n|-activate|p2b: Sneasler|move: Protect\n|move|p1a: Aerodactyl|Dual Wingbeat|p2b: Sneasler\n|-activate|p2b: Sneasler|move: Protect\n|\n|-weather|SunnyDay|[upkeep]\n|upkeep\n|turn|4\n|\n|t:|1776303241\n|move|p1a: Aerodactyl|Protect|p1a: Aerodactyl\n|-singleturn|p1a: Aerodactyl|Protect\n|move|p2b: Sneasler|Close Combat|p1a: Aerodactyl\n|-activate|p1a: Aerodactyl|move: Protect\n|move|p2a: Pidgeot|Hurricane|p1b: Incineroar\n|-damage|p1b: Incineroar|51/100\n|move|p1b: Incineroar|Parting Shot|p2b: Sneasler\n|-unboost|p2b: Sneasler|atk|1\n|-unboost|p2b: Sneasler|spa|1\n|\n|t:|1776303251\n|switch|p1b: Pelipper|Pelipper, L50, M|1/100|[from] Parting Shot\n|-weather|RainDance|[from] ability: Drizzle|[of] p1b: Pelipper\n|\n|-weather|RainDance|[upkeep]\n|upkeep\n|turn|5\n|inactive|bigruckus#1 has 30 seconds left.\n|inactive|LamoJamo has 30 seconds left.\n|\n|t:|1776303280\n|switch|p2b: Garchomp|Garchomp, L50, M|100/100\n|switch|p1a: Basculegion|Basculegion, L50, M|100/100\n|move|p2a: Pidgeot|Protect|p2a: Pidgeot\n|-singleturn|p2a: Pidgeot|Protect\n|move|p1b: Pelipper|Icy Wind|p2b: Garchomp|[spread] p2b\n|-activate|p2a: Pidgeot|move: Protect\n|-supereffective|p2b: Garchomp|2\n|-damage|p2b: Garchomp|40/100\n|-unboost|p2b: Garchomp|spe|1\n|\n|-weather|RainDance|[upkeep]\n|upkeep\n|turn|6\n|inactive|bigruckus#1 has 30 seconds left.\n|inactive|LamoJamo has 30 seconds left.\n|\n|t:|1776303313\n|move|p1a: Basculegion|Liquidation|p2b: Garchomp\n|-damage|p2b: Garchomp|0 fnt\n|-damage|p1a: Basculegion|88/100|[from] ability: Rough Skin|[of] p2b: Garchomp\n|faint|p2b: Garchomp\n|move|p2a: Pidgeot|Hurricane|p1a: Basculegion\n|-damage|p1a: Basculegion|22/100\n|move|p1b: Pelipper|Hurricane|p2a: Pidgeot\n|-damage|p2a: Pidgeot|5/100\n|\n|-weather|RainDance|[upkeep]\n|upkeep\n|\n|t:|1776303323\n|switch|p2b: Sneasler|Sneasler, L50, F|100/100\n|turn|7\n|\n|t:|1776303345\n|move|p2b: Sneasler|Fake Out|p1b: Pelipper\n|-damage|p1b: Pelipper|0 fnt\n|faint|p1b: Pelipper\n|move|p1a: Basculegion|Liquidation|p2a: Pidgeot\n|-damage|p2a: Pidgeot|0 fnt\n|faint|p2a: Pidgeot\n|\n|-weather|RainDance|[upkeep]\n|upkeep\n|-message|LamoJamo forfeited.\n|\n|win|bigruckus#1\n|raw|bigruckus#1's rating: 1119 &rarr; <strong>1139</strong><br />(+20 for winning)\n|raw|LamoJamo's rating: 1049 &rarr; <strong>1035</strong><br />(-14 for losing)\n|l|\u2606LamoJamo\n|player|p2|\n",
  "uploadtime": 1776303364,
  "views": 25,
  "formatid": "gen9championsvgc2026regma",
  "rating": 1035,
  "private": 0,
  "password": null
}