{
  "id": "gen9championsvgc2026regma-2582201480",
  "format": "[Gen 9 Champions] VGC 2026 Reg M-A",
  "players": [
    "mo3az",
    "chew dai"
  ],
  "log": "|j|\u2606mo3az\n|j|\u2606chew dai\n|t:|1776070633\n|gametype|doubles\n|player|p1|mo3az|hilbert-wonderlauncher|1121\n|player|p2|chew dai|winona-gen6|1045\n|gen|9\n|tier|[Gen 9 Champions] VGC 2026 Reg M-A\n|rated|\n|rule|Species Clause: Limit one of each Pok\u00e9mon\n|rule|Item Clause: Limit 1 of each item\n|clearpoke\n|poke|p1|Chesnaught, L50, M|\n|poke|p1|Primarina, L50, F|\n|poke|p1|Chandelure, L50, M|\n|poke|p1|Tyranitar, L50, F|\n|poke|p1|Garchomp, L50, M|\n|poke|p1|Farigiraf, L50, M|\n|poke|p2|Froslass, L50, F|\n|poke|p2|Rotom-Frost, L50|\n|poke|p2|Garchomp, L50, F|\n|poke|p2|Incineroar, L50, M|\n|poke|p2|Empoleon, L50, M|\n|poke|p2|Kingambit, L50, M|\n|teampreview|4\n|inactive|Battle timer is ON: inactive players will automatically lose when time's up. (requested by mo3az)\n|inactive|mo3az has 60 seconds left.\n|inactive|chew dai has 60 seconds left.\n|inactive|chew dai has 30 seconds left.\n|inactive|chew dai has 20 seconds left.\n|\n|t:|1776070709\n|teamsize|p1|4\n|teamsize|p2|4\n|start\n|switch|p1a: Chesnaught|Chesnaught, L50, M|100/100\n|switch|p1b: Chandelure|Chandelure, L50, M|100/100\n|switch|p2a: Froslass|Froslass, L50, F|100/100\n|switch|p2b: Empoleon|Empoleon, L50, M|100/100\n|turn|1\n|inactive|chew dai has 30 seconds left.\n|inactive|chew dai has 20 seconds left.\n|inactive|chew dai has 15 seconds left.\n|inactive|chew dai has 10 seconds left.\n|inactive|chew dai has 5 seconds left.\n|\n|t:|1776070759\n|detailschange|p2a: Froslass|Froslass-Mega, L50, F\n|-mega|p2a: Froslass|Froslass|Froslassite\n|-weather|Snowscape|[from] ability: Snow Warning|[of] p2a: Froslass\n|detailschange|p1a: Chesnaught|Chesnaught-Mega, L50, M\n|-mega|p1a: Chesnaught|Chesnaught|Chesnaughtite\n|move|p2a: Froslass|Shadow Ball|p1b: Chandelure\n|-supereffective|p1b: Chandelure|1\n|-damage|p1b: Chandelure|6/100\n|-unboost|p1b: Chandelure|spd|1\n|move|p1a: Chesnaught|Body Press|p2b: Empoleon\n|-supereffective|p2b: Empoleon|1\n|-damage|p2b: Empoleon|0 fnt\n|faint|p2b: Empoleon\n|move|p1b: Chandelure|Trick Room|p1b: Chandelure\n|-fieldstart|move: Trick Room|[of] p1b: Chandelure\n|\n|-weather|Snowscape|[upkeep]\n|upkeep\n|\n|t:|1776070773\n|switch|p2b: Garchomp|Garchomp, L50, F|100/100\n|turn|2\n|\n|t:|1776070787\n|move|p2b: Garchomp|Protect|p2b: Garchomp\n|-singleturn|p2b: Garchomp|Protect\n|move|p1a: Chesnaught|Rock Slide|p2b: Garchomp|[spread] p2a\n|-activate|p2b: Garchomp|move: Protect\n|-supereffective|p2a: Froslass|1\n|-damage|p2a: Froslass|56/100\n|move|p1b: Chandelure|Heat Wave|p2b: Garchomp|[spread] \n|-activate|p2b: Garchomp|move: Protect\n|-miss|p1b: Chandelure|p2a: Froslass\n|move|p2a: Froslass|Blizzard|p1b: Chandelure|[spread] p1a,p1b\n|-supereffective|p1a: Chesnaught|1\n|-resisted|p1b: Chandelure|1\n|-damage|p1a: Chesnaught|5/100\n|-damage|p1b: Chandelure|0 fnt\n|faint|p1b: Chandelure\n|\n|-weather|Snowscape|[upkeep]\n|upkeep\n|\n|t:|1776070811\n|switch|p1b: Primarina|Primarina, L50, F|100/100\n|turn|3\n|\n|t:|1776070832\n|switch|p2b: Rotom|Rotom-Frost, L50|100/100\n|move|p1a: Chesnaught|Rock Slide|p2a: Froslass|[spread] p2a,p2b\n|-supereffective|p2a: Froslass|1\n|-supereffective|p2b: Rotom|1\n|-damage|p2a: Froslass|9/100\n|-damage|p2b: Rotom|64/100\n|move|p1b: Primarina|Dazzling Gleam|p2b: Rotom|[spread] p2a,p2b\n|-damage|p2a: Froslass|0 fnt\n|-damage|p2b: Rotom|19/100\n|faint|p2a: Froslass\n|\n|-weather|Snowscape|[upkeep]\n|upkeep\n|\n|t:|1776070841\n|switch|p2a: Garchomp|Garchomp, L50, F|100/100\n|turn|4\n|\n|t:|1776070854\n|move|p2a: Garchomp|Protect|p2a: Garchomp\n|-singleturn|p2a: Garchomp|Protect\n|move|p1a: Chesnaught|Wood Hammer|p2a: Garchomp\n|-activate|p2a: Garchomp|move: Protect\n|move|p1b: Primarina|Dazzling Gleam|p2a: Garchomp|[spread] p2b\n|-activate|p2a: Garchomp|move: Protect\n|-damage|p2b: Rotom|0 fnt\n|faint|p2b: Rotom\n|\n|-weather|Snowscape|[upkeep]\n|upkeep\n|turn|5\n|-message|chew dai forfeited.\n|\n|win|mo3az\n|raw|mo3az's rating: 1121 &rarr; <strong>1141</strong><br />(+20 for winning)\n|raw|chew dai's rating: 1045 &rarr; <strong>1032</strong><br />(-13 for losing)\n|l|\u2606chew dai\n|player|p2|\n",
  "uploadtime": 1776070868,
  "views": 8,
  "formatid": "gen9championsvgc2026regma",
  "rating": 1032,
  "private": 0,
  "password": null
}