{
  "id": "gen9championsvgc2026regma-2588131982",
  "format": "[Gen 9 Champions] VGC 2026 Reg M-A",
  "players": [
    "Gulptubus",
    "scvx26"
  ],
  "log": "|j|\u2606Gulptubus\n|j|\u2606scvx26\n|t:|1776607626\n|gametype|doubles\n|player|p1|Gulptubus|pokemonranger-gen4|1090\n|player|p2|scvx26|266|1132\n|gen|9\n|tier|[Gen 9 Champions] VGC 2026 Reg M-A\n|rated|\n|rule|Species Clause: Limit one of each Pok\u00e9mon\n|rule|Item Clause: Limit 1 of each item\n|clearpoke\n|poke|p1|Aerodactyl, L50, F|\n|poke|p1|Tyranitar, L50, F|\n|poke|p1|Garchomp, L50, M|\n|poke|p1|Orthworm, L50, M|\n|poke|p1|Rotom-Wash, L50|\n|poke|p1|Sneasler, L50, M|\n|poke|p2|Meganium, L50, M|\n|poke|p2|Aerodactyl, L50, M|\n|poke|p2|Aggron, L50, M|\n|poke|p2|Gliscor, L50, F|\n|poke|p2|Sneasler, L50, F|\n|poke|p2|Tauros-Paldea-Aqua, L50, M|\n|teampreview|4\n|\n|t:|1776607660\n|teamsize|p1|4\n|teamsize|p2|4\n|start\n|switch|p1a: Sneasler|Sneasler, L50, M|100/100\n|switch|p1b: Orthworm|Orthworm, L50, M|100/100\n|switch|p2a: Aerodactyl|Aerodactyl, L50, M|100/100\n|switch|p2b: Sneasler|Sneasler, L50, F|100/100\n|-ability|p2a: Aerodactyl|Unnerve\n|turn|1\n|\n|t:|1776607673\n|move|p1a: Sneasler|Fake Out|p2a: Aerodactyl\n|-resisted|p2a: Aerodactyl|1\n|-damage|p2a: Aerodactyl|90/100\n|move|p2b: Sneasler|Fake Out|p1a: Sneasler\n|-damage|p1a: Sneasler|74/100\n|cant|p2a: Aerodactyl|flinch\n|move|p1b: Orthworm|Shed Tail|p1b: Orthworm\n|-start|p1b: Orthworm|Substitute|[from] move: Shed Tail\n|-damage|p1b: Orthworm|50/100\n|\n|t:|1776607689\n|switch|p1b: Tyranitar|Tyranitar, L50, F|100/100|[from] Shed Tail\n|-weather|Sandstorm|[from] ability: Sand Stream|[of] p1b: Tyranitar\n|\n|-weather|Sandstorm|[upkeep]\n|-damage|p2b: Sneasler|95/100|[from] Sandstorm\n|-damage|p1a: Sneasler|68/100|[from] Sandstorm\n|upkeep\n|turn|2\n|\n|t:|1776607712\n|detailschange|p1b: Tyranitar|Tyranitar-Mega, L50, F\n|-mega|p1b: Tyranitar|Tyranitar|Tyranitarite\n|move|p2a: Aerodactyl|Tailwind|p2a: Aerodactyl\n|-sidestart|p2: scvx26|move: Tailwind\n|move|p2b: Sneasler|Close Combat|p1a: Sneasler\n|-resisted|p1a: Sneasler|1\n|-damage|p1a: Sneasler|11/100\n|-unboost|p2b: Sneasler|def|1\n|-unboost|p2b: Sneasler|spd|1\n|move|p1a: Sneasler|Close Combat|p2b: Sneasler\n|-resisted|p2b: Sneasler|1\n|-damage|p2b: Sneasler|11/100\n|-unboost|p1a: Sneasler|def|1\n|-unboost|p1a: Sneasler|spd|1\n|-enditem|p2b: Sneasler|Sitrus Berry|[eat]\n|-heal|p2b: Sneasler|35/100|[from] item: Sitrus Berry\n|-enditem|p1a: Sneasler|White Herb\n|-clearnegativeboost|p1a: Sneasler|[silent]\n|move|p1b: Tyranitar|Rock Slide|p2a: Aerodactyl|[spread] p2a,p2b\n|-supereffective|p2a: Aerodactyl|1\n|-resisted|p2b: Sneasler|1\n|-damage|p2a: Aerodactyl|0 fnt\n|-damage|p2b: Sneasler|0 fnt\n|faint|p2a: Aerodactyl\n|faint|p2b: Sneasler\n|\n|-weather|Sandstorm|[upkeep]\n|-damage|p1a: Sneasler|6/100|[from] Sandstorm\n|upkeep\n|\n|t:|1776607734\n|switch|p2a: Meganium|Meganium, L50, M|100/100\n|switch|p2b: Tauros|Tauros-Paldea-Aqua, L50, M|100/100\n|-ability|p2b: Tauros|Intimidate|boost\n|-unboost|p1a: Sneasler|atk|1\n|-immune|p1b: Tyranitar\n|turn|3\n|\n|t:|1776607765\n|detailschange|p2a: Meganium|Meganium-Mega, L50, M\n|-mega|p2a: Meganium|Meganium|Meganiumite\n|move|p2b: Tauros|Aqua Jet|p1b: Tyranitar\n|-supereffective|p1b: Tyranitar|1\n|-end|p1b: Tyranitar|Substitute\n|move|p1a: Sneasler|Dire Claw|p2b: Tauros\n|-damage|p2b: Tauros|65/100\n|move|p2a: Meganium|Dazzling Gleam|p1b: Tyranitar|[spread] p1a,p1b\n|-crit|p1a: Sneasler\n|-supereffective|p1b: Tyranitar|1\n|-damage|p1a: Sneasler|0 fnt\n|-damage|p1b: Tyranitar|57/100\n|faint|p1a: Sneasler\n|move|p1b: Tyranitar|Ice Punch|p2a: Meganium\n|-supereffective|p2a: Meganium|1\n|-damage|p2a: Meganium|42/100\n|\n|-weather|Sandstorm|[upkeep]\n|-damage|p2b: Tauros|59/100|[from] Sandstorm\n|-damage|p2a: Meganium|36/100|[from] Sandstorm\n|upkeep\n|\n|t:|1776607779\n|switch|p1a: Orthworm|Orthworm, L50, M|50/100\n|-enditem|p1a: Orthworm|Sitrus Berry|[eat]\n|-heal|p1a: Orthworm|75/100|[from] item: Sitrus Berry\n|turn|4\n|\n|t:|1776607798\n|move|p1b: Tyranitar|Protect|p1b: Tyranitar\n|-singleturn|p1b: Tyranitar|Protect\n|move|p1a: Orthworm|Protect|p1a: Orthworm\n|-singleturn|p1a: Orthworm|Protect\n|move|p2b: Tauros|Close Combat|p1a: Orthworm\n|-activate|p1a: Orthworm|move: Protect\n|move|p2a: Meganium|Solar Beam||[still]\n|-prepare|p2a: Meganium|Solar Beam\n|-activate|p2a: Meganium|ability: Mega Sol\n|-anim|p2a: Meganium|Solar Beam|p1b: Tyranitar\n|-activate|p1b: Tyranitar|move: Protect\n|\n|-weather|Sandstorm|[upkeep]\n|-damage|p2b: Tauros|53/100|[from] Sandstorm\n|-damage|p2a: Meganium|30/100|[from] Sandstorm\n|upkeep\n|turn|5\n|\n|t:|1776607833\n|switch|p1b: Garchomp|Garchomp, L50, M|100/100\n|move|p2b: Tauros|Close Combat|p1a: Orthworm\n|-supereffective|p1a: Orthworm|1\n|-damage|p1a: Orthworm|0 fnt\n|-unboost|p2b: Tauros|def|1\n|-unboost|p2b: Tauros|spd|1\n|faint|p1a: Orthworm\n|move|p2a: Meganium|Solar Beam||[still]\n|-prepare|p2a: Meganium|Solar Beam\n|-activate|p2a: Meganium|ability: Mega Sol\n|-anim|p2a: Meganium|Solar Beam|p1b: Garchomp\n|-damage|p1b: Garchomp|19/100\n|\n|-weather|none\n|-heal|p1b: Garchomp|25/100|[from] item: Leftovers\n|-sideend|p2: scvx26|move: Tailwind\n|upkeep\n|\n|t:|1776607843\n|switch|p1a: Tyranitar|Tyranitar-Mega, L50, F|57/100\n|-weather|Sandstorm|[from] ability: Sand Stream|[of] p1a: Tyranitar\n|turn|6\n|\n|t:|1776607864\n|move|p2a: Meganium|Protect|p2a: Meganium\n|-singleturn|p2a: Meganium|Protect\n|move|p2b: Tauros|Aqua Jet|p1b: Garchomp|[miss]\n|-miss|p2b: Tauros|p1b: Garchomp\n|move|p1b: Garchomp|Dragon Claw|p2b: Tauros\n|-damage|p2b: Tauros|0 fnt\n|faint|p2b: Tauros\n|move|p1a: Tyranitar|Ice Punch|p2a: Meganium\n|-activate|p2a: Meganium|move: Protect\n|\n|-weather|Sandstorm|[upkeep]\n|-damage|p2a: Meganium|25/100|[from] Sandstorm\n|-heal|p1b: Garchomp|31/100|[from] item: Leftovers\n|upkeep\n|turn|7\n|-message|scvx26 forfeited.\n|\n|win|Gulptubus\n|raw|Gulptubus's rating: 1090 &rarr; <strong>1120</strong><br />(+30 for winning)\n|raw|scvx26's rating: 1132 &rarr; <strong>1104</strong><br />(-28 for losing)\n|l|\u2606scvx26\n|player|p2|\n",
  "uploadtime": 1776607889,
  "views": 9,
  "formatid": "gen9championsvgc2026regma",
  "rating": 1104,
  "private": 0,
  "password": null
}