{
  "id": "gen9championsvgc2026regma-2585779939",
  "format": "[Gen 9 Champions] VGC 2026 Reg M-A",
  "players": [
    "edenborn",
    "AdamDooDOo"
  ],
  "log": "|j|\u2606edenborn\n|j|\u2606AdamDooDOo\n|t:|1776370086\n|gametype|doubles\n|player|p1|edenborn|unknown|1174\n|player|p2|AdamDooDOo|102|1124\n|gen|9\n|tier|[Gen 9 Champions] VGC 2026 Reg M-A\n|rated|\n|rule|Species Clause: Limit one of each Pok\u00e9mon\n|rule|Item Clause: Limit 1 of each item\n|clearpoke\n|poke|p1|Palafin, L50, M|\n|poke|p1|Pelipper, L50, M|\n|poke|p1|Archaludon, L50, M|\n|poke|p1|Sinistcha, L50|\n|poke|p1|Incineroar, L50, M|\n|poke|p1|Aerodactyl, L50, M|\n|poke|p2|Meganium, L50, M|\n|poke|p2|Garchomp, L50, M|\n|poke|p2|Aerodactyl, L50, M|\n|poke|p2|Whimsicott, L50, M|\n|poke|p2|Rotom-Heat, L50|\n|poke|p2|Kingambit, L50, M|\n|teampreview|4\n|inactive|Battle timer is ON: inactive players will automatically lose when time's up. (requested by edenborn)\n|inactive|edenborn has 60 seconds left.\n|inactive|edenborn has 30 seconds left.\n|inactive|edenborn has 20 seconds left.\n|\n|t:|1776370159\n|teamsize|p1|4\n|teamsize|p2|4\n|start\n|switch|p1a: Herc|Palafin, L50, M|100/100\n|switch|p1b: Weather Breaker|Aerodactyl, L50, M|100/100\n|switch|p2a: Aerodactyl|Aerodactyl, L50, M|100/100\n|switch|p2b: Rotom|Rotom-Heat, L50|100/100\n|-ability|p1b: Weather Breaker|Unnerve\n|-ability|p2a: Aerodactyl|Unnerve\n|turn|1\n|inactive|edenborn has 30 seconds left.\n|\n|t:|1776370190\n|detailschange|p1a: Herc|Palafin-Hero, L50, M\n|switch|p1a: Archie Manning|Archaludon, L50, M|100/100\n|detailschange|p1b: Weather Breaker|Aerodactyl-Mega, L50, M\n|-mega|p1b: Weather Breaker|Aerodactyl|Aerodactylite\n|move|p1b: Weather Breaker|Tailwind|p1b: Weather Breaker\n|-sidestart|p1: edenborn|move: Tailwind\n|move|p2a: Aerodactyl|Tailwind|p2a: Aerodactyl\n|-sidestart|p2: AdamDooDOo|move: Tailwind\n|move|p2b: Rotom|Volt Switch|p1b: Weather Breaker\n|-supereffective|p1b: Weather Breaker|1\n|-damage|p1b: Weather Breaker|36/100\n|\n|t:|1776370201\n|switch|p2b: Garchomp|Garchomp, L50, M|100/100|[from] Volt Switch\n|\n|upkeep\n|turn|2\n|\n|t:|1776370216\n|switch|p1a: Drizz Lord|Pelipper, L50, M|100/100\n|-weather|RainDance|[from] ability: Drizzle|[of] p1a: Drizz Lord\n|move|p2b: Garchomp|Protect|p2b: Garchomp\n|-singleturn|p2b: Garchomp|Protect\n|move|p1b: Weather Breaker|Rock Slide|p2a: Aerodactyl|[spread] p2a\n|-activate|p2b: Garchomp|move: Protect\n|-supereffective|p2a: Aerodactyl|1\n|-enditem|p2a: Aerodactyl|Focus Sash\n|-damage|p2a: Aerodactyl|1/100\n|cant|p2a: Aerodactyl|flinch\n|\n|-weather|RainDance|[upkeep]\n|upkeep\n|turn|3\n|\n|t:|1776370240\n|switch|p1a: Herc|Palafin-Hero, L50, M|100/100\n|-activate|p1a: Herc|ability: Zero to Hero\n|move|p2a: Aerodactyl|Protect|p2a: Aerodactyl\n|-singleturn|p2a: Aerodactyl|Protect\n|move|p1b: Weather Breaker|Rock Slide|p2b: Garchomp|[spread] p2b\n|-activate|p2a: Aerodactyl|move: Protect\n|-resisted|p2b: Garchomp|1\n|-damage|p2b: Garchomp|84/100\n|move|p2b: Garchomp|Swords Dance|p2b: Garchomp\n|-boost|p2b: Garchomp|atk|2\n|\n|-weather|RainDance|[upkeep]\n|upkeep\n|turn|4\n|inactive|edenborn has 30 seconds left.\n|inactive|AdamDooDOo has 30 seconds left.\n|inactive|edenborn has 20 seconds left.\n|\n|t:|1776370278\n|move|p1b: Weather Breaker|Protect|p1b: Weather Breaker\n|-singleturn|p1b: Weather Breaker|Protect\n|move|p1a: Herc|Jet Punch|p2a: Aerodactyl\n|-supereffective|p2a: Aerodactyl|1\n|-damage|p2a: Aerodactyl|0 fnt\n|faint|p2a: Aerodactyl\n|move|p2b: Garchomp|Dragon Claw|p1b: Weather Breaker\n|-activate|p1b: Weather Breaker|move: Protect\n|\n|-weather|RainDance|[upkeep]\n|-sideend|p1: edenborn|move: Tailwind\n|-sideend|p2: AdamDooDOo|move: Tailwind\n|upkeep\n|\n|t:|1776370290\n|switch|p2a: Meganium|Meganium, L50, M|100/100\n|turn|5\n|\n|t:|1776370302\n|detailschange|p2a: Meganium|Meganium-Mega, L50, M\n|-mega|p2a: Meganium|Meganium|Meganiumite\n|move|p1b: Weather Breaker|Tailwind|p1b: Weather Breaker\n|-sidestart|p1: edenborn|move: Tailwind\n|move|p1a: Herc|Flip Turn|p2b: Garchomp\n|-damage|p2b: Garchomp|16/100\n|-damage|p1a: Herc|88/100|[from] ability: Rough Skin|[of] p2b: Garchomp\n|-enditem|p2b: Garchomp|Sitrus Berry|[eat]\n|-heal|p2b: Garchomp|40/100|[from] item: Sitrus Berry\n|\n|t:|1776370313\n|switch|p1a: Archie Manning|Archaludon, L50, M|100/100|[from] Flip Turn\n|move|p2b: Garchomp|Dragon Claw|p1b: Weather Breaker\n|-damage|p1b: Weather Breaker|0 fnt\n|faint|p1b: Weather Breaker\n|move|p2a: Meganium|Dazzling Gleam|p1a: Archie Manning\n|-damage|p1a: Archie Manning|53/100\n|-ability|p1a: Archie Manning|Stamina|boost\n|-boost|p1a: Archie Manning|def|1\n|\n|-weather|RainDance|[upkeep]\n|upkeep\n|\n|t:|1776370331\n|switch|p1b: Drizz Lord|Pelipper, L50, M|100/100\n|turn|6\n|\n|t:|1776370349\n|move|p1a: Archie Manning|Flash Cannon|p2a: Meganium\n|-supereffective|p2a: Meganium|1\n|-damage|p2a: Meganium|31/100\n|move|p1b: Drizz Lord|Weather Ball|p2b: Garchomp\n|-damage|p2b: Garchomp|0 fnt\n|faint|p2b: Garchomp\n|move|p2a: Meganium|Earth Power|p1a: Archie Manning\n|-supereffective|p1a: Archie Manning|1\n|-damage|p1a: Archie Manning|0 fnt\n|faint|p1a: Archie Manning\n|\n|-weather|none\n|upkeep\n|\n|t:|1776370363\n|switch|p2b: Rotom|Rotom-Heat, L50|100/100\n|switch|p1a: Herc|Palafin-Hero, L50, M|88/100\n|turn|7\n|\n|t:|1776370378\n|move|p1a: Herc|Wave Crash|p2b: Rotom\n|-supereffective|p2b: Rotom|1\n|-damage|p2b: Rotom|0 fnt\n|faint|p2b: Rotom\n|-damage|p1a: Herc|68/100|[from] Recoil\n|move|p1b: Drizz Lord|Hurricane|p2a: Meganium\n|-supereffective|p2a: Meganium|1\n|-damage|p2a: Meganium|0 fnt\n|faint|p2a: Meganium\n|\n|win|edenborn\n|raw|edenborn's rating: 1174 &rarr; <strong>1195</strong><br />(+21 for winning)\n|raw|AdamDooDOo's rating: 1124 &rarr; <strong>1103</strong><br />(-21 for losing)\n|l|\u2606AdamDooDOo\n|player|p2|\n",
  "uploadtime": 1776370397,
  "views": 23,
  "formatid": "gen9championsvgc2026regma",
  "rating": 1103,
  "private": 0,
  "password": null
}