{
  "id": "gen9championsvgc2026regma-2588244882",
  "format": "[Gen 9 Champions] VGC 2026 Reg M-A",
  "players": [
    "coolguy58213",
    "tatsugirl i~"
  ],
  "log": "|j|\u2606coolguy58213\n|j|\u2606tatsugirl i~\n|html|<table width=\"100%\"><tr><td align=\"left\">coolguy58213</td><td align=\"right\">tatsugirl i~</tr><tr><td align=\"left\"><i class=\"fa fa-circle\"></i> <i class=\"fa fa-circle-o\"></i> </td><td align=\"right\"><i class=\"fa fa-circle-o\"></i> <i class=\"fa fa-circle-o\"></i> </tr></table>\n|uhtml|bestof|<h2><strong>Game 2</strong> of <a href=\"/game-bestof3-gen9championsvgc2026regma-2588243150\">a best-of-3</a></h2>\n|t:|1776617616\n|gametype|doubles\n|player|p1|coolguy58213|morty|\n|player|p2|tatsugirl i~|erika-gen2|\n|gen|9\n|tier|[Gen 9 Champions] VGC 2026 Reg M-A\n|rated|Tournament battle\n|rule|Species Clause: Limit one of each Pok\u00e9mon\n|rule|Item Clause: Limit 1 of each item\n|raw|<div class=\"infobox\"><details class=\"readmore\" open><summary><strong>1 custom rule:</strong></summary> Best of = 3</details></div>\n|clearpoke\n|poke|p1|Pelipper, L50, F|\n|poke|p1|Sneasler, L50, M|\n|poke|p1|Garchomp, L50, F|\n|poke|p1|Kingambit, L50, F|\n|poke|p1|Blastoise, L50, F|\n|poke|p1|Sinistcha, L50|\n|poke|p2|Whimsicott, L50, M|\n|poke|p2|Typhlosion-Hisui, L50, F|\n|poke|p2|Kingambit, L50, M|\n|poke|p2|Aerodactyl, L50, M|\n|poke|p2|Farigiraf, L50, F|\n|poke|p2|Rotom-Heat, L50|\n|teampreview|4\n|\n|t:|1776617643\n|teamsize|p1|4\n|teamsize|p2|4\n|start\n|switch|p1a: Sneasler|Sneasler, L50, M|100/100\n|switch|p1b: Pelipper|Pelipper, L50, F|100/100\n|switch|p2a: Whimsicott|Whimsicott, L50, M|100/100\n|switch|p2b: Aerodactyl|Aerodactyl, L50, M|100/100\n|-ability|p2b: Aerodactyl|Unnerve\n|-weather|RainDance|[from] ability: Drizzle|[of] p1b: Pelipper\n|turn|1\n|\n|t:|1776617657\n|detailschange|p2b: Aerodactyl|Aerodactyl-Mega, L50, M\n|-mega|p2b: Aerodactyl|Aerodactyl|Aerodactylite\n|move|p2a: Whimsicott|Sunny Day|p2a: Whimsicott\n|-weather|SunnyDay\n|move|p2b: Aerodactyl|Rock Slide|p1b: Pelipper|[spread] p1b\n|-miss|p2b: Aerodactyl|p1a: Sneasler\n|-supereffective|p1b: Pelipper|1\n|-damage|p1b: Pelipper|24/100\n|move|p1b: Pelipper|Weather Ball|p2b: Aerodactyl\n|-resisted|p2b: Aerodactyl|1\n|-damage|p2b: Aerodactyl|76/100\n|move|p1a: Sneasler|Dire Claw|p2a: Whimsicott\n|-supereffective|p2a: Whimsicott|2\n|-enditem|p2a: Whimsicott|Focus Sash\n|-damage|p2a: Whimsicott|1/100\n|\n|-weather|SunnyDay|[upkeep]\n|upkeep\n|turn|2\n|\n|t:|1776617691\n|switch|p1b: Kingambit|Kingambit, L50, F|100/100\n|switch|p2a: Kingambit|Kingambit, L50, M|100/100\n|move|p2b: Aerodactyl|Rock Slide|p1b: Kingambit|[spread] p1a,p1b\n|-resisted|p1a: Sneasler|1\n|-resisted|p1b: Kingambit|1\n|-damage|p1a: Sneasler|77/100\n|-damage|p1b: Kingambit|90/100\n|move|p1a: Sneasler|Rock Slide|p2b: Aerodactyl|[spread] p2b\n|-miss|p1a: Sneasler|p2a: Kingambit\n|-supereffective|p2b: Aerodactyl|1\n|-damage|p2b: Aerodactyl|32/100\n|\n|-weather|SunnyDay|[upkeep]\n|upkeep\n|turn|3\n|j|@radio free c-side\n|\n|t:|1776617722\n|switch|p1a: Pelipper|Pelipper, L50, F|24/100\n|-weather|RainDance|[from] ability: Drizzle|[of] p1a: Pelipper\n|switch|p2a: Farigiraf|Farigiraf, L50, F|100/100\n|move|p1b: Kingambit|Sucker Punch||[still]\n|cant|p2a: Farigiraf|ability: Armor Tail|Sucker Punch|[of] p1b: Kingambit\n|move|p2b: Aerodactyl|Dual Wingbeat|p1a: Pelipper\n|-damage|p1a: Pelipper|0 fnt\n|faint|p1a: Pelipper\n|-hitcount|p1: Pelipper|1\n|\n|-weather|RainDance|[upkeep]\n|upkeep\n|\n|t:|1776617733\n|switch|p1a: Blastoise|Blastoise, L50, F|100/100\n|turn|4\n|\n|t:|1776617752\n|detailschange|p1a: Blastoise|Blastoise-Mega, L50, F\n|-mega|p1a: Blastoise|Blastoise|Blastoisinite\n|move|p2a: Farigiraf|Helping Hand|p2b: Aerodactyl\n|-singleturn|p2b: Aerodactyl|Helping Hand|[of] p2a: Farigiraf\n|move|p2b: Aerodactyl|Rock Slide|p1a: Blastoise|[spread] p1a,p1b\n|-resisted|p1b: Kingambit|1\n|-damage|p1a: Blastoise|57/100\n|-damage|p1b: Kingambit|75/100\n|cant|p1a: Blastoise|flinch\n|cant|p1b: Kingambit|flinch\n|\n|-weather|RainDance|[upkeep]\n|upkeep\n|turn|5\n|c|\u2606coolguy58213|oml\n|c|\u2606tatsugirl i~|my skills are too good\n|\n|t:|1776617781\n|move|p2a: Farigiraf|Helping Hand|p2b: Aerodactyl\n|-singleturn|p2b: Aerodactyl|Helping Hand|[of] p2a: Farigiraf\n|move|p2b: Aerodactyl|Rock Slide|p1b: Kingambit|[spread] p1a,p1b\n|-resisted|p1b: Kingambit|1\n|-damage|p1a: Blastoise|12/100\n|-damage|p1b: Kingambit|58/100\n|cant|p1a: Blastoise|flinch\n|move|p1b: Kingambit|Kowtow Cleave|p2a: Farigiraf\n|-supereffective|p2a: Farigiraf|1\n|-damage|p2a: Farigiraf|0 fnt\n|faint|p2a: Farigiraf\n|\n|-weather|RainDance|[upkeep]\n|upkeep\n|c|\u2606coolguy58213|triple crit\n|c|\u2606coolguy58213|lol\n|\n|t:|1776617801\n|switch|p2a: Kingambit|Kingambit, L50, M|100/100\n|turn|6\n|\n|t:|1776617810\n|move|p2b: Aerodactyl|Wide Guard|p2b: Aerodactyl\n|-singleturn|p2b: Aerodactyl|Wide Guard\n|move|p1a: Blastoise|Water Spout|p2b: Aerodactyl|[spread] \n|-activate|p2a: Kingambit|move: Wide Guard\n|-activate|p2b: Aerodactyl|move: Wide Guard\n|move|p2a: Kingambit|Low Kick|p1b: Kingambit\n|-supereffective|p1b: Kingambit|2\n|-damage|p1b: Kingambit|0 fnt\n|faint|p1b: Kingambit\n|\n|-weather|RainDance|[upkeep]\n|upkeep\n|\n|t:|1776617818\n|switch|p1b: Sneasler|Sneasler, L50, M|77/100\n|turn|7\n|j| LUISD13G0com\n|\n|t:|1776617828\n|move|p2a: Kingambit|Sucker Punch|p1a: Blastoise\n|-damage|p1a: Blastoise|0 fnt\n|faint|p1a: Blastoise\n|move|p2b: Aerodactyl|Rock Slide|p1b: Sneasler\n|-resisted|p1b: Sneasler|1\n|-damage|p1b: Sneasler|45/100\n|cant|p1b: Sneasler|flinch\n|\n|-weather|none\n|upkeep\n|turn|8\n|-message|coolguy58213 forfeited.\n|\n|win|tatsugirl i~\n|l|\u2606coolguy58213\n|player|p1|\n||coolguy58213 is ready for game 3.\n|l|@radio free c-side\n||tatsugirl i~ is ready for game 3.\n|uhtml|next|Next: <a href=\"/battle-gen9championsvgc2026regma-2588247602\"><strong>Game 3 of 3</strong></a>\n",
  "uploadtime": 1776618114,
  "views": 7,
  "formatid": "gen9championsvgc2026regma",
  "rating": null,
  "private": 0,
  "password": null
}