{
  "id": "gen9championsvgc2026regma-2586634498",
  "format": "[Gen 9 Champions] VGC 2026 Reg M-A",
  "players": [
    "josh_in_da_hills",
    "intercharismatic"
  ],
  "log": "|j|\u2606josh_in_da_hills\n|j|\u2606intercharismatic\n|t:|1776448350\n|gametype|doubles\n|player|p1|josh_in_da_hills|psychic-gen4|\n|player|p2|intercharismatic|grimsley|\n|gen|9\n|tier|[Gen 9 Champions] VGC 2026 Reg M-A\n|rule|Species Clause: Limit one of each Pok\u00e9mon\n|rule|Item Clause: Limit 1 of each item\n|clearpoke\n|poke|p1|Glimmora, L50, F|\n|poke|p1|Volcarona, L50, F|\n|poke|p1|Gyarados, L50, F|\n|poke|p1|Corviknight, L50, F|\n|poke|p1|Garchomp, L50, F|\n|poke|p1|Ninetales-Alola, L50, F|\n|poke|p2|Gallade, L50, M|\n|poke|p2|Mudsdale, L50, M|\n|poke|p2|Torkoal, L50, F|\n|poke|p2|Medicham, L50, M|\n|poke|p2|Sableye, L50, F|\n|poke|p2|Ariados, L50, M|\n|teampreview|4\n|inactive|Battle timer is ON: inactive players will automatically lose when time's up. (requested by intercharismatic)\n|c|\u2606josh_in_da_hills|bro ima lock in trust\n|inactive|josh_in_da_hills has 60 seconds left.\n|inactive|intercharismatic has 60 seconds left.\njosh_in_da_hills has agreed to open team sheets.\n|inactive|josh_in_da_hills has 30 seconds left.\n|\n|t:|1776448414\n|teamsize|p1|4\n|teamsize|p2|4\n|start\n|switch|p1a: Worm|Gyarados, L50, F, shiny|100/100\n|switch|p1b: Bird ahh Bird|Corviknight, L50, F, shiny|100/100\n|switch|p2a: Torkoal|Torkoal, L50, F|100/100\n|switch|p2b: Sableye|Sableye, L50, F|100/100\n|-ability|p1a: Worm|Intimidate|boost\n|-unboost|p2a: Torkoal|atk|1\n|-unboost|p2b: Sableye|atk|1\n|-weather|SunnyDay|[from] ability: Drought|[of] p2a: Torkoal\n|turn|1\n|inactive|josh_in_da_hills has 30 seconds left.\n|inactive|josh_in_da_hills has 20 seconds left.\n|inactive|josh_in_da_hills has 15 seconds left.\n|inactive|josh_in_da_hills has 10 seconds left.\n|inactive|josh_in_da_hills has 5 seconds left.\n|\n|t:|1776448469\n|move|p1a: Worm|Protect|p1a: Worm\n|-singleturn|p1a: Worm|Protect\n|move|p2b: Sableye|Fake Out|p1a: Worm\n|-activate|p1a: Worm|move: Protect\n|move|p1b: Bird ahh Bird|Iron Defense|p1b: Bird ahh Bird\n|-boost|p1b: Bird ahh Bird|def|2\n|move|p2a: Torkoal|Weather Ball|p1b: Bird ahh Bird\n|-supereffective|p1b: Bird ahh Bird|1\n|-crit|p1b: Bird ahh Bird\n|-damage|p1b: Bird ahh Bird|0 fnt\n|faint|p1b: Bird ahh Bird\n|\n|-weather|SunnyDay|[upkeep]\n|upkeep\n|inactive|josh_in_da_hills has 30 seconds left.\n|inactive|josh_in_da_hills has 20 seconds left.\n|inactive|josh_in_da_hills has 15 seconds left.\n|inactive|josh_in_da_hills has 10 seconds left.\n|\n|t:|1776448517\n|switch|p1b: Chomper (ball)|Garchomp, L50, F, shiny|100/100\n|turn|2\n|\n|t:|1776448532\n|move|p2b: Sableye|Detect|p2b: Sableye\n|-singleturn|p2b: Sableye|Protect\n|move|p2a: Torkoal|Protect|p2a: Torkoal\n|-singleturn|p2a: Torkoal|Protect\n|move|p1b: Chomper (ball)|Earthquake|p2b: Sableye|[spread] \n|-activate|p2a: Torkoal|move: Protect\n|-activate|p2b: Sableye|move: Protect\n|-immune|p1a: Worm\n|move|p1a: Worm|Dragon Dance|p1a: Worm\n|-boost|p1a: Worm|atk|1\n|-boost|p1a: Worm|spe|1\n|\n|-weather|SunnyDay|[upkeep]\n|upkeep\n|turn|3\n|inactive|josh_in_da_hills has 30 seconds left.\n|inactive|josh_in_da_hills has 20 seconds left.\n|inactive|josh_in_da_hills has 15 seconds left.\n|\n|t:|1776448575\n|switch|p2a: Medicham|Medicham, L50, M, shiny|100/100\n|move|p2b: Sableye|Disable|p1b: Chomper (ball)\n|-start|p1b: Chomper (ball)|Disable|Earthquake\n|cant|p1b: Chomper (ball)|Disable|Earthquake\n|move|p1a: Worm|Crunch|p2b: Sableye\n|-damage|p2b: Sableye|57/100\n|\n|-weather|SunnyDay|[upkeep]\n|upkeep\n|turn|4\n|\n|t:|1776448594\n|move|p2b: Sableye|Disable|p1a: Worm\n|-start|p1a: Worm|Disable|Crunch\n|-activate|p1b: Chomper (ball)|move: Struggle\n|move|p1b: Chomper (ball)|Struggle|p2b: Sableye\n|-damage|p2b: Sableye|36/100\n|-damage|p1b: Chomper (ball)|75/100|[from] recoil\n|cant|p1a: Worm|Disable|Crunch\n|move|p2a: Medicham|Trick Room|p2a: Medicham\n|-fieldstart|move: Trick Room|[of] p2a: Medicham\n|\n|-weather|SunnyDay|[upkeep]\n|upkeep\n|turn|5\n|c|\u2606josh_in_da_hills|bruh disable is kinda no skill\n|inactive|josh_in_da_hills has 30 seconds left.\n|inactive|intercharismatic has 30 seconds left.\n|inactive|intercharismatic has 20 seconds left.\n|\n|t:|1776448631\n|switch|p2b: Gallade|Gallade, L50, M, shiny|100/100\n|detailschange|p1a: Worm|Gyarados-Mega, L50, F, shiny\n|-mega|p1a: Worm|Gyarados|Gyaradosite\n|-ability|p1a: Worm|Mold Breaker\n|move|p2a: Medicham|Skill Swap|p2b: Gallade\n|-activate|p2a: Medicham|Skill Swap|||[of] p2b: Gallade\n|move|p1a: Worm|Waterfall|p2b: Gallade\n|-damage|p2b: Gallade|66/100\n|-activate|p1b: Chomper (ball)|move: Struggle\n|move|p1b: Chomper (ball)|Struggle|p2a: Medicham\n|-crit|p2a: Medicham\n|-damage|p2a: Medicham|69/100\n|-damage|p1b: Chomper (ball)|50/100|[from] recoil\n|\n|-weather|none\n|upkeep\n|turn|6\n|c|\u2606josh_in_da_hills|I might lose again no way\n|inactive|josh_in_da_hills has 30 seconds left.\n|\n|t:|1776448657\n|switch|p1a: random bug i dunno|Volcarona, L50, F, shiny|100/100\n|move|p2b: Gallade|Close Combat|p1a: random bug i dunno\n|-resisted|p1a: random bug i dunno|1\n|-damage|p1a: random bug i dunno|46/100\n|-unboost|p2b: Gallade|def|1\n|-unboost|p2b: Gallade|spd|1\n|-status|p2b: Gallade|brn|[from] ability: Flame Body|[of] p1a: random bug i dunno\n|-enditem|p2b: Gallade|White Herb\n|-clearnegativeboost|p2b: Gallade|[silent]\n|move|p2a: Medicham|Psycho Cut|p1b: Chomper (ball)\n|-crit|p1b: Chomper (ball)\n|-damage|p1b: Chomper (ball)|9/100\n|-activate|p1b: Chomper (ball)|move: Struggle\n|move|p1b: Chomper (ball)|Struggle|p2b: Gallade\n|-damage|p2b: Gallade|47/100 brn\n|-damage|p1b: Chomper (ball)|0 fnt|[from] recoil\n|faint|p1b: Chomper (ball)\n|\n|-heal|p1a: random bug i dunno|52/100|[from] item: Leftovers\n|-damage|p2b: Gallade|42/100 brn|[from] brn\n|upkeep\n|\n|t:|1776448664\n|switch|p1b: Worm|Gyarados-Mega, L50, F, shiny|100/100\n|-ability|p1b: Worm|Mold Breaker\n|turn|7\n|\n|t:|1776448687\n|move|p2b: Gallade|Close Combat|p1b: Worm\n|-supereffective|p1b: Worm|1\n|-damage|p1b: Worm|5/100\n|-unboost|p2b: Gallade|def|1\n|-unboost|p2b: Gallade|spd|1\n|move|p2a: Medicham|Psycho Cut|p1a: random bug i dunno\n|-damage|p1a: random bug i dunno|22/100\n|move|p1b: Worm|Crunch|p2b: Gallade\n|-damage|p2b: Gallade|0 fnt\n|faint|p2b: Gallade\n|move|p1a: random bug i dunno|Heat Wave|p2a: Medicham\n|-crit|p2a: Medicham\n|-damage|p2a: Medicham|0 fnt\n|faint|p2a: Medicham\n|\n|-heal|p1a: random bug i dunno|28/100|[from] item: Leftovers\n|upkeep\n|\n|t:|1776448705\n|switch|p2b: Sableye|Sableye, L50, F|36/100\n|switch|p2a: Torkoal|Torkoal, L50, F|100/100\n|-weather|SunnyDay|[from] ability: Drought|[of] p2a: Torkoal\n|turn|8\n|\n|t:|1776448717\n|move|p1b: Worm|Protect|p1b: Worm\n|-singleturn|p1b: Worm|Protect\n|move|p2b: Sableye|Fake Out|p1b: Worm\n|-activate|p1b: Worm|move: Protect\n|move|p2a: Torkoal|Eruption|p1b: Worm|[spread] p1a\n|-activate|p1b: Worm|move: Protect\n|-crit|p1a: random bug i dunno\n|-damage|p1a: random bug i dunno|0 fnt\n|faint|p1a: random bug i dunno\n|\n|-weather|SunnyDay|[upkeep]\n|-fieldend|move: Trick Room\n|upkeep\n|turn|9\n|c|\u2606josh_in_da_hills|bruh no fricking way\n|\n|t:|1776448740\n|move|p1b: Worm|Waterfall|p2a: Torkoal\n|-supereffective|p2a: Torkoal|1\n|-damage|p2a: Torkoal|56/100\n|move|p2b: Sableye|Snarl|p1b: Worm\n|-resisted|p1b: Worm|1\n|-damage|p1b: Worm|0 fnt\n|faint|p1b: Worm\n|\n|win|intercharismatic\n|c|\u2606josh_in_da_hills|run it back\n",
  "uploadtime": 1776448760,
  "views": 39,
  "formatid": "gen9championsvgc2026regma",
  "rating": null,
  "private": 0,
  "password": null
}