{
  "id": "gen9championsvgc2026regma-2589428141",
  "format": "[Gen 9 Champions] VGC 2026 Reg M-A",
  "players": [
    "Bazmac636",
    "miujao4"
  ],
  "log": "|j|\u2606Bazmac636\n|j|\u2606miujao4\n|t:|1776722110\n|gametype|doubles\n|player|p1|Bazmac636|266|1137\n|player|p2|miujao4|kukui|1061\n|gen|9\n|tier|[Gen 9 Champions] VGC 2026 Reg M-A\n|rated|\n|rule|Species Clause: Limit one of each Pok\u00e9mon\n|rule|Item Clause: Limit 1 of each item\n|clearpoke\n|poke|p1|Gardevoir, L50, M|\n|poke|p1|Garchomp, L50, F|\n|poke|p1|Charizard, L50, M|\n|poke|p1|Venusaur, L50, F|\n|poke|p1|Whimsicott, L50, F|\n|poke|p1|Sneasler, L50, M|\n|poke|p2|Reuniclus, L50, M, shiny|\n|poke|p2|Gengar, L50, M, shiny|\n|poke|p2|Chandelure, L50, M|\n|poke|p2|Whimsicott, L50, M, shiny|\n|poke|p2|Farigiraf, L50, M|\n|poke|p2|Blastoise, L50, F, shiny|\n|teampreview|4\n|inactive|Battle timer is ON: inactive players will automatically lose when time's up. (requested by Bazmac636)\n|\n|t:|1776722141\n|teamsize|p1|4\n|teamsize|p2|4\n|start\n|switch|p1a: Whimsicott|Whimsicott, L50, F|100/100\n|switch|p1b: Gardevoir|Gardevoir, L50, M|100/100\n|switch|p2a: Blastoise|Blastoise, L50, F, shiny|100/100\n|switch|p2b: Whimsicott|Whimsicott, L50, M, shiny|100/100\n|-ability|p1b: Gardevoir|Prankster|Trace|[from] ability: Trace|[of] p2b: Whimsicott\n|turn|1\n|\n|t:|1776722153\n|detailschange|p1b: Gardevoir|Gardevoir-Mega, L50, M\n|-mega|p1b: Gardevoir|Gardevoir|Gardevoirite\n|move|p2a: Blastoise|Fake Out|p1a: Whimsicott\n|-damage|p1a: Whimsicott|90/100\n|cant|p1a: Whimsicott|flinch\n|move|p2b: Whimsicott|Tailwind|p2b: Whimsicott\n|-sidestart|p2: miujao4|move: Tailwind\n|move|p1b: Gardevoir|Hyper Voice|p2a: Blastoise|[spread] p2a,p2b\n|-damage|p2a: Blastoise|36/100\n|-damage|p2b: Whimsicott|19/100\n|\n|upkeep\n|turn|2\n|\n|t:|1776722168\n|move|p2b: Whimsicott|Taunt|p1a: Whimsicott\n|-start|p1a: Whimsicott|move: Taunt\n|cant|p1a: Whimsicott|move: Taunt|Tailwind\n|move|p2a: Blastoise|Muddy Water|p1b: Gardevoir|[spread] p1a,p1b\n|-resisted|p1a: Whimsicott|1\n|-damage|p1a: Whimsicott|61/100\n|-damage|p1b: Gardevoir|70/100\n|move|p1b: Gardevoir|Hyper Voice|p2b: Whimsicott|[spread] p2a,p2b\n|-crit|p2a: Blastoise\n|-damage|p2a: Blastoise|0 fnt\n|-damage|p2b: Whimsicott|0 fnt\n|faint|p2a: Blastoise\n|faint|p2b: Whimsicott\n|\n|upkeep\n|\n|t:|1776722177\n|switch|p2b: Farigiraf|Farigiraf, L50, M|100/100\n|switch|p2a: Reuniclus|Reuniclus, L50, M, shiny|100/100\n|turn|3\n|\n|t:|1776722185\n|move|p1a: Whimsicott|Moonblast|p2a: Reuniclus\n|-damage|p2a: Reuniclus|68/100\n|move|p1b: Gardevoir|Hyper Voice|p2a: Reuniclus|[spread] p2a,p2b\n|-damage|p2a: Reuniclus|17/100\n|-damage|p2b: Farigiraf|51/100\n|move|p2a: Reuniclus|Shadow Ball|p1b: Gardevoir\n|-supereffective|p1b: Gardevoir|1\n|-damage|p1b: Gardevoir|12/100\n|move|p2b: Farigiraf|Trick Room|p2b: Farigiraf\n|-fieldstart|move: Trick Room|[of] p2b: Farigiraf\n|\n|upkeep\n|turn|4\n|\n|t:|1776722205\n|move|p2a: Reuniclus|Psychic|p1a: Whimsicott\n|-damage|p1a: Whimsicott|0 fnt\n|faint|p1a: Whimsicott\n|move|p2b: Farigiraf|Hyper Voice|p1b: Gardevoir\n|-damage|p1b: Gardevoir|0 fnt\n|faint|p1b: Gardevoir\n|\n|-sideend|p2: miujao4|move: Tailwind\n|upkeep\n|\n|t:|1776722212\n|switch|p1b: Sneasler|Sneasler, L50, M|100/100\n|switch|p1a: Garchomp|Garchomp, L50, F|100/100\n|turn|5\n|\n|t:|1776722227\n|move|p1b: Sneasler|Fake Out||[still]\n|cant|p2b: Farigiraf|ability: Armor Tail|Fake Out|[of] p1b: Sneasler\n|move|p2a: Reuniclus|Psychic|p1b: Sneasler\n|-supereffective|p1b: Sneasler|2\n|-damage|p1b: Sneasler|0 fnt\n|faint|p1b: Sneasler\n|move|p2b: Farigiraf|Hyper Voice|p1a: Garchomp\n|-damage|p1a: Garchomp|43/100\n|-enditem|p1a: Garchomp|Sitrus Berry|[eat]\n|-heal|p1a: Garchomp|67/100|[from] item: Sitrus Berry\n|move|p1a: Garchomp|Earthquake|p2a: Reuniclus|[spread] p2a,p2b\n|-damage|p2a: Reuniclus|0 fnt\n|-damage|p2b: Farigiraf|10/100\n|faint|p2a: Reuniclus\n|\n|upkeep\n|turn|6\n|\n|t:|1776722241\n|move|p2b: Farigiraf|Psychic|p1a: Garchomp\n|-damage|p1a: Garchomp|18/100\n|move|p1a: Garchomp|Earthquake|p2b: Farigiraf\n|-damage|p2b: Farigiraf|0 fnt\n|faint|p2b: Farigiraf\n|\n|win|Bazmac636\n|raw|Bazmac636's rating: 1137 &rarr; <strong>1157</strong><br />(+20 for winning)\n|raw|miujao4's rating: 1061 &rarr; <strong>1046</strong><br />(-15 for losing)\n|l|\u2606miujao4\n|player|p2|\n",
  "uploadtime": 1776722247,
  "views": 4,
  "formatid": "gen9championsvgc2026regma",
  "rating": 1046,
  "private": 0,
  "password": null
}