{
  "id": "gen9championsvgc2026regma-2582735639",
  "format": "[Gen 9 Champions] VGC 2026 Reg M-A",
  "players": [
    "the_ag_is_fake",
    "loklastaji"
  ],
  "log": "|j|\u2606the_ag_is_fake\n|j|\u2606loklastaji\n|t:|1776110508\n|gametype|doubles\n|player|p1|the_ag_is_fake|rika|1350\n|player|p2|loklastaji|102|1369\n|gen|9\n|tier|[Gen 9 Champions] VGC 2026 Reg M-A\n|rated|\n|rule|Species Clause: Limit one of each Pok\u00e9mon\n|rule|Item Clause: Limit 1 of each item\n|clearpoke\n|poke|p1|Clefable, L50, F|\n|poke|p1|Incineroar, L50, F|\n|poke|p1|Kingambit, L50, M|\n|poke|p1|Sneasler, L50, M|\n|poke|p1|Kommo-o, L50, M|\n|poke|p1|Froslass, L50, F|\n|poke|p2|Samurott-Hisui, L50, M|\n|poke|p2|Mamoswine, L50, M|\n|poke|p2|Delphox, L50, M|\n|poke|p2|Tsareena, L50, F|\n|poke|p2|Corviknight, L50, F|\n|poke|p2|Altaria, L50, F|\n|teampreview|4\n|inactive|Battle timer is ON: inactive players will automatically lose when time's up. (requested by the_ag_is_fake)\n|inactive|the_ag_is_fake has 60 seconds left.\n|inactive|loklastaji has 60 seconds left.\n|inactive|loklastaji has 30 seconds left.\n|inactive|loklastaji has 20 seconds left.\n|inactive|loklastaji has 15 seconds left.\n|\n|t:|1776110590\n|teamsize|p1|4\n|teamsize|p2|4\n|start\n|switch|p1a: Incineroar|Incineroar, L50, F|100/100\n|switch|p1b: Kommo-o|Kommo-o, L50, M|100/100\n|switch|p2a: Delphox|Delphox, L50, M|100/100\n|switch|p2b: Samurott|Samurott-Hisui, L50, M|100/100\n|-ability|p1a: Incineroar|Intimidate|boost\n|-unboost|p2a: Delphox|atk|1\n|-unboost|p2b: Samurott|atk|1\n|-enditem|p2b: Samurott|White Herb\n|-clearnegativeboost|p2b: Samurott|[silent]\n|turn|1\n|\n|t:|1776110615\n|switch|p2b: Tsareena|Tsareena, L50, F|100/100\n|detailschange|p2a: Delphox|Delphox-Mega, L50, M\n|-mega|p2a: Delphox|Delphox|Delphoxite\n|move|p1a: Incineroar|Fake Out||[still]\n|cant|p2b: Tsareena|ability: Queenly Majesty|Fake Out|[of] p1a: Incineroar\n|move|p2a: Delphox|Psychic|p1b: Kommo-o\n|-supereffective|p1b: Kommo-o|1\n|-damage|p1b: Kommo-o|0 fnt\n|faint|p1b: Kommo-o\n|\n|upkeep\n|\n|t:|1776110620\n|switch|p1b: Sneasler|Sneasler, L50, M|100/100\n|turn|2\n|\n|t:|1776110633\n|move|p2a: Delphox|Psychic|p1b: Sneasler\n|-supereffective|p1b: Sneasler|2\n|-enditem|p1b: Sneasler|Focus Sash\n|-damage|p1b: Sneasler|1/100\n|-unboost|p1b: Sneasler|spd|1\n|move|p1b: Sneasler|Dire Claw|p2b: Tsareena\n|-supereffective|p2b: Tsareena|1\n|-damage|p2b: Tsareena|7/100\n|-status|p2b: Tsareena|psn|[from] ability: Poison Touch|[of] p1b: Sneasler\n|move|p2b: Tsareena|High Jump Kick|p1a: Incineroar\n|-supereffective|p1a: Incineroar|1\n|-damage|p1a: Incineroar|15/100\n|-enditem|p1a: Incineroar|Sitrus Berry|[eat]\n|-heal|p1a: Incineroar|40/100|[from] item: Sitrus Berry\n|move|p1a: Incineroar|Throat Chop|p2a: Delphox\n|-supereffective|p2a: Delphox|1\n|-damage|p2a: Delphox|12/100\n|-start|p2a: Delphox|Throat Chop|[silent]\n|\n|-damage|p2b: Tsareena|0 fnt|[from] psn\n|faint|p2b: Tsareena\n|upkeep\n|inactive|loklastaji has 30 seconds left.\n|\n|t:|1776110665\n|switch|p2b: Mamoswine|Mamoswine, L50, M|100/100\n|turn|3\n|\n|t:|1776110675\n|move|p2a: Delphox|Protect|p2a: Delphox\n|-singleturn|p2a: Delphox|Protect\n|move|p1b: Sneasler|Protect|p1b: Sneasler\n|-singleturn|p1b: Sneasler|Protect\n|move|p2b: Mamoswine|Earthquake|p1b: Sneasler|[spread] p1a\n|-activate|p2a: Delphox|move: Protect\n|-activate|p1b: Sneasler|move: Protect\n|-supereffective|p1a: Incineroar|1\n|-damage|p1a: Incineroar|0 fnt\n|faint|p1a: Incineroar\n|\n|-end|p2a: Delphox|Throat Chop|[silent]\n|upkeep\n|\n|t:|1776110682\n|switch|p1a: Kingambit|Kingambit, L50, M|100/100\n|turn|4\n|\n|t:|1776110694\n|switch|p2a: Samurott|Samurott-Hisui, L50, M|100/100\n|move|p1a: Kingambit|Sucker Punch||[still]\n|-fail|p1a: Kingambit\n|move|p2b: Mamoswine|Earthquake|p1b: Sneasler|[spread] p2a,p1a,p1b\n|-supereffective|p1a: Kingambit|1\n|-supereffective|p1b: Sneasler|1\n|-damage|p2a: Samurott|53/100\n|-damage|p1a: Kingambit|45/100\n|-damage|p1b: Sneasler|0 fnt\n|faint|p1b: Sneasler\n|\n|upkeep\n|turn|5\n|\n|t:|1776110715\n|switch|p2a: Delphox|Delphox-Mega, L50, M|12/100\n|move|p1a: Kingambit|Sucker Punch|p2b: Mamoswine\n|-damage|p2b: Mamoswine|47/100\n|move|p2b: Mamoswine|Earthquake|p1a: Kingambit|[spread] p1a\n|-immune|p2a: Delphox|[from] ability: Levitate\n|-supereffective|p1a: Kingambit|1\n|-damage|p1a: Kingambit|0 fnt\n|faint|p1a: Kingambit\n|\n|win|loklastaji\n|raw|the_ag_is_fake's rating: 1350 &rarr; <strong>1331</strong><br />(-19 for losing)\n|raw|loklastaji's rating: 1369 &rarr; <strong>1388</strong><br />(+19 for winning)\n|l|\u2606the_ag_is_fake\n|player|p1|\n",
  "uploadtime": 1776110715,
  "views": 44,
  "formatid": "gen9championsvgc2026regma",
  "rating": 1331,
  "private": 0,
  "password": null
}