{
  "id": "gen9championsvgc2026regma-2584792332",
  "format": "[Gen 9 Champions] VGC 2026 Reg M-A",
  "players": [
    "Barbie120",
    "SVasyl"
  ],
  "log": "|j|\u2606Barbie120\n|j|\u2606SVasyl\n|t:|1776283999\n|gametype|doubles\n|player|p1|Barbie120|265|1124\n|player|p2|SVasyl|bugcatcher-gen4dp|1047\n|gen|9\n|tier|[Gen 9 Champions] VGC 2026 Reg M-A\n|rated|\n|rule|Species Clause: Limit one of each Pok\u00e9mon\n|rule|Item Clause: Limit 1 of each item\n|clearpoke\n|poke|p1|Dragapult, L50, F|\n|poke|p1|Lucario, L50, M|\n|poke|p1|Volcarona, L50, F|\n|poke|p1|Goodra, L50, M|\n|poke|p1|Rotom-Wash, L50|\n|poke|p1|Incineroar, L50, F|\n|poke|p2|Froslass, L50, F|\n|poke|p2|Sneasler, L50, M|\n|poke|p2|Aerodactyl, L50, F|\n|poke|p2|Garchomp, L50, F|\n|poke|p2|Kingambit, L50, M|\n|poke|p2|Rotom, L50|\n|teampreview|4\n|inactive|Battle timer is ON: inactive players will automatically lose when time's up. (requested by SVasyl)\n|inactive|SVasyl has 60 seconds left.\n|inactive|SVasyl has 30 seconds left.\n|inactive|SVasyl has 20 seconds left.\n|inactive|SVasyl has 15 seconds left.\n|\n|t:|1776284091\n|teamsize|p1|4\n|teamsize|p2|4\n|start\n|switch|p1a: Volcarona|Volcarona, L50, F|100/100\n|switch|p1b: Dragapult|Dragapult, L50, F|100/100\n|switch|p2a: Sneasler|Sneasler, L50, M|100/100\n|switch|p2b: Rotom|Rotom, L50|100/100\n|turn|1\n|inactive|SVasyl has 30 seconds left.\n|inactive|SVasyl has 20 seconds left.\n|inactive|SVasyl has 15 seconds left.\n|inactive|SVasyl has 10 seconds left.\n|inactive|SVasyl has 5 seconds left.\n|\n|t:|1776284147\n|switch|p1a: Lucario|Lucario, L50, M|100/100\n|move|p1b: Dragapult|Beat Up|p1a: Lucario\n|-resisted|p1a: Lucario|1\n|-damage|p1a: Lucario|98/100\n|-ability|p1a: Lucario|Justified|boost\n|-boost|p1a: Lucario|atk|1\n|-resisted|p1a: Lucario|1\n|-damage|p1a: Lucario|95/100\n|-ability|p1a: Lucario|Justified|boost\n|-boost|p1a: Lucario|atk|1\n|-resisted|p1a: Lucario|1\n|-damage|p1a: Lucario|94/100\n|-ability|p1a: Lucario|Justified|boost\n|-boost|p1a: Lucario|atk|1\n|-resisted|p1a: Lucario|1\n|-damage|p1a: Lucario|91/100\n|-ability|p1a: Lucario|Justified|boost\n|-boost|p1a: Lucario|atk|1\n|-hitcount|p1a: Lucario|4\n|move|p2b: Rotom|Thunderbolt|p1b: Dragapult\n|-resisted|p1b: Dragapult|1\n|-damage|p1b: Dragapult|73/100\n|move|p2a: Sneasler|Dire Claw|p1a: Lucario\n|-immune|p1a: Lucario\n|\n|upkeep\n|turn|2\n|inactive|Barbie120 has 30 seconds left.\n|inactive|SVasyl has 30 seconds left.\n|inactive|SVasyl has 20 seconds left.\n|inactive|SVasyl has 15 seconds left.\n|inactive|SVasyl has 10 seconds left.\n|\n|t:|1776284197\n|move|p1a: Lucario|Detect|p1a: Lucario\n|-singleturn|p1a: Lucario|Protect\n|move|p1b: Dragapult|Will-O-Wisp|p2a: Sneasler\n|-status|p2a: Sneasler|brn\n|move|p2b: Rotom|Thunderbolt|p1b: Dragapult\n|-resisted|p1b: Dragapult|1\n|-damage|p1b: Dragapult|46/100\n|move|p2a: Sneasler|Close Combat|p1a: Lucario\n|-activate|p1a: Lucario|move: Protect\n|\n|-damage|p2a: Sneasler|95/100 brn|[from] brn\n|upkeep\n|turn|3\n|\n|t:|1776284218\n|switch|p2b: Garchomp|Garchomp, L50, F|100/100\n|detailschange|p1a: Lucario|Lucario-Mega, L50, M\n|-mega|p1a: Lucario|Lucario|Lucarionite\n|move|p1a: Lucario|Bullet Punch|p2a: Sneasler\n|-damage|p2a: Sneasler|5/100 brn\n|move|p1b: Dragapult|Light Screen|p1b: Dragapult\n|-sidestart|p1: Barbie120|move: Light Screen\n|move|p2a: Sneasler|Close Combat|p1a: Lucario\n|-supereffective|p1a: Lucario|1\n|-damage|p1a: Lucario|34/100\n|-unboost|p2a: Sneasler|def|1\n|-unboost|p2a: Sneasler|spd|1\n|-enditem|p2a: Sneasler|White Herb\n|-clearnegativeboost|p2a: Sneasler|[silent]\n|\n|-damage|p2a: Sneasler|0 fnt|[from] brn\n|faint|p2a: Sneasler\n|upkeep\n|inactive|SVasyl has 30 seconds left.\n|\n|t:|1776284243\n|switch|p2a: Rotom|Rotom, L50|100/100\n|turn|4\n|inactive|SVasyl has 30 seconds left.\n|\n|t:|1776284276\n|move|p1a: Lucario|Detect|p1a: Lucario\n|-singleturn|p1a: Lucario|Protect\n|move|p1b: Dragapult|Draco Meteor|p2b: Garchomp\n|-supereffective|p2b: Garchomp|1\n|-damage|p2b: Garchomp|0 fnt\n|-unboost|p1b: Dragapult|spa|2\n|faint|p2b: Garchomp\n|move|p2a: Rotom|Electroweb|p1b: Dragapult|[spread] p1b\n|-activate|p1a: Lucario|move: Protect\n|-resisted|p1b: Dragapult|1\n|-damage|p1b: Dragapult|38/100\n|\n|upkeep\n|\n|t:|1776284293\n|switch|p2b: Froslass|Froslass, L50, F|100/100\n|turn|5\n|\n|t:|1776284309\n|detailschange|p2b: Froslass|Froslass-Mega, L50, F\n|-mega|p2b: Froslass|Froslass|Froslassite\n|-weather|Snowscape|[from] ability: Snow Warning|[of] p2b: Froslass\n|move|p1a: Lucario|Bullet Punch|p2b: Froslass\n|-supereffective|p2b: Froslass|1\n|-damage|p2b: Froslass|0 fnt\n|faint|p2b: Froslass\n|move|p1b: Dragapult|Beat Up|p2a: Rotom\n|-supereffective|p2a: Rotom|1\n|-damage|p2a: Rotom|88/100\n|-supereffective|p2a: Rotom|1\n|-damage|p2a: Rotom|74/100\n|-supereffective|p2a: Rotom|1\n|-damage|p2a: Rotom|65/100\n|-supereffective|p2a: Rotom|1\n|-damage|p2a: Rotom|52/100\n|-hitcount|p2a: Rotom|4\n|move|p2a: Rotom|Electroweb|p1b: Dragapult|[spread] p1a,p1b\n|-resisted|p1b: Dragapult|1\n|-damage|p1a: Lucario|14/100\n|-damage|p1b: Dragapult|30/100\n|-unboost|p1a: Lucario|spe|1\n|\n|-weather|Snowscape|[upkeep]\n|upkeep\n|turn|6\n|\n|t:|1776284328\n|move|p1a: Lucario|Bullet Punch|p2a: Rotom\n|-resisted|p2a: Rotom|1\n|-damage|p2a: Rotom|0 fnt\n|faint|p2a: Rotom\n|\n|win|Barbie120\n|raw|Barbie120's rating: 1124 &rarr; <strong>1144</strong><br />(+20 for winning)\n|raw|SVasyl's rating: 1047 &rarr; <strong>1034</strong><br />(-13 for losing)\n|c|\u2606Barbie120|Gg\n",
  "uploadtime": 1776284337,
  "views": 26,
  "formatid": "gen9championsvgc2026regma",
  "rating": 1034,
  "private": 0,
  "password": null
}