{
  "id": "gen9championsvgc2026regma-2587322889",
  "format": "[Gen 9 Champions] VGC 2026 Reg M-A",
  "players": [
    "Jeremykhoo",
    "MRduck777"
  ],
  "log": "|j|\u2606Jeremykhoo\n|j|\u2606MRduck777\n|t:|1776521940\n|gametype|doubles\n|player|p1|Jeremykhoo|1|1122\n|player|p2|MRduck777|volkner|1036\n|gen|9\n|tier|[Gen 9 Champions] VGC 2026 Reg M-A\n|rated|\n|rule|Species Clause: Limit one of each Pok\u00e9mon\n|rule|Item Clause: Limit 1 of each item\n|clearpoke\n|poke|p1|Tyranitar, L50, M|\n|poke|p1|Whimsicott, L50, M|\n|poke|p1|Aggron, L50, M|\n|poke|p1|Drampa, L50, M|\n|poke|p1|Sylveon, L50, F|\n|poke|p1|Arcanine, L50, F|\n|poke|p2|Aegislash, L50, M|\n|poke|p2|Alakazam, L50, F|\n|poke|p2|Clawitzer, L50, F|\n|poke|p2|Froslass, L50, F|\n|poke|p2|Mr. Rime, L50, F|\n|poke|p2|Abomasnow, L50, M|\n|teampreview|4\n|inactive|Battle timer is ON: inactive players will automatically lose when time's up. (requested by MRduck777)\n|\n|t:|1776522026\n|teamsize|p1|4\n|teamsize|p2|4\n|start\n|switch|p1a: Arcanine|Arcanine, L50, F|100/100\n|switch|p1b: Whimsicott|Whimsicott, L50, M|100/100\n|switch|p2a: Aegislash|Aegislash, L50, M|100/100\n|switch|p2b: Mr. Rime|Mr. Rime, L50, F|100/100\n|-ability|p1a: Arcanine|Intimidate|boost\n|-unboost|p2a: Aegislash|atk|1\n|-unboost|p2b: Mr. Rime|atk|1\n|turn|1\n|\n|t:|1776522051\n|move|p2a: Aegislash|Wide Guard|p2a: Aegislash\n|-singleturn|p2a: Aegislash|Wide Guard\n|move|p1b: Whimsicott|Light Screen|p1b: Whimsicott\n|-sidestart|p1: Jeremykhoo|move: Light Screen\n|move|p1a: Arcanine|Flare Blitz|p2b: Mr. Rime\n|-supereffective|p2b: Mr. Rime|1\n|-enditem|p2b: Mr. Rime|Occa Berry|[eat]\n|-enditem|p2b: Mr. Rime|Occa Berry|[weaken]\n|-damage|p2b: Mr. Rime|48/100\n|-damage|p1a: Arcanine|87/100|[from] Recoil\n|move|p2b: Mr. Rime|Nasty Plot|p2b: Mr. Rime\n|-boost|p2b: Mr. Rime|spa|2\n|\n|upkeep\n|turn|2\n|inactive|Jeremykhoo has 30 seconds left.\n|inactive|Jeremykhoo has 20 seconds left.\n|inactive|Jeremykhoo has 15 seconds left.\n|\n|t:|1776522092\n|move|p1b: Whimsicott|Tailwind|p1b: Whimsicott\n|-sidestart|p1: Jeremykhoo|move: Tailwind\n|move|p1a: Arcanine|Flare Blitz|p2b: Mr. Rime\n|-supereffective|p2b: Mr. Rime|1\n|-damage|p2b: Mr. Rime|0 fnt\n|faint|p2b: Mr. Rime\n|-damage|p1a: Arcanine|75/100|[from] Recoil\n|-formechange|p2a: Aegislash|Aegislash-Blade|\n|move|p2a: Aegislash|Iron Head|p1b: Whimsicott\n|-supereffective|p1b: Whimsicott|1\n|-damage|p1b: Whimsicott|42/100\n|\n|upkeep\n|\n|t:|1776522104\n|switch|p2b: Clawitzer|Clawitzer, L50, F|100/100\n|turn|3\n|\n|t:|1776522124\n|switch|p1b: Aggron|Aggron, L50, M|100/100\n|move|p1a: Arcanine|Protect|p1a: Arcanine\n|-singleturn|p1a: Arcanine|Protect\n|-formechange|p2a: Aegislash|Aegislash|\n|move|p2a: Aegislash|King's Shield|p2a: Aegislash\n|-singleturn|p2a: Aegislash|Protect\n|move|p2b: Clawitzer|Chilling Water|p1a: Arcanine\n|-activate|p1a: Arcanine|move: Protect\n|\n|upkeep\n|turn|4\n|inactive|Jeremykhoo has 30 seconds left.\n|\n|t:|1776522154\n|switch|p1a: Tyranitar|Tyranitar, L50, M|100/100\n|-weather|Sandstorm|[from] ability: Sand Stream|[of] p1a: Tyranitar\n|switch|p2a: Alakazam|Alakazam, L50, F|100/100\n|detailschange|p1b: Aggron|Aggron-Mega, L50, M\n|-mega|p1b: Aggron|Aggron|Aggronite\n|move|p1b: Aggron|Body Press|p2b: Clawitzer\n|-damage|p2b: Clawitzer|45/100\n|move|p2b: Clawitzer|Chilling Water|p1b: Aggron\n|-damage|p1b: Aggron|88/100\n|-unboost|p1b: Aggron|atk|1\n|\n|-weather|Sandstorm|[upkeep]\n|-damage|p2b: Clawitzer|39/100|[from] Sandstorm\n|upkeep\n|turn|5\n|inactive|MRduck777 has 30 seconds left.\n|-message|MRduck777 forfeited.\n|\n|win|Jeremykhoo\n|raw|Jeremykhoo's rating: 1122 &rarr; <strong>1141</strong><br />(+19 for winning)\n|raw|MRduck777's rating: 1036 &rarr; <strong>1024</strong><br />(-12 for losing)\n|l|\u2606MRduck777\n|player|p2|\n",
  "uploadtime": 1776522187,
  "views": 18,
  "formatid": "gen9championsvgc2026regma",
  "rating": 1024,
  "private": 0,
  "password": null
}