{
  "id": "gen9championsvgc2026regma-2584629098",
  "format": "[Gen 9 Champions] VGC 2026 Reg M-A",
  "players": [
    "le volleyeur",
    "TopTierDegenerate"
  ],
  "log": "|j|\u2606le volleyeur\n|j|\u2606TopTierDegenerate\n|t:|1776273136\n|gametype|doubles\n|player|p1|le volleyeur|169|1045\n|player|p2|TopTierDegenerate|hooligans|1042\n|gen|9\n|tier|[Gen 9 Champions] VGC 2026 Reg M-A\n|rated|\n|rule|Species Clause: Limit one of each Pok\u00e9mon\n|rule|Item Clause: Limit 1 of each item\n|clearpoke\n|poke|p1|Gardevoir, L50, M|\n|poke|p1|Sinistcha, L50|\n|poke|p1|Camerupt, L50, M|\n|poke|p1|Armarouge, L50, M|\n|poke|p1|Aerodactyl, L50, F|\n|poke|p1|Infernape, L50, M|\n|poke|p2|Meganium, L50, F|\n|poke|p2|Dragapult, L50, F|\n|poke|p2|Pelipper, L50, F|\n|poke|p2|Rotom-Wash, L50|\n|poke|p2|Maushold-Four, L50|\n|poke|p2|Excadrill, L50, M|\n|teampreview|4\n|inactive|Battle timer is ON: inactive players will automatically lose when time's up. (requested by le volleyeur)\n|inactive|TopTierDegenerate has 60 seconds left.\n|\n|t:|1776273189\n|teamsize|p1|4\n|teamsize|p2|4\n|start\n|switch|p1a: Infernape|Infernape, L50, M|100/100\n|switch|p1b: Aerodactyl|Aerodactyl, L50, F|100/100\n|switch|p2a: Pelipper|Pelipper, L50, F|100/100\n|switch|p2b: Dragapult|Dragapult, L50, F|100/100\n|-ability|p1b: Aerodactyl|Unnerve\n|-weather|RainDance|[from] ability: Drizzle|[of] p2a: Pelipper\n|turn|1\n|inactive|TopTierDegenerate has 30 seconds left.\n|\n|t:|1776273222\n|move|p2a: Pelipper|Protect|p2a: Pelipper\n|-singleturn|p2a: Pelipper|Protect\n|move|p1a: Infernape|Fake Out|p2a: Pelipper\n|-activate|p2a: Pelipper|move: Protect\n|move|p2b: Dragapult|Will-O-Wisp|p1b: Aerodactyl\n|-status|p1b: Aerodactyl|brn\n|move|p1b: Aerodactyl|Tailwind|p1b: Aerodactyl\n|-sidestart|p1: le volleyeur|move: Tailwind\n|\n|-weather|RainDance|[upkeep]\n|-damage|p1b: Aerodactyl|95/100 brn|[from] brn\n|upkeep\n|turn|2\n|inactive|TopTierDegenerate has 30 seconds left.\n|inactive|TopTierDegenerate has 20 seconds left.\n|inactive|TopTierDegenerate has 15 seconds left.\n|inactive|TopTierDegenerate has 10 seconds left.\n|inactive|TopTierDegenerate has 5 seconds left.\n|\n|t:|1776273276\n|move|p1b: Aerodactyl|Protect|p1b: Aerodactyl\n|-singleturn|p1b: Aerodactyl|Protect\n|move|p1a: Infernape|U-turn|p2b: Dragapult\n|-resisted|p2b: Dragapult|1\n|-damage|p2b: Dragapult|88/100\n|\n|t:|1776273286\n|switch|p1a: Gardevoir|Gardevoir, L50, M|100/100|[from] U-turn\n|move|p2b: Dragapult|Dragon Darts|p1a: Gardevoir\n|-immune|p1a: Gardevoir\n|move|p2a: Pelipper|Tailwind|p2a: Pelipper\n|-sidestart|p2: TopTierDegenerate|move: Tailwind\n|\n|-weather|RainDance|[upkeep]\n|-damage|p1b: Aerodactyl|89/100 brn|[from] brn\n|upkeep\n|turn|3\n|inactive|le volleyeur has 30 seconds left.\n|inactive|TopTierDegenerate has 30 seconds left.\n|\n|t:|1776273313\n|switch|p1b: Sinistcha|Sinistcha, L50|100/100\n|detailschange|p1a: Gardevoir|Gardevoir-Mega, L50, M\n|-mega|p1a: Gardevoir|Gardevoir|Gardevoirite\n|move|p2a: Pelipper|Protect|p2a: Pelipper\n|-singleturn|p2a: Pelipper|Protect\n|move|p2b: Dragapult|U-turn|p1a: Gardevoir\n|-damage|p1a: Gardevoir|56/100\n|\n|t:|1776273330\n|switch|p2b: Rotom|Rotom-Wash, L50|100/100|[from] U-turn\n|move|p1a: Gardevoir|Calm Mind|p1a: Gardevoir\n|-boost|p1a: Gardevoir|spa|1\n|-boost|p1a: Gardevoir|spd|1\n|\n|-weather|RainDance|[upkeep]\n|upkeep\n|turn|4\n|inactive|le volleyeur has 30 seconds left.\n|\n|t:|1776273364\n|move|p1b: Sinistcha|Rage Powder|p1b: Sinistcha\n|-singleturn|p1b: Sinistcha|move: Rage Powder\n|move|p1a: Gardevoir|Hyper Voice|p2a: Pelipper|[spread] p2a,p2b\n|-crit|p2b: Rotom\n|-damage|p2a: Pelipper|27/100\n|-damage|p2b: Rotom|0 fnt\n|faint|p2b: Rotom\n|move|p2a: Pelipper|Hurricane|p1b: Sinistcha\n|-supereffective|p1b: Sinistcha|1\n|-damage|p1b: Sinistcha|5/100\n|\n|-weather|RainDance|[upkeep]\n|-sideend|p1: le volleyeur|move: Tailwind\n|upkeep\n|\n|t:|1776273375\n|switch|p2b: Dragapult|Dragapult, L50, F|88/100\n|turn|5\n|\n|t:|1776273397\n|move|p1b: Sinistcha|Rage Powder|p1b: Sinistcha\n|-singleturn|p1b: Sinistcha|move: Rage Powder\n|move|p2b: Dragapult|Phantom Force||[still]\n|-prepare|p2b: Dragapult|Phantom Force\n|move|p2a: Pelipper|Hurricane|p1b: Sinistcha\n|-supereffective|p1b: Sinistcha|1\n|-damage|p1b: Sinistcha|0 fnt\n|faint|p1b: Sinistcha\n|move|p1a: Gardevoir|Hyper Voice|p2b: Dragapult|[spread] p2a\n|-miss|p1a: Gardevoir|p2b: Dragapult\n|-damage|p2a: Pelipper|0 fnt\n|faint|p2a: Pelipper\n|\n|-weather|none\n|-sideend|p2: TopTierDegenerate|move: Tailwind\n|upkeep\n|\n|t:|1776273410\n|switch|p2a: Meganium|Meganium, L50, F|100/100\n|switch|p1b: Infernape|Infernape, L50, M|100/100\n|turn|6\n|\n|t:|1776273435\n|detailschange|p2a: Meganium|Meganium-Mega, L50, F\n|-mega|p2a: Meganium|Meganium|Meganiumite\n|move|p1a: Gardevoir|Protect|p1a: Gardevoir\n|-singleturn|p1a: Gardevoir|Protect\n|move|p2a: Meganium|Protect|p2a: Meganium\n|-singleturn|p2a: Meganium|Protect\n|move|p1b: Infernape|Fake Out|p2a: Meganium\n|-activate|p2a: Meganium|move: Protect\n|move|p2b: Dragapult|Phantom Force|p1a: Gardevoir|[from] lockedmove\n|-activate|p1a: Gardevoir|move: Phantom Force|[broken]\n|-supereffective|p1a: Gardevoir|1\n|-damage|p1a: Gardevoir|0 fnt\n|faint|p1a: Gardevoir\n|\n|upkeep\n|-message|le volleyeur forfeited.\n|\n|win|TopTierDegenerate\n|raw|le volleyeur's rating: 1045 &rarr; <strong>1028</strong><br />(-17 for losing)\n|raw|TopTierDegenerate's rating: 1042 &rarr; <strong>1076</strong><br />(+34 for winning)\n|l|\u2606le volleyeur\n|player|p1|\n",
  "uploadtime": 1776273468,
  "views": 27,
  "formatid": "gen9championsvgc2026regma",
  "rating": 1028,
  "private": 0,
  "password": null
}