{
  "id": "gen9championsvgc2026regma-2588707264",
  "format": "[Gen 9 Champions] VGC 2026 Reg M-A",
  "players": [
    "MilkTeaWayGalaxy",
    "ohsogravity"
  ],
  "log": "|j|\u2606MilkTeaWayGalaxy\n|j|\u2606ohsogravity\n|t:|1776660154\n|gametype|doubles\n|player|p1|MilkTeaWayGalaxy|rosa-pokestar3|1420\n|player|p2|ohsogravity|101|1358\n|gen|9\n|tier|[Gen 9 Champions] VGC 2026 Reg M-A\n|rated|\n|rule|Species Clause: Limit one of each Pok\u00e9mon\n|rule|Item Clause: Limit 1 of each item\n|clearpoke\n|poke|p1|Froslass, L50, F, shiny|\n|poke|p1|Sinistcha, L50|\n|poke|p1|Kingambit, L50, F|\n|poke|p1|Sneasler, L50, M|\n|poke|p1|Incineroar, L50, F, shiny|\n|poke|p1|Basculegion, L50, M|\n|poke|p2|Milotic, L50, M|\n|poke|p2|Delphox, L50, F, shiny|\n|poke|p2|Floette-Eternal, L50, F, shiny|\n|poke|p2|Sneasler, L50, F|\n|poke|p2|Sinistcha-Masterpiece, L50, shiny|\n|poke|p2|Incineroar, L50, F, shiny|\n|teampreview|4\n|inactive|Battle timer is ON: inactive players will automatically lose when time's up. (requested by ohsogravity)\n|inactive|MilkTeaWayGalaxy has 60 seconds left.\n|\n|t:|1776660200\n|teamsize|p1|4\n|teamsize|p2|4\n|start\n|switch|p1a: Froslass|Froslass, L50, F, shiny|100/100\n|switch|p1b: Basculegion|Basculegion, L50, M|100/100\n|switch|p2a: Sneasler|Sneasler, L50, F|100/100\n|switch|p2b: Delphox|Delphox, L50, F, shiny|100/100\n|turn|1\n|inactive|ohsogravity has 30 seconds left.\n|\n|t:|1776660231\n|move|p1a: Froslass|Protect|p1a: Froslass\n|-singleturn|p1a: Froslass|Protect\n|move|p2b: Delphox|Protect|p2b: Delphox\n|-singleturn|p2b: Delphox|Protect\n|move|p1b: Basculegion|Aqua Jet|p2b: Delphox\n|-activate|p2b: Delphox|move: Protect\n|move|p2a: Sneasler|Throat Chop|p1b: Basculegion\n|-supereffective|p1b: Basculegion|1\n|-damage|p1b: Basculegion|34/100\n|-start|p1b: Basculegion|Throat Chop|[silent]\n|\n|upkeep\n|turn|2\n|inactive|ohsogravity has 30 seconds left.\n|inactive|ohsogravity has 20 seconds left.\n|\n|t:|1776660269\n|switch|p2b: Incineroar|Incineroar, L50, F, shiny|100/100\n|-ability|p2b: Incineroar|Intimidate|boost\n|-unboost|p1a: Froslass|atk|1\n|-unboost|p1b: Basculegion|atk|1\n|detailschange|p1a: Froslass|Froslass-Mega, L50, F, shiny\n|-mega|p1a: Froslass|Froslass|Froslassite\n|-weather|Snowscape|[from] ability: Snow Warning|[of] p1a: Froslass\n|move|p1b: Basculegion|Aqua Jet|p2b: Incineroar\n|-supereffective|p2b: Incineroar|1\n|-damage|p2b: Incineroar|66/100\n|move|p1a: Froslass|Aurora Veil|p1a: Froslass\n|-sidestart|p1: MilkTeaWayGalaxy|move: Aurora Veil\n|move|p2a: Sneasler|Throat Chop|p1a: Froslass\n|-supereffective|p1a: Froslass|1\n|-damage|p1a: Froslass|60/100\n|-start|p1a: Froslass|Throat Chop|[silent]\n|\n|-weather|Snowscape|[upkeep]\n|-end|p1b: Basculegion|Throat Chop|[silent]\n|upkeep\n|turn|3\n|inactive|MilkTeaWayGalaxy has 30 seconds left.\n|inactive|ohsogravity has 30 seconds left.\n|inactive|MilkTeaWayGalaxy has 20 seconds left.\n|inactive|ohsogravity has 20 seconds left.\n|inactive|ohsogravity has 15 seconds left.\n|\n|t:|1776660317\n|switch|p1a: Sinistcha|Sinistcha, L50|100/100\n|-heal|p1b: Basculegion|59/100|[from] ability: Hospitality|[of] p1a: Sinistcha\n|move|p1b: Basculegion|Protect|p1b: Basculegion\n|-singleturn|p1b: Basculegion|Protect\n|move|p2a: Sneasler|Throat Chop|p1b: Basculegion\n|-activate|p1b: Basculegion|move: Protect\n|move|p2b: Incineroar|Throat Chop|p1a: Sinistcha\n|-supereffective|p1a: Sinistcha|1\n|-damage|p1a: Sinistcha|61/100\n|-start|p1a: Sinistcha|Throat Chop|[silent]\n|\n|-weather|Snowscape|[upkeep]\n|upkeep\n|turn|4\n|\n|t:|1776660339\n|switch|p1b: Kingambit|Kingambit, L50, F|100/100\n|move|p2a: Sneasler|Throat Chop|p1b: Kingambit\n|-resisted|p1b: Kingambit|1\n|-damage|p1b: Kingambit|92/100\n|-start|p1b: Kingambit|Throat Chop|[silent]\n|move|p1a: Sinistcha|Life Dew|p1a: Sinistcha|[spread] p1a,p1b\n|-heal|p1a: Sinistcha|86/100\n|-heal|p1b: Kingambit|100/100\n|move|p2b: Incineroar|Flare Blitz|p1a: Sinistcha\n|-supereffective|p1a: Sinistcha|1\n|-damage|p1a: Sinistcha|32/100\n|-enditem|p1a: Sinistcha|Sitrus Berry|[eat]\n|-heal|p1a: Sinistcha|57/100|[from] item: Sitrus Berry\n|-damage|p2b: Incineroar|52/100|[from] Recoil\n|\n|-weather|Snowscape|[upkeep]\n|-end|p1a: Sinistcha|Throat Chop|[silent]\n|upkeep\n|turn|5\n|inactive|ohsogravity has 30 seconds left.\n|\n|t:|1776660370\n|switch|p1a: Basculegion|Basculegion, L50, M|59/100\n|switch|p1b: Froslass|Froslass-Mega, L50, F, shiny|60/100\n|move|p2a: Sneasler|Close Combat|p1b: Froslass\n|-immune|p1b: Froslass\n|move|p2b: Incineroar|Flare Blitz|p1b: Froslass\n|-supereffective|p1b: Froslass|1\n|-damage|p1b: Froslass|0 fnt\n|faint|p1b: Froslass\n|-damage|p2b: Incineroar|37/100|[from] Recoil\n|\n|-weather|Snowscape|[upkeep]\n|upkeep\n|\n|t:|1776660380\n|switch|p1b: Sinistcha|Sinistcha, L50|57/100\n|-heal|p1a: Basculegion|84/100|[from] ability: Hospitality|[of] p1b: Sinistcha\n|turn|6\n|\n|t:|1776660395\n|switch|p2b: Sinistcha|Sinistcha-Masterpiece, L50, shiny|100/100\n|move|p1a: Basculegion|Aqua Jet|p2b: Sinistcha\n|-resisted|p2b: Sinistcha|1\n|-damage|p2b: Sinistcha|86/100\n|move|p2a: Sneasler|Throat Chop|p1a: Basculegion\n|-supereffective|p1a: Basculegion|1\n|-damage|p1a: Basculegion|42/100\n|-start|p1a: Basculegion|Throat Chop|[silent]\n|move|p1b: Sinistcha|Life Dew|p1b: Sinistcha|[spread] p1a,p1b\n|-heal|p1a: Basculegion|67/100\n|-heal|p1b: Sinistcha|82/100\n|\n|-weather|none\n|-sideend|p1: MilkTeaWayGalaxy|move: Aurora Veil\n|upkeep\n|turn|7\n|\n|t:|1776660415\n|switch|p2b: Incineroar|Incineroar, L50, F, shiny|37/100\n|-ability|p2b: Incineroar|Intimidate|boost\n|-unboost|p1a: Basculegion|atk|1\n|-unboost|p1b: Sinistcha|atk|1\n|move|p1b: Sinistcha|Rage Powder|p1b: Sinistcha\n|-singleturn|p1b: Sinistcha|move: Rage Powder\n|move|p2a: Sneasler|Dire Claw|p1b: Sinistcha\n|-damage|p1b: Sinistcha|41/100\n|move|p1a: Basculegion|Last Respects|p2b: Incineroar\n|-resisted|p2b: Incineroar|1\n|-damage|p2b: Incineroar|19/100\n|\n|-end|p1a: Basculegion|Throat Chop|[silent]\n|upkeep\n|turn|8\n|inactive|ohsogravity has 30 seconds left.\n|inactive|MilkTeaWayGalaxy has 30 seconds left.\n|\n|t:|1776660449\n|switch|p1b: Kingambit|Kingambit, L50, F|100/100\n|move|p2a: Sneasler|Throat Chop|p1b: Kingambit\n|-resisted|p1b: Kingambit|1\n|-damage|p1b: Kingambit|89/100\n|-start|p1b: Kingambit|Throat Chop|[silent]\n|move|p1a: Basculegion|Wave Crash|p2a: Sneasler\n|-damage|p2a: Sneasler|0 fnt\n|faint|p2a: Sneasler\n|-damage|p1a: Basculegion|43/100|[from] Recoil\n|move|p2b: Incineroar|Parting Shot|p1a: Basculegion\n|-unboost|p1a: Basculegion|atk|1\n|-unboost|p1a: Basculegion|spa|1\n|\n|t:|1776660462\n|switch|p2b: Sinistcha|Sinistcha-Masterpiece, L50, shiny|86/100|[from] Parting Shot\n|\n|upkeep\n|\n|t:|1776660470\n|switch|p2a: Incineroar|Incineroar, L50, F, shiny|19/100\n|-ability|p2a: Incineroar|Intimidate|boost\n|-unboost|p1a: Basculegion|atk|1\n|-unboost|p1b: Kingambit|atk|1\n|-ability|p1b: Kingambit|Defiant|boost\n|-boost|p1b: Kingambit|atk|2\n|turn|9\n|\n|t:|1776660493\n|switch|p1a: Sinistcha|Sinistcha, L50|41/100\n|-heal|p1b: Kingambit|100/100|[from] ability: Hospitality|[of] p1a: Sinistcha\n|move|p2a: Incineroar|Fake Out|p1b: Kingambit\n|-resisted|p1b: Kingambit|1\n|-damage|p1b: Kingambit|96/100\n|move|p2b: Sinistcha|Matcha Gotcha|p1a: Sinistcha|[spread] p1a,p1b\n|-resisted|p1a: Sinistcha|1\n|-resisted|p1b: Kingambit|1\n|-damage|p1a: Sinistcha|30/100\n|-heal|p2b: Sinistcha|91/100|[from] drain|[of] p1a: Sinistcha\n|-damage|p1b: Kingambit|87/100\n|-heal|p2b: Sinistcha|96/100|[from] drain|[of] p1b: Kingambit\n|cant|p1b: Kingambit|flinch\n|\n|-end|p1b: Kingambit|Throat Chop|[silent]\n|upkeep\n|turn|10\n|inactive|ohsogravity has 30 seconds left.\n|\n|t:|1776660521\n|switch|p2a: Delphox|Delphox, L50, F, shiny|100/100\n|move|p2b: Sinistcha|Protect|p2b: Sinistcha\n|-singleturn|p2b: Sinistcha|Protect\n|move|p1a: Sinistcha|Life Dew|p1a: Sinistcha|[spread] p1a,p1b\n|-heal|p1a: Sinistcha|55/100\n|-heal|p1b: Kingambit|100/100\n|move|p1b: Kingambit|Kowtow Cleave|p2b: Sinistcha\n|-activate|p2b: Sinistcha|move: Protect\n|\n|upkeep\n|turn|11\n|inactive|MilkTeaWayGalaxy has 30 seconds left.\n|\n|t:|1776660554\n|detailschange|p2a: Delphox|Delphox-Mega, L50, F, shiny\n|-mega|p2a: Delphox|Delphox|Delphoxite\n|move|p2a: Delphox|Heat Wave|p1b: Kingambit|[spread] p1a,p1b\n|-supereffective|p1a: Sinistcha|1\n|-supereffective|p1b: Kingambit|1\n|-damage|p1a: Sinistcha|0 fnt\n|-damage|p1b: Kingambit|26/100\n|faint|p1a: Sinistcha\n|move|p2b: Sinistcha|Matcha Gotcha|p1b: Kingambit|[miss]\n|-miss|p2b: Sinistcha|p1b: Kingambit\n|move|p1b: Kingambit|Kowtow Cleave|p2b: Sinistcha\n|-supereffective|p2b: Sinistcha|1\n|-damage|p2b: Sinistcha|0 fnt\n|faint|p2b: Sinistcha\n|\n|upkeep\n|\n|t:|1776660566\n|switch|p2b: Incineroar|Incineroar, L50, F, shiny|19/100\n|switch|p1a: Basculegion|Basculegion, L50, M|43/100\n|-ability|p2b: Incineroar|Intimidate|boost\n|-unboost|p1a: Basculegion|atk|1\n|-unboost|p1b: Kingambit|atk|1\n|-ability|p1b: Kingambit|Defiant|boost\n|-boost|p1b: Kingambit|atk|2\n|turn|12\n|\n|t:|1776660576\n|move|p1a: Basculegion|Protect|p1a: Basculegion\n|-singleturn|p1a: Basculegion|Protect\n|move|p1b: Kingambit|Protect|p1b: Kingambit\n|-singleturn|p1b: Kingambit|Protect\n|move|p2b: Incineroar|Fake Out|p1b: Kingambit\n|-activate|p1b: Kingambit|move: Protect\n|move|p2a: Delphox|Heat Wave|p1a: Basculegion|[spread] \n|-activate|p1a: Basculegion|move: Protect\n|-activate|p1b: Kingambit|move: Protect\n|\n|upkeep\n|turn|13\n|\n|t:|1776660592\n|move|p1a: Basculegion|Aqua Jet|p2b: Incineroar\n|-supereffective|p2b: Incineroar|1\n|-damage|p2b: Incineroar|0 fnt\n|faint|p2b: Incineroar\n|move|p1b: Kingambit|Sucker Punch|p2a: Delphox\n|-supereffective|p2a: Delphox|1\n|-damage|p2a: Delphox|0 fnt\n|faint|p2a: Delphox\n|\n|win|MilkTeaWayGalaxy\n|raw|MilkTeaWayGalaxy's rating: 1420 &rarr; <strong>1436</strong><br />(+16 for winning)\n|raw|ohsogravity's rating: 1358 &rarr; <strong>1342</strong><br />(-16 for losing)\n",
  "uploadtime": 1776660603,
  "views": 6,
  "formatid": "gen9championsvgc2026regma",
  "rating": 1342,
  "private": 0,
  "password": null
}