{
  "id": "gen9championsvgc2026regma-2582538811",
  "format": "[Gen 9 Champions] VGC 2026 Reg M-A",
  "players": [
    "Evil Yarrack",
    "okstew"
  ],
  "log": "|j|\u2606Evil Yarrack\n|j|\u2606okstew\n|t:|1776098082\n|gametype|doubles\n|player|p1|Evil Yarrack|youngster-gen4dp|1399\n|player|p2|okstew|schoolkid-gen4dp|1333\n|gen|9\n|tier|[Gen 9 Champions] VGC 2026 Reg M-A\n|rated|\n|rule|Species Clause: Limit one of each Pok\u00e9mon\n|rule|Item Clause: Limit 1 of each item\n|clearpoke\n|poke|p1|Lycanroc, L50, F|\n|poke|p1|Tyranitar, L50, M|\n|poke|p1|Sinistcha, L50|\n|poke|p1|Basculegion, L50, M|\n|poke|p1|Scizor, L50, M|\n|poke|p1|Lopunny, L50, F|\n|poke|p2|Froslass, L50, F|\n|poke|p2|Sinistcha, L50|\n|poke|p2|Incineroar, L50, F|\n|poke|p2|Rotom-Wash, L50|\n|poke|p2|Corviknight, L50, M|\n|poke|p2|Sneasler, L50, M|\n|teampreview|4\n|inactive|Battle timer is ON: inactive players will automatically lose when time's up. (requested by Evil Yarrack)\n|\n|t:|1776098102\n|teamsize|p1|4\n|teamsize|p2|4\n|start\n|switch|p1a: Lycanroc|Lycanroc, L50, F|100/100\n|switch|p1b: Tyranitar|Tyranitar, L50, M|100/100\n|switch|p2a: Froslass|Froslass, L50, F|100/100\n|switch|p2b: Incineroar|Incineroar, L50, F|100/100\n|-weather|Sandstorm|[from] ability: Sand Stream|[of] p1b: Tyranitar\n|-ability|p2b: Incineroar|Intimidate|boost\n|-unboost|p1a: Lycanroc|atk|1\n|-unboost|p1b: Tyranitar|atk|1\n|turn|1\n|\n|t:|1776098117\n|move|p2a: Froslass|Protect|p2a: Froslass\n|-singleturn|p2a: Froslass|Protect\n|move|p1b: Tyranitar|Protect|p1b: Tyranitar\n|-singleturn|p1b: Tyranitar|Protect\n|move|p1a: Lycanroc|Rock Slide|p2a: Froslass|[spread] p2b\n|-activate|p2a: Froslass|move: Protect\n|-supereffective|p2b: Incineroar|1\n|-damage|p2b: Incineroar|62/100\n|move|p2b: Incineroar|Parting Shot|p1b: Tyranitar\n|-activate|p1b: Tyranitar|move: Protect\n|\n|-weather|Sandstorm|[upkeep]\n|-damage|p2a: Froslass|94/100|[from] Sandstorm\n|-damage|p2b: Incineroar|56/100|[from] Sandstorm\n|upkeep\n|turn|2\n|\n|t:|1776098130\n|switch|p2a: Sinistcha|Sinistcha, L50|100/100\n|-heal|p2b: Incineroar|81/100|[from] ability: Hospitality|[of] p2a: Sinistcha\n|detailschange|p1b: Tyranitar|Tyranitar-Mega, L50, M\n|-mega|p1b: Tyranitar|Tyranitar|Tyranitarite\n|move|p1a: Lycanroc|Rock Slide|p2b: Incineroar|[spread] p2a,p2b\n|-crit|p2a: Sinistcha\n|-supereffective|p2b: Incineroar|1\n|-damage|p2a: Sinistcha|69/100\n|-damage|p2b: Incineroar|48/100\n|move|p1b: Tyranitar|Rock Slide|p2b: Incineroar|[spread] p2a\n|-miss|p1b: Tyranitar|p2b: Incineroar\n|-damage|p2a: Sinistcha|52/100\n|move|p2b: Incineroar|Parting Shot|p1b: Tyranitar\n|-unboost|p1b: Tyranitar|atk|1\n|-unboost|p1b: Tyranitar|spa|1\n|\n|t:|1776098144\n|switch|p2b: Froslass|Froslass, L50, F|94/100|[from] Parting Shot\n|\n|-weather|Sandstorm|[upkeep]\n|-damage|p2b: Froslass|88/100|[from] Sandstorm\n|-damage|p2a: Sinistcha|46/100|[from] Sandstorm\n|upkeep\n|turn|3\n|\n|t:|1776098154\n|detailschange|p2b: Froslass|Froslass-Mega, L50, F\n|-mega|p2b: Froslass|Froslass|Froslassite\n|-weather|Snowscape|[from] ability: Snow Warning|[of] p2b: Froslass\n|move|p2b: Froslass|Aurora Veil|p2b: Froslass\n|-sidestart|p2: okstew|move: Aurora Veil\n|move|p1a: Lycanroc|Rock Slide|p2b: Froslass|[spread] p2a,p2b\n|-supereffective|p2b: Froslass|1\n|-damage|p2a: Sinistcha|37/100\n|-damage|p2b: Froslass|61/100\n|move|p1b: Tyranitar|Assurance|p2a: Sinistcha\n|-supereffective|p2a: Sinistcha|1\n|-crit|p2a: Sinistcha\n|-damage|p2a: Sinistcha|0 fnt\n|faint|p2a: Sinistcha\n|\n|-weather|Snowscape|[upkeep]\n|upkeep\n|\n|t:|1776098165\n|switch|p2a: Sneasler|Sneasler, L50, M|100/100\n|turn|4\n|\n|t:|1776098179\n|switch|p1b: Scizor|Scizor, L50, M|100/100\n|move|p1a: Lycanroc|Protect|p1a: Lycanroc\n|-singleturn|p1a: Lycanroc|Protect\n|move|p2b: Froslass|Blizzard|p1a: Lycanroc|[spread] p1b\n|-activate|p1a: Lycanroc|move: Protect\n|-resisted|p1b: Scizor|1\n|-damage|p1b: Scizor|73/100\n|move|p2a: Sneasler|Close Combat|p1b: Scizor\n|-damage|p1b: Scizor|7/100\n|-unboost|p2a: Sneasler|def|1\n|-unboost|p2a: Sneasler|spd|1\n|-enditem|p2a: Sneasler|White Herb\n|-clearnegativeboost|p2a: Sneasler|[silent]\n|\n|-weather|Snowscape|[upkeep]\n|upkeep\n|turn|5\n|\n|t:|1776098198\n|switch|p2b: Incineroar|Incineroar, L50, F|48/100\n|-ability|p2b: Incineroar|Intimidate|boost\n|-unboost|p1a: Lycanroc|atk|1\n|-unboost|p1b: Scizor|atk|1\n|switch|p1b: Tyranitar|Tyranitar-Mega, L50, M|100/100\n|-weather|Sandstorm|[from] ability: Sand Stream|[of] p1b: Tyranitar\n|move|p1a: Lycanroc|Psychic Fangs|p2a: Sneasler\n|-sideend|p2: okstew|move: Aurora Veil\n|-supereffective|p2a: Sneasler|2\n|-damage|p2a: Sneasler|0 fnt\n|faint|p2a: Sneasler\n|\n|-weather|Sandstorm|[upkeep]\n|-damage|p2b: Incineroar|42/100|[from] Sandstorm\n|upkeep\n|\n|t:|1776098212\n|switch|p2a: Froslass|Froslass-Mega, L50, F|61/100\n|-weather|Snowscape|[from] ability: Snow Warning|[of] p2a: Froslass\n|turn|6\n|\n|t:|1776098228\n|move|p2b: Incineroar|Fake Out|p1b: Tyranitar\n|-resisted|p1b: Tyranitar|1\n|-damage|p1b: Tyranitar|97/100\n|move|p2a: Froslass|Blizzard|p1b: Tyranitar|[spread] p1a,p1b\n|-damage|p1a: Lycanroc|30/100\n|-damage|p1b: Tyranitar|65/100\n|-status|p1a: Lycanroc|frz\n|cant|p1a: Lycanroc|frz\n|cant|p1b: Tyranitar|flinch\n|\n|-weather|Snowscape|[upkeep]\n|upkeep\n|turn|7\n|\n|t:|1776098243\n|move|p2a: Froslass|Blizzard|p1a: Lycanroc|[spread] p1a,p1b\n|-damage|p1a: Lycanroc|0 fnt\n|-damage|p1b: Tyranitar|30/100\n|faint|p1a: Lycanroc\n|move|p1b: Tyranitar|Rock Slide|p2a: Froslass|[spread] p2a\n|-miss|p1b: Tyranitar|p2b: Incineroar\n|-supereffective|p2a: Froslass|1\n|-damage|p2a: Froslass|0 fnt\n|faint|p2a: Froslass\n|move|p2b: Incineroar|Flare Blitz|p1b: Tyranitar\n|-resisted|p1b: Tyranitar|1\n|-damage|p1b: Tyranitar|14/100\n|-damage|p2b: Incineroar|37/100|[from] Recoil\n|\n|-weather|Snowscape|[upkeep]\n|upkeep\n|\n|t:|1776098249\n|switch|p1a: Basculegion|Basculegion, L50, M|100/100\n|turn|8\n|c|\u2606okstew|gg\n|-message|okstew forfeited.\n|\n|win|Evil Yarrack\n|raw|Evil Yarrack's rating: 1415 &rarr; <strong>1430</strong><br />(+15 for winning)\n|raw|okstew's rating: 1333 &rarr; <strong>1318</strong><br />(-15 for losing)\n|l|\u2606okstew\n|player|p2|\n|c|\u2606Evil Yarrack|Gg wp\n",
  "uploadtime": 1776098319,
  "views": 42,
  "formatid": "gen9championsvgc2026regma",
  "rating": 1318,
  "private": 0,
  "password": null
}