{
  "id": "gen9championsvgc2026regma-2587978768",
  "format": "[Gen 9 Champions] VGC 2026 Reg M-A",
  "players": [
    "Unskilled99",
    "brojonski"
  ],
  "log": "|j|\u2606Unskilled99\n|j|\u2606brojonski\n|t:|1776587881\n|gametype|doubles\n|player|p1|Unskilled99|unknown|1347\n|player|p2|brojonski|brock|1307\n|gen|9\n|tier|[Gen 9 Champions] VGC 2026 Reg M-A\n|rated|\n|rule|Species Clause: Limit one of each Pok\u00e9mon\n|rule|Item Clause: Limit 1 of each item\n|clearpoke\n|poke|p1|Floette-Eternal, L50, F|\n|poke|p1|Incineroar, L50, M|\n|poke|p1|Garchomp, L50, M|\n|poke|p1|Sneasler, L50, F|\n|poke|p1|Rotom-Wash, L50|\n|poke|p1|Sinistcha, L50|\n|poke|p2|Kommo-o, L50, M|\n|poke|p2|Gengar, L50, F|\n|poke|p2|Tyranitar, L50, F|\n|poke|p2|Incineroar, L50, F|\n|poke|p2|Sinistcha, L50|\n|poke|p2|Excadrill, L50, F|\n|teampreview|4\n|inactive|Battle timer is ON: inactive players will automatically lose when time's up. (requested by brojonski)\n|inactive|brojonski has 60 seconds left.\n|inactive|brojonski has 30 seconds left.\n|inactive|brojonski has 20 seconds left.\n|inactive|brojonski has 15 seconds left.\n|inactive|brojonski has 10 seconds left.\n|inactive|brojonski has 5 seconds left.\n|\n|t:|1776587967\n|teamsize|p1|4\n|teamsize|p2|4\n|start\n|switch|p1a: Sneasler|Sneasler, L50, F|100/100\n|switch|p1b: Rotom|Rotom-Wash, L50|100/100\n|switch|p2a: Kommo-o|Kommo-o, L50, M|100/100\n|switch|p2b: Gengar|Gengar, L50, F|100/100\n|turn|1\n|inactive|Unskilled99 has 30 seconds left.\n|\n|t:|1776587997\n|detailschange|p2b: Gengar|Gengar-Mega, L50, F\n|-mega|p2b: Gengar|Gengar|Gengarite\n|move|p2a: Kommo-o|Protect|p2a: Kommo-o\n|-singleturn|p2a: Kommo-o|Protect\n|move|p1a: Sneasler|Fake Out|p2a: Kommo-o\n|-activate|p2a: Kommo-o|move: Protect\n|move|p2b: Gengar|Will-O-Wisp|p1a: Sneasler\n|-status|p1a: Sneasler|brn\n|move|p1b: Rotom|Electroweb|p2b: Gengar|[spread] p2b\n|-activate|p2a: Kommo-o|move: Protect\n|-damage|p2b: Gengar|81/100\n|-unboost|p2b: Gengar|spe|1\n|\n|-damage|p1a: Sneasler|94/100 brn|[from] brn\n|upkeep\n|turn|2\n|inactive|Unskilled99 has 30 seconds left.\n|inactive|brojonski has 30 seconds left.\n|\n|t:|1776588026\n|move|p1a: Sneasler|Close Combat|p2a: Kommo-o\n|-damage|p2a: Kommo-o|70/100\n|-unboost|p1a: Sneasler|def|1\n|-unboost|p1a: Sneasler|spd|1\n|-enditem|p1a: Sneasler|White Herb\n|-clearnegativeboost|p1a: Sneasler|[silent]\n|move|p2a: Kommo-o|Clangorous Soul|p2a: Kommo-o\n|-boost|p2a: Kommo-o|atk|1\n|-boost|p2a: Kommo-o|def|1\n|-boost|p2a: Kommo-o|spa|1\n|-boost|p2a: Kommo-o|spd|1\n|-boost|p2a: Kommo-o|spe|1\n|-damage|p2a: Kommo-o|37/100\n|move|p2b: Gengar|Sludge Bomb|p1b: Rotom\n|-damage|p1b: Rotom|47/100\n|-status|p1b: Rotom|psn\n|-enditem|p1b: Rotom|Sitrus Berry|[eat]\n|-heal|p1b: Rotom|72/100 psn|[from] item: Sitrus Berry\n|move|p1b: Rotom|Volt Switch|p2a: Kommo-o\n|-resisted|p2a: Kommo-o|1\n|-damage|p2a: Kommo-o|27/100\n|\n|t:|1776588045\n|switch|p1b: Garchomp|Garchomp, L50, M|100/100|[from] Volt Switch\n|\n|-heal|p2a: Kommo-o|33/100|[from] item: Leftovers\n|-damage|p1a: Sneasler|88/100 brn|[from] brn\n|upkeep\n|turn|3\n|\n|t:|1776588061\n|switch|p2b: Sinistcha|Sinistcha, L50|100/100\n|-heal|p2a: Kommo-o|57/100|[from] ability: Hospitality|[of] p2b: Sinistcha\n|move|p2a: Kommo-o|Protect|p2a: Kommo-o\n|-singleturn|p2a: Kommo-o|Protect\n|move|p1a: Sneasler|Coaching|p1b: Garchomp\n|-boost|p1b: Garchomp|atk|1\n|-boost|p1b: Garchomp|def|1\n|move|p1b: Garchomp|Earthquake|p2b: Sinistcha|[spread] p1a,p2b\n|-activate|p2a: Kommo-o|move: Protect\n|-supereffective|p1a: Sneasler|1\n|-resisted|p2b: Sinistcha|1\n|-damage|p1a: Sneasler|0 fnt\n|-damage|p2b: Sinistcha|75/100\n|faint|p1a: Sneasler\n|\n|-heal|p2a: Kommo-o|63/100|[from] item: Leftovers\n|upkeep\n|\n|t:|1776588077\n|switch|p1a: Floette|Floette-Eternal, L50, F|100/100\n|turn|4\n|\n|t:|1776588097\n|detailschange|p1a: Floette|Floette-Mega, L50, F\n|-mega|p1a: Floette|Floette|Floettite\n|-ability|p1a: Floette|Fairy Aura\n|move|p1b: Garchomp|Protect|p1b: Garchomp\n|-singleturn|p1b: Garchomp|Protect\n|move|p2a: Kommo-o|Clanging Scales|p1b: Garchomp|[spread] \n|-activate|p1b: Garchomp|move: Protect\n|-immune|p1a: Floette\n|move|p1a: Floette|Dazzling Gleam|p2a: Kommo-o|[spread] p2a,p2b\n|-supereffective|p2a: Kommo-o|2\n|-damage|p2a: Kommo-o|0 fnt\n|-damage|p2b: Sinistcha|34/100\n|-enditem|p2b: Sinistcha|Sitrus Berry|[eat]\n|-heal|p2b: Sinistcha|59/100|[from] item: Sitrus Berry\n|faint|p2a: Kommo-o\n|move|p2b: Sinistcha|Matcha Gotcha|p1a: Floette|[spread] p1a\n|-activate|p1b: Garchomp|move: Protect\n|-damage|p1a: Floette|82/100\n|-heal|p2b: Sinistcha|69/100|[from] drain|[of] p1a: Floette\n|\n|upkeep\n|\n|t:|1776588115\n|switch|p2a: Gengar|Gengar-Mega, L50, F|81/100\n|turn|5\n|\n|t:|1776588125\n|move|p2a: Gengar|Will-O-Wisp|p1b: Garchomp\n|-status|p1b: Garchomp|brn\n|-enditem|p1b: Garchomp|Lum Berry|[eat]\n|-curestatus|p1b: Garchomp|brn|[msg]\n|move|p1b: Garchomp|Earthquake|p2a: Gengar|[spread] p1a,p2a,p2b\n|-supereffective|p2a: Gengar|1\n|-resisted|p2b: Sinistcha|1\n|-damage|p1a: Floette|27/100\n|-damage|p2a: Gengar|0 fnt\n|-damage|p2b: Sinistcha|46/100\n|faint|p2a: Gengar\n|move|p1a: Floette|Moonblast|p2b: Sinistcha\n|-damage|p2b: Sinistcha|0 fnt\n|faint|p2b: Sinistcha\n|\n|upkeep\n|-message|brojonski forfeited.\n|\n|win|Unskilled99\n|raw|Unskilled99's rating: 1347 &rarr; <strong>1365</strong><br />(+18 for winning)\n|raw|brojonski's rating: 1307 &rarr; <strong>1289</strong><br />(-18 for losing)\n",
  "uploadtime": 1776588141,
  "views": 17,
  "formatid": "gen9championsvgc2026regma",
  "rating": 1289,
  "private": 0,
  "password": null
}