{
  "id": "gen9championsvgc2026regma-2583606551",
  "format": "[Gen 9 Champions] VGC 2026 Reg M-A",
  "players": [
    "Cazorla786",
    "KilamanolaVGC"
  ],
  "log": "|j|\u2606Cazorla786\n|j|\u203dKilamanolaVGC\n|t:|1776186159\n|gametype|doubles\n|player|p1|Cazorla786|volkner|1309\n|player|p2|KilamanolaVGC|benga|1353\n|gen|9\n|tier|[Gen 9 Champions] VGC 2026 Reg M-A\n|rated|\n|rule|Species Clause: Limit one of each Pok\u00e9mon\n|rule|Item Clause: Limit 1 of each item\n|clearpoke\n|poke|p1|Floette-Eternal, L50, F|\n|poke|p1|Incineroar, L50, M|\n|poke|p1|Sneasler, L50, F|\n|poke|p1|Rotom-Wash, L50|\n|poke|p1|Garchomp, L50, F|\n|poke|p1|Sinistcha, L50|\n|poke|p2|Floette-Eternal, L50, F|\n|poke|p2|Garchomp, L50, M|\n|poke|p2|Aerodactyl, L50, M|\n|poke|p2|Kingambit, L50, F|\n|poke|p2|Charizard, L50, M|\n|poke|p2|Sneasler, L50, M|\n|teampreview|4\n|inactive|Battle timer is ON: inactive players will automatically lose when time's up. (requested by KilamanolaVGC)\n|j| number86\n|l| number86\n|inactive|Cazorla786 has 60 seconds left.\n|inactive|KilamanolaVGC has 60 seconds left.\n|\n|t:|1776186207\n|teamsize|p1|4\n|teamsize|p2|4\n|start\n|switch|p1a: Sneasler|Sneasler, L50, F|100/100\n|switch|p1b: Rotom|Rotom-Wash, L50|100/100\n|switch|p2a: Kingambit|Kingambit, L50, F, shiny|100/100\n|switch|p2b: Sneasler|Sneasler, L50, M, shiny|100/100\n|turn|1\n|\n|t:|1776186228\n|move|p2b: Sneasler|Fake Out|p1a: Sneasler\n|-damage|p1a: Sneasler|76/100\n|cant|p1a: Sneasler|flinch\n|move|p1b: Rotom|Volt Switch|p2b: Sneasler\n|-damage|p2b: Sneasler|53/100\n|\n|t:|1776186237\n|switch|p1b: Garchomp|Garchomp, L50, F|100/100|[from] Volt Switch\n|move|p2a: Kingambit|Iron Head|p1a: Sneasler\n|-damage|p1a: Sneasler|0 fnt\n|faint|p1a: Sneasler\n|\n|upkeep\n|\n|t:|1776186250\n|switch|p1a: Floette|Floette-Eternal, L50, F|100/100\n|turn|2\n|inactive|KilamanolaVGC has 30 seconds left.\n|\n|t:|1776186275\n|switch|p2b: Aerodactyl|Aerodactyl, L50, M|100/100\n|-ability|p2b: Aerodactyl|Unnerve\n|move|p1a: Floette|Protect|p1a: Floette\n|-singleturn|p1a: Floette|Protect\n|move|p2a: Kingambit|Sucker Punch|p1b: Garchomp\n|-damage|p1b: Garchomp|53/100\n|-damage|p2a: Kingambit|88/100|[from] ability: Rough Skin|[of] p1b: Garchomp\n|move|p1b: Garchomp|Dragon Claw|p2b: Aerodactyl\n|-crit|p2b: Aerodactyl\n|-enditem|p2b: Aerodactyl|Focus Sash\n|-damage|p2b: Aerodactyl|1/100\n|\n|upkeep\n|turn|3\n|\n|t:|1776186300\n|detailschange|p1a: Floette|Floette-Mega, L50, F\n|-mega|p1a: Floette|Floette|Floettite\n|-ability|p1a: Floette|Fairy Aura\n|move|p2b: Aerodactyl|Tailwind|p2b: Aerodactyl\n|-sidestart|p2: KilamanolaVGC|move: Tailwind\n|move|p1b: Garchomp|Stomping Tantrum|p2a: Kingambit\n|-supereffective|p2a: Kingambit|1\n|-damage|p2a: Kingambit|27/100\n|move|p2a: Kingambit|Kowtow Cleave|p1b: Garchomp\n|-damage|p1b: Garchomp|0 fnt\n|-damage|p2a: Kingambit|15/100|[from] ability: Rough Skin|[of] p1b: Garchomp\n|faint|p1b: Garchomp\n|move|p1a: Floette|Dazzling Gleam|p2a: Kingambit|[spread] p2a,p2b\n|-damage|p2a: Kingambit|0 fnt\n|-damage|p2b: Aerodactyl|0 fnt\n|faint|p2a: Kingambit\n|faint|p2b: Aerodactyl\n|\n|upkeep\n|\n|t:|1776186316\n|switch|p2b: Sneasler|Sneasler, L50, M, shiny|53/100\n|switch|p1b: Rotom|Rotom-Wash, L50|100/100\n|switch|p2a: Floette|Floette-Eternal, L50, F|100/100\n|turn|4\n|\n|t:|1776186328\n|detailschange|p2a: Floette|Floette-Mega, L50, F\n|-mega|p2a: Floette|Floette|Floettite\n|-ability|p2a: Floette|Fairy Aura\n|move|p1a: Floette|Protect|p1a: Floette\n|-singleturn|p1a: Floette|Protect\n|move|p2b: Sneasler|Dire Claw|p1a: Floette\n|-activate|p1a: Floette|move: Protect\n|move|p2a: Floette|Calm Mind|p2a: Floette\n|-boost|p2a: Floette|spa|1\n|-boost|p2a: Floette|spd|1\n|move|p1b: Rotom|Thunderbolt|p2b: Sneasler\n|-damage|p2b: Sneasler|0 fnt\n|faint|p2b: Sneasler\n|\n|upkeep\n|turn|5\n|\n|t:|1776186344\n|move|p2a: Floette|Moonblast|p1a: Floette\n|-damage|p1a: Floette|12/100\n|move|p1b: Rotom|Thunderbolt|p2a: Floette\n|-damage|p2a: Floette|75/100\n|move|p1a: Floette|Light of Ruin|p2a: Floette\n|-damage|p2a: Floette|12/100\n|-damage|p1a: Floette|0 fnt|[from] Recoil\n|faint|p1a: Floette\n|\n|upkeep\n|turn|6\n|\n|t:|1776186358\n|move|p2a: Floette|Moonblast|p1b: Rotom\n|-damage|p1b: Rotom|0 fnt\n|faint|p1b: Rotom\n|\n|win|KilamanolaVGC\n|raw|Cazorla786's rating: 1309 &rarr; <strong>1292</strong><br />(-17 for losing)\n|raw|KilamanolaVGC's rating: 1353 &rarr; <strong>1370</strong><br />(+17 for winning)\n|l|\u2606Cazorla786\n|player|p1|\n",
  "uploadtime": 1776186381,
  "views": 33,
  "formatid": "gen9championsvgc2026regma",
  "rating": 1292,
  "private": 0,
  "password": null
}