{
  "id": "gen9championsvgc2026regma-2587777731",
  "format": "[Gen 9 Champions] VGC 2026 Reg M-A",
  "players": [
    "AidzPlayz",
    "JBucci"
  ],
  "log": "|j|\u2606AidzPlayz\n|j|\u2606JBucci\n|t:|1776563000\n|gametype|doubles\n|player|p1|AidzPlayz|ghetsis-gen5bw|1395\n|player|p2|JBucci|102|1365\n|gen|9\n|tier|[Gen 9 Champions] VGC 2026 Reg M-A\n|rated|\n|rule|Species Clause: Limit one of each Pok\u00e9mon\n|rule|Item Clause: Limit 1 of each item\n|clearpoke\n|poke|p1|Aerodactyl, L50, F|\n|poke|p1|Incineroar, L50, F|\n|poke|p1|Floette-Eternal, L50, F|\n|poke|p1|Basculegion, L50, M|\n|poke|p1|Garchomp, L50, F|\n|poke|p1|Sneasler, L50, F|\n|poke|p2|Meganium, L50, F|\n|poke|p2|Pelipper, L50, F|\n|poke|p2|Basculegion, L50, M|\n|poke|p2|Archaludon, L50, M|\n|poke|p2|Sneasler, L50, M|\n|poke|p2|Klefki, L50, M|\n|teampreview|4\n|inactive|Battle timer is ON: inactive players will automatically lose when time's up. (requested by AidzPlayz)\n|\n|t:|1776563025\n|teamsize|p1|4\n|teamsize|p2|4\n|start\n|switch|p1a: Aerodactyl|Aerodactyl, L50, F|100/100\n|switch|p1b: Garchomp|Garchomp, L50, F|100/100\n|switch|p2a: Pelipper|Pelipper, L50, F|100/100\n|switch|p2b: Sneasler|Sneasler, L50, M|100/100\n|-ability|p1a: Aerodactyl|Unnerve\n|-weather|RainDance|[from] ability: Drizzle|[of] p2a: Pelipper\n|turn|1\n|\n|t:|1776563049\n|move|p1a: Aerodactyl|Protect|p1a: Aerodactyl\n|-singleturn|p1a: Aerodactyl|Protect\n|move|p2b: Sneasler|Fake Out|p1a: Aerodactyl\n|-activate|p1a: Aerodactyl|move: Protect\n|move|p1b: Garchomp|Rock Slide|p2b: Sneasler|[spread] p2a,p2b\n|-supereffective|p2a: Pelipper|1\n|-resisted|p2b: Sneasler|1\n|-damage|p2a: Pelipper|41/100\n|-damage|p2b: Sneasler|81/100\n|move|p2a: Pelipper|Tailwind|p2a: Pelipper\n|-sidestart|p2: JBucci|move: Tailwind\n|\n|-weather|RainDance|[upkeep]\n|upkeep\n|turn|2\n|\n|t:|1776563070\n|move|p2b: Sneasler|Close Combat|p1a: Aerodactyl\n|-enditem|p1a: Aerodactyl|Focus Sash\n|-damage|p1a: Aerodactyl|1/100\n|-unboost|p2b: Sneasler|def|1\n|-unboost|p2b: Sneasler|spd|1\n|-enditem|p2b: Sneasler|White Herb\n|-clearnegativeboost|p2b: Sneasler|[silent]\n|move|p2a: Pelipper|Weather Ball|p1a: Aerodactyl\n|-supereffective|p1a: Aerodactyl|1\n|-damage|p1a: Aerodactyl|0 fnt\n|faint|p1a: Aerodactyl\n|move|p1b: Garchomp|Earthquake|p2a: Pelipper|[spread] p2b\n|-immune|p2a: Pelipper\n|-supereffective|p2b: Sneasler|1\n|-damage|p2b: Sneasler|0 fnt\n|faint|p2b: Sneasler\n|\n|-weather|RainDance|[upkeep]\n|upkeep\n|j| crazypaulkim\n|l| crazypaulkim\n|inactive|AidzPlayz has 30 seconds left.\n|\n|t:|1776563096\n|switch|p1a: Floette|Floette-Eternal, L50, F|100/100\n|switch|p2b: Meganium|Meganium, L50, F|100/100\n|turn|3\n|\n|t:|1776563119\n|detailschange|p2b: Meganium|Meganium-Mega, L50, F\n|-mega|p2b: Meganium|Meganium|Meganiumite\n|detailschange|p1a: Floette|Floette-Mega, L50, F\n|-mega|p1a: Floette|Floette|Floettite\n|-ability|p1a: Floette|Fairy Aura\n|move|p1b: Garchomp|Protect|p1b: Garchomp\n|-singleturn|p1b: Garchomp|Protect\n|move|p2a: Pelipper|Hurricane|p1a: Floette\n|-damage|p1a: Floette|54/100\n|move|p2b: Meganium|Dazzling Gleam|p1a: Floette|[spread] p1a\n|-activate|p1b: Garchomp|move: Protect\n|-damage|p1a: Floette|11/100\n|move|p1a: Floette|Light of Ruin|p2b: Meganium\n|-damage|p2b: Meganium|0 fnt\n|faint|p2b: Meganium\n|-damage|p1a: Floette|0 fnt|[from] Recoil\n|faint|p1a: Floette\n|\n|-weather|RainDance|[upkeep]\n|upkeep\n|\n|t:|1776563138\n|switch|p1a: Basculegion|Basculegion, L50, M|100/100\n|switch|p2b: Basculegion|Basculegion, L50, M|100/100\n|turn|4\n|inactive|AidzPlayz has 30 seconds left.\n|\n|t:|1776563171\n|move|p2b: Basculegion|Last Respects|p1a: Basculegion\n|-supereffective|p1a: Basculegion|1\n|-damage|p1a: Basculegion|0 fnt\n|faint|p1a: Basculegion\n|move|p2a: Pelipper|Hurricane|p1b: Garchomp\n|-damage|p1b: Garchomp|41/100\n|-start|p1b: Garchomp|confusion\n|-activate|p1b: Garchomp|confusion\n|-damage|p1b: Garchomp|25/100|[from] confusion\n|\n|-weather|RainDance|[upkeep]\n|-sideend|p2: JBucci|move: Tailwind\n|upkeep\n|turn|5\n|c|\u2606AidzPlayz|lol\n|-message|AidzPlayz forfeited.\n|\n|win|JBucci\n|raw|AidzPlayz's rating: 1395 &rarr; <strong>1373</strong><br />(-22 for losing)\n|raw|JBucci's rating: 1365 &rarr; <strong>1387</strong><br />(+22 for winning)\n|l|\u2606AidzPlayz\n|player|p1|\n|n|\u2606JBucci|jbucci\n",
  "uploadtime": 1776563184,
  "views": 15,
  "formatid": "gen9championsvgc2026regma",
  "rating": 1373,
  "private": 0,
  "password": null
}