{
  "id": "gen9championsvgc2026regma-2584580209",
  "format": "[Gen 9 Champions] VGC 2026 Reg M-A",
  "players": [
    "Vylerean",
    "gonegeb"
  ],
  "log": "|j|\u2606Vylerean\n|j|\u2606gonegeb\n|t:|1776270063\n|gametype|doubles\n|player|p1|Vylerean|acetrainersnow|1191\n|player|p2|gonegeb|corbeau|1178\n|gen|9\n|tier|[Gen 9 Champions] VGC 2026 Reg M-A\n|rated|\n|rule|Species Clause: Limit one of each Pok\u00e9mon\n|rule|Item Clause: Limit 1 of each item\n|clearpoke\n|poke|p1|Charizard, L50, M|\n|poke|p1|Garchomp, L50, M|\n|poke|p1|Whimsicott, L50, M|\n|poke|p1|Sneasler, L50, M|\n|poke|p1|Venusaur, L50, F|\n|poke|p1|Typhlosion, L50, F|\n|poke|p2|Lucario, L50, M|\n|poke|p2|Umbreon, L50, M|\n|poke|p2|Arcanine, L50, F|\n|poke|p2|Ceruledge, L50, M|\n|poke|p2|Corviknight, L50, M|\n|poke|p2|Whimsicott, L50, F|\n|teampreview|4\n|\n|t:|1776270083\n|teamsize|p1|4\n|teamsize|p2|4\n|start\n|switch|p1a: Charizard|Charizard, L50, M|100/100\n|switch|p1b: Garchomp|Garchomp, L50, M|100/100\n|switch|p2a: Umbreon|Umbreon, L50, M, shiny|100/100\n|switch|p2b: Whimsicott|Whimsicott, L50, F, shiny|100/100\n|turn|1\n|inactive|Battle timer is ON: inactive players will automatically lose when time's up. (requested by Vylerean)\n|\n|t:|1776270099\n|detailschange|p1a: Charizard|Charizard-Mega-Y, L50, M\n|-mega|p1a: Charizard|Charizard|Charizardite Y\n|-weather|SunnyDay|[from] ability: Drought|[of] p1a: Charizard\n|move|p2b: Whimsicott|Tailwind|p2b: Whimsicott\n|-sidestart|p2: gonegeb|move: Tailwind\n|move|p2a: Umbreon|Snarl|p1a: Charizard|[spread] p1a,p1b\n|-damage|p1a: Charizard|91/100\n|-damage|p1b: Garchomp|89/100\n|-unboost|p1a: Charizard|spa|1\n|-unboost|p1b: Garchomp|spa|1\n|move|p1b: Garchomp|Rock Slide|p2b: Whimsicott|[spread] p2a,p2b\n|-damage|p2a: Umbreon|88/100\n|-damage|p2b: Whimsicott|77/100\n|move|p1a: Charizard|Heat Wave|p2b: Whimsicott|[spread] p2a,p2b\n|-supereffective|p2b: Whimsicott|1\n|-damage|p2a: Umbreon|58/100\n|-damage|p2b: Whimsicott|0 fnt\n|faint|p2b: Whimsicott\n|\n|-weather|SunnyDay|[upkeep]\n|-heal|p2a: Umbreon|64/100|[from] item: Leftovers\n|upkeep\n|\n|t:|1776270115\n|switch|p2b: Ceruledge|Ceruledge, L50, M|100/100\n|turn|2\n|\n|t:|1776270137\n|move|p2b: Ceruledge|Protect|p2b: Ceruledge\n|-singleturn|p2b: Ceruledge|Protect\n|move|p2a: Umbreon|Yawn|p1b: Garchomp\n|-start|p1b: Garchomp|move: Yawn|[of] p2a: Umbreon\n|move|p1b: Garchomp|Earthquake|p2a: Umbreon|[spread] p2a\n|-activate|p2b: Ceruledge|move: Protect\n|-immune|p1a: Charizard\n|-damage|p2a: Umbreon|40/100\n|move|p1a: Charizard|Air Slash|p2b: Ceruledge\n|-activate|p2b: Ceruledge|move: Protect\n|\n|-weather|SunnyDay|[upkeep]\n|-heal|p2a: Umbreon|46/100|[from] item: Leftovers\n|upkeep\n|turn|3\n|\n|t:|1776270146\n|switch|p2a: Arcanine|Arcanine, L50, F, shiny|100/100\n|-ability|p2a: Arcanine|Intimidate|boost\n|-unboost|p1a: Charizard|atk|1\n|-unboost|p1b: Garchomp|atk|1\n|switch|p1b: Sneasler|Sneasler, L50, M|100/100\n|move|p2b: Ceruledge|Bulk Up|p2b: Ceruledge\n|-boost|p2b: Ceruledge|atk|1\n|-boost|p2b: Ceruledge|def|1\n|move|p1a: Charizard|Weather Ball|p2a: Arcanine\n|-resisted|p2a: Arcanine|1\n|-damage|p2a: Arcanine|69/100\n|\n|-weather|SunnyDay|[upkeep]\n|upkeep\n|turn|4\n|\n|t:|1776270160\n|move|p2a: Arcanine|Snarl|p1b: Sneasler|[spread] p1a,p1b\n|-resisted|p1b: Sneasler|1\n|-damage|p1a: Charizard|82/100\n|-damage|p1b: Sneasler|94/100\n|-unboost|p1a: Charizard|spa|1\n|-unboost|p1b: Sneasler|spa|1\n|-enditem|p1b: Sneasler|White Herb\n|-clearnegativeboost|p1b: Sneasler|[silent]\n|move|p1b: Sneasler|Rock Slide|p2a: Arcanine|[spread] p2a,p2b\n|-supereffective|p2a: Arcanine|1\n|-supereffective|p2b: Ceruledge|1\n|-damage|p2a: Arcanine|29/100\n|-damage|p2b: Ceruledge|66/100\n|-enditem|p2a: Arcanine|Sitrus Berry|[eat]\n|-heal|p2a: Arcanine|54/100|[from] item: Sitrus Berry\n|move|p2b: Ceruledge|Bitter Blade|p1b: Sneasler\n|-damage|p1b: Sneasler|0 fnt\n|-heal|p2b: Ceruledge|100/100|[from] drain|[of] p1b: Sneasler\n|faint|p1b: Sneasler\n|move|p1a: Charizard|Air Slash|p2b: Ceruledge\n|-damage|p2b: Ceruledge|84/100\n|\n|-weather|SunnyDay|[upkeep]\n|-sideend|p2: gonegeb|move: Tailwind\n|upkeep\n|\n|t:|1776270178\n|switch|p1b: Garchomp|Garchomp, L50, M|89/100\n|turn|5\n|\n|t:|1776270187\n|switch|p1a: Venusaur|Venusaur, L50, F|100/100\n|move|p1b: Garchomp|Rock Slide|p2b: Ceruledge|[spread] p2a,p2b\n|-supereffective|p2a: Arcanine|1\n|-supereffective|p2b: Ceruledge|1\n|-damage|p2a: Arcanine|20/100\n|-damage|p2b: Ceruledge|52/100\n|move|p2a: Arcanine|Flare Blitz|p2b: Ceruledge\n|-start|p2b: Ceruledge|ability: Flash Fire\n|move|p2b: Ceruledge|Bitter Blade|p1b: Garchomp\n|-resisted|p1b: Garchomp|1\n|-damage|p1b: Garchomp|24/100\n|-heal|p2b: Ceruledge|86/100|[from] drain|[of] p1b: Garchomp\n|-damage|p2b: Ceruledge|74/100|[from] ability: Rough Skin|[of] p1b: Garchomp\n|-heal|p2b: Ceruledge|82/100|[from] item: Shell Bell|[of] p1b: Garchomp\n|\n|-weather|none\n|upkeep\n|turn|6\n|\n|t:|1776270211\n|move|p1a: Venusaur|Protect|p1a: Venusaur\n|-singleturn|p1a: Venusaur|Protect\n|move|p2a: Arcanine|Extreme Speed|p1b: Garchomp\n|-damage|p1b: Garchomp|4/100\n|-damage|p2a: Arcanine|8/100|[from] ability: Rough Skin|[of] p1b: Garchomp\n|move|p1b: Garchomp|Earthquake|p2a: Arcanine|[spread] p2a,p2b\n|-activate|p1a: Venusaur|move: Protect\n|-supereffective|p2a: Arcanine|1\n|-supereffective|p2b: Ceruledge|1\n|-damage|p2a: Arcanine|0 fnt\n|-damage|p2b: Ceruledge|25/100\n|faint|p2a: Arcanine\n|move|p2b: Ceruledge|Bitter Blade|p1a: Venusaur\n|-activate|p1a: Venusaur|move: Protect\n|\n|upkeep\n|\n|t:|1776270213\n|switch|p2a: Umbreon|Umbreon, L50, M, shiny|46/100\n|turn|7\n|\n|t:|1776270231\n|switch|p1a: Charizard|Charizard-Mega-Y, L50, M|82/100\n|-weather|SunnyDay|[from] ability: Drought|[of] p1a: Charizard\n|move|p2b: Ceruledge|Protect|p2b: Ceruledge\n|-singleturn|p2b: Ceruledge|Protect\n|move|p1b: Garchomp|Earthquake|p2a: Umbreon|[spread] p2a\n|-activate|p2b: Ceruledge|move: Protect\n|-immune|p1a: Charizard\n|-damage|p2a: Umbreon|18/100\n|move|p2a: Umbreon|Snarl|p1b: Garchomp|[spread] p1a,p1b\n|-damage|p1a: Charizard|71/100\n|-damage|p1b: Garchomp|0 fnt\n|-unboost|p1a: Charizard|spa|1\n|faint|p1b: Garchomp\n|\n|-weather|SunnyDay|[upkeep]\n|-heal|p2a: Umbreon|24/100|[from] item: Leftovers\n|upkeep\n|\n|t:|1776270243\n|switch|p1b: Venusaur|Venusaur, L50, F|100/100\n|turn|8\n|\n|t:|1776270251\n|move|p1b: Venusaur|Sludge Bomb|p2a: Umbreon\n|-damage|p2a: Umbreon|0 fnt\n|faint|p2a: Umbreon\n|move|p1a: Charizard|Air Slash|p2b: Ceruledge\n|-damage|p2b: Ceruledge|3/100\n|move|p2b: Ceruledge|Bitter Blade|p1a: Charizard\n|-resisted|p1a: Charizard|1\n|-damage|p1a: Charizard|0 fnt\n|-heal|p2b: Ceruledge|33/100|[from] drain|[of] p1a: Charizard\n|faint|p1a: Charizard\n|-heal|p2b: Ceruledge|41/100|[from] item: Shell Bell|[of] p1: Charizard\n|\n|-weather|SunnyDay|[upkeep]\n|upkeep\n|turn|9\n|\n|t:|1776270264\n|move|p1b: Venusaur|Sleep Powder|p2b: Ceruledge\n|-status|p2b: Ceruledge|slp|[from] move: Sleep Powder\n|cant|p2b: Ceruledge|slp\n|\n|-weather|SunnyDay|[upkeep]\n|upkeep\n|turn|10\n|\n|t:|1776270272\n|move|p1b: Venusaur|Sludge Bomb|p2b: Ceruledge\n|-resisted|p2b: Ceruledge|1\n|-damage|p2b: Ceruledge|25/100 slp\n|cant|p2b: Ceruledge|slp\n|\n|-weather|SunnyDay|[upkeep]\n|upkeep\n|turn|11\n|\n|t:|1776270281\n|move|p1b: Venusaur|Sludge Bomb|p2b: Ceruledge\n|-resisted|p2b: Ceruledge|1\n|-damage|p2b: Ceruledge|8/100 slp\n|-curestatus|p2b: Ceruledge|slp|[msg]\n|move|p2b: Ceruledge|Bitter Blade|p1b: Venusaur\n|-supereffective|p1b: Venusaur|1\n|-enditem|p1b: Venusaur|Focus Sash\n|-damage|p1b: Venusaur|1/100\n|-heal|p2b: Ceruledge|51/100|[from] drain|[of] p1b: Venusaur\n|-heal|p2b: Ceruledge|61/100|[from] item: Shell Bell|[of] p1b: Venusaur\n|\n|-weather|none\n|upkeep\n|turn|12\n|l|\u2606Vylerean\n|inactive|Vylerean disconnected and has a minute to reconnect!\n|player|p1|\n|c|\u2606gonegeb|lol\n|inactive|Vylerean has 30 seconds left.\n|inactive|Vylerean has 20 seconds left.\n|inactive|Vylerean has 15 seconds left.\n|inactive|Vylerean has 10 seconds left.\n|inactive|Vylerean has 5 seconds left.\n|-message|Vylerean lost due to inactivity.\n|\n|win|gonegeb\n|raw|Vylerean's rating: 1191 &rarr; <strong>1165</strong><br />(-26 for losing)\n|raw|gonegeb's rating: 1178 &rarr; <strong>1204</strong><br />(+26 for winning)\n",
  "uploadtime": 1776270340,
  "views": 35,
  "formatid": "gen9championsvgc2026regma",
  "rating": 1165,
  "private": 0,
  "password": null
}