{
  "id": "gen9championsvgc2026regma-2587348669",
  "format": "[Gen 9 Champions] VGC 2026 Reg M-A",
  "players": [
    "goobsheistmaster67",
    "Kawanohito"
  ],
  "log": "|j|\u2606goobsheistmaster67\n|j|\u2606Kawanohito\n|t:|1776524240\n|gametype|doubles\n|player|p1|goobsheistmaster67|bugcatcher-gen4dp|1448\n|player|p2|Kawanohito|265|1509\n|gen|9\n|tier|[Gen 9 Champions] VGC 2026 Reg M-A\n|rated|\n|rule|Species Clause: Limit one of each Pok\u00e9mon\n|rule|Item Clause: Limit 1 of each item\n|clearpoke\n|poke|p1|Floette-Eternal, L50, F|\n|poke|p1|Delphox, L50, F|\n|poke|p1|Kingambit, L50, M|\n|poke|p1|Garchomp, L50, F|\n|poke|p1|Basculegion, L50, M|\n|poke|p1|Sinistcha, L50|\n|poke|p2|Slowbro, L50, M|\n|poke|p2|Incineroar, L50, M|\n|poke|p2|Sinistcha, L50|\n|poke|p2|Sneasler, L50, M|\n|poke|p2|Garchomp, L50, M|\n|poke|p2|Dragapult, L50, F|\n|teampreview|4\n|\n|t:|1776524270\n|teamsize|p1|4\n|teamsize|p2|4\n|start\n|switch|p1a: Floette|Floette-Eternal, L50, F|100/100\n|switch|p1b: Garchomp|Garchomp, L50, F|100/100\n|switch|p2a: Slowbro|Slowbro, L50, M|100/100\n|switch|p2b: Sneasler|Sneasler, L50, M|100/100\n|turn|1\n|\n|t:|1776524293\n|switch|p1b: Sinistcha|Sinistcha, L50|100/100\n|detailschange|p1a: Floette|Floette-Mega, L50, F\n|-mega|p1a: Floette|Floette|Floettite\n|-ability|p1a: Floette|Fairy Aura\n|detailschange|p2a: Slowbro|Slowbro-Mega, L50, M\n|-mega|p2a: Slowbro|Slowbro|Slowbronite\n|move|p2b: Sneasler|Toxic Spikes|p1b: Sinistcha\n|-sidestart|p1: goobsheistmaster67|move: Toxic Spikes\n|move|p1a: Floette|Dazzling Gleam|p2a: Slowbro|[spread] p2a,p2b\n|-damage|p2a: Slowbro|58/100\n|-damage|p2b: Sneasler|29/100\n|move|p2a: Slowbro|Amnesia|p2a: Slowbro\n|-boost|p2a: Slowbro|spd|2\n|\n|upkeep\n|turn|2\n|\n|t:|1776524314\n|move|p1b: Sinistcha|Rage Powder|p1b: Sinistcha\n|-singleturn|p1b: Sinistcha|move: Rage Powder\n|move|p2b: Sneasler|Toxic|p1b: Sinistcha\n|-status|p1b: Sinistcha|tox\n|move|p1a: Floette|Dazzling Gleam|p2a: Slowbro|[spread] p2a,p2b\n|-damage|p2a: Slowbro|38/100\n|-damage|p2b: Sneasler|0 fnt\n|faint|p2b: Sneasler\n|move|p2a: Slowbro|Slack Off|p2a: Slowbro\n|-heal|p2a: Slowbro|88/100\n|\n|-damage|p1b: Sinistcha|94/100 tox|[from] psn\n|upkeep\n|\n|t:|1776524325\n|switch|p2b: Incineroar|Incineroar, L50, M|100/100\n|-ability|p2b: Incineroar|Intimidate|boost\n|-unboost|p1a: Floette|atk|1\n|-unboost|p1b: Sinistcha|atk|1\n|turn|3\n|\n|t:|1776524334\n|move|p1a: Floette|Protect|p1a: Floette\n|-singleturn|p1a: Floette|Protect\n|move|p2b: Incineroar|Fake Out|p1a: Floette\n|-activate|p1a: Floette|move: Protect\n|move|p1b: Sinistcha|Matcha Gotcha|p2b: Incineroar|[spread] p2b\n|-miss|p1b: Sinistcha|p2a: Slowbro\n|-resisted|p2b: Incineroar|1\n|-damage|p2b: Incineroar|90/100\n|-heal|p1b: Sinistcha|100/100 tox|[from] drain|[of] p2b: Incineroar\n|move|p2a: Slowbro|Amnesia|p2a: Slowbro\n|-boost|p2a: Slowbro|spd|2\n|\n|-damage|p1b: Sinistcha|88/100 tox|[from] psn\n|upkeep\n|turn|4\n|\n|t:|1776524353\n|move|p1a: Floette|Light of Ruin|p2b: Incineroar\n|-damage|p2b: Incineroar|0 fnt\n|faint|p2b: Incineroar\n|-damage|p1a: Floette|44/100|[from] Recoil\n|move|p1b: Sinistcha|Life Dew|p1b: Sinistcha|[spread] p1a,p1b\n|-heal|p1a: Floette|69/100\n|-heal|p1b: Sinistcha|100/100 tox\n|move|p2a: Slowbro|Iron Defense|p2a: Slowbro\n|-boost|p2a: Slowbro|def|2\n|\n|-damage|p1b: Sinistcha|82/100 tox|[from] psn\n|upkeep\n|\n|t:|1776524366\n|switch|p2b: Sinistcha|Sinistcha, L50|100/100\n|-heal|p2a: Slowbro|100/100|[from] ability: Hospitality|[of] p2b: Sinistcha\n|turn|5\n|\n|t:|1776524387\n|move|p1a: Floette|Light of Ruin|p2b: Sinistcha\n|-damage|p2b: Sinistcha|0 fnt\n|faint|p2b: Sinistcha\n|-damage|p1a: Floette|14/100|[from] Recoil\n|move|p1b: Sinistcha|Life Dew|p1b: Sinistcha|[spread] p1a,p1b\n|-heal|p1a: Floette|38/100\n|-heal|p1b: Sinistcha|100/100 tox\n|move|p2a: Slowbro|Iron Defense|p2a: Slowbro\n|-boost|p2a: Slowbro|def|2\n|\n|-damage|p1b: Sinistcha|76/100 tox|[from] psn\n|upkeep\n|turn|6\n|\n|t:|1776524407\n|move|p1a: Floette|Moonblast|p2a: Slowbro\n|-damage|p2a: Slowbro|79/100\n|move|p1b: Sinistcha|Life Dew|p1b: Sinistcha|[spread] p1a,p1b\n|-heal|p1a: Floette|63/100\n|-heal|p1b: Sinistcha|100/100 tox\n|move|p2a: Slowbro|Body Press|p1a: Floette\n|-resisted|p1a: Floette|1\n|-damage|p1a: Floette|0 fnt\n|faint|p1a: Floette\n|\n|-damage|p1b: Sinistcha|70/100 tox|[from] psn\n|upkeep\n|\n|t:|1776524414\n|switch|p1a: Garchomp|Garchomp, L50, F|100/100\n|-status|p1a: Garchomp|psn\n|turn|7\n|\n|t:|1776524424\n|move|p1a: Garchomp|Rock Slide|p2a: Slowbro|[miss]\n|-miss|p1a: Garchomp|p2a: Slowbro\n|move|p1b: Sinistcha|Matcha Gotcha|p2a: Slowbro\n|-supereffective|p2a: Slowbro|1\n|-damage|p2a: Slowbro|61/100\n|-heal|p1b: Sinistcha|80/100 tox|[from] drain|[of] p2a: Slowbro\n|-status|p2a: Slowbro|brn\n|move|p2a: Slowbro|Slack Off|p2a: Slowbro\n|-heal|p2a: Slowbro|100/100 brn\n|\n|-damage|p1a: Garchomp|88/100 psn|[from] psn\n|-damage|p1b: Sinistcha|43/100 tox|[from] psn\n|-damage|p2a: Slowbro|95/100 brn|[from] brn\n|upkeep\n|-enditem|p1b: Sinistcha|Sitrus Berry|[eat]\n|-heal|p1b: Sinistcha|67/100 tox|[from] item: Sitrus Berry\n|turn|8\n|\n|t:|1776524442\n|move|p1a: Garchomp|Rock Slide|p2a: Slowbro\n|-damage|p2a: Slowbro|90/100 brn\n|move|p1b: Sinistcha|Matcha Gotcha|p2a: Slowbro\n|-supereffective|p2a: Slowbro|1\n|-damage|p2a: Slowbro|74/100 brn\n|-heal|p1b: Sinistcha|76/100 tox|[from] drain|[of] p2a: Slowbro\n|cant|p2a: Slowbro|flinch\n|\n|-damage|p1a: Garchomp|76/100 psn|[from] psn\n|-damage|p1b: Sinistcha|33/100 tox|[from] psn\n|-damage|p2a: Slowbro|68/100 brn|[from] brn\n|upkeep\n|turn|9\n|\n|t:|1776524457\n|move|p1a: Garchomp|Rock Slide|p2a: Slowbro\n|-damage|p2a: Slowbro|63/100 brn\n|move|p1b: Sinistcha|Matcha Gotcha|p2a: Slowbro\n|-supereffective|p2a: Slowbro|1\n|-damage|p2a: Slowbro|45/100 brn\n|-heal|p1b: Sinistcha|43/100 tox|[from] drain|[of] p2a: Slowbro\n|move|p2a: Slowbro|Iron Defense|p2a: Slowbro\n|-boost|p2a: Slowbro|def|2\n|\n|-damage|p1a: Garchomp|64/100 psn|[from] psn\n|-damage|p1b: Sinistcha|0 fnt|[from] psn\n|faint|p1b: Sinistcha\n|-damage|p2a: Slowbro|39/100 brn|[from] brn\n|upkeep\n|\n|t:|1776524466\n|switch|p1b: Basculegion|Basculegion, L50, M|100/100\n|-status|p1b: Basculegion|psn\n|turn|10\n|\n|t:|1776524474\n|move|p1b: Basculegion|Last Respects|p2a: Slowbro\n|-supereffective|p2a: Slowbro|1\n|-damage|p2a: Slowbro|15/100 brn\n|move|p1a: Garchomp|Rock Slide|p2a: Slowbro\n|-damage|p2a: Slowbro|12/100 brn\n|move|p2a: Slowbro|Slack Off|p2a: Slowbro\n|-heal|p2a: Slowbro|62/100 brn\n|\n|-damage|p1b: Basculegion|88/100 psn|[from] psn\n|-damage|p1a: Garchomp|52/100 psn|[from] psn\n|-damage|p2a: Slowbro|56/100 brn|[from] brn\n|upkeep\n|turn|11\n|\n|t:|1776524485\n|move|p1b: Basculegion|Last Respects|p2a: Slowbro\n|-supereffective|p2a: Slowbro|1\n|-damage|p2a: Slowbro|30/100 brn\n|move|p1a: Garchomp|Rock Slide|p2a: Slowbro\n|-damage|p2a: Slowbro|27/100 brn\n|cant|p2a: Slowbro|flinch\n|\n|-damage|p1b: Basculegion|76/100 psn|[from] psn\n|-damage|p1a: Garchomp|40/100 psn|[from] psn\n|-damage|p2a: Slowbro|21/100 brn|[from] brn\n|upkeep\n|turn|12\n|-message|Kawanohito forfeited.\n|\n|win|goobsheistmaster67\n|raw|goobsheistmaster67's rating: 1448 &rarr; <strong>1471</strong><br />(+23 for winning)\n|raw|Kawanohito's rating: 1509 &rarr; <strong>1486</strong><br />(-23 for losing)\n|l|\u2606Kawanohito\n|player|p2|\n",
  "uploadtime": 1776524529,
  "views": 32,
  "formatid": "gen9championsvgc2026regma",
  "rating": 1471,
  "private": 0,
  "password": null
}