{
  "id": "gen9championsvgc2026regma-2584883803",
  "format": "[Gen 9 Champions] VGC 2026 Reg M-A",
  "players": [
    "joej m",
    "training_dummy_ou"
  ],
  "log": "|j|\u2606joej m\n|j|\u2606training_dummy_ou\n|t:|1776291360\n|gametype|doubles\n|player|p1|joej m|265|1412\n|player|p2|training_dummy_ou|101|1321\n|gen|9\n|tier|[Gen 9 Champions] VGC 2026 Reg M-A\n|rated|\n|rule|Species Clause: Limit one of each Pok\u00e9mon\n|rule|Item Clause: Limit 1 of each item\n|clearpoke\n|poke|p1|Basculegion, L50, M|\n|poke|p1|Floette-Eternal, L50, F|\n|poke|p1|Rotom-Heat, L50|\n|poke|p1|Liepard, L50, F|\n|poke|p1|Corviknight, L50, F|\n|poke|p1|Sinistcha, L50|\n|poke|p2|Pelipper, L50, F|\n|poke|p2|Archaludon, L50, M|\n|poke|p2|Sinistcha, L50|\n|poke|p2|Feraligatr, L50, M|\n|poke|p2|Meganium, L50, M|\n|poke|p2|Incineroar, L50, M|\n|teampreview|4\n|inactive|Battle timer is ON: inactive players will automatically lose when time's up. (requested by training_dummy_ou)\n|\n|t:|1776291395\n|teamsize|p1|4\n|teamsize|p2|4\n|start\n|switch|p1a: Rotom|Rotom-Heat, L50|100/100\n|switch|p1b: Floette|Floette-Eternal, L50, F|100/100\n|switch|p2a: Pelipper|Pelipper, L50, F|100/100\n|switch|p2b: Incineroar|Incineroar, L50, M, shiny|100/100\n|-weather|RainDance|[from] ability: Drizzle|[of] p2a: Pelipper\n|-ability|p2b: Incineroar|Intimidate|boost\n|-unboost|p1a: Rotom|atk|1\n|-unboost|p1b: Floette|atk|1\n|turn|1\n|\n|t:|1776291409\n|detailschange|p1b: Floette|Floette-Mega, L50, F\n|-mega|p1b: Floette|Floette|Floettite\n|-ability|p1b: Floette|Fairy Aura\n|move|p1a: Rotom|Protect|p1a: Rotom\n|-singleturn|p1a: Rotom|Protect\n|move|p2b: Incineroar|Fake Out|p1a: Rotom\n|-activate|p1a: Rotom|move: Protect\n|move|p1b: Floette|Calm Mind|p1b: Floette\n|-boost|p1b: Floette|spa|1\n|-boost|p1b: Floette|spd|1\n|move|p2a: Pelipper|Tailwind|p2a: Pelipper\n|-sidestart|p2: training_dummy_ou|move: Tailwind\n|\n|-weather|RainDance|[upkeep]\n|upkeep\n|turn|2\n|inactive|joej m has 30 seconds left.\n|\n|t:|1776291436\n|switch|p1a: Sinistcha|Sinistcha, L50|100/100\n|move|p1b: Floette|Protect|p1b: Floette\n|-singleturn|p1b: Floette|Protect\n|move|p2a: Pelipper|Weather Ball|p1a: Sinistcha\n|-resisted|p1a: Sinistcha|1\n|-damage|p1a: Sinistcha|66/100\n|move|p2b: Incineroar|Parting Shot|p1b: Floette\n|-activate|p1b: Floette|move: Protect\n|\n|-weather|RainDance|[upkeep]\n|upkeep\n|turn|3\n|inactive|joej m has 30 seconds left.\n|\n|t:|1776291467\n|switch|p1a: Rotom|Rotom-Heat, L50|100/100\n|move|p2a: Pelipper|Hurricane|p1a: Rotom\n|-resisted|p1a: Rotom|1\n|-damage|p1a: Rotom|72/100\n|move|p2b: Incineroar|Parting Shot|p1b: Floette\n|-unboost|p1b: Floette|atk|1\n|-unboost|p1b: Floette|spa|1\n|\n|t:|1776291479\n|switch|p2b: Feraligatr|Feraligatr, L50, M, shiny|100/100|[from] Parting Shot\n|move|p1b: Floette|Dazzling Gleam|p2b: Feraligatr|[spread] p2a,p2b\n|-damage|p2a: Pelipper|21/100\n|-damage|p2b: Feraligatr|49/100\n|\n|-weather|RainDance|[upkeep]\n|upkeep\n|turn|4\n|inactive|joej m has 30 seconds left.\n|inactive|training_dummy_ou has 30 seconds left.\n|inactive|joej m has 20 seconds left.\n|inactive|joej m has 15 seconds left.\n|inactive|joej m has 10 seconds left.\n|\n|t:|1776291525\n|detailschange|p2b: Feraligatr|Feraligatr-Mega, L50, M, shiny\n|-mega|p2b: Feraligatr|Feraligatr|Feraligite\n|move|p1b: Floette|Protect|p1b: Floette\n|-singleturn|p1b: Floette|Protect\n|move|p2a: Pelipper|Weather Ball|p1b: Floette\n|-activate|p1b: Floette|move: Protect\n|move|p2b: Feraligatr|Liquidation|p1b: Floette\n|-activate|p1b: Floette|move: Protect\n|move|p1a: Rotom|Electroweb|p2b: Feraligatr|[spread] p2a,p2b\n|-supereffective|p2a: Pelipper|2\n|-damage|p2a: Pelipper|0 fnt\n|-damage|p2b: Feraligatr|33/100\n|-unboost|p2b: Feraligatr|spe|1\n|faint|p2a: Pelipper\n|\n|-weather|RainDance|[upkeep]\n|-sideend|p2: training_dummy_ou|move: Tailwind\n|upkeep\n|\n|t:|1776291538\n|switch|p2a: Incineroar|Incineroar, L50, M, shiny|100/100\n|-ability|p2a: Incineroar|Intimidate|boost\n|-unboost|p1a: Rotom|atk|1\n|-unboost|p1b: Floette|atk|1\n|turn|5\n|inactive|joej m has 30 seconds left.\n|\n|t:|1776291567\n|switch|p1b: Sinistcha|Sinistcha, L50|66/100\n|-heal|p1a: Rotom|97/100|[from] ability: Hospitality|[of] p1b: Sinistcha\n|switch|p2b: Archaludon|Archaludon, L50, M, shiny|100/100\n|move|p2a: Incineroar|Fake Out|p1b: Sinistcha\n|-immune|p1b: Sinistcha\n|move|p1a: Rotom|Will-O-Wisp|p2b: Archaludon|[miss]\n|-miss|p1a: Rotom|p2b: Archaludon\n|\n|-weather|none\n|upkeep\n|turn|6\n|inactive|joej m has 30 seconds left.\n|\n|t:|1776291597\n|move|p1b: Sinistcha|Protect|p1b: Sinistcha\n|-singleturn|p1b: Sinistcha|Protect\n|move|p1a: Rotom|Overheat|p2b: Archaludon\n|-damage|p2b: Archaludon|37/100\n|-unboost|p1a: Rotom|spa|2\n|-ability|p2b: Archaludon|Stamina|boost\n|-boost|p2b: Archaludon|def|1\n|move|p2b: Archaludon|Dragon Pulse|p1a: Rotom\n|-damage|p1a: Rotom|49/100\n|move|p2a: Incineroar|Throat Chop|p1b: Sinistcha\n|-activate|p1b: Sinistcha|move: Protect\n|\n|upkeep\n|turn|7\n|inactive|joej m has 30 seconds left.\n|\n|t:|1776291624\n|switch|p1b: Floette|Floette-Mega, L50, F|100/100\n|-ability|p1b: Floette|Fairy Aura\n|move|p2b: Archaludon|Protect|p2b: Archaludon\n|-singleturn|p2b: Archaludon|Protect\n|move|p1a: Rotom|Electroweb|p2b: Archaludon|[spread] p2a\n|-activate|p2b: Archaludon|move: Protect\n|-damage|p2a: Incineroar|94/100\n|-unboost|p2a: Incineroar|spe|1\n|move|p2a: Incineroar|Throat Chop|p1b: Floette\n|-resisted|p1b: Floette|1\n|-damage|p1b: Floette|84/100\n|-start|p1b: Floette|Throat Chop|[silent]\n|\n|upkeep\n|turn|8\n|-message|training_dummy_ou forfeited.\n|\n|win|joej m\n|raw|joej m's rating: 1412 &rarr; <strong>1427</strong><br />(+15 for winning)\n|raw|training_dummy_ou's rating: 1321 &rarr; <strong>1306</strong><br />(-15 for losing)\n|l|\u2606training_dummy_ou\n|player|p2|\n",
  "uploadtime": 1776291648,
  "views": 39,
  "formatid": "gen9championsvgc2026regma",
  "rating": 1306,
  "private": 0,
  "password": null
}