{
  "id": "gen9championsvgc2026regma-2586264907",
  "format": "[Gen 9 Champions] VGC 2026 Reg M-A",
  "players": [
    "Pucuk",
    "akadot"
  ],
  "log": "|j|\u2606Pucuk\n|j|\u2606akadot\n|t:|1776419052\n|gametype|doubles\n|player|p1|Pucuk|265|1061\n|player|p2|akadot|worker-gen4|1000\n|gen|9\n|tier|[Gen 9 Champions] VGC 2026 Reg M-A\n|rated|\n|rule|Species Clause: Limit one of each Pok\u00e9mon\n|rule|Item Clause: Limit 1 of each item\n|clearpoke\n|poke|p1|Talonflame, L50, M|\n|poke|p1|Sylveon, L50, F|\n|poke|p1|Orthworm, L50, F|\n|poke|p1|Golurk, L50|\n|poke|p1|Oranguru, L50, M|\n|poke|p1|Kangaskhan, L50, F|\n|poke|p2|Mimikyu, L50, M|\n|poke|p2|Sableye, L50, F|\n|poke|p2|Sylveon, L50, M|\n|poke|p2|Araquanid, L50, F|\n|poke|p2|Corviknight, L50, M|\n|poke|p2|Rotom-Frost, L50|\n|teampreview|4\n|\n|t:|1776419088\n|teamsize|p1|4\n|teamsize|p2|4\n|start\n|switch|p1a: Orthworm|Orthworm, L50, F|100/100\n|switch|p1b: Sylveon|Sylveon, L50, F, shiny|100/100\n|switch|p2a: Rotom|Rotom-Frost, L50|100/100\n|switch|p2b: Sableye|Sableye, L50, F|100/100\n|turn|1\n|\n|t:|1776419105\n|move|p1a: Orthworm|Protect|p1a: Orthworm\n|-singleturn|p1a: Orthworm|Protect\n|move|p2b: Sableye|Taunt|p1a: Orthworm\n|-activate|p1a: Orthworm|move: Protect\n|move|p2a: Rotom|Thunderbolt|p1b: Sylveon\n|-damage|p1b: Sylveon|69/100\n|move|p1b: Sylveon|Hyper Voice|p2b: Sableye|[spread] p2a,p2b\n|-supereffective|p2b: Sableye|1\n|-damage|p2a: Rotom|44/100\n|-enditem|p2b: Sableye|Focus Sash\n|-damage|p2b: Sableye|1/100\n|\n|upkeep\n|turn|2\n|\n|t:|1776419129\n|switch|p1a: Golurk|Golurk, L50|100/100\n|move|p2b: Sableye|Disable|p1b: Sylveon\n|-start|p1b: Sylveon|Disable|Hyper Voice\n|move|p2a: Rotom|Thunderbolt|p1a: Golurk\n|-immune|p1a: Golurk\n|cant|p1b: Sylveon|Disable|Hyper Voice\n|\n|upkeep\n|turn|3\n|\n|t:|1776419160\n|switch|p2a: Corviknight|Corviknight, L50, M, shiny|100/100\n|switch|p2b: Sylveon|Sylveon, L50, M|100/100\n|move|p1a: Golurk|Protect|p1a: Golurk\n|-singleturn|p1a: Golurk|Protect\n|move|p1b: Sylveon|Moonblast|p2a: Corviknight\n|-resisted|p2a: Corviknight|1\n|-damage|p2a: Corviknight|69/100\n|\n|-heal|p2a: Corviknight|75/100|[from] item: Leftovers\n|upkeep\n|turn|4\n|\n|t:|1776419184\n|switch|p1a: Orthworm|Orthworm, L50, F|100/100\n|move|p1b: Sylveon|Protect|p1b: Sylveon\n|-singleturn|p1b: Sylveon|Protect\n|move|p2a: Corviknight|Brave Bird|p1b: Sylveon\n|-activate|p1b: Sylveon|move: Protect\n|move|p2b: Sylveon|Hyper Beam|p1a: Orthworm\n|-resisted|p1a: Orthworm|1\n|-damage|p1a: Orthworm|19/100\n|-mustrecharge|p2b: Sylveon\n|-enditem|p1a: Orthworm|Sitrus Berry|[eat]\n|-heal|p1a: Orthworm|44/100|[from] item: Sitrus Berry\n|\n|-heal|p2a: Corviknight|81/100|[from] item: Leftovers\n|upkeep\n|turn|5\n|\n|t:|1776419216\n|move|p1b: Sylveon|Moonblast|p2b: Sylveon\n|-damage|p2b: Sylveon|66/100\n|move|p2a: Corviknight|Tailwind|p2a: Corviknight\n|-sidestart|p2: akadot|move: Tailwind\n|cant|p2b: Sylveon|recharge\n|move|p1a: Orthworm|Iron Head|p2b: Sylveon\n|-supereffective|p2b: Sylveon|1\n|-crit|p2b: Sylveon\n|-damage|p2b: Sylveon|0 fnt\n|faint|p2b: Sylveon\n|\n|-heal|p2a: Corviknight|87/100|[from] item: Leftovers\n|-end|p1b: Sylveon|Disable\n|upkeep\n|\n|t:|1776419222\n|switch|p2b: Rotom|Rotom-Frost, L50|44/100\n|turn|6\n|\n|t:|1776419258\n|move|p1a: Orthworm|Protect|p1a: Orthworm\n|-singleturn|p1a: Orthworm|Protect\n|move|p2b: Rotom|Dark Pulse|p1a: Orthworm\n|-activate|p1a: Orthworm|move: Protect\n|move|p2a: Corviknight|Brave Bird|p1b: Sylveon\n|-damage|p1b: Sylveon|0 fnt\n|faint|p1b: Sylveon\n|-damage|p2a: Corviknight|64/100|[from] Recoil\n|\n|-heal|p2a: Corviknight|70/100|[from] item: Leftovers\n|upkeep\n|\n|t:|1776419277\n|switch|p1b: Oranguru|Oranguru, L50, M|100/100\n|turn|7\n|\n|t:|1776419296\n|move|p2b: Rotom|Dark Pulse|p1b: Oranguru\n|-supereffective|p1b: Oranguru|1\n|-damage|p1b: Oranguru|66/100\n|move|p2a: Corviknight|Brave Bird|p1b: Oranguru\n|-damage|p1b: Oranguru|14/100\n|-damage|p2a: Corviknight|53/100|[from] Recoil\n|move|p1a: Orthworm|Body Press|p2b: Rotom\n|-supereffective|p2b: Rotom|1\n|-damage|p2b: Rotom|0 fnt\n|faint|p2b: Rotom\n|move|p1b: Oranguru|Trick Room|p1b: Oranguru\n|-fieldstart|move: Trick Room|[of] p1b: Oranguru\n|\n|-heal|p2a: Corviknight|59/100|[from] item: Leftovers\n|upkeep\n|\n|t:|1776419299\n|switch|p2b: Sableye|Sableye, L50, F|1/100\n|turn|8\n|\n|t:|1776419322\n|move|p1b: Oranguru|Protect|p1b: Oranguru\n|-singleturn|p1b: Oranguru|Protect\n|move|p2b: Sableye|Encore|p1b: Oranguru\n|-activate|p1b: Oranguru|move: Protect\n|move|p1a: Orthworm|Iron Head|p2b: Sableye\n|-damage|p2b: Sableye|0 fnt\n|faint|p2b: Sableye\n|move|p2a: Corviknight|Body Press|p1a: Orthworm\n|-supereffective|p1a: Orthworm|1\n|-damage|p1a: Orthworm|17/100\n|\n|-heal|p2a: Corviknight|65/100|[from] item: Leftovers\n|-sideend|p2: akadot|move: Tailwind\n|upkeep\n|turn|9\n|\n|t:|1776419339\n|move|p1b: Oranguru|Foul Play|p2a: Corviknight\n|-damage|p2a: Corviknight|43/100\n|move|p1a: Orthworm|Body Press|p2a: Corviknight\n|-crit|p2a: Corviknight\n|-damage|p2a: Corviknight|5/100\n|move|p2a: Corviknight|Body Press|p1a: Orthworm\n|-supereffective|p1a: Orthworm|1\n|-damage|p1a: Orthworm|0 fnt\n|faint|p1a: Orthworm\n|\n|-heal|p2a: Corviknight|11/100|[from] item: Leftovers\n|upkeep\n|\n|t:|1776419350\n|switch|p1a: Golurk|Golurk, L50|100/100\n|turn|10\n|\n|t:|1776419359\n|detailschange|p1a: Golurk|Golurk-Mega, L50\n|-mega|p1a: Golurk|Golurk|Golurkite\n|move|p1a: Golurk|Ice Punch|p2a: Corviknight\n|-damage|p2a: Corviknight|0 fnt\n|faint|p2a: Corviknight\n|\n|win|Pucuk\n|raw|Pucuk's rating: 1061 &rarr; <strong>1086</strong><br />(+25 for winning)\n|raw|akadot's rating: 1000 &rarr; <strong>1000</strong><br />(+0 for losing)\n|l|\u2606akadot\n|player|p2|\n",
  "uploadtime": 1776419370,
  "views": 19,
  "formatid": "gen9championsvgc2026regma",
  "rating": 1000,
  "private": 0,
  "password": null
}