{
  "id": "gen9championsvgc2026regma-2583115381",
  "format": "[Gen 9 Champions] VGC 2026 Reg M-A",
  "players": [
    "tryingoutt3ams",
    "Preditorial"
  ],
  "log": "|j|\u2606tryingoutt3ams\n|j|\u2606Preditorial\n|t:|1776143799\n|gametype|doubles\n|player|p1|tryingoutt3ams|266|1000\n|player|p2|Preditorial|emmet|1000\n|gen|9\n|tier|[Gen 9 Champions] VGC 2026 Reg M-A\n|rated|\n|rule|Species Clause: Limit one of each Pok\u00e9mon\n|rule|Item Clause: Limit 1 of each item\n|clearpoke\n|poke|p1|Dragonite, L50, F|\n|poke|p1|Starmie, L50|\n|poke|p1|Sneasler, L50, F|\n|poke|p1|Garchomp, L50, F|\n|poke|p1|Tyranitar, L50, M|\n|poke|p1|Sinistcha-Masterpiece, L50|\n|poke|p2|Conkeldurr, L50, M|\n|poke|p2|Scovillain, L50, F|\n|poke|p2|Farigiraf, L50, F|\n|poke|p2|Passimian, L50, F|\n|poke|p2|Aegislash, L50, F|\n|teampreview|4\n|inactive|Battle timer is ON: inactive players will automatically lose when time's up. (requested by tryingoutt3ams)\nPreditorial has agreed to open team sheets.\n|inactive|tryingoutt3ams has 60 seconds left.\n|\n|t:|1776143843\n|teamsize|p1|4\n|teamsize|p2|4\n|start\n|switch|p1a: Starmie|Starmie, L50|100/100\n|switch|p1b: Garchomp|Garchomp, L50, F|100/100\n|switch|p2a: Dr Livesey|Conkeldurr, L50, M, shiny|100/100\n|switch|p2b: Chipotle|Scovillain, L50, F|100/100\n|turn|1\n|\n|t:|1776143856\n|detailschange|p1a: Starmie|Starmie-Mega, L50\n|-mega|p1a: Starmie|Starmie|Starminite\n|detailschange|p2b: Chipotle|Scovillain-Mega, L50, F\n|-mega|p2b: Chipotle|Scovillain|Scovillainite\n|move|p2b: Chipotle|Rage Powder|p2b: Chipotle\n|-singleturn|p2b: Chipotle|move: Rage Powder\n|move|p1a: Starmie|Skill Swap|p2b: Chipotle\n|-activate|p1a: Starmie|Skill Swap|Spicy Spray|Huge Power|[of] p2b: Chipotle\n|move|p1b: Garchomp|Poison Jab|p2b: Chipotle\n|-supereffective|p2b: Chipotle|1\n|-damage|p2b: Chipotle|40/100\n|-status|p2b: Chipotle|psn\n|move|p2a: Dr Livesey|Earthquake|p1b: Garchomp|[spread] p2b,p1a\n|-miss|p2a: Dr Livesey|p1b: Garchomp\n|-damage|p2b: Chipotle|8/100 psn\n|-damage|p1a: Starmie|63/100\n|-status|p2a: Dr Livesey|brn|[from] ability: Spicy Spray|[of] p1a: Starmie\n|\n|-damage|p2b: Chipotle|0 fnt|[from] psn\n|faint|p2b: Chipotle\n|-damage|p2a: Dr Livesey|94/100 brn|[from] brn\n|upkeep\n|\n|t:|1776143878\n|switch|p2b: fleself|Farigiraf, L50, F|100/100\n|turn|2\n|c|\u2606Preditorial|it happened\n|c|\u2606Preditorial|YES\n|\n|t:|1776143900\n|switch|p1a: Tyranitar|Tyranitar, L50, M|100/100\n|-weather|Sandstorm|[from] ability: Sand Stream|[of] p1a: Tyranitar\n|move|p1b: Garchomp|Swords Dance|p1b: Garchomp\n|-boost|p1b: Garchomp|atk|2\n|move|p2a: Dr Livesey|Bulk Up|p2a: Dr Livesey\n|-boost|p2a: Dr Livesey|atk|1\n|-boost|p2a: Dr Livesey|def|1\n|move|p2b: fleself|Trick Room|p2b: fleself\n|-fieldstart|move: Trick Room|[of] p2b: fleself\n|\n|-weather|Sandstorm|[upkeep]\n|-damage|p2a: Dr Livesey|88/100 brn|[from] Sandstorm\n|-damage|p2b: fleself|94/100|[from] Sandstorm\n|-heal|p2a: Dr Livesey|94/100 brn|[from] item: Leftovers\n|-damage|p2a: Dr Livesey|88/100 brn|[from] brn\n|upkeep\n|turn|3\n|\n|t:|1776143923\n|move|p2a: Dr Livesey|Facade|p1b: Garchomp|[miss]\n|-miss|p2a: Dr Livesey|p1b: Garchomp\n|move|p2b: fleself|Hyper Voice|p1b: Garchomp|[spread] p1a,p1b\n|-resisted|p1a: Tyranitar|1\n|-damage|p1a: Tyranitar|89/100\n|-damage|p1b: Garchomp|59/100\n|move|p1a: Tyranitar|Knock Off|p2b: fleself\n|-supereffective|p2b: fleself|1\n|-damage|p2b: fleself|0 fnt\n|-enditem|p2b: fleself|Twisted Spoon|[from] move: Knock Off|[of] p1a: Tyranitar\n|faint|p2b: fleself\n|move|p1b: Garchomp|Rock Slide|p2a: Dr Livesey\n|-resisted|p2a: Dr Livesey|1\n|-damage|p2a: Dr Livesey|75/100 brn\n|\n|-weather|Sandstorm|[upkeep]\n|-damage|p2a: Dr Livesey|68/100 brn|[from] Sandstorm\n|-heal|p2a: Dr Livesey|75/100 brn|[from] item: Leftovers\n|-damage|p2a: Dr Livesey|68/100 brn|[from] brn\n|upkeep\n|\n|t:|1776143934\n|switch|p2b: Passimian|Passimian, L50, F|100/100\n|turn|4\n|\n|t:|1776143949\n|switch|p1a: Sinistcha|Sinistcha-Masterpiece, L50|100/100\n|-heal|p1b: Garchomp|84/100|[from] ability: Hospitality|[of] p1a: Sinistcha\n|move|p2a: Dr Livesey|Facade|p1b: Garchomp\n|-damage|p1b: Garchomp|0 fnt\n|faint|p1b: Garchomp\n|move|p2b: Passimian|Drain Punch|p1a: Sinistcha\n|-immune|p1a: Sinistcha\n|\n|-weather|Sandstorm|[upkeep]\n|-damage|p2a: Dr Livesey|62/100 brn|[from] Sandstorm\n|-damage|p1a: Sinistcha|95/100|[from] Sandstorm\n|-damage|p2b: Passimian|94/100|[from] Sandstorm\n|-heal|p2a: Dr Livesey|68/100 brn|[from] item: Leftovers\n|-damage|p2a: Dr Livesey|62/100 brn|[from] brn\n|upkeep\n|\n|t:|1776143964\n|switch|p1b: Tyranitar|Tyranitar, L50, M|89/100\n|turn|5\n|\n|t:|1776143986\n|move|p1a: Sinistcha|Rage Powder|p1a: Sinistcha\n|-singleturn|p1a: Sinistcha|move: Rage Powder\n|move|p2a: Dr Livesey|Close Combat|p1a: Sinistcha\n|-immune|p1a: Sinistcha\n|move|p2b: Passimian|Knock Off|p1a: Sinistcha\n|-supereffective|p1a: Sinistcha|1\n|-damage|p1a: Sinistcha|12/100\n|-enditem|p1a: Sinistcha|Occa Berry|[from] move: Knock Off|[of] p2b: Passimian\n|move|p1b: Tyranitar|Avalanche|p2a: Dr Livesey\n|-damage|p2a: Dr Livesey|48/100 brn\n|\n|-weather|Sandstorm|[upkeep]\n|-damage|p2a: Dr Livesey|42/100 brn|[from] Sandstorm\n|-damage|p1a: Sinistcha|6/100|[from] Sandstorm\n|-damage|p2b: Passimian|88/100|[from] Sandstorm\n|-heal|p2a: Dr Livesey|48/100 brn|[from] item: Leftovers\n|-damage|p2a: Dr Livesey|42/100 brn|[from] brn\n|upkeep\n|turn|6\n|\n|t:|1776144008\n|move|p1a: Sinistcha|Rage Powder|p1a: Sinistcha\n|-singleturn|p1a: Sinistcha|move: Rage Powder\n|move|p2a: Dr Livesey|Earthquake|p1b: Tyranitar|[spread] p2b,p1a,p1b\n|-resisted|p1a: Sinistcha|1\n|-supereffective|p1b: Tyranitar|1\n|-damage|p2b: Passimian|23/100\n|-damage|p1a: Sinistcha|0 fnt\n|-damage|p1b: Tyranitar|0 fnt\n|faint|p1a: Sinistcha\n|faint|p1b: Tyranitar\n|move|p2b: Passimian|Trailblaze|p1: Sinistcha|[notarget]\n|-fail|p2b: Passimian\n|\n|-weather|none\n|-heal|p2a: Dr Livesey|48/100 brn|[from] item: Leftovers\n|-damage|p2a: Dr Livesey|42/100 brn|[from] brn\n|-fieldend|move: Trick Room\n|upkeep\n|\n|t:|1776144015\n|switch|p1b: Starmie|Starmie-Mega, L50|63/100\n|turn|7\n|\n|t:|1776144028\n|move|p1b: Starmie|Dazzling Gleam|p2b: Passimian|[spread] p2a,p2b\n|-supereffective|p2a: Dr Livesey|1\n|-supereffective|p2b: Passimian|1\n|-damage|p2a: Dr Livesey|0 fnt\n|-damage|p2b: Passimian|0 fnt\n|faint|p2a: Dr Livesey\n|faint|p2b: Passimian\n|\n|win|tryingoutt3ams\n|raw|tryingoutt3ams's rating: 1000 &rarr; <strong>1040</strong><br />(+40 for winning)\n|raw|Preditorial's rating: 1000 &rarr; <strong>1000</strong><br />(+0 for losing)\n|c|\u2606Preditorial|dang it\n|c|\u2606Preditorial|gg\n",
  "uploadtime": 1776144038,
  "views": 18,
  "formatid": "gen9championsvgc2026regma",
  "rating": 1000,
  "private": 0,
  "password": null
}