{
  "id": "gen9championsvgc2026regma-2583805377",
  "format": "[Gen 9 Champions] VGC 2026 Reg M-A",
  "players": [
    "game04fun",
    "goldsman"
  ],
  "log": "|j|\u2606game04fun\n|j|\u2606goldsman\n|t:|1776198993\n|gametype|doubles\n|player|p1|game04fun|2|1048\n|player|p2|goldsman|265|1042\n|gen|9\n|tier|[Gen 9 Champions] VGC 2026 Reg M-A\n|rated|\n|rule|Species Clause: Limit one of each Pok\u00e9mon\n|rule|Item Clause: Limit 1 of each item\n|clearpoke\n|poke|p1|Gengar, L50, F|\n|poke|p1|Maushold-Four, L50|\n|poke|p1|Garganacl, L50, F|\n|poke|p1|Floette-Eternal, L50, F|\n|poke|p1|Sneasler, L50, F|\n|poke|p1|Rotom-Wash, L50|\n|poke|p2|Froslass, L50, F|\n|poke|p2|Incineroar, L50, F|\n|poke|p2|Orthworm, L50, F|\n|poke|p2|Garchomp, L50, M|\n|poke|p2|Basculegion, L50, M|\n|poke|p2|Rotom-Frost, L50|\n|teampreview|4\ngoldsman rejected open team sheets.\n|inactive|Battle timer is ON: inactive players will automatically lose when time's up. (requested by goldsman)\n|\n|t:|1776199018\n|teamsize|p1|4\n|teamsize|p2|4\n|start\n|switch|p1a: Gengar|Gengar, L50, F|100/100\n|switch|p1b: Garganacl|Garganacl, L50, F|100/100\n|switch|p2a: Orthworm|Orthworm, L50, F|100/100\n|switch|p2b: Garchomp|Garchomp, L50, M|100/100\n|turn|1\n|\n|t:|1776199037\n|detailschange|p1a: Gengar|Gengar-Mega, L50, F\n|-mega|p1a: Gengar|Gengar|Gengarite\n|move|p1b: Garganacl|Wide Guard|p1b: Garganacl\n|-singleturn|p1b: Garganacl|Wide Guard\n|move|p1a: Gengar|Perish Song|p1a: Gengar\n|-start|p1a: Gengar|perish3|[silent]\n|-start|p1b: Garganacl|perish3|[silent]\n|-start|p2a: Orthworm|perish3|[silent]\n|-start|p2b: Garchomp|perish3|[silent]\n|-fieldactivate|move: Perish Song\n|move|p2b: Garchomp|Earthquake|p1a: Gengar|[spread] \n|-activate|p1a: Gengar|move: Wide Guard\n|-activate|p1b: Garganacl|move: Wide Guard\n|-immune|p2a: Orthworm|[from] ability: Earth Eater\n|move|p2a: Orthworm|Iron Defense|p2a: Orthworm\n|-boost|p2a: Orthworm|def|2\n|\n|-start|p1a: Gengar|perish3\n|-start|p2b: Garchomp|perish3\n|-start|p2a: Orthworm|perish3\n|-start|p1b: Garganacl|perish3\n|upkeep\n|turn|2\n|inactive|game04fun has 30 seconds left.\n|inactive|goldsman has 30 seconds left.\n|inactive|game04fun has 20 seconds left.\n|inactive|goldsman has 20 seconds left.\n|inactive|game04fun has 15 seconds left.\n|inactive|goldsman has 15 seconds left.\n|\n|t:|1776199079\n|switch|p1b: Rotom|Rotom-Wash, L50|100/100\n|move|p1a: Gengar|Protect|p1a: Gengar\n|-singleturn|p1a: Gengar|Protect\n|move|p2b: Garchomp|Dragon Claw|p1a: Gengar\n|-activate|p1a: Gengar|move: Protect\n|move|p2a: Orthworm|Shed Tail|p2a: Orthworm\n|-start|p2a: Orthworm|Substitute|[from] move: Shed Tail\n|-damage|p2a: Orthworm|50/100\n|-enditem|p2a: Orthworm|Sitrus Berry|[eat]\n|-heal|p2a: Orthworm|75/100|[from] item: Sitrus Berry\n|\n|t:|1776199090\n|switch|p2a: Froslass|Froslass, L50, F|100/100|[from] Shed Tail\n|\n|-start|p1a: Gengar|perish2\n|-start|p2b: Garchomp|perish2\n|upkeep\n|turn|3\n|inactive|game04fun has 30 seconds left.\n|inactive|game04fun has 20 seconds left.\n|inactive|game04fun has 15 seconds left.\n|\n|t:|1776199133\n|move|p1a: Gengar|Destiny Bond|p1a: Gengar\n|-singlemove|p1a: Gengar|Destiny Bond\n|move|p2a: Froslass|Shadow Ball|p1a: Gengar\n|-supereffective|p1a: Gengar|1\n|-damage|p1a: Gengar|22/100\n|move|p2b: Garchomp|Dragon Claw|p1a: Gengar\n|-damage|p1a: Gengar|0 fnt\n|faint|p1a: Gengar\n|-activate|p1a: Gengar|move: Destiny Bond\n|faint|p2b: Garchomp\n|move|p1b: Rotom|Thunderbolt|p2a: Froslass\n|-end|p2a: Froslass|Substitute\n|\n|upkeep\n|\n|t:|1776199151\n|switch|p1a: Garganacl|Garganacl, L50, F|100/100\n|switch|p2b: Orthworm|Orthworm, L50, F|75/100\n|turn|4\n|\n|t:|1776199163\n|move|p2a: Froslass|Protect|p2a: Froslass\n|-singleturn|p2a: Froslass|Protect\n|move|p1a: Garganacl|Wide Guard|p1a: Garganacl\n|-singleturn|p1a: Garganacl|Wide Guard\n|move|p1b: Rotom|Thunderbolt|p2a: Froslass\n|-activate|p2a: Froslass|move: Protect\n|move|p2b: Orthworm|Body Press|p1a: Garganacl\n|-supereffective|p1a: Garganacl|1\n|-damage|p1a: Garganacl|54/100\n|\n|-heal|p1a: Garganacl|60/100|[from] item: Leftovers\n|upkeep\n|turn|5\n|inactive|goldsman has 30 seconds left.\n|\n|t:|1776199192\n|move|p2a: Froslass|Nasty Plot|p2a: Froslass\n|-boost|p2a: Froslass|spa|2\n|move|p1b: Rotom|Hydro Pump|p2b: Orthworm|[miss]\n|-miss|p1b: Rotom|p2b: Orthworm\n|move|p2b: Orthworm|Body Press|p1a: Garganacl\n|-supereffective|p1a: Garganacl|1\n|-damage|p1a: Garganacl|15/100\n|move|p1a: Garganacl|Heavy Slam|p2a: Froslass\n|-supereffective|p2a: Froslass|1\n|-damage|p2a: Froslass|0 fnt\n|faint|p2a: Froslass\n|\n|-heal|p1a: Garganacl|20/100|[from] item: Leftovers\n|upkeep\n|\n|t:|1776199205\n|switch|p2a: Basculegion|Basculegion, L50, M|100/100\n|turn|6\n|\n|t:|1776199219\n|switch|p1b: Maushold|Maushold-Four, L50|100/100\n|move|p2a: Basculegion|Last Respects|p1b: Maushold\n|-immune|p1b: Maushold\n|move|p2b: Orthworm|Iron Defense|p2b: Orthworm\n|-boost|p2b: Orthworm|def|2\n|move|p1a: Garganacl|Recover|p1a: Garganacl\n|-heal|p1a: Garganacl|70/100\n|\n|-heal|p1a: Garganacl|76/100|[from] item: Leftovers\n|upkeep\n|turn|7\n|inactive|game04fun has 30 seconds left.\n|\n|t:|1776199252\n|move|p2a: Basculegion|Last Respects|p1a: Garganacl\n|-damage|p1a: Garganacl|27/100\n|move|p1b: Maushold|Encore|p2b: Orthworm\n|-start|p2b: Orthworm|Encore\n|move|p2b: Orthworm|Iron Defense|p2b: Orthworm\n|-boost|p2b: Orthworm|def|2\n|move|p1a: Garganacl|Heavy Slam|p2a: Basculegion\n|-resisted|p2a: Basculegion|1\n|-damage|p2a: Basculegion|88/100\n|\n|-heal|p1a: Garganacl|33/100|[from] item: Leftovers\n|upkeep\n|turn|8\n|\n|t:|1776199267\n|switch|p1a: Rotom|Rotom-Wash, L50|100/100\n|move|p1b: Maushold|Follow Me|p1b: Maushold\n|-singleturn|p1b: Maushold|move: Follow Me\n|move|p2a: Basculegion|Last Respects|p1b: Maushold\n|-immune|p1b: Maushold\n|move|p2b: Orthworm|Iron Defense|p2b: Orthworm\n|-boost|p2b: Orthworm|def|2\n|\n|upkeep\n|turn|9\n|inactive|game04fun has 30 seconds left.\n|inactive|game04fun has 20 seconds left.\n|inactive|game04fun has 15 seconds left.\n|\n|t:|1776199310\n|move|p1b: Maushold|Follow Me|p1b: Maushold\n|-singleturn|p1b: Maushold|move: Follow Me\n|move|p2a: Basculegion|Last Respects|p1b: Maushold\n|-immune|p1b: Maushold\n|move|p1a: Rotom|Thunderbolt|p2a: Basculegion\n|-supereffective|p2a: Basculegion|1\n|-damage|p2a: Basculegion|2/100\n|move|p2b: Orthworm|Iron Defense|p2b: Orthworm\n|-boost|p2b: Orthworm|def|0\n|\n|-end|p2b: Orthworm|Encore\n|upkeep\n|turn|10\n|\n|t:|1776199325\n|move|p1b: Maushold|Follow Me|p1b: Maushold\n|-singleturn|p1b: Maushold|move: Follow Me\n|move|p2a: Basculegion|Last Respects|p1b: Maushold\n|-immune|p1b: Maushold\n|move|p1a: Rotom|Volt Switch|p2a: Basculegion\n|-supereffective|p2a: Basculegion|1\n|-damage|p2a: Basculegion|0 fnt\n|faint|p2a: Basculegion\n|\n|t:|1776199393\n|switch|p1a: Garganacl|Garganacl, L50, F|33/100|[from] Volt Switch\n|move|p2b: Orthworm|Body Press|p1b: Maushold\n|-supereffective|p1b: Maushold|1\n|-enditem|p1b: Maushold|Focus Sash\n|-damage|p1b: Maushold|1/100\n|\n|-heal|p1a: Garganacl|39/100|[from] item: Leftovers\n|upkeep\n|turn|11\n|inactive|game04fun has 30 seconds left.\n|inactive|goldsman has 30 seconds left.\n|inactive|game04fun has 20 seconds left.\n|inactive|goldsman has 20 seconds left.\n|inactive|game04fun has 15 seconds left.\n|inactive|game04fun has 10 seconds left.\n|\n|t:|1776199450\n|move|p1b: Maushold|Protect|p1b: Maushold\n|-singleturn|p1b: Maushold|Protect\n|move|p2b: Orthworm|Body Press|p1a: Garganacl\n|-supereffective|p1a: Garganacl|1\n|-damage|p1a: Garganacl|0 fnt\n|faint|p1a: Garganacl\n|\n|upkeep\n|\n|t:|1776199458\n|switch|p1a: Rotom|Rotom-Wash, L50|100/100\n|turn|12\n|\n|t:|1776199473\n|move|p1b: Maushold|Follow Me|p1b: Maushold\n|-singleturn|p1b: Maushold|move: Follow Me\n|move|p1a: Rotom|Hydro Pump|p2b: Orthworm\n|-damage|p2b: Orthworm|6/100\n|move|p2b: Orthworm|Body Press|p1b: Maushold\n|-supereffective|p1b: Maushold|1\n|-damage|p1b: Maushold|0 fnt\n|faint|p1b: Maushold\n|\n|upkeep\n|turn|13\n|\n|t:|1776199486\n|move|p1a: Rotom|Thunderbolt|p2b: Orthworm\n|-damage|p2b: Orthworm|0 fnt\n|faint|p2b: Orthworm\n|\n|win|game04fun\n|raw|game04fun's rating: 1048 &rarr; <strong>1080</strong><br />(+32 for winning)\n|raw|goldsman's rating: 1042 &rarr; <strong>1026</strong><br />(-16 for losing)\n|l|\u2606game04fun\n|player|p1|\n",
  "uploadtime": 1776199546,
  "views": 33,
  "formatid": "gen9championsvgc2026regma",
  "rating": 1026,
  "private": 0,
  "password": null
}