{
  "id": "gen9championsvgc2026regma-2587865957",
  "format": "[Gen 9 Champions] VGC 2026 Reg M-A",
  "players": [
    "Sores",
    "fangyusuhe"
  ],
  "log": "|j|\u2606Sores\n|j|\u2606fangyusuhe\n|t:|1776572265\n|gametype|doubles\n|player|p1|Sores|veteran|1396\n|player|p2|fangyusuhe|dawn|1489\n|gen|9\n|tier|[Gen 9 Champions] VGC 2026 Reg M-A\n|rated|\n|rule|Species Clause: Limit one of each Pok\u00e9mon\n|rule|Item Clause: Limit 1 of each item\n|clearpoke\n|poke|p1|Delphox, L50, F|\n|poke|p1|Garchomp, L50, M|\n|poke|p1|Milotic, L50, M, shiny|\n|poke|p1|Sinistcha-Masterpiece, L50|\n|poke|p1|Orthworm, L50, M|\n|poke|p1|Liepard, L50, M|\n|poke|p2|Floette-Eternal, L50, F|\n|poke|p2|Sinistcha, L50|\n|poke|p2|Incineroar, L50, M|\n|poke|p2|Maushold, L50|\n|poke|p2|Talonflame, L50, M|\n|poke|p2|Garchomp, L50, M|\n|teampreview|4\n|inactive|Battle timer is ON: inactive players will automatically lose when time's up. (requested by fangyusuhe)\n|\n|t:|1776572289\n|teamsize|p1|4\n|teamsize|p2|4\n|start\n|switch|p1a: Liepard|Liepard, L50, M|100/100\n|switch|p1b: Milotic|Milotic, L50, M, shiny|100/100\n|switch|p2a: Floette|Floette-Eternal, L50, F|100/100\n|switch|p2b: Maushold|Maushold, L50|100/100\n|turn|1\n|\n|t:|1776572302\n|move|p1a: Liepard|Fake Out|p2a: Floette\n|-damage|p2a: Floette|91/100\n|move|p2b: Maushold|Super Fang|p1b: Milotic\n|-damage|p1b: Milotic|50/100\n|cant|p2a: Floette|flinch\n|move|p1b: Milotic|Coil|p1b: Milotic\n|-boost|p1b: Milotic|atk|1\n|-boost|p1b: Milotic|def|1\n|-boost|p1b: Milotic|accuracy|1\n|\n|-heal|p1b: Milotic|56/100|[from] item: Leftovers\n|upkeep\n|turn|2\n|\n|t:|1776572319\n|detailschange|p2a: Floette|Floette-Mega, L50, F\n|-mega|p2a: Floette|Floette|Floettite\n|-ability|p2a: Floette|Fairy Aura\n|move|p1b: Milotic|Protect|p1b: Milotic\n|-singleturn|p1b: Milotic|Protect\n|move|p1a: Liepard|Thunder Wave|p2a: Floette\n|-status|p2a: Floette|par\n|move|p2b: Maushold|Super Fang|p1b: Milotic\n|-activate|p1b: Milotic|move: Protect\n|move|p2a: Floette|Dazzling Gleam|p1a: Liepard|[spread] p1a\n|-activate|p1b: Milotic|move: Protect\n|-supereffective|p1a: Liepard|1\n|-crit|p1a: Liepard\n|-enditem|p1a: Liepard|Focus Sash\n|-damage|p1a: Liepard|1/100\n|\n|-heal|p1b: Milotic|62/100|[from] item: Leftovers\n|upkeep\n|turn|3\n|inactive|Sores has 30 seconds left.\n|\n|t:|1776572344\n|move|p1a: Liepard|Thunder Wave|p2b: Maushold\n|-status|p2b: Maushold|par\n|move|p1b: Milotic|Muddy Water|p2b: Maushold|[spread] p2a,p2b\n|-damage|p2a: Floette|78/100 par\n|-damage|p2b: Maushold|73/100 par\n|-unboost|p2b: Maushold|accuracy|1\n|move|p2b: Maushold|Super Fang|p1b: Milotic|[miss]\n|-miss|p2b: Maushold|p1b: Milotic\n|move|p2a: Floette|Dazzling Gleam|p1b: Milotic|[spread] p1a,p1b\n|-supereffective|p1a: Liepard|1\n|-damage|p1a: Liepard|0 fnt\n|-damage|p1b: Milotic|32/100\n|faint|p1a: Liepard\n|\n|-heal|p1b: Milotic|38/100|[from] item: Leftovers\n|upkeep\n|\n|t:|1776572359\n|switch|p1a: Orthworm|Orthworm, L50, M|100/100\n|turn|4\n|\n|t:|1776572370\n|move|p1b: Milotic|Protect|p1b: Milotic\n|-singleturn|p1b: Milotic|Protect\n|cant|p2b: Maushold|par\n|move|p1a: Orthworm|Body Press|p2b: Maushold\n|-supereffective|p2b: Maushold|1\n|-damage|p2b: Maushold|0 fnt\n|faint|p2b: Maushold\n|move|p2a: Floette|Dazzling Gleam|p1a: Orthworm|[spread] p1a\n|-activate|p1b: Milotic|move: Protect\n|-resisted|p1a: Orthworm|1\n|-damage|p1a: Orthworm|63/100\n|\n|-heal|p1b: Milotic|44/100|[from] item: Leftovers\n|upkeep\n|\n|t:|1776572375\n|switch|p2b: Talonflame|Talonflame, L50, M|100/100\n|turn|5\n|\n|t:|1776572399\n|move|p2b: Talonflame|Will-O-Wisp|p1a: Orthworm|[miss]\n|-miss|p2b: Talonflame|p1a: Orthworm\n|move|p1b: Milotic|Hypnosis|p2b: Talonflame\n|-status|p2b: Talonflame|slp|[from] move: Hypnosis\n|move|p1a: Orthworm|Heavy Slam|p2a: Floette\n|-supereffective|p2a: Floette|1\n|-damage|p2a: Floette|31/100 par\n|move|p2a: Floette|Calm Mind|p2a: Floette\n|-boost|p2a: Floette|spa|1\n|-boost|p2a: Floette|spd|1\n|\n|-heal|p1b: Milotic|50/100|[from] item: Leftovers\n|upkeep\n|turn|6\n|\n|t:|1776572417\n|move|p2a: Floette|Protect|p2a: Floette\n|-singleturn|p2a: Floette|Protect\n|cant|p2b: Talonflame|slp\n|move|p1b: Milotic|Muddy Water|p2b: Talonflame|[spread] p2b\n|-activate|p2a: Floette|move: Protect\n|-supereffective|p2b: Talonflame|1\n|-damage|p2b: Talonflame|33/100 slp\n|move|p1a: Orthworm|Heavy Slam|p2a: Floette\n|-activate|p2a: Floette|move: Protect\n|\n|-heal|p1b: Milotic|56/100|[from] item: Leftovers\n|upkeep\n|turn|7\n|\n|t:|1776572429\n|-curestatus|p2b: Talonflame|slp|[msg]\n|move|p2b: Talonflame|Tailwind|p2b: Talonflame\n|-sidestart|p2: fangyusuhe|move: Tailwind\n|move|p2a: Floette|Dazzling Gleam|p1a: Orthworm|[spread] p1a,p1b\n|-resisted|p1a: Orthworm|1\n|-damage|p1a: Orthworm|12/100\n|-damage|p1b: Milotic|14/100\n|-enditem|p1a: Orthworm|Sitrus Berry|[eat]\n|-heal|p1a: Orthworm|37/100|[from] item: Sitrus Berry\n|move|p1b: Milotic|Muddy Water|p2b: Talonflame|[spread] p2a,p2b\n|-supereffective|p2b: Talonflame|1\n|-damage|p2a: Floette|21/100 par\n|-damage|p2b: Talonflame|0 fnt\n|-unboost|p2a: Floette|accuracy|1\n|faint|p2b: Talonflame\n|move|p1a: Orthworm|Heavy Slam|p2a: Floette\n|-supereffective|p2a: Floette|1\n|-damage|p2a: Floette|0 fnt\n|faint|p2a: Floette\n|\n|-heal|p1b: Milotic|20/100|[from] item: Leftovers\n|upkeep\n|\n|t:|1776572436\n|switch|p2a: Garchomp|Garchomp, L50, M|100/100\n|turn|8\n|\n|t:|1776572448\n|move|p1b: Milotic|Protect|p1b: Milotic\n|-singleturn|p1b: Milotic|Protect\n|move|p2a: Garchomp|Dragon Claw|p1a: Orthworm\n|-resisted|p1a: Orthworm|1\n|-damage|p1a: Orthworm|25/100\n|move|p1a: Orthworm|Body Press|p2a: Garchomp\n|-damage|p2a: Garchomp|74/100\n|-damage|p1a: Orthworm|12/100|[from] ability: Rough Skin|[of] p2a: Garchomp\n|\n|-heal|p1b: Milotic|26/100|[from] item: Leftovers\n|upkeep\n|turn|9\n|inactive|Sores has 30 seconds left.\n|inactive|fangyusuhe has 30 seconds left.\n|\n|t:|1776572478\n|move|p2a: Garchomp|Dragon Claw|p1a: Orthworm\n|-resisted|p1a: Orthworm|1\n|-damage|p1a: Orthworm|0 fnt\n|faint|p1a: Orthworm\n|move|p1b: Milotic|Hypnosis|p2a: Garchomp\n|-status|p2a: Garchomp|slp|[from] move: Hypnosis\n|\n|-heal|p1b: Milotic|32/100|[from] item: Leftovers\n|upkeep\n|\n|t:|1776572482\n|switch|p1a: Delphox|Delphox, L50, F|100/100\n|turn|10\n|\n|t:|1776572486\n|detailschange|p1a: Delphox|Delphox-Mega, L50, F\n|-mega|p1a: Delphox|Delphox|Delphoxite\n|cant|p2a: Garchomp|slp\n|move|p1a: Delphox|Nasty Plot|p1a: Delphox\n|-boost|p1a: Delphox|spa|2\n|move|p1b: Milotic|Coil|p1b: Milotic\n|-boost|p1b: Milotic|atk|1\n|-boost|p1b: Milotic|def|1\n|-boost|p1b: Milotic|accuracy|1\n|\n|-heal|p1b: Milotic|38/100|[from] item: Leftovers\n|-sideend|p2: fangyusuhe|move: Tailwind\n|upkeep\n|turn|11\n|\n|t:|1776572492\n|move|p1a: Delphox|Psyshock|p2a: Garchomp\n|-damage|p2a: Garchomp|0 fnt\n|faint|p2a: Garchomp\n|\n|win|Sores\n|raw|Sores's rating: 1396 &rarr; <strong>1421</strong><br />(+25 for winning)\n|raw|fangyusuhe's rating: 1489 &rarr; <strong>1464</strong><br />(-25 for losing)\n",
  "uploadtime": 1776572500,
  "views": 13,
  "formatid": "gen9championsvgc2026regma",
  "rating": 1421,
  "private": 0,
  "password": null
}