{
  "id": "gen9championsvgc2026regma-2589385854",
  "format": "[Gen 9 Champions] VGC 2026 Reg M-A",
  "players": [
    "Catapulta_1",
    "EliWillMakeUCry"
  ],
  "log": "|j|\u2606Catapulta_1\n|j|\u2606EliWillMakeUCry\n|t:|1776718784\n|gametype|doubles\n|player|p1|Catapulta_1|gentleman-gen1|1124\n|player|p2|EliWillMakeUCry|unknown|1223\n|gen|9\n|tier|[Gen 9 Champions] VGC 2026 Reg M-A\n|rated|\n|rule|Species Clause: Limit one of each Pok\u00e9mon\n|rule|Item Clause: Limit 1 of each item\n|clearpoke\n|poke|p1|Audino, L50, F, shiny|\n|poke|p1|Farigiraf, L50, M|\n|poke|p1|Corviknight, L50, F|\n|poke|p1|Sableye, L50, F|\n|poke|p1|Drampa, L50, M|\n|poke|p1|Hatterene, L50, F|\n|poke|p2|Farigiraf, L50, M|\n|poke|p2|Incineroar, L50, F, shiny|\n|poke|p2|Abomasnow, L50, M|\n|poke|p2|Araquanid, L50, F|\n|poke|p2|Sinistcha, L50|\n|poke|p2|Golurk, L50|\n|teampreview|4\n|inactive|Battle timer is ON: inactive players will automatically lose when time's up. (requested by EliWillMakeUCry)\nEliWillMakeUCry rejected open team sheets.\n|\n|t:|1776718812\n|teamsize|p1|4\n|teamsize|p2|4\n|start\n|switch|p1a: MegaBodrio|Audino, L50, F, shiny|100/100\n|switch|p1b: The Goat|Farigiraf, L50, M|100/100\n|switch|p2a: Farigiraf|Farigiraf, L50, M|100/100\n|switch|p2b: Abomasnow|Abomasnow, L50, M|100/100\n|-weather|Snowscape|[from] ability: Snow Warning|[of] p2b: Abomasnow\n|turn|1\n|\n|t:|1776718835\n|switch|p1b: Tio Grandpa|Drampa, L50, M|100/100\n|-ability|p1b: Tio Grandpa|Cloud Nine\n|detailschange|p2b: Abomasnow|Abomasnow-Mega, L50, M\n|-mega|p2b: Abomasnow|Abomasnow|Abomasite\n|detailschange|p1a: MegaBodrio|Audino-Mega, L50, F, shiny\n|-mega|p1a: MegaBodrio|Audino|Audinite\n|move|p2a: Farigiraf|Psychic|p1a: MegaBodrio\n|-damage|p1a: MegaBodrio|75/100\n|move|p1a: MegaBodrio|Calm Mind|p1a: MegaBodrio\n|-boost|p1a: MegaBodrio|spa|1\n|-boost|p1a: MegaBodrio|spd|1\n|move|p2b: Abomasnow|Aurora Veil||[still]\n|-fail|p2b: Abomasnow\n|\n|-weather|Snowscape|[upkeep]\n|upkeep\n|turn|2\n|inactive|EliWillMakeUCry has 30 seconds left.\n|\n|t:|1776718861\n|switch|p2b: Araquanid|Araquanid, L50, F|100/100\n|move|p1b: Tio Grandpa|Protect|p1b: Tio Grandpa\n|-singleturn|p1b: Tio Grandpa|Protect\n|move|p1a: MegaBodrio|Hyper Voice|p2b: Araquanid|[spread] p2a,p2b\n|-damage|p2a: Farigiraf|67/100\n|-damage|p2b: Araquanid|66/100\n|move|p2a: Farigiraf|Trick Room|p2a: Farigiraf\n|-fieldstart|move: Trick Room|[of] p2a: Farigiraf\n|\n|-weather|Snowscape|[upkeep]\n|upkeep\n|turn|3\n|\n|t:|1776718879\n|move|p2a: Farigiraf|Helping Hand|p2b: Araquanid\n|-singleturn|p2b: Araquanid|Helping Hand|[of] p2a: Farigiraf\n|move|p1b: Tio Grandpa|Hyper Voice|p2b: Araquanid|[spread] p2a,p2b\n|-damage|p2a: Farigiraf|39/100\n|-damage|p2b: Araquanid|39/100\n|-enditem|p2a: Farigiraf|Sitrus Berry|[eat]\n|-heal|p2a: Farigiraf|64/100|[from] item: Sitrus Berry\n|move|p2b: Araquanid|Liquidation|p1a: MegaBodrio\n|-damage|p1a: MegaBodrio|24/100\n|move|p1a: MegaBodrio|Calm Mind|p1a: MegaBodrio\n|-boost|p1a: MegaBodrio|spa|1\n|-boost|p1a: MegaBodrio|spd|1\n|\n|-weather|Snowscape|[upkeep]\n|upkeep\n|turn|4\n|inactive|Catapulta_1 has 30 seconds left.\n|inactive|EliWillMakeUCry has 30 seconds left.\n|\n|t:|1776718915\n|move|p2b: Araquanid|Wide Guard|p2b: Araquanid\n|-singleturn|p2b: Araquanid|Wide Guard\n|move|p1b: Tio Grandpa|Thunder Wave|p1a: MegaBodrio\n|-status|p1a: MegaBodrio|par\n|move|p1a: MegaBodrio|Hyper Voice|p2a: Farigiraf|[spread] \n|-activate|p2a: Farigiraf|move: Wide Guard\n|-activate|p2b: Araquanid|move: Wide Guard\n|move|p2a: Farigiraf|Psychic|p1b: Tio Grandpa\n|-damage|p1b: Tio Grandpa|67/100\n|\n|-weather|Snowscape|[upkeep]\n|upkeep\n|turn|5\n|inactive|EliWillMakeUCry has 30 seconds left.\n|\n|t:|1776718952\n|move|p2a: Farigiraf|Protect|p2a: Farigiraf\n|-singleturn|p2a: Farigiraf|Protect\n|move|p1a: MegaBodrio|Hyper Voice|p2a: Farigiraf|[spread] p2b\n|-activate|p2a: Farigiraf|move: Protect\n|-damage|p2b: Araquanid|0 fnt\n|faint|p2b: Araquanid\n|move|p1b: Tio Grandpa|Draco Meteor|p2a: Farigiraf\n|-activate|p2a: Farigiraf|move: Protect\n|\n|-weather|none\n|upkeep\n|\n|t:|1776718965\n|switch|p2b: Abomasnow|Abomasnow-Mega, L50, M|100/100\n|-weather|Snowscape|[from] ability: Snow Warning|[of] p2b: Abomasnow\n|turn|6\n|\n|t:|1776718974\n|move|p2a: Farigiraf|Helping Hand|p2b: Abomasnow\n|-singleturn|p2b: Abomasnow|Helping Hand|[of] p2a: Farigiraf\n|move|p1a: MegaBodrio|Hyper Voice|p2a: Farigiraf|[spread] p2a,p2b\n|-damage|p2a: Farigiraf|17/100\n|-damage|p2b: Abomasnow|45/100\n|move|p2b: Abomasnow|Blizzard|p1a: MegaBodrio|[spread] p1a,p1b\n|-supereffective|p1b: Tio Grandpa|1\n|-damage|p1a: MegaBodrio|0 fnt\n|-damage|p1b: Tio Grandpa|0 fnt\n|faint|p1a: MegaBodrio\n|faint|p1b: Tio Grandpa\n|\n|-weather|Snowscape|[upkeep]\n|-fieldend|move: Trick Room\n|upkeep\n|\n|t:|1776718986\n|switch|p1a: Gold Swellow|Corviknight, L50, F|100/100\n|switch|p1b: The Goat|Farigiraf, L50, M|100/100\n|turn|7\n|\n|t:|1776719005\n|move|p2a: Farigiraf|Protect|p2a: Farigiraf\n|-singleturn|p2a: Farigiraf|Protect\n|move|p1a: Gold Swellow|Brave Bird|p2b: Abomasnow\n|-supereffective|p2b: Abomasnow|1\n|-damage|p2b: Abomasnow|0 fnt\n|faint|p2b: Abomasnow\n|-damage|p1a: Gold Swellow|87/100|[from] Recoil\n|move|p1b: The Goat|Hyper Voice|p2a: Farigiraf\n|-activate|p2a: Farigiraf|move: Protect\n|\n|-weather|Snowscape|[upkeep]\n|-heal|p1a: Gold Swellow|92/100|[from] item: Leftovers\n|upkeep\n|\n|t:|1776719010\n|switch|p2b: Sinistcha|Sinistcha, L50|100/100\n|-heal|p2a: Farigiraf|42/100|[from] ability: Hospitality|[of] p2b: Sinistcha\n|turn|8\n|\n|t:|1776719025\n|move|p1b: The Goat|Helping Hand|p1a: Gold Swellow\n|-singleturn|p1a: Gold Swellow|Helping Hand|[of] p1b: The Goat\n|move|p2a: Farigiraf|Helping Hand|p2b: Sinistcha\n|-singleturn|p2b: Sinistcha|Helping Hand|[of] p2a: Farigiraf\n|move|p1a: Gold Swellow|Brave Bird|p2b: Sinistcha\n|-supereffective|p2b: Sinistcha|1\n|-damage|p2b: Sinistcha|0 fnt\n|faint|p2b: Sinistcha\n|-damage|p1a: Gold Swellow|65/100|[from] Recoil\n|\n|-weather|Snowscape|[upkeep]\n|-heal|p1a: Gold Swellow|70/100|[from] item: Leftovers\n|upkeep\n|turn|9\n|-message|EliWillMakeUCry forfeited.\n|\n|win|Catapulta_1\n|raw|Catapulta_1's rating: 1124 &rarr; <strong>1156</strong><br />(+32 for winning)\n|raw|EliWillMakeUCry's rating: 1223 &rarr; <strong>1191</strong><br />(-32 for losing)\n|l|\u2606EliWillMakeUCry\n|player|p2|\n|c|\u2606Catapulta_1|nice try\n",
  "uploadtime": 1776719043,
  "views": 7,
  "formatid": "gen9championsvgc2026regma",
  "rating": 1156,
  "private": 0,
  "password": null
}