{
  "id": "gen9championsvgc2026regma-2586502611",
  "format": "[Gen 9 Champions] VGC 2026 Reg M-A",
  "players": [
    "FireTornadoo",
    "DAWat2529"
  ],
  "log": "|j|\u2606FireTornadoo\n|j|\u2606DAWat2529\n|t:|1776439113\n|gametype|doubles\n|player|p1|FireTornadoo|169|1153\n|player|p2|DAWat2529|alder|1158\n|gen|9\n|tier|[Gen 9 Champions] VGC 2026 Reg M-A\n|rated|\n|rule|Species Clause: Limit one of each Pok\u00e9mon\n|rule|Item Clause: Limit 1 of each item\n|clearpoke\n|poke|p1|Politoed, L50, F|\n|poke|p1|Aegislash, L50, M|\n|poke|p1|Incineroar, L50, M|\n|poke|p1|Gengar, L50, F|\n|poke|p1|Basculegion, L50, M|\n|poke|p1|Weavile, L50, M|\n|poke|p2|Charizard, L50, F|\n|poke|p2|Venusaur, L50, F|\n|poke|p2|Garchomp, L50, M|\n|poke|p2|Incineroar, L50, F|\n|poke|p2|Sneasler, L50, M|\n|poke|p2|Rotom-Wash, L50|\n|teampreview|4\n|inactive|Battle timer is ON: inactive players will automatically lose when time's up. (requested by DAWat2529)\n|\n|t:|1776439144\n|teamsize|p1|4\n|teamsize|p2|4\n|start\n|switch|p1a: Aegislash|Aegislash, L50, M|100/100\n|switch|p1b: Incineroar|Incineroar, L50, M|100/100\n|switch|p2a: Charizard|Charizard, L50, F|100/100\n|switch|p2b: Incineroar|Incineroar, L50, F|100/100\n|-ability|p2b: Incineroar|Intimidate|boost\n|-unboost|p1a: Aegislash|atk|1\n|-unboost|p1b: Incineroar|atk|1\n|-ability|p1b: Incineroar|Intimidate|boost\n|-unboost|p2a: Charizard|atk|1\n|-unboost|p2b: Incineroar|atk|1\n|turn|1\n|inactive|FireTornadoo has 30 seconds left.\n|inactive|DAWat2529 has 30 seconds left.\n|inactive|DAWat2529 has 20 seconds left.\n|inactive|DAWat2529 has 15 seconds left.\n|\n|t:|1776439184\n|switch|p1b: Politoed|Politoed, L50, F|100/100\n|-weather|RainDance|[from] ability: Drizzle|[of] p1b: Politoed\n|detailschange|p2a: Charizard|Charizard-Mega-Y, L50, F\n|-mega|p2a: Charizard|Charizard|Charizardite Y\n|-weather|SunnyDay|[from] ability: Drought|[of] p2a: Charizard\n|move|p2a: Charizard|Protect|p2a: Charizard\n|-singleturn|p2a: Charizard|Protect\n|move|p2b: Incineroar|Flare Blitz|p1a: Aegislash\n|-supereffective|p1a: Aegislash|1\n|-damage|p1a: Aegislash|0 fnt\n|faint|p1a: Aegislash\n|-damage|p2b: Incineroar|73/100|[from] Recoil\n|\n|-weather|SunnyDay|[upkeep]\n|upkeep\n|\n|t:|1776439202\n|switch|p1a: Incineroar|Incineroar, L50, M|100/100\n|-ability|p1a: Incineroar|Intimidate|boost\n|-unboost|p2a: Charizard|atk|1\n|-unboost|p2b: Incineroar|atk|1\n|turn|2\n|inactive|DAWat2529 has 30 seconds left.\n|\n|t:|1776439227\n|switch|p2a: Venusaur|Venusaur, L50, F|100/100\n|move|p1b: Politoed|Hypnosis|p2b: Incineroar\n|-status|p2b: Incineroar|slp|[from] move: Hypnosis\n|cant|p2b: Incineroar|slp\n|move|p1a: Incineroar|Flare Blitz|p2a: Venusaur\n|-supereffective|p2a: Venusaur|1\n|-enditem|p2a: Venusaur|Focus Sash\n|-damage|p2a: Venusaur|1/100\n|-damage|p1a: Incineroar|75/100|[from] Recoil\n|\n|-weather|SunnyDay|[upkeep]\n|upkeep\n|turn|3\n|inactive|FireTornadoo has 30 seconds left.\n|\n|t:|1776439254\n|switch|p1b: Gengar|Gengar, L50, F|100/100\n|switch|p2b: Garchomp|Garchomp, L50, M|100/100\n|move|p2a: Venusaur|Sleep Powder|p1b: Gengar\n|-status|p1b: Gengar|slp|[from] move: Sleep Powder\n|move|p1a: Incineroar|Flare Blitz|p2a: Venusaur\n|-supereffective|p2a: Venusaur|1\n|-crit|p2a: Venusaur\n|-damage|p2a: Venusaur|0 fnt\n|faint|p2a: Venusaur\n|-damage|p1a: Incineroar|75/100|[from] Recoil\n|\n|-weather|SunnyDay|[upkeep]\n|upkeep\n|\n|t:|1776439260\n|switch|p2a: Charizard|Charizard-Mega-Y, L50, F|100/100\n|turn|4\n|inactive|FireTornadoo has 30 seconds left.\n|\n|t:|1776439293\n|switch|p1b: Politoed|Politoed, L50, F|100/100\n|-weather|RainDance|[from] ability: Drizzle|[of] p1b: Politoed\n|move|p2b: Garchomp|Earthquake|p1a: Incineroar|[spread] p1a,p1b\n|-immune|p2a: Charizard\n|-supereffective|p1a: Incineroar|1\n|-damage|p1a: Incineroar|0 fnt\n|-damage|p1b: Politoed|53/100\n|faint|p1a: Incineroar\n|move|p2a: Charizard|Solar Beam||[still]\n|-prepare|p2a: Charizard|Solar Beam\n|\n|-weather|RainDance|[upkeep]\n|upkeep\n|\n|t:|1776439307\n|switch|p1a: Gengar|Gengar, L50, F|100/100 slp\n|turn|5\n|\n|t:|1776439320\n|detailschange|p1a: Gengar|Gengar-Mega, L50, F\n|-mega|p1a: Gengar|Gengar|Gengarite\n|move|p1b: Politoed|Protect|p1b: Politoed\n|-singleturn|p1b: Politoed|Protect\n|move|p2b: Garchomp|Earthquake|p1a: Gengar|[spread] p1a\n|-activate|p1b: Politoed|move: Protect\n|-immune|p2a: Charizard\n|-supereffective|p1a: Gengar|1\n|-crit|p1a: Gengar\n|-damage|p1a: Gengar|0 fnt\n|faint|p1a: Gengar\n|move|p2a: Charizard|Solar Beam|p1b: Politoed|[from] lockedmove\n|-activate|p1b: Politoed|move: Protect\n|\n|-weather|RainDance|[upkeep]\n|upkeep\n|turn|6\n|\n|t:|1776439342\n|switch|p2a: Incineroar|Incineroar, L50, F|73/100 slp\n|-ability|p2a: Incineroar|Intimidate|boost\n|-unboost|p1b: Politoed|atk|1\n|move|p2b: Garchomp|Earthquake|p1b: Politoed|[spread] p2a,p1b\n|-supereffective|p2a: Incineroar|1\n|-damage|p2a: Incineroar|0 fnt\n|-damage|p1b: Politoed|5/100\n|-enditem|p1b: Politoed|Sitrus Berry|[eat]\n|-heal|p1b: Politoed|30/100|[from] item: Sitrus Berry\n|faint|p2a: Incineroar\n|move|p1b: Politoed|Weather Ball|p2b: Garchomp\n|-damage|p2b: Garchomp|48/100\n|\n|-weather|RainDance|[upkeep]\n|upkeep\n|\n|t:|1776439361\n|switch|p2a: Charizard|Charizard-Mega-Y, L50, F|100/100\n|-weather|SunnyDay|[from] ability: Drought|[of] p2a: Charizard\n|turn|7\n|\n|t:|1776439366\n|move|p2b: Garchomp|Earthquake|p1b: Politoed|[spread] p1b\n|-immune|p2a: Charizard\n|-damage|p1b: Politoed|0 fnt\n|faint|p1b: Politoed\n|\n|win|DAWat2529\n|raw|FireTornadoo's rating: 1153 &rarr; <strong>1128</strong><br />(-25 for losing)\n|raw|DAWat2529's rating: 1158 &rarr; <strong>1183</strong><br />(+25 for winning)\n|l|\u2606DAWat2529\n|player|p2|\n",
  "uploadtime": 1776439396,
  "views": 27,
  "formatid": "gen9championsvgc2026regma",
  "rating": 1128,
  "private": 0,
  "password": null
}