{
  "id": "gen9championsvgc2026regma-2585528659",
  "format": "[Gen 9 Champions] VGC 2026 Reg M-A",
  "players": [
    "Future Alice haver",
    "MrGreenHoodie"
  ],
  "log": "|j|\u2606Future Alice haver\n|j|\u2606MrGreenHoodie\n|t:|1776353553\n|gametype|doubles\n|player|p1|Future Alice haver|kimonogirl|1096\n|player|p2|MrGreenHoodie|red|1042\n|gen|9\n|tier|[Gen 9 Champions] VGC 2026 Reg M-A\n|rated|\n|rule|Species Clause: Limit one of each Pok\u00e9mon\n|rule|Item Clause: Limit 1 of each item\n|clearpoke\n|poke|p1|Charizard, L50, F|\n|poke|p1|Venusaur, L50, M|\n|poke|p1|Orthworm, L50, F|\n|poke|p1|Garchomp, L50, M|\n|poke|p1|Maushold, L50|\n|poke|p1|Milotic, L50, M|\n|poke|p2|Gengar, L50, M|\n|poke|p2|Incineroar, L50, F|\n|poke|p2|Sinistcha, L50|\n|poke|p2|Kingambit, L50, F|\n|poke|p2|Tyranitar, L50, F|\n|poke|p2|Kommo-o, L50, M|\n|teampreview|4\n|inactive|Battle timer is ON: inactive players will automatically lose when time's up. (requested by MrGreenHoodie)\n|c|\u2606MrGreenHoodie|glhf\n|\n|t:|1776353615\n|teamsize|p1|4\n|teamsize|p2|4\n|start\n|switch|p1a: Garchomp|Garchomp, L50, M|100/100\n|switch|p1b: Milotic|Milotic, L50, M|100/100\n|switch|p2a: Kommo-o|Kommo-o, L50, M|100/100\n|switch|p2b: Incineroar|Incineroar, L50, F|100/100\n|-ability|p2b: Incineroar|Intimidate|boost\n|-unboost|p1a: Garchomp|atk|1\n|-unboost|p1b: Milotic|atk|1\n|-ability|p1b: Milotic|Competitive|boost\n|-boost|p1b: Milotic|spa|2\n|turn|1\n|inactive|Future Alice haver has 30 seconds left.\n|\n|t:|1776353643\n|move|p2b: Incineroar|Fake Out|p1a: Garchomp\n|-damage|p1a: Garchomp|89/100\n|-damage|p2b: Incineroar|88/100|[from] ability: Rough Skin|[of] p1a: Garchomp\n|cant|p1a: Garchomp|flinch\n|move|p2a: Kommo-o|Clangorous Soul|p2a: Kommo-o\n|-boost|p2a: Kommo-o|atk|1\n|-boost|p2a: Kommo-o|def|1\n|-boost|p2a: Kommo-o|spa|1\n|-boost|p2a: Kommo-o|spd|1\n|-boost|p2a: Kommo-o|spe|1\n|-damage|p2a: Kommo-o|68/100\n|move|p1b: Milotic|Scald|p2b: Incineroar\n|-supereffective|p2b: Incineroar|1\n|-damage|p2b: Incineroar|0 fnt\n|faint|p2b: Incineroar\n|\n|-heal|p2a: Kommo-o|73/100|[from] item: Leftovers\n|upkeep\n|\n|t:|1776353655\n|switch|p2b: Gengar|Gengar, L50, M|100/100\n|turn|2\n|\n|t:|1776353674\n|switch|p1a: Orthworm|Orthworm, L50, F|100/100\n|detailschange|p2b: Gengar|Gengar-Mega, L50, M\n|-mega|p2b: Gengar|Gengar|Gengarite\n|move|p2a: Kommo-o|Clanging Scales|p1b: Milotic|[spread] p1a,p1b\n|-resisted|p1a: Orthworm|1\n|-damage|p1a: Orthworm|53/100\n|-damage|p1b: Milotic|61/100\n|-unboost|p2a: Kommo-o|def|1\n|move|p2b: Gengar|Sludge Bomb|p1b: Milotic\n|-damage|p1b: Milotic|24/100\n|-status|p1b: Milotic|psn\n|move|p1b: Milotic|Icy Wind|p2a: Kommo-o|[spread] p2a,p2b\n|-supereffective|p2a: Kommo-o|1\n|-damage|p2a: Kommo-o|41/100\n|-damage|p2b: Gengar|75/100\n|-unboost|p2a: Kommo-o|spe|1\n|-unboost|p2b: Gengar|spe|1\n|\n|-heal|p2a: Kommo-o|47/100|[from] item: Leftovers\n|-damage|p1b: Milotic|12/100 psn|[from] psn\n|upkeep\n|turn|3\n|inactive|Future Alice haver has 30 seconds left.\n|\n|t:|1776353701\n|move|p2a: Kommo-o|Aura Sphere|p1a: Orthworm\n|-supereffective|p1a: Orthworm|1\n|-damage|p1a: Orthworm|0 fnt\n|faint|p1a: Orthworm\n|move|p2b: Gengar|Sludge Bomb|p1b: Milotic\n|-damage|p1b: Milotic|0 fnt\n|faint|p1b: Milotic\n|\n|-heal|p2a: Kommo-o|53/100|[from] item: Leftovers\n|upkeep\n|\n|t:|1776353716\n|switch|p1b: Garchomp|Garchomp, L50, M|89/100\n|switch|p1a: Charizard|Charizard, L50, F|100/100\n|turn|4\n|\n|t:|1776353743\n|detailschange|p1a: Charizard|Charizard-Mega-Y, L50, F\n|-mega|p1a: Charizard|Charizard|Charizardite Y\n|-weather|SunnyDay|[from] ability: Drought|[of] p1a: Charizard\n|move|p1b: Garchomp|Earthquake|p2b: Gengar|[spread] p2a,p2b\n|-immune|p1a: Charizard\n|-supereffective|p2b: Gengar|1\n|-damage|p2a: Kommo-o|16/100\n|-damage|p2b: Gengar|0 fnt\n|faint|p2b: Gengar\n|move|p1a: Charizard|Heat Wave|p2a: Kommo-o\n|-resisted|p2a: Kommo-o|1\n|-damage|p2a: Kommo-o|0 fnt\n|faint|p2a: Kommo-o\n|\n|-weather|SunnyDay|[upkeep]\n|upkeep\n|\n|t:|1776353754\n|switch|p2b: Tyranitar|Tyranitar, L50, F|100/100\n|-ability|p2b: Tyranitar|Unnerve\n|turn|5\n|\n|t:|1776353763\n|move|p1b: Garchomp|Earthquake|p2b: Tyranitar|[spread] p2b\n|-immune|p1a: Charizard\n|-supereffective|p2b: Tyranitar|1\n|-damage|p2b: Tyranitar|21/100\n|move|p2b: Tyranitar|Rock Slide|p1b: Garchomp|[spread] p1a\n|-miss|p2b: Tyranitar|p1b: Garchomp\n|-supereffective|p1a: Charizard|2\n|-damage|p1a: Charizard|0 fnt\n|faint|p1a: Charizard\n|\n|-weather|SunnyDay|[upkeep]\n|upkeep\n|turn|6\n|c|\u2606MrGreenHoodie|ggs\n|-message|MrGreenHoodie forfeited.\n|\n|win|Future Alice haver\n|raw|Future Alice haver's rating: 1096 &rarr; <strong>1118</strong><br />(+22 for winning)\n|raw|MrGreenHoodie's rating: 1042 &rarr; <strong>1028</strong><br />(-14 for losing)\n|l|\u2606MrGreenHoodie\n|player|p2|\n",
  "uploadtime": 1776353778,
  "views": 37,
  "formatid": "gen9championsvgc2026regma",
  "rating": 1028,
  "private": 0,
  "password": null
}