{
  "id": "gen9championsvgc2026regma-2585514658",
  "format": "[Gen 9 Champions] VGC 2026 Reg M-A",
  "players": [
    "Drcheems19",
    "phnhat2247"
  ],
  "log": "|j|\u2606Drcheems19\n|j|\u2606phnhat2247\n|t:|1776352663\n|gametype|doubles\n|player|p1|Drcheems19|169|1089\n|player|p2|phnhat2247|policeman-gen4|1092\n|gen|9\n|tier|[Gen 9 Champions] VGC 2026 Reg M-A\n|rated|\n|rule|Species Clause: Limit one of each Pok\u00e9mon\n|rule|Item Clause: Limit 1 of each item\n|clearpoke\n|poke|p1|Alakazam, L50, M|\n|poke|p1|Ceruledge, L50, M|\n|poke|p1|Altaria, L50, M|\n|poke|p1|Incineroar, L50, F|\n|poke|p1|Dragapult, L50, M|\n|poke|p1|Sneasler, L50, M|\n|poke|p2|Tyranitar, L50, M|\n|poke|p2|Excadrill, L50, M|\n|poke|p2|Sneasler, L50, F|\n|poke|p2|Rotom-Heat, L50|\n|poke|p2|Sinistcha, L50|\n|poke|p2|Basculegion, L50, M|\n|teampreview|4\n|\n|t:|1776352679\n|teamsize|p1|4\n|teamsize|p2|4\n|start\n|switch|p1a: Incineroar|Incineroar, L50, F|100/100\n|switch|p1b: Altaria|Altaria, L50, M|100/100\n|switch|p2a: Tyranitar|Tyranitar, L50, M|100/100\n|switch|p2b: Excadrill|Excadrill, L50, M|100/100\n|-weather|Sandstorm|[from] ability: Sand Stream|[of] p2a: Tyranitar\n|-ability|p1b: Altaria|Cloud Nine\n|-ability|p1a: Incineroar|Intimidate|boost\n|-unboost|p2a: Tyranitar|atk|1\n|-unboost|p2b: Excadrill|atk|1\n|turn|1\n|\n|t:|1776352722\n|detailschange|p2a: Tyranitar|Tyranitar-Mega, L50, M\n|-mega|p2a: Tyranitar|Tyranitar|Tyranitarite\n|move|p2b: Excadrill|Rock Slide|p1a: Incineroar|[spread] p1a,p1b\n|-supereffective|p1a: Incineroar|1\n|-supereffective|p1b: Altaria|1\n|-damage|p1a: Incineroar|76/100\n|-damage|p1b: Altaria|78/100\n|move|p2a: Tyranitar|Rock Slide|p1a: Incineroar|[spread] p1a,p1b\n|-supereffective|p1a: Incineroar|1\n|-supereffective|p1b: Altaria|1\n|-damage|p1a: Incineroar|27/100\n|-damage|p1b: Altaria|38/100\n|-enditem|p1a: Incineroar|Sitrus Berry|[eat]\n|-heal|p1a: Incineroar|52/100|[from] item: Sitrus Berry\n|cant|p1b: Altaria|flinch\n|move|p1a: Incineroar|Flare Blitz|p2b: Excadrill\n|-supereffective|p2b: Excadrill|1\n|-enditem|p2b: Excadrill|Focus Sash\n|-damage|p2b: Excadrill|1/100\n|-damage|p1a: Incineroar|20/100|[from] Recoil\n|\n|-weather|Sandstorm|[upkeep]\n|upkeep\n|turn|2\n|\n|t:|1776352750\n|move|p1a: Incineroar|Protect|p1a: Incineroar\n|-singleturn|p1a: Incineroar|Protect\n|move|p2b: Excadrill|Rock Slide|p1a: Incineroar|[spread] p1b\n|-activate|p1a: Incineroar|move: Protect\n|-supereffective|p1b: Altaria|1\n|-damage|p1b: Altaria|18/100\n|move|p2a: Tyranitar|Rock Slide|p1b: Altaria|[spread] p1b\n|-activate|p1a: Incineroar|move: Protect\n|-supereffective|p1b: Altaria|1\n|-damage|p1b: Altaria|0 fnt\n|faint|p1b: Altaria\n|\n|-weather|Sandstorm|[upkeep]\n|-damage|p1a: Incineroar|14/100|[from] Sandstorm\n|upkeep\n|c|\u2606Drcheems19|No misses but I got the flinch\n|c|\u2606Drcheems19|So lucky\n|c|\u2606Drcheems19|Haha\n|\n|t:|1776352779\n|switch|p1b: Sneasler|Sneasler, L50, M|100/100\n|turn|3\n|inactive|Battle timer is ON: inactive players will automatically lose when time's up. (requested by phnhat2247)\n|\n|t:|1776352789\n|move|p2b: Excadrill|Rock Slide|p1b: Sneasler|[spread] p1a,p1b\n|-supereffective|p1a: Incineroar|1\n|-crit|p1a: Incineroar\n|-resisted|p1b: Sneasler|1\n|-damage|p1a: Incineroar|0 fnt\n|-damage|p1b: Sneasler|88/100\n|faint|p1a: Incineroar\n|move|p1b: Sneasler|Close Combat|p2a: Tyranitar\n|-supereffective|p2a: Tyranitar|2\n|-damage|p2a: Tyranitar|0 fnt\n|-unboost|p1b: Sneasler|def|1\n|-unboost|p1b: Sneasler|spd|1\n|faint|p2a: Tyranitar\n|-enditem|p1b: Sneasler|White Herb\n|-clearnegativeboost|p1b: Sneasler|[silent]\n|\n|-weather|Sandstorm|[upkeep]\n|-damage|p1b: Sneasler|83/100|[from] Sandstorm\n|upkeep\n|\n|t:|1776352807\n|switch|p2a: Sneasler|Sneasler, L50, F|100/100\n|switch|p1a: Alakazam|Alakazam, L50, M|100/100\n|turn|4\n|\n|t:|1776352821\n|move|p1b: Sneasler|Protect|p1b: Sneasler\n|-singleturn|p1b: Sneasler|Protect\n|move|p1a: Alakazam|Protect|p1a: Alakazam\n|-singleturn|p1a: Alakazam|Protect\n|move|p2a: Sneasler|Fake Out|p1a: Alakazam\n|-activate|p1a: Alakazam|move: Protect\n|move|p2b: Excadrill|Rock Slide|p1b: Sneasler|[spread] \n|-activate|p1a: Alakazam|move: Protect\n|-activate|p1b: Sneasler|move: Protect\n|\n|-weather|Sandstorm|[upkeep]\n|-damage|p1b: Sneasler|77/100|[from] Sandstorm\n|-damage|p1a: Alakazam|94/100|[from] Sandstorm\n|-damage|p2a: Sneasler|95/100|[from] Sandstorm\n|upkeep\n|turn|5\n|\n|t:|1776352840\n|detailschange|p1a: Alakazam|Alakazam-Mega, L50, M\n|-mega|p1a: Alakazam|Alakazam|Alakazite\n|-ability|p1a: Alakazam|Poison Touch|Trace|[from] ability: Trace|[of] p2a: Sneasler\n|move|p1b: Sneasler|Close Combat|p2a: Sneasler\n|-resisted|p2a: Sneasler|1\n|-crit|p2a: Sneasler\n|-damage|p2a: Sneasler|1/100\n|-unboost|p1b: Sneasler|def|1\n|-unboost|p1b: Sneasler|spd|1\n|move|p2b: Excadrill|Rock Slide|p1b: Sneasler|[spread] p1a,p1b\n|-resisted|p1b: Sneasler|1\n|-damage|p1a: Alakazam|68/100\n|-damage|p1b: Sneasler|61/100\n|move|p1a: Alakazam|Dazzling Gleam|p2a: Sneasler|[spread] p2a,p2b\n|-resisted|p2b: Excadrill|1\n|-damage|p2a: Sneasler|0 fnt\n|-damage|p2b: Excadrill|0 fnt\n|faint|p2a: Sneasler\n|faint|p2b: Excadrill\n|\n|-weather|none\n|upkeep\n|c|\u2606Drcheems19|Disgusting\n|\n|t:|1776352863\n|switch|p2b: Basculegion|Basculegion, L50, M|100/100\n|turn|6\n|\n|t:|1776352870\n|move|p1b: Sneasler|Dire Claw|p2b: Basculegion\n|-resisted|p2b: Basculegion|1\n|-damage|p2b: Basculegion|71/100\n|-status|p2b: Basculegion|slp\n|move|p1a: Alakazam|Shadow Ball|p2b: Basculegion\n|-supereffective|p2b: Basculegion|1\n|-damage|p2b: Basculegion|0 fnt\n|faint|p2b: Basculegion\n|\n|win|Drcheems19\n|raw|Drcheems19's rating: 1089 &rarr; <strong>1116</strong><br />(+27 for winning)\n|raw|phnhat2247's rating: 1092 &rarr; <strong>1068</strong><br />(-24 for losing)\n|c|\u2606Drcheems19|Well deserved\n",
  "uploadtime": 1776352881,
  "views": 26,
  "formatid": "gen9championsvgc2026regma",
  "rating": 1068,
  "private": 0,
  "password": null
}