{
  "id": "gen9championsvgc2026regma-2588141001",
  "format": "[Gen 9 Champions] VGC 2026 Reg M-A",
  "players": [
    "Kxng Christian",
    "Reds Revival"
  ],
  "log": "|j|\u2606Kxng Christian\n|j|\u2606Reds Revival\n|t:|1776608477\n|gametype|doubles\n|player|p1|Kxng Christian|colress|1082\n|player|p2|Reds Revival|red|1159\n|gen|9\n|tier|[Gen 9 Champions] VGC 2026 Reg M-A\n|rated|\n|rule|Species Clause: Limit one of each Pok\u00e9mon\n|rule|Item Clause: Limit 1 of each item\n|clearpoke\n|poke|p1|Manectric, L50, M, shiny|\n|poke|p1|Sneasler, L50, F|\n|poke|p1|Basculegion, L50, M, shiny|\n|poke|p1|Aerodactyl, L50, M|\n|poke|p1|Aegislash, L50, M|\n|poke|p1|Garchomp, L50, F, shiny|\n|poke|p2|Archaludon, L50, F|\n|poke|p2|Aerodactyl, L50, F|\n|poke|p2|Maushold-Four, L50|\n|poke|p2|Gallade, L50, M|\n|poke|p2|Typhlosion-Hisui, L50, M|\n|poke|p2|Tauros-Paldea-Aqua, L50, M|\n|teampreview|4\n|l|\u2606Reds Revival\n|player|p2|\n|\n|t:|1776608545\n|teamsize|p1|4\n|teamsize|p2|4\n|start\n|switch|p1a: Aerodactyl|Aerodactyl, L50, M|100/100\n|switch|p1b: CaribAirLine|Garchomp, L50, F, shiny|100/100\n|switch|p2a: Gallade|Gallade, L50, M|100/100\n|switch|p2b: Maushold|Maushold-Four, L50|100/100\n|turn|1\n|j|\u2606Reds Revival\n|player|p2|Reds Revival|red|\n|\n|t:|1776608566\n|move|p1a: Aerodactyl|Rock Slide|p2a: Gallade|[spread] p2a,p2b\n|-resisted|p2a: Gallade|1\n|-crit|p2b: Maushold\n|-damage|p2a: Gallade|87/100\n|-damage|p2b: Maushold|56/100\n|move|p2b: Maushold|Beat Up|p2a: Gallade\n|-damage|p2a: Gallade|84/100\n|-ability|p2a: Gallade|Justified|boost\n|-boost|p2a: Gallade|atk|1\n|-damage|p2a: Gallade|82/100\n|-ability|p2a: Gallade|Justified|boost\n|-boost|p2a: Gallade|atk|1\n|-damage|p2a: Gallade|79/100\n|-ability|p2a: Gallade|Justified|boost\n|-boost|p2a: Gallade|atk|1\n|-damage|p2a: Gallade|76/100\n|-ability|p2a: Gallade|Justified|boost\n|-boost|p2a: Gallade|atk|1\n|-hitcount|p2a: Gallade|4\n|move|p1b: CaribAirLine|Rock Slide|p2a: Gallade|[spread] p2a,p2b\n|-resisted|p2a: Gallade|1\n|-damage|p2a: Gallade|67/100\n|-damage|p2b: Maushold|30/100\n|move|p2a: Gallade|Agility|p2a: Gallade\n|-boost|p2a: Gallade|spe|2\n|\n|-heal|p2b: Maushold|36/100|[from] item: Leftovers\n|upkeep\n|turn|2\n|\n|t:|1776608603\n|detailschange|p2a: Gallade|Gallade-Mega, L50, M\n|-mega|p2a: Gallade|Gallade|Galladite\n|detailschange|p1a: Aerodactyl|Aerodactyl-Mega, L50, M\n|-mega|p1a: Aerodactyl|Aerodactyl|Aerodactylite\n|move|p1b: CaribAirLine|Protect|p1b: CaribAirLine\n|-singleturn|p1b: CaribAirLine|Protect\n|move|p2a: Gallade|Drain Punch|p1b: CaribAirLine\n|-activate|p1b: CaribAirLine|move: Protect\n|move|p1a: Aerodactyl|Tailwind|p1a: Aerodactyl\n|-sidestart|p1: Kxng Christian|move: Tailwind\n|move|p2b: Maushold|Encore|p1a: Aerodactyl\n|-start|p1a: Aerodactyl|Encore\n|\n|-heal|p2b: Maushold|42/100|[from] item: Leftovers\n|upkeep\n|turn|3\n|\n|t:|1776608628\n|switch|p1a: Aegislash|Aegislash, L50, M|100/100\n|switch|p2b: Aerodactyl|Aerodactyl, L50, F|100/100\n|-ability|p2b: Aerodactyl|Unnerve\n|move|p2a: Gallade|Drain Punch|p1b: CaribAirLine\n|-damage|p1b: CaribAirLine|0 fnt\n|-heal|p2a: Gallade|100/100|[from] drain|[of] p1b: CaribAirLine\n|-damage|p2a: Gallade|88/100|[from] ability: Rough Skin|[of] p1b: CaribAirLine\n|faint|p1b: CaribAirLine\n|\n|upkeep\n|\n|t:|1776608649\n|switch|p1b: Aerodactyl|Aerodactyl-Mega, L50, M|100/100\n|turn|4\n|\n|t:|1776608665\n|move|p1b: Aerodactyl|Rock Slide|p2b: Aerodactyl|[spread] p2a,p2b\n|-resisted|p2a: Gallade|1\n|-supereffective|p2b: Aerodactyl|1\n|-damage|p2a: Gallade|74/100\n|-damage|p2b: Aerodactyl|8/100\n|move|p2a: Gallade|Knock Off|p1a: Aegislash\n|-supereffective|p1a: Aegislash|1\n|-damage|p1a: Aegislash|0 fnt\n|-enditem|p1a: Aegislash|Sitrus Berry|[from] move: Knock Off|[of] p2a: Gallade\n|faint|p1a: Aegislash\n|move|p2b: Aerodactyl|Tailwind|p2b: Aerodactyl\n|-sidestart|p2: Reds Revival|move: Tailwind\n|\n|upkeep\n|\n|t:|1776608681\n|switch|p1a: Manectric|Manectric, L50, M, shiny|100/100\n|turn|5\n|-message|Kxng Christian forfeited.\n|\n|win|Reds Revival\n|raw|Kxng Christian's rating: 1082 &rarr; <strong>1065</strong><br />(-17 for losing)\n|raw|Reds Revival's rating: 1159 &rarr; <strong>1179</strong><br />(+20 for winning)\n|l|\u2606Kxng Christian\n|player|p1|\n",
  "uploadtime": 1776608693,
  "views": 8,
  "formatid": "gen9championsvgc2026regma",
  "rating": 1065,
  "private": 0,
  "password": null
}