{
  "id": "gen9championsvgc2026regma-2584287430",
  "format": "[Gen 9 Champions] VGC 2026 Reg M-A",
  "players": [
    "DisturbanS",
    "kurama802"
  ],
  "log": "|j|\u2606DisturbanS\n|j|\u2606kurama802\n|t:|1776247357\n|gametype|doubles\n|player|p1|DisturbanS|2|1244\n|player|p2|kurama802|backersf|1337\n|gen|9\n|tier|[Gen 9 Champions] VGC 2026 Reg M-A\n|rated|\n|rule|Species Clause: Limit one of each Pok\u00e9mon\n|rule|Item Clause: Limit 1 of each item\n|clearpoke\n|poke|p1|Talonflame, L50, M|\n|poke|p1|Garchomp, L50, M|\n|poke|p1|Tauros-Paldea-Aqua, L50, M|\n|poke|p1|Tyranitar, L50, M|\n|poke|p1|Maushold-Four, L50|\n|poke|p1|Rotom-Heat, L50|\n|poke|p2|Sneasler, L50, M|\n|poke|p2|Ampharos, L50, F|\n|poke|p2|Sinistcha, L50|\n|poke|p2|Skarmory, L50, F|\n|poke|p2|Incineroar, L50, M|\n|poke|p2|Glimmora, L50, M|\n|teampreview|4\n|inactive|Battle timer is ON: inactive players will automatically lose when time's up. (requested by DisturbanS)\n|\n|t:|1776247406\n|teamsize|p1|4\n|teamsize|p2|4\n|start\n|switch|p1a: Tyranitar|Tyranitar, L50, M|100/100\n|switch|p1b: Garchomp|Garchomp, L50, M|100/100\n|switch|p2a: Amphy|Ampharos, L50, F, shiny|100/100\n|switch|p2b: Wolfey|Incineroar, L50, M, shiny|100/100\n|-weather|Sandstorm|[from] ability: Sand Stream|[of] p1a: Tyranitar\n|-ability|p2b: Wolfey|Intimidate|boost\n|-unboost|p1a: Tyranitar|atk|1\n|-unboost|p1b: Garchomp|atk|1\n|turn|1\n|inactive|kurama802 has 30 seconds left.\n|inactive|kurama802 has 20 seconds left.\n|inactive|kurama802 has 15 seconds left.\n|\n|t:|1776247447\n|detailschange|p1a: Tyranitar|Tyranitar-Mega, L50, M\n|-mega|p1a: Tyranitar|Tyranitar|Tyranitarite\n|detailschange|p2a: Amphy|Ampharos-Mega, L50, F, shiny\n|-mega|p2a: Amphy|Ampharos|Ampharosite\n|-ability|p2a: Amphy|Mold Breaker\n|move|p2b: Wolfey|Fake Out|p1b: Garchomp\n|-damage|p1b: Garchomp|86/100\n|cant|p1b: Garchomp|flinch\n|move|p1a: Tyranitar|Rock Slide|p2a: Amphy|[spread] p2a\n|-miss|p1a: Tyranitar|p2b: Wolfey\n|-damage|p2a: Amphy|79/100\n|cant|p2a: Amphy|flinch\n|\n|-weather|Sandstorm|[upkeep]\n|-damage|p2b: Wolfey|95/100|[from] Sandstorm\n|-damage|p2a: Amphy|73/100|[from] Sandstorm\n|upkeep\n|turn|2\n|\n|t:|1776247471\n|switch|p2a: Baja Blast|Sinistcha, L50|100/100\n|-heal|p2b: Wolfey|100/100|[from] ability: Hospitality|[of] p2a: Baja Blast\n|move|p1b: Garchomp|Swords Dance|p1b: Garchomp\n|-boost|p1b: Garchomp|atk|2\n|move|p1a: Tyranitar|Rock Slide|p2b: Wolfey|[spread] p2a,p2b\n|-supereffective|p2b: Wolfey|1\n|-damage|p2a: Baja Blast|82/100\n|-damage|p2b: Wolfey|52/100\n|move|p2b: Wolfey|Parting Shot|p1b: Garchomp|[miss]\n|-miss|p2b: Wolfey|p1b: Garchomp\n|\n|-weather|Sandstorm|[upkeep]\n|-damage|p2a: Baja Blast|76/100|[from] Sandstorm\n|-damage|p2b: Wolfey|46/100|[from] Sandstorm\n|-enditem|p2b: Wolfey|Sitrus Berry|[eat]\n|-heal|p2b: Wolfey|71/100|[from] item: Sitrus Berry\n|-heal|p2a: Baja Blast|82/100|[from] item: Leftovers\n|upkeep\n|turn|3\n|inactive|DisturbanS has 30 seconds left.\n|inactive|kurama802 has 30 seconds left.\n|\n|t:|1776247499\n|move|p1b: Garchomp|Dragon Claw|p2b: Wolfey\n|-damage|p2b: Wolfey|8/100\n|move|p1a: Tyranitar|Rock Slide|p2b: Wolfey|[spread] p2a,p2b\n|-supereffective|p2b: Wolfey|1\n|-damage|p2a: Baja Blast|61/100\n|-damage|p2b: Wolfey|0 fnt\n|faint|p2b: Wolfey\n|move|p2a: Baja Blast|Matcha Gotcha|p1b: Garchomp|[spread] \n|-miss|p2a: Baja Blast|p1a: Tyranitar\n|-miss|p2a: Baja Blast|p1b: Garchomp\n|\n|-weather|Sandstorm|[upkeep]\n|-damage|p2a: Baja Blast|55/100|[from] Sandstorm\n|-heal|p2a: Baja Blast|61/100|[from] item: Leftovers\n|upkeep\n|\n|t:|1776247516\n|switch|p2b: The Sneasler|Sneasler, L50, M|100/100\n|turn|4\n|inactive|kurama802 has 30 seconds left.\n|\n|t:|1776247546\n|move|p1b: Garchomp|Protect|p1b: Garchomp\n|-singleturn|p1b: Garchomp|Protect\n|move|p2b: The Sneasler|Close Combat|p1b: Garchomp\n|-activate|p1b: Garchomp|move: Protect\n|move|p1a: Tyranitar|Knock Off|p2a: Baja Blast\n|-supereffective|p2a: Baja Blast|1\n|-damage|p2a: Baja Blast|0 fnt\n|-enditem|p2a: Baja Blast|Leftovers|[from] move: Knock Off|[of] p1a: Tyranitar\n|faint|p2a: Baja Blast\n|\n|-weather|Sandstorm|[upkeep]\n|-damage|p2b: The Sneasler|95/100|[from] Sandstorm\n|upkeep\n|\n|t:|1776247557\n|switch|p2a: Amphy|Ampharos-Mega, L50, F, shiny|73/100\n|-ability|p2a: Amphy|Mold Breaker\n|turn|5\n|\n|t:|1776247566\n|move|p2b: The Sneasler|Close Combat|p1b: Garchomp|[miss]\n|-miss|p2b: The Sneasler|p1b: Garchomp\n|move|p1b: Garchomp|Earthquake|p2b: The Sneasler|[spread] p1a,p2a,p2b\n|-supereffective|p1a: Tyranitar|1\n|-supereffective|p2a: Amphy|1\n|-supereffective|p2b: The Sneasler|1\n|-damage|p1a: Tyranitar|24/100\n|-damage|p2a: Amphy|0 fnt\n|-damage|p2b: The Sneasler|0 fnt\n|faint|p2a: Amphy\n|faint|p2b: The Sneasler\n|\n|win|DisturbanS\n|raw|DisturbanS's rating: 1244 &rarr; <strong>1276</strong><br />(+32 for winning)\n|raw|kurama802's rating: 1337 &rarr; <strong>1312</strong><br />(-25 for losing)\n|c|\u2606kurama802|gg\n|c|\u2606kurama802|but like\n|c|\u2606DisturbanS|gg\n|c|\u2606kurama802|that was crazy hahahaha\n|c|\u2606DisturbanS|yeah\n|c|\u2606DisturbanS|sand veil + bright powder is criminal\n|c|\u2606kurama802|i've been getting lucky in fights lately\n|c|\u2606kurama802|so my karma finally evened out\n|c|\u2606DisturbanS|prolly gonna get to me soon tho\n|c|\u2606kurama802|hahaha\n|c|\u2606kurama802|rngesus giveth\n|c|\u2606kurama802|and rngesus taketh away\n",
  "uploadtime": 1776247662,
  "views": 35,
  "formatid": "gen9championsvgc2026regma",
  "rating": 1276,
  "private": 0,
  "password": null
}