{
  "id": "gen9championsvgc2026regma-2585668543",
  "format": "[Gen 9 Champions] VGC 2026 Reg M-A",
  "players": [
    "Missed Ledgedash",
    "mazto"
  ],
  "log": "|j|\u2606Missed Ledgedash\n|j|\u2606mazto\n|t:|1776362444\n|gametype|doubles\n|player|p1|Missed Ledgedash|juan-gen3|1145\n|player|p2|mazto|101|1164\n|gen|9\n|tier|[Gen 9 Champions] VGC 2026 Reg M-A\n|rated|\n|rule|Species Clause: Limit one of each Pok\u00e9mon\n|rule|Item Clause: Limit 1 of each item\n|clearpoke\n|poke|p1|Incineroar, L50, M|\n|poke|p1|Gengar, L50, M|\n|poke|p1|Gyarados, L50, F|\n|poke|p1|Tyranitar, L50, M|\n|poke|p1|Sneasler, L50, F|\n|poke|p1|Excadrill, L50, F|\n|poke|p2|Pelipper, L50, F|\n|poke|p2|Archaludon, L50, F|\n|poke|p2|Sneasler, L50, F|\n|poke|p2|Basculegion, L50, M|\n|poke|p2|Floette-Eternal, L50, F|\n|poke|p2|Maushold-Four, L50|\n|teampreview|4\n|inactive|Battle timer is ON: inactive players will automatically lose when time's up. (requested by mazto)\n|inactive|Missed Ledgedash has 60 seconds left.\n|inactive|Missed Ledgedash has 30 seconds left.\n|inactive|Missed Ledgedash has 20 seconds left.\n|\n|t:|1776362521\n|teamsize|p1|4\n|teamsize|p2|4\n|start\n|switch|p1a: Tyranitar|Tyranitar, L50, M|100/100\n|switch|p1b: Sneasler|Sneasler, L50, F|100/100\n|switch|p2a: Pelipper|Pelipper, L50, F|100/100\n|switch|p2b: Archaludon|Archaludon, L50, F|100/100\n|-weather|RainDance|[from] ability: Drizzle|[of] p2a: Pelipper\n|-weather|Sandstorm|[from] ability: Sand Stream|[of] p1a: Tyranitar\n|turn|1\n|inactive|Missed Ledgedash has 30 seconds left.\n|\n|t:|1776362548\n|switch|p2b: Sneasler|Sneasler, L50, F|100/100\n|move|p1b: Sneasler|Dire Claw|p2a: Pelipper\n|-damage|p2a: Pelipper|47/100\n|-status|p2a: Pelipper|par\n|move|p1a: Tyranitar|Rock Slide|p2a: Pelipper|[spread] p2a,p2b\n|-supereffective|p2a: Pelipper|1\n|-resisted|p2b: Sneasler|1\n|-damage|p2a: Pelipper|0 fnt\n|-damage|p2b: Sneasler|78/100\n|faint|p2a: Pelipper\n|\n|-weather|Sandstorm|[upkeep]\n|-damage|p1b: Sneasler|95/100|[from] Sandstorm\n|-damage|p2b: Sneasler|72/100|[from] Sandstorm\n|upkeep\n|\n|t:|1776362557\n|switch|p2a: Basculegion|Basculegion, L50, M|100/100\n|turn|2\n|\n|t:|1776362572\n|switch|p1a: Gyarados|Gyarados, L50, F|100/100\n|-ability|p1a: Gyarados|Intimidate|boost\n|-unboost|p2a: Basculegion|atk|1\n|-unboost|p2b: Sneasler|atk|1\n|-enditem|p2b: Sneasler|White Herb\n|-clearnegativeboost|p2b: Sneasler|[silent]\n|move|p2b: Sneasler|Close Combat|p1a: Gyarados\n|-resisted|p1a: Gyarados|1\n|-damage|p1a: Gyarados|65/100\n|-unboost|p2b: Sneasler|def|1\n|-unboost|p2b: Sneasler|spd|1\n|move|p2a: Basculegion|Wave Crash|p1b: Sneasler\n|-damage|p1b: Sneasler|3/100\n|-damage|p2a: Basculegion|76/100|[from] Recoil\n|move|p1b: Sneasler|Close Combat|p2b: Sneasler\n|-resisted|p2b: Sneasler|1\n|-damage|p2b: Sneasler|5/100\n|-unboost|p1b: Sneasler|def|1\n|-unboost|p1b: Sneasler|spd|1\n|-enditem|p1b: Sneasler|White Herb\n|-clearnegativeboost|p1b: Sneasler|[silent]\n|\n|-weather|Sandstorm|[upkeep]\n|-damage|p1b: Sneasler|0 fnt|[from] Sandstorm\n|-damage|p2b: Sneasler|0 fnt|[from] Sandstorm\n|-damage|p2a: Basculegion|70/100|[from] Sandstorm\n|-damage|p1a: Gyarados|59/100|[from] Sandstorm\n|faint|p1b: Sneasler\n|faint|p2b: Sneasler\n|upkeep\n|\n|t:|1776362594\n|switch|p1b: Excadrill|Excadrill, L50, F|100/100\n|switch|p2b: Archaludon|Archaludon, L50, F|100/100\n|turn|3\n|\n|t:|1776362604\n|move|p1b: Excadrill|High Horsepower|p2a: Basculegion\n|-damage|p2a: Basculegion|7/100\n|move|p2a: Basculegion|Wave Crash|p1b: Excadrill\n|-supereffective|p1b: Excadrill|1\n|-enditem|p1b: Excadrill|Focus Sash\n|-damage|p1b: Excadrill|1/100\n|-damage|p2a: Basculegion|0 fnt|[from] Recoil\n|faint|p2a: Basculegion\n|move|p1a: Gyarados|Thunder Wave|p2b: Archaludon\n|-status|p2b: Archaludon|par\n|move|p2b: Archaludon|Electro Shot||[still]\n|-prepare|p2b: Archaludon|Electro Shot\n|-boost|p2b: Archaludon|spa|1\n|\n|-weather|Sandstorm|[upkeep]\n|-damage|p1a: Gyarados|53/100|[from] Sandstorm\n|upkeep\n|turn|4\n|\n|t:|1776362621\n|move|p1b: Excadrill|Protect|p1b: Excadrill\n|-singleturn|p1b: Excadrill|Protect\n|move|p1a: Gyarados|Protect|p1a: Gyarados\n|-singleturn|p1a: Gyarados|Protect\n|move|p2b: Archaludon|Electro Shot|p1a: Gyarados|[from] lockedmove\n|-activate|p1a: Gyarados|move: Protect\n|\n|-weather|Sandstorm|[upkeep]\n|-damage|p1a: Gyarados|48/100|[from] Sandstorm\n|-enditem|p1a: Gyarados|Sitrus Berry|[eat]\n|-heal|p1a: Gyarados|72/100|[from] item: Sitrus Berry\n|upkeep\n|turn|5\n|\n|t:|1776362631\n|move|p1b: Excadrill|High Horsepower|p2b: Archaludon\n|-supereffective|p2b: Archaludon|1\n|-damage|p2b: Archaludon|32/100 par\n|-ability|p2b: Archaludon|Stamina|boost\n|-boost|p2b: Archaludon|def|1\n|-enditem|p2b: Archaludon|Sitrus Berry|[eat]\n|-heal|p2b: Archaludon|56/100 par|[from] item: Sitrus Berry\n|move|p1a: Gyarados|Taunt|p2b: Archaludon\n|-start|p2b: Archaludon|move: Taunt\n|move|p2b: Archaludon|Flash Cannon|p1b: Excadrill\n|-resisted|p1b: Excadrill|1\n|-damage|p1b: Excadrill|0 fnt\n|faint|p1b: Excadrill\n|\n|-weather|none\n|upkeep\n|\n|t:|1776362641\n|switch|p1b: Tyranitar|Tyranitar, L50, M|100/100\n|-weather|Sandstorm|[from] ability: Sand Stream|[of] p1b: Tyranitar\n|turn|6\n|\n|t:|1776362655\n|detailschange|p1b: Tyranitar|Tyranitar-Mega, L50, M\n|-mega|p1b: Tyranitar|Tyranitar|Tyranitarite\n|move|p1a: Gyarados|Protect|p1a: Gyarados\n|-singleturn|p1a: Gyarados|Protect\n|move|p1b: Tyranitar|Low Kick|p2b: Archaludon\n|-supereffective|p2b: Archaludon|1\n|-damage|p2b: Archaludon|25/100 par\n|-ability|p2b: Archaludon|Stamina|boost\n|-boost|p2b: Archaludon|def|1\n|cant|p2b: Archaludon|par\n|\n|-weather|Sandstorm|[upkeep]\n|-damage|p1a: Gyarados|66/100|[from] Sandstorm\n|upkeep\n|turn|7\n|\n|t:|1776362667\n|move|p1a: Gyarados|Waterfall|p2b: Archaludon\n|-resisted|p2b: Archaludon|1\n|-damage|p2b: Archaludon|18/100 par\n|-ability|p2b: Archaludon|Stamina|boost\n|-boost|p2b: Archaludon|def|1\n|move|p1b: Tyranitar|Low Kick|p2b: Archaludon\n|-supereffective|p2b: Archaludon|1\n|-damage|p2b: Archaludon|0 fnt\n|faint|p2b: Archaludon\n|\n|win|Missed Ledgedash\n|raw|Missed Ledgedash's rating: 1145 &rarr; <strong>1171</strong><br />(+26 for winning)\n|raw|mazto's rating: 1164 &rarr; <strong>1138</strong><br />(-26 for losing)\n",
  "uploadtime": 1776362668,
  "views": 22,
  "formatid": "gen9championsvgc2026regma",
  "rating": 1138,
  "private": 0,
  "password": null
}