{
  "id": "gen9championsvgc2026regma-2587939795",
  "format": "[Gen 9 Champions] VGC 2026 Reg M-A",
  "players": [
    "siunhanech",
    "Jiaco5"
  ],
  "log": "|j|\u2606siunhanech\n|j|\u2606Jiaco5\n|t:|1776582043\n|gametype|doubles\n|player|p1|siunhanech|cynthia-gen4|1497\n|player|p2|Jiaco5|101|1483\n|gen|9\n|tier|[Gen 9 Champions] VGC 2026 Reg M-A\n|rated|\n|rule|Species Clause: Limit one of each Pok\u00e9mon\n|rule|Item Clause: Limit 1 of each item\n|clearpoke\n|poke|p1|Sableye, L50, M|\n|poke|p1|Archaludon, L50, M|\n|poke|p1|Espathra, L50, F|\n|poke|p1|Sinistcha, L50|\n|poke|p1|Gengar, L50, F|\n|poke|p1|Blastoise, L50, M|\n|poke|p2|Mimikyu, L50, M|\n|poke|p2|Incineroar, L50, M|\n|poke|p2|Crabominable, L50, M|\n|poke|p2|Oranguru, L50, M|\n|poke|p2|Torkoal, L50, F|\n|poke|p2|Lucario, L50, F|\n|teampreview|4\n|inactive|Battle timer is ON: inactive players will automatically lose when time's up. (requested by Jiaco5)\n|inactive|siunhanech has 60 seconds left.\n|j| VegitoSKBEST\n|l| VegitoSKBEST\n|inactive|siunhanech has 30 seconds left.\n|inactive|siunhanech has 20 seconds left.\n|j| Harute00\n|inactive|siunhanech has 15 seconds left.\n|inactive|siunhanech has 10 seconds left.\n|l| Harute00\n|\n|t:|1776582147\n|teamsize|p1|4\n|teamsize|p2|4\n|start\n|switch|p1a: C\u1ea7u V\u0129nh Tuy|Archaludon, L50, M|100/100\n|switch|p1b: \u0110\u00e0 \u0111i\u1ec3u|Espathra, L50, F|100/100\n|switch|p2a: Lucario|Lucario, L50, F|100/100\n|switch|p2b: Oranguru|Oranguru, L50, M|100/100\n|turn|1\n|\n|t:|1776582161\n|switch|p1a: Tr\u00e0 t\u1eeb tay|Sinistcha, L50|100/100\n|move|p2a: Lucario|Close Combat|p1a: Tr\u00e0 t\u1eeb tay\n|-immune|p1a: Tr\u00e0 t\u1eeb tay\n|move|p1b: \u0110\u00e0 \u0111i\u1ec3u|Calm Mind|p1b: \u0110\u00e0 \u0111i\u1ec3u\n|-boost|p1b: \u0110\u00e0 \u0111i\u1ec3u|spa|1\n|-boost|p1b: \u0110\u00e0 \u0111i\u1ec3u|spd|1\n|move|p2b: Oranguru|Trick Room|p2b: Oranguru\n|-fieldstart|move: Trick Room|[of] p2b: Oranguru\n|\n|-ability|p1b: \u0110\u00e0 \u0111i\u1ec3u|Speed Boost|boost\n|-boost|p1b: \u0110\u00e0 \u0111i\u1ec3u|spe|1\n|upkeep\n|turn|2\n|inactive|siunhanech has 30 seconds left.\n|\n|t:|1776582194\n|move|p1a: Tr\u00e0 t\u1eeb tay|Rage Powder|p1a: Tr\u00e0 t\u1eeb tay\n|-singleturn|p1a: Tr\u00e0 t\u1eeb tay|move: Rage Powder\n|move|p2b: Oranguru|Light Screen|p2b: Oranguru\n|-sidestart|p2: Jiaco5|move: Light Screen\n|move|p1b: \u0110\u00e0 \u0111i\u1ec3u|Baton Pass|p1b: \u0110\u00e0 \u0111i\u1ec3u\n|\n|t:|1776582199\n|switch|p1b: B\u1eafn t\u00f9m lum|Blastoise, L50, M|100/100|[from] Baton Pass\n|move|p2a: Lucario|Close Combat|p1a: Tr\u00e0 t\u1eeb tay\n|-immune|p1a: Tr\u00e0 t\u1eeb tay\n|\n|upkeep\n|turn|3\n|\n|t:|1776582221\n|switch|p2a: Torkoal|Torkoal, L50, F|100/100\n|-weather|SunnyDay|[from] ability: Drought|[of] p2a: Torkoal\n|detailschange|p1b: B\u1eafn t\u00f9m lum|Blastoise-Mega, L50, M\n|-mega|p1b: B\u1eafn t\u00f9m lum|Blastoise|Blastoisinite\n|move|p1a: Tr\u00e0 t\u1eeb tay|Rage Powder|p1a: Tr\u00e0 t\u1eeb tay\n|-singleturn|p1a: Tr\u00e0 t\u1eeb tay|move: Rage Powder\n|move|p2b: Oranguru|Psychic|p1a: Tr\u00e0 t\u1eeb tay\n|-damage|p1a: Tr\u00e0 t\u1eeb tay|73/100\n|move|p1b: B\u1eafn t\u00f9m lum|Water Spout|p2a: Torkoal|[spread] p2a,p2b\n|-supereffective|p2a: Torkoal|1\n|-damage|p2a: Torkoal|25/100\n|-damage|p2b: Oranguru|80/100\n|\n|-weather|SunnyDay|[upkeep]\n|upkeep\n|turn|4\n|inactive|siunhanech has 30 seconds left.\n|inactive|Jiaco5 has 30 seconds left.\n|\n|t:|1776582249\n|switch|p1a: \u0110\u00e0 \u0111i\u1ec3u|Espathra, L50, F|100/100\n|move|p2a: Torkoal|Flamethrower|p1a: \u0110\u00e0 \u0111i\u1ec3u\n|-damage|p1a: \u0110\u00e0 \u0111i\u1ec3u|8/100\n|move|p1b: B\u1eafn t\u00f9m lum|Water Spout|p2b: Oranguru|[spread] p2a,p2b\n|-supereffective|p2a: Torkoal|1\n|-crit|p2b: Oranguru\n|-damage|p2a: Torkoal|0 fnt\n|-damage|p2b: Oranguru|30/100\n|faint|p2a: Torkoal\n|move|p2b: Oranguru|Trick Room|p2b: Oranguru\n|-fieldend|move: Trick Room\n|\n|-weather|SunnyDay|[upkeep]\n|upkeep\n|\n|t:|1776582259\n|switch|p2a: Lucario|Lucario, L50, F|100/100\n|turn|5\n|\n|t:|1776582269\n|move|p1b: B\u1eafn t\u00f9m lum|Protect|p1b: B\u1eafn t\u00f9m lum\n|-singleturn|p1b: B\u1eafn t\u00f9m lum|Protect\n|move|p2a: Lucario|Final Gambit|p1b: B\u1eafn t\u00f9m lum\n|-activate|p1b: B\u1eafn t\u00f9m lum|move: Protect\n|move|p1a: \u0110\u00e0 \u0111i\u1ec3u|Lumina Crash|p2a: Lucario\n|-damage|p2a: Lucario|73/100\n|-unboost|p2a: Lucario|spd|2\n|move|p2b: Oranguru|Trick Room|p2b: Oranguru\n|-fieldstart|move: Trick Room|[of] p2b: Oranguru\n|\n|-weather|SunnyDay|[upkeep]\n|-ability|p1a: \u0110\u00e0 \u0111i\u1ec3u|Speed Boost|boost\n|-boost|p1a: \u0110\u00e0 \u0111i\u1ec3u|spe|1\n|upkeep\n|turn|6\n|inactive|siunhanech has 30 seconds left.\n|inactive|siunhanech has 20 seconds left.\n|inactive|siunhanech has 15 seconds left.\n|inactive|siunhanech has 10 seconds left.\n|\n|t:|1776582317\n|switch|p1b: Tr\u00e0 t\u1eeb tay|Sinistcha, L50|73/100\n|-heal|p1a: \u0110\u00e0 \u0111i\u1ec3u|33/100|[from] ability: Hospitality|[of] p1b: Tr\u00e0 t\u1eeb tay\n|move|p1a: \u0110\u00e0 \u0111i\u1ec3u|Protect|p1a: \u0110\u00e0 \u0111i\u1ec3u\n|-singleturn|p1a: \u0110\u00e0 \u0111i\u1ec3u|Protect\n|move|p2b: Oranguru|Instruct|p2a: Lucario\n|-singleturn|p2a: Lucario|move: Instruct|[of] p2b: Oranguru\n|move|p2a: Lucario|Final Gambit|p1b: Tr\u00e0 t\u1eeb tay\n|-immune|p1b: Tr\u00e0 t\u1eeb tay\n|move|p2a: Lucario|Final Gambit|p1b: Tr\u00e0 t\u1eeb tay\n|-immune|p1b: Tr\u00e0 t\u1eeb tay\n|\n|-weather|SunnyDay|[upkeep]\n|-sideend|p2: Jiaco5|move: Light Screen\n|-ability|p1a: \u0110\u00e0 \u0111i\u1ec3u|Speed Boost|boost\n|-boost|p1a: \u0110\u00e0 \u0111i\u1ec3u|spe|1\n|upkeep\n|turn|7\n|inactive|siunhanech has 30 seconds left.\n|inactive|Jiaco5 has 30 seconds left.\n|inactive|siunhanech has 20 seconds left.\n|\n|t:|1776582362\n|switch|p2b: Crabominable|Crabominable, L50, M|100/100\n|move|p1b: Tr\u00e0 t\u1eeb tay|Rage Powder|p1b: Tr\u00e0 t\u1eeb tay\n|-singleturn|p1b: Tr\u00e0 t\u1eeb tay|move: Rage Powder\n|move|p2a: Lucario|Final Gambit|p1b: Tr\u00e0 t\u1eeb tay\n|-immune|p1b: Tr\u00e0 t\u1eeb tay\n|move|p1a: \u0110\u00e0 \u0111i\u1ec3u|Calm Mind|p1a: \u0110\u00e0 \u0111i\u1ec3u\n|-boost|p1a: \u0110\u00e0 \u0111i\u1ec3u|spa|1\n|-boost|p1a: \u0110\u00e0 \u0111i\u1ec3u|spd|1\n|\n|-weather|none\n|-ability|p1a: \u0110\u00e0 \u0111i\u1ec3u|Speed Boost|boost\n|-boost|p1a: \u0110\u00e0 \u0111i\u1ec3u|spe|1\n|upkeep\n|turn|8\n|inactive|Jiaco5 has 30 seconds left.\n|\n|t:|1776582392\n|switch|p2a: Oranguru|Oranguru, L50, M|30/100\n|detailschange|p2b: Crabominable|Crabominable-Mega, L50, M\n|-mega|p2b: Crabominable|Crabominable|Crabominite\n|move|p2b: Crabominable|Protect|p2b: Crabominable\n|-singleturn|p2b: Crabominable|Protect\n|move|p1b: Tr\u00e0 t\u1eeb tay|Rage Powder|p1b: Tr\u00e0 t\u1eeb tay\n|-singleturn|p1b: Tr\u00e0 t\u1eeb tay|move: Rage Powder\n|move|p1a: \u0110\u00e0 \u0111i\u1ec3u|Lumina Crash|p2b: Crabominable\n|-activate|p2b: Crabominable|move: Protect\n|\n|-ability|p1a: \u0110\u00e0 \u0111i\u1ec3u|Speed Boost|boost\n|-boost|p1a: \u0110\u00e0 \u0111i\u1ec3u|spe|1\n|upkeep\n|turn|9\n|\n|t:|1776582405\n|switch|p1b: C\u1ea7u V\u0129nh Tuy|Archaludon, L50, M|100/100\n|move|p1a: \u0110\u00e0 \u0111i\u1ec3u|Protect|p1a: \u0110\u00e0 \u0111i\u1ec3u\n|-singleturn|p1a: \u0110\u00e0 \u0111i\u1ec3u|Protect\n|move|p2b: Crabominable|Ice Hammer|p1a: \u0110\u00e0 \u0111i\u1ec3u\n|-activate|p1a: \u0110\u00e0 \u0111i\u1ec3u|move: Protect\n|move|p2a: Oranguru|Instruct|p2b: Crabominable\n|-singleturn|p2b: Crabominable|move: Instruct|[of] p2a: Oranguru\n|move|p2b: Crabominable|Ice Hammer|p1a: \u0110\u00e0 \u0111i\u1ec3u\n|-activate|p1a: \u0110\u00e0 \u0111i\u1ec3u|move: Protect\n|\n|-fieldend|move: Trick Room\n|-ability|p1a: \u0110\u00e0 \u0111i\u1ec3u|Speed Boost|boost\n|-boost|p1a: \u0110\u00e0 \u0111i\u1ec3u|spe|1\n|upkeep\n|turn|10\n|inactive|siunhanech has 30 seconds left.\n|\n|t:|1776582433\n|move|p2b: Crabominable|Mach Punch|p1a: \u0110\u00e0 \u0111i\u1ec3u\n|-resisted|p1a: \u0110\u00e0 \u0111i\u1ec3u|1\n|-damage|p1a: \u0110\u00e0 \u0111i\u1ec3u|19/100\n|move|p1a: \u0110\u00e0 \u0111i\u1ec3u|Lumina Crash|p2b: Crabominable\n|-supereffective|p2b: Crabominable|1\n|-damage|p2b: Crabominable|32/100\n|-unboost|p2b: Crabominable|spd|2\n|move|p1b: C\u1ea7u V\u0129nh Tuy|Dragon Pulse|p2a: Oranguru\n|-crit|p2a: Oranguru\n|-damage|p2a: Oranguru|0 fnt\n|faint|p2a: Oranguru\n|\n|-ability|p1a: \u0110\u00e0 \u0111i\u1ec3u|Speed Boost|boost\n|-boost|p1a: \u0110\u00e0 \u0111i\u1ec3u|spe|1\n|upkeep\n|\n|t:|1776582436\n|switch|p2a: Lucario|Lucario, L50, F|73/100\n|turn|11\n|\n|t:|1776582457\n|move|p2b: Crabominable|Mach Punch|p1a: \u0110\u00e0 \u0111i\u1ec3u\n|-resisted|p1a: \u0110\u00e0 \u0111i\u1ec3u|1\n|-damage|p1a: \u0110\u00e0 \u0111i\u1ec3u|6/100\n|move|p1a: \u0110\u00e0 \u0111i\u1ec3u|Lumina Crash|p2a: Lucario\n|-crit|p2a: Lucario\n|-damage|p2a: Lucario|0 fnt\n|faint|p2a: Lucario\n|move|p1b: C\u1ea7u V\u0129nh Tuy|Aura Sphere|p2b: Crabominable\n|-supereffective|p2b: Crabominable|1\n|-damage|p2b: Crabominable|0 fnt\n|faint|p2b: Crabominable\n|\n|win|siunhanech\n|raw|siunhanech's rating: 1497 &rarr; <strong>1516</strong><br />(+19 for winning)\n|raw|Jiaco5's rating: 1483 &rarr; <strong>1464</strong><br />(-19 for losing)\n|l|\u2606Jiaco5\n|player|p2|\n|j| sbpkshowdown\n|l| sbpkshowdown\n",
  "uploadtime": 1776582689,
  "views": 16,
  "formatid": "gen9championsvgc2026regma",
  "rating": 1464,
  "private": 0,
  "password": null
}