{
  "id": "gen9championsvgc2026regma-2587737808",
  "format": "[Gen 9 Champions] VGC 2026 Reg M-A",
  "players": [
    "AaronAstro",
    "king of larp"
  ],
  "log": "|j|\u2606AaronAstro\n|j|\u2606king of larp\n|t:|1776558981\n|gametype|doubles\n|player|p1|AaronAstro|silver|1087\n|player|p2|king of larp|169|1007\n|gen|9\n|tier|[Gen 9 Champions] VGC 2026 Reg M-A\n|rated|\n|rule|Species Clause: Limit one of each Pok\u00e9mon\n|rule|Item Clause: Limit 1 of each item\n|clearpoke\n|poke|p1|Meganium, L50, F|\n|poke|p1|Pelipper, L50, M|\n|poke|p1|Archaludon, L50, M, shiny|\n|poke|p1|Sneasler, L50, M|\n|poke|p1|Milotic, L50, F, shiny|\n|poke|p1|Incineroar, L50, M|\n|poke|p2|Alakazam, L50, F|\n|poke|p2|Archaludon, L50, M|\n|poke|p2|Azumarill, L50, M|\n|poke|p2|Hatterene, L50, F|\n|poke|p2|Pelipper, L50, M|\n|poke|p2|Aerodactyl, L50, F|\n|teampreview|4\nAaronAstro has agreed to open team sheets.\n|c|\u2606king of larp|USE EVEN MORE META MONS OMFG\n|\n|t:|1776559006\n|teamsize|p1|4\n|teamsize|p2|4\n|start\n|switch|p1a: Pelipper|Pelipper, L50, M|100/100\n|switch|p1b: Sneasler|Sneasler, L50, M|100/100\n|switch|p2a: Hatterene|Hatterene, L50, F|100/100\n|switch|p2b: Alakazam|Alakazam, L50, F|100/100\n|-weather|RainDance|[from] ability: Drizzle|[of] p1a: Pelipper\n|turn|1\n|\n|t:|1776559035\n|move|p1a: Pelipper|Protect|p1a: Pelipper\n|-singleturn|p1a: Pelipper|Protect\n|move|p1b: Sneasler|Fake Out|p2b: Alakazam\n|-damage|p2b: Alakazam|80/100\n|move|p2a: Hatterene|Calm Mind|p2a: Hatterene\n|-boost|p2a: Hatterene|spa|1\n|-boost|p2a: Hatterene|spd|1\n|move|p2b: Alakazam|Trick Room|p2b: Alakazam\n|-fieldstart|move: Trick Room|[of] p2b: Alakazam\n|\n|-weather|RainDance|[upkeep]\n|upkeep\n|turn|2\n|\n|t:|1776559052\n|detailschange|p2b: Alakazam|Alakazam-Mega, L50, F\n|-mega|p2b: Alakazam|Alakazam|Alakazite\n|-ability|p2b: Alakazam|Unburden|Trace|[from] ability: Trace|[of] p1b: Sneasler\n|move|p2a: Hatterene|Calm Mind|p2a: Hatterene\n|-boost|p2a: Hatterene|spa|1\n|-boost|p2a: Hatterene|spd|1\n|move|p1a: Pelipper|Hurricane|p2b: Alakazam\n|-damage|p2b: Alakazam|28/100\n|-start|p2b: Alakazam|confusion\n|-activate|p2b: Alakazam|confusion\n|move|p2b: Alakazam|Dazzling Gleam|p1a: Pelipper|[spread] p1a,p1b\n|-crit|p1b: Sneasler\n|-damage|p1a: Pelipper|58/100\n|-damage|p1b: Sneasler|56/100\n|move|p1b: Sneasler|Dire Claw|p2a: Hatterene\n|-supereffective|p2a: Hatterene|1\n|-enditem|p2a: Hatterene|Focus Sash\n|-damage|p2a: Hatterene|1/100\n|-status|p2a: Hatterene|par\n|\n|-weather|RainDance|[upkeep]\n|upkeep\n|turn|3\n|\n|t:|1776559080\n|switch|p2b: Pelipper|Pelipper, L50, M|100/100\n|cant|p2a: Hatterene|par\n|move|p1a: Pelipper|Hurricane|p2b: Pelipper\n|-damage|p2b: Pelipper|55/100\n|move|p1b: Sneasler|Dire Claw|p2a: Hatterene\n|-supereffective|p2a: Hatterene|1\n|-crit|p2a: Hatterene\n|-damage|p2a: Hatterene|0 fnt\n|faint|p2a: Hatterene\n|\n|-weather|RainDance|[upkeep]\n|upkeep\n|n|!king of larp|kingoflarp\n|inactive|Battle timer is ON: inactive players will automatically lose when time's up. (requested by AaronAstro)\n|inactive|king of larp has 60 seconds left.\n|inactive|king of larp has 30 seconds left.\n|inactive|king of larp has 20 seconds left.\n|inactive|king of larp has 15 seconds left.\n|inactive|king of larp has 10 seconds left.\n|inactive|king of larp has 5 seconds left.\n|\n|t:|1776559203\n|switch|p2a: Archaludon|Archaludon, L50, M|100/100\n|turn|4\n|inactive|king of larp has 30 seconds left.\n|inactive|king of larp has 20 seconds left.\n|inactive|king of larp has 15 seconds left.\n|inactive|king of larp has 10 seconds left.\n|inactive|king of larp has 5 seconds left.\n|\n|t:|1776559258\n|move|p2b: Pelipper|Agility|p2b: Pelipper\n|-boost|p2b: Pelipper|spe|2\n|move|p2a: Archaludon|Iron Defense|p2a: Archaludon\n|-boost|p2a: Archaludon|def|2\n|move|p1a: Pelipper|Hurricane|p2b: Pelipper\n|-damage|p2b: Pelipper|8/100\n|move|p1b: Sneasler|Close Combat|p2a: Archaludon\n|-supereffective|p2a: Archaludon|1\n|-damage|p2a: Archaludon|52/100\n|-unboost|p1b: Sneasler|def|1\n|-unboost|p1b: Sneasler|spd|1\n|-ability|p2a: Archaludon|Stamina|boost\n|-boost|p2a: Archaludon|def|1\n|-enditem|p1b: Sneasler|White Herb\n|-clearnegativeboost|p1b: Sneasler|[silent]\n|\n|-weather|RainDance|[upkeep]\n|-heal|p2a: Archaludon|58/100|[from] item: Leftovers\n|upkeep\n|turn|5\n|inactive|king of larp has 30 seconds left.\n|inactive|king of larp has 20 seconds left.\n|inactive|king of larp has 15 seconds left.\n|inactive|king of larp has 10 seconds left.\n|inactive|king of larp has 5 seconds left.\n|\n|t:|1776559313\n|move|p1a: Pelipper|Protect|p1a: Pelipper\n|-singleturn|p1a: Pelipper|Protect\n|move|p1b: Sneasler|Protect|p1b: Sneasler\n|-singleturn|p1b: Sneasler|Protect\n|move|p2a: Archaludon|Iron Defense|p2a: Archaludon\n|-boost|p2a: Archaludon|def|2\n|move|p2b: Pelipper|Agility|p2b: Pelipper\n|-boost|p2b: Pelipper|spe|2\n|\n|-weather|none\n|-heal|p2a: Archaludon|64/100|[from] item: Leftovers\n|-fieldend|move: Trick Room\n|upkeep\n|turn|6\n|inactive|AaronAstro has 30 seconds left.\n|inactive|king of larp has 30 seconds left.\n|inactive|king of larp has 20 seconds left.\n|inactive|king of larp has 15 seconds left.\n|inactive|king of larp has 10 seconds left.\n|inactive|king of larp has 5 seconds left.\n|\n|t:|1776559368\n|move|p1b: Sneasler|Close Combat|p2a: Archaludon\n|-supereffective|p2a: Archaludon|1\n|-damage|p2a: Archaludon|33/100\n|-unboost|p1b: Sneasler|def|1\n|-unboost|p1b: Sneasler|spd|1\n|-ability|p2a: Archaludon|Stamina|boost\n|-boost|p2a: Archaludon|def|1\n|move|p2b: Pelipper|Agility|p2b: Pelipper\n|-boost|p2b: Pelipper|spe|2\n|move|p1a: Pelipper|Tailwind|p1a: Pelipper\n|-sidestart|p1: AaronAstro|move: Tailwind\n|move|p2a: Archaludon|Iron Defense|p2a: Archaludon\n|-boost|p2a: Archaludon|def|0\n|\n|-heal|p2a: Archaludon|40/100|[from] item: Leftovers\n|upkeep\n|turn|7\n|inactive|AaronAstro has 30 seconds left.\n|inactive|king of larp has 30 seconds left.\n|inactive|king of larp has 20 seconds left.\n|inactive|king of larp has 15 seconds left.\n|inactive|king of larp has 10 seconds left.\n|inactive|king of larp has 5 seconds left.\n|\n|t:|1776559423\n|move|p1b: Sneasler|Close Combat|p2a: Archaludon\n|-supereffective|p2a: Archaludon|1\n|-damage|p2a: Archaludon|14/100\n|-unboost|p1b: Sneasler|def|1\n|-unboost|p1b: Sneasler|spd|1\n|move|p2b: Pelipper|Agility|p2b: Pelipper\n|-boost|p2b: Pelipper|spe|0\n|move|p1a: Pelipper|Weather Ball|p2b: Pelipper\n|-damage|p2b: Pelipper|0 fnt\n|faint|p2b: Pelipper\n|move|p2a: Archaludon|Iron Defense|p2a: Archaludon\n|-boost|p2a: Archaludon|def|0\n|\n|-heal|p2a: Archaludon|20/100|[from] item: Leftovers\n|upkeep\n|inactive|king of larp has 30 seconds left.\n|inactive|king of larp has 20 seconds left.\n|inactive|king of larp has 15 seconds left.\n|inactive|king of larp has 10 seconds left.\n|inactive|king of larp has 5 seconds left.\n|\n|t:|1776559478\n|switch|p2b: Alakazam|Alakazam-Mega, L50, F|28/100\n|-ability|p2b: Alakazam|Drizzle|Trace|[from] ability: Trace|[of] p1a: Pelipper\n|-weather|RainDance|[from] ability: Drizzle|[of] p2b: Alakazam\n|turn|8\n|-message|king of larp forfeited.\n|\n|win|AaronAstro\n",
  "uploadtime": 1776559095,
  "views": 10,
  "formatid": "gen9championsvgc2026regma",
  "rating": null,
  "private": 0,
  "password": null
}