{
  "id": "gen9championsvgc2026regma-2588962637",
  "format": "[Gen 9 Champions] VGC 2026 Reg M-A",
  "players": [
    "magicalarcher57",
    "doctor larp"
  ],
  "log": "|j|\u2606magicalarcher57\n|j|\u2606doctor larp\n|html|<table width=\"100%\"><tr><td align=\"left\">magicalarcher57</td><td align=\"right\">doctor larp</tr><tr><td align=\"left\"><i class=\"fa fa-circle-o\"></i> <i class=\"fa fa-circle-o\"></i> </td><td align=\"right\"><i class=\"fa fa-circle-o\"></i> <i class=\"fa fa-circle\"></i> </tr></table>\n|uhtml|bestof|<h2><strong>Game 2</strong> of <a href=\"/game-bestof3-gen9championsvgc2026regma-2588960520\">a best-of-3</a></h2>\n|t:|1776689849\n|gametype|doubles\n|player|p1|magicalarcher57|valerie|\n|player|p2|doctor larp|mina-masters|\n|gen|9\n|tier|[Gen 9 Champions] VGC 2026 Reg M-A\n|rated|Tournament battle\n|rule|Species Clause: Limit one of each Pok\u00e9mon\n|rule|Item Clause: Limit 1 of each item\n|raw|<div class=\"infobox\"><details class=\"readmore\" open><summary><strong>2 custom rules:</strong></summary> Force Open Team Sheets, Best of = 3</details></div>\n|clearpoke\n|poke|p1|Kangaskhan, L50, F, shiny|\n|poke|p1|Farigiraf, L50, F, shiny|\n|poke|p1|Talonflame, L50, M, shiny|\n|poke|p1|Floette-Eternal, L50, F|\n|poke|p1|Sneasler, L50, M, shiny|\n|poke|p1|Basculegion, L50, M|\n|poke|p2|Delphox, L50, M|\n|poke|p2|Dragonite, L50, M|\n|poke|p2|Sneasler, L50, F|\n|poke|p2|Garchomp, L50, M|\n|poke|p2|Orthworm, L50, F|\n|poke|p2|Aerodactyl, L50, F|\n|teampreview|4\n|showteam|p1|Kangaskhan||Kangaskhanite|Scrappy|FakeOut,HammerArm,DoubleEdge,Crunch|||F|||50|]Farigiraf||ColburBerry|ArmorTail|ShadowBall,HyperVoice,TrickRoom,Psychic|||F|||50|]Talonflame||SharpBeak|GaleWings|Tailwind,Taunt,Protect,BraveBird|||M|||50|]Floette-Eternal||Floettite|FlowerVeil|Moonblast,LightofRuin,DazzlingGleam,Protect|||F|||50|]Sneasler||FocusSash|Unburden|FakeOut,CloseCombat,DireClaw,Protect|||M|||50|]Basculegion||MysticWater|Adaptability|AquaJet,LastRespects,Protect,WaveCrash|||M|||50|\n|showteam|p2|Delphox||Delphoxite|Blaze|Protect,NastyPlot,HeatWave,Psychic|||M|||50|]Dragonite||Dragoninite|InnerFocus|Hurricane,Protect,IceBeam,Thunderbolt|||M|||50|]Sneasler||WhiteHerb|Unburden|FakeOut,Coaching,CloseCombat,DireClaw|||F|||50|]Garchomp||SoftSand|RoughSkin|Earthquake,RockSlide,DragonClaw,Protect|||M|||50|]Orthworm||SitrusBerry|EarthEater|HeavySlam,ShedTail,Protect,BodyPress|||F|||50|]Aerodactyl||FocusSash|Unnerve|DualWingbeat,Protect,RockSlide,Tailwind|||F|||50|\n|inactive|Battle timer is ON: inactive players will automatically lose when time's up. (requested by magicalarcher57)\n|inactive|doctor larp has 60 seconds left.\n|\n|t:|1776689884\n|teamsize|p1|4\n|teamsize|p2|4\n|start\n|switch|p1a: Ryoiki Tenkai|Farigiraf, L50, F, shiny|100/100\n|switch|p1b: Floette|Floette-Eternal, L50, F|100/100\n|switch|p2a: Just A Girl|Sneasler, L50, F|100/100\n|switch|p2b: Guh!? Uhm...|Orthworm, L50, F|100/100\n|turn|1\n|j|+Nosnort\n|\n|t:|1776689900\n|move|p1b: Floette|Protect|p1b: Floette\n|-singleturn|p1b: Floette|Protect\n|move|p2a: Just A Girl|Dire Claw|p1a: Ryoiki Tenkai\n|-damage|p1a: Ryoiki Tenkai|62/100\n|move|p2b: Guh!? Uhm...|Heavy Slam|p1b: Floette\n|-activate|p1b: Floette|move: Protect\n|move|p1a: Ryoiki Tenkai|Psychic|p2a: Just A Girl\n|-supereffective|p2a: Just A Girl|2\n|-damage|p2a: Just A Girl|0 fnt\n|faint|p2a: Just A Girl\n|\n|upkeep\n|\n|t:|1776689913\n|switch|p2a: Gargler|Garchomp, L50, M|100/100\n|turn|2\n|\n|t:|1776689921\n|move|p2a: Gargler|Protect|p2a: Gargler\n|-singleturn|p2a: Gargler|Protect\n|move|p1b: Floette|Dazzling Gleam|p2b: Guh!? Uhm...|[spread] p2b\n|-activate|p2a: Gargler|move: Protect\n|-resisted|p2b: Guh!? Uhm...|1\n|-damage|p2b: Guh!? Uhm...|76/100\n|move|p2b: Guh!? Uhm...|Heavy Slam|p1b: Floette\n|-supereffective|p1b: Floette|1\n|-damage|p1b: Floette|0 fnt\n|faint|p1b: Floette\n|move|p1a: Ryoiki Tenkai|Trick Room|p1a: Ryoiki Tenkai\n|-fieldstart|move: Trick Room|[of] p1a: Ryoiki Tenkai\n|\n|upkeep\n|\n|t:|1776689924\n|switch|p1b: Kangaskhan|Kangaskhan, L50, F, shiny|100/100\n|turn|3\n|\n|t:|1776689944\n|detailschange|p1b: Kangaskhan|Kangaskhan-Mega, L50, F, shiny\n|-mega|p1b: Kangaskhan|Kangaskhan|Kangaskhanite\n|move|p1a: Ryoiki Tenkai|Hyper Voice|p2a: Gargler|[spread] p2a,p2b\n|-resisted|p2b: Guh!? Uhm...|1\n|-damage|p2a: Gargler|60/100\n|-damage|p2b: Guh!? Uhm...|49/100\n|-enditem|p2b: Guh!? Uhm...|Sitrus Berry|[eat]\n|-heal|p2b: Guh!? Uhm...|74/100|[from] item: Sitrus Berry\n|move|p2b: Guh!? Uhm...|Body Press|p1b: Kangaskhan\n|-supereffective|p1b: Kangaskhan|1\n|-damage|p1b: Kangaskhan|49/100\n|move|p1b: Kangaskhan|Double-Edge|p2a: Gargler\n|-damage|p2a: Gargler|0 fnt\n|-damage|p1b: Kangaskhan|36/100|[from] ability: Rough Skin|[of] p2a: Gargler\n|faint|p2a: Gargler\n|-hitcount|p2: Gargler|1\n|-damage|p1b: Kangaskhan|19/100|[from] Recoil\n|\n|upkeep\n|\n|t:|1776689962\n|switch|p2a: Dragonite|Dragonite, L50, M|100/100\n|turn|4\n|\n|t:|1776689978\n|switch|p1b: Basculegion|Basculegion, L50, M|100/100\n|detailschange|p2a: Dragonite|Dragonite-Mega, L50, M\n|-mega|p2a: Dragonite|Dragonite|Dragoninite\n|move|p1a: Ryoiki Tenkai|Hyper Voice|p2a: Dragonite|[spread] p2a,p2b\n|-resisted|p2b: Guh!? Uhm...|1\n|-damage|p2a: Dragonite|86/100\n|-damage|p2b: Guh!? Uhm...|49/100\n|move|p2b: Guh!? Uhm...|Heavy Slam|p1b: Basculegion\n|-resisted|p1b: Basculegion|1\n|-damage|p1b: Basculegion|92/100\n|move|p2a: Dragonite|Hurricane|p1a: Ryoiki Tenkai|[miss]\n|-miss|p2a: Dragonite|p1a: Ryoiki Tenkai\n|\n|upkeep\n|turn|5\n|\n|t:|1776689997\n|move|p2a: Dragonite|Protect|p2a: Dragonite\n|-singleturn|p2a: Dragonite|Protect\n|move|p1a: Ryoiki Tenkai|Hyper Voice|p2b: Guh!? Uhm...|[spread] p2b\n|-activate|p2a: Dragonite|move: Protect\n|-resisted|p2b: Guh!? Uhm...|1\n|-damage|p2b: Guh!? Uhm...|25/100\n|move|p2b: Guh!? Uhm...|Body Press|p1a: Ryoiki Tenkai\n|-damage|p1a: Ryoiki Tenkai|32/100\n|move|p1b: Basculegion|Last Respects|p2b: Guh!? Uhm...\n|-damage|p2b: Guh!? Uhm...|0 fnt\n|faint|p2b: Guh!? Uhm...\n|\n|upkeep\n|turn|6\n|inactive|doctor larp has 30 seconds left.\n|\n|t:|1776690029\n|move|p1a: Ryoiki Tenkai|Hyper Voice|p2a: Dragonite\n|-damage|p2a: Dragonite|47/100\n|move|p1b: Basculegion|Last Respects|p2a: Dragonite\n|-damage|p2a: Dragonite|0 fnt\n|faint|p2a: Dragonite\n|\n|win|magicalarcher57\n",
  "uploadtime": 1776690029,
  "views": 1,
  "formatid": "gen9championsvgc2026regma",
  "rating": null,
  "private": 0,
  "password": null
}