{
  "id": "gen9championsvgc2026regma-2586669790",
  "format": "[Gen 9 Champions] VGC 2026 Reg M-A",
  "players": [
    "orionsayshi",
    "QueerCrocodile"
  ],
  "log": "|j|\u2606orionsayshi\n|j|\u2606QueerCrocodile\n|t:|1776450777\n|gametype|doubles\n|player|p1|orionsayshi|elesa|1152\n|player|p2|QueerCrocodile|cynthia-gen4|1212\n|gen|9\n|tier|[Gen 9 Champions] VGC 2026 Reg M-A\n|rated|\n|rule|Species Clause: Limit one of each Pok\u00e9mon\n|rule|Item Clause: Limit 1 of each item\n|clearpoke\n|poke|p1|Incineroar, L50, M|\n|poke|p1|Gengar, L50, F|\n|poke|p1|Sableye, L50, F|\n|poke|p1|Arcanine-Hisui, L50, F|\n|poke|p1|Bellibolt, L50, F|\n|poke|p1|Sinistcha, L50|\n|poke|p2|Blastoise, L50, M|\n|poke|p2|Espathra, L50, F|\n|poke|p2|Sinistcha, L50|\n|poke|p2|Incineroar, L50, F|\n|poke|p2|Dragonite, L50, M|\n|poke|p2|Sneasler, L50, M|\n|teampreview|4\n|inactive|Battle timer is ON: inactive players will automatically lose when time's up. (requested by QueerCrocodile)\n|inactive|orionsayshi has 60 seconds left.\n|\n|t:|1776450808\n|teamsize|p1|4\n|teamsize|p2|4\n|start\n|switch|p1a: Gengar|Gengar, L50, F|100/100\n|switch|p1b: Sableye|Sableye, L50, F|100/100\n|switch|p2a: Espathra|Espathra, L50, F|100/100\n|switch|p2b: Sneasler|Sneasler, L50, M|100/100\n|turn|1\n|\n|t:|1776450828\n|switch|p2b: Incineroar|Incineroar, L50, F|100/100\n|-ability|p2b: Incineroar|Intimidate|boost\n|-unboost|p1a: Gengar|atk|1\n|-unboost|p1b: Sableye|atk|1\n|detailschange|p1a: Gengar|Gengar-Mega, L50, F\n|-mega|p1a: Gengar|Gengar|Gengarite\n|move|p1b: Sableye|Gravity|p1b: Sableye\n|-fieldstart|move: Gravity\n|move|p1a: Gengar|Hypnosis|p2a: Espathra\n|-status|p2a: Espathra|slp|[from] move: Hypnosis\n|cant|p2a: Espathra|slp\n|\n|-ability|p2a: Espathra|Speed Boost|boost\n|-boost|p2a: Espathra|spe|1\n|upkeep\n|turn|2\n|inactive|orionsayshi has 30 seconds left.\n|inactive|QueerCrocodile has 30 seconds left.\n|inactive|orionsayshi has 20 seconds left.\n|\n|t:|1776450866\n|move|p1b: Sableye|Protect|p1b: Sableye\n|-singleturn|p1b: Sableye|Protect\n|-curestatus|p2a: Espathra|slp|[msg]\n|move|p2a: Espathra|Calm Mind|p2a: Espathra\n|-boost|p2a: Espathra|spa|1\n|-boost|p2a: Espathra|spd|1\n|move|p1a: Gengar|Hypnosis|p2b: Incineroar\n|-status|p2b: Incineroar|slp|[from] move: Hypnosis\n|cant|p2b: Incineroar|slp\n|\n|-ability|p2a: Espathra|Speed Boost|boost\n|-boost|p2a: Espathra|spe|1\n|upkeep\n|turn|3\n|\n|t:|1776450882\n|move|p2a: Espathra|Protect|p2a: Espathra\n|-singleturn|p2a: Espathra|Protect\n|move|p1b: Sableye|Encore|p2a: Espathra\n|-activate|p2a: Espathra|move: Protect\n|move|p1a: Gengar|Perish Song|p1a: Gengar\n|-start|p1a: Gengar|perish3|[silent]\n|-start|p1b: Sableye|perish3|[silent]\n|-start|p2a: Espathra|perish3|[silent]\n|-start|p2b: Incineroar|perish3|[silent]\n|-fieldactivate|move: Perish Song\n|cant|p2b: Incineroar|slp\n|\n|-start|p2a: Espathra|perish3\n|-start|p1a: Gengar|perish3\n|-start|p2b: Incineroar|perish3\n|-start|p1b: Sableye|perish3\n|-ability|p2a: Espathra|Speed Boost|boost\n|-boost|p2a: Espathra|spe|1\n|upkeep\n|turn|4\n|\n|t:|1776450898\n|move|p1b: Sableye|Encore|p2a: Espathra\n|-start|p2a: Espathra|Encore\n|move|p2a: Espathra|Protect|p2a: Espathra\n|-singleturn|p2a: Espathra|Protect\n|move|p1a: Gengar|Shadow Ball|p2a: Espathra\n|-activate|p2a: Espathra|move: Protect\n|-curestatus|p2b: Incineroar|slp|[msg]\n|move|p2b: Incineroar|Parting Shot|p1b: Sableye\n|-unboost|p1b: Sableye|atk|1\n|-unboost|p1b: Sableye|spa|1\n|\n|t:|1776450908\n|switch|p2b: Dragonite|Dragonite, L50, M|100/100|[from] Parting Shot\n|\n|-start|p2a: Espathra|perish2\n|-start|p1a: Gengar|perish2\n|-start|p1b: Sableye|perish2\n|-ability|p2a: Espathra|Speed Boost|boost\n|-boost|p2a: Espathra|spe|1\n|upkeep\n|turn|5\n|\n|t:|1776450928\n|detailschange|p2b: Dragonite|Dragonite-Mega, L50, M\n|-mega|p2b: Dragonite|Dragonite|Dragoninite\n|move|p1b: Sableye|Protect|p1b: Sableye\n|-singleturn|p1b: Sableye|Protect\n|move|p2a: Espathra|Protect||[still]\n|-fail|p2a: Espathra\n|move|p1a: Gengar|Hypnosis|p2b: Dragonite\n|-status|p2b: Dragonite|slp|[from] move: Hypnosis\n|cant|p2b: Dragonite|slp\n|\n|-start|p2a: Espathra|perish1\n|-start|p1a: Gengar|perish1\n|-start|p1b: Sableye|perish1\n|-fieldend|move: Gravity\n|-ability|p2a: Espathra|Speed Boost|boost\n|-boost|p2a: Espathra|spe|1\n|upkeep\n|turn|6\n|-message|QueerCrocodile forfeited.\n|\n|win|orionsayshi\n|raw|orionsayshi's rating: 1152 &rarr; <strong>1181</strong><br />(+29 for winning)\n|raw|QueerCrocodile's rating: 1212 &rarr; <strong>1183</strong><br />(-29 for losing)\n|l|\u2606QueerCrocodile\n|player|p2|\n",
  "uploadtime": 1776450953,
  "views": 41,
  "formatid": "gen9championsvgc2026regma",
  "rating": 1181,
  "private": 0,
  "password": null
}