{
  "id": "gen9championsvgc2026regma-2584656909",
  "format": "[Gen 9 Champions] VGC 2026 Reg M-A",
  "players": [
    "Belopiselo",
    "0008revO"
  ],
  "log": "|j|\u2606Belopiselo\n|j|\u26060008revO\n|t:|1776274869\n|gametype|doubles\n|player|p1|Belopiselo|marlon|1081\n|player|p2|0008revO|hoopster|1034\n|gen|9\n|tier|[Gen 9 Champions] VGC 2026 Reg M-A\n|rated|\n|rule|Species Clause: Limit one of each Pok\u00e9mon\n|rule|Item Clause: Limit 1 of each item\n|clearpoke\n|poke|p1|Pelipper, L50, M|\n|poke|p1|Archaludon, L50, F|\n|poke|p1|Sinistcha, L50|\n|poke|p1|Drampa, L50, F|\n|poke|p1|Primarina, L50, M|\n|poke|p1|Rotom-Wash, L50|\n|poke|p2|Tyranitar, L50, M|\n|poke|p2|Decidueye-Hisui, L50, M|\n|poke|p2|Garchomp, L50, F|\n|poke|p2|Talonflame, L50, F|\n|poke|p2|Incineroar, L50, M|\n|poke|p2|Kingambit, L50, M|\n|teampreview|4\n|\n|t:|1776274916\n|teamsize|p1|4\n|teamsize|p2|4\n|start\n|switch|p1a: Rotom|Rotom-Wash, L50|100/100\n|switch|p1b: How's the weather?|Drampa, L50, F|100/100\n|switch|p2a: Incineroar|Incineroar, L50, M|100/100\n|switch|p2b: Talonflame|Talonflame, L50, F|100/100\n|-ability|p2a: Incineroar|Intimidate|boost\n|-unboost|p1a: Rotom|atk|1\n|-unboost|p1b: How's the weather?|atk|1\n|-ability|p1b: How's the weather?|Cloud Nine\n|turn|1\n|l|\u2606Belopiselo\n|player|p1|\n|inactive|Battle timer is ON: inactive players will automatically lose when time's up. (requested by 0008revO)\n|j|\u2606Belopiselo\n|inactive|Belopiselo reconnected and has 80 seconds left.\n|player|p1|Belopiselo|marlon|\n|\n|t:|1776274959\n|move|p2a: Incineroar|Fake Out|p1b: How's the weather?\n|-damage|p1b: How's the weather?|91/100\n|move|p2b: Talonflame|Tailwind|p2b: Talonflame\n|-sidestart|p2: 0008revO|move: Tailwind\n|move|p1a: Rotom|Thunderbolt|p2b: Talonflame\n|-supereffective|p2b: Talonflame|1\n|-enditem|p2b: Talonflame|Focus Sash\n|-damage|p2b: Talonflame|1/100\n|cant|p1b: How's the weather?|flinch\n|\n|upkeep\n|turn|2\n|\n|t:|1776274976\n|move|p2b: Talonflame|Acrobatics|p1b: How's the weather?\n|-damage|p1b: How's the weather?|53/100\n|move|p2a: Incineroar|Parting Shot|p1a: Rotom\n|-unboost|p1a: Rotom|atk|1\n|-unboost|p1a: Rotom|spa|1\n|\n|t:|1776274991\n|switch|p2a: Kingambit|Kingambit, L50, M|100/100|[from] Parting Shot\n|move|p1a: Rotom|Hydro Pump|p2a: Kingambit\n|-damage|p2a: Kingambit|71/100\n|move|p1b: How's the weather?|Hyper Voice|p2b: Talonflame|[spread] p2a,p2b\n|-resisted|p2a: Kingambit|1\n|-damage|p2a: Kingambit|55/100\n|-damage|p2b: Talonflame|0 fnt\n|faint|p2b: Talonflame\n|-heal|p1b: How's the weather?|55/100|[from] item: Shell Bell|[of] p2: Talonflame\n|\n|upkeep\n|\n|t:|1776275006\n|switch|p2b: Tyranitar|Tyranitar, L50, M|100/100\n|-weather|Sandstorm|[from] ability: Sand Stream|[of] p2b: Tyranitar\n|turn|3\n|inactive|0008revO has 30 seconds left.\n|\n|t:|1776275033\n|detailschange|p2b: Tyranitar|Tyranitar-Mega, L50, M\n|-mega|p2b: Tyranitar|Tyranitar|Tyranitarite\n|move|p1b: How's the weather?|Protect|p1b: How's the weather?\n|-singleturn|p1b: How's the weather?|Protect\n|move|p2b: Tyranitar|Knock Off|p1a: Rotom\n|-damage|p1a: Rotom|31/100\n|-enditem|p1a: Rotom|Magnet|[from] move: Knock Off|[of] p2b: Tyranitar\n|move|p2a: Kingambit|Kowtow Cleave|p1b: How's the weather?\n|-activate|p1b: How's the weather?|move: Protect\n|move|p1a: Rotom|Will-O-Wisp|p2a: Kingambit\n|-status|p2a: Kingambit|brn\n|\n|-weather|Sandstorm|[upkeep]\n|-damage|p2a: Kingambit|49/100 brn|[from] brn\n|upkeep\n|turn|4\n|\n|t:|1776275053\n|switch|p1a: Evil Bubble thea|Sinistcha, L50|100/100\n|-heal|p1b: How's the weather?|80/100|[from] ability: Hospitality|[of] p1a: Evil Bubble thea\n|move|p2b: Tyranitar|Rock Slide|p1a: Evil Bubble thea|[spread] p1a,p1b\n|-damage|p1a: Evil Bubble thea|67/100\n|-damage|p1b: How's the weather?|45/100\n|move|p2a: Kingambit|Kowtow Cleave|p1b: How's the weather?\n|-damage|p1b: How's the weather?|17/100\n|move|p1b: How's the weather?|Flamethrower|p2a: Kingambit\n|-supereffective|p2a: Kingambit|1\n|-damage|p2a: Kingambit|0 fnt\n|faint|p2a: Kingambit\n|-heal|p1b: How's the weather?|24/100|[from] item: Shell Bell|[of] p2: Kingambit\n|\n|-weather|Sandstorm|[upkeep]\n|-heal|p1a: Evil Bubble thea|73/100|[from] item: Leftovers\n|-sideend|p2: 0008revO|move: Tailwind\n|upkeep\n|\n|t:|1776275064\n|switch|p2a: Incineroar|Incineroar, L50, M|100/100\n|-ability|p2a: Incineroar|Intimidate|boost\n|-unboost|p1a: Evil Bubble thea|atk|1\n|-unboost|p1b: How's the weather?|atk|1\n|turn|5\n|\n|t:|1776275073\n|move|p1b: How's the weather?|Protect|p1b: How's the weather?\n|-singleturn|p1b: How's the weather?|Protect\n|move|p2a: Incineroar|Fake Out|p1b: How's the weather?\n|-activate|p1b: How's the weather?|move: Protect\n|move|p2b: Tyranitar|Knock Off|p1a: Evil Bubble thea\n|-supereffective|p1a: Evil Bubble thea|1\n|-damage|p1a: Evil Bubble thea|0 fnt\n|-enditem|p1a: Evil Bubble thea|Leftovers|[from] move: Knock Off|[of] p2b: Tyranitar\n|faint|p1a: Evil Bubble thea\n|\n|-weather|Sandstorm|[upkeep]\n|upkeep\n|\n|t:|1776275083\n|switch|p1a: Ariel|Primarina, L50, M|100/100\n|turn|6\n|\n|t:|1776275095\n|move|p2b: Tyranitar|Protect|p2b: Tyranitar\n|-singleturn|p2b: Tyranitar|Protect\n|move|p2a: Incineroar|Parting Shot|p1a: Ariel\n|-unboost|p1a: Ariel|atk|1\n|-unboost|p1a: Ariel|spa|1\n|move|p1a: Ariel|Calm Mind|p1a: Ariel\n|-boost|p1a: Ariel|spa|1\n|-boost|p1a: Ariel|spd|1\n|move|p1b: How's the weather?|Icy Wind|p2b: Tyranitar|[spread] p2a\n|-activate|p2b: Tyranitar|move: Protect\n|-resisted|p2a: Incineroar|1\n|-damage|p2a: Incineroar|96/100\n|-unboost|p2a: Incineroar|spe|1\n|-heal|p1b: How's the weather?|24/100|[from] item: Shell Bell|[of] p2b: Tyranitar\n|\n|-weather|Sandstorm|[upkeep]\n|upkeep\n|turn|7\n|\n|t:|1776275111\n|move|p2b: Tyranitar|Rock Slide|p1a: Ariel|[spread] p1a,p1b\n|-damage|p1a: Ariel|56/100\n|-damage|p1b: How's the weather?|0 fnt\n|faint|p1b: How's the weather?\n|move|p1a: Ariel|Hyper Voice|p2a: Incineroar|[spread] p2a,p2b\n|-supereffective|p2a: Incineroar|1\n|-supereffective|p2b: Tyranitar|1\n|-damage|p2a: Incineroar|38/100\n|-damage|p2b: Tyranitar|52/100\n|-enditem|p2a: Incineroar|Sitrus Berry|[eat]\n|-heal|p2a: Incineroar|63/100|[from] item: Sitrus Berry\n|move|p2a: Incineroar|Flare Blitz|p1a: Ariel\n|-resisted|p1a: Ariel|1\n|-damage|p1a: Ariel|24/100\n|-damage|p2a: Incineroar|55/100|[from] Recoil\n|\n|-weather|none\n|upkeep\n|\n|t:|1776275125\n|switch|p1b: Rotom|Rotom-Wash, L50|31/100\n|turn|8\n|\n|t:|1776275149\n|move|p1a: Ariel|Protect|p1a: Ariel\n|-singleturn|p1a: Ariel|Protect\n|move|p2a: Incineroar|Protect|p2a: Incineroar\n|-singleturn|p2a: Incineroar|Protect\n|move|p2b: Tyranitar|Rock Slide|p1b: Rotom|[spread] \n|-activate|p1a: Ariel|move: Protect\n|-miss|p2b: Tyranitar|p1b: Rotom\n|move|p1b: Rotom|Will-O-Wisp|p2b: Tyranitar\n|-status|p2b: Tyranitar|brn\n|\n|-damage|p2b: Tyranitar|46/100 brn|[from] brn\n|upkeep\n|turn|9\n|\n|t:|1776275173\n|move|p2b: Tyranitar|Rock Slide|p1b: Rotom|[spread] p1a\n|-miss|p2b: Tyranitar|p1b: Rotom\n|-damage|p1a: Ariel|0 fnt\n|faint|p1a: Ariel\n|move|p1b: Rotom|Thunderbolt|p2a: Incineroar\n|-damage|p2a: Incineroar|30/100\n|move|p2a: Incineroar|Flare Blitz|p1b: Rotom\n|-resisted|p1b: Rotom|1\n|-damage|p1b: Rotom|5/100\n|-status|p1b: Rotom|brn\n|-damage|p2a: Incineroar|24/100|[from] Recoil\n|\n|-damage|p2b: Tyranitar|39/100 brn|[from] brn\n|-damage|p1b: Rotom|0 fnt|[from] brn\n|faint|p1b: Rotom\n|\n|win|0008revO\n|raw|Belopiselo's rating: 1081 &rarr; <strong>1056</strong><br />(-25 for losing)\n|raw|0008revO's rating: 1034 &rarr; <strong>1074</strong><br />(+40 for winning)\n",
  "uploadtime": 1776275173,
  "views": 21,
  "formatid": "gen9championsvgc2026regma",
  "rating": 1056,
  "private": 0,
  "password": null
}