{
  "id": "gen9championsvgc2026regma-2586672408",
  "format": "[Gen 9 Champions] VGC 2026 Reg M-A",
  "players": [
    "Tosshii",
    "cwhiz"
  ],
  "log": "|j|\u2606Tosshii\n|j|\u2606cwhiz\n|t:|1776450958\n|gametype|doubles\n|player|p1|Tosshii|proton|1082\n|player|p2|cwhiz|shadowtriad|1058\n|gen|9\n|tier|[Gen 9 Champions] VGC 2026 Reg M-A\n|rated|\n|rule|Species Clause: Limit one of each Pok\u00e9mon\n|rule|Item Clause: Limit 1 of each item\n|clearpoke\n|poke|p1|Tyranitar, L50, F|\n|poke|p1|Meganium, L50, M|\n|poke|p1|Basculegion, L50, M|\n|poke|p1|Garchomp, L50, F|\n|poke|p1|Sneasler, L50, M|\n|poke|p1|Aerodactyl, L50, F|\n|poke|p2|Glimmora, L50, M|\n|poke|p2|Corviknight, L50, F|\n|poke|p2|Garchomp, L50, M|\n|poke|p2|Gyarados, L50, F|\n|poke|p2|Ninetales-Alola, L50, F|\n|poke|p2|Volcarona, L50, M|\n|teampreview|4\n|inactive|Battle timer is ON: inactive players will automatically lose when time's up. (requested by cwhiz)\n|inactive|Tosshii has 60 seconds left.\n|inactive|cwhiz has 60 seconds left.\n|\n|t:|1776451014\n|teamsize|p1|4\n|teamsize|p2|4\n|start\n|switch|p1a: Meganium|Meganium, L50, M|100/100\n|switch|p1b: Sneasler|Sneasler, L50, M|100/100\n|switch|p2a: Corviknight|Corviknight, L50, F|100/100\n|switch|p2b: Ninetales|Ninetales-Alola, L50, F|100/100\n|-weather|Snowscape|[from] ability: Snow Warning|[of] p2b: Ninetales\n|turn|1\n|\n|t:|1776451037\n|switch|p2b: Glimmora|Glimmora, L50, M|100/100\n|switch|p1a: Basculegion|Basculegion, L50, M|100/100\n|move|p1b: Sneasler|Fake Out|p2a: Corviknight\n|-resisted|p2a: Corviknight|1\n|-damage|p2a: Corviknight|95/100\n|cant|p2a: Corviknight|flinch\n|\n|-weather|Snowscape|[upkeep]\n|upkeep\n|turn|2\n|inactive|Tosshii has 30 seconds left.\n|\n|t:|1776451065\n|switch|p2b: Ninetales|Ninetales-Alola, L50, F|100/100\n|move|p1a: Basculegion|Flip Turn|p2b: Ninetales\n|-damage|p2b: Ninetales|62/100\n|\n|t:|1776451073\n|switch|p1a: Aerodactyl|Aerodactyl, L50, F|100/100|[from] Flip Turn\n|-ability|p1a: Aerodactyl|Unnerve\n|move|p1b: Sneasler|Close Combat|p2a: Corviknight\n|-damage|p2a: Corviknight|38/100\n|-unboost|p1b: Sneasler|def|1\n|-unboost|p1b: Sneasler|spd|1\n|-enditem|p1b: Sneasler|White Herb\n|-clearnegativeboost|p1b: Sneasler|[silent]\n|move|p2a: Corviknight|Tailwind|p2a: Corviknight\n|-sidestart|p2: cwhiz|move: Tailwind\n|\n|-weather|Snowscape|[upkeep]\n|upkeep\n|turn|3\n|inactive|Tosshii has 30 seconds left.\n|\n|t:|1776451100\n|move|p1b: Sneasler|Protect|p1b: Sneasler\n|-singleturn|p1b: Sneasler|Protect\n|move|p2b: Ninetales|Blizzard|p1b: Sneasler|[spread] p1a\n|-activate|p1b: Sneasler|move: Protect\n|-supereffective|p1a: Aerodactyl|1\n|-damage|p1a: Aerodactyl|22/100\n|move|p1a: Aerodactyl|Tailwind|p1a: Aerodactyl\n|-sidestart|p1: Tosshii|move: Tailwind\n|move|p2a: Corviknight|Brave Bird|p1b: Sneasler\n|-activate|p1b: Sneasler|move: Protect\n|\n|-weather|Snowscape|[upkeep]\n|upkeep\n|turn|4\n|\n|t:|1776451118\n|switch|p2a: Glimmora|Glimmora, L50, M|100/100\n|move|p1b: Sneasler|Close Combat|p2a: Glimmora\n|-damage|p2a: Glimmora|18/100\n|-unboost|p1b: Sneasler|def|1\n|-unboost|p1b: Sneasler|spd|1\n|-activate|p2a: Glimmora|ability: Toxic Debris\n|-sidestart|p1: Tosshii|move: Toxic Spikes\n|move|p1a: Aerodactyl|Rock Slide|p2a: Glimmora|[spread] p2b\n|-miss|p1a: Aerodactyl|p2a: Glimmora\n|-supereffective|p2b: Ninetales|1\n|-damage|p2b: Ninetales|18/100\n|cant|p2b: Ninetales|flinch\n|\n|-weather|Snowscape|[upkeep]\n|upkeep\n|turn|5\n|inactive|Tosshii has 30 seconds left.\n|\n|t:|1776451144\n|detailschange|p2a: Glimmora|Glimmora-Mega, L50, M\n|-mega|p2a: Glimmora|Glimmora|Glimmoranite\n|move|p1a: Aerodactyl|Protect|p1a: Aerodactyl\n|-singleturn|p1a: Aerodactyl|Protect\n|move|p1b: Sneasler|Dire Claw|p2b: Ninetales\n|-supereffective|p2b: Ninetales|1\n|-damage|p2b: Ninetales|0 fnt\n|faint|p2b: Ninetales\n|move|p2a: Glimmora|Dazzling Gleam|p1b: Sneasler|[spread] p1b\n|-activate|p1a: Aerodactyl|move: Protect\n|-damage|p1b: Sneasler|51/100\n|\n|-weather|none\n|-sideend|p2: cwhiz|move: Tailwind\n|upkeep\n|\n|t:|1776451158\n|switch|p2b: Garchomp|Garchomp, L50, M|100/100\n|turn|6\n|inactive|Tosshii has 30 seconds left.\n|\n|t:|1776451189\n|switch|p1a: Basculegion|Basculegion, L50, M|100/100\n|-status|p1a: Basculegion|psn\n|switch|p2a: Corviknight|Corviknight, L50, F|38/100\n|-enditem|p2a: Corviknight|Sitrus Berry|[eat]\n|-heal|p2a: Corviknight|62/100|[from] item: Sitrus Berry\n|move|p1b: Sneasler|Close Combat|p2b: Garchomp\n|-damage|p2b: Garchomp|32/100\n|-unboost|p1b: Sneasler|def|1\n|-unboost|p1b: Sneasler|spd|1\n|-damage|p1b: Sneasler|39/100|[from] ability: Rough Skin|[of] p2b: Garchomp\n|move|p2b: Garchomp|Rock Slide|p1a: Basculegion|[spread] p1a\n|-miss|p2b: Garchomp|p1b: Sneasler\n|-damage|p1a: Basculegion|78/100 psn\n|\n|-damage|p1a: Basculegion|66/100 psn|[from] psn\n|-sideend|p1: Tosshii|move: Tailwind\n|upkeep\n|turn|7\n|-message|cwhiz forfeited.\n|\n|win|Tosshii\n|raw|Tosshii's rating: 1082 &rarr; <strong>1108</strong><br />(+26 for winning)\n|raw|cwhiz's rating: 1058 &rarr; <strong>1041</strong><br />(-17 for losing)\n|l|\u2606cwhiz\n|player|p2|\n",
  "uploadtime": 1776451216,
  "views": 31,
  "formatid": "gen9championsvgc2026regma",
  "rating": 1041,
  "private": 0,
  "password": null
}