{
  "id": "gen9championsvgc2026regma-2581640831",
  "format": "[Gen 9 Champions] VGC 2026 Reg M-A",
  "players": [
    "DavidTIS",
    "Randomkoei"
  ],
  "log": "|j|\u2606DavidTIS\n|j|\u2606Randomkoei\n|t:|1776017246\n|gametype|doubles\n|player|p1|DavidTIS|volkner|1121\n|player|p2|Randomkoei|102|1209\n|gen|9\n|tier|[Gen 9 Champions] VGC 2026 Reg M-A\n|rated|\n|rule|Species Clause: Limit one of each Pok\u00e9mon\n|rule|Item Clause: Limit 1 of each item\n|clearpoke\n|poke|p1|Garganacl, L50, M|\n|poke|p1|Mimikyu, L50, F|\n|poke|p1|Chimecho, L50, M|\n|poke|p1|Slowbro, L50, M|\n|poke|p1|Lucario, L50, F|\n|poke|p1|Drampa, L50, M|\n|poke|p2|Charizard, L50, M|\n|poke|p2|Basculegion, L50, M|\n|poke|p2|Incineroar, L50, F|\n|poke|p2|Sneasler, L50, F|\n|poke|p2|Garchomp, L50, M|\n|poke|p2|Venusaur, L50, M|\n|teampreview|4\n|inactive|Battle timer is ON: inactive players will automatically lose when time's up. (requested by DavidTIS)\n|inactive|DavidTIS has 60 seconds left.\n|inactive|Randomkoei has 60 seconds left.\n|\n|t:|1776017297\n|teamsize|p1|4\n|teamsize|p2|4\n|start\n|switch|p1a: Garganacl|Garganacl, L50, M|100/100\n|switch|p1b: Mimikyu|Mimikyu, L50, F|100/100\n|switch|p2a: Charizard|Charizard, L50, M|100/100\n|switch|p2b: Sneasler|Sneasler, L50, F|100/100\n|turn|1\n|inactive|Randomkoei has 30 seconds left.\n|-activate|p1a: Garganacl|item: Quick Claw\n|\n|t:|1776017325\n|detailschange|p2a: Charizard|Charizard-Mega-Y, L50, M\n|-mega|p2a: Charizard|Charizard|Charizardite Y\n|-weather|SunnyDay|[from] ability: Drought|[of] p2a: Charizard\n|move|p1a: Garganacl|Protect|p1a: Garganacl\n|-singleturn|p1a: Garganacl|Protect\n|move|p2b: Sneasler|Close Combat|p1a: Garganacl\n|-activate|p1a: Garganacl|move: Protect\n|move|p2a: Charizard|Heat Wave|p1a: Garganacl|[spread] p1b\n|-activate|p1a: Garganacl|move: Protect\n|-activate|p1b: Mimikyu|ability: Disguise\n|-damage|p1b: Mimikyu|100/100\n|detailschange|p1b: Mimikyu|Mimikyu-Busted, L50, F\n|-damage|p1b: Mimikyu|88/100|[from] pokemon: Mimikyu-Busted\n|move|p1b: Mimikyu|Trick Room|p1b: Mimikyu\n|-fieldstart|move: Trick Room|[of] p1b: Mimikyu\n|\n|-weather|SunnyDay|[upkeep]\n|upkeep\n|turn|2\n|inactive|DavidTIS has 30 seconds left.\n|inactive|Randomkoei has 30 seconds left.\n|inactive|DavidTIS has 20 seconds left.\n|\n|t:|1776017362\n|switch|p1b: Slowbro|Slowbro, L50, M|100/100\n|switch|p2a: Garchomp|Garchomp, L50, M|100/100\n|move|p1a: Garganacl|Rock Slide|p2b: Sneasler|[spread] p2a,p2b\n|-resisted|p2a: Garchomp|1\n|-resisted|p2b: Sneasler|1\n|-damage|p2a: Garchomp|90/100\n|-damage|p2b: Sneasler|79/100\n|cant|p2b: Sneasler|flinch\n|\n|-weather|SunnyDay|[upkeep]\n|upkeep\n|turn|3\n|inactive|Randomkoei has 30 seconds left.\n|inactive|Randomkoei has 20 seconds left.\n|inactive|Randomkoei has 15 seconds left.\n|inactive|Randomkoei has 10 seconds left.\n|\n|t:|1776017411\n|move|p1a: Garganacl|Protect|p1a: Garganacl\n|-singleturn|p1a: Garganacl|Protect\n|move|p2a: Garchomp|Protect|p2a: Garchomp\n|-singleturn|p2a: Garchomp|Protect\n|move|p2b: Sneasler|Protect|p2b: Sneasler\n|-singleturn|p2b: Sneasler|Protect\n|move|p1b: Slowbro|Ice Beam|p2a: Garchomp\n|-activate|p2a: Garchomp|move: Protect\n|\n|-weather|SunnyDay|[upkeep]\n|upkeep\n|turn|4\n|\n|t:|1776017429\n|switch|p2a: Basculegion|Basculegion, L50, M|100/100\n|move|p1b: Slowbro|Psychic|p2b: Sneasler\n|-supereffective|p2b: Sneasler|2\n|-damage|p2b: Sneasler|0 fnt\n|faint|p2b: Sneasler\n|move|p1a: Garganacl|Rock Slide|p2a: Basculegion|[miss]\n|-miss|p1a: Garganacl|p2a: Basculegion\n|\n|-weather|SunnyDay|[upkeep]\n|upkeep\n|\n|t:|1776017446\n|switch|p2b: Charizard|Charizard-Mega-Y, L50, M|100/100\n|turn|5\n|\n|t:|1776017458\n|switch|p2a: Garchomp|Garchomp, L50, M|90/100\n|move|p2b: Charizard|Protect|p2b: Charizard\n|-singleturn|p2b: Charizard|Protect\n|move|p1b: Slowbro|Psychic|p2a: Garchomp\n|-damage|p2a: Garchomp|45/100\n|move|p1a: Garganacl|Rock Slide|p2a: Garchomp|[spread] p2a\n|-activate|p2b: Charizard|move: Protect\n|-resisted|p2a: Garchomp|1\n|-damage|p2a: Garchomp|34/100\n|\n|-weather|none\n|-fieldend|move: Trick Room\n|upkeep\n|turn|6\n|-activate|p1a: Garganacl|item: Quick Claw\n|\n|t:|1776017476\n|move|p1a: Garganacl|Rock Slide|p2b: Charizard|[spread] p2a,p2b\n|-resisted|p2a: Garchomp|1\n|-supereffective|p2b: Charizard|2\n|-damage|p2a: Garchomp|24/100\n|-damage|p2b: Charizard|0 fnt\n|faint|p2b: Charizard\n|move|p2a: Garchomp|Earthquake|p1b: Slowbro|[spread] p1a,p1b\n|-supereffective|p1a: Garganacl|1\n|-damage|p1a: Garganacl|55/100\n|-damage|p1b: Slowbro|69/100\n|move|p1b: Slowbro|Trick Room|p1b: Slowbro\n|-fieldstart|move: Trick Room|[of] p1b: Slowbro\n|\n|-heal|p1b: Slowbro|75/100|[from] item: Leftovers\n|upkeep\n|\n|t:|1776017494\n|switch|p2b: Basculegion|Basculegion, L50, M|100/100\n|turn|7\n|-message|Randomkoei forfeited.\n|\n|win|DavidTIS\n|raw|DavidTIS's rating: 1121 &rarr; <strong>1152</strong><br />(+31 for winning)\n|raw|Randomkoei's rating: 1209 &rarr; <strong>1178</strong><br />(-31 for losing)\n|l|\u2606Randomkoei\n|player|p2|\n",
  "uploadtime": 1776017501,
  "views": 23,
  "formatid": "gen9championsvgc2026regma",
  "rating": 1152,
  "private": 0,
  "password": null
}