{
  "id": "gen9championsvgc2026regma-2583181562",
  "format": "[Gen 9 Champions] VGC 2026 Reg M-A",
  "players": [
    "ryankun26",
    "DUST621"
  ],
  "log": "|j|\u2606ryankun26\n|j|\u2606DUST621\n|t:|1776151864\n|gametype|doubles\n|player|p1|ryankun26|hilda|1276\n|player|p2|DUST621|102|1229\n|gen|9\n|tier|[Gen 9 Champions] VGC 2026 Reg M-A\n|rated|\n|rule|Species Clause: Limit one of each Pok\u00e9mon\n|rule|Item Clause: Limit 1 of each item\n|clearpoke\n|poke|p1|Talonflame, L50, F|\n|poke|p1|Glimmora, L50, F|\n|poke|p1|Tsareena, L50, F|\n|poke|p1|Gyarados, L50, M|\n|poke|p1|Zoroark-Hisui, L50, M|\n|poke|p1|Rotom-Wash, L50|\n|poke|p2|Sinistcha-Masterpiece, L50|\n|poke|p2|Glimmora, L50, M|\n|poke|p2|Incineroar, L50, F|\n|poke|p2|Floette-Eternal, L50, F|\n|poke|p2|Kingambit, L50, F|\n|poke|p2|Garchomp, L50, M|\n|teampreview|4\n|inactive|Battle timer is ON: inactive players will automatically lose when time's up. (requested by ryankun26)\n|inactive|DUST621 has 60 seconds left.\n|\n|t:|1776151904\n|teamsize|p1|4\n|teamsize|p2|4\n|start\n|switch|p1a: Rotom|Rotom-Wash, L50|100/100\n|switch|p1b: Tsareena|Tsareena, L50, F|100/100\n|switch|p2a: Incineroar|Incineroar, L50, F|100/100\n|switch|p2b: Garchomp|Garchomp, L50, M|100/100\n|-ability|p2a: Incineroar|Intimidate|boost\n|-unboost|p1a: Rotom|atk|1\n|-unboost|p1b: Tsareena|atk|1\n|-enditem|p1b: Tsareena|White Herb\n|-clearnegativeboost|p1b: Tsareena|[silent]\n|turn|1\n|inactive|DUST621 has 30 seconds left.\n|inactive|DUST621 has 20 seconds left.\n|inactive|DUST621 has 15 seconds left.\n|\n|t:|1776151946\n|move|p2a: Incineroar|Fake Out||[still]\n|cant|p1b: Tsareena|ability: Queenly Majesty|Fake Out|[of] p2a: Incineroar\n|move|p2b: Garchomp|Rock Slide|p1b: Tsareena|[spread] p1b\n|-miss|p2b: Garchomp|p1a: Rotom\n|-damage|p1b: Tsareena|77/100\n|move|p1a: Rotom|Hydro Pump|p2a: Incineroar\n|-supereffective|p2a: Incineroar|1\n|-damage|p2a: Incineroar|9/100\n|move|p1b: Tsareena|Trop Kick|p2b: Garchomp\n|-damage|p2b: Garchomp|62/100\n|-unboost|p2b: Garchomp|atk|1\n|-damage|p1b: Tsareena|65/100|[from] ability: Rough Skin|[of] p2b: Garchomp\n|\n|upkeep\n|turn|2\n|\n|t:|1776151969\n|move|p2b: Garchomp|Rock Slide|p1a: Rotom|[spread] p1a,p1b\n|-damage|p1a: Rotom|85/100\n|-damage|p1b: Tsareena|49/100\n|move|p1a: Rotom|Thunderbolt|p2a: Incineroar\n|-damage|p2a: Incineroar|0 fnt\n|faint|p2a: Incineroar\n|move|p1b: Tsareena|Trop Kick|p2b: Garchomp\n|-damage|p2b: Garchomp|23/100\n|-unboost|p2b: Garchomp|atk|1\n|-damage|p1b: Tsareena|37/100|[from] ability: Rough Skin|[of] p2b: Garchomp\n|\n|upkeep\n|\n|t:|1776151982\n|switch|p2a: Floette|Floette-Eternal, L50, F|100/100\n|turn|3\n|\n|t:|1776152004\n|switch|p2b: Glimmora|Glimmora, L50, M|100/100\n|detailschange|p2a: Floette|Floette-Mega, L50, F\n|-mega|p2a: Floette|Floette|Floettite\n|-ability|p2a: Floette|Fairy Aura\n|move|p2a: Floette|Dazzling Gleam|p1b: Tsareena|[spread] p1a,p1b\n|-damage|p1a: Rotom|36/100\n|-damage|p1b: Tsareena|0 fnt\n|-enditem|p1a: Rotom|Sitrus Berry|[eat]\n|-heal|p1a: Rotom|60/100|[from] item: Sitrus Berry\n|faint|p1b: Tsareena\n|move|p1a: Rotom|Thunderbolt|p2a: Floette\n|-damage|p2a: Floette|69/100\n|-status|p2a: Floette|par\n|\n|upkeep\n|\n|t:|1776152017\n|switch|p1b: Glimmora|Glimmora, L50, F|100/100\n|turn|4\n|inactive|DUST621 has 30 seconds left.\n|inactive|DUST621 has 20 seconds left.\n|\n|t:|1776152056\n|cant|p2a: Floette|par\n|move|p1b: Glimmora|Icy Wind|p2a: Floette|[spread] p2a,p2b\n|-damage|p2a: Floette|59/100 par\n|-damage|p2b: Glimmora|82/100\n|-unboost|p2a: Floette|spe|1\n|-unboost|p2b: Glimmora|spe|1\n|move|p1a: Rotom|Hydro Pump|p2b: Glimmora|[miss]\n|-miss|p1a: Rotom|p2b: Glimmora\n|move|p2b: Glimmora|Sludge Bomb|p1a: Rotom\n|-damage|p1a: Rotom|8/100\n|\n|upkeep\n|turn|5\n|inactive|DUST621 has 30 seconds left.\n|inactive|DUST621 has 20 seconds left.\n|inactive|DUST621 has 15 seconds left.\n|inactive|DUST621 has 10 seconds left.\n|\n|t:|1776152103\n|switch|p1b: Glimmora|Glimmora, L50, F|100/100\n|move|p1a: Rotom|Hydro Pump|p2b: Glimmora\n|-supereffective|p2b: Glimmora|1\n|-damage|p2b: Glimmora|0 fnt\n|faint|p2b: Glimmora\n|move|p2a: Floette|Draining Kiss|p1a: Rotom\n|-damage|p1a: Rotom|0 fnt\n|-heal|p2a: Floette|64/100 par|[from] drain|[of] p1a: Rotom\n|faint|p1a: Rotom\n|\n|upkeep\n|\n|t:|1776152113\n|switch|p2b: Garchomp|Garchomp, L50, M|23/100\n|switch|p1a: Glimmora|Glimmora, L50, F|100/100\n|turn|6\n|\n|t:|1776152121\n|detailschange|p1b: Glimmora|Glimmora-Mega, L50, F\n|-mega|p1b: Glimmora|Glimmora|Glimmoranite\n|cant|p2a: Floette|par\n|move|p1a: Glimmora|Shadow Ball|p2b: Garchomp\n|-damage|p2b: Garchomp|0 fnt\n|faint|p2b: Garchomp\n|move|p1b: Glimmora|Sludge Bomb|p2a: Floette\n|-supereffective|p2a: Floette|1\n|-damage|p2a: Floette|0 fnt\n|faint|p2a: Floette\n|\n|win|ryankun26\n|raw|ryankun26's rating: 1276 &rarr; <strong>1298</strong><br />(+22 for winning)\n|raw|DUST621's rating: 1229 &rarr; <strong>1207</strong><br />(-22 for losing)\n|l|\u2606DUST621\n|player|p2|\n",
  "uploadtime": 1776152137,
  "views": 29,
  "formatid": "gen9championsvgc2026regma",
  "rating": 1207,
  "private": 0,
  "password": null
}