{
  "id": "gen9championsvgc2026regma-2587598865",
  "format": "[Gen 9 Champions] VGC 2026 Reg M-A",
  "players": [
    "skarmoryplays",
    "h7uvuvibbiib"
  ],
  "log": "|j|\u2606skarmoryplays\n|j|\u2606h7uvuvibbiib\n|t:|1776545715\n|gametype|doubles\n|player|p1|skarmoryplays|102|1119\n|player|p2|h7uvuvibbiib|unknown|1043\n|gen|9\n|tier|[Gen 9 Champions] VGC 2026 Reg M-A\n|rated|\n|rule|Species Clause: Limit one of each Pok\u00e9mon\n|rule|Item Clause: Limit 1 of each item\n|clearpoke\n|poke|p1|Crabominable, L50, M|\n|poke|p1|Slowking-Galar, L50, M|\n|poke|p1|Kingambit, L50, F|\n|poke|p1|Primarina, L50, M|\n|poke|p1|Incineroar, L50, M|\n|poke|p1|Sinistcha, L50|\n|poke|p2|Houndoom, L50, F|\n|poke|p2|Torkoal, L50, M|\n|poke|p2|Whimsicott, L50, M|\n|poke|p2|Farigiraf, L50, F|\n|poke|p2|Sinistcha, L50|\n|poke|p2|Drampa, L50, M|\n|teampreview|4\n|inactive|Battle timer is ON: inactive players will automatically lose when time's up. (requested by h7uvuvibbiib)\nskarmoryplays rejected open team sheets.\n|inactive|skarmoryplays has 60 seconds left.\n|\n|t:|1776545750\n|teamsize|p1|4\n|teamsize|p2|4\n|start\n|switch|p1a: Crabominable|Crabominable, L50, M|100/100\n|switch|p1b: Slowking|Slowking-Galar, L50, M|100/100\n|switch|p2a: Torkoal|Torkoal, L50, M|100/100\n|switch|p2b: Farigiraf|Farigiraf, L50, F|100/100\n|-weather|SunnyDay|[from] ability: Drought|[of] p2a: Torkoal\n|turn|1\n|\n|t:|1776545772\n|move|p1a: Crabominable|Protect|p1a: Crabominable\n|-singleturn|p1a: Crabominable|Protect\n|move|p2b: Farigiraf|Psychic Noise|p1a: Crabominable\n|-activate|p1a: Crabominable|move: Protect\n|-prepare|p1b: Slowking|Chilly Reception|[premajor]\n|move|p1b: Slowking|Chilly Reception|p1b: Slowking\n|-weather|Snowscape\n|\n|t:|1776545781\n|switch|p1b: Incineroar|Incineroar, L50, M|100/100|[from] Chilly Reception\n|-ability|p1b: Incineroar|Intimidate|boost\n|-unboost|p2a: Torkoal|atk|1\n|-unboost|p2b: Farigiraf|atk|1\n|move|p2a: Torkoal|Heat Wave|p1b: Incineroar|[spread] p1b\n|-activate|p1a: Crabominable|move: Protect\n|-resisted|p1b: Incineroar|1\n|-damage|p1b: Incineroar|89/100\n|\n|-weather|Snowscape|[upkeep]\n|upkeep\n|turn|2\n|\n|t:|1776545803\n|switch|p1a: Primarina|Primarina, L50, M|100/100\n|move|p1b: Incineroar|Throat Chop|p2b: Farigiraf\n|-supereffective|p2b: Farigiraf|1\n|-damage|p2b: Farigiraf|54/100\n|-start|p2b: Farigiraf|Throat Chop|[silent]\n|cant|p2b: Farigiraf|move: Throat Chop\n|move|p2a: Torkoal|Heat Wave|p1b: Incineroar|[spread] p1a,p1b\n|-resisted|p1a: Primarina|1\n|-resisted|p1b: Incineroar|1\n|-damage|p1a: Primarina|87/100\n|-damage|p1b: Incineroar|77/100\n|\n|-weather|Snowscape|[upkeep]\n|-heal|p1a: Primarina|93/100|[from] item: Leftovers\n|upkeep\n|turn|3\n|\n|t:|1776545822\n|switch|p2a: Sinistcha|Sinistcha, L50|100/100\n|-heal|p2b: Farigiraf|79/100|[from] ability: Hospitality|[of] p2a: Sinistcha\n|move|p1a: Primarina|Calm Mind|p1a: Primarina\n|-boost|p1a: Primarina|spa|1\n|-boost|p1a: Primarina|spd|1\n|move|p1b: Incineroar|Throat Chop|p2a: Sinistcha\n|-supereffective|p2a: Sinistcha|1\n|-crit|p2a: Sinistcha\n|-damage|p2a: Sinistcha|35/100\n|-start|p2a: Sinistcha|Throat Chop|[silent]\n|-enditem|p2a: Sinistcha|Sitrus Berry|[eat]\n|-heal|p2a: Sinistcha|60/100|[from] item: Sitrus Berry\n|move|p2b: Farigiraf|Trick Room|p2b: Farigiraf\n|-fieldstart|move: Trick Room|[of] p2b: Farigiraf\n|\n|-weather|Snowscape|[upkeep]\n|-heal|p1a: Primarina|99/100|[from] item: Leftovers\n|-end|p2b: Farigiraf|Throat Chop|[silent]\n|upkeep\n|turn|4\n|\n|t:|1776545847\n|move|p2b: Farigiraf|Psychic Noise|p1a: Primarina\n|-damage|p1a: Primarina|81/100\n|-start|p1a: Primarina|move: Heal Block\n|move|p1b: Incineroar|Throat Chop|p2a: Sinistcha\n|-supereffective|p2a: Sinistcha|1\n|-damage|p2a: Sinistcha|20/100\n|move|p1a: Primarina|Moonblast|p2a: Sinistcha\n|-damage|p2a: Sinistcha|0 fnt\n|faint|p2a: Sinistcha\n|\n|-weather|Snowscape|[upkeep]\n|upkeep\n|\n|t:|1776545861\n|switch|p2a: Torkoal|Torkoal, L50, M|100/100\n|-weather|SunnyDay|[from] ability: Drought|[of] p2a: Torkoal\n|turn|5\n|\n|t:|1776545872\n|move|p1a: Primarina|Protect|p1a: Primarina\n|-singleturn|p1a: Primarina|Protect\n|move|p2a: Torkoal|Solar Beam||[still]\n|-prepare|p2a: Torkoal|Solar Beam\n|-anim|p2a: Torkoal|Solar Beam|p1a: Primarina\n|-activate|p1a: Primarina|move: Protect\n|move|p2b: Farigiraf|Hyper Voice|p1b: Incineroar|[spread] p1b\n|-activate|p1a: Primarina|move: Protect\n|-damage|p1b: Incineroar|57/100\n|move|p1b: Incineroar|Parting Shot|p2a: Torkoal\n|-unboost|p2a: Torkoal|atk|1\n|-unboost|p2a: Torkoal|spa|1\n|\n|t:|1776545885\n|switch|p1b: Slowking|Slowking-Galar, L50, M|100/100|[from] Parting Shot\n|\n|-weather|SunnyDay|[upkeep]\n|-end|p1a: Primarina|move: Heal Block\n|upkeep\n|turn|6\n|inactive|skarmoryplays has 30 seconds left.\n|inactive|skarmoryplays has 20 seconds left.\n|inactive|skarmoryplays has 15 seconds left.\n|\n|t:|1776545929\n|switch|p1a: Incineroar|Incineroar, L50, M|57/100\n|-ability|p1a: Incineroar|Intimidate|boost\n|-unboost|p2a: Torkoal|atk|1\n|-unboost|p2b: Farigiraf|atk|1\n|move|p2a: Torkoal|Eruption|p1a: Incineroar|[spread] p1a,p1b\n|-resisted|p1a: Incineroar|1\n|-damage|p1a: Incineroar|38/100\n|-damage|p1b: Slowking|64/100\n|-enditem|p1a: Incineroar|Sitrus Berry|[eat]\n|-heal|p1a: Incineroar|63/100|[from] item: Sitrus Berry\n|-prepare|p1b: Slowking|Chilly Reception|[premajor]\n|move|p1b: Slowking|Chilly Reception|p1b: Slowking\n|-weather|Snowscape\n|\n|t:|1776545950\n|switch|p1b: Primarina|Primarina, L50, M|81/100|[from] Chilly Reception\n|move|p2b: Farigiraf|Hyper Voice|p1b: Primarina|[spread] p1a,p1b\n|-damage|p1a: Incineroar|45/100\n|-damage|p1b: Primarina|60/100\n|\n|-weather|Snowscape|[upkeep]\n|-heal|p1b: Primarina|66/100|[from] item: Leftovers\n|upkeep\n|turn|7\n|\n|t:|1776545966\n|switch|p2a: Houndoom|Houndoom, L50, F|100/100\n|move|p1a: Incineroar|Protect|p1a: Incineroar\n|-singleturn|p1a: Incineroar|Protect\n|move|p2b: Farigiraf|Psychic Noise|p1b: Primarina\n|-damage|p1b: Primarina|42/100\n|-start|p1b: Primarina|move: Heal Block\n|move|p1b: Primarina|Hyper Voice|p2b: Farigiraf|[spread] p2a,p2b\n|-supereffective|p2a: Houndoom|1\n|-damage|p2a: Houndoom|0 fnt\n|-damage|p2b: Farigiraf|49/100\n|faint|p2a: Houndoom\n|\n|-weather|Snowscape|[upkeep]\n|-fieldend|move: Trick Room\n|upkeep\n|-message|h7uvuvibbiib forfeited.\n|\n|win|skarmoryplays\n|raw|skarmoryplays's rating: 1119 &rarr; <strong>1139</strong><br />(+20 for winning)\n|raw|h7uvuvibbiib's rating: 1043 &rarr; <strong>1030</strong><br />(-13 for losing)\n|l|\u2606h7uvuvibbiib\n|player|p2|\n",
  "uploadtime": 1776545985,
  "views": 17,
  "formatid": "gen9championsvgc2026regma",
  "rating": 1030,
  "private": 0,
  "password": null
}