{
  "id": "gen9championsvgc2026regma-2588790475",
  "format": "[Gen 9 Champions] VGC 2026 Reg M-A",
  "players": [
    "pinstress",
    "CarajilloMan"
  ],
  "log": "|j|\u2606pinstress\n|j|\u2606CarajilloMan\n|t:|1776671166\n|gametype|doubles\n|player|p1|pinstress|psychicf-gen4|1242\n|player|p2|CarajilloMan|ninjaboy|1327\n|gen|9\n|tier|[Gen 9 Champions] VGC 2026 Reg M-A\n|rated|\n|rule|Species Clause: Limit one of each Pok\u00e9mon\n|rule|Item Clause: Limit 1 of each item\n|clearpoke\n|poke|p1|Floette-Eternal, L50, F|\n|poke|p1|Incineroar, L50, F|\n|poke|p1|Sinistcha-Masterpiece, L50|\n|poke|p1|Sneasler, L50, M|\n|poke|p1|Kingambit, L50, F|\n|poke|p1|Aerodactyl, L50, F|\n|poke|p2|Froslass, L50, F|\n|poke|p2|Milotic, L50, F|\n|poke|p2|Rotom-Frost, L50|\n|poke|p2|Incineroar, L50, M|\n|poke|p2|Aegislash, L50, M|\n|poke|p2|Corviknight, L50, M|\n|teampreview|4\n|\n|t:|1776671191\n|teamsize|p1|4\n|teamsize|p2|4\n|start\n|switch|p1a: Aerodactyl|Aerodactyl, L50, F|100/100\n|switch|p1b: Kingambit|Kingambit, L50, F|100/100\n|switch|p2a: Froslass|Froslass, L50, F|100/100\n|switch|p2b: Milotic|Milotic, L50, F|100/100\n|-ability|p1a: Aerodactyl|Unnerve\n|turn|1\n|\n|t:|1776671214\n|move|p2a: Froslass|Protect|p2a: Froslass\n|-singleturn|p2a: Froslass|Protect\n|move|p1a: Aerodactyl|Tailwind|p1a: Aerodactyl\n|-sidestart|p1: pinstress|move: Tailwind\n|move|p1b: Kingambit|Kowtow Cleave|p2a: Froslass\n|-activate|p2a: Froslass|move: Protect\n|move|p2b: Milotic|Scald|p1a: Aerodactyl\n|-supereffective|p1a: Aerodactyl|1\n|-damage|p1a: Aerodactyl|1/100\n|\n|upkeep\n|turn|2\n|\n|t:|1776671228\n|switch|p2a: Corviknight|Corviknight, L50, M|100/100\n|move|p1a: Aerodactyl|Dual Wingbeat|p2b: Milotic\n|-damage|p2b: Milotic|84/100\n|-damage|p2b: Milotic|66/100\n|-hitcount|p2b: Milotic|2\n|move|p1b: Kingambit|Kowtow Cleave|p2b: Milotic\n|-damage|p2b: Milotic|5/100\n|move|p2b: Milotic|Scald|p1b: Kingambit\n|-damage|p1b: Kingambit|66/100\n|\n|upkeep\n|turn|3\n|\n|t:|1776671254\n|switch|p1b: Floette|Floette-Eternal, L50, F|100/100\n|move|p1a: Aerodactyl|Rock Slide|p2b: Milotic|[spread] p2a,p2b\n|-damage|p2a: Corviknight|85/100\n|-damage|p2b: Milotic|0 fnt\n|faint|p2b: Milotic\n|move|p2a: Corviknight|Tailwind|p2a: Corviknight\n|-sidestart|p2: CarajilloMan|move: Tailwind\n|\n|upkeep\n|\n|t:|1776671264\n|switch|p2b: Aegislash|Aegislash, L50, M|100/100\n|turn|4\n|\n|t:|1776671295\n|switch|p1a: Kingambit|Kingambit, L50, F|66/100\n|move|p1b: Floette|Protect|p1b: Floette\n|-singleturn|p1b: Floette|Protect\n|-formechange|p2b: Aegislash|Aegislash-Blade|\n|move|p2b: Aegislash|Poltergeist|p1b: Floette\n|-activate|p1b: Floette|move: Protect\n|move|p2a: Corviknight|Body Press|p1a: Kingambit\n|-supereffective|p1a: Kingambit|2\n|-damage|p1a: Kingambit|0 fnt\n|faint|p1a: Kingambit\n|\n|-sideend|p1: pinstress|move: Tailwind\n|upkeep\n|\n|t:|1776671307\n|switch|p1a: Sinistcha|Sinistcha-Masterpiece, L50|100/100\n|turn|5\n|\n|t:|1776671322\n|detailschange|p1b: Floette|Floette-Mega, L50, F\n|-mega|p1b: Floette|Floette|Floettite\n|-ability|p1b: Floette|Fairy Aura\n|-formechange|p2b: Aegislash|Aegislash|\n|move|p2b: Aegislash|King's Shield|p2b: Aegislash\n|-singleturn|p2b: Aegislash|Protect\n|move|p1a: Sinistcha|Rage Powder|p1a: Sinistcha\n|-singleturn|p1a: Sinistcha|move: Rage Powder\n|move|p2a: Corviknight|Brave Bird|p1a: Sinistcha\n|-supereffective|p1a: Sinistcha|1\n|-damage|p1a: Sinistcha|32/100\n|-enditem|p1a: Sinistcha|Sitrus Berry|[eat]\n|-heal|p1a: Sinistcha|57/100|[from] item: Sitrus Berry\n|-damage|p2a: Corviknight|66/100|[from] Recoil\n|move|p1b: Floette|Calm Mind|p1b: Floette\n|-boost|p1b: Floette|spa|1\n|-boost|p1b: Floette|spd|1\n|\n|upkeep\n|turn|6\n|\n|t:|1776671356\n|move|p1b: Floette|Protect|p1b: Floette\n|-singleturn|p1b: Floette|Protect\n|-formechange|p2b: Aegislash|Aegislash-Blade|\n|move|p2b: Aegislash|Poltergeist||[still]\n|-fail|p2b: Aegislash\n|move|p2a: Corviknight|Roost|p2a: Corviknight\n|-heal|p2a: Corviknight|100/100\n|-singleturn|p2a: Corviknight|move: Roost\n|move|p1a: Sinistcha|Life Dew||[still]|[spread] p1a,p1b\n|-heal|p1a: Sinistcha|82/100\n|-fail|p1b: Floette|heal\n|\n|-sideend|p2: CarajilloMan|move: Tailwind\n|upkeep\n|turn|7\n|\n|t:|1776671376\n|-formechange|p2b: Aegislash|Aegislash|\n|move|p2b: Aegislash|King's Shield|p2b: Aegislash\n|-singleturn|p2b: Aegislash|Protect\n|move|p1a: Sinistcha|Rage Powder|p1a: Sinistcha\n|-singleturn|p1a: Sinistcha|move: Rage Powder\n|move|p1b: Floette|Moonblast|p2b: Aegislash\n|-activate|p2b: Aegislash|move: Protect\n|move|p2a: Corviknight|Tailwind|p2a: Corviknight\n|-sidestart|p2: CarajilloMan|move: Tailwind\n|\n|upkeep\n|turn|8\n|\n|t:|1776671396\n|move|p2b: Aegislash|Wide Guard|p2b: Aegislash\n|-singleturn|p2b: Aegislash|Wide Guard\n|move|p1a: Sinistcha|Rage Powder|p1a: Sinistcha\n|-singleturn|p1a: Sinistcha|move: Rage Powder\n|move|p2a: Corviknight|Brave Bird|p1a: Sinistcha\n|-supereffective|p1a: Sinistcha|1\n|-damage|p1a: Sinistcha|21/100\n|-damage|p2a: Corviknight|83/100|[from] Recoil\n|move|p1b: Floette|Dazzling Gleam|p2b: Aegislash|[spread] \n|-activate|p2a: Corviknight|move: Wide Guard\n|-activate|p2b: Aegislash|move: Wide Guard\n|\n|upkeep\n|turn|9\n|\n|t:|1776671419\n|switch|p2b: Froslass|Froslass, L50, F|100/100\n|switch|p1a: Aerodactyl|Aerodactyl, L50, F|1/100\n|-ability|p1a: Aerodactyl|Unnerve\n|move|p2a: Corviknight|Brave Bird|p1a: Aerodactyl\n|-resisted|p1a: Aerodactyl|1\n|-damage|p1a: Aerodactyl|0 fnt\n|faint|p1a: Aerodactyl\n|-damage|p2a: Corviknight|82/100|[from] Recoil\n|move|p1b: Floette|Moonblast|p2a: Corviknight\n|-resisted|p2a: Corviknight|1\n|-damage|p2a: Corviknight|24/100\n|\n|upkeep\n|\n|t:|1776671433\n|switch|p1a: Sinistcha|Sinistcha-Masterpiece, L50|21/100\n|turn|10\n|\n|t:|1776671454\n|detailschange|p2b: Froslass|Froslass-Mega, L50, F\n|-mega|p2b: Froslass|Froslass|Froslassite\n|-weather|Snowscape|[from] ability: Snow Warning|[of] p2b: Froslass\n|move|p2b: Froslass|Aurora Veil|p2b: Froslass\n|-sidestart|p2: CarajilloMan|move: Aurora Veil\n|move|p2a: Corviknight|Brave Bird|p1a: Sinistcha\n|-supereffective|p1a: Sinistcha|1\n|-damage|p1a: Sinistcha|0 fnt\n|faint|p1a: Sinistcha\n|-damage|p2a: Corviknight|18/100|[from] Recoil\n|move|p1b: Floette|Dazzling Gleam|p2a: Corviknight|[spread] p2a,p2b\n|-resisted|p2a: Corviknight|1\n|-damage|p2a: Corviknight|0 fnt\n|-damage|p2b: Froslass|41/100\n|faint|p2a: Corviknight\n|\n|-weather|Snowscape|[upkeep]\n|-sideend|p2: CarajilloMan|move: Tailwind\n|upkeep\n|\n|t:|1776671468\n|switch|p2a: Aegislash|Aegislash, L50, M|100/100\n|turn|11\n|\n|t:|1776671480\n|move|p1b: Floette|Protect|p1b: Floette\n|-singleturn|p1b: Floette|Protect\n|move|p2b: Froslass|Blizzard|p1b: Floette\n|-activate|p1b: Floette|move: Protect\n|-formechange|p2a: Aegislash|Aegislash-Blade|\n|move|p2a: Aegislash|Poltergeist|p1b: Floette\n|-activate|p1b: Floette|move: Protect\n|\n|-weather|Snowscape|[upkeep]\n|upkeep\n|turn|12\n|\n|t:|1776671492\n|move|p2b: Froslass|Blizzard|p1b: Floette\n|-damage|p1b: Floette|72/100\n|move|p1b: Floette|Moonblast|p2b: Froslass\n|-damage|p2b: Froslass|0 fnt\n|faint|p2b: Froslass\n|move|p2a: Aegislash|Poltergeist|p1b: Floette\n|-activate|p1b: Floette|move: Poltergeist|Floettite\n|-damage|p1b: Floette|17/100\n|\n|-weather|Snowscape|[upkeep]\n|upkeep\n|turn|13\n|\n|t:|1776671513\n|move|p1b: Floette|Moonblast|p2a: Aegislash\n|-resisted|p2a: Aegislash|1\n|-damage|p2a: Aegislash|35/100\n|move|p2a: Aegislash|Close Combat|p1b: Floette\n|-resisted|p1b: Floette|1\n|-crit|p1b: Floette\n|-damage|p1b: Floette|0 fnt\n|-unboost|p2a: Aegislash|def|1\n|-unboost|p2a: Aegislash|spd|1\n|faint|p1b: Floette\n|\n|win|CarajilloMan\n|raw|pinstress's rating: 1242 &rarr; <strong>1223</strong><br />(-19 for losing)\n|raw|CarajilloMan's rating: 1327 &rarr; <strong>1342</strong><br />(+15 for winning)\n|l|\u2606CarajilloMan\n|player|p2|\n|c|\u2606pinstress|ggwp\n",
  "uploadtime": 1776671527,
  "views": 11,
  "formatid": "gen9championsvgc2026regma",
  "rating": 1223,
  "private": 0,
  "password": null
}