{
  "id": "gen9championsvgc2026regma-2585790835",
  "format": "[Gen 9 Champions] VGC 2026 Reg M-A",
  "players": [
    "gbrlvzqz",
    "ageil2"
  ],
  "log": "|j|\u2606gbrlvzqz\n|j|\u2606ageil2\n|t:|1776370871\n|gametype|doubles\n|player|p1|gbrlvzqz|cyrus|1157\n|player|p2|ageil2|266|1111\n|gen|9\n|tier|[Gen 9 Champions] VGC 2026 Reg M-A\n|rated|\n|rule|Species Clause: Limit one of each Pok\u00e9mon\n|rule|Item Clause: Limit 1 of each item\n|clearpoke\n|poke|p1|Garchomp, L50, F|\n|poke|p1|Volcarona, L50, F|\n|poke|p1|Basculegion, L50, M|\n|poke|p1|Floette-Eternal, L50, F|\n|poke|p1|Whimsicott, L50, F|\n|poke|p1|Goodra-Hisui, L50, F|\n|poke|p2|Camerupt, L50, F|\n|poke|p2|Sinistcha, L50|\n|poke|p2|Incineroar, L50, M|\n|poke|p2|Aerodactyl, L50, F|\n|poke|p2|Meganium, L50, F|\n|poke|p2|Tyranitar, L50, M|\n|teampreview|4\n|\n|t:|1776370903\n|teamsize|p1|4\n|teamsize|p2|4\n|start\n|switch|p1a: Basculegion|Basculegion, L50, M|100/100\n|switch|p1b: Whimsicott|Whimsicott, L50, F|100/100\n|switch|p2a: Sinistcha|Sinistcha, L50|100/100\n|switch|p2b: Incineroar|Incineroar, L50, M|100/100\n|-ability|p2b: Incineroar|Intimidate|boost\n|-unboost|p1a: Basculegion|atk|1\n|-unboost|p1b: Whimsicott|atk|1\n|turn|1\n|inactive|Battle timer is ON: inactive players will automatically lose when time's up. (requested by ageil2)\n|\n|t:|1776370922\n|move|p1b: Whimsicott|Tailwind|p1b: Whimsicott\n|-sidestart|p1: gbrlvzqz|move: Tailwind\n|move|p1a: Basculegion|Aqua Jet|p2b: Incineroar\n|-supereffective|p2b: Incineroar|1\n|-damage|p2b: Incineroar|62/100\n|move|p2b: Incineroar|Flare Blitz|p1b: Whimsicott\n|-supereffective|p1b: Whimsicott|1\n|-enditem|p1b: Whimsicott|Focus Sash\n|-damage|p1b: Whimsicott|1/100\n|-damage|p2b: Incineroar|40/100|[from] Recoil\n|move|p2a: Sinistcha|Trick Room|p2a: Sinistcha\n|-fieldstart|move: Trick Room|[of] p2a: Sinistcha\n|\n|-heal|p2b: Incineroar|46/100|[from] item: Leftovers\n|upkeep\n|turn|2\n|\n|t:|1776370936\n|move|p1b: Whimsicott|Encore|p2a: Sinistcha\n|-start|p2a: Sinistcha|Encore\n|move|p2b: Incineroar|Parting Shot|p1a: Basculegion\n|-unboost|p1a: Basculegion|atk|1\n|-unboost|p1a: Basculegion|spa|1\n|\n|t:|1776370939\n|switch|p2b: Tyranitar|Tyranitar, L50, M|100/100|[from] Parting Shot\n|-weather|Sandstorm|[from] ability: Sand Stream|[of] p2b: Tyranitar\n|move|p1a: Basculegion|Wave Crash|p2b: Tyranitar\n|-supereffective|p2b: Tyranitar|1\n|-damage|p2b: Tyranitar|26/100\n|-damage|p1a: Basculegion|77/100|[from] Recoil\n|-heal|p1a: Basculegion|86/100|[from] item: Shell Bell|[of] p2b: Tyranitar\n|move|p2a: Sinistcha|Trick Room|p2a: Sinistcha\n|-fieldend|move: Trick Room\n|\n|-weather|Sandstorm|[upkeep]\n|-damage|p1b: Whimsicott|0 fnt|[from] Sandstorm\n|-damage|p1a: Basculegion|80/100|[from] Sandstorm\n|-damage|p2a: Sinistcha|94/100|[from] Sandstorm\n|faint|p1b: Whimsicott\n|upkeep\n|\n|t:|1776370949\n|switch|p1b: Garchomp|Garchomp, L50, F|100/100\n|turn|3\n|\n|t:|1776370962\n|switch|p2a: Incineroar|Incineroar, L50, M|46/100\n|-ability|p2a: Incineroar|Intimidate|boost\n|-unboost|p1a: Basculegion|atk|1\n|-unboost|p1b: Garchomp|atk|1\n|move|p1a: Basculegion|Aqua Jet|p2b: Tyranitar\n|-supereffective|p2b: Tyranitar|1\n|-damage|p2b: Tyranitar|4/100\n|-heal|p1a: Basculegion|83/100|[from] item: Shell Bell|[of] p2b: Tyranitar\n|move|p1b: Garchomp|Poison Jab|p2a: Incineroar\n|-damage|p2a: Incineroar|27/100\n|move|p2b: Tyranitar|Ice Punch|p1b: Garchomp\n|-supereffective|p1b: Garchomp|2\n|-damage|p1b: Garchomp|0 fnt\n|-damage|p2b: Tyranitar|0 fnt|[from] ability: Rough Skin|[of] p1b: Garchomp\n|faint|p1b: Garchomp\n|faint|p2b: Tyranitar\n|\n|-weather|Sandstorm|[upkeep]\n|-damage|p1a: Basculegion|76/100|[from] Sandstorm\n|-damage|p2a: Incineroar|21/100|[from] Sandstorm\n|-heal|p2a: Incineroar|27/100|[from] item: Leftovers\n|upkeep\n|\n|t:|1776370976\n|switch|p1b: Volcarona|Volcarona, L50, F|100/100\n|switch|p2b: Sinistcha|Sinistcha, L50|94/100\n|-heal|p2a: Incineroar|52/100|[from] ability: Hospitality|[of] p2b: Sinistcha\n|turn|4\n|\n|t:|1776370985\n|move|p1b: Volcarona|Protect|p1b: Volcarona\n|-singleturn|p1b: Volcarona|Protect\n|move|p2b: Sinistcha|Rage Powder|p2b: Sinistcha\n|-singleturn|p2b: Sinistcha|move: Rage Powder\n|move|p1a: Basculegion|Wave Crash|p2b: Sinistcha\n|-resisted|p2b: Sinistcha|1\n|-damage|p2b: Sinistcha|81/100\n|-damage|p1a: Basculegion|72/100|[from] Recoil\n|-heal|p1a: Basculegion|73/100|[from] item: Shell Bell|[of] p2b: Sinistcha\n|move|p2a: Incineroar|Flare Blitz|p1a: Basculegion\n|-resisted|p1a: Basculegion|1\n|-damage|p1a: Basculegion|38/100\n|-damage|p2a: Incineroar|41/100|[from] Recoil\n|\n|-weather|Sandstorm|[upkeep]\n|-damage|p1b: Volcarona|94/100|[from] Sandstorm\n|-damage|p1a: Basculegion|32/100|[from] Sandstorm\n|-damage|p2b: Sinistcha|75/100|[from] Sandstorm\n|-damage|p2a: Incineroar|35/100|[from] Sandstorm\n|-heal|p2a: Incineroar|41/100|[from] item: Leftovers\n|-sideend|p1: gbrlvzqz|move: Tailwind\n|upkeep\n|turn|5\n|\n|t:|1776371007\n|move|p1b: Volcarona|Heat Wave|p2a: Incineroar|[spread] p2a,p2b\n|-resisted|p2a: Incineroar|1\n|-supereffective|p2b: Sinistcha|1\n|-damage|p2a: Incineroar|23/100\n|-damage|p2b: Sinistcha|0 fnt\n|faint|p2b: Sinistcha\n|move|p1a: Basculegion|Wave Crash|p2a: Incineroar\n|-supereffective|p2a: Incineroar|1\n|-damage|p2a: Incineroar|0 fnt\n|faint|p2a: Incineroar\n|-damage|p1a: Basculegion|25/100|[from] Recoil\n|-heal|p1a: Basculegion|27/100|[from] item: Shell Bell|[of] p2: Incineroar\n|\n|-weather|Sandstorm|[upkeep]\n|-damage|p1b: Volcarona|88/100|[from] Sandstorm\n|-damage|p1a: Basculegion|21/100|[from] Sandstorm\n|upkeep\n|\n|t:|1776371010\n|switch|p2b: Camerupt|Camerupt, L50, F|100/100\n|turn|6\n|\n|t:|1776371016\n|detailschange|p2b: Camerupt|Camerupt-Mega, L50, F\n|-mega|p2b: Camerupt|Camerupt|Cameruptite\n|move|p1b: Volcarona|Protect|p1b: Volcarona\n|-singleturn|p1b: Volcarona|Protect\n|move|p1a: Basculegion|Wave Crash|p2b: Camerupt\n|-supereffective|p2b: Camerupt|2\n|-damage|p2b: Camerupt|0 fnt\n|faint|p2b: Camerupt\n|-damage|p1a: Basculegion|0 fnt|[from] Recoil\n|faint|p1a: Basculegion\n|\n|win|gbrlvzqz\n|raw|gbrlvzqz's rating: 1157 &rarr; <strong>1179</strong><br />(+22 for winning)\n|raw|ageil2's rating: 1111 &rarr; <strong>1089</strong><br />(-22 for losing)\n|l|\u2606ageil2\n|player|p2|\n",
  "uploadtime": 1776371037,
  "views": 19,
  "formatid": "gen9championsvgc2026regma",
  "rating": 1089,
  "private": 0,
  "password": null
}