{
  "id": "gen9championsvgc2026regma-2585467004",
  "format": "[Gen 9 Champions] VGC 2026 Reg M-A",
  "players": [
    "plebston mcbacon",
    "bolsillito"
  ],
  "log": "|j|\u2606plebston mcbacon\n|j|\u2606bolsillito\n|t:|1776349220\n|gametype|doubles\n|player|p1|plebston mcbacon|1|1128\n|player|p2|bolsillito|102|1038\n|gen|9\n|tier|[Gen 9 Champions] VGC 2026 Reg M-A\n|rated|\n|rule|Species Clause: Limit one of each Pok\u00e9mon\n|rule|Item Clause: Limit 1 of each item\n|clearpoke\n|poke|p1|Meganium, L50, F|\n|poke|p1|Pelipper, L50, F|\n|poke|p1|Aerodactyl, L50, M|\n|poke|p1|Basculegion, L50, M|\n|poke|p1|Archaludon, L50, F|\n|poke|p1|Excadrill, L50, M|\n|poke|p2|Tyranitar, L50, M|\n|poke|p2|Garchomp, L50, M|\n|poke|p2|Corviknight, L50, M|\n|poke|p2|Milotic, L50, M|\n|poke|p2|Sneasler, L50, F|\n|poke|p2|Sinistcha, L50|\n|teampreview|4\n|inactive|Battle timer is ON: inactive players will automatically lose when time's up. (requested by bolsillito)\n|\n|t:|1776349251\n|teamsize|p1|4\n|teamsize|p2|4\n|start\n|switch|p1a: Rrrrrocks!!|Aerodactyl, L50, M, shiny|100/100\n|switch|p1b: Gubbo|Meganium, L50, F|100/100\n|switch|p2a: Sneasler|Sneasler, L50, F|100/100\n|switch|p2b: Corviknight|Corviknight, L50, M, shiny|100/100\n|-ability|p1a: Rrrrrocks!!|Unnerve\n|turn|1\n|inactive|plebston mcbacon has 30 seconds left.\n|inactive|plebston mcbacon has 20 seconds left.\n|inactive|plebston mcbacon has 15 seconds left.\n|inactive|plebston mcbacon has 10 seconds left.\n|\n|t:|1776349297\n|switch|p1b: A.Ham|Pelipper, L50, F|100/100\n|-weather|RainDance|[from] ability: Drizzle|[of] p1b: A.Ham\n|move|p2a: Sneasler|Fake Out|p1a: Rrrrrocks!!\n|-resisted|p1a: Rrrrrocks!!|1\n|-damage|p1a: Rrrrrocks!!|88/100\n|cant|p1a: Rrrrrocks!!|flinch\n|move|p2b: Corviknight|Bulk Up|p2b: Corviknight\n|-boost|p2b: Corviknight|atk|1\n|-boost|p2b: Corviknight|def|1\n|\n|-weather|RainDance|[upkeep]\n|upkeep\n|turn|2\n|inactive|bolsillito has 30 seconds left.\n|\n|t:|1776349328\n|switch|p2a: Sinistcha|Sinistcha, L50|100/100\n|move|p1a: Rrrrrocks!!|Dual Wingbeat|p2a: Sinistcha|[miss]\n|-miss|p1a: Rrrrrocks!!|p2a: Sinistcha\n|move|p2b: Corviknight|Bulk Up|p2b: Corviknight\n|-boost|p2b: Corviknight|atk|1\n|-boost|p2b: Corviknight|def|1\n|move|p1b: A.Ham|Weather Ball|p2b: Corviknight\n|-damage|p2b: Corviknight|39/100\n|\n|-weather|RainDance|[upkeep]\n|upkeep\n|turn|3\n|\n|t:|1776349349\n|move|p2a: Sinistcha|Rage Powder|p2a: Sinistcha\n|-singleturn|p2a: Sinistcha|move: Rage Powder\n|move|p1a: Rrrrrocks!!|Dual Wingbeat|p2a: Sinistcha\n|-supereffective|p2a: Sinistcha|1\n|-damage|p2a: Sinistcha|72/100\n|-supereffective|p2a: Sinistcha|1\n|-damage|p2a: Sinistcha|44/100\n|-hitcount|p2a: Sinistcha|2\n|move|p2b: Corviknight|Roost|p2b: Corviknight\n|-heal|p2b: Corviknight|89/100\n|-singleturn|p2b: Corviknight|move: Roost\n|move|p1b: A.Ham|Weather Ball|p2a: Sinistcha\n|-resisted|p2a: Sinistcha|1\n|-damage|p2a: Sinistcha|12/100\n|\n|-weather|RainDance|[upkeep]\n|upkeep\n|turn|4\n|\n|t:|1776349372\n|move|p1a: Rrrrrocks!!|Dual Wingbeat|p2a: Sinistcha\n|-supereffective|p2a: Sinistcha|1\n|-damage|p2a: Sinistcha|0 fnt\n|faint|p2a: Sinistcha\n|-hitcount|p2: Sinistcha|1\n|move|p2b: Corviknight|Body Press|p1a: Rrrrrocks!!\n|-damage|p1a: Rrrrrocks!!|29/100\n|move|p1b: A.Ham|Weather Ball|p2b: Corviknight\n|-damage|p2b: Corviknight|25/100\n|\n|-weather|RainDance|[upkeep]\n|upkeep\n|\n|t:|1776349386\n|switch|p2a: Sneasler|Sneasler, L50, F|100/100\n|turn|5\n|\n|t:|1776349401\n|move|p1b: A.Ham|Protect|p1b: A.Ham\n|-singleturn|p1b: A.Ham|Protect\n|move|p2a: Sneasler|Fake Out|p1b: A.Ham\n|-activate|p1b: A.Ham|move: Protect\n|move|p1a: Rrrrrocks!!|Dual Wingbeat|p2a: Sneasler\n|-supereffective|p2a: Sneasler|1\n|-damage|p2a: Sneasler|28/100\n|-supereffective|p2a: Sneasler|1\n|-damage|p2a: Sneasler|0 fnt\n|faint|p2a: Sneasler\n|-hitcount|p2: Sneasler|2\n|move|p2b: Corviknight|Roost|p2b: Corviknight\n|-heal|p2b: Corviknight|75/100\n|-singleturn|p2b: Corviknight|move: Roost\n|\n|-weather|none\n|upkeep\n|\n|t:|1776349418\n|switch|p2a: Garchomp|Garchomp, L50, M|100/100\n|turn|6\n|\n|t:|1776349439\n|switch|p1b: Zabuza|Basculegion, L50, M, shiny|100/100\n|move|p2a: Garchomp|Poison Jab|p1b: Zabuza\n|-resisted|p1b: Zabuza|1\n|-damage|p1b: Zabuza|79/100\n|move|p1a: Rrrrrocks!!|Tailwind|p1a: Rrrrrocks!!\n|-sidestart|p1: plebston mcbacon|move: Tailwind\n|move|p2b: Corviknight|Body Press|p1a: Rrrrrocks!!\n|-damage|p1a: Rrrrrocks!!|0 fnt\n|faint|p1a: Rrrrrocks!!\n|\n|upkeep\n|\n|t:|1776349448\n|switch|p1a: A.Ham|Pelipper, L50, F|100/100\n|-weather|RainDance|[from] ability: Drizzle|[of] p1a: A.Ham\n|turn|7\n|\n|t:|1776349463\n|move|p1a: A.Ham|Protect|p1a: A.Ham\n|-singleturn|p1a: A.Ham|Protect\n|move|p1b: Zabuza|Wave Crash|p2a: Garchomp\n|-damage|p2a: Garchomp|0 fnt\n|-damage|p1b: Zabuza|67/100|[from] ability: Rough Skin|[of] p2a: Garchomp\n|faint|p2a: Garchomp\n|-damage|p1b: Zabuza|33/100|[from] Recoil\n|move|p2b: Corviknight|Roost|p2b: Corviknight\n|-heal|p2b: Corviknight|100/100\n|-singleturn|p2b: Corviknight|move: Roost\n|\n|-weather|RainDance|[upkeep]\n|upkeep\n|turn|8\n|c|\u2606plebston mcbacon|ggs\n|\n|t:|1776349488\n|move|p1b: Zabuza|Wave Crash|p2b: Corviknight\n|-damage|p2b: Corviknight|50/100\n|-damage|p1b: Zabuza|17/100|[from] Recoil\n|move|p1a: A.Ham|Weather Ball|p2b: Corviknight\n|-damage|p2b: Corviknight|0 fnt\n|faint|p2b: Corviknight\n|\n|win|plebston mcbacon\n|raw|plebston mcbacon's rating: 1128 &rarr; <strong>1147</strong><br />(+19 for winning)\n|raw|bolsillito's rating: 1038 &rarr; <strong>1026</strong><br />(-12 for losing)\n|l|\u2606bolsillito\n|player|p2|\n",
  "uploadtime": 1776349507,
  "views": 22,
  "formatid": "gen9championsvgc2026regma",
  "rating": 1026,
  "private": 0,
  "password": null
}