{
  "id": "gen9championsvgc2026regma-2584310560",
  "format": "[Gen 9 Champions] VGC 2026 Reg M-A",
  "players": [
    "WalkEmDownM0rt",
    "ChampionsmatchVGC"
  ],
  "log": "|j|\u2606WalkEmDownM0rt\n|j|\u2606ChampionsmatchVGC\n|t:|1776249883\n|gametype|doubles\n|player|p1|WalkEmDownM0rt|boarder|1569\n|player|p2|ChampionsmatchVGC|gardenia|1663\n|gen|9\n|tier|[Gen 9 Champions] VGC 2026 Reg M-A\n|rated|\n|rule|Species Clause: Limit one of each Pok\u00e9mon\n|rule|Item Clause: Limit 1 of each item\n|clearpoke\n|poke|p1|Garchomp, L50, M|\n|poke|p1|Delphox, L50, F|\n|poke|p1|Basculegion, L50, M|\n|poke|p1|Sneasler, L50, F|\n|poke|p1|Kingambit, L50, F|\n|poke|p1|Clefable, L50, M|\n|poke|p2|Garchomp, L50, M|\n|poke|p2|Delphox, L50, F|\n|poke|p2|Floette-Eternal, L50, F|\n|poke|p2|Kingambit, L50, F|\n|poke|p2|Basculegion, L50, M|\n|poke|p2|Talonflame, L50, M|\n|teampreview|4\n|j| fghjkljklhgf\n|j| r4gn4r96\n|inactive|Battle timer is ON: inactive players will automatically lose when time's up. (requested by ChampionsmatchVGC)\n|\n|t:|1776249902\n|teamsize|p1|4\n|teamsize|p2|4\n|start\n|switch|p1a: Delphox|Delphox, L50, F|100/100\n|switch|p1b: Sneasler|Sneasler, L50, F|100/100\n|switch|p2a: Floette|Floette-Eternal, L50, F|100/100\n|switch|p2b: Talonflame|Talonflame, L50, M|100/100\n|turn|1\n|\n|t:|1776249916\n|detailschange|p1a: Delphox|Delphox-Mega, L50, F\n|-mega|p1a: Delphox|Delphox|Delphoxite\n|detailschange|p2a: Floette|Floette-Mega, L50, F\n|-mega|p2a: Floette|Floette|Floettite\n|-ability|p2a: Floette|Fairy Aura\n|move|p1b: Sneasler|Fake Out|p2b: Talonflame\n|-damage|p2b: Talonflame|80/100\n|move|p1a: Delphox|Psychic|p2b: Talonflame\n|-damage|p2b: Talonflame|4/100\n|cant|p2b: Talonflame|flinch\n|move|p2a: Floette|Moonblast|p1b: Sneasler\n|-damage|p1b: Sneasler|0 fnt\n|faint|p1b: Sneasler\n|\n|upkeep\n|\n|t:|1776249930\n|switch|p1b: Basculegion|Basculegion, L50, M|100/100\n|turn|2\n|j| pangpokemon666\n|\n|t:|1776249954\n|move|p2a: Floette|Protect|p2a: Floette\n|-singleturn|p2a: Floette|Protect\n|move|p1a: Delphox|Heat Wave|p2b: Talonflame|[spread] p2b\n|-activate|p2a: Floette|move: Protect\n|-resisted|p2b: Talonflame|1\n|-damage|p2b: Talonflame|0 fnt\n|faint|p2b: Talonflame\n|move|p1b: Basculegion|Last Respects|p2a: Floette\n|-activate|p2a: Floette|move: Protect\n|\n|upkeep\n|\n|t:|1776249971\n|switch|p2b: Basculegion|Basculegion, L50, M|100/100\n|turn|3\n|j| p74\n|\n|t:|1776249976\n|switch|p2a: Kingambit|Kingambit, L50, F|100/100\n|move|p1a: Delphox|Will-O-Wisp|p2b: Basculegion\n|-status|p2b: Basculegion|brn\n|move|p2b: Basculegion|Liquidation|p1a: Delphox\n|-supereffective|p1a: Delphox|1\n|-damage|p1a: Delphox|34/100\n|move|p1b: Basculegion|Last Respects|p2a: Kingambit\n|-resisted|p2a: Kingambit|1\n|-damage|p2a: Kingambit|77/100\n|\n|-damage|p2b: Basculegion|94/100 brn|[from] brn\n|upkeep\n|turn|4\n|j| Thegaybowserking\n|inactive|ChampionsmatchVGC has 30 seconds left.\n|\n|t:|1776250008\n|move|p1a: Delphox|Will-O-Wisp|p2a: Kingambit\n|-status|p2a: Kingambit|brn\n|move|p2b: Basculegion|Liquidation|p1a: Delphox\n|-supereffective|p1a: Delphox|1\n|-damage|p1a: Delphox|0 fnt\n|faint|p1a: Delphox\n|move|p1b: Basculegion|Last Respects|p2b: Basculegion\n|-supereffective|p2b: Basculegion|1\n|-damage|p2b: Basculegion|0 fnt\n|faint|p2b: Basculegion\n|move|p2a: Kingambit|Low Kick|p1b: Basculegion\n|-immune|p1b: Basculegion\n|\n|-damage|p2a: Kingambit|71/100 brn|[from] brn\n|upkeep\n|\n|t:|1776250014\n|switch|p1a: Garchomp|Garchomp, L50, M|100/100\n|switch|p2b: Floette|Floette-Mega, L50, F|100/100\n|-ability|p2b: Floette|Fairy Aura\n|turn|5\n|\n|t:|1776250027\n|move|p2b: Floette|Protect|p2b: Floette\n|-singleturn|p2b: Floette|Protect\n|move|p1b: Basculegion|Protect|p1b: Basculegion\n|-singleturn|p1b: Basculegion|Protect\n|move|p2a: Kingambit|Protect|p2a: Kingambit\n|-singleturn|p2a: Kingambit|Protect\n|move|p1a: Garchomp|Earthquake|p2b: Floette|[spread] \n|-activate|p1b: Basculegion|move: Protect\n|-activate|p2a: Kingambit|move: Protect\n|-activate|p2b: Floette|move: Protect\n|\n|-damage|p2a: Kingambit|65/100 brn|[from] brn\n|upkeep\n|turn|6\n|\n|t:|1776250036\n|move|p2a: Kingambit|Sucker Punch|p1b: Basculegion\n|-supereffective|p1b: Basculegion|1\n|-damage|p1b: Basculegion|53/100\n|move|p2b: Floette|Dazzling Gleam|p1a: Garchomp|[spread] p1a,p1b\n|-supereffective|p1a: Garchomp|1\n|-damage|p1a: Garchomp|16/100\n|-damage|p1b: Basculegion|0 fnt\n|faint|p1b: Basculegion\n|move|p1a: Garchomp|Rock Slide|p2a: Kingambit|[spread] p2a,p2b\n|-resisted|p2a: Kingambit|1\n|-damage|p2a: Kingambit|58/100 brn\n|-damage|p2b: Floette|75/100\n|\n|-damage|p2a: Kingambit|52/100 brn|[from] brn\n|upkeep\n|turn|7\n|\n|t:|1776250049\n|move|p2a: Kingambit|Sucker Punch|p1a: Garchomp\n|-damage|p1a: Garchomp|0 fnt\n|-damage|p2a: Kingambit|40/100 brn|[from] ability: Rough Skin|[of] p1a: Garchomp\n|faint|p1a: Garchomp\n|\n|win|ChampionsmatchVGC\n|raw|WalkEmDownM0rt's rating: 1569 &rarr; <strong>1554</strong><br />(-15 for losing)\n|raw|ChampionsmatchVGC's rating: 1663 &rarr; <strong>1678</strong><br />(+15 for winning)\n|l|\u2606ChampionsmatchVGC\n|player|p2|\n|l|\u2606WalkEmDownM0rt\n|player|p1|\n|l| r4gn4r96\n",
  "uploadtime": 1776250177,
  "views": 117,
  "formatid": "gen9championsvgc2026regma",
  "rating": 1554,
  "private": 0,
  "password": null
}