{
  "id": "gen9championsvgc2026regma-2585366351",
  "format": "[Gen 9 Champions] VGC 2026 Reg M-A",
  "players": [
    "Noone123456789",
    "DryIceBros"
  ],
  "log": "|j|\u2606Noone123456789\n|j|\u2606DryIceBros\n|t:|1776341760\n|gametype|doubles\n|player|p1|Noone123456789|102|1289\n|player|p2|DryIceBros|mars|1226\n|gen|9\n|tier|[Gen 9 Champions] VGC 2026 Reg M-A\n|rated|\n|rule|Species Clause: Limit one of each Pok\u00e9mon\n|rule|Item Clause: Limit 1 of each item\n|clearpoke\n|poke|p1|Charizard, L50, F|\n|poke|p1|Venusaur, L50, F|\n|poke|p1|Garchomp, L50, F|\n|poke|p1|Rotom-Wash, L50|\n|poke|p1|Sneasler, L50, F|\n|poke|p1|Incineroar, L50, M|\n|poke|p2|Slowking, L50, F|\n|poke|p2|Incineroar, L50, M|\n|poke|p2|Crabominable, L50, M|\n|poke|p2|Hatterene, L50, F|\n|poke|p2|Tsareena, L50, F|\n|poke|p2|Camerupt, L50, M|\n|teampreview|4\n|inactive|Battle timer is ON: inactive players will automatically lose when time's up. (requested by Noone123456789)\n|inactive|Noone123456789 has 60 seconds left.\n|inactive|DryIceBros has 60 seconds left.\n|\n|t:|1776341816\n|teamsize|p1|4\n|teamsize|p2|4\n|start\n|switch|p1a: Charizard|Charizard, L50, F|100/100\n|switch|p1b: Garchomp|Garchomp, L50, F|100/100\n|switch|p2a: Incineroar|Incineroar, L50, M|100/100\n|switch|p2b: Slowking|Slowking, L50, F|100/100\n|-ability|p2a: Incineroar|Intimidate|boost\n|-unboost|p1a: Charizard|atk|1\n|-unboost|p1b: Garchomp|atk|1\n|turn|1\n|\n|t:|1776341835\n|switch|p1b: Sneasler|Sneasler, L50, F|100/100\n|move|p1a: Charizard|Protect|p1a: Charizard\n|-singleturn|p1a: Charizard|Protect\n|move|p2a: Incineroar|Fake Out|p1a: Charizard\n|-activate|p1a: Charizard|move: Protect\n|move|p2b: Slowking|Trick Room|p2b: Slowking\n|-fieldstart|move: Trick Room|[of] p2b: Slowking\n|\n|upkeep\n|turn|2\n|\n|t:|1776341852\n|switch|p2a: Tsareena|Tsareena, L50, F|100/100\n|detailschange|p1a: Charizard|Charizard-Mega-Y, L50, F\n|-mega|p1a: Charizard|Charizard|Charizardite Y\n|-weather|SunnyDay|[from] ability: Drought|[of] p1a: Charizard\n|move|p1b: Sneasler|Fake Out||[still]\n|cant|p2a: Tsareena|ability: Queenly Majesty|Fake Out|[of] p1b: Sneasler\n|-prepare|p2b: Slowking|Chilly Reception|[premajor]\n|move|p2b: Slowking|Chilly Reception|p2b: Slowking\n|-weather|Snowscape\n|\n|t:|1776341856\n|switch|p2b: Crabominable|Crabominable, L50, M|100/100|[from] Chilly Reception\n|move|p1a: Charizard|Solar Beam||[still]\n|-prepare|p1a: Charizard|Solar Beam\n|\n|-weather|Snowscape|[upkeep]\n|upkeep\n|turn|3\n|inactive|DryIceBros has 30 seconds left.\n|inactive|DryIceBros has 20 seconds left.\n|inactive|DryIceBros has 15 seconds left.\n|\n|t:|1776341900\n|switch|p1b: Incineroar|Incineroar, L50, M|100/100\n|-ability|p1b: Incineroar|Intimidate|boost\n|-unboost|p2a: Tsareena|atk|1\n|-fail|p2b: Crabominable|unboost|Attack|[from] ability: Hyper Cutter|[of] p2b: Crabominable\n|detailschange|p2b: Crabominable|Crabominable-Mega, L50, M\n|-mega|p2b: Crabominable|Crabominable|Crabominite\n|move|p2b: Crabominable|Ice Hammer|p1b: Incineroar\n|-resisted|p1b: Incineroar|1\n|-damage|p1b: Incineroar|66/100\n|-unboost|p2b: Crabominable|spe|1\n|move|p2a: Tsareena|Triple Axel|p1a: Charizard\n|-damage|p1a: Charizard|93/100\n|-damage|p1a: Charizard|79/100\n|-damage|p1a: Charizard|57/100\n|-hitcount|p1a: Charizard|3\n|move|p1a: Charizard|Solar Beam|p2b: Crabominable|[from] lockedmove\n|-damage|p2b: Crabominable|80/100\n|\n|-weather|Snowscape|[upkeep]\n|upkeep\n|turn|4\n|inactive|Noone123456789 has 30 seconds left.\n|inactive|Noone123456789 has 20 seconds left.\n|inactive|Noone123456789 has 15 seconds left.\n|inactive|Noone123456789 has 10 seconds left.\n|inactive|Noone123456789 has 5 seconds left.\n|\n|t:|1776341953\n|move|p2a: Tsareena|Protect|p2a: Tsareena\n|-singleturn|p2a: Tsareena|Protect\n|move|p2b: Crabominable|Thunder Punch|p1a: Charizard\n|-supereffective|p1a: Charizard|1\n|-damage|p1a: Charizard|0 fnt\n|faint|p1a: Charizard\n|move|p1b: Incineroar|Flare Blitz|p2b: Crabominable\n|-supereffective|p2b: Crabominable|1\n|-damage|p2b: Crabominable|21/100\n|-damage|p1b: Incineroar|47/100|[from] Recoil\n|-enditem|p1b: Incineroar|Sitrus Berry|[eat]\n|-heal|p1b: Incineroar|71/100|[from] item: Sitrus Berry\n|\n|-weather|Snowscape|[upkeep]\n|upkeep\n|\n|t:|1776341964\n|switch|p1a: Sneasler|Sneasler, L50, F|100/100\n|turn|5\n|\n|t:|1776341977\n|switch|p2b: Incineroar|Incineroar, L50, M|100/100\n|-ability|p2b: Incineroar|Intimidate|boost\n|-unboost|p1a: Sneasler|atk|1\n|-unboost|p1b: Incineroar|atk|1\n|-enditem|p1a: Sneasler|White Herb\n|-clearnegativeboost|p1a: Sneasler|[silent]\n|switch|p2a: Slowking|Slowking, L50, F|100/100\n|move|p1b: Incineroar|Flare Blitz|p2a: Slowking\n|-resisted|p2a: Slowking|1\n|-damage|p2a: Slowking|84/100\n|-damage|p1b: Incineroar|66/100|[from] Recoil\n|move|p1a: Sneasler|Close Combat|p2b: Incineroar\n|-supereffective|p2b: Incineroar|1\n|-damage|p2b: Incineroar|0 fnt\n|-unboost|p1a: Sneasler|def|1\n|-unboost|p1a: Sneasler|spd|1\n|faint|p2b: Incineroar\n|\n|-weather|Snowscape|[upkeep]\n|-fieldend|move: Trick Room\n|upkeep\n|\n|t:|1776341981\n|switch|p2b: Tsareena|Tsareena, L50, F|100/100\n|turn|6\n|\n|t:|1776341998\n|switch|p1b: Garchomp|Garchomp, L50, F|100/100\n|move|p1a: Sneasler|Dire Claw|p2b: Tsareena\n|-supereffective|p2b: Tsareena|1\n|-crit|p2b: Tsareena\n|-damage|p2b: Tsareena|0 fnt\n|faint|p2b: Tsareena\n|move|p2a: Slowking|Trick Room|p2a: Slowking\n|-fieldstart|move: Trick Room|[of] p2a: Slowking\n|\n|-weather|none\n|upkeep\n|\n|t:|1776342001\n|switch|p2b: Crabominable|Crabominable-Mega, L50, M|21/100\n|turn|7\n|\n|t:|1776342024\n|move|p2a: Slowking|Scald|p1a: Sneasler\n|-damage|p1a: Sneasler|46/100\n|-status|p1a: Sneasler|brn\n|move|p2b: Crabominable|Ice Hammer|p1b: Garchomp\n|-supereffective|p1b: Garchomp|2\n|-damage|p1b: Garchomp|0 fnt\n|-unboost|p2b: Crabominable|spe|1\n|-damage|p2b: Crabominable|9/100|[from] ability: Rough Skin|[of] p1b: Garchomp\n|faint|p1b: Garchomp\n|move|p1a: Sneasler|Dire Claw|p2b: Crabominable\n|-damage|p2b: Crabominable|0 fnt\n|faint|p2b: Crabominable\n|\n|-damage|p1a: Sneasler|40/100 brn|[from] brn\n|upkeep\n|\n|t:|1776342030\n|switch|p1b: Incineroar|Incineroar, L50, M|66/100\n|-ability|p1b: Incineroar|Intimidate|boost\n|-fail|p2a: Slowking|unboost|Attack|[from] ability: Oblivious|[of] p2a: Slowking\n|turn|8\n|\n|t:|1776342039\n|move|p1b: Incineroar|Fake Out|p2a: Slowking\n|-crit|p2a: Slowking\n|-damage|p2a: Slowking|65/100\n|cant|p2a: Slowking|flinch\n|move|p1a: Sneasler|Dire Claw|p2a: Slowking\n|-damage|p2a: Slowking|49/100\n|-status|p2a: Slowking|par\n|\n|-damage|p1a: Sneasler|34/100 brn|[from] brn\n|upkeep\n|turn|9\n|\n|t:|1776342051\n|move|p2a: Slowking|Earthquake|p1a: Sneasler|[spread] p1a,p1b\n|-supereffective|p1a: Sneasler|1\n|-supereffective|p1b: Incineroar|1\n|-damage|p1a: Sneasler|0 fnt\n|-damage|p1b: Incineroar|38/100\n|faint|p1a: Sneasler\n|move|p1b: Incineroar|Darkest Lariat|p2a: Slowking\n|-supereffective|p2a: Slowking|1\n|-enditem|p2a: Slowking|Colbur Berry|[eat]\n|-enditem|p2a: Slowking|Colbur Berry|[weaken]\n|-damage|p2a: Slowking|10/100 par\n|\n|upkeep\n|turn|10\n|\n|t:|1776342060\n|move|p2a: Slowking|Scald|p1b: Incineroar\n|-supereffective|p1b: Incineroar|1\n|-damage|p1b: Incineroar|0 fnt\n|faint|p1b: Incineroar\n|\n|win|DryIceBros\n|raw|Noone123456789's rating: 1289 &rarr; <strong>1260</strong><br />(-29 for losing)\n|raw|DryIceBros's rating: 1226 &rarr; <strong>1255</strong><br />(+29 for winning)\n",
  "uploadtime": 1776342063,
  "views": 28,
  "formatid": "gen9championsvgc2026regma",
  "rating": 1255,
  "private": 0,
  "password": null
}