{
  "id": "gen9championsvgc2026regma-2584352826",
  "format": "[Gen 9 Champions] VGC 2026 Reg M-A",
  "players": [
    "B_kck",
    "PanchampionTime"
  ],
  "log": "|j|\u2606B_kck\n|j|\u2606PanchampionTime\n|t:|1776254102\n|gametype|doubles\n|player|p1|B_kck|266|1017\n|player|p2|PanchampionTime|clown|1055\n|gen|9\n|tier|[Gen 9 Champions] VGC 2026 Reg M-A\n|rated|\n|rule|Species Clause: Limit one of each Pok\u00e9mon\n|rule|Item Clause: Limit 1 of each item\n|clearpoke\n|poke|p1|Alakazam, L50, F|\n|poke|p1|Rotom-Wash, L50|\n|poke|p1|Abomasnow, L50, M|\n|poke|p1|Sinistcha, L50|\n|poke|p1|Starmie, L50|\n|poke|p1|Tyranitar, L50, M|\n|poke|p2|Tyranitar, L50, M|\n|poke|p2|Excadrill, L50, F|\n|poke|p2|Hawlucha, L50, M|\n|poke|p2|Zoroark-Hisui, L50, M|\n|poke|p2|Sinistcha, L50|\n|poke|p2|Aerodactyl, L50, F|\n|teampreview|4\n|inactive|Battle timer is ON: inactive players will automatically lose when time's up. (requested by B_kck)\n|\n|t:|1776254139\n|teamsize|p1|4\n|teamsize|p2|4\n|start\n|switch|p1a: Alakazam|Alakazam, L50, F, shiny|100/100\n|switch|p1b: Abomasnow|Abomasnow, L50, M|100/100\n|switch|p2a: Excadrill|Excadrill, L50, F|100/100\n|switch|p2b: Aerodactyl|Aerodactyl, L50, F, shiny|100/100\n|-ability|p2b: Aerodactyl|Unnerve\n|-weather|Snowscape|[from] ability: Snow Warning|[of] p1b: Abomasnow\n|turn|1\n|\n|t:|1776254159\n|detailschange|p1b: Abomasnow|Abomasnow-Mega, L50, M\n|-mega|p1b: Abomasnow|Abomasnow|Abomasite\n|move|p2b: Aerodactyl|Wide Guard|p2b: Aerodactyl\n|-singleturn|p2b: Aerodactyl|Wide Guard\n|move|p1a: Alakazam|Speed Swap|p1b: Abomasnow\n|-activate|p1a: Alakazam|move: Speed Swap|[of] p1b: Abomasnow\n|move|p1b: Abomasnow|Blizzard|p2a: Excadrill|[spread] \n|-activate|p2a: Excadrill|move: Wide Guard\n|-activate|p2b: Aerodactyl|move: Wide Guard\n|move|p2a: Excadrill|Icy Wind|p1a: Alakazam|[spread] p1a,p1b\n|-damage|p1a: Alakazam|83/100\n|-damage|p1b: Abomasnow|85/100\n|-unboost|p1a: Alakazam|spe|1\n|-unboost|p1b: Abomasnow|spe|1\n|\n|-weather|Snowscape|[upkeep]\n|upkeep\n|turn|2\n|inactive|B_kck has 30 seconds left.\n|\n|t:|1776254194\n|move|p2b: Aerodactyl|Rock Slide|p1b: Abomasnow|[spread] p1b\n|-miss|p2b: Aerodactyl|p1a: Alakazam\n|-supereffective|p1b: Abomasnow|1\n|-damage|p1b: Abomasnow|55/100\n|move|p2a: Excadrill|Shadow Ball|p1a: Alakazam\n|-supereffective|p1a: Alakazam|1\n|-damage|p1a: Alakazam|0 fnt\n|faint|p1a: Alakazam\n|move|p1b: Abomasnow|Ice Beam|p2b: Aerodactyl\n|-supereffective|p2b: Aerodactyl|1\n|-damage|p2b: Aerodactyl|0 fnt\n|faint|p2b: Aerodactyl\n|\n|-weather|Snowscape|[upkeep]\n|upkeep\n|\n|t:|1776254211\n|switch|p2b: Excadrill|Excadrill, L50, F|100/100\n|switch|p1a: Sinistcha|Sinistcha, L50, shiny|100/100\n|-heal|p1b: Abomasnow|80/100|[from] ability: Hospitality|[of] p1a: Sinistcha\n|turn|3\n|\n|t:|1776254236\n|move|p2a: Excadrill|Taunt|p1a: Sinistcha\n|-start|p1a: Sinistcha|move: Taunt\n|move|p2b: Excadrill|Iron Head|p1b: Abomasnow\n|-supereffective|p1b: Abomasnow|1\n|-damage|p1b: Abomasnow|24/100\n|move|p1b: Abomasnow|Ice Beam|p2b: Excadrill\n|-damage|p2b: Excadrill|46/100\n|move|p1a: Sinistcha|Shadow Ball|p2a: Excadrill\n|-immune|p2a: Excadrill\n|\n|-weather|Snowscape|[upkeep]\n|upkeep\n|turn|4\n|c|\u2606PanchampionTime|oops\n|\n|t:|1776254257\n|move|p2a: Excadrill|Shadow Ball|p1a: Sinistcha\n|-supereffective|p1a: Sinistcha|1\n|-damage|p1a: Sinistcha|30/100\n|move|p2b: Excadrill|Iron Head|p1b: Abomasnow\n|-supereffective|p1b: Abomasnow|1\n|-damage|p1b: Abomasnow|0 fnt\n|faint|p1b: Abomasnow\n|move|p1a: Sinistcha|Matcha Gotcha|p2b: Excadrill|[spread] p2a,p2b\n|-damage|p2a: Excadrill|48/100\n|-heal|p1a: Sinistcha|49/100|[from] drain|[of] p2a: Excadrill\n|-damage|p2b: Excadrill|19/100\n|-heal|p1a: Sinistcha|66/100|[from] drain|[of] p2b: Excadrill\n|replace|p2a: Zoroark|Zoroark-Hisui, L50, M\n|-end|p2a: Zoroark|Illusion\n|\n|-weather|Snowscape|[upkeep]\n|-heal|p1a: Sinistcha|72/100|[from] item: Leftovers\n|upkeep\n|\n|t:|1776254275\n|switch|p1b: Rotom|Rotom-Wash, L50, shiny|100/100\n|turn|5\n|\n|t:|1776254295\n|move|p2a: Zoroark|Shadow Ball|p1a: Sinistcha\n|-supereffective|p1a: Sinistcha|1\n|-damage|p1a: Sinistcha|4/100\n|move|p1b: Rotom|Shadow Ball|p2b: Excadrill\n|-damage|p2b: Excadrill|0 fnt\n|faint|p2b: Excadrill\n|move|p1a: Sinistcha|Matcha Gotcha|p2a: Zoroark|[miss]\n|-miss|p1a: Sinistcha|p2a: Zoroark\n|\n|-weather|none\n|-heal|p1a: Sinistcha|11/100|[from] item: Leftovers\n|-end|p1a: Sinistcha|move: Taunt\n|upkeep\n|c|\u2606PanchampionTime|danggg\n|\n|t:|1776254312\n|switch|p2b: Hawlucha|Hawlucha, L50, M|100/100\n|-ability|p2b: Hawlucha|Mold Breaker\n|turn|6\n|\n|t:|1776254326\n|detailschange|p2b: Hawlucha|Hawlucha-Mega, L50, M\n|-mega|p2b: Hawlucha|Hawlucha|Hawluchanite\n|move|p2a: Zoroark|Icy Wind|p1b: Rotom|[spread] p1a,p1b\n|-supereffective|p1a: Sinistcha|1\n|-resisted|p1b: Rotom|1\n|-damage|p1a: Sinistcha|0 fnt\n|-damage|p1b: Rotom|91/100\n|-unboost|p1b: Rotom|spe|1\n|faint|p1a: Sinistcha\n|move|p2b: Hawlucha|High Jump Kick|p1b: Rotom\n|-damage|p1b: Rotom|0 fnt\n|faint|p1b: Rotom\n|\n|win|PanchampionTime\n|raw|B_kck's rating: 1017 &rarr; <strong>1006</strong><br />(-11 for losing)\n|raw|PanchampionTime's rating: 1055 &rarr; <strong>1083</strong><br />(+28 for winning)\n|c|\u2606PanchampionTime|ggs\n",
  "uploadtime": 1776254336,
  "views": 23,
  "formatid": "gen9championsvgc2026regma",
  "rating": 1006,
  "private": 0,
  "password": null
}