{
  "id": "gen9championsvgc2026regma-2585499022",
  "format": "[Gen 9 Champions] VGC 2026 Reg M-A",
  "players": [
    "Myosinnn",
    "HeyNumi"
  ],
  "log": "|j|\u2606Myosinnn\n|j|\u2606HeyNumi\n|t:|1776351636\n|gametype|doubles\n|player|p1|Myosinnn|allister-masters|1094\n|player|p2|HeyNumi|bellelba|1049\n|gen|9\n|tier|[Gen 9 Champions] VGC 2026 Reg M-A\n|rated|\n|rule|Species Clause: Limit one of each Pok\u00e9mon\n|rule|Item Clause: Limit 1 of each item\n|clearpoke\n|poke|p1|Tyranitar, L50, F|\n|poke|p1|Excadrill, L50, M|\n|poke|p1|Sinistcha, L50|\n|poke|p1|Aerodactyl, L50, M|\n|poke|p1|Rotom-Wash, L50|\n|poke|p1|Avalugg-Hisui, L50, M|\n|poke|p2|Floette-Eternal, L50, F|\n|poke|p2|Sinistcha, L50|\n|poke|p2|Incineroar, L50, F|\n|poke|p2|Garchomp, L50, M|\n|poke|p2|Aerodactyl, L50, F|\n|poke|p2|Rotom-Wash, L50|\n|teampreview|4\n|inactive|Battle timer is ON: inactive players will automatically lose when time's up. (requested by HeyNumi)\n|\n|t:|1776351647\n|teamsize|p1|4\n|teamsize|p2|4\n|start\n|switch|p1a: Tyranitar|Tyranitar, L50, F|100/100\n|switch|p1b: Excadrill|Excadrill, L50, M|100/100\n|switch|p2a: Garchomp|Garchomp, L50, M|100/100\n|switch|p2b: Incineroar|Incineroar, L50, F|100/100\n|-ability|p2b: Incineroar|Intimidate|boost\n|-unboost|p1a: Tyranitar|atk|1\n|-unboost|p1b: Excadrill|atk|1\n|-weather|Sandstorm|[from] ability: Sand Stream|[of] p1a: Tyranitar\n|turn|1\n|\n|t:|1776351665\n|detailschange|p1a: Tyranitar|Tyranitar-Mega, L50, F\n|-mega|p1a: Tyranitar|Tyranitar|Tyranitarite\n|move|p2b: Incineroar|Fake Out|p1b: Excadrill\n|-resisted|p1b: Excadrill|1\n|-damage|p1b: Excadrill|92/100\n|cant|p1b: Excadrill|flinch\n|move|p2a: Garchomp|Stomping Tantrum|p1a: Tyranitar\n|-supereffective|p1a: Tyranitar|1\n|-damage|p1a: Tyranitar|54/100\n|move|p1a: Tyranitar|Curse|p1a: Tyranitar\n|-unboost|p1a: Tyranitar|spe|1\n|-boost|p1a: Tyranitar|atk|1\n|-boost|p1a: Tyranitar|def|1\n|\n|-weather|Sandstorm|[upkeep]\n|-damage|p2b: Incineroar|94/100|[from] Sandstorm\n|upkeep\n|turn|2\n|\n|t:|1776351682\n|switch|p2b: Aerodactyl|Aerodactyl, L50, F|100/100\n|-ability|p2b: Aerodactyl|Unnerve\n|move|p1a: Tyranitar|Protect|p1a: Tyranitar\n|-singleturn|p1a: Tyranitar|Protect\n|move|p1b: Excadrill|Earthquake|p2b: Aerodactyl|[spread] p2a\n|-activate|p1a: Tyranitar|move: Protect\n|-immune|p2b: Aerodactyl\n|-damage|p2a: Garchomp|62/100\n|move|p2a: Garchomp|Earthquake|p1a: Tyranitar|[spread] p1b\n|-activate|p1a: Tyranitar|move: Protect\n|-immune|p2b: Aerodactyl\n|-supereffective|p1b: Excadrill|1\n|-damage|p1b: Excadrill|0 fnt\n|faint|p1b: Excadrill\n|\n|-weather|Sandstorm|[upkeep]\n|upkeep\n|\n|t:|1776351699\n|switch|p1b: Avalugg|Avalugg-Hisui, L50, M|100/100\n|turn|3\n|\n|t:|1776351709\n|move|p2b: Aerodactyl|Rock Slide|p1b: Avalugg|[spread] p1a,p1b\n|-supereffective|p1b: Avalugg|1\n|-damage|p1a: Tyranitar|45/100\n|-damage|p1b: Avalugg|82/100\n|move|p2a: Garchomp|Earthquake|p1a: Tyranitar|[spread] p1a,p1b\n|-immune|p2b: Aerodactyl\n|-supereffective|p1a: Tyranitar|1\n|-supereffective|p1b: Avalugg|1\n|-damage|p1a: Tyranitar|16/100\n|-damage|p1b: Avalugg|51/100\n|move|p1a: Tyranitar|Rock Slide|p2a: Garchomp|[spread] p2a,p2b\n|-resisted|p2a: Garchomp|1\n|-supereffective|p2b: Aerodactyl|1\n|-damage|p2a: Garchomp|46/100\n|-damage|p2b: Aerodactyl|0 fnt\n|faint|p2b: Aerodactyl\n|move|p1b: Avalugg|Mountain Gale|p2a: Garchomp\n|-supereffective|p2a: Garchomp|2\n|-damage|p2a: Garchomp|0 fnt\n|faint|p2a: Garchomp\n|\n|-weather|Sandstorm|[upkeep]\n|upkeep\n|\n|t:|1776351722\n|switch|p2b: Floette|Floette-Eternal, L50, F|100/100\n|switch|p2a: Incineroar|Incineroar, L50, F|94/100\n|-ability|p2a: Incineroar|Intimidate|boost\n|-unboost|p1a: Tyranitar|atk|1\n|-unboost|p1b: Avalugg|atk|1\n|turn|4\n|\n|t:|1776351741\n|detailschange|p2b: Floette|Floette-Mega, L50, F\n|-mega|p2b: Floette|Floette|Floettite\n|-ability|p2b: Floette|Fairy Aura\n|move|p2a: Incineroar|Fake Out|p1b: Avalugg\n|-resisted|p1b: Avalugg|1\n|-damage|p1b: Avalugg|49/100\n|move|p2b: Floette|Dazzling Gleam|p1b: Avalugg|[spread] p1a,p1b\n|-supereffective|p1a: Tyranitar|1\n|-damage|p1a: Tyranitar|0 fnt\n|-damage|p1b: Avalugg|0 fnt\n|faint|p1a: Tyranitar\n|faint|p1b: Avalugg\n|\n|-weather|Sandstorm|[upkeep]\n|-damage|p2b: Floette|95/100|[from] Sandstorm\n|-damage|p2a: Incineroar|88/100|[from] Sandstorm\n|upkeep\n|\n|t:|1776351756\n|switch|p1b: Rotom|Rotom-Wash, L50|100/100\n|turn|5\n|\n|t:|1776351766\n|move|p2b: Floette|Moonblast|p1b: Rotom\n|-damage|p1b: Rotom|36/100\n|move|p1b: Rotom|Hydro Pump|p2a: Incineroar\n|-supereffective|p2a: Incineroar|1\n|-damage|p2a: Incineroar|9/100\n|-enditem|p2a: Incineroar|Sitrus Berry|[eat]\n|-heal|p2a: Incineroar|34/100|[from] item: Sitrus Berry\n|move|p2a: Incineroar|Throat Chop|p1b: Rotom\n|-damage|p1b: Rotom|0 fnt\n|faint|p1b: Rotom\n|\n|win|HeyNumi\n|raw|Myosinnn's rating: 1094 &rarr; <strong>1067</strong><br />(-27 for losing)\n|raw|HeyNumi's rating: 1049 &rarr; <strong>1086</strong><br />(+37 for winning)\n",
  "uploadtime": 1776351772,
  "views": 32,
  "formatid": "gen9championsvgc2026regma",
  "rating": 1067,
  "private": 0,
  "password": null
}