{
  "id": "gen9championsvgc2026regma-2581063250",
  "format": "[Gen 9 Champions] VGC 2026 Reg M-A",
  "players": [
    "LozTakesABreak",
    "sarli"
  ],
  "log": "|j|\u2606LozTakesABreak\n|j|\u2606sarli\n|t:|1775956375\n|gametype|doubles\n|player|p1|LozTakesABreak|swimmerf|1000\n|player|p2|sarli|shadowtriad|1079\n|gen|9\n|tier|[Gen 9 Champions] VGC 2026 Reg M-A\n|rated|\n|rule|Species Clause: Limit one of each Pok\u00e9mon\n|rule|Item Clause: Limit 1 of each item\n|clearpoke\n|poke|p1|Camerupt, L50, M|\n|poke|p1|Torkoal, L50, M|\n|poke|p1|Meowstic, L50, M|\n|poke|p1|Oranguru, L50, M|\n|poke|p1|Armarouge, L50, M|\n|poke|p1|Kingambit, L50, M|\n|poke|p2|Corviknight, L50, M|\n|poke|p2|Incineroar, L50, F|\n|poke|p2|Sneasler, L50, M|\n|poke|p2|Sinistcha, L50|\n|poke|p2|Garchomp, L50, F|\n|poke|p2|Milotic, L50, M|\n|teampreview|4\n|\n|t:|1775956394\n|teamsize|p1|4\n|teamsize|p2|4\n|start\n|switch|p1a: Kingambit|Kingambit, L50, M|100/100\n|switch|p1b: Meowstic|Meowstic, L50, M|100/100\n|switch|p2a: Incineroar|Incineroar, L50, F|100/100\n|switch|p2b: Corviknight|Corviknight, L50, M, shiny|100/100\n|-ability|p2a: Incineroar|Intimidate|boost\n|-unboost|p1a: Kingambit|atk|1\n|-ability|p1a: Kingambit|Defiant|boost\n|-boost|p1a: Kingambit|atk|2\n|-unboost|p1b: Meowstic|atk|1\n|turn|1\n|\n|t:|1775956410\n|move|p1a: Kingambit|Protect|p1a: Kingambit\n|-singleturn|p1a: Kingambit|Protect\n|move|p2a: Incineroar|Fake Out|p1a: Kingambit\n|-activate|p1a: Kingambit|move: Protect\n|move|p2b: Corviknight|Tailwind|p2b: Corviknight\n|-sidestart|p2: sarli|move: Tailwind\n|move|p1b: Meowstic|Trick Room|p1b: Meowstic\n|-fieldstart|move: Trick Room|[of] p1b: Meowstic\n|\n|upkeep\n|turn|2\n|\n|t:|1775956426\n|move|p1b: Meowstic|Psychic Terrain|p1b: Meowstic\n|-fieldstart|move: Psychic Terrain\n|move|p1a: Kingambit|Kowtow Cleave|p2a: Incineroar\n|-resisted|p2a: Incineroar|1\n|-damage|p2a: Incineroar|64/100\n|move|p2b: Corviknight|Bulk Up|p2b: Corviknight\n|-boost|p2b: Corviknight|atk|1\n|-boost|p2b: Corviknight|def|1\n|move|p2a: Incineroar|Flare Blitz|p1a: Kingambit\n|-supereffective|p1a: Kingambit|1\n|-damage|p1a: Kingambit|25/100\n|-damage|p2a: Incineroar|39/100|[from] Recoil\n|-enditem|p2a: Incineroar|Sitrus Berry|[eat]\n|-heal|p2a: Incineroar|63/100|[from] item: Sitrus Berry\n|\n|upkeep\n|turn|3\n|\n|t:|1775956446\n|move|p1a: Kingambit|Kowtow Cleave|p2a: Incineroar\n|-resisted|p2a: Incineroar|1\n|-damage|p2a: Incineroar|28/100\n|move|p1b: Meowstic|Expanding Force|p2a: Incineroar|[spread] p2b\n|-immune|p2a: Incineroar\n|-resisted|p2b: Corviknight|1\n|-damage|p2b: Corviknight|88/100\n|move|p2b: Corviknight|Brave Bird|p1a: Kingambit\n|-resisted|p1a: Kingambit|1\n|-damage|p1a: Kingambit|1/100\n|-damage|p2b: Corviknight|79/100|[from] Recoil\n|move|p2a: Incineroar|Flare Blitz|p1a: Kingambit\n|-supereffective|p1a: Kingambit|1\n|-damage|p1a: Kingambit|0 fnt\n|faint|p1a: Kingambit\n|-damage|p2a: Incineroar|28/100|[from] Recoil\n|\n|upkeep\n|\n|t:|1775956457\n|switch|p1a: Camerupt|Camerupt, L50, M, shiny|100/100\n|turn|4\n|\n|t:|1775956473\n|detailschange|p1a: Camerupt|Camerupt-Mega, L50, M, shiny\n|-mega|p1a: Camerupt|Camerupt|Cameruptite\n|move|p1a: Camerupt|Eruption|p2a: Incineroar|[spread] p2a,p2b\n|-resisted|p2a: Incineroar|1\n|-supereffective|p2b: Corviknight|1\n|-damage|p2a: Incineroar|0 fnt\n|-damage|p2b: Corviknight|0 fnt\n|faint|p2a: Incineroar\n|faint|p2b: Corviknight\n|move|p1b: Meowstic|Expanding Force|p2: Incineroar|[notarget]\n|-fail|p1b: Meowstic\n|\n|-sideend|p2: sarli|move: Tailwind\n|upkeep\n|\n|t:|1775956483\n|switch|p2b: Garchomp|Garchomp, L50, F|100/100\n|switch|p2a: Sneasler|Sneasler, L50, M|100/100\n|turn|5\n|\n|t:|1775956494\n|move|p2b: Garchomp|Protect|p2b: Garchomp\n|-singleturn|p2b: Garchomp|Protect\n|move|p2a: Sneasler|Protect|p2a: Sneasler\n|-singleturn|p2a: Sneasler|Protect\n|move|p1a: Camerupt|Eruption|p2a: Sneasler|[spread] \n|-activate|p2a: Sneasler|move: Protect\n|-activate|p2b: Garchomp|move: Protect\n|move|p1b: Meowstic|Expanding Force|p2b: Garchomp|[spread] \n|-activate|p2a: Sneasler|move: Protect\n|-activate|p2b: Garchomp|move: Protect\n|\n|-fieldend|move: Trick Room\n|upkeep\n|turn|6\n|\n|t:|1775956512\n|move|p2a: Sneasler|Close Combat|p1a: Camerupt\n|-damage|p1a: Camerupt|36/100\n|-unboost|p2a: Sneasler|def|1\n|-unboost|p2a: Sneasler|spd|1\n|-enditem|p2a: Sneasler|White Herb\n|-clearnegativeboost|p2a: Sneasler|[silent]\n|move|p2b: Garchomp|Stomping Tantrum|p1a: Camerupt\n|-supereffective|p1a: Camerupt|1\n|-damage|p1a: Camerupt|0 fnt\n|faint|p1a: Camerupt\n|move|p1b: Meowstic|Trick Room|p1b: Meowstic\n|-fieldstart|move: Trick Room|[of] p1b: Meowstic\n|\n|-fieldend|move: Psychic Terrain\n|upkeep\n|\n|t:|1775956521\n|switch|p1a: Torkoal|Torkoal, L50, M|100/100\n|-weather|SunnyDay|[from] ability: Drought|[of] p1a: Torkoal\n|turn|7\n|\n|t:|1775956531\n|move|p2a: Sneasler|Protect|p2a: Sneasler\n|-singleturn|p2a: Sneasler|Protect\n|move|p1b: Meowstic|Psychic Terrain|p1b: Meowstic\n|-fieldstart|move: Psychic Terrain\n|move|p1a: Torkoal|Eruption|p2a: Sneasler|[spread] p2b\n|-activate|p2a: Sneasler|move: Protect\n|-resisted|p2b: Garchomp|1\n|-damage|p2b: Garchomp|57/100\n|move|p2b: Garchomp|Earthquake|p1a: Torkoal|[spread] p1a\n|-activate|p2a: Sneasler|move: Protect\n|-miss|p2b: Garchomp|p1b: Meowstic\n|-supereffective|p1a: Torkoal|1\n|-damage|p1a: Torkoal|25/100\n|\n|-weather|SunnyDay|[upkeep]\n|upkeep\n|turn|8\n|\n|t:|1775956552\n|move|p1a: Torkoal|Solar Beam||[still]\n|-prepare|p1a: Torkoal|Solar Beam\n|-anim|p1a: Torkoal|Solar Beam|p2b: Garchomp\n|-damage|p2b: Garchomp|16/100\n|move|p1b: Meowstic|Expanding Force|p2b: Garchomp|[spread] p2a,p2b\n|-supereffective|p2a: Sneasler|2\n|-damage|p2a: Sneasler|0 fnt\n|-damage|p2b: Garchomp|0 fnt\n|faint|p2a: Sneasler\n|faint|p2b: Garchomp\n|\n|win|LozTakesABreak\n|raw|LozTakesABreak's rating: 1000 &rarr; <strong>1049</strong><br />(+49 for winning)\n|raw|sarli's rating: 1079 &rarr; <strong>1052</strong><br />(-27 for losing)\n",
  "uploadtime": 1775956561,
  "views": 14,
  "formatid": "gen9championsvgc2026regma",
  "rating": 1049,
  "private": 0,
  "password": null
}