{
  "id": "gen9championsvgc2026regma-2584602814",
  "format": "[Gen 9 Champions] VGC 2026 Reg M-A",
  "players": [
    "NathanaelW19",
    "Flanik"
  ],
  "log": "|j|\u2606NathanaelW19\n|j|\u2606Flanik\n|t:|1776271486\n|gametype|doubles\n|player|p1|NathanaelW19|dragontamer|1178\n|player|p2|Flanik|nate|1216\n|gen|9\n|tier|[Gen 9 Champions] VGC 2026 Reg M-A\n|rated|\n|rule|Species Clause: Limit one of each Pok\u00e9mon\n|rule|Item Clause: Limit 1 of each item\n|clearpoke\n|poke|p1|Basculegion, L50, M|\n|poke|p1|Lucario, L50, F|\n|poke|p1|Arcanine-Hisui, L50, F|\n|poke|p1|Dragonite, L50, F|\n|poke|p1|Gardevoir, L50, F|\n|poke|p1|Glimmora, L50, M|\n|poke|p2|Gardevoir, L50, F|\n|poke|p2|Incineroar, L50, M|\n|poke|p2|Whimsicott, L50, F|\n|poke|p2|Maushold, L50|\n|poke|p2|Garchomp, L50, M|\n|poke|p2|Orthworm, L50, F|\n|teampreview|4\n|inactive|Battle timer is ON: inactive players will automatically lose when time's up. (requested by NathanaelW19)\n|inactive|NathanaelW19 has 60 seconds left.\n|inactive|NathanaelW19 has 30 seconds left.\n|\n|t:|1776271550\n|teamsize|p1|4\n|teamsize|p2|4\n|start\n|switch|p1a: Dragonite|Dragonite, L50, F, shiny|100/100\n|switch|p1b: Glimmora|Glimmora, L50, M, shiny|100/100\n|switch|p2a: Orthworm|Orthworm, L50, F|100/100\n|switch|p2b: Garchomp|Garchomp, L50, M|100/100\n|turn|1\n|\n|t:|1776271568\n|move|p2b: Garchomp|Earthquake|p1a: Dragonite|[spread] p1b\n|-immune|p2a: Orthworm|[from] ability: Earth Eater\n|-immune|p1a: Dragonite\n|-supereffective|p1b: Glimmora|2\n|-enditem|p1b: Glimmora|Focus Sash\n|-damage|p1b: Glimmora|1/100\n|-activate|p1b: Glimmora|ability: Toxic Debris\n|-sidestart|p2: Flanik|move: Toxic Spikes\n|move|p1b: Glimmora|Mortal Spin|p2b: Garchomp|[spread] p2b\n|-immune|p2a: Orthworm\n|-resisted|p2b: Garchomp|1\n|-damage|p2b: Garchomp|98/100\n|-status|p2b: Garchomp|psn\n|-damage|p1b: Glimmora|0 fnt|[from] ability: Rough Skin|[of] p2b: Garchomp\n|faint|p1b: Glimmora\n|move|p1a: Dragonite|Tailwind|p1a: Dragonite\n|-sidestart|p1: NathanaelW19|move: Tailwind\n|move|p2a: Orthworm|Shed Tail|p2a: Orthworm\n|-start|p2a: Orthworm|Substitute|[from] move: Shed Tail\n|-damage|p2a: Orthworm|50/100\n|-enditem|p2a: Orthworm|Sitrus Berry|[eat]\n|-heal|p2a: Orthworm|75/100|[from] item: Sitrus Berry\n|\n|t:|1776271591\n|switch|p2a: Gardevoir|Gardevoir, L50, F, shiny|100/100|[from] Shed Tail\n|-status|p2a: Gardevoir|psn\n|\n|-damage|p2b: Garchomp|86/100 psn|[from] psn\n|-damage|p2a: Gardevoir|88/100 psn|[from] psn\n|upkeep\n|\n|t:|1776271599\n|switch|p1b: Gardevoir|Gardevoir, L50, F, shiny|100/100\n|-ability|p1b: Gardevoir|Rough Skin|Trace|[from] ability: Trace|[of] p2b: Garchomp\n|turn|2\n|\n|t:|1776271622\n|switch|p2b: Incineroar|Incineroar, L50, M|100/100\n|-status|p2b: Incineroar|psn\n|-ability|p2b: Incineroar|Intimidate|boost\n|-fail|p1a: Dragonite|unboost|Attack|[from] ability: Inner Focus|[of] p1a: Dragonite\n|-unboost|p1b: Gardevoir|atk|1\n|detailschange|p1b: Gardevoir|Gardevoir-Mega, L50, F, shiny\n|-mega|p1b: Gardevoir|Gardevoir|Gardevoirite\n|detailschange|p2a: Gardevoir|Gardevoir-Mega, L50, F, shiny\n|-mega|p2a: Gardevoir|Gardevoir|Gardevoirite\n|move|p1b: Gardevoir|Hyper Voice|p2a: Gardevoir|[spread] p2a,p2b\n|-damage|p2a: Gardevoir|49/100 psn\n|-damage|p2b: Incineroar|47/100 psn\n|move|p1a: Dragonite|Scale Shot|p2b: Incineroar\n|-damage|p2b: Incineroar|36/100 psn\n|-damage|p2b: Incineroar|25/100 psn\n|-hitcount|p2b: Incineroar|2\n|-unboost|p1a: Dragonite|def|1\n|-boost|p1a: Dragonite|spe|1\n|move|p2a: Gardevoir|Hyper Voice|p1a: Dragonite|[spread] p1a,p1b\n|-supereffective|p1a: Dragonite|1\n|-damage|p1a: Dragonite|18/100\n|-damage|p1b: Gardevoir|52/100\n|\n|-heal|p2b: Incineroar|31/100 psn|[from] item: Leftovers\n|-damage|p2a: Gardevoir|37/100 psn|[from] psn\n|-damage|p2b: Incineroar|19/100 psn|[from] psn\n|upkeep\n|turn|3\n|inactive|NathanaelW19 has 30 seconds left.\n|inactive|Flanik has 30 seconds left.\n|\n|t:|1776271650\n|move|p1b: Gardevoir|Protect|p1b: Gardevoir\n|-singleturn|p1b: Gardevoir|Protect\n|move|p2b: Incineroar|Fake Out|p1b: Gardevoir\n|-activate|p1b: Gardevoir|move: Protect\n|move|p1a: Dragonite|Extreme Speed|p2a: Gardevoir\n|-end|p2a: Gardevoir|Substitute\n|move|p2a: Gardevoir|Hyper Voice|p1b: Gardevoir|[spread] p1a\n|-activate|p1b: Gardevoir|move: Protect\n|-supereffective|p1a: Dragonite|1\n|-damage|p1a: Dragonite|0 fnt\n|faint|p1a: Dragonite\n|\n|-heal|p2b: Incineroar|25/100 psn|[from] item: Leftovers\n|-damage|p2a: Gardevoir|25/100 psn|[from] psn\n|-damage|p2b: Incineroar|12/100 psn|[from] psn\n|upkeep\n|\n|t:|1776271658\n|switch|p1a: Basculegion|Basculegion, L50, M, shiny|100/100\n|turn|4\n|\n|t:|1776271681\n|switch|p2a: Orthworm|Orthworm, L50, F|75/100\n|switch|p2b: Garchomp|Garchomp, L50, M|86/100 psn\n|move|p1b: Gardevoir|Hyper Voice|p2b: Garchomp|[spread] p2a,p2b\n|-resisted|p2a: Orthworm|1\n|-supereffective|p2b: Garchomp|1\n|-damage|p2a: Orthworm|42/100\n|-damage|p2b: Garchomp|0 fnt\n|faint|p2b: Garchomp\n|move|p1a: Basculegion|Last Respects|p2a: Orthworm\n|-damage|p2a: Orthworm|0 fnt\n|faint|p2a: Orthworm\n|\n|-sideend|p1: NathanaelW19|move: Tailwind\n|upkeep\n|\n|t:|1776271698\n|switch|p2b: Incineroar|Incineroar, L50, M|12/100 psn\n|switch|p2a: Gardevoir|Gardevoir-Mega, L50, F, shiny|25/100 psn\n|-ability|p2b: Incineroar|Intimidate|boost\n|-unboost|p1a: Basculegion|atk|1\n|-unboost|p1b: Gardevoir|atk|1\n|turn|5\n|\n|t:|1776271706\n|move|p1b: Gardevoir|Protect|p1b: Gardevoir\n|-singleturn|p1b: Gardevoir|Protect\n|move|p2b: Incineroar|Fake Out|p1b: Gardevoir\n|-activate|p1b: Gardevoir|move: Protect\n|move|p1a: Basculegion|Last Respects|p2a: Gardevoir\n|-supereffective|p2a: Gardevoir|1\n|-damage|p2a: Gardevoir|0 fnt\n|faint|p2a: Gardevoir\n|\n|-heal|p2b: Incineroar|18/100 psn|[from] item: Leftovers\n|-damage|p2b: Incineroar|6/100 psn|[from] psn\n|upkeep\n|turn|6\n|-message|Flanik forfeited.\n|\n|win|NathanaelW19\n|raw|NathanaelW19's rating: 1178 &rarr; <strong>1206</strong><br />(+28 for winning)\n|raw|Flanik's rating: 1216 &rarr; <strong>1188</strong><br />(-28 for losing)\n",
  "uploadtime": 1776271721,
  "views": 18,
  "formatid": "gen9championsvgc2026regma",
  "rating": 1188,
  "private": 0,
  "password": null
}