{
  "id": "gen9championsvgc2026regma-2582079310",
  "format": "[Gen 9 Champions] VGC 2026 Reg M-A",
  "players": [
    "clammer9",
    "horyzon434"
  ],
  "log": "|j|\u2606clammer9\n|j|\u2606horyzon434\n|t:|1776055265\n|gametype|doubles\n|player|p1|clammer9|101|1022\n|player|p2|horyzon434|101|1015\n|gen|9\n|tier|[Gen 9 Champions] VGC 2026 Reg M-A\n|rated|\n|rule|Species Clause: Limit one of each Pok\u00e9mon\n|rule|Item Clause: Limit 1 of each item\n|clearpoke\n|poke|p1|Lucario, L50, M|\n|poke|p1|Incineroar, L50, M|\n|poke|p1|Dragapult, L50, M|\n|poke|p1|Goodra, L50, M|\n|poke|p1|Araquanid, L50, F|\n|poke|p1|Medicham, L50, F|\n|poke|p2|Venusaur, L50, F|\n|poke|p2|Aerodactyl, L50, M|\n|poke|p2|Sneasler, L50, M|\n|poke|p2|Incineroar, L50, M|\n|poke|p2|Primarina, L50, F|\n|poke|p2|Raichu, L50, M|\n|teampreview|4\n|inactive|Battle timer is ON: inactive players will automatically lose when time's up. (requested by horyzon434)\nclammer9 has agreed to open team sheets.\n|inactive|clammer9 has 60 seconds left.\n|inactive|horyzon434 has 60 seconds left.\nhoryzon434 rejected open team sheets.\n|\n|t:|1776055304\n|teamsize|p1|4\n|teamsize|p2|4\n|start\n|switch|p1a: Lucario|Lucario, L50, M|100/100\n|switch|p1b: Araquanid|Araquanid, L50, F|100/100\n|switch|p2a: Venusaur|Venusaur, L50, F|100/100\n|switch|p2b: Aerodactyl|Aerodactyl, L50, M, shiny|100/100\n|turn|1\n|\n|t:|1776055319\n|detailschange|p2a: Venusaur|Venusaur-Mega, L50, F\n|-mega|p2a: Venusaur|Venusaur|Venusaurite\n|move|p1b: Araquanid|Wide Guard|p1b: Araquanid\n|-singleturn|p1b: Araquanid|Wide Guard\n|move|p2b: Aerodactyl|Tailwind|p2b: Aerodactyl\n|-sidestart|p2: horyzon434|move: Tailwind\n|move|p2a: Venusaur|Earth Power|p1a: Lucario\n|-supereffective|p1a: Lucario|1\n|-damage|p1a: Lucario|0 fnt\n|faint|p1a: Lucario\n|\n|upkeep\n|\n|t:|1776055327\n|switch|p1a: Medicham|Medicham, L50, F|100/100\n|turn|2\n|\n|t:|1776055345\n|switch|p2b: Incineroar|Incineroar, L50, M, shiny|100/100\n|-ability|p2b: Incineroar|Intimidate|boost\n|-unboost|p1a: Medicham|atk|1\n|-unboost|p1b: Araquanid|atk|1\n|move|p1a: Medicham|Fake Out|p2a: Venusaur\n|-damage|p2a: Venusaur|89/100\n|cant|p2a: Venusaur|flinch\n|move|p1b: Araquanid|Liquidation|p2b: Incineroar\n|-supereffective|p2b: Incineroar|1\n|-damage|p2b: Incineroar|22/100\n|\n|upkeep\n|turn|3\n|\n|t:|1776055368\n|switch|p1a: Incineroar|Incineroar, L50, M|100/100\n|-ability|p1a: Incineroar|Intimidate|boost\n|-unboost|p2a: Venusaur|atk|1\n|-unboost|p2b: Incineroar|atk|1\n|move|p2b: Incineroar|Fake Out|p1b: Araquanid\n|-damage|p1b: Araquanid|90/100\n|move|p2a: Venusaur|Giga Drain|p1a: Incineroar\n|-resisted|p1a: Incineroar|1\n|-damage|p1a: Incineroar|83/100\n|-heal|p2a: Venusaur|99/100|[from] drain|[of] p1a: Incineroar\n|cant|p1b: Araquanid|flinch\n|\n|upkeep\n|turn|4\n|\n|t:|1776055392\n|move|p2a: Venusaur|Earth Power|p1a: Incineroar\n|-supereffective|p1a: Incineroar|1\n|-damage|p1a: Incineroar|31/100\n|-enditem|p1a: Incineroar|Sitrus Berry|[eat]\n|-heal|p1a: Incineroar|56/100|[from] item: Sitrus Berry\n|move|p2b: Incineroar|Parting Shot|p1b: Araquanid\n|-unboost|p1b: Araquanid|atk|1\n|-unboost|p1b: Araquanid|spa|1\n|\n|t:|1776055399\n|switch|p2b: Primarina|Primarina, L50, F|100/100|[from] Parting Shot\n|move|p1a: Incineroar|Parting Shot|p2a: Venusaur\n|-unboost|p2a: Venusaur|atk|1\n|-unboost|p2a: Venusaur|spa|1\n|\n|t:|1776055405\n|switch|p1a: Medicham|Medicham, L50, F|100/100|[from] Parting Shot\n|move|p1b: Araquanid|Liquidation|p2b: Primarina\n|-resisted|p2b: Primarina|1\n|-damage|p2b: Primarina|85/100\n|\n|-heal|p2b: Primarina|91/100|[from] item: Leftovers\n|-sideend|p2: horyzon434|move: Tailwind\n|upkeep\n|turn|5\n|inactive|clammer9 has 30 seconds left.\n|\n|t:|1776055434\n|switch|p2a: Incineroar|Incineroar, L50, M, shiny|22/100\n|-ability|p2a: Incineroar|Intimidate|boost\n|-unboost|p1a: Medicham|atk|1\n|-unboost|p1b: Araquanid|atk|1\n|switch|p1b: Incineroar|Incineroar, L50, M|56/100\n|-ability|p1b: Incineroar|Intimidate|boost\n|-unboost|p2a: Incineroar|atk|1\n|-unboost|p2b: Primarina|atk|1\n|move|p1a: Medicham|Fake Out|p2b: Primarina\n|-damage|p2b: Primarina|80/100\n|cant|p2b: Primarina|flinch\n|\n|-heal|p2b: Primarina|86/100|[from] item: Leftovers\n|upkeep\n|turn|6\n|inactive|clammer9 has 30 seconds left.\n|\n|t:|1776055465\n|move|p2a: Incineroar|Fake Out|p1a: Medicham\n|-damage|p1a: Medicham|86/100\n|cant|p1a: Medicham|flinch\n|move|p2b: Primarina|Moonblast|p1a: Medicham\n|-supereffective|p1a: Medicham|1\n|-damage|p1a: Medicham|0 fnt\n|faint|p1a: Medicham\n|move|p1b: Incineroar|Parting Shot|p2b: Primarina\n|-unboost|p2b: Primarina|atk|1\n|-unboost|p2b: Primarina|spa|1\n|\n|t:|1776055474\n|switch|p1b: Araquanid|Araquanid, L50, F|90/100|[from] Parting Shot\n|\n|-heal|p2b: Primarina|91/100|[from] item: Leftovers\n|upkeep\n|\n|t:|1776055479\n|switch|p1a: Incineroar|Incineroar, L50, M|56/100\n|-ability|p1a: Incineroar|Intimidate|boost\n|-unboost|p2a: Incineroar|atk|1\n|-unboost|p2b: Primarina|atk|1\n|turn|7\n|inactive|clammer9 has 30 seconds left.\n|\n|t:|1776055506\n|move|p2a: Incineroar|Parting Shot|p1b: Araquanid\n|-unboost|p1b: Araquanid|atk|1\n|-unboost|p1b: Araquanid|spa|1\n|\n|t:|1776055513\n|switch|p2a: Aerodactyl|Aerodactyl, L50, M, shiny|100/100|[from] Parting Shot\n|move|p2b: Primarina|Hyper Voice|p1b: Araquanid|[spread] p1a,p1b\n|-supereffective|p1a: Incineroar|1\n|-resisted|p1b: Araquanid|1\n|-damage|p1a: Incineroar|17/100\n|-damage|p1b: Araquanid|81/100\n|move|p1a: Incineroar|Flare Blitz|p2a: Aerodactyl\n|-resisted|p2a: Aerodactyl|1\n|-damage|p2a: Aerodactyl|57/100\n|-status|p2a: Aerodactyl|brn\n|-damage|p1a: Incineroar|4/100|[from] Recoil\n|move|p1b: Araquanid|Liquidation|p2b: Primarina\n|-resisted|p2b: Primarina|1\n|-damage|p2b: Primarina|71/100\n|\n|-heal|p2b: Primarina|77/100|[from] item: Leftovers\n|-damage|p2a: Aerodactyl|51/100 brn|[from] brn\n|upkeep\n|turn|8\n|\n|t:|1776055535\n|move|p1b: Araquanid|Wide Guard|p1b: Araquanid\n|-singleturn|p1b: Araquanid|Wide Guard\n|move|p2a: Aerodactyl|Dual Wingbeat|p1b: Araquanid\n|-supereffective|p1b: Araquanid|1\n|-damage|p1b: Araquanid|58/100\n|-supereffective|p1b: Araquanid|1\n|-damage|p1b: Araquanid|36/100\n|-hitcount|p1b: Araquanid|2\n|move|p2b: Primarina|Moonblast|p1a: Incineroar\n|-damage|p1a: Incineroar|0 fnt\n|faint|p1a: Incineroar\n|\n|-heal|p2b: Primarina|83/100|[from] item: Leftovers\n|-damage|p2a: Aerodactyl|45/100 brn|[from] brn\n|upkeep\n|turn|9\n|c|\u2606clammer9|gg\n|\n|t:|1776055553\n|move|p2a: Aerodactyl|Dual Wingbeat|p1b: Araquanid\n|-supereffective|p1b: Araquanid|1\n|-damage|p1b: Araquanid|10/100\n|-supereffective|p1b: Araquanid|1\n|-damage|p1b: Araquanid|0 fnt\n|faint|p1b: Araquanid\n|-hitcount|p1: Araquanid|2\n|\n|win|horyzon434\n|raw|clammer9's rating: 1022 &rarr; <strong>1008</strong><br />(-14 for losing)\n|raw|horyzon434's rating: 1015 &rarr; <strong>1054</strong><br />(+39 for winning)\n",
  "uploadtime": 1776055560,
  "views": 9,
  "formatid": "gen9championsvgc2026regma",
  "rating": 1008,
  "private": 0,
  "password": null
}