{
  "id": "gen9championsvgc2026regma-2582643877",
  "format": "[Gen 9 Champions] VGC 2026 Reg M-A",
  "players": [
    "skyhigh1234",
    "swolecatdad"
  ],
  "log": "|j|\u2606skyhigh1234\n|j|\u2606swolecatdad\n|t:|1776104558\n|gametype|doubles\n|player|p1|skyhigh1234|102|1043\n|player|p2|swolecatdad|ltsurge|1130\n|gen|9\n|tier|[Gen 9 Champions] VGC 2026 Reg M-A\n|rated|\n|rule|Species Clause: Limit one of each Pok\u00e9mon\n|rule|Item Clause: Limit 1 of each item\n|clearpoke\n|poke|p1|Charizard, L50, F|\n|poke|p1|Venusaur, L50, M|\n|poke|p1|Garchomp, L50, M|\n|poke|p1|Rotom-Wash, L50|\n|poke|p1|Sneasler, L50, F|\n|poke|p1|Incineroar, L50, M|\n|poke|p2|Rotom-Wash, L50|\n|poke|p2|Incineroar, L50, M|\n|poke|p2|Floette-Eternal, L50, F|\n|poke|p2|Sinistcha, L50|\n|poke|p2|Sneasler, L50, M|\n|poke|p2|Tyranitar, L50, F|\n|teampreview|4\n|inactive|Battle timer is ON: inactive players will automatically lose when time's up. (requested by skyhigh1234)\n|\n|t:|1776104586\n|teamsize|p1|4\n|teamsize|p2|4\n|start\n|switch|p1a: Sneasler|Sneasler, L50, F|100/100\n|switch|p1b: Charizard|Charizard, L50, F, shiny|100/100\n|switch|p2a: 6'3 Matcha Man|Sinistcha, L50|100/100\n|switch|p2b: Jhala|Sneasler, L50, M|100/100\n|turn|1\n|inactive|swolecatdad has 30 seconds left.\n|\n|t:|1776104615\n|move|p2a: 6'3 Matcha Man|Protect|p2a: 6'3 Matcha Man\n|-singleturn|p2a: 6'3 Matcha Man|Protect\n|move|p1a: Sneasler|Fake Out|p2b: Jhala\n|-damage|p2b: Jhala|77/100\n|cant|p2b: Jhala|flinch\n|move|p1b: Charizard|Heat Wave|p2a: 6'3 Matcha Man|[spread] p2b\n|-activate|p2a: 6'3 Matcha Man|move: Protect\n|-damage|p2b: Jhala|28/100\n|\n|upkeep\n|turn|2\n|inactive|skyhigh1234 has 30 seconds left.\n|inactive|swolecatdad has 30 seconds left.\n|\n|t:|1776104647\n|switch|p2b: caffienated!|Rotom-Wash, L50, shiny|100/100\n|switch|p2a: Tyranitar|Tyranitar, L50, F|100/100\n|-weather|Sandstorm|[from] ability: Sand Stream|[of] p2a: Tyranitar\n|detailschange|p1b: Charizard|Charizard-Mega-Y, L50, F, shiny\n|-mega|p1b: Charizard|Charizard|Charizardite Y\n|-weather|SunnyDay|[from] ability: Drought|[of] p1b: Charizard\n|move|p1a: Sneasler|Rock Tomb|p2a: Tyranitar\n|-damage|p2a: Tyranitar|80/100\n|-unboost|p2a: Tyranitar|spe|1\n|move|p1b: Charizard|Heat Wave|p2a: Tyranitar|[spread] p2a\n|-miss|p1b: Charizard|p2b: caffienated!\n|-resisted|p2a: Tyranitar|1\n|-crit|p2a: Tyranitar\n|-damage|p2a: Tyranitar|27/100\n|\n|-weather|SunnyDay|[upkeep]\n|upkeep\n|turn|3\n|inactive|skyhigh1234 has 30 seconds left.\n|inactive|swolecatdad has 30 seconds left.\n|\n|t:|1776104679\n|switch|p1b: Garchomp|Garchomp, L50, M|100/100\n|switch|p2a: 6'3 Matcha Man|Sinistcha, L50|100/100\n|move|p1a: Sneasler|Close Combat|p2a: 6'3 Matcha Man\n|-immune|p2a: 6'3 Matcha Man\n|move|p2b: caffienated!|Volt Switch|p1b: Garchomp\n|-immune|p1b: Garchomp\n|\n|-weather|SunnyDay|[upkeep]\n|upkeep\n|turn|4\n|\n|t:|1776104698\n|move|p1b: Garchomp|Rock Slide|p2a: 6'3 Matcha Man|[spread] p2a,p2b\n|-damage|p2a: 6'3 Matcha Man|81/100\n|-damage|p2b: caffienated!|81/100\n|move|p1a: Sneasler|Close Combat|p2b: caffienated!\n|-damage|p2b: caffienated!|24/100\n|-unboost|p1a: Sneasler|def|1\n|-unboost|p1a: Sneasler|spd|1\n|-enditem|p1a: Sneasler|White Herb\n|-clearnegativeboost|p1a: Sneasler|[silent]\n|move|p2b: caffienated!|Will-O-Wisp|p1b: Garchomp\n|-status|p1b: Garchomp|brn\n|move|p2a: 6'3 Matcha Man|Trick Room|p2a: 6'3 Matcha Man\n|-fieldstart|move: Trick Room|[of] p2a: 6'3 Matcha Man\n|\n|-weather|SunnyDay|[upkeep]\n|-heal|p2b: caffienated!|29/100|[from] item: Leftovers\n|-damage|p1b: Garchomp|95/100 brn|[from] brn\n|upkeep\n|turn|5\n|\n|t:|1776104718\n|move|p2a: 6'3 Matcha Man|Matcha Gotcha|p1a: Sneasler|[spread] p1a,p1b\n|-resisted|p1a: Sneasler|1\n|-damage|p1a: Sneasler|83/100\n|-heal|p2a: 6'3 Matcha Man|89/100|[from] drain|[of] p1a: Sneasler\n|-damage|p1b: Garchomp|66/100 brn\n|-heal|p2a: 6'3 Matcha Man|100/100|[from] drain|[of] p1b: Garchomp\n|move|p2b: caffienated!|Will-O-Wisp|p1a: Sneasler\n|-status|p1a: Sneasler|brn\n|move|p1b: Garchomp|Rock Slide|p2b: caffienated!|[spread] p2a,p2b\n|-damage|p2a: 6'3 Matcha Man|91/100\n|-damage|p2b: caffienated!|20/100\n|move|p1a: Sneasler|Close Combat|p2b: caffienated!\n|-damage|p2b: caffienated!|0 fnt\n|-unboost|p1a: Sneasler|def|1\n|-unboost|p1a: Sneasler|spd|1\n|faint|p2b: caffienated!\n|\n|-weather|SunnyDay|[upkeep]\n|-damage|p1b: Garchomp|60/100 brn|[from] brn\n|-damage|p1a: Sneasler|78/100 brn|[from] brn\n|upkeep\n|\n|t:|1776104734\n|switch|p2b: Jhala|Sneasler, L50, M|28/100\n|turn|6\n|inactive|skyhigh1234 has 30 seconds left.\n|inactive|skyhigh1234 has 20 seconds left.\n|inactive|skyhigh1234 has 15 seconds left.\n|\n|t:|1776104775\n|switch|p1b: Venusaur|Venusaur, L50, M|100/100\n|move|p2b: Jhala|Protect|p2b: Jhala\n|-singleturn|p2b: Jhala|Protect\n|move|p2a: 6'3 Matcha Man|Matcha Gotcha|p1a: Sneasler|[spread] p1a\n|-miss|p2a: 6'3 Matcha Man|p1b: Venusaur\n|-resisted|p1a: Sneasler|1\n|-damage|p1a: Sneasler|51/100 brn\n|-heal|p2a: 6'3 Matcha Man|100/100|[from] drain|[of] p1a: Sneasler\n|move|p1a: Sneasler|Close Combat|p2b: Jhala\n|-activate|p2b: Jhala|move: Protect\n|\n|-weather|none\n|-damage|p1a: Sneasler|46/100 brn|[from] brn\n|upkeep\n|turn|7\n|inactive|skyhigh1234 has 30 seconds left.\n|inactive|swolecatdad has 30 seconds left.\n|inactive|swolecatdad has 20 seconds left.\n|\n|t:|1776104810\n|switch|p2b: Tyranitar|Tyranitar, L50, F|27/100\n|-weather|Sandstorm|[from] ability: Sand Stream|[of] p2b: Tyranitar\n|move|p2a: 6'3 Matcha Man|Protect|p2a: 6'3 Matcha Man\n|-singleturn|p2a: 6'3 Matcha Man|Protect\n|move|p1b: Venusaur|Sludge Bomb|p2b: Tyranitar\n|-resisted|p2b: Tyranitar|1\n|-damage|p2b: Tyranitar|11/100\n|move|p1a: Sneasler|Close Combat|p2b: Tyranitar\n|-supereffective|p2b: Tyranitar|2\n|-damage|p2b: Tyranitar|0 fnt\n|-unboost|p1a: Sneasler|def|1\n|-unboost|p1a: Sneasler|spd|1\n|faint|p2b: Tyranitar\n|\n|-weather|Sandstorm|[upkeep]\n|-damage|p2a: 6'3 Matcha Man|94/100|[from] Sandstorm\n|-damage|p1b: Venusaur|95/100|[from] Sandstorm\n|-damage|p1a: Sneasler|40/100 brn|[from] Sandstorm\n|-damage|p1a: Sneasler|34/100 brn|[from] brn\n|upkeep\n|\n|t:|1776104821\n|switch|p2b: Jhala|Sneasler, L50, M|28/100\n|turn|8\n|\n|t:|1776104840\n|move|p1b: Venusaur|Protect|p1b: Venusaur\n|-singleturn|p1b: Venusaur|Protect\n|move|p2a: 6'3 Matcha Man|Rage Powder|p2a: 6'3 Matcha Man\n|-singleturn|p2a: 6'3 Matcha Man|move: Rage Powder\n|move|p2b: Jhala|Close Combat|p1a: Sneasler\n|-resisted|p1a: Sneasler|1\n|-crit|p1a: Sneasler\n|-damage|p1a: Sneasler|0 fnt\n|-unboost|p2b: Jhala|def|1\n|-unboost|p2b: Jhala|spd|1\n|faint|p1a: Sneasler\n|-enditem|p2b: Jhala|White Herb\n|-clearnegativeboost|p2b: Jhala|[silent]\n|\n|-weather|Sandstorm|[upkeep]\n|-damage|p2a: 6'3 Matcha Man|88/100|[from] Sandstorm\n|-damage|p1b: Venusaur|89/100|[from] Sandstorm\n|-damage|p2b: Jhala|22/100|[from] Sandstorm\n|-fieldend|move: Trick Room\n|upkeep\n|\n|t:|1776104854\n|switch|p1a: Charizard|Charizard-Mega-Y, L50, F, shiny|100/100\n|-weather|SunnyDay|[from] ability: Drought|[of] p1a: Charizard\n|turn|9\n|\n|t:|1776104877\n|move|p2b: Jhala|Dire Claw|p1a: Charizard\n|-damage|p1a: Charizard|46/100\n|-status|p1a: Charizard|slp\n|move|p1b: Venusaur|Sludge Bomb|p2a: 6'3 Matcha Man\n|-damage|p2a: 6'3 Matcha Man|52/100\n|cant|p1a: Charizard|slp\n|move|p2a: 6'3 Matcha Man|Trick Room|p2a: 6'3 Matcha Man\n|-fieldstart|move: Trick Room|[of] p2a: 6'3 Matcha Man\n|\n|-weather|SunnyDay|[upkeep]\n|upkeep\n|turn|10\n|\n|t:|1776104894\n|switch|p1a: Garchomp|Garchomp, L50, M|60/100 brn\n|move|p2b: Jhala|Protect|p2b: Jhala\n|-singleturn|p2b: Jhala|Protect\n|move|p2a: 6'3 Matcha Man|Matcha Gotcha|p1b: Venusaur|[spread] p1a,p1b\n|-resisted|p1b: Venusaur|2\n|-damage|p1a: Garchomp|32/100 brn\n|-heal|p2a: 6'3 Matcha Man|67/100|[from] drain|[of] p1a: Garchomp\n|-damage|p1b: Venusaur|82/100\n|-heal|p2a: 6'3 Matcha Man|70/100|[from] drain|[of] p1b: Venusaur\n|-status|p1b: Venusaur|brn\n|move|p1b: Venusaur|Leaf Storm|p2b: Jhala\n|-activate|p2b: Jhala|move: Protect\n|\n|-weather|SunnyDay|[upkeep]\n|-damage|p1a: Garchomp|26/100 brn|[from] brn\n|-damage|p1b: Venusaur|76/100 brn|[from] brn\n|upkeep\n|turn|11\n|inactive|swolecatdad has 30 seconds left.\n|\n|t:|1776104921\n|move|p2a: 6'3 Matcha Man|Matcha Gotcha|p1a: Garchomp|[spread] p1a,p1b\n|-resisted|p1b: Venusaur|2\n|-damage|p1a: Garchomp|0 fnt\n|-heal|p2a: 6'3 Matcha Man|84/100|[from] drain|[of] p1a: Garchomp\n|-damage|p1b: Venusaur|69/100 brn\n|-heal|p2a: 6'3 Matcha Man|87/100|[from] drain|[of] p1b: Venusaur\n|faint|p1a: Garchomp\n|move|p1b: Venusaur|Leaf Storm|p2b: Jhala|[miss]\n|-miss|p1b: Venusaur|p2b: Jhala\n|move|p2b: Jhala|Dire Claw|p1b: Venusaur\n|-damage|p1b: Venusaur|11/100 brn\n|\n|-weather|SunnyDay|[upkeep]\n|-damage|p1b: Venusaur|6/100 brn|[from] brn\n|upkeep\n|\n|t:|1776104936\n|switch|p1a: Charizard|Charizard-Mega-Y, L50, F, shiny|46/100 slp\n|turn|12\n|\n|t:|1776104943\n|move|p2b: Jhala|Protect|p2b: Jhala\n|-singleturn|p2b: Jhala|Protect\n|move|p2a: 6'3 Matcha Man|Matcha Gotcha|p1a: Charizard|[spread] p1a\n|-miss|p2a: 6'3 Matcha Man|p1b: Venusaur\n|-resisted|p1a: Charizard|2\n|-damage|p1a: Charizard|39/100 slp\n|-heal|p2a: 6'3 Matcha Man|90/100|[from] drain|[of] p1a: Charizard\n|cant|p1a: Charizard|slp\n|move|p1b: Venusaur|Leaf Storm|p2b: Jhala\n|-activate|p2b: Jhala|move: Protect\n|\n|-weather|SunnyDay|[upkeep]\n|-damage|p1b: Venusaur|0 fnt|[from] brn\n|faint|p1b: Venusaur\n|upkeep\n|turn|13\n|\n|t:|1776104964\n|move|p2a: 6'3 Matcha Man|Protect|p2a: 6'3 Matcha Man\n|-singleturn|p2a: 6'3 Matcha Man|Protect\n|-curestatus|p1a: Charizard|slp|[msg]\n|move|p1a: Charizard|Protect|p1a: Charizard\n|-singleturn|p1a: Charizard|Protect\n|move|p2b: Jhala|Dire Claw|p1a: Charizard\n|-activate|p1a: Charizard|move: Protect\n|\n|-weather|none\n|-fieldend|move: Trick Room\n|upkeep\n|turn|14\n|\n|t:|1776104978\n|move|p2b: Jhala|Dire Claw|p1a: Charizard\n|-damage|p1a: Charizard|0 fnt\n|faint|p1a: Charizard\n|\n|win|swolecatdad\n|raw|skyhigh1234's rating: 1043 &rarr; <strong>1031</strong><br />(-12 for losing)\n|raw|swolecatdad's rating: 1130 &rarr; <strong>1149</strong><br />(+19 for winning)\n|l|\u2606skyhigh1234\n|player|p1|\n",
  "uploadtime": 1776104986,
  "views": 25,
  "formatid": "gen9championsvgc2026regma",
  "rating": 1031,
  "private": 0,
  "password": null
}