{
  "id": "gen9championsvgc2026regma-2586071811",
  "format": "[Gen 9 Champions] VGC 2026 Reg M-A",
  "players": [
    "Jorjjj",
    "qingyunyunyun"
  ],
  "log": "|j|\u2606Jorjjj\n|j|\u2606qingyunyunyun\n|t:|1776395964\n|gametype|doubles\n|player|p1|Jorjjj|169|1450\n|player|p2|qingyunyunyun|2|1465\n|gen|9\n|tier|[Gen 9 Champions] VGC 2026 Reg M-A\n|rated|\n|rule|Species Clause: Limit one of each Pok\u00e9mon\n|rule|Item Clause: Limit 1 of each item\n|clearpoke\n|poke|p1|Blastoise, L50, M|\n|poke|p1|Garchomp, L50, F|\n|poke|p1|Sneasler, L50, M|\n|poke|p1|Aerodactyl, L50, M|\n|poke|p1|Sylveon, L50, M|\n|poke|p1|Sinistcha, L50|\n|poke|p2|Farigiraf, L50, F|\n|poke|p2|Torkoal, L50, M|\n|poke|p2|Incineroar, L50, M|\n|poke|p2|Chesnaught, L50, F|\n|poke|p2|Kingambit, L50, F|\n|poke|p2|Meowscarada, L50, M|\n|teampreview|4\n|inactive|Battle timer is ON: inactive players will automatically lose when time's up. (requested by qingyunyunyun)\n|\n|t:|1776395985\n|teamsize|p1|4\n|teamsize|p2|4\n|start\n|switch|p1a: Sylveon|Sylveon, L50, M|100/100\n|switch|p1b: Sinistcha|Sinistcha, L50|100/100\n|switch|p2a: Meowscarada|Meowscarada, L50, M|100/100\n|switch|p2b: Farigiraf|Farigiraf, L50, F|100/100\n|turn|1\n|\n|t:|1776395998\n|move|p2a: Meowscarada|Triple Axel|p1b: Sinistcha\n|-start|p2a: Meowscarada|typechange|Ice|[from] ability: Protean\n|-supereffective|p1b: Sinistcha|1\n|-damage|p1b: Sinistcha|83/100\n|-supereffective|p1b: Sinistcha|1\n|-damage|p1b: Sinistcha|42/100\n|-enditem|p1b: Sinistcha|Sitrus Berry|[eat]\n|-heal|p1b: Sinistcha|67/100|[from] item: Sitrus Berry\n|-supereffective|p1b: Sinistcha|1\n|-damage|p1b: Sinistcha|16/100\n|-hitcount|p1b: Sinistcha|3\n|move|p1a: Sylveon|Hyper Voice|p2a: Meowscarada|[spread] p2a,p2b\n|-damage|p2a: Meowscarada|30/100\n|-damage|p2b: Farigiraf|56/100\n|move|p1b: Sinistcha|Trick Room|p1b: Sinistcha\n|-fieldstart|move: Trick Room|[of] p1b: Sinistcha\n|move|p2b: Farigiraf|Trick Room|p2b: Farigiraf\n|-fieldend|move: Trick Room\n|\n|upkeep\n|turn|2\n|\n|t:|1776396016\n|switch|p1b: Blastoise|Blastoise, L50, M|100/100\n|move|p2a: Meowscarada|Triple Axel|p1a: Sylveon\n|-damage|p1a: Sylveon|90/100\n|-damage|p1a: Sylveon|65/100\n|-damage|p1a: Sylveon|35/100\n|-hitcount|p1a: Sylveon|3\n|move|p1a: Sylveon|Hyper Voice|p2b: Farigiraf|[spread] p2a,p2b\n|-crit|p2b: Farigiraf\n|-damage|p2a: Meowscarada|0 fnt\n|-damage|p2b: Farigiraf|0 fnt\n|faint|p2a: Meowscarada\n|faint|p2b: Farigiraf\n|\n|upkeep\n|\n|t:|1776396028\n|switch|p2a: Chesnaught|Chesnaught, L50, F|100/100\n|switch|p2b: Torkoal|Torkoal, L50, M|100/100\n|-weather|SunnyDay|[from] ability: Drought|[of] p2b: Torkoal\n|turn|3\n|\n|t:|1776396048\n|detailschange|p1b: Blastoise|Blastoise-Mega, L50, M\n|-mega|p1b: Blastoise|Blastoise|Blastoisinite\n|detailschange|p2a: Chesnaught|Chesnaught-Mega, L50, F\n|-mega|p2a: Chesnaught|Chesnaught|Chesnaughtite\n|move|p2a: Chesnaught|Wide Guard|p2a: Chesnaught\n|-singleturn|p2a: Chesnaught|Wide Guard\n|move|p1b: Blastoise|Water Spout|p2a: Chesnaught|[spread] \n|-activate|p2a: Chesnaught|move: Wide Guard\n|-activate|p2b: Torkoal|move: Wide Guard\n|move|p1a: Sylveon|Hyper Voice|p2a: Chesnaught|[spread] \n|-activate|p2a: Chesnaught|move: Wide Guard\n|-activate|p2b: Torkoal|move: Wide Guard\n|move|p2b: Torkoal|Eruption|p1a: Sylveon|[spread] p1a,p1b\n|-resisted|p1b: Blastoise|1\n|-damage|p1a: Sylveon|0 fnt\n|-damage|p1b: Blastoise|58/100\n|faint|p1a: Sylveon\n|\n|-weather|SunnyDay|[upkeep]\n|upkeep\n|\n|t:|1776396059\n|switch|p1a: Garchomp|Garchomp, L50, F|100/100\n|turn|4\n|\n|t:|1776396078\n|move|p2b: Torkoal|Protect|p2b: Torkoal\n|-singleturn|p2b: Torkoal|Protect\n|move|p1a: Garchomp|Stomping Tantrum|p2b: Torkoal\n|-activate|p2b: Torkoal|move: Protect\n|move|p1b: Blastoise|Dark Pulse|p2b: Torkoal\n|-activate|p2b: Torkoal|move: Protect\n|move|p2a: Chesnaught|Wood Hammer|p1b: Blastoise\n|-supereffective|p1b: Blastoise|1\n|-crit|p1b: Blastoise\n|-damage|p1b: Blastoise|0 fnt\n|faint|p1b: Blastoise\n|-damage|p2a: Chesnaught|84/100|[from] Recoil\n|\n|-weather|SunnyDay|[upkeep]\n|upkeep\n|\n|t:|1776396080\n|switch|p1b: Sinistcha|Sinistcha, L50|16/100\n|turn|5\n|inactive|qingyunyunyun has 30 seconds left.\n|\n|t:|1776396107\n|move|p1a: Garchomp|Stomping Tantrum|p2b: Torkoal\n|-supereffective|p2b: Torkoal|1\n|-damage|p2b: Torkoal|33/100\n|move|p1b: Sinistcha|Life Dew||[still]|[spread] p1a,p1b\n|-fail|p1a: Garchomp|heal\n|-heal|p1b: Sinistcha|42/100\n|move|p2a: Chesnaught|Body Press|p1a: Garchomp\n|-damage|p1a: Garchomp|46/100\n|-damage|p2a: Chesnaught|71/100|[from] ability: Rough Skin|[of] p1a: Garchomp\n|move|p2b: Torkoal|Heat Wave|p1b: Sinistcha|[spread] p1a,p1b\n|-resisted|p1a: Garchomp|1\n|-supereffective|p1b: Sinistcha|1\n|-damage|p1a: Garchomp|17/100\n|-damage|p1b: Sinistcha|0 fnt\n|faint|p1b: Sinistcha\n|\n|-weather|SunnyDay|[upkeep]\n|upkeep\n|turn|6\n|\n|t:|1776396125\n|move|p2a: Chesnaught|Spiky Shield|p2a: Chesnaught\n|-singleturn|p2a: Chesnaught|move: Protect\n|move|p1a: Garchomp|Stomping Tantrum|p2b: Torkoal\n|-supereffective|p2b: Torkoal|1\n|-damage|p2b: Torkoal|0 fnt\n|faint|p2b: Torkoal\n|\n|-weather|SunnyDay|[upkeep]\n|upkeep\n|turn|7\n|\n|t:|1776396133\n|move|p1a: Garchomp|Stomping Tantrum|p2a: Chesnaught\n|-resisted|p2a: Chesnaught|1\n|-damage|p2a: Chesnaught|62/100\n|move|p2a: Chesnaught|Body Press|p1a: Garchomp\n|-damage|p1a: Garchomp|0 fnt\n|-damage|p2a: Chesnaught|50/100|[from] ability: Rough Skin|[of] p1a: Garchomp\n|faint|p1a: Garchomp\n|\n|win|qingyunyunyun\n|raw|Jorjjj's rating: 1450 &rarr; <strong>1431</strong><br />(-19 for losing)\n|raw|qingyunyunyun's rating: 1465 &rarr; <strong>1484</strong><br />(+19 for winning)\n|l|\u2606Jorjjj\n|player|p1|\n",
  "uploadtime": 1776396141,
  "views": 29,
  "formatid": "gen9championsvgc2026regma",
  "rating": 1431,
  "private": 0,
  "password": null
}