{
  "id": "gen9championsvgc2026regma-2582428325",
  "format": "[Gen 9 Champions] VGC 2026 Reg M-A",
  "players": [
    "Zolti148",
    "Zapdos79"
  ],
  "log": "|j|\u2606Zolti148\n|j|\u2606Zapdos79\n|t:|1776091054\n|gametype|doubles\n|player|p1|Zolti148|169|1093\n|player|p2|Zapdos79|flannery|1000\n|gen|9\n|tier|[Gen 9 Champions] VGC 2026 Reg M-A\n|rated|\n|rule|Species Clause: Limit one of each Pok\u00e9mon\n|rule|Item Clause: Limit 1 of each item\n|clearpoke\n|poke|p1|Blastoise, L50, F|\n|poke|p1|Tinkaton, L50, F|\n|poke|p1|Toxicroak, L50, M|\n|poke|p1|Incineroar, L50, F|\n|poke|p1|Dragonite, L50, M|\n|poke|p1|Pelipper, L50, M|\n|poke|p2|Tyranitar, L50, M|\n|poke|p2|Talonflame, L50, F|\n|poke|p2|Excadrill, L50, M|\n|poke|p2|Meganium, L50, M|\n|poke|p2|Farigiraf, L50, F|\n|poke|p2|Incineroar, L50, F|\n|teampreview|4\n|inactive|Battle timer is ON: inactive players will automatically lose when time's up. (requested by Zolti148)\n|inactive|Zolti148 has 60 seconds left.\n|inactive|Zapdos79 has 60 seconds left.\n|inactive|Zolti148 has 30 seconds left.\n|inactive|Zapdos79 has 30 seconds left.\n|inactive|Zolti148 has 20 seconds left.\n|inactive|Zapdos79 has 20 seconds left.\n|inactive|Zolti148 has 15 seconds left.\n|inactive|Zapdos79 has 15 seconds left.\n|\n|t:|1776091134\n|teamsize|p1|4\n|teamsize|p2|4\n|start\n|switch|p1a: Incineroar|Incineroar, L50, F|100/100\n|switch|p1b: Toxicroak|Toxicroak, L50, M|100/100\n|switch|p2a: Tyranitar|Tyranitar, L50, M|100/100\n|switch|p2b: Meganium|Meganium, L50, M|100/100\n|-weather|Sandstorm|[from] ability: Sand Stream|[of] p2a: Tyranitar\n|-ability|p1a: Incineroar|Intimidate|boost\n|-unboost|p2a: Tyranitar|atk|1\n|-unboost|p2b: Meganium|atk|1\n|turn|1\n|\n|t:|1776091144\n|switch|p2b: Excadrill|Excadrill, L50, M|100/100\n|move|p2a: Tyranitar|Protect|p2a: Tyranitar\n|-singleturn|p2a: Tyranitar|Protect\n|move|p1a: Incineroar|Fake Out|p2b: Excadrill\n|-resisted|p2b: Excadrill|1\n|-damage|p2b: Excadrill|91/100\n|move|p1b: Toxicroak|Drain Punch|p2a: Tyranitar\n|-activate|p2a: Tyranitar|move: Protect\n|\n|-weather|Sandstorm|[upkeep]\n|-damage|p1b: Toxicroak|95/100|[from] Sandstorm\n|-damage|p1a: Incineroar|95/100|[from] Sandstorm\n|-heal|p1b: Toxicroak|100/100|[from] item: Leftovers\n|upkeep\n|turn|2\n|\n|t:|1776091156\n|switch|p2a: Incineroar|Incineroar, L50, F|100/100\n|-ability|p2a: Incineroar|Intimidate|boost\n|-unboost|p1a: Incineroar|atk|1\n|-unboost|p1b: Toxicroak|atk|1\n|switch|p1a: Pelipper|Pelipper, L50, M|100/100\n|-weather|RainDance|[from] ability: Drizzle|[of] p1a: Pelipper\n|move|p2b: Excadrill|Rock Slide|p1b: Toxicroak|[spread] p1a,p1b\n|-supereffective|p1a: Pelipper|1\n|-resisted|p1b: Toxicroak|1\n|-damage|p1a: Pelipper|63/100\n|-damage|p1b: Toxicroak|88/100\n|move|p1b: Toxicroak|Drain Punch|p2b: Excadrill\n|-supereffective|p2b: Excadrill|1\n|-damage|p2b: Excadrill|44/100\n|-heal|p1b: Toxicroak|100/100|[from] drain|[of] p2b: Excadrill\n|\n|-weather|RainDance|[upkeep]\n|upkeep\n|turn|3\n|inactive|Zapdos79 has 30 seconds left.\n|\n|t:|1776091184\n|switch|p1b: Blastoise|Blastoise, L50, F|100/100\n|switch|p1a: Incineroar|Incineroar, L50, F|95/100\n|-ability|p1a: Incineroar|Intimidate|boost\n|-unboost|p2a: Incineroar|atk|1\n|-unboost|p2b: Excadrill|atk|1\n|-enditem|p2b: Excadrill|White Herb\n|-clearnegativeboost|p2b: Excadrill|[silent]\n|move|p2b: Excadrill|Protect|p2b: Excadrill\n|-singleturn|p2b: Excadrill|Protect\n|move|p2a: Incineroar|Fake Out|p1b: Blastoise\n|-damage|p1b: Blastoise|90/100\n|\n|-weather|RainDance|[upkeep]\n|-heal|p1b: Blastoise|96/100|[from] ability: Rain Dish\n|upkeep\n|turn|4\n|\n|t:|1776091208\n|switch|p2b: Meganium|Meganium, L50, M|100/100\n|switch|p2a: Tyranitar|Tyranitar, L50, M|100/100\n|-weather|Sandstorm|[from] ability: Sand Stream|[of] p2a: Tyranitar\n|detailschange|p1b: Blastoise|Blastoise-Mega, L50, F\n|-mega|p1b: Blastoise|Blastoise|Blastoisinite\n|move|p1a: Incineroar|Fake Out|p2b: Meganium\n|-damage|p2b: Meganium|83/100\n|move|p1b: Blastoise|Water Spout|p2b: Meganium|[spread] p2a,p2b\n|-supereffective|p2a: Tyranitar|1\n|-resisted|p2b: Meganium|1\n|-damage|p2a: Tyranitar|17/100\n|-damage|p2b: Meganium|49/100\n|\n|-weather|Sandstorm|[upkeep]\n|-damage|p2b: Meganium|43/100|[from] Sandstorm\n|-damage|p1b: Blastoise|90/100|[from] Sandstorm\n|-damage|p1a: Incineroar|89/100|[from] Sandstorm\n|upkeep\n|turn|5\n|inactive|Zolti148 has 30 seconds left.\n|\n|t:|1776091233\n|detailschange|p2b: Meganium|Meganium-Mega, L50, M\n|-mega|p2b: Meganium|Meganium|Meganiumite\n|move|p1b: Blastoise|Protect|p1b: Blastoise\n|-singleturn|p1b: Blastoise|Protect\n|move|p2b: Meganium|Solar Beam||[still]\n|-prepare|p2b: Meganium|Solar Beam\n|-activate|p2b: Meganium|ability: Mega Sol\n|-anim|p2b: Meganium|Solar Beam|p1b: Blastoise\n|-activate|p1b: Blastoise|move: Protect\n|move|p2a: Tyranitar|Rock Slide|p1b: Blastoise|[spread] p1a\n|-activate|p1b: Blastoise|move: Protect\n|-supereffective|p1a: Incineroar|1\n|-damage|p1a: Incineroar|23/100\n|move|p1a: Incineroar|Close Combat|p2a: Tyranitar\n|-supereffective|p2a: Tyranitar|2\n|-enditem|p2a: Tyranitar|Chople Berry|[eat]\n|-enditem|p2a: Tyranitar|Chople Berry|[weaken]\n|-damage|p2a: Tyranitar|0 fnt\n|-unboost|p1a: Incineroar|def|1\n|-unboost|p1a: Incineroar|spd|1\n|faint|p2a: Tyranitar\n|\n|-weather|Sandstorm|[upkeep]\n|-damage|p2b: Meganium|37/100|[from] Sandstorm\n|-damage|p1b: Blastoise|84/100|[from] Sandstorm\n|-damage|p1a: Incineroar|17/100|[from] Sandstorm\n|upkeep\n|\n|t:|1776091256\n|switch|p2a: Incineroar|Incineroar, L50, F|100/100\n|-ability|p2a: Incineroar|Intimidate|boost\n|-unboost|p1a: Incineroar|atk|1\n|-unboost|p1b: Blastoise|atk|1\n|turn|6\n|\n|t:|1776091268\n|switch|p1b: Toxicroak|Toxicroak, L50, M|100/100\n|switch|p1a: Pelipper|Pelipper, L50, M|63/100\n|-weather|RainDance|[from] ability: Drizzle|[of] p1a: Pelipper\n|move|p2a: Incineroar|Fake Out|p1a: Pelipper\n|-damage|p1a: Pelipper|49/100\n|move|p2b: Meganium|Synthesis|p2b: Meganium\n|-heal|p2b: Meganium|100/100\n|\n|-weather|RainDance|[upkeep]\n|upkeep\n|turn|7\n|inactive|Zolti148 has 30 seconds left.\n|inactive|Zapdos79 has 30 seconds left.\n|inactive|Zolti148 has 20 seconds left.\n|-activate|p1a: Pelipper|item: Quick Claw\n|\n|t:|1776091304\n|move|p1a: Pelipper|Ice Beam|p2b: Meganium\n|-supereffective|p2b: Meganium|1\n|-damage|p2b: Meganium|52/100\n|move|p2b: Meganium|Weather Ball|p1b: Toxicroak\n|-damage|p1b: Toxicroak|32/100\n|move|p1b: Toxicroak|Toxic|p2b: Meganium\n|-status|p2b: Meganium|tox\n|move|p2a: Incineroar|Parting Shot|p1a: Pelipper\n|-unboost|p1a: Pelipper|atk|1\n|-unboost|p1a: Pelipper|spa|1\n|\n|t:|1776091317\n|switch|p2a: Excadrill|Excadrill, L50, M|44/100|[from] Parting Shot\n|\n|-weather|RainDance|[upkeep]\n|-heal|p1b: Toxicroak|44/100|[from] ability: Dry Skin\n|-heal|p1b: Toxicroak|50/100|[from] item: Leftovers\n|-damage|p2b: Meganium|46/100 tox|[from] psn\n|upkeep\n|turn|8\n|\n|t:|1776091334\n|switch|p1b: Incineroar|Incineroar, L50, F|17/100\n|-ability|p1b: Incineroar|Intimidate|boost\n|-unboost|p2a: Excadrill|atk|1\n|-unboost|p2b: Meganium|atk|1\n|move|p2a: Excadrill|Rock Slide|p1a: Pelipper|[spread] p1a,p1b\n|-supereffective|p1a: Pelipper|1\n|-supereffective|p1b: Incineroar|1\n|-damage|p1a: Pelipper|22/100\n|-damage|p1b: Incineroar|0 fnt\n|faint|p1b: Incineroar\n|move|p2b: Meganium|Dazzling Gleam|p1a: Pelipper\n|-damage|p1a: Pelipper|0 fnt\n|faint|p1a: Pelipper\n|\n|-weather|RainDance|[upkeep]\n|-damage|p2b: Meganium|35/100 tox|[from] psn\n|upkeep\n|\n|t:|1776091347\n|switch|p1a: Toxicroak|Toxicroak, L50, M|50/100\n|switch|p1b: Blastoise|Blastoise-Mega, L50, F|84/100\n|turn|9\n|\n|t:|1776091361\n|move|p1b: Blastoise|Protect|p1b: Blastoise\n|-singleturn|p1b: Blastoise|Protect\n|move|p2a: Excadrill|High Horsepower|p1a: Toxicroak\n|-supereffective|p1a: Toxicroak|1\n|-damage|p1a: Toxicroak|0 fnt\n|faint|p1a: Toxicroak\n|move|p2b: Meganium|Synthesis|p2b: Meganium\n|-heal|p2b: Meganium|100/100 tox\n|\n|-weather|RainDance|[upkeep]\n|-damage|p2b: Meganium|83/100 tox|[from] psn\n|upkeep\n|turn|10\n|\n|t:|1776091381\n|move|p2a: Excadrill|High Horsepower|p1b: Blastoise|[miss]\n|-miss|p2a: Excadrill|p1b: Blastoise\n|move|p2b: Meganium|Solar Beam||[still]\n|-prepare|p2b: Meganium|Solar Beam\n|-activate|p2b: Meganium|ability: Mega Sol\n|-anim|p2b: Meganium|Solar Beam|p1b: Blastoise\n|-supereffective|p1b: Blastoise|1\n|-damage|p1b: Blastoise|0 fnt\n|faint|p1b: Blastoise\n|\n|win|Zapdos79\n|raw|Zolti148's rating: 1093 &rarr; <strong>1063</strong><br />(-30 for losing)\n|raw|Zapdos79's rating: 1000 &rarr; <strong>1050</strong><br />(+50 for winning)\n|l|\u2606Zolti148\n|player|p1|\n",
  "uploadtime": 1776091545,
  "views": 29,
  "formatid": "gen9championsvgc2026regma",
  "rating": 1050,
  "private": 0,
  "password": null
}