{
  "id": "gen9championsvgc2026regma-2584004744",
  "format": "[Gen 9 Champions] VGC 2026 Reg M-A",
  "players": [
    "Melphegor",
    "coberdt"
  ],
  "log": "|j|\u2606Melphegor\n|j|\u2606coberdt\n|t:|1776215980\n|gametype|doubles\n|player|p1|Melphegor|n|1220\n|player|p2|coberdt|roxie|1149\n|gen|9\n|tier|[Gen 9 Champions] VGC 2026 Reg M-A\n|rated|\n|rule|Species Clause: Limit one of each Pok\u00e9mon\n|rule|Item Clause: Limit 1 of each item\n|clearpoke\n|poke|p1|Drampa, L50, M|\n|poke|p1|Raichu, L50, F|\n|poke|p1|Slowking-Galar, L50, M|\n|poke|p1|Incineroar, L50, F|\n|poke|p1|Passimian, L50, M|\n|poke|p1|Reuniclus, L50, M|\n|poke|p2|Pelipper, L50, M|\n|poke|p2|Archaludon, L50, F|\n|poke|p2|Incineroar, L50, M|\n|poke|p2|Sinistcha, L50|\n|poke|p2|Palafin, L50, F|\n|poke|p2|Gengar, L50, M|\n|teampreview|4\ncoberdt has agreed to open team sheets.\n|inactive|Battle timer is ON: inactive players will automatically lose when time's up. (requested by coberdt)\n|\n|t:|1776216036\n|teamsize|p1|4\n|teamsize|p2|4\n|start\n|switch|p1a: Passimian|Passimian, L50, M|100/100\n|switch|p1b: Reuniclus|Reuniclus, L50, M|100/100\n|switch|p2a: Palafin|Palafin, L50, F|100/100\n|switch|p2b: Archaludon|Archaludon, L50, F|100/100\n|turn|1\n|inactive|Melphegor has 30 seconds left.\n|\n|t:|1776216071\n|detailschange|p2a: Palafin|Palafin-Hero, L50, F\n|switch|p2a: Pelipper|Pelipper, L50, M|100/100\n|-weather|RainDance|[from] ability: Drizzle|[of] p2a: Pelipper\n|move|p1a: Passimian|Protect|p1a: Passimian\n|-singleturn|p1a: Passimian|Protect\n|move|p2b: Archaludon|Electro Shot||[still]\n|-prepare|p2b: Archaludon|Electro Shot\n|-boost|p2b: Archaludon|spa|1\n|-anim|p2b: Archaludon|Electro Shot|p1a: Passimian\n|-activate|p1a: Passimian|move: Protect\n|move|p1b: Reuniclus|Trick Room|p1b: Reuniclus\n|-fieldstart|move: Trick Room|[of] p1b: Reuniclus\n|\n|-weather|RainDance|[upkeep]\n|upkeep\n|turn|2\n|\n|t:|1776216093\n|switch|p1a: Raichu|Raichu, L50, F|100/100\n|move|p2b: Archaludon|Protect|p2b: Archaludon\n|-singleturn|p2b: Archaludon|Protect\n|move|p1b: Reuniclus|Focus Blast|p2b: Archaludon\n|-activate|p2b: Archaludon|move: Protect\n|move|p2a: Pelipper|Hurricane|p1a: Raichu\n|-resisted|p1a: Raichu|1\n|-damage|p1a: Raichu|65/100\n|\n|-weather|RainDance|[upkeep]\n|upkeep\n|turn|3\n|inactive|coberdt has 30 seconds left.\n|inactive|Melphegor has 30 seconds left.\n|\n|t:|1776216127\n|switch|p2b: Gengar|Gengar, L50, M|100/100\n|move|p1a: Raichu|Fake Out|p2a: Pelipper\n|-damage|p2a: Pelipper|90/100\n|move|p1b: Reuniclus|Focus Blast|p2b: Gengar\n|-immune|p2b: Gengar\n|cant|p2a: Pelipper|flinch\n|\n|-weather|RainDance|[upkeep]\n|upkeep\n|turn|4\n|\n|t:|1776216144\n|switch|p1a: Drampa|Drampa, L50, M|100/100\n|detailschange|p2b: Gengar|Gengar-Mega, L50, M\n|-mega|p2b: Gengar|Gengar|Gengarite\n|move|p2a: Pelipper|Protect|p2a: Pelipper\n|-singleturn|p2a: Pelipper|Protect\n|move|p1b: Reuniclus|Psychic|p2b: Gengar\n|-supereffective|p2b: Gengar|1\n|-damage|p2b: Gengar|0 fnt\n|faint|p2b: Gengar\n|\n|-weather|RainDance|[upkeep]\n|upkeep\n|\n|t:|1776216153\n|switch|p2b: Archaludon|Archaludon, L50, F|100/100\n|turn|5\n|\n|t:|1776216165\n|switch|p1a: Raichu|Raichu, L50, F|65/100\n|move|p2b: Archaludon|Protect|p2b: Archaludon\n|-singleturn|p2b: Archaludon|Protect\n|move|p1b: Reuniclus|Psychic|p2a: Pelipper\n|-damage|p2a: Pelipper|10/100\n|move|p2a: Pelipper|Weather Ball|p1b: Reuniclus\n|-damage|p1b: Reuniclus|41/100\n|\n|-weather|none\n|-fieldend|move: Trick Room\n|upkeep\n|turn|6\n|inactive|Melphegor has 30 seconds left.\n|inactive|Melphegor has 20 seconds left.\n|\n|t:|1776216202\n|move|p2a: Pelipper|Protect|p2a: Pelipper\n|-singleturn|p2a: Pelipper|Protect\n|move|p1a: Raichu|Volt Switch|p2a: Pelipper\n|-activate|p2a: Pelipper|move: Protect\n|move|p2b: Archaludon|Dragon Pulse|p1b: Reuniclus\n|-damage|p1b: Reuniclus|0 fnt\n|faint|p1b: Reuniclus\n|\n|upkeep\n|\n|t:|1776216219\n|switch|p1b: Passimian|Passimian, L50, M|100/100\n|turn|7\n|inactive|Melphegor has 30 seconds left.\n|\n|t:|1776216248\n|switch|p2a: Palafin|Palafin-Hero, L50, F|100/100\n|-activate|p2a: Palafin|ability: Zero to Hero\n|move|p2b: Archaludon|Protect|p2b: Archaludon\n|-singleturn|p2b: Archaludon|Protect\n|move|p1a: Raichu|Volt Switch|p2a: Palafin\n|-supereffective|p2a: Palafin|1\n|-damage|p2a: Palafin|35/100\n|\n|t:|1776216256\n|switch|p1a: Drampa|Drampa, L50, M|100/100|[from] Volt Switch\n|move|p1b: Passimian|Drain Punch|p2b: Archaludon\n|-activate|p2b: Archaludon|move: Protect\n|\n|upkeep\n|turn|8\n|\n|t:|1776216275\n|switch|p2a: Pelipper|Pelipper, L50, M|10/100\n|-weather|RainDance|[from] ability: Drizzle|[of] p2a: Pelipper\n|move|p1a: Drampa|Protect|p1a: Drampa\n|-singleturn|p1a: Drampa|Protect\n|move|p2b: Archaludon|Dragon Pulse|p1a: Drampa\n|-activate|p1a: Drampa|move: Protect\n|move|p1b: Passimian|Drain Punch|p2a: Pelipper\n|-resisted|p2a: Pelipper|1\n|-damage|p2a: Pelipper|0 fnt\n|faint|p2a: Pelipper\n|\n|-weather|RainDance|[upkeep]\n|upkeep\n|\n|t:|1776216284\n|switch|p2a: Palafin|Palafin-Hero, L50, F|35/100\n|turn|9\n|\n|t:|1776216307\n|detailschange|p1a: Drampa|Drampa-Mega, L50, M\n|-mega|p1a: Drampa|Drampa|Drampanite\n|move|p2a: Palafin|Wave Crash|p1b: Passimian\n|-damage|p1b: Passimian|0 fnt\n|faint|p1b: Passimian\n|-damage|p2a: Palafin|0 fnt|[from] Recoil\n|faint|p2a: Palafin\n|move|p2b: Archaludon|Dragon Pulse|p1a: Drampa\n|-supereffective|p1a: Drampa|1\n|-damage|p1a: Drampa|22/100\n|-ability|p1a: Drampa|Berserk|boost\n|-boost|p1a: Drampa|spa|1\n|move|p1a: Drampa|Dragon Pulse|p2b: Archaludon\n|-ability|p2b: Archaludon|Sturdy\n|-damage|p2b: Archaludon|1/100\n|\n|-weather|RainDance|[upkeep]\n|upkeep\n|\n|t:|1776216320\n|switch|p1b: Raichu|Raichu, L50, F|65/100\n|turn|10\n|\n|t:|1776216326\n|move|p2b: Archaludon|Protect|p2b: Archaludon\n|-singleturn|p2b: Archaludon|Protect\n|move|p1b: Raichu|Fake Out|p2b: Archaludon\n|-activate|p2b: Archaludon|move: Protect\n|move|p1a: Drampa|Dragon Pulse|p2b: Archaludon\n|-activate|p2b: Archaludon|move: Protect\n|\n|-weather|RainDance|[upkeep]\n|upkeep\n|turn|11\n|\n|t:|1776216337\n|move|p1b: Raichu|Volt Switch|p2b: Archaludon\n|-resisted|p2b: Archaludon|1\n|-crit|p2b: Archaludon\n|-damage|p2b: Archaludon|0 fnt\n|faint|p2b: Archaludon\n|\n|win|Melphegor\n|raw|Melphegor's rating: 1220 &rarr; <strong>1240</strong><br />(+20 for winning)\n|raw|coberdt's rating: 1149 &rarr; <strong>1129</strong><br />(-20 for losing)\n",
  "uploadtime": 1776216340,
  "views": 59,
  "formatid": "gen9championsvgc2026regma",
  "rating": 1129,
  "private": 0,
  "password": null
}