{
  "id": "gen9championsvgc2026regma-2588260920",
  "format": "[Gen 9 Champions] VGC 2026 Reg M-A",
  "players": [
    "ppyyy-inertia",
    "steeznuts"
  ],
  "log": "|j|\u2606ppyyy-inertia\n|j|\u2606steeznuts\n|html|<table width=\"100%\"><tr><td align=\"left\">ppyyy-inertia</td><td align=\"right\">steeznuts</tr><tr><td align=\"left\"><i class=\"fa fa-circle\"></i> <i class=\"fa fa-circle-o\"></i> </td><td align=\"right\"><i class=\"fa fa-circle-o\"></i> <i class=\"fa fa-circle-o\"></i> </tr></table>\n|uhtml|bestof|<h2><strong>Game 2</strong> of <a href=\"/game-bestof3-gen9championsvgc2026regma-2588257568\">a best-of-3</a></h2>\n|t:|1776618956\n|gametype|doubles\n|player|p1|ppyyy-inertia|elesa-gen5bw2|\n|player|p2|steeznuts|2|\n|gen|9\n|tier|[Gen 9 Champions] VGC 2026 Reg M-A\n|rated|Tournament battle\n|rule|Species Clause: Limit one of each Pok\u00e9mon\n|rule|Item Clause: Limit 1 of each item\n|raw|<div class=\"infobox\"><details class=\"readmore\" open><summary><strong>1 custom rule:</strong></summary> Best of = 3</details></div>\n|clearpoke\n|poke|p1|Incineroar, L50, F|\n|poke|p1|Floette-Eternal, L50, F, shiny|\n|poke|p1|Zoroark-Hisui, L50, F, shiny|\n|poke|p1|Tinkaton, L50, F, shiny|\n|poke|p1|Dragonite, L50, M, shiny|\n|poke|p1|Garchomp, L50, F|\n|poke|p2|Basculegion, L50, M|\n|poke|p2|Rhyperior, L50, M, shiny|\n|poke|p2|Charizard, L50, M, shiny|\n|poke|p2|Incineroar, L50, M|\n|poke|p2|Farigiraf, L50, M|\n|poke|p2|Garchomp, L50, F|\n|teampreview|4\n|\n|t:|1776618991\n|teamsize|p1|4\n|teamsize|p2|4\n|start\n|switch|p1a: Floette|Floette-Eternal, L50, F, shiny|100/100\n|switch|p1b: Incineroar|Incineroar, L50, F|100/100\n|switch|p2a: Incineroar|Incineroar, L50, M|100/100\n|switch|p2b: Farigiraf|Farigiraf, L50, M|100/100\n|-ability|p1b: Incineroar|Intimidate|boost\n|-unboost|p2a: Incineroar|atk|1\n|-unboost|p2b: Farigiraf|atk|1\n|-ability|p2a: Incineroar|Intimidate|boost\n|-unboost|p1a: Floette|atk|1\n|-unboost|p1b: Incineroar|atk|1\n|turn|1\n|\n|t:|1776619012\n|detailschange|p1a: Floette|Floette-Mega, L50, F, shiny\n|-mega|p1a: Floette|Floette|Floettite\n|-ability|p1a: Floette|Fairy Aura\n|move|p1a: Floette|Dazzling Gleam|p2b: Farigiraf|[spread] p2a,p2b\n|-damage|p2a: Incineroar|66/100\n|-damage|p2b: Farigiraf|58/100\n|move|p1b: Incineroar|Throat Chop|p2b: Farigiraf\n|-supereffective|p2b: Farigiraf|1\n|-damage|p2b: Farigiraf|20/100\n|-start|p2b: Farigiraf|Throat Chop|[silent]\n|-enditem|p2b: Farigiraf|Sitrus Berry|[eat]\n|-heal|p2b: Farigiraf|45/100|[from] item: Sitrus Berry\n|move|p2a: Incineroar|Parting Shot|p1a: Floette\n|-unboost|p1a: Floette|atk|1\n|-unboost|p1a: Floette|spa|1\n|\n|t:|1776619023\n|switch|p2a: Rhyperior|Rhyperior, L50, M, shiny|100/100|[from] Parting Shot\n|move|p2b: Farigiraf|Trick Room|p2b: Farigiraf\n|-fieldstart|move: Trick Room|[of] p2b: Farigiraf\n|\n|upkeep\n|turn|2\n|\n|t:|1776619035\n|switch|p1b: Dragonite|Dragonite, L50, M, shiny|100/100\n|move|p2a: Rhyperior|High Horsepower|p1b: Dragonite\n|-immune|p1b: Dragonite\n|move|p2b: Farigiraf|Psychic|p1b: Dragonite\n|-damage|p1b: Dragonite|81/100\n|move|p1a: Floette|Dazzling Gleam|p2b: Farigiraf|[spread] p2a,p2b\n|-damage|p2a: Rhyperior|65/100\n|-damage|p2b: Farigiraf|15/100\n|\n|-end|p2b: Farigiraf|Throat Chop|[silent]\n|upkeep\n|turn|3\n|\n|t:|1776619040\n|switch|p1b: Incineroar|Incineroar, L50, F|100/100\n|-ability|p1b: Incineroar|Intimidate|boost\n|-unboost|p2a: Rhyperior|atk|1\n|-unboost|p2b: Farigiraf|atk|1\n|move|p1a: Floette|Protect|p1a: Floette\n|-singleturn|p1a: Floette|Protect\n|move|p2a: Rhyperior|High Horsepower|p1a: Floette\n|-activate|p1a: Floette|move: Protect\n|move|p2b: Farigiraf|Hyper Voice|p1a: Floette|[spread] p1b\n|-activate|p1a: Floette|move: Protect\n|-damage|p1b: Incineroar|72/100\n|\n|upkeep\n|turn|4\n|\n|t:|1776619070\n|switch|p1a: Dragonite|Dragonite, L50, M, shiny|81/100\n|move|p2a: Rhyperior|High Horsepower|p1a: Dragonite\n|-immune|p1a: Dragonite\n|move|p2b: Farigiraf|Psychic|p1a: Dragonite\n|-damage|p1a: Dragonite|35/100\n|move|p1b: Incineroar|Parting Shot|p2a: Rhyperior\n|-unboost|p2a: Rhyperior|atk|1\n|-unboost|p2a: Rhyperior|spa|1\n|\n|t:|1776619073\n|switch|p1b: Floette|Floette-Mega, L50, F, shiny|100/100|[from] Parting Shot\n|-ability|p1b: Floette|Fairy Aura\n|\n|upkeep\n|turn|5\n|\n|t:|1776619081\n|switch|p2a: Incineroar|Incineroar, L50, M|66/100\n|-ability|p2a: Incineroar|Intimidate|boost\n|-unboost|p1a: Dragonite|atk|1\n|-unboost|p1b: Floette|atk|1\n|move|p1b: Floette|Protect|p1b: Floette\n|-singleturn|p1b: Floette|Protect\n|move|p1a: Dragonite|Protect|p1a: Dragonite\n|-singleturn|p1a: Dragonite|Protect\n|move|p2b: Farigiraf|Psychic|p1a: Dragonite\n|-activate|p1a: Dragonite|move: Protect\n|\n|-fieldend|move: Trick Room\n|upkeep\n|turn|6\n|\n|t:|1776619100\n|move|p1a: Dragonite|Scale Shot|p2b: Farigiraf\n|-damage|p2b: Farigiraf|4/100\n|-damage|p2b: Farigiraf|0 fnt\n|faint|p2b: Farigiraf\n|-hitcount|p2: Farigiraf|2\n|-unboost|p1a: Dragonite|def|1\n|-boost|p1a: Dragonite|spe|1\n|move|p1b: Floette|Dazzling Gleam|p2a: Incineroar\n|-damage|p2a: Incineroar|13/100\n|move|p2a: Incineroar|Flare Blitz|p1b: Floette\n|-damage|p1b: Floette|54/100\n|-damage|p2a: Incineroar|0 fnt|[from] Recoil\n|faint|p2a: Incineroar\n|\n|upkeep\n|\n|t:|1776619103\n|switch|p2b: Basculegion|Basculegion, L50, M|100/100\n|switch|p2a: Rhyperior|Rhyperior, L50, M, shiny|65/100\n|turn|7\n|\n|t:|1776619121\n|move|p2b: Basculegion|Wave Crash|p1a: Dragonite\n|-resisted|p1a: Dragonite|1\n|-damage|p1a: Dragonite|0 fnt\n|faint|p1a: Dragonite\n|-damage|p2b: Basculegion|91/100|[from] Recoil\n|move|p1b: Floette|Dazzling Gleam|p2b: Basculegion|[spread] p2a,p2b\n|-damage|p2a: Rhyperior|4/100\n|-damage|p2b: Basculegion|42/100\n|move|p2a: Rhyperior|High Horsepower|p1b: Floette\n|-damage|p1b: Floette|0 fnt\n|faint|p1b: Floette\n|\n|upkeep\n|\n|t:|1776619130\n|switch|p1a: Incineroar|Incineroar, L50, F|100/100\n|switch|p1b: Incineroar|Incineroar, L50, F|72/100\n|-ability|p1b: Incineroar|Intimidate|boost\n|-unboost|p2a: Rhyperior|atk|1\n|-unboost|p2b: Basculegion|atk|1\n|turn|8\n|\n|t:|1776619139\n|move|p1b: Incineroar|Fake Out|p2a: Rhyperior\n|-resisted|p2a: Rhyperior|1\n|-damage|p2a: Rhyperior|0 fnt\n|faint|p2a: Rhyperior\n|move|p2b: Basculegion|Wave Crash|p1a: Incineroar\n|-crit|p1a: Incineroar\n|-enditem|p1a: Incineroar|Focus Sash\n|-damage|p1a: Incineroar|1/100\n|replace|p1a: Zoroark|Zoroark-Hisui, L50, F, shiny\n|-end|p1a: Zoroark|Illusion\n|-damage|p2b: Basculegion|21/100|[from] Recoil\n|move|p1a: Zoroark|Shadow Ball|p2b: Basculegion\n|-supereffective|p2b: Basculegion|1\n|-damage|p2b: Basculegion|0 fnt\n|faint|p2b: Basculegion\n|\n|win|ppyyy-inertia\n|l|\u2606steeznuts\n|player|p2|\n",
  "uploadtime": 1776619145,
  "views": 11,
  "formatid": "gen9championsvgc2026regma",
  "rating": null,
  "private": 0,
  "password": null
}