{
  "id": "gen9championsvgc2026regma-2586145990",
  "format": "[Gen 9 Champions] VGC 2026 Reg M-A",
  "players": [
    "Lclown",
    "busterbunner"
  ],
  "log": "|j|\u2606Lclown\n|j|\u2606busterbunner\n|t:|1776404792\n|gametype|doubles\n|player|p1|Lclown|265|1094\n|player|p2|busterbunner|grimsley|1106\n|gen|9\n|tier|[Gen 9 Champions] VGC 2026 Reg M-A\n|rated|\n|rule|Species Clause: Limit one of each Pok\u00e9mon\n|rule|Item Clause: Limit 1 of each item\n|clearpoke\n|poke|p1|Starmie, L50|\n|poke|p1|Maushold-Four, L50|\n|poke|p1|Vanilluxe, L50, M|\n|poke|p1|Froslass, L50, F|\n|poke|p1|Aerodactyl, L50, F|\n|poke|p1|Whimsicott, L50, M|\n|poke|p2|Farigiraf, L50, M|\n|poke|p2|Golurk, L50|\n|poke|p2|Oranguru, L50, M|\n|poke|p2|Aegislash, L50, M|\n|poke|p2|Sinistcha, L50|\n|poke|p2|Drampa, L50, M|\n|teampreview|4\n|inactive|Battle timer is ON: inactive players will automatically lose when time's up. (requested by Lclown)\n|inactive|busterbunner also wants the timer to be on.\nLclown rejected open team sheets.\n|inactive|busterbunner has 60 seconds left.\n|\n|t:|1776404843\n|teamsize|p1|4\n|teamsize|p2|4\n|start\n|switch|p1a: Vanilluxe|Vanilluxe, L50, M|100/100\n|switch|p1b: Froslass|Froslass, L50, F|100/100\n|switch|p2a: Aegislash|Aegislash, L50, M|100/100\n|switch|p2b: Farigiraf|Farigiraf, L50, M|100/100\n|turn|1\n|\n|t:|1776404862\n|detailschange|p1b: Froslass|Froslass-Mega, L50, F\n|-mega|p1b: Froslass|Froslass|Froslassite\n|-weather|Snowscape|[from] ability: Snow Warning|[of] p1b: Froslass\n|move|p2a: Aegislash|King's Shield|p2a: Aegislash\n|-singleturn|p2a: Aegislash|Protect\n|move|p1b: Froslass|Blizzard|p2b: Farigiraf|[spread] p2b\n|-activate|p2a: Aegislash|move: Protect\n|-damage|p2b: Farigiraf|52/100\n|move|p1a: Vanilluxe|Aurora Veil|p1a: Vanilluxe\n|-sidestart|p1: Lclown|move: Aurora Veil\n|move|p2b: Farigiraf|Trick Room|p2b: Farigiraf\n|-fieldstart|move: Trick Room|[of] p2b: Farigiraf\n|\n|-weather|Snowscape|[upkeep]\n|upkeep\n|turn|2\n|inactive|busterbunner has 30 seconds left.\n|\n|t:|1776404892\n|move|p1a: Vanilluxe|Ally Switch|p1a: Vanilluxe\n|swap|p1a: Vanilluxe|1|[from] move: Ally Switch\n|-formechange|p2a: Aegislash|Aegislash-Blade|\n|move|p2a: Aegislash|Shadow Sneak|p1b: Vanilluxe\n|-damage|p1b: Vanilluxe|85/100\n|move|p2b: Farigiraf|Psychic|p1b: Vanilluxe\n|-damage|p1b: Vanilluxe|59/100\n|move|p1a: Froslass|Shadow Ball|p2a: Aegislash\n|-supereffective|p2a: Aegislash|1\n|-damage|p2a: Aegislash|0 fnt\n|faint|p2a: Aegislash\n|\n|-weather|Snowscape|[upkeep]\n|-heal|p1b: Vanilluxe|65/100|[from] ability: Ice Body\n|upkeep\n|\n|t:|1776404897\n|switch|p2a: Golurk|Golurk, L50|100/100\n|turn|3\n|\n|t:|1776404914\n|detailschange|p2a: Golurk|Golurk-Mega, L50\n|-mega|p2a: Golurk|Golurk|Golurkite\n|move|p2a: Golurk|Poltergeist|p1b: Vanilluxe\n|-activate|p1b: Vanilluxe|move: Poltergeist|Shell Bell\n|-damage|p1b: Vanilluxe|23/100\n|move|p2b: Farigiraf|Psychic|p1b: Vanilluxe\n|-damage|p1b: Vanilluxe|0 fnt\n|faint|p1b: Vanilluxe\n|move|p1a: Froslass|Blizzard|p2a: Golurk|[spread] p2a,p2b\n|-supereffective|p2a: Golurk|1\n|-damage|p2a: Golurk|13/100\n|-damage|p2b: Farigiraf|9/100\n|-enditem|p2b: Farigiraf|Sitrus Berry|[eat]\n|-heal|p2b: Farigiraf|34/100|[from] item: Sitrus Berry\n|\n|-weather|Snowscape|[upkeep]\n|upkeep\n|\n|t:|1776404923\n|switch|p1b: Maushold|Maushold-Four, L50|100/100\n|turn|4\n|\n|t:|1776404931\n|move|p1b: Maushold|Follow Me|p1b: Maushold\n|-singleturn|p1b: Maushold|move: Follow Me\n|move|p2a: Golurk|Drain Punch|p1b: Maushold\n|-supereffective|p1b: Maushold|1\n|-damage|p1b: Maushold|42/100\n|-heal|p2a: Golurk|45/100|[from] drain|[of] p1b: Maushold\n|-enditem|p1b: Maushold|Sitrus Berry|[eat]\n|-heal|p1b: Maushold|67/100|[from] item: Sitrus Berry\n|move|p2b: Farigiraf|Psychic|p1b: Maushold\n|-crit|p1b: Maushold\n|-damage|p1b: Maushold|9/100\n|move|p1a: Froslass|Blizzard|p2a: Golurk|[spread] p2a,p2b\n|-supereffective|p2a: Golurk|1\n|-crit|p2a: Golurk\n|-damage|p2a: Golurk|0 fnt\n|-damage|p2b: Farigiraf|0 fnt\n|faint|p2a: Golurk\n|faint|p2b: Farigiraf\n|\n|-weather|Snowscape|[upkeep]\n|upkeep\n|\n|t:|1776404940\n|switch|p2b: Oranguru|Oranguru, L50, M, shiny|100/100\n|turn|5\n|\n|t:|1776404947\n|move|p2b: Oranguru|Hyper Voice|p1b: Maushold|[spread] p1b\n|-immune|p1a: Froslass\n|-damage|p1b: Maushold|0 fnt\n|faint|p1b: Maushold\n|move|p1a: Froslass|Nasty Plot|p1a: Froslass\n|-boost|p1a: Froslass|spa|2\n|\n|-weather|none\n|-sideend|p1: Lclown|move: Aurora Veil\n|-fieldend|move: Trick Room\n|upkeep\n|\n|t:|1776404950\n|switch|p1b: Aerodactyl|Aerodactyl, L50, F|100/100\n|-ability|p1b: Aerodactyl|Unnerve\n|turn|6\n|\n|t:|1776404959\n|move|p1b: Aerodactyl|Rock Slide|p2b: Oranguru\n|-damage|p2b: Oranguru|73/100\n|move|p1a: Froslass|Blizzard|p2b: Oranguru\n|-damage|p2b: Oranguru|0 fnt\n|faint|p2b: Oranguru\n|\n|win|Lclown\n|raw|Lclown's rating: 1094 &rarr; <strong>1121</strong><br />(+27 for winning)\n|raw|busterbunner's rating: 1106 &rarr; <strong>1080</strong><br />(-26 for losing)\n|l|\u2606busterbunner\n|player|p2|\n",
  "uploadtime": 1776404965,
  "views": 17,
  "formatid": "gen9championsvgc2026regma",
  "rating": 1080,
  "private": 0,
  "password": null
}