{
  "id": "gen9championsvgc2026regma-2581393156",
  "format": "[Gen 9 Champions] VGC 2026 Reg M-A",
  "players": [
    "BANKAI_545",
    "viperino7"
  ],
  "log": "|j|\u2606BANKAI_545\n|j|\u2606viperino7\n|t:|1775995629\n|gametype|doubles\n|player|p1|BANKAI_545|n|1251\n|player|p2|viperino7|102|1227\n|gen|9\n|tier|[Gen 9 Champions] VGC 2026 Reg M-A\n|rated|\n|rule|Species Clause: Limit one of each Pok\u00e9mon\n|rule|Item Clause: Limit 1 of each item\n|clearpoke\n|poke|p1|Gengar, L50, M|\n|poke|p1|Incineroar, L50, M|\n|poke|p1|Sinistcha-Masterpiece, L50|\n|poke|p1|Kingambit, L50, M|\n|poke|p1|Tyranitar, L50, M|\n|poke|p1|Rotom-Heat, L50|\n|poke|p2|Garchomp, L50, M|\n|poke|p2|Sneasler, L50, M|\n|poke|p2|Floette-Eternal, L50, F|\n|poke|p2|Rotom-Wash, L50|\n|poke|p2|Incineroar, L50, M|\n|poke|p2|Aerodactyl, L50, F|\n|teampreview|4\n|inactive|Battle timer is ON: inactive players will automatically lose when time's up. (requested by BANKAI_545)\n|\n|t:|1775995645\n|teamsize|p1|4\n|teamsize|p2|4\n|start\n|switch|p1a: gengy|Gengar, L50, M, shiny|100/100\n|switch|p1b: roar!|Incineroar, L50, M|100/100\n|switch|p2a: Aerodactyl|Aerodactyl, L50, F|100/100\n|switch|p2b: Garchomp|Garchomp, L50, M, shiny|100/100\n|-ability|p2a: Aerodactyl|Unnerve\n|-ability|p1b: roar!|Intimidate|boost\n|-unboost|p2a: Aerodactyl|atk|1\n|-unboost|p2b: Garchomp|atk|1\n|turn|1\n|\n|t:|1775995664\n|detailschange|p1a: gengy|Gengar-Mega, L50, M, shiny\n|-mega|p1a: gengy|Gengar|Gengarite\n|move|p1b: roar!|Fake Out|p2b: Garchomp\n|-damage|p2b: Garchomp|89/100\n|-damage|p1b: roar!|88/100|[from] ability: Rough Skin|[of] p2b: Garchomp\n|move|p2a: Aerodactyl|Tailwind|p2a: Aerodactyl\n|-sidestart|p2: viperino7|move: Tailwind\n|cant|p2b: Garchomp|flinch\n|move|p1a: gengy|Perish Song|p1a: gengy\n|-start|p1a: gengy|perish3|[silent]\n|-start|p1b: roar!|perish3|[silent]\n|-start|p2a: Aerodactyl|perish3|[silent]\n|-start|p2b: Garchomp|perish3|[silent]\n|-fieldactivate|move: Perish Song\n|\n|-start|p2a: Aerodactyl|perish3\n|-start|p2b: Garchomp|perish3\n|-start|p1a: gengy|perish3\n|-start|p1b: roar!|perish3\n|upkeep\n|turn|2\n|\n|t:|1775995681\n|move|p1a: gengy|Protect|p1a: gengy\n|-singleturn|p1a: gengy|Protect\n|move|p1b: roar!|Protect|p1b: roar!\n|-singleturn|p1b: roar!|Protect\n|move|p2a: Aerodactyl|Rock Slide|p1a: gengy|[spread] \n|-activate|p1a: gengy|move: Protect\n|-activate|p1b: roar!|move: Protect\n|move|p2b: Garchomp|Earthquake|p1a: gengy|[spread] \n|-activate|p1a: gengy|move: Protect\n|-activate|p1b: roar!|move: Protect\n|-immune|p2a: Aerodactyl\n|\n|-start|p2a: Aerodactyl|perish2\n|-start|p2b: Garchomp|perish2\n|-start|p1a: gengy|perish2\n|-start|p1b: roar!|perish2\n|upkeep\n|turn|3\n|\n|t:|1775995690\n|switch|p1a: macha bowl|Sinistcha-Masterpiece, L50, shiny|100/100\n|-heal|p1b: roar!|100/100|[from] ability: Hospitality|[of] p1a: macha bowl\n|move|p2a: Aerodactyl|Dual Wingbeat|p1a: macha bowl\n|-supereffective|p1a: macha bowl|1\n|-damage|p1a: macha bowl|80/100\n|-supereffective|p1a: macha bowl|1\n|-damage|p1a: macha bowl|60/100\n|-hitcount|p1a: macha bowl|2\n|move|p2b: Garchomp|Stomping Tantrum|p1a: macha bowl\n|-resisted|p1a: macha bowl|1\n|-damage|p1a: macha bowl|35/100\n|move|p1b: roar!|Parting Shot|p1a: macha bowl\n|-unboost|p1a: macha bowl|atk|1\n|-unboost|p1a: macha bowl|spa|1\n|\n|t:|1775995696\n|switch|p1b: gengy|Gengar-Mega, L50, M, shiny|100/100|[from] Parting Shot\n|\n|-start|p2a: Aerodactyl|perish1\n|-start|p2b: Garchomp|perish1\n|upkeep\n|turn|4\n|\n|t:|1775995708\n|move|p1b: gengy|Protect|p1b: gengy\n|-singleturn|p1b: gengy|Protect\n|move|p1a: macha bowl|Protect|p1a: macha bowl\n|-singleturn|p1a: macha bowl|Protect\n|move|p2a: Aerodactyl|Rock Slide|p1a: macha bowl|[spread] \n|-activate|p1a: macha bowl|move: Protect\n|-activate|p1b: gengy|move: Protect\n|move|p2b: Garchomp|Earthquake|p1b: gengy|[spread] \n|-activate|p1a: macha bowl|move: Protect\n|-activate|p1b: gengy|move: Protect\n|-immune|p2a: Aerodactyl\n|\n|-start|p2a: Aerodactyl|perish0\n|-start|p2b: Garchomp|perish0\n|-sideend|p2: viperino7|move: Tailwind\n|faint|p2a: Aerodactyl\n|faint|p2b: Garchomp\n|upkeep\n|-enditem|p1a: macha bowl|Sitrus Berry|[eat]\n|-heal|p1a: macha bowl|59/100|[from] item: Sitrus Berry\n|\n|t:|1775995712\n|switch|p2a: Floette|Floette-Eternal, L50, F|100/100\n|switch|p2b: Sneasler|Sneasler, L50, M|100/100\n|turn|5\n|\n|t:|1775995722\n|detailschange|p2a: Floette|Floette-Mega, L50, F\n|-mega|p2a: Floette|Floette|Floettite\n|-ability|p2a: Floette|Fairy Aura\n|move|p1b: gengy|Perish Song|p1b: gengy\n|-start|p1a: macha bowl|perish3|[silent]\n|-start|p1b: gengy|perish3|[silent]\n|-start|p2a: Floette|perish3|[silent]\n|-start|p2b: Sneasler|perish3|[silent]\n|-fieldactivate|move: Perish Song\n|move|p2b: Sneasler|Dire Claw|p1b: gengy\n|-resisted|p1b: gengy|2\n|-damage|p1b: gengy|85/100\n|move|p2a: Floette|Dazzling Gleam|p1b: gengy|[spread] p1a,p1b\n|-resisted|p1b: gengy|1\n|-damage|p1a: macha bowl|7/100\n|-damage|p1b: gengy|50/100\n|move|p1a: macha bowl|Life Dew|p1a: macha bowl|[spread] p1a,p1b\n|-heal|p1a: macha bowl|32/100\n|-heal|p1b: gengy|75/100\n|\n|-start|p1b: gengy|perish3\n|-start|p2b: Sneasler|perish3\n|-start|p2a: Floette|perish3\n|-start|p1a: macha bowl|perish3\n|upkeep\n|turn|6\n|-message|viperino7 forfeited.\n|\n|win|BANKAI_545\n|raw|BANKAI_545's rating: 1251 &rarr; <strong>1274</strong><br />(+23 for winning)\n|raw|viperino7's rating: 1227 &rarr; <strong>1204</strong><br />(-23 for losing)\n",
  "uploadtime": 1775995736,
  "views": 26,
  "formatid": "gen9championsvgc2026regma",
  "rating": 1204,
  "private": 0,
  "password": null
}