{
  "id": "gen9championsvgc2026regma-2582475594",
  "format": "[Gen 9 Champions] VGC 2026 Reg M-A",
  "players": [
    "Natfully",
    "5wamp"
  ],
  "log": "|j|\u2606Natfully\n|j|\u26065wamp\n|html|<table width=\"100%\"><tr><td align=\"left\">Natfully</td><td align=\"right\">5wamp</tr><tr><td align=\"left\"><i class=\"fa fa-circle-o\"></i> <i class=\"fa fa-circle-o\"></i> </td><td align=\"right\"><i class=\"fa fa-circle-o\"></i> <i class=\"fa fa-circle-o\"></i> </tr></table>\n|uhtml|bestof|<h2><strong>Game 1</strong> of <a href=\"/game-bestof3-gen9championsvgc2026regma-2582475593\">a best-of-3</a></h2>\n|t:|1776094108\n|gametype|doubles\n|player|p1|Natfully|cynthia-gen4|\n|player|p2|5wamp|iono-masters|\n|gen|9\n|tier|[Gen 9 Champions] VGC 2026 Reg M-A\n|rated|Tournament battle\n|rule|Species Clause: Limit one of each Pok\u00e9mon\n|rule|Item Clause: Limit 1 of each item\n|raw|<div class=\"infobox\"><details class=\"readmore\" open><summary><strong>2 custom rules:</strong></summary> Force Open Team Sheets, Best of = 3</details></div>\n|clearpoke\n|poke|p1|Tyranitar, L50, F|\n|poke|p1|Excadrill, L50, F|\n|poke|p1|Zoroark-Hisui, L50, F|\n|poke|p1|Armarouge, L50, F|\n|poke|p1|Gyarados, L50, F|\n|poke|p1|Sinistcha, L50|\n|poke|p2|Floette-Eternal, L50, F|\n|poke|p2|Sneasler, L50, M|\n|poke|p2|Basculegion, L50, M|\n|poke|p2|Aerodactyl, L50, F|\n|poke|p2|Kingambit, L50, F|\n|poke|p2|Incineroar, L50, M|\n|teampreview|4\n|showteam|p1|Tyranitar||Tyranitarite|SandStream|RockSlide,KnockOff,BrickBreak,Protect|||F|||50|]Excadrill||FocusSash|SandRush|IronHead,RockSlide,HighHorsepower,Protect|||F|||50|]Zoroark-Hisui||ChoiceScarf|Illusion|BitterMalice,HyperVoice,Psychic,Flamethrower|||F|||50|]Armarouge||ColburBerry|FlashFire|HeatWave,Psychic,WideGuard,TrickRoom|||F|||50|]Gyarados||SitrusBerry|Intimidate|Waterfall,Sandstorm,ThunderWave,Protect|||F|||50|]Sinistcha||Leftovers|Hospitality|MatchaGotcha,StrengthSap,RagePowder,TrickRoom||||||50|\n|showteam|p2|Floette-Eternal||Floettite|FlowerVeil|Moonblast,DazzlingGleam,DrainingKiss,Protect|||F|||50|]Sneasler||WhiteHerb|Unburden|FakeOut,CloseCombat,DireClaw,Protect|||M|||50|]Basculegion||ChoiceScarf|Adaptability|WaveCrash,LastRespects,AquaJet,FlipTurn|||M|||50|]Aerodactyl||FocusSash|Unnerve|RockSlide,DualWingbeat,Tailwind,Protect|||F|||50|]Kingambit||ChopleBerry|Defiant|IronHead,LowKick,SuckerPunch,Protect|||F|||50|]Incineroar||SitrusBerry|Intimidate|FakeOut,FlareBlitz,ThroatChop,PartingShot|||M|||50|\n|inactive|Battle timer is ON: inactive players will automatically lose when time's up. (requested by 5wamp)\n|c|\u26065wamp|glhf\n|j| biludbiludbilud\n|c|\u2606Natfully|u2\n|j| TaxiCAB2\n|j| SanjiQ\n|c| SanjiQ|Good game all\n|inactive|Natfully has 60 seconds left.\n|inactive|5wamp has 60 seconds left.\n|\n|t:|1776094156\n|teamsize|p1|4\n|teamsize|p2|4\n|start\n|switch|p1a: Excadrill|Excadrill, L50, F|100/100\n|switch|p1b: Tyranitar|Tyranitar, L50, F|100/100\n|switch|p2a: Sneasler|Sneasler, L50, M|100/100\n|switch|p2b: Aerodactyl|Aerodactyl, L50, F|100/100\n|-ability|p2b: Aerodactyl|Unnerve\n|-weather|Sandstorm|[from] ability: Sand Stream|[of] p1b: Tyranitar\n|turn|1\n|\n|t:|1776094173\n|move|p2a: Sneasler|Fake Out|p1a: Excadrill\n|-immune|p1a: Excadrill\n|move|p1a: Excadrill|Psychic|p2a: Sneasler\n|-supereffective|p2a: Sneasler|2\n|-damage|p2a: Sneasler|0 fnt\n|faint|p2a: Sneasler\n|move|p2b: Aerodactyl|Tailwind|p2b: Aerodactyl\n|-sidestart|p2: 5wamp|move: Tailwind\n|move|p1b: Tyranitar|Rock Slide|p2b: Aerodactyl\n|-supereffective|p2b: Aerodactyl|1\n|-enditem|p2b: Aerodactyl|Focus Sash\n|-damage|p2b: Aerodactyl|1/100\n|\n|-weather|Sandstorm|[upkeep]\n|-damage|p1a: Excadrill|94/100|[from] Sandstorm\n|upkeep\n|\n|t:|1776094182\n|switch|p2a: Basculegion|Basculegion, L50, M|100/100\n|turn|2\n|inactive|5wamp has 30 seconds left.\n|\n|t:|1776094209\n|switch|p1a: Gyarados|Gyarados, L50, F|100/100\n|-ability|p1a: Gyarados|Intimidate|boost\n|-unboost|p2a: Basculegion|atk|1\n|-unboost|p2b: Aerodactyl|atk|1\n|move|p1b: Tyranitar|Protect|p1b: Tyranitar\n|-singleturn|p1b: Tyranitar|Protect\n|move|p2a: Basculegion|Flip Turn|p1a: Gyarados\n|-resisted|p1a: Gyarados|1\n|-damage|p1a: Gyarados|90/100\n|\n|t:|1776094214\n|switch|p2a: Floette|Floette-Eternal, L50, F|100/100|[from] Flip Turn\n|move|p2b: Aerodactyl|Rock Slide|p1a: Gyarados|[spread] p1a\n|-activate|p1b: Tyranitar|move: Protect\n|-supereffective|p1a: Gyarados|1\n|-crit|p1a: Gyarados\n|-damage|p1a: Gyarados|22/100\n|\n|-weather|Sandstorm|[upkeep]\n|-damage|p2a: Floette|94/100|[from] Sandstorm\n|-damage|p1a: Gyarados|16/100|[from] Sandstorm\n|upkeep\n|turn|3\n|\n|t:|1776094223\n|detailschange|p2a: Floette|Floette-Mega, L50, F\n|-mega|p2a: Floette|Floette|Floettite\n|-ability|p2a: Floette|Fairy Aura\n|move|p1a: Gyarados|Protect|p1a: Gyarados\n|-singleturn|p1a: Gyarados|Protect\n|move|p2b: Aerodactyl|Rock Slide|p1b: Tyranitar|[spread] p1b\n|-activate|p1a: Gyarados|move: Protect\n|-damage|p1b: Tyranitar|87/100\n|move|p2a: Floette|Dazzling Gleam|p1b: Tyranitar|[spread] p1b\n|-activate|p1a: Gyarados|move: Protect\n|-supereffective|p1b: Tyranitar|1\n|-damage|p1b: Tyranitar|37/100\n|move|p1b: Tyranitar|Rock Slide|p2b: Aerodactyl|[spread] p2a,p2b\n|-crit|p2a: Floette\n|-supereffective|p2b: Aerodactyl|1\n|-damage|p2a: Floette|54/100\n|-damage|p2b: Aerodactyl|0 fnt\n|-enditem|p1a: Gyarados|Sitrus Berry|[eat]\n|-heal|p1a: Gyarados|41/100|[from] item: Sitrus Berry\n|faint|p2b: Aerodactyl\n|\n|-weather|Sandstorm|[upkeep]\n|-damage|p2a: Floette|48/100|[from] Sandstorm\n|-damage|p1a: Gyarados|35/100|[from] Sandstorm\n|upkeep\n|\n|t:|1776094228\n|switch|p2b: Basculegion|Basculegion, L50, M|100/100\n|turn|4\n|\n|t:|1776094252\n|move|p1b: Tyranitar|Protect|p1b: Tyranitar\n|-singleturn|p1b: Tyranitar|Protect\n|move|p2b: Basculegion|Wave Crash|p1b: Tyranitar\n|-activate|p1b: Tyranitar|move: Protect\n|move|p2a: Floette|Draining Kiss|p1a: Gyarados\n|-damage|p1a: Gyarados|4/100\n|-heal|p2a: Floette|73/100|[from] drain|[of] p1a: Gyarados\n|move|p1a: Gyarados|Thunder Wave|p2b: Basculegion\n|-status|p2b: Basculegion|par\n|\n|-weather|Sandstorm|[upkeep]\n|-damage|p2a: Floette|67/100|[from] Sandstorm\n|-damage|p2b: Basculegion|94/100 par|[from] Sandstorm\n|-damage|p1a: Gyarados|0 fnt|[from] Sandstorm\n|faint|p1a: Gyarados\n|-sideend|p2: 5wamp|move: Tailwind\n|upkeep\n|j| StarX99\n|\n|t:|1776094275\n|switch|p1a: Excadrill|Excadrill, L50, F|94/100\n|turn|5\n|j|@Therazer456\n|c| SanjiQ|wow good play good play\n|\n|t:|1776094288\n|move|p2a: Floette|Protect|p2a: Floette\n|-singleturn|p2a: Floette|Protect\n|move|p1a: Excadrill|Bitter Malice|p2b: Basculegion\n|-supereffective|p2b: Basculegion|1\n|-damage|p2b: Basculegion|0 fnt\n|faint|p2b: Basculegion\n|move|p1b: Tyranitar|Rock Slide|p2a: Floette\n|-activate|p2a: Floette|move: Protect\n|\n|-weather|none\n|upkeep\n|turn|6\n|-message|5wamp forfeited.\n|\n|win|Natfully\n",
  "uploadtime": 1776094295,
  "views": 11,
  "formatid": "gen9championsvgc2026regma",
  "rating": null,
  "private": 0,
  "password": null
}