{
  "id": "gen9championsvgc2026regma-2588132473",
  "format": "[Gen 9 Champions] VGC 2026 Reg M-A",
  "players": [
    "JeorgeReds",
    "luke 109"
  ],
  "log": "|j|\u2606JeorgeReds\n|j|\u203dluke 109\n|t:|1776607673\n|gametype|doubles\n|player|p1|JeorgeReds|gambler|1031\n|player|p2|luke 109|101|1024\n|gen|9\n|tier|[Gen 9 Champions] VGC 2026 Reg M-A\n|rated|\n|rule|Species Clause: Limit one of each Pok\u00e9mon\n|rule|Item Clause: Limit 1 of each item\n|clearpoke\n|poke|p1|Hawlucha, L50, M|\n|poke|p1|Garchomp, L50, F|\n|poke|p1|Tinkaton, L50, F|\n|poke|p1|Rotom-Wash, L50|\n|poke|p1|Sinistcha, L50|\n|poke|p1|Incineroar, L50, M|\n|poke|p2|Reuniclus, L50, M|\n|poke|p2|Aromatisse, L50, M|\n|poke|p2|Conkeldurr, L50, M|\n|poke|p2|Snorlax, L50, M|\n|poke|p2|Rampardos, L50, M|\n|poke|p2|Sinistcha, L50|\n|teampreview|4\n|c|\u2606JeorgeReds|gl, hf\n|c|\u2606JeorgeReds|:D\nJeorgeReds rejected open team sheets.\n|inactive|Battle timer is ON: inactive players will automatically lose when time's up. (requested by JeorgeReds)\n|\n|t:|1776607698\n|teamsize|p1|4\n|teamsize|p2|4\n|start\n|switch|p1a: El Colorado|Hawlucha, L50, M|100/100\n|switch|p1b: Goneril|Tinkaton, L50, F|100/100\n|switch|p2a: Aromatisse|Aromatisse, L50, M|100/100\n|switch|p2b: Snorlax|Snorlax, L50, M|100/100\n|turn|1\n|inactive|JeorgeReds has 30 seconds left.\n|\n|t:|1776607729\n|detailschange|p1a: El Colorado|Hawlucha-Mega, L50, M\n|-mega|p1a: El Colorado|Hawlucha|Hawluchanite\n|move|p2b: Snorlax|Protect|p2b: Snorlax\n|-singleturn|p2b: Snorlax|Protect\n|move|p1b: Goneril|Fake Out|p2a: Aromatisse\n|-damage|p2a: Aromatisse|93/100\n|move|p1a: El Colorado|Swords Dance|p1a: El Colorado\n|-boost|p1a: El Colorado|atk|2\n|cant|p2a: Aromatisse|flinch\n|\n|-heal|p2a: Aromatisse|99/100|[from] item: Leftovers\n|upkeep\n|turn|2\n|inactive|luke 109 has 30 seconds left.\n|\n|t:|1776607755\n|move|p1a: El Colorado|Cross Chop|p2b: Snorlax\n|-supereffective|p2b: Snorlax|1\n|-damage|p2b: Snorlax|0 fnt\n|faint|p2b: Snorlax\n|move|p1b: Goneril|Gigaton Hammer|p2a: Aromatisse\n|-supereffective|p2a: Aromatisse|1\n|-damage|p2a: Aromatisse|1/100\n|move|p2a: Aromatisse|Trick Room|p2a: Aromatisse\n|-fieldstart|move: Trick Room|[of] p2a: Aromatisse\n|\n|-heal|p2a: Aromatisse|8/100|[from] item: Leftovers\n|upkeep\n|c|\u2606JeorgeReds|ah, dangit\n|\n|t:|1776607770\n|switch|p2b: Conkeldurr|Conkeldurr, L50, M|100/100\n|turn|3\n|c|\u2606JeorgeReds|so close\n|\n|t:|1776607787\n|move|p1b: Goneril|Helping Hand|p1a: El Colorado\n|-singleturn|p1a: El Colorado|Helping Hand|[of] p1b: Goneril\n|move|p2a: Aromatisse|Reflect|p2a: Aromatisse\n|-sidestart|p2: luke 109|Reflect\n|move|p2b: Conkeldurr|Thunder Punch|p1a: El Colorado\n|-supereffective|p1a: El Colorado|1\n|-damage|p1a: El Colorado|12/100\n|move|p1a: El Colorado|Dual Wingbeat|p2b: Conkeldurr\n|-supereffective|p2b: Conkeldurr|1\n|-damage|p2b: Conkeldurr|25/100\n|-supereffective|p2b: Conkeldurr|1\n|-damage|p2b: Conkeldurr|0 fnt\n|faint|p2b: Conkeldurr\n|-hitcount|p2: Conkeldurr|2\n|\n|-heal|p2a: Aromatisse|14/100|[from] item: Leftovers\n|upkeep\n|\n|t:|1776607804\n|switch|p2b: Rampardos|Rampardos, L50, M|100/100\n|turn|4\n|\n|t:|1776607815\n|move|p2a: Aromatisse|Helping Hand|p2b: Rampardos\n|-singleturn|p2b: Rampardos|Helping Hand|[of] p2a: Aromatisse\n|move|p1a: El Colorado|Detect|p1a: El Colorado\n|-singleturn|p1a: El Colorado|Protect\n|move|p2b: Rampardos|Rock Slide|p1a: El Colorado|[spread] p1b\n|-activate|p1a: El Colorado|move: Protect\n|-resisted|p1b: Goneril|1\n|-crit|p1b: Goneril\n|-damage|p1b: Goneril|22/100\n|move|p1b: Goneril|Gigaton Hammer|p2a: Aromatisse\n|-supereffective|p2a: Aromatisse|1\n|-damage|p2a: Aromatisse|0 fnt\n|faint|p2a: Aromatisse\n|\n|upkeep\n|turn|5\n|\n|t:|1776607840\n|switch|p1b: Mocha|Sinistcha, L50|100/100\n|-heal|p1a: El Colorado|37/100|[from] ability: Hospitality|[of] p1b: Mocha\n|move|p2b: Rampardos|Rock Slide|p1b: Mocha|[spread] p1a,p1b\n|-crit|p1a: El Colorado\n|-damage|p1a: El Colorado|0 fnt\n|-damage|p1b: Mocha|49/100\n|faint|p1a: El Colorado\n|\n|upkeep\n|\n|t:|1776607849\n|switch|p1a: Bails|Garchomp, L50, F|100/100\n|turn|6\n|\n|t:|1776607857\n|move|p1b: Mocha|Protect|p1b: Mocha\n|-singleturn|p1b: Mocha|Protect\n|move|p1a: Bails|Protect|p1a: Bails\n|-singleturn|p1a: Bails|Protect\n|move|p2b: Rampardos|Head Smash|p1a: Bails\n|-activate|p1a: Bails|move: Protect\n|\n|-fieldend|move: Trick Room\n|upkeep\n|turn|7\n|\n|t:|1776607869\n|move|p1a: Bails|Earthquake|p2b: Rampardos|[spread] p1b,p2b\n|-resisted|p1b: Mocha|1\n|-supereffective|p2b: Rampardos|1\n|-damage|p1b: Mocha|29/100\n|-damage|p2b: Rampardos|18/100\n|move|p1b: Mocha|Matcha Gotcha|p2b: Rampardos|[miss]\n|-miss|p1b: Mocha|p2b: Rampardos\n|move|p2b: Rampardos|Head Smash|p1a: Bails\n|-resisted|p1a: Bails|1\n|-damage|p1a: Bails|44/100\n|-damage|p2b: Rampardos|5/100|[from] ability: Rough Skin|[of] p1a: Bails\n|-damage|p2b: Rampardos|0 fnt|[from] Recoil\n|faint|p2b: Rampardos\n|\n|win|JeorgeReds\n|raw|JeorgeReds's rating: 1031 &rarr; <strong>1066</strong><br />(+35 for winning)\n|raw|luke 109's rating: 1024 &rarr; <strong>1011</strong><br />(-13 for losing)\n|l|\u203dluke 109\n|player|p2|\n",
  "uploadtime": 1776607905,
  "views": 12,
  "formatid": "gen9championsvgc2026regma",
  "rating": 1011,
  "private": 0,
  "password": null
}