{
  "id": "gen9championsvgc2026regma-2587812829",
  "format": "[Gen 9 Champions] VGC 2026 Reg M-A",
  "players": [
    "SrthkS",
    "Devta"
  ],
  "log": "|j|\u2606SrthkS\n|j|\u2606Devta\n|t:|1776566570\n|gametype|doubles\n|player|p1|SrthkS|blaine|1165\n|player|p2|Devta|hexmaniac-gen6|1248\n|gen|9\n|tier|[Gen 9 Champions] VGC 2026 Reg M-A\n|rated|\n|rule|Species Clause: Limit one of each Pok\u00e9mon\n|rule|Item Clause: Limit 1 of each item\n|clearpoke\n|poke|p1|Skarmory, L50, F|\n|poke|p1|Sneasler, L50, F|\n|poke|p1|Araquanid, L50, F|\n|poke|p1|Sinistcha, L50|\n|poke|p1|Glimmora, L50, F|\n|poke|p1|Hydreigon, L50, M|\n|poke|p2|Sneasler, L50, F|\n|poke|p2|Corviknight, L50, F|\n|poke|p2|Aerodactyl, L50, M|\n|poke|p2|Incineroar, L50, F|\n|poke|p2|Floette-Eternal, L50, F|\n|poke|p2|Sinistcha, L50|\n|teampreview|4\n|inactive|Battle timer is ON: inactive players will automatically lose when time's up. (requested by Devta)\n|inactive|Devta has 60 seconds left.\n|inactive|Devta has 30 seconds left.\n|\n|t:|1776566643\n|teamsize|p1|4\n|teamsize|p2|4\n|start\n|switch|p1a: Skarmory|Skarmory, L50, F|100/100\n|switch|p1b: Sneasler|Sneasler, L50, F|100/100\n|switch|p2a: Corviknight|Corviknight, L50, F|100/100\n|switch|p2b: Incineroar|Incineroar, L50, F|100/100\n|-ability|p2b: Incineroar|Intimidate|boost\n|-unboost|p1a: Skarmory|atk|1\n|-unboost|p1b: Sneasler|atk|1\n|-enditem|p1b: Sneasler|White Herb\n|-clearnegativeboost|p1b: Sneasler|[silent]\n|turn|1\n|inactive|SrthkS has 30 seconds left.\n|\n|t:|1776566671\n|switch|p2b: Sinistcha|Sinistcha, L50|100/100\n|move|p1b: Sneasler|Fake Out|p2b: Sinistcha\n|-immune|p2b: Sinistcha\n|move|p2a: Corviknight|Bulk Up|p2a: Corviknight\n|-boost|p2a: Corviknight|atk|1\n|-boost|p2a: Corviknight|def|1\n|move|p1a: Skarmory|Tailwind|p1a: Skarmory\n|-sidestart|p1: SrthkS|move: Tailwind\n|\n|upkeep\n|turn|2\n|inactive|SrthkS has 30 seconds left.\n|\n|t:|1776566699\n|detailschange|p1a: Skarmory|Skarmory-Mega, L50, F\n|-mega|p1a: Skarmory|Skarmory|Skarmorite\n|move|p2a: Corviknight|Protect|p2a: Corviknight\n|-singleturn|p2a: Corviknight|Protect\n|move|p1b: Sneasler|Close Combat|p2a: Corviknight\n|-activate|p2a: Corviknight|move: Protect\n|move|p1a: Skarmory|Brave Bird|p2b: Sinistcha\n|-supereffective|p2b: Sinistcha|1\n|-damage|p2b: Sinistcha|39/100\n|-enditem|p2b: Sinistcha|Sitrus Berry|[eat]\n|-heal|p2b: Sinistcha|63/100|[from] item: Sitrus Berry\n|-damage|p1a: Skarmory|80/100|[from] Recoil\n|move|p2b: Sinistcha|Trick Room|p2b: Sinistcha\n|-fieldstart|move: Trick Room|[of] p2b: Sinistcha\n|\n|upkeep\n|turn|3\n|inactive|SrthkS has 30 seconds left.\n|\n|t:|1776566725\n|switch|p2b: Incineroar|Incineroar, L50, F|100/100\n|-ability|p2b: Incineroar|Intimidate|boost\n|-unboost|p1a: Skarmory|atk|1\n|-unboost|p1b: Sneasler|atk|1\n|move|p1b: Sneasler|Protect|p1b: Sneasler\n|-singleturn|p1b: Sneasler|Protect\n|move|p2a: Corviknight|Brave Bird|p1b: Sneasler\n|-activate|p1b: Sneasler|move: Protect\n|move|p1a: Skarmory|Brave Bird|p2b: Incineroar\n|-crit|p2b: Incineroar\n|-damage|p2b: Incineroar|25/100\n|-damage|p1a: Skarmory|50/100|[from] Recoil\n|\n|upkeep\n|turn|4\n|inactive|Devta has 30 seconds left.\n|\n|t:|1776566758\n|switch|p1b: Sinistcha|Sinistcha, L50|100/100\n|-heal|p1a: Skarmory|75/100|[from] ability: Hospitality|[of] p1b: Sinistcha\n|move|p1a: Skarmory|Protect|p1a: Skarmory\n|-singleturn|p1a: Skarmory|Protect\n|move|p2b: Incineroar|Flare Blitz|p1a: Skarmory\n|-activate|p1a: Skarmory|move: Protect\n|move|p2a: Corviknight|Brave Bird|p1b: Sinistcha\n|-supereffective|p1b: Sinistcha|1\n|-damage|p1b: Sinistcha|2/100\n|-damage|p2a: Corviknight|72/100|[from] Recoil\n|\n|-heal|p2a: Corviknight|78/100|[from] item: Leftovers\n|-heal|p1b: Sinistcha|8/100|[from] item: Leftovers\n|-sideend|p1: SrthkS|move: Tailwind\n|upkeep\n|turn|5\n|inactive|SrthkS has 30 seconds left.\n|\n|t:|1776566791\n|move|p2b: Incineroar|Flare Blitz|p1a: Skarmory\n|-supereffective|p1a: Skarmory|1\n|-damage|p1a: Skarmory|6/100\n|-damage|p2b: Incineroar|5/100|[from] Recoil\n|move|p1b: Sinistcha|Strength Sap|p2a: Corviknight\n|-ability|p2a: Corviknight|Mirror Armor\n|-unboost|p1b: Sinistcha|atk|1\n|-heal|p1b: Sinistcha|100/100\n|move|p2a: Corviknight|Brave Bird|p1b: Sinistcha\n|-supereffective|p1b: Sinistcha|1\n|-damage|p1b: Sinistcha|0 fnt\n|faint|p1b: Sinistcha\n|-damage|p2a: Corviknight|49/100|[from] Recoil\n|move|p1a: Skarmory|Iron Head|p2b: Incineroar\n|-resisted|p2b: Incineroar|1\n|-damage|p2b: Incineroar|0 fnt\n|faint|p2b: Incineroar\n|\n|-heal|p2a: Corviknight|55/100|[from] item: Leftovers\n|upkeep\n|\n|t:|1776566815\n|switch|p2b: Sinistcha|Sinistcha, L50|63/100\n|switch|p1b: Hydreigon|Hydreigon, L50, M|100/100\n|-heal|p2a: Corviknight|80/100|[from] ability: Hospitality|[of] p2b: Sinistcha\n|turn|6\n|\n|t:|1776566829\n|move|p2b: Sinistcha|Protect|p2b: Sinistcha\n|-singleturn|p2b: Sinistcha|Protect\n|move|p1a: Skarmory|Protect|p1a: Skarmory\n|-singleturn|p1a: Skarmory|Protect\n|move|p2a: Corviknight|Iron Head|p1b: Hydreigon\n|-damage|p1b: Hydreigon|41/100\n|move|p1b: Hydreigon|Flamethrower|p2a: Corviknight\n|-supereffective|p2a: Corviknight|1\n|-damage|p2a: Corviknight|19/100\n|\n|-heal|p2a: Corviknight|24/100|[from] item: Leftovers\n|-fieldend|move: Trick Room\n|upkeep\n|turn|7\n|\n|t:|1776566854\n|move|p1b: Hydreigon|Flamethrower|p2a: Corviknight\n|-supereffective|p2a: Corviknight|1\n|-damage|p2a: Corviknight|0 fnt\n|faint|p2a: Corviknight\n|move|p1a: Skarmory|Brave Bird|p2b: Sinistcha\n|-supereffective|p2b: Sinistcha|1\n|-damage|p2b: Sinistcha|16/100\n|-damage|p1a: Skarmory|0 fnt|[from] Recoil\n|faint|p1a: Skarmory\n|move|p2b: Sinistcha|Trick Room|p2b: Sinistcha\n|-fieldstart|move: Trick Room|[of] p2b: Sinistcha\n|\n|upkeep\n|\n|t:|1776566865\n|switch|p2a: Floette|Floette-Eternal, L50, F|100/100\n|switch|p1a: Sneasler|Sneasler, L50, F|100/100\n|turn|8\n|\n|t:|1776566886\n|detailschange|p2a: Floette|Floette-Mega, L50, F\n|-mega|p2a: Floette|Floette|Floettite\n|-ability|p2a: Floette|Fairy Aura\n|move|p2b: Sinistcha|Protect|p2b: Sinistcha\n|-singleturn|p2b: Sinistcha|Protect\n|move|p2a: Floette|Protect|p2a: Floette\n|-singleturn|p2a: Floette|Protect\n|move|p1b: Hydreigon|Dark Pulse|p2b: Sinistcha\n|-activate|p2b: Sinistcha|move: Protect\n|move|p1a: Sneasler|Dire Claw|p2a: Floette\n|-activate|p2a: Floette|move: Protect\n|\n|upkeep\n|turn|9\n|inactive|SrthkS has 30 seconds left.\n|\n|t:|1776566914\n|move|p2b: Sinistcha|Matcha Gotcha|p1a: Sneasler|[spread] p1b\n|-miss|p2b: Sinistcha|p1a: Sneasler\n|-resisted|p1b: Hydreigon|1\n|-damage|p1b: Hydreigon|28/100\n|-heal|p2b: Sinistcha|22/100|[from] drain|[of] p1b: Hydreigon\n|move|p2a: Floette|Moonblast|p1a: Sneasler\n|-damage|p1a: Sneasler|13/100\n|move|p1b: Hydreigon|Dark Pulse|p2b: Sinistcha\n|-supereffective|p2b: Sinistcha|1\n|-damage|p2b: Sinistcha|0 fnt\n|faint|p2b: Sinistcha\n|move|p1a: Sneasler|Dire Claw|p2a: Floette\n|-supereffective|p2a: Floette|1\n|-damage|p2a: Floette|21/100\n|\n|upkeep\n|turn|10\n|inactive|SrthkS has 30 seconds left.\n|\n|t:|1776566943\n|move|p2a: Floette|Draining Kiss|p1a: Sneasler\n|-damage|p1a: Sneasler|0 fnt\n|-heal|p2a: Floette|30/100|[from] drain|[of] p1a: Sneasler\n|faint|p1a: Sneasler\n|move|p1b: Hydreigon|Flamethrower|p2a: Floette\n|-damage|p2a: Floette|7/100\n|\n|upkeep\n|turn|11\n|\n|t:|1776566955\n|move|p2a: Floette|Draining Kiss|p1b: Hydreigon\n|-supereffective|p1b: Hydreigon|2\n|-damage|p1b: Hydreigon|0 fnt\n|-heal|p2a: Floette|29/100|[from] drain|[of] p1b: Hydreigon\n|faint|p1b: Hydreigon\n|\n|win|Devta\n|raw|SrthkS's rating: 1165 &rarr; <strong>1146</strong><br />(-19 for losing)\n|raw|Devta's rating: 1248 &rarr; <strong>1267</strong><br />(+19 for winning)\n",
  "uploadtime": 1776566955,
  "views": 8,
  "formatid": "gen9championsvgc2026regma",
  "rating": 1146,
  "private": 0,
  "password": null
}