{
  "id": "gen9championsvgc2026regma-2581810069",
  "format": "[Gen 9 Champions] VGC 2026 Reg M-A",
  "players": [
    "dbutt12",
    "weston4718"
  ],
  "log": "|j|\u2606dbutt12\n|j|\u2606weston4718\n|t:|1776030226\n|gametype|doubles\n|player|p1|dbutt12|1|1080\n|player|p2|weston4718|palmer|1000\n|gen|9\n|tier|[Gen 9 Champions] VGC 2026 Reg M-A\n|rated|\n|rule|Species Clause: Limit one of each Pok\u00e9mon\n|rule|Item Clause: Limit 1 of each item\n|clearpoke\n|poke|p1|Meganium, L50, F|\n|poke|p1|Pelipper, L50, F|\n|poke|p1|Basculegion, L50, M|\n|poke|p1|Archaludon, L50, M|\n|poke|p1|Incineroar, L50, F|\n|poke|p1|Maushold, L50|\n|poke|p2|Tyranitar, L50, F|\n|poke|p2|Meganium, L50, M|\n|poke|p2|Incineroar, L50, F|\n|poke|p2|Araquanid, L50, M|\n|poke|p2|Excadrill, L50, F|\n|poke|p2|Klefki, L50, M|\n|teampreview|4\n|inactive|Battle timer is ON: inactive players will automatically lose when time's up. (requested by weston4718)\nweston4718 has agreed to open team sheets.\n|j| YisusNube\n|inactive|dbutt12 has 60 seconds left.\n|\n|t:|1776030263\n|teamsize|p1|4\n|teamsize|p2|4\n|start\n|switch|p1a: Archaludon|Archaludon, L50, M|100/100\n|switch|p1b: Maushold|Maushold, L50|100/100\n|switch|p2a: Incineroar|Incineroar, L50, F|100/100\n|switch|p2b: Klefki|Klefki, L50, M|100/100\n|-ability|p2a: Incineroar|Intimidate|boost\n|-unboost|p1a: Archaludon|atk|1\n|-unboost|p1b: Maushold|atk|1\n|turn|1\n|c| YisusNube|care mega ttar\n|c| YisusNube|inci got fake out\n|inactive|weston4718 has 30 seconds left.\n|\n|t:|1776030292\n|switch|p1b: Pelipper|Pelipper, L50, F|100/100\n|-weather|RainDance|[from] ability: Drizzle|[of] p1b: Pelipper\n|move|p2a: Incineroar|Fake Out|p1a: Archaludon\n|-resisted|p1a: Archaludon|1\n|-damage|p1a: Archaludon|95/100\n|move|p2b: Klefki|Switcheroo|p1a: Archaludon\n|-activate|p2b: Klefki|move: Trick|[of] p1a: Archaludon\n|-item|p1a: Archaludon|Choice Scarf|[from] move: Switcheroo\n|-item|p2b: Klefki|Choice Scarf|[from] move: Switcheroo\n|cant|p1a: Archaludon|flinch\n|\n|-weather|RainDance|[upkeep]\n|upkeep\n|turn|2\n|inactive|dbutt12 has 30 seconds left.\n|inactive|weston4718 has 30 seconds left.\n|\n|t:|1776030319\n|move|p2b: Klefki|Thunder Wave|p1a: Archaludon\n|-status|p1a: Archaludon|par\n|move|p2a: Incineroar|Parting Shot|p1a: Archaludon\n|-unboost|p1a: Archaludon|atk|1\n|-unboost|p1a: Archaludon|spa|1\n|\n|t:|1776030325\n|switch|p2a: Tyranitar|Tyranitar, L50, F|100/100|[from] Parting Shot\n|-weather|Sandstorm|[from] ability: Sand Stream|[of] p2a: Tyranitar\n|move|p1a: Archaludon|Electro Shot||[still]\n|-prepare|p1a: Archaludon|Electro Shot\n|-boost|p1a: Archaludon|spa|1\n|move|p1b: Pelipper|Weather Ball|p2a: Tyranitar\n|-damage|p2a: Tyranitar|82/100\n|\n|-weather|Sandstorm|[upkeep]\n|-damage|p1b: Pelipper|95/100|[from] Sandstorm\n|upkeep\n|turn|3\n|inactive|weston4718 has 30 seconds left.\n|\n|t:|1776030354\n|switch|p1b: Maushold|Maushold, L50|100/100\n|move|p2b: Klefki|Thunder Wave|p1b: Maushold\n|-status|p1b: Maushold|par\n|move|p1a: Archaludon|Electro Shot|p2b: Klefki|[from] lockedmove\n|-damage|p2b: Klefki|46/100\n|move|p2a: Tyranitar|Low Kick|p1a: Archaludon\n|-supereffective|p1a: Archaludon|1\n|-damage|p1a: Archaludon|53/100 par\n|\n|-weather|Sandstorm|[upkeep]\n|-damage|p1b: Maushold|94/100 par|[from] Sandstorm\n|upkeep\n|turn|4\n|c| YisusNube|hes mega\n|\n|t:|1776030373\n|switch|p2b: Meganium|Meganium, L50, M|100/100\n|move|p1a: Archaludon|Electro Shot||[still]\n|-prepare|p1a: Archaludon|Electro Shot\n|-boost|p1a: Archaludon|spa|1\n|move|p1b: Maushold|Rain Dance|p1b: Maushold\n|-weather|RainDance\n|move|p2a: Tyranitar|Low Kick|p1a: Archaludon\n|-supereffective|p1a: Archaludon|1\n|-damage|p1a: Archaludon|12/100 par\n|\n|-weather|RainDance|[upkeep]\n|upkeep\n|turn|5\n|c| YisusNube|no follow me?\n|\n|t:|1776030398\n|detailschange|p2b: Meganium|Meganium-Mega, L50, M\n|-mega|p2b: Meganium|Meganium|Meganiumite\n|move|p2a: Tyranitar|Protect|p2a: Tyranitar\n|-singleturn|p2a: Tyranitar|Protect\n|move|p1b: Maushold|Follow Me|p1b: Maushold\n|-singleturn|p1b: Maushold|move: Follow Me\n|move|p2b: Meganium|Dazzling Gleam|p1b: Maushold|[spread] p1a,p1b\n|-damage|p1a: Archaludon|0 fnt\n|-damage|p1b: Maushold|47/100 par\n|faint|p1a: Archaludon\n|\n|-weather|RainDance|[upkeep]\n|upkeep\n|\n|t:|1776030416\n|switch|p1a: Basculegion|Basculegion, L50, M|100/100\n|turn|6\n|inactive|weston4718 has 30 seconds left.\n|inactive|weston4718 has 20 seconds left.\n|inactive|weston4718 has 15 seconds left.\n|\n|t:|1776030461\n|switch|p2a: Klefki|Klefki, L50, M|46/100\n|move|p1b: Maushold|Follow Me|p1b: Maushold\n|-singleturn|p1b: Maushold|move: Follow Me\n|move|p1a: Basculegion|Wave Crash|p2a: Klefki\n|-damage|p2a: Klefki|0 fnt\n|faint|p2a: Klefki\n|-damage|p1a: Basculegion|88/100|[from] Recoil\n|move|p2b: Meganium|Solar Beam||[still]\n|-prepare|p2b: Meganium|Solar Beam\n|-activate|p2b: Meganium|ability: Mega Sol\n|-anim|p2b: Meganium|Solar Beam|p1b: Maushold\n|-damage|p1b: Maushold|0 fnt\n|faint|p1b: Maushold\n|\n|-weather|RainDance|[upkeep]\n|upkeep\n|c| YisusNube|peli faster\n|c| YisusNube|damn\n|inactive|weston4718 has 30 seconds left.\n|inactive|weston4718 has 20 seconds left.\n|inactive|weston4718 has 15 seconds left.\n|inactive|weston4718 has 10 seconds left.\n|inactive|weston4718 has 5 seconds left.\n|\n|t:|1776030512\n|switch|p1b: Pelipper|Pelipper, L50, F|95/100\n|switch|p2a: Incineroar|Incineroar, L50, F|100/100\n|-ability|p2a: Incineroar|Intimidate|boost\n|-unboost|p1a: Basculegion|atk|1\n|-unboost|p1b: Pelipper|atk|1\n|turn|7\n|\n|t:|1776030522\n|switch|p2a: Tyranitar|Tyranitar, L50, F|82/100\n|-weather|Sandstorm|[from] ability: Sand Stream|[of] p2a: Tyranitar\n|move|p2b: Meganium|Solar Beam||[still]\n|-prepare|p2b: Meganium|Solar Beam\n|-activate|p2b: Meganium|ability: Mega Sol\n|-anim|p2b: Meganium|Solar Beam|p1a: Basculegion\n|-supereffective|p1a: Basculegion|1\n|-damage|p1a: Basculegion|0 fnt\n|faint|p1a: Basculegion\n|move|p1b: Pelipper|Tailwind|p1b: Pelipper\n|-sidestart|p1: dbutt12|move: Tailwind\n|\n|-weather|Sandstorm|[upkeep]\n|-damage|p1b: Pelipper|89/100|[from] Sandstorm\n|-damage|p2b: Meganium|95/100|[from] Sandstorm\n|upkeep\n|turn|8\n|inactive|weston4718 has 30 seconds left.\n|-activate|p1b: Pelipper|item: Quick Claw\n|\n|t:|1776030548\n|move|p1b: Pelipper|Hurricane|p2b: Meganium|[miss]\n|-miss|p1b: Pelipper|p2b: Meganium\n|move|p2b: Meganium|Dazzling Gleam|p1b: Pelipper\n|-damage|p1b: Pelipper|21/100\n|move|p2a: Tyranitar|Knock Off|p1b: Pelipper\n|-damage|p1b: Pelipper|0 fnt\n|-enditem|p1b: Pelipper|Quick Claw|[from] move: Knock Off|[of] p2a: Tyranitar\n|faint|p1b: Pelipper\n|\n|win|weston4718\n",
  "uploadtime": 1776030497,
  "views": 13,
  "formatid": "gen9championsvgc2026regma",
  "rating": null,
  "private": 0,
  "password": null
}