{
  "id": "gen9championsvgc2026regma-2581425769",
  "format": "[Gen 9 Champions] VGC 2026 Reg M-A",
  "players": [
    "lteg",
    "B. Farro"
  ],
  "log": "|j|\u2606lteg\n|j|\u2606B. Farro\n|t:|1775999163\n|gametype|doubles\n|player|p1|lteg|leon|1050\n|player|p2|B. Farro|ingo|1097\n|gen|9\n|tier|[Gen 9 Champions] VGC 2026 Reg M-A\n|rated|\n|rule|Species Clause: Limit one of each Pok\u00e9mon\n|rule|Item Clause: Limit 1 of each item\n|clearpoke\n|poke|p1|Tyranitar, L50, M|\n|poke|p1|Corviknight, L50, M|\n|poke|p1|Aegislash, L50, M|\n|poke|p1|Rotom-Wash, L50|\n|poke|p1|Excadrill, L50, F|\n|poke|p1|Politoed, L50, M|\n|poke|p2|Glimmora, L50, F|\n|poke|p2|Whimsicott, L50, M|\n|poke|p2|Altaria, L50, F|\n|poke|p2|Tauros-Paldea-Blaze, L50, M|\n|poke|p2|Garchomp, L50, M|\n|poke|p2|Kangaskhan, L50, F|\n|teampreview|4\n|\n|t:|1775999222\n|teamsize|p1|4\n|teamsize|p2|4\n|start\n|switch|p1a: Tyranitar|Tyranitar, L50, M|100/100\n|switch|p1b: Corviknight|Corviknight, L50, M|100/100\n|switch|p2a: Whimsicott|Whimsicott, L50, M|100/100\n|switch|p2b: Altaria|Altaria, L50, F|100/100\n|-ability|p2b: Altaria|Cloud Nine\n|-weather|Sandstorm|[from] ability: Sand Stream|[of] p1a: Tyranitar\n|turn|1\n|\n|t:|1775999242\n|switch|p2a: Tauros|Tauros-Paldea-Blaze, L50, M|100/100\n|-ability|p2a: Tauros|Intimidate|boost\n|-unboost|p1a: Tyranitar|atk|1\n|-ability|p1b: Corviknight|Mirror Armor\n|-unboost|p2a: Tauros|atk|1\n|-enditem|p2a: Tauros|White Herb\n|-clearnegativeboost|p2a: Tauros|[silent]\n|move|p2b: Altaria|Tailwind|p2b: Altaria\n|-sidestart|p2: B. Farro|move: Tailwind\n|move|p1b: Corviknight|Iron Head|p2a: Tauros\n|-resisted|p2a: Tauros|1\n|-damage|p2a: Tauros|85/100\n|move|p1a: Tyranitar|Rock Slide|p2b: Altaria|[spread] p2a\n|-miss|p1a: Tyranitar|p2b: Altaria\n|-damage|p2a: Tauros|64/100\n|\n|-weather|Sandstorm|[upkeep]\n|upkeep\n|turn|2\n|\n|t:|1775999279\n|switch|p2b: Whimsicott|Whimsicott, L50, M|100/100\n|move|p1a: Tyranitar|Protect|p1a: Tyranitar\n|-singleturn|p1a: Tyranitar|Protect\n|move|p2a: Tauros|Raging Bull|p1b: Corviknight\n|-supereffective|p1b: Corviknight|1\n|-damage|p1b: Corviknight|43/100\n|move|p1b: Corviknight|Tailwind|p1b: Corviknight\n|-sidestart|p1: lteg|move: Tailwind\n|\n|-weather|Sandstorm|[upkeep]\n|-damage|p2b: Whimsicott|95/100|[from] Sandstorm\n|-damage|p2a: Tauros|58/100|[from] Sandstorm\n|-heal|p1b: Corviknight|49/100|[from] item: Leftovers\n|upkeep\n|turn|3\n|\n|t:|1775999322\n|detailschange|p1a: Tyranitar|Tyranitar-Mega, L50, M\n|-mega|p1a: Tyranitar|Tyranitar|Tyranitarite\n|move|p2b: Whimsicott|Encore|p1a: Tyranitar\n|-hint|Since gen 7, Dark is immune to Prankster moves.\n|-immune|p1a: Tyranitar\n|move|p2a: Tauros|Raging Bull|p1b: Corviknight\n|-supereffective|p1b: Corviknight|1\n|-damage|p1b: Corviknight|0 fnt\n|faint|p1b: Corviknight\n|move|p1a: Tyranitar|Body Press|p2a: Tauros\n|-damage|p2a: Tauros|23/100\n|\n|-weather|Sandstorm|[upkeep]\n|-damage|p2b: Whimsicott|89/100|[from] Sandstorm\n|-damage|p2a: Tauros|17/100|[from] Sandstorm\n|upkeep\n|\n|t:|1775999332\n|switch|p1b: Excadrill|Excadrill, L50, F|100/100\n|turn|4\n|\n|t:|1775999352\n|switch|p2a: Altaria|Altaria, L50, F|100/100\n|-ability|p2a: Altaria|Cloud Nine\n|move|p2b: Whimsicott|Energy Ball|p1b: Excadrill\n|-damage|p1b: Excadrill|47/100\n|move|p1b: Excadrill|Rock Slide|p2b: Whimsicott|[spread] p2a,p2b\n|-supereffective|p2a: Altaria|1\n|-damage|p2a: Altaria|61/100\n|-damage|p2b: Whimsicott|60/100\n|move|p1a: Tyranitar|Rock Slide|p2b: Whimsicott|[spread] p2a,p2b\n|-supereffective|p2a: Altaria|1\n|-damage|p2a: Altaria|10/100\n|-damage|p2b: Whimsicott|25/100\n|\n|-weather|Sandstorm|[upkeep]\n|-sideend|p2: B. Farro|move: Tailwind\n|upkeep\n|turn|5\n|\n|t:|1775999373\n|move|p1b: Excadrill|Protect|p1b: Excadrill\n|-singleturn|p1b: Excadrill|Protect\n|move|p2b: Whimsicott|Tailwind|p2b: Whimsicott\n|-sidestart|p2: B. Farro|move: Tailwind\n|move|p2a: Altaria|Ice Beam|p1b: Excadrill\n|-activate|p1b: Excadrill|move: Protect\n|move|p1a: Tyranitar|Rock Slide|p2b: Whimsicott|[spread] p2b\n|-miss|p1a: Tyranitar|p2a: Altaria\n|-damage|p2b: Whimsicott|0 fnt\n|faint|p2b: Whimsicott\n|\n|-weather|none\n|-sideend|p1: lteg|move: Tailwind\n|upkeep\n|\n|t:|1775999393\n|switch|p2b: Garchomp|Garchomp, L50, M|100/100\n|turn|6\n|\n|t:|1775999413\n|move|p2a: Altaria|Protect|p2a: Altaria\n|-singleturn|p2a: Altaria|Protect\n|move|p1b: Excadrill|Protect||[still]\n|-fail|p1b: Excadrill\n|move|p2b: Garchomp|Stomping Tantrum|p1b: Excadrill\n|-supereffective|p1b: Excadrill|1\n|-damage|p1b: Excadrill|0 fnt\n|faint|p1b: Excadrill\n|move|p1a: Tyranitar|Rock Slide|p2b: Garchomp|[spread] p2b\n|-activate|p2a: Altaria|move: Protect\n|-resisted|p2b: Garchomp|1\n|-damage|p2b: Garchomp|89/100\n|\n|upkeep\n|\n|t:|1775999424\n|switch|p1b: Aegislash|Aegislash, L50, M|100/100\n|turn|7\n|\n|t:|1775999447\n|switch|p2a: Tauros|Tauros-Paldea-Blaze, L50, M|17/100\n|-ability|p2a: Tauros|Intimidate|boost\n|-unboost|p1a: Tyranitar|atk|1\n|-unboost|p1b: Aegislash|atk|1\n|-formechange|p1b: Aegislash|Aegislash-Blade|\n|move|p1b: Aegislash|Shadow Sneak|p2a: Tauros\n|-damage|p2a: Tauros|0 fnt\n|faint|p2a: Tauros\n|move|p2b: Garchomp|Stomping Tantrum|p1a: Tyranitar\n|-supereffective|p1a: Tyranitar|1\n|-damage|p1a: Tyranitar|47/100\n|move|p1a: Tyranitar|Body Press|p2b: Garchomp\n|-damage|p2b: Garchomp|57/100\n|-damage|p1a: Tyranitar|34/100|[from] ability: Rough Skin|[of] p2b: Garchomp\n|\n|upkeep\n|\n|t:|1775999461\n|switch|p2a: Altaria|Altaria, L50, F|10/100\n|-ability|p2a: Altaria|Cloud Nine\n|turn|8\n|\n|t:|1775999473\n|move|p2a: Altaria|Protect|p2a: Altaria\n|-singleturn|p2a: Altaria|Protect\n|move|p1b: Aegislash|Shadow Sneak|p2a: Altaria\n|-activate|p2a: Altaria|move: Protect\n|move|p2b: Garchomp|Stomping Tantrum|p1b: Aegislash\n|-supereffective|p1b: Aegislash|1\n|-damage|p1b: Aegislash|0 fnt\n|faint|p1b: Aegislash\n|move|p1a: Tyranitar|Body Press|p2b: Garchomp\n|-damage|p2b: Garchomp|29/100\n|-damage|p1a: Tyranitar|22/100|[from] ability: Rough Skin|[of] p2b: Garchomp\n|\n|-sideend|p2: B. Farro|move: Tailwind\n|upkeep\n|turn|9\n|-message|lteg forfeited.\n|\n|win|B. Farro\n|raw|lteg's rating: 1050 &rarr; <strong>1035</strong><br />(-15 for losing)\n|raw|B. Farro's rating: 1097 &rarr; <strong>1119</strong><br />(+22 for winning)\n|l|\u2606lteg\n|player|p1|\n",
  "uploadtime": 1775999490,
  "views": 15,
  "formatid": "gen9championsvgc2026regma",
  "rating": 1035,
  "private": 0,
  "password": null
}