{
  "id": "gen9championsvgc2026regma-2582758363",
  "format": "[Gen 9 Champions] VGC 2026 Reg M-A",
  "players": [
    "disciple of blahaj",
    "Tryranitart"
  ],
  "log": "|j|\u2606disciple of blahaj\n|j|\u2606Tryranitart\n|t:|1776112052\n|gametype|doubles\n|player|p1|disciple of blahaj|jacinthe|1076\n|player|p2|Tryranitart|ghetsis-gen5bw|1168\n|gen|9\n|tier|[Gen 9 Champions] VGC 2026 Reg M-A\n|rated|\n|rule|Species Clause: Limit one of each Pok\u00e9mon\n|rule|Item Clause: Limit 1 of each item\n|clearpoke\n|poke|p1|Meganium, L50, F|\n|poke|p1|Pelipper, L50, M|\n|poke|p1|Archaludon, L50, F|\n|poke|p1|Sneasler, L50, M|\n|poke|p1|Basculegion, L50, M|\n|poke|p1|Garchomp, L50, F|\n|poke|p2|Garchomp, L50, F|\n|poke|p2|Tyranitar, L50, M|\n|poke|p2|Incineroar, L50, M|\n|poke|p2|Rotom-Heat, L50|\n|poke|p2|Excadrill, L50, F|\n|poke|p2|Ditto, L50|\n|teampreview|4\n|inactive|Battle timer is ON: inactive players will automatically lose when time's up. (requested by disciple of blahaj)\n|\n|t:|1776112075\n|teamsize|p1|4\n|teamsize|p2|4\n|start\n|switch|p1a: Meganium|Meganium, L50, F, shiny|100/100\n|switch|p1b: Basculegion|Basculegion, L50, M|100/100\n|switch|p2a: Incineroar|Incineroar, L50, M|100/100\n|switch|p2b: Rotom|Rotom-Heat, L50|100/100\n|-ability|p2a: Incineroar|Intimidate|boost\n|-unboost|p1a: Meganium|atk|1\n|-unboost|p1b: Basculegion|atk|1\n|turn|1\n|inactive|disciple of blahaj has 30 seconds left.\n|inactive|disciple of blahaj has 20 seconds left.\n|inactive|disciple of blahaj has 15 seconds left.\n|inactive|disciple of blahaj has 10 seconds left.\n|\n|t:|1776112124\n|detailschange|p1a: Meganium|Meganium-Mega, L50, F, shiny\n|-mega|p1a: Meganium|Meganium|Meganiumite\n|move|p1a: Meganium|Protect|p1a: Meganium\n|-singleturn|p1a: Meganium|Protect\n|move|p2a: Incineroar|Fake Out|p1a: Meganium\n|-activate|p1a: Meganium|move: Protect\n|move|p1b: Basculegion|Flip Turn|p2a: Incineroar\n|-supereffective|p2a: Incineroar|1\n|-damage|p2a: Incineroar|47/100\n|-enditem|p2a: Incineroar|Sitrus Berry|[eat]\n|-heal|p2a: Incineroar|72/100|[from] item: Sitrus Berry\n|\n|t:|1776112144\n|switch|p1b: Pelipper|Pelipper, L50, M|100/100|[from] Flip Turn\n|-weather|RainDance|[from] ability: Drizzle|[of] p1b: Pelipper\n|move|p2b: Rotom|Volt Switch|p1b: Pelipper\n|-supereffective|p1b: Pelipper|2\n|-enditem|p1b: Pelipper|Focus Sash\n|-damage|p1b: Pelipper|1/100\n|\n|t:|1776112152\n|switch|p2b: Tyranitar|Tyranitar, L50, M|100/100|[from] Volt Switch\n|-weather|Sandstorm|[from] ability: Sand Stream|[of] p2b: Tyranitar\n|\n|-weather|Sandstorm|[upkeep]\n|-damage|p1a: Meganium|95/100|[from] Sandstorm\n|-damage|p1b: Pelipper|0 fnt|[from] Sandstorm\n|-damage|p2a: Incineroar|66/100|[from] Sandstorm\n|faint|p1b: Pelipper\n|upkeep\n|\n|t:|1776112159\n|switch|p1b: Sneasler|Sneasler, L50, M, shiny|100/100\n|turn|2\n|\n|t:|1776112171\n|detailschange|p2b: Tyranitar|Tyranitar-Mega, L50, M\n|-mega|p2b: Tyranitar|Tyranitar|Tyranitarite\n|move|p2b: Tyranitar|Protect|p2b: Tyranitar\n|-singleturn|p2b: Tyranitar|Protect\n|move|p1b: Sneasler|Rain Dance|p1b: Sneasler\n|-weather|RainDance\n|move|p1a: Meganium|Solar Beam||[still]\n|-prepare|p1a: Meganium|Solar Beam\n|-activate|p1a: Meganium|ability: Mega Sol\n|-anim|p1a: Meganium|Solar Beam|p2b: Tyranitar\n|-activate|p2b: Tyranitar|move: Protect\n|move|p2a: Incineroar|Parting Shot|p1b: Sneasler\n|-unboost|p1b: Sneasler|atk|1\n|-unboost|p1b: Sneasler|spa|1\n|\n|t:|1776112184\n|switch|p2a: Rotom|Rotom-Heat, L50|100/100|[from] Parting Shot\n|-enditem|p1b: Sneasler|White Herb\n|-clearnegativeboost|p1b: Sneasler|[silent]\n|\n|-weather|RainDance|[upkeep]\n|upkeep\n|turn|3\n|inactive|disciple of blahaj has 30 seconds left.\n|\n|t:|1776112215\n|switch|p2b: Incineroar|Incineroar, L50, M|66/100\n|-ability|p2b: Incineroar|Intimidate|boost\n|-unboost|p1a: Meganium|atk|1\n|-unboost|p1b: Sneasler|atk|1\n|move|p1b: Sneasler|Close Combat|p2b: Incineroar\n|-supereffective|p2b: Incineroar|1\n|-damage|p2b: Incineroar|0 fnt\n|-unboost|p1b: Sneasler|def|1\n|-unboost|p1b: Sneasler|spd|1\n|faint|p2b: Incineroar\n|move|p2a: Rotom|Volt Switch|p1b: Sneasler\n|-damage|p1b: Sneasler|31/100\n|\n|t:|1776112234\n|switch|p2a: Tyranitar|Tyranitar-Mega, L50, M|100/100|[from] Volt Switch\n|-weather|Sandstorm|[from] ability: Sand Stream|[of] p2a: Tyranitar\n|move|p1a: Meganium|Ancient Power|p2a: Tyranitar\n|-damage|p2a: Tyranitar|83/100\n|\n|-weather|Sandstorm|[upkeep]\n|-damage|p1b: Sneasler|25/100|[from] Sandstorm\n|-damage|p1a: Meganium|89/100|[from] Sandstorm\n|upkeep\n|\n|t:|1776112238\n|switch|p2b: Rotom|Rotom-Heat, L50|100/100\n|turn|4\n|\n|t:|1776112254\n|move|p2a: Tyranitar|Protect|p2a: Tyranitar\n|-singleturn|p2a: Tyranitar|Protect\n|move|p1b: Sneasler|Rain Dance|p1b: Sneasler\n|-weather|RainDance\n|move|p2b: Rotom|Overheat|p1a: Meganium|[miss]\n|-miss|p2b: Rotom|p1a: Meganium\n|move|p1a: Meganium|Solar Beam||[still]\n|-prepare|p1a: Meganium|Solar Beam\n|-activate|p1a: Meganium|ability: Mega Sol\n|-anim|p1a: Meganium|Solar Beam|p2a: Tyranitar\n|-activate|p2a: Tyranitar|move: Protect\n|\n|-weather|RainDance|[upkeep]\n|upkeep\n|turn|5\n|\n|t:|1776112268\n|switch|p2a: Garchomp|Garchomp, L50, F|100/100\n|move|p1b: Sneasler|Close Combat|p2a: Garchomp\n|-damage|p2a: Garchomp|55/100\n|-unboost|p1b: Sneasler|def|1\n|-unboost|p1b: Sneasler|spd|1\n|move|p2b: Rotom|Will-O-Wisp|p1b: Sneasler\n|-status|p1b: Sneasler|brn\n|move|p1a: Meganium|Ancient Power|p2b: Rotom\n|-supereffective|p2b: Rotom|1\n|-damage|p2b: Rotom|30/100\n|\n|-weather|RainDance|[upkeep]\n|-damage|p1b: Sneasler|20/100 brn|[from] brn\n|upkeep\n|turn|6\n|\n|t:|1776112284\n|switch|p2a: Tyranitar|Tyranitar-Mega, L50, M|83/100\n|-weather|Sandstorm|[from] ability: Sand Stream|[of] p2a: Tyranitar\n|move|p1b: Sneasler|Rain Dance|p1b: Sneasler\n|-weather|RainDance\n|move|p2b: Rotom|Overheat|p1a: Meganium\n|-supereffective|p1a: Meganium|1\n|-damage|p1a: Meganium|24/100\n|-unboost|p2b: Rotom|spa|2\n|move|p1a: Meganium|Solar Beam||[still]\n|-prepare|p1a: Meganium|Solar Beam\n|-activate|p1a: Meganium|ability: Mega Sol\n|-anim|p1a: Meganium|Solar Beam|p2a: Tyranitar\n|-supereffective|p2a: Tyranitar|1\n|-damage|p2a: Tyranitar|0 fnt\n|faint|p2a: Tyranitar\n|\n|-weather|RainDance|[upkeep]\n|-damage|p1b: Sneasler|14/100 brn|[from] brn\n|upkeep\n|\n|t:|1776112298\n|switch|p2a: Garchomp|Garchomp, L50, F|55/100\n|turn|7\n|\n|t:|1776112308\n|move|p1b: Sneasler|Close Combat|p2b: Rotom\n|-damage|p2b: Rotom|1/100\n|-unboost|p1b: Sneasler|def|1\n|-unboost|p1b: Sneasler|spd|1\n|move|p2a: Garchomp|Earthquake|p1a: Meganium|[spread] p1a,p1b\n|-immune|p2b: Rotom|[from] ability: Levitate\n|-resisted|p1a: Meganium|1\n|-supereffective|p1b: Sneasler|1\n|-damage|p1a: Meganium|4/100\n|-damage|p1b: Sneasler|0 fnt\n|faint|p1b: Sneasler\n|move|p2b: Rotom|Discharge|p1a: Meganium|[spread] p1a\n|-immune|p2a: Garchomp\n|-resisted|p1a: Meganium|1\n|-damage|p1a: Meganium|0 fnt\n|faint|p1a: Meganium\n|\n|-weather|RainDance|[upkeep]\n|upkeep\n|\n|t:|1776112317\n|switch|p1a: Basculegion|Basculegion, L50, M|100/100\n|turn|8\n|\n|t:|1776112335\n|move|p1a: Basculegion|Last Respects|p2b: Rotom\n|-damage|p2b: Rotom|0 fnt\n|faint|p2b: Rotom\n|move|p2a: Garchomp|Earthquake|p1a: Basculegion\n|-damage|p1a: Basculegion|38/100\n|\n|-weather|RainDance|[upkeep]\n|upkeep\n|turn|9\n|\n|t:|1776112349\n|move|p1a: Basculegion|Last Respects|p2a: Garchomp\n|-damage|p2a: Garchomp|0 fnt\n|faint|p2a: Garchomp\n|\n|win|disciple of blahaj\n|raw|disciple of blahaj's rating: 1076 &rarr; <strong>1112</strong><br />(+36 for winning)\n|raw|Tryranitart's rating: 1168 &rarr; <strong>1137</strong><br />(-31 for losing)\n|l|\u2606Tryranitart\n|player|p2|\n",
  "uploadtime": 1776112351,
  "views": 16,
  "formatid": "gen9championsvgc2026regma",
  "rating": 1112,
  "private": 0,
  "password": null
}