{
  "id": "gen9championsvgc2026regma-2584925038",
  "format": "[Gen 9 Champions] VGC 2026 Reg M-A",
  "players": [
    "AAACompanyBtw",
    "Skols"
  ],
  "log": "|j|\u2606AAACompanyBtw\n|j|\u2606Skols\n|t:|1776295057\n|gametype|doubles\n|player|p1|AAACompanyBtw|2|1245\n|player|p2|Skols|265|1272\n|gen|9\n|tier|[Gen 9 Champions] VGC 2026 Reg M-A\n|rated|\n|rule|Species Clause: Limit one of each Pok\u00e9mon\n|rule|Item Clause: Limit 1 of each item\n|clearpoke\n|poke|p1|Incineroar, L50, F|\n|poke|p1|Kingambit, L50, F|\n|poke|p1|Rotom-Wash, L50|\n|poke|p1|Mamoswine, L50, F|\n|poke|p1|Whimsicott, L50, F|\n|poke|p1|Froslass, L50, F|\n|poke|p2|Aegislash, L50, F|\n|poke|p2|Tyranitar, L50, M|\n|poke|p2|Gyarados, L50, M|\n|poke|p2|Garchomp, L50, M|\n|poke|p2|Whimsicott, L50, M|\n|poke|p2|Delphox, L50, M|\n|teampreview|4\n|inactive|Battle timer is ON: inactive players will automatically lose when time's up. (requested by Skols)\n|inactive|AAACompanyBtw has 60 seconds left.\n|\n|t:|1776295101\n|teamsize|p1|4\n|teamsize|p2|4\n|start\n|switch|p1a: Kingambit|Kingambit, L50, F|100/100\n|switch|p1b: Whimsicott|Whimsicott, L50, F|100/100\n|switch|p2a: Whimsicott|Whimsicott, L50, M|100/100\n|switch|p2b: Tyranitar|Tyranitar, L50, M|100/100\n|-weather|Sandstorm|[from] ability: Sand Stream|[of] p2b: Tyranitar\n|turn|1\n|\n|t:|1776295118\n|switch|p1a: Incineroar|Incineroar, L50, F|100/100\n|-ability|p1a: Incineroar|Intimidate|boost\n|-unboost|p2a: Whimsicott|atk|1\n|-unboost|p2b: Tyranitar|atk|1\n|move|p1b: Whimsicott|Tailwind|p1b: Whimsicott\n|-sidestart|p1: AAACompanyBtw|move: Tailwind\n|move|p2a: Whimsicott|Encore|p1b: Whimsicott\n|-start|p1b: Whimsicott|Encore\n|move|p2b: Tyranitar|Low Kick|p1a: Incineroar\n|-supereffective|p1a: Incineroar|1\n|-damage|p1a: Incineroar|67/100\n|\n|-weather|Sandstorm|[upkeep]\n|-damage|p1b: Whimsicott|95/100|[from] Sandstorm\n|-damage|p2a: Whimsicott|95/100|[from] Sandstorm\n|-damage|p1a: Incineroar|61/100|[from] Sandstorm\n|upkeep\n|turn|2\n|\n|t:|1776295141\n|switch|p1b: Kingambit|Kingambit, L50, F|100/100\n|move|p1a: Incineroar|Fake Out|p2a: Whimsicott\n|-damage|p2a: Whimsicott|72/100\n|cant|p2a: Whimsicott|flinch\n|move|p2b: Tyranitar|Rock Slide|p1a: Incineroar|[spread] p1a,p1b\n|-supereffective|p1a: Incineroar|1\n|-resisted|p1b: Kingambit|1\n|-damage|p1a: Incineroar|21/100\n|-damage|p1b: Kingambit|92/100\n|-enditem|p1a: Incineroar|Sitrus Berry|[eat]\n|-heal|p1a: Incineroar|46/100|[from] item: Sitrus Berry\n|\n|-weather|Sandstorm|[upkeep]\n|-damage|p2a: Whimsicott|66/100|[from] Sandstorm\n|-damage|p1a: Incineroar|40/100|[from] Sandstorm\n|upkeep\n|turn|3\n|\n|t:|1776295161\n|move|p1b: Kingambit|Protect|p1b: Kingambit\n|-singleturn|p1b: Kingambit|Protect\n|move|p2a: Whimsicott|Moonblast|p1a: Incineroar\n|-damage|p1a: Incineroar|10/100\n|move|p1a: Incineroar|Parting Shot|p2b: Tyranitar\n|-unboost|p2b: Tyranitar|atk|1\n|-unboost|p2b: Tyranitar|spa|1\n|\n|t:|1776295169\n|switch|p1a: Rotom|Rotom-Wash, L50|100/100|[from] Parting Shot\n|move|p2b: Tyranitar|Low Kick|p1b: Kingambit\n|-activate|p1b: Kingambit|move: Protect\n|\n|-weather|Sandstorm|[upkeep]\n|-damage|p1a: Rotom|95/100|[from] Sandstorm\n|-damage|p2a: Whimsicott|60/100|[from] Sandstorm\n|upkeep\n|turn|4\n|\n|t:|1776295185\n|switch|p1a: Incineroar|Incineroar, L50, F|10/100\n|-ability|p1a: Incineroar|Intimidate|boost\n|-unboost|p2a: Whimsicott|atk|1\n|-unboost|p2b: Tyranitar|atk|1\n|switch|p2b: Aegislash|Aegislash, L50, F|100/100\n|move|p2a: Whimsicott|Protect|p2a: Whimsicott\n|-singleturn|p2a: Whimsicott|Protect\n|move|p1b: Kingambit|Iron Head|p2b: Aegislash\n|-resisted|p2b: Aegislash|1\n|-damage|p2b: Aegislash|84/100\n|\n|-weather|Sandstorm|[upkeep]\n|-damage|p2a: Whimsicott|55/100|[from] Sandstorm\n|-damage|p1a: Incineroar|4/100|[from] Sandstorm\n|-heal|p2b: Aegislash|90/100|[from] item: Leftovers\n|-sideend|p1: AAACompanyBtw|move: Tailwind\n|upkeep\n|turn|5\n|\n|t:|1776295210\n|switch|p1b: Whimsicott|Whimsicott, L50, F|95/100\n|move|p1a: Incineroar|Fake Out|p2a: Whimsicott\n|-damage|p2a: Whimsicott|32/100\n|cant|p2a: Whimsicott|flinch\n|-formechange|p2b: Aegislash|Aegislash-Blade|\n|move|p2b: Aegislash|Shadow Ball|p1a: Incineroar\n|-resisted|p1a: Incineroar|1\n|-damage|p1a: Incineroar|0 fnt\n|faint|p1a: Incineroar\n|\n|-weather|none\n|-heal|p2b: Aegislash|96/100|[from] item: Leftovers\n|upkeep\n|\n|t:|1776295219\n|switch|p1a: Kingambit|Kingambit, L50, F|92/100\n|turn|6\n|\n|t:|1776295230\n|switch|p2b: Tyranitar|Tyranitar, L50, M|100/100\n|-weather|Sandstorm|[from] ability: Sand Stream|[of] p2b: Tyranitar\n|move|p1b: Whimsicott|Tailwind|p1b: Whimsicott\n|-sidestart|p1: AAACompanyBtw|move: Tailwind\n|move|p2a: Whimsicott|Encore|p1b: Whimsicott\n|-start|p1b: Whimsicott|Encore\n|move|p1a: Kingambit|Iron Head|p2a: Whimsicott\n|-supereffective|p2a: Whimsicott|1\n|-damage|p2a: Whimsicott|0 fnt\n|faint|p2a: Whimsicott\n|\n|-weather|Sandstorm|[upkeep]\n|-damage|p1b: Whimsicott|89/100|[from] Sandstorm\n|upkeep\n|\n|t:|1776295246\n|switch|p2a: Delphox|Delphox, L50, M|100/100\n|turn|7\n|\n|t:|1776295253\n|switch|p1b: Rotom|Rotom-Wash, L50|95/100\n|detailschange|p2a: Delphox|Delphox-Mega, L50, M\n|-mega|p2a: Delphox|Delphox|Delphoxite\n|move|p1a: Kingambit|Protect|p1a: Kingambit\n|-singleturn|p1a: Kingambit|Protect\n|move|p2a: Delphox|Substitute|p2a: Delphox\n|-start|p2a: Delphox|Substitute\n|-damage|p2a: Delphox|76/100\n|move|p2b: Tyranitar|Low Kick|p1a: Kingambit\n|-activate|p1a: Kingambit|move: Protect\n|\n|-weather|Sandstorm|[upkeep]\n|-damage|p1b: Rotom|89/100|[from] Sandstorm\n|-damage|p2a: Delphox|70/100|[from] Sandstorm\n|upkeep\n|turn|8\n|\n|t:|1776295269\n|move|p1b: Rotom|Hydro Pump|p2a: Delphox\n|-supereffective|p2a: Delphox|1\n|-end|p2a: Delphox|Substitute\n|move|p1a: Kingambit|Iron Head|p2b: Tyranitar\n|-supereffective|p2b: Tyranitar|1\n|-damage|p2b: Tyranitar|30/100\n|move|p2a: Delphox|Heat Wave|p1b: Rotom|[spread] p1a,p1b\n|-supereffective|p1a: Kingambit|1\n|-resisted|p1b: Rotom|1\n|-damage|p1a: Kingambit|0 fnt\n|-damage|p1b: Rotom|61/100\n|faint|p1a: Kingambit\n|move|p2b: Tyranitar|Low Kick|p1b: Rotom\n|-damage|p1b: Rotom|50/100\n|\n|-weather|Sandstorm|[upkeep]\n|-damage|p1b: Rotom|45/100|[from] Sandstorm\n|-damage|p2a: Delphox|64/100|[from] Sandstorm\n|upkeep\n|\n|t:|1776295277\n|switch|p1a: Whimsicott|Whimsicott, L50, F|89/100\n|turn|9\n|\n|t:|1776295295\n|move|p1b: Rotom|Hydro Pump|p2a: Delphox|[miss]\n|-miss|p1b: Rotom|p2a: Delphox\n|move|p1a: Whimsicott|Moonblast|p2b: Tyranitar\n|-supereffective|p2b: Tyranitar|1\n|-damage|p2b: Tyranitar|0 fnt\n|faint|p2b: Tyranitar\n|move|p2a: Delphox|Heat Wave|p1a: Whimsicott|[spread] p1a,p1b\n|-supereffective|p1a: Whimsicott|1\n|-resisted|p1b: Rotom|1\n|-damage|p1a: Whimsicott|0 fnt\n|-damage|p1b: Rotom|14/100\n|faint|p1a: Whimsicott\n|\n|-weather|Sandstorm|[upkeep]\n|-damage|p1b: Rotom|8/100|[from] Sandstorm\n|-damage|p2a: Delphox|58/100|[from] Sandstorm\n|-sideend|p1: AAACompanyBtw|move: Tailwind\n|upkeep\n|\n|t:|1776295307\n|switch|p2b: Aegislash|Aegislash, L50, F|96/100\n|turn|10\n|-message|AAACompanyBtw forfeited.\n|\n|win|Skols\n|raw|AAACompanyBtw's rating: 1245 &rarr; <strong>1222</strong><br />(-23 for losing)\n|raw|Skols's rating: 1272 &rarr; <strong>1295</strong><br />(+23 for winning)\n",
  "uploadtime": 1776295311,
  "views": 37,
  "formatid": "gen9championsvgc2026regma",
  "rating": 1222,
  "private": 0,
  "password": null
}