{
  "id": "gen9championsvgc2026regma-2580436398",
  "format": "[Gen 9 Champions] VGC 2026 Reg M-A",
  "players": [
    "Pohmatee",
    "imperialdave1"
  ],
  "log": "|j|\u2606Pohmatee\n|j|\u2606imperialdave1\n|t:|1775896296\n|gametype|doubles\n|player|p1|Pohmatee|emmet|1040\n|player|p2|imperialdave1|102|1099\n|gen|9\n|tier|[Gen 9 Champions] VGC 2026 Reg M-A\n|rated|\n|rule|Species Clause: Limit one of each Pok\u00e9mon\n|rule|Item Clause: Limit 1 of each item\n|clearpoke\n|poke|p1|Delphox, L50, F|\n|poke|p1|Garchomp, L50, M|\n|poke|p1|Corviknight, L50, M|\n|poke|p1|Tsareena, L50, F|\n|poke|p1|Azumarill, L50, F|\n|poke|p1|Conkeldurr, L50, F|\n|poke|p2|Scovillain, L50, F|\n|poke|p2|Zoroark-Hisui, L50, M|\n|poke|p2|Ampharos, L50, M|\n|poke|p2|Sinistcha, L50|\n|poke|p2|Incineroar, L50, M|\n|poke|p2|Kleavor, L50, M|\n|teampreview|4\nPohmatee rejected open team sheets.\n|\n|t:|1775896316\n|teamsize|p1|4\n|teamsize|p2|4\n|start\n|switch|p1a: Corviknight|Corviknight, L50, M|100/100\n|switch|p1b: Azumarill|Azumarill, L50, F|100/100\n|switch|p2a: Kleavor|Kleavor, L50, M|100/100\n|switch|p2b: Scovillain|Scovillain, L50, F|100/100\n|turn|1\n|\n|t:|1775896326\n|detailschange|p2b: Scovillain|Scovillain-Mega, L50, F\n|-mega|p2b: Scovillain|Scovillain|Scovillainite\n|move|p2a: Kleavor|Stone Axe|p1a: Corviknight\n|-damage|p1a: Corviknight|65/100\n|-sidestart|p1: Pohmatee|move: Stealth Rock\n|move|p1b: Azumarill|Liquidation|p2a: Kleavor\n|-supereffective|p2a: Kleavor|1\n|-damage|p2a: Kleavor|0 fnt\n|faint|p2a: Kleavor\n|move|p2b: Scovillain|Giga Drain|p1b: Azumarill\n|-supereffective|p1b: Azumarill|1\n|-damage|p1b: Azumarill|22/100\n|move|p1a: Corviknight|Brave Bird|p2b: Scovillain\n|-supereffective|p2b: Scovillain|1\n|-damage|p2b: Scovillain|22/100\n|-status|p1a: Corviknight|brn|[from] ability: Spicy Spray|[of] p2b: Scovillain\n|-damage|p1a: Corviknight|43/100 brn|[from] Recoil\n|\n|-heal|p1a: Corviknight|49/100 brn|[from] item: Leftovers\n|-damage|p1a: Corviknight|43/100 brn|[from] brn\n|upkeep\n|\n|t:|1775896345\n|switch|p2a: Incineroar|Incineroar, L50, M|100/100\n|turn|2\n|\n|t:|1775896359\n|move|p1b: Azumarill|Protect|p1b: Azumarill\n|-singleturn|p1b: Azumarill|Protect\n|move|p1a: Corviknight|Protect|p1a: Corviknight\n|-singleturn|p1a: Corviknight|Protect\n|move|p2a: Incineroar|Hex|p1a: Corviknight\n|-activate|p1a: Corviknight|move: Protect\n|move|p2b: Scovillain|Giga Drain|p1b: Azumarill\n|-activate|p1b: Azumarill|move: Protect\n|\n|-heal|p1a: Corviknight|49/100 brn|[from] item: Leftovers\n|-damage|p1a: Corviknight|43/100 brn|[from] brn\n|upkeep\n|turn|3\n|\n|t:|1775896384\n|switch|p1a: Garchomp|Garchomp, L50, M|100/100\n|-damage|p1a: Garchomp|95/100|[from] Stealth Rock\n|move|p2b: Scovillain|Protect|p2b: Scovillain\n|-singleturn|p2b: Scovillain|Protect\n|move|p1b: Azumarill|Aqua Jet|p2b: Scovillain\n|-activate|p2b: Scovillain|move: Protect\n|move|p2a: Incineroar|Hex|p1a: Garchomp\n|-damage|p1a: Garchomp|57/100\n|\n|upkeep\n|turn|4\n|\n|t:|1775896409\n|move|p1b: Azumarill|Aqua Jet|p2b: Scovillain\n|-damage|p2b: Scovillain|0 fnt\n|-status|p1b: Azumarill|brn|[from] ability: Spicy Spray|[of] p2b: Scovillain\n|faint|p2b: Scovillain\n|move|p2a: Incineroar|Icy Wind|p1a: Garchomp|[spread] p1a,p1b\n|-supereffective|p1a: Garchomp|2\n|-resisted|p1b: Azumarill|1\n|-damage|p1a: Garchomp|0 fnt\n|-damage|p1b: Azumarill|14/100 brn\n|-unboost|p1b: Azumarill|spe|1\n|faint|p1a: Garchomp\n|\n|-damage|p1b: Azumarill|8/100 brn|[from] brn\n|upkeep\n|\n|t:|1775896434\n|switch|p1a: Delphox|Delphox, L50, F|100/100\n|switch|p2b: Incineroar|Incineroar, L50, M|100/100\n|-damage|p1a: Delphox|76/100|[from] Stealth Rock\n|-ability|p2b: Incineroar|Intimidate|boost\n|-unboost|p1a: Delphox|atk|1\n|-unboost|p1b: Azumarill|atk|1\n|turn|5\n|\n|t:|1775896450\n|detailschange|p1a: Delphox|Delphox-Mega, L50, F\n|-mega|p1a: Delphox|Delphox|Delphoxite\n|move|p2b: Incineroar|Fake Out|p1a: Delphox\n|-damage|p1a: Delphox|54/100\n|move|p1b: Azumarill|Aqua Jet|p2a: Incineroar\n|-damage|p2a: Incineroar|80/100\n|replace|p2a: Zoroark|Zoroark-Hisui, L50, M\n|-end|p2a: Zoroark|Illusion\n|cant|p1a: Delphox|flinch\n|move|p2a: Zoroark|Hyper Voice|p1b: Azumarill|[spread] p1a,p1b\n|-damage|p1a: Delphox|21/100\n|-damage|p1b: Azumarill|0 fnt\n|faint|p1b: Azumarill\n|\n|upkeep\n|j| BANANATC42\n|\n|t:|1775896458\n|switch|p1b: Corviknight|Corviknight, L50, M|43/100 brn\n|-damage|p1b: Corviknight|31/100 brn|[from] Stealth Rock\n|turn|6\n|\n|t:|1775896473\n|move|p2a: Zoroark|Protect|p2a: Zoroark\n|-singleturn|p2a: Zoroark|Protect\n|move|p1a: Delphox|Heat Wave|p2b: Incineroar|[spread] p2b\n|-activate|p2a: Zoroark|move: Protect\n|-resisted|p2b: Incineroar|1\n|-damage|p2b: Incineroar|80/100\n|move|p1b: Corviknight|Brave Bird|p2b: Incineroar\n|-crit|p2b: Incineroar\n|-damage|p2b: Incineroar|52/100\n|-damage|p1b: Corviknight|22/100 brn|[from] Recoil\n|move|p2b: Incineroar|Darkest Lariat|p1a: Delphox\n|-supereffective|p1a: Delphox|1\n|-crit|p1a: Delphox\n|-damage|p1a: Delphox|0 fnt\n|faint|p1a: Delphox\n|\n|-heal|p1b: Corviknight|28/100 brn|[from] item: Leftovers\n|-damage|p1b: Corviknight|22/100 brn|[from] brn\n|upkeep\n|turn|7\n|c| BANANATC42|omg awesome pokemon battle\n|-message|Pohmatee forfeited.\n|\n|win|imperialdave1\n|raw|Pohmatee's rating: 1040 &rarr; <strong>1027</strong><br />(-13 for losing)\n|raw|imperialdave1's rating: 1099 &rarr; <strong>1120</strong><br />(+21 for winning)\n|l|\u2606Pohmatee\n|player|p1|\n|c|\u2606imperialdave1|Gg\n",
  "uploadtime": 1775896514,
  "views": 15,
  "formatid": "gen9championsvgc2026regma",
  "rating": 1027,
  "private": 0,
  "password": null
}