{
  "id": "gen9championsvgc2026regma-2586145946",
  "format": "[Gen 9 Champions] VGC 2026 Reg M-A",
  "players": [
    "fimmm",
    "kuanyou"
  ],
  "log": "|j|\u2606fimmm\n|j|\u2606kuanyou\n|t:|1776404785\n|gametype|doubles\n|player|p1|fimmm|whitney|1211\n|player|p2|kuanyou|266|1292\n|gen|9\n|tier|[Gen 9 Champions] VGC 2026 Reg M-A\n|rated|\n|rule|Species Clause: Limit one of each Pok\u00e9mon\n|rule|Item Clause: Limit 1 of each item\n|clearpoke\n|poke|p1|Clefable, L50, M|\n|poke|p1|Floette-Eternal, L50, F|\n|poke|p1|Whimsicott, L50, M|\n|poke|p1|Tinkaton, L50, F|\n|poke|p1|Klefki, L50, F|\n|poke|p1|Azumarill, L50, F|\n|poke|p2|Kangaskhan, L50, F|\n|poke|p2|Aerodactyl, L50, M|\n|poke|p2|Garchomp, L50, M|\n|poke|p2|Basculegion, L50, M|\n|poke|p2|Sylveon, L50, M|\n|poke|p2|Incineroar, L50, M|\n|teampreview|4\n|inactive|Battle timer is ON: inactive players will automatically lose when time's up. (requested by fimmm)\n|inactive|kuanyou has 60 seconds left.\n|\n|t:|1776404819\n|teamsize|p1|4\n|teamsize|p2|4\n|start\n|switch|p1a: Klefki|Klefki, L50, F|100/100\n|switch|p1b: Tinkaton|Tinkaton, L50, F|100/100\n|switch|p2a: Kangaskhan|Kangaskhan, L50, F|100/100\n|switch|p2b: Aerodactyl|Aerodactyl, L50, M|100/100\n|-ability|p2b: Aerodactyl|Unnerve\n|-ability|p1b: Tinkaton|Mold Breaker\n|turn|1\n|\n|t:|1776404834\n|switch|p2b: Garchomp|Garchomp, L50, M|100/100\n|move|p1b: Tinkaton|Fake Out|p2a: Kangaskhan\n|-damage|p2a: Kangaskhan|91/100\n|cant|p2a: Kangaskhan|flinch\n|move|p1a: Klefki|Trick Room|p1a: Klefki\n|-fieldstart|move: Trick Room|[of] p1a: Klefki\n|\n|upkeep\n|turn|2\n|inactive|kuanyou has 30 seconds left.\n|\n|t:|1776404860\n|detailschange|p2a: Kangaskhan|Kangaskhan-Mega, L50, F\n|-mega|p2a: Kangaskhan|Kangaskhan|Kangaskhanite\n|move|p1a: Klefki|Reflect|p1a: Klefki\n|-sidestart|p1: fimmm|Reflect\n|move|p2a: Kangaskhan|Low Kick|p1b: Tinkaton\n|-damage|p1b: Tinkaton|64/100\n|-damage|p1b: Tinkaton|55/100\n|-hitcount|p1b: Tinkaton|2\n|move|p2b: Garchomp|Stomping Tantrum|p1b: Tinkaton\n|-supereffective|p1b: Tinkaton|1\n|-enditem|p1b: Tinkaton|Shuca Berry|[eat]\n|-enditem|p1b: Tinkaton|Shuca Berry|[weaken]\n|-damage|p1b: Tinkaton|18/100\n|move|p1b: Tinkaton|Gigaton Hammer|p2a: Kangaskhan\n|-damage|p2a: Kangaskhan|40/100\n|\n|upkeep\n|turn|3\n|inactive|fimmm has 30 seconds left.\n|inactive|kuanyou has 30 seconds left.\n|\n|t:|1776404891\n|switch|p2a: Aerodactyl|Aerodactyl, L50, M|100/100\n|-ability|p2a: Aerodactyl|Unnerve\n|switch|p1b: Floette|Floette-Eternal, L50, F|100/100\n|move|p1a: Klefki|Dazzling Gleam|p2b: Garchomp|[spread] p2a,p2b\n|-supereffective|p2b: Garchomp|1\n|-damage|p2a: Aerodactyl|74/100\n|-damage|p2b: Garchomp|64/100\n|move|p2b: Garchomp|Earthquake|p1a: Klefki|[spread] p1a,p1b\n|-immune|p2a: Aerodactyl\n|-supereffective|p1a: Klefki|1\n|-damage|p1a: Klefki|58/100\n|-damage|p1b: Floette|78/100\n|\n|upkeep\n|turn|4\n|inactive|kuanyou has 30 seconds left.\n|\n|t:|1776404922\n|switch|p1a: Clefable|Clefable, L50, M|100/100\n|detailschange|p1b: Floette|Floette-Mega, L50, F\n|-mega|p1b: Floette|Floette|Floettite\n|-ability|p1b: Floette|Fairy Aura\n|move|p2b: Garchomp|Protect|p2b: Garchomp\n|-singleturn|p2b: Garchomp|Protect\n|move|p1b: Floette|Calm Mind|p1b: Floette\n|-boost|p1b: Floette|spa|1\n|-boost|p1b: Floette|spd|1\n|move|p2a: Aerodactyl|Dual Wingbeat|p1b: Floette\n|-damage|p1b: Floette|67/100\n|-damage|p1b: Floette|57/100\n|-hitcount|p1b: Floette|2\n|\n|upkeep\n|turn|5\n|-message|kuanyou forfeited.\n|\n|win|fimmm\n|raw|fimmm's rating: 1211 &rarr; <strong>1242</strong><br />(+31 for winning)\n|raw|kuanyou's rating: 1292 &rarr; <strong>1261</strong><br />(-31 for losing)\n|l|\u2606kuanyou\n|player|p2|\n",
  "uploadtime": 1776404943,
  "views": 34,
  "formatid": "gen9championsvgc2026regma",
  "rating": 1242,
  "private": 0,
  "password": null
}