{
  "id": "gen9championsvgc2026regma-2582184389",
  "format": "[Gen 9 Champions] VGC 2026 Reg M-A",
  "players": [
    "DoctorGrizzman",
    "incineroor"
  ],
  "log": "|j|\u2606DoctorGrizzman\n|j|\u203dincineroor\n|t:|1776068634\n|gametype|doubles\n|player|p1|DoctorGrizzman|cynthia|1146\n|player|p2|incineroor|cynthia-gen4|1109\n|gen|9\n|tier|[Gen 9 Champions] VGC 2026 Reg M-A\n|rated|\n|rule|Species Clause: Limit one of each Pok\u00e9mon\n|rule|Item Clause: Limit 1 of each item\n|clearpoke\n|poke|p1|Slowbro, L50, F|\n|poke|p1|Meowstic, L50, M|\n|poke|p1|Houndoom, L50, M|\n|poke|p1|Whimsicott, L50, M|\n|poke|p1|Heliolisk, L50, M|\n|poke|p1|Incineroar, L50, M|\n|poke|p2|Froslass, L50, F|\n|poke|p2|Milotic, L50, F|\n|poke|p2|Garchomp, L50, M|\n|poke|p2|Arcanine-Hisui, L50, F|\n|poke|p2|Sneasler, L50, F|\n|poke|p2|Kingambit, L50, M|\n|teampreview|4\n|inactive|Battle timer is ON: inactive players will automatically lose when time's up. (requested by DoctorGrizzman)\n|\n|t:|1776068672\n|teamsize|p1|4\n|teamsize|p2|4\n|start\n|switch|p1a: Whimsicott|Whimsicott, L50, M|100/100\n|switch|p1b: Meowstic|Meowstic, L50, M|100/100\n|switch|p2a: Froslass|Froslass, L50, F|100/100\n|switch|p2b: Milotic|Milotic, L50, F|100/100\n|turn|1\n|inactive|incineroor has 30 seconds left.\n|inactive|incineroor has 20 seconds left.\n|inactive|incineroor has 15 seconds left.\n|\n|t:|1776068712\n|detailschange|p2a: Froslass|Froslass-Mega, L50, F\n|-mega|p2a: Froslass|Froslass|Froslassite\n|-weather|Snowscape|[from] ability: Snow Warning|[of] p2a: Froslass\n|move|p2a: Froslass|Protect|p2a: Froslass\n|-singleturn|p2a: Froslass|Protect\n|move|p1a: Whimsicott|Tailwind|p1a: Whimsicott\n|-sidestart|p1: DoctorGrizzman|move: Tailwind\n|move|p1b: Meowstic|Light Screen|p1b: Meowstic\n|-sidestart|p1: DoctorGrizzman|move: Light Screen\n|move|p2b: Milotic|Icy Wind|p1b: Meowstic|[spread] p1a,p1b\n|-supereffective|p1a: Whimsicott|1\n|-damage|p1a: Whimsicott|72/100\n|-damage|p1b: Meowstic|92/100\n|-unboost|p1a: Whimsicott|spe|1\n|-unboost|p1b: Meowstic|spe|1\n|\n|-weather|Snowscape|[upkeep]\n|upkeep\n|turn|2\n|inactive|DoctorGrizzman has 30 seconds left.\n|inactive|incineroor has 30 seconds left.\n|\n|t:|1776068746\n|switch|p1b: Houndoom|Houndoom, L50, M|100/100\n|-ability|p1b: Houndoom|Unnerve\n|switch|p2b: Kingambit|Kingambit, L50, M|100/100\n|move|p1a: Whimsicott|Sunny Day|p1a: Whimsicott\n|-weather|SunnyDay\n|move|p2a: Froslass|Aurora Veil||[still]\n|-fail|p2a: Froslass\n|\n|-weather|SunnyDay|[upkeep]\n|upkeep\n|turn|3\n|\n|t:|1776068762\n|switch|p1a: Meowstic|Meowstic, L50, M|92/100\n|switch|p2a: Garchomp|Garchomp, L50, M|100/100\n|detailschange|p1b: Houndoom|Houndoom-Mega, L50, M\n|-mega|p1b: Houndoom|Houndoom|Houndoominite\n|move|p2b: Kingambit|Protect|p2b: Kingambit\n|-singleturn|p2b: Kingambit|Protect\n|move|p1b: Houndoom|Heat Wave|p2a: Garchomp|[spread] p2a\n|-activate|p2b: Kingambit|move: Protect\n|-resisted|p2a: Garchomp|1\n|-damage|p2a: Garchomp|53/100\n|\n|-weather|SunnyDay|[upkeep]\n|-damage|p1b: Houndoom|88/100|[from] ability: Solar Power|[of] p1b: Houndoom\n|upkeep\n|turn|4\n|\n|t:|1776068782\n|switch|p2b: Froslass|Froslass-Mega, L50, F|100/100\n|-weather|Snowscape|[from] ability: Snow Warning|[of] p2b: Froslass\n|move|p1a: Meowstic|Fake Out|p2a: Garchomp\n|-damage|p2a: Garchomp|47/100\n|-damage|p1a: Meowstic|80/100|[from] ability: Rough Skin|[of] p2a: Garchomp\n|move|p1b: Houndoom|Heat Wave|p2a: Garchomp|[spread] p2a,p2b\n|-resisted|p2a: Garchomp|1\n|-supereffective|p2b: Froslass|1\n|-damage|p2a: Garchomp|25/100\n|-damage|p2b: Froslass|5/100\n|cant|p2a: Garchomp|flinch\n|\n|-weather|Snowscape|[upkeep]\n|-sideend|p1: DoctorGrizzman|move: Tailwind\n|upkeep\n|turn|5\n|\n|t:|1776068801\n|switch|p2b: Milotic|Milotic, L50, F|100/100\n|switch|p1a: Whimsicott|Whimsicott, L50, M|72/100\n|move|p1b: Houndoom|Protect|p1b: Houndoom\n|-singleturn|p1b: Houndoom|Protect\n|move|p2a: Garchomp|Earthquake|p1b: Houndoom|[spread] p2b,p1a\n|-activate|p1b: Houndoom|move: Protect\n|-resisted|p1a: Whimsicott|1\n|-damage|p2b: Milotic|47/100\n|-damage|p1a: Whimsicott|39/100\n|\n|-weather|Snowscape|[upkeep]\n|-heal|p2b: Milotic|53/100|[from] item: Leftovers\n|-sideend|p1: DoctorGrizzman|move: Light Screen\n|upkeep\n|turn|6\n|inactive|DoctorGrizzman has 30 seconds left.\n|\n|t:|1776068828\n|move|p1a: Whimsicott|Sunny Day|p1a: Whimsicott\n|-weather|SunnyDay\n|move|p1b: Houndoom|Dark Pulse|p2b: Milotic\n|-damage|p2b: Milotic|9/100\n|move|p2a: Garchomp|Rock Slide|p1a: Whimsicott|[spread] p1a,p1b\n|-supereffective|p1b: Houndoom|1\n|-damage|p1a: Whimsicott|10/100\n|-damage|p1b: Houndoom|33/100\n|cant|p2b: Milotic|flinch\n|\n|-weather|SunnyDay|[upkeep]\n|-damage|p1b: Houndoom|20/100|[from] ability: Solar Power|[of] p1b: Houndoom\n|-heal|p2b: Milotic|15/100|[from] item: Leftovers\n|upkeep\n|turn|7\n|inactive|incineroor has 30 seconds left.\n|\n|t:|1776068859\n|move|p2b: Milotic|Helping Hand|p2a: Garchomp\n|-singleturn|p2a: Garchomp|Helping Hand|[of] p2b: Milotic\n|move|p1a: Whimsicott|Moonblast|p2a: Garchomp\n|-supereffective|p2a: Garchomp|1\n|-damage|p2a: Garchomp|0 fnt\n|faint|p2a: Garchomp\n|move|p1b: Houndoom|Heat Wave|p2b: Milotic\n|-resisted|p2b: Milotic|1\n|-damage|p2b: Milotic|0 fnt\n|faint|p2b: Milotic\n|\n|-weather|SunnyDay|[upkeep]\n|-damage|p1b: Houndoom|8/100|[from] ability: Solar Power|[of] p1b: Houndoom\n|upkeep\n|\n|t:|1776068864\n|switch|p2a: Kingambit|Kingambit, L50, M|100/100\n|switch|p2b: Froslass|Froslass-Mega, L50, F|5/100\n|-weather|Snowscape|[from] ability: Snow Warning|[of] p2b: Froslass\n|turn|8\n|\n|t:|1776068880\n|move|p1b: Houndoom|Protect|p1b: Houndoom\n|-singleturn|p1b: Houndoom|Protect\n|move|p1a: Whimsicott|Tailwind|p1a: Whimsicott\n|-sidestart|p1: DoctorGrizzman|move: Tailwind\n|move|p2a: Kingambit|Sucker Punch||[still]\n|-fail|p2a: Kingambit\n|move|p2b: Froslass|Blizzard|p1a: Whimsicott|[spread] p1a\n|-activate|p1b: Houndoom|move: Protect\n|-supereffective|p1a: Whimsicott|1\n|-damage|p1a: Whimsicott|0 fnt\n|faint|p1a: Whimsicott\n|\n|-weather|Snowscape|[upkeep]\n|upkeep\n|\n|t:|1776068889\n|switch|p1a: Meowstic|Meowstic, L50, M|80/100\n|turn|9\n|\n|t:|1776068897\n|move|p1a: Meowstic|Psychic Terrain|p1a: Meowstic\n|-fieldstart|move: Psychic Terrain\n|move|p2a: Kingambit|Sucker Punch|p1b: Houndoom\n|-activate|p1b: Houndoom|move: Psychic Terrain\n|move|p1b: Houndoom|Heat Wave|p2b: Froslass|[spread] p2a,p2b\n|-supereffective|p2a: Kingambit|1\n|-supereffective|p2b: Froslass|1\n|-damage|p2a: Kingambit|24/100\n|-damage|p2b: Froslass|0 fnt\n|-status|p2a: Kingambit|brn\n|faint|p2b: Froslass\n|\n|-weather|Snowscape|[upkeep]\n|-damage|p2a: Kingambit|18/100 brn|[from] brn\n|upkeep\n|turn|10\n|\n|t:|1776068909\n|switch|p1a: Heliolisk|Heliolisk, L50, M|100/100\n|move|p2a: Kingambit|Protect|p2a: Kingambit\n|-singleturn|p2a: Kingambit|Protect\n|move|p1b: Houndoom|Dark Pulse|p2a: Kingambit\n|-activate|p2a: Kingambit|move: Protect\n|\n|-weather|Snowscape|[upkeep]\n|-damage|p2a: Kingambit|13/100 brn|[from] brn\n|upkeep\n|turn|11\n|\n|t:|1776068928\n|move|p1b: Houndoom|Dark Pulse|p2a: Kingambit\n|-resisted|p2a: Kingambit|1\n|-damage|p2a: Kingambit|0 fnt\n|faint|p2a: Kingambit\n|\n|win|DoctorGrizzman\n|raw|DoctorGrizzman's rating: 1146 &rarr; <strong>1168</strong><br />(+22 for winning)\n|raw|incineroor's rating: 1109 &rarr; <strong>1087</strong><br />(-22 for losing)\n|c|\u2606DoctorGrizzman|What do you think? Think it works?\n|c|\u2606DoctorGrizzman|I feel like it's pretty solid\n|c|\u2606DoctorGrizzman|Not the best by any means\n",
  "uploadtime": 1776068979,
  "views": 10,
  "formatid": "gen9championsvgc2026regma",
  "rating": 1087,
  "private": 0,
  "password": null
}