{
  "id": "gen9championsvgc2026regma-2587745012",
  "format": "[Gen 9 Champions] VGC 2026 Reg M-A",
  "players": [
    "w1llfe",
    "Hiat6578"
  ],
  "log": "|j|\u2606w1llfe\n|j|\u2606Hiat6578\n|t:|1776559712\n|gametype|doubles\n|player|p1|w1llfe|1|1099\n|player|p2|Hiat6578|fisherman-gen4|1118\n|gen|9\n|tier|[Gen 9 Champions] VGC 2026 Reg M-A\n|rated|\n|rule|Species Clause: Limit one of each Pok\u00e9mon\n|rule|Item Clause: Limit 1 of each item\n|clearpoke\n|poke|p1|Banette, L50, F|\n|poke|p1|Orthworm, L50, M|\n|poke|p1|Goodra, L50, M|\n|poke|p1|Torkoal, L50, F|\n|poke|p1|Ampharos, L50, F, shiny|\n|poke|p1|Sableye, L50, F|\n|poke|p2|Audino, L50, F|\n|poke|p2|Runerigus, L50, F|\n|poke|p2|Ditto, L50|\n|poke|p2|Stunfisk-Galar, L50, M|\n|poke|p2|Farigiraf, L50, F|\n|poke|p2|Beartic, L50, M|\n|teampreview|4\n|inactive|Battle timer is ON: inactive players will automatically lose when time's up. (requested by Hiat6578)\n|inactive|w1llfe has 60 seconds left.\n|inactive|Hiat6578 has 60 seconds left.\nHiat6578 rejected open team sheets.\n|inactive|Hiat6578 has 30 seconds left.\n|\n|t:|1776559780\n|teamsize|p1|4\n|teamsize|p2|4\n|start\n|switch|p1a: Torkoal|Torkoal, L50, F|100/100\n|switch|p1b: Orthworm|Orthworm, L50, M|100/100\n|switch|p2a: Big star|Ditto, L50|100/100\n|switch|p2b: Runerigus|Runerigus, L50, F|100/100\n|-transform|p2a: Big star|p1b: Orthworm|[from] ability: Imposter\n|-weather|SunnyDay|[from] ability: Drought|[of] p1a: Torkoal\n|turn|1\n|\n|t:|1776559796\n|move|p2b: Runerigus|Imprison|p2b: Runerigus\n|-start|p2b: Runerigus|move: Imprison\n|move|p2a: Big star|Shed Tail|p2a: Big star\n|-start|p2a: Big star|Substitute|[from] move: Shed Tail\n|-damage|p2a: Big star|50/100\n|\n|t:|1776559805\n|switch|p2a: Audino|Audino, L50, F|100/100|[from] Shed Tail\n|move|p1b: Orthworm|Shed Tail|p1b: Orthworm\n|-start|p1b: Orthworm|Substitute|[from] move: Shed Tail\n|-damage|p1b: Orthworm|50/100\n|-enditem|p1b: Orthworm|Sitrus Berry|[eat]\n|-heal|p1b: Orthworm|75/100|[from] item: Sitrus Berry\n|\n|t:|1776559814\n|switch|p1b: Banette|Banette, L50, F|100/100|[from] Shed Tail\n|move|p1a: Torkoal|Eruption|p2a: Audino|[spread] p2a,p2b\n|-end|p2a: Audino|Substitute\n|-damage|p2b: Runerigus|13/100\n|\n|-weather|SunnyDay|[upkeep]\n|upkeep\n|turn|2\n|\n|t:|1776559833\n|switch|p2b: Big star|Ditto, L50|50/100\n|-transform|p2b: Big star|p1a: Torkoal|[from] ability: Imposter\n|switch|p1b: Orthworm|Orthworm, L50, M|75/100\n|detailschange|p2a: Audino|Audino-Mega, L50, F\n|-mega|p2a: Audino|Audino|Audinite\n|move|p2a: Audino|Skill Swap|p1b: Orthworm\n|-activate|p2a: Audino|Skill Swap|Earth Eater|Healer|[of] p1b: Orthworm\n|move|p1a: Torkoal|Earthquake|p2a: Audino|[spread] p1b,p2b\n|-immune|p2a: Audino|[from] ability: Earth Eater\n|-supereffective|p1b: Orthworm|1\n|-supereffective|p2b: Big star|1\n|-damage|p1b: Orthworm|46/100\n|-damage|p2b: Big star|8/100\n|\n|-weather|SunnyDay|[upkeep]\n|upkeep\n|turn|3\n|inactive|w1llfe has 30 seconds left.\n|inactive|Hiat6578 has 30 seconds left.\n|\n|t:|1776559864\n|move|p2a: Audino|Helping Hand|p2b: Big star\n|-singleturn|p2b: Big star|Helping Hand|[of] p2a: Audino\n|move|p1b: Orthworm|Protect|p1b: Orthworm\n|-singleturn|p1b: Orthworm|Protect\n|move|p1a: Torkoal|Weather Ball|p2b: Big star\n|-resisted|p2b: Big star|1\n|-damage|p2b: Big star|0 fnt\n|faint|p2b: Big star\n|\n|-weather|SunnyDay|[upkeep]\n|upkeep\n|\n|t:|1776559872\n|switch|p2b: Farigiraf|Farigiraf, L50, F|100/100\n|turn|4\n|\n|t:|1776559879\n|move|p1b: Orthworm|Body Press|p2b: Farigiraf\n|-damage|p2b: Farigiraf|66/100\n|move|p2a: Audino|After You|p2b: Farigiraf\n|-activate|p2b: Farigiraf|move: After You\n|move|p2b: Farigiraf|Trick Room|p2b: Farigiraf\n|-fieldstart|move: Trick Room|[of] p2b: Farigiraf\n|move|p1a: Torkoal|Weather Ball|p2b: Farigiraf\n|-damage|p2b: Farigiraf|0 fnt\n|faint|p2b: Farigiraf\n|\n|-weather|SunnyDay|[upkeep]\n|upkeep\n|\n|t:|1776559890\n|switch|p2b: Runerigus|Runerigus, L50, F|13/100\n|turn|5\n|\n|t:|1776559899\n|move|p1a: Torkoal|Eruption|p2b: Runerigus|[spread] p2a,p2b\n|-damage|p2a: Audino|51/100\n|-damage|p2b: Runerigus|0 fnt\n|faint|p2b: Runerigus\n|move|p2a: Audino|Skill Swap|p1a: Torkoal\n|-activate|p2a: Audino|Skill Swap|Drought|Earth Eater|[of] p1a: Torkoal\n|move|p1b: Orthworm|Iron Defense|p1b: Orthworm\n|-boost|p1b: Orthworm|def|2\n|\n|-weather|none\n|upkeep\n|turn|6\n|\n|t:|1776559916\n|move|p2a: Audino|Helping Hand|p2: Runerigus|[notarget]\n|-fail|p2a: Audino\n|move|p1a: Torkoal|Protect|p1a: Torkoal\n|-singleturn|p1a: Torkoal|Protect\n|move|p1b: Orthworm|Body Press|p2a: Audino\n|-damage|p2a: Audino|4/100\n|\n|upkeep\n|turn|7\n|\n|t:|1776559932\n|switch|p1b: Banette|Banette, L50, F|100/100\n|move|p1a: Torkoal|Eruption|p2a: Audino\n|-crit|p2a: Audino\n|-damage|p2a: Audino|0 fnt\n|faint|p2a: Audino\n|\n|win|w1llfe\n|raw|w1llfe's rating: 1079 &rarr; <strong>1110</strong><br />(+31 for winning)\n|raw|Hiat6578's rating: 1118 &rarr; <strong>1090</strong><br />(-28 for losing)\n",
  "uploadtime": 1776559937,
  "views": 14,
  "formatid": "gen9championsvgc2026regma",
  "rating": 1090,
  "private": 0,
  "password": null
}