{
  "id": "gen9championsvgc2026regma-2584475215",
  "format": "[Gen 9 Champions] VGC 2026 Reg M-A",
  "players": [
    "kimmico chan",
    "lulumanflex"
  ],
  "log": "|j|\u2606kimmico chan\n|j|\u2606lulumanflex\n|t:|1776263343\n|gametype|doubles\n|player|p1|kimmico chan|101|1148\n|player|p2|lulumanflex|1|1108\n|gen|9\n|tier|[Gen 9 Champions] VGC 2026 Reg M-A\n|rated|\n|rule|Species Clause: Limit one of each Pok\u00e9mon\n|rule|Item Clause: Limit 1 of each item\n|clearpoke\n|poke|p1|Glimmora, L50, M|\n|poke|p1|Ninetales-Alola, L50, M|\n|poke|p1|Decidueye-Hisui, L50, M|\n|poke|p1|Kingambit, L50, M|\n|poke|p1|Milotic, L50, M|\n|poke|p1|Rotom-Heat, L50|\n|poke|p2|Charizard, L50, F|\n|poke|p2|Kingambit, L50, M|\n|poke|p2|Incineroar, L50, M|\n|poke|p2|Floette-Eternal, L50, F|\n|poke|p2|Aerodactyl, L50, F|\n|poke|p2|Sneasler, L50, M|\n|teampreview|4\n|inactive|Battle timer is ON: inactive players will automatically lose when time's up. (requested by kimmico chan)\n|inactive|kimmico chan has 60 seconds left.\n|inactive|lulumanflex has 60 seconds left.\n|inactive|lulumanflex has 30 seconds left.\n|inactive|lulumanflex has 20 seconds left.\n|\n|t:|1776263418\n|teamsize|p1|4\n|teamsize|p2|4\n|start\n|switch|p1a: Milotic|Milotic, L50, M|100/100\n|switch|p1b: Rotom|Rotom-Heat, L50|100/100\n|switch|p2a: Charizard|Charizard, L50, F|100/100\n|switch|p2b: Sneasler|Sneasler, L50, M|100/100\n|turn|1\n|inactive|lulumanflex has 30 seconds left.\n|inactive|lulumanflex has 20 seconds left.\n|inactive|lulumanflex has 15 seconds left.\n|\n|t:|1776263459\n|detailschange|p2a: Charizard|Charizard-Mega-Y, L50, F\n|-mega|p2a: Charizard|Charizard|Charizardite Y\n|-weather|SunnyDay|[from] ability: Drought|[of] p2a: Charizard\n|move|p2b: Sneasler|Protect|p2b: Sneasler\n|-singleturn|p2b: Sneasler|Protect\n|move|p1a: Milotic|Protect|p1a: Milotic\n|-singleturn|p1a: Milotic|Protect\n|move|p1b: Rotom|Volt Switch|p2a: Charizard\n|-supereffective|p2a: Charizard|1\n|-damage|p2a: Charizard|50/100\n|\n|t:|1776263470\n|switch|p1b: Ninetales|Ninetales-Alola, L50, M|100/100|[from] Volt Switch\n|-weather|Snowscape|[from] ability: Snow Warning|[of] p1b: Ninetales\n|move|p2a: Charizard|Air Slash|p1a: Milotic\n|-activate|p1a: Milotic|move: Protect\n|\n|-weather|Snowscape|[upkeep]\n|upkeep\n|turn|2\n|\n|t:|1776263495\n|switch|p2a: Kingambit|Kingambit, L50, M|100/100\n|move|p2b: Sneasler|Dire Claw|p1b: Ninetales\n|-supereffective|p1b: Ninetales|1\n|-damage|p1b: Ninetales|20/100\n|move|p1b: Ninetales|Blizzard|p2a: Kingambit|[spread] p2a,p2b\n|-resisted|p2a: Kingambit|1\n|-damage|p2a: Kingambit|84/100\n|-damage|p2b: Sneasler|60/100\n|move|p1a: Milotic|Scald|p2b: Sneasler\n|-damage|p2b: Sneasler|12/100\n|-status|p2b: Sneasler|brn\n|\n|-weather|Snowscape|[upkeep]\n|-damage|p2b: Sneasler|6/100 brn|[from] brn\n|upkeep\n|turn|3\n|inactive|lulumanflex has 30 seconds left.\n|\n|t:|1776263527\n|switch|p1b: Rotom|Rotom-Heat, L50|100/100\n|move|p2a: Kingambit|Sucker Punch|p1a: Milotic\n|-damage|p1a: Milotic|57/100\n|move|p2b: Sneasler|Close Combat|p1b: Rotom\n|-damage|p1b: Rotom|65/100\n|-unboost|p2b: Sneasler|def|1\n|-unboost|p2b: Sneasler|spd|1\n|-enditem|p2b: Sneasler|White Herb\n|-clearnegativeboost|p2b: Sneasler|[silent]\n|move|p1a: Milotic|Scald|p2a: Kingambit\n|-damage|p2a: Kingambit|49/100\n|\n|-weather|Snowscape|[upkeep]\n|-heal|p1a: Milotic|63/100|[from] item: Leftovers\n|-damage|p2b: Sneasler|0 fnt|[from] brn\n|faint|p2b: Sneasler\n|upkeep\n|inactive|lulumanflex has 30 seconds left.\n|\n|t:|1776263557\n|switch|p2b: Aerodactyl|Aerodactyl, L50, F|100/100\n|-ability|p2b: Aerodactyl|Unnerve\n|turn|4\n|\n|t:|1776263571\n|move|p2a: Kingambit|Protect|p2a: Kingambit\n|-singleturn|p2a: Kingambit|Protect\n|move|p1b: Rotom|Volt Switch|p2a: Kingambit\n|-activate|p2a: Kingambit|move: Protect\n|move|p2b: Aerodactyl|Rock Slide|p1b: Rotom|[spread] p1a,p1b\n|-supereffective|p1b: Rotom|1\n|-damage|p1a: Milotic|39/100\n|-damage|p1b: Rotom|10/100\n|move|p1a: Milotic|Icy Wind|p2b: Aerodactyl|[spread] p2b\n|-activate|p2a: Kingambit|move: Protect\n|-supereffective|p2b: Aerodactyl|1\n|-damage|p2b: Aerodactyl|64/100\n|-unboost|p2b: Aerodactyl|spe|1\n|\n|-weather|Snowscape|[upkeep]\n|-heal|p1a: Milotic|45/100|[from] item: Leftovers\n|upkeep\n|turn|5\n|inactive|lulumanflex has 30 seconds left.\n|\n|t:|1776263597\n|switch|p1b: Glimmora|Glimmora, L50, M|100/100\n|move|p2b: Aerodactyl|Protect|p2b: Aerodactyl\n|-singleturn|p2b: Aerodactyl|Protect\n|move|p2a: Kingambit|Sucker Punch||[still]\n|-fail|p2a: Kingambit\n|move|p1a: Milotic|Scald|p2a: Kingambit\n|-damage|p2a: Kingambit|16/100\n|-status|p2a: Kingambit|brn\n|\n|-weather|none\n|-heal|p1a: Milotic|52/100|[from] item: Leftovers\n|-damage|p2a: Kingambit|11/100 brn|[from] brn\n|upkeep\n|turn|6\n|inactive|kimmico chan has 30 seconds left.\n|inactive|lulumanflex has 30 seconds left.\n|\n|t:|1776263632\n|detailschange|p1b: Glimmora|Glimmora-Mega, L50, M\n|-mega|p1b: Glimmora|Glimmora|Glimmoranite\n|move|p2a: Kingambit|Sucker Punch|p1a: Milotic\n|-damage|p1a: Milotic|29/100\n|move|p1b: Glimmora|Power Gem|p2b: Aerodactyl\n|-supereffective|p2b: Aerodactyl|1\n|-damage|p2b: Aerodactyl|0 fnt\n|faint|p2b: Aerodactyl\n|move|p1a: Milotic|Scald|p2a: Kingambit\n|-damage|p2a: Kingambit|0 fnt\n|faint|p2a: Kingambit\n|\n|-heal|p1a: Milotic|35/100|[from] item: Leftovers\n|upkeep\n|\n|t:|1776263642\n|switch|p2a: Charizard|Charizard-Mega-Y, L50, F|50/100\n|-weather|SunnyDay|[from] ability: Drought|[of] p2a: Charizard\n|turn|7\n|\n|t:|1776263655\n|switch|p1a: Ninetales|Ninetales-Alola, L50, M|20/100\n|-weather|Snowscape|[from] ability: Snow Warning|[of] p1a: Ninetales\n|move|p1b: Glimmora|Power Gem|p2a: Charizard\n|-supereffective|p2a: Charizard|2\n|-damage|p2a: Charizard|0 fnt\n|faint|p2a: Charizard\n|\n|win|kimmico chan\n|raw|kimmico chan's rating: 1148 &rarr; <strong>1170</strong><br />(+22 for winning)\n|raw|lulumanflex's rating: 1108 &rarr; <strong>1086</strong><br />(-22 for losing)\n|l|\u2606lulumanflex\n|player|p2|\n",
  "uploadtime": 1776263665,
  "views": 19,
  "formatid": "gen9championsvgc2026regma",
  "rating": 1086,
  "private": 0,
  "password": null
}