{
  "id": "gen9championsvgc2026regma-2587723434",
  "format": "[Gen 9 Champions] VGC 2026 Reg M-A",
  "players": [
    "ggytv",
    "bleebobloop"
  ],
  "log": "|j|\u2606ggytv\n|j|\u2606bleebobloop\n|t:|1776557532\n|gametype|doubles\n|player|p1|ggytv|lucas-gen4pt|1113\n|player|p2|bleebobloop|bruno|1162\n|gen|9\n|tier|[Gen 9 Champions] VGC 2026 Reg M-A\n|rated|\n|rule|Species Clause: Limit one of each Pok\u00e9mon\n|rule|Item Clause: Limit 1 of each item\n|clearpoke\n|poke|p1|Froslass, L50, F|\n|poke|p1|Incineroar, L50, M|\n|poke|p1|Tauros-Paldea-Aqua, L50, M|\n|poke|p1|Garchomp, L50, F|\n|poke|p1|Meowscarada, L50, M|\n|poke|p1|Tinkaton, L50, F|\n|poke|p2|Delphox, L50, M|\n|poke|p2|Torkoal, L50, M|\n|poke|p2|Orthworm, L50, M|\n|poke|p2|Floette-Eternal, L50, F|\n|poke|p2|Garchomp, L50, M|\n|poke|p2|Araquanid, L50, M|\n|teampreview|4\n|\n|t:|1776557586\n|teamsize|p1|4\n|teamsize|p2|4\n|start\n|switch|p1a: Incineroar|Incineroar, L50, M|100/100\n|switch|p1b: Garchomp|Garchomp, L50, F|100/100\n|switch|p2a: Delphox|Delphox, L50, M|100/100\n|switch|p2b: Araquanid|Araquanid, L50, M|100/100\n|-ability|p1a: Incineroar|Intimidate|boost\n|-unboost|p2a: Delphox|atk|1\n|-unboost|p2b: Araquanid|atk|1\n|turn|1\n|\n|t:|1776557604\n|detailschange|p2a: Delphox|Delphox-Mega, L50, M\n|-mega|p2a: Delphox|Delphox|Delphoxite\n|move|p2a: Delphox|Protect|p2a: Delphox\n|-singleturn|p2a: Delphox|Protect\n|move|p1a: Incineroar|Fake Out|p2b: Araquanid\n|-damage|p2b: Araquanid|85/100\n|move|p1b: Garchomp|Dragon Claw|p2b: Araquanid\n|-damage|p2b: Araquanid|37/100\n|cant|p2b: Araquanid|flinch\n|\n|upkeep\n|turn|2\n|\n|t:|1776557625\n|move|p1b: Garchomp|Protect|p1b: Garchomp\n|-singleturn|p1b: Garchomp|Protect\n|move|p2a: Delphox|Encore|p1a: Incineroar\n|-start|p1a: Incineroar|Encore\n|move|p1a: Incineroar|Fake Out||[still]\n|-hint|Fake Out only works on your first turn out.\n|-fail|p1a: Incineroar\n|move|p2b: Araquanid|Hydro Pump|p1b: Garchomp\n|-activate|p1b: Garchomp|move: Protect\n|\n|upkeep\n|turn|3\n|\n|t:|1776557653\n|switch|p1b: Tinkaton|Tinkaton, L50, F|100/100\n|switch|p2b: Torkoal|Torkoal, L50, M|100/100\n|-weather|SunnyDay|[from] ability: Drought|[of] p2b: Torkoal\n|move|p2a: Delphox|Encore||[still]\n|-fail|p2a: Delphox\n|-activate|p1a: Incineroar|move: Struggle\n|move|p1a: Incineroar|Struggle|p2b: Torkoal\n|-damage|p2b: Torkoal|89/100\n|-damage|p1a: Incineroar|75/100|[from] recoil\n|\n|-weather|SunnyDay|[upkeep]\n|upkeep\n|turn|4\n|\n|t:|1776557680\n|switch|p1a: Garchomp|Garchomp, L50, F|100/100\n|move|p2a: Delphox|Protect|p2a: Delphox\n|-singleturn|p2a: Delphox|Protect\n|move|p1b: Tinkaton|Encore|p2a: Delphox\n|-activate|p2a: Delphox|move: Protect\n|move|p2b: Torkoal|Earth Power|p1a: Garchomp\n|-damage|p1a: Garchomp|81/100\n|\n|-weather|SunnyDay|[upkeep]\n|upkeep\n|turn|5\n|\n|t:|1776557701\n|move|p1b: Tinkaton|Fake Out||[still]\n|-hint|Fake Out only works on your first turn out.\n|-fail|p1b: Tinkaton\n|move|p2a: Delphox|Heat Wave|p1a: Garchomp|[spread] p1a,p1b\n|-resisted|p1a: Garchomp|1\n|-supereffective|p1b: Tinkaton|1\n|-damage|p1a: Garchomp|57/100\n|-damage|p1b: Tinkaton|0 fnt\n|faint|p1b: Tinkaton\n|move|p1a: Garchomp|Dragon Claw|p2b: Torkoal\n|-damage|p2b: Torkoal|55/100\n|move|p2b: Torkoal|Will-O-Wisp|p1a: Garchomp\n|-status|p1a: Garchomp|brn\n|\n|-weather|SunnyDay|[upkeep]\n|-damage|p1a: Garchomp|51/100 brn|[from] brn\n|upkeep\n|\n|t:|1776557720\n|switch|p1b: Incineroar|Incineroar, L50, M|75/100\n|-ability|p1b: Incineroar|Intimidate|boost\n|-unboost|p2a: Delphox|atk|1\n|-unboost|p2b: Torkoal|atk|1\n|turn|6\n|\n|t:|1776557732\n|move|p2a: Delphox|Protect|p2a: Delphox\n|-singleturn|p2a: Delphox|Protect\n|move|p1b: Incineroar|Fake Out|p2a: Delphox\n|-activate|p2a: Delphox|move: Protect\n|move|p1a: Garchomp|Stomping Tantrum|p2b: Torkoal\n|-supereffective|p2b: Torkoal|1\n|-enditem|p2b: Torkoal|Shuca Berry|[eat]\n|-enditem|p2b: Torkoal|Shuca Berry|[weaken]\n|-damage|p2b: Torkoal|40/100\n|move|p2b: Torkoal|Earth Power|p1b: Incineroar\n|-supereffective|p1b: Incineroar|1\n|-damage|p1b: Incineroar|40/100\n|-enditem|p1b: Incineroar|Sitrus Berry|[eat]\n|-heal|p1b: Incineroar|64/100|[from] item: Sitrus Berry\n|\n|-weather|SunnyDay|[upkeep]\n|-damage|p1a: Garchomp|45/100 brn|[from] brn\n|upkeep\n|turn|7\n|\n|t:|1776557760\n|move|p1a: Garchomp|Helping Hand|p1b: Incineroar\n|-singleturn|p1b: Incineroar|Helping Hand|[of] p1a: Garchomp\n|move|p2a: Delphox|Encore|p1b: Incineroar\n|-start|p1b: Incineroar|Encore\n|move|p1b: Incineroar|Fake Out||[still]\n|-hint|Fake Out only works on your first turn out.\n|-fail|p1b: Incineroar\n|move|p2b: Torkoal|Earth Power|p1b: Incineroar\n|-supereffective|p1b: Incineroar|1\n|-damage|p1b: Incineroar|25/100\n|\n|-weather|none\n|-damage|p1a: Garchomp|39/100 brn|[from] brn\n|upkeep\n|turn|8\n|\n|t:|1776557777\n|move|p2a: Delphox|Heat Wave|p1a: Garchomp|[spread] p1a,p1b\n|-resisted|p1a: Garchomp|1\n|-resisted|p1b: Incineroar|1\n|-damage|p1a: Garchomp|23/100 brn\n|-damage|p1b: Incineroar|7/100\n|move|p1a: Garchomp|Dragon Claw|p2a: Delphox\n|-damage|p2a: Delphox|73/100\n|-activate|p1b: Incineroar|move: Struggle\n|move|p1b: Incineroar|Struggle|p2b: Torkoal\n|-damage|p2b: Torkoal|27/100\n|-damage|p1b: Incineroar|0 fnt|[from] recoil\n|faint|p1b: Incineroar\n|move|p2b: Torkoal|Earth Power|p1a: Garchomp\n|-damage|p1a: Garchomp|5/100 brn\n|\n|-damage|p1a: Garchomp|0 fnt|[from] brn\n|faint|p1a: Garchomp\n|upkeep\n|\n|t:|1776557796\n|switch|p1b: Froslass|Froslass, L50, F|100/100\n|turn|9\n|\n|t:|1776557808\n|switch|p2b: Araquanid|Araquanid, L50, M|37/100\n|detailschange|p1b: Froslass|Froslass-Mega, L50, F\n|-mega|p1b: Froslass|Froslass|Froslassite\n|-weather|Snowscape|[from] ability: Snow Warning|[of] p1b: Froslass\n|move|p2a: Delphox|Heat Wave|p1b: Froslass\n|-supereffective|p1b: Froslass|1\n|-damage|p1b: Froslass|0 fnt\n|faint|p1b: Froslass\n|\n|win|bleebobloop\n|raw|ggytv's rating: 1113 &rarr; <strong>1092</strong><br />(-21 for losing)\n|raw|bleebobloop's rating: 1162 &rarr; <strong>1183</strong><br />(+21 for winning)\n|l|\u2606ggytv\n|player|p1|\n",
  "uploadtime": 1776557829,
  "views": 24,
  "formatid": "gen9championsvgc2026regma",
  "rating": 1092,
  "private": 0,
  "password": null
}