{
  "id": "gen9championsvgc2026regma-2582036584",
  "format": "[Gen 9 Champions] VGC 2026 Reg M-A",
  "players": [
    "tindall65",
    "Rad_Jhin"
  ],
  "log": "|j|\u2606tindall65\n|j|\u2606Rad_Jhin\n|t:|1776050608\n|gametype|doubles\n|player|p1|tindall65|ranmaru-conquest|1197\n|player|p2|Rad_Jhin|169|1111\n|gen|9\n|tier|[Gen 9 Champions] VGC 2026 Reg M-A\n|rated|\n|rule|Species Clause: Limit one of each Pok\u00e9mon\n|rule|Item Clause: Limit 1 of each item\n|clearpoke\n|poke|p1|Alcremie, L50, F|\n|poke|p1|Garchomp, L50, M|\n|poke|p1|Delphox, L50, F|\n|poke|p1|Rotom-Wash, L50|\n|poke|p1|Farigiraf, L50, M|\n|poke|p1|Talonflame, L50, F|\n|poke|p2|Starmie, L50|\n|poke|p2|Sneasler, L50, M|\n|poke|p2|Archaludon, L50, F|\n|poke|p2|Pelipper, L50, F|\n|poke|p2|Basculegion, L50, M|\n|poke|p2|Sinistcha, L50|\n|teampreview|4\n|inactive|Battle timer is ON: inactive players will automatically lose when time's up. (requested by tindall65)\n|\n|t:|1776050644\n|teamsize|p1|4\n|teamsize|p2|4\n|start\n|switch|p1a: Alcremie|Alcremie, L50, F|100/100\n|switch|p1b: Rotom|Rotom-Wash, L50|100/100\n|switch|p2a: Pelipper|Pelipper, L50, F|100/100\n|switch|p2b: Basculegion|Basculegion, L50, M|100/100\n|-weather|RainDance|[from] ability: Drizzle|[of] p2a: Pelipper\n|turn|1\n|inactive|tindall65 has 30 seconds left.\n|\n|t:|1776050675\n|move|p2b: Basculegion|Flip Turn|p1a: Alcremie\n|-damage|p1a: Alcremie|14/100\n|\n|t:|1776050679\n|switch|p2b: Archaludon|Archaludon, L50, F|100/100|[from] Flip Turn\n|move|p1a: Alcremie|Decorate|p1b: Rotom\n|-boost|p1b: Rotom|atk|2\n|-boost|p1b: Rotom|spa|2\n|move|p2a: Pelipper|Tailwind|p2a: Pelipper\n|-sidestart|p2: Rad_Jhin|move: Tailwind\n|move|p1b: Rotom|Electroweb|p2a: Pelipper|[spread] p2a,p2b\n|-supereffective|p2a: Pelipper|2\n|-resisted|p2b: Archaludon|1\n|-enditem|p2a: Pelipper|Focus Sash\n|-damage|p2a: Pelipper|1/100\n|-damage|p2b: Archaludon|85/100\n|-unboost|p2a: Pelipper|spe|1\n|-unboost|p2b: Archaludon|spe|1\n|-ability|p2b: Archaludon|Stamina|boost\n|-boost|p2b: Archaludon|def|1\n|\n|-weather|RainDance|[upkeep]\n|-heal|p2b: Archaludon|91/100|[from] item: Leftovers\n|upkeep\n|turn|2\n|inactive|Rad_Jhin has 30 seconds left.\n|inactive|Rad_Jhin has 20 seconds left.\n|inactive|Rad_Jhin has 15 seconds left.\n|inactive|Rad_Jhin has 10 seconds left.\n|\n|t:|1776050727\n|move|p1a: Alcremie|Decorate|p1b: Rotom\n|-boost|p1b: Rotom|atk|2\n|-boost|p1b: Rotom|spa|2\n|move|p2a: Pelipper|Weather Ball|p1a: Alcremie\n|-damage|p1a: Alcremie|0 fnt\n|faint|p1a: Alcremie\n|move|p2b: Archaludon|Electro Shot||[still]\n|-prepare|p2b: Archaludon|Electro Shot\n|-boost|p2b: Archaludon|spa|1\n|-anim|p2b: Archaludon|Electro Shot|p1b: Rotom\n|-damage|p1b: Rotom|34/100\n|-enditem|p1b: Rotom|Sitrus Berry|[eat]\n|-heal|p1b: Rotom|59/100|[from] item: Sitrus Berry\n|move|p1b: Rotom|Electroweb|p2b: Archaludon|[spread] p2a,p2b\n|-supereffective|p2a: Pelipper|2\n|-resisted|p2b: Archaludon|1\n|-damage|p2a: Pelipper|0 fnt\n|-damage|p2b: Archaludon|63/100\n|-unboost|p2b: Archaludon|spe|1\n|-ability|p2b: Archaludon|Stamina|boost\n|-boost|p2b: Archaludon|def|1\n|faint|p2a: Pelipper\n|\n|-weather|RainDance|[upkeep]\n|-heal|p2b: Archaludon|69/100|[from] item: Leftovers\n|upkeep\n|\n|t:|1776050746\n|switch|p1a: Talonflame|Talonflame, L50, F|100/100\n|switch|p2a: Starmie|Starmie, L50|100/100\n|turn|3\n|\n|t:|1776050761\n|detailschange|p2a: Starmie|Starmie-Mega, L50\n|-mega|p2a: Starmie|Starmie|Starminite\n|move|p1a: Talonflame|Tailwind|p1a: Talonflame\n|-sidestart|p1: tindall65|move: Tailwind\n|move|p2a: Starmie|Zen Headbutt|p1b: Rotom|[miss]\n|-miss|p2a: Starmie|p1b: Rotom\n|move|p1b: Rotom|Thunderbolt|p2b: Archaludon\n|-resisted|p2b: Archaludon|1\n|-damage|p2b: Archaludon|15/100\n|-ability|p2b: Archaludon|Stamina|boost\n|-boost|p2b: Archaludon|def|1\n|move|p2b: Archaludon|Electro Shot||[still]\n|-prepare|p2b: Archaludon|Electro Shot\n|-boost|p2b: Archaludon|spa|1\n|-anim|p2b: Archaludon|Electro Shot|p1a: Talonflame\n|-supereffective|p1a: Talonflame|1\n|-enditem|p1a: Talonflame|Focus Sash\n|-damage|p1a: Talonflame|1/100\n|\n|-weather|RainDance|[upkeep]\n|-heal|p2b: Archaludon|21/100|[from] item: Leftovers\n|upkeep\n|turn|4\n|inactive|tindall65 has 30 seconds left.\n|inactive|Rad_Jhin has 30 seconds left.\n|inactive|Rad_Jhin has 20 seconds left.\n|inactive|Rad_Jhin has 15 seconds left.\n|inactive|Rad_Jhin has 10 seconds left.\n|\n|t:|1776050822\n|move|p2a: Starmie|Protect|p2a: Starmie\n|-singleturn|p2a: Starmie|Protect\n|move|p1b: Rotom|Protect|p1b: Rotom\n|-singleturn|p1b: Rotom|Protect\n|move|p1a: Talonflame|Dual Wingbeat|p2a: Starmie\n|-activate|p2a: Starmie|move: Protect\n|move|p2b: Archaludon|Draco Meteor|p1a: Talonflame\n|-damage|p1a: Talonflame|0 fnt\n|-unboost|p2b: Archaludon|spa|2\n|faint|p1a: Talonflame\n|\n|-weather|RainDance|[upkeep]\n|-heal|p2b: Archaludon|27/100|[from] item: Leftovers\n|-sideend|p2: Rad_Jhin|move: Tailwind\n|upkeep\n|\n|t:|1776050830\n|switch|p1a: Garchomp|Garchomp, L50, M|100/100\n|turn|5\n|\n|t:|1776050855\n|move|p1a: Garchomp|Protect|p1a: Garchomp\n|-singleturn|p1a: Garchomp|Protect\n|move|p1b: Rotom|Electroweb|p2b: Archaludon|[spread] p2a,p2b\n|-supereffective|p2a: Starmie|1\n|-resisted|p2b: Archaludon|1\n|-damage|p2a: Starmie|0 fnt\n|-damage|p2b: Archaludon|0 fnt\n|faint|p2a: Starmie\n|faint|p2b: Archaludon\n|\n|-weather|none\n|upkeep\n|inactive|Rad_Jhin has 30 seconds left.\n|c|\u2606Rad_Jhin|all power to you, I got unlucky with that zen headbutt miss and that lost me the game, gg\n|inactive|Rad_Jhin has 20 seconds left.\n|\n|t:|1776050891\n|switch|p2b: Basculegion|Basculegion, L50, M|100/100\n|turn|6\n|\n|t:|1776050900\n|move|p1a: Garchomp|Dragon Claw|p2b: Basculegion\n|-damage|p2b: Basculegion|50/100\n|move|p1b: Rotom|Electroweb|p2b: Basculegion\n|-supereffective|p2b: Basculegion|1\n|-damage|p2b: Basculegion|0 fnt\n|faint|p2b: Basculegion\n|\n|win|tindall65\n|raw|tindall65's rating: 1197 &rarr; <strong>1216</strong><br />(+19 for winning)\n|raw|Rad_Jhin's rating: 1111 &rarr; <strong>1092</strong><br />(-19 for losing)\n|l|\u2606Rad_Jhin\n|player|p2|\n|c|\u2606tindall65|cry about it\n",
  "uploadtime": 1776050915,
  "views": 17,
  "formatid": "gen9championsvgc2026regma",
  "rating": 1092,
  "private": 0,
  "password": null
}