{
  "id": "gen9championsvgc2026regma-2585425816",
  "format": "[Gen 9 Champions] VGC 2026 Reg M-A",
  "players": [
    "untitled1111",
    "dxdiag235"
  ],
  "log": "|j|\u2606untitled1111\n|j|\u2606dxdiag235\n|t:|1776346450\n|gametype|doubles\n|player|p1|untitled1111|lady|1087\n|player|p2|dxdiag235|hilda-wonderlauncher|1061\n|gen|9\n|tier|[Gen 9 Champions] VGC 2026 Reg M-A\n|rated|\n|rule|Species Clause: Limit one of each Pok\u00e9mon\n|rule|Item Clause: Limit 1 of each item\n|clearpoke\n|poke|p1|Araquanid, L50, F|\n|poke|p1|Greninja-*, L50, F|\n|poke|p1|Mr. Rime, L50, F|\n|poke|p1|Pelipper, L50, F|\n|poke|p1|Cofagrigus, L50, M|\n|poke|p1|Excadrill, L50, F|\n|poke|p2|Hawlucha, L50, F|\n|poke|p2|Vanilluxe, L50, M|\n|poke|p2|Excadrill, L50, F|\n|poke|p2|Tyranitar, L50, F|\n|poke|p2|Dragonite, L50, F|\n|poke|p2|Sableye, L50, M|\n|teampreview|4\n|inactive|Battle timer is ON: inactive players will automatically lose when time's up. (requested by untitled1111)\n|\n|t:|1776346480\n|teamsize|p1|4\n|teamsize|p2|4\n|start\n|switch|p1a: Araquanid|Araquanid, L50, F|100/100\n|switch|p1b: Greninja|Greninja, L50, F|100/100\n|switch|p2a: Dragonite|Dragonite, L50, F|100/100\n|switch|p2b: Sableye|Sableye, L50, M|100/100\n|turn|1\n|\n|t:|1776346492\n|detailschange|p1b: Greninja|Greninja-Mega, L50, F\n|-mega|p1b: Greninja|Greninja|Greninjite\n|detailschange|p2a: Dragonite|Dragonite-Mega, L50, F\n|-mega|p2a: Dragonite|Dragonite|Dragoninite\n|move|p2b: Sableye|Rain Dance|p2b: Sableye\n|-weather|RainDance\n|move|p1b: Greninja|Hydro Cannon|p2a: Dragonite\n|-start|p1b: Greninja|typechange|Water|[from] ability: Protean\n|-resisted|p2a: Dragonite|1\n|-damage|p2a: Dragonite|76/100\n|-mustrecharge|p1b: Greninja\n|move|p2a: Dragonite|Hurricane|p1a: Araquanid\n|-supereffective|p1a: Araquanid|1\n|-damage|p1a: Araquanid|12/100\n|move|p1a: Araquanid|Entrainment|p1b: Greninja\n|-ability|p1b: Greninja|Water Bubble|Protean|[from] move: Entrainment|[of] p1a: Araquanid\n|\n|-weather|RainDance|[upkeep]\n|-heal|p1a: Araquanid|18/100|[from] item: Leftovers\n|upkeep\n|turn|2\n|inactive|untitled1111 has 30 seconds left.\n|inactive|dxdiag235 has 30 seconds left.\n|inactive|untitled1111 has 20 seconds left.\n|c|\u2606dxdiag235|you aint nothing but a hound dawhuh\n|\n|t:|1776346530\n|move|p2b: Sableye|Quash|p1b: Greninja\n|-activate|p1b: Greninja|move: Quash\n|move|p2a: Dragonite|Thunder|p1b: Greninja\n|-supereffective|p1b: Greninja|1\n|-damage|p1b: Greninja|0 fnt\n|faint|p1b: Greninja\n|move|p1a: Araquanid|Sticky Web|p2b: Sableye\n|-sidestart|p2: dxdiag235|move: Sticky Web\n|\n|-weather|RainDance|[upkeep]\n|-heal|p1a: Araquanid|25/100|[from] item: Leftovers\n|upkeep\n|\n|t:|1776346542\n|switch|p1b: Mr. Rime|Mr. Rime, L50, F|100/100\n|turn|3\n|\n|t:|1776346553\n|move|p2b: Sableye|Protect|p2b: Sableye\n|-singleturn|p2b: Sableye|Protect\n|move|p2a: Dragonite|Protect|p2a: Dragonite\n|-singleturn|p2a: Dragonite|Protect\n|move|p1b: Mr. Rime|Dazzling Gleam|p2a: Dragonite|[spread] \n|-activate|p2a: Dragonite|move: Protect\n|-activate|p2b: Sableye|move: Protect\n|move|p1a: Araquanid|Liquidation|p2b: Sableye\n|-activate|p2b: Sableye|move: Protect\n|\n|-weather|RainDance|[upkeep]\n|-heal|p1a: Araquanid|31/100|[from] item: Leftovers\n|upkeep\n|turn|4\n|inactive|dxdiag235 has 30 seconds left.\n|\n|t:|1776346585\n|move|p2b: Sableye|Quash|p1b: Mr. Rime\n|-activate|p1b: Mr. Rime|move: Quash\n|move|p2a: Dragonite|Hurricane|p1b: Mr. Rime\n|-damage|p1b: Mr. Rime|45/100\n|move|p1a: Araquanid|Liquidation|p2b: Sableye\n|-damage|p2b: Sableye|0 fnt\n|faint|p2b: Sableye\n|move|p1b: Mr. Rime|Blizzard|p2a: Dragonite\n|-supereffective|p2a: Dragonite|2\n|-damage|p2a: Dragonite|0 fnt\n|faint|p2a: Dragonite\n|\n|-weather|RainDance|[upkeep]\n|-heal|p1a: Araquanid|37/100|[from] item: Leftovers\n|upkeep\n|\n|t:|1776346602\n|switch|p2a: Tyranitar|Tyranitar, L50, F|100/100\n|switch|p2b: Excadrill|Excadrill, L50, F|100/100\n|-activate|p2b: Excadrill|move: Sticky Web\n|-unboost|p2b: Excadrill|spe|1\n|-activate|p2a: Tyranitar|move: Sticky Web\n|-unboost|p2a: Tyranitar|spe|1\n|-weather|Sandstorm|[from] ability: Sand Stream|[of] p2a: Tyranitar\n|turn|5\n|inactive|untitled1111 has 30 seconds left.\n|inactive|dxdiag235 has 30 seconds left.\n|inactive|dxdiag235 has 20 seconds left.\n|c|\u2606untitled1111|67\n|inactive|dxdiag235 has 15 seconds left.\n|\n|t:|1776346647\n|switch|p1a: Pelipper|Pelipper, L50, F|100/100\n|-weather|RainDance|[from] ability: Drizzle|[of] p1a: Pelipper\n|move|p1b: Mr. Rime|Dazzling Gleam|p2b: Excadrill|[spread] p2a,p2b\n|-supereffective|p2a: Tyranitar|1\n|-resisted|p2b: Excadrill|1\n|-damage|p2a: Tyranitar|68/100\n|-damage|p2b: Excadrill|92/100\n|move|p2b: Excadrill|Iron Head|p1a: Pelipper\n|-resisted|p1a: Pelipper|1\n|-damage|p1a: Pelipper|82/100\n|move|p2a: Tyranitar|Knock Off|p1b: Mr. Rime\n|-supereffective|p1b: Mr. Rime|1\n|-damage|p1b: Mr. Rime|0 fnt\n|-enditem|p1b: Mr. Rime|Never-Melt Ice|[from] move: Knock Off|[of] p2a: Tyranitar\n|faint|p1b: Mr. Rime\n|\n|-weather|RainDance|[upkeep]\n|upkeep\n|c|\u2606dxdiag235|shiiiiiiii\n|\n|t:|1776346659\n|switch|p1b: Araquanid|Araquanid, L50, F|37/100\n|turn|6\n|c|\u2606dxdiag235|41>\n|\n|t:|1776346683\n|move|p1a: Pelipper|Weather Ball|p2a: Tyranitar\n|-supereffective|p2a: Tyranitar|1\n|-damage|p2a: Tyranitar|0 fnt\n|faint|p2a: Tyranitar\n|move|p2b: Excadrill|Horn Drill|p1a: Pelipper|[miss]\n|-miss|p2b: Excadrill|p1a: Pelipper\n|move|p1b: Araquanid|Liquidation|p2b: Excadrill\n|-supereffective|p2b: Excadrill|1\n|-damage|p2b: Excadrill|0 fnt\n|faint|p2b: Excadrill\n|\n|win|untitled1111\n|raw|untitled1111's rating: 1087 &rarr; <strong>1112</strong><br />(+25 for winning)\n|raw|dxdiag235's rating: 1061 &rarr; <strong>1043</strong><br />(-18 for losing)\n|c|\u2606untitled1111|Ggs\n|c|\u2606dxdiag235|wp\n|l|\u2606dxdiag235\n|player|p2|\n|l|\u2606untitled1111\n|player|p1|\n|j|\u2606untitled1111\n|player|p1|untitled1111|lady|\n",
  "uploadtime": 1776347158,
  "views": 28,
  "formatid": "gen9championsvgc2026regma",
  "rating": 1043,
  "private": 0,
  "password": null
}