{
  "id": "gen9championsvgc2026regma-2582424272",
  "format": "[Gen 9 Champions] VGC 2026 Reg M-A",
  "players": [
    "asteroidowl4943",
    "5wamp"
  ],
  "log": "|j|\u2606asteroidowl4943\n|j|\u26065wamp\n|html|<table width=\"100%\"><tr><td align=\"left\">asteroidowl4943</td><td align=\"right\">5wamp</tr><tr><td align=\"left\"><i class=\"fa fa-circle-o\"></i> <i class=\"fa fa-circle-o\"></i> </td><td align=\"right\"><i class=\"fa fa-circle-o\"></i> <i class=\"fa fa-circle-o\"></i> </tr></table>\n|uhtml|bestof|<h2><strong>Game 1</strong> of <a href=\"/game-bestof3-gen9championsvgc2026regma-2582424271\">a best-of-3</a></h2>\n|t:|1776090789\n|gametype|doubles\n|player|p1|asteroidowl4943|ghetsis|\n|player|p2|5wamp|iono-masters|\n|gen|9\n|tier|[Gen 9 Champions] VGC 2026 Reg M-A\n|rated|Tournament battle\n|rule|Species Clause: Limit one of each Pok\u00e9mon\n|rule|Item Clause: Limit 1 of each item\n|raw|<div class=\"infobox\"><details class=\"readmore\" open><summary><strong>2 custom rules:</strong></summary> Force Open Team Sheets, Best of = 3</details></div>\n|clearpoke\n|poke|p1|Sinistcha, L50|\n|poke|p1|Sneasler, L50, M|\n|poke|p1|Kingambit, L50, F|\n|poke|p1|Incineroar, L50, F|\n|poke|p1|Golurk, L50|\n|poke|p1|Farigiraf, L50, M|\n|poke|p2|Floette-Eternal, L50, F|\n|poke|p2|Sneasler, L50, F|\n|poke|p2|Basculegion, L50, M|\n|poke|p2|Aerodactyl, L50, F|\n|poke|p2|Kingambit, L50, F|\n|poke|p2|Incineroar, L50, M|\n|teampreview|4\n|showteam|p1|Sinistcha||Leftovers|Hospitality|MatchaGotcha,TrickRoom,RagePowder,LifeDew||||||50|]Sneasler||WhiteHerb|Unburden|FakeOut,DireClaw,CloseCombat,Protect|||M|||50|]Kingambit||BlackGlasses|Defiant|IronHead,SuckerPunch,KowtowCleave,Protect|||F|||50|]Incineroar||ChopleBerry|Intimidate|FakeOut,FlareBlitz,DarkestLariat,PartingShot|||F|||50|]Golurk||Golurkite|IronFist|HeadlongRush,Poltergeist,IcePunch,Protect||||||50|]Farigiraf||MentalHerb|ArmorTail|HyperVoice,Psychic,TrickRoom,Protect|||M|||50|\n|showteam|p2|Floette-Eternal||Floettite|FlowerVeil|Moonblast,DazzlingGleam,DrainingKiss,Protect|||F|||50|]Sneasler||WhiteHerb|Unburden|FakeOut,CloseCombat,DireClaw,Protect|||F|||50|]Basculegion||ChoiceScarf|Adaptability|WaveCrash,LastRespects,AquaJet,FlipTurn|||M|||50|]Aerodactyl||FocusSash|Unnerve|RockSlide,DualWingbeat,Tailwind,Protect|||F|||50|]Kingambit||ChopleBerry|Defiant|IronHead,LowKick,SuckerPunch,Protect|||F|||50|]Incineroar||SitrusBerry|Intimidate|FakeOut,FlareBlitz,ThroatChop,PartingShot|||M|||50|\n|inactive|Battle timer is ON: inactive players will automatically lose when time's up. (requested by 5wamp)\n|inactive|asteroidowl4943 also wants the timer to be on.\n|\n|t:|1776090817\n|teamsize|p1|4\n|teamsize|p2|4\n|start\n|switch|p1a: Sneasler|Sneasler, L50, M|100/100\n|switch|p1b: Farigiraf|Farigiraf, L50, M|100/100\n|switch|p2a: Floette|Floette-Eternal, L50, F|100/100\n|switch|p2b: Kingambit|Kingambit, L50, F|100/100\n|turn|1\n|\n|t:|1776090836\n|detailschange|p2a: Floette|Floette-Mega, L50, F\n|-mega|p2a: Floette|Floette|Floettite\n|-ability|p2a: Floette|Fairy Aura\n|move|p1a: Sneasler|Fake Out|p2b: Kingambit\n|-resisted|p2b: Kingambit|1\n|-damage|p2b: Kingambit|95/100\n|move|p2a: Floette|Moonblast|p1b: Farigiraf\n|-damage|p1b: Farigiraf|49/100\n|cant|p2b: Kingambit|flinch\n|move|p1b: Farigiraf|Trick Room|p1b: Farigiraf\n|-fieldstart|move: Trick Room|[of] p1b: Farigiraf\n|\n|upkeep\n|turn|2\n|inactive|5wamp has 30 seconds left.\n|inactive|asteroidowl4943 has 30 seconds left.\n|inactive|5wamp has 20 seconds left.\n|inactive|5wamp has 15 seconds left.\n|inactive|5wamp has 10 seconds left.\n|\n|t:|1776090885\n|switch|p1a: Golurk|Golurk, L50|100/100\n|move|p1b: Farigiraf|Protect|p1b: Farigiraf\n|-singleturn|p1b: Farigiraf|Protect\n|move|p2b: Kingambit|Iron Head|p1a: Golurk\n|-damage|p1a: Golurk|52/100\n|move|p2a: Floette|Moonblast|p1b: Farigiraf\n|-activate|p1b: Farigiraf|move: Protect\n|\n|upkeep\n|turn|3\n|\n|t:|1776090904\n|switch|p2b: Incineroar|Incineroar, L50, M|100/100\n|-ability|p2b: Incineroar|Intimidate|boost\n|-unboost|p1a: Golurk|atk|1\n|-unboost|p1b: Farigiraf|atk|1\n|detailschange|p1a: Golurk|Golurk-Mega, L50\n|-mega|p1a: Golurk|Golurk|Golurkite\n|move|p1a: Golurk|Headlong Rush|p2b: Incineroar\n|-supereffective|p2b: Incineroar|1\n|-damage|p2b: Incineroar|25/100\n|-unboost|p1a: Golurk|def|1\n|-unboost|p1a: Golurk|spd|1\n|-enditem|p2b: Incineroar|Sitrus Berry|[eat]\n|-heal|p2b: Incineroar|50/100|[from] item: Sitrus Berry\n|move|p1b: Farigiraf|Psychic|p2a: Floette\n|-damage|p2a: Floette|76/100\n|-unboost|p2a: Floette|spd|1\n|move|p2a: Floette|Moonblast|p1a: Golurk\n|-damage|p1a: Golurk|0 fnt\n|faint|p1a: Golurk\n|\n|upkeep\n|\n|t:|1776090922\n|switch|p1a: Kingambit|Kingambit, L50, F|100/100\n|turn|4\n|inactive|asteroidowl4943 has 30 seconds left.\n|\n|t:|1776090950\n|switch|p2a: Kingambit|Kingambit, L50, F|95/100\n|move|p1a: Kingambit|Iron Head|p2a: Kingambit\n|-resisted|p2a: Kingambit|1\n|-damage|p2a: Kingambit|75/100\n|move|p1b: Farigiraf|Hyper Voice|p2b: Incineroar|[spread] p2a,p2b\n|-resisted|p2a: Kingambit|1\n|-damage|p2a: Kingambit|61/100\n|-damage|p2b: Incineroar|23/100\n|move|p2b: Incineroar|Throat Chop|p1b: Farigiraf\n|-supereffective|p1b: Farigiraf|1\n|-damage|p1b: Farigiraf|0 fnt\n|faint|p1b: Farigiraf\n|\n|upkeep\n|\n|t:|1776090959\n|switch|p1b: Sneasler|Sneasler, L50, M|100/100\n|turn|5\n|inactive|5wamp has 30 seconds left.\n|inactive|5wamp has 20 seconds left.\n|inactive|5wamp has 15 seconds left.\n|inactive|5wamp has 10 seconds left.\n|\n|t:|1776091005\n|move|p2a: Kingambit|Protect|p2a: Kingambit\n|-singleturn|p2a: Kingambit|Protect\n|move|p1b: Sneasler|Fake Out|p2a: Kingambit\n|-activate|p2a: Kingambit|move: Protect\n|move|p1a: Kingambit|Kowtow Cleave|p2b: Incineroar\n|-resisted|p2b: Incineroar|1\n|-damage|p2b: Incineroar|2/100\n|move|p2b: Incineroar|Flare Blitz|p1b: Sneasler\n|-damage|p1b: Sneasler|17/100\n|-status|p1b: Sneasler|brn\n|-damage|p2b: Incineroar|0 fnt|[from] Recoil\n|faint|p2b: Incineroar\n|\n|-damage|p1b: Sneasler|11/100 brn|[from] brn\n|-fieldend|move: Trick Room\n|upkeep\n|\n|t:|1776091014\n|switch|p2b: Floette|Floette-Mega, L50, F|76/100\n|-ability|p2b: Floette|Fairy Aura\n|turn|6\n|\n|t:|1776091025\n|move|p2a: Kingambit|Sucker Punch|p1b: Sneasler\n|-resisted|p1b: Sneasler|1\n|-damage|p1b: Sneasler|0 fnt\n|faint|p1b: Sneasler\n|move|p2b: Floette|Draining Kiss|p1a: Kingambit\n|-damage|p1a: Kingambit|64/100\n|-heal|p2b: Floette|100/100|[from] drain|[of] p1a: Kingambit\n|move|p1a: Kingambit|Iron Head|p2b: Floette\n|-supereffective|p2b: Floette|1\n|-damage|p2b: Floette|18/100\n|\n|upkeep\n|turn|7\n|\n|t:|1776091037\n|move|p2b: Floette|Protect|p2b: Floette\n|-singleturn|p2b: Floette|Protect\n|move|p2a: Kingambit|Low Kick|p1a: Kingambit\n|-supereffective|p1a: Kingambit|2\n|-damage|p1a: Kingambit|0 fnt\n|faint|p1a: Kingambit\n|\n|win|5wamp\n",
  "uploadtime": 1776091037,
  "views": 10,
  "formatid": "gen9championsvgc2026regma",
  "rating": null,
  "private": 0,
  "password": null
}