{
  "id": "gen9championsvgc2026regma-2585104443",
  "format": "[Gen 9 Champions] VGC 2026 Reg M-A",
  "players": [
    "corek",
    "Missed Ledgedash"
  ],
  "log": "|j|\u2606corek\n|j|\u2606Missed Ledgedash\n|t:|1776312247\n|gametype|doubles\n|player|p1|corek|lucas|1121\n|player|p2|Missed Ledgedash|juan-gen3|1201\n|gen|9\n|tier|[Gen 9 Champions] VGC 2026 Reg M-A\n|rated|\n|rule|Species Clause: Limit one of each Pok\u00e9mon\n|rule|Item Clause: Limit 1 of each item\n|clearpoke\n|poke|p1|Lucario, L50, F|\n|poke|p1|Meowscarada, L50, F|\n|poke|p1|Infernape, L50, M|\n|poke|p1|Scizor, L50, M|\n|poke|p1|Delphox, L50, F|\n|poke|p1|Dragonite, L50, M|\n|poke|p2|Incineroar, L50, F|\n|poke|p2|Gengar, L50, F|\n|poke|p2|Gyarados, L50, F|\n|poke|p2|Tyranitar, L50, F|\n|poke|p2|Sneasler, L50, F|\n|poke|p2|Excadrill, L50, F|\n|teampreview|4\n|\n|t:|1776312275\n|teamsize|p1|4\n|teamsize|p2|4\n|start\n|switch|p1a: Dragonite|Dragonite, L50, M|100/100\n|switch|p1b: Lucario|Lucario, L50, F|100/100\n|switch|p2a: Incineroar|Incineroar, L50, F|100/100\n|switch|p2b: Gengar|Gengar, L50, F|100/100\n|-ability|p2a: Incineroar|Intimidate|boost\n|-fail|p1a: Dragonite|unboost|Attack|[from] ability: Inner Focus|[of] p1a: Dragonite\n|-fail|p1b: Lucario|unboost|Attack|[from] ability: Inner Focus|[of] p1b: Lucario\n|turn|1\n|inactive|Battle timer is ON: inactive players will automatically lose when time's up. (requested by corek)\n|\n|t:|1776312304\n|detailschange|p2b: Gengar|Gengar-Mega, L50, F\n|-mega|p2b: Gengar|Gengar|Gengarite\n|move|p1b: Lucario|Upper Hand|p2a: Incineroar\n|-supereffective|p2a: Incineroar|1\n|-damage|p2a: Incineroar|59/100\n|cant|p2a: Incineroar|flinch\n|move|p2b: Gengar|Perish Song|p2b: Gengar\n|-start|p1a: Dragonite|perish3|[silent]\n|-start|p1b: Lucario|perish3|[silent]\n|-start|p2a: Incineroar|perish3|[silent]\n|-start|p2b: Gengar|perish3|[silent]\n|-fieldactivate|move: Perish Song\n|move|p1a: Dragonite|Tailwind|p1a: Dragonite\n|-sidestart|p1: corek|move: Tailwind\n|\n|-start|p1b: Lucario|perish3\n|-start|p1a: Dragonite|perish3\n|-start|p2b: Gengar|perish3\n|-start|p2a: Incineroar|perish3\n|upkeep\n|turn|2\n|inactive|corek has 30 seconds left.\n|\n|t:|1776312331\n|move|p2b: Gengar|Protect|p2b: Gengar\n|-singleturn|p2b: Gengar|Protect\n|move|p2a: Incineroar|Protect|p2a: Incineroar\n|-singleturn|p2a: Incineroar|Protect\n|move|p1b: Lucario|Psychic|p2b: Gengar\n|-activate|p2b: Gengar|move: Protect\n|move|p1a: Dragonite|Flamethrower|p2a: Incineroar\n|-activate|p2a: Incineroar|move: Protect\n|\n|-start|p1b: Lucario|perish2\n|-start|p1a: Dragonite|perish2\n|-start|p2b: Gengar|perish2\n|-start|p2a: Incineroar|perish2\n|upkeep\n|turn|3\n|\n|t:|1776312352\n|switch|p2b: Tyranitar|Tyranitar, L50, F|100/100\n|-weather|Sandstorm|[from] ability: Sand Stream|[of] p2b: Tyranitar\n|move|p1b: Lucario|Close Combat|p2a: Incineroar\n|-supereffective|p2a: Incineroar|1\n|-damage|p2a: Incineroar|0 fnt\n|-unboost|p1b: Lucario|def|1\n|-unboost|p1b: Lucario|spd|1\n|faint|p2a: Incineroar\n|move|p1a: Dragonite|Flamethrower|p2b: Tyranitar\n|-resisted|p2b: Tyranitar|1\n|-damage|p2b: Tyranitar|94/100\n|\n|-weather|Sandstorm|[upkeep]\n|-damage|p1a: Dragonite|95/100|[from] Sandstorm\n|-start|p1b: Lucario|perish1\n|-start|p1a: Dragonite|perish1\n|upkeep\n|\n|t:|1776312367\n|switch|p2a: Gengar|Gengar-Mega, L50, F|100/100\n|turn|4\n|\n|t:|1776312383\n|move|p2a: Gengar|Protect|p2a: Gengar\n|-singleturn|p2a: Gengar|Protect\n|move|p2b: Tyranitar|Protect|p2b: Tyranitar\n|-singleturn|p2b: Tyranitar|Protect\n|move|p1b: Lucario|Close Combat|p2b: Tyranitar\n|-activate|p2b: Tyranitar|move: Protect\n|move|p1a: Dragonite|Flamethrower|p2a: Gengar\n|-activate|p2a: Gengar|move: Protect\n|\n|-weather|Sandstorm|[upkeep]\n|-damage|p1a: Dragonite|89/100|[from] Sandstorm\n|-damage|p2a: Gengar|94/100|[from] Sandstorm\n|-start|p1b: Lucario|perish0\n|-start|p1a: Dragonite|perish0\n|-sideend|p1: corek|move: Tailwind\n|faint|p1b: Lucario\n|faint|p1a: Dragonite\n|upkeep\n|\n|t:|1776312398\n|switch|p1b: Infernape|Infernape, L50, M|100/100\n|switch|p1a: Delphox|Delphox, L50, F|100/100\n|turn|5\n|\n|t:|1776312418\n|switch|p2a: Excadrill|Excadrill, L50, F|100/100\n|detailschange|p1a: Delphox|Delphox-Mega, L50, F\n|-mega|p1a: Delphox|Delphox|Delphoxite\n|move|p1a: Delphox|Psychic|p2a: Excadrill\n|-resisted|p2a: Excadrill|1\n|-damage|p2a: Excadrill|64/100\n|move|p1b: Infernape|Close Combat|p2b: Tyranitar\n|-supereffective|p2b: Tyranitar|2\n|-damage|p2b: Tyranitar|0 fnt\n|-unboost|p1b: Infernape|def|1\n|-unboost|p1b: Infernape|spd|1\n|faint|p2b: Tyranitar\n|-enditem|p1b: Infernape|White Herb\n|-clearnegativeboost|p1b: Infernape|[silent]\n|\n|-weather|Sandstorm|[upkeep]\n|-damage|p1a: Delphox|95/100|[from] Sandstorm\n|-damage|p1b: Infernape|95/100|[from] Sandstorm\n|upkeep\n|\n|t:|1776312426\n|switch|p2b: Gengar|Gengar-Mega, L50, F|94/100\n|turn|6\n|\n|t:|1776312444\n|move|p2a: Excadrill|Rock Slide|p1a: Delphox|[spread] p1a,p1b\n|-supereffective|p1a: Delphox|1\n|-damage|p1a: Delphox|31/100\n|-damage|p1b: Infernape|64/100\n|move|p1a: Delphox|Heat Wave|p2a: Excadrill|[spread] p2a,p2b\n|-supereffective|p2a: Excadrill|1\n|-damage|p2a: Excadrill|0 fnt\n|-damage|p2b: Gengar|46/100\n|faint|p2a: Excadrill\n|move|p2b: Gengar|Shadow Ball|p1b: Infernape\n|-damage|p1b: Infernape|0 fnt\n|faint|p1b: Infernape\n|\n|-weather|Sandstorm|[upkeep]\n|-damage|p1a: Delphox|25/100|[from] Sandstorm\n|-damage|p2b: Gengar|39/100|[from] Sandstorm\n|upkeep\n|turn|7\n|\n|t:|1776312458\n|move|p1a: Delphox|Psychic|p2b: Gengar\n|-supereffective|p2b: Gengar|1\n|-damage|p2b: Gengar|0 fnt\n|faint|p2b: Gengar\n|\n|win|corek\n|raw|corek's rating: 1121 &rarr; <strong>1152</strong><br />(+31 for winning)\n|raw|Missed Ledgedash's rating: 1201 &rarr; <strong>1170</strong><br />(-31 for losing)\n",
  "uploadtime": 1776312458,
  "views": 22,
  "formatid": "gen9championsvgc2026regma",
  "rating": 1152,
  "private": 0,
  "password": null
}