{
  "id": "gen9championsvgc2026regma-2582182281",
  "format": "[Gen 9 Champions] VGC 2026 Reg M-A",
  "players": [
    "DoctorGrizzman",
    "aamanbo"
  ],
  "log": "|j|\u2606DoctorGrizzman\n|j|\u2606aamanbo\n|t:|1776068381\n|gametype|doubles\n|player|p1|DoctorGrizzman|cynthia|1121\n|player|p2|aamanbo|2|1127\n|gen|9\n|tier|[Gen 9 Champions] VGC 2026 Reg M-A\n|rated|\n|rule|Species Clause: Limit one of each Pok\u00e9mon\n|rule|Item Clause: Limit 1 of each item\n|clearpoke\n|poke|p1|Slowbro, L50, M|\n|poke|p1|Meowstic, L50, M|\n|poke|p1|Houndoom, L50, F|\n|poke|p1|Whimsicott, L50, F|\n|poke|p1|Heliolisk, L50, M|\n|poke|p1|Incineroar, L50, M|\n|poke|p2|Clefable, L50, F|\n|poke|p2|Delphox, L50, M|\n|poke|p2|Sneasler, L50, F|\n|poke|p2|Kingambit, L50, M|\n|poke|p2|Basculegion, L50, M|\n|poke|p2|Dragonite, L50, M|\n|teampreview|4\n|\n|t:|1776068416\n|teamsize|p1|4\n|teamsize|p2|4\n|start\n|switch|p1a: Whimsicott|Whimsicott, L50, F|100/100\n|switch|p1b: Meowstic|Meowstic, L50, M|100/100\n|switch|p2a: Sneasler|Sneasler, L50, F|100/100\n|switch|p2b: Delphox|Delphox, L50, M|100/100\n|turn|1\n|\n|t:|1776068432\n|detailschange|p2b: Delphox|Delphox-Mega, L50, M\n|-mega|p2b: Delphox|Delphox|Delphoxite\n|move|p1a: Whimsicott|Protect|p1a: Whimsicott\n|-singleturn|p1a: Whimsicott|Protect\n|move|p2a: Sneasler|Fake Out|p1a: Whimsicott\n|-activate|p1a: Whimsicott|move: Protect\n|move|p1b: Meowstic|Fake Out|p2b: Delphox\n|-damage|p2b: Delphox|93/100\n|cant|p2b: Delphox|flinch\n|\n|upkeep\n|turn|2\n|\n|t:|1776068443\n|move|p1a: Whimsicott|Tailwind|p1a: Whimsicott\n|-sidestart|p1: DoctorGrizzman|move: Tailwind\n|move|p1b: Meowstic|Psychic|p2a: Sneasler\n|-supereffective|p2a: Sneasler|2\n|-damage|p2a: Sneasler|0 fnt\n|faint|p2a: Sneasler\n|move|p2b: Delphox|Nasty Plot|p2b: Delphox\n|-boost|p2b: Delphox|spa|2\n|\n|upkeep\n|\n|t:|1776068459\n|switch|p2a: Kingambit|Kingambit, L50, M|100/100\n|turn|3\n|\n|t:|1776068491\n|switch|p1a: Houndoom|Houndoom, L50, F|100/100\n|-ability|p1a: Houndoom|Unnerve\n|move|p1b: Meowstic|Light Screen|p1b: Meowstic\n|-sidestart|p1: DoctorGrizzman|move: Light Screen\n|move|p2b: Delphox|Heat Wave|p1a: Houndoom|[spread] p1a,p1b\n|-resisted|p1a: Houndoom|1\n|-damage|p1a: Houndoom|58/100\n|-damage|p1b: Meowstic|44/100\n|move|p2a: Kingambit|Swords Dance|p2a: Kingambit\n|-boost|p2a: Kingambit|atk|2\n|\n|upkeep\n|turn|4\n|\n|t:|1776068510\n|detailschange|p1a: Houndoom|Houndoom-Mega, L50, F\n|-mega|p1a: Houndoom|Houndoom|Houndoominite\n|move|p2b: Delphox|Protect|p2b: Delphox\n|-singleturn|p2b: Delphox|Protect\n|move|p1b: Meowstic|Psychic Terrain|p1b: Meowstic\n|-fieldstart|move: Psychic Terrain\n|move|p2a: Kingambit|Sucker Punch|p1a: Houndoom\n|-activate|p1a: Houndoom|move: Psychic Terrain\n|move|p1a: Houndoom|Dark Pulse|p2b: Delphox\n|-activate|p2b: Delphox|move: Protect\n|\n|upkeep\n|turn|5\n|\n|t:|1776068534\n|switch|p1b: Whimsicott|Whimsicott, L50, F|100/100\n|move|p2b: Delphox|Protect||[still]\n|-fail|p2b: Delphox\n|move|p1a: Houndoom|Heat Wave|p2b: Delphox|[spread] p2a,p2b\n|-supereffective|p2a: Kingambit|1\n|-resisted|p2b: Delphox|1\n|-damage|p2a: Kingambit|19/100\n|-damage|p2b: Delphox|74/100\n|move|p2a: Kingambit|Kowtow Cleave|p1b: Whimsicott\n|-resisted|p1b: Whimsicott|1\n|-damage|p1b: Whimsicott|19/100\n|\n|-sideend|p1: DoctorGrizzman|move: Tailwind\n|upkeep\n|turn|6\n|\n|t:|1776068557\n|move|p2a: Kingambit|Protect|p2a: Kingambit\n|-singleturn|p2a: Kingambit|Protect\n|move|p2b: Delphox|Heat Wave|p1a: Houndoom|[spread] p1a,p1b\n|-resisted|p1a: Houndoom|1\n|-supereffective|p1b: Whimsicott|1\n|-damage|p1a: Houndoom|22/100\n|-damage|p1b: Whimsicott|0 fnt\n|faint|p1b: Whimsicott\n|move|p1a: Houndoom|Dark Pulse|p2b: Delphox\n|-supereffective|p2b: Delphox|1\n|-damage|p2b: Delphox|0 fnt\n|faint|p2b: Delphox\n|\n|upkeep\n|\n|t:|1776068568\n|switch|p2b: Basculegion|Basculegion, L50, M|100/100\n|switch|p1b: Heliolisk|Heliolisk, L50, M|100/100\n|turn|7\n|\n|t:|1776068580\n|move|p2a: Kingambit|Protect|p2a: Kingambit\n|-singleturn|p2a: Kingambit|Protect\n|move|p2b: Basculegion|Wave Crash|p1b: Heliolisk\n|-damage|p1b: Heliolisk|0 fnt\n|faint|p1b: Heliolisk\n|-damage|p2b: Basculegion|77/100|[from] Recoil\n|move|p1a: Houndoom|Dark Pulse|p2b: Basculegion\n|-supereffective|p2b: Basculegion|1\n|-damage|p2b: Basculegion|0 fnt\n|faint|p2b: Basculegion\n|\n|-sideend|p1: DoctorGrizzman|move: Light Screen\n|upkeep\n|\n|t:|1776068590\n|switch|p1b: Meowstic|Meowstic, L50, M|44/100\n|turn|8\n|\n|t:|1776068602\n|move|p1b: Meowstic|Fake Out|p2a: Kingambit\n|-activate|p2a: Kingambit|move: Psychic Terrain\n|move|p2a: Kingambit|Sucker Punch|p1a: Houndoom\n|-activate|p1a: Houndoom|move: Psychic Terrain\n|move|p1a: Houndoom|Heat Wave|p2a: Kingambit\n|-supereffective|p2a: Kingambit|1\n|-damage|p2a: Kingambit|0 fnt\n|faint|p2a: Kingambit\n|\n|win|DoctorGrizzman\n|raw|DoctorGrizzman's rating: 1121 &rarr; <strong>1146</strong><br />(+25 for winning)\n|raw|aamanbo's rating: 1127 &rarr; <strong>1102</strong><br />(-25 for losing)\n|l|\u2606aamanbo\n|player|p2|\n",
  "uploadtime": 1776068610,
  "views": 14,
  "formatid": "gen9championsvgc2026regma",
  "rating": 1102,
  "private": 0,
  "password": null
}