{
  "id": "gen9championsvgc2026regma-2587447032",
  "format": "[Gen 9 Champions] VGC 2026 Reg M-A",
  "players": [
    "Porygirl",
    "dune's kitchen"
  ],
  "log": "|j|\u2606Porygirl\n|j|\u2606dune's kitchen\n|t:|1776532560\n|gametype|doubles\n|player|p1|Porygirl|lady-gen4|1247\n|player|p2|dune's kitchen|baker|1172\n|gen|9\n|tier|[Gen 9 Champions] VGC 2026 Reg M-A\n|rated|\n|rule|Species Clause: Limit one of each Pok\u00e9mon\n|rule|Item Clause: Limit 1 of each item\n|clearpoke\n|poke|p1|Meganium, L50, F|\n|poke|p1|Zoroark-Hisui, L50, F|\n|poke|p1|Archaludon, L50, F|\n|poke|p1|Pelipper, L50, M|\n|poke|p1|Sneasler, L50, F|\n|poke|p1|Basculegion, L50, M|\n|poke|p2|Meowstic-F, L50, F|\n|poke|p2|Wyrdeer, L50, M|\n|poke|p2|Tyranitar, L50, F|\n|poke|p2|Excadrill, L50, F|\n|poke|p2|Corviknight, L50, F|\n|poke|p2|Sinistcha, L50|\n|teampreview|4\n|\n|t:|1776532600\n|teamsize|p1|4\n|teamsize|p2|4\n|start\n|switch|p1a: Meganium|Meganium, L50, F|100/100\n|switch|p1b: Archaludon|Archaludon, L50, F|100/100\n|switch|p2a: Meowstic|Meowstic-F, L50, F|100/100\n|switch|p2b: Wyrdeer|Wyrdeer, L50, M|100/100\n|-ability|p2b: Wyrdeer|Intimidate|boost\n|-unboost|p1a: Meganium|atk|1\n|-unboost|p1b: Archaludon|atk|1\n|-enditem|p1b: Archaludon|White Herb\n|-clearnegativeboost|p1b: Archaludon|[silent]\n|turn|1\n|\n|t:|1776532657\n|detailschange|p1a: Meganium|Meganium-Mega, L50, F\n|-mega|p1a: Meganium|Meganium|Meganiumite\n|move|p2a: Meowstic|Protect|p2a: Meowstic\n|-singleturn|p2a: Meowstic|Protect\n|move|p1b: Archaludon|Draco Meteor|p2a: Meowstic\n|-activate|p2a: Meowstic|move: Protect\n|move|p1a: Meganium|Solar Beam||[still]\n|-prepare|p1a: Meganium|Solar Beam\n|-activate|p1a: Meganium|ability: Mega Sol\n|-anim|p1a: Meganium|Solar Beam|p2a: Meowstic\n|-activate|p2a: Meowstic|move: Protect\n|move|p2b: Wyrdeer|Psychic|p1b: Archaludon\n|-resisted|p1b: Archaludon|1\n|-damage|p1b: Archaludon|87/100\n|-ability|p1b: Archaludon|Stamina|boost\n|-boost|p1b: Archaludon|def|1\n|\n|upkeep\n|turn|2\n|\n|t:|1776532676\n|switch|p2a: Corviknight|Corviknight, L50, F|100/100\n|move|p1b: Archaludon|Draco Meteor|p2a: Corviknight\n|-resisted|p2a: Corviknight|1\n|-damage|p2a: Corviknight|79/100\n|-unboost|p1b: Archaludon|spa|2\n|move|p1a: Meganium|Solar Beam||[still]\n|-prepare|p1a: Meganium|Solar Beam\n|-activate|p1a: Meganium|ability: Mega Sol\n|-anim|p1a: Meganium|Solar Beam|p2a: Corviknight\n|-resisted|p2a: Corviknight|2\n|-damage|p2a: Corviknight|67/100\n|move|p2b: Wyrdeer|Trick Room|p2b: Wyrdeer\n|-fieldstart|move: Trick Room|[of] p2b: Wyrdeer\n|\n|-heal|p2a: Corviknight|73/100|[from] item: Leftovers\n|upkeep\n|turn|3\n|\n|t:|1776532701\n|switch|p1b: Pelipper|Pelipper, L50, M|100/100\n|-weather|RainDance|[from] ability: Drizzle|[of] p1b: Pelipper\n|move|p2b: Wyrdeer|Skill Swap|p1a: Meganium\n|-activate|p2b: Wyrdeer|Skill Swap|Mega Sol|Intimidate|[of] p1a: Meganium\n|-ability|p1a: Meganium|Intimidate|boost\n|-ability|p2a: Corviknight|Mirror Armor\n|-unboost|p1a: Meganium|atk|1\n|-unboost|p2b: Wyrdeer|atk|1\n|move|p2a: Corviknight|Bulk Up|p2a: Corviknight\n|-boost|p2a: Corviknight|atk|1\n|-boost|p2a: Corviknight|def|1\n|move|p1a: Meganium|Weather Ball|p2a: Corviknight\n|-damage|p2a: Corviknight|26/100\n|\n|-weather|RainDance|[upkeep]\n|-heal|p2a: Corviknight|32/100|[from] item: Leftovers\n|upkeep\n|turn|4\n|\n|t:|1776532727\n|switch|p2b: Tyranitar|Tyranitar, L50, F|100/100\n|-weather|Sandstorm|[from] ability: Sand Stream|[of] p2b: Tyranitar\n|switch|p1a: Basculegion|Basculegion, L50, M|100/100\n|move|p1b: Pelipper|Weather Ball|p2a: Corviknight\n|-damage|p2a: Corviknight|18/100\n|move|p2a: Corviknight|Brave Bird|p1a: Basculegion\n|-damage|p1a: Basculegion|33/100\n|-damage|p2a: Corviknight|0 fnt|[from] Recoil\n|faint|p2a: Corviknight\n|\n|-weather|Sandstorm|[upkeep]\n|-damage|p1b: Pelipper|95/100|[from] Sandstorm\n|-damage|p1a: Basculegion|27/100|[from] Sandstorm\n|-heal|p1b: Pelipper|100/100|[from] item: Leftovers\n|upkeep\n|\n|t:|1776532734\n|switch|p2a: Wyrdeer|Wyrdeer, L50, M|100/100\n|-ability|p2a: Wyrdeer|Intimidate|boost\n|-unboost|p1a: Basculegion|atk|1\n|-unboost|p1b: Pelipper|atk|1\n|turn|5\n|\n|t:|1776532757\n|switch|p1b: Archaludon|Archaludon, L50, F|87/100\n|switch|p1a: Meganium|Meganium-Mega, L50, F|100/100\n|move|p2a: Wyrdeer|Earth Power|p1b: Archaludon\n|-supereffective|p1b: Archaludon|1\n|-damage|p1b: Archaludon|50/100\n|-ability|p1b: Archaludon|Stamina|boost\n|-boost|p1b: Archaludon|def|1\n|move|p2b: Tyranitar|Rock Slide|p1b: Archaludon|[spread] p1a,p1b\n|-resisted|p1b: Archaludon|1\n|-damage|p1a: Meganium|73/100\n|-damage|p1b: Archaludon|41/100\n|-ability|p1b: Archaludon|Stamina|boost\n|-boost|p1b: Archaludon|def|1\n|\n|-weather|Sandstorm|[upkeep]\n|-damage|p2a: Wyrdeer|94/100|[from] Sandstorm\n|-damage|p1a: Meganium|68/100|[from] Sandstorm\n|upkeep\n|turn|6\n|\n|t:|1776532784\n|detailschange|p2b: Tyranitar|Tyranitar-Mega, L50, F\n|-mega|p2b: Tyranitar|Tyranitar|Tyranitarite\n|move|p2a: Wyrdeer|Skill Swap|p1a: Meganium\n|-activate|p2a: Wyrdeer|Skill Swap|Mega Sol|Intimidate|[of] p1a: Meganium\n|-ability|p1a: Meganium|Intimidate|boost\n|-unboost|p2a: Wyrdeer|atk|1\n|-unboost|p2b: Tyranitar|atk|1\n|move|p2b: Tyranitar|Rock Slide|p1b: Archaludon|[spread] p1a,p1b\n|-resisted|p1b: Archaludon|1\n|-damage|p1a: Meganium|44/100\n|-damage|p1b: Archaludon|37/100\n|-ability|p1b: Archaludon|Stamina|boost\n|-boost|p1b: Archaludon|def|1\n|move|p1a: Meganium|Solar Beam||[still]\n|-prepare|p1a: Meganium|Solar Beam\n|move|p1b: Archaludon|Draco Meteor|p2a: Wyrdeer\n|-damage|p2a: Wyrdeer|47/100\n|-unboost|p1b: Archaludon|spa|2\n|-enditem|p2a: Wyrdeer|Sitrus Berry|[eat]\n|-heal|p2a: Wyrdeer|71/100|[from] item: Sitrus Berry\n|\n|-weather|Sandstorm|[upkeep]\n|-damage|p2a: Wyrdeer|65/100|[from] Sandstorm\n|-damage|p1a: Meganium|39/100|[from] Sandstorm\n|-fieldend|move: Trick Room\n|upkeep\n|turn|7\n|\n|t:|1776532818\n|switch|p1b: Pelipper|Pelipper, L50, M|100/100\n|-weather|RainDance|[from] ability: Drizzle|[of] p1b: Pelipper\n|move|p1a: Meganium|Solar Beam|p2b: Tyranitar|[from] lockedmove\n|-supereffective|p2b: Tyranitar|1\n|-damage|p2b: Tyranitar|44/100\n|move|p2b: Tyranitar|Rock Slide|p1b: Pelipper|[spread] p1a,p1b\n|-supereffective|p1b: Pelipper|1\n|-damage|p1a: Meganium|13/100\n|-damage|p1b: Pelipper|54/100\n|move|p2a: Wyrdeer|Earth Power|p1b: Pelipper\n|-immune|p1b: Pelipper\n|\n|-weather|RainDance|[upkeep]\n|-heal|p1b: Pelipper|60/100|[from] item: Leftovers\n|upkeep\n|turn|8\n|\n|t:|1776532842\n|move|p2b: Tyranitar|Protect|p2b: Tyranitar\n|-singleturn|p2b: Tyranitar|Protect\n|move|p1a: Meganium|Weather Ball|p2b: Tyranitar\n|-activate|p2b: Tyranitar|move: Protect\n|move|p1b: Pelipper|Weather Ball|p2b: Tyranitar\n|-activate|p2b: Tyranitar|move: Protect\n|move|p2a: Wyrdeer|Trick Room|p2a: Wyrdeer\n|-fieldstart|move: Trick Room|[of] p2a: Wyrdeer\n|\n|-weather|RainDance|[upkeep]\n|-heal|p1b: Pelipper|66/100|[from] item: Leftovers\n|upkeep\n|turn|9\n|\n|t:|1776532863\n|move|p2a: Wyrdeer|Skill Swap|p2b: Tyranitar\n|-activate|p2a: Wyrdeer|Skill Swap|||[of] p2b: Tyranitar\n|-weather|Sandstorm|[from] ability: Sand Stream|[of] p2a: Wyrdeer\n|move|p1b: Pelipper|Weather Ball|p2b: Tyranitar\n|-damage|p2b: Tyranitar|33/100\n|move|p2b: Tyranitar|Rock Slide|p1a: Meganium|[spread] p1a,p1b\n|-supereffective|p1b: Pelipper|1\n|-damage|p1a: Meganium|0 fnt\n|-damage|p1b: Pelipper|15/100\n|faint|p1a: Meganium\n|\n|-weather|Sandstorm|[upkeep]\n|-damage|p2a: Wyrdeer|59/100|[from] Sandstorm\n|-damage|p1b: Pelipper|9/100|[from] Sandstorm\n|-heal|p1b: Pelipper|15/100|[from] item: Leftovers\n|upkeep\n|\n|t:|1776532877\n|switch|p1a: Basculegion|Basculegion, L50, M|27/100\n|turn|10\n|\n|t:|1776532884\n|move|p1b: Pelipper|Helping Hand|p1a: Basculegion\n|-singleturn|p1a: Basculegion|Helping Hand|[of] p1b: Pelipper\n|move|p1a: Basculegion|Aqua Jet|p2b: Tyranitar\n|-supereffective|p2b: Tyranitar|1\n|-damage|p2b: Tyranitar|0 fnt\n|faint|p2b: Tyranitar\n|move|p2a: Wyrdeer|Psychic|p1b: Pelipper\n|-crit|p1b: Pelipper\n|-damage|p1b: Pelipper|0 fnt\n|faint|p1b: Pelipper\n|\n|-weather|Sandstorm|[upkeep]\n|-damage|p2a: Wyrdeer|53/100|[from] Sandstorm\n|-damage|p1a: Basculegion|21/100|[from] Sandstorm\n|upkeep\n|\n|t:|1776532895\n|switch|p1b: Archaludon|Archaludon, L50, F|37/100\n|switch|p2b: Meowstic|Meowstic-F, L50, F|100/100\n|turn|11\n|\n|t:|1776532908\n|move|p2b: Meowstic|Fake Out|p1b: Archaludon\n|-resisted|p1b: Archaludon|1\n|-damage|p1b: Archaludon|34/100\n|-ability|p1b: Archaludon|Stamina|boost\n|-boost|p1b: Archaludon|def|1\n|move|p2a: Wyrdeer|Psychic|p1a: Basculegion\n|-damage|p1a: Basculegion|0 fnt\n|faint|p1a: Basculegion\n|cant|p1b: Archaludon|flinch\n|\n|-weather|Sandstorm|[upkeep]\n|-damage|p2a: Wyrdeer|47/100|[from] Sandstorm\n|-damage|p2b: Meowstic|94/100|[from] Sandstorm\n|upkeep\n|turn|12\n|\n|t:|1776532921\n|move|p2a: Wyrdeer|Earth Power|p1b: Archaludon\n|-supereffective|p1b: Archaludon|1\n|-damage|p1b: Archaludon|0 fnt\n|faint|p1b: Archaludon\n|\n|win|dune's kitchen\n|raw|Porygirl's rating: 1247 &rarr; <strong>1218</strong><br />(-29 for losing)\n|raw|dune&apos;s kitchen's rating: 1193 &rarr; <strong>1222</strong><br />(+29 for winning)\n|l|\u2606Porygirl\n|player|p1|\n",
  "uploadtime": 1776532963,
  "views": 27,
  "formatid": "gen9championsvgc2026regma",
  "rating": 1218,
  "private": 0,
  "password": null
}