{
  "id": "gen9championsvgc2026regma-2584236790",
  "format": "[Gen 9 Champions] VGC 2026 Reg M-A",
  "players": [
    "unke04",
    "siunhanech"
  ],
  "log": "|j|\u2606unke04\n|j|\u2606siunhanech\n|t:|1776241682\n|gametype|doubles\n|player|p1|unke04|hilbert-wonderlauncher|1164\n|player|p2|siunhanech|cynthia-gen4|1258\n|gen|9\n|tier|[Gen 9 Champions] VGC 2026 Reg M-A\n|rated|\n|rule|Species Clause: Limit one of each Pok\u00e9mon\n|rule|Item Clause: Limit 1 of each item\n|clearpoke\n|poke|p1|Tyranitar, L50, F|\n|poke|p1|Rotom-Wash, L50|\n|poke|p1|Garchomp, L50, M|\n|poke|p1|Aerodactyl, L50, F|\n|poke|p1|Sinistcha, L50|\n|poke|p1|Sneasler, L50, M|\n|poke|p2|Blastoise, L50, F|\n|poke|p2|Sableye, L50, M|\n|poke|p2|Basculegion, L50, M|\n|poke|p2|Sneasler, L50, M|\n|poke|p2|Sinistcha, L50|\n|poke|p2|Rotom-Wash, L50|\n|teampreview|4\n|inactive|Battle timer is ON: inactive players will automatically lose when time's up. (requested by siunhanech)\n|inactive|unke04 has 60 seconds left.\n|\n|t:|1776241721\n|teamsize|p1|4\n|teamsize|p2|4\n|start\n|switch|p1a: Rotom|Rotom-Wash, L50|100/100\n|switch|p1b: Aerodactyl|Aerodactyl, L50, F|100/100\n|switch|p2a: Ch\u1ed3n l\u00f9i|Sneasler, L50, M|100/100\n|switch|p2b: Sinh vi\u00ean|Sableye, L50, M|100/100\n|-ability|p1b: Aerodactyl|Unnerve\n|turn|1\n|\n|t:|1776241741\n|move|p1b: Aerodactyl|Protect|p1b: Aerodactyl\n|-singleturn|p1b: Aerodactyl|Protect\n|move|p2a: Ch\u1ed3n l\u00f9i|Fake Out|p1a: Rotom\n|-damage|p1a: Rotom|86/100\n|move|p2b: Sinh vi\u00ean|Fake Out|p1a: Rotom\n|-damage|p1a: Rotom|80/100\n|cant|p1a: Rotom|flinch\n|\n|upkeep\n|turn|2\n|\n|t:|1776241752\n|move|p2b: Sinh vi\u00ean|Encore|p1b: Aerodactyl\n|-start|p1b: Aerodactyl|Encore\n|move|p1b: Aerodactyl|Protect|p1b: Aerodactyl\n|-singleturn|p1b: Aerodactyl|Protect\n|move|p2a: Ch\u1ed3n l\u00f9i|Close Combat|p1a: Rotom\n|-damage|p1a: Rotom|22/100\n|-unboost|p2a: Ch\u1ed3n l\u00f9i|def|1\n|-unboost|p2a: Ch\u1ed3n l\u00f9i|spd|1\n|-enditem|p1a: Rotom|Sitrus Berry|[eat]\n|-heal|p1a: Rotom|47/100|[from] item: Sitrus Berry\n|-enditem|p2a: Ch\u1ed3n l\u00f9i|White Herb\n|-clearnegativeboost|p2a: Ch\u1ed3n l\u00f9i|[silent]\n|move|p1a: Rotom|Electroweb|p2a: Ch\u1ed3n l\u00f9i|[spread] p2a,p2b\n|-damage|p2a: Ch\u1ed3n l\u00f9i|81/100\n|-damage|p2b: Sinh vi\u00ean|76/100\n|-unboost|p2a: Ch\u1ed3n l\u00f9i|spe|1\n|-unboost|p2b: Sinh vi\u00ean|spe|1\n|\n|upkeep\n|turn|3\n|\n|t:|1776241774\n|switch|p1b: Tyranitar|Tyranitar, L50, F|100/100\n|-weather|Sandstorm|[from] ability: Sand Stream|[of] p1b: Tyranitar\n|move|p2b: Sinh vi\u00ean|Disable|p1b: Tyranitar\n|-hint|Since gen 7, Dark is immune to Prankster moves.\n|-immune|p1b: Tyranitar\n|move|p2a: Ch\u1ed3n l\u00f9i|Close Combat|p1a: Rotom\n|-damage|p1a: Rotom|0 fnt\n|-unboost|p2a: Ch\u1ed3n l\u00f9i|def|1\n|-unboost|p2a: Ch\u1ed3n l\u00f9i|spd|1\n|faint|p1a: Rotom\n|\n|-weather|Sandstorm|[upkeep]\n|-damage|p2a: Ch\u1ed3n l\u00f9i|76/100|[from] Sandstorm\n|-damage|p2b: Sinh vi\u00ean|70/100|[from] Sandstorm\n|upkeep\n|\n|t:|1776241788\n|switch|p1a: Aerodactyl|Aerodactyl, L50, F|100/100\n|-ability|p1a: Aerodactyl|Unnerve\n|turn|4\n|\n|t:|1776241799\n|move|p1b: Tyranitar|Protect|p1b: Tyranitar\n|-singleturn|p1b: Tyranitar|Protect\n|move|p2b: Sinh vi\u00ean|Rain Dance|p2b: Sinh vi\u00ean\n|-weather|RainDance\n|move|p2a: Ch\u1ed3n l\u00f9i|Dire Claw|p1a: Aerodactyl\n|-resisted|p1a: Aerodactyl|1\n|-damage|p1a: Aerodactyl|69/100\n|move|p1a: Aerodactyl|Tailwind|p1a: Aerodactyl\n|-sidestart|p1: unke04|move: Tailwind\n|\n|-weather|RainDance|[upkeep]\n|upkeep\n|turn|5\n|\n|t:|1776241813\n|move|p2b: Sinh vi\u00ean|Encore|p1a: Aerodactyl\n|-start|p1a: Aerodactyl|Encore\n|move|p1a: Aerodactyl|Tailwind||[still]\n|-fail|p1a: Aerodactyl\n|move|p2a: Ch\u1ed3n l\u00f9i|Close Combat|p1b: Tyranitar\n|-supereffective|p1b: Tyranitar|2\n|-enditem|p1b: Tyranitar|Chople Berry|[eat]\n|-enditem|p1b: Tyranitar|Chople Berry|[weaken]\n|-damage|p1b: Tyranitar|14/100\n|-unboost|p2a: Ch\u1ed3n l\u00f9i|def|1\n|-unboost|p2a: Ch\u1ed3n l\u00f9i|spd|1\n|move|p1b: Tyranitar|Knock Off|p2b: Sinh vi\u00ean\n|-damage|p2b: Sinh vi\u00ean|22/100\n|-enditem|p2b: Sinh vi\u00ean|Focus Sash|[from] move: Knock Off|[of] p1b: Tyranitar\n|\n|-weather|RainDance|[upkeep]\n|upkeep\n|turn|6\n|inactive|siunhanech has 30 seconds left.\n|inactive|siunhanech has 20 seconds left.\n|\n|t:|1776241849\n|switch|p1a: Garchomp|Garchomp, L50, M|100/100\n|move|p2b: Sinh vi\u00ean|Disable||[still]\n|-fail|p2b: Sinh vi\u00ean\n|move|p2a: Ch\u1ed3n l\u00f9i|Close Combat|p1b: Tyranitar\n|-supereffective|p1b: Tyranitar|2\n|-damage|p1b: Tyranitar|0 fnt\n|-unboost|p2a: Ch\u1ed3n l\u00f9i|def|1\n|-unboost|p2a: Ch\u1ed3n l\u00f9i|spd|1\n|faint|p1b: Tyranitar\n|\n|-weather|RainDance|[upkeep]\n|upkeep\n|\n|t:|1776241860\n|switch|p1b: Aerodactyl|Aerodactyl, L50, F|69/100\n|-ability|p1b: Aerodactyl|Unnerve\n|turn|7\n|\n|t:|1776241883\n|switch|p2b: Tr\u00e0 t\u1eeb tay|Sinistcha, L50|100/100\n|-heal|p2a: Ch\u1ed3n l\u00f9i|100/100|[from] ability: Hospitality|[of] p2b: Tr\u00e0 t\u1eeb tay\n|detailschange|p1a: Garchomp|Garchomp-Mega, L50, M\n|-mega|p1a: Garchomp|Garchomp|Garchompite\n|move|p1b: Aerodactyl|Rock Slide|p2a: Ch\u1ed3n l\u00f9i|[spread] p2a,p2b\n|-resisted|p2a: Ch\u1ed3n l\u00f9i|1\n|-damage|p2a: Ch\u1ed3n l\u00f9i|49/100\n|-damage|p2b: Tr\u00e0 t\u1eeb tay|80/100\n|move|p1a: Garchomp|Earthquake|p2b: Tr\u00e0 t\u1eeb tay|[spread] p2a,p2b\n|-immune|p1b: Aerodactyl\n|-supereffective|p2a: Ch\u1ed3n l\u00f9i|1\n|-resisted|p2b: Tr\u00e0 t\u1eeb tay|1\n|-damage|p2a: Ch\u1ed3n l\u00f9i|0 fnt\n|-damage|p2b: Tr\u00e0 t\u1eeb tay|56/100\n|faint|p2a: Ch\u1ed3n l\u00f9i\n|\n|-weather|RainDance|[upkeep]\n|-sideend|p1: unke04|move: Tailwind\n|upkeep\n|\n|t:|1776241904\n|switch|p2a: B\u1eafn t\u00f9m lum|Blastoise, L50, F|100/100\n|turn|8\n|\n|t:|1776241921\n|detailschange|p2a: B\u1eafn t\u00f9m lum|Blastoise-Mega, L50, F\n|-mega|p2a: B\u1eafn t\u00f9m lum|Blastoise|Blastoisinite\n|move|p1a: Garchomp|Protect|p1a: Garchomp\n|-singleturn|p1a: Garchomp|Protect\n|move|p1b: Aerodactyl|Dual Wingbeat|p2b: Tr\u00e0 t\u1eeb tay\n|-supereffective|p2b: Tr\u00e0 t\u1eeb tay|1\n|-damage|p2b: Tr\u00e0 t\u1eeb tay|22/100\n|-supereffective|p2b: Tr\u00e0 t\u1eeb tay|1\n|-damage|p2b: Tr\u00e0 t\u1eeb tay|0 fnt\n|faint|p2b: Tr\u00e0 t\u1eeb tay\n|-hitcount|p2: Tr\u00e0 t\u1eeb tay|2\n|move|p2a: B\u1eafn t\u00f9m lum|Ice Beam|p1a: Garchomp\n|-activate|p1a: Garchomp|move: Protect\n|\n|-weather|none\n|upkeep\n|\n|t:|1776241927\n|switch|p2b: Sinh vi\u00ean|Sableye, L50, M|22/100\n|turn|9\n|inactive|unke04 has 30 seconds left.\n|inactive|unke04 has 20 seconds left.\n|inactive|unke04 has 15 seconds left.\n|inactive|unke04 has 10 seconds left.\n|\n|t:|1776241972\n|move|p2b: Sinh vi\u00ean|Encore|p1a: Garchomp\n|-start|p1a: Garchomp|Encore\n|move|p1a: Garchomp|Protect||[still]\n|-fail|p1a: Garchomp\n|move|p1b: Aerodactyl|Rock Slide|p2a: B\u1eafn t\u00f9m lum|[spread] p2a,p2b\n|-damage|p2a: B\u1eafn t\u00f9m lum|78/100\n|-damage|p2b: Sinh vi\u00ean|0 fnt\n|faint|p2b: Sinh vi\u00ean\n|move|p2a: B\u1eafn t\u00f9m lum|Ice Beam|p1b: Aerodactyl\n|-supereffective|p1b: Aerodactyl|1\n|-damage|p1b: Aerodactyl|0 fnt\n|faint|p1b: Aerodactyl\n|\n|upkeep\n|turn|10\n|\n|t:|1776241985\n|move|p1a: Garchomp|Protect|p1a: Garchomp\n|-singleturn|p1a: Garchomp|Protect\n|move|p2a: B\u1eafn t\u00f9m lum|Ice Beam|p1a: Garchomp\n|-activate|p1a: Garchomp|move: Protect\n|\n|upkeep\n|turn|11\n|\n|t:|1776241991\n|move|p1a: Garchomp|Protect||[still]\n|-fail|p1a: Garchomp\n|move|p2a: B\u1eafn t\u00f9m lum|Ice Beam|p1a: Garchomp\n|-supereffective|p1a: Garchomp|2\n|-damage|p1a: Garchomp|0 fnt\n|faint|p1a: Garchomp\n|\n|win|siunhanech\n|raw|unke04's rating: 1164 &rarr; <strong>1146</strong><br />(-18 for losing)\n|raw|siunhanech's rating: 1258 &rarr; <strong>1276</strong><br />(+18 for winning)\n",
  "uploadtime": 1776241998,
  "views": 21,
  "formatid": "gen9championsvgc2026regma",
  "rating": 1146,
  "private": 0,
  "password": null
}