{
  "id": "gen9championsvgc2026regma-2586116974",
  "format": "[Gen 9 Champions] VGC 2026 Reg M-A",
  "players": [
    "apexdesu",
    "yeujajd"
  ],
  "log": "|j|\u2606apexdesu\n|j|\u2606yeujajd\n|t:|1776401010\n|gametype|doubles\n|player|p1|apexdesu|cowgirl|1119\n|player|p2|yeujajd|101|1103\n|gen|9\n|tier|[Gen 9 Champions] VGC 2026 Reg M-A\n|rated|\n|rule|Species Clause: Limit one of each Pok\u00e9mon\n|rule|Item Clause: Limit 1 of each item\n|clearpoke\n|poke|p1|Sinistcha, L50|\n|poke|p1|Crabominable, L50, F|\n|poke|p1|Camerupt, L50, F|\n|poke|p1|Incineroar, L50, M|\n|poke|p1|Farigiraf, L50, M|\n|poke|p1|Torkoal, L50, F|\n|poke|p2|Conkeldurr, L50, M|\n|poke|p2|Mimikyu, L50, M|\n|poke|p2|Garchomp, L50, F|\n|poke|p2|Camerupt, L50, F|\n|poke|p2|Torkoal, L50, M|\n|poke|p2|Venusaur, L50, M|\n|teampreview|4\n|inactive|Battle timer is ON: inactive players will automatically lose when time's up. (requested by yeujajd)\n|inactive|yeujajd has 60 seconds left.\n|\n|t:|1776401055\n|teamsize|p1|4\n|teamsize|p2|4\n|start\n|switch|p1a: Incineroar|Incineroar, L50, M|100/100\n|switch|p1b: Farigiraf|Farigiraf, L50, M|100/100\n|switch|p2a: Conkeldurr|Conkeldurr, L50, M|100/100\n|switch|p2b: Torkoal|Torkoal, L50, M|100/100\n|-ability|p1a: Incineroar|Intimidate|boost\n|-unboost|p2a: Conkeldurr|atk|1\n|-unboost|p2b: Torkoal|atk|1\n|-weather|SunnyDay|[from] ability: Drought|[of] p2b: Torkoal\n|-enditem|p2a: Conkeldurr|White Herb\n|-clearnegativeboost|p2a: Conkeldurr|[silent]\n|turn|1\n|\n|t:|1776401080\n|move|p1a: Incineroar|Fake Out|p2b: Torkoal\n|-damage|p2b: Torkoal|89/100\n|move|p2a: Conkeldurr|Upper Hand||[still]\n|cant|p1b: Farigiraf|ability: Armor Tail|Upper Hand|[of] p2a: Conkeldurr\n|move|p1b: Farigiraf|Psychic|p2a: Conkeldurr\n|-supereffective|p2a: Conkeldurr|1\n|-damage|p2a: Conkeldurr|24/100\n|cant|p2b: Torkoal|flinch\n|\n|-weather|SunnyDay|[upkeep]\n|upkeep\n|turn|2\n|\n|t:|1776401105\n|move|p1b: Farigiraf|Dazzling Gleam|p2b: Torkoal|[spread] p2a,p2b\n|-supereffective|p2a: Conkeldurr|1\n|-crit|p2a: Conkeldurr\n|-resisted|p2b: Torkoal|1\n|-damage|p2a: Conkeldurr|0 fnt\n|-damage|p2b: Torkoal|79/100\n|faint|p2a: Conkeldurr\n|move|p1a: Incineroar|Parting Shot|p2b: Torkoal\n|-unboost|p2b: Torkoal|atk|1\n|-unboost|p2b: Torkoal|spa|1\n|\n|t:|1776401115\n|switch|p1a: Camerupt|Camerupt, L50, F|100/100|[from] Parting Shot\n|move|p2b: Torkoal|Lava Plume|p1b: Farigiraf|[spread] p1a,p1b\n|-resisted|p1a: Camerupt|1\n|-damage|p1a: Camerupt|81/100\n|-damage|p1b: Farigiraf|66/100\n|\n|-weather|SunnyDay|[upkeep]\n|upkeep\n|\n|t:|1776401122\n|switch|p2a: Venusaur|Venusaur, L50, M|100/100\n|turn|3\n|\n|t:|1776401142\n|move|p2a: Venusaur|Solar Beam||[still]\n|-prepare|p2a: Venusaur|Solar Beam\n|-anim|p2a: Venusaur|Solar Beam|p1a: Camerupt\n|-damage|p1a: Camerupt|15/100\n|move|p1a: Camerupt|Earth Power|p2b: Torkoal\n|-supereffective|p2b: Torkoal|1\n|-damage|p2b: Torkoal|0 fnt\n|faint|p2b: Torkoal\n|move|p1b: Farigiraf|Trick Room|p1b: Farigiraf\n|-fieldstart|move: Trick Room|[of] p1b: Farigiraf\n|\n|-weather|SunnyDay|[upkeep]\n|upkeep\n|\n|t:|1776401151\n|switch|p2b: Camerupt|Camerupt, L50, F|100/100\n|turn|4\n|\n|t:|1776401169\n|switch|p1b: Incineroar|Incineroar, L50, M|100/100\n|-ability|p1b: Incineroar|Intimidate|boost\n|-unboost|p2a: Venusaur|atk|1\n|-unboost|p2b: Camerupt|atk|1\n|detailschange|p1a: Camerupt|Camerupt-Mega, L50, F\n|-mega|p1a: Camerupt|Camerupt|Cameruptite\n|detailschange|p2b: Camerupt|Camerupt-Mega, L50, F\n|-mega|p2b: Camerupt|Camerupt|Cameruptite\n|move|p2a: Venusaur|Protect|p2a: Venusaur\n|-singleturn|p2a: Venusaur|Protect\n|move|p1a: Camerupt|Earth Power|p2b: Camerupt\n|-supereffective|p2b: Camerupt|1\n|-damage|p2b: Camerupt|0 fnt\n|faint|p2b: Camerupt\n|\n|-weather|SunnyDay|[upkeep]\n|upkeep\n|turn|5\n|-message|yeujajd forfeited.\n|\n|win|apexdesu\n|raw|apexdesu's rating: 1119 &rarr; <strong>1143</strong><br />(+24 for winning)\n|raw|yeujajd's rating: 1103 &rarr; <strong>1079</strong><br />(-24 for losing)\n|l|\u2606yeujajd\n|player|p2|\n",
  "uploadtime": 1776401190,
  "views": 14,
  "formatid": "gen9championsvgc2026regma",
  "rating": 1079,
  "private": 0,
  "password": null
}