{
  "id": "gen9championsvgc2026regma-2582059190",
  "format": "[Gen 9 Champions] VGC 2026 Reg M-A",
  "players": [
    "BoshyBoshy",
    "natewing"
  ],
  "log": "|j|\u2606BoshyBoshy\n|j|\u2606natewing\n|t:|1776052960\n|gametype|doubles\n|player|p1|BoshyBoshy|170|1051\n|player|p2|natewing|170|1050\n|gen|9\n|tier|[Gen 9 Champions] VGC 2026 Reg M-A\n|rated|\n|rule|Species Clause: Limit one of each Pok\u00e9mon\n|rule|Item Clause: Limit 1 of each item\n|clearpoke\n|poke|p1|Oranguru, L50, M|\n|poke|p1|Torkoal, L50, M|\n|poke|p1|Camerupt, L50, F|\n|poke|p1|Sinistcha, L50|\n|poke|p1|Froslass, L50, F|\n|poke|p1|Rotom-Wash, L50|\n|poke|p2|Aerodactyl, L50, M|\n|poke|p2|Kingambit, L50, M|\n|poke|p2|Incineroar, L50, M|\n|poke|p2|Tyranitar, L50, M|\n|poke|p2|Sneasler, L50, F|\n|poke|p2|Sinistcha, L50|\n|teampreview|4\n|inactive|Battle timer is ON: inactive players will automatically lose when time's up. (requested by BoshyBoshy)\n|\n|t:|1776052998\n|teamsize|p1|4\n|teamsize|p2|4\n|start\n|switch|p1a: Oranguru|Oranguru, L50, M|100/100\n|switch|p1b: Rotom|Rotom-Wash, L50|100/100\n|switch|p2a: Incineroar|Incineroar, L50, M|100/100\n|switch|p2b: Kingambit|Kingambit, L50, M|100/100\n|-ability|p2a: Incineroar|Intimidate|boost\n|-fail|p1a: Oranguru|unboost|Attack|[from] ability: Inner Focus|[of] p1a: Oranguru\n|-unboost|p1b: Rotom|atk|1\n|turn|1\n|\n|t:|1776053017\n|move|p2a: Incineroar|Fake Out|p1b: Rotom\n|-damage|p1b: Rotom|83/100\n|cant|p1b: Rotom|flinch\n|move|p2b: Kingambit|Kowtow Cleave|p1a: Oranguru\n|-supereffective|p1a: Oranguru|1\n|-damage|p1a: Oranguru|21/100\n|move|p1a: Oranguru|Trick Room|p1a: Oranguru\n|-fieldstart|move: Trick Room|[of] p1a: Oranguru\n|\n|upkeep\n|turn|2\n|inactive|natewing has 30 seconds left.\n|inactive|natewing has 20 seconds left.\n|inactive|natewing has 15 seconds left.\n|\n|t:|1776053059\n|move|p1a: Oranguru|Protect|p1a: Oranguru\n|-singleturn|p1a: Oranguru|Protect\n|move|p2b: Kingambit|Sucker Punch||[still]\n|-fail|p2b: Kingambit\n|move|p2a: Incineroar|Parting Shot|p1b: Rotom\n|-unboost|p1b: Rotom|atk|1\n|-unboost|p1b: Rotom|spa|1\n|\n|t:|1776053079\n|switch|p2a: Tyranitar|Tyranitar, L50, M|100/100|[from] Parting Shot\n|-weather|Sandstorm|[from] ability: Sand Stream|[of] p2a: Tyranitar\n|move|p1b: Rotom|Volt Switch|p2a: Tyranitar\n|-damage|p2a: Tyranitar|87/100\n|\n|t:|1776053086\n|switch|p1b: Torkoal|Torkoal, L50, M|100/100|[from] Volt Switch\n|-weather|SunnyDay|[from] ability: Drought|[of] p1b: Torkoal\n|\n|-weather|SunnyDay|[upkeep]\n|upkeep\n|turn|3\n|inactive|natewing has 30 seconds left.\n|\n|t:|1776053114\n|move|p2b: Kingambit|Sucker Punch|p1b: Torkoal\n|-damage|p1b: Torkoal|69/100\n|move|p1b: Torkoal|Eruption|p2b: Kingambit|[spread] p2a,p2b\n|-resisted|p2a: Tyranitar|1\n|-crit|p2a: Tyranitar\n|-supereffective|p2b: Kingambit|1\n|-damage|p2a: Tyranitar|52/100\n|-damage|p2b: Kingambit|0 fnt\n|faint|p2b: Kingambit\n|move|p1a: Oranguru|Instruct|p1b: Torkoal\n|-singleturn|p1b: Torkoal|move: Instruct|[of] p1a: Oranguru\n|move|p1b: Torkoal|Eruption|p2a: Tyranitar\n|-resisted|p2a: Tyranitar|1\n|-damage|p2a: Tyranitar|17/100\n|move|p2a: Tyranitar|Knock Off|p1b: Torkoal\n|-damage|p1b: Torkoal|32/100\n|-enditem|p1b: Torkoal|Charcoal|[from] move: Knock Off|[of] p2a: Tyranitar\n|\n|-weather|SunnyDay|[upkeep]\n|upkeep\n|\n|t:|1776053134\n|switch|p2b: Incineroar|Incineroar, L50, M|100/100\n|-ability|p2b: Incineroar|Intimidate|boost\n|-fail|p1a: Oranguru|unboost|Attack|[from] ability: Inner Focus|[of] p1a: Oranguru\n|-unboost|p1b: Torkoal|atk|1\n|turn|4\n|\n|t:|1776053148\n|switch|p2a: Aerodactyl|Aerodactyl, L50, M|100/100\n|move|p2b: Incineroar|Fake Out|p1a: Oranguru\n|-damage|p1a: Oranguru|10/100\n|move|p1b: Torkoal|Weather Ball|p2a: Aerodactyl\n|-resisted|p2a: Aerodactyl|1\n|-damage|p2a: Aerodactyl|51/100\n|move|p1a: Oranguru|Instruct|p1b: Torkoal\n|-singleturn|p1b: Torkoal|move: Instruct|[of] p1a: Oranguru\n|move|p1b: Torkoal|Weather Ball|p2a: Aerodactyl\n|-resisted|p2a: Aerodactyl|1\n|-damage|p2a: Aerodactyl|7/100\n|\n|-weather|SunnyDay|[upkeep]\n|upkeep\n|turn|5\n|inactive|natewing has 30 seconds left.\n|\n|t:|1776053174\n|detailschange|p2a: Aerodactyl|Aerodactyl-Mega, L50, M\n|-mega|p2a: Aerodactyl|Aerodactyl|Aerodactylite\n|move|p2a: Aerodactyl|Protect|p2a: Aerodactyl\n|-singleturn|p2a: Aerodactyl|Protect\n|move|p1b: Torkoal|Heat Wave|p2b: Incineroar|[spread] p2b\n|-activate|p2a: Aerodactyl|move: Protect\n|-resisted|p2b: Incineroar|1\n|-damage|p2b: Incineroar|80/100\n|move|p1a: Oranguru|Instruct|p1b: Torkoal\n|-singleturn|p1b: Torkoal|move: Instruct|[of] p1a: Oranguru\n|move|p1b: Torkoal|Heat Wave|p2a: Aerodactyl|[spread] p2b\n|-activate|p2a: Aerodactyl|move: Protect\n|-resisted|p2b: Incineroar|1\n|-damage|p2b: Incineroar|58/100\n|move|p2b: Incineroar|Darkest Lariat|p1b: Torkoal\n|-damage|p1b: Torkoal|0 fnt\n|faint|p1b: Torkoal\n|\n|-weather|SunnyDay|[upkeep]\n|-fieldend|move: Trick Room\n|upkeep\n|\n|t:|1776053194\n|switch|p1b: Rotom|Rotom-Wash, L50|83/100\n|turn|6\n|\n|t:|1776053205\n|switch|p2b: Tyranitar|Tyranitar, L50, M|17/100\n|-weather|Sandstorm|[from] ability: Sand Stream|[of] p2b: Tyranitar\n|move|p2a: Aerodactyl|Rock Slide|p1b: Rotom|[spread] p1a,p1b\n|-damage|p1a: Oranguru|0 fnt\n|-damage|p1b: Rotom|44/100\n|faint|p1a: Oranguru\n|move|p1b: Rotom|Volt Switch|p2a: Aerodactyl\n|-supereffective|p2a: Aerodactyl|1\n|-damage|p2a: Aerodactyl|0 fnt\n|faint|p2a: Aerodactyl\n|\n|t:|1776053211\n|switch|p1b: Camerupt|Camerupt, L50, F|100/100|[from] Volt Switch\n|\n|-weather|Sandstorm|[upkeep]\n|upkeep\n|\n|t:|1776053222\n|switch|p2a: Incineroar|Incineroar, L50, M|58/100\n|switch|p1a: Rotom|Rotom-Wash, L50|44/100\n|-ability|p2a: Incineroar|Intimidate|boost\n|-unboost|p1a: Rotom|atk|1\n|-unboost|p1b: Camerupt|atk|1\n|turn|7\n|inactive|natewing has 30 seconds left.\n|\n|t:|1776053249\n|detailschange|p1b: Camerupt|Camerupt-Mega, L50, F\n|-mega|p1b: Camerupt|Camerupt|Cameruptite\n|move|p2a: Incineroar|Fake Out|p1a: Rotom\n|-damage|p1a: Rotom|26/100\n|cant|p1a: Rotom|flinch\n|move|p2b: Tyranitar|Knock Off|p1b: Camerupt\n|-damage|p1b: Camerupt|71/100\n|move|p1b: Camerupt|Earth Power|p2a: Incineroar\n|-supereffective|p2a: Incineroar|1\n|-damage|p2a: Incineroar|0 fnt\n|faint|p2a: Incineroar\n|\n|-weather|Sandstorm|[upkeep]\n|-damage|p1a: Rotom|20/100|[from] Sandstorm\n|upkeep\n|turn|8\n|\n|t:|1776053261\n|move|p1a: Rotom|Hydro Pump|p2b: Tyranitar\n|-supereffective|p2b: Tyranitar|1\n|-damage|p2b: Tyranitar|0 fnt\n|faint|p2b: Tyranitar\n|\n|win|BoshyBoshy\n|raw|BoshyBoshy's rating: 1051 &rarr; <strong>1083</strong><br />(+32 for winning)\n|raw|natewing's rating: 1050 &rarr; <strong>1033</strong><br />(-17 for losing)\n|l|\u2606BoshyBoshy\n|player|p1|\n",
  "uploadtime": 1776053266,
  "views": 12,
  "formatid": "gen9championsvgc2026regma",
  "rating": 1033,
  "private": 0,
  "password": null
}