{
  "id": "gen9championsvgc2026regma-2580311207",
  "format": "[Gen 9 Champions] VGC 2026 Reg M-A",
  "players": [
    "AndreHero007",
    "pawfreak"
  ],
  "log": "|j|\u2606AndreHero007\n|j|\u2606pawfreak\n|t:|1775878987\n|gametype|doubles\n|player|p1|AndreHero007|scientist|1000\n|player|p2|pawfreak|n|1044\n|gen|9\n|tier|[Gen 9 Champions] VGC 2026 Reg M-A\n|rated|\n|rule|Species Clause: Limit one of each Pok\u00e9mon\n|rule|Item Clause: Limit 1 of each item\n|clearpoke\n|poke|p1|Clefable, L50, F|\n|poke|p1|Ampharos, L50, F|\n|poke|p1|Ditto, L50|\n|poke|p1|Beedrill, L50, M|\n|poke|p1|Venusaur, L50, F|\n|poke|p1|Greninja-*, L50, M|\n|poke|p2|Charizard, L50, M|\n|poke|p2|Venusaur, L50, F|\n|poke|p2|Whimsicott, L50, M|\n|poke|p2|Sneasler, L50, F|\n|poke|p2|Garchomp, L50, M|\n|poke|p2|Typhlosion-Hisui, L50, M|\n|teampreview|4\n|inactive|Battle timer is ON: inactive players will automatically lose when time's up. (requested by AndreHero007)\n|\n|t:|1775879021\n|teamsize|p1|4\n|teamsize|p2|4\n|start\n|switch|p1a: Greninja|Greninja, L50, M|100/100\n|switch|p1b: Clefable|Clefable, L50, F|100/100\n|switch|p2a: Whimsicott|Whimsicott, L50, M, shiny|100/100\n|switch|p2b: Sneasler|Sneasler, L50, F|100/100\n|turn|1\n|inactive|AndreHero007 has 30 seconds left.\n|\n|t:|1775879048\n|move|p2b: Sneasler|Fake Out|p1a: Greninja\n|-damage|p1a: Greninja|79/100\n|move|p2a: Whimsicott|Tailwind|p2a: Whimsicott\n|-sidestart|p2: pawfreak|move: Tailwind\n|cant|p1a: Greninja|flinch\n|move|p1b: Clefable|Trick|p2b: Sneasler\n|-activate|p1b: Clefable|move: Trick|[of] p2b: Sneasler\n|-item|p2b: Sneasler|Choice Scarf|[from] move: Trick\n|-item|p1b: Clefable|White Herb|[from] move: Trick\n|\n|upkeep\n|turn|2\n|inactive|pawfreak has 30 seconds left.\n|\n|t:|1775879083\n|move|p2a: Whimsicott|Encore|p1b: Clefable\n|-start|p1b: Clefable|Encore\n|move|p2b: Sneasler|Close Combat|p1a: Greninja\n|-supereffective|p1a: Greninja|1\n|-damage|p1a: Greninja|0 fnt\n|-unboost|p2b: Sneasler|def|1\n|-unboost|p2b: Sneasler|spd|1\n|faint|p1a: Greninja\n|move|p1b: Clefable|Trick|p2b: Sneasler\n|-activate|p1b: Clefable|move: Trick|[of] p2b: Sneasler\n|-enditem|p2b: Sneasler|White Herb\n|-clearnegativeboost|p2b: Sneasler|[silent]\n|-item|p2b: Sneasler|White Herb|[from] move: Trick\n|-item|p1b: Clefable|Choice Scarf|[from] move: Trick\n|\n|upkeep\n|\n|t:|1775879100\n|switch|p1a: Beedrill|Beedrill, L50, M|100/100\n|turn|3\n|inactive|pawfreak has 30 seconds left.\n|\n|t:|1775879134\n|detailschange|p1a: Beedrill|Beedrill-Mega, L50, M\n|-mega|p1a: Beedrill|Beedrill|Beedrillite\n|move|p2a: Whimsicott|Sunny Day|p2a: Whimsicott\n|-weather|SunnyDay\n|move|p2b: Sneasler|Rock Tomb|p1a: Beedrill\n|-supereffective|p1a: Beedrill|1\n|-damage|p1a: Beedrill|4/100\n|-unboost|p1a: Beedrill|spe|1\n|move|p1b: Clefable|Trick|p2a: Whimsicott\n|-activate|p1b: Clefable|move: Trick|[of] p2a: Whimsicott\n|-item|p2a: Whimsicott|Choice Scarf|[from] move: Trick\n|-item|p1b: Clefable|Mental Herb|[from] move: Trick\n|-enditem|p1b: Clefable|Mental Herb\n|-end|p1b: Clefable|Encore\n|move|p1a: Beedrill|Poison Jab|p2a: Whimsicott\n|-supereffective|p2a: Whimsicott|2\n|-damage|p2a: Whimsicott|0 fnt\n|faint|p2a: Whimsicott\n|\n|-weather|SunnyDay|[upkeep]\n|upkeep\n|\n|t:|1775879150\n|switch|p2a: Typhlosion|Typhlosion-Hisui, L50, M|100/100\n|turn|4\n|\n|t:|1775879166\n|move|p2b: Sneasler|Dire Claw|p1b: Clefable\n|-supereffective|p1b: Clefable|1\n|-damage|p1b: Clefable|31/100\n|move|p2a: Typhlosion|Eruption|p1a: Beedrill|[spread] p1a,p1b\n|-supereffective|p1a: Beedrill|1\n|-crit|p1b: Clefable\n|-damage|p1a: Beedrill|0 fnt\n|-damage|p1b: Clefable|0 fnt\n|faint|p1a: Beedrill\n|faint|p1b: Clefable\n|\n|-weather|SunnyDay|[upkeep]\n|-sideend|p2: pawfreak|move: Tailwind\n|upkeep\n|\n|t:|1775879177\n|switch|p1a: Ampharos|Ampharos, L50, F|100/100\n|turn|5\n|-message|AndreHero007 forfeited.\n|\n|win|pawfreak\n|raw|AndreHero007's rating: 1000 &rarr; <strong>1000</strong><br />(+0 for losing)\n|raw|pawfreak's rating: 1044 &rarr; <strong>1073</strong><br />(+29 for winning)\n|l|\u2606AndreHero007\n|player|p1|\n",
  "uploadtime": 1775879195,
  "views": 17,
  "formatid": "gen9championsvgc2026regma",
  "rating": 1000,
  "private": 0,
  "password": null
}