{
  "id": "gen9championsvgc2026regma-2580326996",
  "format": "[Gen 9 Champions] VGC 2026 Reg M-A",
  "players": [
    "flyhighjabbamin",
    "is_katabo"
  ],
  "log": "|j|\u2606flyhighjabbamin\n|j|\u2606is_katabo\n|t:|1775880867\n|gametype|doubles\n|player|p1|flyhighjabbamin|cynthia-gen4|1041\n|player|p2|is_katabo|caitlin|1000\n|gen|9\n|tier|[Gen 9 Champions] VGC 2026 Reg M-A\n|rated|\n|rule|Species Clause: Limit one of each Pok\u00e9mon\n|rule|Item Clause: Limit 1 of each item\n|clearpoke\n|poke|p1|Froslass, L50, F|\n|poke|p1|Rotom-Frost, L50|\n|poke|p1|Incineroar, L50, M|\n|poke|p1|Kingambit, L50, M|\n|poke|p1|Garchomp, L50, F|\n|poke|p1|Primarina, L50, F|\n|poke|p2|Floette-Eternal, L50, F|\n|poke|p2|Incineroar, L50, M|\n|poke|p2|Sinistcha, L50|\n|poke|p2|Garchomp, L50, M|\n|poke|p2|Milotic, L50, M|\n|poke|p2|Corviknight, L50, F|\n|teampreview|4\n|\n|t:|1775880926\n|teamsize|p1|4\n|teamsize|p2|4\n|start\n|switch|p1a: Primarina|Primarina, L50, F|100/100\n|switch|p1b: Kingambit|Kingambit, L50, M|100/100\n|switch|p2a: Floette|Floette-Eternal, L50, F|100/100\n|switch|p2b: Milotic|Milotic, L50, M|100/100\n|turn|1\n|\n|t:|1775880958\n|detailschange|p2a: Floette|Floette-Mega, L50, F\n|-mega|p2a: Floette|Floette|Floettite\n|-ability|p2a: Floette|Fairy Aura\n|move|p2a: Floette|Moonblast|p1a: Primarina\n|-damage|p1a: Primarina|45/100\n|move|p2b: Milotic|Scald|p1b: Kingambit\n|-damage|p1b: Kingambit|66/100\n|move|p1a: Primarina|Hyper Voice|p2a: Floette|[spread] p2a,p2b\n|-resisted|p2b: Milotic|1\n|-damage|p2a: Floette|73/100\n|-damage|p2b: Milotic|86/100\n|move|p1b: Kingambit|Iron Head|p2a: Floette\n|-supereffective|p2a: Floette|1\n|-damage|p2a: Floette|0 fnt\n|faint|p2a: Floette\n|\n|-heal|p2b: Milotic|92/100|[from] item: Leftovers\n|upkeep\n|\n|t:|1775880979\n|switch|p2a: Garchomp|Garchomp, L50, M|100/100\n|turn|2\n|\n|t:|1775881007\n|move|p1b: Kingambit|Sucker Punch|p2a: Garchomp\n|-damage|p2a: Garchomp|63/100\n|-damage|p1b: Kingambit|54/100|[from] ability: Rough Skin|[of] p2a: Garchomp\n|move|p2a: Garchomp|Stomping Tantrum|p1a: Primarina\n|-damage|p1a: Primarina|0 fnt\n|faint|p1a: Primarina\n|move|p2b: Milotic|Scald|p1b: Kingambit\n|-damage|p1b: Kingambit|19/100\n|\n|-heal|p2b: Milotic|98/100|[from] item: Leftovers\n|upkeep\n|\n|t:|1775881019\n|switch|p1a: Froslass|Froslass, L50, F|100/100\n|turn|3\n|\n|t:|1775881031\n|detailschange|p1a: Froslass|Froslass-Mega, L50, F\n|-mega|p1a: Froslass|Froslass|Froslassite\n|-weather|Snowscape|[from] ability: Snow Warning|[of] p1a: Froslass\n|move|p1b: Kingambit|Sucker Punch|p2b: Milotic\n|-damage|p2b: Milotic|61/100\n|move|p2a: Garchomp|Stomping Tantrum|p1a: Froslass\n|-damage|p1a: Froslass|55/100\n|move|p1a: Froslass|Blizzard|p2a: Garchomp|[spread] p2a,p2b\n|-supereffective|p2a: Garchomp|2\n|-resisted|p2b: Milotic|1\n|-damage|p2a: Garchomp|0 fnt\n|-damage|p2b: Milotic|45/100\n|faint|p2a: Garchomp\n|move|p2b: Milotic|Scald|p1b: Kingambit\n|-damage|p1b: Kingambit|0 fnt\n|faint|p1b: Kingambit\n|\n|-weather|Snowscape|[upkeep]\n|-heal|p2b: Milotic|51/100|[from] item: Leftovers\n|upkeep\n|\n|t:|1775881048\n|switch|p2a: Incineroar|Incineroar, L50, M|100/100\n|switch|p1b: Garchomp|Garchomp, L50, F|100/100\n|-ability|p2a: Incineroar|Intimidate|boost\n|-unboost|p1a: Froslass|atk|1\n|-unboost|p1b: Garchomp|atk|1\n|-enditem|p1b: Garchomp|White Herb\n|-clearnegativeboost|p1b: Garchomp|[silent]\n|turn|4\n|\n|t:|1775881082\n|move|p1a: Froslass|Protect|p1a: Froslass\n|-singleturn|p1a: Froslass|Protect\n|move|p2a: Incineroar|Fake Out|p1b: Garchomp\n|-damage|p1b: Garchomp|89/100\n|-damage|p2a: Incineroar|88/100|[from] ability: Rough Skin|[of] p1b: Garchomp\n|cant|p1b: Garchomp|flinch\n|move|p2b: Milotic|Substitute|p2b: Milotic\n|-start|p2b: Milotic|Substitute\n|-damage|p2b: Milotic|26/100\n|\n|-weather|Snowscape|[upkeep]\n|-heal|p2b: Milotic|33/100|[from] item: Leftovers\n|upkeep\n|turn|5\n|\n|t:|1775881102\n|move|p1a: Froslass|Icy Wind|p2b: Milotic|[spread] p2a,p2b\n|-resisted|p2b: Milotic|1\n|-activate|p2b: Milotic|move: Substitute|[damage]\n|-resisted|p2a: Incineroar|1\n|-damage|p2a: Incineroar|78/100\n|-unboost|p2a: Incineroar|spe|1\n|move|p1b: Garchomp|Rock Slide|p2b: Milotic|[spread] p2a,p2b\n|-end|p2b: Milotic|Substitute\n|-supereffective|p2a: Incineroar|1\n|-damage|p2a: Incineroar|43/100\n|move|p2b: Milotic|Ice Beam|p1b: Garchomp\n|-supereffective|p1b: Garchomp|2\n|-damage|p1b: Garchomp|0 fnt\n|faint|p1b: Garchomp\n|move|p2a: Incineroar|Throat Chop|p1a: Froslass\n|-supereffective|p1a: Froslass|1\n|-damage|p1a: Froslass|0 fnt\n|faint|p1a: Froslass\n|\n|win|is_katabo\n|raw|flyhighjabbamin's rating: 1041 &rarr; <strong>1023</strong><br />(-18 for losing)\n|raw|is_katabo's rating: 1000 &rarr; <strong>1045</strong><br />(+45 for winning)\n|l|\u2606flyhighjabbamin\n|player|p1|\n",
  "uploadtime": 1775881103,
  "views": 11,
  "formatid": "gen9championsvgc2026regma",
  "rating": 1023,
  "private": 0,
  "password": null
}