{
  "id": "gen9championsvgc2026regma-2581474941",
  "format": "[Gen 9 Champions] VGC 2026 Reg M-A",
  "players": [
    "totorotrainer10",
    "TerraFunny"
  ],
  "log": "|j|\u2606totorotrainer10\n|j|\u2606TerraFunny\n|t:|1776003923\n|gametype|doubles\n|player|p1|totorotrainer10|2|1331\n|player|p2|TerraFunny|266|1359\n|gen|9\n|tier|[Gen 9 Champions] VGC 2026 Reg M-A\n|rated|\n|rule|Species Clause: Limit one of each Pok\u00e9mon\n|rule|Item Clause: Limit 1 of each item\n|clearpoke\n|poke|p1|Tyranitar, L50, F|\n|poke|p1|Excadrill, L50, F|\n|poke|p1|Delphox, L50, F|\n|poke|p1|Milotic, L50, F|\n|poke|p1|Sinistcha, L50|\n|poke|p1|Sylveon, L50, F|\n|poke|p2|Glimmora, L50, F|\n|poke|p2|Froslass, L50, F|\n|poke|p2|Garchomp, L50, M|\n|poke|p2|Talonflame, L50, M|\n|poke|p2|Sneasler, L50, M|\n|poke|p2|Kingambit, L50, M|\n|teampreview|4\n|j| RadioSilent\n|inactive|Battle timer is ON: inactive players will automatically lose when time's up. (requested by TerraFunny)\n|inactive|TerraFunny has 60 seconds left.\n|inactive|totorotrainer10 has 60 seconds left.\n|inactive|TerraFunny has 30 seconds left.\n|inactive|TerraFunny has 20 seconds left.\n|\n|t:|1776004000\n|teamsize|p1|4\n|teamsize|p2|4\n|start\n|switch|p1a: Excadrill|Excadrill, L50, F|100/100\n|switch|p1b: Tyranitar|Tyranitar, L50, F|100/100\n|switch|p2a: Garchomp|Garchomp, L50, M|100/100\n|switch|p2b: Glimmora|Glimmora, L50, F|100/100\n|-ability|p1a: Excadrill|Mold Breaker\n|-weather|Sandstorm|[from] ability: Sand Stream|[of] p1b: Tyranitar\n|turn|1\n|inactive|TerraFunny has 30 seconds left.\n|\n|t:|1776004029\n|move|p2b: Glimmora|Spiky Shield|p2b: Glimmora\n|-singleturn|p2b: Glimmora|move: Protect\n|move|p1b: Tyranitar|Protect|p1b: Tyranitar\n|-singleturn|p1b: Tyranitar|Protect\n|move|p1a: Excadrill|High Horsepower|p2b: Glimmora\n|-activate|p2b: Glimmora|move: Protect\n|-damage|p1a: Excadrill|88/100|[from] Spiky Shield|[of] p2b: Glimmora\n|move|p2a: Garchomp|Earthquake|p1a: Excadrill|[spread] p1a\n|-activate|p2b: Glimmora|move: Protect\n|-activate|p1b: Tyranitar|move: Protect\n|-supereffective|p1a: Excadrill|1\n|-damage|p1a: Excadrill|0 fnt\n|faint|p1a: Excadrill\n|\n|-weather|Sandstorm|[upkeep]\n|upkeep\n|\n|t:|1776004038\n|switch|p1a: Delphox|Delphox, L50, F|100/100\n|turn|2\n|inactive|TerraFunny has 30 seconds left.\n|inactive|TerraFunny has 20 seconds left.\n|\n|t:|1776004077\n|switch|p2b: Kingambit|Kingambit, L50, M|100/100\n|detailschange|p1a: Delphox|Delphox-Mega, L50, F\n|-mega|p1a: Delphox|Delphox|Delphoxite\n|move|p1a: Delphox|Psychic|p2b: Kingambit\n|-immune|p2b: Kingambit\n|move|p2a: Garchomp|Rock Slide|p1a: Delphox|[spread] p1a,p1b\n|-supereffective|p1a: Delphox|1\n|-damage|p1a: Delphox|45/100\n|-damage|p1b: Tyranitar|85/100\n|move|p1b: Tyranitar|Crunch|p2a: Garchomp\n|-damage|p2a: Garchomp|55/100\n|-damage|p1b: Tyranitar|73/100|[from] ability: Rough Skin|[of] p2a: Garchomp\n|\n|-weather|Sandstorm|[upkeep]\n|-damage|p1a: Delphox|39/100|[from] Sandstorm\n|upkeep\n|turn|3\n|j| Junglebolt\n|l| Junglebolt\n|j| Junglebolt\n|l| RadioSilent\n|l| Junglebolt\n|\n|t:|1776004096\n|move|p1a: Delphox|Protect|p1a: Delphox\n|-singleturn|p1a: Delphox|Protect\n|move|p2b: Kingambit|Protect|p2b: Kingambit\n|-singleturn|p2b: Kingambit|Protect\n|move|p2a: Garchomp|Earthquake|p1a: Delphox|[spread] p1b\n|-activate|p2b: Kingambit|move: Protect\n|-activate|p1a: Delphox|move: Protect\n|-supereffective|p1b: Tyranitar|1\n|-damage|p1b: Tyranitar|0 fnt\n|faint|p1b: Tyranitar\n|\n|-weather|Sandstorm|[upkeep]\n|-damage|p1a: Delphox|33/100|[from] Sandstorm\n|upkeep\n|\n|t:|1776004101\n|switch|p1b: Sinistcha|Sinistcha, L50|100/100\n|-heal|p1a: Delphox|58/100|[from] ability: Hospitality|[of] p1b: Sinistcha\n|turn|4\n|\n|t:|1776004125\n|move|p2a: Garchomp|Protect|p2a: Garchomp\n|-singleturn|p2a: Garchomp|Protect\n|move|p1b: Sinistcha|Rage Powder|p1b: Sinistcha\n|-singleturn|p1b: Sinistcha|move: Rage Powder\n|move|p1a: Delphox|Heat Wave|p2b: Kingambit|[spread] p2b\n|-activate|p2a: Garchomp|move: Protect\n|-supereffective|p2b: Kingambit|1\n|-damage|p2b: Kingambit|0 fnt\n|faint|p2b: Kingambit\n|\n|-weather|Sandstorm|[upkeep]\n|-damage|p1a: Delphox|52/100|[from] Sandstorm\n|-damage|p1b: Sinistcha|94/100|[from] Sandstorm\n|upkeep\n|inactive|TerraFunny has 30 seconds left.\n|\n|t:|1776004155\n|switch|p2b: Glimmora|Glimmora, L50, F|100/100\n|turn|5\n|\n|t:|1776004167\n|detailschange|p2b: Glimmora|Glimmora-Mega, L50, F\n|-mega|p2b: Glimmora|Glimmora|Glimmoranite\n|move|p1a: Delphox|Psychic|p2b: Glimmora\n|-supereffective|p2b: Glimmora|1\n|-damage|p2b: Glimmora|10/100\n|move|p2a: Garchomp|Rock Slide|p1a: Delphox|[spread] p1a,p1b\n|-supereffective|p1a: Delphox|1\n|-damage|p1a: Delphox|0 fnt\n|-damage|p1b: Sinistcha|79/100\n|faint|p1a: Delphox\n|move|p2b: Glimmora|Sludge Wave|p1b: Sinistcha|[spread] p2a,p1b\n|-resisted|p2a: Garchomp|1\n|-damage|p2a: Garchomp|25/100\n|-damage|p1b: Sinistcha|22/100\n|-enditem|p1b: Sinistcha|Sitrus Berry|[eat]\n|-heal|p1b: Sinistcha|47/100|[from] item: Sitrus Berry\n|cant|p1b: Sinistcha|flinch\n|\n|-weather|none\n|upkeep\n|turn|6\n|\n|t:|1776004185\n|move|p2a: Garchomp|Rock Slide|p1b: Sinistcha\n|-damage|p1b: Sinistcha|29/100\n|move|p2b: Glimmora|Sludge Wave|p1b: Sinistcha|[spread] p2a,p1b\n|-resisted|p2a: Garchomp|1\n|-damage|p2a: Garchomp|0 fnt\n|-damage|p1b: Sinistcha|0 fnt\n|faint|p2a: Garchomp\n|faint|p1b: Sinistcha\n|\n|win|TerraFunny\n|raw|totorotrainer10's rating: 1331 &rarr; <strong>1313</strong><br />(-18 for losing)\n|raw|TerraFunny's rating: 1359 &rarr; <strong>1377</strong><br />(+18 for winning)\n|c|\u2606totorotrainer10|Gg\n",
  "uploadtime": 1776004217,
  "views": 25,
  "formatid": "gen9championsvgc2026regma",
  "rating": 1313,
  "private": 0,
  "password": null
}