{
  "id": "gen9championsvgc2026regma-2583186638",
  "format": "[Gen 9 Champions] VGC 2026 Reg M-A",
  "players": [
    "Tamejo",
    "AnotherDreamer"
  ],
  "log": "|j|\u2606Tamejo\n|j|\u2606AnotherDreamer\n|t:|1776152443\n|gametype|doubles\n|player|p1|Tamejo|caitlin|1364\n|player|p2|AnotherDreamer|102|1378\n|gen|9\n|tier|[Gen 9 Champions] VGC 2026 Reg M-A\n|rated|\n|rule|Species Clause: Limit one of each Pok\u00e9mon\n|rule|Item Clause: Limit 1 of each item\n|clearpoke\n|poke|p1|Dragapult, L50, F|\n|poke|p1|Farigiraf, L50, F|\n|poke|p1|Sylveon, L50, F|\n|poke|p1|Whimsicott, L50, M|\n|poke|p1|Glimmora, L50, F|\n|poke|p1|Crabominable, L50, M|\n|poke|p2|Incineroar, L50, M|\n|poke|p2|Floette-Eternal, L50, F|\n|poke|p2|Aerodactyl, L50, F|\n|poke|p2|Basculegion, L50, M|\n|poke|p2|Garchomp, L50, M|\n|poke|p2|Sneasler, L50, M|\n|teampreview|4\n|inactive|Battle timer is ON: inactive players will automatically lose when time's up. (requested by AnotherDreamer)\n|\n|t:|1776152472\n|teamsize|p1|4\n|teamsize|p2|4\n|start\n|switch|p1a: Whimsicott|Whimsicott, L50, M|100/100\n|switch|p1b: Dragapult|Dragapult, L50, F|100/100\n|switch|p2a: Basculegion|Basculegion, L50, M|100/100\n|switch|p2b: Sneasler|Sneasler, L50, M|100/100\n|turn|1\n|\n|t:|1776152490\n|switch|p1a: Glimmora|Glimmora, L50, F|100/100\n|move|p2a: Basculegion|Flip Turn|p1a: Glimmora\n|-supereffective|p1a: Glimmora|1\n|-damage|p1a: Glimmora|9/100\n|-activate|p1a: Glimmora|ability: Toxic Debris\n|-sidestart|p2: AnotherDreamer|move: Toxic Spikes\n|\n|t:|1776152497\n|switch|p2a: Aerodactyl|Aerodactyl, L50, F|100/100|[from] Flip Turn\n|-ability|p2a: Aerodactyl|Unnerve\n|move|p1b: Dragapult|Phantom Force||[still]\n|-prepare|p1b: Dragapult|Phantom Force\n|move|p2b: Sneasler|Dire Claw|p1a: Glimmora\n|-resisted|p1a: Glimmora|2\n|-damage|p1a: Glimmora|0 fnt\n|-activate|p1a: Glimmora|ability: Toxic Debris\n|-sidestart|p2: AnotherDreamer|move: Toxic Spikes\n|faint|p1a: Glimmora\n|\n|upkeep\n|\n|t:|1776152508\n|switch|p1a: Sylveon|Sylveon, L50, F|100/100\n|turn|2\n|\n|t:|1776152528\n|move|p1b: Dragapult|Phantom Force|p2b: Sneasler|[from] lockedmove\n|-damage|p2b: Sneasler|31/100\n|move|p2a: Aerodactyl|Dual Wingbeat|p1b: Dragapult\n|-damage|p1b: Dragapult|76/100\n|-damage|p1b: Dragapult|50/100\n|-hitcount|p1b: Dragapult|2\n|move|p2b: Sneasler|Rock Tomb|p1b: Dragapult|[miss]\n|-miss|p2b: Sneasler|p1b: Dragapult\n|move|p1a: Sylveon|Hyper Voice|p2a: Aerodactyl|[spread] p2a,p2b\n|-damage|p2a: Aerodactyl|49/100\n|-damage|p2b: Sneasler|0 fnt\n|faint|p2b: Sneasler\n|\n|upkeep\n|\n|t:|1776152535\n|switch|p2b: Floette|Floette-Eternal, L50, F|100/100\n|-status|p2b: Floette|tox\n|turn|3\n|\n|t:|1776152550\n|detailschange|p2b: Floette|Floette-Mega, L50, F\n|-mega|p2b: Floette|Floette|Floettite\n|-ability|p2b: Floette|Fairy Aura\n|move|p1b: Dragapult|Phantom Force||[still]\n|-prepare|p1b: Dragapult|Phantom Force\n|move|p2a: Aerodactyl|Tailwind|p2a: Aerodactyl\n|-sidestart|p2: AnotherDreamer|move: Tailwind\n|move|p2b: Floette|Dazzling Gleam|p1a: Sylveon|[spread] p1a\n|-miss|p2b: Floette|p1b: Dragapult\n|-damage|p1a: Sylveon|69/100\n|move|p1a: Sylveon|Calm Mind|p1a: Sylveon\n|-boost|p1a: Sylveon|spa|1\n|-boost|p1a: Sylveon|spd|1\n|\n|-heal|p1a: Sylveon|75/100|[from] item: Leftovers\n|-damage|p2b: Floette|94/100 tox|[from] psn\n|upkeep\n|turn|4\n|\n|t:|1776152569\n|move|p2a: Aerodactyl|Dual Wingbeat|p1a: Sylveon\n|-damage|p1a: Sylveon|54/100\n|-damage|p1a: Sylveon|34/100\n|-hitcount|p1a: Sylveon|2\n|move|p2b: Floette|Dazzling Gleam|p1a: Sylveon|[spread] p1a\n|-miss|p2b: Floette|p1b: Dragapult\n|-damage|p1a: Sylveon|12/100\n|move|p1b: Dragapult|Phantom Force|p2a: Aerodactyl|[from] lockedmove\n|-damage|p2a: Aerodactyl|0 fnt\n|faint|p2a: Aerodactyl\n|move|p1a: Sylveon|Hyper Voice|p2b: Floette\n|-damage|p2b: Floette|21/100 tox\n|\n|-heal|p1a: Sylveon|18/100|[from] item: Leftovers\n|-damage|p2b: Floette|9/100 tox|[from] psn\n|upkeep\n|\n|t:|1776152578\n|switch|p2a: Basculegion|Basculegion, L50, M|100/100\n|-status|p2a: Basculegion|tox\n|turn|5\n|inactive|Tamejo has 30 seconds left.\n|\n|t:|1776152609\n|move|p1b: Dragapult|Protect|p1b: Dragapult\n|-singleturn|p1b: Dragapult|Protect\n|move|p1a: Sylveon|Protect|p1a: Sylveon\n|-singleturn|p1a: Sylveon|Protect\n|move|p2a: Basculegion|Last Respects|p1b: Dragapult\n|-activate|p1b: Dragapult|move: Protect\n|move|p2b: Floette|Dazzling Gleam|p1a: Sylveon|[spread] \n|-activate|p1a: Sylveon|move: Protect\n|-activate|p1b: Dragapult|move: Protect\n|\n|-heal|p1a: Sylveon|24/100|[from] item: Leftovers\n|-damage|p2a: Basculegion|94/100 tox|[from] psn\n|-damage|p2b: Floette|0 fnt|[from] psn\n|faint|p2b: Floette\n|upkeep\n|turn|6\n|inactive|Tamejo has 30 seconds left.\n|\n|t:|1776152635\n|move|p2a: Basculegion|Last Respects|p1b: Dragapult\n|-supereffective|p1b: Dragapult|1\n|-damage|p1b: Dragapult|0 fnt\n|faint|p1b: Dragapult\n|move|p1a: Sylveon|Hyper Voice|p2a: Basculegion\n|-damage|p2a: Basculegion|18/100 tox\n|\n|-heal|p1a: Sylveon|31/100|[from] item: Leftovers\n|-damage|p2a: Basculegion|6/100 tox|[from] psn\n|-sideend|p2: AnotherDreamer|move: Tailwind\n|upkeep\n|\n|t:|1776152641\n|switch|p1b: Whimsicott|Whimsicott, L50, M|100/100\n|turn|7\n|-message|AnotherDreamer forfeited.\n|\n|win|Tamejo\n|raw|Tamejo's rating: 1364 &rarr; <strong>1385</strong><br />(+21 for winning)\n|raw|AnotherDreamer's rating: 1378 &rarr; <strong>1357</strong><br />(-21 for losing)\n|l|\u2606AnotherDreamer\n|player|p2|\n",
  "uploadtime": 1776152646,
  "views": 41,
  "formatid": "gen9championsvgc2026regma",
  "rating": 1357,
  "private": 0,
  "password": null
}