{
  "id": "gen9championsvgc2026regma-2585950650",
  "format": "[Gen 9 Champions] VGC 2026 Reg M-A",
  "players": [
    "stupid_pickle",
    "OmniverseCommander"
  ],
  "log": "|j|\u2606stupid_pickle\n|j|\u2606OmniverseCommander\n|t:|1776384381\n|gametype|doubles\n|player|p1|stupid_pickle|riley|1000\n|player|p2|OmniverseCommander|101|1026\n|gen|9\n|tier|[Gen 9 Champions] VGC 2026 Reg M-A\n|rated|\n|rule|Species Clause: Limit one of each Pok\u00e9mon\n|rule|Item Clause: Limit 1 of each item\n|clearpoke\n|poke|p1|Tyranitar, L50, M|\n|poke|p1|Araquanid, L50, F|\n|poke|p1|Glimmora, L50, F|\n|poke|p1|Torterra, L50, M|\n|poke|p1|Klefki, L50, F|\n|poke|p1|Raichu-Alola, L50, F|\n|poke|p2|Pelipper, L50, M|\n|poke|p2|Dragonite, L50, M|\n|poke|p2|Archaludon, L50, M|\n|poke|p2|Basculegion, L50, M|\n|poke|p2|Sneasler, L50, F|\n|poke|p2|Rotom-Heat, L50|\n|teampreview|4\n|inactive|Battle timer is ON: inactive players will automatically lose when time's up. (requested by stupid_pickle)\n|\n|t:|1776384403\n|teamsize|p1|4\n|teamsize|p2|4\n|start\n|switch|p1a: Klefki|Klefki, L50, F|100/100\n|switch|p1b: Araquanid|Araquanid, L50, F, shiny|100/100\n|switch|p2a: Pelipper|Pelipper, L50, M|100/100\n|switch|p2b: Basculegion|Basculegion, L50, M|100/100\n|-weather|RainDance|[from] ability: Drizzle|[of] p2a: Pelipper\n|turn|1\n|\n|t:|1776384423\n|move|p1a: Klefki|Reflect|p1a: Klefki\n|-sidestart|p1: stupid_pickle|Reflect\n|move|p2b: Basculegion|Flip Turn|p1a: Klefki\n|-damage|p1a: Klefki|53/100\n|\n|t:|1776384428\n|switch|p2b: Archaludon|Archaludon, L50, M|100/100|[from] Flip Turn\n|move|p2a: Pelipper|Tailwind|p2a: Pelipper\n|-sidestart|p2: OmniverseCommander|move: Tailwind\n|move|p1b: Araquanid|Sticky Web|p2a: Pelipper\n|-sidestart|p2: OmniverseCommander|move: Sticky Web\n|\n|-weather|RainDance|[upkeep]\n|upkeep\n|turn|2\n|\n|t:|1776384452\n|move|p1a: Klefki|Light Screen|p1a: Klefki\n|-sidestart|p1: stupid_pickle|move: Light Screen\n|move|p2a: Pelipper|Hurricane|p1b: Araquanid\n|-supereffective|p1b: Araquanid|1\n|-damage|p1b: Araquanid|36/100\n|move|p2b: Archaludon|Electro Shot||[still]\n|-prepare|p2b: Archaludon|Electro Shot\n|-boost|p2b: Archaludon|spa|1\n|-anim|p2b: Archaludon|Electro Shot|p1a: Klefki\n|-damage|p1a: Klefki|22/100\n|move|p1b: Araquanid|Liquidation|p2a: Pelipper\n|-resisted|p2a: Pelipper|1\n|-damage|p2a: Pelipper|33/100\n|\n|-weather|RainDance|[upkeep]\n|upkeep\n|turn|3\n|inactive|OmniverseCommander has 30 seconds left.\n|\n|t:|1776384481\n|switch|p2a: Basculegion|Basculegion, L50, M|100/100\n|-activate|p2a: Basculegion|move: Sticky Web\n|-unboost|p2a: Basculegion|spe|1\n|move|p1a: Klefki|Spikes|p2a: Basculegion\n|-sidestart|p2: OmniverseCommander|Spikes\n|move|p2b: Archaludon|Electro Shot||[still]\n|-prepare|p2b: Archaludon|Electro Shot\n|-boost|p2b: Archaludon|spa|1\n|-anim|p2b: Archaludon|Electro Shot|p1b: Araquanid\n|-supereffective|p1b: Araquanid|1\n|-damage|p1b: Araquanid|0 fnt\n|faint|p1b: Araquanid\n|\n|-weather|RainDance|[upkeep]\n|upkeep\n|\n|t:|1776384496\n|switch|p1b: Glimmora|Glimmora, L50, F|100/100\n|turn|4\n|inactive|OmniverseCommander has 30 seconds left.\n|\n|t:|1776384528\n|move|p2b: Archaludon|Protect|p2b: Archaludon\n|-singleturn|p2b: Archaludon|Protect\n|move|p1a: Klefki|Spikes|p2b: Archaludon\n|-sidestart|p2: OmniverseCommander|Spikes\n|move|p2a: Basculegion|Last Respects|p1a: Klefki\n|-damage|p1a: Klefki|0 fnt\n|faint|p1a: Klefki\n|move|p1b: Glimmora|Stealth Rock|p2a: Basculegion\n|-sidestart|p2: OmniverseCommander|move: Stealth Rock\n|\n|-weather|RainDance|[upkeep]\n|-sideend|p2: OmniverseCommander|move: Tailwind\n|upkeep\n|\n|t:|1776384551\n|switch|p1a: Torterra|Torterra, L50, M|100/100\n|turn|5\n|\n|t:|1776384576\n|move|p2a: Basculegion|Flip Turn|p1b: Glimmora\n|-supereffective|p1b: Glimmora|1\n|-damage|p1b: Glimmora|16/100\n|-activate|p1b: Glimmora|ability: Toxic Debris\n|-sidestart|p2: OmniverseCommander|move: Toxic Spikes\n|\n|t:|1776384590\n|switch|p2a: Dragonite|Dragonite, L50, M|100/100|[from] Flip Turn\n|-damage|p2a: Dragonite|75/100|[from] Stealth Rock\n|move|p1b: Glimmora|Earth Power|p2b: Archaludon\n|-supereffective|p2b: Archaludon|1\n|-damage|p2b: Archaludon|47/100\n|-ability|p2b: Archaludon|Stamina|boost\n|-boost|p2b: Archaludon|def|1\n|move|p2b: Archaludon|Flash Cannon|p1b: Glimmora\n|-supereffective|p1b: Glimmora|1\n|-damage|p1b: Glimmora|0 fnt\n|faint|p1b: Glimmora\n|move|p1a: Torterra|Leech Seed|p2b: Archaludon\n|-start|p2b: Archaludon|move: Leech Seed\n|\n|-weather|none\n|-heal|p2b: Archaludon|53/100|[from] item: Leftovers\n|-damage|p2b: Archaludon|41/100|[from] Leech Seed|[of] p1a: Torterra\n|-sideend|p1: stupid_pickle|Reflect\n|upkeep\n|turn|6\n|inactive|OmniverseCommander has 30 seconds left.\n|\n|t:|1776384621\n|switch|p2b: Pelipper|Pelipper, L50, M|33/100\n|-damage|p2b: Pelipper|8/100|[from] Stealth Rock\n|-weather|RainDance|[from] ability: Drizzle|[of] p2b: Pelipper\n|detailschange|p2a: Dragonite|Dragonite-Mega, L50, M\n|-mega|p2a: Dragonite|Dragonite|Dragoninite\n|move|p2a: Dragonite|Hurricane|p1a: Torterra\n|-supereffective|p1a: Torterra|1\n|-damage|p1a: Torterra|9/100\n|-start|p1a: Torterra|confusion\n|-activate|p1a: Torterra|confusion\n|move|p1a: Torterra|Iron Defense|p1a: Torterra\n|-boost|p1a: Torterra|def|2\n|\n|-weather|RainDance|[upkeep]\n|-heal|p1a: Torterra|15/100|[from] item: Leftovers\n|-sideend|p1: stupid_pickle|move: Light Screen\n|upkeep\n|turn|7\n|inactive|OmniverseCommander has 30 seconds left.\n|\n|t:|1776384653\n|move|p2a: Dragonite|Hurricane|p1a: Torterra\n|-supereffective|p1a: Torterra|1\n|-damage|p1a: Torterra|0 fnt\n|faint|p1a: Torterra\n|\n|win|OmniverseCommander\n|raw|stupid_pickle's rating: 1000 &rarr; <strong>1000</strong><br />(+0 for losing)\n|raw|OmniverseCommander's rating: 1026 &rarr; <strong>1059</strong><br />(+33 for winning)\n|l|\u2606stupid_pickle\n|player|p1|\n",
  "uploadtime": 1776384668,
  "views": 19,
  "formatid": "gen9championsvgc2026regma",
  "rating": 1000,
  "private": 0,
  "password": null
}