{
  "id": "gen9championsvgc2026regma-2585134041",
  "format": "[Gen 9 Champions] VGC 2026 Reg M-A",
  "players": [
    "lothurium",
    "lemond"
  ],
  "log": "|j|\u2606lothurium\n|j|\u2606lemond\n|t:|1776315847\n|gametype|doubles\n|player|p1|lothurium|chuck|1230\n|player|p2|lemond|170|1286\n|gen|9\n|tier|[Gen 9 Champions] VGC 2026 Reg M-A\n|rated|\n|rule|Species Clause: Limit one of each Pok\u00e9mon\n|rule|Item Clause: Limit 1 of each item\n|clearpoke\n|poke|p1|Incineroar, L50, M|\n|poke|p1|Farigiraf, L50, M|\n|poke|p1|Kingambit, L50, M|\n|poke|p1|Crabominable, L50, M|\n|poke|p1|Slowking, L50, F|\n|poke|p1|Chandelure, L50, M|\n|poke|p2|Tyranitar, L50, M|\n|poke|p2|Excadrill, L50, F|\n|poke|p2|Gyarados, L50, M|\n|poke|p2|Gardevoir, L50, F|\n|poke|p2|Sinistcha, L50|\n|poke|p2|Rotom-Heat, L50|\n|teampreview|4\n|inactive|Battle timer is ON: inactive players will automatically lose when time's up. (requested by lemond)\n|inactive|lothurium has 60 seconds left.\n|inactive|lemond has 60 seconds left.\n|inactive|lemond has 30 seconds left.\n|\n|t:|1776315920\n|teamsize|p1|4\n|teamsize|p2|4\n|start\n|switch|p1a: Incineroar|Incineroar, L50, M|100/100\n|switch|p1b: Chandelure|Chandelure, L50, M|100/100\n|switch|p2a: Gardevoir|Gardevoir, L50, F|100/100\n|switch|p2b: Rotom|Rotom-Heat, L50|100/100\n|-ability|p1a: Incineroar|Intimidate|boost\n|-unboost|p2a: Gardevoir|atk|1\n|-unboost|p2b: Rotom|atk|1\n|turn|1\n|inactive|lothurium has 30 seconds left.\n|inactive|lemond has 30 seconds left.\n|inactive|lothurium has 20 seconds left.\n|\n|t:|1776315956\n|detailschange|p2a: Gardevoir|Gardevoir-Mega, L50, F\n|-mega|p2a: Gardevoir|Gardevoir|Gardevoirite\n|move|p2a: Gardevoir|Protect|p2a: Gardevoir\n|-singleturn|p2a: Gardevoir|Protect\n|move|p1a: Incineroar|Fake Out|p2a: Gardevoir\n|-activate|p2a: Gardevoir|move: Protect\n|move|p2b: Rotom|Electroweb|p1b: Chandelure|[spread] p1a,p1b\n|-damage|p1a: Incineroar|83/100\n|-damage|p1b: Chandelure|76/100\n|-unboost|p1a: Incineroar|spe|1\n|-unboost|p1b: Chandelure|spe|1\n|move|p1b: Chandelure|Trick Room|p1b: Chandelure\n|-fieldstart|move: Trick Room|[of] p1b: Chandelure\n|\n|-heal|p1a: Incineroar|89/100|[from] item: Leftovers\n|upkeep\n|turn|2\n|inactive|lothurium has 30 seconds left.\n|inactive|lemond has 30 seconds left.\n|inactive|lemond has 20 seconds left.\n|inactive|lemond has 15 seconds left.\n|\n|t:|1776315997\n|switch|p2b: Tyranitar|Tyranitar, L50, M|100/100\n|-weather|Sandstorm|[from] ability: Sand Stream|[of] p2b: Tyranitar\n|move|p1a: Incineroar|Parting Shot|p2b: Tyranitar\n|-unboost|p2b: Tyranitar|atk|1\n|-unboost|p2b: Tyranitar|spa|1\n|\n|t:|1776316011\n|switch|p1a: Slowking|Slowking, L50, F|100/100|[from] Parting Shot\n|move|p1b: Chandelure|Shadow Ball|p2a: Gardevoir\n|-supereffective|p2a: Gardevoir|1\n|-damage|p2a: Gardevoir|17/100\n|move|p2a: Gardevoir|Hyper Voice|p1a: Slowking|[spread] p1a,p1b\n|-resisted|p1b: Chandelure|1\n|-damage|p1a: Slowking|59/100\n|-damage|p1b: Chandelure|46/100\n|\n|-weather|Sandstorm|[upkeep]\n|-damage|p1a: Slowking|53/100|[from] Sandstorm\n|-damage|p1b: Chandelure|40/100|[from] Sandstorm\n|-damage|p2a: Gardevoir|11/100|[from] Sandstorm\n|upkeep\n|turn|3\n|inactive|lothurium has 30 seconds left.\n|inactive|lemond has 30 seconds left.\n|\n|t:|1776316045\n|switch|p1b: Incineroar|Incineroar, L50, M|89/100\n|-ability|p1b: Incineroar|Intimidate|boost\n|-unboost|p2a: Gardevoir|atk|1\n|-unboost|p2b: Tyranitar|atk|1\n|move|p2a: Gardevoir|Protect|p2a: Gardevoir\n|-singleturn|p2a: Gardevoir|Protect\n|-prepare|p1a: Slowking|Chilly Reception|[premajor]\n|move|p1a: Slowking|Chilly Reception|p1a: Slowking\n|-weather|Snowscape\n|\n|t:|1776316058\n|switch|p1a: Crabominable|Crabominable, L50, M|100/100|[from] Chilly Reception\n|move|p2b: Tyranitar|Rock Slide|p1a: Crabominable|[spread] p1a,p1b\n|-supereffective|p1b: Incineroar|1\n|-damage|p1a: Crabominable|90/100\n|-damage|p1b: Incineroar|61/100\n|\n|-weather|Snowscape|[upkeep]\n|-heal|p1b: Incineroar|67/100|[from] item: Leftovers\n|upkeep\n|turn|4\n|\n|t:|1776316082\n|switch|p2a: Gyarados|Gyarados, L50, M|100/100\n|-ability|p2a: Gyarados|Intimidate|boost\n|-fail|p1a: Crabominable|unboost|Attack|[from] ability: Hyper Cutter|[of] p1a: Crabominable\n|-unboost|p1b: Incineroar|atk|1\n|detailschange|p1a: Crabominable|Crabominable-Mega, L50, M\n|-mega|p1a: Crabominable|Crabominable|Crabominite\n|move|p2b: Tyranitar|Protect|p2b: Tyranitar\n|-singleturn|p2b: Tyranitar|Protect\n|move|p1a: Crabominable|Ice Hammer|p2b: Tyranitar\n|-activate|p2b: Tyranitar|move: Protect\n|move|p1b: Incineroar|Darkest Lariat|p2a: Gyarados\n|-damage|p2a: Gyarados|74/100\n|\n|-weather|Snowscape|[upkeep]\n|-heal|p1b: Incineroar|73/100|[from] item: Leftovers\n|-heal|p2a: Gyarados|80/100|[from] item: Leftovers\n|upkeep\n|turn|5\n|inactive|lemond has 30 seconds left.\n|\n|t:|1776316113\n|switch|p2b: Rotom|Rotom-Heat, L50|100/100\n|move|p1a: Crabominable|Drain Punch|p2b: Rotom\n|-damage|p2b: Rotom|31/100\n|-heal|p1a: Crabominable|100/100|[from] drain|[of] p2b: Rotom\n|move|p1b: Incineroar|Parting Shot|p2a: Gyarados\n|-unboost|p2a: Gyarados|atk|1\n|-unboost|p2a: Gyarados|spa|1\n|\n|t:|1776316125\n|switch|p1b: Chandelure|Chandelure, L50, M|40/100|[from] Parting Shot\n|move|p2a: Gyarados|Waterfall|p1a: Crabominable\n|-damage|p1a: Crabominable|87/100\n|\n|-weather|Snowscape|[upkeep]\n|-heal|p2a: Gyarados|86/100|[from] item: Leftovers\n|-fieldend|move: Trick Room\n|upkeep\n|turn|6\n|inactive|lothurium has 30 seconds left.\n|\n|t:|1776316151\n|move|p1a: Crabominable|Mach Punch|p2b: Rotom\n|-damage|p2b: Rotom|0 fnt\n|faint|p2b: Rotom\n|move|p2a: Gyarados|Waterfall|p1b: Chandelure\n|-supereffective|p1b: Chandelure|1\n|-damage|p1b: Chandelure|0 fnt\n|faint|p1b: Chandelure\n|\n|-weather|Snowscape|[upkeep]\n|-heal|p2a: Gyarados|92/100|[from] item: Leftovers\n|upkeep\n|\n|t:|1776316168\n|switch|p2b: Gardevoir|Gardevoir-Mega, L50, F|11/100\n|switch|p1b: Incineroar|Incineroar, L50, M|73/100\n|-ability|p1b: Incineroar|Intimidate|boost\n|-unboost|p2a: Gyarados|atk|1\n|-unboost|p2b: Gardevoir|atk|1\n|turn|7\n|inactive|lothurium has 30 seconds left.\n|\n|t:|1776316196\n|move|p2b: Gardevoir|Protect|p2b: Gardevoir\n|-singleturn|p2b: Gardevoir|Protect\n|move|p2a: Gyarados|Protect|p2a: Gyarados\n|-singleturn|p2a: Gyarados|Protect\n|move|p1b: Incineroar|Fake Out|p2b: Gardevoir\n|-activate|p2b: Gardevoir|move: Protect\n|move|p1a: Crabominable|Drain Punch|p2a: Gyarados\n|-activate|p2a: Gyarados|move: Protect\n|\n|-weather|none\n|-heal|p2a: Gyarados|98/100|[from] item: Leftovers\n|-heal|p1b: Incineroar|79/100|[from] item: Leftovers\n|upkeep\n|turn|8\n|\n|t:|1776316219\n|switch|p2b: Tyranitar|Tyranitar, L50, M|100/100\n|-weather|Sandstorm|[from] ability: Sand Stream|[of] p2b: Tyranitar\n|move|p1a: Crabominable|Protect|p1a: Crabominable\n|-singleturn|p1a: Crabominable|Protect\n|move|p2a: Gyarados|Thunder Wave|p1a: Crabominable\n|-activate|p1a: Crabominable|move: Protect\n|move|p1b: Incineroar|Darkest Lariat|p2b: Tyranitar\n|-resisted|p2b: Tyranitar|1\n|-damage|p2b: Tyranitar|81/100\n|\n|-weather|Sandstorm|[upkeep]\n|-damage|p2a: Gyarados|92/100|[from] Sandstorm\n|-damage|p1b: Incineroar|73/100|[from] Sandstorm\n|-damage|p1a: Crabominable|81/100|[from] Sandstorm\n|-heal|p2a: Gyarados|98/100|[from] item: Leftovers\n|-heal|p1b: Incineroar|79/100|[from] item: Leftovers\n|upkeep\n|turn|9\n|inactive|lothurium has 30 seconds left.\n|\n|t:|1776316248\n|move|p2b: Tyranitar|Protect|p2b: Tyranitar\n|-singleturn|p2b: Tyranitar|Protect\n|move|p2a: Gyarados|Thunder Wave|p1a: Crabominable\n|-status|p1a: Crabominable|par\n|move|p1b: Incineroar|Parting Shot|p2a: Gyarados\n|-unboost|p2a: Gyarados|atk|1\n|-unboost|p2a: Gyarados|spa|1\n|\n|t:|1776316255\n|switch|p1b: Slowking|Slowking, L50, F|53/100|[from] Parting Shot\n|move|p1a: Crabominable|Ice Hammer|p2a: Gyarados\n|-damage|p2a: Gyarados|23/100\n|-unboost|p1a: Crabominable|spe|1\n|\n|-weather|Sandstorm|[upkeep]\n|-damage|p2a: Gyarados|17/100|[from] Sandstorm\n|-damage|p1b: Slowking|47/100|[from] Sandstorm\n|-damage|p1a: Crabominable|75/100 par|[from] Sandstorm\n|-heal|p2a: Gyarados|23/100|[from] item: Leftovers\n|upkeep\n|turn|10\n|\n|t:|1776316274\n|switch|p2a: Gardevoir|Gardevoir-Mega, L50, F|11/100\n|move|p1a: Crabominable|Mach Punch|p2b: Tyranitar\n|-supereffective|p2b: Tyranitar|2\n|-damage|p2b: Tyranitar|0 fnt\n|faint|p2b: Tyranitar\n|move|p1b: Slowking|Trick Room|p1b: Slowking\n|-fieldstart|move: Trick Room|[of] p1b: Slowking\n|\n|-weather|Sandstorm|[upkeep]\n|-damage|p1a: Crabominable|70/100 par|[from] Sandstorm\n|-damage|p1b: Slowking|41/100|[from] Sandstorm\n|-damage|p2a: Gardevoir|6/100|[from] Sandstorm\n|upkeep\n|\n|t:|1776316283\n|switch|p2b: Gyarados|Gyarados, L50, M|23/100\n|-ability|p2b: Gyarados|Intimidate|boost\n|-unboost|p1a: Crabominable|atk|1\n|-fail|p1b: Slowking|unboost|Attack|[from] ability: Oblivious|[of] p1b: Slowking\n|turn|11\n|inactive|lothurium has 30 seconds left.\n|\n|t:|1776316318\n|switch|p1a: Incineroar|Incineroar, L50, M|79/100\n|-ability|p1a: Incineroar|Intimidate|boost\n|-unboost|p2a: Gardevoir|atk|1\n|-unboost|p2b: Gyarados|atk|1\n|move|p1b: Slowking|Chilling Water|p2a: Gardevoir\n|-damage|p2a: Gardevoir|0 fnt\n|faint|p2a: Gardevoir\n|move|p2b: Gyarados|Waterfall|p1a: Incineroar\n|-supereffective|p1a: Incineroar|1\n|-damage|p1a: Incineroar|29/100\n|\n|-weather|Sandstorm|[upkeep]\n|-damage|p1b: Slowking|35/100|[from] Sandstorm\n|-damage|p1a: Incineroar|23/100|[from] Sandstorm\n|-damage|p2b: Gyarados|17/100|[from] Sandstorm\n|-heal|p1a: Incineroar|29/100|[from] item: Leftovers\n|-heal|p2b: Gyarados|23/100|[from] item: Leftovers\n|upkeep\n|turn|12\n|c|\u2606lothurium|lol\n|-message|lemond forfeited.\n|\n|win|lothurium\n|raw|lothurium's rating: 1230 &rarr; <strong>1259</strong><br />(+29 for winning)\n|raw|lemond's rating: 1286 &rarr; <strong>1257</strong><br />(-29 for losing)\n|l|\u2606lemond\n|player|p2|\n",
  "uploadtime": 1776316433,
  "views": 26,
  "formatid": "gen9championsvgc2026regma",
  "rating": 1257,
  "private": 0,
  "password": null
}