{
  "id": "gen9championsvgc2026regma-2587012130",
  "format": "[Gen 9 Champions] VGC 2026 Reg M-A",
  "players": [
    "Kezia19",
    "boomerangstepper"
  ],
  "log": "|j|\u2606Kezia19\n|j|\u2606boomerangstepper\n|t:|1776481105\n|gametype|doubles\n|player|p1|Kezia19|cynthia|1073\n|player|p2|boomerangstepper|palmer|1033\n|gen|9\n|tier|[Gen 9 Champions] VGC 2026 Reg M-A\n|rated|\n|rule|Species Clause: Limit one of each Pok\u00e9mon\n|rule|Item Clause: Limit 1 of each item\n|clearpoke\n|poke|p1|Gengar, L50, M|\n|poke|p1|Charizard, L50, F|\n|poke|p1|Sneasler, L50, F|\n|poke|p1|Kingambit, L50, F|\n|poke|p1|Aerodactyl, L50, F|\n|poke|p1|Garchomp, L50, M|\n|poke|p2|Delphox, L50, M|\n|poke|p2|Rotom-Wash, L50|\n|poke|p2|Whimsicott, L50, F|\n|poke|p2|Garchomp, L50, M|\n|poke|p2|Sneasler, L50, M|\n|poke|p2|Clefable, L50, F|\n|teampreview|4\n|\n|t:|1776481137\n|teamsize|p1|4\n|teamsize|p2|4\n|start\n|switch|p1a: Aerodactyl|Aerodactyl, L50, F|100/100\n|switch|p1b: Gengar|Gengar, L50, M|100/100\n|switch|p2a: Garchomp|Garchomp, L50, M|100/100\n|switch|p2b: Rotom|Rotom-Wash, L50|100/100\n|turn|1\n|\n|t:|1776481156\n|detailschange|p1b: Gengar|Gengar-Mega, L50, M\n|-mega|p1b: Gengar|Gengar|Gengarite\n|move|p2a: Garchomp|Earthquake|p1b: Gengar|[spread] p1b\n|-immune|p2b: Rotom|[from] ability: Levitate\n|-immune|p1a: Aerodactyl\n|-supereffective|p1b: Gengar|1\n|-damage|p1b: Gengar|0 fnt\n|faint|p1b: Gengar\n|move|p1a: Aerodactyl|Tailwind|p1a: Aerodactyl\n|-sidestart|p1: Kezia19|move: Tailwind\n|move|p2b: Rotom|Thunderbolt|p1a: Aerodactyl\n|-supereffective|p1a: Aerodactyl|1\n|-enditem|p1a: Aerodactyl|Focus Sash\n|-damage|p1a: Aerodactyl|1/100\n|\n|upkeep\n|\n|t:|1776481171\n|switch|p1b: Garchomp|Garchomp, L50, M|100/100\n|turn|2\n|\n|t:|1776481188\n|switch|p2a: Whimsicott|Whimsicott, L50, F|100/100\n|move|p1b: Garchomp|Dragon Claw|p2a: Whimsicott\n|-immune|p2a: Whimsicott\n|move|p1a: Aerodactyl|Rock Slide|p2b: Rotom|[spread] p2a,p2b\n|-damage|p2a: Whimsicott|61/100\n|-damage|p2b: Rotom|74/100\n|cant|p2b: Rotom|flinch\n|\n|-heal|p2b: Rotom|79/100|[from] item: Leftovers\n|upkeep\n|turn|3\n|\n|t:|1776481206\n|switch|p1b: Kingambit|Kingambit, L50, F|100/100\n|move|p2a: Whimsicott|Tailwind|p2a: Whimsicott\n|-sidestart|p2: boomerangstepper|move: Tailwind\n|move|p1a: Aerodactyl|Dual Wingbeat|p2a: Whimsicott\n|-supereffective|p2a: Whimsicott|1\n|-damage|p2a: Whimsicott|0 fnt\n|faint|p2a: Whimsicott\n|-hitcount|p2: Whimsicott|1\n|move|p2b: Rotom|Will-O-Wisp|p1b: Kingambit\n|-status|p1b: Kingambit|brn\n|\n|-heal|p2b: Rotom|85/100|[from] item: Leftovers\n|-damage|p1b: Kingambit|95/100 brn|[from] brn\n|upkeep\n|\n|t:|1776481219\n|switch|p2a: Delphox|Delphox, L50, M|100/100\n|turn|4\n|\n|t:|1776481246\n|move|p2a: Delphox|Protect|p2a: Delphox\n|-singleturn|p2a: Delphox|Protect\n|move|p1a: Aerodactyl|Rock Slide|p2a: Delphox|[spread] p2b\n|-activate|p2a: Delphox|move: Protect\n|-damage|p2b: Rotom|56/100\n|move|p2b: Rotom|Volt Switch|p1a: Aerodactyl\n|-supereffective|p1a: Aerodactyl|1\n|-damage|p1a: Aerodactyl|0 fnt\n|faint|p1a: Aerodactyl\n|\n|t:|1776481255\n|switch|p2b: Garchomp|Garchomp, L50, M|100/100|[from] Volt Switch\n|move|p1b: Kingambit|Kowtow Cleave|p2a: Delphox\n|-activate|p2a: Delphox|move: Protect\n|\n|-damage|p1b: Kingambit|89/100 brn|[from] brn\n|-sideend|p1: Kezia19|move: Tailwind\n|upkeep\n|\n|t:|1776481266\n|switch|p1a: Garchomp|Garchomp, L50, M|100/100\n|turn|5\n|\n|t:|1776481275\n|detailschange|p2a: Delphox|Delphox-Mega, L50, M\n|-mega|p2a: Delphox|Delphox|Delphoxite\n|move|p1b: Kingambit|Sucker Punch||[still]\n|-fail|p1b: Kingambit\n|move|p2b: Garchomp|Earthquake|p1b: Kingambit|[spread] p1a,p1b\n|-immune|p2a: Delphox|[from] ability: Levitate\n|-supereffective|p1b: Kingambit|1\n|-damage|p1a: Garchomp|57/100\n|-damage|p1b: Kingambit|27/100 brn\n|move|p2a: Delphox|Nasty Plot|p2a: Delphox\n|-boost|p2a: Delphox|spa|2\n|move|p1a: Garchomp|Dragon Claw|p2b: Garchomp\n|-supereffective|p2b: Garchomp|1\n|-damage|p2b: Garchomp|13/100\n|-damage|p1a: Garchomp|44/100|[from] ability: Rough Skin|[of] p2b: Garchomp\n|\n|-damage|p1b: Kingambit|21/100 brn|[from] brn\n|upkeep\n|turn|6\n|\n|t:|1776481299\n|move|p1b: Kingambit|Sucker Punch|p2a: Delphox\n|-supereffective|p2a: Delphox|1\n|-damage|p2a: Delphox|33/100\n|move|p2b: Garchomp|Earthquake|p1a: Garchomp|[spread] p1a,p1b\n|-immune|p2a: Delphox|[from] ability: Levitate\n|-supereffective|p1b: Kingambit|1\n|-damage|p1a: Garchomp|3/100\n|-damage|p1b: Kingambit|0 fnt\n|faint|p1b: Kingambit\n|move|p2a: Delphox|Heat Wave|p1a: Garchomp\n|-resisted|p1a: Garchomp|1\n|-damage|p1a: Garchomp|0 fnt\n|faint|p1a: Garchomp\n|\n|win|boomerangstepper\n|raw|Kezia19's rating: 1073 &rarr; <strong>1050</strong><br />(-23 for losing)\n|raw|boomerangstepper's rating: 1033 &rarr; <strong>1072</strong><br />(+39 for winning)\n|l|\u2606Kezia19\n|player|p1|\n",
  "uploadtime": 1776481316,
  "views": 12,
  "formatid": "gen9championsvgc2026regma",
  "rating": 1050,
  "private": 0,
  "password": null
}