{
  "id": "gen9championsvgc2026regma-2581356938",
  "format": "[Gen 9 Champions] VGC 2026 Reg M-A",
  "players": [
    "SHyperdestroyerVGC",
    "King_Jamy"
  ],
  "log": "|j|\u2606SHyperdestroyerVGC\n|j|\u2606King_Jamy\n|t:|1775991116\n|gametype|doubles\n|player|p1|SHyperdestroyerVGC|lady|1088\n|player|p2|King_Jamy|rika|1175\n|gen|9\n|tier|[Gen 9 Champions] VGC 2026 Reg M-A\n|rated|\n|rule|Species Clause: Limit one of each Pok\u00e9mon\n|rule|Item Clause: Limit 1 of each item\n|clearpoke\n|poke|p1|Charizard, L50, F|\n|poke|p1|Venusaur, L50, F|\n|poke|p1|Whimsicott, L50, F|\n|poke|p1|Kingambit, L50, F|\n|poke|p1|Kommo-o, L50, F|\n|poke|p1|Typhlosion-Hisui, L50, F|\n|poke|p2|Froslass, L50, F|\n|poke|p2|Maushold-Four, L50|\n|poke|p2|Sneasler, L50, F|\n|poke|p2|Aerodactyl, L50, M|\n|poke|p2|Kingambit, L50, M|\n|poke|p2|Garchomp, L50, F|\n|teampreview|4\nSHyperdestroyerVGC has agreed to open team sheets.\n|c|\u2606SHyperdestroyerVGC|GLHF\n|c|\u2606King_Jamy|glhf\nKing_Jamy has agreed to open team sheets.\n|showteam|p1|Charizard||CharizarditeY|Blaze|HeatWave,AirSlash,Overheat,Protect|||F|||50|]Venusaur||MentalHerb|Chlorophyll|SludgeBomb,SleepPowder,EarthPower,EnergyBall|||F|||50|]Whimsicott||FocusSash|Prankster|Encore,Tailwind,Moonblast,SunnyDay|||F|||50|]Kingambit||BlackGlasses|Defiant|KowtowCleave,SuckerPunch,SwordsDance,Protect|||F|||50|]Kommo-o||RoseliBerry|Overcoat|IronDefense,BodyPress,Flamethrower,Protect|||F|||50|]Typhlosion-Hisui||ChoiceScarf|Blaze|Eruption,ShadowBall,Overheat,HeatWave|||F|||50|\n|showteam|p2|Froslass||Froslassite|SnowCloak|Blizzard,ShadowBall,Protect,NastyPlot|||F|||50|]Maushold-Four||MentalHerb|FriendGuard|PopulationBomb,FollowMe,Taunt,Protect||||||50|]Sneasler||WhiteHerb|Pressure|CloseCombat,DireClaw,Protect,FakeOut|||F|||50|]Aerodactyl||FocusSash|Unnerve|RockSlide,Tailwind,WideGuard,DualWingbeat|||M|||50|]Kingambit||BlackGlasses|Defiant|KowtowCleave,SuckerPunch,Protect,SwordsDance|||M|||50|]Garchomp||ChoiceScarf|SandVeil|Earthquake,StompingTantrum,DragonClaw,RockSlide|||F|||50|\n|\n|t:|1775991170\n|teamsize|p1|4\n|teamsize|p2|4\n|start\n|switch|p1a: Venusaur|Venusaur, L50, F|100/100\n|switch|p1b: Charizard|Charizard, L50, F|100/100\n|switch|p2a: Maushold|Maushold-Four, L50|100/100\n|switch|p2b: Froslass|Froslass, L50, F|100/100\n|turn|1\n|\n|t:|1775991195\n|switch|p1a: Kingambit|Kingambit, L50, F|100/100\n|detailschange|p2b: Froslass|Froslass-Mega, L50, F\n|-mega|p2b: Froslass|Froslass|Froslassite\n|-weather|Snowscape|[from] ability: Snow Warning|[of] p2b: Froslass\n|move|p1b: Charizard|Protect|p1b: Charizard\n|-singleturn|p1b: Charizard|Protect\n|move|p2b: Froslass|Blizzard|p1a: Kingambit|[spread] p1a\n|-activate|p1b: Charizard|move: Protect\n|-resisted|p1a: Kingambit|1\n|-damage|p1a: Kingambit|80/100\n|move|p2a: Maushold|Population Bomb|p1a: Kingambit\n|-resisted|p1a: Kingambit|1\n|-damage|p1a: Kingambit|78/100\n|-resisted|p1a: Kingambit|1\n|-damage|p1a: Kingambit|76/100\n|-resisted|p1a: Kingambit|1\n|-damage|p1a: Kingambit|74/100\n|-resisted|p1a: Kingambit|1\n|-damage|p1a: Kingambit|72/100\n|-resisted|p1a: Kingambit|1\n|-damage|p1a: Kingambit|70/100\n|-resisted|p1a: Kingambit|1\n|-damage|p1a: Kingambit|68/100\n|-resisted|p1a: Kingambit|1\n|-damage|p1a: Kingambit|66/100\n|-resisted|p1a: Kingambit|1\n|-damage|p1a: Kingambit|64/100\n|-resisted|p1a: Kingambit|1\n|-damage|p1a: Kingambit|62/100\n|-hitcount|p1a: Kingambit|9\n|\n|-weather|Snowscape|[upkeep]\n|upkeep\n|turn|2\n|\n|t:|1775991224\n|switch|p2b: Aerodactyl|Aerodactyl, L50, M|100/100\n|-ability|p2b: Aerodactyl|Unnerve\n|detailschange|p1b: Charizard|Charizard-Mega-Y, L50, F\n|-mega|p1b: Charizard|Charizard|Charizardite Y\n|-weather|SunnyDay|[from] ability: Drought|[of] p1b: Charizard\n|move|p2a: Maushold|Population Bomb|p1b: Charizard\n|-damage|p1b: Charizard|95/100\n|-damage|p1b: Charizard|88/100\n|-damage|p1b: Charizard|80/100\n|-damage|p1b: Charizard|73/100\n|-crit|p1b: Charizard\n|-damage|p1b: Charizard|62/100\n|-damage|p1b: Charizard|55/100\n|-damage|p1b: Charizard|49/100\n|-damage|p1b: Charizard|42/100\n|-damage|p1b: Charizard|36/100\n|-damage|p1b: Charizard|29/100\n|-hitcount|p1b: Charizard|10\n|move|p1b: Charizard|Overheat|p2a: Maushold\n|-damage|p2a: Maushold|0 fnt\n|-unboost|p1b: Charizard|spa|2\n|faint|p2a: Maushold\n|move|p1a: Kingambit|Swords Dance|p1a: Kingambit\n|-boost|p1a: Kingambit|atk|2\n|\n|-weather|SunnyDay|[upkeep]\n|upkeep\n|\n|t:|1775991235\n|switch|p2a: Sneasler|Sneasler, L50, F|100/100\n|-ability|p2a: Sneasler|Pressure\n|turn|3\n|\n|t:|1775991263\n|switch|p1b: Venusaur|Venusaur, L50, F|100/100\n|move|p1a: Kingambit|Protect|p1a: Kingambit\n|-singleturn|p1a: Kingambit|Protect\n|move|p2a: Sneasler|Fake Out|p1a: Kingambit\n|-activate|p1a: Kingambit|move: Protect\n|move|p2b: Aerodactyl|Rock Slide|p1b: Venusaur|[spread] p1b\n|-activate|p1a: Kingambit|move: Protect\n|-damage|p1b: Venusaur|76/100\n|\n|-weather|SunnyDay|[upkeep]\n|upkeep\n|turn|4\n|\n|t:|1775991293\n|switch|p2a: Froslass|Froslass-Mega, L50, F|100/100\n|-weather|Snowscape|[from] ability: Snow Warning|[of] p2a: Froslass\n|move|p2b: Aerodactyl|Dual Wingbeat|p1b: Venusaur\n|-supereffective|p1b: Venusaur|1\n|-damage|p1b: Venusaur|39/100\n|-supereffective|p1b: Venusaur|1\n|-damage|p1b: Venusaur|0 fnt\n|faint|p1b: Venusaur\n|-hitcount|p1: Venusaur|2\n|move|p1a: Kingambit|Kowtow Cleave|p2b: Aerodactyl\n|-enditem|p2b: Aerodactyl|Focus Sash\n|-damage|p2b: Aerodactyl|1/100\n|\n|-weather|Snowscape|[upkeep]\n|upkeep\n|\n|t:|1775991309\n|switch|p1b: Charizard|Charizard-Mega-Y, L50, F|29/100\n|-weather|SunnyDay|[from] ability: Drought|[of] p1b: Charizard\n|turn|5\n|\n|t:|1775991321\n|switch|p2a: Sneasler|Sneasler, L50, F|100/100\n|-ability|p2a: Sneasler|Pressure\n|switch|p1b: Whimsicott|Whimsicott, L50, F|100/100\n|move|p2b: Aerodactyl|Wide Guard|p2b: Aerodactyl\n|-singleturn|p2b: Aerodactyl|Wide Guard\n|move|p1a: Kingambit|Kowtow Cleave|p2a: Sneasler\n|-resisted|p2a: Sneasler|1\n|-damage|p2a: Sneasler|7/100\n|\n|-weather|SunnyDay|[upkeep]\n|upkeep\n|turn|6\n|\n|t:|1775991344\n|move|p2a: Sneasler|Fake Out|p1a: Kingambit\n|-resisted|p1a: Kingambit|1\n|-damage|p1a: Kingambit|57/100\n|move|p1b: Whimsicott|Encore|p2b: Aerodactyl\n|-start|p2b: Aerodactyl|Encore\n|move|p2b: Aerodactyl|Wide Guard|p2b: Aerodactyl\n|-singleturn|p2b: Aerodactyl|Wide Guard\n|cant|p1a: Kingambit|flinch\n|\n|-weather|SunnyDay|[upkeep]\n|upkeep\n|turn|7\n|\n|t:|1775991353\n|switch|p2b: Froslass|Froslass-Mega, L50, F|100/100\n|-weather|Snowscape|[from] ability: Snow Warning|[of] p2b: Froslass\n|move|p2a: Sneasler|Protect|p2a: Sneasler\n|-singleturn|p2a: Sneasler|Protect\n|move|p1b: Whimsicott|Encore|p2a: Sneasler\n|-activate|p2a: Sneasler|move: Protect\n|move|p1a: Kingambit|Kowtow Cleave|p2b: Froslass\n|-supereffective|p2b: Froslass|1\n|-damage|p2b: Froslass|0 fnt\n|faint|p2b: Froslass\n|\n|-weather|Snowscape|[upkeep]\n|upkeep\n|\n|t:|1775991355\n|switch|p2b: Aerodactyl|Aerodactyl, L50, M|1/100\n|-ability|p2b: Aerodactyl|Unnerve\n|turn|8\n|\n|t:|1775991374\n|move|p1b: Whimsicott|Encore|p2a: Sneasler\n|-start|p2a: Sneasler|Encore\n|move|p2a: Sneasler|Protect|p2a: Sneasler\n|-singleturn|p2a: Sneasler|Protect\n|move|p1a: Kingambit|Sucker Punch|p2b: Aerodactyl\n|-damage|p2b: Aerodactyl|0 fnt\n|faint|p2b: Aerodactyl\n|\n|-weather|Snowscape|[upkeep]\n|upkeep\n|turn|9\n|-message|King_Jamy forfeited.\n|\n|win|SHyperdestroyerVGC\n|raw|SHyperdestroyerVGC's rating: 1088 &rarr; <strong>1121</strong><br />(+33 for winning)\n|raw|King_Jamy's rating: 1175 &rarr; <strong>1144</strong><br />(-31 for losing)\n|l|\u2606King_Jamy\n|player|p2|\n",
  "uploadtime": 1775991393,
  "views": 23,
  "formatid": "gen9championsvgc2026regma",
  "rating": 1121,
  "private": 0,
  "password": null
}