{
  "id": "gen9championsvgc2026regma-2585661903",
  "format": "[Gen 9 Champions] VGC 2026 Reg M-A",
  "players": [
    "blog2",
    "925r"
  ],
  "log": "|j|\u2606blog2\n|j|\u203d925r\n|t:|1776362006\n|gametype|doubles\n|player|p1|blog2|170|1090\n|player|p2|925r|169|1135\n|gen|9\n|tier|[Gen 9 Champions] VGC 2026 Reg M-A\n|rated|\n|rule|Species Clause: Limit one of each Pok\u00e9mon\n|rule|Item Clause: Limit 1 of each item\n|clearpoke\n|poke|p1|Dragonite, L50, M|\n|poke|p1|Sneasler, L50, M|\n|poke|p1|Sinistcha, L50|\n|poke|p1|Tinkaton, L50, F|\n|poke|p1|Krookodile, L50, F|\n|poke|p1|Greninja-*, L50, F|\n|poke|p2|Charizard, L50, F|\n|poke|p2|Venusaur, L50, F|\n|poke|p2|Kleavor, L50, F|\n|poke|p2|Milotic, L50, M|\n|poke|p2|Incineroar, L50, M|\n|poke|p2|Sableye, L50, F|\n|teampreview|4\n|inactive|Battle timer is ON: inactive players will automatically lose when time's up. (requested by blog2)\nblog2 has agreed to open team sheets.\n|inactive|925r has 60 seconds left.\n|\n|t:|1776362080\n|teamsize|p1|4\n|teamsize|p2|4\n|start\n|switch|p1a: Tinkaton|Tinkaton, L50, F|100/100\n|switch|p1b: Greninja|Greninja, L50, F, shiny|100/100\n|switch|p2a: Charizard|Charizard, L50, F, shiny|100/100\n|switch|p2b: Sableye|Sableye, L50, F|100/100\n|turn|1\n|\n|t:|1776362101\n|detailschange|p2a: Charizard|Charizard-Mega-Y, L50, F, shiny\n|-mega|p2a: Charizard|Charizard|Charizardite Y\n|-weather|SunnyDay|[from] ability: Drought|[of] p2a: Charizard\n|move|p2b: Sableye|Detect|p2b: Sableye\n|-singleturn|p2b: Sableye|Protect\n|move|p1b: Greninja|Icy Wind|p2b: Sableye|[spread] p2a\n|-start|p1b: Greninja|typechange|Ice|[from] ability: Protean\n|-activate|p2b: Sableye|move: Protect\n|-crit|p2a: Charizard\n|-damage|p2a: Charizard|69/100\n|-unboost|p2a: Charizard|spe|1\n|move|p1a: Tinkaton|Play Rough|p2b: Sableye\n|-activate|p2b: Sableye|move: Protect\n|move|p2a: Charizard|Heat Wave|p1b: Greninja|[spread] p1b\n|-miss|p2a: Charizard|p1a: Tinkaton\n|-supereffective|p1b: Greninja|1\n|-damage|p1b: Greninja|0 fnt\n|faint|p1b: Greninja\n|\n|-weather|SunnyDay|[upkeep]\n|upkeep\n|\n|t:|1776362113\n|switch|p1b: Dragonite|Dragonite, L50, M|100/100\n|turn|2\n|\n|t:|1776362134\n|detailschange|p1b: Dragonite|Dragonite-Mega, L50, M\n|-mega|p1b: Dragonite|Dragonite|Dragoninite\n|move|p2b: Sableye|Disable|p1a: Tinkaton\n|-start|p1a: Tinkaton|Disable|Play Rough\n|move|p1b: Dragonite|Thunderbolt|p2a: Charizard\n|-supereffective|p2a: Charizard|1\n|-damage|p2a: Charizard|0 fnt\n|faint|p2a: Charizard\n|cant|p1a: Tinkaton|Disable|Play Rough\n|\n|-weather|SunnyDay|[upkeep]\n|upkeep\n|\n|t:|1776362146\n|switch|p2a: Venusaur|Venusaur, L50, F|100/100\n|turn|3\n|\n|t:|1776362156\n|switch|p2b: Kleavor|Kleavor, L50, F|100/100\n|move|p1a: Tinkaton|Protect|p1a: Tinkaton\n|-singleturn|p1a: Tinkaton|Protect\n|move|p2a: Venusaur|Sleep Powder|p1b: Dragonite\n|-status|p1b: Dragonite|slp|[from] move: Sleep Powder\n|cant|p1b: Dragonite|slp\n|\n|-weather|SunnyDay|[upkeep]\n|upkeep\n|turn|4\n|\n|t:|1776362179\n|move|p2b: Kleavor|Protect|p2b: Kleavor\n|-singleturn|p2b: Kleavor|Protect\n|move|p2a: Venusaur|Earth Power|p1a: Tinkaton\n|-supereffective|p1a: Tinkaton|1\n|-damage|p1a: Tinkaton|52/100\n|cant|p1b: Dragonite|slp\n|move|p1a: Tinkaton|Gigaton Hammer|p2b: Kleavor\n|-activate|p2b: Kleavor|move: Protect\n|\n|-weather|SunnyDay|[upkeep]\n|upkeep\n|turn|5\n|\n|t:|1776362196\n|move|p1a: Tinkaton|Protect|p1a: Tinkaton\n|-singleturn|p1a: Tinkaton|Protect\n|move|p2a: Venusaur|Earth Power|p1a: Tinkaton\n|-activate|p1a: Tinkaton|move: Protect\n|-curestatus|p1b: Dragonite|slp|[msg]\n|move|p1b: Dragonite|Flamethrower|p2a: Venusaur\n|-supereffective|p2a: Venusaur|1\n|-damage|p2a: Venusaur|0 fnt\n|faint|p2a: Venusaur\n|move|p2b: Kleavor|Stone Axe|p1b: Dragonite\n|-supereffective|p1b: Dragonite|1\n|-damage|p1b: Dragonite|58/100\n|-sidestart|p1: blog2|move: Stealth Rock\n|\n|-weather|none\n|-end|p1a: Tinkaton|Disable\n|upkeep\n|\n|t:|1776362212\n|switch|p2a: Sableye|Sableye, L50, F|100/100\n|turn|6\n|\n|t:|1776362222\n|move|p2a: Sableye|Detect|p2a: Sableye\n|-singleturn|p2a: Sableye|Protect\n|move|p2b: Kleavor|Protect|p2b: Kleavor\n|-singleturn|p2b: Kleavor|Protect\n|move|p1b: Dragonite|Dragon Pulse|p2a: Sableye\n|-activate|p2a: Sableye|move: Protect\n|move|p1a: Tinkaton|Play Rough|p2a: Sableye\n|-activate|p2a: Sableye|move: Protect\n|\n|upkeep\n|turn|7\n|\n|t:|1776362238\n|move|p2a: Sableye|Disable|p1a: Tinkaton\n|-start|p1a: Tinkaton|Disable|Play Rough\n|move|p1b: Dragonite|Dragon Pulse|p2a: Sableye\n|-damage|p2a: Sableye|30/100\n|cant|p1a: Tinkaton|Disable|Play Rough\n|move|p2b: Kleavor|Stone Axe|p1b: Dragonite\n|-supereffective|p1b: Dragonite|1\n|-damage|p1b: Dragonite|0 fnt\n|faint|p1b: Dragonite\n|\n|upkeep\n|\n|t:|1776362242\n|switch|p1b: Sinistcha|Sinistcha, L50|100/100\n|-damage|p1b: Sinistcha|88/100|[from] Stealth Rock\n|-heal|p1a: Tinkaton|77/100|[from] ability: Hospitality|[of] p1b: Sinistcha\n|turn|8\n|\n|t:|1776362265\n|move|p2a: Sableye|Taunt|p1b: Sinistcha\n|-start|p1b: Sinistcha|move: Taunt\n|move|p1a: Tinkaton|Gigaton Hammer|p2b: Kleavor\n|-supereffective|p2b: Kleavor|1\n|-damage|p2b: Kleavor|0 fnt\n|faint|p2b: Kleavor\n|move|p1b: Sinistcha|Matcha Gotcha|p2a: Sableye\n|-damage|p2a: Sableye|0 fnt\n|-heal|p1b: Sinistcha|100/100|[from] drain|[of] p2a: Sableye\n|faint|p2a: Sableye\n|\n|win|blog2\n|raw|blog2's rating: 1090 &rarr; <strong>1120</strong><br />(+30 for winning)\n|raw|925r's rating: 1135 &rarr; <strong>1107</strong><br />(-28 for losing)\n",
  "uploadtime": 1776362272,
  "views": 23,
  "formatid": "gen9championsvgc2026regma",
  "rating": 1107,
  "private": 0,
  "password": null
}