{
  "id": "gen9championsvgc2026regma-2586742068",
  "format": "[Gen 9 Champions] VGC 2026 Reg M-A",
  "players": [
    "Yslade",
    "Lessa_ped"
  ],
  "log": "|j|\u2606Yslade\n|j|\u2606Lessa_ped\n|t:|1776456340\n|gametype|doubles\n|player|p1|Yslade|preschooler|\n|player|p2|Lessa_ped|n|\n|gen|9\n|tier|[Gen 9 Champions] VGC 2026 Reg M-A\n|rule|Species Clause: Limit one of each Pok\u00e9mon\n|rule|Item Clause: Limit 1 of each item\n|clearpoke\n|poke|p1|Oranguru, L50, F|\n|poke|p1|Torkoal, L50, M|\n|poke|p1|Hatterene, L50, F|\n|poke|p1|Drampa, L50, F|\n|poke|p1|Venusaur, L50, M|\n|poke|p1|Incineroar, L50, F|\n|poke|p2|Archaludon, L50, F|\n|poke|p2|Pelipper, L50, M|\n|poke|p2|Sneasler, L50, M|\n|poke|p2|Incineroar, L50, F|\n|poke|p2|Basculegion, L50, M|\n|poke|p2|Meganium, L50, F|\n|teampreview|4\n|inactive|Battle timer is ON: inactive players will automatically lose when time's up. (requested by Yslade)\nYslade rejected open team sheets.\n|inactive|Lessa_ped has 60 seconds left.\n|\n|t:|1776456387\n|teamsize|p1|4\n|teamsize|p2|4\n|start\n|switch|p1a: Oranguru|Oranguru, L50, F|100/100\n|switch|p1b: Drampa|Drampa, L50, F|100/100\n|switch|p2a: Basculegion|Basculegion, L50, M, shiny|100/100\n|switch|p2b: Archaludon|Archaludon, L50, F, shiny|100/100\n|turn|1\n|inactive|Lessa_ped has 30 seconds left.\n|\n|t:|1776456417\n|switch|p1b: Hatterene|Hatterene, L50, F|100/100\n|move|p2a: Basculegion|Wave Crash|p1a: Oranguru\n|-damage|p1a: Oranguru|44/100\n|-damage|p2a: Basculegion|82/100|[from] Recoil\n|move|p2b: Archaludon|Draco Meteor|p1b: Hatterene\n|-immune|p1b: Hatterene\n|move|p1a: Oranguru|Trick Room|p1a: Oranguru\n|-fieldstart|move: Trick Room|[of] p1a: Oranguru\n|\n|upkeep\n|turn|2\n|c|\u2606Lessa_ped|boa troca\n|\n|t:|1776456440\n|move|p2b: Archaludon|Protect|p2b: Archaludon\n|-singleturn|p2b: Archaludon|Protect\n|move|p2a: Basculegion|Aqua Jet|p1a: Oranguru\n|-damage|p1a: Oranguru|25/100\n|move|p1b: Hatterene|Dazzling Gleam|p2a: Basculegion|[spread] p2a\n|-activate|p2b: Archaludon|move: Protect\n|-damage|p2a: Basculegion|42/100\n|move|p1a: Oranguru|Instruct|p1b: Hatterene\n|-singleturn|p1b: Hatterene|move: Instruct|[of] p1a: Oranguru\n|move|p1b: Hatterene|Dazzling Gleam|p2b: Archaludon|[spread] p2a\n|-activate|p2b: Archaludon|move: Protect\n|-damage|p2a: Basculegion|5/100\n|\n|upkeep\n|turn|3\n|inactive|Yslade has 30 seconds left.\n|\n|t:|1776456472\n|move|p1b: Hatterene|Protect|p1b: Hatterene\n|-singleturn|p1b: Hatterene|Protect\n|move|p2a: Basculegion|Protect|p2a: Basculegion\n|-singleturn|p2a: Basculegion|Protect\n|move|p1a: Oranguru|Psyshock|p2a: Basculegion\n|-activate|p2a: Basculegion|move: Protect\n|move|p2b: Archaludon|Flash Cannon|p1b: Hatterene\n|-activate|p1b: Hatterene|move: Protect\n|\n|upkeep\n|turn|4\n|\n|t:|1776456483\n|switch|p1b: Torkoal|Torkoal, L50, M|100/100\n|-weather|SunnyDay|[from] ability: Drought|[of] p1b: Torkoal\n|move|p2a: Basculegion|Aqua Jet|p1a: Oranguru\n|-damage|p1a: Oranguru|17/100\n|move|p1a: Oranguru|Psyshock|p2a: Basculegion\n|-damage|p2a: Basculegion|0 fnt\n|faint|p2a: Basculegion\n|move|p2b: Archaludon|Flash Cannon|p1b: Torkoal\n|-resisted|p1b: Torkoal|1\n|-damage|p1b: Torkoal|74/100\n|\n|-weather|SunnyDay|[upkeep]\n|upkeep\n|\n|t:|1776456489\n|switch|p2a: Pelipper|Pelipper, L50, M, shiny|100/100\n|-weather|RainDance|[from] ability: Drizzle|[of] p2a: Pelipper\n|turn|5\n|\n|t:|1776456505\n|move|p2b: Archaludon|Protect|p2b: Archaludon\n|-singleturn|p2b: Archaludon|Protect\n|move|p2a: Pelipper|Protect|p2a: Pelipper\n|-singleturn|p2a: Pelipper|Protect\n|move|p1b: Torkoal|Earth Power|p2b: Archaludon\n|-activate|p2b: Archaludon|move: Protect\n|move|p1a: Oranguru|Instruct|p1b: Torkoal\n|-singleturn|p1b: Torkoal|move: Instruct|[of] p1a: Oranguru\n|move|p1b: Torkoal|Earth Power|p2b: Archaludon\n|-activate|p2b: Archaludon|move: Protect\n|\n|-weather|RainDance|[upkeep]\n|-fieldend|move: Trick Room\n|upkeep\n|turn|6\n|\n|t:|1776456523\n|switch|p1b: Drampa|Drampa, L50, F|100/100\n|move|p2a: Pelipper|Weather Ball|p1b: Drampa\n|-resisted|p1b: Drampa|1\n|-crit|p1b: Drampa\n|-damage|p1b: Drampa|52/100\n|move|p2b: Archaludon|Draco Meteor|p1a: Oranguru\n|-damage|p1a: Oranguru|0 fnt\n|-unboost|p2b: Archaludon|spa|2\n|faint|p1a: Oranguru\n|\n|-weather|RainDance|[upkeep]\n|upkeep\n|\n|t:|1776456537\n|switch|p1a: Hatterene|Hatterene, L50, F|100/100\n|turn|7\n|\n|t:|1776456553\n|detailschange|p1b: Drampa|Drampa-Mega, L50, F\n|-mega|p1b: Drampa|Drampa|Drampanite\n|move|p2b: Archaludon|Protect|p2b: Archaludon\n|-singleturn|p2b: Archaludon|Protect\n|move|p2a: Pelipper|Hurricane|p1b: Drampa\n|-damage|p1b: Drampa|10/100\n|-ability|p1b: Drampa|Berserk|boost\n|-boost|p1b: Drampa|spa|1\n|move|p1b: Drampa|Calm Mind|p1b: Drampa\n|-boost|p1b: Drampa|spa|1\n|-boost|p1b: Drampa|spd|1\n|move|p1a: Hatterene|Trick Room|p1a: Hatterene\n|-fieldstart|move: Trick Room|[of] p1a: Hatterene\n|\n|-weather|RainDance|[upkeep]\n|upkeep\n|turn|8\n|inactive|Lessa_ped has 30 seconds left.\n|\n|t:|1776456579\n|switch|p2b: Sneasler|Sneasler, L50, M, shiny|100/100\n|move|p1a: Hatterene|Psychic|p2a: Pelipper\n|-crit|p2a: Pelipper\n|-enditem|p2a: Pelipper|Focus Sash\n|-damage|p2a: Pelipper|1/100\n|move|p1b: Drampa|Draco Meteor|p2b: Sneasler\n|-damage|p2b: Sneasler|0 fnt\n|-unboost|p1b: Drampa|spa|2\n|faint|p2b: Sneasler\n|move|p2a: Pelipper|Hurricane|p1b: Drampa\n|-damage|p1b: Drampa|0 fnt\n|faint|p1b: Drampa\n|\n|-weather|RainDance|[upkeep]\n|upkeep\n|\n|t:|1776456590\n|switch|p1b: Torkoal|Torkoal, L50, M|74/100\n|switch|p2b: Archaludon|Archaludon, L50, F, shiny|100/100\n|-weather|SunnyDay|[from] ability: Drought|[of] p1b: Torkoal\n|turn|9\n|\n|t:|1776456614\n|move|p2a: Pelipper|Protect|p2a: Pelipper\n|-singleturn|p2a: Pelipper|Protect\n|move|p1b: Torkoal|Earth Power|p2b: Archaludon\n|-supereffective|p2b: Archaludon|1\n|-damage|p2b: Archaludon|52/100\n|-ability|p2b: Archaludon|Stamina|boost\n|-boost|p2b: Archaludon|def|1\n|move|p1a: Hatterene|Dazzling Gleam|p2b: Archaludon|[spread] p2b\n|-activate|p2a: Pelipper|move: Protect\n|-damage|p2b: Archaludon|20/100\n|-ability|p2b: Archaludon|Stamina|boost\n|-boost|p2b: Archaludon|def|1\n|move|p2b: Archaludon|Draco Meteor|p1b: Torkoal\n|-damage|p1b: Torkoal|0 fnt\n|-unboost|p2b: Archaludon|spa|2\n|faint|p1b: Torkoal\n|\n|-weather|SunnyDay|[upkeep]\n|-heal|p2b: Archaludon|26/100|[from] item: Leftovers\n|upkeep\n|turn|10\n|\n|t:|1776456637\n|move|p2b: Archaludon|Protect|p2b: Archaludon\n|-singleturn|p2b: Archaludon|Protect\n|move|p1a: Hatterene|Dazzling Gleam|p2b: Archaludon|[spread] p2a\n|-activate|p2b: Archaludon|move: Protect\n|-damage|p2a: Pelipper|0 fnt\n|faint|p2a: Pelipper\n|\n|-weather|SunnyDay|[upkeep]\n|-heal|p2b: Archaludon|32/100|[from] item: Leftovers\n|upkeep\n|turn|11\n|\n|t:|1776456647\n|move|p1a: Hatterene|Dazzling Gleam|p2b: Archaludon\n|-damage|p2b: Archaludon|0 fnt\n|faint|p2b: Archaludon\n|\n|win|Yslade\n",
  "uploadtime": 1776456650,
  "views": 42,
  "formatid": "gen9championsvgc2026regma",
  "rating": null,
  "private": 0,
  "password": null
}