{
  "id": "gen9championsvgc2026regma-2580854389",
  "format": "[Gen 9 Champions] VGC 2026 Reg M-A",
  "players": [
    "omaster6",
    "Samcham"
  ],
  "log": "|j|\u2606omaster6\n|j|\u2606Samcham\n|inactive|Battle timer is ON: inactive players will automatically lose when time's up.\n|t:|1775937939\n|gametype|doubles\n|player|p1|omaster6|chuck|\n|player|p2|Samcham|266|\n|gen|9\n|tier|[Gen 9 Champions] VGC 2026 Reg M-A\n|rated|Tournament battle\n|rule|Species Clause: Limit one of each Pok\u00e9mon\n|rule|Item Clause: Limit 1 of each item\n|clearpoke\n|poke|p1|Aerodactyl, L50, M|\n|poke|p1|Sableye, L50, F|\n|poke|p1|Manectric, L50, M|\n|poke|p1|Pelipper, L50, M|\n|poke|p1|Sneasler, L50, F|\n|poke|p1|Archaludon, L50, M|\n|poke|p2|Clefable, L50, M|\n|poke|p2|Sneasler, L50, F|\n|poke|p2|Incineroar, L50, M|\n|poke|p2|Sinistcha, L50|\n|poke|p2|Hydreigon, L50, M|\n|poke|p2|Froslass, L50, F|\n|teampreview|4\n|j|*Lady Monita \n|j| BB-8-NU\n|c|\u2606Samcham|glhf!!\n|j| cherry786\n|l| cherry786\n|inactive|omaster6 has 60 seconds left.\n|inactive|Samcham has 60 seconds left.\n|\n|t:|1775937988\n|teamsize|p1|4\n|teamsize|p2|4\n|start\n|switch|p1a: Sableye|Sableye, L50, F|100/100\n|switch|p1b: Sneasler|Sneasler, L50, F|100/100\n|switch|p2a: Sneasler|Sneasler, L50, F|100/100\n|switch|p2b: Froslass|Froslass, L50, F|100/100\n|turn|1\n|\n|t:|1775938008\n|switch|p2b: Incineroar|Incineroar, L50, M|100/100\n|-ability|p2b: Incineroar|Intimidate|boost\n|-unboost|p1a: Sableye|atk|1\n|-unboost|p1b: Sneasler|atk|1\n|-enditem|p1b: Sneasler|White Herb\n|-clearnegativeboost|p1b: Sneasler|[silent]\n|move|p1a: Sableye|Protect|p1a: Sableye\n|-singleturn|p1a: Sableye|Protect\n|move|p1b: Sneasler|Protect|p1b: Sneasler\n|-singleturn|p1b: Sneasler|Protect\n|move|p2a: Sneasler|Fake Out|p1b: Sneasler\n|-activate|p1b: Sneasler|move: Protect\n|\n|upkeep\n|turn|2\n|\n|t:|1775938029\n|move|p2b: Incineroar|Fake Out|p1b: Sneasler\n|-damage|p1b: Sneasler|81/100\n|move|p1a: Sableye|Encore|p2a: Sneasler\n|-start|p2a: Sneasler|Encore\n|move|p2a: Sneasler|Fake Out||[still]\n|-hint|Fake Out only works on your first turn out.\n|-fail|p2a: Sneasler\n|cant|p1b: Sneasler|flinch\n|\n|upkeep\n|turn|3\n|\n|t:|1775938045\n|switch|p2a: Froslass|Froslass, L50, F|100/100\n|move|p1a: Sableye|Rain Dance|p1a: Sableye\n|-weather|RainDance\n|move|p1b: Sneasler|Close Combat|p2b: Incineroar\n|-supereffective|p2b: Incineroar|1\n|-damage|p2b: Incineroar|0 fnt\n|-unboost|p1b: Sneasler|def|1\n|-unboost|p1b: Sneasler|spd|1\n|faint|p2b: Incineroar\n|\n|-weather|RainDance|[upkeep]\n|upkeep\n|\n|t:|1775938056\n|switch|p2b: Sinistcha|Sinistcha, L50|100/100\n|turn|4\n|j| MyPokemonRBad12\n|\n|t:|1775938079\n|switch|p1b: Archaludon|Archaludon, L50, M|100/100\n|detailschange|p2a: Froslass|Froslass-Mega, L50, F\n|-mega|p2a: Froslass|Froslass|Froslassite\n|-weather|Snowscape|[from] ability: Snow Warning|[of] p2a: Froslass\n|move|p2b: Sinistcha|Rage Powder|p2b: Sinistcha\n|-singleturn|p2b: Sinistcha|move: Rage Powder\n|move|p1a: Sableye|Rain Dance|p1a: Sableye\n|-weather|RainDance\n|move|p2a: Froslass|Blizzard|p1a: Sableye|[spread] p1a,p1b\n|-damage|p1a: Sableye|44/100\n|-damage|p1b: Archaludon|55/100\n|-status|p1b: Archaludon|frz\n|-ability|p1b: Archaludon|Stamina|boost\n|-boost|p1b: Archaludon|def|1\n|\n|-weather|RainDance|[upkeep]\n|-heal|p1b: Archaludon|60/100 frz|[from] item: Leftovers\n|upkeep\n|turn|5\n|j| inakunana\n|inactive|omaster6 has 30 seconds left.\n|inactive|omaster6 has 20 seconds left.\n|\n|t:|1775938116\n|switch|p2b: Sneasler|Sneasler, L50, F|100/100\n|switch|p1a: Sneasler|Sneasler, L50, F|81/100\n|move|p2a: Froslass|Blizzard|p1a: Sneasler|[spread] p1b\n|-miss|p2a: Froslass|p1a: Sneasler\n|-damage|p1b: Archaludon|16/100 frz\n|-ability|p1b: Archaludon|Stamina|boost\n|-boost|p1b: Archaludon|def|1\n|cant|p1b: Archaludon|frz\n|\n|-weather|RainDance|[upkeep]\n|-heal|p1b: Archaludon|22/100 frz|[from] item: Leftovers\n|upkeep\n|turn|6\n|j|@JoelMasterX\n|j| leon121212\n|inactive|omaster6 has 30 seconds left.\n|inactive|omaster6 has 20 seconds left.\n|inactive|omaster6 has 15 seconds left.\n|\n|t:|1775938159\n|-curestatus|p1b: Archaludon|frz|[msg]\n|move|p1b: Archaludon|Protect|p1b: Archaludon\n|-singleturn|p1b: Archaludon|Protect\n|move|p2b: Sneasler|Fake Out|p1a: Sneasler\n|-damage|p1a: Sneasler|56/100\n|cant|p1a: Sneasler|flinch\n|move|p2a: Froslass|Blizzard|p1b: Archaludon|[spread] \n|-activate|p1b: Archaludon|move: Protect\n|-miss|p2a: Froslass|p1a: Sneasler\n|\n|-weather|RainDance|[upkeep]\n|-heal|p1b: Archaludon|28/100|[from] item: Leftovers\n|upkeep\n|turn|7\n|\n|t:|1775938182\n|move|p2b: Sneasler|Close Combat|p1b: Archaludon\n|-supereffective|p1b: Archaludon|1\n|-damage|p1b: Archaludon|0 fnt\n|-unboost|p2b: Sneasler|def|1\n|-unboost|p2b: Sneasler|spd|1\n|faint|p1b: Archaludon\n|move|p2a: Froslass|Blizzard|p1a: Sneasler\n|-damage|p1a: Sneasler|0 fnt\n|faint|p1a: Sneasler\n|\n|-weather|RainDance|[upkeep]\n|upkeep\n|\n|t:|1775938192\n|switch|p1a: Sableye|Sableye, L50, F|44/100\n|switch|p1b: Manectric|Manectric, L50, M|100/100\n|turn|8\n|\n|t:|1775938214\n|switch|p2a: Sinistcha|Sinistcha, L50|100/100\n|detailschange|p1b: Manectric|Manectric-Mega, L50, M\n|-mega|p1b: Manectric|Manectric|Manectite\n|-ability|p1b: Manectric|Intimidate|boost\n|-unboost|p2a: Sinistcha|atk|1\n|-unboost|p2b: Sneasler|atk|1\n|move|p1a: Sableye|Disable|p2b: Sneasler\n|-start|p2b: Sneasler|Disable|Close Combat\n|move|p1b: Manectric|Thunder|p2a: Sinistcha\n|-resisted|p2a: Sinistcha|1\n|-damage|p2a: Sinistcha|77/100\n|move|p2b: Sneasler|Dire Claw|p1b: Manectric\n|-damage|p1b: Manectric|67/100\n|-status|p1b: Manectric|psn\n|\n|-weather|none\n|-damage|p1b: Manectric|55/100 psn|[from] psn\n|upkeep\n|turn|9\n|inactive|omaster6 has 30 seconds left.\n|\n|t:|1775938245\n|move|p1a: Sableye|Encore|p2b: Sneasler\n|-start|p2b: Sneasler|Encore\n|move|p1b: Manectric|Flamethrower|p2a: Sinistcha\n|-supereffective|p2a: Sinistcha|1\n|-damage|p2a: Sinistcha|26/100\n|move|p2b: Sneasler|Dire Claw|p1b: Manectric\n|-damage|p1b: Manectric|22/100 psn\n|move|p2a: Sinistcha|Matcha Gotcha|p1b: Manectric|[spread] p1b\n|-miss|p2a: Sinistcha|p1a: Sableye\n|-damage|p1b: Manectric|0 fnt\n|-heal|p2a: Sinistcha|35/100|[from] drain|[of] p1b: Manectric\n|faint|p1b: Manectric\n|\n|upkeep\n|turn|10\n|c|\u2606omaster6|gg\n|-message|omaster6 forfeited.\n|\n|win|Samcham\n|n|\u2606omaster6|omaster6\n|n|\u2606Samcham|samcham\n|n|*Lady Monita |ladymonita\n|n| BB-8-NU|bb8nu\n|n| MyPokemonRBad12|mypokemonrbad12\n|n| inakunana|inakunana\n|n| JoelMasterX|joelmasterx\n|n| leon121212|leon121212\n|l|*Lady Monita \n",
  "uploadtime": 1775938264,
  "views": 13,
  "formatid": "gen9championsvgc2026regma",
  "rating": null,
  "private": 0,
  "password": null
}