{
  "id": "gen9championsvgc2026regma-2582617148",
  "format": "[Gen 9 Champions] VGC 2026 Reg M-A",
  "players": [
    "Knawtcho",
    "Cooperhawk10"
  ],
  "log": "|j|\u2606Knawtcho\n|j|\u2606Cooperhawk10\n|t:|1776102897\n|gametype|doubles\n|player|p1|Knawtcho|101|\n|player|p2|Cooperhawk10|cynthia|\n|gen|9\n|tier|[Gen 9 Champions] VGC 2026 Reg M-A\n|rule|Species Clause: Limit one of each Pok\u00e9mon\n|rule|Item Clause: Limit 1 of each item\n|clearpoke\n|poke|p1|Excadrill, L50, M|\n|poke|p1|Tyranitar, L50, M|\n|poke|p1|Rotom-Wash, L50|\n|poke|p1|Incineroar, L50, M|\n|poke|p1|Sinistcha, L50|\n|poke|p1|Floette-Eternal, L50, F|\n|poke|p2|Gengar, L50, M|\n|poke|p2|Incineroar, L50, F|\n|poke|p2|Politoed, L50, F|\n|poke|p2|Sinistcha, L50|\n|poke|p2|Palafin, L50, F|\n|poke|p2|Meganium, L50, M|\n|teampreview|4\n|c|\u2606Cooperhawk10|GFHL\nCooperhawk10 has agreed to open team sheets.\nKnawtcho rejected open team sheets.\n|\n|t:|1776102963\n|teamsize|p1|4\n|teamsize|p2|4\n|start\n|switch|p1a: Excadrill|Excadrill, L50, M|100/100\n|switch|p1b: Tyranitar|Tyranitar, L50, M|100/100\n|switch|p2a: Sinistcha|Sinistcha, L50|100/100\n|switch|p2b: Meganium|Meganium, L50, M|100/100\n|-weather|Sandstorm|[from] ability: Sand Stream|[of] p1b: Tyranitar\n|turn|1\n|\n|t:|1776102978\n|detailschange|p2b: Meganium|Meganium-Mega, L50, M\n|-mega|p2b: Meganium|Meganium|Meganiumite\n|move|p1a: Excadrill|Rock Slide|p2b: Meganium|[spread] p2a,p2b\n|-damage|p2a: Sinistcha|81/100\n|-damage|p2b: Meganium|82/100\n|move|p2b: Meganium|Solar Beam||[still]\n|-prepare|p2b: Meganium|Solar Beam\n|-activate|p2b: Meganium|ability: Mega Sol\n|-anim|p2b: Meganium|Solar Beam|p1b: Tyranitar\n|-supereffective|p1b: Tyranitar|1\n|-damage|p1b: Tyranitar|0 fnt\n|faint|p1b: Tyranitar\n|cant|p2a: Sinistcha|flinch\n|\n|-weather|Sandstorm|[upkeep]\n|-damage|p2b: Meganium|76/100|[from] Sandstorm\n|-damage|p2a: Sinistcha|74/100|[from] Sandstorm\n|-heal|p2a: Sinistcha|81/100|[from] item: Leftovers\n|upkeep\n|inactive|Battle timer is ON: inactive players will automatically lose when time's up. (requested by Cooperhawk10)\n|\n|t:|1776102992\n|switch|p1b: Sinistcha|Sinistcha, L50|100/100\n|turn|2\n|\n|t:|1776103000\n|switch|p2b: Politoed|Politoed, L50, F|100/100\n|-weather|RainDance|[from] ability: Drizzle|[of] p2b: Politoed\n|move|p1a: Excadrill|Rock Slide|p2a: Sinistcha|[spread] p2a,p2b\n|-damage|p2a: Sinistcha|58/100\n|-damage|p2b: Politoed|81/100\n|move|p1b: Sinistcha|Imprison|p1b: Sinistcha\n|-start|p1b: Sinistcha|move: Imprison\n|cant|p2a: Sinistcha|move: Imprison|Matcha Gotcha\n|\n|-weather|RainDance|[upkeep]\n|-heal|p2a: Sinistcha|65/100|[from] item: Leftovers\n|upkeep\n|turn|3\n|\n|t:|1776103016\n|move|p1a: Excadrill|Protect|p1a: Excadrill\n|-singleturn|p1a: Excadrill|Protect\n|move|p1b: Sinistcha|Rage Powder|p1b: Sinistcha\n|-singleturn|p1b: Sinistcha|move: Rage Powder\n|move|p2a: Sinistcha|Foul Play|p1a: Excadrill\n|-activate|p1a: Excadrill|move: Protect\n|move|p2b: Politoed|Muddy Water|p1b: Sinistcha|[spread] p1b\n|-activate|p1a: Excadrill|move: Protect\n|-resisted|p1b: Sinistcha|1\n|-damage|p1b: Sinistcha|83/100\n|\n|-weather|RainDance|[upkeep]\n|-heal|p2a: Sinistcha|71/100|[from] item: Leftovers\n|upkeep\n|turn|4\n|\n|t:|1776103040\n|switch|p1a: Rotom|Rotom-Wash, L50|100/100\n|move|p1b: Sinistcha|Life Dew||[still]|[spread] p1a,p1b\n|-fail|p1a: Rotom|heal\n|-heal|p1b: Sinistcha|100/100\n|move|p2a: Sinistcha|Foul Play|p1a: Rotom\n|-damage|p1a: Rotom|82/100\n|move|p2b: Politoed|Icy Wind|p1b: Sinistcha|[spread] p1a,p1b\n|-resisted|p1a: Rotom|1\n|-supereffective|p1b: Sinistcha|1\n|-damage|p1a: Rotom|76/100\n|-damage|p1b: Sinistcha|83/100\n|-unboost|p1a: Rotom|spe|1\n|-unboost|p1b: Sinistcha|spe|1\n|\n|-weather|RainDance|[upkeep]\n|-heal|p1a: Rotom|82/100|[from] item: Leftovers\n|-heal|p2a: Sinistcha|77/100|[from] item: Leftovers\n|upkeep\n|turn|5\n|\n|t:|1776103060\n|switch|p2a: Palafin|Palafin, L50, F|100/100\n|move|p1b: Sinistcha|Rage Powder|p1b: Sinistcha\n|-singleturn|p1b: Sinistcha|move: Rage Powder\n|move|p1a: Rotom|Hydro Pump|p2b: Politoed\n|-resisted|p2b: Politoed|1\n|-damage|p2b: Politoed|50/100\n|-enditem|p2b: Politoed|Sitrus Berry|[eat]\n|-heal|p2b: Politoed|75/100|[from] item: Sitrus Berry\n|move|p2b: Politoed|Icy Wind|p1b: Sinistcha|[spread] p1a,p1b\n|-resisted|p1a: Rotom|1\n|-supereffective|p1b: Sinistcha|1\n|-damage|p1a: Rotom|75/100\n|-damage|p1b: Sinistcha|63/100\n|-unboost|p1a: Rotom|spe|1\n|-unboost|p1b: Sinistcha|spe|1\n|\n|-weather|RainDance|[upkeep]\n|-heal|p1a: Rotom|81/100|[from] item: Leftovers\n|upkeep\n|turn|6\n|\n|t:|1776103079\n|detailschange|p2a: Palafin|Palafin-Hero, L50, F\n|switch|p2a: Meganium|Meganium-Mega, L50, M|76/100\n|switch|p2b: Sinistcha|Sinistcha, L50|77/100\n|-heal|p2a: Meganium|100/100|[from] ability: Hospitality|[of] p2b: Sinistcha\n|move|p1b: Sinistcha|Rage Powder|p1b: Sinistcha\n|-singleturn|p1b: Sinistcha|move: Rage Powder\n|move|p1a: Rotom|Thunderbolt|p2b: Sinistcha\n|-resisted|p2b: Sinistcha|1\n|-damage|p2b: Sinistcha|60/100\n|\n|-weather|none\n|-heal|p2b: Sinistcha|66/100|[from] item: Leftovers\n|-heal|p1a: Rotom|86/100|[from] item: Leftovers\n|upkeep\n|turn|7\n|-message|Knawtcho forfeited.\n|\n|win|Cooperhawk10\n|l|\u2606Knawtcho\n|player|p1|\n",
  "uploadtime": 1776103095,
  "views": 13,
  "formatid": "gen9championsvgc2026regma",
  "rating": null,
  "private": 0,
  "password": null
}