{
  "id": "gen9championsvgc2026regma-2583718353",
  "format": "[Gen 9 Champions] VGC 2026 Reg M-A",
  "players": [
    "Rworwo",
    "swagmoding"
  ],
  "log": "|j|\u2606Rworwo\n|j|\u2606swagmoding\n|t:|1776192993\n|gametype|doubles\n|player|p1|Rworwo|pokefan|1185\n|player|p2|swagmoding|rocketgruntf|1107\n|gen|9\n|tier|[Gen 9 Champions] VGC 2026 Reg M-A\n|rated|\n|rule|Species Clause: Limit one of each Pok\u00e9mon\n|rule|Item Clause: Limit 1 of each item\n|clearpoke\n|poke|p1|Houndoom, L50, F|\n|poke|p1|Torkoal, L50, M|\n|poke|p1|Mimikyu, L50, M|\n|poke|p1|Rotom-Mow, L50|\n|poke|p1|Tauros-Paldea-Aqua, L50, M|\n|poke|p1|Kleavor, L50, M|\n|poke|p2|Pelipper, L50, M|\n|poke|p2|Basculegion, L50, M|\n|poke|p2|Meganium, L50, F|\n|poke|p2|Aerodactyl, L50, M|\n|poke|p2|Archaludon, L50, M|\n|poke|p2|Rotom-Wash, L50|\n|teampreview|4\n|inactive|Battle timer is ON: inactive players will automatically lose when time's up. (requested by Rworwo)\n|inactive|Rworwo has 60 seconds left.\n|\n|t:|1776193031\n|teamsize|p1|4\n|teamsize|p2|4\n|start\n|switch|p1a: Mimikyu|Mimikyu, L50, M|100/100\n|switch|p1b: Rotom|Rotom-Mow, L50|100/100\n|switch|p2a: Aerodactyl|Aerodactyl, L50, M|100/100\n|switch|p2b: Basculegion|Basculegion, L50, M|100/100\n|turn|1\n|inactive|swagmoding has 30 seconds left.\n|\n|t:|1776193059\n|move|p2b: Basculegion|Ice Fang|p1b: Rotom\n|-supereffective|p1b: Rotom|1\n|-damage|p1b: Rotom|44/100\n|move|p2a: Aerodactyl|Tailwind|p2a: Aerodactyl\n|-sidestart|p2: swagmoding|move: Tailwind\n|move|p1b: Rotom|Volt Switch|p2a: Aerodactyl\n|-supereffective|p2a: Aerodactyl|1\n|-enditem|p2a: Aerodactyl|Focus Sash\n|-damage|p2a: Aerodactyl|1/100\n|\n|t:|1776193073\n|switch|p1b: Houndoom|Houndoom, L50, F|100/100|[from] Volt Switch\n|move|p1a: Mimikyu|Trick Room|p1a: Mimikyu\n|-fieldstart|move: Trick Room|[of] p1a: Mimikyu\n|\n|upkeep\n|turn|2\n|\n|t:|1776193096\n|detailschange|p1b: Houndoom|Houndoom-Mega, L50, F\n|-mega|p1b: Houndoom|Houndoom|Houndoominite\n|move|p2a: Aerodactyl|Protect|p2a: Aerodactyl\n|-singleturn|p2a: Aerodactyl|Protect\n|move|p1a: Mimikyu|Shadow Claw|p2a: Aerodactyl\n|-activate|p2a: Aerodactyl|move: Protect\n|move|p1b: Houndoom|Dark Pulse|p2b: Basculegion\n|-supereffective|p2b: Basculegion|1\n|-damage|p2b: Basculegion|0 fnt\n|faint|p2b: Basculegion\n|\n|upkeep\n|\n|t:|1776193107\n|switch|p2b: Pelipper|Pelipper, L50, M|100/100\n|-weather|RainDance|[from] ability: Drizzle|[of] p2b: Pelipper\n|turn|3\n|\n|t:|1776193122\n|move|p1b: Houndoom|Protect|p1b: Houndoom\n|-singleturn|p1b: Houndoom|Protect\n|move|p1a: Mimikyu|Shadow Claw|p2a: Aerodactyl\n|-damage|p2a: Aerodactyl|0 fnt\n|faint|p2a: Aerodactyl\n|move|p2b: Pelipper|Hurricane|p1a: Mimikyu\n|-activate|p1a: Mimikyu|ability: Disguise\n|-damage|p1a: Mimikyu|100/100\n|detailschange|p1a: Mimikyu|Mimikyu-Busted, L50, M\n|-damage|p1a: Mimikyu|88/100|[from] pokemon: Mimikyu-Busted\n|\n|-weather|RainDance|[upkeep]\n|upkeep\n|\n|t:|1776193136\n|switch|p2a: Meganium|Meganium, L50, F, shiny|100/100\n|turn|4\n|inactive|swagmoding has 30 seconds left.\n|\n|t:|1776193169\n|switch|p1a: Torkoal|Torkoal, L50, M|100/100\n|-weather|SunnyDay|[from] ability: Drought|[of] p1a: Torkoal\n|detailschange|p2a: Meganium|Meganium-Mega, L50, F, shiny\n|-mega|p2a: Meganium|Meganium|Meganiumite\n|move|p2b: Pelipper|Helping Hand|p2a: Meganium\n|-singleturn|p2a: Meganium|Helping Hand|[of] p2b: Pelipper\n|move|p1b: Houndoom|Heat Wave|p2b: Pelipper|[spread] p2a,p2b\n|-supereffective|p2a: Meganium|1\n|-resisted|p2b: Pelipper|1\n|-damage|p2a: Meganium|0 fnt\n|-damage|p2b: Pelipper|43/100\n|faint|p2a: Meganium\n|\n|-weather|SunnyDay|[upkeep]\n|-damage|p1b: Houndoom|88/100|[from] ability: Solar Power|[of] p1b: Houndoom\n|-sideend|p2: swagmoding|move: Tailwind\n|upkeep\n|turn|5\n|-message|swagmoding forfeited.\n|\n|win|Rworwo\n|raw|Rworwo's rating: 1185 &rarr; <strong>1204</strong><br />(+19 for winning)\n|raw|swagmoding's rating: 1107 &rarr; <strong>1088</strong><br />(-19 for losing)\n|l|\u2606swagmoding\n|player|p2|\n",
  "uploadtime": 1776193189,
  "views": 18,
  "formatid": "gen9championsvgc2026regma",
  "rating": 1088,
  "private": 0,
  "password": null
}