{
  "id": "gen9championsvgc2026regma-2584333887",
  "format": "[Gen 9 Champions] VGC 2026 Reg M-A",
  "players": [
    "CanYouFeelTheRush?",
    "klongapoke"
  ],
  "log": "|j|\u2606CanYouFeelTheRush?\n|j|\u2606klongapoke\n|html|<table width=\"100%\"><tr><td align=\"left\">CanYouFeelTheRush?</td><td align=\"right\">klongapoke</tr><tr><td align=\"left\"><i class=\"fa fa-circle-o\"></i> <i class=\"fa fa-circle-o\"></i> </td><td align=\"right\"><i class=\"fa fa-circle-o\"></i> <i class=\"fa fa-circle-o\"></i> </tr></table>\n|uhtml|bestof|<h2><strong>Game 1</strong> of <a href=\"/game-bestof3-gen9championsvgc2026regma-2584333886\">a best-of-3</a></h2>\n|t:|1776252298\n|gametype|doubles\n|player|p1|CanYouFeelTheRush?|170|\n|player|p2|klongapoke|ingo|\n|gen|9\n|tier|[Gen 9 Champions] VGC 2026 Reg M-A\n|rated|Tournament battle\n|rule|Species Clause: Limit one of each Pok\u00e9mon\n|rule|Item Clause: Limit 1 of each item\n|raw|<div class=\"infobox\"><details class=\"readmore\" open><summary><strong>2 custom rules:</strong></summary> Force Open Team Sheets, Best of = 3</details></div>\n|clearpoke\n|poke|p1|Whimsicott, L50, M|\n|poke|p1|Floette-Eternal, L50, F|\n|poke|p1|Incineroar, L50, F|\n|poke|p1|Garchomp, L50, M|\n|poke|p1|Sneasler, L50, F|\n|poke|p1|Corviknight, L50, F|\n|poke|p2|Gengar, L50, M|\n|poke|p2|Aerodactyl, L50, F|\n|poke|p2|Kangaskhan, L50, F|\n|poke|p2|Rotom-Wash, L50|\n|poke|p2|Garchomp, L50, M|\n|poke|p2|Incineroar, L50, F|\n|teampreview|4\n|showteam|p1|Whimsicott||FocusSash|Prankster|Protect,Moonblast,Encore,Tailwind|||M|||50|]Floette-Eternal||Floettite|FlowerVeil|Protect,Moonblast,Psychic,DazzlingGleam|||F|||50|]Incineroar||SitrusBerry|Intimidate|FakeOut,ThroatChop,FlareBlitz,PartingShot|||F|||50|]Garchomp||LumBerry|RoughSkin|Protect,StompingTantrum,DragonClaw,RockSlide|||M|||50|]Sneasler||WhiteHerb|Unburden|FakeOut,CloseCombat,DireClaw,RockTomb|||F|||50|]Corviknight||Leftovers|MirrorArmor|BraveBird,IronHead,BodyPress,Roost|||F|||50|\n|showteam|p2|Gengar||Gengarite|CursedBody|Protect,SludgeBomb,ShadowBall,Substitute|||M|||50|]Aerodactyl||FocusSash|Unnerve|Protect,RockSlide,Tailwind,DualWingbeat|||F|||50|]Kangaskhan||Kangaskhanite|InnerFocus|DoubleEdge,FakeOut,SuckerPunch,DrainPunch|||F|||50|]Rotom-Wash||Leftovers|Levitate|Thunderbolt,VoltSwitch,WillOWisp,HydroPump||||||50|]Garchomp||ChoiceScarf|RoughSkin|StompingTantrum,Earthquake,RockSlide,DragonClaw|||M|||50|]Incineroar||SitrusBerry|Intimidate|FlareBlitz,FakeOut,PartingShot,ThroatChop|||F|||50|\n|inactive|Battle timer is ON: inactive players will automatically lose when time's up. (requested by klongapoke)\n|inactive|klongapoke has 60 seconds left.\n|\n|t:|1776252348\n|teamsize|p1|4\n|teamsize|p2|4\n|start\n|switch|p1a: Floette|Floette-Eternal, L50, F|100/100\n|switch|p1b: Incineroar|Incineroar, L50, F|100/100\n|switch|p2a: Gengar|Gengar, L50, M|100/100\n|switch|p2b: Incineroar|Incineroar, L50, F|100/100\n|-ability|p2b: Incineroar|Intimidate|boost\n|-unboost|p1a: Floette|atk|1\n|-unboost|p1b: Incineroar|atk|1\n|-ability|p1b: Incineroar|Intimidate|boost\n|-unboost|p2a: Gengar|atk|1\n|-unboost|p2b: Incineroar|atk|1\n|turn|1\n|\n|t:|1776252370\n|detailschange|p2a: Gengar|Gengar-Mega, L50, M\n|-mega|p2a: Gengar|Gengar|Gengarite\n|detailschange|p1a: Floette|Floette-Mega, L50, F\n|-mega|p1a: Floette|Floette|Floettite\n|-ability|p1a: Floette|Fairy Aura\n|move|p2a: Gengar|Protect|p2a: Gengar\n|-singleturn|p2a: Gengar|Protect\n|move|p2b: Incineroar|Fake Out|p1a: Floette\n|-damage|p1a: Floette|89/100\n|cant|p1a: Floette|flinch\n|move|p1b: Incineroar|Parting Shot|p2a: Gengar\n|-activate|p2a: Gengar|move: Protect\n|\n|upkeep\n|turn|2\n|inactive|klongapoke has 30 seconds left.\n|inactive|klongapoke has 20 seconds left.\n|\n|t:|1776252410\n|move|p1a: Floette|Protect|p1a: Floette\n|-singleturn|p1a: Floette|Protect\n|move|p2a: Gengar|Sludge Bomb|p1a: Floette\n|-activate|p1a: Floette|move: Protect\n|move|p2b: Incineroar|Throat Chop|p1a: Floette\n|-activate|p1a: Floette|move: Protect\n|move|p1b: Incineroar|Parting Shot|p2a: Gengar\n|-unboost|p2a: Gengar|atk|1\n|-unboost|p2a: Gengar|spa|1\n|\n|t:|1776252417\n|switch|p1b: Garchomp|Garchomp, L50, M|100/100|[from] Parting Shot\n|\n|upkeep\n|turn|3\n|\n|t:|1776252434\n|switch|p2a: Rotom|Rotom-Wash, L50, shiny|100/100\n|move|p1b: Garchomp|Dragon Claw|p2b: Incineroar\n|-damage|p2b: Incineroar|52/100\n|move|p1a: Floette|Moonblast|p2b: Incineroar\n|-damage|p2b: Incineroar|0 fnt\n|faint|p2b: Incineroar\n|\n|upkeep\n|\n|t:|1776252442\n|switch|p2b: Gengar|Gengar-Mega, L50, M|100/100\n|turn|4\n|inactive|CanYouFeelTheRush? has 30 seconds left.\n|\n|t:|1776252468\n|move|p1b: Garchomp|Protect|p1b: Garchomp\n|-singleturn|p1b: Garchomp|Protect\n|move|p2b: Gengar|Substitute|p2b: Gengar\n|-start|p2b: Gengar|Substitute\n|-damage|p2b: Gengar|76/100\n|move|p1a: Floette|Moonblast|p2a: Rotom\n|-damage|p2a: Rotom|18/100\n|move|p2a: Rotom|Thunderbolt|p1a: Floette\n|-damage|p1a: Floette|67/100\n|\n|-heal|p2a: Rotom|23/100|[from] item: Leftovers\n|upkeep\n|turn|5\n|\n|t:|1776252482\n|move|p2b: Gengar|Sludge Bomb|p1a: Floette\n|-supereffective|p1a: Floette|1\n|-damage|p1a: Floette|0 fnt\n|faint|p1a: Floette\n|move|p1b: Garchomp|Stomping Tantrum|p2b: Gengar\n|-supereffective|p2b: Gengar|1\n|-end|p2b: Gengar|Substitute\n|move|p2a: Rotom|Hydro Pump|p1b: Garchomp\n|-damage|p1b: Garchomp|57/100\n|\n|-heal|p2a: Rotom|29/100|[from] item: Leftovers\n|upkeep\n|j| ham_unbound\n|\n|t:|1776252493\n|switch|p1a: Whimsicott|Whimsicott, L50, M|100/100\n|turn|6\n|inactive|klongapoke has 30 seconds left.\n|inactive|klongapoke has 20 seconds left.\n|\n|t:|1776252528\n|move|p2b: Gengar|Shadow Ball|p1b: Garchomp\n|-damage|p1b: Garchomp|0 fnt\n|faint|p1b: Garchomp\n|move|p1a: Whimsicott|Moonblast|p2a: Rotom\n|-damage|p2a: Rotom|0 fnt\n|faint|p2a: Rotom\n|\n|upkeep\n|\n|t:|1776252548\n|switch|p1b: Incineroar|Incineroar, L50, F|100/100\n|switch|p2a: Garchomp|Garchomp, L50, M|100/100\n|-ability|p1b: Incineroar|Intimidate|boost\n|-unboost|p2a: Garchomp|atk|1\n|-unboost|p2b: Gengar|atk|1\n|turn|7\n|\n|t:|1776252566\n|move|p1b: Incineroar|Fake Out|p2a: Garchomp\n|-damage|p2a: Garchomp|89/100\n|-damage|p1b: Incineroar|88/100|[from] ability: Rough Skin|[of] p2a: Garchomp\n|cant|p2a: Garchomp|flinch\n|move|p2b: Gengar|Substitute|p2b: Gengar\n|-start|p2b: Gengar|Substitute\n|-damage|p2b: Gengar|52/100\n|move|p1a: Whimsicott|Moonblast|p2a: Garchomp\n|-supereffective|p2a: Garchomp|1\n|-damage|p2a: Garchomp|10/100\n|\n|upkeep\n|turn|8\n|l| ham_unbound\n|\n|t:|1776252580\n|move|p1a: Whimsicott|Encore|p2b: Gengar\n|-start|p2b: Gengar|Encore\n|move|p2a: Garchomp|Stomping Tantrum|p1b: Incineroar\n|-supereffective|p1b: Incineroar|1\n|-damage|p1b: Incineroar|4/100\n|-enditem|p1b: Incineroar|Sitrus Berry|[eat]\n|-heal|p1b: Incineroar|29/100|[from] item: Sitrus Berry\n|move|p2b: Gengar|Substitute|p2b: Gengar\n|-fail|p2b: Gengar|move: Substitute\n|move|p1b: Incineroar|Throat Chop|p2a: Garchomp\n|-damage|p2a: Garchomp|0 fnt\n|-damage|p1b: Incineroar|16/100|[from] ability: Rough Skin|[of] p2a: Garchomp\n|faint|p2a: Garchomp\n|\n|upkeep\n|turn|9\n|\n|t:|1776252591\n|move|p2b: Gengar|Substitute|p2b: Gengar\n|-fail|p2b: Gengar|move: Substitute\n|move|p1a: Whimsicott|Moonblast|p2b: Gengar\n|-resisted|p2b: Gengar|1\n|-activate|p2b: Gengar|move: Substitute|[damage]\n|move|p1b: Incineroar|Throat Chop|p2b: Gengar\n|-supereffective|p2b: Gengar|1\n|-end|p2b: Gengar|Substitute\n|\n|upkeep\n|turn|10\n|\n|t:|1776252604\n|move|p2b: Gengar|Substitute|p2b: Gengar\n|-start|p2b: Gengar|Substitute\n|-damage|p2b: Gengar|27/100\n|move|p1a: Whimsicott|Moonblast|p2b: Gengar\n|-resisted|p2b: Gengar|1\n|-end|p2b: Gengar|Substitute\n|move|p1b: Incineroar|Throat Chop|p2b: Gengar\n|-supereffective|p2b: Gengar|1\n|-damage|p2b: Gengar|0 fnt\n|faint|p2b: Gengar\n|\n|win|CanYouFeelTheRush?\n||klongapoke is ready for game 2.\n||CanYouFeelTheRush? is ready for game 2.\n|uhtml|next|Next: <a href=\"/battle-gen9championsvgc2026regma-2584337063\"><strong>Game 2 of 3</strong></a>\n",
  "uploadtime": 1776252612,
  "views": 20,
  "formatid": "gen9championsvgc2026regma",
  "rating": null,
  "private": 0,
  "password": null
}