{
  "id": "gen9championsvgc2026regma-2584854570",
  "format": "[Gen 9 Champions] VGC 2026 Reg M-A",
  "players": [
    "tzarii",
    "hesan514"
  ],
  "log": "|j|\u2606tzarii\n|j|\u2606hesan514\n|t:|1776288906\n|gametype|doubles\n|player|p1|tzarii|lady-gen4|1255\n|player|p2|hesan514|leon-masters|1297\n|gen|9\n|tier|[Gen 9 Champions] VGC 2026 Reg M-A\n|rated|\n|rule|Species Clause: Limit one of each Pok\u00e9mon\n|rule|Item Clause: Limit 1 of each item\n|clearpoke\n|poke|p1|Blastoise, L50, M|\n|poke|p1|Sinistcha, L50|\n|poke|p1|Sneasler, L50, M|\n|poke|p1|Kingambit, L50, M|\n|poke|p1|Aerodactyl, L50, M|\n|poke|p1|Pelipper, L50, M|\n|poke|p2|Floette-Eternal, L50, F|\n|poke|p2|Aerodactyl, L50, F|\n|poke|p2|Kingambit, L50, F|\n|poke|p2|Gengar, L50, M|\n|poke|p2|Milotic, L50, M|\n|poke|p2|Garchomp, L50, F|\n|teampreview|4\n|inactive|Battle timer is ON: inactive players will automatically lose when time's up. (requested by hesan514)\n|\n|t:|1776288951\n|teamsize|p1|4\n|teamsize|p2|4\n|start\n|switch|p1a: Blastoise|Blastoise, L50, M|100/100\n|switch|p1b: Aerodactyl|Aerodactyl, L50, M|100/100\n|switch|p2a: Garchomp|Garchomp, L50, F|100/100\n|switch|p2b: Aerodactyl|Aerodactyl, L50, F|100/100\n|-ability|p1b: Aerodactyl|Unnerve\n|-ability|p2b: Aerodactyl|Unnerve\n|turn|1\n|\n|t:|1776288964\n|detailschange|p1a: Blastoise|Blastoise-Mega, L50, M\n|-mega|p1a: Blastoise|Blastoise|Blastoisinite\n|move|p1b: Aerodactyl|Tailwind|p1b: Aerodactyl\n|-sidestart|p1: tzarii|move: Tailwind\n|move|p1a: Blastoise|Shell Smash|p1a: Blastoise\n|-unboost|p1a: Blastoise|def|1\n|-unboost|p1a: Blastoise|spd|1\n|-boost|p1a: Blastoise|atk|2\n|-boost|p1a: Blastoise|spa|2\n|-boost|p1a: Blastoise|spe|2\n|move|p2b: Aerodactyl|Tailwind|p2b: Aerodactyl\n|-sidestart|p2: hesan514|move: Tailwind\n|move|p2a: Garchomp|Rock Slide|p1b: Aerodactyl|[spread] p1a,p1b\n|-supereffective|p1b: Aerodactyl|1\n|-damage|p1a: Blastoise|70/100\n|-damage|p1b: Aerodactyl|37/100\n|\n|upkeep\n|turn|2\n|\n|t:|1776288981\n|move|p1a: Blastoise|Protect|p1a: Blastoise\n|-singleturn|p1a: Blastoise|Protect\n|move|p1b: Aerodactyl|Rock Slide|p2a: Garchomp|[spread] p2b\n|-miss|p1b: Aerodactyl|p2a: Garchomp\n|-supereffective|p2b: Aerodactyl|1\n|-damage|p2b: Aerodactyl|19/100\n|move|p2b: Aerodactyl|Rock Slide|p1a: Blastoise|[spread] p1b\n|-activate|p1a: Blastoise|move: Protect\n|-supereffective|p1b: Aerodactyl|1\n|-damage|p1b: Aerodactyl|0 fnt\n|faint|p1b: Aerodactyl\n|move|p2a: Garchomp|Rock Slide|p1a: Blastoise\n|-activate|p1a: Blastoise|move: Protect\n|\n|upkeep\n|\n|t:|1776288983\n|switch|p1b: Sinistcha|Sinistcha, L50|100/100\n|-heal|p1a: Blastoise|95/100|[from] ability: Hospitality|[of] p1b: Sinistcha\n|turn|3\n|\n|t:|1776288993\n|move|p1a: Blastoise|Water Spout|p2b: Aerodactyl|[spread] p2a,p2b\n|-crit|p2a: Garchomp\n|-supereffective|p2b: Aerodactyl|1\n|-damage|p2a: Garchomp|0 fnt\n|-damage|p2b: Aerodactyl|0 fnt\n|faint|p2a: Garchomp\n|faint|p2b: Aerodactyl\n|move|p1b: Sinistcha|Life Dew||[still]|[spread] p1a,p1b\n|-heal|p1a: Blastoise|100/100\n|-fail|p1b: Sinistcha|heal\n|\n|upkeep\n|\n|t:|1776288997\n|switch|p2b: Milotic|Milotic, L50, M|100/100\n|switch|p2a: Floette|Floette-Eternal, L50, F|100/100\n|turn|4\n|\n|t:|1776289009\n|detailschange|p2a: Floette|Floette-Mega, L50, F\n|-mega|p2a: Floette|Floette|Floettite\n|-ability|p2a: Floette|Fairy Aura\n|move|p2b: Milotic|Helping Hand|p2a: Floette\n|-singleturn|p2a: Floette|Helping Hand|[of] p2b: Milotic\n|move|p1a: Blastoise|Water Spout|p2b: Milotic|[spread] p2a,p2b\n|-resisted|p2b: Milotic|1\n|-damage|p2a: Floette|0 fnt\n|-damage|p2b: Milotic|56/100\n|faint|p2a: Floette\n|move|p1b: Sinistcha|Life Dew||[still]|[still]|[spread] \n|-fail|p1a: Blastoise|heal\n|-fail|p1b: Sinistcha|heal\n|\n|-heal|p2b: Milotic|62/100|[from] item: Leftovers\n|-sideend|p1: tzarii|move: Tailwind\n|-sideend|p2: hesan514|move: Tailwind\n|upkeep\n|turn|5\n|-message|hesan514 forfeited.\n|\n|win|tzarii\n|raw|tzarii's rating: 1255 &rarr; <strong>1283</strong><br />(+28 for winning)\n|raw|hesan514's rating: 1297 &rarr; <strong>1269</strong><br />(-28 for losing)\n|l|\u2606hesan514\n|player|p2|\n",
  "uploadtime": 1776289021,
  "views": 31,
  "formatid": "gen9championsvgc2026regma",
  "rating": 1269,
  "private": 0,
  "password": null
}