{
  "id": "gen9championsvgc2026regma-2586212116",
  "format": "[Gen 9 Champions] VGC 2026 Reg M-A",
  "players": [
    "Dr Gaster PHD",
    "Sergimedina"
  ],
  "log": "|j|\u2606Dr Gaster PHD\n|j|\u2606Sergimedina\n|t:|1776413000\n|gametype|doubles\n|player|p1|Dr Gaster PHD|ghetsis|1215\n|player|p2|Sergimedina|2|1280\n|gen|9\n|tier|[Gen 9 Champions] VGC 2026 Reg M-A\n|rated|\n|rule|Species Clause: Limit one of each Pok\u00e9mon\n|rule|Item Clause: Limit 1 of each item\n|clearpoke\n|poke|p1|Charizard, L50, F|\n|poke|p1|Venusaur, L50, F|\n|poke|p1|Whimsicott, L50, M|\n|poke|p1|Incineroar, L50, M|\n|poke|p1|Sneasler, L50, F|\n|poke|p1|Garchomp, L50, M|\n|poke|p2|Excadrill, L50, M|\n|poke|p2|Tyranitar, L50, M|\n|poke|p2|Primarina, L50, M|\n|poke|p2|Whimsicott, L50, M|\n|poke|p2|Maushold-Four, L50|\n|poke|p2|Sneasler, L50, M|\n|teampreview|4\n|inactive|Battle timer is ON: inactive players will automatically lose when time's up. (requested by Sergimedina)\n|\n|t:|1776413047\n|teamsize|p1|4\n|teamsize|p2|4\n|start\n|switch|p1a: Death Bringer|Charizard, L50, F|100/100\n|switch|p1b: Life Ender|Garchomp, L50, M|100/100\n|switch|p2a: Sneasler|Sneasler, L50, M|100/100\n|switch|p2b: Primarina|Primarina, L50, M|100/100\n|turn|1\n|\n|t:|1776413071\n|switch|p1b: Pain Maker|Sneasler, L50, F|100/100\n|move|p1a: Death Bringer|Protect|p1a: Death Bringer\n|-singleturn|p1a: Death Bringer|Protect\n|move|p2a: Sneasler|Fake Out|p1a: Death Bringer\n|-activate|p1a: Death Bringer|move: Protect\n|move|p2b: Primarina|Ice Beam|p1b: Pain Maker\n|-damage|p1b: Pain Maker|65/100\n|\n|upkeep\n|turn|2\n|\n|t:|1776413088\n|switch|p2a: Tyranitar|Tyranitar, L50, M|100/100\n|-weather|Sandstorm|[from] ability: Sand Stream|[of] p2a: Tyranitar\n|detailschange|p1a: Death Bringer|Charizard-Mega-Y, L50, F\n|-mega|p1a: Death Bringer|Charizard|Charizardite Y\n|-weather|SunnyDay|[from] ability: Drought|[of] p1a: Death Bringer\n|move|p2b: Primarina|Protect|p2b: Primarina\n|-singleturn|p2b: Primarina|Protect\n|move|p1b: Pain Maker|Fake Out|p2a: Tyranitar\n|-resisted|p2a: Tyranitar|1\n|-damage|p2a: Tyranitar|95/100\n|move|p1a: Death Bringer|Solar Beam||[still]\n|-prepare|p1a: Death Bringer|Solar Beam\n|-anim|p1a: Death Bringer|Solar Beam|p2b: Primarina\n|-activate|p2b: Primarina|move: Protect\n|\n|-weather|SunnyDay|[upkeep]\n|upkeep\n|turn|3\n|inactive|Sergimedina has 30 seconds left.\n|\n|t:|1776413117\n|switch|p1a: Sun Eater|Venusaur, L50, F|100/100\n|detailschange|p2a: Tyranitar|Tyranitar-Mega, L50, M\n|-mega|p2a: Tyranitar|Tyranitar|Tyranitarite\n|-weather|Sandstorm|[from] ability: Sand Stream|[of] p2a: Tyranitar\n|move|p2a: Tyranitar|Protect|p2a: Tyranitar\n|-singleturn|p2a: Tyranitar|Protect\n|move|p1b: Pain Maker|Close Combat|p2a: Tyranitar\n|-activate|p2a: Tyranitar|move: Protect\n|move|p2b: Primarina|Hyper Voice|p1b: Pain Maker|[spread] p1a,p1b\n|-resisted|p1a: Sun Eater|1\n|-damage|p1a: Sun Eater|83/100\n|-damage|p1b: Pain Maker|26/100\n|\n|-weather|Sandstorm|[upkeep]\n|-damage|p1b: Pain Maker|20/100|[from] Sandstorm\n|-damage|p1a: Sun Eater|77/100|[from] Sandstorm\n|-damage|p2b: Primarina|95/100|[from] Sandstorm\n|-heal|p2b: Primarina|100/100|[from] item: Leftovers\n|upkeep\n|turn|4\n|\n|t:|1776413138\n|switch|p2a: Sneasler|Sneasler, L50, M|100/100\n|move|p2b: Primarina|Protect|p2b: Primarina\n|-singleturn|p2b: Primarina|Protect\n|move|p1b: Pain Maker|Close Combat|p2a: Sneasler\n|-resisted|p2a: Sneasler|1\n|-damage|p2a: Sneasler|40/100\n|-unboost|p1b: Pain Maker|def|1\n|-unboost|p1b: Pain Maker|spd|1\n|-enditem|p1b: Pain Maker|White Herb\n|-clearnegativeboost|p1b: Pain Maker|[silent]\n|move|p1a: Sun Eater|Sleep Powder|p2b: Primarina\n|-activate|p2b: Primarina|move: Protect\n|\n|-weather|Sandstorm|[upkeep]\n|-damage|p1b: Pain Maker|14/100|[from] Sandstorm\n|-damage|p2a: Sneasler|34/100|[from] Sandstorm\n|-damage|p1a: Sun Eater|71/100|[from] Sandstorm\n|-damage|p2b: Primarina|95/100|[from] Sandstorm\n|-heal|p2b: Primarina|100/100|[from] item: Leftovers\n|upkeep\n|turn|5\n|inactive|Sergimedina has 30 seconds left.\n|\n|t:|1776413163\n|move|p2a: Sneasler|Fake Out|p1b: Pain Maker\n|-damage|p1b: Pain Maker|0 fnt\n|faint|p1b: Pain Maker\n|move|p1a: Sun Eater|Sleep Powder|p2a: Sneasler\n|-status|p2a: Sneasler|slp|[from] move: Sleep Powder\n|move|p2b: Primarina|Ice Beam|p1a: Sun Eater\n|-supereffective|p1a: Sun Eater|1\n|-damage|p1a: Sun Eater|11/100\n|\n|-weather|Sandstorm|[upkeep]\n|-damage|p2a: Sneasler|29/100 slp|[from] Sandstorm\n|-damage|p1a: Sun Eater|5/100|[from] Sandstorm\n|-damage|p2b: Primarina|95/100|[from] Sandstorm\n|-heal|p2b: Primarina|100/100|[from] item: Leftovers\n|upkeep\n|\n|t:|1776413173\n|switch|p1b: Death Bringer|Charizard-Mega-Y, L50, F|100/100\n|-weather|SunnyDay|[from] ability: Drought|[of] p1b: Death Bringer\n|turn|6\n|\n|t:|1776413184\n|switch|p2a: Tyranitar|Tyranitar-Mega, L50, M|95/100\n|-weather|Sandstorm|[from] ability: Sand Stream|[of] p2a: Tyranitar\n|switch|p1b: Life Ender|Garchomp, L50, M|100/100\n|move|p2b: Primarina|Protect|p2b: Primarina\n|-singleturn|p2b: Primarina|Protect\n|move|p1a: Sun Eater|Leaf Storm|p2b: Primarina\n|-activate|p2b: Primarina|move: Protect\n|\n|-weather|Sandstorm|[upkeep]\n|-damage|p1a: Sun Eater|0 fnt|[from] Sandstorm\n|-damage|p2b: Primarina|95/100|[from] Sandstorm\n|faint|p1a: Sun Eater\n|-heal|p2b: Primarina|100/100|[from] item: Leftovers\n|upkeep\n|\n|t:|1776413188\n|switch|p1a: Death Bringer|Charizard-Mega-Y, L50, F|100/100\n|-weather|SunnyDay|[from] ability: Drought|[of] p1a: Death Bringer\n|turn|7\n|\n|t:|1776413199\n|switch|p2a: Sneasler|Sneasler, L50, M|29/100 slp\n|move|p1b: Life Ender|Earthquake|p2a: Sneasler|[spread] p2a,p2b\n|-immune|p1a: Death Bringer\n|-supereffective|p2a: Sneasler|1\n|-damage|p2a: Sneasler|0 fnt\n|-damage|p2b: Primarina|60/100\n|faint|p2a: Sneasler\n|move|p1a: Death Bringer|Solar Beam||[still]\n|-prepare|p1a: Death Bringer|Solar Beam\n|-anim|p1a: Death Bringer|Solar Beam|p2b: Primarina\n|-supereffective|p2b: Primarina|1\n|-damage|p2b: Primarina|0 fnt\n|faint|p2b: Primarina\n|\n|-weather|SunnyDay|[upkeep]\n|upkeep\n|\n|t:|1776413209\n|switch|p2a: Tyranitar|Tyranitar-Mega, L50, M|95/100\n|switch|p2b: Excadrill|Excadrill, L50, M|100/100\n|-weather|Sandstorm|[from] ability: Sand Stream|[of] p2a: Tyranitar\n|turn|8\n|\n|t:|1776413219\n|move|p1a: Death Bringer|Protect|p1a: Death Bringer\n|-singleturn|p1a: Death Bringer|Protect\n|move|p2b: Excadrill|Rock Slide|p1a: Death Bringer|[spread] p1b\n|-activate|p1a: Death Bringer|move: Protect\n|-resisted|p1b: Life Ender|1\n|-damage|p1b: Life Ender|91/100\n|move|p1b: Life Ender|Earthquake|p2a: Tyranitar|[spread] p2a,p2b\n|-activate|p1a: Death Bringer|move: Protect\n|-supereffective|p2a: Tyranitar|1\n|-supereffective|p2b: Excadrill|1\n|-damage|p2a: Tyranitar|40/100\n|-damage|p2b: Excadrill|0 fnt\n|faint|p2b: Excadrill\n|move|p2a: Tyranitar|Crunch|p1b: Life Ender\n|-damage|p1b: Life Ender|40/100\n|-damage|p2a: Tyranitar|28/100|[from] ability: Rough Skin|[of] p1b: Life Ender\n|\n|-weather|Sandstorm|[upkeep]\n|-damage|p1a: Death Bringer|95/100|[from] Sandstorm\n|upkeep\n|turn|9\n|\n|t:|1776413230\n|move|p1b: Life Ender|Earthquake|p2a: Tyranitar|[spread] p2a\n|-immune|p1a: Death Bringer\n|-supereffective|p2a: Tyranitar|1\n|-damage|p2a: Tyranitar|0 fnt\n|faint|p2a: Tyranitar\n|\n|win|Dr Gaster PHD\n|raw|Dr Gaster PHD's rating: 1215 &rarr; <strong>1245</strong><br />(+30 for winning)\n|raw|Sergimedina's rating: 1280 &rarr; <strong>1250</strong><br />(-30 for losing)\n|l|\u2606Sergimedina\n|player|p2|\n",
  "uploadtime": 1776413235,
  "views": 31,
  "formatid": "gen9championsvgc2026regma",
  "rating": 1245,
  "private": 0,
  "password": null
}