{
  "id": "gen9championsvgc2026regma-2585934514",
  "format": "[Gen 9 Champions] VGC 2026 Reg M-A",
  "players": [
    "AJB0000",
    "eeeedonuts"
  ],
  "log": "|j|\u2606AJB0000\n|j|\u2606eeeedonuts\n|t:|1776382855\n|gametype|doubles\n|player|p1|AJB0000|dawn|1163\n|player|p2|eeeedonuts|theroyal|1237\n|gen|9\n|tier|[Gen 9 Champions] VGC 2026 Reg M-A\n|rated|\n|rule|Species Clause: Limit one of each Pok\u00e9mon\n|rule|Item Clause: Limit 1 of each item\n|clearpoke\n|poke|p1|Dragonite, L50, M|\n|poke|p1|Archaludon, L50, M|\n|poke|p1|Basculegion, L50, M|\n|poke|p1|Pelipper, L50, F|\n|poke|p1|Sneasler, L50, F|\n|poke|p1|Rotom-Heat, L50|\n|poke|p2|Gallade, L50, M|\n|poke|p2|Whimsicott, L50, F|\n|poke|p2|Sneasler, L50, F|\n|poke|p2|Rotom-Wash, L50|\n|poke|p2|Kingambit, L50, F|\n|poke|p2|Froslass, L50, F|\n|teampreview|4\n|inactive|Battle timer is ON: inactive players will automatically lose when time's up. (requested by eeeedonuts)\n|\n|t:|1776382893\n|teamsize|p1|4\n|teamsize|p2|4\n|start\n|switch|p1a: Basculegion|Basculegion, L50, M|100/100\n|switch|p1b: Dragonite|Dragonite, L50, M|100/100\n|switch|p2a: Sneasler|Sneasler, L50, F|100/100\n|switch|p2b: Gallade|Gallade, L50, M|100/100\n|turn|1\n|inactive|AJB0000 has 30 seconds left.\n|\n|t:|1776382921\n|switch|p2b: Whimsicott|Whimsicott, L50, F|100/100\n|move|p1b: Dragonite|Protect|p1b: Dragonite\n|-singleturn|p1b: Dragonite|Protect\n|move|p2a: Sneasler|Fake Out|p1b: Dragonite\n|-activate|p1b: Dragonite|move: Protect\n|move|p1a: Basculegion|Last Respects|p2b: Whimsicott\n|-damage|p2b: Whimsicott|63/100\n|\n|upkeep\n|turn|2\n|inactive|AJB0000 has 30 seconds left.\n|inactive|eeeedonuts has 30 seconds left.\n|\n|t:|1776382953\n|switch|p2a: Rotom|Rotom-Wash, L50|100/100\n|switch|p1a: Pelipper|Pelipper, L50, F|100/100\n|-weather|RainDance|[from] ability: Drizzle|[of] p1a: Pelipper\n|detailschange|p1b: Dragonite|Dragonite-Mega, L50, M\n|-mega|p1b: Dragonite|Dragonite|Dragoninite\n|move|p2b: Whimsicott|Encore|p1b: Dragonite\n|-start|p1b: Dragonite|Encore\n|move|p1b: Dragonite|Protect||[still]\n|-fail|p1b: Dragonite\n|\n|-weather|RainDance|[upkeep]\n|upkeep\n|turn|3\n|\n|t:|1776382977\n|switch|p1a: Archaludon|Archaludon, L50, M|100/100\n|move|p1b: Dragonite|Protect|p1b: Dragonite\n|-singleturn|p1b: Dragonite|Protect\n|move|p2b: Whimsicott|Tailwind|p2b: Whimsicott\n|-sidestart|p2: eeeedonuts|move: Tailwind\n|move|p2a: Rotom|Electroweb|p1b: Dragonite|[spread] p1a\n|-activate|p1b: Dragonite|move: Protect\n|-resisted|p1a: Archaludon|1\n|-damage|p1a: Archaludon|93/100\n|-unboost|p1a: Archaludon|spe|1\n|-ability|p1a: Archaludon|Stamina|boost\n|-boost|p1a: Archaludon|def|1\n|\n|-weather|RainDance|[upkeep]\n|-heal|p1a: Archaludon|99/100|[from] item: Leftovers\n|upkeep\n|turn|4\n|inactive|AJB0000 has 30 seconds left.\n|\n|t:|1776383006\n|move|p1b: Dragonite|Protect||[still]\n|-fail|p1b: Dragonite\n|move|p2b: Whimsicott|Light Screen|p2b: Whimsicott\n|-sidestart|p2: eeeedonuts|move: Light Screen\n|move|p2a: Rotom|Electroweb|p1a: Archaludon|[spread] p1a\n|-miss|p2a: Rotom|p1b: Dragonite\n|-resisted|p1a: Archaludon|1\n|-damage|p1a: Archaludon|91/100\n|-unboost|p1a: Archaludon|spe|1\n|-ability|p1a: Archaludon|Stamina|boost\n|-boost|p1a: Archaludon|def|1\n|move|p1a: Archaludon|Electro Shot||[still]\n|-prepare|p1a: Archaludon|Electro Shot\n|-boost|p1a: Archaludon|spa|1\n|-anim|p1a: Archaludon|Electro Shot|p2a: Rotom\n|-damage|p2a: Rotom|47/100\n|\n|-weather|RainDance|[upkeep]\n|-heal|p1a: Archaludon|97/100|[from] item: Leftovers\n|-end|p1b: Dragonite|Encore\n|upkeep\n|turn|5\n|inactive|AJB0000 has 30 seconds left.\n|\n|t:|1776383031\n|switch|p1b: Basculegion|Basculegion, L50, M|100/100\n|move|p2b: Whimsicott|Encore||[still]\n|-fail|p2b: Whimsicott\n|move|p2a: Rotom|Electroweb|p1b: Basculegion|[spread] p1a,p1b\n|-resisted|p1a: Archaludon|1\n|-supereffective|p1b: Basculegion|1\n|-damage|p1a: Archaludon|88/100\n|-damage|p1b: Basculegion|55/100\n|-unboost|p1a: Archaludon|spe|1\n|-unboost|p1b: Basculegion|spe|1\n|-ability|p1a: Archaludon|Stamina|boost\n|-boost|p1a: Archaludon|def|1\n|move|p1a: Archaludon|Flash Cannon|p2b: Whimsicott\n|-supereffective|p2b: Whimsicott|1\n|-damage|p2b: Whimsicott|0 fnt\n|faint|p2b: Whimsicott\n|\n|-weather|RainDance|[upkeep]\n|-heal|p1a: Archaludon|94/100|[from] item: Leftovers\n|upkeep\n|\n|t:|1776383036\n|switch|p2b: Gallade|Gallade, L50, M|100/100\n|turn|6\n|\n|t:|1776383056\n|switch|p1b: Dragonite|Dragonite-Mega, L50, M|100/100\n|detailschange|p2b: Gallade|Gallade-Mega, L50, M\n|-mega|p2b: Gallade|Gallade|Galladite\n|move|p1a: Archaludon|Protect|p1a: Archaludon\n|-singleturn|p1a: Archaludon|Protect\n|move|p2a: Rotom|Electroweb|p1b: Dragonite|[spread] p1b\n|-activate|p1a: Archaludon|move: Protect\n|-crit|p1b: Dragonite\n|-damage|p1b: Dragonite|89/100\n|-unboost|p1b: Dragonite|spe|1\n|move|p2b: Gallade|Sacred Sword|p1a: Archaludon\n|-activate|p1a: Archaludon|move: Protect\n|\n|-weather|none\n|-heal|p1a: Archaludon|99/100|[from] item: Leftovers\n|-sideend|p2: eeeedonuts|move: Tailwind\n|upkeep\n|turn|7\n|inactive|AJB0000 has 30 seconds left.\n|\n|t:|1776383088\n|switch|p1a: Pelipper|Pelipper, L50, F|100/100\n|-weather|RainDance|[from] ability: Drizzle|[of] p1a: Pelipper\n|move|p2b: Gallade|Protect|p2b: Gallade\n|-singleturn|p2b: Gallade|Protect\n|move|p2a: Rotom|Electroweb|p1b: Dragonite|[spread] p1a,p1b\n|-supereffective|p1a: Pelipper|2\n|-enditem|p1a: Pelipper|Focus Sash\n|-damage|p1a: Pelipper|1/100\n|-damage|p1b: Dragonite|72/100\n|-unboost|p1a: Pelipper|spe|1\n|-unboost|p1b: Dragonite|spe|1\n|move|p1b: Dragonite|Thunder|p2a: Rotom\n|-damage|p2a: Rotom|8/100\n|\n|-weather|RainDance|[upkeep]\n|upkeep\n|turn|8\n|\n|t:|1776383111\n|move|p1a: Pelipper|Protect|p1a: Pelipper\n|-singleturn|p1a: Pelipper|Protect\n|move|p2a: Rotom|Electroweb|p1b: Dragonite|[spread] p1b\n|-activate|p1a: Pelipper|move: Protect\n|-damage|p1b: Dragonite|55/100\n|-unboost|p1b: Dragonite|spe|1\n|move|p2b: Gallade|Ice Punch|p1b: Dragonite\n|-supereffective|p1b: Dragonite|2\n|-damage|p1b: Dragonite|0 fnt\n|faint|p1b: Dragonite\n|\n|-weather|RainDance|[upkeep]\n|-sideend|p2: eeeedonuts|move: Light Screen\n|upkeep\n|\n|t:|1776383126\n|switch|p1b: Basculegion|Basculegion, L50, M|55/100\n|turn|9\n|\n|t:|1776383137\n|switch|p1a: Archaludon|Archaludon, L50, M|99/100\n|move|p2b: Gallade|Protect|p2b: Gallade\n|-singleturn|p2b: Gallade|Protect\n|move|p1b: Basculegion|Aqua Jet|p2a: Rotom\n|-resisted|p2a: Rotom|1\n|-damage|p2a: Rotom|0 fnt\n|faint|p2a: Rotom\n|\n|-weather|RainDance|[upkeep]\n|-heal|p1a: Archaludon|100/100|[from] item: Leftovers\n|upkeep\n|\n|t:|1776383145\n|switch|p2a: Sneasler|Sneasler, L50, F|100/100\n|turn|10\n|inactive|AJB0000 has 30 seconds left.\n|inactive|AJB0000 has 20 seconds left.\n|inactive|AJB0000 has 15 seconds left.\n|\n|t:|1776383186\n|move|p1a: Archaludon|Protect|p1a: Archaludon\n|-singleturn|p1a: Archaludon|Protect\n|move|p1b: Basculegion|Last Respects|p2b: Gallade\n|-supereffective|p2b: Gallade|1\n|-damage|p2b: Gallade|0 fnt\n|faint|p2b: Gallade\n|move|p2a: Sneasler|Dire Claw|p1b: Basculegion\n|-resisted|p1b: Basculegion|1\n|-damage|p1b: Basculegion|30/100\n|\n|-weather|RainDance|[upkeep]\n|upkeep\n|turn|11\n|-message|eeeedonuts forfeited.\n|\n|win|AJB0000\n|raw|AJB0000's rating: 1163 &rarr; <strong>1193</strong><br />(+30 for winning)\n|raw|eeeedonuts's rating: 1237 &rarr; <strong>1207</strong><br />(-30 for losing)\n|l|\u2606eeeedonuts\n|player|p2|\n",
  "uploadtime": 1776383212,
  "views": 15,
  "formatid": "gen9championsvgc2026regma",
  "rating": 1193,
  "private": 0,
  "password": null
}