{
  "id": "gen9championsvgc2026regma-2587944718",
  "format": "[Gen 9 Champions] VGC 2026 Reg M-A",
  "players": [
    "Tb0lt",
    "Nezk025"
  ],
  "log": "|j|\u2606Tb0lt\n|j|\u2606Nezk025\n|html|<table width=\"100%\"><tr><td align=\"left\">Tb0lt</td><td align=\"right\">Nezk025</tr><tr><td align=\"left\"><i class=\"fa fa-circle-o\"></i> <i class=\"fa fa-circle-o\"></i> </td><td align=\"right\"><i class=\"fa fa-circle-o\"></i> <i class=\"fa fa-circle-o\"></i> </tr></table>\n|uhtml|bestof|<h2><strong>Game 1</strong> of <a href=\"/game-bestof3-gen9championsvgc2026regma-2587944717\">a best-of-3</a></h2>\n|t:|1776582764\n|gametype|doubles\n|player|p1|Tb0lt|#tb0lt|\n|player|p2|Nezk025|nate|\n|gen|9\n|tier|[Gen 9 Champions] VGC 2026 Reg M-A\n|rated|Tournament battle\n|rule|Species Clause: Limit one of each Pok\u00e9mon\n|rule|Item Clause: Limit 1 of each item\n|raw|<div class=\"infobox\"><details class=\"readmore\" open><summary><strong>2 custom rules:</strong></summary> Force Open Team Sheets, Best of = 3</details></div>\n|clearpoke\n|poke|p1|Aegislash, L50, M|\n|poke|p1|Floette-Eternal, L50, F|\n|poke|p1|Sneasler, L50, M|\n|poke|p1|Incineroar, L50, M|\n|poke|p1|Rotom-Wash, L50|\n|poke|p1|Sinistcha, L50|\n|poke|p2|Feraligatr, L50, F|\n|poke|p2|Volcarona, L50, F|\n|poke|p2|Sneasler, L50, F|\n|poke|p2|Aegislash, L50, F|\n|poke|p2|Whimsicott, L50, M|\n|poke|p2|Basculegion-F, L50, F|\n|teampreview|4\n|showteam|p1|Aegislash||Leftovers|StanceChange|IronHead,ShadowBall,KingsShield,Substitute|||M|||50|]Floette-Eternal||Floettite|FlowerVeil|CalmMind,DazzlingGleam,DrainingKiss,Protect|||F|||50|]Sneasler||FocusSash|Unburden|FakeOut,DireClaw,CloseCombat,Protect|||M|||50|]Incineroar||ChopleBerry|Intimidate|FakeOut,FlareBlitz,DarkestLariat,PartingShot|||M|||50|]Rotom-Wash||SitrusBerry|Levitate|HydroPump,Thunderbolt,WillOWisp,Protect||||||50|]Sinistcha||OccaBerry|Hospitality|MatchaGotcha,ShadowBall,RagePowder,TrickRoom||||||50|\n|showteam|p2|Feraligatr||Feraligite|Torrent|Protect,DoubleEdge,Liquidation,AquaJet|||F|||50|]Volcarona||SitrusBerry|FlameBody|RagePowder,HeatWave,Protect,BugBuzz|||F|||50|]Sneasler||WhiteHerb|Unburden|FakeOut,Protect,CloseCombat,DireClaw|||F|||50|]Aegislash||Leftovers|StanceChange|KingsShield,SacredSword,IronHead,Poltergeist|||F|||50|]Whimsicott||FocusSash|Prankster|Moonblast,Tailwind,Encore,Taunt|||M|||50|]Basculegion-F||ChoiceScarf|Adaptability|MuddyWater,FlipTurn,ShadowBall,HydroPump|||F|||50|\n|c|\u2606Tb0lt|hf\nTb0lt rejected open team sheets.\n|j| cippino3\n|j| VegitoSKBEST\n|l| VegitoSKBEST\n|\n|t:|1776582837\n|teamsize|p1|4\n|teamsize|p2|4\n|start\n|switch|p1a: Incineroar|Incineroar, L50, M|100/100\n|switch|p1b: Rotom|Rotom-Wash, L50|100/100\n|switch|p2a: Basculegion|Basculegion-F, L50, F|100/100\n|switch|p2b: Volcarona|Volcarona, L50, F|100/100\n|-ability|p1a: Incineroar|Intimidate|boost\n|-unboost|p2a: Basculegion|atk|1\n|-unboost|p2b: Volcarona|atk|1\n|turn|1\n|\n|t:|1776582873\n|switch|p1a: Sinistcha|Sinistcha, L50|100/100\n|move|p2b: Volcarona|Rage Powder|p2b: Volcarona\n|-singleturn|p2b: Volcarona|move: Rage Powder\n|move|p2a: Basculegion|Hydro Pump|p1a: Sinistcha\n|-resisted|p1a: Sinistcha|1\n|-damage|p1a: Sinistcha|67/100\n|move|p1b: Rotom|Thunderbolt|p2b: Volcarona\n|-damage|p2b: Volcarona|75/100\n|\n|upkeep\n|turn|2\n|\n|t:|1776582889\n|switch|p2a: Whimsicott|Whimsicott, L50, M|100/100\n|move|p2b: Volcarona|Heat Wave|p1a: Sinistcha|[spread] p1a,p1b\n|-supereffective|p1a: Sinistcha|1\n|-enditem|p1a: Sinistcha|Occa Berry|[eat]\n|-enditem|p1a: Sinistcha|Occa Berry|[weaken]\n|-resisted|p1b: Rotom|1\n|-damage|p1a: Sinistcha|36/100\n|-damage|p1b: Rotom|86/100\n|-status|p1b: Rotom|brn\n|move|p1b: Rotom|Hydro Pump|p2b: Volcarona\n|-supereffective|p2b: Volcarona|1\n|-damage|p2b: Volcarona|9/100\n|-enditem|p2b: Volcarona|Sitrus Berry|[eat]\n|-heal|p2b: Volcarona|34/100|[from] item: Sitrus Berry\n|move|p1a: Sinistcha|Trick Room|p1a: Sinistcha\n|-fieldstart|move: Trick Room|[of] p1a: Sinistcha\n|\n|-damage|p1b: Rotom|81/100 brn|[from] brn\n|upkeep\n|turn|3\n|\n|t:|1776582921\n|switch|p1a: Incineroar|Incineroar, L50, M|100/100\n|-ability|p1a: Incineroar|Intimidate|boost\n|-unboost|p2a: Whimsicott|atk|1\n|-unboost|p2b: Volcarona|atk|1\n|move|p2b: Volcarona|Protect|p2b: Volcarona\n|-singleturn|p2b: Volcarona|Protect\n|move|p2a: Whimsicott|Encore|p1a: Incineroar\n|-hint|Since gen 7, Dark is immune to Prankster moves.\n|-immune|p1a: Incineroar\n|move|p1b: Rotom|Thunderbolt|p2b: Volcarona\n|-activate|p2b: Volcarona|move: Protect\n|\n|-damage|p1b: Rotom|75/100 brn|[from] brn\n|upkeep\n|turn|4\n|\n|t:|1776582972\n|switch|p2b: Feraligatr|Feraligatr, L50, F|100/100\n|move|p1a: Incineroar|Darkest Lariat|p2b: Feraligatr\n|-damage|p2b: Feraligatr|71/100\n|move|p1b: Rotom|Thunderbolt|p2b: Feraligatr\n|-supereffective|p2b: Feraligatr|1\n|-damage|p2b: Feraligatr|0 fnt\n|faint|p2b: Feraligatr\n|move|p2a: Whimsicott|Moonblast|p1b: Rotom\n|-damage|p1b: Rotom|50/100 brn\n|-unboost|p1b: Rotom|spa|1\n|-enditem|p1b: Rotom|Sitrus Berry|[eat]\n|-heal|p1b: Rotom|74/100 brn|[from] item: Sitrus Berry\n|\n|-damage|p1b: Rotom|69/100 brn|[from] brn\n|upkeep\n|\n|t:|1776582990\n|switch|p2b: Volcarona|Volcarona, L50, F|34/100\n|turn|5\n|\n|t:|1776583010\n|move|p2b: Volcarona|Protect|p2b: Volcarona\n|-singleturn|p2b: Volcarona|Protect\n|move|p2a: Whimsicott|Encore|p1a: Incineroar\n|-hint|Since gen 7, Dark is immune to Prankster moves.\n|-immune|p1a: Incineroar\n|move|p1a: Incineroar|Flare Blitz|p2a: Whimsicott\n|-supereffective|p2a: Whimsicott|1\n|-damage|p2a: Whimsicott|21/100\n|-damage|p1a: Incineroar|79/100|[from] Recoil\n|move|p1b: Rotom|Thunderbolt|p2a: Whimsicott\n|-resisted|p2a: Whimsicott|1\n|-damage|p2a: Whimsicott|7/100\n|\n|-damage|p1b: Rotom|63/100 brn|[from] brn\n|upkeep\n|turn|6\n|\n|t:|1776583032\n|switch|p2b: Basculegion|Basculegion-F, L50, F|100/100\n|move|p2a: Whimsicott|Tailwind|p2a: Whimsicott\n|-sidestart|p2: Nezk025|move: Tailwind\n|move|p1a: Incineroar|Darkest Lariat|p2b: Basculegion\n|-supereffective|p2b: Basculegion|1\n|-damage|p2b: Basculegion|13/100\n|move|p1b: Rotom|Thunderbolt|p2a: Whimsicott\n|-resisted|p2a: Whimsicott|1\n|-damage|p2a: Whimsicott|0 fnt\n|faint|p2a: Whimsicott\n|\n|-damage|p1b: Rotom|57/100 brn|[from] brn\n|-fieldend|move: Trick Room\n|upkeep\n|\n|t:|1776583043\n|switch|p2a: Volcarona|Volcarona, L50, F|34/100\n|turn|7\n|\n|t:|1776583074\n|switch|p1a: Floette|Floette-Eternal, L50, F|100/100\n|move|p1b: Rotom|Protect|p1b: Rotom\n|-singleturn|p1b: Rotom|Protect\n|move|p2b: Basculegion|Muddy Water|p1b: Rotom|[spread] p1a\n|-activate|p1b: Rotom|move: Protect\n|-damage|p1a: Floette|68/100\n|move|p2a: Volcarona|Bug Buzz|p1b: Rotom\n|-activate|p1b: Rotom|move: Protect\n|\n|-damage|p1b: Rotom|51/100 brn|[from] brn\n|upkeep\n|turn|8\n|\n|t:|1776583088\n|switch|p1b: Sinistcha|Sinistcha, L50|36/100\n|-heal|p1a: Floette|93/100|[from] ability: Hospitality|[of] p1b: Sinistcha\n|detailschange|p1a: Floette|Floette-Mega, L50, F\n|-mega|p1a: Floette|Floette|Floettite\n|-ability|p1a: Floette|Fairy Aura\n|move|p2b: Basculegion|Muddy Water|p1b: Sinistcha|[spread] p1a,p1b\n|-resisted|p1b: Sinistcha|1\n|-damage|p1a: Floette|63/100\n|-damage|p1b: Sinistcha|13/100\n|move|p2a: Volcarona|Heat Wave|p1b: Sinistcha|[spread] p1a,p1b\n|-supereffective|p1b: Sinistcha|1\n|-damage|p1a: Floette|40/100\n|-damage|p1b: Sinistcha|0 fnt\n|faint|p1b: Sinistcha\n|move|p1a: Floette|Dazzling Gleam|p2b: Basculegion|[spread] p2a,p2b\n|-resisted|p2a: Volcarona|1\n|-damage|p2a: Volcarona|15/100\n|-damage|p2b: Basculegion|0 fnt\n|faint|p2b: Basculegion\n|\n|upkeep\n|\n|t:|1776583095\n|switch|p1b: Incineroar|Incineroar, L50, M|79/100\n|-ability|p1b: Incineroar|Intimidate|boost\n|-unboost|p2a: Volcarona|atk|1\n|turn|9\n|\n|t:|1776583112\n|move|p1b: Incineroar|Fake Out|p2a: Volcarona\n|-damage|p2a: Volcarona|3/100\n|-immune|p1b: Incineroar\n|cant|p2a: Volcarona|flinch\n|move|p1a: Floette|Calm Mind|p1a: Floette\n|-boost|p1a: Floette|spa|1\n|-boost|p1a: Floette|spd|1\n|\n|-sideend|p2: Nezk025|move: Tailwind\n|upkeep\n|turn|10\n|\n|t:|1776583121\n|move|p2a: Volcarona|Rage Powder|p2a: Volcarona\n|-singleturn|p2a: Volcarona|move: Rage Powder\n|move|p1a: Floette|Dazzling Gleam|p2a: Volcarona\n|-resisted|p2a: Volcarona|1\n|-damage|p2a: Volcarona|0 fnt\n|faint|p2a: Volcarona\n|\n|win|Tb0lt\n||Tb0lt is ready for game 2.\n|l|\u2606Nezk025\n|player|p2|\n|inactive|Nezk025 has 30 seconds to confirm battle start!\n|inactive|Nezk025 has 20 seconds to confirm battle start!\n|inactive|Nezk025 has 10 seconds to confirm battle start!\n|uhtml|next|Next: <a href=\"/battle-gen9championsvgc2026regma-2587947334\"><strong>Game 2 of 3</strong></a>\n|l| cippino3\n|j| VegitoSKBEST\n",
  "uploadtime": 1776584066,
  "views": 11,
  "formatid": "gen9championsvgc2026regma",
  "rating": null,
  "private": 0,
  "password": null
}