{
  "id": "gen9championsvgc2026regma-2583916722",
  "format": "[Gen 9 Champions] VGC 2026 Reg M-A",
  "players": [
    "XxStpYTxX",
    "Joedang1"
  ],
  "log": "|j|\u2606XxStpYTxX\n|j|\u2606Joedang1\n|t:|1776208078\n|gametype|doubles\n|player|p1|XxStpYTxX|169|1124\n|player|p2|Joedang1|170|1111\n|gen|9\n|tier|[Gen 9 Champions] VGC 2026 Reg M-A\n|rated|\n|rule|Species Clause: Limit one of each Pok\u00e9mon\n|rule|Item Clause: Limit 1 of each item\n|clearpoke\n|poke|p1|Meganium, L50, F|\n|poke|p1|Archaludon, L50, M|\n|poke|p1|Aerodactyl, L50, M|\n|poke|p1|Typhlosion-Hisui, L50, F|\n|poke|p1|Tauros-Paldea-Aqua, L50, M|\n|poke|p1|Kangaskhan, L50, F|\n|poke|p2|Tyranitar, L50, F|\n|poke|p2|Whimsicott, L50, F|\n|poke|p2|Excadrill, L50, F|\n|poke|p2|Aegislash, L50, M|\n|poke|p2|Incineroar, L50, M|\n|poke|p2|Farigiraf, L50, M|\n|teampreview|4\n|\n|t:|1776208108\n|teamsize|p1|4\n|teamsize|p2|4\n|start\n|switch|p1a: Byrd V2|Aerodactyl, L50, M, shiny|100/100\n|switch|p1b: Sua|Typhlosion-Hisui, L50, F|100/100\n|switch|p2a: Incineroar|Incineroar, L50, M|100/100\n|switch|p2b: Farigiraf|Farigiraf, L50, M|100/100\n|-ability|p1a: Byrd V2|Unnerve\n|-item|p2a: Incineroar|Sitrus Berry|[from] ability: Frisk|[of] p1b: Sua\n|-item|p2b: Farigiraf|Mental Herb|[from] ability: Frisk|[of] p1b: Sua\n|-ability|p2a: Incineroar|Intimidate|boost\n|-unboost|p1a: Byrd V2|atk|1\n|-unboost|p1b: Sua|atk|1\n|turn|1\n|\n|t:|1776208137\n|move|p2a: Incineroar|Fake Out|p1a: Byrd V2\n|-resisted|p1a: Byrd V2|1\n|-damage|p1a: Byrd V2|92/100\n|cant|p1a: Byrd V2|flinch\n|move|p1b: Sua|Eruption|p2b: Farigiraf|[spread] p2a,p2b\n|-resisted|p2a: Incineroar|1\n|-damage|p2a: Incineroar|78/100\n|-damage|p2b: Farigiraf|50/100\n|move|p2b: Farigiraf|Trick Room|p2b: Farigiraf\n|-fieldstart|move: Trick Room|[of] p2b: Farigiraf\n|\n|upkeep\n|turn|2\n|\n|t:|1776208163\n|move|p2b: Farigiraf|Psychic|p1a: Byrd V2\n|-damage|p1a: Byrd V2|44/100\n|move|p2a: Incineroar|Snarl|p1a: Byrd V2|[spread] p1a,p1b\n|-supereffective|p1b: Sua|1\n|-damage|p1a: Byrd V2|29/100\n|-damage|p1b: Sua|74/100\n|-unboost|p1a: Byrd V2|spa|1\n|-unboost|p1b: Sua|spa|1\n|move|p1b: Sua|Eruption|p2b: Farigiraf|[spread] p2a,p2b\n|-resisted|p2a: Incineroar|1\n|-damage|p2a: Incineroar|66/100\n|-damage|p2b: Farigiraf|23/100\n|move|p1a: Byrd V2|Rock Slide|p2b: Farigiraf|[spread] p2a,p2b\n|-supereffective|p2a: Incineroar|1\n|-damage|p2a: Incineroar|36/100\n|-damage|p2b: Farigiraf|9/100\n|\n|upkeep\n|turn|3\n|\n|t:|1776208190\n|move|p2b: Farigiraf|Protect|p2b: Farigiraf\n|-singleturn|p2b: Farigiraf|Protect\n|move|p1a: Byrd V2|Protect|p1a: Byrd V2\n|-singleturn|p1a: Byrd V2|Protect\n|move|p2a: Incineroar|Parting Shot|p1b: Sua\n|-unboost|p1b: Sua|atk|1\n|-unboost|p1b: Sua|spa|1\n|\n|t:|1776208198\n|switch|p2a: Tyranitar|Tyranitar, L50, F|100/100|[from] Parting Shot\n|-weather|Sandstorm|[from] ability: Sand Stream|[of] p2a: Tyranitar\n|move|p1b: Sua|Eruption|p2b: Farigiraf|[spread] p2a\n|-activate|p2b: Farigiraf|move: Protect\n|-resisted|p2a: Tyranitar|1\n|-damage|p2a: Tyranitar|94/100\n|\n|-weather|Sandstorm|[upkeep]\n|-damage|p2b: Farigiraf|3/100|[from] Sandstorm\n|-damage|p1b: Sua|68/100|[from] Sandstorm\n|upkeep\n|turn|4\n|\n|t:|1776208217\n|switch|p2b: Excadrill|Excadrill, L50, F|100/100\n|move|p2a: Tyranitar|Rock Slide|p1b: Sua|[spread] p1a,p1b\n|-supereffective|p1a: Byrd V2|1\n|-supereffective|p1b: Sua|1\n|-damage|p1a: Byrd V2|0 fnt\n|-damage|p1b: Sua|0 fnt\n|faint|p1a: Byrd V2\n|faint|p1b: Sua\n|\n|-weather|Sandstorm|[upkeep]\n|upkeep\n|\n|t:|1776208227\n|switch|p1b: Mizi|Meganium, L50, F|100/100\n|switch|p1a: Dad|Tauros-Paldea-Aqua, L50, M, shiny|100/100\n|-ability|p1a: Dad|Intimidate|boost\n|-unboost|p2a: Tyranitar|atk|1\n|-unboost|p2b: Excadrill|atk|1\n|turn|5\n|\n|t:|1776208252\n|detailschange|p2b: Excadrill|Excadrill-Mega, L50, F\n|-mega|p2b: Excadrill|Excadrill|Excadrite\n|move|p1a: Dad|Protect|p1a: Dad\n|-singleturn|p1a: Dad|Protect\n|move|p1b: Mizi|Protect|p1b: Mizi\n|-singleturn|p1b: Mizi|Protect\n|move|p2a: Tyranitar|Ice Punch|p1b: Mizi\n|-activate|p1b: Mizi|move: Protect\n|move|p2b: Excadrill|Swords Dance|p2b: Excadrill\n|-boost|p2b: Excadrill|atk|2\n|\n|-weather|Sandstorm|[upkeep]\n|-damage|p1a: Dad|94/100|[from] Sandstorm\n|-damage|p1b: Mizi|95/100|[from] Sandstorm\n|-fieldend|move: Trick Room\n|upkeep\n|turn|6\n|\n|t:|1776208282\n|detailschange|p1b: Mizi|Meganium-Mega, L50, F\n|-mega|p1b: Mizi|Meganium|Meganiumite\n|move|p2a: Tyranitar|Protect|p2a: Tyranitar\n|-singleturn|p2a: Tyranitar|Protect\n|move|p2b: Excadrill|Earthquake|p1b: Mizi|[spread] p1a,p1b\n|-activate|p2a: Tyranitar|move: Protect\n|-resisted|p1b: Mizi|1\n|-damage|p1a: Dad|20/100\n|-damage|p1b: Mizi|58/100\n|move|p1b: Mizi|Weather Ball|p2b: Excadrill\n|-supereffective|p2b: Excadrill|1\n|-damage|p2b: Excadrill|0 fnt\n|faint|p2b: Excadrill\n|move|p1a: Dad|Close Combat|p2a: Tyranitar\n|-activate|p2a: Tyranitar|move: Protect\n|\n|-weather|Sandstorm|[upkeep]\n|-damage|p1b: Mizi|52/100|[from] Sandstorm\n|-damage|p1a: Dad|14/100|[from] Sandstorm\n|upkeep\n|\n|t:|1776208298\n|switch|p2b: Incineroar|Incineroar, L50, M|36/100\n|-enditem|p2b: Incineroar|Sitrus Berry|[eat]\n|-heal|p2b: Incineroar|61/100|[from] item: Sitrus Berry\n|-ability|p2b: Incineroar|Intimidate|boost\n|-unboost|p1a: Dad|atk|1\n|-unboost|p1b: Mizi|atk|1\n|-enditem|p1a: Dad|White Herb\n|-clearnegativeboost|p1a: Dad|[silent]\n|turn|7\n|\n|t:|1776208322\n|move|p1b: Mizi|Protect|p1b: Mizi\n|-singleturn|p1b: Mizi|Protect\n|move|p1a: Dad|Protect|p1a: Dad\n|-singleturn|p1a: Dad|Protect\n|move|p2b: Incineroar|Fake Out|p1a: Dad\n|-activate|p1a: Dad|move: Protect\n|move|p2a: Tyranitar|Ice Punch|p1b: Mizi\n|-activate|p1b: Mizi|move: Protect\n|\n|-weather|none\n|upkeep\n|turn|8\n|\n|t:|1776208354\n|switch|p2a: Farigiraf|Farigiraf, L50, M|3/100\n|move|p1a: Dad|Aqua Jet||[still]\n|cant|p2a: Farigiraf|ability: Armor Tail|Aqua Jet|[of] p1a: Dad\n|move|p1b: Mizi|Dazzling Gleam|p2a: Farigiraf|[spread] p2a,p2b\n|-damage|p2a: Farigiraf|0 fnt\n|-damage|p2b: Incineroar|31/100\n|faint|p2a: Farigiraf\n|move|p2b: Incineroar|Parting Shot|p1b: Mizi\n|-unboost|p1b: Mizi|atk|1\n|-unboost|p1b: Mizi|spa|1\n|\n|t:|1776208364\n|switch|p2b: Tyranitar|Tyranitar, L50, F|94/100|[from] Parting Shot\n|-weather|Sandstorm|[from] ability: Sand Stream|[of] p2b: Tyranitar\n|\n|-weather|Sandstorm|[upkeep]\n|-damage|p1b: Mizi|46/100|[from] Sandstorm\n|-damage|p1a: Dad|8/100|[from] Sandstorm\n|upkeep\n|\n|t:|1776208372\n|switch|p2a: Incineroar|Incineroar, L50, M|31/100\n|-ability|p2a: Incineroar|Intimidate|boost\n|-unboost|p1a: Dad|atk|1\n|-unboost|p1b: Mizi|atk|1\n|turn|9\n|\n|t:|1776208393\n|move|p2a: Incineroar|Fake Out|p1b: Mizi\n|-damage|p1b: Mizi|36/100\n|move|p1a: Dad|Aqua Jet|p2a: Incineroar\n|-supereffective|p2a: Incineroar|1\n|-damage|p2a: Incineroar|9/100\n|cant|p1b: Mizi|flinch\n|move|p2b: Tyranitar|Rock Slide|p1b: Mizi|[spread] p1a\n|-miss|p2b: Tyranitar|p1b: Mizi\n|-resisted|p1a: Dad|1\n|-damage|p1a: Dad|0 fnt\n|faint|p1a: Dad\n|\n|-weather|Sandstorm|[upkeep]\n|-damage|p1b: Mizi|30/100|[from] Sandstorm\n|-damage|p2a: Incineroar|3/100|[from] Sandstorm\n|upkeep\n|turn|10\n|\n|t:|1776208412\n|move|p1b: Mizi|Protect|p1b: Mizi\n|-singleturn|p1b: Mizi|Protect\n|move|p2b: Tyranitar|Ice Punch|p1b: Mizi\n|-activate|p1b: Mizi|move: Protect\n|move|p2a: Incineroar|Flare Blitz|p1b: Mizi\n|-activate|p1b: Mizi|move: Protect\n|\n|-weather|Sandstorm|[upkeep]\n|-damage|p1b: Mizi|24/100|[from] Sandstorm\n|-damage|p2a: Incineroar|0 fnt|[from] Sandstorm\n|faint|p2a: Incineroar\n|upkeep\n|turn|11\n|\n|t:|1776208426\n|move|p1b: Mizi|Dazzling Gleam|p2b: Tyranitar\n|-supereffective|p2b: Tyranitar|1\n|-damage|p2b: Tyranitar|45/100\n|move|p2b: Tyranitar|Ice Punch|p1b: Mizi\n|-supereffective|p1b: Mizi|1\n|-damage|p1b: Mizi|0 fnt\n|faint|p1b: Mizi\n|\n|win|Joedang1\n|raw|XxStpYTxX's rating: 1124 &rarr; <strong>1098</strong><br />(-26 for losing)\n|raw|Joedang1's rating: 1111 &rarr; <strong>1137</strong><br />(+26 for winning)\n|c|\u2606XxStpYTxX|gg\n|c|\u2606XxStpYTxX|wp\n|l|\u2606Joedang1\n|player|p2|\n",
  "uploadtime": 1776208446,
  "views": 16,
  "formatid": "gen9championsvgc2026regma",
  "rating": 1098,
  "private": 0,
  "password": null
}