{
  "id": "gen9championsvgc2026regma-2584314810",
  "format": "[Gen 9 Champions] VGC 2026 Reg M-A",
  "players": [
    "Alexander 365",
    "htotoT"
  ],
  "log": "|j|\u2606Alexander 365\n|j|\u2606htotoT\n|t:|1776250318\n|gametype|doubles\n|player|p1|Alexander 365|hilbert|1378\n|player|p2|htotoT|265|1368\n|gen|9\n|tier|[Gen 9 Champions] VGC 2026 Reg M-A\n|rated|\n|rule|Species Clause: Limit one of each Pok\u00e9mon\n|rule|Item Clause: Limit 1 of each item\n|clearpoke\n|poke|p1|Greninja-*, L50, M|\n|poke|p1|Dragapult, L50, M|\n|poke|p1|Decidueye-Hisui, L50, M|\n|poke|p1|Tyranitar, L50, M|\n|poke|p1|Tinkaton, L50, F|\n|poke|p1|Excadrill, L50, M|\n|poke|p2|Mimikyu, L50, M|\n|poke|p2|Incineroar, L50, M|\n|poke|p2|Crabominable, L50, F|\n|poke|p2|Sylveon, L50, F|\n|poke|p2|Sinistcha, L50|\n|poke|p2|Kangaskhan, L50, F|\n|teampreview|4\n|inactive|Battle timer is ON: inactive players will automatically lose when time's up. (requested by Alexander 365)\n|inactive|Alexander 365 has 60 seconds left.\n|\n|t:|1776250350\n|teamsize|p1|4\n|teamsize|p2|4\n|start\n|switch|p1a: Greninja|Greninja, L50, M|100/100\n|switch|p1b: Decidueye|Decidueye-Hisui, L50, M|100/100\n|switch|p2a: Mimikyu|Mimikyu, L50, M|100/100\n|switch|p2b: Kangaskhan|Kangaskhan, L50, F|100/100\n|turn|1\n|\n|t:|1776250362\n|move|p1a: Greninja|Protect|p1a: Greninja\n|-start|p1a: Greninja|typechange|Normal|[from] ability: Protean\n|-singleturn|p1a: Greninja|Protect\n|move|p2b: Kangaskhan|Fake Out|p1b: Decidueye\n|-damage|p1b: Decidueye|80/100\n|cant|p1b: Decidueye|flinch\n|move|p2a: Mimikyu|Trick Room|p2a: Mimikyu\n|-fieldstart|move: Trick Room|[of] p2a: Mimikyu\n|\n|upkeep\n|turn|2\n|inactive|Alexander 365 has 30 seconds left.\n|inactive|htotoT has 30 seconds left.\n|-activate|p1b: Decidueye|item: Quick Claw\n|\n|t:|1776250394\n|detailschange|p1a: Greninja|Greninja-Mega, L50, M\n|-mega|p1a: Greninja|Greninja|Greninjite\n|move|p1b: Decidueye|Protect|p1b: Decidueye\n|-singleturn|p1b: Decidueye|Protect\n|move|p2b: Kangaskhan|Protect|p2b: Kangaskhan\n|-singleturn|p2b: Kangaskhan|Protect\n|move|p2a: Mimikyu|Will-O-Wisp|p1b: Decidueye\n|-activate|p1b: Decidueye|move: Protect\n|move|p1a: Greninja|Hydro Pump|p2b: Kangaskhan\n|-start|p1a: Greninja|typechange|Water|[from] ability: Protean\n|-activate|p2b: Kangaskhan|move: Protect\n|\n|upkeep\n|turn|3\n|\n|t:|1776250418\n|detailschange|p2b: Kangaskhan|Kangaskhan-Mega, L50, F\n|-mega|p2b: Kangaskhan|Kangaskhan|Kangaskhanite\n|move|p1b: Decidueye|Triple Arrows|p2b: Kangaskhan\n|-supereffective|p2b: Kangaskhan|1\n|-damage|p2b: Kangaskhan|20/100\n|-unboost|p2b: Kangaskhan|def|1\n|cant|p2b: Kangaskhan|flinch\n|move|p2a: Mimikyu|Will-O-Wisp|p1b: Decidueye\n|-status|p1b: Decidueye|brn\n|move|p1a: Greninja|Hydro Pump|p2b: Kangaskhan|[miss]\n|-miss|p1a: Greninja|p2b: Kangaskhan\n|\n|-damage|p1b: Decidueye|74/100 brn|[from] brn\n|upkeep\n|turn|4\n|\n|t:|1776250442\n|move|p1b: Decidueye|Leaf Blade|p2b: Kangaskhan\n|-damage|p2b: Kangaskhan|0 fnt\n|faint|p2b: Kangaskhan\n|move|p2a: Mimikyu|Play Rough|p1a: Greninja\n|-damage|p1a: Greninja|40/100\n|move|p1a: Greninja|Hydro Pump|p2a: Mimikyu\n|-activate|p2a: Mimikyu|ability: Disguise\n|-damage|p2a: Mimikyu|100/100\n|detailschange|p2a: Mimikyu|Mimikyu-Busted, L50, M\n|-damage|p2a: Mimikyu|88/100|[from] pokemon: Mimikyu-Busted\n|\n|-damage|p1b: Decidueye|67/100 brn|[from] brn\n|upkeep\n|\n|t:|1776250454\n|switch|p2b: Crabominable|Crabominable, L50, F|100/100\n|turn|5\n|\n|t:|1776250464\n|move|p1a: Greninja|Protect|p1a: Greninja\n|-singleturn|p1a: Greninja|Protect\n|move|p2b: Crabominable|Ice Hammer|p1b: Decidueye\n|-supereffective|p1b: Decidueye|1\n|-damage|p1b: Decidueye|0 fnt\n|-unboost|p2b: Crabominable|spe|1\n|faint|p1b: Decidueye\n|move|p2a: Mimikyu|Play Rough|p1a: Greninja\n|-activate|p1a: Greninja|move: Protect\n|\n|-fieldend|move: Trick Room\n|upkeep\n|\n|t:|1776250479\n|switch|p1b: Excadrill|Excadrill, L50, M|100/100\n|turn|6\n|\n|t:|1776250496\n|switch|p2a: Incineroar|Incineroar, L50, M|100/100\n|-ability|p2a: Incineroar|Intimidate|boost\n|-unboost|p1a: Greninja|atk|1\n|-unboost|p1b: Excadrill|atk|1\n|move|p1a: Greninja|Hydro Pump|p2b: Crabominable\n|-damage|p2b: Crabominable|37/100\n|move|p1b: Excadrill|Iron Head|p2a: Incineroar\n|-resisted|p2a: Incineroar|1\n|-damage|p2a: Incineroar|88/100\n|move|p2b: Crabominable|Drain Punch|p1b: Excadrill\n|-supereffective|p1b: Excadrill|1\n|-enditem|p1b: Excadrill|Focus Sash\n|-damage|p1b: Excadrill|1/100\n|-heal|p2b: Crabominable|82/100|[from] drain|[of] p1b: Excadrill\n|\n|upkeep\n|turn|7\n|\n|t:|1776250515\n|move|p2a: Incineroar|Fake Out|p1a: Greninja\n|-damage|p1a: Greninja|21/100\n|move|p2b: Crabominable|Mach Punch|p1b: Excadrill\n|-supereffective|p1b: Excadrill|1\n|-damage|p1b: Excadrill|0 fnt\n|faint|p1b: Excadrill\n|cant|p1a: Greninja|flinch\n|\n|upkeep\n|\n|t:|1776250518\n|switch|p1b: Tyranitar|Tyranitar, L50, M|100/100\n|-weather|Sandstorm|[from] ability: Sand Stream|[of] p1b: Tyranitar\n|turn|8\n|\n|t:|1776250528\n|move|p2b: Crabominable|Mach Punch|p1a: Greninja\n|-damage|p1a: Greninja|0 fnt\n|faint|p1a: Greninja\n|move|p1b: Tyranitar|Rock Slide|p2a: Incineroar|[spread] p2a,p2b\n|-supereffective|p2a: Incineroar|1\n|-damage|p2a: Incineroar|34/100\n|-damage|p2b: Crabominable|50/100\n|-enditem|p2a: Incineroar|Sitrus Berry|[eat]\n|-heal|p2a: Incineroar|59/100|[from] item: Sitrus Berry\n|cant|p2a: Incineroar|flinch\n|\n|-weather|Sandstorm|[upkeep]\n|-damage|p2a: Incineroar|53/100|[from] Sandstorm\n|-damage|p2b: Crabominable|44/100|[from] Sandstorm\n|upkeep\n|turn|9\n|-message|Alexander 365 forfeited.\n|\n|win|htotoT\n|raw|Alexander 365's rating: 1378 &rarr; <strong>1357</strong><br />(-21 for losing)\n|raw|htotoT's rating: 1368 &rarr; <strong>1389</strong><br />(+21 for winning)\n|l|\u2606Alexander 365\n|player|p1|\n",
  "uploadtime": 1776250538,
  "views": 38,
  "formatid": "gen9championsvgc2026regma",
  "rating": 1357,
  "private": 0,
  "password": null
}