{
  "id": "gen9championsvgc2026regma-2588533840",
  "format": "[Gen 9 Champions] VGC 2026 Reg M-A",
  "players": [
    "Marcio Lira",
    "el barbas dml"
  ],
  "log": "|j|\u2606Marcio Lira\n|j|\u2606el barbas dml\n|t:|1776642438\n|gametype|doubles\n|player|p1|Marcio Lira|bugcatcher-gen4dp|1158\n|player|p2|el barbas dml|265|1067\n|gen|9\n|tier|[Gen 9 Champions] VGC 2026 Reg M-A\n|rated|\n|rule|Species Clause: Limit one of each Pok\u00e9mon\n|rule|Item Clause: Limit 1 of each item\n|clearpoke\n|poke|p1|Pelipper, L50, M|\n|poke|p1|Primarina, L50, F|\n|poke|p1|Basculegion, L50, M|\n|poke|p1|Archaludon, L50, M|\n|poke|p1|Scovillain, L50, M|\n|poke|p1|Incineroar, L50, M|\n|poke|p2|Gengar, L50, F, shiny|\n|poke|p2|Whimsicott, L50, M, shiny|\n|poke|p2|Dragonite, L50, M, shiny|\n|poke|p2|Incineroar, L50, M, shiny|\n|poke|p2|Politoed, L50, M, shiny|\n|poke|p2|Sneasler, L50, M, shiny|\n|teampreview|4\n|inactive|Battle timer is ON: inactive players will automatically lose when time's up. (requested by el barbas dml)\n|inactive|Marcio Lira has 60 seconds left.\n|inactive|Marcio Lira has 30 seconds left.\n|\n|t:|1776642507\n|teamsize|p1|4\n|teamsize|p2|4\n|start\n|switch|p1a: Basculegion|Basculegion, L50, M|100/100\n|switch|p1b: Incineroar|Incineroar, L50, M|100/100\n|switch|p2a: Whimsicott|Whimsicott, L50, M, shiny|100/100\n|switch|p2b: Sneasler|Sneasler, L50, M, shiny|100/100\n|-ability|p1b: Incineroar|Intimidate|boost\n|-unboost|p2a: Whimsicott|atk|1\n|-unboost|p2b: Sneasler|atk|1\n|-enditem|p2b: Sneasler|White Herb\n|-clearnegativeboost|p2b: Sneasler|[silent]\n|turn|1\n|\n|t:|1776642525\n|move|p2b: Sneasler|Fake Out|p1b: Incineroar\n|-damage|p1b: Incineroar|85/100\n|cant|p1b: Incineroar|flinch\n|move|p2a: Whimsicott|Tailwind|p2a: Whimsicott\n|-sidestart|p2: el barbas dml|move: Tailwind\n|move|p1a: Basculegion|Flip Turn|p2b: Sneasler\n|-damage|p2b: Sneasler|41/100\n|\n|t:|1776642532\n|switch|p1a: Scovillain|Scovillain, L50, M|100/100|[from] Flip Turn\n|\n|upkeep\n|turn|2\n|inactive|Marcio Lira has 30 seconds left.\n|\n|t:|1776642558\n|detailschange|p1a: Scovillain|Scovillain-Mega, L50, M\n|-mega|p1a: Scovillain|Scovillain|Scovillainite\n|move|p2a: Whimsicott|Protect|p2a: Whimsicott\n|-singleturn|p2a: Whimsicott|Protect\n|move|p1a: Scovillain|Rage Powder|p1a: Scovillain\n|-singleturn|p1a: Scovillain|move: Rage Powder\n|move|p2b: Sneasler|Close Combat|p1a: Scovillain\n|-damage|p1a: Scovillain|27/100\n|-unboost|p2b: Sneasler|def|1\n|-unboost|p2b: Sneasler|spd|1\n|-status|p2b: Sneasler|brn|[from] ability: Spicy Spray|[of] p1a: Scovillain\n|move|p1b: Incineroar|Parting Shot|p2a: Whimsicott\n|-activate|p2a: Whimsicott|move: Protect\n|\n|-damage|p2b: Sneasler|35/100 brn|[from] brn\n|upkeep\n|turn|3\n|inactive|el barbas dml has 30 seconds left.\n|\n|t:|1776642586\n|switch|p1b: Basculegion|Basculegion, L50, M|100/100\n|move|p1a: Scovillain|Protect|p1a: Scovillain\n|-singleturn|p1a: Scovillain|Protect\n|move|p2a: Whimsicott|Encore|p1a: Scovillain\n|-activate|p1a: Scovillain|move: Protect\n|move|p2b: Sneasler|Close Combat|p1b: Basculegion\n|-immune|p1b: Basculegion\n|\n|-damage|p2b: Sneasler|29/100 brn|[from] brn\n|upkeep\n|turn|4\n|\n|t:|1776642602\n|switch|p1a: Incineroar|Incineroar, L50, M|85/100\n|-ability|p1a: Incineroar|Intimidate|boost\n|-unboost|p2a: Whimsicott|atk|1\n|-unboost|p2b: Sneasler|atk|1\n|move|p2a: Whimsicott|Encore|p1a: Incineroar\n|-hint|Since gen 7, Dark is immune to Prankster moves.\n|-immune|p1a: Incineroar\n|move|p1b: Basculegion|Aqua Jet|p2b: Sneasler\n|-damage|p2b: Sneasler|0 fnt\n|faint|p2b: Sneasler\n|\n|-sideend|p2: el barbas dml|move: Tailwind\n|upkeep\n|\n|t:|1776642614\n|switch|p2b: Gengar|Gengar, L50, F, shiny|100/100\n|turn|5\n|\n|t:|1776642623\n|detailschange|p2b: Gengar|Gengar-Mega, L50, F, shiny\n|-mega|p2b: Gengar|Gengar|Gengarite\n|move|p1b: Basculegion|Aqua Jet|p2b: Gengar\n|-damage|p2b: Gengar|67/100\n|move|p2a: Whimsicott|Tailwind|p2a: Whimsicott\n|-sidestart|p2: el barbas dml|move: Tailwind\n|move|p2b: Gengar|Shadow Ball|p1b: Basculegion\n|-supereffective|p1b: Basculegion|1\n|-damage|p1b: Basculegion|0 fnt\n|faint|p1b: Basculegion\n|move|p1a: Incineroar|Darkest Lariat|p2b: Gengar\n|-supereffective|p2b: Gengar|1\n|-crit|p2b: Gengar\n|-damage|p2b: Gengar|0 fnt\n|faint|p2b: Gengar\n|\n|upkeep\n|\n|t:|1776642642\n|switch|p2b: Politoed|Politoed, L50, M, shiny|100/100\n|switch|p1b: Scovillain|Scovillain-Mega, L50, M|27/100\n|-weather|RainDance|[from] ability: Drizzle|[of] p2b: Politoed\n|turn|6\n|inactive|Marcio Lira has 30 seconds left.\n|inactive|Marcio Lira has 20 seconds left.\n|\n|t:|1776642678\n|switch|p1a: Primarina|Primarina, L50, F|100/100\n|move|p2a: Whimsicott|Moonblast|p1a: Primarina\n|-damage|p1a: Primarina|76/100\n|move|p2b: Politoed|Muddy Water|p1b: Scovillain|[spread] p1b\n|-miss|p2b: Politoed|p1a: Primarina\n|-damage|p1b: Scovillain|0 fnt\n|-status|p2b: Politoed|brn|[from] ability: Spicy Spray|[of] p1b: Scovillain\n|faint|p1b: Scovillain\n|\n|-weather|RainDance|[upkeep]\n|-damage|p2b: Politoed|95/100 brn|[from] brn\n|upkeep\n|\n|t:|1776642685\n|switch|p1b: Incineroar|Incineroar, L50, M|85/100\n|-ability|p1b: Incineroar|Intimidate|boost\n|-unboost|p2a: Whimsicott|atk|1\n|-unboost|p2b: Politoed|atk|1\n|turn|7\n|inactive|Marcio Lira has 30 seconds left.\n|inactive|Marcio Lira has 20 seconds left.\n|\n|t:|1776642725\n|move|p2a: Whimsicott|Protect|p2a: Whimsicott\n|-singleturn|p2a: Whimsicott|Protect\n|move|p2b: Politoed|Protect|p2b: Politoed\n|-singleturn|p2b: Politoed|Protect\n|move|p1b: Incineroar|Flare Blitz|p2a: Whimsicott\n|-activate|p2a: Whimsicott|move: Protect\n|move|p1a: Primarina|Moonblast|p2a: Whimsicott\n|-activate|p2a: Whimsicott|move: Protect\n|\n|-weather|RainDance|[upkeep]\n|-heal|p2b: Politoed|100/100 brn|[from] item: Leftovers\n|-damage|p2b: Politoed|95/100 brn|[from] brn\n|upkeep\n|turn|8\n|\n|t:|1776642744\n|move|p2a: Whimsicott|Moonblast|p1b: Incineroar\n|-damage|p1b: Incineroar|53/100\n|-unboost|p1b: Incineroar|spa|1\n|move|p2b: Politoed|Weather Ball|p1b: Incineroar\n|-supereffective|p1b: Incineroar|1\n|-damage|p1b: Incineroar|0 fnt\n|faint|p1b: Incineroar\n|move|p1a: Primarina|Moonblast|p2a: Whimsicott\n|-damage|p2a: Whimsicott|23/100\n|\n|-weather|RainDance|[upkeep]\n|-heal|p2b: Politoed|100/100 brn|[from] item: Leftovers\n|-damage|p2b: Politoed|95/100 brn|[from] brn\n|-sideend|p2: el barbas dml|move: Tailwind\n|upkeep\n|turn|9\n|\n|t:|1776642760\n|move|p2a: Whimsicott|Tailwind|p2a: Whimsicott\n|-sidestart|p2: el barbas dml|move: Tailwind\n|move|p2b: Politoed|Ice Beam|p1a: Primarina\n|-resisted|p1a: Primarina|1\n|-damage|p1a: Primarina|66/100\n|move|p1a: Primarina|Moonblast|p2a: Whimsicott\n|-damage|p2a: Whimsicott|0 fnt\n|faint|p2a: Whimsicott\n|\n|-weather|RainDance|[upkeep]\n|-heal|p2b: Politoed|100/100 brn|[from] item: Leftovers\n|-damage|p2b: Politoed|95/100 brn|[from] brn\n|upkeep\n|turn|10\n|\n|t:|1776642773\n|move|p1a: Primarina|Protect|p1a: Primarina\n|-singleturn|p1a: Primarina|Protect\n|move|p2b: Politoed|Weather Ball|p1a: Primarina\n|-activate|p1a: Primarina|move: Protect\n|\n|-weather|none\n|-heal|p2b: Politoed|100/100 brn|[from] item: Leftovers\n|-damage|p2b: Politoed|95/100 brn|[from] brn\n|upkeep\n|turn|11\n|\n|t:|1776642797\n|move|p2b: Politoed|Ice Beam|p1a: Primarina\n|-resisted|p1a: Primarina|1\n|-damage|p1a: Primarina|55/100\n|move|p1a: Primarina|Calm Mind|p1a: Primarina\n|-boost|p1a: Primarina|spa|1\n|-boost|p1a: Primarina|spd|1\n|\n|-heal|p2b: Politoed|100/100 brn|[from] item: Leftovers\n|-damage|p2b: Politoed|95/100 brn|[from] brn\n|upkeep\n|turn|12\n|\n|t:|1776642807\n|move|p1a: Primarina|Protect|p1a: Primarina\n|-singleturn|p1a: Primarina|Protect\n|move|p2b: Politoed|Ice Beam|p1a: Primarina\n|-activate|p1a: Primarina|move: Protect\n|\n|-heal|p2b: Politoed|100/100 brn|[from] item: Leftovers\n|-damage|p2b: Politoed|95/100 brn|[from] brn\n|-sideend|p2: el barbas dml|move: Tailwind\n|upkeep\n|turn|13\n|\n|t:|1776642823\n|move|p2b: Politoed|Ice Beam|p1a: Primarina\n|-resisted|p1a: Primarina|1\n|-damage|p1a: Primarina|48/100\n|move|p1a: Primarina|Moonblast|p2b: Politoed\n|-damage|p2b: Politoed|17/100 brn\n|\n|-heal|p2b: Politoed|23/100 brn|[from] item: Leftovers\n|-damage|p2b: Politoed|17/100 brn|[from] brn\n|upkeep\n|turn|14\n|-message|el barbas dml forfeited.\n|\n|win|Marcio Lira\n|raw|Marcio Lira's rating: 1158 &rarr; <strong>1177</strong><br />(+19 for winning)\n|raw|el barbas dml's rating: 1067 &rarr; <strong>1052</strong><br />(-15 for losing)\n|l|\u2606el barbas dml\n|player|p2|\n",
  "uploadtime": 1776642837,
  "views": 11,
  "formatid": "gen9championsvgc2026regma",
  "rating": 1052,
  "private": 0,
  "password": null
}