{
  "id": "gen9championsvgc2026regma-2586467579",
  "format": "[Gen 9 Champions] VGC 2026 Reg M-A",
  "players": [
    "surprisinglylucky",
    "urshifupancakes"
  ],
  "log": "|j|\u2606surprisinglylucky\n|j|\u2606urshifupancakes\n|t:|1776436732\n|gametype|doubles\n|player|p1|surprisinglylucky|cynthia-gen4|1146\n|player|p2|urshifupancakes|266|1194\n|gen|9\n|tier|[Gen 9 Champions] VGC 2026 Reg M-A\n|rated|\n|rule|Species Clause: Limit one of each Pok\u00e9mon\n|rule|Item Clause: Limit 1 of each item\n|clearpoke\n|poke|p1|Absol, L50, F|\n|poke|p1|Volcarona, L50, F|\n|poke|p1|Sneasler, L50, F|\n|poke|p1|Incineroar, L50, M|\n|poke|p1|Torkoal, L50, F|\n|poke|p1|Florges, L50, F|\n|poke|p2|Floette-Eternal, L50, F|\n|poke|p2|Maushold-Four, L50|\n|poke|p2|Garchomp, L50, F|\n|poke|p2|Decidueye, L50, M|\n|poke|p2|Basculegion, L50, M|\n|poke|p2|Pelipper, L50, F|\n|teampreview|4\n|\n|t:|1776436790\n|teamsize|p1|4\n|teamsize|p2|4\n|start\n|switch|p1a: Torkoal|Torkoal, L50, F|100/100\n|switch|p1b: Absol|Absol, L50, F|100/100\n|switch|p2a: Decidueye|Decidueye, L50, M|100/100\n|switch|p2b: Maushold|Maushold-Four, L50|100/100\n|-weather|SunnyDay|[from] ability: Drought|[of] p1a: Torkoal\n|turn|1\n|\n|t:|1776436829\n|detailschange|p1b: Absol|Absol-Mega, L50, F\n|-mega|p1b: Absol|Absol|Absolite\n|move|p2b: Maushold|Follow Me|p2b: Maushold\n|-singleturn|p2b: Maushold|move: Follow Me\n|move|p1b: Absol|Swords Dance|p1b: Absol\n|-boost|p1b: Absol|atk|2\n|move|p2a: Decidueye|Spirit Shackle|p1a: Torkoal\n|-damage|p1a: Torkoal|65/100\n|-activate|p1a: Torkoal|trapped\n|move|p1a: Torkoal|Eruption|p2b: Maushold|[spread] p2a,p2b\n|-supereffective|p2a: Decidueye|1\n|-damage|p2a: Decidueye|25/100\n|-damage|p2b: Maushold|41/100\n|\n|-weather|SunnyDay|[upkeep]\n|upkeep\n|turn|2\n|c|\u2606surprisinglylucky|I wish decidueye was stronger\n|c|\u2606surprisinglylucky|Such a cool mon\n|\n|t:|1776436861\n|move|p2b: Maushold|Follow Me|p2b: Maushold\n|-singleturn|p2b: Maushold|move: Follow Me\n|move|p1b: Absol|Knock Off|p2b: Maushold\n|-damage|p2b: Maushold|0 fnt\n|-enditem|p2b: Maushold|Lum Berry|[from] move: Knock Off|[of] p1b: Absol\n|faint|p2b: Maushold\n|move|p2a: Decidueye|Tailwind|p2a: Decidueye\n|-sidestart|p2: urshifupancakes|move: Tailwind\n|move|p1a: Torkoal|Heat Wave|p2a: Decidueye\n|-supereffective|p2a: Decidueye|1\n|-damage|p2a: Decidueye|0 fnt\n|faint|p2a: Decidueye\n|\n|-weather|SunnyDay|[upkeep]\n|upkeep\n|c|\u2606surprisinglylucky|But noone is cooler than absol\n|\n|t:|1776436875\n|switch|p2b: Basculegion|Basculegion, L50, M|100/100\n|switch|p2a: Floette|Floette-Eternal, L50, F|100/100\n|turn|3\n|\n|t:|1776436913\n|detailschange|p2a: Floette|Floette-Mega, L50, F\n|-mega|p2a: Floette|Floette|Floettite\n|-ability|p2a: Floette|Fairy Aura\n|move|p1b: Absol|Protect|p1b: Absol\n|-singleturn|p1b: Absol|Protect\n|move|p2b: Basculegion|Aqua Jet|p1b: Absol\n|-activate|p1b: Absol|move: Protect\n|move|p2a: Floette|Dazzling Gleam|p1b: Absol|[spread] p1a\n|-activate|p1b: Absol|move: Protect\n|-resisted|p1a: Torkoal|1\n|-damage|p1a: Torkoal|29/100\n|move|p1a: Torkoal|Heat Wave|p2a: Floette|[spread] p2a,p2b\n|-resisted|p2b: Basculegion|1\n|-damage|p2a: Floette|68/100\n|-damage|p2b: Basculegion|72/100\n|\n|-weather|SunnyDay|[upkeep]\n|upkeep\n|turn|4\n|\n|t:|1776436952\n|switch|p1b: Florges|Florges, L50, F|100/100\n|move|p2b: Basculegion|Aqua Jet|p1b: Florges\n|-damage|p1b: Florges|83/100\n|move|p2a: Floette|Dazzling Gleam|p1b: Florges|[spread] p1a,p1b\n|-resisted|p1a: Torkoal|1\n|-damage|p1a: Torkoal|0 fnt\n|-damage|p1b: Florges|53/100\n|faint|p1a: Torkoal\n|\n|-weather|SunnyDay|[upkeep]\n|-heal|p1b: Florges|59/100|[from] item: Leftovers\n|upkeep\n|\n|t:|1776436961\n|switch|p1a: Sneasler|Sneasler, L50, F|100/100\n|turn|5\n|\n|t:|1776436978\n|move|p2a: Floette|Protect|p2a: Floette\n|-singleturn|p2a: Floette|Protect\n|move|p1a: Sneasler|Fake Out|p2a: Floette\n|-activate|p2a: Floette|move: Protect\n|move|p2b: Basculegion|Aqua Jet|p1a: Sneasler\n|-damage|p1a: Sneasler|80/100\n|move|p1b: Florges|Giga Drain|p2b: Basculegion\n|-supereffective|p2b: Basculegion|1\n|-damage|p2b: Basculegion|18/100\n|-heal|p1b: Florges|90/100|[from] drain|[of] p2b: Basculegion\n|\n|-weather|none\n|-heal|p1b: Florges|96/100|[from] item: Leftovers\n|-sideend|p2: urshifupancakes|move: Tailwind\n|upkeep\n|turn|6\n|\n|t:|1776436996\n|move|p2b: Basculegion|Aqua Jet|p1a: Sneasler\n|-damage|p1a: Sneasler|39/100\n|move|p1a: Sneasler|Dire Claw|p2a: Floette\n|-supereffective|p2a: Floette|1\n|-damage|p2a: Floette|0 fnt\n|faint|p2a: Floette\n|move|p1b: Florges|Giga Drain|p2b: Basculegion\n|-supereffective|p2b: Basculegion|1\n|-damage|p2b: Basculegion|0 fnt\n|-heal|p1b: Florges|100/100|[from] drain|[of] p2b: Basculegion\n|faint|p2b: Basculegion\n|\n|win|surprisinglylucky\n|raw|surprisinglylucky's rating: 1146 &rarr; <strong>1174</strong><br />(+28 for winning)\n|raw|urshifupancakes's rating: 1194 &rarr; <strong>1166</strong><br />(-28 for losing)\n|l|\u2606urshifupancakes\n|player|p2|\n",
  "uploadtime": 1776437020,
  "views": 19,
  "formatid": "gen9championsvgc2026regma",
  "rating": 1166,
  "private": 0,
  "password": null
}