{
  "id": "gen9championsvgc2026regma-2588798494",
  "format": "[Gen 9 Champions] VGC 2026 Reg M-A",
  "players": [
    "Crash0utVGC",
    "Robert39rr"
  ],
  "log": "|j|\u2606Crash0utVGC\n|j|\u2606Robert39rr\n|t:|1776672190\n|gametype|doubles\n|player|p1|Crash0utVGC|colress|1173\n|player|p2|Robert39rr|cynthia-gen4|1181\n|gen|9\n|tier|[Gen 9 Champions] VGC 2026 Reg M-A\n|rated|\n|rule|Species Clause: Limit one of each Pok\u00e9mon\n|rule|Item Clause: Limit 1 of each item\n|clearpoke\n|poke|p1|Charizard, L50, M|\n|poke|p1|Sinistcha-Masterpiece, L50|\n|poke|p1|Tyranitar, L50, F, shiny|\n|poke|p1|Incineroar, L50, M|\n|poke|p1|Milotic, L50, F, shiny|\n|poke|p1|Sneasler, L50, F, shiny|\n|poke|p2|Meganium, L50, M, shiny|\n|poke|p2|Kangaskhan, L50, F, shiny|\n|poke|p2|Aerodactyl, L50, F, shiny|\n|poke|p2|Tauros-Paldea-Aqua, L50, M, shiny|\n|poke|p2|Archaludon, L50, M, shiny|\n|poke|p2|Typhlosion-Hisui, L50, M|\n|teampreview|4\n|\n|t:|1776672213\n|teamsize|p1|4\n|teamsize|p2|4\n|start\n|switch|p1a: Charizard|Charizard, L50, M|100/100\n|switch|p1b: Milotic|Milotic, L50, F, shiny|100/100\n|switch|p2a: Tauros|Tauros-Paldea-Aqua, L50, M, shiny|100/100\n|switch|p2b: Aerodactyl|Aerodactyl, L50, F, shiny|100/100\n|-ability|p2b: Aerodactyl|Unnerve\n|-ability|p2a: Tauros|Intimidate|boost\n|-unboost|p1a: Charizard|atk|1\n|-unboost|p1b: Milotic|atk|1\n|-ability|p1b: Milotic|Competitive|boost\n|-boost|p1b: Milotic|spa|2\n|turn|1\n|\n|t:|1776672241\n|switch|p2a: Archaludon|Archaludon, L50, M, shiny|100/100\n|move|p1a: Charizard|Protect|p1a: Charizard\n|-singleturn|p1a: Charizard|Protect\n|move|p2b: Aerodactyl|Tailwind|p2b: Aerodactyl\n|-sidestart|p2: Robert39rr|move: Tailwind\n|move|p1b: Milotic|Icy Wind|p2a: Archaludon|[spread] p2a,p2b\n|-supereffective|p2b: Aerodactyl|1\n|-damage|p2a: Archaludon|68/100\n|-damage|p2b: Aerodactyl|35/100\n|-unboost|p2a: Archaludon|spe|1\n|-unboost|p2b: Aerodactyl|spe|1\n|\n|upkeep\n|turn|2\n|\n|t:|1776672261\n|switch|p1a: Incineroar|Incineroar, L50, M|100/100\n|-ability|p1a: Incineroar|Intimidate|boost\n|-unboost|p2a: Archaludon|atk|1\n|-unboost|p2b: Aerodactyl|atk|1\n|move|p2b: Aerodactyl|Rock Slide|p1a: Incineroar|[spread] p1a,p1b\n|-supereffective|p1a: Incineroar|1\n|-damage|p1a: Incineroar|67/100\n|-damage|p1b: Milotic|82/100\n|move|p2a: Archaludon|Thunderbolt|p1b: Milotic\n|-supereffective|p1b: Milotic|1\n|-damage|p1b: Milotic|35/100\n|move|p1b: Milotic|Icy Wind|p2b: Aerodactyl|[spread] p2a,p2b\n|-supereffective|p2b: Aerodactyl|1\n|-damage|p2a: Archaludon|36/100\n|-damage|p2b: Aerodactyl|0 fnt\n|-unboost|p2a: Archaludon|spe|1\n|faint|p2b: Aerodactyl\n|\n|-heal|p1b: Milotic|41/100|[from] item: Leftovers\n|upkeep\n|\n|t:|1776672282\n|switch|p2b: Tauros|Tauros-Paldea-Aqua, L50, M, shiny|100/100\n|-ability|p2b: Tauros|Intimidate|boost\n|-unboost|p1a: Incineroar|atk|1\n|-unboost|p1b: Milotic|atk|1\n|-ability|p1b: Milotic|Competitive|boost\n|-boost|p1b: Milotic|spa|2\n|turn|3\n|\n|t:|1776672294\n|switch|p1a: Sinistcha|Sinistcha-Masterpiece, L50|100/100\n|-heal|p1b: Milotic|65/100|[from] ability: Hospitality|[of] p1a: Sinistcha\n|move|p1b: Milotic|Protect|p1b: Milotic\n|-singleturn|p1b: Milotic|Protect\n|move|p2b: Tauros|Close Combat|p1a: Sinistcha\n|-immune|p1a: Sinistcha\n|move|p2a: Archaludon|Thunderbolt|p1b: Milotic\n|-activate|p1b: Milotic|move: Protect\n|\n|-heal|p1b: Milotic|71/100|[from] item: Leftovers\n|upkeep\n|turn|4\n|\n|t:|1776672311\n|switch|p2b: Meganium|Meganium, L50, M, shiny|100/100\n|move|p1a: Sinistcha|Rage Powder|p1a: Sinistcha\n|-singleturn|p1a: Sinistcha|move: Rage Powder\n|move|p2a: Archaludon|Thunderbolt|p1b: Milotic\n|-supereffective|p1b: Milotic|1\n|-damage|p1b: Milotic|26/100\n|move|p1b: Milotic|Icy Wind|p2b: Meganium|[spread] p2a,p2b\n|-supereffective|p2b: Meganium|1\n|-damage|p2a: Archaludon|0 fnt\n|-damage|p2b: Meganium|25/100\n|-unboost|p2b: Meganium|spe|1\n|faint|p2a: Archaludon\n|\n|-heal|p1b: Milotic|32/100|[from] item: Leftovers\n|-sideend|p2: Robert39rr|move: Tailwind\n|upkeep\n|\n|t:|1776672322\n|switch|p2a: Tauros|Tauros-Paldea-Aqua, L50, M, shiny|100/100\n|-ability|p2a: Tauros|Intimidate|boost\n|-unboost|p1a: Sinistcha|atk|1\n|-unboost|p1b: Milotic|atk|1\n|-ability|p1b: Milotic|Competitive|boost\n|-boost|p1b: Milotic|spa|2\n|turn|5\n|\n|t:|1776672332\n|detailschange|p2b: Meganium|Meganium-Mega, L50, M, shiny\n|-mega|p2b: Meganium|Meganium|Meganiumite\n|move|p1a: Sinistcha|Rage Powder|p1a: Sinistcha\n|-singleturn|p1a: Sinistcha|move: Rage Powder\n|move|p2a: Tauros|Close Combat|p1a: Sinistcha\n|-immune|p1a: Sinistcha\n|move|p1b: Milotic|Icy Wind|p2b: Meganium|[spread] p2a\n|-miss|p1b: Milotic|p2b: Meganium\n|-resisted|p2a: Tauros|1\n|-damage|p2a: Tauros|66/100\n|-unboost|p2a: Tauros|spe|1\n|-enditem|p2a: Tauros|White Herb\n|-clearnegativeboost|p2a: Tauros|[silent]\n|move|p2b: Meganium|Dazzling Gleam|p1a: Sinistcha|[spread] p1a,p1b\n|-damage|p1a: Sinistcha|58/100\n|-damage|p1b: Milotic|6/100\n|\n|-heal|p1b: Milotic|12/100|[from] item: Leftovers\n|upkeep\n|turn|6\n|\n|t:|1776672354\n|move|p1a: Sinistcha|Rage Powder|p1a: Sinistcha\n|-singleturn|p1a: Sinistcha|move: Rage Powder\n|move|p2a: Tauros|Close Combat|p1a: Sinistcha\n|-immune|p1a: Sinistcha\n|move|p1b: Milotic|Icy Wind|p2a: Tauros|[spread] p2a,p2b\n|-resisted|p2a: Tauros|1\n|-supereffective|p2b: Meganium|1\n|-damage|p2a: Tauros|28/100\n|-damage|p2b: Meganium|0 fnt\n|-unboost|p2a: Tauros|spe|1\n|faint|p2b: Meganium\n|\n|-heal|p1b: Milotic|18/100|[from] item: Leftovers\n|upkeep\n|turn|7\n|-message|Robert39rr forfeited.\n|\n|win|Crash0utVGC\n|raw|Crash0utVGC's rating: 1173 &rarr; <strong>1199</strong><br />(+26 for winning)\n|raw|Robert39rr's rating: 1181 &rarr; <strong>1155</strong><br />(-26 for losing)\n",
  "uploadtime": 1776672365,
  "views": 12,
  "formatid": "gen9championsvgc2026regma",
  "rating": 1155,
  "private": 0,
  "password": null
}