{
  "id": "gen9championsvgc2026regma-2587366695",
  "format": "[Gen 9 Champions] VGC 2026 Reg M-A",
  "players": [
    "brojonski",
    "Josa2004"
  ],
  "log": "|j|\u2606brojonski\n|j|\u2606Josa2004\n|t:|1776525796\n|gametype|doubles\n|player|p1|brojonski|brock|1349\n|player|p2|Josa2004|170|1280\n|gen|9\n|tier|[Gen 9 Champions] VGC 2026 Reg M-A\n|rated|\n|rule|Species Clause: Limit one of each Pok\u00e9mon\n|rule|Item Clause: Limit 1 of each item\n|clearpoke\n|poke|p1|Crabominable, L50, F|\n|poke|p1|Zoroark-Hisui, L50, M|\n|poke|p1|Slowking, L50, M|\n|poke|p1|Incineroar, L50, F|\n|poke|p1|Tsareena, L50, F|\n|poke|p1|Glimmora, L50, F|\n|poke|p2|Dragonite, L50, F|\n|poke|p2|Pelipper, L50, M|\n|poke|p2|Basculegion, L50, M|\n|poke|p2|Archaludon, L50, F|\n|poke|p2|Sinistcha, L50|\n|poke|p2|Sneasler, L50, M|\n|teampreview|4\n|inactive|Battle timer is ON: inactive players will automatically lose when time's up. (requested by brojonski)\nbrojonski rejected open team sheets.\n|inactive|brojonski has 60 seconds left.\n|inactive|brojonski has 30 seconds left.\n|inactive|Josa2004 has 60 seconds left.\n|inactive|brojonski has 20 seconds left.\n|inactive|brojonski has 15 seconds left.\n|inactive|brojonski has 10 seconds left.\n|inactive|brojonski has 5 seconds left.\n|\n|t:|1776525893\n|teamsize|p1|4\n|teamsize|p2|4\n|start\n|switch|p1a: Slowking|Slowking, L50, M|100/100\n|switch|p1b: Glimmora|Glimmora, L50, F|100/100\n|switch|p2a: Pelipper|Pelipper, L50, M|100/100\n|switch|p2b: Archaludon|Archaludon, L50, F|100/100\n|-weather|RainDance|[from] ability: Drizzle|[of] p2a: Pelipper\n|turn|1\n|\n|t:|1776525909\n|detailschange|p1b: Glimmora|Glimmora-Mega, L50, F\n|-mega|p1b: Glimmora|Glimmora|Glimmoranite\n|move|p1a: Slowking|Icy Wind|p2a: Pelipper|[spread] p2a,p2b\n|-damage|p2a: Pelipper|74/100\n|-damage|p2b: Archaludon|86/100\n|-unboost|p2a: Pelipper|spe|1\n|-unboost|p2b: Archaludon|spe|1\n|-ability|p2b: Archaludon|Stamina|boost\n|-boost|p2b: Archaludon|def|1\n|move|p1b: Glimmora|Earth Power|p2b: Archaludon\n|-supereffective|p2b: Archaludon|1\n|-damage|p2b: Archaludon|12/100\n|-ability|p2b: Archaludon|Stamina|boost\n|-boost|p2b: Archaludon|def|1\n|move|p2a: Pelipper|Weather Ball|p1b: Glimmora\n|-supereffective|p1b: Glimmora|1\n|-damage|p1b: Glimmora|0 fnt\n|faint|p1b: Glimmora\n|move|p2b: Archaludon|Electro Shot||[still]\n|-prepare|p2b: Archaludon|Electro Shot\n|-boost|p2b: Archaludon|spa|1\n|-anim|p2b: Archaludon|Electro Shot|p1a: Slowking\n|-enditem|p1a: Slowking|Focus Sash\n|-damage|p1a: Slowking|1/100\n|replace|p1a: Zoroark|Zoroark-Hisui, L50, M\n|-end|p1a: Zoroark|Illusion\n|\n|-weather|RainDance|[upkeep]\n|-heal|p2b: Archaludon|18/100|[from] item: Leftovers\n|upkeep\n|\n|t:|1776525932\n|switch|p1b: Tsareena|Tsareena, L50, F|100/100\n|turn|2\n|inactive|brojonski has 30 seconds left.\n|\n|t:|1776525963\n|move|p2b: Archaludon|Protect|p2b: Archaludon\n|-singleturn|p2b: Archaludon|Protect\n|move|p1a: Zoroark|Bitter Malice|p2a: Pelipper\n|-damage|p2a: Pelipper|6/100\n|-unboost|p2a: Pelipper|atk|1\n|move|p1b: Tsareena|Low Kick|p2b: Archaludon\n|-activate|p2b: Archaludon|move: Protect\n|move|p2a: Pelipper|Hurricane|p1b: Tsareena\n|-supereffective|p1b: Tsareena|1\n|-damage|p1b: Tsareena|12/100\n|-start|p1b: Tsareena|confusion\n|\n|-weather|RainDance|[upkeep]\n|-heal|p2b: Archaludon|24/100|[from] item: Leftovers\n|upkeep\n|turn|3\n|inactive|brojonski has 30 seconds left.\n|\n|t:|1776525991\n|switch|p2a: Dragonite|Dragonite, L50, F|100/100\n|switch|p2b: Sneasler|Sneasler, L50, M|100/100\n|move|p1a: Zoroark|Bitter Malice|p2a: Dragonite\n|-damage|p2a: Dragonite|59/100\n|-unboost|p2a: Dragonite|atk|1\n|-activate|p1b: Tsareena|confusion\n|move|p1b: Tsareena|Low Kick|p2b: Sneasler\n|-resisted|p2b: Sneasler|1\n|-damage|p2b: Sneasler|85/100\n|\n|-weather|RainDance|[upkeep]\n|upkeep\n|turn|4\n|inactive|Josa2004 has 30 seconds left.\n|\n|t:|1776526016\n|switch|p1b: Slowking|Slowking, L50, M|100/100\n|detailschange|p2a: Dragonite|Dragonite-Mega, L50, F\n|-mega|p2a: Dragonite|Dragonite|Dragoninite\n|move|p1a: Zoroark|Icy Wind|p2b: Sneasler|[spread] p2a,p2b\n|-supereffective|p2a: Dragonite|2\n|-damage|p2a: Dragonite|14/100\n|-damage|p2b: Sneasler|68/100\n|-unboost|p2a: Dragonite|spe|1\n|-unboost|p2b: Sneasler|spe|1\n|-enditem|p2b: Sneasler|White Herb\n|-clearnegativeboost|p2b: Sneasler|[silent]\n|move|p2b: Sneasler|Throat Chop|p1a: Zoroark\n|-supereffective|p1a: Zoroark|1\n|-damage|p1a: Zoroark|0 fnt\n|faint|p1a: Zoroark\n|move|p2a: Dragonite|Tailwind|p2a: Dragonite\n|-sidestart|p2: Josa2004|move: Tailwind\n|\n|-weather|RainDance|[upkeep]\n|upkeep\n|\n|t:|1776526026\n|switch|p1a: Tsareena|Tsareena, L50, F|12/100\n|turn|5\n|inactive|Josa2004 has 30 seconds left.\n|inactive|Josa2004 has 20 seconds left.\n|\n|t:|1776526061\n|switch|p2b: Archaludon|Archaludon, L50, F|24/100\n|move|p2a: Dragonite|Protect|p2a: Dragonite\n|-singleturn|p2a: Dragonite|Protect\n|move|p1a: Tsareena|Protect|p1a: Tsareena\n|-singleturn|p1a: Tsareena|Protect\n|move|p1b: Slowking|Trick Room|p1b: Slowking\n|-fieldstart|move: Trick Room|[of] p1b: Slowking\n|\n|-weather|none\n|-heal|p2b: Archaludon|30/100|[from] item: Leftovers\n|upkeep\n|turn|6\n|inactive|Josa2004 has 30 seconds left.\n|\n|t:|1776526087\n|switch|p2a: Pelipper|Pelipper, L50, M|6/100\n|-weather|RainDance|[from] ability: Drizzle|[of] p2a: Pelipper\n|move|p1b: Slowking|Psychic Noise|p2a: Pelipper\n|-damage|p2a: Pelipper|0 fnt\n|faint|p2a: Pelipper\n|move|p1a: Tsareena|Low Kick|p2b: Archaludon\n|-supereffective|p2b: Archaludon|1\n|-damage|p2b: Archaludon|0 fnt\n|faint|p2b: Archaludon\n|\n|-weather|RainDance|[upkeep]\n|upkeep\n|\n|t:|1776526100\n|switch|p2b: Sneasler|Sneasler, L50, M|68/100\n|switch|p2a: Dragonite|Dragonite-Mega, L50, F|14/100\n|turn|7\n|\n|t:|1776526119\n|move|p1b: Slowking|Psychic Noise|p2b: Sneasler\n|-supereffective|p2b: Sneasler|2\n|-crit|p2b: Sneasler\n|-damage|p2b: Sneasler|0 fnt\n|faint|p2b: Sneasler\n|move|p1a: Tsareena|Triple Axel|p2a: Dragonite\n|-supereffective|p2a: Dragonite|2\n|-damage|p2a: Dragonite|0 fnt\n|faint|p2a: Dragonite\n|-hitcount|p2: Dragonite|1\n|\n|win|brojonski\n|raw|brojonski's rating: 1349 &rarr; <strong>1365</strong><br />(+16 for winning)\n|raw|Josa2004's rating: 1280 &rarr; <strong>1260</strong><br />(-20 for losing)\n",
  "uploadtime": 1776526124,
  "views": 34,
  "formatid": "gen9championsvgc2026regma",
  "rating": 1260,
  "private": 0,
  "password": null
}