{
  "id": "gen9championsvgc2026regma-2585458868",
  "format": "[Gen 9 Champions] VGC 2026 Reg M-A",
  "players": [
    "dkapflzksh",
    "Cabin6"
  ],
  "log": "|j|\u2606dkapflzksh\n|j|\u2606Cabin6\n|t:|1776348684\n|gametype|doubles\n|player|p1|dkapflzksh|scientist-gen4dp|1410\n|player|p2|Cabin6|roxie|1458\n|gen|9\n|tier|[Gen 9 Champions] VGC 2026 Reg M-A\n|rated|\n|rule|Species Clause: Limit one of each Pok\u00e9mon\n|rule|Item Clause: Limit 1 of each item\n|clearpoke\n|poke|p1|Basculegion, L50, M|\n|poke|p1|Dragonite, L50, M|\n|poke|p1|Archaludon, L50, M|\n|poke|p1|Pelipper, L50, F|\n|poke|p1|Floette-Eternal, L50, F|\n|poke|p1|Kingambit, L50, M|\n|poke|p2|Delphox, L50, F|\n|poke|p2|Kingambit, L50, F|\n|poke|p2|Sneasler, L50, M|\n|poke|p2|Dragonite, L50, M|\n|poke|p2|Clefable, L50, F|\n|poke|p2|Basculegion, L50, M|\n|teampreview|4\n|inactive|Battle timer is ON: inactive players will automatically lose when time's up. (requested by Cabin6)\n|inactive|dkapflzksh has 60 seconds left.\n|\n|t:|1776348730\n|teamsize|p1|4\n|teamsize|p2|4\n|start\n|switch|p1a: Pelipper|Pelipper, L50, F, shiny|100/100\n|switch|p1b: Archaludon|Archaludon, L50, M, shiny|100/100\n|switch|p2a: Aaron's Legion|Basculegion, L50, M|100/100\n|switch|p2b: Foxpii's Blessing|Delphox, L50, F|100/100\n|-weather|RainDance|[from] ability: Drizzle|[of] p1a: Pelipper\n|turn|1\n|inactive|Cabin6 has 30 seconds left.\n|\n|t:|1776348760\n|detailschange|p2b: Foxpii's Blessing|Delphox-Mega, L50, F\n|-mega|p2b: Foxpii's Blessing|Delphox|Delphoxite\n|move|p2a: Aaron's Legion|Flip Turn|p1a: Pelipper\n|-resisted|p1a: Pelipper|1\n|-damage|p1a: Pelipper|68/100\n|\n|t:|1776348772\n|switch|p2a: Abdur's Aura|Sneasler, L50, M|100/100|[from] Flip Turn\n|move|p2b: Foxpii's Blessing|Substitute|p2b: Foxpii's Blessing\n|-start|p2b: Foxpii's Blessing|Substitute\n|-damage|p2b: Foxpii's Blessing|76/100\n|move|p1a: Pelipper|Tailwind|p1a: Pelipper\n|-sidestart|p1: dkapflzksh|move: Tailwind\n|move|p1b: Archaludon|Electro Shot||[still]\n|-prepare|p1b: Archaludon|Electro Shot\n|-boost|p1b: Archaludon|spa|1\n|-anim|p1b: Archaludon|Electro Shot|p2a: Abdur's Aura\n|-damage|p2a: Abdur's Aura|11/100\n|\n|-weather|RainDance|[upkeep]\n|upkeep\n|turn|2\n|inactive|dkapflzksh has 30 seconds left.\n|inactive|Cabin6 has 30 seconds left.\n|inactive|dkapflzksh has 20 seconds left.\n|inactive|Cabin6 has 20 seconds left.\n|inactive|Cabin6 has 15 seconds left.\n|\n|t:|1776348814\n|move|p1b: Archaludon|Protect|p1b: Archaludon\n|-singleturn|p1b: Archaludon|Protect\n|move|p2a: Abdur's Aura|Protect|p2a: Abdur's Aura\n|-singleturn|p2a: Abdur's Aura|Protect\n|move|p1a: Pelipper|Weather Ball|p2a: Abdur's Aura\n|-activate|p2a: Abdur's Aura|move: Protect\n|move|p2b: Foxpii's Blessing|Psychic|p1b: Archaludon\n|-activate|p1b: Archaludon|move: Protect\n|\n|-weather|RainDance|[upkeep]\n|upkeep\n|turn|3\n|\n|t:|1776348833\n|switch|p2a: Clefable|Clefable, L50, F|100/100\n|move|p1a: Pelipper|Weather Ball|p2b: Foxpii's Blessing\n|-supereffective|p2b: Foxpii's Blessing|1\n|-end|p2b: Foxpii's Blessing|Substitute\n|move|p1b: Archaludon|Electro Shot||[still]\n|-prepare|p1b: Archaludon|Electro Shot\n|-boost|p1b: Archaludon|spa|1\n|-anim|p1b: Archaludon|Electro Shot|p2b: Foxpii's Blessing\n|-damage|p2b: Foxpii's Blessing|2/100\n|move|p2b: Foxpii's Blessing|Heat Wave|p1b: Archaludon|[spread] p1a,p1b\n|-resisted|p1a: Pelipper|1\n|-damage|p1a: Pelipper|52/100\n|-damage|p1b: Archaludon|82/100\n|-ability|p1b: Archaludon|Stamina|boost\n|-boost|p1b: Archaludon|def|1\n|\n|-weather|RainDance|[upkeep]\n|-heal|p1b: Archaludon|88/100|[from] item: Leftovers\n|upkeep\n|turn|4\n|\n|t:|1776348857\n|move|p2b: Foxpii's Blessing|Protect|p2b: Foxpii's Blessing\n|-singleturn|p2b: Foxpii's Blessing|Protect\n|move|p2a: Clefable|Protect|p2a: Clefable\n|-singleturn|p2a: Clefable|Protect\n|move|p1a: Pelipper|Weather Ball|p2b: Foxpii's Blessing\n|-activate|p2b: Foxpii's Blessing|move: Protect\n|move|p1b: Archaludon|Electro Shot||[still]\n|-prepare|p1b: Archaludon|Electro Shot\n|-boost|p1b: Archaludon|spa|1\n|-anim|p1b: Archaludon|Electro Shot|p2a: Clefable\n|-activate|p2a: Clefable|move: Protect\n|\n|-weather|RainDance|[upkeep]\n|-heal|p1b: Archaludon|94/100|[from] item: Leftovers\n|-sideend|p1: dkapflzksh|move: Tailwind\n|upkeep\n|turn|5\n|\n|t:|1776348879\n|switch|p1a: Basculegion|Basculegion, L50, M, shiny|100/100\n|move|p2a: Clefable|Follow Me|p2a: Clefable\n|-singleturn|p2a: Clefable|move: Follow Me\n|move|p2b: Foxpii's Blessing|Psychic|p1a: Basculegion\n|-damage|p1a: Basculegion|35/100\n|move|p1b: Archaludon|Electro Shot||[still]\n|-prepare|p1b: Archaludon|Electro Shot\n|-boost|p1b: Archaludon|spa|1\n|-anim|p1b: Archaludon|Electro Shot|p2a: Clefable\n|-damage|p2a: Clefable|61/100\n|\n|-weather|none\n|-heal|p1b: Archaludon|100/100|[from] item: Leftovers\n|upkeep\n|turn|6\n|inactive|dkapflzksh has 30 seconds left.\n|\n|t:|1776348906\n|move|p2a: Clefable|Follow Me|p2a: Clefable\n|-singleturn|p2a: Clefable|move: Follow Me\n|move|p1a: Basculegion|Flip Turn|p2a: Clefable\n|-damage|p2a: Clefable|30/100\n|-enditem|p2a: Clefable|Sitrus Berry|[eat]\n|-heal|p2a: Clefable|55/100|[from] item: Sitrus Berry\n|\n|t:|1776348913\n|switch|p1a: Pelipper|Pelipper, L50, F, shiny|52/100|[from] Flip Turn\n|-weather|RainDance|[from] ability: Drizzle|[of] p1a: Pelipper\n|move|p2b: Foxpii's Blessing|Heat Wave|p1a: Pelipper|[spread] p1a,p1b\n|-resisted|p1a: Pelipper|1\n|-damage|p1a: Pelipper|36/100\n|-damage|p1b: Archaludon|79/100\n|-ability|p1b: Archaludon|Stamina|boost\n|-boost|p1b: Archaludon|def|1\n|move|p1b: Archaludon|Electro Shot||[still]\n|-prepare|p1b: Archaludon|Electro Shot\n|-boost|p1b: Archaludon|spa|1\n|-anim|p1b: Archaludon|Electro Shot|p2a: Clefable\n|-damage|p2a: Clefable|13/100\n|\n|-weather|RainDance|[upkeep]\n|-heal|p1b: Archaludon|85/100|[from] item: Leftovers\n|upkeep\n|turn|7\n|\n|t:|1776348934\n|move|p2b: Foxpii's Blessing|Psychic|p1a: Pelipper\n|-damage|p1a: Pelipper|0 fnt\n|faint|p1a: Pelipper\n|move|p1b: Archaludon|Electro Shot||[still]\n|-prepare|p1b: Archaludon|Electro Shot\n|-boost|p1b: Archaludon|spa|1\n|-anim|p1b: Archaludon|Electro Shot|p2b: Foxpii's Blessing\n|-damage|p2b: Foxpii's Blessing|0 fnt\n|faint|p2b: Foxpii's Blessing\n|move|p2a: Clefable|Moonblast|p1b: Archaludon\n|-damage|p1b: Archaludon|55/100\n|-ability|p1b: Archaludon|Stamina|boost\n|-boost|p1b: Archaludon|def|1\n|\n|-weather|RainDance|[upkeep]\n|-heal|p1b: Archaludon|61/100|[from] item: Leftovers\n|upkeep\n|\n|t:|1776348952\n|switch|p2b: Abdur's Aura|Sneasler, L50, M|11/100\n|switch|p1a: Basculegion|Basculegion, L50, M, shiny|35/100\n|turn|8\n|\n|t:|1776348973\n|move|p2a: Clefable|Follow Me|p2a: Clefable\n|-singleturn|p2a: Clefable|move: Follow Me\n|move|p1a: Basculegion|Aqua Jet|p2a: Clefable\n|-damage|p2a: Clefable|0 fnt\n|faint|p2a: Clefable\n|move|p2b: Abdur's Aura|Dire Claw|p1a: Basculegion\n|-resisted|p1a: Basculegion|1\n|-damage|p1a: Basculegion|8/100\n|move|p1b: Archaludon|Electro Shot||[still]\n|-prepare|p1b: Archaludon|Electro Shot\n|-boost|p1b: Archaludon|spa|0\n|-anim|p1b: Archaludon|Electro Shot|p2b: Abdur's Aura\n|-damage|p2b: Abdur's Aura|0 fnt\n|faint|p2b: Abdur's Aura\n|\n|-weather|RainDance|[upkeep]\n|-heal|p1b: Archaludon|68/100|[from] item: Leftovers\n|upkeep\n|\n|t:|1776348988\n|switch|p2b: Aaron's Legion|Basculegion, L50, M|100/100\n|turn|9\n|\n|t:|1776348993\n|move|p1a: Basculegion|Aqua Jet|p2b: Aaron's Legion\n|-resisted|p2b: Aaron's Legion|1\n|-damage|p2b: Aaron's Legion|76/100\n|move|p2b: Aaron's Legion|Last Respects|p1b: Archaludon\n|-damage|p1b: Archaludon|30/100\n|-ability|p1b: Archaludon|Stamina|boost\n|-boost|p1b: Archaludon|def|1\n|move|p1b: Archaludon|Electro Shot||[still]\n|-prepare|p1b: Archaludon|Electro Shot\n|-boost|p1b: Archaludon|spa|0\n|-anim|p1b: Archaludon|Electro Shot|p2b: Aaron's Legion\n|-supereffective|p2b: Aaron's Legion|1\n|-damage|p2b: Aaron's Legion|0 fnt\n|faint|p2b: Aaron's Legion\n|\n|win|dkapflzksh\n|raw|dkapflzksh's rating: 1410 &rarr; <strong>1433</strong><br />(+23 for winning)\n|raw|Cabin6's rating: 1458 &rarr; <strong>1435</strong><br />(-23 for losing)\n",
  "uploadtime": 1776348994,
  "views": 53,
  "formatid": "gen9championsvgc2026regma",
  "rating": 1433,
  "private": 0,
  "password": null
}