{
  "id": "gen9championsvgc2026regma-2583250935",
  "format": "[Gen 9 Champions] VGC 2026 Reg M-A",
  "players": [
    "Quetzal06",
    "shin-tv07"
  ],
  "log": "|j|\u2606Quetzal06\n|j|\u2606shin-tv07\n|t:|1776159580\n|gametype|doubles\n|player|p1|Quetzal06|volkner|1138\n|player|p2|shin-tv07|twins-gen4dp|1116\n|gen|9\n|tier|[Gen 9 Champions] VGC 2026 Reg M-A\n|rated|\n|rule|Species Clause: Limit one of each Pok\u00e9mon\n|rule|Item Clause: Limit 1 of each item\n|clearpoke\n|poke|p1|Tyranitar, L50, F|\n|poke|p1|Excadrill, L50, F|\n|poke|p1|Corviknight, L50, M|\n|poke|p1|Rotom-Wash, L50|\n|poke|p1|Klefki, L50, F|\n|poke|p1|Sneasler, L50, M|\n|poke|p2|Tauros-Paldea-Aqua, L50, M|\n|poke|p2|Froslass, L50, F|\n|poke|p2|Whimsicott, L50, M|\n|poke|p2|Farigiraf, L50, M|\n|poke|p2|Palafin, L50, F|\n|poke|p2|Floette-Eternal, L50, F|\n|teampreview|4\n|\n|t:|1776159604\n|teamsize|p1|4\n|teamsize|p2|4\n|start\n|switch|p1a: Rotom|Rotom-Wash, L50|100/100\n|switch|p1b: Corviknight|Corviknight, L50, M|100/100\n|switch|p2a: Tauros|Tauros-Paldea-Aqua, L50, M|100/100\n|switch|p2b: Froslass|Froslass, L50, F|100/100\n|turn|1\n|\n|t:|1776159651\n|switch|p1b: Klefki|Klefki, L50, F|100/100\n|move|p2b: Froslass|Frost Breath|p2a: Tauros\n|-resisted|p2a: Tauros|1\n|-crit|p2a: Tauros\n|-damage|p2a: Tauros|86/100\n|-setboost|p2a: Tauros|atk|6|[from] ability: Anger Point\n|move|p2a: Tauros|Rock Slide|p1a: Rotom|[spread] p1a,p1b\n|-resisted|p1b: Klefki|1\n|-damage|p1a: Rotom|46/100\n|-damage|p1b: Klefki|71/100\n|move|p1a: Rotom|Thunderbolt|p2a: Tauros\n|-supereffective|p2a: Tauros|1\n|-crit|p2a: Tauros\n|-damage|p2a: Tauros|0 fnt\n|faint|p2a: Tauros\n|\n|-heal|p1b: Klefki|77/100|[from] item: Leftovers\n|upkeep\n|\n|t:|1776159668\n|switch|p2a: Palafin|Palafin, L50, F|100/100\n|turn|2\n|\n|t:|1776159685\n|detailschange|p2b: Froslass|Froslass-Mega, L50, F\n|-mega|p2b: Froslass|Froslass|Froslassite\n|-weather|Snowscape|[from] ability: Snow Warning|[of] p2b: Froslass\n|move|p1b: Klefki|Reflect|p1b: Klefki\n|-sidestart|p1: Quetzal06|Reflect\n|move|p2a: Palafin|Flip Turn|p1b: Klefki\n|-damage|p1b: Klefki|57/100\n|\n|t:|1776159692\n|detailschange|p2a: Palafin|Palafin-Hero, L50, F\n|switch|p2a: Farigiraf|Farigiraf, L50, M|100/100|[from] Flip Turn\n|move|p2b: Froslass|Shadow Ball|p1a: Rotom\n|-damage|p1a: Rotom|14/100\n|move|p1a: Rotom|Thunderbolt|p2a: Farigiraf\n|-damage|p2a: Farigiraf|74/100\n|\n|-weather|Snowscape|[upkeep]\n|-heal|p1b: Klefki|63/100|[from] item: Leftovers\n|-heal|p2a: Farigiraf|80/100|[from] item: Leftovers\n|upkeep\n|turn|3\n|\n|t:|1776159708\n|switch|p1a: Corviknight|Corviknight, L50, M|100/100\n|move|p2a: Farigiraf|Ally Switch|p2a: Farigiraf\n|swap|p2a: Farigiraf|1|[from] move: Ally Switch\n|move|p1b: Klefki|Sandstorm|p1b: Klefki\n|-weather|Sandstorm\n|move|p2a: Froslass|Blizzard|p1b: Klefki|[spread] p1a,p1b\n|-resisted|p1b: Klefki|1\n|-damage|p1a: Corviknight|67/100\n|-damage|p1b: Klefki|44/100\n|\n|-weather|Sandstorm|[upkeep]\n|-damage|p2a: Froslass|94/100|[from] Sandstorm\n|-damage|p2b: Farigiraf|74/100|[from] Sandstorm\n|-heal|p1b: Klefki|50/100|[from] item: Leftovers\n|-heal|p2b: Farigiraf|80/100|[from] item: Leftovers\n|upkeep\n|turn|4\n|\n|t:|1776159738\n|move|p1b: Klefki|Light Screen|p1b: Klefki\n|-sidestart|p1: Quetzal06|move: Light Screen\n|move|p2a: Froslass|Shadow Ball|p1a: Corviknight\n|-damage|p1a: Corviknight|44/100\n|-enditem|p1a: Corviknight|Sitrus Berry|[eat]\n|-heal|p1a: Corviknight|69/100|[from] item: Sitrus Berry\n|move|p1a: Corviknight|Iron Defense|p1a: Corviknight\n|-boost|p1a: Corviknight|def|2\n|move|p2b: Farigiraf|Thunderbolt|p1a: Corviknight\n|-supereffective|p1a: Corviknight|1\n|-damage|p1a: Corviknight|44/100\n|\n|-weather|Sandstorm|[upkeep]\n|-damage|p2a: Froslass|88/100|[from] Sandstorm\n|-damage|p2b: Farigiraf|74/100|[from] Sandstorm\n|-heal|p1b: Klefki|57/100|[from] item: Leftovers\n|-heal|p2b: Farigiraf|80/100|[from] item: Leftovers\n|upkeep\n|turn|5\n|\n|t:|1776159761\n|move|p1a: Corviknight|Protect|p1a: Corviknight\n|-singleturn|p1a: Corviknight|Protect\n|move|p2a: Froslass|Shadow Ball|p1a: Corviknight\n|-activate|p1a: Corviknight|move: Protect\n|move|p1b: Klefki|Flash Cannon|p2a: Froslass\n|-supereffective|p2a: Froslass|1\n|-crit|p2a: Froslass\n|-damage|p2a: Froslass|16/100\n|move|p2b: Farigiraf|Thunderbolt|p1a: Corviknight\n|-activate|p1a: Corviknight|move: Protect\n|\n|-weather|Sandstorm|[upkeep]\n|-damage|p2a: Froslass|10/100|[from] Sandstorm\n|-damage|p2b: Farigiraf|74/100|[from] Sandstorm\n|-heal|p1b: Klefki|63/100|[from] item: Leftovers\n|-heal|p2b: Farigiraf|80/100|[from] item: Leftovers\n|upkeep\n|turn|6\n|\n|t:|1776159783\n|switch|p1a: Excadrill|Excadrill, L50, F|100/100\n|move|p2a: Froslass|Shadow Ball|p1a: Excadrill\n|-damage|p1a: Excadrill|65/100\n|move|p1b: Klefki|Flash Cannon|p2a: Froslass\n|-supereffective|p2a: Froslass|1\n|-damage|p2a: Froslass|0 fnt\n|faint|p2a: Froslass\n|move|p2b: Farigiraf|Thunderbolt|p1a: Excadrill\n|-immune|p1a: Excadrill\n|\n|-weather|Sandstorm|[upkeep]\n|-damage|p2b: Farigiraf|74/100|[from] Sandstorm\n|-heal|p1b: Klefki|69/100|[from] item: Leftovers\n|-heal|p2b: Farigiraf|80/100|[from] item: Leftovers\n|-sideend|p1: Quetzal06|Reflect\n|upkeep\n|\n|t:|1776159787\n|switch|p2a: Palafin|Palafin-Hero, L50, F|100/100\n|-activate|p2a: Palafin|ability: Zero to Hero\n|turn|7\n|\n|t:|1776159823\n|move|p1a: Excadrill|Protect|p1a: Excadrill\n|-singleturn|p1a: Excadrill|Protect\n|move|p2b: Farigiraf|Ally Switch|p2b: Farigiraf\n|swap|p2b: Farigiraf|0|[from] move: Ally Switch\n|move|p1b: Klefki|Reflect|p1b: Klefki\n|-sidestart|p1: Quetzal06|Reflect\n|move|p2b: Palafin|Wave Crash|p1a: Excadrill\n|-activate|p1a: Excadrill|move: Protect\n|\n|-weather|none\n|-heal|p1b: Klefki|75/100|[from] item: Leftovers\n|-heal|p2a: Farigiraf|86/100|[from] item: Leftovers\n|upkeep\n|turn|8\n|\n|t:|1776159843\n|switch|p1b: Rotom|Rotom-Wash, L50|14/100\n|move|p2b: Palafin|Wave Crash|p1a: Excadrill\n|-supereffective|p1a: Excadrill|1\n|-damage|p1a: Excadrill|0 fnt\n|faint|p1a: Excadrill\n|-damage|p2b: Palafin|78/100|[from] Recoil\n|move|p2a: Farigiraf|Expanding Force|p1b: Rotom\n|-damage|p1b: Rotom|0 fnt\n|faint|p1b: Rotom\n|\n|-heal|p2a: Farigiraf|93/100|[from] item: Leftovers\n|-sideend|p1: Quetzal06|move: Light Screen\n|upkeep\n|\n|t:|1776159855\n|switch|p1a: Corviknight|Corviknight, L50, M|44/100\n|switch|p1b: Klefki|Klefki, L50, F|75/100\n|turn|9\n|\n|t:|1776159868\n|move|p2b: Palafin|Wave Crash|p1a: Corviknight\n|-damage|p1a: Corviknight|7/100\n|-damage|p2b: Palafin|64/100|[from] Recoil\n|move|p1b: Klefki|Flash Cannon|p2a: Farigiraf\n|-damage|p2a: Farigiraf|74/100\n|move|p1a: Corviknight|Brave Bird|p2b: Palafin\n|-damage|p2b: Palafin|28/100\n|-damage|p1a: Corviknight|0 fnt|[from] Recoil\n|faint|p1a: Corviknight\n|move|p2a: Farigiraf|Thunderbolt|p1b: Klefki\n|-damage|p1b: Klefki|52/100\n|\n|-heal|p1b: Klefki|58/100|[from] item: Leftovers\n|-heal|p2a: Farigiraf|80/100|[from] item: Leftovers\n|upkeep\n|turn|10\n|-message|Quetzal06 forfeited.\n|\n|win|shin-tv07\n|raw|Quetzal06's rating: 1138 &rarr; <strong>1111</strong><br />(-27 for losing)\n|raw|shin-tv07's rating: 1116 &rarr; <strong>1143</strong><br />(+27 for winning)\n|l|\u2606Quetzal06\n|player|p1|\n|c|\u2606shin-tv07|gg\n",
  "uploadtime": 1776159885,
  "views": 20,
  "formatid": "gen9championsvgc2026regma",
  "rating": 1111,
  "private": 0,
  "password": null
}