{
  "id": "gen9championsvgc2026regma-2580752514",
  "format": "[Gen 9 Champions] VGC 2026 Reg M-A",
  "players": [
    "takemikawuchi",
    "CaptKraken"
  ],
  "log": "|j|\u2606takemikawuchi\n|j|\u2606CaptKraken\n|t:|1775929616\n|gametype|doubles\n|player|p1|takemikawuchi|gambler|1024\n|player|p2|CaptKraken|ethan|1048\n|gen|9\n|tier|[Gen 9 Champions] VGC 2026 Reg M-A\n|rated|\n|rule|Species Clause: Limit one of each Pok\u00e9mon\n|rule|Item Clause: Limit 1 of each item\n|clearpoke\n|poke|p1|Charizard, L50, F|\n|poke|p1|Venusaur, L50, F|\n|poke|p1|Garchomp, L50, F|\n|poke|p1|Whimsicott, L50, M|\n|poke|p2|Kingambit, L50, M|\n|poke|p2|Hawlucha, L50, M|\n|poke|p2|Clefable, L50, F|\n|poke|p2|Incineroar, L50, F|\n|poke|p2|Aegislash, L50, M|\n|poke|p2|Whimsicott, L50, F|\n|teampreview|4\n|\n|t:|1775929647\n|teamsize|p1|4\n|teamsize|p2|4\n|start\n|switch|p1a: Charizard|Charizard, L50, F|100/100\n|switch|p1b: Venusaur|Venusaur, L50, F|100/100\n|switch|p2a: Whimsicott|Whimsicott, L50, F|100/100\n|switch|p2b: Incineroar|Incineroar, L50, F|100/100\n|-ability|p2b: Incineroar|Intimidate|boost\n|-unboost|p1a: Charizard|atk|1\n|-unboost|p1b: Venusaur|atk|1\n|turn|1\n|\n|t:|1775929670\n|detailschange|p1a: Charizard|Charizard-Mega-Y, L50, F\n|-mega|p1a: Charizard|Charizard|Charizardite Y\n|-weather|SunnyDay|[from] ability: Drought|[of] p1a: Charizard\n|move|p2b: Incineroar|Fake Out|p1b: Venusaur\n|-damage|p1b: Venusaur|88/100\n|move|p2a: Whimsicott|Tailwind|p2a: Whimsicott\n|-sidestart|p2: CaptKraken|move: Tailwind\n|cant|p1b: Venusaur|flinch\n|move|p1a: Charizard|Heat Wave|p2b: Incineroar|[spread] p2a,p2b\n|-supereffective|p2a: Whimsicott|1\n|-resisted|p2b: Incineroar|1\n|-enditem|p2a: Whimsicott|Focus Sash\n|-damage|p2a: Whimsicott|1/100\n|-damage|p2b: Incineroar|78/100\n|\n|-weather|SunnyDay|[upkeep]\n|-heal|p1b: Venusaur|93/100|[from] item: Leftovers\n|upkeep\n|turn|2\n|\n|t:|1775929688\n|move|p2a: Whimsicott|Taunt|p1b: Venusaur\n|-start|p1b: Venusaur|move: Taunt\n|move|p1b: Venusaur|Sludge Bomb|p2a: Whimsicott\n|-supereffective|p2a: Whimsicott|2\n|-damage|p2a: Whimsicott|0 fnt\n|faint|p2a: Whimsicott\n|move|p1a: Charizard|Scorching Sands|p2b: Incineroar\n|-supereffective|p2b: Incineroar|1\n|-damage|p2b: Incineroar|39/100\n|-enditem|p2b: Incineroar|Sitrus Berry|[eat]\n|-heal|p2b: Incineroar|63/100|[from] item: Sitrus Berry\n|move|p2b: Incineroar|Parting Shot|p1a: Charizard\n|-unboost|p1a: Charizard|atk|1\n|-unboost|p1a: Charizard|spa|1\n|\n|t:|1775929706\n|switch|p2b: Kingambit|Kingambit, L50, M|100/100|[from] Parting Shot\n|\n|-weather|SunnyDay|[upkeep]\n|-heal|p1b: Venusaur|99/100|[from] item: Leftovers\n|upkeep\n|\n|t:|1775929712\n|switch|p2a: Hawlucha|Hawlucha, L50, M|100/100\n|-ability|p2a: Hawlucha|Mold Breaker\n|turn|3\n|\n|t:|1775929725\n|detailschange|p2a: Hawlucha|Hawlucha-Mega, L50, M\n|-mega|p2a: Hawlucha|Hawlucha|Hawluchanite\n|move|p2a: Hawlucha|Entrainment|p2b: Kingambit\n|-ability|p2b: Kingambit|No Guard|Defiant|[from] move: Entrainment|[of] p2a: Hawlucha\n|move|p2b: Kingambit|Guillotine|p1a: Charizard\n|-damage|p1a: Charizard|0 fnt\n|faint|p1a: Charizard\n|-ohko\n|move|p1b: Venusaur|Sludge Bomb|p2a: Hawlucha\n|-damage|p2a: Hawlucha|49/100\n|\n|-weather|SunnyDay|[upkeep]\n|-heal|p1b: Venusaur|100/100|[from] item: Leftovers\n|upkeep\n|\n|t:|1775929736\n|switch|p1a: Whimsicott|Whimsicott, L50, M|100/100\n|turn|4\n|\n|t:|1775929748\n|switch|p2a: Incineroar|Incineroar, L50, F|63/100\n|-ability|p2a: Incineroar|Intimidate|boost\n|-unboost|p1a: Whimsicott|atk|1\n|-unboost|p1b: Venusaur|atk|1\n|move|p1a: Whimsicott|Tailwind|p1a: Whimsicott\n|-sidestart|p1: takemikawuchi|move: Tailwind\n|move|p1b: Venusaur|Sludge Bomb|p2a: Incineroar\n|-damage|p2a: Incineroar|38/100\n|-status|p2a: Incineroar|psn\n|move|p2b: Kingambit|Guillotine|p1b: Venusaur\n|-damage|p1b: Venusaur|0 fnt\n|faint|p1b: Venusaur\n|-ohko\n|\n|-weather|SunnyDay|[upkeep]\n|-damage|p2a: Incineroar|26/100 psn|[from] psn\n|-sideend|p2: CaptKraken|move: Tailwind\n|upkeep\n|\n|t:|1775929751\n|switch|p1b: Garchomp|Garchomp, L50, F|100/100\n|turn|5\n|\n|t:|1775929782\n|move|p2a: Incineroar|Fake Out|p1a: Whimsicott\n|-damage|p1a: Whimsicott|87/100\n|cant|p1a: Whimsicott|flinch\n|move|p1b: Garchomp|Earthquake|p2b: Kingambit|[spread] p1a,p2a,p2b\n|-resisted|p1a: Whimsicott|1\n|-supereffective|p2a: Incineroar|1\n|-supereffective|p2b: Kingambit|1\n|-damage|p1a: Whimsicott|65/100\n|-damage|p2a: Incineroar|0 fnt\n|-damage|p2b: Kingambit|31/100\n|faint|p2a: Incineroar\n|move|p2b: Kingambit|Guillotine|p1b: Garchomp\n|-damage|p1b: Garchomp|0 fnt\n|-damage|p2b: Kingambit|19/100|[from] ability: Rough Skin|[of] p1b: Garchomp\n|faint|p1b: Garchomp\n|-ohko\n|\n|-weather|none\n|upkeep\n|inactive|Battle timer is ON: inactive players will automatically lose when time's up. (requested by takemikawuchi)\n|-message|takemikawuchi forfeited.\n|\n|win|CaptKraken\n|raw|takemikawuchi's rating: 1024 &rarr; <strong>1011</strong><br />(-13 for losing)\n|raw|CaptKraken's rating: 1048 &rarr; <strong>1079</strong><br />(+31 for winning)\n|l|\u2606takemikawuchi\n|player|p1|\n",
  "uploadtime": 1775929804,
  "views": 23,
  "formatid": "gen9championsvgc2026regma",
  "rating": 1011,
  "private": 0,
  "password": null
}