{
  "id": "gen9championsvgc2026regma-2585334283",
  "format": "[Gen 9 Champions] VGC 2026 Reg M-A",
  "players": [
    "waterghostie",
    "Keyan_Sans"
  ],
  "log": "|j|\u2606waterghostie\n|j|\u2606Keyan_Sans\n|t:|1776338841\n|gametype|doubles\n|player|p1|waterghostie|101|1317\n|player|p2|Keyan_Sans|hugh|1271\n|gen|9\n|tier|[Gen 9 Champions] VGC 2026 Reg M-A\n|rated|\n|rule|Species Clause: Limit one of each Pok\u00e9mon\n|rule|Item Clause: Limit 1 of each item\n|clearpoke\n|poke|p1|Espathra, L50, F|\n|poke|p1|Primarina, L50, F|\n|poke|p1|Glimmora, L50, M|\n|poke|p1|Kangaskhan, L50, F|\n|poke|p1|Corviknight, L50, F|\n|poke|p1|Hydreigon, L50, F|\n|poke|p2|Dragonite, L50, F|\n|poke|p2|Pelipper, L50, M|\n|poke|p2|Basculegion, L50, M|\n|poke|p2|Archaludon, L50, F|\n|poke|p2|Sneasler, L50, F|\n|poke|p2|Maushold-Four, L50|\n|teampreview|4\nKeyan_Sans rejected open team sheets.\n|inactive|Battle timer is ON: inactive players will automatically lose when time's up. (requested by Keyan_Sans)\n|inactive|waterghostie has 60 seconds left.\n|inactive|waterghostie has 30 seconds left.\n|inactive|waterghostie has 20 seconds left.\n|inactive|waterghostie has 15 seconds left.\n|inactive|waterghostie has 10 seconds left.\n|\n|t:|1776338930\n|teamsize|p1|4\n|teamsize|p2|4\n|start\n|switch|p1a: Espathra|Espathra, L50, F|100/100\n|switch|p1b: Hydreigon|Hydreigon, L50, F|100/100\n|switch|p2a: Pelipper|Pelipper, L50, M|100/100\n|switch|p2b: Basculegion|Basculegion, L50, M|100/100\n|-weather|RainDance|[from] ability: Drizzle|[of] p2a: Pelipper\n|turn|1\n|inactive|waterghostie has 30 seconds left.\n|inactive|Keyan_Sans has 30 seconds left.\n|inactive|Keyan_Sans has 20 seconds left.\n|inactive|Keyan_Sans has 15 seconds left.\n|inactive|Keyan_Sans has 10 seconds left.\n|\n|t:|1776338978\n|move|p2b: Basculegion|Flip Turn|p1b: Hydreigon\n|-resisted|p1b: Hydreigon|1\n|-damage|p1b: Hydreigon|75/100\n|\n|t:|1776338982\n|switch|p2b: Archaludon|Archaludon, L50, F|100/100|[from] Flip Turn\n|move|p1a: Espathra|Lumina Crash|p2b: Archaludon\n|-resisted|p2b: Archaludon|1\n|-damage|p2b: Archaludon|70/100\n|-unboost|p2b: Archaludon|spd|2\n|-ability|p2b: Archaludon|Stamina|boost\n|-boost|p2b: Archaludon|def|1\n|move|p1b: Hydreigon|Snarl|p2b: Archaludon|[spread] p2b\n|-miss|p1b: Hydreigon|p2a: Pelipper\n|-damage|p2b: Archaludon|11/100\n|-unboost|p2b: Archaludon|spa|1\n|-ability|p2b: Archaludon|Stamina|boost\n|-boost|p2b: Archaludon|def|1\n|move|p2a: Pelipper|Tailwind|p2a: Pelipper\n|-sidestart|p2: Keyan_Sans|move: Tailwind\n|\n|-weather|RainDance|[upkeep]\n|-heal|p2b: Archaludon|17/100|[from] item: Leftovers\n|-ability|p1a: Espathra|Speed Boost|boost\n|-boost|p1a: Espathra|spe|1\n|upkeep\n|turn|2\n|inactive|waterghostie has 30 seconds left.\n|inactive|waterghostie has 20 seconds left.\n|\n|t:|1776339017\n|switch|p2a: Dragonite|Dragonite, L50, F|100/100\n|move|p1a: Espathra|Protect|p1a: Espathra\n|-singleturn|p1a: Espathra|Protect\n|move|p2b: Archaludon|Dragon Pulse|p1b: Hydreigon\n|-supereffective|p1b: Hydreigon|1\n|-damage|p1b: Hydreigon|14/100\n|move|p1b: Hydreigon|Tailwind|p1b: Hydreigon\n|-sidestart|p1: waterghostie|move: Tailwind\n|\n|-weather|RainDance|[upkeep]\n|-heal|p2b: Archaludon|24/100|[from] item: Leftovers\n|-ability|p1a: Espathra|Speed Boost|boost\n|-boost|p1a: Espathra|spe|1\n|upkeep\n|turn|3\n|\n|t:|1776339038\n|detailschange|p2a: Dragonite|Dragonite-Mega, L50, F\n|-mega|p2a: Dragonite|Dragonite|Dragoninite\n|move|p1a: Espathra|Lumina Crash|p2a: Dragonite\n|-damage|p2a: Dragonite|83/100\n|-unboost|p2a: Dragonite|spd|2\n|move|p2a: Dragonite|Ice Beam|p1b: Hydreigon\n|-supereffective|p1b: Hydreigon|1\n|-damage|p1b: Hydreigon|0 fnt\n|faint|p1b: Hydreigon\n|move|p2b: Archaludon|Electro Shot||[still]\n|-prepare|p2b: Archaludon|Electro Shot\n|-boost|p2b: Archaludon|spa|1\n|-anim|p2b: Archaludon|Electro Shot|p1a: Espathra\n|-damage|p1a: Espathra|38/100\n|\n|-weather|RainDance|[upkeep]\n|-heal|p2b: Archaludon|30/100|[from] item: Leftovers\n|-ability|p1a: Espathra|Speed Boost|boost\n|-boost|p1a: Espathra|spe|1\n|upkeep\n|\n|t:|1776339052\n|switch|p1b: Kangaskhan|Kangaskhan, L50, F|100/100\n|turn|4\n|\n|t:|1776339074\n|detailschange|p1b: Kangaskhan|Kangaskhan-Mega, L50, F\n|-mega|p1b: Kangaskhan|Kangaskhan|Kangaskhanite\n|move|p2b: Archaludon|Protect|p2b: Archaludon\n|-singleturn|p2b: Archaludon|Protect\n|move|p1b: Kangaskhan|Fake Out|p2a: Dragonite\n|-damage|p2a: Dragonite|61/100\n|-damage|p2a: Dragonite|55/100\n|-hitcount|p2a: Dragonite|2\n|move|p1a: Espathra|Lumina Crash|p2b: Archaludon\n|-activate|p2b: Archaludon|move: Protect\n|cant|p2a: Dragonite|flinch\n|\n|-weather|RainDance|[upkeep]\n|-heal|p2b: Archaludon|36/100|[from] item: Leftovers\n|-sideend|p2: Keyan_Sans|move: Tailwind\n|-ability|p1a: Espathra|Speed Boost|boost\n|-boost|p1a: Espathra|spe|1\n|upkeep\n|turn|5\n|inactive|waterghostie has 30 seconds left.\n|\n|t:|1776339106\n|move|p1a: Espathra|Protect|p1a: Espathra\n|-singleturn|p1a: Espathra|Protect\n|move|p2a: Dragonite|Protect|p2a: Dragonite\n|-singleturn|p2a: Dragonite|Protect\n|move|p1b: Kangaskhan|Double-Edge|p2a: Dragonite\n|-activate|p2a: Dragonite|move: Protect\n|move|p2b: Archaludon|Electro Shot||[still]\n|-prepare|p2b: Archaludon|Electro Shot\n|-boost|p2b: Archaludon|spa|1\n|-anim|p2b: Archaludon|Electro Shot|p1a: Espathra\n|-activate|p1a: Espathra|move: Protect\n|\n|-weather|none\n|-heal|p2b: Archaludon|42/100|[from] item: Leftovers\n|-sideend|p1: waterghostie|move: Tailwind\n|-ability|p1a: Espathra|Speed Boost|boost\n|-boost|p1a: Espathra|spe|1\n|upkeep\n|turn|6\n|\n|t:|1776339130\n|switch|p2a: Pelipper|Pelipper, L50, M|100/100\n|-weather|RainDance|[from] ability: Drizzle|[of] p2a: Pelipper\n|move|p1a: Espathra|Lumina Crash|p2b: Archaludon\n|-resisted|p2b: Archaludon|1\n|-damage|p2b: Archaludon|0 fnt\n|faint|p2b: Archaludon\n|move|p1b: Kangaskhan|Double-Edge|p2a: Pelipper\n|-crit|p2a: Pelipper\n|-damage|p2a: Pelipper|1/100\n|-damage|p2a: Pelipper|0 fnt\n|faint|p2a: Pelipper\n|-hitcount|p2: Pelipper|2\n|-damage|p1b: Kangaskhan|70/100|[from] Recoil\n|\n|-weather|RainDance|[upkeep]\n|-ability|p1a: Espathra|Speed Boost|boost\n|-boost|p1a: Espathra|spe|1\n|upkeep\n|\n|t:|1776339145\n|switch|p2b: Basculegion|Basculegion, L50, M|100/100\n|switch|p2a: Dragonite|Dragonite-Mega, L50, F|55/100\n|turn|7\n|\n|t:|1776339164\n|move|p2b: Basculegion|Aqua Jet|p1b: Kangaskhan\n|-damage|p1b: Kangaskhan|31/100\n|move|p1b: Kangaskhan|Sucker Punch||[still]\n|-fail|p1b: Kangaskhan\n|move|p1a: Espathra|Baton Pass|p1a: Espathra\n|\n|t:|1776339168\n|switch|p1a: Primarina|Primarina, L50, F|100/100|[from] Baton Pass\n|move|p2a: Dragonite|Hurricane|p1a: Primarina\n|-damage|p1a: Primarina|48/100\n|-start|p1a: Primarina|confusion\n|-enditem|p1a: Primarina|Sitrus Berry|[eat]\n|-heal|p1a: Primarina|72/100|[from] item: Sitrus Berry\n|\n|-weather|RainDance|[upkeep]\n|upkeep\n|turn|8\n|\n|t:|1776339183\n|move|p2b: Basculegion|Aqua Jet|p1b: Kangaskhan\n|-damage|p1b: Kangaskhan|0 fnt\n|faint|p1b: Kangaskhan\n|-activate|p1a: Primarina|confusion\n|move|p1a: Primarina|Moonblast|p2b: Basculegion\n|-damage|p2b: Basculegion|42/100\n|move|p2a: Dragonite|Thunder|p1a: Primarina\n|-supereffective|p1a: Primarina|1\n|-damage|p1a: Primarina|0 fnt\n|faint|p1a: Primarina\n|\n|-weather|RainDance|[upkeep]\n|upkeep\n|c|\u2606Keyan_Sans|Gg\n|-message|waterghostie forfeited.\n|\n|win|Keyan_Sans\n|raw|waterghostie's rating: 1317 &rarr; <strong>1296</strong><br />(-21 for losing)\n|raw|Keyan_Sans's rating: 1302 &rarr; <strong>1323</strong><br />(+21 for winning)\n|l|\u2606waterghostie\n|player|p1|\n",
  "uploadtime": 1776339195,
  "views": 33,
  "formatid": "gen9championsvgc2026regma",
  "rating": 1296,
  "private": 0,
  "password": null
}