{
  "id": "gen9championsvgc2026regma-2580573413",
  "format": "[Gen 9 Champions] VGC 2026 Reg M-A",
  "players": [
    "darkelsing",
    "MajoSmash"
  ],
  "log": "|j|\u2606darkelsing\n|j|\u2606MajoSmash\n|t:|1775914288\n|gametype|doubles\n|player|p1|darkelsing|gardenia|\n|player|p2|MajoSmash|lucas|\n|gen|9\n|tier|[Gen 9 Champions] VGC 2026 Reg M-A\n|rule|Species Clause: Limit one of each Pok\u00e9mon\n|rule|Item Clause: Limit 1 of each item\n|clearpoke\n|poke|p1|Aerodactyl, L50, F|\n|poke|p1|Scovillain, L50, F|\n|poke|p1|Samurott-Hisui, L50, M|\n|poke|p1|Pelipper, L50, M|\n|poke|p1|Drampa, L50, F|\n|poke|p1|Manectric, L50, F|\n|poke|p2|Gardevoir, L50, F|\n|poke|p2|Milotic, L50, M|\n|poke|p2|Incineroar, L50, M|\n|poke|p2|Maushold-Four, L50|\n|poke|p2|Corviknight, L50, M|\n|poke|p2|Typhlosion-Hisui, L50, M|\n|teampreview|4\n|\n|t:|1775914312\n|teamsize|p1|4\n|teamsize|p2|4\n|start\n|switch|p1a: Pelipper|Pelipper, L50, M|100/100\n|switch|p1b: Manectric|Manectric, L50, F|100/100\n|switch|p2a: Gardevoir|Gardevoir, L50, F|100/100\n|switch|p2b: Maushold|Maushold-Four, L50|100/100\n|-weather|RainDance|[from] ability: Drizzle|[of] p1a: Pelipper\n|turn|1\n|c|\u2606darkelsing|ah fuck\n|c|\u2606darkelsing|oh no\n|c|\u2606darkelsing|that fucking fairy\n|c|\u2606darkelsing|i hate her\n|c|\u2606darkelsing|bitch\n|\n|t:|1775914334\n|detailschange|p1b: Manectric|Manectric-Mega, L50, F\n|-mega|p1b: Manectric|Manectric|Manectite\n|-ability|p1b: Manectric|Intimidate|boost\n|-unboost|p2a: Gardevoir|atk|1\n|-unboost|p2b: Maushold|atk|1\n|detailschange|p2a: Gardevoir|Gardevoir-Mega, L50, F\n|-mega|p2a: Gardevoir|Gardevoir|Gardevoirite\n|move|p1a: Pelipper|Wide Guard|p1a: Pelipper\n|-singleturn|p1a: Pelipper|Wide Guard\n|move|p2b: Maushold|Follow Me|p2b: Maushold\n|-singleturn|p2b: Maushold|move: Follow Me\n|move|p1b: Manectric|Thunder|p2b: Maushold\n|-damage|p2b: Maushold|23/100\n|move|p2a: Gardevoir|Hyper Beam|p1b: Manectric\n|-damage|p1b: Manectric|0 fnt\n|-mustrecharge|p2a: Gardevoir\n|faint|p1b: Manectric\n|\n|-weather|RainDance|[upkeep]\n|upkeep\n|c|\u2606darkelsing|bruh\n|c|\u2606darkelsing|how petty are you\n|c|\u2606darkelsing|puedes cambiar en recarga?\n|c|\u2606MajoSmash|No\n|c|\u2606darkelsing|pregunta\n|c|\u2606darkelsing|ok\n|\n|t:|1775914398\n|switch|p1b: Aerodactyl|Aerodactyl, L50, F|100/100\n|turn|2\n|\n|t:|1775914408\n|move|p1a: Pelipper|Helping Hand|p1b: Aerodactyl\n|-singleturn|p1b: Aerodactyl|Helping Hand|[of] p1a: Pelipper\n|move|p2b: Maushold|Follow Me|p2b: Maushold\n|-singleturn|p2b: Maushold|move: Follow Me\n|move|p1b: Aerodactyl|Rock Slide|p2b: Maushold|[spread] p2a,p2b\n|-damage|p2a: Gardevoir|45/100\n|-damage|p2b: Maushold|0 fnt\n|faint|p2b: Maushold\n|cant|p2a: Gardevoir|recharge\n|\n|-weather|RainDance|[upkeep]\n|upkeep\n|\n|t:|1775914419\n|switch|p2b: Milotic|Milotic, L50, M|100/100\n|turn|3\n|c|\u2606darkelsing|como de puto petty tienes que ser\n|c|\u2606darkelsing|de rastrero\n|c|\u2606darkelsing|de detectar que he ido a ponerme wide guard\n|\n|t:|1775914455\n|move|p2a: Gardevoir|Protect|p2a: Gardevoir\n|-singleturn|p2a: Gardevoir|Protect\n|move|p1a: Pelipper|Wide Guard|p1a: Pelipper\n|-singleturn|p1a: Pelipper|Wide Guard\n|move|p1b: Aerodactyl|Rock Slide|p2a: Gardevoir|[spread] p2b\n|-activate|p2a: Gardevoir|move: Protect\n|-damage|p2b: Milotic|76/100\n|move|p2b: Milotic|Scald|p1b: Aerodactyl\n|-supereffective|p1b: Aerodactyl|1\n|-damage|p1b: Aerodactyl|0 fnt\n|faint|p1b: Aerodactyl\n|\n|-weather|RainDance|[upkeep]\n|-heal|p2b: Milotic|82/100|[from] item: Leftovers\n|upkeep\n|\n|t:|1775914463\n|switch|p1b: Scovillain|Scovillain, L50, F|100/100\n|turn|4\n|\n|t:|1775914485\n|move|p2a: Gardevoir|Hyper Beam|p1a: Pelipper\n|-enditem|p1a: Pelipper|Focus Sash\n|-damage|p1a: Pelipper|1/100\n|-mustrecharge|p2a: Gardevoir\n|move|p1b: Scovillain|Flare Blitz|p2a: Gardevoir\n|-damage|p2a: Gardevoir|10/100\n|-damage|p1b: Scovillain|91/100|[from] Recoil\n|move|p2b: Milotic|Scald|p1b: Scovillain|[miss]\n|-miss|p2b: Milotic|p1b: Scovillain\n|move|p1a: Pelipper|Hurricane|p2a: Gardevoir\n|-damage|p2a: Gardevoir|0 fnt\n|faint|p2a: Gardevoir\n|\n|-weather|RainDance|[upkeep]\n|-heal|p2b: Milotic|88/100|[from] item: Leftovers\n|upkeep\n|\n|t:|1775914498\n|switch|p2a: Incineroar|Incineroar, L50, M|100/100\n|-ability|p2a: Incineroar|Intimidate|boost\n|-unboost|p1a: Pelipper|atk|1\n|-unboost|p1b: Scovillain|atk|1\n|turn|5\n|c|\u2606darkelsing|has fallao\n|c|\u2606MajoSmash|Como he fallado?\n|\n|t:|1775914513\n|move|p1a: Pelipper|Protect|p1a: Pelipper\n|-singleturn|p1a: Pelipper|Protect\n|move|p2a: Incineroar|Fake Out|p1a: Pelipper\n|-activate|p1a: Pelipper|move: Protect\n|move|p1b: Scovillain|Spicy Extract|p2b: Milotic\n|-boost|p2b: Milotic|atk|2\n|-unboost|p2b: Milotic|def|2\n|-ability|p2b: Milotic|Competitive|boost\n|-boost|p2b: Milotic|spa|2\n|move|p2b: Milotic|Scald|p1b: Scovillain\n|-damage|p1b: Scovillain|0 fnt\n|faint|p1b: Scovillain\n|\n|-weather|none\n|-heal|p2b: Milotic|94/100|[from] item: Leftovers\n|upkeep\n|turn|6\n|c|\u2606MajoSmash|Es un ataque de 100 de precision\n|c|\u2606darkelsing|bright powder\n|\n|t:|1775914549\n|move|p2b: Milotic|Ice Beam|p1a: Pelipper\n|-damage|p1a: Pelipper|0 fnt\n|faint|p1a: Pelipper\n|\n|win|MajoSmash\n|c|\u2606darkelsing|aaaaaa\n|c|\u2606darkelsing|eres un enemigo de la nacion\n|c|\u2606darkelsing|con tus gatos to\u00f1os\n",
  "uploadtime": 1775914577,
  "views": 10,
  "formatid": "gen9championsvgc2026regma",
  "rating": null,
  "private": 0,
  "password": null
}