{
  "id": "gen9championsvgc2026regma-2586267232",
  "format": "[Gen 9 Champions] VGC 2026 Reg M-A",
  "players": [
    "millorre05",
    "esa"
  ],
  "log": "|j|\u2606millorre05\n|j|\u2606esa\n|t:|1776419311\n|gametype|doubles\n|player|p1|millorre05|266|1078\n|player|p2|esa|266|1077\n|gen|9\n|tier|[Gen 9 Champions] VGC 2026 Reg M-A\n|rated|\n|rule|Species Clause: Limit one of each Pok\u00e9mon\n|rule|Item Clause: Limit 1 of each item\n|clearpoke\n|poke|p1|Charizard, L50, M|\n|poke|p1|Ampharos, L50, F|\n|poke|p1|Farigiraf, L50, F|\n|poke|p1|Kingambit, L50, M|\n|poke|p1|Torkoal, L50, F|\n|poke|p1|Venusaur, L50, M|\n|poke|p2|Sableye, L50, M|\n|poke|p2|Gengar, L50, F|\n|poke|p2|Pelipper, L50, M|\n|poke|p2|Kangaskhan, L50, F|\n|poke|p2|Beartic, L50, M|\n|poke|p2|Dragonite, L50, F|\n|teampreview|4\n|inactive|Battle timer is ON: inactive players will automatically lose when time's up. (requested by millorre05)\n|inactive|esa has 60 seconds left.\n|\n|t:|1776419352\n|teamsize|p1|4\n|teamsize|p2|4\n|start\n|switch|p1a: Venusaur|Venusaur, L50, M|100/100\n|switch|p1b: Torkoal|Torkoal, L50, F|100/100\n|switch|p2a: Gengar|Gengar, L50, F|100/100\n|switch|p2b: Kangaskhan|Kangaskhan, L50, F|100/100\n|-weather|SunnyDay|[from] ability: Drought|[of] p1b: Torkoal\n|turn|1\n|inactive|esa has 30 seconds left.\n|inactive|esa has 20 seconds left.\n|inactive|esa has 15 seconds left.\n|inactive|esa has 10 seconds left.\n|\n|t:|1776419398\n|switch|p1b: Farigiraf|Farigiraf, L50, F|100/100\n|move|p1a: Venusaur|Protect|p1a: Venusaur\n|-singleturn|p1a: Venusaur|Protect\n|move|p2b: Kangaskhan|Fake Out||[still]\n|cant|p1b: Farigiraf|ability: Armor Tail|Fake Out|[of] p2b: Kangaskhan\n|move|p2a: Gengar|Icy Wind|p1b: Farigiraf|[spread] p1b\n|-activate|p1a: Venusaur|move: Protect\n|-damage|p1b: Farigiraf|86/100\n|-unboost|p1b: Farigiraf|spe|1\n|\n|-weather|SunnyDay|[upkeep]\n|upkeep\n|turn|2\n|inactive|esa has 30 seconds left.\n|inactive|esa has 20 seconds left.\n|\n|t:|1776419435\n|detailschange|p2b: Kangaskhan|Kangaskhan-Mega, L50, F\n|-mega|p2b: Kangaskhan|Kangaskhan|Kangaskhanite\n|move|p2a: Gengar|Icy Wind|p1a: Venusaur|[spread] p1a,p1b\n|-supereffective|p1a: Venusaur|1\n|-crit|p1a: Venusaur\n|-damage|p1a: Venusaur|51/100\n|-damage|p1b: Farigiraf|73/100\n|-unboost|p1a: Venusaur|spe|1\n|-unboost|p1b: Farigiraf|spe|1\n|move|p1a: Venusaur|Sleep Powder|p2b: Kangaskhan\n|-status|p2b: Kangaskhan|slp|[from] move: Sleep Powder\n|cant|p2b: Kangaskhan|slp\n|move|p1b: Farigiraf|Psychic|p2a: Gengar\n|-supereffective|p2a: Gengar|1\n|-damage|p2a: Gengar|0 fnt\n|faint|p2a: Gengar\n|\n|-weather|SunnyDay|[upkeep]\n|-heal|p1a: Venusaur|57/100|[from] item: Leftovers\n|upkeep\n|\n|t:|1776419457\n|switch|p2a: Beartic|Beartic, L50, M|100/100\n|turn|3\n|\n|t:|1776419470\n|switch|p2b: Pelipper|Pelipper, L50, M|100/100\n|-weather|RainDance|[from] ability: Drizzle|[of] p2b: Pelipper\n|move|p2a: Beartic|Icicle Crash|p1a: Venusaur\n|-supereffective|p1a: Venusaur|1\n|-damage|p1a: Venusaur|0 fnt\n|faint|p1a: Venusaur\n|move|p1b: Farigiraf|Hyper Voice|p2a: Beartic|[spread] p2a,p2b\n|-damage|p2a: Beartic|63/100\n|-damage|p2b: Pelipper|58/100\n|\n|-weather|RainDance|[upkeep]\n|upkeep\n|\n|t:|1776419481\n|switch|p1a: Torkoal|Torkoal, L50, F|100/100\n|-weather|SunnyDay|[from] ability: Drought|[of] p1a: Torkoal\n|turn|4\n|\n|t:|1776419494\n|switch|p2b: Kangaskhan|Kangaskhan-Mega, L50, F|100/100 slp\n|move|p2a: Beartic|Protect|p2a: Beartic\n|-singleturn|p2a: Beartic|Protect\n|move|p1a: Torkoal|Heat Wave|p2b: Kangaskhan|[spread] p2b\n|-activate|p2a: Beartic|move: Protect\n|-damage|p2b: Kangaskhan|44/100 slp\n|move|p1b: Farigiraf|Psychic|p2b: Kangaskhan\n|-damage|p2b: Kangaskhan|4/100 slp\n|-unboost|p2b: Kangaskhan|spd|1\n|\n|-weather|SunnyDay|[upkeep]\n|upkeep\n|turn|5\n|\n|t:|1776419515\n|switch|p2b: Pelipper|Pelipper, L50, M|58/100\n|-weather|RainDance|[from] ability: Drizzle|[of] p2b: Pelipper\n|switch|p1a: Charizard|Charizard, L50, M|100/100\n|move|p2a: Beartic|Icicle Crash|p1b: Farigiraf\n|-damage|p1b: Farigiraf|24/100\n|-enditem|p1b: Farigiraf|Sitrus Berry|[eat]\n|-heal|p1b: Farigiraf|49/100|[from] item: Sitrus Berry\n|cant|p1b: Farigiraf|flinch\n|\n|-weather|RainDance|[upkeep]\n|upkeep\n|turn|6\n|-message|esa forfeited.\n|\n|win|millorre05\n|raw|millorre05's rating: 1078 &rarr; <strong>1106</strong><br />(+28 for winning)\n|raw|esa's rating: 1077 &rarr; <strong>1056</strong><br />(-21 for losing)\n|l|\u2606esa\n|player|p2|\n",
  "uploadtime": 1776419534,
  "views": 18,
  "formatid": "gen9championsvgc2026regma",
  "rating": 1056,
  "private": 0,
  "password": null
}