{
  "id": "gen9championsvgc2026regma-2589466093",
  "format": "[Gen 9 Champions] VGC 2026 Reg M-A",
  "players": [
    "tubbatub",
    "friendlyrobber"
  ],
  "log": "|j|\u203dtubbatub\n|j|\u2606friendlyrobber\n|t:|1776725445\n|gametype|doubles\n|player|p1|tubbatub|fantina|1144\n|player|p2|friendlyrobber|backersf|1228\n|gen|9\n|tier|[Gen 9 Champions] VGC 2026 Reg M-A\n|rated|\n|rule|Species Clause: Limit one of each Pok\u00e9mon\n|rule|Item Clause: Limit 1 of each item\n|clearpoke\n|poke|p1|Garchomp, L50, F|\n|poke|p1|Froslass, L50, F|\n|poke|p1|Incineroar, L50, F|\n|poke|p1|Palafin, L50, M|\n|poke|p1|Kingambit, L50, M|\n|poke|p1|Charizard, L50, M|\n|poke|p2|Golurk, L50, shiny|\n|poke|p2|Farigiraf, L50, M, shiny|\n|poke|p2|Kingambit, L50, M|\n|poke|p2|Hydrapple, L50, M|\n|poke|p2|Mimikyu, L50, M|\n|poke|p2|Crabominable, L50, M|\n|teampreview|4\n|inactive|Battle timer is ON: inactive players will automatically lose when time's up. (requested by tubbatub)\n|inactive|tubbatub has 60 seconds left.\n|inactive|friendlyrobber has 60 seconds left.\n|\n|t:|1776725485\n|teamsize|p1|4\n|teamsize|p2|4\n|start\n|switch|p1a: Froslass|Froslass, L50, F|100/100\n|switch|p1b: Kingambit|Kingambit, L50, M|100/100\n|switch|p2a: Mimikyu|Mimikyu, L50, M|100/100\n|switch|p2b: Kingambit|Kingambit, L50, M|100/100\n|turn|1\n|\n|t:|1776725504\n|move|p1a: Froslass|Protect|p1a: Froslass\n|-singleturn|p1a: Froslass|Protect\n|move|p2b: Kingambit|Sucker Punch||[still]\n|-fail|p2b: Kingambit\n|move|p1b: Kingambit|Iron Head|p2a: Mimikyu\n|-activate|p2a: Mimikyu|ability: Disguise\n|-damage|p2a: Mimikyu|100/100\n|detailschange|p2a: Mimikyu|Mimikyu-Busted, L50, M\n|-damage|p2a: Mimikyu|88/100|[from] pokemon: Mimikyu-Busted\n|move|p2a: Mimikyu|Trick Room|p2a: Mimikyu\n|-fieldstart|move: Trick Room|[of] p2a: Mimikyu\n|\n|upkeep\n|turn|2\n|inactive|tubbatub has 30 seconds left.\n|inactive|friendlyrobber has 30 seconds left.\n|\n|t:|1776725532\n|switch|p1a: Garchomp|Garchomp, L50, F|100/100\n|move|p2b: Kingambit|Kowtow Cleave|p1a: Garchomp\n|-damage|p1a: Garchomp|38/100\n|-damage|p2b: Kingambit|88/100|[from] ability: Rough Skin|[of] p1a: Garchomp\n|move|p1b: Kingambit|Iron Head|p2a: Mimikyu\n|-supereffective|p2a: Mimikyu|1\n|-damage|p2a: Mimikyu|0 fnt\n|faint|p2a: Mimikyu\n|\n|upkeep\n|\n|t:|1776725542\n|switch|p2a: Golurk|Golurk, L50, shiny|100/100\n|turn|3\n|\n|t:|1776725561\n|detailschange|p2a: Golurk|Golurk-Mega, L50, shiny\n|-mega|p2a: Golurk|Golurk|Golurkite\n|move|p1b: Kingambit|Sucker Punch|p2a: Golurk\n|-supereffective|p2a: Golurk|1\n|-damage|p2a: Golurk|30/100\n|move|p2b: Kingambit|Kowtow Cleave|p1a: Garchomp\n|-damage|p1a: Garchomp|0 fnt\n|-damage|p2b: Kingambit|76/100|[from] ability: Rough Skin|[of] p1a: Garchomp\n|faint|p1a: Garchomp\n|move|p2a: Golurk|High Horsepower|p1b: Kingambit\n|-supereffective|p1b: Kingambit|1\n|-damage|p1b: Kingambit|0 fnt\n|faint|p1b: Kingambit\n|\n|upkeep\n|\n|t:|1776725573\n|switch|p1b: Froslass|Froslass, L50, F|100/100\n|switch|p1a: Incineroar|Incineroar, L50, F|100/100\n|-ability|p1a: Incineroar|Intimidate|boost\n|-unboost|p2a: Golurk|atk|1\n|-unboost|p2b: Kingambit|atk|1\n|-ability|p2b: Kingambit|Defiant|boost\n|-boost|p2b: Kingambit|atk|2\n|turn|4\n|\n|t:|1776725597\n|switch|p2a: Farigiraf|Farigiraf, L50, M, shiny|100/100\n|move|p1b: Froslass|Protect|p1b: Froslass\n|-singleturn|p1b: Froslass|Protect\n|move|p2b: Kingambit|Kowtow Cleave|p1b: Froslass\n|-activate|p1b: Froslass|move: Protect\n|move|p1a: Incineroar|Throat Chop|p2a: Farigiraf\n|-supereffective|p2a: Farigiraf|1\n|-damage|p2a: Farigiraf|41/100\n|-start|p2a: Farigiraf|Throat Chop|[silent]\n|\n|upkeep\n|turn|5\n|\n|t:|1776725620\n|move|p2a: Farigiraf|Helping Hand|p2b: Kingambit\n|-singleturn|p2b: Kingambit|Helping Hand|[of] p2a: Farigiraf\n|move|p1b: Froslass|Protect|p1b: Froslass\n|-singleturn|p1b: Froslass|Protect\n|move|p2b: Kingambit|Kowtow Cleave|p1b: Froslass\n|-activate|p1b: Froslass|move: Protect\n|move|p1a: Incineroar|Throat Chop|p2a: Farigiraf\n|-supereffective|p2a: Farigiraf|1\n|-damage|p2a: Farigiraf|0 fnt\n|faint|p2a: Farigiraf\n|\n|-fieldend|move: Trick Room\n|upkeep\n|\n|t:|1776725624\n|switch|p2a: Golurk|Golurk-Mega, L50, shiny|30/100\n|turn|6\n|\n|t:|1776725638\n|detailschange|p1b: Froslass|Froslass-Mega, L50, F\n|-mega|p1b: Froslass|Froslass|Froslassite\n|-weather|Snowscape|[from] ability: Snow Warning|[of] p1b: Froslass\n|move|p2b: Kingambit|Sucker Punch||[still]\n|-fail|p2b: Kingambit\n|move|p1b: Froslass|Aurora Veil|p1b: Froslass\n|-sidestart|p1: tubbatub|move: Aurora Veil\n|move|p1a: Incineroar|Flare Blitz|p2b: Kingambit\n|-supereffective|p2b: Kingambit|1\n|-damage|p2b: Kingambit|0 fnt\n|faint|p2b: Kingambit\n|-damage|p1a: Incineroar|73/100|[from] Recoil\n|move|p2a: Golurk|High Horsepower|p1a: Incineroar\n|-supereffective|p1a: Incineroar|1\n|-damage|p1a: Incineroar|4/100\n|-enditem|p1a: Incineroar|Sitrus Berry|[eat]\n|-heal|p1a: Incineroar|29/100|[from] item: Sitrus Berry\n|\n|-weather|Snowscape|[upkeep]\n|upkeep\n|turn|7\n|-message|friendlyrobber forfeited.\n|\n|win|tubbatub\n|raw|tubbatub's rating: 1144 &rarr; <strong>1175</strong><br />(+31 for winning)\n|raw|friendlyrobber's rating: 1228 &rarr; <strong>1197</strong><br />(-31 for losing)\n|l|\u2606friendlyrobber\n|player|p2|\n",
  "uploadtime": 1776725655,
  "views": 3,
  "formatid": "gen9championsvgc2026regma",
  "rating": 1175,
  "private": 0,
  "password": null
}