{
  "id": "gen9championsvgc2026regma-2581548079",
  "format": "[Gen 9 Champions] VGC 2026 Reg M-A",
  "players": [
    "magdalium",
    "xodroont"
  ],
  "log": "|j|\u2606magdalium\n|j|\u2606xodroont\n|t:|1776010028\n|gametype|doubles\n|player|p1|magdalium|bugcatcher-gen4dp|1181\n|player|p2|xodroont|1|1212\n|gen|9\n|tier|[Gen 9 Champions] VGC 2026 Reg M-A\n|rated|\n|rule|Species Clause: Limit one of each Pok\u00e9mon\n|rule|Item Clause: Limit 1 of each item\n|clearpoke\n|poke|p1|Arcanine-Hisui, L50, M|\n|poke|p1|Tinkaton, L50, F|\n|poke|p1|Rotom-Wash, L50|\n|poke|p1|Sneasler, L50, F|\n|poke|p1|Gyarados, L50, M|\n|poke|p1|Whimsicott, L50, F|\n|poke|p2|Typhlosion-Hisui, L50, M|\n|poke|p2|Charizard, L50, M|\n|poke|p2|Whimsicott, L50, F|\n|poke|p2|Garchomp, L50, F|\n|poke|p2|Rotom-Wash, L50|\n|poke|p2|Corviknight, L50, F|\n|teampreview|4\n|\n|t:|1776010058\n|teamsize|p1|4\n|teamsize|p2|4\n|start\n|switch|p1a: Sneasler|Sneasler, L50, F|100/100\n|switch|p1b: Rotom|Rotom-Wash, L50|100/100\n|switch|p2a: Rotom|Rotom-Wash, L50|100/100\n|switch|p2b: Whimsicott|Whimsicott, L50, F|100/100\n|turn|1\n|\n|t:|1776010068\n|move|p2b: Whimsicott|Protect|p2b: Whimsicott\n|-singleturn|p2b: Whimsicott|Protect\n|move|p1a: Sneasler|Fake Out|p2b: Whimsicott\n|-activate|p2b: Whimsicott|move: Protect\n|move|p2a: Rotom|Nasty Plot|p2a: Rotom\n|-boost|p2a: Rotom|spa|2\n|move|p1b: Rotom|Eerie Impulse|p2a: Rotom\n|-unboost|p2a: Rotom|spa|2\n|\n|upkeep\n|turn|2\n|\n|t:|1776010085\n|move|p1a: Sneasler|Dire Claw|p2b: Whimsicott\n|-supereffective|p2b: Whimsicott|2\n|-enditem|p2b: Whimsicott|Focus Sash\n|-damage|p2b: Whimsicott|1/100\n|-status|p2b: Whimsicott|par\n|move|p2a: Rotom|Nasty Plot|p2a: Rotom\n|-boost|p2a: Rotom|spa|2\n|move|p1b: Rotom|Eerie Impulse|p2a: Rotom\n|-unboost|p2a: Rotom|spa|2\n|move|p2b: Whimsicott|Moonblast|p1a: Sneasler\n|-damage|p1a: Sneasler|55/100\n|-unboost|p1a: Sneasler|spa|1\n|\n|upkeep\n|turn|3\n|\n|t:|1776010106\n|move|p2b: Whimsicott|Tailwind|p2b: Whimsicott\n|-sidestart|p2: xodroont|move: Tailwind\n|move|p2a: Rotom|Hydro Pump|p1a: Sneasler\n|-damage|p1a: Sneasler|0 fnt\n|faint|p1a: Sneasler\n|move|p1b: Rotom|Eerie Impulse|p2a: Rotom\n|-unboost|p2a: Rotom|spa|2\n|\n|upkeep\n|\n|t:|1776010122\n|switch|p1a: Gyarados|Gyarados, L50, M|100/100\n|-ability|p1a: Gyarados|Intimidate|boost\n|-unboost|p2a: Rotom|atk|1\n|-unboost|p2b: Whimsicott|atk|1\n|turn|4\n|\n|t:|1776010135\n|detailschange|p1a: Gyarados|Gyarados-Mega, L50, M\n|-mega|p1a: Gyarados|Gyarados|Gyaradosite\n|-ability|p1a: Gyarados|Mold Breaker\n|move|p2b: Whimsicott|Fake Tears|p1a: Gyarados\n|-hint|Since gen 7, Dark is immune to Prankster moves.\n|-immune|p1a: Gyarados\n|move|p2a: Rotom|Thunderbolt|p1a: Gyarados\n|-supereffective|p1a: Gyarados|1\n|-damage|p1a: Gyarados|62/100\n|move|p1a: Gyarados|Dragon Dance|p1a: Gyarados\n|-boost|p1a: Gyarados|atk|1\n|-boost|p1a: Gyarados|spe|1\n|move|p1b: Rotom|Eerie Impulse|p2a: Rotom\n|-unboost|p2a: Rotom|spa|2\n|\n|upkeep\n|turn|5\n|\n|t:|1776010152\n|switch|p2a: Garchomp|Garchomp, L50, F|100/100\n|move|p2b: Whimsicott|Protect|p2b: Whimsicott\n|-singleturn|p2b: Whimsicott|Protect\n|move|p1a: Gyarados|Protect|p1a: Gyarados\n|-singleturn|p1a: Gyarados|Protect\n|move|p1b: Rotom|Volt Switch|p2b: Whimsicott\n|-activate|p2b: Whimsicott|move: Protect\n|\n|upkeep\n|turn|6\n|\n|t:|1776010167\n|switch|p2b: Rotom|Rotom-Wash, L50|100/100\n|move|p2a: Garchomp|Earthquake|p1b: Rotom|[spread] p1a\n|-immune|p2b: Rotom|[from] ability: Levitate\n|-immune|p1b: Rotom|[from] ability: Levitate\n|-damage|p1a: Gyarados|25/100\n|move|p1a: Gyarados|Crunch|p2b: Rotom\n|-damage|p2b: Rotom|0 fnt\n|faint|p2b: Rotom\n|move|p1b: Rotom|Hydro Pump|p2a: Garchomp|[miss]\n|-miss|p1b: Rotom|p2a: Garchomp\n|\n|-sideend|p2: xodroont|move: Tailwind\n|upkeep\n|\n|t:|1776010180\n|switch|p2b: Whimsicott|Whimsicott, L50, F|1/100 par\n|turn|7\n|\n|t:|1776010194\n|detailschange|p2a: Garchomp|Garchomp-Mega, L50, F\n|-mega|p2a: Garchomp|Garchomp|Garchompite\n|move|p1a: Gyarados|Protect|p1a: Gyarados\n|-singleturn|p1a: Gyarados|Protect\n|move|p2b: Whimsicott|Tailwind|p2b: Whimsicott\n|-sidestart|p2: xodroont|move: Tailwind\n|move|p2a: Garchomp|Rock Slide|p1b: Rotom|[spread] p1b\n|-activate|p1a: Gyarados|move: Protect\n|-damage|p1b: Rotom|78/100\n|cant|p1b: Rotom|flinch\n|\n|upkeep\n|turn|8\n|\n|t:|1776010212\n|move|p2b: Whimsicott|Protect|p2b: Whimsicott\n|-singleturn|p2b: Whimsicott|Protect\n|move|p2a: Garchomp|Earthquake|p1a: Gyarados|[spread] p1a\n|-activate|p2b: Whimsicott|move: Protect\n|-immune|p1b: Rotom|[from] ability: Levitate\n|-damage|p1a: Gyarados|0 fnt\n|faint|p1a: Gyarados\n|move|p1b: Rotom|Hydro Pump|p2a: Garchomp\n|-damage|p2a: Garchomp|62/100\n|\n|upkeep\n|\n|t:|1776010218\n|switch|p1a: Arcanine|Arcanine-Hisui, L50, M|100/100\n|-ability|p1a: Arcanine|Intimidate|boost\n|-unboost|p2a: Garchomp|atk|1\n|-unboost|p2b: Whimsicott|atk|1\n|turn|9\n|\n|t:|1776010230\n|move|p1a: Arcanine|Protect|p1a: Arcanine\n|-singleturn|p1a: Arcanine|Protect\n|move|p2b: Whimsicott|Fake Tears|p1b: Rotom\n|-unboost|p1b: Rotom|spd|2\n|move|p2a: Garchomp|Earthquake|p1b: Rotom|[spread] p2b\n|-activate|p1a: Arcanine|move: Protect\n|-immune|p1b: Rotom|[from] ability: Levitate\n|-resisted|p2b: Whimsicott|1\n|-damage|p2b: Whimsicott|0 fnt\n|faint|p2b: Whimsicott\n|move|p1b: Rotom|Hydro Pump|p2a: Garchomp|[miss]\n|-miss|p1b: Rotom|p2a: Garchomp\n|\n|upkeep\n|\n|t:|1776010242\n|switch|p2b: Typhlosion|Typhlosion-Hisui, L50, M|100/100\n|turn|10\n|\n|t:|1776010256\n|move|p1b: Rotom|Protect|p1b: Rotom\n|-singleturn|p1b: Rotom|Protect\n|move|p2b: Typhlosion|Shadow Ball|p1b: Rotom\n|-activate|p1b: Rotom|move: Protect\n|move|p2a: Garchomp|Rock Slide|p1b: Rotom|[spread] p1a\n|-activate|p1b: Rotom|move: Protect\n|-supereffective|p1a: Arcanine|1\n|-damage|p1a: Arcanine|66/100\n|move|p1a: Arcanine|Rock Slide|p2b: Typhlosion|[spread] p2a,p2b\n|-resisted|p2a: Garchomp|1\n|-supereffective|p2b: Typhlosion|1\n|-damage|p2a: Garchomp|51/100\n|-damage|p2b: Typhlosion|22/100\n|\n|-sideend|p2: xodroont|move: Tailwind\n|upkeep\n|turn|11\n|\n|t:|1776010273\n|move|p1b: Rotom|Protect|p1b: Rotom\n|-singleturn|p1b: Rotom|Protect\n|move|p2b: Typhlosion|Shadow Ball|p1b: Rotom\n|-activate|p1b: Rotom|move: Protect\n|move|p2a: Garchomp|Earthquake|p1b: Rotom|[spread] p2b,p1a\n|-activate|p1b: Rotom|move: Protect\n|-supereffective|p2b: Typhlosion|1\n|-supereffective|p1a: Arcanine|2\n|-enditem|p1a: Arcanine|Shuca Berry|[eat]\n|-enditem|p1a: Arcanine|Shuca Berry|[weaken]\n|-damage|p2b: Typhlosion|0 fnt\n|-damage|p1a: Arcanine|0 fnt\n|faint|p2b: Typhlosion\n|faint|p1a: Arcanine\n|\n|upkeep\n|turn|12\n|\n|t:|1776010289\n|move|p2a: Garchomp|Dragon Claw|p1b: Rotom\n|-damage|p1b: Rotom|49/100\n|-enditem|p1b: Rotom|Sitrus Berry|[eat]\n|-heal|p1b: Rotom|74/100|[from] item: Sitrus Berry\n|move|p1b: Rotom|Hydro Pump|p2a: Garchomp\n|-damage|p2a: Garchomp|15/100\n|\n|upkeep\n|turn|13\n|\n|t:|1776010300\n|move|p2a: Garchomp|Dragon Claw|p1b: Rotom\n|-damage|p1b: Rotom|43/100\n|move|p1b: Rotom|Hydro Pump|p2a: Garchomp\n|-damage|p2a: Garchomp|0 fnt\n|faint|p2a: Garchomp\n|\n|win|magdalium\n|raw|magdalium's rating: 1181 &rarr; <strong>1208</strong><br />(+27 for winning)\n|raw|xodroont's rating: 1212 &rarr; <strong>1185</strong><br />(-27 for losing)\n",
  "uploadtime": 1776010302,
  "views": 20,
  "formatid": "gen9championsvgc2026regma",
  "rating": 1185,
  "private": 0,
  "password": null
}