{
  "id": "gen9championsvgc2026regma-2588607388",
  "format": "[Gen 9 Champions] VGC 2026 Reg M-A",
  "players": [
    "aroswing",
    "redboyninjafjb"
  ],
  "log": "|j|\u2606aroswing\n|j|\u2606redboyninjafjb\n|t:|1776649581\n|gametype|doubles\n|player|p1|aroswing|marnie|1175\n|player|p2|redboyninjafjb|schoolkid-gen4dp|1113\n|gen|9\n|tier|[Gen 9 Champions] VGC 2026 Reg M-A\n|rated|\n|rule|Species Clause: Limit one of each Pok\u00e9mon\n|rule|Item Clause: Limit 1 of each item\n|clearpoke\n|poke|p1|Toxicroak, L50, M|\n|poke|p1|Pelipper, L50, M|\n|poke|p1|Blastoise, L50, M|\n|poke|p1|Sinistcha, L50|\n|poke|p1|Archaludon, L50, M|\n|poke|p1|Dragonite, L50, M|\n|poke|p2|Scizor, L50, F|\n|poke|p2|Beedrill, L50, M|\n|poke|p2|Farigiraf, L50, M|\n|poke|p2|Incineroar, L50, F|\n|poke|p2|Conkeldurr, L50, M|\n|poke|p2|Empoleon, L50, M|\n|teampreview|4\n|inactive|Battle timer is ON: inactive players will automatically lose when time's up. (requested by aroswing)\n|inactive|redboyninjafjb has 60 seconds left.\n|\n|t:|1776649629\n|teamsize|p1|4\n|teamsize|p2|4\n|start\n|switch|p1a: Toxicroak|Toxicroak, L50, M|100/100\n|switch|p1b: Blastoise|Blastoise, L50, M|100/100\n|switch|p2a: Farigiraf|Farigiraf, L50, M|100/100\n|switch|p2b: Beedrill|Beedrill, L50, M|100/100\n|turn|1\n|inactive|aroswing has 30 seconds left.\n|inactive|redboyninjafjb has 30 seconds left.\n|inactive|aroswing has 20 seconds left.\n|inactive|redboyninjafjb has 20 seconds left.\n|inactive|aroswing has 15 seconds left.\n|inactive|redboyninjafjb has 15 seconds left.\n|inactive|redboyninjafjb has 10 seconds left.\n|\n|t:|1776649674\n|detailschange|p2b: Beedrill|Beedrill-Mega, L50, M\n|-mega|p2b: Beedrill|Beedrill|Beedrillite\n|detailschange|p1b: Blastoise|Blastoise-Mega, L50, M\n|-mega|p1b: Blastoise|Blastoise|Blastoisinite\n|move|p2b: Beedrill|Lunge|p1b: Blastoise\n|-damage|p1b: Blastoise|40/100\n|-unboost|p1b: Blastoise|atk|1\n|move|p1b: Blastoise|Water Spout|p2b: Beedrill|[spread] p2a,p2b\n|-damage|p2a: Farigiraf|79/100\n|-damage|p2b: Beedrill|60/100\n|move|p1a: Toxicroak|Close Combat|p2a: Farigiraf\n|-damage|p2a: Farigiraf|30/100\n|-unboost|p1a: Toxicroak|def|1\n|-unboost|p1a: Toxicroak|spd|1\n|-enditem|p1a: Toxicroak|White Herb\n|-clearnegativeboost|p1a: Toxicroak|[silent]\n|move|p2a: Farigiraf|Hyper Voice|p1a: Toxicroak|[spread] p1a,p1b\n|-damage|p1a: Toxicroak|69/100\n|-damage|p1b: Blastoise|16/100\n|\n|upkeep\n|turn|2\n|inactive|aroswing has 30 seconds left.\n|inactive|redboyninjafjb has 30 seconds left.\n|\n|t:|1776649700\n|switch|p2a: Incineroar|Incineroar, L50, F|100/100\n|-ability|p2a: Incineroar|Intimidate|boost\n|-unboost|p1a: Toxicroak|atk|1\n|-unboost|p1b: Blastoise|atk|1\n|move|p1b: Blastoise|Protect|p1b: Blastoise\n|-singleturn|p1b: Blastoise|Protect\n|move|p2b: Beedrill|Fell Stinger|p1b: Blastoise\n|-activate|p1b: Blastoise|move: Protect\n|move|p1a: Toxicroak|Close Combat|p2a: Incineroar\n|-supereffective|p2a: Incineroar|1\n|-damage|p2a: Incineroar|25/100\n|-unboost|p1a: Toxicroak|def|1\n|-unboost|p1a: Toxicroak|spd|1\n|-enditem|p2a: Incineroar|Sitrus Berry|[eat]\n|-heal|p2a: Incineroar|50/100|[from] item: Sitrus Berry\n|\n|upkeep\n|turn|3\n|\n|t:|1776649722\n|switch|p1b: Pelipper|Pelipper, L50, M|100/100\n|-weather|RainDance|[from] ability: Drizzle|[of] p1b: Pelipper\n|move|p2a: Incineroar|Fake Out|p1a: Toxicroak\n|-damage|p1a: Toxicroak|50/100\n|move|p2b: Beedrill|Fell Stinger|p1b: Pelipper\n|-resisted|p1b: Pelipper|1\n|-damage|p1b: Pelipper|71/100\n|cant|p1a: Toxicroak|flinch\n|\n|-weather|RainDance|[upkeep]\n|-heal|p1a: Toxicroak|63/100|[from] ability: Dry Skin\n|upkeep\n|turn|4\n|c|\u2606redboyninjafjb|NOO :(\n|inactive|redboyninjafjb has 30 seconds left.\n|\n|t:|1776649751\n|move|p2b: Beedrill|Poison Jab|p1b: Pelipper\n|-damage|p1b: Pelipper|0 fnt\n|faint|p1b: Pelipper\n|move|p1a: Toxicroak|Close Combat|p2a: Incineroar\n|-supereffective|p2a: Incineroar|1\n|-damage|p2a: Incineroar|0 fnt\n|-unboost|p1a: Toxicroak|def|1\n|-unboost|p1a: Toxicroak|spd|1\n|faint|p2a: Incineroar\n|\n|-weather|RainDance|[upkeep]\n|-heal|p1a: Toxicroak|75/100|[from] ability: Dry Skin\n|upkeep\n|\n|t:|1776649776\n|switch|p1b: Blastoise|Blastoise-Mega, L50, M|16/100\n|switch|p2a: Farigiraf|Farigiraf, L50, M|30/100\n|turn|5\n|inactive|redboyninjafjb has 30 seconds left.\n|\n|t:|1776649809\n|switch|p1a: Sinistcha|Sinistcha, L50|100/100\n|-heal|p1b: Blastoise|40/100|[from] ability: Hospitality|[of] p1a: Sinistcha\n|move|p2a: Farigiraf|Ally Switch|p2a: Farigiraf\n|swap|p2a: Farigiraf|1|[from] move: Ally Switch\n|move|p2a: Beedrill|Fell Stinger|p1b: Blastoise\n|-damage|p1b: Blastoise|3/100\n|move|p1b: Blastoise|Dark Pulse|p2b: Farigiraf\n|-supereffective|p2b: Farigiraf|1\n|-enditem|p2b: Farigiraf|Colbur Berry|[eat]\n|-enditem|p2b: Farigiraf|Colbur Berry|[weaken]\n|-damage|p2b: Farigiraf|0 fnt\n|faint|p2b: Farigiraf\n|\n|-weather|RainDance|[upkeep]\n|upkeep\n|\n|t:|1776649826\n|switch|p2b: Empoleon|Empoleon, L50, M|100/100\n|turn|6\n|\n|t:|1776649845\n|move|p1b: Blastoise|Protect|p1b: Blastoise\n|-singleturn|p1b: Blastoise|Protect\n|move|p2a: Beedrill|Lunge|p1a: Sinistcha\n|-damage|p1a: Sinistcha|33/100\n|-unboost|p1a: Sinistcha|atk|1\n|move|p1a: Sinistcha|Life Dew|p1a: Sinistcha|[spread] p1a,p1b\n|-heal|p1a: Sinistcha|58/100\n|-heal|p1b: Blastoise|28/100\n|move|p2b: Empoleon|Flash Cannon|p1a: Sinistcha\n|-damage|p1a: Sinistcha|16/100\n|\n|-weather|RainDance|[upkeep]\n|-heal|p1a: Sinistcha|22/100|[from] item: Leftovers\n|upkeep\n|turn|7\n|\n|t:|1776649867\n|move|p1a: Sinistcha|Rage Powder|p1a: Sinistcha\n|-singleturn|p1a: Sinistcha|move: Rage Powder\n|move|p2a: Beedrill|Fell Stinger|p1a: Sinistcha\n|-damage|p1a: Sinistcha|0 fnt\n|faint|p1a: Sinistcha\n|-boost|p2a: Beedrill|atk|3\n|move|p1b: Blastoise|Dark Pulse|p2a: Beedrill\n|-damage|p2a: Beedrill|0 fnt\n|faint|p2a: Beedrill\n|move|p2b: Empoleon|Blizzard|p1b: Blastoise\n|-resisted|p1b: Blastoise|1\n|-damage|p1b: Blastoise|13/100\n|\n|-weather|none\n|upkeep\n|\n|t:|1776649878\n|switch|p1a: Toxicroak|Toxicroak, L50, M|75/100\n|turn|8\n|\n|t:|1776649891\n|move|p1a: Toxicroak|Fake Out|p2b: Empoleon\n|-resisted|p2b: Empoleon|1\n|-damage|p2b: Empoleon|95/100\n|move|p1b: Blastoise|Aura Sphere|p2b: Empoleon\n|-supereffective|p2b: Empoleon|1\n|-damage|p2b: Empoleon|6/100\n|cant|p2b: Empoleon|flinch\n|\n|-heal|p2b: Empoleon|11/100|[from] item: Leftovers\n|upkeep\n|turn|9\n|\n|t:|1776649901\n|move|p1b: Blastoise|Aura Sphere|p2b: Empoleon\n|-supereffective|p2b: Empoleon|1\n|-damage|p2b: Empoleon|0 fnt\n|faint|p2b: Empoleon\n|\n|win|aroswing\n|raw|aroswing's rating: 1175 &rarr; <strong>1196</strong><br />(+21 for winning)\n|raw|redboyninjafjb's rating: 1113 &rarr; <strong>1092</strong><br />(-21 for losing)\n",
  "uploadtime": 1776649905,
  "views": 5,
  "formatid": "gen9championsvgc2026regma",
  "rating": 1092,
  "private": 0,
  "password": null
}