{
  "id": "gen9championsvgc2026regma-2581435126",
  "format": "[Gen 9 Champions] VGC 2026 Reg M-A",
  "players": [
    "4staramon",
    "OscarGoro"
  ],
  "log": "|j|\u26064staramon\n|j|\u2606OscarGoro\n|t:|1776000115\n|gametype|doubles\n|player|p1|4staramon|169|1137\n|player|p2|OscarGoro|hilbert|1070\n|gen|9\n|tier|[Gen 9 Champions] VGC 2026 Reg M-A\n|rated|\n|rule|Species Clause: Limit one of each Pok\u00e9mon\n|rule|Item Clause: Limit 1 of each item\n|clearpoke\n|poke|p1|Chesnaught, L50, M|\n|poke|p1|Farigiraf, L50, M|\n|poke|p1|Sinistcha, L50|\n|poke|p1|Heliolisk, L50, M|\n|poke|p1|Camerupt, L50, M|\n|poke|p1|Torkoal, L50, M|\n|poke|p2|Tyranitar, L50, F|\n|poke|p2|Excadrill, L50, M|\n|poke|p2|Incineroar, L50, M|\n|poke|p2|Floette-Eternal, L50, F|\n|poke|p2|Sinistcha, L50|\n|poke|p2|Rotom-Wash, L50|\n|teampreview|4\n|\n|t:|1776000162\n|teamsize|p1|4\n|teamsize|p2|4\n|start\n|switch|p1a: Heliolisk|Heliolisk, L50, M|100/100\n|switch|p1b: Farigiraf|Farigiraf, L50, M|100/100\n|switch|p2a: Floette|Floette-Eternal, L50, F|100/100\n|switch|p2b: Incineroar|Incineroar, L50, M|100/100\n|-ability|p2b: Incineroar|Intimidate|boost\n|-unboost|p1a: Heliolisk|atk|1\n|-unboost|p1b: Farigiraf|atk|1\n|turn|1\n|\n|t:|1776000185\n|detailschange|p2a: Floette|Floette-Mega, L50, F\n|-mega|p2a: Floette|Floette|Floettite\n|-ability|p2a: Floette|Fairy Aura\n|move|p1a: Heliolisk|Shed Tail|p1a: Heliolisk\n|-start|p1a: Heliolisk|Substitute|[from] move: Shed Tail\n|-damage|p1a: Heliolisk|50/100\n|\n|t:|1776000191\n|switch|p1a: Camerupt|Camerupt, L50, M|100/100|[from] Shed Tail\n|move|p2a: Floette|Calm Mind|p2a: Floette\n|-boost|p2a: Floette|spa|1\n|-boost|p2a: Floette|spd|1\n|move|p2b: Incineroar|Throat Chop|p1b: Farigiraf\n|-supereffective|p1b: Farigiraf|1\n|-damage|p1b: Farigiraf|36/100\n|-start|p1b: Farigiraf|Throat Chop|[silent]\n|-enditem|p1b: Farigiraf|Sitrus Berry|[eat]\n|-heal|p1b: Farigiraf|61/100|[from] item: Sitrus Berry\n|move|p1b: Farigiraf|Trick Room|p1b: Farigiraf\n|-fieldstart|move: Trick Room|[of] p1b: Farigiraf\n|\n|upkeep\n|turn|2\n|\n|t:|1776000210\n|switch|p1b: Torkoal|Torkoal, L50, M|100/100\n|-weather|SunnyDay|[from] ability: Drought|[of] p1b: Torkoal\n|detailschange|p1a: Camerupt|Camerupt-Mega, L50, M\n|-mega|p1a: Camerupt|Camerupt|Cameruptite\n|move|p2a: Floette|Protect|p2a: Floette\n|-singleturn|p2a: Floette|Protect\n|move|p1a: Camerupt|Eruption|p2a: Floette|[spread] p2b\n|-activate|p2a: Floette|move: Protect\n|-resisted|p2b: Incineroar|1\n|-damage|p2b: Incineroar|62/100\n|move|p2b: Incineroar|Parting Shot|p1a: Camerupt\n|-unboost|p1a: Camerupt|atk|1\n|-unboost|p1a: Camerupt|spa|1\n|\n|t:|1776000226\n|switch|p2b: Rotom|Rotom-Wash, L50|100/100|[from] Parting Shot\n|\n|-weather|SunnyDay|[upkeep]\n|upkeep\n|turn|3\n|\n|t:|1776000235\n|switch|p2b: Tyranitar|Tyranitar, L50, F|100/100\n|-weather|Sandstorm|[from] ability: Sand Stream|[of] p2b: Tyranitar\n|move|p1a: Camerupt|Body Press|p2b: Tyranitar\n|-supereffective|p2b: Tyranitar|2\n|-damage|p2b: Tyranitar|35/100\n|move|p1b: Torkoal|Eruption|p2a: Floette|[spread] p2a,p2b\n|-resisted|p2b: Tyranitar|1\n|-damage|p2a: Floette|70/100\n|-damage|p2b: Tyranitar|17/100\n|move|p2a: Floette|Calm Mind|p2a: Floette\n|-boost|p2a: Floette|spa|1\n|-boost|p2a: Floette|spd|1\n|\n|-weather|Sandstorm|[upkeep]\n|-damage|p1b: Torkoal|94/100|[from] Sandstorm\n|-damage|p2a: Floette|64/100|[from] Sandstorm\n|upkeep\n|turn|4\n|\n|t:|1776000257\n|move|p2b: Tyranitar|Protect|p2b: Tyranitar\n|-singleturn|p2b: Tyranitar|Protect\n|move|p2a: Floette|Protect|p2a: Floette\n|-singleturn|p2a: Floette|Protect\n|move|p1a: Camerupt|Body Press|p2b: Tyranitar\n|-activate|p2b: Tyranitar|move: Protect\n|move|p1b: Torkoal|Earth Power|p2a: Floette\n|-activate|p2a: Floette|move: Protect\n|\n|-weather|Sandstorm|[upkeep]\n|-damage|p1b: Torkoal|88/100|[from] Sandstorm\n|-damage|p2a: Floette|58/100|[from] Sandstorm\n|upkeep\n|turn|5\n|\n|t:|1776000291\n|switch|p2b: Rotom|Rotom-Wash, L50|100/100\n|move|p1a: Camerupt|Eruption|p2b: Rotom|[spread] p2a,p2b\n|-resisted|p2b: Rotom|1\n|-damage|p2a: Floette|43/100\n|-damage|p2b: Rotom|80/100\n|move|p1b: Torkoal|Eruption|p2b: Rotom|[spread] p2a,p2b\n|-resisted|p2b: Rotom|1\n|-damage|p2a: Floette|26/100\n|-damage|p2b: Rotom|58/100\n|move|p2a: Floette|Dazzling Gleam|p1b: Torkoal|[spread] p1a,p1b\n|-resisted|p1a: Camerupt|1\n|-end|p1a: Camerupt|Substitute\n|-resisted|p1b: Torkoal|1\n|-damage|p1b: Torkoal|33/100\n|\n|-weather|Sandstorm|[upkeep]\n|-damage|p1b: Torkoal|27/100|[from] Sandstorm\n|-damage|p2b: Rotom|52/100|[from] Sandstorm\n|-damage|p2a: Floette|20/100|[from] Sandstorm\n|-heal|p2b: Rotom|58/100|[from] item: Leftovers\n|-fieldend|move: Trick Room\n|upkeep\n|turn|6\n|\n|t:|1776000324\n|switch|p1b: Farigiraf|Farigiraf, L50, M|61/100\n|switch|p1a: Heliolisk|Heliolisk, L50, M|50/100\n|move|p2a: Floette|Protect|p2a: Floette\n|-singleturn|p2a: Floette|Protect\n|move|p2b: Rotom|Thunderbolt|p1b: Farigiraf\n|-damage|p1b: Farigiraf|21/100\n|\n|-weather|Sandstorm|[upkeep]\n|-damage|p1a: Heliolisk|44/100|[from] Sandstorm\n|-damage|p2a: Floette|14/100|[from] Sandstorm\n|-damage|p2b: Rotom|52/100|[from] Sandstorm\n|-damage|p1b: Farigiraf|15/100|[from] Sandstorm\n|-heal|p2b: Rotom|58/100|[from] item: Leftovers\n|upkeep\n|turn|7\n|\n|t:|1776000344\n|move|p1a: Heliolisk|Hyper Voice|p2a: Floette|[spread] p2a,p2b\n|-damage|p2a: Floette|3/100\n|-damage|p2b: Rotom|27/100\n|move|p2a: Floette|Dazzling Gleam|p1b: Farigiraf|[spread] p1a,p1b\n|-damage|p1a: Heliolisk|0 fnt\n|-damage|p1b: Farigiraf|0 fnt\n|faint|p1a: Heliolisk\n|faint|p1b: Farigiraf\n|move|p2b: Rotom|Thunderbolt|p1: Heliolisk|[notarget]\n|-fail|p2b: Rotom\n|\n|-weather|none\n|-heal|p2b: Rotom|33/100|[from] item: Leftovers\n|upkeep\n|\n|t:|1776000354\n|switch|p1a: Camerupt|Camerupt-Mega, L50, M|100/100\n|switch|p1b: Torkoal|Torkoal, L50, M|27/100\n|-weather|SunnyDay|[from] ability: Drought|[of] p1b: Torkoal\n|turn|8\n|\n|t:|1776000363\n|move|p1b: Torkoal|Protect|p1b: Torkoal\n|-singleturn|p1b: Torkoal|Protect\n|move|p2a: Floette|Dazzling Gleam|p1a: Camerupt|[spread] p1a\n|-activate|p1b: Torkoal|move: Protect\n|-resisted|p1a: Camerupt|1\n|-damage|p1a: Camerupt|62/100\n|move|p2b: Rotom|Hydro Pump|p1a: Camerupt\n|-supereffective|p1a: Camerupt|2\n|-damage|p1a: Camerupt|0 fnt\n|faint|p1a: Camerupt\n|\n|-weather|SunnyDay|[upkeep]\n|-heal|p2b: Rotom|39/100|[from] item: Leftovers\n|upkeep\n|turn|9\n|-message|4staramon forfeited.\n|\n|win|OscarGoro\n|raw|4staramon's rating: 1137 &rarr; <strong>1107</strong><br />(-30 for losing)\n|raw|OscarGoro's rating: 1070 &rarr; <strong>1105</strong><br />(+35 for winning)\n|l|\u26064staramon\n|player|p1|\n",
  "uploadtime": 1776000385,
  "views": 26,
  "formatid": "gen9championsvgc2026regma",
  "rating": 1105,
  "private": 0,
  "password": null
}