{
  "id": "gen9championsvgc2026regma-2583902600",
  "format": "[Gen 9 Champions] VGC 2026 Reg M-A",
  "players": [
    "ARKNinShadow",
    "Braix2570"
  ],
  "log": "|j|\u2606ARKNinShadow\n|j|\u2606Braix2570\n|t:|1776206865\n|gametype|doubles\n|player|p1|ARKNinShadow|101|1028\n|player|p2|Braix2570|2|1045\n|gen|9\n|tier|[Gen 9 Champions] VGC 2026 Reg M-A\n|rated|\n|rule|Species Clause: Limit one of each Pok\u00e9mon\n|rule|Item Clause: Limit 1 of each item\n|clearpoke\n|poke|p1|Maushold-Four, L50|\n|poke|p1|Mimikyu, L50, F|\n|poke|p1|Sinistcha, L50|\n|poke|p1|Sneasler, L50, M|\n|poke|p1|Kingambit, L50, F|\n|poke|p1|Serperior, L50, F|\n|poke|p2|Starmie, L50|\n|poke|p2|Pelipper, L50, F|\n|poke|p2|Basculegion, L50, M|\n|poke|p2|Archaludon, L50, M|\n|poke|p2|Dragonite, L50, F|\n|poke|p2|Sinistcha, L50|\n|teampreview|4\n|inactive|Battle timer is ON: inactive players will automatically lose when time's up. (requested by ARKNinShadow)\n|\n|t:|1776206885\n|teamsize|p1|4\n|teamsize|p2|4\n|start\n|switch|p1a: Maushold|Maushold-Four, L50|100/100\n|switch|p1b: Sneasler|Sneasler, L50, M, shiny|100/100\n|switch|p2a: Pelipper|Pelipper, L50, F|100/100\n|switch|p2b: Basculegion|Basculegion, L50, M|100/100\n|-weather|RainDance|[from] ability: Drizzle|[of] p2a: Pelipper\n|turn|1\n|-activate|p1b: Sneasler|item: Quick Claw\n|\n|t:|1776206898\n|move|p1b: Sneasler|Fake Out|p2a: Pelipper\n|-damage|p2a: Pelipper|84/100\n|-status|p2a: Pelipper|psn|[from] ability: Poison Touch|[of] p1b: Sneasler\n|move|p2b: Basculegion|Flip Turn|p1b: Sneasler\n|-damage|p1b: Sneasler|33/100\n|\n|t:|1776206908\n|switch|p2b: Starmie|Starmie, L50|100/100|[from] Flip Turn\n|move|p1a: Maushold|Taunt|p2a: Pelipper\n|-start|p2a: Pelipper|move: Taunt\n|cant|p2a: Pelipper|flinch\n|\n|-weather|RainDance|[upkeep]\n|-damage|p2a: Pelipper|72/100 psn|[from] psn\n|upkeep\n|turn|2\n|-activate|p1b: Sneasler|item: Quick Claw\n|\n|t:|1776206930\n|detailschange|p2b: Starmie|Starmie-Mega, L50\n|-mega|p2b: Starmie|Starmie|Starminite\n|move|p1b: Sneasler|Protect|p1b: Sneasler\n|-singleturn|p1b: Sneasler|Protect\n|move|p1a: Maushold|Protect|p1a: Maushold\n|-singleturn|p1a: Maushold|Protect\n|move|p2b: Starmie|Bulk Up|p2b: Starmie\n|-boost|p2b: Starmie|atk|1\n|-boost|p2b: Starmie|def|1\n|move|p2a: Pelipper|Weather Ball|p1a: Maushold\n|-activate|p1a: Maushold|move: Protect\n|\n|-weather|RainDance|[upkeep]\n|-damage|p2a: Pelipper|60/100 psn|[from] psn\n|upkeep\n|turn|3\n|-activate|p1b: Sneasler|item: Quick Claw\n|\n|t:|1776206945\n|move|p1a: Maushold|Follow Me|p1a: Maushold\n|-singleturn|p1a: Maushold|move: Follow Me\n|move|p1b: Sneasler|Dire Claw|p2b: Starmie\n|-damage|p2b: Starmie|63/100\n|move|p2b: Starmie|Liquidation|p1a: Maushold\n|-damage|p1a: Maushold|0 fnt\n|faint|p1a: Maushold\n|move|p2a: Pelipper|Weather Ball|p1b: Sneasler\n|-damage|p1b: Sneasler|0 fnt\n|faint|p1b: Sneasler\n|\n|-weather|RainDance|[upkeep]\n|-damage|p2a: Pelipper|48/100 psn|[from] psn\n|-end|p2a: Pelipper|move: Taunt\n|upkeep\n|c|\u2606Braix2570|dude how 3 in a row\n|\n|t:|1776206964\n|switch|p1b: Serperior|Serperior, L50, F, shiny|100/100\n|switch|p1a: Sinistcha|Sinistcha, L50|100/100\n|turn|4\n|\n|t:|1776206979\n|move|p2b: Starmie|Liquidation|p1a: Sinistcha\n|-resisted|p1a: Sinistcha|1\n|-damage|p1a: Sinistcha|30/100\n|move|p1b: Serperior|Leaf Storm|p2b: Starmie\n|-supereffective|p2b: Starmie|1\n|-damage|p2b: Starmie|0 fnt\n|-boost|p1b: Serperior|spa|2\n|faint|p2b: Starmie\n|move|p2a: Pelipper|Hurricane|p1a: Sinistcha\n|-supereffective|p1a: Sinistcha|1\n|-damage|p1a: Sinistcha|0 fnt\n|faint|p1a: Sinistcha\n|\n|-weather|RainDance|[upkeep]\n|-damage|p2a: Pelipper|36/100 psn|[from] psn\n|upkeep\n|\n|t:|1776206985\n|switch|p2b: Basculegion|Basculegion, L50, M|100/100\n|turn|5\n|\n|t:|1776207000\n|move|p2b: Basculegion|Wave Crash|p1b: Serperior\n|-resisted|p1b: Serperior|1\n|-damage|p1b: Serperior|26/100\n|-damage|p2b: Basculegion|82/100|[from] Recoil\n|move|p1b: Serperior|Leaf Storm|p2b: Basculegion\n|-supereffective|p2b: Basculegion|1\n|-damage|p2b: Basculegion|0 fnt\n|-boost|p1b: Serperior|spa|2\n|faint|p2b: Basculegion\n|move|p2a: Pelipper|Hurricane|p1b: Serperior\n|-supereffective|p1b: Serperior|1\n|-damage|p1b: Serperior|0 fnt\n|faint|p1b: Serperior\n|\n|win|Braix2570\n|raw|ARKNinShadow's rating: 1028 &rarr; <strong>1014</strong><br />(-14 for losing)\n|raw|Braix2570's rating: 1045 &rarr; <strong>1077</strong><br />(+32 for winning)\n|l|\u2606ARKNinShadow\n|player|p1|\n",
  "uploadtime": 1776207014,
  "views": 17,
  "formatid": "gen9championsvgc2026regma",
  "rating": 1014,
  "private": 0,
  "password": null
}