{
  "id": "gen9championsvgc2026regma-2588532167",
  "format": "[Gen 9 Champions] VGC 2026 Reg M-A",
  "players": [
    "iwfghw",
    "otherjacob"
  ],
  "log": "|j|\u2606iwfghw\n|j|\u2606otherjacob\n|t:|1776642274\n|gametype|doubles\n|player|p1|iwfghw|1|1104\n|player|p2|otherjacob|102|1118\n|gen|9\n|tier|[Gen 9 Champions] VGC 2026 Reg M-A\n|rated|\n|rule|Species Clause: Limit one of each Pok\u00e9mon\n|rule|Item Clause: Limit 1 of each item\n|clearpoke\n|poke|p1|Archaludon, L50, M, shiny|\n|poke|p1|Pelipper, L50, M, shiny|\n|poke|p1|Sinistcha, L50, shiny|\n|poke|p1|Floette-Eternal, L50, F|\n|poke|p1|Hawlucha, L50, M, shiny|\n|poke|p1|Kingambit, L50, M, shiny|\n|poke|p2|Garchomp, L50, F, shiny|\n|poke|p2|Floette-Eternal, L50, F|\n|poke|p2|Talonflame, L50, M, shiny|\n|poke|p2|Aegislash, L50, F, shiny|\n|poke|p2|Milotic, L50, M, shiny|\n|poke|p2|Incineroar, L50, M, shiny|\n|teampreview|4\notherjacob has agreed to open team sheets.\n|inactive|Battle timer is ON: inactive players will automatically lose when time's up. (requested by iwfghw)\niwfghw rejected open team sheets.\n|\n|t:|1776642302\n|teamsize|p1|4\n|teamsize|p2|4\n|start\n|switch|p1a: Hawlucha|Hawlucha, L50, M, shiny|100/100\n|switch|p1b: Kingambit|Kingambit, L50, M, shiny|100/100\n|switch|p2a: Garchomp|Garchomp, L50, F, shiny|100/100\n|switch|p2b: Milotic|Milotic, L50, M, shiny|100/100\n|turn|1\n|inactive|otherjacob has 30 seconds left.\n|\n|t:|1776642329\n|detailschange|p1a: Hawlucha|Hawlucha-Mega, L50, M, shiny\n|-mega|p1a: Hawlucha|Hawlucha|Hawluchanite\n|move|p1a: Hawlucha|Entrainment|p1b: Kingambit\n|-ability|p1b: Kingambit|No Guard|Defiant|[from] move: Entrainment|[of] p1a: Hawlucha\n|move|p2a: Garchomp|Earthquake|p1a: Hawlucha|[spread] p2b,p1b\n|-immune|p1a: Hawlucha\n|-supereffective|p1b: Kingambit|1\n|-damage|p2b: Milotic|58/100\n|-damage|p1b: Kingambit|27/100\n|move|p1b: Kingambit|Guillotine|p2a: Garchomp\n|-damage|p2a: Garchomp|0 fnt\n|-damage|p1b: Kingambit|15/100|[from] ability: Rough Skin|[of] p2a: Garchomp\n|faint|p2a: Garchomp\n|-ohko\n|move|p2b: Milotic|Scald|p1a: Hawlucha\n|-damage|p1a: Hawlucha|67/100\n|\n|-heal|p2b: Milotic|64/100|[from] item: Leftovers\n|upkeep\n|\n|t:|1776642342\n|switch|p2a: Floette|Floette-Eternal, L50, F|100/100\n|turn|2\n|\n|t:|1776642357\n|detailschange|p2a: Floette|Floette-Mega, L50, F\n|-mega|p2a: Floette|Floette|Floettite\n|-ability|p2a: Floette|Fairy Aura\n|move|p1a: Hawlucha|Rock Slide|p2a: Floette|[spread] p2a,p2b\n|-damage|p2a: Floette|75/100\n|-damage|p2b: Milotic|45/100\n|move|p2a: Floette|Dazzling Gleam|p1a: Hawlucha|[spread] p1a,p1b\n|-supereffective|p1a: Hawlucha|1\n|-damage|p1a: Hawlucha|0 fnt\n|-damage|p1b: Kingambit|0 fnt\n|faint|p1a: Hawlucha\n|faint|p1b: Kingambit\n|cant|p2b: Milotic|flinch\n|\n|-heal|p2b: Milotic|51/100|[from] item: Leftovers\n|upkeep\n|\n|t:|1776642371\n|switch|p1a: Archaludon|Archaludon, L50, M, shiny|100/100\n|switch|p1b: Pelipper|Pelipper, L50, M, shiny|100/100\n|-weather|RainDance|[from] ability: Drizzle|[of] p1b: Pelipper\n|turn|3\n|\n|t:|1776642385\n|switch|p2a: Aegislash|Aegislash, L50, F, shiny|100/100\n|move|p1a: Archaludon|Protect|p1a: Archaludon\n|-singleturn|p1a: Archaludon|Protect\n|move|p1b: Pelipper|Tailwind|p1b: Pelipper\n|-sidestart|p1: iwfghw|move: Tailwind\n|move|p2b: Milotic|Icy Wind|p1a: Archaludon|[spread] \n|-activate|p1a: Archaludon|move: Protect\n|-miss|p2b: Milotic|p1b: Pelipper\n|\n|-weather|RainDance|[upkeep]\n|-heal|p2b: Milotic|57/100|[from] item: Leftovers\n|upkeep\n|turn|4\n|inactive|iwfghw has 30 seconds left.\n|\n|t:|1776642412\n|move|p2a: Aegislash|King's Shield|p2a: Aegislash\n|-singleturn|p2a: Aegislash|Protect\n|move|p1b: Pelipper|Hurricane|p2a: Aegislash\n|-activate|p2a: Aegislash|move: Protect\n|move|p1a: Archaludon|Electro Shot||[still]\n|-prepare|p1a: Archaludon|Electro Shot\n|-boost|p1a: Archaludon|spa|1\n|-anim|p1a: Archaludon|Electro Shot|p2a: Aegislash\n|-activate|p2a: Aegislash|move: Protect\n|move|p2b: Milotic|Icy Wind|p1b: Pelipper|[spread] p1a,p1b\n|-damage|p1a: Archaludon|89/100\n|-damage|p1b: Pelipper|87/100\n|-unboost|p1a: Archaludon|spe|1\n|-unboost|p1b: Pelipper|spe|1\n|-ability|p1a: Archaludon|Stamina|boost\n|-boost|p1a: Archaludon|def|1\n|\n|-weather|RainDance|[upkeep]\n|-heal|p2b: Milotic|63/100|[from] item: Leftovers\n|upkeep\n|turn|5\n|inactive|otherjacob has 30 seconds left.\n|\n|t:|1776642441\n|move|p1b: Pelipper|Hurricane|p2a: Aegislash\n|-resisted|p2a: Aegislash|1\n|-damage|p2a: Aegislash|81/100\n|move|p1a: Archaludon|Electro Shot||[still]\n|-prepare|p1a: Archaludon|Electro Shot\n|-boost|p1a: Archaludon|spa|1\n|-anim|p1a: Archaludon|Electro Shot|p2a: Aegislash\n|-damage|p2a: Aegislash|0 fnt\n|faint|p2a: Aegislash\n|move|p2b: Milotic|Icy Wind|p1a: Archaludon|[spread] p1a,p1b\n|-damage|p1a: Archaludon|77/100\n|-damage|p1b: Pelipper|73/100\n|-unboost|p1a: Archaludon|spe|1\n|-unboost|p1b: Pelipper|spe|1\n|-ability|p1a: Archaludon|Stamina|boost\n|-boost|p1a: Archaludon|def|1\n|\n|-weather|RainDance|[upkeep]\n|-heal|p2b: Milotic|69/100|[from] item: Leftovers\n|upkeep\n|\n|t:|1776642452\n|switch|p2a: Floette|Floette-Mega, L50, F|75/100\n|-ability|p2a: Floette|Fairy Aura\n|turn|6\n|\n|t:|1776642468\n|move|p2a: Floette|Protect|p2a: Floette\n|-singleturn|p2a: Floette|Protect\n|move|p1a: Archaludon|Flash Cannon|p2a: Floette\n|-activate|p2a: Floette|move: Protect\n|move|p1b: Pelipper|Hurricane|p2b: Milotic\n|-damage|p2b: Milotic|40/100\n|move|p2b: Milotic|Icy Wind|p1a: Archaludon|[spread] p1a,p1b\n|-damage|p1a: Archaludon|66/100\n|-damage|p1b: Pelipper|59/100\n|-unboost|p1a: Archaludon|spe|1\n|-unboost|p1b: Pelipper|spe|1\n|-ability|p1a: Archaludon|Stamina|boost\n|-boost|p1a: Archaludon|def|1\n|\n|-weather|RainDance|[upkeep]\n|-heal|p2b: Milotic|46/100|[from] item: Leftovers\n|-sideend|p1: iwfghw|move: Tailwind\n|upkeep\n|turn|7\n|inactive|otherjacob has 30 seconds left.\n|\n|t:|1776642494\n|move|p2b: Milotic|Helping Hand|p2a: Floette\n|-singleturn|p2a: Floette|Helping Hand|[of] p2b: Milotic\n|move|p2a: Floette|Dazzling Gleam|p1b: Pelipper|[spread] p1a,p1b\n|-damage|p1a: Archaludon|0 fnt\n|-damage|p1b: Pelipper|0 fnt\n|faint|p1a: Archaludon\n|faint|p1b: Pelipper\n|\n|win|otherjacob\n|raw|iwfghw's rating: 1104 &rarr; <strong>1080</strong><br />(-24 for losing)\n|raw|otherjacob's rating: 1118 &rarr; <strong>1142</strong><br />(+24 for winning)\n",
  "uploadtime": 1776642499,
  "views": 7,
  "formatid": "gen9championsvgc2026regma",
  "rating": 1080,
  "private": 0,
  "password": null
}