{
  "id": "gen9championsvgc2026regma-2582680425",
  "format": "[Gen 9 Champions] VGC 2026 Reg M-A",
  "players": [
    "alolatiago",
    "DonkeyVGCP"
  ],
  "log": "|j|\u2606alolatiago\n|j|\u2606DonkeyVGCP\n|t:|1776106866\n|gametype|doubles\n|player|p1|alolatiago|hilbert-wonderlauncher|1099\n|player|p2|DonkeyVGCP|265|1162\n|gen|9\n|tier|[Gen 9 Champions] VGC 2026 Reg M-A\n|rated|\n|rule|Species Clause: Limit one of each Pok\u00e9mon\n|rule|Item Clause: Limit 1 of each item\n|clearpoke\n|poke|p1|Tsareena, L50, F|\n|poke|p1|Aromatisse, L50, F|\n|poke|p1|Aegislash, L50, M|\n|poke|p1|Incineroar, L50, M|\n|poke|p1|Crabominable, L50, M|\n|poke|p1|Aurorus, L50, F|\n|poke|p2|Gengar, L50, M|\n|poke|p2|Maushold-Four, L50|\n|poke|p2|Incineroar, L50, F|\n|poke|p2|Orthworm, L50, F|\n|poke|p2|Garchomp, L50, F|\n|poke|p2|Aerodactyl, L50, M|\n|teampreview|4\n|inactive|Battle timer is ON: inactive players will automatically lose when time's up. (requested by alolatiago)\n|inactive|DonkeyVGCP has 60 seconds left.\n|\n|t:|1776106904\n|teamsize|p1|4\n|teamsize|p2|4\n|start\n|switch|p1a: Incineroar|Incineroar, L50, M|100/100\n|switch|p1b: Aromatisse|Aromatisse, L50, F|100/100\n|switch|p2a: Gengar|Gengar, L50, M|100/100\n|switch|p2b: Maushold|Maushold-Four, L50|100/100\n|-ability|p1a: Incineroar|Intimidate|boost\n|-unboost|p2a: Gengar|atk|1\n|-unboost|p2b: Maushold|atk|1\n|turn|1\n|\n|t:|1776106921\n|detailschange|p2a: Gengar|Gengar-Mega, L50, M\n|-mega|p2a: Gengar|Gengar|Gengarite\n|move|p1a: Incineroar|Fake Out|p2b: Maushold\n|-damage|p2b: Maushold|87/100\n|cant|p2b: Maushold|flinch\n|move|p2a: Gengar|Nasty Plot|p2a: Gengar\n|-boost|p2a: Gengar|spa|2\n|move|p1b: Aromatisse|Trick Room|p1b: Aromatisse\n|-fieldstart|move: Trick Room|[of] p1b: Aromatisse\n|\n|upkeep\n|turn|2\n|\n|t:|1776106946\n|switch|p2b: Incineroar|Incineroar, L50, F|100/100\n|-ability|p2b: Incineroar|Intimidate|boost\n|-unboost|p1a: Incineroar|atk|1\n|-unboost|p1b: Aromatisse|atk|1\n|move|p2a: Gengar|Protect|p2a: Gengar\n|-singleturn|p2a: Gengar|Protect\n|move|p1b: Aromatisse|Moonblast|p2b: Incineroar\n|-damage|p2b: Incineroar|62/100\n|move|p1a: Incineroar|Darkest Lariat|p2a: Gengar\n|-activate|p2a: Gengar|move: Protect\n|\n|upkeep\n|turn|3\n|inactive|DonkeyVGCP has 30 seconds left.\n|inactive|DonkeyVGCP has 20 seconds left.\n|inactive|DonkeyVGCP has 15 seconds left.\n|inactive|DonkeyVGCP has 10 seconds left.\n|\n|t:|1776106992\n|switch|p2b: Orthworm|Orthworm, L50, F|100/100\n|move|p1b: Aromatisse|Ally Switch|p1b: Aromatisse\n|swap|p1b: Aromatisse|0|[from] move: Ally Switch\n|move|p1b: Incineroar|Darkest Lariat|p2a: Gengar\n|-supereffective|p2a: Gengar|1\n|-damage|p2a: Gengar|29/100\n|move|p2a: Gengar|Sludge Wave|p1b: Incineroar|[spread] p1a,p1b\n|-immune|p2b: Orthworm\n|-supereffective|p1a: Aromatisse|1\n|-damage|p1a: Aromatisse|0 fnt\n|-damage|p1b: Incineroar|22/100\n|-status|p1b: Incineroar|psn\n|-enditem|p1b: Incineroar|Sitrus Berry|[eat]\n|-heal|p1b: Incineroar|47/100 psn|[from] item: Sitrus Berry\n|faint|p1a: Aromatisse\n|\n|-damage|p1b: Incineroar|35/100 psn|[from] psn\n|upkeep\n|\n|t:|1776107006\n|switch|p1a: Crabominable|Crabominable, L50, M|100/100\n|turn|4\n|\n|t:|1776107018\n|detailschange|p1a: Crabominable|Crabominable-Mega, L50, M\n|-mega|p1a: Crabominable|Crabominable|Crabominite\n|move|p2b: Orthworm|Protect|p2b: Orthworm\n|-singleturn|p2b: Orthworm|Protect\n|move|p2a: Gengar|Protect|p2a: Gengar\n|-singleturn|p2a: Gengar|Protect\n|move|p1a: Crabominable|Drain Punch|p2b: Orthworm\n|-activate|p2b: Orthworm|move: Protect\n|move|p1b: Incineroar|Darkest Lariat|p2a: Gengar\n|-activate|p2a: Gengar|move: Protect\n|\n|-damage|p1b: Incineroar|22/100 psn|[from] psn\n|upkeep\n|turn|5\n|\n|t:|1776107042\n|switch|p2a: Maushold|Maushold-Four, L50|87/100\n|move|p1a: Crabominable|Drain Punch|p2b: Orthworm\n|-supereffective|p2b: Orthworm|1\n|-damage|p2b: Orthworm|37/100\n|-enditem|p2b: Orthworm|Sitrus Berry|[eat]\n|-heal|p2b: Orthworm|62/100|[from] item: Sitrus Berry\n|move|p1b: Incineroar|Darkest Lariat|p2a: Maushold\n|-damage|p2a: Maushold|57/100\n|move|p2b: Orthworm|Shed Tail|p2b: Orthworm\n|-start|p2b: Orthworm|Substitute|[from] move: Shed Tail\n|-damage|p2b: Orthworm|12/100\n|\n|t:|1776107056\n|switch|p2b: Gengar|Gengar-Mega, L50, M|29/100|[from] Shed Tail\n|\n|-damage|p1b: Incineroar|10/100 psn|[from] psn\n|-fieldend|move: Trick Room\n|upkeep\n|turn|6\n|\n|t:|1776107070\n|move|p2a: Maushold|Follow Me|p2a: Maushold\n|-singleturn|p2a: Maushold|move: Follow Me\n|move|p1a: Crabominable|Mach Punch|p2a: Maushold\n|-supereffective|p2a: Maushold|1\n|-enditem|p2a: Maushold|Chople Berry|[eat]\n|-enditem|p2a: Maushold|Chople Berry|[weaken]\n|-damage|p2a: Maushold|14/100\n|move|p2b: Gengar|Nasty Plot|p2b: Gengar\n|-boost|p2b: Gengar|spa|2\n|move|p1b: Incineroar|Darkest Lariat|p2a: Maushold\n|-damage|p2a: Maushold|0 fnt\n|faint|p2a: Maushold\n|\n|-damage|p1b: Incineroar|0 fnt|[from] psn\n|faint|p1b: Incineroar\n|upkeep\n|\n|t:|1776107089\n|switch|p2a: Orthworm|Orthworm, L50, F|12/100\n|switch|p1b: Aurorus|Aurorus, L50, F|100/100\n|-weather|Snowscape|[from] ability: Snow Warning|[of] p1b: Aurorus\n|turn|7\n|\n|t:|1776107098\n|move|p2a: Orthworm|Helping Hand|p2b: Gengar\n|-singleturn|p2b: Gengar|Helping Hand|[of] p2a: Orthworm\n|move|p1a: Crabominable|Mach Punch|p2a: Orthworm\n|-supereffective|p2a: Orthworm|1\n|-damage|p2a: Orthworm|0 fnt\n|faint|p2a: Orthworm\n|move|p2b: Gengar|Sludge Wave|p1b: Aurorus|[spread] p1a,p1b\n|-resisted|p1b: Aurorus|1\n|-damage|p1a: Crabominable|0 fnt\n|-damage|p1b: Aurorus|49/100\n|faint|p1a: Crabominable\n|move|p1b: Aurorus|Aurora Veil|p1b: Aurorus\n|-sidestart|p1: alolatiago|move: Aurora Veil\n|\n|-weather|Snowscape|[upkeep]\n|upkeep\n|\n|t:|1776107109\n|switch|p2a: Incineroar|Incineroar, L50, F|62/100\n|-ability|p2a: Incineroar|Intimidate|boost\n|-unboost|p1b: Aurorus|atk|1\n|turn|8\n|\n|t:|1776107116\n|move|p1b: Aurorus|Protect|p1b: Aurorus\n|-singleturn|p1b: Aurorus|Protect\n|move|p2a: Incineroar|Fake Out|p1b: Aurorus\n|-activate|p1b: Aurorus|move: Protect\n|move|p2b: Gengar|Shadow Ball|p1b: Aurorus\n|-activate|p1b: Aurorus|move: Protect\n|\n|-weather|Snowscape|[upkeep]\n|upkeep\n|turn|9\n|\n|t:|1776107125\n|move|p2b: Gengar|Shadow Ball|p1b: Aurorus\n|-damage|p1b: Aurorus|0 fnt\n|faint|p1b: Aurorus\n|\n|win|DonkeyVGCP\n|raw|alolatiago's rating: 1099 &rarr; <strong>1079</strong><br />(-20 for losing)\n|raw|DonkeyVGCP's rating: 1162 &rarr; <strong>1183</strong><br />(+21 for winning)\n|l|\u2606alolatiago\n|player|p1|\n",
  "uploadtime": 1776107130,
  "views": 13,
  "formatid": "gen9championsvgc2026regma",
  "rating": 1079,
  "private": 0,
  "password": null
}