{
  "id": "gen9championsvgc2026regma-2589460862",
  "format": "[Gen 9 Champions] VGC 2026 Reg M-A",
  "players": [
    "MrMythicorn",
    "dutch1234"
  ],
  "log": "|j|\u2606MrMythicorn\n|j|\u2606dutch1234\n|t:|1776724977\n|gametype|doubles\n|player|p1|MrMythicorn|shauna-masters|1140\n|player|p2|dutch1234|102|1089\n|gen|9\n|tier|[Gen 9 Champions] VGC 2026 Reg M-A\n|rated|\n|rule|Species Clause: Limit one of each Pok\u00e9mon\n|rule|Item Clause: Limit 1 of each item\n|clearpoke\n|poke|p1|Emboar, L50, F|\n|poke|p1|Aerodactyl, L50, F, shiny|\n|poke|p1|Azumarill, L50, M, shiny|\n|poke|p1|Reuniclus, L50, F, shiny|\n|poke|p1|Mimikyu, L50, M, shiny|\n|poke|p1|Scovillain, L50, M|\n|poke|p2|Gengar, L50, F, shiny|\n|poke|p2|Mimikyu, L50, M|\n|poke|p2|Incineroar, L50, M, shiny|\n|poke|p2|Sneasler, L50, F, shiny|\n|poke|p2|Sinistcha, L50, shiny|\n|poke|p2|Aerodactyl, L50, F, shiny|\n|teampreview|4\n|inactive|Battle timer is ON: inactive players will automatically lose when time's up. (requested by MrMythicorn)\n|inactive|MrMythicorn has 60 seconds left.\n|\n|t:|1776725016\n|teamsize|p1|4\n|teamsize|p2|4\n|start\n|switch|p1a: Jam|Reuniclus, L50, F, shiny|100/100\n|switch|p1b: Ham|Emboar, L50, F|100/100\n|switch|p2a: Gengar|Gengar, L50, F, shiny|100/100\n|switch|p2b: Incineroar|Incineroar, L50, M, shiny|100/100\n|-ability|p2b: Incineroar|Intimidate|boost\n|-unboost|p1a: Jam|atk|1\n|-unboost|p1b: Ham|atk|1\n|turn|1\n|\n|t:|1776725036\n|detailschange|p2a: Gengar|Gengar-Mega, L50, F, shiny\n|-mega|p2a: Gengar|Gengar|Gengarite\n|detailschange|p1b: Ham|Emboar-Mega, L50, F\n|-mega|p1b: Ham|Emboar|Emboarite\n|-ability|p1b: Ham|Mold Breaker\n|move|p2b: Incineroar|Fake Out|p1a: Jam\n|-damage|p1a: Jam|90/100\n|move|p2a: Gengar|Perish Song|p2a: Gengar\n|-start|p1a: Jam|perish3|[silent]\n|-start|p1b: Ham|perish3|[silent]\n|-start|p2a: Gengar|perish3|[silent]\n|-start|p2b: Incineroar|perish3|[silent]\n|-fieldactivate|move: Perish Song\n|move|p1b: Ham|Flare Blitz|p2a: Gengar\n|-damage|p2a: Gengar|28/100\n|-status|p2a: Gengar|brn\n|-damage|p1b: Ham|85/100|[from] Recoil\n|cant|p1a: Jam|flinch\n|\n|-damage|p2a: Gengar|22/100 brn|[from] brn\n|-start|p2a: Gengar|perish3\n|-start|p1b: Ham|perish3\n|-start|p2b: Incineroar|perish3\n|-start|p1a: Jam|perish3\n|upkeep\n|turn|2\n|inactive|MrMythicorn has 30 seconds left.\n|inactive|MrMythicorn has 20 seconds left.\n|inactive|MrMythicorn has 15 seconds left.\n|\n|t:|1776725079\n|move|p2a: Gengar|Protect|p2a: Gengar\n|-singleturn|p2a: Gengar|Protect\n|move|p2b: Incineroar|Protect|p2b: Incineroar\n|-singleturn|p2b: Incineroar|Protect\n|move|p1b: Ham|Close Combat|p2b: Incineroar\n|-activate|p2b: Incineroar|move: Protect\n|move|p1a: Jam|Psychic|p2a: Gengar\n|-activate|p2a: Gengar|move: Protect\n|\n|-damage|p2a: Gengar|16/100 brn|[from] brn\n|-start|p2a: Gengar|perish2\n|-start|p1b: Ham|perish2\n|-start|p2b: Incineroar|perish2\n|-start|p1a: Jam|perish2\n|upkeep\n|turn|3\n|inactive|dutch1234 has 30 seconds left.\n|\n|t:|1776725108\n|switch|p2a: Aerodactyl|Aerodactyl, L50, F, shiny|100/100\n|-ability|p2a: Aerodactyl|Unnerve\n|move|p1b: Ham|Close Combat|p2b: Incineroar\n|-supereffective|p2b: Incineroar|1\n|-damage|p2b: Incineroar|0 fnt\n|-unboost|p1b: Ham|def|1\n|-unboost|p1b: Ham|spd|1\n|faint|p2b: Incineroar\n|move|p1a: Jam|Psychic|p2a: Aerodactyl\n|-damage|p2a: Aerodactyl|35/100\n|\n|-start|p1b: Ham|perish1\n|-start|p1a: Jam|perish1\n|upkeep\n|\n|t:|1776725125\n|switch|p2b: Gengar|Gengar-Mega, L50, F, shiny|16/100 brn\n|turn|4\n|\n|t:|1776725145\n|move|p2a: Aerodactyl|Protect|p2a: Aerodactyl\n|-singleturn|p2a: Aerodactyl|Protect\n|move|p2b: Gengar|Protect|p2b: Gengar\n|-singleturn|p2b: Gengar|Protect\n|move|p1b: Ham|Close Combat|p2a: Aerodactyl\n|-activate|p2a: Aerodactyl|move: Protect\n|move|p1a: Jam|Trick Room|p1a: Jam\n|-fieldstart|move: Trick Room|[of] p1a: Jam\n|\n|-damage|p2b: Gengar|10/100 brn|[from] brn\n|-start|p1a: Jam|perish0\n|-start|p1b: Ham|perish0\n|faint|p1a: Jam\n|faint|p1b: Ham\n|upkeep\n|\n|t:|1776725152\n|switch|p1a: Egg|Azumarill, L50, M, shiny|100/100\n|switch|p1b: Chicken|Aerodactyl, L50, F, shiny|100/100\n|-ability|p1b: Chicken|Unnerve\n|turn|5\n|\n|t:|1776725168\n|move|p1a: Egg|Aqua Jet|p2b: Gengar\n|-damage|p2b: Gengar|0 fnt\n|faint|p2b: Gengar\n|move|p2a: Aerodactyl|Rock Slide|p1a: Egg|[spread] p1a,p1b\n|-supereffective|p1b: Chicken|1\n|-damage|p1a: Egg|74/100\n|-damage|p1b: Chicken|27/100\n|move|p1b: Chicken|Rock Slide|p2a: Aerodactyl\n|-supereffective|p2a: Aerodactyl|1\n|-damage|p2a: Aerodactyl|0 fnt\n|faint|p2a: Aerodactyl\n|\n|upkeep\n|\n|t:|1776725188\n|switch|p2b: Mimikyu|Mimikyu, L50, M|100/100\n|turn|6\n|\n|t:|1776725210\n|move|p2b: Mimikyu|Shadow Sneak|p1b: Chicken\n|-damage|p1b: Chicken|2/100\n|move|p1a: Egg|Belly Drum|p1a: Egg\n|-damage|p1a: Egg|25/100\n|-setboost|p1a: Egg|atk|6|[from] move: Belly Drum\n|-enditem|p1a: Egg|Sitrus Berry|[eat]\n|-heal|p1a: Egg|49/100|[from] item: Sitrus Berry\n|move|p1b: Chicken|Dual Wingbeat|p2b: Mimikyu\n|-activate|p2b: Mimikyu|ability: Disguise\n|-damage|p2b: Mimikyu|100/100\n|detailschange|p2b: Mimikyu|Mimikyu-Busted, L50, M\n|-damage|p2b: Mimikyu|88/100|[from] pokemon: Mimikyu-Busted\n|-crit|p2b: Mimikyu\n|-damage|p2b: Mimikyu|41/100\n|-hitcount|p2b: Mimikyu|2\n|\n|upkeep\n|turn|7\n|-message|dutch1234 forfeited.\n|\n|win|MrMythicorn\n|raw|MrMythicorn's rating: 1140 &rarr; <strong>1161</strong><br />(+21 for winning)\n|raw|dutch1234's rating: 1089 &rarr; <strong>1069</strong><br />(-20 for losing)\n|l|\u2606dutch1234\n|player|p2|\n",
  "uploadtime": 1776725249,
  "views": 11,
  "formatid": "gen9championsvgc2026regma",
  "rating": 1069,
  "private": 0,
  "password": null
}