{
  "id": "gen9championsvgc2026regma-2588560878",
  "format": "[Gen 9 Champions] VGC 2026 Reg M-A",
  "players": [
    "Ranmados",
    "CoffeeMoffee"
  ],
  "log": "|j|\u2606Ranmados\n|j|\u2606CoffeeMoffee\n|t:|1776645090\n|gametype|doubles\n|player|p1|Ranmados|coin|1310\n|player|p2|CoffeeMoffee|scientist|1363\n|gen|9\n|tier|[Gen 9 Champions] VGC 2026 Reg M-A\n|rated|\n|rule|Species Clause: Limit one of each Pok\u00e9mon\n|rule|Item Clause: Limit 1 of each item\n|clearpoke\n|poke|p1|Zoroark-Hisui, L50, M|\n|poke|p1|Kangaskhan, L50, F|\n|poke|p1|Charizard, L50, M|\n|poke|p1|Garchomp, L50, F|\n|poke|p1|Kingambit, L50, M|\n|poke|p1|Aerodactyl, L50, M|\n|poke|p2|Charizard, L50, M, shiny|\n|poke|p2|Aerodactyl, L50, M, shiny|\n|poke|p2|Basculegion, L50, M, shiny|\n|poke|p2|Sneasler, L50, M, shiny|\n|poke|p2|Garchomp, L50, F, shiny|\n|poke|p2|Kingambit, L50, F, shiny|\n|teampreview|4\n|inactive|Battle timer is ON: inactive players will automatically lose when time's up. (requested by CoffeeMoffee)\n|inactive|Ranmados has 60 seconds left.\n|inactive|CoffeeMoffee has 60 seconds left.\n|\n|t:|1776645123\n|teamsize|p1|4\n|teamsize|p2|4\n|start\n|switch|p1a: Kangaskhan|Kangaskhan, L50, F|100/100\n|switch|p1b: Aerodactyl|Aerodactyl, L50, M|100/100\n|switch|p2a: Aerodactyl|Aerodactyl, L50, M, shiny|100/100\n|switch|p2b: Basculegion|Basculegion, L50, M, shiny|100/100\n|-ability|p1b: Aerodactyl|Unnerve\n|-ability|p2a: Aerodactyl|Unnerve\n|turn|1\n|inactive|CoffeeMoffee has 30 seconds left.\n|\n|t:|1776645151\n|switch|p1b: Kingambit|Kingambit, L50, M|100/100\n|move|p2a: Aerodactyl|Protect|p2a: Aerodactyl\n|-singleturn|p2a: Aerodactyl|Protect\n|move|p1a: Kangaskhan|Bitter Malice|p2b: Basculegion\n|-supereffective|p2b: Basculegion|1\n|-damage|p2b: Basculegion|14/100\n|-unboost|p2b: Basculegion|atk|1\n|move|p2b: Basculegion|Flip Turn|p1b: Kingambit\n|-damage|p1b: Kingambit|78/100\n|\n|t:|1776645164\n|switch|p2b: Sneasler|Sneasler, L50, M, shiny|100/100|[from] Flip Turn\n|\n|upkeep\n|turn|2\n|inactive|Ranmados has 30 seconds left.\n|inactive|CoffeeMoffee has 30 seconds left.\n|inactive|CoffeeMoffee has 20 seconds left.\n|\n|t:|1776645204\n|switch|p1a: Kangaskhan|Kangaskhan, L50, F|100/100\n|move|p1b: Kingambit|Protect|p1b: Kingambit\n|-singleturn|p1b: Kingambit|Protect\n|move|p2a: Aerodactyl|Tailwind|p2a: Aerodactyl\n|-sidestart|p2: CoffeeMoffee|move: Tailwind\n|move|p2b: Sneasler|Dire Claw|p1a: Kangaskhan\n|-damage|p1a: Kangaskhan|60/100\n|\n|upkeep\n|turn|3\n|\n|t:|1776645222\n|detailschange|p1a: Kangaskhan|Kangaskhan-Mega, L50, F\n|-mega|p1a: Kangaskhan|Kangaskhan|Kangaskhanite\n|move|p2a: Aerodactyl|Protect|p2a: Aerodactyl\n|-singleturn|p2a: Aerodactyl|Protect\n|move|p1a: Kangaskhan|Fake Out|p2b: Sneasler\n|-damage|p2b: Sneasler|60/100\n|-damage|p2b: Sneasler|51/100\n|-hitcount|p2b: Sneasler|2\n|cant|p2b: Sneasler|flinch\n|move|p1b: Kingambit|Iron Head|p2b: Sneasler\n|-damage|p2b: Sneasler|0 fnt\n|faint|p2b: Sneasler\n|\n|upkeep\n|\n|t:|1776645232\n|switch|p2b: Charizard|Charizard, L50, M, shiny|100/100\n|turn|4\n|\n|t:|1776645247\n|detailschange|p2b: Charizard|Charizard-Mega-Y, L50, M, shiny\n|-mega|p2b: Charizard|Charizard|Charizardite Y\n|-weather|SunnyDay|[from] ability: Drought|[of] p2b: Charizard\n|move|p1b: Kingambit|Protect|p1b: Kingambit\n|-singleturn|p1b: Kingambit|Protect\n|move|p1a: Kangaskhan|Sucker Punch|p2a: Aerodactyl\n|-damage|p2a: Aerodactyl|60/100\n|-damage|p2a: Aerodactyl|51/100\n|-hitcount|p2a: Aerodactyl|2\n|move|p2a: Aerodactyl|Dual Wingbeat|p1a: Kangaskhan\n|-crit|p1a: Kangaskhan\n|-damage|p1a: Kangaskhan|36/100\n|-damage|p1a: Kangaskhan|20/100\n|-hitcount|p1a: Kangaskhan|2\n|move|p2b: Charizard|Heat Wave|p1b: Kingambit|[spread] p1a\n|-activate|p1b: Kingambit|move: Protect\n|-damage|p1a: Kangaskhan|0 fnt\n|faint|p1a: Kangaskhan\n|\n|-weather|SunnyDay|[upkeep]\n|upkeep\n|\n|t:|1776645255\n|switch|p1a: Aerodactyl|Aerodactyl, L50, M|100/100\n|-ability|p1a: Aerodactyl|Unnerve\n|turn|5\n|inactive|CoffeeMoffee has 30 seconds left.\n|inactive|CoffeeMoffee has 20 seconds left.\n|\n|t:|1776645293\n|move|p1b: Kingambit|Sucker Punch|p2a: Aerodactyl\n|-damage|p2a: Aerodactyl|0 fnt\n|faint|p2a: Aerodactyl\n|move|p2b: Charizard|Heat Wave|p1b: Kingambit|[spread] p1a,p1b\n|-resisted|p1a: Aerodactyl|1\n|-supereffective|p1b: Kingambit|1\n|-damage|p1a: Aerodactyl|51/100\n|-damage|p1b: Kingambit|0 fnt\n|faint|p1b: Kingambit\n|move|p1a: Aerodactyl|Tailwind|p1a: Aerodactyl\n|-sidestart|p1: Ranmados|move: Tailwind\n|\n|-weather|SunnyDay|[upkeep]\n|-sideend|p2: CoffeeMoffee|move: Tailwind\n|upkeep\n|\n|t:|1776645298\n|switch|p2a: Basculegion|Basculegion, L50, M, shiny|14/100\n|switch|p1b: Zoroark|Zoroark-Hisui, L50, M|100/100\n|turn|6\n|\n|t:|1776645312\n|move|p1a: Aerodactyl|Protect|p1a: Aerodactyl\n|-singleturn|p1a: Aerodactyl|Protect\n|move|p2b: Charizard|Protect|p2b: Charizard\n|-singleturn|p2b: Charizard|Protect\n|move|p1b: Zoroark|Bitter Malice|p2a: Basculegion\n|-supereffective|p2a: Basculegion|1\n|-damage|p2a: Basculegion|0 fnt\n|faint|p2a: Basculegion\n|\n|-weather|SunnyDay|[upkeep]\n|upkeep\n|turn|7\n|c|\u2606CoffeeMoffee|gg\n|c|\u2606Ranmados|gg\n|-message|CoffeeMoffee forfeited.\n|\n|win|Ranmados\n|raw|Ranmados's rating: 1310 &rarr; <strong>1333</strong><br />(+23 for winning)\n|raw|CoffeeMoffee's rating: 1363 &rarr; <strong>1340</strong><br />(-23 for losing)\n|l|\u2606CoffeeMoffee\n|player|p2|\n",
  "uploadtime": 1776645323,
  "views": 8,
  "formatid": "gen9championsvgc2026regma",
  "rating": 1333,
  "private": 0,
  "password": null
}