{
  "id": "gen9championsvgc2026regma-2587008659",
  "format": "[Gen 9 Champions] VGC 2026 Reg M-A",
  "players": [
    "acekiller345",
    "aznkiri"
  ],
  "log": "|j|\u203dacekiller345\n|j|\u2606aznkiri\n|t:|1776480745\n|gametype|doubles\n|player|p1|acekiller345|2|1052\n|player|p2|aznkiri|hilbert|1018\n|gen|9\n|tier|[Gen 9 Champions] VGC 2026 Reg M-A\n|rated|\n|rule|Species Clause: Limit one of each Pok\u00e9mon\n|rule|Item Clause: Limit 1 of each item\n|clearpoke\n|poke|p1|Gengar, L50, F|\n|poke|p1|Garchomp, L50, F|\n|poke|p1|Sneasler, L50, F|\n|poke|p1|Kingambit, L50, M|\n|poke|p1|Froslass, L50, F|\n|poke|p1|Basculegion, L50, M|\n|poke|p2|Heliolisk, L50, M|\n|poke|p2|Corviknight, L50, M|\n|poke|p2|Sneasler, L50, M|\n|poke|p2|Gyarados, L50, F|\n|poke|p2|Chandelure, L50, M|\n|poke|p2|Whimsicott, L50, F|\n|teampreview|4\n|inactive|Battle timer is ON: inactive players will automatically lose when time's up. (requested by acekiller345)\nacekiller345 rejected open team sheets.\n|inactive|acekiller345 has 60 seconds left.\n|\n|t:|1776480832\n|teamsize|p1|4\n|teamsize|p2|4\n|start\n|switch|p1a: Sneasler|Sneasler, L50, F|100/100\n|switch|p1b: Gengar|Gengar, L50, F, shiny|100/100\n|switch|p2a: Whimsicott|Whimsicott, L50, F|100/100\n|switch|p2b: Heliolisk|Heliolisk, L50, M|100/100\n|turn|1\n|\n|t:|1776480855\n|switch|p2b: Chandelure|Chandelure, L50, M|100/100\n|detailschange|p1b: Gengar|Gengar-Mega, L50, F, shiny\n|-mega|p1b: Gengar|Gengar|Gengarite\n|move|p2a: Whimsicott|Protect|p2a: Whimsicott\n|-singleturn|p2a: Whimsicott|Protect\n|move|p1a: Sneasler|Fake Out|p2a: Whimsicott\n|-activate|p2a: Whimsicott|move: Protect\n|move|p1b: Gengar|Sludge Wave|p2a: Whimsicott|[spread] p1a,p2b\n|-activate|p2a: Whimsicott|move: Protect\n|-resisted|p1a: Sneasler|1\n|-crit|p1a: Sneasler\n|-resisted|p2b: Chandelure|1\n|-damage|p1a: Sneasler|62/100\n|-damage|p2b: Chandelure|75/100\n|\n|upkeep\n|turn|2\n|\n|t:|1776480875\n|detailschange|p2b: Chandelure|Chandelure-Mega, L50, M\n|-mega|p2b: Chandelure|Chandelure|Chandelurite\n|move|p2a: Whimsicott|Tailwind|p2a: Whimsicott\n|-sidestart|p2: aznkiri|move: Tailwind\n|move|p2b: Chandelure|Shadow Ball|p1b: Gengar\n|-supereffective|p1b: Gengar|1\n|-damage|p1b: Gengar|0 fnt\n|faint|p1b: Gengar\n|move|p1a: Sneasler|Dire Claw|p2a: Whimsicott\n|-supereffective|p2a: Whimsicott|2\n|-enditem|p2a: Whimsicott|Focus Sash\n|-damage|p2a: Whimsicott|1/100\n|-status|p2a: Whimsicott|slp\n|\n|upkeep\n|\n|t:|1776480886\n|switch|p1b: Kingambit|Kingambit, L50, M|100/100\n|turn|3\n|\n|t:|1776480903\n|cant|p2a: Whimsicott|slp\n|move|p2b: Chandelure|Protect|p2b: Chandelure\n|-singleturn|p2b: Chandelure|Protect\n|move|p1a: Sneasler|Protect|p1a: Sneasler\n|-singleturn|p1a: Sneasler|Protect\n|move|p1b: Kingambit|Sucker Punch||[still]\n|-fail|p1b: Kingambit\n|\n|upkeep\n|turn|4\n|\n|t:|1776480921\n|switch|p2b: Corviknight|Corviknight, L50, M|100/100\n|-curestatus|p2a: Whimsicott|slp|[msg]\n|move|p2a: Whimsicott|Encore|p1b: Kingambit\n|-hint|Since gen 7, Dark is immune to Prankster moves.\n|-immune|p1b: Kingambit\n|move|p1b: Kingambit|Sucker Punch||[still]\n|-fail|p1b: Kingambit\n|move|p1a: Sneasler|Dire Claw|p2a: Whimsicott\n|-supereffective|p2a: Whimsicott|2\n|-damage|p2a: Whimsicott|0 fnt\n|faint|p2a: Whimsicott\n|\n|upkeep\n|\n|t:|1776480942\n|switch|p2a: Chandelure|Chandelure-Mega, L50, M|75/100\n|turn|5\n|\n|t:|1776480963\n|switch|p2a: Heliolisk|Heliolisk, L50, M|100/100\n|switch|p1a: Garchomp|Garchomp, L50, F|100/100\n|move|p1b: Kingambit|Sucker Punch||[still]\n|-fail|p1b: Kingambit\n|move|p2b: Corviknight|Iron Defense|p2b: Corviknight\n|-boost|p2b: Corviknight|def|2\n|\n|-sideend|p2: aznkiri|move: Tailwind\n|upkeep\n|turn|6\n|\n|t:|1776480975\n|move|p2a: Heliolisk|Dragon Pulse|p1a: Garchomp\n|-supereffective|p1a: Garchomp|1\n|-damage|p1a: Garchomp|49/100\n|-enditem|p1a: Garchomp|Sitrus Berry|[eat]\n|-heal|p1a: Garchomp|74/100|[from] item: Sitrus Berry\n|move|p1a: Garchomp|Rock Slide|p2a: Heliolisk|[spread] p2a,p2b\n|-damage|p2a: Heliolisk|57/100\n|-damage|p2b: Corviknight|94/100\n|move|p2b: Corviknight|Tailwind|p2b: Corviknight\n|-sidestart|p2: aznkiri|move: Tailwind\n|move|p1b: Kingambit|Kowtow Cleave|p2a: Heliolisk\n|-damage|p2a: Heliolisk|0 fnt\n|faint|p2a: Heliolisk\n|\n|-heal|p2b: Corviknight|99/100|[from] item: Leftovers\n|upkeep\n|\n|t:|1776480989\n|switch|p2a: Chandelure|Chandelure-Mega, L50, M|75/100\n|turn|7\n|\n|t:|1776481006\n|move|p2a: Chandelure|Protect|p2a: Chandelure\n|-singleturn|p2a: Chandelure|Protect\n|move|p1b: Kingambit|Sucker Punch||[still]\n|-fail|p1b: Kingambit\n|move|p2b: Corviknight|Body Press|p1a: Garchomp\n|-damage|p1a: Garchomp|32/100\n|-damage|p2b: Corviknight|87/100|[from] ability: Rough Skin|[of] p1a: Garchomp\n|move|p1a: Garchomp|Rock Slide|p2b: Corviknight|[spread] p2b\n|-activate|p2a: Chandelure|move: Protect\n|-damage|p2b: Corviknight|81/100\n|\n|-heal|p2b: Corviknight|87/100|[from] item: Leftovers\n|upkeep\n|turn|8\n|\n|t:|1776481025\n|move|p2a: Chandelure|Protect||[still]\n|-fail|p2a: Chandelure\n|move|p2b: Corviknight|Body Press|p1a: Garchomp\n|-crit|p1a: Garchomp\n|-damage|p1a: Garchomp|0 fnt\n|-damage|p2b: Corviknight|75/100|[from] ability: Rough Skin|[of] p1a: Garchomp\n|faint|p1a: Garchomp\n|move|p1b: Kingambit|Kowtow Cleave|p2a: Chandelure\n|-supereffective|p2a: Chandelure|1\n|-damage|p2a: Chandelure|0 fnt\n|faint|p2a: Chandelure\n|\n|-heal|p2b: Corviknight|80/100|[from] item: Leftovers\n|upkeep\n|\n|t:|1776481035\n|switch|p1a: Sneasler|Sneasler, L50, F|62/100\n|turn|9\n|\n|t:|1776481052\n|move|p1a: Sneasler|Fake Out|p2b: Corviknight\n|-resisted|p2b: Corviknight|1\n|-damage|p2b: Corviknight|78/100\n|cant|p2b: Corviknight|flinch\n|move|p1b: Kingambit|Low Kick|p2b: Corviknight\n|-damage|p2b: Corviknight|67/100\n|\n|-heal|p2b: Corviknight|73/100|[from] item: Leftovers\n|-sideend|p2: aznkiri|move: Tailwind\n|upkeep\n|turn|10\n|\n|t:|1776481068\n|move|p1a: Sneasler|Close Combat|p2b: Corviknight\n|-damage|p2b: Corviknight|46/100\n|-unboost|p1a: Sneasler|def|1\n|-unboost|p1a: Sneasler|spd|1\n|move|p2b: Corviknight|Brave Bird|p1a: Sneasler\n|-supereffective|p1a: Sneasler|1\n|-damage|p1a: Sneasler|0 fnt\n|faint|p1a: Sneasler\n|-damage|p2b: Corviknight|30/100|[from] Recoil\n|move|p1b: Kingambit|Kowtow Cleave|p2b: Corviknight\n|-damage|p2b: Corviknight|14/100\n|\n|-heal|p2b: Corviknight|20/100|[from] item: Leftovers\n|upkeep\n|turn|11\n|\n|t:|1776481086\n|move|p2b: Corviknight|Body Press|p1b: Kingambit\n|-supereffective|p1b: Kingambit|2\n|-enditem|p1b: Kingambit|Chople Berry|[eat]\n|-enditem|p1b: Kingambit|Chople Berry|[weaken]\n|-damage|p1b: Kingambit|35/100\n|move|p1b: Kingambit|Kowtow Cleave|p2b: Corviknight\n|-damage|p2b: Corviknight|3/100\n|\n|-heal|p2b: Corviknight|9/100|[from] item: Leftovers\n|upkeep\n|turn|12\n|\n|t:|1776481097\n|move|p1b: Kingambit|Sucker Punch||[still]\n|-fail|p1b: Kingambit\n|move|p2b: Corviknight|Iron Defense|p2b: Corviknight\n|-boost|p2b: Corviknight|def|2\n|\n|-heal|p2b: Corviknight|15/100|[from] item: Leftovers\n|upkeep\n|turn|13\n|\n|t:|1776481109\n|move|p1b: Kingambit|Sucker Punch|p2b: Corviknight\n|-damage|p2b: Corviknight|6/100\n|move|p2b: Corviknight|Body Press|p1b: Kingambit\n|-supereffective|p1b: Kingambit|2\n|-damage|p1b: Kingambit|0 fnt\n|faint|p1b: Kingambit\n|\n|win|aznkiri\n|raw|acekiller345's rating: 1052 &rarr; <strong>1032</strong><br />(-20 for losing)\n|raw|aznkiri's rating: 1018 &rarr; <strong>1059</strong><br />(+41 for winning)\n|l|\u203dacekiller345\n|player|p1|\n|c|\u2606aznkiri|WOOO\n",
  "uploadtime": 1776481118,
  "views": 16,
  "formatid": "gen9championsvgc2026regma",
  "rating": 1032,
  "private": 0,
  "password": null
}