{
  "id": "gen9championsvgc2026regma-2580731541",
  "format": "[Gen 9 Champions] VGC 2026 Reg M-A",
  "players": [
    "overgrowsceptile13",
    "Umamusume Larper"
  ],
  "log": "|j|\u2606overgrowsceptile13\n|j|\u2606Umamusume Larper\n|t:|1775927901\n|gametype|doubles\n|player|p1|overgrowsceptile13|lucas|1063\n|player|p2|Umamusume Larper|juggler|1165\n|gen|9\n|tier|[Gen 9 Champions] VGC 2026 Reg M-A\n|rated|\n|rule|Species Clause: Limit one of each Pok\u00e9mon\n|rule|Item Clause: Limit 1 of each item\n|clearpoke\n|poke|p1|Camerupt, L50, M|\n|poke|p1|Oranguru, L50, F|\n|poke|p1|Hatterene, L50, F|\n|poke|p1|Araquanid, L50, M|\n|poke|p1|Incineroar, L50, F|\n|poke|p1|Drampa, L50, M|\n|poke|p2|Garchomp, L50, F|\n|poke|p2|Delphox, L50, F|\n|poke|p2|Maushold, L50|\n|poke|p2|Whimsicott, L50, M|\n|poke|p2|Aggron, L50, F|\n|poke|p2|Rotom-Wash, L50|\n|teampreview|4\n|\n|t:|1775927939\n|teamsize|p1|4\n|teamsize|p2|4\n|start\n|switch|p1a: Incineroar|Incineroar, L50, F|100/100\n|switch|p1b: Oranguru|Oranguru, L50, F|100/100\n|switch|p2a: Sweep Tosho|Delphox, L50, F|100/100\n|switch|p2b: TheWifeDoesn'tKnow|Maushold, L50|100/100\n|-ability|p1a: Incineroar|Intimidate|boost\n|-unboost|p2a: Sweep Tosho|atk|1\n|-unboost|p2b: TheWifeDoesn'tKnow|atk|1\n|turn|1\n|inactive|Battle timer is ON: inactive players will automatically lose when time's up. (requested by overgrowsceptile13)\n|\n|t:|1775927949\n|move|p2a: Sweep Tosho|Protect|p2a: Sweep Tosho\n|-singleturn|p2a: Sweep Tosho|Protect\n|move|p1a: Incineroar|Fake Out|p2b: TheWifeDoesn'tKnow\n|-damage|p2b: TheWifeDoesn'tKnow|84/100\n|cant|p2b: TheWifeDoesn'tKnow|flinch\n|move|p1b: Oranguru|Trick Room|p1b: Oranguru\n|-fieldstart|move: Trick Room|[of] p1b: Oranguru\n|\n|upkeep\n|turn|2\n|\n|t:|1775927970\n|switch|p2a: Spunkton|Rotom-Wash, L50|100/100\n|move|p1b: Oranguru|Psychic Noise|p2b: TheWifeDoesn'tKnow\n|-damage|p2b: TheWifeDoesn'tKnow|54/100\n|-start|p2b: TheWifeDoesn'tKnow|move: Heal Block\n|move|p1a: Incineroar|Darkest Lariat|p2a: Spunkton\n|-damage|p2a: Spunkton|71/100\n|move|p2b: TheWifeDoesn'tKnow|Taunt|p1b: Oranguru\n|-start|p1b: Oranguru|move: Taunt\n|-enditem|p1b: Oranguru|Mental Herb\n|-end|p1b: Oranguru|move: Taunt\n|\n|-heal|p2a: Spunkton|76/100|[from] item: Leftovers\n|upkeep\n|turn|3\n|inactive|Umamusume Larper has 30 seconds left.\n|\n|t:|1775928004\n|move|p1a: Incineroar|Parting Shot|p2a: Spunkton\n|-unboost|p2a: Spunkton|atk|1\n|-unboost|p2a: Spunkton|spa|1\n|\n|t:|1775928007\n|switch|p1a: Araquanid|Araquanid, L50, M|100/100|[from] Parting Shot\n|move|p1b: Oranguru|Psychic Noise|p2b: TheWifeDoesn'tKnow\n|-damage|p2b: TheWifeDoesn'tKnow|23/100\n|move|p2a: Spunkton|Hydro Pump|p1a: Araquanid\n|-resisted|p1a: Araquanid|1\n|-damage|p1a: Araquanid|88/100\n|move|p2b: TheWifeDoesn'tKnow|Taunt|p1b: Oranguru\n|-start|p1b: Oranguru|move: Taunt\n|\n|-heal|p2a: Spunkton|82/100|[from] item: Leftovers\n|-end|p2b: TheWifeDoesn'tKnow|move: Heal Block\n|upkeep\n|-enditem|p2b: TheWifeDoesn'tKnow|Sitrus Berry|[eat]\n|-heal|p2b: TheWifeDoesn'tKnow|47/100|[from] item: Sitrus Berry\n|turn|4\n|inactive|Umamusume Larper has 30 seconds left.\n|\n|t:|1775928038\n|move|p2b: TheWifeDoesn'tKnow|Protect|p2b: TheWifeDoesn'tKnow\n|-singleturn|p2b: TheWifeDoesn'tKnow|Protect\n|move|p1a: Araquanid|Liquidation|p2b: TheWifeDoesn'tKnow\n|-activate|p2b: TheWifeDoesn'tKnow|move: Protect\n|move|p1b: Oranguru|Psychic Noise|p2a: Spunkton\n|-damage|p2a: Spunkton|68/100\n|-start|p2a: Spunkton|move: Heal Block\n|move|p2a: Spunkton|Volt Switch|p1a: Araquanid\n|-supereffective|p1a: Araquanid|1\n|-damage|p1a: Araquanid|56/100\n|\n|t:|1775928055\n|switch|p2a: Sweep Tosho|Delphox, L50, F|100/100|[from] Volt Switch\n|\n|upkeep\n|turn|5\n|\n|t:|1775928066\n|switch|p2b: Orfevere|Garchomp, L50, F|100/100\n|move|p2a: Sweep Tosho|Protect|p2a: Sweep Tosho\n|-singleturn|p2a: Sweep Tosho|Protect\n|move|p1a: Araquanid|Liquidation|p2a: Sweep Tosho\n|-activate|p2a: Sweep Tosho|move: Protect\n|move|p1b: Oranguru|Psychic Noise|p2b: Orfevere\n|-damage|p2b: Orfevere|73/100\n|-start|p2b: Orfevere|move: Heal Block\n|\n|-fieldend|move: Trick Room\n|upkeep\n|turn|6\n|\n|t:|1775928089\n|switch|p1b: Incineroar|Incineroar, L50, F|100/100\n|-ability|p1b: Incineroar|Intimidate|boost\n|-unboost|p2a: Sweep Tosho|atk|1\n|-unboost|p2b: Orfevere|atk|1\n|detailschange|p2a: Sweep Tosho|Delphox-Mega, L50, F\n|-mega|p2a: Sweep Tosho|Delphox|Delphoxite\n|move|p1a: Araquanid|Wide Guard|p1a: Araquanid\n|-singleturn|p1a: Araquanid|Wide Guard\n|move|p2b: Orfevere|Rock Slide|p1a: Araquanid|[spread] \n|-activate|p1a: Araquanid|move: Wide Guard\n|-activate|p1b: Incineroar|move: Wide Guard\n|move|p2a: Sweep Tosho|Heat Wave|p1b: Incineroar|[spread] \n|-activate|p1a: Araquanid|move: Wide Guard\n|-activate|p1b: Incineroar|move: Wide Guard\n|\n|-end|p2b: Orfevere|move: Heal Block\n|upkeep\n|turn|7\n|\n|t:|1775928109\n|switch|p2b: Spunkton|Rotom-Wash, L50|68/100\n|move|p1b: Incineroar|Fake Out|p2b: Spunkton\n|-damage|p2b: Spunkton|55/100\n|move|p2a: Sweep Tosho|Encore|p1a: Araquanid\n|-start|p1a: Araquanid|Encore\n|move|p1a: Araquanid|Wide Guard||[still]\n|-fail|p1a: Araquanid\n|\n|-heal|p2b: Spunkton|60/100|[from] item: Leftovers\n|upkeep\n|turn|8\n|\n|t:|1775928127\n|switch|p1a: Oranguru|Oranguru, L50, F|100/100\n|move|p2a: Sweep Tosho|Encore|p1b: Incineroar\n|-start|p1b: Incineroar|Encore\n|move|p1b: Incineroar|Fake Out||[still]\n|-hint|Fake Out only works on your first turn out.\n|-fail|p1b: Incineroar\n|move|p2b: Spunkton|Volt Switch|p1a: Oranguru\n|-damage|p1a: Oranguru|83/100\n|\n|t:|1775928133\n|switch|p2b: TheWifeDoesn'tKnow|Maushold, L50|47/100|[from] Volt Switch\n|\n|upkeep\n|turn|9\n|\n|t:|1775928157\n|switch|p1b: Araquanid|Araquanid, L50, M|56/100\n|move|p1a: Oranguru|Protect|p1a: Oranguru\n|-singleturn|p1a: Oranguru|Protect\n|move|p2a: Sweep Tosho|Heat Wave|p1a: Oranguru|[spread] p1b\n|-activate|p1a: Oranguru|move: Protect\n|-damage|p1b: Araquanid|39/100\n|move|p2b: TheWifeDoesn'tKnow|Taunt|p1a: Oranguru\n|-activate|p1a: Oranguru|move: Protect\n|\n|upkeep\n|turn|10\n|inactive|Umamusume Larper has 30 seconds left.\n|inactive|Umamusume Larper has 20 seconds left.\n|inactive|Umamusume Larper has 15 seconds left.\n|inactive|Umamusume Larper has 10 seconds left.\n|inactive|Umamusume Larper has 5 seconds left.\n|\n|t:|1775928212\n|switch|p1a: Incineroar|Incineroar, L50, F|100/100\n|-ability|p1a: Incineroar|Intimidate|boost\n|-unboost|p2a: Sweep Tosho|atk|1\n|-unboost|p2b: TheWifeDoesn'tKnow|atk|1\n|move|p2b: TheWifeDoesn'tKnow|Follow Me|p2b: TheWifeDoesn'tKnow\n|-singleturn|p2b: TheWifeDoesn'tKnow|move: Follow Me\n|move|p2a: Sweep Tosho|Heat Wave|p1a: Incineroar|[spread] p1a,p1b\n|-resisted|p1a: Incineroar|1\n|-damage|p1a: Incineroar|85/100\n|-damage|p1b: Araquanid|23/100\n|move|p1b: Araquanid|Liquidation|p2b: TheWifeDoesn'tKnow\n|-damage|p2b: TheWifeDoesn'tKnow|0 fnt\n|faint|p2b: TheWifeDoesn'tKnow\n|\n|upkeep\n|\n|t:|1775928218\n|switch|p2b: Spunkton|Rotom-Wash, L50|60/100\n|turn|11\n|inactive|Umamusume Larper has 30 seconds left.\n|inactive|Umamusume Larper has 20 seconds left.\n|\n|t:|1775928253\n|switch|p2a: Orfevere|Garchomp, L50, F|73/100\n|move|p1a: Incineroar|Fake Out|p2b: Spunkton\n|-damage|p2b: Spunkton|48/100\n|cant|p2b: Spunkton|flinch\n|move|p1b: Araquanid|Liquidation|p2a: Orfevere\n|-damage|p2a: Orfevere|18/100\n|-damage|p1b: Araquanid|11/100|[from] ability: Rough Skin|[of] p2a: Orfevere\n|\n|-heal|p2b: Spunkton|54/100|[from] item: Leftovers\n|upkeep\n|turn|12\n|\n|t:|1775928273\n|move|p1b: Araquanid|Wide Guard|p1b: Araquanid\n|-singleturn|p1b: Araquanid|Wide Guard\n|move|p2a: Orfevere|Stomping Tantrum|p1a: Incineroar\n|-supereffective|p1a: Incineroar|1\n|-damage|p1a: Incineroar|1/100\n|-enditem|p1a: Incineroar|Sitrus Berry|[eat]\n|-heal|p1a: Incineroar|26/100|[from] item: Sitrus Berry\n|move|p2b: Spunkton|Volt Switch|p1b: Araquanid\n|-supereffective|p1b: Araquanid|1\n|-damage|p1b: Araquanid|0 fnt\n|faint|p1b: Araquanid\n|\n|t:|1775928278\n|switch|p2b: Sweep Tosho|Delphox-Mega, L50, F|100/100|[from] Volt Switch\n|move|p1a: Incineroar|Darkest Lariat|p2a: Orfevere\n|-crit|p2a: Orfevere\n|-damage|p2a: Orfevere|0 fnt\n|-damage|p1a: Incineroar|14/100|[from] ability: Rough Skin|[of] p2a: Orfevere\n|faint|p2a: Orfevere\n|\n|upkeep\n|\n|t:|1775928282\n|switch|p2a: Spunkton|Rotom-Wash, L50|54/100\n|switch|p1b: Oranguru|Oranguru, L50, F|83/100\n|turn|13\n|\n|t:|1775928297\n|move|p2b: Sweep Tosho|Heat Wave|p1a: Incineroar|[spread] p1a,p1b\n|-resisted|p1a: Incineroar|1\n|-damage|p1a: Incineroar|0 fnt\n|-damage|p1b: Oranguru|56/100\n|faint|p1a: Incineroar\n|move|p2a: Spunkton|Hydro Pump|p1b: Oranguru\n|-damage|p1b: Oranguru|31/100\n|move|p1b: Oranguru|Trick Room|p1b: Oranguru\n|-fieldstart|move: Trick Room|[of] p1b: Oranguru\n|\n|-heal|p2a: Spunkton|60/100|[from] item: Leftovers\n|upkeep\n|\n|t:|1775928303\n|switch|p1a: Camerupt|Camerupt, L50, M|100/100\n|turn|14\n|\n|t:|1775928324\n|detailschange|p1a: Camerupt|Camerupt-Mega, L50, M\n|-mega|p1a: Camerupt|Camerupt|Cameruptite\n|move|p1a: Camerupt|Eruption|p2b: Sweep Tosho|[spread] p2a,p2b\n|-resisted|p2a: Spunkton|1\n|-resisted|p2b: Sweep Tosho|1\n|-damage|p2a: Spunkton|31/100\n|-damage|p2b: Sweep Tosho|67/100\n|move|p1b: Oranguru|Instruct|p1a: Camerupt\n|-singleturn|p1a: Camerupt|move: Instruct|[of] p1b: Oranguru\n|move|p1a: Camerupt|Eruption|p2a: Spunkton|[spread] p2a,p2b\n|-resisted|p2a: Spunkton|1\n|-resisted|p2b: Sweep Tosho|1\n|-damage|p2a: Spunkton|3/100\n|-damage|p2b: Sweep Tosho|33/100\n|move|p2a: Spunkton|Hydro Pump|p1a: Camerupt\n|-supereffective|p1a: Camerupt|2\n|-damage|p1a: Camerupt|0 fnt\n|faint|p1a: Camerupt\n|move|p2b: Sweep Tosho|Heat Wave|p1b: Oranguru|[miss]\n|-miss|p2b: Sweep Tosho|p1b: Oranguru\n|\n|-heal|p2a: Spunkton|9/100|[from] item: Leftovers\n|upkeep\n|turn|15\n|inactive|overgrowsceptile13 has 30 seconds left.\n|inactive|Umamusume Larper has 30 seconds left.\n|inactive|overgrowsceptile13 has 20 seconds left.\n|inactive|Umamusume Larper has 20 seconds left.\n|inactive|overgrowsceptile13 has 15 seconds left.\n|inactive|Umamusume Larper has 15 seconds left.\n|inactive|overgrowsceptile13 has 10 seconds left.\n|inactive|Umamusume Larper has 10 seconds left.\n|\n|t:|1775928372\n|move|p1b: Oranguru|Psychic Noise|p2a: Spunkton\n|-damage|p2a: Spunkton|0 fnt\n|faint|p2a: Spunkton\n|move|p2b: Sweep Tosho|Heat Wave|p1b: Oranguru\n|-damage|p1b: Oranguru|0 fnt\n|faint|p1b: Oranguru\n|\n|win|Umamusume Larper\n|raw|overgrowsceptile13's rating: 1063 &rarr; <strong>1049</strong><br />(-14 for losing)\n|raw|Umamusume Larper's rating: 1165 &rarr; <strong>1183</strong><br />(+18 for winning)\n",
  "uploadtime": 1775928415,
  "views": 32,
  "formatid": "gen9championsvgc2026regma",
  "rating": 1049,
  "private": 0,
  "password": null
}