{
  "id": "gen9championsvgc2026regma-2588575660",
  "format": "[Gen 9 Champions] VGC 2026 Reg M-A",
  "players": [
    "Marcio Lira",
    "bluethunder717"
  ],
  "log": "|j|\u2606Marcio Lira\n|j|\u2606bluethunder717\n|t:|1776646529\n|gametype|doubles\n|player|p1|Marcio Lira|bugcatcher-gen4dp|1165\n|player|p2|bluethunder717|1|1167\n|gen|9\n|tier|[Gen 9 Champions] VGC 2026 Reg M-A\n|rated|\n|rule|Species Clause: Limit one of each Pok\u00e9mon\n|rule|Item Clause: Limit 1 of each item\n|clearpoke\n|poke|p1|Floette-Eternal, L50, F|\n|poke|p1|Rotom-Wash, L50, shiny|\n|poke|p1|Garchomp, L50, M|\n|poke|p1|Volcarona, L50, F|\n|poke|p1|Oranguru, L50, F, shiny|\n|poke|p1|Aerodactyl, L50, F|\n|poke|p2|Aerodactyl, L50, F|\n|poke|p2|Garchomp, L50, M|\n|poke|p2|Sinistcha, L50|\n|poke|p2|Crabominable, L50, F|\n|poke|p2|Slowking, L50, M|\n|poke|p2|Conkeldurr, L50, M|\n|teampreview|4\n|inactive|Battle timer is ON: inactive players will automatically lose when time's up. (requested by bluethunder717)\n|\n|t:|1776646553\n|teamsize|p1|4\n|teamsize|p2|4\n|start\n|switch|p1a: Oranguru|Oranguru, L50, F, shiny|100/100\n|switch|p1b: Volcarona|Volcarona, L50, F|100/100\n|switch|p2a: Slowking|Slowking, L50, M|100/100\n|switch|p2b: Conkeldurr|Conkeldurr, L50, M|100/100\n|turn|1\n|\n|t:|1776646568\n|move|p2b: Conkeldurr|Detect|p2b: Conkeldurr\n|-singleturn|p2b: Conkeldurr|Protect\n|move|p1b: Volcarona|Will-O-Wisp|p2b: Conkeldurr\n|-activate|p2b: Conkeldurr|move: Protect\n|move|p1a: Oranguru|Imprison|p1a: Oranguru\n|-start|p1a: Oranguru|move: Imprison\n|move|p2a: Slowking|Muddy Water|p1b: Volcarona|[spread] p1a,p1b\n|-supereffective|p1b: Volcarona|1\n|-damage|p1a: Oranguru|80/100\n|-damage|p1b: Volcarona|55/100\n|\n|upkeep\n|turn|2\n|inactive|bluethunder717 has 30 seconds left.\n|\n|t:|1776646598\n|switch|p2b: Sinistcha|Sinistcha, L50|100/100\n|move|p1a: Oranguru|Protect|p1a: Oranguru\n|-singleturn|p1a: Oranguru|Protect\n|move|p1b: Volcarona|Will-O-Wisp|p2b: Sinistcha\n|-status|p2b: Sinistcha|brn\n|move|p2a: Slowking|Muddy Water|p1b: Volcarona|[spread] p1b\n|-activate|p1a: Oranguru|move: Protect\n|-supereffective|p1b: Volcarona|1\n|-damage|p1b: Volcarona|2/100\n|-enditem|p1b: Volcarona|Sitrus Berry|[eat]\n|-heal|p1b: Volcarona|27/100|[from] item: Sitrus Berry\n|\n|-damage|p2b: Sinistcha|95/100 brn|[from] brn\n|upkeep\n|turn|3\n|\n|t:|1776646622\n|switch|p2b: Conkeldurr|Conkeldurr, L50, M|100/100\n|move|p1b: Volcarona|Flamethrower|p2b: Conkeldurr\n|-damage|p2b: Conkeldurr|55/100\n|move|p1a: Oranguru|Instruct|p1b: Volcarona\n|-singleturn|p1b: Volcarona|move: Instruct|[of] p1a: Oranguru\n|move|p1b: Volcarona|Flamethrower|p2b: Conkeldurr\n|-damage|p2b: Conkeldurr|7/100\n|move|p2a: Slowking|Muddy Water|p1a: Oranguru|[spread] p1a,p1b\n|-supereffective|p1b: Volcarona|1\n|-damage|p1a: Oranguru|60/100\n|-damage|p1b: Volcarona|0 fnt\n|faint|p1b: Volcarona\n|\n|upkeep\n|\n|t:|1776646640\n|switch|p1b: Floette|Floette-Eternal, L50, F|100/100\n|turn|4\n|\n|t:|1776646652\n|detailschange|p1b: Floette|Floette-Mega, L50, F\n|-mega|p1b: Floette|Floette|Floettite\n|-ability|p1b: Floette|Fairy Aura\n|move|p1b: Floette|Dazzling Gleam|p2a: Slowking|[spread] p2a,p2b\n|-supereffective|p2b: Conkeldurr|1\n|-damage|p2a: Slowking|71/100\n|-damage|p2b: Conkeldurr|0 fnt\n|faint|p2b: Conkeldurr\n|move|p1a: Oranguru|Instruct|p1b: Floette\n|-singleturn|p1b: Floette|move: Instruct|[of] p1a: Oranguru\n|move|p1b: Floette|Dazzling Gleam|p2a: Slowking\n|-damage|p2a: Slowking|35/100\n|move|p2a: Slowking|Blizzard|p1a: Oranguru|[spread] p1b\n|-miss|p2a: Slowking|p1a: Oranguru\n|-damage|p1b: Floette|85/100\n|-status|p1b: Floette|frz\n|\n|upkeep\n|c|\u2606Marcio Lira|bro\n|\n|t:|1776646670\n|switch|p2b: Sinistcha|Sinistcha, L50|95/100 brn\n|-heal|p2a: Slowking|60/100|[from] ability: Hospitality|[of] p2b: Sinistcha\n|turn|5\n|inactive|Marcio Lira has 30 seconds left.\n|\n|t:|1776646702\n|move|p1a: Oranguru|Protect|p1a: Oranguru\n|-singleturn|p1a: Oranguru|Protect\n|-curestatus|p1b: Floette|frz|[msg]\n|move|p1b: Floette|Dazzling Gleam|p2b: Sinistcha|[spread] p2a,p2b\n|-damage|p2a: Slowking|30/100\n|-damage|p2b: Sinistcha|46/100 brn\n|-enditem|p2b: Sinistcha|Sitrus Berry|[eat]\n|-heal|p2b: Sinistcha|70/100 brn|[from] item: Sitrus Berry\n|move|p2b: Sinistcha|Hex|p1b: Floette\n|-damage|p1b: Floette|60/100\n|move|p2a: Slowking|Muddy Water|p1b: Floette|[spread] \n|-activate|p1a: Oranguru|move: Protect\n|-miss|p2a: Slowking|p1b: Floette\n|\n|-damage|p2b: Sinistcha|65/100 brn|[from] brn\n|upkeep\n|turn|6\n|\n|t:|1776646725\n|move|p1b: Floette|Dazzling Gleam|p2a: Slowking|[spread] p2a,p2b\n|-damage|p2a: Slowking|0 fnt\n|-damage|p2b: Sinistcha|19/100 brn\n|faint|p2a: Slowking\n|move|p2b: Sinistcha|Matcha Gotcha|p1a: Oranguru|[spread] p1a,p1b\n|-damage|p1a: Oranguru|36/100\n|-heal|p2b: Sinistcha|33/100 brn|[from] drain|[of] p1a: Oranguru\n|-damage|p1b: Floette|36/100\n|-heal|p2b: Sinistcha|44/100 brn|[from] drain|[of] p1b: Floette\n|-status|p1b: Floette|brn\n|move|p1a: Oranguru|Instruct|p1b: Floette\n|-singleturn|p1b: Floette|move: Instruct|[of] p1a: Oranguru\n|move|p1b: Floette|Dazzling Gleam|p2b: Sinistcha\n|-damage|p2b: Sinistcha|0 fnt\n|faint|p2b: Sinistcha\n|\n|-damage|p1b: Floette|30/100 brn|[from] brn\n|upkeep\n|\n|t:|1776646738\n|switch|p2a: Crabominable|Crabominable, L50, F|100/100\n|turn|7\n|\n|t:|1776646749\n|detailschange|p2a: Crabominable|Crabominable-Mega, L50, F\n|-mega|p2a: Crabominable|Crabominable|Crabominite\n|move|p1b: Floette|Dazzling Gleam|p2a: Crabominable\n|-supereffective|p2a: Crabominable|1\n|-damage|p2a: Crabominable|0 fnt\n|faint|p2a: Crabominable\n|\n|win|Marcio Lira\n|raw|Marcio Lira's rating: 1136 &rarr; <strong>1163</strong><br />(+27 for winning)\n|raw|bluethunder717's rating: 1167 &rarr; <strong>1140</strong><br />(-27 for losing)\n|c|\u2606Marcio Lira|gg\n|l|\u2606bluethunder717\n|player|p2|\n",
  "uploadtime": 1776646914,
  "views": 11,
  "formatid": "gen9championsvgc2026regma",
  "rating": 1140,
  "private": 0,
  "password": null
}