{
  "id": "gen9championsvgc2026regma-2585528108",
  "format": "[Gen 9 Champions] VGC 2026 Reg M-A",
  "players": [
    "Over 55.",
    "Uncreative7452"
  ],
  "log": "|j|\u2606Over 55.\n|j|\u203dUncreative7452\n|t:|1776353518\n|gametype|doubles\n|player|p1|Over 55.|266|1061\n|player|p2|Uncreative7452|tuber|1127\n|gen|9\n|tier|[Gen 9 Champions] VGC 2026 Reg M-A\n|rated|\n|rule|Species Clause: Limit one of each Pok\u00e9mon\n|rule|Item Clause: Limit 1 of each item\n|clearpoke\n|poke|p1|Sableye, L50, M|\n|poke|p1|Rotom-Wash, L50|\n|poke|p1|Sinistcha, L50|\n|poke|p1|Typhlosion-Hisui, L50, F|\n|poke|p1|Whimsicott, L50, F|\n|poke|p1|Altaria, L50, M|\n|poke|p2|Charizard, L50, M|\n|poke|p2|Venusaur, L50, M|\n|poke|p2|Sneasler, L50, F|\n|poke|p2|Dragonite, L50, F|\n|poke|p2|Incineroar, L50, F|\n|poke|p2|Rhyperior, L50, M|\n|teampreview|4\n|inactive|Battle timer is ON: inactive players will automatically lose when time's up. (requested by Over 55.)\n|inactive|Over 55. has 60 seconds left.\n|\n|t:|1776353553\n|teamsize|p1|4\n|teamsize|p2|4\n|start\n|switch|p1a: Sableye|Sableye, L50, M|100/100\n|switch|p1b: Rotom|Rotom-Wash, L50|100/100\n|switch|p2a: Rhyperior|Rhyperior, L50, M|100/100\n|switch|p2b: Incineroar|Incineroar, L50, F|100/100\n|-ability|p2b: Incineroar|Intimidate|boost\n|-unboost|p1a: Sableye|atk|1\n|-unboost|p1b: Rotom|atk|1\n|turn|1\n|\n|t:|1776353578\n|move|p1b: Rotom|Protect|p1b: Rotom\n|-singleturn|p1b: Rotom|Protect\n|move|p2b: Incineroar|Fake Out|p1b: Rotom\n|-activate|p1b: Rotom|move: Protect\n|move|p1a: Sableye|Reflect|p1a: Sableye\n|-sidestart|p1: Over 55.|Reflect\n|move|p2a: Rhyperior|Rock Slide|p1b: Rotom|[spread] p1a\n|-activate|p1b: Rotom|move: Protect\n|-damage|p1a: Sableye|72/100\n|\n|upkeep\n|turn|2\n|\n|t:|1776353601\n|move|p2a: Rhyperior|Protect|p2a: Rhyperior\n|-singleturn|p2a: Rhyperior|Protect\n|move|p1b: Rotom|Hydro Pump|p2a: Rhyperior\n|-activate|p2a: Rhyperior|move: Protect\n|move|p2b: Incineroar|Parting Shot|p1b: Rotom\n|-unboost|p1b: Rotom|atk|1\n|-unboost|p1b: Rotom|spa|1\n|\n|t:|1776353608\n|switch|p2b: Charizard|Charizard, L50, M, shiny|100/100|[from] Parting Shot\n|move|p1a: Sableye|Foul Play|p2a: Rhyperior\n|-activate|p2a: Rhyperior|move: Protect\n|\n|upkeep\n|turn|3\n|\n|t:|1776353618\n|detailschange|p2b: Charizard|Charizard-Mega-Y, L50, M, shiny\n|-mega|p2b: Charizard|Charizard|Charizardite Y\n|-weather|SunnyDay|[from] ability: Drought|[of] p2b: Charizard\n|move|p1a: Sableye|Light Screen|p1a: Sableye\n|-sidestart|p1: Over 55.|move: Light Screen\n|move|p2b: Charizard|Heat Wave|p1a: Sableye|[spread] p1a,p1b\n|-resisted|p1b: Rotom|1\n|-damage|p1a: Sableye|24/100\n|-damage|p1b: Rotom|81/100\n|move|p1b: Rotom|Hydro Pump|p2a: Rhyperior|[miss]\n|-miss|p1b: Rotom|p2a: Rhyperior\n|move|p2a: Rhyperior|Rock Slide|p1b: Rotom|[spread] p1a,p1b\n|-damage|p1a: Sableye|0 fnt\n|-damage|p1b: Rotom|57/100\n|faint|p1a: Sableye\n|\n|-weather|SunnyDay|[upkeep]\n|-heal|p1b: Rotom|63/100|[from] item: Leftovers\n|upkeep\n|\n|t:|1776353629\n|switch|p1a: Sinistcha|Sinistcha, L50|100/100\n|-heal|p1b: Rotom|88/100|[from] ability: Hospitality|[of] p1a: Sinistcha\n|turn|4\n|\n|t:|1776353638\n|move|p2a: Rhyperior|Protect|p2a: Rhyperior\n|-singleturn|p2a: Rhyperior|Protect\n|move|p1a: Sinistcha|Rage Powder|p1a: Sinistcha\n|-singleturn|p1a: Sinistcha|move: Rage Powder\n|move|p2b: Charizard|Heat Wave|p1a: Sinistcha|[spread] p1a,p1b\n|-supereffective|p1a: Sinistcha|1\n|-resisted|p1b: Rotom|1\n|-damage|p1a: Sinistcha|0 fnt\n|-damage|p1b: Rotom|69/100\n|faint|p1a: Sinistcha\n|move|p1b: Rotom|Hydro Pump|p2a: Rhyperior\n|-activate|p2a: Rhyperior|move: Protect\n|\n|-weather|SunnyDay|[upkeep]\n|-heal|p1b: Rotom|74/100|[from] item: Leftovers\n|upkeep\n|\n|t:|1776353640\n|switch|p1a: Altaria|Altaria, L50, M|100/100\n|-ability|p1a: Altaria|Cloud Nine\n|turn|5\n|\n|t:|1776353655\n|switch|p2b: Incineroar|Incineroar, L50, F|100/100\n|-ability|p2b: Incineroar|Intimidate|boost\n|-unboost|p1a: Altaria|atk|1\n|-unboost|p1b: Rotom|atk|1\n|detailschange|p1a: Altaria|Altaria-Mega, L50, M\n|-mega|p1a: Altaria|Altaria|Altarianite\n|move|p1b: Rotom|Hydro Pump|p2a: Rhyperior\n|-supereffective|p2a: Rhyperior|2\n|-damage|p2a: Rhyperior|48/100\n|move|p1a: Altaria|Hyper Voice|p2b: Incineroar|[spread] p2a,p2b\n|-damage|p2a: Rhyperior|6/100\n|-damage|p2b: Incineroar|70/100\n|move|p2a: Rhyperior|Rock Slide|p1a: Altaria|[spread] p1a,p1b\n|-damage|p1a: Altaria|79/100\n|-damage|p1b: Rotom|50/100\n|\n|-weather|SunnyDay|[upkeep]\n|-heal|p1b: Rotom|56/100|[from] item: Leftovers\n|-sideend|p1: Over 55.|Reflect\n|upkeep\n|turn|6\n|inactive|Uncreative7452 has 30 seconds left.\n|\n|t:|1776353682\n|move|p2b: Incineroar|Fake Out|p1a: Altaria\n|-damage|p1a: Altaria|68/100\n|move|p1b: Rotom|Hydro Pump|p2b: Incineroar|[miss]\n|-miss|p1b: Rotom|p2b: Incineroar\n|cant|p1a: Altaria|flinch\n|move|p2a: Rhyperior|Rock Slide|p1a: Altaria|[spread] p1a,p1b\n|-crit|p1b: Rotom\n|-damage|p1a: Altaria|37/100\n|-damage|p1b: Rotom|8/100\n|\n|-weather|SunnyDay|[upkeep]\n|-heal|p1b: Rotom|13/100|[from] item: Leftovers\n|upkeep\n|turn|7\n|-message|Over 55. forfeited.\n|\n|win|Uncreative7452\n|raw|Over 55.'s rating: 1061 &rarr; <strong>1045</strong><br />(-16 for losing)\n|raw|Uncreative7452's rating: 1127 &rarr; <strong>1147</strong><br />(+20 for winning)\n|l|\u2606Over 55.\n|player|p1|\n",
  "uploadtime": 1776353695,
  "views": 39,
  "formatid": "gen9championsvgc2026regma",
  "rating": 1045,
  "private": 0,
  "password": null
}