{
  "id": "gen9championsvgc2026regma-2587584308",
  "format": "[Gen 9 Champions] VGC 2026 Reg M-A",
  "players": [
    "LudiKO",
    "AustinMcballs"
  ],
  "log": "|j|\u2606LudiKO\n|j|\u2606AustinMcballs\n|t:|1776544421\n|gametype|doubles\n|player|p1|LudiKO|265|1143\n|player|p2|AustinMcballs|ortega|1154\n|gen|9\n|tier|[Gen 9 Champions] VGC 2026 Reg M-A\n|rated|\n|rule|Species Clause: Limit one of each Pok\u00e9mon\n|rule|Item Clause: Limit 1 of each item\n|clearpoke\n|poke|p1|Basculegion, L50, M|\n|poke|p1|Incineroar, L50, M|\n|poke|p1|Pelipper, L50, F|\n|poke|p1|Aggron, L50, F|\n|poke|p1|Farigiraf, L50, M|\n|poke|p1|Drampa, L50, F|\n|poke|p2|Incineroar, L50, F|\n|poke|p2|Basculegion, L50, M|\n|poke|p2|Froslass, L50, F|\n|poke|p2|Sneasler, L50, M|\n|poke|p2|Corviknight, L50, M|\n|poke|p2|Rotom-Wash, L50|\n|teampreview|4\n|inactive|Battle timer is ON: inactive players will automatically lose when time's up. (requested by AustinMcballs)\n|\n|t:|1776544442\n|teamsize|p1|4\n|teamsize|p2|4\n|start\n|switch|p1a: Aggron|Aggron, L50, F|100/100\n|switch|p1b: Farigiraf|Farigiraf, L50, M|100/100\n|switch|p2a: Basculegion|Basculegion, L50, M|100/100\n|switch|p2b: Froslass|Froslass, L50, F|100/100\n|turn|1\n|\n|t:|1776544463\n|detailschange|p2b: Froslass|Froslass-Mega, L50, F\n|-mega|p2b: Froslass|Froslass|Froslassite\n|-weather|Snowscape|[from] ability: Snow Warning|[of] p2b: Froslass\n|detailschange|p1a: Aggron|Aggron-Mega, L50, F\n|-mega|p1a: Aggron|Aggron|Aggronite\n|move|p2a: Basculegion|Flip Turn|p1b: Farigiraf\n|-damage|p1b: Farigiraf|59/100\n|\n|t:|1776544471\n|switch|p2a: Corviknight|Corviknight, L50, M|100/100|[from] Flip Turn\n|move|p2b: Froslass|Aurora Veil|p2b: Froslass\n|-sidestart|p2: AustinMcballs|move: Aurora Veil\n|move|p1a: Aggron|Iron Head|p2b: Froslass\n|-supereffective|p2b: Froslass|1\n|-damage|p2b: Froslass|40/100\n|move|p1b: Farigiraf|Trick Room|p1b: Farigiraf\n|-fieldstart|move: Trick Room|[of] p1b: Farigiraf\n|\n|-weather|Snowscape|[upkeep]\n|-heal|p1b: Farigiraf|65/100|[from] item: Leftovers\n|upkeep\n|turn|2\n|\n|t:|1776544486\n|switch|p1b: Pelipper|Pelipper, L50, F|100/100\n|-weather|RainDance|[from] ability: Drizzle|[of] p1b: Pelipper\n|move|p2b: Froslass|Protect|p2b: Froslass\n|-singleturn|p2b: Froslass|Protect\n|move|p1a: Aggron|Rock Slide|p2a: Corviknight|[spread] p2a\n|-activate|p2b: Froslass|move: Protect\n|-damage|p2a: Corviknight|90/100\n|move|p2a: Corviknight|Bulk Up|p2a: Corviknight\n|-boost|p2a: Corviknight|atk|1\n|-boost|p2a: Corviknight|def|1\n|\n|-weather|RainDance|[upkeep]\n|-heal|p2a: Corviknight|96/100|[from] item: Leftovers\n|upkeep\n|turn|3\n|\n|t:|1776544509\n|move|p1a: Aggron|Iron Head|p2b: Froslass\n|-supereffective|p2b: Froslass|1\n|-damage|p2b: Froslass|0 fnt\n|faint|p2b: Froslass\n|move|p1b: Pelipper|Ice Beam|p2a: Corviknight\n|-damage|p2a: Corviknight|83/100\n|-status|p2a: Corviknight|frz\n|cant|p2a: Corviknight|frz\n|\n|-weather|RainDance|[upkeep]\n|-heal|p2a: Corviknight|89/100 frz|[from] item: Leftovers\n|upkeep\n|c|\u2606AustinMcballs|aight bro\n|\n|t:|1776544520\n|switch|p2b: Rotom|Rotom-Wash, L50|100/100\n|turn|4\n|\n|t:|1776544529\n|switch|p1b: Incineroar|Incineroar, L50, M|100/100\n|-ability|p1b: Incineroar|Intimidate|boost\n|-ability|p2a: Corviknight|Mirror Armor\n|-unboost|p1b: Incineroar|atk|1\n|-unboost|p2b: Rotom|atk|1\n|move|p1a: Aggron|Body Press|p2b: Rotom\n|-damage|p2b: Rotom|72/100\n|-curestatus|p2a: Corviknight|frz|[msg]\n|move|p2a: Corviknight|Brave Bird|p1b: Incineroar\n|-damage|p1b: Incineroar|41/100\n|-enditem|p1b: Incineroar|Sitrus Berry|[eat]\n|-heal|p1b: Incineroar|66/100|[from] item: Sitrus Berry\n|-damage|p2a: Corviknight|69/100|[from] Recoil\n|move|p2b: Rotom|Will-O-Wisp|p1a: Aggron\n|-status|p1a: Aggron|brn\n|\n|-weather|RainDance|[upkeep]\n|-heal|p2a: Corviknight|75/100|[from] item: Leftovers\n|-damage|p1a: Aggron|94/100 brn|[from] brn\n|upkeep\n|turn|5\n|inactive|AustinMcballs has 30 seconds left.\n|\n|t:|1776544557\n|move|p1b: Incineroar|Fake Out|p2a: Corviknight\n|-resisted|p2a: Corviknight|1\n|-crit|p2a: Corviknight\n|-damage|p2a: Corviknight|67/100\n|move|p1a: Aggron|Iron Head|p2b: Rotom\n|-resisted|p2b: Rotom|2\n|-damage|p2b: Rotom|69/100\n|cant|p2a: Corviknight|flinch\n|move|p2b: Rotom|Hydro Pump|p1b: Incineroar|[miss]\n|-miss|p2b: Rotom|p1b: Incineroar\n|\n|-weather|RainDance|[upkeep]\n|-heal|p2a: Corviknight|73/100|[from] item: Leftovers\n|-damage|p1a: Aggron|88/100 brn|[from] brn\n|-sideend|p2: AustinMcballs|move: Aurora Veil\n|-fieldend|move: Trick Room\n|upkeep\n|turn|6\n|\n|t:|1776544581\n|switch|p2b: Basculegion|Basculegion, L50, M|100/100\n|move|p2a: Corviknight|Bulk Up|p2a: Corviknight\n|-boost|p2a: Corviknight|atk|1\n|-boost|p2a: Corviknight|def|1\n|move|p1b: Incineroar|Flare Blitz|p2a: Corviknight\n|-supereffective|p2a: Corviknight|1\n|-damage|p2a: Corviknight|58/100\n|-status|p2a: Corviknight|brn\n|-damage|p1b: Incineroar|61/100|[from] Recoil\n|move|p1a: Aggron|Body Press|p2b: Basculegion\n|-immune|p2b: Basculegion\n|\n|-weather|none\n|-heal|p2a: Corviknight|64/100 brn|[from] item: Leftovers\n|-damage|p2a: Corviknight|58/100 brn|[from] brn\n|-damage|p1a: Aggron|82/100 brn|[from] brn\n|upkeep\n|turn|7\n|c|\u2606AustinMcballs|Hax god\n|\n|t:|1776544606\n|move|p2b: Basculegion|Flip Turn|p1b: Incineroar\n|-supereffective|p1b: Incineroar|1\n|-damage|p1b: Incineroar|0 fnt\n|faint|p1b: Incineroar\n|\n|t:|1776544610\n|switch|p2b: Rotom|Rotom-Wash, L50|69/100|[from] Flip Turn\n|move|p2a: Corviknight|Roost|p2a: Corviknight\n|-heal|p2a: Corviknight|100/100 brn\n|-singleturn|p2a: Corviknight|move: Roost\n|move|p1a: Aggron|Rock Slide|p2a: Corviknight|[spread] p2a,p2b\n|-resisted|p2a: Corviknight|1\n|-damage|p2a: Corviknight|99/100 brn\n|-damage|p2b: Rotom|59/100\n|\n|-heal|p2a: Corviknight|100/100 brn|[from] item: Leftovers\n|-damage|p2a: Corviknight|94/100 brn|[from] brn\n|-damage|p1a: Aggron|76/100 brn|[from] brn\n|upkeep\n|\n|t:|1776544614\n|switch|p1b: Farigiraf|Farigiraf, L50, M|65/100\n|turn|8\n|\n|t:|1776544628\n|move|p2b: Rotom|Volt Switch|p1b: Farigiraf\n|-damage|p1b: Farigiraf|46/100\n|\n|t:|1776544631\n|switch|p2b: Basculegion|Basculegion, L50, M|100/100|[from] Volt Switch\n|move|p2a: Corviknight|Brave Bird|p1b: Farigiraf\n|-damage|p1b: Farigiraf|5/100\n|-damage|p2a: Corviknight|78/100 brn|[from] Recoil\n|move|p1b: Farigiraf|Twin Beam|p2b: Basculegion\n|-damage|p2b: Basculegion|84/100\n|-damage|p2b: Basculegion|68/100\n|-hitcount|p2b: Basculegion|2\n|move|p1a: Aggron|Body Press|p2a: Corviknight\n|-damage|p2a: Corviknight|69/100 brn\n|\n|-heal|p2a: Corviknight|75/100 brn|[from] item: Leftovers\n|-heal|p1b: Farigiraf|12/100|[from] item: Leftovers\n|-damage|p2a: Corviknight|69/100 brn|[from] brn\n|-damage|p1a: Aggron|70/100 brn|[from] brn\n|upkeep\n|turn|9\n|-message|LudiKO forfeited.\n|\n|win|AustinMcballs\n|raw|LudiKO's rating: 1143 &rarr; <strong>1119</strong><br />(-24 for losing)\n|raw|AustinMcballs's rating: 1154 &rarr; <strong>1178</strong><br />(+24 for winning)\n|l|\u2606LudiKO\n|player|p1|\n",
  "uploadtime": 1776544653,
  "views": 15,
  "formatid": "gen9championsvgc2026regma",
  "rating": 1119,
  "private": 0,
  "password": null
}