{
  "id": "gen9championsvgc2026regma-2583055564",
  "format": "[Gen 9 Champions] VGC 2026 Reg M-A",
  "players": [
    "AugusMartinez03",
    "mr.matsumoto1"
  ],
  "log": "|j|\u2606AugusMartinez03\n|j|\u2606mr.matsumoto1\n|t:|1776137226\n|gametype|doubles\n|player|p1|AugusMartinez03|volkner|1139\n|player|p2|mr.matsumoto1|2|1234\n|gen|9\n|tier|[Gen 9 Champions] VGC 2026 Reg M-A\n|rated|\n|rule|Species Clause: Limit one of each Pok\u00e9mon\n|rule|Item Clause: Limit 1 of each item\n|clearpoke\n|poke|p1|Maushold, L50|\n|poke|p1|Garchomp, L50, F|\n|poke|p1|Talonflame, L50, F|\n|poke|p1|Rotom-Wash, L50|\n|poke|p1|Tyranitar, L50, M|\n|poke|p1|Gardevoir, L50, M|\n|poke|p2|Sneasler, L50, F|\n|poke|p2|Kingambit, L50, F|\n|poke|p2|Milotic, L50, F|\n|poke|p2|Gengar, L50, F|\n|poke|p2|Incineroar, L50, M|\n|poke|p2|Garchomp, L50, M|\n|teampreview|4\n|\n|t:|1776137262\n|teamsize|p1|4\n|teamsize|p2|4\n|start\n|switch|p1a: Maushold|Maushold, L50|100/100\n|switch|p1b: Tyranitar|Tyranitar, L50, M|100/100\n|switch|p2a: Incineroar|Incineroar, L50, M|100/100\n|switch|p2b: Gengar|Gengar, L50, F|100/100\n|-weather|Sandstorm|[from] ability: Sand Stream|[of] p1b: Tyranitar\n|-ability|p2a: Incineroar|Intimidate|boost\n|-unboost|p1a: Maushold|atk|1\n|-unboost|p1b: Tyranitar|atk|1\n|-enditem|p1b: Tyranitar|White Herb\n|-clearnegativeboost|p1b: Tyranitar|[silent]\n|turn|1\n|\n|t:|1776137284\n|detailschange|p2b: Gengar|Gengar-Mega, L50, F\n|-mega|p2b: Gengar|Gengar|Gengarite\n|move|p2a: Incineroar|Fake Out|p1b: Tyranitar\n|-resisted|p1b: Tyranitar|1\n|-damage|p1b: Tyranitar|96/100\n|move|p1a: Maushold|Follow Me|p1a: Maushold\n|-singleturn|p1a: Maushold|move: Follow Me\n|move|p2b: Gengar|Perish Song|p2b: Gengar\n|-start|p1a: Maushold|perish3|[silent]\n|-start|p1b: Tyranitar|perish3|[silent]\n|-start|p2a: Incineroar|perish3|[silent]\n|-start|p2b: Gengar|perish3|[silent]\n|-fieldactivate|move: Perish Song\n|cant|p1b: Tyranitar|flinch\n|\n|-weather|Sandstorm|[upkeep]\n|-damage|p2b: Gengar|95/100|[from] Sandstorm\n|-damage|p1a: Maushold|94/100|[from] Sandstorm\n|-damage|p2a: Incineroar|95/100|[from] Sandstorm\n|-start|p2b: Gengar|perish3\n|-start|p1a: Maushold|perish3\n|-start|p1b: Tyranitar|perish3\n|-start|p2a: Incineroar|perish3\n|upkeep\n|turn|2\n|c|\u2606AugusMartinez03|Lol i have to lear priorities\n|\n|t:|1776137322\n|move|p2b: Gengar|Protect|p2b: Gengar\n|-singleturn|p2b: Gengar|Protect\n|move|p2a: Incineroar|Protect|p2a: Incineroar\n|-singleturn|p2a: Incineroar|Protect\n|move|p1a: Maushold|Taunt|p2a: Incineroar\n|-activate|p2a: Incineroar|move: Protect\n|move|p1b: Tyranitar|Knock Off|p2b: Gengar\n|-activate|p2b: Gengar|move: Protect\n|\n|-weather|Sandstorm|[upkeep]\n|-damage|p2b: Gengar|89/100|[from] Sandstorm\n|-damage|p1a: Maushold|88/100|[from] Sandstorm\n|-damage|p2a: Incineroar|89/100|[from] Sandstorm\n|-start|p2b: Gengar|perish2\n|-start|p1a: Maushold|perish2\n|-start|p1b: Tyranitar|perish2\n|-start|p2a: Incineroar|perish2\n|upkeep\n|turn|3\n|\n|t:|1776137378\n|move|p1a: Maushold|Protect|p1a: Maushold\n|-singleturn|p1a: Maushold|Protect\n|move|p2b: Gengar|Disable|p1b: Tyranitar\n|-start|p1b: Tyranitar|Disable|Knock Off\n|cant|p1b: Tyranitar|Disable|Knock Off\n|move|p2a: Incineroar|Flare Blitz|p1a: Maushold\n|-activate|p1a: Maushold|move: Protect\n|\n|-weather|Sandstorm|[upkeep]\n|-damage|p2b: Gengar|83/100|[from] Sandstorm\n|-damage|p1a: Maushold|82/100|[from] Sandstorm\n|-damage|p2a: Incineroar|83/100|[from] Sandstorm\n|-start|p2b: Gengar|perish1\n|-start|p1a: Maushold|perish1\n|-start|p1b: Tyranitar|perish1\n|-start|p2a: Incineroar|perish1\n|upkeep\n|turn|4\n|\n|t:|1776137412\n|switch|p2b: Kingambit|Kingambit, L50, F|100/100\n|move|p1a: Maushold|Super Fang|p2a: Incineroar\n|-damage|p2a: Incineroar|42/100\n|-enditem|p2a: Incineroar|Sitrus Berry|[eat]\n|-heal|p2a: Incineroar|67/100|[from] item: Sitrus Berry\n|move|p1b: Tyranitar|Low Kick|p2b: Kingambit\n|-supereffective|p2b: Kingambit|2\n|-crit|p2b: Kingambit\n|-damage|p2b: Kingambit|0 fnt\n|faint|p2b: Kingambit\n|move|p2a: Incineroar|Parting Shot|p1a: Maushold\n|-unboost|p1a: Maushold|atk|1\n|-unboost|p1a: Maushold|spa|1\n|\n|t:|1776137425\n|switch|p2a: Gengar|Gengar-Mega, L50, F|83/100|[from] Parting Shot\n|\n|-weather|Sandstorm|[upkeep]\n|-damage|p2a: Gengar|77/100|[from] Sandstorm\n|-damage|p1a: Maushold|76/100|[from] Sandstorm\n|-start|p1a: Maushold|perish0\n|-start|p1b: Tyranitar|perish0\n|upkeep\n|faint|p1a: Maushold\n|faint|p1b: Tyranitar\n|\n|t:|1776137435\n|switch|p1a: Gardevoir|Gardevoir, L50, M, shiny|100/100\n|switch|p1b: Garchomp|Garchomp, L50, F|100/100\n|switch|p2b: Milotic|Milotic, L50, F|100/100\n|turn|5\n|\n|t:|1776137468\n|detailschange|p1a: Gardevoir|Gardevoir-Mega, L50, M, shiny\n|-mega|p1a: Gardevoir|Gardevoir|Gardevoirite\n|move|p2a: Gengar|Protect|p2a: Gengar\n|-singleturn|p2a: Gengar|Protect\n|move|p1b: Garchomp|Protect|p1b: Garchomp\n|-singleturn|p1b: Garchomp|Protect\n|move|p1a: Gardevoir|Psychic|p2a: Gengar\n|-activate|p2a: Gengar|move: Protect\n|move|p2b: Milotic|Coil|p2b: Milotic\n|-boost|p2b: Milotic|atk|1\n|-boost|p2b: Milotic|def|1\n|-boost|p2b: Milotic|accuracy|1\n|\n|-weather|none\n|upkeep\n|turn|6\n|\n|t:|1776137499\n|move|p2a: Gengar|Shadow Ball|p1a: Gardevoir\n|-supereffective|p1a: Gardevoir|1\n|-damage|p1a: Gardevoir|11/100\n|move|p1b: Garchomp|Stone Edge|p2a: Gengar|[miss]\n|-miss|p1b: Garchomp|p2a: Gengar\n|move|p1a: Gardevoir|Hyper Voice|p2b: Milotic|[spread] p2a,p2b\n|-resisted|p2a: Gengar|1\n|-damage|p2a: Gengar|48/100\n|-damage|p2b: Milotic|66/100\n|move|p2b: Milotic|Muddy Water|p1b: Garchomp|[spread] p1a,p1b\n|-damage|p1a: Gardevoir|0 fnt\n|-damage|p1b: Garchomp|68/100\n|faint|p1a: Gardevoir\n|\n|-heal|p2b: Milotic|72/100|[from] item: Leftovers\n|upkeep\n|turn|7\n|c|\u2606AugusMartinez03|Hate perish\n|c|\u2606mr.matsumoto1|you needed to taunt inci\n|c|\u2606mr.matsumoto1|prevent the rotation\n|c|\u2606AugusMartinez03|Amazing Pok\u00e9mon with a strategy like that is so poor\n|\n|t:|1776137567\n|move|p2a: Gengar|Protect|p2a: Gengar\n|-singleturn|p2a: Gengar|Protect\n|move|p1b: Garchomp|Earthquake|p2a: Gengar|[spread] p2b\n|-activate|p2a: Gengar|move: Protect\n|-damage|p2b: Milotic|41/100\n|move|p2b: Milotic|Coil|p2b: Milotic\n|-boost|p2b: Milotic|atk|1\n|-boost|p2b: Milotic|def|1\n|-boost|p2b: Milotic|accuracy|1\n|\n|-heal|p2b: Milotic|47/100|[from] item: Leftovers\n|upkeep\n|turn|8\n|inactive|Battle timer is ON: inactive players will automatically lose when time's up. (requested by AugusMartinez03)\n|\n|t:|1776137580\n|move|p2a: Gengar|Shadow Ball|p1b: Garchomp\n|-damage|p1b: Garchomp|17/100\n|move|p1b: Garchomp|Earthquake|p2b: Milotic|[spread] p2a,p2b\n|-supereffective|p2a: Gengar|1\n|-damage|p2a: Gengar|0 fnt\n|-damage|p2b: Milotic|23/100\n|faint|p2a: Gengar\n|move|p2b: Milotic|Muddy Water|p1b: Garchomp\n|-damage|p1b: Garchomp|0 fnt\n|faint|p1b: Garchomp\n|\n|win|mr.matsumoto1\n|raw|AugusMartinez03's rating: 1139 &rarr; <strong>1121</strong><br />(-18 for losing)\n|raw|mr.matsumoto1's rating: 1234 &rarr; <strong>1252</strong><br />(+18 for winning)\n",
  "uploadtime": 1776137580,
  "views": 14,
  "formatid": "gen9championsvgc2026regma",
  "rating": 1121,
  "private": 0,
  "password": null
}