{
  "id": "gen9championsvgc2026regma-2582716514",
  "format": "[Gen 9 Champions] VGC 2026 Reg M-A",
  "players": [
    "Psicopatic",
    "KilamanolaVGC"
  ],
  "log": "|j|\u2606Psicopatic\n|j|\u203dKilamanolaVGC\n|t:|1776109241\n|gametype|doubles\n|player|p1|Psicopatic|265|1240\n|player|p2|KilamanolaVGC|benga|1291\n|gen|9\n|tier|[Gen 9 Champions] VGC 2026 Reg M-A\n|rated|\n|rule|Species Clause: Limit one of each Pok\u00e9mon\n|rule|Item Clause: Limit 1 of each item\n|clearpoke\n|poke|p1|Dragonite, L50, F|\n|poke|p1|Politoed, L50, F|\n|poke|p1|Basculegion, L50, M|\n|poke|p1|Incineroar, L50, F|\n|poke|p1|Gengar, L50, F|\n|poke|p1|Sneasler, L50, F|\n|poke|p2|Floette-Eternal, L50, F|\n|poke|p2|Garchomp, L50, M|\n|poke|p2|Aerodactyl, L50, M|\n|poke|p2|Kingambit, L50, F|\n|poke|p2|Basculegion, L50, M|\n|poke|p2|Sneasler, L50, M|\n|teampreview|4\n|inactive|Battle timer is ON: inactive players will automatically lose when time's up. (requested by KilamanolaVGC)\n|\n|t:|1776109261\n|teamsize|p1|4\n|teamsize|p2|4\n|start\n|switch|p1a: Gengar|Gengar, L50, F|100/100\n|switch|p1b: Sneasler|Sneasler, L50, F|100/100\n|switch|p2a: Kingambit|Kingambit, L50, F, shiny|100/100\n|switch|p2b: Sneasler|Sneasler, L50, M, shiny|100/100\n|turn|1\n|j| CownoseRay\n|\n|t:|1776109279\n|detailschange|p1a: Gengar|Gengar-Mega, L50, F\n|-mega|p1a: Gengar|Gengar|Gengarite\n|move|p1a: Gengar|Protect|p1a: Gengar\n|-singleturn|p1a: Gengar|Protect\n|move|p1b: Sneasler|Protect|p1b: Sneasler\n|-singleturn|p1b: Sneasler|Protect\n|move|p2b: Sneasler|Fake Out|p1b: Sneasler\n|-activate|p1b: Sneasler|move: Protect\n|move|p2a: Kingambit|Kowtow Cleave|p1a: Gengar\n|-activate|p1a: Gengar|move: Protect\n|\n|upkeep\n|turn|2\n|inactive|Psicopatic has 30 seconds left.\n|\n|t:|1776109314\n|switch|p1a: Politoed|Politoed, L50, F|100/100\n|-weather|RainDance|[from] ability: Drizzle|[of] p1a: Politoed\n|move|p2a: Kingambit|Protect|p2a: Kingambit\n|-singleturn|p2a: Kingambit|Protect\n|move|p2b: Sneasler|Close Combat|p1b: Sneasler\n|-resisted|p1b: Sneasler|1\n|-damage|p1b: Sneasler|51/100\n|-unboost|p2b: Sneasler|def|1\n|-unboost|p2b: Sneasler|spd|1\n|-enditem|p2b: Sneasler|White Herb\n|-clearnegativeboost|p2b: Sneasler|[silent]\n|move|p1b: Sneasler|Close Combat|p2a: Kingambit\n|-activate|p2a: Kingambit|move: Protect\n|\n|-weather|RainDance|[upkeep]\n|upkeep\n|turn|3\n|\n|t:|1776109339\n|switch|p1b: Gengar|Gengar-Mega, L50, F|100/100\n|switch|p2a: Basculegion|Basculegion, L50, M|100/100\n|move|p2b: Sneasler|Dire Claw|p1a: Politoed\n|-damage|p1a: Politoed|53/100\n|-status|p1a: Politoed|par\n|cant|p1a: Politoed|par\n|\n|-weather|RainDance|[upkeep]\n|upkeep\n|turn|4\n|\n|t:|1776109358\n|move|p1b: Gengar|Protect|p1b: Gengar\n|-singleturn|p1b: Gengar|Protect\n|move|p2b: Sneasler|Dire Claw|p1b: Gengar\n|-activate|p1b: Gengar|move: Protect\n|move|p2a: Basculegion|Wave Crash|p1a: Politoed\n|-resisted|p1a: Politoed|1\n|-damage|p1a: Politoed|0 fnt\n|faint|p1a: Politoed\n|-damage|p2a: Basculegion|83/100|[from] Recoil\n|\n|-weather|RainDance|[upkeep]\n|upkeep\n|l| CownoseRay\n|\n|t:|1776109367\n|switch|p1a: Basculegion|Basculegion, L50, M|100/100\n|turn|5\n|\n|t:|1776109375\n|move|p2b: Sneasler|Dire Claw|p1a: Basculegion\n|-resisted|p1a: Basculegion|1\n|-damage|p1a: Basculegion|74/100\n|-status|p1a: Basculegion|slp\n|cant|p1a: Basculegion|slp\n|move|p1b: Gengar|Shadow Ball|p2b: Sneasler\n|-damage|p2b: Sneasler|32/100\n|move|p2a: Basculegion|Wave Crash|p1b: Gengar\n|-crit|p1b: Gengar\n|-damage|p1b: Gengar|0 fnt\n|faint|p1b: Gengar\n|-damage|p2a: Basculegion|60/100|[from] Recoil\n|\n|-weather|RainDance|[upkeep]\n|upkeep\n|c|\u2606Psicopatic|brooo\n|\n|t:|1776109389\n|switch|p1b: Sneasler|Sneasler, L50, F|51/100\n|turn|6\n|\n|t:|1776109397\n|move|p1b: Sneasler|Fake Out|p2b: Sneasler\n|-damage|p2b: Sneasler|6/100\n|cant|p2b: Sneasler|flinch\n|cant|p1a: Basculegion|slp\n|move|p2a: Basculegion|Wave Crash|p1a: Basculegion\n|-resisted|p1a: Basculegion|1\n|-damage|p1a: Basculegion|0 fnt\n|faint|p1a: Basculegion\n|-damage|p2a: Basculegion|35/100|[from] Recoil\n|\n|-weather|none\n|upkeep\n|turn|7\n|-message|Psicopatic forfeited.\n|\n|win|KilamanolaVGC\n|raw|Psicopatic's rating: 1240 &rarr; <strong>1219</strong><br />(-21 for losing)\n|raw|KilamanolaVGC's rating: 1291 &rarr; <strong>1312</strong><br />(+21 for winning)\n|l|\u2606Psicopatic\n|player|p1|\n",
  "uploadtime": 1776109472,
  "views": 47,
  "formatid": "gen9championsvgc2026regma",
  "rating": 1219,
  "private": 0,
  "password": null
}