{
  "id": "gen9championsvgc2026regma-2588464632",
  "format": "[Gen 9 Champions] VGC 2026 Reg M-A",
  "players": [
    "Dr Gaster PHD",
    "VivaPardini"
  ],
  "log": "|j|\u2606Dr Gaster PHD\n|j|\u2606VivaPardini\n|t:|1776635866\n|gametype|doubles\n|player|p1|Dr Gaster PHD|ghetsis|1306\n|player|p2|VivaPardini|102|1393\n|gen|9\n|tier|[Gen 9 Champions] VGC 2026 Reg M-A\n|rated|\n|rule|Species Clause: Limit one of each Pok\u00e9mon\n|rule|Item Clause: Limit 1 of each item\n|clearpoke\n|poke|p1|Pelipper, L50, F|\n|poke|p1|Basculegion, L50, M, shiny|\n|poke|p1|Archaludon, L50, F, shiny|\n|poke|p1|Sinistcha-Masterpiece, L50|\n|poke|p1|Meganium, L50, F|\n|poke|p1|Victreebel, L50, F|\n|poke|p2|Politoed, L50, M|\n|poke|p2|Meganium, L50, M|\n|poke|p2|Archaludon, L50, M|\n|poke|p2|Arcanine-Hisui, L50, F|\n|poke|p2|Sneasler, L50, F|\n|poke|p2|Farigiraf, L50, F|\n|teampreview|4\n|\n|t:|1776635889\n|teamsize|p1|4\n|teamsize|p2|4\n|start\n|switch|p1a: Purple Rain|Basculegion, L50, M, shiny|100/100\n|switch|p1b: Bridget|Archaludon, L50, F, shiny|100/100\n|switch|p2a: Arcanine|Arcanine-Hisui, L50, F|100/100\n|switch|p2b: Sneasler|Sneasler, L50, F|100/100\n|-ability|p2a: Arcanine|Intimidate|boost\n|-unboost|p1a: Purple Rain|atk|1\n|-unboost|p1b: Bridget|atk|1\n|turn|1\n|\n|t:|1776635911\n|move|p2a: Arcanine|Wild Charge|p1a: Purple Rain\n|-supereffective|p1a: Purple Rain|1\n|-damage|p1a: Purple Rain|25/100\n|-damage|p2a: Arcanine|80/100|[from] Recoil\n|move|p1a: Purple Rain|Flip Turn|p2a: Arcanine\n|-supereffective|p2a: Arcanine|2\n|-damage|p2a: Arcanine|0 fnt\n|faint|p2a: Arcanine\n|\n|t:|1776635915\n|switch|p1a: Sky Toilet|Pelipper, L50, F|100/100|[from] Flip Turn\n|-weather|RainDance|[from] ability: Drizzle|[of] p1a: Sky Toilet\n|move|p2b: Sneasler|Close Combat|p1b: Bridget\n|-supereffective|p1b: Bridget|1\n|-damage|p1b: Bridget|0 fnt\n|-unboost|p2b: Sneasler|def|1\n|-unboost|p2b: Sneasler|spd|1\n|faint|p1b: Bridget\n|-enditem|p2b: Sneasler|White Herb\n|-clearnegativeboost|p2b: Sneasler|[silent]\n|\n|-weather|RainDance|[upkeep]\n|upkeep\n|inactive|Battle timer is ON: inactive players will automatically lose when time's up. (requested by Dr Gaster PHD)\n|\n|t:|1776635930\n|switch|p2a: Archaludon|Archaludon, L50, M|100/100\n|switch|p1b: Victreebel|Victreebel, L50, F|100/100\n|turn|2\n|inactive|VivaPardini has 30 seconds left.\n|\n|t:|1776635959\n|detailschange|p1b: Victreebel|Victreebel-Mega, L50, F\n|-mega|p1b: Victreebel|Victreebel|Victreebelite\n|move|p2b: Sneasler|Dire Claw|p1b: Victreebel\n|-damage|p1b: Victreebel|50/100\n|move|p1a: Sky Toilet|Hurricane|p2b: Sneasler\n|-supereffective|p2b: Sneasler|1\n|-damage|p2b: Sneasler|0 fnt\n|faint|p2b: Sneasler\n|move|p2a: Archaludon|Electro Shot||[still]\n|-prepare|p2a: Archaludon|Electro Shot\n|-boost|p2a: Archaludon|spa|1\n|-anim|p2a: Archaludon|Electro Shot|p1a: Sky Toilet\n|-supereffective|p1a: Sky Toilet|2\n|-enditem|p1a: Sky Toilet|Focus Sash\n|-damage|p1a: Sky Toilet|1/100\n|move|p1b: Victreebel|Sleep Powder|p2a: Archaludon\n|-status|p2a: Archaludon|slp|[from] move: Sleep Powder\n|\n|-weather|RainDance|[upkeep]\n|upkeep\n|\n|t:|1776635976\n|switch|p2b: Farigiraf|Farigiraf, L50, F|100/100\n|turn|3\n|\n|t:|1776635993\n|move|p1a: Sky Toilet|Weather Ball|p2b: Farigiraf\n|-damage|p2b: Farigiraf|51/100\n|cant|p2a: Archaludon|slp\n|move|p1b: Victreebel|Power Whip|p2b: Farigiraf\n|-damage|p2b: Farigiraf|2/100\n|move|p2b: Farigiraf|Hyper Voice|p1b: Victreebel|[spread] p1a,p1b\n|-damage|p1a: Sky Toilet|0 fnt\n|-damage|p1b: Victreebel|20/100\n|faint|p1a: Sky Toilet\n|\n|-weather|RainDance|[upkeep]\n|upkeep\n|\n|t:|1776636002\n|switch|p1a: Purple Rain|Basculegion, L50, M, shiny|25/100\n|turn|4\n|\n|t:|1776636011\n|move|p2b: Farigiraf|Protect|p2b: Farigiraf\n|-singleturn|p2b: Farigiraf|Protect\n|move|p1a: Purple Rain|Last Respects|p2a: Archaludon\n|-damage|p2a: Archaludon|29/100 slp\n|-ability|p2a: Archaludon|Stamina|boost\n|-boost|p2a: Archaludon|def|1\n|cant|p2a: Archaludon|slp\n|move|p1b: Victreebel|Sludge Bomb|p2b: Farigiraf\n|-activate|p2b: Farigiraf|move: Protect\n|\n|-weather|RainDance|[upkeep]\n|-heal|p2a: Archaludon|35/100 slp|[from] item: Leftovers\n|upkeep\n|turn|5\n|inactive|VivaPardini has 30 seconds left.\n|inactive|VivaPardini has 20 seconds left.\n|\n|t:|1776636050\n|-curestatus|p2a: Archaludon|slp|[msg]\n|move|p2a: Archaludon|Protect|p2a: Archaludon\n|-singleturn|p2a: Archaludon|Protect\n|move|p1a: Purple Rain|Last Respects|p2a: Archaludon\n|-activate|p2a: Archaludon|move: Protect\n|move|p1b: Victreebel|Sludge Bomb|p2b: Farigiraf\n|-damage|p2b: Farigiraf|0 fnt\n|faint|p2b: Farigiraf\n|\n|-weather|none\n|-heal|p2a: Archaludon|40/100|[from] item: Leftovers\n|upkeep\n|turn|6\n|\n|t:|1776636064\n|move|p1a: Purple Rain|Last Respects|p2a: Archaludon\n|-damage|p2a: Archaludon|0 fnt\n|faint|p2a: Archaludon\n|\n|win|Dr Gaster PHD\n|raw|Dr Gaster PHD's rating: 1306 &rarr; <strong>1331</strong><br />(+25 for winning)\n|raw|VivaPardini's rating: 1393 &rarr; <strong>1368</strong><br />(-25 for losing)\n",
  "uploadtime": 1776636068,
  "views": 12,
  "formatid": "gen9championsvgc2026regma",
  "rating": 1331,
  "private": 0,
  "password": null
}