{
  "id": "gen9championsvgc2026regma-2585416776",
  "format": "[Gen 9 Champions] VGC 2026 Reg M-A",
  "players": [
    "ghfdc67",
    "monster_cheese44"
  ],
  "log": "|j|\u2606ghfdc67\n|j|\u2606monster_cheese44\n|t:|1776345792\n|gametype|doubles\n|player|p1|ghfdc67|wattson|1000\n|player|p2|monster_cheese44|266|1065\n|gen|9\n|tier|[Gen 9 Champions] VGC 2026 Reg M-A\n|rated|\n|rule|Species Clause: Limit one of each Pok\u00e9mon\n|rule|Item Clause: Limit 1 of each item\n|clearpoke\n|poke|p1|Floette-Eternal, L50, F|\n|poke|p1|Incineroar, L50, M|\n|poke|p1|Dragonite, L50, M|\n|poke|p1|Sneasler, L50, F|\n|poke|p1|Basculegion, L50, M|\n|poke|p1|Scizor, L50, M|\n|poke|p2|Garganacl, L50, M|\n|poke|p2|Sneasler, L50, F|\n|poke|p2|Kingambit, L50, M|\n|poke|p2|Pelipper, L50, M|\n|poke|p2|Garchomp, L50, M|\n|poke|p2|Scovillain, L50, F|\n|teampreview|4\n|inactive|Battle timer is ON: inactive players will automatically lose when time's up. (requested by ghfdc67)\nghfdc67 has agreed to open team sheets.\n|inactive|ghfdc67 has 60 seconds left.\n|\n|t:|1776345829\n|teamsize|p1|4\n|teamsize|p2|4\n|start\n|switch|p1a: Incineroar|Incineroar, L50, M|100/100\n|switch|p1b: Dragonite|Dragonite, L50, M|100/100\n|switch|p2a: godzilla fish|Garchomp, L50, M, shiny|100/100\n|switch|p2b: flying fish|Pelipper, L50, M, shiny|100/100\n|-weather|RainDance|[from] ability: Drizzle|[of] p2b: flying fish\n|-ability|p1a: Incineroar|Intimidate|boost\n|-unboost|p2a: godzilla fish|atk|1\n|-unboost|p2b: flying fish|atk|1\n|turn|1\n|inactive|monster_cheese44 has 30 seconds left.\n|\n|t:|1776345854\n|detailschange|p2a: godzilla fish|Garchomp-Mega, L50, M, shiny\n|-mega|p2a: godzilla fish|Garchomp|Garchompite\n|move|p1a: Incineroar|Fake Out|p2b: flying fish\n|-damage|p2b: flying fish|93/100\n|move|p2a: godzilla fish|Rock Slide|p1b: Dragonite|[spread] p1a,p1b\n|-supereffective|p1a: Incineroar|1\n|-supereffective|p1b: Dragonite|1\n|-damage|p1a: Incineroar|76/100\n|-damage|p1b: Dragonite|84/100\n|move|p1b: Dragonite|Scale Shot|p2a: godzilla fish\n|-supereffective|p2a: godzilla fish|1\n|-damage|p2a: godzilla fish|78/100\n|-supereffective|p2a: godzilla fish|1\n|-damage|p2a: godzilla fish|54/100\n|-supereffective|p2a: godzilla fish|1\n|-damage|p2a: godzilla fish|30/100\n|-hitcount|p2a: godzilla fish|3\n|-unboost|p1b: Dragonite|def|1\n|-boost|p1b: Dragonite|spe|1\n|-enditem|p1b: Dragonite|White Herb\n|-clearnegativeboost|p1b: Dragonite|[silent]\n|cant|p2b: flying fish|flinch\n|\n|-weather|RainDance|[upkeep]\n|upkeep\n|turn|2\n|inactive|ghfdc67 has 30 seconds left.\n|inactive|monster_cheese44 has 30 seconds left.\n|\n|t:|1776345886\n|move|p1b: Dragonite|Scale Shot|p2a: godzilla fish\n|-supereffective|p2a: godzilla fish|1\n|-damage|p2a: godzilla fish|5/100\n|-supereffective|p2a: godzilla fish|1\n|-damage|p2a: godzilla fish|0 fnt\n|faint|p2a: godzilla fish\n|-hitcount|p2: godzilla fish|2\n|-unboost|p1b: Dragonite|def|1\n|-boost|p1b: Dragonite|spe|1\n|move|p2b: flying fish|Muddy Water|p1b: Dragonite|[spread] p1a,p1b\n|-supereffective|p1a: Incineroar|1\n|-resisted|p1b: Dragonite|1\n|-damage|p1a: Incineroar|25/100\n|-damage|p1b: Dragonite|65/100\n|-unboost|p1b: Dragonite|accuracy|1\n|-enditem|p1a: Incineroar|Sitrus Berry|[eat]\n|-heal|p1a: Incineroar|50/100|[from] item: Sitrus Berry\n|move|p1a: Incineroar|Darkest Lariat|p2b: flying fish\n|-damage|p2b: flying fish|66/100\n|\n|-weather|RainDance|[upkeep]\n|upkeep\n|inactive|monster_cheese44 has 30 seconds left.\n|\n|t:|1776345913\n|switch|p2a: salt fish|Garganacl, L50, M|100/100\n|turn|3\n|\n|t:|1776345930\n|move|p2a: salt fish|Wide Guard|p2a: salt fish\n|-singleturn|p2a: salt fish|Wide Guard\n|move|p1b: Dragonite|Scale Shot|p2b: flying fish\n|-damage|p2b: flying fish|53/100\n|-damage|p2b: flying fish|42/100\n|-damage|p2b: flying fish|31/100\n|-hitcount|p2b: flying fish|3\n|-unboost|p1b: Dragonite|def|1\n|-boost|p1b: Dragonite|spe|1\n|move|p2b: flying fish|Muddy Water|p1b: Dragonite|[spread] p1a,p1b\n|-supereffective|p1a: Incineroar|1\n|-resisted|p1b: Dragonite|1\n|-damage|p1a: Incineroar|0 fnt\n|-damage|p1b: Dragonite|46/100\n|faint|p1a: Incineroar\n|\n|-weather|RainDance|[upkeep]\n|upkeep\n|\n|t:|1776345947\n|switch|p1a: Floette|Floette-Eternal, L50, F|100/100\n|turn|4\n|\n|t:|1776345972\n|detailschange|p1a: Floette|Floette-Mega, L50, F\n|-mega|p1a: Floette|Floette|Floettite\n|-ability|p1a: Floette|Fairy Aura\n|move|p2b: flying fish|Protect|p2b: flying fish\n|-singleturn|p2b: flying fish|Protect\n|move|p1b: Dragonite|Scale Shot|p2a: salt fish|[miss]\n|-miss|p1b: Dragonite|p2a: salt fish\n|move|p1a: Floette|Moonblast|p2b: flying fish\n|-activate|p2b: flying fish|move: Protect\n|move|p2a: salt fish|Salt Cure|p1b: Dragonite\n|-supereffective|p1b: Dragonite|1\n|-damage|p1b: Dragonite|0 fnt\n|faint|p1b: Dragonite\n|\n|-weather|RainDance|[upkeep]\n|upkeep\n|\n|t:|1776345989\n|switch|p1b: Sneasler|Sneasler, L50, F|100/100\n|turn|5\n|\n|t:|1776346008\n|move|p1b: Sneasler|Fake Out|p2a: salt fish\n|-resisted|p2a: salt fish|1\n|-damage|p2a: salt fish|97/100\n|cant|p2a: salt fish|flinch\n|move|p1a: Floette|Moonblast|p2b: flying fish\n|-damage|p2b: flying fish|0 fnt\n|faint|p2b: flying fish\n|\n|-weather|none\n|-heal|p2a: salt fish|100/100|[from] item: Leftovers\n|upkeep\n|\n|t:|1776346025\n|switch|p2b: spicy fish|Scovillain, L50, F|100/100\n|turn|6\n|inactive|monster_cheese44 has 30 seconds left.\n|\n|t:|1776346054\n|move|p1a: Floette|Protect|p1a: Floette\n|-singleturn|p1a: Floette|Protect\n|move|p2a: salt fish|Wide Guard|p2a: salt fish\n|-singleturn|p2a: salt fish|Wide Guard\n|move|p1b: Sneasler|Close Combat|p2a: salt fish\n|-supereffective|p2a: salt fish|1\n|-damage|p2a: salt fish|18/100\n|-unboost|p1b: Sneasler|def|1\n|-unboost|p1b: Sneasler|spd|1\n|move|p2b: spicy fish|Flamethrower|p1a: Floette\n|-activate|p1a: Floette|move: Protect\n|\n|-heal|p2a: salt fish|24/100|[from] item: Leftovers\n|-ability|p2b: spicy fish|Moody|boost\n|-boost|p2b: spicy fish|spd|2\n|-unboost|p2b: spicy fish|atk|1\n|upkeep\n|turn|7\n|\n|t:|1776346076\n|move|p2a: salt fish|Protect|p2a: salt fish\n|-singleturn|p2a: salt fish|Protect\n|move|p1b: Sneasler|Close Combat|p2a: salt fish\n|-activate|p2a: salt fish|move: Protect\n|move|p1a: Floette|Moonblast|p2b: spicy fish\n|-resisted|p2b: spicy fish|1\n|-damage|p2b: spicy fish|71/100\n|move|p2b: spicy fish|Fire Blast|p1a: Floette\n|-damage|p1a: Floette|53/100\n|\n|-heal|p2a: salt fish|30/100|[from] item: Leftovers\n|-ability|p2b: spicy fish|Moody|boost\n|-boost|p2b: spicy fish|def|2\n|-unboost|p2b: spicy fish|spe|1\n|upkeep\n|turn|8\n|inactive|monster_cheese44 has 30 seconds left.\n|\n|t:|1776346106\n|move|p1b: Sneasler|Close Combat|p2a: salt fish\n|-supereffective|p2a: salt fish|1\n|-damage|p2a: salt fish|0 fnt\n|-unboost|p1b: Sneasler|def|1\n|-unboost|p1b: Sneasler|spd|1\n|faint|p2a: salt fish\n|move|p1a: Floette|Moonblast|p2b: spicy fish\n|-resisted|p2b: spicy fish|1\n|-damage|p2b: spicy fish|42/100\n|move|p2b: spicy fish|Flamethrower|p1b: Sneasler\n|-enditem|p1b: Sneasler|Focus Sash\n|-damage|p1b: Sneasler|1/100\n|\n|-ability|p2b: spicy fish|Moody|boost\n|-boost|p2b: spicy fish|def|2\n|-unboost|p2b: spicy fish|spa|1\n|upkeep\n|turn|9\n|inactive|monster_cheese44 has 30 seconds left.\n|\n|t:|1776346135\n|move|p1b: Sneasler|Dire Claw|p2b: spicy fish\n|-supereffective|p2b: spicy fish|1\n|-damage|p2b: spicy fish|13/100\n|move|p1a: Floette|Moonblast|p2b: spicy fish\n|-resisted|p2b: spicy fish|1\n|-damage|p2b: spicy fish|0 fnt\n|faint|p2b: spicy fish\n|\n|win|ghfdc67\n|raw|ghfdc67's rating: 1000 &rarr; <strong>1047</strong><br />(+47 for winning)\n|raw|monster_cheese44's rating: 1065 &rarr; <strong>1042</strong><br />(-23 for losing)\n",
  "uploadtime": 1776346135,
  "views": 24,
  "formatid": "gen9championsvgc2026regma",
  "rating": 1042,
  "private": 0,
  "password": null
}