{
  "id": "gen9championsvgc2026regma-2580921077",
  "format": "[Gen 9 Champions] VGC 2026 Reg M-A",
  "players": [
    "derpybaits",
    "hurhe"
  ],
  "log": "|j|\u2606derpybaits\n|j|\u2606hurhe\n|t:|1775943492\n|gametype|doubles\n|player|p1|derpybaits|266|1047\n|player|p2|hurhe|101|1000\n|gen|9\n|tier|[Gen 9 Champions] VGC 2026 Reg M-A\n|rated|\n|rule|Species Clause: Limit one of each Pok\u00e9mon\n|rule|Item Clause: Limit 1 of each item\n|clearpoke\n|poke|p1|Floette-Eternal, L50, F|\n|poke|p1|Maushold, L50|\n|poke|p1|Garchomp, L50, F|\n|poke|p1|Talonflame, L50, F|\n|poke|p1|Rotom-Wash, L50|\n|poke|p1|Aegislash, L50, M|\n|poke|p2|Leafeon, L50, M|\n|poke|p2|Bellibolt, L50, M|\n|poke|p2|Charizard, L50, M|\n|poke|p2|Meowstic, L50, M|\n|poke|p2|Primarina, L50, M|\n|poke|p2|Vivillon-Icy Snow, L50, F|\n|teampreview|4\n|\n|t:|1775943511\n|teamsize|p1|4\n|teamsize|p2|4\n|start\n|switch|p1a: Floette|Floette-Eternal, L50, F|100/100\n|switch|p1b: Maushold|Maushold, L50|100/100\n|switch|p2a: Meowstic|Meowstic, L50, M|100/100\n|switch|p2b: Primarina|Primarina, L50, M|100/100\n|turn|1\n|\n|t:|1775943538\n|detailschange|p1a: Floette|Floette-Mega, L50, F\n|-mega|p1a: Floette|Floette|Floettite\n|-ability|p1a: Floette|Fairy Aura\n|move|p2a: Meowstic|Fake Out|p1a: Floette\n|-damage|p1a: Floette|95/100\n|move|p1b: Maushold|Follow Me|p1b: Maushold\n|-singleturn|p1b: Maushold|move: Follow Me\n|cant|p1a: Floette|flinch\n|move|p2b: Primarina|Encore|p1b: Maushold\n|-start|p1b: Maushold|Encore\n|\n|upkeep\n|turn|2\n|\n|t:|1775943563\n|move|p2a: Meowstic|Helping Hand|p2b: Primarina\n|-singleturn|p2b: Primarina|Helping Hand|[of] p2a: Meowstic\n|move|p1b: Maushold|Follow Me|p1b: Maushold\n|-singleturn|p1b: Maushold|move: Follow Me\n|move|p1a: Floette|Calm Mind|p1a: Floette\n|-boost|p1a: Floette|spa|1\n|-boost|p1a: Floette|spd|1\n|move|p2b: Primarina|Hyper Voice|p1a: Floette|[spread] p1a,p1b\n|-damage|p1a: Floette|74/100\n|-damage|p1b: Maushold|36/100\n|\n|upkeep\n|turn|3\n|\n|t:|1775943581\n|switch|p2a: Leafeon|Leafeon, L50, M|100/100\n|move|p1b: Maushold|Follow Me|p1b: Maushold\n|-singleturn|p1b: Maushold|move: Follow Me\n|move|p1a: Floette|Dazzling Gleam|p2b: Primarina|[spread] p2a,p2b\n|-damage|p2a: Leafeon|0 fnt\n|-damage|p2b: Primarina|44/100\n|-enditem|p2b: Primarina|Sitrus Berry|[eat]\n|-heal|p2b: Primarina|69/100|[from] item: Sitrus Berry\n|faint|p2a: Leafeon\n|move|p2b: Primarina|Hyper Voice|p1b: Maushold|[spread] p1a,p1b\n|-damage|p1a: Floette|59/100\n|-damage|p1b: Maushold|0 fnt\n|faint|p1b: Maushold\n|\n|upkeep\n|\n|t:|1775943595\n|switch|p1b: Talonflame|Talonflame, L50, F|100/100\n|switch|p2a: Meowstic|Meowstic, L50, M|100/100\n|turn|4\n|\n|t:|1775943604\n|move|p2a: Meowstic|Fake Out|p1a: Floette\n|-damage|p1a: Floette|52/100\n|move|p1b: Talonflame|Tailwind|p1b: Talonflame\n|-sidestart|p1: derpybaits|move: Tailwind\n|cant|p1a: Floette|flinch\n|move|p2b: Primarina|Hyper Voice|p1a: Floette|[spread] p1a,p1b\n|-supereffective|p1b: Talonflame|1\n|-damage|p1a: Floette|33/100\n|-damage|p1b: Talonflame|0 fnt\n|faint|p1b: Talonflame\n|\n|upkeep\n|\n|t:|1775943607\n|switch|p1b: Garchomp|Garchomp, L50, F|100/100\n|turn|5\n|\n|t:|1775943623\n|move|p1a: Floette|Protect|p1a: Floette\n|-singleturn|p1a: Floette|Protect\n|move|p2b: Primarina|Protect|p2b: Primarina\n|-singleturn|p2b: Primarina|Protect\n|move|p2a: Meowstic|Charm|p1b: Garchomp\n|-unboost|p1b: Garchomp|atk|2\n|move|p1b: Garchomp|Earthquake|p2a: Meowstic|[spread] p2a\n|-activate|p1a: Floette|move: Protect\n|-activate|p2b: Primarina|move: Protect\n|-damage|p2a: Meowstic|70/100\n|\n|upkeep\n|turn|6\n|\n|t:|1775943640\n|move|p2a: Meowstic|Charm|p1b: Garchomp\n|-unboost|p1b: Garchomp|atk|2\n|move|p1a: Floette|Dazzling Gleam|p2a: Meowstic|[spread] p2a,p2b\n|-damage|p2a: Meowstic|15/100\n|-damage|p2b: Primarina|7/100\n|move|p1b: Garchomp|Stomping Tantrum|p2a: Meowstic\n|-damage|p2a: Meowstic|0 fnt\n|faint|p2a: Meowstic\n|move|p2b: Primarina|Hyper Voice|p1a: Floette|[spread] p1a,p1b\n|-damage|p1a: Floette|13/100\n|-damage|p1b: Garchomp|65/100\n|\n|upkeep\n|\n|t:|1775943651\n|switch|p2a: Charizard|Charizard, L50, M|100/100\n|turn|7\n|\n|t:|1775943668\n|detailschange|p2a: Charizard|Charizard-Mega-Y, L50, M\n|-mega|p2a: Charizard|Charizard|Charizardite Y\n|-weather|SunnyDay|[from] ability: Drought|[of] p2a: Charizard\n|move|p1a: Floette|Dazzling Gleam|p2a: Charizard|[spread] p2a,p2b\n|-resisted|p2a: Charizard|1\n|-damage|p2a: Charizard|68/100\n|-damage|p2b: Primarina|0 fnt\n|faint|p2b: Primarina\n|move|p1b: Garchomp|Stone Edge|p2a: Charizard\n|-supereffective|p2a: Charizard|2\n|-damage|p2a: Charizard|16/100\n|move|p2a: Charizard|Heat Wave|p1a: Floette|[spread] p1a,p1b\n|-resisted|p1b: Garchomp|1\n|-damage|p1a: Floette|0 fnt\n|-damage|p1b: Garchomp|27/100\n|faint|p1a: Floette\n|\n|-weather|SunnyDay|[upkeep]\n|-sideend|p1: derpybaits|move: Tailwind\n|upkeep\n|turn|8\n|\n|t:|1775943683\n|move|p2a: Charizard|Protect|p2a: Charizard\n|-singleturn|p2a: Charizard|Protect\n|move|p1b: Garchomp|Stone Edge|p2a: Charizard\n|-activate|p2a: Charizard|move: Protect\n|\n|-weather|SunnyDay|[upkeep]\n|upkeep\n|turn|9\n|\n|t:|1775943690\n|move|p1b: Garchomp|Stone Edge|p2a: Charizard\n|-supereffective|p2a: Charizard|2\n|-crit|p2a: Charizard\n|-damage|p2a: Charizard|0 fnt\n|faint|p2a: Charizard\n|\n|win|derpybaits\n|raw|derpybaits's rating: 1047 &rarr; <strong>1076</strong><br />(+29 for winning)\n|raw|hurhe's rating: 1000 &rarr; <strong>1000</strong><br />(+0 for losing)\n|l|\u2606hurhe\n|player|p2|\n",
  "uploadtime": 1775943695,
  "views": 13,
  "formatid": "gen9championsvgc2026regma",
  "rating": 1000,
  "private": 0,
  "password": null
}