{
  "id": "gen9championsvgc2026regma-2587537193",
  "format": "[Gen 9 Champions] VGC 2026 Reg M-A",
  "players": [
    "Jorgito27",
    "tvini222555"
  ],
  "log": "|j|\u2606Jorgito27\n|j|\u2606tvini222555\n|t:|1776540317\n|gametype|doubles\n|player|p1|Jorgito27|266|1164\n|player|p2|tvini222555|266|1199\n|gen|9\n|tier|[Gen 9 Champions] VGC 2026 Reg M-A\n|rated|\n|rule|Species Clause: Limit one of each Pok\u00e9mon\n|rule|Item Clause: Limit 1 of each item\n|clearpoke\n|poke|p1|Froslass, L50, F|\n|poke|p1|Tauros-Paldea-Aqua, L50, M|\n|poke|p1|Whimsicott, L50, M|\n|poke|p1|Milotic, L50, F|\n|poke|p1|Garchomp, L50, F|\n|poke|p1|Farigiraf, L50, F|\n|poke|p2|Feraligatr, L50, F|\n|poke|p2|Talonflame, L50, M|\n|poke|p2|Rotom-Mow, L50|\n|poke|p2|Excadrill, L50, F|\n|poke|p2|Kangaskhan, L50, F|\n|poke|p2|Floette-Eternal, L50, F|\n|teampreview|4\n|\n|t:|1776540350\n|teamsize|p1|4\n|teamsize|p2|4\n|start\n|switch|p1a: Froslass|Froslass, L50, F|100/100\n|switch|p1b: Milotic|Milotic, L50, F|100/100\n|switch|p2a: Talonflame|Talonflame, L50, M|100/100\n|switch|p2b: Excadrill|Excadrill, L50, F|100/100\n|turn|1\n|inactive|Battle timer is ON: inactive players will automatically lose when time's up. (requested by tvini222555)\n|\n|t:|1776540376\n|move|p1a: Froslass|Protect|p1a: Froslass\n|-singleturn|p1a: Froslass|Protect\n|move|p2a: Talonflame|Tailwind|p2a: Talonflame\n|-sidestart|p2: tvini222555|move: Tailwind\n|move|p2b: Excadrill|Rock Slide|p1a: Froslass|[spread] p1b\n|-activate|p1a: Froslass|move: Protect\n|-damage|p1b: Milotic|84/100\n|move|p1b: Milotic|Icy Wind|p2b: Excadrill|[spread] p2a,p2b\n|-damage|p2a: Talonflame|86/100\n|-damage|p2b: Excadrill|87/100\n|-unboost|p2a: Talonflame|spe|1\n|-unboost|p2b: Excadrill|spe|1\n|-enditem|p2b: Excadrill|White Herb\n|-clearnegativeboost|p2b: Excadrill|[silent]\n|\n|-heal|p1b: Milotic|90/100|[from] item: Leftovers\n|upkeep\n|turn|2\n|inactive|tvini222555 has 30 seconds left.\n|\n|t:|1776540402\n|move|p2b: Excadrill|Iron Head|p1a: Froslass\n|-supereffective|p1a: Froslass|1\n|-enditem|p1a: Froslass|Focus Sash\n|-damage|p1a: Froslass|1/100\n|move|p2a: Talonflame|Dual Wingbeat|p1a: Froslass\n|-damage|p1a: Froslass|0 fnt\n|faint|p1a: Froslass\n|-hitcount|p1: Froslass|1\n|move|p1b: Milotic|Icy Wind|p2b: Excadrill|[spread] p2a,p2b\n|-damage|p2a: Talonflame|71/100\n|-damage|p2b: Excadrill|74/100\n|-unboost|p2a: Talonflame|spe|1\n|-unboost|p2b: Excadrill|spe|1\n|\n|-heal|p1b: Milotic|96/100|[from] item: Leftovers\n|upkeep\n|\n|t:|1776540414\n|switch|p1a: Tauros|Tauros-Paldea-Aqua, L50, M|100/100\n|turn|3\n|\n|t:|1776540430\n|switch|p2a: Feraligatr|Feraligatr, L50, F|100/100\n|move|p2b: Excadrill|Protect|p2b: Excadrill\n|-singleturn|p2b: Excadrill|Protect\n|move|p1a: Tauros|Rock Slide|p2b: Excadrill|[spread] p2a\n|-activate|p2b: Excadrill|move: Protect\n|-damage|p2a: Feraligatr|82/100\n|move|p1b: Milotic|Scald|p2b: Excadrill\n|-activate|p2b: Excadrill|move: Protect\n|\n|-heal|p1b: Milotic|100/100|[from] item: Leftovers\n|upkeep\n|turn|4\n|inactive|Jorgito27 has 30 seconds left.\n|inactive|tvini222555 has 30 seconds left.\n|\n|t:|1776540462\n|switch|p1a: Farigiraf|Farigiraf, L50, F|100/100\n|switch|p2b: Floette|Floette-Eternal, L50, F|100/100\n|detailschange|p2a: Feraligatr|Feraligatr-Mega, L50, F\n|-mega|p2a: Feraligatr|Feraligatr|Feraligite\n|move|p2a: Feraligatr|Dragon Dance|p2a: Feraligatr\n|-boost|p2a: Feraligatr|atk|1\n|-boost|p2a: Feraligatr|spe|1\n|move|p1b: Milotic|Icy Wind|p2a: Feraligatr|[spread] p2a,p2b\n|-damage|p2a: Feraligatr|70/100\n|-damage|p2b: Floette|91/100\n|-unboost|p2a: Feraligatr|spe|1\n|-unboost|p2b: Floette|spe|1\n|\n|-sideend|p2: tvini222555|move: Tailwind\n|upkeep\n|turn|5\n|inactive|Jorgito27 has 30 seconds left.\n|\n|t:|1776540488\n|move|p2a: Feraligatr|Liquidation|p1a: Farigiraf\n|-damage|p1a: Farigiraf|16/100\n|-enditem|p1a: Farigiraf|Sitrus Berry|[eat]\n|-heal|p1a: Farigiraf|41/100|[from] item: Sitrus Berry\n|move|p1b: Milotic|Scald|p2a: Feraligatr\n|-resisted|p2a: Feraligatr|2\n|-damage|p2a: Feraligatr|61/100\n|-status|p2a: Feraligatr|brn\n|move|p2b: Floette|Moonblast|p1a: Farigiraf\n|-damage|p1a: Farigiraf|9/100\n|move|p1a: Farigiraf|Hyper Voice|p2b: Floette|[spread] p2a,p2b\n|-damage|p2a: Feraligatr|30/100 brn\n|-damage|p2b: Floette|69/100\n|\n|-damage|p2a: Feraligatr|23/100 brn|[from] brn\n|upkeep\n|turn|6\n|inactive|tvini222555 has 30 seconds left.\n|\n|t:|1776540514\n|move|p1a: Farigiraf|Protect|p1a: Farigiraf\n|-singleturn|p1a: Farigiraf|Protect\n|move|p2a: Feraligatr|Facade|p1b: Milotic\n|-damage|p1b: Milotic|0 fnt\n|faint|p1b: Milotic\n|move|p2b: Floette|Dazzling Gleam|p1a: Farigiraf\n|-activate|p1a: Farigiraf|move: Protect\n|\n|-damage|p2a: Feraligatr|17/100 brn|[from] brn\n|upkeep\n|\n|t:|1776540521\n|switch|p1b: Tauros|Tauros-Paldea-Aqua, L50, M|100/100\n|turn|7\n|\n|t:|1776540537\n|move|p2a: Feraligatr|Protect|p2a: Feraligatr\n|-singleturn|p2a: Feraligatr|Protect\n|move|p1b: Tauros|Raging Bull|p2b: Floette\n|-damage|p2b: Floette|7/100\n|-enditem|p2b: Floette|Sitrus Berry|[eat]\n|-heal|p2b: Floette|32/100|[from] item: Sitrus Berry\n|move|p2b: Floette|Dazzling Gleam|p1b: Tauros|[spread] p1a,p1b\n|-supereffective|p1b: Tauros|1\n|-damage|p1a: Farigiraf|0 fnt\n|-damage|p1b: Tauros|0 fnt\n|faint|p1a: Farigiraf\n|faint|p1b: Tauros\n|\n|win|tvini222555\n|raw|Jorgito27's rating: 1164 &rarr; <strong>1142</strong><br />(-22 for losing)\n|raw|tvini222555's rating: 1199 &rarr; <strong>1221</strong><br />(+22 for winning)\n|l|\u2606Jorgito27\n|player|p1|\n",
  "uploadtime": 1776540567,
  "views": 23,
  "formatid": "gen9championsvgc2026regma",
  "rating": 1142,
  "private": 0,
  "password": null
}