{
  "id": "gen9championsvgc2026regma-2581750277",
  "format": "[Gen 9 Champions] VGC 2026 Reg M-A",
  "players": [
    "papiyunior",
    "FallenAngeel2"
  ],
  "log": "|j|\u2606papiyunior\n|j|\u2606FallenAngeel2\n|t:|1776025525\n|gametype|doubles\n|player|p1|papiyunior|steven|1112\n|player|p2|FallenAngeel2|102|1087\n|gen|9\n|tier|[Gen 9 Champions] VGC 2026 Reg M-A\n|rated|\n|rule|Species Clause: Limit one of each Pok\u00e9mon\n|rule|Item Clause: Limit 1 of each item\n|clearpoke\n|poke|p1|Espathra, L50, F|\n|poke|p1|Charizard, L50, M|\n|poke|p1|Garchomp, L50, F|\n|poke|p1|Sableye, L50, M|\n|poke|p1|Milotic, L50, F|\n|poke|p1|Gardevoir, L50, M|\n|poke|p2|Archaludon, L50, F|\n|poke|p2|Basculegion, L50, M|\n|poke|p2|Pelipper, L50, M|\n|poke|p2|Ditto, L50|\n|poke|p2|Incineroar, L50, M|\n|poke|p2|Floette-Eternal, L50, F|\n|teampreview|4\nFallenAngeel2 has agreed to open team sheets.\n|\n|t:|1776025641\n|teamsize|p1|4\n|teamsize|p2|4\n|start\n|switch|p1a: Sableye|Sableye, L50, M|100/100\n|switch|p1b: Milotic|Milotic, L50, F|100/100\n|switch|p2a: Archaludon|Archaludon, L50, F|100/100\n|switch|p2b: Incineroar|Incineroar, L50, M|100/100\n|-ability|p2b: Incineroar|Intimidate|boost\n|-unboost|p1a: Sableye|atk|1\n|-unboost|p1b: Milotic|atk|1\n|-ability|p1b: Milotic|Competitive|boost\n|-boost|p1b: Milotic|spa|2\n|turn|1\n|\n|t:|1776025689\n|move|p2a: Archaludon|Protect|p2a: Archaludon\n|-singleturn|p2a: Archaludon|Protect\n|move|p2b: Incineroar|Fake Out|p1b: Milotic\n|-damage|p1b: Milotic|90/100\n|move|p1a: Sableye|Fake Out|p2a: Archaludon\n|-activate|p2a: Archaludon|move: Protect\n|cant|p1b: Milotic|flinch\n|\n|upkeep\n|turn|2\n|\n|t:|1776025718\n|switch|p2b: Pelipper|Pelipper, L50, M|100/100\n|-weather|RainDance|[from] ability: Drizzle|[of] p2b: Pelipper\n|move|p1a: Sableye|Gravity|p1a: Sableye\n|-fieldstart|move: Gravity\n|move|p1b: Milotic|Hypnosis|p2a: Archaludon\n|-status|p2a: Archaludon|slp|[from] move: Hypnosis\n|cant|p2a: Archaludon|slp\n|\n|-weather|RainDance|[upkeep]\n|upkeep\n|turn|3\n|\n|t:|1776025752\n|move|p1a: Sableye|Feint|p2b: Pelipper\n|-damage|p2b: Pelipper|97/100\n|move|p1b: Milotic|Ice Beam|p2b: Pelipper\n|-damage|p2b: Pelipper|25/100\n|-curestatus|p2a: Archaludon|slp|[msg]\n|move|p2a: Archaludon|Electro Shot||[still]\n|-prepare|p2a: Archaludon|Electro Shot\n|-boost|p2a: Archaludon|spa|1\n|-anim|p2a: Archaludon|Electro Shot|p1b: Milotic\n|-supereffective|p1b: Milotic|1\n|-damage|p1b: Milotic|0 fnt\n|faint|p1b: Milotic\n|move|p2b: Pelipper|Tailwind|p2b: Pelipper\n|-sidestart|p2: FallenAngeel2|move: Tailwind\n|\n|-weather|RainDance|[upkeep]\n|upkeep\n|\n|t:|1776025770\n|switch|p1b: Charizard|Charizard, L50, M|100/100\n|turn|4\n|inactive|Battle timer is ON: inactive players will automatically lose when time's up. (requested by papiyunior)\n|\n|t:|1776025817\n|detailschange|p1b: Charizard|Charizard-Mega-Y, L50, M\n|-mega|p1b: Charizard|Charizard|Charizardite Y\n|-weather|SunnyDay|[from] ability: Drought|[of] p1b: Charizard\n|move|p1a: Sableye|Feint|p2a: Archaludon\n|-resisted|p2a: Archaludon|1\n|-damage|p2a: Archaludon|99/100\n|-ability|p2a: Archaludon|Stamina|boost\n|-boost|p2a: Archaludon|def|1\n|move|p2a: Archaludon|Electro Shot||[still]\n|-prepare|p2a: Archaludon|Electro Shot\n|-boost|p2a: Archaludon|spa|1\n|move|p2b: Pelipper|Icy Wind|p1a: Sableye|[spread] p1a,p1b\n|-damage|p1a: Sableye|88/100\n|-damage|p1b: Charizard|92/100\n|-unboost|p1a: Sableye|spe|1\n|-unboost|p1b: Charizard|spe|1\n|move|p1b: Charizard|Heat Wave|p2b: Pelipper|[spread] p2a,p2b\n|-resisted|p2b: Pelipper|1\n|-damage|p2a: Archaludon|7/100\n|-damage|p2b: Pelipper|0 fnt\n|-ability|p2a: Archaludon|Stamina|boost\n|-boost|p2a: Archaludon|def|1\n|faint|p2b: Pelipper\n|\n|-weather|SunnyDay|[upkeep]\n|-heal|p2a: Archaludon|13/100|[from] item: Leftovers\n|upkeep\n|\n|t:|1776025825\n|switch|p2b: Incineroar|Incineroar, L50, M|100/100\n|-ability|p2b: Incineroar|Intimidate|boost\n|-unboost|p1a: Sableye|atk|1\n|-unboost|p1b: Charizard|atk|1\n|turn|5\n|inactive|papiyunior has 30 seconds left.\n|inactive|papiyunior has 20 seconds left.\n|\n|t:|1776025861\n|switch|p1a: Garchomp|Garchomp, L50, F|100/100\n|move|p1b: Charizard|Protect|p1b: Charizard\n|-singleturn|p1b: Charizard|Protect\n|move|p2b: Incineroar|Fake Out|p1b: Charizard\n|-activate|p1b: Charizard|move: Protect\n|move|p2a: Archaludon|Electro Shot|p1b: Charizard|[from] lockedmove\n|-activate|p1b: Charizard|move: Protect\n|\n|-weather|SunnyDay|[upkeep]\n|-heal|p2a: Archaludon|19/100|[from] item: Leftovers\n|upkeep\n|turn|6\n|inactive|FallenAngeel2 has 30 seconds left.\n|inactive|FallenAngeel2 has 20 seconds left.\n|\n|t:|1776025899\n|move|p2b: Incineroar|Protect|p2b: Incineroar\n|-singleturn|p2b: Incineroar|Protect\n|move|p2a: Archaludon|Draco Meteor|p1b: Charizard\n|-damage|p1b: Charizard|0 fnt\n|-unboost|p2a: Archaludon|spa|2\n|faint|p1b: Charizard\n|move|p1a: Garchomp|Rock Slide|p2b: Incineroar|[spread] p2a\n|-activate|p2b: Incineroar|move: Protect\n|-resisted|p2a: Archaludon|1\n|-damage|p2a: Archaludon|16/100\n|-ability|p2a: Archaludon|Stamina|boost\n|-boost|p2a: Archaludon|def|1\n|\n|-weather|SunnyDay|[upkeep]\n|-heal|p2a: Archaludon|22/100|[from] item: Leftovers\n|-sideend|p2: FallenAngeel2|move: Tailwind\n|-fieldend|move: Gravity\n|upkeep\n|\n|t:|1776025914\n|switch|p1b: Sableye|Sableye, L50, M|88/100\n|turn|7\n|inactive|FallenAngeel2 has 30 seconds left.\n|\n|t:|1776025942\n|move|p1b: Sableye|Fake Out|p2a: Archaludon\n|-resisted|p2a: Archaludon|1\n|-damage|p2a: Archaludon|21/100\n|-ability|p2a: Archaludon|Stamina|boost\n|-boost|p2a: Archaludon|def|1\n|move|p1a: Garchomp|Rock Slide|p2b: Incineroar|[spread] p2a,p2b\n|-resisted|p2a: Archaludon|1\n|-supereffective|p2b: Incineroar|1\n|-damage|p2a: Archaludon|18/100\n|-damage|p2b: Incineroar|64/100\n|-ability|p2a: Archaludon|Stamina|boost\n|-boost|p2a: Archaludon|def|1\n|cant|p2a: Archaludon|flinch\n|move|p2b: Incineroar|Flare Blitz|p1b: Sableye\n|-damage|p1b: Sableye|0 fnt\n|faint|p1b: Sableye\n|-damage|p2b: Incineroar|41/100|[from] Recoil\n|-enditem|p2b: Incineroar|Sitrus Berry|[eat]\n|-heal|p2b: Incineroar|66/100|[from] item: Sitrus Berry\n|\n|-weather|SunnyDay|[upkeep]\n|-heal|p2a: Archaludon|24/100|[from] item: Leftovers\n|upkeep\n|turn|8\n|\n|t:|1776025962\n|move|p1a: Garchomp|Earthquake|p2a: Archaludon|[spread] p2a,p2b\n|-supereffective|p2a: Archaludon|1\n|-supereffective|p2b: Incineroar|1\n|-damage|p2a: Archaludon|8/100\n|-damage|p2b: Incineroar|0 fnt\n|-ability|p2a: Archaludon|Stamina|boost\n|-boost|p2a: Archaludon|def|1\n|faint|p2b: Incineroar\n|move|p2a: Archaludon|Draco Meteor|p1a: Garchomp|[miss]\n|-miss|p2a: Archaludon|p1a: Garchomp\n|\n|-weather|none\n|-heal|p2a: Archaludon|14/100|[from] item: Leftovers\n|upkeep\n|\n|t:|1776025966\n|switch|p2b: Floette|Floette-Eternal, L50, F|100/100\n|turn|9\n|\n|t:|1776025979\n|detailschange|p2b: Floette|Floette-Mega, L50, F\n|-mega|p2b: Floette|Floette|Floettite\n|-ability|p2b: Floette|Fairy Aura\n|move|p2b: Floette|Light of Ruin|p1a: Garchomp|[miss]\n|-miss|p2b: Floette|p1a: Garchomp\n|move|p1a: Garchomp|Earthquake|p2b: Floette|[spread] p2a,p2b\n|-supereffective|p2a: Archaludon|1\n|-crit|p2b: Floette\n|-damage|p2a: Archaludon|0 fnt\n|-damage|p2b: Floette|24/100\n|faint|p2a: Archaludon\n|\n|upkeep\n|turn|10\n|\n|t:|1776025993\n|move|p2b: Floette|Light of Ruin|p1a: Garchomp|[miss]\n|-miss|p2b: Floette|p1a: Garchomp\n|move|p1a: Garchomp|Earthquake|p2b: Floette\n|-damage|p2b: Floette|0 fnt\n|faint|p2b: Floette\n|\n|win|papiyunior\n|raw|papiyunior's rating: 1112 &rarr; <strong>1135</strong><br />(+23 for winning)\n|raw|FallenAngeel2's rating: 1087 &rarr; <strong>1066</strong><br />(-21 for losing)\n|c|\u2606FallenAngeel2|WOW\n",
  "uploadtime": 1776026010,
  "views": 19,
  "formatid": "gen9championsvgc2026regma",
  "rating": 1066,
  "private": 0,
  "password": null
}