{
  "id": "gen9championsvgc2026regma-2588573080",
  "format": "[Gen 9 Champions] VGC 2026 Reg M-A",
  "players": [
    "ranned bats",
    "acor1000"
  ],
  "log": "|j|\u2606ranned bats\n|j|\u2606acor1000\n|t:|1776646273\n|gametype|doubles\n|player|p1|ranned bats|winona|\n|player|p2|acor1000|lance|\n|gen|9\n|tier|[Gen 9 Champions] VGC 2026 Reg M-A\n|rated|Tournament battle\n|rule|Species Clause: Limit one of each Pok\u00e9mon\n|rule|Item Clause: Limit 1 of each item\n|raw|<div class=\"infobox\"><details class=\"readmore\" open><summary><strong>1 custom rule:</strong></summary> Force Open Team Sheets</details></div>\n|clearpoke\n|poke|p1|Camerupt, L50, F|\n|poke|p1|Sinistcha-Masterpiece, L50|\n|poke|p1|Primarina, L50, F|\n|poke|p1|Skarmory, L50, M|\n|poke|p1|Feraligatr, L50, M|\n|poke|p1|Incineroar, L50, F|\n|poke|p2|Samurott-Hisui, L50, M|\n|poke|p2|Aegislash, L50, F|\n|poke|p2|Rotom-Heat, L50|\n|poke|p2|Whimsicott, L50, M|\n|poke|p2|Lopunny, L50, M|\n|poke|p2|Zoroark-Hisui, L50, M|\n|teampreview|4\n|showteam|p1|Camerupt||Cameruptite|SolidRock|HeatWave,EarthPower,FlashCannon,Protect|||F|||50|]Sinistcha-Masterpiece||OccaBerry|Hospitality|TrickRoom,MatchaGotcha,CalmMind,ShadowBall||||||50|]Primarina||KebiaBerry|LiquidVoice|HyperVoice,Moonblast,LifeDew,Protect|||F|||50|]Skarmory||Skarmorite|WeakArmor|Tailwind,Roost,IronHead,BraveBird|||M|||50|]Feraligatr||Feraligite|SheerForce|AquaJet,SwordsDance,DoubleEdge,Liquidation|||M|||50|]Incineroar||BlackGlasses|Intimidate|DarkestLariat,FakeOut,PartingShot,FlareBlitz|||F|||50|\n|showteam|p2|Samurott-Hisui||BlackGlasses|Sharpness|AquaCutter,CeaselessEdge,SacredSword,Protect|||M|||50|]Aegislash||SitrusBerry|StanceChange|ShadowSneak,KingsShield,IronHead,Poltergeist|||F|||50|]Rotom-Heat||ChoiceScarf|Levitate|VoltSwitch,Thunderbolt,Overheat,Electroweb||||||50|]Whimsicott||MentalHerb|Prankster|SunnyDay,Encore,Tailwind,Moonblast|||M|||50|]Lopunny||Lopunnite|Limber|FakeOut,GigaImpact,Protect,CloseCombat|||M|||50|]Zoroark-Hisui||FocusSash|Illusion|BitterMalice,HyperVoice,IcyWind,Protect|||M|||50|\n|j| kicks_menacingly\n|c|\u2606ranned bats|glhf\n|j| Wind's Burner\n|c|\u2606acor1000|glhf\n|j|@Bright Size\n|j| stinkyton\n|\n|t:|1776646310\n|teamsize|p1|4\n|teamsize|p2|4\n|start\n|switch|p1a: Sinistcha|Sinistcha-Masterpiece, L50|100/100\n|switch|p1b: Primarina|Primarina, L50, F|100/100\n|switch|p2a: Lopunny|Lopunny, L50, M|100/100\n|switch|p2b: Samurott|Samurott-Hisui, L50, M|100/100\n|turn|1\n|\n|t:|1776646331\n|switch|p1a: Incineroar|Incineroar, L50, F|100/100\n|-ability|p1a: Incineroar|Intimidate|boost\n|-unboost|p2a: Lopunny|atk|1\n|-unboost|p2b: Samurott|atk|1\n|detailschange|p2a: Lopunny|Lopunny-Mega, L50, M\n|-mega|p2a: Lopunny|Lopunny|Lopunnite\n|move|p2a: Lopunny|Fake Out|p1b: Primarina\n|-damage|p1b: Primarina|82/100\n|move|p2b: Samurott|Bitter Malice|p1a: Incineroar\n|-resisted|p1a: Incineroar|1\n|-damage|p1a: Incineroar|83/100\n|-unboost|p1a: Incineroar|atk|1\n|cant|p1b: Primarina|flinch\n|\n|upkeep\n|turn|2\n|\n|t:|1776646351\n|move|p1a: Incineroar|Fake Out|p2a: Lopunny\n|-damage|p2a: Lopunny|89/100\n|cant|p2a: Lopunny|flinch\n|move|p2b: Samurott|Hyper Voice|p1b: Primarina|[spread] p1a,p1b\n|-damage|p1a: Incineroar|49/100\n|-damage|p1b: Primarina|55/100\n|move|p1b: Primarina|Moonblast|p2a: Lopunny\n|-supereffective|p2a: Lopunny|1\n|-damage|p2a: Lopunny|0 fnt\n|faint|p2a: Lopunny\n|\n|upkeep\n|\n|t:|1776646357\n|switch|p2a: Rotom|Rotom-Heat, L50|100/100\n|turn|3\n|\n|t:|1776646364\n|switch|p1a: Sinistcha|Sinistcha-Masterpiece, L50|100/100\n|-heal|p1b: Primarina|80/100|[from] ability: Hospitality|[of] p1a: Sinistcha\n|move|p2a: Rotom|Electroweb|p1a: Sinistcha|[spread] p1a,p1b\n|-resisted|p1a: Sinistcha|1\n|-supereffective|p1b: Primarina|1\n|-damage|p1a: Sinistcha|90/100\n|-damage|p1b: Primarina|52/100\n|-unboost|p1a: Sinistcha|spe|1\n|-unboost|p1b: Primarina|spe|1\n|move|p2b: Samurott|Hyper Voice|p1a: Sinistcha|[spread] p1b\n|-immune|p1a: Sinistcha\n|-damage|p1b: Primarina|28/100\n|move|p1b: Primarina|Hyper Voice|p2a: Rotom|[spread] p2a,p2b\n|-supereffective|p2a: Rotom|1\n|-damage|p2a: Rotom|11/100\n|-damage|p2b: Samurott|28/100\n|replace|p2b: Zoroark|Zoroark-Hisui, L50, M\n|-end|p2b: Zoroark|Illusion\n|\n|upkeep\n|turn|4\n|l| Wind's Burner\n|\n|t:|1776646389\n|move|p1b: Primarina|Protect|p1b: Primarina\n|-singleturn|p1b: Primarina|Protect\n|move|p2a: Rotom|Electroweb|p1b: Primarina|[spread] p1a\n|-activate|p1b: Primarina|move: Protect\n|-resisted|p1a: Sinistcha|1\n|-crit|p1a: Sinistcha\n|-damage|p1a: Sinistcha|73/100\n|-unboost|p1a: Sinistcha|spe|1\n|move|p2b: Zoroark|Bitter Malice|p1a: Sinistcha\n|-supereffective|p1a: Sinistcha|1\n|-damage|p1a: Sinistcha|0 fnt\n|faint|p1a: Sinistcha\n|\n|upkeep\n|\n|t:|1776646403\n|switch|p1a: Incineroar|Incineroar, L50, F|49/100\n|-ability|p1a: Incineroar|Intimidate|boost\n|-unboost|p2a: Rotom|atk|1\n|-unboost|p2b: Zoroark|atk|1\n|turn|5\n|\n|t:|1776646418\n|switch|p2a: Samurott|Samurott-Hisui, L50, M|100/100\n|move|p2b: Zoroark|Bitter Malice|p1b: Primarina\n|-damage|p1b: Primarina|0 fnt\n|faint|p1b: Primarina\n|move|p1a: Incineroar|Darkest Lariat|p2b: Zoroark\n|-supereffective|p2b: Zoroark|1\n|-damage|p2b: Zoroark|0 fnt\n|faint|p2b: Zoroark\n|\n|upkeep\n|\n|t:|1776646427\n|switch|p2b: Rotom|Rotom-Heat, L50|11/100\n|switch|p1b: Feraligatr|Feraligatr, L50, M|100/100\n|turn|6\n|\n|t:|1776646454\n|detailschange|p1b: Feraligatr|Feraligatr-Mega, L50, M\n|-mega|p1b: Feraligatr|Feraligatr|Feraligite\n|move|p1b: Feraligatr|Aqua Jet|p2b: Rotom\n|-supereffective|p2b: Rotom|1\n|-damage|p2b: Rotom|0 fnt\n|faint|p2b: Rotom\n|move|p2a: Samurott|Sacred Sword|p1a: Incineroar\n|-supereffective|p1a: Incineroar|1\n|-damage|p1a: Incineroar|0 fnt\n|faint|p1a: Incineroar\n|\n|upkeep\n|turn|7\n|\n|t:|1776646471\n|move|p2a: Samurott|Ceaseless Edge|p1b: Feraligatr\n|-damage|p1b: Feraligatr|58/100\n|-sidestart|p1: ranned bats|Spikes\n|move|p1b: Feraligatr|Double-Edge|p2a: Samurott\n|-damage|p2a: Samurott|0 fnt\n|faint|p2a: Samurott\n|-damage|p1b: Feraligatr|29/100|[from] Recoil\n|\n|win|ranned bats\n|n|\u2606ranned bats|rannedbats\n|n|\u2606acor1000|acor1000\n|n| kicks_menacingly|kicksmenacingly\n|n| Bright Size|brightsize\n|n| stinkyton|stinkyton\n|c|\u2606ranned bats|gg\n|c|\u2606acor1000|gg\n|l| stinkyton\n",
  "uploadtime": 1776646483,
  "views": 6,
  "formatid": "gen9championsvgc2026regma",
  "rating": null,
  "private": 0,
  "password": null
}