{
  "id": "gen9championsvgc2026regma-2586283840",
  "format": "[Gen 9 Champions] VGC 2026 Reg M-A",
  "players": [
    "Mark Smith",
    "binspndnmostalfe"
  ],
  "log": "|j|\u2606Mark Smith\n|j|\u2606binspndnmostalfe\n|t:|1776421138\n|gametype|doubles\n|player|p1|Mark Smith|170|1166\n|player|p2|binspndnmostalfe|2|1151\n|gen|9\n|tier|[Gen 9 Champions] VGC 2026 Reg M-A\n|rated|\n|rule|Species Clause: Limit one of each Pok\u00e9mon\n|rule|Item Clause: Limit 1 of each item\n|clearpoke\n|poke|p1|Delphox, L50, M|\n|poke|p1|Garchomp, L50, M|\n|poke|p1|Blastoise, L50, M|\n|poke|p1|Maushold, L50|\n|poke|p1|Whimsicott, L50, M|\n|poke|p1|Weavile, L50, M|\n|poke|p2|Crabominable, L50, M|\n|poke|p2|Slowking-Galar, L50, M|\n|poke|p2|Incineroar, L50, F|\n|poke|p2|Azumarill, L50, F|\n|poke|p2|Sinistcha-Masterpiece, L50|\n|poke|p2|Aggron, L50, M|\n|teampreview|4\nMark Smith rejected open team sheets.\n|inactive|Battle timer is ON: inactive players will automatically lose when time's up. (requested by Mark Smith)\n|\n|t:|1776421180\n|teamsize|p1|4\n|teamsize|p2|4\n|start\n|switch|p1a: Weavile|Weavile, L50, M|100/100\n|switch|p1b: Blastoise|Blastoise, L50, M|100/100\n|switch|p2a: Crabominable|Crabominable, L50, M, shiny|100/100\n|switch|p2b: Incineroar|Incineroar, L50, F, shiny|100/100\n|-ability|p1a: Weavile|Pressure\n|-ability|p2b: Incineroar|Intimidate|boost\n|-unboost|p1a: Weavile|atk|1\n|-unboost|p1b: Blastoise|atk|1\n|-enditem|p1a: Weavile|White Herb\n|-clearnegativeboost|p1a: Weavile|[silent]\n|turn|1\n|\n|t:|1776421202\n|detailschange|p2a: Crabominable|Crabominable-Mega, L50, M, shiny\n|-mega|p2a: Crabominable|Crabominable|Crabominite\n|move|p1a: Weavile|Fake Out|p2b: Incineroar\n|-damage|p2b: Incineroar|88/100\n|cant|p2b: Incineroar|flinch\n|move|p1b: Blastoise|Shell Smash|p1b: Blastoise\n|-unboost|p1b: Blastoise|def|1\n|-unboost|p1b: Blastoise|spd|1\n|-boost|p1b: Blastoise|atk|2\n|-boost|p1b: Blastoise|spa|2\n|-boost|p1b: Blastoise|spe|2\n|move|p2a: Crabominable|Close Combat|p1a: Weavile\n|-supereffective|p1a: Weavile|2\n|-damage|p1a: Weavile|0 fnt\n|-unboost|p2a: Crabominable|def|1\n|-unboost|p2a: Crabominable|spd|1\n|faint|p1a: Weavile\n|\n|upkeep\n|\n|t:|1776421218\n|switch|p1a: Delphox|Delphox, L50, M|100/100\n|turn|2\n|\n|t:|1776421248\n|detailschange|p1b: Blastoise|Blastoise-Mega, L50, M\n|-mega|p1b: Blastoise|Blastoise|Blastoisinite\n|move|p2a: Crabominable|Protect|p2a: Crabominable\n|-singleturn|p2a: Crabominable|Protect\n|move|p1b: Blastoise|Water Pulse|p2b: Incineroar\n|-supereffective|p2b: Incineroar|1\n|-crit|p2b: Incineroar\n|-damage|p2b: Incineroar|0 fnt\n|faint|p2b: Incineroar\n|move|p1a: Delphox|Psychic|p2a: Crabominable\n|-activate|p2a: Crabominable|move: Protect\n|\n|upkeep\n|\n|t:|1776421259\n|switch|p2b: Sinistcha|Sinistcha-Masterpiece, L50, shiny|100/100\n|turn|3\n|\n|t:|1776421274\n|switch|p2a: Aggron|Aggron, L50, M|100/100\n|move|p1b: Blastoise|Aura Sphere|p2a: Aggron\n|-supereffective|p2a: Aggron|2\n|-ability|p2a: Aggron|Sturdy\n|-damage|p2a: Aggron|1/100\n|move|p1a: Delphox|Heat Wave|p2a: Aggron|[spread] p2a,p2b\n|-supereffective|p2b: Sinistcha|1\n|-damage|p2a: Aggron|0 fnt\n|-damage|p2b: Sinistcha|20/100\n|-status|p2b: Sinistcha|brn\n|faint|p2a: Aggron\n|move|p2b: Sinistcha|Trick Room|p2b: Sinistcha\n|-fieldstart|move: Trick Room|[of] p2b: Sinistcha\n|\n|-damage|p2b: Sinistcha|13/100 brn|[from] brn\n|upkeep\n|\n|t:|1776421284\n|switch|p2a: Crabominable|Crabominable-Mega, L50, M, shiny|100/100\n|turn|4\n|\n|t:|1776421303\n|move|p2a: Crabominable|Crabhammer|p1a: Delphox\n|-supereffective|p1a: Delphox|1\n|-crit|p1a: Delphox\n|-damage|p1a: Delphox|0 fnt\n|faint|p1a: Delphox\n|move|p2b: Sinistcha|Matcha Gotcha|p1b: Blastoise\n|-supereffective|p1b: Blastoise|1\n|-damage|p1b: Blastoise|0 fnt\n|-heal|p2b: Sinistcha|57/100 brn|[from] drain|[of] p1b: Blastoise\n|faint|p1b: Blastoise\n|\n|-damage|p2b: Sinistcha|50/100 brn|[from] brn\n|upkeep\n|\n|t:|1776421315\n|switch|p1a: Garchomp|Garchomp, L50, M|100/100\n|turn|5\n|\n|t:|1776421323\n|move|p1a: Garchomp|Protect|p1a: Garchomp\n|-singleturn|p1a: Garchomp|Protect\n|move|p2a: Crabominable|Ice Hammer|p1a: Garchomp\n|-activate|p1a: Garchomp|move: Protect\n|move|p2b: Sinistcha|Matcha Gotcha|p1a: Garchomp\n|-activate|p1a: Garchomp|move: Protect\n|\n|-damage|p2b: Sinistcha|44/100 brn|[from] brn\n|upkeep\n|turn|6\n|\n|t:|1776421333\n|move|p2a: Crabominable|Ice Hammer|p1a: Garchomp\n|-supereffective|p1a: Garchomp|2\n|-damage|p1a: Garchomp|0 fnt\n|-unboost|p2a: Crabominable|spe|1\n|-damage|p2a: Crabominable|88/100|[from] ability: Rough Skin|[of] p1a: Garchomp\n|faint|p1a: Garchomp\n|\n|win|binspndnmostalfe\n|raw|Mark Smith's rating: 1166 &rarr; <strong>1140</strong><br />(-26 for losing)\n|raw|binspndnmostalfe's rating: 1151 &rarr; <strong>1177</strong><br />(+26 for winning)\n|c|\u2606binspndnmostalfe|Ggs.\n",
  "uploadtime": 1776421345,
  "views": 28,
  "formatid": "gen9championsvgc2026regma",
  "rating": 1140,
  "private": 0,
  "password": null
}