{
  "id": "gen9championsvgc2026regma-2584711039",
  "format": "[Gen 9 Champions] VGC 2026 Reg M-A",
  "players": [
    "drake78976",
    "JobberKatie"
  ],
  "log": "|j|\u2606drake78976\n|j|\u2606JobberKatie\n|t:|1776278355\n|gametype|doubles\n|player|p1|drake78976|li|1074\n|player|p2|JobberKatie|bellelba|1152\n|gen|9\n|tier|[Gen 9 Champions] VGC 2026 Reg M-A\n|rated|\n|rule|Species Clause: Limit one of each Pok\u00e9mon\n|rule|Item Clause: Limit 1 of each item\n|clearpoke\n|poke|p1|Aggron, L50, M|\n|poke|p1|Primarina, L50, F|\n|poke|p1|Hydreigon, L50, M|\n|poke|p1|Sinistcha, L50|\n|poke|p1|Glimmora, L50, F|\n|poke|p1|Farigiraf, L50, M|\n|poke|p2|Kangaskhan, L50, F|\n|poke|p2|Sneasler, L50, F|\n|poke|p2|Sinistcha, L50|\n|poke|p2|Incineroar, L50, M|\n|poke|p2|Kingambit, L50, F|\n|poke|p2|Floette-Eternal, L50, F|\n|teampreview|4\n|\n|t:|1776278376\n|teamsize|p1|4\n|teamsize|p2|4\n|start\n|switch|p1a: Farigiraf|Farigiraf, L50, M|100/100\n|switch|p1b: Glimmora|Glimmora, L50, F, shiny|100/100\n|switch|p2a: Floette|Floette-Eternal, L50, F|100/100\n|switch|p2b: Sneasler|Sneasler, L50, F|100/100\n|turn|1\n|\n|t:|1776278404\n|move|p1a: Farigiraf|Helping Hand|p1b: Glimmora\n|-singleturn|p1b: Glimmora|Helping Hand|[of] p1a: Farigiraf\n|move|p2a: Floette|Protect|p2a: Floette\n|-singleturn|p2a: Floette|Protect\n|move|p2b: Sneasler|Close Combat|p1b: Glimmora\n|-damage|p1b: Glimmora|20/100\n|-unboost|p2b: Sneasler|def|1\n|-unboost|p2b: Sneasler|spd|1\n|-activate|p1b: Glimmora|ability: Toxic Debris\n|-sidestart|p2: JobberKatie|move: Toxic Spikes\n|move|p1b: Glimmora|Sludge Wave|p2a: Floette|[spread] p1a,p2b\n|-activate|p2a: Floette|move: Protect\n|-resisted|p2b: Sneasler|1\n|-damage|p1a: Farigiraf|60/100\n|-damage|p2b: Sneasler|48/100\n|\n|upkeep\n|turn|2\n|\n|t:|1776278426\n|switch|p2a: Incineroar|Incineroar, L50, M|100/100\n|-status|p2a: Incineroar|psn\n|-ability|p2a: Incineroar|Intimidate|boost\n|-unboost|p1a: Farigiraf|atk|1\n|-unboost|p1b: Glimmora|atk|1\n|move|p1b: Glimmora|Spiky Shield|p1b: Glimmora\n|-singleturn|p1b: Glimmora|move: Protect\n|move|p2b: Sneasler|Coaching|p2a: Incineroar\n|-boost|p2a: Incineroar|atk|1\n|-boost|p2a: Incineroar|def|1\n|move|p1a: Farigiraf|Trick Room|p1a: Farigiraf\n|-fieldstart|move: Trick Room|[of] p1a: Farigiraf\n|\n|-damage|p2a: Incineroar|88/100 psn|[from] psn\n|upkeep\n|turn|3\n|\n|t:|1776278455\n|switch|p1b: Aggron|Aggron, L50, M|100/100\n|move|p1a: Farigiraf|Psychic|p2b: Sneasler\n|-supereffective|p2b: Sneasler|2\n|-damage|p2b: Sneasler|0 fnt\n|faint|p2b: Sneasler\n|move|p2a: Incineroar|Throat Chop|p1a: Farigiraf\n|-supereffective|p1a: Farigiraf|1\n|-damage|p1a: Farigiraf|0 fnt\n|faint|p1a: Farigiraf\n|\n|-damage|p2a: Incineroar|76/100 psn|[from] psn\n|upkeep\n|\n|t:|1776278469\n|switch|p1a: Glimmora|Glimmora, L50, F, shiny|20/100\n|switch|p2b: Sinistcha|Sinistcha, L50|100/100\n|-status|p2b: Sinistcha|psn\n|-heal|p2a: Incineroar|100/100 psn|[from] ability: Hospitality|[of] p2b: Sinistcha\n|turn|4\n|\n|t:|1776278482\n|detailschange|p1b: Aggron|Aggron-Mega, L50, M\n|-mega|p1b: Aggron|Aggron|Aggronite\n|move|p1b: Aggron|Iron Defense|p1b: Aggron\n|-boost|p1b: Aggron|def|2\n|move|p2a: Incineroar|Flare Blitz|p1b: Aggron\n|-supereffective|p1b: Aggron|1\n|-damage|p1b: Aggron|74/100\n|-damage|p2a: Incineroar|94/100 psn|[from] Recoil\n|move|p1a: Glimmora|Sludge Wave|p2b: Sinistcha|[spread] p2a,p2b\n|-immune|p1b: Aggron\n|-damage|p2a: Incineroar|63/100 psn\n|-damage|p2b: Sinistcha|65/100 psn\n|move|p2b: Sinistcha|Trick Room|p2b: Sinistcha\n|-fieldend|move: Trick Room\n|\n|-damage|p2a: Incineroar|51/100 psn|[from] psn\n|-damage|p2b: Sinistcha|53/100 psn|[from] psn\n|upkeep\n|turn|5\n|inactive|Battle timer is ON: inactive players will automatically lose when time's up. (requested by JobberKatie)\n|\n|t:|1776278506\n|move|p1a: Glimmora|Sludge Wave|p2a: Incineroar|[spread] p2a,p2b\n|-immune|p1b: Aggron\n|-damage|p2a: Incineroar|21/100 psn\n|-damage|p2b: Sinistcha|16/100 psn\n|-enditem|p2a: Incineroar|Sitrus Berry|[eat]\n|-heal|p2a: Incineroar|46/100 psn|[from] item: Sitrus Berry\n|move|p2a: Incineroar|Flare Blitz|p1b: Aggron\n|-supereffective|p1b: Aggron|1\n|-damage|p1b: Aggron|49/100\n|-damage|p2a: Incineroar|39/100 psn|[from] Recoil\n|move|p2b: Sinistcha|Matcha Gotcha|p1a: Glimmora|[spread] p1a,p1b\n|-resisted|p1b: Aggron|1\n|-damage|p1a: Glimmora|0 fnt\n|-heal|p2b: Sinistcha|25/100 psn|[from] drain|[of] p1a: Glimmora\n|-damage|p1b: Aggron|37/100\n|-heal|p2b: Sinistcha|30/100 psn|[from] drain|[of] p1b: Aggron\n|faint|p1a: Glimmora\n|move|p1b: Aggron|Iron Defense|p1b: Aggron\n|-boost|p1b: Aggron|def|2\n|\n|-damage|p2a: Incineroar|27/100 psn|[from] psn\n|-damage|p2b: Sinistcha|18/100 psn|[from] psn\n|upkeep\n|\n|t:|1776278519\n|switch|p1a: Sinistcha|Sinistcha, L50|100/100\n|-heal|p1b: Aggron|61/100|[from] ability: Hospitality|[of] p1a: Sinistcha\n|turn|6\n|\n|t:|1776278531\n|move|p2a: Incineroar|Flare Blitz|p1a: Sinistcha\n|-supereffective|p1a: Sinistcha|1\n|-enditem|p1a: Sinistcha|Occa Berry|[eat]\n|-enditem|p1a: Sinistcha|Occa Berry|[weaken]\n|-damage|p1a: Sinistcha|49/100\n|-damage|p2a: Incineroar|12/100 psn|[from] Recoil\n|move|p2b: Sinistcha|Matcha Gotcha|p1a: Sinistcha|[spread] p1a\n|-miss|p2b: Sinistcha|p1b: Aggron\n|-resisted|p1a: Sinistcha|1\n|-damage|p1a: Sinistcha|36/100\n|-heal|p2b: Sinistcha|25/100 psn|[from] drain|[of] p1a: Sinistcha\n|move|p1a: Sinistcha|Life Dew|p1a: Sinistcha|[spread] p1a,p1b\n|-heal|p1a: Sinistcha|61/100\n|-heal|p1b: Aggron|87/100\n|move|p1b: Aggron|Heavy Slam|p2b: Sinistcha\n|-damage|p2b: Sinistcha|0 fnt\n|faint|p2b: Sinistcha\n|\n|-damage|p2a: Incineroar|0 fnt|[from] psn\n|faint|p2a: Incineroar\n|upkeep\n|\n|t:|1776278536\n|switch|p2b: Floette|Floette-Eternal, L50, F|100/100\n|-status|p2b: Floette|psn\n|turn|7\n|\n|t:|1776278548\n|detailschange|p2b: Floette|Floette-Mega, L50, F\n|-mega|p2b: Floette|Floette|Floettite\n|-ability|p2b: Floette|Fairy Aura\n|move|p1a: Sinistcha|Rage Powder|p1a: Sinistcha\n|-singleturn|p1a: Sinistcha|move: Rage Powder\n|move|p2b: Floette|Calm Mind|p2b: Floette\n|-boost|p2b: Floette|spa|1\n|-boost|p2b: Floette|spd|1\n|move|p1b: Aggron|Heavy Slam|p2b: Floette\n|-supereffective|p2b: Floette|1\n|-damage|p2b: Floette|0 fnt\n|faint|p2b: Floette\n|\n|win|drake78976\n|raw|drake78976's rating: 1074 &rarr; <strong>1109</strong><br />(+35 for winning)\n|raw|JobberKatie's rating: 1152 &rarr; <strong>1121</strong><br />(-31 for losing)\n|l|\u2606JobberKatie\n|player|p2|\n",
  "uploadtime": 1776278561,
  "views": 33,
  "formatid": "gen9championsvgc2026regma",
  "rating": 1109,
  "private": 0,
  "password": null
}