{
  "id": "gen9championsvgc2026regma-2583716553",
  "format": "[Gen 9 Champions] VGC 2026 Reg M-A",
  "players": [
    "karma3388",
    "bobripper"
  ],
  "log": "|j|\u2606karma3388\n|j|\u2606bobripper\n|t:|1776192881\n|gametype|doubles\n|player|p1|karma3388|170|1081\n|player|p2|bobripper|169|1092\n|gen|9\n|tier|[Gen 9 Champions] VGC 2026 Reg M-A\n|rated|\n|rule|Species Clause: Limit one of each Pok\u00e9mon\n|rule|Item Clause: Limit 1 of each item\n|clearpoke\n|poke|p1|Glalie, L50, M|\n|poke|p1|Incineroar, L50, M|\n|poke|p1|Maushold-Four, L50|\n|poke|p1|Mimikyu, L50, M|\n|poke|p1|Aerodactyl, L50, M|\n|poke|p1|Kleavor, L50, M|\n|poke|p2|Palafin, L50, M|\n|poke|p2|Scovillain, L50, F|\n|poke|p2|Sinistcha, L50|\n|poke|p2|Incineroar, L50, F|\n|poke|p2|Clefable, L50, F|\n|poke|p2|Slowking, L50, M|\n|teampreview|4\n|\n|t:|1776192893\n|teamsize|p1|4\n|teamsize|p2|4\n|start\n|switch|p1a: Glalie|Glalie, L50, M, shiny|100/100\n|switch|p1b: Maushold|Maushold-Four, L50, shiny|100/100\n|switch|p2a: Scovillain|Scovillain, L50, F|100/100\n|switch|p2b: Palafin|Palafin, L50, M|100/100\n|turn|1\n|\n|t:|1776192907\n|detailschange|p1a: Glalie|Glalie-Mega, L50, M, shiny\n|-mega|p1a: Glalie|Glalie|Glalitite\n|detailschange|p2a: Scovillain|Scovillain-Mega, L50, F\n|-mega|p2a: Scovillain|Scovillain|Scovillainite\n|move|p1b: Maushold|Protect|p1b: Maushold\n|-singleturn|p1b: Maushold|Protect\n|move|p2a: Scovillain|Rage Powder|p2a: Scovillain\n|-singleturn|p2a: Scovillain|move: Rage Powder\n|move|p2b: Palafin|Flip Turn|p1b: Maushold\n|-activate|p1b: Maushold|move: Protect\n|move|p1a: Glalie|Explosion|p2b: Palafin|[spread] p2a,p2b\n|-activate|p1b: Maushold|move: Protect\n|-resisted|p2b: Palafin|1\n|-damage|p2a: Scovillain|0 fnt\n|-damage|p2b: Palafin|23/100\n|faint|p1a: Glalie\n|faint|p2a: Scovillain\n|\n|upkeep\n|\n|t:|1776192922\n|switch|p1a: Mimikyu|Mimikyu, L50, M, shiny|100/100\n|switch|p2a: Incineroar|Incineroar, L50, F|100/100\n|-ability|p2a: Incineroar|Intimidate|boost\n|-unboost|p1a: Mimikyu|atk|1\n|-unboost|p1b: Maushold|atk|1\n|turn|2\n|\n|t:|1776192940\n|move|p1a: Mimikyu|Protect|p1a: Mimikyu\n|-singleturn|p1a: Mimikyu|Protect\n|move|p2a: Incineroar|Fake Out|p1b: Maushold\n|-damage|p1b: Maushold|84/100\n|move|p2b: Palafin|Flip Turn|p1b: Maushold\n|-damage|p1b: Maushold|45/100\n|\n|t:|1776192947\n|detailschange|p2b: Palafin|Palafin-Hero, L50, M\n|switch|p2b: Sinistcha|Sinistcha, L50|100/100|[from] Flip Turn\n|cant|p1b: Maushold|flinch\n|\n|upkeep\n|turn|3\n|\n|t:|1776192967\n|move|p1b: Maushold|Super Fang|p2a: Incineroar|[miss]\n|-miss|p1b: Maushold|p2a: Incineroar\n|move|p1a: Mimikyu|Drain Punch|p2a: Incineroar\n|-supereffective|p2a: Incineroar|1\n|-damage|p2a: Incineroar|79/100\n|move|p2b: Sinistcha|Curse|p1a: Mimikyu\n|-start|p1a: Mimikyu|Curse|[of] p2b: Sinistcha\n|-damage|p2b: Sinistcha|50/100\n|-enditem|p2b: Sinistcha|Sitrus Berry|[eat]\n|-heal|p2b: Sinistcha|75/100|[from] item: Sitrus Berry\n|move|p2a: Incineroar|Parting Shot|p1a: Mimikyu\n|-unboost|p1a: Mimikyu|atk|1\n|-unboost|p1a: Mimikyu|spa|1\n|\n|t:|1776192979\n|switch|p2a: Palafin|Palafin-Hero, L50, M|23/100|[from] Parting Shot\n|-activate|p2a: Palafin|ability: Zero to Hero\n|\n|-damage|p1a: Mimikyu|76/100|[from] Curse\n|upkeep\n|turn|4\n|\n|t:|1776193000\n|switch|p2b: Incineroar|Incineroar, L50, F|79/100\n|-ability|p2b: Incineroar|Intimidate|boost\n|-unboost|p1a: Mimikyu|atk|1\n|-unboost|p1b: Maushold|atk|1\n|move|p1b: Maushold|Protect|p1b: Maushold\n|-singleturn|p1b: Maushold|Protect\n|move|p1a: Mimikyu|Shadow Sneak|p2a: Palafin\n|-damage|p2a: Palafin|14/100\n|move|p2a: Palafin|Flip Turn|p1a: Mimikyu\n|-activate|p1a: Mimikyu|ability: Disguise\n|-damage|p1a: Mimikyu|76/100\n|detailschange|p1a: Mimikyu|Mimikyu-Busted, L50, M, shiny\n|-damage|p1a: Mimikyu|64/100|[from] pokemon: Mimikyu-Busted\n|\n|t:|1776193012\n|switch|p2a: Sinistcha|Sinistcha, L50|75/100|[from] Flip Turn\n|-heal|p2b: Incineroar|100/100|[from] ability: Hospitality|[of] p2a: Sinistcha\n|\n|-heal|p1a: Mimikyu|70/100|[from] item: Leftovers\n|-damage|p1a: Mimikyu|45/100|[from] Curse\n|upkeep\n|turn|5\n|\n|t:|1776193027\n|move|p2b: Incineroar|Fake Out|p1b: Maushold\n|-damage|p1b: Maushold|29/100\n|move|p1a: Mimikyu|Shadow Sneak|p2a: Sinistcha\n|-supereffective|p2a: Sinistcha|1\n|-damage|p2a: Sinistcha|64/100\n|cant|p1b: Maushold|flinch\n|move|p2a: Sinistcha|Strength Sap|p1a: Mimikyu\n|-unboost|p1a: Mimikyu|atk|1\n|-heal|p2a: Sinistcha|99/100\n|\n|-heal|p1a: Mimikyu|51/100|[from] item: Leftovers\n|-damage|p1a: Mimikyu|27/100|[from] Curse\n|upkeep\n|turn|6\n|\n|t:|1776193047\n|switch|p2a: Palafin|Palafin-Hero, L50, M|14/100\n|move|p1b: Maushold|Protect|p1b: Maushold\n|-singleturn|p1b: Maushold|Protect\n|move|p1a: Mimikyu|Drain Punch|p2b: Incineroar\n|-supereffective|p2b: Incineroar|1\n|-damage|p2b: Incineroar|90/100\n|-heal|p1a: Mimikyu|35/100|[from] drain|[of] p2b: Incineroar\n|move|p2b: Incineroar|Parting Shot|p1b: Maushold\n|-activate|p1b: Maushold|move: Protect\n|\n|-heal|p1a: Mimikyu|41/100|[from] item: Leftovers\n|-heal|p2b: Incineroar|96/100|[from] item: Leftovers\n|-damage|p1a: Mimikyu|17/100|[from] Curse\n|upkeep\n|turn|7\n|\n|t:|1776193081\n|switch|p2b: Sinistcha|Sinistcha, L50|99/100\n|-heal|p2a: Palafin|39/100|[from] ability: Hospitality|[of] p2b: Sinistcha\n|move|p1a: Mimikyu|Shadow Sneak|p2a: Palafin\n|-damage|p2a: Palafin|33/100\n|move|p2a: Palafin|Flip Turn|p1b: Maushold\n|-damage|p1b: Maushold|0 fnt\n|faint|p1b: Maushold\n|\n|t:|1776193089\n|switch|p2a: Incineroar|Incineroar, L50, F|96/100|[from] Flip Turn\n|-ability|p2a: Incineroar|Intimidate|boost\n|-unboost|p1a: Mimikyu|atk|1\n|\n|-heal|p1a: Mimikyu|23/100|[from] item: Leftovers\n|-heal|p2a: Incineroar|100/100|[from] item: Leftovers\n|-damage|p1a: Mimikyu|0 fnt|[from] Curse\n|faint|p1a: Mimikyu\n|upkeep\n|\n|t:|1776193101\n|switch|p1b: Aerodactyl|Aerodactyl, L50, M|100/100\n|-ability|p1b: Aerodactyl|Unnerve\n|turn|8\n|\n|t:|1776193108\n|move|p2a: Incineroar|Fake Out|p1b: Aerodactyl\n|-resisted|p1b: Aerodactyl|1\n|-damage|p1b: Aerodactyl|93/100\n|cant|p1b: Aerodactyl|flinch\n|move|p2b: Sinistcha|Curse|p1b: Aerodactyl\n|-start|p1b: Aerodactyl|Curse|[of] p2b: Sinistcha\n|-damage|p2b: Sinistcha|49/100\n|\n|-damage|p1b: Aerodactyl|68/100|[from] Curse\n|upkeep\n|turn|9\n|\n|t:|1776193124\n|move|p2b: Sinistcha|Protect|p2b: Sinistcha\n|-singleturn|p2b: Sinistcha|Protect\n|move|p1b: Aerodactyl|Rock Slide|p2a: Incineroar|[spread] p2a\n|-activate|p2b: Sinistcha|move: Protect\n|-supereffective|p2a: Incineroar|1\n|-damage|p2a: Incineroar|59/100\n|move|p2a: Incineroar|Parting Shot|p1b: Aerodactyl\n|-unboost|p1b: Aerodactyl|atk|1\n|-unboost|p1b: Aerodactyl|spa|1\n|\n|t:|1776193133\n|switch|p2a: Palafin|Palafin-Hero, L50, M|33/100|[from] Parting Shot\n|\n|-damage|p1b: Aerodactyl|44/100|[from] Curse\n|upkeep\n|turn|10\n|\n|t:|1776193143\n|switch|p2a: Incineroar|Incineroar, L50, F|59/100\n|-ability|p2a: Incineroar|Intimidate|boost\n|-unboost|p1b: Aerodactyl|atk|1\n|move|p1b: Aerodactyl|Psychic Fangs|p2a: Incineroar\n|-immune|p2a: Incineroar\n|move|p2b: Sinistcha|Life Dew|p2b: Sinistcha|[spread] p2a,p2b\n|-heal|p2a: Incineroar|84/100\n|-heal|p2b: Sinistcha|74/100\n|\n|-heal|p2a: Incineroar|90/100|[from] item: Leftovers\n|-damage|p1b: Aerodactyl|19/100|[from] Curse\n|upkeep\n|turn|11\n|\n|t:|1776193158\n|move|p2a: Incineroar|Fake Out|p1b: Aerodactyl\n|-resisted|p1b: Aerodactyl|1\n|-damage|p1b: Aerodactyl|11/100\n|cant|p1b: Aerodactyl|flinch\n|move|p2b: Sinistcha|Life Dew|p2b: Sinistcha|[spread] p2a,p2b\n|-heal|p2a: Incineroar|100/100\n|-heal|p2b: Sinistcha|99/100\n|\n|-damage|p1b: Aerodactyl|0 fnt|[from] Curse\n|faint|p1b: Aerodactyl\n|\n|win|bobripper\n|raw|karma3388's rating: 1081 &rarr; <strong>1060</strong><br />(-21 for losing)\n|raw|bobripper's rating: 1092 &rarr; <strong>1117</strong><br />(+25 for winning)\n|c|\u2606karma3388|youre worse than me bro damn\n|l|\u2606karma3388\n|player|p1|\n|c|\u2606bobripper|scoreboard says otherwise\n",
  "uploadtime": 1776193200,
  "views": 28,
  "formatid": "gen9championsvgc2026regma",
  "rating": 1060,
  "private": 0,
  "password": null
}