{
  "id": "gen9championsvgc2026regma-2584571568",
  "format": "[Gen 9 Champions] VGC 2026 Reg M-A",
  "players": [
    "Nachofrize",
    "RonnylongD"
  ],
  "log": "|j|\u2606Nachofrize\n|j|\u2606RonnylongD\n|t:|1776269515\n|gametype|doubles\n|player|p1|Nachofrize|cynthia|1159\n|player|p2|RonnylongD|266|1237\n|gen|9\n|tier|[Gen 9 Champions] VGC 2026 Reg M-A\n|rated|\n|rule|Species Clause: Limit one of each Pok\u00e9mon\n|rule|Item Clause: Limit 1 of each item\n|clearpoke\n|poke|p1|Sableye, L50, M|\n|poke|p1|Aggron, L50, M|\n|poke|p1|Toxapex, L50, M|\n|poke|p1|Clefable, L50, M|\n|poke|p1|Conkeldurr, L50, F|\n|poke|p1|Manectric, L50, F|\n|poke|p2|Blastoise, L50, M|\n|poke|p2|Sinistcha, L50|\n|poke|p2|Farigiraf, L50, F|\n|poke|p2|Sneasler, L50, M|\n|poke|p2|Pelipper, L50, F|\n|poke|p2|Incineroar, L50, F|\n|teampreview|4\n|inactive|Battle timer is ON: inactive players will automatically lose when time's up. (requested by RonnylongD)\n|\n|t:|1776269543\n|teamsize|p1|4\n|teamsize|p2|4\n|start\n|switch|p1a: Manectric|Manectric, L50, F|100/100\n|switch|p1b: Sableye|Sableye, L50, M|100/100\n|switch|p2a: Sneasler|Sneasler, L50, M|100/100\n|switch|p2b: Pelipper|Pelipper, L50, F|100/100\n|-weather|RainDance|[from] ability: Drizzle|[of] p2b: Pelipper\n|turn|1\n|\n|t:|1776269563\n|move|p1a: Manectric|Protect|p1a: Manectric\n|-singleturn|p1a: Manectric|Protect\n|move|p1b: Sableye|Fake Out|p2b: Pelipper\n|-damage|p2b: Pelipper|90/100\n|cant|p2b: Pelipper|flinch\n|move|p2a: Sneasler|Dire Claw|p1b: Sableye\n|-resisted|p1b: Sableye|1\n|-damage|p1b: Sableye|77/100\n|-status|p1b: Sableye|par\n|\n|-weather|RainDance|[upkeep]\n|upkeep\n|turn|2\n|\n|t:|1776269584\n|detailschange|p1a: Manectric|Manectric-Mega, L50, F\n|-mega|p1a: Manectric|Manectric|Manectite\n|-ability|p1a: Manectric|Intimidate|boost\n|-unboost|p2a: Sneasler|atk|1\n|-unboost|p2b: Pelipper|atk|1\n|move|p1b: Sableye|Light Screen|p1b: Sableye\n|-sidestart|p1: Nachofrize|move: Light Screen\n|move|p2b: Pelipper|U-turn|p1b: Sableye\n|-damage|p1b: Sableye|70/100 par\n|\n|t:|1776269592\n|switch|p2b: Farigiraf|Farigiraf, L50, F|100/100|[from] U-turn\n|move|p1a: Manectric|Thunderbolt|p2a: Sneasler\n|-damage|p2a: Sneasler|30/100\n|move|p2a: Sneasler|Close Combat|p1a: Manectric\n|-damage|p1a: Manectric|34/100\n|-unboost|p2a: Sneasler|def|1\n|-unboost|p2a: Sneasler|spd|1\n|\n|-weather|RainDance|[upkeep]\n|upkeep\n|turn|3\n|\n|t:|1776269613\n|move|p1a: Manectric|Volt Switch|p2a: Sneasler\n|-damage|p2a: Sneasler|0 fnt\n|faint|p2a: Sneasler\n|\n|t:|1776269620\n|switch|p1a: Toxapex|Toxapex, L50, M|100/100|[from] Volt Switch\n|move|p1b: Sableye|Foul Play|p2b: Farigiraf\n|-supereffective|p2b: Farigiraf|1\n|-damage|p2b: Farigiraf|54/100\n|move|p2b: Farigiraf|Trick Room|p2b: Farigiraf\n|-fieldstart|move: Trick Room|[of] p2b: Farigiraf\n|\n|-weather|RainDance|[upkeep]\n|upkeep\n|\n|t:|1776269630\n|switch|p2a: Blastoise|Blastoise, L50, M|100/100\n|turn|4\n|\n|t:|1776269644\n|detailschange|p2a: Blastoise|Blastoise-Mega, L50, M\n|-mega|p2a: Blastoise|Blastoise|Blastoisinite\n|move|p2b: Farigiraf|Helping Hand|p2a: Blastoise\n|-singleturn|p2a: Blastoise|Helping Hand|[of] p2b: Farigiraf\n|move|p1b: Sableye|Foul Play|p2b: Farigiraf\n|-supereffective|p2b: Farigiraf|1\n|-damage|p2b: Farigiraf|8/100\n|move|p1a: Toxapex|Toxic|p2a: Blastoise\n|-status|p2a: Blastoise|tox\n|move|p2a: Blastoise|Water Spout|p1a: Toxapex|[spread] p1a,p1b\n|-resisted|p1a: Toxapex|1\n|-damage|p1a: Toxapex|66/100\n|-damage|p1b: Sableye|0 fnt\n|faint|p1b: Sableye\n|\n|-weather|RainDance|[upkeep]\n|-heal|p1a: Toxapex|72/100|[from] item: Leftovers\n|-damage|p2a: Blastoise|95/100 tox|[from] psn\n|upkeep\n|\n|t:|1776269660\n|switch|p1b: Conkeldurr|Conkeldurr, L50, F|100/100\n|turn|5\n|\n|t:|1776269674\n|move|p2a: Blastoise|Protect|p2a: Blastoise\n|-singleturn|p2a: Blastoise|Protect\n|move|p1a: Toxapex|Wide Guard|p1a: Toxapex\n|-singleturn|p1a: Toxapex|Wide Guard\n|move|p1b: Conkeldurr|Drain Punch|p2a: Blastoise\n|-activate|p2a: Blastoise|move: Protect\n|move|p2b: Farigiraf|Trick Room|p2b: Farigiraf\n|-fieldend|move: Trick Room\n|\n|-weather|none\n|-heal|p1a: Toxapex|78/100|[from] item: Leftovers\n|-damage|p2a: Blastoise|83/100 tox|[from] psn\n|upkeep\n|turn|6\n|\n|t:|1776269692\n|move|p2a: Blastoise|Hydro Pump|p1b: Conkeldurr\n|-damage|p1b: Conkeldurr|49/100\n|move|p2b: Farigiraf|Psychic|p1b: Conkeldurr\n|-supereffective|p1b: Conkeldurr|1\n|-damage|p1b: Conkeldurr|0 fnt\n|faint|p1b: Conkeldurr\n|move|p1a: Toxapex|Liquidation|p2b: Farigiraf\n|-damage|p2b: Farigiraf|0 fnt\n|faint|p2b: Farigiraf\n|\n|-heal|p1a: Toxapex|83/100|[from] item: Leftovers\n|-damage|p2a: Blastoise|65/100 tox|[from] psn\n|-sideend|p1: Nachofrize|move: Light Screen\n|upkeep\n|\n|t:|1776269706\n|switch|p2b: Pelipper|Pelipper, L50, F|90/100\n|switch|p1b: Manectric|Manectric-Mega, L50, F|34/100\n|-weather|RainDance|[from] ability: Drizzle|[of] p2b: Pelipper\n|-ability|p1b: Manectric|Intimidate|boost\n|-unboost|p2a: Blastoise|atk|1\n|-unboost|p2b: Pelipper|atk|1\n|turn|7\n|\n|t:|1776269728\n|move|p2a: Blastoise|Protect|p2a: Blastoise\n|-singleturn|p2a: Blastoise|Protect\n|move|p2b: Pelipper|Weather Ball|p1b: Manectric\n|-damage|p1b: Manectric|0 fnt\n|faint|p1b: Manectric\n|move|p1a: Toxapex|Toxic|p2b: Pelipper\n|-status|p2b: Pelipper|tox\n|\n|-weather|RainDance|[upkeep]\n|-heal|p1a: Toxapex|89/100|[from] item: Leftovers\n|-damage|p2b: Pelipper|84/100 tox|[from] psn\n|-damage|p2a: Blastoise|41/100 tox|[from] psn\n|upkeep\n|turn|8\n|\n|t:|1776269743\n|move|p1a: Toxapex|Baneful Bunker|p1a: Toxapex\n|-singleturn|p1a: Toxapex|move: Protect\n|move|p2b: Pelipper|Weather Ball|p1a: Toxapex\n|-activate|p1a: Toxapex|move: Protect\n|move|p2a: Blastoise|Hydro Pump|p1a: Toxapex\n|-activate|p1a: Toxapex|move: Protect\n|\n|-weather|RainDance|[upkeep]\n|-heal|p1a: Toxapex|95/100|[from] item: Leftovers\n|-damage|p2b: Pelipper|73/100 tox|[from] psn\n|-damage|p2a: Blastoise|12/100 tox|[from] psn\n|upkeep\n|turn|9\n|\n|t:|1776269765\n|move|p1a: Toxapex|Baneful Bunker||[still]\n|-fail|p1a: Toxapex\n|move|p2b: Pelipper|Weather Ball|p1a: Toxapex\n|-resisted|p1a: Toxapex|1\n|-damage|p1a: Toxapex|72/100\n|move|p2a: Blastoise|Hydro Pump|p1a: Toxapex|[miss]\n|-miss|p2a: Blastoise|p1a: Toxapex\n|\n|-weather|RainDance|[upkeep]\n|-heal|p1a: Toxapex|78/100|[from] item: Leftovers\n|-damage|p2b: Pelipper|55/100 tox|[from] psn\n|-damage|p2a: Blastoise|0 fnt|[from] psn\n|faint|p2a: Blastoise\n|upkeep\n|turn|10\n|-message|RonnylongD forfeited.\n|\n|win|Nachofrize\n|raw|Nachofrize's rating: 1159 &rarr; <strong>1190</strong><br />(+31 for winning)\n|raw|RonnylongD's rating: 1237 &rarr; <strong>1206</strong><br />(-31 for losing)\n|l|\u2606RonnylongD\n|player|p2|\n",
  "uploadtime": 1776269784,
  "views": 20,
  "formatid": "gen9championsvgc2026regma",
  "rating": 1190,
  "private": 0,
  "password": null
}