{
  "id": "gen9championsvgc2026regma-2585380586",
  "format": "[Gen 9 Champions] VGC 2026 Reg M-A",
  "players": [
    "Wyxill",
    "Virone"
  ],
  "log": "|j|\u2606Wyxill\n|j|\u2606Virone\n|t:|1776342955\n|gametype|doubles\n|player|p1|Wyxill|red|1212\n|player|p2|Virone|veteranf|1283\n|gen|9\n|tier|[Gen 9 Champions] VGC 2026 Reg M-A\n|rated|\n|rule|Species Clause: Limit one of each Pok\u00e9mon\n|rule|Item Clause: Limit 1 of each item\n|clearpoke\n|poke|p1|Kangaskhan, L50, F|\n|poke|p1|Meganium, L50, F|\n|poke|p1|Sneasler, L50, M|\n|poke|p1|Tyranitar, L50, M|\n|poke|p1|Talonflame, L50, F|\n|poke|p1|Milotic, L50, F|\n|poke|p2|Scovillain, L50, F|\n|poke|p2|Dragapult, L50, F|\n|poke|p2|Kangaskhan, L50, F|\n|poke|p2|Archaludon, L50, M|\n|poke|p2|Volcarona, L50, F|\n|poke|p2|Kommo-o, L50, M|\n|teampreview|4\nVirone has agreed to open team sheets.\n|\n|t:|1776343037\n|teamsize|p1|4\n|teamsize|p2|4\n|start\n|switch|p1a: Talonflame|Talonflame, L50, F|100/100\n|switch|p1b: Meganium|Meganium, L50, F|100/100\n|switch|p2a: Scovillain|Scovillain, L50, F|100/100\n|switch|p2b: Dragapult|Dragapult, L50, F|100/100\n|turn|1\n|\n|t:|1776343069\n|detailschange|p1b: Meganium|Meganium-Mega, L50, F\n|-mega|p1b: Meganium|Meganium|Meganiumite\n|detailschange|p2a: Scovillain|Scovillain-Mega, L50, F\n|-mega|p2a: Scovillain|Scovillain|Scovillainite\n|move|p1a: Talonflame|Brave Bird|p2a: Scovillain\n|-supereffective|p2a: Scovillain|1\n|-damage|p2a: Scovillain|0 fnt\n|-immune|p1a: Talonflame\n|faint|p2a: Scovillain\n|-damage|p1a: Talonflame|64/100|[from] Recoil\n|move|p2b: Dragapult|Light Screen|p2b: Dragapult\n|-sidestart|p2: Virone|move: Light Screen\n|move|p1b: Meganium|Dazzling Gleam|p2b: Dragapult\n|-supereffective|p2b: Dragapult|1\n|-damage|p2b: Dragapult|12/100\n|\n|upkeep\n|\n|t:|1776343086\n|switch|p2a: Archaludon|Archaludon, L50, M|100/100\n|turn|2\n|\n|t:|1776343113\n|move|p1b: Meganium|Protect|p1b: Meganium\n|-singleturn|p1b: Meganium|Protect\n|move|p2b: Dragapult|Reflect|p2b: Dragapult\n|-sidestart|p2: Virone|Reflect\n|move|p1a: Talonflame|Brave Bird|p2b: Dragapult\n|-damage|p2b: Dragapult|0 fnt\n|faint|p2b: Dragapult\n|-damage|p1a: Talonflame|60/100|[from] Recoil\n|move|p2a: Archaludon|Electro Shot||[still]\n|-prepare|p2a: Archaludon|Electro Shot\n|-boost|p2a: Archaludon|spa|1\n|\n|upkeep\n|\n|t:|1776343120\n|switch|p2b: Kommo-o|Kommo-o, L50, M|100/100\n|turn|3\n|\n|t:|1776343133\n|move|p2b: Kommo-o|Protect|p2b: Kommo-o\n|-singleturn|p2b: Kommo-o|Protect\n|move|p1a: Talonflame|Tailwind|p1a: Talonflame\n|-sidestart|p1: Wyxill|move: Tailwind\n|move|p1b: Meganium|Dazzling Gleam|p2b: Kommo-o|[spread] p2a\n|-activate|p2b: Kommo-o|move: Protect\n|-damage|p2a: Archaludon|76/100\n|-ability|p2a: Archaludon|Stamina|boost\n|-boost|p2a: Archaludon|def|1\n|move|p2a: Archaludon|Electro Shot|p1a: Talonflame|[from] lockedmove\n|-supereffective|p1a: Talonflame|1\n|-damage|p1a: Talonflame|0 fnt\n|faint|p1a: Talonflame\n|\n|upkeep\n|\n|t:|1776343147\n|switch|p1a: Sneasler|Sneasler, L50, M|100/100\n|turn|4\n|\n|t:|1776343159\n|move|p1a: Sneasler|Close Combat|p2a: Archaludon\n|-supereffective|p2a: Archaludon|1\n|-damage|p2a: Archaludon|29/100\n|-unboost|p1a: Sneasler|def|1\n|-unboost|p1a: Sneasler|spd|1\n|-ability|p2a: Archaludon|Stamina|boost\n|-boost|p2a: Archaludon|def|1\n|-enditem|p2a: Archaludon|Sitrus Berry|[eat]\n|-heal|p2a: Archaludon|54/100|[from] item: Sitrus Berry\n|-enditem|p1a: Sneasler|White Herb\n|-clearnegativeboost|p1a: Sneasler|[silent]\n|move|p1b: Meganium|Dazzling Gleam|p2a: Archaludon|[spread] p2a,p2b\n|-supereffective|p2b: Kommo-o|2\n|-damage|p2a: Archaludon|29/100\n|-damage|p2b: Kommo-o|7/100\n|-ability|p2a: Archaludon|Stamina|boost\n|-boost|p2a: Archaludon|def|1\n|move|p2b: Kommo-o|Clanging Scales|p1a: Sneasler|[spread] p1a\n|-immune|p1b: Meganium\n|-damage|p1a: Sneasler|53/100\n|-unboost|p2b: Kommo-o|def|1\n|move|p2a: Archaludon|Flash Cannon|p1b: Meganium\n|-supereffective|p1b: Meganium|1\n|-crit|p1b: Meganium\n|-damage|p1b: Meganium|0 fnt\n|faint|p1b: Meganium\n|\n|-heal|p2b: Kommo-o|13/100|[from] item: Leftovers\n|upkeep\n|\n|t:|1776343182\n|switch|p1b: Tyranitar|Tyranitar, L50, M|100/100\n|-weather|Sandstorm|[from] ability: Sand Stream|[of] p1b: Tyranitar\n|turn|5\n|\n|t:|1776343204\n|move|p2b: Kommo-o|Protect|p2b: Kommo-o\n|-singleturn|p2b: Kommo-o|Protect\n|move|p2a: Archaludon|Protect|p2a: Archaludon\n|-singleturn|p2a: Archaludon|Protect\n|move|p1a: Sneasler|Close Combat|p2a: Archaludon\n|-activate|p2a: Archaludon|move: Protect\n|move|p1b: Tyranitar|Foul Play|p2b: Kommo-o\n|-activate|p2b: Kommo-o|move: Protect\n|\n|-weather|Sandstorm|[upkeep]\n|-damage|p1a: Sneasler|47/100|[from] Sandstorm\n|-heal|p2b: Kommo-o|19/100|[from] item: Leftovers\n|-sideend|p2: Virone|move: Light Screen\n|upkeep\n|turn|6\n|\n|t:|1776343225\n|move|p1a: Sneasler|Close Combat|p2a: Archaludon\n|-supereffective|p2a: Archaludon|1\n|-damage|p2a: Archaludon|3/100\n|-unboost|p1a: Sneasler|def|1\n|-unboost|p1a: Sneasler|spd|1\n|-ability|p2a: Archaludon|Stamina|boost\n|-boost|p2a: Archaludon|def|1\n|move|p1b: Tyranitar|Foul Play|p2b: Kommo-o\n|-resisted|p2b: Kommo-o|1\n|-damage|p2b: Kommo-o|5/100\n|move|p2b: Kommo-o|Aura Sphere|p1b: Tyranitar\n|-supereffective|p1b: Tyranitar|2\n|-damage|p1b: Tyranitar|16/100\n|move|p2a: Archaludon|Flash Cannon|p1a: Sneasler\n|-crit|p1a: Sneasler\n|-damage|p1a: Sneasler|0 fnt\n|faint|p1a: Sneasler\n|\n|-weather|Sandstorm|[upkeep]\n|-heal|p2b: Kommo-o|11/100|[from] item: Leftovers\n|-sideend|p2: Virone|Reflect\n|-sideend|p1: Wyxill|move: Tailwind\n|upkeep\n|turn|7\n|c|\u2606Wyxill|ops\n|-message|Wyxill forfeited.\n|\n|win|Virone\n|raw|Wyxill's rating: 1212 &rarr; <strong>1192</strong><br />(-20 for losing)\n|raw|Virone's rating: 1283 &rarr; <strong>1303</strong><br />(+20 for winning)\n|l|\u2606Wyxill\n|player|p1|\n",
  "uploadtime": 1776343246,
  "views": 19,
  "formatid": "gen9championsvgc2026regma",
  "rating": 1192,
  "private": 0,
  "password": null
}