{
  "id": "gen9championsvgc2026regma-2581757650",
  "format": "[Gen 9 Champions] VGC 2026 Reg M-A",
  "players": [
    "jwnjun",
    "Sceptilicious"
  ],
  "log": "|j|\u2606jwnjun\n|j|\u2606Sceptilicious\n|t:|1776026078\n|gametype|doubles\n|player|p1|jwnjun|li|1050\n|player|p2|Sceptilicious|170|1149\n|gen|9\n|tier|[Gen 9 Champions] VGC 2026 Reg M-A\n|rated|\n|rule|Species Clause: Limit one of each Pok\u00e9mon\n|rule|Item Clause: Limit 1 of each item\n|clearpoke\n|poke|p1|Charizard, L50, M|\n|poke|p1|Venusaur, L50, M|\n|poke|p1|Garchomp, L50, M|\n|poke|p1|Rotom-Wash, L50|\n|poke|p1|Sneasler, L50, M|\n|poke|p1|Incineroar, L50, F|\n|poke|p2|Manectric, L50, M|\n|poke|p2|Ninetales-Alola, L50, M|\n|poke|p2|Decidueye, L50, F|\n|poke|p2|Archaludon, L50, F|\n|poke|p2|Maushold, L50|\n|poke|p2|Incineroar, L50, M|\n|teampreview|4\n|\n|t:|1776026110\n|teamsize|p1|4\n|teamsize|p2|4\n|start\n|switch|p1a: Charizard|Charizard, L50, M|100/100\n|switch|p1b: Venusaur|Venusaur, L50, M|100/100\n|switch|p2a: Manectric|Manectric, L50, M|100/100\n|switch|p2b: Archaludon|Archaludon, L50, F|100/100\n|turn|1\n|inactive|Battle timer is ON: inactive players will automatically lose when time's up. (requested by jwnjun)\n|\n|t:|1776026141\n|detailschange|p2a: Manectric|Manectric-Mega, L50, M\n|-mega|p2a: Manectric|Manectric|Manectite\n|-ability|p2a: Manectric|Intimidate|boost\n|-unboost|p1a: Charizard|atk|1\n|-unboost|p1b: Venusaur|atk|1\n|detailschange|p1a: Charizard|Charizard-Mega-Y, L50, M\n|-mega|p1a: Charizard|Charizard|Charizardite Y\n|-weather|SunnyDay|[from] ability: Drought|[of] p1a: Charizard\n|move|p1a: Charizard|Protect|p1a: Charizard\n|-singleturn|p1a: Charizard|Protect\n|move|p1b: Venusaur|Sleep Powder|p2a: Manectric|[miss]\n|-miss|p1b: Venusaur|p2a: Manectric\n|move|p2a: Manectric|Volt Switch|p1a: Charizard\n|-activate|p1a: Charizard|move: Protect\n|move|p2b: Archaludon|Draco Meteor|p1b: Venusaur\n|-damage|p1b: Venusaur|19/100\n|-unboost|p2b: Archaludon|spa|2\n|\n|-weather|SunnyDay|[upkeep]\n|upkeep\n|turn|2\n|inactive|jwnjun has 30 seconds left.\n|\n|t:|1776026176\n|switch|p1a: Garchomp|Garchomp, L50, M|100/100\n|switch|p2b: Ninetales|Ninetales-Alola, L50, M|100/100\n|-weather|Snowscape|[from] ability: Snow Warning|[of] p2b: Ninetales\n|move|p2a: Manectric|Protect|p2a: Manectric\n|-singleturn|p2a: Manectric|Protect\n|move|p1b: Venusaur|Sleep Powder|p2a: Manectric\n|-activate|p2a: Manectric|move: Protect\n|\n|-weather|Snowscape|[upkeep]\n|upkeep\n|turn|3\n|inactive|jwnjun has 30 seconds left.\n|\n|t:|1776026210\n|switch|p1a: Charizard|Charizard-Mega-Y, L50, M|100/100\n|-weather|SunnyDay|[from] ability: Drought|[of] p1a: Charizard\n|move|p1b: Venusaur|Sludge Bomb|p2b: Ninetales\n|-supereffective|p2b: Ninetales|1\n|-damage|p2b: Ninetales|16/100\n|move|p2a: Manectric|Flamethrower|p1b: Venusaur\n|-supereffective|p1b: Venusaur|1\n|-damage|p1b: Venusaur|0 fnt\n|faint|p1b: Venusaur\n|move|p2b: Ninetales|Blizzard|p1a: Charizard\n|-damage|p1a: Charizard|67/100\n|\n|-weather|SunnyDay|[upkeep]\n|upkeep\n|\n|t:|1776026229\n|switch|p1b: Garchomp|Garchomp, L50, M|100/100\n|turn|4\n|\n|t:|1776026251\n|switch|p2b: Incineroar|Incineroar, L50, M|100/100\n|-ability|p2b: Incineroar|Intimidate|boost\n|-unboost|p1a: Charizard|atk|1\n|-unboost|p1b: Garchomp|atk|1\n|move|p2a: Manectric|Protect|p2a: Manectric\n|-singleturn|p2a: Manectric|Protect\n|move|p1b: Garchomp|Earthquake|p2a: Manectric|[spread] p2b\n|-activate|p2a: Manectric|move: Protect\n|-immune|p1a: Charizard\n|-supereffective|p2b: Incineroar|1\n|-damage|p2b: Incineroar|53/100\n|move|p1a: Charizard|Heat Wave|p2b: Incineroar|[spread] p2b\n|-activate|p2a: Manectric|move: Protect\n|-resisted|p2b: Incineroar|1\n|-damage|p2b: Incineroar|24/100\n|\n|-weather|SunnyDay|[upkeep]\n|-heal|p2b: Incineroar|30/100|[from] item: Leftovers\n|upkeep\n|turn|5\n|\n|t:|1776026274\n|switch|p1a: Sneasler|Sneasler, L50, M|100/100\n|move|p2b: Incineroar|Fake Out|p1b: Garchomp\n|-damage|p1b: Garchomp|89/100\n|-damage|p2b: Incineroar|18/100|[from] ability: Rough Skin|[of] p1b: Garchomp\n|cant|p1b: Garchomp|flinch\n|move|p2a: Manectric|Volt Switch|p1a: Sneasler\n|-damage|p1a: Sneasler|48/100\n|\n|t:|1776026286\n|switch|p2a: Ninetales|Ninetales-Alola, L50, M|16/100|[from] Volt Switch\n|-weather|Snowscape|[from] ability: Snow Warning|[of] p2a: Ninetales\n|\n|-weather|Snowscape|[upkeep]\n|-heal|p2b: Incineroar|23/100|[from] item: Leftovers\n|upkeep\n|turn|6\n|\n|t:|1776026308\n|switch|p1b: Charizard|Charizard-Mega-Y, L50, M|67/100\n|-weather|SunnyDay|[from] ability: Drought|[of] p1b: Charizard\n|move|p1a: Sneasler|Dire Claw|p2a: Ninetales\n|-supereffective|p2a: Ninetales|1\n|-damage|p2a: Ninetales|0 fnt\n|faint|p2a: Ninetales\n|move|p2b: Incineroar|Flare Blitz|p1a: Sneasler\n|-damage|p1a: Sneasler|0 fnt\n|faint|p1a: Sneasler\n|-damage|p2b: Incineroar|9/100|[from] Recoil\n|\n|-weather|SunnyDay|[upkeep]\n|-heal|p2b: Incineroar|15/100|[from] item: Leftovers\n|upkeep\n|\n|t:|1776026330\n|switch|p1a: Garchomp|Garchomp, L50, M|89/100\n|switch|p2a: Manectric|Manectric-Mega, L50, M|100/100\n|-ability|p2a: Manectric|Intimidate|boost\n|-unboost|p1a: Garchomp|atk|1\n|-unboost|p1b: Charizard|atk|1\n|turn|7\n|\n|t:|1776026346\n|move|p2a: Manectric|Protect|p2a: Manectric\n|-singleturn|p2a: Manectric|Protect\n|move|p1a: Garchomp|Earthquake|p2a: Manectric|[spread] p2b\n|-activate|p2a: Manectric|move: Protect\n|-immune|p1b: Charizard\n|-supereffective|p2b: Incineroar|1\n|-damage|p2b: Incineroar|0 fnt\n|faint|p2b: Incineroar\n|move|p1b: Charizard|Heat Wave|p2a: Manectric\n|-activate|p2a: Manectric|move: Protect\n|\n|-weather|SunnyDay|[upkeep]\n|upkeep\n|\n|t:|1776026356\n|switch|p2b: Archaludon|Archaludon, L50, F|100/100\n|turn|8\n|\n|t:|1776026374\n|move|p2b: Archaludon|Protect|p2b: Archaludon\n|-singleturn|p2b: Archaludon|Protect\n|move|p1a: Garchomp|Earthquake|p2b: Archaludon|[spread] p2a\n|-activate|p2b: Archaludon|move: Protect\n|-immune|p1b: Charizard\n|-supereffective|p2a: Manectric|1\n|-damage|p2a: Manectric|9/100\n|move|p2a: Manectric|Discharge|p1a: Garchomp|[spread] p1b\n|-activate|p2b: Archaludon|move: Protect\n|-immune|p1a: Garchomp\n|-supereffective|p1b: Charizard|1\n|-damage|p1b: Charizard|4/100\n|-status|p1b: Charizard|par\n|move|p1b: Charizard|Weather Ball|p2b: Archaludon\n|-activate|p2b: Archaludon|move: Protect\n|\n|-weather|SunnyDay|[upkeep]\n|upkeep\n|turn|9\n|inactive|jwnjun has 30 seconds left.\n|\n|t:|1776026402\n|move|p1b: Charizard|Protect|p1b: Charizard\n|-singleturn|p1b: Charizard|Protect\n|move|p1a: Garchomp|Earthquake|p2a: Manectric|[spread] p2a,p2b\n|-activate|p1b: Charizard|move: Protect\n|-supereffective|p2a: Manectric|1\n|-supereffective|p2b: Archaludon|1\n|-damage|p2a: Manectric|0 fnt\n|-damage|p2b: Archaludon|57/100\n|-ability|p2b: Archaludon|Stamina|boost\n|-boost|p2b: Archaludon|def|1\n|faint|p2a: Manectric\n|move|p2b: Archaludon|Draco Meteor|p1a: Garchomp\n|-supereffective|p1a: Garchomp|1\n|-damage|p1a: Garchomp|0 fnt\n|-unboost|p2b: Archaludon|spa|2\n|faint|p1a: Garchomp\n|\n|-weather|SunnyDay|[upkeep]\n|upkeep\n|turn|10\n|\n|t:|1776026422\n|move|p2b: Archaludon|Protect|p2b: Archaludon\n|-singleturn|p2b: Archaludon|Protect\n|move|p1b: Charizard|Weather Ball|p2b: Archaludon\n|-activate|p2b: Archaludon|move: Protect\n|\n|-weather|none\n|upkeep\n|turn|11\n|\n|t:|1776026431\n|move|p2b: Archaludon|Draco Meteor|p1b: Charizard\n|-damage|p1b: Charizard|0 fnt\n|-unboost|p2b: Archaludon|spa|2\n|faint|p1b: Charizard\n|\n|win|Sceptilicious\n|raw|jwnjun's rating: 1050 &rarr; <strong>1037</strong><br />(-13 for losing)\n|raw|Sceptilicious's rating: 1149 &rarr; <strong>1167</strong><br />(+18 for winning)\n|c|\u2606Sceptilicious|gg wp\n",
  "uploadtime": 1776026437,
  "views": 14,
  "formatid": "gen9championsvgc2026regma",
  "rating": 1037,
  "private": 0,
  "password": null
}