{
  "id": "gen9championsvgc2026regma-2587394361",
  "format": "[Gen 9 Champions] VGC 2026 Reg M-A",
  "players": [
    "KhaZixComedor",
    "NathanaelW19"
  ],
  "log": "|j|\u2606KhaZixComedor\n|j|\u2606NathanaelW19\n|t:|1776528178\n|gametype|doubles\n|player|p1|KhaZixComedor|hilbert|1201\n|player|p2|NathanaelW19|dragontamer|1199\n|gen|9\n|tier|[Gen 9 Champions] VGC 2026 Reg M-A\n|rated|\n|rule|Species Clause: Limit one of each Pok\u00e9mon\n|rule|Item Clause: Limit 1 of each item\n|clearpoke\n|poke|p1|Tyranitar, L50, M|\n|poke|p1|Rotom-Wash, L50|\n|poke|p1|Garchomp, L50, M|\n|poke|p1|Aerodactyl, L50, M|\n|poke|p1|Sinistcha, L50|\n|poke|p1|Incineroar, L50, F|\n|poke|p2|Sharpedo, L50, M|\n|poke|p2|Kangaskhan, L50, F|\n|poke|p2|Sneasler, L50, F|\n|poke|p2|Aerodactyl, L50, M|\n|poke|p2|Pelipper, L50, F, shiny|\n|poke|p2|Gardevoir, L50, M, shiny|\n|teampreview|4\n|inactive|Battle timer is ON: inactive players will automatically lose when time's up. (requested by NathanaelW19)\n|inactive|KhaZixComedor has 60 seconds left.\n|inactive|NathanaelW19 has 60 seconds left.\n|\n|t:|1776528214\n|teamsize|p1|4\n|teamsize|p2|4\n|start\n|switch|p1a: Tyranitar|Tyranitar, L50, M|100/100\n|switch|p1b: Sinistcha|Sinistcha, L50|100/100\n|switch|p2a: Kangaskhan|Kangaskhan, L50, F|100/100\n|switch|p2b: Pelipper|Pelipper, L50, F, shiny|100/100\n|-weather|Sandstorm|[from] ability: Sand Stream|[of] p1a: Tyranitar\n|-weather|RainDance|[from] ability: Drizzle|[of] p2b: Pelipper\n|turn|1\n|inactive|KhaZixComedor has 30 seconds left.\n|\n|t:|1776528245\n|detailschange|p2a: Kangaskhan|Kangaskhan-Mega, L50, F\n|-mega|p2a: Kangaskhan|Kangaskhan|Kangaskhanite\n|detailschange|p1a: Tyranitar|Tyranitar-Mega, L50, M\n|-mega|p1a: Tyranitar|Tyranitar|Tyranitarite\n|-weather|Sandstorm|[from] ability: Sand Stream|[of] p1a: Tyranitar\n|move|p1a: Tyranitar|Protect|p1a: Tyranitar\n|-singleturn|p1a: Tyranitar|Protect\n|move|p1b: Sinistcha|Rage Powder|p1b: Sinistcha\n|-singleturn|p1b: Sinistcha|move: Rage Powder\n|move|p2a: Kangaskhan|Low Kick|p1b: Sinistcha\n|-immune|p1b: Sinistcha\n|move|p2b: Pelipper|Hurricane|p1b: Sinistcha\n|-supereffective|p1b: Sinistcha|1\n|-damage|p1b: Sinistcha|6/100\n|\n|-weather|Sandstorm|[upkeep]\n|-damage|p2a: Kangaskhan|95/100|[from] Sandstorm\n|-damage|p2b: Pelipper|95/100|[from] Sandstorm\n|-damage|p1b: Sinistcha|0 fnt|[from] Sandstorm\n|faint|p1b: Sinistcha\n|upkeep\n|\n|t:|1776528264\n|switch|p1b: Rotom|Rotom-Wash, L50|100/100\n|turn|2\n|inactive|KhaZixComedor has 30 seconds left.\n|\n|t:|1776528291\n|switch|p1a: Garchomp|Garchomp, L50, M|100/100\n|switch|p2b: Sneasler|Sneasler, L50, F|100/100\n|move|p1b: Rotom|Discharge|p2b: Sneasler|[spread] p2a,p2b\n|-immune|p1a: Garchomp\n|-damage|p2a: Kangaskhan|69/100\n|-damage|p2b: Sneasler|58/100\n|-status|p2a: Kangaskhan|par\n|move|p2a: Kangaskhan|Low Kick|p1a: Garchomp\n|-damage|p1a: Garchomp|73/100\n|-damage|p1a: Garchomp|67/100\n|-hitcount|p1a: Garchomp|2\n|\n|-weather|Sandstorm|[upkeep]\n|-damage|p1b: Rotom|95/100|[from] Sandstorm\n|-damage|p2b: Sneasler|52/100|[from] Sandstorm\n|-damage|p2a: Kangaskhan|63/100 par|[from] Sandstorm\n|upkeep\n|turn|3\n|inactive|KhaZixComedor has 30 seconds left.\n|\n|t:|1776528325\n|move|p1a: Garchomp|Protect|p1a: Garchomp\n|-singleturn|p1a: Garchomp|Protect\n|move|p2b: Sneasler|Fake Out|p1a: Garchomp\n|-activate|p1a: Garchomp|move: Protect\n|move|p1b: Rotom|Discharge|p2b: Sneasler|[spread] p2a,p2b\n|-activate|p1a: Garchomp|move: Protect\n|-damage|p2a: Kangaskhan|34/100 par\n|-damage|p2b: Sneasler|11/100\n|-status|p2b: Sneasler|par\n|move|p2a: Kangaskhan|Double-Edge|p1b: Rotom\n|-damage|p1b: Rotom|10/100\n|-damage|p1b: Rotom|0 fnt\n|faint|p1b: Rotom\n|-hitcount|p1: Rotom|2\n|-damage|p2a: Kangaskhan|13/100 par|[from] Recoil\n|\n|-weather|Sandstorm|[upkeep]\n|-damage|p2b: Sneasler|6/100 par|[from] Sandstorm\n|-damage|p2a: Kangaskhan|7/100 par|[from] Sandstorm\n|upkeep\n|\n|t:|1776528342\n|switch|p1b: Tyranitar|Tyranitar-Mega, L50, M|100/100\n|turn|4\n|\n|t:|1776528350\n|move|p2a: Kangaskhan|Sucker Punch|p1a: Garchomp\n|-damage|p1a: Garchomp|41/100\n|-damage|p1a: Garchomp|35/100\n|-hitcount|p1a: Garchomp|2\n|move|p1a: Garchomp|Dragon Claw|p2b: Sneasler\n|-damage|p2b: Sneasler|0 fnt\n|faint|p2b: Sneasler\n|move|p1b: Tyranitar|Rock Slide|p2a: Kangaskhan\n|-damage|p2a: Kangaskhan|0 fnt\n|faint|p2a: Kangaskhan\n|\n|-weather|Sandstorm|[upkeep]\n|upkeep\n|\n|t:|1776528356\n|switch|p2b: Gardevoir|Gardevoir, L50, M, shiny|100/100\n|switch|p2a: Pelipper|Pelipper, L50, F, shiny|95/100\n|-ability|p2b: Gardevoir|Sand Stream|Trace|[from] ability: Trace|[of] p1b: Tyranitar\n|-weather|RainDance|[from] ability: Drizzle|[of] p2a: Pelipper\n|turn|5\n|\n|t:|1776528373\n|move|p2b: Gardevoir|Moonblast|p1a: Garchomp\n|-supereffective|p1a: Garchomp|1\n|-damage|p1a: Garchomp|0 fnt\n|faint|p1a: Garchomp\n|move|p1b: Tyranitar|Rock Slide|p2b: Gardevoir|[spread] p2a,p2b\n|-supereffective|p2a: Pelipper|1\n|-damage|p2a: Pelipper|14/100\n|-damage|p2b: Gardevoir|45/100\n|move|p2a: Pelipper|Weather Ball|p1b: Tyranitar\n|-supereffective|p1b: Tyranitar|1\n|-damage|p1b: Tyranitar|0 fnt\n|faint|p1b: Tyranitar\n|\n|win|NathanaelW19\n|raw|KhaZixComedor's rating: 1201 &rarr; <strong>1176</strong><br />(-25 for losing)\n|raw|NathanaelW19's rating: 1199 &rarr; <strong>1224</strong><br />(+25 for winning)\n",
  "uploadtime": 1776528383,
  "views": 16,
  "formatid": "gen9championsvgc2026regma",
  "rating": 1176,
  "private": 0,
  "password": null
}