{
  "id": "gen9championsvgc2026regma-2581123789",
  "format": "[Gen 9 Champions] VGC 2026 Reg M-A",
  "players": [
    "Sceptilicious",
    "bkn12"
  ],
  "log": "|j|\u2606Sceptilicious\n|j|\u2606bkn12\n|t:|1775962150\n|gametype|doubles\n|player|p1|Sceptilicious|101|1005\n|player|p2|bkn12|265|1040\n|gen|9\n|tier|[Gen 9 Champions] VGC 2026 Reg M-A\n|rated|\n|rule|Species Clause: Limit one of each Pok\u00e9mon\n|rule|Item Clause: Limit 1 of each item\n|clearpoke\n|poke|p1|Sinistcha, L50|\n|poke|p1|Dragonite, L50, F|\n|poke|p1|Milotic, L50, F|\n|poke|p1|Incineroar, L50, F|\n|poke|p1|Rotom-Wash, L50|\n|poke|p1|Maushold, L50|\n|poke|p2|Whimsicott, L50, M|\n|poke|p2|Arcanine-Hisui, L50, F|\n|poke|p2|Archaludon, L50, F|\n|poke|p2|Meganium, L50, F|\n|poke|p2|Conkeldurr, L50, F|\n|poke|p2|Pelipper, L50, M|\n|teampreview|4\nbkn12 has agreed to open team sheets.\nSceptilicious has agreed to open team sheets.\n|showteam|p1|Sinistcha||SitrusBerry|Hospitality|MatchaGotcha,RagePowder,Curse,LifeDew||||||50|]Dragonite||Dragoninite|InnerFocus|DracoMeteor,Thunder,Hurricane,Protect|||F|||50|]Milotic||MysticWater|Competitive|RainDance,Scald,Recover,IceBeam|||F|||50|]Incineroar||BrightPowder|Intimidate|FakeOut,FlareBlitz,PartingShot,CloseCombat|||F|||50|]Rotom-Wash||Leftovers|Levitate|HydroPump,VoltSwitch,WillOWisp,Protect||||||50|]Maushold||SilkScarf|FriendGuard|PopulationBomb,FollowMe,ThunderWave,Protect||||||50|\n|showteam|p2|Whimsicott||FocusSash|Prankster|Moonblast,Tailwind,EnergyBall,Protect|||M|||50|]Arcanine-Hisui||SitrusBerry|Intimidate|FlareBlitz,Protect,HeadSmash,ExtremeSpeed|||F|||50|]Archaludon||Leftovers|Stamina|FlashCannon,Protect,ElectroShot,BrickBreak|||F|||50|]Meganium||Meganiumite|Overgrow|SolarBeam,DazzlingGleam,GigaDrain,Protect|||F|||50|]Conkeldurr||BlackBelt|Guts|MachPunch,KnockOff,CloseCombat,Protect|||F|||50|]Pelipper||MysticWater|Drizzle|Hurricane,Surf,Tailwind,Protect|||M|||50|\n|inactive|Battle timer is ON: inactive players will automatically lose when time's up. (requested by bkn12)\n|inactive|bkn12 has 60 seconds left.\n|c|\u2606Sceptilicious|glhf :D\n|\n|t:|1775962252\n|teamsize|p1|4\n|teamsize|p2|4\n|start\n|switch|p1a: Wolfey|Incineroar, L50, F|100/100\n|switch|p1b: Lucy|Milotic, L50, F, shiny|100/100\n|switch|p2a: Whimsicott|Whimsicott, L50, M|100/100\n|switch|p2b: Pelipper|Pelipper, L50, M|100/100\n|-weather|RainDance|[from] ability: Drizzle|[of] p2b: Pelipper\n|-ability|p1a: Wolfey|Intimidate|boost\n|-unboost|p2a: Whimsicott|atk|1\n|-unboost|p2b: Pelipper|atk|1\n|turn|1\n|inactive|Sceptilicious has 30 seconds left.\n|\n|t:|1775962278\n|move|p1a: Wolfey|Fake Out|p2b: Pelipper\n|-damage|p2b: Pelipper|87/100\n|move|p2a: Whimsicott|Tailwind|p2a: Whimsicott\n|-sidestart|p2: bkn12|move: Tailwind\n|cant|p2b: Pelipper|flinch\n|move|p1b: Lucy|Ice Beam|p2a: Whimsicott\n|-supereffective|p2a: Whimsicott|1\n|-damage|p2a: Whimsicott|46/100\n|\n|-weather|RainDance|[upkeep]\n|upkeep\n|turn|2\n|c|\u2606bkn12|Wolfey XD\n|inactive|Sceptilicious has 30 seconds left.\n|inactive|bkn12 has 30 seconds left.\n|\n|t:|1775962312\n|move|p2a: Whimsicott|Energy Ball|p1b: Lucy\n|-supereffective|p1b: Lucy|1\n|-damage|p1b: Lucy|50/100\n|move|p2b: Pelipper|Hurricane|p1a: Wolfey\n|-damage|p1a: Wolfey|67/100\n|-start|p1a: Wolfey|confusion\n|move|p1b: Lucy|Scald|p2a: Whimsicott\n|-resisted|p2a: Whimsicott|1\n|-damage|p2a: Whimsicott|15/100\n|-activate|p1a: Wolfey|confusion\n|-damage|p1a: Wolfey|56/100|[from] confusion\n|\n|-weather|RainDance|[upkeep]\n|upkeep\n|turn|3\n|inactive|bkn12 has 30 seconds left.\n|\n|t:|1775962346\n|switch|p2b: Archaludon|Archaludon, L50, F|100/100\n|move|p2a: Whimsicott|Energy Ball|p1b: Lucy\n|-supereffective|p1b: Lucy|1\n|-damage|p1b: Lucy|6/100\n|move|p1b: Lucy|Recover|p1b: Lucy\n|-heal|p1b: Lucy|56/100\n|-activate|p1a: Wolfey|confusion\n|move|p1a: Wolfey|Parting Shot|p2b: Archaludon\n|-unboost|p2b: Archaludon|atk|1\n|-unboost|p2b: Archaludon|spa|1\n|\n|t:|1775962356\n|switch|p1a: Tea Time|Sinistcha, L50|100/100|[from] Parting Shot\n|-heal|p1b: Lucy|81/100|[from] ability: Hospitality|[of] p1a: Tea Time\n|\n|-weather|RainDance|[upkeep]\n|upkeep\n|turn|4\n|inactive|bkn12 has 30 seconds left.\n|\n|t:|1775962390\n|move|p2a: Whimsicott|Moonblast|p1a: Tea Time\n|-damage|p1a: Tea Time|65/100\n|move|p2b: Archaludon|Electro Shot||[still]\n|-prepare|p2b: Archaludon|Electro Shot\n|-boost|p2b: Archaludon|spa|1\n|-anim|p2b: Archaludon|Electro Shot|p1b: Lucy\n|-supereffective|p1b: Lucy|1\n|-damage|p1b: Lucy|30/100\n|move|p1b: Lucy|Scald|p2a: Whimsicott\n|-resisted|p2a: Whimsicott|1\n|-damage|p2a: Whimsicott|0 fnt\n|faint|p2a: Whimsicott\n|move|p1a: Tea Time|Curse|p2b: Archaludon\n|-start|p2b: Archaludon|Curse|[of] p1a: Tea Time\n|-damage|p1a: Tea Time|15/100\n|-enditem|p1a: Tea Time|Sitrus Berry|[eat]\n|-heal|p1a: Tea Time|40/100|[from] item: Sitrus Berry\n|\n|-weather|RainDance|[upkeep]\n|-damage|p2b: Archaludon|76/100|[from] Curse\n|-sideend|p2: bkn12|move: Tailwind\n|upkeep\n|\n|t:|1775962405\n|switch|p2a: Pelipper|Pelipper, L50, M|87/100\n|turn|5\n|inactive|Sceptilicious has 30 seconds left.\n|\n|t:|1775962436\n|switch|p1a: Wolfey|Incineroar, L50, F|56/100\n|-ability|p1a: Wolfey|Intimidate|boost\n|-unboost|p2a: Pelipper|atk|1\n|-unboost|p2b: Archaludon|atk|1\n|move|p2b: Archaludon|Electro Shot||[still]\n|-prepare|p2b: Archaludon|Electro Shot\n|-boost|p2b: Archaludon|spa|1\n|-anim|p2b: Archaludon|Electro Shot|p1b: Lucy\n|-supereffective|p1b: Lucy|1\n|-damage|p1b: Lucy|0 fnt\n|faint|p1b: Lucy\n|move|p2a: Pelipper|Tailwind|p2a: Pelipper\n|-sidestart|p2: bkn12|move: Tailwind\n|\n|-weather|none\n|-heal|p2b: Archaludon|82/100|[from] item: Leftovers\n|-damage|p2b: Archaludon|57/100|[from] Curse\n|upkeep\n|\n|t:|1775962452\n|switch|p1b: Tea Time|Sinistcha, L50|40/100\n|-heal|p1a: Wolfey|81/100|[from] ability: Hospitality|[of] p1b: Tea Time\n|turn|6\n|inactive|bkn12 has 30 seconds left.\n|\n|t:|1775962478\n|move|p2b: Archaludon|Protect|p2b: Archaludon\n|-singleturn|p2b: Archaludon|Protect\n|move|p1a: Wolfey|Fake Out|p2a: Pelipper\n|-damage|p2a: Pelipper|75/100\n|cant|p2a: Pelipper|flinch\n|move|p1b: Tea Time|Life Dew|p1b: Tea Time|[spread] p1a,p1b\n|-heal|p1a: Wolfey|100/100\n|-heal|p1b: Tea Time|65/100\n|\n|-heal|p2b: Archaludon|63/100|[from] item: Leftovers\n|-damage|p2b: Archaludon|38/100|[from] Curse\n|upkeep\n|turn|7\n|inactive|bkn12 has 30 seconds left.\n|\n|t:|1775962509\n|switch|p2a: Arcanine|Arcanine-Hisui, L50, F|100/100\n|-ability|p2a: Arcanine|Intimidate|boost\n|-unboost|p1a: Wolfey|atk|1\n|-unboost|p1b: Tea Time|atk|1\n|move|p2b: Archaludon|Brick Break|p1a: Wolfey\n|-supereffective|p1a: Wolfey|1\n|-damage|p1a: Wolfey|85/100\n|move|p1b: Tea Time|Matcha Gotcha|p2a: Arcanine|[spread] p2a,p2b\n|-resisted|p2b: Archaludon|2\n|-damage|p2a: Arcanine|77/100\n|-heal|p1b: Tea Time|82/100|[from] drain|[of] p2a: Arcanine\n|-damage|p2b: Archaludon|29/100\n|-heal|p1b: Tea Time|88/100|[from] drain|[of] p2b: Archaludon\n|-status|p2b: Archaludon|brn\n|-ability|p2b: Archaludon|Stamina|boost\n|-boost|p2b: Archaludon|def|1\n|move|p1a: Wolfey|Parting Shot|p2b: Archaludon\n|-unboost|p2b: Archaludon|atk|1\n|-unboost|p2b: Archaludon|spa|1\n|\n|t:|1775962527\n|switch|p1a: Nicole|Dragonite, L50, F, shiny|100/100|[from] Parting Shot\n|\n|-heal|p2b: Archaludon|36/100 brn|[from] item: Leftovers\n|-damage|p2b: Archaludon|29/100 brn|[from] brn\n|-damage|p2b: Archaludon|5/100 brn|[from] Curse\n|upkeep\n|turn|8\n|inactive|Sceptilicious has 30 seconds left.\n|inactive|bkn12 has 30 seconds left.\n|\n|t:|1775962557\n|detailschange|p1a: Nicole|Dragonite-Mega, L50, F, shiny\n|-mega|p1a: Nicole|Dragonite|Dragoninite\n|move|p1a: Nicole|Protect|p1a: Nicole\n|-singleturn|p1a: Nicole|Protect\n|move|p2a: Arcanine|Flare Blitz|p1b: Tea Time\n|-supereffective|p1b: Tea Time|1\n|-damage|p1b: Tea Time|0 fnt\n|faint|p1b: Tea Time\n|-damage|p2a: Arcanine|55/100|[from] Recoil\n|move|p2b: Archaludon|Flash Cannon|p1a: Nicole\n|-activate|p1a: Nicole|move: Protect\n|\n|-heal|p2b: Archaludon|11/100 brn|[from] item: Leftovers\n|-damage|p2b: Archaludon|5/100 brn|[from] brn\n|-damage|p2b: Archaludon|0 fnt|[from] Curse\n|faint|p2b: Archaludon\n|-sideend|p2: bkn12|move: Tailwind\n|upkeep\n|\n|t:|1775962572\n|switch|p2b: Pelipper|Pelipper, L50, M|75/100\n|switch|p1b: Wolfey|Incineroar, L50, F|85/100\n|-weather|RainDance|[from] ability: Drizzle|[of] p2b: Pelipper\n|-ability|p1b: Wolfey|Intimidate|boost\n|-unboost|p2a: Arcanine|atk|1\n|-unboost|p2b: Pelipper|atk|1\n|turn|9\n|\n|t:|1775962591\n|move|p1b: Wolfey|Fake Out|p2a: Arcanine\n|-resisted|p2a: Arcanine|1\n|-damage|p2a: Arcanine|49/100\n|-enditem|p2a: Arcanine|Sitrus Berry|[eat]\n|-heal|p2a: Arcanine|74/100|[from] item: Sitrus Berry\n|move|p1a: Nicole|Thunder|p2b: Pelipper\n|-supereffective|p2b: Pelipper|2\n|-damage|p2b: Pelipper|0 fnt\n|faint|p2b: Pelipper\n|cant|p2a: Arcanine|flinch\n|\n|-weather|RainDance|[upkeep]\n|upkeep\n|turn|10\n|c|\u2606Sceptilicious|gg wp\n|\n|t:|1775962606\n|move|p1a: Nicole|Thunder|p2a: Arcanine\n|-damage|p2a: Arcanine|31/100\n|move|p2a: Arcanine|Head Smash|p1a: Nicole\n|-supereffective|p1a: Nicole|1\n|-damage|p1a: Nicole|52/100\n|-damage|p2a: Arcanine|10/100|[from] Recoil\n|move|p1b: Wolfey|Close Combat|p2a: Arcanine\n|-supereffective|p2a: Arcanine|1\n|-damage|p2a: Arcanine|0 fnt\n|-unboost|p1b: Wolfey|def|1\n|-unboost|p1b: Wolfey|spd|1\n|faint|p2a: Arcanine\n|\n|win|Sceptilicious\n|raw|Sceptilicious's rating: 1005 &rarr; <strong>1048</strong><br />(+43 for winning)\n|raw|bkn12's rating: 1040 &rarr; <strong>1022</strong><br />(-18 for losing)\n|c|\u2606bkn12|GG\n",
  "uploadtime": 1775962619,
  "views": 15,
  "formatid": "gen9championsvgc2026regma",
  "rating": 1022,
  "private": 0,
  "password": null
}