{
  "id": "gen9championsvgc2026regma-2584328723",
  "format": "[Gen 9 Champions] VGC 2026 Reg M-A",
  "players": [
    "qaz8787",
    "MaliciousTorturer5"
  ],
  "log": "|j|\u2606qaz8787\n|j|\u2606MaliciousTorturer5\n|t:|1776251774\n|gametype|doubles\n|player|p1|qaz8787|2|1095\n|player|p2|MaliciousTorturer5|170|1087\n|gen|9\n|tier|[Gen 9 Champions] VGC 2026 Reg M-A\n|rated|\n|rule|Species Clause: Limit one of each Pok\u00e9mon\n|rule|Item Clause: Limit 1 of each item\n|clearpoke\n|poke|p1|Charizard, L50, F|\n|poke|p1|Garchomp, L50, F|\n|poke|p1|Whimsicott, L50, M|\n|poke|p1|Incineroar, L50, M|\n|poke|p1|Sneasler, L50, M|\n|poke|p1|Rotom-Wash, L50|\n|poke|p2|Garchomp, L50, F|\n|poke|p2|Tyranitar, L50, M|\n|poke|p2|Talonflame, L50, F|\n|poke|p2|Kleavor, L50, F|\n|poke|p2|Farigiraf, L50, F|\n|poke|p2|Rotom-Wash, L50|\n|teampreview|4\n|inactive|Battle timer is ON: inactive players will automatically lose when time's up. (requested by MaliciousTorturer5)\nMaliciousTorturer5 rejected open team sheets.\n|\n|t:|1776251826\n|teamsize|p1|4\n|teamsize|p2|4\n|start\n|switch|p1a: Incineroar|Incineroar, L50, M|100/100\n|switch|p1b: Garchomp|Garchomp, L50, F|100/100\n|switch|p2a: Kleavor|Kleavor, L50, F, shiny|100/100\n|switch|p2b: Talonflame|Talonflame, L50, F, shiny|100/100\n|-ability|p1a: Incineroar|Intimidate|boost\n|-unboost|p2a: Kleavor|atk|1\n|-unboost|p2b: Talonflame|atk|1\n|-enditem|p2b: Talonflame|White Herb\n|-clearnegativeboost|p2b: Talonflame|[silent]\n|turn|1\n|inactive|MaliciousTorturer5 has 30 seconds left.\n|inactive|MaliciousTorturer5 has 20 seconds left.\n|\n|t:|1776251864\n|switch|p2b: Tyranitar|Tyranitar, L50, M, shiny|100/100\n|-weather|Sandstorm|[from] ability: Sand Stream|[of] p2b: Tyranitar\n|move|p1a: Incineroar|Fake Out|p2b: Tyranitar\n|-resisted|p2b: Tyranitar|1\n|-damage|p2b: Tyranitar|96/100\n|move|p2a: Kleavor|U-turn|p1a: Incineroar\n|-crit|p1a: Incineroar\n|-damage|p1a: Incineroar|57/100\n|\n|t:|1776251879\n|switch|p2a: Talonflame|Talonflame, L50, F, shiny|100/100|[from] U-turn\n|move|p1b: Garchomp|Rock Slide|p2b: Tyranitar|[spread] p2a,p2b\n|-supereffective|p2a: Talonflame|2\n|-damage|p2a: Talonflame|0 fnt\n|-damage|p2b: Tyranitar|80/100\n|faint|p2a: Talonflame\n|\n|-weather|Sandstorm|[upkeep]\n|-damage|p1a: Incineroar|51/100|[from] Sandstorm\n|upkeep\n|\n|t:|1776251888\n|switch|p2a: Garchomp|Garchomp, L50, F, shiny|100/100\n|turn|2\n|inactive|qaz8787 has 30 seconds left.\n|inactive|MaliciousTorturer5 has 30 seconds left.\n|\n|t:|1776251916\n|switch|p1a: Rotom|Rotom-Wash, L50|100/100\n|detailschange|p2a: Garchomp|Garchomp-Mega, L50, F, shiny\n|-mega|p2a: Garchomp|Garchomp|Garchompite\n|move|p1b: Garchomp|Dragon Claw|p2a: Garchomp\n|-supereffective|p2a: Garchomp|1\n|-damage|p2a: Garchomp|28/100\n|move|p2a: Garchomp|Dragon Claw|p1b: Garchomp\n|-supereffective|p1b: Garchomp|1\n|-crit|p1b: Garchomp\n|-damage|p1b: Garchomp|0 fnt\n|-damage|p2a: Garchomp|15/100|[from] ability: Rough Skin|[of] p1b: Garchomp\n|faint|p1b: Garchomp\n|move|p2b: Tyranitar|Rock Slide|p1a: Rotom|[miss]\n|-miss|p2b: Tyranitar|p1a: Rotom\n|\n|-weather|Sandstorm|[upkeep]\n|-damage|p1a: Rotom|95/100|[from] Sandstorm\n|-heal|p1a: Rotom|100/100|[from] item: Leftovers\n|upkeep\n|l|\u2606MaliciousTorturer5\n|inactive|MaliciousTorturer5 disconnected and has a minute to reconnect!\n|player|p2|\n|j|\u2606MaliciousTorturer5\n|inactive|MaliciousTorturer5 reconnected.\n|player|p2|MaliciousTorturer5|170|\n|inactive|qaz8787 has 30 seconds left.\n|\n|t:|1776251945\n|switch|p1b: Charizard|Charizard, L50, F|100/100\n|turn|3\n|\n|t:|1776251977\n|switch|p1a: Incineroar|Incineroar, L50, M|51/100\n|-ability|p1a: Incineroar|Intimidate|boost\n|-unboost|p2a: Garchomp|atk|1\n|-unboost|p2b: Tyranitar|atk|1\n|detailschange|p1b: Charizard|Charizard-Mega-Y, L50, F\n|-mega|p1b: Charizard|Charizard|Charizardite Y\n|-weather|SunnyDay|[from] ability: Drought|[of] p1b: Charizard\n|move|p2a: Garchomp|Rock Slide|p1a: Incineroar|[spread] p1a,p1b\n|-supereffective|p1a: Incineroar|1\n|-supereffective|p1b: Charizard|2\n|-damage|p1a: Incineroar|25/100\n|-damage|p1b: Charizard|27/100\n|-enditem|p1a: Incineroar|Sitrus Berry|[eat]\n|-heal|p1a: Incineroar|50/100|[from] item: Sitrus Berry\n|cant|p1b: Charizard|flinch\n|move|p2b: Tyranitar|Rock Slide|p1a: Incineroar|[spread] p1a\n|-miss|p2b: Tyranitar|p1b: Charizard\n|-supereffective|p1a: Incineroar|1\n|-damage|p1a: Incineroar|19/100\n|\n|-weather|SunnyDay|[upkeep]\n|upkeep\n|turn|4\n|inactive|qaz8787 has 30 seconds left.\n|\n|t:|1776252004\n|switch|p2a: Kleavor|Kleavor, L50, F, shiny|100/100\n|move|p1a: Incineroar|Fake Out|p2a: Kleavor\n|-resisted|p2a: Kleavor|1\n|-damage|p2a: Kleavor|94/100\n|move|p1b: Charizard|Solar Beam||[still]\n|-prepare|p1b: Charizard|Solar Beam\n|-anim|p1b: Charizard|Solar Beam|p2b: Tyranitar\n|-supereffective|p2b: Tyranitar|1\n|-damage|p2b: Tyranitar|8/100\n|move|p2b: Tyranitar|Rock Slide|p1a: Incineroar|[spread] p1a,p1b\n|-supereffective|p1a: Incineroar|1\n|-supereffective|p1b: Charizard|2\n|-damage|p1a: Incineroar|0 fnt\n|-damage|p1b: Charizard|0 fnt\n|faint|p1a: Incineroar\n|faint|p1b: Charizard\n|\n|-weather|SunnyDay|[upkeep]\n|upkeep\n|\n|t:|1776252019\n|switch|p1b: Rotom|Rotom-Wash, L50|100/100\n|turn|5\n|\n|t:|1776252037\n|move|p2a: Kleavor|X-Scissor|p1b: Rotom\n|-damage|p1b: Rotom|23/100\n|move|p1b: Rotom|Hydro Pump|p2b: Tyranitar\n|-supereffective|p2b: Tyranitar|1\n|-damage|p2b: Tyranitar|0 fnt\n|faint|p2b: Tyranitar\n|\n|-weather|SunnyDay|[upkeep]\n|-heal|p1b: Rotom|29/100|[from] item: Leftovers\n|upkeep\n|\n|t:|1776252041\n|switch|p2b: Garchomp|Garchomp-Mega, L50, F, shiny|15/100\n|turn|6\n|\n|t:|1776252053\n|move|p1b: Rotom|Protect|p1b: Rotom\n|-singleturn|p1b: Rotom|Protect\n|move|p2a: Kleavor|X-Scissor|p1b: Rotom\n|-activate|p1b: Rotom|move: Protect\n|move|p2b: Garchomp|Dragon Claw|p1b: Rotom\n|-activate|p1b: Rotom|move: Protect\n|\n|-weather|SunnyDay|[upkeep]\n|-heal|p1b: Rotom|35/100|[from] item: Leftovers\n|upkeep\n|turn|7\n|\n|t:|1776252064\n|move|p2a: Kleavor|X-Scissor|p1b: Rotom\n|-damage|p1b: Rotom|0 fnt\n|faint|p1b: Rotom\n|\n|win|MaliciousTorturer5\n|raw|qaz8787's rating: 1095 &rarr; <strong>1070</strong><br />(-25 for losing)\n|raw|MaliciousTorturer5's rating: 1087 &rarr; <strong>1115</strong><br />(+28 for winning)\n",
  "uploadtime": 1776252079,
  "views": 34,
  "formatid": "gen9championsvgc2026regma",
  "rating": 1070,
  "private": 0,
  "password": null
}