{
  "id": "gen9championsvgc2026regma-2583358534",
  "format": "[Gen 9 Champions] VGC 2026 Reg M-A",
  "players": [
    "Fekrunq",
    "testhan92"
  ],
  "log": "|j|\u2606Fekrunq\n|j|\u2606testhan92\n|t:|1776169913\n|gametype|doubles\n|player|p1|Fekrunq|benga|1155\n|player|p2|testhan92|265|1230\n|gen|9\n|tier|[Gen 9 Champions] VGC 2026 Reg M-A\n|rated|\n|rule|Species Clause: Limit one of each Pok\u00e9mon\n|rule|Item Clause: Limit 1 of each item\n|clearpoke\n|poke|p1|Crabominable, L50, M|\n|poke|p1|Farigiraf, L50, F|\n|poke|p1|Primarina, L50, F|\n|poke|p1|Sinistcha, L50|\n|poke|p1|Incineroar, L50, M|\n|poke|p1|Kingambit, L50, F|\n|poke|p2|Gardevoir, L50, M|\n|poke|p2|Rotom-Wash, L50|\n|poke|p2|Incineroar, L50, M|\n|poke|p2|Aerodactyl, L50, F|\n|poke|p2|Sneasler, L50, M|\n|poke|p2|Garchomp, L50, M|\n|teampreview|4\n|\n|t:|1776169950\n|teamsize|p1|4\n|teamsize|p2|4\n|start\n|switch|p1a: Incineroar|Incineroar, L50, M|100/100\n|switch|p1b: Sinistcha|Sinistcha, L50|100/100\n|switch|p2a: Gardevoir|Gardevoir, L50, M|100/100\n|switch|p2b: Rotom|Rotom-Wash, L50|100/100\n|-ability|p1a: Incineroar|Intimidate|boost\n|-unboost|p2a: Gardevoir|atk|1\n|-unboost|p2b: Rotom|atk|1\n|turn|1\n|\n|t:|1776169972\n|detailschange|p2a: Gardevoir|Gardevoir-Mega, L50, M\n|-mega|p2a: Gardevoir|Gardevoir|Gardevoirite\n|move|p1a: Incineroar|Fake Out|p2b: Rotom\n|-damage|p2b: Rotom|84/100\n|cant|p2b: Rotom|flinch\n|move|p2a: Gardevoir|Hyper Voice|p1a: Incineroar|[spread] p1a,p1b\n|-damage|p1a: Incineroar|51/100\n|-damage|p1b: Sinistcha|38/100\n|move|p1b: Sinistcha|Trick Room|p1b: Sinistcha\n|-fieldstart|move: Trick Room|[of] p1b: Sinistcha\n|\n|upkeep\n|turn|2\n|\n|t:|1776169999\n|switch|p2b: Incineroar|Incineroar, L50, M|100/100\n|-ability|p2b: Incineroar|Intimidate|boost\n|-unboost|p1a: Incineroar|atk|1\n|-unboost|p1b: Sinistcha|atk|1\n|move|p1a: Incineroar|Throat Chop|p2b: Incineroar\n|-resisted|p2b: Incineroar|1\n|-damage|p2b: Incineroar|91/100\n|-start|p2b: Incineroar|Throat Chop|[silent]\n|move|p1b: Sinistcha|Matcha Gotcha|p2b: Incineroar|[spread] p2a,p2b\n|-resisted|p2b: Incineroar|1\n|-damage|p2a: Gardevoir|75/100\n|-heal|p1b: Sinistcha|50/100|[from] drain|[of] p2a: Gardevoir\n|-damage|p2b: Incineroar|77/100\n|-heal|p1b: Sinistcha|58/100|[from] drain|[of] p2b: Incineroar\n|move|p2a: Gardevoir|Hyper Voice|p1b: Sinistcha|[spread] p1a,p1b\n|-damage|p1a: Incineroar|0 fnt\n|-damage|p1b: Sinistcha|0 fnt\n|faint|p1a: Incineroar\n|faint|p1b: Sinistcha\n|\n|upkeep\n|\n|t:|1776170020\n|switch|p1a: Crabominable|Crabominable, L50, M|100/100\n|switch|p1b: Primarina|Primarina, L50, F|100/100\n|turn|3\n|\n|t:|1776170035\n|switch|p2b: Sneasler|Sneasler, L50, M|100/100\n|switch|p2a: Rotom|Rotom-Wash, L50|84/100\n|detailschange|p1a: Crabominable|Crabominable-Mega, L50, M\n|-mega|p1a: Crabominable|Crabominable|Crabominite\n|move|p1a: Crabominable|Ice Hammer|p2a: Rotom\n|-resisted|p2a: Rotom|1\n|-crit|p2a: Rotom\n|-damage|p2a: Rotom|22/100\n|-unboost|p1a: Crabominable|spe|1\n|move|p1b: Primarina|Hyper Voice|p2a: Rotom|[spread] p2a,p2b\n|-resisted|p2a: Rotom|1\n|-damage|p2a: Rotom|0 fnt\n|-damage|p2b: Sneasler|37/100\n|faint|p2a: Rotom\n|\n|upkeep\n|\n|t:|1776170039\n|switch|p2a: Gardevoir|Gardevoir-Mega, L50, M|75/100\n|turn|4\n|\n|t:|1776170058\n|move|p2b: Sneasler|Fake Out|p1a: Crabominable\n|-damage|p1a: Crabominable|90/100\n|cant|p1a: Crabominable|flinch\n|move|p1b: Primarina|Hyper Voice|p2a: Gardevoir|[spread] p2a,p2b\n|-damage|p2a: Gardevoir|40/100\n|-damage|p2b: Sneasler|0 fnt\n|faint|p2b: Sneasler\n|move|p2a: Gardevoir|Trick Room|p2a: Gardevoir\n|-fieldend|move: Trick Room\n|\n|upkeep\n|\n|t:|1776170065\n|switch|p2b: Incineroar|Incineroar, L50, M|77/100\n|-ability|p2b: Incineroar|Intimidate|boost\n|-unboost|p1a: Crabominable|atk|1\n|-unboost|p1b: Primarina|atk|1\n|turn|5\n|\n|t:|1776170079\n|move|p1a: Crabominable|Protect|p1a: Crabominable\n|-singleturn|p1a: Crabominable|Protect\n|move|p2b: Incineroar|Fake Out|p1b: Primarina\n|-damage|p1b: Primarina|88/100\n|move|p2a: Gardevoir|Hyper Voice|p1b: Primarina|[spread] p1b\n|-activate|p1a: Crabominable|move: Protect\n|-damage|p1b: Primarina|44/100\n|cant|p1b: Primarina|flinch\n|\n|upkeep\n|turn|6\n|\n|t:|1776170098\n|move|p2a: Gardevoir|Hyper Voice|p1a: Crabominable|[spread] p1a,p1b\n|-supereffective|p1a: Crabominable|1\n|-damage|p1a: Crabominable|8/100\n|-damage|p1b: Primarina|2/100\n|move|p2b: Incineroar|Flare Blitz|p1a: Crabominable\n|-supereffective|p1a: Crabominable|1\n|-damage|p1a: Crabominable|0 fnt\n|faint|p1a: Crabominable\n|-damage|p2b: Incineroar|75/100|[from] Recoil\n|move|p1b: Primarina|Hyper Voice|p2a: Gardevoir|[spread] p2a,p2b\n|-supereffective|p2b: Incineroar|1\n|-damage|p2a: Gardevoir|6/100\n|-damage|p2b: Incineroar|0 fnt\n|faint|p2b: Incineroar\n|\n|upkeep\n|turn|7\n|\n|t:|1776170109\n|move|p2a: Gardevoir|Hyper Voice|p1b: Primarina\n|-damage|p1b: Primarina|0 fnt\n|faint|p1b: Primarina\n|\n|win|testhan92\n|raw|Fekrunq's rating: 1155 &rarr; <strong>1135</strong><br />(-20 for losing)\n|raw|testhan92's rating: 1230 &rarr; <strong>1250</strong><br />(+20 for winning)\n|l|\u2606Fekrunq\n|player|p1|\n",
  "uploadtime": 1776170122,
  "views": 22,
  "formatid": "gen9championsvgc2026regma",
  "rating": 1135,
  "private": 0,
  "password": null
}