{
  "id": "gen9championsvgc2026regma-2584229321",
  "format": "[Gen 9 Champions] VGC 2026 Reg M-A",
  "players": [
    "mangelpeirats",
    "ScribbleScribble"
  ],
  "log": "|j|\u2606mangelpeirats\n|j|\u2606ScribbleScribble\n|t:|1776240833\n|gametype|doubles\n|player|p1|mangelpeirats|265|1422\n|player|p2|ScribbleScribble|mina-lgpe|1515\n|gen|9\n|tier|[Gen 9 Champions] VGC 2026 Reg M-A\n|rated|\n|rule|Species Clause: Limit one of each Pok\u00e9mon\n|rule|Item Clause: Limit 1 of each item\n|clearpoke\n|poke|p1|Gallade, L50, M|\n|poke|p1|Maushold, L50|\n|poke|p1|Kingambit, L50, M|\n|poke|p1|Aerodactyl, L50, M|\n|poke|p1|Arcanine, L50, M|\n|poke|p1|Milotic, L50, F|\n|poke|p2|Floette-Eternal, L50, F|\n|poke|p2|Sneasler, L50, M|\n|poke|p2|Aerodactyl, L50, M|\n|poke|p2|Kingambit, L50, M|\n|poke|p2|Basculegion, L50, M|\n|poke|p2|Farigiraf, L50, F|\n|teampreview|4\n|inactive|Battle timer is ON: inactive players will automatically lose when time's up. (requested by ScribbleScribble)\n|inactive|mangelpeirats has 60 seconds left.\n|\n|t:|1776240880\n|teamsize|p1|4\n|teamsize|p2|4\n|start\n|switch|p1a: Poio Pedra|Aerodactyl, L50, M|100/100\n|switch|p1b: Pap\u00e1 Luch\u00f3n|Gallade, L50, M|100/100\n|switch|p2a: Sneasler|Sneasler, L50, M|100/100\n|switch|p2b: Kingambit|Kingambit, L50, M|100/100\n|-ability|p1a: Poio Pedra|Unnerve\n|turn|1\n|\n|t:|1776240898\n|detailschange|p1b: Pap\u00e1 Luch\u00f3n|Gallade-Mega, L50, M\n|-mega|p1b: Pap\u00e1 Luch\u00f3n|Gallade|Galladite\n|move|p1a: Poio Pedra|Protect|p1a: Poio Pedra\n|-singleturn|p1a: Poio Pedra|Protect\n|move|p2a: Sneasler|Fake Out|p1b: Pap\u00e1 Luch\u00f3n\n|-damage|p1b: Pap\u00e1 Luch\u00f3n|83/100\n|move|p1b: Pap\u00e1 Luch\u00f3n|Drain Punch|p2b: Kingambit\n|-supereffective|p2b: Kingambit|2\n|-damage|p2b: Kingambit|0 fnt\n|-heal|p1b: Pap\u00e1 Luch\u00f3n|100/100|[from] drain|[of] p2b: Kingambit\n|faint|p2b: Kingambit\n|\n|upkeep\n|\n|t:|1776240903\n|switch|p2b: Aerodactyl|Aerodactyl, L50, M|100/100\n|-ability|p2b: Aerodactyl|Unnerve\n|turn|2\n|\n|t:|1776240919\n|move|p1a: Poio Pedra|Rock Slide|p2b: Aerodactyl|[spread] p2a,p2b\n|-resisted|p2a: Sneasler|1\n|-supereffective|p2b: Aerodactyl|1\n|-damage|p2a: Sneasler|78/100\n|-damage|p2b: Aerodactyl|24/100\n|move|p2b: Aerodactyl|Dual Wingbeat|p1b: Pap\u00e1 Luch\u00f3n\n|-supereffective|p1b: Pap\u00e1 Luch\u00f3n|1\n|-damage|p1b: Pap\u00e1 Luch\u00f3n|62/100\n|-supereffective|p1b: Pap\u00e1 Luch\u00f3n|1\n|-damage|p1b: Pap\u00e1 Luch\u00f3n|26/100\n|-hitcount|p1b: Pap\u00e1 Luch\u00f3n|2\n|move|p1b: Pap\u00e1 Luch\u00f3n|Psycho Cut|p2a: Sneasler\n|-supereffective|p2a: Sneasler|2\n|-damage|p2a: Sneasler|0 fnt\n|faint|p2a: Sneasler\n|\n|upkeep\n|\n|t:|1776240927\n|switch|p2a: Floette|Floette-Eternal, L50, F|100/100\n|turn|3\n|\n|t:|1776240936\n|detailschange|p2a: Floette|Floette-Mega, L50, F\n|-mega|p2a: Floette|Floette|Floettite\n|-ability|p2a: Floette|Fairy Aura\n|move|p1b: Pap\u00e1 Luch\u00f3n|Protect|p1b: Pap\u00e1 Luch\u00f3n\n|-singleturn|p1b: Pap\u00e1 Luch\u00f3n|Protect\n|move|p1a: Poio Pedra|Tailwind|p1a: Poio Pedra\n|-sidestart|p1: mangelpeirats|move: Tailwind\n|move|p2b: Aerodactyl|Tailwind|p2b: Aerodactyl\n|-sidestart|p2: ScribbleScribble|move: Tailwind\n|move|p2a: Floette|Dazzling Gleam|p1a: Poio Pedra|[spread] p1a\n|-activate|p1b: Pap\u00e1 Luch\u00f3n|move: Protect\n|-damage|p1a: Poio Pedra|31/100\n|\n|upkeep\n|turn|4\n|\n|t:|1776240950\n|move|p1a: Poio Pedra|Rock Slide|p2b: Aerodactyl|[spread] p2a\n|-miss|p1a: Poio Pedra|p2b: Aerodactyl\n|-damage|p2a: Floette|69/100\n|move|p2b: Aerodactyl|Rock Slide|p1b: Pap\u00e1 Luch\u00f3n|[spread] p1a\n|-miss|p2b: Aerodactyl|p1b: Pap\u00e1 Luch\u00f3n\n|-supereffective|p1a: Poio Pedra|1\n|-damage|p1a: Poio Pedra|0 fnt\n|faint|p1a: Poio Pedra\n|move|p1b: Pap\u00e1 Luch\u00f3n|Psycho Cut|p2a: Floette\n|-damage|p2a: Floette|18/100\n|move|p2a: Floette|Dazzling Gleam|p1b: Pap\u00e1 Luch\u00f3n\n|-supereffective|p1b: Pap\u00e1 Luch\u00f3n|1\n|-damage|p1b: Pap\u00e1 Luch\u00f3n|0 fnt\n|faint|p1b: Pap\u00e1 Luch\u00f3n\n|\n|upkeep\n|\n|t:|1776240954\n|switch|p1a: Perro Sanxe|Arcanine, L50, M|100/100\n|switch|p1b: Xokas|Kingambit, L50, M|100/100\n|-ability|p1a: Perro Sanxe|Intimidate|boost\n|-unboost|p2a: Floette|atk|1\n|-unboost|p2b: Aerodactyl|atk|1\n|turn|5\n|\n|t:|1776240965\n|move|p1b: Xokas|Sucker Punch|p2b: Aerodactyl\n|-damage|p2b: Aerodactyl|0 fnt\n|faint|p2b: Aerodactyl\n|move|p1a: Perro Sanxe|Flamethrower|p2a: Floette\n|-damage|p2a: Floette|0 fnt\n|faint|p2a: Floette\n|\n|win|mangelpeirats\n|raw|mangelpeirats's rating: 1422 &rarr; <strong>1447</strong><br />(+25 for winning)\n|raw|ScribbleScribble's rating: 1515 &rarr; <strong>1490</strong><br />(-25 for losing)\n|l|\u2606ScribbleScribble\n|player|p2|\n|l|\u2606mangelpeirats\n|player|p1|\n",
  "uploadtime": 1776241203,
  "views": 69,
  "formatid": "gen9championsvgc2026regma",
  "rating": 1447,
  "private": 0,
  "password": null
}