{
  "id": "gen9championsvgc2026regma-2587307520",
  "format": "[Gen 9 Champions] VGC 2026 Reg M-A",
  "players": [
    "VenuzFz",
    "lobbychatlagsmypc"
  ],
  "log": "|j|\u2606VenuzFz\n|j|\u2606lobbychatlagsmypc\n|t:|1776520496\n|gametype|doubles\n|player|p1|VenuzFz|red|1117\n|player|p2|lobbychatlagsmypc|266|1169\n|gen|9\n|tier|[Gen 9 Champions] VGC 2026 Reg M-A\n|rated|\n|rule|Species Clause: Limit one of each Pok\u00e9mon\n|rule|Item Clause: Limit 1 of each item\n|clearpoke\n|poke|p1|Floette-Eternal, L50, F, shiny|\n|poke|p1|Kingambit, L50, M, shiny|\n|poke|p1|Sneasler, L50, M, shiny|\n|poke|p1|Garchomp, L50, F|\n|poke|p1|Basculegion, L50, M, shiny|\n|poke|p1|Froslass, L50, F, shiny|\n|poke|p2|Lopunny, L50, F|\n|poke|p2|Farigiraf, L50, M|\n|poke|p2|Camerupt, L50, M|\n|poke|p2|Maushold-Four, L50|\n|poke|p2|Abomasnow, L50, F|\n|poke|p2|Araquanid, L50, M|\n|teampreview|4\n|inactive|Battle timer is ON: inactive players will automatically lose when time's up. (requested by VenuzFz)\n|\n|t:|1776520523\n|teamsize|p1|4\n|teamsize|p2|4\n|start\n|switch|p1a: Sneasler|Sneasler, L50, M, shiny|100/100\n|switch|p1b: Froslass|Froslass, L50, F, shiny|100/100\n|switch|p2a: Maushold|Maushold-Four, L50|100/100\n|switch|p2b: Farigiraf|Farigiraf, L50, M|100/100\n|turn|1\n|\n|t:|1776520537\n|detailschange|p1b: Froslass|Froslass-Mega, L50, F, shiny\n|-mega|p1b: Froslass|Froslass|Froslassite\n|-weather|Snowscape|[from] ability: Snow Warning|[of] p1b: Froslass\n|move|p1a: Sneasler|Protect|p1a: Sneasler\n|-singleturn|p1a: Sneasler|Protect\n|move|p2a: Maushold|U-turn|p1a: Sneasler\n|-activate|p1a: Sneasler|move: Protect\n|move|p1b: Froslass|Substitute|p1b: Froslass\n|-start|p1b: Froslass|Substitute\n|-damage|p1b: Froslass|76/100\n|move|p2b: Farigiraf|Trick Room|p2b: Farigiraf\n|-fieldstart|move: Trick Room|[of] p2b: Farigiraf\n|\n|-weather|Snowscape|[upkeep]\n|upkeep\n|turn|2\n|\n|t:|1776520560\n|switch|p1a: Basculegion|Basculegion, L50, M, shiny|100/100\n|move|p2b: Farigiraf|Psychic|p1b: Froslass\n|-end|p1b: Froslass|Substitute\n|move|p1b: Froslass|Blizzard|p2a: Maushold|[spread] p2a,p2b\n|-damage|p2a: Maushold|47/100\n|-damage|p2b: Farigiraf|77/100\n|-status|p2a: Maushold|frz\n|cant|p2a: Maushold|frz\n|\n|-weather|Snowscape|[upkeep]\n|upkeep\n|turn|3\n|\n|t:|1776520575\n|move|p2b: Farigiraf|Psychic|p1b: Froslass\n|-damage|p1b: Froslass|42/100\n|move|p1a: Basculegion|Wave Crash|p2b: Farigiraf\n|-damage|p2b: Farigiraf|25/100\n|-enditem|p2b: Farigiraf|Sitrus Berry|[eat]\n|-heal|p2b: Farigiraf|50/100|[from] item: Sitrus Berry\n|-damage|p1a: Basculegion|82/100|[from] Recoil\n|move|p1b: Froslass|Blizzard|p2a: Maushold|[spread] p2a,p2b\n|-damage|p2a: Maushold|0 fnt\n|-damage|p2b: Farigiraf|25/100\n|faint|p2a: Maushold\n|\n|-weather|Snowscape|[upkeep]\n|upkeep\n|\n|t:|1776520581\n|switch|p2a: Camerupt|Camerupt, L50, M|100/100\n|turn|4\n|\n|t:|1776520593\n|detailschange|p2a: Camerupt|Camerupt-Mega, L50, M\n|-mega|p2a: Camerupt|Camerupt|Cameruptite\n|move|p1a: Basculegion|Protect|p1a: Basculegion\n|-singleturn|p1a: Basculegion|Protect\n|move|p1b: Froslass|Protect|p1b: Froslass\n|-singleturn|p1b: Froslass|Protect\n|move|p2a: Camerupt|Eruption|p1b: Froslass|[spread] \n|-activate|p1a: Basculegion|move: Protect\n|-activate|p1b: Froslass|move: Protect\n|move|p2b: Farigiraf|Psychic|p1a: Basculegion\n|-activate|p1a: Basculegion|move: Protect\n|\n|-weather|Snowscape|[upkeep]\n|upkeep\n|turn|5\n|\n|t:|1776520607\n|switch|p1a: Garchomp|Garchomp, L50, F|100/100\n|switch|p1b: Sneasler|Sneasler, L50, M, shiny|100/100\n|move|p2a: Camerupt|Eruption|p1b: Sneasler|[spread] p1a,p1b\n|-resisted|p1a: Garchomp|1\n|-damage|p1a: Garchomp|67/100\n|-enditem|p1b: Sneasler|Focus Sash\n|-damage|p1b: Sneasler|1/100\n|move|p2b: Farigiraf|Psychic|p1a: Garchomp\n|-damage|p1a: Garchomp|36/100\n|\n|-weather|none\n|-fieldend|move: Trick Room\n|upkeep\n|turn|6\n|\n|t:|1776520624\n|move|p1b: Sneasler|Close Combat|p2a: Camerupt\n|-damage|p2a: Camerupt|33/100\n|-unboost|p1b: Sneasler|def|1\n|-unboost|p1b: Sneasler|spd|1\n|move|p1a: Garchomp|Earthquake|p2b: Farigiraf|[spread] p1b,p2a,p2b\n|-supereffective|p1b: Sneasler|1\n|-supereffective|p2a: Camerupt|1\n|-damage|p1b: Sneasler|0 fnt\n|-damage|p2a: Camerupt|0 fnt\n|-damage|p2b: Farigiraf|0 fnt\n|faint|p1b: Sneasler\n|faint|p2a: Camerupt\n|faint|p2b: Farigiraf\n|\n|upkeep\n|-message|lobbychatlagsmypc forfeited.\n|\n|win|VenuzFz\n|raw|VenuzFz's rating: 1117 &rarr; <strong>1146</strong><br />(+29 for winning)\n|raw|lobbychatlagsmypc's rating: 1169 &rarr; <strong>1140</strong><br />(-29 for losing)\n",
  "uploadtime": 1776520630,
  "views": 24,
  "formatid": "gen9championsvgc2026regma",
  "rating": 1140,
  "private": 0,
  "password": null
}