{
  "id": "gen9championsvgc2026regma-2580705144",
  "format": "[Gen 9 Champions] VGC 2026 Reg M-A",
  "players": [
    "Am Your Conscience",
    "ThatGuy213456"
  ],
  "log": "|j|\u2606Am Your Conscience\n|j|\u2606ThatGuy213456\n|t:|1775925753\n|gametype|doubles\n|player|p1|Am Your Conscience|n|1043\n|player|p2|ThatGuy213456|169|1000\n|gen|9\n|tier|[Gen 9 Champions] VGC 2026 Reg M-A\n|rated|\n|rule|Species Clause: Limit one of each Pok\u00e9mon\n|rule|Item Clause: Limit 1 of each item\n|clearpoke\n|poke|p1|Gengar, L50, M|\n|poke|p1|Archaludon, L50, F|\n|poke|p1|Politoed, L50, F|\n|poke|p1|Lopunny, L50, F|\n|poke|p1|Klefki, L50, F|\n|poke|p1|Lycanroc, L50, F|\n|poke|p2|Umbreon, L50, F|\n|poke|p2|Gardevoir, L50, F|\n|poke|p2|Sinistcha, L50|\n|poke|p2|Corviknight, L50, F|\n|poke|p2|Garchomp, L50, F|\n|poke|p2|Rotom-Wash, L50|\n|teampreview|4\nAm Your Conscience has agreed to open team sheets.\n|\n|t:|1775925813\n|teamsize|p1|4\n|teamsize|p2|4\n|start\n|switch|p1a: Politoed|Politoed, L50, F|100/100\n|switch|p1b: Archaludon|Archaludon, L50, F|100/100\n|switch|p2a: Corviknight|Corviknight, L50, F, shiny|100/100\n|switch|p2b: Rotom|Rotom-Wash, L50, shiny|100/100\n|-weather|RainDance|[from] ability: Drizzle|[of] p1a: Politoed\n|turn|1\n|\n|t:|1775925852\n|switch|p1a: Klefki|Klefki, L50, F|100/100\n|move|p2a: Corviknight|Protect|p2a: Corviknight\n|-singleturn|p2a: Corviknight|Protect\n|move|p2b: Rotom|Thunderbolt|p1a: Klefki\n|-damage|p1a: Klefki|52/100\n|move|p1b: Archaludon|Electro Shot||[still]\n|-prepare|p1b: Archaludon|Electro Shot\n|-boost|p1b: Archaludon|spa|1\n|-anim|p1b: Archaludon|Electro Shot|p2b: Rotom\n|-damage|p2b: Rotom|27/100\n|\n|-weather|RainDance|[upkeep]\n|-heal|p1a: Klefki|58/100|[from] item: Leftovers\n|upkeep\n|turn|2\n|\n|t:|1775925889\n|switch|p2a: Garchomp|Garchomp, L50, F|100/100\n|move|p2b: Rotom|Protect|p2b: Rotom\n|-singleturn|p2b: Rotom|Protect\n|move|p1a: Klefki|Light Screen|p1a: Klefki\n|-sidestart|p1: Am Your Conscience|move: Light Screen\n|move|p1b: Archaludon|Dragon Pulse|p2b: Rotom\n|-activate|p2b: Rotom|move: Protect\n|\n|-weather|RainDance|[upkeep]\n|-heal|p1a: Klefki|65/100|[from] item: Leftovers\n|upkeep\n|turn|3\n|\n|t:|1775925930\n|move|p2a: Garchomp|Earthquake|p1b: Archaludon|[spread] p1a,p1b\n|-immune|p2b: Rotom|[from] ability: Levitate\n|-supereffective|p1a: Klefki|1\n|-supereffective|p1b: Archaludon|1\n|-damage|p1a: Klefki|0 fnt\n|-damage|p1b: Archaludon|43/100\n|-enditem|p1b: Archaludon|Sitrus Berry|[eat]\n|-heal|p1b: Archaludon|68/100|[from] item: Sitrus Berry\n|faint|p1a: Klefki\n|move|p2b: Rotom|Volt Switch|p1b: Archaludon\n|-resisted|p1b: Archaludon|1\n|-damage|p1b: Archaludon|52/100\n|\n|t:|1775925943\n|switch|p2b: Corviknight|Corviknight, L50, F, shiny|100/100|[from] Volt Switch\n|move|p1b: Archaludon|Dragon Pulse|p2a: Garchomp\n|-supereffective|p2a: Garchomp|1\n|-damage|p2a: Garchomp|0 fnt\n|faint|p2a: Garchomp\n|\n|-weather|RainDance|[upkeep]\n|upkeep\n|\n|t:|1775925953\n|switch|p2a: Rotom|Rotom-Wash, L50, shiny|27/100\n|switch|p1a: The Grungler|Gengar, L50, M|100/100\n|turn|4\n|\n|t:|1775925978\n|detailschange|p1a: The Grungler|Gengar-Mega, L50, M\n|-mega|p1a: The Grungler|Gengar|Gengarite\n|move|p2a: Rotom|Protect|p2a: Rotom\n|-singleturn|p2a: Rotom|Protect\n|move|p1a: The Grungler|Shadow Ball|p2a: Rotom\n|-activate|p2a: Rotom|move: Protect\n|move|p1b: Archaludon|Electro Shot||[still]\n|-prepare|p1b: Archaludon|Electro Shot\n|-boost|p1b: Archaludon|spa|1\n|-anim|p1b: Archaludon|Electro Shot|p2b: Corviknight\n|-supereffective|p2b: Corviknight|1\n|-damage|p2b: Corviknight|0 fnt\n|faint|p2b: Corviknight\n|\n|-weather|RainDance|[upkeep]\n|upkeep\n|\n|t:|1775925991\n|switch|p2b: Sinistcha|Sinistcha, L50|100/100\n|-heal|p2a: Rotom|52/100|[from] ability: Hospitality|[of] p2b: Sinistcha\n|turn|5\n|\n|t:|1775926015\n|move|p2b: Sinistcha|Rage Powder|p2b: Sinistcha\n|-singleturn|p2b: Sinistcha|move: Rage Powder\n|move|p1a: The Grungler|Sludge Wave|p2a: Rotom|[spread] p2a,p2b\n|-immune|p1b: Archaludon\n|-damage|p2a: Rotom|4/100\n|-damage|p2b: Sinistcha|56/100\n|move|p2a: Rotom|Hydro Pump|p1b: Archaludon\n|-resisted|p1b: Archaludon|1\n|-damage|p1b: Archaludon|24/100\n|move|p1b: Archaludon|Dragon Pulse|p2b: Sinistcha\n|-damage|p2b: Sinistcha|0 fnt\n|faint|p2b: Sinistcha\n|\n|-weather|none\n|upkeep\n|turn|6\n|\n|t:|1775926034\n|move|p1a: The Grungler|Shadow Ball|p2a: Rotom\n|-damage|p2a: Rotom|0 fnt\n|faint|p2a: Rotom\n|\n|win|Am Your Conscience\n|raw|Am Your Conscience's rating: 1043 &rarr; <strong>1072</strong><br />(+29 for winning)\n|raw|ThatGuy213456's rating: 1000 &rarr; <strong>1000</strong><br />(+0 for losing)\n|l|\u2606ThatGuy213456\n|player|p2|\n",
  "uploadtime": 1775926047,
  "views": 11,
  "formatid": "gen9championsvgc2026regma",
  "rating": 1000,
  "private": 0,
  "password": null
}