{
  "id": "gen9championsvgc2026regma-2583982517",
  "format": "[Gen 9 Champions] VGC 2026 Reg M-A",
  "players": [
    "TehPinguen",
    "Cr13l"
  ],
  "log": "|j|\u2606TehPinguen\n|j|\u2606Cr13l\n|t:|1776213996\n|gametype|doubles\n|player|p1|TehPinguen|lady|1091\n|player|p2|Cr13l|hugh|1086\n|gen|9\n|tier|[Gen 9 Champions] VGC 2026 Reg M-A\n|rated|\n|rule|Species Clause: Limit one of each Pok\u00e9mon\n|rule|Item Clause: Limit 1 of each item\n|clearpoke\n|poke|p1|Froslass, L50, F|\n|poke|p1|Ninetales-Alola, L50, M|\n|poke|p1|Conkeldurr, L50, F|\n|poke|p1|Clefable, L50, M|\n|poke|p1|Basculegion, L50, M|\n|poke|p1|Incineroar, L50, F|\n|poke|p2|Meganium, L50, F|\n|poke|p2|Archaludon, L50, F|\n|poke|p2|Aerodactyl, L50, M|\n|poke|p2|Typhlosion-Hisui, L50, M|\n|poke|p2|Tauros-Paldea-Aqua, L50, M|\n|poke|p2|Kangaskhan, L50, F|\n|teampreview|4\nTehPinguen has agreed to open team sheets.\n|\n|t:|1776214031\n|teamsize|p1|4\n|teamsize|p2|4\n|start\n|switch|p1a: Froslass|Froslass, L50, F|100/100\n|switch|p1b: Basculegion|Basculegion, L50, M|100/100\n|switch|p2a: Meganium|Meganium, L50, F|100/100\n|switch|p2b: Aerodactyl|Aerodactyl, L50, M|100/100\n|-ability|p2b: Aerodactyl|Unnerve\n|turn|1\n|\n|t:|1776214081\n|detailschange|p1a: Froslass|Froslass-Mega, L50, F\n|-mega|p1a: Froslass|Froslass|Froslassite\n|-weather|Snowscape|[from] ability: Snow Warning|[of] p1a: Froslass\n|detailschange|p2a: Meganium|Meganium-Mega, L50, F\n|-mega|p2a: Meganium|Meganium|Meganiumite\n|move|p1a: Froslass|Protect|p1a: Froslass\n|-singleturn|p1a: Froslass|Protect\n|move|p2b: Aerodactyl|Tailwind|p2b: Aerodactyl\n|-sidestart|p2: Cr13l|move: Tailwind\n|move|p2a: Meganium|Weather Ball|p1a: Froslass\n|-activate|p1a: Froslass|move: Protect\n|move|p1b: Basculegion|Flip Turn|p2b: Aerodactyl\n|-supereffective|p2b: Aerodactyl|1\n|-enditem|p2b: Aerodactyl|Focus Sash\n|-damage|p2b: Aerodactyl|1/100\n|\n|t:|1776214099\n|switch|p1b: Conkeldurr|Conkeldurr, L50, F|100/100|[from] Flip Turn\n|\n|-weather|Snowscape|[upkeep]\n|upkeep\n|turn|2\n|\n|t:|1776214115\n|switch|p1a: Basculegion|Basculegion, L50, M|100/100\n|move|p2b: Aerodactyl|Protect|p2b: Aerodactyl\n|-singleturn|p2b: Aerodactyl|Protect\n|move|p1b: Conkeldurr|Mach Punch|p2b: Aerodactyl\n|-activate|p2b: Aerodactyl|move: Protect\n|move|p2a: Meganium|Weather Ball|p1a: Basculegion\n|-resisted|p1a: Basculegion|1\n|-damage|p1a: Basculegion|62/100\n|\n|-weather|Snowscape|[upkeep]\n|upkeep\n|turn|3\n|\n|t:|1776214149\n|switch|p2b: Tauros|Tauros-Paldea-Aqua, L50, M|100/100\n|-ability|p2b: Tauros|Intimidate|boost\n|-unboost|p1a: Basculegion|atk|1\n|-unboost|p1b: Conkeldurr|atk|1\n|move|p1b: Conkeldurr|Mach Punch|p2b: Tauros\n|-damage|p2b: Tauros|79/100\n|move|p2a: Meganium|Dazzling Gleam|p1a: Basculegion|[spread] p1a,p1b\n|-supereffective|p1b: Conkeldurr|1\n|-damage|p1a: Basculegion|18/100\n|-damage|p1b: Conkeldurr|43/100\n|move|p1a: Basculegion|Ice Fang|p2a: Meganium\n|-supereffective|p2a: Meganium|1\n|-damage|p2a: Meganium|76/100\n|\n|-weather|Snowscape|[upkeep]\n|upkeep\n|turn|4\n|\n|t:|1776214178\n|move|p1b: Conkeldurr|Wide Guard|p1b: Conkeldurr\n|-singleturn|p1b: Conkeldurr|Wide Guard\n|move|p2b: Tauros|Wave Crash|p1a: Basculegion\n|-resisted|p1a: Basculegion|1\n|-damage|p1a: Basculegion|0 fnt\n|faint|p1a: Basculegion\n|-damage|p2b: Tauros|72/100|[from] Recoil\n|move|p2a: Meganium|Dazzling Gleam|p1b: Conkeldurr\n|-activate|p1b: Conkeldurr|move: Wide Guard\n|\n|-weather|Snowscape|[upkeep]\n|-sideend|p2: Cr13l|move: Tailwind\n|upkeep\n|\n|t:|1776214193\n|switch|p1a: Froslass|Froslass-Mega, L50, F|100/100\n|turn|5\n|\n|t:|1776214226\n|switch|p1a: Clefable|Clefable, L50, M|100/100\n|move|p2a: Meganium|Protect|p2a: Meganium\n|-singleturn|p2a: Meganium|Protect\n|move|p2b: Tauros|Wave Crash|p1a: Clefable\n|-damage|p1a: Clefable|57/100\n|-damage|p2b: Tauros|52/100|[from] Recoil\n|move|p1b: Conkeldurr|Drain Punch|p2b: Tauros\n|-damage|p2b: Tauros|8/100\n|-heal|p1b: Conkeldurr|59/100|[from] drain|[of] p2b: Tauros\n|\n|-weather|none\n|-heal|p1a: Clefable|63/100|[from] item: Leftovers\n|upkeep\n|turn|6\n|\n|t:|1776214261\n|move|p1b: Conkeldurr|Mach Punch|p2b: Tauros\n|-damage|p2b: Tauros|0 fnt\n|faint|p2b: Tauros\n|move|p2a: Meganium|Solar Beam||[still]\n|-prepare|p2a: Meganium|Solar Beam\n|-activate|p2a: Meganium|ability: Mega Sol\n|-anim|p2a: Meganium|Solar Beam|p1b: Conkeldurr\n|-damage|p1b: Conkeldurr|0 fnt\n|faint|p1b: Conkeldurr\n|move|p1a: Clefable|Knock Off|p2a: Meganium\n|-resisted|p2a: Meganium|1\n|-damage|p2a: Meganium|72/100\n|\n|-heal|p1a: Clefable|69/100|[from] item: Leftovers\n|upkeep\n|\n|t:|1776214275\n|switch|p2b: Aerodactyl|Aerodactyl, L50, M|1/100\n|switch|p1b: Froslass|Froslass-Mega, L50, F|100/100\n|-ability|p2b: Aerodactyl|Unnerve\n|-weather|Snowscape|[from] ability: Snow Warning|[of] p1b: Froslass\n|turn|7\n|\n|t:|1776214292\n|move|p1a: Clefable|Follow Me|p1a: Clefable\n|-singleturn|p1a: Clefable|move: Follow Me\n|move|p2b: Aerodactyl|Tailwind|p2b: Aerodactyl\n|-sidestart|p2: Cr13l|move: Tailwind\n|move|p2a: Meganium|Weather Ball|p1a: Clefable\n|-damage|p1a: Clefable|14/100\n|move|p1b: Froslass|Blizzard|p2a: Meganium|[spread] p2a,p2b\n|-supereffective|p2a: Meganium|1\n|-supereffective|p2b: Aerodactyl|1\n|-crit|p2b: Aerodactyl\n|-damage|p2a: Meganium|0 fnt\n|-damage|p2b: Aerodactyl|0 fnt\n|faint|p2a: Meganium\n|faint|p2b: Aerodactyl\n|\n|-weather|Snowscape|[upkeep]\n|-heal|p1a: Clefable|20/100|[from] item: Leftovers\n|upkeep\n|\n|t:|1776214307\n|switch|p2a: Archaludon|Archaludon, L50, F|100/100\n|turn|8\n|\n|t:|1776214326\n|move|p1a: Clefable|Follow Me|p1a: Clefable\n|-singleturn|p1a: Clefable|move: Follow Me\n|move|p2a: Archaludon|Flash Cannon|p1a: Clefable\n|-supereffective|p1a: Clefable|1\n|-damage|p1a: Clefable|0 fnt\n|faint|p1a: Clefable\n|move|p1b: Froslass|Blizzard|p2a: Archaludon\n|-damage|p2a: Archaludon|5/100\n|-status|p2a: Archaludon|frz\n|\n|-weather|Snowscape|[upkeep]\n|upkeep\n|turn|9\n|c|\u2606Cr13l|...\n|\n|t:|1776214343\n|cant|p2a: Archaludon|frz\n|move|p1b: Froslass|Blizzard|p2a: Archaludon\n|-damage|p2a: Archaludon|0 fnt\n|faint|p2a: Archaludon\n|\n|win|TehPinguen\n|raw|TehPinguen's rating: 1091 &rarr; <strong>1117</strong><br />(+26 for winning)\n|raw|Cr13l's rating: 1086 &rarr; <strong>1063</strong><br />(-23 for losing)\n|l|\u2606Cr13l\n|player|p2|\n",
  "uploadtime": 1776214353,
  "views": 13,
  "formatid": "gen9championsvgc2026regma",
  "rating": 1063,
  "private": 0,
  "password": null
}