{
  "id": "gen9championsvgc2026regma-2581914325",
  "format": "[Gen 9 Champions] VGC 2026 Reg M-A",
  "players": [
    "Gordon Gambley",
    "BarryTreacy"
  ],
  "log": "|j|\u2606Gordon Gambley\n|j|\u2606BarryTreacy\n|html|<table width=\"100%\"><tr><td align=\"left\">Gordon Gambley</td><td align=\"right\">BarryTreacy</tr><tr><td align=\"left\"><i class=\"fa fa-circle-o\"></i> <i class=\"fa fa-circle-o\"></i> </td><td align=\"right\"><i class=\"fa fa-circle-o\"></i> <i class=\"fa fa-circle-o\"></i> </tr></table>\n|uhtml|bestof|<h2><strong>Game 1</strong> of <a href=\"/game-bestof3-gen9championsvgc2026regma-2581914324\">a best-of-3</a></h2>\n|t:|1776039295\n|gametype|doubles\n|player|p1|Gordon Gambley|gambler|\n|player|p2|BarryTreacy|1|\n|gen|9\n|tier|[Gen 9 Champions] VGC 2026 Reg M-A\n|rated|Tournament battle\n|rule|Species Clause: Limit one of each Pok\u00e9mon\n|rule|Item Clause: Limit 1 of each item\n|raw|<div class=\"infobox\"><details class=\"readmore\" open><summary><strong>2 custom rules:</strong></summary> Force Open Team Sheets, Best of = 3</details></div>\n|clearpoke\n|poke|p1|Scizor, L50, F|\n|poke|p1|Basculegion, L50, M|\n|poke|p1|Dragonite, L50, F|\n|poke|p1|Sneasler, L50, M|\n|poke|p1|Incineroar, L50, M|\n|poke|p1|Politoed, L50, M|\n|poke|p2|Zoroark-Hisui, L50, M|\n|poke|p2|Whimsicott, L50, F|\n|poke|p2|Kingambit, L50, F|\n|poke|p2|Floette-Eternal, L50, F|\n|poke|p2|Palafin, L50, F|\n|poke|p2|Arcanine-Hisui, L50, M|\n|teampreview|4\n|showteam|p1|Scizor||Scizorite|Technician|BulletPunch,BugBite,SwordsDance,Protect|||F|||50|]Basculegion||ChoiceScarf|SwiftSwim|WaveCrash,LastRespects,FlipTurn,AquaJet|||M|||50|]Dragonite||LumBerry|Multiscale|DragonClaw,ExtremeSpeed,AerialAce,Protect|||F|||50|]Sneasler||WhiteHerb|Unburden|FakeOut,CloseCombat,DireClaw,Protect|||M|||50|]Incineroar||SitrusBerry|Intimidate|FlareBlitz,PartingShot,FakeOut,DarkestLariat|||M|||50|]Politoed||Leftovers|Drizzle|WeatherBall,Encore,IcyWind,Protect|||M|||50|\n|showteam|p2|Zoroark-Hisui||FocusSash|Illusion|IcyWind,BitterMalice,HyperVoice,Protect|||M|||50|]Whimsicott||MentalHerb|Prankster|Tailwind,Encore,Moonblast,Protect|||F|||50|]Kingambit||Leftovers|Defiant|KowtowCleave,IronHead,Protect,SuckerPunch|||F|||50|]Floette-Eternal||Floettite|FlowerVeil|Moonblast,Protect,DazzlingGleam,CalmMind|||F|||50|]Palafin||MysticWater|ZerotoHero|FlipTurn,Protect,WaveCrash,JetPunch|||F|||50|]Arcanine-Hisui||WhiteHerb|Intimidate|RockSlide,FlareBlitz,CloseCombat,Protect|||M|||50|\n|inactive|Battle timer is ON: inactive players will automatically lose when time's up. (requested by Gordon Gambley)\n|\n|t:|1776039360\n|teamsize|p1|4\n|teamsize|p2|4\n|start\n|switch|p1a: Politoed|Politoed, L50, M|100/100\n|switch|p1b: Scizor|Scizor, L50, F|100/100\n|switch|p2a: Floette|Floette-Eternal, L50, F|100/100\n|switch|p2b: Arcanine|Arcanine-Hisui, L50, M|100/100\n|-ability|p2b: Arcanine|Intimidate|boost\n|-unboost|p1a: Politoed|atk|1\n|-unboost|p1b: Scizor|atk|1\n|-weather|RainDance|[from] ability: Drizzle|[of] p1a: Politoed\n|turn|1\n|inactive|Gordon Gambley has 30 seconds left.\n|inactive|BarryTreacy has 30 seconds left.\n|inactive|BarryTreacy has 20 seconds left.\n|inactive|BarryTreacy has 15 seconds left.\n|inactive|BarryTreacy has 10 seconds left.\n|\n|t:|1776039408\n|switch|p2b: Whimsicott|Whimsicott, L50, F|100/100\n|switch|p1b: Incineroar|Incineroar, L50, M|100/100\n|-ability|p1b: Incineroar|Intimidate|boost\n|-unboost|p2a: Floette|atk|1\n|-unboost|p2b: Whimsicott|atk|1\n|move|p2a: Floette|Bitter Malice|p1a: Politoed\n|-damage|p1a: Politoed|62/100\n|-unboost|p1a: Politoed|atk|1\n|move|p1a: Politoed|Weather Ball|p2b: Whimsicott\n|-resisted|p2b: Whimsicott|1\n|-crit|p2b: Whimsicott\n|-damage|p2b: Whimsicott|43/100\n|\n|-weather|RainDance|[upkeep]\n|-heal|p1a: Politoed|69/100|[from] item: Leftovers\n|upkeep\n|turn|2\n|inactive|BarryTreacy has 30 seconds left.\n|\n|t:|1776039439\n|switch|p2b: Floette|Floette-Eternal, L50, F|100/100\n|move|p2a: Floette|Bitter Malice|p1b: Incineroar\n|-resisted|p1b: Incineroar|1\n|-damage|p1b: Incineroar|84/100\n|-unboost|p1b: Incineroar|atk|1\n|move|p1a: Politoed|Icy Wind|p2b: Floette|[spread] p2a,p2b\n|-damage|p2a: Floette|77/100\n|-damage|p2b: Floette|92/100\n|-unboost|p2a: Floette|spe|1\n|-unboost|p2b: Floette|spe|1\n|replace|p2a: Zoroark|Zoroark-Hisui, L50, M\n|-end|p2a: Zoroark|Illusion\n|move|p1b: Incineroar|Parting Shot|p2a: Zoroark\n|-unboost|p2a: Zoroark|atk|1\n|-unboost|p2a: Zoroark|spa|1\n|\n|t:|1776039451\n|switch|p1b: Sneasler|Sneasler, L50, M|100/100|[from] Parting Shot\n|\n|-weather|RainDance|[upkeep]\n|-heal|p1a: Politoed|75/100|[from] item: Leftovers\n|upkeep\n|turn|3\n|inactive|BarryTreacy has 30 seconds left.\n|inactive|BarryTreacy has 20 seconds left.\n|inactive|BarryTreacy has 15 seconds left.\n|inactive|BarryTreacy has 10 seconds left.\n|inactive|BarryTreacy has 5 seconds left.\n|\n|t:|1776039502\n|switch|p2a: Whimsicott|Whimsicott, L50, F|43/100\n|move|p2b: Floette|Protect|p2b: Floette\n|-singleturn|p2b: Floette|Protect\n|move|p1b: Sneasler|Dire Claw|p2b: Floette\n|-activate|p2b: Floette|move: Protect\n|move|p1a: Politoed|Weather Ball|p2a: Whimsicott\n|-resisted|p2a: Whimsicott|1\n|-damage|p2a: Whimsicott|6/100\n|\n|-weather|RainDance|[upkeep]\n|-heal|p1a: Politoed|81/100|[from] item: Leftovers\n|upkeep\n|turn|4\n|inactive|Gordon Gambley has 30 seconds left.\n|inactive|BarryTreacy has 30 seconds left.\n|\n|t:|1776039535\n|detailschange|p2b: Floette|Floette-Mega, L50, F\n|-mega|p2b: Floette|Floette|Floettite\n|-ability|p2b: Floette|Fairy Aura\n|move|p1b: Sneasler|Protect|p1b: Sneasler\n|-singleturn|p1b: Sneasler|Protect\n|move|p2a: Whimsicott|Tailwind|p2a: Whimsicott\n|-sidestart|p2: BarryTreacy|move: Tailwind\n|move|p2b: Floette|Moonblast|p1b: Sneasler\n|-activate|p1b: Sneasler|move: Protect\n|move|p1a: Politoed|Icy Wind|p2a: Whimsicott|[spread] p2a,p2b\n|-supereffective|p2a: Whimsicott|1\n|-damage|p2a: Whimsicott|0 fnt\n|-damage|p2b: Floette|85/100\n|-unboost|p2b: Floette|spe|1\n|faint|p2a: Whimsicott\n|\n|-weather|RainDance|[upkeep]\n|-heal|p1a: Politoed|87/100|[from] item: Leftovers\n|upkeep\n|j| yungPBJglizzy\n|c|\u2606BarryTreacy|i am an idiod\n|inactive|BarryTreacy has 30 seconds left.\n|\n|t:|1776039561\n|switch|p2a: Arcanine|Arcanine-Hisui, L50, M|100/100\n|-ability|p2a: Arcanine|Intimidate|boost\n|-unboost|p1a: Politoed|atk|1\n|-unboost|p1b: Sneasler|atk|1\n|-enditem|p1b: Sneasler|White Herb\n|-clearnegativeboost|p1b: Sneasler|[silent]\n|turn|5\n|\n|t:|1776039580\n|move|p2a: Arcanine|Protect|p2a: Arcanine\n|-singleturn|p2a: Arcanine|Protect\n|move|p2b: Floette|Protect|p2b: Floette\n|-singleturn|p2b: Floette|Protect\n|move|p1b: Sneasler|Dire Claw|p2b: Floette\n|-activate|p2b: Floette|move: Protect\n|move|p1a: Politoed|Weather Ball|p2a: Arcanine\n|-activate|p2a: Arcanine|move: Protect\n|\n|-weather|none\n|-heal|p1a: Politoed|94/100|[from] item: Leftovers\n|upkeep\n|turn|6\n|l| yungPBJglizzy\n|inactive|BarryTreacy has 30 seconds left.\n|inactive|BarryTreacy has 20 seconds left.\n|\n|t:|1776039617\n|switch|p1a: Incineroar|Incineroar, L50, M|84/100\n|-ability|p1a: Incineroar|Intimidate|boost\n|-unboost|p2a: Arcanine|atk|1\n|-unboost|p2b: Floette|atk|1\n|-enditem|p2a: Arcanine|White Herb\n|-clearnegativeboost|p2a: Arcanine|[silent]\n|move|p1b: Sneasler|Dire Claw|p2b: Floette\n|-supereffective|p2b: Floette|1\n|-damage|p2b: Floette|0 fnt\n|faint|p2b: Floette\n|move|p2a: Arcanine|Flare Blitz|p1b: Sneasler\n|-damage|p1b: Sneasler|2/100\n|-damage|p2a: Arcanine|71/100|[from] Recoil\n|\n|upkeep\n|\n|t:|1776039636\n|switch|p2b: Zoroark|Zoroark-Hisui, L50, M|77/100\n|turn|7\n|\n|t:|1776039659\n|move|p2b: Zoroark|Protect|p2b: Zoroark\n|-singleturn|p2b: Zoroark|Protect\n|move|p1b: Sneasler|Close Combat|p2a: Arcanine\n|-supereffective|p2a: Arcanine|1\n|-damage|p2a: Arcanine|0 fnt\n|-unboost|p1b: Sneasler|def|1\n|-unboost|p1b: Sneasler|spd|1\n|faint|p2a: Arcanine\n|move|p1a: Incineroar|Darkest Lariat|p2b: Zoroark\n|-activate|p2b: Zoroark|move: Protect\n|\n|-sideend|p2: BarryTreacy|move: Tailwind\n|upkeep\n|turn|8\n|inactive|BarryTreacy has 30 seconds left.\n|-message|BarryTreacy forfeited.\n|\n|win|Gordon Gambley\n|l|\u2606BarryTreacy\n|player|p2|\n",
  "uploadtime": 1776039687,
  "views": 9,
  "formatid": "gen9championsvgc2026regma",
  "rating": null,
  "private": 0,
  "password": null
}