{
  "id": "gen9championsvgc2026regma-2582447712",
  "format": "[Gen 9 Champions] VGC 2026 Reg M-A",
  "players": [
    "LegaLas16",
    "NINTAIL12"
  ],
  "log": "|j|\u2606LegaLas16\n|j|\u2606NINTAIL12\n|t:|1776092310\n|gametype|doubles\n|player|p1|LegaLas16|169|1095\n|player|p2|NINTAIL12|265|1068\n|gen|9\n|tier|[Gen 9 Champions] VGC 2026 Reg M-A\n|rated|\n|rule|Species Clause: Limit one of each Pok\u00e9mon\n|rule|Item Clause: Limit 1 of each item\n|clearpoke\n|poke|p1|Sableye, L50, M|\n|poke|p1|Milotic, L50, F|\n|poke|p1|Espathra, L50, M|\n|poke|p1|Charizard, L50, M|\n|poke|p1|Garchomp, L50, M|\n|poke|p1|Gardevoir, L50, M|\n|poke|p2|Ninetales-Alola, L50, F|\n|poke|p2|Starmie, L50|\n|poke|p2|Delphox, L50, M|\n|poke|p2|Talonflame, L50, F|\n|poke|p2|Garchomp, L50, M|\n|poke|p2|Kingambit, L50, M|\n|teampreview|4\n|inactive|Battle timer is ON: inactive players will automatically lose when time's up. (requested by LegaLas16)\nLegaLas16 rejected open team sheets.\n|inactive|LegaLas16 has 60 seconds left.\n|\n|t:|1776092349\n|teamsize|p1|4\n|teamsize|p2|4\n|start\n|switch|p1a: Sableye|Sableye, L50, M, shiny|100/100\n|switch|p1b: Garchomp|Garchomp, L50, M|100/100\n|switch|p2a: Ninetales|Ninetales-Alola, L50, F|100/100\n|switch|p2b: Starmie|Starmie, L50|100/100\n|-weather|Snowscape|[from] ability: Snow Warning|[of] p2a: Ninetales\n|turn|1\n|inactive|NINTAIL12 has 30 seconds left.\n|\n|t:|1776092380\n|switch|p1b: Espathra|Espathra, L50, M, shiny|100/100\n|detailschange|p2b: Starmie|Starmie-Mega, L50\n|-mega|p2b: Starmie|Starmie|Starminite\n|move|p1a: Sableye|Fake Out|p2b: Starmie\n|-damage|p2b: Starmie|92/100\n|cant|p2b: Starmie|flinch\n|move|p2a: Ninetales|Blizzard|p1b: Espathra|[spread] p1a,p1b\n|-damage|p1a: Sableye|65/100\n|-damage|p1b: Espathra|52/100\n|\n|-weather|Snowscape|[upkeep]\n|upkeep\n|turn|2\n|\n|t:|1776092405\n|move|p1b: Espathra|Protect|p1b: Espathra\n|-singleturn|p1b: Espathra|Protect\n|move|p1a: Sableye|Gravity|p1a: Sableye\n|-fieldstart|move: Gravity\n|move|p2b: Starmie|Liquidation|p1b: Espathra\n|-activate|p1b: Espathra|move: Protect\n|move|p2a: Ninetales|Blizzard|p1a: Sableye|[spread] p1a\n|-activate|p1b: Espathra|move: Protect\n|-damage|p1a: Sableye|30/100\n|\n|-weather|Snowscape|[upkeep]\n|-ability|p1b: Espathra|Speed Boost|boost\n|-boost|p1b: Espathra|spe|1\n|upkeep\n|turn|3\n|\n|t:|1776092430\n|move|p2b: Starmie|Aqua Jet|p1b: Espathra\n|-damage|p1b: Espathra|2/100\n|move|p1b: Espathra|Hypnosis|p2b: Starmie\n|-status|p2b: Starmie|slp|[from] move: Hypnosis\n|move|p2a: Ninetales|Blizzard|p1b: Espathra|[spread] p1a,p1b\n|-damage|p1a: Sableye|0 fnt\n|-damage|p1b: Espathra|0 fnt\n|faint|p1a: Sableye\n|faint|p1b: Espathra\n|\n|-weather|Snowscape|[upkeep]\n|upkeep\n|\n|t:|1776092440\n|switch|p1b: Charizard|Charizard, L50, M|100/100\n|switch|p1a: Garchomp|Garchomp, L50, M|100/100\n|turn|4\n|inactive|NINTAIL12 has 30 seconds left.\n|inactive|NINTAIL12 has 20 seconds left.\n|\n|t:|1776092478\n|switch|p2b: Kingambit|Kingambit, L50, M|100/100\n|detailschange|p1b: Charizard|Charizard-Mega-Y, L50, M\n|-mega|p1b: Charizard|Charizard|Charizardite Y\n|-weather|SunnyDay|[from] ability: Drought|[of] p1b: Charizard\n|move|p2a: Ninetales|Protect|p2a: Ninetales\n|-singleturn|p2a: Ninetales|Protect\n|move|p1a: Garchomp|Rock Slide|p2b: Kingambit|[spread] p2b\n|-activate|p2a: Ninetales|move: Protect\n|-resisted|p2b: Kingambit|1\n|-damage|p2b: Kingambit|93/100\n|move|p1b: Charizard|Heat Wave|p2a: Ninetales|[spread] p2b\n|-activate|p2a: Ninetales|move: Protect\n|-supereffective|p2b: Kingambit|1\n|-damage|p2b: Kingambit|0 fnt\n|faint|p2b: Kingambit\n|-end|p2b: Kingambit|fallenundefined|[silent]\n|\n|-weather|SunnyDay|[upkeep]\n|upkeep\n|\n|t:|1776092495\n|switch|p2b: Garchomp|Garchomp, L50, M|100/100\n|turn|5\n|\n|t:|1776092511\n|switch|p2a: Starmie|Starmie-Mega, L50|92/100 slp\n|move|p1a: Garchomp|Dragon Claw|p2b: Garchomp\n|-supereffective|p2b: Garchomp|1\n|-damage|p2b: Garchomp|41/100\n|-damage|p1a: Garchomp|88/100|[from] ability: Rough Skin|[of] p2b: Garchomp\n|move|p1b: Charizard|Heat Wave|p2a: Starmie|[spread] p2a,p2b\n|-resisted|p2a: Starmie|1\n|-resisted|p2b: Garchomp|1\n|-damage|p2a: Starmie|48/100 slp\n|-damage|p2b: Garchomp|11/100\n|move|p2b: Garchomp|Dragon Claw|p1a: Garchomp\n|-supereffective|p1a: Garchomp|1\n|-damage|p1a: Garchomp|20/100\n|-damage|p2b: Garchomp|0 fnt|[from] ability: Rough Skin|[of] p1a: Garchomp\n|faint|p2b: Garchomp\n|\n|-weather|SunnyDay|[upkeep]\n|upkeep\n|\n|t:|1776092526\n|switch|p2b: Ninetales|Ninetales-Alola, L50, F|100/100\n|-weather|Snowscape|[from] ability: Snow Warning|[of] p2b: Ninetales\n|turn|6\n|\n|t:|1776092541\n|cant|p2a: Starmie|slp\n|move|p2b: Ninetales|Blizzard|p1a: Garchomp|[spread] p1a,p1b\n|-supereffective|p1a: Garchomp|2\n|-damage|p1a: Garchomp|0 fnt\n|-damage|p1b: Charizard|74/100\n|faint|p1a: Garchomp\n|move|p1b: Charizard|Heat Wave|p2a: Starmie|[spread] p2a,p2b\n|-resisted|p2a: Starmie|1\n|-supereffective|p2b: Ninetales|1\n|-damage|p2a: Starmie|20/100 slp\n|-enditem|p2b: Ninetales|Focus Sash\n|-damage|p2b: Ninetales|1/100\n|\n|-weather|Snowscape|[upkeep]\n|-fieldend|move: Gravity\n|upkeep\n|turn|7\n|\n|t:|1776092558\n|-curestatus|p2a: Starmie|slp|[msg]\n|move|p2a: Starmie|Liquidation|p1b: Charizard\n|-supereffective|p1b: Charizard|1\n|-damage|p1b: Charizard|0 fnt\n|faint|p1b: Charizard\n|\n|win|NINTAIL12\n|raw|LegaLas16's rating: 1095 &rarr; <strong>1069</strong><br />(-26 for losing)\n|raw|NINTAIL12's rating: 1068 &rarr; <strong>1100</strong><br />(+32 for winning)\n|l|\u2606LegaLas16\n|player|p1|\n",
  "uploadtime": 1776092582,
  "views": 20,
  "formatid": "gen9championsvgc2026regma",
  "rating": 1069,
  "private": 0,
  "password": null
}