{
  "id": "gen9championsvgc2026regma-2586457094",
  "format": "[Gen 9 Champions] VGC 2026 Reg M-A",
  "players": [
    "londi g",
    "rasb"
  ],
  "log": "|j|\u2606londi g\n|j|\u2606rasb\n|t:|1776435977\n|gametype|doubles\n|player|p1|londi g|colress|1348\n|player|p2|rasb|170|1322\n|gen|9\n|tier|[Gen 9 Champions] VGC 2026 Reg M-A\n|rated|\n|rule|Species Clause: Limit one of each Pok\u00e9mon\n|rule|Item Clause: Limit 1 of each item\n|clearpoke\n|poke|p1|Froslass, L50, F|\n|poke|p1|Rotom-Frost, L50|\n|poke|p1|Incineroar, L50, M|\n|poke|p1|Garchomp, L50, M|\n|poke|p1|Skarmory, L50, F|\n|poke|p1|Kingambit, L50, M|\n|poke|p2|Floette-Eternal, L50, F|\n|poke|p2|Aerodactyl, L50, F|\n|poke|p2|Incineroar, L50, F|\n|poke|p2|Garchomp, L50, F|\n|poke|p2|Charizard, L50, F|\n|poke|p2|Venusaur, L50, F|\n|teampreview|4\n|inactive|Battle timer is ON: inactive players will automatically lose when time's up. (requested by rasb)\n|c|\u2606londi g|gl\nrasb has agreed to open team sheets.\n|\n|t:|1776436004\n|teamsize|p1|4\n|teamsize|p2|4\n|start\n|switch|p1a: Incineroar|Incineroar, L50, M|100/100\n|switch|p1b: Garchomp|Garchomp, L50, M|100/100\n|switch|p2a: Incineroar|Incineroar, L50, F|100/100\n|switch|p2b: Aerodactyl|Aerodactyl, L50, F|100/100\n|-ability|p2b: Aerodactyl|Unnerve\n|-ability|p2a: Incineroar|Intimidate|boost\n|-unboost|p1a: Incineroar|atk|1\n|-unboost|p1b: Garchomp|atk|1\n|-ability|p1a: Incineroar|Intimidate|boost\n|-unboost|p2a: Incineroar|atk|1\n|-unboost|p2b: Aerodactyl|atk|1\n|-enditem|p1b: Garchomp|White Herb\n|-clearnegativeboost|p1b: Garchomp|[silent]\n|turn|1\n|inactive|rasb has 30 seconds left.\n|inactive|rasb has 20 seconds left.\n|\n|t:|1776436039\n|move|p2b: Aerodactyl|Protect|p2b: Aerodactyl\n|-singleturn|p2b: Aerodactyl|Protect\n|move|p1a: Incineroar|Fake Out|p2b: Aerodactyl\n|-activate|p2b: Aerodactyl|move: Protect\n|move|p1b: Garchomp|Rock Slide|p2b: Aerodactyl|[spread] p2a\n|-activate|p2b: Aerodactyl|move: Protect\n|-supereffective|p2a: Incineroar|1\n|-damage|p2a: Incineroar|65/100\n|move|p2a: Incineroar|Parting Shot|p1b: Garchomp\n|-unboost|p1b: Garchomp|atk|1\n|-unboost|p1b: Garchomp|spa|1\n|\n|t:|1776436051\n|switch|p2a: Venusaur|Venusaur, L50, F|100/100|[from] Parting Shot\n|\n|upkeep\n|turn|2\n|\n|t:|1776436070\n|switch|p2b: Incineroar|Incineroar, L50, F|65/100\n|-ability|p2b: Incineroar|Intimidate|boost\n|-unboost|p1a: Incineroar|atk|1\n|-unboost|p1b: Garchomp|atk|1\n|move|p1b: Garchomp|Rock Slide|p2b: Incineroar|[spread] p2a\n|-miss|p1b: Garchomp|p2b: Incineroar\n|-damage|p2a: Venusaur|88/100\n|move|p2a: Venusaur|Sleep Powder|p1b: Garchomp\n|-status|p1b: Garchomp|slp|[from] move: Sleep Powder\n|move|p1a: Incineroar|Flare Blitz|p2a: Venusaur\n|-supereffective|p2a: Venusaur|1\n|-damage|p2a: Venusaur|26/100\n|-damage|p1a: Incineroar|85/100|[from] Recoil\n|\n|upkeep\n|turn|3\n|inactive|londi g has 30 seconds left.\n|\n|t:|1776436097\n|cant|p1b: Garchomp|slp\n|move|p2a: Venusaur|Sleep Powder|p1a: Incineroar\n|-status|p1a: Incineroar|slp|[from] move: Sleep Powder\n|move|p2b: Incineroar|Parting Shot|p1a: Incineroar\n|-unboost|p1a: Incineroar|atk|1\n|-unboost|p1a: Incineroar|spa|1\n|\n|t:|1776436104\n|switch|p2b: Charizard|Charizard, L50, F|100/100|[from] Parting Shot\n|cant|p1a: Incineroar|slp\n|\n|upkeep\n|turn|4\n|\n|t:|1776436117\n|switch|p1b: Kingambit|Kingambit, L50, M|100/100\n|detailschange|p2b: Charizard|Charizard-Mega-Y, L50, F\n|-mega|p2b: Charizard|Charizard|Charizardite Y\n|-weather|SunnyDay|[from] ability: Drought|[of] p2b: Charizard\n|move|p2a: Venusaur|Earth Power|p1a: Incineroar\n|-supereffective|p1a: Incineroar|1\n|-damage|p1a: Incineroar|29/100 slp\n|-enditem|p1a: Incineroar|Sitrus Berry|[eat]\n|-heal|p1a: Incineroar|54/100 slp|[from] item: Sitrus Berry\n|move|p2b: Charizard|Air Slash|p1b: Kingambit\n|-resisted|p1b: Kingambit|1\n|-damage|p1b: Kingambit|72/100\n|cant|p1a: Incineroar|slp\n|\n|-weather|SunnyDay|[upkeep]\n|upkeep\n|turn|5\n|\n|t:|1776436140\n|move|p1b: Kingambit|Sucker Punch|p2b: Charizard\n|-damage|p2b: Charizard|55/100\n|move|p2a: Venusaur|Sleep Powder|p1b: Kingambit|[miss]\n|-miss|p2a: Venusaur|p1b: Kingambit\n|move|p2b: Charizard|Weather Ball|p1a: Incineroar\n|-resisted|p1a: Incineroar|1\n|-damage|p1a: Incineroar|10/100 slp\n|-curestatus|p1a: Incineroar|slp|[msg]\n|move|p1a: Incineroar|Flare Blitz|p2a: Venusaur\n|-supereffective|p2a: Venusaur|1\n|-damage|p2a: Venusaur|0 fnt\n|faint|p2a: Venusaur\n|-damage|p1a: Incineroar|4/100|[from] Recoil\n|\n|-weather|SunnyDay|[upkeep]\n|upkeep\n|\n|t:|1776436156\n|switch|p2a: Incineroar|Incineroar, L50, F|65/100\n|-ability|p2a: Incineroar|Intimidate|boost\n|-unboost|p1a: Incineroar|atk|1\n|-unboost|p1b: Kingambit|atk|1\n|-ability|p1b: Kingambit|Defiant|boost\n|-boost|p1b: Kingambit|atk|2\n|turn|6\n|\n|t:|1776436185\n|move|p1b: Kingambit|Protect|p1b: Kingambit\n|-singleturn|p1b: Kingambit|Protect\n|move|p2a: Incineroar|Fake Out|p1b: Kingambit\n|-activate|p1b: Kingambit|move: Protect\n|move|p2b: Charizard|Heat Wave|p1a: Incineroar|[spread] p1a\n|-activate|p1b: Kingambit|move: Protect\n|-resisted|p1a: Incineroar|1\n|-damage|p1a: Incineroar|0 fnt\n|faint|p1a: Incineroar\n|\n|-weather|SunnyDay|[upkeep]\n|upkeep\n|inactive|londi g has 30 seconds left.\n|\n|t:|1776436217\n|switch|p1a: Garchomp|Garchomp, L50, M|100/100 slp\n|turn|7\n|inactive|londi g has 30 seconds left.\n|inactive|londi g has 20 seconds left.\n|inactive|londi g has 15 seconds left.\n|\n|t:|1776436260\n|move|p2b: Charizard|Protect|p2b: Charizard\n|-singleturn|p2b: Charizard|Protect\n|move|p1b: Kingambit|Sucker Punch||[still]\n|-fail|p1b: Kingambit\n|cant|p1a: Garchomp|slp\n|move|p2a: Incineroar|Flare Blitz|p1b: Kingambit\n|-supereffective|p1b: Kingambit|1\n|-damage|p1b: Kingambit|0 fnt\n|faint|p1b: Kingambit\n|-damage|p2a: Incineroar|45/100|[from] Recoil\n|-enditem|p2a: Incineroar|Sitrus Berry|[eat]\n|-heal|p2a: Incineroar|69/100|[from] item: Sitrus Berry\n|\n|-weather|SunnyDay|[upkeep]\n|upkeep\n|\n|t:|1776436273\n|switch|p1b: Froslass|Froslass, L50, F|100/100\n|turn|8\n|inactive|londi g has 30 seconds left.\n|inactive|rasb has 30 seconds left.\n|\n|t:|1776436305\n|move|p1b: Froslass|Protect|p1b: Froslass\n|-singleturn|p1b: Froslass|Protect\n|-curestatus|p1a: Garchomp|slp|[msg]\n|move|p1a: Garchomp|Rock Slide|p2a: Incineroar|[spread] p2a,p2b\n|-supereffective|p2a: Incineroar|1\n|-supereffective|p2b: Charizard|2\n|-damage|p2a: Incineroar|36/100\n|-damage|p2b: Charizard|0 fnt\n|faint|p2b: Charizard\n|move|p2a: Incineroar|Parting Shot|p1b: Froslass\n|-activate|p1b: Froslass|move: Protect\n|\n|-weather|none\n|upkeep\n|\n|t:|1776436318\n|switch|p2b: Aerodactyl|Aerodactyl, L50, F|100/100\n|-ability|p2b: Aerodactyl|Unnerve\n|turn|9\n|\n|t:|1776436329\n|detailschange|p1b: Froslass|Froslass-Mega, L50, F\n|-mega|p1b: Froslass|Froslass|Froslassite\n|-weather|Snowscape|[from] ability: Snow Warning|[of] p1b: Froslass\n|move|p1b: Froslass|Blizzard|p2b: Aerodactyl|[spread] p2a,p2b\n|-resisted|p2a: Incineroar|1\n|-supereffective|p2b: Aerodactyl|1\n|-damage|p2a: Incineroar|16/100\n|-damage|p2b: Aerodactyl|0 fnt\n|faint|p2b: Aerodactyl\n|move|p1a: Garchomp|Rock Slide|p2a: Incineroar|[miss]\n|-miss|p1a: Garchomp|p2a: Incineroar\n|move|p2a: Incineroar|Throat Chop|p1b: Froslass\n|-supereffective|p1b: Froslass|1\n|-damage|p1b: Froslass|23/100\n|-start|p1b: Froslass|Throat Chop|[silent]\n|\n|-weather|Snowscape|[upkeep]\n|upkeep\n|turn|10\n|\n|t:|1776436345\n|move|p1b: Froslass|Shadow Ball|p2a: Incineroar\n|-resisted|p2a: Incineroar|1\n|-damage|p2a: Incineroar|0 fnt\n|faint|p2a: Incineroar\n|\n|win|londi g\n|raw|londi g's rating: 1348 &rarr; <strong>1367</strong><br />(+19 for winning)\n|raw|rasb's rating: 1322 &rarr; <strong>1303</strong><br />(-19 for losing)\n",
  "uploadtime": 1776436345,
  "views": 33,
  "formatid": "gen9championsvgc2026regma",
  "rating": 1303,
  "private": 0,
  "password": null
}