{
  "id": "gen9championsvgc2026regma-2581914396",
  "format": "[Gen 9 Champions] VGC 2026 Reg M-A",
  "players": [
    "Gloryrush",
    "Spottedwoot"
  ],
  "log": "|j|\u2606Gloryrush\n|j|\u2606Spottedwoot\n|t:|1776039302\n|gametype|doubles\n|player|p1|Gloryrush|169|1335\n|player|p2|Spottedwoot|102|1403\n|gen|9\n|tier|[Gen 9 Champions] VGC 2026 Reg M-A\n|rated|\n|rule|Species Clause: Limit one of each Pok\u00e9mon\n|rule|Item Clause: Limit 1 of each item\n|clearpoke\n|poke|p1|Froslass, L50, F|\n|poke|p1|Aggron, L50, M|\n|poke|p1|Sneasler, L50, M|\n|poke|p1|Tyranitar, L50, M|\n|poke|p1|Milotic, L50, M|\n|poke|p1|Basculegion, L50, M|\n|poke|p2|Incineroar, L50, M|\n|poke|p2|Sneasler, L50, F|\n|poke|p2|Kingambit, L50, F|\n|poke|p2|Aerodactyl, L50, M|\n|poke|p2|Rotom-Wash, L50|\n|poke|p2|Floette-Eternal, L50, F|\n|teampreview|4\n|j| No.1yZap2\n|\n|t:|1776039368\n|teamsize|p1|4\n|teamsize|p2|4\n|start\n|switch|p1a: Milotic|Milotic, L50, M|100/100\n|switch|p1b: Aggron|Aggron, L50, M|100/100\n|switch|p2a: Rotom|Rotom-Wash, L50|100/100\n|switch|p2b: Aerodactyl|Aerodactyl, L50, M|100/100\n|turn|1\n|\n|t:|1776039412\n|move|p2b: Aerodactyl|Tailwind|p2b: Aerodactyl\n|-sidestart|p2: Spottedwoot|move: Tailwind\n|move|p2a: Rotom|Hydro Pump|p1b: Aggron\n|-supereffective|p1b: Aggron|1\n|-damage|p1b: Aggron|11/100\n|move|p1a: Milotic|Scald|p2b: Aerodactyl\n|-supereffective|p2b: Aerodactyl|1\n|-damage|p2b: Aerodactyl|4/100\n|move|p1b: Aggron|Rock Slide|p2a: Rotom|[spread] p2a,p2b\n|-supereffective|p2b: Aerodactyl|1\n|-damage|p2a: Rotom|78/100\n|-damage|p2b: Aerodactyl|0 fnt\n|faint|p2b: Aerodactyl\n|\n|-heal|p2a: Rotom|83/100|[from] item: Leftovers\n|upkeep\n|\n|t:|1776039419\n|switch|p2b: Floette|Floette-Eternal, L50, F|100/100\n|turn|2\n|\n|t:|1776039444\n|detailschange|p2b: Floette|Floette-Mega, L50, F\n|-mega|p2b: Floette|Floette|Floettite\n|-ability|p2b: Floette|Fairy Aura\n|move|p2b: Floette|Calm Mind|p2b: Floette\n|-boost|p2b: Floette|spa|1\n|-boost|p2b: Floette|spd|1\n|move|p2a: Rotom|Thunderbolt|p1b: Aggron\n|-damage|p1b: Aggron|0 fnt\n|faint|p1b: Aggron\n|move|p1a: Milotic|Scald|p2b: Floette\n|-damage|p2b: Floette|83/100\n|\n|-heal|p2a: Rotom|89/100|[from] item: Leftovers\n|upkeep\n|\n|t:|1776039459\n|switch|p1b: Tyranitar|Tyranitar, L50, M|100/100\n|-weather|Sandstorm|[from] ability: Sand Stream|[of] p1b: Tyranitar\n|turn|3\n|\n|t:|1776039480\n|move|p2b: Floette|Moonblast|p1b: Tyranitar\n|-supereffective|p1b: Tyranitar|1\n|-enditem|p1b: Tyranitar|Roseli Berry|[eat]\n|-enditem|p1b: Tyranitar|Roseli Berry|[weaken]\n|-damage|p1b: Tyranitar|40/100\n|move|p2a: Rotom|Thunderbolt|p1b: Tyranitar\n|-damage|p1b: Tyranitar|20/100\n|move|p1a: Milotic|Scald|p2a: Rotom\n|-resisted|p2a: Rotom|1\n|-damage|p2a: Rotom|77/100\n|move|p1b: Tyranitar|Heavy Slam|p2b: Floette\n|-supereffective|p2b: Floette|1\n|-damage|p2b: Floette|23/100\n|\n|-weather|Sandstorm|[upkeep]\n|-damage|p2b: Floette|17/100|[from] Sandstorm\n|-damage|p2a: Rotom|71/100|[from] Sandstorm\n|-damage|p1a: Milotic|95/100|[from] Sandstorm\n|-heal|p2a: Rotom|77/100|[from] item: Leftovers\n|-heal|p1a: Milotic|100/100|[from] item: Leftovers\n|upkeep\n|turn|4\n|inactive|Battle timer is ON: inactive players will automatically lose when time's up. (requested by Spottedwoot)\n|\n|t:|1776039533\n|move|p2b: Floette|Dazzling Gleam|p1b: Tyranitar|[spread] p1a,p1b\n|-supereffective|p1b: Tyranitar|1\n|-damage|p1a: Milotic|47/100\n|-damage|p1b: Tyranitar|0 fnt\n|faint|p1b: Tyranitar\n|move|p2a: Rotom|Thunderbolt|p1a: Milotic\n|-supereffective|p1a: Milotic|1\n|-damage|p1a: Milotic|0 fnt\n|faint|p1a: Milotic\n|\n|-weather|Sandstorm|[upkeep]\n|-damage|p2b: Floette|11/100|[from] Sandstorm\n|-damage|p2a: Rotom|71/100|[from] Sandstorm\n|-heal|p2a: Rotom|77/100|[from] item: Leftovers\n|-sideend|p2: Spottedwoot|move: Tailwind\n|upkeep\n|\n|t:|1776039545\n|switch|p1b: Froslass|Froslass, L50, F|100/100\n|turn|5\n|\n|t:|1776039556\n|detailschange|p1b: Froslass|Froslass-Mega, L50, F\n|-mega|p1b: Froslass|Froslass|Froslassite\n|-weather|Snowscape|[from] ability: Snow Warning|[of] p1b: Froslass\n|move|p2b: Floette|Protect|p2b: Floette\n|-singleturn|p2b: Floette|Protect\n|move|p1b: Froslass|Blizzard|p2b: Floette|[spread] p2a\n|-activate|p2b: Floette|move: Protect\n|-resisted|p2a: Rotom|1\n|-damage|p2a: Rotom|60/100\n|move|p2a: Rotom|Thunderbolt|p1b: Froslass\n|-damage|p1b: Froslass|56/100\n|\n|-weather|Snowscape|[upkeep]\n|-heal|p2a: Rotom|65/100|[from] item: Leftovers\n|upkeep\n|turn|6\n|\n|t:|1776039573\n|move|p1b: Froslass|Blizzard|p2b: Floette|[spread] p2a,p2b\n|-resisted|p2a: Rotom|1\n|-damage|p2a: Rotom|49/100\n|-damage|p2b: Floette|0 fnt\n|faint|p2b: Floette\n|move|p2a: Rotom|Thunderbolt|p1b: Froslass\n|-damage|p1b: Froslass|18/100\n|\n|-weather|Snowscape|[upkeep]\n|-heal|p2a: Rotom|55/100|[from] item: Leftovers\n|upkeep\n|\n|t:|1776039577\n|switch|p2b: Sneasler|Sneasler, L50, F|100/100\n|turn|7\n|\n|t:|1776039584\n|move|p2b: Sneasler|Protect|p2b: Sneasler\n|-singleturn|p2b: Sneasler|Protect\n|move|p2a: Rotom|Protect|p2a: Rotom\n|-singleturn|p2a: Rotom|Protect\n|move|p1b: Froslass|Shadow Ball|p2a: Rotom\n|-activate|p2a: Rotom|move: Protect\n|\n|-weather|Snowscape|[upkeep]\n|-heal|p2a: Rotom|60/100|[from] item: Leftovers\n|upkeep\n|turn|8\n|\n|t:|1776039590\n|move|p1b: Froslass|Shadow Ball|p2a: Rotom\n|-damage|p2a: Rotom|27/100\n|move|p2b: Sneasler|Dire Claw|p1b: Froslass\n|-resisted|p1b: Froslass|1\n|-damage|p1b: Froslass|0 fnt\n|faint|p1b: Froslass\n|\n|win|Spottedwoot\n|raw|Gloryrush's rating: 1335 &rarr; <strong>1319</strong><br />(-16 for losing)\n|raw|Spottedwoot's rating: 1403 &rarr; <strong>1419</strong><br />(+16 for winning)\n|l|\u2606Gloryrush\n|player|p1|\n|l|\u2606Spottedwoot\n|player|p2|\n",
  "uploadtime": 1776039608,
  "views": 34,
  "formatid": "gen9championsvgc2026regma",
  "rating": 1319,
  "private": 0,
  "password": null
}