{
  "id": "gen9championsvgc2026regma-2583341483",
  "format": "[Gen 9 Champions] VGC 2026 Reg M-A",
  "players": [
    "casperTJM",
    "flaemm"
  ],
  "log": "|j|\u2606casperTJM\n|j|\u2606flaemm\n|t:|1776168493\n|gametype|doubles\n|player|p1|casperTJM|backpacker|1119\n|player|p2|flaemm|alder|1190\n|gen|9\n|tier|[Gen 9 Champions] VGC 2026 Reg M-A\n|rated|\n|rule|Species Clause: Limit one of each Pok\u00e9mon\n|rule|Item Clause: Limit 1 of each item\n|clearpoke\n|poke|p1|Incineroar, L50, F|\n|poke|p1|Kangaskhan, L50, F|\n|poke|p1|Kingambit, L50, F|\n|poke|p1|Farigiraf, L50, F|\n|poke|p1|Torkoal, L50, F|\n|poke|p1|Hatterene, L50, F|\n|poke|p2|Crabominable, L50, F|\n|poke|p2|Torkoal, L50, F|\n|poke|p2|Venusaur, L50, M|\n|poke|p2|Incineroar, L50, M|\n|poke|p2|Farigiraf, L50, M|\n|poke|p2|Aggron, L50, M|\n|teampreview|4\n|inactive|Battle timer is ON: inactive players will automatically lose when time's up. (requested by casperTJM)\n|inactive|casperTJM has 60 seconds left.\n|inactive|flaemm has 60 seconds left.\nflaemm rejected open team sheets.\n|inactive|casperTJM has 30 seconds left.\n|inactive|flaemm has 30 seconds left.\n|inactive|casperTJM has 20 seconds left.\n|inactive|casperTJM has 15 seconds left.\n|inactive|casperTJM has 10 seconds left.\n|inactive|flaemm has 20 seconds left.\n|inactive|casperTJM has 5 seconds left.\n|inactive|flaemm has 15 seconds left.\n|\n|t:|1776168583\n|teamsize|p1|4\n|teamsize|p2|4\n|start\n|switch|p1a: Kangaskhan|Kangaskhan, L50, F|100/100\n|switch|p1b: Hatterene|Hatterene, L50, F|100/100\n|switch|p2a: Torkoal|Torkoal, L50, F|100/100\n|switch|p2b: Venusaur|Venusaur, L50, M|100/100\n|-weather|SunnyDay|[from] ability: Drought|[of] p2a: Torkoal\n|turn|1\n|inactive|casperTJM has 30 seconds left.\n|\n|t:|1776168617\n|detailschange|p1a: Kangaskhan|Kangaskhan-Mega, L50, F\n|-mega|p1a: Kangaskhan|Kangaskhan|Kangaskhanite\n|move|p2b: Venusaur|Protect|p2b: Venusaur\n|-singleturn|p2b: Venusaur|Protect\n|move|p1a: Kangaskhan|Double-Edge|p2a: Torkoal\n|-damage|p2a: Torkoal|53/100\n|-damage|p2a: Torkoal|41/100\n|-hitcount|p2a: Torkoal|2\n|-damage|p1a: Kangaskhan|84/100|[from] Recoil\n|move|p1b: Hatterene|Psychic|p2b: Venusaur\n|-activate|p2b: Venusaur|move: Protect\n|move|p2a: Torkoal|Eruption|p1b: Hatterene|[spread] p1a,p1b\n|-damage|p1a: Kangaskhan|56/100\n|-damage|p1b: Hatterene|63/100\n|\n|-weather|SunnyDay|[upkeep]\n|upkeep\n|turn|2\n|inactive|casperTJM has 30 seconds left.\n|\n|t:|1776168644\n|switch|p1b: Incineroar|Incineroar, L50, F|100/100\n|-ability|p1b: Incineroar|Intimidate|boost\n|-unboost|p2a: Torkoal|atk|1\n|-unboost|p2b: Venusaur|atk|1\n|move|p2b: Venusaur|Sludge Bomb|p1b: Incineroar\n|-damage|p1b: Incineroar|63/100\n|-status|p1b: Incineroar|psn\n|move|p1a: Kangaskhan|Double-Edge|p2a: Torkoal\n|-damage|p2a: Torkoal|0 fnt\n|faint|p2a: Torkoal\n|-hitcount|p2: Torkoal|1\n|-damage|p1a: Kangaskhan|46/100|[from] Recoil\n|\n|-weather|SunnyDay|[upkeep]\n|-damage|p1b: Incineroar|51/100 psn|[from] psn\n|upkeep\n|\n|t:|1776168660\n|switch|p2a: Aggron|Aggron, L50, M|100/100\n|turn|3\n|\n|t:|1776168668\n|move|p2b: Venusaur|Protect|p2b: Venusaur\n|-singleturn|p2b: Venusaur|Protect\n|move|p2a: Aggron|Protect|p2a: Aggron\n|-singleturn|p2a: Aggron|Protect\n|move|p1b: Incineroar|Fake Out|p2b: Venusaur\n|-activate|p2b: Venusaur|move: Protect\n|move|p1a: Kangaskhan|Drain Punch|p2a: Aggron\n|-activate|p2a: Aggron|move: Protect\n|\n|-weather|SunnyDay|[upkeep]\n|-damage|p1b: Incineroar|38/100 psn|[from] psn\n|upkeep\n|turn|4\n|inactive|flaemm has 30 seconds left.\n|inactive|flaemm has 20 seconds left.\n|inactive|flaemm has 15 seconds left.\n|\n|t:|1776168711\n|move|p2b: Venusaur|Sleep Powder|p1a: Kangaskhan|[miss]\n|-miss|p2b: Venusaur|p1a: Kangaskhan\n|move|p1a: Kangaskhan|Drain Punch|p2a: Aggron\n|-supereffective|p2a: Aggron|2\n|-damage|p2a: Aggron|28/100\n|-heal|p1a: Kangaskhan|76/100|[from] drain|[of] p2a: Aggron\n|-supereffective|p2a: Aggron|2\n|-damage|p2a: Aggron|12/100\n|-heal|p1a: Kangaskhan|82/100|[from] drain|[of] p2a: Aggron\n|-hitcount|p2a: Aggron|2\n|move|p1b: Incineroar|Flare Blitz|p2b: Venusaur\n|-supereffective|p2b: Venusaur|1\n|-enditem|p2b: Venusaur|Focus Sash\n|-damage|p2b: Venusaur|1/100\n|-damage|p1b: Incineroar|13/100 psn|[from] Recoil\n|move|p2a: Aggron|Heavy Slam|p1b: Incineroar\n|-resisted|p1b: Incineroar|1\n|-damage|p1b: Incineroar|0 fnt\n|faint|p1b: Incineroar\n|\n|-weather|SunnyDay|[upkeep]\n|upkeep\n|\n|t:|1776168728\n|switch|p1b: Hatterene|Hatterene, L50, F|63/100\n|turn|5\n|\n|t:|1776168747\n|move|p2b: Venusaur|Sleep Powder|p1a: Kangaskhan\n|-status|p1a: Kangaskhan|slp|[from] move: Sleep Powder\n|cant|p1a: Kangaskhan|slp\n|move|p2a: Aggron|Heavy Slam|p1b: Hatterene\n|-supereffective|p1b: Hatterene|1\n|-damage|p1b: Hatterene|0 fnt\n|faint|p1b: Hatterene\n|\n|-weather|none\n|upkeep\n|\n|t:|1776168755\n|switch|p1b: Kingambit|Kingambit, L50, F|100/100\n|turn|6\n|inactive|flaemm has 30 seconds left.\n|inactive|flaemm has 20 seconds left.\n|\n|t:|1776168794\n|move|p2b: Venusaur|Energy Ball|p1a: Kangaskhan\n|-damage|p1a: Kangaskhan|44/100 slp\n|cant|p1a: Kangaskhan|slp\n|move|p1b: Kingambit|Kowtow Cleave|p2b: Venusaur\n|-damage|p2b: Venusaur|0 fnt\n|faint|p2b: Venusaur\n|move|p2a: Aggron|Body Press|p1b: Kingambit\n|-supereffective|p1b: Kingambit|2\n|-damage|p1b: Kingambit|2/100\n|\n|upkeep\n|\n|t:|1776168801\n|switch|p2b: Crabominable|Crabominable, L50, F|100/100\n|turn|7\n|inactive|casperTJM has 30 seconds left.\n|inactive|casperTJM has 20 seconds left.\n|\n|t:|1776168839\n|detailschange|p2b: Crabominable|Crabominable-Mega, L50, F\n|-mega|p2b: Crabominable|Crabominable|Crabominite\n|move|p1b: Kingambit|Sucker Punch|p2b: Crabominable\n|-resisted|p2b: Crabominable|1\n|-damage|p2b: Crabominable|83/100\n|move|p2b: Crabominable|Mach Punch|p1a: Kangaskhan\n|-supereffective|p1a: Kangaskhan|1\n|-damage|p1a: Kangaskhan|0 fnt\n|faint|p1a: Kangaskhan\n|move|p2a: Aggron|Body Press|p1b: Kingambit\n|-supereffective|p1b: Kingambit|2\n|-damage|p1b: Kingambit|0 fnt\n|faint|p1b: Kingambit\n|\n|win|flaemm\n|raw|casperTJM's rating: 1119 &rarr; <strong>1099</strong><br />(-20 for losing)\n|raw|flaemm's rating: 1190 &rarr; <strong>1210</strong><br />(+20 for winning)\n|c|\u2606flaemm|ggwp\n",
  "uploadtime": 1776168854,
  "views": 15,
  "formatid": "gen9championsvgc2026regma",
  "rating": 1099,
  "private": 0,
  "password": null
}