{
  "id": "gen9championsvgc2026regma-2581471113",
  "format": "[Gen 9 Champions] VGC 2026 Reg M-A",
  "players": [
    "TrainerEge2",
    "yohjek"
  ],
  "log": "|j|\u2606TrainerEge2\n|j|\u2606yohjek\n|t:|1776003575\n|gametype|doubles\n|player|p1|TrainerEge2|hugh|1150\n|player|p2|yohjek|infielder|1054\n|gen|9\n|tier|[Gen 9 Champions] VGC 2026 Reg M-A\n|rated|\n|rule|Species Clause: Limit one of each Pok\u00e9mon\n|rule|Item Clause: Limit 1 of each item\n|clearpoke\n|poke|p1|Pelipper, L50, F|\n|poke|p1|Dragonite, L50, M|\n|poke|p1|Basculegion, L50, M|\n|poke|p1|Garchomp, L50, M|\n|poke|p1|Sneasler, L50, M|\n|poke|p1|Starmie, L50|\n|poke|p2|Sinistcha, L50|\n|poke|p2|Incineroar, L50, M|\n|poke|p2|Tyranitar, L50, F|\n|poke|p2|Excadrill, L50, M|\n|poke|p2|Aerodactyl, L50, M|\n|poke|p2|Primarina, L50, M|\n|teampreview|4\n|inactive|Battle timer is ON: inactive players will automatically lose when time's up. (requested by yohjek)\n|inactive|TrainerEge2 has 60 seconds left.\n|inactive|TrainerEge2 has 30 seconds left.\n|inactive|TrainerEge2 has 20 seconds left.\n|inactive|TrainerEge2 has 15 seconds left.\n|inactive|TrainerEge2 has 10 seconds left.\n|inactive|TrainerEge2 has 5 seconds left.\n|\n|t:|1776003770\n|teamsize|p1|4\n|teamsize|p2|4\n|start\n|switch|p1a: Pelipper|Pelipper, L50, F|100/100\n|switch|p1b: Dragonite|Dragonite, L50, M, shiny|100/100\n|switch|p2a: Incineroar|Incineroar, L50, M|100/100\n|switch|p2b: Primarina|Primarina, L50, M|100/100\n|-weather|RainDance|[from] ability: Drizzle|[of] p1a: Pelipper\n|-ability|p2a: Incineroar|Intimidate|boost\n|-unboost|p1a: Pelipper|atk|1\n|-fail|p1b: Dragonite|unboost|Attack|[from] ability: Inner Focus|[of] p1b: Dragonite\n|turn|1\n|inactive|TrainerEge2 has 30 seconds left.\n|inactive|TrainerEge2 has 20 seconds left.\n|inactive|TrainerEge2 has 15 seconds left.\n|inactive|TrainerEge2 has 10 seconds left.\n|inactive|TrainerEge2 has 5 seconds left.\n|\n|t:|1776003825\n|move|p2a: Incineroar|Fake Out|p1a: Pelipper\n|-damage|p1a: Pelipper|85/100\n|cant|p1a: Pelipper|flinch\n|move|p1b: Dragonite|Hurricane|p2b: Primarina\n|-damage|p2b: Primarina|52/100\n|-start|p2b: Primarina|confusion\n|-activate|p2b: Primarina|confusion\n|-damage|p2b: Primarina|45/100|[from] confusion\n|\n|-weather|RainDance|[upkeep]\n|-heal|p1a: Pelipper|91/100|[from] item: Leftovers\n|-heal|p2b: Primarina|51/100|[from] item: Leftovers\n|upkeep\n|turn|2\n|inactive|TrainerEge2 has 30 seconds left.\n|inactive|TrainerEge2 has 20 seconds left.\n|inactive|TrainerEge2 has 15 seconds left.\n|inactive|TrainerEge2 has 10 seconds left.\n|inactive|TrainerEge2 has 5 seconds left.\n|\n|t:|1776003880\n|-activate|p2b: Primarina|confusion\n|-damage|p2b: Primarina|42/100|[from] confusion\n|move|p1b: Dragonite|Hurricane|p2a: Incineroar\n|-damage|p2a: Incineroar|60/100\n|move|p1a: Pelipper|Weather Ball|p2a: Incineroar\n|-supereffective|p2a: Incineroar|1\n|-damage|p2a: Incineroar|0 fnt\n|faint|p2a: Incineroar\n|\n|-weather|RainDance|[upkeep]\n|-heal|p1a: Pelipper|97/100|[from] item: Leftovers\n|-heal|p2b: Primarina|48/100|[from] item: Leftovers\n|upkeep\n|\n|t:|1776003889\n|switch|p2a: Sinistcha|Sinistcha, L50|100/100\n|-heal|p2b: Primarina|73/100|[from] ability: Hospitality|[of] p2a: Sinistcha\n|turn|3\n|inactive|TrainerEge2 has 30 seconds left.\n|inactive|TrainerEge2 has 20 seconds left.\n|inactive|TrainerEge2 has 15 seconds left.\n|inactive|TrainerEge2 has 10 seconds left.\n|inactive|TrainerEge2 has 5 seconds left.\n|\n|t:|1776003944\n|switch|p2a: Tyranitar|Tyranitar, L50, F|100/100\n|-weather|Sandstorm|[from] ability: Sand Stream|[of] p2a: Tyranitar\n|move|p1b: Dragonite|Hurricane|p2a: Tyranitar\n|-resisted|p2a: Tyranitar|1\n|-damage|p2a: Tyranitar|86/100\n|move|p1a: Pelipper|Weather Ball|p2a: Tyranitar\n|-damage|p2a: Tyranitar|71/100\n|-activate|p2b: Primarina|confusion\n|move|p2b: Primarina|Calm Mind|p2b: Primarina\n|-boost|p2b: Primarina|spa|1\n|-boost|p2b: Primarina|spd|1\n|\n|-weather|Sandstorm|[upkeep]\n|-damage|p1a: Pelipper|91/100|[from] Sandstorm\n|-damage|p1b: Dragonite|94/100|[from] Sandstorm\n|-damage|p2b: Primarina|67/100|[from] Sandstorm\n|-heal|p1a: Pelipper|97/100|[from] item: Leftovers\n|-heal|p2b: Primarina|73/100|[from] item: Leftovers\n|upkeep\n|turn|4\n|inactive|TrainerEge2 has 30 seconds left.\n|inactive|TrainerEge2 has 20 seconds left.\n|inactive|TrainerEge2 has 15 seconds left.\n|inactive|TrainerEge2 has 10 seconds left.\n|inactive|TrainerEge2 has 5 seconds left.\n|\n|t:|1776003999\n|move|p2a: Tyranitar|Protect|p2a: Tyranitar\n|-singleturn|p2a: Tyranitar|Protect\n|move|p1a: Pelipper|Weather Ball|p2b: Primarina\n|-damage|p2b: Primarina|56/100\n|move|p1b: Dragonite|Hurricane|p2a: Tyranitar\n|-activate|p2a: Tyranitar|move: Protect\n|-end|p2b: Primarina|confusion\n|move|p2b: Primarina|Moonblast|p1b: Dragonite\n|-supereffective|p1b: Dragonite|1\n|-damage|p1b: Dragonite|0 fnt\n|faint|p1b: Dragonite\n|\n|-weather|Sandstorm|[upkeep]\n|-damage|p1a: Pelipper|91/100|[from] Sandstorm\n|-damage|p2b: Primarina|50/100|[from] Sandstorm\n|-heal|p1a: Pelipper|97/100|[from] item: Leftovers\n|-heal|p2b: Primarina|56/100|[from] item: Leftovers\n|upkeep\n|inactive|TrainerEge2 has 30 seconds left.\n|inactive|TrainerEge2 has 20 seconds left.\n|inactive|TrainerEge2 has 15 seconds left.\n|inactive|TrainerEge2 has 10 seconds left.\n|inactive|TrainerEge2 has 5 seconds left.\n|\n|t:|1776004054\n|switch|p1b: Basculegion|Basculegion, L50, M|100/100\n|turn|5\n|inactive|TrainerEge2 has 30 seconds left.\n|inactive|TrainerEge2 has 20 seconds left.\n|inactive|TrainerEge2 has 15 seconds left.\n|inactive|TrainerEge2 has 10 seconds left.\n|inactive|TrainerEge2 has 5 seconds left.\n|\n|t:|1776004109\n|switch|p2a: Sinistcha|Sinistcha, L50|100/100\n|-heal|p2b: Primarina|81/100|[from] ability: Hospitality|[of] p2a: Sinistcha\n|move|p1b: Basculegion|Last Respects|p2b: Primarina\n|-damage|p2b: Primarina|0 fnt\n|faint|p2b: Primarina\n|move|p1a: Pelipper|Weather Ball|p2a: Sinistcha\n|-damage|p2a: Sinistcha|73/100\n|\n|-weather|Sandstorm|[upkeep]\n|-damage|p1b: Basculegion|94/100|[from] Sandstorm\n|-damage|p1a: Pelipper|91/100|[from] Sandstorm\n|-damage|p2a: Sinistcha|67/100|[from] Sandstorm\n|-heal|p1a: Pelipper|97/100|[from] item: Leftovers\n|upkeep\n|\n|t:|1776004123\n|switch|p2b: Tyranitar|Tyranitar, L50, F|71/100\n|turn|6\n|inactive|TrainerEge2 has 30 seconds left.\n|inactive|TrainerEge2 has 20 seconds left.\n|inactive|TrainerEge2 has 15 seconds left.\n|inactive|TrainerEge2 has 10 seconds left.\n|inactive|TrainerEge2 has 5 seconds left.\n|\n|t:|1776004178\n|move|p1b: Basculegion|Last Respects|p2a: Sinistcha\n|-supereffective|p2a: Sinistcha|1\n|-damage|p2a: Sinistcha|0 fnt\n|faint|p2a: Sinistcha\n|move|p1a: Pelipper|Weather Ball|p2b: Tyranitar\n|-damage|p2b: Tyranitar|55/100\n|move|p2b: Tyranitar|Rock Slide|p1a: Pelipper|[spread] p1a,p1b\n|-supereffective|p1a: Pelipper|1\n|-damage|p1a: Pelipper|3/100\n|-damage|p1b: Basculegion|55/100\n|\n|-weather|Sandstorm|[upkeep]\n|-damage|p1b: Basculegion|49/100|[from] Sandstorm\n|-damage|p1a: Pelipper|0 fnt|[from] Sandstorm\n|faint|p1a: Pelipper\n|upkeep\n|inactive|TrainerEge2 has 30 seconds left.\n|inactive|TrainerEge2 has 20 seconds left.\n|-message|yohjek forfeited.\n|\n|win|TrainerEge2\n|raw|TrainerEge2's rating: 1150 &rarr; <strong>1168</strong><br />(+18 for winning)\n|raw|yohjek's rating: 1054 &rarr; <strong>1041</strong><br />(-13 for losing)\n|l|\u2606yohjek\n|player|p2|\n|c|\u2606TrainerEge2|ANANI BACINI S\u0130K\u0130M AFK BIRAKTIM BOTA MI YEN\u0130LD\u0130N\n",
  "uploadtime": 1776004406,
  "views": 13,
  "formatid": "gen9championsvgc2026regma",
  "rating": 1041,
  "private": 0,
  "password": null
}