{
  "id": "gen9championsvgc2026regma-2585954845",
  "format": "[Gen 9 Champions] VGC 2026 Reg M-A",
  "players": [
    "ChainsPkmn",
    "freshveggies2"
  ],
  "log": "|j|\u2606ChainsPkmn\n|j|\u2606freshveggies2\n|html|<table width=\"100%\"><tr><td align=\"left\">ChainsPkmn</td><td align=\"right\">freshveggies2</tr><tr><td align=\"left\"><i class=\"fa fa-circle-o\"></i> <i class=\"fa fa-circle-o\"></i> </td><td align=\"right\"><i class=\"fa fa-circle-o\"></i> <i class=\"fa fa-circle\"></i> </tr></table>\n|uhtml|bestof|<h2><strong>Game 2</strong> of <a href=\"/game-bestof3-gen9championsvgc2026regma-2585951445\">a best-of-3</a></h2>\n|t:|1776384775\n|gametype|doubles\n|player|p1|ChainsPkmn|miku-water|\n|player|p2|freshveggies2|170|\n|gen|9\n|tier|[Gen 9 Champions] VGC 2026 Reg M-A\n|rule|Species Clause: Limit one of each Pok\u00e9mon\n|rule|Item Clause: Limit 1 of each item\n|raw|<div class=\"infobox\"><details class=\"readmore\" open><summary><strong>1 custom rule:</strong></summary> Best of = 3</details></div>\n|clearpoke\n|poke|p1|Gengar, L50, F|\n|poke|p1|Palafin, L50, M|\n|poke|p1|Politoed, L50, F|\n|poke|p1|Sableye, L50, M|\n|poke|p1|Skarmory, L50, M|\n|poke|p1|Gardevoir, L50, M|\n|poke|p2|Basculegion-F, L50, F|\n|poke|p2|Charizard, L50, F|\n|poke|p2|Tinkaton, L50, F|\n|poke|p2|Garchomp, L50, M|\n|poke|p2|Aerodactyl, L50, M|\n|poke|p2|Clefable, L50, M|\n|teampreview|4\n|inactive|Battle timer is ON: inactive players will automatically lose when time's up. (requested by ChainsPkmn)\n|inactive|ChainsPkmn has 60 seconds left.\n|inactive|freshveggies2 has 60 seconds left.\n|inactive|freshveggies2 has 30 seconds left.\n|\n|t:|1776384841\n|teamsize|p1|4\n|teamsize|p2|4\n|start\n|switch|p1a: Palafin|Palafin, L50, M|100/100\n|switch|p1b: Gardevoir|Gardevoir, L50, M|100/100\n|switch|p2a: Charizard|Charizard, L50, F|100/100\n|switch|p2b: Aerodactyl|Aerodactyl, L50, M|100/100\n|-ability|p2b: Aerodactyl|Unnerve\n|-ability|p1b: Gardevoir|Unnerve|Trace|[from] ability: Trace|[of] p2b: Aerodactyl\n|-ability|p1b: Gardevoir|Unnerve\n|turn|1\n|inactive|ChainsPkmn has 30 seconds left.\n|inactive|freshveggies2 has 30 seconds left.\n|inactive|freshveggies2 has 20 seconds left.\n|\n|t:|1776384880\n|detailschange|p2a: Charizard|Charizard-Mega-Y, L50, F\n|-mega|p2a: Charizard|Charizard|Charizardite Y\n|-weather|SunnyDay|[from] ability: Drought|[of] p2a: Charizard\n|move|p1b: Gardevoir|Icy Wind|p2b: Aerodactyl|[spread] p2a,p2b\n|-supereffective|p2b: Aerodactyl|1\n|-damage|p2a: Charizard|87/100\n|-damage|p2b: Aerodactyl|57/100\n|-unboost|p2a: Charizard|spe|1\n|-unboost|p2b: Aerodactyl|spe|1\n|move|p1a: Palafin|Flip Turn|p2b: Aerodactyl\n|-supereffective|p2b: Aerodactyl|1\n|-damage|p2b: Aerodactyl|25/100\n|\n|t:|1776384891\n|detailschange|p1a: Palafin|Palafin-Hero, L50, M\n|switch|p1a: Politoed|Politoed, L50, F|100/100|[from] Flip Turn\n|-weather|RainDance|[from] ability: Drizzle|[of] p1a: Politoed\n|move|p2b: Aerodactyl|Rock Slide|p1a: Politoed|[spread] p1a,p1b\n|-crit|p1b: Gardevoir\n|-damage|p1a: Politoed|79/100\n|-damage|p1b: Gardevoir|34/100\n|move|p2a: Charizard|Solar Beam||[still]\n|-prepare|p2a: Charizard|Solar Beam\n|\n|-weather|RainDance|[upkeep]\n|upkeep\n|turn|2\n|inactive|freshveggies2 has 30 seconds left.\n|\n|t:|1776384925\n|move|p2b: Aerodactyl|Protect|p2b: Aerodactyl\n|-singleturn|p2b: Aerodactyl|Protect\n|move|p1b: Gardevoir|Icy Wind|p2a: Charizard|[spread] p2a\n|-activate|p2b: Aerodactyl|move: Protect\n|-crit|p2a: Charizard\n|-damage|p2a: Charizard|66/100\n|-unboost|p2a: Charizard|spe|1\n|move|p1a: Politoed|Weather Ball|p2a: Charizard\n|-supereffective|p2a: Charizard|1\n|-damage|p2a: Charizard|0 fnt\n|faint|p2a: Charizard\n|\n|-weather|RainDance|[upkeep]\n|upkeep\n|\n|t:|1776384931\n|switch|p2a: Basculegion|Basculegion-F, L50, F|100/100\n|turn|3\n|inactive|ChainsPkmn has 30 seconds left.\n|inactive|freshveggies2 has 30 seconds left.\n|\n|t:|1776384965\n|move|p2a: Basculegion|Last Respects|p1b: Gardevoir\n|-supereffective|p1b: Gardevoir|1\n|-damage|p1b: Gardevoir|0 fnt\n|faint|p1b: Gardevoir\n|move|p2b: Aerodactyl|Tailwind|p2b: Aerodactyl\n|-sidestart|p2: freshveggies2|move: Tailwind\n|move|p1a: Politoed|Ice Beam|p2b: Aerodactyl\n|-supereffective|p2b: Aerodactyl|1\n|-damage|p2b: Aerodactyl|0 fnt\n|faint|p2b: Aerodactyl\n|\n|-weather|RainDance|[upkeep]\n|upkeep\n|\n|t:|1776384975\n|switch|p2b: Garchomp|Garchomp, L50, M|100/100\n|switch|p1b: Palafin|Palafin-Hero, L50, M|100/100\n|-activate|p1b: Palafin|ability: Zero to Hero\n|turn|4\n|inactive|freshveggies2 has 30 seconds left.\n|\n|t:|1776385006\n|move|p1b: Palafin|Protect|p1b: Palafin\n|-singleturn|p1b: Palafin|Protect\n|move|p2a: Basculegion|Last Respects|p1a: Politoed\n|-damage|p1a: Politoed|26/100\n|-enditem|p1a: Politoed|Sitrus Berry|[eat]\n|-heal|p1a: Politoed|51/100|[from] item: Sitrus Berry\n|move|p2b: Garchomp|Dragon Claw|p1a: Politoed\n|-damage|p1a: Politoed|17/100\n|move|p1a: Politoed|Perish Song|p1a: Politoed\n|-start|p1a: Politoed|perish3|[silent]\n|-start|p1b: Palafin|perish3|[silent]\n|-start|p2a: Basculegion|perish3|[silent]\n|-start|p2b: Garchomp|perish3|[silent]\n|-fieldactivate|move: Perish Song\n|\n|-weather|RainDance|[upkeep]\n|-start|p2a: Basculegion|perish3\n|-start|p2b: Garchomp|perish3\n|-start|p1b: Palafin|perish3\n|-start|p1a: Politoed|perish3\n|upkeep\n|turn|5\n|inactive|ChainsPkmn has 30 seconds left.\n|inactive|freshveggies2 has 30 seconds left.\n|inactive|ChainsPkmn has 20 seconds left.\n|inactive|ChainsPkmn has 15 seconds left.\n|\n|t:|1776385048\n|switch|p1b: Gengar|Gengar, L50, F|100/100\n|move|p1a: Politoed|Protect|p1a: Politoed\n|-singleturn|p1a: Politoed|Protect\n|move|p2a: Basculegion|Last Respects|p1b: Gengar\n|-supereffective|p1b: Gengar|1\n|-damage|p1b: Gengar|0 fnt\n|faint|p1b: Gengar\n|move|p2b: Garchomp|Dragon Claw|p1a: Politoed\n|-activate|p1a: Politoed|move: Protect\n|\n|-weather|none\n|-start|p2a: Basculegion|perish2\n|-start|p2b: Garchomp|perish2\n|-start|p1a: Politoed|perish2\n|upkeep\n|\n|t:|1776385054\n|switch|p1b: Palafin|Palafin-Hero, L50, M|100/100\n|turn|6\n|\n|t:|1776385065\n|move|p2a: Basculegion|Last Respects|p1b: Palafin\n|-damage|p1b: Palafin|37/100\n|move|p2b: Garchomp|Dragon Claw|p1a: Politoed\n|-damage|p1a: Politoed|0 fnt\n|faint|p1a: Politoed\n|move|p1b: Palafin|Ice Punch|p2b: Garchomp\n|-supereffective|p2b: Garchomp|2\n|-damage|p2b: Garchomp|0 fnt\n|-damage|p1b: Palafin|25/100|[from] ability: Rough Skin|[of] p2b: Garchomp\n|faint|p2b: Garchomp\n|\n|-start|p2a: Basculegion|perish1\n|-sideend|p2: freshveggies2|move: Tailwind\n|upkeep\n|turn|7\n|\n|t:|1776385070\n|move|p1b: Palafin|Protect|p1b: Palafin\n|-singleturn|p1b: Palafin|Protect\n|move|p2a: Basculegion|Last Respects|p1b: Palafin\n|-activate|p1b: Palafin|move: Protect\n|\n|-start|p2a: Basculegion|perish0\n|faint|p2a: Basculegion\n|\n|win|ChainsPkmn\n||freshveggies2 is ready for game 3.\n|inactive|ChainsPkmn has 30 seconds to confirm battle start!\n||ChainsPkmn is ready for game 3.\n|uhtml|next|Next: <a href=\"/battle-gen9championsvgc2026regma-2585958120\"><strong>Game 3 of 3</strong></a>\n",
  "uploadtime": 1776385445,
  "views": 21,
  "formatid": "gen9championsvgc2026regma",
  "rating": null,
  "private": 0,
  "password": null
}