{
  "id": "gen9championsvgc2026regma-2587075058",
  "format": "[Gen 9 Champions] VGC 2026 Reg M-A",
  "players": [
    "CalmLeaf",
    "shadowbtl"
  ],
  "log": "|j|\u2606CalmLeaf\n|j|\u2606shadowbtl\n|t:|1776489986\n|gametype|doubles\n|player|p1|CalmLeaf|leaf-masters|1092\n|player|p2|shadowbtl|roxie|1162\n|gen|9\n|tier|[Gen 9 Champions] VGC 2026 Reg M-A\n|rated|\n|rule|Species Clause: Limit one of each Pok\u00e9mon\n|rule|Item Clause: Limit 1 of each item\n|clearpoke\n|poke|p1|Excadrill, L50, F|\n|poke|p1|Medicham, L50, M|\n|poke|p1|Aerodactyl, L50, F, shiny|\n|poke|p1|Rampardos, L50, F, shiny|\n|poke|p1|Slowbro, L50, M|\n|poke|p1|Hatterene, L50, F|\n|poke|p2|Scovillain, L50, M|\n|poke|p2|Dragapult, L50, M|\n|poke|p2|Gyarados, L50, F|\n|poke|p2|Tyranitar, L50, M|\n|poke|p2|Garchomp, L50, F|\n|poke|p2|Corviknight, L50, M|\n|teampreview|4\n|inactive|Battle timer is ON: inactive players will automatically lose when time's up. (requested by shadowbtl)\n|\n|t:|1776490008\n|teamsize|p1|4\n|teamsize|p2|4\n|start\n|switch|p1a: Wanda|Hatterene, L50, F|100/100\n|switch|p1b: Homer|Slowbro, L50, M|100/100\n|switch|p2a: Gyarados|Gyarados, L50, F|100/100\n|switch|p2b: Scovillain|Scovillain, L50, M|100/100\n|-ability|p2a: Gyarados|Intimidate|boost\n|-unboost|p1a: Wanda|atk|1\n|-fail|p1b: Homer|unboost|Attack|[from] ability: Oblivious|[of] p1b: Homer\n|turn|1\n|inactive|shadowbtl has 30 seconds left.\n|inactive|shadowbtl has 20 seconds left.\n|\n|t:|1776490045\n|switch|p2a: Corviknight|Corviknight, L50, M|100/100\n|detailschange|p2b: Scovillain|Scovillain-Mega, L50, M\n|-mega|p2b: Scovillain|Scovillain|Scovillainite\n|move|p2b: Scovillain|Leech Seed|p1b: Homer\n|-start|p1b: Homer|move: Leech Seed\n|move|p1a: Wanda|Psychic Terrain|p1a: Wanda\n|-fieldstart|move: Psychic Terrain\n|move|p1b: Homer|Trick Room|p1b: Homer\n|-fieldstart|move: Trick Room|[of] p1b: Homer\n|\n|-damage|p1b: Homer|88/100|[from] Leech Seed|[of] p2b: Scovillain\n|upkeep\n|turn|2\n|inactive|CalmLeaf has 30 seconds left.\n|inactive|shadowbtl has 30 seconds left.\n|inactive|shadowbtl has 20 seconds left.\n|\n|t:|1776490082\n|detailschange|p1b: Homer|Slowbro-Mega, L50, M\n|-mega|p1b: Homer|Slowbro|Slowbronite\n|move|p2b: Scovillain|Protect|p2b: Scovillain\n|-singleturn|p2b: Scovillain|Protect\n|move|p1a: Wanda|Calm Mind|p1a: Wanda\n|-boost|p1a: Wanda|spa|1\n|-boost|p1a: Wanda|spd|1\n|move|p1b: Homer|Expanding Force|p2a: Corviknight|[spread] p2a\n|-activate|p2b: Scovillain|move: Protect\n|-resisted|p2a: Corviknight|1\n|-damage|p2a: Corviknight|74/100\n|move|p2a: Corviknight|Roost|p2a: Corviknight\n|-heal|p2a: Corviknight|100/100\n|-singleturn|p2a: Corviknight|move: Roost\n|\n|-damage|p1b: Homer|76/100|[from] Leech Seed|[of] p2b: Scovillain\n|upkeep\n|turn|3\n|inactive|CalmLeaf has 30 seconds left.\n|inactive|shadowbtl has 30 seconds left.\n|inactive|CalmLeaf has 20 seconds left.\n|inactive|shadowbtl has 20 seconds left.\n|\n|t:|1776490122\n|move|p1a: Wanda|Dazzling Gleam|p2a: Corviknight|[spread] p2a,p2b\n|-resisted|p2a: Corviknight|1\n|-resisted|p2b: Scovillain|1\n|-damage|p2a: Corviknight|76/100\n|-damage|p2b: Scovillain|69/100\n|-status|p1a: Wanda|brn|[from] ability: Spicy Spray|[of] p2b: Scovillain\n|move|p1b: Homer|Scald|p2a: Corviknight\n|-damage|p2a: Corviknight|34/100\n|move|p2a: Corviknight|Roost|p2a: Corviknight\n|-heal|p2a: Corviknight|84/100\n|-singleturn|p2a: Corviknight|move: Roost\n|move|p2b: Scovillain|Spicy Extract|p1b: Homer\n|-boost|p1b: Homer|atk|2\n|-unboost|p1b: Homer|def|2\n|\n|-heal|p2a: Corviknight|90/100|[from] item: Leftovers\n|-damage|p1b: Homer|63/100|[from] Leech Seed|[of] p2b: Scovillain\n|-heal|p2b: Scovillain|84/100|[silent]\n|-damage|p1a: Wanda|94/100 brn|[from] brn\n|upkeep\n|turn|4\n|inactive|CalmLeaf has 30 seconds left.\n|inactive|shadowbtl has 30 seconds left.\n|inactive|shadowbtl has 20 seconds left.\n|\n|t:|1776490160\n|move|p2b: Scovillain|Protect|p2b: Scovillain\n|-singleturn|p2b: Scovillain|Protect\n|move|p1a: Wanda|Calm Mind|p1a: Wanda\n|-boost|p1a: Wanda|spa|1\n|-boost|p1a: Wanda|spd|1\n|move|p1b: Homer|Scald|p2b: Scovillain\n|-activate|p2b: Scovillain|move: Protect\n|move|p2a: Corviknight|Roost|p2a: Corviknight\n|-heal|p2a: Corviknight|100/100\n|-singleturn|p2a: Corviknight|move: Roost\n|\n|-heal|p1a: Wanda|100/100 brn|[from] item: Leftovers\n|-damage|p1b: Homer|51/100|[from] Leech Seed|[of] p2b: Scovillain\n|-heal|p2b: Scovillain|98/100|[silent]\n|-damage|p1a: Wanda|94/100 brn|[from] brn\n|upkeep\n|turn|5\n|inactive|shadowbtl has 30 seconds left.\n|\n|t:|1776490188\n|move|p1a: Wanda|Calm Mind|p1a: Wanda\n|-boost|p1a: Wanda|spa|1\n|-boost|p1a: Wanda|spd|1\n|move|p1b: Homer|Slack Off|p1b: Homer\n|-heal|p1b: Homer|100/100\n|move|p2a: Corviknight|Roost||[still]\n|-fail|p2a: Corviknight|heal\n|move|p2b: Scovillain|Flamethrower|p1a: Wanda\n|-damage|p1a: Wanda|77/100 brn\n|\n|-heal|p1a: Wanda|83/100 brn|[from] item: Leftovers\n|-damage|p1b: Homer|88/100|[from] Leech Seed|[of] p2b: Scovillain\n|-heal|p2b: Scovillain|100/100|[silent]\n|-damage|p1a: Wanda|77/100 brn|[from] brn\n|-fieldend|move: Trick Room\n|-fieldend|move: Psychic Terrain\n|upkeep\n|turn|6\n|inactive|shadowbtl has 30 seconds left.\n|\n|t:|1776490222\n|move|p2b: Scovillain|Flamethrower|p1a: Wanda\n|-damage|p1a: Wanda|59/100 brn\n|move|p2a: Corviknight|Brave Bird|p1a: Wanda\n|-damage|p1a: Wanda|16/100 brn\n|-damage|p2a: Corviknight|89/100|[from] Recoil\n|move|p1a: Wanda|Psychic Terrain|p1a: Wanda\n|-fieldstart|move: Psychic Terrain\n|move|p1b: Homer|Trick Room|p1b: Homer\n|-fieldstart|move: Trick Room|[of] p1b: Homer\n|\n|-heal|p1a: Wanda|22/100 brn|[from] item: Leftovers\n|-heal|p2a: Corviknight|95/100|[from] item: Leftovers\n|-damage|p1b: Homer|76/100|[from] Leech Seed|[of] p2b: Scovillain\n|-damage|p1a: Wanda|16/100 brn|[from] brn\n|upkeep\n|turn|7\n|inactive|CalmLeaf has 30 seconds left.\n|inactive|shadowbtl has 30 seconds left.\n|\n|t:|1776490254\n|move|p2b: Scovillain|Protect|p2b: Scovillain\n|-singleturn|p2b: Scovillain|Protect\n|move|p1a: Wanda|Expanding Force|p2a: Corviknight|[spread] p2a\n|-activate|p2b: Scovillain|move: Protect\n|-resisted|p2a: Corviknight|1\n|-damage|p2a: Corviknight|15/100\n|move|p1b: Homer|Scald|p2a: Corviknight\n|-damage|p2a: Corviknight|0 fnt\n|faint|p2a: Corviknight\n|\n|-heal|p1a: Wanda|22/100 brn|[from] item: Leftovers\n|-damage|p1b: Homer|63/100|[from] Leech Seed|[of] p2b: Scovillain\n|-damage|p1a: Wanda|16/100 brn|[from] brn\n|upkeep\n|\n|t:|1776490271\n|switch|p2a: Garchomp|Garchomp, L50, F|100/100\n|turn|8\n|\n|t:|1776490279\n|switch|p2a: Gyarados|Gyarados, L50, F|100/100\n|-ability|p2a: Gyarados|Intimidate|boost\n|-unboost|p1a: Wanda|atk|1\n|-unboost|p1b: Homer|atk|1\n|move|p1a: Wanda|Dazzling Gleam|p2b: Scovillain|[spread] p2a,p2b\n|-resisted|p2b: Scovillain|1\n|-damage|p2a: Gyarados|36/100\n|-damage|p2b: Scovillain|45/100\n|-enditem|p2a: Gyarados|Sitrus Berry|[eat]\n|-heal|p2a: Gyarados|61/100|[from] item: Sitrus Berry\n|move|p1b: Homer|Expanding Force|p2a: Gyarados|[spread] p2a,p2b\n|-damage|p2a: Gyarados|16/100\n|-damage|p2b: Scovillain|0 fnt\n|-status|p1b: Homer|brn|[from] ability: Spicy Spray|[of] p2b: Scovillain\n|faint|p2b: Scovillain\n|\n|-heal|p1a: Wanda|22/100 brn|[from] item: Leftovers\n|-damage|p1a: Wanda|16/100 brn|[from] brn\n|-damage|p1b: Homer|57/100 brn|[from] brn\n|upkeep\n|-message|shadowbtl forfeited.\n|\n|win|CalmLeaf\n|raw|CalmLeaf's rating: 1092 &rarr; <strong>1123</strong><br />(+31 for winning)\n|raw|shadowbtl's rating: 1162 &rarr; <strong>1132</strong><br />(-30 for losing)\n|l|\u2606shadowbtl\n|player|p2|\n",
  "uploadtime": 1776490305,
  "views": 14,
  "formatid": "gen9championsvgc2026regma",
  "rating": 1123,
  "private": 0,
  "password": null
}