{
  "id": "gen9championsvgc2026regma-2587567550",
  "format": "[Gen 9 Champions] VGC 2026 Reg M-A",
  "players": [
    "pp weiner nozzle",
    "chessin776"
  ],
  "log": "|j|\u2606pp weiner nozzle\n|j|\u2606chessin776\n|t:|1776542946\n|gametype|doubles\n|player|p1|pp weiner nozzle|blackbelt-gen4dp|1139\n|player|p2|chessin776|cheryl|1132\n|gen|9\n|tier|[Gen 9 Champions] VGC 2026 Reg M-A\n|rated|\n|rule|Species Clause: Limit one of each Pok\u00e9mon\n|rule|Item Clause: Limit 1 of each item\n|clearpoke\n|poke|p1|Farigiraf, L50, M|\n|poke|p1|Steelix, L50, F|\n|poke|p1|Kingambit, L50, F|\n|poke|p1|Tyranitar, L50, M|\n|poke|p1|Whimsicott, L50, F|\n|poke|p1|Excadrill, L50, M|\n|poke|p2|Charizard, L50, M|\n|poke|p2|Venusaur, L50, M|\n|poke|p2|Clefable, L50, F|\n|poke|p2|Primarina, L50, F|\n|poke|p2|Farigiraf, L50, F|\n|poke|p2|Aegislash, L50, M|\n|teampreview|4\npp weiner nozzle has agreed to open team sheets.\n|\n|t:|1776542966\n|teamsize|p1|4\n|teamsize|p2|4\n|start\n|switch|p1a: Tyranitar|Tyranitar, L50, M|100/100\n|switch|p1b: Excadrill|Excadrill, L50, M|100/100\n|switch|p2a: Roaring Flame|Charizard, L50, M|100/100\n|switch|p2b: Roaring Nature|Venusaur, L50, M|100/100\n|-weather|Sandstorm|[from] ability: Sand Stream|[of] p1a: Tyranitar\n|turn|1\n|\n|t:|1776542989\n|move|p2a: Roaring Flame|Protect|p2a: Roaring Flame\n|-singleturn|p2a: Roaring Flame|Protect\n|move|p1b: Excadrill|Poison Jab|p2b: Roaring Nature\n|-damage|p2b: Roaring Nature|70/100\n|move|p2b: Roaring Nature|Sleep Powder|p1b: Excadrill\n|-status|p1b: Excadrill|slp|[from] move: Sleep Powder\n|move|p1a: Tyranitar|Rock Slide|p2b: Roaring Nature|[spread] p2b\n|-activate|p2a: Roaring Flame|move: Protect\n|-damage|p2b: Roaring Nature|30/100\n|\n|-weather|Sandstorm|[upkeep]\n|-damage|p2a: Roaring Flame|95/100|[from] Sandstorm\n|-damage|p2b: Roaring Nature|24/100|[from] Sandstorm\n|upkeep\n|turn|2\n|\n|t:|1776543014\n|switch|p2a: Giraffe|Farigiraf, L50, F|100/100\n|switch|p2b: Roaring Water|Primarina, L50, F|100/100\n|cant|p1b: Excadrill|slp\n|move|p1a: Tyranitar|Rock Slide|p2a: Giraffe|[spread] p2a,p2b\n|-damage|p2a: Giraffe|71/100\n|-damage|p2b: Roaring Water|66/100\n|\n|-weather|Sandstorm|[upkeep]\n|-damage|p2b: Roaring Water|60/100|[from] Sandstorm\n|-damage|p2a: Giraffe|65/100|[from] Sandstorm\n|upkeep\n|turn|3\n|\n|t:|1776543032\n|move|p2b: Roaring Water|Protect|p2b: Roaring Water\n|-singleturn|p2b: Roaring Water|Protect\n|cant|p1b: Excadrill|slp\n|move|p1a: Tyranitar|Knock Off|p2a: Giraffe\n|-supereffective|p2a: Giraffe|1\n|-enditem|p2a: Giraffe|Colbur Berry|[eat]\n|-enditem|p2a: Giraffe|Colbur Berry|[weaken]\n|-damage|p2a: Giraffe|20/100\n|move|p2a: Giraffe|Trick Room|p2a: Giraffe\n|-fieldstart|move: Trick Room|[of] p2a: Giraffe\n|\n|-weather|Sandstorm|[upkeep]\n|-damage|p2a: Giraffe|14/100|[from] Sandstorm\n|-damage|p2b: Roaring Water|55/100|[from] Sandstorm\n|upkeep\n|turn|4\n|\n|t:|1776543047\n|switch|p1b: Kingambit|Kingambit, L50, F|100/100\n|move|p1a: Tyranitar|Knock Off|p2a: Giraffe\n|-supereffective|p2a: Giraffe|1\n|-damage|p2a: Giraffe|0 fnt\n|faint|p2a: Giraffe\n|move|p2b: Roaring Water|Hyper Voice|p1b: Kingambit|[spread] p1a,p1b\n|-supereffective|p1a: Tyranitar|1\n|-damage|p1a: Tyranitar|56/100\n|-damage|p1b: Kingambit|68/100\n|\n|-weather|Sandstorm|[upkeep]\n|-damage|p2b: Roaring Water|49/100|[from] Sandstorm\n|upkeep\n|\n|t:|1776543052\n|switch|p2a: Roaring Flame|Charizard, L50, M|95/100\n|turn|5\n|\n|t:|1776543069\n|move|p2a: Roaring Flame|Protect|p2a: Roaring Flame\n|-singleturn|p2a: Roaring Flame|Protect\n|move|p1b: Kingambit|Swords Dance|p1b: Kingambit\n|-boost|p1b: Kingambit|atk|2\n|move|p2b: Roaring Water|Hyper Voice|p1b: Kingambit|[spread] p1a,p1b\n|-supereffective|p1a: Tyranitar|1\n|-crit|p1a: Tyranitar\n|-damage|p1a: Tyranitar|0 fnt\n|-damage|p1b: Kingambit|30/100\n|faint|p1a: Tyranitar\n|\n|-weather|none\n|upkeep\n|\n|t:|1776543085\n|switch|p1a: Excadrill|Excadrill, L50, M|100/100 slp\n|turn|6\n|\n|t:|1776543103\n|move|p1b: Kingambit|Kowtow Cleave|p2a: Roaring Flame\n|-damage|p2a: Roaring Flame|0 fnt\n|faint|p2a: Roaring Flame\n|move|p2b: Roaring Water|Hyper Voice|p1b: Kingambit|[spread] p1a,p1b\n|-supereffective|p1a: Excadrill|1\n|-damage|p1a: Excadrill|16/100 slp\n|-damage|p1b: Kingambit|0 fnt\n|faint|p1b: Kingambit\n|-curestatus|p1a: Excadrill|slp|[msg]\n|move|p1a: Excadrill|Poison Jab|p2b: Roaring Water\n|-supereffective|p2b: Roaring Water|1\n|-damage|p2b: Roaring Water|0 fnt\n|faint|p2b: Roaring Water\n|\n|upkeep\n|\n|t:|1776543115\n|switch|p1b: Whimsicott|Whimsicott, L50, F|100/100\n|switch|p2b: Roaring Nature|Venusaur, L50, M|24/100\n|turn|7\n|\n|t:|1776543125\n|move|p1b: Whimsicott|Protect|p1b: Whimsicott\n|-singleturn|p1b: Whimsicott|Protect\n|move|p2b: Roaring Nature|Poison Jab|p1b: Whimsicott\n|-activate|p1b: Whimsicott|move: Protect\n|move|p1a: Excadrill|Poison Jab|p2b: Roaring Nature\n|-damage|p2b: Roaring Nature|0 fnt\n|faint|p2b: Roaring Nature\n|\n|win|pp weiner nozzle\n|raw|pp weiner nozzle's rating: 1139 &rarr; <strong>1163</strong><br />(+24 for winning)\n|raw|chessin776's rating: 1132 &rarr; <strong>1108</strong><br />(-24 for losing)\n|l|\u2606pp weiner nozzle\n|player|p1|\n|c|\u2606chessin776|Ggwp\n",
  "uploadtime": 1776543143,
  "views": 12,
  "formatid": "gen9championsvgc2026regma",
  "rating": 1108,
  "private": 0,
  "password": null
}