{
  "id": "gen9championsvgc2026regma-2587599742",
  "format": "[Gen 9 Champions] VGC 2026 Reg M-A",
  "players": [
    "Tyqe1",
    "enieshobby"
  ],
  "log": "|j|\u2606Tyqe1\n|j|\u2606enieshobby\n|t:|1776545795\n|gametype|doubles\n|player|p1|Tyqe1|170|1174\n|player|p2|enieshobby|170|1251\n|gen|9\n|tier|[Gen 9 Champions] VGC 2026 Reg M-A\n|rated|\n|rule|Species Clause: Limit one of each Pok\u00e9mon\n|rule|Item Clause: Limit 1 of each item\n|clearpoke\n|poke|p1|Lucario, L50, F|\n|poke|p1|Dragapult, L50, M|\n|poke|p1|Tsareena, L50, F|\n|poke|p1|Incineroar, L50, M|\n|poke|p1|Whimsicott, L50, M|\n|poke|p1|Palafin, L50, M|\n|poke|p2|Corviknight, L50, M|\n|poke|p2|Ninetales-Alola, L50, F|\n|poke|p2|Glimmora, L50, F|\n|poke|p2|Tyranitar, L50, M|\n|poke|p2|Rotom-Wash, L50|\n|poke|p2|Excadrill, L50, F|\n|teampreview|4\n|\n|t:|1776545854\n|teamsize|p1|4\n|teamsize|p2|4\n|start\n|switch|p1a: Palafin|Palafin, L50, M|100/100\n|switch|p1b: Whimsicott|Whimsicott, L50, M|100/100\n|switch|p2a: Rotom|Rotom-Wash, L50|100/100\n|switch|p2b: Corviknight|Corviknight, L50, M|100/100\n|turn|1\n|\n|t:|1776545880\n|move|p1b: Whimsicott|Tailwind|p1b: Whimsicott\n|-sidestart|p1: Tyqe1|move: Tailwind\n|move|p1a: Palafin|Flip Turn|p2b: Corviknight\n|-damage|p2b: Corviknight|83/100\n|\n|t:|1776545889\n|detailschange|p1a: Palafin|Palafin-Hero, L50, M\n|switch|p1a: Dragapult|Dragapult, L50, M|100/100|[from] Flip Turn\n|move|p2a: Rotom|Electroweb|p1a: Dragapult|[spread] p1a,p1b\n|-resisted|p1a: Dragapult|1\n|-resisted|p1b: Whimsicott|1\n|-damage|p1a: Dragapult|88/100\n|-damage|p1b: Whimsicott|90/100\n|-unboost|p1b: Whimsicott|spe|1\n|move|p2b: Corviknight|Heavy Slam|p1b: Whimsicott\n|-supereffective|p1b: Whimsicott|1\n|-damage|p1b: Whimsicott|0 fnt\n|faint|p1b: Whimsicott\n|\n|upkeep\n|\n|t:|1776545907\n|switch|p1b: Lucario|Lucario, L50, F|100/100\n|turn|2\n|\n|t:|1776545925\n|detailschange|p1b: Lucario|Lucario-Mega, L50, F\n|-mega|p1b: Lucario|Lucario|Lucarionite\n|move|p1a: Dragapult|Will-O-Wisp|p2b: Corviknight\n|-status|p2b: Corviknight|brn\n|-enditem|p2b: Corviknight|Lum Berry|[eat]\n|-curestatus|p2b: Corviknight|brn|[msg]\n|move|p1b: Lucario|Aura Sphere|p2b: Corviknight\n|-damage|p2b: Corviknight|42/100\n|move|p2a: Rotom|Electroweb|p1b: Lucario|[spread] p1a,p1b\n|-resisted|p1a: Dragapult|1\n|-damage|p1a: Dragapult|76/100\n|-damage|p1b: Lucario|73/100\n|-unboost|p1b: Lucario|spe|1\n|move|p2b: Corviknight|Iron Defense|p2b: Corviknight\n|-boost|p2b: Corviknight|def|2\n|\n|upkeep\n|turn|3\n|\n|t:|1776545968\n|switch|p2a: Ninetales|Ninetales-Alola, L50, F|100/100\n|-weather|Snowscape|[from] ability: Snow Warning|[of] p2a: Ninetales\n|move|p2b: Corviknight|Protect|p2b: Corviknight\n|-singleturn|p2b: Corviknight|Protect\n|move|p1a: Dragapult|Dragon Darts|p2a: Ninetales\n|-immune|p2a: Ninetales\n|move|p1b: Lucario|Aura Sphere|p2b: Corviknight\n|-activate|p2b: Corviknight|move: Protect\n|\n|-weather|Snowscape|[upkeep]\n|upkeep\n|turn|4\n|\n|t:|1776546002\n|move|p1a: Dragapult|Protect|p1a: Dragapult\n|-singleturn|p1a: Dragapult|Protect\n|move|p2a: Ninetales|Protect|p2a: Ninetales\n|-singleturn|p2a: Ninetales|Protect\n|move|p1b: Lucario|Flash Cannon|p2a: Ninetales\n|-activate|p2a: Ninetales|move: Protect\n|move|p2b: Corviknight|Body Press|p1b: Lucario\n|-supereffective|p1b: Lucario|1\n|-damage|p1b: Lucario|0 fnt\n|faint|p1b: Lucario\n|\n|-weather|Snowscape|[upkeep]\n|-sideend|p1: Tyqe1|move: Tailwind\n|upkeep\n|\n|t:|1776546016\n|switch|p1b: Palafin|Palafin-Hero, L50, M|100/100\n|-activate|p1b: Palafin|ability: Zero to Hero\n|turn|5\n|\n|t:|1776546031\n|switch|p2a: Rotom|Rotom-Wash, L50|100/100\n|move|p2b: Corviknight|Protect|p2b: Corviknight\n|-singleturn|p2b: Corviknight|Protect\n|move|p1b: Palafin|Wave Crash|p2a: Rotom\n|-resisted|p2a: Rotom|1\n|-crit|p2a: Rotom\n|-damage|p2a: Rotom|33/100\n|-damage|p1b: Palafin|83/100|[from] Recoil\n|move|p1a: Dragapult|Will-O-Wisp|p2b: Corviknight\n|-activate|p2b: Corviknight|move: Protect\n|\n|-weather|Snowscape|[upkeep]\n|upkeep\n|turn|6\n|\n|t:|1776546073\n|move|p2a: Rotom|Volt Switch|p1a: Dragapult\n|-resisted|p1a: Dragapult|1\n|-damage|p1a: Dragapult|54/100\n|\n|t:|1776546077\n|switch|p2a: Ninetales|Ninetales-Alola, L50, F|100/100|[from] Volt Switch\n|move|p1b: Palafin|Wave Crash|p2a: Ninetales\n|-damage|p2a: Ninetales|16/100\n|-damage|p1b: Palafin|59/100|[from] Recoil\n|move|p1a: Dragapult|Will-O-Wisp|p2b: Corviknight\n|-status|p2b: Corviknight|brn\n|move|p2b: Corviknight|Heavy Slam|p1a: Dragapult\n|-damage|p1a: Dragapult|45/100\n|\n|-weather|Snowscape|[upkeep]\n|-damage|p2b: Corviknight|36/100 brn|[from] brn\n|upkeep\n|turn|7\n|\n|t:|1776546117\n|move|p1b: Palafin|Wave Crash|p2b: Corviknight\n|-damage|p2b: Corviknight|4/100 brn\n|-damage|p1b: Palafin|47/100|[from] Recoil\n|move|p1a: Dragapult|Psychic Fangs|p2a: Ninetales\n|-damage|p2a: Ninetales|0 fnt\n|faint|p2a: Ninetales\n|move|p2b: Corviknight|Body Press|p1b: Palafin\n|-damage|p1b: Palafin|26/100\n|\n|-weather|none\n|-damage|p2b: Corviknight|0 fnt|[from] brn\n|faint|p2b: Corviknight\n|upkeep\n|\n|t:|1776546121\n|switch|p2a: Rotom|Rotom-Wash, L50|33/100\n|switch|p2b: Excadrill|Excadrill, L50, F|100/100\n|turn|8\n|\n|t:|1776546138\n|move|p2b: Excadrill|Protect|p2b: Excadrill\n|-singleturn|p2b: Excadrill|Protect\n|move|p2a: Rotom|Electroweb|p1b: Palafin|[spread] p1a,p1b\n|-resisted|p1a: Dragapult|1\n|-supereffective|p1b: Palafin|1\n|-damage|p1a: Dragapult|33/100\n|-damage|p1b: Palafin|0 fnt\n|faint|p1b: Palafin\n|move|p1a: Dragapult|Dragon Darts|p2a: Rotom\n|-damage|p2a: Rotom|0 fnt\n|faint|p2a: Rotom\n|\n|upkeep\n|turn|9\n|\n|t:|1776546157\n|move|p1a: Dragapult|Will-O-Wisp|p2b: Excadrill\n|-status|p2b: Excadrill|brn\n|move|p2b: Excadrill|Earthquake|p1a: Dragapult\n|-damage|p1a: Dragapult|0 fnt\n|faint|p1a: Dragapult\n|\n|win|enieshobby\n|raw|Tyqe1's rating: 1174 &rarr; <strong>1154</strong><br />(-20 for losing)\n|raw|enieshobby's rating: 1251 &rarr; <strong>1271</strong><br />(+20 for winning)\n|l|\u2606Tyqe1\n|player|p1|\n",
  "uploadtime": 1776546177,
  "views": 11,
  "formatid": "gen9championsvgc2026regma",
  "rating": 1154,
  "private": 0,
  "password": null
}