{
  "id": "gen9championsvgc2026regma-2585326745",
  "format": "[Gen 9 Champions] VGC 2026 Reg M-A",
  "players": [
    "byRebuSs",
    "AskerosoMilwoky"
  ],
  "log": "|j|\u2606byRebuSs\n|j|\u2606AskerosoMilwoky\n|t:|1776338111\n|gametype|doubles\n|player|p1|byRebuSs|2|1000\n|player|p2|AskerosoMilwoky|102|1045\n|gen|9\n|tier|[Gen 9 Champions] VGC 2026 Reg M-A\n|rated|\n|rule|Species Clause: Limit one of each Pok\u00e9mon\n|rule|Item Clause: Limit 1 of each item\n|clearpoke\n|poke|p1|Golurk, L50|\n|poke|p1|Torkoal, L50, M|\n|poke|p1|Sinistcha, L50|\n|poke|p1|Farigiraf, L50, M|\n|poke|p1|Primarina, L50, M|\n|poke|p1|Sneasler, L50, F|\n|poke|p2|Gengar, L50, F|\n|poke|p2|Incineroar, L50, M|\n|poke|p2|Pelipper, L50, F|\n|poke|p2|Alakazam, L50, M|\n|poke|p2|Snorlax, L50, F|\n|poke|p2|Blastoise, L50, F|\n|teampreview|4\nbyRebuSs rejected open team sheets.\n|inactive|Battle timer is ON: inactive players will automatically lose when time's up. (requested by byRebuSs)\n|\n|t:|1776338171\n|teamsize|p1|4\n|teamsize|p2|4\n|start\n|switch|p1a: Primarina|Primarina, L50, M|100/100\n|switch|p1b: Sinistcha|Sinistcha, L50|100/100\n|switch|p2a: Incineroar|Incineroar, L50, M|100/100\n|switch|p2b: Blastoise|Blastoise, L50, F|100/100\n|-ability|p2a: Incineroar|Intimidate|boost\n|-unboost|p1a: Primarina|atk|1\n|-unboost|p1b: Sinistcha|atk|1\n|turn|1\n|\n|t:|1776338192\n|move|p2a: Incineroar|Flare Blitz|p1b: Sinistcha\n|-supereffective|p1b: Sinistcha|1\n|-damage|p1b: Sinistcha|18/100\n|-damage|p2a: Incineroar|75/100|[from] Recoil\n|move|p2b: Blastoise|Dark Pulse|p1b: Sinistcha\n|-supereffective|p1b: Sinistcha|1\n|-damage|p1b: Sinistcha|0 fnt\n|faint|p1b: Sinistcha\n|move|p1a: Primarina|Hyper Voice|p2b: Blastoise|[spread] p2a,p2b\n|-supereffective|p2a: Incineroar|1\n|-resisted|p2b: Blastoise|1\n|-damage|p2a: Incineroar|0 fnt\n|-damage|p2b: Blastoise|81/100\n|faint|p2a: Incineroar\n|\n|upkeep\n|inactive|byRebuSs has 30 seconds left.\n|\n|t:|1776338219\n|switch|p2a: Pelipper|Pelipper, L50, F|100/100\n|switch|p1b: Golurk|Golurk, L50|100/100\n|-weather|RainDance|[from] ability: Drizzle|[of] p2a: Pelipper\n|turn|2\n|\n|t:|1776338234\n|switch|p1a: Torkoal|Torkoal, L50, M|100/100\n|-weather|SunnyDay|[from] ability: Drought|[of] p1a: Torkoal\n|detailschange|p1b: Golurk|Golurk-Mega, L50\n|-mega|p1b: Golurk|Golurk|Golurkite\n|move|p2b: Blastoise|Water Pulse|p1b: Golurk\n|-supereffective|p1b: Golurk|1\n|-damage|p1b: Golurk|79/100\n|move|p2a: Pelipper|Hurricane|p1a: Torkoal|[miss]\n|-miss|p2a: Pelipper|p1a: Torkoal\n|move|p1b: Golurk|Poltergeist|p2b: Blastoise|[miss]\n|-miss|p1b: Golurk|p2b: Blastoise\n|\n|-weather|SunnyDay|[upkeep]\n|upkeep\n|turn|3\n|inactive|byRebuSs has 30 seconds left.\n|inactive|AskerosoMilwoky has 30 seconds left.\n|inactive|byRebuSs has 20 seconds left.\n|\n|t:|1776338274\n|switch|p2a: Snorlax|Snorlax, L50, F|100/100\n|detailschange|p2b: Blastoise|Blastoise-Mega, L50, F\n|-mega|p2b: Blastoise|Blastoise|Blastoisinite\n|move|p2b: Blastoise|Water Pulse|p1a: Torkoal\n|-supereffective|p1a: Torkoal|1\n|-damage|p1a: Torkoal|39/100\n|move|p1b: Golurk|Poltergeist|p2a: Snorlax\n|-immune|p2a: Snorlax\n|move|p1a: Torkoal|Solar Beam||[still]\n|-prepare|p1a: Torkoal|Solar Beam\n|-anim|p1a: Torkoal|Solar Beam|p2b: Blastoise\n|-supereffective|p2b: Blastoise|1\n|-damage|p2b: Blastoise|28/100\n|\n|-weather|SunnyDay|[upkeep]\n|upkeep\n|turn|4\n|inactive|AskerosoMilwoky has 30 seconds left.\n|\n|t:|1776338303\n|switch|p1a: Primarina|Primarina, L50, M|100/100\n|move|p2b: Blastoise|Water Pulse|p1a: Primarina\n|-resisted|p1a: Primarina|1\n|-damage|p1a: Primarina|90/100\n|move|p1b: Golurk|Poltergeist|p2b: Blastoise\n|-activate|p2b: Blastoise|move: Poltergeist|Blastoisinite\n|-damage|p2b: Blastoise|0 fnt\n|faint|p2b: Blastoise\n|move|p2a: Snorlax|Curse|p2a: Snorlax\n|-unboost|p2a: Snorlax|spe|1\n|-boost|p2a: Snorlax|atk|1\n|-boost|p2a: Snorlax|def|1\n|\n|-weather|SunnyDay|[upkeep]\n|upkeep\n|\n|t:|1776338318\n|switch|p2b: Pelipper|Pelipper, L50, F|100/100\n|-weather|RainDance|[from] ability: Drizzle|[of] p2b: Pelipper\n|turn|5\n|\n|t:|1776338337\n|move|p1b: Golurk|Protect|p1b: Golurk\n|-singleturn|p1b: Golurk|Protect\n|move|p2b: Pelipper|Weather Ball|p1b: Golurk\n|-activate|p1b: Golurk|move: Protect\n|move|p1a: Primarina|Hyper Voice|p2b: Pelipper|[spread] p2a,p2b\n|-resisted|p2b: Pelipper|1\n|-damage|p2a: Snorlax|66/100\n|-damage|p2b: Pelipper|65/100\n|move|p2a: Snorlax|Crunch|p1b: Golurk\n|-activate|p1b: Golurk|move: Protect\n|\n|-weather|RainDance|[upkeep]\n|-heal|p2a: Snorlax|72/100|[from] item: Leftovers\n|upkeep\n|turn|6\n|inactive|AskerosoMilwoky has 30 seconds left.\n|\n|t:|1776338363\n|switch|p1b: Torkoal|Torkoal, L50, M|39/100\n|-weather|SunnyDay|[from] ability: Drought|[of] p1b: Torkoal\n|move|p2b: Pelipper|Tailwind|p2b: Pelipper\n|-sidestart|p2: AskerosoMilwoky|move: Tailwind\n|move|p1a: Primarina|Moonblast|p2b: Pelipper\n|-damage|p2b: Pelipper|8/100\n|move|p2a: Snorlax|Body Slam|p1a: Primarina\n|-damage|p1a: Primarina|30/100\n|\n|-weather|SunnyDay|[upkeep]\n|-heal|p2a: Snorlax|78/100|[from] item: Leftovers\n|upkeep\n|turn|7\n|inactive|AskerosoMilwoky has 30 seconds left.\n|\n|t:|1776338397\n|move|p1a: Primarina|Protect|p1a: Primarina\n|-singleturn|p1a: Primarina|Protect\n|move|p1b: Torkoal|Protect|p1b: Torkoal\n|-singleturn|p1b: Torkoal|Protect\n|move|p2b: Pelipper|Tailwind||[still]\n|-fail|p2b: Pelipper\n|move|p2a: Snorlax|Body Slam|p1a: Primarina\n|-activate|p1a: Primarina|move: Protect\n|\n|-weather|SunnyDay|[upkeep]\n|-heal|p2a: Snorlax|84/100|[from] item: Leftovers\n|upkeep\n|turn|8\n|\n|t:|1776338419\n|move|p2b: Pelipper|Hurricane|p1b: Torkoal\n|-damage|p1b: Torkoal|0 fnt\n|faint|p1b: Torkoal\n|move|p1a: Primarina|Dazzling Gleam|p2b: Pelipper|[spread] p2a,p2b\n|-damage|p2a: Snorlax|66/100\n|-damage|p2b: Pelipper|0 fnt\n|faint|p2b: Pelipper\n|move|p2a: Snorlax|Body Slam|p1a: Primarina\n|-damage|p1a: Primarina|0 fnt\n|faint|p1a: Primarina\n|\n|-weather|SunnyDay|[upkeep]\n|-heal|p2a: Snorlax|72/100|[from] item: Leftovers\n|upkeep\n|\n|t:|1776338430\n|switch|p1b: Golurk|Golurk-Mega, L50|79/100\n|turn|9\n|\n|t:|1776338449\n|move|p1b: Golurk|Headlong Rush|p2a: Snorlax\n|-damage|p2a: Snorlax|30/100\n|-unboost|p1b: Golurk|def|1\n|-unboost|p1b: Golurk|spd|1\n|move|p2a: Snorlax|Curse|p2a: Snorlax\n|-unboost|p2a: Snorlax|spe|1\n|-boost|p2a: Snorlax|atk|1\n|-boost|p2a: Snorlax|def|1\n|\n|-weather|SunnyDay|[upkeep]\n|-heal|p2a: Snorlax|36/100|[from] item: Leftovers\n|-sideend|p2: AskerosoMilwoky|move: Tailwind\n|upkeep\n|turn|10\n|\n|t:|1776338465\n|move|p1b: Golurk|Headlong Rush|p2a: Snorlax\n|-damage|p2a: Snorlax|7/100\n|-unboost|p1b: Golurk|def|1\n|-unboost|p1b: Golurk|spd|1\n|move|p2a: Snorlax|Crunch|p1b: Golurk\n|-supereffective|p1b: Golurk|1\n|-damage|p1b: Golurk|0 fnt\n|faint|p1b: Golurk\n|\n|win|AskerosoMilwoky\n|raw|byRebuSs's rating: 1000 &rarr; <strong>1000</strong><br />(+0 for losing)\n|raw|AskerosoMilwoky's rating: 1045 &rarr; <strong>1074</strong><br />(+29 for winning)\n|l|\u2606AskerosoMilwoky\n|player|p2|\n|l|\u2606byRebuSs\n|player|p1|\n|j|\u2606AskerosoMilwoky\n|player|p2|AskerosoMilwoky|102|\n",
  "uploadtime": 1776338739,
  "views": 22,
  "formatid": "gen9championsvgc2026regma",
  "rating": 1000,
  "private": 0,
  "password": null
}