{
  "id": "gen9championsvgc2026regma-2581022977",
  "format": "[Gen 9 Champions] VGC 2026 Reg M-A",
  "players": [
    "hyrosh x",
    "blacktealemonade"
  ],
  "log": "|j|\u2606hyrosh x\n|j|\u2606blacktealemonade\n|t:|1775952630\n|gametype|doubles\n|player|p1|hyrosh x|benga|1048\n|player|p2|blacktealemonade|102|1058\n|gen|9\n|tier|[Gen 9 Champions] VGC 2026 Reg M-A\n|rated|\n|rule|Species Clause: Limit one of each Pok\u00e9mon\n|rule|Item Clause: Limit 1 of each item\n|clearpoke\n|poke|p1|Pelipper, L50, F|\n|poke|p1|Archaludon, L50, F|\n|poke|p1|Dragonite, L50, M|\n|poke|p1|Lucario, L50, M|\n|poke|p1|Basculegion, L50, M|\n|poke|p1|Sylveon, L50, M|\n|poke|p2|Delphox, L50, F|\n|poke|p2|Clefable, L50, M|\n|poke|p2|Sneasler, L50, F|\n|poke|p2|Kingambit, L50, F|\n|poke|p2|Dragonite, L50, F|\n|poke|p2|Basculegion, L50, M|\n|teampreview|4\n|inactive|Battle timer is ON: inactive players will automatically lose when time's up. (requested by hyrosh x)\nblacktealemonade rejected open team sheets.\n|inactive|hyrosh x has 60 seconds left.\n|inactive|hyrosh x has 30 seconds left.\n|inactive|hyrosh x has 20 seconds left.\n|inactive|hyrosh x has 15 seconds left.\n|inactive|hyrosh x has 10 seconds left.\n|\n|t:|1775952716\n|teamsize|p1|4\n|teamsize|p2|4\n|start\n|switch|p1a: Lucario|Lucario, L50, M, shiny|100/100\n|switch|p1b: Sylveon|Sylveon, L50, M, shiny|100/100\n|switch|p2a: Sneasler|Sneasler, L50, F|100/100\n|switch|p2b: Clefable|Clefable, L50, M|100/100\n|turn|1\n|inactive|blacktealemonade has 30 seconds left.\n|\n|t:|1775952742\n|move|p1a: Lucario|Protect|p1a: Lucario\n|-singleturn|p1a: Lucario|Protect\n|move|p2a: Sneasler|Fake Out|p1b: Sylveon\n|-damage|p1b: Sylveon|86/100\n|move|p2b: Clefable|Moonblast|p1a: Lucario\n|-activate|p1a: Lucario|move: Protect\n|cant|p1b: Sylveon|flinch\n|\n|upkeep\n|turn|2\n|\n|t:|1775952763\n|detailschange|p1a: Lucario|Lucario-Mega, L50, M, shiny\n|-mega|p1a: Lucario|Lucario|Lucarionite\n|move|p2a: Sneasler|Close Combat|p1a: Lucario\n|-supereffective|p1a: Lucario|1\n|-damage|p1a: Lucario|0 fnt\n|-unboost|p2a: Sneasler|def|1\n|-unboost|p2a: Sneasler|spd|1\n|faint|p1a: Lucario\n|move|p1b: Sylveon|Hyper Voice|p2b: Clefable|[spread] p2a,p2b\n|-damage|p2a: Sneasler|13/100\n|-damage|p2b: Clefable|56/100\n|move|p2b: Clefable|Moonblast|p1b: Sylveon\n|-damage|p1b: Sylveon|65/100\n|\n|upkeep\n|\n|t:|1775952769\n|switch|p1a: Dragonite|Dragonite, L50, M, shiny|100/100\n|turn|3\n|\n|t:|1775952781\n|switch|p1b: Archaludon|Archaludon, L50, F|100/100\n|move|p2b: Clefable|Follow Me|p2b: Clefable\n|-singleturn|p2b: Clefable|move: Follow Me\n|move|p2a: Sneasler|Dire Claw|p1b: Archaludon\n|-immune|p1b: Archaludon\n|move|p1a: Dragonite|Icy Wind|p2b: Clefable|[spread] p2a,p2b\n|-damage|p2a: Sneasler|0 fnt\n|-damage|p2b: Clefable|44/100\n|-unboost|p2b: Clefable|spe|1\n|-enditem|p2b: Clefable|Sitrus Berry|[eat]\n|-heal|p2b: Clefable|69/100|[from] item: Sitrus Berry\n|faint|p2a: Sneasler\n|\n|upkeep\n|\n|t:|1775952801\n|switch|p2a: Kingambit|Kingambit, L50, F|100/100\n|turn|4\n|\n|t:|1775952813\n|move|p1a: Dragonite|Hurricane|p2a: Kingambit|[miss]\n|-miss|p1a: Dragonite|p2a: Kingambit\n|move|p1b: Archaludon|Flash Cannon|p2b: Clefable\n|-supereffective|p2b: Clefable|1\n|-damage|p2b: Clefable|14/100\n|move|p2a: Kingambit|Kowtow Cleave|p1b: Archaludon\n|-damage|p1b: Archaludon|61/100\n|-ability|p1b: Archaludon|Stamina|boost\n|-boost|p1b: Archaludon|def|1\n|move|p2b: Clefable|Moonblast|p1a: Dragonite\n|-supereffective|p1a: Dragonite|1\n|-damage|p1a: Dragonite|35/100\n|\n|-heal|p1b: Archaludon|67/100|[from] item: Leftovers\n|upkeep\n|turn|5\n|\n|t:|1775952829\n|move|p1a: Dragonite|Extreme Speed|p2b: Clefable\n|-damage|p2b: Clefable|0 fnt\n|faint|p2b: Clefable\n|move|p2a: Kingambit|Sucker Punch||[still]\n|-fail|p2a: Kingambit\n|move|p1b: Archaludon|Electro Shot||[still]\n|-prepare|p1b: Archaludon|Electro Shot\n|-boost|p1b: Archaludon|spa|1\n|\n|-heal|p1b: Archaludon|73/100|[from] item: Leftovers\n|upkeep\n|\n|t:|1775952839\n|switch|p2b: Basculegion|Basculegion, L50, M|100/100\n|turn|6\n|\n|t:|1775952850\n|switch|p1a: Sylveon|Sylveon, L50, M, shiny|65/100\n|move|p2b: Basculegion|Last Respects|p1b: Archaludon\n|-damage|p1b: Archaludon|24/100\n|-ability|p1b: Archaludon|Stamina|boost\n|-boost|p1b: Archaludon|def|1\n|move|p1b: Archaludon|Electro Shot|p2a: Kingambit|[from] lockedmove\n|-crit|p2a: Kingambit\n|-damage|p2a: Kingambit|33/100\n|move|p2a: Kingambit|Kowtow Cleave|p1a: Sylveon\n|-resisted|p1a: Sylveon|1\n|-damage|p1a: Sylveon|34/100\n|\n|-heal|p1b: Archaludon|30/100|[from] item: Leftovers\n|upkeep\n|turn|7\n|inactive|hyrosh x has 30 seconds left.\n|\n|t:|1775952878\n|move|p2a: Kingambit|Sucker Punch|p1b: Archaludon\n|-damage|p1b: Archaludon|11/100\n|-ability|p1b: Archaludon|Stamina|boost\n|-boost|p1b: Archaludon|def|1\n|move|p2b: Basculegion|Last Respects|p1b: Archaludon\n|-damage|p1b: Archaludon|0 fnt\n|faint|p1b: Archaludon\n|move|p1a: Sylveon|Hyper Voice|p2a: Kingambit|[spread] p2a,p2b\n|-damage|p2a: Kingambit|0 fnt\n|-damage|p2b: Basculegion|53/100\n|faint|p2a: Kingambit\n|\n|upkeep\n|\n|t:|1775952885\n|switch|p1b: Dragonite|Dragonite, L50, M, shiny|35/100\n|turn|8\n|\n|t:|1775952892\n|move|p2b: Basculegion|Last Respects|p1a: Sylveon\n|-damage|p1a: Sylveon|0 fnt\n|faint|p1a: Sylveon\n|move|p1b: Dragonite|Draco Meteor|p2b: Basculegion\n|-damage|p2b: Basculegion|0 fnt\n|-unboost|p1b: Dragonite|spa|2\n|faint|p2b: Basculegion\n|\n|win|hyrosh x\n|raw|hyrosh x's rating: 1048 &rarr; <strong>1082</strong><br />(+34 for winning)\n|raw|blacktealemonade's rating: 1058 &rarr; <strong>1039</strong><br />(-19 for losing)\n|l|\u2606blacktealemonade\n|player|p2|\n",
  "uploadtime": 1775952908,
  "views": 18,
  "formatid": "gen9championsvgc2026regma",
  "rating": 1039,
  "private": 0,
  "password": null
}