{
  "id": "gen9championsvgc2026regma-2586850499",
  "format": "[Gen 9 Champions] VGC 2026 Reg M-A",
  "players": [
    "SirQuagolot",
    "LightJKookie"
  ],
  "log": "|j|\u2606SirQuagolot\n|j|\u2606LightJKookie\n|t:|1776465240\n|gametype|doubles\n|player|p1|SirQuagolot|102|1088\n|player|p2|LightJKookie|brycen|1001\n|gen|9\n|tier|[Gen 9 Champions] VGC 2026 Reg M-A\n|rated|\n|rule|Species Clause: Limit one of each Pok\u00e9mon\n|rule|Item Clause: Limit 1 of each item\n|clearpoke\n|poke|p1|Delphox, L50, M|\n|poke|p1|Garchomp, L50, M|\n|poke|p1|Incineroar, L50, M|\n|poke|p1|Archaludon, L50, M|\n|poke|p1|Aerodactyl, L50, F|\n|poke|p1|Sneasler, L50, M|\n|poke|p2|Gengar, L50, F|\n|poke|p2|Primarina, L50, F|\n|poke|p2|Incineroar, L50, M|\n|poke|p2|Sneasler, L50, F|\n|poke|p2|Aerodactyl, L50, M|\n|poke|p2|Farigiraf, L50, F|\n|teampreview|4\nLightJKookie has agreed to open team sheets.\n|\n|t:|1776465277\n|teamsize|p1|4\n|teamsize|p2|4\n|start\n|switch|p1a: Sneasler|Sneasler, L50, M|100/100\n|switch|p1b: Aerodactyl|Aerodactyl, L50, F|100/100\n|switch|p2a: Sneasler|Sneasler, L50, F|100/100\n|switch|p2b: Aerodactyl|Aerodactyl, L50, M|100/100\n|-ability|p1b: Aerodactyl|Unnerve\n|-ability|p2b: Aerodactyl|Unnerve\n|turn|1\n|c|\u2606SirQuagolot|umm\n|c|\u2606LightJKookie|I see we\u2019re at a standstill\n|\n|t:|1776465346\n|move|p2b: Aerodactyl|Protect|p2b: Aerodactyl\n|-singleturn|p2b: Aerodactyl|Protect\n|move|p1a: Sneasler|Fake Out|p2b: Aerodactyl\n|-activate|p2b: Aerodactyl|move: Protect\n|move|p2a: Sneasler|Fake Out|p1b: Aerodactyl\n|-resisted|p1b: Aerodactyl|1\n|-damage|p1b: Aerodactyl|89/100\n|cant|p1b: Aerodactyl|flinch\n|\n|upkeep\n|turn|2\n|\n|t:|1776465370\n|move|p1b: Aerodactyl|Dual Wingbeat|p2a: Sneasler\n|-supereffective|p2a: Sneasler|1\n|-damage|p2a: Sneasler|31/100\n|-supereffective|p2a: Sneasler|1\n|-damage|p2a: Sneasler|0 fnt\n|faint|p2a: Sneasler\n|-hitcount|p2: Sneasler|2\n|move|p2b: Aerodactyl|Tailwind|p2b: Aerodactyl\n|-sidestart|p2: LightJKookie|move: Tailwind\n|move|p1a: Sneasler|Close Combat|p2b: Aerodactyl\n|-damage|p2b: Aerodactyl|4/100\n|-unboost|p1a: Sneasler|def|1\n|-unboost|p1a: Sneasler|spd|1\n|-enditem|p1a: Sneasler|White Herb\n|-clearnegativeboost|p1a: Sneasler|[silent]\n|\n|upkeep\n|\n|t:|1776465387\n|switch|p2a: Primarina|Primarina, L50, F|100/100\n|turn|3\n|\n|t:|1776465399\n|move|p2b: Aerodactyl|Dual Wingbeat|p1a: Sneasler\n|-supereffective|p1a: Sneasler|1\n|-damage|p1a: Sneasler|45/100\n|-supereffective|p1a: Sneasler|1\n|-crit|p1a: Sneasler\n|-damage|p1a: Sneasler|0 fnt\n|faint|p1a: Sneasler\n|-hitcount|p1: Sneasler|2\n|move|p1b: Aerodactyl|Tailwind|p1b: Aerodactyl\n|-sidestart|p1: SirQuagolot|move: Tailwind\n|move|p2a: Primarina|Hyper Voice|p1b: Aerodactyl\n|-supereffective|p1b: Aerodactyl|1\n|-damage|p1b: Aerodactyl|0 fnt\n|faint|p1b: Aerodactyl\n|\n|upkeep\n|\n|t:|1776465411\n|switch|p1b: Garchomp|Garchomp, L50, M|100/100\n|switch|p1a: Delphox|Delphox, L50, M|100/100\n|turn|4\n|\n|t:|1776465443\n|detailschange|p1a: Delphox|Delphox-Mega, L50, M\n|-mega|p1a: Delphox|Delphox|Delphoxite\n|move|p1b: Garchomp|Earthquake|p2b: Aerodactyl|[spread] p2a\n|-immune|p1a: Delphox|[from] ability: Levitate\n|-immune|p2b: Aerodactyl\n|-damage|p2a: Primarina|48/100\n|move|p1a: Delphox|Psychic|p2a: Primarina\n|-damage|p2a: Primarina|2/100\n|move|p2b: Aerodactyl|Rock Slide|p1a: Delphox|[spread] p1a,p1b\n|-supereffective|p1a: Delphox|1\n|-resisted|p1b: Garchomp|1\n|-damage|p1a: Delphox|8/100\n|-damage|p1b: Garchomp|89/100\n|move|p2a: Primarina|Icy Wind|p1a: Delphox|[spread] p1a,p1b\n|-resisted|p1a: Delphox|1\n|-supereffective|p1b: Garchomp|2\n|-damage|p1a: Delphox|0 fnt\n|-damage|p1b: Garchomp|23/100\n|-unboost|p1b: Garchomp|spe|1\n|faint|p1a: Delphox\n|\n|upkeep\n|turn|5\n|c|\u2606SirQuagolot|this is rigged\n|-message|SirQuagolot forfeited.\n|\n|win|LightJKookie\n|raw|SirQuagolot's rating: 1088 &rarr; <strong>1059</strong><br />(-29 for losing)\n|raw|LightJKookie's rating: 1001 &rarr; <strong>1051</strong><br />(+50 for winning)\n|l|\u2606SirQuagolot\n|player|p1|\n|c|\u2606LightJKookie|Gg\n",
  "uploadtime": 1776465476,
  "views": 23,
  "formatid": "gen9championsvgc2026regma",
  "rating": 1051,
  "private": 0,
  "password": null
}