{
  "id": "gen9championsvgc2026regma-2589453785",
  "format": "[Gen 9 Champions] VGC 2026 Reg M-A",
  "players": [
    "Warehouse User",
    "Q8Q8"
  ],
  "log": "|j|\u2606Warehouse User\n|j|\u2606Q8Q8\n|t:|1776724340\n|gametype|doubles\n|player|p1|Warehouse User|265|1092\n|player|p2|Q8Q8|266|1065\n|gen|9\n|tier|[Gen 9 Champions] VGC 2026 Reg M-A\n|rated|\n|rule|Species Clause: Limit one of each Pok\u00e9mon\n|rule|Item Clause: Limit 1 of each item\n|clearpoke\n|poke|p1|Aegislash, L50, F|\n|poke|p1|Maushold-Four, L50|\n|poke|p1|Azumarill, L50, F|\n|poke|p1|Whimsicott, L50, F|\n|poke|p1|Glimmora, L50, M|\n|poke|p1|Infernape, L50, F|\n|poke|p2|Scizor, L50, M|\n|poke|p2|Pelipper, L50, M|\n|poke|p2|Archaludon, L50, M|\n|poke|p2|Meganium, L50, M|\n|poke|p2|Basculegion, L50, M|\n|poke|p2|Meowstic, L50, M|\n|teampreview|4\n|\n|t:|1776724373\n|teamsize|p1|4\n|teamsize|p2|4\n|start\n|switch|p1a: Infernape|Infernape, L50, F|100/100\n|switch|p1b: Azumarill|Azumarill, L50, F|100/100\n|switch|p2a: Pelipper|Pelipper, L50, M|100/100\n|switch|p2b: Archaludon|Archaludon, L50, M|100/100\n|-weather|RainDance|[from] ability: Drizzle|[of] p2a: Pelipper\n|turn|1\n|inactive|Battle timer is ON: inactive players will automatically lose when time's up. (requested by Warehouse User)\n|\n|t:|1776724403\n|switch|p1b: Glimmora|Glimmora, L50, M|100/100\n|move|p1a: Infernape|Fake Out|p2a: Pelipper\n|-damage|p2a: Pelipper|89/100\n|move|p2b: Archaludon|Electro Shot||[still]\n|-prepare|p2b: Archaludon|Electro Shot\n|-boost|p2b: Archaludon|spa|1\n|-anim|p2b: Archaludon|Electro Shot|p1b: Glimmora\n|-damage|p1b: Glimmora|31/100\n|cant|p2a: Pelipper|flinch\n|\n|-weather|RainDance|[upkeep]\n|upkeep\n|turn|2\n|\n|t:|1776724426\n|detailschange|p1b: Glimmora|Glimmora-Mega, L50, M\n|-mega|p1b: Glimmora|Glimmora|Glimmoranite\n|move|p2b: Archaludon|Protect|p2b: Archaludon\n|-singleturn|p2b: Archaludon|Protect\n|move|p1a: Infernape|Close Combat|p2b: Archaludon\n|-activate|p2b: Archaludon|move: Protect\n|move|p1b: Glimmora|Power Gem|p2a: Pelipper\n|-supereffective|p2a: Pelipper|1\n|-damage|p2a: Pelipper|0 fnt\n|faint|p2a: Pelipper\n|\n|-weather|RainDance|[upkeep]\n|upkeep\n|\n|t:|1776724438\n|switch|p2a: Basculegion|Basculegion, L50, M|100/100\n|turn|3\n|\n|t:|1776724452\n|move|p1b: Glimmora|Spiky Shield|p1b: Glimmora\n|-singleturn|p1b: Glimmora|move: Protect\n|move|p2a: Basculegion|Aqua Jet|p1b: Glimmora\n|-activate|p1b: Glimmora|move: Protect\n|-damage|p2a: Basculegion|88/100|[from] Spiky Shield|[of] p1b: Glimmora\n|move|p2b: Archaludon|Electro Shot||[still]\n|-prepare|p2b: Archaludon|Electro Shot\n|-boost|p2b: Archaludon|spa|1\n|-anim|p2b: Archaludon|Electro Shot|p1a: Infernape\n|-damage|p1a: Infernape|0 fnt\n|faint|p1a: Infernape\n|\n|-weather|RainDance|[upkeep]\n|upkeep\n|\n|t:|1776724472\n|switch|p1a: Maushold|Maushold-Four, L50|100/100\n|turn|4\n|\n|t:|1776724483\n|move|p1a: Maushold|Follow Me|p1a: Maushold\n|-singleturn|p1a: Maushold|move: Follow Me\n|move|p2a: Basculegion|Aqua Jet|p1a: Maushold\n|-damage|p1a: Maushold|64/100\n|move|p1b: Glimmora|Earth Power|p2b: Archaludon\n|-supereffective|p2b: Archaludon|1\n|-damage|p2b: Archaludon|35/100\n|move|p2b: Archaludon|Electro Shot||[still]\n|-prepare|p2b: Archaludon|Electro Shot\n|-boost|p2b: Archaludon|spa|1\n|-anim|p2b: Archaludon|Electro Shot|p1a: Maushold\n|-damage|p1a: Maushold|0 fnt\n|faint|p1a: Maushold\n|\n|-weather|RainDance|[upkeep]\n|-heal|p2b: Archaludon|41/100|[from] item: Leftovers\n|upkeep\n|\n|t:|1776724491\n|switch|p1a: Azumarill|Azumarill, L50, F|100/100\n|turn|5\n|\n|t:|1776724510\n|move|p1a: Azumarill|Protect|p1a: Azumarill\n|-singleturn|p1a: Azumarill|Protect\n|move|p2a: Basculegion|Aqua Jet|p1b: Glimmora\n|-supereffective|p1b: Glimmora|1\n|-damage|p1b: Glimmora|0 fnt\n|faint|p1b: Glimmora\n|move|p2b: Archaludon|Electro Shot||[still]\n|-prepare|p2b: Archaludon|Electro Shot\n|-boost|p2b: Archaludon|spa|1\n|-anim|p2b: Archaludon|Electro Shot|p1a: Azumarill\n|-activate|p1a: Azumarill|move: Protect\n|\n|-weather|none\n|-heal|p2b: Archaludon|47/100|[from] item: Leftovers\n|upkeep\n|turn|6\n|\n|t:|1776724533\n|move|p1a: Azumarill|Aqua Jet|p2b: Archaludon\n|-resisted|p2b: Archaludon|1\n|-damage|p2b: Archaludon|38/100\n|move|p2a: Basculegion|Last Respects|p1a: Azumarill\n|-damage|p1a: Azumarill|45/100\n|-enditem|p1a: Azumarill|Sitrus Berry|[eat]\n|-heal|p1a: Azumarill|70/100|[from] item: Sitrus Berry\n|move|p2b: Archaludon|Flash Cannon|p1a: Azumarill\n|-damage|p1a: Azumarill|0 fnt\n|faint|p1a: Azumarill\n|\n|win|Q8Q8\n|raw|Warehouse User's rating: 1092 &rarr; <strong>1066</strong><br />(-26 for losing)\n|raw|Q8Q8's rating: 1065 &rarr; <strong>1098</strong><br />(+33 for winning)\n",
  "uploadtime": 1776724539,
  "views": 3,
  "formatid": "gen9championsvgc2026regma",
  "rating": 1066,
  "private": 0,
  "password": null
}