{
  "id": "gen9championsvgc2026regma-2587394618",
  "format": "[Gen 9 Champions] VGC 2026 Reg M-A",
  "players": [
    "plume_feng",
    "lolgz"
  ],
  "log": "|j|\u2606plume_feng\n|j|\u2606lolgz\n|t:|1776528200\n|gametype|doubles\n|player|p1|plume_feng|n|1452\n|player|p2|lolgz|dawn|1419\n|gen|9\n|tier|[Gen 9 Champions] VGC 2026 Reg M-A\n|rated|\n|rule|Species Clause: Limit one of each Pok\u00e9mon\n|rule|Item Clause: Limit 1 of each item\n|clearpoke\n|poke|p1|Lucario, L50, F, shiny|\n|poke|p1|Dragonite, L50, F|\n|poke|p1|Pelipper, L50, F, shiny|\n|poke|p1|Basculegion, L50, M, shiny|\n|poke|p1|Archaludon, L50, F, shiny|\n|poke|p1|Kingambit, L50, F|\n|poke|p2|Charizard, L50, M|\n|poke|p2|Basculegion, L50, M|\n|poke|p2|Garchomp, L50, M|\n|poke|p2|Floette-Eternal, L50, F|\n|poke|p2|Aerodactyl, L50, F|\n|poke|p2|Sinistcha, L50|\n|teampreview|4\n|inactive|Battle timer is ON: inactive players will automatically lose when time's up. (requested by plume_feng)\n|j| GentleH\n|l| GentleH\n|inactive|lolgz has 60 seconds left.\n|j| GentleH\n|l| GentleH\n|\n|t:|1776528261\n|teamsize|p1|4\n|teamsize|p2|4\n|start\n|switch|p1a: nyamu|Basculegion, L50, M, shiny|100/100\n|switch|p1b: U1ka|Lucario, L50, F, shiny|100/100\n|switch|p2a: Aerodactyl|Aerodactyl, L50, F|100/100\n|switch|p2b: Garchomp|Garchomp, L50, M|100/100\n|-ability|p2a: Aerodactyl|Unnerve\n|turn|1\n|\n|t:|1776528275\n|switch|p1a: mutsum1|Pelipper, L50, F, shiny|100/100\n|-weather|RainDance|[from] ability: Drizzle|[of] p1a: mutsum1\n|move|p1b: U1ka|Protect|p1b: U1ka\n|-singleturn|p1b: U1ka|Protect\n|move|p2a: Aerodactyl|Tailwind|p2a: Aerodactyl\n|-sidestart|p2: lolgz|move: Tailwind\n|move|p2b: Garchomp|Earthquake|p1a: mutsum1|[spread] \n|-activate|p1b: U1ka|move: Protect\n|-immune|p2a: Aerodactyl\n|-immune|p1a: mutsum1\n|\n|-weather|RainDance|[upkeep]\n|upkeep\n|turn|2\n|\n|t:|1776528287\n|detailschange|p1b: U1ka|Lucario-Mega, L50, F, shiny\n|-mega|p1b: U1ka|Lucario|Lucarionite\n|move|p1a: mutsum1|Wide Guard|p1a: mutsum1\n|-singleturn|p1a: mutsum1|Wide Guard\n|move|p2a: Aerodactyl|Dual Wingbeat|p1b: U1ka|[miss]\n|-miss|p2a: Aerodactyl|p1b: U1ka\n|move|p2b: Garchomp|Rock Slide|p1b: U1ka|[spread] \n|-activate|p1a: mutsum1|move: Wide Guard\n|-activate|p1b: U1ka|move: Wide Guard\n|move|p1b: U1ka|Ice Punch|p2b: Garchomp\n|-supereffective|p2b: Garchomp|2\n|-damage|p2b: Garchomp|0 fnt\n|-damage|p1b: U1ka|88/100|[from] ability: Rough Skin|[of] p2b: Garchomp\n|faint|p2b: Garchomp\n|\n|-weather|RainDance|[upkeep]\n|upkeep\n|\n|t:|1776528296\n|switch|p2b: Charizard|Charizard, L50, M|100/100\n|turn|3\n|inactive|lolgz has 30 seconds left.\n|\n|t:|1776528329\n|switch|p1b: sak1ko|Archaludon, L50, F, shiny|100/100\n|switch|p1a: nyamu|Basculegion, L50, M, shiny|100/100\n|detailschange|p2b: Charizard|Charizard-Mega-Y, L50, M\n|-mega|p2b: Charizard|Charizard|Charizardite Y\n|-weather|SunnyDay|[from] ability: Drought|[of] p2b: Charizard\n|move|p2a: Aerodactyl|Rock Slide|p1b: sak1ko|[spread] p1a,p1b\n|-resisted|p1b: sak1ko|1\n|-damage|p1a: nyamu|72/100\n|-damage|p1b: sak1ko|92/100\n|-ability|p1b: sak1ko|Stamina|boost\n|-boost|p1b: sak1ko|def|1\n|move|p2b: Charizard|Air Slash|p1b: sak1ko\n|-resisted|p1b: sak1ko|1\n|-crit|p1b: sak1ko\n|-damage|p1b: sak1ko|54/100\n|-ability|p1b: sak1ko|Stamina|boost\n|-boost|p1b: sak1ko|def|1\n|\n|-weather|SunnyDay|[upkeep]\n|-heal|p1b: sak1ko|60/100|[from] item: Leftovers\n|upkeep\n|turn|4\n|\n|t:|1776528353\n|switch|p2b: Sinistcha|Sinistcha, L50|100/100\n|switch|p1a: mutsum1|Pelipper, L50, F, shiny|100/100\n|-weather|RainDance|[from] ability: Drizzle|[of] p1a: mutsum1\n|move|p2a: Aerodactyl|Rock Slide|p1a: mutsum1|[spread] p1a,p1b\n|-supereffective|p1a: mutsum1|1\n|-resisted|p1b: sak1ko|1\n|-damage|p1a: mutsum1|35/100\n|-damage|p1b: sak1ko|56/100\n|-ability|p1b: sak1ko|Stamina|boost\n|-boost|p1b: sak1ko|def|1\n|move|p1b: sak1ko|Electro Shot||[still]\n|-prepare|p1b: sak1ko|Electro Shot\n|-boost|p1b: sak1ko|spa|1\n|-anim|p1b: sak1ko|Electro Shot|p2b: Sinistcha\n|-resisted|p2b: Sinistcha|1\n|-damage|p2b: Sinistcha|68/100\n|\n|-weather|RainDance|[upkeep]\n|-heal|p1b: sak1ko|62/100|[from] item: Leftovers\n|-sideend|p2: lolgz|move: Tailwind\n|upkeep\n|turn|5\n|inactive|plume_feng has 30 seconds left.\n|\n|t:|1776528379\n|switch|p1a: nyamu|Basculegion, L50, M, shiny|72/100\n|move|p2a: Aerodactyl|Dual Wingbeat|p1a: nyamu\n|-damage|p1a: nyamu|50/100\n|-damage|p1a: nyamu|30/100\n|-hitcount|p1a: nyamu|2\n|move|p1b: sak1ko|Electro Shot||[still]\n|-prepare|p1b: sak1ko|Electro Shot\n|-boost|p1b: sak1ko|spa|1\n|-anim|p1b: sak1ko|Electro Shot|p2a: Aerodactyl\n|-supereffective|p2a: Aerodactyl|1\n|-enditem|p2a: Aerodactyl|Focus Sash\n|-damage|p2a: Aerodactyl|1/100\n|move|p2b: Sinistcha|Shadow Ball|p1b: sak1ko\n|-damage|p1b: sak1ko|23/100\n|-ability|p1b: sak1ko|Stamina|boost\n|-boost|p1b: sak1ko|def|1\n|\n|-weather|RainDance|[upkeep]\n|-heal|p1b: sak1ko|29/100|[from] item: Leftovers\n|upkeep\n|turn|6\n|\n|t:|1776528404\n|move|p2b: Sinistcha|Rage Powder|p2b: Sinistcha\n|-singleturn|p2b: Sinistcha|move: Rage Powder\n|move|p1a: nyamu|Aqua Jet|p2b: Sinistcha\n|-resisted|p2b: Sinistcha|1\n|-damage|p2b: Sinistcha|56/100\n|move|p2a: Aerodactyl|Tailwind|p2a: Aerodactyl\n|-sidestart|p2: lolgz|move: Tailwind\n|move|p1b: sak1ko|Flash Cannon|p2b: Sinistcha\n|-damage|p2b: Sinistcha|0 fnt\n|faint|p2b: Sinistcha\n|\n|-weather|RainDance|[upkeep]\n|-heal|p1b: sak1ko|36/100|[from] item: Leftovers\n|upkeep\n|\n|t:|1776528411\n|switch|p2b: Charizard|Charizard-Mega-Y, L50, M|100/100\n|-weather|SunnyDay|[from] ability: Drought|[of] p2b: Charizard\n|turn|7\n|inactive|plume_feng has 30 seconds left.\n|\n|t:|1776528439\n|switch|p1a: mutsum1|Pelipper, L50, F, shiny|35/100\n|-weather|RainDance|[from] ability: Drizzle|[of] p1a: mutsum1\n|move|p2a: Aerodactyl|Protect|p2a: Aerodactyl\n|-singleturn|p2a: Aerodactyl|Protect\n|move|p1b: sak1ko|Protect|p1b: sak1ko\n|-singleturn|p1b: sak1ko|Protect\n|move|p2b: Charizard|Heat Wave|p1a: mutsum1|[spread] \n|-activate|p1b: sak1ko|move: Protect\n|-miss|p2b: Charizard|p1a: mutsum1\n|\n|-weather|RainDance|[upkeep]\n|-heal|p1b: sak1ko|42/100|[from] item: Leftovers\n|upkeep\n|turn|8\n|\n|t:|1776528456\n|move|p2b: Charizard|Protect|p2b: Charizard\n|-singleturn|p2b: Charizard|Protect\n|move|p1a: mutsum1|Wide Guard|p1a: mutsum1\n|-singleturn|p1a: mutsum1|Wide Guard\n|move|p2a: Aerodactyl|Dual Wingbeat|p1a: mutsum1\n|-damage|p1a: mutsum1|11/100\n|-damage|p1a: mutsum1|0 fnt\n|faint|p1a: mutsum1\n|-hitcount|p1: mutsum1|2\n|move|p1b: sak1ko|Electro Shot||[still]\n|-prepare|p1b: sak1ko|Electro Shot\n|-boost|p1b: sak1ko|spa|1\n|-anim|p1b: sak1ko|Electro Shot|p2b: Charizard\n|-activate|p2b: Charizard|move: Protect\n|\n|-weather|RainDance|[upkeep]\n|-heal|p1b: sak1ko|48/100|[from] item: Leftovers\n|upkeep\n|\n|t:|1776528458\n|switch|p1a: nyamu|Basculegion, L50, M, shiny|30/100\n|turn|9\n|\n|t:|1776528482\n|switch|p1a: U1ka|Lucario-Mega, L50, F, shiny|88/100\n|move|p2a: Aerodactyl|Protect|p2a: Aerodactyl\n|-singleturn|p2a: Aerodactyl|Protect\n|move|p2b: Charizard|Heat Wave|p1b: sak1ko|[spread] p1a,p1b\n|-supereffective|p1a: U1ka|1\n|-damage|p1a: U1ka|26/100\n|-damage|p1b: sak1ko|24/100\n|-ability|p1b: sak1ko|Stamina|boost\n|-boost|p1b: sak1ko|def|1\n|move|p1b: sak1ko|Electro Shot||[still]\n|-prepare|p1b: sak1ko|Electro Shot\n|-boost|p1b: sak1ko|spa|1\n|-anim|p1b: sak1ko|Electro Shot|p2b: Charizard\n|-supereffective|p2b: Charizard|1\n|-damage|p2b: Charizard|0 fnt\n|faint|p2b: Charizard\n|\n|-weather|RainDance|[upkeep]\n|-heal|p1b: sak1ko|30/100|[from] item: Leftovers\n|-sideend|p2: lolgz|move: Tailwind\n|upkeep\n|turn|10\n|-message|lolgz forfeited.\n|\n|win|plume_feng\n|raw|plume_feng's rating: 1452 &rarr; <strong>1470</strong><br />(+18 for winning)\n|raw|lolgz's rating: 1419 &rarr; <strong>1401</strong><br />(-18 for losing)\n",
  "uploadtime": 1776528490,
  "views": 22,
  "formatid": "gen9championsvgc2026regma",
  "rating": 1401,
  "private": 0,
  "password": null
}