{
  "id": "gen9championsvgc2026regma-2586483036",
  "format": "[Gen 9 Champions] VGC 2026 Reg M-A",
  "players": [
    "heartbreaker7",
    "pokejwis"
  ],
  "log": "|j|\u2606heartbreaker7\n|j|\u2606pokejwis\n|t:|1776437756\n|gametype|doubles\n|player|p1|heartbreaker7|169|1090\n|player|p2|pokejwis|cheren-gen5bw2|1110\n|gen|9\n|tier|[Gen 9 Champions] VGC 2026 Reg M-A\n|rated|\n|rule|Species Clause: Limit one of each Pok\u00e9mon\n|rule|Item Clause: Limit 1 of each item\n|clearpoke\n|poke|p1|Scizor, L50, F|\n|poke|p1|Gyarados, L50, F|\n|poke|p1|Whimsicott, L50, F|\n|poke|p1|Umbreon, L50, F|\n|poke|p1|Dragapult, L50, M|\n|poke|p1|Skarmory, L50, M|\n|poke|p2|Garchomp, L50, M|\n|poke|p2|Talonflame, L50, M|\n|poke|p2|Kingambit, L50, F|\n|poke|p2|Rotom-Wash, L50|\n|poke|p2|Meganium, L50, M|\n|poke|p2|Basculegion, L50, M|\n|teampreview|4\n|inactive|Battle timer is ON: inactive players will automatically lose when time's up. (requested by pokejwis)\n|\n|t:|1776437781\n|teamsize|p1|4\n|teamsize|p2|4\n|start\n|switch|p1a: Whimsicott|Whimsicott, L50, F|100/100\n|switch|p1b: Skarmory|Skarmory, L50, M|100/100\n|switch|p2a: Garchomp|Garchomp, L50, M|100/100\n|switch|p2b: Talonflame|Talonflame, L50, M, shiny|100/100\n|turn|1\n|\n|t:|1776437792\n|move|p2b: Talonflame|Dual Wingbeat|p1a: Whimsicott\n|-supereffective|p1a: Whimsicott|1\n|-damage|p1a: Whimsicott|65/100\n|-supereffective|p1a: Whimsicott|1\n|-damage|p1a: Whimsicott|31/100\n|-hitcount|p1a: Whimsicott|2\n|move|p1a: Whimsicott|Tailwind|p1a: Whimsicott\n|-sidestart|p1: heartbreaker7|move: Tailwind\n|move|p1b: Skarmory|Swords Dance|p1b: Skarmory\n|-boost|p1b: Skarmory|atk|2\n|move|p2a: Garchomp|Rock Slide|p1b: Skarmory|[spread] p1b\n|-miss|p2a: Garchomp|p1a: Whimsicott\n|-damage|p1b: Skarmory|81/100\n|\n|upkeep\n|turn|2\n|inactive|heartbreaker7 has 30 seconds left.\n|\n|t:|1776437824\n|switch|p1a: Umbreon|Umbreon, L50, F|100/100\n|switch|p2a: Rotom|Rotom-Wash, L50|100/100\n|detailschange|p1b: Skarmory|Skarmory-Mega, L50, M\n|-mega|p1b: Skarmory|Skarmory|Skarmorite\n|move|p2b: Talonflame|Dual Wingbeat|p1a: Umbreon|[miss]\n|-miss|p2b: Talonflame|p1a: Umbreon\n|move|p1b: Skarmory|Rock Slide|p2a: Rotom|[spread] p2b\n|-miss|p1b: Skarmory|p2a: Rotom\n|-supereffective|p2b: Talonflame|2\n|-damage|p2b: Talonflame|0 fnt\n|faint|p2b: Talonflame\n|\n|upkeep\n|\n|t:|1776437848\n|switch|p2b: Kingambit|Kingambit, L50, F|100/100\n|turn|3\n|\n|t:|1776437865\n|move|p1a: Umbreon|Helping Hand|p1b: Skarmory\n|-singleturn|p1b: Skarmory|Helping Hand|[of] p1a: Umbreon\n|move|p1b: Skarmory|Drill Run|p2b: Kingambit\n|-supereffective|p2b: Kingambit|1\n|-crit|p2b: Kingambit\n|-damage|p2b: Kingambit|0 fnt\n|faint|p2b: Kingambit\n|move|p2a: Rotom|Volt Switch|p1b: Skarmory\n|-supereffective|p1b: Skarmory|1\n|-damage|p1b: Skarmory|15/100\n|\n|t:|1776437877\n|switch|p2a: Garchomp|Garchomp, L50, M|100/100|[from] Volt Switch\n|\n|upkeep\n|\n|t:|1776437878\n|switch|p2b: Rotom|Rotom-Wash, L50|100/100\n|turn|4\n|\n|t:|1776437886\n|move|p1a: Umbreon|Helping Hand|p1b: Skarmory\n|-singleturn|p1b: Skarmory|Helping Hand|[of] p1a: Umbreon\n|move|p1b: Skarmory|Brave Bird|p2a: Garchomp\n|-damage|p2a: Garchomp|0 fnt\n|-damage|p1b: Skarmory|3/100|[from] ability: Rough Skin|[of] p2a: Garchomp\n|faint|p2a: Garchomp\n|-damage|p1b: Skarmory|0 fnt|[from] Recoil\n|faint|p1b: Skarmory\n|move|p2b: Rotom|Electroweb|p1a: Umbreon\n|-damage|p1a: Umbreon|87/100\n|-unboost|p1a: Umbreon|spe|1\n|\n|-heal|p1a: Umbreon|93/100|[from] item: Leftovers\n|-sideend|p1: heartbreaker7|move: Tailwind\n|upkeep\n|\n|t:|1776437903\n|switch|p1b: Dragapult|Dragapult, L50, M|100/100\n|turn|5\n|\n|t:|1776437911\n|move|p1a: Umbreon|Helping Hand|p1b: Dragapult\n|-singleturn|p1b: Dragapult|Helping Hand|[of] p1a: Umbreon\n|move|p1b: Dragapult|Outrage|p2b: Rotom\n|-damage|p2b: Rotom|0 fnt\n|faint|p2b: Rotom\n|\n|win|heartbreaker7\n|raw|heartbreaker7's rating: 1090 &rarr; <strong>1118</strong><br />(+28 for winning)\n|raw|pokejwis's rating: 1110 &rarr; <strong>1084</strong><br />(-26 for losing)\n|l|\u2606pokejwis\n|player|p2|\n",
  "uploadtime": 1776437919,
  "views": 23,
  "formatid": "gen9championsvgc2026regma",
  "rating": 1084,
  "private": 0,
  "password": null
}