{
  "id": "gen9championsvgc2026regma-2582835983",
  "format": "[Gen 9 Champions] VGC 2026 Reg M-A",
  "players": [
    "jackoek11",
    "gthtsl"
  ],
  "log": "|j|\u2606jackoek11\n|j|\u2606gthtsl\n|t:|1776117832\n|gametype|doubles\n|player|p1|jackoek11|170|1420\n|player|p2|gthtsl|pryce|1472\n|gen|9\n|tier|[Gen 9 Champions] VGC 2026 Reg M-A\n|rated|\n|rule|Species Clause: Limit one of each Pok\u00e9mon\n|rule|Item Clause: Limit 1 of each item\n|clearpoke\n|poke|p1|Floette-Eternal, L50, F|\n|poke|p1|Kingambit, L50, M|\n|poke|p1|Garchomp, L50, M|\n|poke|p1|Incineroar, L50, M|\n|poke|p1|Sinistcha, L50|\n|poke|p1|Aerodactyl, L50, M|\n|poke|p2|Garchomp, L50, F|\n|poke|p2|Corviknight, L50, F|\n|poke|p2|Sylveon, L50, F|\n|poke|p2|Rotom-Wash, L50|\n|poke|p2|Sneasler, L50, F|\n|poke|p2|Froslass, L50, F|\n|teampreview|4\n|inactive|Battle timer is ON: inactive players will automatically lose when time's up. (requested by gthtsl)\n|inactive|gthtsl has 60 seconds left.\n|\n|t:|1776117873\n|teamsize|p1|4\n|teamsize|p2|4\n|start\n|switch|p1a: Floette|Floette-Eternal, L50, F|100/100\n|switch|p1b: Incineroar|Incineroar, L50, M|100/100\n|switch|p2a: Rotom|Rotom-Wash, L50|100/100\n|switch|p2b: Corviknight|Corviknight, L50, F|100/100\n|-ability|p1b: Incineroar|Intimidate|boost\n|-unboost|p2a: Rotom|atk|1\n|-ability|p2b: Corviknight|Mirror Armor\n|-unboost|p1b: Incineroar|atk|1\n|turn|1\n|j| Kaisario\n|\n|t:|1776117890\n|detailschange|p1a: Floette|Floette-Mega, L50, F\n|-mega|p1a: Floette|Floette|Floettite\n|-ability|p1a: Floette|Fairy Aura\n|move|p1b: Incineroar|Fake Out|p2a: Rotom\n|-damage|p2a: Rotom|92/100\n|move|p1a: Floette|Calm Mind|p1a: Floette\n|-boost|p1a: Floette|spa|1\n|-boost|p1a: Floette|spd|1\n|cant|p2a: Rotom|flinch\n|move|p2b: Corviknight|Tailwind|p2b: Corviknight\n|-sidestart|p2: gthtsl|move: Tailwind\n|\n|upkeep\n|turn|2\n|\n|t:|1776117902\n|move|p2a: Rotom|Hydro Pump|p1b: Incineroar\n|-supereffective|p1b: Incineroar|1\n|-damage|p1b: Incineroar|17/100\n|move|p2b: Corviknight|Iron Head|p1a: Floette\n|-supereffective|p1a: Floette|1\n|-damage|p1a: Floette|53/100\n|cant|p1a: Floette|flinch\n|move|p1b: Incineroar|Parting Shot|p2a: Rotom\n|-unboost|p2a: Rotom|atk|1\n|-unboost|p2a: Rotom|spa|1\n|\n|t:|1776117910\n|switch|p1b: Sinistcha|Sinistcha, L50|100/100|[from] Parting Shot\n|-heal|p1a: Floette|78/100|[from] ability: Hospitality|[of] p1b: Sinistcha\n|\n|upkeep\n|turn|3\n|j| UltimatheoryPK\n|\n|t:|1776117923\n|switch|p1b: Kingambit|Kingambit, L50, M, shiny|100/100\n|move|p2a: Rotom|Volt Switch|p1b: Kingambit\n|-damage|p1b: Kingambit|75/100\n|j| yovan\n|\n|t:|1776117930\n|switch|p2a: Sneasler|Sneasler, L50, F|100/100|[from] Volt Switch\n|move|p2b: Corviknight|Iron Head|p1a: Floette\n|-supereffective|p1a: Floette|1\n|-damage|p1a: Floette|28/100\n|move|p1a: Floette|Calm Mind|p1a: Floette\n|-boost|p1a: Floette|spa|1\n|-boost|p1a: Floette|spd|1\n|\n|upkeep\n|turn|4\n|\n|t:|1776117940\n|switch|p1b: Sinistcha|Sinistcha, L50|100/100\n|-heal|p1a: Floette|53/100|[from] ability: Hospitality|[of] p1b: Sinistcha\n|move|p1a: Floette|Protect|p1a: Floette\n|-singleturn|p1a: Floette|Protect\n|move|p2a: Sneasler|Fake Out|p1b: Sinistcha\n|-immune|p1b: Sinistcha\n|move|p2b: Corviknight|Iron Head|p1a: Floette\n|-activate|p1a: Floette|move: Protect\n|\n|-sideend|p2: gthtsl|move: Tailwind\n|upkeep\n|turn|5\n|\n|t:|1776117948\n|move|p1b: Sinistcha|Rage Powder|p1b: Sinistcha\n|-singleturn|p1b: Sinistcha|move: Rage Powder\n|move|p2a: Sneasler|Dire Claw|p1b: Sinistcha\n|-damage|p1b: Sinistcha|67/100\n|move|p1a: Floette|Draining Kiss|p2a: Sneasler\n|-damage|p2a: Sneasler|0 fnt\n|-heal|p1a: Floette|100/100|[from] drain|[of] p2a: Sneasler\n|faint|p2a: Sneasler\n|move|p2b: Corviknight|Tailwind|p2b: Corviknight\n|-sidestart|p2: gthtsl|move: Tailwind\n|\n|upkeep\n|\n|t:|1776117954\n|switch|p2a: Froslass|Froslass, L50, F|100/100\n|turn|6\n|\n|t:|1776117969\n|switch|p1b: Incineroar|Incineroar, L50, M|17/100\n|-ability|p1b: Incineroar|Intimidate|boost\n|-unboost|p2a: Froslass|atk|1\n|-ability|p2b: Corviknight|Mirror Armor\n|-unboost|p1b: Incineroar|atk|1\n|detailschange|p2a: Froslass|Froslass-Mega, L50, F\n|-mega|p2a: Froslass|Froslass|Froslassite\n|-weather|Snowscape|[from] ability: Snow Warning|[of] p2a: Froslass\n|move|p2a: Froslass|Blizzard|p1a: Floette|[spread] p1a,p1b\n|-resisted|p1b: Incineroar|1\n|-damage|p1a: Floette|84/100\n|-damage|p1b: Incineroar|1/100\n|move|p2b: Corviknight|Iron Head|p1a: Floette\n|-supereffective|p1a: Floette|1\n|-damage|p1a: Floette|34/100\n|move|p1a: Floette|Draining Kiss|p2a: Froslass\n|-damage|p2a: Froslass|4/100\n|-heal|p1a: Floette|93/100|[from] drain|[of] p2a: Froslass\n|\n|-weather|Snowscape|[upkeep]\n|upkeep\n|turn|7\n|inactive|gthtsl has 30 seconds left.\n|\n|t:|1776117995\n|move|p2a: Froslass|Protect|p2a: Froslass\n|-singleturn|p2a: Froslass|Protect\n|move|p1b: Incineroar|Fake Out|p2b: Corviknight\n|-resisted|p2b: Corviknight|1\n|-damage|p2b: Corviknight|98/100\n|cant|p2b: Corviknight|flinch\n|move|p1a: Floette|Dazzling Gleam|p2b: Corviknight|[spread] p2b\n|-activate|p2a: Froslass|move: Protect\n|-resisted|p2b: Corviknight|1\n|-damage|p2b: Corviknight|55/100\n|\n|-weather|Snowscape|[upkeep]\n|-heal|p2b: Corviknight|61/100|[from] item: Leftovers\n|upkeep\n|turn|8\n|inactive|jackoek11 has 30 seconds left.\n|inactive|jackoek11 has 20 seconds left.\n|inactive|jackoek11 has 15 seconds left.\n|\n|t:|1776118035\n|switch|p1b: Kingambit|Kingambit, L50, M, shiny|75/100\n|move|p2a: Froslass|Blizzard|p1a: Floette|[spread] p1a,p1b\n|-resisted|p1b: Kingambit|1\n|-damage|p1a: Floette|78/100\n|-damage|p1b: Kingambit|55/100\n|move|p2b: Corviknight|Iron Head|p1a: Floette\n|-supereffective|p1a: Floette|1\n|-damage|p1a: Floette|24/100\n|move|p1a: Floette|Dazzling Gleam|p2b: Corviknight|[spread] p2a,p2b\n|-resisted|p2b: Corviknight|1\n|-damage|p2a: Froslass|0 fnt\n|-damage|p2b: Corviknight|13/100\n|faint|p2a: Froslass\n|\n|-weather|Snowscape|[upkeep]\n|-heal|p2b: Corviknight|19/100|[from] item: Leftovers\n|-sideend|p2: gthtsl|move: Tailwind\n|upkeep\n|\n|t:|1776118043\n|switch|p2a: Rotom|Rotom-Wash, L50|92/100\n|turn|9\n|\n|t:|1776118049\n|switch|p1b: Sinistcha|Sinistcha, L50|67/100\n|-heal|p1a: Floette|49/100|[from] ability: Hospitality|[of] p1b: Sinistcha\n|move|p1a: Floette|Protect|p1a: Floette\n|-singleturn|p1a: Floette|Protect\n|move|p2a: Rotom|Hydro Pump|p1a: Floette\n|-activate|p1a: Floette|move: Protect\n|move|p2b: Corviknight|Body Press|p1b: Sinistcha\n|-immune|p1b: Sinistcha\n|\n|-weather|Snowscape|[upkeep]\n|-heal|p2b: Corviknight|24/100|[from] item: Leftovers\n|upkeep\n|turn|10\n|-message|gthtsl forfeited.\n|\n|win|jackoek11\n|raw|jackoek11's rating: 1420 &rarr; <strong>1443</strong><br />(+23 for winning)\n|raw|gthtsl's rating: 1472 &rarr; <strong>1449</strong><br />(-23 for losing)\n|l|\u2606gthtsl\n|player|p2|\n|l|\u2606jackoek11\n|player|p1|\n|l| yovan\n|l| Kaisario\n|l| UltimatheoryPK\n",
  "uploadtime": 1776118083,
  "views": 45,
  "formatid": "gen9championsvgc2026regma",
  "rating": 1443,
  "private": 0,
  "password": null
}