{
  "id": "gen9championsvgc2026regma-2586366716",
  "format": "[Gen 9 Champions] VGC 2026 Reg M-A",
  "players": [
    "EkCantDrawLol",
    "lpretii67"
  ],
  "log": "|j|\u203dEkCantDrawLol\n|j|\u2606lpretii67\n|t:|1776429256\n|gametype|doubles\n|player|p1|EkCantDrawLol|skierf|1096\n|player|p2|lpretii67|dragontamer|1097\n|gen|9\n|tier|[Gen 9 Champions] VGC 2026 Reg M-A\n|rated|\n|rule|Species Clause: Limit one of each Pok\u00e9mon\n|rule|Item Clause: Limit 1 of each item\n|clearpoke\n|poke|p1|Delphox, L50, F|\n|poke|p1|Aerodactyl, L50, F|\n|poke|p1|Garchomp, L50, M|\n|poke|p1|Floette-Eternal, L50, F|\n|poke|p1|Sneasler, L50, M|\n|poke|p1|Basculegion, L50, M|\n|poke|p2|Alakazam, L50, F|\n|poke|p2|Meowstic, L50, M|\n|poke|p2|Palafin, L50, M|\n|poke|p2|Salazzle, L50, F|\n|poke|p2|Ninetales-Alola, L50, M|\n|poke|p2|Weavile, L50, F|\n|teampreview|4\n|\n|t:|1776429306\n|teamsize|p1|4\n|teamsize|p2|4\n|start\n|switch|p1a: Delphox|Delphox, L50, F|100/100\n|switch|p1b: Aerodactyl|Aerodactyl, L50, F|100/100\n|switch|p2a: Palafin|Palafin, L50, M|100/100\n|switch|p2b: Weavile|Weavile, L50, F|100/100\n|-ability|p1b: Aerodactyl|Unnerve\n|-ability|p2b: Weavile|Pressure\n|turn|1\n|inactive|Battle timer is ON: inactive players will automatically lose when time's up. (requested by EkCantDrawLol)\n|\n|t:|1776429334\n|move|p1a: Delphox|Protect|p1a: Delphox\n|-singleturn|p1a: Delphox|Protect\n|move|p1b: Aerodactyl|Rock Slide|p2a: Palafin|[spread] p2a,p2b\n|-supereffective|p2b: Weavile|1\n|-damage|p2a: Palafin|67/100\n|-damage|p2b: Weavile|5/100\n|move|p2b: Weavile|Triple Axel|p1b: Aerodactyl\n|-supereffective|p1b: Aerodactyl|1\n|-enditem|p1b: Aerodactyl|Yache Berry|[eat]\n|-enditem|p1b: Aerodactyl|Yache Berry|[weaken]\n|-damage|p1b: Aerodactyl|79/100\n|-supereffective|p1b: Aerodactyl|1\n|-damage|p1b: Aerodactyl|0 fnt\n|faint|p1b: Aerodactyl\n|-hitcount|p1: Aerodactyl|2\n|move|p2a: Palafin|Liquidation|p1a: Delphox\n|-activate|p1a: Delphox|move: Protect\n|\n|upkeep\n|\n|t:|1776429349\n|switch|p1b: Basculegion|Basculegion, L50, M|100/100\n|turn|2\n|\n|t:|1776429362\n|detailschange|p1a: Delphox|Delphox-Mega, L50, F\n|-mega|p1a: Delphox|Delphox|Delphoxite\n|move|p1b: Basculegion|Flip Turn|p2b: Weavile\n|-damage|p2b: Weavile|0 fnt\n|faint|p2b: Weavile\n|\n|t:|1776429367\n|switch|p1b: Garchomp|Garchomp, L50, M|100/100|[from] Flip Turn\n|move|p1a: Delphox|Psychic|p2a: Palafin\n|-damage|p2a: Palafin|0 fnt\n|faint|p2a: Palafin\n|\n|upkeep\n|\n|t:|1776429382\n|switch|p2b: Alakazam|Alakazam, L50, F|100/100\n|switch|p2a: Meowstic|Meowstic, L50, M|100/100\n|turn|3\n|\n|t:|1776429399\n|detailschange|p2b: Alakazam|Alakazam-Mega, L50, F\n|-mega|p2b: Alakazam|Alakazam|Alakazite\n|-ability|p2b: Alakazam|Levitate|Trace|[from] ability: Trace|[of] p1a: Delphox\n|move|p2a: Meowstic|Light Screen|p2a: Meowstic\n|-sidestart|p2: lpretii67|move: Light Screen\n|move|p1a: Delphox|Heat Wave|p2b: Alakazam|[spread] p2a,p2b\n|-damage|p2a: Meowstic|77/100\n|-damage|p2b: Alakazam|64/100\n|move|p2b: Alakazam|Dazzling Gleam|p1b: Garchomp|[spread] p1a,p1b\n|-resisted|p1a: Delphox|1\n|-supereffective|p1b: Garchomp|1\n|-damage|p1a: Delphox|86/100\n|-damage|p1b: Garchomp|41/100\n|move|p1b: Garchomp|Earthquake|p2a: Meowstic|[spread] p2a\n|-immune|p1a: Delphox|[from] ability: Levitate\n|-immune|p2b: Alakazam|[from] ability: Levitate\n|-damage|p2a: Meowstic|30/100\n|\n|upkeep\n|turn|4\n|\n|t:|1776429420\n|move|p2a: Meowstic|Thunder Wave|p1a: Delphox\n|-status|p1a: Delphox|par\n|move|p2b: Alakazam|Dazzling Gleam|p1a: Delphox|[spread] p1a,p1b\n|-resisted|p1a: Delphox|1\n|-supereffective|p1b: Garchomp|1\n|-damage|p1a: Delphox|73/100 par\n|-damage|p1b: Garchomp|0 fnt\n|faint|p1b: Garchomp\n|cant|p1a: Delphox|par\n|\n|upkeep\n|\n|t:|1776429426\n|switch|p1b: Basculegion|Basculegion, L50, M|100/100\n|turn|5\n|\n|t:|1776429441\n|move|p2a: Meowstic|Thunder Wave|p1b: Basculegion\n|-status|p1b: Basculegion|par\n|move|p2b: Alakazam|Dazzling Gleam|p1b: Basculegion|[spread] p1a,p1b\n|-resisted|p1a: Delphox|1\n|-damage|p1a: Delphox|60/100 par\n|-damage|p1b: Basculegion|66/100 par\n|move|p1b: Basculegion|Last Respects|p2b: Alakazam\n|-supereffective|p2b: Alakazam|1\n|-damage|p2b: Alakazam|0 fnt\n|faint|p2b: Alakazam\n|move|p1a: Delphox|Heat Wave|p2a: Meowstic\n|-damage|p2a: Meowstic|0 fnt\n|faint|p2a: Meowstic\n|\n|win|EkCantDrawLol\n|raw|EkCantDrawLol's rating: 1096 &rarr; <strong>1122</strong><br />(+26 for winning)\n|raw|lpretii67's rating: 1097 &rarr; <strong>1072</strong><br />(-25 for losing)\n",
  "uploadtime": 1776429454,
  "views": 28,
  "formatid": "gen9championsvgc2026regma",
  "rating": 1072,
  "private": 0,
  "password": null
}