{
  "id": "gen9championsvgc2026regma-2587403508",
  "format": "[Gen 9 Champions] VGC 2026 Reg M-A",
  "players": [
    "Snapin264",
    "shangenb"
  ],
  "log": "|j|\u2606Snapin264\n|j|\u2606shangenb\n|t:|1776528942\n|gametype|doubles\n|player|p1|Snapin264|1|1173\n|player|p2|shangenb|102|1258\n|gen|9\n|tier|[Gen 9 Champions] VGC 2026 Reg M-A\n|rated|\n|rule|Species Clause: Limit one of each Pok\u00e9mon\n|rule|Item Clause: Limit 1 of each item\n|clearpoke\n|poke|p1|Blastoise, L50, M|\n|poke|p1|Pelipper, L50, M|\n|poke|p1|Tsareena, L50, F|\n|poke|p1|Archaludon, L50, M|\n|poke|p1|Sableye, L50, M|\n|poke|p1|Manectric, L50, M|\n|poke|p2|Floette-Eternal, L50, F|\n|poke|p2|Garchomp, L50, F|\n|poke|p2|Sneasler, L50, F|\n|poke|p2|Basculegion-F, L50, F|\n|poke|p2|Aerodactyl, L50, F|\n|poke|p2|Incineroar, L50, M|\n|teampreview|4\n|inactive|Battle timer is ON: inactive players will automatically lose when time's up. (requested by shangenb)\n|inactive|shangenb has 60 seconds left.\n|inactive|shangenb has 30 seconds left.\n|inactive|shangenb has 20 seconds left.\n|inactive|shangenb has 15 seconds left.\n|\n|t:|1776529022\n|teamsize|p1|4\n|teamsize|p2|4\n|start\n|switch|p1a: Blastoise|Blastoise, L50, M|100/100\n|switch|p1b: Pelipper|Pelipper, L50, M|100/100\n|switch|p2a: Floette|Floette-Eternal, L50, F|100/100\n|switch|p2b: Aerodactyl|Aerodactyl, L50, F|100/100\n|-ability|p2b: Aerodactyl|Unnerve\n|-weather|RainDance|[from] ability: Drizzle|[of] p1b: Pelipper\n|turn|1\n|\n|t:|1776529043\n|detailschange|p2a: Floette|Floette-Mega, L50, F\n|-mega|p2a: Floette|Floette|Floettite\n|-ability|p2a: Floette|Fairy Aura\n|move|p1b: Pelipper|Helping Hand|p1a: Blastoise\n|-singleturn|p1a: Blastoise|Helping Hand|[of] p1b: Pelipper\n|move|p1a: Blastoise|Water Spout|p2b: Aerodactyl|[spread] p2a,p2b\n|-supereffective|p2b: Aerodactyl|1\n|-damage|p2a: Floette|24/100\n|-enditem|p2b: Aerodactyl|Focus Sash\n|-damage|p2b: Aerodactyl|1/100\n|move|p2b: Aerodactyl|Tailwind|p2b: Aerodactyl\n|-sidestart|p2: shangenb|move: Tailwind\n|move|p2a: Floette|Dazzling Gleam|p1a: Blastoise|[spread] p1a,p1b\n|-crit|p1b: Pelipper\n|-damage|p1a: Blastoise|52/100\n|-enditem|p1b: Pelipper|Focus Sash\n|-damage|p1b: Pelipper|1/100\n|\n|-weather|RainDance|[upkeep]\n|-heal|p1a: Blastoise|58/100|[from] ability: Rain Dish\n|upkeep\n|turn|2\n|inactive|Snapin264 has 30 seconds left.\n|\n|t:|1776529074\n|move|p2b: Aerodactyl|Rock Slide|p1a: Blastoise|[spread] p1a,p1b\n|-supereffective|p1b: Pelipper|1\n|-damage|p1a: Blastoise|28/100\n|-damage|p1b: Pelipper|0 fnt\n|faint|p1b: Pelipper\n|move|p2a: Floette|Moonblast|p1a: Blastoise\n|-damage|p1a: Blastoise|0 fnt\n|faint|p1a: Blastoise\n|\n|-weather|RainDance|[upkeep]\n|upkeep\n|\n|t:|1776529085\n|switch|p1a: Archaludon|Archaludon, L50, M|100/100\n|switch|p1b: Tsareena|Tsareena, L50, F|100/100\n|turn|3\n|\n|t:|1776529108\n|move|p2b: Aerodactyl|Protect|p2b: Aerodactyl\n|-singleturn|p2b: Aerodactyl|Protect\n|move|p2a: Floette|Light of Ruin|p1b: Tsareena\n|-damage|p1b: Tsareena|0 fnt\n|faint|p1b: Tsareena\n|-damage|p2a: Floette|0 fnt|[from] Recoil\n|faint|p2a: Floette\n|move|p1a: Archaludon|Electro Shot||[still]\n|-prepare|p1a: Archaludon|Electro Shot\n|-boost|p1a: Archaludon|spa|1\n|-anim|p1a: Archaludon|Electro Shot|p2b: Aerodactyl\n|-activate|p2b: Aerodactyl|move: Protect\n|\n|-weather|RainDance|[upkeep]\n|upkeep\n|\n|t:|1776529123\n|switch|p2a: Garchomp|Garchomp, L50, F|100/100\n|turn|4\n|\n|t:|1776529149\n|move|p2b: Aerodactyl|Protect||[still]\n|-fail|p2b: Aerodactyl\n|move|p2a: Garchomp|Earthquake|p1a: Archaludon|[spread] p1a\n|-immune|p2b: Aerodactyl\n|-supereffective|p1a: Archaludon|1\n|-damage|p1a: Archaludon|27/100\n|-ability|p1a: Archaludon|Stamina|boost\n|-boost|p1a: Archaludon|def|1\n|move|p1a: Archaludon|Electro Shot||[still]\n|-prepare|p1a: Archaludon|Electro Shot\n|-boost|p1a: Archaludon|spa|1\n|-anim|p1a: Archaludon|Electro Shot|p2b: Aerodactyl\n|-supereffective|p2b: Aerodactyl|1\n|-damage|p2b: Aerodactyl|0 fnt\n|-enditem|p1a: Archaludon|Sitrus Berry|[eat]\n|-heal|p1a: Archaludon|52/100|[from] item: Sitrus Berry\n|faint|p2b: Aerodactyl\n|\n|-weather|RainDance|[upkeep]\n|-sideend|p2: shangenb|move: Tailwind\n|upkeep\n|\n|t:|1776529172\n|switch|p2b: Basculegion|Basculegion-F, L50, F|100/100\n|turn|5\n|\n|t:|1776529180\n|move|p2b: Basculegion|Shadow Ball|p1a: Archaludon\n|-damage|p1a: Archaludon|0 fnt\n|faint|p1a: Archaludon\n|\n|win|shangenb\n|raw|Snapin264's rating: 1173 &rarr; <strong>1154</strong><br />(-19 for losing)\n|raw|shangenb's rating: 1258 &rarr; <strong>1277</strong><br />(+19 for winning)\n|l|\u2606Snapin264\n|player|p1|\n",
  "uploadtime": 1776529197,
  "views": 13,
  "formatid": "gen9championsvgc2026regma",
  "rating": 1154,
  "private": 0,
  "password": null
}