{
  "id": "gen9championsvgc2026regma-2582501049",
  "format": "[Gen 9 Champions] VGC 2026 Reg M-A",
  "players": [
    "cwhit7",
    "Mask4M"
  ],
  "log": "|j|\u2606cwhit7\n|j|\u2606Mask4M\n|t:|1776095699\n|gametype|doubles\n|player|p1|cwhit7|flint|1129\n|player|p2|Mask4M|101|1192\n|gen|9\n|tier|[Gen 9 Champions] VGC 2026 Reg M-A\n|rated|\n|rule|Species Clause: Limit one of each Pok\u00e9mon\n|rule|Item Clause: Limit 1 of each item\n|clearpoke\n|poke|p1|Farigiraf, L50, F|\n|poke|p1|Kingambit, L50, M|\n|poke|p1|Incineroar, L50, F|\n|poke|p1|Crabominable, L50, M|\n|poke|p1|Rotom-Wash, L50|\n|poke|p1|Meowscarada, L50, M|\n|poke|p2|Glimmora, L50, F|\n|poke|p2|Meganium, L50, F|\n|poke|p2|Sneasler, L50, M|\n|poke|p2|Incineroar, L50, M|\n|poke|p2|Whimsicott, L50, M|\n|poke|p2|Gyarados, L50, F|\n|teampreview|4\n|inactive|Battle timer is ON: inactive players will automatically lose when time's up. (requested by Mask4M)\nMask4M has agreed to open team sheets.\n|inactive|Mask4M has 60 seconds left.\n|\n|t:|1776095743\n|teamsize|p1|4\n|teamsize|p2|4\n|start\n|switch|p1a: Tricky Tina|Farigiraf, L50, F|100/100\n|switch|p1b: Chesch|Incineroar, L50, F, shiny|100/100\n|switch|p2a: Meganium|Meganium, L50, F|100/100\n|switch|p2b: Gyarados|Gyarados, L50, F|100/100\n|-ability|p2b: Gyarados|Intimidate|boost\n|-unboost|p1a: Tricky Tina|atk|1\n|-unboost|p1b: Chesch|atk|1\n|-ability|p1b: Chesch|Intimidate|boost\n|-unboost|p2a: Meganium|atk|1\n|-unboost|p2b: Gyarados|atk|1\n|turn|1\n|inactive|Mask4M has 30 seconds left.\n|inactive|Mask4M has 20 seconds left.\n|\n|t:|1776095781\n|switch|p2a: Whimsicott|Whimsicott, L50, M|100/100\n|move|p1b: Chesch|Fake Out|p2b: Gyarados\n|-damage|p2b: Gyarados|93/100\n|cant|p2b: Gyarados|flinch\n|move|p1a: Tricky Tina|Trick Room|p1a: Tricky Tina\n|-fieldstart|move: Trick Room|[of] p1a: Tricky Tina\n|\n|-heal|p2b: Gyarados|99/100|[from] item: Leftovers\n|upkeep\n|turn|2\n|inactive|Mask4M has 30 seconds left.\n|inactive|Mask4M has 20 seconds left.\n|inactive|Mask4M has 15 seconds left.\n|\n|t:|1776095826\n|move|p2b: Gyarados|Protect|p2b: Gyarados\n|-singleturn|p2b: Gyarados|Protect\n|move|p1a: Tricky Tina|Hyper Voice|p2a: Whimsicott|[spread] p2a\n|-activate|p2b: Gyarados|move: Protect\n|-damage|p2a: Whimsicott|59/100\n|move|p1b: Chesch|Flare Blitz|p2a: Whimsicott\n|-supereffective|p2a: Whimsicott|1\n|-damage|p2a: Whimsicott|0 fnt\n|faint|p2a: Whimsicott\n|-damage|p1b: Chesch|85/100|[from] Recoil\n|\n|-heal|p2b: Gyarados|100/100|[from] item: Leftovers\n|upkeep\n|\n|t:|1776095841\n|switch|p2a: Sneasler|Sneasler, L50, M|100/100\n|turn|3\n|\n|t:|1776095851\n|move|p2a: Sneasler|Protect|p2a: Sneasler\n|-singleturn|p2a: Sneasler|Protect\n|move|p1a: Tricky Tina|Hyper Voice|p2b: Gyarados|[spread] p2b\n|-activate|p2a: Sneasler|move: Protect\n|-damage|p2b: Gyarados|79/100\n|move|p1b: Chesch|Parting Shot|p2b: Gyarados\n|-unboost|p2b: Gyarados|atk|1\n|-unboost|p2b: Gyarados|spa|1\n|\n|t:|1776095858\n|switch|p1b: The Crab|Crabominable, L50, M, shiny|100/100|[from] Parting Shot\n|move|p2b: Gyarados|Waterfall|p1b: The Crab\n|-damage|p1b: The Crab|81/100\n|\n|-heal|p2b: Gyarados|85/100|[from] item: Leftovers\n|upkeep\n|turn|4\n|inactive|Mask4M has 30 seconds left.\n|\n|t:|1776095887\n|switch|p2a: Meganium|Meganium, L50, F|100/100\n|detailschange|p1b: The Crab|Crabominable-Mega, L50, M, shiny\n|-mega|p1b: The Crab|Crabominable|Crabominite\n|move|p1b: The Crab|Ice Hammer|p2a: Meganium\n|-supereffective|p2a: Meganium|1\n|-damage|p2a: Meganium|0 fnt\n|-unboost|p1b: The Crab|spe|1\n|faint|p2a: Meganium\n|move|p1a: Tricky Tina|Hyper Voice|p2b: Gyarados\n|-damage|p2b: Gyarados|58/100\n|move|p2b: Gyarados|Waterfall|p1b: The Crab\n|-damage|p1b: The Crab|67/100\n|\n|-heal|p2b: Gyarados|64/100|[from] item: Leftovers\n|upkeep\n|\n|t:|1776095901\n|switch|p2a: Sneasler|Sneasler, L50, M|100/100\n|turn|5\n|\n|t:|1776095914\n|switch|p1b: Chesch|Incineroar, L50, F, shiny|85/100\n|-ability|p1b: Chesch|Intimidate|boost\n|-unboost|p2a: Sneasler|atk|1\n|-unboost|p2b: Gyarados|atk|1\n|-enditem|p2a: Sneasler|White Herb\n|-clearnegativeboost|p2a: Sneasler|[silent]\n|move|p2b: Gyarados|Protect|p2b: Gyarados\n|-singleturn|p2b: Gyarados|Protect\n|move|p2a: Sneasler|Protect|p2a: Sneasler\n|-singleturn|p2a: Sneasler|Protect\n|move|p1a: Tricky Tina|Hyper Voice|p2b: Gyarados|[spread] \n|-activate|p2a: Sneasler|move: Protect\n|-activate|p2b: Gyarados|move: Protect\n|\n|-heal|p2b: Gyarados|70/100|[from] item: Leftovers\n|-fieldend|move: Trick Room\n|upkeep\n|turn|6\n|inactive|Mask4M has 30 seconds left.\n|\n|t:|1776095942\n|move|p1b: Chesch|Fake Out|p2a: Sneasler\n|-damage|p2a: Sneasler|80/100\n|cant|p2a: Sneasler|flinch\n|move|p2b: Gyarados|Taunt|p1a: Tricky Tina\n|-start|p1a: Tricky Tina|move: Taunt\n|move|p1a: Tricky Tina|Psychic|p2a: Sneasler\n|-supereffective|p2a: Sneasler|2\n|-damage|p2a: Sneasler|0 fnt\n|faint|p2a: Sneasler\n|\n|-heal|p2b: Gyarados|76/100|[from] item: Leftovers\n|upkeep\n|turn|7\n|-message|Mask4M forfeited.\n|\n|win|cwhit7\n|raw|cwhit7's rating: 1129 &rarr; <strong>1158</strong><br />(+29 for winning)\n|raw|Mask4M's rating: 1192 &rarr; <strong>1163</strong><br />(-29 for losing)\n",
  "uploadtime": 1776095956,
  "views": 24,
  "formatid": "gen9championsvgc2026regma",
  "rating": 1158,
  "private": 0,
  "password": null
}