{
  "id": "gen9championsvgc2026regma-2584061341",
  "format": "[Gen 9 Champions] VGC 2026 Reg M-A",
  "players": [
    "HuyElkira",
    "thealex610"
  ],
  "log": "|j|\u2606HuyElkira\n|j|\u2606thealex610\n|t:|1776221259\n|gametype|doubles\n|player|p1|HuyElkira|169|1095\n|player|p2|thealex610|265|1112\n|gen|9\n|tier|[Gen 9 Champions] VGC 2026 Reg M-A\n|rated|\n|rule|Species Clause: Limit one of each Pok\u00e9mon\n|rule|Item Clause: Limit 1 of each item\n|clearpoke\n|poke|p1|Floette-Eternal, L50, F|\n|poke|p1|Sinistcha, L50|\n|poke|p1|Basculegion, L50, M|\n|poke|p1|Talonflame, L50, F|\n|poke|p1|Garchomp, L50, F|\n|poke|p1|Rotom-Wash, L50|\n|poke|p2|Sneasler, L50, M|\n|poke|p2|Talonflame, L50, F|\n|poke|p2|Milotic, L50, F|\n|poke|p2|Aegislash, L50, F|\n|poke|p2|Scizor, L50, F|\n|poke|p2|Tyranitar, L50, F|\n|teampreview|4\n|inactive|Battle timer is ON: inactive players will automatically lose when time's up. (requested by thealex610)\n|inactive|thealex610 has 60 seconds left.\n|\n|t:|1776221297\n|teamsize|p1|4\n|teamsize|p2|4\n|start\n|switch|p1a: Nuclear Weapons|Floette-Eternal, L50, F|100/100\n|switch|p1b: Burning D1ck|Talonflame, L50, F|100/100\n|switch|p2a: Sneasler|Sneasler, L50, M|100/100\n|switch|p2b: Talonflame|Talonflame, L50, F|100/100\n|turn|1\n|\n|t:|1776221325\n|detailschange|p1a: Nuclear Weapons|Floette-Mega, L50, F\n|-mega|p1a: Nuclear Weapons|Floette|Floettite\n|-ability|p1a: Nuclear Weapons|Fairy Aura\n|move|p2a: Sneasler|Fake Out|p1b: Burning D1ck\n|-damage|p1b: Burning D1ck|76/100\n|move|p2b: Talonflame|Tailwind|p2b: Talonflame\n|-sidestart|p2: thealex610|move: Tailwind\n|cant|p1b: Burning D1ck|flinch\n|move|p1a: Nuclear Weapons|Light of Ruin|p2a: Sneasler\n|-damage|p2a: Sneasler|0 fnt\n|faint|p2a: Sneasler\n|-damage|p1a: Nuclear Weapons|49/100|[from] Recoil\n|\n|upkeep\n|\n|t:|1776221338\n|switch|p2a: Scizor|Scizor, L50, F, shiny|100/100\n|turn|2\n|\n|t:|1776221349\n|detailschange|p2a: Scizor|Scizor-Mega, L50, F, shiny\n|-mega|p2a: Scizor|Scizor|Scizorite\n|move|p1a: Nuclear Weapons|Protect|p1a: Nuclear Weapons\n|-singleturn|p1a: Nuclear Weapons|Protect\n|move|p2b: Talonflame|Brave Bird|p1b: Burning D1ck\n|-damage|p1b: Burning D1ck|0 fnt\n|faint|p1b: Burning D1ck\n|-damage|p2b: Talonflame|76/100|[from] Recoil\n|move|p2a: Scizor|Bullet Punch|p1a: Nuclear Weapons\n|-activate|p1a: Nuclear Weapons|move: Protect\n|\n|upkeep\n|\n|t:|1776221364\n|switch|p1b: Violet Fish Fish|Basculegion, L50, M, shiny|100/100\n|turn|3\n|\n|t:|1776221375\n|switch|p1a: Your mom|Garchomp, L50, F|100/100\n|move|p2b: Talonflame|Brave Bird|p1b: Violet Fish Fish\n|-damage|p1b: Violet Fish Fish|29/100\n|-damage|p2b: Talonflame|47/100|[from] Recoil\n|move|p2a: Scizor|Dual Wingbeat|p1a: Your mom\n|-damage|p1a: Your mom|78/100\n|-damage|p2a: Scizor|89/100|[from] ability: Rough Skin|[of] p1a: Your mom\n|-damage|p1a: Your mom|53/100\n|-damage|p2a: Scizor|77/100|[from] ability: Rough Skin|[of] p1a: Your mom\n|-hitcount|p1a: Your mom|2\n|move|p1b: Violet Fish Fish|Wave Crash|p2a: Scizor\n|-damage|p2a: Scizor|2/100\n|-damage|p1b: Violet Fish Fish|10/100|[from] Recoil\n|\n|upkeep\n|turn|4\n|inactive|HuyElkira has 30 seconds left.\n|\n|t:|1776221407\n|move|p2a: Scizor|Bullet Punch|p1b: Violet Fish Fish\n|-resisted|p1b: Violet Fish Fish|1\n|-damage|p1b: Violet Fish Fish|0 fnt\n|faint|p1b: Violet Fish Fish\n|move|p2b: Talonflame|Brave Bird|p1a: Your mom\n|-damage|p1a: Your mom|0 fnt\n|-damage|p2b: Talonflame|35/100|[from] ability: Rough Skin|[of] p1a: Your mom\n|faint|p1a: Your mom\n|-damage|p2b: Talonflame|15/100|[from] Recoil\n|\n|-sideend|p2: thealex610|move: Tailwind\n|upkeep\n|\n|t:|1776221421\n|switch|p1b: Nuclear Weapons|Floette-Mega, L50, F|49/100\n|-ability|p1b: Nuclear Weapons|Fairy Aura\n|turn|5\n|\n|t:|1776221432\n|move|p2b: Talonflame|Protect|p2b: Talonflame\n|-singleturn|p2b: Talonflame|Protect\n|move|p2a: Scizor|Bullet Punch|p1b: Nuclear Weapons\n|-supereffective|p1b: Nuclear Weapons|1\n|-damage|p1b: Nuclear Weapons|0 fnt\n|faint|p1b: Nuclear Weapons\n|\n|win|thealex610\n|raw|HuyElkira's rating: 1095 &rarr; <strong>1072</strong><br />(-23 for losing)\n|raw|thealex610's rating: 1112 &rarr; <strong>1136</strong><br />(+24 for winning)\n|l|\u2606HuyElkira\n|player|p1|\n",
  "uploadtime": 1776221438,
  "views": 23,
  "formatid": "gen9championsvgc2026regma",
  "rating": 1072,
  "private": 0,
  "password": null
}