{
  "id": "gen9championsvgc2026regma-2587580074",
  "format": "[Gen 9 Champions] VGC 2026 Reg M-A",
  "players": [
    "Pijardus",
    "testyingbelli"
  ],
  "log": "|j|\u2606Pijardus\n|j|\u2606testyingbelli\n|t:|1776544041\n|gametype|doubles\n|player|p1|Pijardus|1|1113\n|player|p2|testyingbelli|sophocles|1119\n|gen|9\n|tier|[Gen 9 Champions] VGC 2026 Reg M-A\n|rated|\n|rule|Species Clause: Limit one of each Pok\u00e9mon\n|rule|Item Clause: Limit 1 of each item\n|clearpoke\n|poke|p1|Floette-Eternal, L50, F|\n|poke|p1|Incineroar, L50, M, shiny|\n|poke|p1|Sneasler, L50, M, shiny|\n|poke|p1|Aerodactyl, L50, F, shiny|\n|poke|p1|Garchomp, L50, M|\n|poke|p1|Sinistcha, L50, shiny|\n|poke|p2|Bellibolt, L50, M|\n|poke|p2|Gliscor, L50, F|\n|poke|p2|Incineroar, L50, M|\n|poke|p2|Sneasler, L50, M|\n|poke|p2|Excadrill, L50, F|\n|poke|p2|Tyranitar, L50, M|\n|teampreview|4\n|inactive|Battle timer is ON: inactive players will automatically lose when time's up. (requested by testyingbelli)\n|\n|t:|1776544071\n|teamsize|p1|4\n|teamsize|p2|4\n|start\n|switch|p1a: Incineroar|Incineroar, L50, M, shiny|100/100\n|switch|p1b: Sneasler|Sneasler, L50, M, shiny|100/100\n|switch|p2a: Incineroar|Incineroar, L50, M|100/100\n|switch|p2b: Gliscor|Gliscor, L50, F|100/100\n|-ability|p2a: Incineroar|Intimidate|boost\n|-unboost|p1a: Incineroar|atk|1\n|-unboost|p1b: Sneasler|atk|1\n|-ability|p1a: Incineroar|Intimidate|boost\n|-unboost|p2a: Incineroar|atk|1\n|-unboost|p2b: Gliscor|atk|1\n|turn|1\n|inactive|testyingbelli has 30 seconds left.\n|\n|t:|1776544098\n|move|p1b: Sneasler|Fake Out|p2b: Gliscor\n|-damage|p2b: Gliscor|93/100\n|move|p2a: Incineroar|Fake Out|p1b: Sneasler\n|-damage|p1b: Sneasler|85/100\n|cant|p2b: Gliscor|flinch\n|move|p1a: Incineroar|Parting Shot|p2b: Gliscor\n|-unboost|p2b: Gliscor|atk|1\n|-unboost|p2b: Gliscor|spa|1\n|\n|t:|1776544108\n|switch|p1a: Floette|Floette-Eternal, L50, F|100/100|[from] Parting Shot\n|\n|upkeep\n|turn|2\n|\n|t:|1776544120\n|switch|p1b: Incineroar|Incineroar, L50, M, shiny|100/100\n|-ability|p1b: Incineroar|Intimidate|boost\n|-unboost|p2a: Incineroar|atk|1\n|-unboost|p2b: Gliscor|atk|1\n|detailschange|p1a: Floette|Floette-Mega, L50, F\n|-mega|p1a: Floette|Floette|Floettite\n|-ability|p1a: Floette|Fairy Aura\n|move|p1a: Floette|Calm Mind|p1a: Floette\n|-boost|p1a: Floette|spa|1\n|-boost|p1a: Floette|spd|1\n|move|p2b: Gliscor|Sandstorm|p2b: Gliscor\n|-weather|Sandstorm\n|move|p2a: Incineroar|Parting Shot|p1a: Floette\n|-unboost|p1a: Floette|atk|1\n|-unboost|p1a: Floette|spa|1\n|\n|t:|1776544134\n|switch|p2a: Excadrill|Excadrill, L50, F|100/100|[from] Parting Shot\n|\n|-weather|Sandstorm|[upkeep]\n|-damage|p1a: Floette|94/100|[from] Sandstorm\n|-damage|p1b: Incineroar|94/100|[from] Sandstorm\n|upkeep\n|turn|3\n|\n|t:|1776544159\n|move|p2a: Excadrill|Protect|p2a: Excadrill\n|-singleturn|p2a: Excadrill|Protect\n|move|p1a: Floette|Protect|p1a: Floette\n|-singleturn|p1a: Floette|Protect\n|move|p2b: Gliscor|U-turn|p1a: Floette\n|-activate|p1a: Floette|move: Protect\n|move|p1b: Incineroar|Flare Blitz|p2a: Excadrill\n|-activate|p2a: Excadrill|move: Protect\n|\n|-weather|Sandstorm|[upkeep]\n|-damage|p1a: Floette|88/100|[from] Sandstorm\n|-damage|p1b: Incineroar|88/100|[from] Sandstorm\n|upkeep\n|turn|4\n|\n|t:|1776544175\n|switch|p1a: Sinistcha|Sinistcha, L50, shiny|100/100\n|-heal|p1b: Incineroar|100/100|[from] ability: Hospitality|[of] p1a: Sinistcha\n|move|p2a: Excadrill|Iron Head|p1a: Sinistcha\n|-damage|p1a: Sinistcha|56/100\n|move|p2b: Gliscor|High Horsepower|p1b: Incineroar\n|-supereffective|p1b: Incineroar|1\n|-damage|p1b: Incineroar|78/100\n|move|p1b: Incineroar|Parting Shot|p2a: Excadrill\n|-unboost|p2a: Excadrill|atk|1\n|-unboost|p2a: Excadrill|spa|1\n|\n|t:|1776544189\n|switch|p1b: Sneasler|Sneasler, L50, M, shiny|85/100|[from] Parting Shot\n|\n|-weather|Sandstorm|[upkeep]\n|-damage|p1b: Sneasler|79/100|[from] Sandstorm\n|-damage|p1a: Sinistcha|50/100|[from] Sandstorm\n|-heal|p1a: Sinistcha|56/100|[from] item: Leftovers\n|upkeep\n|turn|5\n|\n|t:|1776544200\n|switch|p2b: Incineroar|Incineroar, L50, M|100/100\n|-ability|p2b: Incineroar|Intimidate|boost\n|-unboost|p1a: Sinistcha|atk|1\n|-unboost|p1b: Sneasler|atk|1\n|move|p2a: Excadrill|Protect|p2a: Excadrill\n|-singleturn|p2a: Excadrill|Protect\n|move|p1b: Sneasler|Fake Out|p2a: Excadrill\n|-activate|p2a: Excadrill|move: Protect\n|move|p1a: Sinistcha|Matcha Gotcha|p2a: Excadrill|[spread] p2b\n|-activate|p2a: Excadrill|move: Protect\n|-resisted|p2b: Incineroar|1\n|-damage|p2b: Incineroar|90/100\n|-heal|p1a: Sinistcha|62/100|[from] drain|[of] p2b: Incineroar\n|\n|-weather|Sandstorm|[upkeep]\n|-damage|p1b: Sneasler|74/100|[from] Sandstorm\n|-damage|p1a: Sinistcha|56/100|[from] Sandstorm\n|-damage|p2b: Incineroar|84/100|[from] Sandstorm\n|-heal|p1a: Sinistcha|62/100|[from] item: Leftovers\n|upkeep\n|turn|6\n|inactive|testyingbelli has 30 seconds left.\n|\n|t:|1776544229\n|switch|p1a: Incineroar|Incineroar, L50, M, shiny|78/100\n|-ability|p1a: Incineroar|Intimidate|boost\n|-unboost|p2a: Excadrill|atk|1\n|-unboost|p2b: Incineroar|atk|1\n|move|p1b: Sneasler|Protect|p1b: Sneasler\n|-singleturn|p1b: Sneasler|Protect\n|move|p2b: Incineroar|Fake Out|p1b: Sneasler\n|-activate|p1b: Sneasler|move: Protect\n|move|p2a: Excadrill|Drill Run|p1b: Sneasler\n|-activate|p1b: Sneasler|move: Protect\n|\n|-weather|none\n|upkeep\n|turn|7\n|\n|t:|1776544246\n|switch|p2a: Gliscor|Gliscor, L50, F|93/100\n|move|p1b: Sneasler|Close Combat|p2a: Gliscor\n|-resisted|p2a: Gliscor|1\n|-damage|p2a: Gliscor|76/100\n|-unboost|p1b: Sneasler|def|1\n|-unboost|p1b: Sneasler|spd|1\n|move|p1a: Incineroar|Flare Blitz|p2a: Gliscor\n|-damage|p2a: Gliscor|33/100\n|-damage|p1a: Incineroar|64/100|[from] Recoil\n|move|p2b: Incineroar|Parting Shot|p1a: Incineroar\n|-unboost|p1a: Incineroar|atk|1\n|-unboost|p1a: Incineroar|spa|1\n|\n|t:|1776544263\n|switch|p2b: Excadrill|Excadrill, L50, F|100/100|[from] Parting Shot\n|\n|upkeep\n|turn|8\n|\n|t:|1776544275\n|move|p2b: Excadrill|Protect|p2b: Excadrill\n|-singleturn|p2b: Excadrill|Protect\n|move|p1a: Incineroar|Fake Out||[still]\n|-hint|Fake Out only works on your first turn out.\n|-fail|p1a: Incineroar\n|move|p1b: Sneasler|Close Combat|p2b: Excadrill\n|-activate|p2b: Excadrill|move: Protect\n|move|p2a: Gliscor|Sandstorm|p2a: Gliscor\n|-weather|Sandstorm\n|\n|-weather|Sandstorm|[upkeep]\n|-damage|p1b: Sneasler|68/100|[from] Sandstorm\n|-damage|p1a: Incineroar|58/100|[from] Sandstorm\n|upkeep\n|turn|9\n|inactive|testyingbelli has 30 seconds left.\n|\n|t:|1776544300\n|switch|p1a: Sinistcha|Sinistcha, L50, shiny|62/100\n|-heal|p1b: Sneasler|93/100|[from] ability: Hospitality|[of] p1a: Sinistcha\n|move|p1b: Sneasler|Protect|p1b: Sneasler\n|-singleturn|p1b: Sneasler|Protect\n|move|p2b: Excadrill|Drill Run|p1a: Sinistcha\n|-resisted|p1a: Sinistcha|1\n|-damage|p1a: Sinistcha|43/100\n|move|p2a: Gliscor|High Horsepower|p1b: Sneasler\n|-activate|p1b: Sneasler|move: Protect\n|\n|-weather|Sandstorm|[upkeep]\n|-damage|p1b: Sneasler|87/100|[from] Sandstorm\n|-damage|p1a: Sinistcha|37/100|[from] Sandstorm\n|-heal|p1a: Sinistcha|43/100|[from] item: Leftovers\n|upkeep\n|turn|10\n|\n|t:|1776544320\n|switch|p1b: Incineroar|Incineroar, L50, M, shiny|58/100\n|-ability|p1b: Incineroar|Intimidate|boost\n|-unboost|p2a: Gliscor|atk|1\n|-unboost|p2b: Excadrill|atk|1\n|move|p2b: Excadrill|Drill Run|p1a: Sinistcha\n|-resisted|p1a: Sinistcha|1\n|-damage|p1a: Sinistcha|30/100\n|move|p2a: Gliscor|High Horsepower|p1b: Incineroar\n|-supereffective|p1b: Incineroar|1\n|-damage|p1b: Incineroar|22/100\n|-enditem|p1b: Incineroar|Sitrus Berry|[eat]\n|-heal|p1b: Incineroar|47/100|[from] item: Sitrus Berry\n|move|p1a: Sinistcha|Strength Sap|p2b: Excadrill\n|-unboost|p2b: Excadrill|atk|1\n|-heal|p1a: Sinistcha|100/100\n|\n|-weather|Sandstorm|[upkeep]\n|-damage|p1a: Sinistcha|95/100|[from] Sandstorm\n|-damage|p1b: Incineroar|41/100|[from] Sandstorm\n|-heal|p1a: Sinistcha|100/100|[from] item: Leftovers\n|upkeep\n|turn|11\n|\n|t:|1776544344\n|move|p2b: Excadrill|Protect|p2b: Excadrill\n|-singleturn|p2b: Excadrill|Protect\n|move|p2a: Gliscor|Protect|p2a: Gliscor\n|-singleturn|p2a: Gliscor|Protect\n|move|p1b: Incineroar|Fake Out|p2a: Gliscor\n|-activate|p2a: Gliscor|move: Protect\n|move|p1a: Sinistcha|Matcha Gotcha|p2a: Gliscor|[spread] \n|-activate|p2a: Gliscor|move: Protect\n|-activate|p2b: Excadrill|move: Protect\n|\n|-weather|Sandstorm|[upkeep]\n|-damage|p1a: Sinistcha|95/100|[from] Sandstorm\n|-damage|p1b: Incineroar|35/100|[from] Sandstorm\n|-heal|p1a: Sinistcha|100/100|[from] item: Leftovers\n|upkeep\n|turn|12\n|inactive|testyingbelli has 30 seconds left.\n|\n|t:|1776544382\n|move|p1b: Incineroar|Fake Out||[still]\n|-hint|Fake Out only works on your first turn out.\n|-fail|p1b: Incineroar\n|move|p2b: Excadrill|Rock Slide|p1a: Sinistcha|[spread] p1a\n|-miss|p2b: Excadrill|p1b: Incineroar\n|-crit|p1a: Sinistcha\n|-damage|p1a: Sinistcha|73/100\n|move|p2a: Gliscor|High Horsepower|p1b: Incineroar\n|-supereffective|p1b: Incineroar|1\n|-damage|p1b: Incineroar|0 fnt\n|faint|p1b: Incineroar\n|move|p1a: Sinistcha|Life Dew|p1a: Sinistcha\n|-heal|p1a: Sinistcha|98/100\n|\n|-weather|none\n|-heal|p1a: Sinistcha|100/100|[from] item: Leftovers\n|upkeep\n|\n|t:|1776544396\n|switch|p1b: Sneasler|Sneasler, L50, M, shiny|87/100\n|turn|13\n|\n|t:|1776544405\n|switch|p2b: Incineroar|Incineroar, L50, M|84/100\n|-ability|p2b: Incineroar|Intimidate|boost\n|-unboost|p1a: Sinistcha|atk|1\n|-unboost|p1b: Sneasler|atk|1\n|move|p2a: Gliscor|Protect|p2a: Gliscor\n|-singleturn|p2a: Gliscor|Protect\n|move|p1b: Sneasler|Close Combat|p2b: Incineroar\n|-supereffective|p2b: Incineroar|1\n|-enditem|p2b: Incineroar|Chople Berry|[eat]\n|-enditem|p2b: Incineroar|Chople Berry|[weaken]\n|-damage|p2b: Incineroar|41/100\n|-unboost|p1b: Sneasler|def|1\n|-unboost|p1b: Sneasler|spd|1\n|move|p1a: Sinistcha|Matcha Gotcha|p2a: Gliscor|[spread] p2b\n|-activate|p2a: Gliscor|move: Protect\n|-resisted|p2b: Incineroar|1\n|-damage|p2b: Incineroar|30/100\n|\n|upkeep\n|turn|14\n|inactive|Pijardus has 30 seconds left.\n|inactive|Pijardus has 20 seconds left.\n|inactive|Pijardus has 15 seconds left.\n|\n|t:|1776544446\n|move|p2b: Incineroar|Fake Out|p1b: Sneasler\n|-damage|p1b: Sneasler|51/100\n|cant|p1b: Sneasler|flinch\n|move|p2a: Gliscor|Sandstorm|p2a: Gliscor\n|-weather|Sandstorm\n|move|p1a: Sinistcha|Matcha Gotcha|p2b: Incineroar|[spread] p2a,p2b\n|-resisted|p2b: Incineroar|1\n|-damage|p2a: Gliscor|2/100\n|-damage|p2b: Incineroar|20/100\n|\n|-weather|Sandstorm|[upkeep]\n|-damage|p1b: Sneasler|46/100|[from] Sandstorm\n|-damage|p1a: Sinistcha|95/100|[from] Sandstorm\n|-damage|p2b: Incineroar|14/100|[from] Sandstorm\n|-heal|p1a: Sinistcha|100/100|[from] item: Leftovers\n|upkeep\n|turn|15\n|\n|t:|1776544466\n|move|p1b: Sneasler|Protect|p1b: Sneasler\n|-singleturn|p1b: Sneasler|Protect\n|move|p2a: Gliscor|High Horsepower|p1b: Sneasler\n|-activate|p1b: Sneasler|move: Protect\n|move|p1a: Sinistcha|Matcha Gotcha|p2b: Incineroar|[spread] p2a,p2b\n|-resisted|p2b: Incineroar|1\n|-damage|p2a: Gliscor|0 fnt\n|-damage|p2b: Incineroar|3/100\n|faint|p2a: Gliscor\n|move|p2b: Incineroar|Flare Blitz|p1a: Sinistcha\n|-supereffective|p1a: Sinistcha|1\n|-damage|p1a: Sinistcha|4/100\n|-damage|p2b: Incineroar|0 fnt|[from] Recoil\n|faint|p2b: Incineroar\n|\n|-weather|Sandstorm|[upkeep]\n|-damage|p1b: Sneasler|40/100|[from] Sandstorm\n|-damage|p1a: Sinistcha|0 fnt|[from] Sandstorm\n|faint|p1a: Sinistcha\n|upkeep\n|\n|t:|1776544485\n|switch|p2a: Excadrill|Excadrill, L50, F|100/100\n|switch|p1a: Floette|Floette-Mega, L50, F|88/100\n|switch|p2b: Sneasler|Sneasler, L50, M|100/100\n|-ability|p1a: Floette|Fairy Aura\n|turn|16\n|\n|t:|1776544498\n|move|p2b: Sneasler|Fake Out|p1a: Floette\n|-damage|p1a: Floette|68/100\n|move|p2a: Excadrill|Drill Run|p1b: Sneasler\n|-supereffective|p1b: Sneasler|1\n|-damage|p1b: Sneasler|0 fnt\n|faint|p1b: Sneasler\n|cant|p1a: Floette|flinch\n|\n|-weather|Sandstorm|[upkeep]\n|-damage|p2b: Sneasler|95/100|[from] Sandstorm\n|-damage|p1a: Floette|62/100|[from] Sandstorm\n|upkeep\n|turn|17\n|\n|t:|1776544510\n|move|p2a: Excadrill|Iron Head|p1a: Floette\n|-supereffective|p1a: Floette|1\n|-damage|p1a: Floette|0 fnt\n|faint|p1a: Floette\n|\n|win|testyingbelli\n|raw|Pijardus's rating: 1113 &rarr; <strong>1088</strong><br />(-25 for losing)\n|raw|testyingbelli's rating: 1119 &rarr; <strong>1144</strong><br />(+25 for winning)\n|l|\u2606testyingbelli\n|player|p2|\n|l|\u2606Pijardus\n|player|p1|\n",
  "uploadtime": 1776544559,
  "views": 21,
  "formatid": "gen9championsvgc2026regma",
  "rating": 1088,
  "private": 0,
  "password": null
}