{
  "id": "gen9championsvgc2026regma-2586794793",
  "format": "[Gen 9 Champions] VGC 2026 Reg M-A",
  "players": [
    "Elitelgndry3921",
    "kingthreed"
  ],
  "log": "|j|\u2606Elitelgndry3921\n|j|\u2606kingthreed\n|t:|1776460478\n|gametype|doubles\n|player|p1|Elitelgndry3921|102|1137\n|player|p2|kingthreed|170|1104\n|gen|9\n|tier|[Gen 9 Champions] VGC 2026 Reg M-A\n|rated|\n|rule|Species Clause: Limit one of each Pok\u00e9mon\n|rule|Item Clause: Limit 1 of each item\n|clearpoke\n|poke|p1|Incineroar, L50, M|\n|poke|p1|Orthworm, L50, F|\n|poke|p1|Froslass, L50, F|\n|poke|p1|Basculegion, L50, M|\n|poke|p1|Rotom-Frost, L50|\n|poke|p1|Garchomp, L50, F|\n|poke|p2|Froslass, L50, F|\n|poke|p2|Whimsicott, L50, F|\n|poke|p2|Milotic, L50, F|\n|poke|p2|Garchomp, L50, F|\n|poke|p2|Arcanine-Hisui, L50, M|\n|poke|p2|Sneasler, L50, F|\n|teampreview|4\n|inactive|Battle timer is ON: inactive players will automatically lose when time's up. (requested by kingthreed)\n|inactive|kingthreed has 60 seconds left.\n|\n|t:|1776460517\n|teamsize|p1|4\n|teamsize|p2|4\n|start\n|switch|p1a: Basculegion|Basculegion, L50, M|100/100\n|switch|p1b: Incineroar|Incineroar, L50, M|100/100\n|switch|p2a: Arcanine|Arcanine-Hisui, L50, M|100/100\n|switch|p2b: Milotic|Milotic, L50, F, shiny|100/100\n|-ability|p2a: Arcanine|Intimidate|boost\n|-unboost|p1a: Basculegion|atk|1\n|-unboost|p1b: Incineroar|atk|1\n|-ability|p1b: Incineroar|Intimidate|boost\n|-unboost|p2a: Arcanine|atk|1\n|-unboost|p2b: Milotic|atk|1\n|-ability|p2b: Milotic|Competitive|boost\n|-boost|p2b: Milotic|spa|2\n|turn|1\n|\n|t:|1776460540\n|switch|p2a: Sneasler|Sneasler, L50, F|100/100\n|move|p1b: Incineroar|Fake Out|p2b: Milotic\n|-damage|p2b: Milotic|91/100\n|move|p1a: Basculegion|Flip Turn|p2a: Sneasler\n|-damage|p2a: Sneasler|60/100\n|\n|t:|1776460549\n|switch|p1a: Froslass|Froslass, L50, F|100/100|[from] Flip Turn\n|cant|p2b: Milotic|flinch\n|\n|-heal|p2b: Milotic|97/100|[from] item: Leftovers\n|upkeep\n|turn|2\n|\n|t:|1776460568\n|detailschange|p1a: Froslass|Froslass-Mega, L50, F\n|-mega|p1a: Froslass|Froslass|Froslassite\n|-weather|Snowscape|[from] ability: Snow Warning|[of] p1a: Froslass\n|move|p1a: Froslass|Shadow Ball|p2b: Milotic\n|-damage|p2b: Milotic|63/100\n|move|p2a: Sneasler|Dire Claw|p1a: Froslass\n|-resisted|p1a: Froslass|1\n|-damage|p1a: Froslass|74/100\n|move|p2b: Milotic|Scald|p1b: Incineroar\n|-supereffective|p1b: Incineroar|1\n|-damage|p1b: Incineroar|0 fnt\n|faint|p1b: Incineroar\n|\n|-weather|Snowscape|[upkeep]\n|-heal|p2b: Milotic|69/100|[from] item: Leftovers\n|upkeep\n|\n|t:|1776460584\n|switch|p1b: Basculegion|Basculegion, L50, M|100/100\n|turn|3\n|inactive|Elitelgndry3921 has 30 seconds left.\n|\n|t:|1776460616\n|move|p2b: Milotic|Protect|p2b: Milotic\n|-singleturn|p2b: Milotic|Protect\n|move|p1b: Basculegion|Last Respects|p2a: Sneasler\n|-damage|p2a: Sneasler|0 fnt\n|faint|p2a: Sneasler\n|move|p1a: Froslass|Shadow Ball|p2b: Milotic\n|-activate|p2b: Milotic|move: Protect\n|\n|-weather|Snowscape|[upkeep]\n|-heal|p2b: Milotic|75/100|[from] item: Leftovers\n|upkeep\n|\n|t:|1776460626\n|switch|p2a: Arcanine|Arcanine-Hisui, L50, M|100/100\n|-ability|p2a: Arcanine|Intimidate|boost\n|-unboost|p1a: Froslass|atk|1\n|-unboost|p1b: Basculegion|atk|1\n|turn|4\n|\n|t:|1776460640\n|switch|p1b: Garchomp|Garchomp, L50, F|100/100\n|move|p1a: Froslass|Protect|p1a: Froslass\n|-singleturn|p1a: Froslass|Protect\n|move|p2a: Arcanine|Rock Slide|p1b: Garchomp|[spread] p1b\n|-activate|p1a: Froslass|move: Protect\n|-resisted|p1b: Garchomp|1\n|-damage|p1b: Garchomp|85/100\n|move|p2b: Milotic|Blizzard|p1b: Garchomp|[spread] p1b\n|-activate|p1a: Froslass|move: Protect\n|-supereffective|p1b: Garchomp|2\n|-damage|p1b: Garchomp|0 fnt\n|faint|p1b: Garchomp\n|\n|-weather|Snowscape|[upkeep]\n|-heal|p2b: Milotic|81/100|[from] item: Leftovers\n|upkeep\n|\n|t:|1776460652\n|switch|p1b: Basculegion|Basculegion, L50, M|100/100\n|turn|5\n|\n|t:|1776460669\n|move|p1b: Basculegion|Wave Crash|p2a: Arcanine\n|-supereffective|p2a: Arcanine|2\n|-damage|p2a: Arcanine|0 fnt\n|faint|p2a: Arcanine\n|-damage|p1b: Basculegion|70/100|[from] Recoil\n|move|p1a: Froslass|Shadow Ball|p2b: Milotic\n|-damage|p2b: Milotic|50/100\n|-unboost|p2b: Milotic|spd|1\n|-ability|p2b: Milotic|Competitive|boost\n|-boost|p2b: Milotic|spa|2\n|move|p2b: Milotic|Blizzard|p1b: Basculegion|[spread] p1a,p1b\n|-resisted|p1a: Froslass|1\n|-resisted|p1b: Basculegion|1\n|-damage|p1a: Froslass|32/100\n|-damage|p1b: Basculegion|28/100\n|\n|-weather|Snowscape|[upkeep]\n|-heal|p2b: Milotic|56/100|[from] item: Leftovers\n|upkeep\n|\n|t:|1776460688\n|switch|p2a: Froslass|Froslass, L50, F, shiny|100/100\n|turn|6\n|\n|t:|1776460695\n|detailschange|p2a: Froslass|Froslass-Mega, L50, F, shiny\n|-mega|p2a: Froslass|Froslass|Froslassite\n|move|p2a: Froslass|Protect|p2a: Froslass\n|-singleturn|p2a: Froslass|Protect\n|move|p1b: Basculegion|Wave Crash|p2a: Froslass\n|-activate|p2a: Froslass|move: Protect\n|move|p1a: Froslass|Shadow Ball|p2b: Milotic\n|-damage|p2b: Milotic|10/100\n|move|p2b: Milotic|Blizzard|p1a: Froslass|[spread] p1a,p1b\n|-resisted|p1a: Froslass|1\n|-resisted|p1b: Basculegion|1\n|-damage|p1a: Froslass|0 fnt\n|-damage|p1b: Basculegion|0 fnt\n|faint|p1a: Froslass\n|faint|p1b: Basculegion\n|\n|win|kingthreed\n|raw|Elitelgndry3921's rating: 1137 &rarr; <strong>1110</strong><br />(-27 for losing)\n|raw|kingthreed's rating: 1104 &rarr; <strong>1131</strong><br />(+27 for winning)\n|l|\u2606Elitelgndry3921\n|player|p1|\n",
  "uploadtime": 1776460713,
  "views": 31,
  "formatid": "gen9championsvgc2026regma",
  "rating": 1110,
  "private": 0,
  "password": null
}