{
  "id": "gen9championsvgc2026regma-2589384046",
  "format": "[Gen 9 Champions] VGC 2026 Reg M-A",
  "players": [
    "AppleWalrus1",
    "lllokth"
  ],
  "log": "|j|\u2606AppleWalrus1\n|j|\u2606lllokth\n|t:|1776718649\n|gametype|doubles\n|player|p1|AppleWalrus1|caitlin|1452\n|player|p2|lllokth|dancer|1518\n|gen|9\n|tier|[Gen 9 Champions] VGC 2026 Reg M-A\n|rated|\n|rule|Species Clause: Limit one of each Pok\u00e9mon\n|rule|Item Clause: Limit 1 of each item\n|clearpoke\n|poke|p1|Maushold-Four, L50|\n|poke|p1|Rotom-Wash, L50|\n|poke|p1|Garchomp, L50, M|\n|poke|p1|Talonflame, L50, M|\n|poke|p1|Gardevoir, L50, F|\n|poke|p1|Kingambit, L50, M|\n|poke|p2|Pelipper, L50, F|\n|poke|p2|Lopunny, L50, F|\n|poke|p2|Basculegion, L50, M, shiny|\n|poke|p2|Incineroar, L50, F|\n|poke|p2|Primarina, L50, F|\n|poke|p2|Archaludon, L50, F|\n|teampreview|4\n|inactive|Battle timer is ON: inactive players will automatically lose when time's up. (requested by lllokth)\n|inactive|AppleWalrus1 also wants the timer to be on.\n|inactive|AppleWalrus1 has 60 seconds left.\n|inactive|AppleWalrus1 has 30 seconds left.\n|\n|t:|1776718713\n|teamsize|p1|4\n|teamsize|p2|4\n|start\n|switch|p1a: Talonflame|Talonflame, L50, M|100/100\n|switch|p1b: Garchomp|Garchomp, L50, M|100/100\n|switch|p2a: Lopunny|Lopunny, L50, F|100/100\n|switch|p2b: Basculegion|Basculegion, L50, M, shiny|100/100\n|turn|1\n|\n|t:|1776718729\n|detailschange|p2a: Lopunny|Lopunny-Mega, L50, F\n|-mega|p2a: Lopunny|Lopunny|Lopunnite\n|move|p1a: Talonflame|Protect|p1a: Talonflame\n|-singleturn|p1a: Talonflame|Protect\n|move|p2a: Lopunny|Fake Out|p1a: Talonflame\n|-activate|p1a: Talonflame|move: Protect\n|move|p2b: Basculegion|Flip Turn|p1a: Talonflame\n|-activate|p1a: Talonflame|move: Protect\n|move|p1b: Garchomp|Earthquake|p2a: Lopunny|[spread] p2a,p2b\n|-activate|p1a: Talonflame|move: Protect\n|-damage|p2a: Lopunny|45/100\n|-damage|p2b: Basculegion|47/100\n|\n|upkeep\n|turn|2\n|\n|t:|1776718745\n|switch|p2a: Pelipper|Pelipper, L50, F|100/100\n|-weather|RainDance|[from] ability: Drizzle|[of] p2a: Pelipper\n|move|p1a: Talonflame|Tailwind|p1a: Talonflame\n|-sidestart|p1: AppleWalrus1|move: Tailwind\n|move|p1b: Garchomp|Earthquake|p2b: Basculegion|[spread] p2b\n|-immune|p1a: Talonflame\n|-immune|p2a: Pelipper\n|-damage|p2b: Basculegion|0 fnt\n|faint|p2b: Basculegion\n|\n|-weather|RainDance|[upkeep]\n|upkeep\n|\n|t:|1776718752\n|switch|p2b: Lopunny|Lopunny-Mega, L50, F|45/100\n|turn|3\n|inactive|lllokth has 30 seconds left.\n|\n|t:|1776718781\n|move|p1a: Talonflame|Protect|p1a: Talonflame\n|-singleturn|p1a: Talonflame|Protect\n|move|p1b: Garchomp|Protect|p1b: Garchomp\n|-singleturn|p1b: Garchomp|Protect\n|move|p2b: Lopunny|Fake Out|p1a: Talonflame\n|-activate|p1a: Talonflame|move: Protect\n|move|p2a: Pelipper|Wide Guard||[still]\n|-fail|p2a: Pelipper\n|\n|-weather|RainDance|[upkeep]\n|upkeep\n|turn|4\n|inactive|AppleWalrus1 has 30 seconds left.\n|\n|t:|1776718806\n|switch|p2b: Archaludon|Archaludon, L50, F|100/100\n|move|p1a: Talonflame|Acrobatics|p2a: Pelipper\n|-damage|p2a: Pelipper|73/100\n|move|p1b: Garchomp|Dragon Claw|p2a: Pelipper\n|-damage|p2a: Pelipper|38/100\n|move|p2a: Pelipper|Tailwind|p2a: Pelipper\n|-sidestart|p2: lllokth|move: Tailwind\n|\n|-weather|RainDance|[upkeep]\n|upkeep\n|turn|5\n|inactive|AppleWalrus1 has 30 seconds left.\n|inactive|AppleWalrus1 has 20 seconds left.\n|\n|t:|1776718843\n|move|p1a: Talonflame|Protect|p1a: Talonflame\n|-singleturn|p1a: Talonflame|Protect\n|move|p2a: Pelipper|Wide Guard|p2a: Pelipper\n|-singleturn|p2a: Pelipper|Wide Guard\n|move|p1b: Garchomp|Earthquake|p2a: Pelipper|[spread] \n|-activate|p2a: Pelipper|move: Wide Guard\n|-activate|p2b: Archaludon|move: Wide Guard\n|-activate|p1a: Talonflame|move: Protect\n|move|p2b: Archaludon|Electro Shot||[still]\n|-prepare|p2b: Archaludon|Electro Shot\n|-boost|p2b: Archaludon|spa|1\n|-anim|p2b: Archaludon|Electro Shot|p1a: Talonflame\n|-activate|p1a: Talonflame|move: Protect\n|\n|-weather|RainDance|[upkeep]\n|-sideend|p1: AppleWalrus1|move: Tailwind\n|upkeep\n|turn|6\n|inactive|AppleWalrus1 has 30 seconds left.\n|inactive|AppleWalrus1 has 20 seconds left.\n|\n|t:|1776718878\n|move|p2a: Pelipper|Wide Guard|p2a: Pelipper\n|-singleturn|p2a: Pelipper|Wide Guard\n|move|p1a: Talonflame|Tailwind|p1a: Talonflame\n|-sidestart|p1: AppleWalrus1|move: Tailwind\n|move|p1b: Garchomp|Dragon Claw|p2a: Pelipper\n|-damage|p2a: Pelipper|7/100\n|move|p2b: Archaludon|Electro Shot||[still]\n|-prepare|p2b: Archaludon|Electro Shot\n|-boost|p2b: Archaludon|spa|1\n|-anim|p2b: Archaludon|Electro Shot|p1a: Talonflame\n|-supereffective|p1a: Talonflame|1\n|-damage|p1a: Talonflame|0 fnt\n|faint|p1a: Talonflame\n|\n|-weather|none\n|upkeep\n|\n|t:|1776718897\n|switch|p1a: Maushold|Maushold-Four, L50|100/100\n|turn|7\n|\n|t:|1776718904\n|move|p2a: Pelipper|Wide Guard|p2a: Pelipper\n|-singleturn|p2a: Pelipper|Wide Guard\n|move|p1a: Maushold|Super Fang|p2b: Archaludon\n|-damage|p2b: Archaludon|51/100\n|-ability|p2b: Archaludon|Stamina|boost\n|-boost|p2b: Archaludon|def|1\n|move|p1b: Garchomp|Dragon Claw|p2a: Pelipper\n|-damage|p2a: Pelipper|0 fnt\n|faint|p2a: Pelipper\n|move|p2b: Archaludon|Draco Meteor|p1b: Garchomp\n|-supereffective|p1b: Garchomp|1\n|-damage|p1b: Garchomp|0 fnt\n|-unboost|p2b: Archaludon|spa|2\n|faint|p1b: Garchomp\n|\n|-heal|p2b: Archaludon|57/100|[from] item: Leftovers\n|-sideend|p2: lllokth|move: Tailwind\n|upkeep\n|\n|t:|1776718915\n|switch|p1b: Gardevoir|Gardevoir, L50, F|100/100\n|switch|p2a: Lopunny|Lopunny-Mega, L50, F|45/100\n|turn|8\n|\n|t:|1776718938\n|move|p1a: Maushold|Protect|p1a: Maushold\n|-singleturn|p1a: Maushold|Protect\n|move|p1b: Gardevoir|Protect|p1b: Gardevoir\n|-singleturn|p1b: Gardevoir|Protect\n|move|p2a: Lopunny|Fake Out|p1a: Maushold\n|-activate|p1a: Maushold|move: Protect\n|move|p2b: Archaludon|Flash Cannon|p1b: Gardevoir\n|-activate|p1b: Gardevoir|move: Protect\n|\n|-heal|p2b: Archaludon|63/100|[from] item: Leftovers\n|upkeep\n|turn|9\n|\n|t:|1776718956\n|detailschange|p1b: Gardevoir|Gardevoir-Mega, L50, F\n|-mega|p1b: Gardevoir|Gardevoir|Gardevoirite\n|move|p1a: Maushold|Follow Me|p1a: Maushold\n|-singleturn|p1a: Maushold|move: Follow Me\n|move|p2a: Lopunny|Close Combat|p1a: Maushold\n|-supereffective|p1a: Maushold|1\n|-enditem|p1a: Maushold|Chople Berry|[eat]\n|-enditem|p1a: Maushold|Chople Berry|[weaken]\n|-damage|p1a: Maushold|19/100\n|-unboost|p2a: Lopunny|def|1\n|-unboost|p2a: Lopunny|spd|1\n|move|p2b: Archaludon|Flash Cannon|p1a: Maushold\n|-crit|p1a: Maushold\n|-damage|p1a: Maushold|0 fnt\n|faint|p1a: Maushold\n|move|p1b: Gardevoir|Trick Room|p1b: Gardevoir\n|-fieldstart|move: Trick Room|[of] p1b: Gardevoir\n|\n|-heal|p2b: Archaludon|69/100|[from] item: Leftovers\n|-sideend|p1: AppleWalrus1|move: Tailwind\n|upkeep\n|turn|10\n|\n|t:|1776718970\n|move|p2b: Archaludon|Flash Cannon|p1b: Gardevoir\n|-supereffective|p1b: Gardevoir|1\n|-damage|p1b: Gardevoir|30/100\n|move|p1b: Gardevoir|Hyper Voice|p2a: Lopunny|[spread] p2a,p2b\n|-supereffective|p2a: Lopunny|1\n|-damage|p2a: Lopunny|0 fnt\n|-damage|p2b: Archaludon|5/100\n|-ability|p2b: Archaludon|Stamina|boost\n|-boost|p2b: Archaludon|def|1\n|faint|p2a: Lopunny\n|\n|-heal|p2b: Archaludon|11/100|[from] item: Leftovers\n|upkeep\n|turn|11\n|\n|t:|1776718984\n|move|p1b: Gardevoir|Protect|p1b: Gardevoir\n|-singleturn|p1b: Gardevoir|Protect\n|move|p2b: Archaludon|Flash Cannon|p1b: Gardevoir\n|-activate|p1b: Gardevoir|move: Protect\n|\n|-heal|p2b: Archaludon|17/100|[from] item: Leftovers\n|upkeep\n|turn|12\n|\n|t:|1776718987\n|move|p1b: Gardevoir|Protect|p1b: Gardevoir\n|-singleturn|p1b: Gardevoir|Protect\n|move|p2b: Archaludon|Flash Cannon|p1b: Gardevoir\n|-activate|p1b: Gardevoir|move: Protect\n|\n|-heal|p2b: Archaludon|23/100|[from] item: Leftovers\n|upkeep\n|turn|13\n|\n|t:|1776718990\n|move|p1b: Gardevoir|Protect|p1b: Gardevoir\n|-singleturn|p1b: Gardevoir|Protect\n|move|p2b: Archaludon|Flash Cannon|p1b: Gardevoir\n|-activate|p1b: Gardevoir|move: Protect\n|\n|-heal|p2b: Archaludon|29/100|[from] item: Leftovers\n|-fieldend|move: Trick Room\n|upkeep\n|turn|14\n|c|\u2606lllokth|no way\n|c|\u2606AppleWalrus1|wow\n|c|\u2606AppleWalrus1|first time getting triple\n|c|\u2606lllokth|thats genuinely crazy\n|inactive|lllokth has 30 seconds left.\n|\n|t:|1776719015\n|move|p1b: Gardevoir|Hyper Voice|p2b: Archaludon\n|-damage|p2b: Archaludon|0 fnt\n|faint|p2b: Archaludon\n|\n|win|AppleWalrus1\n|raw|AppleWalrus1's rating: 1452 &rarr; <strong>1476</strong><br />(+24 for winning)\n|raw|lllokth's rating: 1518 &rarr; <strong>1494</strong><br />(-24 for losing)\n|c|\u2606lllokth|gg\n",
  "uploadtime": 1776719025,
  "views": 17,
  "formatid": "gen9championsvgc2026regma",
  "rating": 1476,
  "private": 0,
  "password": null
}