{
  "id": "gen9championsvgc2026regma-2583166174",
  "format": "[Gen 9 Champions] VGC 2026 Reg M-A",
  "players": [
    "lolgz",
    "kokejorge1"
  ],
  "log": "|j|\u2606lolgz\n|j|\u2606kokejorge1\n|t:|1776150067\n|gametype|doubles\n|player|p1|lolgz|1|1155\n|player|p2|kokejorge1|170|1214\n|gen|9\n|tier|[Gen 9 Champions] VGC 2026 Reg M-A\n|rated|\n|rule|Species Clause: Limit one of each Pok\u00e9mon\n|rule|Item Clause: Limit 1 of each item\n|clearpoke\n|poke|p1|Floette-Eternal, L50, F|\n|poke|p1|Incineroar, L50, F|\n|poke|p1|Sneasler, L50, F|\n|poke|p1|Charizard, L50, F|\n|poke|p1|Basculegion, L50, M|\n|poke|p1|Whimsicott, L50, M|\n|poke|p2|Clawitzer, L50, F|\n|poke|p2|Krookodile, L50, M|\n|poke|p2|Aerodactyl, L50, M|\n|poke|p2|Garganacl, L50, F|\n|poke|p2|Kangaskhan, L50, F|\n|poke|p2|Reuniclus, L50, F|\n|teampreview|4\n|\n|t:|1776150104\n|teamsize|p1|4\n|teamsize|p2|4\n|start\n|switch|p1a: Incineroar|Incineroar, L50, F|100/100\n|switch|p1b: Whimsicott|Whimsicott, L50, M|100/100\n|switch|p2a: Aerodactyl|Aerodactyl, L50, M|100/100\n|switch|p2b: Krookodile|Krookodile, L50, M|100/100\n|-ability|p2a: Aerodactyl|Unnerve\n|-ability|p2b: Krookodile|Intimidate|boost\n|-unboost|p1a: Incineroar|atk|1\n|-unboost|p1b: Whimsicott|atk|1\n|-ability|p1a: Incineroar|Intimidate|boost\n|-unboost|p2a: Aerodactyl|atk|1\n|-unboost|p2b: Krookodile|atk|1\n|turn|1\n|\n|t:|1776150124\n|move|p2a: Aerodactyl|Protect|p2a: Aerodactyl\n|-singleturn|p2a: Aerodactyl|Protect\n|move|p1a: Incineroar|Fake Out|p2a: Aerodactyl\n|-activate|p2a: Aerodactyl|move: Protect\n|move|p1b: Whimsicott|Tailwind|p1b: Whimsicott\n|-sidestart|p1: lolgz|move: Tailwind\n|move|p2b: Krookodile|Iron Head|p1b: Whimsicott\n|-supereffective|p1b: Whimsicott|1\n|-damage|p1b: Whimsicott|53/100\n|\n|upkeep\n|turn|2\n|\n|t:|1776150136\n|move|p1b: Whimsicott|Encore|p2a: Aerodactyl\n|-start|p2a: Aerodactyl|Encore\n|move|p2a: Aerodactyl|Protect|p2a: Aerodactyl\n|-singleturn|p2a: Aerodactyl|Protect\n|move|p2b: Krookodile|Iron Head|p1b: Whimsicott\n|-supereffective|p1b: Whimsicott|1\n|-crit|p1b: Whimsicott\n|-damage|p1b: Whimsicott|0 fnt\n|faint|p1b: Whimsicott\n|move|p1a: Incineroar|Parting Shot|p2b: Krookodile\n|-unboost|p2b: Krookodile|atk|1\n|-unboost|p2b: Krookodile|spa|1\n|\n|t:|1776150151\n|switch|p1a: Floette|Floette-Eternal, L50, F|100/100|[from] Parting Shot\n|\n|upkeep\n|\n|t:|1776150153\n|switch|p1b: Incineroar|Incineroar, L50, F|100/100\n|-ability|p1b: Incineroar|Intimidate|boost\n|-unboost|p2a: Aerodactyl|atk|1\n|-unboost|p2b: Krookodile|atk|1\n|turn|3\n|\n|t:|1776150164\n|switch|p2a: Clawitzer|Clawitzer, L50, F|100/100\n|detailschange|p1a: Floette|Floette-Mega, L50, F\n|-mega|p1a: Floette|Floette|Floettite\n|-ability|p1a: Floette|Fairy Aura\n|move|p1b: Incineroar|Fake Out|p2a: Clawitzer\n|-damage|p2a: Clawitzer|83/100\n|move|p1a: Floette|Calm Mind|p1a: Floette\n|-boost|p1a: Floette|spa|1\n|-boost|p1a: Floette|spd|1\n|move|p2b: Krookodile|Iron Head|p1a: Floette\n|-supereffective|p1a: Floette|1\n|-damage|p1a: Floette|68/100\n|\n|upkeep\n|turn|4\n|\n|t:|1776150183\n|move|p1a: Floette|Dazzling Gleam|p2b: Krookodile|[spread] p2a,p2b\n|-supereffective|p2b: Krookodile|1\n|-damage|p2a: Clawitzer|0 fnt\n|-damage|p2b: Krookodile|0 fnt\n|faint|p2a: Clawitzer\n|faint|p2b: Krookodile\n|move|p1b: Incineroar|Parting Shot|p2: Clawitzer|[notarget]\n|-fail|p1b: Incineroar\n|\n|-sideend|p1: lolgz|move: Tailwind\n|upkeep\n|\n|t:|1776150187\n|switch|p2b: Aerodactyl|Aerodactyl, L50, M|100/100\n|switch|p2a: Kangaskhan|Kangaskhan, L50, F|100/100\n|-ability|p2b: Aerodactyl|Unnerve\n|turn|5\n|\n|t:|1776150212\n|detailschange|p2a: Kangaskhan|Kangaskhan-Mega, L50, F\n|-mega|p2a: Kangaskhan|Kangaskhan|Kangaskhanite\n|move|p2b: Aerodactyl|Tailwind|p2b: Aerodactyl\n|-sidestart|p2: kokejorge1|move: Tailwind\n|move|p2a: Kangaskhan|Body Slam|p1a: Floette\n|-damage|p1a: Floette|7/100\n|-damage|p1a: Floette|0 fnt\n|faint|p1a: Floette\n|-hitcount|p1: Floette|2\n|move|p1b: Incineroar|Parting Shot|p2a: Kangaskhan\n|-unboost|p2a: Kangaskhan|atk|1\n|-unboost|p2a: Kangaskhan|spa|1\n|\n|t:|1776150220\n|switch|p1b: Sneasler|Sneasler, L50, F|100/100|[from] Parting Shot\n|-ability|p1b: Sneasler|Pressure\n|\n|upkeep\n|\n|t:|1776150221\n|switch|p1a: Incineroar|Incineroar, L50, F|100/100\n|-ability|p1a: Incineroar|Intimidate|boost\n|-unboost|p2a: Kangaskhan|atk|1\n|-unboost|p2b: Aerodactyl|atk|1\n|turn|6\n|\n|t:|1776150231\n|move|p1a: Incineroar|Fake Out|p2b: Aerodactyl\n|-resisted|p2b: Aerodactyl|1\n|-damage|p2b: Aerodactyl|92/100\n|cant|p2b: Aerodactyl|flinch\n|move|p2a: Kangaskhan|Body Slam|p1b: Sneasler\n|-damage|p1b: Sneasler|67/100\n|-damage|p1b: Sneasler|59/100\n|-status|p1b: Sneasler|par\n|-hitcount|p1b: Sneasler|2\n|move|p1b: Sneasler|Close Combat|p2a: Kangaskhan\n|-supereffective|p2a: Kangaskhan|1\n|-damage|p2a: Kangaskhan|0 fnt\n|-unboost|p1b: Sneasler|def|1\n|-unboost|p1b: Sneasler|spd|1\n|faint|p2a: Kangaskhan\n|-enditem|p1b: Sneasler|White Herb\n|-clearnegativeboost|p1b: Sneasler|[silent]\n|\n|upkeep\n|turn|7\n|\n|t:|1776150250\n|move|p1b: Sneasler|Protect|p1b: Sneasler\n|-singleturn|p1b: Sneasler|Protect\n|move|p2b: Aerodactyl|Dual Wingbeat|p1b: Sneasler\n|-activate|p1b: Sneasler|move: Protect\n|move|p1a: Incineroar|Parting Shot|p2b: Aerodactyl\n|-unboost|p2b: Aerodactyl|atk|1\n|-unboost|p2b: Aerodactyl|spa|1\n|\n|upkeep\n|turn|8\n|\n|t:|1776150259\n|move|p2b: Aerodactyl|Dual Wingbeat|p1b: Sneasler\n|-supereffective|p1b: Sneasler|1\n|-damage|p1b: Sneasler|30/100 par\n|-supereffective|p1b: Sneasler|1\n|-damage|p1b: Sneasler|3/100 par\n|-hitcount|p1b: Sneasler|2\n|move|p1b: Sneasler|Close Combat|p2b: Aerodactyl\n|-damage|p2b: Aerodactyl|4/100\n|-unboost|p1b: Sneasler|def|1\n|-unboost|p1b: Sneasler|spd|1\n|move|p1a: Incineroar|Throat Chop|p2b: Aerodactyl\n|-damage|p2b: Aerodactyl|0 fnt\n|faint|p2b: Aerodactyl\n|\n|win|lolgz\n|raw|lolgz's rating: 1155 &rarr; <strong>1184</strong><br />(+29 for winning)\n|raw|kokejorge1's rating: 1214 &rarr; <strong>1185</strong><br />(-29 for losing)\n",
  "uploadtime": 1776150260,
  "views": 20,
  "formatid": "gen9championsvgc2026regma",
  "rating": 1184,
  "private": 0,
  "password": null
}