{
  "id": "gen9championsvgc2026regma-2589572324",
  "format": "[Gen 9 Champions] VGC 2026 Reg M-A",
  "players": [
    "batterystapler",
    "A!! M1GHT"
  ],
  "log": "|j|\u2606batterystapler\n|j|\u2606A!! M1GHT\n|t:|1776735296\n|gametype|doubles\n|player|p1|batterystapler|2|1261\n|player|p2|A!! M1GHT|2|1296\n|gen|9\n|tier|[Gen 9 Champions] VGC 2026 Reg M-A\n|rated|\n|rule|Species Clause: Limit one of each Pok\u00e9mon\n|rule|Item Clause: Limit 1 of each item\n|clearpoke\n|poke|p1|Glimmora, L50, M|\n|poke|p1|Whimsicott, L50, F|\n|poke|p1|Hydreigon, L50, F|\n|poke|p1|Milotic, L50, M|\n|poke|p1|Decidueye-Hisui, L50, F|\n|poke|p1|Volcarona, L50, M|\n|poke|p2|Gardevoir, L50, M, shiny|\n|poke|p2|Feraligatr, L50, M, shiny|\n|poke|p2|Sneasler, L50, F, shiny|\n|poke|p2|Talonflame, L50, M, shiny|\n|poke|p2|Kingambit, L50, F, shiny|\n|poke|p2|Sinistcha-Masterpiece, L50, shiny|\n|teampreview|4\n|inactive|Battle timer is ON: inactive players will automatically lose when time's up. (requested by A!! M1GHT)\n|inactive|A!! M1GHT has 60 seconds left.\n|\n|t:|1776735335\n|teamsize|p1|4\n|teamsize|p2|4\n|start\n|switch|p1a: Glimmora|Glimmora, L50, M|100/100\n|switch|p1b: Milotic|Milotic, L50, M|100/100\n|switch|p2a: Kingambit|Kingambit, L50, F, shiny|100/100\n|switch|p2b: Sneasler|Sneasler, L50, F, shiny|100/100\n|turn|1\n|\n|t:|1776735349\n|move|p2b: Sneasler|Fake Out|p1b: Milotic\n|-damage|p1b: Milotic|87/100\n|move|p1a: Glimmora|Earth Power|p2b: Sneasler\n|-supereffective|p2b: Sneasler|1\n|-damage|p2b: Sneasler|4/100\n|cant|p1b: Milotic|flinch\n|move|p2a: Kingambit|Iron Head|p1a: Glimmora\n|-supereffective|p1a: Glimmora|1\n|-damage|p1a: Glimmora|11/100\n|-activate|p1a: Glimmora|ability: Toxic Debris\n|-sidestart|p2: A!! M1GHT|move: Toxic Spikes\n|\n|-heal|p1b: Milotic|93/100|[from] item: Leftovers\n|upkeep\n|turn|2\n|\n|t:|1776735365\n|move|p1a: Glimmora|Spiky Shield|p1a: Glimmora\n|-singleturn|p1a: Glimmora|move: Protect\n|move|p2b: Sneasler|Coaching|p2a: Kingambit\n|-boost|p2a: Kingambit|atk|1\n|-boost|p2a: Kingambit|def|1\n|move|p1b: Milotic|Scald|p2a: Kingambit\n|-damage|p2a: Kingambit|77/100\n|move|p2a: Kingambit|Kowtow Cleave|p1b: Milotic\n|-damage|p1b: Milotic|28/100\n|\n|-heal|p1b: Milotic|34/100|[from] item: Leftovers\n|upkeep\n|turn|3\n|\n|t:|1776735383\n|switch|p1a: Volcarona|Volcarona, L50, M|100/100\n|move|p2a: Kingambit|Sucker Punch||[still]\n|-fail|p2a: Kingambit\n|move|p2b: Sneasler|Close Combat|p1b: Milotic\n|-damage|p1b: Milotic|0 fnt\n|-unboost|p2b: Sneasler|def|1\n|-unboost|p2b: Sneasler|spd|1\n|faint|p1b: Milotic\n|\n|upkeep\n|\n|t:|1776735390\n|switch|p1b: Decidueye|Decidueye-Hisui, L50, F|100/100\n|turn|4\n|l|\u2606A!! M1GHT\n|inactive|A!! M1GHT disconnected and has a minute to reconnect!\n|player|p2|\n|j|\u2606A!! M1GHT\n|inactive|A!! M1GHT reconnected and has 35 seconds left.\n|player|p2|A!! M1GHT|2|\n|inactive|A!! M1GHT has 30 seconds left.\n|\n|t:|1776735420\n|move|p2a: Kingambit|Protect|p2a: Kingambit\n|-singleturn|p2a: Kingambit|Protect\n|move|p1b: Decidueye|Shadow Sneak|p2b: Sneasler\n|-damage|p2b: Sneasler|0 fnt\n|faint|p2b: Sneasler\n|move|p1a: Volcarona|Fiery Dance|p2a: Kingambit\n|-activate|p2a: Kingambit|move: Protect\n|\n|upkeep\n|\n|t:|1776735425\n|switch|p2b: Feraligatr|Feraligatr, L50, M, shiny|100/100\n|-status|p2b: Feraligatr|psn\n|turn|5\n|\n|t:|1776735444\n|switch|p1b: Glimmora|Glimmora, L50, M|11/100\n|detailschange|p2b: Feraligatr|Feraligatr-Mega, L50, M, shiny\n|-mega|p2b: Feraligatr|Feraligatr|Feraligite\n|move|p1a: Volcarona|Protect|p1a: Volcarona\n|-singleturn|p1a: Volcarona|Protect\n|move|p2a: Kingambit|Sucker Punch||[still]\n|-fail|p2a: Kingambit\n|move|p2b: Feraligatr|Double-Edge|p1b: Glimmora\n|-damage|p1b: Glimmora|0 fnt\n|-activate|p1b: Glimmora|ability: Toxic Debris\n|-sidestart|p2: A!! M1GHT|move: Toxic Spikes\n|faint|p1b: Glimmora\n|-damage|p2b: Feraligatr|97/100 psn|[from] Recoil\n|\n|-damage|p2b: Feraligatr|84/100 psn|[from] psn\n|upkeep\n|\n|t:|1776735454\n|switch|p1b: Decidueye|Decidueye-Hisui, L50, F|100/100\n|turn|6\n|\n|t:|1776735477\n|move|p2a: Kingambit|Sucker Punch|p1a: Volcarona\n|-damage|p1a: Volcarona|48/100\n|-enditem|p1a: Volcarona|Sitrus Berry|[eat]\n|-heal|p1a: Volcarona|73/100|[from] item: Sitrus Berry\n|move|p1b: Decidueye|Close Combat|p2b: Feraligatr\n|-damage|p2b: Feraligatr|43/100 psn\n|-unboost|p1b: Decidueye|def|1\n|-unboost|p1b: Decidueye|spd|1\n|move|p1a: Volcarona|Fiery Dance|p2a: Kingambit\n|-supereffective|p2a: Kingambit|1\n|-damage|p2a: Kingambit|12/100\n|move|p2b: Feraligatr|Double-Edge|p1b: Decidueye\n|-damage|p1b: Decidueye|0 fnt\n|faint|p1b: Decidueye\n|-damage|p2b: Feraligatr|15/100 psn|[from] Recoil\n|\n|-damage|p2b: Feraligatr|3/100 psn|[from] psn\n|upkeep\n|turn|7\n|\n|t:|1776735494\n|switch|p2b: Sinistcha|Sinistcha-Masterpiece, L50, shiny|100/100\n|-status|p2b: Sinistcha|tox\n|-heal|p2a: Kingambit|37/100|[from] ability: Hospitality|[of] p2b: Sinistcha\n|move|p1a: Volcarona|Fiery Dance|p2a: Kingambit\n|-supereffective|p2a: Kingambit|1\n|-damage|p2a: Kingambit|0 fnt\n|faint|p2a: Kingambit\n|\n|-damage|p2b: Sinistcha|94/100 tox|[from] psn\n|upkeep\n|\n|t:|1776735502\n|switch|p2a: Feraligatr|Feraligatr-Mega, L50, M, shiny|3/100 psn\n|turn|8\n|\n|t:|1776735510\n|move|p1a: Volcarona|Protect|p1a: Volcarona\n|-singleturn|p1a: Volcarona|Protect\n|move|p2b: Sinistcha|Rage Powder|p2b: Sinistcha\n|-singleturn|p2b: Sinistcha|move: Rage Powder\n|move|p2a: Feraligatr|Liquidation|p1a: Volcarona\n|-activate|p1a: Volcarona|move: Protect\n|\n|-damage|p2a: Feraligatr|0 fnt|[from] psn\n|faint|p2a: Feraligatr\n|-damage|p2b: Sinistcha|82/100 tox|[from] psn\n|upkeep\n|turn|9\n|\n|t:|1776735515\n|move|p1a: Volcarona|Fiery Dance|p2b: Sinistcha\n|-supereffective|p2b: Sinistcha|1\n|-damage|p2b: Sinistcha|11/100 tox\n|-enditem|p2b: Sinistcha|Sitrus Berry|[eat]\n|-heal|p2b: Sinistcha|36/100 tox|[from] item: Sitrus Berry\n|move|p2b: Sinistcha|Shadow Ball|p1a: Volcarona\n|-damage|p1a: Volcarona|44/100\n|\n|-damage|p2b: Sinistcha|17/100 tox|[from] psn\n|upkeep\n|turn|10\n|\n|t:|1776735520\n|move|p1a: Volcarona|Protect|p1a: Volcarona\n|-singleturn|p1a: Volcarona|Protect\n|move|p2b: Sinistcha|Shadow Ball|p1a: Volcarona\n|-activate|p1a: Volcarona|move: Protect\n|\n|-damage|p2b: Sinistcha|0 fnt|[from] psn\n|faint|p2b: Sinistcha\n|\n|win|batterystapler\n|raw|batterystapler's rating: 1261 &rarr; <strong>1289</strong><br />(+28 for winning)\n|raw|A!! M1GHT's rating: 1296 &rarr; <strong>1268</strong><br />(-28 for losing)\n|c|\u2606batterystapler|gg\n|l|\u2606A!! M1GHT\n|player|p2|\n",
  "uploadtime": 1776735552,
  "views": 8,
  "formatid": "gen9championsvgc2026regma",
  "rating": 1268,
  "private": 0,
  "password": null
}