{
  "id": "gen9championsvgc2026regma-2581591565",
  "format": "[Gen 9 Champions] VGC 2026 Reg M-A",
  "players": [
    "Mariio711",
    "Sceptilicious"
  ],
  "log": "|j|\u2606Mariio711\n|j|\u2606Sceptilicious\n|t:|1776013452\n|gametype|doubles\n|player|p1|Mariio711|2|1108\n|player|p2|Sceptilicious|169|1031\n|gen|9\n|tier|[Gen 9 Champions] VGC 2026 Reg M-A\n|rated|\n|rule|Species Clause: Limit one of each Pok\u00e9mon\n|rule|Item Clause: Limit 1 of each item\n|clearpoke\n|poke|p1|Sneasler, L50, M|\n|poke|p1|Kingambit, L50, M|\n|poke|p1|Clefable, L50, F|\n|poke|p1|Delphox, L50, M|\n|poke|p1|Dragonite, L50, F|\n|poke|p1|Basculegion, L50, M|\n|poke|p2|Sinistcha, L50|\n|poke|p2|Dragonite, L50, M|\n|poke|p2|Milotic, L50, F|\n|poke|p2|Incineroar, L50, M|\n|poke|p2|Rotom-Wash, L50|\n|poke|p2|Maushold, L50|\n|teampreview|4\n|inactive|Battle timer is ON: inactive players will automatically lose when time's up. (requested by Mariio711)\nMariio711 rejected open team sheets.\n|inactive|Sceptilicious has 60 seconds left.\n|\n|t:|1776013496\n|teamsize|p1|4\n|teamsize|p2|4\n|start\n|switch|p1a: Sneasler|Sneasler, L50, M, shiny|100/100\n|switch|p1b: Delphox|Delphox, L50, M, shiny|100/100\n|switch|p2a: Nicole|Dragonite, L50, M, shiny|100/100\n|switch|p2b: Lucy|Milotic, L50, F, shiny|100/100\n|turn|1\n|\n|t:|1776013514\n|detailschange|p1b: Delphox|Delphox-Mega, L50, M, shiny\n|-mega|p1b: Delphox|Delphox|Delphoxite\n|move|p2a: Nicole|Protect|p2a: Nicole\n|-singleturn|p2a: Nicole|Protect\n|move|p1a: Sneasler|Fake Out|p2b: Lucy\n|-damage|p2b: Lucy|86/100\n|move|p1b: Delphox|Psychic|p2a: Nicole\n|-activate|p2a: Nicole|move: Protect\n|cant|p2b: Lucy|flinch\n|\n|upkeep\n|turn|2\n|\n|t:|1776013535\n|switch|p2a: Wolfey|Incineroar, L50, M|100/100\n|-ability|p2a: Wolfey|Intimidate|boost\n|-unboost|p1a: Sneasler|atk|1\n|-unboost|p1b: Delphox|atk|1\n|move|p1b: Delphox|Psychic|p2b: Lucy\n|-damage|p2b: Lucy|50/100\n|move|p1a: Sneasler|Dire Claw|p2b: Lucy\n|-damage|p2b: Lucy|20/100\n|-status|p2b: Lucy|par\n|move|p2b: Lucy|Rain Dance|p2b: Lucy\n|-weather|RainDance\n|\n|-weather|RainDance|[upkeep]\n|upkeep\n|turn|3\n|inactive|Mariio711 has 30 seconds left.\n|inactive|Sceptilicious has 30 seconds left.\n|\n|t:|1776013563\n|switch|p1b: Basculegion|Basculegion, L50, M, shiny|100/100\n|move|p1a: Sneasler|Protect|p1a: Sneasler\n|-singleturn|p1a: Sneasler|Protect\n|move|p2a: Wolfey|Fake Out|p1a: Sneasler\n|-activate|p1a: Sneasler|move: Protect\n|move|p2b: Lucy|Scald|p1b: Basculegion\n|-resisted|p1b: Basculegion|1\n|-damage|p1b: Basculegion|70/100\n|\n|-weather|RainDance|[upkeep]\n|upkeep\n|turn|4\n|inactive|Mariio711 has 30 seconds left.\n|inactive|Sceptilicious has 30 seconds left.\n|inactive|Mariio711 has 20 seconds left.\n|\n|t:|1776013600\n|switch|p1a: Kingambit|Kingambit, L50, M, shiny|100/100\n|switch|p2a: Tea Time|Sinistcha, L50|100/100\n|-heal|p2b: Lucy|45/100 par|[from] ability: Hospitality|[of] p2a: Tea Time\n|move|p1b: Basculegion|Wave Crash|p2a: Tea Time\n|-resisted|p2a: Tea Time|1\n|-damage|p2a: Tea Time|50/100\n|-enditem|p2a: Tea Time|Sitrus Berry|[eat]\n|-heal|p2a: Tea Time|75/100|[from] item: Sitrus Berry\n|-damage|p1b: Basculegion|58/100|[from] Recoil\n|move|p2b: Lucy|Recover|p2b: Lucy\n|-heal|p2b: Lucy|95/100 par\n|\n|-weather|RainDance|[upkeep]\n|upkeep\n|turn|5\n|\n|t:|1776013622\n|move|p1b: Basculegion|Wave Crash|p2b: Lucy\n|-resisted|p2b: Lucy|1\n|-damage|p2b: Lucy|49/100 par\n|-damage|p1b: Basculegion|46/100|[from] Recoil\n|move|p1a: Kingambit|Kowtow Cleave|p2a: Tea Time\n|-supereffective|p2a: Tea Time|1\n|-damage|p2a: Tea Time|0 fnt\n|faint|p2a: Tea Time\n|move|p2b: Lucy|Scald|p1a: Kingambit\n|-damage|p1a: Kingambit|55/100\n|\n|-weather|RainDance|[upkeep]\n|upkeep\n|\n|t:|1776013635\n|switch|p2a: Nicole|Dragonite, L50, M, shiny|100/100\n|turn|6\n|\n|t:|1776013658\n|detailschange|p2a: Nicole|Dragonite-Mega, L50, M, shiny\n|-mega|p2a: Nicole|Dragonite|Dragoninite\n|move|p1b: Basculegion|Wave Crash|p2b: Lucy\n|-resisted|p2b: Lucy|1\n|-damage|p2b: Lucy|0 fnt\n|faint|p2b: Lucy\n|-damage|p1b: Basculegion|32/100|[from] Recoil\n|move|p2a: Nicole|Thunder|p1a: Kingambit\n|-damage|p1a: Kingambit|17/100\n|move|p1a: Kingambit|Kowtow Cleave|p2a: Nicole\n|-damage|p2a: Nicole|77/100\n|\n|-weather|none\n|upkeep\n|\n|t:|1776013671\n|switch|p2b: Wolfey|Incineroar, L50, M|100/100\n|-ability|p2b: Wolfey|Intimidate|boost\n|-unboost|p1a: Kingambit|atk|1\n|-ability|p1a: Kingambit|Defiant|boost\n|-boost|p1a: Kingambit|atk|2\n|-unboost|p1b: Basculegion|atk|1\n|turn|7\n|inactive|Mariio711 has 30 seconds left.\n|inactive|Sceptilicious has 30 seconds left.\n|inactive|Mariio711 has 20 seconds left.\n|\n|t:|1776013707\n|move|p2b: Wolfey|Fake Out|p1a: Kingambit\n|-resisted|p1a: Kingambit|1\n|-damage|p1a: Kingambit|12/100\n|move|p1b: Basculegion|Wave Crash|p2b: Wolfey\n|-supereffective|p2b: Wolfey|1\n|-damage|p2b: Wolfey|3/100\n|-damage|p1b: Basculegion|3/100|[from] Recoil\n|move|p2a: Nicole|Draco Meteor|p1b: Basculegion\n|-damage|p1b: Basculegion|0 fnt\n|-unboost|p2a: Nicole|spa|2\n|faint|p1b: Basculegion\n|cant|p1a: Kingambit|flinch\n|\n|upkeep\n|\n|t:|1776013720\n|switch|p1b: Sneasler|Sneasler, L50, M, shiny|100/100\n|turn|8\n|\n|t:|1776013745\n|move|p2a: Nicole|Protect|p2a: Nicole\n|-singleturn|p2a: Nicole|Protect\n|move|p1b: Sneasler|Fake Out|p2a: Nicole\n|-activate|p2a: Nicole|move: Protect\n|move|p1a: Kingambit|Kowtow Cleave|p2a: Nicole\n|-activate|p2a: Nicole|move: Protect\n|move|p2b: Wolfey|Flare Blitz|p1a: Kingambit\n|-supereffective|p1a: Kingambit|1\n|-damage|p1a: Kingambit|0 fnt\n|faint|p1a: Kingambit\n|-damage|p2b: Wolfey|0 fnt|[from] Recoil\n|faint|p2b: Wolfey\n|\n|upkeep\n|\n|t:|1776013757\n|switch|p1a: Delphox|Delphox-Mega, L50, M, shiny|100/100\n|turn|9\n|\n|t:|1776013765\n|move|p2a: Nicole|Protect|p2a: Nicole\n|-singleturn|p2a: Nicole|Protect\n|move|p1a: Delphox|Psychic|p2a: Nicole\n|-activate|p2a: Nicole|move: Protect\n|move|p1b: Sneasler|Dire Claw|p2a: Nicole\n|-activate|p2a: Nicole|move: Protect\n|\n|upkeep\n|turn|10\n|\n|t:|1776013777\n|move|p1a: Delphox|Psychic|p2a: Nicole\n|-damage|p2a: Nicole|28/100\n|move|p1b: Sneasler|Dire Claw|p2a: Nicole\n|-damage|p2a: Nicole|0 fnt\n|faint|p2a: Nicole\n|\n|win|Mariio711\n|raw|Mariio711's rating: 1108 &rarr; <strong>1128</strong><br />(+20 for winning)\n|raw|Sceptilicious's rating: 1031 &rarr; <strong>1020</strong><br />(-11 for losing)\n",
  "uploadtime": 1776013783,
  "views": 16,
  "formatid": "gen9championsvgc2026regma",
  "rating": 1020,
  "private": 0,
  "password": null
}