{
  "id": "gen9championsvgc2026regma-2587516422",
  "format": "[Gen 9 Champions] VGC 2026 Reg M-A",
  "players": [
    "alitu",
    "disciple of blahaj"
  ],
  "log": "|j|\u2606alitu\n|j|\u2606disciple of blahaj\n|t:|1776538502\n|gametype|doubles\n|player|p1|alitu|266|1205\n|player|p2|disciple of blahaj|jacinthe|1307\n|gen|9\n|tier|[Gen 9 Champions] VGC 2026 Reg M-A\n|rated|\n|rule|Species Clause: Limit one of each Pok\u00e9mon\n|rule|Item Clause: Limit 1 of each item\n|clearpoke\n|poke|p1|Incineroar, L50, F|\n|poke|p1|Pelipper, L50, F|\n|poke|p1|Meganium, L50, M|\n|poke|p1|Archaludon, L50, M|\n|poke|p1|Rotom, L50|\n|poke|p1|Mamoswine, L50, M|\n|poke|p2|Lopunny, L50, M, shiny|\n|poke|p2|Basculegion, L50, M|\n|poke|p2|Klefki, L50, F, shiny|\n|poke|p2|Pelipper, L50, M|\n|poke|p2|Garchomp, L50, F|\n|poke|p2|Aegislash, L50, M|\n|teampreview|4\n|j| zbgxvkjbvaiudfb\n|l| zbgxvkjbvaiudfb\n|inactive|Battle timer is ON: inactive players will automatically lose when time's up. (requested by disciple of blahaj)\n|inactive|alitu has 60 seconds left.\n|inactive|alitu has 30 seconds left.\n|\n|t:|1776538572\n|teamsize|p1|4\n|teamsize|p2|4\n|start\n|switch|p1a: Rotom|Rotom, L50|100/100\n|switch|p1b: Meganium|Meganium, L50, M|100/100\n|switch|p2a: Lopunny|Lopunny, L50, M, shiny|100/100\n|switch|p2b: Basculegion|Basculegion, L50, M|100/100\n|turn|1\n|inactive|alitu has 30 seconds left.\n|inactive|disciple of blahaj has 30 seconds left.\n|\n|t:|1776538606\n|detailschange|p2a: Lopunny|Lopunny-Mega, L50, M, shiny\n|-mega|p2a: Lopunny|Lopunny|Lopunnite\n|detailschange|p1b: Meganium|Meganium-Mega, L50, M\n|-mega|p1b: Meganium|Meganium|Meganiumite\n|move|p2a: Lopunny|Fake Out|p1b: Meganium\n|-damage|p1b: Meganium|82/100\n|move|p1a: Rotom|Will-O-Wisp|p2a: Lopunny\n|-status|p2a: Lopunny|brn\n|move|p2b: Basculegion|Last Respects|p1a: Rotom\n|-supereffective|p1a: Rotom|1\n|-damage|p1a: Rotom|0 fnt\n|faint|p1a: Rotom\n|cant|p1b: Meganium|flinch\n|\n|-damage|p2a: Lopunny|95/100 brn|[from] brn\n|upkeep\n|\n|t:|1776538627\n|switch|p1a: Pelipper|Pelipper, L50, F|100/100\n|-weather|RainDance|[from] ability: Drizzle|[of] p1a: Pelipper\n|turn|2\n|\n|t:|1776538652\n|switch|p2b: Aegislash|Aegislash, L50, M|100/100\n|move|p2a: Lopunny|Facade|p1b: Meganium\n|-damage|p1b: Meganium|18/100\n|move|p1b: Meganium|Weather Ball|p2b: Aegislash\n|-supereffective|p2b: Aegislash|1\n|-damage|p2b: Aegislash|5/100\n|move|p1a: Pelipper|Tailwind|p1a: Pelipper\n|-sidestart|p1: alitu|move: Tailwind\n|\n|-weather|RainDance|[upkeep]\n|-heal|p2b: Aegislash|11/100|[from] item: Leftovers\n|-damage|p2a: Lopunny|89/100 brn|[from] brn\n|upkeep\n|turn|3\n|inactive|disciple of blahaj has 30 seconds left.\n|inactive|alitu has 30 seconds left.\n|inactive|disciple of blahaj has 20 seconds left.\n|inactive|disciple of blahaj has 15 seconds left.\n|inactive|alitu has 20 seconds left.\n|inactive|alitu has 15 seconds left.\n|\n|t:|1776538703\n|switch|p1b: Mamoswine|Mamoswine, L50, M|100/100\n|move|p2b: Aegislash|King's Shield|p2b: Aegislash\n|-singleturn|p2b: Aegislash|Protect\n|move|p2a: Lopunny|Facade|p1b: Mamoswine\n|-damage|p1b: Mamoswine|21/100\n|move|p1a: Pelipper|Hurricane|p2a: Lopunny\n|-supereffective|p2a: Lopunny|1\n|-damage|p2a: Lopunny|0 fnt\n|faint|p2a: Lopunny\n|\n|-weather|RainDance|[upkeep]\n|-heal|p2b: Aegislash|17/100|[from] item: Leftovers\n|upkeep\n|\n|t:|1776538722\n|switch|p2a: Pelipper|Pelipper, L50, M|100/100\n|turn|4\n|inactive|alitu has 30 seconds left.\n|\n|t:|1776538756\n|move|p1b: Mamoswine|Icicle Crash|p2a: Pelipper\n|-damage|p2a: Pelipper|33/100\n|-enditem|p2a: Pelipper|Sitrus Berry|[eat]\n|-heal|p2a: Pelipper|58/100|[from] item: Sitrus Berry\n|move|p1a: Pelipper|Hurricane|p2b: Aegislash\n|-resisted|p2b: Aegislash|1\n|-damage|p2b: Aegislash|0 fnt\n|faint|p2b: Aegislash\n|move|p2a: Pelipper|Muddy Water|p1b: Mamoswine|[spread] p1a,p1b\n|-resisted|p1a: Pelipper|1\n|-supereffective|p1b: Mamoswine|1\n|-damage|p1a: Pelipper|72/100\n|-damage|p1b: Mamoswine|0 fnt\n|-unboost|p1a: Pelipper|accuracy|1\n|faint|p1b: Mamoswine\n|\n|-weather|RainDance|[upkeep]\n|upkeep\n|\n|t:|1776538779\n|switch|p1b: Meganium|Meganium-Mega, L50, M|18/100\n|switch|p2b: Basculegion|Basculegion, L50, M|100/100\n|turn|5\n|inactive|disciple of blahaj has 30 seconds left.\n|inactive|alitu has 30 seconds left.\n|inactive|disciple of blahaj has 20 seconds left.\n|inactive|alitu has 20 seconds left.\n|inactive|alitu has 15 seconds left.\n|inactive|alitu has 10 seconds left.\n|\n|t:|1776538829\n|move|p2b: Basculegion|Aqua Jet|p1b: Meganium\n|-resisted|p1b: Meganium|1\n|-damage|p1b: Meganium|0 fnt\n|faint|p1b: Meganium\n|move|p1a: Pelipper|Hurricane|p2b: Basculegion\n|-damage|p2b: Basculegion|47/100\n|move|p2a: Pelipper|Hurricane|p1a: Pelipper\n|-damage|p1a: Pelipper|10/100\n|\n|-weather|RainDance|[upkeep]\n|-sideend|p1: alitu|move: Tailwind\n|upkeep\n|turn|6\n|-message|alitu forfeited.\n|\n|win|disciple of blahaj\n|raw|alitu's rating: 1205 &rarr; <strong>1187</strong><br />(-18 for losing)\n|raw|disciple of blahaj's rating: 1307 &rarr; <strong>1321</strong><br />(+14 for winning)\n|l|\u2606alitu\n|player|p1|\n",
  "uploadtime": 1776538848,
  "views": 14,
  "formatid": "gen9championsvgc2026regma",
  "rating": 1187,
  "private": 0,
  "password": null
}