{
  "id": "gen9championsvgc2026regma-2581308032",
  "format": "[Gen 9 Champions] VGC 2026 Reg M-A",
  "players": [
    "Tannerk64",
    "ViableCitations"
  ],
  "log": "|j|\u2606Tannerk64\n|j|\u2606ViableCitations\n|t:|1775984509\n|gametype|doubles\n|player|p1|Tannerk64|byron|1112\n|player|p2|ViableCitations|101|1010\n|gen|9\n|tier|[Gen 9 Champions] VGC 2026 Reg M-A\n|rated|\n|rule|Species Clause: Limit one of each Pok\u00e9mon\n|rule|Item Clause: Limit 1 of each item\n|clearpoke\n|poke|p1|Golurk, L50|\n|poke|p1|Sneasler, L50, M|\n|poke|p1|Incineroar, L50, M|\n|poke|p1|Venusaur, L50, M|\n|poke|p1|Torkoal, L50, F|\n|poke|p1|Farigiraf, L50, F|\n|poke|p2|Goodra-Hisui, L50, M|\n|poke|p2|Starmie, L50|\n|poke|p2|Incineroar, L50, M|\n|poke|p2|Mamoswine, L50, M|\n|poke|p2|Sinistcha, L50|\n|poke|p2|Noivern, L50, F|\n|teampreview|4\nViableCitations rejected open team sheets.\n|\n|t:|1775984575\n|teamsize|p1|4\n|teamsize|p2|4\n|start\n|switch|p1a: Farigiraf|Farigiraf, L50, F|100/100\n|switch|p1b: Incineroar|Incineroar, L50, M|100/100\n|switch|p2a: Starmie|Starmie, L50|100/100\n|switch|p2b: Incineroar|Incineroar, L50, M|100/100\n|-ability|p2b: Incineroar|Intimidate|boost\n|-unboost|p1a: Farigiraf|atk|1\n|-unboost|p1b: Incineroar|atk|1\n|-ability|p1b: Incineroar|Intimidate|boost\n|-unboost|p2a: Starmie|atk|1\n|-unboost|p2b: Incineroar|atk|1\n|turn|1\n|inactive|Battle timer is ON: inactive players will automatically lose when time's up. (requested by Tannerk64)\n|inactive|ViableCitations has 60 seconds left.\n|inactive|ViableCitations has 30 seconds left.\n|\n|t:|1775984638\n|switch|p2b: Mamoswine|Mamoswine, L50, M|100/100\n|detailschange|p2a: Starmie|Starmie-Mega, L50\n|-mega|p2a: Starmie|Starmie|Starminite\n|move|p2a: Starmie|Skill Swap|p2b: Mamoswine\n|-activate|p2a: Starmie|Skill Swap|||[of] p2b: Mamoswine\n|move|p1b: Incineroar|Parting Shot|p2a: Starmie\n|-unboost|p2a: Starmie|atk|1\n|-unboost|p2a: Starmie|spa|1\n|\n|t:|1775984656\n|switch|p1b: Golurk|Golurk, L50|100/100|[from] Parting Shot\n|move|p1a: Farigiraf|Trick Room|p1a: Farigiraf\n|-fieldstart|move: Trick Room|[of] p1a: Farigiraf\n|\n|upkeep\n|turn|2\n|inactive|ViableCitations has 30 seconds left.\n|\n|t:|1775984690\n|switch|p2a: Incineroar|Incineroar, L50, M|100/100\n|-ability|p2a: Incineroar|Intimidate|boost\n|-unboost|p1a: Farigiraf|atk|1\n|-unboost|p1b: Golurk|atk|1\n|detailschange|p1b: Golurk|Golurk-Mega, L50\n|-mega|p1b: Golurk|Golurk|Golurkite\n|move|p1b: Golurk|Poltergeist|p2b: Mamoswine\n|-activate|p2b: Mamoswine|move: Poltergeist|Choice Scarf\n|-damage|p2b: Mamoswine|45/100\n|move|p1a: Farigiraf|Hyper Voice|p2b: Mamoswine|[spread] p2a,p2b\n|-damage|p2a: Incineroar|81/100\n|-damage|p2b: Mamoswine|12/100\n|move|p2b: Mamoswine|Icicle Crash|p1b: Golurk\n|-supereffective|p1b: Golurk|1\n|-damage|p1b: Golurk|0 fnt\n|faint|p1b: Golurk\n|\n|upkeep\n|\n|t:|1775984708\n|switch|p1b: Incineroar|Incineroar, L50, M|100/100\n|-ability|p1b: Incineroar|Intimidate|boost\n|-unboost|p2a: Incineroar|atk|1\n|-unboost|p2b: Mamoswine|atk|1\n|turn|3\n|\n|t:|1775984723\n|switch|p2a: Starmie|Starmie-Mega, L50|100/100\n|switch|p2b: Goodra|Goodra-Hisui, L50, M|100/100\n|move|p1b: Incineroar|Fake Out|p2a: Starmie\n|-damage|p2a: Starmie|89/100\n|move|p1a: Farigiraf|Hyper Voice|p2a: Starmie|[spread] p2a,p2b\n|-resisted|p2b: Goodra|1\n|-damage|p2a: Starmie|65/100\n|-damage|p2b: Goodra|92/100\n|\n|-heal|p2b: Goodra|98/100|[from] item: Leftovers\n|upkeep\n|turn|4\n|inactive|ViableCitations has 30 seconds left.\n|\n|t:|1775984751\n|move|p2a: Starmie|Protect|p2a: Starmie\n|-singleturn|p2a: Starmie|Protect\n|move|p2b: Goodra|Knock Off|p1a: Farigiraf\n|-supereffective|p1a: Farigiraf|1\n|-damage|p1a: Farigiraf|40/100\n|-enditem|p1a: Farigiraf|Leftovers|[from] move: Knock Off|[of] p2b: Goodra\n|move|p1b: Incineroar|Darkest Lariat|p2a: Starmie\n|-activate|p2a: Starmie|move: Protect\n|move|p1a: Farigiraf|Trick Room|p1a: Farigiraf\n|-fieldend|move: Trick Room\n|\n|-heal|p2b: Goodra|100/100|[from] item: Leftovers\n|upkeep\n|turn|5\n|\n|t:|1775984771\n|move|p2a: Starmie|Flip Turn|p1b: Incineroar\n|-supereffective|p1b: Incineroar|1\n|-damage|p1b: Incineroar|33/100\n|-enditem|p1b: Incineroar|Sitrus Berry|[eat]\n|-heal|p1b: Incineroar|58/100|[from] item: Sitrus Berry\n|\n|t:|1775984777\n|switch|p2a: Incineroar|Incineroar, L50, M|81/100|[from] Flip Turn\n|-ability|p2a: Incineroar|Intimidate|boost\n|-unboost|p1a: Farigiraf|atk|1\n|-unboost|p1b: Incineroar|atk|1\n|move|p1b: Incineroar|Darkest Lariat|p2a: Incineroar\n|-resisted|p2a: Incineroar|1\n|-damage|p2a: Incineroar|70/100\n|move|p1a: Farigiraf|Hyper Voice|p2a: Incineroar|[spread] p2a,p2b\n|-resisted|p2b: Goodra|1\n|-damage|p2a: Incineroar|51/100\n|-damage|p2b: Goodra|91/100\n|move|p2b: Goodra|Rock Slide|p1b: Incineroar|[spread] p1a,p1b\n|-crit|p1a: Farigiraf\n|-supereffective|p1b: Incineroar|1\n|-damage|p1a: Farigiraf|16/100\n|-damage|p1b: Incineroar|28/100\n|\n|-heal|p2b: Goodra|97/100|[from] item: Leftovers\n|upkeep\n|turn|6\n|-message|Tannerk64 forfeited.\n|\n|win|ViableCitations\n|raw|Tannerk64's rating: 1112 &rarr; <strong>1080</strong><br />(-32 for losing)\n|raw|ViableCitations's rating: 1010 &rarr; <strong>1059</strong><br />(+49 for winning)\n|l|\u2606Tannerk64\n|player|p1|\n",
  "uploadtime": 1775984795,
  "views": 23,
  "formatid": "gen9championsvgc2026regma",
  "rating": 1059,
  "private": 0,
  "password": null
}