{
  "id": "gen9championsvgc2026regma-2582773554",
  "format": "[Gen 9 Champions] VGC 2026 Reg M-A",
  "players": [
    "colfox",
    "sh4dowcl0ak"
  ],
  "log": "|j|\u2606colfox\n|j|\u2606sh4dowcl0ak\n|t:|1776113118\n|gametype|doubles\n|player|p1|colfox|170|1251\n|player|p2|sh4dowcl0ak|guitarist|1187\n|gen|9\n|tier|[Gen 9 Champions] VGC 2026 Reg M-A\n|rated|\n|rule|Species Clause: Limit one of each Pok\u00e9mon\n|rule|Item Clause: Limit 1 of each item\n|clearpoke\n|poke|p1|Ninetales, L50, M|\n|poke|p1|Dragonite, L50, F|\n|poke|p1|Sylveon, L50, F|\n|poke|p1|Milotic, L50, F|\n|poke|p1|Venusaur, L50, F|\n|poke|p1|Delphox, L50, M|\n|poke|p2|Tyrantrum, L50, M|\n|poke|p2|Slowking-Galar, L50, F|\n|poke|p2|Kingambit, L50, M|\n|poke|p2|Incineroar, L50, M|\n|poke|p2|Primarina, L50, F|\n|poke|p2|Chesnaught, L50, M|\n|teampreview|4\n|\n|t:|1776113149\n|teamsize|p1|4\n|teamsize|p2|4\n|start\n|switch|p1a: Milotic|Milotic, L50, F|100/100\n|switch|p1b: Venusaur|Venusaur, L50, F|100/100\n|switch|p2a: Slowking|Slowking-Galar, L50, F|100/100\n|switch|p2b: Kingambit|Kingambit, L50, M|100/100\n|turn|1\n|\n|t:|1776113179\n|move|p2b: Kingambit|Protect|p2b: Kingambit\n|-singleturn|p2b: Kingambit|Protect\n|move|p1b: Venusaur|Sleep Powder|p2b: Kingambit\n|-activate|p2b: Kingambit|move: Protect\n|move|p1a: Milotic|Scald|p2b: Kingambit\n|-activate|p2b: Kingambit|move: Protect\n|move|p2a: Slowking|Trick Room|p2a: Slowking\n|-fieldstart|move: Trick Room|[of] p2a: Slowking\n|\n|upkeep\n|turn|2\n|\n|t:|1776113199\n|move|p2a: Slowking|Psychic|p1b: Venusaur\n|-supereffective|p1b: Venusaur|1\n|-damage|p1b: Venusaur|0 fnt\n|faint|p1b: Venusaur\n|move|p2b: Kingambit|Kowtow Cleave|p1a: Milotic\n|-damage|p1a: Milotic|33/100\n|move|p1a: Milotic|Scald|p2b: Kingambit\n|-damage|p2b: Kingambit|67/100\n|\n|upkeep\n|\n|t:|1776113210\n|switch|p1b: Ninetales|Ninetales, L50, M|100/100\n|-weather|SunnyDay|[from] ability: Drought|[of] p1b: Ninetales\n|turn|3\n|\n|t:|1776113236\n|move|p1a: Milotic|Protect|p1a: Milotic\n|-singleturn|p1a: Milotic|Protect\n|move|p2a: Slowking|Sludge Wave|p1b: Ninetales|[spread] p1b\n|-activate|p1a: Milotic|move: Protect\n|-immune|p2b: Kingambit\n|-damage|p1b: Ninetales|62/100\n|move|p2b: Kingambit|Kowtow Cleave|p1b: Ninetales\n|-damage|p1b: Ninetales|0 fnt\n|faint|p1b: Ninetales\n|\n|-weather|SunnyDay|[upkeep]\n|upkeep\n|\n|t:|1776113249\n|switch|p1b: Delphox|Delphox, L50, M|100/100\n|turn|4\n|\n|t:|1776113258\n|detailschange|p1b: Delphox|Delphox-Mega, L50, M\n|-mega|p1b: Delphox|Delphox|Delphoxite\n|move|p1b: Delphox|Protect|p1b: Delphox\n|-singleturn|p1b: Delphox|Protect\n|move|p2a: Slowking|Sludge Wave|p1b: Delphox|[spread] p1a\n|-activate|p1b: Delphox|move: Protect\n|-immune|p2b: Kingambit\n|-damage|p1a: Milotic|9/100\n|move|p2b: Kingambit|Kowtow Cleave|p1b: Delphox\n|-activate|p1b: Delphox|move: Protect\n|move|p1a: Milotic|Recover|p1a: Milotic\n|-heal|p1a: Milotic|59/100\n|\n|-weather|SunnyDay|[upkeep]\n|upkeep\n|turn|5\n|\n|t:|1776113288\n|switch|p2a: Tyrantrum|Tyrantrum, L50, M|100/100\n|move|p2b: Kingambit|Kowtow Cleave|p1b: Delphox\n|-supereffective|p1b: Delphox|1\n|-damage|p1b: Delphox|0 fnt\n|faint|p1b: Delphox\n|move|p1a: Milotic|Scald|p2b: Kingambit\n|-damage|p2b: Kingambit|49/100\n|\n|-weather|SunnyDay|[upkeep]\n|-fieldend|move: Trick Room\n|upkeep\n|turn|6\n|\n|t:|1776113307\n|move|p2b: Kingambit|Sucker Punch|p1a: Milotic\n|-damage|p1a: Milotic|2/100\n|move|p1a: Milotic|Scald|p2b: Kingambit\n|-damage|p2b: Kingambit|29/100\n|move|p2a: Tyrantrum|Psychic Fangs|p1a: Milotic\n|-damage|p1a: Milotic|0 fnt\n|faint|p1a: Milotic\n|\n|win|sh4dowcl0ak\n|raw|colfox's rating: 1251 &rarr; <strong>1221</strong><br />(-30 for losing)\n|raw|sh4dowcl0ak's rating: 1187 &rarr; <strong>1217</strong><br />(+30 for winning)\n",
  "uploadtime": 1776113313,
  "views": 45,
  "formatid": "gen9championsvgc2026regma",
  "rating": 1217,
  "private": 0,
  "password": null
}