{
  "id": "gen9championsvgc2026regma-2584869094",
  "format": "[Gen 9 Champions] VGC 2026 Reg M-A",
  "players": [
    "SunTufo",
    "pietro66"
  ],
  "log": "|j|\u2606SunTufo\n|j|\u2606pietro66\n|t:|1776290105\n|gametype|doubles\n|player|p1|SunTufo|li|1230\n|player|p2|pietro66|102|1245\n|gen|9\n|tier|[Gen 9 Champions] VGC 2026 Reg M-A\n|rated|\n|rule|Species Clause: Limit one of each Pok\u00e9mon\n|rule|Item Clause: Limit 1 of each item\n|clearpoke\n|poke|p1|Froslass, L50, F|\n|poke|p1|Milotic, L50, F|\n|poke|p1|Sneasler, L50, M|\n|poke|p1|Aerodactyl, L50, M|\n|poke|p1|Garchomp, L50, M|\n|poke|p1|Rotom-Wash, L50|\n|poke|p2|Charizard, L50, F|\n|poke|p2|Basculegion, L50, M|\n|poke|p2|Kingambit, L50, M|\n|poke|p2|Sneasler, L50, M|\n|poke|p2|Garchomp, L50, F|\n|poke|p2|Venusaur, L50, F|\n|teampreview|4\n|inactive|Battle timer is ON: inactive players will automatically lose when time's up. (requested by SunTufo)\n|inactive|pietro66 has 60 seconds left.\n|\n|t:|1776290147\n|teamsize|p1|4\n|teamsize|p2|4\n|start\n|switch|p1a: Froslass|Froslass, L50, F, shiny|100/100\n|switch|p1b: Aerodactyl|Aerodactyl, L50, M, shiny|100/100\n|switch|p2a: Venusaur|Venusaur, L50, F|100/100\n|switch|p2b: Charizard|Charizard, L50, F|100/100\n|-ability|p1b: Aerodactyl|Unnerve\n|turn|1\n|\n|t:|1776290163\n|move|p1b: Aerodactyl|Protect|p1b: Aerodactyl\n|-singleturn|p1b: Aerodactyl|Protect\n|move|p1a: Froslass|Protect|p1a: Froslass\n|-singleturn|p1a: Froslass|Protect\n|move|p2b: Charizard|Protect|p2b: Charizard\n|-singleturn|p2b: Charizard|Protect\n|move|p2a: Venusaur|Protect||[still]\n|-fail|p2a: Venusaur\n|\n|upkeep\n|turn|2\n|\n|t:|1776290179\n|detailschange|p1a: Froslass|Froslass-Mega, L50, F, shiny\n|-mega|p1a: Froslass|Froslass|Froslassite\n|-weather|Snowscape|[from] ability: Snow Warning|[of] p1a: Froslass\n|detailschange|p2b: Charizard|Charizard-Mega-Y, L50, F\n|-mega|p2b: Charizard|Charizard|Charizardite Y\n|-weather|SunnyDay|[from] ability: Drought|[of] p2b: Charizard\n|move|p2a: Venusaur|Sleep Powder|p1b: Aerodactyl\n|-status|p1b: Aerodactyl|slp|[from] move: Sleep Powder\n|-enditem|p1b: Aerodactyl|Lum Berry|[eat]\n|-curestatus|p1b: Aerodactyl|slp|[msg]\n|move|p1b: Aerodactyl|Rock Slide|p2b: Charizard|[spread] p2a\n|-miss|p1b: Aerodactyl|p2b: Charizard\n|-damage|p2a: Venusaur|70/100\n|move|p1a: Froslass|Blizzard|p2b: Charizard|[spread] p2b\n|-miss|p1a: Froslass|p2a: Venusaur\n|-damage|p2b: Charizard|56/100\n|move|p2b: Charizard|Heat Wave|p1a: Froslass|[spread] p1a,p1b\n|-supereffective|p1a: Froslass|1\n|-resisted|p1b: Aerodactyl|1\n|-damage|p1a: Froslass|0 fnt\n|-damage|p1b: Aerodactyl|58/100\n|faint|p1a: Froslass\n|\n|-weather|SunnyDay|[upkeep]\n|upkeep\n|\n|t:|1776290189\n|switch|p1a: Sneasler|Sneasler, L50, M, shiny|100/100\n|turn|3\n|\n|t:|1776290205\n|move|p2a: Venusaur|Protect|p2a: Venusaur\n|-singleturn|p2a: Venusaur|Protect\n|move|p1a: Sneasler|Fake Out|p2a: Venusaur\n|-activate|p2a: Venusaur|move: Protect\n|move|p1b: Aerodactyl|Tailwind|p1b: Aerodactyl\n|-sidestart|p1: SunTufo|move: Tailwind\n|move|p2b: Charizard|Heat Wave|p1a: Sneasler|[spread] p1a,p1b\n|-resisted|p1b: Aerodactyl|1\n|-damage|p1a: Sneasler|11/100\n|-damage|p1b: Aerodactyl|13/100\n|\n|-weather|SunnyDay|[upkeep]\n|upkeep\n|turn|4\n|\n|t:|1776290224\n|switch|p2a: Basculegion|Basculegion, L50, M|100/100\n|move|p2b: Charizard|Protect|p2b: Charizard\n|-singleturn|p2b: Charizard|Protect\n|move|p1b: Aerodactyl|Rock Slide|p2b: Charizard|[spread] \n|-activate|p2b: Charizard|move: Protect\n|-miss|p1b: Aerodactyl|p2a: Basculegion\n|move|p1a: Sneasler|Dire Claw|p2a: Basculegion\n|-resisted|p2a: Basculegion|1\n|-damage|p2a: Basculegion|76/100\n|\n|-weather|SunnyDay|[upkeep]\n|upkeep\n|turn|5\n|\n|t:|1776290241\n|switch|p1b: Garchomp|Garchomp, L50, M, shiny|100/100\n|move|p2a: Basculegion|Aqua Jet|p1b: Garchomp\n|-crit|p1b: Garchomp\n|-damage|p1b: Garchomp|85/100\n|-damage|p2a: Basculegion|64/100|[from] ability: Rough Skin|[of] p1b: Garchomp\n|move|p1a: Sneasler|Coaching|p1b: Garchomp\n|-boost|p1b: Garchomp|atk|1\n|-boost|p1b: Garchomp|def|1\n|move|p2b: Charizard|Heat Wave|p1b: Garchomp|[spread] p1b\n|-miss|p2b: Charizard|p1a: Sneasler\n|-resisted|p1b: Garchomp|1\n|-damage|p1b: Garchomp|54/100\n|\n|-weather|SunnyDay|[upkeep]\n|upkeep\n|turn|6\n|\n|t:|1776290263\n|move|p2a: Basculegion|Aqua Jet|p1a: Sneasler\n|-damage|p1a: Sneasler|0 fnt\n|faint|p1a: Sneasler\n|move|p1b: Garchomp|Dragon Claw|p2b: Charizard\n|-damage|p2b: Charizard|0 fnt\n|faint|p2b: Charizard\n|\n|-weather|none\n|-sideend|p1: SunTufo|move: Tailwind\n|upkeep\n|\n|t:|1776290272\n|switch|p1a: Aerodactyl|Aerodactyl, L50, M, shiny|13/100\n|switch|p2b: Kingambit|Kingambit, L50, M|100/100\n|-ability|p1a: Aerodactyl|Unnerve\n|turn|7\n|\n|t:|1776290281\n|move|p1a: Aerodactyl|Protect|p1a: Aerodactyl\n|-singleturn|p1a: Aerodactyl|Protect\n|move|p2a: Basculegion|Aqua Jet|p1b: Garchomp\n|-damage|p1b: Garchomp|37/100\n|-damage|p2a: Basculegion|52/100|[from] ability: Rough Skin|[of] p1b: Garchomp\n|-enditem|p1b: Garchomp|Sitrus Berry|[eat]\n|-heal|p1b: Garchomp|61/100|[from] item: Sitrus Berry\n|move|p1b: Garchomp|Earthquake|p2b: Kingambit|[spread] p2a,p2b\n|-activate|p1a: Aerodactyl|move: Protect\n|-supereffective|p2b: Kingambit|1\n|-damage|p2a: Basculegion|0 fnt\n|-damage|p2b: Kingambit|30/100\n|faint|p2a: Basculegion\n|move|p2b: Kingambit|Iron Head|p1b: Garchomp\n|-crit|p1b: Garchomp\n|-damage|p1b: Garchomp|0 fnt\n|-damage|p2b: Kingambit|18/100|[from] ability: Rough Skin|[of] p1b: Garchomp\n|faint|p1b: Garchomp\n|\n|upkeep\n|-message|SunTufo forfeited.\n|\n|win|pietro66\n|raw|SunTufo's rating: 1230 &rarr; <strong>1206</strong><br />(-24 for losing)\n|raw|pietro66's rating: 1245 &rarr; <strong>1269</strong><br />(+24 for winning)\n",
  "uploadtime": 1776290289,
  "views": 28,
  "formatid": "gen9championsvgc2026regma",
  "rating": 1206,
  "private": 0,
  "password": null
}