{
  "id": "gen9championsvgc2026regma-2588543758",
  "format": "[Gen 9 Champions] VGC 2026 Reg M-A",
  "players": [
    "thenamesty45",
    "disciple of blahaj"
  ],
  "log": "|j|\u2606thenamesty45\n|j|\u2606disciple of blahaj\n|t:|1776643395\n|gametype|doubles\n|player|p1|thenamesty45|170|1254\n|player|p2|disciple of blahaj|iris|1301\n|gen|9\n|tier|[Gen 9 Champions] VGC 2026 Reg M-A\n|rated|\n|rule|Species Clause: Limit one of each Pok\u00e9mon\n|rule|Item Clause: Limit 1 of each item\n|clearpoke\n|poke|p1|Blastoise, L50, M|\n|poke|p1|Whimsicott, L50, M|\n|poke|p1|Froslass, L50, F|\n|poke|p1|Sinistcha-Masterpiece, L50|\n|poke|p1|Sneasler, L50, F, shiny|\n|poke|p1|Kingambit, L50, F|\n|poke|p2|Sharpedo, L50, M|\n|poke|p2|Rotom-Wash, L50|\n|poke|p2|Pelipper, L50, M|\n|poke|p2|Aegislash, L50, M|\n|poke|p2|Talonflame, L50, M|\n|poke|p2|Garchomp, L50, F|\n|teampreview|4\n|\n|t:|1776643420\n|teamsize|p1|4\n|teamsize|p2|4\n|start\n|switch|p1a: Whimsicott|Whimsicott, L50, M|100/100\n|switch|p1b: Blastoise|Blastoise, L50, M|100/100\n|switch|p2a: Rotom|Rotom-Wash, L50|100/100\n|switch|p2b: Talonflame|Talonflame, L50, M|100/100\n|turn|1\n|\n|t:|1776643437\n|move|p1b: Blastoise|Protect|p1b: Blastoise\n|-singleturn|p1b: Blastoise|Protect\n|move|p1a: Whimsicott|Tailwind|p1a: Whimsicott\n|-sidestart|p1: thenamesty45|move: Tailwind\n|move|p2b: Talonflame|Tailwind|p2b: Talonflame\n|-sidestart|p2: disciple of blahaj|move: Tailwind\n|move|p2a: Rotom|Electroweb|p1a: Whimsicott|[spread] p1a\n|-activate|p1b: Blastoise|move: Protect\n|-resisted|p1a: Whimsicott|1\n|-damage|p1a: Whimsicott|85/100\n|-unboost|p1a: Whimsicott|spe|1\n|\n|upkeep\n|turn|2\n|\n|t:|1776643452\n|switch|p1b: Sinistcha|Sinistcha-Masterpiece, L50|100/100\n|-heal|p1a: Whimsicott|100/100|[from] ability: Hospitality|[of] p1b: Sinistcha\n|move|p2b: Talonflame|Dual Wingbeat|p1a: Whimsicott\n|-supereffective|p1a: Whimsicott|1\n|-damage|p1a: Whimsicott|42/100\n|-supereffective|p1a: Whimsicott|1\n|-crit|p1a: Whimsicott\n|-damage|p1a: Whimsicott|0 fnt\n|faint|p1a: Whimsicott\n|-hitcount|p1: Whimsicott|2\n|move|p2a: Rotom|Electroweb|p1b: Sinistcha\n|-resisted|p1b: Sinistcha|1\n|-damage|p1b: Sinistcha|83/100\n|-unboost|p1b: Sinistcha|spe|1\n|\n|-heal|p1b: Sinistcha|89/100|[from] item: Leftovers\n|upkeep\n|\n|t:|1776643459\n|switch|p1a: Kingambit|Kingambit, L50, F|100/100\n|turn|3\n|inactive|Battle timer is ON: inactive players will automatically lose when time's up. (requested by thenamesty45)\n|\n|t:|1776643481\n|switch|p2a: Aegislash|Aegislash, L50, M|100/100\n|move|p2b: Talonflame|Hurricane|p1b: Sinistcha|[miss]\n|-miss|p2b: Talonflame|p1b: Sinistcha\n|move|p1b: Sinistcha|Scald|p2b: Talonflame\n|-supereffective|p2b: Talonflame|1\n|-damage|p2b: Talonflame|10/100\n|move|p1a: Kingambit|Kowtow Cleave|p2a: Aegislash\n|-supereffective|p2a: Aegislash|1\n|-damage|p2a: Aegislash|25/100\n|\n|-heal|p1b: Sinistcha|95/100|[from] item: Leftovers\n|-heal|p2a: Aegislash|31/100|[from] item: Leftovers\n|upkeep\n|turn|4\n|\n|t:|1776643501\n|move|p2b: Talonflame|Upper Hand|p1a: Kingambit\n|-supereffective|p1a: Kingambit|2\n|-enditem|p1a: Kingambit|Chople Berry|[eat]\n|-enditem|p1a: Kingambit|Chople Berry|[weaken]\n|-damage|p1a: Kingambit|74/100\n|cant|p1a: Kingambit|flinch\n|move|p1b: Sinistcha|Scald|p2a: Aegislash\n|-damage|p2a: Aegislash|9/100\n|-formechange|p2a: Aegislash|Aegislash-Blade|\n|move|p2a: Aegislash|Poltergeist|p1b: Sinistcha\n|-activate|p1b: Sinistcha|move: Poltergeist|Leftovers\n|-supereffective|p1b: Sinistcha|1\n|-damage|p1b: Sinistcha|0 fnt\n|faint|p1b: Sinistcha\n|\n|-heal|p2a: Aegislash|15/100|[from] item: Leftovers\n|-sideend|p1: thenamesty45|move: Tailwind\n|-sideend|p2: disciple of blahaj|move: Tailwind\n|upkeep\n|\n|t:|1776643505\n|switch|p1b: Blastoise|Blastoise, L50, M|100/100\n|turn|5\n|\n|t:|1776643523\n|detailschange|p1b: Blastoise|Blastoise-Mega, L50, M\n|-mega|p1b: Blastoise|Blastoise|Blastoisinite\n|move|p1a: Kingambit|Sucker Punch|p2a: Aegislash\n|-supereffective|p2a: Aegislash|1\n|-damage|p2a: Aegislash|0 fnt\n|faint|p2a: Aegislash\n|move|p2b: Talonflame|Tailwind|p2b: Talonflame\n|-sidestart|p2: disciple of blahaj|move: Tailwind\n|move|p1b: Blastoise|Water Spout|p2b: Talonflame\n|-supereffective|p2b: Talonflame|1\n|-damage|p2b: Talonflame|0 fnt\n|faint|p2b: Talonflame\n|\n|upkeep\n|\n|t:|1776643528\n|switch|p2b: Sharpedo|Sharpedo, L50, M|100/100\n|switch|p2a: Rotom|Rotom-Wash, L50|100/100\n|turn|6\n|\n|t:|1776643544\n|detailschange|p2b: Sharpedo|Sharpedo-Mega, L50, M\n|-mega|p2b: Sharpedo|Sharpedo|Sharpedonite\n|move|p1b: Blastoise|Protect|p1b: Blastoise\n|-singleturn|p1b: Blastoise|Protect\n|move|p2a: Rotom|Thunderbolt|p1a: Kingambit\n|-damage|p1a: Kingambit|35/100\n|-status|p1a: Kingambit|par\n|move|p2b: Sharpedo|Liquidation|p1a: Kingambit\n|-damage|p1a: Kingambit|0 fnt\n|faint|p1a: Kingambit\n|\n|upkeep\n|turn|7\n|\n|t:|1776643560\n|move|p2a: Rotom|Thunderbolt|p1b: Blastoise\n|-supereffective|p1b: Blastoise|1\n|-damage|p1b: Blastoise|16/100\n|move|p2b: Sharpedo|Crunch|p1b: Blastoise\n|-damage|p1b: Blastoise|0 fnt\n|faint|p1b: Blastoise\n|\n|win|disciple of blahaj\n|raw|thenamesty45's rating: 1254 &rarr; <strong>1232</strong><br />(-22 for losing)\n|raw|disciple of blahaj's rating: 1301 &rarr; <strong>1318</strong><br />(+17 for winning)\n|l|\u2606thenamesty45\n|player|p1|\n",
  "uploadtime": 1776643568,
  "views": 9,
  "formatid": "gen9championsvgc2026regma",
  "rating": 1232,
  "private": 0,
  "password": null
}