{
  "id": "gen9championsvgc2026regma-2580950167",
  "format": "[Gen 9 Champions] VGC 2026 Reg M-A",
  "players": [
    "Lightover100000",
    "sparkyboii200"
  ],
  "log": "|j|\u2606Lightover100000\n|j|\u2606sparkyboii200\n|t:|1775945989\n|gametype|doubles\n|player|p1|Lightover100000|102|1092\n|player|p2|sparkyboii200|lillie-masters2|1165\n|gen|9\n|tier|[Gen 9 Champions] VGC 2026 Reg M-A\n|rated|\n|rule|Species Clause: Limit one of each Pok\u00e9mon\n|rule|Item Clause: Limit 1 of each item\n|clearpoke\n|poke|p1|Crabominable, L50, M|\n|poke|p1|Mimikyu, L50, F|\n|poke|p1|Pelipper, L50, F|\n|poke|p1|Basculegion, L50, M|\n|poke|p1|Archaludon, L50, F|\n|poke|p1|Sinistcha, L50|\n|poke|p2|Jolteon, L50, M|\n|poke|p2|Delphox, L50, F|\n|poke|p2|Incineroar, L50, F|\n|poke|p2|Sylveon, L50, M|\n|poke|p2|Corviknight, L50, M|\n|poke|p2|Whimsicott, L50, F|\n|teampreview|4\n|inactive|Battle timer is ON: inactive players will automatically lose when time's up. (requested by sparkyboii200)\n|c|\u2606sparkyboii200|Hf\n|\n|t:|1775946016\n|teamsize|p1|4\n|teamsize|p2|4\n|start\n|switch|p1a: Mimikyu|Mimikyu, L50, F|100/100\n|switch|p1b: Crabominable|Crabominable, L50, M|100/100\n|switch|p2a: Jolteon|Jolteon, L50, M|100/100\n|switch|p2b: Sylveon|Sylveon, L50, M|100/100\n|turn|1\n|\n|t:|1775946034\n|move|p1b: Crabominable|Protect|p1b: Crabominable\n|-singleturn|p1b: Crabominable|Protect\n|move|p2a: Jolteon|Thunder Wave|p1a: Mimikyu\n|-status|p1a: Mimikyu|par\n|move|p2b: Sylveon|Hyper Voice|p1a: Mimikyu|[spread] p1a\n|-activate|p1b: Crabominable|move: Protect\n|-activate|p1a: Mimikyu|ability: Disguise\n|-damage|p1a: Mimikyu|100/100 par\n|detailschange|p1a: Mimikyu|Mimikyu-Busted, L50, F\n|-damage|p1a: Mimikyu|88/100 par|[from] pokemon: Mimikyu-Busted\n|move|p1a: Mimikyu|Trick Room|p1a: Mimikyu\n|-fieldstart|move: Trick Room|[of] p1a: Mimikyu\n|\n|upkeep\n|turn|2\n|\n|t:|1775946055\n|switch|p1a: Pelipper|Pelipper, L50, F|100/100\n|-weather|RainDance|[from] ability: Drizzle|[of] p1a: Pelipper\n|detailschange|p1b: Crabominable|Crabominable-Mega, L50, M\n|-mega|p1b: Crabominable|Crabominable|Crabominite\n|move|p1b: Crabominable|Ice Hammer|p2b: Sylveon\n|-damage|p2b: Sylveon|0 fnt\n|-unboost|p1b: Crabominable|spe|1\n|faint|p2b: Sylveon\n|move|p2a: Jolteon|Thunder Wave|p1b: Crabominable\n|-status|p1b: Crabominable|par\n|\n|-weather|RainDance|[upkeep]\n|upkeep\n|\n|t:|1775946071\n|switch|p2b: Whimsicott|Whimsicott, L50, F|100/100\n|turn|3\n|\n|t:|1775946080\n|move|p2b: Whimsicott|Protect|p2b: Whimsicott\n|-singleturn|p2b: Whimsicott|Protect\n|move|p1b: Crabominable|Ice Hammer|p2a: Jolteon\n|-damage|p2a: Jolteon|0 fnt\n|-unboost|p1b: Crabominable|spe|1\n|faint|p2a: Jolteon\n|move|p1a: Pelipper|Hurricane|p2b: Whimsicott\n|-activate|p2b: Whimsicott|move: Protect\n|\n|-weather|RainDance|[upkeep]\n|upkeep\n|\n|t:|1775946089\n|switch|p2a: Delphox|Delphox, L50, F|100/100\n|turn|4\n|\n|t:|1775946102\n|move|p2a: Delphox|Protect|p2a: Delphox\n|-singleturn|p2a: Delphox|Protect\n|move|p2b: Whimsicott|Sunny Day|p2b: Whimsicott\n|-weather|SunnyDay\n|move|p1b: Crabominable|Thunder Punch|p2a: Delphox\n|-activate|p2a: Delphox|move: Protect\n|move|p1a: Pelipper|Weather Ball|p2a: Delphox\n|-activate|p2a: Delphox|move: Protect\n|\n|-weather|SunnyDay|[upkeep]\n|upkeep\n|turn|5\n|\n|t:|1775946125\n|switch|p1b: Mimikyu|Mimikyu-Busted, L50, F|88/100 par\n|detailschange|p2a: Delphox|Delphox-Mega, L50, F\n|-mega|p2a: Delphox|Delphox|Delphoxite\n|move|p1a: Pelipper|Weather Ball|p2b: Whimsicott\n|-supereffective|p2b: Whimsicott|1\n|-damage|p2b: Whimsicott|19/100\n|move|p2b: Whimsicott|Moonblast|p1a: Pelipper\n|-damage|p1a: Pelipper|56/100\n|move|p2a: Delphox|Heat Wave|p1b: Mimikyu|[spread] p1a,p1b\n|-resisted|p1a: Pelipper|1\n|-damage|p1a: Pelipper|0 fnt\n|-damage|p1b: Mimikyu|17/100 par\n|faint|p1a: Pelipper\n|\n|-weather|SunnyDay|[upkeep]\n|-fieldend|move: Trick Room\n|upkeep\n|\n|t:|1775946146\n|switch|p1a: Archaludon|Archaludon, L50, F|100/100\n|turn|6\n|\n|t:|1775946158\n|move|p1b: Mimikyu|Protect|p1b: Mimikyu\n|-singleturn|p1b: Mimikyu|Protect\n|move|p2a: Delphox|Nasty Plot|p2a: Delphox\n|-boost|p2a: Delphox|spa|2\n|move|p2b: Whimsicott|Moonblast|p1b: Mimikyu\n|-activate|p1b: Mimikyu|move: Protect\n|move|p1a: Archaludon|Dragon Pulse|p2a: Delphox\n|-damage|p2a: Delphox|54/100\n|\n|-weather|SunnyDay|[upkeep]\n|upkeep\n|turn|7\n|\n|t:|1775946178\n|move|p1a: Archaludon|Protect|p1a: Archaludon\n|-singleturn|p1a: Archaludon|Protect\n|move|p2a: Delphox|Heat Wave|p1a: Archaludon|[spread] p1b\n|-activate|p1a: Archaludon|move: Protect\n|-damage|p1b: Mimikyu|0 fnt\n|faint|p1b: Mimikyu\n|move|p2b: Whimsicott|Moonblast|p1a: Archaludon\n|-activate|p1a: Archaludon|move: Protect\n|\n|-weather|SunnyDay|[upkeep]\n|upkeep\n|\n|t:|1775946190\n|switch|p1b: Crabominable|Crabominable-Mega, L50, M|100/100 par\n|turn|8\n|\n|t:|1775946203\n|move|p2a: Delphox|Heat Wave|p1a: Archaludon|[spread] p1a,p1b\n|-supereffective|p1b: Crabominable|1\n|-damage|p1a: Archaludon|0 fnt\n|-damage|p1b: Crabominable|0 fnt\n|faint|p1a: Archaludon\n|faint|p1b: Crabominable\n|\n|win|sparkyboii200\n|raw|Lightover100000's rating: 1092 &rarr; <strong>1073</strong><br />(-19 for losing)\n|raw|sparkyboii200's rating: 1165 &rarr; <strong>1185</strong><br />(+20 for winning)\n|l|\u2606Lightover100000\n|player|p1|\n|c|\u2606sparkyboii200|Gg\n",
  "uploadtime": 1775946220,
  "views": 27,
  "formatid": "gen9championsvgc2026regma",
  "rating": 1073,
  "private": 0,
  "password": null
}