{
  "id": "gen9championsvgc2026regma-2584865740",
  "format": "[Gen 9 Champions] VGC 2026 Reg M-A",
  "players": [
    "LuichoX",
    "tolrro"
  ],
  "log": "|j|\u2606LuichoX\n|j|\u2606tolrro\n|t:|1776289832\n|gametype|doubles\n|player|p1|LuichoX|candice|1050\n|player|p2|tolrro|workerice|1015\n|gen|9\n|tier|[Gen 9 Champions] VGC 2026 Reg M-A\n|rated|\n|rule|Species Clause: Limit one of each Pok\u00e9mon\n|rule|Item Clause: Limit 1 of each item\n|clearpoke\n|poke|p1|Sneasler, L50, M|\n|poke|p1|Floette-Eternal, L50, F|\n|poke|p1|Aerodactyl, L50, F|\n|poke|p1|Sinistcha, L50|\n|poke|p1|Incineroar, L50, F|\n|poke|p1|Garchomp, L50, F|\n|poke|p2|Empoleon, L50, M|\n|poke|p2|Toxicroak, L50, F|\n|poke|p2|Arcanine-Hisui, L50, M|\n|poke|p2|Dragonite, L50, M|\n|poke|p2|Pelipper, L50, F|\n|poke|p2|Golurk, L50|\n|teampreview|4\n|inactive|Battle timer is ON: inactive players will automatically lose when time's up. (requested by tolrro)\n|inactive|LuichoX also wants the timer to be on.\n|inactive|LuichoX has 60 seconds left.\n|\n|t:|1776289878\n|teamsize|p1|4\n|teamsize|p2|4\n|start\n|switch|p1a: Aerodactyl|Aerodactyl, L50, F|100/100\n|switch|p1b: Floette|Floette-Eternal, L50, F|100/100\n|switch|p2a: Pelipper|Pelipper, L50, F|100/100\n|switch|p2b: Dragonite|Dragonite, L50, M|100/100\n|-ability|p1a: Aerodactyl|Unnerve\n|-weather|RainDance|[from] ability: Drizzle|[of] p2a: Pelipper\n|turn|1\n|\n|t:|1776289896\n|switch|p2b: Empoleon|Empoleon, L50, M|100/100\n|detailschange|p1b: Floette|Floette-Mega, L50, F\n|-mega|p1b: Floette|Floette|Floettite\n|-ability|p1b: Floette|Fairy Aura\n|move|p1a: Aerodactyl|Tailwind|p1a: Aerodactyl\n|-sidestart|p1: LuichoX|move: Tailwind\n|move|p1b: Floette|Dazzling Gleam|p2b: Empoleon|[spread] p2a,p2b\n|-resisted|p2b: Empoleon|1\n|-damage|p2a: Pelipper|35/100\n|-damage|p2b: Empoleon|82/100\n|move|p2a: Pelipper|Surf|p1b: Floette|[spread] p2b,p1a,p1b\n|-resisted|p2b: Empoleon|1\n|-supereffective|p1a: Aerodactyl|1\n|-damage|p2b: Empoleon|68/100\n|-enditem|p1a: Aerodactyl|Focus Sash\n|-damage|p1a: Aerodactyl|1/100\n|-damage|p1b: Floette|72/100\n|\n|-weather|RainDance|[upkeep]\n|-heal|p2a: Pelipper|41/100|[from] item: Leftovers\n|upkeep\n|turn|2\n|inactive|LuichoX has 30 seconds left.\n|inactive|tolrro has 30 seconds left.\n|inactive|LuichoX has 20 seconds left.\n|inactive|LuichoX has 15 seconds left.\n|\n|t:|1776289939\n|move|p2a: Pelipper|Wide Guard|p2a: Pelipper\n|-singleturn|p2a: Pelipper|Wide Guard\n|move|p1a: Aerodactyl|Rock Slide|p2a: Pelipper|[spread] \n|-activate|p2a: Pelipper|move: Wide Guard\n|-activate|p2b: Empoleon|move: Wide Guard\n|move|p1b: Floette|Dazzling Gleam|p2b: Empoleon|[spread] \n|-activate|p2a: Pelipper|move: Wide Guard\n|-activate|p2b: Empoleon|move: Wide Guard\n|move|p2b: Empoleon|Flash Cannon|p1b: Floette\n|-supereffective|p1b: Floette|1\n|-crit|p1b: Floette\n|-damage|p1b: Floette|0 fnt\n|faint|p1b: Floette\n|\n|-weather|RainDance|[upkeep]\n|-heal|p2a: Pelipper|47/100|[from] item: Leftovers\n|upkeep\n|\n|t:|1776289944\n|switch|p1b: Garchomp|Garchomp, L50, F|100/100\n|turn|3\n|inactive|tolrro has 30 seconds left.\n|inactive|tolrro has 20 seconds left.\n|inactive|tolrro has 15 seconds left.\n|\n|t:|1776289985\n|move|p2b: Empoleon|Protect|p2b: Empoleon\n|-singleturn|p2b: Empoleon|Protect\n|move|p1a: Aerodactyl|Rock Slide|p2b: Empoleon|[spread] p2a\n|-activate|p2b: Empoleon|move: Protect\n|-supereffective|p2a: Pelipper|1\n|-damage|p2a: Pelipper|3/100\n|move|p1b: Garchomp|Earthquake|p2b: Empoleon|[spread] \n|-activate|p2b: Empoleon|move: Protect\n|-immune|p1a: Aerodactyl\n|-immune|p2a: Pelipper\n|cant|p2a: Pelipper|flinch\n|\n|-weather|RainDance|[upkeep]\n|-heal|p2a: Pelipper|9/100|[from] item: Leftovers\n|upkeep\n|turn|4\n|inactive|LuichoX has 30 seconds left.\n|\n|t:|1776290014\n|switch|p2b: Dragonite|Dragonite, L50, M|100/100\n|move|p1a: Aerodactyl|Dual Wingbeat|p2a: Pelipper\n|-damage|p2a: Pelipper|0 fnt\n|faint|p2a: Pelipper\n|-hitcount|p2: Pelipper|1\n|move|p1b: Garchomp|Earthquake|p2b: Dragonite|[spread] \n|-immune|p1a: Aerodactyl\n|-immune|p2b: Dragonite\n|\n|-weather|RainDance|[upkeep]\n|-sideend|p1: LuichoX|move: Tailwind\n|upkeep\n|\n|t:|1776290027\n|switch|p2a: Toxicroak|Toxicroak, L50, F|100/100\n|turn|5\n|\n|t:|1776290036\n|detailschange|p2b: Dragonite|Dragonite-Mega, L50, M\n|-mega|p2b: Dragonite|Dragonite|Dragoninite\n|move|p2a: Toxicroak|Fake Out|p1b: Garchomp\n|-damage|p1b: Garchomp|89/100\n|-damage|p2a: Toxicroak|88/100|[from] ability: Rough Skin|[of] p1b: Garchomp\n|move|p1a: Aerodactyl|Dual Wingbeat|p2a: Toxicroak\n|-supereffective|p2a: Toxicroak|1\n|-damage|p2a: Toxicroak|24/100\n|-supereffective|p2a: Toxicroak|1\n|-damage|p2a: Toxicroak|0 fnt\n|faint|p2a: Toxicroak\n|-hitcount|p2: Toxicroak|2\n|cant|p1b: Garchomp|flinch\n|move|p2b: Dragonite|Draco Meteor|p1b: Garchomp\n|-supereffective|p1b: Garchomp|1\n|-damage|p1b: Garchomp|0 fnt\n|-unboost|p2b: Dragonite|spa|2\n|faint|p1b: Garchomp\n|\n|-weather|none\n|upkeep\n|\n|t:|1776290054\n|switch|p1b: Incineroar|Incineroar, L50, F|100/100\n|switch|p2a: Empoleon|Empoleon, L50, M|68/100\n|-ability|p1b: Incineroar|Intimidate|boost\n|-unboost|p2a: Empoleon|atk|1\n|-ability|p2a: Empoleon|Competitive|boost\n|-boost|p2a: Empoleon|spa|2\n|-unboost|p2b: Dragonite|atk|1\n|turn|6\n|\n|t:|1776290068\n|move|p1b: Incineroar|Fake Out|p2b: Dragonite\n|-damage|p2b: Dragonite|95/100\n|move|p1a: Aerodactyl|Rock Slide|p2a: Empoleon|[spread] p2a,p2b\n|-resisted|p2a: Empoleon|1\n|-supereffective|p2b: Dragonite|1\n|-damage|p2a: Empoleon|53/100\n|-damage|p2b: Dragonite|48/100\n|cant|p2b: Dragonite|flinch\n|cant|p2a: Empoleon|flinch\n|\n|upkeep\n|turn|7\n|inactive|LuichoX has 30 seconds left.\n|\n|t:|1776290097\n|move|p1a: Aerodactyl|Rock Slide|p2b: Dragonite|[spread] p2a,p2b\n|-resisted|p2a: Empoleon|1\n|-supereffective|p2b: Dragonite|1\n|-damage|p2a: Empoleon|39/100\n|-damage|p2b: Dragonite|2/100\n|move|p2b: Dragonite|Draco Meteor|p1b: Incineroar\n|-damage|p1b: Incineroar|61/100\n|-unboost|p2b: Dragonite|spa|2\n|move|p1b: Incineroar|Flare Blitz|p2a: Empoleon\n|-crit|p2a: Empoleon\n|-damage|p2a: Empoleon|0 fnt\n|faint|p2a: Empoleon\n|-damage|p1b: Incineroar|50/100|[from] Recoil\n|-enditem|p1b: Incineroar|Sitrus Berry|[eat]\n|-heal|p1b: Incineroar|74/100|[from] item: Sitrus Berry\n|\n|upkeep\n|turn|8\n|-message|tolrro forfeited.\n|\n|win|LuichoX\n|raw|LuichoX's rating: 1050 &rarr; <strong>1079</strong><br />(+29 for winning)\n|raw|tolrro's rating: 1015 &rarr; <strong>1004</strong><br />(-11 for losing)\n|l|\u2606tolrro\n|player|p2|\n",
  "uploadtime": 1776290162,
  "views": 25,
  "formatid": "gen9championsvgc2026regma",
  "rating": 1004,
  "private": 0,
  "password": null
}