{
  "id": "gen9championsvgc2026regma-2582091421",
  "format": "[Gen 9 Champions] VGC 2026 Reg M-A",
  "players": [
    "lolgz",
    "ArisHazard"
  ],
  "log": "|j|\u2606lolgz\n|j|\u2606ArisHazard\n|t:|1776056760\n|gametype|doubles\n|player|p1|lolgz|266|1191\n|player|p2|ArisHazard|102|1214\n|gen|9\n|tier|[Gen 9 Champions] VGC 2026 Reg M-A\n|rated|\n|rule|Species Clause: Limit one of each Pok\u00e9mon\n|rule|Item Clause: Limit 1 of each item\n|clearpoke\n|poke|p1|Charizard, L50, F|\n|poke|p1|Whimsicott, L50, F|\n|poke|p1|Garchomp, L50, M|\n|poke|p1|Farigiraf, L50, M|\n|poke|p1|Sneasler, L50, M|\n|poke|p1|Floette-Eternal, L50, F|\n|poke|p2|Gyarados, L50, F|\n|poke|p2|Tyranitar, L50, M|\n|poke|p2|Sableye, L50, M|\n|poke|p2|Meganium, L50, M|\n|poke|p2|Milotic, L50, M|\n|poke|p2|Rotom-Heat, L50|\n|teampreview|4\n|\n|t:|1776056788\n|teamsize|p1|4\n|teamsize|p2|4\n|start\n|switch|p1a: Whimsicott|Whimsicott, L50, F|100/100\n|switch|p1b: Floette|Floette-Eternal, L50, F|100/100\n|switch|p2a: Milotic|Milotic, L50, M|100/100\n|switch|p2b: Sableye|Sableye, L50, M|100/100\n|turn|1\n|inactive|Battle timer is ON: inactive players will automatically lose when time's up. (requested by ArisHazard)\n|\n|t:|1776056803\n|detailschange|p1b: Floette|Floette-Mega, L50, F\n|-mega|p1b: Floette|Floette|Floettite\n|-ability|p1b: Floette|Fairy Aura\n|move|p2b: Sableye|Protect|p2b: Sableye\n|-singleturn|p2b: Sableye|Protect\n|move|p1a: Whimsicott|Tailwind|p1a: Whimsicott\n|-sidestart|p1: lolgz|move: Tailwind\n|move|p1b: Floette|Dazzling Gleam|p2b: Sableye|[spread] p2a\n|-activate|p2b: Sableye|move: Protect\n|-damage|p2a: Milotic|62/100\n|move|p2a: Milotic|Muddy Water|p1b: Floette|[spread] p1a,p1b\n|-resisted|p1a: Whimsicott|1\n|-damage|p1a: Whimsicott|79/100\n|-damage|p1b: Floette|76/100\n|-unboost|p1b: Floette|accuracy|1\n|\n|-heal|p2a: Milotic|69/100|[from] item: Leftovers\n|upkeep\n|turn|2\n|\n|t:|1776056822\n|move|p2b: Sableye|Disable|p1b: Floette\n|-start|p1b: Floette|Disable|Dazzling Gleam\n|move|p1a: Whimsicott|Moonblast|p2a: Milotic\n|-damage|p2a: Milotic|34/100\n|cant|p1b: Floette|Disable|Dazzling Gleam\n|move|p2a: Milotic|Muddy Water|p1b: Floette|[spread] p1a,p1b\n|-resisted|p1a: Whimsicott|1\n|-damage|p1a: Whimsicott|54/100\n|-damage|p1b: Floette|52/100\n|-unboost|p1a: Whimsicott|accuracy|1\n|-unboost|p1b: Floette|accuracy|1\n|\n|-heal|p2a: Milotic|41/100|[from] item: Leftovers\n|upkeep\n|turn|3\n|\n|t:|1776056837\n|move|p2b: Sableye|Disable|p1a: Whimsicott\n|-start|p1a: Whimsicott|Disable|Moonblast\n|cant|p1a: Whimsicott|Disable|Moonblast\n|move|p1b: Floette|Moonblast|p2a: Milotic\n|-damage|p2a: Milotic|0 fnt\n|faint|p2a: Milotic\n|\n|upkeep\n|\n|t:|1776056847\n|switch|p2a: Gyarados|Gyarados, L50, F|100/100\n|-ability|p2a: Gyarados|Intimidate|boost\n|-unboost|p1a: Whimsicott|atk|1\n|-unboost|p1b: Floette|atk|1\n|turn|4\n|\n|t:|1776056860\n|switch|p1b: Garchomp|Garchomp, L50, M|100/100\n|move|p2b: Sableye|Protect|p2b: Sableye\n|-singleturn|p2b: Sableye|Protect\n|move|p1a: Whimsicott|Sunny Day|p1a: Whimsicott\n|-weather|SunnyDay\n|move|p2a: Gyarados|Dragon Dance|p2a: Gyarados\n|-boost|p2a: Gyarados|atk|1\n|-boost|p2a: Gyarados|spe|1\n|\n|-weather|SunnyDay|[upkeep]\n|-sideend|p1: lolgz|move: Tailwind\n|upkeep\n|turn|5\n|inactive|ArisHazard has 30 seconds left.\n|\n|t:|1776056888\n|detailschange|p2a: Gyarados|Gyarados-Mega, L50, F\n|-mega|p2a: Gyarados|Gyarados|Gyaradosite\n|-ability|p2a: Gyarados|Mold Breaker\n|move|p1a: Whimsicott|Encore|p2a: Gyarados\n|-hint|Since gen 7, Dark is immune to Prankster moves.\n|-immune|p2a: Gyarados\n|move|p2b: Sableye|Taunt|p1a: Whimsicott\n|-start|p1a: Whimsicott|move: Taunt\n|move|p1b: Garchomp|Dragon Claw|p2b: Sableye\n|-damage|p2b: Sableye|55/100\n|move|p2a: Gyarados|Waterfall|p1b: Garchomp\n|-damage|p1b: Garchomp|61/100\n|-damage|p2a: Gyarados|88/100|[from] ability: Rough Skin|[of] p1b: Garchomp\n|\n|-weather|SunnyDay|[upkeep]\n|upkeep\n|turn|6\n|inactive|ArisHazard has 30 seconds left.\n|\n|t:|1776056916\n|switch|p1a: Sneasler|Sneasler, L50, M|100/100\n|move|p2b: Sableye|Disable|p1b: Garchomp\n|-start|p1b: Garchomp|Disable|Dragon Claw\n|cant|p1b: Garchomp|Disable|Dragon Claw\n|move|p2a: Gyarados|Dragon Dance|p2a: Gyarados\n|-boost|p2a: Gyarados|atk|1\n|-boost|p2a: Gyarados|spe|1\n|\n|-weather|SunnyDay|[upkeep]\n|upkeep\n|turn|7\n|\n|t:|1776056929\n|switch|p1b: Whimsicott|Whimsicott, L50, F|54/100\n|move|p2b: Sableye|Protect|p2b: Sableye\n|-singleturn|p2b: Sableye|Protect\n|move|p1a: Sneasler|Fake Out|p2a: Gyarados\n|-damage|p2a: Gyarados|76/100\n|cant|p2a: Gyarados|flinch\n|\n|-weather|SunnyDay|[upkeep]\n|upkeep\n|turn|8\n|\n|t:|1776056942\n|move|p2a: Gyarados|Protect|p2a: Gyarados\n|-singleturn|p2a: Gyarados|Protect\n|move|p1b: Whimsicott|Tailwind|p1b: Whimsicott\n|-sidestart|p1: lolgz|move: Tailwind\n|move|p2b: Sableye|Encore|p1a: Sneasler\n|-start|p1a: Sneasler|Encore\n|move|p1a: Sneasler|Fake Out||[still]\n|-hint|Fake Out only works on your first turn out.\n|-fail|p1a: Sneasler\n|\n|-weather|none\n|upkeep\n|turn|9\n|\n|t:|1776056955\n|switch|p1a: Garchomp|Garchomp, L50, M|61/100\n|move|p2b: Sableye|Encore|p1b: Whimsicott\n|-start|p1b: Whimsicott|Encore\n|move|p1b: Whimsicott|Tailwind||[still]\n|-fail|p1b: Whimsicott\n|move|p2a: Gyarados|Dragon Dance|p2a: Gyarados\n|-boost|p2a: Gyarados|atk|1\n|-boost|p2a: Gyarados|spe|1\n|\n|upkeep\n|turn|10\n|\n|t:|1776056967\n|switch|p1b: Sneasler|Sneasler, L50, M|100/100\n|move|p2b: Sableye|Protect|p2b: Sableye\n|-singleturn|p2b: Sableye|Protect\n|move|p1a: Garchomp|Dragon Claw|p2b: Sableye\n|-activate|p2b: Sableye|move: Protect\n|move|p2a: Gyarados|Waterfall|p1b: Sneasler\n|-damage|p1b: Sneasler|0 fnt\n|faint|p1b: Sneasler\n|\n|upkeep\n|\n|t:|1776056969\n|switch|p1b: Floette|Floette-Mega, L50, F|52/100\n|-ability|p1b: Floette|Fairy Aura\n|turn|11\n|\n|t:|1776056985\n|move|p2b: Sableye|Disable|p1a: Garchomp\n|-start|p1a: Garchomp|Disable|Dragon Claw\n|cant|p1a: Garchomp|Disable|Dragon Claw\n|move|p1b: Floette|Dazzling Gleam|p2a: Gyarados|[spread] p2a,p2b\n|-supereffective|p2a: Gyarados|1\n|-crit|p2a: Gyarados\n|-supereffective|p2b: Sableye|1\n|-damage|p2a: Gyarados|0 fnt\n|-damage|p2b: Sableye|0 fnt\n|faint|p2a: Gyarados\n|faint|p2b: Sableye\n|\n|-sideend|p1: lolgz|move: Tailwind\n|upkeep\n|-message|ArisHazard forfeited.\n|\n|win|lolgz\n|raw|lolgz's rating: 1191 &rarr; <strong>1218</strong><br />(+27 for winning)\n|raw|ArisHazard's rating: 1214 &rarr; <strong>1187</strong><br />(-27 for losing)\n",
  "uploadtime": 1776056999,
  "views": 11,
  "formatid": "gen9championsvgc2026regma",
  "rating": 1187,
  "private": 0,
  "password": null
}