{
  "id": "gen9championsvgc2026regma-2587906870",
  "format": "[Gen 9 Champions] VGC 2026 Reg M-A",
  "players": [
    "testingtesting101",
    "WILLuBEMYGF?"
  ],
  "log": "|j|\u2606testingtesting101\n|j|\u2606WILLuBEMYGF?\n|html|<table width=\"100%\"><tr><td align=\"left\">testingtesting101</td><td align=\"right\">WILLuBEMYGF?</tr><tr><td align=\"left\"><i class=\"fa fa-circle\"></i> <i class=\"fa fa-circle-o\"></i> </td><td align=\"right\"><i class=\"fa fa-circle-o\"></i> <i class=\"fa fa-circle-o\"></i> </tr></table>\n|uhtml|bestof|<h2><strong>Game 2</strong> of <a href=\"/game-bestof3-gen9championsvgc2026regma-2587905222\">a best-of-3</a></h2>\n|t:|1776577348\n|gametype|doubles\n|player|p1|testingtesting101|buck|\n|player|p2|WILLuBEMYGF?|101|\n|gen|9\n|tier|[Gen 9 Champions] VGC 2026 Reg M-A\n|rated|Tournament battle\n|rule|Species Clause: Limit one of each Pok\u00e9mon\n|rule|Item Clause: Limit 1 of each item\n|raw|<div class=\"infobox\"><details class=\"readmore\" open><summary><strong>2 custom rules:</strong></summary> Force Open Team Sheets, Best of = 3</details></div>\n|clearpoke\n|poke|p1|Glimmora, L50, F|\n|poke|p1|Chesnaught, L50, M|\n|poke|p1|Alakazam, L50, M|\n|poke|p1|Noivern, L50, M|\n|poke|p1|Cofagrigus, L50, M|\n|poke|p1|Heliolisk, L50, M|\n|poke|p2|Maushold, L50|\n|poke|p2|Garchomp, L50, F|\n|poke|p2|Talonflame, L50, F|\n|poke|p2|Rotom-Wash, L50|\n|poke|p2|Aegislash, L50, F|\n|poke|p2|Floette-Eternal, L50, F|\n|teampreview|4\n|showteam|p1|Glimmora||Glimmoranite|ToxicDebris|PowerGem,SludgeWave,EarthPower,SpikyShield|||F|||50|]Chesnaught||Chesnaughtite|Bulletproof|WoodHammer,BodyPress,WideGuard,SpikyShield|||M|||50|]Alakazam||ColburBerry|InnerFocus|Reflect,LightScreen,Psychic,SpeedSwap|||M|||50|]Noivern||FocusSash|Telepathy|DracoMeteor,AirSlash,Tailwind,Protect|||M|||50|]Cofagrigus||Leftovers|Mummy|TrickRoom,WillOWisp,NightShade,SkillSwap|||M|||50|]Heliolisk||ChopleBerry|DrySkin|Thunderbolt,AllySwitch,HyperVoice,Protect|||M|||50|\n|showteam|p2|Maushold||FocusSash|FriendGuard|SuperFang,Taunt,FollowMe,Protect||||||50|]Garchomp||SoftSand|RoughSkin|Earthquake,StompingTantrum,StoneEdge,Protect|||F|||50|]Talonflame|||GaleWings|Acrobatics,FlareBlitz,Tailwind,Protect|||F|||50|]Rotom-Wash||SitrusBerry|Levitate|HydroPump,VoltSwitch,Thunderbolt,HelpingHand||||||50|]Aegislash||SpellTag|StanceChange|Poltergeist,ShadowSneak,IronHead,KingsShield|||F|||50|]Floette-Eternal||Floettite|FlowerVeil|Moonblast,DazzlingGleam,CalmMind,Protect|||F|||50|\n|\n|t:|1776577373\n|teamsize|p1|4\n|teamsize|p2|4\n|start\n|switch|p1a: Glimmora|Glimmora, L50, F|100/100\n|switch|p1b: Noivern|Noivern, L50, M|100/100\n|switch|p2a: Talonflame|Talonflame, L50, F|100/100\n|switch|p2b: Floette|Floette-Eternal, L50, F|100/100\n|turn|1\n|inactive|Battle timer is ON: inactive players will automatically lose when time's up. (requested by testingtesting101)\n|\n|t:|1776577404\n|detailschange|p1a: Glimmora|Glimmora-Mega, L50, F\n|-mega|p1a: Glimmora|Glimmora|Glimmoranite\n|move|p2b: Floette|Protect|p2b: Floette\n|-singleturn|p2b: Floette|Protect\n|move|p2a: Talonflame|Tailwind|p2a: Talonflame\n|-sidestart|p2: WILLuBEMYGF?|move: Tailwind\n|move|p1b: Noivern|Tailwind|p1b: Noivern\n|-sidestart|p1: testingtesting101|move: Tailwind\n|move|p1a: Glimmora|Sludge Wave|p2b: Floette|[spread] p2a\n|-activate|p2b: Floette|move: Protect\n|-activate|p1b: Noivern|ability: Telepathy\n|-damage|p2a: Talonflame|20/100\n|\n|upkeep\n|turn|2\n|\n|t:|1776577419\n|switch|p2a: Maushold|Maushold, L50|100/100\n|detailschange|p2b: Floette|Floette-Mega, L50, F\n|-mega|p2b: Floette|Floette|Floettite\n|-ability|p2b: Floette|Fairy Aura\n|move|p1b: Noivern|Protect|p1b: Noivern\n|-singleturn|p1b: Noivern|Protect\n|move|p2b: Floette|Protect|p2b: Floette\n|-singleturn|p2b: Floette|Protect\n|move|p1a: Glimmora|Sludge Wave|p2b: Floette|[spread] p2a\n|-activate|p1b: Noivern|move: Protect\n|-activate|p2b: Floette|move: Protect\n|-damage|p2a: Maushold|34/100\n|\n|upkeep\n|turn|3\n|\n|t:|1776577433\n|move|p2a: Maushold|Follow Me|p2a: Maushold\n|-singleturn|p2a: Maushold|move: Follow Me\n|move|p1b: Noivern|Air Slash|p2a: Maushold\n|-damage|p2a: Maushold|0 fnt\n|faint|p2a: Maushold\n|move|p1a: Glimmora|Sludge Wave|p2b: Floette|[spread] p2b\n|-activate|p1b: Noivern|ability: Telepathy\n|-supereffective|p2b: Floette|1\n|-damage|p2b: Floette|19/100\n|move|p2b: Floette|Dazzling Gleam|p1b: Noivern|[spread] p1a,p1b\n|-resisted|p1a: Glimmora|1\n|-supereffective|p1b: Noivern|1\n|-damage|p1a: Glimmora|70/100\n|-enditem|p1b: Noivern|Focus Sash\n|-damage|p1b: Noivern|1/100\n|\n|upkeep\n|\n|t:|1776577439\n|switch|p2a: Talonflame|Talonflame, L50, F|20/100\n|turn|4\n|\n|t:|1776577449\n|move|p2a: Talonflame|Protect|p2a: Talonflame\n|-singleturn|p2a: Talonflame|Protect\n|move|p1b: Noivern|Protect|p1b: Noivern\n|-singleturn|p1b: Noivern|Protect\n|move|p2b: Floette|Protect|p2b: Floette\n|-singleturn|p2b: Floette|Protect\n|move|p1a: Glimmora|Sludge Wave|p2b: Floette|[spread] \n|-activate|p1b: Noivern|move: Protect\n|-activate|p2a: Talonflame|move: Protect\n|-activate|p2b: Floette|move: Protect\n|\n|-sideend|p1: testingtesting101|move: Tailwind\n|-sideend|p2: WILLuBEMYGF?|move: Tailwind\n|upkeep\n|turn|5\n|\n|t:|1776577474\n|move|p2a: Talonflame|Tailwind|p2a: Talonflame\n|-sidestart|p2: WILLuBEMYGF?|move: Tailwind\n|move|p2b: Floette|Dazzling Gleam|p1b: Noivern|[spread] p1a,p1b\n|-resisted|p1a: Glimmora|1\n|-supereffective|p1b: Noivern|1\n|-damage|p1a: Glimmora|39/100\n|-damage|p1b: Noivern|0 fnt\n|faint|p1b: Noivern\n|move|p1a: Glimmora|Sludge Wave|p2a: Talonflame|[spread] p2a,p2b\n|-supereffective|p2b: Floette|1\n|-damage|p2a: Talonflame|0 fnt\n|-damage|p2b: Floette|0 fnt\n|faint|p2a: Talonflame\n|faint|p2b: Floette\n|\n|upkeep\n|\n|t:|1776577482\n|switch|p1b: Chesnaught|Chesnaught, L50, M|100/100\n|switch|p2b: Garchomp|Garchomp, L50, F|100/100\n|turn|6\n|\n|t:|1776577493\n|move|p1a: Glimmora|Spiky Shield|p1a: Glimmora\n|-singleturn|p1a: Glimmora|move: Protect\n|move|p2b: Garchomp|Stomping Tantrum|p1a: Glimmora\n|-activate|p1a: Glimmora|move: Protect\n|-damage|p2b: Garchomp|88/100|[from] Spiky Shield|[of] p1a: Glimmora\n|move|p1b: Chesnaught|Wood Hammer|p2b: Garchomp\n|-damage|p2b: Garchomp|30/100\n|-damage|p1b: Chesnaught|88/100|[from] ability: Rough Skin|[of] p2b: Garchomp\n|-damage|p1b: Chesnaught|68/100|[from] Recoil\n|\n|upkeep\n|turn|7\n|-message|WILLuBEMYGF? forfeited.\n|\n|win|testingtesting101\n|l|\u2606WILLuBEMYGF?\n|player|p2|\n",
  "uploadtime": 1776577505,
  "views": 12,
  "formatid": "gen9championsvgc2026regma",
  "rating": null,
  "private": 0,
  "password": null
}