{
  "id": "gen9championsvgc2026regma-2581429603",
  "format": "[Gen 9 Champions] VGC 2026 Reg M-A",
  "players": [
    "GiulyTheClockworko",
    "Little Fabi"
  ],
  "log": "|j|\u2606GiulyTheClockworko\n|j|\u2606Little Fabi\n|t:|1775999554\n|gametype|doubles\n|player|p1|GiulyTheClockworko|saturn|1000\n|player|p2|Little Fabi|miku-ghost|1048\n|gen|9\n|tier|[Gen 9 Champions] VGC 2026 Reg M-A\n|rated|\n|rule|Species Clause: Limit one of each Pok\u00e9mon\n|rule|Item Clause: Limit 1 of each item\n|clearpoke\n|poke|p1|Feraligatr, L50, F|\n|poke|p1|Basculegion, L50, M|\n|poke|p1|Archaludon, L50, M|\n|poke|p1|Pelipper, L50, M|\n|poke|p1|Sinistcha, L50|\n|poke|p1|Primarina, L50, F|\n|poke|p2|Milotic, L50, M|\n|poke|p2|Whimsicott, L50, M|\n|poke|p2|Incineroar, L50, M|\n|poke|p2|Charizard, L50, M|\n|poke|p2|Venusaur, L50, M|\n|poke|p2|Farigiraf, L50, F|\n|teampreview|4\n|\n|t:|1775999581\n|teamsize|p1|4\n|teamsize|p2|4\n|start\n|switch|p1a: Archaludon|Archaludon, L50, M|100/100\n|switch|p1b: Pelipper|Pelipper, L50, M|100/100\n|switch|p2a: Milotic|Milotic, L50, M|100/100\n|switch|p2b: Incineroar|Incineroar, L50, M|100/100\n|-ability|p2b: Incineroar|Intimidate|boost\n|-unboost|p1a: Archaludon|atk|1\n|-unboost|p1b: Pelipper|atk|1\n|-weather|RainDance|[from] ability: Drizzle|[of] p1b: Pelipper\n|turn|1\n|\n|t:|1775999608\n|move|p2b: Incineroar|Fake Out|p1b: Pelipper\n|-damage|p1b: Pelipper|88/100\n|move|p1a: Archaludon|Electro Shot||[still]\n|-prepare|p1a: Archaludon|Electro Shot\n|-boost|p1a: Archaludon|spa|1\n|-anim|p1a: Archaludon|Electro Shot|p2a: Milotic\n|-supereffective|p2a: Milotic|1\n|-crit|p2a: Milotic\n|-damage|p2a: Milotic|0 fnt\n|faint|p2a: Milotic\n|cant|p1b: Pelipper|flinch\n|\n|-weather|RainDance|[upkeep]\n|upkeep\n|\n|t:|1775999622\n|switch|p2a: Charizard|Charizard, L50, M|100/100\n|turn|2\n|\n|t:|1775999640\n|switch|p2b: Venusaur|Venusaur, L50, M|100/100\n|move|p2a: Charizard|Protect|p2a: Charizard\n|-singleturn|p2a: Charizard|Protect\n|move|p1a: Archaludon|Electro Shot||[still]\n|-prepare|p1a: Archaludon|Electro Shot\n|-boost|p1a: Archaludon|spa|1\n|-anim|p1a: Archaludon|Electro Shot|p2a: Charizard\n|-activate|p2a: Charizard|move: Protect\n|move|p1b: Pelipper|Hurricane|p2b: Venusaur\n|-supereffective|p2b: Venusaur|1\n|-damage|p2b: Venusaur|24/100\n|\n|-weather|RainDance|[upkeep]\n|upkeep\n|turn|3\n|\n|t:|1775999671\n|detailschange|p2a: Charizard|Charizard-Mega-Y, L50, M\n|-mega|p2a: Charizard|Charizard|Charizardite Y\n|-weather|SunnyDay|[from] ability: Drought|[of] p2a: Charizard\n|move|p1a: Archaludon|Electro Shot||[still]\n|-prepare|p1a: Archaludon|Electro Shot\n|-boost|p1a: Archaludon|spa|1\n|move|p2a: Charizard|Shadow Claw|p1a: Archaludon\n|-damage|p1a: Archaludon|81/100\n|-ability|p1a: Archaludon|Stamina|boost\n|-boost|p1a: Archaludon|def|1\n|move|p2b: Venusaur|Solar Beam||[still]\n|-prepare|p2b: Venusaur|Solar Beam\n|-anim|p2b: Venusaur|Solar Beam|p1b: Pelipper\n|-crit|p1b: Pelipper\n|-damage|p1b: Pelipper|0 fnt\n|faint|p1b: Pelipper\n|\n|-weather|SunnyDay|[upkeep]\n|-heal|p1a: Archaludon|87/100|[from] item: Leftovers\n|upkeep\n|\n|t:|1775999688\n|switch|p1b: Sinistcha|Sinistcha, L50|100/100\n|-heal|p1a: Archaludon|100/100|[from] ability: Hospitality|[of] p1b: Sinistcha\n|turn|4\n|\n|t:|1775999709\n|move|p1b: Sinistcha|Rage Powder|p1b: Sinistcha\n|-singleturn|p1b: Sinistcha|move: Rage Powder\n|move|p1a: Archaludon|Electro Shot|p2a: Charizard|[from] lockedmove\n|-supereffective|p2a: Charizard|1\n|-damage|p2a: Charizard|0 fnt\n|faint|p2a: Charizard\n|move|p2b: Venusaur|Knock Off|p1b: Sinistcha\n|-supereffective|p1b: Sinistcha|1\n|-damage|p1b: Sinistcha|61/100\n|-enditem|p1b: Sinistcha|Bright Powder|[from] move: Knock Off|[of] p2b: Venusaur\n|\n|-weather|SunnyDay|[upkeep]\n|upkeep\n|\n|t:|1775999721\n|switch|p2a: Incineroar|Incineroar, L50, M|100/100\n|-ability|p2a: Incineroar|Intimidate|boost\n|-unboost|p1a: Archaludon|atk|1\n|-unboost|p1b: Sinistcha|atk|1\n|turn|5\n|\n|t:|1775999742\n|move|p2a: Incineroar|Fake Out|p1a: Archaludon\n|-resisted|p1a: Archaludon|1\n|-damage|p1a: Archaludon|97/100\n|-ability|p1a: Archaludon|Stamina|boost\n|-boost|p1a: Archaludon|def|1\n|cant|p1a: Archaludon|flinch\n|move|p1b: Sinistcha|Strength Sap|p2a: Incineroar\n|-unboost|p2a: Incineroar|atk|1\n|-heal|p1b: Sinistcha|100/100\n|move|p2b: Venusaur|Knock Off|p1b: Sinistcha\n|-supereffective|p1b: Sinistcha|1\n|-damage|p1b: Sinistcha|76/100\n|\n|-weather|SunnyDay|[upkeep]\n|-heal|p1a: Archaludon|100/100|[from] item: Leftovers\n|upkeep\n|turn|6\n|\n|t:|1775999769\n|move|p1b: Sinistcha|Rage Powder|p1b: Sinistcha\n|-singleturn|p1b: Sinistcha|move: Rage Powder\n|move|p1a: Archaludon|Body Slam|p2b: Venusaur\n|-damage|p2b: Venusaur|12/100\n|move|p2b: Venusaur|Solar Beam||[still]\n|-prepare|p2b: Venusaur|Solar Beam\n|-anim|p2b: Venusaur|Solar Beam|p1b: Sinistcha\n|-resisted|p1b: Sinistcha|1\n|-damage|p1b: Sinistcha|15/100\n|move|p2a: Incineroar|Flare Blitz|p1b: Sinistcha\n|-supereffective|p1b: Sinistcha|1\n|-damage|p1b: Sinistcha|0 fnt\n|faint|p1b: Sinistcha\n|-damage|p2a: Incineroar|97/100|[from] Recoil\n|\n|-weather|SunnyDay|[upkeep]\n|upkeep\n|\n|t:|1775999783\n|switch|p1b: Feraligatr|Feraligatr, L50, F|100/100\n|turn|7\n|\n|t:|1775999808\n|detailschange|p1b: Feraligatr|Feraligatr-Mega, L50, F\n|-mega|p1b: Feraligatr|Feraligatr|Feraligite\n|move|p2b: Venusaur|Protect|p2b: Venusaur\n|-singleturn|p2b: Venusaur|Protect\n|move|p1a: Archaludon|Draco Meteor|p2b: Venusaur\n|-activate|p2b: Venusaur|move: Protect\n|move|p1b: Feraligatr|Liquidation|p2a: Incineroar\n|-supereffective|p2a: Incineroar|1\n|-damage|p2a: Incineroar|61/100\n|-unboost|p2a: Incineroar|def|1\n|move|p2a: Incineroar|Flare Blitz|p1a: Archaludon\n|-damage|p1a: Archaludon|79/100\n|-ability|p1a: Archaludon|Stamina|boost\n|-boost|p1a: Archaludon|def|1\n|-damage|p2a: Incineroar|55/100|[from] Recoil\n|\n|-weather|none\n|-heal|p1a: Archaludon|85/100|[from] item: Leftovers\n|upkeep\n|turn|8\n|c|\u2606Little Fabi|nah gg lol\n|\n|t:|1775999848\n|move|p1a: Archaludon|Draco Meteor|p2b: Venusaur\n|-damage|p2b: Venusaur|0 fnt\n|-unboost|p1a: Archaludon|spa|2\n|faint|p2b: Venusaur\n|move|p1b: Feraligatr|Liquidation|p2a: Incineroar\n|-supereffective|p2a: Incineroar|1\n|-damage|p2a: Incineroar|0 fnt\n|faint|p2a: Incineroar\n|\n|win|GiulyTheClockworko\n|raw|GiulyTheClockworko's rating: 1000 &rarr; <strong>1045</strong><br />(+45 for winning)\n|raw|Little Fabi's rating: 1048 &rarr; <strong>1028</strong><br />(-20 for losing)\n|l|\u2606Little Fabi\n|player|p2|\n|c|\u2606GiulyTheClockworko|good game\n",
  "uploadtime": 1775999866,
  "views": 23,
  "formatid": "gen9championsvgc2026regma",
  "rating": 1028,
  "private": 0,
  "password": null
}