{
  "id": "gen9championsvgc2026regma-2586037933",
  "format": "[Gen 9 Champions] VGC 2026 Reg M-A",
  "players": [
    "Volcano0",
    "ragtagbags"
  ],
  "log": "|j|\u2606Volcano0\n|j|\u2606ragtagbags\n|t:|1776392631\n|gametype|doubles\n|player|p1|Volcano0|benga|1172\n|player|p2|ragtagbags|will|1245\n|gen|9\n|tier|[Gen 9 Champions] VGC 2026 Reg M-A\n|rated|\n|rule|Species Clause: Limit one of each Pok\u00e9mon\n|rule|Item Clause: Limit 1 of each item\n|clearpoke\n|poke|p1|Floette-Eternal, L50, F|\n|poke|p1|Garchomp, L50, F|\n|poke|p1|Aerodactyl, L50, F|\n|poke|p1|Incineroar, L50, F|\n|poke|p1|Basculegion, L50, M|\n|poke|p1|Maushold-Four, L50|\n|poke|p2|Incineroar, L50, F|\n|poke|p2|Whimsicott, L50, M|\n|poke|p2|Sneasler, L50, F|\n|poke|p2|Meowstic-F, L50, F|\n|poke|p2|Drampa, L50, M|\n|poke|p2|Basculegion, L50, M|\n|teampreview|4\n|inactive|Battle timer is ON: inactive players will automatically lose when time's up. (requested by ragtagbags)\n|inactive|Volcano0 also wants the timer to be on.\n|inactive|Volcano0 has 60 seconds left.\n|\n|t:|1776392664\n|teamsize|p1|4\n|teamsize|p2|4\n|start\n|switch|p1a: Aerodactyl|Aerodactyl, L50, F, shiny|100/100\n|switch|p1b: Garchomp|Garchomp, L50, F|100/100\n|switch|p2a: The Ler|Sneasler, L50, F, shiny|100/100\n|switch|p2b: Meowstic|Meowstic-F, L50, F, shiny|100/100\n|-ability|p1a: Aerodactyl|Unnerve\n|turn|1\n|\n|t:|1776392685\n|detailschange|p2b: Meowstic|Meowstic-F-Mega, L50, F, shiny\n|-mega|p2b: Meowstic|Meowstic|Meowsticite\n|-ability|p2b: Meowstic|Unnerve|Trace|[from] ability: Trace|[of] p1a: Aerodactyl\n|-ability|p2b: Meowstic|Unnerve\n|move|p1a: Aerodactyl|Protect|p1a: Aerodactyl\n|-singleturn|p1a: Aerodactyl|Protect\n|move|p1b: Garchomp|Protect|p1b: Garchomp\n|-singleturn|p1b: Garchomp|Protect\n|move|p2a: The Ler|Fake Out|p1b: Garchomp\n|-activate|p1b: Garchomp|move: Protect\n|move|p2b: Meowstic|Alluring Voice|p1b: Garchomp\n|-activate|p1b: Garchomp|move: Protect\n|\n|upkeep\n|turn|2\n|\n|t:|1776392707\n|switch|p2b: Drampa|Drampa, L50, M, shiny|100/100\n|-ability|p2b: Drampa|Cloud Nine\n|switch|p2a: Basculegion|Basculegion, L50, M|100/100\n|move|p1a: Aerodactyl|Tailwind|p1a: Aerodactyl\n|-sidestart|p1: Volcano0|move: Tailwind\n|move|p1b: Garchomp|Swords Dance|p1b: Garchomp\n|-boost|p1b: Garchomp|atk|2\n|\n|upkeep\n|turn|3\n|\n|t:|1776392724\n|move|p1a: Aerodactyl|Rock Slide|p2b: Drampa|[spread] p2a,p2b\n|-crit|p2a: Basculegion\n|-damage|p2a: Basculegion|52/100\n|-damage|p2b: Drampa|71/100\n|move|p1b: Garchomp|Earthquake|p2b: Drampa|[spread] p2a,p2b\n|-immune|p1a: Aerodactyl\n|-damage|p2a: Basculegion|0 fnt\n|-damage|p2b: Drampa|0 fnt\n|faint|p2a: Basculegion\n|faint|p2b: Drampa\n|\n|upkeep\n|\n|t:|1776392731\n|switch|p2a: The Ler|Sneasler, L50, F, shiny|100/100\n|switch|p2b: Meowstic|Meowstic-F-Mega, L50, F, shiny|100/100\n|-ability|p2b: Meowstic|Unnerve|Trace|[from] ability: Trace|[of] p1a: Aerodactyl\n|-ability|p2b: Meowstic|Unnerve\n|turn|4\n|\n|t:|1776392742\n|move|p1a: Aerodactyl|Protect|p1a: Aerodactyl\n|-singleturn|p1a: Aerodactyl|Protect\n|move|p1b: Garchomp|Protect|p1b: Garchomp\n|-singleturn|p1b: Garchomp|Protect\n|move|p2b: Meowstic|Psychic|p1a: Aerodactyl\n|-activate|p1a: Aerodactyl|move: Protect\n|move|p2a: The Ler|Close Combat|p1a: Aerodactyl\n|-activate|p1a: Aerodactyl|move: Protect\n|\n|upkeep\n|turn|5\n|\n|t:|1776392754\n|move|p1a: Aerodactyl|Rock Slide|p2b: Meowstic|[spread] p2a,p2b\n|-resisted|p2a: The Ler|1\n|-damage|p2a: The Ler|81/100\n|-damage|p2b: Meowstic|67/100\n|move|p1b: Garchomp|Earthquake|p2a: The Ler|[spread] p2a,p2b\n|-immune|p1a: Aerodactyl\n|-supereffective|p2a: The Ler|1\n|-crit|p2a: The Ler\n|-damage|p2a: The Ler|0 fnt\n|-damage|p2b: Meowstic|0 fnt\n|faint|p2a: The Ler\n|faint|p2b: Meowstic\n|\n|win|Volcano0\n|raw|Volcano0's rating: 1172 &rarr; <strong>1202</strong><br />(+30 for winning)\n|raw|ragtagbags's rating: 1245 &rarr; <strong>1215</strong><br />(-30 for losing)\n|l|\u2606ragtagbags\n|player|p2|\n",
  "uploadtime": 1776392764,
  "views": 25,
  "formatid": "gen9championsvgc2026regma",
  "rating": 1202,
  "private": 0,
  "password": null
}