{
  "id": "gen9championsvgc2026regma-2580772677",
  "format": "[Gen 9 Champions] VGC 2026 Reg M-A",
  "players": [
    "Adricrack2090",
    "Lemurien"
  ],
  "log": "|j|\u2606Adricrack2090\n|j|\u2606Lemurien\n|t:|1775931269\n|gametype|doubles\n|player|p1|Adricrack2090|bruno|1057\n|player|p2|Lemurien|101|1000\n|gen|9\n|tier|[Gen 9 Champions] VGC 2026 Reg M-A\n|rated|\n|rule|Species Clause: Limit one of each Pok\u00e9mon\n|rule|Item Clause: Limit 1 of each item\n|clearpoke\n|poke|p1|Charizard, L50, M|\n|poke|p1|Kingambit, L50, M|\n|poke|p1|Maushold-Four, L50|\n|poke|p1|Sneasler, L50, M|\n|poke|p1|Dragapult, L50, M|\n|poke|p1|Garchomp, L50, M|\n|poke|p2|Meganium, L50, M|\n|poke|p2|Dragonite, L50, F|\n|poke|p2|Archaludon, L50, M|\n|poke|p2|Pelipper, L50, M|\n|poke|p2|Basculegion, L50, M|\n|poke|p2|Sneasler, L50, F|\n|teampreview|4\nLemurien rejected open team sheets.\n|inactive|Battle timer is ON: inactive players will automatically lose when time's up. (requested by Lemurien)\n|inactive|Lemurien has 60 seconds left.\n|inactive|Lemurien has 30 seconds left.\n|\n|t:|1775931360\n|teamsize|p1|4\n|teamsize|p2|4\n|start\n|switch|p1a: Charizard|Charizard, L50, M|100/100\n|switch|p1b: Maushold|Maushold-Four, L50|100/100\n|switch|p2a: Pelipper|Pelipper, L50, M|100/100\n|switch|p2b: Archaludon|Archaludon, L50, M|100/100\n|-weather|RainDance|[from] ability: Drizzle|[of] p2a: Pelipper\n|turn|1\n|inactive|Lemurien has 30 seconds left.\n|inactive|Lemurien has 20 seconds left.\n|\n|t:|1775931398\n|detailschange|p1a: Charizard|Charizard-Mega-Y, L50, M\n|-mega|p1a: Charizard|Charizard|Charizardite Y\n|-weather|SunnyDay|[from] ability: Drought|[of] p1a: Charizard\n|move|p2b: Archaludon|Protect|p2b: Archaludon\n|-singleturn|p2b: Archaludon|Protect\n|move|p1b: Maushold|Super Fang|p2b: Archaludon\n|-activate|p2b: Archaludon|move: Protect\n|move|p1a: Charizard|Overheat|p2b: Archaludon\n|-activate|p2b: Archaludon|move: Protect\n|move|p2a: Pelipper|Tailwind|p2a: Pelipper\n|-sidestart|p2: Lemurien|move: Tailwind\n|\n|-weather|SunnyDay|[upkeep]\n|upkeep\n|turn|2\n|inactive|Adricrack2090 has 30 seconds left.\n|inactive|Lemurien has 30 seconds left.\n|inactive|Adricrack2090 has 20 seconds left.\n|inactive|Lemurien has 20 seconds left.\n|inactive|Lemurien has 15 seconds left.\n|inactive|Lemurien has 10 seconds left.\n|\n|t:|1775931447\n|switch|p2a: Dragonite|Dragonite, L50, F|100/100\n|move|p1b: Maushold|Follow Me|p1b: Maushold\n|-singleturn|p1b: Maushold|move: Follow Me\n|move|p2b: Archaludon|Dragon Pulse|p1b: Maushold\n|-damage|p1b: Maushold|48/100\n|move|p1a: Charizard|Heat Wave|p2b: Archaludon|[spread] p2a,p2b\n|-resisted|p2a: Dragonite|1\n|-damage|p2a: Dragonite|82/100\n|-damage|p2b: Archaludon|12/100\n|-status|p2b: Archaludon|brn\n|\n|-weather|SunnyDay|[upkeep]\n|-heal|p2b: Archaludon|18/100 brn|[from] item: Leftovers\n|-damage|p2b: Archaludon|12/100 brn|[from] brn\n|upkeep\n|turn|3\n|inactive|Lemurien has 30 seconds left.\n|inactive|Adricrack2090 has 30 seconds left.\n|inactive|Lemurien has 20 seconds left.\n|inactive|Lemurien has 15 seconds left.\n|\n|t:|1775931488\n|move|p1b: Maushold|Follow Me|p1b: Maushold\n|-singleturn|p1b: Maushold|move: Follow Me\n|move|p2b: Archaludon|Dragon Pulse|p1b: Maushold\n|-damage|p1b: Maushold|0 fnt\n|faint|p1b: Maushold\n|move|p2a: Dragonite|Draco Meteor|p1a: Charizard\n|-damage|p1a: Charizard|50/100\n|-unboost|p2a: Dragonite|spa|2\n|move|p1a: Charizard|Heat Wave|p2b: Archaludon|[spread] p2a,p2b\n|-resisted|p2a: Dragonite|1\n|-damage|p2a: Dragonite|50/100\n|-damage|p2b: Archaludon|0 fnt\n|-status|p2a: Dragonite|brn\n|faint|p2b: Archaludon\n|\n|-weather|SunnyDay|[upkeep]\n|-damage|p2a: Dragonite|44/100 brn|[from] brn\n|upkeep\n|\n|t:|1775931504\n|switch|p1b: Sneasler|Sneasler, L50, M|100/100\n|switch|p2b: Pelipper|Pelipper, L50, M|100/100\n|-weather|RainDance|[from] ability: Drizzle|[of] p2b: Pelipper\n|turn|4\n|\n|t:|1775931522\n|switch|p1a: Kingambit|Kingambit, L50, M|100/100\n|detailschange|p2a: Dragonite|Dragonite-Mega, L50, F\n|-mega|p2a: Dragonite|Dragonite|Dragoninite\n|move|p1b: Sneasler|Fake Out|p2b: Pelipper\n|-damage|p2b: Pelipper|88/100\n|move|p2a: Dragonite|Hurricane|p1b: Sneasler\n|-supereffective|p1b: Sneasler|1\n|-damage|p1b: Sneasler|4/100\n|cant|p2b: Pelipper|flinch\n|\n|-weather|RainDance|[upkeep]\n|-damage|p2a: Dragonite|38/100 brn|[from] brn\n|-sideend|p2: Lemurien|move: Tailwind\n|upkeep\n|turn|5\n|\n|t:|1775931544\n|move|p2a: Dragonite|Protect|p2a: Dragonite\n|-singleturn|p2a: Dragonite|Protect\n|move|p1a: Kingambit|Sucker Punch||[still]\n|-fail|p1a: Kingambit\n|move|p1b: Sneasler|Dire Claw|p2b: Pelipper\n|-crit|p2b: Pelipper\n|-damage|p2b: Pelipper|32/100\n|move|p2b: Pelipper|Tailwind|p2b: Pelipper\n|-sidestart|p2: Lemurien|move: Tailwind\n|\n|-weather|RainDance|[upkeep]\n|-damage|p2a: Dragonite|32/100 brn|[from] brn\n|upkeep\n|turn|6\n|\n|t:|1775931559\n|switch|p2a: Sneasler|Sneasler, L50, F|100/100\n|switch|p1b: Charizard|Charizard-Mega-Y, L50, M|50/100\n|-weather|SunnyDay|[from] ability: Drought|[of] p1b: Charizard\n|move|p1a: Kingambit|Sucker Punch||[still]\n|-fail|p1a: Kingambit\n|move|p2b: Pelipper|Weather Ball|p1a: Kingambit\n|-supereffective|p1a: Kingambit|1\n|-damage|p1a: Kingambit|30/100\n|\n|-weather|SunnyDay|[upkeep]\n|upkeep\n|turn|7\n|\n|t:|1775931583\n|move|p1b: Charizard|Protect|p1b: Charizard\n|-singleturn|p1b: Charizard|Protect\n|move|p1a: Kingambit|Protect|p1a: Kingambit\n|-singleturn|p1a: Kingambit|Protect\n|move|p2a: Sneasler|Dire Claw|p1b: Charizard\n|-activate|p1b: Charizard|move: Protect\n|move|p2b: Pelipper|Weather Ball|p1a: Kingambit\n|-activate|p1a: Kingambit|move: Protect\n|\n|-weather|SunnyDay|[upkeep]\n|upkeep\n|turn|8\n|inactive|Adricrack2090 has 30 seconds left.\n|inactive|Lemurien has 30 seconds left.\n|\n|t:|1775931618\n|move|p2a: Sneasler|Protect|p2a: Sneasler\n|-singleturn|p2a: Sneasler|Protect\n|move|p1a: Kingambit|Sucker Punch|p2b: Pelipper\n|-damage|p2b: Pelipper|0 fnt\n|faint|p2b: Pelipper\n|move|p1b: Charizard|Heat Wave|p2a: Sneasler\n|-activate|p2a: Sneasler|move: Protect\n|\n|-weather|SunnyDay|[upkeep]\n|-sideend|p2: Lemurien|move: Tailwind\n|upkeep\n|\n|t:|1775931622\n|switch|p2b: Dragonite|Dragonite-Mega, L50, F|32/100 brn\n|turn|9\n|\n|t:|1775931644\n|move|p1a: Kingambit|Sucker Punch||[still]\n|-fail|p1a: Kingambit\n|move|p2a: Sneasler|Close Combat|p1a: Kingambit\n|-supereffective|p1a: Kingambit|2\n|-damage|p1a: Kingambit|0 fnt\n|-unboost|p2a: Sneasler|def|1\n|-unboost|p2a: Sneasler|spd|1\n|faint|p1a: Kingambit\n|-enditem|p2a: Sneasler|White Herb\n|-clearnegativeboost|p2a: Sneasler|[silent]\n|move|p2b: Dragonite|Tailwind|p2b: Dragonite\n|-sidestart|p2: Lemurien|move: Tailwind\n|move|p1b: Charizard|Overheat|p2a: Sneasler|[miss]\n|-miss|p1b: Charizard|p2a: Sneasler\n|\n|-weather|SunnyDay|[upkeep]\n|-damage|p2b: Dragonite|26/100 brn|[from] brn\n|upkeep\n|\n|t:|1775931658\n|switch|p1a: Sneasler|Sneasler, L50, M|4/100\n|turn|10\n|\n|t:|1775931670\n|move|p2a: Sneasler|Protect|p2a: Sneasler\n|-singleturn|p2a: Sneasler|Protect\n|move|p2b: Dragonite|Protect|p2b: Dragonite\n|-singleturn|p2b: Dragonite|Protect\n|move|p1a: Sneasler|Fake Out|p2a: Sneasler\n|-activate|p2a: Sneasler|move: Protect\n|move|p1b: Charizard|Heat Wave|p2b: Dragonite|[spread] \n|-activate|p2a: Sneasler|move: Protect\n|-activate|p2b: Dragonite|move: Protect\n|\n|-weather|none\n|-damage|p2b: Dragonite|20/100 brn|[from] brn\n|upkeep\n|turn|11\n|-message|Adricrack2090 forfeited.\n|\n|win|Lemurien\n|raw|Adricrack2090's rating: 1057 &rarr; <strong>1035</strong><br />(-22 for losing)\n|raw|Lemurien's rating: 1000 &rarr; <strong>1047</strong><br />(+47 for winning)\n|l|\u2606Adricrack2090\n|player|p1|\n",
  "uploadtime": 1775931689,
  "views": 13,
  "formatid": "gen9championsvgc2026regma",
  "rating": 1035,
  "private": 0,
  "password": null
}