{
  "id": "gen9championsvgc2026regma-2580616912",
  "format": "[Gen 9 Champions] VGC 2026 Reg M-A",
  "players": [
    "magicalarcher57",
    "5wamp"
  ],
  "log": "|j|\u2606magicalarcher57\n|j|\u26065wamp\n|html|<table width=\"100%\"><tr><td align=\"left\">magicalarcher57</td><td align=\"right\">5wamp</tr><tr><td align=\"left\"><i class=\"fa fa-circle-o\"></i> <i class=\"fa fa-circle-o\"></i> </td><td align=\"right\"><i class=\"fa fa-circle-o\"></i> <i class=\"fa fa-circle-o\"></i> </tr></table>\n|uhtml|bestof|<h2><strong>Game 1</strong> of <a href=\"/game-bestof3-gen9championsvgc2026regma-2580616911\">a best-of-3</a></h2>\n|t:|1775918443\n|gametype|doubles\n|player|p1|magicalarcher57|cynthia-masters4|\n|player|p2|5wamp|carmine-festival|\n|gen|9\n|tier|[Gen 9 Champions] VGC 2026 Reg M-A\n|rated|Tournament battle\n|rule|Species Clause: Limit one of each Pok\u00e9mon\n|rule|Item Clause: Limit 1 of each item\n|raw|<div class=\"infobox\"><details class=\"readmore\" open><summary><strong>2 custom rules:</strong></summary> Force Open Team Sheets, Best of = 3</details></div>\n|clearpoke\n|poke|p1|Kangaskhan, L50, F|\n|poke|p1|Farigiraf, L50, F|\n|poke|p1|Basculegion, L50, M|\n|poke|p1|Talonflame, L50, F|\n|poke|p1|Sneasler, L50, F|\n|poke|p1|Kommo-o, L50, F|\n|poke|p2|Floette-Eternal, L50, F|\n|poke|p2|Garchomp, L50, M|\n|poke|p2|Aegislash, L50, M|\n|poke|p2|Milotic, L50, F|\n|poke|p2|Sinistcha, L50|\n|poke|p2|Incineroar, L50, M|\n|teampreview|4\n|showteam|p1|Kangaskhan||Kangaskhanite|Scrappy|FakeOut,DrainPunch,DoubleEdge,Crunch|||F|||50|]Farigiraf||MentalHerb|ArmorTail|ShadowBall,HyperVoice,TrickRoom,Psychic|||F|||50|]Basculegion||MysticWater|Adaptability|WaveCrash,LastRespects,AquaJet,Protect|||M|||50|]Talonflame||SharpBeak|GaleWings|Tailwind,Taunt,BraveBird,FlareBlitz|||F|||50|]Sneasler||FocusSash|Unburden|FakeOut,CloseCombat,DireClaw,Protect|||F|||50|]Kommo-o||DragonFang|Overcoat|Protect,Flamethrower,ClangingScales,ClangorousSoul|||F|||50|\n|showteam|p2|Floette-Eternal||Floettite|FlowerVeil|Moonblast,DazzlingGleam,CalmMind,Protect|||F|||50|]Garchomp||LumBerry|SandVeil|StompingTantrum,DragonClaw,RockSlide,Protect|||M|||50|]Aegislash||SpellTag|StanceChange|Poltergeist,ShadowSneak,SacredSword,KingsShield|||M|||50|]Milotic||Leftovers|Competitive|Scald,IceBeam,Recover,Protect|||F|||50|]Sinistcha||OccaBerry|Hospitality|MatchaGotcha,StrengthSap,RagePowder,TrickRoom||||||50|]Incineroar||SitrusBerry|Intimidate|FakeOut,FlareBlitz,ThroatChop,PartingShot|||M|||50|\n|inactive|Battle timer is ON: inactive players will automatically lose when time's up. (requested by 5wamp)\n|c|\u2606magicalarcher57|glhf\n|c|\u26065wamp|glhf\n|j| Electroely\n|j| Zavok65\n|j| Pokecraft15\n|j| 4Test4\n|j| Indigo Crisp\n|j| VC824\n|l| 4Test4\n|j| greatpokemonlol\n|j| ty king kong\n|inactive|5wamp has 60 seconds left.\n|\n|t:|1775918482\n|teamsize|p1|4\n|teamsize|p2|4\n|start\n|switch|p1a: Farigiraf|Farigiraf, L50, F, shiny|100/100\n|switch|p1b: Kangaskhan|Kangaskhan, L50, F, shiny|100/100\n|switch|p2a: Garchomp|Garchomp, L50, M|100/100\n|switch|p2b: Milotic|Milotic, L50, F|100/100\n|turn|1\n|\n|t:|1775918502\n|detailschange|p1b: Kangaskhan|Kangaskhan-Mega, L50, F, shiny\n|-mega|p1b: Kangaskhan|Kangaskhan|Kangaskhanite\n|move|p2a: Garchomp|Dragon Claw|p1a: Farigiraf\n|-damage|p1a: Farigiraf|61/100\n|move|p1b: Kangaskhan|Double-Edge|p2b: Milotic\n|-damage|p2b: Milotic|47/100\n|-damage|p2b: Milotic|34/100\n|-hitcount|p2b: Milotic|2\n|-damage|p1b: Kangaskhan|79/100|[from] Recoil\n|move|p2b: Milotic|Scald|p1b: Kangaskhan\n|-damage|p1b: Kangaskhan|50/100\n|move|p1a: Farigiraf|Trick Room|p1a: Farigiraf\n|-fieldstart|move: Trick Room|[of] p1a: Farigiraf\n|\n|-heal|p2b: Milotic|40/100|[from] item: Leftovers\n|upkeep\n|turn|2\n|inactive|5wamp has 30 seconds left.\n|l| VC824\n|\n|t:|1775918530\n|move|p2b: Milotic|Protect|p2b: Milotic\n|-singleturn|p2b: Milotic|Protect\n|move|p1a: Farigiraf|Hyper Voice|p2a: Garchomp|[spread] p2a\n|-activate|p2b: Milotic|move: Protect\n|-damage|p2a: Garchomp|61/100\n|move|p1b: Kangaskhan|Double-Edge|p2a: Garchomp\n|-damage|p2a: Garchomp|0 fnt\n|faint|p2a: Garchomp\n|-hitcount|p2: Garchomp|1\n|-damage|p1b: Kangaskhan|33/100|[from] Recoil\n|\n|-heal|p2b: Milotic|46/100|[from] item: Leftovers\n|upkeep\n|\n|t:|1775918538\n|switch|p2a: Sinistcha|Sinistcha, L50|100/100\n|-heal|p2b: Milotic|70/100|[from] ability: Hospitality|[of] p2a: Sinistcha\n|turn|3\n|j| ido1234567890\n|j| mysticmarshtomp\n|\n|t:|1775918548\n|move|p1a: Farigiraf|Shadow Ball|p2a: Sinistcha\n|-supereffective|p2a: Sinistcha|1\n|-damage|p2a: Sinistcha|48/100\n|move|p2a: Sinistcha|Matcha Gotcha|p1a: Farigiraf|[spread] p1a,p1b\n|-damage|p1a: Farigiraf|33/100\n|-heal|p2a: Sinistcha|65/100|[from] drain|[of] p1a: Farigiraf\n|-damage|p1b: Kangaskhan|10/100\n|-heal|p2a: Sinistcha|78/100|[from] drain|[of] p1b: Kangaskhan\n|move|p2b: Milotic|Scald|p1b: Kangaskhan\n|-damage|p1b: Kangaskhan|0 fnt\n|faint|p1b: Kangaskhan\n|\n|-heal|p2b: Milotic|76/100|[from] item: Leftovers\n|upkeep\n|inactive|magicalarcher57 has 30 seconds left.\n|inactive|magicalarcher57 has 20 seconds left.\n|c| Pokecraft15|marches own TR is working against him lol\n|\n|t:|1775918583\n|switch|p1b: Talonflame|Talonflame, L50, F, shiny|100/100\n|turn|4\n|c|\u2606magicalarcher57|tbf\n|c|\u2606magicalarcher57|im still fine\n|\n|t:|1775918593\n|switch|p2a: Aegislash|Aegislash, L50, M|100/100\n|move|p1b: Talonflame|Brave Bird|p2a: Aegislash\n|-resisted|p2a: Aegislash|1\n|-damage|p2a: Aegislash|79/100\n|-damage|p1b: Talonflame|93/100|[from] Recoil\n|move|p1a: Farigiraf|Hyper Voice|p2b: Milotic|[spread] p2b\n|-immune|p2a: Aegislash\n|-damage|p2b: Milotic|50/100\n|move|p2b: Milotic|Scald|p1b: Talonflame\n|-supereffective|p1b: Talonflame|1\n|-crit|p1b: Talonflame\n|-damage|p1b: Talonflame|0 fnt\n|faint|p1b: Talonflame\n|\n|-heal|p2b: Milotic|55/100|[from] item: Leftovers\n|upkeep\n|\n|t:|1775918596\n|switch|p1b: Basculegion|Basculegion, L50, M, shiny|100/100\n|turn|5\n|c| Pokecraft15|tru\n|c|\u2606magicalarcher57|more than fine\n|\n|t:|1775918605\n|switch|p2a: Sinistcha|Sinistcha, L50|78/100\n|-heal|p2b: Milotic|80/100|[from] ability: Hospitality|[of] p2a: Sinistcha\n|move|p1b: Basculegion|Protect|p1b: Basculegion\n|-singleturn|p1b: Basculegion|Protect\n|move|p1a: Farigiraf|Shadow Ball|p2a: Sinistcha\n|-supereffective|p2a: Sinistcha|1\n|-damage|p2a: Sinistcha|29/100\n|-unboost|p2a: Sinistcha|spd|1\n|move|p2b: Milotic|Scald|p1a: Farigiraf\n|-damage|p1a: Farigiraf|0 fnt\n|faint|p1a: Farigiraf\n|\n|-heal|p2b: Milotic|86/100|[from] item: Leftovers\n|-fieldend|move: Trick Room\n|upkeep\n|turn|6\n|j| brobrubro\n|\n|t:|1775918619\n|move|p2b: Milotic|Scald|p1b: Basculegion\n|-resisted|p1b: Basculegion|1\n|-damage|p1b: Basculegion|85/100\n|-status|p1b: Basculegion|brn\n|move|p1b: Basculegion|Last Respects|p2b: Milotic\n|-damage|p2b: Milotic|29/100\n|move|p2a: Sinistcha|Trick Room|p2a: Sinistcha\n|-fieldstart|move: Trick Room|[of] p2a: Sinistcha\n|\n|-heal|p2b: Milotic|35/100|[from] item: Leftovers\n|-damage|p1b: Basculegion|78/100 brn|[from] brn\n|upkeep\n|turn|7\n|l| ty king kong\n|c|\u2606magicalarcher57|BURN\n|c| Pokecraft15|he got basc\n|j| jboost777\n|c| Pokecraft15|lol\n|c|\u26065wamp|jet was killing aegi without burn trust\n|inactive|5wamp has 30 seconds left.\n|\n|t:|1775918649\n|move|p2a: Sinistcha|Strength Sap|p1b: Basculegion\n|-unboost|p1b: Basculegion|atk|1\n|-heal|p2a: Sinistcha|100/100\n|move|p1b: Basculegion|Last Respects|p2a: Sinistcha\n|-supereffective|p2a: Sinistcha|1\n|-damage|p2a: Sinistcha|16/100\n|move|p2b: Milotic|Scald|p1b: Basculegion\n|-resisted|p1b: Basculegion|1\n|-damage|p1b: Basculegion|63/100 brn\n|\n|-heal|p2b: Milotic|41/100|[from] item: Leftovers\n|-damage|p1b: Basculegion|56/100 brn|[from] brn\n|upkeep\n|turn|8\n|l| mysticmarshtomp\n|j| jjvhc27\n|c|\u2606magicalarcher57|if i lure out attack form i actually kill lol\n|l| jjvhc27\n|inactive|magicalarcher57 has 30 seconds left.\n|c|\u2606magicalarcher57|then we play positioning\n|\n|t:|1775918676\n|move|p1b: Basculegion|Protect|p1b: Basculegion\n|-singleturn|p1b: Basculegion|Protect\n|move|p2a: Sinistcha|Strength Sap|p1b: Basculegion\n|-activate|p1b: Basculegion|move: Protect\n|move|p2b: Milotic|Scald|p1b: Basculegion\n|-activate|p1b: Basculegion|move: Protect\n|\n|-heal|p2b: Milotic|47/100|[from] item: Leftovers\n|-damage|p1b: Basculegion|50/100 brn|[from] brn\n|upkeep\n|turn|9\n|\n|t:|1775918682\n|move|p1b: Basculegion|Aqua Jet|p2a: Sinistcha\n|-resisted|p2a: Sinistcha|1\n|-damage|p2a: Sinistcha|11/100\n|move|p2a: Sinistcha|Strength Sap|p1b: Basculegion\n|-unboost|p1b: Basculegion|atk|1\n|-heal|p2a: Sinistcha|79/100\n|move|p2b: Milotic|Recover|p2b: Milotic\n|-heal|p2b: Milotic|97/100\n|\n|-heal|p2b: Milotic|100/100|[from] item: Leftovers\n|-damage|p1b: Basculegion|44/100 brn|[from] brn\n|upkeep\n|turn|10\n|-message|magicalarcher57 forfeited.\n|\n|win|5wamp\n|l|\u2606magicalarcher57\n|player|p1|\n",
  "uploadtime": 1775918687,
  "views": 13,
  "formatid": "gen9championsvgc2026regma",
  "rating": null,
  "private": 0,
  "password": null
}