{
  "id": "gen9championsvgc2026regma-2589578068",
  "format": "[Gen 9 Champions] VGC 2026 Reg M-A",
  "players": [
    "guioguoguo",
    "BlackRhino825"
  ],
  "log": "|j|\u2606guioguoguo\n|j|\u2606BlackRhino825\n|t:|1776735827\n|gametype|doubles\n|player|p1|guioguoguo|266|1111\n|player|p2|BlackRhino825|hilbert|1166\n|gen|9\n|tier|[Gen 9 Champions] VGC 2026 Reg M-A\n|rated|\n|rule|Species Clause: Limit one of each Pok\u00e9mon\n|rule|Item Clause: Limit 1 of each item\n|clearpoke\n|poke|p1|Excadrill, L50, F, shiny|\n|poke|p1|Hawlucha, L50, F, shiny|\n|poke|p1|Tyranitar, L50, F, shiny|\n|poke|p1|Espathra, L50, F, shiny|\n|poke|p1|Sinistcha, L50, shiny|\n|poke|p1|Incineroar, L50, F, shiny|\n|poke|p2|Excadrill, L50, M|\n|poke|p2|Talonflame, L50, M|\n|poke|p2|Rotom-Wash, L50|\n|poke|p2|Sinistcha-Masterpiece, L50|\n|poke|p2|Sylveon, L50, F|\n|poke|p2|Incineroar, L50, F|\n|teampreview|4\n|inactive|Battle timer is ON: inactive players will automatically lose when time's up. (requested by BlackRhino825)\nguioguoguo rejected open team sheets.\n|\n|t:|1776735857\n|teamsize|p1|4\n|teamsize|p2|4\n|start\n|switch|p1a: Excadrill|Excadrill, L50, F, shiny|100/100\n|switch|p1b: Hawlucha|Hawlucha, L50, F, shiny|100/100\n|switch|p2a: Incineroar|Incineroar, L50, F|100/100\n|switch|p2b: Excadrill|Excadrill, L50, M|100/100\n|-ability|p1b: Hawlucha|Mold Breaker\n|-ability|p2a: Incineroar|Intimidate|boost\n|-unboost|p1a: Excadrill|atk|1\n|-unboost|p1b: Hawlucha|atk|1\n|turn|1\n|inactive|guioguoguo has 30 seconds left.\n|inactive|BlackRhino825 has 30 seconds left.\n|inactive|guioguoguo has 20 seconds left.\n|inactive|BlackRhino825 has 20 seconds left.\n|\n|t:|1776735893\n|switch|p2a: Talonflame|Talonflame, L50, M|100/100\n|detailschange|p1b: Hawlucha|Hawlucha-Mega, L50, F, shiny\n|-mega|p1b: Hawlucha|Hawlucha|Hawluchanite\n|move|p2b: Excadrill|Protect|p2b: Excadrill\n|-singleturn|p2b: Excadrill|Protect\n|move|p1b: Hawlucha|Cross Chop|p2b: Excadrill\n|-activate|p2b: Excadrill|move: Protect\n|move|p1a: Excadrill|Stomping Tantrum|p2b: Excadrill\n|-activate|p2b: Excadrill|move: Protect\n|\n|upkeep\n|turn|2\n|\n|t:|1776735910\n|detailschange|p2b: Excadrill|Excadrill-Mega, L50, M\n|-mega|p2b: Excadrill|Excadrill|Excadrite\n|move|p2a: Talonflame|Tailwind|p2a: Talonflame\n|-sidestart|p2: BlackRhino825|move: Tailwind\n|move|p2b: Excadrill|Earthquake|p1a: Excadrill|[spread] p1a\n|-immune|p2a: Talonflame\n|-immune|p1b: Hawlucha\n|-supereffective|p1a: Excadrill|1\n|-damage|p1a: Excadrill|25/100\n|move|p1b: Hawlucha|Rock Slide|p2b: Excadrill|[spread] p2a,p2b\n|-supereffective|p2a: Talonflame|2\n|-resisted|p2b: Excadrill|2\n|-damage|p2a: Talonflame|18/100\n|-damage|p2b: Excadrill|97/100\n|move|p1a: Excadrill|Stomping Tantrum|p2b: Excadrill\n|-supereffective|p2b: Excadrill|1\n|-damage|p2b: Excadrill|57/100\n|\n|upkeep\n|turn|3\n|inactive|guioguoguo has 30 seconds left.\n|inactive|guioguoguo has 20 seconds left.\n|inactive|guioguoguo has 15 seconds left.\n|\n|t:|1776735955\n|switch|p2b: Incineroar|Incineroar, L50, F|100/100\n|-ability|p2b: Incineroar|Intimidate|boost\n|-unboost|p1a: Excadrill|atk|1\n|-unboost|p1b: Hawlucha|atk|1\n|move|p1a: Excadrill|Protect|p1a: Excadrill\n|-singleturn|p1a: Excadrill|Protect\n|move|p2a: Talonflame|Flare Blitz|p1a: Excadrill\n|-activate|p1a: Excadrill|move: Protect\n|move|p1b: Hawlucha|Rock Slide|p2b: Incineroar|[spread] p2a,p2b\n|-supereffective|p2a: Talonflame|2\n|-supereffective|p2b: Incineroar|1\n|-damage|p2a: Talonflame|0 fnt\n|-damage|p2b: Incineroar|81/100\n|faint|p2a: Talonflame\n|\n|upkeep\n|\n|t:|1776735971\n|switch|p2a: Sylveon|Sylveon, L50, F|100/100\n|turn|4\n|\n|t:|1776735986\n|move|p2b: Incineroar|Fake Out|p1a: Excadrill\n|-resisted|p1a: Excadrill|1\n|-damage|p1a: Excadrill|21/100\n|move|p1b: Hawlucha|Rock Slide|p2a: Sylveon|[spread] p2a,p2b\n|-supereffective|p2b: Incineroar|1\n|-damage|p2a: Sylveon|89/100\n|-damage|p2b: Incineroar|60/100\n|move|p2a: Sylveon|Hyper Voice|p1b: Hawlucha|[spread] p1a,p1b\n|-resisted|p1a: Excadrill|1\n|-supereffective|p1b: Hawlucha|1\n|-damage|p1a: Excadrill|0 fnt\n|-damage|p1b: Hawlucha|3/100\n|faint|p1a: Excadrill\n|\n|-heal|p2a: Sylveon|95/100|[from] item: Leftovers\n|upkeep\n|\n|t:|1776736004\n|switch|p1a: Espathra|Espathra, L50, F, shiny|100/100\n|turn|5\n|inactive|BlackRhino825 has 30 seconds left.\n|l|\u2606BlackRhino825\n|inactive|BlackRhino825 disconnected and has a minute to reconnect!\n|player|p2|\n|inactive|BlackRhino825 has 20 seconds left.\n|inactive|BlackRhino825 has 15 seconds left.\n|inactive|BlackRhino825 has 10 seconds left.\n|inactive|BlackRhino825 has 5 seconds left.\n|j|\u2606BlackRhino825\n|inactive|BlackRhino825 reconnected and has 5 seconds left.\n|player|p2|BlackRhino825|hilbert|\n|\n|t:|1776736059\n|move|p1a: Espathra|Protect|p1a: Espathra\n|-singleturn|p1a: Espathra|Protect\n|move|p2a: Sylveon|Protect|p2a: Sylveon\n|-singleturn|p2a: Sylveon|Protect\n|move|p2b: Incineroar|Fake Out||[still]\n|-hint|Fake Out only works on your first turn out.\n|-fail|p2b: Incineroar\n|move|p1b: Hawlucha|Rock Slide|p2a: Sylveon|[spread] p2b\n|-activate|p2a: Sylveon|move: Protect\n|-supereffective|p2b: Incineroar|1\n|-damage|p2b: Incineroar|39/100\n|\n|-heal|p2a: Sylveon|100/100|[from] item: Leftovers\n|-sideend|p2: BlackRhino825|move: Tailwind\n|-ability|p1a: Espathra|Speed Boost|boost\n|-boost|p1a: Espathra|spe|1\n|upkeep\n|turn|6\n|inactive|guioguoguo has 30 seconds left.\n|\n|t:|1776736086\n|move|p1a: Espathra|Dazzling Gleam|p2b: Incineroar|[spread] p2a,p2b\n|-damage|p2a: Sylveon|89/100\n|-damage|p2b: Incineroar|28/100\n|move|p1b: Hawlucha|Rock Slide|p2a: Sylveon|[spread] p2a,p2b\n|-supereffective|p2b: Incineroar|1\n|-damage|p2a: Sylveon|77/100\n|-damage|p2b: Incineroar|7/100\n|move|p2b: Incineroar|Darkest Lariat|p1a: Espathra\n|-supereffective|p1a: Espathra|1\n|-damage|p1a: Espathra|0 fnt\n|faint|p1a: Espathra\n|cant|p2a: Sylveon|flinch\n|\n|-heal|p2a: Sylveon|83/100|[from] item: Leftovers\n|upkeep\n|\n|t:|1776736094\n|switch|p1a: Sinistcha|Sinistcha, L50, shiny|100/100\n|-heal|p1b: Hawlucha|28/100|[from] ability: Hospitality|[of] p1a: Sinistcha\n|turn|7\n|inactive|BlackRhino825 has 30 seconds left.\n|inactive|BlackRhino825 has 20 seconds left.\n|inactive|BlackRhino825 has 15 seconds left.\n|inactive|BlackRhino825 has 10 seconds left.\n|inactive|BlackRhino825 has 5 seconds left.\n|\n|t:|1776736149\n|move|p2a: Sylveon|Protect|p2a: Sylveon\n|-singleturn|p2a: Sylveon|Protect\n|move|p1a: Sinistcha|Matcha Gotcha|p2b: Incineroar|[spread] p2b\n|-activate|p2a: Sylveon|move: Protect\n|-resisted|p2b: Incineroar|1\n|-damage|p2b: Incineroar|0 fnt\n|faint|p2b: Incineroar\n|move|p1b: Hawlucha|Rock Slide|p2a: Sylveon\n|-activate|p2a: Sylveon|move: Protect\n|\n|-heal|p2a: Sylveon|89/100|[from] item: Leftovers\n|upkeep\n|\n|t:|1776736165\n|switch|p2b: Excadrill|Excadrill-Mega, L50, M|57/100\n|turn|8\n|\n|t:|1776736185\n|move|p2b: Excadrill|Protect|p2b: Excadrill\n|-singleturn|p2b: Excadrill|Protect\n|move|p2a: Sylveon|Protect|p2a: Sylveon\n|-singleturn|p2a: Sylveon|Protect\n|move|p1a: Sinistcha|Matcha Gotcha|p2a: Sylveon|[spread] \n|-activate|p2a: Sylveon|move: Protect\n|-activate|p2b: Excadrill|move: Protect\n|move|p1b: Hawlucha|Rock Slide|p2a: Sylveon|[spread] \n|-activate|p2a: Sylveon|move: Protect\n|-activate|p2b: Excadrill|move: Protect\n|\n|-heal|p2a: Sylveon|95/100|[from] item: Leftovers\n|upkeep\n|turn|9\n|inactive|BlackRhino825 has 30 seconds left.\n|\n|t:|1776736215\n|move|p1a: Sinistcha|Matcha Gotcha|p2b: Excadrill|[spread] p2b\n|-miss|p1a: Sinistcha|p2a: Sylveon\n|-damage|p2b: Excadrill|19/100\n|move|p1b: Hawlucha|Rock Slide|p2a: Sylveon|[spread] p2a,p2b\n|-resisted|p2b: Excadrill|2\n|-damage|p2a: Sylveon|83/100\n|-damage|p2b: Excadrill|17/100\n|move|p2b: Excadrill|Iron Head|p1a: Sinistcha\n|-damage|p1a: Sinistcha|40/100\n|move|p2a: Sylveon|Hyper Voice|p1b: Hawlucha|[spread] p1a,p1b\n|-supereffective|p1b: Hawlucha|1\n|-damage|p1a: Sinistcha|0 fnt\n|-damage|p1b: Hawlucha|0 fnt\n|faint|p1a: Sinistcha\n|faint|p1b: Hawlucha\n|\n|win|BlackRhino825\n|raw|guioguoguo's rating: 1111 &rarr; <strong>1090</strong><br />(-21 for losing)\n|raw|BlackRhino825's rating: 1166 &rarr; <strong>1187</strong><br />(+21 for winning)\n",
  "uploadtime": 1776736232,
  "views": 1,
  "formatid": "gen9championsvgc2026regma",
  "rating": 1090,
  "private": 0,
  "password": null
}