{
  "id": "gen9championsvgc2026regma-2587307102",
  "format": "[Gen 9 Champions] VGC 2026 Reg M-A",
  "players": [
    "prismaticwinter",
    "ertyuiko"
  ],
  "log": "|j|\u2606prismaticwinter\n|j|\u2606ertyuiko\n|t:|1776520456\n|gametype|doubles\n|player|p1|prismaticwinter|elesa|1101\n|player|p2|ertyuiko|2|1157\n|gen|9\n|tier|[Gen 9 Champions] VGC 2026 Reg M-A\n|rated|\n|rule|Species Clause: Limit one of each Pok\u00e9mon\n|rule|Item Clause: Limit 1 of each item\n|clearpoke\n|poke|p1|Avalugg-Hisui, L50, F|\n|poke|p1|Audino, L50, M|\n|poke|p1|Farigiraf, L50, F|\n|poke|p1|Incineroar, L50, M|\n|poke|p1|Sinistcha-Masterpiece, L50|\n|poke|p1|Conkeldurr, L50, F|\n|poke|p2|Crabominable, L50, F|\n|poke|p2|Slowking, L50, M|\n|poke|p2|Incineroar, L50, F|\n|poke|p2|Camerupt, L50, F|\n|poke|p2|Tsareena, L50, F|\n|poke|p2|Mimikyu, L50, M|\n|teampreview|4\nertyuiko has agreed to open team sheets.\n|inactive|Battle timer is ON: inactive players will automatically lose when time's up. (requested by ertyuiko)\n|\n|t:|1776520483\n|teamsize|p1|4\n|teamsize|p2|4\n|start\n|switch|p1a: Conkeldurr|Conkeldurr, L50, F|100/100\n|switch|p1b: Sinistcha|Sinistcha-Masterpiece, L50|100/100\n|switch|p2a: Tsareena|Tsareena, L50, F|100/100\n|switch|p2b: Mimikyu|Mimikyu, L50, M|100/100\n|turn|1\n|\n|t:|1776520502\n|move|p1a: Conkeldurr|Protect|p1a: Conkeldurr\n|-singleturn|p1a: Conkeldurr|Protect\n|move|p2b: Mimikyu|Swords Dance|p2b: Mimikyu\n|-boost|p2b: Mimikyu|atk|2\n|move|p2a: Tsareena|Triple Axel|p1b: Sinistcha\n|-supereffective|p1b: Sinistcha|1\n|-damage|p1b: Sinistcha|90/100\n|-hitcount|p1b: Sinistcha|1\n|move|p1b: Sinistcha|Matcha Gotcha|p2b: Mimikyu|[spread] p2a\n|-miss|p1b: Sinistcha|p2b: Mimikyu\n|-resisted|p2a: Tsareena|1\n|-damage|p2a: Tsareena|90/100\n|-heal|p1b: Sinistcha|95/100|[from] drain|[of] p2a: Tsareena\n|\n|-heal|p1b: Sinistcha|100/100|[from] item: Leftovers\n|upkeep\n|turn|2\n|\n|t:|1776520524\n|move|p1a: Conkeldurr|Mach Punch||[still]\n|cant|p2a: Tsareena|ability: Queenly Majesty|Mach Punch|[of] p1a: Conkeldurr\n|move|p2b: Mimikyu|Shadow Claw|p1b: Sinistcha\n|-supereffective|p1b: Sinistcha|1\n|-damage|p1b: Sinistcha|0 fnt\n|faint|p1b: Sinistcha\n|move|p2a: Tsareena|Knock Off|p1a: Conkeldurr\n|-resisted|p1a: Conkeldurr|1\n|-damage|p1a: Conkeldurr|87/100\n|-enditem|p1a: Conkeldurr|Payapa Berry|[from] move: Knock Off|[of] p2a: Tsareena\n|\n|upkeep\n|\n|t:|1776520533\n|switch|p1b: Audino|Audino, L50, M|100/100\n|turn|3\n|\n|t:|1776520540\n|switch|p1a: Farigiraf|Farigiraf, L50, F|100/100\n|detailschange|p1b: Audino|Audino-Mega, L50, M\n|-mega|p1b: Audino|Audino|Audinite\n|move|p2b: Mimikyu|Play Rough|p1a: Farigiraf\n|-damage|p1a: Farigiraf|29/100\n|move|p2a: Tsareena|Seed Bomb|p1b: Audino\n|-damage|p1b: Audino|80/100\n|move|p1b: Audino|Trick Room|p1b: Audino\n|-fieldstart|move: Trick Room|[of] p1b: Audino\n|\n|upkeep\n|turn|4\n|\n|t:|1776520554\n|move|p1b: Audino|Reflect|p1b: Audino\n|-sidestart|p1: prismaticwinter|Reflect\n|move|p1a: Farigiraf|Twin Beam|p2b: Mimikyu\n|-activate|p2b: Mimikyu|ability: Disguise\n|-damage|p2b: Mimikyu|100/100\n|detailschange|p2b: Mimikyu|Mimikyu-Busted, L50, M\n|-damage|p2b: Mimikyu|88/100|[from] pokemon: Mimikyu-Busted\n|-damage|p2b: Mimikyu|68/100\n|-hitcount|p2b: Mimikyu|2\n|move|p2a: Tsareena|Endeavor|p1b: Audino\n|-damage|p1b: Audino|77/100\n|move|p2b: Mimikyu|Play Rough|p1a: Farigiraf\n|-damage|p1a: Farigiraf|0 fnt\n|faint|p1a: Farigiraf\n|\n|upkeep\n|\n|t:|1776520568\n|switch|p1a: Conkeldurr|Conkeldurr, L50, F|87/100\n|turn|5\n|\n|t:|1776520582\n|switch|p2a: Incineroar|Incineroar, L50, F|100/100\n|-ability|p2a: Incineroar|Intimidate|boost\n|-unboost|p1a: Conkeldurr|atk|1\n|-unboost|p1b: Audino|atk|1\n|move|p1b: Audino|Encore||[still]\n|-fail|p1b: Audino\n|move|p1a: Conkeldurr|Thunder Punch|p2b: Mimikyu\n|-damage|p2b: Mimikyu|42/100\n|move|p2b: Mimikyu|Play Rough|p1a: Conkeldurr\n|-supereffective|p1a: Conkeldurr|1\n|-damage|p1a: Conkeldurr|0 fnt\n|faint|p1a: Conkeldurr\n|\n|upkeep\n|turn|6\n|-message|prismaticwinter forfeited.\n|\n|win|ertyuiko\n|raw|prismaticwinter's rating: 1101 &rarr; <strong>1080</strong><br />(-21 for losing)\n|raw|ertyuiko's rating: 1157 &rarr; <strong>1178</strong><br />(+21 for winning)\n|l|\u2606prismaticwinter\n|player|p1|\n",
  "uploadtime": 1776520596,
  "views": 20,
  "formatid": "gen9championsvgc2026regma",
  "rating": 1080,
  "private": 0,
  "password": null
}