{
  "id": "gen9championsvgc2026regma-2587657483",
  "format": "[Gen 9 Champions] VGC 2026 Reg M-A",
  "players": [
    "Crimson_Sera",
    "Arachnocomm"
  ],
  "log": "|j|\u2606Crimson_Sera\n|j|\u2606Arachnocomm\n|t:|1776551069\n|gametype|doubles\n|player|p1|Crimson_Sera|rosa|1000\n|player|p2|Arachnocomm|gambler|1045\n|gen|9\n|tier|[Gen 9 Champions] VGC 2026 Reg M-A\n|rated|\n|rule|Species Clause: Limit one of each Pok\u00e9mon\n|rule|Item Clause: Limit 1 of each item\n|clearpoke\n|poke|p1|Froslass, L50, F, shiny|\n|poke|p1|Incineroar, L50, F|\n|poke|p1|Volcarona, L50, F|\n|poke|p1|Sneasler, L50, F|\n|poke|p1|Whimsicott, L50, M|\n|poke|p1|Basculegion, L50, M|\n|poke|p2|Aggron, L50, F, shiny|\n|poke|p2|Clefable, L50, F, shiny|\n|poke|p2|Farigiraf, L50, F, shiny|\n|poke|p2|Drampa, L50, F, shiny|\n|poke|p2|Rotom-Wash, L50, shiny|\n|poke|p2|Delphox, L50, F|\n|teampreview|4\nCrimson_Sera has agreed to open team sheets.\n|\n|t:|1776551128\n|teamsize|p1|4\n|teamsize|p2|4\n|start\n|switch|p1a: Volcarona|Volcarona, L50, F|100/100\n|switch|p1b: Whimsicott|Whimsicott, L50, M|100/100\n|switch|p2a: Clefable|Clefable, L50, F, shiny|100/100\n|switch|p2b: Farigiraf|Farigiraf, L50, F, shiny|100/100\n|turn|1\n|\n|t:|1776551147\n|move|p1b: Whimsicott|Protect|p1b: Whimsicott\n|-singleturn|p1b: Whimsicott|Protect\n|move|p2a: Clefable|Follow Me|p2a: Clefable\n|-singleturn|p2a: Clefable|move: Follow Me\n|move|p1a: Volcarona|Bug Buzz|p2a: Clefable\n|-resisted|p2a: Clefable|1\n|-damage|p2a: Clefable|84/100\n|move|p2b: Farigiraf|Trick Room|p2b: Farigiraf\n|-fieldstart|move: Trick Room|[of] p2b: Farigiraf\n|\n|upkeep\n|turn|2\n|\n|t:|1776551164\n|switch|p2b: Rotom|Rotom-Wash, L50, shiny|100/100\n|switch|p1b: Basculegion|Basculegion, L50, M|100/100\n|move|p2a: Clefable|Encore||[still]\n|-fail|p2a: Clefable\n|move|p1a: Volcarona|Struggle Bug|p2a: Clefable|[spread] p2a,p2b\n|-resisted|p2a: Clefable|1\n|-damage|p2a: Clefable|77/100\n|-damage|p2b: Rotom|81/100\n|-unboost|p2a: Clefable|spa|1\n|-unboost|p2b: Rotom|spa|1\n|\n|-heal|p2b: Rotom|86/100|[from] item: Leftovers\n|upkeep\n|turn|3\n|-activate|p2a: Clefable|item: Quick Claw\n|\n|t:|1776551196\n|move|p1b: Basculegion|Protect|p1b: Basculegion\n|-singleturn|p1b: Basculegion|Protect\n|move|p2a: Clefable|Follow Me|p2a: Clefable\n|-singleturn|p2a: Clefable|move: Follow Me\n|move|p2b: Rotom|Hydro Pump|p1a: Volcarona\n|-supereffective|p1a: Volcarona|1\n|-damage|p1a: Volcarona|40/100\n|move|p1a: Volcarona|Quiver Dance|p1a: Volcarona\n|-boost|p1a: Volcarona|spa|1\n|-boost|p1a: Volcarona|spd|1\n|-boost|p1a: Volcarona|spe|1\n|\n|-heal|p2b: Rotom|92/100|[from] item: Leftovers\n|upkeep\n|turn|4\n|\n|t:|1776551244\n|move|p2a: Clefable|Encore|p1b: Basculegion\n|-start|p1b: Basculegion|Encore\n|move|p1b: Basculegion|Protect||[still]\n|-fail|p1b: Basculegion\n|move|p2b: Rotom|Thunderbolt|p1b: Basculegion\n|-supereffective|p1b: Basculegion|1\n|-damage|p1b: Basculegion|42/100\n|move|p1a: Volcarona|Bug Buzz|p2b: Rotom\n|-damage|p2b: Rotom|29/100\n|\n|-heal|p2b: Rotom|34/100|[from] item: Leftovers\n|upkeep\n|turn|5\n|\n|t:|1776551266\n|move|p1b: Basculegion|Protect|p1b: Basculegion\n|-singleturn|p1b: Basculegion|Protect\n|move|p2a: Clefable|Moonblast|p1b: Basculegion\n|-activate|p1b: Basculegion|move: Protect\n|move|p2b: Rotom|Hydro Pump|p1a: Volcarona\n|-supereffective|p1a: Volcarona|1\n|-damage|p1a: Volcarona|0 fnt\n|faint|p1a: Volcarona\n|\n|-heal|p2b: Rotom|40/100|[from] item: Leftovers\n|-fieldend|move: Trick Room\n|upkeep\n|\n|t:|1776551279\n|switch|p1a: Froslass|Froslass, L50, F, shiny|100/100\n|turn|6\n|\n|t:|1776551301\n|detailschange|p1a: Froslass|Froslass-Mega, L50, F, shiny\n|-mega|p1a: Froslass|Froslass|Froslassite\n|-weather|Snowscape|[from] ability: Snow Warning|[of] p1a: Froslass\n|move|p1b: Basculegion|Protect|p1b: Basculegion\n|-singleturn|p1b: Basculegion|Protect\n|move|p2a: Clefable|Follow Me|p2a: Clefable\n|-singleturn|p2a: Clefable|move: Follow Me\n|move|p1a: Froslass|Blizzard|p2b: Rotom|[spread] p2a,p2b\n|-resisted|p2b: Rotom|1\n|-damage|p2a: Clefable|44/100\n|-damage|p2b: Rotom|20/100\n|-status|p2a: Clefable|frz\n|move|p2b: Rotom|Volt Switch|p1b: Basculegion\n|-activate|p1b: Basculegion|move: Protect\n|\n|-weather|Snowscape|[upkeep]\n|-heal|p2b: Rotom|26/100|[from] item: Leftovers\n|-end|p1b: Basculegion|Encore\n|upkeep\n|turn|7\n|\n|t:|1776551338\n|move|p1a: Froslass|Shadow Ball|p2b: Rotom\n|-damage|p2b: Rotom|0 fnt\n|faint|p2b: Rotom\n|move|p1b: Basculegion|Wave Crash|p2a: Clefable\n|-damage|p2a: Clefable|0 fnt\n|faint|p2a: Clefable\n|-damage|p1b: Basculegion|28/100|[from] Recoil\n|\n|-weather|Snowscape|[upkeep]\n|upkeep\n|\n|t:|1776551350\n|switch|p2b: Aggron|Aggron, L50, F, shiny|100/100\n|switch|p2a: Farigiraf|Farigiraf, L50, F, shiny|100/100\n|turn|8\n|\n|t:|1776551404\n|detailschange|p2b: Aggron|Aggron-Mega, L50, F, shiny\n|-mega|p2b: Aggron|Aggron|Aggronite\n|move|p1a: Froslass|Shadow Ball|p2b: Aggron\n|-damage|p2b: Aggron|48/100\n|move|p1b: Basculegion|Wave Crash|p2a: Farigiraf\n|-damage|p2a: Farigiraf|0 fnt\n|faint|p2a: Farigiraf\n|-damage|p1b: Basculegion|0 fnt|[from] Recoil\n|faint|p1b: Basculegion\n|move|p2b: Aggron|Heavy Slam|p1a: Froslass\n|-supereffective|p1a: Froslass|1\n|-damage|p1a: Froslass|0 fnt\n|faint|p1a: Froslass\n|\n|-weather|Snowscape|[upkeep]\n|upkeep\n|\n|t:|1776551421\n|switch|p1a: Whimsicott|Whimsicott, L50, M|100/100\n|turn|9\n|\n|t:|1776551428\n|move|p1a: Whimsicott|Protect|p1a: Whimsicott\n|-singleturn|p1a: Whimsicott|Protect\n|move|p2b: Aggron|Heavy Slam|p1a: Whimsicott\n|-activate|p1a: Whimsicott|move: Protect\n|\n|-weather|Snowscape|[upkeep]\n|upkeep\n|turn|10\n|\n|t:|1776551436\n|move|p1a: Whimsicott|Moonblast|p2b: Aggron\n|-resisted|p2b: Aggron|1\n|-damage|p2b: Aggron|28/100\n|move|p2b: Aggron|Heavy Slam|p1a: Whimsicott\n|-supereffective|p1a: Whimsicott|1\n|-enditem|p1a: Whimsicott|Focus Sash\n|-damage|p1a: Whimsicott|1/100\n|\n|-weather|none\n|upkeep\n|turn|11\n|\n|t:|1776551448\n|move|p1a: Whimsicott|Moonblast|p2b: Aggron\n|-resisted|p2b: Aggron|1\n|-damage|p2b: Aggron|9/100\n|move|p2b: Aggron|Heavy Slam|p1a: Whimsicott\n|-supereffective|p1a: Whimsicott|1\n|-damage|p1a: Whimsicott|0 fnt\n|faint|p1a: Whimsicott\n|\n|win|Arachnocomm\n|raw|Crimson_Sera's rating: 1000 &rarr; <strong>1000</strong><br />(+0 for losing)\n|raw|Arachnocomm's rating: 1045 &rarr; <strong>1074</strong><br />(+29 for winning)\n|l|\u2606Crimson_Sera\n|player|p1|\n",
  "uploadtime": 1776551471,
  "views": 14,
  "formatid": "gen9championsvgc2026regma",
  "rating": 1000,
  "private": 0,
  "password": null
}