{
  "id": "gen9championsvgc2026regma-2583450793",
  "format": "[Gen 9 Champions] VGC 2026 Reg M-A",
  "players": [
    "Bonaban",
    "habiola"
  ],
  "log": "|j|\u2606Bonaban\n|j|\u2606habiola\n|t:|1776176478\n|gametype|doubles\n|player|p1|Bonaban|102|1100\n|player|p2|habiola|fisherman-gen4|1117\n|gen|9\n|tier|[Gen 9 Champions] VGC 2026 Reg M-A\n|rated|\n|rule|Species Clause: Limit one of each Pok\u00e9mon\n|rule|Item Clause: Limit 1 of each item\n|clearpoke\n|poke|p1|Clefable, L50, M|\n|poke|p1|Rotom-Wash, L50|\n|poke|p1|Garchomp, L50, M|\n|poke|p1|Incineroar, L50, M|\n|poke|p1|Aegislash, L50, M|\n|poke|p1|Sinistcha, L50|\n|poke|p2|Altaria, L50, F|\n|poke|p2|Aegislash, L50, M|\n|poke|p2|Gengar, L50, M|\n|poke|p2|Corviknight, L50, M|\n|poke|p2|Garchomp, L50, M|\n|teampreview|4\n|inactive|Battle timer is ON: inactive players will automatically lose when time's up. (requested by habiola)\n|\n|t:|1776176506\n|teamsize|p1|4\n|teamsize|p2|4\n|start\n|switch|p1a: Clefable|Clefable, L50, M|100/100\n|switch|p1b: Garchomp|Garchomp, L50, M|100/100\n|switch|p2a: Altaria|Altaria, L50, F|100/100\n|switch|p2b: Gengar|Gengar, L50, M, shiny|100/100\n|-ability|p2a: Altaria|Cloud Nine\n|turn|1\n|inactive|Bonaban has 30 seconds left.\n|\n|t:|1776176533\n|detailschange|p2a: Altaria|Altaria-Mega, L50, F\n|-mega|p2a: Altaria|Altaria|Altarianite\n|detailschange|p1a: Clefable|Clefable-Mega, L50, M\n|-mega|p1a: Clefable|Clefable|Clefablite\n|move|p1a: Clefable|Helping Hand|p1b: Garchomp\n|-singleturn|p1b: Garchomp|Helping Hand|[of] p1a: Clefable\n|move|p1b: Garchomp|Rock Slide|p2a: Altaria|[spread] p2a\n|-miss|p1b: Garchomp|p2b: Gengar\n|-crit|p2a: Altaria\n|-damage|p2a: Altaria|60/100\n|move|p2b: Gengar|Sludge Bomb|p1a: Clefable\n|-supereffective|p1a: Clefable|1\n|-damage|p1a: Clefable|23/100\n|move|p2a: Altaria|Moonblast|p1b: Garchomp\n|-supereffective|p1b: Garchomp|1\n|-damage|p1b: Garchomp|0 fnt\n|faint|p1b: Garchomp\n|\n|upkeep\n|\n|t:|1776176547\n|switch|p1b: Aegislash|Aegislash, L50, M|100/100\n|turn|2\n|\n|t:|1776176556\n|move|p1a: Clefable|Follow Me|p1a: Clefable\n|-singleturn|p1a: Clefable|move: Follow Me\n|move|p2b: Gengar|Sludge Bomb|p1a: Clefable\n|-supereffective|p1a: Clefable|1\n|-crit|p1a: Clefable\n|-damage|p1a: Clefable|0 fnt\n|faint|p1a: Clefable\n|-formechange|p1b: Aegislash|Aegislash-Blade|\n|move|p1b: Aegislash|Iron Head|p2a: Altaria\n|-supereffective|p2a: Altaria|1\n|-damage|p2a: Altaria|0 fnt\n|faint|p2a: Altaria\n|\n|upkeep\n|\n|t:|1776176568\n|switch|p2a: Garchomp|Garchomp, L50, M, shiny|100/100\n|switch|p1a: Rotom|Rotom-Wash, L50|100/100\n|turn|3\n|\n|t:|1776176588\n|switch|p2b: Aegislash|Aegislash, L50, M, shiny|100/100\n|move|p2a: Garchomp|Earthquake|p1a: Rotom|[spread] p2b,p1b\n|-immune|p1a: Rotom|[from] ability: Levitate\n|-supereffective|p2b: Aegislash|1\n|-supereffective|p1b: Aegislash|1\n|-damage|p2b: Aegislash|49/100\n|-damage|p1b: Aegislash|0 fnt\n|faint|p1b: Aegislash\n|move|p1a: Rotom|Hydro Pump|p2b: Aegislash\n|-damage|p2b: Aegislash|0 fnt\n|faint|p2b: Aegislash\n|\n|upkeep\n|\n|t:|1776176599\n|switch|p2b: Gengar|Gengar, L50, M, shiny|100/100\n|turn|4\n|inactive|habiola has 30 seconds left.\n|\n|t:|1776176625\n|move|p2a: Garchomp|Earthquake|p1a: Rotom|[spread] p2b\n|-immune|p1a: Rotom|[from] ability: Levitate\n|-supereffective|p2b: Gengar|1\n|-enditem|p2b: Gengar|Focus Sash\n|-damage|p2b: Gengar|1/100\n|move|p2b: Gengar|Shadow Ball|p1a: Rotom\n|-damage|p1a: Rotom|49/100\n|move|p1a: Rotom|Hydro Pump|p2b: Gengar\n|-damage|p2b: Gengar|0 fnt\n|faint|p2b: Gengar\n|\n|upkeep\n|turn|5\n|\n|t:|1776176637\n|move|p2a: Garchomp|Earthquake|p1a: Rotom\n|-immune|p1a: Rotom|[from] ability: Levitate\n|move|p1a: Rotom|Hydro Pump|p2a: Garchomp\n|-damage|p2a: Garchomp|52/100\n|\n|upkeep\n|turn|6\n|\n|t:|1776176640\n|move|p2a: Garchomp|Earthquake|p1a: Rotom\n|-immune|p1a: Rotom|[from] ability: Levitate\n|move|p1a: Rotom|Hydro Pump|p2a: Garchomp\n|-damage|p2a: Garchomp|3/100\n|\n|upkeep\n|turn|7\n|\n|t:|1776176644\n|move|p2a: Garchomp|Earthquake|p1a: Rotom\n|-immune|p1a: Rotom|[from] ability: Levitate\n|move|p1a: Rotom|Hydro Pump|p2a: Garchomp\n|-damage|p2a: Garchomp|0 fnt\n|faint|p2a: Garchomp\n|\n|win|Bonaban\n|raw|Bonaban's rating: 1100 &rarr; <strong>1126</strong><br />(+26 for winning)\n|raw|habiola's rating: 1117 &rarr; <strong>1091</strong><br />(-26 for losing)\n|l|\u2606habiola\n|player|p2|\n",
  "uploadtime": 1776176654,
  "views": 15,
  "formatid": "gen9championsvgc2026regma",
  "rating": 1091,
  "private": 0,
  "password": null
}