{
  "id": "gen9championsvgc2026regma-2586440168",
  "format": "[Gen 9 Champions] VGC 2026 Reg M-A",
  "players": [
    "LewisCarroll",
    "Jeremykhoo"
  ],
  "log": "|j|\u2606LewisCarroll\n|j|\u2606Jeremykhoo\n|t:|1776434839\n|gametype|doubles\n|player|p1|LewisCarroll|lucas|1110\n|player|p2|Jeremykhoo|102|1124\n|gen|9\n|tier|[Gen 9 Champions] VGC 2026 Reg M-A\n|rated|\n|rule|Species Clause: Limit one of each Pok\u00e9mon\n|rule|Item Clause: Limit 1 of each item\n|clearpoke\n|poke|p1|Pelipper, L50, M|\n|poke|p1|Maushold, L50|\n|poke|p1|Azumarill, L50, F|\n|poke|p1|Dragonite, L50, F|\n|poke|p1|Sinistcha-Masterpiece, L50|\n|poke|p1|Sneasler, L50, F|\n|poke|p2|Tyranitar, L50, M|\n|poke|p2|Whimsicott, L50, M|\n|poke|p2|Aggron, L50, M|\n|poke|p2|Drampa, L50, F|\n|poke|p2|Sylveon, L50, F|\n|poke|p2|Arcanine, L50, F|\n|teampreview|4\n|inactive|Battle timer is ON: inactive players will automatically lose when time's up. (requested by LewisCarroll)\n|\n|t:|1776434879\n|teamsize|p1|4\n|teamsize|p2|4\n|start\n|switch|p1a: Azumarill|Azumarill, L50, F|100/100\n|switch|p1b: Maushold|Maushold, L50|100/100\n|switch|p2a: Whimsicott|Whimsicott, L50, M|100/100\n|switch|p2b: Aggron|Aggron, L50, M|100/100\n|turn|1\n|inactive|Jeremykhoo has 30 seconds left.\n|inactive|Jeremykhoo has 20 seconds left.\n|\n|t:|1776434919\n|detailschange|p2b: Aggron|Aggron-Mega, L50, M\n|-mega|p2b: Aggron|Aggron|Aggronite\n|move|p1b: Maushold|Follow Me|p1b: Maushold\n|-singleturn|p1b: Maushold|move: Follow Me\n|move|p2a: Whimsicott|Moonblast|p1b: Maushold\n|-damage|p1b: Maushold|67/100\n|move|p1a: Azumarill|Belly Drum|p1a: Azumarill\n|-damage|p1a: Azumarill|50/100\n|-setboost|p1a: Azumarill|atk|6|[from] move: Belly Drum\n|-enditem|p1a: Azumarill|Sitrus Berry|[eat]\n|-heal|p1a: Azumarill|75/100|[from] item: Sitrus Berry\n|move|p2b: Aggron|Iron Defense|p2b: Aggron\n|-boost|p2b: Aggron|def|2\n|\n|upkeep\n|turn|2\n|inactive|Jeremykhoo has 30 seconds left.\n|c|\u2606LewisCarroll|!data follow me\n|c|\u2606LewisCarroll|/raw <ul class=\"utilichart\"><li class=\"result\"><span class=\"col movenamecol\"><a href=\"https://dex.pokemonshowdown.com/moves/followme\">Follow Me</a></span> <span class=\"col typecol\"><img src=\"//play.pokemonshowdown.com/sprites/types/Normal.png\" alt=\"Normal\" width=\"32\" height=\"14\"><img src=\"//play.pokemonshowdown.com/sprites/categories/Status.png\" alt=\"Status\" width=\"32\" height=\"14\"></span> <span class=\"col widelabelcol\"><em>Accuracy</em><br>\u2014</span> <span class=\"col pplabelcol\"><em>PP</em><br>32</span> <span class=\"col movedesccol\">The foes' moves target the user on the turn used.</span> </li><li style=\"clear:both\"></li></ul>\n\n|inactive|Jeremykhoo has 20 seconds left.\n|\n|t:|1776434955\n|move|p1b: Maushold|Follow Me|p1b: Maushold\n|-singleturn|p1b: Maushold|move: Follow Me\n|move|p1a: Azumarill|Aqua Jet|p2b: Aggron\n|-damage|p2b: Aggron|75/100\n|move|p2a: Whimsicott|Moonblast|p1b: Maushold\n|-damage|p1b: Maushold|33/100\n|-unboost|p1b: Maushold|spa|1\n|move|p2b: Aggron|Body Press|p1b: Maushold\n|-supereffective|p1b: Maushold|1\n|-enditem|p1b: Maushold|Chople Berry|[eat]\n|-enditem|p1b: Maushold|Chople Berry|[weaken]\n|-damage|p1b: Maushold|0 fnt\n|faint|p1b: Maushold\n|\n|upkeep\n|\n|t:|1776434968\n|switch|p1b: Sneasler|Sneasler, L50, F|100/100\n|turn|3\n|\n|t:|1776434989\n|move|p2b: Aggron|Protect|p2b: Aggron\n|-singleturn|p2b: Aggron|Protect\n|move|p1b: Sneasler|Close Combat|p2b: Aggron\n|-activate|p2b: Aggron|move: Protect\n|move|p2a: Whimsicott|Moonblast|p1b: Sneasler\n|-damage|p1b: Sneasler|66/100\n|-unboost|p1b: Sneasler|spa|1\n|-enditem|p1b: Sneasler|White Herb\n|-clearnegativeboost|p1b: Sneasler|[silent]\n|move|p1a: Azumarill|Play Rough|p2a: Whimsicott|[miss]\n|-miss|p1a: Azumarill|p2a: Whimsicott\n|\n|upkeep\n|turn|4\n|inactive|Jeremykhoo has 30 seconds left.\n|\n|t:|1776435021\n|move|p1a: Azumarill|Aqua Jet|p2b: Aggron\n|-damage|p2b: Aggron|50/100\n|move|p1b: Sneasler|Close Combat|p2b: Aggron\n|-supereffective|p2b: Aggron|1\n|-crit|p2b: Aggron\n|-damage|p2b: Aggron|0 fnt\n|-unboost|p1b: Sneasler|def|1\n|-unboost|p1b: Sneasler|spd|1\n|faint|p2b: Aggron\n|move|p2a: Whimsicott|Moonblast|p1b: Sneasler\n|-damage|p1b: Sneasler|8/100\n|\n|upkeep\n|\n|t:|1776435038\n|switch|p2b: Tyranitar|Tyranitar, L50, M|100/100\n|-weather|Sandstorm|[from] ability: Sand Stream|[of] p2b: Tyranitar\n|turn|5\n|inactive|Jeremykhoo has 30 seconds left.\n|\n|t:|1776435068\n|switch|p2b: Sylveon|Sylveon, L50, F|100/100\n|move|p1a: Azumarill|Aqua Jet|p2b: Sylveon\n|-damage|p2b: Sylveon|0 fnt\n|faint|p2b: Sylveon\n|move|p1b: Sneasler|Dire Claw|p2a: Whimsicott\n|-supereffective|p2a: Whimsicott|2\n|-damage|p2a: Whimsicott|0 fnt\n|faint|p2a: Whimsicott\n|\n|-weather|Sandstorm|[upkeep]\n|-damage|p1b: Sneasler|2/100|[from] Sandstorm\n|-damage|p1a: Azumarill|69/100|[from] Sandstorm\n|upkeep\n|\n|t:|1776435081\n|switch|p2b: Tyranitar|Tyranitar, L50, M|100/100\n|turn|6\n|\n|t:|1776435086\n|move|p1a: Azumarill|Aqua Jet|p2b: Tyranitar\n|-supereffective|p2b: Tyranitar|1\n|-damage|p2b: Tyranitar|0 fnt\n|faint|p2b: Tyranitar\n|\n|win|LewisCarroll\n|raw|LewisCarroll's rating: 1110 &rarr; <strong>1136</strong><br />(+26 for winning)\n|raw|Jeremykhoo's rating: 1124 &rarr; <strong>1098</strong><br />(-26 for losing)\n|l|\u2606LewisCarroll\n|player|p1|\n",
  "uploadtime": 1776435091,
  "views": 33,
  "formatid": "gen9championsvgc2026regma",
  "rating": 1098,
  "private": 0,
  "password": null
}