{
  "id": "gen9championsvgc2026regma-2580810390",
  "format": "[Gen 9 Champions] VGC 2026 Reg M-A",
  "players": [
    "JeyK05",
    "acrophobicavian"
  ],
  "log": "|j|\u2606JeyK05\n|j|\u2606acrophobicavian\n|t:|1775934329\n|gametype|doubles\n|player|p1|JeyK05|ingo|1054\n|player|p2|acrophobicavian|colress-gen7|1082\n|gen|9\n|tier|[Gen 9 Champions] VGC 2026 Reg M-A\n|rated|\n|rule|Species Clause: Limit one of each Pok\u00e9mon\n|rule|Item Clause: Limit 1 of each item\n|clearpoke\n|poke|p1|Chandelure, L50, F|\n|poke|p1|Whimsicott, L50, M|\n|poke|p1|Incineroar, L50, F|\n|poke|p1|Hatterene, L50, F|\n|poke|p1|Excadrill, L50, F|\n|poke|p1|Sneasler, L50, F|\n|poke|p2|Sableye, L50, F|\n|poke|p2|Gardevoir, L50, F|\n|poke|p2|Milotic, L50, M|\n|poke|p2|Sinistcha, L50|\n|poke|p2|Lucario, L50, M|\n|poke|p2|Rotom-Heat, L50|\n|teampreview|4\n|\n|t:|1775934357\n|teamsize|p1|4\n|teamsize|p2|4\n|start\n|switch|p1a: Sneasler|Sneasler, L50, F, shiny|100/100\n|switch|p1b: Whimsicott|Whimsicott, L50, M|100/100\n|switch|p2a: Shimmer|Sableye, L50, F|100/100\n|switch|p2b: Pharaoh|Lucario, L50, M|100/100\n|turn|1\n|\n|t:|1775934391\n|detailschange|p2b: Pharaoh|Lucario-Mega, L50, M\n|-mega|p2b: Pharaoh|Lucario|Lucarionite\n|move|p2b: Pharaoh|Protect|p2b: Pharaoh\n|-singleturn|p2b: Pharaoh|Protect\n|move|p1a: Sneasler|Fake Out|p2b: Pharaoh\n|-activate|p2b: Pharaoh|move: Protect\n|move|p2a: Shimmer|Fake Out|p1b: Whimsicott\n|-damage|p1b: Whimsicott|90/100\n|cant|p1b: Whimsicott|flinch\n|\n|upkeep\n|turn|2\n|\n|t:|1775934415\n|move|p1b: Whimsicott|Tailwind|p1b: Whimsicott\n|-sidestart|p1: JeyK05|move: Tailwind\n|move|p2a: Shimmer|Encore|p1a: Sneasler\n|-start|p1a: Sneasler|Encore\n|move|p1a: Sneasler|Fake Out||[still]\n|-hint|Fake Out only works on your first turn out.\n|-fail|p1a: Sneasler\n|move|p2b: Pharaoh|Swords Dance|p2b: Pharaoh\n|-boost|p2b: Pharaoh|atk|2\n|\n|upkeep\n|turn|3\n|\n|t:|1775934433\n|switch|p1a: Incineroar|Incineroar, L50, F|100/100\n|-ability|p1a: Incineroar|Intimidate|boost\n|-unboost|p2a: Shimmer|atk|1\n|-unboost|p2b: Pharaoh|atk|1\n|move|p1b: Whimsicott|Fake Tears|p2b: Pharaoh\n|-unboost|p2b: Pharaoh|spd|2\n|move|p2b: Pharaoh|Meteor Mash|p1b: Whimsicott\n|-supereffective|p1b: Whimsicott|1\n|-damage|p1b: Whimsicott|0 fnt\n|faint|p1b: Whimsicott\n|move|p2a: Shimmer|Foul Play|p1a: Incineroar\n|-resisted|p1a: Incineroar|1\n|-damage|p1a: Incineroar|75/100\n|\n|-heal|p1a: Incineroar|80/100|[from] item: Leftovers\n|upkeep\n|\n|t:|1775934447\n|switch|p1b: Chandelure|Chandelure, L50, F, shiny|100/100\n|turn|4\n|\n|t:|1775934454\n|detailschange|p1b: Chandelure|Chandelure-Mega, L50, F, shiny\n|-mega|p1b: Chandelure|Chandelure|Chandelurite\n|move|p2b: Pharaoh|Protect|p2b: Pharaoh\n|-singleturn|p2b: Pharaoh|Protect\n|move|p1a: Incineroar|Fake Out|p2b: Pharaoh\n|-activate|p2b: Pharaoh|move: Protect\n|move|p1b: Chandelure|Heat Wave|p2a: Shimmer|[spread] \n|-activate|p2b: Pharaoh|move: Protect\n|-miss|p1b: Chandelure|p2a: Shimmer\n|move|p2a: Shimmer|Foul Play|p1b: Chandelure\n|-supereffective|p1b: Chandelure|1\n|-crit|p1b: Chandelure\n|-damage|p1b: Chandelure|17/100\n|\n|-heal|p1a: Incineroar|86/100|[from] item: Leftovers\n|upkeep\n|turn|5\n|\n|t:|1775934475\n|move|p2a: Shimmer|Quash|p1b: Chandelure\n|-activate|p1b: Chandelure|move: Quash\n|move|p2b: Pharaoh|Meteor Mash|p1b: Chandelure\n|-resisted|p1b: Chandelure|1\n|-damage|p1b: Chandelure|0 fnt\n|faint|p1b: Chandelure\n|move|p1a: Incineroar|Taunt|p2a: Shimmer\n|-start|p2a: Shimmer|move: Taunt\n|\n|-heal|p1a: Incineroar|92/100|[from] item: Leftovers\n|-sideend|p1: JeyK05|move: Tailwind\n|upkeep\n|\n|t:|1775934484\n|switch|p1b: Sneasler|Sneasler, L50, F, shiny|100/100\n|turn|6\n|\n|t:|1775934497\n|move|p2b: Pharaoh|Protect|p2b: Pharaoh\n|-singleturn|p2b: Pharaoh|Protect\n|move|p1b: Sneasler|Dire Claw|p2a: Shimmer\n|-resisted|p2a: Shimmer|1\n|-damage|p2a: Shimmer|79/100\n|-status|p2a: Shimmer|psn\n|move|p1a: Incineroar|Flare Blitz|p2b: Pharaoh\n|-activate|p2b: Pharaoh|move: Protect\n|move|p2a: Shimmer|Foul Play|p1b: Sneasler\n|-resisted|p1b: Sneasler|1\n|-damage|p1b: Sneasler|51/100\n|\n|-heal|p1a: Incineroar|98/100|[from] item: Leftovers\n|-damage|p2a: Shimmer|67/100 psn|[from] psn\n|upkeep\n|turn|7\n|\n|t:|1775934518\n|move|p1b: Sneasler|Close Combat|p2b: Pharaoh\n|-supereffective|p2b: Pharaoh|1\n|-damage|p2b: Pharaoh|0 fnt\n|-unboost|p1b: Sneasler|def|1\n|-unboost|p1b: Sneasler|spd|1\n|faint|p2b: Pharaoh\n|-enditem|p1b: Sneasler|White Herb\n|-clearnegativeboost|p1b: Sneasler|[silent]\n|move|p1a: Incineroar|Flare Blitz|p2a: Shimmer\n|-damage|p2a: Shimmer|7/100 psn\n|-damage|p1a: Incineroar|82/100|[from] Recoil\n|move|p2a: Shimmer|Foul Play|p1b: Sneasler\n|-resisted|p1b: Sneasler|1\n|-damage|p1b: Sneasler|5/100\n|\n|-heal|p1a: Incineroar|88/100|[from] item: Leftovers\n|-damage|p2a: Shimmer|0 fnt|[from] psn\n|faint|p2a: Shimmer\n|upkeep\n|\n|t:|1775934533\n|switch|p2b: President|Sinistcha, L50|100/100\n|switch|p2a: MMMMM. BEEP.|Rotom-Heat, L50|100/100\n|turn|8\n|\n|t:|1775934552\n|move|p1b: Sneasler|Dire Claw|p2a: MMMMM. BEEP.\n|-damage|p2a: MMMMM. BEEP.|54/100\n|move|p2a: MMMMM. BEEP.|Volt Switch|p1b: Sneasler\n|-damage|p1b: Sneasler|0 fnt\n|faint|p1b: Sneasler\n|move|p2b: President|Strength Sap|p1a: Incineroar\n|-unboost|p1a: Incineroar|atk|1\n|move|p1a: Incineroar|Taunt|p2b: President\n|-start|p2b: President|move: Taunt\n|\n|-heal|p1a: Incineroar|93/100|[from] item: Leftovers\n|upkeep\n|turn|9\n|\n|t:|1775934567\n|move|p2a: MMMMM. BEEP.|Volt Switch|p1a: Incineroar\n|-damage|p1a: Incineroar|68/100\n|move|p2b: President|Matcha Gotcha|p1a: Incineroar\n|-resisted|p1a: Incineroar|1\n|-damage|p1a: Incineroar|53/100\n|move|p1a: Incineroar|Flare Blitz|p2b: President\n|-supereffective|p2b: President|1\n|-enditem|p2b: President|Occa Berry|[eat]\n|-enditem|p2b: President|Occa Berry|[weaken]\n|-damage|p2b: President|73/100\n|-damage|p1a: Incineroar|45/100|[from] Recoil\n|\n|-heal|p1a: Incineroar|51/100|[from] item: Leftovers\n|upkeep\n|turn|10\n|\n|t:|1775934582\n|move|p2a: MMMMM. BEEP.|Volt Switch|p1a: Incineroar\n|-damage|p1a: Incineroar|26/100\n|move|p2b: President|Matcha Gotcha|p1a: Incineroar\n|-resisted|p1a: Incineroar|1\n|-damage|p1a: Incineroar|13/100\n|-heal|p2b: President|81/100|[from] drain|[of] p1a: Incineroar\n|move|p1a: Incineroar|Flare Blitz|p2b: President\n|-supereffective|p2b: President|1\n|-damage|p2b: President|25/100\n|-damage|p1a: Incineroar|0 fnt|[from] Recoil\n|faint|p1a: Incineroar\n|\n|win|acrophobicavian\n|raw|JeyK05's rating: 1054 &rarr; <strong>1037</strong><br />(-17 for losing)\n|raw|acrophobicavian's rating: 1082 &rarr; <strong>1107</strong><br />(+25 for winning)\n|l|\u2606JeyK05\n|player|p1|\n",
  "uploadtime": 1775934612,
  "views": 29,
  "formatid": "gen9championsvgc2026regma",
  "rating": 1037,
  "private": 0,
  "password": null
}