{
  "id": "gen9championsvgc2026regma-2585955704",
  "format": "[Gen 9 Champions] VGC 2026 Reg M-A",
  "players": [
    "luckyleaves",
    "i hate you delta"
  ],
  "log": "|j|\u2606luckyleaves\n|j|\u2606i hate you delta\n|t:|1776384854\n|gametype|doubles\n|player|p1|luckyleaves|1|1422\n|player|p2|i hate you delta|1|1386\n|gen|9\n|tier|[Gen 9 Champions] VGC 2026 Reg M-A\n|rated|\n|rule|Species Clause: Limit one of each Pok\u00e9mon\n|rule|Item Clause: Limit 1 of each item\n|clearpoke\n|poke|p1|Scizor, L50, F|\n|poke|p1|Ninetales-Alola, L50, M|\n|poke|p1|Kommo-o, L50, M|\n|poke|p1|Sneasler, L50, M|\n|poke|p1|Incineroar, L50, M|\n|poke|p1|Basculegion, L50, M|\n|poke|p2|Gengar, L50, F|\n|poke|p2|Whimsicott, L50, M|\n|poke|p2|Charizard, L50, M|\n|poke|p2|Incineroar, L50, M|\n|poke|p2|Garchomp, L50, M|\n|poke|p2|Rotom-Wash, L50|\n|teampreview|4\n|inactive|Battle timer is ON: inactive players will automatically lose when time's up. (requested by i hate you delta)\n|inactive|luckyleaves has 60 seconds left.\n|inactive|luckyleaves has 30 seconds left.\n|inactive|luckyleaves has 20 seconds left.\n|inactive|luckyleaves has 15 seconds left.\n|inactive|luckyleaves has 10 seconds left.\n|\n|t:|1776384959\n|teamsize|p1|4\n|teamsize|p2|4\n|start\n|switch|p1a: Scizor|Scizor, L50, F, shiny|100/100\n|switch|p1b: Kommo-o|Kommo-o, L50, M|100/100\n|switch|p2a: Charizard|Charizard, L50, M|100/100\n|switch|p2b: Garchomp|Garchomp, L50, M|100/100\n|turn|1\n|\n|t:|1776384977\n|switch|p1a: Incineroar|Incineroar, L50, M, shiny|100/100\n|-ability|p1a: Incineroar|Intimidate|boost\n|-unboost|p2a: Charizard|atk|1\n|-unboost|p2b: Garchomp|atk|1\n|detailschange|p2a: Charizard|Charizard-Mega-Y, L50, M\n|-mega|p2a: Charizard|Charizard|Charizardite Y\n|-weather|SunnyDay|[from] ability: Drought|[of] p2a: Charizard\n|move|p2b: Garchomp|Dragon Claw|p1b: Kommo-o\n|-supereffective|p1b: Kommo-o|1\n|-damage|p1b: Kommo-o|57/100\n|move|p2a: Charizard|Weather Ball|p1b: Kommo-o\n|-resisted|p1b: Kommo-o|1\n|-damage|p1b: Kommo-o|14/100\n|move|p1b: Kommo-o|Clangorous Soul||[still]\n|-fail|p1b: Kommo-o\n|\n|-weather|SunnyDay|[upkeep]\n|-heal|p1b: Kommo-o|20/100|[from] item: Leftovers\n|upkeep\n|turn|2\n|\n|t:|1776385001\n|move|p1a: Incineroar|Fake Out|p2a: Charizard\n|-damage|p2a: Charizard|86/100\n|move|p2b: Garchomp|Dragon Claw|p1b: Kommo-o\n|-supereffective|p1b: Kommo-o|1\n|-damage|p1b: Kommo-o|0 fnt\n|faint|p1b: Kommo-o\n|cant|p2a: Charizard|flinch\n|\n|-weather|SunnyDay|[upkeep]\n|upkeep\n|\n|t:|1776385011\n|switch|p1b: Scizor|Scizor, L50, F, shiny|100/100\n|turn|3\n|\n|t:|1776385019\n|switch|p2b: Rotom|Rotom-Wash, L50|100/100\n|move|p2a: Charizard|Protect|p2a: Charizard\n|-singleturn|p2a: Charizard|Protect\n|move|p1b: Scizor|Protect|p1b: Scizor\n|-singleturn|p1b: Scizor|Protect\n|move|p1a: Incineroar|Parting Shot|p2a: Charizard\n|-activate|p2a: Charizard|move: Protect\n|\n|-weather|SunnyDay|[upkeep]\n|upkeep\n|turn|4\n|\n|t:|1776385038\n|switch|p1b: Basculegion|Basculegion, L50, M|100/100\n|move|p2a: Charizard|Heat Wave|p1b: Basculegion|[spread] p1a,p1b\n|-resisted|p1a: Incineroar|1\n|-resisted|p1b: Basculegion|1\n|-damage|p1a: Incineroar|71/100\n|-damage|p1b: Basculegion|63/100\n|move|p1a: Incineroar|Parting Shot|p2b: Rotom\n|-unboost|p2b: Rotom|atk|1\n|-unboost|p2b: Rotom|spa|1\n|\n|t:|1776385047\n|switch|p1a: Scizor|Scizor, L50, F, shiny|100/100|[from] Parting Shot\n|move|p2b: Rotom|Hydro Pump|p1a: Scizor\n|-damage|p1a: Scizor|85/100\n|\n|-weather|SunnyDay|[upkeep]\n|upkeep\n|turn|5\n|inactive|luckyleaves has 30 seconds left.\n|\n|t:|1776385073\n|move|p2a: Charizard|Protect|p2a: Charizard\n|-singleturn|p2a: Charizard|Protect\n|move|p1a: Scizor|Protect|p1a: Scizor\n|-singleturn|p1a: Scizor|Protect\n|move|p1b: Basculegion|Flip Turn|p2b: Rotom\n|-resisted|p2b: Rotom|1\n|-damage|p2b: Rotom|92/100\n|\n|t:|1776385081\n|switch|p1b: Incineroar|Incineroar, L50, M, shiny|71/100|[from] Flip Turn\n|-ability|p1b: Incineroar|Intimidate|boost\n|-unboost|p2a: Charizard|atk|1\n|-unboost|p2b: Rotom|atk|1\n|move|p2b: Rotom|Will-O-Wisp|p1a: Scizor\n|-activate|p1a: Scizor|move: Protect\n|\n|-weather|none\n|-heal|p2b: Rotom|97/100|[from] item: Leftovers\n|upkeep\n|turn|6\n|inactive|luckyleaves has 30 seconds left.\n|inactive|luckyleaves has 20 seconds left.\n|\n|t:|1776385117\n|detailschange|p1a: Scizor|Scizor-Mega, L50, F, shiny\n|-mega|p1a: Scizor|Scizor|Scizorite\n|move|p1b: Incineroar|Fake Out|p2b: Rotom\n|-damage|p2b: Rotom|88/100\n|move|p2a: Charizard|Heat Wave|p1b: Incineroar|[spread] p1a,p1b\n|-supereffective|p1a: Scizor|2\n|-resisted|p1b: Incineroar|1\n|-damage|p1a: Scizor|0 fnt\n|-damage|p1b: Incineroar|51/100\n|faint|p1a: Scizor\n|cant|p2b: Rotom|flinch\n|\n|-heal|p2b: Rotom|94/100|[from] item: Leftovers\n|upkeep\n|\n|t:|1776385124\n|switch|p1a: Basculegion|Basculegion, L50, M|63/100\n|turn|7\n|\n|t:|1776385137\n|switch|p2a: Whimsicott|Whimsicott, L50, M|100/100\n|move|p1a: Basculegion|Last Respects|p2b: Rotom\n|-damage|p2b: Rotom|0 fnt\n|faint|p2b: Rotom\n|move|p1b: Incineroar|Throat Chop|p2a: Whimsicott\n|-resisted|p2a: Whimsicott|1\n|-damage|p2a: Whimsicott|83/100\n|-start|p2a: Whimsicott|Throat Chop|[silent]\n|\n|upkeep\n|\n|t:|1776385146\n|switch|p2b: Charizard|Charizard-Mega-Y, L50, M|86/100\n|-weather|SunnyDay|[from] ability: Drought|[of] p2b: Charizard\n|turn|8\n|\n|t:|1776385150\n|move|p2a: Whimsicott|Tailwind|p2a: Whimsicott\n|-sidestart|p2: i hate you delta|move: Tailwind\n|move|p2b: Charizard|Solar Beam||[still]\n|-prepare|p2b: Charizard|Solar Beam\n|-anim|p2b: Charizard|Solar Beam|p1a: Basculegion\n|-supereffective|p1a: Basculegion|1\n|-damage|p1a: Basculegion|0 fnt\n|faint|p1a: Basculegion\n|move|p1b: Incineroar|Flare Blitz|p2a: Whimsicott\n|-supereffective|p2a: Whimsicott|1\n|-damage|p2a: Whimsicott|0 fnt\n|faint|p2a: Whimsicott\n|-damage|p1b: Incineroar|29/100|[from] Recoil\n|-enditem|p1b: Incineroar|Sitrus Berry|[eat]\n|-heal|p1b: Incineroar|53/100|[from] item: Sitrus Berry\n|\n|-weather|SunnyDay|[upkeep]\n|upkeep\n|\n|t:|1776385154\n|switch|p2a: Garchomp|Garchomp, L50, M|100/100\n|turn|9\n|c|\u2606i hate you delta|gg\n|\n|t:|1776385158\n|move|p2a: Garchomp|Earthquake|p1b: Incineroar|[spread] p1b\n|-immune|p2b: Charizard\n|-supereffective|p1b: Incineroar|1\n|-damage|p1b: Incineroar|0 fnt\n|faint|p1b: Incineroar\n|\n|win|i hate you delta\n|raw|luckyleaves's rating: 1422 &rarr; <strong>1400</strong><br />(-22 for losing)\n|raw|i hate you delta's rating: 1386 &rarr; <strong>1408</strong><br />(+22 for winning)\n|l|\u2606luckyleaves\n|player|p1|\n|l|\u2606i hate you delta\n|player|p2|\n|j|\u2606i hate you delta\n|player|p2|i hate you delta|1|\n",
  "uploadtime": 1776385170,
  "views": 38,
  "formatid": "gen9championsvgc2026regma",
  "rating": 1400,
  "private": 0,
  "password": null
}