{
  "id": "gen9championsvgc2026regma-2580334000",
  "format": "[Gen 9 Champions] VGC 2026 Reg M-A",
  "players": [
    "Vortex-invisible",
    "cherry786"
  ],
  "log": "|j|\u2606Vortex-invisible\n|j|\u2606cherry786\n|t:|1775881742\n|gametype|doubles\n|player|p1|Vortex-invisible|marnie-league|\n|player|p2|cherry786|roxie-masters|\n|gen|9\n|tier|[Gen 9 Champions] VGC 2026 Reg M-A\n|rule|Species Clause: Limit one of each Pok\u00e9mon\n|rule|Item Clause: Limit 1 of each item\n|clearpoke\n|poke|p1|Sinistcha, L50|\n|poke|p1|Crabominable, L50, F|\n|poke|p1|Glimmora, L50, M|\n|poke|p1|Incineroar, L50, F|\n|poke|p1|Whimsicott, L50, M|\n|poke|p1|Farigiraf, L50, M|\n|poke|p2|Chimecho, L50, F|\n|poke|p2|Tyranitar, L50, F|\n|poke|p2|Excadrill, L50, F|\n|poke|p2|Garchomp, L50, F|\n|poke|p2|Incineroar, L50, M|\n|poke|p2|Sneasler, L50, M|\n|teampreview|4\n|inactive|Battle timer is ON: inactive players will automatically lose when time's up. (requested by cherry786)\n|inactive|Vortex-invisible also wants the timer to be on.\n|c|\u2606cherry786|glhf\n|c|\u2606Vortex-invisible|Hf\n|inactive|Vortex-invisible has 60 seconds left.\n|\n|t:|1775881780\n|teamsize|p1|4\n|teamsize|p2|4\n|start\n|switch|p1a: Incineroar|Incineroar, L50, F|100/100\n|switch|p1b: Farigiraf|Farigiraf, L50, M|100/100\n|switch|p2a: Garchomp|Garchomp, L50, F|100/100\n|switch|p2b: Chimecho|Chimecho, L50, F|100/100\n|-ability|p1a: Incineroar|Intimidate|boost\n|-unboost|p2a: Garchomp|atk|1\n|-unboost|p2b: Chimecho|atk|1\n|turn|1\n|inactive|cherry786 has 30 seconds left.\n|\n|t:|1775881807\n|detailschange|p2b: Chimecho|Chimecho-Mega, L50, F\n|-mega|p2b: Chimecho|Chimecho|Chimechite\n|move|p1a: Incineroar|Fake Out|p2a: Garchomp\n|-damage|p2a: Garchomp|89/100\n|cant|p2a: Garchomp|flinch\n|move|p2b: Chimecho|Charge Beam|p1b: Farigiraf\n|-damage|p1b: Farigiraf|85/100\n|move|p1b: Farigiraf|Trick Room|p1b: Farigiraf\n|-fieldstart|move: Trick Room|[of] p1b: Farigiraf\n|\n|-heal|p2a: Garchomp|95/100|[from] item: Leftovers\n|upkeep\n|turn|2\n|\n|t:|1775881823\n|move|p2b: Chimecho|Protect|p2b: Chimecho\n|-singleturn|p2b: Chimecho|Protect\n|move|p1b: Farigiraf|Hyper Voice|p2b: Chimecho|[spread] p2a\n|-activate|p2b: Chimecho|move: Protect\n|-damage|p2a: Garchomp|68/100\n|move|p1a: Incineroar|Parting Shot|p2b: Chimecho\n|-activate|p2b: Chimecho|move: Protect\n|move|p2a: Garchomp|Substitute|p2a: Garchomp\n|-start|p2a: Garchomp|Substitute\n|-damage|p2a: Garchomp|43/100\n|\n|-heal|p2a: Garchomp|49/100|[from] item: Leftovers\n|upkeep\n|turn|3\n|\n|t:|1775881838\n|move|p2a: Garchomp|Protect|p2a: Garchomp\n|-singleturn|p2a: Garchomp|Protect\n|move|p1b: Farigiraf|Hyper Voice|p2b: Chimecho|[spread] p2b\n|-activate|p2a: Garchomp|move: Protect\n|-resisted|p2b: Chimecho|1\n|-damage|p2b: Chimecho|90/100\n|move|p1a: Incineroar|Parting Shot|p2a: Garchomp\n|-activate|p2a: Garchomp|move: Protect\n|move|p2b: Chimecho|Charge Beam|p1b: Farigiraf\n|-damage|p1b: Farigiraf|72/100\n|\n|-heal|p2a: Garchomp|55/100|[from] item: Leftovers\n|upkeep\n|turn|4\n|\n|t:|1775881852\n|move|p1b: Farigiraf|Hyper Voice|p2b: Chimecho|[spread] p2a,p2b\n|-resisted|p2b: Chimecho|1\n|-damage|p2a: Garchomp|27/100\n|-damage|p2b: Chimecho|79/100\n|move|p1a: Incineroar|Flare Blitz|p2b: Chimecho\n|-supereffective|p2b: Chimecho|1\n|-crit|p2b: Chimecho\n|-damage|p2b: Chimecho|0 fnt\n|faint|p2b: Chimecho\n|-damage|p1a: Incineroar|77/100|[from] Recoil\n|move|p2a: Garchomp|Earthquake|p1b: Farigiraf|[spread] p1a,p1b\n|-supereffective|p1a: Incineroar|1\n|-damage|p1a: Incineroar|44/100\n|-damage|p1b: Farigiraf|50/100\n|\n|-heal|p2a: Garchomp|33/100|[from] item: Leftovers\n|upkeep\n|\n|t:|1775881861\n|switch|p2b: Tyranitar|Tyranitar, L50, F|100/100\n|-weather|Sandstorm|[from] ability: Sand Stream|[of] p2b: Tyranitar\n|turn|5\n|\n|t:|1775881865\n|move|p1b: Farigiraf|Hyper Voice|p2a: Garchomp|[spread] p2a,p2b\n|-resisted|p2b: Tyranitar|1\n|-damage|p2a: Garchomp|4/100\n|-damage|p2b: Tyranitar|93/100\n|move|p2b: Tyranitar|Rock Slide|p1b: Farigiraf|[spread] p1a,p1b\n|-supereffective|p1a: Incineroar|1\n|-damage|p1a: Incineroar|4/100\n|-damage|p1b: Farigiraf|26/100\n|cant|p1a: Incineroar|flinch\n|move|p2a: Garchomp|Rock Slide|p1a: Incineroar|[spread] p1a,p1b\n|-supereffective|p1a: Incineroar|1\n|-damage|p1a: Incineroar|0 fnt\n|-damage|p1b: Farigiraf|14/100\n|faint|p1a: Incineroar\n|\n|-weather|Sandstorm|[upkeep]\n|-damage|p1b: Farigiraf|8/100|[from] Sandstorm\n|-heal|p2a: Garchomp|10/100|[from] item: Leftovers\n|-fieldend|move: Trick Room\n|upkeep\n|\n|t:|1775881872\n|switch|p1a: Sinistcha|Sinistcha, L50|100/100\n|-heal|p1b: Farigiraf|33/100|[from] ability: Hospitality|[of] p1a: Sinistcha\n|turn|6\n|\n|t:|1775881880\n|move|p2a: Garchomp|Rock Slide|p1a: Sinistcha|[spread] p1a\n|-miss|p2a: Garchomp|p1b: Farigiraf\n|-damage|p1a: Sinistcha|92/100\n|move|p2b: Tyranitar|Knock Off|p1a: Sinistcha\n|-supereffective|p1a: Sinistcha|1\n|-damage|p1a: Sinistcha|26/100\n|-enditem|p1a: Sinistcha|Sitrus Berry|[from] move: Knock Off|[of] p2b: Tyranitar\n|move|p1b: Farigiraf|Hyper Voice|p2b: Tyranitar|[spread] p2b\n|-miss|p1b: Farigiraf|p2a: Garchomp\n|-resisted|p2b: Tyranitar|1\n|-damage|p2b: Tyranitar|86/100\n|cant|p1a: Sinistcha|flinch\n|\n|-weather|Sandstorm|[upkeep]\n|-damage|p1a: Sinistcha|20/100|[from] Sandstorm\n|-damage|p1b: Farigiraf|27/100|[from] Sandstorm\n|-heal|p2a: Garchomp|15/100|[from] item: Leftovers\n|upkeep\n|turn|7\n|c|\u2606Vortex-invisible|So fu\n|c|\u2606Vortex-invisible|n\n|\n|t:|1775881890\n|move|p2a: Garchomp|Rock Slide|p1b: Farigiraf|[spread] p1a,p1b\n|-damage|p1a: Sinistcha|12/100\n|-damage|p1b: Farigiraf|15/100\n|move|p2b: Tyranitar|Knock Off|p1b: Farigiraf\n|-supereffective|p1b: Farigiraf|1\n|-damage|p1b: Farigiraf|0 fnt\n|-enditem|p1b: Farigiraf|Mental Herb|[from] move: Knock Off|[of] p2b: Tyranitar\n|faint|p1b: Farigiraf\n|move|p1a: Sinistcha|Matcha Gotcha|p2a: Garchomp|[spread] p2a,p2b\n|-activate|p2a: Garchomp|move: Substitute|[damage]\n|-heal|p1a: Sinistcha|24/100|[from] drain|[of] p2a: Garchomp\n|-supereffective|p2b: Tyranitar|1\n|-damage|p2b: Tyranitar|66/100\n|-heal|p1a: Sinistcha|36/100|[from] drain|[of] p2b: Tyranitar\n|\n|-weather|Sandstorm|[upkeep]\n|-damage|p1a: Sinistcha|30/100|[from] Sandstorm\n|-heal|p2a: Garchomp|21/100|[from] item: Leftovers\n|upkeep\n|\n|t:|1775881892\n|switch|p1b: Crabominable|Crabominable, L50, F|100/100\n|turn|8\n|c|\u2606cherry786|kek\n|\n|t:|1775881908\n|detailschange|p1b: Crabominable|Crabominable-Mega, L50, F\n|-mega|p1b: Crabominable|Crabominable|Crabominite\n|move|p2a: Garchomp|Rock Slide|p1a: Sinistcha|[spread] p1a,p1b\n|-damage|p1a: Sinistcha|21/100\n|-damage|p1b: Crabominable|92/100\n|move|p2b: Tyranitar|Knock Off|p1a: Sinistcha\n|-supereffective|p1a: Sinistcha|1\n|-damage|p1a: Sinistcha|0 fnt\n|faint|p1a: Sinistcha\n|move|p1b: Crabominable|Drain Punch|p2b: Tyranitar\n|-supereffective|p2b: Tyranitar|2\n|-damage|p2b: Tyranitar|0 fnt\n|-heal|p1b: Crabominable|100/100|[from] drain|[of] p2b: Tyranitar\n|faint|p2b: Tyranitar\n|\n|-weather|Sandstorm|[upkeep]\n|-damage|p1b: Crabominable|95/100|[from] Sandstorm\n|-heal|p2a: Garchomp|27/100|[from] item: Leftovers\n|upkeep\n|\n|t:|1775881916\n|switch|p2b: Sneasler|Sneasler, L50, M|100/100\n|turn|9\n|\n|t:|1775881921\n|move|p2b: Sneasler|Fake Out|p1b: Crabominable\n|-damage|p1b: Crabominable|83/100\n|move|p2a: Garchomp|Rock Slide|p1b: Crabominable\n|-crit|p1b: Crabominable\n|-damage|p1b: Crabominable|56/100\n|cant|p1b: Crabominable|flinch\n|\n|-weather|none\n|-heal|p2a: Garchomp|33/100|[from] item: Leftovers\n|upkeep\n|turn|10\n|\n|t:|1775881926\n|move|p2b: Sneasler|Close Combat|p1b: Crabominable\n|-supereffective|p1b: Crabominable|1\n|-damage|p1b: Crabominable|0 fnt\n|-unboost|p2b: Sneasler|def|1\n|-unboost|p2b: Sneasler|spd|1\n|faint|p1b: Crabominable\n|\n|win|cherry786\n|c|\u2606Vortex-invisible|Gg\n|c|\u2606cherry786|reep\n|c|\u2606cherry786|gg\n",
  "uploadtime": 1775881932,
  "views": 11,
  "formatid": "gen9championsvgc2026regma",
  "rating": null,
  "private": 0,
  "password": null
}