{
  "id": "gen9championsvgc2026regma-2580788422",
  "format": "[Gen 9 Champions] VGC 2026 Reg M-A",
  "players": [
    "anubisjr",
    "alvin776"
  ],
  "log": "|j|\u2606anubisjr\n|j|\u2606alvin776\n|t:|1775932543\n|gametype|doubles\n|player|p1|anubisjr|1|1269\n|player|p2|alvin776|1|1281\n|gen|9\n|tier|[Gen 9 Champions] VGC 2026 Reg M-A\n|rated|\n|rule|Species Clause: Limit one of each Pok\u00e9mon\n|rule|Item Clause: Limit 1 of each item\n|clearpoke\n|poke|p1|Mudsdale, L50, M|\n|poke|p1|Floette-Eternal, L50, F|\n|poke|p1|Farigiraf, L50, M|\n|poke|p1|Kingambit, L50, M|\n|poke|p1|Milotic, L50, F|\n|poke|p1|Aerodactyl, L50, M|\n|poke|p2|Gengar, L50, F|\n|poke|p2|Arcanine, L50, F|\n|poke|p2|Basculegion, L50, M|\n|poke|p2|Archaludon, L50, F|\n|poke|p2|Gallade, L50, M|\n|poke|p2|Politoed, L50, M|\n|teampreview|4\n|inactive|Battle timer is ON: inactive players will automatically lose when time's up. (requested by alvin776)\n|inactive|alvin776 has 60 seconds left.\n|\n|t:|1775932599\n|teamsize|p1|4\n|teamsize|p2|4\n|start\n|switch|p1a: Floette|Floette-Eternal, L50, F|100/100\n|switch|p1b: Aerodactyl|Aerodactyl, L50, M|100/100\n|switch|p2a: Gallade|Gallade, L50, M|100/100\n|switch|p2b: Politoed|Politoed, L50, M|100/100\n|-ability|p1b: Aerodactyl|Unnerve\n|-weather|RainDance|[from] ability: Drizzle|[of] p2b: Politoed\n|turn|1\n|\n|t:|1775932617\n|detailschange|p1a: Floette|Floette-Mega, L50, F\n|-mega|p1a: Floette|Floette|Floettite\n|-ability|p1a: Floette|Fairy Aura\n|move|p2a: Gallade|Protect|p2a: Gallade\n|-singleturn|p2a: Gallade|Protect\n|move|p1b: Aerodactyl|Dual Wingbeat|p2a: Gallade\n|-activate|p2a: Gallade|move: Protect\n|move|p1a: Floette|Calm Mind|p1a: Floette\n|-boost|p1a: Floette|spa|1\n|-boost|p1a: Floette|spd|1\n|move|p2b: Politoed|Icy Wind|p1b: Aerodactyl|[spread] p1b\n|-miss|p2b: Politoed|p1a: Floette\n|-supereffective|p1b: Aerodactyl|1\n|-damage|p1b: Aerodactyl|71/100\n|-unboost|p1b: Aerodactyl|spe|1\n|\n|-weather|RainDance|[upkeep]\n|upkeep\n|turn|2\n|inactive|alvin776 has 30 seconds left.\n|\n|t:|1775932648\n|move|p1b: Aerodactyl|Tailwind|p1b: Aerodactyl\n|-sidestart|p1: anubisjr|move: Tailwind\n|move|p1a: Floette|Dazzling Gleam|p2a: Gallade|[spread] p2a,p2b\n|-supereffective|p2a: Gallade|1\n|-damage|p2a: Gallade|0 fnt\n|-damage|p2b: Politoed|43/100\n|faint|p2a: Gallade\n|move|p2b: Politoed|Haze|p2b: Politoed\n|-clearallboost\n|\n|-weather|RainDance|[upkeep]\n|-heal|p2b: Politoed|49/100|[from] item: Leftovers\n|upkeep\n|\n|t:|1775932668\n|switch|p2a: Basculegion|Basculegion, L50, M|100/100\n|turn|3\n|\n|t:|1775932682\n|move|p1a: Floette|Protect|p1a: Floette\n|-singleturn|p1a: Floette|Protect\n|move|p2a: Basculegion|Aqua Jet|p1b: Aerodactyl\n|-supereffective|p1b: Aerodactyl|1\n|-damage|p1b: Aerodactyl|0 fnt\n|faint|p1b: Aerodactyl\n|move|p2b: Politoed|Icy Wind|p1a: Floette\n|-activate|p1a: Floette|move: Protect\n|\n|-weather|RainDance|[upkeep]\n|-heal|p2b: Politoed|55/100|[from] item: Leftovers\n|upkeep\n|\n|t:|1775932689\n|switch|p1b: Kingambit|Kingambit, L50, M|100/100\n|turn|4\n|\n|t:|1775932708\n|switch|p1a: Farigiraf|Farigiraf, L50, M|100/100\n|move|p2a: Basculegion|Protect|p2a: Basculegion\n|-singleturn|p2a: Basculegion|Protect\n|move|p1b: Kingambit|Kowtow Cleave|p2a: Basculegion\n|-activate|p2a: Basculegion|move: Protect\n|move|p2b: Politoed|Weather Ball|p1b: Kingambit\n|-damage|p1b: Kingambit|47/100\n|\n|-weather|RainDance|[upkeep]\n|-heal|p2b: Politoed|61/100|[from] item: Leftovers\n|upkeep\n|turn|5\n|inactive|anubisjr has 30 seconds left.\n|\n|t:|1775932735\n|switch|p2a: Archaludon|Archaludon, L50, F|100/100\n|move|p1b: Kingambit|Sucker Punch||[still]\n|-fail|p1b: Kingambit\n|move|p2b: Politoed|Weather Ball|p1b: Kingambit\n|-damage|p1b: Kingambit|0 fnt\n|faint|p1b: Kingambit\n|move|p1a: Farigiraf|Trick Room|p1a: Farigiraf\n|-fieldstart|move: Trick Room|[of] p1a: Farigiraf\n|\n|-weather|none\n|-heal|p2b: Politoed|67/100|[from] item: Leftovers\n|-sideend|p1: anubisjr|move: Tailwind\n|upkeep\n|\n|t:|1775932737\n|switch|p1b: Floette|Floette-Mega, L50, F|100/100\n|-ability|p1b: Floette|Fairy Aura\n|turn|6\n|\n|t:|1775932759\n|switch|p2b: Basculegion|Basculegion, L50, M|100/100\n|move|p1a: Farigiraf|Psychic|p2b: Basculegion\n|-damage|p2b: Basculegion|62/100\n|move|p2a: Archaludon|Flash Cannon|p1b: Floette\n|-supereffective|p1b: Floette|1\n|-damage|p1b: Floette|39/100\n|move|p1b: Floette|Moonblast|p2b: Basculegion\n|-damage|p2b: Basculegion|0 fnt\n|faint|p2b: Basculegion\n|\n|upkeep\n|\n|t:|1775932770\n|switch|p2b: Politoed|Politoed, L50, M|67/100\n|-weather|RainDance|[from] ability: Drizzle|[of] p2b: Politoed\n|turn|7\n|\n|t:|1775932787\n|move|p1b: Floette|Protect|p1b: Floette\n|-singleturn|p1b: Floette|Protect\n|move|p2b: Politoed|Weather Ball|p1a: Farigiraf\n|-damage|p1a: Farigiraf|53/100\n|move|p2a: Archaludon|Flash Cannon|p1b: Floette\n|-activate|p1b: Floette|move: Protect\n|move|p1a: Farigiraf|Trick Room|p1a: Farigiraf\n|-fieldend|move: Trick Room\n|\n|-weather|RainDance|[upkeep]\n|-heal|p2b: Politoed|73/100|[from] item: Leftovers\n|upkeep\n|turn|8\n|inactive|anubisjr has 30 seconds left.\n|\n|t:|1775932817\n|move|p2a: Archaludon|Protect|p2a: Archaludon\n|-singleturn|p2a: Archaludon|Protect\n|move|p1b: Floette|Moonblast|p2a: Archaludon\n|-activate|p2a: Archaludon|move: Protect\n|move|p2b: Politoed|Icy Wind|p1a: Farigiraf|[spread] p1a,p1b\n|-damage|p1a: Farigiraf|45/100\n|-damage|p1b: Floette|32/100\n|-unboost|p1a: Farigiraf|spe|1\n|-unboost|p1b: Floette|spe|1\n|move|p1a: Farigiraf|Hyper Voice|p2b: Politoed|[spread] p2b\n|-activate|p2a: Archaludon|move: Protect\n|-damage|p2b: Politoed|55/100\n|\n|-weather|RainDance|[upkeep]\n|-heal|p2b: Politoed|61/100|[from] item: Leftovers\n|upkeep\n|turn|9\n|inactive|anubisjr has 30 seconds left.\n|\n|t:|1775932844\n|move|p1a: Farigiraf|Protect|p1a: Farigiraf\n|-singleturn|p1a: Farigiraf|Protect\n|move|p2a: Archaludon|Flash Cannon|p1b: Floette\n|-supereffective|p1b: Floette|1\n|-damage|p1b: Floette|0 fnt\n|faint|p1b: Floette\n|move|p2b: Politoed|Weather Ball|p1a: Farigiraf\n|-activate|p1a: Farigiraf|move: Protect\n|\n|-weather|RainDance|[upkeep]\n|-heal|p2b: Politoed|67/100|[from] item: Leftovers\n|upkeep\n|turn|10\n|-message|anubisjr forfeited.\n|\n|win|alvin776\n|raw|anubisjr's rating: 1269 &rarr; <strong>1245</strong><br />(-24 for losing)\n|raw|alvin776's rating: 1281 &rarr; <strong>1305</strong><br />(+24 for winning)\n|l|\u2606anubisjr\n|player|p1|\n",
  "uploadtime": 1775932866,
  "views": 39,
  "formatid": "gen9championsvgc2026regma",
  "rating": 1245,
  "private": 0,
  "password": null
}