{
  "id": "gen9championsvgc2026regma-2583512963",
  "format": "[Gen 9 Champions] VGC 2026 Reg M-A",
  "players": [
    "porygon-epilepz",
    "ohko_muk"
  ],
  "log": "|j|\u2606porygon-epilepz\n|j|\u2606ohko_muk\n|html|<table width=\"100%\"><tr><td align=\"left\">porygon-epilepz</td><td align=\"right\">ohko_muk</tr><tr><td align=\"left\"><i class=\"fa fa-circle-o\"></i> <i class=\"fa fa-circle-o\"></i> </td><td align=\"right\"><i class=\"fa fa-circle-o\"></i> <i class=\"fa fa-circle-o\"></i> </tr></table>\n|uhtml|bestof|<h2><strong>Game 1</strong> of <a href=\"/game-bestof3-gen9championsvgc2026regma-2583512962\">a best-of-3</a></h2>\n|t:|1776180377\n|gametype|doubles\n|player|p1|porygon-epilepz|hiker-gen4|\n|player|p2|ohko_muk|gambler|\n|gen|9\n|tier|[Gen 9 Champions] VGC 2026 Reg M-A\n|rated|Tournament battle\n|rule|Species Clause: Limit one of each Pok\u00e9mon\n|rule|Item Clause: Limit 1 of each item\n|raw|<div class=\"infobox\"><details class=\"readmore\" open><summary><strong>2 custom rules:</strong></summary> Force Open Team Sheets, Best of = 3</details></div>\n|clearpoke\n|poke|p1|Kommo-o, L50, F|\n|poke|p1|Incineroar, L50, F|\n|poke|p1|Glimmora, L50, M|\n|poke|p1|Sinistcha, L50|\n|poke|p1|Talonflame, L50, M|\n|poke|p1|Rotom-Wash, L50|\n|poke|p2|Farigiraf, L50, F|\n|poke|p2|Blastoise, L50, F|\n|poke|p2|Bellibolt, L50, M|\n|poke|p2|Mamoswine, L50, M|\n|poke|p2|Whimsicott, L50, M|\n|poke|p2|Delphox, L50, F|\n|teampreview|4\n|showteam|p1|Kommo-o||Leftovers|Overcoat|ClangorousSoul,ClangingScales,Protect,AuraSphere|||F|||50|]Incineroar||ShucaBerry|Intimidate|FakeOut,FlareBlitz,ThroatChop,PartingShot|||F|||50|]Glimmora||Glimmoranite|ToxicDebris|PowerGem,SludgeBomb,SpikyShield,EarthPower|||M|||50|]Sinistcha||SitrusBerry|Hospitality|RagePowder,Protect,LifeDew,MatchaGotcha||||||50|]Talonflame||FocusSash|GaleWings|Tailwind,QuickGuard,DualWingbeat,FlareBlitz|||M|||50|]Rotom-Wash||RindoBerry|Levitate|Thunderbolt,WillOWisp,HydroPump,Protect||||||50|\n|showteam|p2|Farigiraf||SilkScarf|ArmorTail|HyperVoice,Psychic,TrickRoom,RainDance|||F|||50|]Blastoise||Blastoisinite|Torrent|WaterSpout,FakeOut,DarkPulse,MuddyWater|||F|||50|]Bellibolt||SitrusBerry|Electromorphosis|Discharge,Thunderbolt,ParabolicCharge,Protect|||M|||50|]Mamoswine||FocusSash|Oblivious|Earthquake,IcicleCrash,IceShard,Protect|||M|||50|]Whimsicott||BabiriBerry|Prankster|Moonblast,Tailwind,Encore,SunnyDay|||M|||50|]Delphox||Delphoxite|Blaze|HeatWave,Psychic,NastyPlot,Protect|||F|||50|\n|inactive|Battle timer is ON: inactive players will automatically lose when time's up. (requested by ohko_muk)\n|\n|t:|1776180402\n|teamsize|p1|4\n|teamsize|p2|4\n|start\n|switch|p1a: Sinistcha|Sinistcha, L50|100/100\n|switch|p1b: Rotom|Rotom-Wash, L50|100/100\n|switch|p2a: Farigiraf|Farigiraf, L50, F|100/100\n|switch|p2b: Blastoise|Blastoise, L50, F|100/100\n|turn|1\n|inactive|ohko_muk has 30 seconds left.\n|inactive|ohko_muk has 20 seconds left.\n|inactive|ohko_muk has 15 seconds left.\n|inactive|ohko_muk has 10 seconds left.\n|\n|t:|1776180452\n|detailschange|p2b: Blastoise|Blastoise-Mega, L50, F\n|-mega|p2b: Blastoise|Blastoise|Blastoisinite\n|move|p2b: Blastoise|Fake Out|p1b: Rotom\n|-damage|p1b: Rotom|92/100\n|cant|p1b: Rotom|flinch\n|move|p1a: Sinistcha|Matcha Gotcha|p2b: Blastoise|[spread] p2a,p2b\n|-supereffective|p2b: Blastoise|1\n|-damage|p2a: Farigiraf|74/100\n|-damage|p2b: Blastoise|55/100\n|move|p2a: Farigiraf|Trick Room|p2a: Farigiraf\n|-fieldstart|move: Trick Room|[of] p2a: Farigiraf\n|\n|upkeep\n|turn|2\n|\n|t:|1776180470\n|move|p2a: Farigiraf|Psychic|p1a: Sinistcha\n|-damage|p1a: Sinistcha|54/100\n|move|p2b: Blastoise|Dark Pulse|p1a: Sinistcha\n|-supereffective|p1a: Sinistcha|1\n|-damage|p1a: Sinistcha|0 fnt\n|faint|p1a: Sinistcha\n|move|p1b: Rotom|Thunderbolt|p2b: Blastoise\n|-supereffective|p2b: Blastoise|1\n|-damage|p2b: Blastoise|0 fnt\n|faint|p2b: Blastoise\n|\n|upkeep\n|\n|t:|1776180484\n|switch|p2b: Bellibolt|Bellibolt, L50, M|100/100\n|switch|p1a: Incineroar|Incineroar, L50, F|100/100\n|-ability|p1a: Incineroar|Intimidate|boost\n|-unboost|p2a: Farigiraf|atk|1\n|-unboost|p2b: Bellibolt|atk|1\n|turn|3\n|\n|t:|1776180499\n|move|p2b: Bellibolt|Thunderbolt|p1a: Incineroar\n|-damage|p1a: Incineroar|64/100\n|-status|p1a: Incineroar|par\n|move|p1a: Incineroar|Throat Chop|p2a: Farigiraf\n|-supereffective|p2a: Farigiraf|1\n|-damage|p2a: Farigiraf|3/100\n|-start|p2a: Farigiraf|Throat Chop|[silent]\n|cant|p2a: Farigiraf|move: Throat Chop\n|move|p1b: Rotom|Will-O-Wisp|p2b: Bellibolt\n|-status|p2b: Bellibolt|brn\n|\n|-damage|p2b: Bellibolt|95/100 brn|[from] brn\n|upkeep\n|turn|4\n|j| 1#miraidonhater\n|\n|t:|1776180524\n|switch|p2a: Mamoswine|Mamoswine, L50, M|100/100\n|move|p1a: Incineroar|Flare Blitz|p2b: Bellibolt\n|-damage|p2b: Bellibolt|53/100 brn\n|-start|p2b: Bellibolt|Charge|Flare Blitz|[from] ability: Electromorphosis\n|-damage|p1a: Incineroar|52/100 par|[from] Recoil\n|move|p2b: Bellibolt|Discharge|p1b: Rotom|[spread] p1a,p1b\n|-immune|p2a: Mamoswine\n|-damage|p1a: Incineroar|2/100 par\n|-damage|p1b: Rotom|40/100\n|-end|p2b: Bellibolt|Charge|[silent]\n|move|p1b: Rotom|Thunderbolt|p2a: Mamoswine\n|-immune|p2a: Mamoswine\n|\n|-damage|p2b: Bellibolt|47/100 brn|[from] brn\n|upkeep\n|-enditem|p2b: Bellibolt|Sitrus Berry|[eat]\n|-heal|p2b: Bellibolt|72/100 brn|[from] item: Sitrus Berry\n|turn|5\n|\n|t:|1776180551\n|move|p1b: Rotom|Protect|p1b: Rotom\n|-singleturn|p1b: Rotom|Protect\n|move|p2a: Mamoswine|Ice Shard|p1a: Incineroar\n|-resisted|p1a: Incineroar|1\n|-damage|p1a: Incineroar|0 fnt\n|faint|p1a: Incineroar\n|move|p2b: Bellibolt|Parabolic Charge|p1b: Rotom|[spread] \n|-activate|p1b: Rotom|move: Protect\n|-immune|p2a: Mamoswine\n|\n|-damage|p2b: Bellibolt|66/100 brn|[from] brn\n|-fieldend|move: Trick Room\n|upkeep\n|\n|t:|1776180559\n|switch|p1a: Glimmora|Glimmora, L50, M|100/100\n|turn|6\n|inactive|ohko_muk has 30 seconds left.\n|\n|t:|1776180590\n|move|p1a: Glimmora|Spiky Shield|p1a: Glimmora\n|-singleturn|p1a: Glimmora|move: Protect\n|move|p2a: Mamoswine|Protect|p2a: Mamoswine\n|-singleturn|p2a: Mamoswine|Protect\n|move|p1b: Rotom|Will-O-Wisp|p2a: Mamoswine\n|-activate|p2a: Mamoswine|move: Protect\n|move|p2b: Bellibolt|Parabolic Charge|p1b: Rotom|[spread] p1b\n|-activate|p2a: Mamoswine|move: Protect\n|-activate|p1a: Glimmora|move: Protect\n|-damage|p1b: Rotom|19/100\n|-heal|p2b: Bellibolt|75/100 brn|[from] drain|[of] p1b: Rotom\n|\n|-damage|p2b: Bellibolt|70/100 brn|[from] brn\n|upkeep\n|turn|7\n|\n|t:|1776180607\n|detailschange|p1a: Glimmora|Glimmora-Mega, L50, M\n|-mega|p1a: Glimmora|Glimmora|Glimmoranite\n|move|p2b: Bellibolt|Protect|p2b: Bellibolt\n|-singleturn|p2b: Bellibolt|Protect\n|move|p1a: Glimmora|Sludge Bomb|p2b: Bellibolt\n|-activate|p2b: Bellibolt|move: Protect\n|move|p2a: Mamoswine|Earthquake|p1a: Glimmora|[spread] p1a\n|-activate|p2b: Bellibolt|move: Protect\n|-immune|p1b: Rotom|[from] ability: Levitate\n|-supereffective|p1a: Glimmora|2\n|-damage|p1a: Glimmora|0 fnt\n|faint|p1a: Glimmora\n|move|p1b: Rotom|Will-O-Wisp|p2a: Mamoswine\n|-status|p2a: Mamoswine|brn\n|\n|-damage|p2a: Mamoswine|95/100 brn|[from] brn\n|-damage|p2b: Bellibolt|64/100 brn|[from] brn\n|upkeep\n|turn|8\n|\n|t:|1776180626\n|move|p2a: Mamoswine|Icicle Crash|p1b: Rotom\n|-resisted|p1b: Rotom|1\n|-damage|p1b: Rotom|6/100\n|move|p1b: Rotom|Hydro Pump|p2a: Mamoswine\n|-supereffective|p2a: Mamoswine|1\n|-damage|p2a: Mamoswine|0 fnt\n|faint|p2a: Mamoswine\n|move|p2b: Bellibolt|Parabolic Charge|p1b: Rotom\n|-damage|p1b: Rotom|0 fnt\n|-heal|p2b: Bellibolt|66/100 brn|[from] drain|[of] p1b: Rotom\n|faint|p1b: Rotom\n|\n|win|ohko_muk\n",
  "uploadtime": 1776180383,
  "views": 37,
  "formatid": "gen9championsvgc2026regma",
  "rating": null,
  "private": 0,
  "password": null
}