{
  "id": "gen9championsvgc2026regma-2580730593",
  "format": "[Gen 9 Champions] VGC 2026 Reg M-A",
  "players": [
    "RazzvyBerry",
    "tusssk"
  ],
  "log": "|j|\u2606RazzvyBerry\n|j|\u2606tusssk\n|t:|1775927825\n|gametype|doubles\n|player|p1|RazzvyBerry|harlequin|1198\n|player|p2|tusssk|koga|1150\n|gen|9\n|tier|[Gen 9 Champions] VGC 2026 Reg M-A\n|rated|\n|rule|Species Clause: Limit one of each Pok\u00e9mon\n|rule|Item Clause: Limit 1 of each item\n|clearpoke\n|poke|p1|Azumarill, L50, F|\n|poke|p1|Froslass, L50, F|\n|poke|p1|Sinistcha, L50|\n|poke|p1|Incineroar, L50, F|\n|poke|p1|Sneasler, L50, F|\n|poke|p1|Maushold, L50|\n|poke|p2|Glimmora, L50, M|\n|poke|p2|Torkoal, L50, M|\n|poke|p2|Incineroar, L50, M|\n|poke|p2|Wyrdeer, L50, M|\n|poke|p2|Avalugg-Hisui, L50, M|\n|poke|p2|Venusaur, L50, M|\n|teampreview|4\n|inactive|Battle timer is ON: inactive players will automatically lose when time's up. (requested by tusssk)\n|inactive|RazzvyBerry has 60 seconds left.\n|inactive|RazzvyBerry has 30 seconds left.\n|\n|t:|1775927894\n|teamsize|p1|4\n|teamsize|p2|4\n|start\n|switch|p1a: Azumarill|Azumarill, L50, F|100/100\n|switch|p1b: Sneasler|Sneasler, L50, F|100/100\n|switch|p2a: Incineroar|Incineroar, L50, M|100/100\n|switch|p2b: Wyrdeer|Wyrdeer, L50, M|100/100\n|-ability|p2a: Incineroar|Intimidate|boost\n|-unboost|p1a: Azumarill|atk|1\n|-unboost|p1b: Sneasler|atk|1\n|-ability|p2b: Wyrdeer|Intimidate|boost\n|-unboost|p1a: Azumarill|atk|1\n|-unboost|p1b: Sneasler|atk|1\n|-enditem|p1b: Sneasler|White Herb\n|-clearnegativeboost|p1b: Sneasler|[silent]\n|turn|1\n|\n|t:|1775927917\n|move|p1b: Sneasler|Fake Out|p2a: Incineroar\n|-damage|p2a: Incineroar|90/100\n|cant|p2a: Incineroar|flinch\n|move|p1a: Azumarill|Belly Drum|p1a: Azumarill\n|-damage|p1a: Azumarill|50/100\n|-setboost|p1a: Azumarill|atk|6|[from] move: Belly Drum\n|-enditem|p1a: Azumarill|Sitrus Berry|[eat]\n|-heal|p1a: Azumarill|75/100|[from] item: Sitrus Berry\n|move|p2b: Wyrdeer|Trick Room|p2b: Wyrdeer\n|-fieldstart|move: Trick Room|[of] p2b: Wyrdeer\n|\n|upkeep\n|turn|2\n|inactive|RazzvyBerry has 30 seconds left.\n|inactive|RazzvyBerry has 20 seconds left.\n|inactive|RazzvyBerry has 15 seconds left.\n|inactive|RazzvyBerry has 10 seconds left.\n|inactive|RazzvyBerry has 5 seconds left.\n|\n|t:|1775927971\n|move|p1a: Azumarill|Aqua Jet|p2a: Incineroar\n|-supereffective|p2a: Incineroar|1\n|-damage|p2a: Incineroar|0 fnt\n|faint|p2a: Incineroar\n|move|p2b: Wyrdeer|Psyshield Bash|p1a: Azumarill|[miss]\n|-miss|p2b: Wyrdeer|p1a: Azumarill\n|move|p1b: Sneasler|Close Combat|p2b: Wyrdeer\n|-damage|p2b: Wyrdeer|26/100\n|-unboost|p1b: Sneasler|def|1\n|-unboost|p1b: Sneasler|spd|1\n|\n|-heal|p2b: Wyrdeer|32/100|[from] item: Leftovers\n|upkeep\n|\n|t:|1775927981\n|switch|p2a: Torkoal|Torkoal, L50, M|100/100\n|-weather|SunnyDay|[from] ability: Drought|[of] p2a: Torkoal\n|turn|3\n|\n|t:|1775927996\n|switch|p1b: Incineroar|Incineroar, L50, F|100/100\n|-ability|p1b: Incineroar|Intimidate|boost\n|-unboost|p2a: Torkoal|atk|1\n|-unboost|p2b: Wyrdeer|atk|1\n|move|p1a: Azumarill|Protect|p1a: Azumarill\n|-singleturn|p1a: Azumarill|Protect\n|move|p2a: Torkoal|Heat Wave|p1a: Azumarill|[spread] p1b\n|-activate|p1a: Azumarill|move: Protect\n|-resisted|p1b: Incineroar|1\n|-damage|p1b: Incineroar|72/100\n|move|p2b: Wyrdeer|Thunderbolt|p1a: Azumarill\n|-activate|p1a: Azumarill|move: Protect\n|\n|-weather|SunnyDay|[upkeep]\n|-heal|p2b: Wyrdeer|39/100|[from] item: Leftovers\n|upkeep\n|turn|4\n|inactive|RazzvyBerry has 30 seconds left.\n|inactive|RazzvyBerry has 20 seconds left.\n|inactive|RazzvyBerry has 15 seconds left.\n|inactive|RazzvyBerry has 10 seconds left.\n|\n|t:|1775928044\n|move|p1b: Incineroar|Fake Out|p2a: Torkoal\n|-damage|p2a: Torkoal|89/100\n|move|p1a: Azumarill|Aqua Jet|p2a: Torkoal\n|-supereffective|p2a: Torkoal|1\n|-damage|p2a: Torkoal|7/100\n|cant|p2a: Torkoal|flinch\n|move|p2b: Wyrdeer|Thunderbolt|p1a: Azumarill\n|-supereffective|p1a: Azumarill|1\n|-damage|p1a: Azumarill|27/100\n|\n|-weather|SunnyDay|[upkeep]\n|-heal|p2b: Wyrdeer|45/100|[from] item: Leftovers\n|upkeep\n|turn|5\n|inactive|RazzvyBerry has 30 seconds left.\n|\n|t:|1775928071\n|move|p1a: Azumarill|Aqua Jet|p2a: Torkoal\n|-supereffective|p2a: Torkoal|1\n|-crit|p2a: Torkoal\n|-damage|p2a: Torkoal|0 fnt\n|faint|p2a: Torkoal\n|move|p1b: Incineroar|Darkest Lariat|p2b: Wyrdeer\n|-supereffective|p2b: Wyrdeer|1\n|-damage|p2b: Wyrdeer|0 fnt\n|faint|p2b: Wyrdeer\n|\n|-weather|SunnyDay|[upkeep]\n|-fieldend|move: Trick Room\n|upkeep\n|-message|tusssk forfeited.\n|\n|win|RazzvyBerry\n|raw|RazzvyBerry's rating: 1198 &rarr; <strong>1220</strong><br />(+22 for winning)\n|raw|tusssk's rating: 1150 &rarr; <strong>1128</strong><br />(-22 for losing)\n|l|\u2606tusssk\n|player|p2|\n",
  "uploadtime": 1775928088,
  "views": 24,
  "formatid": "gen9championsvgc2026regma",
  "rating": 1128,
  "private": 0,
  "password": null
}