{
  "id": "gen9championsvgc2026regma-2582591840",
  "format": "[Gen 9 Champions] VGC 2026 Reg M-A",
  "players": [
    "OrtegaFX",
    "Tamejo"
  ],
  "log": "|j|\u2606OrtegaFX\n|j|\u2606Tamejo\n|t:|1776101352\n|gametype|doubles\n|player|p1|OrtegaFX|n|1400\n|player|p2|Tamejo|caitlin|1320\n|gen|9\n|tier|[Gen 9 Champions] VGC 2026 Reg M-A\n|rated|\n|rule|Species Clause: Limit one of each Pok\u00e9mon\n|rule|Item Clause: Limit 1 of each item\n|clearpoke\n|poke|p1|Charizard, L50, M|\n|poke|p1|Whimsicott, L50, F|\n|poke|p1|Garchomp, L50, F|\n|poke|p1|Farigiraf, L50, M|\n|poke|p1|Sneasler, L50, F|\n|poke|p1|Kingambit, L50, F|\n|poke|p2|Dragapult, L50, F|\n|poke|p2|Farigiraf, L50, M|\n|poke|p2|Sylveon, L50, F|\n|poke|p2|Whimsicott, L50, M|\n|poke|p2|Glimmora, L50, F|\n|poke|p2|Crabominable, L50, F|\n|teampreview|4\n|inactive|Battle timer is ON: inactive players will automatically lose when time's up. (requested by OrtegaFX)\n|j| CARtu348rjf90\n|l| CARtu348rjf90\n|inactive|Tamejo has 60 seconds left.\n|\n|t:|1776101412\n|teamsize|p1|4\n|teamsize|p2|4\n|start\n|switch|p1a: Kingambit|Kingambit, L50, F, shiny|100/100\n|switch|p1b: Sneasler|Sneasler, L50, F|100/100\n|switch|p2a: Whimsicott|Whimsicott, L50, M|100/100\n|switch|p2b: Dragapult|Dragapult, L50, F|100/100\n|turn|1\n|inactive|OrtegaFX has 30 seconds left.\n|inactive|OrtegaFX has 20 seconds left.\n|\n|t:|1776101449\n|switch|p2a: Glimmora|Glimmora, L50, F|100/100\n|move|p1b: Sneasler|Fake Out|p2a: Glimmora\n|-resisted|p2a: Glimmora|1\n|-damage|p2a: Glimmora|91/100\n|-activate|p2a: Glimmora|ability: Toxic Debris\n|-sidestart|p1: OrtegaFX|move: Toxic Spikes\n|move|p2b: Dragapult|Phantom Force||[still]\n|-prepare|p2b: Dragapult|Phantom Force\n|move|p1a: Kingambit|Kowtow Cleave|p2b: Dragapult|[miss]\n|-miss|p1a: Kingambit|p2b: Dragapult\n|\n|upkeep\n|turn|2\n|j| number86\n|l| number86\n|\n|t:|1776101467\n|detailschange|p2a: Glimmora|Glimmora-Mega, L50, F\n|-mega|p2a: Glimmora|Glimmora|Glimmoranite\n|move|p1b: Sneasler|Protect|p1b: Sneasler\n|-singleturn|p1b: Sneasler|Protect\n|move|p1a: Kingambit|Protect|p1a: Kingambit\n|-singleturn|p1a: Kingambit|Protect\n|move|p2b: Dragapult|Phantom Force|p1b: Sneasler|[from] lockedmove\n|-activate|p1b: Sneasler|move: Phantom Force|[broken]\n|-damage|p1b: Sneasler|27/100\n|move|p2a: Glimmora|Earth Power|p1b: Sneasler\n|-supereffective|p1b: Sneasler|1\n|-damage|p1b: Sneasler|0 fnt\n|faint|p1b: Sneasler\n|\n|upkeep\n|\n|t:|1776101488\n|switch|p1b: Garchomp|Garchomp, L50, F|100/100\n|-status|p1b: Garchomp|psn\n|turn|3\n|inactive|Tamejo has 30 seconds left.\n|inactive|Tamejo has 20 seconds left.\n|\n|t:|1776101525\n|switch|p2a: Whimsicott|Whimsicott, L50, M|100/100\n|switch|p1a: Charizard|Charizard, L50, M, shiny|100/100\n|move|p1b: Garchomp|Earthquake|p2b: Dragapult|[spread] p2a,p2b\n|-immune|p1a: Charizard\n|-resisted|p2a: Whimsicott|1\n|-damage|p2a: Whimsicott|77/100\n|-damage|p2b: Dragapult|50/100\n|move|p2b: Dragapult|Dragon Darts|p1b: Garchomp\n|-supereffective|p1b: Garchomp|1\n|-damage|p1b: Garchomp|52/100 psn\n|-anim|p2b: Dragapult|Dragon Darts|p1a: Charizard\n|-damage|p1a: Charizard|72/100\n|\n|-damage|p1b: Garchomp|39/100 psn|[from] psn\n|upkeep\n|turn|4\n|inactive|Tamejo has 30 seconds left.\n|\n|t:|1776101556\n|detailschange|p1a: Charizard|Charizard-Mega-Y, L50, M, shiny\n|-mega|p1a: Charizard|Charizard|Charizardite Y\n|-weather|SunnyDay|[from] ability: Drought|[of] p1a: Charizard\n|move|p2a: Whimsicott|Tailwind|p2a: Whimsicott\n|-sidestart|p2: Tamejo|move: Tailwind\n|move|p2b: Dragapult|Dragon Darts|p1b: Garchomp\n|-supereffective|p1b: Garchomp|1\n|-damage|p1b: Garchomp|0 fnt\n|-anim|p2b: Dragapult|Dragon Darts|p1a: Charizard\n|-damage|p1a: Charizard|46/100\n|faint|p1b: Garchomp\n|move|p1a: Charizard|Heat Wave|p2b: Dragapult|[spread] p2a,p2b\n|-supereffective|p2a: Whimsicott|1\n|-resisted|p2b: Dragapult|1\n|-damage|p2a: Whimsicott|0 fnt\n|-damage|p2b: Dragapult|6/100\n|faint|p2a: Whimsicott\n|\n|-weather|SunnyDay|[upkeep]\n|upkeep\n|\n|t:|1776101574\n|switch|p2a: Glimmora|Glimmora-Mega, L50, F|91/100\n|switch|p1b: Kingambit|Kingambit, L50, F, shiny|100/100\n|turn|5\n|inactive|OrtegaFX has 30 seconds left.\n|\n|t:|1776101602\n|move|p2a: Glimmora|Spiky Shield|p2a: Glimmora\n|-singleturn|p2a: Glimmora|move: Protect\n|move|p1a: Charizard|Protect|p1a: Charizard\n|-singleturn|p1a: Charizard|Protect\n|move|p1b: Kingambit|Sucker Punch|p2b: Dragapult\n|-supereffective|p2b: Dragapult|1\n|-enditem|p2b: Dragapult|Colbur Berry|[eat]\n|-enditem|p2b: Dragapult|Colbur Berry|[weaken]\n|-damage|p2b: Dragapult|0 fnt\n|faint|p2b: Dragapult\n|\n|-weather|SunnyDay|[upkeep]\n|upkeep\n|\n|t:|1776101607\n|switch|p2b: Sylveon|Sylveon, L50, F|100/100\n|turn|6\n|inactive|OrtegaFX has 30 seconds left.\n|\n|t:|1776101638\n|move|p2a: Glimmora|Power Gem|p1a: Charizard\n|-supereffective|p1a: Charizard|2\n|-damage|p1a: Charizard|0 fnt\n|faint|p1a: Charizard\n|move|p2b: Sylveon|Hyper Voice|p1b: Kingambit\n|-damage|p1b: Kingambit|55/100\n|move|p1b: Kingambit|Iron Head|p2b: Sylveon\n|-supereffective|p2b: Sylveon|1\n|-damage|p2b: Sylveon|2/100\n|\n|-weather|SunnyDay|[upkeep]\n|-heal|p2b: Sylveon|8/100|[from] item: Leftovers\n|upkeep\n|turn|7\n|\n|t:|1776101657\n|move|p1b: Kingambit|Sucker Punch|p2b: Sylveon\n|-resisted|p2b: Sylveon|1\n|-damage|p2b: Sylveon|0 fnt\n|faint|p2b: Sylveon\n|move|p2a: Glimmora|Earth Power|p1b: Kingambit\n|-supereffective|p1b: Kingambit|1\n|-damage|p1b: Kingambit|0 fnt\n|faint|p1b: Kingambit\n|\n|win|Tamejo\n|raw|OrtegaFX's rating: 1400 &rarr; <strong>1375</strong><br />(-25 for losing)\n|raw|Tamejo's rating: 1320 &rarr; <strong>1345</strong><br />(+25 for winning)\n|c|\u2606Tamejo|Gg\n",
  "uploadtime": 1776101663,
  "views": 27,
  "formatid": "gen9championsvgc2026regma",
  "rating": 1345,
  "private": 0,
  "password": null
}