{
  "id": "gen9championsvgc2026regma-2588561073",
  "format": "[Gen 9 Champions] VGC 2026 Reg M-A",
  "players": [
    "sdlt 2krl coolguy",
    "riquinho"
  ],
  "log": "|raw|<div class=\"broadcast-blue\"><strong>This battle is required to be public due to a player having a name starting with 'sdlt'.</div>\n|j|\u2606sdlt 2krl coolguy\n|j|\u2606riquinho\n|t:|1776645111\n|gametype|doubles\n|player|p1|sdlt 2krl coolguy|leon-masters2|1262\n|player|p2|riquinho|102|1192\n|gen|9\n|tier|[Gen 9 Champions] VGC 2026 Reg M-A\n|rated|\n|rule|Species Clause: Limit one of each Pok\u00e9mon\n|rule|Item Clause: Limit 1 of each item\n|clearpoke\n|poke|p1|Floette-Eternal, L50, F|\n|poke|p1|Incineroar, L50, M|\n|poke|p1|Sinistcha, L50|\n|poke|p1|Garchomp, L50, M|\n|poke|p1|Sneasler, L50, F|\n|poke|p1|Kingambit, L50, F|\n|poke|p2|Glalie, L50, M|\n|poke|p2|Oranguru, L50, F|\n|poke|p2|Araquanid, L50, M|\n|poke|p2|Tsareena, L50, F|\n|poke|p2|Camerupt, L50, M|\n|poke|p2|Maushold-Four, L50|\n|teampreview|4\n|inactive|Battle timer is ON: inactive players will automatically lose when time's up. (requested by sdlt 2krl coolguy)\n|\n|t:|1776645132\n|teamsize|p1|4\n|teamsize|p2|4\n|start\n|switch|p1a: Floette|Floette-Eternal, L50, F|100/100\n|switch|p1b: Incineroar|Incineroar, L50, M|100/100\n|switch|p2a: Tsareena|Tsareena, L50, F|100/100\n|switch|p2b: Oranguru|Oranguru, L50, F|100/100\n|-ability|p1b: Incineroar|Intimidate|boost\n|-unboost|p2a: Tsareena|atk|1\n|-unboost|p2b: Oranguru|atk|1\n|turn|1\n|\n|t:|1776645153\n|switch|p2a: Araquanid|Araquanid, L50, M|100/100\n|detailschange|p1a: Floette|Floette-Mega, L50, F\n|-mega|p1a: Floette|Floette|Floettite\n|-ability|p1a: Floette|Fairy Aura\n|move|p1a: Floette|Moonblast|p2b: Oranguru\n|-damage|p2b: Oranguru|38/100\n|move|p1b: Incineroar|Darkest Lariat|p2b: Oranguru\n|-supereffective|p2b: Oranguru|1\n|-damage|p2b: Oranguru|0 fnt\n|faint|p2b: Oranguru\n|\n|upkeep\n|\n|t:|1776645165\n|switch|p2b: Camerupt|Camerupt, L50, M|100/100\n|turn|2\n|\n|t:|1776645175\n|detailschange|p2b: Camerupt|Camerupt-Mega, L50, M\n|-mega|p2b: Camerupt|Camerupt|Cameruptite\n|move|p1a: Floette|Moonblast|p2a: Araquanid\n|-damage|p2a: Araquanid|35/100\n|move|p1b: Incineroar|Parting Shot|p2b: Camerupt\n|-unboost|p2b: Camerupt|atk|1\n|-unboost|p2b: Camerupt|spa|1\n|\n|t:|1776645180\n|switch|p1b: Sinistcha|Sinistcha, L50|100/100|[from] Parting Shot\n|move|p2a: Araquanid|Liquidation|p1a: Floette\n|-damage|p1a: Floette|29/100\n|move|p2b: Camerupt|Heat Wave|p1a: Floette|[spread] p1a,p1b\n|-supereffective|p1b: Sinistcha|1\n|-damage|p1a: Floette|2/100\n|-damage|p1b: Sinistcha|33/100\n|-enditem|p1b: Sinistcha|Sitrus Berry|[eat]\n|-heal|p1b: Sinistcha|58/100|[from] item: Sitrus Berry\n|\n|upkeep\n|turn|3\n|\n|t:|1776645197\n|switch|p2a: Tsareena|Tsareena, L50, F|100/100\n|move|p1a: Floette|Dazzling Gleam|p2b: Camerupt|[spread] p2a,p2b\n|-resisted|p2b: Camerupt|1\n|-damage|p2a: Tsareena|58/100\n|-damage|p2b: Camerupt|79/100\n|move|p1b: Sinistcha|Life Dew|p1b: Sinistcha|[spread] p1a,p1b\n|-heal|p1a: Floette|27/100\n|-heal|p1b: Sinistcha|83/100\n|move|p2b: Camerupt|Heat Wave|p1b: Sinistcha|[spread] p1a,p1b\n|-supereffective|p1b: Sinistcha|1\n|-damage|p1a: Floette|2/100\n|-damage|p1b: Sinistcha|15/100\n|\n|upkeep\n|turn|4\n|\n|t:|1776645220\n|move|p1a: Floette|Dazzling Gleam|p2a: Tsareena|[spread] p2a,p2b\n|-crit|p2a: Tsareena\n|-resisted|p2b: Camerupt|1\n|-damage|p2a: Tsareena|0 fnt\n|-damage|p2b: Camerupt|55/100\n|faint|p2a: Tsareena\n|move|p1b: Sinistcha|Matcha Gotcha|p2b: Camerupt\n|-damage|p2b: Camerupt|24/100\n|-heal|p1b: Sinistcha|30/100|[from] drain|[of] p2b: Camerupt\n|move|p2b: Camerupt|Heat Wave|p1a: Floette|[spread] p1a,p1b\n|-supereffective|p1b: Sinistcha|1\n|-damage|p1a: Floette|0 fnt\n|-damage|p1b: Sinistcha|0 fnt\n|faint|p1a: Floette\n|faint|p1b: Sinistcha\n|\n|upkeep\n|\n|t:|1776645234\n|switch|p1a: Kingambit|Kingambit, L50, F|100/100\n|switch|p2a: Araquanid|Araquanid, L50, M|35/100\n|switch|p1b: Incineroar|Incineroar, L50, M|100/100\n|-ability|p1b: Incineroar|Intimidate|boost\n|-unboost|p2a: Araquanid|atk|1\n|-unboost|p2b: Camerupt|atk|1\n|turn|5\n|\n|t:|1776645244\n|move|p1b: Incineroar|Fake Out|p2a: Araquanid\n|-damage|p2a: Araquanid|24/100\n|move|p1a: Kingambit|Kowtow Cleave|p2b: Camerupt\n|-damage|p2b: Camerupt|0 fnt\n|faint|p2b: Camerupt\n|cant|p2a: Araquanid|flinch\n|\n|upkeep\n|turn|6\n|-message|riquinho forfeited.\n|\n|win|sdlt 2krl coolguy\n|raw|sdlt 2krl coolguy's rating: 1262 &rarr; <strong>1282</strong><br />(+20 for winning)\n|raw|riquinho's rating: 1192 &rarr; <strong>1172</strong><br />(-20 for losing)\n",
  "uploadtime": 1776645253,
  "views": 5,
  "formatid": "gen9championsvgc2026regma",
  "rating": 1172,
  "private": 0,
  "password": null
}