{
  "id": "gen9championsvgc2026regma-2586031627",
  "format": "[Gen 9 Champions] VGC 2026 Reg M-A",
  "players": [
    "hipsterbrownkid",
    "graubio"
  ],
  "log": "|j|\u2606hipsterbrownkid\n|j|\u2606graubio\n|t:|1776392023\n|gametype|doubles\n|player|p1|hipsterbrownkid|wallace|1193\n|player|p2|graubio|blue|1294\n|gen|9\n|tier|[Gen 9 Champions] VGC 2026 Reg M-A\n|rated|\n|rule|Species Clause: Limit one of each Pok\u00e9mon\n|rule|Item Clause: Limit 1 of each item\n|clearpoke\n|poke|p1|Aerodactyl, L50, F|\n|poke|p1|Zoroark-Hisui, L50, M|\n|poke|p1|Garchomp, L50, F|\n|poke|p1|Incineroar, L50, F|\n|poke|p1|Rotom-Wash, L50|\n|poke|p1|Gengar, L50, M|\n|poke|p2|Lopunny, L50, M|\n|poke|p2|Basculegion, L50, M|\n|poke|p2|Pelipper, L50, F|\n|poke|p2|Archaludon, L50, F|\n|poke|p2|Sinistcha, L50|\n|poke|p2|Incineroar, L50, M|\n|teampreview|4\n|inactive|Battle timer is ON: inactive players will automatically lose when time's up. (requested by hipsterbrownkid)\n|inactive|hipsterbrownkid has 60 seconds left.\n|inactive|graubio has 60 seconds left.\n|\n|t:|1776392078\n|teamsize|p1|4\n|teamsize|p2|4\n|start\n|switch|p1a: Garchomp|Garchomp, L50, F|100/100\n|switch|p1b: Rotom|Rotom-Wash, L50|100/100\n|switch|p2a: Ca\u00e7a Rato|Incineroar, L50, M|100/100\n|switch|p2b: Peixe|Basculegion, L50, M|100/100\n|-ability|p2a: Ca\u00e7a Rato|Intimidate|boost\n|-unboost|p1a: Garchomp|atk|1\n|-unboost|p1b: Rotom|atk|1\n|turn|1\n|inactive|graubio has 30 seconds left.\n|\n|t:|1776392111\n|switch|p2b: Pombo|Pelipper, L50, F|100/100\n|-weather|RainDance|[from] ability: Drizzle|[of] p2b: Pombo\n|move|p2a: Ca\u00e7a Rato|Fake Out|p1b: Rotom\n|-immune|p1b: Rotom\n|move|p1a: Garchomp|Stomping Tantrum|p2a: Ca\u00e7a Rato\n|-supereffective|p2a: Ca\u00e7a Rato|1\n|-damage|p2a: Ca\u00e7a Rato|49/100\n|move|p1b: Rotom|Bitter Malice|p2b: Pombo\n|-damage|p2b: Pombo|28/100\n|-unboost|p2b: Pombo|atk|1\n|\n|-weather|RainDance|[upkeep]\n|upkeep\n|turn|2\n|inactive|graubio has 30 seconds left.\n|inactive|graubio has 20 seconds left.\n|\n|t:|1776392146\n|move|p2b: Pombo|Protect|p2b: Pombo\n|-singleturn|p2b: Pombo|Protect\n|move|p1a: Garchomp|Stomping Tantrum|p2a: Ca\u00e7a Rato\n|-supereffective|p2a: Ca\u00e7a Rato|1\n|-damage|p2a: Ca\u00e7a Rato|1/100\n|move|p1b: Rotom|Hyper Voice|p2a: Ca\u00e7a Rato|[spread] p2a\n|-activate|p2b: Pombo|move: Protect\n|-damage|p2a: Ca\u00e7a Rato|0 fnt\n|faint|p2a: Ca\u00e7a Rato\n|\n|-weather|RainDance|[upkeep]\n|upkeep\n|inactive|graubio has 30 seconds left.\n|\n|t:|1776392174\n|switch|p2a: Peixe|Basculegion, L50, M|100/100\n|turn|3\n|\n|t:|1776392185\n|switch|p1b: Rotom|Rotom-Wash, L50|100/100\n|move|p2a: Peixe|Wave Crash|p1b: Rotom\n|-resisted|p1b: Rotom|1\n|-damage|p1b: Rotom|46/100\n|-damage|p2a: Peixe|86/100|[from] Recoil\n|move|p1a: Garchomp|Stomping Tantrum|p2a: Peixe\n|-damage|p2a: Peixe|51/100\n|move|p2b: Pombo|Tailwind|p2b: Pombo\n|-sidestart|p2: graubio|move: Tailwind\n|\n|-weather|RainDance|[upkeep]\n|-heal|p1b: Rotom|51/100|[from] item: Leftovers\n|upkeep\n|turn|4\n|\n|t:|1776392207\n|move|p2a: Peixe|Wave Crash|p1b: Rotom\n|-resisted|p1b: Rotom|1\n|-damage|p1b: Rotom|0 fnt\n|faint|p1b: Rotom\n|-damage|p2a: Peixe|38/100|[from] Recoil\n|move|p2b: Pombo|Weather Ball|p1a: Garchomp\n|-damage|p1a: Garchomp|34/100\n|move|p1a: Garchomp|Stomping Tantrum|p2a: Peixe\n|-damage|p2a: Peixe|4/100\n|\n|-weather|RainDance|[upkeep]\n|upkeep\n|\n|t:|1776392220\n|switch|p1b: Gengar|Gengar, L50, M|100/100\n|turn|5\n|\n|t:|1776392229\n|move|p2a: Peixe|Last Respects|p1b: Gengar\n|-immune|p1b: Gengar\n|move|p2b: Pombo|Weather Ball|p1a: Garchomp\n|-damage|p1a: Garchomp|0 fnt\n|faint|p1a: Garchomp\n|move|p1b: Gengar|Bitter Malice|p2a: Peixe\n|-supereffective|p2a: Peixe|1\n|-damage|p2a: Peixe|0 fnt\n|faint|p2a: Peixe\n|\n|-weather|none\n|upkeep\n|\n|t:|1776392241\n|switch|p1a: Gengar|Gengar, L50, M|100/100\n|switch|p2a: Labubu|Lopunny, L50, M|100/100\n|turn|6\n|inactive|graubio has 30 seconds left.\n|\n|t:|1776392269\n|detailschange|p2a: Labubu|Lopunny-Mega, L50, M\n|-mega|p2a: Labubu|Lopunny|Lopunnite\n|detailschange|p1a: Gengar|Gengar-Mega, L50, M\n|-mega|p1a: Gengar|Gengar|Gengarite\n|move|p2a: Labubu|Close Combat|p1b: Gengar\n|-supereffective|p1b: Gengar|1\n|-damage|p1b: Gengar|0 fnt\n|-unboost|p2a: Labubu|def|1\n|-unboost|p2a: Labubu|spd|1\n|replace|p1b: Zoroark|Zoroark-Hisui, L50, M\n|-end|p1b: Zoroark|Illusion\n|faint|p1b: Zoroark\n|move|p2b: Pombo|Hurricane|p1a: Gengar\n|-damage|p1a: Gengar|36/100\n|move|p1a: Gengar|Sludge Bomb|p2a: Labubu\n|-damage|p2a: Labubu|0 fnt\n|faint|p2a: Labubu\n|\n|-sideend|p2: graubio|move: Tailwind\n|upkeep\n|turn|7\n|\n|t:|1776392284\n|move|p1a: Gengar|Shadow Ball|p2b: Pombo\n|-damage|p2b: Pombo|0 fnt\n|faint|p2b: Pombo\n|\n|win|hipsterbrownkid\n|raw|hipsterbrownkid's rating: 1193 &rarr; <strong>1225</strong><br />(+32 for winning)\n|raw|graubio's rating: 1294 &rarr; <strong>1262</strong><br />(-32 for losing)\n|l|\u2606graubio\n|player|p2|\n",
  "uploadtime": 1776392302,
  "views": 28,
  "formatid": "gen9championsvgc2026regma",
  "rating": 1225,
  "private": 0,
  "password": null
}