{
  "id": "gen9championsvgc2026regma-2587863636",
  "format": "[Gen 9 Champions] VGC 2026 Reg M-A",
  "players": [
    "henitusec",
    "Monument6"
  ],
  "log": "|j|\u2606henitusec\n|j|\u2606Monument6\n|t:|1776571991\n|gametype|doubles\n|player|p1|henitusec|steven-masters|1176\n|player|p2|Monument6|1|1241\n|gen|9\n|tier|[Gen 9 Champions] VGC 2026 Reg M-A\n|rated|\n|rule|Species Clause: Limit one of each Pok\u00e9mon\n|rule|Item Clause: Limit 1 of each item\n|clearpoke\n|poke|p1|Froslass, L50, F|\n|poke|p1|Garchomp, L50, M|\n|poke|p1|Rotom-Frost, L50|\n|poke|p1|Empoleon, L50, M|\n|poke|p1|Incineroar, L50, M|\n|poke|p1|Kingambit, L50, M|\n|poke|p2|Floette-Eternal, L50, F|\n|poke|p2|Sinistcha-Masterpiece, L50|\n|poke|p2|Sneasler, L50, F|\n|poke|p2|Incineroar, L50, F|\n|poke|p2|Basculegion, L50, M|\n|poke|p2|Politoed, L50, F|\n|teampreview|4\n|inactive|Battle timer is ON: inactive players will automatically lose when time's up. (requested by Monument6)\n|inactive|henitusec also wants the timer to be on.\n|inactive|Monument6 has 60 seconds left.\n|inactive|Monument6 has 30 seconds left.\n|inactive|Monument6 has 20 seconds left.\n|inactive|Monument6 has 15 seconds left.\nhenitusec rejected open team sheets.\n|inactive|Monument6 has 10 seconds left.\n|\n|t:|1776572072\n|teamsize|p1|4\n|teamsize|p2|4\n|start\n|switch|p1a: Froslass|Froslass, L50, F|100/100\n|switch|p1b: Rotom|Rotom-Frost, L50|100/100\n|switch|p2a: Sneasler|Sneasler, L50, F|100/100\n|switch|p2b: Basculegion|Basculegion, L50, M|100/100\n|turn|1\n|\n|t:|1776572091\n|move|p1a: Froslass|Protect|p1a: Froslass\n|-singleturn|p1a: Froslass|Protect\n|move|p2b: Basculegion|Protect|p2b: Basculegion\n|-singleturn|p2b: Basculegion|Protect\n|move|p1b: Rotom|Electroweb|p2b: Basculegion|[spread] p2a\n|-activate|p2b: Basculegion|move: Protect\n|-damage|p2a: Sneasler|73/100\n|-unboost|p2a: Sneasler|spe|1\n|move|p2a: Sneasler|Rock Slide|p1a: Froslass|[spread] p1b\n|-activate|p1a: Froslass|move: Protect\n|-supereffective|p1b: Rotom|1\n|-damage|p1b: Rotom|50/100\n|\n|upkeep\n|turn|2\n|inactive|Monument6 has 30 seconds left.\n|inactive|Monument6 has 20 seconds left.\n|inactive|Monument6 has 15 seconds left.\n|inactive|Monument6 has 10 seconds left.\n|\n|t:|1776572137\n|switch|p2b: Sinistcha|Sinistcha-Masterpiece, L50|100/100\n|-heal|p2a: Sneasler|98/100|[from] ability: Hospitality|[of] p2b: Sinistcha\n|detailschange|p1a: Froslass|Froslass-Mega, L50, F\n|-mega|p1a: Froslass|Froslass|Froslassite\n|-weather|Snowscape|[from] ability: Snow Warning|[of] p1a: Froslass\n|move|p1b: Rotom|Electroweb|p2b: Sinistcha|[spread] p2a,p2b\n|-resisted|p2b: Sinistcha|1\n|-damage|p2a: Sneasler|74/100\n|-damage|p2b: Sinistcha|92/100\n|-unboost|p2a: Sneasler|spe|1\n|-unboost|p2b: Sinistcha|spe|1\n|move|p1a: Froslass|Blizzard|p2a: Sneasler|[spread] p2a,p2b\n|-supereffective|p2b: Sinistcha|1\n|-damage|p2a: Sneasler|8/100\n|-damage|p2b: Sinistcha|7/100\n|-enditem|p2b: Sinistcha|Sitrus Berry|[eat]\n|-heal|p2b: Sinistcha|31/100|[from] item: Sitrus Berry\n|move|p2a: Sneasler|Rock Slide|p1b: Rotom|[spread] p1a\n|-miss|p2a: Sneasler|p1b: Rotom\n|-supereffective|p1a: Froslass|1\n|-damage|p1a: Froslass|56/100\n|\n|-weather|Snowscape|[upkeep]\n|upkeep\n|turn|3\n|inactive|Monument6 has 30 seconds left.\n|\n|t:|1776572162\n|switch|p2b: Politoed|Politoed, L50, F|100/100\n|-weather|RainDance|[from] ability: Drizzle|[of] p2b: Politoed\n|move|p1b: Rotom|Electroweb|p2b: Politoed|[spread] p2a,p2b\n|-supereffective|p2b: Politoed|1\n|-damage|p2a: Sneasler|0 fnt\n|-damage|p2b: Politoed|70/100\n|-unboost|p2b: Politoed|spe|1\n|faint|p2a: Sneasler\n|move|p1a: Froslass|Blizzard|p2b: Politoed\n|-resisted|p2b: Politoed|1\n|-damage|p2b: Politoed|42/100\n|\n|-weather|RainDance|[upkeep]\n|-heal|p2b: Politoed|48/100|[from] item: Leftovers\n|upkeep\n|inactive|Monument6 has 30 seconds left.\n|\n|t:|1776572189\n|switch|p2a: Basculegion|Basculegion, L50, M|100/100\n|turn|4\n|inactive|Monument6 has 30 seconds left.\n|\n|t:|1776572222\n|switch|p1a: Kingambit|Kingambit, L50, M|100/100\n|move|p2a: Basculegion|Last Respects|p1b: Rotom\n|-damage|p1b: Rotom|0 fnt\n|faint|p1b: Rotom\n|move|p2b: Politoed|Icy Wind|p1a: Kingambit\n|-resisted|p1a: Kingambit|1\n|-damage|p1a: Kingambit|94/100\n|-unboost|p1a: Kingambit|spe|1\n|-ability|p1a: Kingambit|Defiant|boost\n|-boost|p1a: Kingambit|atk|2\n|\n|-weather|RainDance|[upkeep]\n|-heal|p2b: Politoed|54/100|[from] item: Leftovers\n|upkeep\n|\n|t:|1776572240\n|switch|p1b: Empoleon|Empoleon, L50, M|100/100\n|turn|5\n|\n|t:|1776572262\n|switch|p2a: Sinistcha|Sinistcha-Masterpiece, L50|31/100\n|-heal|p2b: Politoed|79/100|[from] ability: Hospitality|[of] p2a: Sinistcha\n|move|p1a: Kingambit|Sucker Punch||[still]\n|-fail|p1a: Kingambit\n|move|p1b: Empoleon|Blizzard|p2b: Politoed|[spread] p2a,p2b\n|-supereffective|p2a: Sinistcha|1\n|-resisted|p2b: Politoed|1\n|-damage|p2a: Sinistcha|0 fnt\n|-damage|p2b: Politoed|69/100\n|faint|p2a: Sinistcha\n|move|p2b: Politoed|Perish Song|p2b: Politoed\n|-start|p1a: Kingambit|perish3|[silent]\n|-start|p1b: Empoleon|perish3|[silent]\n|-start|p2b: Politoed|perish3|[silent]\n|-fieldactivate|move: Perish Song\n|\n|-weather|RainDance|[upkeep]\n|-heal|p2b: Politoed|75/100|[from] item: Leftovers\n|-start|p1b: Empoleon|perish3\n|-start|p1a: Kingambit|perish3\n|-start|p2b: Politoed|perish3\n|upkeep\n|\n|t:|1776572271\n|switch|p2a: Basculegion|Basculegion, L50, M|100/100\n|turn|6\n|\n|t:|1776572283\n|move|p2a: Basculegion|Protect|p2a: Basculegion\n|-singleturn|p2a: Basculegion|Protect\n|move|p1b: Empoleon|Protect|p1b: Empoleon\n|-singleturn|p1b: Empoleon|Protect\n|move|p1a: Kingambit|Protect|p1a: Kingambit\n|-singleturn|p1a: Kingambit|Protect\n|move|p2b: Politoed|Weather Ball|p1a: Kingambit\n|-activate|p1a: Kingambit|move: Protect\n|\n|-weather|RainDance|[upkeep]\n|-heal|p2b: Politoed|81/100|[from] item: Leftovers\n|-start|p1b: Empoleon|perish2\n|-start|p1a: Kingambit|perish2\n|-start|p2b: Politoed|perish2\n|upkeep\n|turn|7\n|\n|t:|1776572300\n|move|p2a: Basculegion|Aqua Jet|p1a: Kingambit\n|-damage|p1a: Kingambit|66/100\n|move|p1a: Kingambit|Sucker Punch||[still]\n|-fail|p1a: Kingambit\n|move|p1b: Empoleon|Flash Cannon|p2a: Basculegion\n|-resisted|p2a: Basculegion|1\n|-damage|p2a: Basculegion|79/100\n|move|p2b: Politoed|Weather Ball|p1a: Kingambit\n|-damage|p1a: Kingambit|14/100\n|\n|-weather|none\n|-heal|p2b: Politoed|87/100|[from] item: Leftovers\n|-start|p1b: Empoleon|perish1\n|-start|p1a: Kingambit|perish1\n|-start|p2b: Politoed|perish1\n|upkeep\n|turn|8\n|inactive|henitusec has 30 seconds left.\n|inactive|Monument6 has 30 seconds left.\n|\n|t:|1776572334\n|switch|p1b: Froslass|Froslass-Mega, L50, F|56/100\n|-weather|Snowscape|[from] ability: Snow Warning|[of] p1b: Froslass\n|move|p2a: Basculegion|Aqua Jet|p1a: Kingambit\n|-damage|p1a: Kingambit|0 fnt\n|faint|p1a: Kingambit\n|move|p2b: Politoed|Weather Ball|p1b: Froslass\n|-resisted|p1b: Froslass|1\n|-damage|p1b: Froslass|43/100\n|\n|-weather|Snowscape|[upkeep]\n|-heal|p2b: Politoed|93/100|[from] item: Leftovers\n|-start|p2b: Politoed|perish0\n|upkeep\n|faint|p2b: Politoed\n|\n|t:|1776572349\n|switch|p1a: Empoleon|Empoleon, L50, M|100/100\n|turn|9\n|\n|t:|1776572355\n|move|p1b: Froslass|Shadow Ball|p2a: Basculegion\n|-supereffective|p2a: Basculegion|1\n|-damage|p2a: Basculegion|0 fnt\n|faint|p2a: Basculegion\n|\n|win|henitusec\n|raw|henitusec's rating: 1176 &rarr; <strong>1206</strong><br />(+30 for winning)\n|raw|Monument6's rating: 1241 &rarr; <strong>1211</strong><br />(-30 for losing)\n",
  "uploadtime": 1776572358,
  "views": 12,
  "formatid": "gen9championsvgc2026regma",
  "rating": 1206,
  "private": 0,
  "password": null
}