{
  "id": "gen9championsvgc2026regma-2585056009",
  "format": "[Gen 9 Champions] VGC 2026 Reg M-A",
  "players": [
    "stan_stan_stan",
    "4bied"
  ],
  "log": "|j|\u2606stan_stan_stan\n|j|\u26064bied\n|t:|1776307322\n|gametype|doubles\n|player|p1|stan_stan_stan|266|1059\n|player|p2|4bied|giovanni|1041\n|gen|9\n|tier|[Gen 9 Champions] VGC 2026 Reg M-A\n|rated|\n|rule|Species Clause: Limit one of each Pok\u00e9mon\n|rule|Item Clause: Limit 1 of each item\n|clearpoke\n|poke|p1|Farigiraf, L50, M|\n|poke|p1|Kangaskhan, L50, F|\n|poke|p1|Alakazam, L50, M|\n|poke|p1|Crabominable, L50, M|\n|poke|p1|Sableye, L50, M|\n|poke|p1|Gengar, L50, F|\n|poke|p2|Gengar, L50, F|\n|poke|p2|Incineroar, L50, F|\n|poke|p2|Kingambit, L50, M|\n|poke|p2|Sinistcha, L50|\n|poke|p2|Kommo-o, L50, M|\n|poke|p2|Tyranitar, L50, F|\n|teampreview|4\n|inactive|Battle timer is ON: inactive players will automatically lose when time's up. (requested by stan_stan_stan)\n|inactive|stan_stan_stan has 60 seconds left.\n|\n|t:|1776307373\n|teamsize|p1|4\n|teamsize|p2|4\n|start\n|switch|p1a: Sableye|Sableye, L50, M|100/100\n|switch|p1b: Alakazam|Alakazam, L50, M|100/100\n|switch|p2a: Tyranitar|Tyranitar, L50, F|100/100\n|switch|p2b: Kommo-o|Kommo-o, L50, M|100/100\n|-weather|Sandstorm|[from] ability: Sand Stream|[of] p2a: Tyranitar\n|turn|1\n|\n|t:|1776307396\n|switch|p2a: Sinistcha|Sinistcha, L50|100/100\n|move|p1b: Alakazam|Focus Blast|p2a: Sinistcha\n|-immune|p2a: Sinistcha\n|move|p2b: Kommo-o|Clangorous Soul|p2b: Kommo-o\n|-boost|p2b: Kommo-o|atk|1\n|-boost|p2b: Kommo-o|def|1\n|-boost|p2b: Kommo-o|spa|1\n|-boost|p2b: Kommo-o|spd|1\n|-boost|p2b: Kommo-o|spe|1\n|-damage|p2b: Kommo-o|68/100\n|move|p1a: Sableye|Gravity|p1a: Sableye\n|-fieldstart|move: Gravity\n|\n|-weather|Sandstorm|[upkeep]\n|-damage|p2b: Kommo-o|62/100|[from] Sandstorm\n|-damage|p1b: Alakazam|94/100|[from] Sandstorm\n|-damage|p2a: Sinistcha|94/100|[from] Sandstorm\n|-damage|p1a: Sableye|95/100|[from] Sandstorm\n|-heal|p2b: Kommo-o|68/100|[from] item: Leftovers\n|upkeep\n|turn|2\n|inactive|4bied has 30 seconds left.\n|\n|t:|1776307425\n|switch|p1b: Crabominable|Crabominable, L50, M|100/100\n|move|p2a: Sinistcha|Rage Powder|p2a: Sinistcha\n|-singleturn|p2a: Sinistcha|move: Rage Powder\n|move|p2b: Kommo-o|Clanging Scales|p1a: Sableye|[spread] p1a,p1b\n|-damage|p1a: Sableye|22/100\n|-damage|p1b: Crabominable|29/100\n|-enditem|p1a: Sableye|Sitrus Berry|[eat]\n|-heal|p1a: Sableye|47/100|[from] item: Sitrus Berry\n|-unboost|p2b: Kommo-o|def|1\n|move|p1a: Sableye|Knock Off|p2a: Sinistcha\n|-supereffective|p2a: Sinistcha|1\n|-damage|p2a: Sinistcha|49/100\n|-enditem|p2a: Sinistcha|Sitrus Berry|[from] move: Knock Off|[of] p1a: Sableye\n|\n|-weather|Sandstorm|[upkeep]\n|-damage|p2b: Kommo-o|62/100|[from] Sandstorm\n|-damage|p2a: Sinistcha|43/100|[from] Sandstorm\n|-damage|p1b: Crabominable|24/100|[from] Sandstorm\n|-damage|p1a: Sableye|41/100|[from] Sandstorm\n|-heal|p2b: Kommo-o|68/100|[from] item: Leftovers\n|upkeep\n|turn|3\n|inactive|stan_stan_stan has 30 seconds left.\n|inactive|stan_stan_stan has 20 seconds left.\n|\n|t:|1776307462\n|move|p2b: Kommo-o|Clanging Scales|p1a: Sableye|[spread] p1a,p1b\n|-damage|p1a: Sableye|0 fnt\n|-damage|p1b: Crabominable|0 fnt\n|faint|p1a: Sableye\n|faint|p1b: Crabominable\n|-unboost|p2b: Kommo-o|def|1\n|move|p2a: Sinistcha|Life Dew|p2a: Sinistcha|[spread] p2a,p2b\n|-heal|p2a: Sinistcha|68/100\n|-heal|p2b: Kommo-o|93/100\n|\n|-weather|Sandstorm|[upkeep]\n|-damage|p2b: Kommo-o|87/100|[from] Sandstorm\n|-damage|p2a: Sinistcha|62/100|[from] Sandstorm\n|-heal|p2b: Kommo-o|93/100|[from] item: Leftovers\n|upkeep\n|\n|t:|1776307472\n|switch|p1a: Farigiraf|Farigiraf, L50, M|100/100\n|switch|p1b: Alakazam|Alakazam, L50, M|94/100\n|turn|4\n|\n|t:|1776307492\n|move|p2a: Sinistcha|Rage Powder|p2a: Sinistcha\n|-singleturn|p2a: Sinistcha|move: Rage Powder\n|move|p2b: Kommo-o|Clanging Scales|p1b: Alakazam|[spread] p1a,p1b\n|-damage|p1a: Farigiraf|37/100\n|-damage|p1b: Alakazam|16/100\n|-unboost|p2b: Kommo-o|def|1\n|move|p1b: Alakazam|Dazzling Gleam|p2b: Kommo-o|[spread] p2a,p2b\n|-supereffective|p2b: Kommo-o|2\n|-damage|p2a: Sinistcha|41/100\n|-damage|p2b: Kommo-o|23/100\n|move|p1a: Farigiraf|Dazzling Gleam|p2b: Kommo-o|[spread] p2a,p2b\n|-supereffective|p2b: Kommo-o|2\n|-crit|p2b: Kommo-o\n|-damage|p2a: Sinistcha|24/100\n|-damage|p2b: Kommo-o|0 fnt\n|faint|p2b: Kommo-o\n|\n|-weather|Sandstorm|[upkeep]\n|-damage|p1b: Alakazam|10/100|[from] Sandstorm\n|-damage|p2a: Sinistcha|17/100|[from] Sandstorm\n|-damage|p1a: Farigiraf|30/100|[from] Sandstorm\n|upkeep\n|\n|t:|1776307512\n|switch|p2b: Tyranitar|Tyranitar, L50, F|100/100\n|turn|5\n|\n|t:|1776307520\n|switch|p2b: Kingambit|Kingambit, L50, M|100/100\n|move|p2a: Sinistcha|Protect|p2a: Sinistcha\n|-singleturn|p2a: Sinistcha|Protect\n|move|p1b: Alakazam|Dazzling Gleam|p2b: Kingambit|[spread] p2b\n|-activate|p2a: Sinistcha|move: Protect\n|-damage|p2b: Kingambit|80/100\n|move|p1a: Farigiraf|Dazzling Gleam|p2a: Sinistcha|[spread] p2b\n|-activate|p2a: Sinistcha|move: Protect\n|-damage|p2b: Kingambit|59/100\n|\n|-weather|none\n|-fieldend|move: Gravity\n|upkeep\n|turn|6\n|\n|t:|1776307541\n|move|p1b: Alakazam|Focus Blast|p2b: Kingambit\n|-supereffective|p2b: Kingambit|2\n|-enditem|p2b: Kingambit|Chople Berry|[eat]\n|-enditem|p2b: Kingambit|Chople Berry|[weaken]\n|-damage|p2b: Kingambit|0 fnt\n|faint|p2b: Kingambit\n|move|p2a: Sinistcha|Life Dew|p2a: Sinistcha\n|-heal|p2a: Sinistcha|42/100\n|move|p1a: Farigiraf|Dazzling Gleam|p2a: Sinistcha\n|-damage|p2a: Sinistcha|19/100\n|\n|upkeep\n|\n|t:|1776307552\n|switch|p2b: Tyranitar|Tyranitar, L50, F|100/100\n|-weather|Sandstorm|[from] ability: Sand Stream|[of] p2b: Tyranitar\n|turn|7\n|\n|t:|1776307564\n|move|p2a: Sinistcha|Rage Powder|p2a: Sinistcha\n|-singleturn|p2a: Sinistcha|move: Rage Powder\n|move|p1b: Alakazam|Dazzling Gleam|p2b: Tyranitar|[spread] p2a,p2b\n|-supereffective|p2b: Tyranitar|1\n|-damage|p2a: Sinistcha|0 fnt\n|-damage|p2b: Tyranitar|71/100\n|faint|p2a: Sinistcha\n|move|p2b: Tyranitar|Rock Slide|p1a: Farigiraf|[spread] p1a,p1b\n|-damage|p1a: Farigiraf|0 fnt\n|-damage|p1b: Alakazam|0 fnt\n|faint|p1a: Farigiraf\n|faint|p1b: Alakazam\n|\n|win|4bied\n|raw|stan_stan_stan's rating: 1059 &rarr; <strong>1039</strong><br />(-20 for losing)\n|raw|4bied's rating: 1041 &rarr; <strong>1077</strong><br />(+36 for winning)\n|l|\u2606stan_stan_stan\n|player|p1|\n",
  "uploadtime": 1776307583,
  "views": 20,
  "formatid": "gen9championsvgc2026regma",
  "rating": 1039,
  "private": 0,
  "password": null
}