{
  "id": "gen9championsvgc2026regma-2587729685",
  "format": "[Gen 9 Champions] VGC 2026 Reg M-A",
  "players": [
    "woshin00b",
    "Jrmoore896"
  ],
  "log": "|j|\u2606woshin00b\n|j|\u2606Jrmoore896\n|t:|1776558160\n|gametype|doubles\n|player|p1|woshin00b|youngcouple-gen4dp|1169\n|player|p2|Jrmoore896|red|1160\n|gen|9\n|tier|[Gen 9 Champions] VGC 2026 Reg M-A\n|rated|\n|rule|Species Clause: Limit one of each Pok\u00e9mon\n|rule|Item Clause: Limit 1 of each item\n|clearpoke\n|poke|p1|Slowbro, L50, F|\n|poke|p1|Sableye, L50, M|\n|poke|p1|Torkoal, L50, F|\n|poke|p1|Venusaur, L50, F|\n|poke|p1|Basculegion, L50, M|\n|poke|p1|Goodra, L50, F|\n|poke|p2|Charizard, L50, M, shiny|\n|poke|p2|Whimsicott, L50, M|\n|poke|p2|Garchomp, L50, M|\n|poke|p2|Milotic, L50, M|\n|poke|p2|Venusaur, L50, M|\n|poke|p2|Kingambit, L50, M|\n|teampreview|4\n|inactive|Battle timer is ON: inactive players will automatically lose when time's up. (requested by Jrmoore896)\n|\n|t:|1776558203\n|teamsize|p1|4\n|teamsize|p2|4\n|start\n|switch|p1a: Sableye|Sableye, L50, M|100/100\n|switch|p1b: Slowbro|Slowbro, L50, F|100/100\n|switch|p2a: Charizard|Charizard, L50, M, shiny|100/100\n|switch|p2b: Whimsicott|Whimsicott, L50, M|100/100\n|turn|1\n|\n|t:|1776558225\n|detailschange|p2a: Charizard|Charizard-Mega-Y, L50, M, shiny\n|-mega|p2a: Charizard|Charizard|Charizardite Y\n|-weather|SunnyDay|[from] ability: Drought|[of] p2a: Charizard\n|move|p1a: Sableye|Fake Out|p2a: Charizard\n|-damage|p2a: Charizard|90/100\n|move|p2b: Whimsicott|Tailwind|p2b: Whimsicott\n|-sidestart|p2: Jrmoore896|move: Tailwind\n|cant|p2a: Charizard|flinch\n|move|p1b: Slowbro|Trick Room|p1b: Slowbro\n|-fieldstart|move: Trick Room|[of] p1b: Slowbro\n|\n|-weather|SunnyDay|[upkeep]\n|upkeep\n|turn|2\n|\n|t:|1776558243\n|detailschange|p1b: Slowbro|Slowbro-Mega, L50, F\n|-mega|p1b: Slowbro|Slowbro|Slowbronite\n|move|p1a: Sableye|Encore|p2b: Whimsicott\n|-start|p2b: Whimsicott|Encore\n|move|p2b: Whimsicott|Tailwind||[still]\n|-fail|p2b: Whimsicott\n|move|p1b: Slowbro|Ice Beam|p2b: Whimsicott\n|-supereffective|p2b: Whimsicott|1\n|-damage|p2b: Whimsicott|25/100\n|-enditem|p2b: Whimsicott|Sitrus Berry|[eat]\n|-heal|p2b: Whimsicott|50/100|[from] item: Sitrus Berry\n|move|p2a: Charizard|Solar Beam||[still]\n|-prepare|p2a: Charizard|Solar Beam\n|-anim|p2a: Charizard|Solar Beam|p1b: Slowbro\n|-supereffective|p1b: Slowbro|1\n|-damage|p1b: Slowbro|17/100\n|\n|-weather|SunnyDay|[upkeep]\n|upkeep\n|turn|3\n|\n|t:|1776558265\n|switch|p2b: Kingambit|Kingambit, L50, M|100/100\n|move|p1a: Sableye|Substitute|p1a: Sableye\n|-start|p1a: Sableye|Substitute\n|-damage|p1a: Sableye|76/100\n|move|p1b: Slowbro|Psychic|p2a: Charizard\n|-damage|p2a: Charizard|52/100\n|move|p2a: Charizard|Heat Wave|p1b: Slowbro|[spread] p1a,p1b\n|-end|p1a: Sableye|Substitute\n|-resisted|p1b: Slowbro|1\n|-damage|p1b: Slowbro|0 fnt\n|faint|p1b: Slowbro\n|\n|-weather|SunnyDay|[upkeep]\n|upkeep\n|\n|t:|1776558277\n|switch|p1b: Torkoal|Torkoal, L50, F|100/100\n|turn|4\n|\n|t:|1776558299\n|move|p2a: Charizard|Protect|p2a: Charizard\n|-singleturn|p2a: Charizard|Protect\n|move|p1a: Sableye|Substitute|p1a: Sableye\n|-start|p1a: Sableye|Substitute\n|-damage|p1a: Sableye|52/100\n|move|p2b: Kingambit|Sucker Punch|p1b: Torkoal\n|-damage|p1b: Torkoal|65/100\n|move|p1b: Torkoal|Eruption|p2b: Kingambit|[spread] p2b\n|-activate|p2a: Charizard|move: Protect\n|-supereffective|p2b: Kingambit|1\n|-damage|p2b: Kingambit|10/100\n|\n|-weather|SunnyDay|[upkeep]\n|-sideend|p2: Jrmoore896|move: Tailwind\n|upkeep\n|turn|5\n|inactive|Jrmoore896 has 30 seconds left.\n|\n|t:|1776558325\n|switch|p2b: Whimsicott|Whimsicott, L50, M|50/100\n|move|p1a: Sableye|Encore|p2a: Charizard\n|-start|p2a: Charizard|Encore\n|move|p2a: Charizard|Protect||[still]\n|-fail|p2a: Charizard\n|move|p1b: Torkoal|Eruption|p2a: Charizard|[spread] p2a,p2b\n|-resisted|p2a: Charizard|1\n|-supereffective|p2b: Whimsicott|1\n|-damage|p2a: Charizard|27/100\n|-damage|p2b: Whimsicott|0 fnt\n|faint|p2b: Whimsicott\n|\n|-weather|none\n|-fieldend|move: Trick Room\n|upkeep\n|\n|t:|1776558343\n|switch|p2b: Kingambit|Kingambit, L50, M|10/100\n|turn|6\n|\n|t:|1776558351\n|switch|p2a: Venusaur|Venusaur, L50, M|100/100\n|move|p1a: Sableye|Substitute|p1a: Sableye\n|-fail|p1a: Sableye|move: Substitute\n|move|p2b: Kingambit|Kowtow Cleave|p1b: Torkoal\n|-damage|p1b: Torkoal|15/100\n|move|p1b: Torkoal|Body Press|p2b: Kingambit\n|-supereffective|p2b: Kingambit|2\n|-damage|p2b: Kingambit|0 fnt\n|faint|p2b: Kingambit\n|\n|upkeep\n|\n|t:|1776558365\n|switch|p2b: Charizard|Charizard-Mega-Y, L50, M, shiny|27/100\n|-weather|SunnyDay|[from] ability: Drought|[of] p2b: Charizard\n|turn|7\n|\n|t:|1776558382\n|move|p1a: Sableye|Pain Split|p2a: Venusaur\n|-sethp|p2a: Venusaur|71/100|[from] move: Pain Split|[silent]\n|-sethp|p1a: Sableye|87/100|[from] move: Pain Split\n|move|p2a: Venusaur|Giga Drain|p1a: Sableye\n|-end|p1a: Sableye|Substitute\n|-heal|p2a: Venusaur|82/100|[from] drain|[of] p1a: Sableye\n|move|p2b: Charizard|Heat Wave|p1b: Torkoal|[spread] p1a,p1b\n|-resisted|p1b: Torkoal|1\n|-damage|p1a: Sableye|0 fnt\n|-damage|p1b: Torkoal|0 fnt\n|faint|p1a: Sableye\n|faint|p1b: Torkoal\n|\n|-weather|SunnyDay|[upkeep]\n|upkeep\n|\n|t:|1776558394\n|switch|p1b: Goodra|Goodra, L50, F|100/100\n|turn|8\n|\n|t:|1776558404\n|move|p2b: Charizard|Protect|p2b: Charizard\n|-singleturn|p2b: Charizard|Protect\n|move|p2a: Venusaur|Sleep Powder|p1b: Goodra\n|-ability|p1b: Goodra|Sap Sipper|boost\n|-boost|p1b: Goodra|atk|1\n|move|p1b: Goodra|Assurance|p2b: Charizard\n|-activate|p2b: Charizard|move: Protect\n|\n|-weather|SunnyDay|[upkeep]\n|upkeep\n|turn|9\n|\n|t:|1776558420\n|move|p2a: Venusaur|Sludge Bomb|p1b: Goodra\n|-damage|p1b: Goodra|78/100\n|-status|p1b: Goodra|psn\n|move|p2b: Charizard|Dragon Pulse|p1b: Goodra\n|-supereffective|p1b: Goodra|1\n|-damage|p1b: Goodra|38/100 psn\n|move|p1b: Goodra|Assurance|p2b: Charizard\n|-damage|p2b: Charizard|1/100\n|\n|-weather|SunnyDay|[upkeep]\n|-heal|p1b: Goodra|44/100 psn|[from] item: Leftovers\n|-damage|p1b: Goodra|32/100 psn|[from] psn\n|upkeep\n|turn|10\n|\n|t:|1776558439\n|move|p2a: Venusaur|Sludge Bomb|p1b: Goodra\n|-damage|p1b: Goodra|11/100 psn\n|move|p2b: Charizard|Dragon Pulse|p1b: Goodra\n|-supereffective|p1b: Goodra|1\n|-damage|p1b: Goodra|0 fnt\n|faint|p1b: Goodra\n|\n|win|Jrmoore896\n|raw|woshin00b's rating: 1169 &rarr; <strong>1143</strong><br />(-26 for losing)\n|raw|Jrmoore896's rating: 1160 &rarr; <strong>1186</strong><br />(+26 for winning)\n|l|\u2606woshin00b\n|player|p1|\n",
  "uploadtime": 1776558458,
  "views": 12,
  "formatid": "gen9championsvgc2026regma",
  "rating": 1143,
  "private": 0,
  "password": null
}