{
  "id": "gen9championsvgc2026regma-2585264047",
  "format": "[Gen 9 Champions] VGC 2026 Reg M-A",
  "players": [
    "gogozeppeli190",
    "RazzvyBerry"
  ],
  "log": "|j|\u2606gogozeppeli190\n|j|\u2606RazzvyBerry\n|t:|1776331506\n|gametype|doubles\n|player|p1|gogozeppeli190|265|1156\n|player|p2|RazzvyBerry|harlequin|1176\n|gen|9\n|tier|[Gen 9 Champions] VGC 2026 Reg M-A\n|rated|\n|rule|Species Clause: Limit one of each Pok\u00e9mon\n|rule|Item Clause: Limit 1 of each item\n|clearpoke\n|poke|p1|Scizor, L50, F|\n|poke|p1|Sneasler, L50, F|\n|poke|p1|Incineroar, L50, F|\n|poke|p1|Rotom-Wash, L50|\n|poke|p1|Ditto, L50|\n|poke|p1|Dragonite, L50, F|\n|poke|p2|Mimikyu, L50, M|\n|poke|p2|Crabominable, L50, M|\n|poke|p2|Gengar, L50, F|\n|poke|p2|Ninetales-Alola, L50, M|\n|poke|p2|Aerodactyl, L50, F|\n|poke|p2|Incineroar, L50, F|\n|teampreview|4\n|\n|t:|1776331554\n|teamsize|p1|4\n|teamsize|p2|4\n|start\n|switch|p1a: Sneasler|Sneasler, L50, F|100/100\n|switch|p1b: Scizor|Scizor, L50, F|100/100\n|switch|p2a: Mimikyu|Mimikyu, L50, M|100/100\n|switch|p2b: Crabominable|Crabominable, L50, M|100/100\n|turn|1\n|\n|t:|1776331588\n|move|p2b: Crabominable|Protect|p2b: Crabominable\n|-singleturn|p2b: Crabominable|Protect\n|move|p1b: Scizor|Bullet Punch|p2a: Mimikyu\n|-activate|p2a: Mimikyu|ability: Disguise\n|-damage|p2a: Mimikyu|100/100\n|detailschange|p2a: Mimikyu|Mimikyu-Busted, L50, M\n|-damage|p2a: Mimikyu|88/100|[from] pokemon: Mimikyu-Busted\n|move|p1a: Sneasler|Dire Claw|p2a: Mimikyu\n|-damage|p2a: Mimikyu|44/100\n|move|p2a: Mimikyu|Trick Room|p2a: Mimikyu\n|-fieldstart|move: Trick Room|[of] p2a: Mimikyu\n|\n|upkeep\n|turn|2\n|\n|t:|1776331637\n|detailschange|p2b: Crabominable|Crabominable-Mega, L50, M\n|-mega|p2b: Crabominable|Crabominable|Crabominite\n|detailschange|p1b: Scizor|Scizor-Mega, L50, F\n|-mega|p1b: Scizor|Scizor|Scizorite\n|move|p2a: Mimikyu|Shadow Sneak|p1a: Sneasler\n|-damage|p1a: Sneasler|77/100\n|move|p1b: Scizor|Bullet Punch|p2b: Crabominable\n|-supereffective|p2b: Crabominable|1\n|-damage|p2b: Crabominable|41/100\n|move|p2b: Crabominable|Ice Hammer|p1a: Sneasler\n|-damage|p1a: Sneasler|0 fnt\n|-unboost|p2b: Crabominable|spe|1\n|faint|p1a: Sneasler\n|\n|upkeep\n|\n|t:|1776331651\n|switch|p1a: Ditto|Ditto, L50|100/100\n|-transform|p1a: Ditto|p2b: Crabominable|[from] ability: Imposter\n|turn|3\n|\n|t:|1776331695\n|switch|p2a: Ninetales|Ninetales-Alola, L50, M|100/100\n|-weather|Snowscape|[from] ability: Snow Warning|[of] p2a: Ninetales\n|move|p1b: Scizor|Bullet Punch|p2b: Crabominable\n|-supereffective|p2b: Crabominable|1\n|-damage|p2b: Crabominable|1/100\n|move|p2b: Crabominable|Drain Punch|p1a: Ditto\n|-supereffective|p1a: Ditto|1\n|-enditem|p1a: Ditto|Focus Sash\n|-damage|p1a: Ditto|1/100\n|-heal|p2b: Crabominable|32/100|[from] drain|[of] p1a: Ditto\n|move|p1a: Ditto|Knock Off|p2a: Ninetales\n|-resisted|p2a: Ninetales|1\n|-damage|p2a: Ninetales|83/100\n|-enditem|p2a: Ninetales|Kebia Berry|[from] move: Knock Off|[of] p1a: Ditto\n|\n|-weather|Snowscape|[upkeep]\n|upkeep\n|turn|4\n|\n|t:|1776331728\n|switch|p2b: Mimikyu|Mimikyu-Busted, L50, M|44/100\n|move|p1b: Scizor|Bullet Punch|p2a: Ninetales\n|-supereffective|p2a: Ninetales|2\n|-damage|p2a: Ninetales|0 fnt\n|faint|p2a: Ninetales\n|move|p1a: Ditto|Drain Punch|p2b: Mimikyu\n|-immune|p2b: Mimikyu\n|\n|-weather|Snowscape|[upkeep]\n|upkeep\n|\n|t:|1776331739\n|switch|p2a: Incineroar|Incineroar, L50, F|100/100\n|-ability|p2a: Incineroar|Intimidate|boost\n|-unboost|p1a: Ditto|atk|1\n|-unboost|p1b: Scizor|atk|1\n|turn|5\n|inactive|Battle timer is ON: inactive players will automatically lose when time's up. (requested by RazzvyBerry)\n|\n|t:|1776331780\n|move|p2b: Mimikyu|Shadow Sneak|p1a: Ditto\n|-damage|p1a: Ditto|0 fnt\n|faint|p1a: Ditto\n|move|p1b: Scizor|Bullet Punch|p2b: Mimikyu\n|-supereffective|p2b: Mimikyu|1\n|-damage|p2b: Mimikyu|0 fnt\n|faint|p2b: Mimikyu\n|move|p2a: Incineroar|Flare Blitz|p1b: Scizor\n|-supereffective|p1b: Scizor|2\n|-damage|p1b: Scizor|0 fnt\n|faint|p1b: Scizor\n|-damage|p2a: Incineroar|77/100|[from] Recoil\n|\n|-weather|Snowscape|[upkeep]\n|-fieldend|move: Trick Room\n|upkeep\n|\n|t:|1776331794\n|switch|p2b: Crabominable|Crabominable-Mega, L50, M|32/100\n|switch|p1a: Incineroar|Incineroar, L50, F|100/100\n|-ability|p1a: Incineroar|Intimidate|boost\n|-unboost|p2a: Incineroar|atk|1\n|-unboost|p2b: Crabominable|atk|1\n|turn|6\n|\n|t:|1776331812\n|move|p2b: Crabominable|Protect|p2b: Crabominable\n|-singleturn|p2b: Crabominable|Protect\n|move|p1a: Incineroar|Flare Blitz|p2b: Crabominable\n|-activate|p2b: Crabominable|move: Protect\n|move|p2a: Incineroar|Parting Shot|p1a: Incineroar\n|-unboost|p1a: Incineroar|atk|1\n|-unboost|p1a: Incineroar|spa|1\n|\n|-weather|Snowscape|[upkeep]\n|upkeep\n|turn|7\n|inactive|RazzvyBerry has 30 seconds left.\n|\n|t:|1776331841\n|move|p1a: Incineroar|Flare Blitz|p2b: Crabominable\n|-supereffective|p2b: Crabominable|1\n|-damage|p2b: Crabominable|0 fnt\n|faint|p2b: Crabominable\n|-damage|p1a: Incineroar|88/100|[from] Recoil\n|move|p2a: Incineroar|Parting Shot|p1a: Incineroar\n|-unboost|p1a: Incineroar|atk|1\n|-unboost|p1a: Incineroar|spa|1\n|\n|-weather|none\n|upkeep\n|turn|8\n|\n|t:|1776331855\n|move|p1a: Incineroar|Parting Shot|p2a: Incineroar\n|-unboost|p2a: Incineroar|atk|1\n|-unboost|p2a: Incineroar|spa|1\n|move|p2a: Incineroar|Flare Blitz|p1a: Incineroar\n|-resisted|p1a: Incineroar|1\n|-damage|p1a: Incineroar|75/100\n|-damage|p2a: Incineroar|73/100|[from] Recoil\n|\n|upkeep\n|turn|9\n|\n|t:|1776331879\n|move|p1a: Incineroar|Flare Blitz|p2a: Incineroar\n|-resisted|p2a: Incineroar|1\n|-damage|p2a: Incineroar|58/100\n|-damage|p1a: Incineroar|69/100|[from] Recoil\n|move|p2a: Incineroar|Parting Shot|p1a: Incineroar\n|-unboost|p1a: Incineroar|atk|1\n|-unboost|p1a: Incineroar|spa|1\n|\n|upkeep\n|turn|10\n|\n|t:|1776331890\n|move|p1a: Incineroar|Parting Shot|p2a: Incineroar\n|-unboost|p2a: Incineroar|atk|1\n|-unboost|p2a: Incineroar|spa|1\n|move|p2a: Incineroar|Darkest Lariat|p1a: Incineroar\n|-resisted|p1a: Incineroar|1\n|-damage|p1a: Incineroar|62/100\n|\n|upkeep\n|turn|11\n|\n|t:|1776331905\n|move|p1a: Incineroar|Darkest Lariat|p2a: Incineroar\n|-resisted|p2a: Incineroar|1\n|-damage|p2a: Incineroar|50/100\n|move|p2a: Incineroar|Darkest Lariat|p1a: Incineroar\n|-resisted|p1a: Incineroar|1\n|-damage|p1a: Incineroar|53/100\n|\n|upkeep\n|turn|12\n|\n|t:|1776331927\n|move|p1a: Incineroar|Darkest Lariat|p2a: Incineroar\n|-resisted|p2a: Incineroar|1\n|-damage|p2a: Incineroar|41/100\n|move|p2a: Incineroar|Darkest Lariat|p1a: Incineroar\n|-resisted|p1a: Incineroar|1\n|-damage|p1a: Incineroar|44/100\n|\n|upkeep\n|turn|13\n|\n|t:|1776331939\n|move|p1a: Incineroar|Flare Blitz|p2a: Incineroar\n|-resisted|p2a: Incineroar|1\n|-damage|p2a: Incineroar|30/100\n|-damage|p1a: Incineroar|39/100|[from] Recoil\n|move|p2a: Incineroar|Darkest Lariat|p1a: Incineroar\n|-resisted|p1a: Incineroar|1\n|-damage|p1a: Incineroar|31/100\n|\n|upkeep\n|turn|14\n|\n|t:|1776331948\n|move|p1a: Incineroar|Darkest Lariat|p2a: Incineroar\n|-resisted|p2a: Incineroar|1\n|-damage|p2a: Incineroar|22/100\n|move|p2a: Incineroar|Darkest Lariat|p1a: Incineroar\n|-resisted|p1a: Incineroar|1\n|-damage|p1a: Incineroar|22/100\n|\n|upkeep\n|turn|15\n|\n|t:|1776331956\n|move|p1a: Incineroar|Darkest Lariat|p2a: Incineroar\n|-resisted|p2a: Incineroar|1\n|-damage|p2a: Incineroar|14/100\n|move|p2a: Incineroar|Darkest Lariat|p1a: Incineroar\n|-resisted|p1a: Incineroar|1\n|-damage|p1a: Incineroar|14/100\n|\n|upkeep\n|turn|16\n|\n|t:|1776331964\n|move|p1a: Incineroar|Darkest Lariat|p2a: Incineroar\n|-resisted|p2a: Incineroar|1\n|-damage|p2a: Incineroar|6/100\n|move|p2a: Incineroar|Flare Blitz|p1a: Incineroar\n|-resisted|p1a: Incineroar|1\n|-damage|p1a: Incineroar|3/100\n|-damage|p2a: Incineroar|3/100|[from] Recoil\n|\n|upkeep\n|turn|17\n|\n|t:|1776331973\n|move|p1a: Incineroar|Darkest Lariat|p2a: Incineroar\n|-resisted|p2a: Incineroar|1\n|-damage|p2a: Incineroar|0 fnt\n|faint|p2a: Incineroar\n|\n|win|gogozeppeli190\n|raw|gogozeppeli190's rating: 1156 &rarr; <strong>1182</strong><br />(+26 for winning)\n|raw|RazzvyBerry's rating: 1176 &rarr; <strong>1150</strong><br />(-26 for losing)\n",
  "uploadtime": 1776331980,
  "views": 35,
  "formatid": "gen9championsvgc2026regma",
  "rating": 1150,
  "private": 0,
  "password": null
}