{
  "id": "gen9championsvgc2026regma-2581814254",
  "format": "[Gen 9 Champions] VGC 2026 Reg M-A",
  "players": [
    "Luc21085",
    "Morrocan AXL BLAZE"
  ],
  "log": "|j|\u2606Luc21085\n|j|\u2606Morrocan AXL BLAZE\n|t:|1776030568\n|gametype|doubles\n|player|p1|Luc21085|bruno|1000\n|player|p2|Morrocan AXL BLAZE|nate|1090\n|gen|9\n|tier|[Gen 9 Champions] VGC 2026 Reg M-A\n|rated|\n|rule|Species Clause: Limit one of each Pok\u00e9mon\n|rule|Item Clause: Limit 1 of each item\n|clearpoke\n|poke|p1|Hawlucha, L50, M|\n|poke|p1|Excadrill, L50, M|\n|poke|p1|Tyranitar, L50, M|\n|poke|p1|Rotom-Wash, L50|\n|poke|p1|Aerodactyl, L50, M|\n|poke|p1|Sinistcha, L50|\n|poke|p2|Arcanine-Hisui, L50, F|\n|poke|p2|Palafin, L50, M|\n|poke|p2|Sinistcha, L50|\n|poke|p2|Talonflame, L50, M|\n|poke|p2|Froslass, L50, F|\n|poke|p2|Ninetales-Alola, L50, M|\n|teampreview|4\nMorrocan AXL BLAZE has agreed to open team sheets.\n|c|\u2606Luc21085|Hi\n|c|\u2606Morrocan AXL BLAZE|ntm\n|\n|t:|1776030592\n|teamsize|p1|4\n|teamsize|p2|4\n|start\n|switch|p1a: Hawlucha|Hawlucha, L50, M|100/100\n|switch|p1b: Excadrill|Excadrill, L50, M|100/100\n|switch|p2a: htn|Palafin, L50, M, shiny|100/100\n|switch|p2b: Chad|Arcanine-Hisui, L50, F, shiny|100/100\n|-ability|p1a: Hawlucha|Mold Breaker\n|-ability|p2b: Chad|Intimidate|boost\n|-unboost|p1a: Hawlucha|atk|1\n|-unboost|p1b: Excadrill|atk|1\n|turn|1\n|\n|t:|1776030612\n|detailschange|p2a: htn|Palafin-Hero, L50, M, shiny\n|switch|p2a: mtn|Talonflame, L50, M, shiny|100/100\n|detailschange|p1a: Hawlucha|Hawlucha-Mega, L50, M\n|-mega|p1a: Hawlucha|Hawlucha|Hawluchanite\n|move|p1a: Hawlucha|Entrainment|p1b: Excadrill\n|-ability|p1b: Excadrill|No Guard|Sand Rush|[from] move: Entrainment|[of] p1a: Hawlucha\n|move|p1b: Excadrill|Horn Drill|p2b: Chad\n|-damage|p2b: Chad|0 fnt\n|faint|p2b: Chad\n|-ohko\n|\n|upkeep\n|\n|t:|1776030622\n|switch|p2b: true eve|Froslass, L50, F, shiny|100/100\n|turn|2\n|\n|t:|1776030651\n|detailschange|p2b: true eve|Froslass-Mega, L50, F, shiny\n|-mega|p2b: true eve|Froslass|Froslassite\n|-weather|Snowscape|[from] ability: Snow Warning|[of] p2b: true eve\n|move|p2a: mtn|Brave Bird|p1b: Excadrill\n|-resisted|p1b: Excadrill|1\n|-damage|p1b: Excadrill|69/100\n|-damage|p2a: mtn|88/100|[from] Recoil\n|move|p1a: Hawlucha|High Jump Kick|p2a: mtn\n|-resisted|p2a: mtn|1\n|-damage|p2a: mtn|53/100\n|move|p2b: true eve|Blizzard|p1a: Hawlucha|[spread] p1a,p1b\n|-supereffective|p1a: Hawlucha|1\n|-damage|p1a: Hawlucha|5/100\n|-damage|p1b: Excadrill|15/100\n|move|p1b: Excadrill|Horn Drill|p2b: true eve\n|-immune|p2b: true eve\n|\n|-weather|Snowscape|[upkeep]\n|upkeep\n|turn|3\n|\n|t:|1776030674\n|switch|p1b: Tyranitar|Tyranitar, L50, M|100/100\n|-weather|Sandstorm|[from] ability: Sand Stream|[of] p1b: Tyranitar\n|move|p1a: Hawlucha|Protect|p1a: Hawlucha\n|-singleturn|p1a: Hawlucha|Protect\n|move|p2a: mtn|Tailwind|p2a: mtn\n|-sidestart|p2: Morrocan AXL BLAZE|move: Tailwind\n|move|p2b: true eve|Blizzard|p1b: Tyranitar|[spread] p1b\n|-activate|p1a: Hawlucha|move: Protect\n|-damage|p1b: Tyranitar|79/100\n|\n|-weather|Sandstorm|[upkeep]\n|-damage|p2a: mtn|47/100|[from] Sandstorm\n|-damage|p2b: true eve|94/100|[from] Sandstorm\n|-damage|p1a: Hawlucha|0 fnt|[from] Sandstorm\n|faint|p1a: Hawlucha\n|upkeep\n|\n|t:|1776030699\n|switch|p1a: Rotom|Rotom-Wash, L50|100/100\n|turn|4\n|\n|t:|1776030709\n|switch|p2b: htn|Palafin-Hero, L50, M, shiny|100/100\n|-activate|p2b: htn|ability: Zero to Hero\n|move|p2a: mtn|Will-O-Wisp|p1b: Tyranitar|[miss]\n|-miss|p2a: mtn|p1b: Tyranitar\n|move|p1a: Rotom|Thunderbolt|p2a: mtn\n|-supereffective|p2a: mtn|1\n|-damage|p2a: mtn|0 fnt\n|faint|p2a: mtn\n|move|p1b: Tyranitar|Rock Slide|p2b: htn\n|-damage|p2b: htn|55/100\n|\n|-weather|Sandstorm|[upkeep]\n|-damage|p2b: htn|49/100|[from] Sandstorm\n|-damage|p1a: Rotom|95/100|[from] Sandstorm\n|upkeep\n|\n|t:|1776030714\n|switch|p2a: true eve|Froslass-Mega, L50, F, shiny|94/100\n|-weather|Snowscape|[from] ability: Snow Warning|[of] p2a: true eve\n|turn|5\n|\n|t:|1776030748\n|move|p1a: Rotom|Protect|p1a: Rotom\n|-singleturn|p1a: Rotom|Protect\n|move|p1b: Tyranitar|Protect|p1b: Tyranitar\n|-singleturn|p1b: Tyranitar|Protect\n|move|p2a: true eve|Nasty Plot|p2a: true eve\n|-boost|p2a: true eve|spa|2\n|move|p2b: htn|Wave Crash|p1b: Tyranitar\n|-activate|p1b: Tyranitar|move: Protect\n|\n|-weather|Snowscape|[upkeep]\n|upkeep\n|turn|6\n|\n|t:|1776030778\n|move|p2a: true eve|Shadow Ball|p1a: Rotom\n|-damage|p1a: Rotom|29/100\n|-enditem|p1a: Rotom|Sitrus Berry|[eat]\n|-heal|p1a: Rotom|54/100|[from] item: Sitrus Berry\n|move|p2b: htn|Wave Crash|p1b: Tyranitar\n|-supereffective|p1b: Tyranitar|1\n|-damage|p1b: Tyranitar|0 fnt\n|faint|p1b: Tyranitar\n|-damage|p2b: htn|19/100|[from] Recoil\n|move|p1a: Rotom|Thunderbolt|p2b: htn\n|-supereffective|p2b: htn|1\n|-damage|p2b: htn|0 fnt\n|faint|p2b: htn\n|\n|-weather|Snowscape|[upkeep]\n|-sideend|p2: Morrocan AXL BLAZE|move: Tailwind\n|upkeep\n|\n|t:|1776030792\n|switch|p1b: Excadrill|Excadrill, L50, M|15/100\n|turn|7\n|inactive|Battle timer is ON: inactive players will automatically lose when time's up. (requested by Morrocan AXL BLAZE)\n|\n|t:|1776030824\n|move|p2a: true eve|Blizzard|p1a: Rotom|[spread] p1a,p1b\n|-resisted|p1a: Rotom|1\n|-damage|p1a: Rotom|21/100\n|-damage|p1b: Excadrill|0 fnt\n|faint|p1b: Excadrill\n|move|p1a: Rotom|Thunderbolt|p2a: true eve\n|-damage|p2a: true eve|60/100\n|\n|-weather|Snowscape|[upkeep]\n|upkeep\n|turn|8\n|\n|t:|1776030839\n|move|p1a: Rotom|Protect|p1a: Rotom\n|-singleturn|p1a: Rotom|Protect\n|move|p2a: true eve|Blizzard|p1a: Rotom\n|-activate|p1a: Rotom|move: Protect\n|\n|-weather|Snowscape|[upkeep]\n|upkeep\n|turn|9\n|\n|t:|1776030859\n|move|p2a: true eve|Shadow Ball|p1a: Rotom\n|-damage|p1a: Rotom|0 fnt\n|faint|p1a: Rotom\n|\n|win|Morrocan AXL BLAZE\n|raw|Luc21085's rating: 1000 &rarr; <strong>1000</strong><br />(+0 for losing)\n|raw|Morrocan AXL BLAZE's rating: 1090 &rarr; <strong>1110</strong><br />(+20 for winning)\n",
  "uploadtime": 1776030859,
  "views": 12,
  "formatid": "gen9championsvgc2026regma",
  "rating": 1000,
  "private": 0,
  "password": null
}