{
  "id": "gen9championsvgc2026regma-2585600989",
  "format": "[Gen 9 Champions] VGC 2026 Reg M-A",
  "players": [
    "MegaPoblano",
    "luxian66"
  ],
  "log": "|j|\u203dMegaPoblano\n|j|\u2606luxian66\n|t:|1776358141\n|gametype|doubles\n|player|p1|MegaPoblano|red|1191\n|player|p2|luxian66|cynthia-gen4|1202\n|gen|9\n|tier|[Gen 9 Champions] VGC 2026 Reg M-A\n|rated|\n|rule|Species Clause: Limit one of each Pok\u00e9mon\n|rule|Item Clause: Limit 1 of each item\n|clearpoke\n|poke|p1|Scovillain, L50, M|\n|poke|p1|Aerodactyl, L50, F|\n|poke|p1|Garchomp, L50, F|\n|poke|p1|Sneasler, L50, F|\n|poke|p1|Sinistcha, L50|\n|poke|p1|Primarina, L50, F|\n|poke|p2|Pelipper, L50, M|\n|poke|p2|Dragonite, L50, M|\n|poke|p2|Sneasler, L50, M|\n|poke|p2|Archaludon, L50, M|\n|poke|p2|Basculegion, L50, M|\n|poke|p2|Incineroar, L50, M|\n|teampreview|4\n|\n|t:|1776358168\n|teamsize|p1|4\n|teamsize|p2|4\n|start\n|switch|p1a: Scovillain|Scovillain, L50, M|100/100\n|switch|p1b: Primarina|Primarina, L50, F|100/100\n|switch|p2a: Pelipper|Pelipper, L50, M, shiny|100/100\n|switch|p2b: Dragonite|Dragonite, L50, M, shiny|100/100\n|-weather|RainDance|[from] ability: Drizzle|[of] p2a: Pelipper\n|turn|1\n|\n|t:|1776358181\n|detailschange|p2b: Dragonite|Dragonite-Mega, L50, M, shiny\n|-mega|p2b: Dragonite|Dragonite|Dragoninite\n|detailschange|p1a: Scovillain|Scovillain-Mega, L50, M\n|-mega|p1a: Scovillain|Scovillain|Scovillainite\n|move|p1a: Scovillain|Rage Powder|p1a: Scovillain\n|-singleturn|p1a: Scovillain|move: Rage Powder\n|move|p2b: Dragonite|Hurricane|p1a: Scovillain\n|-supereffective|p1a: Scovillain|1\n|-damage|p1a: Scovillain|0 fnt\n|-status|p2b: Dragonite|brn|[from] ability: Spicy Spray|[of] p1a: Scovillain\n|faint|p1a: Scovillain\n|move|p2a: Pelipper|Tailwind|p2a: Pelipper\n|-sidestart|p2: luxian66|move: Tailwind\n|move|p1b: Primarina|Calm Mind|p1b: Primarina\n|-boost|p1b: Primarina|spa|1\n|-boost|p1b: Primarina|spd|1\n|\n|-weather|RainDance|[upkeep]\n|-damage|p2b: Dragonite|94/100 brn|[from] brn\n|upkeep\n|\n|t:|1776358194\n|switch|p1a: Aerodactyl|Aerodactyl, L50, F|100/100\n|-ability|p1a: Aerodactyl|Unnerve\n|turn|2\n|\n|t:|1776358205\n|switch|p2b: Incineroar|Incineroar, L50, M, shiny|100/100\n|-ability|p2b: Incineroar|Intimidate|boost\n|-unboost|p1a: Aerodactyl|atk|1\n|-unboost|p1b: Primarina|atk|1\n|move|p2a: Pelipper|Weather Ball|p1a: Aerodactyl\n|-supereffective|p1a: Aerodactyl|1\n|-enditem|p1a: Aerodactyl|Focus Sash\n|-damage|p1a: Aerodactyl|1/100\n|move|p1a: Aerodactyl|Tailwind|p1a: Aerodactyl\n|-sidestart|p1: MegaPoblano|move: Tailwind\n|move|p1b: Primarina|Moonblast|p2b: Incineroar\n|-damage|p2b: Incineroar|20/100\n|\n|-weather|RainDance|[upkeep]\n|upkeep\n|turn|3\n|\n|t:|1776358225\n|switch|p1a: Garchomp|Garchomp, L50, F|100/100\n|-enditem|p2b: Incineroar|Sitrus Berry|[eat]\n|-heal|p2b: Incineroar|45/100|[from] item: Sitrus Berry\n|move|p2b: Incineroar|Fake Out|p1a: Garchomp\n|-damage|p1a: Garchomp|87/100\n|-damage|p2b: Incineroar|32/100|[from] ability: Rough Skin|[of] p1a: Garchomp\n|move|p2a: Pelipper|Hurricane|p1b: Primarina\n|-damage|p1b: Primarina|68/100\n|-start|p1b: Primarina|confusion\n|-activate|p1b: Primarina|confusion\n|move|p1b: Primarina|Hyper Voice|p2b: Incineroar|[spread] p2a,p2b\n|-resisted|p2a: Pelipper|1\n|-supereffective|p2b: Incineroar|1\n|-damage|p2a: Pelipper|24/100\n|-damage|p2b: Incineroar|0 fnt\n|faint|p2b: Incineroar\n|\n|-weather|RainDance|[upkeep]\n|-heal|p1b: Primarina|74/100|[from] item: Leftovers\n|upkeep\n|\n|t:|1776358244\n|switch|p2b: Basculegion|Basculegion, L50, M|100/100\n|turn|4\n|\n|t:|1776358251\n|move|p2b: Basculegion|Last Respects|p1b: Primarina\n|-damage|p1b: Primarina|14/100\n|move|p1a: Garchomp|Dragon Claw|p2b: Basculegion\n|-damage|p2b: Basculegion|51/100\n|move|p2a: Pelipper|Weather Ball|p1a: Garchomp\n|-damage|p1a: Garchomp|7/100\n|-activate|p1b: Primarina|confusion\n|move|p1b: Primarina|Moonblast|p2b: Basculegion\n|-damage|p2b: Basculegion|0 fnt\n|faint|p2b: Basculegion\n|\n|-weather|RainDance|[upkeep]\n|-heal|p1b: Primarina|20/100|[from] item: Leftovers\n|-sideend|p2: luxian66|move: Tailwind\n|upkeep\n|\n|t:|1776358262\n|switch|p2b: Dragonite|Dragonite-Mega, L50, M, shiny|94/100 brn\n|turn|5\n|\n|t:|1776358285\n|move|p2a: Pelipper|Protect|p2a: Pelipper\n|-singleturn|p2a: Pelipper|Protect\n|move|p1a: Garchomp|Dragon Claw|p2a: Pelipper\n|-activate|p2a: Pelipper|move: Protect\n|-end|p1b: Primarina|confusion\n|move|p1b: Primarina|Moonblast|p2b: Dragonite\n|-supereffective|p2b: Dragonite|1\n|-damage|p2b: Dragonite|0 fnt\n|faint|p2b: Dragonite\n|\n|-weather|none\n|-heal|p1b: Primarina|27/100|[from] item: Leftovers\n|-sideend|p1: MegaPoblano|move: Tailwind\n|upkeep\n|turn|6\n|-message|luxian66 forfeited.\n|\n|win|MegaPoblano\n|raw|MegaPoblano's rating: 1191 &rarr; <strong>1217</strong><br />(+26 for winning)\n|raw|luxian66's rating: 1202 &rarr; <strong>1176</strong><br />(-26 for losing)\n|l|\u2606luxian66\n|player|p2|\n",
  "uploadtime": 1776358298,
  "views": 16,
  "formatid": "gen9championsvgc2026regma",
  "rating": 1176,
  "private": 0,
  "password": null
}