{
  "id": "gen9championsvgc2026regma-2585311981",
  "format": "[Gen 9 Champions] VGC 2026 Reg M-A",
  "players": [
    "andreszx7",
    "dadebigo"
  ],
  "log": "|j|\u2606andreszx7\n|j|\u203ddadebigo\n|t:|1776336605\n|gametype|doubles\n|player|p1|andreszx7|n|1122\n|player|p2|dadebigo|170|1056\n|gen|9\n|tier|[Gen 9 Champions] VGC 2026 Reg M-A\n|rated|\n|rule|Species Clause: Limit one of each Pok\u00e9mon\n|rule|Item Clause: Limit 1 of each item\n|clearpoke\n|poke|p1|Incineroar, L50, F|\n|poke|p1|Floette-Eternal, L50, F|\n|poke|p1|Garchomp, L50, F|\n|poke|p1|Vivillon, L50, F|\n|poke|p1|Rotom-Wash, L50|\n|poke|p1|Kingambit, L50, F|\n|poke|p2|Gengar, L50, M|\n|poke|p2|Corviknight, L50, F|\n|poke|p2|Drampa, L50, M|\n|poke|p2|Incineroar, L50, M|\n|poke|p2|Araquanid, L50, F|\n|poke|p2|Sinistcha, L50|\n|teampreview|4\n|\n|t:|1776336641\n|teamsize|p1|4\n|teamsize|p2|4\n|start\n|switch|p1a: Incineroar|Incineroar, L50, F|100/100\n|switch|p1b: Kingambit|Kingambit, L50, F, shiny|100/100\n|switch|p2a: Corviknight|Corviknight, L50, F|100/100\n|switch|p2b: Gengar|Gengar, L50, M|100/100\n|-ability|p1a: Incineroar|Intimidate|boost\n|-ability|p2a: Corviknight|Mirror Armor\n|-unboost|p1a: Incineroar|atk|1\n|-unboost|p2b: Gengar|atk|1\n|turn|1\n|\n|t:|1776336656\n|switch|p2b: Araquanid|Araquanid, L50, F|100/100\n|move|p1b: Kingambit|Sucker Punch||[still]\n|-fail|p1b: Kingambit\n|move|p2a: Corviknight|Bulk Up|p2a: Corviknight\n|-boost|p2a: Corviknight|atk|1\n|-boost|p2a: Corviknight|def|1\n|move|p1a: Incineroar|Flare Blitz|p2a: Corviknight\n|-supereffective|p2a: Corviknight|1\n|-damage|p2a: Corviknight|65/100\n|-damage|p1a: Incineroar|89/100|[from] Recoil\n|\n|-heal|p2a: Corviknight|71/100|[from] item: Leftovers\n|upkeep\n|turn|2\n|\n|t:|1776336679\n|switch|p1b: Rotom|Rotom-Wash, L50, shiny|100/100\n|move|p2a: Corviknight|Bulk Up|p2a: Corviknight\n|-boost|p2a: Corviknight|atk|1\n|-boost|p2a: Corviknight|def|1\n|move|p1a: Incineroar|Parting Shot|p2a: Corviknight\n|-ability|p2a: Corviknight|Mirror Armor\n|-unboost|p1a: Incineroar|atk|1\n|-ability|p2a: Corviknight|Mirror Armor\n|-unboost|p1a: Incineroar|spa|1\n|\n|t:|1776336692\n|switch|p1a: Kingambit|Kingambit, L50, F, shiny|100/100|[from] Parting Shot\n|move|p2b: Araquanid|Liquidation|p1a: Kingambit\n|-damage|p1a: Kingambit|64/100\n|\n|-heal|p2a: Corviknight|77/100|[from] item: Leftovers\n|upkeep\n|turn|3\n|\n|t:|1776336707\n|move|p1b: Rotom|Thunderbolt|p2a: Corviknight\n|-supereffective|p2a: Corviknight|1\n|-damage|p2a: Corviknight|19/100\n|-status|p2a: Corviknight|par\n|move|p1a: Kingambit|Iron Head|p2b: Araquanid\n|-resisted|p2b: Araquanid|1\n|-damage|p2b: Araquanid|78/100\n|move|p2b: Araquanid|Skitter Smack|p1b: Rotom\n|-damage|p1b: Rotom|79/100\n|-unboost|p1b: Rotom|spa|1\n|move|p2a: Corviknight|Roost|p2a: Corviknight\n|-heal|p2a: Corviknight|69/100 par\n|-singleturn|p2a: Corviknight|move: Roost\n|\n|-heal|p1b: Rotom|84/100|[from] item: Leftovers\n|-heal|p2a: Corviknight|75/100 par|[from] item: Leftovers\n|upkeep\n|turn|4\n|\n|t:|1776336734\n|move|p1a: Kingambit|Sucker Punch||[still]\n|-fail|p1a: Kingambit\n|move|p1b: Rotom|Thunderbolt|p2a: Corviknight\n|-supereffective|p2a: Corviknight|1\n|-damage|p2a: Corviknight|34/100 par\n|move|p2b: Araquanid|Skitter Smack|p1b: Rotom\n|-damage|p1b: Rotom|63/100\n|-unboost|p1b: Rotom|spa|1\n|move|p2a: Corviknight|Roost|p2a: Corviknight\n|-heal|p2a: Corviknight|84/100 par\n|-singleturn|p2a: Corviknight|move: Roost\n|\n|-heal|p1b: Rotom|68/100|[from] item: Leftovers\n|-heal|p2a: Corviknight|90/100 par|[from] item: Leftovers\n|upkeep\n|turn|5\n|\n|t:|1776336756\n|move|p1b: Rotom|Thunderbolt|p2a: Corviknight\n|-supereffective|p2a: Corviknight|1\n|-damage|p2a: Corviknight|60/100 par\n|move|p1a: Kingambit|Kowtow Cleave|p2a: Corviknight\n|-damage|p2a: Corviknight|41/100 par\n|move|p2b: Araquanid|Leech Life|p1b: Rotom\n|-damage|p1b: Rotom|40/100\n|-heal|p2b: Araquanid|91/100|[from] drain|[of] p1b: Rotom\n|move|p2a: Corviknight|Body Press|p1a: Kingambit\n|-supereffective|p1a: Kingambit|2\n|-enditem|p1a: Kingambit|Chople Berry|[eat]\n|-enditem|p1a: Kingambit|Chople Berry|[weaken]\n|-damage|p1a: Kingambit|7/100\n|\n|-heal|p1b: Rotom|45/100|[from] item: Leftovers\n|-heal|p2a: Corviknight|47/100 par|[from] item: Leftovers\n|upkeep\n|turn|6\n|\n|t:|1776336781\n|move|p1b: Rotom|Volt Switch|p2a: Corviknight\n|-supereffective|p2a: Corviknight|1\n|-damage|p2a: Corviknight|24/100 par\n|inactive|Battle timer is ON: inactive players will automatically lose when time's up. (requested by andreszx7)\n|\n|t:|1776336785\n|switch|p1b: Incineroar|Incineroar, L50, F|89/100|[from] Volt Switch\n|-ability|p1b: Incineroar|Intimidate|boost\n|-ability|p2a: Corviknight|Mirror Armor\n|-unboost|p1b: Incineroar|atk|1\n|-unboost|p2b: Araquanid|atk|1\n|move|p1a: Kingambit|Iron Head|p2b: Araquanid\n|-resisted|p2b: Araquanid|1\n|-damage|p2b: Araquanid|70/100\n|cant|p2b: Araquanid|flinch\n|move|p2a: Corviknight|Roost|p2a: Corviknight\n|-heal|p2a: Corviknight|74/100 par\n|-singleturn|p2a: Corviknight|move: Roost\n|\n|-heal|p2a: Corviknight|80/100 par|[from] item: Leftovers\n|upkeep\n|turn|7\n|inactive|dadebigo has 30 seconds left.\n|\n|t:|1776336812\n|switch|p1b: Rotom|Rotom-Wash, L50, shiny|45/100\n|move|p1a: Kingambit|Iron Head|p2a: Corviknight\n|-resisted|p2a: Corviknight|1\n|-damage|p2a: Corviknight|71/100 par\n|move|p2b: Araquanid|Skitter Smack|p1a: Kingambit\n|-damage|p1a: Kingambit|0 fnt\n|faint|p1a: Kingambit\n|move|p2a: Corviknight|Body Press|p1b: Rotom\n|-damage|p1b: Rotom|2/100\n|\n|-heal|p1b: Rotom|8/100|[from] item: Leftovers\n|-heal|p2a: Corviknight|77/100 par|[from] item: Leftovers\n|upkeep\n|\n|t:|1776336820\n|switch|p1a: Incineroar|Incineroar, L50, F|89/100\n|-ability|p1a: Incineroar|Intimidate|boost\n|-ability|p2a: Corviknight|Mirror Armor\n|-unboost|p1a: Incineroar|atk|1\n|-unboost|p2b: Araquanid|atk|1\n|turn|8\n|\n|t:|1776336839\n|move|p1b: Rotom|Thunderbolt|p2a: Corviknight\n|-supereffective|p2a: Corviknight|1\n|-damage|p2a: Corviknight|16/100 par\n|move|p1a: Incineroar|Flare Blitz|p2a: Corviknight\n|-supereffective|p2a: Corviknight|1\n|-damage|p2a: Corviknight|0 fnt\n|faint|p2a: Corviknight\n|-damage|p1a: Incineroar|84/100|[from] Recoil\n|move|p2b: Araquanid|Skitter Smack|p1b: Rotom\n|-damage|p1b: Rotom|0 fnt\n|faint|p1b: Rotom\n|\n|upkeep\n|\n|t:|1776336858\n|switch|p1b: Floette|Floette-Eternal, L50, F|100/100\n|switch|p2a: Sinistcha|Sinistcha, L50|100/100\n|-heal|p2b: Araquanid|94/100|[from] ability: Hospitality|[of] p2a: Sinistcha\n|turn|9\n|\n|t:|1776336882\n|detailschange|p1b: Floette|Floette-Mega, L50, F\n|-mega|p1b: Floette|Floette|Floettite\n|-ability|p1b: Floette|Fairy Aura\n|move|p1b: Floette|Calm Mind|p1b: Floette\n|-boost|p1b: Floette|spa|1\n|-boost|p1b: Floette|spd|1\n|move|p2a: Sinistcha|Matcha Gotcha|p1b: Floette|[spread] p1b\n|-miss|p2a: Sinistcha|p1a: Incineroar\n|-damage|p1b: Floette|86/100\n|-status|p1b: Floette|brn\n|move|p1a: Incineroar|Flare Blitz|p2a: Sinistcha\n|-supereffective|p2a: Sinistcha|1\n|-damage|p2a: Sinistcha|42/100\n|-enditem|p2a: Sinistcha|Sitrus Berry|[eat]\n|-heal|p2a: Sinistcha|67/100|[from] item: Sitrus Berry\n|-damage|p1a: Incineroar|67/100|[from] Recoil\n|move|p2b: Araquanid|Skitter Smack|p1b: Floette\n|-resisted|p1b: Floette|1\n|-damage|p1b: Floette|80/100 brn\n|-unboost|p1b: Floette|spa|1\n|\n|-damage|p1b: Floette|74/100 brn|[from] brn\n|upkeep\n|turn|10\n|inactive|dadebigo has 30 seconds left.\n|\n|t:|1776336913\n|move|p1b: Floette|Dazzling Gleam|p2a: Sinistcha|[spread] p2a,p2b\n|-damage|p2a: Sinistcha|11/100\n|-damage|p2b: Araquanid|62/100\n|move|p2a: Sinistcha|Matcha Gotcha|p1b: Floette|[spread] p1a,p1b\n|-resisted|p1a: Incineroar|1\n|-damage|p1a: Incineroar|54/100\n|-heal|p2a: Sinistcha|18/100|[from] drain|[of] p1a: Incineroar\n|-damage|p1b: Floette|59/100 brn\n|-heal|p2a: Sinistcha|26/100|[from] drain|[of] p1b: Floette\n|move|p1a: Incineroar|Throat Chop|p2a: Sinistcha\n|-supereffective|p2a: Sinistcha|1\n|-damage|p2a: Sinistcha|0 fnt\n|faint|p2a: Sinistcha\n|move|p2b: Araquanid|Skitter Smack|p1b: Floette\n|-resisted|p1b: Floette|1\n|-damage|p1b: Floette|54/100 brn\n|-unboost|p1b: Floette|spa|1\n|\n|-damage|p1b: Floette|47/100 brn|[from] brn\n|upkeep\n|\n|t:|1776336935\n|switch|p2a: Gengar|Gengar, L50, M|100/100\n|turn|11\n|\n|t:|1776336942\n|detailschange|p2a: Gengar|Gengar-Mega, L50, M\n|-mega|p2a: Gengar|Gengar|Gengarite\n|move|p2b: Araquanid|Wide Guard|p2b: Araquanid\n|-singleturn|p2b: Araquanid|Wide Guard\n|move|p2a: Gengar|Sludge Bomb|p1a: Incineroar\n|-damage|p1a: Incineroar|12/100\n|-status|p1a: Incineroar|psn\n|move|p1b: Floette|Moonblast|p2a: Gengar\n|-resisted|p2a: Gengar|1\n|-damage|p2a: Gengar|74/100\n|move|p1a: Incineroar|Flare Blitz|p2b: Araquanid\n|-damage|p2b: Araquanid|46/100\n|-damage|p1a: Incineroar|8/100 psn|[from] Recoil\n|\n|-damage|p1a: Incineroar|0 fnt|[from] psn\n|faint|p1a: Incineroar\n|-damage|p1b: Floette|41/100 brn|[from] brn\n|upkeep\n|turn|12\n|\n|t:|1776336967\n|move|p2a: Gengar|Sludge Bomb|p1b: Floette\n|-supereffective|p1b: Floette|1\n|-damage|p1b: Floette|0 fnt\n|faint|p1b: Floette\n|\n|win|dadebigo\n|raw|andreszx7's rating: 1122 &rarr; <strong>1092</strong><br />(-30 for losing)\n|raw|dadebigo's rating: 1056 &rarr; <strong>1094</strong><br />(+38 for winning)\n|c|\u2606andreszx7|GG\n",
  "uploadtime": 1776336974,
  "views": 27,
  "formatid": "gen9championsvgc2026regma",
  "rating": 1092,
  "private": 0,
  "password": null
}