{
  "id": "gen9championsvgc2026regma-2586230105",
  "format": "[Gen 9 Champions] VGC 2026 Reg M-A",
  "players": [
    "opkil",
    "Chimibingus"
  ],
  "log": "|j|\u2606opkil\n|j|\u2606Chimibingus\n|t:|1776415071\n|gametype|doubles\n|player|p1|opkil|101|1394\n|player|p2|Chimibingus|harlequin|1352\n|gen|9\n|tier|[Gen 9 Champions] VGC 2026 Reg M-A\n|rated|\n|rule|Species Clause: Limit one of each Pok\u00e9mon\n|rule|Item Clause: Limit 1 of each item\n|clearpoke\n|poke|p1|Floette-Eternal, L50, F|\n|poke|p1|Garchomp, L50, M|\n|poke|p1|Aerodactyl, L50, F|\n|poke|p1|Sneasler, L50, M|\n|poke|p1|Incineroar, L50, F|\n|poke|p1|Sinistcha, L50|\n|poke|p2|Charizard, L50, M|\n|poke|p2|Sinistcha, L50|\n|poke|p2|Gyarados, L50, M|\n|poke|p2|Conkeldurr, L50, M|\n|poke|p2|Gengar, L50, F|\n|poke|p2|Farigiraf, L50, F|\n|teampreview|4\n|inactive|Battle timer is ON: inactive players will automatically lose when time's up. (requested by opkil)\n|inactive|opkil has 60 seconds left.\n|inactive|Chimibingus has 60 seconds left.\n|\n|t:|1776415123\n|teamsize|p1|4\n|teamsize|p2|4\n|start\n|switch|p1a: Sneasler|Sneasler, L50, M|100/100\n|switch|p1b: Sinistcha|Sinistcha, L50|100/100\n|switch|p2a: Gyarados|Gyarados, L50, M, shiny|100/100\n|switch|p2b: Farigiraf|Farigiraf, L50, F, shiny|100/100\n|-ability|p2a: Gyarados|Intimidate|boost\n|-unboost|p1a: Sneasler|atk|1\n|-unboost|p1b: Sinistcha|atk|1\n|-enditem|p1a: Sneasler|White Herb\n|-clearnegativeboost|p1a: Sneasler|[silent]\n|turn|1\n|inactive|Chimibingus has 30 seconds left.\n|\n|t:|1776415148\n|move|p2a: Gyarados|Protect|p2a: Gyarados\n|-singleturn|p2a: Gyarados|Protect\n|move|p1a: Sneasler|Dire Claw|p2a: Gyarados\n|-activate|p2a: Gyarados|move: Protect\n|move|p1b: Sinistcha|Imprison|p1b: Sinistcha\n|-start|p1b: Sinistcha|move: Imprison\n|cant|p2b: Farigiraf|move: Imprison|Trick Room\n|\n|upkeep\n|turn|2\n|\n|t:|1776415171\n|switch|p1a: Garchomp|Garchomp, L50, M|100/100\n|switch|p2a: Sinistcha|Sinistcha, L50|100/100\n|move|p1b: Sinistcha|Matcha Gotcha|p2a: Sinistcha|[spread] p2a,p2b\n|-resisted|p2a: Sinistcha|1\n|-damage|p2a: Sinistcha|90/100\n|-damage|p2b: Farigiraf|80/100\n|move|p2b: Farigiraf|Psychic|p1a: Garchomp\n|-damage|p1a: Garchomp|61/100\n|\n|upkeep\n|turn|3\n|inactive|opkil has 30 seconds left.\n|inactive|Chimibingus has 30 seconds left.\n|\n|t:|1776415202\n|switch|p2b: Gyarados|Gyarados, L50, M, shiny|100/100\n|-ability|p2b: Gyarados|Intimidate|boost\n|-unboost|p1a: Garchomp|atk|1\n|-unboost|p1b: Sinistcha|atk|1\n|move|p1b: Sinistcha|Rage Powder|p1b: Sinistcha\n|-singleturn|p1b: Sinistcha|move: Rage Powder\n|move|p1a: Garchomp|Rock Slide|p2a: Sinistcha|[spread] p2a,p2b\n|-supereffective|p2b: Gyarados|1\n|-damage|p2a: Sinistcha|77/100\n|-damage|p2b: Gyarados|75/100\n|move|p2a: Sinistcha|Strength Sap|p1a: Garchomp\n|-unboost|p1a: Garchomp|atk|1\n|-heal|p2a: Sinistcha|100/100\n|\n|upkeep\n|turn|4\n|inactive|opkil has 30 seconds left.\n|\n|t:|1776415232\n|switch|p1a: Sneasler|Sneasler, L50, M|100/100\n|switch|p2a: Farigiraf|Farigiraf, L50, F, shiny|80/100\n|move|p1b: Sinistcha|Rage Powder|p1b: Sinistcha\n|-singleturn|p1b: Sinistcha|move: Rage Powder\n|move|p2b: Gyarados|Taunt|p1b: Sinistcha\n|-start|p1b: Sinistcha|move: Taunt\n|\n|upkeep\n|turn|5\n|\n|t:|1776415250\n|switch|p2b: Sinistcha|Sinistcha, L50|100/100\n|-heal|p2a: Farigiraf|100/100|[from] ability: Hospitality|[of] p2b: Sinistcha\n|move|p1a: Sneasler|Coaching|p1b: Sinistcha\n|-boost|p1b: Sinistcha|atk|1\n|-boost|p1b: Sinistcha|def|1\n|move|p1b: Sinistcha|Matcha Gotcha|p2a: Farigiraf|[spread] p2b\n|-miss|p1b: Sinistcha|p2a: Farigiraf\n|-resisted|p2b: Sinistcha|1\n|-damage|p2b: Sinistcha|89/100\n|move|p2a: Farigiraf|Psychic|p1a: Sneasler\n|-supereffective|p1a: Sneasler|2\n|-damage|p1a: Sneasler|0 fnt\n|faint|p1a: Sneasler\n|\n|upkeep\n|\n|t:|1776415262\n|switch|p1a: Floette|Floette-Eternal, L50, F|100/100\n|turn|6\n|inactive|Chimibingus has 30 seconds left.\n|inactive|Chimibingus has 20 seconds left.\n|inactive|Chimibingus has 15 seconds left.\n|inactive|Chimibingus has 10 seconds left.\n|inactive|Chimibingus has 5 seconds left.\n|\n|t:|1776415314\n|switch|p2b: Gengar|Gengar, L50, F, shiny|100/100\n|detailschange|p1a: Floette|Floette-Mega, L50, F\n|-mega|p1a: Floette|Floette|Floettite\n|-ability|p1a: Floette|Fairy Aura\n|move|p1a: Floette|Calm Mind|p1a: Floette\n|-boost|p1a: Floette|spa|1\n|-boost|p1a: Floette|spd|1\n|move|p1b: Sinistcha|Matcha Gotcha|p2a: Farigiraf|[spread] p2a,p2b\n|-resisted|p2b: Gengar|1\n|-damage|p2a: Farigiraf|81/100\n|-damage|p2b: Gengar|82/100\n|move|p2a: Farigiraf|Psychic|p1b: Sinistcha\n|-damage|p1b: Sinistcha|68/100\n|\n|upkeep\n|turn|7\n|\n|t:|1776415335\n|detailschange|p2b: Gengar|Gengar-Mega, L50, F, shiny\n|-mega|p2b: Gengar|Gengar|Gengarite\n|move|p2a: Farigiraf|Helping Hand|p2b: Gengar\n|-singleturn|p2b: Gengar|Helping Hand|[of] p2a: Farigiraf\n|move|p2b: Gengar|Sludge Wave|p1a: Floette|[spread] p2a,p1a,p1b\n|-supereffective|p1a: Floette|1\n|-damage|p2a: Farigiraf|28/100\n|-damage|p1a: Floette|40/100\n|-damage|p1b: Sinistcha|6/100\n|-enditem|p1b: Sinistcha|Sitrus Berry|[eat]\n|-heal|p1b: Sinistcha|30/100|[from] item: Sitrus Berry\n|move|p1a: Floette|Moonblast|p2b: Gengar\n|-resisted|p2b: Gengar|1\n|-damage|p2b: Gengar|0 fnt\n|faint|p2b: Gengar\n|move|p1b: Sinistcha|Matcha Gotcha|p2a: Farigiraf|[miss]\n|-miss|p1b: Sinistcha|p2a: Farigiraf\n|\n|-end|p1b: Sinistcha|move: Taunt\n|upkeep\n|\n|t:|1776415350\n|switch|p2b: Gyarados|Gyarados, L50, M, shiny|75/100\n|-ability|p2b: Gyarados|Intimidate|boost\n|-unboost|p1a: Floette|atk|1\n|-unboost|p1b: Sinistcha|atk|1\n|turn|8\n|\n|t:|1776415368\n|move|p1b: Sinistcha|Rage Powder|p1b: Sinistcha\n|-singleturn|p1b: Sinistcha|move: Rage Powder\n|move|p1a: Floette|Dazzling Gleam|p2b: Gyarados|[spread] p2a,p2b\n|-damage|p2a: Farigiraf|0 fnt\n|-damage|p2b: Gyarados|21/100\n|-enditem|p2b: Gyarados|Sitrus Berry|[eat]\n|-heal|p2b: Gyarados|46/100|[from] item: Sitrus Berry\n|faint|p2a: Farigiraf\n|move|p2b: Gyarados|Waterfall|p1b: Sinistcha\n|-resisted|p1b: Sinistcha|1\n|-damage|p1b: Sinistcha|19/100\n|\n|upkeep\n|\n|t:|1776415371\n|switch|p2a: Sinistcha|Sinistcha, L50|89/100\n|-heal|p2b: Gyarados|70/100|[from] ability: Hospitality|[of] p2a: Sinistcha\n|turn|9\n|\n|t:|1776415384\n|move|p1b: Sinistcha|Rage Powder|p1b: Sinistcha\n|-singleturn|p1b: Sinistcha|move: Rage Powder\n|move|p1a: Floette|Moonblast|p2b: Gyarados\n|-damage|p2b: Gyarados|0 fnt\n|faint|p2b: Gyarados\n|move|p2a: Sinistcha|Strength Sap|p1a: Floette\n|-unboost|p1a: Floette|atk|1\n|-heal|p2a: Sinistcha|100/100\n|\n|upkeep\n|turn|10\n|l|\u2606Chimibingus\n|inactive|Chimibingus disconnected and has a minute to reconnect!\n|player|p2|\n|inactive|Chimibingus has 30 seconds left.\n|inactive|Chimibingus has 20 seconds left.\n|inactive|Chimibingus has 15 seconds left.\n|inactive|Chimibingus has 10 seconds left.\n|inactive|Chimibingus has 5 seconds left.\n|-message|Chimibingus lost due to inactivity.\n|\n|win|opkil\n|raw|opkil's rating: 1394 &rarr; <strong>1412</strong><br />(+18 for winning)\n|raw|Chimibingus's rating: 1352 &rarr; <strong>1334</strong><br />(-18 for losing)\n|j|\u2606Chimibingus\n|player|p2|Chimibingus|harlequin|\n",
  "uploadtime": 1776415443,
  "views": 37,
  "formatid": "gen9championsvgc2026regma",
  "rating": 1334,
  "private": 0,
  "password": null
}