{
  "id": "gen9championsvgc2026regma-2584149234",
  "format": "[Gen 9 Champions] VGC 2026 Reg M-A",
  "players": [
    "latios220044",
    "JigglePhysics69"
  ],
  "log": "|j|\u2606latios220044\n|j|\u2606JigglePhysics69\n|t:|1776230934\n|gametype|doubles\n|player|p1|latios220044|102|1231\n|player|p2|JigglePhysics69|swimmerf-gen4|1274\n|gen|9\n|tier|[Gen 9 Champions] VGC 2026 Reg M-A\n|rated|\n|rule|Species Clause: Limit one of each Pok\u00e9mon\n|rule|Item Clause: Limit 1 of each item\n|clearpoke\n|poke|p1|Zoroark-Hisui, L50, F|\n|poke|p1|Sneasler, L50, M|\n|poke|p1|Kingambit, L50, F|\n|poke|p1|Corviknight, L50, M|\n|poke|p1|Floette-Eternal, L50, F|\n|poke|p1|Aerodactyl, L50, M|\n|poke|p2|Drampa, L50, M|\n|poke|p2|Farigiraf, L50, F|\n|poke|p2|Oranguru, L50, F|\n|poke|p2|Sinistcha, L50|\n|poke|p2|Gallade, L50, M|\n|poke|p2|Camerupt, L50, F|\n|teampreview|4\n|inactive|Battle timer is ON: inactive players will automatically lose when time's up. (requested by latios220044)\n|\n|t:|1776230954\n|teamsize|p1|4\n|teamsize|p2|4\n|start\n|switch|p1a: Aerodactyl|Aerodactyl, L50, M|100/100\n|switch|p1b: Kingambit|Kingambit, L50, F|100/100\n|switch|p2a: Oranguru|Oranguru, L50, F|100/100\n|switch|p2b: Camerupt|Camerupt, L50, F|100/100\n|turn|1\n|\n|t:|1776230976\n|switch|p1b: Aerodactyl|Aerodactyl, L50, M|100/100\n|detailschange|p2b: Camerupt|Camerupt-Mega, L50, F\n|-mega|p2b: Camerupt|Camerupt|Cameruptite\n|move|p1a: Aerodactyl|Taunt|p2a: Oranguru\n|-start|p2a: Oranguru|move: Taunt\n|-enditem|p2a: Oranguru|Mental Herb\n|-end|p2a: Oranguru|move: Taunt\n|move|p2b: Camerupt|Heat Wave|p1a: Aerodactyl|[spread] p1a,p1b\n|-resisted|p1b: Aerodactyl|1\n|-enditem|p1a: Aerodactyl|Focus Sash\n|-damage|p1a: Aerodactyl|1/100\n|-damage|p1b: Aerodactyl|62/100\n|replace|p1a: Zoroark|Zoroark-Hisui, L50, F\n|-end|p1a: Zoroark|Illusion\n|move|p2a: Oranguru|Trick Room|p2a: Oranguru\n|-fieldstart|move: Trick Room|[of] p2a: Oranguru\n|\n|upkeep\n|turn|2\n|c|\u2606latios220044|okay\n|c|\u2606latios220044|awesome\n|c|\u2606latios220044|epic\n|c|\u2606latios220044|in closed team sheet where I cant see anything\n|c|\u2606latios220044|epic\n|c|\u2606latios220044|truly\n|inactive|latios220044 has 30 seconds left.\n|c|\u2606JigglePhysics69|thanks\n|\n|t:|1776231011\n|detailschange|p1b: Aerodactyl|Aerodactyl-Mega, L50, M\n|-mega|p1b: Aerodactyl|Aerodactyl|Aerodactylite\n|move|p2b: Camerupt|Eruption|p1b: Aerodactyl|[spread] p1a,p1b\n|-resisted|p1b: Aerodactyl|1\n|-damage|p1a: Zoroark|0 fnt\n|-damage|p1b: Aerodactyl|19/100\n|faint|p1a: Zoroark\n|move|p2a: Oranguru|Instruct|p2b: Camerupt\n|-singleturn|p2b: Camerupt|move: Instruct|[of] p2a: Oranguru\n|move|p2b: Camerupt|Eruption|p1b: Aerodactyl\n|-resisted|p1b: Aerodactyl|1\n|-damage|p1b: Aerodactyl|0 fnt\n|faint|p1b: Aerodactyl\n|\n|upkeep\n|\n|t:|1776231015\n|switch|p1a: Sneasler|Sneasler, L50, M|100/100\n|switch|p1b: Kingambit|Kingambit, L50, F|100/100\n|turn|3\n|\n|t:|1776231027\n|switch|p2a: Farigiraf|Farigiraf, L50, F|100/100\n|move|p1a: Sneasler|Fake Out||[still]\n|cant|p2a: Farigiraf|ability: Armor Tail|Fake Out|[of] p1a: Sneasler\n|move|p2b: Camerupt|Eruption|p1a: Sneasler|[spread] p1a,p1b\n|-supereffective|p1b: Kingambit|1\n|-damage|p1a: Sneasler|11/100\n|-damage|p1b: Kingambit|0 fnt\n|faint|p1b: Kingambit\n|\n|upkeep\n|turn|4\n|c|\u2606latios220044|like I cant really prep for this bs\n|c|\u2606latios220044|lol\n|c|\u2606latios220044|counterteamed two games in a row\n|c|\u2606latios220044|by random bs\n|\n|t:|1776231047\n|move|p1a: Sneasler|Protect|p1a: Sneasler\n|-singleturn|p1a: Sneasler|Protect\n|move|p2b: Camerupt|Eruption|p1a: Sneasler\n|-activate|p1a: Sneasler|move: Protect\n|move|p2a: Farigiraf|Hyper Voice|p1a: Sneasler\n|-activate|p1a: Sneasler|move: Protect\n|\n|upkeep\n|turn|5\n|c|\u2606JigglePhysics69|you couldve killed oranguru earlier\n|c|\u2606JigglePhysics69|with Kingambit\n|inactive|JigglePhysics69 has 30 seconds left.\n|c|\u2606latios220044|shut the fuck up\n|\n|t:|1776231079\n|move|p2b: Camerupt|Earth Power|p1a: Sneasler\n|-supereffective|p1a: Sneasler|1\n|-damage|p1a: Sneasler|0 fnt\n|faint|p1a: Sneasler\n|\n|win|JigglePhysics69\n",
  "uploadtime": 1776231074,
  "views": 18,
  "formatid": "gen9championsvgc2026regma",
  "rating": null,
  "private": 0,
  "password": null
}