{
  "id": "gen9championsvgc2026regma-2585476834",
  "format": "[Gen 9 Champions] VGC 2026 Reg M-A",
  "players": [
    "Yellowalsomellow",
    "GodofSOHAI"
  ],
  "log": "|j|\u2606Yellowalsomellow\n|j|\u2606GodofSOHAI\n|t:|1776349972\n|gametype|doubles\n|player|p1|Yellowalsomellow|169|1243\n|player|p2|GodofSOHAI|170|1157\n|gen|9\n|tier|[Gen 9 Champions] VGC 2026 Reg M-A\n|rated|\n|rule|Species Clause: Limit one of each Pok\u00e9mon\n|rule|Item Clause: Limit 1 of each item\n|clearpoke\n|poke|p1|Drampa, L50, F|\n|poke|p1|Oranguru, L50, F|\n|poke|p1|Sinistcha, L50|\n|poke|p1|Araquanid, L50, F|\n|poke|p1|Tinkaton, L50, F|\n|poke|p1|Mamoswine, L50, M|\n|poke|p2|Garchomp, L50, F|\n|poke|p2|Froslass, L50, F|\n|poke|p2|Milotic, L50, M|\n|poke|p2|Aerodactyl, L50, F|\n|poke|p2|Aegislash, L50, F|\n|poke|p2|Kingambit, L50, F|\n|teampreview|4\n|inactive|Battle timer is ON: inactive players will automatically lose when time's up. (requested by GodofSOHAI)\n|\n|t:|1776350050\n|teamsize|p1|4\n|teamsize|p2|4\n|start\n|switch|p1a: Araquanid|Araquanid, L50, F|100/100\n|switch|p1b: Sinistcha|Sinistcha, L50|100/100\n|switch|p2a: Froslass|Froslass, L50, F|100/100\n|switch|p2b: Garchomp|Garchomp, L50, F|100/100\n|turn|1\n|\n|t:|1776350070\n|detailschange|p2a: Froslass|Froslass-Mega, L50, F\n|-mega|p2a: Froslass|Froslass|Froslassite\n|-weather|Snowscape|[from] ability: Snow Warning|[of] p2a: Froslass\n|move|p1a: Araquanid|Wide Guard|p1a: Araquanid\n|-singleturn|p1a: Araquanid|Wide Guard\n|move|p2b: Garchomp|Rock Slide|p1b: Sinistcha|[spread] \n|-activate|p1a: Araquanid|move: Wide Guard\n|-activate|p1b: Sinistcha|move: Wide Guard\n|move|p2a: Froslass|Aurora Veil|p2a: Froslass\n|-sidestart|p2: GodofSOHAI|move: Aurora Veil\n|move|p1b: Sinistcha|Trick Room|p1b: Sinistcha\n|-fieldstart|move: Trick Room|[of] p1b: Sinistcha\n|\n|-weather|Snowscape|[upkeep]\n|upkeep\n|turn|2\n|inactive|GodofSOHAI has 30 seconds left.\n|\n|t:|1776350105\n|move|p1a: Araquanid|Rain Dance|p1a: Araquanid\n|-weather|RainDance\n|move|p1b: Sinistcha|Matcha Gotcha|p2b: Garchomp|[spread] p2a,p2b\n|-damage|p2a: Froslass|82/100\n|-damage|p2b: Garchomp|82/100\n|move|p2a: Froslass|Shadow Ball|p1b: Sinistcha\n|-supereffective|p1b: Sinistcha|1\n|-damage|p1b: Sinistcha|16/100\n|move|p2b: Garchomp|Rock Slide|p1a: Araquanid|[spread] p1a,p1b\n|-supereffective|p1a: Araquanid|1\n|-damage|p1a: Araquanid|58/100\n|-damage|p1b: Sinistcha|0 fnt\n|faint|p1b: Sinistcha\n|\n|-weather|RainDance|[upkeep]\n|upkeep\n|\n|t:|1776350119\n|switch|p1b: Drampa|Drampa, L50, F, shiny|100/100\n|-ability|p1b: Drampa|Cloud Nine\n|turn|3\n|inactive|Yellowalsomellow has 30 seconds left.\n|inactive|GodofSOHAI has 30 seconds left.\n|\n|t:|1776350147\n|switch|p2b: Kingambit|Kingambit, L50, F|100/100\n|detailschange|p1b: Drampa|Drampa-Mega, L50, F, shiny\n|-mega|p1b: Drampa|Drampa|Drampanite\n|move|p2a: Froslass|Protect|p2a: Froslass\n|-singleturn|p2a: Froslass|Protect\n|move|p1a: Araquanid|Wide Guard|p1a: Araquanid\n|-singleturn|p1a: Araquanid|Wide Guard\n|move|p1b: Drampa|Calm Mind|p1b: Drampa\n|-boost|p1b: Drampa|spa|1\n|-boost|p1b: Drampa|spd|1\n|\n|-weather|RainDance|[upkeep]\n|upkeep\n|turn|4\n|\n|t:|1776350171\n|switch|p1a: Oranguru|Oranguru, L50, F|100/100\n|switch|p2a: Milotic|Milotic, L50, M|100/100\n|move|p1b: Drampa|Dragon Pulse|p2a: Milotic\n|-damage|p2a: Milotic|60/100\n|move|p2b: Kingambit|Low Kick|p1b: Drampa\n|-supereffective|p1b: Drampa|1\n|-damage|p1b: Drampa|23/100\n|-ability|p1b: Drampa|Berserk|boost\n|-boost|p1b: Drampa|spa|1\n|\n|-weather|RainDance|[upkeep]\n|-heal|p2a: Milotic|66/100|[from] item: Leftovers\n|upkeep\n|turn|5\n|inactive|Yellowalsomellow has 30 seconds left.\n|inactive|GodofSOHAI has 30 seconds left.\n|inactive|Yellowalsomellow has 20 seconds left.\n|inactive|GodofSOHAI has 20 seconds left.\n|\n|t:|1776350208\n|move|p2b: Kingambit|Sucker Punch|p1b: Drampa\n|-damage|p1b: Drampa|0 fnt\n|faint|p1b: Drampa\n|move|p1a: Oranguru|Instruct|p1: Drampa|[notarget]\n|-fail|p1a: Oranguru\n|move|p2a: Milotic|Coil|p2a: Milotic\n|-boost|p2a: Milotic|atk|1\n|-boost|p2a: Milotic|def|1\n|-boost|p2a: Milotic|accuracy|1\n|\n|-weather|RainDance|[upkeep]\n|-heal|p2a: Milotic|72/100|[from] item: Leftovers\n|-sideend|p2: GodofSOHAI|move: Aurora Veil\n|-fieldend|move: Trick Room\n|upkeep\n|-message|Yellowalsomellow forfeited.\n|\n|win|GodofSOHAI\n|raw|Yellowalsomellow's rating: 1243 &rarr; <strong>1212</strong><br />(-31 for losing)\n|raw|GodofSOHAI's rating: 1157 &rarr; <strong>1188</strong><br />(+31 for winning)\n|l|\u2606Yellowalsomellow\n|player|p1|\n",
  "uploadtime": 1776350325,
  "views": 30,
  "formatid": "gen9championsvgc2026regma",
  "rating": 1188,
  "private": 0,
  "password": null
}