{
  "id": "gen9championsvgc2026regma-2581305365",
  "format": "[Gen 9 Champions] VGC 2026 Reg M-A",
  "players": [
    "mrgreen123654",
    "yohanitaro"
  ],
  "log": "|j|\u2606mrgreen123654\n|j|\u2606yohanitaro\n|t:|1775984138\n|gametype|doubles\n|player|p1|mrgreen123654|scientist-gen4dp|1242\n|player|p2|yohanitaro|twins-gen4|1334\n|gen|9\n|tier|[Gen 9 Champions] VGC 2026 Reg M-A\n|rated|\n|rule|Species Clause: Limit one of each Pok\u00e9mon\n|rule|Item Clause: Limit 1 of each item\n|clearpoke\n|poke|p1|Froslass, L50, F|\n|poke|p1|Beartic, L50, M|\n|poke|p1|Goodra-Hisui, L50, F|\n|poke|p1|Incineroar, L50, F|\n|poke|p1|Whimsicott, L50, F|\n|poke|p1|Sinistcha, L50|\n|poke|p2|Incineroar, L50, F|\n|poke|p2|Sneasler, L50, F|\n|poke|p2|Garchomp, L50, F|\n|poke|p2|Rotom-Wash, L50|\n|poke|p2|Charizard, L50, M|\n|poke|p2|Venusaur, L50, M|\n|teampreview|4\n|inactive|Battle timer is ON: inactive players will automatically lose when time's up. (requested by yohanitaro)\n|j| gE1xjZRtuhW2DdT0AK\n|inactive|mrgreen123654 has 60 seconds left.\n|inactive|yohanitaro has 60 seconds left.\n|\n|t:|1775984194\n|teamsize|p1|4\n|teamsize|p2|4\n|start\n|switch|p1a: Froslass|Froslass, L50, F|100/100\n|switch|p1b: Whimsicott|Whimsicott, L50, F|100/100\n|switch|p2a: Garchomp|Garchomp, L50, F|100/100\n|switch|p2b: Charizard|Charizard, L50, M|100/100\n|turn|1\n|inactive|yohanitaro has 30 seconds left.\n|inactive|yohanitaro has 20 seconds left.\n|\n|t:|1775984232\n|move|p1a: Froslass|Protect|p1a: Froslass\n|-singleturn|p1a: Froslass|Protect\n|move|p2b: Charizard|Protect|p2b: Charizard\n|-singleturn|p2b: Charizard|Protect\n|move|p1b: Whimsicott|Tailwind|p1b: Whimsicott\n|-sidestart|p1: mrgreen123654|move: Tailwind\n|move|p2a: Garchomp|Bulldoze|p1a: Froslass|[spread] p1b\n|-activate|p2b: Charizard|move: Protect\n|-activate|p1a: Froslass|move: Protect\n|-resisted|p1b: Whimsicott|1\n|-damage|p1b: Whimsicott|83/100\n|-unboost|p1b: Whimsicott|spe|1\n|\n|upkeep\n|turn|2\n|inactive|mrgreen123654 has 30 seconds left.\n|inactive|yohanitaro has 30 seconds left.\n|\n|t:|1775984259\n|switch|p1a: Sinistcha|Sinistcha, L50|100/100\n|-heal|p1b: Whimsicott|100/100|[from] ability: Hospitality|[of] p1a: Sinistcha\n|detailschange|p2b: Charizard|Charizard-Mega-Y, L50, M\n|-mega|p2b: Charizard|Charizard|Charizardite Y\n|-weather|SunnyDay|[from] ability: Drought|[of] p2b: Charizard\n|move|p1b: Whimsicott|Encore|p2b: Charizard\n|-start|p2b: Charizard|Encore\n|move|p2b: Charizard|Protect||[still]\n|-fail|p2b: Charizard\n|move|p2a: Garchomp|Bulldoze|p1a: Sinistcha|[spread] p1b\n|-immune|p2b: Charizard\n|-miss|p2a: Garchomp|p1a: Sinistcha\n|-resisted|p1b: Whimsicott|1\n|-damage|p1b: Whimsicott|82/100\n|-unboost|p1b: Whimsicott|spe|1\n|\n|-weather|SunnyDay|[upkeep]\n|upkeep\n|turn|3\n|inactive|yohanitaro has 30 seconds left.\n|\n|t:|1775984293\n|switch|p2a: Venusaur|Venusaur, L50, M|100/100\n|switch|p2b: Incineroar|Incineroar, L50, F|100/100\n|-ability|p2b: Incineroar|Intimidate|boost\n|-unboost|p1a: Sinistcha|atk|1\n|-unboost|p1b: Whimsicott|atk|1\n|move|p1b: Whimsicott|Moonblast|p2a: Venusaur\n|-resisted|p2a: Venusaur|1\n|-damage|p2a: Venusaur|81/100\n|move|p1a: Sinistcha|Life Dew||[still]|[spread] p1a,p1b\n|-fail|p1a: Sinistcha|heal\n|-heal|p1b: Whimsicott|100/100\n|\n|-weather|SunnyDay|[upkeep]\n|upkeep\n|turn|4\n|inactive|mrgreen123654 has 30 seconds left.\n|\n|t:|1775984320\n|switch|p1b: Goodra|Goodra-Hisui, L50, F|100/100\n|move|p2a: Venusaur|Sludge Bomb|p1b: Goodra\n|-immune|p1b: Goodra\n|move|p1a: Sinistcha|Shadow Ball|p2a: Venusaur\n|-crit|p2a: Venusaur\n|-damage|p2a: Venusaur|11/100\n|move|p2b: Incineroar|Darkest Lariat|p1a: Sinistcha|[miss]\n|-miss|p2b: Incineroar|p1a: Sinistcha\n|\n|-weather|SunnyDay|[upkeep]\n|-sideend|p1: mrgreen123654|move: Tailwind\n|upkeep\n|turn|5\n|inactive|mrgreen123654 has 30 seconds left.\n|\n|t:|1775984346\n|switch|p1a: Whimsicott|Whimsicott, L50, F|100/100\n|move|p2a: Venusaur|Protect|p2a: Venusaur\n|-singleturn|p2a: Venusaur|Protect\n|move|p2b: Incineroar|Darkest Lariat|p1a: Whimsicott\n|-resisted|p1a: Whimsicott|1\n|-damage|p1a: Whimsicott|69/100\n|move|p1b: Goodra|Shelter|p1b: Goodra\n|-boost|p1b: Goodra|def|2\n|\n|-weather|SunnyDay|[upkeep]\n|upkeep\n|turn|6\n|\n|t:|1775984368\n|switch|p2a: Garchomp|Garchomp, L50, F|100/100\n|move|p1a: Whimsicott|Encore||[still]\n|-fail|p1a: Whimsicott\n|move|p2b: Incineroar|Flare Blitz|p1a: Whimsicott\n|-supereffective|p1a: Whimsicott|1\n|-damage|p1a: Whimsicott|0 fnt\n|faint|p1a: Whimsicott\n|-damage|p2b: Incineroar|85/100|[from] Recoil\n|move|p1b: Goodra|Body Press|p2b: Incineroar\n|-supereffective|p2b: Incineroar|1\n|-damage|p2b: Incineroar|0 fnt\n|faint|p2b: Incineroar\n|\n|-weather|none\n|upkeep\n|\n|t:|1775984386\n|switch|p1a: Froslass|Froslass, L50, F|100/100\n|switch|p2b: Venusaur|Venusaur, L50, M|11/100\n|turn|7\n|\n|t:|1775984405\n|switch|p1a: Sinistcha|Sinistcha, L50|100/100\n|switch|p2b: Charizard|Charizard-Mega-Y, L50, M|100/100\n|-weather|SunnyDay|[from] ability: Drought|[of] p2b: Charizard\n|move|p2a: Garchomp|Earthquake|p1b: Goodra|[spread] p1a,p1b\n|-immune|p2b: Charizard\n|-resisted|p1a: Sinistcha|1\n|-supereffective|p1b: Goodra|1\n|-damage|p1a: Sinistcha|80/100\n|-damage|p1b: Goodra|61/100\n|move|p1b: Goodra|Draco Meteor|p2a: Garchomp\n|-supereffective|p2a: Garchomp|1\n|-damage|p2a: Garchomp|0 fnt\n|-unboost|p1b: Goodra|spa|2\n|faint|p2a: Garchomp\n|\n|-weather|SunnyDay|[upkeep]\n|-heal|p1b: Goodra|67/100|[from] item: Leftovers\n|upkeep\n|\n|t:|1775984421\n|switch|p2a: Venusaur|Venusaur, L50, M|11/100\n|turn|8\n|\n|t:|1775984434\n|move|p2a: Venusaur|Sludge Bomb|p1a: Sinistcha\n|-damage|p1a: Sinistcha|29/100\n|-status|p1a: Sinistcha|psn\n|move|p2b: Charizard|Weather Ball|p1b: Goodra\n|-damage|p1b: Goodra|8/100\n|move|p1a: Sinistcha|Life Dew|p1a: Sinistcha|[spread] p1a,p1b\n|-heal|p1a: Sinistcha|54/100 psn\n|-heal|p1b: Goodra|32/100\n|move|p1b: Goodra|Body Press|p2a: Venusaur\n|-resisted|p2a: Venusaur|1\n|-damage|p2a: Venusaur|0 fnt\n|faint|p2a: Venusaur\n|\n|-weather|SunnyDay|[upkeep]\n|-heal|p1b: Goodra|38/100|[from] item: Leftovers\n|-damage|p1a: Sinistcha|42/100 psn|[from] psn\n|upkeep\n|turn|9\n|\n|t:|1775984456\n|move|p2b: Charizard|Heat Wave|p1a: Sinistcha|[spread] p1a\n|-miss|p2b: Charizard|p1b: Goodra\n|-supereffective|p1a: Sinistcha|1\n|-damage|p1a: Sinistcha|0 fnt\n|faint|p1a: Sinistcha\n|move|p1b: Goodra|Body Press|p2b: Charizard\n|-resisted|p2b: Charizard|1\n|-crit|p2b: Charizard\n|-damage|p2b: Charizard|51/100\n|\n|-weather|SunnyDay|[upkeep]\n|-heal|p1b: Goodra|44/100|[from] item: Leftovers\n|upkeep\n|\n|t:|1775984461\n|switch|p1a: Froslass|Froslass, L50, F|100/100\n|turn|10\n|\n|t:|1775984469\n|detailschange|p1a: Froslass|Froslass-Mega, L50, F\n|-mega|p1a: Froslass|Froslass|Froslassite\n|-weather|Snowscape|[from] ability: Snow Warning|[of] p1a: Froslass\n|move|p1a: Froslass|Blizzard|p2b: Charizard\n|-damage|p2b: Charizard|0 fnt\n|faint|p2b: Charizard\n|\n|win|mrgreen123654\n|raw|mrgreen123654's rating: 1242 &rarr; <strong>1273</strong><br />(+31 for winning)\n|raw|yohanitaro's rating: 1334 &rarr; <strong>1309</strong><br />(-25 for losing)\n|l|\u2606yohanitaro\n|player|p2|\n",
  "uploadtime": 1775984558,
  "views": 24,
  "formatid": "gen9championsvgc2026regma",
  "rating": 1273,
  "private": 0,
  "password": null
}