{
  "id": "gen9championsvgc2026regma-2584142985",
  "format": "[Gen 9 Champions] VGC 2026 Reg M-A",
  "players": [
    "horriblemonsplayer",
    "thec00ldod"
  ],
  "log": "|j|\u2606horriblemonsplayer\n|j|\u2606thec00ldod\n|t:|1776230105\n|gametype|doubles\n|player|p1|horriblemonsplayer|266|\n|player|p2|thec00ldod|266|\n|gen|9\n|tier|[Gen 9 Champions] VGC 2026 Reg M-A\n|rated|Tournament battle\n|rule|Species Clause: Limit one of each Pok\u00e9mon\n|rule|Item Clause: Limit 1 of each item\n|raw|<div class=\"infobox\"><details class=\"readmore\" open><summary><strong>1 custom rule:</strong></summary> Force Open Team Sheets</details></div>\n|clearpoke\n|poke|p1|Glimmora, L50, M|\n|poke|p1|Talonflame, L50, F|\n|poke|p1|Garchomp, L50, M|\n|poke|p1|Rotom-Wash, L50|\n|poke|p1|Gardevoir, L50, F|\n|poke|p1|Incineroar, L50, F|\n|poke|p2|Meganium, L50, M|\n|poke|p2|Starmie, L50|\n|poke|p2|Incineroar, L50, F|\n|poke|p2|Ninetales-Alola, L50, M|\n|poke|p2|Aegislash, L50, M|\n|poke|p2|Maushold, L50|\n|teampreview|4\n|showteam|p1|Glimmora||Glimmoranite|ToxicDebris|SludgeBomb,PowerGem,SpikyShield,EarthPower|||M|||50|]Talonflame||SharpBeak|FlameBody|BraveBird,Tailwind,Protect,Taunt|||F|||50|]Garchomp||SoftSand|RoughSkin|Earthquake,StompingTantrum,Protect,DragonClaw|||M|||50|]Rotom-Wash||SitrusBerry|Levitate|Thunderbolt,HydroPump,VoltSwitch,WillOWisp||||||50|]Gardevoir||ChoiceScarf|Telepathy|DazzlingGleam,Moonblast,Psychic,IcyWind|||F|||50|]Incineroar||LumBerry|Intimidate|FlareBlitz,DarkestLariat,FakeOut,PartingShot|||F|||50|\n|showteam|p2|Meganium||Meganiumite|Overgrow|SolarBeam,DazzlingGleam,WeatherBall,Protect|||M|||50|]Starmie||Starminite|NaturalCure|Liquidation,ZenHeadbutt,IceSpinner,Protect||||||50|]Incineroar||SitrusBerry|Intimidate|FakeOut,FlareBlitz,DarkestLariat,PartingShot|||F|||50|]Ninetales-Alola||LumBerry|SnowWarning|AuroraVeil,Blizzard,Protect,Moonblast|||M|||50|]Aegislash||Leftovers|StanceChange|KingsShield,SwordsDance,ShadowSneak,SacredSword|||M|||50|]Maushold||FocusSash|FriendGuard|FollowMe,ThunderWave,Protect||||||50|\n|inactive|Battle timer is ON: inactive players will automatically lose when time's up. (requested by thec00ldod)\nhorriblemonsplayer has agreed to open team sheets.\nthec00ldod has agreed to open team sheets.\n|showteam|p1|Glimmora||Glimmoranite|ToxicDebris|SludgeBomb,PowerGem,SpikyShield,EarthPower|||M|||50|]Talonflame||SharpBeak|FlameBody|BraveBird,Tailwind,Protect,Taunt|||F|||50|]Garchomp||SoftSand|RoughSkin|Earthquake,StompingTantrum,Protect,DragonClaw|||M|||50|]Rotom-Wash||SitrusBerry|Levitate|Thunderbolt,HydroPump,VoltSwitch,WillOWisp||||||50|]Gardevoir||ChoiceScarf|Telepathy|DazzlingGleam,Moonblast,Psychic,IcyWind|||F|||50|]Incineroar||LumBerry|Intimidate|FlareBlitz,DarkestLariat,FakeOut,PartingShot|||F|||50|\n|showteam|p2|Meganium||Meganiumite|Overgrow|SolarBeam,DazzlingGleam,WeatherBall,Protect|||M|||50|]Starmie||Starminite|NaturalCure|Liquidation,ZenHeadbutt,IceSpinner,Protect||||||50|]Incineroar||SitrusBerry|Intimidate|FakeOut,FlareBlitz,DarkestLariat,PartingShot|||F|||50|]Ninetales-Alola||LumBerry|SnowWarning|AuroraVeil,Blizzard,Protect,Moonblast|||M|||50|]Aegislash||Leftovers|StanceChange|KingsShield,SwordsDance,ShadowSneak,SacredSword|||M|||50|]Maushold||FocusSash|FriendGuard|FollowMe,ThunderWave,Protect||||||50|\n|inactive|horriblemonsplayer has 60 seconds left.\n|inactive|thec00ldod has 60 seconds left.\n|inactive|horriblemonsplayer has 30 seconds left.\n|\n|t:|1776230178\n|teamsize|p1|4\n|teamsize|p2|4\n|start\n|switch|p1a: Talonflame|Talonflame, L50, F|100/100\n|switch|p1b: Rotom|Rotom-Wash, L50|100/100\n|switch|p2a: Starmie|Starmie, L50|100/100\n|switch|p2b: Incineroar|Incineroar, L50, F|100/100\n|-ability|p2b: Incineroar|Intimidate|boost\n|-unboost|p1a: Talonflame|atk|1\n|-unboost|p1b: Rotom|atk|1\n|turn|1\n|\n|t:|1776230199\n|detailschange|p2a: Starmie|Starmie-Mega, L50\n|-mega|p2a: Starmie|Starmie|Starminite\n|move|p1a: Talonflame|Protect|p1a: Talonflame\n|-singleturn|p1a: Talonflame|Protect\n|move|p2b: Incineroar|Fake Out|p1b: Rotom\n|-damage|p1b: Rotom|88/100\n|move|p2a: Starmie|Zen Headbutt|p1b: Rotom\n|-damage|p1b: Rotom|14/100\n|-enditem|p1b: Rotom|Sitrus Berry|[eat]\n|-heal|p1b: Rotom|39/100|[from] item: Sitrus Berry\n|cant|p1b: Rotom|flinch\n|\n|upkeep\n|turn|2\n|\n|t:|1776230214\n|move|p1a: Talonflame|Tailwind|p1a: Talonflame\n|-sidestart|p1: horriblemonsplayer|move: Tailwind\n|move|p1b: Rotom|Will-O-Wisp|p2a: Starmie\n|-status|p2a: Starmie|brn\n|move|p2a: Starmie|Zen Headbutt|p1b: Rotom\n|-damage|p1b: Rotom|0 fnt\n|faint|p1b: Rotom\n|move|p2b: Incineroar|Darkest Lariat|p1a: Talonflame\n|-damage|p1a: Talonflame|50/100\n|-immune|p2b: Incineroar\n|\n|-damage|p2a: Starmie|95/100 brn|[from] brn\n|upkeep\n|\n|t:|1776230226\n|switch|p1b: Incineroar|Incineroar, L50, F|100/100\n|-ability|p1b: Incineroar|Intimidate|boost\n|-unboost|p2a: Starmie|atk|1\n|-unboost|p2b: Incineroar|atk|1\n|turn|3\n|\n|t:|1776230239\n|switch|p2a: Maushold|Maushold, L50|100/100\n|move|p1a: Talonflame|Brave Bird|p2a: Maushold\n|-damage|p2a: Maushold|52/100\n|-damage|p1a: Talonflame|31/100|[from] Recoil\n|move|p1b: Incineroar|Parting Shot|p2a: Maushold\n|-unboost|p2a: Maushold|atk|1\n|-unboost|p2a: Maushold|spa|1\n|\n|t:|1776230246\n|switch|p1b: Glimmora|Glimmora, L50, M|100/100|[from] Parting Shot\n|move|p2b: Incineroar|Parting Shot|p1b: Glimmora\n|-unboost|p1b: Glimmora|atk|1\n|-unboost|p1b: Glimmora|spa|1\n|\n|t:|1776230252\n|switch|p2b: Aegislash|Aegislash, L50, M|100/100|[from] Parting Shot\n|\n|upkeep\n|turn|4\n|\n|t:|1776230271\n|move|p1b: Glimmora|Spiky Shield|p1b: Glimmora\n|-singleturn|p1b: Glimmora|move: Protect\n|move|p2a: Maushold|Follow Me|p2a: Maushold\n|-singleturn|p2a: Maushold|move: Follow Me\n|move|p1a: Talonflame|Taunt|p2a: Maushold\n|-start|p2a: Maushold|move: Taunt\n|move|p2b: Aegislash|Swords Dance|p2b: Aegislash\n|-boost|p2b: Aegislash|atk|2\n|\n|upkeep\n|turn|5\n|\n|t:|1776230292\n|switch|p1a: Incineroar|Incineroar, L50, F|100/100\n|-ability|p1a: Incineroar|Intimidate|boost\n|-unboost|p2a: Maushold|atk|1\n|-unboost|p2b: Aegislash|atk|1\n|switch|p2a: Incineroar|Incineroar, L50, F|100/100\n|-ability|p2a: Incineroar|Intimidate|boost\n|-unboost|p1a: Incineroar|atk|1\n|-unboost|p1b: Glimmora|atk|1\n|detailschange|p1b: Glimmora|Glimmora-Mega, L50, M\n|-mega|p1b: Glimmora|Glimmora|Glimmoranite\n|-formechange|p2b: Aegislash|Aegislash-Blade|\n|move|p2b: Aegislash|Shadow Sneak|p1a: Incineroar\n|-resisted|p1a: Incineroar|1\n|-damage|p1a: Incineroar|84/100\n|move|p1b: Glimmora|Earth Power|p2b: Aegislash\n|-supereffective|p2b: Aegislash|1\n|-damage|p2b: Aegislash|5/100\n|\n|-heal|p2b: Aegislash|11/100|[from] item: Leftovers\n|-sideend|p1: horriblemonsplayer|move: Tailwind\n|upkeep\n|turn|6\n|\n|t:|1776230313\n|switch|p1b: Talonflame|Talonflame, L50, F|31/100\n|move|p2a: Incineroar|Fake Out|p1a: Incineroar\n|-damage|p1a: Incineroar|74/100\n|cant|p1a: Incineroar|flinch\n|move|p2b: Aegislash|Sacred Sword|p1a: Incineroar\n|-supereffective|p1a: Incineroar|1\n|-damage|p1a: Incineroar|0 fnt\n|faint|p1a: Incineroar\n|\n|-heal|p2b: Aegislash|17/100|[from] item: Leftovers\n|upkeep\n|\n|t:|1776230322\n|switch|p1a: Glimmora|Glimmora-Mega, L50, M|100/100\n|turn|7\n|\n|t:|1776230330\n|switch|p2b: Maushold|Maushold, L50|52/100\n|move|p1b: Talonflame|Protect|p1b: Talonflame\n|-singleturn|p1b: Talonflame|Protect\n|move|p1a: Glimmora|Power Gem|p2a: Incineroar\n|-supereffective|p2a: Incineroar|1\n|-damage|p2a: Incineroar|2/100\n|-enditem|p2a: Incineroar|Sitrus Berry|[eat]\n|-heal|p2a: Incineroar|27/100|[from] item: Sitrus Berry\n|move|p2a: Incineroar|Parting Shot|p1b: Talonflame\n|-activate|p1b: Talonflame|move: Protect\n|\n|upkeep\n|turn|8\n|j| PhantomzTK\n|\n|t:|1776230347\n|move|p2b: Maushold|Follow Me|p2b: Maushold\n|-singleturn|p2b: Maushold|move: Follow Me\n|move|p1b: Talonflame|Tailwind|p1b: Talonflame\n|-sidestart|p1: horriblemonsplayer|move: Tailwind\n|move|p1a: Glimmora|Power Gem|p2b: Maushold\n|-damage|p2b: Maushold|0 fnt\n|faint|p2b: Maushold\n|move|p2a: Incineroar|Darkest Lariat|p1b: Talonflame\n|-damage|p1b: Talonflame|0 fnt\n|faint|p1b: Talonflame\n|\n|upkeep\n|\n|t:|1776230354\n|switch|p2b: Starmie|Starmie-Mega, L50|95/100 brn\n|turn|9\n|\n|t:|1776230363\n|move|p1a: Glimmora|Spiky Shield|p1a: Glimmora\n|-singleturn|p1a: Glimmora|move: Protect\n|move|p2b: Starmie|Liquidation|p1a: Glimmora\n|-activate|p1a: Glimmora|move: Protect\n|-damage|p2b: Starmie|83/100 brn|[from] Spiky Shield|[of] p1a: Glimmora\n|move|p2a: Incineroar|Parting Shot|p1a: Glimmora\n|-activate|p1a: Glimmora|move: Protect\n|\n|-damage|p2b: Starmie|77/100 brn|[from] brn\n|upkeep\n|turn|10\n|\n|t:|1776230375\n|move|p1a: Glimmora|Sludge Bomb|p2b: Starmie\n|-damage|p2b: Starmie|0 fnt\n|faint|p2b: Starmie\n|move|p2a: Incineroar|Parting Shot|p1a: Glimmora\n|-unboost|p1a: Glimmora|atk|1\n|-unboost|p1a: Glimmora|spa|1\n|\n|t:|1776230379\n|switch|p2a: Aegislash|Aegislash, L50, M|17/100|[from] Parting Shot\n|\n|-heal|p2a: Aegislash|23/100|[from] item: Leftovers\n|upkeep\n|\n|t:|1776230380\n|switch|p2b: Incineroar|Incineroar, L50, F|27/100\n|-ability|p2b: Incineroar|Intimidate|boost\n|-unboost|p1a: Glimmora|atk|1\n|turn|11\n|\n|t:|1776230391\n|move|p1a: Glimmora|Spiky Shield|p1a: Glimmora\n|-singleturn|p1a: Glimmora|move: Protect\n|move|p2b: Incineroar|Fake Out|p1a: Glimmora\n|-activate|p1a: Glimmora|move: Protect\n|-damage|p2b: Incineroar|15/100|[from] Spiky Shield|[of] p1a: Glimmora\n|move|p2a: Aegislash|Swords Dance|p2a: Aegislash\n|-boost|p2a: Aegislash|atk|2\n|\n|-heal|p2a: Aegislash|29/100|[from] item: Leftovers\n|-sideend|p1: horriblemonsplayer|move: Tailwind\n|upkeep\n|turn|12\n|\n|t:|1776230400\n|move|p2a: Aegislash|King's Shield|p2a: Aegislash\n|-singleturn|p2a: Aegislash|Protect\n|move|p1a: Glimmora|Earth Power|p2a: Aegislash\n|-activate|p2a: Aegislash|move: Protect\n|move|p2b: Incineroar|Darkest Lariat|p1a: Glimmora\n|-damage|p1a: Glimmora|62/100\n|\n|-heal|p2a: Aegislash|35/100|[from] item: Leftovers\n|upkeep\n|turn|13\n|j| pokeveteran04\n|\n|t:|1776230414\n|-formechange|p2a: Aegislash|Aegislash-Blade|\n|move|p2a: Aegislash|Shadow Sneak|p1a: Glimmora\n|-damage|p1a: Glimmora|12/100\n|move|p1a: Glimmora|Earth Power|p2a: Aegislash\n|-supereffective|p2a: Aegislash|1\n|-damage|p2a: Aegislash|0 fnt\n|faint|p2a: Aegislash\n|move|p2b: Incineroar|Darkest Lariat|p1a: Glimmora\n|-damage|p1a: Glimmora|0 fnt\n|faint|p1a: Glimmora\n|\n|win|thec00ldod\n|n|\u2606horriblemonsplayer|horriblemonsplayer\n|n|\u2606thec00ldod|thec00ldod\n|n| PhantomzTK|phantomztk\n|n| pokeveteran04|pokeveteran04\n",
  "uploadtime": 1776230415,
  "views": 19,
  "formatid": "gen9championsvgc2026regma",
  "rating": null,
  "private": 0,
  "password": null
}