{
  "id": "gen9championsvgc2026regma-2582904281",
  "format": "[Gen 9 Champions] VGC 2026 Reg M-A",
  "players": [
    "It'sJustKen VGC",
    "the boy savior"
  ],
  "log": "|j|\u2606It'sJustKen VGC\n|j|\u2606the boy savior\n|t:|1776123648\n|gametype|doubles\n|player|p1|It'sJustKen VGC|169|1065\n|player|p2|the boy savior|101|1089\n|gen|9\n|tier|[Gen 9 Champions] VGC 2026 Reg M-A\n|rated|\n|rule|Species Clause: Limit one of each Pok\u00e9mon\n|rule|Item Clause: Limit 1 of each item\n|clearpoke\n|poke|p1|Kingambit, L50, F|\n|poke|p1|Clefable, L50, M|\n|poke|p1|Chimecho, L50, F|\n|poke|p1|Golurk, L50|\n|poke|p1|Rotom-Wash, L50|\n|poke|p1|Hawlucha, L50, M|\n|poke|p2|Kleavor, L50, M|\n|poke|p2|Lopunny, L50, F|\n|poke|p2|Pelipper, L50, F|\n|poke|p2|Basculegion, L50, M|\n|poke|p2|Tinkaton, L50, F|\n|poke|p2|Archaludon, L50, F|\n|teampreview|4\n|inactive|Battle timer is ON: inactive players will automatically lose when time's up. (requested by It'sJustKen VGC)\n|\n|t:|1776123671\n|teamsize|p1|4\n|teamsize|p2|4\n|start\n|switch|p1a: Supportive Friend|Hawlucha, L50, M|100/100\n|switch|p1b: Pet|Rotom-Wash, L50|100/100\n|switch|p2a: Weather Report|Pelipper, L50, F, shiny|100/100\n|switch|p2b: Aqua Necklace|Basculegion, L50, M, shiny|100/100\n|-ability|p1a: Supportive Friend|Mold Breaker\n|-weather|RainDance|[from] ability: Drizzle|[of] p2a: Weather Report\n|turn|1\n|inactive|It'sJustKen VGC has 30 seconds left.\n|inactive|It'sJustKen VGC has 20 seconds left.\n|inactive|It'sJustKen VGC has 15 seconds left.\n|\n|t:|1776123715\n|switch|p2a: Super Fly|Archaludon, L50, F|100/100\n|detailschange|p1a: Supportive Friend|Hawlucha-Mega, L50, M\n|-mega|p1a: Supportive Friend|Hawlucha|Hawluchanite\n|move|p1b: Pet|Volt Switch|p2b: Aqua Necklace\n|-supereffective|p2b: Aqua Necklace|1\n|-damage|p2b: Aqua Necklace|23/100\n|\n|t:|1776123718\n|switch|p1b: The Final Boss|Kingambit, L50, F|100/100|[from] Volt Switch\n|move|p2b: Aqua Necklace|Flip Turn|p1b: The Final Boss\n|-damage|p1b: The Final Boss|57/100\n|\n|t:|1776123730\n|switch|p2b: Weather Report|Pelipper, L50, F, shiny|100/100|[from] Flip Turn\n|move|p1a: Supportive Friend|Entrainment|p1b: The Final Boss\n|-ability|p1b: The Final Boss|No Guard|Defiant|[from] move: Entrainment|[of] p1a: Supportive Friend\n|\n|-weather|RainDance|[upkeep]\n|upkeep\n|turn|2\n|\n|t:|1776123739\n|switch|p1a: Main Character|Clefable, L50, M, shiny|100/100\n|move|p1b: The Final Boss|Protect|p1b: The Final Boss\n|-singleturn|p1b: The Final Boss|Protect\n|move|p2b: Weather Report|Tailwind|p2b: Weather Report\n|-sidestart|p2: the boy savior|move: Tailwind\n|move|p2a: Super Fly|Aura Sphere|p1b: The Final Boss\n|-activate|p1b: The Final Boss|move: Protect\n|\n|-weather|RainDance|[upkeep]\n|upkeep\n|turn|3\n|\n|t:|1776123750\n|move|p1a: Main Character|Follow Me|p1a: Main Character\n|-singleturn|p1a: Main Character|move: Follow Me\n|move|p2b: Weather Report|Weather Ball|p1a: Main Character\n|-damage|p1a: Main Character|57/100\n|move|p2a: Super Fly|Flash Cannon|p1a: Main Character\n|-supereffective|p1a: Main Character|1\n|-damage|p1a: Main Character|0 fnt\n|faint|p1a: Main Character\n|move|p1b: The Final Boss|Guillotine|p2a: Super Fly\n|-damage|p2a: Super Fly|0 fnt\n|faint|p2a: Super Fly\n|-ohko\n|\n|-weather|RainDance|[upkeep]\n|upkeep\n|inactive|It'sJustKen VGC has 30 seconds left.\n|inactive|It'sJustKen VGC has 20 seconds left.\n|inactive|It'sJustKen VGC has 15 seconds left.\n|inactive|It'sJustKen VGC has 10 seconds left.\n|inactive|It'sJustKen VGC has 5 seconds left.\n|\n|t:|1776123805\n|switch|p2a: Love Deluxe|Lopunny, L50, F, shiny|100/100\n|switch|p1a: Supportive Friend|Hawlucha-Mega, L50, M|100/100\n|turn|4\n|\n|t:|1776123828\n|switch|p1a: Pet|Rotom-Wash, L50|100/100\n|detailschange|p2a: Love Deluxe|Lopunny-Mega, L50, F, shiny\n|-mega|p2a: Love Deluxe|Lopunny|Lopunnite\n|move|p1b: The Final Boss|Protect|p1b: The Final Boss\n|-singleturn|p1b: The Final Boss|Protect\n|move|p2a: Love Deluxe|Close Combat|p1b: The Final Boss\n|-activate|p1b: The Final Boss|move: Protect\n|move|p2b: Weather Report|Hurricane|p1a: Pet\n|-resisted|p1a: Pet|1\n|-crit|p1a: Pet\n|-damage|p1a: Pet|60/100\n|\n|-weather|RainDance|[upkeep]\n|upkeep\n|turn|5\n|\n|t:|1776123845\n|switch|p1b: Supportive Friend|Hawlucha-Mega, L50, M|100/100\n|move|p2a: Love Deluxe|Close Combat|p1b: Supportive Friend\n|-resisted|p1b: Supportive Friend|1\n|-damage|p1b: Supportive Friend|66/100\n|-unboost|p2a: Love Deluxe|def|1\n|-unboost|p2a: Love Deluxe|spd|1\n|move|p2b: Weather Report|Hurricane|p1a: Pet\n|-resisted|p1a: Pet|1\n|-damage|p1a: Pet|38/100\n|-start|p1a: Pet|confusion\n|-activate|p1a: Pet|confusion\n|move|p1a: Pet|Volt Switch|p2b: Weather Report\n|-supereffective|p2b: Weather Report|2\n|-damage|p2b: Weather Report|0 fnt\n|faint|p2b: Weather Report\n|\n|t:|1776123862\n|switch|p1a: The Final Boss|Kingambit, L50, F|57/100|[from] Volt Switch\n|\n|-weather|none\n|-sideend|p2: the boy savior|move: Tailwind\n|upkeep\n|\n|t:|1776123864\n|switch|p2b: Aqua Necklace|Basculegion, L50, M, shiny|23/100\n|turn|6\n|\n|t:|1776123871\n|move|p2b: Aqua Necklace|Aqua Jet|p1b: Supportive Friend\n|-damage|p1b: Supportive Friend|36/100\n|move|p1a: The Final Boss|Sucker Punch||[still]\n|-fail|p1a: The Final Boss\n|move|p2a: Love Deluxe|Close Combat|p1a: The Final Boss\n|-supereffective|p1a: The Final Boss|2\n|-damage|p1a: The Final Boss|0 fnt\n|-unboost|p2a: Love Deluxe|def|1\n|-unboost|p2a: Love Deluxe|spd|1\n|faint|p1a: The Final Boss\n|move|p1b: Supportive Friend|Brave Bird|p2a: Love Deluxe\n|-supereffective|p2a: Love Deluxe|1\n|-damage|p2a: Love Deluxe|0 fnt\n|faint|p2a: Love Deluxe\n|-damage|p1b: Supportive Friend|6/100|[from] Recoil\n|\n|upkeep\n|-message|the boy savior forfeited.\n|\n|win|It'sJustKen VGC\n|raw|It&apos;sJustKen VGC's rating: 1065 &rarr; <strong>1097</strong><br />(+32 for winning)\n|raw|the boy savior's rating: 1089 &rarr; <strong>1064</strong><br />(-25 for losing)\n|l|\u2606the boy savior\n|player|p2|\n",
  "uploadtime": 1776123921,
  "views": 9,
  "formatid": "gen9championsvgc2026regma",
  "rating": 1064,
  "private": 0,
  "password": null
}