{
  "id": "gen9championsvgc2026regma-2585272033",
  "format": "[Gen 9 Champions] VGC 2026 Reg M-A",
  "players": [
    "Zhi2",
    "TalesOfXanthar"
  ],
  "log": "|j|\u2606Zhi2\n|j|\u2606TalesOfXanthar\n|t:|1776332376\n|gametype|doubles\n|player|p1|Zhi2|101|1139\n|player|p2|TalesOfXanthar|102|1127\n|gen|9\n|tier|[Gen 9 Champions] VGC 2026 Reg M-A\n|rated|\n|rule|Species Clause: Limit one of each Pok\u00e9mon\n|rule|Item Clause: Limit 1 of each item\n|clearpoke\n|poke|p1|Pelipper, L50, M|\n|poke|p1|Blastoise, L50, F|\n|poke|p1|Starmie, L50|\n|poke|p1|Sinistcha, L50|\n|poke|p1|Kingambit, L50, M|\n|poke|p1|Garchomp, L50, F|\n|poke|p2|Appletun, L50, F|\n|poke|p2|Floette-Eternal, L50, F|\n|poke|p2|Runerigus, L50, M|\n|poke|p2|Avalugg-Hisui, L50, M|\n|poke|p2|Pikachu, L50, F|\n|poke|p2|Absol, L50, M|\n|teampreview|4\nTalesOfXanthar has agreed to open team sheets.\n|\n|t:|1776332416\n|teamsize|p1|4\n|teamsize|p2|4\n|start\n|switch|p1a: Pelipper|Pelipper, L50, M|100/100\n|switch|p1b: Garchomp|Garchomp, L50, F|100/100\n|switch|p2a: Appletun|Appletun, L50, F|100/100\n|switch|p2b: Runerigus|Runerigus, L50, M|100/100\n|-weather|RainDance|[from] ability: Drizzle|[of] p1a: Pelipper\n|turn|1\n|\n|t:|1776332435\n|move|p1b: Garchomp|Breaking Swipe|p2a: Appletun|[spread] p2a,p2b\n|-supereffective|p2a: Appletun|1\n|-damage|p2a: Appletun|53/100\n|-damage|p2b: Runerigus|84/100\n|-unboost|p2a: Appletun|atk|1\n|-unboost|p2b: Runerigus|atk|1\n|-activate|p1b: Garchomp|Skill Swap|Wandering Spirit|Rough Skin|[of] p2b: Runerigus\n|move|p1a: Pelipper|Hurricane|p2a: Appletun\n|-supereffective|p2a: Appletun|1\n|-damage|p2a: Appletun|0 fnt\n|faint|p2a: Appletun\n|move|p2b: Runerigus|Trick Room|p2b: Runerigus\n|-fieldstart|move: Trick Room|[of] p2b: Runerigus\n|\n|-weather|RainDance|[upkeep]\n|upkeep\n|\n|t:|1776332447\n|switch|p2a: Avalugg|Avalugg-Hisui, L50, M|100/100\n|turn|2\n|\n|t:|1776332468\n|switch|p1b: Kingambit|Kingambit, L50, M|100/100\n|move|p2b: Runerigus|Body Press|p1a: Pelipper\n|-resisted|p1a: Pelipper|1\n|-damage|p1a: Pelipper|87/100\n|move|p2a: Avalugg|Mountain Gale|p1b: Kingambit\n|-resisted|p1b: Kingambit|1\n|-damage|p1b: Kingambit|78/100\n|move|p1a: Pelipper|U-turn|p2b: Runerigus\n|-resisted|p2b: Runerigus|1\n|-damage|p2b: Runerigus|80/100\n|-damage|p1a: Pelipper|75/100|[from] ability: Rough Skin|[of] p2b: Runerigus\n|\n|t:|1776332480\n|switch|p1a: Starmie|Starmie, L50|100/100|[from] U-turn\n|\n|-weather|RainDance|[upkeep]\n|upkeep\n|turn|3\n|\n|t:|1776332494\n|move|p1b: Kingambit|Protect|p1b: Kingambit\n|-singleturn|p1b: Kingambit|Protect\n|move|p1a: Starmie|Protect|p1a: Starmie\n|-singleturn|p1a: Starmie|Protect\n|move|p2b: Runerigus|Body Press|p1b: Kingambit\n|-activate|p1b: Kingambit|move: Protect\n|move|p2a: Avalugg|Earthquake|p1b: Kingambit|[spread] p2b\n|-activate|p1a: Starmie|move: Protect\n|-activate|p1b: Kingambit|move: Protect\n|-damage|p2b: Runerigus|63/100\n|\n|-weather|RainDance|[upkeep]\n|upkeep\n|turn|4\n|\n|t:|1776332521\n|switch|p1a: Pelipper|Pelipper, L50, M|75/100\n|move|p1b: Kingambit|Sucker Punch|p2b: Runerigus\n|-supereffective|p2b: Runerigus|1\n|-damage|p2b: Runerigus|5/100\n|-damage|p1b: Kingambit|66/100|[from] ability: Rough Skin|[of] p2b: Runerigus\n|move|p2b: Runerigus|Body Press|p1b: Kingambit\n|-supereffective|p1b: Kingambit|2\n|-damage|p1b: Kingambit|0 fnt\n|faint|p1b: Kingambit\n|move|p2a: Avalugg|Earthquake|p1a: Pelipper|[spread] p2b\n|-immune|p1a: Pelipper\n|-damage|p2b: Runerigus|0 fnt\n|faint|p2b: Runerigus\n|\n|-weather|RainDance|[upkeep]\n|upkeep\n|\n|t:|1776332536\n|switch|p2b: Floette|Floette-Eternal, L50, F|100/100\n|switch|p1b: Starmie|Starmie, L50|100/100\n|turn|5\n|\n|t:|1776332554\n|switch|p1a: Garchomp|Garchomp, L50, F|100/100\n|detailschange|p2b: Floette|Floette-Mega, L50, F\n|-mega|p2b: Floette|Floette|Floettite\n|-ability|p2b: Floette|Fairy Aura\n|move|p1b: Starmie|Protect|p1b: Starmie\n|-singleturn|p1b: Starmie|Protect\n|move|p2a: Avalugg|Mountain Gale|p1a: Garchomp|[miss]\n|-miss|p2a: Avalugg|p1a: Garchomp\n|move|p2b: Floette|Energy Ball|p1b: Starmie\n|-activate|p1b: Starmie|move: Protect\n|\n|-weather|none\n|-fieldend|move: Trick Room\n|upkeep\n|turn|6\n|\n|t:|1776332587\n|detailschange|p1b: Starmie|Starmie-Mega, L50\n|-mega|p1b: Starmie|Starmie|Starminite\n|move|p1a: Garchomp|Rock Slide|p2b: Floette|[spread] p2a,p2b\n|-supereffective|p2a: Avalugg|1\n|-damage|p2a: Avalugg|78/100\n|-damage|p2b: Floette|77/100\n|move|p1b: Starmie|Flip Turn|p2a: Avalugg\n|-supereffective|p2a: Avalugg|1\n|-damage|p2a: Avalugg|17/100\n|\n|t:|1776332595\n|switch|p1b: Pelipper|Pelipper, L50, M|75/100|[from] Flip Turn\n|-weather|RainDance|[from] ability: Drizzle|[of] p1b: Pelipper\n|move|p2b: Floette|Energy Ball|p1b: Pelipper\n|-damage|p1b: Pelipper|24/100\n|-enditem|p1b: Pelipper|Sitrus Berry|[eat]\n|-heal|p1b: Pelipper|48/100|[from] item: Sitrus Berry\n|cant|p2a: Avalugg|flinch\n|\n|-weather|RainDance|[upkeep]\n|upkeep\n|turn|7\n|\n|t:|1776332613\n|move|p1a: Garchomp|Rock Slide|p2a: Avalugg|[spread] p2a\n|-miss|p1a: Garchomp|p2b: Floette\n|-supereffective|p2a: Avalugg|1\n|-damage|p2a: Avalugg|0 fnt\n|faint|p2a: Avalugg\n|move|p2b: Floette|Energy Ball|p1b: Pelipper\n|-damage|p1b: Pelipper|2/100\n|move|p1b: Pelipper|Hurricane|p2b: Floette\n|-damage|p2b: Floette|48/100\n|\n|-weather|RainDance|[upkeep]\n|upkeep\n|turn|8\n|\n|t:|1776332626\n|move|p1a: Garchomp|Rock Slide|p2b: Floette\n|-damage|p2b: Floette|18/100\n|move|p2b: Floette|Draining Kiss|p1a: Garchomp\n|-supereffective|p1a: Garchomp|1\n|-damage|p1a: Garchomp|9/100\n|-heal|p2b: Floette|100/100|[from] drain|[of] p1a: Garchomp\n|-damage|p2b: Floette|89/100|[from] ability: Rough Skin|[of] p1a: Garchomp\n|move|p1b: Pelipper|Hurricane|p2b: Floette\n|-damage|p2b: Floette|58/100\n|\n|-weather|RainDance|[upkeep]\n|upkeep\n|turn|9\n|\n|t:|1776332647\n|move|p1a: Garchomp|Rock Slide|p2b: Floette\n|-damage|p2b: Floette|28/100\n|move|p2b: Floette|Draining Kiss|p1b: Pelipper\n|-damage|p1b: Pelipper|0 fnt\n|-heal|p2b: Floette|29/100|[from] drain|[of] p1b: Pelipper\n|faint|p1b: Pelipper\n|\n|-weather|RainDance|[upkeep]\n|upkeep\n|\n|t:|1776332655\n|switch|p1b: Starmie|Starmie-Mega, L50|100/100\n|turn|10\n|\n|t:|1776332660\n|move|p1a: Garchomp|Rock Slide|p2b: Floette\n|-damage|p2b: Floette|0 fnt\n|faint|p2b: Floette\n|\n|win|Zhi2\n|raw|Zhi2's rating: 1139 &rarr; <strong>1163</strong><br />(+24 for winning)\n|raw|TalesOfXanthar's rating: 1127 &rarr; <strong>1103</strong><br />(-24 for losing)\n",
  "uploadtime": 1776332666,
  "views": 18,
  "formatid": "gen9championsvgc2026regma",
  "rating": 1103,
  "private": 0,
  "password": null
}