{
  "id": "gen9championsvgc2026regma-2583216701",
  "format": "[Gen 9 Champions] VGC 2026 Reg M-A",
  "players": [
    "JustJakeyVGC",
    "totolaw"
  ],
  "log": "|j|\u2606JustJakeyVGC\n|j|\u2606totolaw\n|t:|1776155834\n|gametype|doubles\n|player|p1|JustJakeyVGC|265|1355\n|player|p2|totolaw|170|1292\n|gen|9\n|tier|[Gen 9 Champions] VGC 2026 Reg M-A\n|rated|\n|rule|Species Clause: Limit one of each Pok\u00e9mon\n|rule|Item Clause: Limit 1 of each item\n|clearpoke\n|poke|p1|Whimsicott, L50, F|\n|poke|p1|Lucario, L50, M|\n|poke|p1|Incineroar, L50, F|\n|poke|p1|Basculegion, L50, M|\n|poke|p1|Farigiraf, L50, M|\n|poke|p2|Sinistcha-Masterpiece, L50|\n|poke|p2|Floette-Eternal, L50, F|\n|poke|p2|Garchomp, L50, M|\n|poke|p2|Kingambit, L50, M|\n|poke|p2|Incineroar, L50, M|\n|poke|p2|Sneasler, L50, M|\n|teampreview|4\n|\n|t:|1776155915\n|teamsize|p1|4\n|teamsize|p2|4\n|start\n|switch|p1a: Lucario|Lucario, L50, M|100/100\n|switch|p1b: Incineroar|Incineroar, L50, F|100/100\n|switch|p2a: Sneasler|Sneasler, L50, M|100/100\n|switch|p2b: Garchomp|Garchomp, L50, M|100/100\n|-ability|p1b: Incineroar|Intimidate|boost\n|-unboost|p2a: Sneasler|atk|1\n|-unboost|p2b: Garchomp|atk|1\n|turn|1\n|inactive|Battle timer is ON: inactive players will automatically lose when time's up. (requested by JustJakeyVGC)\n|\n|t:|1776155925\n|move|p2a: Sneasler|Protect|p2a: Sneasler\n|-singleturn|p2a: Sneasler|Protect\n|move|p2b: Garchomp|Protect|p2b: Garchomp\n|-singleturn|p2b: Garchomp|Protect\n|move|p1b: Incineroar|Fake Out|p2b: Garchomp\n|-activate|p2b: Garchomp|move: Protect\n|move|p1a: Lucario|Nasty Plot|p1a: Lucario\n|-boost|p1a: Lucario|spa|2\n|\n|upkeep\n|turn|2\n|\n|t:|1776155937\n|detailschange|p1a: Lucario|Lucario-Mega, L50, M\n|-mega|p1a: Lucario|Lucario|Lucarionite\n|move|p1a: Lucario|Protect|p1a: Lucario\n|-singleturn|p1a: Lucario|Protect\n|move|p2a: Sneasler|Coaching|p2b: Garchomp\n|-boost|p2b: Garchomp|atk|1\n|-boost|p2b: Garchomp|def|1\n|move|p2b: Garchomp|Stomping Tantrum|p1a: Lucario\n|-activate|p1a: Lucario|move: Protect\n|move|p1b: Incineroar|Parting Shot|p2a: Sneasler\n|-unboost|p2a: Sneasler|atk|1\n|-unboost|p2a: Sneasler|spa|1\n|\n|t:|1776155953\n|switch|p1b: Whimsicott|Whimsicott, L50, F|100/100|[from] Parting Shot\n|\n|upkeep\n|turn|3\n|\n|t:|1776155961\n|move|p2b: Garchomp|Protect|p2b: Garchomp\n|-singleturn|p2b: Garchomp|Protect\n|move|p1b: Whimsicott|Tailwind|p1b: Whimsicott\n|-sidestart|p1: JustJakeyVGC|move: Tailwind\n|move|p1a: Lucario|Flash Cannon|p2b: Garchomp\n|-activate|p2b: Garchomp|move: Protect\n|move|p2a: Sneasler|Dire Claw|p1b: Whimsicott\n|-supereffective|p1b: Whimsicott|2\n|-damage|p1b: Whimsicott|11/100\n|\n|upkeep\n|turn|4\n|\n|t:|1776155979\n|move|p1b: Whimsicott|Encore|p2b: Garchomp\n|-start|p2b: Garchomp|Encore\n|move|p2b: Garchomp|Protect|p2b: Garchomp\n|-singleturn|p2b: Garchomp|Protect\n|move|p1a: Lucario|Flash Cannon|p2a: Sneasler\n|-enditem|p2a: Sneasler|Focus Sash\n|-damage|p2a: Sneasler|1/100\n|move|p2a: Sneasler|Close Combat|p1a: Lucario\n|-supereffective|p1a: Lucario|1\n|-damage|p1a: Lucario|25/100\n|-unboost|p2a: Sneasler|def|1\n|-unboost|p2a: Sneasler|spd|1\n|\n|upkeep\n|turn|5\n|\n|t:|1776155997\n|switch|p2b: Kingambit|Kingambit, L50, M|100/100\n|move|p2a: Sneasler|Protect|p2a: Sneasler\n|-singleturn|p2a: Sneasler|Protect\n|move|p1a: Lucario|Vacuum Wave|p2a: Sneasler\n|-activate|p2a: Sneasler|move: Protect\n|move|p1b: Whimsicott|Moonblast|p2b: Kingambit\n|-damage|p2b: Kingambit|74/100\n|\n|upkeep\n|turn|6\n|\n|t:|1776156016\n|switch|p2a: Incineroar|Incineroar, L50, M|100/100\n|-ability|p2a: Incineroar|Intimidate|boost\n|-unboost|p1a: Lucario|atk|1\n|-unboost|p1b: Whimsicott|atk|1\n|move|p1b: Whimsicott|Encore|p2a: Incineroar\n|-hint|Since gen 7, Dark is immune to Prankster moves.\n|-immune|p2a: Incineroar\n|move|p1a: Lucario|Vacuum Wave|p2b: Kingambit\n|-supereffective|p2b: Kingambit|2\n|-damage|p2b: Kingambit|0 fnt\n|faint|p2b: Kingambit\n|\n|-sideend|p1: JustJakeyVGC|move: Tailwind\n|upkeep\n|\n|t:|1776156027\n|switch|p2b: Garchomp|Garchomp, L50, M|100/100\n|turn|7\n|\n|t:|1776156043\n|switch|p1b: Incineroar|Incineroar, L50, F|100/100\n|-ability|p1b: Incineroar|Intimidate|boost\n|-unboost|p2a: Incineroar|atk|1\n|-unboost|p2b: Garchomp|atk|1\n|move|p1a: Lucario|Protect|p1a: Lucario\n|-singleturn|p1a: Lucario|Protect\n|move|p2a: Incineroar|Fake Out|p1a: Lucario\n|-activate|p1a: Lucario|move: Protect\n|move|p2b: Garchomp|Stomping Tantrum|p1b: Incineroar\n|-supereffective|p1b: Incineroar|1\n|-damage|p1b: Incineroar|40/100\n|-enditem|p1b: Incineroar|Sitrus Berry|[eat]\n|-heal|p1b: Incineroar|65/100|[from] item: Sitrus Berry\n|\n|upkeep\n|turn|8\n|\n|t:|1776156063\n|switch|p2a: Sneasler|Sneasler, L50, M|1/100\n|move|p1b: Incineroar|Fake Out|p2b: Garchomp\n|-damage|p2b: Garchomp|91/100\n|-damage|p1b: Incineroar|53/100|[from] ability: Rough Skin|[of] p2b: Garchomp\n|move|p1a: Lucario|Vacuum Wave|p2a: Sneasler\n|-resisted|p2a: Sneasler|1\n|-damage|p2a: Sneasler|0 fnt\n|faint|p2a: Sneasler\n|cant|p2b: Garchomp|flinch\n|\n|upkeep\n|\n|t:|1776156072\n|switch|p2a: Incineroar|Incineroar, L50, M|100/100\n|-ability|p2a: Incineroar|Intimidate|boost\n|-unboost|p1a: Lucario|atk|1\n|-unboost|p1b: Incineroar|atk|1\n|turn|9\n|\n|t:|1776156086\n|move|p1a: Lucario|Protect|p1a: Lucario\n|-singleturn|p1a: Lucario|Protect\n|move|p2a: Incineroar|Fake Out|p1b: Incineroar\n|-damage|p1b: Incineroar|44/100\n|move|p2b: Garchomp|Stomping Tantrum|p1b: Incineroar\n|-supereffective|p1b: Incineroar|1\n|-damage|p1b: Incineroar|0 fnt\n|faint|p1b: Incineroar\n|\n|upkeep\n|\n|t:|1776156096\n|switch|p1b: Basculegion|Basculegion, L50, M|100/100\n|turn|10\n|\n|t:|1776156102\n|move|p1a: Lucario|Vacuum Wave|p2a: Incineroar\n|-supereffective|p2a: Incineroar|1\n|-damage|p2a: Incineroar|0 fnt\n|faint|p2a: Incineroar\n|move|p1b: Basculegion|Flip Turn|p2b: Garchomp\n|-damage|p2b: Garchomp|51/100\n|-damage|p1b: Basculegion|88/100|[from] ability: Rough Skin|[of] p2b: Garchomp\n|-message|totolaw forfeited.\n|\n|win|JustJakeyVGC\n|raw|JustJakeyVGC's rating: 1355 &rarr; <strong>1371</strong><br />(+16 for winning)\n|raw|totolaw's rating: 1292 &rarr; <strong>1271</strong><br />(-21 for losing)\n|l|\u2606totolaw\n|player|p2|\n",
  "uploadtime": 1776156116,
  "views": 48,
  "formatid": "gen9championsvgc2026regma",
  "rating": 1271,
  "private": 0,
  "password": null
}