{
  "id": "gen9championsvgc2026regma-2582512553",
  "format": "[Gen 9 Champions] VGC 2026 Reg M-A",
  "players": [
    "patatapsicopata",
    "thealex610"
  ],
  "log": "|j|\u2606patatapsicopata\n|j|\u2606thealex610\n|t:|1776096440\n|gametype|doubles\n|player|p1|patatapsicopata|1|1068\n|player|p2|thealex610|265|1170\n|gen|9\n|tier|[Gen 9 Champions] VGC 2026 Reg M-A\n|rated|\n|rule|Species Clause: Limit one of each Pok\u00e9mon\n|rule|Item Clause: Limit 1 of each item\n|clearpoke\n|poke|p1|Blastoise, L50, M|\n|poke|p1|Aerodactyl, L50, F|\n|poke|p1|Sneasler, L50, M|\n|poke|p1|Tyranitar, L50, M|\n|poke|p1|Aggron, L50, F|\n|poke|p1|Sinistcha, L50|\n|poke|p2|Sneasler, L50, M|\n|poke|p2|Talonflame, L50, F|\n|poke|p2|Milotic, L50, F|\n|poke|p2|Aegislash, L50, F|\n|poke|p2|Scizor, L50, F|\n|poke|p2|Tyranitar, L50, F|\n|teampreview|4\n|\n|t:|1776096484\n|teamsize|p1|4\n|teamsize|p2|4\n|start\n|switch|p1a: Sinistcha|Sinistcha, L50|100/100\n|switch|p1b: Sneasler|Sneasler, L50, M|100/100\n|switch|p2a: Sneasler|Sneasler, L50, M|100/100\n|switch|p2b: Talonflame|Talonflame, L50, F|100/100\n|turn|1\n|\n|t:|1776096509\n|move|p2b: Talonflame|Protect|p2b: Talonflame\n|-singleturn|p2b: Talonflame|Protect\n|move|p1b: Sneasler|Fake Out|p2b: Talonflame\n|-activate|p2b: Talonflame|move: Protect\n|move|p2a: Sneasler|Fake Out|p1b: Sneasler\n|-damage|p1b: Sneasler|71/100\n|move|p1a: Sinistcha|Trick Room|p1a: Sinistcha\n|-fieldstart|move: Trick Room|[of] p1a: Sinistcha\n|\n|upkeep\n|turn|2\n|\n|t:|1776096543\n|switch|p1a: Tyranitar|Tyranitar, L50, M|100/100\n|-weather|Sandstorm|[from] ability: Sand Stream|[of] p1a: Tyranitar\n|switch|p1b: Aggron|Aggron, L50, F|100/100\n|move|p2b: Talonflame|Brave Bird|p1a: Tyranitar\n|-resisted|p1a: Tyranitar|1\n|-damage|p1a: Tyranitar|78/100\n|-damage|p2b: Talonflame|91/100|[from] Recoil\n|move|p2a: Sneasler|Dire Claw|p1b: Aggron\n|-immune|p1b: Aggron\n|\n|-weather|Sandstorm|[upkeep]\n|-damage|p2a: Sneasler|95/100|[from] Sandstorm\n|-damage|p2b: Talonflame|85/100|[from] Sandstorm\n|upkeep\n|turn|3\n|\n|t:|1776096570\n|switch|p1a: Sinistcha|Sinistcha, L50|100/100\n|detailschange|p1b: Aggron|Aggron-Mega, L50, F\n|-mega|p1b: Aggron|Aggron|Aggronite\n|move|p1b: Aggron|Curse|p1b: Aggron\n|-unboost|p1b: Aggron|spe|1\n|-boost|p1b: Aggron|atk|1\n|-boost|p1b: Aggron|def|1\n|move|p2a: Sneasler|Close Combat|p1a: Sinistcha\n|-immune|p1a: Sinistcha\n|move|p2b: Talonflame|Flare Blitz|p1b: Aggron\n|-supereffective|p1b: Aggron|1\n|-crit|p1b: Aggron\n|-damage|p1b: Aggron|53/100\n|-damage|p2b: Talonflame|69/100|[from] Recoil\n|\n|-weather|Sandstorm|[upkeep]\n|-damage|p1a: Sinistcha|95/100|[from] Sandstorm\n|-damage|p2a: Sneasler|89/100|[from] Sandstorm\n|-damage|p2b: Talonflame|63/100|[from] Sandstorm\n|upkeep\n|turn|4\n|\n|t:|1776096596\n|move|p1b: Aggron|Curse|p1b: Aggron\n|-unboost|p1b: Aggron|spe|1\n|-boost|p1b: Aggron|atk|1\n|-boost|p1b: Aggron|def|1\n|move|p1a: Sinistcha|Life Dew|p1a: Sinistcha|[spread] p1a,p1b\n|-heal|p1a: Sinistcha|100/100\n|-heal|p1b: Aggron|78/100\n|move|p2a: Sneasler|Dire Claw|p1a: Sinistcha\n|-damage|p1a: Sinistcha|63/100\n|move|p2b: Talonflame|Flare Blitz|p1b: Aggron\n|-supereffective|p1b: Aggron|1\n|-crit|p1b: Aggron\n|-damage|p1b: Aggron|34/100\n|-damage|p2b: Talonflame|48/100|[from] Recoil\n|\n|-weather|Sandstorm|[upkeep]\n|-damage|p1a: Sinistcha|57/100|[from] Sandstorm\n|-damage|p2a: Sneasler|83/100|[from] Sandstorm\n|-damage|p2b: Talonflame|42/100|[from] Sandstorm\n|upkeep\n|turn|5\n|\n|t:|1776096636\n|move|p1b: Aggron|Rock Slide|p2a: Sneasler|[spread] p2a,p2b\n|-resisted|p2a: Sneasler|1\n|-supereffective|p2b: Talonflame|2\n|-damage|p2a: Sneasler|52/100\n|-damage|p2b: Talonflame|0 fnt\n|faint|p2b: Talonflame\n|move|p1a: Sinistcha|Life Dew|p1a: Sinistcha|[spread] p1a,p1b\n|-heal|p1a: Sinistcha|82/100\n|-heal|p1b: Aggron|59/100\n|move|p2a: Sneasler|Close Combat|p1b: Aggron\n|-supereffective|p1b: Aggron|1\n|-damage|p1b: Aggron|37/100\n|-unboost|p2a: Sneasler|def|1\n|-unboost|p2a: Sneasler|spd|1\n|-enditem|p2a: Sneasler|White Herb\n|-clearnegativeboost|p2a: Sneasler|[silent]\n|\n|-weather|Sandstorm|[upkeep]\n|-damage|p1a: Sinistcha|77/100|[from] Sandstorm\n|-damage|p2a: Sneasler|46/100|[from] Sandstorm\n|-fieldend|move: Trick Room\n|upkeep\n|\n|t:|1776096653\n|switch|p2b: Scizor|Scizor, L50, F, shiny|100/100\n|turn|6\n|\n|t:|1776096661\n|detailschange|p2b: Scizor|Scizor-Mega, L50, F, shiny\n|-mega|p2b: Scizor|Scizor|Scizorite\n|move|p1b: Aggron|Protect|p1b: Aggron\n|-singleturn|p1b: Aggron|Protect\n|move|p2a: Sneasler|Close Combat|p1b: Aggron\n|-activate|p1b: Aggron|move: Protect\n|move|p2b: Scizor|Dual Wingbeat|p1a: Sinistcha\n|-supereffective|p1a: Sinistcha|1\n|-damage|p1a: Sinistcha|38/100\n|-enditem|p1a: Sinistcha|Sitrus Berry|[eat]\n|-heal|p1a: Sinistcha|63/100|[from] item: Sitrus Berry\n|-supereffective|p1a: Sinistcha|1\n|-damage|p1a: Sinistcha|25/100\n|-hitcount|p1a: Sinistcha|2\n|move|p1a: Sinistcha|Trick Room|p1a: Sinistcha\n|-fieldstart|move: Trick Room|[of] p1a: Sinistcha\n|\n|-weather|none\n|upkeep\n|turn|7\n|\n|t:|1776096689\n|move|p2b: Scizor|Bullet Punch|p1a: Sinistcha\n|-crit|p1a: Sinistcha\n|-damage|p1a: Sinistcha|0 fnt\n|faint|p1a: Sinistcha\n|move|p1b: Aggron|Body Press|p2b: Scizor\n|-damage|p2b: Scizor|16/100\n|move|p2a: Sneasler|Close Combat|p1b: Aggron\n|-supereffective|p1b: Aggron|1\n|-damage|p1b: Aggron|15/100\n|-unboost|p2a: Sneasler|def|1\n|-unboost|p2a: Sneasler|spd|1\n|\n|upkeep\n|\n|t:|1776096702\n|switch|p1a: Sneasler|Sneasler, L50, M|71/100\n|turn|8\n|\n|t:|1776096713\n|move|p2b: Scizor|Protect|p2b: Scizor\n|-singleturn|p2b: Scizor|Protect\n|move|p2a: Sneasler|Protect|p2a: Sneasler\n|-singleturn|p2a: Sneasler|Protect\n|move|p1a: Sneasler|Fake Out|p2b: Scizor\n|-activate|p2b: Scizor|move: Protect\n|move|p1b: Aggron|Rock Slide|p2a: Sneasler|[spread] \n|-activate|p2a: Sneasler|move: Protect\n|-activate|p2b: Scizor|move: Protect\n|\n|upkeep\n|turn|9\n|\n|t:|1776096750\n|switch|p2a: Aegislash|Aegislash, L50, F|100/100\n|move|p1b: Aggron|Rock Slide|p2b: Scizor|[spread] p2a\n|-miss|p1b: Aggron|p2b: Scizor\n|-resisted|p2a: Aegislash|1\n|-damage|p2a: Aegislash|85/100\n|move|p2b: Scizor|Dual Wingbeat|p1a: Sneasler|[miss]\n|-miss|p2b: Scizor|p1a: Sneasler\n|move|p1a: Sneasler|Close Combat|p2a: Aegislash\n|-immune|p2a: Aegislash\n|\n|-heal|p2a: Aegislash|91/100|[from] item: Leftovers\n|upkeep\n|turn|10\n|\n|t:|1776096782\n|move|p1b: Aggron|Rock Slide|p2a: Aegislash|[spread] p2b\n|-miss|p1b: Aggron|p2a: Aegislash\n|-crit|p2b: Scizor\n|-damage|p2b: Scizor|0 fnt\n|faint|p2b: Scizor\n|-formechange|p2a: Aegislash|Aegislash-Blade|\n|move|p2a: Aegislash|Sacred Sword|p1b: Aggron\n|-supereffective|p1b: Aggron|1\n|-damage|p1b: Aggron|0 fnt\n|faint|p1b: Aggron\n|move|p1a: Sneasler|Close Combat|p2a: Aegislash\n|-immune|p2a: Aegislash\n|\n|-heal|p2a: Aegislash|97/100|[from] item: Leftovers\n|-fieldend|move: Trick Room\n|upkeep\n|\n|t:|1776096796\n|switch|p2b: Sneasler|Sneasler, L50, M|46/100\n|switch|p1b: Tyranitar|Tyranitar, L50, M|78/100\n|-weather|Sandstorm|[from] ability: Sand Stream|[of] p1b: Tyranitar\n|turn|11\n|\n|t:|1776096832\n|-formechange|p2a: Aegislash|Aegislash|\n|move|p2a: Aegislash|King's Shield|p2a: Aegislash\n|-singleturn|p2a: Aegislash|Protect\n|move|p1a: Sneasler|Close Combat|p2b: Sneasler\n|-resisted|p2b: Sneasler|1\n|-damage|p2b: Sneasler|0 fnt\n|-unboost|p1a: Sneasler|def|1\n|-unboost|p1a: Sneasler|spd|1\n|faint|p2b: Sneasler\n|move|p1b: Tyranitar|Knock Off|p2a: Aegislash\n|-activate|p2a: Aegislash|move: Protect\n|-unboost|p1b: Tyranitar|atk|1\n|\n|-weather|Sandstorm|[upkeep]\n|-damage|p1a: Sneasler|65/100|[from] Sandstorm\n|-heal|p2a: Aegislash|100/100|[from] item: Leftovers\n|upkeep\n|turn|12\n|\n|t:|1776096852\n|move|p1a: Sneasler|U-turn|p2a: Aegislash\n|-resisted|p2a: Aegislash|2\n|-damage|p2a: Aegislash|95/100\n|move|p1b: Tyranitar|Knock Off|p2a: Aegislash\n|-supereffective|p2a: Aegislash|1\n|-damage|p2a: Aegislash|29/100\n|-enditem|p2a: Aegislash|Leftovers|[from] move: Knock Off|[of] p1b: Tyranitar\n|-formechange|p2a: Aegislash|Aegislash-Blade|\n|move|p2a: Aegislash|Sacred Sword|p1b: Tyranitar\n|-supereffective|p1b: Tyranitar|2\n|-enditem|p1b: Tyranitar|Chople Berry|[eat]\n|-enditem|p1b: Tyranitar|Chople Berry|[weaken]\n|-damage|p1b: Tyranitar|29/100\n|\n|-weather|Sandstorm|[upkeep]\n|-damage|p1a: Sneasler|59/100|[from] Sandstorm\n|upkeep\n|turn|13\n|\n|t:|1776096868\n|-formechange|p2a: Aegislash|Aegislash|\n|move|p2a: Aegislash|King's Shield|p2a: Aegislash\n|-singleturn|p2a: Aegislash|Protect\n|move|p1a: Sneasler|U-turn|p2a: Aegislash\n|-activate|p2a: Aegislash|move: Protect\n|-unboost|p1a: Sneasler|atk|1\n|move|p1b: Tyranitar|Knock Off|p2a: Aegislash\n|-activate|p2a: Aegislash|move: Protect\n|-unboost|p1b: Tyranitar|atk|1\n|\n|-weather|Sandstorm|[upkeep]\n|-damage|p1a: Sneasler|53/100|[from] Sandstorm\n|upkeep\n|turn|14\n|\n|t:|1776096885\n|move|p1a: Sneasler|U-turn|p2a: Aegislash\n|-resisted|p2a: Aegislash|2\n|-damage|p2a: Aegislash|26/100\n|move|p1b: Tyranitar|Knock Off|p2a: Aegislash\n|-supereffective|p2a: Aegislash|1\n|-damage|p2a: Aegislash|0 fnt\n|faint|p2a: Aegislash\n|\n|win|patatapsicopata\n|raw|patatapsicopata's rating: 1068 &rarr; <strong>1106</strong><br />(+38 for winning)\n|raw|thealex610's rating: 1170 &rarr; <strong>1138</strong><br />(-32 for losing)\n",
  "uploadtime": 1776096892,
  "views": 36,
  "formatid": "gen9championsvgc2026regma",
  "rating": 1106,
  "private": 0,
  "password": null
}