{
  "id": "gen9championsvgc2026regma-2582609206",
  "format": "[Gen 9 Champions] VGC 2026 Reg M-A",
  "players": [
    "snodlop",
    "Arcato"
  ],
  "log": "|j|\u2606snodlop\n|j|\u2606Arcato\n|t:|1776102413\n|gametype|doubles\n|player|p1|snodlop|lady-gen4|1049\n|player|p2|Arcato|101|1143\n|gen|9\n|tier|[Gen 9 Champions] VGC 2026 Reg M-A\n|rated|\n|rule|Species Clause: Limit one of each Pok\u00e9mon\n|rule|Item Clause: Limit 1 of each item\n|clearpoke\n|poke|p1|Pelipper, L50, F|\n|poke|p1|Palafin, L50, M|\n|poke|p1|Basculegion, L50, M|\n|poke|p1|Manectric, L50, F|\n|poke|p1|Dragonite, L50, M|\n|poke|p1|Kingambit, L50, F|\n|poke|p2|Kleavor, L50, F|\n|poke|p2|Sneasler, L50, F|\n|poke|p2|Tyranitar, L50, F|\n|poke|p2|Sinistcha, L50|\n|poke|p2|Talonflame, L50, F|\n|poke|p2|Rotom-Wash, L50|\n|teampreview|4\n|c|\u2606Arcato|GLHF\nsnodlop rejected open team sheets.\n|c|\u2606snodlop|good luck!\n|\n|t:|1776102440\n|teamsize|p1|4\n|teamsize|p2|4\n|start\n|switch|p1a: Pelipper|Pelipper, L50, F|100/100\n|switch|p1b: Palafin|Palafin, L50, M|100/100\n|switch|p2a: Kleavor|Kleavor, L50, F|100/100\n|switch|p2b: Sneasler|Sneasler, L50, F|100/100\n|-weather|RainDance|[from] ability: Drizzle|[of] p1a: Pelipper\n|turn|1\n|\n|t:|1776102462\n|move|p2b: Sneasler|Fake Out|p1b: Palafin\n|-damage|p1b: Palafin|79/100\n|cant|p1b: Palafin|flinch\n|move|p2a: Kleavor|Stone Axe|p1a: Pelipper\n|-supereffective|p1a: Pelipper|1\n|-enditem|p1a: Pelipper|Focus Sash\n|-damage|p1a: Pelipper|1/100\n|-sidestart|p1: snodlop|move: Stealth Rock\n|move|p1a: Pelipper|Tailwind|p1a: Pelipper\n|-sidestart|p1: snodlop|move: Tailwind\n|\n|-weather|RainDance|[upkeep]\n|upkeep\n|turn|2\n|\n|t:|1776102477\n|switch|p2a: Sinistcha|Sinistcha, L50|100/100\n|move|p2b: Sneasler|Protect|p2b: Sneasler\n|-singleturn|p2b: Sneasler|Protect\n|move|p1b: Palafin|Flip Turn|p2a: Sinistcha\n|-resisted|p2a: Sinistcha|1\n|-damage|p2a: Sinistcha|89/100\n|\n|t:|1776102485\n|detailschange|p1b: Palafin|Palafin-Hero, L50, M\n|switch|p1b: Kingambit|Kingambit, L50, F|100/100|[from] Flip Turn\n|-damage|p1b: Kingambit|95/100|[from] Stealth Rock\n|move|p1a: Pelipper|Hurricane|p2b: Sneasler\n|-activate|p2b: Sneasler|move: Protect\n|\n|-weather|RainDance|[upkeep]\n|-heal|p1b: Kingambit|100/100|[from] item: Leftovers\n|-heal|p2a: Sinistcha|95/100|[from] item: Leftovers\n|upkeep\n|turn|3\n|\n|t:|1776102510\n|switch|p2b: Tyranitar|Tyranitar, L50, F|100/100\n|-weather|Sandstorm|[from] ability: Sand Stream|[of] p2b: Tyranitar\n|switch|p2a: Kleavor|Kleavor, L50, F|100/100\n|move|p1a: Pelipper|Hurricane|p2b: Tyranitar\n|-resisted|p2b: Tyranitar|1\n|-damage|p2b: Tyranitar|82/100\n|move|p1b: Kingambit|Swords Dance|p1b: Kingambit\n|-boost|p1b: Kingambit|atk|2\n|\n|-weather|Sandstorm|[upkeep]\n|-damage|p1a: Pelipper|0 fnt|[from] Sandstorm\n|faint|p1a: Pelipper\n|upkeep\n|\n|t:|1776102516\n|switch|p1a: Palafin|Palafin-Hero, L50, M|79/100\n|-damage|p1a: Palafin|67/100|[from] Stealth Rock\n|-activate|p1a: Palafin|ability: Zero to Hero\n|turn|4\n|\n|t:|1776102560\n|switch|p2b: Sinistcha|Sinistcha, L50|95/100\n|move|p1b: Kingambit|Sucker Punch|p2a: Kleavor\n|-damage|p2a: Kleavor|0 fnt\n|faint|p2a: Kleavor\n|move|p1a: Palafin|Flip Turn|p2b: Sinistcha\n|-resisted|p2b: Sinistcha|1\n|-damage|p2b: Sinistcha|83/100\n|\n|t:|1776102567\n|switch|p1a: Manectric|Manectric, L50, F|100/100|[from] Flip Turn\n|-damage|p1a: Manectric|88/100|[from] Stealth Rock\n|\n|-weather|Sandstorm|[upkeep]\n|-damage|p1a: Manectric|83/100|[from] Sandstorm\n|-damage|p2b: Sinistcha|77/100|[from] Sandstorm\n|-heal|p2b: Sinistcha|83/100|[from] item: Leftovers\n|-sideend|p1: snodlop|move: Tailwind\n|upkeep\n|\n|t:|1776102571\n|switch|p2a: Sneasler|Sneasler, L50, F|100/100\n|turn|5\n|\n|t:|1776102606\n|detailschange|p1a: Manectric|Manectric-Mega, L50, F\n|-mega|p1a: Manectric|Manectric|Manectite\n|-ability|p1a: Manectric|Intimidate|boost\n|-unboost|p2a: Sneasler|atk|1\n|-unboost|p2b: Sinistcha|atk|1\n|-enditem|p2a: Sneasler|White Herb\n|-clearnegativeboost|p2a: Sneasler|[silent]\n|move|p2b: Sinistcha|Rage Powder|p2b: Sinistcha\n|-singleturn|p2b: Sinistcha|move: Rage Powder\n|move|p1b: Kingambit|Sucker Punch||[still]\n|-fail|p1b: Kingambit\n|move|p2a: Sneasler|Close Combat|p1b: Kingambit\n|-supereffective|p1b: Kingambit|2\n|-damage|p1b: Kingambit|0 fnt\n|-unboost|p2a: Sneasler|def|1\n|-unboost|p2a: Sneasler|spd|1\n|faint|p1b: Kingambit\n|move|p1a: Manectric|Snarl|p2b: Sinistcha|[spread] p2a,p2b\n|-resisted|p2a: Sneasler|1\n|-supereffective|p2b: Sinistcha|1\n|-damage|p2a: Sneasler|85/100\n|-damage|p2b: Sinistcha|48/100\n|-unboost|p2a: Sneasler|spa|1\n|-unboost|p2b: Sinistcha|spa|1\n|\n|-weather|Sandstorm|[upkeep]\n|-damage|p2a: Sneasler|79/100|[from] Sandstorm\n|-damage|p1a: Manectric|77/100|[from] Sandstorm\n|-damage|p2b: Sinistcha|42/100|[from] Sandstorm\n|-heal|p2b: Sinistcha|48/100|[from] item: Leftovers\n|upkeep\n|\n|t:|1776102616\n|switch|p1b: Palafin|Palafin-Hero, L50, M|67/100\n|-damage|p1b: Palafin|54/100|[from] Stealth Rock\n|turn|6\n|\n|t:|1776102631\n|move|p1b: Palafin|Jet Punch|p2a: Sneasler\n|-damage|p2a: Sneasler|0 fnt\n|faint|p2a: Sneasler\n|move|p1a: Manectric|Snarl|p2b: Sinistcha\n|-supereffective|p2b: Sinistcha|1\n|-damage|p2b: Sinistcha|2/100\n|-unboost|p2b: Sinistcha|spa|1\n|move|p2b: Sinistcha|Strength Sap|p1b: Palafin\n|-unboost|p1b: Palafin|atk|1\n|-heal|p2b: Sinistcha|100/100\n|\n|-weather|Sandstorm|[upkeep]\n|-damage|p1b: Palafin|48/100|[from] Sandstorm\n|-damage|p1a: Manectric|71/100|[from] Sandstorm\n|-damage|p2b: Sinistcha|94/100|[from] Sandstorm\n|-heal|p2b: Sinistcha|100/100|[from] item: Leftovers\n|upkeep\n|\n|t:|1776102636\n|switch|p2a: Tyranitar|Tyranitar, L50, F|82/100\n|turn|7\n|\n|t:|1776102647\n|detailschange|p2a: Tyranitar|Tyranitar-Mega, L50, F\n|-mega|p2a: Tyranitar|Tyranitar|Tyranitarite\n|move|p2b: Sinistcha|Rage Powder|p2b: Sinistcha\n|-singleturn|p2b: Sinistcha|move: Rage Powder\n|move|p1b: Palafin|Jet Punch|p2b: Sinistcha\n|-resisted|p2b: Sinistcha|1\n|-damage|p2b: Sinistcha|92/100\n|move|p1a: Manectric|Snarl|p2a: Tyranitar|[spread] p2a,p2b\n|-resisted|p2a: Tyranitar|1\n|-supereffective|p2b: Sinistcha|1\n|-damage|p2a: Tyranitar|78/100\n|-damage|p2b: Sinistcha|55/100\n|-unboost|p2a: Tyranitar|spa|1\n|-unboost|p2b: Sinistcha|spa|1\n|move|p2a: Tyranitar|Rock Slide|p1b: Palafin|[spread] \n|-miss|p2a: Tyranitar|p1a: Manectric\n|-miss|p2a: Tyranitar|p1b: Palafin\n|\n|-weather|none\n|-heal|p2b: Sinistcha|61/100|[from] item: Leftovers\n|upkeep\n|turn|8\n|\n|t:|1776102663\n|move|p2b: Sinistcha|Rage Powder|p2b: Sinistcha\n|-singleturn|p2b: Sinistcha|move: Rage Powder\n|move|p1b: Palafin|Jet Punch|p2b: Sinistcha\n|-resisted|p2b: Sinistcha|1\n|-damage|p2b: Sinistcha|53/100\n|move|p1a: Manectric|Howl|p1a: Manectric|[spread] p1a,p1b\n|-boost|p1a: Manectric|atk|1\n|-boost|p1b: Palafin|atk|1\n|move|p2a: Tyranitar|Lash Out|p1b: Palafin\n|-crit|p1b: Palafin\n|-damage|p1b: Palafin|0 fnt\n|faint|p1b: Palafin\n|\n|-heal|p2b: Sinistcha|59/100|[from] item: Leftovers\n|upkeep\n|turn|9\n|\n|t:|1776102689\n|move|p1a: Manectric|Snarl|p2a: Tyranitar|[spread] p2a,p2b\n|-resisted|p2a: Tyranitar|1\n|-supereffective|p2b: Sinistcha|1\n|-damage|p2a: Tyranitar|72/100\n|-damage|p2b: Sinistcha|21/100\n|-unboost|p2a: Tyranitar|spa|1\n|-unboost|p2b: Sinistcha|spa|1\n|move|p2a: Tyranitar|Lash Out|p1a: Manectric\n|-damage|p1a: Manectric|0 fnt\n|faint|p1a: Manectric\n|\n|win|Arcato\n|raw|snodlop's rating: 1049 &rarr; <strong>1036</strong><br />(-13 for losing)\n|raw|Arcato's rating: 1143 &rarr; <strong>1161</strong><br />(+18 for winning)\n|l|\u2606snodlop\n|player|p1|\n|c|\u2606Arcato|Gg\n",
  "uploadtime": 1776102700,
  "views": 10,
  "formatid": "gen9championsvgc2026regma",
  "rating": 1036,
  "private": 0,
  "password": null
}