{
  "id": "gen9championsvgc2026regma-2586868095",
  "format": "[Gen 9 Champions] VGC 2026 Reg M-A",
  "players": [
    "yacoloco12",
    "DieuBalta"
  ],
  "log": "|j|\u2606yacoloco12\n|j|\u2606DieuBalta\n|t:|1776466839\n|gametype|doubles\n|player|p1|yacoloco12|hilbert|1078\n|player|p2|DieuBalta|roughneck-gen4|1072\n|gen|9\n|tier|[Gen 9 Champions] VGC 2026 Reg M-A\n|rated|\n|rule|Species Clause: Limit one of each Pok\u00e9mon\n|rule|Item Clause: Limit 1 of each item\n|clearpoke\n|poke|p1|Charizard, L50, F|\n|poke|p1|Aegislash, L50, F|\n|poke|p1|Kingambit, L50, F|\n|poke|p1|Garchomp, L50, M|\n|poke|p1|Milotic, L50, F|\n|poke|p1|Basculegion, L50, M|\n|poke|p2|Lucario, L50, F|\n|poke|p2|Farigiraf, L50, M|\n|poke|p2|Camerupt, L50, M|\n|poke|p2|Hatterene, L50, F|\n|poke|p2|Torkoal, L50, F|\n|poke|p2|Gallade, L50, M|\n|teampreview|4\n|inactive|Battle timer is ON: inactive players will automatically lose when time's up. (requested by DieuBalta)\nDieuBalta rejected open team sheets.\n|inactive|yacoloco12 has 60 seconds left.\n|\n|t:|1776466890\n|teamsize|p1|4\n|teamsize|p2|4\n|start\n|switch|p1a: Garchomp|Garchomp, L50, M|100/100\n|switch|p1b: Aegislash|Aegislash, L50, F|100/100\n|switch|p2a: Lucario|Lucario, L50, F, shiny|100/100\n|switch|p2b: Farigiraf|Farigiraf, L50, M, shiny|100/100\n|turn|1\n|\n|t:|1776466911\n|-formechange|p1b: Aegislash|Aegislash-Blade|\n|move|p1b: Aegislash|Shadow Sneak||[still]\n|cant|p2b: Farigiraf|ability: Armor Tail|Shadow Sneak|[of] p1b: Aegislash\n|move|p2a: Lucario|Final Gambit|p1a: Garchomp\n|-damage|p1a: Garchomp|16/100\n|-enditem|p1a: Garchomp|Sitrus Berry|[eat]\n|-heal|p1a: Garchomp|41/100|[from] item: Sitrus Berry\n|faint|p2a: Lucario\n|move|p1a: Garchomp|Dragon Claw|p2b: Farigiraf\n|-damage|p2b: Farigiraf|74/100\n|move|p2b: Farigiraf|Trick Room|p2b: Farigiraf\n|-fieldstart|move: Trick Room|[of] p2b: Farigiraf\n|\n|upkeep\n|\n|t:|1776466935\n|switch|p2a: Torkoal|Torkoal, L50, F|100/100\n|-weather|SunnyDay|[from] ability: Drought|[of] p2a: Torkoal\n|turn|2\n|\n|t:|1776466956\n|move|p2b: Farigiraf|Helping Hand|p2a: Torkoal\n|-singleturn|p2a: Torkoal|Helping Hand|[of] p2b: Farigiraf\n|move|p2a: Torkoal|Eruption|p1a: Garchomp|[spread] p1a,p1b\n|-resisted|p1a: Garchomp|1\n|-supereffective|p1b: Aegislash|1\n|-damage|p1a: Garchomp|0 fnt\n|-damage|p1b: Aegislash|0 fnt\n|faint|p1a: Garchomp\n|faint|p1b: Aegislash\n|\n|-weather|SunnyDay|[upkeep]\n|upkeep\n|\n|t:|1776466965\n|switch|p1b: Basculegion|Basculegion, L50, M|100/100\n|switch|p1a: Charizard|Charizard, L50, F|100/100\n|turn|3\n|\n|t:|1776466977\n|detailschange|p1a: Charizard|Charizard-Mega-Y, L50, F\n|-mega|p1a: Charizard|Charizard|Charizardite Y\n|move|p2a: Torkoal|Solar Beam||[still]\n|-prepare|p2a: Torkoal|Solar Beam\n|-anim|p2a: Torkoal|Solar Beam|p1b: Basculegion\n|-supereffective|p1b: Basculegion|1\n|-damage|p1b: Basculegion|25/100\n|move|p2b: Farigiraf|Psychic|p1a: Charizard\n|-damage|p1a: Charizard|72/100\n|move|p1a: Charizard|Heat Wave|p2a: Torkoal|[spread] p2a,p2b\n|-resisted|p2a: Torkoal|1\n|-damage|p2a: Torkoal|65/100\n|-damage|p2b: Farigiraf|14/100\n|-enditem|p2b: Farigiraf|Sitrus Berry|[eat]\n|-heal|p2b: Farigiraf|38/100|[from] item: Sitrus Berry\n|move|p1b: Basculegion|Wave Crash|p2a: Torkoal\n|-supereffective|p2a: Torkoal|1\n|-damage|p2a: Torkoal|11/100\n|-damage|p1b: Basculegion|9/100|[from] Recoil\n|\n|-weather|SunnyDay|[upkeep]\n|upkeep\n|turn|4\n|inactive|DieuBalta has 30 seconds left.\n|\n|t:|1776467011\n|move|p2a: Torkoal|Weather Ball|p1a: Charizard\n|-resisted|p1a: Charizard|1\n|-damage|p1a: Charizard|37/100\n|move|p2b: Farigiraf|Psychic|p1a: Charizard\n|-damage|p1a: Charizard|9/100\n|move|p1a: Charizard|Heat Wave|p2b: Farigiraf|[spread] p2a,p2b\n|-resisted|p2a: Torkoal|1\n|-damage|p2a: Torkoal|0 fnt\n|-damage|p2b: Farigiraf|0 fnt\n|faint|p2a: Torkoal\n|faint|p2b: Farigiraf\n|move|p1b: Basculegion|Wave Crash|p2: Torkoal|[notarget]\n|-fail|p1b: Basculegion\n|\n|-weather|SunnyDay|[upkeep]\n|upkeep\n|\n|t:|1776467027\n|switch|p2b: Camerupt|Camerupt, L50, M|100/100\n|turn|5\n|\n|t:|1776467036\n|detailschange|p2b: Camerupt|Camerupt-Mega, L50, M\n|-mega|p2b: Camerupt|Camerupt|Cameruptite\n|move|p1a: Charizard|Protect|p1a: Charizard\n|-singleturn|p1a: Charizard|Protect\n|move|p2b: Camerupt|Eruption|p1b: Basculegion|[spread] p1b\n|-activate|p1a: Charizard|move: Protect\n|-resisted|p1b: Basculegion|1\n|-damage|p1b: Basculegion|0 fnt\n|faint|p1b: Basculegion\n|\n|-weather|SunnyDay|[upkeep]\n|-fieldend|move: Trick Room\n|upkeep\n|turn|6\n|\n|t:|1776467048\n|move|p1a: Charizard|Solar Beam||[still]\n|-prepare|p1a: Charizard|Solar Beam\n|-anim|p1a: Charizard|Solar Beam|p2b: Camerupt\n|-damage|p2b: Camerupt|59/100\n|move|p2b: Camerupt|Ancient Power|p1a: Charizard\n|-supereffective|p1a: Charizard|2\n|-damage|p1a: Charizard|0 fnt\n|faint|p1a: Charizard\n|\n|win|DieuBalta\n|raw|yacoloco12's rating: 1078 &rarr; <strong>1056</strong><br />(-22 for losing)\n|raw|DieuBalta's rating: 1072 &rarr; <strong>1102</strong><br />(+30 for winning)\n|c|\u2606DieuBalta|thx\n|l|\u2606yacoloco12\n|player|p1|\n",
  "uploadtime": 1776467059,
  "views": 32,
  "formatid": "gen9championsvgc2026regma",
  "rating": 1056,
  "private": 0,
  "password": null
}