{
  "id": "gen9championsvgc2026regma-2582225706",
  "format": "[Gen 9 Champions] VGC 2026 Reg M-A",
  "players": [
    "1#MiraidonHater",
    "it_is_charisma"
  ],
  "log": "|j|\u26061#MiraidonHater\n|j|\u2606it_is_charisma\n|t:|1776073418\n|gametype|doubles\n|player|p1|1#MiraidonHater|169|1156\n|player|p2|it_is_charisma|265|1073\n|gen|9\n|tier|[Gen 9 Champions] VGC 2026 Reg M-A\n|rated|\n|rule|Species Clause: Limit one of each Pok\u00e9mon\n|rule|Item Clause: Limit 1 of each item\n|clearpoke\n|poke|p1|Kommo-o, L50, M|\n|poke|p1|Glimmora, L50, F|\n|poke|p1|Incineroar, L50, M|\n|poke|p1|Sinistcha, L50|\n|poke|p1|Palafin, L50, F|\n|poke|p1|Corviknight, L50, F|\n|poke|p2|Gengar, L50, M|\n|poke|p2|Basculegion, L50, M|\n|poke|p2|Kingambit, L50, M|\n|poke|p2|Incineroar, L50, M|\n|poke|p2|Kommo-o, L50, M|\n|poke|p2|Whimsicott, L50, M|\n|teampreview|4\n|inactive|Battle timer is ON: inactive players will automatically lose when time's up. (requested by it_is_charisma)\n|\n|t:|1776073446\n|teamsize|p1|4\n|teamsize|p2|4\n|start\n|switch|p1a: Glimmora|Glimmora, L50, F|100/100\n|switch|p1b: Corviknight|Corviknight, L50, F|100/100\n|switch|p2a: Gengar|Gengar, L50, M, shiny|100/100\n|switch|p2b: Basculegion|Basculegion, L50, M, shiny|100/100\n|turn|1\n|\n|t:|1776073458\n|detailschange|p2a: Gengar|Gengar-Mega, L50, M, shiny\n|-mega|p2a: Gengar|Gengar|Gengarite\n|move|p1a: Glimmora|Spiky Shield|p1a: Glimmora\n|-singleturn|p1a: Glimmora|move: Protect\n|move|p2a: Gengar|Shadow Ball|p1b: Corviknight\n|-damage|p1b: Corviknight|63/100\n|-ability|p1b: Corviknight|Mirror Armor\n|-unboost|p2a: Gengar|spd|1\n|move|p2b: Basculegion|Wave Crash|p1a: Glimmora\n|-activate|p1a: Glimmora|move: Protect\n|-damage|p2b: Basculegion|88/100|[from] Spiky Shield|[of] p1a: Glimmora\n|move|p1b: Corviknight|Tailwind|p1b: Corviknight\n|-sidestart|p1: 1#MiraidonHater|move: Tailwind\n|\n|upkeep\n|turn|2\n|j| porygon-epilepz\n|inactive|1#MiraidonHater has 30 seconds left.\n|inactive|it_is_charisma has 30 seconds left.\n|\n|t:|1776073490\n|switch|p2a: Kingambit|Kingambit, L50, M, shiny|100/100\n|detailschange|p1a: Glimmora|Glimmora-Mega, L50, F\n|-mega|p1a: Glimmora|Glimmora|Glimmoranite\n|move|p1a: Glimmora|Power Gem|p2b: Basculegion\n|-damage|p2b: Basculegion|21/100\n|move|p2b: Basculegion|Wave Crash|p1a: Glimmora\n|-supereffective|p1a: Glimmora|1\n|-damage|p1a: Glimmora|0 fnt\n|faint|p1a: Glimmora\n|-damage|p2b: Basculegion|0 fnt|[from] Recoil\n|faint|p2b: Basculegion\n|move|p1b: Corviknight|Roost|p1b: Corviknight\n|-heal|p1b: Corviknight|100/100\n|-singleturn|p1b: Corviknight|move: Roost\n|\n|upkeep\n|\n|t:|1776073509\n|switch|p1a: Palafin|Palafin, L50, F|100/100\n|switch|p2b: Whimsicott|Whimsicott, L50, M, shiny|100/100\n|turn|3\n|\n|t:|1776073523\n|detailschange|p1a: Palafin|Palafin-Hero, L50, F\n|switch|p1a: Sinistcha|Sinistcha, L50|100/100\n|move|p2b: Whimsicott|Tailwind|p2b: Whimsicott\n|-sidestart|p2: it_is_charisma|move: Tailwind\n|move|p1b: Corviknight|Brave Bird|p2b: Whimsicott\n|-supereffective|p2b: Whimsicott|1\n|-damage|p2b: Whimsicott|7/100\n|-damage|p1b: Corviknight|76/100|[from] Recoil\n|move|p2a: Kingambit|Kowtow Cleave|p1a: Sinistcha\n|-supereffective|p1a: Sinistcha|1\n|-damage|p1a: Sinistcha|23/100\n|-enditem|p1a: Sinistcha|Sitrus Berry|[eat]\n|-heal|p1a: Sinistcha|48/100|[from] item: Sitrus Berry\n|\n|upkeep\n|turn|4\n|inactive|1#MiraidonHater has 30 seconds left.\n|\n|t:|1776073552\n|switch|p2b: Gengar|Gengar-Mega, L50, M, shiny|100/100\n|move|p1a: Sinistcha|Protect|p1a: Sinistcha\n|-singleturn|p1a: Sinistcha|Protect\n|move|p1b: Corviknight|Roost|p1b: Corviknight\n|-heal|p1b: Corviknight|100/100\n|-singleturn|p1b: Corviknight|move: Roost\n|move|p2a: Kingambit|Kowtow Cleave|p1a: Sinistcha\n|-activate|p1a: Sinistcha|move: Protect\n|\n|-sideend|p1: 1#MiraidonHater|move: Tailwind\n|upkeep\n|turn|5\n|\n|t:|1776073571\n|move|p2b: Gengar|Shadow Ball|p1b: Corviknight\n|-damage|p1b: Corviknight|65/100\n|move|p2a: Kingambit|Kowtow Cleave|p1a: Sinistcha\n|-supereffective|p1a: Sinistcha|1\n|-damage|p1a: Sinistcha|0 fnt\n|faint|p1a: Sinistcha\n|move|p1b: Corviknight|Tailwind|p1b: Corviknight\n|-sidestart|p1: 1#MiraidonHater|move: Tailwind\n|\n|upkeep\n|\n|t:|1776073579\n|switch|p1a: Palafin|Palafin-Hero, L50, F|100/100\n|-activate|p1a: Palafin|ability: Zero to Hero\n|turn|6\n|\n|t:|1776073597\n|move|p1a: Palafin|Protect|p1a: Palafin\n|-singleturn|p1a: Palafin|Protect\n|move|p2a: Kingambit|Sucker Punch||[still]\n|-fail|p2a: Kingambit\n|move|p2b: Gengar|Shadow Ball|p1a: Palafin\n|-activate|p1a: Palafin|move: Protect\n|move|p1b: Corviknight|Brave Bird|p2b: Gengar\n|-damage|p2b: Gengar|36/100\n|-damage|p1b: Corviknight|51/100|[from] Recoil\n|\n|-sideend|p2: it_is_charisma|move: Tailwind\n|upkeep\n|turn|7\n|\n|t:|1776073614\n|move|p2a: Kingambit|Sucker Punch|p1a: Palafin\n|-damage|p1a: Palafin|50/100\n|move|p1a: Palafin|Close Combat|p2a: Kingambit\n|-supereffective|p2a: Kingambit|2\n|-damage|p2a: Kingambit|0 fnt\n|-unboost|p1a: Palafin|def|1\n|-unboost|p1a: Palafin|spd|1\n|faint|p2a: Kingambit\n|move|p2b: Gengar|Shadow Ball|p1a: Palafin\n|-damage|p1a: Palafin|0 fnt\n|faint|p1a: Palafin\n|move|p1b: Corviknight|Brave Bird|p2b: Gengar\n|-damage|p2b: Gengar|0 fnt\n|faint|p2b: Gengar\n|-damage|p1b: Corviknight|43/100|[from] Recoil\n|\n|upkeep\n|\n|t:|1776073631\n|switch|p2b: Whimsicott|Whimsicott, L50, M, shiny|7/100\n|turn|8\n|\n|t:|1776073645\n|move|p2b: Whimsicott|Encore|p1b: Corviknight\n|-start|p1b: Corviknight|Encore\n|move|p1b: Corviknight|Brave Bird|p2b: Whimsicott\n|-supereffective|p2b: Whimsicott|1\n|-damage|p2b: Whimsicott|0 fnt\n|faint|p2b: Whimsicott\n|-damage|p1b: Corviknight|41/100|[from] Recoil\n|\n|win|1#MiraidonHater\n",
  "uploadtime": 1776073471,
  "views": 15,
  "formatid": "gen9championsvgc2026regma",
  "rating": null,
  "private": 0,
  "password": null
}