{
  "id": "gen9championsvgc2026regma-2589407808",
  "format": "[Gen 9 Champions] VGC 2026 Reg M-A",
  "players": [
    "alexit93",
    "themadpatter95"
  ],
  "log": "|j|\u2606alexit93\n|j|\u2606themadpatter95\n|t:|1776720460\n|gametype|doubles\n|player|p1|alexit93|lucas-gen4pt|1340\n|player|p2|themadpatter95|102|1246\n|gen|9\n|tier|[Gen 9 Champions] VGC 2026 Reg M-A\n|rated|\n|rule|Species Clause: Limit one of each Pok\u00e9mon\n|rule|Item Clause: Limit 1 of each item\n|clearpoke\n|poke|p1|Torterra, L50, M|\n|poke|p1|Whimsicott, L50, F|\n|poke|p1|Milotic, L50, F|\n|poke|p1|Rampardos, L50, M, shiny|\n|poke|p1|Pelipper, L50, F|\n|poke|p1|Charizard, L50, F|\n|poke|p2|Sinistcha-Masterpiece, L50|\n|poke|p2|Incineroar, L50, M|\n|poke|p2|Gengar, L50, M|\n|poke|p2|Politoed, L50, M|\n|poke|p2|Maushold, L50|\n|poke|p2|Sableye, L50, F|\n|teampreview|4\n|inactive|Battle timer is ON: inactive players will automatically lose when time's up. (requested by themadpatter95)\n|\n|t:|1776720483\n|teamsize|p1|4\n|teamsize|p2|4\n|start\n|switch|p1a: Whimsicott|Whimsicott, L50, F|100/100\n|switch|p1b: Milotic|Milotic, L50, F|100/100\n|switch|p2a: Incineroar|Incineroar, L50, M|100/100\n|switch|p2b: Gengar|Gengar, L50, M|100/100\n|-ability|p2a: Incineroar|Intimidate|boost\n|-unboost|p1a: Whimsicott|atk|1\n|-unboost|p1b: Milotic|atk|1\n|-ability|p1b: Milotic|Competitive|boost\n|-boost|p1b: Milotic|spa|2\n|turn|1\n|\n|t:|1776720513\n|detailschange|p2b: Gengar|Gengar-Mega, L50, M\n|-mega|p2b: Gengar|Gengar|Gengarite\n|move|p2a: Incineroar|Fake Out|p1b: Milotic\n|-damage|p1b: Milotic|90/100\n|move|p1a: Whimsicott|Tailwind|p1a: Whimsicott\n|-sidestart|p1: alexit93|move: Tailwind\n|cant|p1b: Milotic|flinch\n|move|p2b: Gengar|Perish Song|p2b: Gengar\n|-start|p1a: Whimsicott|perish3|[silent]\n|-start|p1b: Milotic|perish3|[silent]\n|-start|p2a: Incineroar|perish3|[silent]\n|-start|p2b: Gengar|perish3|[silent]\n|-fieldactivate|move: Perish Song\n|\n|-heal|p1b: Milotic|96/100|[from] item: Leftovers\n|-start|p1a: Whimsicott|perish3\n|-start|p1b: Milotic|perish3\n|-start|p2b: Gengar|perish3\n|-start|p2a: Incineroar|perish3\n|upkeep\n|turn|2\n|\n|t:|1776720532\n|move|p2b: Gengar|Protect|p2b: Gengar\n|-singleturn|p2b: Gengar|Protect\n|move|p2a: Incineroar|Protect|p2a: Incineroar\n|-singleturn|p2a: Incineroar|Protect\n|move|p1a: Whimsicott|Moonblast|p2b: Gengar\n|-activate|p2b: Gengar|move: Protect\n|move|p1b: Milotic|Scald|p2a: Incineroar\n|-activate|p2a: Incineroar|move: Protect\n|\n|-heal|p1b: Milotic|100/100|[from] item: Leftovers\n|-start|p1a: Whimsicott|perish2\n|-start|p1b: Milotic|perish2\n|-start|p2b: Gengar|perish2\n|-start|p2a: Incineroar|perish2\n|upkeep\n|turn|3\n|inactive|themadpatter95 has 30 seconds left.\n|\n|t:|1776720565\n|switch|p2b: Sinistcha|Sinistcha-Masterpiece, L50|100/100\n|move|p1a: Whimsicott|Moonblast|p2b: Sinistcha\n|-damage|p2b: Sinistcha|70/100\n|move|p1b: Milotic|Scald|p2b: Sinistcha\n|-resisted|p2b: Sinistcha|1\n|-damage|p2b: Sinistcha|34/100\n|move|p2a: Incineroar|Parting Shot|p1a: Whimsicott\n|-unboost|p1a: Whimsicott|atk|1\n|-unboost|p1a: Whimsicott|spa|1\n|\n|t:|1776720577\n|switch|p2a: Gengar|Gengar-Mega, L50, M|100/100|[from] Parting Shot\n|\n|-start|p1a: Whimsicott|perish1\n|-start|p1b: Milotic|perish1\n|upkeep\n|turn|4\n|\n|t:|1776720600\n|move|p2a: Gengar|Protect|p2a: Gengar\n|-singleturn|p2a: Gengar|Protect\n|move|p2b: Sinistcha|Protect|p2b: Sinistcha\n|-singleturn|p2b: Sinistcha|Protect\n|move|p1a: Whimsicott|Moonblast|p2b: Sinistcha\n|-activate|p2b: Sinistcha|move: Protect\n|move|p1b: Milotic|Scald|p2a: Gengar\n|-activate|p2a: Gengar|move: Protect\n|\n|-start|p1a: Whimsicott|perish0\n|-start|p1b: Milotic|perish0\n|-sideend|p1: alexit93|move: Tailwind\n|faint|p1a: Whimsicott\n|faint|p1b: Milotic\n|upkeep\n|\n|t:|1776720603\n|switch|p1a: Torterra|Torterra, L50, M|100/100\n|switch|p1b: Charizard|Charizard, L50, F|100/100\n|turn|5\n|\n|t:|1776720625\n|detailschange|p1b: Charizard|Charizard-Mega-Y, L50, F\n|-mega|p1b: Charizard|Charizard|Charizardite Y\n|-weather|SunnyDay|[from] ability: Drought|[of] p1b: Charizard\n|move|p2a: Gengar|Perish Song|p2a: Gengar\n|-start|p1a: Torterra|perish3|[silent]\n|-start|p1b: Charizard|perish3|[silent]\n|-start|p2a: Gengar|perish3|[silent]\n|-start|p2b: Sinistcha|perish3|[silent]\n|-fieldactivate|move: Perish Song\n|move|p1b: Charizard|Heat Wave|p2b: Sinistcha|[spread] p2a,p2b\n|-supereffective|p2b: Sinistcha|1\n|-damage|p2a: Gengar|16/100\n|-damage|p2b: Sinistcha|0 fnt\n|-status|p2a: Gengar|brn\n|faint|p2b: Sinistcha\n|move|p1a: Torterra|Shell Smash|p1a: Torterra\n|-unboost|p1a: Torterra|def|1\n|-unboost|p1a: Torterra|spd|1\n|-boost|p1a: Torterra|atk|2\n|-boost|p1a: Torterra|spa|2\n|-boost|p1a: Torterra|spe|2\n|-enditem|p1a: Torterra|White Herb\n|-clearnegativeboost|p1a: Torterra|[silent]\n|\n|-weather|SunnyDay|[upkeep]\n|-damage|p2a: Gengar|10/100 brn|[from] brn\n|-start|p1a: Torterra|perish3\n|-start|p2a: Gengar|perish3\n|-start|p1b: Charizard|perish3\n|upkeep\n|\n|t:|1776720647\n|switch|p2b: Incineroar|Incineroar, L50, M|100/100\n|-ability|p2b: Incineroar|Intimidate|boost\n|-unboost|p1a: Torterra|atk|1\n|-unboost|p1b: Charizard|atk|1\n|turn|6\n|\n|t:|1776720659\n|switch|p2a: Politoed|Politoed, L50, M|100/100\n|-weather|RainDance|[from] ability: Drizzle|[of] p2a: Politoed\n|move|p2b: Incineroar|Fake Out|p1a: Torterra\n|-damage|p1a: Torterra|89/100\n|cant|p1a: Torterra|flinch\n|move|p1b: Charizard|Heat Wave|p2a: Politoed|[spread] p2a\n|-miss|p1b: Charizard|p2b: Incineroar\n|-resisted|p2a: Politoed|1\n|-damage|p2a: Politoed|91/100\n|\n|-weather|RainDance|[upkeep]\n|-heal|p2a: Politoed|97/100|[from] item: Leftovers\n|-start|p1a: Torterra|perish2\n|-start|p1b: Charizard|perish2\n|upkeep\n|turn|7\n|\n|t:|1776720678\n|move|p2a: Politoed|Protect|p2a: Politoed\n|-singleturn|p2a: Politoed|Protect\n|move|p2b: Incineroar|Protect|p2b: Incineroar\n|-singleturn|p2b: Incineroar|Protect\n|move|p1a: Torterra|Seed Bomb|p2a: Politoed\n|-activate|p2a: Politoed|move: Protect\n|move|p1b: Charizard|Hurricane|p2b: Incineroar\n|-activate|p2b: Incineroar|move: Protect\n|\n|-weather|RainDance|[upkeep]\n|-heal|p2a: Politoed|100/100|[from] item: Leftovers\n|-start|p1a: Torterra|perish1\n|-start|p1b: Charizard|perish1\n|upkeep\n|turn|8\n|inactive|alexit93 has 30 seconds left.\n|c|\u2606alexit93|fuck perish teams, they are low IQ strat\n|-message|alexit93 forfeited.\n|\n|win|themadpatter95\n",
  "uploadtime": 1776720704,
  "views": 5,
  "formatid": "gen9championsvgc2026regma",
  "rating": null,
  "private": 0,
  "password": null
}