{
  "id": "gen9championsvgc2026regma-2586233468",
  "format": "[Gen 9 Champions] VGC 2026 Reg M-A",
  "players": [
    "RaupyChu",
    "70991wsd"
  ],
  "log": "|j|\u2606RaupyChu\n|j|\u260670991wsd\n|t:|1776415447\n|gametype|doubles\n|player|p1|RaupyChu|koga|1080\n|player|p2|70991wsd|n|1001\n|gen|9\n|tier|[Gen 9 Champions] VGC 2026 Reg M-A\n|rated|\n|rule|Species Clause: Limit one of each Pok\u00e9mon\n|rule|Item Clause: Limit 1 of each item\n|clearpoke\n|poke|p1|Hydreigon, L50, F|\n|poke|p1|Aerodactyl, L50, M|\n|poke|p1|Tyranitar, L50, F|\n|poke|p1|Excadrill, L50, M|\n|poke|p1|Sinistcha, L50|\n|poke|p1|Clefable, L50, M|\n|poke|p2|Sableye, L50, M|\n|poke|p2|Sinistcha, L50|\n|poke|p2|Incineroar, L50, F|\n|poke|p2|Salazzle, L50, F|\n|poke|p2|Toxapex, L50, F|\n|poke|p2|Rotom-Wash, L50|\n|teampreview|4\n|\n|t:|1776415469\n|teamsize|p1|4\n|teamsize|p2|4\n|start\n|switch|p1a: Aerodactyl|Aerodactyl, L50, M|100/100\n|switch|p1b: Tyranitar|Tyranitar, L50, F|100/100\n|switch|p2a: Salazzle|Salazzle, L50, F|100/100\n|switch|p2b: Toxapex|Toxapex, L50, F|100/100\n|-ability|p1a: Aerodactyl|Unnerve\n|-weather|Sandstorm|[from] ability: Sand Stream|[of] p1b: Tyranitar\n|turn|1\n|\n|t:|1776415491\n|detailschange|p1b: Tyranitar|Tyranitar-Mega, L50, F\n|-mega|p1b: Tyranitar|Tyranitar|Tyranitarite\n|move|p2a: Salazzle|Fake Out|p1a: Aerodactyl\n|-resisted|p1a: Aerodactyl|1\n|-damage|p1a: Aerodactyl|95/100\n|cant|p1a: Aerodactyl|flinch\n|move|p1b: Tyranitar|Thunder Wave|p2b: Toxapex\n|-status|p2b: Toxapex|par\n|move|p2b: Toxapex|Toxic|p1b: Tyranitar\n|-status|p1b: Tyranitar|tox\n|\n|-weather|Sandstorm|[upkeep]\n|-damage|p2a: Salazzle|95/100|[from] Sandstorm\n|-damage|p2b: Toxapex|95/100 par|[from] Sandstorm\n|-heal|p2b: Toxapex|100/100 par|[from] item: Leftovers\n|-damage|p1b: Tyranitar|95/100 tox|[from] psn\n|upkeep\n|turn|2\n|\n|t:|1776415514\n|switch|p1b: Hydreigon|Hydreigon, L50, F|100/100\n|move|p2a: Salazzle|Protect|p2a: Salazzle\n|-singleturn|p2a: Salazzle|Protect\n|move|p1a: Aerodactyl|Rock Slide|p2b: Toxapex|[spread] p2b\n|-activate|p2a: Salazzle|move: Protect\n|-damage|p2b: Toxapex|81/100 par\n|move|p2b: Toxapex|Toxic|p1a: Aerodactyl\n|-status|p1a: Aerodactyl|tox\n|\n|-weather|Sandstorm|[upkeep]\n|-damage|p2a: Salazzle|89/100|[from] Sandstorm\n|-damage|p1b: Hydreigon|95/100|[from] Sandstorm\n|-damage|p2b: Toxapex|76/100 par|[from] Sandstorm\n|-heal|p2b: Toxapex|81/100 par|[from] item: Leftovers\n|-damage|p1a: Aerodactyl|89/100 tox|[from] psn\n|upkeep\n|turn|3\n|\n|t:|1776415549\n|switch|p2a: Sableye|Sableye, L50, M|100/100\n|move|p1a: Aerodactyl|Rock Slide|p2b: Toxapex|[spread] p2a,p2b\n|-crit|p2a: Sableye\n|-damage|p2a: Sableye|49/100\n|-damage|p2b: Toxapex|62/100 par\n|move|p1b: Hydreigon|Focus Energy|p1b: Hydreigon\n|-start|p1b: Hydreigon|move: Focus Energy\n|move|p2b: Toxapex|Toxic|p1b: Hydreigon\n|-status|p1b: Hydreigon|tox\n|\n|-weather|Sandstorm|[upkeep]\n|-damage|p1b: Hydreigon|89/100 tox|[from] Sandstorm\n|-damage|p2a: Sableye|43/100|[from] Sandstorm\n|-damage|p2b: Toxapex|56/100 par|[from] Sandstorm\n|-heal|p2b: Toxapex|62/100 par|[from] item: Leftovers\n|-damage|p1a: Aerodactyl|78/100 tox|[from] psn\n|-damage|p1b: Hydreigon|83/100 tox|[from] psn\n|upkeep\n|turn|4\n|\n|t:|1776415581\n|detailschange|p2a: Sableye|Sableye-Mega, L50, M\n|-mega|p2a: Sableye|Sableye|Sablenite\n|move|p2a: Sableye|Fake Out|p1b: Hydreigon\n|-damage|p1b: Hydreigon|74/100 tox\n|move|p1a: Aerodactyl|Tailwind|p1a: Aerodactyl\n|-sidestart|p1: RaupyChu|move: Tailwind\n|cant|p1b: Hydreigon|flinch\n|move|p2b: Toxapex|Chilling Water|p1a: Aerodactyl\n|-supereffective|p1a: Aerodactyl|1\n|-crit|p1a: Aerodactyl\n|-damage|p1a: Aerodactyl|43/100 tox\n|-unboost|p1a: Aerodactyl|atk|1\n|\n|-weather|Sandstorm|[upkeep]\n|-damage|p1b: Hydreigon|69/100 tox|[from] Sandstorm\n|-damage|p2a: Sableye|37/100|[from] Sandstorm\n|-damage|p2b: Toxapex|56/100 par|[from] Sandstorm\n|-heal|p2b: Toxapex|62/100 par|[from] item: Leftovers\n|-damage|p1a: Aerodactyl|26/100 tox|[from] psn\n|-damage|p1b: Hydreigon|57/100 tox|[from] psn\n|upkeep\n|turn|5\n|\n|t:|1776415606\n|switch|p2a: Sinistcha|Sinistcha, L50|100/100\n|-heal|p2b: Toxapex|87/100 par|[from] ability: Hospitality|[of] p2a: Sinistcha\n|move|p1a: Aerodactyl|Dual Wingbeat|p2a: Sinistcha\n|-supereffective|p2a: Sinistcha|1\n|-crit|p2a: Sinistcha\n|-damage|p2a: Sinistcha|52/100\n|-supereffective|p2a: Sinistcha|1\n|-damage|p2a: Sinistcha|30/100\n|-hitcount|p2a: Sinistcha|2\n|move|p1b: Hydreigon|Draco Meteor|p2b: Toxapex\n|-crit|p2b: Toxapex\n|-damage|p2b: Toxapex|0 fnt\n|-unboost|p1b: Hydreigon|spa|2\n|faint|p2b: Toxapex\n|\n|-weather|none\n|-damage|p1a: Aerodactyl|3/100 tox|[from] psn\n|-damage|p1b: Hydreigon|39/100 tox|[from] psn\n|upkeep\n|\n|t:|1776415626\n|switch|p2b: Salazzle|Salazzle, L50, F|89/100\n|turn|6\n|\n|t:|1776415636\n|switch|p1a: Sinistcha|Sinistcha, L50|100/100\n|-enditem|p2a: Sinistcha|Sitrus Berry|[eat]\n|-heal|p2a: Sinistcha|55/100|[from] item: Sitrus Berry\n|-heal|p1b: Hydreigon|64/100 tox|[from] ability: Hospitality|[of] p1a: Sinistcha\n|move|p1b: Hydreigon|Protect|p1b: Hydreigon\n|-singleturn|p1b: Hydreigon|Protect\n|move|p2b: Salazzle|Fake Out|p1b: Hydreigon\n|-activate|p1b: Hydreigon|move: Protect\n|move|p2a: Sinistcha|Life Dew|p2a: Sinistcha|[spread] p2a,p2b\n|-heal|p2a: Sinistcha|80/100\n|-heal|p2b: Salazzle|100/100\n|\n|-damage|p1b: Hydreigon|40/100 tox|[from] psn\n|upkeep\n|turn|7\n|\n|t:|1776415665\n|move|p1b: Hydreigon|Draco Meteor|p2a: Sinistcha\n|-crit|p2a: Sinistcha\n|-damage|p2a: Sinistcha|0 fnt\n|-unboost|p1b: Hydreigon|spa|2\n|faint|p2a: Sinistcha\n|move|p2b: Salazzle|Toxic Spikes|p1a: Sinistcha\n|-sidestart|p1: RaupyChu|move: Toxic Spikes\n|move|p1a: Sinistcha|Life Dew||[still]|[spread] p1a,p1b\n|-fail|p1a: Sinistcha|heal\n|-heal|p1b: Hydreigon|65/100 tox\n|\n|-damage|p1b: Hydreigon|35/100 tox|[from] psn\n|-sideend|p1: RaupyChu|move: Tailwind\n|upkeep\n|\n|t:|1776415689\n|switch|p2a: Sableye|Sableye-Mega, L50, M|37/100\n|turn|8\n|\n|t:|1776415697\n|move|p1a: Sinistcha|Rage Powder|p1a: Sinistcha\n|-singleturn|p1a: Sinistcha|move: Rage Powder\n|move|p2b: Salazzle|Toxic Spikes|p1a: Sinistcha\n|-sidestart|p1: RaupyChu|move: Toxic Spikes\n|move|p1b: Hydreigon|Draco Meteor|p2b: Salazzle\n|-crit|p2b: Salazzle\n|-enditem|p2b: Salazzle|Focus Sash\n|-damage|p2b: Salazzle|1/100\n|-unboost|p1b: Hydreigon|spa|2\n|move|p2a: Sableye|Recover|p2a: Sableye\n|-heal|p2a: Sableye|88/100\n|\n|-damage|p1b: Hydreigon|0 fnt|[from] psn\n|faint|p1b: Hydreigon\n|upkeep\n|\n|t:|1776415713\n|switch|p1b: Tyranitar|Tyranitar-Mega, L50, F|95/100 tox\n|-weather|Sandstorm|[from] ability: Sand Stream|[of] p1b: Tyranitar\n|turn|9\n|\n|t:|1776415732\n|move|p2b: Salazzle|Endeavor|p1b: Tyranitar\n|-damage|p1b: Tyranitar|1/100 tox\n|move|p1b: Tyranitar|Rock Slide|p2a: Sableye|[spread] p2a\n|-miss|p1b: Tyranitar|p2b: Salazzle\n|-damage|p2a: Sableye|62/100\n|move|p1a: Sinistcha|Matcha Gotcha|p2b: Salazzle|[spread] p2b\n|-miss|p1a: Sinistcha|p2a: Sableye\n|-resisted|p2b: Salazzle|2\n|-damage|p2b: Salazzle|0 fnt\n|faint|p2b: Salazzle\n|move|p2a: Sableye|Knock Off|p1a: Sinistcha\n|-supereffective|p1a: Sinistcha|1\n|-damage|p1a: Sinistcha|52/100\n|-enditem|p1a: Sinistcha|Sitrus Berry|[from] move: Knock Off|[of] p2a: Sableye\n|\n|-weather|Sandstorm|[upkeep]\n|-damage|p1a: Sinistcha|46/100|[from] Sandstorm\n|-damage|p2a: Sableye|57/100|[from] Sandstorm\n|-damage|p1b: Tyranitar|0 fnt|[from] psn\n|faint|p1b: Tyranitar\n|upkeep\n|\n|t:|1776415752\n|switch|p1b: Aerodactyl|Aerodactyl, L50, M|3/100 tox\n|-ability|p1b: Aerodactyl|Unnerve\n|turn|10\n|\n|t:|1776415771\n|move|p1b: Aerodactyl|Dual Wingbeat|p2a: Sableye\n|-damage|p2a: Sableye|39/100\n|-damage|p2a: Sableye|22/100\n|-hitcount|p2a: Sableye|2\n|move|p1a: Sinistcha|Strength Sap|p2a: Sableye\n|move|p2a: Sableye|Strength Sap|p1a: Sinistcha|[from] ability: Magic Bounce\n|-unboost|p1a: Sinistcha|atk|1\n|-heal|p2a: Sableye|67/100\n|move|p2a: Sableye|Recover|p2a: Sableye\n|-heal|p2a: Sableye|100/100\n|\n|-weather|Sandstorm|[upkeep]\n|-damage|p1a: Sinistcha|40/100|[from] Sandstorm\n|-damage|p2a: Sableye|95/100|[from] Sandstorm\n|-damage|p1b: Aerodactyl|0 fnt|[from] psn\n|faint|p1b: Aerodactyl\n|upkeep\n|turn|11\n|-message|RaupyChu forfeited.\n|\n|win|70991wsd\n|raw|RaupyChu's rating: 1080 &rarr; <strong>1053</strong><br />(-27 for losing)\n|raw|70991wsd's rating: 1001 &rarr; <strong>1050</strong><br />(+49 for winning)\n|l|\u2606RaupyChu\n|player|p1|\n",
  "uploadtime": 1776415793,
  "views": 20,
  "formatid": "gen9championsvgc2026regma",
  "rating": 1050,
  "private": 0,
  "password": null
}