{
  "id": "gen9championsvgc2026regma-2586477105",
  "format": "[Gen 9 Champions] VGC 2026 Reg M-A",
  "players": [
    "TLegend396",
    "Quacklimore"
  ],
  "log": "|j|\u2606TLegend396\n|j|\u2606Quacklimore\n|t:|1776437358\n|gametype|doubles\n|player|p1|TLegend396|2|1303\n|player|p2|Quacklimore|102|1300\n|gen|9\n|tier|[Gen 9 Champions] VGC 2026 Reg M-A\n|rated|\n|rule|Species Clause: Limit one of each Pok\u00e9mon\n|rule|Item Clause: Limit 1 of each item\n|clearpoke\n|poke|p1|Mimikyu, L50, F|\n|poke|p1|Incineroar, L50, F|\n|poke|p1|Primarina, L50, F|\n|poke|p1|Abomasnow, L50, M|\n|poke|p1|Excadrill, L50, F|\n|poke|p1|Blastoise, L50, M|\n|poke|p2|Meganium, L50, M|\n|poke|p2|Rampardos, L50, M|\n|poke|p2|Tyranitar, L50, M|\n|poke|p2|Farigiraf, L50, F|\n|poke|p2|Incineroar, L50, M|\n|poke|p2|Empoleon, L50, M|\n|teampreview|4\n|inactive|Battle timer is ON: inactive players will automatically lose when time's up. (requested by Quacklimore)\n|\n|t:|1776437401\n|teamsize|p1|4\n|teamsize|p2|4\n|start\n|switch|p1a: Mimikyu|Mimikyu, L50, F|100/100\n|switch|p1b: Incineroar|Incineroar, L50, F|100/100\n|switch|p2a: Meganium|Meganium, L50, M|100/100\n|switch|p2b: Empoleon|Empoleon, L50, M|100/100\n|-ability|p1b: Incineroar|Intimidate|boost\n|-unboost|p2a: Meganium|atk|1\n|-unboost|p2b: Empoleon|atk|1\n|-ability|p2b: Empoleon|Competitive|boost\n|-boost|p2b: Empoleon|spa|2\n|turn|1\n|\n|t:|1776437420\n|switch|p2a: Farigiraf|Farigiraf, L50, F, shiny|100/100\n|move|p1b: Incineroar|Fake Out||[still]\n|cant|p2a: Farigiraf|ability: Armor Tail|Fake Out|[of] p1b: Incineroar\n|move|p2b: Empoleon|Hydro Pump|p1b: Incineroar\n|-supereffective|p1b: Incineroar|1\n|-damage|p1b: Incineroar|0 fnt\n|faint|p1b: Incineroar\n|move|p1a: Mimikyu|Trick Room|p1a: Mimikyu\n|-fieldstart|move: Trick Room|[of] p1a: Mimikyu\n|\n|upkeep\n|inactive|TLegend396 has 30 seconds left.\n|\n|t:|1776437450\n|switch|p1b: Abomasnow|Abomasnow, L50, M|100/100\n|-weather|Snowscape|[from] ability: Snow Warning|[of] p1b: Abomasnow\n|turn|2\n|\n|t:|1776437473\n|switch|p2a: Tyranitar|Tyranitar, L50, M, shiny|100/100\n|-weather|Sandstorm|[from] ability: Sand Stream|[of] p2a: Tyranitar\n|move|p1b: Abomasnow|Protect|p1b: Abomasnow\n|-singleturn|p1b: Abomasnow|Protect\n|move|p2b: Empoleon|Steel Beam|p1b: Abomasnow\n|-activate|p1b: Abomasnow|move: Protect\n|-damage|p2b: Empoleon|50/100|[from] steelbeam\n|move|p1a: Mimikyu|Swords Dance|p1a: Mimikyu\n|-boost|p1a: Mimikyu|atk|2\n|\n|-weather|Sandstorm|[upkeep]\n|-damage|p1b: Abomasnow|94/100|[from] Sandstorm\n|-damage|p1a: Mimikyu|94/100|[from] Sandstorm\n|-heal|p2b: Empoleon|56/100|[from] item: Leftovers\n|upkeep\n|turn|3\n|inactive|TLegend396 has 30 seconds left.\n|inactive|Quacklimore has 30 seconds left.\n|\n|t:|1776437506\n|detailschange|p1b: Abomasnow|Abomasnow-Mega, L50, M\n|-mega|p1b: Abomasnow|Abomasnow|Abomasite\n|-weather|Snowscape|[from] ability: Snow Warning|[of] p1b: Abomasnow\n|move|p2b: Empoleon|Protect|p2b: Empoleon\n|-singleturn|p2b: Empoleon|Protect\n|move|p2a: Tyranitar|Protect|p2a: Tyranitar\n|-singleturn|p2a: Tyranitar|Protect\n|move|p1b: Abomasnow|Energy Ball|p2a: Tyranitar\n|-activate|p2a: Tyranitar|move: Protect\n|move|p1a: Mimikyu|Shadow Claw|p2b: Empoleon\n|-activate|p2b: Empoleon|move: Protect\n|\n|-weather|Snowscape|[upkeep]\n|-heal|p2b: Empoleon|62/100|[from] item: Leftovers\n|upkeep\n|turn|4\n|inactive|TLegend396 has 30 seconds left.\n|\n|t:|1776437538\n|switch|p2a: Farigiraf|Farigiraf, L50, F, shiny|100/100\n|move|p1b: Abomasnow|Energy Ball|p2b: Empoleon\n|-damage|p2b: Empoleon|13/100\n|move|p2b: Empoleon|Steel Beam|p1b: Abomasnow\n|-supereffective|p1b: Abomasnow|1\n|-damage|p1b: Abomasnow|0 fnt\n|-damage|p2b: Empoleon|0 fnt|[from] steelbeam\n|faint|p2b: Empoleon\n|faint|p1b: Abomasnow\n|move|p1a: Mimikyu|Shadow Claw|p2a: Farigiraf\n|-immune|p2a: Farigiraf\n|\n|-weather|Snowscape|[upkeep]\n|upkeep\n|inactive|Quacklimore has 30 seconds left.\n|\n|t:|1776437565\n|switch|p1b: Primarina|Primarina, L50, F|100/100\n|switch|p2b: Tyranitar|Tyranitar, L50, M, shiny|100/100\n|-weather|Sandstorm|[from] ability: Sand Stream|[of] p2b: Tyranitar\n|turn|5\n|inactive|TLegend396 has 30 seconds left.\n|\n|t:|1776437592\n|move|p1b: Primarina|Hyper Voice|p2a: Farigiraf|[spread] p2a,p2b\n|-supereffective|p2b: Tyranitar|1\n|-damage|p2a: Farigiraf|52/100\n|-damage|p2b: Tyranitar|48/100\n|move|p2a: Farigiraf|Psychic|p1b: Primarina\n|-damage|p1b: Primarina|64/100\n|move|p2b: Tyranitar|Knock Off|p1a: Mimikyu\n|-activate|p1a: Mimikyu|ability: Disguise\n|-damage|p1a: Mimikyu|94/100\n|-enditem|p1a: Mimikyu|Mental Herb|[from] move: Knock Off|[of] p2b: Tyranitar\n|detailschange|p1a: Mimikyu|Mimikyu-Busted, L50, F\n|-damage|p1a: Mimikyu|82/100|[from] pokemon: Mimikyu-Busted\n|move|p1a: Mimikyu|Play Rough|p2a: Farigiraf\n|-damage|p2a: Farigiraf|0 fnt\n|faint|p2a: Farigiraf\n|\n|-weather|Sandstorm|[upkeep]\n|-damage|p1b: Primarina|58/100|[from] Sandstorm\n|-damage|p1a: Mimikyu|76/100|[from] Sandstorm\n|-fieldend|move: Trick Room\n|upkeep\n|\n|t:|1776437612\n|switch|p2a: Meganium|Meganium, L50, M|100/100\n|turn|6\n|\n|t:|1776437624\n|detailschange|p2a: Meganium|Meganium-Mega, L50, M\n|-mega|p2a: Meganium|Meganium|Meganiumite\n|move|p1b: Primarina|Protect|p1b: Primarina\n|-singleturn|p1b: Primarina|Protect\n|move|p1a: Mimikyu|Play Rough|p2b: Tyranitar\n|-supereffective|p2b: Tyranitar|1\n|-damage|p2b: Tyranitar|0 fnt\n|faint|p2b: Tyranitar\n|move|p2a: Meganium|Solar Beam||[still]\n|-prepare|p2a: Meganium|Solar Beam\n|-activate|p2a: Meganium|ability: Mega Sol\n|-anim|p2a: Meganium|Solar Beam|p1b: Primarina\n|-activate|p1b: Primarina|move: Protect\n|\n|-weather|Sandstorm|[upkeep]\n|-damage|p1a: Mimikyu|70/100|[from] Sandstorm\n|-damage|p2a: Meganium|95/100|[from] Sandstorm\n|-damage|p1b: Primarina|52/100|[from] Sandstorm\n|upkeep\n|turn|7\n|inactive|TLegend396 has 30 seconds left.\n|\n|t:|1776437651\n|move|p1a: Mimikyu|Shadow Claw|p2a: Meganium\n|-damage|p2a: Meganium|45/100\n|move|p2a: Meganium|Solar Beam||[still]\n|-prepare|p2a: Meganium|Solar Beam\n|-activate|p2a: Meganium|ability: Mega Sol\n|-anim|p2a: Meganium|Solar Beam|p1b: Primarina\n|-supereffective|p1b: Primarina|1\n|-damage|p1b: Primarina|0 fnt\n|faint|p1b: Primarina\n|\n|-weather|Sandstorm|[upkeep]\n|-damage|p1a: Mimikyu|63/100|[from] Sandstorm\n|-damage|p2a: Meganium|39/100|[from] Sandstorm\n|upkeep\n|turn|8\n|\n|t:|1776437669\n|move|p1a: Mimikyu|Shadow Claw|p2a: Meganium\n|-damage|p2a: Meganium|0 fnt\n|faint|p2a: Meganium\n|\n|win|TLegend396\n|raw|TLegend396's rating: 1303 &rarr; <strong>1323</strong><br />(+20 for winning)\n|raw|Quacklimore's rating: 1300 &rarr; <strong>1275</strong><br />(-25 for losing)\n|l|\u2606Quacklimore\n|player|p2|\n",
  "uploadtime": 1776437876,
  "views": 45,
  "formatid": "gen9championsvgc2026regma",
  "rating": 1275,
  "private": 0,
  "password": null
}