{
  "id": "gen9championsvgc2026regma-2589583695",
  "format": "[Gen 9 Champions] VGC 2026 Reg M-A",
  "players": [
    "Greningram",
    "Kazuma27"
  ],
  "log": "|j|\u2606Greningram\n|j|\u2606Kazuma27\n|t:|1776736352\n|gametype|doubles\n|player|p1|Greningram|lance|\n|player|p2|Kazuma27|hilbert|\n|gen|9\n|tier|[Gen 9 Champions] VGC 2026 Reg M-A\n|rule|Species Clause: Limit one of each Pok\u00e9mon\n|rule|Item Clause: Limit 1 of each item\n|clearpoke\n|poke|p1|Hawlucha, L50, F|\n|poke|p1|Excadrill, L50, F|\n|poke|p1|Meowstic, L50, M, shiny|\n|poke|p1|Basculegion, L50, M|\n|poke|p1|Maushold-Four, L50|\n|poke|p1|Aerodactyl, L50, F|\n|poke|p2|Incineroar, L50, M, shiny|\n|poke|p2|Maushold, L50|\n|poke|p2|Arcanine-Hisui, L50, M, shiny|\n|poke|p2|Charizard, L50, F, shiny|\n|poke|p2|Victreebel, L50, M, shiny|\n|poke|p2|Tinkaton, L50, F|\n|teampreview|4\n|\n|t:|1776736381\n|teamsize|p1|4\n|teamsize|p2|4\n|start\n|switch|p1a: Aerodactyl|Aerodactyl, L50, F|100/100\n|switch|p1b: Meowstic|Meowstic, L50, M, shiny|100/100\n|switch|p2a: Incineroar|Incineroar, L50, M, shiny|100/100\n|switch|p2b: Arcanine|Arcanine-Hisui, L50, M, shiny|100/100\n|-ability|p1a: Aerodactyl|Unnerve\n|-ability|p2a: Incineroar|Intimidate|boost\n|-unboost|p1a: Aerodactyl|atk|1\n|-unboost|p1b: Meowstic|atk|1\n|turn|1\n|\n|t:|1776736399\n|move|p1a: Aerodactyl|Protect|p1a: Aerodactyl\n|-singleturn|p1a: Aerodactyl|Protect\n|move|p1b: Meowstic|Trick|p2b: Arcanine\n|-activate|p1b: Meowstic|move: Trick|[of] p2b: Arcanine\n|-item|p2b: Arcanine|Choice Scarf|[from] move: Trick\n|-item|p1b: Meowstic|Leftovers|[from] move: Trick\n|move|p2b: Arcanine|Wild Charge|p1a: Aerodactyl\n|-activate|p1a: Aerodactyl|move: Protect\n|move|p2a: Incineroar|Swords Dance|p2a: Incineroar\n|-boost|p2a: Incineroar|atk|2\n|\n|upkeep\n|turn|2\n|\n|t:|1776736421\n|switch|p1a: Excadrill|Excadrill, L50, F|100/100\n|-ability|p1a: Excadrill|Mold Breaker\n|move|p1b: Meowstic|Thunder Wave|p2a: Incineroar\n|-hint|Since gen 7, Dark is immune to Prankster moves.\n|-immune|p2a: Incineroar\n|move|p2b: Arcanine|Wild Charge|p1a: Excadrill\n|-immune|p1a: Excadrill\n|move|p2a: Incineroar|Darkest Lariat|p1b: Meowstic\n|-supereffective|p1b: Meowstic|1\n|-damage|p1b: Meowstic|0 fnt\n|faint|p1b: Meowstic\n|\n|upkeep\n|\n|t:|1776736454\n|switch|p1b: Aerodactyl|Aerodactyl, L50, F|100/100\n|-ability|p1b: Aerodactyl|Unnerve\n|turn|3\n|\n|t:|1776736476\n|detailschange|p1a: Excadrill|Excadrill-Mega, L50, F\n|-mega|p1a: Excadrill|Excadrill|Excadrite\n|move|p1b: Aerodactyl|Rock Slide|p2a: Incineroar|[spread] p2a,p2b\n|-supereffective|p2a: Incineroar|1\n|-supereffective|p2b: Arcanine|1\n|-damage|p2a: Incineroar|50/100\n|-damage|p2b: Arcanine|46/100\n|move|p2b: Arcanine|Wild Charge|p1b: Aerodactyl\n|-supereffective|p1b: Aerodactyl|1\n|-damage|p1b: Aerodactyl|9/100\n|move|p1a: Excadrill|Rock Slide|p2b: Arcanine|[spread] p2a,p2b\n|-supereffective|p2a: Incineroar|1\n|-supereffective|p2b: Arcanine|1\n|-damage|p2a: Incineroar|6/100\n|-damage|p2b: Arcanine|1/100\n|cant|p2a: Incineroar|flinch\n|\n|upkeep\n|turn|4\n|\n|t:|1776736498\n|move|p1b: Aerodactyl|Tailwind|p1b: Aerodactyl\n|-sidestart|p1: Greningram|move: Tailwind\n|move|p1a: Excadrill|Rock Slide|p2b: Arcanine|[spread] p2a,p2b\n|-supereffective|p2a: Incineroar|1\n|-supereffective|p2b: Arcanine|1\n|-damage|p2a: Incineroar|0 fnt\n|-damage|p2b: Arcanine|0 fnt\n|faint|p2a: Incineroar\n|faint|p2b: Arcanine\n|\n|upkeep\n|\n|t:|1776736505\n|switch|p2b: Victreebel|Victreebel, L50, M, shiny|100/100\n|switch|p2a: Charizard|Charizard, L50, F, shiny|100/100\n|turn|5\n|\n|t:|1776736521\n|detailschange|p2a: Charizard|Charizard-Mega-Y, L50, F, shiny\n|-mega|p2a: Charizard|Charizard|Charizardite Y\n|-weather|SunnyDay|[from] ability: Drought|[of] p2a: Charizard\n|move|p1b: Aerodactyl|Dual Wingbeat|p2b: Victreebel\n|-supereffective|p2b: Victreebel|1\n|-damage|p2b: Victreebel|44/100\n|-supereffective|p2b: Victreebel|1\n|-damage|p2b: Victreebel|0 fnt\n|faint|p2b: Victreebel\n|-hitcount|p2: Victreebel|2\n|move|p1a: Excadrill|Rock Slide|p2a: Charizard\n|-supereffective|p2a: Charizard|2\n|-damage|p2a: Charizard|0 fnt\n|faint|p2a: Charizard\n|\n|win|Greningram\n|l|\u2606Kazuma27\n|player|p2|\n",
  "uploadtime": 1776736535,
  "views": 2,
  "formatid": "gen9championsvgc2026regma",
  "rating": null,
  "private": 0,
  "password": null
}