{
  "id": "gen9championsvgc2026regma-2582535243",
  "format": "[Gen 9 Champions] VGC 2026 Reg M-A",
  "players": [
    "fizixes",
    "Gbmasterball"
  ],
  "log": "|j|\u2606fizixes\n|j|\u2606Gbmasterball\n|t:|1776097862\n|gametype|doubles\n|player|p1|fizixes|266|1129\n|player|p2|Gbmasterball|101|1071\n|gen|9\n|tier|[Gen 9 Champions] VGC 2026 Reg M-A\n|rated|\n|rule|Species Clause: Limit one of each Pok\u00e9mon\n|rule|Item Clause: Limit 1 of each item\n|clearpoke\n|poke|p1|Weavile, L50, F|\n|poke|p1|Lucario, L50, M|\n|poke|p1|Gallade, L50, M|\n|poke|p1|Kleavor, L50, M|\n|poke|p1|Quaquaval, L50, M|\n|poke|p1|Meganium, L50, M|\n|poke|p2|Rotom-Mow, L50|\n|poke|p2|Tyranitar, L50, M|\n|poke|p2|Garchomp, L50, M|\n|poke|p2|Oranguru, L50, F|\n|poke|p2|Dragapult, L50, F|\n|poke|p2|Meganium, L50, M|\n|teampreview|4\n|inactive|Battle timer is ON: inactive players will automatically lose when time's up. (requested by fizixes)\n|inactive|Gbmasterball has 60 seconds left.\n|\n|t:|1776097906\n|teamsize|p1|4\n|teamsize|p2|4\n|start\n|switch|p1a: Weavile|Weavile, L50, F|100/100\n|switch|p1b: Kleavor|Kleavor, L50, M|100/100\n|switch|p2a: Oranguru|Oranguru, L50, F|100/100\n|switch|p2b: Meganium|Meganium, L50, M|100/100\n|-ability|p1a: Weavile|Pressure\n|turn|1\n|\n|t:|1776097914\n|move|p2b: Meganium|Protect|p2b: Meganium\n|-singleturn|p2b: Meganium|Protect\n|move|p1b: Kleavor|Stone Axe|p2a: Oranguru\n|-damage|p2a: Oranguru|48/100\n|-sidestart|p2: Gbmasterball|move: Stealth Rock\n|-enditem|p2a: Oranguru|Sitrus Berry|[eat]\n|-heal|p2a: Oranguru|73/100|[from] item: Sitrus Berry\n|move|p1a: Weavile|Triple Axel|p2b: Meganium\n|-activate|p2b: Meganium|move: Protect\n|move|p2a: Oranguru|Trick Room|p2a: Oranguru\n|-fieldstart|move: Trick Room|[of] p2a: Oranguru\n|\n|upkeep\n|turn|2\n|\n|t:|1776097939\n|detailschange|p2b: Meganium|Meganium-Mega, L50, M\n|-mega|p2b: Meganium|Meganium|Meganiumite\n|move|p1a: Weavile|Protect|p1a: Weavile\n|-singleturn|p1a: Weavile|Protect\n|move|p2a: Oranguru|Hyper Voice|p1b: Kleavor|[spread] p1b\n|-activate|p1a: Weavile|move: Protect\n|-resisted|p1b: Kleavor|1\n|-damage|p1b: Kleavor|82/100\n|move|p2b: Meganium|Dazzling Gleam|p1a: Weavile|[spread] p1b\n|-activate|p1a: Weavile|move: Protect\n|-damage|p1b: Kleavor|21/100\n|move|p1b: Kleavor|Stone Axe|p2a: Oranguru\n|-damage|p2a: Oranguru|21/100\n|\n|upkeep\n|turn|3\n|\n|t:|1776097957\n|switch|p1a: Lucario|Lucario, L50, M|100/100\n|move|p2a: Oranguru|Instruct|p2b: Meganium\n|-singleturn|p2b: Meganium|move: Instruct|[of] p2a: Oranguru\n|move|p2b: Meganium|Dazzling Gleam|p1b: Kleavor|[spread] p1a,p1b\n|-damage|p1a: Lucario|40/100\n|-damage|p1b: Kleavor|0 fnt\n|faint|p1b: Kleavor\n|move|p2b: Meganium|Weather Ball|p1a: Lucario\n|-supereffective|p1a: Lucario|1\n|-damage|p1a: Lucario|0 fnt\n|faint|p1a: Lucario\n|\n|upkeep\n|\n|t:|1776097967\n|switch|p1a: Weavile|Weavile, L50, F|100/100\n|switch|p1b: Quaquaval|Quaquaval, L50, M|100/100\n|-ability|p1a: Weavile|Pressure\n|turn|4\n|\n|t:|1776097983\n|move|p1a: Weavile|Fake Out|p2b: Meganium\n|-damage|p2b: Meganium|89/100\n|move|p2a: Oranguru|Instruct|p2b: Meganium\n|-singleturn|p2b: Meganium|move: Instruct|[of] p2a: Oranguru\n|cant|p2b: Meganium|flinch\n|cant|p2b: Meganium|flinch\n|move|p1b: Quaquaval|Ice Spinner|p2a: Oranguru\n|-damage|p2a: Oranguru|0 fnt\n|faint|p2a: Oranguru\n|-ability|p1b: Quaquaval|Moxie|boost\n|-boost|p1b: Quaquaval|atk|1\n|\n|upkeep\n|\n|t:|1776097993\n|switch|p2a: Rotom|Rotom-Mow, L50|100/100\n|-damage|p2a: Rotom|88/100|[from] Stealth Rock\n|turn|5\n|\n|t:|1776098017\n|move|p1b: Quaquaval|Protect|p1b: Quaquaval\n|-singleturn|p1b: Quaquaval|Protect\n|move|p1a: Weavile|Protect|p1a: Weavile\n|-singleturn|p1a: Weavile|Protect\n|move|p2b: Meganium|Weather Ball|p1a: Weavile\n|-activate|p1a: Weavile|move: Protect\n|move|p2a: Rotom|Volt Switch|p1b: Quaquaval\n|-activate|p1b: Quaquaval|move: Protect\n|\n|-fieldend|move: Trick Room\n|upkeep\n|turn|6\n|\n|t:|1776098031\n|move|p2a: Rotom|Volt Switch|p1b: Quaquaval\n|-supereffective|p1b: Quaquaval|1\n|-damage|p1b: Quaquaval|27/100\n|-enditem|p1b: Quaquaval|Sitrus Berry|[eat]\n|-heal|p1b: Quaquaval|51/100|[from] item: Sitrus Berry\n|\n|t:|1776098050\n|switch|p2a: Garchomp|Garchomp, L50, M|100/100|[from] Volt Switch\n|-damage|p2a: Garchomp|94/100|[from] Stealth Rock\n|move|p1a: Weavile|Triple Axel|p2b: Meganium\n|-supereffective|p2b: Meganium|1\n|-damage|p2b: Meganium|72/100\n|-supereffective|p2b: Meganium|1\n|-damage|p2b: Meganium|37/100\n|-supereffective|p2b: Meganium|1\n|-damage|p2b: Meganium|0 fnt\n|faint|p2b: Meganium\n|-hitcount|p2: Meganium|3\n|move|p1b: Quaquaval|Ice Spinner|p2a: Garchomp\n|-supereffective|p2a: Garchomp|2\n|-damage|p2a: Garchomp|0 fnt\n|faint|p2a: Garchomp\n|-ability|p1b: Quaquaval|Moxie|boost\n|-boost|p1b: Quaquaval|atk|1\n|\n|upkeep\n|\n|t:|1776098062\n|switch|p2b: Rotom|Rotom-Mow, L50|88/100\n|-damage|p2b: Rotom|76/100|[from] Stealth Rock\n|turn|7\n|\n|t:|1776098072\n|move|p2b: Rotom|Volt Switch|p1a: Weavile\n|-damage|p1a: Weavile|54/100\n|move|p1a: Weavile|Triple Axel|p2b: Rotom\n|-supereffective|p2b: Rotom|1\n|-damage|p2b: Rotom|48/100\n|-hitcount|p2b: Rotom|1\n|move|p1b: Quaquaval|Ice Spinner|p2b: Rotom\n|-supereffective|p2b: Rotom|1\n|-damage|p2b: Rotom|0 fnt\n|faint|p2b: Rotom\n|\n|win|fizixes\n|raw|fizixes's rating: 1129 &rarr; <strong>1150</strong><br />(+21 for winning)\n|raw|Gbmasterball's rating: 1071 &rarr; <strong>1054</strong><br />(-17 for losing)\n|l|\u2606Gbmasterball\n|player|p2|\n",
  "uploadtime": 1776098081,
  "views": 21,
  "formatid": "gen9championsvgc2026regma",
  "rating": 1054,
  "private": 0,
  "password": null
}