{
  "id": "gen9championsvgc2026regma-2582494492",
  "format": "[Gen 9 Champions] VGC 2026 Reg M-A",
  "players": [
    "Zatodus",
    "fizixes"
  ],
  "log": "|j|\u2606Zatodus\n|j|\u2606fizixes\n|t:|1776095290\n|gametype|doubles\n|player|p1|Zatodus|101|1206\n|player|p2|fizixes|266|1134\n|gen|9\n|tier|[Gen 9 Champions] VGC 2026 Reg M-A\n|rated|\n|rule|Species Clause: Limit one of each Pok\u00e9mon\n|rule|Item Clause: Limit 1 of each item\n|clearpoke\n|poke|p1|Scovillain, L50, F|\n|poke|p1|Farigiraf, L50, M|\n|poke|p1|Milotic, L50, F|\n|poke|p1|Avalugg-Hisui, L50, M|\n|poke|p1|Victreebel, L50, F|\n|poke|p1|Torkoal, L50, F|\n|poke|p2|Delphox, L50, F|\n|poke|p2|Weavile, L50, F|\n|poke|p2|Lucario, L50, M|\n|poke|p2|Gallade, L50, M|\n|poke|p2|Kleavor, L50, F|\n|poke|p2|Quaquaval, L50, F|\n|teampreview|4\n|inactive|Battle timer is ON: inactive players will automatically lose when time's up. (requested by fizixes)\n|\n|t:|1776095313\n|teamsize|p1|4\n|teamsize|p2|4\n|start\n|switch|p1a: Scovillain|Scovillain, L50, F|100/100\n|switch|p1b: Farigiraf|Farigiraf, L50, M|100/100\n|switch|p2a: Kleavor|Kleavor, L50, F|100/100\n|switch|p2b: Weavile|Weavile, L50, F|100/100\n|-ability|p2b: Weavile|Pressure\n|turn|1\n|\n|t:|1776095324\n|switch|p1b: Torkoal|Torkoal, L50, F|100/100\n|-weather|SunnyDay|[from] ability: Drought|[of] p1b: Torkoal\n|move|p1a: Scovillain|Flamethrower|p2a: Kleavor\n|-damage|p2a: Kleavor|0 fnt\n|faint|p2a: Kleavor\n|move|p2b: Weavile|Knock Off|p1b: Torkoal\n|-damage|p1b: Torkoal|61/100\n|-enditem|p1b: Torkoal|Charcoal|[from] move: Knock Off|[of] p2b: Weavile\n|\n|-weather|SunnyDay|[upkeep]\n|upkeep\n|\n|t:|1776095337\n|switch|p2a: Quaquaval|Quaquaval, L50, F|100/100\n|turn|2\n|\n|t:|1776095347\n|move|p1a: Scovillain|Solar Beam||[still]\n|-prepare|p1a: Scovillain|Solar Beam\n|-anim|p1a: Scovillain|Solar Beam|p2a: Quaquaval\n|-supereffective|p2a: Quaquaval|1\n|-damage|p2a: Quaquaval|0 fnt\n|faint|p2a: Quaquaval\n|move|p2b: Weavile|Triple Axel|p1a: Scovillain\n|-damage|p1a: Scovillain|83/100\n|-damage|p1a: Scovillain|44/100\n|-damage|p1a: Scovillain|0 fnt\n|faint|p1a: Scovillain\n|-hitcount|p1: Scovillain|3\n|move|p1b: Torkoal|Body Press|p2b: Weavile\n|-supereffective|p2b: Weavile|2\n|-enditem|p2b: Weavile|Focus Sash\n|-damage|p2b: Weavile|1/100\n|\n|-weather|SunnyDay|[upkeep]\n|upkeep\n|\n|t:|1776095360\n|switch|p1a: Avalugg|Avalugg-Hisui, L50, M|100/100\n|switch|p2a: Gallade|Gallade, L50, M|100/100\n|turn|3\n|\n|t:|1776095378\n|move|p1a: Avalugg|Protect|p1a: Avalugg\n|-singleturn|p1a: Avalugg|Protect\n|move|p2b: Weavile|Knock Off|p1a: Avalugg\n|-activate|p1a: Avalugg|move: Protect\n|move|p2a: Gallade|Sacred Sword|p1b: Torkoal\n|-damage|p1b: Torkoal|4/100\n|move|p1b: Torkoal|Will-O-Wisp|p2a: Gallade\n|-status|p2a: Gallade|brn\n|\n|-weather|SunnyDay|[upkeep]\n|-damage|p2a: Gallade|94/100 brn|[from] brn\n|upkeep\n|turn|4\n|\n|t:|1776095395\n|move|p2b: Weavile|Knock Off|p1b: Torkoal\n|-damage|p1b: Torkoal|0 fnt\n|faint|p1b: Torkoal\n|move|p2a: Gallade|Sacred Sword|p1a: Avalugg\n|-supereffective|p1a: Avalugg|2\n|-damage|p1a: Avalugg|17/100\n|move|p1a: Avalugg|Rock Slide|p2a: Gallade|[spread] p2b\n|-miss|p1a: Avalugg|p2a: Gallade\n|-supereffective|p2b: Weavile|1\n|-damage|p2b: Weavile|0 fnt\n|faint|p2b: Weavile\n|\n|-weather|SunnyDay|[upkeep]\n|-damage|p2a: Gallade|88/100 brn|[from] brn\n|upkeep\n|\n|t:|1776095403\n|switch|p1b: Farigiraf|Farigiraf, L50, M|100/100\n|turn|5\n|\n|t:|1776095412\n|move|p2a: Gallade|Sacred Sword|p1a: Avalugg\n|-supereffective|p1a: Avalugg|2\n|-damage|p1a: Avalugg|0 fnt\n|faint|p1a: Avalugg\n|move|p1b: Farigiraf|Trick Room|p1b: Farigiraf\n|-fieldstart|move: Trick Room|[of] p1b: Farigiraf\n|\n|-weather|none\n|-damage|p2a: Gallade|82/100 brn|[from] brn\n|upkeep\n|turn|6\n|\n|t:|1776095420\n|move|p1b: Farigiraf|Dazzling Gleam|p2a: Gallade\n|-supereffective|p2a: Gallade|1\n|-enditem|p2a: Gallade|Roseli Berry|[eat]\n|-enditem|p2a: Gallade|Roseli Berry|[weaken]\n|-damage|p2a: Gallade|60/100 brn\n|move|p2a: Gallade|Sacred Sword|p1b: Farigiraf\n|-damage|p1b: Farigiraf|63/100\n|\n|-damage|p2a: Gallade|54/100 brn|[from] brn\n|upkeep\n|turn|7\n|\n|t:|1776095432\n|move|p1b: Farigiraf|Dazzling Gleam|p2a: Gallade\n|-supereffective|p2a: Gallade|1\n|-damage|p2a: Gallade|12/100 brn\n|move|p2a: Gallade|Sacred Sword|p1b: Farigiraf\n|-damage|p1b: Farigiraf|25/100\n|\n|-damage|p2a: Gallade|6/100 brn|[from] brn\n|upkeep\n|turn|8\n|\n|t:|1776095436\n|move|p1b: Farigiraf|Dazzling Gleam|p2a: Gallade\n|-supereffective|p2a: Gallade|1\n|-damage|p2a: Gallade|0 fnt\n|faint|p2a: Gallade\n|\n|win|Zatodus\n|raw|Zatodus's rating: 1206 &rarr; <strong>1226</strong><br />(+20 for winning)\n|raw|fizixes's rating: 1134 &rarr; <strong>1114</strong><br />(-20 for losing)\n|l|\u2606Zatodus\n|player|p1|\n",
  "uploadtime": 1776095530,
  "views": 10,
  "formatid": "gen9championsvgc2026regma",
  "rating": 1114,
  "private": 0,
  "password": null
}