{
  "id": "gen9championsvgc2026regma-2584476750",
  "format": "[Gen 9 Champions] VGC 2026 Reg M-A",
  "players": [
    "Roberfly",
    "alpaca012"
  ],
  "log": "|j|\u2606Roberfly\n|j|\u2606alpaca012\n|t:|1776263444\n|gametype|doubles\n|player|p1|Roberfly|rood|1166\n|player|p2|alpaca012|cilan|1077\n|gen|9\n|tier|[Gen 9 Champions] VGC 2026 Reg M-A\n|rated|\n|rule|Species Clause: Limit one of each Pok\u00e9mon\n|rule|Item Clause: Limit 1 of each item\n|clearpoke\n|poke|p1|Tyranitar, L50, F|\n|poke|p1|Aegislash, L50, M|\n|poke|p1|Meganium, L50, M|\n|poke|p1|Aerodactyl, L50, F|\n|poke|p1|Tauros-Paldea-Aqua, L50, M|\n|poke|p1|Rotom-Heat, L50|\n|poke|p2|Garchomp, L50, F|\n|poke|p2|Tyranitar, L50, F|\n|poke|p2|Talonflame, L50, M|\n|poke|p2|Hydrapple, L50, F|\n|poke|p2|Sneasler, L50, F|\n|poke|p2|Aegislash, L50, M|\n|teampreview|4\n|\n|t:|1776263466\n|teamsize|p1|4\n|teamsize|p2|4\n|start\n|switch|p1a: Aerodactyl|Aerodactyl, L50, F|100/100\n|switch|p1b: Meganium|Meganium, L50, M|100/100\n|switch|p2a: Talonflame|Talonflame, L50, M|100/100\n|switch|p2b: Hydrapple|Hydrapple, L50, F|100/100\n|-ability|p1a: Aerodactyl|Unnerve\n|-ability|p2b: Hydrapple|Supersweet Syrup\n|-unboost|p1a: Aerodactyl|evasion|1\n|-unboost|p1b: Meganium|evasion|1\n|turn|1\n|\n|t:|1776263486\n|detailschange|p1b: Meganium|Meganium-Mega, L50, M\n|-mega|p1b: Meganium|Meganium|Meganiumite\n|move|p1b: Meganium|Protect|p1b: Meganium\n|-singleturn|p1b: Meganium|Protect\n|move|p2b: Hydrapple|Protect|p2b: Hydrapple\n|-singleturn|p2b: Hydrapple|Protect\n|move|p1a: Aerodactyl|Tailwind|p1a: Aerodactyl\n|-sidestart|p1: Roberfly|move: Tailwind\n|move|p2a: Talonflame|Flare Blitz|p1b: Meganium\n|-activate|p1b: Meganium|move: Protect\n|\n|upkeep\n|turn|2\n|\n|t:|1776263502\n|switch|p1b: Tauros|Tauros-Paldea-Aqua, L50, M|100/100\n|-ability|p1b: Tauros|Intimidate|boost\n|-unboost|p2a: Talonflame|atk|1\n|-unboost|p2b: Hydrapple|atk|1\n|switch|p2b: Aegislash|Aegislash, L50, M|100/100\n|move|p1a: Aerodactyl|Rock Slide|p2a: Talonflame|[spread] p2a,p2b\n|-supereffective|p2a: Talonflame|2\n|-resisted|p2b: Aegislash|1\n|-damage|p2a: Talonflame|0 fnt\n|-damage|p2b: Aegislash|87/100\n|faint|p2a: Talonflame\n|\n|upkeep\n|\n|t:|1776263514\n|switch|p2a: Hydrapple|Hydrapple, L50, F|100/100\n|turn|3\n|\n|t:|1776263533\n|switch|p1b: Meganium|Meganium-Mega, L50, M|100/100\n|move|p1a: Aerodactyl|Dual Wingbeat|p2a: Hydrapple\n|-supereffective|p2a: Hydrapple|1\n|-crit|p2a: Hydrapple\n|-damage|p2a: Hydrapple|57/100\n|-supereffective|p2a: Hydrapple|1\n|-damage|p2a: Hydrapple|31/100\n|-hitcount|p2a: Hydrapple|2\n|-formechange|p2b: Aegislash|Aegislash-Blade|\n|move|p2b: Aegislash|Iron Head|p1a: Aerodactyl\n|-supereffective|p1a: Aerodactyl|1\n|-enditem|p1a: Aerodactyl|Focus Sash\n|-damage|p1a: Aerodactyl|1/100\n|move|p2a: Hydrapple|Nasty Plot|p2a: Hydrapple\n|-boost|p2a: Hydrapple|spa|2\n|\n|upkeep\n|turn|4\n|\n|t:|1776263559\n|move|p2a: Hydrapple|Protect|p2a: Hydrapple\n|-singleturn|p2a: Hydrapple|Protect\n|move|p1a: Aerodactyl|Dual Wingbeat|p2a: Hydrapple\n|-activate|p2a: Hydrapple|move: Protect\n|move|p1b: Meganium|Weather Ball|p2b: Aegislash\n|-supereffective|p2b: Aegislash|1\n|-damage|p2b: Aegislash|0 fnt\n|faint|p2b: Aegislash\n|\n|-sideend|p1: Roberfly|move: Tailwind\n|upkeep\n|\n|t:|1776263568\n|switch|p2b: Garchomp|Garchomp, L50, F|100/100\n|turn|5\n|\n|t:|1776263586\n|detailschange|p2b: Garchomp|Garchomp-Mega, L50, F\n|-mega|p2b: Garchomp|Garchomp|Garchompite\n|move|p1b: Meganium|Protect|p1b: Meganium\n|-singleturn|p1b: Meganium|Protect\n|move|p1a: Aerodactyl|Tailwind|p1a: Aerodactyl\n|-sidestart|p1: Roberfly|move: Tailwind\n|move|p2b: Garchomp|Rock Slide|p1b: Meganium|[spread] p1a\n|-activate|p1b: Meganium|move: Protect\n|-supereffective|p1a: Aerodactyl|1\n|-damage|p1a: Aerodactyl|0 fnt\n|faint|p1a: Aerodactyl\n|move|p2a: Hydrapple|Leaf Storm|p1b: Meganium\n|-activate|p1b: Meganium|move: Protect\n|\n|upkeep\n|\n|t:|1776263602\n|switch|p1a: Tauros|Tauros-Paldea-Aqua, L50, M|100/100\n|-ability|p1a: Tauros|Intimidate|boost\n|-unboost|p2a: Hydrapple|atk|1\n|-unboost|p2b: Garchomp|atk|1\n|turn|6\n|\n|t:|1776263611\n|move|p1a: Tauros|Close Combat|p2b: Garchomp\n|-damage|p2b: Garchomp|55/100\n|-unboost|p1a: Tauros|def|1\n|-unboost|p1a: Tauros|spd|1\n|-enditem|p1a: Tauros|White Herb\n|-clearnegativeboost|p1a: Tauros|[silent]\n|move|p1b: Meganium|Dazzling Gleam|p2a: Hydrapple|[spread] p2a,p2b\n|-supereffective|p2a: Hydrapple|1\n|-supereffective|p2b: Garchomp|1\n|-damage|p2a: Hydrapple|0 fnt\n|-damage|p2b: Garchomp|0 fnt\n|faint|p2a: Hydrapple\n|faint|p2b: Garchomp\n|\n|win|Roberfly\n|raw|Roberfly's rating: 1166 &rarr; <strong>1185</strong><br />(+19 for winning)\n|raw|alpaca012's rating: 1077 &rarr; <strong>1061</strong><br />(-16 for losing)\n|l|\u2606alpaca012\n|player|p2|\n",
  "uploadtime": 1776263639,
  "views": 29,
  "formatid": "gen9championsvgc2026regma",
  "rating": 1061,
  "private": 0,
  "password": null
}