{
  "id": "gen9championsvgc2026regma-2584771399",
  "format": "[Gen 9 Champions] VGC 2026 Reg M-A",
  "players": [
    "Hedgehogwarrior",
    "the.hot.fish"
  ],
  "log": "|j|\u2606Hedgehogwarrior\n|j|\u2606the.hot.fish\n|t:|1776282518\n|gametype|doubles\n|player|p1|Hedgehogwarrior|170|1119\n|player|p2|the.hot.fish|170|1021\n|gen|9\n|tier|[Gen 9 Champions] VGC 2026 Reg M-A\n|rated|\n|rule|Species Clause: Limit one of each Pok\u00e9mon\n|rule|Item Clause: Limit 1 of each item\n|clearpoke\n|poke|p1|Crabominable, L50, F|\n|poke|p1|Aurorus, L50, F|\n|poke|p1|Slowking-Galar, L50, F|\n|poke|p1|Sinistcha, L50|\n|poke|p1|Incineroar, L50, M|\n|poke|p1|Aerodactyl, L50, F|\n|poke|p2|Tyranitar, L50, M|\n|poke|p2|Rotom-Wash, L50|\n|poke|p2|Garchomp, L50, F|\n|poke|p2|Aerodactyl, L50, F|\n|poke|p2|Sinistcha, L50|\n|poke|p2|Sneasler, L50, M|\n|teampreview|4\n|c|\u2606the.hot.fish|glhf\n|\n|t:|1776282573\n|teamsize|p1|4\n|teamsize|p2|4\n|start\n|switch|p1a: Incineroar|Incineroar, L50, M|100/100\n|switch|p1b: Sinistcha|Sinistcha, L50|100/100\n|switch|p2a: Tyranitar|Tyranitar, L50, M|100/100\n|switch|p2b: Sneasler|Sneasler, L50, M|100/100\n|-weather|Sandstorm|[from] ability: Sand Stream|[of] p2a: Tyranitar\n|-ability|p1a: Incineroar|Intimidate|boost\n|-unboost|p2a: Tyranitar|atk|1\n|-unboost|p2b: Sneasler|atk|1\n|-enditem|p2b: Sneasler|White Herb\n|-clearnegativeboost|p2b: Sneasler|[silent]\n|turn|1\n|\n|t:|1776282599\n|switch|p1b: Aurorus|Aurorus, L50, F|100/100\n|-weather|Snowscape|[from] ability: Snow Warning|[of] p1b: Aurorus\n|move|p2b: Sneasler|Fake Out|p1a: Incineroar\n|-damage|p1a: Incineroar|89/100\n|cant|p1a: Incineroar|flinch\n|move|p2a: Tyranitar|Knock Off|p1b: Aurorus\n|-damage|p1b: Aurorus|74/100\n|-enditem|p1b: Aurorus|Focus Sash|[from] move: Knock Off|[of] p2a: Tyranitar\n|\n|-weather|Snowscape|[upkeep]\n|upkeep\n|turn|2\n|\n|t:|1776282629\n|switch|p1a: Sinistcha|Sinistcha, L50|100/100\n|-heal|p1b: Aurorus|99/100|[from] ability: Hospitality|[of] p1a: Sinistcha\n|detailschange|p2a: Tyranitar|Tyranitar-Mega, L50, M\n|-mega|p2a: Tyranitar|Tyranitar|Tyranitarite\n|-weather|Sandstorm|[from] ability: Sand Stream|[of] p2a: Tyranitar\n|move|p2b: Sneasler|Close Combat|p1b: Aurorus\n|-supereffective|p1b: Aurorus|2\n|-damage|p1b: Aurorus|0 fnt\n|-unboost|p2b: Sneasler|def|1\n|-unboost|p2b: Sneasler|spd|1\n|faint|p1b: Aurorus\n|move|p2a: Tyranitar|Rock Slide|p1a: Sinistcha\n|-damage|p1a: Sinistcha|68/100\n|\n|-weather|Sandstorm|[upkeep]\n|-damage|p2b: Sneasler|95/100|[from] Sandstorm\n|-damage|p1a: Sinistcha|62/100|[from] Sandstorm\n|-heal|p1a: Sinistcha|68/100|[from] item: Leftovers\n|upkeep\n|\n|t:|1776282648\n|switch|p1b: Incineroar|Incineroar, L50, M|89/100\n|-ability|p1b: Incineroar|Intimidate|boost\n|-unboost|p2a: Tyranitar|atk|1\n|-unboost|p2b: Sneasler|atk|1\n|turn|3\n|\n|t:|1776282661\n|switch|p2b: Aerodactyl|Aerodactyl, L50, F|100/100\n|-ability|p2b: Aerodactyl|Unnerve\n|switch|p2a: Garchomp|Garchomp, L50, F|100/100\n|move|p1b: Incineroar|Fake Out|p2a: Garchomp|[miss]\n|-miss|p1b: Incineroar|p2a: Garchomp\n|move|p1a: Sinistcha|Trick Room|p1a: Sinistcha\n|-fieldstart|move: Trick Room|[of] p1a: Sinistcha\n|\n|-weather|Sandstorm|[upkeep]\n|-damage|p1b: Incineroar|83/100|[from] Sandstorm\n|-damage|p1a: Sinistcha|62/100|[from] Sandstorm\n|-heal|p1a: Sinistcha|68/100|[from] item: Leftovers\n|upkeep\n|turn|4\n|\n|t:|1776282689\n|move|p1b: Incineroar|Parting Shot|p2b: Aerodactyl\n|-unboost|p2b: Aerodactyl|atk|1\n|-unboost|p2b: Aerodactyl|spa|1\n|\n|t:|1776282692\n|switch|p1b: Crabominable|Crabominable, L50, F|100/100|[from] Parting Shot\n|move|p1a: Sinistcha|Strength Sap|p2a: Garchomp\n|-unboost|p2a: Garchomp|atk|1\n|-heal|p1a: Sinistcha|100/100\n|move|p2a: Garchomp|Earthquake|p1b: Crabominable|[spread] p1a,p1b\n|-immune|p2b: Aerodactyl\n|-resisted|p1a: Sinistcha|1\n|-crit|p1a: Sinistcha\n|-damage|p1a: Sinistcha|73/100\n|-damage|p1b: Crabominable|73/100\n|move|p2b: Aerodactyl|Dual Wingbeat|p1a: Sinistcha|[miss]\n|-miss|p2b: Aerodactyl|p1a: Sinistcha\n|\n|-weather|Sandstorm|[upkeep]\n|-damage|p1b: Crabominable|67/100|[from] Sandstorm\n|-damage|p1a: Sinistcha|67/100|[from] Sandstorm\n|-heal|p1a: Sinistcha|73/100|[from] item: Leftovers\n|upkeep\n|turn|5\n|\n|t:|1776282730\n|switch|p2a: Sneasler|Sneasler, L50, M|95/100\n|detailschange|p1b: Crabominable|Crabominable-Mega, L50, F\n|-mega|p1b: Crabominable|Crabominable|Crabominite\n|move|p1b: Crabominable|Ice Punch|p2b: Aerodactyl\n|-supereffective|p2b: Aerodactyl|1\n|-enditem|p2b: Aerodactyl|Focus Sash\n|-damage|p2b: Aerodactyl|1/100\n|move|p1a: Sinistcha|Matcha Gotcha|p2a: Sneasler|[spread] p2a,p2b\n|-resisted|p2a: Sneasler|1\n|-damage|p2a: Sneasler|77/100\n|-heal|p1a: Sinistcha|81/100|[from] drain|[of] p2a: Sneasler\n|-damage|p2b: Aerodactyl|0 fnt\n|-heal|p1a: Sinistcha|81/100|[from] drain|[of] p2b: Aerodactyl\n|faint|p2b: Aerodactyl\n|\n|-weather|Sandstorm|[upkeep]\n|-damage|p1b: Crabominable|61/100|[from] Sandstorm\n|-damage|p1a: Sinistcha|75/100|[from] Sandstorm\n|-damage|p2a: Sneasler|71/100|[from] Sandstorm\n|-heal|p1a: Sinistcha|81/100|[from] item: Leftovers\n|upkeep\n|\n|t:|1776282752\n|switch|p2b: Tyranitar|Tyranitar-Mega, L50, M|100/100\n|turn|6\n|\n|t:|1776282771\n|move|p1b: Crabominable|Upper Hand|p2a: Sneasler\n|-resisted|p2a: Sneasler|1\n|-damage|p2a: Sneasler|37/100\n|cant|p2a: Sneasler|flinch\n|move|p1a: Sinistcha|Strength Sap|p2b: Tyranitar\n|-unboost|p2b: Tyranitar|atk|1\n|-heal|p1a: Sinistcha|100/100\n|move|p2b: Tyranitar|Rock Slide|p1b: Crabominable|[spread] p1a,p1b\n|-damage|p1a: Sinistcha|78/100\n|-damage|p1b: Crabominable|41/100\n|\n|-weather|none\n|-heal|p1a: Sinistcha|84/100|[from] item: Leftovers\n|upkeep\n|turn|7\n|\n|t:|1776282793\n|move|p2b: Tyranitar|Protect|p2b: Tyranitar\n|-singleturn|p2b: Tyranitar|Protect\n|move|p2a: Sneasler|Protect|p2a: Sneasler\n|-singleturn|p2a: Sneasler|Protect\n|move|p1b: Crabominable|Drain Punch|p2b: Tyranitar\n|-activate|p2b: Tyranitar|move: Protect\n|move|p1a: Sinistcha|Matcha Gotcha|p2a: Sneasler|[spread] \n|-activate|p2a: Sneasler|move: Protect\n|-activate|p2b: Tyranitar|move: Protect\n|\n|-heal|p1a: Sinistcha|90/100|[from] item: Leftovers\n|-fieldend|move: Trick Room\n|upkeep\n|turn|8\n|\n|t:|1776282815\n|switch|p1b: Incineroar|Incineroar, L50, M|83/100\n|-ability|p1b: Incineroar|Intimidate|boost\n|-unboost|p2a: Sneasler|atk|1\n|-unboost|p2b: Tyranitar|atk|1\n|move|p2a: Sneasler|Close Combat|p1b: Incineroar\n|-supereffective|p1b: Incineroar|1\n|-damage|p1b: Incineroar|21/100\n|-unboost|p2a: Sneasler|def|1\n|-unboost|p2a: Sneasler|spd|1\n|-enditem|p1b: Incineroar|Sitrus Berry|[eat]\n|-heal|p1b: Incineroar|46/100|[from] item: Sitrus Berry\n|move|p2b: Tyranitar|Knock Off|p1a: Sinistcha\n|-supereffective|p1a: Sinistcha|1\n|-crit|p1a: Sinistcha\n|-damage|p1a: Sinistcha|0 fnt\n|-enditem|p1a: Sinistcha|Leftovers|[from] move: Knock Off|[of] p2b: Tyranitar\n|faint|p1a: Sinistcha\n|\n|upkeep\n|c|\u2606Hedgehogwarrior|Welp that was lucky gg\n|\n|t:|1776282851\n|switch|p1a: Crabominable|Crabominable-Mega, L50, F|41/100\n|turn|9\n|c|\u2606the.hot.fish|gg\n|\n|t:|1776282864\n|move|p1b: Incineroar|Fake Out|p2a: Sneasler\n|-damage|p2a: Sneasler|11/100\n|cant|p2a: Sneasler|flinch\n|move|p2b: Tyranitar|Rock Slide|p1a: Crabominable|[spread] p1b\n|-miss|p2b: Tyranitar|p1a: Crabominable\n|-supereffective|p1b: Incineroar|1\n|-damage|p1b: Incineroar|21/100\n|move|p1a: Crabominable|Drain Punch|p2b: Tyranitar\n|-supereffective|p2b: Tyranitar|2\n|-damage|p2b: Tyranitar|0 fnt\n|-heal|p1a: Crabominable|92/100|[from] drain|[of] p2b: Tyranitar\n|faint|p2b: Tyranitar\n|\n|upkeep\n|c|\u2606the.hot.fish|you were saying?\n|c|\u2606the.hot.fish|don't blame luckm\n|\n|t:|1776282884\n|switch|p2b: Garchomp|Garchomp, L50, F|100/100\n|turn|10\n|\n|t:|1776282899\n|move|p2a: Sneasler|Close Combat|p1a: Crabominable\n|-supereffective|p1a: Crabominable|1\n|-damage|p1a: Crabominable|24/100\n|-unboost|p2a: Sneasler|def|1\n|-unboost|p2a: Sneasler|spd|1\n|move|p2b: Garchomp|Earthquake|p1a: Crabominable|[spread] p2a,p1a,p1b\n|-supereffective|p2a: Sneasler|1\n|-supereffective|p1b: Incineroar|1\n|-damage|p2a: Sneasler|0 fnt\n|-damage|p1a: Crabominable|0 fnt\n|-damage|p1b: Incineroar|0 fnt\n|faint|p2a: Sneasler\n|faint|p1a: Crabominable\n|faint|p1b: Incineroar\n|\n|win|the.hot.fish\n|raw|Hedgehogwarrior's rating: 1119 &rarr; <strong>1087</strong><br />(-32 for losing)\n|raw|the.hot.fish's rating: 1021 &rarr; <strong>1068</strong><br />(+47 for winning)\n|l|\u2606the.hot.fish\n|player|p2|\n",
  "uploadtime": 1776282922,
  "views": 36,
  "formatid": "gen9championsvgc2026regma",
  "rating": 1068,
  "private": 0,
  "password": null
}