{
  "id": "gen9championsvgc2026regma-2588621524",
  "format": "[Gen 9 Champions] VGC 2026 Reg M-A",
  "players": [
    "OgiOcrew",
    "AidanS7"
  ],
  "log": "|j|\u2606OgiOcrew\n|j|\u2606AidanS7\n|html|<table width=\"100%\"><tr><td align=\"left\">OgiOcrew</td><td align=\"right\">AidanS7</tr><tr><td align=\"left\"><i class=\"fa fa-circle-o\"></i> <i class=\"fa fa-circle-o\"></i> </td><td align=\"right\"><i class=\"fa fa-circle-o\"></i> <i class=\"fa fa-circle-o\"></i> </tr></table>\n|uhtml|bestof|<h2><strong>Game 1</strong> of <a href=\"/game-bestof3-gen9championsvgc2026regma-2588621523\">a best-of-3</a></h2>\n|t:|1776650946\n|gametype|doubles\n|player|p1|OgiOcrew|169|\n|player|p2|AidanS7|wallace|\n|gen|9\n|tier|[Gen 9 Champions] VGC 2026 Reg M-A\n|rule|Species Clause: Limit one of each Pok\u00e9mon\n|rule|Item Clause: Limit 1 of each item\n|raw|<div class=\"infobox\"><details class=\"readmore\" open><summary><strong>1 custom rule:</strong></summary> Best of = 3</details></div>\n|clearpoke\n|poke|p1|Gengar, L50, M, shiny|\n|poke|p1|Incineroar, L50, F, shiny|\n|poke|p1|Sableye, L50, F, shiny|\n|poke|p1|Politoed, L50, M, shiny|\n|poke|p1|Palafin, L50, F, shiny|\n|poke|p1|Corviknight, L50, M, shiny|\n|poke|p2|Gengar, L50, M, shiny|\n|poke|p2|Meganium, L50, F, shiny|\n|poke|p2|Pelipper, L50, M|\n|poke|p2|Sneasler, L50, M|\n|poke|p2|Basculegion, L50, M|\n|poke|p2|Archaludon, L50, M|\n|teampreview|4\n|inactive|Battle timer is ON: inactive players will automatically lose when time's up. (requested by OgiOcrew)\nOgiOcrew rejected open team sheets.\n|inactive|OgiOcrew has 60 seconds left.\n|\n|t:|1776650998\n|teamsize|p1|4\n|teamsize|p2|4\n|start\n|switch|p1a: Gengar|Gengar, L50, M, shiny|100/100\n|switch|p1b: Sableye|Sableye, L50, F, shiny|100/100\n|switch|p2a: Pelipper|Pelipper, L50, M|100/100\n|switch|p2b: Archaludon|Archaludon, L50, M|100/100\n|-weather|RainDance|[from] ability: Drizzle|[of] p2a: Pelipper\n|turn|1\n|\n|t:|1776651022\n|detailschange|p1a: Gengar|Gengar-Mega, L50, M, shiny\n|-mega|p1a: Gengar|Gengar|Gengarite\n|move|p1b: Sableye|Fake Out|p2b: Archaludon\n|-resisted|p2b: Archaludon|1\n|-damage|p2b: Archaludon|98/100\n|-ability|p2b: Archaludon|Stamina|boost\n|-boost|p2b: Archaludon|def|1\n|move|p1a: Gengar|Perish Song|p1a: Gengar\n|-start|p1a: Gengar|perish3|[silent]\n|-start|p1b: Sableye|perish3|[silent]\n|-start|p2a: Pelipper|perish3|[silent]\n|-start|p2b: Archaludon|perish3|[silent]\n|-fieldactivate|move: Perish Song\n|cant|p2b: Archaludon|flinch\n|move|p2a: Pelipper|Hurricane|p1a: Gengar\n|-damage|p1a: Gengar|52/100\n|\n|-weather|RainDance|[upkeep]\n|-heal|p2b: Archaludon|100/100|[from] item: Leftovers\n|-start|p1a: Gengar|perish3\n|-start|p2b: Archaludon|perish3\n|-start|p2a: Pelipper|perish3\n|-start|p1b: Sableye|perish3\n|upkeep\n|turn|2\n|inactive|OgiOcrew has 30 seconds left.\n|\n|t:|1776651056\n|move|p1a: Gengar|Protect|p1a: Gengar\n|-singleturn|p1a: Gengar|Protect\n|move|p1b: Sableye|Encore|p2a: Pelipper\n|-start|p2a: Pelipper|Encore\n|move|p2b: Archaludon|Electro Shot||[still]\n|-prepare|p2b: Archaludon|Electro Shot\n|-boost|p2b: Archaludon|spa|1\n|-anim|p2b: Archaludon|Electro Shot|p1b: Sableye\n|-damage|p1b: Sableye|0 fnt\n|faint|p1b: Sableye\n|move|p2a: Pelipper|Hurricane|p1a: Gengar\n|-activate|p1a: Gengar|move: Protect\n|\n|-weather|RainDance|[upkeep]\n|-start|p1a: Gengar|perish2\n|-start|p2b: Archaludon|perish2\n|-start|p2a: Pelipper|perish2\n|upkeep\n|\n|t:|1776651071\n|switch|p1b: Incineroar|Incineroar, L50, F, shiny|100/100\n|-ability|p1b: Incineroar|Intimidate|boost\n|-unboost|p2a: Pelipper|atk|1\n|-unboost|p2b: Archaludon|atk|1\n|turn|3\n|\n|t:|1776651078\n|move|p1b: Incineroar|Fake Out|p2b: Archaludon\n|-resisted|p2b: Archaludon|1\n|-damage|p2b: Archaludon|97/100\n|-ability|p2b: Archaludon|Stamina|boost\n|-boost|p2b: Archaludon|def|1\n|move|p1a: Gengar|Disable|p2a: Pelipper\n|-start|p2a: Pelipper|Disable|Hurricane\n|cant|p2b: Archaludon|flinch\n|cant|p2a: Pelipper|Disable|Hurricane\n|\n|-weather|RainDance|[upkeep]\n|-heal|p2b: Archaludon|100/100|[from] item: Leftovers\n|-start|p1a: Gengar|perish1\n|-start|p2b: Archaludon|perish1\n|-start|p2a: Pelipper|perish1\n|upkeep\n|turn|4\n|inactive|OgiOcrew has 30 seconds left.\n|\n|t:|1776651105\n|switch|p1a: Politoed|Politoed, L50, M, shiny|100/100\n|move|p2b: Archaludon|Electro Shot||[still]\n|-prepare|p2b: Archaludon|Electro Shot\n|-boost|p2b: Archaludon|spa|1\n|-anim|p2b: Archaludon|Electro Shot|p1b: Incineroar\n|-damage|p1b: Incineroar|33/100\n|-activate|p2a: Pelipper|move: Struggle\n|move|p2a: Pelipper|Struggle|p1a: Politoed\n|-damage|p1a: Politoed|96/100\n|-damage|p2a: Pelipper|75/100|[from] recoil\n|move|p1b: Incineroar|Parting Shot|p2b: Archaludon\n|-unboost|p2b: Archaludon|atk|1\n|-unboost|p2b: Archaludon|spa|1\n|\n|t:|1776651118\n|switch|p1b: Gengar|Gengar-Mega, L50, M, shiny|52/100|[from] Parting Shot\n|\n|-weather|RainDance|[upkeep]\n|-end|p2a: Pelipper|Encore\n|-start|p2b: Archaludon|perish0\n|-start|p2a: Pelipper|perish0\n|upkeep\n|faint|p2b: Archaludon\n|faint|p2a: Pelipper\n|\n|t:|1776651125\n|switch|p2b: Sneasler|Sneasler, L50, M|100/100\n|switch|p2a: Meganium|Meganium, L50, F, shiny|100/100\n|turn|5\n|\n|t:|1776651141\n|detailschange|p2a: Meganium|Meganium-Mega, L50, F, shiny\n|-mega|p2a: Meganium|Meganium|Meganiumite\n|move|p2a: Meganium|Protect|p2a: Meganium\n|-singleturn|p2a: Meganium|Protect\n|move|p1a: Politoed|Protect|p1a: Politoed\n|-singleturn|p1a: Politoed|Protect\n|move|p2b: Sneasler|Fake Out|p1a: Politoed\n|-activate|p1a: Politoed|move: Protect\n|move|p1b: Gengar|Sludge Bomb|p2a: Meganium\n|-activate|p2a: Meganium|move: Protect\n|\n|-weather|none\n|upkeep\n|turn|6\n|inactive|OgiOcrew has 30 seconds left.\n|\n|t:|1776651171\n|move|p1b: Gengar|Sludge Bomb|p2a: Meganium\n|-supereffective|p2a: Meganium|2\n|-damage|p2a: Meganium|0 fnt\n|faint|p2a: Meganium\n|move|p2b: Sneasler|Dire Claw|p1b: Gengar\n|-resisted|p1b: Gengar|2\n|-damage|p1b: Gengar|35/100\n|-status|p1b: Gengar|slp\n|move|p1a: Politoed|Encore|p2b: Sneasler\n|-start|p2b: Sneasler|Encore\n|\n|upkeep\n|turn|7\n|\n|t:|1776651185\n|cant|p1b: Gengar|slp\n|move|p2b: Sneasler|Dire Claw|p1b: Gengar\n|-resisted|p1b: Gengar|2\n|-damage|p1b: Gengar|17/100 slp\n|move|p1a: Politoed|Perish Song|p1a: Politoed\n|-start|p1a: Politoed|perish3|[silent]\n|-start|p1b: Gengar|perish3|[silent]\n|-start|p2b: Sneasler|perish3|[silent]\n|-fieldactivate|move: Perish Song\n|\n|-start|p1b: Gengar|perish3\n|-start|p2b: Sneasler|perish3\n|-start|p1a: Politoed|perish3\n|upkeep\n|turn|8\n|\n|t:|1776651197\n|switch|p1b: Incineroar|Incineroar, L50, F, shiny|33/100\n|-ability|p1b: Incineroar|Intimidate|boost\n|-unboost|p2b: Sneasler|atk|1\n|-enditem|p2b: Sneasler|White Herb\n|-clearnegativeboost|p2b: Sneasler|[silent]\n|move|p2b: Sneasler|Dire Claw|p1b: Incineroar\n|-damage|p1b: Incineroar|0 fnt\n|faint|p1b: Incineroar\n|move|p1a: Politoed|Chilling Water|p2b: Sneasler\n|-damage|p2b: Sneasler|79/100\n|-unboost|p2b: Sneasler|atk|1\n|\n|-start|p2b: Sneasler|perish2\n|-start|p1a: Politoed|perish2\n|upkeep\n|\n|t:|1776651211\n|switch|p1b: Gengar|Gengar-Mega, L50, M, shiny|17/100 slp\n|turn|9\n|\n|t:|1776651221\n|move|p2b: Sneasler|Dire Claw|p1b: Gengar\n|-resisted|p1b: Gengar|2\n|-damage|p1b: Gengar|8/100 slp\n|cant|p1b: Gengar|slp\n|move|p1a: Politoed|Chilling Water|p2b: Sneasler\n|-damage|p2b: Sneasler|57/100\n|-unboost|p2b: Sneasler|atk|1\n|\n|-end|p2b: Sneasler|Encore\n|-start|p2b: Sneasler|perish1\n|-start|p1a: Politoed|perish1\n|upkeep\n|turn|10\n|\n|t:|1776651233\n|-curestatus|p1b: Gengar|slp|[msg]\n|move|p1b: Gengar|Protect|p1b: Gengar\n|-singleturn|p1b: Gengar|Protect\n|move|p1a: Politoed|Protect|p1a: Politoed\n|-singleturn|p1a: Politoed|Protect\n|move|p2b: Sneasler|Dire Claw|p1b: Gengar\n|-activate|p1b: Gengar|move: Protect\n|\n|-start|p2b: Sneasler|perish0\n|-start|p1a: Politoed|perish0\n|faint|p2b: Sneasler\n|faint|p1a: Politoed\n|\n|win|OgiOcrew\n||AidanS7 is ready for game 2.\n|inactive|OgiOcrew has 30 seconds to confirm battle start!\n||OgiOcrew is ready for game 2.\n|uhtml|next|Next: <a href=\"/battle-gen9championsvgc2026regma-2588624449\"><strong>Game 2 of 3</strong></a>\n|l|\u2606AidanS7\n|player|p2|\n",
  "uploadtime": 1776651994,
  "views": 5,
  "formatid": "gen9championsvgc2026regma",
  "rating": null,
  "private": 0,
  "password": null
}