{
  "id": "gen9championsvgc2026regma-2588659484",
  "format": "[Gen 9 Champions] VGC 2026 Reg M-A",
  "players": [
    "Bitalio",
    "LumiRev"
  ],
  "log": "|j|\u2606Bitalio\n|j|\u2606LumiRev\n|t:|1776654760\n|gametype|doubles\n|player|p1|Bitalio|170|1228\n|player|p2|LumiRev|266|1246\n|gen|9\n|tier|[Gen 9 Champions] VGC 2026 Reg M-A\n|rated|\n|rule|Species Clause: Limit one of each Pok\u00e9mon\n|rule|Item Clause: Limit 1 of each item\n|clearpoke\n|poke|p1|Sneasler, L50, M|\n|poke|p1|Floette-Eternal, L50, F|\n|poke|p1|Incineroar, L50, M|\n|poke|p1|Aegislash, L50, M|\n|poke|p1|Aerodactyl, L50, F|\n|poke|p1|Feraligatr, L50, M|\n|poke|p2|Glimmora, L50, M, shiny|\n|poke|p2|Gardevoir, L50, F|\n|poke|p2|Rotom-Wash, L50|\n|poke|p2|Corviknight, L50, F|\n|poke|p2|Hydreigon, L50, M|\n|poke|p2|Maushold-Four, L50|\n|teampreview|4\n|inactive|Battle timer is ON: inactive players will automatically lose when time's up. (requested by Bitalio)\n|inactive|Bitalio has 60 seconds left.\n|inactive|LumiRev has 60 seconds left.\n|\n|t:|1776654804\n|teamsize|p1|4\n|teamsize|p2|4\n|start\n|switch|p1a: Aerodactyl|Aerodactyl, L50, F|100/100\n|switch|p1b: Sneasler|Sneasler, L50, M|100/100\n|switch|p2a: Glimmora|Glimmora, L50, M, shiny|100/100\n|switch|p2b: Maushold|Maushold-Four, L50|100/100\n|-ability|p1a: Aerodactyl|Unnerve\n|turn|1\n|\n|t:|1776654827\n|move|p2b: Maushold|Follow Me|p2b: Maushold\n|-singleturn|p2b: Maushold|move: Follow Me\n|move|p1a: Aerodactyl|Rock Slide|p2b: Maushold|[spread] p2a,p2b\n|-damage|p2a: Glimmora|79/100\n|-damage|p2b: Maushold|70/100\n|-activate|p2a: Glimmora|ability: Toxic Debris\n|-sidestart|p1: Bitalio|move: Toxic Spikes\n|move|p1b: Sneasler|Close Combat|p2b: Maushold\n|-supereffective|p2b: Maushold|1\n|-damage|p2b: Maushold|0 fnt\n|-unboost|p1b: Sneasler|def|1\n|-unboost|p1b: Sneasler|spd|1\n|faint|p2b: Maushold\n|-enditem|p1b: Sneasler|White Herb\n|-clearnegativeboost|p1b: Sneasler|[silent]\n|move|p2a: Glimmora|Power Gem|p1a: Aerodactyl\n|-supereffective|p1a: Aerodactyl|1\n|-enditem|p1a: Aerodactyl|Focus Sash\n|-damage|p1a: Aerodactyl|1/100\n|\n|upkeep\n|\n|t:|1776654846\n|switch|p2b: Hydreigon|Hydreigon, L50, M|100/100\n|turn|2\n|\n|t:|1776654868\n|detailschange|p2a: Glimmora|Glimmora-Mega, L50, M, shiny\n|-mega|p2a: Glimmora|Glimmora|Glimmoranite\n|move|p1b: Sneasler|Close Combat|p2b: Hydreigon\n|-supereffective|p2b: Hydreigon|1\n|-damage|p2b: Hydreigon|0 fnt\n|-unboost|p1b: Sneasler|def|1\n|-unboost|p1b: Sneasler|spd|1\n|faint|p2b: Hydreigon\n|move|p1a: Aerodactyl|Rock Slide|p2a: Glimmora\n|-damage|p2a: Glimmora|41/100\n|move|p2a: Glimmora|Earth Power|p1b: Sneasler\n|-supereffective|p1b: Sneasler|1\n|-damage|p1b: Sneasler|0 fnt\n|faint|p1b: Sneasler\n|\n|upkeep\n|\n|t:|1776654884\n|switch|p1b: Feraligatr|Feraligatr, L50, M|100/100\n|switch|p2b: Corviknight|Corviknight, L50, F|100/100\n|-status|p1b: Feraligatr|psn\n|turn|3\n|\n|t:|1776654903\n|detailschange|p1b: Feraligatr|Feraligatr-Mega, L50, M\n|-mega|p1b: Feraligatr|Feraligatr|Feraligite\n|move|p2a: Glimmora|Spiky Shield|p2a: Glimmora\n|-singleturn|p2a: Glimmora|move: Protect\n|move|p1b: Feraligatr|Aqua Jet|p2a: Glimmora\n|-activate|p2a: Glimmora|move: Protect\n|-damage|p1b: Feraligatr|88/100 psn|[from] Spiky Shield|[of] p2a: Glimmora\n|move|p1a: Aerodactyl|Tailwind|p1a: Aerodactyl\n|-sidestart|p1: Bitalio|move: Tailwind\n|move|p2b: Corviknight|Tailwind|p2b: Corviknight\n|-sidestart|p2: LumiRev|move: Tailwind\n|\n|-damage|p1b: Feraligatr|75/100 psn|[from] psn\n|upkeep\n|turn|4\n|\n|t:|1776654920\n|move|p1b: Feraligatr|Aqua Jet|p2a: Glimmora\n|-supereffective|p2a: Glimmora|1\n|-damage|p2a: Glimmora|0 fnt\n|faint|p2a: Glimmora\n|move|p1a: Aerodactyl|Rock Slide|p2b: Corviknight\n|-damage|p2b: Corviknight|77/100\n|move|p2b: Corviknight|Iron Defense|p2b: Corviknight\n|-boost|p2b: Corviknight|def|2\n|\n|-heal|p2b: Corviknight|83/100|[from] item: Leftovers\n|-damage|p1b: Feraligatr|63/100 psn|[from] psn\n|upkeep\n|turn|5\n|\n|t:|1776654937\n|move|p1a: Aerodactyl|Rock Slide|p2b: Corviknight\n|-damage|p2b: Corviknight|71/100\n|move|p1b: Feraligatr|Double-Edge|p2b: Corviknight\n|-resisted|p2b: Corviknight|1\n|-damage|p2b: Corviknight|53/100\n|-damage|p1b: Feraligatr|55/100 psn|[from] Recoil\n|move|p2b: Corviknight|Body Press|p1b: Feraligatr\n|-damage|p1b: Feraligatr|14/100 psn\n|\n|-heal|p2b: Corviknight|59/100|[from] item: Leftovers\n|-damage|p1b: Feraligatr|2/100 psn|[from] psn\n|upkeep\n|turn|6\n|\n|t:|1776654952\n|move|p1a: Aerodactyl|Rock Slide|p2b: Corviknight\n|-damage|p2b: Corviknight|47/100\n|move|p1b: Feraligatr|Double-Edge|p2b: Corviknight\n|-resisted|p2b: Corviknight|1\n|-damage|p2b: Corviknight|31/100\n|-damage|p1b: Feraligatr|0 fnt|[from] Recoil\n|faint|p1b: Feraligatr\n|move|p2b: Corviknight|Iron Defense|p2b: Corviknight\n|-boost|p2b: Corviknight|def|2\n|\n|-heal|p2b: Corviknight|37/100|[from] item: Leftovers\n|-sideend|p1: Bitalio|move: Tailwind\n|-sideend|p2: LumiRev|move: Tailwind\n|upkeep\n|\n|t:|1776654966\n|switch|p1b: Aegislash|Aegislash, L50, M|100/100\n|turn|7\n|\n|t:|1776654976\n|move|p1a: Aerodactyl|Rock Slide|p2b: Corviknight\n|-damage|p2b: Corviknight|28/100\n|cant|p2b: Corviknight|flinch\n|-formechange|p1b: Aegislash|Aegislash-Blade|\n|move|p1b: Aegislash|Iron Head|p2b: Corviknight\n|-resisted|p2b: Corviknight|1\n|-damage|p2b: Corviknight|22/100\n|\n|-heal|p2b: Corviknight|28/100|[from] item: Leftovers\n|upkeep\n|turn|8\n|\n|t:|1776654992\n|move|p1a: Aerodactyl|Rock Slide|p2b: Corviknight\n|-damage|p2b: Corviknight|20/100\n|move|p2b: Corviknight|Iron Head|p1a: Aerodactyl\n|-supereffective|p1a: Aerodactyl|1\n|-damage|p1a: Aerodactyl|0 fnt\n|faint|p1a: Aerodactyl\n|move|p1b: Aegislash|Iron Head|p2b: Corviknight\n|-resisted|p2b: Corviknight|1\n|-damage|p2b: Corviknight|14/100\n|\n|-heal|p2b: Corviknight|20/100|[from] item: Leftovers\n|upkeep\n|turn|9\n|\n|t:|1776655005\n|-formechange|p1b: Aegislash|Aegislash|\n|move|p1b: Aegislash|King's Shield|p1b: Aegislash\n|-singleturn|p1b: Aegislash|Protect\n|move|p2b: Corviknight|Iron Head|p1b: Aegislash\n|-activate|p1b: Aegislash|move: Protect\n|-ability|p2b: Corviknight|Mirror Armor\n|-unboost|p1b: Aegislash|atk|1\n|\n|-heal|p2b: Corviknight|26/100|[from] item: Leftovers\n|upkeep\n|turn|10\n|\n|t:|1776655019\n|move|p2b: Corviknight|Iron Head|p1b: Aegislash\n|-resisted|p1b: Aegislash|1\n|-damage|p1b: Aegislash|90/100\n|cant|p1b: Aegislash|flinch\n|\n|-heal|p2b: Corviknight|32/100|[from] item: Leftovers\n|upkeep\n|turn|11\n|\n|t:|1776655027\n|move|p2b: Corviknight|Iron Head|p1b: Aegislash\n|-resisted|p1b: Aegislash|1\n|-damage|p1b: Aegislash|80/100\n|-formechange|p1b: Aegislash|Aegislash-Blade|\n|move|p1b: Aegislash|Iron Head|p2b: Corviknight\n|-resisted|p2b: Corviknight|1\n|-damage|p2b: Corviknight|28/100\n|\n|-heal|p2b: Corviknight|34/100|[from] item: Leftovers\n|upkeep\n|turn|12\n|\n|t:|1776655038\n|move|p2b: Corviknight|Iron Head|p1b: Aegislash\n|-resisted|p1b: Aegislash|1\n|-damage|p1b: Aegislash|56/100\n|move|p1b: Aegislash|Iron Head|p2b: Corviknight\n|-resisted|p2b: Corviknight|1\n|-damage|p2b: Corviknight|30/100\n|\n|-heal|p2b: Corviknight|36/100|[from] item: Leftovers\n|upkeep\n|turn|13\n|\n|t:|1776655054\n|move|p1b: Aegislash|Shadow Sneak|p2b: Corviknight\n|-damage|p2b: Corviknight|31/100\n|move|p2b: Corviknight|Iron Head|p1b: Aegislash\n|-resisted|p1b: Aegislash|1\n|-damage|p1b: Aegislash|33/100\n|\n|-heal|p2b: Corviknight|37/100|[from] item: Leftovers\n|upkeep\n|turn|14\n|\n|t:|1776655063\n|move|p1b: Aegislash|Shadow Sneak|p2b: Corviknight\n|-damage|p2b: Corviknight|32/100\n|move|p2b: Corviknight|Iron Head|p1b: Aegislash\n|-resisted|p1b: Aegislash|1\n|-damage|p1b: Aegislash|11/100\n|\n|-heal|p2b: Corviknight|38/100|[from] item: Leftovers\n|upkeep\n|turn|15\n|\n|t:|1776655072\n|move|p1b: Aegislash|Shadow Sneak|p2b: Corviknight\n|-damage|p2b: Corviknight|33/100\n|move|p2b: Corviknight|Iron Head|p1b: Aegislash\n|-resisted|p1b: Aegislash|1\n|-damage|p1b: Aegislash|0 fnt\n|faint|p1b: Aegislash\n|\n|win|LumiRev\n|raw|Bitalio's rating: 1228 &rarr; <strong>1204</strong><br />(-24 for losing)\n|raw|LumiRev's rating: 1246 &rarr; <strong>1270</strong><br />(+24 for winning)\n|l|\u2606Bitalio\n|player|p1|\n",
  "uploadtime": 1776655081,
  "views": 15,
  "formatid": "gen9championsvgc2026regma",
  "rating": 1204,
  "private": 0,
  "password": null
}