{
  "id": "gen9championsvgc2026regma-2583808199",
  "format": "[Gen 9 Champions] VGC 2026 Reg M-A",
  "players": [
    "askeru",
    "surchoux"
  ],
  "log": "|j|\u2606askeru\n|j|\u2606surchoux\n|t:|1776199200\n|gametype|doubles\n|player|p1|askeru|aromalady|1059\n|player|p2|surchoux|102|1136\n|gen|9\n|tier|[Gen 9 Champions] VGC 2026 Reg M-A\n|rated|\n|rule|Species Clause: Limit one of each Pok\u00e9mon\n|rule|Item Clause: Limit 1 of each item\n|clearpoke\n|poke|p1|Umbreon, L50, M|\n|poke|p1|Arcanine, L50, M|\n|poke|p1|Sneasler, L50, M|\n|poke|p1|Gengar, L50, M|\n|poke|p1|Politoed, L50, F|\n|poke|p1|Palafin, L50, M|\n|poke|p2|Farigiraf, L50, M|\n|poke|p2|Torkoal, L50, F|\n|poke|p2|Oranguru, L50, M|\n|poke|p2|Sylveon, L50, F|\n|poke|p2|Crabominable, L50, M|\n|poke|p2|Scizor, L50, F|\n|teampreview|4\n|\n|t:|1776199263\n|teamsize|p1|4\n|teamsize|p2|4\n|start\n|switch|p1a: Sneasler|Sneasler, L50, M|100/100\n|switch|p1b: Politoed|Politoed, L50, F|100/100\n|switch|p2a: Farigiraf|Farigiraf, L50, M|100/100\n|switch|p2b: Crabominable|Crabominable, L50, M|100/100\n|-weather|RainDance|[from] ability: Drizzle|[of] p1b: Politoed\n|turn|1\n|\n|t:|1776199392\n|detailschange|p2b: Crabominable|Crabominable-Mega, L50, M\n|-mega|p2b: Crabominable|Crabominable|Crabominite\n|move|p2b: Crabominable|Protect|p2b: Crabominable\n|-singleturn|p2b: Crabominable|Protect\n|move|p1a: Sneasler|Close Combat|p2b: Crabominable\n|-activate|p2b: Crabominable|move: Protect\n|move|p1b: Politoed|Perish Song|p1b: Politoed\n|-start|p1a: Sneasler|perish3|[silent]\n|-start|p1b: Politoed|perish3|[silent]\n|-start|p2a: Farigiraf|perish3|[silent]\n|-start|p2b: Crabominable|perish3|[silent]\n|-fieldactivate|move: Perish Song\n|move|p2a: Farigiraf|Trick Room|p2a: Farigiraf\n|-fieldstart|move: Trick Room|[of] p2a: Farigiraf\n|\n|-weather|RainDance|[upkeep]\n|-start|p2b: Crabominable|perish3\n|-start|p2a: Farigiraf|perish3\n|-start|p1b: Politoed|perish3\n|-start|p1a: Sneasler|perish3\n|upkeep\n|turn|2\n|c|\u2606askeru|hello greetings\n|c|\u2606askeru|test\n|inactive|Battle timer is ON: inactive players will automatically lose when time's up. (requested by askeru)\n|inactive|surchoux also wants the timer to be on.\n|l|\u2606askeru\n|inactive|askeru disconnected and has a minute to reconnect!\n|player|p1|\n|inactive|askeru has 30 seconds to reconnect!\n|inactive|askeru has 20 seconds to reconnect!\n|j|\u2606askeru\n|inactive|askeru reconnected and has 45 seconds left.\n|player|p1|askeru|aromalady|\n|inactive|askeru has 30 seconds left.\n|inactive|askeru has 20 seconds left.\n|inactive|askeru has 15 seconds left.\n|inactive|askeru has 10 seconds left.\n|inactive|askeru has 5 seconds left.\n|\n|t:|1776199506\n|switch|p1b: Gengar|Gengar, L50, M|100/100\n|switch|p1a: Palafin|Palafin, L50, M|100/100\n|move|p2a: Farigiraf|Helping Hand|p2b: Crabominable\n|-singleturn|p2b: Crabominable|Helping Hand|[of] p2a: Farigiraf\n|move|p2b: Crabominable|Ice Hammer|p1a: Palafin\n|-resisted|p1a: Palafin|1\n|-damage|p1a: Palafin|29/100\n|-unboost|p2b: Crabominable|spe|1\n|\n|-weather|RainDance|[upkeep]\n|-start|p2b: Crabominable|perish2\n|-start|p2a: Farigiraf|perish2\n|upkeep\n|turn|3\n|inactive|askeru has 30 seconds left.\n|inactive|surchoux has 30 seconds left.\n|inactive|askeru has 20 seconds left.\n|\n|t:|1776199542\n|detailschange|p1b: Gengar|Gengar-Mega, L50, M\n|-mega|p1b: Gengar|Gengar|Gengarite\n|move|p1a: Palafin|Protect|p1a: Palafin\n|-singleturn|p1a: Palafin|Protect\n|move|p1b: Gengar|Protect|p1b: Gengar\n|-singleturn|p1b: Gengar|Protect\n|move|p2b: Crabominable|Ice Hammer|p1b: Gengar\n|-activate|p1b: Gengar|move: Protect\n|move|p2a: Farigiraf|Psyshock|p1a: Palafin\n|-activate|p1a: Palafin|move: Protect\n|\n|-weather|RainDance|[upkeep]\n|-start|p2b: Crabominable|perish1\n|-start|p2a: Farigiraf|perish1\n|upkeep\n|turn|4\n|inactive|askeru has 30 seconds left.\n|inactive|askeru has 20 seconds left.\n|\n|t:|1776199580\n|switch|p1b: Sneasler|Sneasler, L50, M|100/100\n|move|p2a: Farigiraf|Helping Hand|p2b: Crabominable\n|-singleturn|p2b: Crabominable|Helping Hand|[of] p2a: Farigiraf\n|move|p2b: Crabominable|Knock Off|p1b: Sneasler\n|-resisted|p1b: Sneasler|1\n|-damage|p1b: Sneasler|50/100\n|-enditem|p1b: Sneasler|White Herb|[from] move: Knock Off|[of] p2b: Crabominable\n|move|p1a: Palafin|Flip Turn|p2b: Crabominable\n|-damage|p2b: Crabominable|71/100\n|\n|t:|1776199591\n|detailschange|p1a: Palafin|Palafin-Hero, L50, M\n|switch|p1a: Gengar|Gengar-Mega, L50, M|100/100|[from] Flip Turn\n|\n|-weather|RainDance|[upkeep]\n|-start|p2b: Crabominable|perish0\n|-start|p2a: Farigiraf|perish0\n|faint|p2b: Crabominable\n|faint|p2a: Farigiraf\n|upkeep\n|\n|t:|1776199594\n|switch|p2b: Avery|Oranguru, L50, M, shiny|100/100\n|switch|p2a: Torkoal|Torkoal, L50, F, shiny|100/100\n|-weather|SunnyDay|[from] ability: Drought|[of] p2a: Torkoal\n|turn|5\n|\n|t:|1776199611\n|move|p1b: Sneasler|Fake Out|p2a: Torkoal\n|-damage|p2a: Torkoal|88/100\n|cant|p2a: Torkoal|flinch\n|move|p2b: Avery|Instruct||[still]\n|-fail|p2b: Avery\n|move|p1a: Gengar|Perish Song|p1a: Gengar\n|-start|p1a: Gengar|perish3|[silent]\n|-start|p1b: Sneasler|perish3|[silent]\n|-start|p2a: Torkoal|perish3|[silent]\n|-start|p2b: Avery|perish3|[silent]\n|-fieldactivate|move: Perish Song\n|\n|-weather|SunnyDay|[upkeep]\n|-start|p2a: Torkoal|perish3\n|-start|p2b: Avery|perish3\n|-start|p1a: Gengar|perish3\n|-start|p1b: Sneasler|perish3\n|-fieldend|move: Trick Room\n|upkeep\n|turn|6\n|inactive|askeru has 30 seconds left.\n|\n|t:|1776199645\n|move|p1b: Sneasler|Protect|p1b: Sneasler\n|-singleturn|p1b: Sneasler|Protect\n|move|p1a: Gengar|Protect|p1a: Gengar\n|-singleturn|p1a: Gengar|Protect\n|move|p2a: Torkoal|Protect|p2a: Torkoal\n|-singleturn|p2a: Torkoal|Protect\n|move|p2b: Avery|Trick Room|p2b: Avery\n|-fieldstart|move: Trick Room|[of] p2b: Avery\n|\n|-weather|SunnyDay|[upkeep]\n|-start|p2a: Torkoal|perish2\n|-start|p2b: Avery|perish2\n|-start|p1a: Gengar|perish2\n|-start|p1b: Sneasler|perish2\n|upkeep\n|turn|7\n|inactive|askeru has 30 seconds left.\n|inactive|askeru has 20 seconds left.\n|inactive|askeru has 15 seconds left.\n|inactive|askeru has 10 seconds left.\n|\n|t:|1776199692\n|switch|p1a: Politoed|Politoed, L50, F|100/100\n|-weather|RainDance|[from] ability: Drizzle|[of] p1a: Politoed\n|switch|p1b: Palafin|Palafin-Hero, L50, M|29/100\n|-activate|p1b: Palafin|ability: Zero to Hero\n|move|p2a: Torkoal|Eruption|p1a: Politoed|[spread] p1a,p1b\n|-resisted|p1a: Politoed|1\n|-resisted|p1b: Palafin|1\n|-damage|p1a: Politoed|92/100\n|-damage|p1b: Palafin|16/100\n|move|p2b: Avery|Instruct|p2a: Torkoal\n|-singleturn|p2a: Torkoal|move: Instruct|[of] p2b: Avery\n|move|p2a: Torkoal|Eruption|p1a: Politoed|[spread] p1a,p1b\n|-resisted|p1a: Politoed|1\n|-crit|p1a: Politoed\n|-resisted|p1b: Palafin|1\n|-damage|p1a: Politoed|81/100\n|-damage|p1b: Palafin|2/100\n|\n|-weather|RainDance|[upkeep]\n|-start|p2a: Torkoal|perish1\n|-start|p2b: Avery|perish1\n|upkeep\n|turn|8\n|-message|surchoux forfeited.\n|\n|win|askeru\n|raw|askeru's rating: 1059 &rarr; <strong>1097</strong><br />(+38 for winning)\n|raw|surchoux's rating: 1136 &rarr; <strong>1106</strong><br />(-30 for losing)\n|l|\u2606surchoux\n|player|p2|\n",
  "uploadtime": 1776200173,
  "views": 16,
  "formatid": "gen9championsvgc2026regma",
  "rating": 1097,
  "private": 0,
  "password": null
}