{
  "id": "gen9championsvgc2026regma-2587179074",
  "format": "[Gen 9 Champions] VGC 2026 Reg M-A",
  "players": [
    "magicallamp",
    "gekko kabu"
  ],
  "log": "|j|\u2606magicallamp\n|j|\u2606gekko kabu\n|t:|1776504992\n|gametype|doubles\n|player|p1|magicallamp|n|1435\n|player|p2|gekko kabu|bugcatcher-gen4dp|1426\n|gen|9\n|tier|[Gen 9 Champions] VGC 2026 Reg M-A\n|rated|\n|rule|Species Clause: Limit one of each Pok\u00e9mon\n|rule|Item Clause: Limit 1 of each item\n|clearpoke\n|poke|p1|Meganium, L50, M|\n|poke|p1|Basculegion, L50, M, shiny|\n|poke|p1|Archaludon, L50, F|\n|poke|p1|Sneasler, L50, M|\n|poke|p1|Pelipper, L50, M, shiny|\n|poke|p1|Kangaskhan, L50, F, shiny|\n|poke|p2|Charizard, L50, M, shiny|\n|poke|p2|Incineroar, L50, M, shiny|\n|poke|p2|Whimsicott, L50, F, shiny|\n|poke|p2|Garchomp, L50, M, shiny|\n|poke|p2|Rotom-Wash, L50, shiny|\n|poke|p2|Sneasler, L50, F|\n|teampreview|4\n|\n|t:|1776505067\n|teamsize|p1|4\n|teamsize|p2|4\n|start\n|switch|p1a: Basculegion|Basculegion, L50, M, shiny|100/100\n|switch|p1b: Kangaskhan|Kangaskhan, L50, F, shiny|100/100\n|switch|p2a: Charizard|Charizard, L50, M, shiny|100/100\n|switch|p2b: Rotom|Rotom-Wash, L50, shiny|100/100\n|turn|1\n|\n|t:|1776505082\n|detailschange|p1b: Kangaskhan|Kangaskhan-Mega, L50, F, shiny\n|-mega|p1b: Kangaskhan|Kangaskhan|Kangaskhanite\n|move|p2a: Charizard|Protect|p2a: Charizard\n|-singleturn|p2a: Charizard|Protect\n|move|p1b: Kangaskhan|Fake Out|p2b: Rotom\n|-damage|p2b: Rotom|78/100\n|-damage|p2b: Rotom|72/100\n|-hitcount|p2b: Rotom|2\n|move|p1a: Basculegion|Wave Crash|p2a: Charizard\n|-activate|p2a: Charizard|move: Protect\n|cant|p2b: Rotom|flinch\n|\n|-heal|p2b: Rotom|78/100|[from] item: Leftovers\n|upkeep\n|turn|2\n|\n|t:|1776505101\n|detailschange|p2a: Charizard|Charizard-Mega-Y, L50, M, shiny\n|-mega|p2a: Charizard|Charizard|Charizardite Y\n|-weather|SunnyDay|[from] ability: Drought|[of] p2a: Charizard\n|move|p1a: Basculegion|Wave Crash|p2a: Charizard\n|-supereffective|p2a: Charizard|1\n|-damage|p2a: Charizard|18/100\n|-damage|p1a: Basculegion|76/100|[from] Recoil\n|move|p2a: Charizard|Weather Ball|p1b: Kangaskhan\n|-damage|p1b: Kangaskhan|23/100\n|move|p1b: Kangaskhan|Double-Edge|p2b: Rotom\n|-damage|p2b: Rotom|11/100\n|-damage|p2b: Rotom|0 fnt\n|faint|p2b: Rotom\n|-hitcount|p2: Rotom|2\n|-damage|p1b: Kangaskhan|3/100|[from] Recoil\n|\n|-weather|SunnyDay|[upkeep]\n|upkeep\n|\n|t:|1776505117\n|switch|p2b: Incineroar|Incineroar, L50, M, shiny|100/100\n|-ability|p2b: Incineroar|Intimidate|boost\n|-unboost|p1a: Basculegion|atk|1\n|-unboost|p1b: Kangaskhan|atk|1\n|turn|3\n|\n|t:|1776505131\n|switch|p2a: Whimsicott|Whimsicott, L50, F, shiny|100/100\n|switch|p1b: Pelipper|Pelipper, L50, M, shiny|100/100\n|-weather|RainDance|[from] ability: Drizzle|[of] p1b: Pelipper\n|move|p1a: Basculegion|Wave Crash|p2b: Incineroar\n|-supereffective|p2b: Incineroar|1\n|-damage|p2b: Incineroar|0 fnt\n|faint|p2b: Incineroar\n|-damage|p1a: Basculegion|43/100|[from] Recoil\n|\n|-weather|RainDance|[upkeep]\n|upkeep\n|\n|t:|1776505143\n|switch|p2b: Charizard|Charizard-Mega-Y, L50, M, shiny|18/100\n|-weather|SunnyDay|[from] ability: Drought|[of] p2b: Charizard\n|turn|4\n|\n|t:|1776505153\n|move|p2a: Whimsicott|Tailwind|p2a: Whimsicott\n|-sidestart|p2: gekko kabu|move: Tailwind\n|move|p2b: Charizard|Weather Ball|p1a: Basculegion\n|-resisted|p1a: Basculegion|1\n|-damage|p1a: Basculegion|0 fnt\n|faint|p1a: Basculegion\n|move|p1b: Pelipper|Weather Ball|p2b: Charizard\n|-resisted|p2b: Charizard|1\n|-damage|p2b: Charizard|0 fnt\n|faint|p2b: Charizard\n|\n|-weather|SunnyDay|[upkeep]\n|upkeep\n|\n|t:|1776505165\n|switch|p1a: Sneasler|Sneasler, L50, M|100/100\n|turn|5\n|-message|gekko kabu forfeited.\n|\n|win|magicallamp\n|raw|magicallamp's rating: 1435 &rarr; <strong>1454</strong><br />(+19 for winning)\n|raw|gekko kabu's rating: 1426 &rarr; <strong>1407</strong><br />(-19 for losing)\n|l|\u2606gekko kabu\n|player|p2|\n|l|\u2606magicallamp\n|player|p1|\n",
  "uploadtime": 1776505196,
  "views": 22,
  "formatid": "gen9championsvgc2026regma",
  "rating": 1407,
  "private": 0,
  "password": null
}