{
  "id": "gen9championsvgc2026regma-2585795513",
  "format": "[Gen 9 Champions] VGC 2026 Reg M-A",
  "players": [
    "willumpaloompa",
    "Jah_08"
  ],
  "log": "|j|\u2606willumpaloompa\n|j|\u2606Jah_08\n|t:|1776371206\n|gametype|doubles\n|player|p1|willumpaloompa|265|1328\n|player|p2|Jah_08|alder|1364\n|gen|9\n|tier|[Gen 9 Champions] VGC 2026 Reg M-A\n|rated|\n|rule|Species Clause: Limit one of each Pok\u00e9mon\n|rule|Item Clause: Limit 1 of each item\n|clearpoke\n|poke|p1|Politoed, L50, M|\n|poke|p1|Basculegion, L50, M|\n|poke|p1|Archaludon, L50, M|\n|poke|p1|Meganium, L50, F|\n|poke|p1|Manectric, L50, F|\n|poke|p1|Sneasler, L50, F|\n|poke|p2|Excadrill, L50, M|\n|poke|p2|Whimsicott, L50, M|\n|poke|p2|Chandelure, L50, F|\n|poke|p2|Zoroark-Hisui, L50, M|\n|poke|p2|Basculegion, L50, M|\n|poke|p2|Hydreigon, L50, M|\n|teampreview|4\n|\n|t:|1776371264\n|teamsize|p1|4\n|teamsize|p2|4\n|start\n|switch|p1a: Politoed|Politoed, L50, M|100/100\n|switch|p1b: Basculegion|Basculegion, L50, M|100/100\n|switch|p2a: Whimsicott|Whimsicott, L50, M, shiny|100/100\n|switch|p2b: Basculegion|Basculegion, L50, M|100/100\n|-weather|RainDance|[from] ability: Drizzle|[of] p1a: Politoed\n|turn|1\n|inactive|Battle timer is ON: inactive players will automatically lose when time's up. (requested by Jah_08)\n|\n|t:|1776371288\n|move|p1b: Basculegion|Protect|p1b: Basculegion\n|-singleturn|p1b: Basculegion|Protect\n|move|p1a: Politoed|Protect|p1a: Politoed\n|-singleturn|p1a: Politoed|Protect\n|move|p2b: Basculegion|Last Respects|p1b: Basculegion\n|-activate|p1b: Basculegion|move: Protect\n|move|p2a: Whimsicott|Moonblast|p1b: Basculegion\n|-activate|p1b: Basculegion|move: Protect\n|\n|-weather|RainDance|[upkeep]\n|upkeep\n|turn|2\n|inactive|willumpaloompa has 30 seconds left.\n|inactive|Jah_08 has 30 seconds left.\n|\n|t:|1776371318\n|switch|p1b: Archaludon|Archaludon, L50, M|100/100\n|switch|p2b: Excadrill|Excadrill, L50, M|100/100\n|-ability|p2b: Excadrill|Mold Breaker\n|move|p2a: Whimsicott|Encore|p1a: Politoed\n|-start|p1a: Politoed|Encore\n|move|p1a: Politoed|Protect||[still]\n|-fail|p1a: Politoed\n|\n|-weather|RainDance|[upkeep]\n|upkeep\n|turn|3\n|inactive|willumpaloompa has 30 seconds left.\n|\n|t:|1776371346\n|switch|p1a: Basculegion|Basculegion, L50, M|100/100\n|move|p2a: Whimsicott|Moonblast|p1b: Archaludon\n|-damage|p1b: Archaludon|66/100\n|-unboost|p1b: Archaludon|spa|1\n|-ability|p1b: Archaludon|Stamina|boost\n|-boost|p1b: Archaludon|def|1\n|move|p2b: Excadrill|High Horsepower|p1b: Archaludon\n|-supereffective|p1b: Archaludon|1\n|-damage|p1b: Archaludon|0 fnt\n|faint|p1b: Archaludon\n|\n|-weather|RainDance|[upkeep]\n|upkeep\n|\n|t:|1776371360\n|switch|p1b: Manectric|Manectric, L50, F|100/100\n|turn|4\n|\n|t:|1776371372\n|detailschange|p1b: Manectric|Manectric-Mega, L50, F\n|-mega|p1b: Manectric|Manectric|Manectite\n|-ability|p1b: Manectric|Intimidate|boost\n|-unboost|p2a: Whimsicott|atk|1\n|-unboost|p2b: Excadrill|atk|1\n|move|p2b: Excadrill|Protect|p2b: Excadrill\n|-singleturn|p2b: Excadrill|Protect\n|move|p2a: Whimsicott|Tailwind|p2a: Whimsicott\n|-sidestart|p2: Jah_08|move: Tailwind\n|move|p1a: Basculegion|Wave Crash|p2a: Whimsicott\n|-resisted|p2a: Whimsicott|1\n|-damage|p2a: Whimsicott|43/100\n|-damage|p1a: Basculegion|84/100|[from] Recoil\n|-heal|p1a: Basculegion|90/100|[from] item: Shell Bell|[of] p2a: Whimsicott\n|move|p1b: Manectric|Volt Switch|p2a: Whimsicott\n|-resisted|p2a: Whimsicott|1\n|-damage|p2a: Whimsicott|17/100\n|\n|t:|1776371386\n|switch|p1b: Politoed|Politoed, L50, M|100/100|[from] Volt Switch\n|\n|-weather|RainDance|[upkeep]\n|upkeep\n|turn|5\n|\n|t:|1776371410\n|move|p2a: Whimsicott|Moonblast|p1a: Basculegion\n|-damage|p1a: Basculegion|51/100\n|move|p2b: Excadrill|High Horsepower|p1a: Basculegion\n|-damage|p1a: Basculegion|5/100\n|move|p1a: Basculegion|Wave Crash|p2b: Excadrill\n|-supereffective|p2b: Excadrill|1\n|-enditem|p2b: Excadrill|Focus Sash\n|-damage|p2b: Excadrill|1/100\n|-damage|p1a: Basculegion|0 fnt|[from] Recoil\n|faint|p1a: Basculegion\n|move|p1b: Politoed|Ice Beam|p2a: Whimsicott\n|-supereffective|p2a: Whimsicott|1\n|-damage|p2a: Whimsicott|0 fnt\n|faint|p2a: Whimsicott\n|\n|-weather|none\n|upkeep\n|\n|t:|1776371432\n|switch|p2a: Basculegion|Basculegion, L50, M|100/100\n|switch|p1a: Manectric|Manectric-Mega, L50, F|100/100\n|-ability|p1a: Manectric|Intimidate|boost\n|-unboost|p2a: Basculegion|atk|1\n|-unboost|p2b: Excadrill|atk|1\n|turn|6\n|\n|t:|1776371447\n|move|p2a: Basculegion|Shadow Ball|p1b: Politoed\n|-damage|p1b: Politoed|63/100\n|move|p2b: Excadrill|High Horsepower|p1a: Manectric\n|-supereffective|p1a: Manectric|1\n|-damage|p1a: Manectric|23/100\n|move|p1a: Manectric|Substitute|p1a: Manectric\n|-fail|p1a: Manectric|move: Substitute|[weak]\n|move|p1b: Politoed|Ice Beam|p2b: Excadrill\n|-damage|p2b: Excadrill|0 fnt\n|faint|p2b: Excadrill\n|\n|-heal|p1b: Politoed|70/100|[from] item: Leftovers\n|upkeep\n|\n|t:|1776371466\n|switch|p2b: Basculegion|Basculegion, L50, M|100/100\n|turn|7\n|\n|t:|1776371485\n|move|p2b: Basculegion|Aqua Jet|p1a: Manectric\n|-damage|p1a: Manectric|0 fnt\n|faint|p1a: Manectric\n|move|p2a: Basculegion|Shadow Ball|p1b: Politoed\n|-damage|p1b: Politoed|33/100\n|move|p1b: Politoed|Ice Beam|p2a: Basculegion\n|-damage|p2a: Basculegion|64/100\n|-status|p2a: Basculegion|frz\n|replace|p2a: Zoroark|Zoroark-Hisui, L50, M\n|-end|p2a: Zoroark|Illusion\n|\n|-heal|p1b: Politoed|39/100|[from] item: Leftovers\n|-sideend|p2: Jah_08|move: Tailwind\n|upkeep\n|turn|8\n|-message|willumpaloompa forfeited.\n|\n|win|Jah_08\n|raw|willumpaloompa's rating: 1328 &rarr; <strong>1310</strong><br />(-18 for losing)\n|raw|Jah_08's rating: 1364 &rarr; <strong>1382</strong><br />(+18 for winning)\n|l|\u2606willumpaloompa\n|player|p1|\n",
  "uploadtime": 1776371504,
  "views": 43,
  "formatid": "gen9championsvgc2026regma",
  "rating": 1310,
  "private": 0,
  "password": null
}