{
  "id": "gen9championsvgc2026regma-2587165074",
  "format": "[Gen 9 Champions] VGC 2026 Reg M-A",
  "players": [
    "mattun",
    "slimeslatt252"
  ],
  "log": "|j|\u2606mattun\n|j|\u2606slimeslatt252\n|t:|1776502973\n|gametype|doubles\n|player|p1|mattun|169|1427\n|player|p2|slimeslatt252|265|1494\n|gen|9\n|tier|[Gen 9 Champions] VGC 2026 Reg M-A\n|rated|\n|rule|Species Clause: Limit one of each Pok\u00e9mon\n|rule|Item Clause: Limit 1 of each item\n|clearpoke\n|poke|p1|Garchomp, L50, F|\n|poke|p1|Hawlucha, L50, M|\n|poke|p1|Vivillon, L50, M|\n|poke|p1|Excadrill, L50, M|\n|poke|p1|Sableye, L50, M|\n|poke|p1|Sneasler, L50, M|\n|poke|p2|Floette-Eternal, L50, F|\n|poke|p2|Delphox, L50, F, shiny|\n|poke|p2|Maushold, L50|\n|poke|p2|Garchomp, L50, F|\n|poke|p2|Sneasler, L50, F|\n|poke|p2|Talonflame, L50, F|\n|teampreview|4\n|inactive|Battle timer is ON: inactive players will automatically lose when time's up. (requested by slimeslatt252)\n|\n|t:|1776502993\n|teamsize|p1|4\n|teamsize|p2|4\n|start\n|switch|p1a: Sableye|Sableye, L50, M|100/100\n|switch|p1b: Sneasler|Sneasler, L50, M|100/100\n|switch|p2a: Maushold|Maushold, L50|100/100\n|switch|p2b: Floette|Floette-Eternal, L50, F|100/100\n|turn|1\n|\n|t:|1776503004\n|move|p2a: Maushold|Protect|p2a: Maushold\n|-singleturn|p2a: Maushold|Protect\n|move|p2b: Floette|Protect|p2b: Floette\n|-singleturn|p2b: Floette|Protect\n|move|p1a: Sableye|Fake Out|p2a: Maushold\n|-activate|p2a: Maushold|move: Protect\n|move|p1b: Sneasler|Close Combat|p2a: Maushold\n|-activate|p2a: Maushold|move: Protect\n|\n|upkeep\n|turn|2\n|\n|t:|1776503017\n|detailschange|p2b: Floette|Floette-Mega, L50, F\n|-mega|p2b: Floette|Floette|Floettite\n|-ability|p2b: Floette|Fairy Aura\n|move|p2a: Maushold|Follow Me|p2a: Maushold\n|-singleturn|p2a: Maushold|move: Follow Me\n|move|p1a: Sableye|Encore|p2a: Maushold\n|-start|p2a: Maushold|Encore\n|move|p1b: Sneasler|Dire Claw|p2a: Maushold\n|-damage|p2a: Maushold|58/100\n|move|p2b: Floette|Calm Mind|p2b: Floette\n|-boost|p2b: Floette|spa|1\n|-boost|p2b: Floette|spd|1\n|\n|upkeep\n|turn|3\n|\n|t:|1776503037\n|switch|p1a: Excadrill|Excadrill, L50, M|100/100\n|move|p2a: Maushold|Follow Me|p2a: Maushold\n|-singleturn|p2a: Maushold|move: Follow Me\n|move|p1b: Sneasler|Close Combat|p2a: Maushold\n|-supereffective|p2a: Maushold|1\n|-crit|p2a: Maushold\n|-enditem|p2a: Maushold|Chople Berry|[eat]\n|-enditem|p2a: Maushold|Chople Berry|[weaken]\n|-damage|p2a: Maushold|0 fnt\n|-unboost|p1b: Sneasler|def|1\n|-unboost|p1b: Sneasler|spd|1\n|faint|p2a: Maushold\n|-enditem|p1b: Sneasler|White Herb\n|-clearnegativeboost|p1b: Sneasler|[silent]\n|move|p2b: Floette|Calm Mind|p2b: Floette\n|-boost|p2b: Floette|spa|1\n|-boost|p2b: Floette|spd|1\n|\n|upkeep\n|\n|t:|1776503048\n|switch|p2a: Talonflame|Talonflame, L50, F|100/100\n|turn|4\n|\n|t:|1776503058\n|switch|p1a: Sableye|Sableye, L50, M|100/100\n|move|p2a: Talonflame|Dual Wingbeat|p1b: Sneasler|[miss]\n|-miss|p2a: Talonflame|p1b: Sneasler\n|move|p1b: Sneasler|Dire Claw|p2b: Floette\n|-supereffective|p2b: Floette|1\n|-damage|p2b: Floette|10/100\n|-status|p2b: Floette|par\n|move|p2b: Floette|Moonblast|p1a: Sableye\n|-supereffective|p1a: Sableye|1\n|-enditem|p1a: Sableye|Roseli Berry|[eat]\n|-enditem|p1a: Sableye|Roseli Berry|[weaken]\n|-damage|p1a: Sableye|0 fnt\n|faint|p1a: Sableye\n|\n|upkeep\n|c|\u2606slimeslatt252|nice!\n|\n|t:|1776503071\n|switch|p1a: Hawlucha|Hawlucha, L50, M|100/100\n|turn|5\n|\n|t:|1776503085\n|switch|p1b: Excadrill|Excadrill, L50, M|100/100\n|detailschange|p1a: Hawlucha|Hawlucha-Mega, L50, M\n|-mega|p1a: Hawlucha|Hawlucha|Hawluchanite\n|move|p1a: Hawlucha|Feint|p2b: Floette\n|-damage|p2b: Floette|0 fnt\n|faint|p2b: Floette\n|move|p2a: Talonflame|Dual Wingbeat|p1b: Excadrill\n|-resisted|p1b: Excadrill|1\n|-damage|p1b: Excadrill|92/100\n|-resisted|p1b: Excadrill|1\n|-damage|p1b: Excadrill|82/100\n|-hitcount|p1b: Excadrill|2\n|\n|upkeep\n|\n|t:|1776503089\n|switch|p2b: Sneasler|Sneasler, L50, F|100/100\n|turn|6\n|\n|t:|1776503104\n|move|p2a: Talonflame|Dual Wingbeat|p1a: Hawlucha\n|-supereffective|p1a: Hawlucha|1\n|-crit|p1a: Hawlucha\n|-damage|p1a: Hawlucha|52/100\n|-supereffective|p1a: Hawlucha|1\n|-damage|p1a: Hawlucha|22/100\n|-hitcount|p1a: Hawlucha|2\n|move|p2b: Sneasler|Close Combat|p1b: Excadrill\n|-supereffective|p1b: Excadrill|1\n|-damage|p1b: Excadrill|0 fnt\n|-unboost|p2b: Sneasler|def|1\n|-unboost|p2b: Sneasler|spd|1\n|faint|p1b: Excadrill\n|move|p1a: Hawlucha|Dual Wingbeat|p2b: Sneasler\n|-supereffective|p2b: Sneasler|1\n|-enditem|p2b: Sneasler|Focus Sash\n|-damage|p2b: Sneasler|1/100\n|-supereffective|p2b: Sneasler|1\n|-damage|p2b: Sneasler|0 fnt\n|faint|p2b: Sneasler\n|-hitcount|p2: Sneasler|2\n|\n|upkeep\n|\n|t:|1776503118\n|switch|p1b: Sneasler|Sneasler, L50, M|100/100\n|turn|7\n|\n|t:|1776503130\n|move|p2a: Talonflame|Quick Guard|p2a: Talonflame\n|-singleturn|p2a: Talonflame|Quick Guard\n|move|p1a: Hawlucha|Feint|p2a: Talonflame\n|-activate|p2a: Talonflame|move: Feint\n|-damage|p2a: Talonflame|86/100\n|move|p1b: Sneasler|Rock Tomb|p2a: Talonflame\n|-supereffective|p2a: Talonflame|2\n|-damage|p2a: Talonflame|0 fnt\n|faint|p2a: Talonflame\n|\n|win|mattun\n|raw|mattun's rating: 1427 &rarr; <strong>1451</strong><br />(+24 for winning)\n|raw|slimeslatt252's rating: 1494 &rarr; <strong>1470</strong><br />(-24 for losing)\n|l|\u2606mattun\n|player|p1|\n",
  "uploadtime": 1776503202,
  "views": 28,
  "formatid": "gen9championsvgc2026regma",
  "rating": 1451,
  "private": 0,
  "password": null
}