{
  "id": "gen9championsvgc2026regma-2586713187",
  "format": "[Gen 9 Champions] VGC 2026 Reg M-A",
  "players": [
    "Alesavecs",
    "YoshiChris08"
  ],
  "log": "|j|\u2606Alesavecs\n|j|\u2606YoshiChris08\n|t:|1776454161\n|gametype|doubles\n|player|p1|Alesavecs|169|1180\n|player|p2|YoshiChris08|unknown|1191\n|gen|9\n|tier|[Gen 9 Champions] VGC 2026 Reg M-A\n|rated|\n|rule|Species Clause: Limit one of each Pok\u00e9mon\n|rule|Item Clause: Limit 1 of each item\n|clearpoke\n|poke|p1|Corviknight, L50, M|\n|poke|p1|Maushold-Four, L50|\n|poke|p1|Arcanine-Hisui, L50, M|\n|poke|p1|Kingambit, L50, M|\n|poke|p1|Whimsicott, L50, M|\n|poke|p1|Sinistcha, L50|\n|poke|p2|Pelipper, L50, F|\n|poke|p2|Archaludon, L50, F|\n|poke|p2|Basculegion, L50, M|\n|poke|p2|Meganium, L50, F|\n|poke|p2|Sneasler, L50, M|\n|poke|p2|Glimmora, L50, F|\n|teampreview|4\n|inactive|Battle timer is ON: inactive players will automatically lose when time's up. (requested by YoshiChris08)\n|inactive|Alesavecs has 60 seconds left.\n|inactive|YoshiChris08 has 60 seconds left.\n|\n|t:|1776454192\n|teamsize|p1|4\n|teamsize|p2|4\n|start\n|switch|p1a: Kingambit|Kingambit, L50, M|100/100\n|switch|p1b: Whimsicott|Whimsicott, L50, M|100/100\n|switch|p2a: Pelipper|Pelipper, L50, F|100/100\n|switch|p2b: Archaludon|Archaludon, L50, F, shiny|100/100\n|-weather|RainDance|[from] ability: Drizzle|[of] p2a: Pelipper\n|turn|1\n|\n|t:|1776454211\n|move|p2b: Archaludon|Protect|p2b: Archaludon\n|-singleturn|p2b: Archaludon|Protect\n|move|p1a: Kingambit|Protect|p1a: Kingambit\n|-singleturn|p1a: Kingambit|Protect\n|move|p1b: Whimsicott|Tailwind|p1b: Whimsicott\n|-sidestart|p1: Alesavecs|move: Tailwind\n|move|p2a: Pelipper|Tailwind|p2a: Pelipper\n|-sidestart|p2: YoshiChris08|move: Tailwind\n|\n|-weather|RainDance|[upkeep]\n|upkeep\n|turn|2\n|\n|t:|1776454234\n|switch|p1a: Sinistcha|Sinistcha, L50|100/100\n|move|p1b: Whimsicott|Encore|p2a: Pelipper\n|-start|p2a: Pelipper|Encore\n|move|p2a: Pelipper|Tailwind||[still]\n|-fail|p2a: Pelipper\n|move|p2b: Archaludon|Electro Shot||[still]\n|-prepare|p2b: Archaludon|Electro Shot\n|-boost|p2b: Archaludon|spa|1\n|-anim|p2b: Archaludon|Electro Shot|p1a: Sinistcha\n|-resisted|p1a: Sinistcha|1\n|-damage|p1a: Sinistcha|57/100\n|\n|-weather|RainDance|[upkeep]\n|upkeep\n|turn|3\n|inactive|Alesavecs has 30 seconds left.\n|inactive|YoshiChris08 has 30 seconds left.\n|\n|t:|1776454267\n|switch|p2a: Sneasler|Sneasler, L50, M, shiny|100/100\n|move|p2b: Archaludon|Protect|p2b: Archaludon\n|-singleturn|p2b: Archaludon|Protect\n|move|p1b: Whimsicott|Moonblast|p2b: Archaludon\n|-activate|p2b: Archaludon|move: Protect\n|move|p1a: Sinistcha|Strength Sap|p2b: Archaludon\n|-activate|p2b: Archaludon|move: Protect\n|\n|-weather|RainDance|[upkeep]\n|upkeep\n|turn|4\n|\n|t:|1776454288\n|move|p1b: Whimsicott|Protect|p1b: Whimsicott\n|-singleturn|p1b: Whimsicott|Protect\n|move|p1a: Sinistcha|Protect|p1a: Sinistcha\n|-singleturn|p1a: Sinistcha|Protect\n|move|p2a: Sneasler|Fake Out|p1b: Whimsicott\n|-activate|p1b: Whimsicott|move: Protect\n|move|p2b: Archaludon|Flash Cannon|p1b: Whimsicott\n|-activate|p1b: Whimsicott|move: Protect\n|\n|-weather|RainDance|[upkeep]\n|-sideend|p2: YoshiChris08|move: Tailwind\n|-sideend|p1: Alesavecs|move: Tailwind\n|upkeep\n|turn|5\n|\n|t:|1776454306\n|switch|p2a: Basculegion|Basculegion, L50, M, shiny|100/100\n|move|p1b: Whimsicott|Encore||[still]\n|-fail|p1b: Whimsicott\n|move|p2b: Archaludon|Flash Cannon|p1b: Whimsicott\n|-supereffective|p1b: Whimsicott|1\n|-enditem|p1b: Whimsicott|Focus Sash\n|-damage|p1b: Whimsicott|1/100\n|-unboost|p1b: Whimsicott|spd|1\n|move|p1a: Sinistcha|Shadow Ball|p2b: Archaludon\n|-damage|p2b: Archaludon|52/100\n|-ability|p2b: Archaludon|Stamina|boost\n|-boost|p2b: Archaludon|def|1\n|\n|-weather|none\n|-heal|p2b: Archaludon|58/100|[from] item: Leftovers\n|upkeep\n|turn|6\n|inactive|Alesavecs has 30 seconds left.\n|inactive|YoshiChris08 has 30 seconds left.\n|\n|t:|1776454337\n|switch|p2b: Sneasler|Sneasler, L50, M, shiny|100/100\n|move|p1b: Whimsicott|Moonblast|p2b: Sneasler\n|-damage|p2b: Sneasler|52/100\n|move|p2a: Basculegion|Last Respects|p1a: Sinistcha\n|-supereffective|p1a: Sinistcha|1\n|-damage|p1a: Sinistcha|9/100\n|-enditem|p1a: Sinistcha|Sitrus Berry|[eat]\n|-heal|p1a: Sinistcha|34/100|[from] item: Sitrus Berry\n|move|p1a: Sinistcha|Shadow Ball|p2b: Sneasler\n|-damage|p2b: Sneasler|0 fnt\n|faint|p2b: Sneasler\n|\n|upkeep\n|\n|t:|1776454355\n|switch|p2b: Pelipper|Pelipper, L50, F|100/100\n|-weather|RainDance|[from] ability: Drizzle|[of] p2b: Pelipper\n|turn|7\n|l|\u2606YoshiChris08\n|inactive|YoshiChris08 disconnected and has a minute to reconnect!\n|player|p2|\n|inactive|YoshiChris08 has 30 seconds left.\n|inactive|YoshiChris08 has 20 seconds left.\n|j|\u2606YoshiChris08\n|inactive|YoshiChris08 reconnected and has 20 seconds left.\n|player|p2|YoshiChris08|unknown|\n|inactive|YoshiChris08 has 15 seconds left.\n|inactive|Alesavecs has 30 seconds left.\n|inactive|YoshiChris08 has 10 seconds left.\n|\n|t:|1776454404\n|move|p2b: Pelipper|Wide Guard|p2b: Pelipper\n|-singleturn|p2b: Pelipper|Wide Guard\n|move|p1b: Whimsicott|Tailwind|p1b: Whimsicott\n|-sidestart|p1: Alesavecs|move: Tailwind\n|move|p2a: Basculegion|Flip Turn|p1b: Whimsicott\n|-resisted|p1b: Whimsicott|1\n|-crit|p1b: Whimsicott\n|-damage|p1b: Whimsicott|0 fnt\n|faint|p1b: Whimsicott\n|\n|t:|1776454414\n|switch|p2a: Archaludon|Archaludon, L50, F, shiny|58/100|[from] Flip Turn\n|move|p1a: Sinistcha|Matcha Gotcha|p2a: Archaludon|[spread] \n|-activate|p2a: Archaludon|move: Wide Guard\n|-activate|p2b: Pelipper|move: Wide Guard\n|\n|-weather|RainDance|[upkeep]\n|-heal|p2a: Archaludon|64/100|[from] item: Leftovers\n|upkeep\n|\n|t:|1776454424\n|switch|p1b: Kingambit|Kingambit, L50, M|100/100\n|turn|8\n|\n|t:|1776454436\n|move|p2a: Archaludon|Protect|p2a: Archaludon\n|-singleturn|p2a: Archaludon|Protect\n|move|p1a: Sinistcha|Strength Sap|p2b: Pelipper\n|-unboost|p2b: Pelipper|atk|1\n|-heal|p1a: Sinistcha|74/100\n|move|p1b: Kingambit|Swords Dance|p1b: Kingambit\n|-boost|p1b: Kingambit|atk|2\n|move|p2b: Pelipper|Tailwind|p2b: Pelipper\n|-sidestart|p2: YoshiChris08|move: Tailwind\n|\n|-weather|RainDance|[upkeep]\n|-heal|p2a: Archaludon|70/100|[from] item: Leftovers\n|upkeep\n|turn|9\n|\n|t:|1776454457\n|move|p1b: Kingambit|Sucker Punch|p2a: Archaludon\n|-damage|p2a: Archaludon|0 fnt\n|faint|p2a: Archaludon\n|move|p2b: Pelipper|Weather Ball|p1b: Kingambit\n|-damage|p1b: Kingambit|47/100\n|move|p1a: Sinistcha|Shadow Ball|p2b: Pelipper\n|-damage|p2b: Pelipper|30/100\n|\n|-weather|RainDance|[upkeep]\n|upkeep\n|\n|t:|1776454468\n|switch|p2a: Basculegion|Basculegion, L50, M, shiny|100/100\n|turn|10\n|\n|t:|1776454481\n|move|p2b: Pelipper|Wide Guard|p2b: Pelipper\n|-singleturn|p2b: Pelipper|Wide Guard\n|move|p1b: Kingambit|Sucker Punch||[still]\n|-fail|p1b: Kingambit\n|move|p2a: Basculegion|Wave Crash|p1b: Kingambit\n|-damage|p1b: Kingambit|0 fnt\n|faint|p1b: Kingambit\n|-damage|p2a: Basculegion|89/100|[from] Recoil\n|move|p1a: Sinistcha|Shadow Ball|p2a: Basculegion\n|-supereffective|p2a: Basculegion|1\n|-damage|p2a: Basculegion|7/100\n|\n|-weather|RainDance|[upkeep]\n|-sideend|p1: Alesavecs|move: Tailwind\n|upkeep\n|\n|t:|1776454494\n|switch|p1b: Arcanine|Arcanine-Hisui, L50, M|100/100\n|turn|11\n|\n|t:|1776454509\n|move|p2a: Basculegion|Flip Turn|p1b: Arcanine\n|-supereffective|p1b: Arcanine|2\n|-damage|p1b: Arcanine|0 fnt\n|faint|p1b: Arcanine\n|move|p2b: Pelipper|Hurricane|p1a: Sinistcha\n|-supereffective|p1a: Sinistcha|1\n|-damage|p1a: Sinistcha|0 fnt\n|faint|p1a: Sinistcha\n|\n|win|YoshiChris08\n|raw|Alesavecs's rating: 1180 &rarr; <strong>1156</strong><br />(-24 for losing)\n|raw|YoshiChris08's rating: 1191 &rarr; <strong>1215</strong><br />(+24 for winning)\n|l|\u2606YoshiChris08\n|player|p2|\n|j|\u2606YoshiChris08\n|player|p2|YoshiChris08|unknown|\n",
  "uploadtime": 1776454683,
  "views": 32,
  "formatid": "gen9championsvgc2026regma",
  "rating": 1156,
  "private": 0,
  "password": null
}