{
  "id": "gen9championsvgc2026regma-2582080575",
  "format": "[Gen 9 Champions] VGC 2026 Reg M-A",
  "players": [
    "Nerumy07",
    "aoiharada"
  ],
  "log": "|j|\u2606Nerumy07\n|j|\u2606aoiharada\n|t:|1776055416\n|gametype|doubles\n|player|p1|Nerumy07|acetrainer|1325\n|player|p2|aoiharada|266|1407\n|gen|9\n|tier|[Gen 9 Champions] VGC 2026 Reg M-A\n|rated|\n|rule|Species Clause: Limit one of each Pok\u00e9mon\n|rule|Item Clause: Limit 1 of each item\n|clearpoke\n|poke|p1|Dragonite, L50, M|\n|poke|p1|Politoed, L50, M|\n|poke|p1|Archaludon, L50, F|\n|poke|p1|Basculegion, L50, M|\n|poke|p1|Sneasler, L50, M|\n|poke|p1|Sinistcha, L50|\n|poke|p2|Garchomp, L50, M|\n|poke|p2|Rotom-Wash, L50|\n|poke|p2|Incineroar, L50, F|\n|poke|p2|Sneasler, L50, M|\n|poke|p2|Charizard, L50, M|\n|poke|p2|Whimsicott, L50, M|\n|teampreview|4\n|inactive|Battle timer is ON: inactive players will automatically lose when time's up. (requested by Nerumy07)\n|\n|t:|1776055441\n|teamsize|p1|4\n|teamsize|p2|4\n|start\n|switch|p1a: Sinistcha|Sinistcha, L50|100/100\n|switch|p1b: Archaludon|Archaludon, L50, F|100/100\n|switch|p2a: Charizard|Charizard, L50, M|100/100\n|switch|p2b: Rotom|Rotom-Wash, L50|100/100\n|turn|1\n|\n|t:|1776055465\n|switch|p1a: Dragonite|Dragonite, L50, M|100/100\n|move|p2a: Charizard|Protect|p2a: Charizard\n|-singleturn|p2a: Charizard|Protect\n|move|p2b: Rotom|Protect|p2b: Rotom\n|-singleturn|p2b: Rotom|Protect\n|move|p1b: Archaludon|Draco Meteor|p2a: Charizard\n|-activate|p2a: Charizard|move: Protect\n|\n|upkeep\n|turn|2\n|\n|t:|1776055481\n|detailschange|p1a: Dragonite|Dragonite-Mega, L50, M\n|-mega|p1a: Dragonite|Dragonite|Dragoninite\n|detailschange|p2a: Charizard|Charizard-Mega-Y, L50, M\n|-mega|p2a: Charizard|Charizard|Charizardite Y\n|-weather|SunnyDay|[from] ability: Drought|[of] p2a: Charizard\n|move|p1a: Dragonite|Tailwind|p1a: Dragonite\n|-sidestart|p1: Nerumy07|move: Tailwind\n|move|p1b: Archaludon|Draco Meteor|p2b: Rotom\n|-damage|p2b: Rotom|24/100\n|-unboost|p1b: Archaludon|spa|2\n|-enditem|p2b: Rotom|Sitrus Berry|[eat]\n|-heal|p2b: Rotom|49/100|[from] item: Sitrus Berry\n|-enditem|p1b: Archaludon|White Herb\n|-clearnegativeboost|p1b: Archaludon|[silent]\n|move|p2a: Charizard|Heat Wave|p1a: Dragonite|[spread] p1a,p1b\n|-resisted|p1a: Dragonite|1\n|-damage|p1a: Dragonite|88/100\n|-damage|p1b: Archaludon|14/100\n|-ability|p1b: Archaludon|Stamina|boost\n|-boost|p1b: Archaludon|def|1\n|move|p2b: Rotom|Electroweb|p1a: Dragonite|[spread] p1a,p1b\n|-resisted|p1b: Archaludon|1\n|-damage|p1a: Dragonite|75/100\n|-damage|p1b: Archaludon|2/100\n|-unboost|p1a: Dragonite|spe|1\n|-unboost|p1b: Archaludon|spe|1\n|-ability|p1b: Archaludon|Stamina|boost\n|-boost|p1b: Archaludon|def|1\n|\n|-weather|SunnyDay|[upkeep]\n|upkeep\n|turn|3\n|inactive|Nerumy07 has 30 seconds left.\n|inactive|aoiharada has 30 seconds left.\n|\n|t:|1776055514\n|switch|p1b: Politoed|Politoed, L50, M, shiny|100/100\n|-weather|RainDance|[from] ability: Drizzle|[of] p1b: Politoed\n|move|p2a: Charizard|Protect|p2a: Charizard\n|-singleturn|p2a: Charizard|Protect\n|move|p1a: Dragonite|Hurricane|p2a: Charizard\n|-activate|p2a: Charizard|move: Protect\n|move|p2b: Rotom|Electroweb|p1b: Politoed|[spread] p1a,p1b\n|-supereffective|p1b: Politoed|1\n|-damage|p1a: Dragonite|62/100\n|-damage|p1b: Politoed|73/100\n|-unboost|p1a: Dragonite|spe|1\n|-unboost|p1b: Politoed|spe|1\n|\n|-weather|RainDance|[upkeep]\n|upkeep\n|turn|4\n|\n|t:|1776055531\n|switch|p2a: Incineroar|Incineroar, L50, F|100/100\n|-ability|p2a: Incineroar|Intimidate|boost\n|-unboost|p1a: Dragonite|atk|1\n|-unboost|p1b: Politoed|atk|1\n|switch|p1b: Sinistcha|Sinistcha, L50|100/100\n|-heal|p1a: Dragonite|87/100|[from] ability: Hospitality|[of] p1b: Sinistcha\n|move|p1a: Dragonite|Hurricane|p2a: Incineroar\n|-damage|p2a: Incineroar|54/100\n|move|p2b: Rotom|Electroweb|p1b: Sinistcha|[spread] p1a,p1b\n|-resisted|p1b: Sinistcha|1\n|-damage|p1a: Dragonite|73/100\n|-damage|p1b: Sinistcha|93/100\n|-unboost|p1a: Dragonite|spe|1\n|-unboost|p1b: Sinistcha|spe|1\n|\n|-weather|RainDance|[upkeep]\n|-heal|p1b: Sinistcha|99/100|[from] item: Leftovers\n|upkeep\n|turn|5\n|inactive|Nerumy07 has 30 seconds left.\n|\n|t:|1776055560\n|move|p2b: Rotom|Protect|p2b: Rotom\n|-singleturn|p2b: Rotom|Protect\n|move|p1a: Dragonite|Hurricane|p2a: Incineroar\n|-damage|p2a: Incineroar|5/100\n|move|p2a: Incineroar|Parting Shot|p1b: Sinistcha\n|-unboost|p1b: Sinistcha|atk|1\n|-unboost|p1b: Sinistcha|spa|1\n|\n|t:|1776055569\n|switch|p2a: Garchomp|Garchomp, L50, M|100/100|[from] Parting Shot\n|move|p1b: Sinistcha|Trick Room|p1b: Sinistcha\n|-fieldstart|move: Trick Room|[of] p1b: Sinistcha\n|\n|-weather|RainDance|[upkeep]\n|-heal|p1b: Sinistcha|100/100|[from] item: Leftovers\n|-sideend|p1: Nerumy07|move: Tailwind\n|upkeep\n|turn|6\n|-message|aoiharada forfeited.\n|\n|win|Nerumy07\n|raw|Nerumy07's rating: 1325 &rarr; <strong>1350</strong><br />(+25 for winning)\n|raw|aoiharada's rating: 1407 &rarr; <strong>1382</strong><br />(-25 for losing)\n|l|\u2606aoiharada\n|player|p2|\n",
  "uploadtime": 1776055582,
  "views": 31,
  "formatid": "gen9championsvgc2026regma",
  "rating": 1350,
  "private": 0,
  "password": null
}