{
  "id": "gen9championsvgc2026regma-2581102282",
  "format": "[Gen 9 Champions] VGC 2026 Reg M-A",
  "players": [
    "Boni_guider",
    "amino_trap_pkmn"
  ],
  "log": "|j|\u2606Boni_guider\n|j|\u2606amino_trap_pkmn\n|t:|1775960052\n|gametype|doubles\n|player|p1|Boni_guider|2|1059\n|player|p2|amino_trap_pkmn|waiter|1093\n|gen|9\n|tier|[Gen 9 Champions] VGC 2026 Reg M-A\n|rated|\n|rule|Species Clause: Limit one of each Pok\u00e9mon\n|rule|Item Clause: Limit 1 of each item\n|clearpoke\n|poke|p1|Charizard, L50, F|\n|poke|p1|Incineroar, L50, M|\n|poke|p1|Hydreigon, L50, M|\n|poke|p1|Sneasler, L50, M|\n|poke|p1|Milotic, L50, M|\n|poke|p1|Sinistcha, L50|\n|poke|p2|Aggron, L50, M|\n|poke|p2|Sinistcha, L50|\n|poke|p2|Incineroar, L50, F|\n|poke|p2|Tyranitar, L50, M|\n|poke|p2|Lycanroc, L50, M|\n|poke|p2|Sneasler, L50, F|\n|teampreview|4\nBoni_guider rejected open team sheets.\n|\n|t:|1775960113\n|teamsize|p1|4\n|teamsize|p2|4\n|start\n|switch|p1a: Milotic|Milotic, L50, M|100/100\n|switch|p1b: Sneasler|Sneasler, L50, M|100/100\n|switch|p2a: Iron Juggernaut|Aggron, L50, M|100/100\n|switch|p2b: Renov Nya\u2665|Incineroar, L50, F|100/100\n|-ability|p2b: Renov Nya\u2665|Intimidate|boost\n|-unboost|p1a: Milotic|atk|1\n|-ability|p1a: Milotic|Competitive|boost\n|-boost|p1a: Milotic|spa|2\n|-unboost|p1b: Sneasler|atk|1\n|-enditem|p1b: Sneasler|White Herb\n|-clearnegativeboost|p1b: Sneasler|[silent]\n|turn|1\n|\n|t:|1775960137\n|detailschange|p2a: Iron Juggernaut|Aggron-Mega, L50, M\n|-mega|p2a: Iron Juggernaut|Aggron|Aggronite\n|move|p1b: Sneasler|Fake Out|p2b: Renov Nya\u2665\n|-damage|p2b: Renov Nya\u2665|90/100\n|cant|p2b: Renov Nya\u2665|flinch\n|move|p1a: Milotic|Scald|p2b: Renov Nya\u2665\n|-supereffective|p2b: Renov Nya\u2665|1\n|-damage|p2b: Renov Nya\u2665|6/100\n|-enditem|p2b: Renov Nya\u2665|Sitrus Berry|[eat]\n|-heal|p2b: Renov Nya\u2665|31/100|[from] item: Sitrus Berry\n|move|p2a: Iron Juggernaut|Iron Defense|p2a: Iron Juggernaut\n|-boost|p2a: Iron Juggernaut|def|2\n|\n|upkeep\n|turn|2\n|\n|t:|1775960157\n|move|p1b: Sneasler|Dire Claw|p2b: Renov Nya\u2665\n|-damage|p2b: Renov Nya\u2665|0 fnt\n|faint|p2b: Renov Nya\u2665\n|move|p1a: Milotic|Scald|p2a: Iron Juggernaut\n|-damage|p2a: Iron Juggernaut|43/100\n|move|p2a: Iron Juggernaut|Body Press|p1a: Milotic\n|-damage|p1a: Milotic|33/100\n|\n|-heal|p1a: Milotic|39/100|[from] item: Leftovers\n|upkeep\n|\n|t:|1775960166\n|switch|p2b: sleepywave\u96e8|Sinistcha, L50|100/100\n|-heal|p2a: Iron Juggernaut|68/100|[from] ability: Hospitality|[of] p2b: sleepywave\u96e8\n|turn|3\n|\n|t:|1775960181\n|move|p2b: sleepywave\u96e8|Rage Powder|p2b: sleepywave\u96e8\n|-singleturn|p2b: sleepywave\u96e8|move: Rage Powder\n|move|p1b: Sneasler|Dire Claw|p2b: sleepywave\u96e8\n|-damage|p2b: sleepywave\u96e8|61/100\n|move|p1a: Milotic|Recover|p1a: Milotic\n|-heal|p1a: Milotic|89/100\n|move|p2a: Iron Juggernaut|Body Press|p1a: Milotic\n|-damage|p1a: Milotic|28/100\n|\n|-heal|p1a: Milotic|34/100|[from] item: Leftovers\n|upkeep\n|turn|4\n|\n|t:|1775960198\n|move|p1a: Milotic|Protect|p1a: Milotic\n|-singleturn|p1a: Milotic|Protect\n|move|p1b: Sneasler|Dire Claw|p2b: sleepywave\u96e8\n|-damage|p2b: sleepywave\u96e8|26/100\n|move|p2a: Iron Juggernaut|Body Press|p1a: Milotic\n|-activate|p1a: Milotic|move: Protect\n|move|p2b: sleepywave\u96e8|Trick Room|p2b: sleepywave\u96e8\n|-fieldstart|move: Trick Room|[of] p2b: sleepywave\u96e8\n|\n|-heal|p1a: Milotic|40/100|[from] item: Leftovers\n|upkeep\n|turn|5\n|\n|t:|1775960230\n|switch|p1a: Incineroar|Incineroar, L50, M|100/100\n|-ability|p1a: Incineroar|Intimidate|boost\n|-unboost|p2a: Iron Juggernaut|atk|1\n|-unboost|p2b: sleepywave\u96e8|atk|1\n|move|p2a: Iron Juggernaut|Body Press|p1a: Incineroar\n|-supereffective|p1a: Incineroar|1\n|-damage|p1a: Incineroar|0 fnt\n|faint|p1a: Incineroar\n|move|p2b: sleepywave\u96e8|Life Dew|p2b: sleepywave\u96e8|[spread] p2a,p2b\n|-heal|p2a: Iron Juggernaut|93/100\n|-heal|p2b: sleepywave\u96e8|51/100\n|move|p1b: Sneasler|Dire Claw|p2b: sleepywave\u96e8\n|-damage|p2b: sleepywave\u96e8|10/100\n|\n|upkeep\n|\n|t:|1775960248\n|switch|p1a: Hydreigon|Hydreigon, L50, M|100/100\n|turn|6\n|\n|t:|1775960257\n|move|p1a: Hydreigon|Protect|p1a: Hydreigon\n|-singleturn|p1a: Hydreigon|Protect\n|move|p2a: Iron Juggernaut|Heavy Slam|p1b: Sneasler\n|-damage|p1b: Sneasler|32/100\n|move|p2b: sleepywave\u96e8|Matcha Gotcha|p1b: Sneasler|[spread] p1b\n|-activate|p1a: Hydreigon|move: Protect\n|-resisted|p1b: Sneasler|1\n|-damage|p1b: Sneasler|15/100\n|-heal|p2b: sleepywave\u96e8|18/100|[from] drain|[of] p1b: Sneasler\n|-status|p1b: Sneasler|brn\n|move|p1b: Sneasler|Dire Claw|p2b: sleepywave\u96e8\n|-damage|p2b: sleepywave\u96e8|0 fnt\n|faint|p2b: sleepywave\u96e8\n|\n|-damage|p1b: Sneasler|9/100 brn|[from] brn\n|upkeep\n|\n|t:|1775960273\n|switch|p2b: Godzitaro|Tyranitar, L50, M|100/100\n|-weather|Sandstorm|[from] ability: Sand Stream|[of] p2b: Godzitaro\n|turn|7\n|\n|t:|1775960283\n|move|p2a: Iron Juggernaut|Body Press|p1a: Hydreigon\n|-supereffective|p1a: Hydreigon|1\n|-damage|p1a: Hydreigon|0 fnt\n|faint|p1a: Hydreigon\n|move|p2b: Godzitaro|Rock Slide|p1b: Sneasler\n|-resisted|p1b: Sneasler|1\n|-damage|p1b: Sneasler|0 fnt\n|faint|p1b: Sneasler\n|\n|-weather|Sandstorm|[upkeep]\n|upkeep\n|c|\u2606amino_trap_pkmn|THE WALL\n|c|\u2606amino_trap_pkmn|Gg\n|-message|Boni_guider forfeited.\n|\n|win|amino_trap_pkmn\n|raw|Boni_guider's rating: 1059 &rarr; <strong>1042</strong><br />(-17 for losing)\n|raw|amino_trap_pkmn's rating: 1093 &rarr; <strong>1117</strong><br />(+24 for winning)\n|l|\u2606Boni_guider\n|player|p1|\n",
  "uploadtime": 1775960303,
  "views": 10,
  "formatid": "gen9championsvgc2026regma",
  "rating": 1042,
  "private": 0,
  "password": null
}