{
  "id": "gen9championsvgc2026regma-2581779492",
  "format": "[Gen 9 Champions] VGC 2026 Reg M-A",
  "players": [
    "XxSimgaxX",
    "JesHX11"
  ],
  "log": "|j|\u2606XxSimgaxX\n|j|\u2606JesHX11\n|t:|1776027766\n|gametype|doubles\n|player|p1|XxSimgaxX|fisherman-gen4|1000\n|player|p2|JesHX11|266|1038\n|gen|9\n|tier|[Gen 9 Champions] VGC 2026 Reg M-A\n|rated|\n|rule|Species Clause: Limit one of each Pok\u00e9mon\n|rule|Item Clause: Limit 1 of each item\n|clearpoke\n|poke|p1|Golurk, L50|\n|poke|p1|Farigiraf, L50, M|\n|poke|p1|Sinistcha, L50|\n|poke|p1|Sneasler, L50, F|\n|poke|p1|Tyranitar, L50, M|\n|poke|p1|Primarina, L50, F|\n|poke|p2|Zoroark-Hisui, L50, F|\n|poke|p2|Arcanine-Hisui, L50, F|\n|poke|p2|Basculegion, L50, M|\n|poke|p2|Meganium, L50, M|\n|poke|p2|Hydreigon, L50, F|\n|poke|p2|Sylveon, L50, F|\n|teampreview|4\n|inactive|Battle timer is ON: inactive players will automatically lose when time's up. (requested by XxSimgaxX)\n|inactive|JesHX11 has 60 seconds left.\n|\n|t:|1776027807\n|teamsize|p1|4\n|teamsize|p2|4\n|start\n|switch|p1a: Primarina|Primarina, L50, F|100/100\n|switch|p1b: Farigiraf|Farigiraf, L50, M|100/100\n|switch|p2a: Meganium|Meganium, L50, M|100/100\n|switch|p2b: Arcanine|Arcanine-Hisui, L50, F|100/100\n|-ability|p2b: Arcanine|Intimidate|boost\n|-unboost|p1a: Primarina|atk|1\n|-unboost|p1b: Farigiraf|atk|1\n|turn|1\n|inactive|JesHX11 has 30 seconds left.\n|\n|t:|1776027835\n|move|p2a: Meganium|Hyper Voice|p1a: Primarina|[spread] p1a,p1b\n|-damage|p1a: Primarina|68/100\n|-damage|p1b: Farigiraf|62/100\n|move|p2b: Arcanine|Rock Slide|p1a: Primarina|[spread] p1a,p1b\n|-damage|p1a: Primarina|39/100\n|-damage|p1b: Farigiraf|45/100\n|move|p1a: Primarina|Hyper Voice|p2b: Arcanine|[spread] p2a,p2b\n|-supereffective|p2b: Arcanine|2\n|-damage|p2a: Meganium|23/100\n|-damage|p2b: Arcanine|0 fnt\n|replace|p2a: Zoroark|Zoroark-Hisui, L50, F\n|-end|p2a: Zoroark|Illusion\n|faint|p2b: Arcanine\n|move|p1b: Farigiraf|Trick Room|p1b: Farigiraf\n|-fieldstart|move: Trick Room|[of] p1b: Farigiraf\n|\n|-heal|p1b: Farigiraf|51/100|[from] item: Leftovers\n|upkeep\n|\n|t:|1776027849\n|switch|p2b: Meganium|Meganium, L50, M|100/100\n|turn|2\n|\n|t:|1776027862\n|switch|p1b: Golurk|Golurk, L50|100/100\n|detailschange|p2b: Meganium|Meganium-Mega, L50, M\n|-mega|p2b: Meganium|Meganium|Meganiumite\n|move|p2a: Zoroark|Protect|p2a: Zoroark\n|-singleturn|p2a: Zoroark|Protect\n|move|p1a: Primarina|Hyper Voice|p2a: Zoroark|[spread] p2b\n|-activate|p2a: Zoroark|move: Protect\n|-resisted|p2b: Meganium|1\n|-damage|p2b: Meganium|86/100\n|move|p2b: Meganium|Solar Beam||[still]\n|-prepare|p2b: Meganium|Solar Beam\n|-activate|p2b: Meganium|ability: Mega Sol\n|-anim|p2b: Meganium|Solar Beam|p1a: Primarina\n|-supereffective|p1a: Primarina|1\n|-damage|p1a: Primarina|0 fnt\n|faint|p1a: Primarina\n|\n|upkeep\n|\n|t:|1776027878\n|switch|p1a: Tyranitar|Tyranitar, L50, M|100/100\n|-weather|Sandstorm|[from] ability: Sand Stream|[of] p1a: Tyranitar\n|turn|3\n|inactive|JesHX11 has 30 seconds left.\n|\n|t:|1776027908\n|detailschange|p1b: Golurk|Golurk-Mega, L50\n|-mega|p1b: Golurk|Golurk|Golurkite\n|move|p1b: Golurk|Ice Punch|p2b: Meganium\n|-supereffective|p2b: Meganium|1\n|-damage|p2b: Meganium|31/100\n|move|p1a: Tyranitar|Knock Off|p2a: Zoroark\n|-supereffective|p2a: Zoroark|1\n|-damage|p2a: Zoroark|0 fnt\n|-enditem|p2a: Zoroark|Focus Sash|[from] move: Knock Off|[of] p1a: Tyranitar\n|faint|p2a: Zoroark\n|move|p2b: Meganium|Solar Beam||[still]\n|-prepare|p2b: Meganium|Solar Beam\n|-activate|p2b: Meganium|ability: Mega Sol\n|-anim|p2b: Meganium|Solar Beam|p1b: Golurk\n|-supereffective|p1b: Golurk|1\n|-damage|p1b: Golurk|0 fnt\n|faint|p1b: Golurk\n|\n|-weather|Sandstorm|[upkeep]\n|-damage|p2b: Meganium|25/100|[from] Sandstorm\n|upkeep\n|\n|t:|1776027924\n|switch|p1b: Farigiraf|Farigiraf, L50, M|51/100\n|switch|p2a: Basculegion|Basculegion, L50, M|100/100\n|turn|4\n|\n|t:|1776027936\n|move|p2b: Meganium|Protect|p2b: Meganium\n|-singleturn|p2b: Meganium|Protect\n|move|p1b: Farigiraf|Foul Play|p2a: Basculegion\n|-supereffective|p2a: Basculegion|1\n|-damage|p2a: Basculegion|19/100\n|move|p1a: Tyranitar|Rock Slide|p2b: Meganium|[spread] \n|-activate|p2b: Meganium|move: Protect\n|-miss|p1a: Tyranitar|p2a: Basculegion\n|move|p2a: Basculegion|Wave Crash|p1a: Tyranitar\n|-supereffective|p1a: Tyranitar|1\n|-crit|p1a: Tyranitar\n|-damage|p1a: Tyranitar|0 fnt\n|faint|p1a: Tyranitar\n|-damage|p2a: Basculegion|0 fnt|[from] Recoil\n|faint|p2a: Basculegion\n|\n|-weather|Sandstorm|[upkeep]\n|-damage|p1b: Farigiraf|45/100|[from] Sandstorm\n|-damage|p2b: Meganium|19/100|[from] Sandstorm\n|-heal|p1b: Farigiraf|51/100|[from] item: Leftovers\n|upkeep\n|turn|5\n|\n|t:|1776027959\n|move|p1b: Farigiraf|Hyper Voice|p2b: Meganium\n|-damage|p2b: Meganium|0 fnt\n|faint|p2b: Meganium\n|\n|win|XxSimgaxX\n|raw|XxSimgaxX's rating: 1000 &rarr; <strong>1044</strong><br />(+44 for winning)\n|raw|JesHX11's rating: 1038 &rarr; <strong>1021</strong><br />(-17 for losing)\n",
  "uploadtime": 1776027961,
  "views": 12,
  "formatid": "gen9championsvgc2026regma",
  "rating": 1021,
  "private": 0,
  "password": null
}