{
  "id": "gen9championsvgc2026regma-2582959743",
  "format": "[Gen 9 Champions] VGC 2026 Reg M-A",
  "players": [
    "Luka Donziggs",
    "JD20shoots3s"
  ],
  "log": "|j|\u2606Luka Donziggs\n|j|\u2606JD20shoots3s\n|t:|1776128585\n|gametype|doubles\n|player|p1|Luka Donziggs|102|1017\n|player|p2|JD20shoots3s|hoopster|1038\n|gen|9\n|tier|[Gen 9 Champions] VGC 2026 Reg M-A\n|rated|\n|rule|Species Clause: Limit one of each Pok\u00e9mon\n|rule|Item Clause: Limit 1 of each item\n|clearpoke\n|poke|p1|Aerodactyl, L50, M|\n|poke|p1|Heracross, L50, M|\n|poke|p1|Aegislash, L50, F|\n|poke|p1|Kingambit, L50, M|\n|poke|p1|Primarina, L50, M|\n|poke|p1|Pelipper, L50, M|\n|poke|p2|Farigiraf, L50, M|\n|poke|p2|Corviknight, L50, F|\n|poke|p2|Araquanid, L50, F|\n|poke|p2|Kingambit, L50, F|\n|poke|p2|Scovillain, L50, F|\n|poke|p2|Sinistcha, L50|\n|teampreview|4\n|inactive|Battle timer is ON: inactive players will automatically lose when time's up. (requested by JD20shoots3s)\n|\n|t:|1776128612\n|teamsize|p1|4\n|teamsize|p2|4\n|start\n|switch|p1a: Aerodactyl|Aerodactyl, L50, M|100/100\n|switch|p1b: Heracross|Heracross, L50, M|100/100\n|switch|p2a: Farigiraf|Farigiraf, L50, M|100/100\n|switch|p2b: Scovillain|Scovillain, L50, F|100/100\n|-ability|p1a: Aerodactyl|Unnerve\n|turn|1\n|inactive|Luka Donziggs has 30 seconds left.\n|\n|t:|1776128642\n|detailschange|p1b: Heracross|Heracross-Mega, L50, M\n|-mega|p1b: Heracross|Heracross|Heracronite\n|detailschange|p2b: Scovillain|Scovillain-Mega, L50, F\n|-mega|p2b: Scovillain|Scovillain|Scovillainite\n|move|p2b: Scovillain|Rage Powder|p2b: Scovillain\n|-singleturn|p2b: Scovillain|move: Rage Powder\n|move|p1a: Aerodactyl|Stone Edge|p2b: Scovillain\n|-supereffective|p2b: Scovillain|1\n|-damage|p2b: Scovillain|30/100\n|-status|p1a: Aerodactyl|brn|[from] ability: Spicy Spray|[of] p2b: Scovillain\n|move|p1b: Heracross|Pin Missile|p2b: Scovillain\n|-crit|p2b: Scovillain\n|-damage|p2b: Scovillain|5/100\n|-status|p1b: Heracross|brn|[from] ability: Spicy Spray|[of] p2b: Scovillain\n|-damage|p2b: Scovillain|0 fnt\n|faint|p2b: Scovillain\n|-hitcount|p2: Scovillain|2\n|move|p2a: Farigiraf|Trick Room|p2a: Farigiraf\n|-fieldstart|move: Trick Room|[of] p2a: Farigiraf\n|\n|-damage|p1b: Heracross|95/100 brn|[from] brn\n|-damage|p1a: Aerodactyl|95/100 brn|[from] brn\n|upkeep\n|\n|t:|1776128663\n|switch|p2b: Kingambit|Kingambit, L50, F|100/100\n|turn|2\n|inactive|Luka Donziggs has 30 seconds left.\n|\n|t:|1776128693\n|move|p1b: Heracross|Protect|p1b: Heracross\n|-singleturn|p1b: Heracross|Protect\n|move|p2b: Kingambit|Swords Dance|p2b: Kingambit\n|-boost|p2b: Kingambit|atk|2\n|move|p2a: Farigiraf|Psychic|p1b: Heracross\n|-activate|p1b: Heracross|move: Protect\n|move|p1a: Aerodactyl|Rock Slide|p2a: Farigiraf|[spread] p2a,p2b\n|-resisted|p2b: Kingambit|1\n|-damage|p2a: Farigiraf|89/100\n|-damage|p2b: Kingambit|96/100\n|\n|-damage|p1b: Heracross|89/100 brn|[from] brn\n|-damage|p1a: Aerodactyl|89/100 brn|[from] brn\n|upkeep\n|turn|3\n|\n|t:|1776128714\n|switch|p1b: Primarina|Primarina, L50, M|100/100\n|move|p2b: Kingambit|Iron Head|p1a: Aerodactyl\n|-supereffective|p1a: Aerodactyl|1\n|-damage|p1a: Aerodactyl|0 fnt\n|faint|p1a: Aerodactyl\n|move|p2a: Farigiraf|Psychic|p1b: Primarina\n|-damage|p1b: Primarina|52/100\n|\n|upkeep\n|\n|t:|1776128723\n|switch|p1a: Aegislash|Aegislash, L50, F|100/100\n|turn|4\n|inactive|JD20shoots3s has 30 seconds left.\n|\n|t:|1776128756\n|move|p1b: Primarina|Protect|p1b: Primarina\n|-singleturn|p1b: Primarina|Protect\n|move|p1a: Aegislash|King's Shield|p1a: Aegislash\n|-singleturn|p1a: Aegislash|Protect\n|move|p2b: Kingambit|Iron Head|p1b: Primarina\n|-activate|p1b: Primarina|move: Protect\n|move|p2a: Farigiraf|Psychic|p1b: Primarina\n|-activate|p1b: Primarina|move: Protect\n|\n|upkeep\n|turn|5\n|\n|t:|1776128776\n|switch|p1a: Heracross|Heracross-Mega, L50, M|89/100 brn\n|move|p2b: Kingambit|Sucker Punch||[still]\n|-fail|p2b: Kingambit\n|move|p2a: Farigiraf|Psychic|p1b: Primarina\n|-damage|p1b: Primarina|6/100\n|move|p1b: Primarina|Calm Mind|p1b: Primarina\n|-boost|p1b: Primarina|spa|1\n|-boost|p1b: Primarina|spd|1\n|\n|-damage|p1a: Heracross|83/100 brn|[from] brn\n|-fieldend|move: Trick Room\n|upkeep\n|turn|6\n|inactive|JD20shoots3s has 30 seconds left.\n|inactive|JD20shoots3s has 20 seconds left.\n|\n|t:|1776128813\n|move|p1a: Heracross|Pin Missile|p2a: Farigiraf\n|-supereffective|p2a: Farigiraf|1\n|-damage|p2a: Farigiraf|69/100\n|-supereffective|p2a: Farigiraf|1\n|-damage|p2a: Farigiraf|51/100\n|-supereffective|p2a: Farigiraf|1\n|-damage|p2a: Farigiraf|32/100\n|-supereffective|p2a: Farigiraf|1\n|-damage|p2a: Farigiraf|15/100\n|-supereffective|p2a: Farigiraf|1\n|-crit|p2a: Farigiraf\n|-damage|p2a: Farigiraf|0 fnt\n|faint|p2a: Farigiraf\n|-hitcount|p2: Farigiraf|5\n|move|p1b: Primarina|Calm Mind|p1b: Primarina\n|-boost|p1b: Primarina|spa|1\n|-boost|p1b: Primarina|spd|1\n|move|p2b: Kingambit|Iron Head|p1a: Heracross\n|-damage|p1a: Heracross|0 fnt\n|faint|p1a: Heracross\n|\n|upkeep\n|\n|t:|1776128829\n|switch|p1a: Aegislash|Aegislash, L50, F|100/100\n|switch|p2a: Corviknight|Corviknight, L50, F|100/100\n|turn|7\n|inactive|Luka Donziggs has 30 seconds left.\n|inactive|Luka Donziggs has 20 seconds left.\n|inactive|Luka Donziggs has 15 seconds left.\n|inactive|Luka Donziggs has 10 seconds left.\n|\n|t:|1776128875\n|move|p2b: Kingambit|Protect|p2b: Kingambit\n|-singleturn|p2b: Kingambit|Protect\n|-formechange|p1a: Aegislash|Aegislash-Blade|\n|move|p1a: Aegislash|Shadow Ball|p2a: Corviknight\n|-damage|p2a: Corviknight|59/100\n|move|p1b: Primarina|Hyper Voice|p2a: Corviknight|[spread] p2a\n|-activate|p2b: Kingambit|move: Protect\n|-damage|p2a: Corviknight|0 fnt\n|faint|p2a: Corviknight\n|\n|upkeep\n|turn|8\n|inactive|Luka Donziggs has 30 seconds left.\n|\n|t:|1776128906\n|move|p2b: Kingambit|Sucker Punch||[still]\n|-fail|p2b: Kingambit\n|move|p1a: Aegislash|Flash Cannon|p2b: Kingambit\n|-resisted|p2b: Kingambit|1\n|-damage|p2b: Kingambit|72/100\n|-unboost|p2b: Kingambit|spd|1\n|-ability|p2b: Kingambit|Defiant|boost\n|-boost|p2b: Kingambit|atk|2\n|move|p1b: Primarina|Calm Mind|p1b: Primarina\n|-boost|p1b: Primarina|spa|1\n|-boost|p1b: Primarina|spd|1\n|\n|upkeep\n|turn|9\n|inactive|Luka Donziggs has 30 seconds left.\n|\n|t:|1776128933\n|move|p2b: Kingambit|Sucker Punch|p1b: Primarina\n|-resisted|p1b: Primarina|1\n|-damage|p1b: Primarina|0 fnt\n|faint|p1b: Primarina\n|move|p1a: Aegislash|Flash Cannon|p2b: Kingambit\n|-resisted|p2b: Kingambit|1\n|-damage|p2b: Kingambit|32/100\n|\n|upkeep\n|turn|10\n|\n|t:|1776128948\n|move|p2b: Kingambit|Sucker Punch|p1a: Aegislash\n|-supereffective|p1a: Aegislash|1\n|-damage|p1a: Aegislash|0 fnt\n|faint|p1a: Aegislash\n|\n|win|JD20shoots3s\n|raw|Luka Donziggs's rating: 1017 &rarr; <strong>1005</strong><br />(-12 for losing)\n|raw|JD20shoots3s's rating: 1038 &rarr; <strong>1070</strong><br />(+32 for winning)\n|l|\u2606Luka Donziggs\n|player|p1|\n",
  "uploadtime": 1776128971,
  "views": 13,
  "formatid": "gen9championsvgc2026regma",
  "rating": 1005,
  "private": 0,
  "password": null
}