{
  "id": "gen9championsvgc2026regma-2585237346",
  "format": "[Gen 9 Champions] VGC 2026 Reg M-A",
  "players": [
    "rgeee",
    "nikx17"
  ],
  "log": "|j|\u2606rgeee\n|j|\u2606nikx17\n|t:|1776328505\n|gametype|doubles\n|player|p1|rgeee|266|1025\n|player|p2|nikx17|pokemaniac|1088\n|gen|9\n|tier|[Gen 9 Champions] VGC 2026 Reg M-A\n|rated|\n|rule|Species Clause: Limit one of each Pok\u00e9mon\n|rule|Item Clause: Limit 1 of each item\n|clearpoke\n|poke|p1|Zoroark-Hisui, L50, M|\n|poke|p1|Torkoal, L50, M|\n|poke|p1|Incineroar, L50, M|\n|poke|p1|Farigiraf, L50, F|\n|poke|p1|Kommo-o, L50, M|\n|poke|p1|Starmie, L50|\n|poke|p2|Dragonite, L50, M|\n|poke|p2|Lucario, L50, F|\n|poke|p2|Whimsicott, L50, M|\n|poke|p2|Incineroar, L50, M|\n|poke|p2|Typhlosion-Hisui, L50, M|\n|poke|p2|Sneasler, L50, F|\n|teampreview|4\n|inactive|Battle timer is ON: inactive players will automatically lose when time's up. (requested by nikx17)\n|inactive|nikx17 has 60 seconds left.\n|inactive|nikx17 has 30 seconds left.\n|inactive|nikx17 has 20 seconds left.\n|inactive|nikx17 has 15 seconds left.\n|inactive|nikx17 has 10 seconds left.\n|\n|t:|1776328587\n|teamsize|p1|4\n|teamsize|p2|4\n|start\n|switch|p1a: Kommo-o|Kommo-o, L50, M|100/100\n|switch|p1b: Starmie|Starmie, L50|100/100\n|switch|p2a: Incineroar|Incineroar, L50, M|100/100\n|switch|p2b: Dragonite|Dragonite, L50, M|100/100\n|-ability|p2a: Incineroar|Intimidate|boost\n|-unboost|p1a: Kommo-o|atk|1\n|-unboost|p1b: Starmie|atk|1\n|turn|1\n|inactive|nikx17 has 30 seconds left.\n|\n|t:|1776328615\n|switch|p1b: Farigiraf|Farigiraf, L50, F|100/100\n|detailschange|p2b: Dragonite|Dragonite-Mega, L50, M\n|-mega|p2b: Dragonite|Dragonite|Dragoninite\n|move|p1a: Kommo-o|Icy Wind|p2a: Incineroar|[spread] p2a,p2b\n|-resisted|p2a: Incineroar|1\n|-supereffective|p2b: Dragonite|2\n|-damage|p2a: Incineroar|94/100\n|-damage|p2b: Dragonite|77/100\n|-unboost|p2a: Incineroar|spe|1\n|-unboost|p2b: Dragonite|spe|1\n|move|p2b: Dragonite|Thunderbolt|p1b: Farigiraf\n|-damage|p1b: Farigiraf|65/100\n|move|p2a: Incineroar|Throat Chop|p1a: Kommo-o\n|-supereffective|p1a: Kommo-o|1\n|-damage|p1a: Kommo-o|0 fnt\n|replace|p1a: Zoroark|Zoroark-Hisui, L50, M\n|-end|p1a: Zoroark|Illusion\n|faint|p1a: Zoroark\n|\n|-heal|p1b: Farigiraf|71/100|[from] item: Leftovers\n|upkeep\n|\n|t:|1776328623\n|switch|p1a: Starmie|Starmie, L50|100/100\n|turn|2\n|n|!nikx17|nikx17\n|inactive|nikx17 has 30 seconds left.\n|inactive|nikx17 has 20 seconds left.\n|inactive|nikx17 has 15 seconds left.\n|\n|t:|1776328664\n|switch|p1b: Kommo-o|Kommo-o, L50, M|100/100\n|detailschange|p1a: Starmie|Starmie-Mega, L50\n|-mega|p1a: Starmie|Starmie|Starminite\n|move|p1a: Starmie|Ice Spinner|p2b: Dragonite\n|-supereffective|p2b: Dragonite|2\n|-damage|p2b: Dragonite|0 fnt\n|faint|p2b: Dragonite\n|move|p2a: Incineroar|Throat Chop|p1b: Kommo-o\n|-resisted|p1b: Kommo-o|1\n|-damage|p1b: Kommo-o|86/100\n|-start|p1b: Kommo-o|Throat Chop|[silent]\n|\n|upkeep\n|\n|t:|1776328679\n|switch|p2b: Whimsicott|Whimsicott, L50, M|100/100\n|turn|3\n|\n|t:|1776328689\n|switch|p1b: Farigiraf|Farigiraf, L50, F|71/100\n|move|p1a: Starmie|Ice Spinner|p2b: Whimsicott\n|-supereffective|p2b: Whimsicott|1\n|-damage|p2b: Whimsicott|17/100\n|move|p2b: Whimsicott|Moonblast|p1b: Farigiraf\n|-damage|p1b: Farigiraf|41/100\n|move|p2a: Incineroar|Parting Shot|p1a: Starmie\n|-unboost|p1a: Starmie|atk|1\n|-unboost|p1a: Starmie|spa|1\n|\n|t:|1776328698\n|switch|p2a: Sneasler|Sneasler, L50, F|100/100|[from] Parting Shot\n|\n|-heal|p2b: Whimsicott|23/100|[from] item: Leftovers\n|-heal|p1b: Farigiraf|47/100|[from] item: Leftovers\n|upkeep\n|turn|4\n|\n|t:|1776328711\n|move|p2a: Sneasler|Fake Out||[still]\n|cant|p1b: Farigiraf|ability: Armor Tail|Fake Out|[of] p2a: Sneasler\n|move|p1a: Starmie|Zen Headbutt|p2a: Sneasler\n|-supereffective|p2a: Sneasler|2\n|-damage|p2a: Sneasler|0 fnt\n|faint|p2a: Sneasler\n|move|p2b: Whimsicott|Moonblast|p1b: Farigiraf\n|-damage|p1b: Farigiraf|20/100\n|move|p1b: Farigiraf|Hyper Voice|p2b: Whimsicott\n|-damage|p2b: Whimsicott|0 fnt\n|faint|p2b: Whimsicott\n|\n|-heal|p1b: Farigiraf|26/100|[from] item: Leftovers\n|upkeep\n|\n|t:|1776328724\n|switch|p2a: Incineroar|Incineroar, L50, M|94/100\n|-ability|p2a: Incineroar|Intimidate|boost\n|-unboost|p1a: Starmie|atk|1\n|-unboost|p1b: Farigiraf|atk|1\n|turn|5\n|\n|t:|1776328736\n|switch|p1a: Kommo-o|Kommo-o, L50, M|86/100\n|move|p1b: Farigiraf|Hyper Voice|p2a: Incineroar\n|-damage|p2a: Incineroar|53/100\n|move|p2a: Incineroar|Parting Shot|p1a: Kommo-o\n|-immune|p1a: Kommo-o|[from] ability: Soundproof\n|\n|-heal|p1b: Farigiraf|33/100|[from] item: Leftovers\n|upkeep\n|turn|6\n|-message|nikx17 forfeited.\n|\n|win|rgeee\n|raw|rgeee's rating: 1025 &rarr; <strong>1068</strong><br />(+43 for winning)\n|raw|nikx17's rating: 1088 &rarr; <strong>1061</strong><br />(-27 for losing)\n|l|!nikx17\n|player|p2|\n",
  "uploadtime": 1776328640,
  "views": 18,
  "formatid": "gen9championsvgc2026regma",
  "rating": 1061,
  "private": 0,
  "password": null
}