{
  "id": "gen9championsvgc2026regma-2582334515",
  "format": "[Gen 9 Champions] VGC 2026 Reg M-A",
  "players": [
    "Lord of Yes",
    "tejgr8forev29"
  ],
  "log": "|j|\u203dLord of Yes\n|j|\u2606tejgr8forev29\n|t:|1776084264\n|gametype|doubles\n|player|p1|Lord of Yes|sailor|1028\n|player|p2|tejgr8forev29|lance|1042\n|gen|9\n|tier|[Gen 9 Champions] VGC 2026 Reg M-A\n|rated|\n|rule|Species Clause: Limit one of each Pok\u00e9mon\n|rule|Item Clause: Limit 1 of each item\n|clearpoke\n|poke|p1|Basculegion, L50, M|\n|poke|p1|Manectric, L50, F|\n|poke|p1|Pelipper, L50, F|\n|poke|p1|Sneasler, L50, F|\n|poke|p1|Clefable, L50, M|\n|poke|p1|Mamoswine, L50, M|\n|poke|p2|Archaludon, L50, F|\n|poke|p2|Pelipper, L50, M|\n|poke|p2|Floette-Eternal, L50, F|\n|poke|p2|Sinistcha-Masterpiece, L50|\n|poke|p2|Meganium, L50, M|\n|poke|p2|Incineroar, L50, F|\n|teampreview|4\n|inactive|Battle timer is ON: inactive players will automatically lose when time's up. (requested by tejgr8forev29)\n|\n|t:|1776084293\n|teamsize|p1|4\n|teamsize|p2|4\n|start\n|switch|p1a: Sneasler|Sneasler, L50, F|100/100\n|switch|p1b: Mamoswine|Mamoswine, L50, M|100/100\n|switch|p2a: Pelipper|Pelipper, L50, M|100/100\n|switch|p2b: Archaludon|Archaludon, L50, F|100/100\n|-weather|RainDance|[from] ability: Drizzle|[of] p2a: Pelipper\n|turn|1\n|\n|t:|1776084311\n|switch|p2b: Meganium|Meganium, L50, M|100/100\n|move|p1b: Mamoswine|High Horsepower|p2b: Meganium\n|-resisted|p2b: Meganium|1\n|-damage|p2b: Meganium|76/100\n|move|p1a: Sneasler|Close Combat|p2b: Meganium\n|-damage|p2b: Meganium|10/100\n|-unboost|p1a: Sneasler|def|1\n|-unboost|p1a: Sneasler|spd|1\n|-enditem|p1a: Sneasler|White Herb\n|-clearnegativeboost|p1a: Sneasler|[silent]\n|move|p2a: Pelipper|Tailwind|p2a: Pelipper\n|-sidestart|p2: tejgr8forev29|move: Tailwind\n|\n|-weather|RainDance|[upkeep]\n|upkeep\n|turn|2\n|inactive|tejgr8forev29 has 30 seconds left.\n|\n|t:|1776084346\n|switch|p1b: Manectric|Manectric, L50, F|100/100\n|move|p1a: Sneasler|Dire Claw|p2b: Meganium\n|-supereffective|p2b: Meganium|1\n|-damage|p2b: Meganium|0 fnt\n|faint|p2b: Meganium\n|move|p2a: Pelipper|U-turn|p1b: Manectric\n|-crit|p1b: Manectric\n|-damage|p1b: Manectric|77/100\n|\n|t:|1776084354\n|switch|p2a: Archaludon|Archaludon, L50, F|100/100|[from] U-turn\n|\n|-weather|RainDance|[upkeep]\n|upkeep\n|\n|t:|1776084359\n|switch|p2b: Incineroar|Incineroar, L50, F|100/100\n|-ability|p2b: Incineroar|Intimidate|boost\n|-unboost|p1a: Sneasler|atk|1\n|-unboost|p1b: Manectric|atk|1\n|turn|3\n|\n|t:|1776084378\n|switch|p1a: Basculegion|Basculegion, L50, M|100/100\n|move|p1b: Manectric|Protect|p1b: Manectric\n|-singleturn|p1b: Manectric|Protect\n|move|p2b: Incineroar|Fake Out|p1a: Basculegion\n|-immune|p1a: Basculegion\n|move|p2a: Archaludon|Draco Meteor|p1a: Basculegion\n|-damage|p1a: Basculegion|33/100\n|-unboost|p2a: Archaludon|spa|2\n|-enditem|p2a: Archaludon|White Herb\n|-clearnegativeboost|p2a: Archaludon|[silent]\n|\n|-weather|RainDance|[upkeep]\n|upkeep\n|turn|4\n|inactive|Lord of Yes has 30 seconds left.\n|inactive|tejgr8forev29 has 30 seconds left.\n|inactive|Lord of Yes has 20 seconds left.\n|inactive|tejgr8forev29 has 20 seconds left.\n|\n|t:|1776084417\n|detailschange|p1b: Manectric|Manectric-Mega, L50, F\n|-mega|p1b: Manectric|Manectric|Manectite\n|-ability|p1b: Manectric|Intimidate|boost\n|-unboost|p2a: Archaludon|atk|1\n|-unboost|p2b: Incineroar|atk|1\n|move|p1a: Basculegion|Protect|p1a: Basculegion\n|-singleturn|p1a: Basculegion|Protect\n|move|p2a: Archaludon|Aura Sphere|p1b: Manectric\n|-damage|p1b: Manectric|38/100\n|move|p1b: Manectric|Howl|p1b: Manectric|[spread] p1a,p1b\n|-boost|p1a: Basculegion|atk|1\n|-boost|p1b: Manectric|atk|1\n|move|p2b: Incineroar|Snarl|p1b: Manectric|[spread] \n|-activate|p1a: Basculegion|move: Protect\n|-miss|p2b: Incineroar|p1b: Manectric\n|\n|-weather|RainDance|[upkeep]\n|-sideend|p2: tejgr8forev29|move: Tailwind\n|upkeep\n|turn|5\n|inactive|tejgr8forev29 has 30 seconds left.\n|inactive|Lord of Yes has 30 seconds left.\n|\n|t:|1776084449\n|move|p1b: Manectric|Protect|p1b: Manectric\n|-singleturn|p1b: Manectric|Protect\n|move|p1a: Basculegion|Wave Crash|p2b: Incineroar\n|-supereffective|p2b: Incineroar|1\n|-damage|p2b: Incineroar|0 fnt\n|faint|p2b: Incineroar\n|-damage|p1a: Basculegion|1/100|[from] Recoil\n|move|p2a: Archaludon|Electro Shot||[still]\n|-prepare|p2a: Archaludon|Electro Shot\n|-boost|p2a: Archaludon|spa|1\n|-anim|p2a: Archaludon|Electro Shot|p1b: Manectric\n|-activate|p1b: Manectric|move: Protect\n|\n|-weather|none\n|upkeep\n|\n|t:|1776084462\n|switch|p2b: Pelipper|Pelipper, L50, M|100/100\n|-weather|RainDance|[from] ability: Drizzle|[of] p2b: Pelipper\n|turn|6\n|\n|t:|1776084486\n|move|p1a: Basculegion|Wave Crash|p2b: Pelipper\n|-resisted|p2b: Pelipper|1\n|-enditem|p2b: Pelipper|Focus Sash\n|-damage|p2b: Pelipper|1/100\n|-damage|p1a: Basculegion|0 fnt|[from] Recoil\n|faint|p1a: Basculegion\n|move|p1b: Manectric|Volt Switch|p2b: Pelipper\n|-supereffective|p2b: Pelipper|2\n|-damage|p2b: Pelipper|0 fnt\n|faint|p2b: Pelipper\n|\n|t:|1776084496\n|switch|p1b: Mamoswine|Mamoswine, L50, M|100/100|[from] Volt Switch\n|move|p2a: Archaludon|Electro Shot||[still]\n|-prepare|p2a: Archaludon|Electro Shot\n|-boost|p2a: Archaludon|spa|1\n|-anim|p2a: Archaludon|Electro Shot|p1b: Mamoswine\n|-immune|p1b: Mamoswine\n|\n|-weather|RainDance|[upkeep]\n|upkeep\n|\n|t:|1776084504\n|switch|p1a: Manectric|Manectric-Mega, L50, F|38/100\n|-ability|p1a: Manectric|Intimidate|boost\n|-unboost|p2a: Archaludon|atk|1\n|turn|7\n|\n|t:|1776084516\n|move|p1a: Manectric|Howl|p1a: Manectric|[spread] p1a,p1b\n|-boost|p1a: Manectric|atk|1\n|-boost|p1b: Mamoswine|atk|1\n|move|p1b: Mamoswine|High Horsepower|p2a: Archaludon\n|-supereffective|p2a: Archaludon|1\n|-damage|p2a: Archaludon|0 fnt\n|faint|p2a: Archaludon\n|\n|win|Lord of Yes\n|raw|Lord of Yes's rating: 1028 &rarr; <strong>1065</strong><br />(+37 for winning)\n|raw|tejgr8forev29's rating: 1042 &rarr; <strong>1025</strong><br />(-17 for losing)\n|l|\u2606tejgr8forev29\n|player|p2|\n",
  "uploadtime": 1776084523,
  "views": 23,
  "formatid": "gen9championsvgc2026regma",
  "rating": 1025,
  "private": 0,
  "password": null
}