{
  "id": "gen9championsvgc2026regma-2581576015",
  "format": "[Gen 9 Champions] VGC 2026 Reg M-A",
  "players": [
    "RijdendeRechter",
    "dasamtz"
  ],
  "log": "|j|\u2606RijdendeRechter\n|j|\u2606dasamtz\n|t:|1776012238\n|gametype|doubles\n|player|p1|RijdendeRechter|roughneck-gen4|1126\n|player|p2|dasamtz|ghetsis-gen5bw|1169\n|gen|9\n|tier|[Gen 9 Champions] VGC 2026 Reg M-A\n|rated|\n|rule|Species Clause: Limit one of each Pok\u00e9mon\n|rule|Item Clause: Limit 1 of each item\n|clearpoke\n|poke|p1|Chesnaught, L50, M|\n|poke|p1|Slowking-Galar, L50, F|\n|poke|p1|Incineroar, L50, F|\n|poke|p1|Ninetales-Alola, L50, M|\n|poke|p1|Garchomp, L50, F|\n|poke|p1|Aegislash, L50, M|\n|poke|p2|Basculegion, L50, M|\n|poke|p2|Pelipper, L50, M|\n|poke|p2|Archaludon, L50, M|\n|poke|p2|Sinistcha, L50|\n|poke|p2|Incineroar, L50, F|\n|poke|p2|Dragonite, L50, M|\n|teampreview|4\n|inactive|Battle timer is ON: inactive players will automatically lose when time's up. (requested by RijdendeRechter)\n|\n|t:|1776012281\n|teamsize|p1|4\n|teamsize|p2|4\n|start\n|switch|p1a: Slowking|Slowking-Galar, L50, F|100/100\n|switch|p1b: Incineroar|Incineroar, L50, F|100/100\n|switch|p2a: Courrier|Pelipper, L50, M|100/100\n|switch|p2b: Emperor|Incineroar, L50, F, shiny|100/100\n|-weather|RainDance|[from] ability: Drizzle|[of] p2a: Courrier\n|-ability|p2b: Emperor|Intimidate|boost\n|-unboost|p1a: Slowking|atk|1\n|-unboost|p1b: Incineroar|atk|1\n|-ability|p1b: Incineroar|Intimidate|boost\n|-unboost|p2a: Courrier|atk|1\n|-unboost|p2b: Emperor|atk|1\n|turn|1\n|inactive|dasamtz has 30 seconds left.\n|\n|t:|1776012310\n|move|p2a: Courrier|Protect|p2a: Courrier\n|-singleturn|p2a: Courrier|Protect\n|move|p1b: Incineroar|Fake Out|p2a: Courrier\n|-activate|p2a: Courrier|move: Protect\n|move|p2b: Emperor|Throat Chop|p1a: Slowking\n|-supereffective|p1a: Slowking|1\n|-damage|p1a: Slowking|62/100\n|-start|p1a: Slowking|Throat Chop|[silent]\n|-prepare|p1a: Slowking|Chilly Reception|[premajor]\n|move|p1a: Slowking|Chilly Reception|p1a: Slowking\n|-weather|Snowscape\n|\n|t:|1776012321\n|switch|p1a: Ninetales|Ninetales-Alola, L50, M|100/100|[from] Chilly Reception\n|\n|-weather|Snowscape|[upkeep]\n|upkeep\n|turn|2\n|\n|t:|1776012341\n|move|p1a: Ninetales|Aurora Veil|p1a: Ninetales\n|-sidestart|p1: RijdendeRechter|move: Aurora Veil\n|move|p2a: Courrier|Tailwind|p2a: Courrier\n|-sidestart|p2: dasamtz|move: Tailwind\n|move|p2b: Emperor|Parting Shot|p1a: Ninetales\n|-unboost|p1a: Ninetales|atk|1\n|-unboost|p1a: Ninetales|spa|1\n|\n|t:|1776012354\n|switch|p2b: Chevalier|Basculegion, L50, M|100/100|[from] Parting Shot\n|move|p1b: Incineroar|Parting Shot|p2b: Chevalier\n|-unboost|p2b: Chevalier|atk|1\n|-unboost|p2b: Chevalier|spa|1\n|\n|t:|1776012358\n|switch|p1b: Slowking|Slowking-Galar, L50, F|95/100|[from] Parting Shot\n|\n|-weather|Snowscape|[upkeep]\n|upkeep\n|turn|3\n|\n|t:|1776012375\n|switch|p2a: Emperor|Incineroar, L50, F, shiny|100/100\n|-ability|p2a: Emperor|Intimidate|boost\n|-unboost|p1a: Ninetales|atk|1\n|-unboost|p1b: Slowking|atk|1\n|move|p2b: Chevalier|Protect|p2b: Chevalier\n|-singleturn|p2b: Chevalier|Protect\n|move|p1a: Ninetales|Freeze-Dry|p2b: Chevalier\n|-activate|p2b: Chevalier|move: Protect\n|move|p1b: Slowking|Trick Room|p1b: Slowking\n|-fieldstart|move: Trick Room|[of] p1b: Slowking\n|\n|-weather|Snowscape|[upkeep]\n|upkeep\n|turn|4\n|inactive|dasamtz has 30 seconds left.\n|\n|t:|1776012408\n|switch|p1a: Chesnaught|Chesnaught, L50, M|100/100\n|move|p2a: Emperor|Fake Out|p1a: Chesnaught\n|-damage|p1a: Chesnaught|96/100\n|move|p1b: Slowking|Sludge Bomb|p2b: Chevalier\n|-resisted|p2b: Chevalier|1\n|-damage|p2b: Chevalier|80/100\n|-status|p2b: Chevalier|psn\n|move|p2b: Chevalier|Wave Crash|p1a: Chesnaught\n|-resisted|p1a: Chesnaught|1\n|-damage|p1a: Chesnaught|87/100\n|-damage|p2b: Chevalier|77/100 psn|[from] Recoil\n|\n|-weather|Snowscape|[upkeep]\n|-damage|p2b: Chevalier|65/100 psn|[from] psn\n|upkeep\n|turn|5\n|inactive|dasamtz has 30 seconds left.\n|inactive|dasamtz has 20 seconds left.\n|inactive|dasamtz has 15 seconds left.\n|\n|t:|1776012452\n|detailschange|p1a: Chesnaught|Chesnaught-Mega, L50, M\n|-mega|p1a: Chesnaught|Chesnaught|Chesnaughtite\n|move|p2b: Chevalier|Protect|p2b: Chevalier\n|-singleturn|p2b: Chevalier|Protect\n|move|p1b: Slowking|Sludge Bomb|p2a: Emperor\n|-damage|p2a: Emperor|69/100\n|move|p1a: Chesnaught|Body Press|p2a: Emperor\n|-supereffective|p2a: Emperor|1\n|-enditem|p2a: Emperor|Chople Berry|[eat]\n|-enditem|p2a: Emperor|Chople Berry|[weaken]\n|-damage|p2a: Emperor|18/100\n|move|p2a: Emperor|Taunt|p1b: Slowking\n|-start|p1b: Slowking|move: Taunt\n|-enditem|p1b: Slowking|Mental Herb\n|-end|p1b: Slowking|move: Taunt\n|\n|-weather|none\n|-damage|p2b: Chevalier|53/100 psn|[from] psn\n|-sideend|p2: dasamtz|move: Tailwind\n|upkeep\n|turn|6\n|inactive|RijdendeRechter has 30 seconds left.\n|inactive|dasamtz has 30 seconds left.\n|inactive|dasamtz has 20 seconds left.\n|\n|t:|1776012491\n|switch|p2a: Courrier|Pelipper, L50, M|100/100\n|-weather|RainDance|[from] ability: Drizzle|[of] p2a: Courrier\n|move|p1b: Slowking|Sludge Bomb|p2a: Courrier\n|-damage|p2a: Courrier|37/100\n|move|p1a: Chesnaught|Wood Hammer|p2b: Chevalier\n|-supereffective|p2b: Chevalier|1\n|-damage|p2b: Chevalier|0 fnt\n|faint|p2b: Chevalier\n|-damage|p1a: Chesnaught|69/100|[from] Recoil\n|\n|-weather|RainDance|[upkeep]\n|-sideend|p1: RijdendeRechter|move: Aurora Veil\n|upkeep\n|\n|t:|1776012507\n|switch|p2b: Dragonite|Dragonite, L50, M|100/100\n|turn|7\n|\n|t:|1776012526\n|switch|p1a: Incineroar|Incineroar, L50, F|100/100\n|-ability|p1a: Incineroar|Intimidate|boost\n|-unboost|p2a: Courrier|atk|1\n|-unboost|p2b: Dragonite|atk|1\n|detailschange|p2b: Dragonite|Dragonite-Mega, L50, M\n|-mega|p2b: Dragonite|Dragonite|Dragoninite\n|move|p2b: Dragonite|Protect|p2b: Dragonite\n|-singleturn|p2b: Dragonite|Protect\n|-prepare|p1b: Slowking|Chilly Reception|[premajor]\n|move|p1b: Slowking|Chilly Reception|p1b: Slowking\n|-weather|Snowscape\n|\n|t:|1776012537\n|switch|p1b: Ninetales|Ninetales-Alola, L50, M|100/100|[from] Chilly Reception\n|move|p2a: Courrier|Hurricane|p1a: Incineroar\n|-damage|p1a: Incineroar|67/100\n|\n|-weather|Snowscape|[upkeep]\n|-fieldend|move: Trick Room\n|upkeep\n|turn|8\n|\n|t:|1776012555\n|switch|p2b: Emperor|Incineroar, L50, F, shiny|18/100\n|-ability|p2b: Emperor|Intimidate|boost\n|-unboost|p1a: Incineroar|atk|1\n|-unboost|p1b: Ninetales|atk|1\n|move|p1b: Ninetales|Blizzard|p2b: Emperor|[spread] p2a,p2b\n|-resisted|p2b: Emperor|1\n|-damage|p2a: Courrier|0 fnt\n|-damage|p2b: Emperor|3/100\n|faint|p2a: Courrier\n|move|p1a: Incineroar|Parting Shot|p2b: Emperor\n|-unboost|p2b: Emperor|atk|1\n|-unboost|p2b: Emperor|spa|1\n|\n|t:|1776012565\n|switch|p1a: Slowking|Slowking-Galar, L50, F|100/100|[from] Parting Shot\n|\n|-weather|Snowscape|[upkeep]\n|upkeep\n|\n|t:|1776012572\n|switch|p2a: Dragonite|Dragonite-Mega, L50, M|100/100\n|turn|9\n|\n|t:|1776012579\n|move|p1b: Ninetales|Protect|p1b: Ninetales\n|-singleturn|p1b: Ninetales|Protect\n|move|p2b: Emperor|Fake Out|p1a: Slowking\n|-damage|p1a: Slowking|94/100\n|move|p2a: Dragonite|Hurricane|p1b: Ninetales\n|-activate|p1b: Ninetales|move: Protect\n|cant|p1a: Slowking|flinch\n|\n|-weather|Snowscape|[upkeep]\n|upkeep\n|turn|10\n|\n|t:|1776012587\n|switch|p1b: Incineroar|Incineroar, L50, F|67/100\n|-ability|p1b: Incineroar|Intimidate|boost\n|-unboost|p2a: Dragonite|atk|1\n|-unboost|p2b: Emperor|atk|1\n|move|p2a: Dragonite|Hurricane|p1b: Incineroar|[miss]\n|-miss|p2a: Dragonite|p1b: Incineroar\n|move|p2b: Emperor|Throat Chop|p1b: Incineroar\n|-resisted|p1b: Incineroar|1\n|-damage|p1b: Incineroar|58/100\n|-start|p1b: Incineroar|Throat Chop|[silent]\n|move|p1a: Slowking|Sludge Bomb|p2b: Emperor\n|-damage|p2b: Emperor|0 fnt\n|faint|p2b: Emperor\n|\n|-weather|Snowscape|[upkeep]\n|upkeep\n|turn|11\n|\n|t:|1776012604\n|move|p2a: Dragonite|Protect|p2a: Dragonite\n|-singleturn|p2a: Dragonite|Protect\n|move|p1b: Incineroar|Fake Out|p2a: Dragonite\n|-activate|p2a: Dragonite|move: Protect\n|-prepare|p1a: Slowking|Chilly Reception|[premajor]\n|move|p1a: Slowking|Chilly Reception|p1a: Slowking\n|\n|t:|1776012607\n|switch|p1a: Ninetales|Ninetales-Alola, L50, M|100/100|[from] Chilly Reception\n|\n|-weather|none\n|-end|p1b: Incineroar|Throat Chop|[silent]\n|upkeep\n|turn|12\n|\n|t:|1776012620\n|move|p1a: Ninetales|Freeze-Dry|p2a: Dragonite\n|-supereffective|p2a: Dragonite|2\n|-damage|p2a: Dragonite|47/100\n|move|p2a: Dragonite|Hurricane|p1b: Incineroar\n|-damage|p1b: Incineroar|6/100\n|-enditem|p1b: Incineroar|Sitrus Berry|[eat]\n|-heal|p1b: Incineroar|31/100|[from] item: Sitrus Berry\n|move|p1b: Incineroar|Parting Shot|p2a: Dragonite\n|-unboost|p2a: Dragonite|atk|1\n|-unboost|p2a: Dragonite|spa|1\n|\n|t:|1776012630\n|switch|p1b: Slowking|Slowking-Galar, L50, F|100/100|[from] Parting Shot\n|\n|upkeep\n|turn|13\n|c|\u2606dasamtz|Forfeit\n|-message|dasamtz forfeited.\n|\n|win|RijdendeRechter\n|raw|RijdendeRechter's rating: 1126 &rarr; <strong>1154</strong><br />(+28 for winning)\n|raw|dasamtz's rating: 1169 &rarr; <strong>1141</strong><br />(-28 for losing)\n|l|\u2606dasamtz\n|player|p2|\n",
  "uploadtime": 1776012655,
  "views": 14,
  "formatid": "gen9championsvgc2026regma",
  "rating": 1141,
  "private": 0,
  "password": null
}