{
  "id": "gen9championsvgc2026regma-2582181673",
  "format": "[Gen 9 Champions] VGC 2026 Reg M-A",
  "players": [
    "Hao_poke",
    "iyoszzz"
  ],
  "log": "|j|\u2606Hao_poke\n|j|\u2606iyoszzz\n|t:|1776068308\n|gametype|doubles\n|player|p1|Hao_poke|101|1410\n|player|p2|iyoszzz|unknown|1350\n|gen|9\n|tier|[Gen 9 Champions] VGC 2026 Reg M-A\n|rated|\n|rule|Species Clause: Limit one of each Pok\u00e9mon\n|rule|Item Clause: Limit 1 of each item\n|clearpoke\n|poke|p1|Mimikyu, L50, F|\n|poke|p1|Archaludon, L50, F|\n|poke|p1|Kingambit, L50, F|\n|poke|p1|Pelipper, L50, M|\n|poke|p1|Sneasler, L50, F|\n|poke|p1|Garchomp, L50, M|\n|poke|p2|Pelipper, L50, F|\n|poke|p2|Dragonite, L50, M|\n|poke|p2|Sneasler, L50, M|\n|poke|p2|Basculegion, L50, M|\n|poke|p2|Gengar, L50, M|\n|poke|p2|Dragapult, L50, F|\n|teampreview|4\n|\n|t:|1776068354\n|teamsize|p1|4\n|teamsize|p2|4\n|start\n|switch|p1a: Mimikyu|Mimikyu, L50, F|100/100\n|switch|p1b: Kingambit|Kingambit, L50, F|100/100\n|switch|p2a: Sneasler|Sneasler, L50, M|100/100\n|switch|p2b: Dragapult|Dragapult, L50, F|100/100\n|turn|1\n|inactive|Battle timer is ON: inactive players will automatically lose when time's up. (requested by Hao_poke)\n|\n|t:|1776068373\n|move|p2b: Dragapult|Phantom Force||[still]\n|-prepare|p2b: Dragapult|Phantom Force\n|move|p2a: Sneasler|Close Combat|p1b: Kingambit\n|-supereffective|p1b: Kingambit|2\n|-enditem|p1b: Kingambit|Focus Sash\n|-damage|p1b: Kingambit|1/100\n|-unboost|p2a: Sneasler|def|1\n|-unboost|p2a: Sneasler|spd|1\n|-enditem|p2a: Sneasler|White Herb\n|-clearnegativeboost|p2a: Sneasler|[silent]\n|move|p1b: Kingambit|Kowtow Cleave|p2b: Dragapult|[miss]\n|-miss|p1b: Kingambit|p2b: Dragapult\n|move|p1a: Mimikyu|Trick Room|p1a: Mimikyu\n|-fieldstart|move: Trick Room|[of] p1a: Mimikyu\n|\n|upkeep\n|turn|2\n|j| CARtu348rjf90\n|\n|t:|1776068395\n|switch|p1b: Archaludon|Archaludon, L50, F|100/100\n|move|p1a: Mimikyu|Will-O-Wisp|p2a: Sneasler\n|-status|p2a: Sneasler|brn\n|move|p2b: Dragapult|Phantom Force|p1a: Mimikyu|[from] lockedmove\n|-activate|p1a: Mimikyu|ability: Disguise\n|-damage|p1a: Mimikyu|100/100\n|detailschange|p1a: Mimikyu|Mimikyu-Busted, L50, F\n|-damage|p1a: Mimikyu|88/100|[from] pokemon: Mimikyu-Busted\n|move|p2a: Sneasler|Dire Claw|p1a: Mimikyu\n|-damage|p1a: Mimikyu|59/100\n|\n|-damage|p2a: Sneasler|95/100 brn|[from] brn\n|upkeep\n|turn|3\n|inactive|iyoszzz has 30 seconds left.\n|\n|t:|1776068425\n|move|p1a: Mimikyu|Rain Dance|p1a: Mimikyu\n|-weather|RainDance\n|move|p1b: Archaludon|Electro Shot||[still]\n|-prepare|p1b: Archaludon|Electro Shot\n|-boost|p1b: Archaludon|spa|1\n|-anim|p1b: Archaludon|Electro Shot|p2a: Sneasler\n|-damage|p2a: Sneasler|0 fnt\n|faint|p2a: Sneasler\n|move|p2b: Dragapult|Phantom Force||[still]\n|-prepare|p2b: Dragapult|Phantom Force\n|\n|-weather|RainDance|[upkeep]\n|upkeep\n|\n|t:|1776068436\n|switch|p2a: Basculegion|Basculegion, L50, M|100/100\n|turn|4\n|\n|t:|1776068459\n|move|p1a: Mimikyu|Play Rough|p2a: Basculegion\n|-damage|p2a: Basculegion|62/100\n|-unboost|p2a: Basculegion|atk|1\n|move|p1b: Archaludon|Electro Shot||[still]\n|-prepare|p1b: Archaludon|Electro Shot\n|-boost|p1b: Archaludon|spa|1\n|-anim|p1b: Archaludon|Electro Shot|p2a: Basculegion\n|-supereffective|p2a: Basculegion|1\n|-damage|p2a: Basculegion|0 fnt\n|faint|p2a: Basculegion\n|move|p2b: Dragapult|Phantom Force|p1b: Archaludon|[from] lockedmove\n|-damage|p1b: Archaludon|68/100\n|-ability|p1b: Archaludon|Stamina|boost\n|-boost|p1b: Archaludon|def|1\n|\n|-weather|RainDance|[upkeep]\n|upkeep\n|\n|t:|1776068474\n|switch|p2a: Gengar|Gengar, L50, M|100/100\n|turn|5\n|inactive|iyoszzz has 30 seconds left.\n|inactive|iyoszzz has 20 seconds left.\n|\n|t:|1776068513\n|detailschange|p2a: Gengar|Gengar-Mega, L50, M\n|-mega|p2a: Gengar|Gengar|Gengarite\n|move|p2a: Gengar|Protect|p2a: Gengar\n|-singleturn|p2a: Gengar|Protect\n|move|p1a: Mimikyu|Will-O-Wisp|p2a: Gengar\n|-activate|p2a: Gengar|move: Protect\n|move|p1b: Archaludon|Dragon Pulse|p2b: Dragapult\n|-supereffective|p2b: Dragapult|1\n|-damage|p2b: Dragapult|0 fnt\n|faint|p2b: Dragapult\n|\n|-weather|RainDance|[upkeep]\n|-fieldend|move: Trick Room\n|upkeep\n|turn|6\n|\n|t:|1776068533\n|move|p2a: Gengar|Shadow Ball|p1b: Archaludon\n|-crit|p1b: Archaludon\n|-damage|p1b: Archaludon|0 fnt\n|faint|p1b: Archaludon\n|move|p1a: Mimikyu|Trick Room|p1a: Mimikyu\n|-fieldstart|move: Trick Room|[of] p1a: Mimikyu\n|\n|-weather|RainDance|[upkeep]\n|upkeep\n|\n|t:|1776068537\n|switch|p1b: Kingambit|Kingambit, L50, F|1/100\n|turn|7\n|\n|t:|1776068545\n|move|p1b: Kingambit|Kowtow Cleave|p2a: Gengar\n|-supereffective|p2a: Gengar|1\n|-damage|p2a: Gengar|0 fnt\n|faint|p2a: Gengar\n|\n|win|Hao_poke\n|raw|Hao_poke's rating: 1410 &rarr; <strong>1427</strong><br />(+17 for winning)\n|raw|iyoszzz's rating: 1350 &rarr; <strong>1333</strong><br />(-17 for losing)\n",
  "uploadtime": 1776068548,
  "views": 33,
  "formatid": "gen9championsvgc2026regma",
  "rating": 1333,
  "private": 0,
  "password": null
}