{
  "id": "gen9championsvgc2026regma-2586207630",
  "format": "[Gen 9 Champions] VGC 2026 Reg M-A",
  "players": [
    "sakurashinmachi",
    "CEExy"
  ],
  "log": "|j|\u2606sakurashinmachi\n|j|\u2606CEExy\n|t:|1776412469\n|gametype|doubles\n|player|p1|sakurashinmachi|lucas|1167\n|player|p2|CEExy|hilbert|1168\n|gen|9\n|tier|[Gen 9 Champions] VGC 2026 Reg M-A\n|rated|\n|rule|Species Clause: Limit one of each Pok\u00e9mon\n|rule|Item Clause: Limit 1 of each item\n|clearpoke\n|poke|p1|Floette-Eternal, L50, F|\n|poke|p1|Garchomp, L50, M|\n|poke|p1|Talonflame, L50, M|\n|poke|p1|Aegislash, L50, M|\n|poke|p1|Rotom-Wash, L50|\n|poke|p1|Maushold, L50|\n|poke|p2|Manectric, L50, F|\n|poke|p2|Aerodactyl, L50, F|\n|poke|p2|Incineroar, L50, F|\n|poke|p2|Pelipper, L50, F|\n|poke|p2|Basculegion, L50, M|\n|poke|p2|Archaludon, L50, F|\n|teampreview|4\n|inactive|Battle timer is ON: inactive players will automatically lose when time's up. (requested by CEExy)\n|\n|t:|1776412529\n|teamsize|p1|4\n|teamsize|p2|4\n|start\n|switch|p1a: Maushold|Maushold, L50|100/100\n|switch|p1b: Floette|Floette-Eternal, L50, F|100/100\n|switch|p2a: Aerodactyl|Aerodactyl, L50, F|100/100\n|switch|p2b: Basculegion|Basculegion, L50, M|100/100\n|-ability|p2a: Aerodactyl|Pressure\n|turn|1\n|\n|t:|1776412548\n|detailschange|p1b: Floette|Floette-Mega, L50, F\n|-mega|p1b: Floette|Floette|Floettite\n|-ability|p1b: Floette|Fairy Aura\n|move|p1a: Maushold|Follow Me|p1a: Maushold\n|-singleturn|p1a: Maushold|move: Follow Me\n|move|p2a: Aerodactyl|Tailwind|p2a: Aerodactyl\n|-sidestart|p2: CEExy|move: Tailwind\n|move|p2b: Basculegion|Wave Crash|p1a: Maushold\n|-damage|p1a: Maushold|9/100\n|-damage|p2b: Basculegion|73/100|[from] Recoil\n|move|p1b: Floette|Dazzling Gleam|p2a: Aerodactyl|[spread] p2a,p2b\n|-crit|p2b: Basculegion\n|-damage|p2a: Aerodactyl|33/100\n|-damage|p2b: Basculegion|0 fnt\n|faint|p2b: Basculegion\n|\n|upkeep\n|\n|t:|1776412560\n|switch|p2b: Manectric|Manectric, L50, F|100/100\n|turn|2\n|\n|t:|1776412570\n|detailschange|p2b: Manectric|Manectric-Mega, L50, F\n|-mega|p2b: Manectric|Manectric|Manectite\n|-ability|p2b: Manectric|Intimidate|boost\n|-unboost|p1a: Maushold|atk|1\n|-unboost|p1b: Floette|atk|1\n|move|p1a: Maushold|Follow Me|p1a: Maushold\n|-singleturn|p1a: Maushold|move: Follow Me\n|move|p2b: Manectric|Volt Switch|p1a: Maushold\n|-damage|p1a: Maushold|0 fnt\n|faint|p1a: Maushold\n|\n|t:|1776412577\n|switch|p2b: Pelipper|Pelipper, L50, F|100/100|[from] Volt Switch\n|-weather|RainDance|[from] ability: Drizzle|[of] p2b: Pelipper\n|move|p2a: Aerodactyl|Rock Slide|p1b: Floette\n|-damage|p1b: Floette|67/100\n|cant|p1b: Floette|flinch\n|\n|-weather|RainDance|[upkeep]\n|upkeep\n|\n|t:|1776412597\n|switch|p1a: Talonflame|Talonflame, L50, M|100/100\n|turn|3\n|\n|t:|1776412611\n|move|p1a: Talonflame|Protect|p1a: Talonflame\n|-singleturn|p1a: Talonflame|Protect\n|move|p2b: Pelipper|Wide Guard|p2b: Pelipper\n|-singleturn|p2b: Pelipper|Wide Guard\n|move|p2a: Aerodactyl|Rock Slide|p1a: Talonflame|[spread] p1b\n|-activate|p1a: Talonflame|move: Protect\n|-damage|p1b: Floette|44/100\n|move|p1b: Floette|Dazzling Gleam|p2a: Aerodactyl|[spread] \n|-activate|p2a: Aerodactyl|move: Wide Guard\n|-activate|p2b: Pelipper|move: Wide Guard\n|\n|-weather|RainDance|[upkeep]\n|upkeep\n|turn|4\n|\n|t:|1776412634\n|switch|p1a: Garchomp|Garchomp, L50, M|100/100\n|move|p2a: Aerodactyl|Dual Wingbeat|p1b: Floette\n|-damage|p1b: Floette|21/100\n|-damage|p1b: Floette|0 fnt\n|faint|p1b: Floette\n|-hitcount|p1: Floette|2\n|move|p2b: Pelipper|Weather Ball|p1a: Garchomp\n|-damage|p1a: Garchomp|26/100\n|\n|-weather|RainDance|[upkeep]\n|-sideend|p2: CEExy|move: Tailwind\n|upkeep\n|\n|t:|1776412644\n|switch|p1b: Talonflame|Talonflame, L50, M|100/100\n|turn|5\n|\n|t:|1776412663\n|move|p1b: Talonflame|Tailwind|p1b: Talonflame\n|-sidestart|p1: sakurashinmachi|move: Tailwind\n|move|p1a: Garchomp|Rock Slide|p2b: Pelipper|[spread] p2a,p2b\n|-supereffective|p2a: Aerodactyl|1\n|-supereffective|p2b: Pelipper|1\n|-damage|p2a: Aerodactyl|0 fnt\n|-damage|p2b: Pelipper|49/100\n|faint|p2a: Aerodactyl\n|move|p2b: Pelipper|Weather Ball|p1a: Garchomp\n|-damage|p1a: Garchomp|0 fnt\n|faint|p1a: Garchomp\n|\n|-weather|RainDance|[upkeep]\n|upkeep\n|\n|t:|1776412672\n|switch|p2a: Manectric|Manectric-Mega, L50, F|100/100\n|-ability|p2a: Manectric|Intimidate|boost\n|-unboost|p1b: Talonflame|atk|1\n|turn|6\n|-message|sakurashinmachi forfeited.\n|\n|win|CEExy\n|raw|sakurashinmachi's rating: 1167 &rarr; <strong>1142</strong><br />(-25 for losing)\n|raw|CEExy's rating: 1168 &rarr; <strong>1193</strong><br />(+25 for winning)\n|l|\u2606sakurashinmachi\n|player|p1|\n",
  "uploadtime": 1776412680,
  "views": 17,
  "formatid": "gen9championsvgc2026regma",
  "rating": 1142,
  "private": 0,
  "password": null
}