{
  "id": "gen9championsvgc2026regma-2584997651",
  "format": "[Gen 9 Champions] VGC 2026 Reg M-A",
  "players": [
    "amongdripgoku",
    "barnowi"
  ],
  "log": "|j|\u2606amongdripgoku\n|j|\u2606barnowi\n|t:|1776301863\n|gametype|doubles\n|player|p1|amongdripgoku|170|1090\n|player|p2|barnowi|winona|1140\n|gen|9\n|tier|[Gen 9 Champions] VGC 2026 Reg M-A\n|rated|\n|rule|Species Clause: Limit one of each Pok\u00e9mon\n|rule|Item Clause: Limit 1 of each item\n|clearpoke\n|poke|p1|Pelipper, L50, F|\n|poke|p1|Gengar, L50, M|\n|poke|p1|Greninja-*, L50, M|\n|poke|p1|Basculegion, L50, M|\n|poke|p1|Archaludon, L50, F|\n|poke|p1|Whimsicott, L50, F|\n|poke|p2|Incineroar, L50, F|\n|poke|p2|Dragonite, L50, F|\n|poke|p2|Sinistcha, L50|\n|poke|p2|Pelipper, L50, M|\n|poke|p2|Archaludon, L50, F|\n|poke|p2|Basculegion, L50, M|\n|teampreview|4\n|inactive|Battle timer is ON: inactive players will automatically lose when time's up. (requested by barnowi)\n|inactive|amongdripgoku has 60 seconds left.\n|\n|t:|1776301894\n|teamsize|p1|4\n|teamsize|p2|4\n|start\n|switch|p1a: Greninja|Greninja, L50, M|100/100\n|switch|p1b: Basculegion|Basculegion, L50, M|100/100\n|switch|p2a: Innon|Pelipper, L50, M|100/100\n|switch|p2b: Hoa|Archaludon, L50, F|100/100\n|-weather|RainDance|[from] ability: Drizzle|[of] p2a: Innon\n|turn|1\n|\n|t:|1776301916\n|move|p1b: Basculegion|Flip Turn|p2b: Hoa\n|-resisted|p2b: Hoa|1\n|-damage|p2b: Hoa|84/100\n|-ability|p2b: Hoa|Stamina|boost\n|-boost|p2b: Hoa|def|1\n|\n|t:|1776301922\n|switch|p1b: Gengar|Gengar, L50, M|100/100|[from] Flip Turn\n|move|p1a: Greninja|Ice Beam|p2b: Hoa\n|-start|p1a: Greninja|typechange|Ice|[from] ability: Protean\n|-damage|p2b: Hoa|41/100\n|-status|p2b: Hoa|frz\n|-ability|p2b: Hoa|Stamina|boost\n|-boost|p2b: Hoa|def|1\n|move|p2a: Innon|Tailwind|p2a: Innon\n|-sidestart|p2: barnowi|move: Tailwind\n|-curestatus|p2b: Hoa|frz|[msg]\n|move|p2b: Hoa|Electro Shot||[still]\n|-prepare|p2b: Hoa|Electro Shot\n|-boost|p2b: Hoa|spa|1\n|-anim|p2b: Hoa|Electro Shot|p1b: Gengar\n|-damage|p1b: Gengar|0 fnt\n|-start|p2b: Hoa|Disable|Electro Shot|[from] ability: Cursed Body|[of] p1b: Gengar\n|faint|p1b: Gengar\n|\n|-weather|RainDance|[upkeep]\n|-heal|p2b: Hoa|47/100|[from] item: Leftovers\n|upkeep\n|\n|t:|1776301931\n|switch|p1b: Basculegion|Basculegion, L50, M|100/100\n|turn|2\n|inactive|barnowi has 30 seconds left.\n|inactive|barnowi has 20 seconds left.\n|\n|t:|1776301969\n|detailschange|p1a: Greninja|Greninja-Mega, L50, M\n|-mega|p1a: Greninja|Greninja|Greninjite\n|move|p1b: Basculegion|Last Respects|p2a: Innon\n|-damage|p2a: Innon|37/100\n|move|p2a: Innon|Muddy Water|p1b: Basculegion|[spread] p1b\n|-miss|p2a: Innon|p1a: Greninja\n|-resisted|p1b: Basculegion|1\n|-damage|p1b: Basculegion|71/100\n|move|p1a: Greninja|Ice Beam|p2b: Hoa\n|-start|p1a: Greninja|typechange|Ice|[from] ability: Protean\n|-damage|p2b: Hoa|0 fnt\n|faint|p2b: Hoa\n|\n|-weather|RainDance|[upkeep]\n|upkeep\n|\n|t:|1776301982\n|switch|p2b: Basculegion|Basculegion, L50, M|100/100\n|turn|3\n|inactive|barnowi has 30 seconds left.\n|\n|t:|1776302008\n|switch|p1b: Pelipper|Pelipper, L50, F|100/100\n|move|p2b: Basculegion|Wave Crash|p1a: Greninja\n|-damage|p1a: Greninja|0 fnt\n|faint|p1a: Greninja\n|-damage|p2b: Basculegion|75/100|[from] Recoil\n|move|p2a: Innon|Hurricane|p1b: Pelipper\n|-damage|p1b: Pelipper|55/100\n|\n|-weather|RainDance|[upkeep]\n|-heal|p1b: Pelipper|61/100|[from] item: Leftovers\n|upkeep\n|\n|t:|1776302013\n|switch|p1a: Basculegion|Basculegion, L50, M|71/100\n|turn|4\n|\n|t:|1776302025\n|move|p2b: Basculegion|Wave Crash|p1a: Basculegion\n|-resisted|p1a: Basculegion|1\n|-damage|p1a: Basculegion|0 fnt\n|faint|p1a: Basculegion\n|-damage|p2b: Basculegion|52/100|[from] Recoil\n|move|p2a: Innon|Hurricane|p1b: Pelipper\n|-damage|p1b: Pelipper|10/100\n|move|p1b: Pelipper|Hurricane|p2b: Basculegion\n|-damage|p2b: Basculegion|8/100\n|\n|-weather|RainDance|[upkeep]\n|-heal|p1b: Pelipper|16/100|[from] item: Leftovers\n|-sideend|p2: barnowi|move: Tailwind\n|upkeep\n|turn|5\n|-message|amongdripgoku forfeited.\n|\n|win|barnowi\n|raw|amongdripgoku's rating: 1090 &rarr; <strong>1070</strong><br />(-20 for losing)\n|raw|barnowi's rating: 1140 &rarr; <strong>1161</strong><br />(+21 for winning)\n",
  "uploadtime": 1776302030,
  "views": 20,
  "formatid": "gen9championsvgc2026regma",
  "rating": 1070,
  "private": 0,
  "password": null
}