{
  "id": "gen9championsvgc2026regma-2587853696",
  "format": "[Gen 9 Champions] VGC 2026 Reg M-A",
  "players": [
    "sheep0220",
    "adagerna"
  ],
  "log": "|j|\u2606sheep0220\n|j|\u2606adagerna\n|t:|1776570868\n|gametype|doubles\n|player|p1|sheep0220|rood|1017\n|player|p2|adagerna|102|1000\n|gen|9\n|tier|[Gen 9 Champions] VGC 2026 Reg M-A\n|rated|\n|rule|Species Clause: Limit one of each Pok\u00e9mon\n|rule|Item Clause: Limit 1 of each item\n|clearpoke\n|poke|p1|Archaludon, L50, M|\n|poke|p1|Pelipper, L50, F|\n|poke|p1|Sinistcha, L50|\n|poke|p1|Incineroar, L50, F|\n|poke|p1|Meganium, L50, M|\n|poke|p1|Basculegion, L50, M|\n|poke|p2|Manectric, L50, F|\n|poke|p2|Incineroar, L50, F|\n|poke|p2|Ditto, L50|\n|poke|p2|Milotic, L50, M|\n|poke|p2|Aerodactyl, L50, M|\n|poke|p2|Sableye, L50, M|\n|teampreview|4\n|inactive|Battle timer is ON: inactive players will automatically lose when time's up. (requested by adagerna)\n|inactive|adagerna has 60 seconds left.\n|inactive|sheep0220 has 60 seconds left.\n|\n|t:|1776570907\n|teamsize|p1|4\n|teamsize|p2|4\n|start\n|switch|p1a: Archaludon|Archaludon, L50, M|100/100\n|switch|p1b: Pelipper|Pelipper, L50, F|100/100\n|switch|p2a: Manectric|Manectric, L50, F|100/100\n|switch|p2b: Sableye|Sableye, L50, M|100/100\n|-weather|RainDance|[from] ability: Drizzle|[of] p1b: Pelipper\n|turn|1\n|inactive|adagerna has 30 seconds left.\n|inactive|adagerna has 20 seconds left.\n|inactive|adagerna has 15 seconds left.\n|\n|t:|1776570947\n|move|p2b: Sableye|Fake Out|p1a: Archaludon\n|-resisted|p1a: Archaludon|1\n|-damage|p1a: Archaludon|97/100\n|-ability|p1a: Archaludon|Stamina|boost\n|-boost|p1a: Archaludon|def|1\n|move|p2a: Manectric|Volt Switch|p1b: Pelipper\n|-supereffective|p1b: Pelipper|2\n|-enditem|p1b: Pelipper|Focus Sash\n|-damage|p1b: Pelipper|1/100\n|\n|t:|1776570956\n|switch|p2a: Milotic|Milotic, L50, M|100/100|[from] Volt Switch\n|move|p1b: Pelipper|Tailwind|p1b: Pelipper\n|-sidestart|p1: sheep0220|move: Tailwind\n|cant|p1a: Archaludon|flinch\n|\n|-weather|RainDance|[upkeep]\n|upkeep\n|turn|2\n|inactive|sheep0220 has 30 seconds left.\n|\n|t:|1776570982\n|switch|p1b: Basculegion|Basculegion, L50, M|100/100\n|move|p1a: Archaludon|Electro Shot||[still]\n|-prepare|p1a: Archaludon|Electro Shot\n|-boost|p1a: Archaludon|spa|1\n|-anim|p1a: Archaludon|Electro Shot|p2a: Milotic\n|-supereffective|p2a: Milotic|1\n|-damage|p2a: Milotic|22/100\n|move|p2b: Sableye|Knock Off|p1b: Basculegion\n|-supereffective|p1b: Basculegion|1\n|-damage|p1b: Basculegion|0 fnt\n|-enditem|p1b: Basculegion|Mystic Water|[from] move: Knock Off|[of] p2b: Sableye\n|faint|p1b: Basculegion\n|move|p2a: Milotic|Mirror Coat|p1a: Archaludon\n|-damage|p1a: Archaludon|0 fnt\n|faint|p1a: Archaludon\n|\n|-weather|RainDance|[upkeep]\n|-heal|p2a: Milotic|28/100|[from] item: Leftovers\n|upkeep\n|\n|t:|1776571002\n|switch|p1b: Pelipper|Pelipper, L50, F|1/100\n|switch|p1a: Incineroar|Incineroar, L50, F|100/100\n|-ability|p1a: Incineroar|Intimidate|boost\n|-unboost|p2a: Milotic|atk|1\n|-ability|p2a: Milotic|Competitive|boost\n|-boost|p2a: Milotic|spa|2\n|-unboost|p2b: Sableye|atk|1\n|turn|3\n|\n|t:|1776571017\n|switch|p2b: Incineroar|Incineroar, L50, F|100/100\n|-ability|p2b: Incineroar|Intimidate|boost\n|-unboost|p1a: Incineroar|atk|1\n|-unboost|p1b: Pelipper|atk|1\n|move|p2a: Milotic|Protect|p2a: Milotic\n|-singleturn|p2a: Milotic|Protect\n|move|p1a: Incineroar|Fake Out|p2b: Incineroar\n|-damage|p2b: Incineroar|94/100\n|move|p1b: Pelipper|Roost|p1b: Pelipper\n|-heal|p1b: Pelipper|52/100\n|-singleturn|p1b: Pelipper|move: Roost\n|\n|-weather|RainDance|[upkeep]\n|-heal|p2a: Milotic|34/100|[from] item: Leftovers\n|upkeep\n|turn|4\n|inactive|adagerna has 30 seconds left.\n|\n|t:|1776571044\n|move|p1a: Incineroar|Helping Hand|p1b: Pelipper\n|-singleturn|p1b: Pelipper|Helping Hand|[of] p1a: Incineroar\n|move|p1b: Pelipper|Hurricane|p2a: Milotic\n|-damage|p2a: Milotic|0 fnt\n|faint|p2a: Milotic\n|move|p2b: Incineroar|Parting Shot|p1b: Pelipper\n|-unboost|p1b: Pelipper|atk|1\n|-unboost|p1b: Pelipper|spa|1\n|\n|t:|1776571052\n|switch|p2b: Sableye|Sableye, L50, M|100/100|[from] Parting Shot\n|\n|-weather|RainDance|[upkeep]\n|-sideend|p1: sheep0220|move: Tailwind\n|upkeep\n|\n|t:|1776571057\n|switch|p2a: Manectric|Manectric, L50, F|100/100\n|turn|5\n|inactive|sheep0220 has 30 seconds left.\n|inactive|sheep0220 has 20 seconds left.\n|inactive|sheep0220 has 15 seconds left.\n|\n|t:|1776571099\n|detailschange|p2a: Manectric|Manectric-Mega, L50, F\n|-mega|p2a: Manectric|Manectric|Manectite\n|-ability|p2a: Manectric|Intimidate|boost\n|-unboost|p1a: Incineroar|atk|1\n|-unboost|p1b: Pelipper|atk|1\n|move|p2b: Sableye|Fake Out|p1a: Incineroar\n|-damage|p1a: Incineroar|91/100\n|move|p2a: Manectric|Thunderbolt|p1b: Pelipper\n|-supereffective|p1b: Pelipper|2\n|-damage|p1b: Pelipper|0 fnt\n|faint|p1b: Pelipper\n|cant|p1a: Incineroar|flinch\n|\n|-weather|none\n|upkeep\n|turn|6\n|\n|t:|1776571116\n|switch|p2b: Incineroar|Incineroar, L50, F|94/100\n|-ability|p2b: Incineroar|Intimidate|boost\n|-unboost|p1a: Incineroar|atk|1\n|move|p2a: Manectric|Thunderbolt|p1a: Incineroar\n|-damage|p1a: Incineroar|48/100\n|-enditem|p1a: Incineroar|Sitrus Berry|[eat]\n|-heal|p1a: Incineroar|73/100|[from] item: Sitrus Berry\n|move|p1a: Incineroar|Flare Blitz|p2a: Manectric\n|-damage|p2a: Manectric|73/100\n|-damage|p1a: Incineroar|66/100|[from] Recoil\n|\n|upkeep\n|turn|7\n|\n|t:|1776571134\n|move|p2a: Manectric|Thunderbolt|p1a: Incineroar\n|-damage|p1a: Incineroar|26/100\n|move|p1a: Incineroar|Flare Blitz|p2b: Incineroar\n|-resisted|p2b: Incineroar|1\n|-damage|p2b: Incineroar|85/100\n|-damage|p1a: Incineroar|23/100|[from] Recoil\n|move|p2b: Incineroar|Flare Blitz|p1a: Incineroar\n|-resisted|p1a: Incineroar|1\n|-damage|p1a: Incineroar|0 fnt\n|faint|p1a: Incineroar\n|-damage|p2b: Incineroar|77/100|[from] Recoil\n|\n|win|adagerna\n|raw|sheep0220's rating: 1058 &rarr; <strong>1036</strong><br />(-22 for losing)\n|raw|adagerna's rating: 1000 &rarr; <strong>1047</strong><br />(+47 for winning)\n",
  "uploadtime": 1776571147,
  "views": 16,
  "formatid": "gen9championsvgc2026regma",
  "rating": 1036,
  "private": 0,
  "password": null
}