{
  "id": "gen9championsvgc2026regma-2587727442",
  "format": "[Gen 9 Champions] VGC 2026 Reg M-A",
  "players": [
    "mperal",
    "hfreahbW"
  ],
  "log": "|j|\u2606mperal\n|j|\u2606hfreahbW\n|t:|1776557936\n|gametype|doubles\n|player|p1|mperal|265|1057\n|player|p2|hfreahbW|hilbert-wonderlauncher|1000\n|gen|9\n|tier|[Gen 9 Champions] VGC 2026 Reg M-A\n|rated|\n|rule|Species Clause: Limit one of each Pok\u00e9mon\n|rule|Item Clause: Limit 1 of each item\n|clearpoke\n|poke|p1|Aerodactyl, L50, M|\n|poke|p1|Floette-Eternal, L50, F|\n|poke|p1|Sneasler, L50, F|\n|poke|p1|Kingambit, L50, M|\n|poke|p1|Milotic, L50, M|\n|poke|p1|Maushold-Four, L50|\n|poke|p2|Tyranitar, L50, M|\n|poke|p2|Garchomp, L50, M|\n|poke|p2|Sinistcha, L50|\n|poke|p2|Incineroar, L50, F|\n|poke|p2|Corviknight, L50, F|\n|poke|p2|Greninja, L50, M|\n|teampreview|4\n|\n|t:|1776557960\n|teamsize|p1|4\n|teamsize|p2|4\n|start\n|switch|p1a: Sneasler|Sneasler, L50, F|100/100\n|switch|p1b: Kingambit|Kingambit, L50, M|100/100\n|switch|p2a: Sinistcha|Sinistcha, L50|100/100\n|switch|p2b: Garchomp|Garchomp, L50, M|100/100\n|turn|1\n|\n|t:|1776557974\n|move|p2b: Garchomp|Protect|p2b: Garchomp\n|-singleturn|p2b: Garchomp|Protect\n|move|p2a: Sinistcha|Protect|p2a: Sinistcha\n|-singleturn|p2a: Sinistcha|Protect\n|move|p1a: Sneasler|Fake Out|p2b: Garchomp\n|-activate|p2b: Garchomp|move: Protect\n|move|p1b: Kingambit|Kowtow Cleave|p2a: Sinistcha\n|-activate|p2a: Sinistcha|move: Protect\n|\n|upkeep\n|turn|2\n|\n|t:|1776557986\n|switch|p2a: Corviknight|Corviknight, L50, F|100/100\n|-ability|p2a: Corviknight|Pressure\n|move|p1a: Sneasler|U-turn|p2a: Corviknight\n|-resisted|p2a: Corviknight|2\n|-damage|p2a: Corviknight|95/100\n|\n|t:|1776557993\n|switch|p1a: Aerodactyl|Aerodactyl, L50, M|100/100|[from] U-turn\n|-ability|p1a: Aerodactyl|Unnerve\n|move|p2b: Garchomp|Earthquake|p1a: Aerodactyl|[spread] p1b\n|-immune|p2a: Corviknight\n|-immune|p1a: Aerodactyl\n|-supereffective|p1b: Kingambit|1\n|-damage|p1b: Kingambit|33/100\n|move|p1b: Kingambit|Kowtow Cleave|p2a: Corviknight\n|-damage|p2a: Corviknight|59/100\n|\n|upkeep\n|turn|3\n|\n|t:|1776558024\n|detailschange|p1a: Aerodactyl|Aerodactyl-Mega, L50, M\n|-mega|p1a: Aerodactyl|Aerodactyl|Aerodactylite\n|move|p1a: Aerodactyl|Rock Slide|p2b: Garchomp|[spread] p2a\n|-miss|p1a: Aerodactyl|p2b: Garchomp\n|-damage|p2a: Corviknight|35/100\n|move|p2b: Garchomp|Dragon Claw|p1a: Aerodactyl\n|-damage|p1a: Aerodactyl|48/100\n|move|p1b: Kingambit|Kowtow Cleave|p2b: Garchomp\n|-damage|p2b: Garchomp|52/100\n|cant|p2a: Corviknight|flinch\n|\n|upkeep\n|turn|4\n|\n|t:|1776558045\n|move|p2b: Garchomp|Protect|p2b: Garchomp\n|-singleturn|p2b: Garchomp|Protect\n|move|p1a: Aerodactyl|Iron Head|p2b: Garchomp\n|-activate|p2b: Garchomp|move: Protect\n|move|p1b: Kingambit|Kowtow Cleave|p2a: Corviknight\n|-damage|p2a: Corviknight|0 fnt\n|faint|p2a: Corviknight\n|\n|upkeep\n|\n|t:|1776558059\n|switch|p2a: Sinistcha|Sinistcha, L50|100/100\n|-heal|p2b: Garchomp|77/100|[from] ability: Hospitality|[of] p2a: Sinistcha\n|turn|5\n|\n|t:|1776558064\n|move|p2a: Sinistcha|Protect|p2a: Sinistcha\n|-singleturn|p2a: Sinistcha|Protect\n|move|p1a: Aerodactyl|Iron Head|p2b: Garchomp\n|-damage|p2b: Garchomp|38/100\n|move|p2b: Garchomp|Earthquake|p1a: Aerodactyl|[spread] p1b\n|-activate|p2a: Sinistcha|move: Protect\n|-immune|p1a: Aerodactyl\n|-supereffective|p1b: Kingambit|1\n|-damage|p1b: Kingambit|0 fnt\n|faint|p1b: Kingambit\n|\n|upkeep\n|\n|t:|1776558072\n|switch|p1b: Sneasler|Sneasler, L50, F|100/100\n|turn|6\n|\n|t:|1776558100\n|move|p1b: Sneasler|Fake Out|p2b: Garchomp\n|-damage|p2b: Garchomp|20/100\n|move|p1a: Aerodactyl|Psychic Fangs|p2b: Garchomp\n|-damage|p2b: Garchomp|0 fnt\n|faint|p2b: Garchomp\n|move|p2a: Sinistcha|Matcha Gotcha|p1b: Sneasler|[spread] p1a,p1b\n|-resisted|p1b: Sneasler|1\n|-damage|p1a: Aerodactyl|19/100\n|-damage|p1b: Sneasler|81/100\n|-status|p1a: Aerodactyl|brn\n|\n|-damage|p1a: Aerodactyl|13/100 brn|[from] brn\n|upkeep\n|\n|t:|1776558114\n|switch|p2b: Tyranitar|Tyranitar, L50, M|100/100\n|-weather|Sandstorm|[from] ability: Sand Stream|[of] p2b: Tyranitar\n|turn|7\n|\n|t:|1776558143\n|detailschange|p2b: Tyranitar|Tyranitar-Mega, L50, M\n|-mega|p2b: Tyranitar|Tyranitar|Tyranitarite\n|move|p2a: Sinistcha|Rage Powder|p2a: Sinistcha\n|-singleturn|p2a: Sinistcha|move: Rage Powder\n|move|p1a: Aerodactyl|Rock Slide|p2b: Tyranitar|[spread] p2a,p2b\n|-damage|p2a: Sinistcha|86/100\n|-damage|p2b: Tyranitar|91/100\n|move|p1b: Sneasler|Close Combat|p2a: Sinistcha\n|-immune|p2a: Sinistcha\n|move|p2b: Tyranitar|Dragon Dance|p2b: Tyranitar\n|-boost|p2b: Tyranitar|atk|1\n|-boost|p2b: Tyranitar|spe|1\n|\n|-weather|Sandstorm|[upkeep]\n|-damage|p1b: Sneasler|76/100|[from] Sandstorm\n|-damage|p2a: Sinistcha|80/100|[from] Sandstorm\n|-heal|p2a: Sinistcha|86/100|[from] item: Leftovers\n|-damage|p1a: Aerodactyl|8/100 brn|[from] brn\n|upkeep\n|turn|8\n|\n|t:|1776558158\n|move|p2a: Sinistcha|Rage Powder|p2a: Sinistcha\n|-singleturn|p2a: Sinistcha|move: Rage Powder\n|move|p1a: Aerodactyl|Iron Head|p2a: Sinistcha\n|-crit|p2a: Sinistcha\n|-damage|p2a: Sinistcha|62/100\n|move|p1b: Sneasler|U-turn|p2a: Sinistcha\n|-damage|p2a: Sinistcha|37/100\n|\n|t:|1776558165\n|switch|p1b: Maushold|Maushold-Four, L50|100/100|[from] U-turn\n|move|p2b: Tyranitar|Dragon Dance|p2b: Tyranitar\n|-boost|p2b: Tyranitar|atk|1\n|-boost|p2b: Tyranitar|spe|1\n|\n|-weather|Sandstorm|[upkeep]\n|-damage|p1b: Maushold|94/100|[from] Sandstorm\n|-damage|p2a: Sinistcha|31/100|[from] Sandstorm\n|-heal|p2a: Sinistcha|37/100|[from] item: Leftovers\n|-damage|p1a: Aerodactyl|2/100 brn|[from] brn\n|upkeep\n|turn|9\n|\n|t:|1776558173\n|move|p2a: Sinistcha|Rage Powder|p2a: Sinistcha\n|-singleturn|p2a: Sinistcha|move: Rage Powder\n|move|p1a: Aerodactyl|Iron Head|p2a: Sinistcha\n|-damage|p2a: Sinistcha|21/100\n|move|p2b: Tyranitar|Rock Slide|p1b: Maushold|[spread] p1a,p1b\n|-supereffective|p1a: Aerodactyl|1\n|-damage|p1a: Aerodactyl|0 fnt\n|-damage|p1b: Maushold|0 fnt\n|faint|p1a: Aerodactyl\n|faint|p1b: Maushold\n|\n|-weather|Sandstorm|[upkeep]\n|-damage|p2a: Sinistcha|15/100|[from] Sandstorm\n|-heal|p2a: Sinistcha|21/100|[from] item: Leftovers\n|upkeep\n|-message|mperal forfeited.\n|\n|win|hfreahbW\n|raw|mperal's rating: 1057 &rarr; <strong>1035</strong><br />(-22 for losing)\n|raw|hfreahbW's rating: 1000 &rarr; <strong>1047</strong><br />(+47 for winning)\n|l|\u2606mperal\n|player|p1|\n",
  "uploadtime": 1776558181,
  "views": 11,
  "formatid": "gen9championsvgc2026regma",
  "rating": 1035,
  "private": 0,
  "password": null
}