{
  "id": "gen9championsvgc2026regma-2581732715",
  "format": "[Gen 9 Champions] VGC 2026 Reg M-A",
  "players": [
    "IfIFindJessie",
    "Dyspair8"
  ],
  "log": "|j|\u2606IfIFindJessie\n|j|\u2606Dyspair8\n|t:|1776024190\n|gametype|doubles\n|player|p1|IfIFindJessie|miku-ghost|1084\n|player|p2|Dyspair8|n|1133\n|gen|9\n|tier|[Gen 9 Champions] VGC 2026 Reg M-A\n|rated|\n|rule|Species Clause: Limit one of each Pok\u00e9mon\n|rule|Item Clause: Limit 1 of each item\n|clearpoke\n|poke|p1|Glimmora, L50, F|\n|poke|p1|Mimikyu, L50, F|\n|poke|p1|Ninetales-Alola, L50, M|\n|poke|p1|Incineroar, L50, M|\n|poke|p1|Noivern, L50, M|\n|poke|p1|Farigiraf, L50, F|\n|poke|p2|Archaludon, L50, F|\n|poke|p2|Pelipper, L50, F|\n|poke|p2|Sneasler, L50, F|\n|poke|p2|Floette-Eternal, L50, F|\n|poke|p2|Sinistcha, L50|\n|poke|p2|Raichu, L50, M|\n|teampreview|4\n|\n|t:|1776024220\n|teamsize|p1|4\n|teamsize|p2|4\n|start\n|switch|p1a: Glimmora|Glimmora, L50, F|100/100\n|switch|p1b: Noivern|Noivern, L50, M|100/100\n|switch|p2a: Sneasler|Sneasler, L50, F|100/100\n|switch|p2b: Floette|Floette-Eternal, L50, F|100/100\n|turn|1\n|\n|t:|1776024264\n|detailschange|p2b: Floette|Floette-Mega, L50, F\n|-mega|p2b: Floette|Floette|Floettite\n|-ability|p2b: Floette|Fairy Aura\n|detailschange|p1a: Glimmora|Glimmora-Mega, L50, F\n|-mega|p1a: Glimmora|Glimmora|Glimmoranite\n|move|p1a: Glimmora|Protect|p1a: Glimmora\n|-singleturn|p1a: Glimmora|Protect\n|move|p2a: Sneasler|Fake Out|p1a: Glimmora\n|-activate|p1a: Glimmora|move: Protect\n|move|p1b: Noivern|Air Slash|p2a: Sneasler\n|-supereffective|p2a: Sneasler|1\n|-damage|p2a: Sneasler|16/100\n|move|p2b: Floette|Calm Mind|p2b: Floette\n|-boost|p2b: Floette|spa|1\n|-boost|p2b: Floette|spd|1\n|\n|upkeep\n|turn|2\n|\n|t:|1776024285\n|move|p1b: Noivern|Air Slash|p2a: Sneasler\n|-supereffective|p2a: Sneasler|1\n|-damage|p2a: Sneasler|0 fnt\n|faint|p2a: Sneasler\n|move|p2b: Floette|Psychic|p1a: Glimmora\n|-supereffective|p1a: Glimmora|1\n|-damage|p1a: Glimmora|0 fnt\n|faint|p1a: Glimmora\n|\n|upkeep\n|\n|t:|1776024294\n|switch|p2a: Pelipper|Pelipper, L50, F|100/100\n|switch|p1a: Mimikyu|Mimikyu, L50, F|100/100\n|-weather|RainDance|[from] ability: Drizzle|[of] p2a: Pelipper\n|turn|3\n|\n|t:|1776024312\n|move|p1a: Mimikyu|Shadow Sneak|p2b: Floette\n|-damage|p2b: Floette|74/100\n|move|p1b: Noivern|Air Slash|p2b: Floette\n|-damage|p2b: Floette|53/100\n|cant|p2b: Floette|flinch\n|move|p2a: Pelipper|Tailwind|p2a: Pelipper\n|-sidestart|p2: Dyspair8|move: Tailwind\n|\n|-weather|RainDance|[upkeep]\n|upkeep\n|turn|4\n|\n|t:|1776024328\n|move|p1b: Noivern|Protect|p1b: Noivern\n|-singleturn|p1b: Noivern|Protect\n|move|p1a: Mimikyu|Protect|p1a: Mimikyu\n|-singleturn|p1a: Mimikyu|Protect\n|move|p2b: Floette|Moonblast|p1b: Noivern\n|-activate|p1b: Noivern|move: Protect\n|move|p2a: Pelipper|Hurricane|p1a: Mimikyu\n|-activate|p1a: Mimikyu|move: Protect\n|\n|-weather|RainDance|[upkeep]\n|upkeep\n|turn|5\n|\n|t:|1776024341\n|switch|p1b: Ninetales|Ninetales-Alola, L50, M|100/100\n|-weather|Snowscape|[from] ability: Snow Warning|[of] p1b: Ninetales\n|move|p1a: Mimikyu|Shadow Sneak|p2b: Floette\n|-damage|p2b: Floette|24/100\n|move|p2b: Floette|Moonblast|p1b: Ninetales\n|-damage|p1b: Ninetales|0 fnt\n|faint|p1b: Ninetales\n|move|p2a: Pelipper|Hurricane|p1a: Mimikyu|[miss]\n|-miss|p2a: Pelipper|p1a: Mimikyu\n|\n|-weather|Snowscape|[upkeep]\n|upkeep\n|\n|t:|1776024353\n|switch|p1b: Noivern|Noivern, L50, M|100/100\n|turn|6\n|\n|t:|1776024360\n|move|p2b: Floette|Protect|p2b: Floette\n|-singleturn|p2b: Floette|Protect\n|move|p1b: Noivern|Protect|p1b: Noivern\n|-singleturn|p1b: Noivern|Protect\n|move|p1a: Mimikyu|Protect|p1a: Mimikyu\n|-singleturn|p1a: Mimikyu|Protect\n|move|p2a: Pelipper|Hurricane|p1a: Mimikyu\n|-activate|p1a: Mimikyu|move: Protect\n|\n|-weather|Snowscape|[upkeep]\n|-sideend|p2: Dyspair8|move: Tailwind\n|upkeep\n|turn|7\n|\n|t:|1776024375\n|move|p1a: Mimikyu|Shadow Sneak|p2b: Floette\n|-damage|p2b: Floette|0 fnt\n|faint|p2b: Floette\n|move|p1b: Noivern|Air Slash|p2a: Pelipper|[miss]\n|-miss|p1b: Noivern|p2a: Pelipper\n|move|p2a: Pelipper|Hurricane|p1a: Mimikyu\n|-activate|p1a: Mimikyu|ability: Disguise\n|-damage|p1a: Mimikyu|100/100\n|detailschange|p1a: Mimikyu|Mimikyu-Busted, L50, F\n|-damage|p1a: Mimikyu|89/100|[from] pokemon: Mimikyu-Busted\n|\n|-weather|Snowscape|[upkeep]\n|upkeep\n|\n|t:|1776024387\n|switch|p2b: Raichu|Raichu, L50, M|100/100\n|turn|8\n|\n|t:|1776024418\n|move|p1b: Noivern|Psychic|p2b: Raichu\n|-damage|p2b: Raichu|60/100\n|move|p2b: Raichu|Thunder|p1a: Mimikyu|[miss]\n|-miss|p2b: Raichu|p1a: Mimikyu\n|move|p1a: Mimikyu|Play Rough|p2b: Raichu\n|-damage|p2b: Raichu|0 fnt\n|faint|p2b: Raichu\n|move|p2a: Pelipper|Hurricane|p1a: Mimikyu\n|-damage|p1a: Mimikyu|35/100\n|\n|-weather|Snowscape|[upkeep]\n|upkeep\n|turn|9\n|-message|Dyspair8 forfeited.\n|\n|win|IfIFindJessie\n|raw|IfIFindJessie's rating: 1084 &rarr; <strong>1115</strong><br />(+31 for winning)\n|raw|Dyspair8's rating: 1133 &rarr; <strong>1104</strong><br />(-29 for losing)\n|l|\u2606Dyspair8\n|player|p2|\n",
  "uploadtime": 1776024433,
  "views": 18,
  "formatid": "gen9championsvgc2026regma",
  "rating": 1104,
  "private": 0,
  "password": null
}