{
  "id": "gen9championsvgc2026regma-2582391989",
  "format": "[Gen 9 Champions] VGC 2026 Reg M-A",
  "players": [
    "wkoumei",
    "drakensagg"
  ],
  "log": "|j|\u203dwkoumei\n|j|\u2606drakensagg\n|t:|1776088615\n|gametype|doubles\n|player|p1|wkoumei|iris-gen5bw2|1127\n|player|p2|drakensagg|101|1077\n|gen|9\n|tier|[Gen 9 Champions] VGC 2026 Reg M-A\n|rated|\n|rule|Species Clause: Limit one of each Pok\u00e9mon\n|rule|Item Clause: Limit 1 of each item\n|clearpoke\n|poke|p1|Delphox, L50, M|\n|poke|p1|Whimsicott, L50, M|\n|poke|p1|Garchomp, L50, F|\n|poke|p1|Sinistcha, L50|\n|poke|p1|Rotom-Wash, L50|\n|poke|p1|Sneasler, L50, M|\n|poke|p2|Tyranitar, L50, M|\n|poke|p2|Corviknight, L50, F|\n|poke|p2|Sinistcha-Masterpiece, L50|\n|poke|p2|Excadrill, L50, M|\n|poke|p2|Primarina, L50, F|\n|poke|p2|Incineroar, L50, F|\n|teampreview|4\n|inactive|Battle timer is ON: inactive players will automatically lose when time's up. (requested by wkoumei)\n|\n|t:|1776088638\n|teamsize|p1|4\n|teamsize|p2|4\n|start\n|switch|p1a: Whimsicott|Whimsicott, L50, M|100/100\n|switch|p1b: Sneasler|Sneasler, L50, M|100/100\n|switch|p2a: Corviknight|Corviknight, L50, F|100/100\n|switch|p2b: Incineroar|Incineroar, L50, F|100/100\n|-ability|p2b: Incineroar|Intimidate|boost\n|-unboost|p1a: Whimsicott|atk|1\n|-unboost|p1b: Sneasler|atk|1\n|-enditem|p1b: Sneasler|White Herb\n|-clearnegativeboost|p1b: Sneasler|[silent]\n|turn|1\n|\n|t:|1776088662\n|move|p1b: Sneasler|Fake Out|p2b: Incineroar\n|-damage|p2b: Incineroar|87/100\n|cant|p2b: Incineroar|flinch\n|move|p1a: Whimsicott|Tailwind|p1a: Whimsicott\n|-sidestart|p1: wkoumei|move: Tailwind\n|move|p2a: Corviknight|Brave Bird|p1b: Sneasler\n|-supereffective|p1b: Sneasler|1\n|-damage|p1b: Sneasler|0 fnt\n|faint|p1b: Sneasler\n|-damage|p2a: Corviknight|73/100|[from] Recoil\n|\n|-heal|p2a: Corviknight|79/100|[from] item: Leftovers\n|upkeep\n|\n|t:|1776088672\n|switch|p1b: Delphox|Delphox, L50, M|100/100\n|turn|2\n|\n|t:|1776088680\n|switch|p2a: Tyranitar|Tyranitar, L50, M|100/100\n|-weather|Sandstorm|[from] ability: Sand Stream|[of] p2a: Tyranitar\n|detailschange|p1b: Delphox|Delphox-Mega, L50, M\n|-mega|p1b: Delphox|Delphox|Delphoxite\n|move|p1b: Delphox|Heat Wave|p2a: Tyranitar|[spread] p2a,p2b\n|-resisted|p2a: Tyranitar|1\n|-resisted|p2b: Incineroar|1\n|-damage|p2a: Tyranitar|85/100\n|-damage|p2b: Incineroar|69/100\n|move|p1a: Whimsicott|Moonblast|p2b: Incineroar\n|-damage|p2b: Incineroar|42/100\n|move|p2b: Incineroar|Parting Shot|p1b: Delphox\n|-unboost|p1b: Delphox|atk|1\n|-unboost|p1b: Delphox|spa|1\n|\n|t:|1776088693\n|switch|p2b: Sinistcha|Sinistcha-Masterpiece, L50|100/100|[from] Parting Shot\n|-heal|p2a: Tyranitar|100/100|[from] ability: Hospitality|[of] p2b: Sinistcha\n|\n|-weather|Sandstorm|[upkeep]\n|-damage|p1b: Delphox|95/100|[from] Sandstorm\n|-damage|p1a: Whimsicott|95/100|[from] Sandstorm\n|-damage|p2b: Sinistcha|95/100|[from] Sandstorm\n|upkeep\n|turn|3\n|\n|t:|1776088702\n|switch|p1b: Garchomp|Garchomp, L50, F|100/100\n|detailschange|p2a: Tyranitar|Tyranitar-Mega, L50, M\n|-mega|p2a: Tyranitar|Tyranitar|Tyranitarite\n|move|p2b: Sinistcha|Protect|p2b: Sinistcha\n|-singleturn|p2b: Sinistcha|Protect\n|move|p1a: Whimsicott|Moonblast|p2a: Tyranitar\n|-supereffective|p2a: Tyranitar|1\n|-damage|p2a: Tyranitar|62/100\n|-unboost|p2a: Tyranitar|spa|1\n|move|p2a: Tyranitar|Dragon Dance|p2a: Tyranitar\n|-boost|p2a: Tyranitar|atk|1\n|-boost|p2a: Tyranitar|spe|1\n|\n|-weather|Sandstorm|[upkeep]\n|-damage|p1a: Whimsicott|89/100|[from] Sandstorm\n|-damage|p2b: Sinistcha|89/100|[from] Sandstorm\n|upkeep\n|turn|4\n|\n|t:|1776088720\n|move|p2b: Sinistcha|Rage Powder|p2b: Sinistcha\n|-singleturn|p2b: Sinistcha|move: Rage Powder\n|move|p1b: Garchomp|Earthquake|p2b: Sinistcha|[spread] p1a,p2a,p2b\n|-resisted|p1a: Whimsicott|1\n|-crit|p1a: Whimsicott\n|-supereffective|p2a: Tyranitar|1\n|-resisted|p2b: Sinistcha|1\n|-damage|p1a: Whimsicott|35/100\n|-damage|p2a: Tyranitar|0 fnt\n|-damage|p2b: Sinistcha|70/100\n|faint|p2a: Tyranitar\n|move|p1a: Whimsicott|Moonblast|p2b: Sinistcha\n|-damage|p2b: Sinistcha|30/100\n|\n|-weather|Sandstorm|[upkeep]\n|-damage|p1a: Whimsicott|29/100|[from] Sandstorm\n|-damage|p2b: Sinistcha|24/100|[from] Sandstorm\n|-sideend|p1: wkoumei|move: Tailwind\n|upkeep\n|\n|t:|1776088729\n|switch|p2a: Incineroar|Incineroar, L50, F|42/100\n|-ability|p2a: Incineroar|Intimidate|boost\n|-unboost|p1a: Whimsicott|atk|1\n|-unboost|p1b: Garchomp|atk|1\n|turn|5\n|\n|t:|1776088735\n|move|p1a: Whimsicott|Protect|p1a: Whimsicott\n|-singleturn|p1a: Whimsicott|Protect\n|move|p2a: Incineroar|Fake Out|p1b: Garchomp\n|-damage|p1b: Garchomp|90/100\n|-damage|p2a: Incineroar|30/100|[from] ability: Rough Skin|[of] p1b: Garchomp\n|cant|p1b: Garchomp|flinch\n|move|p2b: Sinistcha|Matcha Gotcha|p1b: Garchomp|[spread] p1b\n|-activate|p1a: Whimsicott|move: Protect\n|-damage|p1b: Garchomp|58/100\n|-heal|p2b: Sinistcha|41/100|[from] drain|[of] p1b: Garchomp\n|\n|-weather|Sandstorm|[upkeep]\n|-damage|p1a: Whimsicott|23/100|[from] Sandstorm\n|-damage|p2b: Sinistcha|35/100|[from] Sandstorm\n|-damage|p2a: Incineroar|24/100|[from] Sandstorm\n|upkeep\n|turn|6\n|\n|t:|1776088755\n|switch|p2a: Corviknight|Corviknight, L50, F|79/100\n|move|p2b: Sinistcha|Protect|p2b: Sinistcha\n|-singleturn|p2b: Sinistcha|Protect\n|move|p1a: Whimsicott|Tailwind|p1a: Whimsicott\n|-sidestart|p1: wkoumei|move: Tailwind\n|move|p1b: Garchomp|Earthquake|p2a: Corviknight|[spread] p1a\n|-activate|p2b: Sinistcha|move: Protect\n|-immune|p2a: Corviknight\n|-resisted|p1a: Whimsicott|1\n|-damage|p1a: Whimsicott|1/100\n|\n|-weather|none\n|-heal|p2a: Corviknight|85/100|[from] item: Leftovers\n|upkeep\n|turn|7\n|\n|t:|1776088770\n|move|p1b: Garchomp|Earthquake|p2a: Corviknight|[spread] p1a,p2b\n|-immune|p2a: Corviknight\n|-resisted|p1a: Whimsicott|1\n|-resisted|p2b: Sinistcha|1\n|-damage|p1a: Whimsicott|0 fnt\n|-damage|p2b: Sinistcha|21/100\n|faint|p1a: Whimsicott\n|move|p2b: Sinistcha|Matcha Gotcha|p1b: Garchomp\n|-damage|p1b: Garchomp|17/100\n|-heal|p2b: Sinistcha|44/100|[from] drain|[of] p1b: Garchomp\n|move|p2a: Corviknight|Bulk Up|p2a: Corviknight\n|-boost|p2a: Corviknight|atk|1\n|-boost|p2a: Corviknight|def|1\n|\n|-heal|p2a: Corviknight|91/100|[from] item: Leftovers\n|upkeep\n|\n|t:|1776088776\n|switch|p1a: Delphox|Delphox-Mega, L50, M|95/100\n|turn|8\n|\n|t:|1776088795\n|move|p1a: Delphox|Protect|p1a: Delphox\n|-singleturn|p1a: Delphox|Protect\n|move|p1b: Garchomp|Earthquake|p2b: Sinistcha|[spread] p2b\n|-activate|p1a: Delphox|move: Protect\n|-immune|p2a: Corviknight\n|-resisted|p2b: Sinistcha|1\n|-damage|p2b: Sinistcha|31/100\n|move|p2b: Sinistcha|Matcha Gotcha|p1b: Garchomp|[spread] p1b\n|-activate|p1a: Delphox|move: Protect\n|-damage|p1b: Garchomp|0 fnt\n|-heal|p2b: Sinistcha|39/100|[from] drain|[of] p1b: Garchomp\n|faint|p1b: Garchomp\n|move|p2a: Corviknight|Brave Bird|p1a: Delphox\n|-activate|p1a: Delphox|move: Protect\n|\n|-heal|p2a: Corviknight|97/100|[from] item: Leftovers\n|upkeep\n|turn|9\n|inactive|drakensagg has 30 seconds left.\n|\n|t:|1776088822\n|switch|p2b: Incineroar|Incineroar, L50, F|24/100\n|-ability|p2b: Incineroar|Intimidate|boost\n|-unboost|p1a: Delphox|atk|1\n|move|p2a: Corviknight|Protect|p2a: Corviknight\n|-singleturn|p2a: Corviknight|Protect\n|move|p1a: Delphox|Heat Wave|p2b: Incineroar|[spread] p2b\n|-activate|p2a: Corviknight|move: Protect\n|-resisted|p2b: Incineroar|1\n|-damage|p2b: Incineroar|4/100\n|\n|-heal|p2a: Corviknight|100/100|[from] item: Leftovers\n|-sideend|p1: wkoumei|move: Tailwind\n|upkeep\n|turn|10\n|inactive|drakensagg has 30 seconds left.\n|\n|t:|1776088848\n|move|p1a: Delphox|Protect|p1a: Delphox\n|-singleturn|p1a: Delphox|Protect\n|move|p2b: Incineroar|Fake Out|p1a: Delphox\n|-activate|p1a: Delphox|move: Protect\n|move|p2a: Corviknight|Brave Bird|p1a: Delphox\n|-activate|p1a: Delphox|move: Protect\n|\n|upkeep\n|turn|11\n|\n|t:|1776088860\n|switch|p2b: Sinistcha|Sinistcha-Masterpiece, L50|39/100\n|move|p2a: Corviknight|Protect|p2a: Corviknight\n|-singleturn|p2a: Corviknight|Protect\n|move|p1a: Delphox|Heat Wave|p2a: Corviknight|[spread] p2b\n|-activate|p2a: Corviknight|move: Protect\n|-supereffective|p2b: Sinistcha|1\n|-damage|p2b: Sinistcha|0 fnt\n|faint|p2b: Sinistcha\n|\n|upkeep\n|\n|t:|1776088868\n|switch|p2b: Incineroar|Incineroar, L50, F|4/100\n|-ability|p2b: Incineroar|Intimidate|boost\n|-unboost|p1a: Delphox|atk|1\n|turn|12\n|\n|t:|1776088879\n|move|p1a: Delphox|Protect|p1a: Delphox\n|-singleturn|p1a: Delphox|Protect\n|move|p2b: Incineroar|Fake Out|p1a: Delphox\n|-activate|p1a: Delphox|move: Protect\n|move|p2a: Corviknight|Roost||[still]\n|-fail|p2a: Corviknight|heal\n|\n|upkeep\n|turn|13\n|\n|t:|1776088886\n|move|p1a: Delphox|Heat Wave|p2b: Incineroar|[spread] p2a\n|-miss|p1a: Delphox|p2b: Incineroar\n|-supereffective|p2a: Corviknight|1\n|-damage|p2a: Corviknight|19/100\n|move|p2a: Corviknight|Brave Bird|p1a: Delphox\n|-damage|p1a: Delphox|0 fnt\n|faint|p1a: Delphox\n|-damage|p2a: Corviknight|0 fnt|[from] Recoil\n|faint|p2a: Corviknight\n|\n|win|drakensagg\n|raw|wkoumei's rating: 1127 &rarr; <strong>1098</strong><br />(-29 for losing)\n|raw|drakensagg's rating: 1077 &rarr; <strong>1110</strong><br />(+33 for winning)\n",
  "uploadtime": 1776088898,
  "views": 12,
  "formatid": "gen9championsvgc2026regma",
  "rating": 1098,
  "private": 0,
  "password": null
}