{
  "id": "gen9championsvgc2026regma-2587410895",
  "format": "[Gen 9 Champions] VGC 2026 Reg M-A",
  "players": [
    "Napoxb",
    "Kondroid"
  ],
  "log": "|j|\u2606Napoxb\n|j|\u2606Kondroid\n|t:|1776529544\n|gametype|doubles\n|player|p1|Napoxb|blue|1172\n|player|p2|Kondroid|hilbert-wonderlauncher|1177\n|gen|9\n|tier|[Gen 9 Champions] VGC 2026 Reg M-A\n|rated|\n|rule|Species Clause: Limit one of each Pok\u00e9mon\n|rule|Item Clause: Limit 1 of each item\n|clearpoke\n|poke|p1|Gengar, L50, F|\n|poke|p1|Archaludon, L50, F|\n|poke|p1|Politoed, L50, M|\n|poke|p1|Incineroar, L50, M|\n|poke|p1|Dragonite, L50, M|\n|poke|p1|Blastoise, L50, F|\n|poke|p2|Crabominable, L50, M, shiny|\n|poke|p2|Slowking-Galar, L50, F|\n|poke|p2|Golurk, L50, shiny|\n|poke|p2|Oranguru, L50, M|\n|poke|p2|Incineroar, L50, M|\n|poke|p2|Hydreigon, L50, M, shiny|\n|teampreview|4\n|inactive|Battle timer is ON: inactive players will automatically lose when time's up. (requested by Kondroid)\n|\n|t:|1776529570\n|teamsize|p1|4\n|teamsize|p2|4\n|start\n|switch|p1a: Gengar|Gengar, L50, F|100/100\n|switch|p1b: Incineroar|Incineroar, L50, M|100/100\n|switch|p2a: Slowking|Slowking-Galar, L50, F|100/100\n|switch|p2b: Incineroar|Incineroar, L50, M|100/100\n|-ability|p2b: Incineroar|Intimidate|boost\n|-unboost|p1a: Gengar|atk|1\n|-unboost|p1b: Incineroar|atk|1\n|-ability|p1b: Incineroar|Intimidate|boost\n|-unboost|p2a: Slowking|atk|1\n|-unboost|p2b: Incineroar|atk|1\n|turn|1\n|inactive|Napoxb has 30 seconds left.\n|inactive|Napoxb has 20 seconds left.\n|inactive|Napoxb has 15 seconds left.\n|inactive|Napoxb has 10 seconds left.\n|inactive|Napoxb has 5 seconds left.\n|\n|t:|1776529620\n|switch|p1b: Blastoise|Blastoise, L50, F|100/100\n|detailschange|p1a: Gengar|Gengar-Mega, L50, F\n|-mega|p1a: Gengar|Gengar|Gengarite\n|move|p2b: Incineroar|Fake Out|p1b: Blastoise\n|-damage|p1b: Blastoise|94/100\n|move|p1a: Gengar|Shadow Ball|p2a: Slowking\n|-supereffective|p2a: Slowking|1\n|-damage|p2a: Slowking|26/100\n|move|p2a: Slowking|Trick Room|p2a: Slowking\n|-fieldstart|move: Trick Room|[of] p2a: Slowking\n|\n|-heal|p2a: Slowking|32/100|[from] item: Leftovers\n|upkeep\n|turn|2\n|inactive|Napoxb has 30 seconds left.\n|inactive|Napoxb has 20 seconds left.\n|inactive|Napoxb has 15 seconds left.\n|inactive|Napoxb has 10 seconds left.\n|\n|t:|1776529666\n|move|p1a: Gengar|Protect|p1a: Gengar\n|-singleturn|p1a: Gengar|Protect\n|move|p1b: Blastoise|Fake Out|p2a: Slowking\n|-damage|p2a: Slowking|26/100\n|-prepare|p2a: Slowking|Chilly Reception|[premajor]\n|cant|p2a: Slowking|flinch\n|move|p2b: Incineroar|Parting Shot|p1a: Gengar\n|-activate|p1a: Gengar|move: Protect\n|\n|-heal|p2a: Slowking|32/100|[from] item: Leftovers\n|upkeep\n|turn|3\n|\n|t:|1776529682\n|-prepare|p2a: Slowking|Chilly Reception|[premajor]\n|move|p2a: Slowking|Chilly Reception|p2a: Slowking\n|-weather|Snowscape\n|\n|t:|1776529687\n|switch|p2a: Crabominable|Crabominable, L50, M, shiny|100/100|[from] Chilly Reception\n|move|p2b: Incineroar|Parting Shot|p1a: Gengar\n|-unboost|p1a: Gengar|atk|1\n|-unboost|p1a: Gengar|spa|1\n|\n|t:|1776529695\n|switch|p2b: Slowking|Slowking-Galar, L50, F|65/100|[from] Parting Shot\n|move|p1b: Blastoise|Flip Turn|p2b: Slowking\n|-damage|p2b: Slowking|50/100\n|\n|t:|1776529705\n|switch|p1b: Incineroar|Incineroar, L50, M|100/100|[from] Flip Turn\n|-ability|p1b: Incineroar|Intimidate|boost\n|-fail|p2a: Crabominable|unboost|Attack|[from] ability: Hyper Cutter|[of] p2a: Crabominable\n|-unboost|p2b: Slowking|atk|1\n|move|p1a: Gengar|Shadow Ball|p2a: Crabominable\n|-damage|p2a: Crabominable|66/100\n|\n|-weather|Snowscape|[upkeep]\n|-heal|p2b: Slowking|56/100|[from] item: Leftovers\n|upkeep\n|turn|4\n|inactive|Napoxb has 30 seconds left.\n|inactive|Napoxb has 20 seconds left.\n|inactive|Napoxb has 15 seconds left.\n|\n|t:|1776529747\n|detailschange|p2a: Crabominable|Crabominable-Mega, L50, M, shiny\n|-mega|p2a: Crabominable|Crabominable|Crabominite\n|move|p2a: Crabominable|Protect|p2a: Crabominable\n|-singleturn|p2a: Crabominable|Protect\n|move|p1b: Incineroar|Fake Out|p2a: Crabominable\n|-activate|p2a: Crabominable|move: Protect\n|move|p2b: Slowking|Psychic Noise|p1a: Gengar\n|-supereffective|p1a: Gengar|1\n|-damage|p1a: Gengar|36/100\n|-start|p1a: Gengar|move: Heal Block\n|move|p1a: Gengar|Shadow Ball|p2b: Slowking\n|-supereffective|p2b: Slowking|1\n|-damage|p2b: Slowking|12/100\n|\n|-weather|Snowscape|[upkeep]\n|-heal|p2b: Slowking|18/100|[from] item: Leftovers\n|upkeep\n|turn|5\n|inactive|Napoxb has 30 seconds left.\n|\n|t:|1776529776\n|move|p1a: Gengar|Protect|p1a: Gengar\n|-singleturn|p1a: Gengar|Protect\n|move|p2b: Slowking|Psychic Noise|p1a: Gengar\n|-activate|p1a: Gengar|move: Protect\n|move|p2a: Crabominable|Drain Punch|p1b: Incineroar\n|-supereffective|p1b: Incineroar|1\n|-crit|p1b: Incineroar\n|-damage|p1b: Incineroar|0 fnt\n|-heal|p2a: Crabominable|100/100|[from] drain|[of] p1b: Incineroar\n|faint|p1b: Incineroar\n|\n|-weather|Snowscape|[upkeep]\n|-heal|p2b: Slowking|24/100|[from] item: Leftovers\n|-end|p1a: Gengar|move: Heal Block\n|-fieldend|move: Trick Room\n|upkeep\n|\n|t:|1776529795\n|switch|p1b: Blastoise|Blastoise, L50, F|94/100\n|turn|6\n|inactive|Kondroid has 30 seconds left.\n|inactive|Napoxb has 30 seconds left.\n|inactive|Napoxb has 20 seconds left.\n|inactive|Napoxb has 15 seconds left.\n|inactive|Kondroid has 20 seconds left.\n|inactive|Kondroid has 15 seconds left.\n|\n|t:|1776529848\n|move|p1b: Blastoise|Fake Out|p2a: Crabominable\n|-damage|p2a: Crabominable|97/100\n|move|p1a: Gengar|Shadow Ball|p2b: Slowking\n|-supereffective|p2b: Slowking|1\n|-damage|p2b: Slowking|0 fnt\n|faint|p2b: Slowking\n|cant|p2a: Crabominable|flinch\n|\n|-weather|Snowscape|[upkeep]\n|upkeep\n|\n|t:|1776529852\n|switch|p2b: Incineroar|Incineroar, L50, M|100/100\n|-ability|p2b: Incineroar|Intimidate|boost\n|-unboost|p1a: Gengar|atk|1\n|-unboost|p1b: Blastoise|atk|1\n|turn|7\n|\n|t:|1776529869\n|move|p1a: Gengar|Protect|p1a: Gengar\n|-singleturn|p1a: Gengar|Protect\n|move|p1b: Blastoise|Protect|p1b: Blastoise\n|-singleturn|p1b: Blastoise|Protect\n|move|p2b: Incineroar|Fake Out|p1b: Blastoise\n|-activate|p1b: Blastoise|move: Protect\n|move|p2a: Crabominable|Ice Hammer|p1a: Gengar\n|-activate|p1a: Gengar|move: Protect\n|\n|-weather|none\n|upkeep\n|turn|8\n|inactive|Napoxb has 30 seconds left.\n|inactive|Napoxb has 20 seconds left.\n|\n|t:|1776529907\n|switch|p1a: Politoed|Politoed, L50, M|100/100\n|-weather|RainDance|[from] ability: Drizzle|[of] p1a: Politoed\n|move|p2a: Crabominable|Protect|p2a: Crabominable\n|-singleturn|p2a: Crabominable|Protect\n|move|p1b: Blastoise|Flip Turn|p2b: Incineroar\n|-supereffective|p2b: Incineroar|1\n|-damage|p2b: Incineroar|70/100\n|\n|t:|1776529917\n|switch|p1b: Gengar|Gengar-Mega, L50, F|36/100|[from] Flip Turn\n|move|p2b: Incineroar|Darkest Lariat|p1a: Politoed\n|-damage|p1a: Politoed|66/100\n|\n|-weather|RainDance|[upkeep]\n|upkeep\n|turn|9\n|\n|t:|1776529937\n|move|p1b: Gengar|Perish Song|p1b: Gengar\n|-start|p1a: Politoed|perish3|[silent]\n|-start|p1b: Gengar|perish3|[silent]\n|-start|p2a: Crabominable|perish3|[silent]\n|-start|p2b: Incineroar|perish3|[silent]\n|-fieldactivate|move: Perish Song\n|move|p1a: Politoed|Weather Ball|p2b: Incineroar\n|-supereffective|p2b: Incineroar|1\n|-damage|p2b: Incineroar|0 fnt\n|faint|p2b: Incineroar\n|move|p2a: Crabominable|Ice Hammer|p1b: Gengar|[miss]\n|-miss|p2a: Crabominable|p1b: Gengar\n|\n|-weather|RainDance|[upkeep]\n|-start|p1b: Gengar|perish3\n|-start|p1a: Politoed|perish3\n|-start|p2a: Crabominable|perish3\n|upkeep\n|\n|t:|1776529946\n|switch|p2b: Hydreigon|Hydreigon, L50, M, shiny|100/100\n|turn|10\n|inactive|Napoxb has 30 seconds left.\n|\n|t:|1776529973\n|switch|p1b: Blastoise|Blastoise, L50, F|94/100\n|move|p1a: Politoed|Protect|p1a: Politoed\n|-singleturn|p1a: Politoed|Protect\n|move|p2b: Hydreigon|Dark Pulse|p1b: Blastoise\n|-damage|p1b: Blastoise|60/100\n|move|p2a: Crabominable|Drain Punch|p1a: Politoed\n|-activate|p1a: Politoed|move: Protect\n|\n|-weather|RainDance|[upkeep]\n|-heal|p1b: Blastoise|66/100|[from] ability: Rain Dish\n|-start|p1a: Politoed|perish2\n|-start|p2a: Crabominable|perish2\n|upkeep\n|turn|11\n|inactive|Napoxb has 30 seconds left.\n|inactive|Kondroid has 30 seconds left.\n|inactive|Napoxb has 20 seconds left.\n|inactive|Napoxb has 15 seconds left.\n|\n|t:|1776530014\n|move|p1b: Blastoise|Fake Out|p2a: Crabominable\n|-damage|p2a: Crabominable|91/100\n|move|p2b: Hydreigon|Dark Pulse|p1a: Politoed\n|-damage|p1a: Politoed|28/100\n|-enditem|p1a: Politoed|Sitrus Berry|[eat]\n|-heal|p1a: Politoed|53/100|[from] item: Sitrus Berry\n|move|p1a: Politoed|Perish Song|p1a: Politoed\n|-start|p1b: Blastoise|perish3|[silent]\n|-start|p2b: Hydreigon|perish3|[silent]\n|-fieldactivate|move: Perish Song\n|cant|p2a: Crabominable|flinch\n|\n|-weather|RainDance|[upkeep]\n|-heal|p1b: Blastoise|72/100|[from] ability: Rain Dish\n|-start|p2b: Hydreigon|perish3\n|-start|p1a: Politoed|perish1\n|-start|p1b: Blastoise|perish3\n|-start|p2a: Crabominable|perish1\n|upkeep\n|turn|12\n|inactive|Napoxb has 30 seconds left.\n|inactive|Napoxb has 20 seconds left.\n|inactive|Kondroid has 30 seconds left.\n|inactive|Napoxb has 15 seconds left.\n|inactive|Napoxb has 10 seconds left.\n|inactive|Kondroid has 20 seconds left.\n|inactive|Napoxb has 5 seconds left.\n|inactive|Kondroid has 15 seconds left.\n|\n|t:|1776530058\n|move|p1a: Politoed|Protect|p1a: Politoed\n|-singleturn|p1a: Politoed|Protect\n|move|p2b: Hydreigon|Dark Pulse|p1a: Politoed\n|-activate|p1a: Politoed|move: Protect\n|move|p1b: Blastoise|Flip Turn|p2a: Crabominable\n|-damage|p2a: Crabominable|72/100\n|inactive|Napoxb has 5 seconds left this turn.\n|-message|Napoxb lost due to inactivity.\n|\n|win|Kondroid\n|raw|Napoxb's rating: 1172 &rarr; <strong>1147</strong><br />(-25 for losing)\n|raw|Kondroid's rating: 1177 &rarr; <strong>1202</strong><br />(+25 for winning)\n|l|\u2606Napoxb\n|player|p1|\n|c|\u2606Kondroid|?\n",
  "uploadtime": 1776530081,
  "views": 12,
  "formatid": "gen9championsvgc2026regma",
  "rating": 1147,
  "private": 0,
  "password": null
}