{
  "id": "gen9championsvgc2026regma-2585786310",
  "format": "[Gen 9 Champions] VGC 2026 Reg M-A",
  "players": [
    "worfin18",
    "bus"
  ],
  "log": "|j|\u2606worfin18\n|j|\u2606bus\n|t:|1776370539\n|gametype|doubles\n|player|p1|worfin18|n|1047\n|player|p2|bus|sabrina|1000\n|gen|9\n|tier|[Gen 9 Champions] VGC 2026 Reg M-A\n|rated|\n|rule|Species Clause: Limit one of each Pok\u00e9mon\n|rule|Item Clause: Limit 1 of each item\n|clearpoke\n|poke|p1|Talonflame, L50, M|\n|poke|p1|Gardevoir, L50, F|\n|poke|p1|Aegislash, L50, M|\n|poke|p1|Krookodile, L50, M|\n|poke|p1|Maushold, L50|\n|poke|p1|Rotom-Wash, L50|\n|poke|p2|Charizard, L50, F|\n|poke|p2|Meowstic, L50, M|\n|poke|p2|Kingambit, L50, M|\n|poke|p2|Archaludon, L50, F|\n|poke|p2|Dragapult, L50, M|\n|poke|p2|Dragonite, L50, M|\n|teampreview|4\n|\n|t:|1776370575\n|teamsize|p1|4\n|teamsize|p2|4\n|start\n|switch|p1a: Talonflame|Talonflame, L50, M, shiny|100/100\n|switch|p1b: Gardevoir|Gardevoir, L50, F, shiny|100/100\n|switch|p2a: Bringing the Sun|Charizard, L50, F|100/100\n|switch|p2b: Totally Scarfed|Dragonite, L50, M|100/100\n|turn|1\n|\n|t:|1776370588\n|detailschange|p2b: Totally Scarfed|Dragonite-Mega, L50, M\n|-mega|p2b: Totally Scarfed|Dragonite|Dragoninite\n|detailschange|p1b: Gardevoir|Gardevoir-Mega, L50, F, shiny\n|-mega|p1b: Gardevoir|Gardevoir|Gardevoirite\n|move|p1a: Talonflame|Tailwind|p1a: Talonflame\n|-sidestart|p1: worfin18|move: Tailwind\n|move|p1b: Gardevoir|Dazzling Gleam|p2b: Totally Scarfed|[spread] p2a,p2b\n|-resisted|p2a: Bringing the Sun|1\n|-supereffective|p2b: Totally Scarfed|1\n|-damage|p2a: Bringing the Sun|75/100\n|-damage|p2b: Totally Scarfed|57/100\n|move|p2b: Totally Scarfed|Tailwind|p2b: Totally Scarfed\n|-sidestart|p2: bus|move: Tailwind\n|move|p2a: Bringing the Sun|Belly Drum|p2a: Bringing the Sun\n|-damage|p2a: Bringing the Sun|26/100\n|-setboost|p2a: Bringing the Sun|atk|6|[from] move: Belly Drum\n|-enditem|p2a: Bringing the Sun|Sitrus Berry|[eat]\n|-heal|p2a: Bringing the Sun|50/100|[from] item: Sitrus Berry\n|\n|upkeep\n|turn|2\n|\n|t:|1776370626\n|move|p2b: Totally Scarfed|Extreme Speed|p1a: Talonflame\n|-damage|p1a: Talonflame|66/100\n|move|p1a: Talonflame|Acrobatics|p2b: Totally Scarfed\n|-damage|p2b: Totally Scarfed|10/100\n|move|p2a: Bringing the Sun|Rock Slide|p1b: Gardevoir|[spread] p1a,p1b\n|-supereffective|p1a: Talonflame|2\n|-crit|p1b: Gardevoir\n|-damage|p1a: Talonflame|0 fnt\n|-damage|p1b: Gardevoir|0 fnt\n|faint|p1a: Talonflame\n|faint|p1b: Gardevoir\n|\n|upkeep\n|\n|t:|1776370639\n|switch|p1a: Rotom|Rotom-Wash, L50|100/100\n|switch|p1b: Krookodile|Krookodile, L50, M, shiny|100/100\n|-ability|p1b: Krookodile|Intimidate|boost\n|-unboost|p2a: Bringing the Sun|atk|1\n|-unboost|p2b: Totally Scarfed|atk|1\n|turn|3\n|\n|t:|1776370669\n|move|p1b: Krookodile|Knock Off|p2b: Totally Scarfed\n|-damage|p2b: Totally Scarfed|0 fnt\n|faint|p2b: Totally Scarfed\n|move|p2a: Bringing the Sun|Acrobatics|p1a: Rotom\n|-resisted|p1a: Rotom|1\n|-damage|p1a: Rotom|6/100\n|move|p1a: Rotom|Thunderbolt|p2a: Bringing the Sun\n|-supereffective|p2a: Bringing the Sun|1\n|-damage|p2a: Bringing the Sun|0 fnt\n|faint|p2a: Bringing the Sun\n|\n|-heal|p1a: Rotom|12/100|[from] item: Leftovers\n|upkeep\n|\n|t:|1776370677\n|switch|p2b: Overlord Supreme|Kingambit, L50, M|100/100\n|switch|p2a: Tracing U|Meowstic, L50, M|100/100\n|turn|4\n|\n|t:|1776370687\n|move|p2a: Tracing U|Fake Out|p1a: Rotom\n|-damage|p1a: Rotom|4/100\n|move|p1b: Krookodile|Knock Off|p2a: Tracing U\n|-supereffective|p2a: Tracing U|1\n|-enditem|p2a: Tracing U|Focus Sash\n|-damage|p2a: Tracing U|1/100\n|cant|p1a: Rotom|flinch\n|move|p2b: Overlord Supreme|Low Kick|p1b: Krookodile\n|-supereffective|p1b: Krookodile|1\n|-damage|p1b: Krookodile|25/100\n|\n|-heal|p1a: Rotom|10/100|[from] item: Leftovers\n|-sideend|p1: worfin18|move: Tailwind\n|-sideend|p2: bus|move: Tailwind\n|upkeep\n|turn|5\n|\n|t:|1776370713\n|move|p2a: Tracing U|Tickle|p1b: Krookodile\n|-hint|Since gen 7, Dark is immune to Prankster moves.\n|-immune|p1b: Krookodile\n|move|p2b: Overlord Supreme|Sucker Punch|p1b: Krookodile\n|-resisted|p1b: Krookodile|1\n|-damage|p1b: Krookodile|2/100\n|move|p1b: Krookodile|Knock Off|p2a: Tracing U\n|-supereffective|p2a: Tracing U|1\n|-damage|p2a: Tracing U|0 fnt\n|faint|p2a: Tracing U\n|move|p1a: Rotom|Hydro Pump|p2b: Overlord Supreme\n|-damage|p2b: Overlord Supreme|43/100\n|\n|-heal|p1a: Rotom|16/100|[from] item: Leftovers\n|upkeep\n|turn|6\n|\n|t:|1776370729\n|move|p1a: Rotom|Protect|p1a: Rotom\n|-singleturn|p1a: Rotom|Protect\n|move|p2b: Overlord Supreme|Sucker Punch||[still]\n|-fail|p2b: Overlord Supreme\n|move|p1b: Krookodile|Knock Off|p2b: Overlord Supreme\n|-resisted|p2b: Overlord Supreme|1\n|-damage|p2b: Overlord Supreme|19/100\n|-enditem|p2b: Overlord Supreme|Shuca Berry|[from] move: Knock Off|[of] p1b: Krookodile\n|\n|-heal|p1a: Rotom|22/100|[from] item: Leftovers\n|upkeep\n|turn|7\n|\n|t:|1776370755\n|move|p1b: Krookodile|Knock Off|p2b: Overlord Supreme\n|-resisted|p2b: Overlord Supreme|1\n|-damage|p2b: Overlord Supreme|3/100\n|move|p1a: Rotom|Will-O-Wisp|p2b: Overlord Supreme|[miss]\n|-miss|p1a: Rotom|p2b: Overlord Supreme\n|move|p2b: Overlord Supreme|Low Kick|p1b: Krookodile\n|-supereffective|p1b: Krookodile|1\n|-damage|p1b: Krookodile|0 fnt\n|faint|p1b: Krookodile\n|\n|-heal|p1a: Rotom|28/100|[from] item: Leftovers\n|upkeep\n|turn|8\n|\n|t:|1776370764\n|move|p1a: Rotom|Protect|p1a: Rotom\n|-singleturn|p1a: Rotom|Protect\n|move|p2b: Overlord Supreme|Sucker Punch||[still]\n|-fail|p2b: Overlord Supreme\n|\n|-heal|p1a: Rotom|34/100|[from] item: Leftovers\n|upkeep\n|turn|9\n|\n|t:|1776370768\n|move|p2b: Overlord Supreme|Sucker Punch||[still]\n|-fail|p2b: Overlord Supreme\n|move|p1a: Rotom|Will-O-Wisp|p2b: Overlord Supreme\n|-status|p2b: Overlord Supreme|brn\n|\n|-heal|p1a: Rotom|40/100|[from] item: Leftovers\n|-damage|p2b: Overlord Supreme|0 fnt|[from] brn\n|faint|p2b: Overlord Supreme\n|\n|win|worfin18\n|raw|worfin18's rating: 1047 &rarr; <strong>1076</strong><br />(+29 for winning)\n|raw|bus's rating: 1000 &rarr; <strong>1000</strong><br />(+0 for losing)\n",
  "uploadtime": 1776370777,
  "views": 22,
  "formatid": "gen9championsvgc2026regma",
  "rating": 1000,
  "private": 0,
  "password": null
}