{
  "id": "gen9championsvgc2026regma-2588626718",
  "format": "[Gen 9 Champions] VGC 2026 Reg M-A",
  "players": [
    "navinsachump",
    "Hoshinaaa"
  ],
  "log": "|j|\u2606navinsachump\n|j|\u2606Hoshinaaa\n|t:|1776651467\n|gametype|doubles\n|player|p1|navinsachump|smasher|1588\n|player|p2|Hoshinaaa|rosa|1670\n|gen|9\n|tier|[Gen 9 Champions] VGC 2026 Reg M-A\n|rated|\n|rule|Species Clause: Limit one of each Pok\u00e9mon\n|rule|Item Clause: Limit 1 of each item\n|clearpoke\n|poke|p1|Charizard, L50, F|\n|poke|p1|Sneasler, L50, F|\n|poke|p1|Basculegion, L50, M|\n|poke|p1|Garchomp, L50, F|\n|poke|p1|Incineroar, L50, M|\n|poke|p1|Venusaur, L50, F|\n|poke|p2|Starmie, L50|\n|poke|p2|Incineroar, L50, M|\n|poke|p2|Sinistcha-Masterpiece, L50|\n|poke|p2|Kingambit, L50, F|\n|poke|p2|Glimmora, L50, M|\n|poke|p2|Corviknight, L50, F|\n|teampreview|4\n|j| Ogirwun\n|l|\u2606Hoshinaaa\n|player|p2|\n|inactive|Battle timer is ON: inactive players will automatically lose when time's up. (requested by navinsachump)\n|inactive|Hoshinaaa has 30 seconds to reconnect!\n|inactive|Hoshinaaa has 20 seconds to reconnect!\n|inactive|Hoshinaaa has 15 seconds to reconnect!\n|inactive|Hoshinaaa has 10 seconds to reconnect!\n|j|\u2606Hoshinaaa\n|inactive|Hoshinaaa reconnected and has 40 seconds left.\n|player|p2|Hoshinaaa|rosa|\n|inactive|Hoshinaaa also wants the timer to be on.\n|inactive|Hoshinaaa has 30 seconds left.\n|\n|t:|1776651564\n|teamsize|p1|4\n|teamsize|p2|4\n|start\n|switch|p1a: Sneasler|Sneasler, L50, F|100/100\n|switch|p1b: Basculegion|Basculegion, L50, M|100/100\n|switch|p2a: Glimmora|Glimmora, L50, M|100/100\n|switch|p2b: Starmie|Starmie, L50|100/100\n|turn|1\n|j| araquanid1027\n|\n|t:|1776651587\n|move|p1a: Sneasler|Protect|p1a: Sneasler\n|-singleturn|p1a: Sneasler|Protect\n|move|p2b: Starmie|Protect|p2b: Starmie\n|-singleturn|p2b: Starmie|Protect\n|move|p2a: Glimmora|Spiky Shield|p2a: Glimmora\n|-singleturn|p2a: Glimmora|move: Protect\n|move|p1b: Basculegion|Flip Turn|p2b: Starmie\n|-activate|p2b: Starmie|move: Protect\n|\n|upkeep\n|turn|2\n|inactive|navinsachump has 30 seconds left.\n|\n|t:|1776651616\n|detailschange|p2b: Starmie|Starmie-Mega, L50\n|-mega|p2b: Starmie|Starmie|Starminite\n|move|p1b: Basculegion|Flip Turn|p2a: Glimmora\n|-supereffective|p2a: Glimmora|1\n|-damage|p2a: Glimmora|5/100\n|-activate|p2a: Glimmora|ability: Toxic Debris\n|-sidestart|p1: navinsachump|move: Toxic Spikes\n|\n|t:|1776651624\n|switch|p1b: Venusaur|Venusaur, L50, F|100/100|[from] Flip Turn\n|-sideend|p1: navinsachump|move: Toxic Spikes|[of] p1b: Venusaur\n|move|p1a: Sneasler|Close Combat|p2b: Starmie\n|-resisted|p2b: Starmie|1\n|-damage|p2b: Starmie|55/100\n|-unboost|p1a: Sneasler|def|1\n|-unboost|p1a: Sneasler|spd|1\n|-enditem|p1a: Sneasler|White Herb\n|-clearnegativeboost|p1a: Sneasler|[silent]\n|move|p2b: Starmie|Liquidation|p1a: Sneasler\n|-damage|p1a: Sneasler|0 fnt\n|faint|p1a: Sneasler\n|move|p2a: Glimmora|Power Gem|p1b: Venusaur\n|-damage|p1b: Venusaur|46/100\n|\n|upkeep\n|\n|t:|1776651633\n|switch|p1a: Charizard|Charizard, L50, F|100/100\n|turn|3\n|\n|t:|1776651643\n|switch|p2a: Incineroar|Incineroar, L50, M|100/100\n|-ability|p2a: Incineroar|Intimidate|boost\n|-unboost|p1a: Charizard|atk|1\n|-unboost|p1b: Venusaur|atk|1\n|detailschange|p1a: Charizard|Charizard-Mega-Y, L50, F\n|-mega|p1a: Charizard|Charizard|Charizardite Y\n|-weather|SunnyDay|[from] ability: Drought|[of] p1a: Charizard\n|move|p2b: Starmie|Protect|p2b: Starmie\n|-singleturn|p2b: Starmie|Protect\n|move|p1b: Venusaur|Energy Ball|p2b: Starmie\n|-activate|p2b: Starmie|move: Protect\n|move|p1a: Charizard|Heat Wave|p2b: Starmie|[spread] p2a\n|-activate|p2b: Starmie|move: Protect\n|-resisted|p2a: Incineroar|1\n|-damage|p2a: Incineroar|72/100\n|\n|-weather|SunnyDay|[upkeep]\n|upkeep\n|turn|4\n|\n|t:|1776651666\n|switch|p1b: Basculegion|Basculegion, L50, M|100/100\n|switch|p2b: Glimmora|Glimmora, L50, M|5/100\n|move|p1a: Charizard|Heat Wave|p2b: Glimmora|[spread] p2b\n|-miss|p1a: Charizard|p2a: Incineroar\n|-resisted|p2b: Glimmora|1\n|-crit|p2b: Glimmora\n|-damage|p2b: Glimmora|0 fnt\n|faint|p2b: Glimmora\n|move|p2a: Incineroar|Flare Blitz|p1b: Basculegion\n|-resisted|p1b: Basculegion|1\n|-damage|p1b: Basculegion|54/100\n|-damage|p2a: Incineroar|57/100|[from] Recoil\n|\n|-weather|SunnyDay|[upkeep]\n|upkeep\n|\n|t:|1776651683\n|switch|p2b: Starmie|Starmie-Mega, L50|55/100\n|turn|5\n|\n|t:|1776651692\n|move|p1b: Basculegion|Last Respects|p2a: Incineroar\n|-resisted|p2a: Incineroar|1\n|-damage|p2a: Incineroar|31/100\n|-enditem|p2a: Incineroar|Sitrus Berry|[eat]\n|-heal|p2a: Incineroar|56/100|[from] item: Sitrus Berry\n|move|p2b: Starmie|Liquidation|p1a: Charizard\n|-supereffective|p1a: Charizard|1\n|-damage|p1a: Charizard|2/100\n|move|p1a: Charizard|Heat Wave|p2a: Incineroar|[spread] p2a,p2b\n|-resisted|p2a: Incineroar|1\n|-resisted|p2b: Starmie|1\n|-damage|p2a: Incineroar|28/100\n|-damage|p2b: Starmie|9/100\n|move|p2a: Incineroar|Darkest Lariat|p1b: Basculegion\n|-supereffective|p1b: Basculegion|1\n|-damage|p1b: Basculegion|0 fnt\n|faint|p1b: Basculegion\n|\n|-weather|SunnyDay|[upkeep]\n|upkeep\n|\n|t:|1776651696\n|switch|p1b: Venusaur|Venusaur, L50, F|46/100\n|turn|6\n|\n|t:|1776651716\n|move|p2b: Starmie|Protect|p2b: Starmie\n|-singleturn|p2b: Starmie|Protect\n|move|p1b: Venusaur|Energy Ball|p2b: Starmie\n|-activate|p2b: Starmie|move: Protect\n|move|p1a: Charizard|Weather Ball|p2a: Incineroar\n|-resisted|p2a: Incineroar|1\n|-damage|p2a: Incineroar|0 fnt\n|faint|p2a: Incineroar\n|\n|-weather|SunnyDay|[upkeep]\n|upkeep\n|\n|t:|1776651728\n|switch|p2a: Corviknight|Corviknight, L50, F|100/100\n|turn|7\n|\n|t:|1776651736\n|move|p2b: Starmie|Aqua Jet|p1a: Charizard\n|-supereffective|p1a: Charizard|1\n|-damage|p1a: Charizard|0 fnt\n|faint|p1a: Charizard\n|move|p1b: Venusaur|Energy Ball|p2b: Starmie\n|-supereffective|p2b: Starmie|1\n|-damage|p2b: Starmie|0 fnt\n|faint|p2b: Starmie\n|move|p2a: Corviknight|Brave Bird|p1b: Venusaur\n|-supereffective|p1b: Venusaur|1\n|-crit|p1b: Venusaur\n|-damage|p1b: Venusaur|0 fnt\n|faint|p1b: Venusaur\n|-damage|p2a: Corviknight|88/100|[from] Recoil\n|\n|win|Hoshinaaa\n|raw|navinsachump's rating: 1588 &rarr; <strong>1573</strong><br />(-15 for losing)\n|raw|Hoshinaaa's rating: 1670 &rarr; <strong>1685</strong><br />(+15 for winning)\n|l|\u2606navinsachump\n|player|p1|\n|l| araquanid1027\n|l|\u2606Hoshinaaa\n|player|p2|\n|l| Ogirwun\n",
  "uploadtime": 1776651768,
  "views": 12,
  "formatid": "gen9championsvgc2026regma",
  "rating": 1573,
  "private": 0,
  "password": null
}