{
  "id": "gen9championsvgc2026regma-2584318252",
  "format": "[Gen 9 Champions] VGC 2026 Reg M-A",
  "players": [
    "dylvgc",
    "SNlol"
  ],
  "log": "|j|\u2606dylvgc\n|j|\u2606SNlol\n|t:|1776250676\n|gametype|doubles\n|player|p1|dylvgc|lida|1180\n|player|p2|SNlol|102|1140\n|gen|9\n|tier|[Gen 9 Champions] VGC 2026 Reg M-A\n|rated|\n|rule|Species Clause: Limit one of each Pok\u00e9mon\n|rule|Item Clause: Limit 1 of each item\n|clearpoke\n|poke|p1|Clefable, L50, F|\n|poke|p1|Garchomp, L50, F|\n|poke|p1|Delphox, L50, F|\n|poke|p1|Rotom-Wash, L50|\n|poke|p1|Sneasler, L50, F|\n|poke|p1|Kleavor, L50, F|\n|poke|p2|Decidueye-Hisui, L50, M|\n|poke|p2|Greninja-*, L50, F|\n|poke|p2|Incineroar, L50, M|\n|poke|p2|Pelipper, L50, M|\n|poke|p2|Archaludon, L50, M|\n|poke|p2|Sinistcha, L50|\n|teampreview|4\n|\n|t:|1776250727\n|teamsize|p1|4\n|teamsize|p2|4\n|start\n|switch|p1a: Sneasler|Sneasler, L50, F, shiny|100/100\n|switch|p1b: Kleavor|Kleavor, L50, F, shiny|100/100\n|switch|p2a: Pelipper|Pelipper, L50, M|100/100\n|switch|p2b: Incineroar|Incineroar, L50, M, shiny|100/100\n|-ability|p2b: Incineroar|Intimidate|boost\n|-unboost|p1a: Sneasler|atk|1\n|-unboost|p1b: Kleavor|atk|1\n|-weather|RainDance|[from] ability: Drizzle|[of] p2a: Pelipper\n|turn|1\n|\n|t:|1776250752\n|move|p1a: Sneasler|Protect|p1a: Sneasler\n|-singleturn|p1a: Sneasler|Protect\n|move|p2b: Incineroar|Fake Out|p1a: Sneasler\n|-activate|p1a: Sneasler|move: Protect\n|move|p1b: Kleavor|Stone Axe|p2a: Pelipper|[miss]\n|-miss|p1b: Kleavor|p2a: Pelipper\n|move|p2a: Pelipper|Tailwind|p2a: Pelipper\n|-sidestart|p2: SNlol|move: Tailwind\n|\n|-weather|RainDance|[upkeep]\n|upkeep\n|turn|2\n|\n|t:|1776250777\n|move|p2b: Incineroar|Parting Shot|p1b: Kleavor\n|-unboost|p1b: Kleavor|atk|1\n|-unboost|p1b: Kleavor|spa|1\n|\n|t:|1776250780\n|switch|p2b: Archaludon|Archaludon, L50, M|100/100|[from] Parting Shot\n|move|p1b: Kleavor|Stone Axe|p2a: Pelipper\n|-supereffective|p2a: Pelipper|1\n|-damage|p2a: Pelipper|51/100\n|-sidestart|p2: SNlol|move: Stealth Rock\n|move|p1a: Sneasler|Close Combat|p2b: Archaludon\n|-supereffective|p2b: Archaludon|1\n|-damage|p2b: Archaludon|38/100\n|-unboost|p1a: Sneasler|def|1\n|-unboost|p1a: Sneasler|spd|1\n|-ability|p2b: Archaludon|Stamina|boost\n|-boost|p2b: Archaludon|def|1\n|move|p2a: Pelipper|Hurricane|p1a: Sneasler\n|-supereffective|p1a: Sneasler|1\n|-crit|p1a: Sneasler\n|-enditem|p1a: Sneasler|Focus Sash\n|-damage|p1a: Sneasler|1/100\n|\n|-weather|RainDance|[upkeep]\n|upkeep\n|turn|3\n|\n|t:|1776250825\n|move|p2a: Pelipper|Protect|p2a: Pelipper\n|-singleturn|p2a: Pelipper|Protect\n|move|p1a: Sneasler|Close Combat|p2b: Archaludon\n|-supereffective|p2b: Archaludon|1\n|-damage|p2b: Archaludon|0 fnt\n|-unboost|p1a: Sneasler|def|1\n|-unboost|p1a: Sneasler|spd|1\n|faint|p2b: Archaludon\n|move|p1b: Kleavor|Stone Axe|p2a: Pelipper\n|-activate|p2a: Pelipper|move: Protect\n|\n|-weather|RainDance|[upkeep]\n|upkeep\n|\n|t:|1776250843\n|switch|p2b: Incineroar|Incineroar, L50, M, shiny|100/100\n|-damage|p2b: Incineroar|76/100|[from] Stealth Rock\n|-ability|p2b: Incineroar|Intimidate|boost\n|-unboost|p1a: Sneasler|atk|1\n|-unboost|p1b: Kleavor|atk|1\n|turn|4\n|\n|t:|1776250856\n|switch|p1b: Rotom|Rotom-Wash, L50, shiny|100/100\n|move|p1a: Sneasler|Protect|p1a: Sneasler\n|-singleturn|p1a: Sneasler|Protect\n|move|p2b: Incineroar|Fake Out|p1a: Sneasler\n|-activate|p1a: Sneasler|move: Protect\n|move|p2a: Pelipper|Hurricane|p1b: Rotom\n|-resisted|p1b: Rotom|1\n|-damage|p1b: Rotom|81/100\n|\n|-weather|RainDance|[upkeep]\n|-sideend|p2: SNlol|move: Tailwind\n|upkeep\n|turn|5\n|\n|t:|1776250876\n|switch|p1a: Garchomp|Garchomp, L50, F, shiny|100/100\n|move|p2a: Pelipper|Protect|p2a: Pelipper\n|-singleturn|p2a: Pelipper|Protect\n|move|p1b: Rotom|Discharge|p2b: Incineroar|[spread] p2b\n|-activate|p2a: Pelipper|move: Protect\n|-immune|p1a: Garchomp\n|-damage|p2b: Incineroar|56/100\n|-status|p2b: Incineroar|par\n|move|p2b: Incineroar|Flare Blitz|p1a: Garchomp\n|-resisted|p1a: Garchomp|1\n|-damage|p1a: Garchomp|89/100\n|-damage|p2b: Incineroar|43/100 par|[from] ability: Rough Skin|[of] p1a: Garchomp\n|-enditem|p2b: Incineroar|Sitrus Berry|[eat]\n|-heal|p2b: Incineroar|68/100 par|[from] item: Sitrus Berry\n|-damage|p2b: Incineroar|64/100 par|[from] Recoil\n|\n|-weather|none\n|upkeep\n|turn|6\n|\n|t:|1776250905\n|move|p1a: Garchomp|Earthquake|p2b: Incineroar|[spread] p2b\n|-immune|p1b: Rotom|[from] ability: Levitate\n|-immune|p2a: Pelipper\n|-supereffective|p2b: Incineroar|1\n|-damage|p2b: Incineroar|0 fnt\n|faint|p2b: Incineroar\n|move|p1b: Rotom|Discharge|p2a: Pelipper|[spread] p2a\n|-immune|p1a: Garchomp\n|-supereffective|p2a: Pelipper|2\n|-damage|p2a: Pelipper|0 fnt\n|faint|p2a: Pelipper\n|\n|upkeep\n|-message|SNlol forfeited.\n|\n|win|dylvgc\n|raw|dylvgc's rating: 1180 &rarr; <strong>1202</strong><br />(+22 for winning)\n|raw|SNlol's rating: 1140 &rarr; <strong>1118</strong><br />(-22 for losing)\n|l|\u2606SNlol\n|player|p2|\n",
  "uploadtime": 1776250920,
  "views": 29,
  "formatid": "gen9championsvgc2026regma",
  "rating": 1118,
  "private": 0,
  "password": null
}