{
  "id": "gen9championsvgc2026regma-2588028282",
  "format": "[Gen 9 Champions] VGC 2026 Reg M-A",
  "players": [
    "kuoli00021",
    "Keyan_Sans"
  ],
  "log": "|j|\u2606kuoli00021\n|j|\u2606Keyan_Sans\n|t:|1776595060\n|gametype|doubles\n|player|p1|kuoli00021|1|1282\n|player|p2|Keyan_Sans|hugh|1320\n|gen|9\n|tier|[Gen 9 Champions] VGC 2026 Reg M-A\n|rated|\n|rule|Species Clause: Limit one of each Pok\u00e9mon\n|rule|Item Clause: Limit 1 of each item\n|clearpoke\n|poke|p1|Whimsicott, L50, F|\n|poke|p1|Farigiraf, L50, M|\n|poke|p1|Torkoal, L50, M|\n|poke|p1|Ampharos, L50, M|\n|poke|p1|Crabominable, L50, F|\n|poke|p1|Kingambit, L50, F|\n|poke|p2|Dragonite, L50, F|\n|poke|p2|Pelipper, L50, M|\n|poke|p2|Basculegion, L50, M|\n|poke|p2|Archaludon, L50, M|\n|poke|p2|Sneasler, L50, M|\n|poke|p2|Maushold-Four, L50|\n|teampreview|4\n|inactive|Battle timer is ON: inactive players will automatically lose when time's up. (requested by kuoli00021)\nKeyan_Sans rejected open team sheets.\n|inactive|Keyan_Sans has 60 seconds left.\n|\n|t:|1776595107\n|teamsize|p1|4\n|teamsize|p2|4\n|start\n|switch|p1a: Farigiraf|Farigiraf, L50, M|100/100\n|switch|p1b: Whimsicott|Whimsicott, L50, F|100/100\n|switch|p2a: Pelipper|Pelipper, L50, M|100/100\n|switch|p2b: Basculegion|Basculegion, L50, M|100/100\n|-weather|RainDance|[from] ability: Drizzle|[of] p2a: Pelipper\n|turn|1\n|inactive|kuoli00021 has 30 seconds left.\n|inactive|kuoli00021 has 20 seconds left.\n|inactive|kuoli00021 has 15 seconds left.\n|inactive|kuoli00021 has 10 seconds left.\n|inactive|kuoli00021 has 5 seconds left.\n|\n|t:|1776595158\n|move|p2b: Basculegion|Wave Crash|p1a: Farigiraf\n|-damage|p1a: Farigiraf|6/100\n|-enditem|p1a: Farigiraf|Sitrus Berry|[eat]\n|-heal|p1a: Farigiraf|31/100|[from] item: Sitrus Berry\n|-damage|p2b: Basculegion|65/100|[from] Recoil\n|move|p2a: Pelipper|Weather Ball|p1a: Farigiraf\n|-damage|p1a: Farigiraf|0 fnt\n|faint|p1a: Farigiraf\n|move|p1b: Whimsicott|Trick Room|p1b: Whimsicott\n|-fieldstart|move: Trick Room|[of] p1b: Whimsicott\n|\n|-weather|RainDance|[upkeep]\n|upkeep\n|\n|t:|1776595167\n|switch|p1a: Torkoal|Torkoal, L50, M|100/100\n|-weather|SunnyDay|[from] ability: Drought|[of] p1a: Torkoal\n|turn|2\n|inactive|Keyan_Sans has 30 seconds left.\n|\n|t:|1776595197\n|switch|p2a: Sneasler|Sneasler, L50, M|100/100\n|switch|p2b: Archaludon|Archaludon, L50, M|100/100\n|move|p1a: Torkoal|Protect|p1a: Torkoal\n|-singleturn|p1a: Torkoal|Protect\n|move|p1b: Whimsicott|U-turn|p2a: Sneasler\n|-resisted|p2a: Sneasler|2\n|-damage|p2a: Sneasler|95/100\n|\n|t:|1776595205\n|switch|p1b: Crabominable|Crabominable, L50, F|100/100|[from] U-turn\n|\n|-weather|SunnyDay|[upkeep]\n|upkeep\n|turn|3\n|inactive|kuoli00021 has 30 seconds left.\n|\n|t:|1776595233\n|switch|p2b: Pelipper|Pelipper, L50, M|100/100\n|-weather|RainDance|[from] ability: Drizzle|[of] p2b: Pelipper\n|detailschange|p1b: Crabominable|Crabominable-Mega, L50, F\n|-mega|p1b: Crabominable|Crabominable|Crabominite\n|move|p2a: Sneasler|Fake Out|p1a: Torkoal\n|-damage|p1a: Torkoal|86/100\n|cant|p1a: Torkoal|flinch\n|move|p1b: Crabominable|Drain Punch|p2b: Pelipper\n|-resisted|p2b: Pelipper|1\n|-damage|p2b: Pelipper|72/100\n|\n|-weather|RainDance|[upkeep]\n|upkeep\n|turn|4\n|\n|t:|1776595251\n|switch|p1a: Whimsicott|Whimsicott, L50, F|100/100\n|switch|p2b: Basculegion|Basculegion, L50, M|65/100\n|move|p1b: Crabominable|Thunder Punch|p2b: Basculegion\n|-supereffective|p2b: Basculegion|1\n|-damage|p2b: Basculegion|0 fnt\n|faint|p2b: Basculegion\n|move|p2a: Sneasler|Close Combat|p1b: Crabominable\n|-supereffective|p1b: Crabominable|1\n|-damage|p1b: Crabominable|6/100\n|-unboost|p2a: Sneasler|def|1\n|-unboost|p2a: Sneasler|spd|1\n|-enditem|p2a: Sneasler|White Herb\n|-clearnegativeboost|p2a: Sneasler|[silent]\n|\n|-weather|RainDance|[upkeep]\n|upkeep\n|\n|t:|1776595261\n|switch|p2b: Archaludon|Archaludon, L50, M|100/100\n|turn|5\n|inactive|kuoli00021 has 30 seconds left.\n|inactive|Keyan_Sans has 30 seconds left.\n|inactive|kuoli00021 has 20 seconds left.\n|inactive|kuoli00021 has 15 seconds left.\n|\n|t:|1776595306\n|move|p1a: Whimsicott|Fake Tears|p2b: Archaludon\n|-unboost|p2b: Archaludon|spd|2\n|move|p1b: Crabominable|Drain Punch|p2a: Sneasler\n|-resisted|p2a: Sneasler|1\n|-damage|p2a: Sneasler|44/100\n|-heal|p1b: Crabominable|26/100|[from] drain|[of] p2a: Sneasler\n|move|p2b: Archaludon|Flash Cannon|p1b: Crabominable\n|-supereffective|p1b: Crabominable|1\n|-damage|p1b: Crabominable|0 fnt\n|faint|p1b: Crabominable\n|move|p2a: Sneasler|Dire Claw|p1a: Whimsicott\n|-supereffective|p1a: Whimsicott|2\n|-damage|p1a: Whimsicott|0 fnt\n|faint|p1a: Whimsicott\n|\n|-weather|RainDance|[upkeep]\n|-fieldend|move: Trick Room\n|upkeep\n|c|\u2606Keyan_Sans|Gg\n|\n|t:|1776595317\n|switch|p1b: Torkoal|Torkoal, L50, M|86/100\n|-weather|SunnyDay|[from] ability: Drought|[of] p1b: Torkoal\n|turn|6\n|-message|kuoli00021 forfeited.\n|\n|win|Keyan_Sans\n|raw|kuoli00021's rating: 1282 &rarr; <strong>1261</strong><br />(-21 for losing)\n|raw|Keyan_Sans's rating: 1339 &rarr; <strong>1356</strong><br />(+17 for winning)\n|l|\u2606kuoli00021\n|player|p1|\n",
  "uploadtime": 1776595336,
  "views": 22,
  "formatid": "gen9championsvgc2026regma",
  "rating": 1261,
  "private": 0,
  "password": null
}