{
  "id": "gen9championsvgc2026regma-2589472417",
  "format": "[Gen 9 Champions] VGC 2026 Reg M-A",
  "players": [
    "godfocker",
    "imnotagni"
  ],
  "log": "|j|\u2606godfocker\n|j|\u2606imnotagni\n|t:|1776726035\n|gametype|doubles\n|player|p1|godfocker|101|1336\n|player|p2|imnotagni|youngster-gen1rb|1243\n|gen|9\n|tier|[Gen 9 Champions] VGC 2026 Reg M-A\n|rated|\n|rule|Species Clause: Limit one of each Pok\u00e9mon\n|rule|Item Clause: Limit 1 of each item\n|clearpoke\n|poke|p1|Blastoise, L50, F|\n|poke|p1|Sinistcha, L50|\n|poke|p1|Sneasler, L50, M|\n|poke|p1|Garchomp, L50, F|\n|poke|p1|Aerodactyl, L50, F|\n|poke|p1|Sylveon, L50, F|\n|poke|p2|Kangaskhan, L50, F|\n|poke|p2|Arcanine-Hisui, L50, F|\n|poke|p2|Kingambit, L50, F|\n|poke|p2|Palafin, L50, F|\n|poke|p2|Sinistcha, L50|\n|poke|p2|Kommo-o, L50, F|\n|teampreview|4\n|inactive|Battle timer is ON: inactive players will automatically lose when time's up. (requested by imnotagni)\n|inactive|godfocker has 60 seconds left.\n|inactive|imnotagni has 60 seconds left.\n|inactive|godfocker has 30 seconds left.\n|\n|t:|1776726104\n|teamsize|p1|4\n|teamsize|p2|4\n|start\n|switch|p1a: Sneasler|Sneasler, L50, M|100/100\n|switch|p1b: Sylveon|Sylveon, L50, F|100/100\n|switch|p2a: Arcanine|Arcanine-Hisui, L50, F|100/100\n|switch|p2b: Palafin|Palafin, L50, F|100/100\n|-ability|p2a: Arcanine|Intimidate|boost\n|-unboost|p1a: Sneasler|atk|1\n|-unboost|p1b: Sylveon|atk|1\n|-enditem|p1a: Sneasler|White Herb\n|-clearnegativeboost|p1a: Sneasler|[silent]\n|turn|1\n|inactive|imnotagni has 30 seconds left.\n|\n|t:|1776726138\n|move|p1a: Sneasler|Fake Out|p2a: Arcanine\n|-resisted|p2a: Arcanine|1\n|-damage|p2a: Arcanine|93/100\n|cant|p2a: Arcanine|flinch\n|move|p2b: Palafin|Wave Crash|p1a: Sneasler\n|-damage|p1a: Sneasler|39/100\n|-damage|p2b: Palafin|83/100|[from] Recoil\n|move|p1b: Sylveon|Hyper Voice|p2b: Palafin|[spread] p2a,p2b\n|-resisted|p2a: Arcanine|1\n|-damage|p2a: Arcanine|66/100\n|-damage|p2b: Palafin|21/100\n|\n|upkeep\n|turn|2\n|inactive|imnotagni has 30 seconds left.\n|inactive|imnotagni has 20 seconds left.\n|inactive|imnotagni has 15 seconds left.\n|\n|t:|1776726183\n|switch|p2a: Sinistcha|Sinistcha, L50|100/100\n|-heal|p2b: Palafin|46/100|[from] ability: Hospitality|[of] p2a: Sinistcha\n|switch|p1b: Sinistcha|Sinistcha, L50|100/100\n|-heal|p1a: Sneasler|63/100|[from] ability: Hospitality|[of] p1b: Sinistcha\n|move|p2b: Palafin|Protect|p2b: Palafin\n|-singleturn|p2b: Palafin|Protect\n|move|p1a: Sneasler|Close Combat|p2a: Sinistcha\n|-immune|p2a: Sinistcha\n|\n|upkeep\n|turn|3\n|inactive|godfocker has 30 seconds left.\n|inactive|imnotagni has 30 seconds left.\n|\n|t:|1776726211\n|detailschange|p2b: Palafin|Palafin-Hero, L50, F\n|switch|p2b: Arcanine|Arcanine-Hisui, L50, F|66/100\n|-ability|p2b: Arcanine|Intimidate|boost\n|-unboost|p1a: Sneasler|atk|1\n|-unboost|p1b: Sinistcha|atk|1\n|move|p2a: Sinistcha|Rage Powder|p2a: Sinistcha\n|-singleturn|p2a: Sinistcha|move: Rage Powder\n|move|p1a: Sneasler|Dire Claw|p2a: Sinistcha\n|-damage|p2a: Sinistcha|80/100\n|move|p1b: Sinistcha|Life Dew||[still]|[spread] p1a,p1b\n|-heal|p1a: Sneasler|88/100\n|-fail|p1b: Sinistcha|heal\n|\n|upkeep\n|turn|4\n|\n|t:|1776726227\n|switch|p1b: Garchomp|Garchomp, L50, F|100/100\n|move|p1a: Sneasler|Protect|p1a: Sneasler\n|-singleturn|p1a: Sneasler|Protect\n|move|p2a: Sinistcha|Rage Powder|p2a: Sinistcha\n|-singleturn|p2a: Sinistcha|move: Rage Powder\n|move|p2b: Arcanine|Flare Blitz|p1b: Garchomp\n|-resisted|p1b: Garchomp|1\n|-damage|p1b: Garchomp|76/100\n|-damage|p2b: Arcanine|54/100|[from] ability: Rough Skin|[of] p1b: Garchomp\n|-damage|p2b: Arcanine|46/100|[from] Recoil\n|\n|upkeep\n|turn|5\n|\n|t:|1776726250\n|switch|p1a: Sinistcha|Sinistcha, L50|100/100\n|-heal|p1b: Garchomp|100/100|[from] ability: Hospitality|[of] p1a: Sinistcha\n|switch|p2b: Kangaskhan|Kangaskhan, L50, F|100/100\n|move|p2a: Sinistcha|Rage Powder|p2a: Sinistcha\n|-singleturn|p2a: Sinistcha|move: Rage Powder\n|move|p1b: Garchomp|Earthquake|p2a: Sinistcha|[spread] p1a,p2a,p2b\n|-resisted|p1a: Sinistcha|1\n|-resisted|p2a: Sinistcha|1\n|-damage|p1a: Sinistcha|83/100\n|-damage|p2a: Sinistcha|65/100\n|-damage|p2b: Kangaskhan|60/100\n|\n|upkeep\n|turn|6\n|\n|t:|1776726273\n|switch|p1b: Sylveon|Sylveon, L50, F|100/100\n|detailschange|p2b: Kangaskhan|Kangaskhan-Mega, L50, F\n|-mega|p2b: Kangaskhan|Kangaskhan|Kangaskhanite\n|move|p2b: Kangaskhan|Double-Edge|p1b: Sylveon\n|-damage|p1b: Sylveon|32/100\n|-damage|p1b: Sylveon|13/100\n|-hitcount|p1b: Sylveon|2\n|-damage|p2b: Kangaskhan|36/100|[from] Recoil\n|move|p2a: Sinistcha|Matcha Gotcha|p1b: Sylveon|[spread] p1a,p1b\n|-resisted|p1a: Sinistcha|1\n|-damage|p1a: Sinistcha|72/100\n|-heal|p2a: Sinistcha|70/100|[from] drain|[of] p1a: Sinistcha\n|-damage|p1b: Sylveon|0 fnt\n|-heal|p2a: Sinistcha|77/100|[from] drain|[of] p1b: Sylveon\n|faint|p1b: Sylveon\n|move|p1a: Sinistcha|Matcha Gotcha|p2b: Kangaskhan|[spread] p2a,p2b\n|-resisted|p2a: Sinistcha|1\n|-crit|p2b: Kangaskhan\n|-damage|p2a: Sinistcha|64/100\n|-heal|p1a: Sinistcha|79/100|[from] drain|[of] p2a: Sinistcha\n|-damage|p2b: Kangaskhan|7/100\n|-heal|p1a: Sinistcha|96/100|[from] drain|[of] p2b: Kangaskhan\n|-status|p2a: Sinistcha|brn\n|\n|-damage|p2a: Sinistcha|58/100 brn|[from] brn\n|upkeep\n|\n|t:|1776726293\n|switch|p1b: Garchomp|Garchomp, L50, F|100/100\n|turn|7\n|inactive|imnotagni has 30 seconds left.\n|\n|t:|1776726318\n|move|p2b: Kangaskhan|Sucker Punch|p1a: Sinistcha\n|-supereffective|p1a: Sinistcha|1\n|-damage|p1a: Sinistcha|51/100\n|-supereffective|p1a: Sinistcha|1\n|-damage|p1a: Sinistcha|40/100\n|-enditem|p1a: Sinistcha|Sitrus Berry|[eat]\n|-heal|p1a: Sinistcha|65/100|[from] item: Sitrus Berry\n|-hitcount|p1a: Sinistcha|2\n|move|p1b: Garchomp|Rock Slide|p2b: Kangaskhan|[spread] p2a,p2b\n|-damage|p2a: Sinistcha|40/100 brn\n|-damage|p2b: Kangaskhan|0 fnt\n|-enditem|p2a: Sinistcha|Sitrus Berry|[eat]\n|-heal|p2a: Sinistcha|65/100 brn|[from] item: Sitrus Berry\n|faint|p2b: Kangaskhan\n|move|p1a: Sinistcha|Matcha Gotcha|p2a: Sinistcha\n|-resisted|p2a: Sinistcha|1\n|-damage|p2a: Sinistcha|46/100 brn\n|-heal|p1a: Sinistcha|74/100|[from] drain|[of] p2a: Sinistcha\n|move|p2a: Sinistcha|Strength Sap|p1b: Garchomp\n|-unboost|p1b: Garchomp|atk|1\n|-heal|p2a: Sinistcha|100/100 brn\n|\n|-damage|p2a: Sinistcha|95/100 brn|[from] brn\n|upkeep\n|\n|t:|1776726328\n|switch|p2b: Arcanine|Arcanine-Hisui, L50, F|46/100\n|-ability|p2b: Arcanine|Intimidate|boost\n|-unboost|p1a: Sinistcha|atk|1\n|-unboost|p1b: Garchomp|atk|1\n|turn|8\n|\n|t:|1776726351\n|switch|p2b: Palafin|Palafin-Hero, L50, F|46/100\n|-activate|p2b: Palafin|ability: Zero to Hero\n|switch|p1a: Sneasler|Sneasler, L50, M|88/100\n|move|p1b: Garchomp|Rock Slide|p2b: Palafin|[spread] p2a,p2b\n|-damage|p2a: Sinistcha|86/100 brn\n|-damage|p2b: Palafin|37/100\n|move|p2a: Sinistcha|Matcha Gotcha|p1b: Garchomp|[spread] p1a,p1b\n|-resisted|p1a: Sneasler|1\n|-damage|p1a: Sneasler|74/100\n|-heal|p2a: Sinistcha|94/100 brn|[from] drain|[of] p1a: Sneasler\n|-damage|p1b: Garchomp|74/100\n|-heal|p2a: Sinistcha|100/100 brn|[from] drain|[of] p1b: Garchomp\n|-status|p1b: Garchomp|brn\n|\n|-damage|p1b: Garchomp|68/100 brn|[from] brn\n|-damage|p2a: Sinistcha|95/100 brn|[from] brn\n|upkeep\n|turn|9\n|inactive|imnotagni has 30 seconds left.\n|\n|t:|1776726384\n|switch|p1b: Sinistcha|Sinistcha, L50|74/100\n|-heal|p1a: Sneasler|99/100|[from] ability: Hospitality|[of] p1b: Sinistcha\n|move|p1a: Sneasler|Fake Out|p2b: Palafin\n|-damage|p2b: Palafin|26/100\n|move|p2a: Sinistcha|Rage Powder|p2a: Sinistcha\n|-singleturn|p2a: Sinistcha|move: Rage Powder\n|cant|p2b: Palafin|flinch\n|\n|-damage|p2a: Sinistcha|89/100 brn|[from] brn\n|upkeep\n|turn|10\n|\n|t:|1776726397\n|switch|p2b: Arcanine|Arcanine-Hisui, L50, F|46/100\n|-ability|p2b: Arcanine|Intimidate|boost\n|-unboost|p1a: Sneasler|atk|1\n|-unboost|p1b: Sinistcha|atk|1\n|move|p1a: Sneasler|Protect|p1a: Sneasler\n|-singleturn|p1a: Sneasler|Protect\n|move|p2a: Sinistcha|Rage Powder|p2a: Sinistcha\n|-singleturn|p2a: Sinistcha|move: Rage Powder\n|move|p1b: Sinistcha|Matcha Gotcha|p2a: Sinistcha|[spread] p2b\n|-miss|p1b: Sinistcha|p2a: Sinistcha\n|-damage|p2b: Arcanine|19/100\n|-heal|p1b: Sinistcha|89/100|[from] drain|[of] p2b: Arcanine\n|\n|-damage|p2a: Sinistcha|83/100 brn|[from] brn\n|upkeep\n|turn|11\n|\n|t:|1776726413\n|switch|p1b: Garchomp|Garchomp, L50, F|68/100 brn\n|move|p2a: Sinistcha|Rage Powder|p2a: Sinistcha\n|-singleturn|p2a: Sinistcha|move: Rage Powder\n|move|p2b: Arcanine|Rock Slide|p1a: Sneasler|[spread] p1a,p1b\n|-resisted|p1a: Sneasler|1\n|-resisted|p1b: Garchomp|1\n|-damage|p1a: Sneasler|86/100\n|-damage|p1b: Garchomp|58/100 brn\n|move|p1a: Sneasler|Dire Claw|p2a: Sinistcha\n|-damage|p2a: Sinistcha|64/100 brn\n|-fail|p1a: Sneasler\n|\n|-damage|p1b: Garchomp|52/100 brn|[from] brn\n|-damage|p2a: Sinistcha|58/100 brn|[from] brn\n|upkeep\n|turn|12\n|inactive|imnotagni has 30 seconds left.\n|inactive|imnotagni has 20 seconds left.\n|\n|t:|1776726449\n|switch|p2b: Palafin|Palafin-Hero, L50, F|26/100\n|switch|p1a: Sinistcha|Sinistcha, L50|89/100\n|-heal|p1b: Garchomp|77/100 brn|[from] ability: Hospitality|[of] p1a: Sinistcha\n|move|p1b: Garchomp|Earthquake|p2a: Sinistcha|[spread] p1a,p2a,p2b\n|-resisted|p1a: Sinistcha|1\n|-resisted|p2a: Sinistcha|1\n|-damage|p1a: Sinistcha|81/100\n|-damage|p2a: Sinistcha|50/100 brn\n|-damage|p2b: Palafin|8/100\n|move|p2a: Sinistcha|Matcha Gotcha|p1a: Sinistcha|[spread] p1a,p1b\n|-resisted|p1a: Sinistcha|1\n|-damage|p1a: Sinistcha|71/100\n|-heal|p2a: Sinistcha|56/100 brn|[from] drain|[of] p1a: Sinistcha\n|-damage|p1b: Garchomp|53/100 brn\n|-heal|p2a: Sinistcha|69/100 brn|[from] drain|[of] p1b: Garchomp\n|-status|p1a: Sinistcha|brn\n|\n|-damage|p1b: Garchomp|47/100 brn|[from] brn\n|-damage|p2a: Sinistcha|63/100 brn|[from] brn\n|-damage|p1a: Sinistcha|65/100 brn|[from] brn\n|upkeep\n|turn|13\n|\n|t:|1776726463\n|switch|p2a: Arcanine|Arcanine-Hisui, L50, F|19/100\n|-ability|p2a: Arcanine|Intimidate|boost\n|-unboost|p1a: Sinistcha|atk|1\n|-unboost|p1b: Garchomp|atk|1\n|move|p2b: Palafin|Protect|p2b: Palafin\n|-singleturn|p2b: Palafin|Protect\n|move|p1a: Sinistcha|Rage Powder|p1a: Sinistcha\n|-singleturn|p1a: Sinistcha|move: Rage Powder\n|move|p1b: Garchomp|Earthquake|p2a: Arcanine|[spread] p1a,p2a\n|-activate|p2b: Palafin|move: Protect\n|-resisted|p1a: Sinistcha|1\n|-supereffective|p2a: Arcanine|2\n|-enditem|p2a: Arcanine|Shuca Berry|[eat]\n|-enditem|p2a: Arcanine|Shuca Berry|[weaken]\n|-damage|p1a: Sinistcha|58/100 brn\n|-damage|p2a: Arcanine|0 fnt\n|faint|p2a: Arcanine\n|\n|-damage|p1b: Garchomp|41/100 brn|[from] brn\n|-damage|p1a: Sinistcha|52/100 brn|[from] brn\n|upkeep\n|\n|t:|1776726465\n|switch|p2a: Sinistcha|Sinistcha, L50|63/100 brn\n|-heal|p2b: Palafin|33/100|[from] ability: Hospitality|[of] p2a: Sinistcha\n|turn|14\n|\n|t:|1776726480\n|move|p1a: Sinistcha|Rage Powder|p1a: Sinistcha\n|-singleturn|p1a: Sinistcha|move: Rage Powder\n|move|p2b: Palafin|Jet Punch|p1a: Sinistcha\n|-resisted|p1a: Sinistcha|1\n|-damage|p1a: Sinistcha|30/100 brn\n|move|p1b: Garchomp|Earthquake|p2a: Sinistcha|[spread] p1a,p2a,p2b\n|-resisted|p1a: Sinistcha|1\n|-resisted|p2a: Sinistcha|1\n|-damage|p1a: Sinistcha|25/100 brn\n|-damage|p2a: Sinistcha|57/100 brn\n|-damage|p2b: Palafin|21/100\n|move|p2a: Sinistcha|Matcha Gotcha|p1b: Garchomp|[spread] p1a,p1b\n|-resisted|p1a: Sinistcha|1\n|-crit|p1a: Sinistcha\n|-damage|p1a: Sinistcha|8/100 brn\n|-heal|p2a: Sinistcha|66/100 brn|[from] drain|[of] p1a: Sinistcha\n|-damage|p1b: Garchomp|15/100 brn\n|-heal|p2a: Sinistcha|81/100 brn|[from] drain|[of] p1b: Garchomp\n|\n|-damage|p1b: Garchomp|9/100 brn|[from] brn\n|-damage|p2a: Sinistcha|75/100 brn|[from] brn\n|-damage|p1a: Sinistcha|2/100 brn|[from] brn\n|upkeep\n|turn|15\n|inactive|godfocker has 30 seconds left.\n|\n|t:|1776726511\n|switch|p1b: Sneasler|Sneasler, L50, M|86/100\n|move|p2b: Palafin|Jet Punch|p1a: Sinistcha\n|-resisted|p1a: Sinistcha|1\n|-damage|p1a: Sinistcha|0 fnt\n|faint|p1a: Sinistcha\n|move|p2a: Sinistcha|Matcha Gotcha|p1b: Sneasler|[miss]\n|-miss|p2a: Sinistcha|p1b: Sneasler\n|\n|-damage|p2a: Sinistcha|70/100 brn|[from] brn\n|upkeep\n|\n|t:|1776726516\n|switch|p1a: Garchomp|Garchomp, L50, F|9/100 brn\n|turn|16\n|\n|t:|1776726526\n|move|p2b: Palafin|Protect|p2b: Palafin\n|-singleturn|p2b: Palafin|Protect\n|move|p1a: Garchomp|Rock Slide|p2a: Sinistcha|[spread] p2a\n|-activate|p2b: Palafin|move: Protect\n|-damage|p2a: Sinistcha|62/100 brn\n|move|p1b: Sneasler|Dire Claw|p2a: Sinistcha\n|-damage|p2a: Sinistcha|31/100 brn\n|cant|p2a: Sinistcha|flinch\n|\n|-damage|p1a: Garchomp|3/100 brn|[from] brn\n|-damage|p2a: Sinistcha|25/100 brn|[from] brn\n|upkeep\n|turn|17\n|\n|t:|1776726548\n|move|p2a: Sinistcha|Rage Powder|p2a: Sinistcha\n|-singleturn|p2a: Sinistcha|move: Rage Powder\n|move|p2b: Palafin|Jet Punch|p1a: Garchomp\n|-damage|p1a: Garchomp|0 fnt\n|-damage|p2b: Palafin|9/100|[from] ability: Rough Skin|[of] p1a: Garchomp\n|faint|p1a: Garchomp\n|move|p1b: Sneasler|Dire Claw|p2a: Sinistcha\n|-damage|p2a: Sinistcha|0 fnt\n|faint|p2a: Sinistcha\n|\n|upkeep\n|turn|18\n|\n|t:|1776726554\n|move|p2b: Palafin|Jet Punch|p1b: Sneasler\n|-crit|p1b: Sneasler\n|-damage|p1b: Sneasler|3/100\n|move|p1b: Sneasler|Dire Claw|p2b: Palafin\n|-damage|p2b: Palafin|0 fnt\n|faint|p2b: Palafin\n|\n|win|godfocker\n|raw|godfocker's rating: 1336 &rarr; <strong>1351</strong><br />(+15 for winning)\n|raw|imnotagni's rating: 1243 &rarr; <strong>1225</strong><br />(-18 for losing)\n|l|\u2606imnotagni\n|player|p2|\n",
  "uploadtime": 1776726563,
  "views": 11,
  "formatid": "gen9championsvgc2026regma",
  "rating": 1225,
  "private": 0,
  "password": null
}