{
  "id": "gen9championsvgc2026regma-2588216216",
  "format": "[Gen 9 Champions] VGC 2026 Reg M-A",
  "players": [
    "LatomBenne",
    "mmesmerizer"
  ],
  "log": "|j|\u2606LatomBenne\n|j|\u2606mmesmerizer\n|t:|1776615202\n|gametype|doubles\n|player|p1|LatomBenne|101|1146\n|player|p2|mmesmerizer|n|1122\n|gen|9\n|tier|[Gen 9 Champions] VGC 2026 Reg M-A\n|rated|\n|rule|Species Clause: Limit one of each Pok\u00e9mon\n|rule|Item Clause: Limit 1 of each item\n|clearpoke\n|poke|p1|Froslass, L50, F|\n|poke|p1|Aerodactyl, L50, F|\n|poke|p1|Sneasler, L50, M|\n|poke|p1|Incineroar, L50, F|\n|poke|p1|Slowking, L50, F|\n|poke|p1|Aggron, L50, F|\n|poke|p2|Aggron, L50, F|\n|poke|p2|Kangaskhan, L50, F|\n|poke|p2|Basculegion, L50, M|\n|poke|p2|Sinistcha, L50|\n|poke|p2|Incineroar, L50, F|\n|poke|p2|Whimsicott, L50, F|\n|teampreview|4\n|inactive|Battle timer is ON: inactive players will automatically lose when time's up. (requested by mmesmerizer)\n|inactive|mmesmerizer has 60 seconds left.\n|\n|t:|1776615246\n|teamsize|p1|4\n|teamsize|p2|4\n|start\n|switch|p1a: Incineroar|Incineroar, L50, F|100/100\n|switch|p1b: Slowking|Slowking, L50, F|100/100\n|switch|p2a: Sinistcha|Sinistcha, L50|100/100\n|switch|p2b: Basculegion|Basculegion, L50, M|100/100\n|-ability|p1a: Incineroar|Intimidate|boost\n|-unboost|p2a: Sinistcha|atk|1\n|-unboost|p2b: Basculegion|atk|1\n|turn|1\n|inactive|LatomBenne has 30 seconds left.\n|\n|t:|1776615274\n|move|p1a: Incineroar|Protect|p1a: Incineroar\n|-singleturn|p1a: Incineroar|Protect\n|move|p2b: Basculegion|Flip Turn|p1a: Incineroar\n|-activate|p1a: Incineroar|move: Protect\n|move|p2a: Sinistcha|Matcha Gotcha|p1a: Incineroar|[spread] p1b\n|-activate|p1a: Incineroar|move: Protect\n|-supereffective|p1b: Slowking|1\n|-damage|p1b: Slowking|60/100\n|move|p1b: Slowking|Trick Room|p1b: Slowking\n|-fieldstart|move: Trick Room|[of] p1b: Slowking\n|\n|-heal|p1b: Slowking|66/100|[from] item: Leftovers\n|upkeep\n|turn|2\n|inactive|LatomBenne has 30 seconds left.\n|inactive|LatomBenne has 20 seconds left.\n|inactive|LatomBenne has 15 seconds left.\n|\n|t:|1776615314\n|switch|p2b: Aggron|Aggron, L50, F|100/100\n|-prepare|p1b: Slowking|Chilly Reception|[premajor]\n|move|p1b: Slowking|Chilly Reception|p1b: Slowking\n|-weather|Snowscape\n|\n|t:|1776615321\n|switch|p1b: Aggron|Aggron, L50, F|100/100|[from] Chilly Reception\n|move|p2a: Sinistcha|Matcha Gotcha|p1b: Aggron|[spread] p1a,p1b\n|-resisted|p1a: Incineroar|1\n|-damage|p1a: Incineroar|89/100\n|-damage|p1b: Aggron|66/100\n|move|p1a: Incineroar|Darkest Lariat|p2b: Aggron\n|-crit|p2b: Aggron\n|-damage|p2b: Aggron|68/100\n|\n|-weather|Snowscape|[upkeep]\n|upkeep\n|turn|3\n|inactive|LatomBenne has 30 seconds left.\n|inactive|LatomBenne has 20 seconds left.\n|\n|t:|1776615357\n|detailschange|p1b: Aggron|Aggron-Mega, L50, F\n|-mega|p1b: Aggron|Aggron|Aggronite\n|detailschange|p2b: Aggron|Aggron-Mega, L50, F\n|-mega|p2b: Aggron|Aggron|Aggronite\n|move|p2b: Aggron|Iron Defense|p2b: Aggron\n|-boost|p2b: Aggron|def|2\n|move|p1b: Aggron|Iron Head|p2b: Aggron\n|-resisted|p2b: Aggron|1\n|-damage|p2b: Aggron|63/100\n|move|p2a: Sinistcha|Life Dew||[still]|[spread] p2a,p2b\n|-fail|p2a: Sinistcha|heal\n|-heal|p2b: Aggron|88/100\n|move|p1a: Incineroar|Darkest Lariat|p2a: Sinistcha\n|-supereffective|p2a: Sinistcha|1\n|-damage|p2a: Sinistcha|39/100\n|\n|-weather|Snowscape|[upkeep]\n|upkeep\n|turn|4\n|\n|t:|1776615379\n|move|p1b: Aggron|Protect|p1b: Aggron\n|-singleturn|p1b: Aggron|Protect\n|move|p2b: Aggron|Body Press|p1a: Incineroar\n|-supereffective|p1a: Incineroar|1\n|-damage|p1a: Incineroar|0 fnt\n|faint|p1a: Incineroar\n|move|p2a: Sinistcha|Life Dew|p2a: Sinistcha|[spread] p2a,p2b\n|-heal|p2a: Sinistcha|64/100\n|-heal|p2b: Aggron|100/100\n|\n|-weather|Snowscape|[upkeep]\n|upkeep\n|\n|t:|1776615391\n|switch|p1a: Slowking|Slowking, L50, F|66/100\n|turn|5\n|\n|t:|1776615402\n|move|p1b: Aggron|Body Press|p2b: Aggron\n|-supereffective|p2b: Aggron|1\n|-damage|p2b: Aggron|87/100\n|move|p2b: Aggron|Body Press|p1b: Aggron\n|-supereffective|p1b: Aggron|1\n|-damage|p1b: Aggron|8/100\n|move|p2a: Sinistcha|Matcha Gotcha|p1a: Slowking|[spread] p1b\n|-miss|p2a: Sinistcha|p1a: Slowking\n|-resisted|p1b: Aggron|1\n|-damage|p1b: Aggron|0 fnt\n|-heal|p2a: Sinistcha|68/100|[from] drain|[of] p1b: Aggron\n|faint|p1b: Aggron\n|move|p1a: Slowking|Trick Room|p1a: Slowking\n|-fieldend|move: Trick Room\n|\n|-weather|Snowscape|[upkeep]\n|-heal|p1a: Slowking|73/100|[from] item: Leftovers\n|upkeep\n|\n|t:|1776615417\n|switch|p1b: Sneasler|Sneasler, L50, M|100/100\n|turn|6\n|-message|LatomBenne forfeited.\n|\n|win|mmesmerizer\n|raw|LatomBenne's rating: 1146 &rarr; <strong>1119</strong><br />(-27 for losing)\n|raw|mmesmerizer's rating: 1122 &rarr; <strong>1149</strong><br />(+27 for winning)\n|l|\u2606LatomBenne\n|player|p1|\n",
  "uploadtime": 1776615433,
  "views": 12,
  "formatid": "gen9championsvgc2026regma",
  "rating": 1119,
  "private": 0,
  "password": null
}