{
  "id": "gen9championsvgc2026regma-2587195237",
  "format": "[Gen 9 Champions] VGC 2026 Reg M-A",
  "players": [
    "The Hang Dude",
    "Dona411"
  ],
  "log": "|j|\u203dThe Hang Dude\n|j|\u2606Dona411\n|t:|1776507292\n|gametype|doubles\n|player|p1|The Hang Dude|benga|1483\n|player|p2|Dona411|ghetsis|1411\n|gen|9\n|tier|[Gen 9 Champions] VGC 2026 Reg M-A\n|rated|\n|rule|Species Clause: Limit one of each Pok\u00e9mon\n|rule|Item Clause: Limit 1 of each item\n|clearpoke\n|poke|p1|Meganium, L50, F, shiny|\n|poke|p1|Tyranitar, L50, M|\n|poke|p1|Garchomp, L50, F|\n|poke|p1|Aegislash, L50, M|\n|poke|p1|Milotic, L50, M|\n|poke|p1|Aerodactyl, L50, F|\n|poke|p2|Scizor, L50, F|\n|poke|p2|Pelipper, L50, M|\n|poke|p2|Basculegion, L50, M|\n|poke|p2|Sableye, L50, M, shiny|\n|poke|p2|Sneasler, L50, M, shiny|\n|poke|p2|Incineroar, L50, M|\n|teampreview|4\n|inactive|Battle timer is ON: inactive players will automatically lose when time's up. (requested by Dona411)\n|inactive|The Hang Dude has 60 seconds left.\n|\n|t:|1776507334\n|teamsize|p1|4\n|teamsize|p2|4\n|start\n|switch|p1a: Milotic|Milotic, L50, M|100/100\n|switch|p1b: Meganium|Meganium, L50, F, shiny|100/100\n|switch|p2a: Basculegion|Basculegion, L50, M|100/100\n|switch|p2b: Sneasler|Sneasler, L50, M, shiny|100/100\n|turn|1\n|\n|t:|1776507349\n|move|p1b: Meganium|Protect|p1b: Meganium\n|-singleturn|p1b: Meganium|Protect\n|move|p2a: Basculegion|Flip Turn|p1a: Milotic\n|-resisted|p1a: Milotic|1\n|-damage|p1a: Milotic|84/100\n|\n|t:|1776507351\n|switch|p2a: Scizor|Scizor, L50, F|100/100|[from] Flip Turn\n|move|p2b: Sneasler|Dire Claw|p1b: Meganium\n|-activate|p1b: Meganium|move: Protect\n|move|p1a: Milotic|Scald|p2b: Sneasler\n|-damage|p2b: Sneasler|50/100\n|\n|-heal|p1a: Milotic|90/100|[from] item: Leftovers\n|upkeep\n|turn|2\n|\n|t:|1776507360\n|switch|p1b: Aegislash|Aegislash, L50, M|100/100\n|detailschange|p2a: Scizor|Scizor-Mega, L50, F\n|-mega|p2a: Scizor|Scizor|Scizorite\n|move|p2b: Sneasler|Dire Claw|p1b: Aegislash\n|-immune|p1b: Aegislash\n|move|p1a: Milotic|Scald|p2b: Sneasler\n|-damage|p2b: Sneasler|4/100\n|move|p2a: Scizor|Swords Dance|p2a: Scizor\n|-boost|p2a: Scizor|atk|2\n|\n|-heal|p1a: Milotic|96/100|[from] item: Leftovers\n|upkeep\n|turn|3\n|\n|t:|1776507374\n|move|p2b: Sneasler|Coaching|p2a: Scizor\n|-boost|p2a: Scizor|atk|1\n|-boost|p2a: Scizor|def|1\n|move|p1a: Milotic|Scald|p2a: Scizor\n|-damage|p2a: Scizor|66/100\n|move|p2a: Scizor|Bug Bite|p1a: Milotic\n|-damage|p1a: Milotic|0 fnt\n|faint|p1a: Milotic\n|-formechange|p1b: Aegislash|Aegislash-Blade|\n|move|p1b: Aegislash|Poltergeist|p2a: Scizor\n|-activate|p2a: Scizor|move: Poltergeist|Scizorite\n|-damage|p2a: Scizor|23/100\n|\n|upkeep\n|j| UltimatheoryPK\n|\n|t:|1776507398\n|switch|p1a: Meganium|Meganium, L50, F, shiny|100/100\n|turn|4\n|\n|t:|1776507417\n|move|p1a: Meganium|Protect|p1a: Meganium\n|-singleturn|p1a: Meganium|Protect\n|move|p2a: Scizor|Bullet Punch|p1a: Meganium\n|-activate|p1a: Meganium|move: Protect\n|move|p2b: Sneasler|Coaching|p2a: Scizor\n|-boost|p2a: Scizor|atk|1\n|-boost|p2a: Scizor|def|1\n|move|p1b: Aegislash|Poltergeist|p2a: Scizor\n|-activate|p2a: Scizor|move: Poltergeist|Scizorite\n|-damage|p2a: Scizor|0 fnt\n|faint|p2a: Scizor\n|\n|upkeep\n|\n|t:|1776507421\n|switch|p2a: Pelipper|Pelipper, L50, M|100/100\n|-weather|RainDance|[from] ability: Drizzle|[of] p2a: Pelipper\n|turn|5\n|j| miinhumc\n|\n|t:|1776507427\n|switch|p1a: Tyranitar|Tyranitar, L50, M|100/100\n|-weather|Sandstorm|[from] ability: Sand Stream|[of] p1a: Tyranitar\n|-formechange|p1b: Aegislash|Aegislash|\n|move|p1b: Aegislash|King's Shield|p1b: Aegislash\n|-singleturn|p1b: Aegislash|Protect\n|move|p2b: Sneasler|Dire Claw|p1a: Tyranitar\n|-resisted|p1a: Tyranitar|1\n|-damage|p1a: Tyranitar|84/100\n|move|p2a: Pelipper|Tailwind|p2a: Pelipper\n|-sidestart|p2: Dona411|move: Tailwind\n|\n|-weather|Sandstorm|[upkeep]\n|-damage|p2b: Sneasler|0 fnt|[from] Sandstorm\n|-damage|p2a: Pelipper|95/100|[from] Sandstorm\n|faint|p2b: Sneasler\n|upkeep\n|\n|t:|1776507430\n|switch|p2b: Basculegion|Basculegion, L50, M|100/100\n|turn|6\n|\n|t:|1776507448\n|move|p2a: Pelipper|Wide Guard|p2a: Pelipper\n|-singleturn|p2a: Pelipper|Wide Guard\n|-formechange|p1b: Aegislash|Aegislash-Blade|\n|move|p1b: Aegislash|Shadow Sneak|p2b: Basculegion\n|-supereffective|p2b: Basculegion|1\n|-damage|p2b: Basculegion|23/100\n|move|p2b: Basculegion|Wave Crash|p1b: Aegislash\n|-damage|p1b: Aegislash|0 fnt\n|faint|p1b: Aegislash\n|-damage|p2b: Basculegion|0 fnt|[from] Recoil\n|faint|p2b: Basculegion\n|move|p1a: Tyranitar|Rock Slide|p2a: Pelipper\n|-activate|p2a: Pelipper|move: Wide Guard\n|\n|-weather|Sandstorm|[upkeep]\n|-damage|p2a: Pelipper|89/100|[from] Sandstorm\n|upkeep\n|\n|t:|1776507455\n|switch|p1b: Meganium|Meganium, L50, F, shiny|100/100\n|turn|7\n|\n|t:|1776507461\n|detailschange|p1b: Meganium|Meganium-Mega, L50, F, shiny\n|-mega|p1b: Meganium|Meganium|Meganiumite\n|move|p2a: Pelipper|Hurricane|p1b: Meganium\n|-supereffective|p1b: Meganium|1\n|-damage|p1b: Meganium|16/100\n|move|p1b: Meganium|Dazzling Gleam|p2a: Pelipper\n|-crit|p2a: Pelipper\n|-damage|p2a: Pelipper|0 fnt\n|faint|p2a: Pelipper\n|\n|win|The Hang Dude\n|raw|The Hang Dude's rating: 1483 &rarr; <strong>1499</strong><br />(+16 for winning)\n|raw|Dona411's rating: 1411 &rarr; <strong>1395</strong><br />(-16 for losing)\n|l|\u2606Dona411\n|player|p2|\n|l|\u203dThe Hang Dude\n|player|p1|\n",
  "uploadtime": 1776507506,
  "views": 27,
  "formatid": "gen9championsvgc2026regma",
  "rating": 1395,
  "private": 0,
  "password": null
}