{
  "id": "gen9championsvgc2026regma-2588001066",
  "format": "[Gen 9 Champions] VGC 2026 Reg M-A",
  "players": [
    "CBKreme",
    "Aruko Himura"
  ],
  "log": "|j|\u2606CBKreme\n|j|\u2606Aruko Himura\n|t:|1776591168\n|gametype|doubles\n|player|p1|CBKreme|interviewers|1077\n|player|p2|Aruko Himura|marley|1129\n|gen|9\n|tier|[Gen 9 Champions] VGC 2026 Reg M-A\n|rated|\n|rule|Species Clause: Limit one of each Pok\u00e9mon\n|rule|Item Clause: Limit 1 of each item\n|clearpoke\n|poke|p1|Gardevoir, L50, F, shiny|\n|poke|p1|Ninetales-Alola, L50, F|\n|poke|p1|Froslass, L50, F, shiny|\n|poke|p1|Hatterene, L50, F|\n|poke|p1|Flapple, L50, F, shiny|\n|poke|p1|Gyarados, L50, M, shiny|\n|poke|p2|Araquanid, L50, M|\n|poke|p2|Farigiraf, L50, F|\n|poke|p2|Hatterene, L50, F|\n|poke|p2|Tauros-Paldea-Aqua, L50, M|\n|poke|p2|Arcanine, L50, F|\n|poke|p2|Gyarados, L50, M, shiny|\n|teampreview|4\n|inactive|Battle timer is ON: inactive players will automatically lose when time's up. (requested by CBKreme)\n|\n|t:|1776591196\n|teamsize|p1|4\n|teamsize|p2|4\n|start\n|switch|p1a: Ninetales|Ninetales-Alola, L50, F|100/100\n|switch|p1b: Hatterene|Hatterene, L50, F|100/100\n|switch|p2a: Araquanid|Araquanid, L50, M|100/100\n|switch|p2b: Gyarados|Gyarados, L50, M, shiny|100/100\n|-weather|Snowscape|[from] ability: Snow Warning|[of] p1a: Ninetales\n|-ability|p2b: Gyarados|Intimidate|boost\n|-unboost|p1a: Ninetales|atk|1\n|-unboost|p1b: Hatterene|atk|1\n|turn|1\n|\n|t:|1776591204\n|detailschange|p2b: Gyarados|Gyarados-Mega, L50, M, shiny\n|-mega|p2b: Gyarados|Gyarados|Gyaradosite\n|-ability|p2b: Gyarados|Mold Breaker\n|move|p1a: Ninetales|Aurora Veil|p1a: Ninetales\n|-sidestart|p1: CBKreme|move: Aurora Veil\n|move|p2b: Gyarados|Waterfall|p1b: Hatterene\n|-damage|p1b: Hatterene|69/100\n|move|p2a: Araquanid|Entrainment|p2b: Gyarados\n|-ability|p2b: Gyarados|Water Bubble|Mold Breaker|[from] move: Entrainment|[of] p2a: Araquanid\n|move|p1b: Hatterene|Trick Room|p1b: Hatterene\n|-fieldstart|move: Trick Room|[of] p1b: Hatterene\n|\n|-weather|Snowscape|[upkeep]\n|upkeep\n|turn|2\n|inactive|CBKreme has 30 seconds left.\n|inactive|CBKreme has 20 seconds left.\n|\n|t:|1776591241\n|switch|p1a: Flapple|Flapple, L50, F, shiny|100/100\n|move|p2b: Gyarados|Protect|p2b: Gyarados\n|-singleturn|p2b: Gyarados|Protect\n|move|p1b: Hatterene|Dark Pulse|p2a: Araquanid\n|-damage|p2a: Araquanid|81/100\n|move|p2a: Araquanid|Liquidation|p1b: Hatterene\n|-damage|p1b: Hatterene|29/100\n|\n|-weather|Snowscape|[upkeep]\n|upkeep\n|turn|3\n|inactive|CBKreme has 30 seconds left.\n|inactive|Aruko Himura has 30 seconds left.\n|\n|t:|1776591268\n|move|p2a: Araquanid|Wide Guard|p2a: Araquanid\n|-singleturn|p2a: Araquanid|Wide Guard\n|move|p1b: Hatterene|Dark Pulse|p2a: Araquanid\n|-damage|p2a: Araquanid|60/100\n|move|p1a: Flapple|Grav Apple|p2b: Gyarados|[miss]\n|-miss|p1a: Flapple|p2b: Gyarados\n|move|p2b: Gyarados|Waterfall|p1b: Hatterene\n|-damage|p1b: Hatterene|0 fnt\n|faint|p1b: Hatterene\n|\n|-weather|Snowscape|[upkeep]\n|upkeep\n|\n|t:|1776591285\n|switch|p1b: Ninetales|Ninetales-Alola, L50, F|100/100\n|turn|4\n|\n|t:|1776591299\n|move|p2a: Araquanid|Rain Dance|p2a: Araquanid\n|-weather|RainDance\n|move|p1a: Flapple|Grav Apple|p2b: Gyarados\n|-supereffective|p2b: Gyarados|1\n|-damage|p2b: Gyarados|0 fnt\n|faint|p2b: Gyarados\n|move|p1b: Ninetales|Disable|p2a: Araquanid\n|-start|p2a: Araquanid|Disable|Rain Dance\n|\n|-weather|RainDance|[upkeep]\n|upkeep\n|\n|t:|1776591309\n|switch|p2b: Tauros|Tauros-Paldea-Aqua, L50, M|100/100\n|-ability|p2b: Tauros|Intimidate|boost\n|-unboost|p1a: Flapple|atk|1\n|-unboost|p1b: Ninetales|atk|1\n|turn|5\n|\n|t:|1776591319\n|move|p2a: Araquanid|Entrainment|p2b: Tauros\n|-ability|p2b: Tauros|Water Bubble|Intimidate|[from] move: Entrainment|[of] p2a: Araquanid\n|move|p1a: Flapple|Grav Apple|p2b: Tauros\n|-supereffective|p2b: Tauros|1\n|-damage|p2b: Tauros|0 fnt\n|faint|p2b: Tauros\n|move|p1b: Ninetales|Snowscape|p1b: Ninetales\n|-weather|Snowscape\n|\n|-weather|Snowscape|[upkeep]\n|-sideend|p1: CBKreme|move: Aurora Veil\n|-fieldend|move: Trick Room\n|upkeep\n|\n|t:|1776591329\n|switch|p2b: Arcanine|Arcanine, L50, F|100/100\n|-ability|p2b: Arcanine|Intimidate|boost\n|-unboost|p1a: Flapple|atk|1\n|-unboost|p1b: Ninetales|atk|1\n|turn|6\n|\n|t:|1776591346\n|move|p1b: Ninetales|Aurora Veil|p1b: Ninetales\n|-sidestart|p1: CBKreme|move: Aurora Veil\n|move|p2b: Arcanine|Heat Wave|p1a: Flapple|[spread] p1a,p1b\n|-supereffective|p1b: Ninetales|1\n|-damage|p1a: Flapple|67/100\n|-damage|p1b: Ninetales|54/100\n|move|p1a: Flapple|Acrobatics|p2a: Araquanid\n|-supereffective|p2a: Araquanid|1\n|-damage|p2a: Araquanid|29/100\n|move|p2a: Araquanid|Liquidation|p1b: Ninetales\n|-damage|p1b: Ninetales|7/100\n|\n|-weather|Snowscape|[upkeep]\n|upkeep\n|turn|7\n|l|\u2606Aruko Himura\n|inactive|Aruko Himura disconnected and has a minute to reconnect!\n|player|p2|\n|inactive|Aruko Himura has 30 seconds left.\n|j|\u2606Aruko Himura\n|inactive|Aruko Himura reconnected and has 25 seconds left.\n|player|p2|Aruko Himura|marley|\n|inactive|Aruko Himura has 20 seconds left.\n|inactive|Aruko Himura has 15 seconds left.\n|\n|t:|1776591387\n|move|p1b: Ninetales|Disable|p2b: Arcanine\n|-start|p2b: Arcanine|Disable|Heat Wave\n|cant|p2b: Arcanine|Disable|Heat Wave\n|move|p1a: Flapple|Acrobatics|p2a: Araquanid\n|-supereffective|p2a: Araquanid|1\n|-damage|p2a: Araquanid|0 fnt\n|faint|p2a: Araquanid\n|\n|-weather|Snowscape|[upkeep]\n|upkeep\n|turn|8\n|\n|t:|1776591402\n|switch|p1b: Gardevoir|Gardevoir, L50, F, shiny|100/100\n|-ability|p1b: Gardevoir|Intimidate|Trace|[from] ability: Trace|[of] p2b: Arcanine\n|-ability|p1b: Gardevoir|Intimidate|boost\n|-unboost|p2b: Arcanine|atk|1\n|move|p2b: Arcanine|Snarl|p1b: Gardevoir|[spread] p1a,p1b\n|-damage|p1a: Flapple|56/100\n|-damage|p1b: Gardevoir|92/100\n|-unboost|p1a: Flapple|spa|1\n|-unboost|p1b: Gardevoir|spa|1\n|move|p1a: Flapple|Dragon Rush|p2b: Arcanine|[miss]\n|-miss|p1a: Flapple|p2b: Arcanine\n|\n|-weather|Snowscape|[upkeep]\n|upkeep\n|turn|9\n|\n|t:|1776591417\n|detailschange|p1b: Gardevoir|Gardevoir-Mega, L50, F, shiny\n|-mega|p1b: Gardevoir|Gardevoir|Gardevoirite\n|move|p1b: Gardevoir|Psyshock|p2b: Arcanine\n|-damage|p2b: Arcanine|61/100\n|move|p2b: Arcanine|Snarl|p1b: Gardevoir|[spread] p1a,p1b\n|-damage|p1a: Flapple|44/100\n|-damage|p1b: Gardevoir|83/100\n|-unboost|p1a: Flapple|spa|1\n|-unboost|p1b: Gardevoir|spa|1\n|-enditem|p1a: Flapple|Sitrus Berry|[eat]\n|-heal|p1a: Flapple|69/100|[from] item: Sitrus Berry\n|move|p1a: Flapple|Dragon Rush|p2b: Arcanine\n|-damage|p2b: Arcanine|14/100\n|\n|-weather|none\n|upkeep\n|turn|10\n|\n|t:|1776591432\n|move|p1b: Gardevoir|Psyshock|p2b: Arcanine\n|-damage|p2b: Arcanine|0 fnt\n|faint|p2b: Arcanine\n|\n|win|CBKreme\n|raw|CBKreme's rating: 1077 &rarr; <strong>1110</strong><br />(+33 for winning)\n|raw|Aruko Himura's rating: 1129 &rarr; <strong>1100</strong><br />(-29 for losing)\n|c|\u2606Aruko Himura|GG\n|c|\u2606CBKreme|gg\n",
  "uploadtime": 1776591441,
  "views": 9,
  "formatid": "gen9championsvgc2026regma",
  "rating": 1100,
  "private": 0,
  "password": null
}