{
  "id": "gen9championsvgc2026regma-2587423975",
  "format": "[Gen 9 Champions] VGC 2026 Reg M-A",
  "players": [
    "FinnstheFeen",
    "Godotto"
  ],
  "log": "|j|\u2606FinnstheFeen\n|j|\u2606Godotto\n|t:|1776530619\n|gametype|doubles\n|player|p1|FinnstheFeen|265|1260\n|player|p2|Godotto|sage|1351\n|gen|9\n|tier|[Gen 9 Champions] VGC 2026 Reg M-A\n|rated|\n|rule|Species Clause: Limit one of each Pok\u00e9mon\n|rule|Item Clause: Limit 1 of each item\n|clearpoke\n|poke|p1|Incineroar, L50, M|\n|poke|p1|Froslass, L50, F|\n|poke|p1|Garchomp, L50, F|\n|poke|p1|Rotom-Frost, L50|\n|poke|p1|Empoleon, L50, M|\n|poke|p1|Kingambit, L50, M|\n|poke|p2|Froslass, L50, F|\n|poke|p2|Garchomp, L50, F|\n|poke|p2|Rotom-Wash, L50|\n|poke|p2|Aegislash, L50, M, shiny|\n|poke|p2|Incineroar, L50, F|\n|poke|p2|Kingambit, L50, F|\n|teampreview|4\n|inactive|Battle timer is ON: inactive players will automatically lose when time's up. (requested by FinnstheFeen)\n|inactive|Godotto has 60 seconds left.\n|inactive|Godotto has 30 seconds left.\n|\n|t:|1776530682\n|teamsize|p1|4\n|teamsize|p2|4\n|start\n|switch|p1a: Garchomp|Garchomp, L50, F|100/100\n|switch|p1b: Rotom|Rotom-Frost, L50|100/100\n|switch|p2a: Incineroar|Incineroar, L50, F|100/100\n|switch|p2b: Kingambit|Kingambit, L50, F|100/100\n|-ability|p2a: Incineroar|Intimidate|boost\n|-unboost|p1a: Garchomp|atk|1\n|-unboost|p1b: Rotom|atk|1\n|-enditem|p1a: Garchomp|White Herb\n|-clearnegativeboost|p1a: Garchomp|[silent]\n|turn|1\n|\n|t:|1776530706\n|move|p2a: Incineroar|Fake Out|p1a: Garchomp\n|-damage|p1a: Garchomp|88/100\n|-damage|p2a: Incineroar|88/100|[from] ability: Rough Skin|[of] p1a: Garchomp\n|move|p1b: Rotom|Volt Switch|p2a: Incineroar\n|-damage|p2a: Incineroar|58/100\n|\n|t:|1776530713\n|switch|p1b: Incineroar|Incineroar, L50, M|100/100|[from] Volt Switch\n|-ability|p1b: Incineroar|Intimidate|boost\n|-unboost|p2a: Incineroar|atk|1\n|-unboost|p2b: Kingambit|atk|1\n|-ability|p2b: Kingambit|Defiant|boost\n|-boost|p2b: Kingambit|atk|2\n|cant|p1a: Garchomp|flinch\n|move|p2b: Kingambit|Iron Head|p1b: Incineroar\n|-resisted|p1b: Incineroar|1\n|-damage|p1b: Incineroar|68/100\n|\n|upkeep\n|turn|2\n|\n|t:|1776530732\n|switch|p2a: Rotom|Rotom-Wash, L50|100/100\n|switch|p1b: Rotom|Rotom-Frost, L50|100/100\n|move|p2b: Kingambit|Protect|p2b: Kingambit\n|-singleturn|p2b: Kingambit|Protect\n|move|p1a: Garchomp|Earthquake|p2a: Rotom|[spread] \n|-activate|p2b: Kingambit|move: Protect\n|-immune|p1b: Rotom|[from] ability: Levitate\n|-immune|p2a: Rotom|[from] ability: Levitate\n|\n|upkeep\n|turn|3\n|\n|t:|1776530755\n|move|p1b: Rotom|Electroweb|p2b: Kingambit|[spread] p2a,p2b\n|-damage|p2a: Rotom|87/100\n|-damage|p2b: Kingambit|79/100\n|-unboost|p2a: Rotom|spe|1\n|-unboost|p2b: Kingambit|spe|1\n|-ability|p2b: Kingambit|Defiant|boost\n|-boost|p2b: Kingambit|atk|2\n|move|p1a: Garchomp|Earthquake|p2a: Rotom|[spread] p2b\n|-immune|p1b: Rotom|[from] ability: Levitate\n|-immune|p2a: Rotom|[from] ability: Levitate\n|-supereffective|p2b: Kingambit|1\n|-damage|p2b: Kingambit|7/100\n|move|p2b: Kingambit|Iron Head|p1b: Rotom\n|-damage|p1b: Rotom|0 fnt\n|faint|p1b: Rotom\n|move|p2a: Rotom|Will-O-Wisp|p1a: Garchomp|[miss]\n|-miss|p2a: Rotom|p1a: Garchomp\n|\n|-heal|p2a: Rotom|93/100|[from] item: Leftovers\n|upkeep\n|\n|t:|1776530772\n|switch|p1b: Froslass|Froslass, L50, F|100/100\n|turn|4\n|\n|t:|1776530787\n|detailschange|p1b: Froslass|Froslass-Mega, L50, F\n|-mega|p1b: Froslass|Froslass|Froslassite\n|-weather|Snowscape|[from] ability: Snow Warning|[of] p1b: Froslass\n|move|p1a: Garchomp|Protect|p1a: Garchomp\n|-singleturn|p1a: Garchomp|Protect\n|move|p2b: Kingambit|Sucker Punch||[still]\n|-fail|p2b: Kingambit\n|move|p1b: Froslass|Aurora Veil|p1b: Froslass\n|-sidestart|p1: FinnstheFeen|move: Aurora Veil\n|move|p2a: Rotom|Electroweb|p1b: Froslass|[spread] p1b\n|-activate|p1a: Garchomp|move: Protect\n|-damage|p1b: Froslass|88/100\n|-unboost|p1b: Froslass|spe|1\n|\n|-weather|Snowscape|[upkeep]\n|-heal|p2a: Rotom|99/100|[from] item: Leftovers\n|upkeep\n|turn|5\n|inactive|Godotto has 30 seconds left.\n|\n|t:|1776530813\n|move|p1b: Froslass|Protect|p1b: Froslass\n|-singleturn|p1b: Froslass|Protect\n|move|p2b: Kingambit|Sucker Punch||[still]\n|-fail|p2b: Kingambit\n|move|p1a: Garchomp|Earthquake|p2b: Kingambit|[spread] p2b\n|-activate|p1b: Froslass|move: Protect\n|-immune|p2a: Rotom|[from] ability: Levitate\n|-supereffective|p2b: Kingambit|1\n|-damage|p2b: Kingambit|0 fnt\n|faint|p2b: Kingambit\n|move|p2a: Rotom|Will-O-Wisp|p1a: Garchomp\n|-status|p1a: Garchomp|brn\n|\n|-weather|Snowscape|[upkeep]\n|-heal|p2a: Rotom|100/100|[from] item: Leftovers\n|-damage|p1a: Garchomp|82/100 brn|[from] brn\n|upkeep\n|\n|t:|1776530828\n|switch|p2b: Froslass|Froslass, L50, F|100/100\n|turn|6\n|\n|t:|1776530841\n|detailschange|p2b: Froslass|Froslass-Mega, L50, F\n|-mega|p2b: Froslass|Froslass|Froslassite\n|move|p1a: Garchomp|Protect|p1a: Garchomp\n|-singleturn|p1a: Garchomp|Protect\n|move|p2b: Froslass|Shadow Ball|p1b: Froslass\n|-supereffective|p1b: Froslass|1\n|-damage|p1b: Froslass|12/100\n|move|p1b: Froslass|Shadow Ball|p2b: Froslass\n|-supereffective|p2b: Froslass|1\n|-crit|p2b: Froslass\n|-damage|p2b: Froslass|0 fnt\n|faint|p2b: Froslass\n|move|p2a: Rotom|Hydro Pump|p1b: Froslass\n|-damage|p1b: Froslass|0 fnt\n|faint|p1b: Froslass\n|\n|-weather|Snowscape|[upkeep]\n|-damage|p1a: Garchomp|76/100 brn|[from] brn\n|upkeep\n|\n|t:|1776530856\n|switch|p1b: Incineroar|Incineroar, L50, M|68/100\n|switch|p2b: Incineroar|Incineroar, L50, F|58/100\n|-ability|p2b: Incineroar|Intimidate|boost\n|-unboost|p1a: Garchomp|atk|1\n|-unboost|p1b: Incineroar|atk|1\n|-ability|p1b: Incineroar|Intimidate|boost\n|-unboost|p2a: Rotom|atk|1\n|-unboost|p2b: Incineroar|atk|1\n|turn|7\n|\n|t:|1776530879\n|move|p2a: Rotom|Protect|p2a: Rotom\n|-singleturn|p2a: Rotom|Protect\n|move|p1b: Incineroar|Fake Out|p2a: Rotom\n|-activate|p2a: Rotom|move: Protect\n|move|p2b: Incineroar|Fake Out|p1b: Incineroar\n|-damage|p1b: Incineroar|62/100\n|move|p1a: Garchomp|Rock Slide|p2a: Rotom|[spread] p2b\n|-activate|p2a: Rotom|move: Protect\n|-supereffective|p2b: Incineroar|1\n|-damage|p2b: Incineroar|45/100\n|-enditem|p2b: Incineroar|Sitrus Berry|[eat]\n|-heal|p2b: Incineroar|70/100|[from] item: Sitrus Berry\n|\n|-weather|Snowscape|[upkeep]\n|-damage|p1a: Garchomp|70/100 brn|[from] brn\n|upkeep\n|turn|8\n|inactive|Godotto has 30 seconds left.\n|\n|t:|1776530907\n|move|p1a: Garchomp|Rock Slide|p2a: Rotom|[spread] p2a,p2b\n|-supereffective|p2b: Incineroar|1\n|-damage|p2a: Rotom|93/100\n|-damage|p2b: Incineroar|58/100\n|cant|p2b: Incineroar|flinch\n|move|p1b: Incineroar|Darkest Lariat|p2a: Rotom\n|-damage|p2a: Rotom|62/100\n|cant|p2a: Rotom|flinch\n|\n|-weather|none\n|-heal|p2a: Rotom|68/100|[from] item: Leftovers\n|-damage|p1a: Garchomp|64/100 brn|[from] brn\n|-sideend|p1: FinnstheFeen|move: Aurora Veil\n|upkeep\n|turn|9\n|\n|t:|1776530922\n|move|p1a: Garchomp|Rock Slide|p2a: Rotom|[spread] p2a,p2b\n|-supereffective|p2b: Incineroar|1\n|-damage|p2a: Rotom|62/100\n|-damage|p2b: Incineroar|46/100\n|move|p1b: Incineroar|Darkest Lariat|p2b: Incineroar\n|-resisted|p2b: Incineroar|1\n|-damage|p2b: Incineroar|31/100\n|move|p2b: Incineroar|Darkest Lariat|p1b: Incineroar\n|-resisted|p1b: Incineroar|1\n|-damage|p1b: Incineroar|49/100\n|-enditem|p1b: Incineroar|Sitrus Berry|[eat]\n|-heal|p1b: Incineroar|74/100|[from] item: Sitrus Berry\n|move|p2a: Rotom|Hydro Pump|p1b: Incineroar|[miss]\n|-miss|p2a: Rotom|p1b: Incineroar\n|\n|-heal|p2a: Rotom|68/100|[from] item: Leftovers\n|-damage|p1a: Garchomp|58/100 brn|[from] brn\n|upkeep\n|turn|10\n|\n|t:|1776530941\n|move|p1a: Garchomp|Rock Slide|p2a: Rotom|[spread] p2a,p2b\n|-supereffective|p2b: Incineroar|1\n|-damage|p2a: Rotom|60/100\n|-damage|p2b: Incineroar|19/100\n|move|p1b: Incineroar|Darkest Lariat|p2a: Rotom\n|-damage|p2a: Rotom|31/100\n|move|p2b: Incineroar|Darkest Lariat|p1b: Incineroar\n|-resisted|p1b: Incineroar|1\n|-damage|p1b: Incineroar|59/100\n|move|p2a: Rotom|Hydro Pump|p1b: Incineroar\n|-supereffective|p1b: Incineroar|1\n|-damage|p1b: Incineroar|0 fnt\n|faint|p1b: Incineroar\n|\n|-heal|p2a: Rotom|37/100|[from] item: Leftovers\n|-damage|p1a: Garchomp|52/100 brn|[from] brn\n|upkeep\n|turn|11\n|\n|t:|1776530960\n|move|p2a: Rotom|Protect|p2a: Rotom\n|-singleturn|p2a: Rotom|Protect\n|move|p1a: Garchomp|Rock Slide|p2b: Incineroar|[spread] p2b\n|-activate|p2a: Rotom|move: Protect\n|-supereffective|p2b: Incineroar|1\n|-damage|p2b: Incineroar|6/100\n|move|p2b: Incineroar|Parting Shot|p1a: Garchomp\n|-unboost|p1a: Garchomp|atk|1\n|-unboost|p1a: Garchomp|spa|1\n|\n|-heal|p2a: Rotom|42/100|[from] item: Leftovers\n|-damage|p1a: Garchomp|46/100 brn|[from] brn\n|upkeep\n|turn|12\n|\n|t:|1776530974\n|move|p1a: Garchomp|Rock Slide|p2a: Rotom|[spread] p2a,p2b\n|-supereffective|p2b: Incineroar|1\n|-crit|p2b: Incineroar\n|-damage|p2a: Rotom|37/100\n|-damage|p2b: Incineroar|0 fnt\n|faint|p2b: Incineroar\n|move|p2a: Rotom|Hydro Pump|p1a: Garchomp\n|-damage|p1a: Garchomp|4/100 brn\n|\n|-heal|p2a: Rotom|43/100|[from] item: Leftovers\n|-damage|p1a: Garchomp|0 fnt|[from] brn\n|faint|p1a: Garchomp\n|\n|win|Godotto\n|raw|FinnstheFeen's rating: 1260 &rarr; <strong>1241</strong><br />(-19 for losing)\n|raw|Godotto's rating: 1351 &rarr; <strong>1366</strong><br />(+15 for winning)\n|l|\u2606FinnstheFeen\n|player|p1|\n",
  "uploadtime": 1776530996,
  "views": 30,
  "formatid": "gen9championsvgc2026regma",
  "rating": 1241,
  "private": 0,
  "password": null
}