{
  "id": "gen9championsvgc2026regma-2585774538",
  "format": "[Gen 9 Champions] VGC 2026 Reg M-A",
  "players": [
    "ThijsTC7",
    "regufe"
  ],
  "log": "|j|\u2606ThijsTC7\n|j|\u2606regufe\n|t:|1776369698\n|gametype|doubles\n|player|p1|ThijsTC7|169|1047\n|player|p2|regufe|pokemonbreeder|1077\n|gen|9\n|tier|[Gen 9 Champions] VGC 2026 Reg M-A\n|rated|\n|rule|Species Clause: Limit one of each Pok\u00e9mon\n|rule|Item Clause: Limit 1 of each item\n|clearpoke\n|poke|p1|Charizard, L50, F|\n|poke|p1|Venusaur, L50, F|\n|poke|p1|Incineroar, L50, F|\n|poke|p1|Garchomp, L50, M|\n|poke|p1|Milotic, L50, F|\n|poke|p1|Aerodactyl, L50, F|\n|poke|p2|Lopunny, L50, F|\n|poke|p2|Aerodactyl, L50, F|\n|poke|p2|Zoroark-Hisui, L50, F|\n|poke|p2|Sableye, L50, F|\n|poke|p2|Incineroar, L50, F|\n|poke|p2|Kommo-o, L50, F|\n|teampreview|4\n|\n|t:|1776369736\n|teamsize|p1|4\n|teamsize|p2|4\n|start\n|switch|p1a: Milotic|Milotic, L50, F|100/100\n|switch|p1b: Aerodactyl|Aerodactyl, L50, F|100/100\n|switch|p2a: Aerodactyl|Aerodactyl, L50, F|100/100\n|switch|p2b: Sableye|Sableye, L50, F|100/100\n|-ability|p2a: Aerodactyl|Unnerve\n|-ability|p1b: Aerodactyl|Unnerve\n|turn|1\n|\n|t:|1776369769\n|move|p2a: Aerodactyl|Tailwind|p2a: Aerodactyl\n|-sidestart|p2: regufe|move: Tailwind\n|move|p2b: Sableye|Hyper Voice|p1a: Milotic|[spread] p1a,p1b\n|-resisted|p1b: Aerodactyl|1\n|-damage|p1a: Milotic|70/100\n|-damage|p1b: Aerodactyl|73/100\n|move|p1b: Aerodactyl|Rock Slide|p2b: Sableye|[spread] p2a,p2b\n|-supereffective|p2a: Aerodactyl|1\n|-damage|p2a: Aerodactyl|20/100\n|-damage|p2b: Sableye|50/100\n|replace|p2b: Zoroark|Zoroark-Hisui, L50, F\n|-end|p2b: Zoroark|Illusion\n|move|p1a: Milotic|Icy Wind|p2b: Zoroark|[spread] p2b\n|-miss|p1a: Milotic|p2a: Aerodactyl\n|-damage|p2b: Zoroark|29/100\n|-unboost|p2b: Zoroark|spe|1\n|\n|-heal|p1a: Milotic|76/100|[from] item: Leftovers\n|upkeep\n|turn|2\n|\n|t:|1776369797\n|move|p1b: Aerodactyl|Wide Guard|p1b: Aerodactyl\n|-singleturn|p1b: Aerodactyl|Wide Guard\n|move|p2a: Aerodactyl|Rock Slide|p1a: Milotic|[spread] \n|-activate|p1a: Milotic|move: Wide Guard\n|-activate|p1b: Aerodactyl|move: Wide Guard\n|move|p2b: Zoroark|Hyper Beam|p1a: Milotic\n|-damage|p1a: Milotic|6/100\n|-mustrecharge|p2b: Zoroark\n|move|p1a: Milotic|Icy Wind|p2a: Aerodactyl|[spread] p2a,p2b\n|-supereffective|p2a: Aerodactyl|1\n|-crit|p2a: Aerodactyl\n|-damage|p2a: Aerodactyl|0 fnt\n|-damage|p2b: Zoroark|6/100\n|-unboost|p2b: Zoroark|spe|1\n|faint|p2a: Aerodactyl\n|\n|-heal|p1a: Milotic|12/100|[from] item: Leftovers\n|upkeep\n|\n|t:|1776369819\n|switch|p2a: Sableye|Sableye, L50, F|100/100\n|turn|3\n|\n|t:|1776369834\n|move|p2a: Sableye|Encore|p1b: Aerodactyl\n|-start|p1b: Aerodactyl|Encore\n|move|p1b: Aerodactyl|Wide Guard|p1b: Aerodactyl\n|-singleturn|p1b: Aerodactyl|Wide Guard\n|cant|p2b: Zoroark|recharge\n|move|p1a: Milotic|Life Dew|p1a: Milotic|[spread] p1a,p1b\n|-heal|p1a: Milotic|37/100\n|-heal|p1b: Aerodactyl|98/100\n|\n|-heal|p1a: Milotic|43/100|[from] item: Leftovers\n|upkeep\n|turn|4\n|\n|t:|1776369889\n|switch|p1b: Charizard|Charizard, L50, F, shiny|100/100\n|move|p1a: Milotic|Protect|p1a: Milotic\n|-singleturn|p1a: Milotic|Protect\n|move|p2a: Sableye|Disable||[still]\n|-fail|p2a: Sableye\n|move|p2b: Zoroark|Hyper Voice|p1a: Milotic|[spread] p1b\n|-activate|p1a: Milotic|move: Protect\n|-damage|p1b: Charizard|46/100\n|\n|-heal|p1a: Milotic|49/100|[from] item: Leftovers\n|-sideend|p2: regufe|move: Tailwind\n|upkeep\n|turn|5\n|\n|t:|1776369920\n|switch|p1a: Aerodactyl|Aerodactyl, L50, F|98/100\n|-ability|p1a: Aerodactyl|Unnerve\n|detailschange|p1b: Charizard|Charizard-Mega-Y, L50, F, shiny\n|-mega|p1b: Charizard|Charizard|Charizardite Y\n|-weather|SunnyDay|[from] ability: Drought|[of] p1b: Charizard\n|move|p2b: Zoroark|Protect|p2b: Zoroark\n|-singleturn|p2b: Zoroark|Protect\n|move|p2a: Sableye|Encore||[still]\n|-fail|p2a: Sableye\n|move|p1b: Charizard|Heat Wave|p2b: Zoroark|[spread] p2a\n|-activate|p2b: Zoroark|move: Protect\n|-damage|p2a: Sableye|30/100\n|-status|p2a: Sableye|brn\n|\n|-weather|SunnyDay|[upkeep]\n|-damage|p2a: Sableye|24/100 brn|[from] brn\n|upkeep\n|turn|6\n|\n|t:|1776369955\n|move|p2a: Sableye|Disable|p1b: Charizard\n|-start|p1b: Charizard|Disable|Heat Wave\n|move|p1a: Aerodactyl|Tailwind|p1a: Aerodactyl\n|-sidestart|p1: ThijsTC7|move: Tailwind\n|cant|p1b: Charizard|Disable|Heat Wave\n|move|p2b: Zoroark|Hyper Voice|p1b: Charizard|[spread] p1a,p1b\n|-resisted|p1a: Aerodactyl|1\n|-damage|p1a: Aerodactyl|67/100\n|-damage|p1b: Charizard|7/100\n|\n|-weather|SunnyDay|[upkeep]\n|-damage|p2a: Sableye|18/100 brn|[from] brn\n|upkeep\n|turn|7\n|\n|t:|1776369972\n|move|p2b: Zoroark|Protect|p2b: Zoroark\n|-singleturn|p2b: Zoroark|Protect\n|move|p1a: Aerodactyl|Wide Guard|p1a: Aerodactyl\n|-singleturn|p1a: Aerodactyl|Wide Guard\n|move|p2a: Sableye|Encore|p1a: Aerodactyl\n|-start|p1a: Aerodactyl|Encore\n|move|p1b: Charizard|Weather Ball|p2b: Zoroark\n|-activate|p2b: Zoroark|move: Protect\n|\n|-weather|SunnyDay|[upkeep]\n|-damage|p2a: Sableye|13/100 brn|[from] brn\n|upkeep\n|turn|8\n|inactive|Battle timer is ON: inactive players will automatically lose when time's up. (requested by ThijsTC7)\n|\n|t:|1776370000\n|switch|p2b: Kommo-o|Kommo-o, L50, F|100/100\n|move|p1a: Aerodactyl|Wide Guard|p1a: Aerodactyl\n|-singleturn|p1a: Aerodactyl|Wide Guard\n|move|p2a: Sableye|Encore|p1b: Charizard\n|-start|p1b: Charizard|Encore\n|move|p1b: Charizard|Weather Ball|p2b: Kommo-o\n|-resisted|p2b: Kommo-o|1\n|-damage|p2b: Kommo-o|52/100\n|\n|-weather|SunnyDay|[upkeep]\n|-damage|p2a: Sableye|7/100 brn|[from] brn\n|upkeep\n|turn|9\n|\n|t:|1776370019\n|switch|p1b: Milotic|Milotic, L50, F|49/100\n|move|p1a: Aerodactyl|Wide Guard|p1a: Aerodactyl\n|-singleturn|p1a: Aerodactyl|Wide Guard\n|move|p2a: Sableye|Disable|p1a: Aerodactyl\n|-start|p1a: Aerodactyl|Disable|Wide Guard\n|move|p2b: Kommo-o|Clanging Scales|p1a: Aerodactyl|[spread] \n|-activate|p1a: Aerodactyl|move: Wide Guard\n|-activate|p1b: Milotic|move: Wide Guard\n|\n|-weather|none\n|-heal|p1b: Milotic|55/100|[from] item: Leftovers\n|-damage|p2a: Sableye|1/100 brn|[from] brn\n|-sideend|p1: ThijsTC7|move: Tailwind\n|upkeep\n|turn|10\n|\n|t:|1776370039\n|switch|p1a: Venusaur|Venusaur, L50, F|100/100\n|-enditem|p2a: Sableye|Sitrus Berry|[eat]\n|-heal|p2a: Sableye|26/100 brn|[from] item: Sitrus Berry\n|move|p2b: Kommo-o|Protect|p2b: Kommo-o\n|-singleturn|p2b: Kommo-o|Protect\n|move|p2a: Sableye|Will-O-Wisp|p1b: Milotic\n|-status|p1b: Milotic|brn\n|move|p1b: Milotic|Icy Wind|p2a: Sableye|[spread] p2a\n|-activate|p2b: Kommo-o|move: Protect\n|-crit|p2a: Sableye\n|-damage|p2a: Sableye|9/100 brn\n|-unboost|p2a: Sableye|spe|1\n|\n|-heal|p1b: Milotic|61/100 brn|[from] item: Leftovers\n|-damage|p1b: Milotic|55/100 brn|[from] brn\n|-damage|p2a: Sableye|3/100 brn|[from] brn\n|upkeep\n|turn|11\n|inactive|regufe has 30 seconds left.\n|\n|t:|1776370066\n|move|p1a: Venusaur|Protect|p1a: Venusaur\n|-singleturn|p1a: Venusaur|Protect\n|move|p1b: Milotic|Protect|p1b: Milotic\n|-singleturn|p1b: Milotic|Protect\n|move|p2a: Sableye|Disable|p1b: Milotic\n|-activate|p1b: Milotic|move: Protect\n|move|p2b: Kommo-o|Clanging Scales|p1a: Venusaur|[spread] \n|-activate|p1a: Venusaur|move: Protect\n|-activate|p1b: Milotic|move: Protect\n|\n|-heal|p1b: Milotic|61/100 brn|[from] item: Leftovers\n|-damage|p1b: Milotic|55/100 brn|[from] brn\n|-damage|p2a: Sableye|0 fnt|[from] brn\n|faint|p2a: Sableye\n|upkeep\n|\n|t:|1776370079\n|switch|p2a: Kommo-o|Kommo-o, L50, F|6/100\n|turn|12\n|\n|t:|1776370090\n|move|p2a: Kommo-o|Hyper Voice|p1a: Venusaur|[spread] p1a,p1b\n|-damage|p1a: Venusaur|65/100\n|-damage|p1b: Milotic|25/100 brn\n|move|p2b: Kommo-o|Clanging Scales|p1b: Milotic|[spread] p1a,p1b\n|-damage|p1a: Venusaur|25/100\n|-damage|p1b: Milotic|0 fnt\n|faint|p1b: Milotic\n|-unboost|p2b: Kommo-o|def|1\n|move|p1a: Venusaur|Sleep Powder|p2b: Kommo-o|[miss]\n|-miss|p1a: Venusaur|p2b: Kommo-o\n|\n|upkeep\n|\n|t:|1776370101\n|switch|p1b: Aerodactyl|Aerodactyl, L50, F|67/100\n|-ability|p1b: Aerodactyl|Unnerve\n|turn|13\n|\n|t:|1776370128\n|move|p2b: Kommo-o|Protect|p2b: Kommo-o\n|-singleturn|p2b: Kommo-o|Protect\n|move|p1b: Aerodactyl|Tailwind|p1b: Aerodactyl\n|-sidestart|p1: ThijsTC7|move: Tailwind\n|move|p1a: Venusaur|Sleep Powder|p2b: Kommo-o\n|-activate|p2b: Kommo-o|move: Protect\n|move|p2a: Kommo-o|Hyper Voice|p1a: Venusaur|[spread] p1a,p1b\n|-resisted|p1b: Aerodactyl|1\n|-damage|p1a: Venusaur|0 fnt\n|-damage|p1b: Aerodactyl|39/100\n|faint|p1a: Venusaur\n|\n|upkeep\n|\n|t:|1776370136\n|switch|p1a: Charizard|Charizard-Mega-Y, L50, F, shiny|7/100\n|-weather|SunnyDay|[from] ability: Drought|[of] p1a: Charizard\n|turn|14\n|\n|t:|1776370158\n|move|p2a: Kommo-o|Protect|p2a: Kommo-o\n|-singleturn|p2a: Kommo-o|Protect\n|move|p1b: Aerodactyl|Dual Wingbeat|p2b: Kommo-o|[miss]\n|-miss|p1b: Aerodactyl|p2b: Kommo-o\n|move|p1a: Charizard|Heat Wave|p2b: Kommo-o|[spread] p2b\n|-activate|p2a: Kommo-o|move: Protect\n|-resisted|p2b: Kommo-o|1\n|-damage|p2b: Kommo-o|15/100\n|move|p2b: Kommo-o|Clanging Scales|p1a: Charizard|[spread] p1a,p1b\n|-damage|p1a: Charizard|0 fnt\n|-damage|p1b: Aerodactyl|0 fnt\n|faint|p1a: Charizard\n|faint|p1b: Aerodactyl\n|\n|win|regufe\n|raw|ThijsTC7's rating: 1047 &rarr; <strong>1031</strong><br />(-16 for losing)\n|raw|regufe's rating: 1077 &rarr; <strong>1103</strong><br />(+26 for winning)\n",
  "uploadtime": 1776370182,
  "views": 22,
  "formatid": "gen9championsvgc2026regma",
  "rating": 1031,
  "private": 0,
  "password": null
}