{
  "id": "gen9championsvgc2026regma-2583399668",
  "format": "[Gen 9 Champions] VGC 2026 Reg M-A",
  "players": [
    "bminer1397",
    "Gengarhaterrr"
  ],
  "log": "|j|\u2606bminer1397\n|j|\u2606Gengarhaterrr\n|t:|1776173034\n|gametype|doubles\n|player|p1|bminer1397|266|1092\n|player|p2|Gengarhaterrr|dragontamer|1078\n|gen|9\n|tier|[Gen 9 Champions] VGC 2026 Reg M-A\n|rated|\n|rule|Species Clause: Limit one of each Pok\u00e9mon\n|rule|Item Clause: Limit 1 of each item\n|clearpoke\n|poke|p1|Blastoise, L50, F|\n|poke|p1|Meowstic, L50, M|\n|poke|p1|Sinistcha, L50|\n|poke|p1|Incineroar, L50, M|\n|poke|p1|Aegislash, L50, M|\n|poke|p1|Meowscarada, L50, M|\n|poke|p2|Venusaur, L50, M|\n|poke|p2|Sinistcha-Masterpiece, L50|\n|poke|p2|Clefable, L50, M|\n|poke|p2|Incineroar, L50, F|\n|poke|p2|Charizard, L50, F|\n|poke|p2|Sneasler, L50, M|\n|teampreview|4\n|inactive|Battle timer is ON: inactive players will automatically lose when time's up. (requested by bminer1397)\n|inactive|Gengarhaterrr also wants the timer to be on.\n|inactive|Gengarhaterrr has 60 seconds left.\n|\n|t:|1776173080\n|teamsize|p1|4\n|teamsize|p2|4\n|start\n|switch|p1a: Blastoise|Blastoise, L50, F|100/100\n|switch|p1b: Meowstic|Meowstic, L50, M|100/100\n|switch|p2a: Venusaur|Venusaur, L50, M, shiny|100/100\n|switch|p2b: Incineroar|Incineroar, L50, F, shiny|100/100\n|-ability|p2b: Incineroar|Intimidate|boost\n|-unboost|p1a: Blastoise|atk|1\n|-unboost|p1b: Meowstic|atk|1\n|turn|1\n|\n|t:|1776173100\n|switch|p1b: Incineroar|Incineroar, L50, M|100/100\n|-ability|p1b: Incineroar|Intimidate|boost\n|-unboost|p2a: Venusaur|atk|1\n|-unboost|p2b: Incineroar|atk|1\n|detailschange|p1a: Blastoise|Blastoise-Mega, L50, F\n|-mega|p1a: Blastoise|Blastoise|Blastoisinite\n|detailschange|p2a: Venusaur|Venusaur-Mega, L50, M, shiny\n|-mega|p2a: Venusaur|Venusaur|Venusaurite\n|move|p1a: Blastoise|Protect|p1a: Blastoise\n|-singleturn|p1a: Blastoise|Protect\n|move|p2b: Incineroar|Fake Out|p1b: Incineroar\n|-damage|p1b: Incineroar|94/100\n|move|p2a: Venusaur|Leech Seed|p1b: Incineroar\n|-start|p1b: Incineroar|move: Leech Seed\n|\n|-heal|p1b: Incineroar|99/100|[from] item: Leftovers\n|-damage|p1b: Incineroar|88/100|[from] Leech Seed|[of] p2a: Venusaur\n|upkeep\n|turn|2\n|\n|t:|1776173117\n|move|p2a: Venusaur|Protect|p2a: Venusaur\n|-singleturn|p2a: Venusaur|Protect\n|move|p1b: Incineroar|Fake Out|p2a: Venusaur\n|-activate|p2a: Venusaur|move: Protect\n|move|p1a: Blastoise|Shell Smash|p1a: Blastoise\n|-unboost|p1a: Blastoise|def|1\n|-unboost|p1a: Blastoise|spd|1\n|-boost|p1a: Blastoise|atk|2\n|-boost|p1a: Blastoise|spa|2\n|-boost|p1a: Blastoise|spe|2\n|move|p2b: Incineroar|Parting Shot|p1a: Blastoise\n|-unboost|p1a: Blastoise|atk|1\n|-unboost|p1a: Blastoise|spa|1\n|\n|t:|1776173125\n|switch|p2b: Clefable|Clefable, L50, M, shiny|100/100|[from] Parting Shot\n|\n|-heal|p1b: Incineroar|94/100|[from] item: Leftovers\n|-damage|p1b: Incineroar|81/100|[from] Leech Seed|[of] p2a: Venusaur\n|upkeep\n|turn|3\n|\n|t:|1776173136\n|move|p1a: Blastoise|Protect|p1a: Blastoise\n|-singleturn|p1a: Blastoise|Protect\n|move|p2a: Venusaur|Leech Seed|p1a: Blastoise\n|-activate|p1a: Blastoise|move: Protect\n|move|p2b: Clefable|Life Dew||[still]|[still]|[spread] \n|-fail|p2a: Venusaur|heal\n|-fail|p2b: Clefable|heal\n|move|p1b: Incineroar|Parting Shot|p2a: Venusaur\n|-unboost|p2a: Venusaur|atk|1\n|-unboost|p2a: Venusaur|spa|1\n|\n|t:|1776173147\n|switch|p1b: Sinistcha|Sinistcha, L50|100/100|[from] Parting Shot\n|\n|upkeep\n|turn|4\n|\n|t:|1776173159\n|move|p1b: Sinistcha|Rage Powder|p1b: Sinistcha\n|-singleturn|p1b: Sinistcha|move: Rage Powder\n|move|p1a: Blastoise|Ice Beam|p2a: Venusaur\n|-supereffective|p2a: Venusaur|1\n|-damage|p2a: Venusaur|68/100\n|move|p2a: Venusaur|Leech Seed|p1a: Blastoise\n|-start|p1a: Blastoise|move: Leech Seed\n|move|p2b: Clefable|Moonblast|p1b: Sinistcha\n|-damage|p1b: Sinistcha|76/100\n|\n|-damage|p1a: Blastoise|88/100|[from] Leech Seed|[of] p2a: Venusaur\n|-heal|p2a: Venusaur|78/100|[silent]\n|upkeep\n|turn|5\n|\n|t:|1776173181\n|switch|p2a: Incineroar|Incineroar, L50, F, shiny|100/100\n|-ability|p2a: Incineroar|Intimidate|boost\n|-unboost|p1a: Blastoise|atk|1\n|-unboost|p1b: Sinistcha|atk|1\n|move|p1b: Sinistcha|Rage Powder|p1b: Sinistcha\n|-singleturn|p1b: Sinistcha|move: Rage Powder\n|move|p1a: Blastoise|Shell Smash|p1a: Blastoise\n|-unboost|p1a: Blastoise|def|1\n|-unboost|p1a: Blastoise|spd|1\n|-boost|p1a: Blastoise|atk|2\n|-boost|p1a: Blastoise|spa|2\n|-boost|p1a: Blastoise|spe|2\n|move|p2b: Clefable|Moonblast|p1b: Sinistcha\n|-damage|p1b: Sinistcha|49/100\n|\n|-damage|p1a: Blastoise|76/100|[from] Leech Seed|[of] p2a: Incineroar\n|upkeep\n|turn|6\n|\n|t:|1776173201\n|switch|p1b: Meowstic|Meowstic, L50, M|100/100\n|move|p1a: Blastoise|Protect|p1a: Blastoise\n|-singleturn|p1a: Blastoise|Protect\n|move|p2a: Incineroar|Fake Out|p1a: Blastoise\n|-activate|p1a: Blastoise|move: Protect\n|move|p2b: Clefable|Moonblast|p1b: Meowstic\n|-damage|p1b: Meowstic|66/100\n|-unboost|p1b: Meowstic|spa|1\n|\n|-damage|p1a: Blastoise|64/100|[from] Leech Seed|[of] p2a: Incineroar\n|upkeep\n|turn|7\n|\n|t:|1776173212\n|move|p1b: Meowstic|Rain Dance|p1b: Meowstic\n|-weather|RainDance\n|move|p1a: Blastoise|Water Spout|p2a: Incineroar|[spread] p2a,p2b\n|-supereffective|p2a: Incineroar|1\n|-damage|p2a: Incineroar|0 fnt\n|-damage|p2b: Clefable|55/100\n|faint|p2a: Incineroar\n|move|p2b: Clefable|Moonblast|p1a: Blastoise\n|-damage|p1a: Blastoise|31/100\n|\n|-weather|RainDance|[upkeep]\n|-heal|p2b: Clefable|61/100|[from] item: Leftovers\n|upkeep\n|\n|t:|1776173219\n|switch|p2a: Sneasler|Sneasler, L50, M, shiny|100/100\n|-ability|p2a: Sneasler|Pressure\n|turn|8\n|\n|t:|1776173233\n|move|p1b: Meowstic|Quick Guard|p1b: Meowstic\n|-singleturn|p1b: Meowstic|Quick Guard\n|move|p2a: Sneasler|Fake Out|p1b: Meowstic\n|-activate|p1b: Meowstic|move: Quick Guard\n|move|p1a: Blastoise|Ice Beam|p2a: Sneasler\n|-damage|p2a: Sneasler|0 fnt\n|faint|p2a: Sneasler\n|move|p2b: Clefable|Life Dew|p2b: Clefable\n|-heal|p2b: Clefable|87/100\n|\n|-weather|RainDance|[upkeep]\n|-heal|p2b: Clefable|93/100|[from] item: Leftovers\n|upkeep\n|\n|t:|1776173240\n|switch|p2a: Venusaur|Venusaur-Mega, L50, M, shiny|78/100\n|turn|9\n|\n|t:|1776173255\n|move|p1b: Meowstic|Helping Hand|p1a: Blastoise\n|-singleturn|p1a: Blastoise|Helping Hand|[of] p1b: Meowstic\n|move|p2a: Venusaur|Protect|p2a: Venusaur\n|-singleturn|p2a: Venusaur|Protect\n|move|p1a: Blastoise|Ice Beam|p2a: Venusaur\n|-activate|p2a: Venusaur|move: Protect\n|move|p2b: Clefable|Moonblast|p1b: Meowstic\n|-damage|p1b: Meowstic|32/100\n|\n|-weather|RainDance|[upkeep]\n|-heal|p2b: Clefable|99/100|[from] item: Leftovers\n|-damage|p1a: Blastoise|18/100|[from] Leech Seed|[of] p2a: Venusaur\n|-heal|p2a: Venusaur|89/100|[silent]\n|upkeep\n|turn|10\n|\n|t:|1776173271\n|move|p1b: Meowstic|Helping Hand|p1a: Blastoise\n|-singleturn|p1a: Blastoise|Helping Hand|[of] p1b: Meowstic\n|move|p2b: Clefable|Follow Me|p2b: Clefable\n|-singleturn|p2b: Clefable|move: Follow Me\n|move|p1a: Blastoise|Ice Beam|p2b: Clefable\n|-damage|p2b: Clefable|63/100\n|move|p2a: Venusaur|Giga Drain|p1b: Meowstic\n|-damage|p1b: Meowstic|0 fnt\n|-heal|p2a: Venusaur|100/100|[from] drain|[of] p1b: Meowstic\n|faint|p1b: Meowstic\n|\n|-weather|RainDance|[upkeep]\n|-heal|p2b: Clefable|69/100|[from] item: Leftovers\n|-damage|p1a: Blastoise|6/100|[from] Leech Seed|[of] p2a: Venusaur\n|upkeep\n|\n|t:|1776173285\n|switch|p1b: Incineroar|Incineroar, L50, M|81/100\n|-ability|p1b: Incineroar|Intimidate|boost\n|-unboost|p2a: Venusaur|atk|1\n|-unboost|p2b: Clefable|atk|1\n|turn|11\n|\n|t:|1776173292\n|move|p2a: Venusaur|Protect|p2a: Venusaur\n|-singleturn|p2a: Venusaur|Protect\n|move|p1b: Incineroar|Fake Out|p2b: Clefable\n|-damage|p2b: Clefable|56/100\n|move|p1a: Blastoise|Ice Beam|p2a: Venusaur\n|-activate|p2a: Venusaur|move: Protect\n|cant|p2b: Clefable|flinch\n|\n|-weather|none\n|-heal|p1b: Incineroar|87/100|[from] item: Leftovers\n|-heal|p2b: Clefable|62/100|[from] item: Leftovers\n|-damage|p1a: Blastoise|0 fnt|[from] Leech Seed|[of] p2a: Venusaur\n|faint|p1a: Blastoise\n|upkeep\n|\n|t:|1776173295\n|switch|p1a: Sinistcha|Sinistcha, L50|49/100\n|-heal|p1b: Incineroar|100/100|[from] ability: Hospitality|[of] p1a: Sinistcha\n|turn|12\n|-message|bminer1397 forfeited.\n|\n|win|Gengarhaterrr\n|raw|bminer1397's rating: 1092 &rarr; <strong>1067</strong><br />(-25 for losing)\n|raw|Gengarhaterrr's rating: 1078 &rarr; <strong>1107</strong><br />(+29 for winning)\n|l|\u2606bminer1397\n|player|p1|\n",
  "uploadtime": 1776173303,
  "views": 15,
  "formatid": "gen9championsvgc2026regma",
  "rating": 1067,
  "private": 0,
  "password": null
}