{
  "id": "gen9championsvgc2026regma-2583114227",
  "format": "[Gen 9 Champions] VGC 2026 Reg M-A",
  "players": [
    "henitusec",
    "Goodmann10"
  ],
  "log": "|j|\u2606henitusec\n|j|\u2606Goodmann10\n|t:|1776143656\n|gametype|doubles\n|player|p1|henitusec|volo|1102\n|player|p2|Goodmann10|169|1136\n|gen|9\n|tier|[Gen 9 Champions] VGC 2026 Reg M-A\n|rated|\n|rule|Species Clause: Limit one of each Pok\u00e9mon\n|rule|Item Clause: Limit 1 of each item\n|clearpoke\n|poke|p1|Gardevoir, L50, F|\n|poke|p1|Aegislash, L50, F|\n|poke|p1|Incineroar, L50, M|\n|poke|p1|Vivillon-Polar, L50, M|\n|poke|p1|Hydreigon, L50, M|\n|poke|p1|Tauros-Paldea-Aqua, L50, M|\n|poke|p2|Charizard, L50, M|\n|poke|p2|Incineroar, L50, F|\n|poke|p2|Whimsicott, L50, F|\n|poke|p2|Garchomp, L50, M|\n|poke|p2|Rotom-Wash, L50|\n|poke|p2|Sneasler, L50, F|\n|teampreview|4\n|inactive|Battle timer is ON: inactive players will automatically lose when time's up. (requested by henitusec)\n|inactive|Goodmann10 has 60 seconds left.\n|\n|t:|1776143701\n|teamsize|p1|4\n|teamsize|p2|4\n|start\n|switch|p1a: Gardevoir|Gardevoir, L50, F, shiny|100/100\n|switch|p1b: Hydreigon|Hydreigon, L50, M|100/100\n|switch|p2a: Charizard|Charizard, L50, M, shiny|100/100\n|switch|p2b: Garchomp|Garchomp, L50, M, shiny|100/100\n|-ability|p1a: Gardevoir|Rough Skin|Trace|[from] ability: Trace|[of] p2b: Garchomp\n|turn|1\n|inactive|Goodmann10 has 30 seconds left.\n|\n|t:|1776143730\n|detailschange|p2a: Charizard|Charizard-Mega-Y, L50, M, shiny\n|-mega|p2a: Charizard|Charizard|Charizardite Y\n|-weather|SunnyDay|[from] ability: Drought|[of] p2a: Charizard\n|move|p2b: Garchomp|Rock Slide|p1a: Gardevoir|[spread] p1a,p1b\n|-damage|p1a: Gardevoir|75/100\n|-damage|p1b: Hydreigon|78/100\n|move|p1b: Hydreigon|Tailwind|p1b: Hydreigon\n|-sidestart|p1: henitusec|move: Tailwind\n|move|p1a: Gardevoir|Calm Mind|p1a: Gardevoir\n|-boost|p1a: Gardevoir|spa|1\n|-boost|p1a: Gardevoir|spd|1\n|move|p2a: Charizard|Heat Wave|p1b: Hydreigon|[spread] p1a,p1b\n|-resisted|p1b: Hydreigon|1\n|-damage|p1a: Gardevoir|38/100\n|-damage|p1b: Hydreigon|43/100\n|\n|-weather|SunnyDay|[upkeep]\n|upkeep\n|turn|2\n|inactive|Goodmann10 has 30 seconds left.\n|\n|t:|1776143764\n|switch|p2b: Whimsicott|Whimsicott, L50, F|100/100\n|detailschange|p1a: Gardevoir|Gardevoir-Mega, L50, F, shiny\n|-mega|p1a: Gardevoir|Gardevoir|Gardevoirite\n|move|p2a: Charizard|Protect|p2a: Charizard\n|-singleturn|p2a: Charizard|Protect\n|move|p1b: Hydreigon|Draco Meteor|p2a: Charizard\n|-activate|p2a: Charizard|move: Protect\n|move|p1a: Gardevoir|Hyper Voice|p2b: Whimsicott|[spread] p2b\n|-activate|p2a: Charizard|move: Protect\n|-enditem|p2b: Whimsicott|Focus Sash\n|-damage|p2b: Whimsicott|1/100\n|\n|-weather|SunnyDay|[upkeep]\n|upkeep\n|turn|3\n|inactive|Goodmann10 has 30 seconds left.\n|inactive|Goodmann10 has 20 seconds left.\n|inactive|henitusec has 30 seconds left.\n|inactive|Goodmann10 has 15 seconds left.\n|inactive|henitusec has 20 seconds left.\n|\n|t:|1776143818\n|move|p2b: Whimsicott|Tailwind|p2b: Whimsicott\n|-sidestart|p2: Goodmann10|move: Tailwind\n|move|p1b: Hydreigon|Draco Meteor|p2a: Charizard\n|-damage|p2a: Charizard|42/100\n|-unboost|p1b: Hydreigon|spa|2\n|move|p1a: Gardevoir|Hyper Voice|p2a: Charizard|[spread] p2a,p2b\n|-resisted|p2a: Charizard|1\n|-damage|p2a: Charizard|7/100\n|-damage|p2b: Whimsicott|0 fnt\n|faint|p2b: Whimsicott\n|move|p2a: Charizard|Weather Ball|p1a: Gardevoir\n|-damage|p1a: Gardevoir|0 fnt\n|faint|p1a: Gardevoir\n|\n|-weather|SunnyDay|[upkeep]\n|upkeep\n|\n|t:|1776143839\n|switch|p2b: Incineroar|Incineroar, L50, F|100/100\n|switch|p1a: Aegislash|Aegislash, L50, F|100/100\n|-ability|p2b: Incineroar|Intimidate|boost\n|-unboost|p1a: Aegislash|atk|1\n|-unboost|p1b: Hydreigon|atk|1\n|-enditem|p1a: Aegislash|White Herb\n|-clearnegativeboost|p1a: Aegislash|[silent]\n|turn|4\n|inactive|Goodmann10 has 30 seconds left.\n|\n|t:|1776143864\n|move|p1b: Hydreigon|Protect|p1b: Hydreigon\n|-singleturn|p1b: Hydreigon|Protect\n|move|p1a: Aegislash|King's Shield|p1a: Aegislash\n|-singleturn|p1a: Aegislash|Protect\n|move|p2b: Incineroar|Fake Out|p1b: Hydreigon\n|-activate|p1b: Hydreigon|move: Protect\n|move|p2a: Charizard|Heat Wave|p1a: Aegislash|[spread] \n|-activate|p1a: Aegislash|move: Protect\n|-activate|p1b: Hydreigon|move: Protect\n|\n|-weather|SunnyDay|[upkeep]\n|-sideend|p1: henitusec|move: Tailwind\n|upkeep\n|turn|5\n|inactive|Goodmann10 has 30 seconds left.\n|inactive|Goodmann10 has 20 seconds left.\n|inactive|Goodmann10 has 15 seconds left.\n|\n|t:|1776143906\n|move|p2a: Charizard|Protect|p2a: Charizard\n|-singleturn|p2a: Charizard|Protect\n|-formechange|p1a: Aegislash|Aegislash-Blade|\n|move|p1a: Aegislash|Shadow Sneak|p2a: Charizard\n|-activate|p2a: Charizard|move: Protect\n|move|p2b: Incineroar|Parting Shot|p1a: Aegislash\n|-unboost|p1a: Aegislash|atk|1\n|-unboost|p1a: Aegislash|spa|1\n|\n|t:|1776143922\n|switch|p2b: Garchomp|Garchomp, L50, M, shiny|100/100|[from] Parting Shot\n|move|p1b: Hydreigon|Tailwind|p1b: Hydreigon\n|-sidestart|p1: henitusec|move: Tailwind\n|\n|-weather|none\n|upkeep\n|turn|6\n|\n|t:|1776143940\n|switch|p2a: Incineroar|Incineroar, L50, F|100/100\n|-ability|p2a: Incineroar|Intimidate|boost\n|-unboost|p1a: Aegislash|atk|1\n|-unboost|p1b: Hydreigon|atk|1\n|move|p2b: Garchomp|Dragon Claw|p1b: Hydreigon\n|-supereffective|p1b: Hydreigon|1\n|-crit|p1b: Hydreigon\n|-damage|p1b: Hydreigon|0 fnt\n|faint|p1b: Hydreigon\n|move|p1a: Aegislash|Sacred Sword|p2a: Incineroar\n|-supereffective|p2a: Incineroar|1\n|-damage|p2a: Incineroar|79/100\n|\n|-sideend|p2: Goodmann10|move: Tailwind\n|upkeep\n|\n|t:|1776143951\n|switch|p1b: Tauros|Tauros-Paldea-Aqua, L50, M|100/100\n|-ability|p1b: Tauros|Intimidate|boost\n|-unboost|p2a: Incineroar|atk|1\n|-unboost|p2b: Garchomp|atk|1\n|turn|7\n|inactive|Goodmann10 has 30 seconds left.\n|\n|t:|1776143980\n|move|p1b: Tauros|Protect|p1b: Tauros\n|-singleturn|p1b: Tauros|Protect\n|move|p2a: Incineroar|Fake Out|p1b: Tauros\n|-activate|p1b: Tauros|move: Protect\n|move|p2b: Garchomp|Dragon Claw|p1b: Tauros\n|-activate|p1b: Tauros|move: Protect\n|move|p1a: Aegislash|Poltergeist|p2b: Garchomp\n|-activate|p2b: Garchomp|move: Poltergeist|Choice Scarf\n|-damage|p2b: Garchomp|71/100\n|\n|upkeep\n|turn|8\n|\n|t:|1776144000\n|move|p1b: Tauros|Wave Crash|p2a: Incineroar\n|-supereffective|p2a: Incineroar|1\n|-damage|p2a: Incineroar|0 fnt\n|faint|p2a: Incineroar\n|-damage|p1b: Tauros|72/100|[from] Recoil\n|move|p2b: Garchomp|Dragon Claw|p1b: Tauros\n|-damage|p1b: Tauros|41/100\n|move|p1a: Aegislash|Poltergeist|p2b: Garchomp\n|-activate|p2b: Garchomp|move: Poltergeist|Choice Scarf\n|-damage|p2b: Garchomp|44/100\n|\n|-sideend|p1: henitusec|move: Tailwind\n|upkeep\n|\n|t:|1776144015\n|switch|p2a: Charizard|Charizard-Mega-Y, L50, M, shiny|7/100\n|-weather|SunnyDay|[from] ability: Drought|[of] p2a: Charizard\n|turn|9\n|\n|t:|1776144027\n|move|p2a: Charizard|Protect|p2a: Charizard\n|-singleturn|p2a: Charizard|Protect\n|move|p1b: Tauros|Protect|p1b: Tauros\n|-singleturn|p1b: Tauros|Protect\n|-formechange|p1a: Aegislash|Aegislash|\n|move|p1a: Aegislash|King's Shield|p1a: Aegislash\n|-singleturn|p1a: Aegislash|Protect\n|move|p2b: Garchomp|Dragon Claw|p1b: Tauros\n|-activate|p1b: Tauros|move: Protect\n|\n|-weather|SunnyDay|[upkeep]\n|upkeep\n|turn|10\n|\n|t:|1776144047\n|move|p1b: Tauros|Aqua Jet|p2a: Charizard\n|-supereffective|p2a: Charizard|1\n|-damage|p2a: Charizard|0 fnt\n|faint|p2a: Charizard\n|move|p2b: Garchomp|Dragon Claw|p1b: Tauros\n|-damage|p1b: Tauros|13/100\n|-formechange|p1a: Aegislash|Aegislash-Blade|\n|move|p1a: Aegislash|Poltergeist|p2b: Garchomp\n|-activate|p2b: Garchomp|move: Poltergeist|Choice Scarf\n|-damage|p2b: Garchomp|17/100\n|\n|-weather|SunnyDay|[upkeep]\n|upkeep\n|turn|11\n|\n|t:|1776144064\n|move|p1b: Tauros|Protect|p1b: Tauros\n|-singleturn|p1b: Tauros|Protect\n|-formechange|p1a: Aegislash|Aegislash|\n|move|p1a: Aegislash|King's Shield|p1a: Aegislash\n|-singleturn|p1a: Aegislash|Protect\n|move|p2b: Garchomp|Dragon Claw|p1b: Tauros\n|-activate|p1b: Tauros|move: Protect\n|\n|-weather|SunnyDay|[upkeep]\n|upkeep\n|turn|12\n|\n|t:|1776144077\n|move|p1b: Tauros|Aqua Jet|p2b: Garchomp\n|-damage|p2b: Garchomp|4/100\n|-damage|p1b: Tauros|1/100|[from] ability: Rough Skin|[of] p2b: Garchomp\n|-formechange|p1a: Aegislash|Aegislash-Blade|\n|move|p1a: Aegislash|Shadow Sneak|p2b: Garchomp\n|-damage|p2b: Garchomp|0 fnt\n|-damage|p1a: Aegislash|89/100|[from] ability: Rough Skin|[of] p2b: Garchomp\n|faint|p2b: Garchomp\n|\n|win|henitusec\n|raw|henitusec's rating: 1102 &rarr; <strong>1129</strong><br />(+27 for winning)\n|raw|Goodmann10's rating: 1136 &rarr; <strong>1109</strong><br />(-27 for losing)\n",
  "uploadtime": 1776144085,
  "views": 19,
  "formatid": "gen9championsvgc2026regma",
  "rating": 1109,
  "private": 0,
  "password": null
}