{
  "id": "gen9championsvgc2026regma-2587756337",
  "format": "[Gen 9 Champions] VGC 2026 Reg M-A",
  "players": [
    "po1arrr",
    "reiga"
  ],
  "log": "|j|\u2606po1arrr\n|j|\u2606reiga\n|t:|1776560842\n|gametype|doubles\n|player|p1|po1arrr|1|1148\n|player|p2|reiga|pokefanf-gen4|1070\n|gen|9\n|tier|[Gen 9 Champions] VGC 2026 Reg M-A\n|rated|\n|rule|Species Clause: Limit one of each Pok\u00e9mon\n|rule|Item Clause: Limit 1 of each item\n|clearpoke\n|poke|p1|Gyarados, L50, M|\n|poke|p1|Tyranitar, L50, M|\n|poke|p1|Garchomp, L50, M|\n|poke|p1|Pelipper, L50, M|\n|poke|p1|Ceruledge, L50, M|\n|poke|p1|Sinistcha, L50, shiny|\n|poke|p2|Farigiraf, L50, F|\n|poke|p2|Torkoal, L50, F|\n|poke|p2|Drampa, L50, M|\n|poke|p2|Corviknight, L50, F|\n|poke|p2|Sinistcha, L50|\n|poke|p2|Milotic, L50, M|\n|teampreview|4\n|inactive|Battle timer is ON: inactive players will automatically lose when time's up. (requested by po1arrr)\n|\n|t:|1776560879\n|teamsize|p1|4\n|teamsize|p2|4\n|start\n|switch|p1a: Tyranitar|Tyranitar, L50, M|100/100\n|switch|p1b: Gyarados|Gyarados, L50, M|100/100\n|switch|p2a: Farigiraf|Farigiraf, L50, F|100/100\n|switch|p2b: Corviknight|Corviknight, L50, F|100/100\n|-ability|p1b: Gyarados|Intimidate|boost\n|-unboost|p2a: Farigiraf|atk|1\n|-ability|p2b: Corviknight|Mirror Armor\n|-unboost|p1b: Gyarados|atk|1\n|-weather|Sandstorm|[from] ability: Sand Stream|[of] p1a: Tyranitar\n|turn|1\n|inactive|po1arrr has 30 seconds left.\n|inactive|po1arrr has 20 seconds left.\n|inactive|po1arrr has 15 seconds left.\n|\n|t:|1776560920\n|detailschange|p1b: Gyarados|Gyarados-Mega, L50, M\n|-mega|p1b: Gyarados|Gyarados|Gyaradosite\n|-ability|p1b: Gyarados|Mold Breaker\n|move|p1b: Gyarados|Crunch|p2a: Farigiraf\n|-supereffective|p2a: Farigiraf|1\n|-damage|p2a: Farigiraf|47/100\n|move|p2b: Corviknight|Body Press|p1a: Tyranitar\n|-supereffective|p1a: Tyranitar|2\n|-damage|p1a: Tyranitar|18/100\n|move|p1a: Tyranitar|Rock Slide|p2b: Corviknight|[spread] p2a,p2b\n|-damage|p2a: Farigiraf|20/100\n|-damage|p2b: Corviknight|77/100\n|move|p2a: Farigiraf|Trick Room|p2a: Farigiraf\n|-fieldstart|move: Trick Room|[of] p2a: Farigiraf\n|\n|-weather|Sandstorm|[upkeep]\n|-damage|p2a: Farigiraf|14/100|[from] Sandstorm\n|-damage|p1b: Gyarados|95/100|[from] Sandstorm\n|-heal|p2b: Corviknight|82/100|[from] item: Leftovers\n|upkeep\n|turn|2\n|inactive|po1arrr has 30 seconds left.\n|inactive|po1arrr has 20 seconds left.\n|inactive|po1arrr has 15 seconds left.\n|inactive|po1arrr has 10 seconds left.\n|\n|t:|1776560965\n|move|p2a: Farigiraf|Helping Hand|p2b: Corviknight\n|-singleturn|p2b: Corviknight|Helping Hand|[of] p2a: Farigiraf\n|move|p1a: Tyranitar|Protect|p1a: Tyranitar\n|-singleturn|p1a: Tyranitar|Protect\n|move|p2b: Corviknight|Body Press|p1b: Gyarados\n|-supereffective|p1b: Gyarados|1\n|-damage|p1b: Gyarados|26/100\n|move|p1b: Gyarados|Crunch|p2a: Farigiraf\n|-supereffective|p2a: Farigiraf|1\n|-damage|p2a: Farigiraf|0 fnt\n|faint|p2a: Farigiraf\n|\n|-weather|Sandstorm|[upkeep]\n|-damage|p1b: Gyarados|20/100|[from] Sandstorm\n|-heal|p2b: Corviknight|88/100|[from] item: Leftovers\n|upkeep\n|\n|t:|1776560980\n|switch|p2a: Drampa|Drampa, L50, M|100/100\n|turn|3\n|\n|t:|1776560997\n|detailschange|p2a: Drampa|Drampa-Mega, L50, M\n|-mega|p2a: Drampa|Drampa|Drampanite\n|move|p2a: Drampa|Hyper Voice|p1a: Tyranitar|[spread] p1a,p1b\n|-resisted|p1a: Tyranitar|1\n|-damage|p1a: Tyranitar|6/100\n|-damage|p1b: Gyarados|0 fnt\n|faint|p1b: Gyarados\n|move|p1a: Tyranitar|Ice Fang|p2a: Drampa\n|-supereffective|p2a: Drampa|1\n|-crit|p2a: Drampa\n|-damage|p2a: Drampa|35/100\n|-status|p2a: Drampa|frz\n|-ability|p2a: Drampa|Berserk|boost\n|-boost|p2a: Drampa|spa|1\n|move|p2b: Corviknight|Iron Defense|p2b: Corviknight\n|-boost|p2b: Corviknight|def|2\n|\n|-weather|Sandstorm|[upkeep]\n|-damage|p2a: Drampa|29/100 frz|[from] Sandstorm\n|-heal|p2b: Corviknight|94/100|[from] item: Leftovers\n|upkeep\n|\n|t:|1776561004\n|switch|p1b: Garchomp|Garchomp, L50, M|100/100\n|turn|4\n|\n|t:|1776561013\n|cant|p2a: Drampa|frz\n|move|p1b: Garchomp|Protect|p1b: Garchomp\n|-singleturn|p1b: Garchomp|Protect\n|move|p1a: Tyranitar|Ice Fang|p2a: Drampa\n|-supereffective|p2a: Drampa|1\n|-damage|p2a: Drampa|0 fnt\n|faint|p2a: Drampa\n|move|p2b: Corviknight|Body Press|p1b: Garchomp\n|-activate|p1b: Garchomp|move: Protect\n|\n|-weather|Sandstorm|[upkeep]\n|-heal|p2b: Corviknight|99/100|[from] item: Leftovers\n|upkeep\n|\n|t:|1776561020\n|switch|p2a: Torkoal|Torkoal, L50, F|100/100\n|-weather|SunnyDay|[from] ability: Drought|[of] p2a: Torkoal\n|turn|5\n|\n|t:|1776561035\n|move|p1a: Tyranitar|Protect|p1a: Tyranitar\n|-singleturn|p1a: Tyranitar|Protect\n|move|p2a: Torkoal|Eruption|p1b: Garchomp|[spread] p1b\n|-activate|p1a: Tyranitar|move: Protect\n|-resisted|p1b: Garchomp|1\n|-damage|p1b: Garchomp|60/100\n|move|p2b: Corviknight|Body Press|p1b: Garchomp\n|-damage|p1b: Garchomp|13/100\n|move|p1b: Garchomp|Earthquake|p2a: Torkoal|[spread] p2a\n|-activate|p1a: Tyranitar|move: Protect\n|-immune|p2b: Corviknight\n|-supereffective|p2a: Torkoal|1\n|-damage|p2a: Torkoal|50/100\n|\n|-weather|SunnyDay|[upkeep]\n|-heal|p2b: Corviknight|100/100|[from] item: Leftovers\n|-fieldend|move: Trick Room\n|upkeep\n|turn|6\n|inactive|po1arrr has 30 seconds left.\n|inactive|reiga has 30 seconds left.\n|inactive|po1arrr has 20 seconds left.\n|\n|t:|1776561070\n|move|p1b: Garchomp|Protect|p1b: Garchomp\n|-singleturn|p1b: Garchomp|Protect\n|move|p2a: Torkoal|Protect|p2a: Torkoal\n|-singleturn|p2a: Torkoal|Protect\n|move|p2b: Corviknight|Body Press|p1b: Garchomp\n|-activate|p1b: Garchomp|move: Protect\n|move|p1a: Tyranitar|Rock Slide|p2a: Torkoal|[spread] p2b\n|-activate|p2a: Torkoal|move: Protect\n|-damage|p2b: Corviknight|89/100\n|\n|-weather|SunnyDay|[upkeep]\n|-heal|p2b: Corviknight|95/100|[from] item: Leftovers\n|upkeep\n|turn|7\n|\n|t:|1776561091\n|switch|p1a: Pelipper|Pelipper, L50, M|100/100\n|-weather|RainDance|[from] ability: Drizzle|[of] p1a: Pelipper\n|move|p1b: Garchomp|Earthquake|p2a: Torkoal|[spread] p2a\n|-immune|p1a: Pelipper\n|-immune|p2b: Corviknight\n|-supereffective|p2a: Torkoal|1\n|-damage|p2a: Torkoal|2/100\n|move|p2b: Corviknight|Roost|p2b: Corviknight\n|-heal|p2b: Corviknight|100/100\n|-singleturn|p2b: Corviknight|move: Roost\n|move|p2a: Torkoal|Heat Wave|p1a: Pelipper|[spread] p1a,p1b\n|-resisted|p1a: Pelipper|1\n|-resisted|p1b: Garchomp|1\n|-damage|p1a: Pelipper|90/100\n|-damage|p1b: Garchomp|4/100\n|\n|-weather|RainDance|[upkeep]\n|upkeep\n|turn|8\n|inactive|po1arrr has 30 seconds left.\n|inactive|reiga has 30 seconds left.\n|inactive|po1arrr has 20 seconds left.\n|inactive|po1arrr has 15 seconds left.\n|\n|t:|1776561131\n|move|p1b: Garchomp|Earthquake|p2b: Corviknight|[spread] p2a\n|-immune|p1a: Pelipper\n|-immune|p2b: Corviknight\n|-supereffective|p2a: Torkoal|1\n|-crit|p2a: Torkoal\n|-damage|p2a: Torkoal|0 fnt\n|faint|p2a: Torkoal\n|move|p1a: Pelipper|Tailwind|p1a: Pelipper\n|-sidestart|p1: po1arrr|move: Tailwind\n|move|p2b: Corviknight|Body Press|p1a: Pelipper\n|-resisted|p1a: Pelipper|1\n|-damage|p1a: Pelipper|70/100\n|\n|-weather|RainDance|[upkeep]\n|upkeep\n|turn|9\n|\n|t:|1776561144\n|move|p1b: Garchomp|Dragon Claw|p2b: Corviknight\n|-resisted|p2b: Corviknight|1\n|-damage|p2b: Corviknight|94/100\n|move|p1a: Pelipper|Hydro Pump|p2b: Corviknight\n|-damage|p2b: Corviknight|50/100\n|move|p2b: Corviknight|Body Press|p1a: Pelipper\n|-resisted|p1a: Pelipper|1\n|-damage|p1a: Pelipper|48/100\n|\n|-weather|RainDance|[upkeep]\n|-heal|p2b: Corviknight|56/100|[from] item: Leftovers\n|upkeep\n|turn|10\n|\n|t:|1776561156\n|move|p1b: Garchomp|Dragon Claw|p2b: Corviknight\n|-resisted|p2b: Corviknight|1\n|-damage|p2b: Corviknight|50/100\n|move|p1a: Pelipper|Hydro Pump|p2b: Corviknight\n|-damage|p2b: Corviknight|4/100\n|move|p2b: Corviknight|Roost|p2b: Corviknight\n|-heal|p2b: Corviknight|55/100\n|-singleturn|p2b: Corviknight|move: Roost\n|\n|-weather|RainDance|[upkeep]\n|-heal|p2b: Corviknight|60/100|[from] item: Leftovers\n|upkeep\n|turn|11\n|\n|t:|1776561170\n|move|p1b: Garchomp|Dragon Claw|p2b: Corviknight\n|-resisted|p2b: Corviknight|1\n|-damage|p2b: Corviknight|55/100\n|move|p1a: Pelipper|Hydro Pump|p2b: Corviknight\n|-damage|p2b: Corviknight|8/100\n|move|p2b: Corviknight|Roost|p2b: Corviknight\n|-heal|p2b: Corviknight|58/100\n|-singleturn|p2b: Corviknight|move: Roost\n|\n|-weather|none\n|-heal|p2b: Corviknight|64/100|[from] item: Leftovers\n|-sideend|p1: po1arrr|move: Tailwind\n|upkeep\n|turn|12\n|\n|t:|1776561188\n|move|p1b: Garchomp|Dragon Claw|p2b: Corviknight\n|-resisted|p2b: Corviknight|1\n|-damage|p2b: Corviknight|58/100\n|move|p2b: Corviknight|Roost|p2b: Corviknight\n|-heal|p2b: Corviknight|100/100\n|-singleturn|p2b: Corviknight|move: Roost\n|move|p1a: Pelipper|Hydro Pump|p2b: Corviknight\n|-damage|p2b: Corviknight|71/100\n|\n|-heal|p2b: Corviknight|77/100|[from] item: Leftovers\n|upkeep\n|turn|13\n|\n|t:|1776561204\n|move|p1b: Garchomp|Protect|p1b: Garchomp\n|-singleturn|p1b: Garchomp|Protect\n|move|p1a: Pelipper|Hydro Pump|p2b: Corviknight\n|-damage|p2b: Corviknight|49/100\n|move|p2b: Corviknight|Iron Defense|p2b: Corviknight\n|-boost|p2b: Corviknight|def|2\n|\n|-heal|p2b: Corviknight|55/100|[from] item: Leftovers\n|upkeep\n|turn|14\n|\n|t:|1776561220\n|move|p1b: Garchomp|Dragon Claw|p2b: Corviknight\n|-resisted|p2b: Corviknight|1\n|-damage|p2b: Corviknight|51/100\n|move|p1a: Pelipper|Hydro Pump|p2b: Corviknight\n|-damage|p2b: Corviknight|23/100\n|move|p2b: Corviknight|Roost|p2b: Corviknight\n|-heal|p2b: Corviknight|73/100\n|-singleturn|p2b: Corviknight|move: Roost\n|\n|-heal|p2b: Corviknight|79/100|[from] item: Leftovers\n|upkeep\n|turn|15\n|\n|t:|1776561235\n|move|p1b: Garchomp|Dragon Claw|p2b: Corviknight\n|-resisted|p2b: Corviknight|1\n|-damage|p2b: Corviknight|75/100\n|move|p1a: Pelipper|Hydro Pump|p2b: Corviknight\n|-damage|p2b: Corviknight|42/100\n|move|p2b: Corviknight|Body Press|p1a: Pelipper\n|-resisted|p1a: Pelipper|1\n|-damage|p1a: Pelipper|17/100\n|\n|-heal|p2b: Corviknight|48/100|[from] item: Leftovers\n|upkeep\n|turn|16\n|\n|t:|1776561247\n|move|p1b: Garchomp|Dragon Claw|p2b: Corviknight\n|-resisted|p2b: Corviknight|1\n|-damage|p2b: Corviknight|43/100\n|move|p2b: Corviknight|Roost|p2b: Corviknight\n|-heal|p2b: Corviknight|94/100\n|-singleturn|p2b: Corviknight|move: Roost\n|move|p1a: Pelipper|Hydro Pump|p2b: Corviknight\n|-damage|p2b: Corviknight|66/100\n|\n|-heal|p2b: Corviknight|72/100|[from] item: Leftovers\n|upkeep\n|turn|17\n|inactive|po1arrr has 30 seconds left.\n|\n|t:|1776561274\n|switch|p1b: Tyranitar|Tyranitar, L50, M|6/100\n|-weather|Sandstorm|[from] ability: Sand Stream|[of] p1b: Tyranitar\n|move|p1a: Pelipper|Protect|p1a: Pelipper\n|-singleturn|p1a: Pelipper|Protect\n|move|p2b: Corviknight|Body Press|p1b: Tyranitar\n|-supereffective|p1b: Tyranitar|2\n|-damage|p1b: Tyranitar|0 fnt\n|faint|p1b: Tyranitar\n|\n|-weather|Sandstorm|[upkeep]\n|-damage|p1a: Pelipper|11/100|[from] Sandstorm\n|-heal|p2b: Corviknight|78/100|[from] item: Leftovers\n|upkeep\n|\n|t:|1776561276\n|switch|p1b: Garchomp|Garchomp, L50, M|4/100\n|turn|18\n|n|!po1arrr|po1arrr\n|\n|t:|1776561288\n|move|p1b: Garchomp|Dragon Claw|p2b: Corviknight\n|-resisted|p2b: Corviknight|1\n|-damage|p2b: Corviknight|73/100\n|move|p2b: Corviknight|Body Press|p1a: Pelipper\n|-resisted|p1a: Pelipper|1\n|-damage|p1a: Pelipper|0 fnt\n|faint|p1a: Pelipper\n|\n|-weather|Sandstorm|[upkeep]\n|-heal|p2b: Corviknight|79/100|[from] item: Leftovers\n|upkeep\n|turn|19\n|\n|t:|1776561295\n|move|p1b: Garchomp|Protect|p1b: Garchomp\n|-singleturn|p1b: Garchomp|Protect\n|move|p2b: Corviknight|Body Press|p1b: Garchomp\n|-activate|p1b: Garchomp|move: Protect\n|\n|-weather|Sandstorm|[upkeep]\n|-heal|p2b: Corviknight|85/100|[from] item: Leftovers\n|upkeep\n|turn|20\n|\n|t:|1776561300\n|move|p1b: Garchomp|Protect|p1b: Garchomp\n|-singleturn|p1b: Garchomp|Protect\n|move|p2b: Corviknight|Body Press|p1b: Garchomp\n|-activate|p1b: Garchomp|move: Protect\n|\n|-weather|Sandstorm|[upkeep]\n|-heal|p2b: Corviknight|91/100|[from] item: Leftovers\n|upkeep\n|turn|21\n|\n|t:|1776561310\n|move|p1b: Garchomp|Dragon Claw|p2b: Corviknight\n|-resisted|p2b: Corviknight|1\n|-damage|p2b: Corviknight|86/100\n|move|p2b: Corviknight|Taunt|p1b: Garchomp\n|-start|p1b: Garchomp|move: Taunt\n|\n|-weather|none\n|-heal|p2b: Corviknight|92/100|[from] item: Leftovers\n|upkeep\n|turn|22\n|\n|t:|1776561319\n|move|p1b: Garchomp|Dragon Claw|p2b: Corviknight\n|-resisted|p2b: Corviknight|1\n|-damage|p2b: Corviknight|88/100\n|move|p2b: Corviknight|Taunt||[still]\n|-fail|p2b: Corviknight\n|\n|-heal|p2b: Corviknight|94/100|[from] item: Leftovers\n|upkeep\n|turn|23\n|\n|t:|1776561328\n|move|p1b: Garchomp|Dragon Claw|p2b: Corviknight\n|-resisted|p2b: Corviknight|1\n|-damage|p2b: Corviknight|89/100\n|move|p2b: Corviknight|Taunt||[still]\n|-fail|p2b: Corviknight\n|\n|-heal|p2b: Corviknight|95/100|[from] item: Leftovers\n|upkeep\n|turn|24\n|\n|t:|1776561332\n|move|p1b: Garchomp|Dragon Claw|p2b: Corviknight\n|-resisted|p2b: Corviknight|1\n|-damage|p2b: Corviknight|91/100\n|move|p2b: Corviknight|Iron Defense|p2b: Corviknight\n|-boost|p2b: Corviknight|def|2\n|\n|-heal|p2b: Corviknight|97/100|[from] item: Leftovers\n|-end|p1b: Garchomp|move: Taunt\n|upkeep\n|turn|25\n|\n|t:|1776561337\n|move|p1b: Garchomp|Dragon Claw|p2b: Corviknight\n|-resisted|p2b: Corviknight|1\n|-crit|p2b: Corviknight\n|-damage|p2b: Corviknight|76/100\n|move|p2b: Corviknight|Iron Defense|p2b: Corviknight\n|-boost|p2b: Corviknight|def|0\n|\n|-heal|p2b: Corviknight|82/100|[from] item: Leftovers\n|upkeep\n|turn|26\n|\n|t:|1776561341\n|move|p1b: Garchomp|Dragon Claw|p2b: Corviknight\n|-resisted|p2b: Corviknight|1\n|-damage|p2b: Corviknight|79/100\n|move|p2b: Corviknight|Iron Defense|p2b: Corviknight\n|-boost|p2b: Corviknight|def|0\n|\n|-heal|p2b: Corviknight|85/100|[from] item: Leftovers\n|upkeep\n|turn|27\n|\n|t:|1776561344\n|move|p1b: Garchomp|Dragon Claw|p2b: Corviknight\n|-resisted|p2b: Corviknight|1\n|-damage|p2b: Corviknight|81/100\n|move|p2b: Corviknight|Iron Defense|p2b: Corviknight\n|-boost|p2b: Corviknight|def|0\n|\n|-heal|p2b: Corviknight|87/100|[from] item: Leftovers\n|upkeep\n|turn|28\n|\n|t:|1776561350\n|move|p1b: Garchomp|Dragon Claw|p2b: Corviknight\n|-resisted|p2b: Corviknight|1\n|-damage|p2b: Corviknight|84/100\n|move|p2b: Corviknight|Iron Defense|p2b: Corviknight\n|-boost|p2b: Corviknight|def|0\n|\n|-heal|p2b: Corviknight|90/100|[from] item: Leftovers\n|upkeep\n|turn|29\n|\n|t:|1776561355\n|move|p1b: Garchomp|Swords Dance|p1b: Garchomp\n|-boost|p1b: Garchomp|atk|2\n|move|p2b: Corviknight|Iron Defense|p2b: Corviknight\n|-boost|p2b: Corviknight|def|0\n|\n|-heal|p2b: Corviknight|96/100|[from] item: Leftovers\n|upkeep\n|turn|30\n|\n|t:|1776561361\n|move|p1b: Garchomp|Swords Dance|p1b: Garchomp\n|-boost|p1b: Garchomp|atk|2\n|move|p2b: Corviknight|Taunt|p1b: Garchomp\n|-start|p1b: Garchomp|move: Taunt\n|\n|-heal|p2b: Corviknight|100/100|[from] item: Leftovers\n|upkeep\n|turn|31\n|\n|t:|1776561381\n|move|p1b: Garchomp|Earthquake|p2b: Corviknight\n|-immune|p2b: Corviknight\n|move|p2b: Corviknight|Taunt||[still]\n|-fail|p2b: Corviknight\n|\n|upkeep\n|turn|32\n|\n|t:|1776561385\n|move|p1b: Garchomp|Earthquake|p2b: Corviknight\n|-immune|p2b: Corviknight\n|move|p2b: Corviknight|Taunt||[still]\n|-fail|p2b: Corviknight\n|\n|upkeep\n|turn|33\n|\n|t:|1776561392\n|move|p1b: Garchomp|Earthquake|p2b: Corviknight\n|-immune|p2b: Corviknight\n|move|p2b: Corviknight|Taunt||[still]\n|-fail|p2b: Corviknight\n|\n|-end|p1b: Garchomp|move: Taunt\n|upkeep\n|turn|34\n|\n|t:|1776561396\n|move|p1b: Garchomp|Earthquake|p2b: Corviknight\n|-immune|p2b: Corviknight\n|move|p2b: Corviknight|Taunt|p1b: Garchomp\n|-start|p1b: Garchomp|move: Taunt\n|\n|upkeep\n|turn|35\n|\n|t:|1776561401\n|move|p1b: Garchomp|Earthquake|p2b: Corviknight\n|-immune|p2b: Corviknight\n|move|p2b: Corviknight|Taunt||[still]\n|-fail|p2b: Corviknight\n|\n|upkeep\n|turn|36\n|\n|t:|1776561404\n|move|p1b: Garchomp|Earthquake|p2b: Corviknight\n|-immune|p2b: Corviknight\n|move|p2b: Corviknight|Taunt||[still]\n|-fail|p2b: Corviknight\n|\n|upkeep\n|turn|37\n|\n|t:|1776561406\n|move|p1b: Garchomp|Earthquake|p2b: Corviknight\n|-immune|p2b: Corviknight\n|move|p2b: Corviknight|Taunt||[still]\n|-fail|p2b: Corviknight\n|\n|-end|p1b: Garchomp|move: Taunt\n|upkeep\n|turn|38\n|\n|t:|1776561415\n|move|p1b: Garchomp|Earthquake|p2b: Corviknight\n|-immune|p2b: Corviknight\n|move|p2b: Corviknight|Taunt|p1b: Garchomp\n|-start|p1b: Garchomp|move: Taunt\n|\n|upkeep\n|turn|39\n|\n|t:|1776561417\n|move|p1b: Garchomp|Earthquake|p2b: Corviknight\n|-immune|p2b: Corviknight\n|move|p2b: Corviknight|Iron Defense|p2b: Corviknight\n|-boost|p2b: Corviknight|def|0\n|\n|upkeep\n|turn|40\n|\n|t:|1776561420\n|-activate|p1b: Garchomp|move: Struggle\n|move|p1b: Garchomp|Struggle|p2b: Corviknight\n|-damage|p2b: Corviknight|93/100\n|-damage|p1b: Garchomp|0 fnt|[from] recoil\n|faint|p1b: Garchomp\n|\n|win|reiga\n",
  "uploadtime": 1776561287,
  "views": 13,
  "formatid": "gen9championsvgc2026regma",
  "rating": null,
  "private": 0,
  "password": null
}