{
  "id": "gen9championsvgc2026regma-2583643270",
  "format": "[Gen 9 Champions] VGC 2026 Reg M-A",
  "players": [
    "cloudishh",
    "A5h3r"
  ],
  "log": "|j|\u2606cloudishh\n|j|\u2606A5h3r\n|t:|1776188350\n|gametype|doubles\n|player|p1|cloudishh|steven|1079\n|player|p2|A5h3r|alder|1044\n|gen|9\n|tier|[Gen 9 Champions] VGC 2026 Reg M-A\n|rated|\n|rule|Species Clause: Limit one of each Pok\u00e9mon\n|rule|Item Clause: Limit 1 of each item\n|clearpoke\n|poke|p1|Tyranitar, L50, F|\n|poke|p1|Excadrill, L50, M|\n|poke|p1|Farigiraf, L50, M|\n|poke|p1|Primarina, L50, F|\n|poke|p1|Incineroar, L50, F|\n|poke|p1|Garchomp, L50, F|\n|poke|p2|Pelipper, L50, F|\n|poke|p2|Starmie, L50|\n|poke|p2|Archaludon, L50, F|\n|poke|p2|Sneasler, L50, M|\n|poke|p2|Garchomp, L50, F|\n|poke|p2|Meganium, L50, F|\n|teampreview|4\n|inactive|Battle timer is ON: inactive players will automatically lose when time's up. (requested by cloudishh)\n|inactive|cloudishh has 60 seconds left.\n|inactive|A5h3r has 60 seconds left.\n|\n|t:|1776188399\n|teamsize|p1|4\n|teamsize|p2|4\n|start\n|switch|p1a: Incineroar|Incineroar, L50, F|100/100\n|switch|p1b: Garchomp|Garchomp, L50, F|100/100\n|switch|p2a: bite|Garchomp, L50, F|100/100\n|switch|p2b: Rocc Climbing|Sneasler, L50, M, shiny|100/100\n|-ability|p1a: Incineroar|Intimidate|boost\n|-unboost|p2a: bite|atk|1\n|-unboost|p2b: Rocc Climbing|atk|1\n|turn|1\n|c|\u2606A5h3r|glhf\n|inactive|cloudishh has 30 seconds left.\n|inactive|A5h3r has 30 seconds left.\n|\n|t:|1776188427\n|move|p2b: Rocc Climbing|Fake Out|p1b: Garchomp\n|-damage|p1b: Garchomp|91/100\n|-status|p1b: Garchomp|psn|[from] ability: Poison Touch|[of] p2b: Rocc Climbing\n|move|p1a: Incineroar|Fake Out|p2a: bite\n|-damage|p2a: bite|88/100\n|-damage|p1a: Incineroar|88/100|[from] ability: Rough Skin|[of] p2a: bite\n|cant|p2a: bite|flinch\n|cant|p1b: Garchomp|flinch\n|\n|-damage|p1b: Garchomp|79/100 psn|[from] psn\n|upkeep\n|turn|2\n|c|\u2606cloudishh|u2\n|inactive|A5h3r has 30 seconds left.\n|\n|t:|1776188454\n|switch|p2b: DUMPSTER|Pelipper, L50, F|100/100\n|-weather|RainDance|[from] ability: Drizzle|[of] p2b: DUMPSTER\n|move|p2a: bite|Dragon Claw|p1b: Garchomp\n|-supereffective|p1b: Garchomp|1\n|-damage|p1b: Garchomp|26/100 psn\n|move|p1b: Garchomp|Dragon Claw|p2a: bite\n|-supereffective|p2a: bite|1\n|-damage|p2a: bite|0 fnt\n|-damage|p1b: Garchomp|13/100 psn|[from] ability: Rough Skin|[of] p2a: bite\n|faint|p2a: bite\n|move|p1a: Incineroar|Parting Shot|p2b: DUMPSTER\n|-unboost|p2b: DUMPSTER|atk|1\n|-unboost|p2b: DUMPSTER|spa|1\n|\n|t:|1776188467\n|switch|p1a: Tyranitar|Tyranitar, L50, F|100/100|[from] Parting Shot\n|-weather|Sandstorm|[from] ability: Sand Stream|[of] p1a: Tyranitar\n|\n|-weather|Sandstorm|[upkeep]\n|-damage|p2b: DUMPSTER|95/100|[from] Sandstorm\n|-damage|p1b: Garchomp|1/100 psn|[from] psn\n|upkeep\n|\n|t:|1776188486\n|switch|p2a: Rocc Climbing|Sneasler, L50, M, shiny|100/100\n|turn|3\n|inactive|cloudishh has 30 seconds left.\n|inactive|A5h3r has 30 seconds left.\n|\n|t:|1776188521\n|switch|p1a: Incineroar|Incineroar, L50, F|88/100\n|-ability|p1a: Incineroar|Intimidate|boost\n|-unboost|p2a: Rocc Climbing|atk|1\n|-unboost|p2b: DUMPSTER|atk|1\n|move|p2b: DUMPSTER|Protect|p2b: DUMPSTER\n|-singleturn|p2b: DUMPSTER|Protect\n|move|p2a: Rocc Climbing|Fake Out|p1b: Garchomp\n|-damage|p1b: Garchomp|0 fnt\n|faint|p1b: Garchomp\n|\n|-weather|Sandstorm|[upkeep]\n|-damage|p2a: Rocc Climbing|95/100|[from] Sandstorm\n|-damage|p2b: DUMPSTER|89/100|[from] Sandstorm\n|-damage|p1a: Incineroar|82/100|[from] Sandstorm\n|upkeep\n|\n|t:|1776188532\n|switch|p1b: Tyranitar|Tyranitar, L50, F|100/100\n|turn|4\n|\n|t:|1776188545\n|switch|p2b: STRUT IT|Starmie, L50, shiny|100/100\n|detailschange|p1b: Tyranitar|Tyranitar-Mega, L50, F\n|-mega|p1b: Tyranitar|Tyranitar|Tyranitarite\n|move|p1a: Incineroar|Fake Out|p2a: Rocc Climbing\n|-damage|p2a: Rocc Climbing|74/100\n|cant|p2a: Rocc Climbing|flinch\n|move|p1b: Tyranitar|Rock Slide|p2b: STRUT IT|[spread] p2a,p2b\n|-resisted|p2a: Rocc Climbing|1\n|-damage|p2a: Rocc Climbing|44/100\n|-damage|p2b: STRUT IT|36/100\n|\n|-weather|Sandstorm|[upkeep]\n|-damage|p2a: Rocc Climbing|38/100|[from] Sandstorm\n|-damage|p2b: STRUT IT|30/100|[from] Sandstorm\n|-damage|p1a: Incineroar|76/100|[from] Sandstorm\n|upkeep\n|turn|5\n|inactive|cloudishh has 30 seconds left.\n|inactive|A5h3r has 30 seconds left.\n|\n|t:|1776188579\n|switch|p2a: DUMPSTER|Pelipper, L50, F|89/100\n|-weather|RainDance|[from] ability: Drizzle|[of] p2a: DUMPSTER\n|detailschange|p2b: STRUT IT|Starmie-Mega, L50, shiny\n|-mega|p2b: STRUT IT|Starmie|Starminite\n|move|p2b: STRUT IT|Liquidation|p1b: Tyranitar\n|-supereffective|p1b: Tyranitar|1\n|-damage|p1b: Tyranitar|0 fnt\n|faint|p1b: Tyranitar\n|move|p1a: Incineroar|Flare Blitz|p2a: DUMPSTER\n|-resisted|p2a: DUMPSTER|1\n|-damage|p2a: DUMPSTER|73/100\n|-status|p2a: DUMPSTER|brn\n|-damage|p1a: Incineroar|73/100|[from] Recoil\n|\n|-weather|RainDance|[upkeep]\n|-damage|p2a: DUMPSTER|67/100 brn|[from] brn\n|upkeep\n|\n|t:|1776188586\n|switch|p1b: Primarina|Primarina, L50, F|100/100\n|turn|6\n|inactive|A5h3r has 30 seconds left.\n|\n|t:|1776188618\n|move|p2b: STRUT IT|Liquidation|p1a: Incineroar\n|-supereffective|p1a: Incineroar|1\n|-damage|p1a: Incineroar|0 fnt\n|faint|p1a: Incineroar\n|move|p2a: DUMPSTER|Hurricane|p1b: Primarina\n|-damage|p1b: Primarina|60/100\n|-start|p1b: Primarina|confusion\n|-activate|p1b: Primarina|confusion\n|move|p1b: Primarina|Moonblast|p2b: STRUT IT\n|-damage|p2b: STRUT IT|0 fnt\n|faint|p2b: STRUT IT\n|\n|-weather|RainDance|[upkeep]\n|-damage|p2a: DUMPSTER|61/100 brn|[from] brn\n|upkeep\n|\n|t:|1776188630\n|switch|p2b: Rocc Climbing|Sneasler, L50, M, shiny|38/100\n|turn|7\n|\n|t:|1776188637\n|move|p2b: Rocc Climbing|Dire Claw|p1b: Primarina\n|-supereffective|p1b: Primarina|1\n|-damage|p1b: Primarina|0 fnt\n|faint|p1b: Primarina\n|\n|win|A5h3r\n|raw|cloudishh's rating: 1079 &rarr; <strong>1055</strong><br />(-24 for losing)\n|raw|A5h3r's rating: 1044 &rarr; <strong>1081</strong><br />(+37 for winning)\n|c|\u2606A5h3r|ggwp\n|l|\u2606cloudishh\n|player|p1|\n",
  "uploadtime": 1776188650,
  "views": 21,
  "formatid": "gen9championsvgc2026regma",
  "rating": 1055,
  "private": 0,
  "password": null
}