{
  "id": "gen9championsvgc2026regma-2582430707",
  "format": "[Gen 9 Champions] VGC 2026 Reg M-A",
  "players": [
    "tejgr8forev29",
    "Jerry Judewong"
  ],
  "log": "|j|\u2606tejgr8forev29\n|j|\u2606Jerry Judewong\n|t:|1776091211\n|gametype|doubles\n|player|p1|tejgr8forev29|lance|1145\n|player|p2|Jerry Judewong|hilbert|1054\n|gen|9\n|tier|[Gen 9 Champions] VGC 2026 Reg M-A\n|rated|\n|rule|Species Clause: Limit one of each Pok\u00e9mon\n|rule|Item Clause: Limit 1 of each item\n|clearpoke\n|poke|p1|Floette-Eternal, L50, F|\n|poke|p1|Maushold, L50|\n|poke|p1|Garchomp, L50, M|\n|poke|p1|Talonflame, L50, F|\n|poke|p1|Rotom-Wash, L50|\n|poke|p1|Aegislash, L50, M|\n|poke|p2|Slowbro, L50, F|\n|poke|p2|Incineroar, L50, M|\n|poke|p2|Sinistcha, L50|\n|poke|p2|Aerodactyl, L50, F|\n|poke|p2|Farigiraf, L50, F|\n|poke|p2|Sneasler, L50, F|\n|teampreview|4\n|inactive|Battle timer is ON: inactive players will automatically lose when time's up. (requested by tejgr8forev29)\n|\n|t:|1776091234\n|teamsize|p1|4\n|teamsize|p2|4\n|start\n|switch|p1a: Maushold|Maushold, L50|100/100\n|switch|p1b: Floette|Floette-Eternal, L50, F|100/100\n|switch|p2a: Aerodactyl|Aerodactyl, L50, F|100/100\n|switch|p2b: Sneasler|Sneasler, L50, F|100/100\n|-ability|p2a: Aerodactyl|Unnerve\n|turn|1\n|\n|t:|1776091255\n|move|p1b: Floette|Protect|p1b: Floette\n|-singleturn|p1b: Floette|Protect\n|move|p2b: Sneasler|Fake Out|p1b: Floette\n|-activate|p1b: Floette|move: Protect\n|move|p2a: Aerodactyl|Rock Slide|p1a: Maushold|[spread] p1a\n|-activate|p1b: Floette|move: Protect\n|-damage|p1a: Maushold|68/100\n|cant|p1a: Maushold|flinch\n|\n|upkeep\n|turn|2\n|\n|t:|1776091277\n|switch|p2b: Incineroar|Incineroar, L50, M|100/100\n|-ability|p2b: Incineroar|Intimidate|boost\n|-unboost|p1a: Maushold|atk|1\n|-unboost|p1b: Floette|atk|1\n|detailschange|p1b: Floette|Floette-Mega, L50, F\n|-mega|p1b: Floette|Floette|Floettite\n|-ability|p1b: Floette|Fairy Aura\n|move|p1a: Maushold|Follow Me|p1a: Maushold\n|-singleturn|p1a: Maushold|move: Follow Me\n|move|p2a: Aerodactyl|Rock Slide|p1b: Floette|[spread] p1a,p1b\n|-damage|p1a: Maushold|38/100\n|-damage|p1b: Floette|80/100\n|move|p1b: Floette|Dazzling Gleam|p2a: Aerodactyl|[spread] p2a,p2b\n|-damage|p2a: Aerodactyl|27/100\n|-damage|p2b: Incineroar|47/100\n|-enditem|p2b: Incineroar|Sitrus Berry|[eat]\n|-heal|p2b: Incineroar|71/100|[from] item: Sitrus Berry\n|\n|upkeep\n|turn|3\n|inactive|tejgr8forev29 has 30 seconds left.\n|inactive|Jerry Judewong has 30 seconds left.\n|\n|t:|1776091310\n|switch|p1b: Garchomp|Garchomp, L50, M|100/100\n|move|p2b: Incineroar|Fake Out|p1a: Maushold\n|-damage|p1a: Maushold|20/100\n|move|p2a: Aerodactyl|Rock Slide|p1a: Maushold|[spread] p1a,p1b\n|-resisted|p1b: Garchomp|1\n|-damage|p1a: Maushold|0 fnt\n|-damage|p1b: Garchomp|92/100\n|faint|p1a: Maushold\n|\n|upkeep\n|\n|t:|1776091320\n|switch|p1a: Talonflame|Talonflame, L50, F|100/100\n|turn|4\n|\n|t:|1776091335\n|switch|p2b: Slowbro|Slowbro, L50, F|100/100\n|move|p1a: Talonflame|Tailwind|p1a: Talonflame\n|-sidestart|p1: tejgr8forev29|move: Tailwind\n|move|p1b: Garchomp|Stone Edge|p2a: Aerodactyl\n|-supereffective|p2a: Aerodactyl|1\n|-damage|p2a: Aerodactyl|0 fnt\n|faint|p2a: Aerodactyl\n|\n|upkeep\n|\n|t:|1776091345\n|switch|p2a: Incineroar|Incineroar, L50, M|71/100\n|-ability|p2a: Incineroar|Intimidate|boost\n|-unboost|p1a: Talonflame|atk|1\n|-unboost|p1b: Garchomp|atk|1\n|turn|5\n|\n|t:|1776091363\n|switch|p1a: Floette|Floette-Mega, L50, F|80/100\n|-ability|p1a: Floette|Fairy Aura\n|detailschange|p2b: Slowbro|Slowbro-Mega, L50, F\n|-mega|p2b: Slowbro|Slowbro|Slowbronite\n|move|p2a: Incineroar|Fake Out|p1a: Floette\n|-damage|p1a: Floette|63/100\n|move|p1b: Garchomp|Stomping Tantrum|p2a: Incineroar\n|-supereffective|p2a: Incineroar|1\n|-damage|p2a: Incineroar|14/100\n|move|p2b: Slowbro|Scald|p1b: Garchomp\n|-damage|p1b: Garchomp|54/100\n|\n|upkeep\n|turn|6\n|inactive|tejgr8forev29 has 30 seconds left.\n|\n|t:|1776091389\n|move|p1b: Garchomp|Stomping Tantrum|p2b: Slowbro\n|-damage|p2b: Slowbro|85/100\n|move|p1a: Floette|Dazzling Gleam|p2a: Incineroar|[spread] p2a,p2b\n|-damage|p2a: Incineroar|0 fnt\n|-damage|p2b: Slowbro|46/100\n|faint|p2a: Incineroar\n|move|p2b: Slowbro|Scald|p1b: Garchomp\n|-damage|p1b: Garchomp|18/100\n|-status|p1b: Garchomp|brn\n|\n|-damage|p1b: Garchomp|12/100 brn|[from] brn\n|upkeep\n|\n|t:|1776091406\n|switch|p2a: Sneasler|Sneasler, L50, F|100/100\n|turn|7\n|\n|t:|1776091411\n|move|p1a: Floette|Protect|p1a: Floette\n|-singleturn|p1a: Floette|Protect\n|move|p1b: Garchomp|Earthquake|p2a: Sneasler|[spread] p2a,p2b\n|-activate|p1a: Floette|move: Protect\n|-supereffective|p2a: Sneasler|1\n|-damage|p2a: Sneasler|48/100\n|-damage|p2b: Slowbro|38/100\n|move|p2a: Sneasler|Dire Claw|p1a: Floette\n|-activate|p1a: Floette|move: Protect\n|move|p2b: Slowbro|Slack Off|p2b: Slowbro\n|-heal|p2b: Slowbro|88/100\n|\n|-damage|p1b: Garchomp|6/100 brn|[from] brn\n|-sideend|p1: tejgr8forev29|move: Tailwind\n|upkeep\n|turn|8\n|inactive|tejgr8forev29 has 30 seconds left.\n|inactive|Jerry Judewong has 30 seconds left.\n|inactive|Jerry Judewong has 20 seconds left.\n|inactive|Jerry Judewong has 15 seconds left.\n|\n|t:|1776091452\n|switch|p1a: Talonflame|Talonflame, L50, F|100/100\n|move|p2a: Sneasler|Dire Claw|p1b: Garchomp\n|-resisted|p1b: Garchomp|1\n|-damage|p1b: Garchomp|0 fnt\n|-damage|p2a: Sneasler|36/100|[from] ability: Rough Skin|[of] p1b: Garchomp\n|faint|p1b: Garchomp\n|move|p2b: Slowbro|Scald|p1a: Talonflame\n|-supereffective|p1a: Talonflame|1\n|-damage|p1a: Talonflame|0 fnt\n|faint|p1a: Talonflame\n|\n|upkeep\n|c|\u2606tejgr8forev29|Gg\n|c|\u2606Jerry Judewong|Gg\n|inactive|tejgr8forev29 has 30 seconds left.\n|inactive|tejgr8forev29 has 20 seconds left.\n|inactive|tejgr8forev29 has 15 seconds left.\n|\n|t:|1776091497\n|switch|p1a: Floette|Floette-Mega, L50, F|63/100\n|-ability|p1a: Floette|Fairy Aura\n|turn|9\n|\n|t:|1776091508\n|move|p2a: Sneasler|Dire Claw|p1a: Floette\n|-supereffective|p1a: Floette|1\n|-damage|p1a: Floette|0 fnt\n|faint|p1a: Floette\n|\n|win|Jerry Judewong\n|raw|tejgr8forev29's rating: 1145 &rarr; <strong>1114</strong><br />(-31 for losing)\n|raw|Jerry Judewong's rating: 1054 &rarr; <strong>1094</strong><br />(+40 for winning)\n|l|\u2606tejgr8forev29\n|player|p1|\n",
  "uploadtime": 1776091515,
  "views": 11,
  "formatid": "gen9championsvgc2026regma",
  "rating": 1094,
  "private": 0,
  "password": null
}