{
  "id": "gen9championsvgc2026regma-2587380182",
  "format": "[Gen 9 Champions] VGC 2026 Reg M-A",
  "players": [
    "Kondroid",
    "riubven"
  ],
  "log": "|j|\u2606Kondroid\n|j|\u2606riubven\n|t:|1776526965\n|gametype|doubles\n|player|p1|Kondroid|hilbert-wonderlauncher|1132\n|player|p2|riubven|2|1090\n|gen|9\n|tier|[Gen 9 Champions] VGC 2026 Reg M-A\n|rated|\n|rule|Species Clause: Limit one of each Pok\u00e9mon\n|rule|Item Clause: Limit 1 of each item\n|clearpoke\n|poke|p1|Crabominable, L50, M, shiny|\n|poke|p1|Slowking-Galar, L50, F|\n|poke|p1|Golurk, L50, shiny|\n|poke|p1|Oranguru, L50, M|\n|poke|p1|Incineroar, L50, M|\n|poke|p1|Hydreigon, L50, M, shiny|\n|poke|p2|Milotic, L50, M|\n|poke|p2|Basculegion, L50, M|\n|poke|p2|Sneasler, L50, M|\n|poke|p2|Meganium, L50, F|\n|poke|p2|Pelipper, L50, M|\n|poke|p2|Sableye, L50, F|\n|teampreview|4\n|inactive|Battle timer is ON: inactive players will automatically lose when time's up. (requested by Kondroid)\n|\n|t:|1776526984\n|teamsize|p1|4\n|teamsize|p2|4\n|start\n|switch|p1a: Slowking|Slowking-Galar, L50, F|100/100\n|switch|p1b: Incineroar|Incineroar, L50, M|100/100\n|switch|p2a: Sableye|Sableye, L50, F|100/100\n|switch|p2b: Milotic|Milotic, L50, M|100/100\n|-ability|p1b: Incineroar|Intimidate|boost\n|-unboost|p2a: Sableye|atk|1\n|-unboost|p2b: Milotic|atk|1\n|-ability|p2b: Milotic|Competitive|boost\n|-boost|p2b: Milotic|spa|2\n|turn|1\n|inactive|Kondroid has 30 seconds left.\n|inactive|Kondroid has 20 seconds left.\n|\n|t:|1776527023\n|switch|p1a: Hydreigon|Hydreigon, L50, M, shiny|100/100\n|move|p1b: Incineroar|Fake Out|p2b: Milotic\n|-damage|p2b: Milotic|90/100\n|move|p2a: Sableye|Fake Out|p1a: Hydreigon\n|-damage|p1a: Hydreigon|94/100\n|cant|p2b: Milotic|flinch\n|\n|-heal|p2b: Milotic|96/100|[from] item: Leftovers\n|upkeep\n|turn|2\n|inactive|Kondroid has 30 seconds left.\n|inactive|Kondroid has 20 seconds left.\n|inactive|Kondroid has 15 seconds left.\n|inactive|Kondroid has 10 seconds left.\n|inactive|Kondroid has 5 seconds left.\n|\n|t:|1776527078\n|switch|p2a: Meganium|Meganium, L50, F|100/100\n|move|p1a: Hydreigon|Earth Power|p2b: Milotic\n|-damage|p2b: Milotic|74/100\n|move|p2b: Milotic|Coil|p2b: Milotic\n|-boost|p2b: Milotic|atk|1\n|-boost|p2b: Milotic|def|1\n|-boost|p2b: Milotic|accuracy|1\n|move|p1b: Incineroar|Flare Blitz|p2b: Milotic\n|-resisted|p2b: Milotic|1\n|-damage|p2b: Milotic|56/100\n|-status|p2b: Milotic|brn\n|-damage|p1b: Incineroar|95/100|[from] Recoil\n|\n|-heal|p2b: Milotic|62/100 brn|[from] item: Leftovers\n|-damage|p2b: Milotic|56/100 brn|[from] brn\n|upkeep\n|turn|3\n|\n|t:|1776527101\n|switch|p1a: Slowking|Slowking-Galar, L50, F|100/100\n|detailschange|p2a: Meganium|Meganium-Mega, L50, F\n|-mega|p2a: Meganium|Meganium|Meganiumite\n|move|p2a: Meganium|Dazzling Gleam|p1a: Slowking|[spread] p1a,p1b\n|-resisted|p1a: Slowking|1\n|-damage|p1a: Slowking|87/100\n|-damage|p1b: Incineroar|67/100\n|move|p2b: Milotic|Icy Wind|p1a: Slowking|[spread] p1a,p1b\n|-resisted|p1b: Incineroar|1\n|-damage|p1a: Slowking|65/100\n|-damage|p1b: Incineroar|57/100\n|-unboost|p1a: Slowking|spe|1\n|-unboost|p1b: Incineroar|spe|1\n|move|p1b: Incineroar|Parting Shot|p2a: Meganium\n|-unboost|p2a: Meganium|atk|1\n|-unboost|p2a: Meganium|spa|1\n|inactive|Kondroid has 30 seconds left.\n|\n|t:|1776527130\n|switch|p1b: Crabominable|Crabominable, L50, M, shiny|100/100|[from] Parting Shot\n|\n|-heal|p2b: Milotic|62/100 brn|[from] item: Leftovers\n|-heal|p1a: Slowking|71/100|[from] item: Leftovers\n|-damage|p2b: Milotic|56/100 brn|[from] brn\n|upkeep\n|turn|4\n|inactive|riubven has 30 seconds left.\n|\n|t:|1776527160\n|switch|p2a: Sneasler|Sneasler, L50, M|100/100\n|move|p1b: Crabominable|Protect|p1b: Crabominable\n|-singleturn|p1b: Crabominable|Protect\n|move|p2b: Milotic|Hypnosis|p1b: Crabominable\n|-activate|p1b: Crabominable|move: Protect\n|move|p1a: Slowking|Trick Room|p1a: Slowking\n|-fieldstart|move: Trick Room|[of] p1a: Slowking\n|\n|-heal|p1a: Slowking|77/100|[from] item: Leftovers\n|-heal|p2b: Milotic|62/100 brn|[from] item: Leftovers\n|-damage|p2b: Milotic|56/100 brn|[from] brn\n|upkeep\n|turn|5\n|inactive|Kondroid has 30 seconds left.\n|inactive|Kondroid has 20 seconds left.\n|\n|t:|1776527197\n|detailschange|p1b: Crabominable|Crabominable-Mega, L50, M, shiny\n|-mega|p1b: Crabominable|Crabominable|Crabominite\n|move|p2a: Sneasler|Protect|p2a: Sneasler\n|-singleturn|p2a: Sneasler|Protect\n|move|p1b: Crabominable|Mach Punch|p2b: Milotic\n|-damage|p2b: Milotic|35/100 brn\n|move|p1a: Slowking|Psychic Noise|p2a: Sneasler\n|-activate|p2a: Sneasler|move: Protect\n|move|p2b: Milotic|Hypnosis|p1b: Crabominable\n|-status|p1b: Crabominable|slp|[from] move: Hypnosis\n|\n|-heal|p1a: Slowking|83/100|[from] item: Leftovers\n|-heal|p2b: Milotic|41/100 brn|[from] item: Leftovers\n|-damage|p2b: Milotic|35/100 brn|[from] brn\n|upkeep\n|turn|6\n|\n|t:|1776527221\n|cant|p1b: Crabominable|slp\n|move|p1a: Slowking|Psychic Noise|p2a: Sneasler\n|-supereffective|p2a: Sneasler|2\n|-damage|p2a: Sneasler|0 fnt\n|faint|p2a: Sneasler\n|move|p2b: Milotic|Muddy Water|p1b: Crabominable|[spread] p1a,p1b\n|-damage|p1a: Slowking|35/100\n|-damage|p1b: Crabominable|51/100 slp\n|\n|-heal|p1a: Slowking|41/100|[from] item: Leftovers\n|-heal|p2b: Milotic|41/100 brn|[from] item: Leftovers\n|-damage|p2b: Milotic|35/100 brn|[from] brn\n|upkeep\n|\n|t:|1776527227\n|switch|p2a: Meganium|Meganium-Mega, L50, F|100/100\n|turn|7\n|\n|t:|1776527236\n|move|p1a: Slowking|Sludge Bomb|p2a: Meganium\n|-supereffective|p2a: Meganium|2\n|-damage|p2a: Meganium|0 fnt\n|faint|p2a: Meganium\n|cant|p1b: Crabominable|slp\n|move|p2b: Milotic|Muddy Water|p1b: Crabominable|[spread] p1a,p1b\n|-damage|p1a: Slowking|0 fnt\n|-damage|p1b: Crabominable|0 fnt\n|faint|p1a: Slowking\n|faint|p1b: Crabominable\n|\n|-heal|p2b: Milotic|41/100 brn|[from] item: Leftovers\n|-damage|p2b: Milotic|35/100 brn|[from] brn\n|upkeep\n|-message|riubven forfeited.\n|\n|win|Kondroid\n|raw|Kondroid's rating: 1132 &rarr; <strong>1154</strong><br />(+22 for winning)\n|raw|riubven's rating: 1090 &rarr; <strong>1069</strong><br />(-21 for losing)\n|l|\u2606riubven\n|player|p2|\n",
  "uploadtime": 1776527311,
  "views": 21,
  "formatid": "gen9championsvgc2026regma",
  "rating": 1069,
  "private": 0,
  "password": null
}