{
  "id": "gen9championsvgc2026regma-2583550686",
  "format": "[Gen 9 Champions] VGC 2026 Reg M-A",
  "players": [
    "dannyswampert",
    "bunearyboicherry"
  ],
  "log": "|j|\u2606dannyswampert\n|j|\u2606bunearyboicherry\n|t:|1776182745\n|gametype|doubles\n|player|p1|dannyswampert|ethan|1175\n|player|p2|bunearyboicherry|preschoolerf-gen6|1107\n|gen|9\n|tier|[Gen 9 Champions] VGC 2026 Reg M-A\n|rated|\n|rule|Species Clause: Limit one of each Pok\u00e9mon\n|rule|Item Clause: Limit 1 of each item\n|clearpoke\n|poke|p1|Aggron, L50, F|\n|poke|p1|Incineroar, L50, F|\n|poke|p1|Sinistcha, L50|\n|poke|p1|Tyranitar, L50, M|\n|poke|p1|Sneasler, L50, F|\n|poke|p1|Farigiraf, L50, F|\n|poke|p2|Mudsdale, L50, F|\n|poke|p2|Gyarados, L50, M|\n|poke|p2|Maushold, L50|\n|poke|p2|Dragonite, L50, F|\n|poke|p2|Charizard, L50, F|\n|poke|p2|Mr. Rime, L50, M|\n|teampreview|4\n|inactive|Battle timer is ON: inactive players will automatically lose when time's up. (requested by dannyswampert)\n|inactive|bunearyboicherry has 60 seconds left.\n|\n|t:|1776182778\n|teamsize|p1|4\n|teamsize|p2|4\n|start\n|switch|p1a: Sinistcha|Sinistcha, L50|100/100\n|switch|p1b: Tyranitar|Tyranitar, L50, M|100/100\n|switch|p2a: Mudsdale|Mudsdale, L50, F, shiny|100/100\n|switch|p2b: Charizard|Charizard, L50, F, shiny|100/100\n|-weather|Sandstorm|[from] ability: Sand Stream|[of] p1b: Tyranitar\n|turn|1\n|\n|t:|1776182802\n|move|p2b: Charizard|Protect|p2b: Charizard\n|-singleturn|p2b: Charizard|Protect\n|move|p1a: Sinistcha|Protect|p1a: Sinistcha\n|-singleturn|p1a: Sinistcha|Protect\n|move|p2a: Mudsdale|Protect|p2a: Mudsdale\n|-singleturn|p2a: Mudsdale|Protect\n|move|p1b: Tyranitar|Rock Slide|p2b: Charizard|[spread] \n|-activate|p2a: Mudsdale|move: Protect\n|-activate|p2b: Charizard|move: Protect\n|\n|-weather|Sandstorm|[upkeep]\n|-damage|p2b: Charizard|95/100|[from] Sandstorm\n|-damage|p1a: Sinistcha|94/100|[from] Sandstorm\n|-heal|p1a: Sinistcha|100/100|[from] item: Leftovers\n|upkeep\n|turn|2\n|inactive|bunearyboicherry has 30 seconds left.\n|\n|t:|1776182828\n|switch|p2b: Gyarados|Gyarados, L50, M, shiny|100/100\n|-ability|p2b: Gyarados|Intimidate|boost\n|-unboost|p1a: Sinistcha|atk|1\n|-unboost|p1b: Tyranitar|atk|1\n|move|p1a: Sinistcha|Rage Powder|p1a: Sinistcha\n|-singleturn|p1a: Sinistcha|move: Rage Powder\n|move|p1b: Tyranitar|Rock Slide|p2b: Gyarados|[spread] p2a,p2b\n|-resisted|p2a: Mudsdale|1\n|-crit|p2a: Mudsdale\n|-supereffective|p2b: Gyarados|1\n|-damage|p2a: Mudsdale|74/100\n|-damage|p2b: Gyarados|49/100\n|move|p2a: Mudsdale|Earthquake|p1b: Tyranitar|[spread] p1a,p1b\n|-immune|p2b: Gyarados\n|-resisted|p1a: Sinistcha|1\n|-crit|p1a: Sinistcha\n|-supereffective|p1b: Tyranitar|1\n|-damage|p1a: Sinistcha|75/100\n|-damage|p1b: Tyranitar|39/100\n|\n|-weather|Sandstorm|[upkeep]\n|-damage|p2b: Gyarados|43/100|[from] Sandstorm\n|-damage|p1a: Sinistcha|69/100|[from] Sandstorm\n|-heal|p1a: Sinistcha|75/100|[from] item: Leftovers\n|upkeep\n|turn|3\n|\n|t:|1776182847\n|move|p2b: Gyarados|Protect|p2b: Gyarados\n|-singleturn|p2b: Gyarados|Protect\n|move|p1b: Tyranitar|Protect|p1b: Tyranitar\n|-singleturn|p1b: Tyranitar|Protect\n|move|p2a: Mudsdale|Earthquake|p1a: Sinistcha|[spread] p1a\n|-activate|p2b: Gyarados|move: Protect\n|-activate|p1b: Tyranitar|move: Protect\n|-resisted|p1a: Sinistcha|1\n|-damage|p1a: Sinistcha|58/100\n|move|p1a: Sinistcha|Trick Room|p1a: Sinistcha\n|-fieldstart|move: Trick Room|[of] p1a: Sinistcha\n|\n|-weather|Sandstorm|[upkeep]\n|-damage|p1a: Sinistcha|52/100|[from] Sandstorm\n|-damage|p2b: Gyarados|37/100|[from] Sandstorm\n|-heal|p1a: Sinistcha|58/100|[from] item: Leftovers\n|upkeep\n|turn|4\n|\n|t:|1776182859\n|move|p2a: Mudsdale|Earthquake|p1a: Sinistcha|[spread] p1a,p1b\n|-immune|p2b: Gyarados\n|-resisted|p1a: Sinistcha|1\n|-crit|p1a: Sinistcha\n|-supereffective|p1b: Tyranitar|1\n|-damage|p1a: Sinistcha|31/100\n|-damage|p1b: Tyranitar|0 fnt\n|faint|p1b: Tyranitar\n|move|p1a: Sinistcha|Matcha Gotcha|p2b: Gyarados|[spread] p2a\n|-miss|p1a: Sinistcha|p2b: Gyarados\n|-supereffective|p2a: Mudsdale|1\n|-damage|p2a: Mudsdale|29/100\n|-heal|p1a: Sinistcha|54/100|[from] drain|[of] p2a: Mudsdale\n|-enditem|p2a: Mudsdale|Sitrus Berry|[eat]\n|-heal|p2a: Mudsdale|54/100|[from] item: Sitrus Berry\n|move|p2b: Gyarados|Temper Flare|p1a: Sinistcha\n|-supereffective|p1a: Sinistcha|1\n|-damage|p1a: Sinistcha|7/100\n|\n|-weather|Sandstorm|[upkeep]\n|-damage|p1a: Sinistcha|0 fnt|[from] Sandstorm\n|-damage|p2b: Gyarados|31/100|[from] Sandstorm\n|faint|p1a: Sinistcha\n|upkeep\n|c|\u2606bunearyboicherry|Mudsdale in TR you spoil me\n|\n|t:|1776182878\n|switch|p1b: Farigiraf|Farigiraf, L50, F|100/100\n|switch|p1a: Aggron|Aggron, L50, F|100/100\n|turn|5\n|inactive|bunearyboicherry has 30 seconds left.\n|\n|t:|1776182904\n|switch|p2b: Charizard|Charizard, L50, F, shiny|95/100\n|detailschange|p1a: Aggron|Aggron-Mega, L50, F\n|-mega|p1a: Aggron|Aggron|Aggronite\n|move|p2a: Mudsdale|Earthquake|p1b: Farigiraf|[spread] p1a,p1b\n|-immune|p2b: Charizard\n|-supereffective|p1a: Aggron|1\n|-crit|p1a: Aggron\n|-damage|p1a: Aggron|54/100\n|-damage|p1b: Farigiraf|70/100\n|move|p1a: Aggron|Iron Defense|p1a: Aggron\n|-boost|p1a: Aggron|def|2\n|move|p1b: Farigiraf|Hyper Voice|p2b: Charizard|[spread] p2a,p2b\n|-damage|p2a: Mudsdale|29/100\n|-damage|p2b: Charizard|59/100\n|\n|-weather|none\n|upkeep\n|turn|6\n|\n|t:|1776182924\n|move|p2b: Charizard|Protect|p2b: Charizard\n|-singleturn|p2b: Charizard|Protect\n|move|p2a: Mudsdale|Earthquake|p1a: Aggron|[spread] p1a,p1b\n|-activate|p2b: Charizard|move: Protect\n|-supereffective|p1a: Aggron|1\n|-damage|p1a: Aggron|39/100\n|-damage|p1b: Farigiraf|39/100\n|move|p1a: Aggron|Body Press|p2b: Charizard\n|-activate|p2b: Charizard|move: Protect\n|move|p1b: Farigiraf|Psychic|p2b: Charizard\n|-activate|p2b: Charizard|move: Protect\n|\n|upkeep\n|turn|7\n|\n|t:|1776182938\n|detailschange|p2b: Charizard|Charizard-Mega-Y, L50, F, shiny\n|-mega|p2b: Charizard|Charizard|Charizardite Y\n|-weather|SunnyDay|[from] ability: Drought|[of] p2b: Charizard\n|move|p2b: Charizard|Protect||[still]\n|-fail|p2b: Charizard\n|move|p2a: Mudsdale|Earthquake|p1b: Farigiraf|[spread] p1a,p1b\n|-immune|p2b: Charizard\n|-supereffective|p1a: Aggron|1\n|-crit|p1b: Farigiraf\n|-damage|p1a: Aggron|25/100\n|-damage|p1b: Farigiraf|0 fnt\n|faint|p1b: Farigiraf\n|move|p1a: Aggron|Body Press|p2b: Charizard\n|-resisted|p2b: Charizard|1\n|-damage|p2b: Charizard|0 fnt\n|faint|p2b: Charizard\n|\n|-weather|SunnyDay|[upkeep]\n|-fieldend|move: Trick Room\n|upkeep\n|\n|t:|1776182944\n|switch|p2b: Mr. Rime|Mr. Rime, L50, M, shiny|100/100\n|turn|8\n|\n|t:|1776182953\n|move|p1a: Aggron|Protect|p1a: Aggron\n|-singleturn|p1a: Aggron|Protect\n|move|p2b: Mr. Rime|Focus Blast|p1a: Aggron\n|-activate|p1a: Aggron|move: Protect\n|move|p2a: Mudsdale|Earthquake|p1a: Aggron|[spread] p2b\n|-activate|p1a: Aggron|move: Protect\n|-damage|p2b: Mr. Rime|46/100\n|\n|-weather|SunnyDay|[upkeep]\n|-heal|p2b: Mr. Rime|52/100|[from] item: Leftovers\n|upkeep\n|turn|9\n|\n|t:|1776182962\n|move|p2b: Mr. Rime|Focus Blast|p1a: Aggron\n|-supereffective|p1a: Aggron|1\n|-damage|p1a: Aggron|0 fnt\n|faint|p1a: Aggron\n|\n|win|bunearyboicherry\n|raw|dannyswampert's rating: 1175 &rarr; <strong>1145</strong><br />(-30 for losing)\n|raw|bunearyboicherry's rating: 1107 &rarr; <strong>1137</strong><br />(+30 for winning)\n|l|\u2606dannyswampert\n|player|p1|\n|c|\u2606bunearyboicherry|GG\n",
  "uploadtime": 1776182979,
  "views": 15,
  "formatid": "gen9championsvgc2026regma",
  "rating": 1137,
  "private": 0,
  "password": null
}