{
  "id": "gen9championsvgc2026regma-2584301592",
  "format": "[Gen 9 Champions] VGC 2026 Reg M-A",
  "players": [
    "talveznao",
    "TheWonderfulGirl"
  ],
  "log": "|j|\u2606talveznao\n|j|\u2606TheWonderfulGirl\n|t:|1776248915\n|gametype|doubles\n|player|p1|talveznao|evelyn|1167\n|player|p2|TheWonderfulGirl|pokekid|1073\n|gen|9\n|tier|[Gen 9 Champions] VGC 2026 Reg M-A\n|rated|\n|rule|Species Clause: Limit one of each Pok\u00e9mon\n|rule|Item Clause: Limit 1 of each item\n|clearpoke\n|poke|p1|Chimecho, L50, F|\n|poke|p1|Sneasler, L50, F|\n|poke|p1|Archaludon, L50, M|\n|poke|p1|Farigiraf, L50, F|\n|poke|p1|Sinistcha, L50|\n|poke|p1|Torkoal, L50, M|\n|poke|p2|Froslass, L50, F|\n|poke|p2|Garchomp, L50, F|\n|poke|p2|Rotom-Frost, L50|\n|poke|p2|Empoleon, L50, F|\n|poke|p2|Incineroar, L50, M|\n|poke|p2|Kingambit, L50, M|\n|teampreview|4\n|inactive|Battle timer is ON: inactive players will automatically lose when time's up. (requested by TheWonderfulGirl)\n|inactive|talveznao also wants the timer to be on.\n|inactive|talveznao has 60 seconds left.\n|inactive|TheWonderfulGirl has 60 seconds left.\ntalveznao has agreed to open team sheets.\n|inactive|TheWonderfulGirl has 30 seconds left.\n|inactive|TheWonderfulGirl has 20 seconds left.\n|inactive|TheWonderfulGirl has 15 seconds left.\n|inactive|TheWonderfulGirl has 10 seconds left.\n|\n|t:|1776248996\n|teamsize|p1|4\n|teamsize|p2|4\n|start\n|switch|p1a: Sneasler|Sneasler, L50, F|100/100\n|switch|p1b: Chimecho|Chimecho, L50, F|100/100\n|switch|p2a: Froslass|Froslass, L50, F|100/100\n|switch|p2b: Kingambit|Kingambit, L50, M|100/100\n|turn|1\n|inactive|TheWonderfulGirl has 30 seconds left.\n|\n|t:|1776249024\n|switch|p2a: Incineroar|Incineroar, L50, M|100/100\n|-ability|p2a: Incineroar|Intimidate|boost\n|-unboost|p1a: Sneasler|atk|1\n|-unboost|p1b: Chimecho|atk|1\n|-enditem|p1a: Sneasler|White Herb\n|-clearnegativeboost|p1a: Sneasler|[silent]\n|detailschange|p1b: Chimecho|Chimecho-Mega, L50, F\n|-mega|p1b: Chimecho|Chimecho|Chimechite\n|move|p2b: Kingambit|Protect|p2b: Kingambit\n|-singleturn|p2b: Kingambit|Protect\n|move|p1a: Sneasler|Close Combat|p2b: Kingambit\n|-activate|p2b: Kingambit|move: Protect\n|move|p1b: Chimecho|Calm Mind|p1b: Chimecho\n|-boost|p1b: Chimecho|spa|1\n|-boost|p1b: Chimecho|spd|1\n|\n|upkeep\n|turn|2\n|inactive|TheWonderfulGirl has 30 seconds left.\n|inactive|TheWonderfulGirl has 20 seconds left.\n|\n|t:|1776249060\n|move|p1a: Sneasler|Protect|p1a: Sneasler\n|-singleturn|p1a: Sneasler|Protect\n|move|p1b: Chimecho|Protect|p1b: Chimecho\n|-singleturn|p1b: Chimecho|Protect\n|move|p2a: Incineroar|Fake Out|p1a: Sneasler\n|-activate|p1a: Sneasler|move: Protect\n|move|p2b: Kingambit|Low Kick|p1a: Sneasler\n|-activate|p1a: Sneasler|move: Protect\n|\n|upkeep\n|turn|3\n|\n|t:|1776249081\n|move|p2b: Kingambit|Sucker Punch||[still]\n|-fail|p2b: Kingambit\n|move|p1a: Sneasler|Close Combat|p2b: Kingambit\n|-supereffective|p2b: Kingambit|2\n|-enditem|p2b: Kingambit|Focus Sash\n|-damage|p2b: Kingambit|1/100\n|-unboost|p1a: Sneasler|def|1\n|-unboost|p1a: Sneasler|spd|1\n|move|p2a: Incineroar|Parting Shot|p1a: Sneasler\n|-unboost|p1a: Sneasler|atk|1\n|-unboost|p1a: Sneasler|spa|1\n|\n|t:|1776249095\n|switch|p2a: Froslass|Froslass, L50, F|100/100|[from] Parting Shot\n|move|p1b: Chimecho|Calm Mind|p1b: Chimecho\n|-boost|p1b: Chimecho|spa|1\n|-boost|p1b: Chimecho|spd|1\n|\n|upkeep\n|turn|4\n|\n|t:|1776249111\n|switch|p2a: Incineroar|Incineroar, L50, M|100/100\n|-ability|p2a: Incineroar|Intimidate|boost\n|-unboost|p1a: Sneasler|atk|1\n|-unboost|p1b: Chimecho|atk|1\n|move|p2b: Kingambit|Protect|p2b: Kingambit\n|-singleturn|p2b: Kingambit|Protect\n|move|p1a: Sneasler|Close Combat|p2b: Kingambit\n|-activate|p2b: Kingambit|move: Protect\n|move|p1b: Chimecho|Calm Mind|p1b: Chimecho\n|-boost|p1b: Chimecho|spa|1\n|-boost|p1b: Chimecho|spd|1\n|\n|upkeep\n|turn|5\n|inactive|TheWonderfulGirl has 30 seconds left.\n|\n|t:|1776249138\n|switch|p2b: Froslass|Froslass, L50, F|100/100\n|move|p1a: Sneasler|Protect|p1a: Sneasler\n|-singleturn|p1a: Sneasler|Protect\n|move|p1b: Chimecho|Protect|p1b: Chimecho\n|-singleturn|p1b: Chimecho|Protect\n|move|p2a: Incineroar|Fake Out|p1b: Chimecho\n|-activate|p1b: Chimecho|move: Protect\n|\n|upkeep\n|turn|6\n|\n|t:|1776249156\n|detailschange|p2b: Froslass|Froslass-Mega, L50, F\n|-mega|p2b: Froslass|Froslass|Froslassite\n|-weather|Snowscape|[from] ability: Snow Warning|[of] p2b: Froslass\n|move|p1a: Sneasler|Close Combat|p2a: Incineroar\n|-supereffective|p2a: Incineroar|1\n|-damage|p2a: Incineroar|41/100\n|-unboost|p1a: Sneasler|def|1\n|-unboost|p1a: Sneasler|spd|1\n|-enditem|p2a: Incineroar|Sitrus Berry|[eat]\n|-heal|p2a: Incineroar|66/100|[from] item: Sitrus Berry\n|move|p2b: Froslass|Aurora Veil|p2b: Froslass\n|-sidestart|p2: TheWonderfulGirl|move: Aurora Veil\n|move|p2a: Incineroar|Darkest Lariat|p1b: Chimecho\n|-supereffective|p1b: Chimecho|1\n|-damage|p1b: Chimecho|35/100\n|move|p1b: Chimecho|Flash Cannon|p2b: Froslass\n|-supereffective|p2b: Froslass|1\n|-damage|p2b: Froslass|0 fnt\n|faint|p2b: Froslass\n|\n|-weather|Snowscape|[upkeep]\n|upkeep\n|inactive|TheWonderfulGirl has 30 seconds left.\n|\n|t:|1776249185\n|switch|p2b: Garchomp|Garchomp, L50, F|100/100\n|turn|7\n|inactive|TheWonderfulGirl has 30 seconds left.\n|inactive|TheWonderfulGirl has 20 seconds left.\n|\n|t:|1776249221\n|switch|p1a: Sinistcha|Sinistcha, L50|100/100\n|-heal|p1b: Chimecho|59/100|[from] ability: Hospitality|[of] p1a: Sinistcha\n|move|p2b: Garchomp|Protect|p2b: Garchomp\n|-singleturn|p2b: Garchomp|Protect\n|move|p1b: Chimecho|Protect|p1b: Chimecho\n|-singleturn|p1b: Chimecho|Protect\n|move|p2a: Incineroar|Darkest Lariat|p1b: Chimecho\n|-activate|p1b: Chimecho|move: Protect\n|\n|-weather|Snowscape|[upkeep]\n|upkeep\n|turn|8\n|inactive|talveznao has 30 seconds left.\n|inactive|TheWonderfulGirl has 30 seconds left.\n|\n|t:|1776249254\n|move|p1a: Sinistcha|Rage Powder|p1a: Sinistcha\n|-singleturn|p1a: Sinistcha|move: Rage Powder\n|move|p2b: Garchomp|Dragon Claw|p1a: Sinistcha\n|-damage|p1a: Sinistcha|68/100\n|move|p2a: Incineroar|Flare Blitz|p1a: Sinistcha\n|-supereffective|p1a: Sinistcha|1\n|-damage|p1a: Sinistcha|0 fnt\n|faint|p1a: Sinistcha\n|-damage|p2a: Incineroar|46/100|[from] Recoil\n|move|p1b: Chimecho|Stored Power|p2b: Garchomp\n|-damage|p2b: Garchomp|0 fnt\n|faint|p2b: Garchomp\n|\n|-weather|Snowscape|[upkeep]\n|upkeep\n|\n|t:|1776249270\n|switch|p2b: Kingambit|Kingambit, L50, M|1/100\n|switch|p1a: Sneasler|Sneasler, L50, F|100/100\n|turn|9\n|\n|t:|1776249283\n|move|p1b: Chimecho|Protect|p1b: Chimecho\n|-singleturn|p1b: Chimecho|Protect\n|move|p2b: Kingambit|Sucker Punch||[still]\n|-fail|p2b: Kingambit\n|move|p1a: Sneasler|Close Combat|p2b: Kingambit\n|-supereffective|p2b: Kingambit|2\n|-damage|p2b: Kingambit|0 fnt\n|-unboost|p1a: Sneasler|def|1\n|-unboost|p1a: Sneasler|spd|1\n|faint|p2b: Kingambit\n|move|p2a: Incineroar|Darkest Lariat|p1b: Chimecho\n|-activate|p1b: Chimecho|move: Protect\n|\n|-weather|Snowscape|[upkeep]\n|upkeep\n|turn|10\n|\n|t:|1776249290\n|move|p1a: Sneasler|Close Combat|p2a: Incineroar\n|-supereffective|p2a: Incineroar|1\n|-damage|p2a: Incineroar|0 fnt\n|-unboost|p1a: Sneasler|def|1\n|-unboost|p1a: Sneasler|spd|1\n|faint|p2a: Incineroar\n|\n|win|talveznao\n|raw|talveznao's rating: 1167 &rarr; <strong>1185</strong><br />(+18 for winning)\n|raw|TheWonderfulGirl's rating: 1073 &rarr; <strong>1058</strong><br />(-15 for losing)\n|l|\u2606TheWonderfulGirl\n|player|p2|\n|j|\u2606TheWonderfulGirl\n|player|p2|TheWonderfulGirl|pokekid|\n",
  "uploadtime": 1776249294,
  "views": 22,
  "formatid": "gen9championsvgc2026regma",
  "rating": 1058,
  "private": 0,
  "password": null
}