{
  "id": "gen9championsvgc2026regma-2588125768",
  "format": "[Gen 9 Champions] VGC 2026 Reg M-A",
  "players": [
    "rajyesh1",
    "JasmineThia"
  ],
  "log": "|j|\u2606rajyesh1\n|j|\u2606JasmineThia\n|t:|1776607005\n|gametype|doubles\n|player|p1|rajyesh1|unknown|1236\n|player|p2|JasmineThia|selene-masters2|1322\n|gen|9\n|tier|[Gen 9 Champions] VGC 2026 Reg M-A\n|rated|\n|rule|Species Clause: Limit one of each Pok\u00e9mon\n|rule|Item Clause: Limit 1 of each item\n|clearpoke\n|poke|p1|Charizard, L50, F|\n|poke|p1|Venusaur, L50, M|\n|poke|p1|Garchomp, L50, F|\n|poke|p1|Rotom-Wash, L50|\n|poke|p1|Sneasler, L50, M|\n|poke|p1|Incineroar, L50, M|\n|poke|p2|Kangaskhan, L50, F|\n|poke|p2|Primarina, L50, M, shiny|\n|poke|p2|Aegislash, L50, M, shiny|\n|poke|p2|Farigiraf, L50, M|\n|poke|p2|Volcarona, L50, M|\n|poke|p2|Ninetales-Alola, L50, F|\n|teampreview|4\n|inactive|Battle timer is ON: inactive players will automatically lose when time's up. (requested by rajyesh1)\n|inactive|rajyesh1 has 60 seconds left.\n|\n|t:|1776607059\n|teamsize|p1|4\n|teamsize|p2|4\n|start\n|switch|p1a: Venusaur|Venusaur, L50, M|100/100\n|switch|p1b: Incineroar|Incineroar, L50, M|100/100\n|switch|p2a: Kangaskhan|Kangaskhan, L50, F|100/100\n|switch|p2b: Primarina|Primarina, L50, M, shiny|100/100\n|-ability|p1b: Incineroar|Intimidate|boost\n|-fail|p2a: Kangaskhan|unboost|Attack|[from] ability: Scrappy|[of] p2a: Kangaskhan\n|-unboost|p2b: Primarina|atk|1\n|turn|1\n|inactive|rajyesh1 has 30 seconds left.\n|inactive|rajyesh1 has 20 seconds left.\n|inactive|rajyesh1 has 15 seconds left.\n|inactive|rajyesh1 has 10 seconds left.\n|\n|t:|1776607110\n|detailschange|p2a: Kangaskhan|Kangaskhan-Mega, L50, F\n|-mega|p2a: Kangaskhan|Kangaskhan|Kangaskhanite\n|move|p2a: Kangaskhan|Fake Out|p1a: Venusaur\n|-damage|p1a: Venusaur|77/100\n|-damage|p1a: Venusaur|71/100\n|-hitcount|p1a: Venusaur|2\n|move|p1b: Incineroar|Fake Out|p2a: Kangaskhan\n|-damage|p2a: Kangaskhan|89/100\n|cant|p1a: Venusaur|flinch\n|move|p2b: Primarina|Weather Ball|p1a: Venusaur\n|-damage|p1a: Venusaur|52/100\n|\n|upkeep\n|turn|2\n|inactive|rajyesh1 has 30 seconds left.\n|\n|t:|1776607137\n|switch|p2b: Farigiraf|Farigiraf, L50, M|100/100\n|move|p1a: Venusaur|Protect|p1a: Venusaur\n|-singleturn|p1a: Venusaur|Protect\n|move|p2a: Kangaskhan|Double-Edge|p1a: Venusaur\n|-activate|p1a: Venusaur|move: Protect\n|move|p1b: Incineroar|Parting Shot|p2a: Kangaskhan\n|-unboost|p2a: Kangaskhan|atk|1\n|-unboost|p2a: Kangaskhan|spa|1\n|\n|t:|1776607149\n|switch|p1b: Charizard|Charizard, L50, F|100/100|[from] Parting Shot\n|\n|upkeep\n|turn|3\n|\n|t:|1776607161\n|detailschange|p1b: Charizard|Charizard-Mega-Y, L50, F\n|-mega|p1b: Charizard|Charizard|Charizardite Y\n|-weather|SunnyDay|[from] ability: Drought|[of] p1b: Charizard\n|move|p1a: Venusaur|Sleep Powder|p2b: Farigiraf\n|-status|p2b: Farigiraf|slp|[from] move: Sleep Powder\n|move|p1b: Charizard|Solar Beam||[still]\n|-prepare|p1b: Charizard|Solar Beam\n|-anim|p1b: Charizard|Solar Beam|p2a: Kangaskhan\n|-damage|p2a: Kangaskhan|53/100\n|move|p2a: Kangaskhan|Double-Edge|p1a: Venusaur\n|-damage|p1a: Venusaur|1/100\n|-damage|p1a: Venusaur|0 fnt\n|faint|p1a: Venusaur\n|-hitcount|p1: Venusaur|2\n|-damage|p2a: Kangaskhan|41/100|[from] Recoil\n|cant|p2b: Farigiraf|slp\n|\n|-weather|SunnyDay|[upkeep]\n|upkeep\n|\n|t:|1776607176\n|switch|p1a: Sneasler|Sneasler, L50, M|100/100\n|turn|4\n|\n|t:|1776607191\n|move|p1a: Sneasler|Dire Claw|p2a: Kangaskhan\n|-damage|p2a: Kangaskhan|13/100\n|move|p1b: Charizard|Heat Wave|p2a: Kangaskhan|[spread] p2a\n|-miss|p1b: Charizard|p2b: Farigiraf\n|-damage|p2a: Kangaskhan|0 fnt\n|faint|p2a: Kangaskhan\n|cant|p2b: Farigiraf|slp\n|\n|-weather|SunnyDay|[upkeep]\n|upkeep\n|\n|t:|1776607197\n|switch|p2a: Primarina|Primarina, L50, M, shiny|100/100\n|turn|5\n|\n|t:|1776607213\n|switch|p1b: Incineroar|Incineroar, L50, M|100/100\n|-ability|p1b: Incineroar|Intimidate|boost\n|-unboost|p2a: Primarina|atk|1\n|-unboost|p2b: Farigiraf|atk|1\n|move|p1a: Sneasler|Dire Claw|p2a: Primarina\n|-supereffective|p2a: Primarina|1\n|-damage|p2a: Primarina|9/100\n|move|p2a: Primarina|Weather Ball|p1a: Sneasler\n|-damage|p1a: Sneasler|33/100\n|-curestatus|p2b: Farigiraf|slp|[msg]\n|move|p2b: Farigiraf|Trick Room|p2b: Farigiraf\n|-fieldstart|move: Trick Room|[of] p2b: Farigiraf\n|\n|-weather|SunnyDay|[upkeep]\n|-heal|p2a: Primarina|15/100|[from] item: Leftovers\n|upkeep\n|turn|6\n|\n|t:|1776607233\n|switch|p1a: Charizard|Charizard-Mega-Y, L50, F|100/100\n|move|p2b: Farigiraf|Helping Hand|p2a: Primarina\n|-singleturn|p2a: Primarina|Helping Hand|[of] p2b: Farigiraf\n|move|p1b: Incineroar|Fake Out||[still]\n|cant|p2b: Farigiraf|ability: Armor Tail|Fake Out|[of] p1b: Incineroar\n|move|p2a: Primarina|Hyper Voice|p1b: Incineroar|[spread] p1a,p1b\n|-supereffective|p1a: Charizard|1\n|-supereffective|p1b: Incineroar|1\n|-damage|p1a: Charizard|49/100\n|-damage|p1b: Incineroar|52/100\n|\n|-weather|SunnyDay|[upkeep]\n|-heal|p2a: Primarina|20/100|[from] item: Leftovers\n|upkeep\n|turn|7\n|\n|t:|1776607249\n|move|p2b: Farigiraf|Helping Hand|p2a: Primarina\n|-singleturn|p2a: Primarina|Helping Hand|[of] p2b: Farigiraf\n|move|p1a: Charizard|Protect|p1a: Charizard\n|-singleturn|p1a: Charizard|Protect\n|move|p2a: Primarina|Hyper Voice|p1a: Charizard|[spread] p1b\n|-activate|p1a: Charizard|move: Protect\n|-supereffective|p1b: Incineroar|1\n|-damage|p1b: Incineroar|4/100\n|-enditem|p1b: Incineroar|Sitrus Berry|[eat]\n|-heal|p1b: Incineroar|29/100|[from] item: Sitrus Berry\n|move|p1b: Incineroar|Parting Shot|p2a: Primarina\n|-unboost|p2a: Primarina|atk|1\n|-unboost|p2a: Primarina|spa|1\n|\n|t:|1776607264\n|switch|p1b: Sneasler|Sneasler, L50, M|33/100|[from] Parting Shot\n|\n|-weather|none\n|-heal|p2a: Primarina|26/100|[from] item: Leftovers\n|upkeep\n|turn|8\n|\n|t:|1776607282\n|switch|p1a: Incineroar|Incineroar, L50, M|29/100\n|-ability|p1a: Incineroar|Intimidate|boost\n|-unboost|p2a: Primarina|atk|1\n|-unboost|p2b: Farigiraf|atk|1\n|move|p2b: Farigiraf|Helping Hand|p2a: Primarina\n|-singleturn|p2a: Primarina|Helping Hand|[of] p2b: Farigiraf\n|move|p2a: Primarina|Hyper Voice|p1a: Incineroar|[spread] p1a,p1b\n|-supereffective|p1a: Incineroar|1\n|-damage|p1a: Incineroar|0 fnt\n|-damage|p1b: Sneasler|0 fnt\n|faint|p1a: Incineroar\n|faint|p1b: Sneasler\n|\n|-heal|p2a: Primarina|32/100|[from] item: Leftovers\n|upkeep\n|\n|t:|1776607291\n|switch|p1b: Charizard|Charizard-Mega-Y, L50, F|49/100\n|-weather|SunnyDay|[from] ability: Drought|[of] p1b: Charizard\n|turn|9\n|\n|t:|1776607297\n|move|p1b: Charizard|Protect|p1b: Charizard\n|-singleturn|p1b: Charizard|Protect\n|move|p2b: Farigiraf|Twin Beam|p1b: Charizard\n|-activate|p1b: Charizard|move: Protect\n|move|p2a: Primarina|Hyper Voice|p1b: Charizard\n|-activate|p1b: Charizard|move: Protect\n|\n|-weather|SunnyDay|[upkeep]\n|-heal|p2a: Primarina|38/100|[from] item: Leftovers\n|-fieldend|move: Trick Room\n|upkeep\n|turn|10\n|\n|t:|1776607307\n|move|p2a: Primarina|Protect|p2a: Primarina\n|-singleturn|p2a: Primarina|Protect\n|move|p1b: Charizard|Heat Wave|p2b: Farigiraf|[spread] p2b\n|-activate|p2a: Primarina|move: Protect\n|-damage|p2b: Farigiraf|53/100\n|move|p2b: Farigiraf|Trick Room|p2b: Farigiraf\n|-fieldstart|move: Trick Room|[of] p2b: Farigiraf\n|\n|-weather|SunnyDay|[upkeep]\n|-heal|p2a: Primarina|44/100|[from] item: Leftovers\n|upkeep\n|turn|11\n|-message|rajyesh1 forfeited.\n|\n|win|JasmineThia\n|raw|rajyesh1's rating: 1236 &rarr; <strong>1218</strong><br />(-18 for losing)\n|raw|JasmineThia's rating: 1341 &rarr; <strong>1355</strong><br />(+14 for winning)\n|l|\u2606JasmineThia\n|player|p2|\n",
  "uploadtime": 1776607329,
  "views": 14,
  "formatid": "gen9championsvgc2026regma",
  "rating": 1218,
  "private": 0,
  "password": null
}