{
  "id": "gen9championsvgc2026regma-2584794779",
  "format": "[Gen 9 Champions] VGC 2026 Reg M-A",
  "players": [
    "Denndbg9601",
    "thealex610"
  ],
  "log": "|j|\u2606Denndbg9601\n|j|\u2606thealex610\n|t:|1776284181\n|gametype|doubles\n|player|p1|Denndbg9601|2|1146\n|player|p2|thealex610|101|1156\n|gen|9\n|tier|[Gen 9 Champions] VGC 2026 Reg M-A\n|rated|\n|rule|Species Clause: Limit one of each Pok\u00e9mon\n|rule|Item Clause: Limit 1 of each item\n|clearpoke\n|poke|p1|Morpeko, L50, M|\n|poke|p1|Sableye, L50, F|\n|poke|p1|Incineroar, L50, F|\n|poke|p1|Blastoise, L50, M|\n|poke|p1|Gengar, L50, M|\n|poke|p1|Kommo-o, L50, M|\n|poke|p2|Sneasler, L50, M|\n|poke|p2|Talonflame, L50, F|\n|poke|p2|Milotic, L50, F|\n|poke|p2|Aegislash, L50, F|\n|poke|p2|Scizor, L50, F|\n|poke|p2|Tyranitar, L50, F|\n|teampreview|4\n|inactive|Battle timer is ON: inactive players will automatically lose when time's up. (requested by thealex610)\n|inactive|thealex610 has 60 seconds left.\n|\n|t:|1776284224\n|teamsize|p1|4\n|teamsize|p2|4\n|start\n|switch|p1a: Morpeko|Morpeko, L50, M, shiny|100/100\n|switch|p1b: Sableye|Sableye, L50, F|100/100\n|switch|p2a: Sneasler|Sneasler, L50, M|100/100\n|switch|p2b: Milotic|Milotic, L50, F|100/100\n|turn|1\n|\n|t:|1776284248\n|switch|p1a: Gengar|Gengar, L50, M, shiny|100/100\n|move|p1b: Sableye|Fake Out|p2b: Milotic\n|-damage|p2b: Milotic|90/100\n|move|p2a: Sneasler|Close Combat|p1a: Gengar\n|-immune|p1a: Gengar\n|cant|p2b: Milotic|flinch\n|\n|upkeep\n|turn|2\n|\n|t:|1776284265\n|switch|p2a: Tyranitar|Tyranitar, L50, F|100/100\n|-weather|Sandstorm|[from] ability: Sand Stream|[of] p2a: Tyranitar\n|detailschange|p1a: Gengar|Gengar-Mega, L50, M, shiny\n|-mega|p1a: Gengar|Gengar|Gengarite\n|move|p1b: Sableye|Encore|p2a: Tyranitar\n|-hint|Since gen 7, Dark is immune to Prankster moves.\n|-immune|p2a: Tyranitar\n|move|p1a: Gengar|Perish Song|p1a: Gengar\n|-start|p1a: Gengar|perish3|[silent]\n|-start|p1b: Sableye|perish3|[silent]\n|-start|p2a: Tyranitar|perish3|[silent]\n|-start|p2b: Milotic|perish3|[silent]\n|-fieldactivate|move: Perish Song\n|move|p2b: Milotic|Scald|p1a: Gengar\n|-damage|p1a: Gengar|61/100\n|\n|-weather|Sandstorm|[upkeep]\n|-damage|p1a: Gengar|55/100|[from] Sandstorm\n|-damage|p2b: Milotic|85/100|[from] Sandstorm\n|-damage|p1b: Sableye|95/100|[from] Sandstorm\n|-start|p1a: Gengar|perish3\n|-start|p2b: Milotic|perish3\n|-start|p2a: Tyranitar|perish3\n|-start|p1b: Sableye|perish3\n|upkeep\n|turn|3\n|inactive|Denndbg9601 has 30 seconds left.\n|inactive|thealex610 has 30 seconds left.\n|\n|t:|1776284295\n|move|p1a: Gengar|Protect|p1a: Gengar\n|-singleturn|p1a: Gengar|Protect\n|move|p1b: Sableye|Disable|p2b: Milotic\n|-start|p2b: Milotic|Disable|Scald\n|move|p2b: Milotic|Icy Wind|p1a: Gengar|[spread] p1b\n|-activate|p1a: Gengar|move: Protect\n|-damage|p1b: Sableye|76/100\n|-unboost|p1b: Sableye|spe|1\n|move|p2a: Tyranitar|Rock Slide|p1b: Sableye|[spread] p1b\n|-activate|p1a: Gengar|move: Protect\n|-damage|p1b: Sableye|46/100\n|\n|-weather|Sandstorm|[upkeep]\n|-damage|p1a: Gengar|48/100|[from] Sandstorm\n|-damage|p2b: Milotic|79/100|[from] Sandstorm\n|-damage|p1b: Sableye|41/100|[from] Sandstorm\n|-start|p1a: Gengar|perish2\n|-start|p2b: Milotic|perish2\n|-start|p2a: Tyranitar|perish2\n|-start|p1b: Sableye|perish2\n|upkeep\n|turn|4\n|inactive|Denndbg9601 has 30 seconds left.\n|inactive|thealex610 has 30 seconds left.\n|inactive|Denndbg9601 has 20 seconds left.\n|\n|t:|1776284340\n|move|p2b: Milotic|Protect|p2b: Milotic\n|-singleturn|p2b: Milotic|Protect\n|move|p1b: Sableye|Disable|p2a: Tyranitar\n|-hint|Since gen 7, Dark is immune to Prankster moves.\n|-immune|p2a: Tyranitar\n|move|p1a: Gengar|Substitute|p1a: Gengar\n|-start|p1a: Gengar|Substitute\n|-damage|p1a: Gengar|23/100\n|move|p2a: Tyranitar|Knock Off|p1a: Gengar\n|-supereffective|p1a: Gengar|1\n|-end|p1a: Gengar|Substitute\n|\n|-weather|Sandstorm|[upkeep]\n|-damage|p1a: Gengar|17/100|[from] Sandstorm\n|-damage|p2b: Milotic|73/100|[from] Sandstorm\n|-damage|p1b: Sableye|35/100|[from] Sandstorm\n|-start|p1a: Gengar|perish1\n|-start|p2b: Milotic|perish1\n|-start|p2a: Tyranitar|perish1\n|-start|p1b: Sableye|perish1\n|upkeep\n|turn|5\n|\n|t:|1776284363\n|switch|p1a: Morpeko|Morpeko, L50, M, shiny|100/100\n|switch|p1b: Kommo-o|Kommo-o, L50, M|100/100\n|move|p2b: Milotic|Icy Wind|p1b: Kommo-o|[spread] p1a,p1b\n|-supereffective|p1b: Kommo-o|1\n|-damage|p1a: Morpeko|77/100\n|-damage|p1b: Kommo-o|79/100\n|-unboost|p1a: Morpeko|spe|1\n|-unboost|p1b: Kommo-o|spe|1\n|move|p2a: Tyranitar|Rock Slide|p1b: Kommo-o|[spread] p1a,p1b\n|-resisted|p1b: Kommo-o|1\n|-damage|p1a: Morpeko|10/100\n|-damage|p1b: Kommo-o|68/100\n|\n|-weather|Sandstorm|[upkeep]\n|-damage|p1a: Morpeko|4/100|[from] Sandstorm\n|-damage|p2b: Milotic|67/100|[from] Sandstorm\n|-damage|p1b: Kommo-o|62/100|[from] Sandstorm\n|-start|p2b: Milotic|perish0\n|-start|p2a: Tyranitar|perish0\n|-formechange|p1a: Morpeko|Morpeko-Hangry|\n|faint|p2b: Milotic\n|faint|p2a: Tyranitar\n|upkeep\n|\n|t:|1776284382\n|switch|p2b: Aegislash|Aegislash, L50, F|100/100\n|switch|p2a: Sneasler|Sneasler, L50, M|100/100\n|turn|6\n|inactive|Denndbg9601 has 30 seconds left.\n|\n|t:|1776284413\n|move|p1b: Kommo-o|Protect|p1b: Kommo-o\n|-singleturn|p1b: Kommo-o|Protect\n|move|p2a: Sneasler|Dire Claw|p1a: Morpeko\n|-damage|p1a: Morpeko|0 fnt\n|faint|p1a: Morpeko\n|-formechange|p2b: Aegislash|Aegislash-Blade|\n|move|p2b: Aegislash|Sacred Sword|p1b: Kommo-o\n|-activate|p1b: Kommo-o|move: Protect\n|\n|-weather|none\n|upkeep\n|\n|t:|1776284429\n|switch|p1a: Sableye|Sableye, L50, F|35/100\n|turn|7\n|\n|t:|1776284447\n|move|p2a: Sneasler|Protect|p2a: Sneasler\n|-singleturn|p2a: Sneasler|Protect\n|-formechange|p2b: Aegislash|Aegislash|\n|move|p2b: Aegislash|King's Shield|p2b: Aegislash\n|-singleturn|p2b: Aegislash|Protect\n|move|p1a: Sableye|Fake Out|p2a: Sneasler\n|-activate|p2a: Sneasler|move: Protect\n|move|p1b: Kommo-o|Draco Meteor|p2b: Aegislash\n|-activate|p2b: Aegislash|move: Protect\n|\n|upkeep\n|turn|8\n|inactive|Denndbg9601 has 30 seconds left.\n|inactive|Denndbg9601 has 20 seconds left.\n|inactive|Denndbg9601 has 15 seconds left.\n|\n|t:|1776284490\n|-formechange|p2b: Aegislash|Aegislash-Blade|\n|move|p2b: Aegislash|Shadow Sneak|p1a: Sableye\n|-damage|p1a: Sableye|14/100\n|move|p1a: Sableye|Encore|p2b: Aegislash\n|-start|p2b: Aegislash|Encore\n|move|p2a: Sneasler|Dire Claw|p1b: Kommo-o\n|-damage|p1b: Kommo-o|32/100\n|move|p1b: Kommo-o|Draco Meteor|p2a: Sneasler\n|-damage|p2a: Sneasler|40/100\n|-unboost|p1b: Kommo-o|spa|2\n|\n|upkeep\n|turn|9\n|\n|t:|1776284513\n|move|p2b: Aegislash|Shadow Sneak|p1a: Sableye\n|-damage|p1a: Sableye|0 fnt\n|faint|p1a: Sableye\n|move|p2a: Sneasler|Dire Claw|p1b: Kommo-o\n|-damage|p1b: Kommo-o|5/100\n|move|p1b: Kommo-o|Body Press|p2a: Sneasler\n|-resisted|p2a: Sneasler|1\n|-damage|p2a: Sneasler|0 fnt\n|faint|p2a: Sneasler\n|\n|upkeep\n|\n|t:|1776284525\n|switch|p1a: Gengar|Gengar-Mega, L50, M, shiny|17/100\n|turn|10\n|\n|t:|1776284538\n|move|p2b: Aegislash|Shadow Sneak|p1a: Gengar\n|-supereffective|p1a: Gengar|1\n|-damage|p1a: Gengar|0 fnt\n|faint|p1a: Gengar\n|move|p1b: Kommo-o|Draco Meteor|p2b: Aegislash\n|-resisted|p2b: Aegislash|1\n|-damage|p2b: Aegislash|82/100\n|-unboost|p1b: Kommo-o|spa|2\n|\n|-heal|p2b: Aegislash|88/100|[from] item: Leftovers\n|upkeep\n|turn|11\n|-message|Denndbg9601 forfeited.\n|\n|win|thealex610\n|raw|Denndbg9601's rating: 1146 &rarr; <strong>1122</strong><br />(-24 for losing)\n|raw|thealex610's rating: 1156 &rarr; <strong>1180</strong><br />(+24 for winning)\n|l|\u2606Denndbg9601\n|player|p1|\n",
  "uploadtime": 1776284549,
  "views": 24,
  "formatid": "gen9championsvgc2026regma",
  "rating": 1122,
  "private": 0,
  "password": null
}