{
  "id": "gen9championsvgc2026regma-2580513220",
  "format": "[Gen 9 Champions] VGC 2026 Reg M-A",
  "players": [
    "qkgy",
    "Novicebest"
  ],
  "log": "|j|\u2606qkgy\n|j|\u2606Novicebest\n|t:|1775907200\n|gametype|doubles\n|player|p1|qkgy|2|1055\n|player|p2|Novicebest|dawn|1144\n|gen|9\n|tier|[Gen 9 Champions] VGC 2026 Reg M-A\n|rated|\n|rule|Species Clause: Limit one of each Pok\u00e9mon\n|rule|Item Clause: Limit 1 of each item\n|clearpoke\n|poke|p1|Charizard, L50, F|\n|poke|p1|Incineroar, L50, F|\n|poke|p1|Garchomp, L50, F|\n|poke|p1|Whimsicott, L50, F|\n|poke|p1|Rotom-Wash, L50|\n|poke|p1|Sneasler, L50, F|\n|poke|p2|Charizard, L50, F|\n|poke|p2|Whimsicott, L50, M|\n|poke|p2|Farigiraf, L50, F|\n|poke|p2|Sneasler, L50, M|\n|poke|p2|Rotom-Wash, L50|\n|poke|p2|Incineroar, L50, F|\n|teampreview|4\n|inactive|Battle timer is ON: inactive players will automatically lose when time's up. (requested by Novicebest)\n|inactive|Novicebest has 60 seconds left.\n|\n|t:|1775907258\n|teamsize|p1|4\n|teamsize|p2|4\n|start\n|switch|p1a: Garchomp|Garchomp, L50, F|100/100\n|switch|p1b: Incineroar|Incineroar, L50, F, shiny|100/100\n|switch|p2a: Rotom|Rotom-Wash, L50|100/100\n|switch|p2b: Farigiraf|Farigiraf, L50, F|100/100\n|-ability|p1b: Incineroar|Intimidate|boost\n|-unboost|p2a: Rotom|atk|1\n|-unboost|p2b: Farigiraf|atk|1\n|turn|1\n|inactive|qkgy has 30 seconds left.\n|inactive|qkgy has 20 seconds left.\n|inactive|qkgy has 15 seconds left.\n|inactive|qkgy has 10 seconds left.\n|\n|t:|1775907303\n|switch|p2b: Incineroar|Incineroar, L50, F|100/100\n|-ability|p2b: Incineroar|Intimidate|boost\n|-unboost|p1a: Garchomp|atk|1\n|-unboost|p1b: Incineroar|atk|1\n|move|p2a: Rotom|Protect|p2a: Rotom\n|-singleturn|p2a: Rotom|Protect\n|move|p1a: Garchomp|Rock Slide|p2a: Rotom|[spread] \n|-activate|p2a: Rotom|move: Protect\n|-miss|p1a: Garchomp|p2b: Incineroar\n|move|p1b: Incineroar|Parting Shot|p2a: Rotom\n|-activate|p2a: Rotom|move: Protect\n|\n|upkeep\n|turn|2\n|inactive|qkgy has 30 seconds left.\n|inactive|qkgy has 20 seconds left.\n|\n|t:|1775907343\n|switch|p1a: Whimsicott|Whimsicott, L50, F, shiny|100/100\n|move|p2b: Incineroar|Fake Out|p1b: Incineroar\n|-damage|p1b: Incineroar|93/100\n|move|p2a: Rotom|Nasty Plot|p2a: Rotom\n|-boost|p2a: Rotom|spa|2\n|cant|p1b: Incineroar|flinch\n|\n|upkeep\n|turn|3\n|inactive|qkgy has 30 seconds left.\n|inactive|qkgy has 20 seconds left.\n|inactive|qkgy has 15 seconds left.\n|inactive|qkgy has 10 seconds left.\n|\n|t:|1775907388\n|switch|p2b: Farigiraf|Farigiraf, L50, F|100/100\n|move|p1a: Whimsicott|Encore||[still]\n|cant|p2b: Farigiraf|ability: Armor Tail|Encore|[of] p1a: Whimsicott\n|move|p2a: Rotom|Hydro Pump|p1b: Incineroar|[miss]\n|-miss|p2a: Rotom|p1b: Incineroar\n|move|p1b: Incineroar|Parting Shot|p2a: Rotom\n|-unboost|p2a: Rotom|atk|1\n|-unboost|p2a: Rotom|spa|1\n|\n|t:|1775907404\n|switch|p1b: Garchomp|Garchomp, L50, F|100/100|[from] Parting Shot\n|\n|upkeep\n|turn|4\n|\n|t:|1775907425\n|move|p1b: Garchomp|Dragon Claw|p2a: Rotom\n|-damage|p2a: Rotom|57/100\n|move|p1a: Whimsicott|Moonblast|p2a: Rotom\n|-damage|p2a: Rotom|22/100\n|move|p2a: Rotom|Nasty Plot|p2a: Rotom\n|-boost|p2a: Rotom|spa|2\n|move|p2b: Farigiraf|Hyper Voice|p1b: Garchomp|[spread] p1a,p1b\n|-damage|p1a: Whimsicott|46/100\n|-damage|p1b: Garchomp|63/100\n|\n|-heal|p2a: Rotom|27/100|[from] item: Leftovers\n|upkeep\n|turn|5\n|\n|t:|1775907446\n|move|p2a: Rotom|Protect|p2a: Rotom\n|-singleturn|p2a: Rotom|Protect\n|move|p1b: Garchomp|Dragon Claw|p2b: Farigiraf\n|-damage|p2b: Farigiraf|52/100\n|move|p1a: Whimsicott|Moonblast|p2b: Farigiraf\n|-damage|p2b: Farigiraf|11/100\n|move|p2b: Farigiraf|Trick Room|p2b: Farigiraf\n|-fieldstart|move: Trick Room|[of] p2b: Farigiraf\n|\n|-heal|p2a: Rotom|33/100|[from] item: Leftovers\n|upkeep\n|turn|6\n|\n|t:|1775907463\n|move|p1a: Whimsicott|Encore||[still]\n|cant|p2b: Farigiraf|ability: Armor Tail|Encore|[of] p1a: Whimsicott\n|move|p2b: Farigiraf|Hyper Voice|p1b: Garchomp|[spread] p1a,p1b\n|-damage|p1a: Whimsicott|0 fnt\n|-damage|p1b: Garchomp|26/100\n|faint|p1a: Whimsicott\n|move|p2a: Rotom|Hydro Pump|p1b: Garchomp\n|-damage|p1b: Garchomp|0 fnt\n|faint|p1b: Garchomp\n|\n|-heal|p2a: Rotom|39/100|[from] item: Leftovers\n|upkeep\n|\n|t:|1775907477\n|switch|p1b: Charizard|Charizard, L50, F, shiny|100/100\n|switch|p1a: Incineroar|Incineroar, L50, F, shiny|93/100\n|-ability|p1a: Incineroar|Intimidate|boost\n|-unboost|p2a: Rotom|atk|1\n|-unboost|p2b: Farigiraf|atk|1\n|turn|7\n|\n|t:|1775907496\n|switch|p2b: Incineroar|Incineroar, L50, F|100/100\n|-ability|p2b: Incineroar|Intimidate|boost\n|-unboost|p1a: Incineroar|atk|1\n|-unboost|p1b: Charizard|atk|1\n|move|p2a: Rotom|Protect|p2a: Rotom\n|-singleturn|p2a: Rotom|Protect\n|move|p1b: Charizard|Protect|p1b: Charizard\n|-singleturn|p1b: Charizard|Protect\n|move|p1a: Incineroar|Snarl|p2a: Rotom|[spread] p2b\n|-activate|p2a: Rotom|move: Protect\n|-resisted|p2b: Incineroar|1\n|-damage|p2b: Incineroar|96/100\n|-unboost|p2b: Incineroar|spa|1\n|\n|-heal|p2a: Rotom|44/100|[from] item: Leftovers\n|upkeep\n|turn|8\n|inactive|qkgy has 30 seconds left.\n|\n|t:|1775907523\n|detailschange|p1b: Charizard|Charizard-Mega-Y, L50, F, shiny\n|-mega|p1b: Charizard|Charizard|Charizardite Y\n|-weather|SunnyDay|[from] ability: Drought|[of] p1b: Charizard\n|move|p2b: Incineroar|Fake Out|p1a: Incineroar\n|-damage|p1a: Incineroar|85/100\n|cant|p1a: Incineroar|flinch\n|move|p2a: Rotom|Thunderbolt|p1b: Charizard\n|-supereffective|p1b: Charizard|1\n|-damage|p1b: Charizard|0 fnt\n|faint|p1b: Charizard\n|\n|-weather|SunnyDay|[upkeep]\n|-heal|p2a: Rotom|50/100|[from] item: Leftovers\n|upkeep\n|turn|9\n|inactive|qkgy has 30 seconds left.\n|l|\u2606qkgy\n|inactive|qkgy disconnected and has a minute to reconnect!\n|player|p1|\n|inactive|qkgy has 20 seconds left.\n|inactive|qkgy has 15 seconds left.\n|inactive|qkgy has 10 seconds left.\n|inactive|qkgy has 5 seconds left.\n|-message|qkgy lost due to inactivity.\n|\n|win|Novicebest\n|raw|qkgy's rating: 1038 &rarr; <strong>1027</strong><br />(-11 for losing)\n|raw|Novicebest's rating: 1144 &rarr; <strong>1162</strong><br />(+18 for winning)\n",
  "uploadtime": 1775907580,
  "views": 16,
  "formatid": "gen9championsvgc2026regma",
  "rating": 1027,
  "private": 0,
  "password": null
}