{
  "id": "gen9championsvgc2026regma-2583867784",
  "format": "[Gen 9 Champions] VGC 2026 Reg M-A",
  "players": [
    "josephcaa",
    "Kagetsuchi"
  ],
  "log": "|j|\u2606josephcaa\n|j|\u2606Kagetsuchi\n|t:|1776203976\n|gametype|doubles\n|player|p1|josephcaa|101|1063\n|player|p2|Kagetsuchi|iris|1117\n|gen|9\n|tier|[Gen 9 Champions] VGC 2026 Reg M-A\n|rated|\n|rule|Species Clause: Limit one of each Pok\u00e9mon\n|rule|Item Clause: Limit 1 of each item\n|clearpoke\n|poke|p1|Sneasler, L50, M|\n|poke|p1|Sylveon, L50, F|\n|poke|p1|Blastoise, L50, M|\n|poke|p1|Aerodactyl, L50, F|\n|poke|p1|Sinistcha, L50|\n|poke|p1|Garchomp, L50, F|\n|poke|p2|Lucario, L50, M|\n|poke|p2|Dragonite, L50, M|\n|poke|p2|Hydreigon, L50, M|\n|poke|p2|Empoleon, L50, M|\n|poke|p2|Luxray, L50, M|\n|poke|p2|Whimsicott, L50, M|\n|teampreview|4\n|inactive|Battle timer is ON: inactive players will automatically lose when time's up. (requested by josephcaa)\n|\n|t:|1776204002\n|teamsize|p1|4\n|teamsize|p2|4\n|start\n|switch|p1a: Blastoise|Blastoise, L50, M|100/100\n|switch|p1b: Sneasler|Sneasler, L50, M|100/100\n|switch|p2a: Empoleon|Empoleon, L50, M|100/100\n|switch|p2b: Luxray|Luxray, L50, M|100/100\n|-ability|p2b: Luxray|Intimidate|boost\n|-unboost|p1a: Blastoise|atk|1\n|-unboost|p1b: Sneasler|atk|1\n|-enditem|p1b: Sneasler|White Herb\n|-clearnegativeboost|p1b: Sneasler|[silent]\n|turn|1\n|inactive|Kagetsuchi has 30 seconds left.\n|\n|t:|1776204033\n|switch|p2a: Whimsicott|Whimsicott, L50, M|100/100\n|detailschange|p1a: Blastoise|Blastoise-Mega, L50, M\n|-mega|p1a: Blastoise|Blastoise|Blastoisinite\n|move|p1b: Sneasler|Fake Out|p2b: Luxray\n|-damage|p2b: Luxray|80/100\n|cant|p2b: Luxray|flinch\n|move|p1a: Blastoise|Shell Smash|p1a: Blastoise\n|-unboost|p1a: Blastoise|def|1\n|-unboost|p1a: Blastoise|spd|1\n|-boost|p1a: Blastoise|atk|2\n|-boost|p1a: Blastoise|spa|2\n|-boost|p1a: Blastoise|spe|2\n|\n|upkeep\n|turn|2\n|\n|t:|1776204052\n|move|p2a: Whimsicott|Tailwind|p2a: Whimsicott\n|-sidestart|p2: Kagetsuchi|move: Tailwind\n|move|p2b: Luxray|Supercell Slam|p1a: Blastoise\n|-supereffective|p1a: Blastoise|1\n|-damage|p1a: Blastoise|0 fnt\n|faint|p1a: Blastoise\n|move|p1b: Sneasler|Dire Claw|p2a: Whimsicott\n|-supereffective|p2a: Whimsicott|2\n|-enditem|p2a: Whimsicott|Focus Sash\n|-damage|p2a: Whimsicott|1/100\n|-status|p2a: Whimsicott|par\n|\n|upkeep\n|\n|t:|1776204064\n|switch|p1a: Sylveon|Sylveon, L50, F|100/100\n|turn|3\n|\n|t:|1776204077\n|switch|p2b: Empoleon|Empoleon, L50, M|100/100\n|move|p1b: Sneasler|Protect|p1b: Sneasler\n|-singleturn|p1b: Sneasler|Protect\n|move|p2a: Whimsicott|Giga Drain|p1a: Sylveon\n|-damage|p1a: Sylveon|78/100\n|-heal|p2a: Whimsicott|16/100 par|[from] drain|[of] p1a: Sylveon\n|move|p1a: Sylveon|Hyper Voice|p2b: Empoleon|[spread] p2a,p2b\n|-resisted|p2b: Empoleon|1\n|-damage|p2a: Whimsicott|0 fnt\n|-damage|p2b: Empoleon|80/100\n|faint|p2a: Whimsicott\n|\n|upkeep\n|\n|t:|1776204085\n|switch|p2a: Luxray|Luxray, L50, M|80/100\n|-ability|p2a: Luxray|Intimidate|boost\n|-unboost|p1a: Sylveon|atk|1\n|-unboost|p1b: Sneasler|atk|1\n|turn|4\n|\n|t:|1776204099\n|move|p1a: Sylveon|Detect|p1a: Sylveon\n|-singleturn|p1a: Sylveon|Protect\n|move|p2a: Luxray|Psychic Fangs|p1b: Sneasler\n|-supereffective|p1b: Sneasler|2\n|-crit|p1b: Sneasler\n|-damage|p1b: Sneasler|0 fnt\n|faint|p1b: Sneasler\n|move|p2b: Empoleon|Flash Cannon|p1a: Sylveon\n|-activate|p1a: Sylveon|move: Protect\n|\n|upkeep\n|\n|t:|1776204107\n|switch|p1b: Sinistcha|Sinistcha, L50|100/100\n|-heal|p1a: Sylveon|100/100|[from] ability: Hospitality|[of] p1b: Sinistcha\n|turn|5\n|\n|t:|1776204115\n|switch|p2a: Lucario|Lucario, L50, M|100/100\n|move|p1a: Sylveon|Helping Hand|p1b: Sinistcha\n|-singleturn|p1b: Sinistcha|Helping Hand|[of] p1a: Sylveon\n|move|p2b: Empoleon|Flash Cannon|p1a: Sylveon\n|-supereffective|p1a: Sylveon|1\n|-damage|p1a: Sylveon|26/100\n|-unboost|p1a: Sylveon|spd|1\n|move|p1b: Sinistcha|Matcha Gotcha|p2a: Lucario|[spread] p2a,p2b\n|-resisted|p2a: Lucario|1\n|-damage|p2a: Lucario|69/100\n|-damage|p2b: Empoleon|43/100\n|\n|-sideend|p2: Kagetsuchi|move: Tailwind\n|upkeep\n|turn|6\n|\n|t:|1776204137\n|detailschange|p2a: Lucario|Lucario-Mega, L50, M\n|-mega|p2a: Lucario|Lucario|Lucarionite\n|move|p1a: Sylveon|Detect|p1a: Sylveon\n|-singleturn|p1a: Sylveon|Protect\n|move|p2a: Lucario|Bullet Punch|p1a: Sylveon\n|-activate|p1a: Sylveon|move: Protect\n|move|p1b: Sinistcha|Matcha Gotcha|p2a: Lucario|[spread] p2a,p2b\n|-resisted|p2a: Lucario|1\n|-damage|p2a: Lucario|49/100\n|-damage|p2b: Empoleon|19/100\n|move|p2b: Empoleon|Flash Cannon|p1a: Sylveon\n|-activate|p1a: Sylveon|move: Protect\n|\n|upkeep\n|turn|7\n|-activate|p2b: Empoleon|item: Quick Claw\n|\n|t:|1776204155\n|move|p1a: Sylveon|Helping Hand|p1b: Sinistcha\n|-singleturn|p1b: Sinistcha|Helping Hand|[of] p1a: Sylveon\n|move|p2a: Lucario|Bullet Punch|p1a: Sylveon\n|-supereffective|p1a: Sylveon|1\n|-damage|p1a: Sylveon|0 fnt\n|faint|p1a: Sylveon\n|move|p2b: Empoleon|Roost|p2b: Empoleon\n|-heal|p2b: Empoleon|70/100\n|-singleturn|p2b: Empoleon|move: Roost\n|move|p1b: Sinistcha|Matcha Gotcha|p2a: Lucario|[spread] p2a,p2b\n|-resisted|p2a: Lucario|1\n|-damage|p2a: Lucario|20/100\n|-damage|p2b: Empoleon|35/100\n|\n|upkeep\n|turn|8\n|\n|t:|1776204167\n|move|p2a: Lucario|Bullet Punch|p1b: Sinistcha\n|-damage|p1b: Sinistcha|68/100\n|move|p1b: Sinistcha|Matcha Gotcha|p2b: Empoleon|[spread] p2a\n|-miss|p1b: Sinistcha|p2b: Empoleon\n|-resisted|p2a: Lucario|1\n|-damage|p2a: Lucario|0 fnt\n|-heal|p1b: Sinistcha|76/100|[from] drain|[of] p2a: Lucario\n|faint|p2a: Lucario\n|move|p2b: Empoleon|Flash Cannon|p1b: Sinistcha\n|-damage|p1b: Sinistcha|43/100\n|-enditem|p1b: Sinistcha|Sitrus Berry|[eat]\n|-heal|p1b: Sinistcha|67/100|[from] item: Sitrus Berry\n|\n|upkeep\n|\n|t:|1776204179\n|switch|p2a: Luxray|Luxray, L50, M|80/100\n|-ability|p2a: Luxray|Intimidate|boost\n|-unboost|p1b: Sinistcha|atk|1\n|turn|9\n|\n|t:|1776204187\n|move|p2a: Luxray|Fire Fang|p1b: Sinistcha|[miss]\n|-miss|p2a: Luxray|p1b: Sinistcha\n|move|p1b: Sinistcha|Matcha Gotcha|p2a: Luxray|[spread] p2a,p2b\n|-damage|p2a: Luxray|48/100\n|-heal|p1b: Sinistcha|82/100|[from] drain|[of] p2a: Luxray\n|-damage|p2b: Empoleon|9/100\n|-heal|p1b: Sinistcha|96/100|[from] drain|[of] p2b: Empoleon\n|-status|p2b: Empoleon|brn\n|move|p2b: Empoleon|Roost|p2b: Empoleon\n|-heal|p2b: Empoleon|59/100 brn\n|-singleturn|p2b: Empoleon|move: Roost\n|\n|-damage|p2b: Empoleon|53/100 brn|[from] brn\n|upkeep\n|turn|10\n|-activate|p2b: Empoleon|item: Quick Claw\n|\n|t:|1776204207\n|move|p2b: Empoleon|Flash Cannon|p1b: Sinistcha\n|-damage|p1b: Sinistcha|57/100\n|move|p2a: Luxray|Fire Fang|p1b: Sinistcha\n|-supereffective|p1b: Sinistcha|1\n|-damage|p1b: Sinistcha|15/100\n|cant|p1b: Sinistcha|flinch\n|\n|-damage|p2b: Empoleon|48/100 brn|[from] brn\n|upkeep\n|turn|11\n|\n|t:|1776204216\n|move|p2a: Luxray|Fire Fang|p1b: Sinistcha\n|-supereffective|p1b: Sinistcha|1\n|-damage|p1b: Sinistcha|0 fnt\n|faint|p1b: Sinistcha\n|\n|win|Kagetsuchi\n|raw|josephcaa's rating: 1063 &rarr; <strong>1047</strong><br />(-16 for losing)\n|raw|Kagetsuchi's rating: 1117 &rarr; <strong>1138</strong><br />(+21 for winning)\n|l|\u2606josephcaa\n|player|p1|\n",
  "uploadtime": 1776204232,
  "views": 22,
  "formatid": "gen9championsvgc2026regma",
  "rating": 1047,
  "private": 0,
  "password": null
}