{
  "id": "gen9championsvgc2026regma-2582863870",
  "format": "[Gen 9 Champions] VGC 2026 Reg M-A",
  "players": [
    "marinaranha",
    "ArthurGate"
  ],
  "log": "|j|\u2606marinaranha\n|j|\u203dArthurGate\n|t:|1776120152\n|gametype|doubles\n|player|p1|marinaranha|bellelba|1059\n|player|p2|ArthurGate|veteran|1015\n|gen|9\n|tier|[Gen 9 Champions] VGC 2026 Reg M-A\n|rated|\n|rule|Species Clause: Limit one of each Pok\u00e9mon\n|rule|Item Clause: Limit 1 of each item\n|clearpoke\n|poke|p1|Kingambit, L50, M|\n|poke|p1|Oranguru, L50, F|\n|poke|p1|Slowking-Galar, L50, F|\n|poke|p1|Milotic, L50, F|\n|poke|p1|Heracross, L50, M|\n|poke|p1|Meganium, L50, M|\n|poke|p2|Kommo-o, L50, M|\n|poke|p2|Gengar, L50, M|\n|poke|p2|Sinistcha-Masterpiece, L50|\n|poke|p2|Incineroar, L50, F|\n|poke|p2|Volcarona, L50, F|\n|poke|p2|Aegislash, L50, M|\n|teampreview|4\n|inactive|Battle timer is ON: inactive players will automatically lose when time's up. (requested by ArthurGate)\n|\n|t:|1776120193\n|teamsize|p1|4\n|teamsize|p2|4\n|start\n|switch|p1a: Heracross|Heracross, L50, M|100/100\n|switch|p1b: Slowking|Slowking-Galar, L50, F|100/100\n|switch|p2a: Kommo-o|Kommo-o, L50, M|100/100\n|switch|p2b: Incineroar|Incineroar, L50, F|100/100\n|-ability|p2b: Incineroar|Intimidate|boost\n|-unboost|p1a: Heracross|atk|1\n|-unboost|p1b: Slowking|atk|1\n|turn|1\n|\n|t:|1776120209\n|switch|p1a: Kingambit|Kingambit, L50, M|100/100\n|move|p2b: Incineroar|Fake Out|p1b: Slowking\n|-damage|p1b: Slowking|90/100\n|move|p2a: Kommo-o|Clangorous Soul|p2a: Kommo-o\n|-boost|p2a: Kommo-o|atk|1\n|-boost|p2a: Kommo-o|def|1\n|-boost|p2a: Kommo-o|spa|1\n|-boost|p2a: Kommo-o|spd|1\n|-boost|p2a: Kommo-o|spe|1\n|-damage|p2a: Kommo-o|68/100\n|cant|p1b: Slowking|flinch\n|\n|upkeep\n|turn|2\n|inactive|marinaranha has 30 seconds left.\n|\n|t:|1776120243\n|move|p1a: Kingambit|Sucker Punch|p2b: Incineroar\n|-resisted|p2b: Incineroar|1\n|-damage|p2b: Incineroar|83/100\n|move|p2a: Kommo-o|Drain Punch|p1a: Kingambit\n|-supereffective|p1a: Kingambit|2\n|-damage|p1a: Kingambit|0 fnt\n|-heal|p2a: Kommo-o|100/100|[from] drain|[of] p1a: Kingambit\n|faint|p1a: Kingambit\n|move|p2b: Incineroar|Darkest Lariat|p1b: Slowking\n|-supereffective|p1b: Slowking|1\n|-damage|p1b: Slowking|33/100\n|-enditem|p1b: Slowking|Sitrus Berry|[eat]\n|-heal|p1b: Slowking|57/100|[from] item: Sitrus Berry\n|move|p1b: Slowking|Trick Room|p1b: Slowking\n|-fieldstart|move: Trick Room|[of] p1b: Slowking\n|\n|upkeep\n|\n|t:|1776120258\n|switch|p1a: Milotic|Milotic, L50, F, shiny|100/100\n|turn|3\n|inactive|ArthurGate has 30 seconds left.\n|inactive|ArthurGate has 20 seconds left.\n|\n|t:|1776120296\n|-prepare|p1b: Slowking|Chilly Reception|[premajor]\n|move|p1b: Slowking|Chilly Reception|p1b: Slowking\n|-weather|Snowscape\n|\n|t:|1776120302\n|switch|p1b: Heracross|Heracross, L50, M|100/100|[from] Chilly Reception\n|move|p1a: Milotic|Scald|p2b: Incineroar\n|-supereffective|p2b: Incineroar|1\n|-damage|p2b: Incineroar|32/100\n|-enditem|p2b: Incineroar|Sitrus Berry|[eat]\n|-heal|p2b: Incineroar|57/100|[from] item: Sitrus Berry\n|move|p2b: Incineroar|Parting Shot|p1b: Heracross\n|-unboost|p1b: Heracross|atk|1\n|-unboost|p1b: Heracross|spa|1\n|\n|t:|1776120316\n|switch|p2b: Sinistcha|Sinistcha-Masterpiece, L50|100/100|[from] Parting Shot\n|move|p2a: Kommo-o|Clangorous Soul|p2a: Kommo-o\n|-boost|p2a: Kommo-o|atk|1\n|-boost|p2a: Kommo-o|def|1\n|-boost|p2a: Kommo-o|spa|1\n|-boost|p2a: Kommo-o|spd|1\n|-boost|p2a: Kommo-o|spe|1\n|-damage|p2a: Kommo-o|68/100\n|\n|-weather|Snowscape|[upkeep]\n|upkeep\n|turn|4\n|inactive|marinaranha has 30 seconds left.\n|\n|t:|1776120351\n|detailschange|p1b: Heracross|Heracross-Mega, L50, M\n|-mega|p1b: Heracross|Heracross|Heracronite\n|move|p2b: Sinistcha|Rage Powder|p2b: Sinistcha\n|-singleturn|p2b: Sinistcha|move: Rage Powder\n|move|p1b: Heracross|Rock Blast|p2b: Sinistcha\n|-damage|p2b: Sinistcha|93/100\n|-damage|p2b: Sinistcha|86/100\n|-damage|p2b: Sinistcha|78/100\n|-damage|p2b: Sinistcha|72/100\n|-damage|p2b: Sinistcha|65/100\n|-hitcount|p2b: Sinistcha|5\n|move|p2a: Kommo-o|Boomburst|p1b: Heracross|[spread] p1a,p1b\n|-immune|p2b: Sinistcha\n|-damage|p1a: Milotic|70/100\n|-damage|p1b: Heracross|57/100\n|move|p1a: Milotic|Dragon Tail|p2b: Sinistcha\n|-damage|p2b: Sinistcha|57/100\n|drag|p2b: Incineroar|Incineroar, L50, F|57/100\n|-ability|p2b: Incineroar|Intimidate|boost\n|-unboost|p1a: Milotic|atk|1\n|-ability|p1a: Milotic|Competitive|boost\n|-boost|p1a: Milotic|spa|2\n|-unboost|p1b: Heracross|atk|1\n|\n|-weather|Snowscape|[upkeep]\n|-heal|p1a: Milotic|76/100|[from] item: Leftovers\n|upkeep\n|turn|5\n|inactive|marinaranha has 30 seconds left.\n|inactive|ArthurGate has 30 seconds left.\n|inactive|ArthurGate has 20 seconds left.\n|\n|t:|1776120388\n|move|p2b: Incineroar|Fake Out|p1a: Milotic\n|-damage|p1a: Milotic|66/100\n|move|p1b: Heracross|Rock Blast|p2a: Kommo-o\n|-resisted|p2a: Kommo-o|1\n|-damage|p2a: Kommo-o|66/100\n|-resisted|p2a: Kommo-o|1\n|-damage|p2a: Kommo-o|65/100\n|-resisted|p2a: Kommo-o|1\n|-damage|p2a: Kommo-o|64/100\n|-resisted|p2a: Kommo-o|1\n|-damage|p2a: Kommo-o|63/100\n|-resisted|p2a: Kommo-o|1\n|-damage|p2a: Kommo-o|62/100\n|-hitcount|p2a: Kommo-o|5\n|cant|p1a: Milotic|flinch\n|move|p2a: Kommo-o|Boomburst|p1b: Heracross|[spread] p2b,p1a,p1b\n|-damage|p2b: Incineroar|9/100\n|-damage|p1a: Milotic|30/100\n|-damage|p1b: Heracross|14/100\n|\n|-weather|Snowscape|[upkeep]\n|-heal|p1a: Milotic|36/100|[from] item: Leftovers\n|upkeep\n|turn|6\n|\n|t:|1776120410\n|move|p1b: Heracross|Close Combat|p2b: Incineroar\n|-supereffective|p2b: Incineroar|1\n|-damage|p2b: Incineroar|0 fnt\n|-unboost|p1b: Heracross|def|1\n|-unboost|p1b: Heracross|spd|1\n|faint|p2b: Incineroar\n|move|p1a: Milotic|Life Dew|p1a: Milotic|[spread] p1a,p1b\n|-heal|p1a: Milotic|61/100\n|-heal|p1b: Heracross|39/100\n|move|p2a: Kommo-o|Clanging Scales|p1b: Heracross|[spread] p1a,p1b\n|-damage|p1a: Milotic|24/100\n|-damage|p1b: Heracross|0 fnt\n|faint|p1b: Heracross\n|-unboost|p2a: Kommo-o|def|1\n|\n|-weather|Snowscape|[upkeep]\n|-heal|p1a: Milotic|30/100|[from] item: Leftovers\n|-fieldend|move: Trick Room\n|upkeep\n|\n|t:|1776120426\n|switch|p2b: Aegislash|Aegislash, L50, M, shiny|100/100\n|switch|p1b: Slowking|Slowking-Galar, L50, F|91/100\n|turn|7\n|\n|t:|1776120433\n|move|p1a: Milotic|Protect|p1a: Milotic\n|-singleturn|p1a: Milotic|Protect\n|move|p2a: Kommo-o|Boomburst|p1a: Milotic|[spread] p1b\n|-activate|p1a: Milotic|move: Protect\n|-immune|p2b: Aegislash\n|-damage|p1b: Slowking|58/100\n|-formechange|p2b: Aegislash|Aegislash-Blade|\n|move|p2b: Aegislash|Shadow Ball|p1b: Slowking\n|-supereffective|p1b: Slowking|1\n|-damage|p1b: Slowking|0 fnt\n|faint|p1b: Slowking\n|\n|-weather|none\n|-heal|p1a: Milotic|36/100|[from] item: Leftovers\n|upkeep\n|turn|8\n|-message|marinaranha forfeited.\n|\n|win|ArthurGate\n|raw|marinaranha's rating: 1059 &rarr; <strong>1038</strong><br />(-21 for losing)\n|raw|ArthurGate's rating: 1015 &rarr; <strong>1058</strong><br />(+43 for winning)\n|l|\u2606marinaranha\n|player|p1|\n",
  "uploadtime": 1776120450,
  "views": 17,
  "formatid": "gen9championsvgc2026regma",
  "rating": 1038,
  "private": 0,
  "password": null
}