{
  "id": "gen9championsvgc2026regma-2586607774",
  "format": "[Gen 9 Champions] VGC 2026 Reg M-A",
  "players": [
    "Beestingaa",
    "bobstoni"
  ],
  "log": "|j|\u2606Beestingaa\n|j|\u2606bobstoni\n|t:|1776446439\n|gametype|doubles\n|player|p1|Beestingaa|102|1310\n|player|p2|bobstoni|169|1331\n|gen|9\n|tier|[Gen 9 Champions] VGC 2026 Reg M-A\n|rated|\n|rule|Species Clause: Limit one of each Pok\u00e9mon\n|rule|Item Clause: Limit 1 of each item\n|clearpoke\n|poke|p1|Meganium, L50, M|\n|poke|p1|Aerodactyl, L50, F|\n|poke|p1|Typhlosion-Hisui, L50, M|\n|poke|p1|Kangaskhan, L50, F|\n|poke|p1|Tauros-Paldea-Aqua, L50, M|\n|poke|p1|Tyranitar, L50, F|\n|poke|p2|Aerodactyl, L50, F|\n|poke|p2|Basculegion, L50, M|\n|poke|p2|Sneasler, L50, M|\n|poke|p2|Floette-Eternal, L50, F|\n|poke|p2|Aegislash, L50, F|\n|poke|p2|Kingambit, L50, F|\n|teampreview|4\n|\n|t:|1776446519\n|teamsize|p1|4\n|teamsize|p2|4\n|start\n|switch|p1a: Meganium|Meganium, L50, M|100/100\n|switch|p1b: Typhlosion|Typhlosion-Hisui, L50, M|100/100\n|switch|p2a: Aerodactyl|Aerodactyl, L50, F|100/100\n|switch|p2b: Floette|Floette-Eternal, L50, F|100/100\n|-ability|p2a: Aerodactyl|Unnerve\n|turn|1\n|\n|t:|1776446531\n|detailschange|p2b: Floette|Floette-Mega, L50, F\n|-mega|p2b: Floette|Floette|Floettite\n|-ability|p2b: Floette|Fairy Aura\n|detailschange|p1a: Meganium|Meganium-Mega, L50, M\n|-mega|p1a: Meganium|Meganium|Meganiumite\n|move|p1b: Typhlosion|Overheat|p2b: Floette|[miss]\n|-miss|p1b: Typhlosion|p2b: Floette\n|move|p2a: Aerodactyl|Tailwind|p2a: Aerodactyl\n|-sidestart|p2: bobstoni|move: Tailwind\n|move|p2b: Floette|Calm Mind|p2b: Floette\n|-boost|p2b: Floette|spa|1\n|-boost|p2b: Floette|spd|1\n|move|p1a: Meganium|Weather Ball|p2b: Floette\n|-damage|p2b: Floette|72/100\n|\n|upkeep\n|turn|2\n|\n|t:|1776446552\n|move|p2a: Aerodactyl|Dual Wingbeat|p1a: Meganium\n|-supereffective|p1a: Meganium|1\n|-damage|p1a: Meganium|68/100\n|-supereffective|p1a: Meganium|1\n|-damage|p1a: Meganium|35/100\n|-hitcount|p1a: Meganium|2\n|move|p2b: Floette|Moonblast|p1b: Typhlosion\n|-resisted|p1b: Typhlosion|1\n|-damage|p1b: Typhlosion|22/100\n|move|p1b: Typhlosion|Overheat|p2b: Floette\n|-damage|p2b: Floette|30/100\n|-unboost|p1b: Typhlosion|spa|2\n|move|p1a: Meganium|Weather Ball|p2b: Floette\n|-damage|p2b: Floette|0 fnt\n|faint|p2b: Floette\n|\n|upkeep\n|\n|t:|1776446564\n|switch|p2b: Basculegion|Basculegion, L50, M|100/100\n|turn|3\n|\n|t:|1776446580\n|switch|p1b: Tauros|Tauros-Paldea-Aqua, L50, M|100/100\n|-ability|p1b: Tauros|Intimidate|boost\n|-unboost|p2a: Aerodactyl|atk|1\n|-unboost|p2b: Basculegion|atk|1\n|move|p1a: Meganium|Protect|p1a: Meganium\n|-singleturn|p1a: Meganium|Protect\n|move|p2b: Basculegion|Flip Turn|p1b: Tauros\n|-resisted|p1b: Tauros|1\n|-crit|p1b: Tauros\n|-damage|p1b: Tauros|66/100\n|\n|t:|1776446590\n|switch|p2b: Sneasler|Sneasler, L50, M|100/100|[from] Flip Turn\n|move|p2a: Aerodactyl|Dual Wingbeat|p1a: Meganium\n|-activate|p1a: Meganium|move: Protect\n|\n|upkeep\n|turn|4\n|\n|t:|1776446614\n|switch|p1a: Typhlosion|Typhlosion-Hisui, L50, M|22/100\n|move|p2b: Sneasler|Fake Out|p1a: Typhlosion\n|-immune|p1a: Typhlosion\n|move|p1b: Tauros|Aqua Jet|p2a: Aerodactyl\n|-supereffective|p2a: Aerodactyl|1\n|-damage|p2a: Aerodactyl|46/100\n|move|p2a: Aerodactyl|Dual Wingbeat|p1b: Tauros\n|-supereffective|p1b: Tauros|1\n|-damage|p1b: Tauros|38/100\n|-supereffective|p1b: Tauros|1\n|-damage|p1b: Tauros|10/100\n|-hitcount|p1b: Tauros|2\n|\n|-sideend|p2: bobstoni|move: Tailwind\n|upkeep\n|turn|5\n|\n|t:|1776446634\n|move|p2b: Sneasler|Protect|p2b: Sneasler\n|-singleturn|p2b: Sneasler|Protect\n|move|p1b: Tauros|Aqua Jet|p2a: Aerodactyl\n|-supereffective|p2a: Aerodactyl|1\n|-damage|p2a: Aerodactyl|0 fnt\n|faint|p2a: Aerodactyl\n|move|p1a: Typhlosion|Heat Wave|p2b: Sneasler\n|-activate|p2b: Sneasler|move: Protect\n|\n|upkeep\n|\n|t:|1776446640\n|switch|p2a: Basculegion|Basculegion, L50, M|100/100\n|turn|6\n|\n|t:|1776446696\n|switch|p1a: Meganium|Meganium-Mega, L50, M|35/100\n|move|p2a: Basculegion|Aqua Jet|p1a: Meganium\n|-resisted|p1a: Meganium|1\n|-damage|p1a: Meganium|25/100\n|move|p1b: Tauros|Aqua Jet|p2b: Sneasler\n|-damage|p2b: Sneasler|71/100\n|move|p2b: Sneasler|Dire Claw|p1b: Tauros\n|-damage|p1b: Tauros|0 fnt\n|faint|p1b: Tauros\n|\n|upkeep\n|\n|t:|1776446708\n|switch|p1b: Typhlosion|Typhlosion-Hisui, L50, M|22/100\n|turn|7\n|\n|t:|1776446713\n|move|p2b: Sneasler|Protect|p2b: Sneasler\n|-singleturn|p2b: Sneasler|Protect\n|move|p1a: Meganium|Protect|p1a: Meganium\n|-singleturn|p1a: Meganium|Protect\n|move|p2a: Basculegion|Aqua Jet|p1b: Typhlosion\n|-supereffective|p1b: Typhlosion|1\n|-damage|p1b: Typhlosion|0 fnt\n|faint|p1b: Typhlosion\n|\n|upkeep\n|\n|t:|1776446721\n|switch|p1b: Aerodactyl|Aerodactyl, L50, F, shiny|100/100\n|-ability|p1b: Aerodactyl|Unnerve\n|turn|8\n|\n|t:|1776446747\n|move|p2a: Basculegion|Aqua Jet|p1b: Aerodactyl\n|-supereffective|p1b: Aerodactyl|1\n|-damage|p1b: Aerodactyl|22/100\n|move|p1b: Aerodactyl|Dual Wingbeat|p2b: Sneasler\n|-supereffective|p2b: Sneasler|1\n|-damage|p2b: Sneasler|13/100\n|-supereffective|p2b: Sneasler|1\n|-damage|p2b: Sneasler|0 fnt\n|faint|p2b: Sneasler\n|-hitcount|p2: Sneasler|2\n|move|p1a: Meganium|Solar Beam||[still]\n|-prepare|p1a: Meganium|Solar Beam\n|-activate|p1a: Meganium|ability: Mega Sol\n|-anim|p1a: Meganium|Solar Beam|p2a: Basculegion\n|-supereffective|p2a: Basculegion|1\n|-damage|p2a: Basculegion|0 fnt\n|faint|p2a: Basculegion\n|\n|win|Beestingaa\n|raw|Beestingaa's rating: 1310 &rarr; <strong>1331</strong><br />(+21 for winning)\n|raw|bobstoni's rating: 1331 &rarr; <strong>1310</strong><br />(-21 for losing)\n|l|\u2606bobstoni\n|player|p2|\n",
  "uploadtime": 1776446766,
  "views": 37,
  "formatid": "gen9championsvgc2026regma",
  "rating": 1310,
  "private": 0,
  "password": null
}