{
  "id": "gen9championsvgc2026regma-2587048410",
  "format": "[Gen 9 Champions] VGC 2026 Reg M-A",
  "players": [
    "MrKwan",
    "houses6\u80e1\u841d\u535c\u4fa0"
  ],
  "log": "|j|\u2606MrKwan\n|j|\u2606houses6\u80e1\u841d\u535c\u4fa0\n|t:|1776486639\n|gametype|doubles\n|player|p1|MrKwan|2|1527\n|player|p2|houses6\u80e1\u841d\u535c\u4fa0|1|1596\n|gen|9\n|tier|[Gen 9 Champions] VGC 2026 Reg M-A\n|rated|\n|rule|Species Clause: Limit one of each Pok\u00e9mon\n|rule|Item Clause: Limit 1 of each item\n|clearpoke\n|poke|p1|Torkoal, L50, F|\n|poke|p1|Lopunny, L50, M|\n|poke|p1|Farigiraf, L50, M|\n|poke|p1|Sinistcha, L50|\n|poke|p1|Azumarill, L50, M|\n|poke|p1|Alakazam, L50, M|\n|poke|p2|Basculegion, L50, M|\n|poke|p2|Pelipper, L50, M|\n|poke|p2|Floette-Eternal, L50, F|\n|poke|p2|Incineroar, L50, F|\n|poke|p2|Sinistcha-Masterpiece, L50|\n|poke|p2|Aegislash, L50, F|\n|teampreview|4\n|inactive|Battle timer is ON: inactive players will automatically lose when time's up. (requested by MrKwan)\n|inactive|houses6\u80e1\u841d\u535c\u4fa0 has 60 seconds left.\n|\n|t:|1776486687\n|teamsize|p1|4\n|teamsize|p2|4\n|start\n|switch|p1a: Lopunny|Lopunny, L50, M|100/100\n|switch|p1b: Azumarill|Azumarill, L50, M|100/100\n|switch|p2a: Floette|Floette-Eternal, L50, F|100/100\n|switch|p2b: Incineroar|Incineroar, L50, F|100/100\n|-ability|p2b: Incineroar|Intimidate|boost\n|-unboost|p1a: Lopunny|atk|1\n|-unboost|p1b: Azumarill|atk|1\n|turn|1\n|j| GoodraSweetheart76\n|\n|t:|1776486711\n|detailschange|p1a: Lopunny|Lopunny-Mega, L50, M\n|-mega|p1a: Lopunny|Lopunny|Lopunnite\n|detailschange|p2a: Floette|Floette-Mega, L50, F\n|-mega|p2a: Floette|Floette|Floettite\n|-ability|p2a: Floette|Fairy Aura\n|move|p1a: Lopunny|Fake Out|p2a: Floette\n|-damage|p2a: Floette|89/100\n|move|p2b: Incineroar|Fake Out|p1b: Azumarill\n|-damage|p1b: Azumarill|90/100\n|cant|p2a: Floette|flinch\n|cant|p1b: Azumarill|flinch\n|\n|upkeep\n|turn|2\n|\n|t:|1776486729\n|move|p1a: Lopunny|Encore|p2b: Incineroar\n|-start|p2b: Incineroar|Encore\n|move|p2b: Incineroar|Fake Out||[still]\n|-hint|Fake Out only works on your first turn out.\n|-fail|p2b: Incineroar\n|move|p2a: Floette|Calm Mind|p2a: Floette\n|-boost|p2a: Floette|spa|1\n|-boost|p2a: Floette|spd|1\n|move|p1b: Azumarill|Play Rough|p2a: Floette\n|-damage|p2a: Floette|43/100\n|\n|upkeep\n|turn|3\n|\n|t:|1776486742\n|switch|p2b: Sinistcha|Sinistcha-Masterpiece, L50|100/100\n|-heal|p2a: Floette|68/100|[from] ability: Hospitality|[of] p2b: Sinistcha\n|move|p2a: Floette|Protect|p2a: Floette\n|-singleturn|p2a: Floette|Protect\n|move|p1a: Lopunny|Encore|p2a: Floette\n|-activate|p2a: Floette|move: Protect\n|move|p1b: Azumarill|Belly Drum|p1b: Azumarill\n|-damage|p1b: Azumarill|40/100\n|-setboost|p1b: Azumarill|atk|6|[from] move: Belly Drum\n|-enditem|p1b: Azumarill|Sitrus Berry|[eat]\n|-heal|p1b: Azumarill|65/100|[from] item: Sitrus Berry\n|\n|upkeep\n|turn|4\n|j| CrazyyBoi\n|\n|t:|1776486756\n|switch|p1a: Sinistcha|Sinistcha, L50|100/100\n|-heal|p1b: Azumarill|89/100|[from] ability: Hospitality|[of] p1a: Sinistcha\n|move|p2b: Sinistcha|Rage Powder|p2b: Sinistcha\n|-singleturn|p2b: Sinistcha|move: Rage Powder\n|move|p2a: Floette|Moonblast|p1b: Azumarill\n|-damage|p1b: Azumarill|0 fnt\n|faint|p1b: Azumarill\n|\n|upkeep\n|\n|t:|1776486765\n|switch|p1b: Lopunny|Lopunny-Mega, L50, M|100/100\n|turn|5\n|\n|t:|1776486778\n|move|p2a: Floette|Protect|p2a: Floette\n|-singleturn|p2a: Floette|Protect\n|move|p1b: Lopunny|Fake Out|p2b: Sinistcha\n|-damage|p2b: Sinistcha|83/100\n|cant|p2b: Sinistcha|flinch\n|move|p1a: Sinistcha|Trick Room|p1a: Sinistcha\n|-fieldstart|move: Trick Room|[of] p1a: Sinistcha\n|\n|upkeep\n|turn|6\n|j| shoccco\u2764\n|inactive|MrKwan has 30 seconds left.\n|inactive|houses6\u80e1\u841d\u535c\u4fa0 has 30 seconds left.\n|\n|t:|1776486804\n|switch|p1a: Torkoal|Torkoal, L50, F|100/100\n|-weather|SunnyDay|[from] ability: Drought|[of] p1a: Torkoal\n|move|p2b: Sinistcha|Rage Powder|p2b: Sinistcha\n|-singleturn|p2b: Sinistcha|move: Rage Powder\n|move|p2a: Floette|Dazzling Gleam|p1b: Lopunny|[spread] p1a,p1b\n|-resisted|p1a: Torkoal|1\n|-supereffective|p1b: Lopunny|1\n|-damage|p1a: Torkoal|58/100\n|-damage|p1b: Lopunny|0 fnt\n|faint|p1b: Lopunny\n|\n|-weather|SunnyDay|[upkeep]\n|upkeep\n|\n|t:|1776486811\n|switch|p1b: Sinistcha|Sinistcha, L50|100/100\n|-heal|p1a: Torkoal|83/100|[from] ability: Hospitality|[of] p1b: Sinistcha\n|turn|7\n|\n|t:|1776486819\n|switch|p2b: Pelipper|Pelipper, L50, M|100/100\n|-weather|RainDance|[from] ability: Drizzle|[of] p2b: Pelipper\n|move|p1a: Torkoal|Eruption|p2a: Floette|[spread] p2a,p2b\n|-resisted|p2b: Pelipper|1\n|-damage|p2a: Floette|57/100\n|-damage|p2b: Pelipper|79/100\n|move|p1b: Sinistcha|Shadow Ball|p2a: Floette\n|-damage|p2a: Floette|33/100\n|move|p2a: Floette|Dazzling Gleam|p1b: Sinistcha|[spread] p1a,p1b\n|-resisted|p1a: Torkoal|1\n|-damage|p1a: Torkoal|42/100\n|-damage|p1b: Sinistcha|16/100\n|\n|-weather|RainDance|[upkeep]\n|upkeep\n|turn|8\n|-message|MrKwan forfeited.\n|\n|win|houses6\u80e1\u841d\u535c\u4fa0\n|raw|MrKwan's rating: 1527 &rarr; <strong>1511</strong><br />(-16 for losing)\n|raw|houses6\u80e1\u841d\u535c\u4fa0's rating: 1596 &rarr; <strong>1612</strong><br />(+16 for winning)\n|l|\u2606MrKwan\n|player|p1|\n",
  "uploadtime": 1776486829,
  "views": 46,
  "formatid": "gen9championsvgc2026regma",
  "rating": 1511,
  "private": 0,
  "password": null
}