{
  "id": "gen9championsvgc2026regma-2588236443",
  "format": "[Gen 9 Champions] VGC 2026 Reg M-A",
  "players": [
    "Hosley",
    "Googsward"
  ],
  "log": "|j|\u2606Hosley\n|j|\u203dGoogsward\n|t:|1776616904\n|gametype|doubles\n|player|p1|Hosley|102|1079\n|player|p2|Googsward|1|1039\n|gen|9\n|tier|[Gen 9 Champions] VGC 2026 Reg M-A\n|rated|\n|rule|Species Clause: Limit one of each Pok\u00e9mon\n|rule|Item Clause: Limit 1 of each item\n|clearpoke\n|poke|p1|Starmie, L50|\n|poke|p1|Kommo-o, L50, F|\n|poke|p1|Sinistcha, L50|\n|poke|p1|Sylveon, L50, F|\n|poke|p1|Incineroar, L50, M|\n|poke|p1|Kingambit, L50, M|\n|poke|p2|Glimmora, L50, M|\n|poke|p2|Chimecho, L50, M, shiny|\n|poke|p2|Incineroar, L50, F|\n|poke|p2|Sinistcha, L50|\n|poke|p2|Kangaskhan, L50, F|\n|poke|p2|Farigiraf, L50, M|\n|teampreview|4\n|inactive|Battle timer is ON: inactive players will automatically lose when time's up. (requested by Hosley)\n|\n|t:|1776616982\n|teamsize|p1|4\n|teamsize|p2|4\n|start\n|switch|p1a: Incineroar|Incineroar, L50, M|100/100\n|switch|p1b: Kommo-o|Kommo-o, L50, F|100/100\n|switch|p2a: Kangaskhan|Kangaskhan, L50, F|100/100\n|switch|p2b: Chimecho|Chimecho, L50, M, shiny|100/100\n|-ability|p1a: Incineroar|Intimidate|boost\n|-fail|p2a: Kangaskhan|unboost|Attack|[from] ability: Scrappy|[of] p2a: Kangaskhan\n|-unboost|p2b: Chimecho|atk|1\n|turn|1\n|\n|t:|1776616997\n|detailschange|p2b: Chimecho|Chimecho-Mega, L50, M, shiny\n|-mega|p2b: Chimecho|Chimecho|Chimechite\n|move|p2a: Kangaskhan|Fake Out|p1a: Incineroar\n|-damage|p1a: Incineroar|79/100\n|cant|p1a: Incineroar|flinch\n|move|p1b: Kommo-o|Clangorous Soul|p1b: Kommo-o\n|-boost|p1b: Kommo-o|atk|1\n|-boost|p1b: Kommo-o|def|1\n|-boost|p1b: Kommo-o|spa|1\n|-boost|p1b: Kommo-o|spd|1\n|-boost|p1b: Kommo-o|spe|1\n|-damage|p1b: Kommo-o|68/100\n|move|p2b: Chimecho|Cosmic Power|p2b: Chimecho\n|-boost|p2b: Chimecho|def|1\n|-boost|p2b: Chimecho|spd|1\n|\n|upkeep\n|turn|2\n|\n|t:|1776617018\n|move|p1b: Kommo-o|Clanging Scales|p2a: Kangaskhan|[spread] p2a,p2b\n|-resisted|p2b: Chimecho|1\n|-damage|p2a: Kangaskhan|35/100\n|-damage|p2b: Chimecho|87/100\n|-unboost|p1b: Kommo-o|def|1\n|move|p2a: Kangaskhan|Last Resort|p1a: Incineroar\n|-damage|p1a: Incineroar|0 fnt\n|faint|p1a: Incineroar\n|move|p2b: Chimecho|Cosmic Power|p2b: Chimecho\n|-boost|p2b: Chimecho|def|1\n|-boost|p2b: Chimecho|spd|1\n|\n|upkeep\n|\n|t:|1776617029\n|switch|p1a: Kingambit|Kingambit, L50, M|100/100\n|turn|3\n|\n|t:|1776617048\n|move|p1a: Kingambit|Sucker Punch||[still]\n|-fail|p1a: Kingambit\n|move|p1b: Kommo-o|Clanging Scales|p2a: Kangaskhan|[spread] p2a,p2b\n|-resisted|p2b: Chimecho|1\n|-damage|p2a: Kangaskhan|0 fnt\n|-damage|p2b: Chimecho|76/100\n|faint|p2a: Kangaskhan\n|-unboost|p1b: Kommo-o|def|1\n|move|p2b: Chimecho|Cosmic Power|p2b: Chimecho\n|-boost|p2b: Chimecho|def|1\n|-boost|p2b: Chimecho|spd|1\n|\n|upkeep\n|\n|t:|1776617060\n|switch|p2a: Glimmora|Glimmora, L50, M|100/100\n|turn|4\n|inactive|Hosley has 30 seconds left.\n|inactive|Googsward has 30 seconds left.\n|\n|t:|1776617090\n|move|p1b: Kommo-o|Aura Sphere|p2b: Chimecho\n|-damage|p2b: Chimecho|60/100\n|move|p2a: Glimmora|Power Gem|p1a: Kingambit\n|-resisted|p1a: Kingambit|1\n|-damage|p1a: Kingambit|74/100\n|move|p1a: Kingambit|Iron Head|p2a: Glimmora\n|-supereffective|p2a: Glimmora|1\n|-enditem|p2a: Glimmora|Focus Sash\n|-damage|p2a: Glimmora|1/100\n|-activate|p2a: Glimmora|ability: Toxic Debris\n|-sidestart|p1: Hosley|move: Toxic Spikes\n|move|p2b: Chimecho|Stored Power|p1b: Kommo-o\n|-supereffective|p1b: Kommo-o|1\n|-damage|p1b: Kommo-o|0 fnt\n|faint|p1b: Kommo-o\n|\n|upkeep\n|\n|t:|1776617101\n|switch|p1b: Starmie|Starmie, L50|100/100\n|-status|p1b: Starmie|psn\n|turn|5\n|\n|t:|1776617114\n|detailschange|p1b: Starmie|Starmie-Mega, L50\n|-mega|p1b: Starmie|Starmie|Starminite\n|move|p1a: Kingambit|Sucker Punch||[still]\n|-fail|p1a: Kingambit\n|move|p1b: Starmie|Liquidation|p2b: Chimecho\n|-damage|p2b: Chimecho|35/100\n|move|p2a: Glimmora|Power Gem|p1a: Kingambit\n|-resisted|p1a: Kingambit|1\n|-damage|p1a: Kingambit|50/100\n|move|p2b: Chimecho|Recover|p2b: Chimecho\n|-heal|p2b: Chimecho|86/100\n|\n|-damage|p1b: Starmie|88/100 psn|[from] psn\n|upkeep\n|turn|6\n|\n|t:|1776617133\n|move|p1b: Starmie|Liquidation|p2b: Chimecho\n|-damage|p2b: Chimecho|64/100\n|-unboost|p2b: Chimecho|def|1\n|move|p2a: Glimmora|Power Gem|p1a: Kingambit\n|-resisted|p1a: Kingambit|1\n|-damage|p1a: Kingambit|24/100\n|move|p1a: Kingambit|Low Kick|p2a: Glimmora\n|-damage|p2a: Glimmora|0 fnt\n|-activate|p2a: Glimmora|ability: Toxic Debris\n|-sidestart|p1: Hosley|move: Toxic Spikes\n|faint|p2a: Glimmora\n|move|p2b: Chimecho|Flash Cannon|p1a: Kingambit\n|-resisted|p1a: Kingambit|1\n|-damage|p1a: Kingambit|5/100\n|\n|-damage|p1b: Starmie|76/100 psn|[from] psn\n|upkeep\n|\n|t:|1776617148\n|switch|p2a: Sinistcha|Sinistcha, L50|100/100\n|-heal|p2b: Chimecho|89/100|[from] ability: Hospitality|[of] p2a: Sinistcha\n|turn|7\n|\n|t:|1776617159\n|move|p1a: Kingambit|Sucker Punch|p2b: Chimecho\n|-supereffective|p2b: Chimecho|1\n|-damage|p2b: Chimecho|58/100\n|move|p1b: Starmie|Liquidation|p2b: Chimecho\n|-damage|p2b: Chimecho|26/100\n|-unboost|p2b: Chimecho|def|1\n|move|p2a: Sinistcha|Matcha Gotcha|p1a: Kingambit|[spread] p1a,p1b\n|-resisted|p1a: Kingambit|1\n|-crit|p1a: Kingambit\n|-supereffective|p1b: Starmie|1\n|-damage|p1a: Kingambit|0 fnt\n|-damage|p1b: Starmie|9/100 psn\n|faint|p1a: Kingambit\n|move|p2b: Chimecho|Stored Power|p1b: Starmie\n|-resisted|p1b: Starmie|1\n|-damage|p1b: Starmie|0 fnt\n|faint|p1b: Starmie\n|\n|win|Googsward\n|raw|Hosley's rating: 1079 &rarr; <strong>1055</strong><br />(-24 for losing)\n|raw|Googsward's rating: 1039 &rarr; <strong>1077</strong><br />(+38 for winning)\n",
  "uploadtime": 1776617171,
  "views": 12,
  "formatid": "gen9championsvgc2026regma",
  "rating": 1055,
  "private": 0,
  "password": null
}