{
  "id": "gen9championsvgc2026regma-2582468069",
  "format": "[Gen 9 Champions] VGC 2026 Reg M-A",
  "players": [
    "faric",
    "Ender_6826"
  ],
  "log": "|j|\u2606faric\n|j|\u2606Ender_6826\n|t:|1776093629\n|gametype|doubles\n|player|p1|faric|266|1187\n|player|p2|Ender_6826|waiter|1214\n|gen|9\n|tier|[Gen 9 Champions] VGC 2026 Reg M-A\n|rated|\n|rule|Species Clause: Limit one of each Pok\u00e9mon\n|rule|Item Clause: Limit 1 of each item\n|clearpoke\n|poke|p1|Charizard, L50, F|\n|poke|p1|Venusaur, L50, M|\n|poke|p1|Garchomp, L50, M|\n|poke|p1|Rotom-Wash, L50|\n|poke|p1|Incineroar, L50, F|\n|poke|p1|Sneasler, L50, F|\n|poke|p2|Tyranitar, L50, M|\n|poke|p2|Gardevoir, L50, F|\n|poke|p2|Gyarados, L50, F|\n|poke|p2|Excadrill, L50, M|\n|poke|p2|Sinistcha, L50|\n|poke|p2|Rotom-Heat, L50|\n|teampreview|4\nEnder_6826 has agreed to open team sheets.\n|inactive|Battle timer is ON: inactive players will automatically lose when time's up. (requested by Ender_6826)\n|inactive|Ender_6826 has 60 seconds left.\n|\n|t:|1776093678\n|teamsize|p1|4\n|teamsize|p2|4\n|start\n|switch|p1a: Incineroar|Incineroar, L50, F|100/100\n|switch|p1b: Rotom|Rotom-Wash, L50|100/100\n|switch|p2a: Excadrill|Excadrill, L50, M|100/100\n|switch|p2b: Rotom|Rotom-Heat, L50|100/100\n|-ability|p1a: Incineroar|Intimidate|boost\n|-unboost|p2a: Excadrill|atk|1\n|-unboost|p2b: Rotom|atk|1\n|turn|1\n|\n|t:|1776093698\n|switch|p2a: Tyranitar|Tyranitar, L50, M|100/100\n|-weather|Sandstorm|[from] ability: Sand Stream|[of] p2a: Tyranitar\n|move|p1a: Incineroar|Fake Out|p2a: Tyranitar\n|-resisted|p2a: Tyranitar|1\n|-damage|p2a: Tyranitar|94/100\n|move|p2b: Rotom|Volt Switch|p1a: Incineroar\n|-damage|p1a: Incineroar|68/100\n|\n|t:|1776093706\n|switch|p2b: Excadrill|Excadrill, L50, M|100/100|[from] Volt Switch\n|move|p1b: Rotom|Hydro Pump|p2b: Excadrill|[miss]\n|-miss|p1b: Rotom|p2b: Excadrill\n|\n|-weather|Sandstorm|[upkeep]\n|-damage|p1b: Rotom|95/100|[from] Sandstorm\n|-damage|p1a: Incineroar|62/100|[from] Sandstorm\n|-heal|p1b: Rotom|100/100|[from] item: Leftovers\n|upkeep\n|turn|2\n|inactive|faric has 30 seconds left.\n|\n|t:|1776093733\n|switch|p1a: Sneasler|Sneasler, L50, F|100/100\n|detailschange|p2a: Tyranitar|Tyranitar-Mega, L50, M\n|-mega|p2a: Tyranitar|Tyranitar|Tyranitarite\n|move|p2b: Excadrill|High Horsepower|p1a: Sneasler\n|-supereffective|p1a: Sneasler|1\n|-damage|p1a: Sneasler|0 fnt\n|faint|p1a: Sneasler\n|move|p2a: Tyranitar|Dragon Dance|p2a: Tyranitar\n|-boost|p2a: Tyranitar|atk|1\n|-boost|p2a: Tyranitar|spe|1\n|move|p1b: Rotom|Hydro Pump|p2a: Tyranitar\n|-supereffective|p2a: Tyranitar|1\n|-damage|p2a: Tyranitar|28/100\n|\n|-weather|Sandstorm|[upkeep]\n|-damage|p1b: Rotom|95/100|[from] Sandstorm\n|-heal|p1b: Rotom|100/100|[from] item: Leftovers\n|upkeep\n|\n|t:|1776093744\n|switch|p1a: Incineroar|Incineroar, L50, F|62/100\n|-ability|p1a: Incineroar|Intimidate|boost\n|-unboost|p2a: Tyranitar|atk|1\n|-unboost|p2b: Excadrill|atk|1\n|turn|3\n|inactive|Ender_6826 has 30 seconds left.\n|\n|t:|1776093771\n|switch|p2b: Gyarados|Gyarados, L50, F|100/100\n|-ability|p2b: Gyarados|Intimidate|boost\n|-unboost|p1a: Incineroar|atk|1\n|-unboost|p1b: Rotom|atk|1\n|move|p2a: Tyranitar|Protect|p2a: Tyranitar\n|-singleturn|p2a: Tyranitar|Protect\n|move|p1a: Incineroar|Fake Out|p2b: Gyarados\n|-damage|p2b: Gyarados|92/100\n|move|p1b: Rotom|Hydro Pump|p2b: Gyarados\n|-resisted|p2b: Gyarados|1\n|-damage|p2b: Gyarados|73/100\n|\n|-weather|Sandstorm|[upkeep]\n|-damage|p2b: Gyarados|67/100|[from] Sandstorm\n|-damage|p1b: Rotom|95/100|[from] Sandstorm\n|-damage|p1a: Incineroar|56/100|[from] Sandstorm\n|-heal|p2b: Gyarados|73/100|[from] item: Leftovers\n|-heal|p1b: Rotom|100/100|[from] item: Leftovers\n|upkeep\n|turn|4\n|\n|t:|1776093795\n|move|p2a: Tyranitar|Rock Slide|p1b: Rotom|[spread] p1a,p1b\n|-supereffective|p1a: Incineroar|1\n|-damage|p1a: Incineroar|0 fnt\n|-damage|p1b: Rotom|65/100\n|faint|p1a: Incineroar\n|move|p2b: Gyarados|Waterfall|p1b: Rotom\n|-resisted|p1b: Rotom|1\n|-damage|p1b: Rotom|48/100\n|move|p1b: Rotom|Hydro Pump|p2a: Tyranitar\n|-supereffective|p2a: Tyranitar|1\n|-damage|p2a: Tyranitar|0 fnt\n|faint|p2a: Tyranitar\n|\n|-weather|Sandstorm|[upkeep]\n|-damage|p2b: Gyarados|67/100|[from] Sandstorm\n|-damage|p1b: Rotom|43/100|[from] Sandstorm\n|-heal|p2b: Gyarados|73/100|[from] item: Leftovers\n|-heal|p1b: Rotom|48/100|[from] item: Leftovers\n|upkeep\n|\n|t:|1776093807\n|switch|p2a: Excadrill|Excadrill, L50, M|100/100\n|switch|p1a: Charizard|Charizard, L50, F|100/100\n|turn|5\n|\n|t:|1776093826\n|detailschange|p1a: Charizard|Charizard-Mega-Y, L50, F\n|-mega|p1a: Charizard|Charizard|Charizardite Y\n|-weather|SunnyDay|[from] ability: Drought|[of] p1a: Charizard\n|move|p1a: Charizard|Heat Wave|p2a: Excadrill|[spread] p2a,p2b\n|-supereffective|p2a: Excadrill|1\n|-resisted|p2b: Gyarados|1\n|-enditem|p2a: Excadrill|Focus Sash\n|-damage|p2a: Excadrill|1/100\n|-damage|p2b: Gyarados|49/100\n|move|p2a: Excadrill|Iron Head|p1b: Rotom\n|-resisted|p1b: Rotom|2\n|-damage|p1b: Rotom|37/100\n|move|p2b: Gyarados|Thunder Wave|p1a: Charizard\n|-status|p1a: Charizard|par\n|move|p1b: Rotom|Thunderbolt|p2b: Gyarados\n|-supereffective|p2b: Gyarados|2\n|-damage|p2b: Gyarados|0 fnt\n|faint|p2b: Gyarados\n|\n|-weather|SunnyDay|[upkeep]\n|-heal|p1b: Rotom|43/100|[from] item: Leftovers\n|upkeep\n|\n|t:|1776093843\n|switch|p2b: Rotom|Rotom-Heat, L50|100/100\n|turn|6\n|inactive|Ender_6826 has 30 seconds left.\n|\n|t:|1776093869\n|move|p1b: Rotom|Protect|p1b: Rotom\n|-singleturn|p1b: Rotom|Protect\n|move|p2b: Rotom|Discharge|p1a: Charizard|[spread] p1a\n|-activate|p1b: Rotom|move: Protect\n|-immune|p2a: Excadrill\n|-supereffective|p1a: Charizard|1\n|-damage|p1a: Charizard|42/100 par\n|move|p2a: Excadrill|Iron Head|p1b: Rotom\n|-activate|p1b: Rotom|move: Protect\n|move|p1a: Charizard|Heat Wave|p2b: Rotom|[spread] p2a,p2b\n|-supereffective|p2a: Excadrill|1\n|-resisted|p2b: Rotom|1\n|-damage|p2a: Excadrill|0 fnt\n|-damage|p2b: Rotom|63/100\n|faint|p2a: Excadrill\n|\n|-weather|SunnyDay|[upkeep]\n|-heal|p1b: Rotom|48/100|[from] item: Leftovers\n|upkeep\n|turn|7\n|\n|t:|1776093889\n|move|p1a: Charizard|Protect|p1a: Charizard\n|-singleturn|p1a: Charizard|Protect\n|move|p2b: Rotom|Discharge|p1b: Rotom|[spread] p1b\n|-activate|p1a: Charizard|move: Protect\n|-damage|p1b: Rotom|16/100\n|move|p1b: Rotom|Hydro Pump|p2b: Rotom\n|-supereffective|p2b: Rotom|1\n|-damage|p2b: Rotom|0 fnt\n|faint|p2b: Rotom\n|\n|win|faric\n|raw|faric's rating: 1187 &rarr; <strong>1214</strong><br />(+27 for winning)\n|raw|Ender_6826's rating: 1214 &rarr; <strong>1187</strong><br />(-27 for losing)\n|l|\u2606Ender_6826\n|player|p2|\n",
  "uploadtime": 1776093904,
  "views": 16,
  "formatid": "gen9championsvgc2026regma",
  "rating": 1187,
  "private": 0,
  "password": null
}