{
  "id": "gen9championsvgc2026regma-2584876697",
  "format": "[Gen 9 Champions] VGC 2026 Reg M-A",
  "players": [
    "Phillip Blevin",
    "nirosao da massa"
  ],
  "log": "|j|\u2606Phillip Blevin\n|j|\u2606nirosao da massa\n|t:|1776290751\n|gametype|doubles\n|player|p1|Phillip Blevin|cynthia-masters4|1042\n|player|p2|nirosao da massa|169|1091\n|gen|9\n|tier|[Gen 9 Champions] VGC 2026 Reg M-A\n|rated|\n|rule|Species Clause: Limit one of each Pok\u00e9mon\n|rule|Item Clause: Limit 1 of each item\n|clearpoke\n|poke|p1|Starmie, L50|\n|poke|p1|Sinistcha, L50|\n|poke|p1|Incineroar, L50, F|\n|poke|p1|Hydreigon, L50, M|\n|poke|p1|Pelipper, L50, F|\n|poke|p1|Lucario, L50, F|\n|poke|p2|Aerodactyl, L50, M|\n|poke|p2|Tyranitar, L50, F|\n|poke|p2|Sinistcha, L50|\n|poke|p2|Corviknight, L50, M|\n|poke|p2|Garchomp, L50, M|\n|poke|p2|Lucario, L50, F|\n|teampreview|4\n|inactive|Battle timer is ON: inactive players will automatically lose when time's up. (requested by Phillip Blevin)\nPhillip Blevin has agreed to open team sheets.\n|inactive|Phillip Blevin has 60 seconds left.\n|inactive|nirosao da massa has 60 seconds left.\n|\n|t:|1776290796\n|teamsize|p1|4\n|teamsize|p2|4\n|start\n|switch|p1a: Incineroar|Incineroar, L50, F|100/100\n|switch|p1b: Hydreigon|Hydreigon, L50, M|100/100\n|switch|p2a: Aerodactyl|Aerodactyl, L50, M|100/100\n|switch|p2b: Tyranitar|Tyranitar, L50, F|100/100\n|-ability|p2a: Aerodactyl|Unnerve\n|-weather|Sandstorm|[from] ability: Sand Stream|[of] p2b: Tyranitar\n|-ability|p1a: Incineroar|Intimidate|boost\n|-unboost|p2a: Aerodactyl|atk|1\n|-unboost|p2b: Tyranitar|atk|1\n|turn|1\n|inactive|nirosao da massa has 30 seconds left.\n|l|\u2606Phillip Blevin\n|inactive|Phillip Blevin disconnected and has a minute to reconnect!\n|player|p1|\n|j|\u2606Phillip Blevin\n|inactive|Phillip Blevin reconnected.\n|player|p1|Phillip Blevin|cynthia-masters4|\n|inactive|nirosao da massa has 20 seconds left.\n|inactive|nirosao da massa has 15 seconds left.\n|\n|t:|1776290836\n|move|p1a: Incineroar|Fake Out|p2a: Aerodactyl\n|-resisted|p2a: Aerodactyl|1\n|-damage|p2a: Aerodactyl|92/100\n|cant|p2a: Aerodactyl|flinch\n|move|p1b: Hydreigon|Draco Meteor|p2a: Aerodactyl\n|-damage|p2a: Aerodactyl|24/100\n|-unboost|p1b: Hydreigon|spa|2\n|-enditem|p1b: Hydreigon|White Herb\n|-clearnegativeboost|p1b: Hydreigon|[silent]\n|move|p2b: Tyranitar|Ice Punch|p1b: Hydreigon\n|-supereffective|p1b: Hydreigon|1\n|-damage|p1b: Hydreigon|56/100\n|\n|-weather|Sandstorm|[upkeep]\n|-damage|p1b: Hydreigon|50/100|[from] Sandstorm\n|-damage|p1a: Incineroar|95/100|[from] Sandstorm\n|upkeep\n|turn|2\n|inactive|nirosao da massa has 30 seconds left.\n|inactive|nirosao da massa has 20 seconds left.\n|inactive|nirosao da massa has 15 seconds left.\n|inactive|nirosao da massa has 10 seconds left.\n|inactive|nirosao da massa has 5 seconds left.\n|\n|t:|1776290891\n|move|p1b: Hydreigon|Protect|p1b: Hydreigon\n|-singleturn|p1b: Hydreigon|Protect\n|move|p2a: Aerodactyl|Dual Wingbeat|p1b: Hydreigon\n|-activate|p1b: Hydreigon|move: Protect\n|move|p2b: Tyranitar|Knock Off|p1b: Hydreigon\n|-activate|p1b: Hydreigon|move: Protect\n|move|p1a: Incineroar|Parting Shot|p2b: Tyranitar\n|-unboost|p2b: Tyranitar|atk|1\n|-unboost|p2b: Tyranitar|spa|1\n|\n|t:|1776290908\n|switch|p1a: Pelipper|Pelipper, L50, F|100/100|[from] Parting Shot\n|-weather|RainDance|[from] ability: Drizzle|[of] p1a: Pelipper\n|\n|-weather|RainDance|[upkeep]\n|upkeep\n|turn|3\n|\n|t:|1776290917\n|switch|p1b: Incineroar|Incineroar, L50, F|95/100\n|-ability|p1b: Incineroar|Intimidate|boost\n|-unboost|p2a: Aerodactyl|atk|1\n|-unboost|p2b: Tyranitar|atk|1\n|switch|p2b: Lucario|Lucario, L50, F|100/100\n|move|p2a: Aerodactyl|Rock Slide|p1b: Incineroar|[spread] p1a,p1b\n|-supereffective|p1a: Pelipper|1\n|-supereffective|p1b: Incineroar|1\n|-crit|p1b: Incineroar\n|-damage|p1a: Pelipper|65/100\n|-damage|p1b: Incineroar|35/100\n|move|p1a: Pelipper|Tailwind|p1a: Pelipper\n|-sidestart|p1: Phillip Blevin|move: Tailwind\n|\n|-weather|RainDance|[upkeep]\n|upkeep\n|turn|4\n|\n|t:|1776290942\n|move|p1a: Pelipper|Weather Ball|p2a: Aerodactyl\n|-supereffective|p2a: Aerodactyl|1\n|-damage|p2a: Aerodactyl|0 fnt\n|faint|p2a: Aerodactyl\n|move|p1b: Incineroar|Parting Shot|p2b: Lucario\n|-unboost|p2b: Lucario|atk|1\n|-unboost|p2b: Lucario|spa|1\n|\n|t:|1776290947\n|switch|p1b: Hydreigon|Hydreigon, L50, M|50/100|[from] Parting Shot\n|move|p2b: Lucario|Aura Sphere|p1b: Hydreigon\n|-supereffective|p1b: Hydreigon|1\n|-damage|p1b: Hydreigon|0 fnt\n|faint|p1b: Hydreigon\n|\n|-weather|RainDance|[upkeep]\n|upkeep\n|inactive|nirosao da massa has 30 seconds left.\n|\n|t:|1776290979\n|switch|p2a: Tyranitar|Tyranitar, L50, F|100/100\n|switch|p1b: Starmie|Starmie, L50|100/100\n|-weather|Sandstorm|[from] ability: Sand Stream|[of] p2a: Tyranitar\n|turn|5\n|\n|t:|1776290989\n|switch|p1a: Incineroar|Incineroar, L50, F|35/100\n|-ability|p1a: Incineroar|Intimidate|boost\n|-unboost|p2a: Tyranitar|atk|1\n|-unboost|p2b: Lucario|atk|1\n|detailschange|p2a: Tyranitar|Tyranitar-Mega, L50, F\n|-mega|p2a: Tyranitar|Tyranitar|Tyranitarite\n|move|p1b: Starmie|Protect|p1b: Starmie\n|-singleturn|p1b: Starmie|Protect\n|move|p2b: Lucario|Flash Cannon|p1b: Starmie\n|-activate|p1b: Starmie|move: Protect\n|move|p2a: Tyranitar|Knock Off|p1b: Starmie\n|-activate|p1b: Starmie|move: Protect\n|\n|-weather|Sandstorm|[upkeep]\n|-damage|p1b: Starmie|95/100|[from] Sandstorm\n|-damage|p1a: Incineroar|29/100|[from] Sandstorm\n|upkeep\n|turn|6\n|inactive|nirosao da massa has 30 seconds left.\n|\n|t:|1776291021\n|detailschange|p1b: Starmie|Starmie-Mega, L50\n|-mega|p1b: Starmie|Starmie|Starminite\n|move|p1a: Incineroar|Fake Out|p2a: Tyranitar\n|-resisted|p2a: Tyranitar|1\n|-damage|p2a: Tyranitar|97/100\n|move|p2b: Lucario|Vacuum Wave|p1a: Incineroar\n|-supereffective|p1a: Incineroar|1\n|-damage|p1a: Incineroar|5/100\n|move|p1b: Starmie|Liquidation|p2b: Lucario\n|-damage|p2b: Lucario|0 fnt\n|faint|p2b: Lucario\n|cant|p2a: Tyranitar|flinch\n|\n|-weather|Sandstorm|[upkeep]\n|-damage|p1b: Starmie|89/100|[from] Sandstorm\n|-damage|p1a: Incineroar|0 fnt|[from] Sandstorm\n|faint|p1a: Incineroar\n|-sideend|p1: Phillip Blevin|move: Tailwind\n|upkeep\n|\n|t:|1776291038\n|switch|p2b: Garchomp|Garchomp, L50, M|100/100\n|switch|p1a: Pelipper|Pelipper, L50, F|65/100\n|-weather|RainDance|[from] ability: Drizzle|[of] p1a: Pelipper\n|turn|7\n|\n|t:|1776291050\n|move|p1b: Starmie|Liquidation|p2b: Garchomp\n|-damage|p2b: Garchomp|0 fnt\n|faint|p2b: Garchomp\n|move|p1a: Pelipper|Weather Ball|p2a: Tyranitar\n|-supereffective|p2a: Tyranitar|1\n|-damage|p2a: Tyranitar|1/100\n|move|p2a: Tyranitar|Knock Off|p1b: Starmie\n|-supereffective|p1b: Starmie|1\n|-damage|p1b: Starmie|12/100\n|\n|-weather|RainDance|[upkeep]\n|upkeep\n|turn|8\n|\n|t:|1776291063\n|move|p1b: Starmie|Aqua Jet|p2a: Tyranitar\n|-supereffective|p2a: Tyranitar|1\n|-damage|p2a: Tyranitar|0 fnt\n|faint|p2a: Tyranitar\n|\n|win|Phillip Blevin\n|raw|Phillip Blevin's rating: 1042 &rarr; <strong>1080</strong><br />(+38 for winning)\n|raw|nirosao da massa's rating: 1091 &rarr; <strong>1064</strong><br />(-27 for losing)\n",
  "uploadtime": 1776291063,
  "views": 23,
  "formatid": "gen9championsvgc2026regma",
  "rating": 1064,
  "private": 0,
  "password": null
}