{
  "id": "gen9championsvgc2026regma-2585907593",
  "format": "[Gen 9 Champions] VGC 2026 Reg M-A",
  "players": [
    "Marcio Lira",
    "tiredtophat"
  ],
  "log": "|j|\u2606Marcio Lira\n|j|\u2606tiredtophat\n|t:|1776380371\n|gametype|doubles\n|player|p1|Marcio Lira|bugcatcher-gen4dp|1288\n|player|p2|tiredtophat|hilbert-wonderlauncher|1292\n|gen|9\n|tier|[Gen 9 Champions] VGC 2026 Reg M-A\n|rated|\n|rule|Species Clause: Limit one of each Pok\u00e9mon\n|rule|Item Clause: Limit 1 of each item\n|clearpoke\n|poke|p1|Floette-Eternal, L50, F|\n|poke|p1|Sinistcha, L50|\n|poke|p1|Heliolisk, L50, M|\n|poke|p1|Talonflame, L50, F|\n|poke|p1|Garchomp, L50, M|\n|poke|p1|Tyranitar, L50, F|\n|poke|p2|Gardevoir, L50, F|\n|poke|p2|Zoroark-Hisui, L50, F|\n|poke|p2|Pelipper, L50, M|\n|poke|p2|Archaludon, L50, F|\n|poke|p2|Basculegion, L50, M|\n|poke|p2|Sneasler, L50, F|\n|teampreview|4\n|inactive|Battle timer is ON: inactive players will automatically lose when time's up. (requested by tiredtophat)\n|\n|t:|1776380406\n|teamsize|p1|4\n|teamsize|p2|4\n|start\n|switch|p1a: Heliolisk|Heliolisk, L50, M, shiny|100/100\n|switch|p1b: Floette|Floette-Eternal, L50, F|100/100\n|switch|p2a: Bigbeak|Pelipper, L50, M|100/100\n|switch|p2b: Sneasler|Sneasler, L50, F|100/100\n|-weather|RainDance|[from] ability: Drizzle|[of] p2a: Bigbeak\n|turn|1\n|\n|t:|1776380427\n|switch|p2a: The wall 2.0|Archaludon, L50, F|100/100\n|detailschange|p1b: Floette|Floette-Mega, L50, F\n|-mega|p1b: Floette|Floette|Floettite\n|-ability|p1b: Floette|Fairy Aura\n|move|p2b: Sneasler|Fake Out|p1b: Floette\n|-damage|p1b: Floette|82/100\n|move|p1a: Heliolisk|Ally Switch|p1a: Heliolisk\n|swap|p1a: Heliolisk|1|[from] move: Ally Switch\n|cant|p1a: Floette|flinch\n|\n|-weather|RainDance|[upkeep]\n|upkeep\n|turn|2\n|inactive|tiredtophat has 30 seconds left.\n|\n|t:|1776380459\n|switch|p1b: Sinistcha|Sinistcha, L50|100/100\n|-heal|p1a: Floette|100/100|[from] ability: Hospitality|[of] p1b: Sinistcha\n|move|p1a: Floette|Protect|p1a: Floette\n|-singleturn|p1a: Floette|Protect\n|move|p2b: Sneasler|Close Combat|p1a: Floette\n|-activate|p1a: Floette|move: Protect\n|move|p2a: The wall 2.0|Electro Shot||[still]\n|-prepare|p2a: The wall 2.0|Electro Shot\n|-boost|p2a: The wall 2.0|spa|1\n|-anim|p2a: The wall 2.0|Electro Shot|p1b: Sinistcha\n|-resisted|p1b: Sinistcha|1\n|-damage|p1b: Sinistcha|69/100\n|\n|-weather|RainDance|[upkeep]\n|upkeep\n|turn|3\n|\n|t:|1776380483\n|move|p1b: Sinistcha|Rage Powder|p1b: Sinistcha\n|-singleturn|p1b: Sinistcha|move: Rage Powder\n|move|p2b: Sneasler|Dire Claw|p1b: Sinistcha\n|-damage|p1b: Sinistcha|26/100\n|move|p1a: Floette|Moonblast|p2a: The wall 2.0\n|-damage|p2a: The wall 2.0|16/100\n|-ability|p2a: The wall 2.0|Stamina|boost\n|-boost|p2a: The wall 2.0|def|1\n|move|p2a: The wall 2.0|Flash Cannon|p1b: Sinistcha\n|-damage|p1b: Sinistcha|0 fnt\n|faint|p1b: Sinistcha\n|\n|-weather|RainDance|[upkeep]\n|-heal|p2a: The wall 2.0|22/100|[from] item: Leftovers\n|upkeep\n|inactive|Marcio Lira has 30 seconds left.\n|\n|t:|1776380515\n|switch|p1b: Heliolisk|Heliolisk, L50, M, shiny|100/100\n|turn|4\n|\n|t:|1776380530\n|switch|p1a: Tyranitar|Tyranitar, L50, F|100/100\n|-weather|Sandstorm|[from] ability: Sand Stream|[of] p1a: Tyranitar\n|move|p1b: Heliolisk|Glare|p2b: Sneasler\n|-status|p2b: Sneasler|par\n|move|p2a: The wall 2.0|Flash Cannon|p1b: Heliolisk\n|-resisted|p1b: Heliolisk|1\n|-damage|p1b: Heliolisk|57/100\n|cant|p2b: Sneasler|par\n|\n|-weather|Sandstorm|[upkeep]\n|-damage|p1b: Heliolisk|51/100|[from] Sandstorm\n|-damage|p2b: Sneasler|95/100 par|[from] Sandstorm\n|-heal|p2a: The wall 2.0|28/100|[from] item: Leftovers\n|upkeep\n|turn|5\n|\n|t:|1776380551\n|move|p1a: Tyranitar|Protect|p1a: Tyranitar\n|-singleturn|p1a: Tyranitar|Protect\n|move|p1b: Heliolisk|Shed Tail|p1b: Heliolisk\n|-start|p1b: Heliolisk|Substitute|[from] move: Shed Tail\n|-damage|p1b: Heliolisk|1/100\n|-enditem|p1b: Heliolisk|Sitrus Berry|[eat]\n|-heal|p1b: Heliolisk|26/100|[from] item: Sitrus Berry\n|\n|t:|1776380558\n|switch|p1b: Floette|Floette-Mega, L50, F|100/100|[from] Shed Tail\n|-ability|p1b: Floette|Fairy Aura\n|move|p2a: The wall 2.0|Aura Sphere|p1a: Tyranitar\n|-activate|p1a: Tyranitar|move: Protect\n|move|p2b: Sneasler|U-turn|p1a: Tyranitar\n|-activate|p1a: Tyranitar|move: Protect\n|\n|-weather|Sandstorm|[upkeep]\n|-damage|p1b: Floette|95/100|[from] Sandstorm\n|-damage|p2b: Sneasler|89/100 par|[from] Sandstorm\n|-heal|p2a: The wall 2.0|33/100|[from] item: Leftovers\n|upkeep\n|turn|6\n|inactive|Marcio Lira has 30 seconds left.\n|\n|t:|1776380590\n|move|p1b: Floette|Dazzling Gleam|p2a: The wall 2.0|[spread] p2a,p2b\n|-damage|p2a: The wall 2.0|0 fnt\n|-damage|p2b: Sneasler|28/100 par\n|faint|p2a: The wall 2.0\n|move|p1a: Tyranitar|Rock Slide|p2b: Sneasler\n|-resisted|p2b: Sneasler|1\n|-damage|p2b: Sneasler|0 fnt\n|faint|p2b: Sneasler\n|\n|-weather|Sandstorm|[upkeep]\n|-damage|p1b: Floette|89/100|[from] Sandstorm\n|upkeep\n|\n|t:|1776380603\n|switch|p2b: Ponyo|Basculegion, L50, M|100/100\n|switch|p2a: Bigbeak|Pelipper, L50, M|100/100\n|-weather|RainDance|[from] ability: Drizzle|[of] p2a: Bigbeak\n|turn|7\n|inactive|tiredtophat has 30 seconds left.\n|inactive|Marcio Lira has 30 seconds left.\n|\n|t:|1776380636\n|switch|p1a: Heliolisk|Heliolisk, L50, M, shiny|26/100\n|move|p2b: Ponyo|Last Respects|p1b: Floette\n|-end|p1b: Floette|Substitute\n|move|p1b: Floette|Calm Mind|p1b: Floette\n|-boost|p1b: Floette|spa|1\n|-boost|p1b: Floette|spd|1\n|move|p2a: Bigbeak|Weather Ball|p1a: Heliolisk\n|-heal|p1a: Heliolisk|50/100|[from] ability: Dry Skin|[of] p2a: Bigbeak\n|\n|-weather|RainDance|[upkeep]\n|-heal|p1a: Heliolisk|63/100|[from] ability: Dry Skin\n|upkeep\n|turn|8\n|inactive|tiredtophat has 30 seconds left.\n|\n|t:|1776380661\n|move|p1b: Floette|Protect|p1b: Floette\n|-singleturn|p1b: Floette|Protect\n|move|p2b: Ponyo|Wave Crash|p1a: Heliolisk\n|-heal|p1a: Heliolisk|87/100|[from] ability: Dry Skin|[of] p2b: Ponyo\n|move|p1a: Heliolisk|Glare|p2b: Ponyo\n|-status|p2b: Ponyo|par\n|move|p2a: Bigbeak|Hurricane|p1a: Heliolisk\n|-resisted|p1a: Heliolisk|1\n|-damage|p1a: Heliolisk|54/100\n|\n|-weather|RainDance|[upkeep]\n|-heal|p1a: Heliolisk|66/100|[from] ability: Dry Skin\n|upkeep\n|turn|9\n|inactive|tiredtophat has 30 seconds left.\n|inactive|tiredtophat has 20 seconds left.\n|inactive|tiredtophat has 15 seconds left.\n|\n|t:|1776380704\n|move|p2a: Bigbeak|Wide Guard|p2a: Bigbeak\n|-singleturn|p2a: Bigbeak|Wide Guard\n|move|p1a: Heliolisk|Thunderbolt|p2a: Bigbeak\n|-supereffective|p2a: Bigbeak|2\n|-damage|p2a: Bigbeak|0 fnt\n|faint|p2a: Bigbeak\n|move|p1b: Floette|Dazzling Gleam|p2b: Ponyo\n|-activate|p2b: Ponyo|move: Wide Guard\n|move|p2b: Ponyo|Wave Crash|p1b: Floette\n|-damage|p1b: Floette|0 fnt\n|faint|p1b: Floette\n|-damage|p2b: Ponyo|75/100 par|[from] Recoil\n|\n|-weather|RainDance|[upkeep]\n|-heal|p1a: Heliolisk|79/100|[from] ability: Dry Skin\n|upkeep\n|\n|t:|1776380714\n|switch|p1b: Tyranitar|Tyranitar, L50, F|100/100\n|-weather|Sandstorm|[from] ability: Sand Stream|[of] p1b: Tyranitar\n|turn|10\n|c|\u2606Marcio Lira|gg\n|\n|t:|1776380737\n|move|p2b: Ponyo|Aqua Jet|p1b: Tyranitar\n|-supereffective|p1b: Tyranitar|1\n|-damage|p1b: Tyranitar|61/100\n|move|p1a: Heliolisk|Thunderbolt|p2b: Ponyo\n|-supereffective|p2b: Ponyo|1\n|-damage|p2b: Ponyo|0 fnt\n|faint|p2b: Ponyo\n|\n|win|Marcio Lira\n|raw|Marcio Lira's rating: 1288 &rarr; <strong>1313</strong><br />(+25 for winning)\n|raw|tiredtophat's rating: 1292 &rarr; <strong>1267</strong><br />(-25 for losing)\n|l|\u2606tiredtophat\n|player|p2|\n",
  "uploadtime": 1776380755,
  "views": 49,
  "formatid": "gen9championsvgc2026regma",
  "rating": 1267,
  "private": 0,
  "password": null
}