{
  "id": "gen9championsvgc2026regma-2581162083",
  "format": "[Gen 9 Champions] VGC 2026 Reg M-A",
  "players": [
    "somebodyelseyo",
    "maxd08"
  ],
  "log": "|j|\u2606somebodyelseyo\n|j|\u2606maxd08\n|t:|1775965904\n|gametype|doubles\n|player|p1|somebodyelseyo|102|1091\n|player|p2|maxd08|waitress-gen4|1072\n|gen|9\n|tier|[Gen 9 Champions] VGC 2026 Reg M-A\n|rated|\n|rule|Species Clause: Limit one of each Pok\u00e9mon\n|rule|Item Clause: Limit 1 of each item\n|clearpoke\n|poke|p1|Crabominable, L50, M|\n|poke|p1|Pelipper, L50, M|\n|poke|p1|Farigiraf, L50, M|\n|poke|p1|Sinistcha, L50|\n|poke|p1|Sneasler, L50, F|\n|poke|p1|Houndoom, L50, M|\n|poke|p2|Meganium, L50, F|\n|poke|p2|Aegislash, L50, M|\n|poke|p2|Pelipper, L50, M|\n|poke|p2|Archaludon, L50, M|\n|poke|p2|Torkoal, L50, F|\n|poke|p2|Farigiraf, L50, M|\n|teampreview|4\n|inactive|Battle timer is ON: inactive players will automatically lose when time's up. (requested by maxd08)\n|\n|t:|1775965948\n|teamsize|p1|4\n|teamsize|p2|4\n|start\n|switch|p1a: Crabominable|Crabominable, L50, M, shiny|100/100\n|switch|p1b: Farigiraf|Farigiraf, L50, M, shiny|100/100\n|switch|p2a: Meganium|Meganium, L50, F|100/100\n|switch|p2b: Torkoal|Torkoal, L50, F, shiny|100/100\n|-weather|SunnyDay|[from] ability: Drought|[of] p2b: Torkoal\n|turn|1\n|\n|t:|1775965962\n|move|p1a: Crabominable|Protect|p1a: Crabominable\n|-singleturn|p1a: Crabominable|Protect\n|move|p2a: Meganium|Weather Ball|p1a: Crabominable\n|-activate|p1a: Crabominable|move: Protect\n|move|p2b: Torkoal|Heat Wave|p1b: Farigiraf|[spread] p1b\n|-activate|p1a: Crabominable|move: Protect\n|-damage|p1b: Farigiraf|62/100\n|move|p1b: Farigiraf|Trick Room|p1b: Farigiraf\n|-fieldstart|move: Trick Room|[of] p1b: Farigiraf\n|\n|-weather|SunnyDay|[upkeep]\n|upkeep\n|turn|2\n|\n|t:|1775965982\n|switch|p1b: Pelipper|Pelipper, L50, M, shiny|100/100\n|-weather|RainDance|[from] ability: Drizzle|[of] p1b: Pelipper\n|detailschange|p1a: Crabominable|Crabominable-Mega, L50, M, shiny\n|-mega|p1a: Crabominable|Crabominable|Crabominite\n|move|p2a: Meganium|Protect|p2a: Meganium\n|-singleturn|p2a: Meganium|Protect\n|move|p2b: Torkoal|Heat Wave|p1a: Crabominable|[spread] p1a,p1b\n|-supereffective|p1a: Crabominable|1\n|-resisted|p1b: Pelipper|1\n|-damage|p1a: Crabominable|77/100\n|-damage|p1b: Pelipper|92/100\n|move|p1a: Crabominable|Ice Hammer|p2a: Meganium\n|-activate|p2a: Meganium|move: Protect\n|\n|-weather|RainDance|[upkeep]\n|upkeep\n|turn|3\n|inactive|somebodyelseyo has 30 seconds left.\n|inactive|maxd08 has 30 seconds left.\n|\n|t:|1775966009\n|switch|p2a: Farigiraf|Farigiraf, L50, M|100/100\n|move|p2b: Torkoal|Iron Defense|p2b: Torkoal\n|-boost|p2b: Torkoal|def|2\n|move|p1a: Crabominable|Crabhammer|p2b: Torkoal\n|-supereffective|p2b: Torkoal|1\n|-damage|p2b: Torkoal|47/100\n|move|p1b: Pelipper|Hurricane|p2a: Farigiraf\n|-damage|p2a: Farigiraf|65/100\n|\n|-weather|RainDance|[upkeep]\n|upkeep\n|turn|4\n|\n|t:|1775966032\n|move|p2b: Torkoal|Body Press|p1a: Crabominable\n|-supereffective|p1a: Crabominable|1\n|-damage|p1a: Crabominable|0 fnt\n|faint|p1a: Crabominable\n|move|p2a: Farigiraf|Thunderbolt|p1b: Pelipper\n|-supereffective|p1b: Pelipper|2\n|-damage|p1b: Pelipper|0 fnt\n|faint|p1b: Pelipper\n|\n|-weather|RainDance|[upkeep]\n|upkeep\n|\n|t:|1775966038\n|switch|p1a: Sinistcha|Sinistcha, L50, shiny|100/100\n|switch|p1b: Farigiraf|Farigiraf, L50, M, shiny|62/100\n|-heal|p1b: Farigiraf|86/100|[from] ability: Hospitality|[of] p1a: Sinistcha\n|turn|5\n|inactive|maxd08 has 30 seconds left.\n|inactiveoff|Battle timer is now OFF.\n|inactive|Battle timer is ON: inactive players will automatically lose when time's up. (requested by somebodyelseyo)\n|\n|t:|1775966074\n|move|p2b: Torkoal|Heat Wave|p1b: Farigiraf|[spread] p1a,p1b\n|-supereffective|p1a: Sinistcha|1\n|-enditem|p1a: Sinistcha|Occa Berry|[eat]\n|-enditem|p1a: Sinistcha|Occa Berry|[weaken]\n|-damage|p1a: Sinistcha|83/100\n|-damage|p1b: Farigiraf|73/100\n|move|p1b: Farigiraf|Hyper Voice|p2b: Torkoal|[spread] p2a,p2b\n|-damage|p2a: Farigiraf|36/100\n|-damage|p2b: Torkoal|13/100\n|move|p2a: Farigiraf|Thunderbolt|p1a: Sinistcha\n|-resisted|p1a: Sinistcha|1\n|-damage|p1a: Sinistcha|69/100\n|move|p1a: Sinistcha|Matcha Gotcha|p2a: Farigiraf|[spread] p2a\n|-miss|p1a: Sinistcha|p2b: Torkoal\n|-damage|p2a: Farigiraf|13/100\n|-heal|p1a: Sinistcha|84/100|[from] drain|[of] p2a: Farigiraf\n|\n|-weather|RainDance|[upkeep]\n|-fieldend|move: Trick Room\n|upkeep\n|turn|6\n|\n|t:|1775966090\n|switch|p2a: Meganium|Meganium, L50, F|100/100\n|switch|p2b: Pelipper|Pelipper, L50, M, shiny|100/100\n|move|p1a: Sinistcha|Life Dew|p1a: Sinistcha|[spread] p1a,p1b\n|-heal|p1a: Sinistcha|100/100\n|-heal|p1b: Farigiraf|98/100\n|move|p1b: Farigiraf|Hyper Voice|p2b: Pelipper|[spread] p2a,p2b\n|-damage|p2a: Meganium|67/100\n|-damage|p2b: Pelipper|66/100\n|\n|-weather|none\n|upkeep\n|turn|7\n|inactive|maxd08 has 30 seconds left.\n|\n|t:|1775966117\n|detailschange|p2a: Meganium|Meganium-Mega, L50, F\n|-mega|p2a: Meganium|Meganium|Meganiumite\n|move|p2b: Pelipper|Protect|p2b: Pelipper\n|-singleturn|p2b: Pelipper|Protect\n|move|p2a: Meganium|Weather Ball|p1a: Sinistcha\n|-supereffective|p1a: Sinistcha|1\n|-damage|p1a: Sinistcha|14/100\n|move|p1a: Sinistcha|Matcha Gotcha|p2a: Meganium|[spread] p2a\n|-activate|p2b: Pelipper|move: Protect\n|-resisted|p2a: Meganium|1\n|-damage|p2a: Meganium|54/100\n|-heal|p1a: Sinistcha|20/100|[from] drain|[of] p2a: Meganium\n|move|p1b: Farigiraf|Hyper Voice|p2b: Pelipper|[spread] p2a\n|-activate|p2b: Pelipper|move: Protect\n|-damage|p2a: Meganium|27/100\n|\n|upkeep\n|turn|8\n|inactive|maxd08 has 30 seconds left.\n|-message|somebodyelseyo forfeited.\n|\n|win|maxd08\n|raw|somebodyelseyo's rating: 1091 &rarr; <strong>1066</strong><br />(-25 for losing)\n|raw|maxd08's rating: 1072 &rarr; <strong>1103</strong><br />(+31 for winning)\n|l|\u2606somebodyelseyo\n|player|p1|\n|l|\u2606maxd08\n|player|p2|\n|j|\u2606maxd08\n|player|p2|maxd08|waitress-gen4|\n",
  "uploadtime": 1775966224,
  "views": 16,
  "formatid": "gen9championsvgc2026regma",
  "rating": 1066,
  "private": 0,
  "password": null
}