{
  "id": "gen9championsvgc2026regma-2587886307",
  "format": "[Gen 9 Champions] VGC 2026 Reg M-A",
  "players": [
    "GodofSOHAI",
    "lSuis"
  ],
  "log": "|j|\u2606GodofSOHAI\n|j|\u2606lSuis\n|t:|1776574690\n|gametype|doubles\n|player|p1|GodofSOHAI|1|1209\n|player|p2|lSuis|clerk|1296\n|gen|9\n|tier|[Gen 9 Champions] VGC 2026 Reg M-A\n|rated|\n|rule|Species Clause: Limit one of each Pok\u00e9mon\n|rule|Item Clause: Limit 1 of each item\n|clearpoke\n|poke|p1|Garchomp, L50, M|\n|poke|p1|Froslass, L50, F|\n|poke|p1|Milotic, L50, F|\n|poke|p1|Aerodactyl, L50, F|\n|poke|p1|Aegislash, L50, F|\n|poke|p1|Kingambit, L50, M|\n|poke|p2|Gardevoir, L50, M, shiny|\n|poke|p2|Maushold, L50, shiny|\n|poke|p2|Basculegion, L50, M, shiny|\n|poke|p2|Garchomp, L50, M, shiny|\n|poke|p2|Kingambit, L50, F, shiny|\n|poke|p2|Talonflame, L50, M, shiny|\n|teampreview|4\n|inactive|Battle timer is ON: inactive players will automatically lose when time's up. (requested by GodofSOHAI)\nlSuis rejected open team sheets.\n|inactive|lSuis has 60 seconds left.\n|\n|t:|1776574751\n|teamsize|p1|4\n|teamsize|p2|4\n|start\n|switch|p1a: Aerodactyl|Aerodactyl, L50, F|100/100\n|switch|p1b: Aegislash|Aegislash, L50, F|100/100\n|switch|p2a: Elma|Gardevoir, L50, M, shiny|100/100\n|switch|p2b: :v|Maushold, L50, shiny|100/100\n|-ability|p1a: Aerodactyl|Unnerve\n|-ability|p2a: Elma|Unnerve|Trace|[from] ability: Trace|[of] p1a: Aerodactyl\n|-ability|p2a: Elma|Unnerve\n|turn|1\n|inactive|GodofSOHAI has 30 seconds left.\n|inactive|GodofSOHAI has 20 seconds left.\n|inactive|GodofSOHAI has 15 seconds left.\n|\n|t:|1776574793\n|switch|p2a: Gaburias|Garchomp, L50, M, shiny|100/100\n|move|p1a: Aerodactyl|Tailwind|p1a: Aerodactyl\n|-sidestart|p1: GodofSOHAI|move: Tailwind\n|move|p2b: :v|Super Fang|p1a: Aerodactyl\n|-damage|p1a: Aerodactyl|51/100\n|-formechange|p1b: Aegislash|Aegislash-Blade|\n|move|p1b: Aegislash|Close Combat|p2b: :v\n|-supereffective|p2b: :v|1\n|-enditem|p2b: :v|Focus Sash\n|-damage|p2b: :v|1/100\n|-unboost|p1b: Aegislash|def|1\n|-unboost|p1b: Aegislash|spd|1\n|\n|upkeep\n|turn|2\n|\n|t:|1776574809\n|move|p2b: :v|Protect|p2b: :v\n|-singleturn|p2b: :v|Protect\n|-formechange|p1b: Aegislash|Aegislash|\n|move|p1b: Aegislash|King's Shield|p1b: Aegislash\n|-singleturn|p1b: Aegislash|Protect\n|move|p1a: Aerodactyl|Rock Slide|p2b: :v|[spread] p2a\n|-activate|p2b: :v|move: Protect\n|-resisted|p2a: Gaburias|1\n|-damage|p2a: Gaburias|92/100\n|move|p2a: Gaburias|Dragon Claw|p1a: Aerodactyl\n|-damage|p1a: Aerodactyl|0 fnt\n|faint|p1a: Aerodactyl\n|\n|upkeep\n|\n|t:|1776574825\n|switch|p1a: Froslass|Froslass, L50, F|100/100\n|turn|3\n|\n|t:|1776574850\n|detailschange|p1a: Froslass|Froslass-Mega, L50, F\n|-mega|p1a: Froslass|Froslass|Froslassite\n|-weather|Snowscape|[from] ability: Snow Warning|[of] p1a: Froslass\n|move|p2b: :v|Follow Me|p2b: :v\n|-singleturn|p2b: :v|move: Follow Me\n|move|p1a: Froslass|Blizzard|p2b: :v|[spread] p2a,p2b\n|-supereffective|p2a: Gaburias|2\n|-damage|p2a: Gaburias|0 fnt\n|-damage|p2b: :v|0 fnt\n|faint|p2a: Gaburias\n|faint|p2b: :v\n|-formechange|p1b: Aegislash|Aegislash-Blade|\n|move|p1b: Aegislash|Poltergeist|p2: Gaburias|[notarget]\n|-fail|p1b: Aegislash\n|\n|-weather|Snowscape|[upkeep]\n|upkeep\n|\n|t:|1776574860\n|switch|p2b: Elma|Gardevoir, L50, M, shiny|100/100\n|switch|p2a: Amy|Basculegion, L50, M, shiny|100/100\n|-ability|p2b: Elma|Snow Warning|Trace|[from] ability: Trace|[of] p1a: Froslass\n|turn|4\n|inactive|GodofSOHAI has 30 seconds left.\n|inactive|GodofSOHAI has 20 seconds left.\n|\n|t:|1776574899\n|detailschange|p2b: Elma|Gardevoir-Mega, L50, M, shiny\n|-mega|p2b: Elma|Gardevoir|Gardevoirite\n|move|p2b: Elma|Protect|p2b: Elma\n|-singleturn|p2b: Elma|Protect\n|move|p2a: Amy|Protect|p2a: Amy\n|-singleturn|p2a: Amy|Protect\n|move|p1b: Aegislash|Shadow Sneak|p2a: Amy\n|-activate|p2a: Amy|move: Protect\n|move|p1a: Froslass|Shadow Ball|p2b: Elma\n|-activate|p2b: Elma|move: Protect\n|\n|-weather|Snowscape|[upkeep]\n|-sideend|p1: GodofSOHAI|move: Tailwind\n|upkeep\n|turn|5\n|inactive|GodofSOHAI has 30 seconds left.\n|\n|t:|1776574924\n|move|p1b: Aegislash|Shadow Sneak|p2a: Amy\n|-supereffective|p2a: Amy|1\n|-damage|p2a: Amy|34/100\n|-enditem|p2a: Amy|Sitrus Berry|[eat]\n|-heal|p2a: Amy|58/100|[from] item: Sitrus Berry\n|move|p1a: Froslass|Blizzard|p2a: Amy|[spread] p2a,p2b\n|-resisted|p2a: Amy|1\n|-damage|p2a: Amy|35/100\n|-damage|p2b: Elma|64/100\n|move|p2a: Amy|Last Respects|p1a: Froslass\n|-supereffective|p1a: Froslass|1\n|-damage|p1a: Froslass|0 fnt\n|faint|p1a: Froslass\n|move|p2b: Elma|Trick Room|p2b: Elma\n|-fieldstart|move: Trick Room|[of] p2b: Elma\n|\n|-weather|Snowscape|[upkeep]\n|upkeep\n|\n|t:|1776574940\n|switch|p1a: Milotic|Milotic, L50, F|100/100\n|turn|6\n|\n|t:|1776574955\n|-formechange|p1b: Aegislash|Aegislash|\n|move|p1b: Aegislash|King's Shield|p1b: Aegislash\n|-singleturn|p1b: Aegislash|Protect\n|move|p2a: Amy|Protect|p2a: Amy\n|-singleturn|p2a: Amy|Protect\n|move|p2b: Elma|Protect|p2b: Elma\n|-singleturn|p2b: Elma|Protect\n|move|p1a: Milotic|Coil|p1a: Milotic\n|-boost|p1a: Milotic|atk|1\n|-boost|p1a: Milotic|def|1\n|-boost|p1a: Milotic|accuracy|1\n|\n|-weather|Snowscape|[upkeep]\n|upkeep\n|turn|7\n|\n|t:|1776574975\n|-formechange|p1b: Aegislash|Aegislash-Blade|\n|move|p1b: Aegislash|Shadow Sneak|p2a: Amy\n|-supereffective|p2a: Amy|1\n|-damage|p2a: Amy|0 fnt\n|faint|p2a: Amy\n|move|p1a: Milotic|Coil|p1a: Milotic\n|-boost|p1a: Milotic|atk|1\n|-boost|p1a: Milotic|def|1\n|-boost|p1a: Milotic|accuracy|1\n|move|p2b: Elma|Hyper Voice|p1a: Milotic|[spread] p1a,p1b\n|-resisted|p1b: Aegislash|1\n|-damage|p1a: Milotic|63/100\n|-damage|p1b: Aegislash|32/100\n|\n|-weather|none\n|-heal|p1a: Milotic|69/100|[from] item: Leftovers\n|upkeep\n|turn|8\n|\n|t:|1776575000\n|move|p2b: Elma|Protect|p2b: Elma\n|-singleturn|p2b: Elma|Protect\n|move|p1b: Aegislash|Poltergeist|p2b: Elma\n|-activate|p2b: Elma|move: Protect\n|move|p1a: Milotic|Hypnosis|p2b: Elma\n|-activate|p2b: Elma|move: Protect\n|\n|-heal|p1a: Milotic|75/100|[from] item: Leftovers\n|upkeep\n|turn|9\n|\n|t:|1776575016\n|move|p1b: Aegislash|Poltergeist|p2b: Elma\n|-activate|p2b: Elma|move: Poltergeist|Gardevoirite\n|-supereffective|p2b: Elma|1\n|-damage|p2b: Elma|0 fnt\n|faint|p2b: Elma\n|\n|win|GodofSOHAI\n|raw|GodofSOHAI's rating: 1209 &rarr; <strong>1240</strong><br />(+31 for winning)\n|raw|lSuis's rating: 1296 &rarr; <strong>1265</strong><br />(-31 for losing)\n|l|\u2606lSuis\n|player|p2|\n",
  "uploadtime": 1776575188,
  "views": 23,
  "formatid": "gen9championsvgc2026regma",
  "rating": 1240,
  "private": 0,
  "password": null
}