{
  "id": "gen9championsvgc2026regma-2588328808",
  "format": "[Gen 9 Champions] VGC 2026 Reg M-A",
  "players": [
    "justluke7750",
    "bleebobloop"
  ],
  "log": "|j|\u2606justluke7750\n|j|\u2606bleebobloop\n|t:|1776624531\n|gametype|doubles\n|player|p1|justluke7750|2|1185\n|player|p2|bleebobloop|bruno|1218\n|gen|9\n|tier|[Gen 9 Champions] VGC 2026 Reg M-A\n|rated|\n|rule|Species Clause: Limit one of each Pok\u00e9mon\n|rule|Item Clause: Limit 1 of each item\n|clearpoke\n|poke|p1|Charizard, L50, M|\n|poke|p1|Whimsicott, L50, F|\n|poke|p1|Farigiraf, L50, M|\n|poke|p1|Sneasler, L50, F|\n|poke|p1|Garchomp, L50, M|\n|poke|p1|Kingambit, L50, M|\n|poke|p2|Delphox, L50, F|\n|poke|p2|Torkoal, L50, F|\n|poke|p2|Orthworm, L50, F|\n|poke|p2|Garchomp, L50, M|\n|poke|p2|Sinistcha, L50|\n|poke|p2|Meganium, L50, F|\n|teampreview|4\njustluke7750 has agreed to open team sheets.\n|inactive|Battle timer is ON: inactive players will automatically lose when time's up. (requested by justluke7750)\nbleebobloop has agreed to open team sheets.\n|showteam|p1|Charizard||CharizarditeY|Blaze|Overheat,HeatWave,SolarBeam,Protect|||M|||50|]Whimsicott||FocusSash|Prankster|Tailwind,Moonblast,Encore,Protect|||F|||50|]Farigiraf||SitrusBerry|ArmorTail|HyperVoice,Imprison,TrickRoom,Psychic|||M|||50|]Sneasler||WhiteHerb|Unburden|FakeOut,DireClaw,CloseCombat,Protect|||F|||50|]Garchomp||ChoiceScarf|SandVeil|Earthquake,StompingTantrum,DragonClaw,RockSlide|||M|||50|]Kingambit||BlackGlasses|Defiant|KowtowCleave,SuckerPunch,SwordsDance,Protect|||M|||50|\n|showteam|p2|Delphox||Delphoxite|Blaze|Encore,HeatWave,Psyshock,Protect|||F|||50|]Torkoal||ShucaBerry|Drought|WillOWisp,EarthPower,Flamethrower,SolarBeam|||F|||50|]Orthworm||Leftovers|EarthEater|BodyPress,IronTail,Coil,HelpingHand|||F|||50|]Garchomp||ChoiceScarf|RoughSkin|Earthquake,PoisonJab,DragonClaw,RockSlide|||M|||50|]Sinistcha||KasibBerry|Hospitality|TrickRoom,MatchaGotcha,ShadowBall,StunSpore||||||50|]Meganium||Meganiumite|Overgrow|SolarBeam,DazzlingGleam,WeatherBall,Protect|||F|||50|\n|inactive|justluke7750 has 60 seconds left.\n|inactive|bleebobloop has 60 seconds left.\n|\n|t:|1776624579\n|teamsize|p1|4\n|teamsize|p2|4\n|start\n|switch|p1a: Charizard|Charizard, L50, M|100/100\n|switch|p1b: Whimsicott|Whimsicott, L50, F|100/100\n|switch|p2a: Delphox|Delphox, L50, F|100/100\n|switch|p2b: Garchomp|Garchomp, L50, M|100/100\n|turn|1\n|\n|t:|1776624593\n|detailschange|p2a: Delphox|Delphox-Mega, L50, F\n|-mega|p2a: Delphox|Delphox|Delphoxite\n|detailschange|p1a: Charizard|Charizard-Mega-Y, L50, M\n|-mega|p1a: Charizard|Charizard|Charizardite Y\n|-weather|SunnyDay|[from] ability: Drought|[of] p1a: Charizard\n|move|p1a: Charizard|Protect|p1a: Charizard\n|-singleturn|p1a: Charizard|Protect\n|move|p1b: Whimsicott|Tailwind|p1b: Whimsicott\n|-sidestart|p1: justluke7750|move: Tailwind\n|move|p2b: Garchomp|Rock Slide|p1a: Charizard|[spread] p1b\n|-activate|p1a: Charizard|move: Protect\n|-damage|p1b: Whimsicott|78/100\n|move|p2a: Delphox|Heat Wave|p1b: Whimsicott|[spread] p1b\n|-activate|p1a: Charizard|move: Protect\n|-supereffective|p1b: Whimsicott|1\n|-damage|p1b: Whimsicott|0 fnt\n|faint|p1b: Whimsicott\n|\n|-weather|SunnyDay|[upkeep]\n|upkeep\n|\n|t:|1776624613\n|switch|p1b: Garchomp|Garchomp, L50, M|100/100\n|turn|2\n|inactive|bleebobloop has 30 seconds left.\n|inactive|bleebobloop has 20 seconds left.\n|\n|t:|1776624653\n|move|p2a: Delphox|Protect|p2a: Delphox\n|-singleturn|p2a: Delphox|Protect\n|move|p1b: Garchomp|Rock Slide|p2a: Delphox|[spread] p2b\n|-activate|p2a: Delphox|move: Protect\n|-resisted|p2b: Garchomp|1\n|-damage|p2b: Garchomp|91/100\n|move|p1a: Charizard|Overheat|p2b: Garchomp\n|-resisted|p2b: Garchomp|1\n|-damage|p2b: Garchomp|20/100\n|-unboost|p1a: Charizard|spa|2\n|move|p2b: Garchomp|Rock Slide|p1b: Garchomp|[spread] p1a,p1b\n|-supereffective|p1a: Charizard|2\n|-resisted|p1b: Garchomp|1\n|-damage|p1a: Charizard|0 fnt\n|-damage|p1b: Garchomp|89/100\n|faint|p1a: Charizard\n|\n|-weather|SunnyDay|[upkeep]\n|upkeep\n|\n|t:|1776624669\n|switch|p1a: Sneasler|Sneasler, L50, F|100/100\n|turn|3\n|\n|t:|1776624681\n|move|p1a: Sneasler|Fake Out|p2b: Garchomp\n|-damage|p2b: Garchomp|4/100\n|-damage|p1a: Sneasler|88/100|[from] ability: Rough Skin|[of] p2b: Garchomp\n|move|p1b: Garchomp|Rock Slide|p2b: Garchomp|[spread] p2a\n|-miss|p1b: Garchomp|p2b: Garchomp\n|-supereffective|p2a: Delphox|1\n|-damage|p2a: Delphox|39/100\n|cant|p2b: Garchomp|flinch\n|move|p2a: Delphox|Heat Wave|p1b: Garchomp|[spread] p1a,p1b\n|-resisted|p1b: Garchomp|1\n|-damage|p1a: Sneasler|0 fnt\n|-damage|p1b: Garchomp|52/100\n|faint|p1a: Sneasler\n|\n|-weather|SunnyDay|[upkeep]\n|upkeep\n|turn|4\n|\n|t:|1776624700\n|switch|p2a: Orthworm|Orthworm, L50, F|100/100\n|move|p1b: Garchomp|Rock Slide|p2a: Orthworm|[spread] p2b\n|-miss|p1b: Garchomp|p2a: Orthworm\n|-resisted|p2b: Garchomp|1\n|-damage|p2b: Garchomp|0 fnt\n|faint|p2b: Garchomp\n|\n|-weather|SunnyDay|[upkeep]\n|-sideend|p1: justluke7750|move: Tailwind\n|upkeep\n|\n|t:|1776624704\n|switch|p2b: Torkoal|Torkoal, L50, F|100/100\n|turn|5\n|\n|t:|1776624712\n|move|p1b: Garchomp|Rock Slide|p2b: Torkoal|[spread] p2a\n|-miss|p1b: Garchomp|p2b: Torkoal\n|-resisted|p2a: Orthworm|1\n|-damage|p2a: Orthworm|93/100\n|move|p2a: Orthworm|Coil|p2a: Orthworm\n|-boost|p2a: Orthworm|atk|1\n|-boost|p2a: Orthworm|def|1\n|-boost|p2a: Orthworm|accuracy|1\n|move|p2b: Torkoal|Solar Beam||[still]\n|-prepare|p2b: Torkoal|Solar Beam\n|-anim|p2b: Torkoal|Solar Beam|p1b: Garchomp\n|-damage|p1b: Garchomp|16/100\n|\n|-weather|none\n|-heal|p2a: Orthworm|99/100|[from] item: Leftovers\n|upkeep\n|turn|6\n|\n|t:|1776624725\n|move|p1b: Garchomp|Rock Slide|p2b: Torkoal|[spread] p2a,p2b\n|-resisted|p2a: Orthworm|1\n|-supereffective|p2b: Torkoal|1\n|-crit|p2b: Torkoal\n|-damage|p2a: Orthworm|94/100\n|-damage|p2b: Torkoal|44/100\n|move|p2a: Orthworm|Body Press|p1b: Garchomp\n|-damage|p1b: Garchomp|0 fnt\n|faint|p1b: Garchomp\n|\n|win|bleebobloop\n|raw|justluke7750's rating: 1185 &rarr; <strong>1162</strong><br />(-23 for losing)\n|raw|bleebobloop's rating: 1218 &rarr; <strong>1241</strong><br />(+23 for winning)\n|l|\u2606bleebobloop\n|player|p2|\n",
  "uploadtime": 1776624797,
  "views": 20,
  "formatid": "gen9championsvgc2026regma",
  "rating": 1162,
  "private": 0,
  "password": null
}