{
  "id": "gen9championsvgc2026regma-2588389440",
  "format": "[Gen 9 Champions] VGC 2026 Reg M-A",
  "players": [
    "florestantan",
    "Orkestra"
  ],
  "log": "|j|\u2606florestantan\n|j|\u2606Orkestra\n|t:|1776629437\n|gametype|doubles\n|player|p1|florestantan|102|1175\n|player|p2|Orkestra|benga|1150\n|gen|9\n|tier|[Gen 9 Champions] VGC 2026 Reg M-A\n|rated|\n|rule|Species Clause: Limit one of each Pok\u00e9mon\n|rule|Item Clause: Limit 1 of each item\n|clearpoke\n|poke|p1|Meowstic, L50, M|\n|poke|p1|Conkeldurr, L50, F|\n|poke|p1|Reuniclus, L50, F|\n|poke|p1|Milotic, L50, F|\n|poke|p1|Delphox, L50, M|\n|poke|p1|Chimecho, L50, F|\n|poke|p2|Froslass, L50, F|\n|poke|p2|Chimecho, L50, F|\n|poke|p2|Talonflame, L50, F|\n|poke|p2|Kingambit, L50, F|\n|poke|p2|Milotic, L50, F|\n|poke|p2|Farigiraf, L50, F|\n|teampreview|4\n|inactive|Battle timer is ON: inactive players will automatically lose when time's up. (requested by Orkestra)\n|inactive|florestantan has 60 seconds left.\n|inactive|Orkestra has 60 seconds left.\n|\n|t:|1776629474\n|teamsize|p1|4\n|teamsize|p2|4\n|start\n|switch|p1a: Meowstic|Meowstic, L50, M|100/100\n|switch|p1b: Delphox|Delphox, L50, M|100/100\n|switch|p2a: Kingambit|Kingambit, L50, F|100/100\n|switch|p2b: Froslass|Froslass, L50, F|100/100\n|turn|1\n|\n|t:|1776629498\n|detailschange|p1b: Delphox|Delphox-Mega, L50, M\n|-mega|p1b: Delphox|Delphox|Delphoxite\n|move|p2b: Froslass|Protect|p2b: Froslass\n|-singleturn|p2b: Froslass|Protect\n|move|p2a: Kingambit|Protect|p2a: Kingambit\n|-singleturn|p2a: Kingambit|Protect\n|move|p1a: Meowstic|Gravity|p1a: Meowstic\n|-fieldstart|move: Gravity\n|move|p1b: Delphox|Hypnosis|p2b: Froslass\n|-activate|p2b: Froslass|move: Protect\n|\n|upkeep\n|turn|2\n|inactive|florestantan has 30 seconds left.\n|inactive|Orkestra has 30 seconds left.\n|inactive|Orkestra has 20 seconds left.\n|inactive|Orkestra has 15 seconds left.\n|inactive|Orkestra has 10 seconds left.\n|inactive|Orkestra has 5 seconds left.\n|\n|t:|1776629548\n|detailschange|p2b: Froslass|Froslass-Mega, L50, F\n|-mega|p2b: Froslass|Froslass|Froslassite\n|-weather|Snowscape|[from] ability: Snow Warning|[of] p2b: Froslass\n|move|p1a: Meowstic|Psychic Terrain|p1a: Meowstic\n|-fieldstart|move: Psychic Terrain\n|move|p2a: Kingambit|Sucker Punch|p1b: Delphox\n|-activate|p1b: Delphox|move: Psychic Terrain\n|move|p1b: Delphox|Focus Blast|p2a: Kingambit\n|-supereffective|p2a: Kingambit|2\n|-enditem|p2a: Kingambit|Focus Sash\n|-damage|p2a: Kingambit|1/100\n|-unboost|p2a: Kingambit|spd|1\n|-ability|p2a: Kingambit|Defiant|boost\n|-boost|p2a: Kingambit|atk|2\n|move|p2b: Froslass|Shadow Ball|p1b: Delphox\n|-supereffective|p1b: Delphox|1\n|-damage|p1b: Delphox|7/100\n|\n|-weather|Snowscape|[upkeep]\n|upkeep\n|turn|3\n|inactive|Orkestra has 30 seconds left.\n|\n|t:|1776629574\n|switch|p1a: Reuniclus|Reuniclus, L50, F|100/100\n|move|p2b: Froslass|Protect|p2b: Froslass\n|-singleturn|p2b: Froslass|Protect\n|move|p1b: Delphox|Hypnosis|p2b: Froslass\n|-activate|p2b: Froslass|move: Protect\n|move|p2a: Kingambit|Iron Head|p1b: Delphox\n|-resisted|p1b: Delphox|1\n|-damage|p1b: Delphox|0 fnt\n|faint|p1b: Delphox\n|\n|-weather|Snowscape|[upkeep]\n|upkeep\n|\n|t:|1776629586\n|switch|p1b: Conkeldurr|Conkeldurr, L50, F|100/100\n|turn|4\n|\n|t:|1776629594\n|switch|p2a: Talonflame|Talonflame, L50, F|100/100\n|move|p2b: Froslass|Blizzard|p1b: Conkeldurr|[spread] p1a,p1b\n|-damage|p1a: Reuniclus|56/100\n|-damage|p1b: Conkeldurr|46/100\n|move|p1b: Conkeldurr|Drain Punch|p2a: Talonflame\n|-resisted|p2a: Talonflame|1\n|-damage|p2a: Talonflame|67/100\n|-heal|p1b: Conkeldurr|60/100|[from] drain|[of] p2a: Talonflame\n|-heal|p1b: Conkeldurr|63/100|[from] item: Shell Bell|[of] p2a: Talonflame\n|move|p1a: Reuniclus|Trick Room|p1a: Reuniclus\n|-fieldstart|move: Trick Room|[of] p1a: Reuniclus\n|\n|-weather|Snowscape|[upkeep]\n|upkeep\n|turn|5\n|inactive|Orkestra has 30 seconds left.\n|\n|t:|1776629622\n|move|p2a: Talonflame|Protect|p2a: Talonflame\n|-singleturn|p2a: Talonflame|Protect\n|move|p2b: Froslass|Protect|p2b: Froslass\n|-singleturn|p2b: Froslass|Protect\n|move|p1a: Reuniclus|Expanding Force|p2a: Talonflame|[spread] \n|-activate|p2a: Talonflame|move: Protect\n|-activate|p2b: Froslass|move: Protect\n|move|p1b: Conkeldurr|Knock Off|p2b: Froslass\n|-activate|p2b: Froslass|move: Protect\n|\n|-weather|Snowscape|[upkeep]\n|-fieldend|move: Gravity\n|upkeep\n|turn|6\n|\n|t:|1776629643\n|switch|p2a: Kingambit|Kingambit, L50, F|1/100\n|switch|p2b: Farigiraf|Farigiraf, L50, F|100/100\n|move|p1a: Reuniclus|Expanding Force|p2a: Kingambit|[spread] p2b\n|-immune|p2a: Kingambit\n|-resisted|p2b: Farigiraf|1\n|-damage|p2b: Farigiraf|60/100\n|move|p1b: Conkeldurr|Drain Punch|p2b: Farigiraf\n|-damage|p2b: Farigiraf|19/100\n|-heal|p1b: Conkeldurr|84/100|[from] drain|[of] p2b: Farigiraf\n|-heal|p1b: Conkeldurr|88/100|[from] item: Shell Bell|[of] p2b: Farigiraf\n|\n|-weather|none\n|-fieldend|move: Psychic Terrain\n|upkeep\n|turn|7\n|inactive|florestantan has 30 seconds left.\n|\n|t:|1776629669\n|switch|p1a: Meowstic|Meowstic, L50, M|100/100\n|move|p2a: Kingambit|Protect|p2a: Kingambit\n|-singleturn|p2a: Kingambit|Protect\n|move|p1b: Conkeldurr|Knock Off|p2b: Farigiraf\n|-supereffective|p2b: Farigiraf|1\n|-enditem|p2b: Farigiraf|Colbur Berry|[eat]\n|-enditem|p2b: Farigiraf|Colbur Berry|[weaken]\n|-damage|p2b: Farigiraf|0 fnt\n|faint|p2b: Farigiraf\n|-heal|p1b: Conkeldurr|90/100|[from] item: Shell Bell|[of] p2: Farigiraf\n|\n|upkeep\n|\n|t:|1776629680\n|switch|p2b: Talonflame|Talonflame, L50, F|67/100\n|turn|8\n|\n|t:|1776629692\n|switch|p2a: Froslass|Froslass-Mega, L50, F|100/100\n|-weather|Snowscape|[from] ability: Snow Warning|[of] p2a: Froslass\n|move|p2b: Talonflame|Protect|p2b: Talonflame\n|-singleturn|p2b: Talonflame|Protect\n|move|p1a: Meowstic|Psychic Terrain|p1a: Meowstic\n|-fieldstart|move: Psychic Terrain\n|move|p1b: Conkeldurr|Knock Off|p2b: Talonflame\n|-activate|p2b: Talonflame|move: Protect\n|\n|-weather|Snowscape|[upkeep]\n|-fieldend|move: Trick Room\n|upkeep\n|turn|9\n|\n|t:|1776629711\n|move|p1a: Meowstic|Sunny Day|p1a: Meowstic\n|-weather|SunnyDay\n|move|p2a: Froslass|Blizzard|p1a: Meowstic|[spread] p1a,p1b\n|-damage|p1a: Meowstic|59/100\n|-damage|p1b: Conkeldurr|41/100\n|move|p2b: Talonflame|Overheat|p1a: Meowstic\n|-damage|p1a: Meowstic|4/100\n|-unboost|p2b: Talonflame|spa|2\n|-enditem|p2b: Talonflame|White Herb\n|-clearnegativeboost|p2b: Talonflame|[silent]\n|move|p1b: Conkeldurr|Knock Off|p2a: Froslass\n|-supereffective|p2a: Froslass|1\n|-damage|p2a: Froslass|8/100\n|-heal|p1b: Conkeldurr|49/100|[from] item: Shell Bell|[of] p2a: Froslass\n|\n|-weather|SunnyDay|[upkeep]\n|upkeep\n|turn|10\n|inactive|florestantan has 30 seconds left.\n|\n|t:|1776629737\n|move|p1a: Meowstic|Gravity|p1a: Meowstic\n|-fieldstart|move: Gravity\n|move|p2a: Froslass|Shadow Ball|p1a: Meowstic\n|-supereffective|p1a: Meowstic|1\n|-damage|p1a: Meowstic|0 fnt\n|faint|p1a: Meowstic\n|move|p2b: Talonflame|Acrobatics|p1b: Conkeldurr\n|-supereffective|p1b: Conkeldurr|1\n|-damage|p1b: Conkeldurr|0 fnt\n|faint|p1b: Conkeldurr\n|\n|-weather|SunnyDay|[upkeep]\n|upkeep\n|\n|t:|1776629748\n|switch|p1b: Reuniclus|Reuniclus, L50, F|89/100\n|turn|11\n|\n|t:|1776629756\n|move|p2a: Froslass|Protect|p2a: Froslass\n|-singleturn|p2a: Froslass|Protect\n|move|p2b: Talonflame|Acrobatics|p1b: Reuniclus\n|-damage|p1b: Reuniclus|49/100\n|move|p1b: Reuniclus|Trick Room|p1b: Reuniclus\n|-fieldstart|move: Trick Room|[of] p1b: Reuniclus\n|\n|-weather|SunnyDay|[upkeep]\n|upkeep\n|turn|12\n|\n|t:|1776629770\n|move|p1b: Reuniclus|Expanding Force|p2a: Froslass|[spread] p2a,p2b\n|-damage|p2a: Froslass|0 fnt\n|-damage|p2b: Talonflame|0 fnt\n|faint|p2a: Froslass\n|faint|p2b: Talonflame\n|\n|-weather|SunnyDay|[upkeep]\n|-fieldend|move: Psychic Terrain\n|upkeep\n|\n|t:|1776629776\n|switch|p2a: Kingambit|Kingambit, L50, F|1/100\n|turn|13\n|\n|t:|1776629780\n|move|p2a: Kingambit|Sucker Punch|p1b: Reuniclus\n|-supereffective|p1b: Reuniclus|1\n|-damage|p1b: Reuniclus|0 fnt\n|faint|p1b: Reuniclus\n|\n|win|Orkestra\n|raw|florestantan's rating: 1175 &rarr; <strong>1148</strong><br />(-27 for losing)\n|raw|Orkestra's rating: 1150 &rarr; <strong>1177</strong><br />(+27 for winning)\n|l|\u2606florestantan\n|player|p1|\n",
  "uploadtime": 1776629788,
  "views": 11,
  "formatid": "gen9championsvgc2026regma",
  "rating": 1148,
  "private": 0,
  "password": null
}