{
  "id": "gen9championsvgc2026regma-2583770955",
  "format": "[Gen 9 Champions] VGC 2026 Reg M-A",
  "players": [
    "saypher",
    "thattube"
  ],
  "log": "|j|\u2606saypher\n|j|\u2606thattube\n|t:|1776196571\n|gametype|doubles\n|player|p1|saypher|101|1109\n|player|p2|thattube|bellelba|1033\n|gen|9\n|tier|[Gen 9 Champions] VGC 2026 Reg M-A\n|rated|\n|rule|Species Clause: Limit one of each Pok\u00e9mon\n|rule|Item Clause: Limit 1 of each item\n|clearpoke\n|poke|p1|Chandelure, L50, M|\n|poke|p1|Primarina, L50, F|\n|poke|p1|Meowscarada, L50, F|\n|poke|p1|Sneasler, L50, F|\n|poke|p1|Aerodactyl, L50, M|\n|poke|p1|Mudsdale, L50, M|\n|poke|p2|Tyranitar, L50, F|\n|poke|p2|Milotic, L50, F|\n|poke|p2|Tinkaton, L50, F|\n|poke|p2|Aerodactyl, L50, M|\n|poke|p2|Excadrill, L50, F|\n|poke|p2|Hydreigon, L50, M|\n|teampreview|4\n|\n|t:|1776196605\n|teamsize|p1|4\n|teamsize|p2|4\n|start\n|switch|p1a: Aerodactyl|Aerodactyl, L50, M|100/100\n|switch|p1b: Primarina|Primarina, L50, F|100/100\n|switch|p2a: Milotic|Milotic, L50, F|100/100\n|switch|p2b: Tinkaton|Tinkaton, L50, F|100/100\n|-ability|p1a: Aerodactyl|Unnerve\n|-ability|p2b: Tinkaton|Mold Breaker\n|turn|1\n|\n|t:|1776196633\n|move|p1a: Aerodactyl|Protect|p1a: Aerodactyl\n|-singleturn|p1a: Aerodactyl|Protect\n|move|p2b: Tinkaton|Fake Out|p1b: Primarina\n|-damage|p1b: Primarina|89/100\n|move|p2a: Milotic|Scald|p1a: Aerodactyl\n|-activate|p1a: Aerodactyl|move: Protect\n|cant|p1b: Primarina|flinch\n|\n|upkeep\n|turn|2\n|\n|t:|1776196660\n|switch|p1b: Mudsdale|Mudsdale, L50, M|100/100\n|move|p1a: Aerodactyl|Rock Slide|p2b: Tinkaton|[spread] p2a,p2b\n|-resisted|p2b: Tinkaton|1\n|-damage|p2a: Milotic|68/100\n|-damage|p2b: Tinkaton|85/100\n|move|p2b: Tinkaton|Gigaton Hammer|p1b: Mudsdale\n|-damage|p1b: Mudsdale|64/100\n|-ability|p1b: Mudsdale|Stamina|boost\n|-boost|p1b: Mudsdale|def|1\n|move|p2a: Milotic|Icy Wind|p1b: Mudsdale|[spread] p1a,p1b\n|-supereffective|p1a: Aerodactyl|1\n|-supereffective|p1b: Mudsdale|1\n|-damage|p1a: Aerodactyl|66/100\n|-damage|p1b: Mudsdale|45/100\n|-unboost|p1a: Aerodactyl|spe|1\n|-unboost|p1b: Mudsdale|spe|1\n|-ability|p1b: Mudsdale|Stamina|boost\n|-boost|p1b: Mudsdale|def|1\n|-enditem|p1b: Mudsdale|Sitrus Berry|[eat]\n|-heal|p1b: Mudsdale|70/100|[from] item: Sitrus Berry\n|\n|upkeep\n|turn|3\n|\n|t:|1776196687\n|move|p2b: Tinkaton|Helping Hand|p2a: Milotic\n|-singleturn|p2a: Milotic|Helping Hand|[of] p2b: Tinkaton\n|move|p2a: Milotic|Icy Wind|p1a: Aerodactyl|[spread] p1a,p1b\n|-supereffective|p1a: Aerodactyl|1\n|-supereffective|p1b: Mudsdale|1\n|-damage|p1a: Aerodactyl|14/100\n|-damage|p1b: Mudsdale|41/100\n|-unboost|p1a: Aerodactyl|spe|1\n|-unboost|p1b: Mudsdale|spe|1\n|-ability|p1b: Mudsdale|Stamina|boost\n|-boost|p1b: Mudsdale|def|1\n|move|p1a: Aerodactyl|Rock Slide|p2b: Tinkaton|[spread] p2a\n|-miss|p1a: Aerodactyl|p2b: Tinkaton\n|-damage|p2a: Milotic|35/100\n|move|p1b: Mudsdale|Earthquake|p2b: Tinkaton|[spread] p2a,p2b\n|-immune|p1a: Aerodactyl\n|-supereffective|p2b: Tinkaton|1\n|-damage|p2a: Milotic|0 fnt\n|-damage|p2b: Tinkaton|15/100\n|faint|p2a: Milotic\n|\n|upkeep\n|\n|t:|1776196712\n|switch|p2a: Tyranitar|Tyranitar, L50, F|100/100\n|-weather|Sandstorm|[from] ability: Sand Stream|[of] p2a: Tyranitar\n|turn|4\n|\n|t:|1776196727\n|move|p1a: Aerodactyl|Protect|p1a: Aerodactyl\n|-singleturn|p1a: Aerodactyl|Protect\n|move|p2b: Tinkaton|Gigaton Hammer|p1b: Mudsdale\n|-damage|p1b: Mudsdale|25/100\n|-ability|p1b: Mudsdale|Stamina|boost\n|-boost|p1b: Mudsdale|def|1\n|move|p2a: Tyranitar|Rock Slide|p1b: Mudsdale|[spread] p1b\n|-activate|p1a: Aerodactyl|move: Protect\n|-resisted|p1b: Mudsdale|1\n|-damage|p1b: Mudsdale|21/100\n|-ability|p1b: Mudsdale|Stamina|boost\n|-boost|p1b: Mudsdale|def|1\n|move|p1b: Mudsdale|Earthquake|p2b: Tinkaton|[spread] p2a,p2b\n|-activate|p1a: Aerodactyl|move: Protect\n|-supereffective|p2a: Tyranitar|1\n|-supereffective|p2b: Tinkaton|1\n|-damage|p2a: Tyranitar|46/100\n|-damage|p2b: Tinkaton|0 fnt\n|faint|p2b: Tinkaton\n|\n|-weather|Sandstorm|[upkeep]\n|upkeep\n|\n|t:|1776196738\n|switch|p2b: Aerodactyl|Aerodactyl, L50, M|100/100\n|-ability|p2b: Aerodactyl|Unnerve\n|turn|5\n|\n|t:|1776196759\n|move|p2a: Tyranitar|Protect|p2a: Tyranitar\n|-singleturn|p2a: Tyranitar|Protect\n|move|p2b: Aerodactyl|Rock Slide|p1b: Mudsdale|[spread] p1a,p1b\n|-supereffective|p1a: Aerodactyl|1\n|-crit|p1a: Aerodactyl\n|-resisted|p1b: Mudsdale|1\n|-damage|p1a: Aerodactyl|0 fnt\n|-damage|p1b: Mudsdale|18/100\n|-ability|p1b: Mudsdale|Stamina|boost\n|-boost|p1b: Mudsdale|def|1\n|-enditem|p2a: Tyranitar|Sitrus Berry|[eat]\n|-heal|p2a: Tyranitar|71/100|[from] item: Sitrus Berry\n|faint|p1a: Aerodactyl\n|cant|p1b: Mudsdale|flinch\n|\n|-weather|Sandstorm|[upkeep]\n|upkeep\n|\n|t:|1776196766\n|switch|p1a: Primarina|Primarina, L50, F|89/100\n|turn|6\n|\n|t:|1776196797\n|move|p2b: Aerodactyl|Dual Wingbeat|p1a: Primarina\n|-damage|p1a: Primarina|66/100\n|-damage|p1a: Primarina|42/100\n|-hitcount|p1a: Primarina|2\n|move|p2a: Tyranitar|Rock Slide|p1b: Mudsdale|[spread] p1a\n|-miss|p2a: Tyranitar|p1b: Mudsdale\n|-damage|p1a: Primarina|6/100\n|move|p1a: Primarina|Hyper Voice|p2a: Tyranitar|[spread] p2a,p2b\n|-supereffective|p2a: Tyranitar|1\n|-supereffective|p2b: Aerodactyl|1\n|-damage|p2a: Tyranitar|24/100\n|-damage|p2b: Aerodactyl|33/100\n|move|p1b: Mudsdale|Heavy Slam|p2a: Tyranitar\n|-supereffective|p2a: Tyranitar|1\n|-damage|p2a: Tyranitar|0 fnt\n|faint|p2a: Tyranitar\n|\n|-weather|Sandstorm|[upkeep]\n|-damage|p1a: Primarina|0 fnt|[from] Sandstorm\n|faint|p1a: Primarina\n|upkeep\n|\n|t:|1776196811\n|switch|p1a: Sneasler|Sneasler, L50, F|100/100\n|turn|7\n|\n|t:|1776196819\n|move|p2b: Aerodactyl|Dual Wingbeat|p1a: Sneasler\n|-supereffective|p1a: Sneasler|1\n|-crit|p1a: Sneasler\n|-damage|p1a: Sneasler|9/100\n|-supereffective|p1a: Sneasler|1\n|-damage|p1a: Sneasler|0 fnt\n|faint|p1a: Sneasler\n|-hitcount|p1: Sneasler|2\n|move|p1b: Mudsdale|Heavy Slam|p2b: Aerodactyl\n|-supereffective|p2b: Aerodactyl|1\n|-damage|p2b: Aerodactyl|0 fnt\n|faint|p2b: Aerodactyl\n|\n|win|saypher\n|raw|saypher's rating: 1109 &rarr; <strong>1129</strong><br />(+20 for winning)\n|raw|thattube's rating: 1033 &rarr; <strong>1021</strong><br />(-12 for losing)\n",
  "uploadtime": 1776196823,
  "views": 18,
  "formatid": "gen9championsvgc2026regma",
  "rating": 1021,
  "private": 0,
  "password": null
}