{
  "id": "gen9championsvgc2026regma-2586231600",
  "format": "[Gen 9 Champions] VGC 2026 Reg M-A",
  "players": [
    "SlashTheGhost",
    "NathanaelW19"
  ],
  "log": "|j|\u2606SlashTheGhost\n|j|\u2606NathanaelW19\n|t:|1776415239\n|gametype|doubles\n|player|p1|SlashTheGhost|cynthia-gen4|1096\n|player|p2|NathanaelW19|dragontamer|1172\n|gen|9\n|tier|[Gen 9 Champions] VGC 2026 Reg M-A\n|rated|\n|rule|Species Clause: Limit one of each Pok\u00e9mon\n|rule|Item Clause: Limit 1 of each item\n|clearpoke\n|poke|p1|Froslass, L50, F|\n|poke|p1|Sneasler, L50, M|\n|poke|p1|Garchomp, L50, F|\n|poke|p1|Jolteon, L50, M|\n|poke|p1|Hydreigon, L50, F|\n|poke|p1|Arcanine-Hisui, L50, M|\n|poke|p2|Glalie, L50, M|\n|poke|p2|Whimsicott, L50, M|\n|poke|p2|Kingambit, L50, M|\n|poke|p2|Hydreigon, L50, F|\n|poke|p2|Sneasler, L50, M|\n|poke|p2|Farigiraf, L50, F|\n|teampreview|4\n|inactive|Battle timer is ON: inactive players will automatically lose when time's up. (requested by NathanaelW19)\n|inactive|SlashTheGhost has 60 seconds left.\n|inactive|NathanaelW19 has 60 seconds left.\n|\n|t:|1776415279\n|teamsize|p1|4\n|teamsize|p2|4\n|start\n|switch|p1a: Sneasler|Sneasler, L50, M|100/100\n|switch|p1b: Arcanine|Arcanine-Hisui, L50, M|100/100\n|switch|p2a: Bom|Glalie, L50, M, shiny|100/100\n|switch|p2b: Picker|Whimsicott, L50, M, shiny|100/100\n|-ability|p1b: Arcanine|Intimidate|boost\n|-fail|p2a: Bom|unboost|Attack|[from] ability: Inner Focus|[of] p2a: Bom\n|-unboost|p2b: Picker|atk|1\n|turn|1\n|\n|t:|1776415293\n|move|p2b: Picker|Protect|p2b: Picker\n|-singleturn|p2b: Picker|Protect\n|move|p2a: Bom|Protect|p2a: Bom\n|-singleturn|p2a: Bom|Protect\n|move|p1a: Sneasler|Dire Claw|p2b: Picker\n|-activate|p2b: Picker|move: Protect\n|move|p1b: Arcanine|Flare Blitz|p2a: Bom\n|-activate|p2a: Bom|move: Protect\n|\n|upkeep\n|turn|2\n|\n|t:|1776415306\n|detailschange|p2a: Bom|Glalie-Mega, L50, M, shiny\n|-mega|p2a: Bom|Glalie|Glalitite\n|move|p1a: Sneasler|Protect|p1a: Sneasler\n|-singleturn|p1a: Sneasler|Protect\n|move|p2b: Picker|Tailwind|p2b: Picker\n|-sidestart|p2: NathanaelW19|move: Tailwind\n|move|p2a: Bom|Earthquake|p1b: Arcanine|[spread] p2b,p1b\n|-activate|p1a: Sneasler|move: Protect\n|-resisted|p2b: Picker|1\n|-crit|p2b: Picker\n|-supereffective|p1b: Arcanine|2\n|-damage|p2b: Picker|73/100\n|-damage|p1b: Arcanine|0 fnt\n|faint|p1b: Arcanine\n|\n|upkeep\n|\n|t:|1776415327\n|switch|p1b: Froslass|Froslass, L50, F|100/100\n|turn|3\n|\n|t:|1776415344\n|detailschange|p1b: Froslass|Froslass-Mega, L50, F\n|-mega|p1b: Froslass|Froslass|Froslassite\n|-weather|Snowscape|[from] ability: Snow Warning|[of] p1b: Froslass\n|move|p2b: Picker|Encore|p1a: Sneasler\n|-start|p1a: Sneasler|Encore\n|move|p1a: Sneasler|Protect||[still]\n|-fail|p1a: Sneasler\n|move|p2a: Bom|Earthquake|p1a: Sneasler|[spread] p2b,p1a,p1b\n|-resisted|p2b: Picker|1\n|-supereffective|p1a: Sneasler|1\n|-damage|p2b: Picker|54/100\n|-damage|p1a: Sneasler|15/100\n|-damage|p1b: Froslass|74/100\n|move|p1b: Froslass|Shadow Ball|p2a: Bom\n|-damage|p2a: Bom|37/100\n|\n|-weather|Snowscape|[upkeep]\n|upkeep\n|turn|4\n|\n|t:|1776415361\n|move|p2b: Picker|Protect|p2b: Picker\n|-singleturn|p2b: Picker|Protect\n|move|p2a: Bom|Protect|p2a: Bom\n|-singleturn|p2a: Bom|Protect\n|move|p1a: Sneasler|Protect|p1a: Sneasler\n|-singleturn|p1a: Sneasler|Protect\n|move|p1b: Froslass|Shadow Ball|p2a: Bom\n|-activate|p2a: Bom|move: Protect\n|\n|-weather|Snowscape|[upkeep]\n|upkeep\n|turn|5\n|\n|t:|1776415374\n|switch|p1a: Hydreigon|Hydreigon, L50, F|100/100\n|move|p2b: Picker|Moonblast|p1b: Froslass\n|-damage|p1b: Froslass|35/100\n|move|p2a: Bom|Explosion|p1b: Froslass|[spread] p2b,p1a,p1b\n|-supereffective|p2b: Picker|1\n|-supereffective|p1a: Hydreigon|1\n|-resisted|p1b: Froslass|1\n|-damage|p2b: Picker|0 fnt\n|-damage|p1a: Hydreigon|0 fnt\n|-damage|p1b: Froslass|0 fnt\n|faint|p2a: Bom\n|faint|p2b: Picker\n|faint|p1a: Hydreigon\n|faint|p1b: Froslass\n|\n|-weather|Snowscape|[upkeep]\n|-sideend|p2: NathanaelW19|move: Tailwind\n|upkeep\n|\n|t:|1776415391\n|switch|p1b: Sneasler|Sneasler, L50, M|15/100\n|switch|p2b: MYNAMEISOZYMANDIAS|Kingambit, L50, M|100/100\n|switch|p2a: Sneasler|Sneasler, L50, M, shiny|100/100\n|turn|6\n|\n|t:|1776415399\n|move|p1b: Sneasler|Fake Out|p2b: MYNAMEISOZYMANDIAS\n|-resisted|p2b: MYNAMEISOZYMANDIAS|1\n|-damage|p2b: MYNAMEISOZYMANDIAS|94/100\n|move|p2a: Sneasler|Fake Out|p1b: Sneasler\n|-damage|p1b: Sneasler|0 fnt\n|faint|p1b: Sneasler\n|\n|win|NathanaelW19\n|raw|SlashTheGhost's rating: 1096 &rarr; <strong>1077</strong><br />(-19 for losing)\n|raw|NathanaelW19's rating: 1172 &rarr; <strong>1192</strong><br />(+20 for winning)\n",
  "uploadtime": 1776415405,
  "views": 17,
  "formatid": "gen9championsvgc2026regma",
  "rating": 1077,
  "private": 0,
  "password": null
}