{
  "id": "gen9championsvgc2026regma-2586026919",
  "format": "[Gen 9 Champions] VGC 2026 Reg M-A",
  "players": [
    "GhostRoy",
    "toxmyself"
  ],
  "log": "|j|\u2606GhostRoy\n|j|\u2606toxmyself\n|t:|1776391566\n|gametype|doubles\n|player|p1|GhostRoy|hilbert|1168\n|player|p2|toxmyself|norman|1235\n|gen|9\n|tier|[Gen 9 Champions] VGC 2026 Reg M-A\n|rated|\n|rule|Species Clause: Limit one of each Pok\u00e9mon\n|rule|Item Clause: Limit 1 of each item\n|clearpoke\n|poke|p1|Charizard, L50, M|\n|poke|p1|Venusaur, L50, M|\n|poke|p1|Incineroar, L50, F|\n|poke|p1|Garchomp, L50, M|\n|poke|p1|Ceruledge, L50, M|\n|poke|p1|Kingambit, L50, F|\n|poke|p2|Charizard, L50, F|\n|poke|p2|Milotic, L50, M|\n|poke|p2|Aegislash, L50, M|\n|poke|p2|Sneasler, L50, M|\n|poke|p2|Aerodactyl, L50, F|\n|poke|p2|Sylveon, L50, F|\n|teampreview|4\n|inactive|Battle timer is ON: inactive players will automatically lose when time's up. (requested by toxmyself)\n|\n|t:|1776391596\n|teamsize|p1|4\n|teamsize|p2|4\n|start\n|switch|p1a: Kingambit|Kingambit, L50, F|100/100\n|switch|p1b: Ceruledge|Ceruledge, L50, M|100/100\n|switch|p2a: Milotic|Milotic, L50, M|100/100\n|switch|p2b: Aerodactyl|Aerodactyl, L50, F|100/100\n|-ability|p2b: Aerodactyl|Unnerve\n|turn|1\n|\n|t:|1776391619\n|move|p2b: Aerodactyl|Tailwind|p2b: Aerodactyl\n|-sidestart|p2: toxmyself|move: Tailwind\n|move|p2a: Milotic|Scald|p1b: Ceruledge\n|-supereffective|p1b: Ceruledge|1\n|-damage|p1b: Ceruledge|33/100\n|move|p1b: Ceruledge|Shadow Claw|p2b: Aerodactyl\n|-crit|p2b: Aerodactyl\n|-enditem|p2b: Aerodactyl|Focus Sash\n|-damage|p2b: Aerodactyl|1/100\n|-heal|p1b: Ceruledge|44/100|[from] item: Shell Bell|[of] p2b: Aerodactyl\n|move|p1a: Kingambit|Iron Head|p2b: Aerodactyl\n|-supereffective|p2b: Aerodactyl|1\n|-damage|p2b: Aerodactyl|0 fnt\n|faint|p2b: Aerodactyl\n|\n|upkeep\n|\n|t:|1776391632\n|switch|p2b: Charizard|Charizard, L50, F|100/100\n|turn|2\n|inactive|GhostRoy has 30 seconds left.\n|inactive|GhostRoy has 20 seconds left.\n|\n|t:|1776391670\n|move|p1a: Kingambit|Protect|p1a: Kingambit\n|-singleturn|p1a: Kingambit|Protect\n|move|p2b: Charizard|Dragon Dance|p2b: Charizard\n|-boost|p2b: Charizard|atk|1\n|-boost|p2b: Charizard|spe|1\n|move|p2a: Milotic|Scald|p1b: Ceruledge\n|-supereffective|p1b: Ceruledge|1\n|-damage|p1b: Ceruledge|0 fnt\n|faint|p1b: Ceruledge\n|\n|upkeep\n|\n|t:|1776391678\n|switch|p1b: Charizard|Charizard, L50, M|100/100\n|turn|3\n|\n|t:|1776391690\n|detailschange|p2b: Charizard|Charizard-Mega-X, L50, F\n|-mega|p2b: Charizard|Charizard|Charizardite X\n|detailschange|p1b: Charizard|Charizard-Mega-Y, L50, M\n|-mega|p1b: Charizard|Charizard|Charizardite Y\n|-weather|SunnyDay|[from] ability: Drought|[of] p1b: Charizard\n|move|p1a: Kingambit|Sucker Punch|p2b: Charizard\n|-damage|p2b: Charizard|55/100\n|move|p2b: Charizard|Flare Blitz|p1a: Kingambit\n|-supereffective|p1a: Kingambit|1\n|-damage|p1a: Kingambit|0 fnt\n|faint|p1a: Kingambit\n|-end|p1a: Kingambit|fallenundefined|[silent]\n|-damage|p2b: Charizard|18/100|[from] Recoil\n|move|p2a: Milotic|Scald|p1b: Charizard\n|-supereffective|p1b: Charizard|1\n|-damage|p1b: Charizard|68/100\n|move|p1b: Charizard|Solar Beam||[still]\n|-prepare|p1b: Charizard|Solar Beam\n|-anim|p1b: Charizard|Solar Beam|p2a: Milotic\n|-supereffective|p2a: Milotic|1\n|-damage|p2a: Milotic|30/100\n|\n|-weather|SunnyDay|[upkeep]\n|-heal|p2a: Milotic|36/100|[from] item: Leftovers\n|upkeep\n|inactive|GhostRoy has 30 seconds left.\n|\n|t:|1776391716\n|switch|p1a: Venusaur|Venusaur, L50, M|100/100\n|turn|4\n|\n|t:|1776391729\n|move|p1a: Venusaur|Protect|p1a: Venusaur\n|-singleturn|p1a: Venusaur|Protect\n|move|p1b: Charizard|Protect|p1b: Charizard\n|-singleturn|p1b: Charizard|Protect\n|move|p2b: Charizard|Flare Blitz|p1a: Venusaur\n|-activate|p1a: Venusaur|move: Protect\n|move|p2a: Milotic|Icy Wind|p1a: Venusaur|[spread] \n|-activate|p1a: Venusaur|move: Protect\n|-activate|p1b: Charizard|move: Protect\n|\n|-weather|SunnyDay|[upkeep]\n|-heal|p2a: Milotic|42/100|[from] item: Leftovers\n|-sideend|p2: toxmyself|move: Tailwind\n|upkeep\n|turn|5\n|\n|t:|1776391752\n|move|p2b: Charizard|Protect|p2b: Charizard\n|-singleturn|p2b: Charizard|Protect\n|move|p2a: Milotic|Protect|p2a: Milotic\n|-singleturn|p2a: Milotic|Protect\n|move|p1a: Venusaur|Sludge Bomb|p2b: Charizard\n|-activate|p2b: Charizard|move: Protect\n|move|p1b: Charizard|Solar Beam||[still]\n|-prepare|p1b: Charizard|Solar Beam\n|-anim|p1b: Charizard|Solar Beam|p2a: Milotic\n|-activate|p2a: Milotic|move: Protect\n|\n|-weather|SunnyDay|[upkeep]\n|-heal|p2a: Milotic|48/100|[from] item: Leftovers\n|upkeep\n|turn|6\n|\n|t:|1776391768\n|switch|p2b: Aegislash|Aegislash, L50, M|100/100\n|move|p1a: Venusaur|Sludge Bomb|p2b: Aegislash\n|-immune|p2b: Aegislash\n|move|p1b: Charizard|Heat Wave|p2b: Aegislash|[spread] p2a,p2b\n|-resisted|p2a: Milotic|1\n|-supereffective|p2b: Aegislash|1\n|-damage|p2a: Milotic|22/100\n|-damage|p2b: Aegislash|4/100\n|-status|p2b: Aegislash|brn\n|move|p2a: Milotic|Recover|p2a: Milotic\n|-heal|p2a: Milotic|72/100\n|\n|-weather|SunnyDay|[upkeep]\n|-heal|p2a: Milotic|79/100|[from] item: Leftovers\n|-damage|p2b: Aegislash|0 fnt|[from] brn\n|faint|p2b: Aegislash\n|upkeep\n|\n|t:|1776391782\n|switch|p2b: Charizard|Charizard-Mega-X, L50, F|18/100\n|turn|7\n|\n|t:|1776391796\n|move|p2b: Charizard|Protect|p2b: Charizard\n|-singleturn|p2b: Charizard|Protect\n|move|p2a: Milotic|Protect|p2a: Milotic\n|-singleturn|p2a: Milotic|Protect\n|move|p1a: Venusaur|Sludge Bomb|p2b: Charizard\n|-activate|p2b: Charizard|move: Protect\n|move|p1b: Charizard|Solar Beam||[still]\n|-prepare|p1b: Charizard|Solar Beam\n|-anim|p1b: Charizard|Solar Beam|p2a: Milotic\n|-activate|p2a: Milotic|move: Protect\n|\n|-weather|none\n|-heal|p2a: Milotic|85/100|[from] item: Leftovers\n|upkeep\n|turn|8\n|\n|t:|1776391818\n|move|p1a: Venusaur|Protect|p1a: Venusaur\n|-singleturn|p1a: Venusaur|Protect\n|move|p1b: Charizard|Flamethrower|p2b: Charizard\n|-resisted|p2b: Charizard|2\n|-damage|p2b: Charizard|5/100\n|move|p2b: Charizard|Flare Blitz|p1a: Venusaur\n|-activate|p1a: Venusaur|move: Protect\n|move|p2a: Milotic|Icy Wind|p1b: Charizard|[spread] p1b\n|-activate|p1a: Venusaur|move: Protect\n|-damage|p1b: Charizard|55/100\n|-unboost|p1b: Charizard|spe|1\n|\n|-heal|p2a: Milotic|91/100|[from] item: Leftovers\n|upkeep\n|turn|9\n|\n|t:|1776391839\n|move|p2b: Charizard|Flare Blitz|p1a: Venusaur\n|-supereffective|p1a: Venusaur|1\n|-enditem|p1a: Venusaur|Focus Sash\n|-damage|p1a: Venusaur|1/100\n|-status|p1a: Venusaur|brn\n|-damage|p2b: Charizard|0 fnt|[from] Recoil\n|faint|p2b: Charizard\n|move|p1a: Venusaur|Giga Drain|p2a: Milotic\n|-supereffective|p2a: Milotic|1\n|-damage|p2a: Milotic|35/100\n|-heal|p1a: Venusaur|36/100 brn|[from] drain|[of] p2a: Milotic\n|move|p1b: Charizard|Flamethrower|p2a: Milotic\n|-resisted|p2a: Milotic|1\n|-damage|p2a: Milotic|13/100\n|move|p2a: Milotic|Icy Wind|p1a: Venusaur|[spread] p1a,p1b\n|-supereffective|p1a: Venusaur|1\n|-damage|p1a: Venusaur|11/100 brn\n|-damage|p1b: Charizard|44/100\n|-unboost|p1a: Venusaur|spe|1\n|-unboost|p1b: Charizard|spe|1\n|\n|-heal|p2a: Milotic|19/100|[from] item: Leftovers\n|-damage|p1a: Venusaur|6/100 brn|[from] brn\n|upkeep\n|turn|10\n|\n|t:|1776391860\n|move|p2a: Milotic|Protect|p2a: Milotic\n|-singleturn|p2a: Milotic|Protect\n|move|p1a: Venusaur|Giga Drain|p2a: Milotic\n|-activate|p2a: Milotic|move: Protect\n|move|p1b: Charizard|Flamethrower|p2a: Milotic\n|-activate|p2a: Milotic|move: Protect\n|\n|-heal|p2a: Milotic|25/100|[from] item: Leftovers\n|-damage|p1a: Venusaur|0 fnt|[from] brn\n|faint|p1a: Venusaur\n|upkeep\n|turn|11\n|\n|t:|1776391869\n|move|p2a: Milotic|Recover|p2a: Milotic\n|-heal|p2a: Milotic|75/100\n|move|p1b: Charizard|Flamethrower|p2a: Milotic\n|-resisted|p2a: Milotic|1\n|-damage|p2a: Milotic|55/100\n|\n|-heal|p2a: Milotic|61/100|[from] item: Leftovers\n|upkeep\n|turn|12\n|-message|GhostRoy forfeited.\n|\n|win|toxmyself\n|raw|GhostRoy's rating: 1168 &rarr; <strong>1148</strong><br />(-20 for losing)\n|raw|toxmyself's rating: 1235 &rarr; <strong>1255</strong><br />(+20 for winning)\n",
  "uploadtime": 1776391874,
  "views": 20,
  "formatid": "gen9championsvgc2026regma",
  "rating": 1148,
  "private": 0,
  "password": null
}