{
  "id": "gen9championsvgc2026regma-2583607483",
  "format": "[Gen 9 Champions] VGC 2026 Reg M-A",
  "players": [
    "MrOktagon",
    "anton4747"
  ],
  "log": "|j|\u2606MrOktagon\n|j|\u2606anton4747\n|t:|1776186216\n|gametype|doubles\n|player|p1|MrOktagon|2|1224\n|player|p2|anton4747|170|1277\n|gen|9\n|tier|[Gen 9 Champions] VGC 2026 Reg M-A\n|rated|\n|rule|Species Clause: Limit one of each Pok\u00e9mon\n|rule|Item Clause: Limit 1 of each item\n|clearpoke\n|poke|p1|Gengar, L50, M|\n|poke|p1|Sinistcha, L50|\n|poke|p1|Incineroar, L50, F|\n|poke|p1|Blastoise, L50, M|\n|poke|p1|Kommo-o, L50, F|\n|poke|p1|Floette-Eternal, L50, F|\n|poke|p2|Delphox, L50, F|\n|poke|p2|Whimsicott, L50, F|\n|poke|p2|Basculegion, L50, M|\n|poke|p2|Garchomp, L50, M|\n|poke|p2|Torkoal, L50, F|\n|poke|p2|Kingambit, L50, M|\n|teampreview|4\n|\n|t:|1776186259\n|teamsize|p1|4\n|teamsize|p2|4\n|start\n|switch|p1a: Blastoise|Blastoise, L50, M|100/100\n|switch|p1b: Kommo-o|Kommo-o, L50, F|100/100\n|switch|p2a: Kingambit|Kingambit, L50, M, shiny|100/100\n|switch|p2b: Delphox|Delphox, L50, F, shiny|100/100\n|turn|1\n|inactive|Battle timer is ON: inactive players will automatically lose when time's up. (requested by anton4747)\n|inactive|MrOktagon has 60 seconds left.\n|\n|t:|1776186296\n|switch|p2a: Torkoal|Torkoal, L50, F|100/100\n|-weather|SunnyDay|[from] ability: Drought|[of] p2a: Torkoal\n|detailschange|p2b: Delphox|Delphox-Mega, L50, F, shiny\n|-mega|p2b: Delphox|Delphox|Delphoxite\n|move|p1a: Blastoise|Fake Out|p2b: Delphox\n|-damage|p2b: Delphox|88/100\n|cant|p2b: Delphox|flinch\n|move|p1b: Kommo-o|Clangorous Soul|p1b: Kommo-o\n|-boost|p1b: Kommo-o|atk|1\n|-boost|p1b: Kommo-o|def|1\n|-boost|p1b: Kommo-o|spa|1\n|-boost|p1b: Kommo-o|spd|1\n|-boost|p1b: Kommo-o|spe|1\n|-damage|p1b: Kommo-o|68/100\n|\n|-weather|SunnyDay|[upkeep]\n|-heal|p1b: Kommo-o|73/100|[from] item: Leftovers\n|upkeep\n|turn|2\n|inactive|anton4747 has 30 seconds left.\n|inactive|anton4747 has 20 seconds left.\n|inactive|anton4747 has 15 seconds left.\n|\n|t:|1776186336\n|move|p1b: Kommo-o|Protect|p1b: Kommo-o\n|-singleturn|p1b: Kommo-o|Protect\n|move|p2b: Delphox|Protect|p2b: Delphox\n|-singleturn|p2b: Delphox|Protect\n|move|p1a: Blastoise|Flip Turn|p2b: Delphox\n|-activate|p2b: Delphox|move: Protect\n|move|p2a: Torkoal|Bulldoze|p1a: Blastoise|[spread] p1a\n|-activate|p2b: Delphox|move: Protect\n|-activate|p1b: Kommo-o|move: Protect\n|-damage|p1a: Blastoise|92/100\n|-unboost|p1a: Blastoise|spe|1\n|\n|-weather|SunnyDay|[upkeep]\n|-heal|p1b: Kommo-o|79/100|[from] item: Leftovers\n|upkeep\n|turn|3\n|\n|t:|1776186358\n|move|p1b: Kommo-o|Clanging Scales|p2a: Torkoal|[spread] p2a,p2b\n|-damage|p2a: Torkoal|9/100\n|-damage|p2b: Delphox|27/100\n|-unboost|p1b: Kommo-o|def|1\n|move|p2b: Delphox|Psychic|p1b: Kommo-o\n|-supereffective|p1b: Kommo-o|1\n|-damage|p1b: Kommo-o|0 fnt\n|faint|p1b: Kommo-o\n|move|p1a: Blastoise|Flip Turn|p2b: Delphox\n|-supereffective|p2b: Delphox|1\n|-damage|p2b: Delphox|2/100\n|\n|t:|1776186369\n|switch|p1a: Incineroar|Incineroar, L50, F|100/100|[from] Flip Turn\n|-ability|p1a: Incineroar|Intimidate|boost\n|-unboost|p2a: Torkoal|atk|1\n|-unboost|p2b: Delphox|atk|1\n|move|p2a: Torkoal|Eruption|p1a: Incineroar\n|-resisted|p1a: Incineroar|1\n|-damage|p1a: Incineroar|98/100\n|\n|-weather|SunnyDay|[upkeep]\n|upkeep\n|\n|t:|1776186379\n|switch|p1b: Floette|Floette-Eternal, L50, F|100/100\n|turn|4\n|\n|t:|1776186397\n|detailschange|p1b: Floette|Floette-Mega, L50, F\n|-mega|p1b: Floette|Floette|Floettite\n|-ability|p1b: Floette|Fairy Aura\n|move|p2b: Delphox|Protect|p2b: Delphox\n|-singleturn|p2b: Delphox|Protect\n|move|p1a: Incineroar|Fake Out|p2a: Torkoal\n|-damage|p2a: Torkoal|0 fnt\n|faint|p2a: Torkoal\n|move|p1b: Floette|Calm Mind|p1b: Floette\n|-boost|p1b: Floette|spa|1\n|-boost|p1b: Floette|spd|1\n|\n|-weather|SunnyDay|[upkeep]\n|upkeep\n|\n|t:|1776186415\n|switch|p2a: Kingambit|Kingambit, L50, M, shiny|100/100\n|turn|5\n|\n|t:|1776186438\n|move|p1b: Floette|Protect|p1b: Floette\n|-singleturn|p1b: Floette|Protect\n|move|p2a: Kingambit|Protect|p2a: Kingambit\n|-singleturn|p2a: Kingambit|Protect\n|move|p2b: Delphox|Heat Wave|p1b: Floette|[spread] p1a\n|-activate|p1b: Floette|move: Protect\n|-resisted|p1a: Incineroar|1\n|-damage|p1a: Incineroar|72/100\n|move|p1a: Incineroar|Parting Shot|p2b: Delphox\n|-unboost|p2b: Delphox|atk|1\n|-unboost|p2b: Delphox|spa|1\n|\n|t:|1776186449\n|switch|p1a: Blastoise|Blastoise, L50, M|92/100|[from] Parting Shot\n|\n|-weather|none\n|upkeep\n|turn|6\n|inactive|anton4747 has 30 seconds left.\n|\n|t:|1776186475\n|move|p1a: Blastoise|Fake Out|p2a: Kingambit\n|-resisted|p2a: Kingambit|1\n|-damage|p2a: Kingambit|98/100\n|move|p2b: Delphox|Heat Wave|p1a: Blastoise|[spread] p1a,p1b\n|-resisted|p1a: Blastoise|1\n|-damage|p1a: Blastoise|83/100\n|-damage|p1b: Floette|85/100\n|move|p1b: Floette|Dazzling Gleam|p2b: Delphox|[spread] p2a,p2b\n|-resisted|p2b: Delphox|1\n|-damage|p2a: Kingambit|32/100\n|-damage|p2b: Delphox|0 fnt\n|faint|p2b: Delphox\n|cant|p2a: Kingambit|flinch\n|\n|upkeep\n|\n|t:|1776186483\n|switch|p2b: Basculegion|Basculegion, L50, M|100/100\n|turn|7\n|inactive|anton4747 has 30 seconds left.\n|\n|t:|1776186511\n|move|p1b: Floette|Protect|p1b: Floette\n|-singleturn|p1b: Floette|Protect\n|move|p2b: Basculegion|Last Respects|p1a: Blastoise|[miss]\n|-miss|p2b: Basculegion|p1a: Blastoise\n|move|p1a: Blastoise|Yawn|p2b: Basculegion\n|-start|p2b: Basculegion|move: Yawn|[of] p1a: Blastoise\n|move|p2a: Kingambit|Iron Head|p1b: Floette\n|-activate|p1b: Floette|move: Protect\n|\n|upkeep\n|turn|8\n|-message|anton4747 forfeited.\n|\n|win|MrOktagon\n|raw|MrOktagon's rating: 1224 &rarr; <strong>1253</strong><br />(+29 for winning)\n|raw|anton4747's rating: 1277 &rarr; <strong>1248</strong><br />(-29 for losing)\n|l|\u2606anton4747\n|player|p2|\n",
  "uploadtime": 1776186581,
  "views": 25,
  "formatid": "gen9championsvgc2026regma",
  "rating": 1248,
  "private": 0,
  "password": null
}