{
  "id": "gen9championsvgc2026regma-2585572274",
  "format": "[Gen 9 Champions] VGC 2026 Reg M-A",
  "players": [
    "komaru365",
    "5wamp"
  ],
  "log": "|j|\u2606komaru365\n|j|\u26065wamp\n|t:|1776356318\n|gametype|doubles\n|player|p1|komaru365|bruno|1377\n|player|p2|5wamp|carmine-festival|1305\n|gen|9\n|tier|[Gen 9 Champions] VGC 2026 Reg M-A\n|rated|\n|rule|Species Clause: Limit one of each Pok\u00e9mon\n|rule|Item Clause: Limit 1 of each item\n|clearpoke\n|poke|p1|Scovillain, L50, M|\n|poke|p1|Incineroar, L50, M|\n|poke|p1|Farigiraf, L50, M|\n|poke|p1|Gallade, L50, M|\n|poke|p1|Kingambit, L50, F|\n|poke|p1|Pelipper, L50, F|\n|poke|p2|Floette-Eternal, L50, F|\n|poke|p2|Sneasler, L50, F|\n|poke|p2|Basculegion, L50, M|\n|poke|p2|Aerodactyl, L50, M|\n|poke|p2|Kingambit, L50, M|\n|poke|p2|Incineroar, L50, M|\n|teampreview|4\n|inactive|Battle timer is ON: inactive players will automatically lose when time's up. (requested by 5wamp)\n|\n|t:|1776356347\n|teamsize|p1|4\n|teamsize|p2|4\n|start\n|switch|p1a: Farigiraf|Farigiraf, L50, M|100/100\n|switch|p1b: Scovillain|Scovillain, L50, M|100/100\n|switch|p2a: Aerodactyl|Aerodactyl, L50, M|100/100\n|switch|p2b: Floette|Floette-Eternal, L50, F|100/100\n|-ability|p2a: Aerodactyl|Unnerve\n|turn|1\n|\n|t:|1776356368\n|detailschange|p2b: Floette|Floette-Mega, L50, F\n|-mega|p2b: Floette|Floette|Floettite\n|-ability|p2b: Floette|Fairy Aura\n|detailschange|p1b: Scovillain|Scovillain-Mega, L50, M\n|-mega|p1b: Scovillain|Scovillain|Scovillainite\n|move|p1b: Scovillain|Protect|p1b: Scovillain\n|-singleturn|p1b: Scovillain|Protect\n|move|p2a: Aerodactyl|Rock Slide|p1b: Scovillain|[spread] p1a\n|-activate|p1b: Scovillain|move: Protect\n|-damage|p1a: Farigiraf|77/100\n|move|p2b: Floette|Dazzling Gleam|p1a: Farigiraf|[spread] p1a\n|-activate|p1b: Scovillain|move: Protect\n|-damage|p1a: Farigiraf|36/100\n|move|p1a: Farigiraf|Trick Room|p1a: Farigiraf\n|-fieldstart|move: Trick Room|[of] p1a: Farigiraf\n|\n|upkeep\n|turn|2\n|inactive|komaru365 has 30 seconds left.\n|j| thatsaltyguy\n|\n|t:|1776356400\n|switch|p1a: Pelipper|Pelipper, L50, F|100/100\n|-weather|RainDance|[from] ability: Drizzle|[of] p1a: Pelipper\n|move|p2b: Floette|Protect|p2b: Floette\n|-singleturn|p2b: Floette|Protect\n|move|p2a: Aerodactyl|Protect|p2a: Aerodactyl\n|-singleturn|p2a: Aerodactyl|Protect\n|move|p1b: Scovillain|Rage Powder|p1b: Scovillain\n|-singleturn|p1b: Scovillain|move: Rage Powder\n|\n|-weather|RainDance|[upkeep]\n|upkeep\n|turn|3\n|l| thatsaltyguy\n|\n|t:|1776356419\n|move|p1a: Pelipper|Muddy Water|p2a: Aerodactyl|[spread] p2a,p2b\n|-supereffective|p2a: Aerodactyl|1\n|-enditem|p2a: Aerodactyl|Focus Sash\n|-damage|p2a: Aerodactyl|1/100\n|-damage|p2b: Floette|64/100\n|-unboost|p2b: Floette|accuracy|1\n|move|p1b: Scovillain|Leaf Storm|p2b: Floette|[miss]\n|-miss|p1b: Scovillain|p2b: Floette\n|move|p2b: Floette|Dazzling Gleam|p1a: Pelipper|[spread] p1b\n|-miss|p2b: Floette|p1a: Pelipper\n|-resisted|p1b: Scovillain|1\n|-damage|p1b: Scovillain|78/100\n|-status|p2b: Floette|brn|[from] ability: Spicy Spray|[of] p1b: Scovillain\n|move|p2a: Aerodactyl|Rock Slide|p1a: Pelipper|[spread] p1a,p1b\n|-supereffective|p1a: Pelipper|1\n|-supereffective|p1b: Scovillain|1\n|-damage|p1a: Pelipper|45/100\n|-damage|p1b: Scovillain|25/100\n|-status|p2a: Aerodactyl|brn|[from] ability: Spicy Spray|[of] p1b: Scovillain\n|\n|-weather|RainDance|[upkeep]\n|-damage|p2b: Floette|58/100 brn|[from] brn\n|-damage|p2a: Aerodactyl|0 fnt|[from] brn\n|faint|p2a: Aerodactyl\n|upkeep\n|\n|t:|1776356434\n|switch|p2a: Kingambit|Kingambit, L50, M|100/100\n|turn|4\n|\n|t:|1776356445\n|move|p2a: Kingambit|Protect|p2a: Kingambit\n|-singleturn|p2a: Kingambit|Protect\n|move|p2b: Floette|Protect|p2b: Floette\n|-singleturn|p2b: Floette|Protect\n|move|p1a: Pelipper|Wide Guard|p1a: Pelipper\n|-singleturn|p1a: Pelipper|Wide Guard\n|move|p1b: Scovillain|Rage Powder|p1b: Scovillain\n|-singleturn|p1b: Scovillain|move: Rage Powder\n|\n|-weather|RainDance|[upkeep]\n|-damage|p2b: Floette|52/100 brn|[from] brn\n|upkeep\n|turn|5\n|\n|t:|1776356453\n|switch|p2b: Sneasler|Sneasler, L50, F|100/100\n|move|p1a: Pelipper|Wide Guard|p1a: Pelipper\n|-singleturn|p1a: Pelipper|Wide Guard\n|move|p2a: Kingambit|Kowtow Cleave|p1a: Pelipper\n|-crit|p1a: Pelipper\n|-damage|p1a: Pelipper|0 fnt\n|faint|p1a: Pelipper\n|move|p1b: Scovillain|Overheat|p2a: Kingambit\n|-supereffective|p2a: Kingambit|1\n|-damage|p2a: Kingambit|42/100\n|-unboost|p1b: Scovillain|spa|2\n|\n|-weather|RainDance|[upkeep]\n|-fieldend|move: Trick Room\n|upkeep\n|\n|t:|1776356469\n|switch|p1a: Kingambit|Kingambit, L50, F|100/100\n|turn|6\n|\n|t:|1776356477\n|move|p1b: Scovillain|Rage Powder|p1b: Scovillain\n|-singleturn|p1b: Scovillain|move: Rage Powder\n|move|p2b: Sneasler|Dire Claw|p1b: Scovillain\n|-supereffective|p1b: Scovillain|1\n|-damage|p1b: Scovillain|0 fnt\n|-status|p2b: Sneasler|brn|[from] ability: Spicy Spray|[of] p1b: Scovillain\n|faint|p1b: Scovillain\n|move|p2a: Kingambit|Low Kick|p1a: Kingambit\n|-supereffective|p1a: Kingambit|2\n|-damage|p1a: Kingambit|0 fnt\n|faint|p1a: Kingambit\n|\n|-weather|none\n|-damage|p2b: Sneasler|95/100 brn|[from] brn\n|upkeep\n|inactive|komaru365 has 30 seconds left.\n|-message|komaru365 forfeited.\n|\n|win|5wamp\n|raw|komaru365's rating: 1377 &rarr; <strong>1353</strong><br />(-24 for losing)\n|raw|5wamp's rating: 1305 &rarr; <strong>1329</strong><br />(+24 for winning)\n|l|\u2606komaru365\n|player|p1|\n",
  "uploadtime": 1776356505,
  "views": 30,
  "formatid": "gen9championsvgc2026regma",
  "rating": 1329,
  "private": 0,
  "password": null
}