{
  "id": "gen9championsvgc2026regma-2588118277",
  "format": "[Gen 9 Champions] VGC 2026 Reg M-A",
  "players": [
    "andrea_champions",
    "donusopp"
  ],
  "log": "|j|\u2606andrea_champions\n|j|\u2606donusopp\n|t:|1776606242\n|gametype|doubles\n|player|p1|andrea_champions|scientist|1067\n|player|p2|donusopp|dancer|1081\n|gen|9\n|tier|[Gen 9 Champions] VGC 2026 Reg M-A\n|rated|\n|rule|Species Clause: Limit one of each Pok\u00e9mon\n|rule|Item Clause: Limit 1 of each item\n|clearpoke\n|poke|p1|Meganium, L50, F|\n|poke|p1|Sneasler, L50, M|\n|poke|p1|Archaludon, L50, F|\n|poke|p1|Basculegion, L50, M|\n|poke|p1|Pelipper, L50, M|\n|poke|p1|Kingambit, L50, M|\n|poke|p2|Pelipper, L50, F|\n|poke|p2|Serperior, L50, F, shiny|\n|poke|p2|Ampharos, L50, F|\n|poke|p2|Krookodile, L50, F|\n|poke|p2|Gengar, L50, M|\n|poke|p2|Basculegion, L50, M|\n|teampreview|4\n|inactive|Battle timer is ON: inactive players will automatically lose when time's up. (requested by donusopp)\ndonusopp rejected open team sheets.\n|inactive|andrea_champions has 60 seconds left.\n|\n|t:|1776606276\n|teamsize|p1|4\n|teamsize|p2|4\n|start\n|switch|p1a: Sneasler|Sneasler, L50, M|100/100\n|switch|p1b: Pelipper|Pelipper, L50, M|100/100\n|switch|p2a: Gengar|Gengar, L50, M|100/100\n|switch|p2b: Basculegion|Basculegion, L50, M|100/100\n|-weather|RainDance|[from] ability: Drizzle|[of] p1b: Pelipper\n|turn|1\n|\n|t:|1776606296\n|detailschange|p2a: Gengar|Gengar-Mega, L50, M\n|-mega|p2a: Gengar|Gengar|Gengarite\n|move|p2b: Basculegion|Protect|p2b: Basculegion\n|-singleturn|p2b: Basculegion|Protect\n|move|p2a: Gengar|Protect|p2a: Gengar\n|-singleturn|p2a: Gengar|Protect\n|move|p1a: Sneasler|Protect|p1a: Sneasler\n|-singleturn|p1a: Sneasler|Protect\n|move|p1b: Pelipper|Tailwind|p1b: Pelipper\n|-sidestart|p1: andrea_champions|move: Tailwind\n|\n|-weather|RainDance|[upkeep]\n|upkeep\n|turn|2\n|\n|t:|1776606320\n|move|p1a: Sneasler|Dire Claw|p2a: Gengar\n|-resisted|p2a: Gengar|2\n|-damage|p2a: Gengar|84/100\n|move|p1b: Pelipper|Hurricane|p2a: Gengar\n|-damage|p2a: Gengar|21/100\n|-start|p2a: Gengar|confusion\n|move|p2b: Basculegion|Soak|p1a: Sneasler\n|-start|p1a: Sneasler|typechange|Water\n|-activate|p2a: Gengar|confusion\n|-damage|p2a: Gengar|12/100|[from] confusion\n|\n|-weather|RainDance|[upkeep]\n|upkeep\n|turn|3\n|inactive|donusopp has 30 seconds left.\n|\n|t:|1776606347\n|switch|p2b: Ampharos|Ampharos, L50, F|100/100\n|-activate|p2a: Gengar|confusion\n|move|p2a: Gengar|Protect|p2a: Gengar\n|-singleturn|p2a: Gengar|Protect\n|move|p1a: Sneasler|Dire Claw|p2a: Gengar\n|-activate|p2a: Gengar|move: Protect\n|move|p1b: Pelipper|Hurricane|p2b: Ampharos\n|-resisted|p2b: Ampharos|1\n|-damage|p2b: Ampharos|82/100\n|\n|-weather|RainDance|[upkeep]\n|-heal|p2b: Ampharos|87/100|[from] item: Leftovers\n|upkeep\n|turn|4\n|inactive|andrea_champions has 30 seconds left.\n|inactive|donusopp has 30 seconds left.\n|inactive|andrea_champions has 20 seconds left.\n|inactive|andrea_champions has 15 seconds left.\n|\n|t:|1776606389\n|switch|p2a: Basculegion|Basculegion, L50, M|100/100\n|move|p1b: Pelipper|Protect|p1b: Pelipper\n|-singleturn|p1b: Pelipper|Protect\n|move|p1a: Sneasler|Dire Claw|p2a: Basculegion\n|-resisted|p2a: Basculegion|1\n|-damage|p2a: Basculegion|86/100\n|-status|p2a: Basculegion|par\n|move|p2b: Ampharos|Thunderbolt|p1b: Pelipper\n|-activate|p1b: Pelipper|move: Protect\n|\n|-weather|RainDance|[upkeep]\n|-heal|p2b: Ampharos|93/100|[from] item: Leftovers\n|-sideend|p1: andrea_champions|move: Tailwind\n|upkeep\n|turn|5\n|\n|t:|1776606410\n|switch|p1a: Basculegion|Basculegion, L50, M|100/100\n|move|p1b: Pelipper|Tailwind|p1b: Pelipper\n|-sidestart|p1: andrea_champions|move: Tailwind\n|move|p2a: Basculegion|Soak|p1a: Basculegion\n|-start|p1a: Basculegion|typechange|Water\n|move|p2b: Ampharos|Thunderbolt|p1b: Pelipper\n|-supereffective|p1b: Pelipper|2\n|-enditem|p1b: Pelipper|Focus Sash\n|-damage|p1b: Pelipper|1/100\n|\n|-weather|none\n|-heal|p2b: Ampharos|99/100|[from] item: Leftovers\n|upkeep\n|turn|6\n|inactive|andrea_champions has 30 seconds left.\n|\n|t:|1776606439\n|switch|p1b: Sneasler|Sneasler, L50, M|100/100\n|move|p2a: Basculegion|Aqua Jet|p1b: Sneasler\n|-damage|p1b: Sneasler|73/100\n|move|p1a: Basculegion|Flip Turn|p2b: Ampharos\n|-damage|p2b: Ampharos|60/100\n|\n|t:|1776606447\n|switch|p1a: Meganium|Meganium, L50, F|100/100|[from] Flip Turn\n|move|p2b: Ampharos|Thunderbolt|p1a: Meganium\n|-resisted|p1a: Meganium|1\n|-damage|p1a: Meganium|82/100\n|\n|-heal|p2b: Ampharos|66/100|[from] item: Leftovers\n|upkeep\n|turn|7\n|\n|t:|1776606461\n|detailschange|p1a: Meganium|Meganium-Mega, L50, F\n|-mega|p1a: Meganium|Meganium|Meganiumite\n|move|p2b: Ampharos|Protect|p2b: Ampharos\n|-singleturn|p2b: Ampharos|Protect\n|move|p2a: Basculegion|Protect|p2a: Basculegion\n|-singleturn|p2a: Basculegion|Protect\n|move|p1b: Sneasler|Fake Out|p2b: Ampharos\n|-activate|p2b: Ampharos|move: Protect\n|move|p1a: Meganium|Solar Beam||[still]\n|-prepare|p1a: Meganium|Solar Beam\n|-activate|p1a: Meganium|ability: Mega Sol\n|-anim|p1a: Meganium|Solar Beam|p2a: Basculegion\n|-activate|p2a: Basculegion|move: Protect\n|\n|-heal|p2b: Ampharos|72/100|[from] item: Leftovers\n|upkeep\n|turn|8\n|inactive|donusopp has 30 seconds left.\n|inactive|donusopp has 20 seconds left.\n|inactive|donusopp has 15 seconds left.\n|\n|t:|1776606502\n|switch|p2a: Serperior|Serperior, L50, F, shiny|100/100\n|move|p1b: Sneasler|Dire Claw|p2b: Ampharos\n|-damage|p2b: Ampharos|19/100\n|-status|p2b: Ampharos|slp\n|move|p1a: Meganium|Solar Beam||[still]\n|-prepare|p1a: Meganium|Solar Beam\n|-activate|p1a: Meganium|ability: Mega Sol\n|-anim|p1a: Meganium|Solar Beam|p2a: Serperior\n|-resisted|p2a: Serperior|1\n|-damage|p2a: Serperior|63/100\n|cant|p2b: Ampharos|slp\n|\n|-heal|p2b: Ampharos|25/100 slp|[from] item: Leftovers\n|-sideend|p1: andrea_champions|move: Tailwind\n|upkeep\n|turn|9\n|\n|t:|1776606526\n|switch|p1a: Pelipper|Pelipper, L50, M|1/100\n|-weather|RainDance|[from] ability: Drizzle|[of] p1a: Pelipper\n|move|p1b: Sneasler|Dire Claw|p2a: Serperior\n|-supereffective|p2a: Serperior|1\n|-damage|p2a: Serperior|0 fnt\n|faint|p2a: Serperior\n|cant|p2b: Ampharos|slp\n|\n|-weather|RainDance|[upkeep]\n|-heal|p2b: Ampharos|31/100 slp|[from] item: Leftovers\n|upkeep\n|\n|t:|1776606538\n|switch|p2a: Gengar|Gengar-Mega, L50, M|12/100\n|turn|10\n|\n|t:|1776606556\n|move|p2a: Gengar|Taunt|p1a: Pelipper\n|-start|p1a: Pelipper|move: Taunt\n|move|p1b: Sneasler|Dire Claw|p2a: Gengar\n|-resisted|p2a: Gengar|2\n|-damage|p2a: Gengar|0 fnt\n|faint|p2a: Gengar\n|cant|p1a: Pelipper|move: Taunt|Tailwind\n|-curestatus|p2b: Ampharos|slp|[msg]\n|move|p2b: Ampharos|Dazzling Gleam|p1a: Pelipper|[spread] p1a,p1b\n|-damage|p1a: Pelipper|0 fnt\n|-damage|p1b: Sneasler|46/100\n|faint|p1a: Pelipper\n|\n|-weather|RainDance|[upkeep]\n|-heal|p2b: Ampharos|37/100|[from] item: Leftovers\n|upkeep\n|\n|t:|1776606566\n|switch|p2a: Basculegion|Basculegion, L50, M|86/100 par\n|switch|p1a: Basculegion|Basculegion, L50, M|100/100\n|turn|11\n|\n|t:|1776606586\n|move|p1a: Basculegion|Last Respects|p2a: Basculegion\n|-supereffective|p2a: Basculegion|1\n|-damage|p2a: Basculegion|0 fnt\n|faint|p2a: Basculegion\n|move|p1b: Sneasler|Close Combat|p2b: Ampharos\n|-damage|p2b: Ampharos|0 fnt\n|-unboost|p1b: Sneasler|def|1\n|-unboost|p1b: Sneasler|spd|1\n|-status|p1b: Sneasler|par|[from] ability: Static|[of] p2b: Ampharos\n|faint|p2b: Ampharos\n|\n|win|andrea_champions\n|raw|andrea_champions's rating: 1067 &rarr; <strong>1098</strong><br />(+31 for winning)\n|raw|donusopp's rating: 1081 &rarr; <strong>1058</strong><br />(-23 for losing)\n|l|\u2606donusopp\n|player|p2|\n",
  "uploadtime": 1776606606,
  "views": 6,
  "formatid": "gen9championsvgc2026regma",
  "rating": 1058,
  "private": 0,
  "password": null
}