{
  "id": "gen9championsvgc2026regma-2583722450",
  "format": "[Gen 9 Champions] VGC 2026 Reg M-A",
  "players": [
    "guerrasz",
    "Yunobo7"
  ],
  "log": "|j|\u2606guerrasz\n|j|\u2606Yunobo7\n|t:|1776193259\n|gametype|doubles\n|player|p1|guerrasz|bellelba|1088\n|player|p2|Yunobo7|miku-ghost|1040\n|gen|9\n|tier|[Gen 9 Champions] VGC 2026 Reg M-A\n|rated|\n|rule|Species Clause: Limit one of each Pok\u00e9mon\n|rule|Item Clause: Limit 1 of each item\n|clearpoke\n|poke|p1|Charizard, L50, F|\n|poke|p1|Basculegion, L50, M|\n|poke|p1|Incineroar, L50, F|\n|poke|p1|Venusaur, L50, M|\n|poke|p1|Sneasler, L50, M|\n|poke|p1|Garchomp, L50, F|\n|poke|p2|Charizard, L50, F|\n|poke|p2|Sneasler, L50, M|\n|poke|p2|Milotic, L50, M|\n|poke|p2|Incineroar, L50, F|\n|poke|p2|Sinistcha, L50|\n|poke|p2|Garchomp, L50, M|\n|teampreview|4\n|inactive|Battle timer is ON: inactive players will automatically lose when time's up. (requested by Yunobo7)\n|inactive|guerrasz also wants the timer to be on.\nguerrasz has agreed to open team sheets.\n|inactive|Yunobo7 has 60 seconds left.\n|\n|t:|1776193293\n|teamsize|p1|4\n|teamsize|p2|4\n|start\n|switch|p1a: Charizard|Charizard, L50, F|100/100\n|switch|p1b: Venusaur|Venusaur, L50, M|100/100\n|switch|p2a: Charizard|Charizard, L50, F|100/100\n|switch|p2b: Sneasler|Sneasler, L50, M|100/100\n|turn|1\n|\n|t:|1776193318\n|detailschange|p2a: Charizard|Charizard-Mega-X, L50, F\n|-mega|p2a: Charizard|Charizard|Charizardite X\n|move|p1a: Charizard|Protect|p1a: Charizard\n|-singleturn|p1a: Charizard|Protect\n|move|p1b: Venusaur|Protect|p1b: Venusaur\n|-singleturn|p1b: Venusaur|Protect\n|move|p2b: Sneasler|Fake Out|p1b: Venusaur\n|-activate|p1b: Venusaur|move: Protect\n|move|p2a: Charizard|Dragon Dance|p2a: Charizard\n|-boost|p2a: Charizard|atk|1\n|-boost|p2a: Charizard|spe|1\n|\n|upkeep\n|turn|2\n|\n|t:|1776193336\n|detailschange|p1a: Charizard|Charizard-Mega-Y, L50, F\n|-mega|p1a: Charizard|Charizard|Charizardite Y\n|-weather|SunnyDay|[from] ability: Drought|[of] p1a: Charizard\n|move|p1b: Venusaur|Sleep Powder|p2a: Charizard\n|-status|p2a: Charizard|slp|[from] move: Sleep Powder\n|cant|p2a: Charizard|slp\n|move|p2b: Sneasler|Dire Claw|p1b: Venusaur\n|-damage|p1b: Venusaur|45/100\n|move|p1a: Charizard|Air Slash|p2b: Sneasler\n|-supereffective|p2b: Sneasler|1\n|-damage|p2b: Sneasler|0 fnt\n|faint|p2b: Sneasler\n|\n|-weather|SunnyDay|[upkeep]\n|upkeep\n|\n|t:|1776193350\n|switch|p2b: Incineroar|Incineroar, L50, F|100/100\n|-ability|p2b: Incineroar|Intimidate|boost\n|-unboost|p1a: Charizard|atk|1\n|-unboost|p1b: Venusaur|atk|1\n|turn|3\n|inactive|guerrasz has 30 seconds left.\n|\n|t:|1776193377\n|move|p2b: Incineroar|Fake Out|p1b: Venusaur\n|-damage|p1b: Venusaur|30/100\n|cant|p1b: Venusaur|flinch\n|-curestatus|p2a: Charizard|slp|[msg]\n|move|p2a: Charizard|Dragon Dance|p2a: Charizard\n|-boost|p2a: Charizard|atk|1\n|-boost|p2a: Charizard|spe|1\n|move|p1a: Charizard|Heat Wave|p2a: Charizard|[spread] p2a\n|-miss|p1a: Charizard|p2b: Incineroar\n|-resisted|p2a: Charizard|2\n|-damage|p2a: Charizard|81/100\n|\n|-weather|SunnyDay|[upkeep]\n|upkeep\n|turn|4\n|\n|t:|1776193392\n|move|p2a: Charizard|Dragon Claw|p1b: Venusaur\n|-damage|p1b: Venusaur|0 fnt\n|faint|p1b: Venusaur\n|move|p1a: Charizard|Air Slash|p2a: Charizard\n|-damage|p2a: Charizard|24/100\n|move|p2b: Incineroar|Parting Shot|p1a: Charizard\n|-unboost|p1a: Charizard|atk|1\n|-unboost|p1a: Charizard|spa|1\n|\n|t:|1776193396\n|switch|p2b: Sinistcha|Sinistcha, L50|100/100|[from] Parting Shot\n|-heal|p2a: Charizard|49/100|[from] ability: Hospitality|[of] p2b: Sinistcha\n|\n|-weather|SunnyDay|[upkeep]\n|upkeep\n|inactive|guerrasz has 30 seconds left.\n|\n|t:|1776193423\n|switch|p1b: Basculegion|Basculegion, L50, M|100/100\n|turn|5\n|inactive|guerrasz has 30 seconds left.\n|inactive|guerrasz has 20 seconds left.\n|inactive|guerrasz has 15 seconds left.\n|inactive|guerrasz has 10 seconds left.\n|\n|t:|1776193470\n|move|p2b: Sinistcha|Rage Powder|p2b: Sinistcha\n|-singleturn|p2b: Sinistcha|move: Rage Powder\n|move|p2a: Charizard|Dragon Claw|p1a: Charizard\n|-damage|p1a: Charizard|0 fnt\n|faint|p1a: Charizard\n|move|p1b: Basculegion|Flip Turn|p2b: Sinistcha\n|-resisted|p2b: Sinistcha|1\n|-damage|p2b: Sinistcha|92/100\n|\n|t:|1776193477\n|switch|p1b: Garchomp|Garchomp, L50, F|100/100|[from] Flip Turn\n|\n|-weather|SunnyDay|[upkeep]\n|upkeep\n|\n|t:|1776193478\n|switch|p1a: Basculegion|Basculegion, L50, M|100/100\n|turn|6\n|\n|t:|1776193486\n|switch|p2b: Incineroar|Incineroar, L50, F|100/100\n|-ability|p2b: Incineroar|Intimidate|boost\n|-unboost|p1a: Basculegion|atk|1\n|-unboost|p1b: Garchomp|atk|1\n|move|p2a: Charizard|Protect|p2a: Charizard\n|-singleturn|p2a: Charizard|Protect\n|move|p1a: Basculegion|Last Respects|p2b: Incineroar\n|-resisted|p2b: Incineroar|1\n|-damage|p2b: Incineroar|71/100\n|move|p1b: Garchomp|Rock Slide|p2b: Incineroar|[spread] p2b\n|-activate|p2a: Charizard|move: Protect\n|-supereffective|p2b: Incineroar|1\n|-damage|p2b: Incineroar|48/100\n|-enditem|p2b: Incineroar|Sitrus Berry|[eat]\n|-heal|p2b: Incineroar|73/100|[from] item: Sitrus Berry\n|\n|-weather|none\n|upkeep\n|turn|7\n|\n|t:|1776193500\n|move|p2b: Incineroar|Fake Out|p1b: Garchomp\n|-damage|p1b: Garchomp|90/100\n|-damage|p2b: Incineroar|60/100|[from] ability: Rough Skin|[of] p1b: Garchomp\n|move|p2a: Charizard|Dragon Claw|p1a: Basculegion\n|-damage|p1a: Basculegion|0 fnt\n|faint|p1a: Basculegion\n|cant|p1b: Garchomp|flinch\n|\n|upkeep\n|turn|8\n|\n|t:|1776193508\n|switch|p2b: Sinistcha|Sinistcha, L50|92/100\n|-heal|p2a: Charizard|73/100|[from] ability: Hospitality|[of] p2b: Sinistcha\n|move|p2a: Charizard|Protect|p2a: Charizard\n|-singleturn|p2a: Charizard|Protect\n|move|p1b: Garchomp|Rock Slide|p2b: Sinistcha|[spread] p2b\n|-activate|p2a: Charizard|move: Protect\n|-damage|p2b: Sinistcha|80/100\n|\n|upkeep\n|turn|9\n|\n|t:|1776193518\n|move|p2b: Sinistcha|Rage Powder|p2b: Sinistcha\n|-singleturn|p2b: Sinistcha|move: Rage Powder\n|move|p2a: Charizard|Dragon Claw|p1b: Garchomp\n|-supereffective|p1b: Garchomp|1\n|-enditem|p1b: Garchomp|Haban Berry|[eat]\n|-enditem|p1b: Garchomp|Haban Berry|[weaken]\n|-damage|p1b: Garchomp|0 fnt\n|-damage|p2a: Charizard|61/100|[from] ability: Rough Skin|[of] p1b: Garchomp\n|faint|p1b: Garchomp\n|\n|win|Yunobo7\n|raw|guerrasz's rating: 1088 &rarr; <strong>1062</strong><br />(-26 for losing)\n|raw|Yunobo7's rating: 1040 &rarr; <strong>1079</strong><br />(+39 for winning)\n|l|\u2606guerrasz\n|player|p1|\n",
  "uploadtime": 1776193529,
  "views": 26,
  "formatid": "gen9championsvgc2026regma",
  "rating": 1062,
  "private": 0,
  "password": null
}