{
  "id": "gen9championsvgc2026regma-2587696175",
  "format": "[Gen 9 Champions] VGC 2026 Reg M-A",
  "players": [
    "NeatoIsNeat",
    "Jorale22"
  ],
  "log": "|j|\u2606NeatoIsNeat\n|j|\u2606Jorale22\n|t:|1776554827\n|gametype|doubles\n|player|p1|NeatoIsNeat|101|1102\n|player|p2|Jorale22|scientist|1111\n|gen|9\n|tier|[Gen 9 Champions] VGC 2026 Reg M-A\n|rated|\n|rule|Species Clause: Limit one of each Pok\u00e9mon\n|rule|Item Clause: Limit 1 of each item\n|clearpoke\n|poke|p1|Espathra, L50, F|\n|poke|p1|Floette-Eternal, L50, F|\n|poke|p1|Hydreigon, L50, F|\n|poke|p1|Garchomp, L50, F|\n|poke|p1|Ceruledge, L50, F|\n|poke|p1|Kangaskhan, L50, F|\n|poke|p2|Gengar, L50, M|\n|poke|p2|Politoed, L50, M|\n|poke|p2|Incineroar, L50, M|\n|poke|p2|Sinistcha, L50|\n|poke|p2|Garchomp, L50, F|\n|poke|p2|Archaludon, L50, M|\n|teampreview|4\n|inactive|Battle timer is ON: inactive players will automatically lose when time's up. (requested by NeatoIsNeat)\n|\n|t:|1776554851\n|teamsize|p1|4\n|teamsize|p2|4\n|start\n|switch|p1a: Espathra|Espathra, L50, F|100/100\n|switch|p1b: Hydreigon|Hydreigon, L50, F|100/100\n|switch|p2a: Gengar|Gengar, L50, M|100/100\n|switch|p2b: Politoed|Politoed, L50, M|100/100\n|-weather|RainDance|[from] ability: Drizzle|[of] p2b: Politoed\n|turn|1\n|inactive|Jorale22 has 30 seconds left.\n|inactive|Jorale22 has 20 seconds left.\n|inactive|Jorale22 has 15 seconds left.\n|inactive|Jorale22 has 10 seconds left.\n|\n|t:|1776554898\n|detailschange|p2a: Gengar|Gengar-Mega, L50, M\n|-mega|p2a: Gengar|Gengar|Gengarite\n|move|p2a: Gengar|Protect|p2a: Gengar\n|-singleturn|p2a: Gengar|Protect\n|move|p1a: Espathra|Protect|p1a: Espathra\n|-singleturn|p1a: Espathra|Protect\n|move|p1b: Hydreigon|Dark Pulse|p2a: Gengar\n|-activate|p2a: Gengar|move: Protect\n|move|p2b: Politoed|Encore|p1b: Hydreigon\n|-start|p1b: Hydreigon|Encore\n|\n|-weather|RainDance|[upkeep]\n|-ability|p1a: Espathra|Speed Boost|boost\n|-boost|p1a: Espathra|spe|1\n|upkeep\n|turn|2\n|inactive|Jorale22 has 30 seconds left.\n|\n|t:|1776554926\n|switch|p2a: Incineroar|Incineroar, L50, M|100/100\n|-ability|p2a: Incineroar|Intimidate|boost\n|-unboost|p1a: Espathra|atk|1\n|-unboost|p1b: Hydreigon|atk|1\n|move|p1a: Espathra|Lumina Crash|p2a: Incineroar\n|-immune|p2a: Incineroar\n|move|p1b: Hydreigon|Dark Pulse|p2a: Incineroar\n|-resisted|p2a: Incineroar|1\n|-damage|p2a: Incineroar|81/100\n|move|p2b: Politoed|Perish Song|p2b: Politoed\n|-start|p1a: Espathra|perish3|[silent]\n|-start|p1b: Hydreigon|perish3|[silent]\n|-start|p2a: Incineroar|perish3|[silent]\n|-start|p2b: Politoed|perish3|[silent]\n|-fieldactivate|move: Perish Song\n|\n|-weather|RainDance|[upkeep]\n|-start|p1a: Espathra|perish3\n|-start|p1b: Hydreigon|perish3\n|-start|p2b: Politoed|perish3\n|-start|p2a: Incineroar|perish3\n|-ability|p1a: Espathra|Speed Boost|boost\n|-boost|p1a: Espathra|spe|1\n|upkeep\n|turn|3\n|inactive|NeatoIsNeat has 30 seconds left.\n|inactive|Jorale22 has 30 seconds left.\n|inactive|NeatoIsNeat has 20 seconds left.\n|inactive|Jorale22 has 20 seconds left.\n|inactive|Jorale22 has 15 seconds left.\n|inactive|Jorale22 has 10 seconds left.\n|inactive|Jorale22 has 5 seconds left.\n|\n|t:|1776554979\n|switch|p1a: Garchomp|Garchomp, L50, F|100/100\n|move|p2b: Politoed|Protect|p2b: Politoed\n|-singleturn|p2b: Politoed|Protect\n|move|p1b: Hydreigon|Dark Pulse|p2b: Politoed\n|-activate|p2b: Politoed|move: Protect\n|move|p2a: Incineroar|Parting Shot|p1b: Hydreigon\n|-unboost|p1b: Hydreigon|atk|1\n|-unboost|p1b: Hydreigon|spa|1\n|\n|t:|1776554990\n|switch|p2a: Gengar|Gengar-Mega, L50, M|100/100|[from] Parting Shot\n|\n|-weather|RainDance|[upkeep]\n|-start|p1b: Hydreigon|perish2\n|-start|p2b: Politoed|perish2\n|upkeep\n|turn|4\n|inactive|Jorale22 has 30 seconds left.\n|\n|t:|1776555017\n|move|p2a: Gengar|Protect|p2a: Gengar\n|-singleturn|p2a: Gengar|Protect\n|move|p1b: Hydreigon|Dark Pulse|p2b: Politoed\n|-damage|p2b: Politoed|79/100\n|move|p1a: Garchomp|Stomping Tantrum|p2b: Politoed\n|-damage|p2b: Politoed|35/100\n|-enditem|p2b: Politoed|Sitrus Berry|[eat]\n|-heal|p2b: Politoed|59/100|[from] item: Sitrus Berry\n|move|p2b: Politoed|Weather Ball|p1a: Garchomp\n|-damage|p1a: Garchomp|45/100\n|\n|-weather|RainDance|[upkeep]\n|-end|p1b: Hydreigon|Encore\n|-start|p1b: Hydreigon|perish1\n|-start|p2b: Politoed|perish1\n|upkeep\n|turn|5\n|inactive|Jorale22 has 30 seconds left.\n|inactive|Jorale22 has 20 seconds left.\n|inactive|Jorale22 has 15 seconds left.\n|inactive|Jorale22 has 10 seconds left.\n|\n|t:|1776555066\n|switch|p2a: Incineroar|Incineroar, L50, M|81/100\n|-ability|p2a: Incineroar|Intimidate|boost\n|-unboost|p1a: Garchomp|atk|1\n|-unboost|p1b: Hydreigon|atk|1\n|-enditem|p1a: Garchomp|White Herb\n|-clearnegativeboost|p1a: Garchomp|[silent]\n|switch|p2b: Garchomp|Garchomp, L50, F|100/100\n|move|p1b: Hydreigon|Dark Pulse|p2b: Garchomp\n|-damage|p2b: Garchomp|65/100\n|move|p1a: Garchomp|Stomping Tantrum|p2a: Incineroar\n|-supereffective|p2a: Incineroar|1\n|-enditem|p2a: Incineroar|Shuca Berry|[eat]\n|-enditem|p2a: Incineroar|Shuca Berry|[weaken]\n|-damage|p2a: Incineroar|52/100\n|\n|-weather|none\n|-start|p1b: Hydreigon|perish0\n|upkeep\n|faint|p1b: Hydreigon\n|\n|t:|1776555082\n|switch|p1b: Floette|Floette-Eternal, L50, F|100/100\n|turn|6\n|\n|t:|1776555105\n|detailschange|p1b: Floette|Floette-Mega, L50, F\n|-mega|p1b: Floette|Floette|Floettite\n|-ability|p1b: Floette|Fairy Aura\n|move|p2a: Incineroar|Fake Out|p1b: Floette\n|-damage|p1b: Floette|87/100\n|move|p2b: Garchomp|Dragon Claw|p1a: Garchomp\n|-supereffective|p1a: Garchomp|1\n|-damage|p1a: Garchomp|0 fnt\n|-damage|p2b: Garchomp|52/100|[from] ability: Rough Skin|[of] p1a: Garchomp\n|faint|p1a: Garchomp\n|cant|p1b: Floette|flinch\n|\n|upkeep\n|\n|t:|1776555112\n|switch|p1a: Espathra|Espathra, L50, F|100/100\n|turn|7\n|inactive|Jorale22 has 30 seconds left.\n|\n|t:|1776555142\n|switch|p2b: Politoed|Politoed, L50, M|59/100\n|-weather|RainDance|[from] ability: Drizzle|[of] p2b: Politoed\n|move|p1a: Espathra|Helping Hand|p1b: Floette\n|-singleturn|p1b: Floette|Helping Hand|[of] p1a: Espathra\n|move|p1b: Floette|Dazzling Gleam|p2a: Incineroar|[spread] p2a,p2b\n|-damage|p2a: Incineroar|0 fnt\n|-damage|p2b: Politoed|6/100\n|faint|p2a: Incineroar\n|\n|-weather|RainDance|[upkeep]\n|-ability|p1a: Espathra|Speed Boost|boost\n|-boost|p1a: Espathra|spe|1\n|upkeep\n|\n|t:|1776555158\n|switch|p2a: Gengar|Gengar-Mega, L50, M|100/100\n|turn|8\n|\n|t:|1776555169\n|move|p1b: Floette|Protect|p1b: Floette\n|-singleturn|p1b: Floette|Protect\n|move|p2b: Politoed|Protect|p2b: Politoed\n|-singleturn|p2b: Politoed|Protect\n|move|p1a: Espathra|Lumina Crash|p2a: Gengar\n|-supereffective|p2a: Gengar|1\n|-damage|p2a: Gengar|24/100\n|-unboost|p2a: Gengar|spd|2\n|move|p2a: Gengar|Perish Song|p2a: Gengar\n|-start|p1a: Espathra|perish3|[silent]\n|-start|p1b: Floette|perish3|[silent]\n|-start|p2a: Gengar|perish3|[silent]\n|-start|p2b: Politoed|perish3|[silent]\n|-fieldactivate|move: Perish Song\n|\n|-weather|RainDance|[upkeep]\n|-start|p1a: Espathra|perish3\n|-start|p2a: Gengar|perish3\n|-start|p1b: Floette|perish3\n|-start|p2b: Politoed|perish3\n|-ability|p1a: Espathra|Speed Boost|boost\n|-boost|p1a: Espathra|spe|1\n|upkeep\n|turn|9\n|inactive|Jorale22 has 30 seconds left.\n|\n|t:|1776555204\n|move|p2a: Gengar|Protect|p2a: Gengar\n|-singleturn|p2a: Gengar|Protect\n|move|p1a: Espathra|Lumina Crash|p2b: Politoed\n|-damage|p2b: Politoed|0 fnt\n|faint|p2b: Politoed\n|move|p1b: Floette|Dazzling Gleam|p2a: Gengar\n|-activate|p2a: Gengar|move: Protect\n|\n|-weather|RainDance|[upkeep]\n|-start|p1a: Espathra|perish2\n|-start|p2a: Gengar|perish2\n|-start|p1b: Floette|perish2\n|-ability|p1a: Espathra|Speed Boost|boost\n|-boost|p1a: Espathra|spe|1\n|upkeep\n|\n|t:|1776555218\n|switch|p2b: Garchomp|Garchomp, L50, F|52/100\n|turn|10\n|inactive|Jorale22 has 30 seconds left.\n|inactive|Jorale22 has 20 seconds left.\n|\n|t:|1776555258\n|move|p1a: Espathra|Lumina Crash|p2a: Gengar\n|-supereffective|p2a: Gengar|1\n|-damage|p2a: Gengar|0 fnt\n|faint|p2a: Gengar\n|move|p2b: Garchomp|Rock Slide|p1a: Espathra|[spread] p1a,p1b\n|-damage|p1a: Espathra|72/100\n|-damage|p1b: Floette|59/100\n|move|p1b: Floette|Moonblast|p2b: Garchomp\n|-supereffective|p2b: Garchomp|1\n|-damage|p2b: Garchomp|0 fnt\n|faint|p2b: Garchomp\n|\n|win|NeatoIsNeat\n|raw|NeatoIsNeat's rating: 1102 &rarr; <strong>1128</strong><br />(+26 for winning)\n|raw|Jorale22's rating: 1111 &rarr; <strong>1085</strong><br />(-26 for losing)\n",
  "uploadtime": 1776555259,
  "views": 11,
  "formatid": "gen9championsvgc2026regma",
  "rating": 1085,
  "private": 0,
  "password": null
}