{
  "id": "gen9championsvgc2026regma-2588049090",
  "format": "[Gen 9 Champions] VGC 2026 Reg M-A",
  "players": [
    "ppyyy-inertia",
    "Mikitrash"
  ],
  "log": "|j|\u2606ppyyy-inertia\n|j|\u2606Mikitrash\n|html|<table width=\"100%\"><tr><td align=\"left\">ppyyy-inertia</td><td align=\"right\">Mikitrash</tr><tr><td align=\"left\"><i class=\"fa fa-circle-o\"></i> <i class=\"fa fa-circle-o\"></i> </td><td align=\"right\"><i class=\"fa fa-circle-o\"></i> <i class=\"fa fa-circle-o\"></i> </tr></table>\n|uhtml|bestof|<h2><strong>Game 1</strong> of <a href=\"/game-bestof3-gen9championsvgc2026regma-2588049089\">a best-of-3</a></h2>\n|t:|1776597981\n|gametype|doubles\n|player|p1|ppyyy-inertia|elesa-gen5bw2|\n|player|p2|Mikitrash|tourist|\n|gen|9\n|tier|[Gen 9 Champions] VGC 2026 Reg M-A\n|rated|Tournament battle\n|rule|Species Clause: Limit one of each Pok\u00e9mon\n|rule|Item Clause: Limit 1 of each item\n|raw|<div class=\"infobox\"><details class=\"readmore\" open><summary><strong>2 custom rules:</strong></summary> Force Open Team Sheets, Best of = 3</details></div>\n|clearpoke\n|poke|p1|Incineroar, L50, M|\n|poke|p1|Floette-Eternal, L50, F, shiny|\n|poke|p1|Zoroark-Hisui, L50, F, shiny|\n|poke|p1|Tinkaton, L50, F, shiny|\n|poke|p1|Dragonite, L50, F, shiny|\n|poke|p1|Tsareena, L50, F, shiny|\n|poke|p2|Chandelure, L50, F, shiny|\n|poke|p2|Hydreigon, L50, F|\n|poke|p2|Whimsicott, L50, F|\n|poke|p2|Primarina, L50, M|\n|poke|p2|Tsareena, L50, F|\n|poke|p2|Excadrill, L50, M, shiny|\n|teampreview|4\n|showteam|p1|Incineroar||ChopleBerry|Intimidate|FakeOut,FlareBlitz,CloseCombat,PartingShot|||M|||50|]Floette-Eternal||Floettite|FlowerVeil|Moonblast,DazzlingGleam,CalmMind,Protect|||F|||50|]Zoroark-Hisui||FocusSash|Illusion|ShadowBall,IcyWind,WillOWisp,Protect|||F|||50|]Tinkaton||ShucaBerry|OwnTempo|FakeOut,GigatonHammer,Feint,PlayRough|||F|||50|]Dragonite||DragonFang|Multiscale|ScaleShot,ExtremeSpeed,Tailwind,Protect|||F|||50|]Tsareena||SitrusBerry|QueenlyMajesty|TropKick,LowKick,HelpingHand,Protect|||F|||50|\n|showteam|p2|Chandelure||Chandelurite|FlashFire|HeatWave,Overheat,Protect,ShadowBall|||F|||50|]Hydreigon||SitrusBerry|Levitate|Tailwind,Snarl,DracoMeteor,BreakingSwipe|||F|||50|]Whimsicott||FocusSash|Prankster|FakeTears,Moonblast,Tailwind,Taunt|||F|||50|]Primarina||MysticWater|LiquidVoice|HyperVoice,Moonblast,HydroPump,Protect|||M|||50|]Tsareena||YacheBerry|QueenlyMajesty|HighJumpKick,TropKick,Uturn,TripleAxel|||F|||50|]Excadrill||ChoiceScarf|MoldBreaker|Earthquake,RockSlide,IronHead,HighHorsepower|||M|||50|\n|j| giftedyew\n|\n|t:|1776598070\n|teamsize|p1|4\n|teamsize|p2|4\n|start\n|switch|p1a: Floette|Floette-Eternal, L50, F, shiny|100/100\n|switch|p1b: Tinkaton|Tinkaton, L50, F, shiny|100/100\n|switch|p2a: Whimsicott|Whimsicott, L50, F|100/100\n|switch|p2b: Hydreigon|Hydreigon, L50, F|100/100\n|turn|1\n|\n|t:|1776598093\n|switch|p2b: Tsareena|Tsareena, L50, F|100/100\n|move|p2a: Whimsicott|Fake Tears|p1a: Floette\n|-unboost|p1a: Floette|spd|2\n|move|p1a: Floette|Shadow Ball|p2b: Tsareena\n|-damage|p2b: Tsareena|54/100\n|move|p1b: Tinkaton|Gigaton Hammer|p2a: Whimsicott\n|-supereffective|p2a: Whimsicott|1\n|-enditem|p2a: Whimsicott|Focus Sash\n|-damage|p2a: Whimsicott|1/100\n|\n|upkeep\n|turn|2\n|\n|t:|1776598107\n|move|p2a: Whimsicott|Tailwind|p2a: Whimsicott\n|-sidestart|p2: Mikitrash|move: Tailwind\n|move|p2b: Tsareena|High Jump Kick|p1b: Tinkaton\n|-damage|p1b: Tinkaton|60/100\n|move|p1a: Floette|Icy Wind|p2a: Whimsicott|[spread] p2a\n|-miss|p1a: Floette|p2b: Tsareena\n|-supereffective|p2a: Whimsicott|1\n|-damage|p2a: Whimsicott|0 fnt\n|faint|p2a: Whimsicott\n|move|p1b: Tinkaton|Play Rough|p2b: Tsareena\n|-crit|p2b: Tsareena\n|-damage|p2b: Tsareena|0 fnt\n|faint|p2b: Tsareena\n|\n|upkeep\n|\n|t:|1776598111\n|switch|p2a: Chandelure|Chandelure, L50, F, shiny|100/100\n|switch|p2b: Hydreigon|Hydreigon, L50, F|100/100\n|turn|3\n|\n|t:|1776598132\n|switch|p1b: Incineroar|Incineroar, L50, M|100/100\n|-ability|p1b: Incineroar|Intimidate|boost\n|-unboost|p2a: Chandelure|atk|1\n|-unboost|p2b: Hydreigon|atk|1\n|detailschange|p2a: Chandelure|Chandelure-Mega, L50, F, shiny\n|-mega|p2a: Chandelure|Chandelure|Chandelurite\n|move|p1a: Floette|Protect|p1a: Floette\n|-singleturn|p1a: Floette|Protect\n|move|p2b: Hydreigon|Snarl|p1a: Floette|[spread] p1b\n|-activate|p1a: Floette|move: Protect\n|-resisted|p1b: Incineroar|1\n|-damage|p1b: Incineroar|93/100\n|-unboost|p1b: Incineroar|spa|1\n|move|p2a: Chandelure|Heat Wave|p1a: Floette|[spread] \n|-activate|p1a: Floette|move: Protect\n|-miss|p2a: Chandelure|p1b: Incineroar\n|\n|upkeep\n|turn|4\n|\n|t:|1776598145\n|move|p1b: Incineroar|Fake Out|p2b: Hydreigon\n|-damage|p2b: Hydreigon|89/100\n|cant|p2b: Hydreigon|flinch\n|move|p2a: Chandelure|Heat Wave|p1b: Incineroar|[spread] p1a,p1b\n|-resisted|p1b: Incineroar|1\n|-enditem|p1a: Floette|Focus Sash\n|-damage|p1a: Floette|1/100\n|-damage|p1b: Incineroar|67/100\n|replace|p1a: Zoroark|Zoroark-Hisui, L50, F, shiny\n|-end|p1a: Zoroark|Illusion\n|move|p1a: Zoroark|Icy Wind|p2a: Chandelure|[spread] p2a,p2b\n|-resisted|p2a: Chandelure|1\n|-supereffective|p2b: Hydreigon|1\n|-damage|p2a: Chandelure|92/100\n|-damage|p2b: Hydreigon|61/100\n|-unboost|p2a: Chandelure|spe|1\n|-unboost|p2b: Hydreigon|spe|1\n|\n|upkeep\n|turn|5\n|\n|t:|1776598164\n|move|p1a: Zoroark|Protect|p1a: Zoroark\n|-singleturn|p1a: Zoroark|Protect\n|move|p2b: Hydreigon|Snarl|p1b: Incineroar|[spread] p1b\n|-activate|p1a: Zoroark|move: Protect\n|-resisted|p1b: Incineroar|1\n|-damage|p1b: Incineroar|59/100\n|-unboost|p1b: Incineroar|spa|1\n|move|p2a: Chandelure|Heat Wave|p1b: Incineroar|[spread] \n|-activate|p1a: Zoroark|move: Protect\n|-miss|p2a: Chandelure|p1b: Incineroar\n|move|p1b: Incineroar|Parting Shot|p2a: Chandelure\n|-unboost|p2a: Chandelure|atk|1\n|-unboost|p2a: Chandelure|spa|1\n|\n|t:|1776598166\n|switch|p1b: Floette|Floette-Eternal, L50, F, shiny|100/100|[from] Parting Shot\n|\n|-sideend|p2: Mikitrash|move: Tailwind\n|upkeep\n|turn|6\n|\n|t:|1776598174\n|detailschange|p1b: Floette|Floette-Mega, L50, F, shiny\n|-mega|p1b: Floette|Floette|Floettite\n|-ability|p1b: Floette|Fairy Aura\n|move|p1a: Zoroark|Shadow Ball|p2a: Chandelure\n|-supereffective|p2a: Chandelure|1\n|-damage|p2a: Chandelure|0 fnt\n|faint|p2a: Chandelure\n|move|p1b: Floette|Dazzling Gleam|p2b: Hydreigon\n|-supereffective|p2b: Hydreigon|2\n|-damage|p2b: Hydreigon|0 fnt\n|faint|p2b: Hydreigon\n|\n|win|ppyyy-inertia\n||ppyyy-inertia is ready for game 2.\n|inactive|Mikitrash has 30 seconds to confirm battle start!\n||Mikitrash is ready for game 2.\n|uhtml|next|Next: <a href=\"/battle-gen9championsvgc2026regma-2588050627\"><strong>Game 2 of 3</strong></a>\n|l|\u2606Mikitrash\n|player|p2|\n",
  "uploadtime": 1776598183,
  "views": 6,
  "formatid": "gen9championsvgc2026regma",
  "rating": null,
  "private": 0,
  "password": null
}