{
  "id": "gen9championsvgc2026regma-2583025929",
  "format": "[Gen 9 Champions] VGC 2026 Reg M-A",
  "players": [
    "jyotsha",
    "dellpm1"
  ],
  "log": "|j|\u2606jyotsha\n|j|\u2606dellpm1\n|t:|1776134482\n|gametype|doubles\n|player|p1|jyotsha|102|1195\n|player|p2|dellpm1|1|1116\n|gen|9\n|tier|[Gen 9 Champions] VGC 2026 Reg M-A\n|rated|\n|rule|Species Clause: Limit one of each Pok\u00e9mon\n|rule|Item Clause: Limit 1 of each item\n|clearpoke\n|poke|p1|Floette-Eternal, L50, F|\n|poke|p1|Sinistcha, L50|\n|poke|p1|Sableye, L50, F|\n|poke|p1|Aegislash, L50, F|\n|poke|p1|Primarina, L50, M|\n|poke|p1|Incineroar, L50, M|\n|poke|p2|Aggron, L50, F|\n|poke|p2|Sinistcha, L50|\n|poke|p2|Incineroar, L50, F|\n|poke|p2|Pelipper, L50, M|\n|poke|p2|Maushold-Four, L50|\n|poke|p2|Aerodactyl, L50, M|\n|teampreview|4\n|inactive|Battle timer is ON: inactive players will automatically lose when time's up. (requested by jyotsha)\n|\n|t:|1776134502\n|teamsize|p1|4\n|teamsize|p2|4\n|start\n|switch|p1a: Primarina|Primarina, L50, M|100/100\n|switch|p1b: Sableye|Sableye, L50, F|100/100\n|switch|p2a: Aggron|Aggron, L50, F|100/100\n|switch|p2b: Incineroar|Incineroar, L50, F|100/100\n|-ability|p2b: Incineroar|Intimidate|boost\n|-unboost|p1a: Primarina|atk|1\n|-unboost|p1b: Sableye|atk|1\n|turn|1\n|\n|t:|1776134523\n|detailschange|p2a: Aggron|Aggron-Mega, L50, F\n|-mega|p2a: Aggron|Aggron|Aggronite\n|move|p2b: Incineroar|Fake Out|p1a: Primarina\n|-damage|p1a: Primarina|91/100\n|move|p1b: Sableye|Will-O-Wisp|p2a: Aggron\n|-status|p2a: Aggron|brn\n|cant|p1a: Primarina|flinch\n|move|p2a: Aggron|Iron Defense|p2a: Aggron\n|-boost|p2a: Aggron|def|2\n|\n|-heal|p1a: Primarina|97/100|[from] item: Leftovers\n|-damage|p2a: Aggron|94/100 brn|[from] brn\n|upkeep\n|turn|2\n|\n|t:|1776134543\n|move|p1b: Sableye|Encore|p2a: Aggron\n|-start|p2a: Aggron|Encore\n|move|p2b: Incineroar|Throat Chop|p1a: Primarina\n|-resisted|p1a: Primarina|1\n|-damage|p1a: Primarina|82/100\n|-start|p1a: Primarina|Throat Chop|[silent]\n|move|p1a: Primarina|Calm Mind|p1a: Primarina\n|-boost|p1a: Primarina|spa|1\n|-boost|p1a: Primarina|spd|1\n|move|p2a: Aggron|Iron Defense|p2a: Aggron\n|-boost|p2a: Aggron|def|2\n|\n|-heal|p1a: Primarina|88/100|[from] item: Leftovers\n|-damage|p2a: Aggron|88/100 brn|[from] brn\n|upkeep\n|turn|3\n|\n|t:|1776134563\n|move|p1b: Sableye|Light Screen|p1b: Sableye\n|-sidestart|p1: jyotsha|move: Light Screen\n|move|p2b: Incineroar|Parting Shot|p1a: Primarina\n|-unboost|p1a: Primarina|atk|1\n|-unboost|p1a: Primarina|spa|1\n|\n|t:|1776134568\n|switch|p2b: Sinistcha|Sinistcha, L50|100/100|[from] Parting Shot\n|-heal|p2a: Aggron|100/100 brn|[from] ability: Hospitality|[of] p2b: Sinistcha\n|move|p1a: Primarina|Calm Mind|p1a: Primarina\n|-boost|p1a: Primarina|spa|1\n|-boost|p1a: Primarina|spd|1\n|move|p2a: Aggron|Iron Defense|p2a: Aggron\n|-boost|p2a: Aggron|def|2\n|\n|-heal|p1a: Primarina|94/100|[from] item: Leftovers\n|-damage|p2a: Aggron|94/100 brn|[from] brn\n|-end|p1a: Primarina|Throat Chop|[silent]\n|upkeep\n|turn|4\n|\n|t:|1776134589\n|move|p1b: Sableye|Will-O-Wisp|p2b: Sinistcha\n|-status|p2b: Sinistcha|brn\n|move|p2b: Sinistcha|Shadow Ball|p1b: Sableye\n|-damage|p1b: Sableye|76/100\n|-unboost|p1b: Sableye|spd|1\n|move|p1a: Primarina|Hyper Voice|p2b: Sinistcha|[spread] p2a,p2b\n|-resisted|p2b: Sinistcha|1\n|-damage|p2a: Aggron|51/100 brn\n|-damage|p2b: Sinistcha|72/100 brn\n|move|p2a: Aggron|Iron Defense|p2a: Aggron\n|-boost|p2a: Aggron|def|0\n|\n|-heal|p2b: Sinistcha|78/100 brn|[from] item: Leftovers\n|-heal|p1a: Primarina|99/100|[from] item: Leftovers\n|-damage|p2b: Sinistcha|72/100 brn|[from] brn\n|-damage|p2a: Aggron|45/100 brn|[from] brn\n|-end|p2a: Aggron|Encore\n|upkeep\n|turn|5\n|inactive|jyotsha has 30 seconds left.\n|inactive|jyotsha has 20 seconds left.\n|inactive|jyotsha has 15 seconds left.\n|\n|t:|1776134633\n|move|p1b: Sableye|Encore|p2b: Sinistcha\n|-start|p2b: Sinistcha|Encore\n|move|p2b: Sinistcha|Shadow Ball|p1a: Primarina\n|-damage|p1a: Primarina|91/100\n|move|p1a: Primarina|Hyper Voice|p2b: Sinistcha|[spread] p2a,p2b\n|-resisted|p2b: Sinistcha|1\n|-damage|p2a: Aggron|2/100 brn\n|-damage|p2b: Sinistcha|45/100 brn\n|move|p2a: Aggron|Body Press|p1a: Primarina\n|-resisted|p1a: Primarina|1\n|-damage|p1a: Primarina|54/100\n|\n|-heal|p2b: Sinistcha|51/100 brn|[from] item: Leftovers\n|-heal|p1a: Primarina|60/100|[from] item: Leftovers\n|-damage|p2b: Sinistcha|45/100 brn|[from] brn\n|-damage|p2a: Aggron|0 fnt|[from] brn\n|faint|p2a: Aggron\n|upkeep\n|-message|dellpm1 forfeited.\n|\n|win|jyotsha\n|raw|jyotsha's rating: 1195 &rarr; <strong>1214</strong><br />(+19 for winning)\n|raw|dellpm1's rating: 1116 &rarr; <strong>1097</strong><br />(-19 for losing)\n",
  "uploadtime": 1776134646,
  "views": 10,
  "formatid": "gen9championsvgc2026regma",
  "rating": 1097,
  "private": 0,
  "password": null
}