{
  "id": "gen9championsvgc2026regma-2585623881",
  "format": "[Gen 9 Champions] VGC 2026 Reg M-A",
  "players": [
    "makoyouidiot",
    "oversoul47"
  ],
  "log": "|j|\u2606makoyouidiot\n|j|\u2606oversoul47\n|t:|1776359588\n|gametype|doubles\n|player|p1|makoyouidiot|acetrainersnow|1190\n|player|p2|oversoul47|hilbert|1119\n|gen|9\n|tier|[Gen 9 Champions] VGC 2026 Reg M-A\n|rated|\n|rule|Species Clause: Limit one of each Pok\u00e9mon\n|rule|Item Clause: Limit 1 of each item\n|clearpoke\n|poke|p1|Araquanid, L50, M|\n|poke|p1|Pelipper, L50, M|\n|poke|p1|Incineroar, L50, M|\n|poke|p1|Meganium, L50, F|\n|poke|p1|Archaludon, L50, M|\n|poke|p1|Sneasler, L50, M|\n|poke|p2|Politoed, L50, F|\n|poke|p2|Dragonite, L50, M|\n|poke|p2|Raichu, L50, F|\n|poke|p2|Meganium, L50, M|\n|poke|p2|Vivillon, L50, F|\n|poke|p2|Sneasler, L50, M|\n|teampreview|4\n|inactive|Battle timer is ON: inactive players will automatically lose when time's up. (requested by makoyouidiot)\noversoul47 has agreed to open team sheets.\n|\n|t:|1776359621\n|teamsize|p1|4\n|teamsize|p2|4\n|start\n|switch|p1a: Araquanid|Araquanid, L50, M|100/100\n|switch|p1b: Pelipper|Pelipper, L50, M|100/100\n|switch|p2a: Raichu|Raichu, L50, F|100/100\n|switch|p2b: Sneasler|Sneasler, L50, M|100/100\n|-weather|RainDance|[from] ability: Drizzle|[of] p1b: Pelipper\n|turn|1\n|\n|t:|1776359638\n|move|p1a: Araquanid|Protect|p1a: Araquanid\n|-singleturn|p1a: Araquanid|Protect\n|move|p2b: Sneasler|Fake Out|p1a: Araquanid\n|-activate|p1a: Araquanid|move: Protect\n|move|p2a: Raichu|Volt Switch|p1a: Araquanid\n|-activate|p1a: Araquanid|move: Protect\n|move|p1b: Pelipper|Tailwind|p1b: Pelipper\n|-sidestart|p1: makoyouidiot|move: Tailwind\n|\n|-weather|RainDance|[upkeep]\n|upkeep\n|turn|2\n|\n|t:|1776359661\n|move|p2b: Sneasler|Close Combat|p1a: Araquanid\n|-resisted|p1a: Araquanid|1\n|-damage|p1a: Araquanid|68/100\n|-unboost|p2b: Sneasler|def|1\n|-unboost|p2b: Sneasler|spd|1\n|-enditem|p2b: Sneasler|White Herb\n|-clearnegativeboost|p2b: Sneasler|[silent]\n|move|p2a: Raichu|Volt Switch|p1b: Pelipper\n|-supereffective|p1b: Pelipper|2\n|-enditem|p1b: Pelipper|Focus Sash\n|-damage|p1b: Pelipper|1/100\n|\n|t:|1776359666\n|switch|p2a: Meganium|Meganium, L50, M|100/100|[from] Volt Switch\n|move|p1b: Pelipper|Hurricane|p2b: Sneasler\n|-supereffective|p2b: Sneasler|1\n|-damage|p2b: Sneasler|5/100\n|-start|p2b: Sneasler|confusion\n|move|p1a: Araquanid|Liquidation|p2a: Meganium\n|-resisted|p2a: Meganium|1\n|-damage|p2a: Meganium|34/100\n|-unboost|p2a: Meganium|def|1\n|\n|-weather|RainDance|[upkeep]\n|upkeep\n|turn|3\n|\n|t:|1776359697\n|detailschange|p2a: Meganium|Meganium-Mega, L50, M\n|-mega|p2a: Meganium|Meganium|Meganiumite\n|move|p2a: Meganium|Protect|p2a: Meganium\n|-singleturn|p2a: Meganium|Protect\n|-activate|p2b: Sneasler|confusion\n|-damage|p2b: Sneasler|0 fnt|[from] confusion\n|faint|p2b: Sneasler\n|move|p1b: Pelipper|Hurricane|p2a: Meganium\n|-activate|p2a: Meganium|move: Protect\n|move|p1a: Araquanid|Liquidation|p2a: Meganium\n|-activate|p2a: Meganium|move: Protect\n|\n|-weather|RainDance|[upkeep]\n|upkeep\n|\n|t:|1776359701\n|switch|p2b: Vivillon|Vivillon, L50, F|100/100\n|turn|4\n|\n|t:|1776359721\n|move|p1b: Pelipper|Hurricane|p2b: Vivillon\n|-supereffective|p2b: Vivillon|1\n|-enditem|p2b: Vivillon|Focus Sash\n|-damage|p2b: Vivillon|1/100\n|-start|p2b: Vivillon|confusion\n|move|p2a: Meganium|Dazzling Gleam|p1b: Pelipper|[spread] p1a,p1b\n|-damage|p1a: Araquanid|41/100\n|-damage|p1b: Pelipper|0 fnt\n|faint|p1b: Pelipper\n|-activate|p2b: Vivillon|confusion\n|-damage|p2b: Vivillon|0 fnt|[from] confusion\n|faint|p2b: Vivillon\n|move|p1a: Araquanid|Poison Jab|p2a: Meganium\n|-supereffective|p2a: Meganium|2\n|-damage|p2a: Meganium|0 fnt\n|faint|p2a: Meganium\n|\n|-weather|RainDance|[upkeep]\n|-sideend|p1: makoyouidiot|move: Tailwind\n|upkeep\n|\n|t:|1776359741\n|switch|p2b: Raichu|Raichu, L50, F|100/100\n|switch|p1b: Sneasler|Sneasler, L50, M|100/100\n|turn|5\n|\n|t:|1776359758\n|move|p2b: Raichu|Protect|p2b: Raichu\n|-singleturn|p2b: Raichu|Protect\n|move|p1b: Sneasler|Fake Out|p2b: Raichu\n|-activate|p2b: Raichu|move: Protect\n|move|p1a: Araquanid|Liquidation|p2b: Raichu\n|-activate|p2b: Raichu|move: Protect\n|\n|-weather|none\n|upkeep\n|turn|6\n|\n|t:|1776359770\n|move|p1a: Araquanid|Protect|p1a: Araquanid\n|-singleturn|p1a: Araquanid|Protect\n|move|p2b: Raichu|Volt Switch|p1a: Araquanid\n|-activate|p1a: Araquanid|move: Protect\n|move|p1b: Sneasler|Dire Claw|p2b: Raichu\n|-damage|p2b: Raichu|2/100\n|\n|-heal|p2b: Raichu|8/100|[from] item: Leftovers\n|upkeep\n|turn|7\n|-message|oversoul47 forfeited.\n|\n|win|makoyouidiot\n|raw|makoyouidiot's rating: 1190 &rarr; <strong>1210</strong><br />(+20 for winning)\n|raw|oversoul47's rating: 1119 &rarr; <strong>1099</strong><br />(-20 for losing)\n|l|\u2606oversoul47\n|player|p2|\n",
  "uploadtime": 1776359791,
  "views": 40,
  "formatid": "gen9championsvgc2026regma",
  "rating": 1099,
  "private": 0,
  "password": null
}