{
  "id": "gen9championsvgc2026regma-2588250435",
  "format": "[Gen 9 Champions] VGC 2026 Reg M-A",
  "players": [
    "Pipopopo",
    "gsgxxxhuxdheb"
  ],
  "log": "|j|\u2606Pipopopo\n|j|\u2606gsgxxxhuxdheb\n|t:|1776618079\n|gametype|doubles\n|player|p1|Pipopopo|roxie|1083\n|player|p2|gsgxxxhuxdheb|170|1043\n|gen|9\n|tier|[Gen 9 Champions] VGC 2026 Reg M-A\n|rated|\n|rule|Species Clause: Limit one of each Pok\u00e9mon\n|rule|Item Clause: Limit 1 of each item\n|clearpoke\n|poke|p1|Heliolisk, L50, M|\n|poke|p1|Tyranitar, L50, F|\n|poke|p1|Chimecho, L50, M|\n|poke|p1|Kleavor, L50, F|\n|poke|p1|Araquanid, L50, M|\n|poke|p1|Sneasler, L50, F|\n|poke|p2|Chimecho, L50, F|\n|poke|p2|Slowbro, L50, F|\n|poke|p2|Manectric, L50, M|\n|poke|p2|Raichu, L50, F|\n|poke|p2|Tyranitar, L50, M|\n|poke|p2|Sandaconda, L50, F|\n|teampreview|4\n|inactive|Battle timer is ON: inactive players will automatically lose when time's up. (requested by Pipopopo)\nPipopopo rejected open team sheets.\n|inactive|Pipopopo has 60 seconds left.\n|inactive|gsgxxxhuxdheb has 60 seconds left.\n|\n|t:|1776618112\n|teamsize|p1|4\n|teamsize|p2|4\n|start\n|switch|p1a: Sneasler|Sneasler, L50, F|100/100\n|switch|p1b: Kleavor|Kleavor, L50, F|100/100\n|switch|p2a: Raichu|Raichu, L50, F|100/100\n|switch|p2b: Manectric|Manectric, L50, M|100/100\n|turn|1\n|c|\u2606gsgxxxhuxdheb|Gl hf\n|c|\u2606Pipopopo|gl\n|inactive|Pipopopo has 30 seconds left.\n|\n|t:|1776618142\n|move|p2a: Raichu|Discharge|p1b: Kleavor|[spread] p1a,p1b\n|-ability|p2b: Manectric|Lightning Rod|boost\n|-boost|p2b: Manectric|spa|1\n|-damage|p1a: Sneasler|70/100\n|-damage|p1b: Kleavor|68/100\n|-status|p1b: Kleavor|par\n|move|p2b: Manectric|Discharge|p1a: Sneasler|[spread] p1a,p1b\n|-ability|p2a: Raichu|Lightning Rod|boost\n|-boost|p2a: Raichu|spa|1\n|-damage|p1a: Sneasler|15/100\n|-damage|p1b: Kleavor|0 fnt\n|faint|p1b: Kleavor\n|move|p1a: Sneasler|Close Combat|p2b: Manectric\n|-damage|p2b: Manectric|0 fnt\n|-unboost|p1a: Sneasler|def|1\n|-unboost|p1a: Sneasler|spd|1\n|faint|p2b: Manectric\n|-enditem|p1a: Sneasler|White Herb\n|-clearnegativeboost|p1a: Sneasler|[silent]\n|\n|upkeep\n|\n|t:|1776618163\n|switch|p2b: Sandaconda|Sandaconda, L50, F|100/100\n|switch|p1b: Tyranitar|Tyranitar, L50, F|100/100\n|-weather|Sandstorm|[from] ability: Sand Stream|[of] p1b: Tyranitar\n|turn|2\n|\n|t:|1776618181\n|move|p1a: Sneasler|Close Combat|p2a: Raichu\n|-crit|p2a: Raichu\n|-damage|p2a: Raichu|0 fnt\n|-unboost|p1a: Sneasler|def|1\n|-unboost|p1a: Sneasler|spd|1\n|faint|p2a: Raichu\n|move|p2b: Sandaconda|Minimize|p2b: Sandaconda\n|-boost|p2b: Sandaconda|evasion|2\n|move|p1b: Tyranitar|Crunch|p2b: Sandaconda\n|-damage|p2b: Sandaconda|69/100\n|\n|-weather|Sandstorm|[upkeep]\n|-damage|p1a: Sneasler|9/100|[from] Sandstorm\n|upkeep\n|\n|t:|1776618192\n|switch|p2a: Slowbro|Slowbro, L50, F|100/100\n|turn|3\n|\n|t:|1776618201\n|detailschange|p2a: Slowbro|Slowbro-Mega, L50, F\n|-mega|p2a: Slowbro|Slowbro|Slowbronite\n|move|p1a: Sneasler|Coaching|p1b: Tyranitar\n|-boost|p1b: Tyranitar|atk|1\n|-boost|p1b: Tyranitar|def|1\n|move|p2b: Sandaconda|Minimize|p2b: Sandaconda\n|-boost|p2b: Sandaconda|evasion|2\n|move|p1b: Tyranitar|Crunch|p2a: Slowbro\n|-supereffective|p2a: Slowbro|1\n|-damage|p2a: Slowbro|40/100\n|move|p2a: Slowbro|Scald|p1a: Sneasler\n|-damage|p1a: Sneasler|0 fnt\n|faint|p1a: Sneasler\n|\n|-weather|Sandstorm|[upkeep]\n|-damage|p2a: Slowbro|34/100|[from] Sandstorm\n|upkeep\n|\n|t:|1776618216\n|switch|p1a: Araquanid|Araquanid, L50, M|100/100\n|turn|4\n|\n|t:|1776618228\n|move|p1a: Araquanid|Wide Guard|p1a: Araquanid\n|-singleturn|p1a: Araquanid|Wide Guard\n|move|p2b: Sandaconda|Substitute|p2b: Sandaconda\n|-start|p2b: Sandaconda|Substitute\n|-damage|p2b: Sandaconda|44/100\n|move|p1b: Tyranitar|Crunch|p2a: Slowbro\n|-supereffective|p2a: Slowbro|1\n|-damage|p2a: Slowbro|0 fnt\n|faint|p2a: Slowbro\n|\n|-weather|Sandstorm|[upkeep]\n|-damage|p1a: Araquanid|95/100|[from] Sandstorm\n|-heal|p1a: Araquanid|100/100|[from] item: Leftovers\n|upkeep\n|turn|5\n|\n|t:|1776618244\n|move|p1b: Tyranitar|Protect|p1b: Tyranitar\n|-singleturn|p1b: Tyranitar|Protect\n|move|p2b: Sandaconda|Minimize|p2b: Sandaconda\n|-boost|p2b: Sandaconda|evasion|2\n|move|p1a: Araquanid|Liquidation|p2b: Sandaconda|[miss]\n|-miss|p1a: Araquanid|p2b: Sandaconda\n|\n|-weather|Sandstorm|[upkeep]\n|-damage|p1a: Araquanid|95/100|[from] Sandstorm\n|-heal|p1a: Araquanid|100/100|[from] item: Leftovers\n|upkeep\n|turn|6\n|c|\u2606Pipopopo|oh hell nah\n|\n|t:|1776618260\n|move|p2b: Sandaconda|Coil|p2b: Sandaconda\n|-boost|p2b: Sandaconda|atk|1\n|-boost|p2b: Sandaconda|def|1\n|-boost|p2b: Sandaconda|accuracy|1\n|move|p1b: Tyranitar|Crunch|p2b: Sandaconda|[miss]\n|-miss|p1b: Tyranitar|p2b: Sandaconda\n|move|p1a: Araquanid|Liquidation|p2b: Sandaconda|[miss]\n|-miss|p1a: Araquanid|p2b: Sandaconda\n|\n|-weather|none\n|upkeep\n|turn|7\n|c|\u2606gsgxxxhuxdheb|Lol\n|\n|t:|1776618272\n|move|p2b: Sandaconda|Coil|p2b: Sandaconda\n|-boost|p2b: Sandaconda|atk|1\n|-boost|p2b: Sandaconda|def|1\n|-boost|p2b: Sandaconda|accuracy|1\n|move|p1b: Tyranitar|Crunch|p2b: Sandaconda|[miss]\n|-miss|p1b: Tyranitar|p2b: Sandaconda\n|move|p1a: Araquanid|Liquidation|p2b: Sandaconda\n|-supereffective|p2b: Sandaconda|1\n|-end|p2b: Sandaconda|Substitute\n|\n|upkeep\n|turn|8\n|c|\u2606Pipopopo|this shit funny as hell\n|\n|t:|1776618286\n|move|p2b: Sandaconda|Substitute|p2b: Sandaconda\n|-start|p2b: Sandaconda|Substitute\n|-damage|p2b: Sandaconda|19/100\n|move|p1b: Tyranitar|Crunch|p2b: Sandaconda|[miss]\n|-miss|p1b: Tyranitar|p2b: Sandaconda\n|move|p1a: Araquanid|Liquidation|p2b: Sandaconda|[miss]\n|-miss|p1a: Araquanid|p2b: Sandaconda\n|\n|upkeep\n|turn|9\n|c|\u2606gsgxxxhuxdheb|Sand veil and bright powder is gas\n|inactive|gsgxxxhuxdheb has 30 seconds left.\n|\n|t:|1776618312\n|move|p2b: Sandaconda|Earthquake|p1a: Araquanid|[spread] p1a,p1b\n|-resisted|p1a: Araquanid|1\n|-supereffective|p1b: Tyranitar|1\n|-damage|p1a: Araquanid|67/100\n|-damage|p1b: Tyranitar|28/100\n|move|p1b: Tyranitar|Crunch|p2b: Sandaconda\n|-activate|p2b: Sandaconda|move: Substitute|[damage]\n|move|p1a: Araquanid|Liquidation|p2b: Sandaconda|[miss]\n|-miss|p1a: Araquanid|p2b: Sandaconda\n|\n|-heal|p1a: Araquanid|72/100|[from] item: Leftovers\n|upkeep\n|turn|10\n|c|\u2606Pipopopo|bro you got sand veil as well????\n|c|\u2606Pipopopo|and bright powder???\n|c|\u2606gsgxxxhuxdheb|Yup lol\n|\n|t:|1776618334\n|move|p1a: Araquanid|Wide Guard|p1a: Araquanid\n|-singleturn|p1a: Araquanid|Wide Guard\n|move|p2b: Sandaconda|Earthquake|p1a: Araquanid|[spread] \n|-activate|p1a: Araquanid|move: Wide Guard\n|-activate|p1b: Tyranitar|move: Wide Guard\n|move|p1b: Tyranitar|Crunch|p2b: Sandaconda|[miss]\n|-miss|p1b: Tyranitar|p2b: Sandaconda\n|\n|-heal|p1a: Araquanid|78/100|[from] item: Leftovers\n|upkeep\n|turn|11\n|c|\u2606Pipopopo|this fkn guy\n|c|\u2606Pipopopo|unfortunately i got wide guard soooo\n|c|\u2606Pipopopo|we gonna be here for a while\n|inactive|Pipopopo has 30 seconds left.\n|\n|t:|1776618362\n|move|p1a: Araquanid|Wide Guard|p1a: Araquanid\n|-singleturn|p1a: Araquanid|Wide Guard\n|move|p2b: Sandaconda|Coil|p2b: Sandaconda\n|-boost|p2b: Sandaconda|atk|1\n|-boost|p2b: Sandaconda|def|1\n|-boost|p2b: Sandaconda|accuracy|1\n|move|p1b: Tyranitar|Crunch|p2b: Sandaconda|[miss]\n|-miss|p1b: Tyranitar|p2b: Sandaconda\n|\n|-heal|p1a: Araquanid|84/100|[from] item: Leftovers\n|upkeep\n|turn|12\n|c|\u2606gsgxxxhuxdheb|Yeahp\n|\n|t:|1776618375\n|move|p1a: Araquanid|Wide Guard|p1a: Araquanid\n|-singleturn|p1a: Araquanid|Wide Guard\n|move|p2b: Sandaconda|Earthquake|p1a: Araquanid|[spread] \n|-activate|p1a: Araquanid|move: Wide Guard\n|-activate|p1b: Tyranitar|move: Wide Guard\n|move|p1b: Tyranitar|Crunch|p2b: Sandaconda|[miss]\n|-miss|p1b: Tyranitar|p2b: Sandaconda\n|\n|-heal|p1a: Araquanid|89/100|[from] item: Leftovers\n|upkeep\n|turn|13\n|c|\u2606gsgxxxhuxdheb|The lefties are clutch for araq\n|c|\u2606Pipopopo|yea my goat fr fr\n|inactive|Pipopopo has 30 seconds left.\n|\n|t:|1776618408\n|move|p2b: Sandaconda|Coil|p2b: Sandaconda\n|-boost|p2b: Sandaconda|atk|1\n|-boost|p2b: Sandaconda|def|1\n|-boost|p2b: Sandaconda|accuracy|1\n|move|p1b: Tyranitar|Crunch|p2b: Sandaconda|[miss]\n|-miss|p1b: Tyranitar|p2b: Sandaconda\n|move|p1a: Araquanid|Liquidation|p2b: Sandaconda|[miss]\n|-miss|p1a: Araquanid|p2b: Sandaconda\n|\n|-heal|p1a: Araquanid|95/100|[from] item: Leftovers\n|upkeep\n|turn|14\n|c|\u2606Pipopopo|aight aight\n|c|\u2606Pipopopo|i'm literally gambling rn\n|\n|t:|1776618433\n|move|p1b: Tyranitar|Protect|p1b: Tyranitar\n|-singleturn|p1b: Tyranitar|Protect\n|move|p2b: Sandaconda|Earthquake|p1a: Araquanid|[spread] p1a\n|-activate|p1b: Tyranitar|move: Protect\n|-resisted|p1a: Araquanid|1\n|-damage|p1a: Araquanid|48/100\n|move|p1a: Araquanid|Liquidation|p2b: Sandaconda|[miss]\n|-miss|p1a: Araquanid|p2b: Sandaconda\n|\n|-heal|p1a: Araquanid|53/100|[from] item: Leftovers\n|upkeep\n|turn|15\n|c|\u2606gsgxxxhuxdheb|Less go gambling\n|\n|t:|1776618447\n|move|p1a: Araquanid|Wide Guard|p1a: Araquanid\n|-singleturn|p1a: Araquanid|Wide Guard\n|move|p2b: Sandaconda|Coil|p2b: Sandaconda\n|-boost|p2b: Sandaconda|atk|1\n|-boost|p2b: Sandaconda|def|1\n|-boost|p2b: Sandaconda|accuracy|1\n|move|p1b: Tyranitar|Crunch|p2b: Sandaconda|[miss]\n|-miss|p1b: Tyranitar|p2b: Sandaconda\n|\n|-heal|p1a: Araquanid|59/100|[from] item: Leftovers\n|upkeep\n|turn|16\n|\n|t:|1776618460\n|move|p1a: Araquanid|Wide Guard|p1a: Araquanid\n|-singleturn|p1a: Araquanid|Wide Guard\n|move|p2b: Sandaconda|Coil|p2b: Sandaconda\n|-boost|p2b: Sandaconda|atk|1\n|-boost|p2b: Sandaconda|def|1\n|-boost|p2b: Sandaconda|accuracy|1\n|move|p1b: Tyranitar|Crunch|p2b: Sandaconda|[miss]\n|-miss|p1b: Tyranitar|p2b: Sandaconda\n|\n|-heal|p1a: Araquanid|65/100|[from] item: Leftovers\n|upkeep\n|turn|17\n|c|\u2606Pipopopo|Naaaaaaaaaaaaah\n|c|\u2606Pipopopo|chat am i cooked\n|\n|t:|1776618480\n|move|p1a: Araquanid|Protect||[still]\n|-fail|p1a: Araquanid\n|move|p2b: Sandaconda|Coil|p2b: Sandaconda\n|-boost|p2b: Sandaconda|atk|0\n|-boost|p2b: Sandaconda|def|0\n|-boost|p2b: Sandaconda|accuracy|0\n|move|p1b: Tyranitar|Crunch|p2b: Sandaconda|[miss]\n|-miss|p1b: Tyranitar|p2b: Sandaconda\n|\n|-heal|p1a: Araquanid|70/100|[from] item: Leftovers\n|upkeep\n|turn|18\n|c|\u2606gsgxxxhuxdheb|Im laughing so much right now lol\n|c|\u2606Pipopopo|c'mon tar you need ONE\n|inactive|Pipopopo has 30 seconds left.\n|\n|t:|1776618507\n|move|p1a: Araquanid|Wide Guard|p1a: Araquanid\n|-singleturn|p1a: Araquanid|Wide Guard\n|move|p2b: Sandaconda|Earthquake|p1a: Araquanid|[spread] \n|-activate|p1a: Araquanid|move: Wide Guard\n|-activate|p1b: Tyranitar|move: Wide Guard\n|move|p1b: Tyranitar|Crunch|p2b: Sandaconda|[miss]\n|-miss|p1b: Tyranitar|p2b: Sandaconda\n|\n|-heal|p1a: Araquanid|76/100|[from] item: Leftovers\n|upkeep\n|turn|19\n|c|\u2606Pipopopo|oh my looooooor\n|c|\u2606Pipopopo|dd\n|\n|t:|1776618530\n|move|p1b: Tyranitar|Protect|p1b: Tyranitar\n|-singleturn|p1b: Tyranitar|Protect\n|move|p1a: Araquanid|Protect|p1a: Araquanid\n|-singleturn|p1a: Araquanid|Protect\n|move|p2b: Sandaconda|Coil|p2b: Sandaconda\n|-boost|p2b: Sandaconda|atk|0\n|-boost|p2b: Sandaconda|def|0\n|-boost|p2b: Sandaconda|accuracy|0\n|\n|-heal|p1a: Araquanid|82/100|[from] item: Leftovers\n|upkeep\n|turn|20\n|c|\u2606gsgxxxhuxdheb|Ooo\n|c|\u2606Pipopopo|NAAAAAAAAAAAAAAAAAAAH\n|c|\u2606Pipopopo|this is the funniest game ever\n|inactive|Pipopopo has 30 seconds left.\n|inactive|gsgxxxhuxdheb has 30 seconds left.\n|c|\u2606gsgxxxhuxdheb|Im glad youre enjoying it lol\n|\n|t:|1776618564\n|move|p1a: Araquanid|Wide Guard|p1a: Araquanid\n|-singleturn|p1a: Araquanid|Wide Guard\n|move|p2b: Sandaconda|Coil|p2b: Sandaconda\n|-boost|p2b: Sandaconda|atk|0\n|-boost|p2b: Sandaconda|def|0\n|-boost|p2b: Sandaconda|accuracy|0\n|move|p1b: Tyranitar|Crunch|p2b: Sandaconda|[miss]\n|-miss|p1b: Tyranitar|p2b: Sandaconda\n|\n|-heal|p1a: Araquanid|87/100|[from] item: Leftovers\n|upkeep\n|turn|21\n|c|\u2606Pipopopo|funniest shit ever yea\n|\n|t:|1776618580\n|move|p1b: Tyranitar|Protect|p1b: Tyranitar\n|-singleturn|p1b: Tyranitar|Protect\n|move|p1a: Araquanid|Protect||[still]\n|-fail|p1a: Araquanid\n|move|p2b: Sandaconda|Coil|p2b: Sandaconda\n|-boost|p2b: Sandaconda|atk|0\n|-boost|p2b: Sandaconda|def|0\n|-boost|p2b: Sandaconda|accuracy|0\n|\n|-heal|p1a: Araquanid|93/100|[from] item: Leftovers\n|upkeep\n|turn|22\n|\n|t:|1776618594\n|move|p1a: Araquanid|Wide Guard|p1a: Araquanid\n|-singleturn|p1a: Araquanid|Wide Guard\n|move|p2b: Sandaconda|Earthquake|p1b: Tyranitar|[spread] \n|-activate|p1a: Araquanid|move: Wide Guard\n|-activate|p1b: Tyranitar|move: Wide Guard\n|move|p1b: Tyranitar|Rock Slide|p2b: Sandaconda|[miss]\n|-miss|p1b: Tyranitar|p2b: Sandaconda\n|\n|-heal|p1a: Araquanid|99/100|[from] item: Leftovers\n|upkeep\n|turn|23\n|\n|t:|1776618606\n|move|p1a: Araquanid|Wide Guard|p1a: Araquanid\n|-singleturn|p1a: Araquanid|Wide Guard\n|move|p2b: Sandaconda|Earthquake|p1a: Araquanid|[spread] \n|-activate|p1a: Araquanid|move: Wide Guard\n|-activate|p1b: Tyranitar|move: Wide Guard\n|move|p1b: Tyranitar|Rock Slide|p2b: Sandaconda|[miss]\n|-miss|p1b: Tyranitar|p2b: Sandaconda\n|\n|-heal|p1a: Araquanid|100/100|[from] item: Leftovers\n|upkeep\n|turn|24\n|inactive|Pipopopo has 30 seconds left.\n|\n|t:|1776618621\n|move|p2b: Sandaconda|Earthquake|p1a: Araquanid|[spread] p1a,p1b\n|-resisted|p1a: Araquanid|1\n|-supereffective|p1b: Tyranitar|1\n|-damage|p1a: Araquanid|39/100\n|-damage|p1b: Tyranitar|0 fnt\n|faint|p1b: Tyranitar\n|move|p1a: Araquanid|Liquidation|p2b: Sandaconda|[miss]\n|-miss|p1a: Araquanid|p2b: Sandaconda\n|\n|-heal|p1a: Araquanid|45/100|[from] item: Leftovers\n|upkeep\n|turn|25\n|inactive|Pipopopo has 30 seconds left this turn.\n|inactive|Pipopopo has 20 seconds left.\n|c|\u2606gsgxxxhuxdheb|Ooo\n|c|\u2606Pipopopo|had to happen eventually lol\n|inactive|Pipopopo has 15 seconds left.\n|\n|t:|1776618637\n|move|p1a: Araquanid|Protect|p1a: Araquanid\n|-singleturn|p1a: Araquanid|Protect\n|move|p2b: Sandaconda|Earthquake|p1a: Araquanid\n|-activate|p1a: Araquanid|move: Protect\n|\n|-heal|p1a: Araquanid|50/100|[from] item: Leftovers\n|upkeep\n|turn|26\n|inactive|Pipopopo has 15 seconds left this turn.\n|inactive|Pipopopo has 10 seconds left.\n|inactiveoff|Battle timer is now OFF.\n|\n|t:|1776618649\n|move|p1a: Araquanid|Wide Guard|p1a: Araquanid\n|-singleturn|p1a: Araquanid|Wide Guard\n|move|p2b: Sandaconda|Earthquake|p1a: Araquanid\n|-activate|p1a: Araquanid|move: Wide Guard\n|\n|-heal|p1a: Araquanid|56/100|[from] item: Leftovers\n|upkeep\n|turn|27\n|c|\u2606Pipopopo|lowkey gotta read your mind on this one\n|\n|t:|1776618680\n|move|p2b: Sandaconda|Earthquake|p1a: Araquanid\n|-resisted|p1a: Araquanid|1\n|-crit|p1a: Araquanid\n|-damage|p1a: Araquanid|0 fnt\n|faint|p1a: Araquanid\n|\n|win|gsgxxxhuxdheb\n|raw|Pipopopo's rating: 1083 &rarr; <strong>1058</strong><br />(-25 for losing)\n|raw|gsgxxxhuxdheb's rating: 1043 &rarr; <strong>1080</strong><br />(+37 for winning)\n|c|\u2606Pipopopo|naaaaaaaah\n|c|\u2606Pipopopo|ggs brotha\n|c|\u2606gsgxxxhuxdheb|Gg wp, thanks for staying around lol\n|c|\u2606gsgxxxhuxdheb|Have a nice day\n|c|\u2606Pipopopo|have a nice one!\n",
  "uploadtime": 1776618705,
  "views": 18,
  "formatid": "gen9championsvgc2026regma",
  "rating": 1058,
  "private": 0,
  "password": null
}