{
  "id": "gen9championsvgc2026regma-2580923895",
  "format": "[Gen 9 Champions] VGC 2026 Reg M-A",
  "players": [
    "mariantonietavgc",
    "Dezysnipez"
  ],
  "log": "|j|\u2606mariantonietavgc\n|j|\u2606Dezysnipez\n|t:|1775943728\n|gametype|doubles\n|player|p1|mariantonietavgc|170|1016\n|player|p2|Dezysnipez|101|1000\n|gen|9\n|tier|[Gen 9 Champions] VGC 2026 Reg M-A\n|rated|\n|rule|Species Clause: Limit one of each Pok\u00e9mon\n|rule|Item Clause: Limit 1 of each item\n|clearpoke\n|poke|p1|Garchomp, L50, F|\n|poke|p1|Rotom-Wash, L50|\n|poke|p1|Delphox, L50, F|\n|poke|p1|Ninetales-Alola, L50, M|\n|poke|p1|Incineroar, L50, F|\n|poke|p1|Venusaur, L50, F|\n|poke|p2|Sneasler, L50, F|\n|poke|p2|Kingambit, L50, M|\n|poke|p2|Froslass, L50, F|\n|poke|p2|Sinistcha-Masterpiece, L50|\n|poke|p2|Incineroar, L50, F|\n|poke|p2|Floette-Eternal, L50, F|\n|teampreview|4\n|inactive|Battle timer is ON: inactive players will automatically lose when time's up. (requested by Dezysnipez)\n|inactive|mariantonietavgc has 60 seconds left.\n|\n|t:|1775943790\n|teamsize|p1|4\n|teamsize|p2|4\n|start\n|switch|p1a: Rotom|Rotom-Wash, L50|100/100\n|switch|p1b: Venusaur|Venusaur, L50, F|100/100\n|switch|p2a: King|Kingambit, L50, M|100/100\n|switch|p2b: Incineroar|Incineroar, L50, F|100/100\n|-ability|p2b: Incineroar|Intimidate|boost\n|-unboost|p1a: Rotom|atk|1\n|-unboost|p1b: Venusaur|atk|1\n|turn|1\n|\n|t:|1775943813\n|switch|p1b: Ninetales|Ninetales-Alola, L50, M|100/100\n|-weather|Snowscape|[from] ability: Snow Warning|[of] p1b: Ninetales\n|switch|p2b: Snesler|Sneasler, L50, F|100/100\n|move|p1a: Rotom|Will-O-Wisp|p2a: King\n|-status|p2a: King|brn\n|move|p2a: King|Kowtow Cleave|p1a: Rotom\n|-damage|p1a: Rotom|70/100\n|\n|-weather|Snowscape|[upkeep]\n|-damage|p2a: King|95/100 brn|[from] brn\n|upkeep\n|turn|2\n|inactive|Dezysnipez has 30 seconds left.\n|\n|t:|1775943838\n|move|p2b: Snesler|Close Combat|p1a: Rotom\n|-damage|p1a: Rotom|1/100\n|-unboost|p2b: Snesler|def|1\n|-unboost|p2b: Snesler|spd|1\n|-enditem|p1a: Rotom|Sitrus Berry|[eat]\n|-heal|p1a: Rotom|26/100|[from] item: Sitrus Berry\n|-enditem|p2b: Snesler|White Herb\n|-clearnegativeboost|p2b: Snesler|[silent]\n|move|p1b: Ninetales|Aurora Veil|p1b: Ninetales\n|-sidestart|p1: mariantonietavgc|move: Aurora Veil\n|move|p1a: Rotom|Will-O-Wisp|p2b: Snesler\n|-status|p2b: Snesler|brn\n|move|p2a: King|Iron Head|p1b: Ninetales\n|-supereffective|p1b: Ninetales|2\n|-damage|p1b: Ninetales|49/100\n|\n|-weather|Snowscape|[upkeep]\n|-damage|p2b: Snesler|95/100 brn|[from] brn\n|-damage|p2a: King|89/100 brn|[from] brn\n|upkeep\n|turn|3\n|inactive|mariantonietavgc has 30 seconds left.\n|\n|t:|1775943872\n|switch|p1a: Venusaur|Venusaur, L50, F|100/100\n|move|p2b: Snesler|Dire Claw|p1a: Venusaur\n|-damage|p1a: Venusaur|85/100\n|move|p1b: Ninetales|Encore|p2b: Snesler\n|-start|p2b: Snesler|Encore\n|move|p2a: King|Iron Head|p1b: Ninetales\n|-supereffective|p1b: Ninetales|2\n|-damage|p1b: Ninetales|0 fnt\n|faint|p1b: Ninetales\n|\n|-weather|Snowscape|[upkeep]\n|-damage|p2b: Snesler|89/100 brn|[from] brn\n|-damage|p2a: King|83/100 brn|[from] brn\n|upkeep\n|\n|t:|1775943885\n|switch|p1b: Rotom|Rotom-Wash, L50|26/100\n|turn|4\n|\n|t:|1775943902\n|detailschange|p1a: Venusaur|Venusaur-Mega, L50, F\n|-mega|p1a: Venusaur|Venusaur|Venusaurite\n|move|p1b: Rotom|Protect|p1b: Rotom\n|-singleturn|p1b: Rotom|Protect\n|move|p2a: King|Sucker Punch||[still]\n|-fail|p2a: King\n|move|p2b: Snesler|Dire Claw|p1b: Rotom\n|-activate|p1b: Rotom|move: Protect\n|move|p1a: Venusaur|Earth Power|p2a: King\n|-supereffective|p2a: King|1\n|-damage|p2a: King|34/100 brn\n|\n|-weather|Snowscape|[upkeep]\n|-damage|p2b: Snesler|83/100 brn|[from] brn\n|-damage|p2a: King|28/100 brn|[from] brn\n|upkeep\n|turn|5\n|inactive|mariantonietavgc has 30 seconds left.\n|\n|t:|1775943928\n|switch|p1b: Incineroar|Incineroar, L50, F|100/100\n|-ability|p1b: Incineroar|Intimidate|boost\n|-unboost|p2a: King|atk|1\n|-ability|p2a: King|Defiant|boost\n|-boost|p2a: King|atk|2\n|-unboost|p2b: Snesler|atk|1\n|move|p2a: King|Sucker Punch||[still]\n|-fail|p2a: King\n|move|p2b: Snesler|Dire Claw|p1b: Incineroar\n|-damage|p1b: Incineroar|93/100\n|move|p1a: Venusaur|Earth Power|p2a: King\n|-supereffective|p2a: King|1\n|-damage|p2a: King|0 fnt\n|faint|p2a: King\n|\n|-weather|none\n|-damage|p2b: Snesler|78/100 brn|[from] brn\n|upkeep\n|\n|t:|1775943935\n|switch|p2a: Incineroar|Incineroar, L50, F|100/100\n|-ability|p2a: Incineroar|Intimidate|boost\n|-unboost|p1a: Venusaur|atk|1\n|-unboost|p1b: Incineroar|atk|1\n|turn|6\n|\n|t:|1775943952\n|move|p2a: Incineroar|Fake Out|p1a: Venusaur\n|-damage|p1a: Venusaur|79/100\n|move|p2b: Snesler|Dire Claw|p1a: Venusaur\n|-damage|p1a: Venusaur|72/100\n|-status|p1a: Venusaur|par\n|move|p1b: Incineroar|Parting Shot|p2a: Incineroar\n|-unboost|p2a: Incineroar|atk|1\n|-unboost|p2a: Incineroar|spa|1\n|\n|t:|1775943960\n|switch|p1b: Rotom|Rotom-Wash, L50|26/100|[from] Parting Shot\n|cant|p1a: Venusaur|flinch\n|\n|-damage|p2b: Snesler|72/100 brn|[from] brn\n|-end|p2b: Snesler|Encore\n|-sideend|p1: mariantonietavgc|move: Aurora Veil\n|upkeep\n|turn|7\n|\n|t:|1775943976\n|switch|p1b: Incineroar|Incineroar, L50, F|93/100\n|-ability|p1b: Incineroar|Intimidate|boost\n|-unboost|p2a: Incineroar|atk|1\n|-unboost|p2b: Snesler|atk|1\n|move|p2b: Snesler|Close Combat|p1b: Incineroar\n|-supereffective|p1b: Incineroar|1\n|-damage|p1b: Incineroar|67/100\n|-unboost|p2b: Snesler|def|1\n|-unboost|p2b: Snesler|spd|1\n|move|p2a: Incineroar|Parting Shot|p1a: Venusaur\n|-unboost|p1a: Venusaur|atk|1\n|-unboost|p1a: Venusaur|spa|1\n|\n|t:|1775943983\n|switch|p2a: Froslass|Froslass, L50, F|100/100|[from] Parting Shot\n|move|p1a: Venusaur|Leech Seed|p2a: Froslass\n|-start|p2a: Froslass|move: Leech Seed\n|\n|-damage|p2a: Froslass|88/100|[from] Leech Seed|[of] p1a: Venusaur\n|-heal|p1a: Venusaur|82/100 par|[silent]\n|-damage|p2b: Snesler|66/100 brn|[from] brn\n|upkeep\n|turn|8\n|\n|t:|1775943999\n|switch|p2b: Incineroar|Incineroar, L50, F|100/100\n|-ability|p2b: Incineroar|Intimidate|boost\n|-unboost|p1a: Venusaur|atk|1\n|-unboost|p1b: Incineroar|atk|1\n|detailschange|p2a: Froslass|Froslass-Mega, L50, F\n|-mega|p2a: Froslass|Froslass|Froslassite\n|-weather|Snowscape|[from] ability: Snow Warning|[of] p2a: Froslass\n|move|p2a: Froslass|Aurora Veil|p2a: Froslass\n|-sidestart|p2: Dezysnipez|move: Aurora Veil\n|move|p1b: Incineroar|Parting Shot|p2a: Froslass\n|-unboost|p2a: Froslass|atk|1\n|-unboost|p2a: Froslass|spa|1\n|\n|t:|1775944009\n|switch|p1b: Rotom|Rotom-Wash, L50|26/100|[from] Parting Shot\n|move|p1a: Venusaur|Leech Seed|p2b: Incineroar\n|-start|p2b: Incineroar|move: Leech Seed\n|\n|-weather|Snowscape|[upkeep]\n|-damage|p2a: Froslass|76/100|[from] Leech Seed|[of] p1a: Venusaur\n|-heal|p1a: Venusaur|92/100 par|[silent]\n|-damage|p2b: Incineroar|88/100|[from] Leech Seed|[of] p1a: Venusaur\n|-heal|p1a: Venusaur|100/100 par|[silent]\n|upkeep\n|turn|9\n|\n|t:|1775944026\n|switch|p2a: Snesler|Sneasler, L50, F|66/100 brn\n|switch|p1b: Incineroar|Incineroar, L50, F|67/100\n|-ability|p1b: Incineroar|Intimidate|boost\n|-unboost|p2a: Snesler|atk|1\n|-unboost|p2b: Incineroar|atk|1\n|move|p1a: Venusaur|Protect|p1a: Venusaur\n|-singleturn|p1a: Venusaur|Protect\n|move|p2b: Incineroar|Flare Blitz|p1a: Venusaur\n|-activate|p1a: Venusaur|move: Protect\n|\n|-weather|Snowscape|[upkeep]\n|-heal|p2b: Incineroar|94/100|[from] item: Leftovers\n|-damage|p2b: Incineroar|82/100|[from] Leech Seed|[of] p1a: Venusaur\n|-damage|p2a: Snesler|60/100 brn|[from] brn\n|upkeep\n|turn|10\n|\n|t:|1775944046\n|move|p2a: Snesler|Close Combat|p1b: Incineroar\n|-supereffective|p1b: Incineroar|1\n|-damage|p1b: Incineroar|35/100\n|-unboost|p2a: Snesler|def|1\n|-unboost|p2a: Snesler|spd|1\n|move|p2b: Incineroar|Flare Blitz|p1a: Venusaur\n|-supereffective|p1a: Venusaur|1\n|-damage|p1a: Venusaur|73/100 par\n|-damage|p2b: Incineroar|73/100|[from] Recoil\n|move|p1b: Incineroar|Parting Shot|p2a: Snesler\n|-unboost|p2a: Snesler|atk|1\n|-unboost|p2a: Snesler|spa|1\n|\n|t:|1775944057\n|switch|p1b: Rotom|Rotom-Wash, L50|26/100|[from] Parting Shot\n|move|p1a: Venusaur|Leech Seed||[still]\n|-fail|p1a: Venusaur\n|\n|-weather|Snowscape|[upkeep]\n|-heal|p2b: Incineroar|79/100|[from] item: Leftovers\n|-damage|p2b: Incineroar|67/100|[from] Leech Seed|[of] p1a: Venusaur\n|-heal|p1a: Venusaur|87/100 par|[silent]\n|-damage|p2a: Snesler|55/100 brn|[from] brn\n|upkeep\n|turn|11\n|\n|t:|1775944081\n|switch|p1a: Incineroar|Incineroar, L50, F|35/100\n|-ability|p1a: Incineroar|Intimidate|boost\n|-unboost|p2a: Snesler|atk|1\n|-unboost|p2b: Incineroar|atk|1\n|move|p1b: Rotom|Protect|p1b: Rotom\n|-singleturn|p1b: Rotom|Protect\n|move|p2a: Snesler|Close Combat|p1b: Rotom\n|-activate|p1b: Rotom|move: Protect\n|move|p2b: Incineroar|Parting Shot|p1a: Incineroar\n|-unboost|p1a: Incineroar|atk|1\n|-unboost|p1a: Incineroar|spa|1\n|\n|t:|1775944085\n|switch|p2b: Froslass|Froslass-Mega, L50, F|76/100|[from] Parting Shot\n|\n|-weather|Snowscape|[upkeep]\n|-damage|p2a: Snesler|49/100 brn|[from] brn\n|upkeep\n|turn|12\n|\n|t:|1775944108\n|switch|p2a: Incineroar|Incineroar, L50, F|67/100\n|-ability|p2a: Incineroar|Intimidate|boost\n|-unboost|p1a: Incineroar|atk|1\n|-unboost|p1b: Rotom|atk|1\n|move|p1a: Incineroar|Fake Out|p2a: Incineroar\n|-damage|p2a: Incineroar|63/100\n|move|p2b: Froslass|Blizzard|p1b: Rotom|[spread] p1a,p1b\n|-resisted|p1a: Incineroar|1\n|-resisted|p1b: Rotom|1\n|-damage|p1a: Incineroar|14/100\n|-damage|p1b: Rotom|3/100\n|move|p1b: Rotom|Hydro Pump|p2a: Incineroar\n|-supereffective|p2a: Incineroar|1\n|-damage|p2a: Incineroar|21/100\n|\n|-weather|none\n|-heal|p2a: Incineroar|27/100|[from] item: Leftovers\n|-sideend|p2: Dezysnipez|move: Aurora Veil\n|upkeep\n|turn|13\n|inactive|mariantonietavgc has 30 seconds left.\n|\n|t:|1775944134\n|move|p1b: Rotom|Protect|p1b: Rotom\n|-singleturn|p1b: Rotom|Protect\n|move|p2b: Froslass|Blizzard|p1a: Incineroar|[spread] p1a\n|-activate|p1b: Rotom|move: Protect\n|-resisted|p1a: Incineroar|1\n|-damage|p1a: Incineroar|0 fnt\n|faint|p1a: Incineroar\n|move|p2a: Incineroar|Flare Blitz|p1b: Rotom\n|-activate|p1b: Rotom|move: Protect\n|\n|-heal|p2a: Incineroar|33/100|[from] item: Leftovers\n|upkeep\n|\n|t:|1775944145\n|switch|p1a: Venusaur|Venusaur-Mega, L50, F|87/100 par\n|turn|14\n|\n|t:|1775944157\n|switch|p2b: Snesler|Sneasler, L50, F|49/100 brn\n|move|p1b: Rotom|Hydro Pump|p2a: Incineroar\n|-supereffective|p2a: Incineroar|1\n|-damage|p2a: Incineroar|0 fnt\n|faint|p2a: Incineroar\n|move|p1a: Venusaur|Leech Seed|p2b: Snesler|[miss]\n|-miss|p1a: Venusaur|p2b: Snesler\n|\n|-damage|p2b: Snesler|43/100 brn|[from] brn\n|upkeep\n|\n|t:|1775944163\n|switch|p2a: Froslass|Froslass-Mega, L50, F|76/100\n|-weather|Snowscape|[from] ability: Snow Warning|[of] p2a: Froslass\n|turn|15\n|\n|t:|1775944177\n|move|p1b: Rotom|Protect|p1b: Rotom\n|-singleturn|p1b: Rotom|Protect\n|move|p2a: Froslass|Aurora Veil|p2a: Froslass\n|-sidestart|p2: Dezysnipez|move: Aurora Veil\n|move|p2b: Snesler|Dire Claw|p1b: Rotom\n|-activate|p1b: Rotom|move: Protect\n|cant|p1a: Venusaur|par\n|\n|-weather|Snowscape|[upkeep]\n|-damage|p2b: Snesler|37/100 brn|[from] brn\n|upkeep\n|turn|16\n|\n|t:|1775944191\n|move|p1b: Rotom|Protect||[still]\n|-fail|p1b: Rotom\n|move|p2b: Snesler|Dire Claw|p1a: Venusaur\n|-damage|p1a: Venusaur|69/100 par\n|move|p2a: Froslass|Blizzard|p1a: Venusaur|[spread] p1a,p1b\n|-supereffective|p1a: Venusaur|1\n|-resisted|p1b: Rotom|1\n|-damage|p1a: Venusaur|29/100 par\n|-damage|p1b: Rotom|0 fnt\n|faint|p1b: Rotom\n|move|p1a: Venusaur|Leech Seed|p2a: Froslass|[miss]\n|-miss|p1a: Venusaur|p2a: Froslass\n|\n|-weather|Snowscape|[upkeep]\n|-damage|p2b: Snesler|32/100 brn|[from] brn\n|upkeep\n|turn|17\n|-message|mariantonietavgc forfeited.\n|\n|win|Dezysnipez\n|raw|mariantonietavgc's rating: 1016 &rarr; <strong>1003</strong><br />(-13 for losing)\n|raw|Dezysnipez's rating: 1000 &rarr; <strong>1042</strong><br />(+42 for winning)\n|l|\u2606mariantonietavgc\n|player|p1|\n",
  "uploadtime": 1775944203,
  "views": 10,
  "formatid": "gen9championsvgc2026regma",
  "rating": 1003,
  "private": 0,
  "password": null
}