{
  "id": "gen9championsvgc2026regma-2580983899",
  "format": "[Gen 9 Champions] VGC 2026 Reg M-A",
  "players": [
    "la hu za hur",
    "ryankun26"
  ],
  "log": "|j|\u2606la hu za hur\n|j|\u2606ryankun26\n|t:|1775948985\n|gametype|doubles\n|player|p1|la hu za hur|sophocles|1076\n|player|p2|ryankun26|hilda|1048\n|gen|9\n|tier|[Gen 9 Champions] VGC 2026 Reg M-A\n|rated|\n|rule|Species Clause: Limit one of each Pok\u00e9mon\n|rule|Item Clause: Limit 1 of each item\n|clearpoke\n|poke|p1|Froslass, L50, F|\n|poke|p1|Orthworm, L50, F|\n|poke|p1|Incineroar, L50, F|\n|poke|p1|Basculegion, L50, M|\n|poke|p1|Rotom-Frost, L50|\n|poke|p1|Garchomp, L50, F|\n|poke|p2|Skarmory, L50, F|\n|poke|p2|Meowscarada, L50, M|\n|poke|p2|Clefable, L50, M|\n|poke|p2|Pelipper, L50, M|\n|poke|p2|Hydreigon, L50, M|\n|poke|p2|Charizard, L50, F|\n|teampreview|4\n|inactive|Battle timer is ON: inactive players will automatically lose when time's up. (requested by ryankun26)\n|inactive|la hu za hur also wants the timer to be on.\n|inactive|la hu za hur has 60 seconds left.\n|inactive|ryankun26 has 60 seconds left.\n|l|\u2606la hu za hur\n|inactive|la hu za hur disconnected and has a minute to reconnect!\n|player|p1|\n|inactive|la hu za hur has 30 seconds left.\n|inactive|ryankun26 has 30 seconds left.\n|j|\u2606la hu za hur\n|inactive|la hu za hur reconnected and has 25 seconds left.\n|player|p1|la hu za hur|sophocles|\n|inactive|la hu za hur has 20 seconds left.\n|inactive|ryankun26 has 20 seconds left.\n|inactive|la hu za hur has 15 seconds left.\n|inactive|ryankun26 has 15 seconds left.\n|inactive|la hu za hur has 10 seconds left.\n|inactive|la hu za hur has 5 seconds left.\n|\n|t:|1775949073\n|teamsize|p1|4\n|teamsize|p2|4\n|start\n|switch|p1a: Garchomp|Garchomp, L50, F|100/100\n|switch|p1b: Orthworm|Orthworm, L50, F|100/100\n|switch|p2a: Pelipper|Pelipper, L50, M|100/100\n|switch|p2b: Hydreigon|Hydreigon, L50, M|100/100\n|-weather|RainDance|[from] ability: Drizzle|[of] p2a: Pelipper\n|turn|1\n|\n|t:|1775949097\n|switch|p2b: Clefable|Clefable, L50, M|100/100\n|move|p1a: Garchomp|Protect|p1a: Garchomp\n|-singleturn|p1a: Garchomp|Protect\n|move|p2a: Pelipper|Weather Ball|p1b: Orthworm\n|-damage|p1b: Orthworm|0 fnt\n|faint|p1b: Orthworm\n|\n|-weather|RainDance|[upkeep]\n|upkeep\n|\n|t:|1775949111\n|switch|p1b: Froslass|Froslass, L50, F|100/100\n|turn|2\n|\n|t:|1775949121\n|switch|p1a: Rotom|Rotom-Frost, L50|100/100\n|detailschange|p1b: Froslass|Froslass-Mega, L50, F\n|-mega|p1b: Froslass|Froslass|Froslassite\n|-weather|Snowscape|[from] ability: Snow Warning|[of] p1b: Froslass\n|move|p2a: Pelipper|Weather Ball|p1a: Rotom\n|-resisted|p1a: Rotom|1\n|-damage|p1a: Rotom|89/100\n|move|p1b: Froslass|Nasty Plot|p1b: Froslass\n|-boost|p1b: Froslass|spa|2\n|move|p2b: Clefable|Moonblast|p1b: Froslass\n|-damage|p1b: Froslass|49/100\n|\n|-weather|Snowscape|[upkeep]\n|-heal|p1a: Rotom|95/100|[from] item: Leftovers\n|upkeep\n|turn|3\n|\n|t:|1775949142\n|switch|p2a: Hydreigon|Hydreigon, L50, M|100/100\n|move|p2b: Clefable|Protect|p2b: Clefable\n|-singleturn|p2b: Clefable|Protect\n|move|p1b: Froslass|Blizzard|p2b: Clefable|[spread] p2a\n|-activate|p2b: Clefable|move: Protect\n|-supereffective|p2a: Hydreigon|1\n|-damage|p2a: Hydreigon|0 fnt\n|faint|p2a: Hydreigon\n|move|p1a: Rotom|Blizzard|p2b: Clefable\n|-activate|p2b: Clefable|move: Protect\n|\n|-weather|Snowscape|[upkeep]\n|-heal|p1a: Rotom|100/100|[from] item: Leftovers\n|upkeep\n|\n|t:|1775949151\n|switch|p2a: Pelipper|Pelipper, L50, M|100/100\n|-weather|RainDance|[from] ability: Drizzle|[of] p2a: Pelipper\n|turn|4\n|\n|t:|1775949172\n|move|p1b: Froslass|Protect|p1b: Froslass\n|-singleturn|p1b: Froslass|Protect\n|move|p2b: Clefable|Follow Me|p2b: Clefable\n|-singleturn|p2b: Clefable|move: Follow Me\n|move|p2a: Pelipper|Hurricane|p1b: Froslass\n|-activate|p1b: Froslass|move: Protect\n|move|p1a: Rotom|Thunder|p2b: Clefable\n|-damage|p2b: Clefable|61/100\n|-status|p2b: Clefable|par\n|\n|-weather|RainDance|[upkeep]\n|-heal|p2b: Clefable|67/100 par|[from] item: Leftovers\n|upkeep\n|turn|5\n|inactive|la hu za hur has 30 seconds left.\n|inactive|la hu za hur has 20 seconds left.\n|\n|t:|1775949209\n|switch|p1b: Garchomp|Garchomp, L50, F|100/100\n|move|p1a: Rotom|Protect|p1a: Rotom\n|-singleturn|p1a: Rotom|Protect\n|move|p2b: Clefable|Follow Me|p2b: Clefable\n|-singleturn|p2b: Clefable|move: Follow Me\n|move|p2a: Pelipper|Hurricane|p1b: Garchomp\n|-damage|p1b: Garchomp|46/100\n|\n|-weather|RainDance|[upkeep]\n|-heal|p2b: Clefable|73/100 par|[from] item: Leftovers\n|upkeep\n|turn|6\n|\n|t:|1775949228\n|switch|p2a: Meowscarada|Meowscarada, L50, M|100/100\n|move|p1a: Rotom|Helping Hand|p1b: Garchomp\n|-singleturn|p1b: Garchomp|Helping Hand|[of] p1a: Rotom\n|move|p1b: Garchomp|Rock Slide|p2a: Meowscarada|[spread] p2a\n|-miss|p1b: Garchomp|p2b: Clefable\n|-damage|p2a: Meowscarada|53/100\n|move|p2b: Clefable|Moonblast|p1a: Rotom\n|-damage|p1a: Rotom|70/100\n|-unboost|p1a: Rotom|spa|1\n|\n|-weather|RainDance|[upkeep]\n|-heal|p1a: Rotom|76/100|[from] item: Leftovers\n|-heal|p2b: Clefable|79/100 par|[from] item: Leftovers\n|upkeep\n|turn|7\n|inactive|la hu za hur has 30 seconds left.\n|inactive|ryankun26 has 30 seconds left.\n|\n|t:|1775949265\n|move|p2a: Meowscarada|Protect|p2a: Meowscarada\n|-singleturn|p2a: Meowscarada|Protect\n|move|p1b: Garchomp|Protect|p1b: Garchomp\n|-singleturn|p1b: Garchomp|Protect\n|move|p2b: Clefable|Protect|p2b: Clefable\n|-singleturn|p2b: Clefable|Protect\n|move|p1a: Rotom|Blizzard|p2a: Meowscarada|[spread] \n|-activate|p2a: Meowscarada|move: Protect\n|-activate|p2b: Clefable|move: Protect\n|\n|-weather|RainDance|[upkeep]\n|-heal|p1a: Rotom|81/100|[from] item: Leftovers\n|-heal|p2b: Clefable|85/100 par|[from] item: Leftovers\n|upkeep\n|turn|8\n|inactive|ryankun26 has 30 seconds left.\n|\n|t:|1775949293\n|move|p2a: Meowscarada|Flower Trick|p1b: Garchomp\n|-crit|p1b: Garchomp\n|-damage|p1b: Garchomp|0 fnt\n|faint|p1b: Garchomp\n|move|p1a: Rotom|Blizzard|p2a: Meowscarada|[spread] \n|-miss|p1a: Rotom|p2a: Meowscarada\n|-miss|p1a: Rotom|p2b: Clefable\n|move|p2b: Clefable|Moonblast|p1a: Rotom\n|-damage|p1a: Rotom|52/100\n|-unboost|p1a: Rotom|spa|1\n|\n|-weather|none\n|-heal|p1a: Rotom|58/100|[from] item: Leftovers\n|-heal|p2b: Clefable|91/100 par|[from] item: Leftovers\n|upkeep\n|\n|t:|1775949297\n|switch|p1b: Froslass|Froslass-Mega, L50, F|49/100\n|-weather|Snowscape|[from] ability: Snow Warning|[of] p1b: Froslass\n|turn|9\n|\n|t:|1775949317\n|switch|p2b: Pelipper|Pelipper, L50, M|100/100\n|-weather|RainDance|[from] ability: Drizzle|[of] p2b: Pelipper\n|move|p2a: Meowscarada|Protect|p2a: Meowscarada\n|-singleturn|p2a: Meowscarada|Protect\n|move|p1b: Froslass|Protect|p1b: Froslass\n|-singleturn|p1b: Froslass|Protect\n|move|p1a: Rotom|Protect||[still]\n|-fail|p1a: Rotom\n|\n|-weather|RainDance|[upkeep]\n|-heal|p1a: Rotom|64/100|[from] item: Leftovers\n|upkeep\n|turn|10\n|\n|t:|1775949332\n|move|p2a: Meowscarada|Knock Off|p1b: Froslass\n|-supereffective|p1b: Froslass|1\n|-damage|p1b: Froslass|0 fnt\n|faint|p1b: Froslass\n|move|p2b: Pelipper|Weather Ball|p1a: Rotom\n|-damage|p1a: Rotom|17/100\n|move|p1a: Rotom|Thunder|p2b: Pelipper\n|-supereffective|p2b: Pelipper|2\n|-damage|p2b: Pelipper|0 fnt\n|faint|p2b: Pelipper\n|\n|-weather|RainDance|[upkeep]\n|-heal|p1a: Rotom|23/100|[from] item: Leftovers\n|upkeep\n|\n|t:|1775949339\n|switch|p2b: Clefable|Clefable, L50, M|91/100 par\n|turn|11\n|\n|t:|1775949346\n|move|p2a: Meowscarada|Flower Trick|p1a: Rotom\n|-crit|p1a: Rotom\n|-damage|p1a: Rotom|0 fnt\n|faint|p1a: Rotom\n|\n|win|ryankun26\n|raw|la hu za hur's rating: 1076 &rarr; <strong>1053</strong><br />(-23 for losing)\n|raw|ryankun26's rating: 1048 &rarr; <strong>1083</strong><br />(+35 for winning)\n|l|\u2606la hu za hur\n|player|p1|\n",
  "uploadtime": 1775949356,
  "views": 10,
  "formatid": "gen9championsvgc2026regma",
  "rating": 1053,
  "private": 0,
  "password": null
}