{
  "id": "gen9championsvgc2026regma-2587585982",
  "format": "[Gen 9 Champions] VGC 2026 Reg M-A",
  "players": [
    "DuckSupreme",
    "SamRotom"
  ],
  "log": "|j|\u2606DuckSupreme\n|j|\u2606SamRotom\n|t:|1776544570\n|gametype|doubles\n|player|p1|DuckSupreme|265|1152\n|player|p2|SamRotom|265|1219\n|gen|9\n|tier|[Gen 9 Champions] VGC 2026 Reg M-A\n|rated|\n|rule|Species Clause: Limit one of each Pok\u00e9mon\n|rule|Item Clause: Limit 1 of each item\n|clearpoke\n|poke|p1|Aggron, L50, F|\n|poke|p1|Sinistcha, L50|\n|poke|p1|Incineroar, L50, M|\n|poke|p1|Pelipper, L50, M|\n|poke|p1|Archaludon, L50, F|\n|poke|p1|Sneasler, L50, M|\n|poke|p2|Rhyperior, L50, M|\n|poke|p2|Rotom-Heat, L50|\n|poke|p2|Scizor, L50, F|\n|poke|p2|Pelipper, L50, M|\n|poke|p2|Basculegion, L50, M, shiny|\n|poke|p2|Sinistcha, L50|\n|teampreview|4\n|\n|t:|1776544622\n|teamsize|p1|4\n|teamsize|p2|4\n|start\n|switch|p1a: Aggron|Aggron, L50, F|100/100\n|switch|p1b: Pelipper|Pelipper, L50, M|100/100\n|switch|p2a: Rotom|Rotom-Heat, L50|100/100\n|switch|p2b: Basculegion|Basculegion, L50, M, shiny|100/100\n|-weather|RainDance|[from] ability: Drizzle|[of] p1b: Pelipper\n|turn|1\n|\n|t:|1776544645\n|detailschange|p1a: Aggron|Aggron-Mega, L50, F\n|-mega|p1a: Aggron|Aggron|Aggronite\n|move|p1a: Aggron|Protect|p1a: Aggron\n|-singleturn|p1a: Aggron|Protect\n|move|p2b: Basculegion|Flip Turn|p1a: Aggron\n|-activate|p1a: Aggron|move: Protect\n|move|p2a: Rotom|Volt Switch|p1b: Pelipper\n|-supereffective|p1b: Pelipper|2\n|-damage|p1b: Pelipper|0 fnt\n|faint|p1b: Pelipper\n|\n|t:|1776544657\n|switch|p2a: Sinistcha|Sinistcha, L50|100/100|[from] Volt Switch\n|\n|-weather|RainDance|[upkeep]\n|upkeep\n|\n|t:|1776544662\n|switch|p1b: Sinistcha|Sinistcha, L50|100/100\n|turn|2\n|\n|t:|1776544681\n|move|p2a: Sinistcha|Rage Powder|p2a: Sinistcha\n|-singleturn|p2a: Sinistcha|move: Rage Powder\n|move|p2b: Basculegion|Wave Crash|p1a: Aggron\n|-damage|p1a: Aggron|48/100\n|-damage|p2b: Basculegion|85/100|[from] Recoil\n|move|p1b: Sinistcha|Foul Play|p2b: Basculegion\n|-supereffective|p2b: Basculegion|1\n|-damage|p2b: Basculegion|4/100\n|move|p1a: Aggron|Iron Defense|p1a: Aggron\n|-boost|p1a: Aggron|def|2\n|\n|-weather|RainDance|[upkeep]\n|upkeep\n|turn|3\n|\n|t:|1776544726\n|switch|p2a: Rotom|Rotom-Heat, L50|100/100\n|move|p1a: Aggron|Protect|p1a: Aggron\n|-singleturn|p1a: Aggron|Protect\n|move|p2b: Basculegion|Flip Turn|p1b: Sinistcha\n|-resisted|p1b: Sinistcha|1\n|-damage|p1b: Sinistcha|80/100\n|\n|t:|1776544735\n|switch|p2b: Rhyperior|Rhyperior, L50, M|100/100|[from] Flip Turn\n|move|p1b: Sinistcha|Matcha Gotcha|p2a: Rotom|[spread] p2a,p2b\n|-resisted|p2a: Rotom|1\n|-supereffective|p2b: Rhyperior|2\n|-damage|p2a: Rotom|87/100\n|-heal|p1b: Sinistcha|86/100|[from] drain|[of] p2a: Rotom\n|-damage|p2b: Rhyperior|0 fnt\n|-heal|p1b: Sinistcha|100/100|[from] drain|[of] p2b: Rhyperior\n|faint|p2b: Rhyperior\n|\n|-weather|RainDance|[upkeep]\n|upkeep\n|\n|t:|1776544750\n|switch|p2b: Sinistcha|Sinistcha, L50|100/100\n|-heal|p2a: Rotom|100/100|[from] ability: Hospitality|[of] p2b: Sinistcha\n|turn|4\n|\n|t:|1776544772\n|move|p1b: Sinistcha|Rage Powder|p1b: Sinistcha\n|-singleturn|p1b: Sinistcha|move: Rage Powder\n|move|p2a: Rotom|Volt Switch|p1b: Sinistcha\n|-resisted|p1b: Sinistcha|1\n|-damage|p1b: Sinistcha|80/100\n|\n|t:|1776544778\n|switch|p2a: Basculegion|Basculegion, L50, M, shiny|4/100|[from] Volt Switch\n|move|p2b: Sinistcha|Matcha Gotcha|p1a: Aggron|[spread] p1a,p1b\n|-resisted|p1a: Aggron|1\n|-resisted|p1b: Sinistcha|1\n|-damage|p1a: Aggron|38/100\n|-damage|p1b: Sinistcha|67/100\n|move|p1a: Aggron|Heavy Slam|p2b: Sinistcha\n|-damage|p2b: Sinistcha|53/100\n|\n|-weather|RainDance|[upkeep]\n|upkeep\n|turn|5\n|\n|t:|1776544803\n|move|p1a: Aggron|Protect|p1a: Aggron\n|-singleturn|p1a: Aggron|Protect\n|move|p2a: Basculegion|Last Respects|p1b: Sinistcha\n|-supereffective|p1b: Sinistcha|1\n|-damage|p1b: Sinistcha|2/100\n|move|p2b: Sinistcha|Life Dew|p2b: Sinistcha|[spread] p2a,p2b\n|-heal|p2a: Basculegion|29/100\n|-heal|p2b: Sinistcha|79/100\n|move|p1b: Sinistcha|Matcha Gotcha|p2a: Basculegion|[spread] p2a,p2b\n|-supereffective|p2a: Basculegion|1\n|-crit|p2a: Basculegion\n|-resisted|p2b: Sinistcha|1\n|-damage|p2a: Basculegion|0 fnt\n|-heal|p1b: Sinistcha|18/100|[from] drain|[of] p2a: Basculegion\n|-damage|p2b: Sinistcha|68/100\n|-heal|p1b: Sinistcha|24/100|[from] drain|[of] p2b: Sinistcha\n|faint|p2a: Basculegion\n|\n|-weather|none\n|upkeep\n|\n|t:|1776544820\n|switch|p2a: Rotom|Rotom-Heat, L50|100/100\n|turn|6\n|\n|t:|1776544835\n|move|p2b: Sinistcha|Rage Powder|p2b: Sinistcha\n|-singleturn|p2b: Sinistcha|move: Rage Powder\n|move|p1b: Sinistcha|Rage Powder|p1b: Sinistcha\n|-singleturn|p1b: Sinistcha|move: Rage Powder\n|move|p2a: Rotom|Overheat|p1b: Sinistcha\n|-supereffective|p1b: Sinistcha|1\n|-damage|p1b: Sinistcha|0 fnt\n|-unboost|p2a: Rotom|spa|2\n|faint|p1b: Sinistcha\n|move|p1a: Aggron|Body Press|p2b: Sinistcha\n|-immune|p2b: Sinistcha\n|\n|upkeep\n|\n|t:|1776544840\n|switch|p1b: Incineroar|Incineroar, L50, M|100/100\n|-ability|p1b: Incineroar|Intimidate|boost\n|-unboost|p2a: Rotom|atk|1\n|-unboost|p2b: Sinistcha|atk|1\n|turn|7\n|\n|t:|1776544862\n|move|p2a: Rotom|Overheat|p1a: Aggron\n|-supereffective|p1a: Aggron|1\n|-damage|p1a: Aggron|2/100\n|-unboost|p2a: Rotom|spa|2\n|move|p2b: Sinistcha|Life Dew||[still]|[spread] p2a,p2b\n|-fail|p2a: Rotom|heal\n|-heal|p2b: Sinistcha|93/100\n|move|p1b: Incineroar|Darkest Lariat|p2b: Sinistcha\n|-supereffective|p2b: Sinistcha|1\n|-damage|p2b: Sinistcha|28/100\n|move|p1a: Aggron|Body Press|p2a: Rotom\n|-damage|p2a: Rotom|22/100\n|\n|upkeep\n|turn|8\n|\n|t:|1776544885\n|move|p2a: Rotom|Discharge|p1a: Aggron|[spread] p2b,p1a,p1b\n|-resisted|p2b: Sinistcha|1\n|-crit|p2b: Sinistcha\n|-damage|p2b: Sinistcha|8/100\n|-damage|p1a: Aggron|0 fnt\n|-damage|p1b: Incineroar|93/100\n|-status|p1b: Incineroar|par\n|faint|p1a: Aggron\n|move|p2b: Sinistcha|Matcha Gotcha|p1b: Incineroar\n|-resisted|p1b: Incineroar|1\n|-damage|p1b: Incineroar|82/100 par\n|-heal|p2b: Sinistcha|14/100|[from] drain|[of] p1b: Incineroar\n|move|p1b: Incineroar|Darkest Lariat|p2b: Sinistcha\n|-supereffective|p2b: Sinistcha|1\n|-damage|p2b: Sinistcha|0 fnt\n|faint|p2b: Sinistcha\n|\n|upkeep\n|turn|9\n|\n|t:|1776544903\n|move|p2a: Rotom|Discharge|p1b: Incineroar\n|-damage|p1b: Incineroar|73/100 par\n|move|p1b: Incineroar|Darkest Lariat|p2a: Rotom\n|-damage|p2a: Rotom|0 fnt\n|faint|p2a: Rotom\n|\n|win|DuckSupreme\n|raw|DuckSupreme's rating: 1152 &rarr; <strong>1182</strong><br />(+30 for winning)\n|raw|SamRotom's rating: 1219 &rarr; <strong>1189</strong><br />(-30 for losing)\n",
  "uploadtime": 1776544912,
  "views": 23,
  "formatid": "gen9championsvgc2026regma",
  "rating": 1182,
  "private": 0,
  "password": null
}