{
  "id": "gen9championsvgc2026regma-2588300846",
  "format": "[Gen 9 Champions] VGC 2026 Reg M-A",
  "players": [
    "MvillMpersonality",
    "Markie._.dude"
  ],
  "log": "|j|\u2606MvillMpersonality\n|j|\u2606Markie._.dude\n|t:|1776622251\n|gametype|doubles\n|player|p1|MvillMpersonality|169|1146\n|player|p2|Markie._.dude|2|1127\n|gen|9\n|tier|[Gen 9 Champions] VGC 2026 Reg M-A\n|rated|\n|rule|Species Clause: Limit one of each Pok\u00e9mon\n|rule|Item Clause: Limit 1 of each item\n|clearpoke\n|poke|p1|Scovillain, L50, M|\n|poke|p1|Rhyperior, L50, F|\n|poke|p1|Sinistcha, L50|\n|poke|p1|Azumarill, L50, F|\n|poke|p1|Tyranitar, L50, F|\n|poke|p1|Aegislash, L50, M|\n|poke|p2|Infernape, L50, M|\n|poke|p2|Florges, L50, F|\n|poke|p2|Rotom-Wash, L50|\n|poke|p2|Garchomp, L50, F|\n|poke|p2|Talonflame, L50, M|\n|poke|p2|Scovillain, L50, M|\n|teampreview|4\n|c|\u2606MvillMpersonality|Megavillain is real!\n|c|\u2606MvillMpersonality|GLHF\n|\n|t:|1776622299\n|teamsize|p1|4\n|teamsize|p2|4\n|start\n|switch|p1a: The Antagonist|Scovillain, L50, M|100/100\n|switch|p1b: The Beef|Rhyperior, L50, F|100/100\n|switch|p2a: Infernape|Infernape, L50, M|100/100\n|switch|p2b: Talonflame|Talonflame, L50, M|100/100\n|turn|1\n|\n|t:|1776622343\n|detailschange|p1a: The Antagonist|Scovillain-Mega, L50, M\n|-mega|p1a: The Antagonist|Scovillain|Scovillainite\n|move|p1a: The Antagonist|Protect|p1a: The Antagonist\n|-singleturn|p1a: The Antagonist|Protect\n|move|p2a: Infernape|Fake Out|p1b: The Beef\n|-resisted|p1b: The Beef|1\n|-damage|p1b: The Beef|96/100\n|move|p2b: Talonflame|Taunt|p1a: The Antagonist\n|-activate|p1a: The Antagonist|move: Protect\n|cant|p1b: The Beef|flinch\n|\n|upkeep\n|turn|2\n|\n|t:|1776622365\n|move|p1a: The Antagonist|Rage Powder|p1a: The Antagonist\n|-singleturn|p1a: The Antagonist|move: Rage Powder\n|move|p2b: Talonflame|Tailwind|p2b: Talonflame\n|-sidestart|p2: Markie._.dude|move: Tailwind\n|move|p2a: Infernape|Close Combat|p1a: The Antagonist\n|-damage|p1a: The Antagonist|48/100\n|-unboost|p2a: Infernape|def|1\n|-unboost|p2a: Infernape|spd|1\n|-immune|p2a: Infernape\n|move|p1b: The Beef|Rock Slide|p2a: Infernape|[spread] p2a,p2b\n|-supereffective|p2b: Talonflame|2\n|-damage|p2a: Infernape|8/100\n|-damage|p2b: Talonflame|0 fnt\n|faint|p2b: Talonflame\n|\n|upkeep\n|\n|t:|1776622383\n|switch|p2b: Garchomp|Garchomp, L50, F|100/100\n|turn|3\n|\n|t:|1776622393\n|switch|p1b: The Cleric|Sinistcha, L50|100/100\n|-heal|p1a: The Antagonist|72/100|[from] ability: Hospitality|[of] p1b: The Cleric\n|move|p2b: Garchomp|Protect|p2b: Garchomp\n|-singleturn|p2b: Garchomp|Protect\n|move|p1a: The Antagonist|Rage Powder|p1a: The Antagonist\n|-singleturn|p1a: The Antagonist|move: Rage Powder\n|move|p2a: Infernape|Close Combat|p1a: The Antagonist\n|-damage|p1a: The Antagonist|23/100\n|-unboost|p2a: Infernape|def|1\n|-unboost|p2a: Infernape|spd|1\n|-immune|p2a: Infernape\n|\n|upkeep\n|turn|4\n|\n|t:|1776622418\n|switch|p1a: Azumarill|Azumarill, L50, F|100/100\n|switch|p1b: The Beef|Rhyperior, L50, F|96/100\n|move|p2a: Infernape|Flare Blitz|p1b: The Beef\n|-resisted|p1b: The Beef|1\n|-damage|p1b: The Beef|66/100\n|-damage|p2a: Infernape|0 fnt|[from] Recoil\n|faint|p2a: Infernape\n|move|p2b: Garchomp|Swords Dance|p2b: Garchomp\n|-boost|p2b: Garchomp|atk|2\n|\n|upkeep\n|\n|t:|1776622432\n|switch|p2a: Scovillain|Scovillain, L50, M|100/100\n|turn|5\n|\n|t:|1776622450\n|switch|p1a: The Cleric|Sinistcha, L50|100/100\n|-heal|p1b: The Beef|91/100|[from] ability: Hospitality|[of] p1a: The Cleric\n|detailschange|p2a: Scovillain|Scovillain-Mega, L50, M\n|-mega|p2a: Scovillain|Scovillain|Scovillainite\n|move|p2a: Scovillain|Protect|p2a: Scovillain\n|-singleturn|p2a: Scovillain|Protect\n|move|p2b: Garchomp|Earthquake|p1a: The Cleric|[spread] p1a,p1b\n|-activate|p2a: Scovillain|move: Protect\n|-resisted|p1a: The Cleric|1\n|-supereffective|p1b: The Beef|1\n|-damage|p1a: The Cleric|61/100\n|-damage|p1b: The Beef|3/100\n|move|p1b: The Beef|Rock Slide|p2a: Scovillain|[spread] p2b\n|-activate|p2a: Scovillain|move: Protect\n|-resisted|p2b: Garchomp|1\n|-damage|p2b: Garchomp|78/100\n|\n|-sideend|p2: Markie._.dude|move: Tailwind\n|upkeep\n|turn|6\n|\n|t:|1776622484\n|switch|p1a: Azumarill|Azumarill, L50, F|100/100\n|move|p1b: The Beef|Protect|p1b: The Beef\n|-singleturn|p1b: The Beef|Protect\n|move|p2b: Garchomp|Rock Slide|p1a: Azumarill|[spread] \n|-activate|p1b: The Beef|move: Protect\n|-miss|p2b: Garchomp|p1a: Azumarill\n|move|p2a: Scovillain|Flamethrower|p1a: Azumarill\n|-resisted|p1a: Azumarill|1\n|-damage|p1a: Azumarill|77/100\n|\n|upkeep\n|turn|7\n|\n|t:|1776622520\n|switch|p1b: The Cleric|Sinistcha, L50|61/100\n|-heal|p1a: Azumarill|100/100|[from] ability: Hospitality|[of] p1b: The Cleric\n|move|p2a: Scovillain|Protect|p2a: Scovillain\n|-singleturn|p2a: Scovillain|Protect\n|move|p2b: Garchomp|Earthquake|p1b: The Cleric|[spread] p1a,p1b\n|-activate|p2a: Scovillain|move: Protect\n|-resisted|p1b: The Cleric|1\n|-damage|p1a: Azumarill|21/100\n|-damage|p1b: The Cleric|25/100\n|-enditem|p1a: Azumarill|Sitrus Berry|[eat]\n|-heal|p1a: Azumarill|46/100|[from] item: Sitrus Berry\n|move|p1a: Azumarill|Play Rough|p2b: Garchomp\n|-supereffective|p2b: Garchomp|1\n|-damage|p2b: Garchomp|0 fnt\n|-damage|p1a: Azumarill|33/100|[from] ability: Rough Skin|[of] p2b: Garchomp\n|faint|p2b: Garchomp\n|\n|upkeep\n|turn|8\n|\n|t:|1776622558\n|switch|p1b: The Beef|Rhyperior, L50, F|3/100\n|switch|p1a: The Antagonist|Scovillain-Mega, L50, M|23/100\n|move|p2a: Scovillain|Giga Drain|p1a: The Antagonist\n|-resisted|p1a: The Antagonist|2\n|-damage|p1a: The Antagonist|14/100\n|-immune|p2a: Scovillain\n|\n|upkeep\n|turn|9\n|\n|t:|1776622588\n|switch|p1a: The Cleric|Sinistcha, L50|25/100\n|-heal|p1b: The Beef|27/100|[from] ability: Hospitality|[of] p1a: The Cleric\n|move|p2a: Scovillain|Protect|p2a: Scovillain\n|-singleturn|p2a: Scovillain|Protect\n|move|p1b: The Beef|Protect||[still]\n|-fail|p1b: The Beef\n|\n|upkeep\n|turn|10\n|\n|t:|1776622622\n|switch|p1b: The Antagonist|Scovillain-Mega, L50, M|14/100\n|move|p1a: The Cleric|Protect|p1a: The Cleric\n|-singleturn|p1a: The Cleric|Protect\n|move|p2a: Scovillain|Giga Drain|p1a: The Cleric\n|-activate|p1a: The Cleric|move: Protect\n|\n|upkeep\n|turn|11\n|\n|t:|1776622645\n|move|p2a: Scovillain|Flamethrower|p1b: The Antagonist\n|-damage|p1b: The Antagonist|0 fnt\n|-immune|p2a: Scovillain\n|faint|p1b: The Antagonist\n|move|p1a: The Cleric|Trick Room|p1a: The Cleric\n|-fieldstart|move: Trick Room|[of] p1a: The Cleric\n|\n|upkeep\n|\n|t:|1776622664\n|switch|p1b: The Beef|Rhyperior, L50, F|27/100\n|turn|12\n|\n|t:|1776622673\n|move|p1b: The Beef|Rock Slide|p2a: Scovillain\n|-supereffective|p2a: Scovillain|1\n|-damage|p2a: Scovillain|0 fnt\n|-status|p1b: The Beef|brn|[from] ability: Spicy Spray|[of] p2a: Scovillain\n|faint|p2a: Scovillain\n|\n|win|MvillMpersonality\n|raw|MvillMpersonality's rating: 1146 &rarr; <strong>1170</strong><br />(+24 for winning)\n|raw|Markie._.dude's rating: 1127 &rarr; <strong>1103</strong><br />(-24 for losing)\n",
  "uploadtime": 1776622679,
  "views": 13,
  "formatid": "gen9championsvgc2026regma",
  "rating": 1103,
  "private": 0,
  "password": null
}