{
  "id": "gen9championsvgc2026regma-2583464770",
  "format": "[Gen 9 Champions] VGC 2026 Reg M-A",
  "players": [
    "themegaisiug",
    "MDewayne"
  ],
  "log": "|j|\u2606themegaisiug\n|j|\u2606MDewayne\n|t:|1776177365\n|gametype|doubles\n|player|p1|themegaisiug|boarder|1126\n|player|p2|MDewayne|101|1112\n|gen|9\n|tier|[Gen 9 Champions] VGC 2026 Reg M-A\n|rated|\n|rule|Species Clause: Limit one of each Pok\u00e9mon\n|rule|Item Clause: Limit 1 of each item\n|clearpoke\n|poke|p1|Aerodactyl, L50, F|\n|poke|p1|Floette-Eternal, L50, F|\n|poke|p1|Incineroar, L50, M|\n|poke|p1|Sinistcha, L50|\n|poke|p1|Sneasler, L50, M|\n|poke|p1|Kingambit, L50, F|\n|poke|p2|Gallade, L50, M|\n|poke|p2|Decidueye-Hisui, L50, M|\n|poke|p2|Kommo-o, L50, F|\n|poke|p2|Sneasler, L50, F|\n|poke|p2|Hawlucha, L50, M|\n|poke|p2|Infernape, L50, M|\n|teampreview|4\n|\n|t:|1776177401\n|teamsize|p1|4\n|teamsize|p2|4\n|start\n|switch|p1a: Aerodactyl|Aerodactyl, L50, F|100/100\n|switch|p1b: Floette|Floette-Eternal, L50, F|100/100\n|switch|p2a: Sneasler|Sneasler, L50, F|100/100\n|switch|p2b: Decidueye|Decidueye-Hisui, L50, M|100/100\n|-ability|p1a: Aerodactyl|Unnerve\n|turn|1\n|\n|t:|1776177420\n|switch|p1a: Incineroar|Incineroar, L50, M|100/100\n|-ability|p1a: Incineroar|Intimidate|boost\n|-unboost|p2a: Sneasler|atk|1\n|-fail|p2b: Decidueye|unboost|Attack|[from] ability: Scrappy|[of] p2b: Decidueye\n|detailschange|p1b: Floette|Floette-Mega, L50, F\n|-mega|p1b: Floette|Floette|Floettite\n|-ability|p1b: Floette|Fairy Aura\n|move|p1b: Floette|Protect|p1b: Floette\n|-singleturn|p1b: Floette|Protect\n|move|p2b: Decidueye|Protect|p2b: Decidueye\n|-singleturn|p2b: Decidueye|Protect\n|move|p2a: Sneasler|Fake Out|p1a: Incineroar\n|-damage|p1a: Incineroar|92/100\n|\n|upkeep\n|turn|2\n|\n|t:|1776177440\n|move|p1a: Incineroar|Fake Out|p2a: Sneasler\n|-damage|p2a: Sneasler|79/100\n|cant|p2a: Sneasler|flinch\n|move|p1b: Floette|Calm Mind|p1b: Floette\n|-boost|p1b: Floette|spa|1\n|-boost|p1b: Floette|spd|1\n|move|p2b: Decidueye|Triple Arrows|p1a: Incineroar\n|-supereffective|p1a: Incineroar|1\n|-enditem|p1a: Incineroar|Chople Berry|[eat]\n|-enditem|p1a: Incineroar|Chople Berry|[weaken]\n|-damage|p1a: Incineroar|57/100\n|-unboost|p1a: Incineroar|def|1\n|\n|upkeep\n|turn|3\n|\n|t:|1776177459\n|switch|p1a: Aerodactyl|Aerodactyl, L50, F|100/100\n|-ability|p1a: Aerodactyl|Unnerve\n|move|p1b: Floette|Protect|p1b: Floette\n|-singleturn|p1b: Floette|Protect\n|move|p2a: Sneasler|Dire Claw|p1b: Floette\n|-activate|p1b: Floette|move: Protect\n|move|p2b: Decidueye|Triple Arrows|p1a: Aerodactyl\n|-damage|p1a: Aerodactyl|26/100\n|\n|upkeep\n|turn|4\n|\n|t:|1776177477\n|move|p1a: Aerodactyl|Tailwind|p1a: Aerodactyl\n|-sidestart|p1: themegaisiug|move: Tailwind\n|move|p1b: Floette|Dazzling Gleam|p2b: Decidueye|[spread] p2a,p2b\n|-supereffective|p2b: Decidueye|1\n|-damage|p2a: Sneasler|0 fnt\n|-damage|p2b: Decidueye|0 fnt\n|faint|p2a: Sneasler\n|faint|p2b: Decidueye\n|\n|upkeep\n|\n|t:|1776177490\n|switch|p2a: Hawlucha|Hawlucha, L50, M|100/100\n|switch|p2b: Gallade|Gallade, L50, M, shiny|100/100\n|-ability|p2a: Hawlucha|Mold Breaker\n|turn|5\n|\n|t:|1776177531\n|detailschange|p2b: Gallade|Gallade-Mega, L50, M, shiny\n|-mega|p2b: Gallade|Gallade|Galladite\n|move|p2b: Gallade|Shadow Sneak|p1a: Aerodactyl\n|-damage|p1a: Aerodactyl|0 fnt\n|faint|p1a: Aerodactyl\n|move|p1b: Floette|Dazzling Gleam|p2b: Gallade|[spread] p2a,p2b\n|-supereffective|p2a: Hawlucha|1\n|-supereffective|p2b: Gallade|1\n|-damage|p2a: Hawlucha|0 fnt\n|-damage|p2b: Gallade|0 fnt\n|faint|p2a: Hawlucha\n|faint|p2b: Gallade\n|\n|win|themegaisiug\n|raw|themegaisiug's rating: 1126 &rarr; <strong>1150</strong><br />(+24 for winning)\n|raw|MDewayne's rating: 1112 &rarr; <strong>1088</strong><br />(-24 for losing)\n",
  "uploadtime": 1776177540,
  "views": 13,
  "formatid": "gen9championsvgc2026regma",
  "rating": 1088,
  "private": 0,
  "password": null
}