{
  "id": "gen9championsvgc2026regma-2582428201",
  "format": "[Gen 9 Champions] VGC 2026 Reg M-A",
  "players": [
    "YoshiChris08",
    "strengthis80bp"
  ],
  "log": "|j|\u2606YoshiChris08\n|j|\u2606strengthis80bp\n|t:|1776091045\n|gametype|doubles\n|player|p1|YoshiChris08|unknown|1112\n|player|p2|strengthis80bp|riley|1215\n|gen|9\n|tier|[Gen 9 Champions] VGC 2026 Reg M-A\n|rated|\n|rule|Species Clause: Limit one of each Pok\u00e9mon\n|rule|Item Clause: Limit 1 of each item\n|clearpoke\n|poke|p1|Pelipper, L50, F|\n|poke|p1|Archaludon, L50, F|\n|poke|p1|Basculegion, L50, M|\n|poke|p1|Meganium, L50, F|\n|poke|p1|Sneasler, L50, M|\n|poke|p1|Glimmora, L50, M|\n|poke|p2|Manectric, L50, M|\n|poke|p2|Luxray, L50, M|\n|poke|p2|Whimsicott, L50, F|\n|poke|p2|Incineroar, L50, M|\n|poke|p2|Sneasler, L50, F|\n|poke|p2|Basculegion, L50, M|\n|teampreview|4\n|inactive|Battle timer is ON: inactive players will automatically lose when time's up. (requested by YoshiChris08)\n|inactive|YoshiChris08 has 60 seconds left.\n|\n|t:|1776091078\n|teamsize|p1|4\n|teamsize|p2|4\n|start\n|switch|p1a: Glimmora|Glimmora, L50, M, shiny|100/100\n|switch|p1b: Basculegion|Basculegion, L50, M, shiny|100/100\n|switch|p2a: Whimsicott|Whimsicott, L50, F|100/100\n|switch|p2b: Sneasler|Sneasler, L50, F|100/100\n|turn|1\n|\n|t:|1776091093\n|move|p1b: Basculegion|Protect|p1b: Basculegion\n|-singleturn|p1b: Basculegion|Protect\n|move|p2a: Whimsicott|Tailwind|p2a: Whimsicott\n|-sidestart|p2: strengthis80bp|move: Tailwind\n|move|p2b: Sneasler|Close Combat|p1a: Glimmora\n|-damage|p1a: Glimmora|36/100\n|-unboost|p2b: Sneasler|def|1\n|-unboost|p2b: Sneasler|spd|1\n|-activate|p1a: Glimmora|ability: Toxic Debris\n|-sidestart|p2: strengthis80bp|move: Toxic Spikes\n|-enditem|p2b: Sneasler|White Herb\n|-clearnegativeboost|p2b: Sneasler|[silent]\n|move|p1a: Glimmora|Sludge Wave|p2b: Sneasler|[spread] p2a,p2b\n|-activate|p1b: Basculegion|move: Protect\n|-supereffective|p2a: Whimsicott|2\n|-resisted|p2b: Sneasler|1\n|-enditem|p2a: Whimsicott|Focus Sash\n|-damage|p2a: Whimsicott|1/100\n|-damage|p2b: Sneasler|75/100\n|\n|upkeep\n|turn|2\n|inactive|YoshiChris08 has 30 seconds left.\n|inactive|YoshiChris08 has 20 seconds left.\n|\n|t:|1776091133\n|move|p1a: Glimmora|Spiky Shield|p1a: Glimmora\n|-singleturn|p1a: Glimmora|move: Protect\n|move|p2a: Whimsicott|Fake Tears|p1b: Basculegion\n|-unboost|p1b: Basculegion|spd|2\n|move|p2b: Sneasler|Close Combat|p1a: Glimmora\n|-activate|p1a: Glimmora|move: Protect\n|-damage|p2b: Sneasler|63/100|[from] Spiky Shield|[of] p1a: Glimmora\n|move|p1b: Basculegion|Flip Turn|p2a: Whimsicott\n|-resisted|p2a: Whimsicott|1\n|-damage|p2a: Whimsicott|0 fnt\n|faint|p2a: Whimsicott\n|\n|t:|1776091153\n|switch|p1b: Sneasler|Sneasler, L50, M, shiny|100/100|[from] Flip Turn\n|\n|upkeep\n|\n|t:|1776091156\n|switch|p2a: Manectric|Manectric, L50, M|100/100\n|-status|p2a: Manectric|psn\n|turn|3\n|\n|t:|1776091178\n|detailschange|p2a: Manectric|Manectric-Mega, L50, M\n|-mega|p2a: Manectric|Manectric|Manectite\n|-ability|p2a: Manectric|Intimidate|boost\n|-unboost|p1a: Glimmora|atk|1\n|-unboost|p1b: Sneasler|atk|1\n|-enditem|p1b: Sneasler|White Herb\n|-clearnegativeboost|p1b: Sneasler|[silent]\n|move|p1b: Sneasler|Fake Out|p2b: Sneasler\n|-damage|p2b: Sneasler|37/100\n|cant|p2b: Sneasler|flinch\n|move|p2a: Manectric|Electric Terrain|p2a: Manectric\n|-fieldstart|move: Electric Terrain\n|move|p1a: Glimmora|Earth Power|p2b: Sneasler\n|-supereffective|p2b: Sneasler|1\n|-crit|p2b: Sneasler\n|-damage|p2b: Sneasler|0 fnt\n|faint|p2b: Sneasler\n|\n|-damage|p2a: Manectric|88/100 psn|[from] psn\n|upkeep\n|\n|t:|1776091184\n|switch|p2b: Luxray|Luxray, L50, M|100/100\n|-status|p2b: Luxray|psn\n|-ability|p2b: Luxray|Intimidate|boost\n|-unboost|p1a: Glimmora|atk|1\n|-unboost|p1b: Sneasler|atk|1\n|turn|4\n|\n|t:|1776091209\n|move|p1a: Glimmora|Spiky Shield|p1a: Glimmora\n|-singleturn|p1a: Glimmora|move: Protect\n|move|p2a: Manectric|Rising Voltage|p1b: Sneasler\n|-hint|Rising Voltage's BP doubled on grounded target.\n|-damage|p1b: Sneasler|0 fnt\n|faint|p1b: Sneasler\n|move|p2b: Luxray|Rising Voltage|p1a: Glimmora\n|-activate|p1a: Glimmora|move: Protect\n|\n|-damage|p2a: Manectric|76/100 psn|[from] psn\n|-damage|p2b: Luxray|88/100 psn|[from] psn\n|-sideend|p2: strengthis80bp|move: Tailwind\n|upkeep\n|\n|t:|1776091227\n|switch|p1b: Meganium|Meganium, L50, F|100/100\n|turn|5\n|\n|t:|1776091248\n|detailschange|p1b: Meganium|Meganium-Mega, L50, F\n|-mega|p1b: Meganium|Meganium|Meganiumite\n|move|p2a: Manectric|Rising Voltage|p1b: Meganium\n|-hint|Rising Voltage's BP doubled on grounded target.\n|-resisted|p1b: Meganium|1\n|-damage|p1b: Meganium|53/100\n|move|p1b: Meganium|Solar Beam||[still]\n|-prepare|p1b: Meganium|Solar Beam\n|-activate|p1b: Meganium|ability: Mega Sol\n|-anim|p1b: Meganium|Solar Beam|p2a: Manectric\n|-damage|p2a: Manectric|0 fnt\n|faint|p2a: Manectric\n|move|p1a: Glimmora|Earth Power|p2b: Luxray\n|-supereffective|p2b: Luxray|1\n|-damage|p2b: Luxray|4/100 psn\n|move|p2b: Luxray|Rising Voltage|p1b: Meganium\n|-hint|Rising Voltage's BP doubled on grounded target.\n|-resisted|p1b: Meganium|1\n|-damage|p1b: Meganium|3/100\n|\n|-damage|p2b: Luxray|0 fnt|[from] psn\n|faint|p2b: Luxray\n|\n|win|YoshiChris08\n|raw|YoshiChris08's rating: 1112 &rarr; <strong>1144</strong><br />(+32 for winning)\n|raw|strengthis80bp's rating: 1215 &rarr; <strong>1183</strong><br />(-32 for losing)\n|l|\u2606strengthis80bp\n|player|p2|\n",
  "uploadtime": 1776091284,
  "views": 22,
  "formatid": "gen9championsvgc2026regma",
  "rating": 1144,
  "private": 0,
  "password": null
}