{
  "id": "gen9championsvgc2026regma-2587708782",
  "format": "[Gen 9 Champions] VGC 2026 Reg M-A",
  "players": [
    "CHOSSYxVGC",
    "ikthoizzykil"
  ],
  "log": "|j|\u2606CHOSSYxVGC\n|j|\u2606ikthoizzykil\n|t:|1776556065\n|gametype|doubles\n|player|p1|CHOSSYxVGC|169|1141\n|player|p2|ikthoizzykil|pokemaniac-gen3rs|1130\n|gen|9\n|tier|[Gen 9 Champions] VGC 2026 Reg M-A\n|rated|\n|rule|Species Clause: Limit one of each Pok\u00e9mon\n|rule|Item Clause: Limit 1 of each item\n|clearpoke\n|poke|p1|Sneasler, L50, M|\n|poke|p1|Froslass, L50, F|\n|poke|p1|Ninetales-Alola, L50, F|\n|poke|p1|Kingambit, L50, F|\n|poke|p1|Farigiraf, L50, M|\n|poke|p1|Vivillon, L50, M|\n|poke|p2|Typhlosion-Hisui, L50, F, shiny|\n|poke|p2|Meganium, L50, M, shiny|\n|poke|p2|Aerodactyl, L50, F, shiny|\n|poke|p2|Kangaskhan, L50, F, shiny|\n|poke|p2|Tauros-Paldea-Aqua, L50, M, shiny|\n|poke|p2|Archaludon, L50, F, shiny|\n|teampreview|4\n|inactive|Battle timer is ON: inactive players will automatically lose when time's up. (requested by ikthoizzykil)\n|inactive|CHOSSYxVGC has 60 seconds left.\n|inactive|ikthoizzykil has 60 seconds left.\n|inactive|ikthoizzykil has 30 seconds left.\n|inactive|ikthoizzykil has 20 seconds left.\n|inactive|ikthoizzykil has 15 seconds left.\n|\n|t:|1776556141\n|teamsize|p1|4\n|teamsize|p2|4\n|start\n|switch|p1a: Vivillon|Vivillon, L50, M|100/100\n|switch|p1b: Sneasler|Sneasler, L50, M|100/100\n|switch|p2a: Aerodactyl|Aerodactyl, L50, F, shiny|100/100\n|switch|p2b: Typhlosion|Typhlosion-Hisui, L50, F, shiny|100/100\n|-ability|p2a: Aerodactyl|Unnerve\n|turn|1\n|\n|t:|1776556157\n|move|p2a: Aerodactyl|Protect|p2a: Aerodactyl\n|-singleturn|p2a: Aerodactyl|Protect\n|move|p1b: Sneasler|Fake Out|p2a: Aerodactyl\n|-activate|p2a: Aerodactyl|move: Protect\n|move|p2b: Typhlosion|Eruption|p1b: Sneasler|[spread] p1a,p1b\n|-supereffective|p1a: Vivillon|1\n|-enditem|p1a: Vivillon|Focus Sash\n|-damage|p1a: Vivillon|1/100\n|-damage|p1b: Sneasler|41/100\n|move|p1a: Vivillon|Tailwind|p1a: Vivillon\n|-sidestart|p1: CHOSSYxVGC|move: Tailwind\n|\n|upkeep\n|turn|2\n|inactive|ikthoizzykil has 30 seconds left.\n|inactive|ikthoizzykil has 20 seconds left.\n|\n|t:|1776556195\n|switch|p2b: Archaludon|Archaludon, L50, F, shiny|100/100\n|move|p1b: Sneasler|Dire Claw|p2b: Archaludon\n|-immune|p2b: Archaludon\n|move|p1a: Vivillon|Sleep Powder|p2a: Aerodactyl\n|-status|p2a: Aerodactyl|slp|[from] move: Sleep Powder\n|cant|p2a: Aerodactyl|slp\n|\n|upkeep\n|turn|3\n|\n|t:|1776556214\n|move|p2b: Archaludon|Protect|p2b: Archaludon\n|-singleturn|p2b: Archaludon|Protect\n|move|p1b: Sneasler|Close Combat|p2b: Archaludon\n|-activate|p2b: Archaludon|move: Protect\n|move|p1a: Vivillon|Pollen Puff|p1b: Sneasler\n|-heal|p1b: Sneasler|90/100\n|cant|p2a: Aerodactyl|slp\n|\n|upkeep\n|turn|4\n|\n|t:|1776556234\n|switch|p2b: Typhlosion|Typhlosion-Hisui, L50, F, shiny|100/100\n|move|p1b: Sneasler|Close Combat|p2a: Aerodactyl\n|-enditem|p2a: Aerodactyl|Focus Sash\n|-damage|p2a: Aerodactyl|1/100 slp\n|-unboost|p1b: Sneasler|def|1\n|-unboost|p1b: Sneasler|spd|1\n|-enditem|p1b: Sneasler|White Herb\n|-clearnegativeboost|p1b: Sneasler|[silent]\n|move|p1a: Vivillon|Sleep Powder|p2b: Typhlosion|[miss]\n|-miss|p1a: Vivillon|p2b: Typhlosion\n|-curestatus|p2a: Aerodactyl|slp|[msg]\n|move|p2a: Aerodactyl|Rock Slide|p1b: Sneasler|[spread] p1a,p1b\n|-supereffective|p1a: Vivillon|2\n|-resisted|p1b: Sneasler|1\n|-damage|p1a: Vivillon|0 fnt\n|-damage|p1b: Sneasler|73/100\n|faint|p1a: Vivillon\n|\n|-sideend|p1: CHOSSYxVGC|move: Tailwind\n|upkeep\n|\n|t:|1776556244\n|switch|p1a: Froslass|Froslass, L50, F|100/100\n|turn|5\n|\n|t:|1776556266\n|detailschange|p1a: Froslass|Froslass-Mega, L50, F\n|-mega|p1a: Froslass|Froslass|Froslassite\n|-weather|Snowscape|[from] ability: Snow Warning|[of] p1a: Froslass\n|move|p1b: Sneasler|Dire Claw|p2a: Aerodactyl\n|-resisted|p2a: Aerodactyl|1\n|-damage|p2a: Aerodactyl|0 fnt\n|faint|p2a: Aerodactyl\n|move|p2b: Typhlosion|Eruption|p1a: Froslass|[spread] p1a,p1b\n|-supereffective|p1a: Froslass|1\n|-damage|p1a: Froslass|0 fnt\n|-damage|p1b: Sneasler|0 fnt\n|faint|p1a: Froslass\n|faint|p1b: Sneasler\n|\n|-weather|Snowscape|[upkeep]\n|upkeep\n|-message|CHOSSYxVGC forfeited.\n|\n|win|ikthoizzykil\n|raw|CHOSSYxVGC's rating: 1141 &rarr; <strong>1115</strong><br />(-26 for losing)\n|raw|ikthoizzykil's rating: 1130 &rarr; <strong>1156</strong><br />(+26 for winning)\n|l|\u2606CHOSSYxVGC\n|player|p1|\n|c|\u2606ikthoizzykil|gg btuv\n",
  "uploadtime": 1776556286,
  "views": 15,
  "formatid": "gen9championsvgc2026regma",
  "rating": 1115,
  "private": 0,
  "password": null
}