{
  "id": "gen9championsvgc2026regma-2582735348",
  "format": "[Gen 9 Champions] VGC 2026 Reg M-A",
  "players": [
    "papupapone",
    "NecroKoopa"
  ],
  "log": "|j|\u2606papupapone\n|j|\u2606NecroKoopa\n|t:|1776110489\n|gametype|doubles\n|player|p1|papupapone|265|1102\n|player|p2|NecroKoopa|102|1065\n|gen|9\n|tier|[Gen 9 Champions] VGC 2026 Reg M-A\n|rated|\n|rule|Species Clause: Limit one of each Pok\u00e9mon\n|rule|Item Clause: Limit 1 of each item\n|clearpoke\n|poke|p1|Tyranitar, L50, M|\n|poke|p1|Rotom-Wash, L50|\n|poke|p1|Corviknight, L50, M|\n|poke|p1|Incineroar, L50, F|\n|poke|p1|Sinistcha, L50|\n|poke|p1|Sneasler, L50, F|\n|poke|p2|Aegislash, L50, F|\n|poke|p2|Liepard, L50, M|\n|poke|p2|Volcarona, L50, F|\n|poke|p2|Feraligatr, L50, F|\n|poke|p2|Sinistcha, L50|\n|poke|p2|Mamoswine, L50, F|\n|teampreview|4\n|inactive|Battle timer is ON: inactive players will automatically lose when time's up. (requested by papupapone)\npapupapone rejected open team sheets.\n|\n|t:|1776110525\n|teamsize|p1|4\n|teamsize|p2|4\n|start\n|switch|p1a: Tyranitar|Tyranitar, L50, M|100/100\n|switch|p1b: Incineroar|Incineroar, L50, F|100/100\n|switch|p2a: Liepard|Liepard, L50, M|100/100\n|switch|p2b: Feraligatr|Feraligatr, L50, F|100/100\n|-weather|Sandstorm|[from] ability: Sand Stream|[of] p1a: Tyranitar\n|-ability|p1b: Incineroar|Intimidate|boost\n|-unboost|p2a: Liepard|atk|1\n|-unboost|p2b: Feraligatr|atk|1\n|turn|1\n|\n|t:|1776110549\n|detailschange|p1a: Tyranitar|Tyranitar-Mega, L50, M\n|-mega|p1a: Tyranitar|Tyranitar|Tyranitarite\n|move|p1a: Tyranitar|Protect|p1a: Tyranitar\n|-singleturn|p1a: Tyranitar|Protect\n|move|p2a: Liepard|Fake Out|p1b: Incineroar\n|-damage|p1b: Incineroar|94/100\n|move|p2b: Feraligatr|Dragon Dance|p2b: Feraligatr\n|-boost|p2b: Feraligatr|atk|1\n|-boost|p2b: Feraligatr|spe|1\n|cant|p1b: Incineroar|flinch\n|\n|-weather|Sandstorm|[upkeep]\n|-damage|p2a: Liepard|95/100|[from] Sandstorm\n|-damage|p2b: Feraligatr|94/100|[from] Sandstorm\n|-damage|p1b: Incineroar|88/100|[from] Sandstorm\n|upkeep\n|turn|2\n|inactive|NecroKoopa has 30 seconds left.\n|inactive|papupapone has 30 seconds left.\n|\n|t:|1776110580\n|switch|p1b: Sneasler|Sneasler, L50, F|100/100\n|detailschange|p2b: Feraligatr|Feraligatr-Mega, L50, F\n|-mega|p2b: Feraligatr|Feraligatr|Feraligite\n|move|p2a: Liepard|Rain Dance|p2a: Liepard\n|-weather|RainDance\n|move|p2b: Feraligatr|Waterfall|p1a: Tyranitar\n|-supereffective|p1a: Tyranitar|1\n|-damage|p1a: Tyranitar|0 fnt\n|faint|p1a: Tyranitar\n|\n|-weather|RainDance|[upkeep]\n|upkeep\n|\n|t:|1776110589\n|switch|p1a: Incineroar|Incineroar, L50, F|88/100\n|-ability|p1a: Incineroar|Intimidate|boost\n|-unboost|p2a: Liepard|atk|1\n|-unboost|p2b: Feraligatr|atk|1\n|turn|3\n|inactive|NecroKoopa has 30 seconds left.\n|\n|t:|1776110617\n|move|p2b: Feraligatr|Protect|p2b: Feraligatr\n|-singleturn|p2b: Feraligatr|Protect\n|move|p1a: Incineroar|Fake Out|p2b: Feraligatr\n|-activate|p2b: Feraligatr|move: Protect\n|move|p2a: Liepard|Screech|p1b: Sneasler\n|-unboost|p1b: Sneasler|def|2\n|-enditem|p1b: Sneasler|White Herb\n|-clearnegativeboost|p1b: Sneasler|[silent]\n|move|p1b: Sneasler|Close Combat|p2b: Feraligatr\n|-activate|p2b: Feraligatr|move: Protect\n|\n|-weather|RainDance|[upkeep]\n|upkeep\n|turn|4\n|inactive|NecroKoopa has 30 seconds left.\n|inactive|NecroKoopa has 20 seconds left.\n|inactive|NecroKoopa has 15 seconds left.\n|\n|t:|1776110660\n|switch|p2a: Mamoswine|Mamoswine, L50, F|100/100\n|switch|p2b: Sinistcha|Sinistcha, L50|100/100\n|move|p1b: Sneasler|Close Combat|p2a: Mamoswine\n|-supereffective|p2a: Mamoswine|1\n|-damage|p2a: Mamoswine|0 fnt\n|-unboost|p1b: Sneasler|def|1\n|-unboost|p1b: Sneasler|spd|1\n|faint|p2a: Mamoswine\n|move|p1a: Incineroar|Parting Shot|p2b: Sinistcha\n|-unboost|p2b: Sinistcha|atk|1\n|-unboost|p2b: Sinistcha|spa|1\n|\n|t:|1776110672\n|switch|p1a: Sinistcha|Sinistcha, L50|100/100|[from] Parting Shot\n|\n|-weather|RainDance|[upkeep]\n|upkeep\n|\n|t:|1776110682\n|switch|p2a: Liepard|Liepard, L50, M|95/100\n|turn|5\n|\n|t:|1776110696\n|move|p2a: Liepard|Fake Out|p1b: Sneasler\n|-damage|p1b: Sneasler|75/100\n|cant|p1b: Sneasler|flinch\n|move|p1a: Sinistcha|Matcha Gotcha|p2a: Liepard|[spread] p2a,p2b\n|-resisted|p2b: Sinistcha|1\n|-damage|p2a: Liepard|41/100\n|-damage|p2b: Sinistcha|85/100\n|move|p2b: Sinistcha|Trick Room|p2b: Sinistcha\n|-fieldstart|move: Trick Room|[of] p2b: Sinistcha\n|\n|-weather|RainDance|[upkeep]\n|-heal|p2b: Sinistcha|92/100|[from] item: Leftovers\n|upkeep\n|turn|6\n|l|\u2606NecroKoopa\n|inactive|NecroKoopa disconnected and has a minute to reconnect!\n|player|p2|\n|j|\u2606NecroKoopa\n|inactive|NecroKoopa reconnected and has 35 seconds left.\n|player|p2|NecroKoopa|102|\n|inactive|NecroKoopa has 30 seconds left.\n|inactive|NecroKoopa has 20 seconds left.\n|inactive|NecroKoopa has 15 seconds left.\n|inactive|NecroKoopa has 10 seconds left.\n|\n|t:|1776110746\n|move|p2a: Liepard|Encore|p1a: Sinistcha\n|-start|p1a: Sinistcha|Encore\n|move|p1a: Sinistcha|Matcha Gotcha|p2a: Liepard|[spread] p2a,p2b\n|-resisted|p2b: Sinistcha|1\n|-damage|p2a: Liepard|0 fnt\n|-damage|p2b: Sinistcha|78/100\n|faint|p2a: Liepard\n|move|p2b: Sinistcha|Matcha Gotcha|p1b: Sneasler|[spread] p1a,p1b\n|-resisted|p1a: Sinistcha|1\n|-resisted|p1b: Sneasler|1\n|-damage|p1a: Sinistcha|90/100\n|-heal|p2b: Sinistcha|83/100|[from] drain|[of] p1a: Sinistcha\n|-damage|p1b: Sneasler|55/100\n|-heal|p2b: Sinistcha|93/100|[from] drain|[of] p1b: Sneasler\n|-status|p1a: Sinistcha|brn\n|move|p1b: Sneasler|Dire Claw|p2b: Sinistcha\n|-damage|p2b: Sinistcha|59/100\n|\n|-weather|none\n|-heal|p2b: Sinistcha|65/100|[from] item: Leftovers\n|-damage|p1a: Sinistcha|84/100 brn|[from] brn\n|upkeep\n|\n|t:|1776110762\n|switch|p2a: Feraligatr|Feraligatr-Mega, L50, F|94/100\n|turn|7\n|\n|t:|1776110776\n|switch|p1a: Incineroar|Incineroar, L50, F|88/100\n|-ability|p1a: Incineroar|Intimidate|boost\n|-unboost|p2a: Feraligatr|atk|1\n|-unboost|p2b: Sinistcha|atk|1\n|move|p2b: Sinistcha|Rage Powder|p2b: Sinistcha\n|-singleturn|p2b: Sinistcha|move: Rage Powder\n|move|p2a: Feraligatr|Waterfall|p1b: Sneasler\n|-damage|p1b: Sneasler|0 fnt\n|faint|p1b: Sneasler\n|\n|-heal|p2b: Sinistcha|71/100|[from] item: Leftovers\n|upkeep\n|\n|t:|1776110785\n|switch|p1b: Sinistcha|Sinistcha, L50|84/100 brn\n|-heal|p1a: Incineroar|100/100|[from] ability: Hospitality|[of] p1b: Sinistcha\n|turn|8\n|inactive|NecroKoopa has 30 seconds left.\n|\n|t:|1776110815\n|move|p1a: Incineroar|Flare Blitz|p2b: Sinistcha\n|-supereffective|p2b: Sinistcha|1\n|-damage|p2b: Sinistcha|0 fnt\n|faint|p2b: Sinistcha\n|-damage|p1a: Incineroar|80/100|[from] Recoil\n|move|p1b: Sinistcha|Matcha Gotcha|p2a: Feraligatr|[miss]\n|-miss|p1b: Sinistcha|p2a: Feraligatr\n|move|p2a: Feraligatr|Dragon Dance|p2a: Feraligatr\n|-boost|p2a: Feraligatr|atk|1\n|-boost|p2a: Feraligatr|spe|1\n|\n|-damage|p1b: Sinistcha|78/100 brn|[from] brn\n|upkeep\n|turn|9\n|\n|t:|1776110836\n|move|p2a: Feraligatr|Protect|p2a: Feraligatr\n|-singleturn|p2a: Feraligatr|Protect\n|move|p1a: Incineroar|Flare Blitz|p2a: Feraligatr\n|-activate|p2a: Feraligatr|move: Protect\n|move|p1b: Sinistcha|Matcha Gotcha|p2a: Feraligatr\n|-activate|p2a: Feraligatr|move: Protect\n|\n|-damage|p1b: Sinistcha|72/100 brn|[from] brn\n|-fieldend|move: Trick Room\n|upkeep\n|turn|10\n|\n|t:|1776110852\n|move|p1b: Sinistcha|Protect|p1b: Sinistcha\n|-singleturn|p1b: Sinistcha|Protect\n|move|p2a: Feraligatr|Waterfall|p1a: Incineroar\n|-supereffective|p1a: Incineroar|1\n|-damage|p1a: Incineroar|0 fnt\n|faint|p1a: Incineroar\n|\n|-damage|p1b: Sinistcha|66/100 brn|[from] brn\n|upkeep\n|turn|11\n|\n|t:|1776110867\n|move|p2a: Feraligatr|Double-Edge|p1b: Sinistcha\n|-damage|p1b: Sinistcha|0 fnt\n|faint|p1b: Sinistcha\n|-damage|p2a: Feraligatr|74/100|[from] Recoil\n|\n|win|NecroKoopa\n|raw|papupapone's rating: 1102 &rarr; <strong>1074</strong><br />(-28 for losing)\n|raw|NecroKoopa's rating: 1065 &rarr; <strong>1098</strong><br />(+33 for winning)\n",
  "uploadtime": 1776110873,
  "views": 32,
  "formatid": "gen9championsvgc2026regma",
  "rating": 1074,
  "private": 0,
  "password": null
}