{
  "id": "gen9championsvgc2026regma-2580309103",
  "format": "[Gen 9 Champions] VGC 2026 Reg M-A",
  "players": [
    "slurpysigma",
    "Deeforsee1"
  ],
  "log": "|j|\u2606slurpysigma\n|j|\u2606Deeforsee1\n|t:|1775878736\n|gametype|doubles\n|player|p1|slurpysigma|2|1000\n|player|p2|Deeforsee1|2|1064\n|gen|9\n|tier|[Gen 9 Champions] VGC 2026 Reg M-A\n|rated|\n|rule|Species Clause: Limit one of each Pok\u00e9mon\n|rule|Item Clause: Limit 1 of each item\n|clearpoke\n|poke|p1|Tyranitar, L50, M|\n|poke|p1|Sneasler, L50, M|\n|poke|p1|Excadrill, L50, F|\n|poke|p1|Primarina, L50, F|\n|poke|p1|Arcanine-Hisui, L50, F|\n|poke|p1|Sinistcha, L50|\n|poke|p2|Aerodactyl, L50, M|\n|poke|p2|Kingambit, L50, F|\n|poke|p2|Glimmora, L50, M|\n|poke|p2|Sinistcha, L50|\n|poke|p2|Incineroar, L50, F|\n|poke|p2|Crabominable, L50, M|\n|teampreview|4\n|inactive|Battle timer is ON: inactive players will automatically lose when time's up. (requested by Deeforsee1)\n|inactive|slurpysigma also wants the timer to be on.\nslurpysigma has agreed to open team sheets.\n|\n|t:|1775878754\n|teamsize|p1|4\n|teamsize|p2|4\n|start\n|switch|p1a: Tyranitar|Tyranitar, L50, M|100/100\n|switch|p1b: Sneasler|Sneasler, L50, M|100/100\n|switch|p2a: Sinistcha|Sinistcha, L50|100/100\n|switch|p2b: Incineroar|Incineroar, L50, F|100/100\n|-weather|Sandstorm|[from] ability: Sand Stream|[of] p1a: Tyranitar\n|-ability|p2b: Incineroar|Intimidate|boost\n|-unboost|p1a: Tyranitar|atk|1\n|-unboost|p1b: Sneasler|atk|1\n|turn|1\n|inactive|Deeforsee1 has 30 seconds left.\n|\n|t:|1775878781\n|switch|p2b: Crabominable|Crabominable, L50, M|100/100\n|detailschange|p1a: Tyranitar|Tyranitar-Mega, L50, M\n|-mega|p1a: Tyranitar|Tyranitar|Tyranitarite\n|move|p1b: Sneasler|Fake Out|p2b: Crabominable\n|-damage|p2b: Crabominable|91/100\n|move|p1a: Tyranitar|Knock Off|p2a: Sinistcha\n|-supereffective|p2a: Sinistcha|1\n|-damage|p2a: Sinistcha|20/100\n|-enditem|p2a: Sinistcha|Sitrus Berry|[from] move: Knock Off|[of] p1a: Tyranitar\n|move|p2a: Sinistcha|Trick Room|p2a: Sinistcha\n|-fieldstart|move: Trick Room|[of] p2a: Sinistcha\n|\n|-weather|Sandstorm|[upkeep]\n|-damage|p2b: Crabominable|85/100|[from] Sandstorm\n|-damage|p2a: Sinistcha|13/100|[from] Sandstorm\n|-damage|p1b: Sneasler|95/100|[from] Sandstorm\n|upkeep\n|turn|2\n|inactive|Deeforsee1 has 30 seconds left.\n|\n|t:|1775878811\n|detailschange|p2b: Crabominable|Crabominable-Mega, L50, M\n|-mega|p2b: Crabominable|Crabominable|Crabominite\n|move|p1a: Tyranitar|Protect|p1a: Tyranitar\n|-singleturn|p1a: Tyranitar|Protect\n|move|p2a: Sinistcha|Rage Powder|p2a: Sinistcha\n|-singleturn|p2a: Sinistcha|move: Rage Powder\n|move|p2b: Crabominable|Drain Punch|p1a: Tyranitar\n|-activate|p1a: Tyranitar|move: Protect\n|move|p1b: Sneasler|Dire Claw|p2a: Sinistcha\n|-damage|p2a: Sinistcha|0 fnt\n|faint|p2a: Sinistcha\n|\n|-weather|Sandstorm|[upkeep]\n|-damage|p2b: Crabominable|79/100|[from] Sandstorm\n|-damage|p1b: Sneasler|89/100|[from] Sandstorm\n|upkeep\n|\n|t:|1775878815\n|switch|p2a: Incineroar|Incineroar, L50, F|100/100\n|-ability|p2a: Incineroar|Intimidate|boost\n|-unboost|p1a: Tyranitar|atk|1\n|-unboost|p1b: Sneasler|atk|1\n|turn|3\n|\n|t:|1775878834\n|switch|p1a: Primarina|Primarina, L50, F|100/100\n|move|p2a: Incineroar|Fake Out|p1b: Sneasler\n|-damage|p1b: Sneasler|70/100\n|move|p2b: Crabominable|Drain Punch|p1a: Primarina\n|-resisted|p1a: Primarina|1\n|-damage|p1a: Primarina|63/100\n|-heal|p2b: Crabominable|97/100|[from] drain|[of] p1a: Primarina\n|cant|p1b: Sneasler|flinch\n|\n|-weather|Sandstorm|[upkeep]\n|-damage|p2b: Crabominable|91/100|[from] Sandstorm\n|-damage|p1a: Primarina|57/100|[from] Sandstorm\n|-damage|p2a: Incineroar|94/100|[from] Sandstorm\n|-damage|p1b: Sneasler|64/100|[from] Sandstorm\n|upkeep\n|turn|4\n|inactive|Deeforsee1 has 30 seconds left.\n|inactive|Deeforsee1 has 20 seconds left.\n|inactive|Deeforsee1 has 15 seconds left.\n|\n|t:|1775878874\n|move|p2b: Crabominable|Ice Hammer|p1b: Sneasler\n|-damage|p1b: Sneasler|0 fnt\n|-unboost|p2b: Crabominable|spe|1\n|faint|p1b: Sneasler\n|move|p1a: Primarina|Hyper Voice|p2a: Incineroar|[spread] p2a,p2b\n|-supereffective|p2a: Incineroar|1\n|-crit|p2b: Crabominable\n|-damage|p2a: Incineroar|25/100\n|-damage|p2b: Crabominable|33/100\n|move|p2a: Incineroar|Parting Shot|p1a: Primarina\n|-unboost|p1a: Primarina|atk|1\n|-unboost|p1a: Primarina|spa|1\n|\n|t:|1775878881\n|switch|p2a: Kingambit|Kingambit, L50, F|100/100|[from] Parting Shot\n|\n|-weather|Sandstorm|[upkeep]\n|-damage|p2b: Crabominable|27/100|[from] Sandstorm\n|-damage|p1a: Primarina|51/100|[from] Sandstorm\n|upkeep\n|\n|t:|1775878888\n|switch|p1b: Excadrill|Excadrill, L50, F|100/100\n|turn|5\n|\n|t:|1775878904\n|move|p1b: Excadrill|Protect|p1b: Excadrill\n|-singleturn|p1b: Excadrill|Protect\n|move|p2b: Crabominable|Drain Punch|p1a: Primarina\n|-resisted|p1a: Primarina|1\n|-damage|p1a: Primarina|14/100\n|-heal|p2b: Crabominable|44/100|[from] drain|[of] p1a: Primarina\n|move|p2a: Kingambit|Swords Dance|p2a: Kingambit\n|-boost|p2a: Kingambit|atk|2\n|move|p1a: Primarina|Hyper Voice|p2b: Crabominable|[spread] p2a,p2b\n|-damage|p2a: Kingambit|70/100\n|-damage|p2b: Crabominable|22/100\n|\n|-weather|none\n|-fieldend|move: Trick Room\n|upkeep\n|turn|6\n|\n|t:|1775878922\n|move|p2a: Kingambit|Protect|p2a: Kingambit\n|-singleturn|p2a: Kingambit|Protect\n|move|p2b: Crabominable|Protect|p2b: Crabominable\n|-singleturn|p2b: Crabominable|Protect\n|move|p1b: Excadrill|High Horsepower|p2a: Kingambit\n|-activate|p2a: Kingambit|move: Protect\n|move|p1a: Primarina|Hyper Voice|p2b: Crabominable|[spread] \n|-activate|p2a: Kingambit|move: Protect\n|-activate|p2b: Crabominable|move: Protect\n|\n|upkeep\n|turn|7\n|inactive|Deeforsee1 has 30 seconds left.\n|\n|t:|1775878951\n|move|p2a: Kingambit|Sucker Punch|p1b: Excadrill\n|-enditem|p1b: Excadrill|Focus Sash\n|-damage|p1b: Excadrill|1/100\n|move|p2b: Crabominable|Mach Punch|p1a: Primarina\n|-resisted|p1a: Primarina|1\n|-damage|p1a: Primarina|0 fnt\n|faint|p1a: Primarina\n|move|p1b: Excadrill|High Horsepower|p2a: Kingambit\n|-supereffective|p2a: Kingambit|1\n|-damage|p2a: Kingambit|0 fnt\n|faint|p2a: Kingambit\n|\n|upkeep\n|\n|t:|1775878954\n|switch|p1a: Tyranitar|Tyranitar-Mega, L50, M|100/100\n|switch|p2a: Incineroar|Incineroar, L50, F|25/100\n|-weather|Sandstorm|[from] ability: Sand Stream|[of] p1a: Tyranitar\n|-ability|p2a: Incineroar|Intimidate|boost\n|-unboost|p1a: Tyranitar|atk|1\n|-unboost|p1b: Excadrill|atk|1\n|turn|8\n|inactive|Deeforsee1 has 30 seconds left.\n|\n|t:|1775878983\n|move|p1b: Excadrill|Protect|p1b: Excadrill\n|-singleturn|p1b: Excadrill|Protect\n|move|p1a: Tyranitar|Protect|p1a: Tyranitar\n|-singleturn|p1a: Tyranitar|Protect\n|move|p2a: Incineroar|Fake Out|p1b: Excadrill\n|-activate|p1b: Excadrill|move: Protect\n|move|p2b: Crabominable|Mach Punch|p1a: Tyranitar\n|-activate|p1a: Tyranitar|move: Protect\n|\n|-weather|Sandstorm|[upkeep]\n|-damage|p2a: Incineroar|19/100|[from] Sandstorm\n|-damage|p2b: Crabominable|16/100|[from] Sandstorm\n|upkeep\n|turn|9\n|\n|t:|1775878998\n|move|p2b: Crabominable|Mach Punch|p1a: Tyranitar\n|-supereffective|p1a: Tyranitar|2\n|-damage|p1a: Tyranitar|10/100\n|move|p1b: Excadrill|High Horsepower|p2a: Incineroar|[miss]\n|-miss|p1b: Excadrill|p2a: Incineroar\n|move|p1a: Tyranitar|Low Kick|p2b: Crabominable\n|-supereffective|p2b: Crabominable|1\n|-damage|p2b: Crabominable|0 fnt\n|faint|p2b: Crabominable\n|move|p2a: Incineroar|Flare Blitz|p1b: Excadrill\n|-supereffective|p1b: Excadrill|1\n|-crit|p1b: Excadrill\n|-damage|p1b: Excadrill|0 fnt\n|faint|p1b: Excadrill\n|-damage|p2a: Incineroar|19/100|[from] Recoil\n|\n|-weather|Sandstorm|[upkeep]\n|-damage|p2a: Incineroar|13/100|[from] Sandstorm\n|upkeep\n|turn|10\n|\n|t:|1775879003\n|move|p1a: Tyranitar|Low Kick|p2a: Incineroar\n|-supereffective|p2a: Incineroar|1\n|-damage|p2a: Incineroar|0 fnt\n|faint|p2a: Incineroar\n|\n|win|slurpysigma\n|raw|slurpysigma's rating: 1000 &rarr; <strong>1047</strong><br />(+47 for winning)\n|raw|Deeforsee1's rating: 1064 &rarr; <strong>1041</strong><br />(-23 for losing)\n",
  "uploadtime": 1775879003,
  "views": 11,
  "formatid": "gen9championsvgc2026regma",
  "rating": 1041,
  "private": 0,
  "password": null
}