{
  "id": "gen9championsvgc2026regma-2584319644",
  "format": "[Gen 9 Champions] VGC 2026 Reg M-A",
  "players": [
    "jnk263",
    "LucaSnivy"
  ],
  "log": "|j|\u2606jnk263\n|j|\u2606LucaSnivy\n|t:|1776250824\n|gametype|doubles\n|player|p1|jnk263|1|1000\n|player|p2|LucaSnivy|guitarist|1000\n|gen|9\n|tier|[Gen 9 Champions] VGC 2026 Reg M-A\n|rated|\n|rule|Species Clause: Limit one of each Pok\u00e9mon\n|rule|Item Clause: Limit 1 of each item\n|clearpoke\n|poke|p1|Gallade, L50, M|\n|poke|p1|Corviknight, L50, M|\n|poke|p1|Garchomp, L50, F|\n|poke|p1|Floette-Eternal, L50, F|\n|poke|p1|Rotom-Wash, L50|\n|poke|p1|Incineroar, L50, F|\n|poke|p2|Serperior, L50, M|\n|poke|p2|Meowstic, L50, M|\n|poke|p2|Starmie, L50|\n|poke|p2|Garchomp, L50, F|\n|poke|p2|Sneasler, L50, F|\n|poke|p2|Froslass, L50, F|\n|teampreview|4\n|inactive|Battle timer is ON: inactive players will automatically lose when time's up. (requested by jnk263)\n|l|\u2606jnk263\n|inactive|jnk263 disconnected and has a minute to reconnect!\n|player|p1|\n|j|\u2606jnk263\n|inactive|jnk263 reconnected and has 70 seconds left.\n|player|p1|jnk263|1|\n|inactive|jnk263 has 60 seconds left.\n|inactive|LucaSnivy has 60 seconds left.\n|\n|t:|1776250866\n|teamsize|p1|4\n|teamsize|p2|4\n|start\n|switch|p1a: Gallade|Gallade, L50, M|100/100\n|switch|p1b: Corviknight|Corviknight, L50, M|100/100\n|switch|p2a: Meowstic|Meowstic, L50, M|100/100\n|switch|p2b: Starmie|Starmie, L50|100/100\n|turn|1\n|\n|t:|1776250885\n|switch|p1a: Incineroar|Incineroar, L50, F|100/100\n|-ability|p1a: Incineroar|Intimidate|boost\n|-unboost|p2a: Meowstic|atk|1\n|-unboost|p2b: Starmie|atk|1\n|detailschange|p2b: Starmie|Starmie-Mega, L50\n|-mega|p2b: Starmie|Starmie|Starminite\n|move|p2b: Starmie|Protect|p2b: Starmie\n|-singleturn|p2b: Starmie|Protect\n|move|p2a: Meowstic|Fake Out|p1b: Corviknight\n|-resisted|p1b: Corviknight|1\n|-damage|p1b: Corviknight|99/100\n|cant|p1b: Corviknight|flinch\n|\n|-heal|p1b: Corviknight|100/100|[from] item: Leftovers\n|upkeep\n|turn|2\n|\n|t:|1776250914\n|switch|p2b: Garchomp|Garchomp, L50, F|100/100\n|move|p1a: Incineroar|Fake Out|p2b: Garchomp\n|-damage|p2b: Garchomp|86/100\n|-damage|p1a: Incineroar|88/100|[from] ability: Rough Skin|[of] p2b: Garchomp\n|move|p2a: Meowstic|Rain Dance|p2a: Meowstic\n|-weather|RainDance\n|move|p1b: Corviknight|Iron Head|p2a: Meowstic\n|-damage|p2a: Meowstic|68/100\n|\n|-weather|RainDance|[upkeep]\n|upkeep\n|turn|3\n|inactive|jnk263 has 30 seconds left.\n|inactive|LucaSnivy has 30 seconds left.\n|\n|t:|1776250941\n|switch|p2a: Starmie|Starmie-Mega, L50|100/100\n|move|p2b: Garchomp|Stomping Tantrum|p1a: Incineroar\n|-supereffective|p1a: Incineroar|1\n|-damage|p1a: Incineroar|16/100\n|-enditem|p1a: Incineroar|Sitrus Berry|[eat]\n|-heal|p1a: Incineroar|41/100|[from] item: Sitrus Berry\n|move|p1b: Corviknight|Iron Head|p2a: Starmie\n|-resisted|p2a: Starmie|1\n|-damage|p2a: Starmie|85/100\n|move|p1a: Incineroar|Parting Shot|p2b: Garchomp\n|-unboost|p2b: Garchomp|atk|1\n|-unboost|p2b: Garchomp|spa|1\n|\n|t:|1776250958\n|switch|p1a: Floette|Floette-Eternal, L50, F|100/100|[from] Parting Shot\n|\n|-weather|RainDance|[upkeep]\n|upkeep\n|turn|4\n|\n|t:|1776250971\n|switch|p2b: Meowstic|Meowstic, L50, M|68/100\n|switch|p1b: Incineroar|Incineroar, L50, F|41/100\n|-ability|p1b: Incineroar|Intimidate|boost\n|-unboost|p2a: Starmie|atk|1\n|-unboost|p2b: Meowstic|atk|1\n|move|p1a: Floette|Protect|p1a: Floette\n|-singleturn|p1a: Floette|Protect\n|move|p2a: Starmie|Liquidation|p1a: Floette\n|-activate|p1a: Floette|move: Protect\n|\n|-weather|RainDance|[upkeep]\n|upkeep\n|turn|5\n|l|\u2606jnk263\n|inactive|jnk263 disconnected and has a minute to reconnect!\n|player|p1|\n|inactive|jnk263 has 30 seconds left.\n|inactive|LucaSnivy has 30 seconds left.\n|j|\u2606jnk263\n|inactive|jnk263 reconnected and has 25 seconds left.\n|player|p1|jnk263|1|\n|inactive|LucaSnivy has 20 seconds left.\n|\n|t:|1776251012\n|switch|p2a: Garchomp|Garchomp, L50, F|86/100\n|switch|p1b: Corviknight|Corviknight, L50, M|100/100\n|detailschange|p1a: Floette|Floette-Mega, L50, F\n|-mega|p1a: Floette|Floette|Floettite\n|-ability|p1a: Floette|Fairy Aura\n|move|p2b: Meowstic|Fake Out|p1a: Floette\n|-damage|p1a: Floette|95/100\n|cant|p1a: Floette|flinch\n|\n|-weather|RainDance|[upkeep]\n|upkeep\n|turn|6\n|\n|t:|1776251035\n|move|p2b: Meowstic|Helping Hand|p2a: Garchomp\n|-singleturn|p2a: Garchomp|Helping Hand|[of] p2b: Meowstic\n|move|p2a: Garchomp|Stomping Tantrum|p1a: Floette\n|-crit|p1a: Floette\n|-damage|p1a: Floette|0 fnt\n|faint|p1a: Floette\n|move|p1b: Corviknight|Iron Head|p2b: Meowstic\n|-crit|p2b: Meowstic\n|-damage|p2b: Meowstic|24/100\n|\n|-weather|none\n|upkeep\n|inactive|jnk263 has 30 seconds left.\n|inactive|jnk263 has 20 seconds left.\n|inactive|jnk263 has 15 seconds left.\n|inactive|jnk263 has 10 seconds left.\n|inactive|jnk263 has 5 seconds left.\n|\n|t:|1776251090\n|switch|p1a: Incineroar|Incineroar, L50, F|41/100\n|-ability|p1a: Incineroar|Intimidate|boost\n|-unboost|p2a: Garchomp|atk|1\n|-unboost|p2b: Meowstic|atk|1\n|turn|7\n|l|\u2606jnk263\n|inactive|jnk263 disconnected and has a minute to reconnect!\n|player|p1|\n|inactive|jnk263 has 30 seconds left.\n|inactive|LucaSnivy has 30 seconds left.\n|inactive|jnk263 has 20 seconds left.\n|inactive|jnk263 has 15 seconds left.\n|inactive|jnk263 has 10 seconds left.\n|inactive|jnk263 has 5 seconds left.\n|-message|jnk263 lost due to inactivity.\n|\n|win|LucaSnivy\n|raw|jnk263's rating: 1000 &rarr; <strong>1000</strong><br />(+0 for losing)\n|raw|LucaSnivy's rating: 1000 &rarr; <strong>1040</strong><br />(+40 for winning)\n",
  "uploadtime": 1776251149,
  "views": 26,
  "formatid": "gen9championsvgc2026regma",
  "rating": 1000,
  "private": 0,
  "password": null
}