{
  "id": "gen9championsvgc2026regma-2588279821",
  "format": "[Gen 9 Champions] VGC 2026 Reg M-A",
  "players": [
    "C0nfIex",
    "Millercs"
  ],
  "log": "|j|\u2606C0nfIex\n|j|\u2606Millercs\n|t:|1776620534\n|gametype|doubles\n|player|p1|C0nfIex|265|1290\n|player|p2|Millercs|169|1318\n|gen|9\n|tier|[Gen 9 Champions] VGC 2026 Reg M-A\n|rated|\n|rule|Species Clause: Limit one of each Pok\u00e9mon\n|rule|Item Clause: Limit 1 of each item\n|clearpoke\n|poke|p1|Froslass, L50, F|\n|poke|p1|Kingambit, L50, M|\n|poke|p1|Rotom-Heat, L50|\n|poke|p1|Sneasler, L50, F|\n|poke|p1|Basculegion, L50, M|\n|poke|p1|Clefable, L50, F|\n|poke|p2|Blastoise, L50, F|\n|poke|p2|Pelipper, L50, F|\n|poke|p2|Sinistcha, L50|\n|poke|p2|Sneasler, L50, F|\n|poke|p2|Kingambit, L50, M|\n|poke|p2|Basculegion, L50, M|\n|teampreview|4\n|inactive|Battle timer is ON: inactive players will automatically lose when time's up. (requested by Millercs)\n|inactive|C0nfIex has 60 seconds left.\n|inactive|C0nfIex has 30 seconds left.\n|inactive|C0nfIex has 20 seconds left.\n|inactive|C0nfIex has 15 seconds left.\n|inactive|C0nfIex has 10 seconds left.\n|\n|t:|1776620698\n|teamsize|p1|4\n|teamsize|p2|4\n|start\n|switch|p1a: Sneasler|Sneasler, L50, F|100/100\n|switch|p1b: Froslass|Froslass, L50, F|100/100\n|switch|p2a: Basculegion|Basculegion, L50, M|100/100\n|switch|p2b: Sinistcha|Sinistcha, L50|100/100\n|turn|1\n|inactive|C0nfIex has 30 seconds left.\n|inactive|Millercs has 30 seconds left.\n|inactive|C0nfIex has 20 seconds left.\n|inactive|C0nfIex has 15 seconds left.\n|inactive|C0nfIex has 10 seconds left.\n|inactive|C0nfIex has 5 seconds left.\n|\n|t:|1776620752\n|switch|p1a: Kingambit|Kingambit, L50, M|100/100\n|detailschange|p1b: Froslass|Froslass-Mega, L50, F\n|-mega|p1b: Froslass|Froslass|Froslassite\n|-weather|Snowscape|[from] ability: Snow Warning|[of] p1b: Froslass\n|move|p1b: Froslass|Protect|p1b: Froslass\n|-singleturn|p1b: Froslass|Protect\n|move|p2b: Sinistcha|Rage Powder|p2b: Sinistcha\n|-singleturn|p2b: Sinistcha|move: Rage Powder\n|move|p2a: Basculegion|Wave Crash|p1a: Kingambit\n|-damage|p1a: Kingambit|47/100\n|-damage|p2a: Basculegion|82/100|[from] Recoil\n|\n|-weather|Snowscape|[upkeep]\n|upkeep\n|turn|2\n|inactive|C0nfIex has 30 seconds left.\n|inactive|Millercs has 30 seconds left.\n|inactive|C0nfIex has 20 seconds left.\n|inactive|Millercs has 20 seconds left.\n|inactive|C0nfIex has 15 seconds left.\n|inactive|Millercs has 15 seconds left.\n|inactive|C0nfIex has 10 seconds left.\n|inactive|Millercs has 10 seconds left.\n|inactive|C0nfIex has 5 seconds left.\n|\n|t:|1776620805\n|switch|p2a: Pelipper|Pelipper, L50, F|100/100\n|-weather|RainDance|[from] ability: Drizzle|[of] p2a: Pelipper\n|move|p1a: Kingambit|Sucker Punch||[still]\n|-fail|p1a: Kingambit\n|move|p1b: Froslass|Blizzard|p2a: Pelipper|[spread] p2b\n|-miss|p1b: Froslass|p2a: Pelipper\n|-supereffective|p2b: Sinistcha|1\n|-damage|p2b: Sinistcha|12/100\n|-enditem|p2b: Sinistcha|Sitrus Berry|[eat]\n|-heal|p2b: Sinistcha|37/100|[from] item: Sitrus Berry\n|move|p2b: Sinistcha|Matcha Gotcha|p1b: Froslass|[spread] p1a,p1b\n|-resisted|p1a: Kingambit|1\n|-damage|p1a: Kingambit|34/100\n|-heal|p2b: Sinistcha|45/100|[from] drain|[of] p1a: Kingambit\n|-damage|p1b: Froslass|64/100\n|-heal|p2b: Sinistcha|61/100|[from] drain|[of] p1b: Froslass\n|-status|p1b: Froslass|brn\n|\n|-weather|RainDance|[upkeep]\n|-damage|p1b: Froslass|57/100 brn|[from] brn\n|upkeep\n|turn|3\n|inactive|C0nfIex has 30 seconds left.\n|inactive|Millercs has 30 seconds left.\n|inactive|C0nfIex has 20 seconds left.\n|inactive|Millercs has 20 seconds left.\n|inactive|C0nfIex has 15 seconds left.\n|inactive|Millercs has 15 seconds left.\n|inactive|C0nfIex has 10 seconds left.\n|inactive|Millercs has 10 seconds left.\n|inactive|C0nfIex has 5 seconds left.\n|inactive|Millercs has 5 seconds left.\n|\n|t:|1776620860\n|switch|p1b: Basculegion|Basculegion, L50, M|100/100\n|move|p1a: Kingambit|Sucker Punch||[still]\n|-fail|p1a: Kingambit\n|move|p2a: Pelipper|Tailwind|p2a: Pelipper\n|-sidestart|p2: Millercs|move: Tailwind\n|move|p2b: Sinistcha|Life Dew||[still]|[spread] p2a,p2b\n|-fail|p2a: Pelipper|heal\n|-heal|p2b: Sinistcha|86/100\n|\n|-weather|RainDance|[upkeep]\n|upkeep\n|turn|4\n|inactive|C0nfIex has 30 seconds left.\n|inactive|Millercs has 30 seconds left.\n|inactive|C0nfIex has 20 seconds left.\n|inactive|C0nfIex has 15 seconds left.\n|inactive|C0nfIex has 10 seconds left.\n|\n|t:|1776620908\n|switch|p1a: Froslass|Froslass-Mega, L50, F|57/100 brn\n|-weather|Snowscape|[from] ability: Snow Warning|[of] p1a: Froslass\n|move|p2a: Pelipper|Weather Ball|p1a: Froslass\n|-resisted|p1a: Froslass|1\n|-damage|p1a: Froslass|37/100 brn\n|move|p1b: Basculegion|Flip Turn|p2b: Sinistcha\n|-resisted|p2b: Sinistcha|1\n|-damage|p2b: Sinistcha|67/100\n|\n|t:|1776620919\n|switch|p1b: Sneasler|Sneasler, L50, F|100/100|[from] Flip Turn\n|move|p2b: Sinistcha|Matcha Gotcha|p1a: Froslass|[spread] p1a,p1b\n|-resisted|p1b: Sneasler|1\n|-damage|p1a: Froslass|0 fnt\n|-heal|p2b: Sinistcha|82/100|[from] drain|[of] p1a: Froslass\n|-damage|p1b: Sneasler|79/100\n|-heal|p2b: Sinistcha|92/100|[from] drain|[of] p1b: Sneasler\n|faint|p1a: Froslass\n|\n|-weather|Snowscape|[upkeep]\n|upkeep\n|\n|t:|1776620938\n|switch|p1a: Basculegion|Basculegion, L50, M|100/100\n|turn|5\n|inactive|C0nfIex has 30 seconds left.\n|inactive|Millercs has 30 seconds left.\n|\n|t:|1776620972\n|switch|p2a: Basculegion|Basculegion, L50, M|82/100\n|move|p2b: Sinistcha|Rage Powder|p2b: Sinistcha\n|-singleturn|p2b: Sinistcha|move: Rage Powder\n|move|p1a: Basculegion|Last Respects|p2b: Sinistcha\n|-supereffective|p2b: Sinistcha|1\n|-damage|p2b: Sinistcha|0 fnt\n|faint|p2b: Sinistcha\n|move|p1b: Sneasler|Dire Claw|p2a: Basculegion\n|-resisted|p2a: Basculegion|1\n|-damage|p2a: Basculegion|55/100\n|\n|-weather|Snowscape|[upkeep]\n|upkeep\n|\n|t:|1776620987\n|switch|p2b: Pelipper|Pelipper, L50, F|100/100\n|-weather|RainDance|[from] ability: Drizzle|[of] p2b: Pelipper\n|turn|6\n|inactive|C0nfIex has 30 seconds left.\n|\n|t:|1776621018\n|move|p2a: Basculegion|Last Respects|p1a: Basculegion\n|-supereffective|p1a: Basculegion|1\n|-damage|p1a: Basculegion|0 fnt\n|faint|p1a: Basculegion\n|move|p2b: Pelipper|Hurricane|p1b: Sneasler\n|-supereffective|p1b: Sneasler|1\n|-damage|p1b: Sneasler|0 fnt\n|faint|p1b: Sneasler\n|\n|-weather|RainDance|[upkeep]\n|-sideend|p2: Millercs|move: Tailwind\n|upkeep\n|inactive|C0nfIex has 30 seconds left.\n|inactive|C0nfIex has 20 seconds left.\n|-message|C0nfIex forfeited.\n|\n|win|Millercs\n|raw|C0nfIex's rating: 1290 &rarr; <strong>1267</strong><br />(-23 for losing)\n|raw|Millercs's rating: 1318 &rarr; <strong>1336</strong><br />(+18 for winning)\n",
  "uploadtime": 1776621060,
  "views": 18,
  "formatid": "gen9championsvgc2026regma",
  "rating": 1267,
  "private": 0,
  "password": null
}