{
  "id": "gen9championsvgc2026regma-2584057222",
  "format": "[Gen 9 Champions] VGC 2026 Reg M-A",
  "players": [
    "number95",
    "Drcheems19"
  ],
  "log": "|j|\u2606number95\n|j|\u2606Drcheems19\n|t:|1776220865\n|gametype|doubles\n|player|p1|number95|n|1000\n|player|p2|Drcheems19|169|1094\n|gen|9\n|tier|[Gen 9 Champions] VGC 2026 Reg M-A\n|rated|\n|rule|Species Clause: Limit one of each Pok\u00e9mon\n|rule|Item Clause: Limit 1 of each item\n|clearpoke\n|poke|p1|Charizard, L50, F|\n|poke|p1|Garchomp, L50, M|\n|poke|p1|Incineroar, L50, F|\n|poke|p1|Milotic, L50, F|\n|poke|p1|Aegislash, L50, M|\n|poke|p1|Whimsicott, L50, M|\n|poke|p2|Diggersby, L50, F|\n|poke|p2|Heracross, L50, M|\n|poke|p2|Spiritomb, L50, M|\n|poke|p2|Kingambit, L50, F|\n|poke|p2|Torkoal, L50, M|\n|poke|p2|Greninja-*, L50, F|\n|teampreview|4\n|inactive|Battle timer is ON: inactive players will automatically lose when time's up. (requested by number95)\n|\n|t:|1776220893\n|teamsize|p1|4\n|teamsize|p2|4\n|start\n|switch|p1a: Whimsicott|Whimsicott, L50, M|100/100\n|switch|p1b: Charizard|Charizard, L50, F|100/100\n|switch|p2a: Diggersby|Diggersby, L50, F|100/100\n|switch|p2b: Spiritomb|Spiritomb, L50, M|100/100\n|-ability|p2b: Spiritomb|Pressure\n|turn|1\n|\n|t:|1776220904\n|detailschange|p1b: Charizard|Charizard-Mega-Y, L50, F\n|-mega|p1b: Charizard|Charizard|Charizardite Y\n|-weather|SunnyDay|[from] ability: Drought|[of] p1b: Charizard\n|move|p2a: Diggersby|Protect|p2a: Diggersby\n|-singleturn|p2a: Diggersby|Protect\n|move|p1a: Whimsicott|Tailwind|p1a: Whimsicott\n|-sidestart|p1: number95|move: Tailwind\n|move|p1b: Charizard|Solar Beam||[still]\n|-prepare|p1b: Charizard|Solar Beam\n|-anim|p1b: Charizard|Solar Beam|p2a: Diggersby\n|-activate|p2a: Diggersby|move: Protect\n|move|p2b: Spiritomb|Trick Room|p2b: Spiritomb\n|-fieldstart|move: Trick Room|[of] p2b: Spiritomb\n|\n|-weather|SunnyDay|[upkeep]\n|upkeep\n|turn|2\n|inactive|number95 has 30 seconds left.\n|\n|t:|1776220935\n|switch|p1b: Garchomp|Garchomp, L50, M|100/100\n|move|p2b: Spiritomb|Will-O-Wisp|p2a: Diggersby\n|-status|p2a: Diggersby|brn\n|move|p2a: Diggersby|Facade|p1b: Garchomp\n|-damage|p1b: Garchomp|0 fnt\n|-damage|p2a: Diggersby|88/100 brn|[from] ability: Rough Skin|[of] p1b: Garchomp\n|faint|p1b: Garchomp\n|move|p1a: Whimsicott|Moonblast|p2b: Spiritomb\n|-supereffective|p2b: Spiritomb|1\n|-damage|p2b: Spiritomb|50/100\n|\n|-weather|SunnyDay|[upkeep]\n|-damage|p2a: Diggersby|82/100 brn|[from] brn\n|upkeep\n|\n|t:|1776220954\n|switch|p1b: Milotic|Milotic, L50, F|100/100\n|turn|3\n|\n|t:|1776220974\n|move|p2b: Spiritomb|Foul Play|p1a: Whimsicott\n|-resisted|p1a: Whimsicott|1\n|-damage|p1a: Whimsicott|88/100\n|move|p2a: Diggersby|Facade|p1a: Whimsicott\n|-damage|p1a: Whimsicott|0 fnt\n|faint|p1a: Whimsicott\n|move|p1b: Milotic|Muddy Water|p2a: Diggersby|[spread] p2a,p2b\n|-supereffective|p2a: Diggersby|1\n|-damage|p2a: Diggersby|53/100 brn\n|-damage|p2b: Spiritomb|38/100\n|\n|-weather|SunnyDay|[upkeep]\n|-damage|p2a: Diggersby|46/100 brn|[from] brn\n|upkeep\n|\n|t:|1776220986\n|switch|p1a: Charizard|Charizard-Mega-Y, L50, F|100/100\n|turn|4\n|\n|t:|1776220995\n|move|p2b: Spiritomb|Foul Play|p1b: Milotic\n|-damage|p1b: Milotic|79/100\n|move|p2a: Diggersby|Facade|p1a: Charizard\n|-damage|p1a: Charizard|0 fnt\n|faint|p1a: Charizard\n|move|p1b: Milotic|Muddy Water|p2b: Spiritomb|[spread] p2b\n|-miss|p1b: Milotic|p2a: Diggersby\n|-damage|p2b: Spiritomb|26/100\n|\n|-weather|SunnyDay|[upkeep]\n|-heal|p1b: Milotic|85/100|[from] item: Leftovers\n|-damage|p2a: Diggersby|40/100 brn|[from] brn\n|-sideend|p1: number95|move: Tailwind\n|upkeep\n|turn|5\n|\n|t:|1776221010\n|move|p2b: Spiritomb|Protect|p2b: Spiritomb\n|-singleturn|p2b: Spiritomb|Protect\n|move|p2a: Diggersby|Facade|p1b: Milotic\n|-damage|p1b: Milotic|0 fnt\n|faint|p1b: Milotic\n|\n|win|Drcheems19\n|raw|number95's rating: 1000 &rarr; <strong>1000</strong><br />(+0 for losing)\n|raw|Drcheems19's rating: 1094 &rarr; <strong>1113</strong><br />(+19 for winning)\n|l|\u2606number95\n|player|p1|\n",
  "uploadtime": 1776221018,
  "views": 25,
  "formatid": "gen9championsvgc2026regma",
  "rating": 1000,
  "private": 0,
  "password": null
}