{
  "id": "gen9championsvgc2026regma-2584841067",
  "format": "[Gen 9 Champions] VGC 2026 Reg M-A",
  "players": [
    "powersmith",
    "joshferd"
  ],
  "log": "|j|\u2606powersmith\n|j|\u2606joshferd\n|t:|1776287806\n|gametype|doubles\n|player|p1|powersmith|palmer|1040\n|player|p2|joshferd|169|1108\n|gen|9\n|tier|[Gen 9 Champions] VGC 2026 Reg M-A\n|rated|\n|rule|Species Clause: Limit one of each Pok\u00e9mon\n|rule|Item Clause: Limit 1 of each item\n|clearpoke\n|poke|p1|Dragonite, L50, M|\n|poke|p1|Politoed, L50, M|\n|poke|p1|Incineroar, L50, F|\n|poke|p1|Aegislash, L50, M|\n|poke|p1|Golurk, L50|\n|poke|p1|Sinistcha-Masterpiece, L50|\n|poke|p2|Ditto, L50|\n|poke|p2|Aegislash, L50, F|\n|poke|p2|Lopunny, L50, F|\n|poke|p2|Ninetales-Alola, L50, F|\n|poke|p2|Rotom-Heat, L50|\n|poke|p2|Hydreigon, L50, F|\n|teampreview|4\n|inactive|Battle timer is ON: inactive players will automatically lose when time's up. (requested by powersmith)\n|inactive|joshferd has 60 seconds left.\n|\n|t:|1776287843\n|teamsize|p1|4\n|teamsize|p2|4\n|start\n|switch|p1a: Golurk|Golurk, L50|100/100\n|switch|p1b: Incineroar|Incineroar, L50, F|100/100\n|switch|p2a: Hydreigon|Hydreigon, L50, F|100/100\n|switch|p2b: Lopunny|Lopunny, L50, F, shiny|100/100\n|-ability|p1b: Incineroar|Intimidate|boost\n|-unboost|p2a: Hydreigon|atk|1\n|-unboost|p2b: Lopunny|atk|1\n|turn|1\n|inactive|powersmith has 30 seconds left.\n|\n|t:|1776287870\n|detailschange|p2b: Lopunny|Lopunny-Mega, L50, F, shiny\n|-mega|p2b: Lopunny|Lopunny|Lopunnite\n|detailschange|p1a: Golurk|Golurk-Mega, L50\n|-mega|p1a: Golurk|Golurk|Golurkite\n|move|p2b: Lopunny|Fake Out|p1a: Golurk\n|-damage|p1a: Golurk|88/100\n|move|p1b: Incineroar|Fake Out|p2b: Lopunny\n|-damage|p2b: Lopunny|84/100\n|move|p2a: Hydreigon|Draco Meteor|p1a: Golurk|[miss]\n|-miss|p2a: Hydreigon|p1a: Golurk\n|cant|p1a: Golurk|flinch\n|\n|upkeep\n|turn|2\n|inactive|joshferd has 30 seconds left.\n|\n|t:|1776287898\n|move|p2a: Hydreigon|Draco Meteor|p1a: Golurk\n|-damage|p1a: Golurk|25/100\n|-unboost|p2a: Hydreigon|spa|2\n|move|p2b: Lopunny|Encore|p1b: Incineroar\n|-start|p1b: Incineroar|Encore\n|move|p1b: Incineroar|Fake Out||[still]\n|-hint|Fake Out only works on your first turn out.\n|-fail|p1b: Incineroar\n|move|p1a: Golurk|Drain Punch|p2a: Hydreigon\n|-supereffective|p2a: Hydreigon|1\n|-damage|p2a: Hydreigon|16/100\n|-heal|p1a: Golurk|61/100|[from] drain|[of] p2a: Hydreigon\n|\n|upkeep\n|turn|3\n|\n|t:|1776287914\n|switch|p1b: Sinistcha|Sinistcha-Masterpiece, L50|100/100\n|-heal|p1a: Golurk|86/100|[from] ability: Hospitality|[of] p1b: Sinistcha\n|move|p2a: Hydreigon|Draco Meteor|p1a: Golurk\n|-damage|p1a: Golurk|55/100\n|-unboost|p2a: Hydreigon|spa|2\n|move|p2b: Lopunny|Close Combat|p1a: Golurk\n|-damage|p1a: Golurk|15/100\n|-unboost|p2b: Lopunny|def|1\n|-unboost|p2b: Lopunny|spd|1\n|move|p1a: Golurk|Drain Punch|p2a: Hydreigon\n|-supereffective|p2a: Hydreigon|1\n|-damage|p2a: Hydreigon|0 fnt\n|-heal|p1a: Golurk|22/100|[from] drain|[of] p2a: Hydreigon\n|faint|p2a: Hydreigon\n|\n|upkeep\n|\n|t:|1776287918\n|switch|p2a: Ninetales|Ninetales-Alola, L50, F|100/100\n|-weather|Snowscape|[from] ability: Snow Warning|[of] p2a: Ninetales\n|turn|4\n|inactive|powersmith has 30 seconds left.\n|\n|t:|1776287945\n|switch|p2b: Ditto|Ditto, L50|100/100\n|-transform|p2b: Ditto|p1a: Golurk|[from] ability: Imposter\n|switch|p1a: Incineroar|Incineroar, L50, F|100/100\n|-ability|p1a: Incineroar|Intimidate|boost\n|-unboost|p2a: Ninetales|atk|1\n|-unboost|p2b: Ditto|atk|1\n|move|p2a: Ninetales|Blizzard|p1a: Incineroar|[spread] p1a,p1b\n|-resisted|p1a: Incineroar|1\n|-supereffective|p1b: Sinistcha|1\n|-damage|p1a: Incineroar|88/100\n|-damage|p1b: Sinistcha|36/100\n|-enditem|p1b: Sinistcha|Sitrus Berry|[eat]\n|-heal|p1b: Sinistcha|61/100|[from] item: Sitrus Berry\n|move|p1b: Sinistcha|Strength Sap|p2b: Ditto\n|-unboost|p2b: Ditto|atk|1\n|-heal|p1b: Sinistcha|100/100\n|\n|-weather|Snowscape|[upkeep]\n|upkeep\n|turn|5\n|inactive|powersmith has 30 seconds left.\n|inactive|joshferd has 30 seconds left.\n|\n|t:|1776287977\n|switch|p2b: Lopunny|Lopunny-Mega, L50, F, shiny|84/100\n|move|p1b: Sinistcha|Protect|p1b: Sinistcha\n|-singleturn|p1b: Sinistcha|Protect\n|move|p2a: Ninetales|Aurora Veil|p2a: Ninetales\n|-sidestart|p2: joshferd|move: Aurora Veil\n|move|p1a: Incineroar|Flare Blitz|p2a: Ninetales\n|-supereffective|p2a: Ninetales|1\n|-damage|p2a: Ninetales|28/100\n|-damage|p1a: Incineroar|70/100|[from] Recoil\n|\n|-weather|Snowscape|[upkeep]\n|upkeep\n|turn|6\n|\n|t:|1776287995\n|switch|p1b: Golurk|Golurk-Mega, L50|22/100\n|move|p2b: Lopunny|Close Combat|p1b: Golurk\n|-damage|p1b: Golurk|0 fnt\n|-unboost|p2b: Lopunny|def|1\n|-unboost|p2b: Lopunny|spd|1\n|faint|p1b: Golurk\n|move|p2a: Ninetales|Blizzard|p1a: Incineroar\n|-resisted|p1a: Incineroar|1\n|-damage|p1a: Incineroar|53/100\n|move|p1a: Incineroar|Flare Blitz|p2a: Ninetales\n|-supereffective|p2a: Ninetales|1\n|-damage|p2a: Ninetales|0 fnt\n|faint|p2a: Ninetales\n|-damage|p1a: Incineroar|46/100|[from] Recoil\n|\n|-weather|Snowscape|[upkeep]\n|upkeep\n|\n|t:|1776288011\n|switch|p2a: Ditto|Ditto, L50|100/100\n|switch|p1b: Sinistcha|Sinistcha-Masterpiece, L50|100/100\n|-transform|p2a: Ditto|p1b: Sinistcha|[from] ability: Imposter\n|-heal|p2b: Lopunny|100/100|[from] ability: Hospitality|[of] p2a: Ditto\n|-heal|p1a: Incineroar|71/100|[from] ability: Hospitality|[of] p1b: Sinistcha\n|turn|7\n|inactive|joshferd has 30 seconds left.\n|\n|t:|1776288043\n|move|p2b: Lopunny|Protect|p2b: Lopunny\n|-singleturn|p2b: Lopunny|Protect\n|move|p2a: Ditto|Matcha Gotcha|p1a: Incineroar|[spread] p1a,p1b\n|-resisted|p1a: Incineroar|1\n|-resisted|p1b: Sinistcha|1\n|-damage|p1a: Incineroar|60/100\n|-damage|p1b: Sinistcha|89/100\n|move|p1b: Sinistcha|Strength Sap|p2b: Lopunny\n|-activate|p2b: Lopunny|move: Protect\n|move|p1a: Incineroar|Flare Blitz|p2a: Ditto\n|-supereffective|p2a: Ditto|1\n|-damage|p2a: Ditto|31/100\n|-damage|p1a: Incineroar|43/100|[from] Recoil\n|\n|-weather|Snowscape|[upkeep]\n|upkeep\n|turn|8\n|inactive|powersmith has 30 seconds left.\n|inactive|powersmith has 20 seconds left.\n|inactive|powersmith has 15 seconds left.\n|\n|t:|1776288084\n|move|p2b: Lopunny|Close Combat|p1a: Incineroar\n|-supereffective|p1a: Incineroar|1\n|-damage|p1a: Incineroar|0 fnt\n|-unboost|p2b: Lopunny|def|1\n|-unboost|p2b: Lopunny|spd|1\n|faint|p1a: Incineroar\n|move|p2a: Ditto|Strength Sap|p1b: Sinistcha\n|-unboost|p1b: Sinistcha|atk|1\n|-heal|p2a: Ditto|77/100\n|move|p1b: Sinistcha|Strength Sap|p2b: Lopunny\n|-unboost|p2b: Lopunny|atk|1\n|-heal|p1b: Sinistcha|100/100\n|\n|-weather|none\n|upkeep\n|\n|t:|1776288098\n|switch|p1a: Aegislash|Aegislash, L50, M|100/100\n|turn|9\n|\n|t:|1776288111\n|move|p2b: Lopunny|Protect|p2b: Lopunny\n|-singleturn|p2b: Lopunny|Protect\n|move|p1a: Aegislash|King's Shield|p1a: Aegislash\n|-singleturn|p1a: Aegislash|Protect\n|move|p2a: Ditto|Matcha Gotcha|p1b: Sinistcha|[spread] p1b\n|-activate|p1a: Aegislash|move: Protect\n|-resisted|p1b: Sinistcha|1\n|-damage|p1b: Sinistcha|90/100\n|-heal|p2a: Ditto|84/100|[from] drain|[of] p1b: Sinistcha\n|move|p1b: Sinistcha|Foul Play|p2a: Ditto\n|-supereffective|p2a: Ditto|1\n|-damage|p2a: Ditto|66/100\n|\n|-sideend|p2: joshferd|move: Aurora Veil\n|upkeep\n|turn|10\n|\n|t:|1776288132\n|-formechange|p1a: Aegislash|Aegislash-Blade|\n|move|p1a: Aegislash|Shadow Sneak|p2a: Ditto\n|-supereffective|p2a: Ditto|1\n|-damage|p2a: Ditto|20/100\n|move|p2b: Lopunny|Encore|p1a: Aegislash\n|-start|p1a: Aegislash|Encore\n|move|p1b: Sinistcha|Strength Sap|p2b: Lopunny\n|-unboost|p2b: Lopunny|atk|1\n|-heal|p1b: Sinistcha|100/100\n|move|p2a: Ditto|Matcha Gotcha|p1b: Sinistcha|[spread] p1a,p1b\n|-resisted|p1a: Aegislash|1\n|-resisted|p1b: Sinistcha|1\n|-damage|p1a: Aegislash|75/100\n|-heal|p2a: Ditto|31/100|[from] drain|[of] p1a: Aegislash\n|-damage|p1b: Sinistcha|89/100\n|-heal|p2a: Ditto|39/100|[from] drain|[of] p1b: Sinistcha\n|\n|upkeep\n|turn|11\n|-activate|p2a: Ditto|item: Quick Claw\n|\n|t:|1776288154\n|move|p2a: Ditto|Protect|p2a: Ditto\n|-singleturn|p2a: Ditto|Protect\n|move|p1a: Aegislash|Shadow Sneak|p2a: Ditto\n|-activate|p2a: Ditto|move: Protect\n|move|p2b: Lopunny|Close Combat|p1a: Aegislash\n|-supereffective|p1a: Aegislash|1\n|-damage|p1a: Aegislash|0 fnt\n|-unboost|p2b: Lopunny|def|1\n|-unboost|p2b: Lopunny|spd|1\n|faint|p1a: Aegislash\n|move|p1b: Sinistcha|Strength Sap|p2b: Lopunny\n|-unboost|p2b: Lopunny|atk|1\n|-heal|p1b: Sinistcha|100/100\n|\n|upkeep\n|turn|12\n|\n|t:|1776288176\n|move|p2b: Lopunny|Encore|p1b: Sinistcha\n|-start|p1b: Sinistcha|Encore\n|move|p2a: Ditto|Strength Sap|p1b: Sinistcha\n|-unboost|p1b: Sinistcha|atk|1\n|-heal|p2a: Ditto|70/100\n|move|p1b: Sinistcha|Strength Sap|p2a: Ditto\n|-unboost|p2a: Ditto|atk|1\n|\n|upkeep\n|turn|13\n|\n|t:|1776288193\n|move|p2a: Ditto|Protect|p2a: Ditto\n|-singleturn|p2a: Ditto|Protect\n|move|p2b: Lopunny|Close Combat|p1b: Sinistcha\n|-damage|p1b: Sinistcha|80/100\n|-unboost|p2b: Lopunny|def|1\n|-unboost|p2b: Lopunny|spd|1\n|move|p1b: Sinistcha|Strength Sap|p2b: Lopunny\n|-unboost|p2b: Lopunny|atk|1\n|-heal|p1b: Sinistcha|100/100\n|\n|upkeep\n|turn|14\n|\n|t:|1776288207\n|move|p2b: Lopunny|Close Combat|p1b: Sinistcha\n|-damage|p1b: Sinistcha|83/100\n|-unboost|p2b: Lopunny|def|1\n|-unboost|p2b: Lopunny|spd|1\n|move|p2a: Ditto|Matcha Gotcha|p1b: Sinistcha\n|-resisted|p1b: Sinistcha|1\n|-damage|p1b: Sinistcha|67/100\n|-heal|p2a: Ditto|79/100|[from] drain|[of] p1b: Sinistcha\n|move|p1b: Sinistcha|Strength Sap|p2b: Lopunny\n|-unboost|p2b: Lopunny|atk|1\n|-heal|p1b: Sinistcha|100/100\n|\n|-end|p1b: Sinistcha|Encore\n|upkeep\n|turn|15\n|inactive|powersmith has 30 seconds left.\n|\n|t:|1776288236\n|move|p1b: Sinistcha|Protect|p1b: Sinistcha\n|-singleturn|p1b: Sinistcha|Protect\n|move|p2a: Ditto|Protect|p2a: Ditto\n|-singleturn|p2a: Ditto|Protect\n|move|p2b: Lopunny|Encore|p1b: Sinistcha\n|-activate|p1b: Sinistcha|move: Protect\n|\n|upkeep\n|turn|16\n|\n|t:|1776288247\n|move|p2b: Lopunny|Encore|p1b: Sinistcha\n|-start|p1b: Sinistcha|Encore\n|move|p1b: Sinistcha|Protect||[still]\n|-fail|p1b: Sinistcha\n|move|p2a: Ditto|Matcha Gotcha|p1b: Sinistcha\n|-resisted|p1b: Sinistcha|1\n|-damage|p1b: Sinistcha|83/100\n|-heal|p2a: Ditto|90/100|[from] drain|[of] p1b: Sinistcha\n|\n|upkeep\n|turn|17\n|-message|powersmith forfeited.\n|\n|t:|1776288262\n|move|p2b: Lopunny|Protect|p2b: Lopunny\n|-singleturn|p2b: Lopunny|Protect\n|move|p1b: Sinistcha|Protect|p1b: Sinistcha\n|-singleturn|p1b: Sinistcha|Protect\n|move|p2a: Ditto|Protect||[still]\n|-fail|p2a: Ditto\n|\n|upkeep\n|turn|18\n|l|\u2606powersmith\n|inactive|powersmith disconnected and has a minute to reconnect!\n|player|p1|\n|\n|win|joshferd\n|raw|powersmith's rating: 1040 &rarr; <strong>1027</strong><br />(-13 for losing)\n|raw|joshferd's rating: 1108 &rarr; <strong>1128</strong><br />(+20 for winning)\n",
  "uploadtime": 1776288281,
  "views": 27,
  "formatid": "gen9championsvgc2026regma",
  "rating": 1027,
  "private": 0,
  "password": null
}