{
  "id": "gen9championsvgc2026regma-2588623033",
  "format": "[Gen 9 Champions] VGC 2026 Reg M-A",
  "players": [
    "Tat10F",
    "navinsachump"
  ],
  "log": "|j|\u2606Tat10F\n|j|\u2606navinsachump\n|t:|1776651101\n|gametype|doubles\n|player|p1|Tat10F|clair|1529\n|player|p2|navinsachump|smasher|1590\n|gen|9\n|tier|[Gen 9 Champions] VGC 2026 Reg M-A\n|rated|\n|rule|Species Clause: Limit one of each Pok\u00e9mon\n|rule|Item Clause: Limit 1 of each item\n|clearpoke\n|poke|p1|Venusaur, L50, M, shiny|\n|poke|p1|Tyranitar, L50, F|\n|poke|p1|Excadrill, L50, M|\n|poke|p1|Corviknight, L50, F, shiny|\n|poke|p1|Rotom-Heat, L50|\n|poke|p1|Basculegion, L50, M|\n|poke|p2|Charizard, L50, M|\n|poke|p2|Sneasler, L50, M|\n|poke|p2|Basculegion, L50, M|\n|poke|p2|Garchomp, L50, M|\n|poke|p2|Incineroar, L50, M|\n|poke|p2|Venusaur, L50, F|\n|teampreview|4\n|inactive|Battle timer is ON: inactive players will automatically lose when time's up. (requested by Tat10F)\n|\n|t:|1776651143\n|teamsize|p1|4\n|teamsize|p2|4\n|start\n|switch|p1a: Rotom|Rotom-Heat, L50|100/100\n|switch|p1b: Excadrill|Excadrill, L50, M|100/100\n|switch|p2a: Sneasler|Sneasler, L50, M|100/100\n|switch|p2b: Basculegion|Basculegion, L50, M|100/100\n|turn|1\n|\n|t:|1776651165\n|switch|p1b: Venusaur|Venusaur, L50, M, shiny|100/100\n|move|p1a: Rotom|Protect|p1a: Rotom\n|-singleturn|p1a: Rotom|Protect\n|move|p2b: Basculegion|Flip Turn|p1a: Rotom\n|-activate|p1a: Rotom|move: Protect\n|move|p2a: Sneasler|Close Combat|p1a: Rotom\n|-activate|p1a: Rotom|move: Protect\n|\n|upkeep\n|turn|2\n|inactive|Tat10F has 30 seconds left.\n|inactive|Tat10F has 20 seconds left.\n|inactive|Tat10F has 15 seconds left.\n|\n|t:|1776651208\n|switch|p1a: Excadrill|Excadrill, L50, M|100/100\n|detailschange|p1b: Venusaur|Venusaur-Mega, L50, M, shiny\n|-mega|p1b: Venusaur|Venusaur|Venusaurite\n|move|p2b: Basculegion|Flip Turn|p1a: Excadrill\n|-supereffective|p1a: Excadrill|1\n|-enditem|p1a: Excadrill|Focus Sash\n|-damage|p1a: Excadrill|1/100\n|\n|t:|1776651219\n|switch|p2b: Charizard|Charizard, L50, M|100/100|[from] Flip Turn\n|move|p2a: Sneasler|Close Combat|p1a: Excadrill\n|-supereffective|p1a: Excadrill|1\n|-damage|p1a: Excadrill|0 fnt\n|-unboost|p2a: Sneasler|def|1\n|-unboost|p2a: Sneasler|spd|1\n|faint|p1a: Excadrill\n|-enditem|p2a: Sneasler|White Herb\n|-clearnegativeboost|p2a: Sneasler|[silent]\n|move|p1b: Venusaur|Earth Power|p2a: Sneasler\n|-supereffective|p2a: Sneasler|1\n|-damage|p2a: Sneasler|17/100\n|\n|upkeep\n|\n|t:|1776651232\n|switch|p1a: Rotom|Rotom-Heat, L50|100/100\n|turn|3\n|j| ElZuylon\n|\n|t:|1776651251\n|detailschange|p2b: Charizard|Charizard-Mega-Y, L50, M\n|-mega|p2b: Charizard|Charizard|Charizardite Y\n|-weather|SunnyDay|[from] ability: Drought|[of] p2b: Charizard\n|move|p2a: Sneasler|Protect|p2a: Sneasler\n|-singleturn|p2a: Sneasler|Protect\n|move|p1b: Venusaur|Protect|p1b: Venusaur\n|-singleturn|p1b: Venusaur|Protect\n|move|p2b: Charizard|Heat Wave|p1b: Venusaur|[spread] p1a\n|-activate|p1b: Venusaur|move: Protect\n|-resisted|p1a: Rotom|1\n|-damage|p1a: Rotom|66/100\n|move|p1a: Rotom|Volt Switch|p2a: Sneasler\n|-activate|p2a: Sneasler|move: Protect\n|\n|-weather|SunnyDay|[upkeep]\n|-heal|p1a: Rotom|72/100|[from] item: Leftovers\n|upkeep\n|turn|4\n|\n|t:|1776651271\n|switch|p1a: Tyranitar|Tyranitar, L50, F|100/100\n|-weather|Sandstorm|[from] ability: Sand Stream|[of] p1a: Tyranitar\n|move|p2a: Sneasler|Rock Slide|p1b: Venusaur|[spread] p1a,p1b\n|-damage|p1a: Tyranitar|83/100\n|-damage|p1b: Venusaur|84/100\n|move|p2b: Charizard|Heat Wave|p1b: Venusaur|[spread] p1a,p1b\n|-resisted|p1a: Tyranitar|1\n|-supereffective|p1b: Venusaur|1\n|-damage|p1a: Tyranitar|68/100\n|-damage|p1b: Venusaur|49/100\n|-status|p1a: Tyranitar|brn\n|-status|p1b: Venusaur|brn\n|move|p1b: Venusaur|Earth Power|p2a: Sneasler\n|-supereffective|p2a: Sneasler|1\n|-damage|p2a: Sneasler|0 fnt\n|faint|p2a: Sneasler\n|\n|-weather|Sandstorm|[upkeep]\n|-damage|p2b: Charizard|95/100|[from] Sandstorm\n|-damage|p1b: Venusaur|43/100 brn|[from] Sandstorm\n|-damage|p1b: Venusaur|37/100 brn|[from] brn\n|-damage|p1a: Tyranitar|63/100 brn|[from] brn\n|upkeep\n|\n|t:|1776651280\n|switch|p2a: Garchomp|Garchomp, L50, M|100/100\n|turn|5\n|l| ElZuylon\n|-message|Tat10F forfeited.\n|\n|win|navinsachump\n|raw|Tat10F's rating: 1529 &rarr; <strong>1512</strong><br />(-17 for losing)\n|raw|navinsachump's rating: 1590 &rarr; <strong>1607</strong><br />(+17 for winning)\n|l|\u2606Tat10F\n|player|p1|\n|l|\u2606navinsachump\n|player|p2|\n",
  "uploadtime": 1776651345,
  "views": 6,
  "formatid": "gen9championsvgc2026regma",
  "rating": 1512,
  "private": 0,
  "password": null
}