{
  "id": "gen9championsvgc2026regma-2584161258",
  "format": "[Gen 9 Champions] VGC 2026 Reg M-A",
  "players": [
    "rus0804",
    "daminidjZ"
  ],
  "log": "|j|\u2606rus0804\n|j|\u2606daminidjZ\n|t:|1776232524\n|gametype|doubles\n|player|p1|rus0804|266|1099\n|player|p2|daminidjZ|drayden|1038\n|gen|9\n|tier|[Gen 9 Champions] VGC 2026 Reg M-A\n|rated|\n|rule|Species Clause: Limit one of each Pok\u00e9mon\n|rule|Item Clause: Limit 1 of each item\n|clearpoke\n|poke|p1|Meganium, L50, F|\n|poke|p1|Aerodactyl, L50, F|\n|poke|p1|Tauros-Paldea-Aqua, L50, M|\n|poke|p1|Typhlosion-Hisui, L50, M|\n|poke|p1|Archaludon, L50, F|\n|poke|p1|Kangaskhan, L50, F|\n|poke|p2|Venusaur, L50, M|\n|poke|p2|Charizard, L50, M|\n|poke|p2|Incineroar, L50, M|\n|poke|p2|Basculegion, L50, M|\n|poke|p2|Sneasler, L50, F|\n|poke|p2|Aerodactyl, L50, M|\n|teampreview|4\n|inactive|Battle timer is ON: inactive players will automatically lose when time's up. (requested by daminidjZ)\n|\n|t:|1776232569\n|teamsize|p1|4\n|teamsize|p2|4\n|start\n|switch|p1a: Airy|Aerodactyl, L50, F|100/100\n|switch|p1b: Kangy|Kangaskhan, L50, F|100/100\n|switch|p2a: Aerodactyl|Aerodactyl, L50, M, shiny|100/100\n|switch|p2b: Incineroar|Incineroar, L50, M, shiny|100/100\n|-ability|p2a: Aerodactyl|Unnerve\n|-ability|p1a: Airy|Unnerve\n|-ability|p2b: Incineroar|Intimidate|boost\n|-unboost|p1a: Airy|atk|1\n|-fail|p1b: Kangy|unboost|Attack|[from] ability: Scrappy|[of] p1b: Kangy\n|turn|1\n|inactive|daminidjZ has 30 seconds left.\n|\n|t:|1776232595\n|move|p1b: Kangy|Fake Out|p2a: Aerodactyl\n|-resisted|p2a: Aerodactyl|1\n|-damage|p2a: Aerodactyl|87/100\n|move|p2b: Incineroar|Fake Out|p1a: Airy\n|-resisted|p1a: Airy|1\n|-damage|p1a: Airy|91/100\n|cant|p2a: Aerodactyl|flinch\n|cant|p1a: Airy|flinch\n|\n|upkeep\n|turn|2\n|\n|t:|1776232620\n|detailschange|p1b: Kangy|Kangaskhan-Mega, L50, F\n|-mega|p1b: Kangy|Kangaskhan|Kangaskhanite\n|move|p2a: Aerodactyl|Tailwind|p2a: Aerodactyl\n|-sidestart|p2: daminidjZ|move: Tailwind\n|move|p1a: Airy|Rock Slide|p2b: Incineroar|[spread] p2a,p2b\n|-supereffective|p2a: Aerodactyl|1\n|-supereffective|p2b: Incineroar|1\n|-damage|p2a: Aerodactyl|37/100\n|-damage|p2b: Incineroar|70/100\n|move|p1b: Kangy|Double-Edge|p2b: Incineroar\n|-damage|p2b: Incineroar|19/100\n|-damage|p2b: Incineroar|6/100\n|-hitcount|p2b: Incineroar|2\n|-damage|p1b: Kangy|77/100|[from] Recoil\n|move|p2b: Incineroar|Flare Blitz|p1b: Kangy\n|-damage|p1b: Kangy|25/100\n|-damage|p2b: Incineroar|0 fnt|[from] Recoil\n|faint|p2b: Incineroar\n|\n|upkeep\n|inactive|daminidjZ has 30 seconds left.\n|inactive|daminidjZ has 20 seconds left.\n|inactive|daminidjZ has 15 seconds left.\n|inactive|daminidjZ has 10 seconds left.\n|inactive|daminidjZ has 5 seconds left.\n|\n|t:|1776232675\n|switch|p2b: Venusaur|Venusaur, L50, M|100/100\n|turn|3\n|inactive|rus0804 has 30 seconds left.\n|inactive|daminidjZ has 30 seconds left.\n|\n|t:|1776232706\n|switch|p1b: Archie|Archaludon, L50, F|100/100\n|detailschange|p2a: Aerodactyl|Aerodactyl-Mega, L50, M, shiny\n|-mega|p2a: Aerodactyl|Aerodactyl|Aerodactylite\n|move|p1a: Airy|Protect|p1a: Airy\n|-singleturn|p1a: Airy|Protect\n|move|p2a: Aerodactyl|Rock Slide|p1a: Airy|[spread] p1b\n|-activate|p1a: Airy|move: Protect\n|-resisted|p1b: Archie|1\n|-damage|p1b: Archie|87/100\n|move|p2b: Venusaur|Sleep Powder|p1a: Airy\n|-activate|p1a: Airy|move: Protect\n|\n|upkeep\n|turn|4\n|inactive|rus0804 has 30 seconds left.\n|inactive|rus0804 has 20 seconds left.\n|\n|t:|1776232742\n|move|p2b: Venusaur|Sleep Powder|p1a: Airy\n|-status|p1a: Airy|slp|[from] move: Sleep Powder\n|cant|p1a: Airy|slp\n|move|p1b: Archie|Draco Meteor|p2b: Venusaur\n|-damage|p2b: Venusaur|33/100\n|-unboost|p1b: Archie|spa|2\n|move|p2a: Aerodactyl|Roar|p1b: Archie\n|drag|p1b: Tau|Tauros-Paldea-Aqua, L50, M|100/100\n|-ability|p1b: Tau|Intimidate|boost\n|-unboost|p2a: Aerodactyl|atk|1\n|-unboost|p2b: Venusaur|atk|1\n|\n|-heal|p2b: Venusaur|39/100|[from] item: Leftovers\n|upkeep\n|turn|5\n|\n|t:|1776232761\n|move|p1b: Tau|Aqua Jet|p2a: Aerodactyl\n|-supereffective|p2a: Aerodactyl|1\n|-damage|p2a: Aerodactyl|0 fnt\n|faint|p2a: Aerodactyl\n|move|p2b: Venusaur|Giga Drain|p1b: Tau\n|-supereffective|p1b: Tau|1\n|-damage|p1b: Tau|8/100\n|-heal|p2b: Venusaur|77/100|[from] drain|[of] p1b: Tau\n|cant|p1a: Airy|slp\n|\n|-heal|p2b: Venusaur|83/100|[from] item: Leftovers\n|-sideend|p2: daminidjZ|move: Tailwind\n|upkeep\n|\n|t:|1776232768\n|switch|p2a: Sneasler|Sneasler, L50, F, shiny|100/100\n|turn|6\n|\n|t:|1776232780\n|-curestatus|p1a: Airy|slp|[msg]\n|move|p1a: Airy|Dual Wingbeat|p2b: Venusaur\n|-supereffective|p2b: Venusaur|1\n|-damage|p2b: Venusaur|59/100\n|-supereffective|p2b: Venusaur|1\n|-damage|p2b: Venusaur|36/100\n|-hitcount|p2b: Venusaur|2\n|move|p2a: Sneasler|Close Combat|p1a: Airy\n|-damage|p1a: Airy|0 fnt\n|-unboost|p2a: Sneasler|def|1\n|-unboost|p2a: Sneasler|spd|1\n|faint|p1a: Airy\n|-enditem|p2a: Sneasler|White Herb\n|-clearnegativeboost|p2a: Sneasler|[silent]\n|move|p1b: Tau|Wave Crash|p2a: Sneasler\n|-damage|p2a: Sneasler|13/100\n|-damage|p1b: Tau|0 fnt|[from] Recoil\n|faint|p1b: Tau\n|move|p2b: Venusaur|Giga Drain|p1: Airy|[notarget]\n|-fail|p2b: Venusaur\n|\n|-heal|p2b: Venusaur|42/100|[from] item: Leftovers\n|upkeep\n|\n|t:|1776232802\n|switch|p1a: Archie|Archaludon, L50, F|87/100\n|switch|p1b: Kangy|Kangaskhan-Mega, L50, F|25/100\n|turn|7\n|\n|t:|1776232813\n|move|p2a: Sneasler|Protect|p2a: Sneasler\n|-singleturn|p2a: Sneasler|Protect\n|move|p1b: Kangy|Fake Out|p2b: Venusaur\n|-damage|p2b: Venusaur|23/100\n|-damage|p2b: Venusaur|18/100\n|-hitcount|p2b: Venusaur|2\n|move|p1a: Archie|Draco Meteor|p2a: Sneasler\n|-activate|p2a: Sneasler|move: Protect\n|cant|p2b: Venusaur|flinch\n|\n|-heal|p2b: Venusaur|24/100|[from] item: Leftovers\n|upkeep\n|turn|8\n|\n|t:|1776232832\n|move|p1b: Kangy|Sucker Punch|p2b: Venusaur\n|-damage|p2b: Venusaur|0 fnt\n|faint|p2b: Venusaur\n|-hitcount|p2: Venusaur|1\n|move|p2a: Sneasler|Close Combat|p1a: Archie\n|-supereffective|p1a: Archie|1\n|-damage|p1a: Archie|0 fnt\n|-unboost|p2a: Sneasler|def|1\n|-unboost|p2a: Sneasler|spd|1\n|faint|p1a: Archie\n|\n|upkeep\n|turn|9\n|\n|t:|1776232845\n|move|p2a: Sneasler|Protect|p2a: Sneasler\n|-singleturn|p2a: Sneasler|Protect\n|move|p1b: Kangy|Sucker Punch||[still]\n|-fail|p1b: Kangy\n|\n|upkeep\n|turn|10\n|\n|t:|1776232850\n|move|p2a: Sneasler|Protect||[still]\n|-fail|p2a: Sneasler\n|move|p1b: Kangy|Sucker Punch||[still]\n|-fail|p1b: Kangy\n|\n|upkeep\n|turn|11\n|\n|t:|1776232863\n|move|p2a: Sneasler|Protect|p2a: Sneasler\n|-singleturn|p2a: Sneasler|Protect\n|move|p1b: Kangy|Sucker Punch||[still]\n|-fail|p1b: Kangy\n|\n|upkeep\n|turn|12\n|\n|t:|1776232869\n|move|p2a: Sneasler|Protect||[still]\n|-fail|p2a: Sneasler\n|move|p1b: Kangy|Double-Edge|p2a: Sneasler\n|-damage|p2a: Sneasler|0 fnt\n|faint|p2a: Sneasler\n|-hitcount|p2: Sneasler|1\n|-damage|p1b: Kangy|22/100|[from] Recoil\n|\n|win|rus0804\n|raw|rus0804's rating: 1099 &rarr; <strong>1120</strong><br />(+21 for winning)\n|raw|daminidjZ's rating: 1038 &rarr; <strong>1025</strong><br />(-13 for losing)\n|l|\u2606daminidjZ\n|player|p2|\n",
  "uploadtime": 1776232884,
  "views": 27,
  "formatid": "gen9championsvgc2026regma",
  "rating": 1025,
  "private": 0,
  "password": null
}