{
  "id": "gen9championsvgc2026regma-2588962807",
  "format": "[Gen 9 Champions] VGC 2026 Reg M-A",
  "players": [
    "M2P Mikey",
    "Its andreas tbh"
  ],
  "log": "|j|\u2606M2P Mikey\n|j|\u2606Its andreas tbh\n|t:|1776689861\n|gametype|doubles\n|player|p1|M2P Mikey|scientist|1143\n|player|p2|Its andreas tbh|101|1174\n|gen|9\n|tier|[Gen 9 Champions] VGC 2026 Reg M-A\n|rated|\n|rule|Species Clause: Limit one of each Pok\u00e9mon\n|rule|Item Clause: Limit 1 of each item\n|clearpoke\n|poke|p1|Tyranitar, L50, M|\n|poke|p1|Garchomp, L50, M|\n|poke|p1|Corviknight, L50, F, shiny|\n|poke|p1|Whimsicott, L50, M|\n|poke|p1|Arcanine-Hisui, L50, M|\n|poke|p1|Rotom-Wash, L50|\n|poke|p2|Farigiraf, L50, M|\n|poke|p2|Aggron, L50, F|\n|poke|p2|Sinistcha, L50|\n|poke|p2|Tyranitar, L50, F|\n|poke|p2|Dragonite, L50, F|\n|poke|p2|Sylveon, L50, M|\n|teampreview|4\n|\n|t:|1776689913\n|teamsize|p1|4\n|teamsize|p2|4\n|start\n|switch|p1a: Whimsicott|Whimsicott, L50, M|100/100\n|switch|p1b: Rotom|Rotom-Wash, L50|100/100\n|switch|p2a: Aggron|Aggron, L50, F|100/100\n|switch|p2b: Farigiraf|Farigiraf, L50, M|100/100\n|turn|1\n|\n|t:|1776689929\n|detailschange|p2a: Aggron|Aggron-Mega, L50, F\n|-mega|p2a: Aggron|Aggron|Aggronite\n|move|p2a: Aggron|Protect|p2a: Aggron\n|-singleturn|p2a: Aggron|Protect\n|move|p1a: Whimsicott|Leech Seed||[still]\n|cant|p2b: Farigiraf|ability: Armor Tail|Leech Seed|[of] p1a: Whimsicott\n|move|p1b: Rotom|Volt Switch|p2b: Farigiraf\n|-damage|p2b: Farigiraf|70/100\n|\n|t:|1776689937\n|switch|p1b: Tyranitar|Tyranitar, L50, M|100/100|[from] Volt Switch\n|-weather|Sandstorm|[from] ability: Sand Stream|[of] p1b: Tyranitar\n|move|p2b: Farigiraf|Trick Room|p2b: Farigiraf\n|-fieldstart|move: Trick Room|[of] p2b: Farigiraf\n|\n|-weather|Sandstorm|[upkeep]\n|-damage|p2b: Farigiraf|64/100|[from] Sandstorm\n|-damage|p1a: Whimsicott|95/100|[from] Sandstorm\n|upkeep\n|turn|2\n|\n|t:|1776689962\n|move|p1b: Tyranitar|Protect|p1b: Tyranitar\n|-singleturn|p1b: Tyranitar|Protect\n|move|p1a: Whimsicott|Leech Seed||[still]\n|cant|p2b: Farigiraf|ability: Armor Tail|Leech Seed|[of] p1a: Whimsicott\n|move|p2a: Aggron|Body Press|p1b: Tyranitar\n|-activate|p1b: Tyranitar|move: Protect\n|move|p2b: Farigiraf|Psychic|p1a: Whimsicott\n|-crit|p1a: Whimsicott\n|-damage|p1a: Whimsicott|0 fnt\n|faint|p1a: Whimsicott\n|\n|-weather|Sandstorm|[upkeep]\n|-damage|p2b: Farigiraf|58/100|[from] Sandstorm\n|upkeep\n|\n|t:|1776689976\n|switch|p1a: Rotom|Rotom-Wash, L50|100/100\n|turn|3\n|\n|t:|1776689986\n|switch|p1b: Garchomp|Garchomp, L50, M|100/100\n|move|p2a: Aggron|Body Press|p1b: Garchomp\n|-damage|p1b: Garchomp|61/100\n|-damage|p2a: Aggron|88/100|[from] ability: Rough Skin|[of] p1b: Garchomp\n|move|p2b: Farigiraf|Psychic|p1a: Rotom\n|-damage|p1a: Rotom|54/100\n|move|p1a: Rotom|Thunderbolt|p2a: Aggron\n|-damage|p2a: Aggron|47/100\n|\n|-weather|Sandstorm|[upkeep]\n|-damage|p2b: Farigiraf|52/100|[from] Sandstorm\n|-damage|p1a: Rotom|48/100|[from] Sandstorm\n|upkeep\n|turn|4\n|\n|t:|1776690005\n|switch|p2b: Sinistcha|Sinistcha, L50|100/100\n|-heal|p2a: Aggron|72/100|[from] ability: Hospitality|[of] p2b: Sinistcha\n|detailschange|p1b: Garchomp|Garchomp-Mega, L50, M\n|-mega|p1b: Garchomp|Garchomp|Garchompite\n|move|p2a: Aggron|Iron Defense|p2a: Aggron\n|-boost|p2a: Aggron|def|2\n|move|p1a: Rotom|Thunderbolt|p2a: Aggron\n|-damage|p2a: Aggron|32/100\n|move|p1b: Garchomp|Earthquake|p2a: Aggron|[spread] p2a,p2b\n|-immune|p1a: Rotom|[from] ability: Levitate\n|-supereffective|p2a: Aggron|1\n|-resisted|p2b: Sinistcha|1\n|-damage|p2a: Aggron|6/100\n|-damage|p2b: Sinistcha|79/100\n|\n|-weather|Sandstorm|[upkeep]\n|-damage|p2b: Sinistcha|72/100|[from] Sandstorm\n|-damage|p1a: Rotom|42/100|[from] Sandstorm\n|upkeep\n|turn|5\n|\n|t:|1776690033\n|move|p2a: Aggron|Body Press|p1b: Garchomp\n|-damage|p1b: Garchomp|0 fnt\n|faint|p1b: Garchomp\n|move|p2b: Sinistcha|Matcha Gotcha|p1a: Rotom\n|-supereffective|p1a: Rotom|1\n|-damage|p1a: Rotom|0 fnt\n|-heal|p2b: Sinistcha|91/100|[from] drain|[of] p1a: Rotom\n|faint|p1a: Rotom\n|\n|-weather|none\n|-fieldend|move: Trick Room\n|upkeep\n|\n|t:|1776690041\n|switch|p1b: Tyranitar|Tyranitar, L50, M|100/100\n|-weather|Sandstorm|[from] ability: Sand Stream|[of] p1b: Tyranitar\n|turn|6\n|\n|t:|1776690048\n|move|p2b: Sinistcha|Rage Powder|p2b: Sinistcha\n|-singleturn|p2b: Sinistcha|move: Rage Powder\n|move|p1b: Tyranitar|Low Kick|p2b: Sinistcha\n|-immune|p2b: Sinistcha\n|move|p2a: Aggron|Body Press|p1b: Tyranitar\n|-supereffective|p1b: Tyranitar|2\n|-damage|p1b: Tyranitar|0 fnt\n|faint|p1b: Tyranitar\n|\n|win|Its andreas tbh\n|raw|M2P Mikey's rating: 1143 &rarr; <strong>1120</strong><br />(-23 for losing)\n|raw|Its andreas tbh's rating: 1174 &rarr; <strong>1197</strong><br />(+23 for winning)\n|l|\u2606M2P Mikey\n|player|p1|\n",
  "uploadtime": 1776690066,
  "views": 9,
  "formatid": "gen9championsvgc2026regma",
  "rating": 1120,
  "private": 0,
  "password": null
}