{
  "id": "gen9championsvgc2026regma-2585524828",
  "format": "[Gen 9 Champions] VGC 2026 Reg M-A",
  "players": [
    "Ombix",
    "Azreal29"
  ],
  "log": "|j|\u2606Ombix\n|j|\u2606Azreal29\n|t:|1776353310\n|gametype|doubles\n|player|p1|Ombix|pokemonbreeder-gen4|1111\n|player|p2|Azreal29|unknown|1129\n|gen|9\n|tier|[Gen 9 Champions] VGC 2026 Reg M-A\n|rated|\n|rule|Species Clause: Limit one of each Pok\u00e9mon\n|rule|Item Clause: Limit 1 of each item\n|clearpoke\n|poke|p1|Sableye, L50, F|\n|poke|p1|Espathra, L50, M|\n|poke|p1|Garchomp, L50, M|\n|poke|p1|Whimsicott, L50, M|\n|poke|p1|Meowstic-F, L50, F|\n|poke|p1|Milotic, L50, M|\n|poke|p2|Scovillain, L50, F|\n|poke|p2|Garchomp, L50, M|\n|poke|p2|Sinistcha, L50|\n|poke|p2|Aerodactyl, L50, M|\n|poke|p2|Sneasler, L50, M|\n|poke|p2|Primarina, L50, F|\n|teampreview|4\n|inactive|Battle timer is ON: inactive players will automatically lose when time's up. (requested by Azreal29)\n|inactive|Azreal29 has 60 seconds left.\n|\n|t:|1776353358\n|teamsize|p1|4\n|teamsize|p2|4\n|start\n|switch|p1a: Sableye|Sableye, L50, F|100/100\n|switch|p1b: Espathra|Espathra, L50, M|100/100\n|switch|p2a: Scovillain|Scovillain, L50, F|100/100\n|switch|p2b: Primarina|Primarina, L50, F|100/100\n|turn|1\n|\n|t:|1776353379\n|detailschange|p2a: Scovillain|Scovillain-Mega, L50, F\n|-mega|p2a: Scovillain|Scovillain|Scovillainite\n|move|p1b: Espathra|Protect|p1b: Espathra\n|-singleturn|p1b: Espathra|Protect\n|move|p1a: Sableye|Fake Out|p2b: Primarina\n|-damage|p2b: Primarina|91/100\n|move|p2a: Scovillain|Rage Powder|p2a: Scovillain\n|-singleturn|p2a: Scovillain|move: Rage Powder\n|cant|p2b: Primarina|flinch\n|\n|-heal|p2b: Primarina|97/100|[from] item: Leftovers\n|-ability|p1b: Espathra|Speed Boost|boost\n|-boost|p1b: Espathra|spe|1\n|upkeep\n|turn|2\n|\n|t:|1776353396\n|move|p1a: Sableye|Gravity|p1a: Sableye\n|-fieldstart|move: Gravity\n|move|p1b: Espathra|Hypnosis|p2a: Scovillain\n|-status|p2a: Scovillain|slp|[from] move: Hypnosis\n|move|p2b: Primarina|Calm Mind|p2b: Primarina\n|-boost|p2b: Primarina|spa|1\n|-boost|p2b: Primarina|spd|1\n|cant|p2a: Scovillain|slp\n|\n|-heal|p2b: Primarina|100/100|[from] item: Leftovers\n|-ability|p1b: Espathra|Speed Boost|boost\n|-boost|p1b: Espathra|spe|1\n|upkeep\n|turn|3\n|\n|t:|1776353411\n|switch|p1a: Meowstic|Meowstic-F, L50, F|100/100\n|move|p2b: Primarina|Protect|p2b: Primarina\n|-singleturn|p2b: Primarina|Protect\n|move|p1b: Espathra|Hypnosis|p2b: Primarina\n|-activate|p2b: Primarina|move: Protect\n|cant|p2a: Scovillain|slp\n|\n|-ability|p1b: Espathra|Speed Boost|boost\n|-boost|p1b: Espathra|spe|1\n|upkeep\n|turn|4\n|\n|t:|1776353438\n|detailschange|p1a: Meowstic|Meowstic-F-Mega, L50, F\n|-mega|p1a: Meowstic|Meowstic|Meowsticite\n|-ability|p1a: Meowstic|Liquid Voice|Trace|[from] ability: Trace|[of] p2b: Primarina\n|move|p1b: Espathra|Hypnosis|p2b: Primarina\n|-status|p2b: Primarina|slp|[from] move: Hypnosis\n|move|p1a: Meowstic|Thunderbolt|p2b: Primarina\n|-supereffective|p2b: Primarina|1\n|-damage|p2b: Primarina|57/100 slp\n|cant|p2b: Primarina|slp\n|-curestatus|p2a: Scovillain|slp|[msg]\n|move|p2a: Scovillain|Leech Seed|p1a: Meowstic\n|-start|p1a: Meowstic|move: Leech Seed\n|\n|-heal|p2b: Primarina|64/100 slp|[from] item: Leftovers\n|-damage|p1a: Meowstic|88/100|[from] Leech Seed|[of] p2a: Scovillain\n|-ability|p1b: Espathra|Speed Boost|boost\n|-boost|p1b: Espathra|spe|1\n|upkeep\n|turn|5\n|inactive|Azreal29 has 30 seconds left.\n|\n|t:|1776353472\n|move|p1b: Espathra|Psychic Terrain|p1b: Espathra\n|-fieldstart|move: Psychic Terrain\n|move|p1a: Meowstic|Expanding Force|p2a: Scovillain|[spread] p2a,p2b\n|-damage|p2a: Scovillain|32/100\n|-damage|p2b: Primarina|26/100 slp\n|-status|p1a: Meowstic|brn|[from] ability: Spicy Spray|[of] p2a: Scovillain\n|-curestatus|p2b: Primarina|slp|[msg]\n|move|p2b: Primarina|Hyper Voice|p1b: Espathra|[spread] p1a,p1b\n|-damage|p1a: Meowstic|24/100 brn\n|-damage|p1b: Espathra|19/100\n|move|p2a: Scovillain|Leech Seed|p1b: Espathra\n|-start|p1b: Espathra|move: Leech Seed\n|\n|-heal|p2b: Primarina|32/100|[from] item: Leftovers\n|-damage|p1b: Espathra|6/100|[from] Leech Seed|[of] p2a: Scovillain\n|-heal|p2a: Scovillain|44/100|[silent]\n|-damage|p1a: Meowstic|11/100 brn|[from] Leech Seed|[of] p2a: Scovillain\n|-heal|p2a: Scovillain|55/100|[silent]\n|-damage|p1a: Meowstic|6/100 brn|[from] brn\n|-ability|p1b: Espathra|Speed Boost|boost\n|-boost|p1b: Espathra|spe|1\n|upkeep\n|turn|6\n|\n|t:|1776353493\n|move|p2a: Scovillain|Protect|p2a: Scovillain\n|-singleturn|p2a: Scovillain|Protect\n|move|p2b: Primarina|Protect|p2b: Primarina\n|-singleturn|p2b: Primarina|Protect\n|move|p1b: Espathra|Hypnosis|p2b: Primarina\n|-activate|p2b: Primarina|move: Protect\n|move|p1a: Meowstic|Expanding Force|p2a: Scovillain|[spread] \n|-activate|p2a: Scovillain|move: Protect\n|-activate|p2b: Primarina|move: Protect\n|\n|-heal|p2b: Primarina|39/100|[from] item: Leftovers\n|-damage|p1b: Espathra|0 fnt|[from] Leech Seed|[of] p2a: Scovillain\n|-heal|p2a: Scovillain|61/100|[silent]\n|faint|p1b: Espathra\n|-damage|p1a: Meowstic|0 fnt|[from] Leech Seed|[of] p2a: Scovillain\n|-heal|p2a: Scovillain|66/100|[silent]\n|faint|p1a: Meowstic\n|-fieldend|move: Gravity\n|upkeep\n|\n|t:|1776353495\n|switch|p1a: Garchomp|Garchomp, L50, M|100/100\n|switch|p1b: Sableye|Sableye, L50, F|100/100\n|turn|7\n|-message|Ombix forfeited.\n|\n|win|Azreal29\n|raw|Ombix's rating: 1111 &rarr; <strong>1087</strong><br />(-24 for losing)\n|raw|Azreal29's rating: 1129 &rarr; <strong>1153</strong><br />(+24 for winning)\n|l|\u2606Ombix\n|player|p1|\n",
  "uploadtime": 1776353519,
  "views": 22,
  "formatid": "gen9championsvgc2026regma",
  "rating": 1087,
  "private": 0,
  "password": null
}