{
  "id": "gen9championsvgc2026regma-2587695504",
  "format": "[Gen 9 Champions] VGC 2026 Reg M-A",
  "players": [
    "Aurasteal",
    "Metroshock"
  ],
  "log": "|j|\u2606Aurasteal\n|j|\u2606Metroshock\n|t:|1776554762\n|gametype|doubles\n|player|p1|Aurasteal|caitlin|1425\n|player|p2|Metroshock|miku-fire|1495\n|gen|9\n|tier|[Gen 9 Champions] VGC 2026 Reg M-A\n|rated|\n|rule|Species Clause: Limit one of each Pok\u00e9mon\n|rule|Item Clause: Limit 1 of each item\n|clearpoke\n|poke|p1|Hawlucha, L50, M, shiny|\n|poke|p1|Snorlax, L50, M, shiny|\n|poke|p1|Sinistcha, L50|\n|poke|p1|Incineroar, L50, M, shiny|\n|poke|p1|Vanilluxe, L50, F, shiny|\n|poke|p1|Kingambit, L50, M, shiny|\n|poke|p2|Crabominable, L50, M|\n|poke|p2|Basculegion, L50, M|\n|poke|p2|Sinistcha, L50|\n|poke|p2|Archaludon, L50, M|\n|poke|p2|Pelipper, L50, M|\n|poke|p2|Incineroar, L50, M|\n|teampreview|4\n|inactive|Battle timer is ON: inactive players will automatically lose when time's up. (requested by Metroshock)\n|\n|t:|1776554789\n|teamsize|p1|4\n|teamsize|p2|4\n|start\n|switch|p1a: Hawlucha|Hawlucha, L50, M, shiny|100/100\n|switch|p1b: Snorlax|Snorlax, L50, M, shiny|100/100\n|switch|p2a: BIG ROG|Crabominable, L50, M|100/100\n|switch|p2b: Tee time|Sinistcha, L50|100/100\n|turn|1\n|\n|t:|1776554797\n|detailschange|p1a: Hawlucha|Hawlucha-Mega, L50, M, shiny\n|-mega|p1a: Hawlucha|Hawlucha|Hawluchanite\n|detailschange|p2a: BIG ROG|Crabominable-Mega, L50, M\n|-mega|p2a: BIG ROG|Crabominable|Crabominite\n|move|p2b: Tee time|Rage Powder|p2b: Tee time\n|-singleturn|p2b: Tee time|move: Rage Powder\n|move|p1a: Hawlucha|Entrainment|p2b: Tee time\n|-ability|p2b: Tee time|No Guard|Hospitality|[from] move: Entrainment|[of] p1a: Hawlucha\n|move|p2a: BIG ROG|Ice Hammer|p1a: Hawlucha\n|-supereffective|p1a: Hawlucha|1\n|-damage|p1a: Hawlucha|0 fnt\n|-unboost|p2a: BIG ROG|spe|1\n|faint|p1a: Hawlucha\n|move|p1b: Snorlax|Fissure|p2b: Tee time\n|-damage|p2b: Tee time|0 fnt\n|faint|p2b: Tee time\n|-ohko\n|\n|upkeep\n|\n|t:|1776554815\n|switch|p1a: Incineroar|Incineroar, L50, M, shiny|100/100\n|switch|p2b: The fish eater|Pelipper, L50, M|100/100\n|-weather|RainDance|[from] ability: Drizzle|[of] p2b: The fish eater\n|-ability|p1a: Incineroar|Intimidate|boost\n|-unboost|p2a: BIG ROG|atk|1\n|-unboost|p2b: The fish eater|atk|1\n|turn|2\n|\n|t:|1776554826\n|switch|p2a: Super Fly|Archaludon, L50, M|100/100\n|move|p1a: Incineroar|Fake Out|p2b: The fish eater\n|-damage|p2b: The fish eater|86/100\n|cant|p2b: The fish eater|flinch\n|move|p1b: Snorlax|Fissure|p2a: Super Fly|[miss]\n|-miss|p1b: Snorlax|p2a: Super Fly\n|\n|-weather|RainDance|[upkeep]\n|upkeep\n|turn|3\n|\n|t:|1776554837\n|move|p2b: The fish eater|Tailwind|p2b: The fish eater\n|-sidestart|p2: Metroshock|move: Tailwind\n|move|p2a: Super Fly|Electro Shot||[still]\n|-prepare|p2a: Super Fly|Electro Shot\n|-boost|p2a: Super Fly|spa|1\n|-anim|p2a: Super Fly|Electro Shot|p1b: Snorlax\n|-damage|p1b: Snorlax|64/100\n|move|p1a: Incineroar|Parting Shot|p2b: The fish eater\n|-unboost|p2b: The fish eater|atk|1\n|-unboost|p2b: The fish eater|spa|1\n|\n|t:|1776554845\n|switch|p1a: Sinistcha|Sinistcha, L50|100/100|[from] Parting Shot\n|-heal|p1b: Snorlax|89/100|[from] ability: Hospitality|[of] p1a: Sinistcha\n|move|p1b: Snorlax|Fissure|p2a: Super Fly|[miss]\n|-miss|p1b: Snorlax|p2a: Super Fly\n|\n|-weather|RainDance|[upkeep]\n|upkeep\n|turn|4\n|\n|t:|1776554851\n|move|p2b: The fish eater|Hurricane|p1a: Sinistcha\n|-supereffective|p1a: Sinistcha|1\n|-damage|p1a: Sinistcha|32/100\n|move|p2a: Super Fly|Electro Shot||[still]\n|-prepare|p2a: Super Fly|Electro Shot\n|-boost|p2a: Super Fly|spa|1\n|-anim|p2a: Super Fly|Electro Shot|p1b: Snorlax\n|-damage|p1b: Snorlax|42/100\n|-enditem|p1b: Snorlax|Sitrus Berry|[eat]\n|-heal|p1b: Snorlax|67/100|[from] item: Sitrus Berry\n|move|p1b: Snorlax|Stockpile|p1b: Snorlax\n|-start|p1b: Snorlax|stockpile1\n|-boost|p1b: Snorlax|def|1\n|-boost|p1b: Snorlax|spd|1\n|move|p1a: Sinistcha|Trick Room|p1a: Sinistcha\n|-fieldstart|move: Trick Room|[of] p1a: Sinistcha\n|\n|-weather|RainDance|[upkeep]\n|upkeep\n|turn|5\n|\n|t:|1776554871\n|move|p2a: Super Fly|Protect|p2a: Super Fly\n|-singleturn|p2a: Super Fly|Protect\n|move|p1b: Snorlax|Fissure|p2a: Super Fly\n|-activate|p2a: Super Fly|move: Protect\n|move|p1a: Sinistcha|Life Dew|p1a: Sinistcha|[spread] p1a,p1b\n|-heal|p1a: Sinistcha|57/100\n|-heal|p1b: Snorlax|92/100\n|move|p2b: The fish eater|Weather Ball|p1b: Snorlax\n|-damage|p1b: Snorlax|75/100\n|\n|-weather|RainDance|[upkeep]\n|upkeep\n|turn|6\n|\n|t:|1776554887\n|move|p1b: Snorlax|Fissure|p2a: Super Fly\n|-damage|p2a: Super Fly|0 fnt\n|faint|p2a: Super Fly\n|-ohko\n|move|p1a: Sinistcha|Life Dew|p1a: Sinistcha|[spread] p1a,p1b\n|-heal|p1a: Sinistcha|83/100\n|-heal|p1b: Snorlax|99/100\n|move|p2b: The fish eater|Hurricane|p1a: Sinistcha\n|-supereffective|p1a: Sinistcha|1\n|-damage|p1a: Sinistcha|8/100\n|-start|p1a: Sinistcha|confusion\n|\n|-weather|none\n|-sideend|p2: Metroshock|move: Tailwind\n|upkeep\n|\n|t:|1776554889\n|switch|p2a: BIG ROG|Crabominable-Mega, L50, M|100/100\n|turn|7\n|\n|t:|1776554897\n|move|p1b: Snorlax|Smack Down|p2b: The fish eater\n|-supereffective|p2b: The fish eater|1\n|-damage|p2b: The fish eater|51/100\n|-start|p2b: The fish eater|Smack Down\n|move|p2a: BIG ROG|Drain Punch|p1b: Snorlax\n|-supereffective|p1b: Snorlax|1\n|-damage|p1b: Snorlax|51/100\n|-activate|p1a: Sinistcha|confusion\n|-damage|p1a: Sinistcha|3/100|[from] confusion\n|move|p2b: The fish eater|Hurricane|p1b: Snorlax|[miss]\n|-miss|p2b: The fish eater|p1b: Snorlax\n|\n|upkeep\n|turn|8\n|\n|t:|1776554911\n|move|p1b: Snorlax|Stockpile|p1b: Snorlax\n|-start|p1b: Snorlax|stockpile2\n|-boost|p1b: Snorlax|def|1\n|-boost|p1b: Snorlax|spd|1\n|move|p2a: BIG ROG|Drain Punch|p1b: Snorlax\n|-supereffective|p1b: Snorlax|1\n|-damage|p1b: Snorlax|19/100\n|-activate|p1a: Sinistcha|confusion\n|move|p1a: Sinistcha|Life Dew|p1a: Sinistcha|[spread] p1a,p1b\n|-heal|p1a: Sinistcha|29/100\n|-heal|p1b: Snorlax|44/100\n|move|p2b: The fish eater|Hurricane|p1b: Snorlax\n|-damage|p1b: Snorlax|33/100\n|\n|-fieldend|move: Trick Room\n|upkeep\n|turn|9\n|\n|t:|1776554928\n|move|p2b: The fish eater|Hurricane|p1b: Snorlax\n|-damage|p1b: Snorlax|22/100\n|-activate|p1a: Sinistcha|confusion\n|-damage|p1a: Sinistcha|24/100|[from] confusion\n|move|p2a: BIG ROG|Drain Punch|p1b: Snorlax\n|-supereffective|p1b: Snorlax|1\n|-damage|p1b: Snorlax|0 fnt\n|faint|p1b: Snorlax\n|\n|upkeep\n|\n|t:|1776554934\n|switch|p1b: Incineroar|Incineroar, L50, M, shiny|100/100\n|-ability|p1b: Incineroar|Intimidate|boost\n|-unboost|p2a: BIG ROG|atk|1\n|-unboost|p2b: The fish eater|atk|1\n|turn|10\n|\n|t:|1776554946\n|move|p1b: Incineroar|Fake Out|p2b: The fish eater\n|-damage|p2b: The fish eater|37/100\n|cant|p2b: The fish eater|flinch\n|-end|p1a: Sinistcha|confusion\n|move|p1a: Sinistcha|Matcha Gotcha|p2b: The fish eater|[spread] p2a,p2b\n|-damage|p2a: BIG ROG|78/100\n|-heal|p1a: Sinistcha|36/100|[from] drain|[of] p2a: BIG ROG\n|-damage|p2b: The fish eater|0 fnt\n|-heal|p1a: Sinistcha|50/100|[from] drain|[of] p2b: The fish eater\n|faint|p2b: The fish eater\n|move|p2a: BIG ROG|Drain Punch|p1b: Incineroar\n|-supereffective|p1b: Incineroar|1\n|-enditem|p1b: Incineroar|Chople Berry|[eat]\n|-enditem|p1b: Incineroar|Chople Berry|[weaken]\n|-damage|p1b: Incineroar|74/100\n|-heal|p2a: BIG ROG|92/100|[from] drain|[of] p1b: Incineroar\n|\n|upkeep\n|turn|11\n|\n|t:|1776554963\n|move|p1a: Sinistcha|Rage Powder|p1a: Sinistcha\n|-singleturn|p1a: Sinistcha|move: Rage Powder\n|move|p1b: Incineroar|Flare Blitz|p2a: BIG ROG\n|-supereffective|p2a: BIG ROG|1\n|-damage|p2a: BIG ROG|35/100\n|-damage|p1b: Incineroar|55/100|[from] Recoil\n|move|p2a: BIG ROG|Ice Hammer|p1a: Sinistcha\n|-supereffective|p1a: Sinistcha|1\n|-damage|p1a: Sinistcha|0 fnt\n|-unboost|p2a: BIG ROG|spe|1\n|faint|p1a: Sinistcha\n|\n|upkeep\n|turn|12\n|\n|t:|1776554973\n|move|p2a: BIG ROG|Protect|p2a: BIG ROG\n|-singleturn|p2a: BIG ROG|Protect\n|move|p1b: Incineroar|Flare Blitz|p2a: BIG ROG\n|-activate|p2a: BIG ROG|move: Protect\n|\n|upkeep\n|turn|13\n|\n|t:|1776554979\n|move|p2a: BIG ROG|Mach Punch|p1b: Incineroar\n|-supereffective|p1b: Incineroar|1\n|-damage|p1b: Incineroar|25/100\n|move|p1b: Incineroar|Flare Blitz|p2a: BIG ROG\n|-supereffective|p2a: BIG ROG|1\n|-damage|p2a: BIG ROG|0 fnt\n|faint|p2a: BIG ROG\n|-damage|p1b: Incineroar|14/100|[from] Recoil\n|\n|win|Aurasteal\n|raw|Aurasteal's rating: 1425 &rarr; <strong>1449</strong><br />(+24 for winning)\n|raw|Metroshock's rating: 1495 &rarr; <strong>1471</strong><br />(-24 for losing)\n|l|\u2606Metroshock\n|player|p2|\n",
  "uploadtime": 1776554991,
  "views": 24,
  "formatid": "gen9championsvgc2026regma",
  "rating": 1449,
  "private": 0,
  "password": null
}