{
  "id": "gen9championsvgc2026regma-2582964137",
  "format": "[Gen 9 Champions] VGC 2026 Reg M-A",
  "players": [
    "JD20shoots3s",
    "euan ford"
  ],
  "log": "|j|\u2606JD20shoots3s\n|j|\u2606euan ford\n|t:|1776128981\n|gametype|doubles\n|player|p1|JD20shoots3s|hoopster|1070\n|player|p2|euan ford|fisherman-gen4|1028\n|gen|9\n|tier|[Gen 9 Champions] VGC 2026 Reg M-A\n|rated|\n|rule|Species Clause: Limit one of each Pok\u00e9mon\n|rule|Item Clause: Limit 1 of each item\n|clearpoke\n|poke|p1|Farigiraf, L50, M|\n|poke|p1|Corviknight, L50, F|\n|poke|p1|Araquanid, L50, F|\n|poke|p1|Kingambit, L50, M|\n|poke|p1|Scovillain, L50, F|\n|poke|p1|Sinistcha, L50|\n|poke|p2|Basculegion, L50, M|\n|poke|p2|Meganium, L50, F|\n|poke|p2|Pelipper, L50, F|\n|poke|p2|Incineroar, L50, F|\n|poke|p2|Gengar, L50, M|\n|poke|p2|Archaludon, L50, F|\n|teampreview|4\n|inactive|Battle timer is ON: inactive players will automatically lose when time's up. (requested by JD20shoots3s)\n|inactive|euan ford has 60 seconds left.\nJD20shoots3s rejected open team sheets.\n|\n|t:|1776129028\n|teamsize|p1|4\n|teamsize|p2|4\n|start\n|switch|p1a: Farigiraf|Farigiraf, L50, M|100/100\n|switch|p1b: Araquanid|Araquanid, L50, F|100/100\n|switch|p2a: Gengar|Gengar, L50, M, shiny|100/100\n|switch|p2b: Pelipper|Pelipper, L50, F|100/100\n|-weather|RainDance|[from] ability: Drizzle|[of] p2b: Pelipper\n|turn|1\n|inactive|JD20shoots3s has 30 seconds left.\n|inactive|euan ford has 30 seconds left.\n|inactive|euan ford has 20 seconds left.\n|inactive|JD20shoots3s has 20 seconds left.\n|\n|t:|1776129069\n|switch|p2a: Incineroar|Incineroar, L50, F|100/100\n|-ability|p2a: Incineroar|Intimidate|boost\n|-unboost|p1a: Farigiraf|atk|1\n|-unboost|p1b: Araquanid|atk|1\n|move|p1b: Araquanid|Protect|p1b: Araquanid\n|-singleturn|p1b: Araquanid|Protect\n|move|p2b: Pelipper|Hurricane|p1b: Araquanid\n|-activate|p1b: Araquanid|move: Protect\n|move|p1a: Farigiraf|Trick Room|p1a: Farigiraf\n|-fieldstart|move: Trick Room|[of] p1a: Farigiraf\n|\n|-weather|RainDance|[upkeep]\n|upkeep\n|turn|2\n|\n|t:|1776129092\n|move|p1b: Araquanid|Liquidation|p2a: Incineroar\n|-supereffective|p2a: Incineroar|1\n|-damage|p2a: Incineroar|0 fnt\n|faint|p2a: Incineroar\n|move|p1a: Farigiraf|Hyper Voice|p2b: Pelipper\n|-damage|p2b: Pelipper|6/100\n|move|p2b: Pelipper|Hurricane|p1b: Araquanid\n|-supereffective|p1b: Araquanid|1\n|-damage|p1b: Araquanid|24/100\n|-start|p1b: Araquanid|confusion\n|\n|-weather|RainDance|[upkeep]\n|upkeep\n|\n|t:|1776129098\n|switch|p2a: Basculegion|Basculegion, L50, M|100/100\n|turn|3\n|inactive|JD20shoots3s has 30 seconds left.\n|\n|t:|1776129131\n|switch|p1a: Scovillain|Scovillain, L50, F|100/100\n|-activate|p1b: Araquanid|confusion\n|move|p1b: Araquanid|Lunge|p2a: Basculegion\n|-resisted|p2a: Basculegion|1\n|-damage|p2a: Basculegion|88/100\n|-unboost|p2a: Basculegion|atk|1\n|move|p2b: Pelipper|Hurricane|p1b: Araquanid\n|-supereffective|p1b: Araquanid|1\n|-damage|p1b: Araquanid|0 fnt\n|faint|p1b: Araquanid\n|move|p2a: Basculegion|Wave Crash|p1a: Scovillain\n|-damage|p1a: Scovillain|16/100\n|-damage|p2a: Basculegion|64/100|[from] Recoil\n|\n|-weather|RainDance|[upkeep]\n|-ability|p1a: Scovillain|Moody|boost\n|-boost|p1a: Scovillain|atk|2\n|-unboost|p1a: Scovillain|spa|1\n|upkeep\n|\n|t:|1776129152\n|switch|p1b: Farigiraf|Farigiraf, L50, M|100/100\n|turn|4\n|\n|t:|1776129171\n|switch|p2a: Gengar|Gengar, L50, M, shiny|100/100\n|detailschange|p1a: Scovillain|Scovillain-Mega, L50, F\n|-mega|p1a: Scovillain|Scovillain|Scovillainite\n|move|p1a: Scovillain|Rage Powder|p1a: Scovillain\n|-singleturn|p1a: Scovillain|move: Rage Powder\n|move|p1b: Farigiraf|Psychic|p2b: Pelipper\n|-damage|p2b: Pelipper|0 fnt\n|faint|p2b: Pelipper\n|\n|-weather|RainDance|[upkeep]\n|upkeep\n|\n|t:|1776129180\n|switch|p2b: Basculegion|Basculegion, L50, M|64/100\n|turn|5\n|\n|t:|1776129194\n|detailschange|p2a: Gengar|Gengar-Mega, L50, M, shiny\n|-mega|p2a: Gengar|Gengar|Gengarite\n|move|p1a: Scovillain|Rage Powder|p1a: Scovillain\n|-singleturn|p1a: Scovillain|move: Rage Powder\n|move|p1b: Farigiraf|Psychic|p2a: Gengar\n|-supereffective|p2a: Gengar|1\n|-damage|p2a: Gengar|0 fnt\n|faint|p2a: Gengar\n|move|p2b: Basculegion|Wave Crash|p1a: Scovillain\n|-damage|p1a: Scovillain|0 fnt\n|-status|p2b: Basculegion|brn|[from] ability: Spicy Spray|[of] p1a: Scovillain\n|faint|p1a: Scovillain\n|-damage|p2b: Basculegion|59/100 brn|[from] Recoil\n|\n|-weather|none\n|-damage|p2b: Basculegion|53/100 brn|[from] brn\n|-fieldend|move: Trick Room\n|upkeep\n|\n|t:|1776129208\n|switch|p1a: Kingambit|Kingambit, L50, M|100/100\n|turn|6\n|\n|t:|1776129220\n|move|p1a: Kingambit|Sucker Punch|p2b: Basculegion\n|-supereffective|p2b: Basculegion|1\n|-damage|p2b: Basculegion|0 fnt\n|faint|p2b: Basculegion\n|\n|win|JD20shoots3s\n|raw|JD20shoots3s's rating: 1070 &rarr; <strong>1096</strong><br />(+26 for winning)\n|raw|euan ford's rating: 1028 &rarr; <strong>1016</strong><br />(-12 for losing)\n|l|\u2606euan ford\n|player|p2|\n",
  "uploadtime": 1776129225,
  "views": 16,
  "formatid": "gen9championsvgc2026regma",
  "rating": 1016,
  "private": 0,
  "password": null
}