{
  "id": "gen9championsvgc2026regma-2588465630",
  "format": "[Gen 9 Champions] VGC 2026 Reg M-A",
  "players": [
    "combeeuwu",
    "aroswing"
  ],
  "log": "|j|\u2606combeeuwu\n|j|\u2606aroswing\n|t:|1776635956\n|gametype|doubles\n|player|p1|combeeuwu|1|1362\n|player|p2|aroswing|marnie|1275\n|gen|9\n|tier|[Gen 9 Champions] VGC 2026 Reg M-A\n|rated|\n|rule|Species Clause: Limit one of each Pok\u00e9mon\n|rule|Item Clause: Limit 1 of each item\n|clearpoke\n|poke|p1|Aerodactyl, L50, F|\n|poke|p1|Incineroar, L50, M|\n|poke|p1|Floette-Eternal, L50, F|\n|poke|p1|Garchomp, L50, M|\n|poke|p1|Rotom-Wash, L50|\n|poke|p1|Sneasler, L50, M|\n|poke|p2|Rotom-Wash, L50, shiny|\n|poke|p2|Aerodactyl, L50, M|\n|poke|p2|Gardevoir, L50, F, shiny|\n|poke|p2|Garchomp, L50, F|\n|poke|p2|Gallade, L50, M|\n|poke|p2|Floette-Eternal, L50, F|\n|teampreview|4\n|inactive|Battle timer is ON: inactive players will automatically lose when time's up. (requested by aroswing)\n|inactive|combeeuwu also wants the timer to be on.\n|inactive|aroswing has 60 seconds left.\n|\n|t:|1776636016\n|teamsize|p1|4\n|teamsize|p2|4\n|start\n|switch|p1a: Rotom|Rotom-Wash, L50|100/100\n|switch|p1b: Garchomp|Garchomp, L50, M|100/100\n|switch|p2a: Aerodactyl|Aerodactyl, L50, M|100/100\n|switch|p2b: Gallade|Gallade, L50, M|100/100\n|-ability|p2a: Aerodactyl|Unnerve\n|turn|1\n|inactive|aroswing has 30 seconds left.\n|inactive|aroswing has 20 seconds left.\n|inactive|aroswing has 15 seconds left.\n|\n|t:|1776636057\n|move|p1a: Rotom|Electroweb|p2b: Gallade|[spread] p2a,p2b\n|-supereffective|p2a: Aerodactyl|1\n|-damage|p2a: Aerodactyl|55/100\n|-damage|p2b: Gallade|86/100\n|-unboost|p2a: Aerodactyl|spe|1\n|-unboost|p2b: Gallade|spe|1\n|-enditem|p2b: Gallade|White Herb\n|-clearnegativeboost|p2b: Gallade|[silent]\n|move|p1b: Garchomp|Dragon Claw|p2a: Aerodactyl\n|-damage|p2a: Aerodactyl|0 fnt\n|faint|p2a: Aerodactyl\n|move|p2b: Gallade|Sacred Sword|p1a: Rotom\n|-damage|p1a: Rotom|27/100\n|\n|upkeep\n|\n|t:|1776636070\n|switch|p2a: Gardevoir|Gardevoir, L50, F, shiny|100/100\n|turn|2\n|inactive|aroswing has 30 seconds left.\n|\n|t:|1776636099\n|move|p1b: Garchomp|Protect|p1b: Garchomp\n|-singleturn|p1b: Garchomp|Protect\n|move|p1a: Rotom|Electroweb|p2b: Gallade|[spread] p2a,p2b\n|-damage|p2a: Gardevoir|83/100\n|-damage|p2b: Gallade|72/100\n|-unboost|p2a: Gardevoir|spe|1\n|-unboost|p2b: Gallade|spe|1\n|move|p2a: Gardevoir|Dazzling Gleam|p1a: Rotom|[spread] p1a\n|-activate|p1b: Garchomp|move: Protect\n|-damage|p1a: Rotom|0 fnt\n|faint|p1a: Rotom\n|move|p2b: Gallade|Psycho Cut|p1b: Garchomp\n|-activate|p1b: Garchomp|move: Protect\n|\n|upkeep\n|\n|t:|1776636111\n|switch|p1a: Floette|Floette-Eternal, L50, F|100/100\n|turn|3\n|\n|t:|1776636129\n|detailschange|p1a: Floette|Floette-Mega, L50, F\n|-mega|p1a: Floette|Floette|Floettite\n|-ability|p1a: Floette|Fairy Aura\n|move|p2b: Gallade|Wide Guard|p2b: Gallade\n|-singleturn|p2b: Gallade|Wide Guard\n|move|p1b: Garchomp|Earthquake|p2b: Gallade|[spread] p1a\n|-activate|p2a: Gardevoir|move: Wide Guard\n|-activate|p2b: Gallade|move: Wide Guard\n|-damage|p1a: Floette|35/100\n|move|p1a: Floette|Dazzling Gleam|p2a: Gardevoir|[spread] \n|-activate|p2a: Gardevoir|move: Wide Guard\n|-activate|p2b: Gallade|move: Wide Guard\n|move|p2a: Gardevoir|Dazzling Gleam|p1b: Garchomp|[spread] p1a,p1b\n|-supereffective|p1b: Garchomp|1\n|-damage|p1a: Floette|3/100\n|-damage|p1b: Garchomp|10/100\n|\n|upkeep\n|turn|4\n|\n|t:|1776636147\n|move|p2b: Gallade|Wide Guard|p2b: Gallade\n|-singleturn|p2b: Gallade|Wide Guard\n|move|p1b: Garchomp|Dragon Claw|p2b: Gallade\n|-damage|p2b: Gallade|15/100\n|move|p1a: Floette|Moonblast|p2a: Gardevoir\n|-damage|p2a: Gardevoir|0 fnt\n|faint|p2a: Gardevoir\n|\n|upkeep\n|\n|t:|1776636156\n|switch|p2a: Floette|Floette-Eternal, L50, F|100/100\n|turn|5\n|\n|t:|1776636166\n|detailschange|p2a: Floette|Floette-Mega, L50, F\n|-mega|p2a: Floette|Floette|Floettite\n|-ability|p2a: Floette|Fairy Aura\n|move|p1a: Floette|Protect|p1a: Floette\n|-singleturn|p1a: Floette|Protect\n|move|p2b: Gallade|Wide Guard|p2b: Gallade\n|-singleturn|p2b: Gallade|Wide Guard\n|move|p1b: Garchomp|Dragon Claw|p2b: Gallade\n|-damage|p2b: Gallade|0 fnt\n|faint|p2b: Gallade\n|move|p2a: Floette|Dazzling Gleam|p1a: Floette|[spread] p1b\n|-activate|p1a: Floette|move: Protect\n|-supereffective|p1b: Garchomp|1\n|-damage|p1b: Garchomp|0 fnt\n|faint|p1b: Garchomp\n|\n|upkeep\n|\n|t:|1776636172\n|switch|p1b: Sneasler|Sneasler, L50, M|100/100\n|turn|6\n|inactive|aroswing has 30 seconds left.\n|\n|t:|1776636201\n|move|p2a: Floette|Protect|p2a: Floette\n|-singleturn|p2a: Floette|Protect\n|move|p1b: Sneasler|Fake Out|p2a: Floette\n|-activate|p2a: Floette|move: Protect\n|move|p1a: Floette|Moonblast|p2a: Floette\n|-activate|p2a: Floette|move: Protect\n|\n|upkeep\n|turn|7\n|\n|t:|1776636216\n|move|p1b: Sneasler|Dire Claw|p2a: Floette\n|-supereffective|p2a: Floette|1\n|-damage|p2a: Floette|11/100\n|-status|p2a: Floette|psn\n|move|p2a: Floette|Dazzling Gleam|p1a: Floette|[spread] p1a,p1b\n|-damage|p1a: Floette|0 fnt\n|-damage|p1b: Sneasler|50/100\n|faint|p1a: Floette\n|\n|-damage|p2a: Floette|0 fnt|[from] psn\n|faint|p2a: Floette\n|\n|win|combeeuwu\n|raw|combeeuwu's rating: 1362 &rarr; <strong>1377</strong><br />(+15 for winning)\n|raw|aroswing's rating: 1275 &rarr; <strong>1256</strong><br />(-19 for losing)\n|l|\u2606combeeuwu\n|player|p1|\n",
  "uploadtime": 1776636224,
  "views": 11,
  "formatid": "gen9championsvgc2026regma",
  "rating": 1256,
  "private": 0,
  "password": null
}