{
  "id": "gen9championsvgc2026regma-2582462594",
  "format": "[Gen 9 Champions] VGC 2026 Reg M-A",
  "players": [
    "smp on whimsicott",
    "Zammy24680"
  ],
  "log": "|j|\u2606smp on whimsicott\n|j|\u2606Zammy24680\n|t:|1776093279\n|gametype|doubles\n|player|p1|smp on whimsicott|artist-gen4|1000\n|player|p2|Zammy24680|266|1000\n|gen|9\n|tier|[Gen 9 Champions] VGC 2026 Reg M-A\n|rated|\n|rule|Species Clause: Limit one of each Pok\u00e9mon\n|rule|Item Clause: Limit 1 of each item\n|clearpoke\n|poke|p1|Floette-Eternal, L50, F|\n|poke|p1|Aegislash, L50, F|\n|poke|p1|Talonflame, L50, F|\n|poke|p1|Basculegion, L50, M|\n|poke|p1|Milotic, L50, M|\n|poke|p1|Garchomp, L50, F|\n|poke|p2|Aerodactyl, L50, F|\n|poke|p2|Sinistcha, L50|\n|poke|p2|Incineroar, L50, F|\n|poke|p2|Rotom-Wash, L50|\n|poke|p2|Sneasler, L50, M|\n|poke|p2|Dragonite, L50, F|\n|teampreview|4\nZammy24680 has agreed to open team sheets.\nsmp on whimsicott rejected open team sheets.\n|\n|t:|1776093319\n|teamsize|p1|4\n|teamsize|p2|4\n|start\n|switch|p1a: Basculegion|Basculegion, L50, M|100/100\n|switch|p1b: Garchomp|Garchomp, L50, F|100/100\n|switch|p2a: Sneasler|Sneasler, L50, M|100/100\n|switch|p2b: Aerodactyl|Aerodactyl, L50, F|100/100\n|-ability|p2a: Sneasler|Pressure\n|turn|1\n|\n|t:|1776093352\n|switch|p2b: Rotom|Rotom-Wash, L50|100/100\n|move|p2a: Sneasler|Fake Out|p1b: Garchomp\n|-damage|p1b: Garchomp|86/100\n|move|p1a: Basculegion|Flip Turn|p2a: Sneasler\n|-damage|p2a: Sneasler|30/100\n|\n|t:|1776093363\n|switch|p1a: Talonflame|Talonflame, L50, F|100/100|[from] Flip Turn\n|cant|p1b: Garchomp|flinch\n|\n|upkeep\n|turn|2\n|\n|t:|1776093389\n|move|p2a: Sneasler|Protect|p2a: Sneasler\n|-singleturn|p2a: Sneasler|Protect\n|move|p1a: Talonflame|Tailwind|p1a: Talonflame\n|-sidestart|p1: smp on whimsicott|move: Tailwind\n|move|p1b: Garchomp|Dragon Claw|p2a: Sneasler\n|-activate|p2a: Sneasler|move: Protect\n|move|p2b: Rotom|Will-O-Wisp|p1b: Garchomp\n|-status|p1b: Garchomp|brn\n|\n|-damage|p1b: Garchomp|80/100 brn|[from] brn\n|upkeep\n|turn|3\n|\n|t:|1776093409\n|switch|p1a: Floette|Floette-Eternal, L50, F|100/100\n|switch|p2a: Sinistcha|Sinistcha, L50|100/100\n|move|p1b: Garchomp|Dragon Claw|p2a: Sinistcha\n|-damage|p2a: Sinistcha|82/100\n|move|p2b: Rotom|Volt Switch|p1a: Floette\n|-damage|p1a: Floette|81/100\n|\n|t:|1776093420\n|switch|p2b: Sneasler|Sneasler, L50, M|30/100|[from] Volt Switch\n|-ability|p2b: Sneasler|Pressure\n|\n|-damage|p1b: Garchomp|74/100 brn|[from] brn\n|upkeep\n|turn|4\n|\n|t:|1776093455\n|detailschange|p1a: Floette|Floette-Mega, L50, F\n|-mega|p1a: Floette|Floette|Floettite\n|-ability|p1a: Floette|Fairy Aura\n|move|p1a: Floette|Protect|p1a: Floette\n|-singleturn|p1a: Floette|Protect\n|move|p1b: Garchomp|Earthquake|p2a: Sinistcha|[spread] p2a,p2b\n|-activate|p1a: Floette|move: Protect\n|-resisted|p2a: Sinistcha|1\n|-supereffective|p2b: Sneasler|1\n|-damage|p2a: Sinistcha|73/100\n|-damage|p2b: Sneasler|0 fnt\n|faint|p2b: Sneasler\n|move|p2a: Sinistcha|Matcha Gotcha|p1a: Floette|[spread] p1b\n|-activate|p1a: Floette|move: Protect\n|-damage|p1b: Garchomp|49/100 brn\n|-heal|p2a: Sinistcha|88/100|[from] drain|[of] p1b: Garchomp\n|-enditem|p1b: Garchomp|Sitrus Berry|[eat]\n|-heal|p1b: Garchomp|74/100 brn|[from] item: Sitrus Berry\n|\n|-damage|p1b: Garchomp|68/100 brn|[from] brn\n|upkeep\n|\n|t:|1776093477\n|switch|p2b: Rotom|Rotom-Wash, L50|100/100\n|turn|5\n|\n|t:|1776093492\n|move|p2a: Sinistcha|Protect|p2a: Sinistcha\n|-singleturn|p2a: Sinistcha|Protect\n|move|p1b: Garchomp|Dragon Claw|p2a: Sinistcha\n|-activate|p2a: Sinistcha|move: Protect\n|move|p1a: Floette|Dazzling Gleam|p2b: Rotom|[spread] p2b\n|-activate|p2a: Sinistcha|move: Protect\n|-damage|p2b: Rotom|66/100\n|move|p2b: Rotom|Pain Split|p1a: Floette\n|-sethp|p1a: Floette|69/100|[from] move: Pain Split|[silent]\n|-sethp|p2b: Rotom|79/100|[from] move: Pain Split\n|\n|-heal|p2b: Rotom|85/100|[from] item: Leftovers\n|-damage|p1b: Garchomp|62/100 brn|[from] brn\n|-sideend|p1: smp on whimsicott|move: Tailwind\n|upkeep\n|turn|6\n|\n|t:|1776093515\n|move|p2a: Sinistcha|Rage Powder|p2a: Sinistcha\n|-singleturn|p2a: Sinistcha|move: Rage Powder\n|move|p1b: Garchomp|Dragon Claw|p2a: Sinistcha\n|-damage|p2a: Sinistcha|71/100\n|move|p1a: Floette|Moonblast|p2a: Sinistcha\n|-damage|p2a: Sinistcha|0 fnt\n|faint|p2a: Sinistcha\n|move|p2b: Rotom|Pain Split|p2: Sinistcha|[notarget]\n|-fail|p2b: Rotom\n|\n|-heal|p2b: Rotom|91/100|[from] item: Leftovers\n|-damage|p1b: Garchomp|57/100 brn|[from] brn\n|upkeep\n|\n|t:|1776093526\n|switch|p2a: Aerodactyl|Aerodactyl, L50, F|100/100\n|turn|7\n|\n|t:|1776093551\n|detailschange|p2a: Aerodactyl|Aerodactyl-Mega, L50, F\n|-mega|p2a: Aerodactyl|Aerodactyl|Aerodactylite\n|move|p2a: Aerodactyl|Rock Slide|p1b: Garchomp|[spread] p1a,p1b\n|-resisted|p1b: Garchomp|1\n|-damage|p1a: Floette|35/100\n|-damage|p1b: Garchomp|42/100 brn\n|move|p1b: Garchomp|Dragon Claw|p2a: Aerodactyl\n|-damage|p2a: Aerodactyl|76/100\n|cant|p1a: Floette|flinch\n|move|p2b: Rotom|Volt Switch|p1a: Floette\n|-damage|p1a: Floette|17/100\n|\n|-heal|p2b: Rotom|97/100|[from] item: Leftovers\n|-damage|p1b: Garchomp|37/100 brn|[from] brn\n|upkeep\n|turn|8\n|\n|t:|1776093582\n|move|p1a: Floette|Protect|p1a: Floette\n|-singleturn|p1a: Floette|Protect\n|move|p2a: Aerodactyl|Rock Slide|p1a: Floette|[spread] p1b\n|-activate|p1a: Floette|move: Protect\n|-resisted|p1b: Garchomp|1\n|-damage|p1b: Garchomp|21/100 brn\n|cant|p1b: Garchomp|flinch\n|move|p2b: Rotom|Volt Switch|p1a: Floette\n|-activate|p1a: Floette|move: Protect\n|\n|-heal|p2b: Rotom|100/100|[from] item: Leftovers\n|-damage|p1b: Garchomp|15/100 brn|[from] brn\n|upkeep\n|turn|9\n|\n|t:|1776093606\n|move|p2a: Aerodactyl|Rock Slide|p1b: Garchomp|[spread] p1a,p1b\n|-crit|p1a: Floette\n|-resisted|p1b: Garchomp|1\n|-damage|p1a: Floette|0 fnt\n|-damage|p1b: Garchomp|0 fnt\n|faint|p1a: Floette\n|faint|p1b: Garchomp\n|move|p2b: Rotom|Volt Switch|p1: Floette|[notarget]\n|-fail|p2b: Rotom\n|\n|upkeep\n|\n|t:|1776093609\n|switch|p1b: Basculegion|Basculegion, L50, M|100/100\n|switch|p1a: Talonflame|Talonflame, L50, F|100/100\n|turn|10\n|\n|t:|1776093619\n|move|p1a: Talonflame|Tailwind|p1a: Talonflame\n|-sidestart|p1: smp on whimsicott|move: Tailwind\n|move|p1b: Basculegion|Last Respects|p2b: Rotom\n|-damage|p2b: Rotom|0 fnt\n|faint|p2b: Rotom\n|move|p2a: Aerodactyl|Rock Slide|p1b: Basculegion|[spread] p1a,p1b\n|-supereffective|p1a: Talonflame|2\n|-damage|p1a: Talonflame|0 fnt\n|-damage|p1b: Basculegion|62/100\n|faint|p1a: Talonflame\n|\n|upkeep\n|turn|11\n|\n|t:|1776093629\n|move|p2a: Aerodactyl|Protect|p2a: Aerodactyl\n|-singleturn|p2a: Aerodactyl|Protect\n|move|p1b: Basculegion|Last Respects|p2a: Aerodactyl\n|-activate|p2a: Aerodactyl|move: Protect\n|\n|upkeep\n|turn|12\n|\n|t:|1776093637\n|move|p1b: Basculegion|Last Respects|p2a: Aerodactyl\n|-damage|p2a: Aerodactyl|0 fnt\n|faint|p2a: Aerodactyl\n|\n|win|smp on whimsicott\n|raw|smp on whimsicott's rating: 1000 &rarr; <strong>1040</strong><br />(+40 for winning)\n|raw|Zammy24680's rating: 1000 &rarr; <strong>1000</strong><br />(+0 for losing)\n",
  "uploadtime": 1776093637,
  "views": 10,
  "formatid": "gen9championsvgc2026regma",
  "rating": 1000,
  "private": 0,
  "password": null
}