{
  "id": "gen9championsvgc2026regma-2584688965",
  "format": "[Gen 9 Champions] VGC 2026 Reg M-A",
  "players": [
    "ScribbleScribble",
    "youngmegagengar"
  ],
  "log": "|j|\u2606ScribbleScribble\n|j|\u2606youngmegagengar\n|t:|1776276927\n|gametype|doubles\n|player|p1|ScribbleScribble|mina-lgpe|1527\n|player|p2|youngmegagengar|266|1439\n|gen|9\n|tier|[Gen 9 Champions] VGC 2026 Reg M-A\n|rated|\n|rule|Species Clause: Limit one of each Pok\u00e9mon\n|rule|Item Clause: Limit 1 of each item\n|clearpoke\n|poke|p1|Floette-Eternal, L50, F|\n|poke|p1|Sneasler, L50, F|\n|poke|p1|Aerodactyl, L50, M|\n|poke|p1|Kingambit, L50, F|\n|poke|p1|Basculegion, L50, M|\n|poke|p1|Farigiraf, L50, F|\n|poke|p2|Floette-Eternal, L50, F|\n|poke|p2|Sinistcha, L50|\n|poke|p2|Garchomp, L50, F|\n|poke|p2|Talonflame, L50, M|\n|poke|p2|Incineroar, L50, M|\n|poke|p2|Basculegion, L50, M|\n|teampreview|4\n|inactive|Battle timer is ON: inactive players will automatically lose when time's up. (requested by ScribbleScribble)\n|\n|t:|1776276946\n|teamsize|p1|4\n|teamsize|p2|4\n|start\n|switch|p1a: Aerodactyl|Aerodactyl, L50, M|100/100\n|switch|p1b: Kingambit|Kingambit, L50, F|100/100\n|switch|p2a: Garchomp|Garchomp, L50, F|100/100\n|switch|p2b: Talonflame|Talonflame, L50, M|100/100\n|-ability|p1a: Aerodactyl|Unnerve\n|turn|1\n|\n|t:|1776276956\n|move|p1a: Aerodactyl|Rock Slide|p2a: Garchomp|[spread] p2a,p2b\n|-resisted|p2a: Garchomp|1\n|-supereffective|p2b: Talonflame|2\n|-damage|p2a: Garchomp|88/100\n|-enditem|p2b: Talonflame|Focus Sash\n|-damage|p2b: Talonflame|1/100\n|move|p2b: Talonflame|Will-O-Wisp|p1b: Kingambit\n|-status|p1b: Kingambit|brn\n|move|p2a: Garchomp|Dragon Claw|p1a: Aerodactyl\n|-damage|p1a: Aerodactyl|27/100\n|move|p1b: Kingambit|Kowtow Cleave|p2a: Garchomp\n|-damage|p2a: Garchomp|59/100\n|-damage|p1b: Kingambit|88/100 brn|[from] ability: Rough Skin|[of] p2a: Garchomp\n|\n|-damage|p1b: Kingambit|83/100 brn|[from] brn\n|upkeep\n|turn|2\n|inactive|ScribbleScribble has 30 seconds left.\n|\n|t:|1776276986\n|move|p2b: Talonflame|Protect|p2b: Talonflame\n|-singleturn|p2b: Talonflame|Protect\n|move|p1a: Aerodactyl|Rock Slide|p2a: Garchomp|[spread] \n|-activate|p2b: Talonflame|move: Protect\n|-miss|p1a: Aerodactyl|p2a: Garchomp\n|move|p2a: Garchomp|Dragon Claw|p1a: Aerodactyl\n|-damage|p1a: Aerodactyl|0 fnt\n|faint|p1a: Aerodactyl\n|move|p1b: Kingambit|Kowtow Cleave|p2a: Garchomp\n|-damage|p2a: Garchomp|28/100\n|-damage|p1b: Kingambit|70/100 brn|[from] ability: Rough Skin|[of] p2a: Garchomp\n|\n|-damage|p1b: Kingambit|65/100 brn|[from] brn\n|upkeep\n|\n|t:|1776276990\n|switch|p1a: Basculegion|Basculegion, L50, M|100/100\n|turn|3\n|j| uppercut vgc\n|inactive|youngmegagengar has 30 seconds left.\n|inactive|youngmegagengar has 20 seconds left.\n|inactive|youngmegagengar has 15 seconds left.\n|\n|t:|1776277034\n|switch|p2b: Sinistcha|Sinistcha, L50|100/100\n|-heal|p2a: Garchomp|53/100|[from] ability: Hospitality|[of] p2b: Sinistcha\n|move|p1a: Basculegion|Flip Turn|p2b: Sinistcha\n|-resisted|p2b: Sinistcha|1\n|-damage|p2b: Sinistcha|85/100\n|\n|t:|1776277039\n|switch|p1a: Floette|Floette-Eternal, L50, F|100/100|[from] Flip Turn\n|move|p2a: Garchomp|Earthquake|p1b: Kingambit|[spread] p2b,p1a,p1b\n|-resisted|p2b: Sinistcha|1\n|-supereffective|p1b: Kingambit|1\n|-damage|p2b: Sinistcha|70/100\n|-damage|p1a: Floette|40/100\n|-damage|p1b: Kingambit|2/100 brn\n|move|p1b: Kingambit|Kowtow Cleave|p2a: Garchomp\n|-damage|p2a: Garchomp|22/100\n|-damage|p1b: Kingambit|0 fnt|[from] ability: Rough Skin|[of] p2a: Garchomp\n|faint|p1b: Kingambit\n|\n|-heal|p2b: Sinistcha|76/100|[from] item: Leftovers\n|upkeep\n|\n|t:|1776277042\n|switch|p1b: Basculegion|Basculegion, L50, M|100/100\n|turn|4\n|\n|t:|1776277063\n|detailschange|p1a: Floette|Floette-Mega, L50, F\n|-mega|p1a: Floette|Floette|Floettite\n|-ability|p1a: Floette|Fairy Aura\n|move|p1a: Floette|Protect|p1a: Floette\n|-singleturn|p1a: Floette|Protect\n|move|p2b: Sinistcha|Protect|p2b: Sinistcha\n|-singleturn|p2b: Sinistcha|Protect\n|move|p1b: Basculegion|Last Respects|p2b: Sinistcha\n|-activate|p2b: Sinistcha|move: Protect\n|move|p2a: Garchomp|Earthquake|p1a: Floette|[spread] p1b\n|-activate|p2b: Sinistcha|move: Protect\n|-activate|p1a: Floette|move: Protect\n|-damage|p1b: Basculegion|47/100\n|\n|-heal|p2b: Sinistcha|82/100|[from] item: Leftovers\n|upkeep\n|turn|5\n|\n|t:|1776277087\n|move|p1b: Basculegion|Last Respects|p2a: Garchomp\n|-damage|p2a: Garchomp|0 fnt\n|faint|p2a: Garchomp\n|move|p1a: Floette|Dazzling Gleam|p2b: Sinistcha\n|-damage|p2b: Sinistcha|8/100\n|move|p2b: Sinistcha|Matcha Gotcha|p1a: Floette|[spread] p1a,p1b\n|-supereffective|p1b: Basculegion|1\n|-damage|p1a: Floette|22/100\n|-heal|p2b: Sinistcha|16/100|[from] drain|[of] p1a: Floette\n|-damage|p1b: Basculegion|0 fnt\n|-heal|p2b: Sinistcha|42/100|[from] drain|[of] p1b: Basculegion\n|faint|p1b: Basculegion\n|\n|-heal|p2b: Sinistcha|48/100|[from] item: Leftovers\n|upkeep\n|l| uppercut vgc\n|\n|t:|1776277103\n|switch|p2a: Floette|Floette-Eternal, L50, F|100/100\n|turn|6\n|\n|t:|1776277116\n|detailschange|p2a: Floette|Floette-Mega, L50, F\n|-mega|p2a: Floette|Floette|Floettite\n|-ability|p2a: Floette|Fairy Aura\n|move|p2b: Sinistcha|Rage Powder|p2b: Sinistcha\n|-singleturn|p2b: Sinistcha|move: Rage Powder\n|move|p2a: Floette|Moonblast|p1a: Floette\n|-damage|p1a: Floette|0 fnt\n|faint|p1a: Floette\n|\n|win|youngmegagengar\n|raw|ScribbleScribble's rating: 1545 &rarr; <strong>1519</strong><br />(-26 for losing)\n|raw|youngmegagengar's rating: 1439 &rarr; <strong>1465</strong><br />(+26 for winning)\n|l|\u2606ScribbleScribble\n|player|p1|\n",
  "uploadtime": 1776277129,
  "views": 81,
  "formatid": "gen9championsvgc2026regma",
  "rating": 1465,
  "private": 0,
  "password": null
}