{
  "id": "gen9championsvgc2026regma-2585936181",
  "format": "[Gen 9 Champions] VGC 2026 Reg M-A",
  "players": [
    "newbie999999",
    "UdescPlayer"
  ],
  "log": "|j|\u2606newbie999999\n|j|\u2606UdescPlayer\n|t:|1776383010\n|gametype|doubles\n|player|p1|newbie999999|170|1063\n|player|p2|UdescPlayer|169|1003\n|gen|9\n|tier|[Gen 9 Champions] VGC 2026 Reg M-A\n|rated|\n|rule|Species Clause: Limit one of each Pok\u00e9mon\n|rule|Item Clause: Limit 1 of each item\n|clearpoke\n|poke|p1|Hawlucha, L50, M|\n|poke|p1|Krookodile, L50, M|\n|poke|p1|Golurk, L50|\n|poke|p1|Sinistcha, L50|\n|poke|p1|Sandaconda, L50, M|\n|poke|p1|Espathra, L50, M|\n|poke|p2|Tauros-Paldea-Blaze, L50, M|\n|poke|p2|Farigiraf, L50, M|\n|poke|p2|Sneasler, L50, M|\n|poke|p2|Zoroark-Hisui, L50, M|\n|poke|p2|Tinkaton, L50, F|\n|poke|p2|Kangaskhan, L50, F|\n|teampreview|4\n|\n|t:|1776383051\n|teamsize|p1|4\n|teamsize|p2|4\n|start\n|switch|p1a: Sinistcha|Sinistcha, L50, shiny|100/100\n|switch|p1b: Sandaconda|Sandaconda, L50, M, shiny|100/100\n|switch|p2a: Farigiraf|Farigiraf, L50, M|100/100\n|switch|p2b: Sneasler|Sneasler, L50, M|100/100\n|turn|1\n|\n|t:|1776383079\n|move|p2a: Farigiraf|Icy Wind|p1a: Sinistcha|[spread] p1a,p1b\n|-supereffective|p1a: Sinistcha|1\n|-supereffective|p1b: Sandaconda|1\n|-damage|p1a: Sinistcha|72/100\n|-damage|p1b: Sandaconda|68/100\n|-unboost|p1a: Sinistcha|spe|1\n|-unboost|p1b: Sandaconda|spe|1\n|move|p2b: Sneasler|Dire Claw|p1a: Sinistcha\n|-damage|p1a: Sinistcha|37/100\n|move|p1b: Sandaconda|Sandstorm|p1b: Sandaconda\n|-weather|Sandstorm\n|move|p1a: Sinistcha|Strength Sap|p2b: Sneasler\n|-unboost|p2b: Sneasler|atk|1\n|-heal|p1a: Sinistcha|100/100\n|-enditem|p2b: Sneasler|White Herb\n|-clearnegativeboost|p2b: Sneasler|[silent]\n|\n|-weather|Sandstorm|[upkeep]\n|-damage|p2b: Sneasler|95/100|[from] Sandstorm\n|-damage|p2a: Farigiraf|95/100|[from] Sandstorm\n|-damage|p1a: Sinistcha|94/100|[from] Sandstorm\n|upkeep\n|turn|2\n|\n|t:|1776383106\n|move|p1a: Sinistcha|Rage Powder|p1a: Sinistcha\n|-singleturn|p1a: Sinistcha|move: Rage Powder\n|move|p2b: Sneasler|Thief|p1a: Sinistcha\n|-supereffective|p1a: Sinistcha|1\n|-damage|p1a: Sinistcha|56/100\n|-enditem|p1a: Sinistcha|Mental Herb|[silent]|[from] move: Thief|[of] p2b: Sneasler\n|-item|p2b: Sneasler|Mental Herb|[from] move: Thief|[of] p1a: Sinistcha\n|move|p2a: Farigiraf|Icy Wind|p1b: Sandaconda|[spread] p1a,p1b\n|-supereffective|p1a: Sinistcha|1\n|-supereffective|p1b: Sandaconda|1\n|-damage|p1a: Sinistcha|25/100\n|-damage|p1b: Sandaconda|32/100\n|-unboost|p1a: Sinistcha|spe|1\n|-unboost|p1b: Sandaconda|spe|1\n|move|p1b: Sandaconda|Minimize|p1b: Sandaconda\n|-boost|p1b: Sandaconda|evasion|2\n|\n|-weather|Sandstorm|[upkeep]\n|-damage|p2a: Farigiraf|89/100|[from] Sandstorm\n|-damage|p2b: Sneasler|89/100|[from] Sandstorm\n|-damage|p1a: Sinistcha|18/100|[from] Sandstorm\n|upkeep\n|turn|3\n|\n|t:|1776383131\n|switch|p1a: Espathra|Espathra, L50, M, shiny|100/100\n|move|p2a: Farigiraf|Icy Wind|p1b: Sandaconda|[spread] p1a\n|-miss|p2a: Farigiraf|p1b: Sandaconda\n|-damage|p1a: Espathra|82/100\n|-unboost|p1a: Espathra|spe|1\n|move|p2b: Sneasler|Dire Claw|p1a: Espathra\n|-damage|p1a: Espathra|17/100\n|move|p1b: Sandaconda|Minimize|p1b: Sandaconda\n|-boost|p1b: Sandaconda|evasion|2\n|\n|-weather|Sandstorm|[upkeep]\n|-damage|p2a: Farigiraf|83/100|[from] Sandstorm\n|-damage|p2b: Sneasler|83/100|[from] Sandstorm\n|-damage|p1a: Espathra|11/100|[from] Sandstorm\n|-heal|p1a: Espathra|17/100|[from] item: Leftovers\n|upkeep\n|turn|4\n|\n|t:|1776383158\n|switch|p1a: Sinistcha|Sinistcha, L50, shiny|18/100\n|-heal|p1b: Sandaconda|57/100|[from] ability: Hospitality|[of] p1a: Sinistcha\n|move|p2a: Farigiraf|Icy Wind|p1a: Sinistcha|[spread] p1a\n|-miss|p2a: Farigiraf|p1b: Sandaconda\n|-supereffective|p1a: Sinistcha|1\n|-damage|p1a: Sinistcha|0 fnt\n|faint|p1a: Sinistcha\n|move|p2b: Sneasler|Dire Claw|p1b: Sandaconda\n|-resisted|p1b: Sandaconda|1\n|-damage|p1b: Sandaconda|39/100\n|move|p1b: Sandaconda|Minimize|p1b: Sandaconda\n|-boost|p1b: Sandaconda|evasion|2\n|\n|-weather|Sandstorm|[upkeep]\n|-damage|p2a: Farigiraf|77/100|[from] Sandstorm\n|-damage|p2b: Sneasler|77/100|[from] Sandstorm\n|upkeep\n|\n|t:|1776383176\n|switch|p1a: Espathra|Espathra, L50, M, shiny|17/100\n|turn|5\n|\n|t:|1776383205\n|move|p1a: Espathra|Protect|p1a: Espathra\n|-singleturn|p1a: Espathra|Protect\n|move|p2a: Farigiraf|Icy Wind|p1a: Espathra|[spread] \n|-activate|p1a: Espathra|move: Protect\n|-miss|p2a: Farigiraf|p1b: Sandaconda\n|move|p2b: Sneasler|Thief|p1a: Espathra\n|-activate|p1a: Espathra|move: Protect\n|move|p1b: Sandaconda|Rest|p1b: Sandaconda\n|-status|p1b: Sandaconda|slp|[from] move: Rest\n|-heal|p1b: Sandaconda|100/100 slp|[silent]\n|\n|-weather|none\n|-heal|p1a: Espathra|23/100|[from] item: Leftovers\n|upkeep\n|turn|6\n|\n|t:|1776383233\n|move|p1a: Espathra|Psych Up|p1b: Sandaconda\n|-copyboost|p1a: Espathra|p1b: Sandaconda|[from] move: Psych Up\n|move|p2a: Farigiraf|Icy Wind|p1b: Sandaconda|[spread] \n|-miss|p2a: Farigiraf|p1a: Espathra\n|-miss|p2a: Farigiraf|p1b: Sandaconda\n|move|p2b: Sneasler|Acrobatics|p1a: Espathra|[miss]\n|-miss|p2b: Sneasler|p1a: Espathra\n|cant|p1b: Sandaconda|slp\n|\n|-heal|p1a: Espathra|29/100|[from] item: Leftovers\n|upkeep\n|turn|7\n|\n|t:|1776383261\n|move|p2a: Farigiraf|Icy Wind|p1a: Espathra|[spread] \n|-miss|p2a: Farigiraf|p1a: Espathra\n|-miss|p2a: Farigiraf|p1b: Sandaconda\n|move|p2b: Sneasler|Acrobatics|p1a: Espathra|[miss]\n|-miss|p2b: Sneasler|p1a: Espathra\n|move|p1a: Espathra|Baton Pass|p1a: Espathra\n|\n|t:|1776383269\n|switch|p1a: Krookodile|Krookodile, L50, M, shiny|100/100|[from] Baton Pass\n|cant|p1b: Sandaconda|slp\n|\n|upkeep\n|turn|8\n|\n|t:|1776383285\n|move|p1a: Krookodile|Protect|p1a: Krookodile\n|-singleturn|p1a: Krookodile|Protect\n|move|p2a: Farigiraf|Icy Wind|p1b: Sandaconda|[spread] \n|-activate|p1a: Krookodile|move: Protect\n|-miss|p2a: Farigiraf|p1b: Sandaconda\n|move|p2b: Sneasler|Close Combat|p1a: Krookodile\n|-activate|p1a: Krookodile|move: Protect\n|-curestatus|p1b: Sandaconda|slp|[msg]\n|move|p1b: Sandaconda|Sandstorm|p1b: Sandaconda\n|-weather|Sandstorm\n|\n|-weather|Sandstorm|[upkeep]\n|-damage|p2a: Farigiraf|71/100|[from] Sandstorm\n|-damage|p2b: Sneasler|71/100|[from] Sandstorm\n|upkeep\n|turn|9\n|\n|t:|1776383308\n|move|p2a: Farigiraf|Icy Wind|p1b: Sandaconda|[spread] \n|-miss|p2a: Farigiraf|p1a: Krookodile\n|-miss|p2a: Farigiraf|p1b: Sandaconda\n|move|p2b: Sneasler|Close Combat|p1a: Krookodile|[miss]\n|-miss|p2b: Sneasler|p1a: Krookodile\n|move|p1a: Krookodile|Earthquake|p2b: Sneasler|[spread] p2a,p2b\n|-miss|p1a: Krookodile|p1b: Sandaconda\n|-supereffective|p2b: Sneasler|1\n|-damage|p2a: Farigiraf|4/100\n|-damage|p2b: Sneasler|0 fnt\n|replace|p2a: Zoroark|Zoroark-Hisui, L50, M\n|-end|p2a: Zoroark|Illusion\n|faint|p2b: Sneasler\n|-ability|p1a: Krookodile|Moxie|boost\n|-boost|p1a: Krookodile|atk|1\n|move|p1b: Sandaconda|Mud-Slap|p2a: Zoroark\n|-damage|p2a: Zoroark|0 fnt\n|faint|p2a: Zoroark\n|\n|-weather|Sandstorm|[upkeep]\n|upkeep\n|\n|t:|1776383330\n|switch|p2a: Tauros|Tauros-Paldea-Blaze, L50, M|100/100\n|switch|p2b: Farigiraf|Farigiraf, L50, M|100/100\n|-ability|p2a: Tauros|Intimidate|boost\n|-unboost|p1a: Krookodile|atk|1\n|-unboost|p1b: Sandaconda|atk|1\n|turn|10\n|\n|t:|1776383361\n|move|p1a: Krookodile|Protect|p1a: Krookodile\n|-singleturn|p1a: Krookodile|Protect\n|move|p2a: Tauros|Raging Bull|p1a: Krookodile\n|-activate|p1a: Krookodile|move: Protect\n|move|p2b: Farigiraf|Dazzling Gleam|p1b: Sandaconda|[spread] \n|-activate|p1a: Krookodile|move: Protect\n|-miss|p2b: Farigiraf|p1b: Sandaconda\n|move|p1b: Sandaconda|Mud-Slap|p2a: Tauros\n|-supereffective|p2a: Tauros|1\n|-damage|p2a: Tauros|88/100\n|-unboost|p2a: Tauros|accuracy|1\n|\n|-weather|Sandstorm|[upkeep]\n|-damage|p2a: Tauros|82/100|[from] Sandstorm\n|-damage|p2b: Farigiraf|94/100|[from] Sandstorm\n|-heal|p2b: Farigiraf|100/100|[from] item: Leftovers\n|upkeep\n|turn|11\n|-message|UdescPlayer forfeited.\n|\n|win|newbie999999\n|raw|newbie999999's rating: 1063 &rarr; <strong>1088</strong><br />(+25 for winning)\n|raw|UdescPlayer's rating: 1003 &rarr; <strong>1000</strong><br />(-3 for losing)\n|l|\u2606UdescPlayer\n|player|p2|\n",
  "uploadtime": 1776383386,
  "views": 15,
  "formatid": "gen9championsvgc2026regma",
  "rating": 1000,
  "private": 0,
  "password": null
}