{
  "id": "gen9championsvgc2026regma-2582122895",
  "format": "[Gen 9 Champions] VGC 2026 Reg M-A",
  "players": [
    "ConnerTEP",
    "Niko highway"
  ],
  "log": "|j|\u2606ConnerTEP\n|j|\u2606Niko highway\n|t:|1776060884\n|gametype|doubles\n|player|p1|ConnerTEP|acerola-masters2|1308\n|player|p2|Niko highway|266|1385\n|gen|9\n|tier|[Gen 9 Champions] VGC 2026 Reg M-A\n|rated|\n|rule|Species Clause: Limit one of each Pok\u00e9mon\n|rule|Item Clause: Limit 1 of each item\n|clearpoke\n|poke|p1|Farigiraf, L50, M|\n|poke|p1|Crabominable, L50, M|\n|poke|p1|Torkoal, L50, F|\n|poke|p1|Lopunny, L50, F|\n|poke|p1|Incineroar, L50, M|\n|poke|p1|Venusaur, L50, F|\n|poke|p2|Incineroar, L50, F|\n|poke|p2|Conkeldurr, L50, F|\n|poke|p2|Sinistcha, L50|\n|poke|p2|Cofagrigus, L50, F|\n|poke|p2|Drampa, L50, F|\n|poke|p2|Aggron, L50, M|\n|teampreview|4\n|inactive|Battle timer is ON: inactive players will automatically lose when time's up. (requested by ConnerTEP)\n|inactive|ConnerTEP has 60 seconds left.\n|inactive|Niko highway has 60 seconds left.\n|\n|t:|1776060920\n|teamsize|p1|4\n|teamsize|p2|4\n|start\n|switch|p1a: Farigiraf|Farigiraf, L50, M|100/100\n|switch|p1b: Incineroar|Incineroar, L50, M|100/100\n|switch|p2a: Conkeldurr|Conkeldurr, L50, F|100/100\n|switch|p2b: Cofagrigus|Cofagrigus, L50, F|100/100\n|-ability|p1b: Incineroar|Intimidate|boost\n|-unboost|p2a: Conkeldurr|atk|1\n|-unboost|p2b: Cofagrigus|atk|1\n|turn|1\n|\n|t:|1776060933\n|switch|p2a: Incineroar|Incineroar, L50, F|100/100\n|-ability|p2a: Incineroar|Intimidate|boost\n|-unboost|p1a: Farigiraf|atk|1\n|-unboost|p1b: Incineroar|atk|1\n|move|p1b: Incineroar|Throat Chop|p2b: Cofagrigus\n|-supereffective|p2b: Cofagrigus|1\n|-damage|p2b: Cofagrigus|73/100\n|-start|p2b: Cofagrigus|Throat Chop|[silent]\n|-activate|p2b: Cofagrigus|ability: Mummy|p1b: Incineroar|[ability] Intimidate\n|move|p1a: Farigiraf|Dazzling Gleam|p2b: Cofagrigus|[spread] p2a,p2b\n|-damage|p2a: Incineroar|86/100\n|-damage|p2b: Cofagrigus|59/100\n|move|p2b: Cofagrigus|Body Press|p1b: Incineroar\n|-supereffective|p1b: Incineroar|1\n|-damage|p1b: Incineroar|37/100\n|\n|-heal|p2b: Cofagrigus|65/100|[from] item: Leftovers\n|upkeep\n|turn|2\n|inactive|ConnerTEP has 30 seconds left.\n|\n|t:|1776060960\n|move|p1b: Incineroar|Throat Chop|p2b: Cofagrigus\n|-supereffective|p2b: Cofagrigus|1\n|-damage|p2b: Cofagrigus|35/100\n|move|p2a: Incineroar|Throat Chop|p1a: Farigiraf\n|-supereffective|p1a: Farigiraf|1\n|-damage|p1a: Farigiraf|36/100\n|-start|p1a: Farigiraf|Throat Chop|[silent]\n|move|p1a: Farigiraf|Trick Room|p1a: Farigiraf\n|-fieldstart|move: Trick Room|[of] p1a: Farigiraf\n|move|p2b: Cofagrigus|Trick Room|p2b: Cofagrigus\n|-fieldend|move: Trick Room\n|\n|-heal|p2b: Cofagrigus|42/100|[from] item: Leftovers\n|-end|p2b: Cofagrigus|Throat Chop|[silent]\n|upkeep\n|turn|3\n|j| redyrqu\n|\n|t:|1776060982\n|move|p1b: Incineroar|Throat Chop|p2b: Cofagrigus\n|-supereffective|p2b: Cofagrigus|1\n|-damage|p2b: Cofagrigus|14/100\n|-start|p2b: Cofagrigus|Throat Chop|[silent]\n|move|p2a: Incineroar|Throat Chop|p1a: Farigiraf\n|-supereffective|p1a: Farigiraf|1\n|-damage|p1a: Farigiraf|0 fnt\n|faint|p1a: Farigiraf\n|move|p2b: Cofagrigus|Body Press|p1b: Incineroar\n|-supereffective|p1b: Incineroar|1\n|-damage|p1b: Incineroar|0 fnt\n|faint|p1b: Incineroar\n|\n|-heal|p2b: Cofagrigus|20/100|[from] item: Leftovers\n|upkeep\n|\n|t:|1776060987\n|switch|p1b: Torkoal|Torkoal, L50, F|100/100\n|switch|p1a: Crabominable|Crabominable, L50, M|100/100\n|-weather|SunnyDay|[from] ability: Drought|[of] p1b: Torkoal\n|turn|4\n|l| redyrqu\n|j| A11335588996622\n|\n|t:|1776061007\n|move|p1a: Crabominable|Protect|p1a: Crabominable\n|-singleturn|p1a: Crabominable|Protect\n|move|p2a: Incineroar|Parting Shot|p1a: Crabominable\n|-activate|p1a: Crabominable|move: Protect\n|move|p2b: Cofagrigus|Shadow Ball|p1b: Torkoal\n|-damage|p1b: Torkoal|63/100\n|move|p1b: Torkoal|Eruption|p2a: Incineroar|[spread] p2a,p2b\n|-resisted|p2a: Incineroar|1\n|-damage|p2a: Incineroar|61/100\n|-damage|p2b: Cofagrigus|0 fnt\n|faint|p2b: Cofagrigus\n|\n|-weather|SunnyDay|[upkeep]\n|upkeep\n|\n|t:|1776061024\n|switch|p2b: Conkeldurr|Conkeldurr, L50, F|100/100\n|turn|5\n|\n|t:|1776061034\n|detailschange|p1a: Crabominable|Crabominable-Mega, L50, M\n|-mega|p1a: Crabominable|Crabominable|Crabominite\n|move|p2a: Incineroar|Throat Chop|p1b: Torkoal\n|-damage|p1b: Torkoal|31/100\n|-start|p1b: Torkoal|Throat Chop|[silent]\n|move|p2b: Conkeldurr|Drain Punch|p1a: Crabominable\n|-supereffective|p1a: Crabominable|1\n|-damage|p1a: Crabominable|5/100\n|move|p1a: Crabominable|Drain Punch|p2a: Incineroar\n|-supereffective|p2a: Incineroar|1\n|-damage|p2a: Incineroar|0 fnt\n|-heal|p1a: Crabominable|36/100|[from] drain|[of] p2a: Incineroar\n|faint|p2a: Incineroar\n|move|p1b: Torkoal|Weather Ball|p2b: Conkeldurr\n|-damage|p2b: Conkeldurr|9/100\n|\n|-weather|SunnyDay|[upkeep]\n|upkeep\n|\n|t:|1776061041\n|switch|p2a: Drampa|Drampa, L50, F|100/100\n|-ability|p2a: Drampa|Cloud Nine\n|turn|6\n|inactive|ConnerTEP has 30 seconds left.\n|\n|t:|1776061068\n|move|p1a: Crabominable|Mach Punch|p2b: Conkeldurr\n|-damage|p2b: Conkeldurr|0 fnt\n|faint|p2b: Conkeldurr\n|move|p2a: Drampa|Dragon Pulse|p1b: Torkoal\n|-damage|p1b: Torkoal|0 fnt\n|faint|p1b: Torkoal\n|\n|-weather|SunnyDay|[upkeep]\n|upkeep\n|turn|7\n|\n|t:|1776061076\n|move|p1a: Crabominable|Drain Punch|p2a: Drampa\n|-supereffective|p2a: Drampa|1\n|-crit|p2a: Drampa\n|-enditem|p2a: Drampa|Chople Berry|[eat]\n|-enditem|p2a: Drampa|Chople Berry|[weaken]\n|-damage|p2a: Drampa|2/100\n|-heal|p1a: Crabominable|81/100|[from] drain|[of] p2a: Drampa\n|move|p2a: Drampa|Hyper Voice|p1a: Crabominable\n|-damage|p1a: Crabominable|37/100\n|\n|-weather|SunnyDay|[upkeep]\n|upkeep\n|turn|8\n|\n|t:|1776061084\n|move|p1a: Crabominable|Mach Punch|p2a: Drampa\n|-supereffective|p2a: Drampa|1\n|-damage|p2a: Drampa|0 fnt\n|faint|p2a: Drampa\n|\n|win|ConnerTEP\n|raw|ConnerTEP's rating: 1308 &rarr; <strong>1332</strong><br />(+24 for winning)\n|raw|Niko highway's rating: 1385 &rarr; <strong>1361</strong><br />(-24 for losing)\n|l|\u2606ConnerTEP\n|player|p1|\n|c|\u2606Niko highway|gg\n",
  "uploadtime": 1776061098,
  "views": 75,
  "formatid": "gen9championsvgc2026regma",
  "rating": 1332,
  "private": 0,
  "password": null
}