{
  "id": "gen9championsvgc2026regma-2581766477",
  "format": "[Gen 9 Champions] VGC 2026 Reg M-A",
  "players": [
    "NEONxTOKYO",
    "pepitoito"
  ],
  "log": "|j|\u2606NEONxTOKYO\n|j|\u2606pepitoito\n|t:|1776026758\n|gametype|doubles\n|player|p1|NEONxTOKYO|unknown|1179\n|player|p2|pepitoito|miku-ghost|1159\n|gen|9\n|tier|[Gen 9 Champions] VGC 2026 Reg M-A\n|rated|\n|rule|Species Clause: Limit one of each Pok\u00e9mon\n|rule|Item Clause: Limit 1 of each item\n|clearpoke\n|poke|p1|Garchomp, L50, M|\n|poke|p1|Tyranitar, L50, M|\n|poke|p1|Excadrill, L50, M|\n|poke|p1|Corviknight, L50, M|\n|poke|p1|Rotom-Wash, L50|\n|poke|p1|Archaludon, L50, F|\n|poke|p2|Garchomp, L50, F|\n|poke|p2|Liepard, L50, F|\n|poke|p2|Tyranitar, L50, F|\n|poke|p2|Kangaskhan, L50, F|\n|poke|p2|Talonflame, L50, F|\n|poke|p2|Rotom-Mow, L50|\n|teampreview|4\n|inactive|Battle timer is ON: inactive players will automatically lose when time's up. (requested by NEONxTOKYO)\n|\n|t:|1776026802\n|teamsize|p1|4\n|teamsize|p2|4\n|start\n|switch|p1a: Tyranitar|Tyranitar, L50, M|100/100\n|switch|p1b: Excadrill|Excadrill, L50, M|100/100\n|switch|p2a: Garchomp|Garchomp, L50, F|100/100\n|switch|p2b: Talonflame|Talonflame, L50, F|100/100\n|-weather|Sandstorm|[from] ability: Sand Stream|[of] p1a: Tyranitar\n|turn|1\n|\n|t:|1776026821\n|switch|p1a: Rotom|Rotom-Wash, L50|100/100\n|move|p2b: Talonflame|Tailwind|p2b: Talonflame\n|-sidestart|p2: pepitoito|move: Tailwind\n|move|p2a: Garchomp|Earthquake|p1a: Rotom|[spread] p1b\n|-immune|p2b: Talonflame\n|-immune|p1a: Rotom|[from] ability: Levitate\n|-supereffective|p1b: Excadrill|1\n|-enditem|p1b: Excadrill|Focus Sash\n|-damage|p1b: Excadrill|1/100\n|move|p1b: Excadrill|Rock Slide|p2b: Talonflame|[spread] p2a,p2b\n|-resisted|p2a: Garchomp|1\n|-supereffective|p2b: Talonflame|2\n|-damage|p2a: Garchomp|91/100\n|-damage|p2b: Talonflame|0 fnt\n|faint|p2b: Talonflame\n|\n|-weather|Sandstorm|[upkeep]\n|-damage|p1a: Rotom|95/100|[from] Sandstorm\n|upkeep\n|inactive|pepitoito has 30 seconds left.\n|\n|t:|1776026846\n|switch|p2b: Rotom|Rotom-Mow, L50|100/100\n|turn|2\n|\n|t:|1776026862\n|switch|p1a: Corviknight|Corviknight, L50, M|100/100\n|move|p1b: Excadrill|Protect|p1b: Excadrill\n|-singleturn|p1b: Excadrill|Protect\n|move|p2a: Garchomp|Earthquake|p1b: Excadrill|[spread] \n|-activate|p1b: Excadrill|move: Protect\n|-immune|p2b: Rotom|[from] ability: Levitate\n|-immune|p1a: Corviknight\n|move|p2b: Rotom|Discharge|p1a: Corviknight|[spread] p1a\n|-activate|p1b: Excadrill|move: Protect\n|-immune|p2a: Garchomp\n|-supereffective|p1a: Corviknight|1\n|-damage|p1a: Corviknight|48/100\n|\n|-weather|Sandstorm|[upkeep]\n|-damage|p2b: Rotom|95/100|[from] Sandstorm\n|-heal|p2b: Rotom|100/100|[from] item: Leftovers\n|-heal|p1a: Corviknight|54/100|[from] item: Leftovers\n|upkeep\n|turn|3\n|inactive|NEONxTOKYO has 30 seconds left.\n|inactive|pepitoito has 30 seconds left.\n|inactive|NEONxTOKYO has 20 seconds left.\n|\n|t:|1776026902\n|switch|p2a: Tyranitar|Tyranitar, L50, F|100/100\n|move|p1b: Excadrill|Iron Head|p2a: Tyranitar\n|-supereffective|p2a: Tyranitar|1\n|-damage|p2a: Tyranitar|15/100\n|move|p2b: Rotom|Volt Switch|p1a: Corviknight\n|-supereffective|p1a: Corviknight|1\n|-damage|p1a: Corviknight|0 fnt\n|faint|p1a: Corviknight\n|\n|t:|1776026911\n|switch|p2b: Garchomp|Garchomp, L50, F|91/100|[from] Volt Switch\n|\n|-weather|Sandstorm|[upkeep]\n|upkeep\n|\n|t:|1776026916\n|switch|p1a: Rotom|Rotom-Wash, L50|95/100\n|turn|4\n|\n|t:|1776026933\n|move|p1b: Excadrill|Protect|p1b: Excadrill\n|-singleturn|p1b: Excadrill|Protect\n|move|p2b: Garchomp|Rock Slide|p1b: Excadrill|[spread] p1a\n|-activate|p1b: Excadrill|move: Protect\n|-damage|p1a: Rotom|74/100\n|move|p2a: Tyranitar|Rock Slide|p1a: Rotom|[spread] p1a\n|-activate|p1b: Excadrill|move: Protect\n|-damage|p1a: Rotom|36/100\n|-enditem|p1a: Rotom|Sitrus Berry|[eat]\n|-heal|p1a: Rotom|60/100|[from] item: Sitrus Berry\n|move|p1a: Rotom|Will-O-Wisp|p2b: Garchomp\n|-status|p2b: Garchomp|brn\n|\n|-weather|Sandstorm|[upkeep]\n|-damage|p1a: Rotom|55/100|[from] Sandstorm\n|-damage|p2b: Garchomp|85/100 brn|[from] brn\n|-sideend|p2: pepitoito|move: Tailwind\n|upkeep\n|turn|5\n|inactive|NEONxTOKYO has 30 seconds left.\n|\n|t:|1776026963\n|move|p2a: Tyranitar|Protect|p2a: Tyranitar\n|-singleturn|p2a: Tyranitar|Protect\n|move|p1a: Rotom|Protect|p1a: Rotom\n|-singleturn|p1a: Rotom|Protect\n|move|p1b: Excadrill|Iron Head|p2a: Tyranitar\n|-activate|p2a: Tyranitar|move: Protect\n|move|p2b: Garchomp|Rock Slide|p1a: Rotom|[spread] p1b\n|-activate|p1a: Rotom|move: Protect\n|-resisted|p1b: Excadrill|2\n|-damage|p1b: Excadrill|0 fnt\n|faint|p1b: Excadrill\n|\n|-weather|none\n|-damage|p2b: Garchomp|79/100 brn|[from] brn\n|upkeep\n|\n|t:|1776026965\n|switch|p1b: Tyranitar|Tyranitar, L50, M|100/100\n|-weather|Sandstorm|[from] ability: Sand Stream|[of] p1b: Tyranitar\n|turn|6\n|\n|t:|1776026986\n|switch|p2b: Rotom|Rotom-Mow, L50|100/100\n|detailschange|p1b: Tyranitar|Tyranitar-Mega, L50, M\n|-mega|p1b: Tyranitar|Tyranitar|Tyranitarite\n|move|p1b: Tyranitar|Protect|p1b: Tyranitar\n|-singleturn|p1b: Tyranitar|Protect\n|move|p2a: Tyranitar|Rock Slide|p1a: Rotom|[spread] p1a\n|-activate|p1b: Tyranitar|move: Protect\n|-damage|p1a: Rotom|16/100\n|cant|p1a: Rotom|flinch\n|\n|-weather|Sandstorm|[upkeep]\n|-damage|p1a: Rotom|10/100|[from] Sandstorm\n|-damage|p2b: Rotom|95/100|[from] Sandstorm\n|-heal|p2b: Rotom|100/100|[from] item: Leftovers\n|upkeep\n|turn|7\n|inactive|NEONxTOKYO has 30 seconds left.\n|\n|t:|1776027013\n|move|p2a: Tyranitar|Rock Slide|p1b: Tyranitar|[spread] p1a,p1b\n|-damage|p1a: Rotom|0 fnt\n|-damage|p1b: Tyranitar|75/100\n|faint|p1a: Rotom\n|move|p2b: Rotom|Leaf Storm|p1b: Tyranitar\n|-supereffective|p1b: Tyranitar|1\n|-damage|p1b: Tyranitar|9/100\n|-unboost|p2b: Rotom|spa|2\n|move|p1b: Tyranitar|Crunch|p2b: Rotom\n|-damage|p2b: Rotom|45/100\n|\n|-weather|Sandstorm|[upkeep]\n|-damage|p2b: Rotom|39/100|[from] Sandstorm\n|-heal|p2b: Rotom|45/100|[from] item: Leftovers\n|upkeep\n|turn|8\n|\n|t:|1776027035\n|move|p2a: Tyranitar|Knock Off|p1b: Tyranitar\n|-resisted|p1b: Tyranitar|1\n|-damage|p1b: Tyranitar|0 fnt\n|faint|p1b: Tyranitar\n|\n|win|pepitoito\n|raw|NEONxTOKYO's rating: 1179 &rarr; <strong>1153</strong><br />(-26 for losing)\n|raw|pepitoito's rating: 1159 &rarr; <strong>1185</strong><br />(+26 for winning)\n",
  "uploadtime": 1776027035,
  "views": 13,
  "formatid": "gen9championsvgc2026regma",
  "rating": 1153,
  "private": 0,
  "password": null
}