{
  "id": "gen9championsvgc2026regma-2588827786",
  "format": "[Gen 9 Champions] VGC 2026 Reg M-A",
  "players": [
    "Kpro1234",
    "esperanzasaltas"
  ],
  "log": "|j|\u2606Kpro1234\n|j|\u2606esperanzasaltas\n|t:|1776675766\n|gametype|doubles\n|player|p1|Kpro1234|steven|1251\n|player|p2|esperanzasaltas|wattson|1238\n|gen|9\n|tier|[Gen 9 Champions] VGC 2026 Reg M-A\n|rated|\n|rule|Species Clause: Limit one of each Pok\u00e9mon\n|rule|Item Clause: Limit 1 of each item\n|clearpoke\n|poke|p1|Golurk, L50, shiny|\n|poke|p1|Farigiraf, L50, M|\n|poke|p1|Incineroar, L50, M|\n|poke|p1|Torkoal, L50, F|\n|poke|p1|Sneasler, L50, F|\n|poke|p1|Venusaur, L50, F, shiny|\n|poke|p2|Tyranitar, L50, M|\n|poke|p2|Excadrill, L50, M|\n|poke|p2|Kommo-o, L50, M|\n|poke|p2|Sinistcha, L50|\n|poke|p2|Incineroar, L50, F|\n|poke|p2|Corviknight, L50, F|\n|teampreview|4\n|inactive|Battle timer is ON: inactive players will automatically lose when time's up. (requested by Kpro1234)\n|inactive|esperanzasaltas has 60 seconds left.\n|\n|t:|1776675798\n|teamsize|p1|4\n|teamsize|p2|4\n|start\n|switch|p1a: Farigiraf|Farigiraf, L50, M|100/100\n|switch|p1b: Incineroar|Incineroar, L50, M|100/100\n|switch|p2a: Tyranitar|Tyranitar, L50, M|100/100\n|switch|p2b: Excadrill|Excadrill, L50, M|100/100\n|-weather|Sandstorm|[from] ability: Sand Stream|[of] p2a: Tyranitar\n|-ability|p1b: Incineroar|Intimidate|boost\n|-unboost|p2a: Tyranitar|atk|1\n|-unboost|p2b: Excadrill|atk|1\n|turn|1\n|inactive|esperanzasaltas has 30 seconds left.\n|\n|t:|1776675826\n|move|p2b: Excadrill|High Horsepower|p1a: Farigiraf\n|-damage|p1a: Farigiraf|72/100\n|move|p2a: Tyranitar|Crunch|p1a: Farigiraf\n|-supereffective|p1a: Farigiraf|1\n|-damage|p1a: Farigiraf|24/100\n|-enditem|p1a: Farigiraf|Sitrus Berry|[eat]\n|-heal|p1a: Farigiraf|48/100|[from] item: Sitrus Berry\n|move|p1b: Incineroar|Parting Shot|p2b: Excadrill\n|-unboost|p2b: Excadrill|atk|1\n|-unboost|p2b: Excadrill|spa|1\n|inactive|Kpro1234 has 30 seconds left.\n|inactive|Kpro1234 has 20 seconds left.\n|inactive|Kpro1234 has 15 seconds left.\n|\n|t:|1776675868\n|switch|p1b: Torkoal|Torkoal, L50, F|100/100|[from] Parting Shot\n|-weather|SunnyDay|[from] ability: Drought|[of] p1b: Torkoal\n|move|p1a: Farigiraf|Trick Room|p1a: Farigiraf\n|-fieldstart|move: Trick Room|[of] p1a: Farigiraf\n|\n|-weather|SunnyDay|[upkeep]\n|upkeep\n|turn|2\n|\n|t:|1776675887\n|detailschange|p2a: Tyranitar|Tyranitar-Mega, L50, M\n|-mega|p2a: Tyranitar|Tyranitar|Tyranitarite\n|-weather|Sandstorm|[from] ability: Sand Stream|[of] p2a: Tyranitar\n|move|p1b: Torkoal|Eruption|p2b: Excadrill|[spread] p2a,p2b\n|-resisted|p2a: Tyranitar|1\n|-supereffective|p2b: Excadrill|1\n|-damage|p2a: Tyranitar|84/100\n|-enditem|p2b: Excadrill|Focus Sash\n|-damage|p2b: Excadrill|1/100\n|move|p1a: Farigiraf|Hyper Voice|p2a: Tyranitar|[spread] p2a,p2b\n|-resisted|p2a: Tyranitar|1\n|-resisted|p2b: Excadrill|1\n|-damage|p2a: Tyranitar|76/100\n|-damage|p2b: Excadrill|0 fnt\n|faint|p2b: Excadrill\n|move|p2a: Tyranitar|Rock Slide|p1a: Farigiraf|[spread] p1a,p1b\n|-crit|p1a: Farigiraf\n|-supereffective|p1b: Torkoal|1\n|-damage|p1a: Farigiraf|4/100\n|-damage|p1b: Torkoal|60/100\n|\n|-weather|Sandstorm|[upkeep]\n|-damage|p1b: Torkoal|54/100|[from] Sandstorm\n|-damage|p1a: Farigiraf|0 fnt|[from] Sandstorm\n|faint|p1a: Farigiraf\n|upkeep\n|\n|t:|1776675910\n|switch|p1a: Golurk|Golurk, L50, shiny|100/100\n|switch|p2b: Incineroar|Incineroar, L50, F|100/100\n|-ability|p2b: Incineroar|Intimidate|boost\n|-unboost|p1a: Golurk|atk|1\n|-unboost|p1b: Torkoal|atk|1\n|turn|3\n|\n|t:|1776675934\n|switch|p1b: Incineroar|Incineroar, L50, M|100/100\n|-ability|p1b: Incineroar|Intimidate|boost\n|-unboost|p2a: Tyranitar|atk|1\n|-unboost|p2b: Incineroar|atk|1\n|switch|p2a: Corviknight|Corviknight, L50, F|100/100\n|detailschange|p1a: Golurk|Golurk-Mega, L50, shiny\n|-mega|p1a: Golurk|Golurk|Golurkite\n|move|p1a: Golurk|Headlong Rush|p2a: Corviknight\n|-immune|p2a: Corviknight\n|move|p2b: Incineroar|Parting Shot|p1a: Golurk\n|-unboost|p1a: Golurk|atk|1\n|-unboost|p1a: Golurk|spa|1\n|\n|t:|1776675949\n|switch|p2b: Tyranitar|Tyranitar-Mega, L50, M|76/100|[from] Parting Shot\n|\n|-weather|Sandstorm|[upkeep]\n|-damage|p1b: Incineroar|94/100|[from] Sandstorm\n|upkeep\n|turn|4\n|inactive|esperanzasaltas has 30 seconds left.\n|\n|t:|1776675975\n|switch|p1a: Torkoal|Torkoal, L50, F|54/100\n|-weather|SunnyDay|[from] ability: Drought|[of] p1a: Torkoal\n|move|p1b: Incineroar|Fake Out|p2b: Tyranitar\n|-resisted|p2b: Tyranitar|1\n|-damage|p2b: Tyranitar|73/100\n|move|p2a: Corviknight|Bulk Up|p2a: Corviknight\n|-boost|p2a: Corviknight|atk|1\n|-boost|p2a: Corviknight|def|1\n|cant|p2b: Tyranitar|flinch\n|\n|-weather|SunnyDay|[upkeep]\n|upkeep\n|turn|5\n|\n|t:|1776675998\n|switch|p2a: Incineroar|Incineroar, L50, F|100/100\n|-ability|p2a: Incineroar|Intimidate|boost\n|-unboost|p1a: Torkoal|atk|1\n|-unboost|p1b: Incineroar|atk|1\n|move|p1a: Torkoal|Weather Ball|p2a: Incineroar\n|-resisted|p2a: Incineroar|1\n|-damage|p2a: Incineroar|65/100\n|move|p1b: Incineroar|Parting Shot|p2b: Tyranitar\n|-unboost|p2b: Tyranitar|atk|1\n|-unboost|p2b: Tyranitar|spa|1\n|\n|t:|1776676008\n|switch|p1b: Golurk|Golurk-Mega, L50, shiny|100/100|[from] Parting Shot\n|move|p2b: Tyranitar|Rock Slide|p1b: Golurk|[spread] p1a\n|-miss|p2b: Tyranitar|p1b: Golurk\n|-supereffective|p1a: Torkoal|1\n|-damage|p1a: Torkoal|17/100\n|\n|-weather|SunnyDay|[upkeep]\n|-fieldend|move: Trick Room\n|upkeep\n|turn|6\n|\n|t:|1776676030\n|move|p2b: Tyranitar|Protect|p2b: Tyranitar\n|-singleturn|p2b: Tyranitar|Protect\n|move|p2a: Incineroar|Parting Shot|p1b: Golurk\n|-unboost|p1b: Golurk|atk|1\n|-unboost|p1b: Golurk|spa|1\n|\n|t:|1776676036\n|switch|p2a: Corviknight|Corviknight, L50, F|100/100|[from] Parting Shot\n|move|p1b: Golurk|Headlong Rush|p2a: Corviknight\n|-immune|p2a: Corviknight\n|move|p1a: Torkoal|Heat Wave|p2b: Tyranitar|[spread] p2a\n|-activate|p2b: Tyranitar|move: Protect\n|-supereffective|p2a: Corviknight|1\n|-enditem|p2a: Corviknight|Occa Berry|[eat]\n|-enditem|p2a: Corviknight|Occa Berry|[weaken]\n|-damage|p2a: Corviknight|54/100\n|\n|-weather|SunnyDay|[upkeep]\n|upkeep\n|turn|7\n|inactive|esperanzasaltas has 30 seconds left.\n|\n|t:|1776676066\n|switch|p2b: Incineroar|Incineroar, L50, F|65/100\n|-ability|p2b: Incineroar|Intimidate|boost\n|-unboost|p1a: Torkoal|atk|1\n|-unboost|p1b: Golurk|atk|1\n|switch|p1b: Incineroar|Incineroar, L50, M|94/100\n|-ability|p1b: Incineroar|Intimidate|boost\n|-ability|p2a: Corviknight|Mirror Armor\n|-unboost|p1b: Incineroar|atk|1\n|-unboost|p2b: Incineroar|atk|1\n|move|p1a: Torkoal|Protect|p1a: Torkoal\n|-singleturn|p1a: Torkoal|Protect\n|move|p2a: Corviknight|Brave Bird|p1a: Torkoal\n|-activate|p1a: Torkoal|move: Protect\n|\n|-weather|SunnyDay|[upkeep]\n|upkeep\n|turn|8\n|\n|t:|1776676090\n|switch|p1a: Golurk|Golurk-Mega, L50, shiny|100/100\n|move|p2b: Incineroar|Fake Out|p1a: Golurk\n|-immune|p1a: Golurk\n|move|p2a: Corviknight|Brave Bird|p1a: Golurk\n|-damage|p1a: Golurk|69/100\n|-damage|p2a: Corviknight|44/100|[from] Recoil\n|move|p1b: Incineroar|Flare Blitz|p2a: Corviknight\n|-supereffective|p2a: Corviknight|1\n|-damage|p2a: Corviknight|0 fnt\n|faint|p2a: Corviknight\n|-damage|p1b: Incineroar|80/100|[from] Recoil\n|\n|-weather|none\n|upkeep\n|\n|t:|1776676095\n|switch|p2a: Tyranitar|Tyranitar-Mega, L50, M|73/100\n|-weather|Sandstorm|[from] ability: Sand Stream|[of] p2a: Tyranitar\n|turn|9\n|\n|t:|1776676117\n|switch|p1b: Torkoal|Torkoal, L50, F|17/100\n|-weather|SunnyDay|[from] ability: Drought|[of] p1b: Torkoal\n|move|p2a: Tyranitar|Crunch|p1a: Golurk\n|-supereffective|p1a: Golurk|1\n|-damage|p1a: Golurk|0 fnt\n|faint|p1a: Golurk\n|move|p2b: Incineroar|Throat Chop|p1b: Torkoal\n|-damage|p1b: Torkoal|0 fnt\n|faint|p1b: Torkoal\n|\n|-weather|SunnyDay|[upkeep]\n|upkeep\n|\n|t:|1776676125\n|switch|p1b: Incineroar|Incineroar, L50, M|80/100\n|-ability|p1b: Incineroar|Intimidate|boost\n|-unboost|p2a: Tyranitar|atk|1\n|-unboost|p2b: Incineroar|atk|1\n|turn|10\n|\n|t:|1776676140\n|move|p2a: Tyranitar|Protect|p2a: Tyranitar\n|-singleturn|p2a: Tyranitar|Protect\n|move|p1b: Incineroar|Flare Blitz|p2a: Tyranitar\n|-activate|p2a: Tyranitar|move: Protect\n|move|p2b: Incineroar|Flare Blitz|p1b: Incineroar\n|-resisted|p1b: Incineroar|1\n|-damage|p1b: Incineroar|66/100\n|-damage|p2b: Incineroar|60/100|[from] Recoil\n|\n|-weather|SunnyDay|[upkeep]\n|upkeep\n|turn|11\n|\n|t:|1776676156\n|move|p2a: Tyranitar|Rock Slide|p1b: Incineroar\n|-supereffective|p1b: Incineroar|1\n|-damage|p1b: Incineroar|17/100\n|move|p1b: Incineroar|Parting Shot|p2a: Tyranitar\n|-unboost|p2a: Tyranitar|atk|1\n|-unboost|p2a: Tyranitar|spa|1\n|move|p2b: Incineroar|Parting Shot|p1b: Incineroar\n|-unboost|p1b: Incineroar|atk|1\n|-unboost|p1b: Incineroar|spa|1\n|\n|-weather|SunnyDay|[upkeep]\n|upkeep\n|turn|12\n|\n|t:|1776676168\n|move|p2a: Tyranitar|Rock Slide|p1b: Incineroar\n|-supereffective|p1b: Incineroar|1\n|-damage|p1b: Incineroar|0 fnt\n|faint|p1b: Incineroar\n|\n|win|esperanzasaltas\n|raw|Kpro1234's rating: 1251 &rarr; <strong>1225</strong><br />(-26 for losing)\n|raw|esperanzasaltas's rating: 1238 &rarr; <strong>1264</strong><br />(+26 for winning)\n|l|\u2606esperanzasaltas\n|player|p2|\n",
  "uploadtime": 1776676176,
  "views": 12,
  "formatid": "gen9championsvgc2026regma",
  "rating": 1225,
  "private": 0,
  "password": null
}