{
  "id": "gen9championsvgc2026regma-2587818670",
  "format": "[Gen 9 Champions] VGC 2026 Reg M-A",
  "players": [
    "loklastaji",
    "pokemanwomanman"
  ],
  "log": "|j|\u2606loklastaji\n|j|\u2606pokemanwomanman\n|t:|1776567170\n|gametype|doubles\n|player|p1|loklastaji|102|1240\n|player|p2|pokemanwomanman|265|1198\n|gen|9\n|tier|[Gen 9 Champions] VGC 2026 Reg M-A\n|rated|\n|rule|Species Clause: Limit one of each Pok\u00e9mon\n|rule|Item Clause: Limit 1 of each item\n|clearpoke\n|poke|p1|Samurott-Hisui, L50, M|\n|poke|p1|Delphox, L50, M|\n|poke|p1|Tinkaton, L50, F|\n|poke|p1|Decidueye-Hisui, L50, M|\n|poke|p1|Dragonite, L50, F|\n|poke|p1|Farigiraf, L50, F|\n|poke|p2|Ninetales-Alola, L50, F|\n|poke|p2|Aggron, L50, M|\n|poke|p2|Sinistcha, L50|\n|poke|p2|Incineroar, L50, F|\n|poke|p2|Aerodactyl, L50, F|\n|poke|p2|Rotom-Wash, L50|\n|teampreview|4\n|inactive|Battle timer is ON: inactive players will automatically lose when time's up. (requested by pokemanwomanman)\npokemanwomanman rejected open team sheets.\n|inactive|loklastaji has 60 seconds left.\n|inactive|pokemanwomanman has 60 seconds left.\n|\n|t:|1776567228\n|teamsize|p1|4\n|teamsize|p2|4\n|start\n|switch|p1a: Tinkaton|Tinkaton, L50, F|100/100\n|switch|p1b: Decidueye|Decidueye-Hisui, L50, M|100/100\n|switch|p2a: Incineroar|Incineroar, L50, F|100/100\n|switch|p2b: Aerodactyl|Aerodactyl, L50, F|100/100\n|-ability|p2b: Aerodactyl|Unnerve\n|-ability|p2a: Incineroar|Intimidate|boost\n|-fail|p1a: Tinkaton|unboost|Attack|[from] ability: Own Tempo|[of] p1a: Tinkaton\n|-fail|p1b: Decidueye|unboost|Attack|[from] ability: Scrappy|[of] p1b: Decidueye\n|turn|1\n|\n|t:|1776567246\n|switch|p2a: Rotom|Rotom-Wash, L50|100/100\n|move|p2b: Aerodactyl|Protect|p2b: Aerodactyl\n|-singleturn|p2b: Aerodactyl|Protect\n|move|p1a: Tinkaton|Fake Out|p2a: Rotom\n|-damage|p2a: Rotom|86/100\n|move|p1b: Decidueye|Close Combat|p2a: Rotom\n|-damage|p2a: Rotom|14/100\n|-unboost|p1b: Decidueye|def|1\n|-unboost|p1b: Decidueye|spd|1\n|\n|upkeep\n|turn|2\n|inactive|loklastaji has 30 seconds left.\n|inactive|loklastaji has 20 seconds left.\n|\n|t:|1776567283\n|move|p1a: Tinkaton|Protect|p1a: Tinkaton\n|-singleturn|p1a: Tinkaton|Protect\n|move|p2a: Rotom|Volt Switch|p1a: Tinkaton\n|-activate|p1a: Tinkaton|move: Protect\n|move|p2b: Aerodactyl|Dual Wingbeat|p1b: Decidueye\n|-supereffective|p1b: Decidueye|2\n|-damage|p1b: Decidueye|0 fnt\n|faint|p1b: Decidueye\n|-hitcount|p1: Decidueye|1\n|\n|upkeep\n|\n|t:|1776567303\n|switch|p1b: Delphox|Delphox, L50, M|100/100\n|turn|3\n|\n|t:|1776567315\n|detailschange|p1b: Delphox|Delphox-Mega, L50, M\n|-mega|p1b: Delphox|Delphox|Delphoxite\n|move|p2a: Rotom|Volt Switch|p1b: Delphox\n|-damage|p1b: Delphox|64/100\n|\n|t:|1776567321\n|switch|p2a: Incineroar|Incineroar, L50, F|100/100|[from] Volt Switch\n|-ability|p2a: Incineroar|Intimidate|boost\n|-fail|p1a: Tinkaton|unboost|Attack|[from] ability: Own Tempo|[of] p1a: Tinkaton\n|-unboost|p1b: Delphox|atk|1\n|move|p1b: Delphox|Heat Wave|p2b: Aerodactyl|[spread] p2a,p2b\n|-resisted|p2a: Incineroar|1\n|-resisted|p2b: Aerodactyl|1\n|-damage|p2a: Incineroar|86/100\n|-damage|p2b: Aerodactyl|71/100\n|move|p2b: Aerodactyl|Tailwind|p2b: Aerodactyl\n|-sidestart|p2: pokemanwomanman|move: Tailwind\n|move|p1a: Tinkaton|Gigaton Hammer|p2b: Aerodactyl\n|-supereffective|p2b: Aerodactyl|1\n|-damage|p2b: Aerodactyl|0 fnt\n|faint|p2b: Aerodactyl\n|\n|upkeep\n|\n|t:|1776567336\n|switch|p2b: Rotom|Rotom-Wash, L50|14/100\n|turn|4\n|\n|t:|1776567345\n|move|p1b: Delphox|Protect|p1b: Delphox\n|-singleturn|p1b: Delphox|Protect\n|move|p1a: Tinkaton|Protect|p1a: Tinkaton\n|-singleturn|p1a: Tinkaton|Protect\n|move|p2b: Rotom|Hydro Pump|p1b: Delphox\n|-activate|p1b: Delphox|move: Protect\n|move|p2a: Incineroar|Snarl|p1a: Tinkaton|[spread] \n|-activate|p1a: Tinkaton|move: Protect\n|-activate|p1b: Delphox|move: Protect\n|\n|upkeep\n|turn|5\n|inactive|pokemanwomanman has 30 seconds left.\n|\n|t:|1776567376\n|switch|p1b: Samurott|Samurott-Hisui, L50, M|100/100\n|move|p2b: Rotom|Hydro Pump|p1a: Tinkaton\n|-damage|p1a: Tinkaton|44/100\n|move|p2a: Incineroar|Parting Shot|p1a: Tinkaton\n|-unboost|p1a: Tinkaton|atk|1\n|-unboost|p1a: Tinkaton|spa|1\n|\n|t:|1776567383\n|switch|p2a: Aggron|Aggron, L50, M|100/100|[from] Parting Shot\n|move|p1a: Tinkaton|Gigaton Hammer|p2b: Rotom\n|-resisted|p2b: Rotom|2\n|-damage|p2b: Rotom|3/100\n|\n|upkeep\n|turn|6\n|inactive|loklastaji has 30 seconds left.\n|\n|t:|1776567411\n|switch|p2b: Incineroar|Incineroar, L50, F|86/100\n|-ability|p2b: Incineroar|Intimidate|boost\n|-fail|p1a: Tinkaton|unboost|Attack|[from] ability: Own Tempo|[of] p1a: Tinkaton\n|-unboost|p1b: Samurott|atk|1\n|-enditem|p1b: Samurott|White Herb\n|-clearnegativeboost|p1b: Samurott|[silent]\n|switch|p1b: Delphox|Delphox-Mega, L50, M|64/100\n|detailschange|p2a: Aggron|Aggron-Mega, L50, M\n|-mega|p2a: Aggron|Aggron|Aggronite\n|move|p1a: Tinkaton|Protect|p1a: Tinkaton\n|-singleturn|p1a: Tinkaton|Protect\n|move|p2a: Aggron|Iron Defense|p2a: Aggron\n|-boost|p2a: Aggron|def|2\n|\n|-sideend|p2: pokemanwomanman|move: Tailwind\n|upkeep\n|turn|7\n|inactive|pokemanwomanman has 30 seconds left.\n|inactive|pokemanwomanman has 20 seconds left.\n|\n|t:|1776567447\n|switch|p1a: Samurott|Samurott-Hisui, L50, M|100/100\n|move|p1b: Delphox|Protect|p1b: Delphox\n|-singleturn|p1b: Delphox|Protect\n|move|p2b: Incineroar|Snarl|p1a: Samurott|[spread] p1a\n|-activate|p1b: Delphox|move: Protect\n|-resisted|p1a: Samurott|1\n|-damage|p1a: Samurott|93/100\n|-unboost|p1a: Samurott|spa|1\n|move|p2a: Aggron|Body Press|p1b: Delphox\n|-activate|p1b: Delphox|move: Protect\n|\n|upkeep\n|turn|8\n|\n|t:|1776567466\n|move|p1b: Delphox|Heat Wave|p2a: Aggron|[spread] p2a,p2b\n|-supereffective|p2a: Aggron|1\n|-resisted|p2b: Incineroar|1\n|-damage|p2a: Aggron|44/100\n|-damage|p2b: Incineroar|72/100\n|move|p1a: Samurott|Sacred Sword|p2a: Aggron\n|-supereffective|p2a: Aggron|1\n|-damage|p2a: Aggron|10/100\n|move|p2b: Incineroar|Parting Shot|p1a: Samurott\n|-unboost|p1a: Samurott|atk|1\n|-unboost|p1a: Samurott|spa|1\n|\n|t:|1776567475\n|switch|p2b: Rotom|Rotom-Wash, L50|3/100|[from] Parting Shot\n|move|p2a: Aggron|Body Press|p1b: Delphox\n|-resisted|p1b: Delphox|1\n|-damage|p1b: Delphox|13/100\n|\n|upkeep\n|turn|9\n|\n|t:|1776567485\n|move|p2a: Aggron|Protect|p2a: Aggron\n|-singleturn|p2a: Aggron|Protect\n|move|p1a: Samurott|Sucker Punch|p2b: Rotom\n|-damage|p2b: Rotom|0 fnt\n|faint|p2b: Rotom\n|move|p1b: Delphox|Heat Wave|p2a: Aggron\n|-activate|p2a: Aggron|move: Protect\n|\n|upkeep\n|\n|t:|1776567492\n|switch|p2b: Incineroar|Incineroar, L50, F|72/100\n|-ability|p2b: Incineroar|Intimidate|boost\n|-unboost|p1a: Samurott|atk|1\n|-unboost|p1b: Delphox|atk|1\n|turn|10\n|-message|pokemanwomanman forfeited.\n|\n|win|loklastaji\n|raw|loklastaji's rating: 1186 &rarr; <strong>1212</strong><br />(+26 for winning)\n|raw|pokemanwomanman's rating: 1198 &rarr; <strong>1172</strong><br />(-26 for losing)\n|l|\u2606pokemanwomanman\n|player|p2|\n",
  "uploadtime": 1776567500,
  "views": 14,
  "formatid": "gen9championsvgc2026regma",
  "rating": 1172,
  "private": 0,
  "password": null
}