{
  "id": "gen9championsvgc2026regma-2581120980",
  "format": "[Gen 9 Champions] VGC 2026 Reg M-A",
  "players": [
    "mightybeans",
    "AveDominusLux"
  ],
  "log": "|j|\u2606mightybeans\n|j|\u2606AveDominusLux\n|t:|1775961878\n|gametype|doubles\n|player|p1|mightybeans|265|1048\n|player|p2|AveDominusLux|winona|1056\n|gen|9\n|tier|[Gen 9 Champions] VGC 2026 Reg M-A\n|rated|\n|rule|Species Clause: Limit one of each Pok\u00e9mon\n|rule|Item Clause: Limit 1 of each item\n|clearpoke\n|poke|p1|Altaria, L50, M|\n|poke|p1|Alakazam, L50, M|\n|poke|p1|Farigiraf, L50, F|\n|poke|p1|Incineroar, L50, M|\n|poke|p1|Maushold-Four, L50|\n|poke|p1|Aegislash, L50, F|\n|poke|p2|Incineroar, L50, F|\n|poke|p2|Whimsicott, L50, M|\n|poke|p2|Glimmora, L50, M|\n|poke|p2|Pelipper, L50, F|\n|poke|p2|Basculegion, L50, M|\n|poke|p2|Archaludon, L50, F|\n|teampreview|4\n|\n|t:|1775961917\n|teamsize|p1|4\n|teamsize|p2|4\n|start\n|switch|p1a: Altaria|Altaria, L50, M|100/100\n|switch|p1b: Alakazam|Alakazam, L50, M|100/100\n|switch|p2a: Glimmora|Glimmora, L50, M|100/100\n|switch|p2b: Basculegion|Basculegion, L50, M|100/100\n|-ability|p1a: Altaria|Cloud Nine\n|turn|1\n|\n|t:|1775961960\n|detailschange|p1b: Alakazam|Alakazam-Mega, L50, M\n|-mega|p1b: Alakazam|Alakazam|Alakazite\n|-ability|p1b: Alakazam|Toxic Debris|Trace|[from] ability: Trace|[of] p2a: Glimmora\n|detailschange|p2a: Glimmora|Glimmora-Mega, L50, M\n|-mega|p2a: Glimmora|Glimmora|Glimmoranite\n|move|p1b: Alakazam|Protect|p1b: Alakazam\n|-singleturn|p1b: Alakazam|Protect\n|move|p2a: Glimmora|Power Gem|p1a: Altaria\n|-supereffective|p1a: Altaria|1\n|-damage|p1a: Altaria|0 fnt\n|faint|p1a: Altaria\n|move|p2b: Basculegion|Liquidation|p1b: Alakazam\n|-activate|p1b: Alakazam|move: Protect\n|\n|upkeep\n|\n|t:|1775961983\n|switch|p1a: Incineroar|Incineroar, L50, M|100/100\n|-ability|p1a: Incineroar|Intimidate|boost\n|-unboost|p2a: Glimmora|atk|1\n|-unboost|p2b: Basculegion|atk|1\n|turn|2\n|\n|t:|1775962005\n|switch|p2b: Incineroar|Incineroar, L50, F|100/100\n|-ability|p2b: Incineroar|Intimidate|boost\n|-unboost|p1a: Incineroar|atk|1\n|-unboost|p1b: Alakazam|atk|1\n|switch|p1a: Aegislash|Aegislash, L50, F|100/100\n|move|p2a: Glimmora|Spiky Shield|p2a: Glimmora\n|-singleturn|p2a: Glimmora|move: Protect\n|move|p1b: Alakazam|Expanding Force|p2a: Glimmora\n|-activate|p2a: Glimmora|move: Protect\n|\n|upkeep\n|turn|3\n|\n|t:|1775962058\n|switch|p1b: Incineroar|Incineroar, L50, M|100/100\n|-ability|p1b: Incineroar|Intimidate|boost\n|-unboost|p2a: Glimmora|atk|1\n|-unboost|p2b: Incineroar|atk|1\n|move|p2b: Incineroar|Fake Out|p1b: Incineroar\n|-damage|p1b: Incineroar|94/100\n|move|p2a: Glimmora|Earth Power|p1a: Aegislash\n|-supereffective|p1a: Aegislash|1\n|-damage|p1a: Aegislash|42/100\n|move|p1a: Aegislash|Swords Dance|p1a: Aegislash\n|-boost|p1a: Aegislash|atk|2\n|\n|upkeep\n|turn|4\n|\n|t:|1775962103\n|move|p2a: Glimmora|Spiky Shield|p2a: Glimmora\n|-singleturn|p2a: Glimmora|move: Protect\n|move|p1b: Incineroar|Fake Out|p2b: Incineroar\n|-damage|p2b: Incineroar|91/100\n|cant|p2b: Incineroar|flinch\n|-formechange|p1a: Aegislash|Aegislash-Blade|\n|move|p1a: Aegislash|Iron Head|p2a: Glimmora\n|-activate|p2a: Glimmora|move: Protect\n|-damage|p1a: Aegislash|30/100|[from] Spiky Shield|[of] p2a: Glimmora\n|\n|upkeep\n|turn|5\n|l|\u2606mightybeans\n|player|p1|\n|j|\u2606mightybeans\n|player|p1|mightybeans|265|\n|\n|t:|1775962133\n|move|p1a: Aegislash|Shadow Sneak|p2a: Glimmora\n|-damage|p2a: Glimmora|44/100\n|move|p2a: Glimmora|Earth Power|p1a: Aegislash\n|-supereffective|p1a: Aegislash|1\n|-damage|p1a: Aegislash|0 fnt\n|faint|p1a: Aegislash\n|move|p2b: Incineroar|Parting Shot|p1b: Incineroar\n|-unboost|p1b: Incineroar|atk|1\n|-unboost|p1b: Incineroar|spa|1\n|inactive|Battle timer is ON: inactive players will automatically lose when time's up. (requested by mightybeans)\n|\n|t:|1775962181\n|switch|p2b: Archaludon|Archaludon, L50, F|100/100|[from] Parting Shot\n|move|p1b: Incineroar|Throat Chop|p2a: Glimmora\n|-damage|p2a: Glimmora|20/100\n|-start|p2a: Glimmora|Throat Chop|[silent]\n|\n|upkeep\n|\n|t:|1775962188\n|switch|p1a: Alakazam|Alakazam-Mega, L50, M|100/100\n|-ability|p1a: Alakazam|Adaptability|Trace|[from] ability: Trace|[of] p2a: Glimmora\n|turn|6\n|\n|t:|1775962203\n|move|p1a: Alakazam|Psychic Terrain|p1a: Alakazam\n|-fieldstart|move: Psychic Terrain\n|move|p2a: Glimmora|Power Gem|p1b: Incineroar\n|-supereffective|p1b: Incineroar|1\n|-damage|p1b: Incineroar|0 fnt\n|faint|p1b: Incineroar\n|move|p2b: Archaludon|Draco Meteor|p1a: Alakazam\n|-damage|p1a: Alakazam|13/100\n|-unboost|p2b: Archaludon|spa|2\n|-enditem|p2b: Archaludon|White Herb\n|-clearnegativeboost|p2b: Archaludon|[silent]\n|\n|-end|p2a: Glimmora|Throat Chop|[silent]\n|upkeep\n|turn|7\n|n|!mightybeans|mightybeans\n|inactive|AveDominusLux has 30 seconds left.\n|inactive|mightybeans has 30 seconds left.\n|-message|mightybeans forfeited.\n|\n|win|AveDominusLux\n",
  "uploadtime": 1775962227,
  "views": 10,
  "formatid": "gen9championsvgc2026regma",
  "rating": null,
  "private": 0,
  "password": null
}