{
  "id": "gen9championsvgc2026regma-2587196396",
  "format": "[Gen 9 Champions] VGC 2026 Reg M-A",
  "players": [
    "opik8",
    "Triplo su Presenza"
  ],
  "log": "|j|\u2606opik8\n|j|\u2606Triplo su Presenza\n|t:|1776507454\n|gametype|doubles\n|player|p1|opik8|colress|1425\n|player|p2|Triplo su Presenza|170|1513\n|gen|9\n|tier|[Gen 9 Champions] VGC 2026 Reg M-A\n|rated|\n|rule|Species Clause: Limit one of each Pok\u00e9mon\n|rule|Item Clause: Limit 1 of each item\n|clearpoke\n|poke|p1|Basculegion, L50, M|\n|poke|p1|Archaludon, L50, M|\n|poke|p1|Incineroar, L50, F|\n|poke|p1|Glimmora, L50, M|\n|poke|p1|Kingambit, L50, M|\n|poke|p1|Pelipper, L50, M|\n|poke|p2|Excadrill, L50, F|\n|poke|p2|Tyranitar, L50, M|\n|poke|p2|Sneasler, L50, F|\n|poke|p2|Floette-Eternal, L50, F|\n|poke|p2|Corviknight, L50, M|\n|poke|p2|Rotom-Wash, L50|\n|teampreview|4\n|inactive|Battle timer is ON: inactive players will automatically lose when time's up. (requested by opik8)\n|j| miinhumc\n|inactive|opik8 has 60 seconds left.\n|\n|t:|1776507490\n|teamsize|p1|4\n|teamsize|p2|4\n|start\n|switch|p1a: Basculegion|Basculegion, L50, M|100/100\n|switch|p1b: Kingambit|Kingambit, L50, M|100/100\n|switch|p2a: Rotom|Rotom-Wash, L50|100/100\n|switch|p2b: Sneasler|Sneasler, L50, F|100/100\n|turn|1\n|\n|t:|1776507514\n|move|p1b: Kingambit|Protect|p1b: Kingambit\n|-singleturn|p1b: Kingambit|Protect\n|move|p1a: Basculegion|Flip Turn|p2b: Sneasler\n|-damage|p2b: Sneasler|37/100\n|\n|t:|1776507519\n|switch|p1a: Glimmora|Glimmora, L50, M|100/100|[from] Flip Turn\n|move|p2a: Rotom|Volt Switch|p1b: Kingambit\n|-activate|p1b: Kingambit|move: Protect\n|move|p2b: Sneasler|Close Combat|p1b: Kingambit\n|-activate|p1b: Kingambit|move: Protect\n|\n|upkeep\n|turn|2\n|\n|t:|1776507534\n|detailschange|p1a: Glimmora|Glimmora-Mega, L50, M\n|-mega|p1a: Glimmora|Glimmora|Glimmoranite\n|move|p1b: Kingambit|Sucker Punch|p2a: Rotom\n|-damage|p2a: Rotom|38/100\n|move|p2a: Rotom|Volt Switch|p1b: Kingambit\n|-damage|p1b: Kingambit|72/100\n|\n|t:|1776507542\n|switch|p2a: Tyranitar|Tyranitar, L50, M|100/100|[from] Volt Switch\n|-weather|Sandstorm|[from] ability: Sand Stream|[of] p2a: Tyranitar\n|move|p2b: Sneasler|Close Combat|p1a: Glimmora\n|-damage|p1a: Glimmora|30/100\n|-unboost|p2b: Sneasler|def|1\n|-unboost|p2b: Sneasler|spd|1\n|-enditem|p2b: Sneasler|White Herb\n|-clearnegativeboost|p2b: Sneasler|[silent]\n|move|p1a: Glimmora|Sludge Wave|p2a: Tyranitar|[spread] p2a,p2b\n|-immune|p1b: Kingambit\n|-resisted|p2a: Tyranitar|1\n|-resisted|p2b: Sneasler|1\n|-damage|p2a: Tyranitar|84/100\n|-damage|p2b: Sneasler|0 fnt\n|faint|p2b: Sneasler\n|\n|-weather|Sandstorm|[upkeep]\n|upkeep\n|\n|t:|1776507558\n|switch|p2b: Excadrill|Excadrill, L50, F|100/100\n|turn|3\n|inactive|Triplo su Presenza has 30 seconds left.\n|\n|t:|1776507586\n|switch|p1a: Pelipper|Pelipper, L50, M|100/100\n|-weather|RainDance|[from] ability: Drizzle|[of] p1a: Pelipper\n|detailschange|p2a: Tyranitar|Tyranitar-Mega, L50, M\n|-mega|p2a: Tyranitar|Tyranitar|Tyranitarite\n|-weather|Sandstorm|[from] ability: Sand Stream|[of] p2a: Tyranitar\n|move|p1b: Kingambit|Protect|p1b: Kingambit\n|-singleturn|p1b: Kingambit|Protect\n|move|p2b: Excadrill|Iron Head|p1a: Pelipper\n|-resisted|p1a: Pelipper|1\n|-damage|p1a: Pelipper|72/100\n|move|p2a: Tyranitar|Superpower|p1b: Kingambit\n|-activate|p1b: Kingambit|move: Protect\n|\n|-weather|Sandstorm|[upkeep]\n|-damage|p1a: Pelipper|66/100|[from] Sandstorm\n|upkeep\n|turn|4\n|\n|t:|1776507604\n|switch|p2a: Rotom|Rotom-Wash, L50|38/100\n|move|p1a: Pelipper|Protect|p1a: Pelipper\n|-singleturn|p1a: Pelipper|Protect\n|move|p2b: Excadrill|Rock Slide|p1a: Pelipper|[spread] p1b\n|-activate|p1a: Pelipper|move: Protect\n|-resisted|p1b: Kingambit|1\n|-crit|p1b: Kingambit\n|-damage|p1b: Kingambit|59/100\n|cant|p1b: Kingambit|flinch\n|\n|-weather|Sandstorm|[upkeep]\n|-damage|p2a: Rotom|33/100|[from] Sandstorm\n|-damage|p1a: Pelipper|60/100|[from] Sandstorm\n|upkeep\n|turn|5\n|inactive|opik8 has 30 seconds left.\n|\n|t:|1776507630\n|switch|p2a: Tyranitar|Tyranitar-Mega, L50, M|84/100\n|switch|p1a: Glimmora|Glimmora-Mega, L50, M|30/100\n|move|p1b: Kingambit|Protect|p1b: Kingambit\n|-singleturn|p1b: Kingambit|Protect\n|move|p2b: Excadrill|High Horsepower|p1b: Kingambit\n|-activate|p1b: Kingambit|move: Protect\n|\n|-weather|Sandstorm|[upkeep]\n|upkeep\n|turn|6\n|j| ken077\n|\n|t:|1776507652\n|switch|p1b: Pelipper|Pelipper, L50, M|60/100\n|-weather|RainDance|[from] ability: Drizzle|[of] p1b: Pelipper\n|move|p1a: Glimmora|Spiky Shield|p1a: Glimmora\n|-singleturn|p1a: Glimmora|move: Protect\n|move|p2b: Excadrill|High Horsepower|p1b: Pelipper\n|-immune|p1b: Pelipper\n|move|p2a: Tyranitar|Knock Off|p1a: Glimmora\n|-activate|p1a: Glimmora|move: Protect\n|-damage|p2a: Tyranitar|72/100|[from] Spiky Shield|[of] p1a: Glimmora\n|\n|-weather|RainDance|[upkeep]\n|upkeep\n|turn|7\n|inactive|Triplo su Presenza has 30 seconds left.\n|\n|t:|1776507680\n|move|p2a: Tyranitar|Protect|p2a: Tyranitar\n|-singleturn|p2a: Tyranitar|Protect\n|move|p1a: Glimmora|Power Gem|p2a: Tyranitar\n|-activate|p2a: Tyranitar|move: Protect\n|move|p2b: Excadrill|Rock Slide|p1b: Pelipper|[spread] p1a,p1b\n|-supereffective|p1b: Pelipper|1\n|-damage|p1a: Glimmora|8/100\n|-damage|p1b: Pelipper|0 fnt\n|faint|p1b: Pelipper\n|\n|-weather|RainDance|[upkeep]\n|upkeep\n|l| ken077\n|\n|t:|1776507691\n|switch|p1b: Basculegion|Basculegion, L50, M|100/100\n|turn|8\n|j| ken077\n|\n|t:|1776507697\n|switch|p2a: Rotom|Rotom-Wash, L50|33/100\n|move|p2b: Excadrill|Protect|p2b: Excadrill\n|-singleturn|p2b: Excadrill|Protect\n|move|p1b: Basculegion|Flip Turn|p2b: Excadrill\n|-activate|p2b: Excadrill|move: Protect\n|move|p1a: Glimmora|Power Gem|p2a: Rotom\n|-damage|p2a: Rotom|0 fnt\n|faint|p2a: Rotom\n|\n|-weather|RainDance|[upkeep]\n|upkeep\n|\n|t:|1776507706\n|switch|p2a: Tyranitar|Tyranitar-Mega, L50, M|72/100\n|-weather|Sandstorm|[from] ability: Sand Stream|[of] p2a: Tyranitar\n|turn|9\n|\n|t:|1776507718\n|move|p1a: Glimmora|Spiky Shield|p1a: Glimmora\n|-singleturn|p1a: Glimmora|move: Protect\n|move|p2b: Excadrill|Rock Slide|p1a: Glimmora|[spread] p1b\n|-activate|p1a: Glimmora|move: Protect\n|-damage|p1b: Basculegion|73/100\n|cant|p1b: Basculegion|flinch\n|move|p2a: Tyranitar|Rock Slide|p1a: Glimmora|[spread] p1b\n|-activate|p1a: Glimmora|move: Protect\n|-damage|p1b: Basculegion|27/100\n|\n|-weather|Sandstorm|[upkeep]\n|-damage|p1b: Basculegion|21/100|[from] Sandstorm\n|upkeep\n|turn|10\n|inactive|Triplo su Presenza has 30 seconds left.\n|inactive|Triplo su Presenza has 20 seconds left.\n|c|\u2606opik8|You won gg man\n|\n|t:|1776507755\n|move|p2b: Excadrill|Rock Slide|p1a: Glimmora|[spread] p1a,p1b\n|-damage|p1a: Glimmora|0 fnt\n|-damage|p1b: Basculegion|0 fnt\n|faint|p1a: Glimmora\n|faint|p1b: Basculegion\n|move|p2a: Tyranitar|Superpower|p1: Glimmora|[notarget]\n|-fail|p2a: Tyranitar\n|\n|-weather|Sandstorm|[upkeep]\n|upkeep\n|c|\u2606opik8|Double flinch unlucky\n|\n|t:|1776507765\n|switch|p1b: Kingambit|Kingambit, L50, M|59/100\n|turn|11\n|\n|t:|1776507770\n|move|p1b: Kingambit|Protect|p1b: Kingambit\n|-singleturn|p1b: Kingambit|Protect\n|move|p2b: Excadrill|High Horsepower|p1b: Kingambit\n|-activate|p1b: Kingambit|move: Protect\n|move|p2a: Tyranitar|Superpower|p1b: Kingambit\n|-activate|p1b: Kingambit|move: Protect\n|\n|-weather|Sandstorm|[upkeep]\n|upkeep\n|turn|12\n|\n|t:|1776507778\n|move|p2b: Excadrill|High Horsepower|p1b: Kingambit\n|-supereffective|p1b: Kingambit|1\n|-damage|p1b: Kingambit|0 fnt\n|faint|p1b: Kingambit\n|\n|win|Triplo su Presenza\n|raw|opik8's rating: 1425 &rarr; <strong>1410</strong><br />(-15 for losing)\n|raw|Triplo su Presenza's rating: 1513 &rarr; <strong>1528</strong><br />(+15 for winning)\n|l|\u2606Triplo su Presenza\n|player|p2|\n|l|\u2606opik8\n|player|p1|\n|l| ken077\n",
  "uploadtime": 1776507797,
  "views": 24,
  "formatid": "gen9championsvgc2026regma",
  "rating": 1410,
  "private": 0,
  "password": null
}