{
  "id": "gen9championsvgc2026regma-2583100341",
  "format": "[Gen 9 Champions] VGC 2026 Reg M-A",
  "players": [
    "Uber Threat",
    "dkapflzksh"
  ],
  "log": "|j|\u2606Uber Threat\n|j|\u2606dkapflzksh\n|t:|1776142003\n|gametype|doubles\n|player|p1|Uber Threat|102|1400\n|player|p2|dkapflzksh|scientist-gen4dp|1359\n|gen|9\n|tier|[Gen 9 Champions] VGC 2026 Reg M-A\n|rated|\n|rule|Species Clause: Limit one of each Pok\u00e9mon\n|rule|Item Clause: Limit 1 of each item\n|clearpoke\n|poke|p1|Emboar, L50, M|\n|poke|p1|Sinistcha, L50|\n|poke|p1|Sneasler, L50, F|\n|poke|p1|Tsareena, L50, F|\n|poke|p1|Torkoal, L50, M|\n|poke|p1|Gyarados, L50, M|\n|poke|p2|Pelipper, L50, F|\n|poke|p2|Basculegion, L50, M|\n|poke|p2|Dragonite, L50, M|\n|poke|p2|Archaludon, L50, F|\n|poke|p2|Sableye, L50, F|\n|poke|p2|Incineroar, L50, M|\n|teampreview|4\n|\n|t:|1776142028\n|teamsize|p1|4\n|teamsize|p2|4\n|start\n|switch|p1a: Emboar|Emboar, L50, M|100/100\n|switch|p1b: Sinistcha|Sinistcha, L50|100/100\n|switch|p2a: Sableye|Sableye, L50, F|100/100\n|switch|p2b: Basculegion|Basculegion, L50, M, shiny|100/100\n|turn|1\n|inactive|Battle timer is ON: inactive players will automatically lose when time's up. (requested by Uber Threat)\n|\n|t:|1776142051\n|detailschange|p1a: Emboar|Emboar-Mega, L50, M\n|-mega|p1a: Emboar|Emboar|Emboarite\n|-ability|p1a: Emboar|Mold Breaker\n|move|p1b: Sinistcha|Rage Powder|p1b: Sinistcha\n|-singleturn|p1b: Sinistcha|move: Rage Powder\n|move|p2a: Sableye|Rain Dance|p2a: Sableye\n|-weather|RainDance\n|move|p2b: Basculegion|Flip Turn|p1b: Sinistcha\n|-resisted|p1b: Sinistcha|1\n|-damage|p1b: Sinistcha|81/100\n|\n|t:|1776142059\n|switch|p2b: Dragonite|Dragonite, L50, M, shiny|100/100|[from] Flip Turn\n|move|p1a: Emboar|Bulk Up|p1a: Emboar\n|-boost|p1a: Emboar|atk|1\n|-boost|p1a: Emboar|def|1\n|\n|-weather|RainDance|[upkeep]\n|upkeep\n|turn|2\n|inactive|Uber Threat has 30 seconds left.\n|\n|t:|1776142087\n|detailschange|p2b: Dragonite|Dragonite-Mega, L50, M, shiny\n|-mega|p2b: Dragonite|Dragonite|Dragoninite\n|move|p1b: Sinistcha|Rage Powder|p1b: Sinistcha\n|-singleturn|p1b: Sinistcha|move: Rage Powder\n|move|p1a: Emboar|Sucker Punch|p2b: Dragonite\n|-damage|p2b: Dragonite|59/100\n|move|p2a: Sableye|Encore|p1b: Sinistcha\n|-start|p1b: Sinistcha|Encore\n|move|p2b: Dragonite|Hurricane|p1b: Sinistcha\n|-supereffective|p1b: Sinistcha|1\n|-damage|p1b: Sinistcha|0 fnt\n|faint|p1b: Sinistcha\n|\n|-weather|RainDance|[upkeep]\n|upkeep\n|\n|t:|1776142105\n|switch|p1b: Sneasler|Sneasler, L50, F|100/100\n|turn|3\n|inactive|Uber Threat has 30 seconds left.\n|\n|t:|1776142131\n|move|p2b: Dragonite|Protect|p2b: Dragonite\n|-singleturn|p2b: Dragonite|Protect\n|move|p1a: Emboar|Sucker Punch||[still]\n|-fail|p1a: Emboar\n|move|p2a: Sableye|Disable|p1a: Emboar\n|-start|p1a: Emboar|Disable|Sucker Punch\n|move|p1b: Sneasler|Coaching|p1a: Emboar\n|-boost|p1a: Emboar|atk|1\n|-boost|p1a: Emboar|def|1\n|\n|-weather|RainDance|[upkeep]\n|upkeep\n|turn|4\n|inactive|Uber Threat has 30 seconds left.\n|\n|t:|1776142158\n|switch|p1b: Torkoal|Torkoal, L50, M|100/100\n|-weather|SunnyDay|[from] ability: Drought|[of] p1b: Torkoal\n|move|p2a: Sableye|Encore||[still]\n|-fail|p2a: Sableye\n|move|p2b: Dragonite|Hurricane|p1a: Emboar|[miss]\n|-miss|p2b: Dragonite|p1a: Emboar\n|move|p1a: Emboar|Temper Flare|p2b: Dragonite\n|-resisted|p2b: Dragonite|1\n|-damage|p2b: Dragonite|0 fnt\n|faint|p2b: Dragonite\n|\n|-weather|SunnyDay|[upkeep]\n|upkeep\n|\n|t:|1776142178\n|switch|p2b: Basculegion|Basculegion, L50, M, shiny|100/100\n|turn|5\n|\n|t:|1776142197\n|switch|p1a: Sneasler|Sneasler, L50, F|100/100\n|move|p2a: Sableye|Rain Dance|p2a: Sableye\n|-weather|RainDance\n|move|p2b: Basculegion|Flip Turn|p1b: Torkoal\n|-supereffective|p1b: Torkoal|1\n|-damage|p1b: Torkoal|45/100\n|\n|t:|1776142203\n|switch|p2b: Archaludon|Archaludon, L50, F, shiny|100/100|[from] Flip Turn\n|move|p1b: Torkoal|Yawn|p2b: Archaludon\n|-start|p2b: Archaludon|move: Yawn|[of] p1b: Torkoal\n|\n|-weather|RainDance|[upkeep]\n|upkeep\n|turn|6\n|\n|t:|1776142221\n|switch|p1b: Emboar|Emboar-Mega, L50, M|100/100\n|-ability|p1b: Emboar|Mold Breaker\n|move|p2a: Sableye|Thunder Wave|p1a: Sneasler|[miss]\n|-miss|p2a: Sableye|p1a: Sneasler\n|move|p1a: Sneasler|Dire Claw|p2a: Sableye\n|-resisted|p2a: Sableye|1\n|-damage|p2a: Sableye|73/100\n|move|p2b: Archaludon|Electro Shot||[still]\n|-prepare|p2b: Archaludon|Electro Shot\n|-boost|p2b: Archaludon|spa|1\n|-anim|p2b: Archaludon|Electro Shot|p1a: Sneasler\n|-damage|p1a: Sneasler|16/100\n|\n|-weather|RainDance|[upkeep]\n|-end|p2b: Archaludon|move: Yawn|[silent]\n|-status|p2b: Archaludon|slp\n|upkeep\n|turn|7\n|inactive|dkapflzksh has 30 seconds left.\n|inactive|dkapflzksh has 20 seconds left.\n|\n|t:|1776142258\n|switch|p1a: Torkoal|Torkoal, L50, M|45/100\n|-weather|SunnyDay|[from] ability: Drought|[of] p1a: Torkoal\n|move|p2a: Sableye|Thunder Wave|p1b: Emboar\n|-status|p1b: Emboar|par\n|cant|p2b: Archaludon|slp\n|move|p1b: Emboar|Temper Flare|p2a: Sableye\n|-damage|p2a: Sableye|0 fnt\n|faint|p2a: Sableye\n|\n|-weather|SunnyDay|[upkeep]\n|upkeep\n|\n|t:|1776142276\n|switch|p2a: Basculegion|Basculegion, L50, M, shiny|100/100\n|turn|8\n|\n|t:|1776142293\n|move|p1a: Torkoal|Helping Hand|p1b: Emboar\n|-singleturn|p1b: Emboar|Helping Hand|[of] p1a: Torkoal\n|move|p2a: Basculegion|Last Respects|p1b: Emboar\n|-damage|p1b: Emboar|28/100 par\n|cant|p2b: Archaludon|slp\n|cant|p1b: Emboar|par\n|\n|-weather|SunnyDay|[upkeep]\n|upkeep\n|turn|9\n|\n|t:|1776142308\n|move|p1a: Torkoal|Helping Hand|p1b: Emboar\n|-singleturn|p1b: Emboar|Helping Hand|[of] p1a: Torkoal\n|move|p1b: Emboar|Sucker Punch|p2a: Basculegion\n|-supereffective|p2a: Basculegion|1\n|-enditem|p2a: Basculegion|Focus Sash\n|-damage|p2a: Basculegion|1/100\n|move|p2a: Basculegion|Last Respects|p1b: Emboar\n|-damage|p1b: Emboar|0 fnt\n|faint|p1b: Emboar\n|-curestatus|p2b: Archaludon|slp|[msg]\n|move|p2b: Archaludon|Dragon Pulse|p1a: Torkoal\n|-damage|p1a: Torkoal|0 fnt\n|faint|p1a: Torkoal\n|\n|-weather|SunnyDay|[upkeep]\n|upkeep\n|\n|t:|1776142314\n|switch|p1b: Sneasler|Sneasler, L50, F|16/100\n|turn|10\n|\n|t:|1776142328\n|move|p2a: Basculegion|Aqua Jet|p1b: Sneasler\n|-crit|p1b: Sneasler\n|-damage|p1b: Sneasler|0 fnt\n|faint|p1b: Sneasler\n|\n|win|dkapflzksh\n|raw|Uber Threat's rating: 1400 &rarr; <strong>1378</strong><br />(-22 for losing)\n|raw|dkapflzksh's rating: 1359 &rarr; <strong>1381</strong><br />(+22 for winning)\n",
  "uploadtime": 1776142329,
  "views": 26,
  "formatid": "gen9championsvgc2026regma",
  "rating": 1378,
  "private": 0,
  "password": null
}