{
  "id": "gen9championsvgc2026regma-2584709932",
  "format": "[Gen 9 Champions] VGC 2026 Reg M-A",
  "players": [
    "ray_on_1248_",
    "wdan1"
  ],
  "log": "|j|\u2606ray_on_1248_\n|j|\u2606wdan1\n|t:|1776278286\n|gametype|doubles\n|player|p1|ray_on_1248_|hilda|1056\n|player|p2|wdan1|hiker|1110\n|gen|9\n|tier|[Gen 9 Champions] VGC 2026 Reg M-A\n|rated|\n|rule|Species Clause: Limit one of each Pok\u00e9mon\n|rule|Item Clause: Limit 1 of each item\n|clearpoke\n|poke|p1|Delphox, L50, F|\n|poke|p1|Aerodactyl, L50, M|\n|poke|p1|Maushold, L50|\n|poke|p1|Kingambit, L50, M|\n|poke|p1|Sneasler, L50, F|\n|poke|p1|Basculegion, L50, M|\n|poke|p2|Archaludon, L50, F|\n|poke|p2|Pelipper, L50, M|\n|poke|p2|Floette-Eternal, L50, F|\n|poke|p2|Sinistcha, L50|\n|poke|p2|Meganium, L50, M|\n|poke|p2|Incineroar, L50, F|\n|teampreview|4\n|inactive|Battle timer is ON: inactive players will automatically lose when time's up. (requested by wdan1)\n|c|\u2606ray_on_1248_|glhf\n|inactive|ray_on_1248_ has 60 seconds left.\nwdan1 has agreed to open team sheets.\n|inactive|ray_on_1248_ has 30 seconds left.\n|l|\u2606ray_on_1248_\n|inactive|ray_on_1248_ disconnected and has a minute to reconnect!\n|player|p1|\n|inactive|ray_on_1248_ has 20 seconds left.\n|inactive|ray_on_1248_ has 15 seconds left.\n|inactive|ray_on_1248_ has 10 seconds left.\n|j|\u2606ray_on_1248_\n|inactive|ray_on_1248_ reconnected and has 10 seconds left.\n|player|p1|ray_on_1248_|hilda|\n|inactive|ray_on_1248_ has 5 seconds left.\n|\n|t:|1776278375\n|teamsize|p1|4\n|teamsize|p2|4\n|start\n|switch|p1a: Sneasler|Sneasler, L50, F, shiny|100/100\n|switch|p1b: Kingambit|Kingambit, L50, M, shiny|100/100\n|switch|p2a: Pelipper|Pelipper, L50, M|100/100\n|switch|p2b: Archaludon|Archaludon, L50, F|100/100\n|-weather|RainDance|[from] ability: Drizzle|[of] p2a: Pelipper\n|turn|1\n|inactive|ray_on_1248_ has 30 seconds left.\n|inactive|wdan1 has 30 seconds left.\n|\n|t:|1776278405\n|move|p2a: Pelipper|Protect|p2a: Pelipper\n|-singleturn|p2a: Pelipper|Protect\n|move|p1a: Sneasler|Close Combat|p2b: Archaludon\n|-supereffective|p2b: Archaludon|1\n|-damage|p2b: Archaludon|0 fnt\n|-unboost|p1a: Sneasler|def|1\n|-unboost|p1a: Sneasler|spd|1\n|faint|p2b: Archaludon\n|-enditem|p1a: Sneasler|White Herb\n|-clearnegativeboost|p1a: Sneasler|[silent]\n|move|p1b: Kingambit|Kowtow Cleave|p2a: Pelipper\n|-activate|p2a: Pelipper|move: Protect\n|\n|-weather|RainDance|[upkeep]\n|upkeep\n|\n|t:|1776278430\n|switch|p2b: Sinistcha|Sinistcha, L50|100/100\n|turn|2\n|\n|t:|1776278446\n|move|p1a: Sneasler|Protect|p1a: Sneasler\n|-singleturn|p1a: Sneasler|Protect\n|move|p2a: Pelipper|Hurricane|p1a: Sneasler\n|-activate|p1a: Sneasler|move: Protect\n|move|p1b: Kingambit|Kowtow Cleave|p2b: Sinistcha\n|-supereffective|p2b: Sinistcha|1\n|-damage|p2b: Sinistcha|12/100\n|move|p2b: Sinistcha|Trick Room|p2b: Sinistcha\n|-fieldstart|move: Trick Room|[of] p2b: Sinistcha\n|\n|-weather|RainDance|[upkeep]\n|upkeep\n|turn|3\n|\n|t:|1776278471\n|switch|p1a: Delphox|Delphox, L50, F, shiny|100/100\n|move|p1b: Kingambit|Iron Head|p2b: Sinistcha\n|-crit|p2b: Sinistcha\n|-damage|p2b: Sinistcha|0 fnt\n|faint|p2b: Sinistcha\n|move|p2a: Pelipper|Hurricane|p1a: Delphox\n|-damage|p1a: Delphox|43/100\n|\n|-weather|RainDance|[upkeep]\n|upkeep\n|\n|t:|1776278482\n|switch|p2b: Floette|Floette-Eternal, L50, F, shiny|100/100\n|turn|4\n|\n|t:|1776278495\n|detailschange|p2b: Floette|Floette-Mega, L50, F, shiny\n|-mega|p2b: Floette|Floette|Floettite\n|-ability|p2b: Floette|Fairy Aura\n|detailschange|p1a: Delphox|Delphox-Mega, L50, F, shiny\n|-mega|p1a: Delphox|Delphox|Delphoxite\n|move|p2a: Pelipper|Protect|p2a: Pelipper\n|-singleturn|p2a: Pelipper|Protect\n|move|p1a: Delphox|Protect|p1a: Delphox\n|-singleturn|p1a: Delphox|Protect\n|move|p1b: Kingambit|Iron Head|p2b: Floette\n|-supereffective|p2b: Floette|1\n|-damage|p2b: Floette|11/100\n|move|p2b: Floette|Dazzling Gleam|p1b: Kingambit|[spread] p1b\n|-activate|p1a: Delphox|move: Protect\n|-crit|p1b: Kingambit\n|-damage|p1b: Kingambit|29/100\n|\n|-weather|RainDance|[upkeep]\n|upkeep\n|turn|5\n|inactive|ray_on_1248_ has 30 seconds left.\n|inactive|wdan1 has 30 seconds left.\n|\n|t:|1776278524\n|move|p1b: Kingambit|Protect|p1b: Kingambit\n|-singleturn|p1b: Kingambit|Protect\n|move|p2b: Floette|Dazzling Gleam|p1a: Delphox|[spread] p1a\n|-activate|p1b: Kingambit|move: Protect\n|-resisted|p1a: Delphox|1\n|-damage|p1a: Delphox|16/100\n|move|p2a: Pelipper|Hurricane|p1a: Delphox\n|-damage|p1a: Delphox|0 fnt\n|faint|p1a: Delphox\n|\n|-weather|none\n|upkeep\n|\n|t:|1776278529\n|switch|p1a: Basculegion|Basculegion, L50, M|100/100\n|turn|6\n|\n|t:|1776278551\n|move|p1a: Basculegion|Aqua Jet|p2b: Floette\n|-damage|p2b: Floette|0 fnt\n|faint|p2b: Floette\n|move|p1b: Kingambit|Kowtow Cleave|p2a: Pelipper\n|-damage|p2a: Pelipper|33/100\n|move|p2a: Pelipper|Hurricane|p1b: Kingambit\n|-resisted|p1b: Kingambit|1\n|-damage|p1b: Kingambit|6/100\n|-start|p1b: Kingambit|confusion\n|\n|-fieldend|move: Trick Room\n|upkeep\n|turn|7\n|\n|t:|1776278565\n|switch|p1a: Sneasler|Sneasler, L50, F, shiny|100/100\n|move|p2a: Pelipper|Protect|p2a: Pelipper\n|-singleturn|p2a: Pelipper|Protect\n|-activate|p1b: Kingambit|confusion\n|move|p1b: Kingambit|Sucker Punch||[still]\n|-fail|p1b: Kingambit\n|\n|upkeep\n|turn|8\n|\n|t:|1776278579\n|move|p1a: Sneasler|Fake Out|p2a: Pelipper\n|-damage|p2a: Pelipper|12/100\n|cant|p2a: Pelipper|flinch\n|-end|p1b: Kingambit|confusion\n|move|p1b: Kingambit|Kowtow Cleave|p2a: Pelipper\n|-crit|p2a: Pelipper\n|-damage|p2a: Pelipper|0 fnt\n|faint|p2a: Pelipper\n|\n|win|ray_on_1248_\n|raw|ray_on_1248_'s rating: 1056 &rarr; <strong>1092</strong><br />(+36 for winning)\n|raw|wdan1's rating: 1110 &rarr; <strong>1081</strong><br />(-29 for losing)\n|l|\u2606wdan1\n|player|p2|\n|c|\u2606ray_on_1248_|ggwp\n",
  "uploadtime": 1776278591,
  "views": 19,
  "formatid": "gen9championsvgc2026regma",
  "rating": 1081,
  "private": 0,
  "password": null
}