{
  "id": "gen9championsvgc2026regma-2585115044",
  "format": "[Gen 9 Champions] VGC 2026 Reg M-A",
  "players": [
    "Pun1sher14",
    "TheEeveeAnimations"
  ],
  "log": "|j|\u2606Pun1sher14\n|j|\u2606TheEeveeAnimations\n|t:|1776313477\n|gametype|doubles\n|player|p1|Pun1sher14|lucas-gen4pt|\n|player|p2|TheEeveeAnimations|dahlia|\n|gen|9\n|tier|[Gen 9 Champions] VGC 2026 Reg M-A\n|rated|Tournament battle\n|rule|Species Clause: Limit one of each Pok\u00e9mon\n|rule|Item Clause: Limit 1 of each item\n|clearpoke\n|poke|p1|Farigiraf, L50, M|\n|poke|p1|Basculegion, L50, M|\n|poke|p1|Chesnaught, L50, M|\n|poke|p1|Incineroar, L50, M|\n|poke|p1|Aegislash, L50, M|\n|poke|p1|Slowking-Galar, L50, M|\n|poke|p2|Gengar, L50, F|\n|poke|p2|Corviknight, L50, M|\n|poke|p2|Politoed, L50, M|\n|poke|p2|Manectric, L50, M|\n|poke|p2|Incineroar, L50, M|\n|poke|p2|Sneasler, L50, F|\n|teampreview|4\nTheEeveeAnimations has agreed to open team sheets.\nPun1sher14 has agreed to open team sheets.\n|showteam|p1|Farigiraf||MentalHerb|ArmorTail|TwinBeam,HyperVoice,LightScreen,TrickRoom|||M|||50|]Basculegion||WhiteHerb|Adaptability|WaveCrash,LastRespects,AquaJet,Protect|||M|||50|]Chesnaught||Chesnaughtite|Bulletproof|WoodHammer,BodyPress,IronDefense,SpikyShield|||M|||50|]Incineroar||SitrusBerry|Intimidate|FlareBlitz,ThroatChop,PartingShot,FakeOut|||M|||50|]Aegislash||FocusSash|StanceChange|FlashCannon,ShadowBall,ShadowSneak,KingsShield|||M|||50|]Slowking-Galar||LumBerry|Regenerator|SludgeBomb,IceBeam,HealPulse,TrickRoom|||M|||50|\n|showteam|p2|Gengar||Gengarite|CursedBody|Protect,Disable,ShadowBall,IcyWind|||F|||50|]Corviknight||Leftovers|MirrorArmor|BodyPress,BulkUp,BraveBird,Roost|||M|||50|]Politoed||SitrusBerry|Drizzle|WeatherBall,Protect,IcyWind,Encore|||M|||50|]Manectric||Manectite|LightningRod|Protect,VoltSwitch,Thunder,Snarl|||M|||50|]Incineroar||ChopleBerry|Intimidate|FlareBlitz,ThroatChop,PartingShot,FakeOut|||M|||50|]Sneasler||FocusSash|PoisonTouch|Protect,FakeOut,CloseCombat,DireClaw|||F|||50|\n|c|\u2606TheEeveeAnimations|glhf\n|c|\u2606Pun1sher14|glhf\n|j| FBISurveillanceMan\n|\n|t:|1776313565\n|teamsize|p1|4\n|teamsize|p2|4\n|start\n|switch|p1a: Farigiraf|Farigiraf, L50, M|100/100\n|switch|p1b: Aegislash|Aegislash, L50, M, shiny|100/100\n|switch|p2a: Incineroar|Incineroar, L50, M|100/100\n|switch|p2b: Corviknight|Corviknight, L50, M|100/100\n|-ability|p2a: Incineroar|Intimidate|boost\n|-unboost|p1a: Farigiraf|atk|1\n|-unboost|p1b: Aegislash|atk|1\n|turn|1\n|\n|t:|1776313580\n|move|p2b: Corviknight|Bulk Up|p2b: Corviknight\n|-boost|p2b: Corviknight|atk|1\n|-boost|p2b: Corviknight|def|1\n|move|p2a: Incineroar|Parting Shot|p1b: Aegislash\n|-unboost|p1b: Aegislash|atk|1\n|-unboost|p1b: Aegislash|spa|1\n|\n|t:|1776313586\n|switch|p2a: Gengar|Gengar, L50, F|100/100|[from] Parting Shot\n|-formechange|p1b: Aegislash|Aegislash-Blade|\n|move|p1b: Aegislash|Shadow Ball|p2b: Corviknight\n|-damage|p2b: Corviknight|70/100\n|move|p1a: Farigiraf|Trick Room|p1a: Farigiraf\n|-fieldstart|move: Trick Room|[of] p1a: Farigiraf\n|\n|-heal|p2b: Corviknight|77/100|[from] item: Leftovers\n|upkeep\n|turn|2\n|\n|t:|1776313622\n|switch|p1b: Basculegion|Basculegion, L50, M|100/100\n|detailschange|p2a: Gengar|Gengar-Mega, L50, F\n|-mega|p2a: Gengar|Gengar|Gengarite\n|move|p2a: Gengar|Protect|p2a: Gengar\n|-singleturn|p2a: Gengar|Protect\n|move|p1a: Farigiraf|Light Screen|p1a: Farigiraf\n|-sidestart|p1: Pun1sher14|move: Light Screen\n|move|p2b: Corviknight|Roost|p2b: Corviknight\n|-heal|p2b: Corviknight|100/100\n|-singleturn|p2b: Corviknight|move: Roost\n|\n|upkeep\n|turn|3\n|j|+holdingb\n|\n|t:|1776313656\n|move|p1a: Farigiraf|Twin Beam|p2a: Gengar\n|-supereffective|p2a: Gengar|1\n|-damage|p2a: Gengar|47/100\n|-supereffective|p2a: Gengar|1\n|-damage|p2a: Gengar|0 fnt\n|faint|p2a: Gengar\n|-hitcount|p2: Gengar|2\n|move|p1b: Basculegion|Wave Crash|p2b: Corviknight\n|-damage|p2b: Corviknight|58/100\n|-damage|p1b: Basculegion|87/100|[from] Recoil\n|move|p2b: Corviknight|Bulk Up|p2b: Corviknight\n|-boost|p2b: Corviknight|atk|1\n|-boost|p2b: Corviknight|def|1\n|\n|-heal|p2b: Corviknight|64/100|[from] item: Leftovers\n|upkeep\n|\n|t:|1776313670\n|switch|p2a: Incineroar|Incineroar, L50, M|100/100\n|-ability|p2a: Incineroar|Intimidate|boost\n|-unboost|p1a: Farigiraf|atk|1\n|-unboost|p1b: Basculegion|atk|1\n|-enditem|p1b: Basculegion|White Herb\n|-clearnegativeboost|p1b: Basculegion|[silent]\n|turn|4\n|\n|t:|1776313687\n|switch|p1a: Chesnaught|Chesnaught, L50, M|100/100\n|move|p1b: Basculegion|Protect|p1b: Basculegion\n|-singleturn|p1b: Basculegion|Protect\n|move|p2a: Incineroar|Parting Shot|p1b: Basculegion\n|-activate|p1b: Basculegion|move: Protect\n|move|p2b: Corviknight|Roost|p2b: Corviknight\n|-heal|p2b: Corviknight|100/100\n|-singleturn|p2b: Corviknight|move: Roost\n|\n|upkeep\n|turn|5\n|\n|t:|1776313709\n|detailschange|p1a: Chesnaught|Chesnaught-Mega, L50, M\n|-mega|p1a: Chesnaught|Chesnaught|Chesnaughtite\n|move|p1a: Chesnaught|Iron Defense|p1a: Chesnaught\n|-boost|p1a: Chesnaught|def|2\n|move|p2a: Incineroar|Throat Chop|p1b: Basculegion\n|-supereffective|p1b: Basculegion|1\n|-damage|p1b: Basculegion|31/100\n|-start|p1b: Basculegion|Throat Chop|[silent]\n|move|p1b: Basculegion|Wave Crash|p2a: Incineroar\n|-supereffective|p2a: Incineroar|1\n|-damage|p2a: Incineroar|0 fnt\n|faint|p2a: Incineroar\n|-damage|p1b: Basculegion|0 fnt|[from] Recoil\n|faint|p1b: Basculegion\n|move|p2b: Corviknight|Brave Bird|p1a: Chesnaught\n|-supereffective|p1a: Chesnaught|2\n|-damage|p1a: Chesnaught|18/100\n|-damage|p2b: Corviknight|73/100|[from] Recoil\n|\n|-heal|p2b: Corviknight|79/100|[from] item: Leftovers\n|-fieldend|move: Trick Room\n|upkeep\n|\n|t:|1776313724\n|switch|p1b: Farigiraf|Farigiraf, L50, M|100/100\n|switch|p2a: Sneasler|Sneasler, L50, F|100/100\n|turn|6\n|\n|t:|1776313748\n|switch|p1b: Aegislash|Aegislash, L50, M, shiny|100/100\n|move|p2a: Sneasler|Close Combat|p1b: Aegislash\n|-immune|p1b: Aegislash\n|move|p2b: Corviknight|Brave Bird|p1b: Aegislash\n|-resisted|p1b: Aegislash|1\n|-damage|p1b: Aegislash|63/100\n|-damage|p2b: Corviknight|70/100|[from] Recoil\n|move|p1a: Chesnaught|Body Press|p2b: Corviknight\n|-damage|p2b: Corviknight|34/100\n|\n|-heal|p2b: Corviknight|40/100|[from] item: Leftovers\n|-sideend|p1: Pun1sher14|move: Light Screen\n|upkeep\n|turn|7\n|\n|t:|1776313777\n|move|p1a: Chesnaught|Spiky Shield|p1a: Chesnaught\n|-singleturn|p1a: Chesnaught|move: Protect\n|move|p2a: Sneasler|Dire Claw|p1a: Chesnaught\n|-activate|p1a: Chesnaught|move: Protect\n|-damage|p2a: Sneasler|88/100|[from] Spiky Shield|[of] p1a: Chesnaught\n|move|p2b: Corviknight|Roost|p2b: Corviknight\n|-heal|p2b: Corviknight|91/100\n|-singleturn|p2b: Corviknight|move: Roost\n|-formechange|p1b: Aegislash|Aegislash-Blade|\n|move|p1b: Aegislash|Shadow Ball|p2b: Corviknight\n|-damage|p2b: Corviknight|49/100\n|-ability|p2b: Corviknight|Mirror Armor\n|-unboost|p1b: Aegislash|spd|1\n|\n|-heal|p2b: Corviknight|55/100|[from] item: Leftovers\n|upkeep\n|turn|8\n|\n|t:|1776313834\n|switch|p1b: Farigiraf|Farigiraf, L50, M|100/100\n|move|p1a: Chesnaught|Spiky Shield|p1a: Chesnaught\n|-singleturn|p1a: Chesnaught|move: Protect\n|move|p2a: Sneasler|Dire Claw|p1a: Chesnaught\n|-activate|p1a: Chesnaught|move: Protect\n|-damage|p2a: Sneasler|76/100|[from] Spiky Shield|[of] p1a: Chesnaught\n|move|p2b: Corviknight|Brave Bird|p1b: Farigiraf\n|-damage|p1b: Farigiraf|25/100\n|-damage|p2b: Corviknight|30/100|[from] Recoil\n|\n|-heal|p2b: Corviknight|36/100|[from] item: Leftovers\n|upkeep\n|turn|9\n|\n|t:|1776313852\n|move|p2a: Sneasler|Dire Claw|p1a: Chesnaught\n|-supereffective|p1a: Chesnaught|1\n|-damage|p1a: Chesnaught|0 fnt\n|faint|p1a: Chesnaught\n|move|p2b: Corviknight|Brave Bird|p1b: Farigiraf\n|-damage|p1b: Farigiraf|0 fnt\n|faint|p1b: Farigiraf\n|-damage|p2b: Corviknight|27/100|[from] Recoil\n|\n|-heal|p2b: Corviknight|34/100|[from] item: Leftovers\n|upkeep\n|\n|t:|1776313856\n|switch|p1b: Aegislash|Aegislash, L50, M, shiny|63/100\n|turn|10\n|\n|t:|1776313865\n|move|p2a: Sneasler|Dire Claw|p1b: Aegislash\n|-immune|p1b: Aegislash\n|move|p2b: Corviknight|Roost|p2b: Corviknight\n|-heal|p2b: Corviknight|84/100\n|-singleturn|p2b: Corviknight|move: Roost\n|-formechange|p1b: Aegislash|Aegislash-Blade|\n|move|p1b: Aegislash|Shadow Ball|p2a: Sneasler\n|-damage|p2a: Sneasler|7/100\n|-unboost|p2a: Sneasler|spd|1\n|\n|-heal|p2b: Corviknight|90/100|[from] item: Leftovers\n|upkeep\n|turn|11\n|\n|t:|1776313877\n|move|p2a: Sneasler|Protect|p2a: Sneasler\n|-singleturn|p2a: Sneasler|Protect\n|-formechange|p1b: Aegislash|Aegislash|\n|move|p1b: Aegislash|King's Shield|p1b: Aegislash\n|-singleturn|p1b: Aegislash|Protect\n|move|p2b: Corviknight|Brave Bird|p1b: Aegislash\n|-activate|p1b: Aegislash|move: Protect\n|-ability|p2b: Corviknight|Mirror Armor\n|-unboost|p1b: Aegislash|atk|1\n|\n|-heal|p2b: Corviknight|96/100|[from] item: Leftovers\n|upkeep\n|turn|12\n|\n|t:|1776313889\n|move|p2a: Sneasler|Dire Claw|p1b: Aegislash\n|-immune|p1b: Aegislash\n|move|p2b: Corviknight|Brave Bird|p1b: Aegislash\n|-resisted|p1b: Aegislash|1\n|-damage|p1b: Aegislash|28/100\n|-damage|p2b: Corviknight|88/100|[from] Recoil\n|-formechange|p1b: Aegislash|Aegislash-Blade|\n|move|p1b: Aegislash|Shadow Ball|p2b: Corviknight\n|-damage|p2b: Corviknight|45/100\n|\n|-heal|p2b: Corviknight|51/100|[from] item: Leftovers\n|upkeep\n|turn|13\n|j| OnToTheOther\n|\n|t:|1776313904\n|move|p2a: Sneasler|Dire Claw|p1b: Aegislash\n|-immune|p1b: Aegislash\n|move|p2b: Corviknight|Brave Bird|p1b: Aegislash\n|-resisted|p1b: Aegislash|1\n|-damage|p1b: Aegislash|0 fnt\n|faint|p1b: Aegislash\n|-damage|p2b: Corviknight|44/100|[from] Recoil\n|\n|win|TheEeveeAnimations\n|n|\u2606Pun1sher14|pun1sher14\n|n|\u2606TheEeveeAnimations|theeeveeanimations\n|n| FBISurveillanceMan|fbisurveillanceman\n|n| holdingb|holdingb\n|n| OnToTheOther|ontotheother\n|c|\u2606Pun1sher14|gg\n|c|\u2606TheEeveeAnimations|ggwp\n|l|\u2606Pun1sher14\n|player|p1|\n",
  "uploadtime": 1776313941,
  "views": 18,
  "formatid": "gen9championsvgc2026regma",
  "rating": null,
  "private": 0,
  "password": null
}