{
  "id": "gen9championsvgc2026regma-2583869712",
  "format": "[Gen 9 Champions] VGC 2026 Reg M-A",
  "players": [
    "Misterman108",
    "desertfoxington"
  ],
  "log": "|j|\u2606Misterman108\n|j|\u2606desertfoxington\n|t:|1776204130\n|gametype|doubles\n|player|p1|Misterman108|170|1078\n|player|p2|desertfoxington|lance|1017\n|gen|9\n|tier|[Gen 9 Champions] VGC 2026 Reg M-A\n|rated|\n|rule|Species Clause: Limit one of each Pok\u00e9mon\n|rule|Item Clause: Limit 1 of each item\n|clearpoke\n|poke|p1|Rotom-Heat, L50|\n|poke|p1|Pelipper, L50, M|\n|poke|p1|Basculegion, L50, M|\n|poke|p1|Archaludon, L50, F|\n|poke|p1|Sneasler, L50, F|\n|poke|p1|Dragonite, L50, F|\n|poke|p2|Sinistcha, L50|\n|poke|p2|Floette-Eternal, L50, F|\n|poke|p2|Farigiraf, L50, F|\n|poke|p2|Aggron, L50, M|\n|poke|p2|Whimsicott, L50, F|\n|poke|p2|Incineroar, L50, M|\n|teampreview|4\n|\n|t:|1776204161\n|teamsize|p1|4\n|teamsize|p2|4\n|start\n|switch|p1a: Rotom|Rotom-Heat, L50|100/100\n|switch|p1b: Sneasler|Sneasler, L50, F|100/100\n|switch|p2a: Incineroar|Incineroar, L50, M|100/100\n|switch|p2b: Floette|Floette-Eternal, L50, F|100/100\n|-ability|p2a: Incineroar|Intimidate|boost\n|-unboost|p1a: Rotom|atk|1\n|-unboost|p1b: Sneasler|atk|1\n|-enditem|p1b: Sneasler|White Herb\n|-clearnegativeboost|p1b: Sneasler|[silent]\n|turn|1\n|inactive|Battle timer is ON: inactive players will automatically lose when time's up. (requested by Misterman108)\n|inactive|Misterman108 has 60 seconds left.\n|\n|t:|1776204199\n|detailschange|p2b: Floette|Floette-Mega, L50, F\n|-mega|p2b: Floette|Floette|Floettite\n|-ability|p2b: Floette|Fairy Aura\n|move|p1b: Sneasler|Fake Out|p2a: Incineroar\n|-damage|p2a: Incineroar|88/100\n|move|p1a: Rotom|Volt Switch|p2a: Incineroar\n|-crit|p2a: Incineroar\n|-damage|p2a: Incineroar|44/100\n|\n|t:|1776204209\n|switch|p1a: Basculegion|Basculegion, L50, M|100/100|[from] Volt Switch\n|move|p2b: Floette|Tearful Look|p1a: Basculegion\n|-unboost|p1a: Basculegion|atk|1\n|-unboost|p1a: Basculegion|spa|1\n|cant|p2a: Incineroar|flinch\n|\n|upkeep\n|turn|2\n|inactive|desertfoxington has 30 seconds left.\n|\n|t:|1776204240\n|switch|p2a: Farigiraf|Farigiraf, L50, F|100/100\n|move|p1b: Sneasler|Dire Claw|p2b: Floette\n|-supereffective|p2b: Floette|1\n|-damage|p2b: Floette|31/100\n|move|p1a: Basculegion|Flip Turn|p2a: Farigiraf\n|-damage|p2a: Farigiraf|74/100\n|\n|t:|1776204253\n|switch|p1a: Dragonite|Dragonite, L50, F|100/100|[from] Flip Turn\n|move|p2b: Floette|Moonblast|p1b: Sneasler\n|-damage|p1b: Sneasler|16/100\n|\n|-heal|p2a: Farigiraf|80/100|[from] item: Leftovers\n|upkeep\n|turn|3\n|\n|t:|1776204270\n|detailschange|p1a: Dragonite|Dragonite-Mega, L50, F\n|-mega|p1a: Dragonite|Dragonite|Dragoninite\n|move|p1b: Sneasler|Dire Claw|p2b: Floette\n|-supereffective|p2b: Floette|1\n|-damage|p2b: Floette|0 fnt\n|faint|p2b: Floette\n|move|p1a: Dragonite|Draco Meteor|p2a: Farigiraf\n|-damage|p2a: Farigiraf|8/100\n|-unboost|p1a: Dragonite|spa|2\n|move|p2a: Farigiraf|Trick Room|p2a: Farigiraf\n|-fieldstart|move: Trick Room|[of] p2a: Farigiraf\n|\n|-heal|p2a: Farigiraf|15/100|[from] item: Leftovers\n|upkeep\n|\n|t:|1776204284\n|switch|p2b: Sinistcha|Sinistcha, L50|100/100\n|-heal|p2a: Farigiraf|39/100|[from] ability: Hospitality|[of] p2b: Sinistcha\n|turn|4\n|\n|t:|1776204305\n|switch|p1a: Rotom|Rotom-Heat, L50|100/100\n|move|p2b: Sinistcha|Rage Powder|p2b: Sinistcha\n|-singleturn|p2b: Sinistcha|move: Rage Powder\n|move|p2a: Farigiraf|Psychic|p1b: Sneasler\n|-supereffective|p1b: Sneasler|2\n|-damage|p1b: Sneasler|0 fnt\n|faint|p1b: Sneasler\n|\n|-heal|p2a: Farigiraf|45/100|[from] item: Leftovers\n|upkeep\n|\n|t:|1776204319\n|switch|p1b: Dragonite|Dragonite-Mega, L50, F|100/100\n|turn|5\n|\n|t:|1776204333\n|switch|p2b: Incineroar|Incineroar, L50, M|44/100\n|-ability|p2b: Incineroar|Intimidate|boost\n|-unboost|p1a: Rotom|atk|1\n|-unboost|p1b: Dragonite|atk|1\n|move|p2a: Farigiraf|Dazzling Gleam|p1a: Rotom|[spread] p1a,p1b\n|-resisted|p1a: Rotom|1\n|-supereffective|p1b: Dragonite|1\n|-damage|p1a: Rotom|89/100\n|-damage|p1b: Dragonite|84/100\n|move|p1b: Dragonite|Draco Meteor|p2a: Farigiraf\n|-damage|p2a: Farigiraf|0 fnt\n|-unboost|p1b: Dragonite|spa|2\n|faint|p2a: Farigiraf\n|move|p1a: Rotom|Overheat|p2b: Incineroar|[miss]\n|-miss|p1a: Rotom|p2b: Incineroar\n|\n|upkeep\n|\n|t:|1776204350\n|switch|p2a: Sinistcha|Sinistcha, L50|100/100\n|-heal|p2b: Incineroar|69/100|[from] ability: Hospitality|[of] p2a: Sinistcha\n|turn|6\n|\n|t:|1776204363\n|move|p1b: Dragonite|Protect|p1b: Dragonite\n|-singleturn|p1b: Dragonite|Protect\n|move|p2b: Incineroar|Fake Out|p1a: Rotom\n|-damage|p1a: Rotom|74/100\n|move|p2a: Sinistcha|Matcha Gotcha|p1a: Rotom|[spread] p1a\n|-activate|p1b: Dragonite|move: Protect\n|-resisted|p1a: Rotom|1\n|-damage|p1a: Rotom|58/100\n|cant|p1a: Rotom|flinch\n|\n|upkeep\n|turn|7\n|\n|t:|1776204381\n|switch|p1b: Basculegion|Basculegion, L50, M|100/100\n|move|p2a: Sinistcha|Rage Powder|p2a: Sinistcha\n|-singleturn|p2a: Sinistcha|move: Rage Powder\n|move|p2b: Incineroar|Flare Blitz|p1a: Rotom\n|-resisted|p1a: Rotom|1\n|-damage|p1a: Rotom|28/100\n|-damage|p2b: Incineroar|63/100|[from] Recoil\n|move|p1a: Rotom|Overheat|p2a: Sinistcha\n|-supereffective|p2a: Sinistcha|1\n|-enditem|p2a: Sinistcha|Occa Berry|[eat]\n|-enditem|p2a: Sinistcha|Occa Berry|[weaken]\n|-damage|p2a: Sinistcha|52/100\n|-unboost|p1a: Rotom|spa|2\n|\n|-fieldend|move: Trick Room\n|upkeep\n|turn|8\n|\n|t:|1776204401\n|switch|p1a: Dragonite|Dragonite-Mega, L50, F|84/100\n|move|p1b: Basculegion|Last Respects|p2a: Sinistcha\n|-supereffective|p2a: Sinistcha|1\n|-damage|p2a: Sinistcha|0 fnt\n|faint|p2a: Sinistcha\n|move|p2b: Incineroar|Parting Shot|p1b: Basculegion\n|-unboost|p1b: Basculegion|atk|1\n|-unboost|p1b: Basculegion|spa|1\n|\n|upkeep\n|turn|9\n|\n|t:|1776204420\n|move|p1a: Dragonite|Draco Meteor|p2b: Incineroar|[miss]\n|-miss|p1a: Dragonite|p2b: Incineroar\n|move|p1b: Basculegion|Wave Crash|p2b: Incineroar\n|-supereffective|p2b: Incineroar|1\n|-damage|p2b: Incineroar|0 fnt\n|faint|p2b: Incineroar\n|-damage|p1b: Basculegion|79/100|[from] Recoil\n|\n|win|Misterman108\n|raw|Misterman108's rating: 1078 &rarr; <strong>1101</strong><br />(+23 for winning)\n|raw|desertfoxington's rating: 1017 &rarr; <strong>1007</strong><br />(-10 for losing)\n",
  "uploadtime": 1776204428,
  "views": 29,
  "formatid": "gen9championsvgc2026regma",
  "rating": 1007,
  "private": 0,
  "password": null
}