{
  "id": "gen9championsvgc2026regma-2582429646",
  "format": "[Gen 9 Champions] VGC 2026 Reg M-A",
  "players": [
    "reanschawrzer",
    "21chenhen"
  ],
  "log": "|j|\u2606reanschawrzer\n|j|\u260621chenhen\n|html|<table width=\"100%\"><tr><td align=\"left\">reanschawrzer</td><td align=\"right\">21chenhen</tr><tr><td align=\"left\"><i class=\"fa fa-circle\"></i> <i class=\"fa fa-circle-o\"></i> </td><td align=\"right\"><i class=\"fa fa-circle-o\"></i> <i class=\"fa fa-circle-o\"></i> </tr></table>\n|uhtml|bestof|<h2><strong>Game 2</strong> of <a href=\"/game-bestof3-gen9championsvgc2026regma-2582424652\">a best-of-3</a></h2>\n|t:|1776091142\n|gametype|doubles\n|player|p1|reanschawrzer|riley|\n|player|p2|21chenhen|cynthia-gen4|\n|gen|9\n|tier|[Gen 9 Champions] VGC 2026 Reg M-A\n|rated|Tournament battle\n|rule|Species Clause: Limit one of each Pok\u00e9mon\n|rule|Item Clause: Limit 1 of each item\n|raw|<div class=\"infobox\"><details class=\"readmore\" open><summary><strong>2 custom rules:</strong></summary> Force Open Team Sheets, Best of = 3</details></div>\n|clearpoke\n|poke|p1|Floette-Eternal, L50, F|\n|poke|p1|Incineroar, L50, F|\n|poke|p1|Sinistcha, L50|\n|poke|p1|Kommo-o, L50, M|\n|poke|p1|Gengar, L50, M|\n|poke|p1|Tyranitar, L50, F|\n|poke|p2|Chandelure, L50, F|\n|poke|p2|Aerodactyl, L50, M|\n|poke|p2|Basculegion, L50, M|\n|poke|p2|Clefable, L50, F|\n|poke|p2|Garchomp, L50, M|\n|poke|p2|Orthworm, L50, F|\n|teampreview|4\n|showteam|p1|Floette-Eternal||Floettite|FlowerVeil|CalmMind,Moonblast,Protect,DazzlingGleam|||F|||50|]Incineroar||ChopleBerry|Intimidate|FakeOut,PartingShot,FlareBlitz,Protect|||F|||50|]Sinistcha||SitrusBerry|Hospitality|RagePowder,LifeDew,TrickRoom,MatchaGotcha||||||50|]Kommo-o||Leftovers|Soundproof|ClangingScales,ClangorousSoul,AuraSphere,Protect|||M|||50|]Gengar||Gengarite|CursedBody|ShadowBall,Protect,Substitute,PerishSong|||M|||50|]Tyranitar||ChoiceScarf|SandStream|KnockOff,IcePunch,LowKick,RockSlide|||F|||50|\n|showteam|p2|Chandelure||Chandelurite|Infiltrator|HeatWave,ShadowBall,Protect,EnergyBall|||F|||50|]Aerodactyl||FocusSash|Unnerve|Tailwind,RockSlide,DualWingbeat,Protect|||M|||50|]Basculegion||MysticWater|Adaptability|AquaJet,Protect,WaveCrash,LastRespects|||M|||50|]Clefable||Leftovers|Unaware|FollowMe,HelpingHand,Moonblast,Protect|||F|||50|]Garchomp||ChoiceScarf|RoughSkin|Earthquake,DragonClaw,RockSlide,StompingTantrum|||M|||50|]Orthworm||SitrusBerry|EarthEater|ShedTail,BodyPress,HeavySlam,Protect|||F|||50|\n|\n|t:|1776091197\n|teamsize|p1|4\n|teamsize|p2|4\n|start\n|switch|p1a: Incineroar|Incineroar, L50, F|100/100\n|switch|p1b: Floette|Floette-Eternal, L50, F|100/100\n|switch|p2a: Chandelure|Chandelure, L50, F, shiny|100/100\n|switch|p2b: Clefable|Clefable, L50, F|100/100\n|-ability|p1a: Incineroar|Intimidate|boost\n|-unboost|p2a: Chandelure|atk|1\n|-unboost|p2b: Clefable|atk|1\n|turn|1\n|\n|t:|1776091232\n|detailschange|p2a: Chandelure|Chandelure-Mega, L50, F, shiny\n|-mega|p2a: Chandelure|Chandelure|Chandelurite\n|move|p1b: Floette|Protect|p1b: Floette\n|-singleturn|p1b: Floette|Protect\n|move|p2b: Clefable|Follow Me|p2b: Clefable\n|-singleturn|p2b: Clefable|move: Follow Me\n|move|p2a: Chandelure|Heat Wave|p1a: Incineroar|[spread] \n|-activate|p1b: Floette|move: Protect\n|-miss|p2a: Chandelure|p1a: Incineroar\n|move|p1a: Incineroar|Parting Shot|p2b: Clefable\n|-unboost|p2b: Clefable|atk|1\n|-unboost|p2b: Clefable|spa|1\n|\n|t:|1776091244\n|switch|p1a: Tyranitar|Tyranitar, L50, F|100/100|[from] Parting Shot\n|-weather|Sandstorm|[from] ability: Sand Stream|[of] p1a: Tyranitar\n|\n|-weather|Sandstorm|[upkeep]\n|-damage|p2a: Chandelure|95/100|[from] Sandstorm\n|-damage|p1b: Floette|94/100|[from] Sandstorm\n|-damage|p2b: Clefable|95/100|[from] Sandstorm\n|-heal|p2b: Clefable|100/100|[from] item: Leftovers\n|upkeep\n|turn|2\n|\n|t:|1776091269\n|switch|p1b: Incineroar|Incineroar, L50, F|100/100\n|-ability|p1b: Incineroar|Intimidate|boost\n|-unboost|p2a: Chandelure|atk|1\n|-unboost|p2b: Clefable|atk|1\n|move|p2b: Clefable|Follow Me|p2b: Clefable\n|-singleturn|p2b: Clefable|move: Follow Me\n|move|p1a: Tyranitar|Rock Slide|p2b: Clefable|[spread] p2a,p2b\n|-supereffective|p2a: Chandelure|1\n|-damage|p2a: Chandelure|15/100\n|-damage|p2b: Clefable|70/100\n|cant|p2a: Chandelure|flinch\n|\n|-weather|Sandstorm|[upkeep]\n|-damage|p2a: Chandelure|9/100|[from] Sandstorm\n|-damage|p1b: Incineroar|95/100|[from] Sandstorm\n|-damage|p2b: Clefable|64/100|[from] Sandstorm\n|-heal|p2b: Clefable|70/100|[from] item: Leftovers\n|upkeep\n|turn|3\n|\n|t:|1776091301\n|switch|p2a: Aerodactyl|Aerodactyl, L50, M, shiny|100/100\n|-ability|p2a: Aerodactyl|Unnerve\n|move|p1a: Tyranitar|Rock Slide|p2a: Aerodactyl|[spread] p2a,p2b\n|-supereffective|p2a: Aerodactyl|1\n|-damage|p2a: Aerodactyl|2/100\n|-damage|p2b: Clefable|39/100\n|move|p1b: Incineroar|Parting Shot|p2a: Aerodactyl\n|-unboost|p2a: Aerodactyl|atk|1\n|-unboost|p2a: Aerodactyl|spa|1\n|\n|t:|1776091312\n|switch|p1b: Floette|Floette-Eternal, L50, F|94/100|[from] Parting Shot\n|move|p2b: Clefable|Moonblast|p1a: Tyranitar\n|-supereffective|p1a: Tyranitar|1\n|-damage|p1a: Tyranitar|73/100\n|\n|-weather|Sandstorm|[upkeep]\n|-damage|p1b: Floette|88/100|[from] Sandstorm\n|-damage|p2b: Clefable|33/100|[from] Sandstorm\n|-heal|p2b: Clefable|39/100|[from] item: Leftovers\n|upkeep\n|turn|4\n|\n|t:|1776091331\n|detailschange|p1b: Floette|Floette-Mega, L50, F\n|-mega|p1b: Floette|Floette|Floettite\n|-ability|p1b: Floette|Fairy Aura\n|move|p2a: Aerodactyl|Tailwind|p2a: Aerodactyl\n|-sidestart|p2: 21chenhen|move: Tailwind\n|move|p1a: Tyranitar|Rock Slide|p2b: Clefable|[spread] p2a,p2b\n|-supereffective|p2a: Aerodactyl|1\n|-damage|p2a: Aerodactyl|0 fnt\n|-damage|p2b: Clefable|7/100\n|faint|p2a: Aerodactyl\n|move|p2b: Clefable|Moonblast|p1a: Tyranitar\n|-supereffective|p1a: Tyranitar|1\n|-damage|p1a: Tyranitar|38/100\n|-unboost|p1a: Tyranitar|spa|1\n|move|p1b: Floette|Calm Mind|p1b: Floette\n|-boost|p1b: Floette|spa|1\n|-boost|p1b: Floette|spd|1\n|\n|-weather|Sandstorm|[upkeep]\n|-damage|p2b: Clefable|1/100|[from] Sandstorm\n|-damage|p1b: Floette|82/100|[from] Sandstorm\n|-heal|p2b: Clefable|7/100|[from] item: Leftovers\n|upkeep\n|\n|t:|1776091364\n|switch|p2a: Basculegion|Basculegion, L50, M|100/100\n|turn|5\n|\n|t:|1776091382\n|switch|p1a: Incineroar|Incineroar, L50, F|95/100\n|-ability|p1a: Incineroar|Intimidate|boost\n|-unboost|p2a: Basculegion|atk|1\n|-unboost|p2b: Clefable|atk|1\n|move|p2b: Clefable|Helping Hand|p2a: Basculegion\n|-singleturn|p2a: Basculegion|Helping Hand|[of] p2b: Clefable\n|move|p1b: Floette|Protect|p1b: Floette\n|-singleturn|p1b: Floette|Protect\n|move|p2a: Basculegion|Wave Crash|p1b: Floette\n|-activate|p1b: Floette|move: Protect\n|\n|-weather|none\n|-heal|p2b: Clefable|13/100|[from] item: Leftovers\n|upkeep\n|turn|6\n|\n|t:|1776091419\n|move|p2b: Clefable|Helping Hand|p2a: Basculegion\n|-singleturn|p2a: Basculegion|Helping Hand|[of] p2b: Clefable\n|move|p2a: Basculegion|Wave Crash|p1b: Floette\n|-damage|p1b: Floette|2/100\n|-damage|p2a: Basculegion|76/100|[from] Recoil\n|move|p1b: Floette|Dazzling Gleam|p2a: Basculegion|[spread] p2a,p2b\n|-crit|p2b: Clefable\n|-damage|p2a: Basculegion|0 fnt\n|-damage|p2b: Clefable|0 fnt\n|faint|p2a: Basculegion\n|faint|p2b: Clefable\n|move|p1a: Incineroar|Parting Shot|p2: Basculegion|[notarget]\n|-fail|p1a: Incineroar\n|\n|upkeep\n|\n|t:|1776091426\n|switch|p2a: Chandelure|Chandelure-Mega, L50, F, shiny|9/100\n|turn|7\n|\n|t:|1776091438\n|move|p1b: Floette|Protect|p1b: Floette\n|-singleturn|p1b: Floette|Protect\n|move|p2a: Chandelure|Heat Wave|p1b: Floette|[spread] \n|-activate|p1b: Floette|move: Protect\n|-miss|p2a: Chandelure|p1a: Incineroar\n|move|p1a: Incineroar|Flare Blitz|p2a: Chandelure\n|-resisted|p2a: Chandelure|1\n|-damage|p2a: Chandelure|0 fnt\n|faint|p2a: Chandelure\n|-damage|p1a: Incineroar|93/100|[from] Recoil\n|\n|win|reanschawrzer\n|l|\u260621chenhen\n|player|p2|\n|l|\u2606reanschawrzer\n|player|p1|\n|j|\u2606reanschawrzer\n|player|p1|reanschawrzer|riley|\n",
  "uploadtime": 1776091514,
  "views": 9,
  "formatid": "gen9championsvgc2026regma",
  "rating": null,
  "private": 0,
  "password": null
}