{
  "id": "gen9championsvgc2026regma-2586664690",
  "format": "[Gen 9 Champions] VGC 2026 Reg M-A",
  "players": [
    "rawsause w eggos",
    "ohko_muk"
  ],
  "log": "|j|\u2606rawsause w eggos\n|j|\u2606ohko_muk\n|t:|1776450420\n|gametype|doubles\n|player|p1|rawsause w eggos|red-masters2|\n|player|p2|ohko_muk|gambler|\n|gen|9\n|tier|[Gen 9 Champions] VGC 2026 Reg M-A\n|rated|Tournament battle\n|rule|Species Clause: Limit one of each Pok\u00e9mon\n|rule|Item Clause: Limit 1 of each item\n|raw|<div class=\"infobox\"><details class=\"readmore\" open><summary><strong>1 custom rule:</strong></summary> Force Open Team Sheets</details></div>\n|clearpoke\n|poke|p1|Meganium, L50, F|\n|poke|p1|Aerodactyl, L50, M|\n|poke|p1|Simipour, L50, F|\n|poke|p1|Incineroar, L50, F|\n|poke|p1|Garchomp, L50, M|\n|poke|p1|Aegislash, L50, M|\n|poke|p2|Farigiraf, L50, M|\n|poke|p2|Blastoise, L50, F|\n|poke|p2|Bellibolt, L50, M|\n|poke|p2|Mamoswine, L50, F|\n|poke|p2|Delphox, L50, F|\n|poke|p2|Whimsicott, L50, F|\n|teampreview|4\n|showteam|p1|Meganium||Meganiumite|LeafGuard|SolarBeam,DazzlingGleam,WeatherBall,Protect|||F|||50|]Aerodactyl||FocusSash|Unnerve|RockSlide,DualWingbeat,Tailwind,Protect|||M|||50|]Simipour||MysticWater|Torrent|Scald,FlipTurn,IcyWind,FakeOut|||F|||50|]Incineroar||SitrusBerry|Intimidate|ThroatChop,PartingShot,FakeOut,FlareBlitz|||F|||50|]Garchomp||WhiteHerb|RoughSkin|StompingTantrum,RockSlide,Earthquake,Protect|||M|||50|]Aegislash||Leftovers|StanceChange|Poltergeist,SacredSword,ShadowSneak,KingsShield|||M|||50|\n|showteam|p2|Farigiraf||ColburBerry|ArmorTail|HyperVoice,Psychic,TrickRoom,RainDance|||M|||50|]Blastoise||Blastoisinite|Torrent|FakeOut,WaterSpout,DarkPulse,MuddyWater|||F|||50|]Bellibolt||SitrusBerry|Electromorphosis|Discharge,ParabolicCharge,Thunderbolt,Protect|||M|||50|]Mamoswine||FocusSash|Oblivious|Earthquake,IcicleCrash,IceShard,Protect|||F|||50|]Delphox||Delphoxite|Blaze|HeatWave,Psychic,NastyPlot,Protect|||F|||50|]Whimsicott||CobaBerry|Prankster|Moonblast,Tailwind,Encore,SunnyDay|||F|||50|\n|j| Smirkc_01\n|j| teal_knight\n|j| BIGGY STEELS\n|j| 17 character name\n|c|\u2606rawsause w eggos|glhf\n|j| knoxxzeta\n|c|\u2606ohko_muk|Glhf\n|j| Zonkah\n|l| BIGGY STEELS\n|j| mynamegrassgreen\n|j| ido1234567890\n|l| ido1234567890\n|\n|t:|1776450516\n|teamsize|p1|4\n|teamsize|p2|4\n|start\n|switch|p1a: Aerodactyl|Aerodactyl, L50, M|100/100\n|switch|p1b: Simipour|Simipour, L50, F|100/100\n|switch|p2a: Delphox|Delphox, L50, F|100/100\n|switch|p2b: Whimsicott|Whimsicott, L50, F|100/100\n|-ability|p1a: Aerodactyl|Unnerve\n|turn|1\n|j| qmurda\n|l| 17 character name\n|inactive|Battle timer is ON: inactive players will automatically lose when time's up. (requested by ohko_muk)\n|\n|t:|1776450588\n|switch|p2a: Farigiraf|Farigiraf, L50, M|100/100\n|move|p1b: Simipour|Fake Out||[still]\n|cant|p2a: Farigiraf|ability: Armor Tail|Fake Out|[of] p1b: Simipour\n|move|p2b: Whimsicott|Sunny Day|p2b: Whimsicott\n|-weather|SunnyDay\n|move|p1a: Aerodactyl|Rock Slide|p2b: Whimsicott|[spread] p2a,p2b\n|-damage|p2a: Farigiraf|71/100\n|-damage|p2b: Whimsicott|74/100\n|\n|-weather|SunnyDay|[upkeep]\n|upkeep\n|turn|2\n|j| ido1234567890\n|l| ido1234567890\n|inactive|rawsause w eggos has 30 seconds left.\n|inactive|ohko_muk has 30 seconds left.\n|inactive|rawsause w eggos has 20 seconds left.\n|inactive|ohko_muk has 20 seconds left.\n|inactive|rawsause w eggos has 15 seconds left.\n|\n|t:|1776450631\n|switch|p1a: Meganium|Meganium, L50, F|100/100\n|switch|p1b: Incineroar|Incineroar, L50, F|100/100\n|-ability|p1b: Incineroar|Intimidate|boost\n|-unboost|p2a: Farigiraf|atk|1\n|-unboost|p2b: Whimsicott|atk|1\n|move|p2b: Whimsicott|Tailwind|p2b: Whimsicott\n|-sidestart|p2: ohko_muk|move: Tailwind\n|move|p2a: Farigiraf|Hyper Voice|p1b: Incineroar|[spread] p1a,p1b\n|-damage|p1a: Meganium|64/100\n|-damage|p1b: Incineroar|72/100\n|\n|-weather|SunnyDay|[upkeep]\n|upkeep\n|turn|3\n|inactive|rawsause w eggos has 30 seconds left.\n|\n|t:|1776450665\n|detailschange|p1a: Meganium|Meganium-Mega, L50, F\n|-mega|p1a: Meganium|Meganium|Meganiumite\n|move|p2b: Whimsicott|Moonblast|p1b: Incineroar\n|-damage|p1b: Incineroar|52/100\n|move|p2a: Farigiraf|Hyper Voice|p1b: Incineroar|[spread] p1a,p1b\n|-damage|p1a: Meganium|34/100\n|-damage|p1b: Incineroar|28/100\n|-enditem|p1b: Incineroar|Sitrus Berry|[eat]\n|-heal|p1b: Incineroar|53/100|[from] item: Sitrus Berry\n|move|p1a: Meganium|Dazzling Gleam|p2b: Whimsicott|[spread] p2a,p2b\n|-damage|p2a: Farigiraf|37/100\n|-damage|p2b: Whimsicott|30/100\n|move|p1b: Incineroar|Parting Shot|p2b: Whimsicott\n|-unboost|p2b: Whimsicott|atk|1\n|-unboost|p2b: Whimsicott|spa|1\n|c|\u2606ohko_muk|I respect the simipour\n|\n|t:|1776450678\n|switch|p1b: Aerodactyl|Aerodactyl, L50, M|100/100|[from] Parting Shot\n|-ability|p1b: Aerodactyl|Unnerve\n|\n|-weather|SunnyDay|[upkeep]\n|upkeep\n|turn|4\n|inactive|rawsause w eggos has 30 seconds left.\n|\n|t:|1776450710\n|switch|p2a: Delphox|Delphox, L50, F|100/100\n|move|p2b: Whimsicott|Moonblast|p1b: Aerodactyl\n|-damage|p1b: Aerodactyl|75/100\n|move|p1b: Aerodactyl|Tailwind|p1b: Aerodactyl\n|-sidestart|p1: rawsause w eggos|move: Tailwind\n|move|p1a: Meganium|Dazzling Gleam|p2a: Delphox|[spread] p2a,p2b\n|-resisted|p2a: Delphox|1\n|-damage|p2a: Delphox|81/100\n|-damage|p2b: Whimsicott|0 fnt\n|faint|p2b: Whimsicott\n|\n|-weather|SunnyDay|[upkeep]\n|upkeep\n|\n|t:|1776450724\n|switch|p2b: Mamoswine|Mamoswine, L50, F|100/100\n|turn|5\n|inactive|rawsause w eggos has 30 seconds left.\n|inactive|ohko_muk has 30 seconds left.\n|inactive|ohko_muk has 20 seconds left.\n|inactive|ohko_muk has 15 seconds left.\n|inactive|ohko_muk has 10 seconds left.\n|\n|t:|1776450771\n|detailschange|p2a: Delphox|Delphox-Mega, L50, F\n|-mega|p2a: Delphox|Delphox|Delphoxite\n|move|p1b: Aerodactyl|Protect|p1b: Aerodactyl\n|-singleturn|p1b: Aerodactyl|Protect\n|move|p2b: Mamoswine|Ice Shard|p1b: Aerodactyl\n|-activate|p1b: Aerodactyl|move: Protect\n|move|p2a: Delphox|Nasty Plot|p2a: Delphox\n|-boost|p2a: Delphox|spa|2\n|move|p1a: Meganium|Solar Beam||[still]\n|-prepare|p1a: Meganium|Solar Beam\n|-anim|p1a: Meganium|Solar Beam|p2b: Mamoswine\n|-supereffective|p2b: Mamoswine|1\n|-enditem|p2b: Mamoswine|Focus Sash\n|-damage|p2b: Mamoswine|1/100\n|\n|-weather|none\n|-sideend|p2: ohko_muk|move: Tailwind\n|upkeep\n|turn|6\n|\n|t:|1776450794\n|move|p2a: Delphox|Protect|p2a: Delphox\n|-singleturn|p2a: Delphox|Protect\n|move|p2b: Mamoswine|Ice Shard|p1b: Aerodactyl\n|-supereffective|p1b: Aerodactyl|1\n|-damage|p1b: Aerodactyl|0 fnt\n|faint|p1b: Aerodactyl\n|move|p1a: Meganium|Dazzling Gleam|p2b: Mamoswine|[spread] p2b\n|-activate|p2a: Delphox|move: Protect\n|-damage|p2b: Mamoswine|0 fnt\n|faint|p2b: Mamoswine\n|\n|upkeep\n|\n|t:|1776450804\n|switch|p1b: Simipour|Simipour, L50, F|100/100\n|switch|p2b: Farigiraf|Farigiraf, L50, M|37/100\n|turn|7\n|\n|t:|1776450818\n|move|p2a: Delphox|Protect|p2a: Delphox\n|-singleturn|p2a: Delphox|Protect\n|move|p1b: Simipour|Scald|p2a: Delphox\n|-activate|p2a: Delphox|move: Protect\n|move|p1a: Meganium|Dazzling Gleam|p2b: Farigiraf|[spread] p2b\n|-activate|p2a: Delphox|move: Protect\n|-damage|p2b: Farigiraf|3/100\n|move|p2b: Farigiraf|Hyper Voice|p1a: Meganium|[spread] p1a,p1b\n|-damage|p1a: Meganium|5/100\n|-damage|p1b: Simipour|41/100\n|\n|-sideend|p1: rawsause w eggos|move: Tailwind\n|upkeep\n|turn|8\n|c|\u2606rawsause w eggos|oh no bro\n|c|\u2606ohko_muk|Mb\n|c|\u2606rawsause w eggos|had to play to ur outs\n|inactive|rawsause w eggos has 30 seconds left.\n|inactive|ohko_muk has 30 seconds left.\n|\n|t:|1776450852\n|move|p1a: Meganium|Protect|p1a: Meganium\n|-singleturn|p1a: Meganium|Protect\n|move|p2a: Delphox|Heat Wave|p1b: Simipour|[spread] p1b\n|-activate|p1a: Meganium|move: Protect\n|-resisted|p1b: Simipour|1\n|-damage|p1b: Simipour|0 fnt\n|faint|p1b: Simipour\n|move|p2b: Farigiraf|Hyper Voice|p1a: Meganium\n|-activate|p1a: Meganium|move: Protect\n|\n|upkeep\n|l| teal_knight\n|\n|t:|1776450858\n|switch|p1b: Incineroar|Incineroar, L50, F|53/100\n|-ability|p1b: Incineroar|Intimidate|boost\n|-unboost|p2a: Delphox|atk|1\n|-unboost|p2b: Farigiraf|atk|1\n|turn|9\n|inactive|ohko_muk has 30 seconds left.\n|inactive|ohko_muk has 20 seconds left.\n|inactive|ohko_muk has 15 seconds left.\n|\n|t:|1776450899\n|move|p2a: Delphox|Heat Wave|p1a: Meganium|[spread] p1a,p1b\n|-supereffective|p1a: Meganium|1\n|-resisted|p1b: Incineroar|1\n|-damage|p1a: Meganium|0 fnt\n|-damage|p1b: Incineroar|24/100\n|faint|p1a: Meganium\n|move|p1b: Incineroar|Throat Chop|p2a: Delphox\n|-supereffective|p2a: Delphox|1\n|-damage|p2a: Delphox|0 fnt\n|faint|p2a: Delphox\n|move|p2b: Farigiraf|Trick Room|p2b: Farigiraf\n|-fieldstart|move: Trick Room|[of] p2b: Farigiraf\n|\n|upkeep\n|turn|10\n|\n|t:|1776450908\n|move|p2b: Farigiraf|Hyper Voice|p1b: Incineroar\n|-damage|p1b: Incineroar|0 fnt\n|faint|p1b: Incineroar\n|\n|win|ohko_muk\n|n|\u2606rawsause w eggos|rawsauseweggos\n|n|\u2606ohko_muk|ohkomuk\n|n| Smirkc_01|smirkc01\n|n| knoxxzeta|knoxxzeta\n|n| Zonkah|zonkah\n|n| mynamegrassgreen|mynamegrassgreen\n|n| qmurda|qmurda\n|c|\u2606rawsause w eggos|ggwp\n|c|\u2606ohko_muk|Ggwp\n|l| Smirkc_01\n|j| holdingb\n|c|\u2606ohko_muk|Nice monkey\n|c|\u2606rawsause w eggos|thx\n|l| knoxxzeta\n|c|\u2606rawsause w eggos|nice beli and mamo\n|c|\u2606rawsause w eggos|didnt expect ice shard to do 75% to aero\n|c|\u2606rawsause w eggos|i knew mamo was strong but it still amazes me how strong it is\n|c|\u2606ohko_muk|Funny duo, yeah I've done that a bunch of times surprised me too\n|c|\u2606ohko_muk|But yeah I should've switched in farig but misclicked\n|j| ido1234567890\n|c|\u2606rawsause w eggos|wanting to click fake out is hard vs farig teams so i made sure to grab the 4 that can still function when fake out has been denied\n|c|\u2606rawsause w eggos|and play aero real smart\n|l| mynamegrassgreen\n",
  "uploadtime": 1776450908,
  "views": 26,
  "formatid": "gen9championsvgc2026regma",
  "rating": null,
  "private": 0,
  "password": null
}