{
  "id": "gen9championsvgc2026regma-2588892697",
  "format": "[Gen 9 Champions] VGC 2026 Reg M-A",
  "players": [
    "DeDonutNoob",
    "wubbafeet"
  ],
  "log": "|j|\u2606DeDonutNoob\n|j|\u2606wubbafeet\n|t:|1776683159\n|gametype|doubles\n|player|p1|DeDonutNoob|266|1174\n|player|p2|wubbafeet|266|1164\n|gen|9\n|tier|[Gen 9 Champions] VGC 2026 Reg M-A\n|rated|\n|rule|Species Clause: Limit one of each Pok\u00e9mon\n|rule|Item Clause: Limit 1 of each item\n|clearpoke\n|poke|p1|Gardevoir, L50, F|\n|poke|p1|Sneasler, L50, F|\n|poke|p1|Arcanine-Hisui, L50, F|\n|poke|p1|Garchomp, L50, M|\n|poke|p1|Sinistcha-Masterpiece, L50|\n|poke|p1|Kingambit, L50, M|\n|poke|p2|Camerupt, L50, M|\n|poke|p2|Farigiraf, L50, F|\n|poke|p2|Weavile, L50, M|\n|poke|p2|Torkoal, L50, M|\n|poke|p2|Sinistcha, L50|\n|poke|p2|Incineroar, L50, M|\n|teampreview|4\n|\n|t:|1776683203\n|teamsize|p1|4\n|teamsize|p2|4\n|start\n|switch|p1a: Kingambit|Kingambit, L50, M|100/100\n|switch|p1b: Garchomp|Garchomp, L50, M|100/100\n|switch|p2a: Camerupt|Camerupt, L50, M|100/100\n|switch|p2b: Farigiraf|Farigiraf, L50, F|100/100\n|turn|1\n|\n|t:|1776683219\n|switch|p2b: Incineroar|Incineroar, L50, M|100/100\n|-ability|p2b: Incineroar|Intimidate|boost\n|-unboost|p1a: Kingambit|atk|1\n|-ability|p1a: Kingambit|Defiant|boost\n|-boost|p1a: Kingambit|atk|2\n|-unboost|p1b: Garchomp|atk|1\n|detailschange|p2a: Camerupt|Camerupt-Mega, L50, M\n|-mega|p2a: Camerupt|Camerupt|Cameruptite\n|move|p1b: Garchomp|Rock Slide|p2b: Incineroar|[spread] p2a,p2b\n|-supereffective|p2b: Incineroar|1\n|-damage|p2a: Camerupt|85/100\n|-damage|p2b: Incineroar|71/100\n|move|p1a: Kingambit|Kowtow Cleave|p2b: Incineroar\n|-resisted|p2b: Incineroar|1\n|-damage|p2b: Incineroar|27/100\n|move|p2a: Camerupt|Heat Wave|p1b: Garchomp|[spread] p1a,p1b\n|-supereffective|p1a: Kingambit|1\n|-resisted|p1b: Garchomp|1\n|-damage|p1a: Kingambit|4/100\n|-damage|p1b: Garchomp|67/100\n|\n|upkeep\n|turn|2\n|\n|t:|1776683247\n|move|p1a: Kingambit|Protect|p1a: Kingambit\n|-singleturn|p1a: Kingambit|Protect\n|move|p2b: Incineroar|Fake Out|p1a: Kingambit\n|-activate|p1a: Kingambit|move: Protect\n|move|p1b: Garchomp|Rock Slide|p2b: Incineroar|[spread] p2a,p2b\n|-supereffective|p2b: Incineroar|1\n|-damage|p2a: Camerupt|72/100\n|-damage|p2b: Incineroar|0 fnt\n|faint|p2b: Incineroar\n|move|p2a: Camerupt|Earth Power|p1b: Garchomp\n|-damage|p1b: Garchomp|0 fnt\n|faint|p1b: Garchomp\n|\n|upkeep\n|\n|t:|1776683263\n|switch|p1b: Sneasler|Sneasler, L50, F|100/100\n|switch|p2b: Torkoal|Torkoal, L50, M|100/100\n|-weather|SunnyDay|[from] ability: Drought|[of] p2b: Torkoal\n|turn|3\n|\n|t:|1776683277\n|move|p1b: Sneasler|Close Combat|p2a: Camerupt\n|-damage|p2a: Camerupt|3/100\n|-unboost|p1b: Sneasler|def|1\n|-unboost|p1b: Sneasler|spd|1\n|-enditem|p1b: Sneasler|White Herb\n|-clearnegativeboost|p1b: Sneasler|[silent]\n|move|p1a: Kingambit|Kowtow Cleave|p2b: Torkoal\n|-damage|p2b: Torkoal|39/100\n|move|p2a: Camerupt|Heat Wave|p1a: Kingambit|[spread] p1a,p1b\n|-supereffective|p1a: Kingambit|1\n|-damage|p1a: Kingambit|0 fnt\n|-damage|p1b: Sneasler|0 fnt\n|faint|p1a: Kingambit\n|faint|p1b: Sneasler\n|move|p2b: Torkoal|Heat Wave|p1: Kingambit|[notarget]\n|-fail|p2b: Torkoal\n|\n|-weather|SunnyDay|[upkeep]\n|upkeep\n|\n|t:|1776683286\n|switch|p1b: Arcanine|Arcanine-Hisui, L50, F|100/100\n|-ability|p1b: Arcanine|Intimidate|boost\n|-unboost|p2a: Camerupt|atk|1\n|-unboost|p2b: Torkoal|atk|1\n|turn|4\n|\n|t:|1776683300\n|move|p1b: Arcanine|Rock Slide|p2a: Camerupt|[spread] p2a\n|-miss|p1b: Arcanine|p2b: Torkoal\n|-damage|p2a: Camerupt|0 fnt\n|faint|p2a: Camerupt\n|move|p2b: Torkoal|Earth Power|p1b: Arcanine\n|-supereffective|p1b: Arcanine|2\n|-damage|p1b: Arcanine|8/100\n|\n|-weather|SunnyDay|[upkeep]\n|upkeep\n|\n|t:|1776683308\n|switch|p2a: Farigiraf|Farigiraf, L50, F|100/100\n|turn|5\n|\n|t:|1776683317\n|move|p1b: Arcanine|Flare Blitz|p2a: Farigiraf\n|-damage|p2a: Farigiraf|23/100\n|-enditem|p2a: Farigiraf|Sitrus Berry|[eat]\n|-heal|p2a: Farigiraf|48/100|[from] item: Sitrus Berry\n|-damage|p1b: Arcanine|0 fnt|[from] Recoil\n|faint|p1b: Arcanine\n|\n|win|wubbafeet\n|raw|DeDonutNoob's rating: 1174 &rarr; <strong>1148</strong><br />(-26 for losing)\n|raw|wubbafeet's rating: 1164 &rarr; <strong>1190</strong><br />(+26 for winning)\n",
  "uploadtime": 1776683318,
  "views": 9,
  "formatid": "gen9championsvgc2026regma",
  "rating": 1148,
  "private": 0,
  "password": null
}