{
  "id": "gen9championsvgc2026regma-2585182646",
  "format": "[Gen 9 Champions] VGC 2026 Reg M-A",
  "players": [
    "bertoskyT",
    "Phillip Blevin"
  ],
  "log": "|j|\u2606bertoskyT\n|j|\u2606Phillip Blevin\n|t:|1776322066\n|gametype|doubles\n|player|p1|bertoskyT|ethan|1160\n|player|p2|Phillip Blevin|cynthia-masters4|1254\n|gen|9\n|tier|[Gen 9 Champions] VGC 2026 Reg M-A\n|rated|\n|rule|Species Clause: Limit one of each Pok\u00e9mon\n|rule|Item Clause: Limit 1 of each item\n|clearpoke\n|poke|p1|Glaceon, L50, F|\n|poke|p1|Froslass, L50, F|\n|poke|p1|Sneasler, L50, M|\n|poke|p1|Talonflame, L50, F|\n|poke|p1|Maushold-Four, L50|\n|poke|p1|Palafin, L50, F|\n|poke|p2|Ceruledge, L50, M|\n|poke|p2|Corviknight, L50, M|\n|poke|p2|Garchomp, L50, F|\n|poke|p2|Arcanine-Hisui, L50, M|\n|poke|p2|Froslass, L50, F|\n|poke|p2|Rotom-Wash, L50|\n|teampreview|4\n|inactive|Battle timer is ON: inactive players will automatically lose when time's up. (requested by Phillip Blevin)\nPhillip Blevin has agreed to open team sheets.\n|inactive|bertoskyT has 60 seconds left.\n|inactive|Phillip Blevin has 60 seconds left.\n|\n|t:|1776322114\n|teamsize|p1|4\n|teamsize|p2|4\n|start\n|switch|p1a: Talonflame|Talonflame, L50, F|100/100\n|switch|p1b: Palafin|Palafin, L50, F|100/100\n|switch|p2a: Rotom|Rotom-Wash, L50|100/100\n|switch|p2b: Ceruledge|Ceruledge, L50, M|100/100\n|turn|1\n|\n|t:|1776322127\n|move|p2b: Ceruledge|Protect|p2b: Ceruledge\n|-singleturn|p2b: Ceruledge|Protect\n|move|p1a: Talonflame|Tailwind|p1a: Talonflame\n|-sidestart|p1: bertoskyT|move: Tailwind\n|move|p1b: Palafin|Flip Turn|p2b: Ceruledge\n|-activate|p2b: Ceruledge|move: Protect\n|move|p2a: Rotom|Electroweb|p1a: Talonflame|[spread] p1b\n|-miss|p2a: Rotom|p1a: Talonflame\n|-supereffective|p1b: Palafin|1\n|-damage|p1b: Palafin|60/100\n|-unboost|p1b: Palafin|spe|1\n|\n|upkeep\n|turn|2\n|inactive|Phillip Blevin has 30 seconds left.\n|\n|t:|1776322155\n|move|p1a: Talonflame|Brave Bird|p2b: Ceruledge\n|-damage|p2b: Ceruledge|37/100\n|-damage|p1a: Talonflame|80/100|[from] Recoil\n|move|p2a: Rotom|Electroweb|p1a: Talonflame|[spread] p1a,p1b\n|-supereffective|p1a: Talonflame|1\n|-supereffective|p1b: Palafin|1\n|-crit|p1b: Palafin\n|-damage|p1a: Talonflame|30/100\n|-damage|p1b: Palafin|8/100\n|-unboost|p1a: Talonflame|spe|1\n|-unboost|p1b: Palafin|spe|1\n|move|p2b: Ceruledge|Poltergeist|p1b: Palafin\n|-activate|p1b: Palafin|move: Poltergeist|Mystic Water\n|-damage|p1b: Palafin|0 fnt\n|faint|p1b: Palafin\n|\n|upkeep\n|\n|t:|1776322171\n|switch|p1b: Froslass|Froslass, L50, F|100/100\n|turn|3\n|\n|t:|1776322186\n|switch|p1a: Maushold|Maushold-Four, L50|100/100\n|detailschange|p1b: Froslass|Froslass-Mega, L50, F\n|-mega|p1b: Froslass|Froslass|Froslassite\n|-weather|Snowscape|[from] ability: Snow Warning|[of] p1b: Froslass\n|move|p1b: Froslass|Protect|p1b: Froslass\n|-singleturn|p1b: Froslass|Protect\n|move|p2b: Ceruledge|Protect|p2b: Ceruledge\n|-singleturn|p2b: Ceruledge|Protect\n|move|p2a: Rotom|Electroweb|p1a: Maushold|[spread] p1a\n|-activate|p1b: Froslass|move: Protect\n|-damage|p1a: Maushold|83/100\n|-unboost|p1a: Maushold|spe|1\n|\n|-weather|Snowscape|[upkeep]\n|upkeep\n|turn|4\n|inactive|bertoskyT has 30 seconds left.\n|inactive|bertoskyT has 20 seconds left.\n|\n|t:|1776322222\n|move|p1b: Froslass|Nasty Plot|p1b: Froslass\n|-boost|p1b: Froslass|spa|2\n|move|p1a: Maushold|Encore|p2b: Ceruledge\n|-start|p2b: Ceruledge|Encore\n|move|p2b: Ceruledge|Protect|p2b: Ceruledge\n|-singleturn|p2b: Ceruledge|Protect\n|move|p2a: Rotom|Electroweb|p1b: Froslass|[spread] p1a\n|-miss|p2a: Rotom|p1b: Froslass\n|-damage|p1a: Maushold|63/100\n|-unboost|p1a: Maushold|spe|1\n|\n|-weather|Snowscape|[upkeep]\n|-sideend|p1: bertoskyT|move: Tailwind\n|upkeep\n|turn|5\n|\n|t:|1776322234\n|switch|p2b: Arcanine|Arcanine-Hisui, L50, M|100/100\n|-ability|p2b: Arcanine|Intimidate|boost\n|-unboost|p1a: Maushold|atk|1\n|-unboost|p1b: Froslass|atk|1\n|move|p2a: Rotom|Electroweb|p1a: Maushold|[spread] p1a,p1b\n|-damage|p1a: Maushold|45/100\n|-damage|p1b: Froslass|87/100\n|-unboost|p1a: Maushold|spe|1\n|-unboost|p1b: Froslass|spe|1\n|move|p1b: Froslass|Shadow Ball|p2a: Rotom\n|-damage|p2a: Rotom|13/100\n|-unboost|p2a: Rotom|spd|1\n|move|p1a: Maushold|Super Fang|p2a: Rotom\n|-damage|p2a: Rotom|7/100\n|\n|-weather|Snowscape|[upkeep]\n|upkeep\n|turn|6\n|\n|t:|1776322249\n|move|p1a: Maushold|Follow Me|p1a: Maushold\n|-singleturn|p1a: Maushold|move: Follow Me\n|move|p2a: Rotom|Electroweb|p1a: Maushold|[spread] p1a,p1b\n|-damage|p1a: Maushold|26/100\n|-damage|p1b: Froslass|74/100\n|-unboost|p1a: Maushold|spe|1\n|-unboost|p1b: Froslass|spe|1\n|move|p2b: Arcanine|Flare Blitz|p1a: Maushold\n|-damage|p1a: Maushold|0 fnt\n|faint|p1a: Maushold\n|-damage|p2b: Arcanine|92/100|[from] Recoil\n|move|p1b: Froslass|Blizzard|p2b: Arcanine|[spread] p2a,p2b\n|-resisted|p2a: Rotom|1\n|-resisted|p2b: Arcanine|1\n|-damage|p2a: Rotom|0 fnt\n|-damage|p2b: Arcanine|33/100\n|faint|p2a: Rotom\n|\n|-weather|Snowscape|[upkeep]\n|upkeep\n|\n|t:|1776322258\n|switch|p1a: Talonflame|Talonflame, L50, F|30/100\n|switch|p2a: Froslass|Froslass, L50, F|100/100\n|turn|7\n|\n|t:|1776322281\n|move|p1b: Froslass|Protect|p1b: Froslass\n|-singleturn|p1b: Froslass|Protect\n|move|p1a: Talonflame|Tailwind|p1a: Talonflame\n|-sidestart|p1: bertoskyT|move: Tailwind\n|move|p2a: Froslass|Blizzard|p1a: Talonflame|[spread] p1a\n|-activate|p1b: Froslass|move: Protect\n|-crit|p1a: Talonflame\n|-damage|p1a: Talonflame|0 fnt\n|faint|p1a: Talonflame\n|move|p2b: Arcanine|Flare Blitz|p1b: Froslass\n|-activate|p1b: Froslass|move: Protect\n|\n|-weather|none\n|upkeep\n|turn|8\n|\n|t:|1776322291\n|detailschange|p2a: Froslass|Froslass-Mega, L50, F\n|-mega|p2a: Froslass|Froslass|Froslassite\n|-weather|Snowscape|[from] ability: Snow Warning|[of] p2a: Froslass\n|move|p2a: Froslass|Shadow Ball|p1b: Froslass\n|-supereffective|p1b: Froslass|1\n|-damage|p1b: Froslass|0 fnt\n|faint|p1b: Froslass\n|\n|win|Phillip Blevin\n|raw|bertoskyT's rating: 1160 &rarr; <strong>1142</strong><br />(-18 for losing)\n|raw|Phillip Blevin's rating: 1254 &rarr; <strong>1272</strong><br />(+18 for winning)\n",
  "uploadtime": 1776322291,
  "views": 17,
  "formatid": "gen9championsvgc2026regma",
  "rating": 1142,
  "private": 0,
  "password": null
}