{
  "id": "gen9championsvgc2026regma-2583201132",
  "format": "[Gen 9 Champions] VGC 2026 Reg M-A",
  "players": [
    "lolnezan78",
    "4staramon"
  ],
  "log": "|j|\u2606lolnezan78\n|j|\u26064staramon\n|t:|1776154086\n|gametype|doubles\n|player|p1|lolnezan78|brycen|1102\n|player|p2|4staramon|hoopster|1115\n|gen|9\n|tier|[Gen 9 Champions] VGC 2026 Reg M-A\n|rated|\n|rule|Species Clause: Limit one of each Pok\u00e9mon\n|rule|Item Clause: Limit 1 of each item\n|clearpoke\n|poke|p1|Floette-Eternal, L50, F|\n|poke|p1|Incineroar, L50, F|\n|poke|p1|Garchomp, L50, M|\n|poke|p1|Sneasler, L50, F|\n|poke|p1|Aerodactyl, L50, M|\n|poke|p1|Rotom-Wash, L50|\n|poke|p2|Aggron, L50, M|\n|poke|p2|Tyranitar, L50, F|\n|poke|p2|Excadrill, L50, F|\n|poke|p2|Meowstic, L50, M|\n|poke|p2|Incineroar, L50, F|\n|poke|p2|Sinistcha, L50|\n|teampreview|4\n4staramon has agreed to open team sheets.\n|inactive|Battle timer is ON: inactive players will automatically lose when time's up. (requested by lolnezan78)\nlolnezan78 has agreed to open team sheets.\n|showteam|p1|Floette-Eternal||Floettite|FlowerVeil|DazzlingGleam,Moonblast,CalmMind,Protect|||F|||50|]Incineroar||SitrusBerry|Intimidate|FakeOut,PartingShot,FlareBlitz,ThroatChop|||F|||50|]Garchomp||SoftSand|RoughSkin|Earthquake,StompingTantrum,DragonClaw,Protect|||M|||50|]Sneasler||WhiteHerb|Unburden|FakeOut,CloseCombat,DireClaw,Protect|||F|||50|]Aerodactyl||FocusSash|Unnerve|DualWingbeat,RockSlide,Tailwind,Protect|||M|||50|]Rotom-Wash||ChoiceScarf|Levitate|HydroPump,VoltSwitch,Electroweb,WillOWisp||||||50|\n|showteam|p2|Aggron||Aggronite|Sturdy|BodyPress,HeavySlam,RockSlide,Protect|||M|||50|]Tyranitar||SitrusBerry|SandStream|Protect,RockSlide,Crunch,LowKick|||F|||50|]Excadrill||SoftSand|SandRush|Protect,Earthquake,HighHorsepower,IronHead|||F|||50|]Meowstic||FocusSash|Prankster|Reflect,LightScreen,Protect,Psychic|||M|||50|]Incineroar||ShucaBerry|Intimidate|FakeOut,Protect,FlareBlitz,PartingShot|||F|||50|]Sinistcha||Leftovers|Hospitality|Protect,MatchaGotcha,LifeDew,RagePowder||||||50|\n|\n|t:|1776154130\n|teamsize|p1|4\n|teamsize|p2|4\n|start\n|switch|p1a: Rotom|Rotom-Wash, L50|100/100\n|switch|p1b: Garchomp|Garchomp, L50, M|100/100\n|switch|p2a: Aggron|Aggron, L50, M|100/100\n|switch|p2b: Meowstic|Meowstic, L50, M|100/100\n|turn|1\n|\n|t:|1776154151\n|detailschange|p2a: Aggron|Aggron-Mega, L50, M\n|-mega|p2a: Aggron|Aggron|Aggronite\n|move|p2a: Aggron|Protect|p2a: Aggron\n|-singleturn|p2a: Aggron|Protect\n|move|p2b: Meowstic|Reflect|p2b: Meowstic\n|-sidestart|p2: 4staramon|Reflect\n|move|p1a: Rotom|Will-O-Wisp|p2a: Aggron\n|-activate|p2a: Aggron|move: Protect\n|move|p1b: Garchomp|Earthquake|p2a: Aggron|[spread] p2b\n|-activate|p2a: Aggron|move: Protect\n|-immune|p1a: Rotom|[from] ability: Levitate\n|-damage|p2b: Meowstic|60/100\n|\n|upkeep\n|turn|2\n|\n|t:|1776154169\n|move|p2b: Meowstic|Light Screen|p2b: Meowstic\n|-sidestart|p2: 4staramon|move: Light Screen\n|move|p1a: Rotom|Will-O-Wisp|p2a: Aggron\n|-status|p2a: Aggron|brn\n|move|p1b: Garchomp|Earthquake|p2b: Meowstic|[spread] p2a,p2b\n|-immune|p1a: Rotom|[from] ability: Levitate\n|-supereffective|p2a: Aggron|1\n|-damage|p2a: Aggron|80/100 brn\n|-damage|p2b: Meowstic|19/100\n|move|p2a: Aggron|Body Press|p1a: Rotom\n|-damage|p1a: Rotom|73/100\n|\n|-damage|p2a: Aggron|75/100 brn|[from] brn\n|upkeep\n|turn|3\n|\n|t:|1776154190\n|switch|p1a: Incineroar|Incineroar, L50, F|100/100\n|-ability|p1a: Incineroar|Intimidate|boost\n|-unboost|p2a: Aggron|atk|1\n|-unboost|p2b: Meowstic|atk|1\n|switch|p2a: Incineroar|Incineroar, L50, F|100/100\n|-ability|p2a: Incineroar|Intimidate|boost\n|-unboost|p1a: Incineroar|atk|1\n|-unboost|p1b: Garchomp|atk|1\n|move|p1b: Garchomp|Stomping Tantrum|p2a: Incineroar\n|-supereffective|p2a: Incineroar|1\n|-enditem|p2a: Incineroar|Shuca Berry|[eat]\n|-enditem|p2a: Incineroar|Shuca Berry|[weaken]\n|-damage|p2a: Incineroar|80/100\n|move|p2b: Meowstic|Psychic|p1a: Incineroar\n|-immune|p1a: Incineroar\n|\n|upkeep\n|turn|4\n|inactive|lolnezan78 has 30 seconds left.\n|\n|t:|1776154216\n|move|p2b: Meowstic|Protect|p2b: Meowstic\n|-singleturn|p2b: Meowstic|Protect\n|move|p1b: Garchomp|Stomping Tantrum|p2b: Meowstic\n|-activate|p2b: Meowstic|move: Protect\n|move|p1a: Incineroar|Parting Shot|p2a: Incineroar\n|-unboost|p2a: Incineroar|atk|1\n|-unboost|p2a: Incineroar|spa|1\n|\n|t:|1776154222\n|switch|p1a: Rotom|Rotom-Wash, L50|73/100|[from] Parting Shot\n|move|p2a: Incineroar|Parting Shot|p1b: Garchomp\n|-unboost|p1b: Garchomp|atk|1\n|-unboost|p1b: Garchomp|spa|1\n|\n|t:|1776154232\n|switch|p2a: Sinistcha|Sinistcha, L50|100/100|[from] Parting Shot\n|-heal|p2b: Meowstic|44/100|[from] ability: Hospitality|[of] p2a: Sinistcha\n|\n|upkeep\n|turn|5\n|\n|t:|1776154246\n|switch|p1b: Incineroar|Incineroar, L50, F|100/100\n|-ability|p1b: Incineroar|Intimidate|boost\n|-unboost|p2a: Sinistcha|atk|1\n|-unboost|p2b: Meowstic|atk|1\n|move|p1a: Rotom|Electroweb|p2b: Meowstic|[spread] p2a,p2b\n|-resisted|p2a: Sinistcha|1\n|-damage|p2a: Sinistcha|95/100\n|-damage|p2b: Meowstic|33/100\n|-unboost|p2a: Sinistcha|spe|1\n|-unboost|p2b: Meowstic|spe|1\n|move|p2b: Meowstic|Psychic|p1a: Rotom\n|-damage|p1a: Rotom|42/100\n|move|p2a: Sinistcha|Matcha Gotcha|p1b: Incineroar|[spread] p1a,p1b\n|-supereffective|p1a: Rotom|1\n|-resisted|p1b: Incineroar|1\n|-damage|p1a: Rotom|0 fnt\n|-heal|p2a: Sinistcha|100/100|[from] drain|[of] p1a: Rotom\n|-damage|p1b: Incineroar|89/100\n|faint|p1a: Rotom\n|\n|-sideend|p2: 4staramon|Reflect\n|upkeep\n|\n|t:|1776154265\n|switch|p1a: Sneasler|Sneasler, L50, F|100/100\n|turn|6\n|\n|t:|1776154278\n|move|p2b: Meowstic|Reflect|p2b: Meowstic\n|-sidestart|p2: 4staramon|Reflect\n|move|p1a: Sneasler|Dire Claw|p2a: Sinistcha\n|-damage|p2a: Sinistcha|78/100\n|move|p1b: Incineroar|Parting Shot|p2b: Meowstic\n|-unboost|p2b: Meowstic|atk|1\n|-unboost|p2b: Meowstic|spa|1\n|\n|t:|1776154284\n|switch|p1b: Garchomp|Garchomp, L50, M|100/100|[from] Parting Shot\n|move|p2a: Sinistcha|Life Dew|p2a: Sinistcha|[spread] p2a,p2b\n|-heal|p2a: Sinistcha|100/100\n|-heal|p2b: Meowstic|59/100\n|\n|-sideend|p2: 4staramon|move: Light Screen\n|upkeep\n|turn|7\n|\n|t:|1776154299\n|switch|p2b: Incineroar|Incineroar, L50, F|80/100\n|-ability|p2b: Incineroar|Intimidate|boost\n|-unboost|p1a: Sneasler|atk|1\n|-unboost|p1b: Garchomp|atk|1\n|-enditem|p1a: Sneasler|White Herb\n|-clearnegativeboost|p1a: Sneasler|[silent]\n|move|p1a: Sneasler|Dire Claw|p2b: Incineroar\n|-damage|p2b: Incineroar|54/100\n|-status|p2b: Incineroar|slp\n|move|p1b: Garchomp|Dragon Claw|p2b: Incineroar\n|-damage|p2b: Incineroar|35/100 slp\n|move|p2a: Sinistcha|Life Dew||[still]|[spread] p2a,p2b\n|-fail|p2a: Sinistcha|heal\n|-heal|p2b: Incineroar|60/100 slp\n|\n|upkeep\n|turn|8\n|\n|t:|1776154322\n|cant|p2b: Incineroar|slp\n|move|p1a: Sneasler|Dire Claw|p2a: Sinistcha\n|-damage|p2a: Sinistcha|79/100\n|move|p1b: Garchomp|Dragon Claw|p2a: Sinistcha\n|-damage|p2a: Sinistcha|62/100\n|move|p2a: Sinistcha|Matcha Gotcha|p1a: Sneasler|[spread] p1a,p1b\n|-resisted|p1a: Sneasler|1\n|-crit|p1a: Sneasler\n|-damage|p1a: Sneasler|75/100\n|-heal|p2a: Sinistcha|74/100|[from] drain|[of] p1a: Sneasler\n|-damage|p1b: Garchomp|72/100\n|-heal|p2a: Sinistcha|89/100|[from] drain|[of] p1b: Garchomp\n|\n|-heal|p2a: Sinistcha|95/100|[from] item: Leftovers\n|upkeep\n|turn|9\n|\n|t:|1776154343\n|switch|p1b: Incineroar|Incineroar, L50, F|89/100\n|-ability|p1b: Incineroar|Intimidate|boost\n|-unboost|p2a: Sinistcha|atk|1\n|-unboost|p2b: Incineroar|atk|1\n|move|p1a: Sneasler|Protect|p1a: Sneasler\n|-singleturn|p1a: Sneasler|Protect\n|cant|p2b: Incineroar|slp\n|move|p2a: Sinistcha|Matcha Gotcha|p1a: Sneasler|[spread] p1b\n|-activate|p1a: Sneasler|move: Protect\n|-resisted|p1b: Incineroar|1\n|-damage|p1b: Incineroar|78/100\n|-heal|p2a: Sinistcha|100/100|[from] drain|[of] p1b: Incineroar\n|\n|upkeep\n|turn|10\n|\n|t:|1776154360\n|move|p2a: Sinistcha|Rage Powder|p2a: Sinistcha\n|-singleturn|p2a: Sinistcha|move: Rage Powder\n|move|p1a: Sneasler|Close Combat|p2a: Sinistcha\n|-immune|p2a: Sinistcha\n|move|p1b: Incineroar|Flare Blitz|p2a: Sinistcha\n|-supereffective|p2a: Sinistcha|1\n|-damage|p2a: Sinistcha|48/100\n|-damage|p1b: Incineroar|62/100|[from] Recoil\n|-curestatus|p2b: Incineroar|slp|[msg]\n|move|p2b: Incineroar|Parting Shot|p1a: Sneasler\n|-unboost|p1a: Sneasler|atk|1\n|-unboost|p1a: Sneasler|spa|1\n|\n|t:|1776154372\n|switch|p2b: Meowstic|Meowstic, L50, M|59/100|[from] Parting Shot\n|\n|-heal|p2a: Sinistcha|54/100|[from] item: Leftovers\n|-sideend|p2: 4staramon|Reflect\n|upkeep\n|turn|11\n|\n|t:|1776154381\n|move|p1a: Sneasler|Protect|p1a: Sneasler\n|-singleturn|p1a: Sneasler|Protect\n|move|p2b: Meowstic|Reflect|p2b: Meowstic\n|-sidestart|p2: 4staramon|Reflect\n|move|p1b: Incineroar|Flare Blitz|p2a: Sinistcha\n|-supereffective|p2a: Sinistcha|1\n|-damage|p2a: Sinistcha|3/100\n|-status|p2a: Sinistcha|brn\n|-damage|p1b: Incineroar|48/100|[from] Recoil\n|-enditem|p1b: Incineroar|Sitrus Berry|[eat]\n|-heal|p1b: Incineroar|72/100|[from] item: Sitrus Berry\n|move|p2a: Sinistcha|Life Dew|p2a: Sinistcha|[spread] p2a,p2b\n|-heal|p2a: Sinistcha|28/100 brn\n|-heal|p2b: Meowstic|84/100\n|\n|-heal|p2a: Sinistcha|34/100 brn|[from] item: Leftovers\n|-damage|p2a: Sinistcha|28/100 brn|[from] brn\n|upkeep\n|turn|12\n|inactive|4staramon has 30 seconds left.\n|\n|t:|1776154408\n|switch|p1a: Garchomp|Garchomp, L50, M|72/100\n|move|p2a: Sinistcha|Protect|p2a: Sinistcha\n|-singleturn|p2a: Sinistcha|Protect\n|move|p2b: Meowstic|Psychic|p1a: Garchomp\n|-damage|p1a: Garchomp|37/100\n|move|p1b: Incineroar|Throat Chop|p2a: Sinistcha\n|-activate|p2a: Sinistcha|move: Protect\n|\n|-heal|p2a: Sinistcha|34/100 brn|[from] item: Leftovers\n|-damage|p2a: Sinistcha|28/100 brn|[from] brn\n|upkeep\n|turn|13\n|\n|t:|1776154429\n|switch|p2b: Incineroar|Incineroar, L50, F|60/100\n|-ability|p2b: Incineroar|Intimidate|boost\n|-unboost|p1a: Garchomp|atk|1\n|-unboost|p1b: Incineroar|atk|1\n|move|p1a: Garchomp|Stomping Tantrum|p2a: Sinistcha\n|-resisted|p2a: Sinistcha|1\n|-damage|p2a: Sinistcha|20/100 brn\n|move|p1b: Incineroar|Flare Blitz|p2a: Sinistcha\n|-supereffective|p2a: Sinistcha|1\n|-damage|p2a: Sinistcha|0 fnt\n|faint|p2a: Sinistcha\n|-damage|p1b: Incineroar|66/100|[from] Recoil\n|\n|upkeep\n|\n|t:|1776154441\n|switch|p2a: Aggron|Aggron-Mega, L50, M|75/100 brn\n|turn|14\n|\n|t:|1776154452\n|move|p1a: Garchomp|Protect|p1a: Garchomp\n|-singleturn|p1a: Garchomp|Protect\n|move|p2b: Incineroar|Fake Out|p1a: Garchomp\n|-activate|p1a: Garchomp|move: Protect\n|move|p1b: Incineroar|Parting Shot|p2a: Aggron\n|-unboost|p2a: Aggron|atk|1\n|-unboost|p2a: Aggron|spa|1\n|\n|t:|1776154459\n|switch|p1b: Sneasler|Sneasler, L50, F|75/100|[from] Parting Shot\n|move|p2a: Aggron|Body Press|p1b: Sneasler\n|-resisted|p1b: Sneasler|1\n|-damage|p1b: Sneasler|56/100\n|\n|-damage|p2a: Aggron|69/100 brn|[from] brn\n|upkeep\n|turn|15\n|\n|t:|1776154474\n|switch|p2a: Meowstic|Meowstic, L50, M|84/100\n|move|p1b: Sneasler|Protect|p1b: Sneasler\n|-singleturn|p1b: Sneasler|Protect\n|move|p1a: Garchomp|Earthquake|p2a: Meowstic|[spread] p2a,p2b\n|-activate|p1b: Sneasler|move: Protect\n|-supereffective|p2b: Incineroar|1\n|-damage|p2a: Meowstic|56/100\n|-damage|p2b: Incineroar|19/100\n|move|p2b: Incineroar|Flare Blitz|p1b: Sneasler\n|-activate|p1b: Sneasler|move: Protect\n|\n|-sideend|p2: 4staramon|Reflect\n|upkeep\n|turn|16\n|\n|t:|1776154492\n|move|p2b: Incineroar|Protect|p2b: Incineroar\n|-singleturn|p2b: Incineroar|Protect\n|move|p2a: Meowstic|Reflect|p2a: Meowstic\n|-sidestart|p2: 4staramon|Reflect\n|move|p1b: Sneasler|Dire Claw|p2a: Meowstic\n|-crit|p2a: Meowstic\n|-damage|p2a: Meowstic|0 fnt\n|faint|p2a: Meowstic\n|move|p1a: Garchomp|Dragon Claw|p2b: Incineroar\n|-activate|p2b: Incineroar|move: Protect\n|\n|upkeep\n|\n|t:|1776154498\n|switch|p2a: Aggron|Aggron-Mega, L50, M|69/100 brn\n|turn|17\n|\n|t:|1776154513\n|switch|p1a: Incineroar|Incineroar, L50, F|66/100\n|-ability|p1a: Incineroar|Intimidate|boost\n|-unboost|p2a: Aggron|atk|1\n|-unboost|p2b: Incineroar|atk|1\n|move|p1b: Sneasler|Close Combat|p2b: Incineroar\n|-supereffective|p2b: Incineroar|1\n|-damage|p2b: Incineroar|0 fnt\n|-unboost|p1b: Sneasler|def|1\n|-unboost|p1b: Sneasler|spd|1\n|faint|p2b: Incineroar\n|move|p2a: Aggron|Heavy Slam|p1a: Incineroar\n|-resisted|p1a: Incineroar|1\n|-damage|p1a: Incineroar|59/100\n|\n|-damage|p2a: Aggron|63/100 brn|[from] brn\n|upkeep\n|turn|18\n|\n|t:|1776154527\n|move|p1a: Incineroar|Fake Out|p2a: Aggron\n|-resisted|p2a: Aggron|1\n|-damage|p2a: Aggron|61/100 brn\n|move|p1b: Sneasler|Close Combat|p2a: Aggron\n|-supereffective|p2a: Aggron|1\n|-damage|p2a: Aggron|32/100 brn\n|-unboost|p1b: Sneasler|def|1\n|-unboost|p1b: Sneasler|spd|1\n|cant|p2a: Aggron|flinch\n|\n|-damage|p2a: Aggron|26/100 brn|[from] brn\n|upkeep\n|turn|19\n|\n|t:|1776154535\n|move|p1b: Sneasler|Close Combat|p2a: Aggron\n|-supereffective|p2a: Aggron|1\n|-damage|p2a: Aggron|0 fnt\n|-unboost|p1b: Sneasler|def|1\n|-unboost|p1b: Sneasler|spd|1\n|faint|p2a: Aggron\n|\n|win|lolnezan78\n|raw|lolnezan78's rating: 1102 &rarr; <strong>1128</strong><br />(+26 for winning)\n|raw|4staramon's rating: 1115 &rarr; <strong>1089</strong><br />(-26 for losing)\n|l|\u26064staramon\n|player|p2|\n",
  "uploadtime": 1776154555,
  "views": 30,
  "formatid": "gen9championsvgc2026regma",
  "rating": 1089,
  "private": 0,
  "password": null
}