{
  "id": "gen9championsvgc2026regma-2589500548",
  "format": "[Gen 9 Champions] VGC 2026 Reg M-A",
  "players": [
    "scrambledegg62",
    "Pocketeer"
  ],
  "log": "|j|\u2606scrambledegg62\n|j|\u2606Pocketeer\n|t:|1776728636\n|gametype|doubles\n|player|p1|scrambledegg62|lance|1350\n|player|p2|Pocketeer|flint|1341\n|gen|9\n|tier|[Gen 9 Champions] VGC 2026 Reg M-A\n|rated|\n|rule|Species Clause: Limit one of each Pok\u00e9mon\n|rule|Item Clause: Limit 1 of each item\n|clearpoke\n|poke|p1|Talonflame, L50, M, shiny|\n|poke|p1|Floette-Eternal, L50, F|\n|poke|p1|Garchomp, L50, M, shiny|\n|poke|p1|Basculegion, L50, M, shiny|\n|poke|p1|Sneasler, L50, F|\n|poke|p1|Farigiraf, L50, M, shiny|\n|poke|p2|Kangaskhan, L50, F|\n|poke|p2|Floette-Eternal, L50, F|\n|poke|p2|Whimsicott, L50, M|\n|poke|p2|Typhlosion-Hisui, L50, F|\n|poke|p2|Milotic, L50, M|\n|poke|p2|Incineroar, L50, M|\n|teampreview|4\n|inactive|Battle timer is ON: inactive players will automatically lose when time's up. (requested by Pocketeer)\n|inactive|scrambledegg62 also wants the timer to be on.\n|inactive|Pocketeer has 60 seconds left.\n|\n|t:|1776728668\n|teamsize|p1|4\n|teamsize|p2|4\n|start\n|switch|p1a: Talonflame|Talonflame, L50, M, shiny|100/100\n|switch|p1b: Garchomp|Garchomp, L50, M, shiny|100/100\n|switch|p2a: Typhlosion|Typhlosion-Hisui, L50, F|100/100\n|switch|p2b: Floette|Floette-Eternal, L50, F|100/100\n|-item|p1a: Talonflame|Sharp Beak|[from] ability: Frisk|[of] p2a: Typhlosion\n|-item|p1b: Garchomp|Soft Sand|[from] ability: Frisk|[of] p2a: Typhlosion\n|turn|1\n|\n|t:|1776728682\n|switch|p2a: Incineroar|Incineroar, L50, M|100/100\n|-ability|p2a: Incineroar|Intimidate|boost\n|-unboost|p1a: Talonflame|atk|1\n|-unboost|p1b: Garchomp|atk|1\n|detailschange|p2b: Floette|Floette-Mega, L50, F\n|-mega|p2b: Floette|Floette|Floettite\n|-ability|p2b: Floette|Fairy Aura\n|move|p1a: Talonflame|Tailwind|p1a: Talonflame\n|-sidestart|p1: scrambledegg62|move: Tailwind\n|move|p1b: Garchomp|Earthquake|p2a: Incineroar|[spread] p2a,p2b\n|-immune|p1a: Talonflame\n|-supereffective|p2a: Incineroar|1\n|-damage|p2a: Incineroar|49/100\n|-damage|p2b: Floette|65/100\n|move|p2b: Floette|Dazzling Gleam|p1a: Talonflame|[spread] p1a,p1b\n|-resisted|p1a: Talonflame|1\n|-supereffective|p1b: Garchomp|1\n|-damage|p1a: Talonflame|62/100\n|-damage|p1b: Garchomp|0 fnt\n|faint|p1b: Garchomp\n|\n|upkeep\n|\n|t:|1776728698\n|switch|p1b: Sneasler|Sneasler, L50, F|100/100\n|turn|2\n|\n|t:|1776728717\n|switch|p2a: Typhlosion|Typhlosion-Hisui, L50, F|100/100\n|-item|p1a: Talonflame|Sharp Beak|[from] ability: Frisk|[of] p2a: Typhlosion\n|-item|p1b: Sneasler|Focus Sash|[from] ability: Frisk|[of] p2a: Typhlosion\n|move|p2b: Floette|Protect|p2b: Floette\n|-singleturn|p2b: Floette|Protect\n|move|p1b: Sneasler|Feint|p2b: Floette\n|-activate|p2b: Floette|move: Feint\n|-damage|p2b: Floette|53/100\n|move|p1a: Talonflame|Brave Bird|p2b: Floette\n|-damage|p2b: Floette|5/100\n|-damage|p1a: Talonflame|43/100|[from] Recoil\n|\n|upkeep\n|turn|3\n|inactive|scrambledegg62 has 30 seconds left.\n|\n|t:|1776728744\n|switch|p2b: Milotic|Milotic, L50, M|100/100\n|move|p1b: Sneasler|Gunk Shot|p2a: Typhlosion\n|-resisted|p2a: Typhlosion|1\n|-damage|p2a: Typhlosion|54/100\n|move|p1a: Talonflame|Brave Bird|p2a: Typhlosion\n|-damage|p2a: Typhlosion|0 fnt\n|faint|p2a: Typhlosion\n|-damage|p1a: Talonflame|26/100|[from] Recoil\n|\n|upkeep\n|\n|t:|1776728749\n|switch|p2a: Incineroar|Incineroar, L50, M|49/100\n|-ability|p2a: Incineroar|Intimidate|boost\n|-unboost|p1a: Talonflame|atk|1\n|-unboost|p1b: Sneasler|atk|1\n|turn|4\n|\n|t:|1776728761\n|move|p1a: Talonflame|Protect|p1a: Talonflame\n|-singleturn|p1a: Talonflame|Protect\n|move|p2a: Incineroar|Fake Out|p1b: Sneasler\n|-damage|p1b: Sneasler|80/100\n|cant|p1b: Sneasler|flinch\n|move|p2b: Milotic|Coil|p2b: Milotic\n|-boost|p2b: Milotic|atk|1\n|-boost|p2b: Milotic|def|1\n|-boost|p2b: Milotic|accuracy|1\n|\n|-sideend|p1: scrambledegg62|move: Tailwind\n|upkeep\n|turn|5\n|\n|t:|1776728774\n|move|p1b: Sneasler|Close Combat|p2a: Incineroar\n|-supereffective|p2a: Incineroar|1\n|-enditem|p2a: Incineroar|Chople Berry|[eat]\n|-enditem|p2a: Incineroar|Chople Berry|[weaken]\n|-damage|p2a: Incineroar|15/100\n|-unboost|p1b: Sneasler|def|1\n|-unboost|p1b: Sneasler|spd|1\n|move|p1a: Talonflame|Tailwind|p1a: Talonflame\n|-sidestart|p1: scrambledegg62|move: Tailwind\n|move|p2b: Milotic|Coil|p2b: Milotic\n|-boost|p2b: Milotic|atk|1\n|-boost|p2b: Milotic|def|1\n|-boost|p2b: Milotic|accuracy|1\n|move|p2a: Incineroar|Flare Blitz|p1b: Sneasler\n|-damage|p1b: Sneasler|0 fnt\n|faint|p1b: Sneasler\n|-damage|p2a: Incineroar|0 fnt|[from] Recoil\n|faint|p2a: Incineroar\n|\n|upkeep\n|\n|t:|1776728786\n|switch|p1b: Floette|Floette-Eternal, L50, F|100/100\n|switch|p2a: Floette|Floette-Mega, L50, F|5/100\n|-ability|p2a: Floette|Fairy Aura\n|turn|6\n|\n|t:|1776728798\n|detailschange|p1b: Floette|Floette-Mega, L50, F\n|-mega|p1b: Floette|Floette|Floettite\n|-ability|p1b: Floette|Fairy Aura\n|move|p2a: Floette|Protect|p2a: Floette\n|-singleturn|p2a: Floette|Protect\n|move|p1a: Talonflame|Brave Bird|p2b: Milotic\n|-damage|p2b: Milotic|87/100\n|-damage|p1a: Talonflame|20/100|[from] Recoil\n|move|p1b: Floette|Light of Ruin|p2b: Milotic\n|-damage|p2b: Milotic|3/100\n|-damage|p1b: Floette|44/100|[from] Recoil\n|move|p2b: Milotic|Hypnosis|p1b: Floette\n|-status|p1b: Floette|slp|[from] move: Hypnosis\n|\n|-heal|p2b: Milotic|9/100|[from] item: Leftovers\n|upkeep\n|turn|7\n|inactive|scrambledegg62 has 30 seconds left.\n|\n|t:|1776728826\n|move|p1a: Talonflame|Brave Bird|p2a: Floette\n|-damage|p2a: Floette|0 fnt\n|faint|p2a: Floette\n|-damage|p1a: Talonflame|18/100|[from] Recoil\n|cant|p1b: Floette|slp\n|move|p2b: Milotic|Muddy Water|p1a: Talonflame|[spread] p1a,p1b\n|-supereffective|p1a: Talonflame|1\n|-damage|p1a: Talonflame|0 fnt\n|-damage|p1b: Floette|22/100 slp\n|faint|p1a: Talonflame\n|\n|-heal|p2b: Milotic|15/100|[from] item: Leftovers\n|upkeep\n|turn|8\n|\n|t:|1776728839\n|cant|p1b: Floette|slp\n|move|p2b: Milotic|Muddy Water|p1b: Floette\n|-damage|p1b: Floette|0 fnt\n|faint|p1b: Floette\n|\n|win|Pocketeer\n|raw|scrambledegg62's rating: 1350 &rarr; <strong>1329</strong><br />(-21 for losing)\n|raw|Pocketeer's rating: 1341 &rarr; <strong>1362</strong><br />(+21 for winning)\n",
  "uploadtime": 1776728839,
  "views": 3,
  "formatid": "gen9championsvgc2026regma",
  "rating": 1329,
  "private": 0,
  "password": null
}