{
  "id": "gen9championsvgc2026regma-2588856871",
  "format": "[Gen 9 Champions] VGC 2026 Reg M-A",
  "players": [
    "RijdendeRechter",
    "orcapie"
  ],
  "log": "|j|\u2606RijdendeRechter\n|j|\u2606orcapie\n|t:|1776679158\n|gametype|doubles\n|player|p1|RijdendeRechter|hiker-gen4|1376\n|player|p2|orcapie|170|1382\n|gen|9\n|tier|[Gen 9 Champions] VGC 2026 Reg M-A\n|rated|\n|rule|Species Clause: Limit one of each Pok\u00e9mon\n|rule|Item Clause: Limit 1 of each item\n|clearpoke\n|poke|p1|Scovillain, L50, F|\n|poke|p1|Primarina, L50, F|\n|poke|p1|Rotom-Heat, L50|\n|poke|p1|Excadrill, L50, M|\n|poke|p1|Hydreigon, L50, M|\n|poke|p1|Farigiraf, L50, M|\n|poke|p2|Scovillain, L50, F|\n|poke|p2|Tyranitar, L50, F|\n|poke|p2|Excadrill, L50, F|\n|poke|p2|Milotic, L50, M|\n|poke|p2|Floette-Eternal, L50, F|\n|poke|p2|Corviknight, L50, F|\n|teampreview|4\n|\n|t:|1776679217\n|teamsize|p1|4\n|teamsize|p2|4\n|start\n|switch|p1a: Rotom|Rotom-Heat, L50|100/100\n|switch|p1b: Primarina|Primarina, L50, F|100/100\n|switch|p2a: Milotic|Milotic, L50, M|100/100\n|switch|p2b: Corviknight|Corviknight, L50, F|100/100\n|turn|1\n|\n|t:|1776679240\n|switch|p2b: Tyranitar|Tyranitar, L50, F|100/100\n|-weather|Sandstorm|[from] ability: Sand Stream|[of] p2b: Tyranitar\n|move|p1a: Rotom|Volt Switch|p2b: Tyranitar\n|-damage|p2b: Tyranitar|80/100\n|\n|t:|1776679247\n|switch|p1a: Scovillain|Scovillain, L50, F|100/100|[from] Volt Switch\n|move|p2a: Milotic|Coil|p2a: Milotic\n|-boost|p2a: Milotic|atk|1\n|-boost|p2a: Milotic|def|1\n|-boost|p2a: Milotic|accuracy|1\n|move|p1b: Primarina|Calm Mind|p1b: Primarina\n|-boost|p1b: Primarina|spa|1\n|-boost|p1b: Primarina|spd|1\n|\n|-weather|Sandstorm|[upkeep]\n|-damage|p2a: Milotic|95/100|[from] Sandstorm\n|-damage|p1a: Scovillain|95/100|[from] Sandstorm\n|-damage|p1b: Primarina|94/100|[from] Sandstorm\n|-heal|p2a: Milotic|100/100|[from] item: Leftovers\n|-heal|p1b: Primarina|100/100|[from] item: Leftovers\n|-ability|p1a: Scovillain|Moody|boost\n|-boost|p1a: Scovillain|spd|2\n|-unboost|p1a: Scovillain|spa|1\n|upkeep\n|turn|2\n|\n|t:|1776679296\n|detailschange|p2b: Tyranitar|Tyranitar-Mega, L50, F\n|-mega|p2b: Tyranitar|Tyranitar|Tyranitarite\n|move|p1a: Scovillain|Protect|p1a: Scovillain\n|-singleturn|p1a: Scovillain|Protect\n|move|p2b: Tyranitar|Dragon Dance|p2b: Tyranitar\n|-boost|p2b: Tyranitar|atk|1\n|-boost|p2b: Tyranitar|spe|1\n|move|p2a: Milotic|Hypnosis|p1b: Primarina\n|-status|p1b: Primarina|slp|[from] move: Hypnosis\n|cant|p1b: Primarina|slp\n|\n|-weather|Sandstorm|[upkeep]\n|-damage|p2a: Milotic|95/100|[from] Sandstorm\n|-damage|p1a: Scovillain|89/100|[from] Sandstorm\n|-damage|p1b: Primarina|94/100 slp|[from] Sandstorm\n|-heal|p2a: Milotic|100/100|[from] item: Leftovers\n|-heal|p1b: Primarina|100/100 slp|[from] item: Leftovers\n|-ability|p1a: Scovillain|Moody|boost\n|-boost|p1a: Scovillain|def|2\n|-unboost|p1a: Scovillain|spd|1\n|upkeep\n|turn|3\n|\n|t:|1776679327\n|detailschange|p1a: Scovillain|Scovillain-Mega, L50, F\n|-mega|p1a: Scovillain|Scovillain|Scovillainite\n|move|p2b: Tyranitar|Dragon Dance|p2b: Tyranitar\n|-boost|p2b: Tyranitar|atk|1\n|-boost|p2b: Tyranitar|spe|1\n|move|p2a: Milotic|Hypnosis|p1a: Scovillain\n|-status|p1a: Scovillain|slp|[from] move: Hypnosis\n|cant|p1a: Scovillain|slp\n|-curestatus|p1b: Primarina|slp|[msg]\n|move|p1b: Primarina|Moonblast|p2b: Tyranitar\n|-supereffective|p2b: Tyranitar|1\n|-damage|p2b: Tyranitar|0 fnt\n|faint|p2b: Tyranitar\n|\n|-weather|Sandstorm|[upkeep]\n|-damage|p2a: Milotic|95/100|[from] Sandstorm\n|-damage|p1a: Scovillain|83/100 slp|[from] Sandstorm\n|-damage|p1b: Primarina|94/100|[from] Sandstorm\n|-heal|p2a: Milotic|100/100|[from] item: Leftovers\n|-heal|p1b: Primarina|100/100|[from] item: Leftovers\n|upkeep\n|\n|t:|1776679347\n|switch|p2b: Corviknight|Corviknight, L50, F|100/100\n|turn|4\n|\n|t:|1776679359\n|move|p1b: Primarina|Protect|p1b: Primarina\n|-singleturn|p1b: Primarina|Protect\n|move|p2a: Milotic|Hypnosis|p1b: Primarina\n|-activate|p1b: Primarina|move: Protect\n|cant|p1a: Scovillain|slp\n|move|p2b: Corviknight|Bulk Up|p2b: Corviknight\n|-boost|p2b: Corviknight|atk|1\n|-boost|p2b: Corviknight|def|1\n|\n|-weather|Sandstorm|[upkeep]\n|-damage|p2a: Milotic|95/100|[from] Sandstorm\n|-damage|p1a: Scovillain|77/100 slp|[from] Sandstorm\n|-damage|p1b: Primarina|94/100|[from] Sandstorm\n|-heal|p2a: Milotic|100/100|[from] item: Leftovers\n|-heal|p1b: Primarina|100/100|[from] item: Leftovers\n|upkeep\n|turn|5\n|\n|t:|1776679379\n|-curestatus|p1a: Scovillain|slp|[msg]\n|move|p1a: Scovillain|Rage Powder|p1a: Scovillain\n|-singleturn|p1a: Scovillain|move: Rage Powder\n|move|p2a: Milotic|Hypnosis|p1a: Scovillain|[miss]\n|-miss|p2a: Milotic|p1a: Scovillain\n|move|p1b: Primarina|Hyper Voice|p2a: Milotic|[spread] p2a,p2b\n|-resisted|p2a: Milotic|1\n|-damage|p2a: Milotic|82/100\n|-damage|p2b: Corviknight|50/100\n|-enditem|p2b: Corviknight|Sitrus Berry|[eat]\n|-heal|p2b: Corviknight|75/100|[from] item: Sitrus Berry\n|move|p2b: Corviknight|Bulk Up|p2b: Corviknight\n|-boost|p2b: Corviknight|atk|1\n|-boost|p2b: Corviknight|def|1\n|\n|-weather|none\n|-heal|p2a: Milotic|88/100|[from] item: Leftovers\n|upkeep\n|turn|6\n|\n|t:|1776679401\n|move|p1a: Scovillain|Rage Powder|p1a: Scovillain\n|-singleturn|p1a: Scovillain|move: Rage Powder\n|move|p2a: Milotic|Hypnosis|p1a: Scovillain|[miss]\n|-miss|p2a: Milotic|p1a: Scovillain\n|move|p1b: Primarina|Hyper Voice|p2b: Corviknight|[spread] p2a,p2b\n|-resisted|p2a: Milotic|1\n|-damage|p2a: Milotic|70/100\n|-damage|p2b: Corviknight|24/100\n|move|p2b: Corviknight|Bulk Up|p2b: Corviknight\n|-boost|p2b: Corviknight|atk|1\n|-boost|p2b: Corviknight|def|1\n|\n|-heal|p2a: Milotic|76/100|[from] item: Leftovers\n|upkeep\n|turn|7\n|-message|orcapie forfeited.\n|\n|win|RijdendeRechter\n|raw|RijdendeRechter's rating: 1376 &rarr; <strong>1396</strong><br />(+20 for winning)\n|raw|orcapie's rating: 1382 &rarr; <strong>1362</strong><br />(-20 for losing)\n|l|\u2606orcapie\n|player|p2|\n",
  "uploadtime": 1776679450,
  "views": 10,
  "formatid": "gen9championsvgc2026regma",
  "rating": 1362,
  "private": 0,
  "password": null
}