{
  "id": "gen9championsvgc2026regma-2581819538",
  "format": "[Gen 9 Champions] VGC 2026 Reg M-A",
  "players": [
    "vousetesmesfils",
    "JPXL"
  ],
  "log": "|j|\u2606vousetesmesfils\n|j|\u2606JPXL\n|t:|1776030992\n|gametype|doubles\n|player|p1|vousetesmesfils|n|1004\n|player|p2|JPXL|169|1060\n|gen|9\n|tier|[Gen 9 Champions] VGC 2026 Reg M-A\n|rated|\n|rule|Species Clause: Limit one of each Pok\u00e9mon\n|rule|Item Clause: Limit 1 of each item\n|clearpoke\n|poke|p1|Gengar, L50, M|\n|poke|p1|Politoed, L50, M|\n|poke|p1|Archaludon, L50, M|\n|poke|p1|Incineroar, L50, M|\n|poke|p1|Sinistcha-Masterpiece, L50|\n|poke|p1|Beartic, L50, F|\n|poke|p2|Floette-Eternal, L50, F|\n|poke|p2|Sinistcha, L50|\n|poke|p2|Incineroar, L50, F|\n|poke|p2|Sneasler, L50, M|\n|poke|p2|Gengar, L50, M|\n|poke|p2|Ninetales-Alola, L50, M|\n|teampreview|4\n|inactive|Battle timer is ON: inactive players will automatically lose when time's up. (requested by vousetesmesfils)\n|inactive|vousetesmesfils has 60 seconds left.\n|inactive|JPXL has 60 seconds left.\n|\n|t:|1776031042\n|teamsize|p1|4\n|teamsize|p2|4\n|start\n|switch|p1a: Gengar|Gengar, L50, M|100/100\n|switch|p1b: Incineroar|Incineroar, L50, M|100/100\n|switch|p2a: Floette|Floette-Eternal, L50, F|100/100\n|switch|p2b: Incineroar|Incineroar, L50, F|100/100\n|-ability|p2b: Incineroar|Intimidate|boost\n|-unboost|p1a: Gengar|atk|1\n|-unboost|p1b: Incineroar|atk|1\n|-ability|p1b: Incineroar|Intimidate|boost\n|-unboost|p2a: Floette|atk|1\n|-unboost|p2b: Incineroar|atk|1\n|turn|1\n|inactive|vousetesmesfils has 30 seconds left.\n|inactive|JPXL has 30 seconds left.\n|inactive|vousetesmesfils has 20 seconds left.\n|inactive|vousetesmesfils has 15 seconds left.\n|\n|t:|1776031084\n|detailschange|p2a: Floette|Floette-Mega, L50, F\n|-mega|p2a: Floette|Floette|Floettite\n|-ability|p2a: Floette|Fairy Aura\n|move|p1a: Gengar|Protect|p1a: Gengar\n|-singleturn|p1a: Gengar|Protect\n|move|p2a: Floette|Protect|p2a: Floette\n|-singleturn|p2a: Floette|Protect\n|move|p1b: Incineroar|Protect|p1b: Incineroar\n|-singleturn|p1b: Incineroar|Protect\n|move|p2b: Incineroar|Parting Shot|p1a: Gengar\n|-activate|p1a: Gengar|move: Protect\n|\n|upkeep\n|turn|2\n|inactive|vousetesmesfils has 30 seconds left.\n|inactive|vousetesmesfils has 20 seconds left.\n|inactive|vousetesmesfils has 15 seconds left.\n|inactive|JPXL has 30 seconds left.\n|\n|t:|1776031132\n|switch|p1b: Politoed|Politoed, L50, M|100/100\n|-weather|RainDance|[from] ability: Drizzle|[of] p1b: Politoed\n|detailschange|p1a: Gengar|Gengar-Mega, L50, M\n|-mega|p1a: Gengar|Gengar|Gengarite\n|move|p1a: Gengar|Perish Song|p1a: Gengar\n|-start|p1a: Gengar|perish3|[silent]\n|-start|p1b: Politoed|perish3|[silent]\n|-start|p2a: Floette|perish3|[silent]\n|-start|p2b: Incineroar|perish3|[silent]\n|-fieldactivate|move: Perish Song\n|move|p2a: Floette|Calm Mind|p2a: Floette\n|-boost|p2a: Floette|spa|1\n|-boost|p2a: Floette|spd|1\n|move|p2b: Incineroar|Darkest Lariat|p1a: Gengar\n|-supereffective|p1a: Gengar|1\n|-damage|p1a: Gengar|49/100\n|\n|-weather|RainDance|[upkeep]\n|-start|p1a: Gengar|perish3\n|-start|p2a: Floette|perish3\n|-start|p2b: Incineroar|perish3\n|-start|p1b: Politoed|perish3\n|upkeep\n|turn|3\n|inactive|vousetesmesfils has 30 seconds left.\n|inactive|JPXL has 30 seconds left.\n|inactive|vousetesmesfils has 20 seconds left.\n|\n|t:|1776031172\n|move|p1a: Gengar|Protect|p1a: Gengar\n|-singleturn|p1a: Gengar|Protect\n|move|p2a: Floette|Calm Mind|p2a: Floette\n|-boost|p2a: Floette|spa|1\n|-boost|p2a: Floette|spd|1\n|move|p2b: Incineroar|Parting Shot|p1b: Politoed\n|-unboost|p1b: Politoed|atk|1\n|-unboost|p1b: Politoed|spa|1\n|\n|t:|1776031181\n|switch|p2b: Ninetales|Ninetales-Alola, L50, M|100/100|[from] Parting Shot\n|-weather|Snowscape|[from] ability: Snow Warning|[of] p2b: Ninetales\n|move|p1b: Politoed|Weather Ball|p2b: Ninetales\n|-resisted|p2b: Ninetales|1\n|-damage|p2b: Ninetales|94/100\n|\n|-weather|Snowscape|[upkeep]\n|-start|p1a: Gengar|perish2\n|-start|p2a: Floette|perish2\n|-start|p1b: Politoed|perish2\n|upkeep\n|turn|4\n|c|\u2606vousetesmesfils|nice play\n|\n|t:|1776031203\n|switch|p1b: Incineroar|Incineroar, L50, M|100/100\n|-ability|p1b: Incineroar|Intimidate|boost\n|-unboost|p2a: Floette|atk|1\n|-unboost|p2b: Ninetales|atk|1\n|move|p1a: Gengar|Protect|p1a: Gengar\n|-singleturn|p1a: Gengar|Protect\n|move|p2b: Ninetales|Blizzard|p1a: Gengar|[spread] p1b\n|-activate|p1a: Gengar|move: Protect\n|-resisted|p1b: Incineroar|1\n|-damage|p1b: Incineroar|92/100\n|move|p2a: Floette|Draining Kiss|p1b: Incineroar\n|-damage|p1b: Incineroar|33/100\n|-enditem|p1b: Incineroar|Sitrus Berry|[eat]\n|-heal|p1b: Incineroar|58/100|[from] item: Sitrus Berry\n|\n|-weather|Snowscape|[upkeep]\n|-start|p1a: Gengar|perish1\n|-start|p2a: Floette|perish1\n|upkeep\n|turn|5\n|inactive|vousetesmesfils has 30 seconds left.\n|inactive|JPXL has 30 seconds left.\n|\n|t:|1776031229\n|switch|p1a: Politoed|Politoed, L50, M|100/100\n|-weather|RainDance|[from] ability: Drizzle|[of] p1a: Politoed\n|move|p1b: Incineroar|Fake Out|p2a: Floette\n|-damage|p2a: Floette|93/100\n|move|p2b: Ninetales|Aurora Veil||[still]\n|-fail|p2b: Ninetales\n|cant|p2a: Floette|flinch\n|\n|-weather|RainDance|[upkeep]\n|-start|p2a: Floette|perish0\n|upkeep\n|faint|p2a: Floette\n|\n|t:|1776031244\n|switch|p2a: Incineroar|Incineroar, L50, F|100/100\n|-ability|p2a: Incineroar|Intimidate|boost\n|-unboost|p1a: Politoed|atk|1\n|-unboost|p1b: Incineroar|atk|1\n|turn|6\n|inactive|vousetesmesfils has 30 seconds left.\n|\n|t:|1776031272\n|switch|p2b: Sinistcha|Sinistcha, L50|100/100\n|switch|p1b: Gengar|Gengar-Mega, L50, M|49/100\n|move|p2a: Incineroar|Fake Out|p1a: Politoed\n|-damage|p1a: Politoed|91/100\n|cant|p1a: Politoed|flinch\n|\n|-weather|RainDance|[upkeep]\n|-heal|p1a: Politoed|97/100|[from] item: Leftovers\n|upkeep\n|turn|7\n|inactive|vousetesmesfils has 30 seconds left.\n|inactive|vousetesmesfils has 20 seconds left.\n|\n|t:|1776031311\n|move|p1b: Gengar|Shadow Ball|p2b: Sinistcha\n|-supereffective|p2b: Sinistcha|1\n|-damage|p2b: Sinistcha|30/100\n|-unboost|p2b: Sinistcha|spd|1\n|-enditem|p2b: Sinistcha|Sitrus Berry|[eat]\n|-heal|p2b: Sinistcha|54/100|[from] item: Sitrus Berry\n|move|p2a: Incineroar|Darkest Lariat|p1b: Gengar\n|-supereffective|p1b: Gengar|1\n|-damage|p1b: Gengar|0 fnt\n|faint|p1b: Gengar\n|move|p2b: Sinistcha|Matcha Gotcha|p1a: Politoed\n|-supereffective|p1a: Politoed|1\n|-damage|p1a: Politoed|48/100\n|-heal|p2b: Sinistcha|82/100|[from] drain|[of] p1a: Politoed\n|move|p1a: Politoed|Weather Ball|p2a: Incineroar\n|-supereffective|p2a: Incineroar|1\n|-damage|p2a: Incineroar|38/100\n|\n|-weather|RainDance|[upkeep]\n|-heal|p2a: Incineroar|44/100|[from] item: Leftovers\n|-heal|p1a: Politoed|54/100|[from] item: Leftovers\n|upkeep\n|\n|t:|1776031331\n|switch|p1b: Incineroar|Incineroar, L50, M|58/100\n|-ability|p1b: Incineroar|Intimidate|boost\n|-unboost|p2a: Incineroar|atk|1\n|-unboost|p2b: Sinistcha|atk|1\n|turn|8\n|\n|t:|1776031350\n|switch|p2a: Ninetales|Ninetales-Alola, L50, M|94/100\n|-weather|Snowscape|[from] ability: Snow Warning|[of] p2a: Ninetales\n|move|p1b: Incineroar|Fake Out|p2a: Ninetales\n|-damage|p2a: Ninetales|85/100\n|move|p1a: Politoed|Perish Song|p1a: Politoed\n|-start|p1a: Politoed|perish3|[silent]\n|-start|p1b: Incineroar|perish3|[silent]\n|-start|p2a: Ninetales|perish3|[silent]\n|-start|p2b: Sinistcha|perish3|[silent]\n|-fieldactivate|move: Perish Song\n|move|p2b: Sinistcha|Matcha Gotcha|p1b: Incineroar|[spread] p1a,p1b\n|-supereffective|p1a: Politoed|1\n|-resisted|p1b: Incineroar|1\n|-damage|p1a: Politoed|14/100\n|-heal|p2b: Sinistcha|100/100|[from] drain|[of] p1a: Politoed\n|-damage|p1b: Incineroar|48/100\n|\n|-weather|Snowscape|[upkeep]\n|-heal|p1a: Politoed|20/100|[from] item: Leftovers\n|-start|p2a: Ninetales|perish3\n|-start|p1a: Politoed|perish3\n|-start|p2b: Sinistcha|perish3\n|-start|p1b: Incineroar|perish3\n|upkeep\n|turn|9\n|\n|t:|1776031373\n|switch|p1a: Archaludon|Archaludon, L50, M|100/100\n|switch|p2b: Incineroar|Incineroar, L50, F|44/100\n|-ability|p2b: Incineroar|Intimidate|boost\n|-unboost|p1a: Archaludon|atk|1\n|-unboost|p1b: Incineroar|atk|1\n|move|p2a: Ninetales|Aurora Veil|p2a: Ninetales\n|-sidestart|p2: JPXL|move: Aurora Veil\n|move|p1b: Incineroar|Parting Shot|p2b: Incineroar\n|-unboost|p2b: Incineroar|atk|1\n|-unboost|p2b: Incineroar|spa|1\n|\n|t:|1776031383\n|switch|p1b: Politoed|Politoed, L50, M|20/100|[from] Parting Shot\n|-weather|RainDance|[from] ability: Drizzle|[of] p1b: Politoed\n|\n|-weather|RainDance|[upkeep]\n|-heal|p2b: Incineroar|50/100|[from] item: Leftovers\n|-heal|p1b: Politoed|26/100|[from] item: Leftovers\n|-start|p2a: Ninetales|perish2\n|upkeep\n|turn|10\n|inactive|JPXL has 30 seconds left.\n|inactive|JPXL has 20 seconds left.\n|inactive|JPXL has 15 seconds left.\n|\n|t:|1776031426\n|switch|p2a: Sinistcha|Sinistcha, L50|100/100\n|-heal|p2b: Incineroar|75/100|[from] ability: Hospitality|[of] p2a: Sinistcha\n|switch|p1b: Incineroar|Incineroar, L50, M|48/100\n|-ability|p1b: Incineroar|Intimidate|boost\n|-unboost|p2a: Sinistcha|atk|1\n|-unboost|p2b: Incineroar|atk|1\n|move|p1a: Archaludon|Flash Cannon|p2a: Sinistcha\n|-damage|p2a: Sinistcha|76/100\n|move|p2b: Incineroar|Darkest Lariat|p1b: Incineroar\n|-resisted|p1b: Incineroar|1\n|-damage|p1b: Incineroar|41/100\n|\n|-weather|RainDance|[upkeep]\n|-heal|p2b: Incineroar|81/100|[from] item: Leftovers\n|upkeep\n|turn|11\n|inactive|vousetesmesfils has 30 seconds left.\n|inactive|JPXL has 30 seconds left.\n|inactive|vousetesmesfils has 20 seconds left.\n|inactive|JPXL has 20 seconds left.\n|inactive|vousetesmesfils has 15 seconds left.\n|\n|t:|1776031467\n|switch|p2a: Ninetales|Ninetales-Alola, L50, M|85/100\n|-weather|Snowscape|[from] ability: Snow Warning|[of] p2a: Ninetales\n|move|p1b: Incineroar|Protect|p1b: Incineroar\n|-singleturn|p1b: Incineroar|Protect\n|move|p1a: Archaludon|Electro Shot||[still]\n|-prepare|p1a: Archaludon|Electro Shot\n|-boost|p1a: Archaludon|spa|1\n|move|p2b: Incineroar|Parting Shot|p1a: Archaludon\n|-unboost|p1a: Archaludon|atk|1\n|-unboost|p1a: Archaludon|spa|1\n|\n|t:|1776031479\n|switch|p2b: Sinistcha|Sinistcha, L50|76/100|[from] Parting Shot\n|-heal|p2a: Ninetales|100/100|[from] ability: Hospitality|[of] p2b: Sinistcha\n|\n|-weather|Snowscape|[upkeep]\n|upkeep\n|turn|12\n|\n|t:|1776031492\n|switch|p2a: Incineroar|Incineroar, L50, F|81/100\n|-ability|p2a: Incineroar|Intimidate|boost\n|-unboost|p1a: Archaludon|atk|1\n|-unboost|p1b: Incineroar|atk|1\n|move|p1a: Archaludon|Electro Shot|p2b: Sinistcha|[from] lockedmove\n|-resisted|p2b: Sinistcha|1\n|-damage|p2b: Sinistcha|61/100\n|move|p2b: Sinistcha|Matcha Gotcha|p1a: Archaludon|[spread] p1a\n|-miss|p2b: Sinistcha|p1b: Incineroar\n|-resisted|p1a: Archaludon|2\n|-damage|p1a: Archaludon|95/100\n|-heal|p2b: Sinistcha|63/100|[from] drain|[of] p1a: Archaludon\n|-ability|p1a: Archaludon|Stamina|boost\n|-boost|p1a: Archaludon|def|1\n|move|p1b: Incineroar|Parting Shot|p2a: Incineroar\n|-unboost|p2a: Incineroar|atk|1\n|-unboost|p2a: Incineroar|spa|1\n|c|\u2606vousetesmesfils|is it possible to tie the games going to last forever\n|\n|t:|1776031514\n|switch|p1b: Politoed|Politoed, L50, M|26/100|[from] Parting Shot\n|-weather|RainDance|[from] ability: Drizzle|[of] p1b: Politoed\n|\n|-weather|RainDance|[upkeep]\n|-heal|p2a: Incineroar|87/100|[from] item: Leftovers\n|-heal|p1b: Politoed|32/100|[from] item: Leftovers\n|upkeep\n|turn|13\n|\n|t:|1776031536\n|move|p1b: Politoed|Protect|p1b: Politoed\n|-singleturn|p1b: Politoed|Protect\n|move|p1a: Archaludon|Flash Cannon|p2a: Incineroar\n|-resisted|p2a: Incineroar|1\n|-damage|p2a: Incineroar|76/100\n|move|p2a: Incineroar|Darkest Lariat|p1b: Politoed\n|-activate|p1b: Politoed|move: Protect\n|move|p2b: Sinistcha|Matcha Gotcha|p1b: Politoed|[spread] p1a\n|-activate|p1b: Politoed|move: Protect\n|-resisted|p1a: Archaludon|2\n|-damage|p1a: Archaludon|89/100\n|-heal|p2b: Sinistcha|66/100|[from] drain|[of] p1a: Archaludon\n|-ability|p1a: Archaludon|Stamina|boost\n|-boost|p1a: Archaludon|def|1\n|\n|-weather|RainDance|[upkeep]\n|-heal|p2a: Incineroar|82/100|[from] item: Leftovers\n|-heal|p1b: Politoed|39/100|[from] item: Leftovers\n|-sideend|p2: JPXL|move: Aurora Veil\n|upkeep\n|turn|14\n|inactive|vousetesmesfils has 30 seconds left.\n|inactive|vousetesmesfils has 20 seconds left.\n|inactive|vousetesmesfils has 15 seconds left.\n|inactive|JPXL has 30 seconds left.\n|inactive|vousetesmesfils has 10 seconds left.\n|\n|t:|1776031567\n|switch|p1b: Incineroar|Incineroar, L50, M|41/100\n|-ability|p1b: Incineroar|Intimidate|boost\n|-unboost|p2a: Incineroar|atk|1\n|-unboost|p2b: Sinistcha|atk|1\n|move|p1a: Archaludon|Flash Cannon|p2b: Sinistcha\n|-damage|p2b: Sinistcha|30/100\n|move|p2a: Incineroar|Parting Shot|p1a: Archaludon\n|-unboost|p1a: Archaludon|atk|1\n|-unboost|p1a: Archaludon|spa|1\n|\n|t:|1776031577\n|switch|p2a: Ninetales|Ninetales-Alola, L50, M|100/100|[from] Parting Shot\n|-weather|Snowscape|[from] ability: Snow Warning|[of] p2a: Ninetales\n|move|p2b: Sinistcha|Matcha Gotcha|p1b: Incineroar|[spread] p1b\n|-miss|p2b: Sinistcha|p1a: Archaludon\n|-resisted|p1b: Incineroar|1\n|-crit|p1b: Incineroar\n|-damage|p1b: Incineroar|25/100\n|-heal|p2b: Sinistcha|39/100|[from] drain|[of] p1b: Incineroar\n|\n|-weather|Snowscape|[upkeep]\n|upkeep\n|turn|15\n|inactive|vousetesmesfils has 10 seconds left this turn.\n|inactive|JPXL has 30 seconds left.\n|\n|t:|1776031606\n|switch|p1a: Politoed|Politoed, L50, M|39/100\n|-weather|RainDance|[from] ability: Drizzle|[of] p1a: Politoed\n|switch|p2b: Incineroar|Incineroar, L50, F|82/100\n|-ability|p2b: Incineroar|Intimidate|boost\n|-unboost|p1a: Politoed|atk|1\n|-unboost|p1b: Incineroar|atk|1\n|move|p1b: Incineroar|Protect|p1b: Incineroar\n|-singleturn|p1b: Incineroar|Protect\n|move|p2a: Ninetales|Aurora Veil||[still]\n|-fail|p2a: Ninetales\n|\n|-weather|RainDance|[upkeep]\n|-heal|p2b: Incineroar|88/100|[from] item: Leftovers\n|-heal|p1a: Politoed|45/100|[from] item: Leftovers\n|upkeep\n|turn|16\n|inactive|vousetesmesfils has 10 seconds left this turn.\n|inactiveoff|Battle timer is now OFF.\n|\n|t:|1776031636\n|switch|p2a: Sinistcha|Sinistcha, L50|39/100\n|-heal|p2b: Incineroar|100/100|[from] ability: Hospitality|[of] p2a: Sinistcha\n|move|p1a: Politoed|Protect|p1a: Politoed\n|-singleturn|p1a: Politoed|Protect\n|move|p2b: Incineroar|Flare Blitz|p1a: Politoed\n|-activate|p1a: Politoed|move: Protect\n|move|p1b: Incineroar|Parting Shot|p2b: Incineroar\n|-unboost|p2b: Incineroar|atk|1\n|-unboost|p2b: Incineroar|spa|1\n|\n|t:|1776031646\n|switch|p1b: Archaludon|Archaludon, L50, M|89/100|[from] Parting Shot\n|\n|-weather|RainDance|[upkeep]\n|-heal|p1a: Politoed|51/100|[from] item: Leftovers\n|upkeep\n|turn|17\n|inactive|Battle timer is ON: inactive players will automatically lose when time's up. (requested by JPXL)\n|inactive|vousetesmesfils has 10 seconds left this turn.\n|inactive|vousetesmesfils has 5 seconds left.\n|\n|t:|1776031661\n|move|p1b: Archaludon|Electro Shot||[still]\n|-prepare|p1b: Archaludon|Electro Shot\n|-boost|p1b: Archaludon|spa|1\n|-anim|p1b: Archaludon|Electro Shot|p2b: Incineroar\n|-damage|p2b: Incineroar|42/100\n|move|p2b: Incineroar|Flare Blitz|p1b: Archaludon\n|-damage|p1b: Archaludon|76/100\n|-ability|p1b: Archaludon|Stamina|boost\n|-boost|p1b: Archaludon|def|1\n|-damage|p2b: Incineroar|38/100|[from] Recoil\n|move|p2a: Sinistcha|Life Dew|p2a: Sinistcha|[spread] p2a,p2b\n|-heal|p2a: Sinistcha|65/100\n|-heal|p2b: Incineroar|63/100\n|move|p1a: Politoed|Weather Ball|p2b: Incineroar\n|-supereffective|p2b: Incineroar|1\n|-damage|p2b: Incineroar|0 fnt\n|faint|p2b: Incineroar\n|\n|-weather|RainDance|[upkeep]\n|-heal|p1a: Politoed|57/100|[from] item: Leftovers\n|upkeep\n|inactive|JPXL has 30 seconds left.\n|\n|t:|1776031679\n|switch|p2b: Ninetales|Ninetales-Alola, L50, M|100/100\n|-weather|Snowscape|[from] ability: Snow Warning|[of] p2b: Ninetales\n|turn|18\n|inactive|vousetesmesfils has 5 seconds left this turn.\n|inactive|JPXL has 25 seconds left this turn.\n|inactive|JPXL has 20 seconds left.\n|inactive|JPXL has 15 seconds left.\n|\n|t:|1776031693\n|move|p1b: Archaludon|Protect|p1b: Archaludon\n|-singleturn|p1b: Archaludon|Protect\n|move|p2b: Ninetales|Aurora Veil|p2b: Ninetales\n|-sidestart|p2: JPXL|move: Aurora Veil\n|move|p2a: Sinistcha|Matcha Gotcha|p1b: Archaludon|[spread] p1a\n|-activate|p1b: Archaludon|move: Protect\n|-supereffective|p1a: Politoed|1\n|-damage|p1a: Politoed|16/100\n|-heal|p2a: Sinistcha|87/100|[from] drain|[of] p1a: Politoed\n|move|p1a: Politoed|Weather Ball|p2a: Sinistcha\n|-supereffective|p2a: Sinistcha|1\n|-damage|p2a: Sinistcha|64/100\n|\n|-weather|Snowscape|[upkeep]\n|-heal|p1a: Politoed|22/100|[from] item: Leftovers\n|upkeep\n|turn|19\n|inactive|vousetesmesfils has 5 seconds left this turn.\n|inactive|JPXL has 15 seconds left this turn.\n|inactive|JPXL has 10 seconds left.\n|inactive|JPXL has 5 seconds left.\n|-message|JPXL lost due to inactivity.\n|\n|win|vousetesmesfils\n|raw|vousetesmesfils's rating: 1004 &rarr; <strong>1050</strong><br />(+46 for winning)\n|raw|JPXL's rating: 1060 &rarr; <strong>1038</strong><br />(-22 for losing)\n",
  "uploadtime": 1776031714,
  "views": 12,
  "formatid": "gen9championsvgc2026regma",
  "rating": 1038,
  "private": 0,
  "password": null
}