{
  "id": "gen9championsvgc2026regma-2582245834",
  "format": "[Gen 9 Champions] VGC 2026 Reg M-A",
  "players": [
    "Galxiadark91",
    "faric"
  ],
  "log": "|j|\u2606Galxiadark91\n|j|\u2606faric\n|t:|1776075648\n|gametype|doubles\n|player|p1|Galxiadark91|2|1141\n|player|p2|faric|170|1174\n|gen|9\n|tier|[Gen 9 Champions] VGC 2026 Reg M-A\n|rated|\n|rule|Species Clause: Limit one of each Pok\u00e9mon\n|rule|Item Clause: Limit 1 of each item\n|clearpoke\n|poke|p1|Froslass, L50, F|\n|poke|p1|Garchomp, L50, F|\n|poke|p1|Kingambit, L50, F|\n|poke|p1|Gyarados, L50, M|\n|poke|p1|Clefable, L50, M|\n|poke|p1|Sneasler, L50, M|\n|poke|p2|Charizard, L50, F|\n|poke|p2|Venusaur, L50, M|\n|poke|p2|Garchomp, L50, F|\n|poke|p2|Rotom-Wash, L50|\n|poke|p2|Incineroar, L50, F|\n|poke|p2|Sneasler, L50, M|\n|teampreview|4\nGalxiadark91 has agreed to open team sheets.\n|inactive|Battle timer is ON: inactive players will automatically lose when time's up. (requested by Galxiadark91)\n|\n|t:|1776075731\n|teamsize|p1|4\n|teamsize|p2|4\n|start\n|switch|p1a: Garchomp|Garchomp, L50, F|100/100\n|switch|p1b: Gyarados|Gyarados, L50, M|100/100\n|switch|p2a: Charizard|Charizard, L50, F|100/100\n|switch|p2b: Venusaur|Venusaur, L50, M|100/100\n|-ability|p1b: Gyarados|Intimidate|boost\n|-unboost|p2a: Charizard|atk|1\n|-unboost|p2b: Venusaur|atk|1\n|turn|1\n|inactive|Galxiadark91 has 30 seconds left.\n|\n|t:|1776075758\n|move|p2a: Charizard|Protect|p2a: Charizard\n|-singleturn|p2a: Charizard|Protect\n|move|p1a: Garchomp|Rock Slide|p2b: Venusaur|[spread] p2b\n|-activate|p2a: Charizard|move: Protect\n|-damage|p2b: Venusaur|75/100\n|move|p2b: Venusaur|Sleep Powder|p1a: Garchomp\n|-status|p1a: Garchomp|slp|[from] move: Sleep Powder\n|-enditem|p1a: Garchomp|Lum Berry|[eat]\n|-curestatus|p1a: Garchomp|slp|[msg]\n|move|p1b: Gyarados|Thunder Wave|p2b: Venusaur\n|-status|p2b: Venusaur|par\n|\n|upkeep\n|turn|2\n|inactive|Galxiadark91 has 30 seconds left.\n|inactive|faric has 30 seconds left.\n|\n|t:|1776075785\n|switch|p2a: Incineroar|Incineroar, L50, F|100/100\n|-ability|p2a: Incineroar|Intimidate|boost\n|-unboost|p1a: Garchomp|atk|1\n|-unboost|p1b: Gyarados|atk|1\n|move|p1a: Garchomp|Rock Slide|p2a: Incineroar|[spread] p2b\n|-miss|p1a: Garchomp|p2a: Incineroar\n|-damage|p2b: Venusaur|56/100 par\n|move|p1b: Gyarados|Waterfall|p2a: Incineroar\n|-supereffective|p2a: Incineroar|1\n|-damage|p2a: Incineroar|44/100\n|-enditem|p2a: Incineroar|Sitrus Berry|[eat]\n|-heal|p2a: Incineroar|69/100|[from] item: Sitrus Berry\n|cant|p2b: Venusaur|flinch\n|\n|upkeep\n|turn|3\n|inactive|Galxiadark91 has 30 seconds left.\n|inactive|faric has 30 seconds left.\n|\n|t:|1776075815\n|move|p2a: Incineroar|Fake Out|p1a: Garchomp\n|-damage|p1a: Garchomp|87/100\n|-damage|p2a: Incineroar|56/100|[from] ability: Rough Skin|[of] p1a: Garchomp\n|cant|p1a: Garchomp|flinch\n|move|p1b: Gyarados|Ice Fang|p2b: Venusaur\n|-supereffective|p2b: Venusaur|1\n|-damage|p2b: Venusaur|13/100 par\n|cant|p2b: Venusaur|par\n|\n|upkeep\n|turn|4\n|c|\u2606faric|Gg\n|inactive|faric has 30 seconds left.\n|c|\u2606Galxiadark91|gg\n|inactive|faric has 20 seconds left.\n|\n|t:|1776075851\n|move|p2b: Venusaur|Protect|p2b: Venusaur\n|-singleturn|p2b: Venusaur|Protect\n|move|p1a: Garchomp|Rock Slide|p2a: Incineroar|[spread] p2a\n|-activate|p2b: Venusaur|move: Protect\n|-supereffective|p2a: Incineroar|1\n|-damage|p2a: Incineroar|30/100\n|move|p1b: Gyarados|Waterfall|p2a: Incineroar\n|-supereffective|p2a: Incineroar|1\n|-damage|p2a: Incineroar|0 fnt\n|faint|p2a: Incineroar\n|\n|upkeep\n|\n|t:|1776075865\n|switch|p2a: Rotom|Rotom-Wash, L50|100/100\n|turn|5\n|\n|t:|1776075882\n|move|p1b: Gyarados|Protect|p1b: Gyarados\n|-singleturn|p1b: Gyarados|Protect\n|move|p1a: Garchomp|Dragon Claw|p2b: Venusaur\n|-damage|p2b: Venusaur|0 fnt\n|faint|p2b: Venusaur\n|move|p2a: Rotom|Will-O-Wisp|p1a: Garchomp\n|-status|p1a: Garchomp|brn\n|\n|-damage|p1a: Garchomp|81/100 brn|[from] brn\n|upkeep\n|\n|t:|1776075888\n|switch|p2b: Charizard|Charizard, L50, F|100/100\n|turn|6\n|\n|t:|1776075904\n|move|p2b: Charizard|Protect|p2b: Charizard\n|-singleturn|p2b: Charizard|Protect\n|move|p1a: Garchomp|Rock Slide|p2a: Rotom|[spread] p2a\n|-activate|p2b: Charizard|move: Protect\n|-damage|p2a: Rotom|94/100\n|move|p2a: Rotom|Thunderbolt|p1b: Gyarados\n|-supereffective|p1b: Gyarados|2\n|-damage|p1b: Gyarados|0 fnt\n|faint|p1b: Gyarados\n|\n|-heal|p2a: Rotom|99/100|[from] item: Leftovers\n|-damage|p1a: Garchomp|75/100 brn|[from] brn\n|upkeep\n|\n|t:|1776075917\n|switch|p1b: Sneasler|Sneasler, L50, M|100/100\n|turn|7\n|\n|t:|1776075941\n|move|p1b: Sneasler|Fake Out|p2b: Charizard\n|-damage|p2b: Charizard|82/100\n|move|p1a: Garchomp|Rock Slide|p2b: Charizard|[spread] p2a,p2b\n|-supereffective|p2b: Charizard|2\n|-damage|p2a: Rotom|93/100\n|-damage|p2b: Charizard|50/100\n|cant|p2b: Charizard|flinch\n|move|p2a: Rotom|Will-O-Wisp|p1b: Sneasler\n|-status|p1b: Sneasler|brn\n|\n|-heal|p2a: Rotom|99/100|[from] item: Leftovers\n|-damage|p1b: Sneasler|95/100 brn|[from] brn\n|-damage|p1a: Garchomp|69/100 brn|[from] brn\n|upkeep\n|turn|8\n|\n|t:|1776075963\n|move|p2b: Charizard|Protect|p2b: Charizard\n|-singleturn|p2b: Charizard|Protect\n|move|p1b: Sneasler|Dire Claw|p2a: Rotom\n|-damage|p2a: Rotom|75/100\n|-status|p2a: Rotom|psn|[from] ability: Poison Touch|[of] p1b: Sneasler\n|move|p1a: Garchomp|Rock Slide|p2a: Rotom|[spread] p2a\n|-activate|p2b: Charizard|move: Protect\n|-damage|p2a: Rotom|68/100 psn\n|cant|p2a: Rotom|flinch\n|\n|-heal|p2a: Rotom|74/100 psn|[from] item: Leftovers\n|-damage|p2a: Rotom|62/100 psn|[from] psn\n|-damage|p1b: Sneasler|89/100 brn|[from] brn\n|-damage|p1a: Garchomp|63/100 brn|[from] brn\n|upkeep\n|turn|9\n|c|\u2606faric|wtf is this rngw\n|c|\u2606faric|rng\n|inactive|faric has 30 seconds left.\n|inactive|faric has 20 seconds left.\n|\n|t:|1776076000\n|detailschange|p2b: Charizard|Charizard-Mega-Y, L50, F\n|-mega|p2b: Charizard|Charizard|Charizardite Y\n|-weather|SunnyDay|[from] ability: Drought|[of] p2b: Charizard\n|move|p1b: Sneasler|Dire Claw|p2b: Charizard\n|-damage|p2b: Charizard|25/100\n|-status|p2b: Charizard|psn|[from] ability: Poison Touch|[of] p1b: Sneasler\n|move|p1a: Garchomp|Rock Slide|p2b: Charizard|[spread] p2a,p2b\n|-supereffective|p2b: Charizard|2\n|-damage|p2a: Rotom|54/100 psn\n|-damage|p2b: Charizard|0 fnt\n|faint|p2b: Charizard\n|move|p2a: Rotom|Thunderbolt|p1b: Sneasler\n|-damage|p1b: Sneasler|27/100 brn\n|\n|-weather|SunnyDay|[upkeep]\n|-heal|p2a: Rotom|60/100 psn|[from] item: Leftovers\n|-damage|p2a: Rotom|48/100 psn|[from] psn\n|-damage|p1b: Sneasler|22/100 brn|[from] brn\n|-damage|p1a: Garchomp|57/100 brn|[from] brn\n|upkeep\n|turn|10\n|\n|t:|1776076022\n|move|p1b: Sneasler|Close Combat|p2a: Rotom\n|-damage|p2a: Rotom|12/100 psn\n|-unboost|p1b: Sneasler|def|1\n|-unboost|p1b: Sneasler|spd|1\n|-enditem|p1b: Sneasler|White Herb\n|-clearnegativeboost|p1b: Sneasler|[silent]\n|move|p1a: Garchomp|Dragon Claw|p2a: Rotom\n|-damage|p2a: Rotom|0 fnt\n|faint|p2a: Rotom\n|\n|win|Galxiadark91\n|raw|Galxiadark91's rating: 1141 &rarr; <strong>1168</strong><br />(+27 for winning)\n|raw|faric's rating: 1174 &rarr; <strong>1147</strong><br />(-27 for losing)\n",
  "uploadtime": 1776076030,
  "views": 24,
  "formatid": "gen9championsvgc2026regma",
  "rating": 1147,
  "private": 0,
  "password": null
}