{
  "id": "gen9championsvgc2026regma-2589516031",
  "format": "[Gen 9 Champions] VGC 2026 Reg M-A",
  "players": [
    "pedroguscos73",
    "suziwei"
  ],
  "log": "|j|\u2606pedroguscos73\n|j|\u2606suziwei\n|t:|1776730060\n|gametype|doubles\n|player|p1|pedroguscos73|hiker-gen4|1083\n|player|p2|suziwei|101|1068\n|gen|9\n|tier|[Gen 9 Champions] VGC 2026 Reg M-A\n|rated|\n|rule|Species Clause: Limit one of each Pok\u00e9mon\n|rule|Item Clause: Limit 1 of each item\n|clearpoke\n|poke|p1|Meganium, L50, F|\n|poke|p1|Archaludon, L50, M, shiny|\n|poke|p1|Pelipper, L50, M|\n|poke|p1|Incineroar, L50, M|\n|poke|p1|Maushold-Four, L50|\n|poke|p1|Excadrill, L50, F|\n|poke|p2|Floette-Eternal, L50, F|\n|poke|p2|Sinistcha, L50|\n|poke|p2|Incineroar, L50, F, shiny|\n|poke|p2|Aerodactyl, L50, M|\n|poke|p2|Garchomp, L50, F|\n|poke|p2|Charizard, L50, F|\n|teampreview|4\n|inactive|Battle timer is ON: inactive players will automatically lose when time's up. (requested by suziwei)\n|inactive|suziwei has 60 seconds left.\n|\n|t:|1776730104\n|teamsize|p1|4\n|teamsize|p2|4\n|start\n|switch|p1a: Armando|Archaludon, L50, M, shiny|100/100\n|switch|p1b: Evandro|Excadrill, L50, F|100/100\n|switch|p2a: Aerodactyl|Aerodactyl, L50, M|100/100\n|switch|p2b: Floette|Floette-Eternal, L50, F|100/100\n|-ability|p2a: Aerodactyl|Unnerve\n|-ability|p1b: Evandro|Mold Breaker\n|turn|1\n|inactive|suziwei has 30 seconds left.\n|\n|t:|1776730131\n|detailschange|p2b: Floette|Floette-Mega, L50, F\n|-mega|p2b: Floette|Floette|Floettite\n|-ability|p2b: Floette|Fairy Aura\n|move|p2b: Floette|Protect|p2b: Floette\n|-singleturn|p2b: Floette|Protect\n|move|p2a: Aerodactyl|Tailwind|p2a: Aerodactyl\n|-sidestart|p2: suziwei|move: Tailwind\n|move|p1b: Evandro|Poison Jab|p2b: Floette\n|-activate|p2b: Floette|move: Protect\n|move|p1a: Armando|Steel Beam|p2b: Floette\n|-activate|p2b: Floette|move: Protect\n|-damage|p1a: Armando|50/100|[from] steelbeam\n|\n|upkeep\n|turn|2\n|inactive|suziwei has 30 seconds left.\n|\n|t:|1776730165\n|switch|p2b: Garchomp|Garchomp, L50, F|100/100\n|move|p2a: Aerodactyl|Rock Slide|p1a: Armando|[spread] p1a,p1b\n|-resisted|p1a: Armando|1\n|-resisted|p1b: Evandro|2\n|-damage|p1a: Armando|44/100\n|-damage|p1b: Evandro|92/100\n|move|p1b: Evandro|Poison Jab|p2b: Garchomp\n|-resisted|p2b: Garchomp|1\n|-damage|p2b: Garchomp|87/100\n|-damage|p1b: Evandro|80/100|[from] ability: Rough Skin|[of] p2b: Garchomp\n|move|p1a: Armando|Steel Beam|p2b: Garchomp\n|-crit|p2b: Garchomp\n|-damage|p2b: Garchomp|0 fnt\n|-damage|p1a: Armando|0 fnt|[from] steelbeam\n|faint|p1a: Armando\n|faint|p2b: Garchomp\n|\n|upkeep\n|\n|t:|1776730184\n|switch|p2b: Floette|Floette-Mega, L50, F|100/100\n|switch|p1a: Ivan O Terr\u00edvel|Incineroar, L50, M|100/100\n|-ability|p2b: Floette|Fairy Aura\n|-ability|p1a: Ivan O Terr\u00edvel|Intimidate|boost\n|-unboost|p2a: Aerodactyl|atk|1\n|-unboost|p2b: Floette|atk|1\n|turn|3\n|inactive|suziwei has 30 seconds left.\n|\n|t:|1776730218\n|move|p1a: Ivan O Terr\u00edvel|Fake Out|p2a: Aerodactyl\n|-resisted|p2a: Aerodactyl|1\n|-damage|p2a: Aerodactyl|90/100\n|cant|p2a: Aerodactyl|flinch\n|move|p2b: Floette|Dazzling Gleam|p1b: Evandro|[spread] p1a,p1b\n|-resisted|p1b: Evandro|1\n|-damage|p1a: Ivan O Terr\u00edvel|53/100\n|-damage|p1b: Evandro|48/100\n|move|p1b: Evandro|Iron Head|p2b: Floette\n|-supereffective|p2b: Floette|1\n|-damage|p2b: Floette|0 fnt\n|faint|p2b: Floette\n|\n|upkeep\n|\n|t:|1776730227\n|switch|p2b: Sinistcha|Sinistcha, L50|100/100\n|-heal|p2a: Aerodactyl|100/100|[from] ability: Hospitality|[of] p2b: Sinistcha\n|turn|4\n|\n|t:|1776730248\n|move|p2a: Aerodactyl|Rock Slide|p1a: Ivan O Terr\u00edvel|[spread] p1a,p1b\n|-supereffective|p1a: Ivan O Terr\u00edvel|1\n|-resisted|p1b: Evandro|2\n|-damage|p1a: Ivan O Terr\u00edvel|25/100\n|-damage|p1b: Evandro|43/100\n|move|p2b: Sinistcha|Matcha Gotcha|p1a: Ivan O Terr\u00edvel|[spread] p1a,p1b\n|-resisted|p1a: Ivan O Terr\u00edvel|1\n|-damage|p1a: Ivan O Terr\u00edvel|14/100\n|-damage|p1b: Evandro|10/100\n|move|p1b: Evandro|Rock Slide|p2a: Aerodactyl|[spread] p2a,p2b\n|-supereffective|p2a: Aerodactyl|1\n|-crit|p2b: Sinistcha\n|-damage|p2a: Aerodactyl|44/100\n|-damage|p2b: Sinistcha|79/100\n|cant|p1a: Ivan O Terr\u00edvel|flinch\n|\n|-heal|p2b: Sinistcha|85/100|[from] item: Leftovers\n|-sideend|p2: suziwei|move: Tailwind\n|upkeep\n|turn|5\n|inactive|pedroguscos73 has 30 seconds left.\n|inactive|suziwei has 30 seconds left.\n|\n|t:|1776730285\n|move|p2a: Aerodactyl|Wide Guard|p2a: Aerodactyl\n|-singleturn|p2a: Aerodactyl|Wide Guard\n|move|p1b: Evandro|Rock Slide|p2b: Sinistcha|[spread] \n|-activate|p2a: Aerodactyl|move: Wide Guard\n|-activate|p2b: Sinistcha|move: Wide Guard\n|move|p2b: Sinistcha|Matcha Gotcha|p1a: Ivan O Terr\u00edvel|[spread] p1b\n|-miss|p2b: Sinistcha|p1a: Ivan O Terr\u00edvel\n|-damage|p1b: Evandro|0 fnt\n|-heal|p2b: Sinistcha|90/100|[from] drain|[of] p1b: Evandro\n|faint|p1b: Evandro\n|move|p1a: Ivan O Terr\u00edvel|Flare Blitz|p2b: Sinistcha\n|-supereffective|p2b: Sinistcha|1\n|-damage|p2b: Sinistcha|0 fnt\n|faint|p2b: Sinistcha\n|-damage|p1a: Ivan O Terr\u00edvel|0 fnt|[from] Recoil\n|faint|p1a: Ivan O Terr\u00edvel\n|\n|upkeep\n|\n|t:|1776730304\n|switch|p1a: Petr\u00facio|Pelipper, L50, M|100/100\n|-weather|RainDance|[from] ability: Drizzle|[of] p1a: Petr\u00facio\n|turn|6\n|\n|t:|1776730318\n|move|p2a: Aerodactyl|Rock Slide|p1a: Petr\u00facio\n|-supereffective|p1a: Petr\u00facio|1\n|-damage|p1a: Petr\u00facio|51/100\n|move|p1a: Petr\u00facio|Weather Ball|p2a: Aerodactyl\n|-supereffective|p2a: Aerodactyl|1\n|-damage|p2a: Aerodactyl|0 fnt\n|faint|p2a: Aerodactyl\n|\n|win|pedroguscos73\n|raw|pedroguscos73's rating: 1083 &rarr; <strong>1109</strong><br />(+26 for winning)\n|raw|suziwei's rating: 1068 &rarr; <strong>1049</strong><br />(-19 for losing)\n|l|\u2606suziwei\n|player|p2|\n",
  "uploadtime": 1776730326,
  "views": 7,
  "formatid": "gen9championsvgc2026regma",
  "rating": 1049,
  "private": 0,
  "password": null
}