{
  "id": "gen9championsvgc2026regma-2585857259",
  "format": "[Gen 9 Champions] VGC 2026 Reg M-A",
  "players": [
    "Holibrand",
    "deluxr4yy"
  ],
  "log": "|j|\u2606Holibrand\n|j|\u2606deluxr4yy\n|t:|1776375983\n|gametype|doubles\n|player|p1|Holibrand|pokemonbreeder-gen4|1173\n|player|p2|deluxr4yy|iris|1114\n|gen|9\n|tier|[Gen 9 Champions] VGC 2026 Reg M-A\n|rated|\n|rule|Species Clause: Limit one of each Pok\u00e9mon\n|rule|Item Clause: Limit 1 of each item\n|clearpoke\n|poke|p1|Rhyperior, L50, F|\n|poke|p1|Ampharos, L50, F|\n|poke|p1|Sinistcha, L50|\n|poke|p1|Farigiraf, L50, F|\n|poke|p1|Weavile, L50, M|\n|poke|p1|Drampa, L50, F|\n|poke|p2|Aggron, L50, M|\n|poke|p2|Primarina, L50, F|\n|poke|p2|Farigiraf, L50, M|\n|poke|p2|Camerupt, L50, F|\n|poke|p2|Ampharos, L50, F|\n|poke|p2|Dragonite, L50, M|\n|teampreview|4\n|inactive|Battle timer is ON: inactive players will automatically lose when time's up. (requested by Holibrand)\n|inactive|Holibrand has 60 seconds left.\n|inactive|deluxr4yy has 60 seconds left.\n|\n|t:|1776376029\n|teamsize|p1|4\n|teamsize|p2|4\n|start\n|switch|p1a: Drampa|Drampa, L50, F|100/100\n|switch|p1b: Weavile|Weavile, L50, M|100/100\n|switch|p2a: Hoodie|Farigiraf, L50, M|100/100\n|switch|p2b: Heifer|Camerupt, L50, F, shiny|100/100\n|-ability|p1a: Drampa|Cloud Nine\n|turn|1\n|\n|t:|1776376054\n|detailschange|p1a: Drampa|Drampa-Mega, L50, F\n|-mega|p1a: Drampa|Drampa|Drampanite\n|move|p2a: Hoodie|Protect|p2a: Hoodie\n|-singleturn|p2a: Hoodie|Protect\n|move|p1b: Weavile|Knock Off|p2a: Hoodie\n|-activate|p2a: Hoodie|move: Protect\n|move|p2b: Heifer|Eruption|p1b: Weavile|[spread] p1a,p1b\n|-resisted|p1a: Drampa|1\n|-supereffective|p1b: Weavile|1\n|-damage|p1a: Drampa|83/100\n|-damage|p1b: Weavile|0 fnt\n|faint|p1b: Weavile\n|move|p1a: Drampa|Calm Mind|p1a: Drampa\n|-boost|p1a: Drampa|spa|1\n|-boost|p1a: Drampa|spd|1\n|\n|upkeep\n|\n|t:|1776376070\n|switch|p1b: Rhyperior|Rhyperior, L50, F|100/100\n|turn|2\n|\n|t:|1776376077\n|move|p1b: Rhyperior|Rock Slide|p2b: Heifer|[spread] p2a,p2b\n|-damage|p2a: Hoodie|67/100\n|-damage|p2b: Heifer|60/100\n|cant|p2b: Heifer|flinch\n|move|p1a: Drampa|Calm Mind|p1a: Drampa\n|-boost|p1a: Drampa|spa|1\n|-boost|p1a: Drampa|spd|1\n|cant|p2a: Hoodie|flinch\n|\n|-heal|p2b: Heifer|67/100|[from] item: Leftovers\n|upkeep\n|turn|3\n|\n|t:|1776376098\n|move|p2b: Heifer|Protect|p2b: Heifer\n|-singleturn|p2b: Heifer|Protect\n|move|p1b: Rhyperior|Rock Slide|p2b: Heifer|[spread] p2a\n|-activate|p2b: Heifer|move: Protect\n|-damage|p2a: Hoodie|36/100\n|move|p1a: Drampa|Calm Mind|p1a: Drampa\n|-boost|p1a: Drampa|spa|1\n|-boost|p1a: Drampa|spd|1\n|move|p2a: Hoodie|Trick Room|p2a: Hoodie\n|-fieldstart|move: Trick Room|[of] p2a: Hoodie\n|\n|-heal|p2b: Heifer|73/100|[from] item: Leftovers\n|upkeep\n|turn|4\n|inactive|Holibrand has 30 seconds left.\n|inactive|deluxr4yy has 30 seconds left.\n|inactive|Holibrand has 20 seconds left.\n|inactive|Holibrand has 15 seconds left.\n|\n|t:|1776376141\n|switch|p2a: Steel Groudon|Aggron, L50, M, shiny|100/100\n|move|p1a: Drampa|Protect|p1a: Drampa\n|-singleturn|p1a: Drampa|Protect\n|move|p1b: Rhyperior|Earthquake|p2b: Heifer|[spread] p2a,p2b\n|-activate|p1a: Drampa|move: Protect\n|-supereffective|p2a: Steel Groudon|2\n|-supereffective|p2b: Heifer|1\n|-damage|p2a: Steel Groudon|0 fnt\n|-damage|p2b: Heifer|0 fnt\n|faint|p2a: Steel Groudon\n|faint|p2b: Heifer\n|\n|upkeep\n|\n|t:|1776376154\n|switch|p2b: Orange Juice|Dragonite, L50, M|100/100\n|switch|p2a: Hoodie|Farigiraf, L50, M|36/100\n|turn|5\n|\n|t:|1776376163\n|move|p1a: Drampa|Hyper Voice|p2b: Orange Juice|[spread] p2a,p2b\n|-damage|p2a: Hoodie|0 fnt\n|-damage|p2b: Orange Juice|64/100\n|faint|p2a: Hoodie\n|move|p1b: Rhyperior|Rock Slide|p2b: Orange Juice\n|-supereffective|p2b: Orange Juice|1\n|-damage|p2b: Orange Juice|0 fnt\n|faint|p2b: Orange Juice\n|\n|win|Holibrand\n|raw|Holibrand's rating: 1173 &rarr; <strong>1194</strong><br />(+21 for winning)\n|raw|deluxr4yy's rating: 1114 &rarr; <strong>1093</strong><br />(-21 for losing)\n|c|\u2606deluxr4yy|gg\n",
  "uploadtime": 1776376173,
  "views": 21,
  "formatid": "gen9championsvgc2026regma",
  "rating": 1093,
  "private": 0,
  "password": null
}