{
  "id": "gen9championsvgc2026regma-2585945366",
  "format": "[Gen 9 Champions] VGC 2026 Reg M-A",
  "players": [
    "Fizzayyy",
    "ziosteven"
  ],
  "log": "|j|\u2606Fizzayyy\n|j|\u2606ziosteven\n|t:|1776383872\n|gametype|doubles\n|player|p1|Fizzayyy|266|1203\n|player|p2|ziosteven|170|1129\n|gen|9\n|tier|[Gen 9 Champions] VGC 2026 Reg M-A\n|rated|\n|rule|Species Clause: Limit one of each Pok\u00e9mon\n|rule|Item Clause: Limit 1 of each item\n|clearpoke\n|poke|p1|Starmie, L50|\n|poke|p1|Sinistcha, L50|\n|poke|p1|Torkoal, L50, F|\n|poke|p1|Araquanid, L50, F|\n|poke|p1|Sneasler, L50, M|\n|poke|p1|Farigiraf, L50, M|\n|poke|p2|Meganium, L50, M|\n|poke|p2|Whimsicott, L50, M|\n|poke|p2|Pelipper, L50, M|\n|poke|p2|Kingambit, L50, M|\n|poke|p2|Basculegion, L50, M|\n|poke|p2|Sneasler, L50, F|\n|teampreview|4\n|inactive|Battle timer is ON: inactive players will automatically lose when time's up. (requested by ziosteven)\n|inactive|ziosteven has 60 seconds left.\n|inactive|ziosteven has 30 seconds left.\n|inactive|ziosteven has 20 seconds left.\n|inactive|ziosteven has 15 seconds left.\n|inactive|ziosteven has 10 seconds left.\n|\n|t:|1776383954\n|teamsize|p1|4\n|teamsize|p2|4\n|start\n|switch|p1a: Starmie|Starmie, L50|100/100\n|switch|p1b: Farigiraf|Farigiraf, L50, M|100/100\n|switch|p2a: Basculegion|Basculegion, L50, M|100/100\n|switch|p2b: Pelipper|Pelipper, L50, M|100/100\n|-weather|RainDance|[from] ability: Drizzle|[of] p2b: Pelipper\n|turn|1\n|\n|t:|1776383976\n|detailschange|p1a: Starmie|Starmie-Mega, L50\n|-mega|p1a: Starmie|Starmie|Starminite\n|move|p2a: Basculegion|Wave Crash|p1b: Farigiraf\n|-damage|p1b: Farigiraf|0 fnt\n|faint|p1b: Farigiraf\n|-damage|p2a: Basculegion|62/100|[from] Recoil\n|move|p1a: Starmie|Liquidation|p2a: Basculegion\n|-resisted|p2a: Basculegion|1\n|-damage|p2a: Basculegion|0 fnt\n|faint|p2a: Basculegion\n|move|p2b: Pelipper|Tailwind|p2b: Pelipper\n|-sidestart|p2: ziosteven|move: Tailwind\n|\n|-weather|RainDance|[upkeep]\n|upkeep\n|\n|t:|1776383996\n|switch|p2a: Sneasler|Sneasler, L50, F|100/100\n|switch|p1b: Torkoal|Torkoal, L50, F|100/100\n|-weather|SunnyDay|[from] ability: Drought|[of] p1b: Torkoal\n|turn|2\n|\n|t:|1776384017\n|move|p1b: Torkoal|Protect|p1b: Torkoal\n|-singleturn|p1b: Torkoal|Protect\n|move|p2a: Sneasler|Fake Out|p1a: Starmie\n|-damage|p1a: Starmie|83/100\n|move|p2b: Pelipper|Wide Guard|p2b: Pelipper\n|-singleturn|p2b: Pelipper|Wide Guard\n|cant|p1a: Starmie|flinch\n|\n|-weather|SunnyDay|[upkeep]\n|upkeep\n|turn|3\n|\n|t:|1776384035\n|move|p1b: Torkoal|Protect|p1b: Torkoal\n|-singleturn|p1b: Torkoal|Protect\n|move|p2a: Sneasler|Dire Claw|p1a: Starmie\n|-damage|p1a: Starmie|28/100\n|-status|p1a: Starmie|par\n|move|p2b: Pelipper|Hurricane|p1a: Starmie|[miss]\n|-miss|p2b: Pelipper|p1a: Starmie\n|move|p1a: Starmie|Self-Destruct|p2a: Sneasler|[spread] p2a,p2b\n|-activate|p1b: Torkoal|move: Protect\n|-damage|p2a: Sneasler|0 fnt\n|-damage|p2b: Pelipper|3/100\n|faint|p1a: Starmie\n|faint|p2a: Sneasler\n|\n|-weather|SunnyDay|[upkeep]\n|upkeep\n|\n|t:|1776384052\n|switch|p2a: Whimsicott|Whimsicott, L50, M, shiny|100/100\n|switch|p1a: Araquanid|Araquanid, L50, F|100/100\n|turn|4\n|\n|t:|1776384063\n|move|p2a: Whimsicott|Encore|p1b: Torkoal\n|-start|p1b: Torkoal|Encore\n|move|p1b: Torkoal|Protect||[still]\n|-fail|p1b: Torkoal\n|move|p2b: Pelipper|Hurricane|p1a: Araquanid|[miss]\n|-miss|p2b: Pelipper|p1a: Araquanid\n|move|p1a: Araquanid|Leech Life|p2b: Pelipper\n|-resisted|p2b: Pelipper|1\n|-damage|p2b: Pelipper|0 fnt\n|faint|p2b: Pelipper\n|\n|-weather|SunnyDay|[upkeep]\n|-sideend|p2: ziosteven|move: Tailwind\n|upkeep\n|turn|5\n|\n|t:|1776384081\n|move|p1b: Torkoal|Protect|p1b: Torkoal\n|-singleturn|p1b: Torkoal|Protect\n|move|p2a: Whimsicott|Moonblast|p1a: Araquanid\n|-damage|p1a: Araquanid|71/100\n|move|p1a: Araquanid|Liquidation|p2a: Whimsicott\n|-resisted|p2a: Whimsicott|1\n|-damage|p2a: Whimsicott|78/100\n|\n|-weather|SunnyDay|[upkeep]\n|upkeep\n|turn|6\n|\n|t:|1776384093\n|move|p1b: Torkoal|Protect||[still]\n|-fail|p1b: Torkoal\n|move|p2a: Whimsicott|Moonblast|p1a: Araquanid\n|-damage|p1a: Araquanid|43/100\n|-enditem|p1a: Araquanid|Sitrus Berry|[eat]\n|-heal|p1a: Araquanid|67/100|[from] item: Sitrus Berry\n|move|p1a: Araquanid|Leech Life|p2a: Whimsicott\n|-damage|p2a: Whimsicott|31/100\n|-heal|p1a: Araquanid|86/100|[from] drain|[of] p2a: Whimsicott\n|\n|-weather|none\n|-end|p1b: Torkoal|Encore\n|upkeep\n|turn|7\n|\n|t:|1776384108\n|move|p2a: Whimsicott|Encore|p1b: Torkoal\n|-start|p1b: Torkoal|Encore\n|move|p1b: Torkoal|Protect|p1b: Torkoal\n|-singleturn|p1b: Torkoal|Protect\n|move|p1a: Araquanid|Leech Life|p2a: Whimsicott\n|-damage|p2a: Whimsicott|0 fnt\n|-heal|p1a: Araquanid|98/100|[from] drain|[of] p2a: Whimsicott\n|faint|p2a: Whimsicott\n|\n|win|Fizzayyy\n|raw|Fizzayyy's rating: 1203 &rarr; <strong>1223</strong><br />(+20 for winning)\n|raw|ziosteven's rating: 1129 &rarr; <strong>1109</strong><br />(-20 for losing)\n|l|\u2606ziosteven\n|player|p2|\n",
  "uploadtime": 1776384118,
  "views": 22,
  "formatid": "gen9championsvgc2026regma",
  "rating": 1109,
  "private": 0,
  "password": null
}