{
  "id": "gen9championsvgc2026regma-2581493064",
  "format": "[Gen 9 Champions] VGC 2026 Reg M-A",
  "players": [
    "felipesol2",
    "Nonblue"
  ],
  "log": "|j|\u2606felipesol2\n|j|\u2606Nonblue\n|t:|1776005512\n|gametype|doubles\n|player|p1|felipesol2|buck|1088\n|player|p2|Nonblue|miku-ghost|1148\n|gen|9\n|tier|[Gen 9 Champions] VGC 2026 Reg M-A\n|rated|\n|rule|Species Clause: Limit one of each Pok\u00e9mon\n|rule|Item Clause: Limit 1 of each item\n|clearpoke\n|poke|p1|Blastoise, L50, F|\n|poke|p1|Sinistcha, L50|\n|poke|p1|Talonflame, L50, F|\n|poke|p1|Sneasler, L50, M|\n|poke|p1|Garchomp, L50, F|\n|poke|p1|Rotom-Heat, L50|\n|poke|p2|Spiritomb, L50, F|\n|poke|p2|Sinistcha, L50|\n|poke|p2|Aegislash, L50, F|\n|poke|p2|Gardevoir, L50, M|\n|poke|p2|Milotic, L50, M|\n|poke|p2|Incineroar, L50, F|\n|teampreview|4\n|\n|t:|1776005555\n|teamsize|p1|4\n|teamsize|p2|4\n|start\n|switch|p1a: F-16|Talonflame, L50, F|100/100\n|switch|p1b: Jane Juliet|Blastoise, L50, F|100/100\n|switch|p2a: Incineroar|Incineroar, L50, F|100/100\n|switch|p2b: Spiritomb|Spiritomb, L50, F|100/100\n|-ability|p2a: Incineroar|Intimidate|boost\n|-unboost|p1a: F-16|atk|1\n|-unboost|p1b: Jane Juliet|atk|1\n|turn|1\n|\n|t:|1776005582\n|move|p1b: Jane Juliet|Protect|p1b: Jane Juliet\n|-singleturn|p1b: Jane Juliet|Protect\n|move|p2a: Incineroar|Fake Out|p1b: Jane Juliet\n|-activate|p1b: Jane Juliet|move: Protect\n|move|p1a: F-16|Rain Dance|p1a: F-16\n|-weather|RainDance\n|move|p2b: Spiritomb|Poltergeist|p1a: F-16\n|-activate|p1a: F-16|move: Poltergeist|Sharp Beak\n|-damage|p1a: F-16|27/100\n|\n|-weather|RainDance|[upkeep]\n|upkeep\n|turn|2\n|\n|t:|1776005615\n|detailschange|p1b: Jane Juliet|Blastoise-Mega, L50, F\n|-mega|p1b: Jane Juliet|Blastoise|Blastoisinite\n|move|p2a: Incineroar|Protect|p2a: Incineroar\n|-singleturn|p2a: Incineroar|Protect\n|move|p1a: F-16|Tailwind|p1a: F-16\n|-sidestart|p1: felipesol2|move: Tailwind\n|move|p1b: Jane Juliet|Water Spout|p2b: Spiritomb|[spread] p2b\n|-activate|p2a: Incineroar|move: Protect\n|-damage|p2b: Spiritomb|0 fnt\n|faint|p2b: Spiritomb\n|\n|-weather|RainDance|[upkeep]\n|upkeep\n|\n|t:|1776005627\n|switch|p2b: Aegislash|Aegislash, L50, F|100/100\n|turn|3\n|\n|t:|1776005655\n|move|p2b: Aegislash|Wide Guard|p2b: Aegislash\n|-singleturn|p2b: Aegislash|Wide Guard\n|move|p1a: F-16|Dual Wingbeat|p2a: Incineroar\n|-damage|p2a: Incineroar|90/100\n|-damage|p2a: Incineroar|79/100\n|-hitcount|p2a: Incineroar|2\n|move|p1b: Jane Juliet|Water Spout|p2a: Incineroar|[spread] \n|-activate|p2a: Incineroar|move: Wide Guard\n|-activate|p2b: Aegislash|move: Wide Guard\n|move|p2a: Incineroar|Parting Shot|p1b: Jane Juliet\n|-unboost|p1b: Jane Juliet|atk|1\n|-unboost|p1b: Jane Juliet|spa|1\n|\n|t:|1776005667\n|switch|p2a: Gardevoir|Gardevoir, L50, M|100/100|[from] Parting Shot\n|\n|-weather|RainDance|[upkeep]\n|upkeep\n|turn|4\n|\n|t:|1776005693\n|switch|p1b: Mc employee|Sneasler, L50, M|100/100\n|detailschange|p2a: Gardevoir|Gardevoir-Mega, L50, M\n|-mega|p2a: Gardevoir|Gardevoir|Gardevoirite\n|move|p1a: F-16|Protect|p1a: F-16\n|-singleturn|p1a: F-16|Protect\n|-formechange|p2b: Aegislash|Aegislash-Blade|\n|move|p2b: Aegislash|Shadow Sneak|p1b: Mc employee\n|-damage|p1b: Mc employee|58/100\n|move|p2a: Gardevoir|Hyper Voice|p1a: F-16|[spread] p1b\n|-activate|p1a: F-16|move: Protect\n|-damage|p1b: Mc employee|0 fnt\n|faint|p1b: Mc employee\n|\n|-weather|RainDance|[upkeep]\n|upkeep\n|\n|t:|1776005699\n|switch|p1b: bull shark|Garchomp, L50, F|100/100\n|turn|5\n|\n|t:|1776005712\n|move|p2a: Gardevoir|Protect|p2a: Gardevoir\n|-singleturn|p2a: Gardevoir|Protect\n|move|p2b: Aegislash|Shadow Sneak|p1a: F-16\n|-damage|p1a: F-16|0 fnt\n|faint|p1a: F-16\n|move|p1b: bull shark|Rock Slide|p2b: Aegislash|[spread] p2b\n|-activate|p2a: Gardevoir|move: Protect\n|-resisted|p2b: Aegislash|1\n|-damage|p2b: Aegislash|78/100\n|\n|-weather|none\n|-sideend|p1: felipesol2|move: Tailwind\n|upkeep\n|\n|t:|1776005717\n|switch|p1a: Jane Juliet|Blastoise-Mega, L50, F|100/100\n|turn|6\n|\n|t:|1776005727\n|move|p2b: Aegislash|Wide Guard|p2b: Aegislash\n|-singleturn|p2b: Aegislash|Wide Guard\n|move|p1b: bull shark|Stomping Tantrum|p2b: Aegislash\n|-supereffective|p2b: Aegislash|1\n|-damage|p2b: Aegislash|0 fnt\n|faint|p2b: Aegislash\n|move|p2a: Gardevoir|Hyper Voice|p1a: Jane Juliet|[spread] p1a,p1b\n|-supereffective|p1b: bull shark|1\n|-damage|p1a: Jane Juliet|53/100\n|-damage|p1b: bull shark|0 fnt\n|faint|p1b: bull shark\n|move|p1a: Jane Juliet|Shell Smash|p1a: Jane Juliet\n|-unboost|p1a: Jane Juliet|def|1\n|-unboost|p1a: Jane Juliet|spd|1\n|-boost|p1a: Jane Juliet|atk|2\n|-boost|p1a: Jane Juliet|spa|2\n|-boost|p1a: Jane Juliet|spe|2\n|\n|upkeep\n|\n|t:|1776005738\n|switch|p2b: Incineroar|Incineroar, L50, F|79/100\n|-ability|p2b: Incineroar|Intimidate|boost\n|-unboost|p1a: Jane Juliet|atk|1\n|turn|7\n|\n|t:|1776005755\n|move|p1a: Jane Juliet|Protect|p1a: Jane Juliet\n|-singleturn|p1a: Jane Juliet|Protect\n|move|p2b: Incineroar|Fake Out|p1a: Jane Juliet\n|-activate|p1a: Jane Juliet|move: Protect\n|move|p2a: Gardevoir|Hyper Voice|p1a: Jane Juliet\n|-activate|p1a: Jane Juliet|move: Protect\n|\n|upkeep\n|turn|8\n|\n|t:|1776005785\n|move|p2a: Gardevoir|Protect|p2a: Gardevoir\n|-singleturn|p2a: Gardevoir|Protect\n|move|p1a: Jane Juliet|Water Spout|p2a: Gardevoir|[spread] p2b\n|-activate|p2a: Gardevoir|move: Protect\n|-supereffective|p2b: Incineroar|1\n|-damage|p2b: Incineroar|0 fnt\n|faint|p2b: Incineroar\n|\n|upkeep\n|turn|9\n|\n|t:|1776005793\n|move|p1a: Jane Juliet|Water Pulse|p2a: Gardevoir\n|-crit|p2a: Gardevoir\n|-damage|p2a: Gardevoir|0 fnt\n|faint|p2a: Gardevoir\n|\n|win|felipesol2\n|raw|felipesol2's rating: 1088 &rarr; <strong>1119</strong><br />(+31 for winning)\n|raw|Nonblue's rating: 1148 &rarr; <strong>1119</strong><br />(-29 for losing)\n|l|\u2606Nonblue\n|player|p2|\n",
  "uploadtime": 1776005809,
  "views": 19,
  "formatid": "gen9championsvgc2026regma",
  "rating": 1119,
  "private": 0,
  "password": null
}