{
  "id": "gen9championsvgc2026regma-2589521863",
  "format": "[Gen 9 Champions] VGC 2026 Reg M-A",
  "players": [
    "Dux-El52",
    "Quaza15"
  ],
  "log": "|j|\u2606Dux-El52\n|j|\u2606Quaza15\n|t:|1776730602\n|gametype|doubles\n|player|p1|Dux-El52|170|1367\n|player|p2|Quaza15|ruinmaniac|1477\n|gen|9\n|tier|[Gen 9 Champions] VGC 2026 Reg M-A\n|rated|\n|rule|Species Clause: Limit one of each Pok\u00e9mon\n|rule|Item Clause: Limit 1 of each item\n|clearpoke\n|poke|p1|Floette-Eternal, L50, F|\n|poke|p1|Sneasler, L50, M|\n|poke|p1|Sinistcha-Masterpiece, L50, shiny|\n|poke|p1|Garchomp, L50, M, shiny|\n|poke|p1|Milotic, L50, F, shiny|\n|poke|p1|Aerodactyl, L50, F|\n|poke|p2|Aerodactyl, L50, F|\n|poke|p2|Garchomp, L50, M|\n|poke|p2|Mamoswine, L50, M|\n|poke|p2|Charizard, L50, F|\n|poke|p2|Kingambit, L50, F|\n|poke|p2|Rotom-Wash, L50|\n|teampreview|4\n|inactive|Battle timer is ON: inactive players will automatically lose when time's up. (requested by Dux-El52)\nDux-El52 has agreed to open team sheets.\n|inactive|Quaza15 has 60 seconds left.\n|\n|t:|1776730663\n|teamsize|p1|4\n|teamsize|p2|4\n|start\n|switch|p1a: Sneasler|Sneasler, L50, M|100/100\n|switch|p1b: Sinistcha|Sinistcha-Masterpiece, L50, shiny|100/100\n|switch|p2a: Aerodactyl|Aerodactyl, L50, F|100/100\n|switch|p2b: Rotom|Rotom-Wash, L50|100/100\n|-ability|p2a: Aerodactyl|Unnerve\n|turn|1\n|\n|t:|1776730676\n|move|p2a: Aerodactyl|Protect|p2a: Aerodactyl\n|-singleturn|p2a: Aerodactyl|Protect\n|move|p1a: Sneasler|Protect|p1a: Sneasler\n|-singleturn|p1a: Sneasler|Protect\n|move|p2b: Rotom|Volt Switch|p1a: Sneasler\n|-activate|p1a: Sneasler|move: Protect\n|move|p1b: Sinistcha|Matcha Gotcha|p2a: Aerodactyl|[spread] p2b\n|-activate|p2a: Aerodactyl|move: Protect\n|-supereffective|p2b: Rotom|1\n|-damage|p2b: Rotom|22/100\n|\n|upkeep\n|turn|2\n|inactive|Dux-El52 has 30 seconds left.\n|inactive|Quaza15 has 30 seconds left.\n|inactive|Dux-El52 has 20 seconds left.\n|inactive|Dux-El52 has 15 seconds left.\n|\n|t:|1776730716\n|move|p2b: Rotom|Volt Switch|p1b: Sinistcha\n|-resisted|p1b: Sinistcha|1\n|-damage|p1b: Sinistcha|86/100\n|\n|t:|1776730722\n|switch|p2b: Mamoswine|Mamoswine, L50, M|100/100|[from] Volt Switch\n|move|p2a: Aerodactyl|Dual Wingbeat|p1a: Sneasler\n|-supereffective|p1a: Sneasler|1\n|-damage|p1a: Sneasler|43/100\n|-supereffective|p1a: Sneasler|1\n|-damage|p1a: Sneasler|0 fnt\n|faint|p1a: Sneasler\n|-hitcount|p1: Sneasler|2\n|move|p1b: Sinistcha|Trick Room|p1b: Sinistcha\n|-fieldstart|move: Trick Room|[of] p1b: Sinistcha\n|\n|upkeep\n|\n|t:|1776730732\n|switch|p1a: Milotic|Milotic, L50, F, shiny|100/100\n|turn|3\n|\n|t:|1776730739\n|move|p1b: Sinistcha|Matcha Gotcha|p2a: Aerodactyl|[spread] p2a,p2b\n|-supereffective|p2b: Mamoswine|1\n|-damage|p2a: Aerodactyl|50/100\n|-heal|p1b: Sinistcha|100/100|[from] drain|[of] p2a: Aerodactyl\n|-damage|p2b: Mamoswine|3/100\n|-status|p2b: Mamoswine|brn\n|move|p1a: Milotic|Scald|p2b: Mamoswine\n|-supereffective|p2b: Mamoswine|1\n|-damage|p2b: Mamoswine|0 fnt\n|faint|p2b: Mamoswine\n|move|p2a: Aerodactyl|Dual Wingbeat|p1a: Milotic\n|-damage|p1a: Milotic|82/100\n|-damage|p1a: Milotic|63/100\n|-hitcount|p1a: Milotic|2\n|\n|-heal|p1a: Milotic|69/100|[from] item: Leftovers\n|upkeep\n|\n|t:|1776730750\n|switch|p2b: Rotom|Rotom-Wash, L50|22/100\n|turn|4\n|\n|t:|1776730757\n|move|p2a: Aerodactyl|Protect|p2a: Aerodactyl\n|-singleturn|p2a: Aerodactyl|Protect\n|move|p1b: Sinistcha|Matcha Gotcha|p2a: Aerodactyl|[spread] p2b\n|-activate|p2a: Aerodactyl|move: Protect\n|-supereffective|p2b: Rotom|1\n|-damage|p2b: Rotom|0 fnt\n|faint|p2b: Rotom\n|move|p1a: Milotic|Scald|p2a: Aerodactyl\n|-activate|p2a: Aerodactyl|move: Protect\n|\n|-heal|p1a: Milotic|75/100|[from] item: Leftovers\n|upkeep\n|\n|t:|1776730761\n|switch|p2b: Charizard|Charizard, L50, F|100/100\n|turn|5\n|\n|t:|1776730773\n|detailschange|p2b: Charizard|Charizard-Mega-Y, L50, F\n|-mega|p2b: Charizard|Charizard|Charizardite Y\n|-weather|SunnyDay|[from] ability: Drought|[of] p2b: Charizard\n|move|p1b: Sinistcha|Shadow Ball|p2b: Charizard\n|-damage|p2b: Charizard|53/100\n|move|p1a: Milotic|Scald|p2a: Aerodactyl\n|-supereffective|p2a: Aerodactyl|1\n|-damage|p2a: Aerodactyl|0 fnt\n|faint|p2a: Aerodactyl\n|move|p2b: Charizard|Solar Beam||[still]\n|-prepare|p2b: Charizard|Solar Beam\n|-anim|p2b: Charizard|Solar Beam|p1a: Milotic\n|-supereffective|p1a: Milotic|1\n|-damage|p1a: Milotic|0 fnt\n|faint|p1a: Milotic\n|\n|-weather|SunnyDay|[upkeep]\n|upkeep\n|\n|t:|1776730785\n|switch|p1a: Floette|Floette-Eternal, L50, F|100/100\n|turn|6\n|\n|t:|1776730799\n|detailschange|p1a: Floette|Floette-Mega, L50, F\n|-mega|p1a: Floette|Floette|Floettite\n|-ability|p1a: Floette|Fairy Aura\n|move|p1b: Sinistcha|Shadow Ball|p2b: Charizard\n|-damage|p2b: Charizard|11/100\n|move|p2b: Charizard|Heat Wave|p1b: Sinistcha|[spread] p1a,p1b\n|-supereffective|p1b: Sinistcha|1\n|-damage|p1a: Floette|41/100\n|-damage|p1b: Sinistcha|0 fnt\n|faint|p1b: Sinistcha\n|move|p1a: Floette|Calm Mind|p1a: Floette\n|-boost|p1a: Floette|spa|1\n|-boost|p1a: Floette|spd|1\n|\n|-weather|SunnyDay|[upkeep]\n|-fieldend|move: Trick Room\n|upkeep\n|turn|7\n|\n|t:|1776730808\n|move|p1a: Floette|Moonblast|p2b: Charizard\n|-resisted|p2b: Charizard|1\n|-damage|p2b: Charizard|0 fnt\n|faint|p2b: Charizard\n|\n|win|Dux-El52\n|raw|Dux-El52's rating: 1367 &rarr; <strong>1393</strong><br />(+26 for winning)\n|raw|Quaza15's rating: 1477 &rarr; <strong>1451</strong><br />(-26 for losing)\n",
  "uploadtime": 1776730809,
  "views": 5,
  "formatid": "gen9championsvgc2026regma",
  "rating": 1393,
  "private": 0,
  "password": null
}