{
  "id": "gen9championsvgc2026regma-2587525108",
  "format": "[Gen 9 Champions] VGC 2026 Reg M-A",
  "players": [
    "DSoulheart",
    "autiorez"
  ],
  "log": "|j|\u2606DSoulheart\n|j|\u2606autiorez\n|t:|1776539270\n|gametype|doubles\n|player|p1|DSoulheart|2|1052\n|player|p2|autiorez|youngn|1074\n|gen|9\n|tier|[Gen 9 Champions] VGC 2026 Reg M-A\n|rated|\n|rule|Species Clause: Limit one of each Pok\u00e9mon\n|rule|Item Clause: Limit 1 of each item\n|clearpoke\n|poke|p1|Floette-Eternal, L50, F|\n|poke|p1|Whimsicott, L50, F|\n|poke|p1|Garchomp, L50, F|\n|poke|p1|Incineroar, L50, F|\n|poke|p1|Aegislash, L50, M|\n|poke|p1|Oranguru, L50, M|\n|poke|p2|Skarmory, L50, M, shiny|\n|poke|p2|Umbreon, L50, M, shiny|\n|poke|p2|Farigiraf, L50, F|\n|poke|p2|Cofagrigus, L50, M|\n|poke|p2|Clefable, L50, F|\n|poke|p2|Sableye, L50, M|\n|teampreview|4\n|inactive|Battle timer is ON: inactive players will automatically lose when time's up. (requested by autiorez)\nDSoulheart rejected open team sheets.\n|inactive|autiorez has 60 seconds left.\n|inactive|autiorez has 30 seconds left.\n|inactive|autiorez has 20 seconds left.\n|inactive|autiorez has 15 seconds left.\n|\n|t:|1776539348\n|teamsize|p1|4\n|teamsize|p2|4\n|start\n|switch|p1a: Oranguru|Oranguru, L50, M|100/100\n|switch|p1b: Floette|Floette-Eternal, L50, F|100/100\n|switch|p2a: Skarmory|Skarmory, L50, M, shiny|100/100\n|switch|p2b: Cofagrigus|Cofagrigus, L50, M|100/100\n|turn|1\n|\n|t:|1776539373\n|detailschange|p1b: Floette|Floette-Mega, L50, F\n|-mega|p1b: Floette|Floette|Floettite\n|-ability|p1b: Floette|Fairy Aura\n|detailschange|p2a: Skarmory|Skarmory-Mega, L50, M, shiny\n|-mega|p2a: Skarmory|Skarmory|Skarmorite\n|move|p1b: Floette|Light of Ruin|p2a: Skarmory\n|-resisted|p2a: Skarmory|1\n|-damage|p2a: Skarmory|19/100\n|-damage|p1b: Floette|62/100|[from] Recoil\n|move|p2a: Skarmory|Swords Dance|p2a: Skarmory\n|-boost|p2a: Skarmory|atk|2\n|move|p2b: Cofagrigus|Trick|p1a: Oranguru\n|-activate|p2b: Cofagrigus|move: Trick|[of] p1a: Oranguru\n|-item|p1a: Oranguru|Choice Scarf|[from] move: Trick\n|-item|p2b: Cofagrigus|Leftovers|[from] move: Trick\n|move|p1a: Oranguru|Reflect|p1a: Oranguru\n|-sidestart|p1: DSoulheart|Reflect\n|\n|upkeep\n|turn|2\n|\n|t:|1776539395\n|switch|p2a: Clefable|Clefable, L50, F|100/100\n|switch|p1a: Incineroar|Incineroar, L50, F|100/100\n|-ability|p1a: Incineroar|Intimidate|boost\n|-unboost|p2a: Clefable|atk|1\n|-unboost|p2b: Cofagrigus|atk|1\n|move|p1b: Floette|Protect|p1b: Floette\n|-singleturn|p1b: Floette|Protect\n|move|p2b: Cofagrigus|Memento|p1b: Floette\n|-activate|p1b: Floette|move: Protect\n|\n|upkeep\n|turn|3\n|inactive|DSoulheart has 30 seconds left.\n|\n|t:|1776539426\n|switch|p1b: Whimsicott|Whimsicott, L50, F|100/100\n|move|p2a: Clefable|Protect|p2a: Clefable\n|-singleturn|p2a: Clefable|Protect\n|move|p1a: Incineroar|Parting Shot|p2a: Clefable\n|-activate|p2a: Clefable|move: Protect\n|move|p2b: Cofagrigus|Memento|p1b: Whimsicott\n|-unboost|p1b: Whimsicott|atk|2\n|-unboost|p1b: Whimsicott|spa|2\n|faint|p2b: Cofagrigus\n|\n|upkeep\n|\n|t:|1776539434\n|switch|p2b: Farigiraf|Farigiraf, L50, F|100/100\n|turn|4\n|\n|t:|1776539458\n|switch|p1b: Floette|Floette-Mega, L50, F|62/100\n|-ability|p1b: Floette|Fairy Aura\n|switch|p1a: Oranguru|Oranguru, L50, M|100/100\n|move|p2a: Clefable|Dazzling Gleam|p1b: Floette|[spread] p1a,p1b\n|-damage|p1a: Oranguru|82/100\n|-damage|p1b: Floette|38/100\n|move|p2b: Farigiraf|Trick Room|p2b: Farigiraf\n|-fieldstart|move: Trick Room|[of] p2b: Farigiraf\n|\n|upkeep\n|turn|5\n|inactive|autiorez has 30 seconds left.\n|inactive|autiorez has 20 seconds left.\n|\n|t:|1776539496\n|move|p1b: Floette|Protect|p1b: Floette\n|-singleturn|p1b: Floette|Protect\n|move|p2b: Farigiraf|Hyper Voice|p1a: Oranguru|[spread] p1a\n|-activate|p1b: Floette|move: Protect\n|-crit|p1a: Oranguru\n|-damage|p1a: Oranguru|60/100\n|move|p2a: Clefable|Dazzling Gleam|p1a: Oranguru|[spread] p1a\n|-activate|p1b: Floette|move: Protect\n|-damage|p1a: Oranguru|41/100\n|move|p1a: Oranguru|Foul Play|p2b: Farigiraf\n|-supereffective|p2b: Farigiraf|1\n|-damage|p2b: Farigiraf|56/100\n|\n|-sideend|p1: DSoulheart|Reflect\n|upkeep\n|turn|6\n|inactive|DSoulheart has 30 seconds left.\n|inactive|autiorez has 30 seconds left.\n|\n|t:|1776539522\n|switch|p1a: Whimsicott|Whimsicott, L50, F|100/100\n|move|p2b: Farigiraf|Hyper Voice|p1a: Whimsicott|[spread] p1a,p1b\n|-damage|p1a: Whimsicott|66/100\n|-damage|p1b: Floette|17/100\n|move|p2a: Clefable|Heal Pulse|p2b: Farigiraf\n|-heal|p2b: Farigiraf|100/100\n|move|p1b: Floette|Calm Mind|p1b: Floette\n|-boost|p1b: Floette|spa|1\n|-boost|p1b: Floette|spd|1\n|\n|upkeep\n|turn|7\n|inactive|DSoulheart has 30 seconds left.\n|\n|t:|1776539550\n|move|p1b: Floette|Protect|p1b: Floette\n|-singleturn|p1b: Floette|Protect\n|move|p1a: Whimsicott|Tailwind|p1a: Whimsicott\n|-sidestart|p1: DSoulheart|move: Tailwind\n|move|p2b: Farigiraf|Hyper Voice|p1b: Floette|[spread] p1a\n|-activate|p1b: Floette|move: Protect\n|-damage|p1a: Whimsicott|35/100\n|move|p2a: Clefable|Dazzling Gleam|p1a: Whimsicott|[spread] p1a\n|-activate|p1b: Floette|move: Protect\n|-damage|p1a: Whimsicott|2/100\n|\n|upkeep\n|turn|8\n|inactive|DSoulheart has 30 seconds left.\n|inactive|DSoulheart has 20 seconds left.\n|inactive|DSoulheart has 15 seconds left.\n|\n|t:|1776539591\n|switch|p1b: Oranguru|Oranguru, L50, M|41/100\n|move|p1a: Whimsicott|Taunt||[still]\n|cant|p2b: Farigiraf|ability: Armor Tail|Taunt|[of] p1a: Whimsicott\n|move|p2b: Farigiraf|Hyper Voice|p1b: Oranguru|[spread] p1a,p1b\n|-damage|p1a: Whimsicott|0 fnt\n|-damage|p1b: Oranguru|25/100\n|faint|p1a: Whimsicott\n|move|p2a: Clefable|Dazzling Gleam|p1b: Oranguru\n|-damage|p1b: Oranguru|6/100\n|\n|-fieldend|move: Trick Room\n|upkeep\n|-message|DSoulheart forfeited.\n|\n|win|autiorez\n|raw|DSoulheart's rating: 1052 &rarr; <strong>1037</strong><br />(-15 for losing)\n|raw|autiorez's rating: 1109 &rarr; <strong>1130</strong><br />(+21 for winning)\n|l|\u2606DSoulheart\n|player|p1|\n",
  "uploadtime": 1776539654,
  "views": 19,
  "formatid": "gen9championsvgc2026regma",
  "rating": 1037,
  "private": 0,
  "password": null
}