{
  "id": "gen9championsvgc2026regma-2587477420",
  "format": "[Gen 9 Champions] VGC 2026 Reg M-A",
  "players": [
    "dohawyth",
    "ilimejuice93!"
  ],
  "log": "|j|\u2606dohawyth\n|j|\u2606ilimejuice93!\n|t:|1776535134\n|gametype|doubles\n|player|p1|dohawyth|265|1256\n|player|p2|ilimejuice93!|169|1160\n|gen|9\n|tier|[Gen 9 Champions] VGC 2026 Reg M-A\n|rated|\n|rule|Species Clause: Limit one of each Pok\u00e9mon\n|rule|Item Clause: Limit 1 of each item\n|clearpoke\n|poke|p1|Incineroar, L50, F|\n|poke|p1|Crabominable, L50, F|\n|poke|p1|Kingambit, L50, M|\n|poke|p1|Slowking-Galar, L50, F|\n|poke|p1|Sinistcha, L50|\n|poke|p1|Primarina, L50, F|\n|poke|p2|Gengar, L50, M|\n|poke|p2|Politoed, L50, M|\n|poke|p2|Incineroar, L50, F|\n|poke|p2|Kingambit, L50, F|\n|poke|p2|Palafin, L50, F|\n|poke|p2|Sableye, L50, M|\n|teampreview|4\ndohawyth rejected open team sheets.\n|\n|t:|1776535182\n|teamsize|p1|4\n|teamsize|p2|4\n|start\n|switch|p1a: Slowking|Slowking-Galar, L50, F|100/100\n|switch|p1b: Kingambit|Kingambit, L50, M|100/100\n|switch|p2a: Gengar|Gengar, L50, M|100/100\n|switch|p2b: Kingambit|Kingambit, L50, F|100/100\n|turn|1\n|\n|t:|1776535211\n|detailschange|p2a: Gengar|Gengar-Mega, L50, M\n|-mega|p2a: Gengar|Gengar|Gengarite\n|move|p2a: Gengar|Protect|p2a: Gengar\n|-singleturn|p2a: Gengar|Protect\n|move|p1b: Kingambit|Protect|p1b: Kingambit\n|-singleturn|p1b: Kingambit|Protect\n|move|p2b: Kingambit|Low Kick|p1b: Kingambit\n|-activate|p1b: Kingambit|move: Protect\n|move|p1a: Slowking|Trick Room|p1a: Slowking\n|-fieldstart|move: Trick Room|[of] p1a: Slowking\n|\n|upkeep\n|turn|2\n|\n|t:|1776535241\n|switch|p2a: Sableye|Sableye, L50, M|100/100\n|move|p1a: Slowking|Psychic Noise|p2a: Sableye\n|-immune|p2a: Sableye\n|move|p1b: Kingambit|Iron Head|p2b: Kingambit\n|-resisted|p2b: Kingambit|1\n|-damage|p2b: Kingambit|80/100\n|move|p2b: Kingambit|Low Kick|p1b: Kingambit\n|-supereffective|p1b: Kingambit|2\n|-damage|p1b: Kingambit|0 fnt\n|faint|p1b: Kingambit\n|\n|upkeep\n|\n|t:|1776535247\n|switch|p1b: Crabominable|Crabominable, L50, F|100/100\n|turn|3\n|\n|t:|1776535276\n|move|p1b: Crabominable|Protect|p1b: Crabominable\n|-singleturn|p1b: Crabominable|Protect\n|move|p2a: Sableye|Encore|p1a: Slowking\n|-start|p1a: Slowking|Encore\n|move|p1a: Slowking|Psychic Noise|p2a: Sableye\n|-immune|p2a: Sableye\n|move|p2b: Kingambit|Low Kick|p1b: Crabominable\n|-activate|p1b: Crabominable|move: Protect\n|\n|upkeep\n|turn|4\n|\n|t:|1776535318\n|switch|p1a: Primarina|Primarina, L50, F|100/100\n|switch|p2a: Incineroar|Incineroar, L50, F|100/100\n|-ability|p2a: Incineroar|Intimidate|boost\n|-unboost|p1a: Primarina|atk|1\n|-fail|p1b: Crabominable|unboost|Attack|[from] ability: Hyper Cutter|[of] p1b: Crabominable\n|move|p1b: Crabominable|Drain Punch|p2b: Kingambit\n|-supereffective|p2b: Kingambit|2\n|-damage|p2b: Kingambit|0 fnt\n|faint|p2b: Kingambit\n|\n|upkeep\n|\n|t:|1776535334\n|switch|p2b: Gengar|Gengar-Mega, L50, M|100/100\n|turn|5\n|\n|t:|1776535351\n|detailschange|p1b: Crabominable|Crabominable-Mega, L50, F\n|-mega|p1b: Crabominable|Crabominable|Crabominite\n|move|p2a: Incineroar|Fake Out|p1a: Primarina\n|-damage|p1a: Primarina|88/100\n|move|p1b: Crabominable|Ice Hammer|p2b: Gengar\n|-damage|p2b: Gengar|0 fnt\n|-unboost|p1b: Crabominable|spe|1\n|faint|p2b: Gengar\n|cant|p1a: Primarina|flinch\n|\n|-heal|p1a: Primarina|94/100|[from] item: Leftovers\n|-fieldend|move: Trick Room\n|upkeep\n|-message|ilimejuice93! forfeited.\n|\n|win|dohawyth\n|raw|dohawyth's rating: 1256 &rarr; <strong>1274</strong><br />(+18 for winning)\n|raw|ilimejuice93!'s rating: 1160 &rarr; <strong>1142</strong><br />(-18 for losing)\n|l|\u2606ilimejuice93!\n|player|p2|\n",
  "uploadtime": 1776535375,
  "views": 20,
  "formatid": "gen9championsvgc2026regma",
  "rating": 1142,
  "private": 0,
  "password": null
}