{
  "id": "gen9championsvgc2026regma-2582776207",
  "format": "[Gen 9 Champions] VGC 2026 Reg M-A",
  "players": [
    "1 month of VGC",
    "Triple Goose"
  ],
  "log": "|j|\u26061 month of VGC\n|j|\u2606Triple Goose\n|t:|1776113305\n|gametype|doubles\n|player|p1|1 month of VGC|artist-gen4|\n|player|p2|Triple Goose|juggler|\n|gen|9\n|tier|[Gen 9 Champions] VGC 2026 Reg M-A\n|rated|Tournament battle\n|rule|Species Clause: Limit one of each Pok\u00e9mon\n|rule|Item Clause: Limit 1 of each item\n|raw|<div class=\"infobox\"><details class=\"readmore\" open><summary><strong>1 custom rule:</strong></summary> Force Open Team Sheets</details></div>\n|clearpoke\n|poke|p1|Aerodactyl, L50, M|\n|poke|p1|Garchomp, L50, F|\n|poke|p1|Floette-Eternal, L50, F|\n|poke|p1|Basculegion, L50, M|\n|poke|p1|Delphox, L50, F|\n|poke|p1|Sneasler, L50, F|\n|poke|p2|Whimsicott, L50, F|\n|poke|p2|Typhlosion-Hisui, L50, M|\n|poke|p2|Farigiraf, L50, F|\n|poke|p2|Incineroar, L50, M|\n|poke|p2|Sneasler, L50, F|\n|poke|p2|Floette-Eternal, L50, F|\n|teampreview|4\n|showteam|p1|Aerodactyl||FocusSash|Unnerve|RockSlide,DualWingbeat,Protect,Tailwind|||M|||50|]Garchomp||HabanBerry|RoughSkin|Earthquake,DragonClaw,RockSlide,Protect|||F|||50|]Floette-Eternal||Floettite|FlowerVeil|DazzlingGleam,Moonblast,CalmMind,Protect|||F|||50|]Basculegion||ChoiceScarf|Adaptability|LastRespects,FlipTurn,AquaJet,WaveCrash|||M|||50|]Delphox||Delphoxite|Blaze|HeatWave,Psychic,Encore,Protect|||F|||50|]Sneasler||WhiteHerb|Unburden|CloseCombat,DireClaw,FakeOut,Protect|||F|||50|\n|showteam|p2|Whimsicott||FocusSash|Prankster|Moonblast,Tailwind,Encore,SunnyDay|||F|||50|]Typhlosion-Hisui||ChoiceScarf|Blaze|HeatWave,Eruption,Overheat,ShadowBall|||M|||50|]Farigiraf||SilkScarf|ArmorTail|Psychic,HyperVoice,TrickRoom,HelpingHand|||F|||50|]Incineroar||SitrusBerry|Intimidate|PartingShot,ThroatChop,FlareBlitz,FakeOut|||M|||50|]Sneasler||WhiteHerb|Unburden|DireClaw,CloseCombat,RockSlide,Protect|||F|||50|]Floette-Eternal||Floettite|FlowerVeil|Moonblast,DazzlingGleam,LightofRuin,Protect|||F|||50|\n|inactive|Battle timer is ON: inactive players will automatically lose when time's up. (requested by 1 month of VGC)\n|inactive|Triple Goose also wants the timer to be on.\n|inactive|1 month of VGC has 60 seconds left.\n|inactive|Triple Goose has 60 seconds left.\n|inactive|1 month of VGC has 30 seconds left.\n|\n|t:|1776113365\n|teamsize|p1|4\n|teamsize|p2|4\n|start\n|switch|p1a: Garchomp|Garchomp, L50, F|100/100\n|switch|p1b: Basculegion|Basculegion, L50, M|100/100\n|switch|p2a: Whimsicott|Whimsicott, L50, F|100/100\n|switch|p2b: Floette|Floette-Eternal, L50, F|100/100\n|turn|1\n|inactive|1 month of VGC has 30 seconds left.\n|inactive|1 month of VGC has 20 seconds left.\n|inactive|1 month of VGC has 15 seconds left.\n|\n|t:|1776113410\n|detailschange|p2b: Floette|Floette-Mega, L50, F\n|-mega|p2b: Floette|Floette|Floettite\n|-ability|p2b: Floette|Fairy Aura\n|move|p1a: Garchomp|Protect|p1a: Garchomp\n|-singleturn|p1a: Garchomp|Protect\n|move|p2a: Whimsicott|Tailwind|p2a: Whimsicott\n|-sidestart|p2: Triple Goose|move: Tailwind\n|move|p2b: Floette|Dazzling Gleam|p1a: Garchomp|[spread] p1b\n|-activate|p1a: Garchomp|move: Protect\n|-damage|p1b: Basculegion|40/100\n|move|p1b: Basculegion|Wave Crash|p2b: Floette\n|-damage|p2b: Floette|4/100\n|-damage|p1b: Basculegion|14/100|[from] Recoil\n|\n|upkeep\n|turn|2\n|inactive|1 month of VGC has 30 seconds left.\n|\n|t:|1776113441\n|switch|p1b: Aerodactyl|Aerodactyl, L50, M|100/100\n|-ability|p1b: Aerodactyl|Unnerve\n|switch|p1a: Floette|Floette-Eternal, L50, F|100/100\n|move|p2a: Whimsicott|Moonblast|p1a: Floette\n|-damage|p1a: Floette|64/100\n|move|p2b: Floette|Dazzling Gleam|p1a: Floette|[spread] p1a,p1b\n|-damage|p1a: Floette|16/100\n|-damage|p1b: Aerodactyl|32/100\n|\n|upkeep\n|turn|3\n|\n|t:|1776113460\n|move|p1a: Floette|Protect|p1a: Floette\n|-singleturn|p1a: Floette|Protect\n|move|p2a: Whimsicott|Moonblast|p1a: Floette\n|-activate|p1a: Floette|move: Protect\n|move|p2b: Floette|Dazzling Gleam|p1a: Floette|[spread] p1b\n|-activate|p1a: Floette|move: Protect\n|-damage|p1b: Aerodactyl|0 fnt\n|faint|p1b: Aerodactyl\n|\n|upkeep\n|\n|t:|1776113466\n|switch|p1b: Basculegion|Basculegion, L50, M|14/100\n|turn|4\n|inactive|1 month of VGC has 30 seconds left.\n|\n|t:|1776113495\n|move|p2b: Floette|Protect|p2b: Floette\n|-singleturn|p2b: Floette|Protect\n|move|p1a: Floette|Protect|p1a: Floette\n|-singleturn|p1a: Floette|Protect\n|move|p2a: Whimsicott|Encore|p1a: Floette\n|-activate|p1a: Floette|move: Protect\n|move|p1b: Basculegion|Aqua Jet|p2a: Whimsicott\n|-resisted|p2a: Whimsicott|1\n|-damage|p2a: Whimsicott|83/100\n|\n|-sideend|p2: Triple Goose|move: Tailwind\n|upkeep\n|turn|5\n|\n|t:|1776113515\n|switch|p1a: Garchomp|Garchomp, L50, F|100/100\n|switch|p2b: Incineroar|Incineroar, L50, M|100/100\n|-ability|p2b: Incineroar|Intimidate|boost\n|-unboost|p1a: Garchomp|atk|1\n|-unboost|p1b: Basculegion|atk|1\n|move|p1b: Basculegion|Aqua Jet|p2b: Incineroar\n|-supereffective|p2b: Incineroar|1\n|-damage|p2b: Incineroar|63/100\n|move|p2a: Whimsicott|Encore||[still]\n|-fail|p2a: Whimsicott\n|\n|upkeep\n|turn|6\n|\n|t:|1776113535\n|move|p1b: Basculegion|Aqua Jet|p2b: Incineroar\n|-supereffective|p2b: Incineroar|1\n|-damage|p2b: Incineroar|31/100\n|-enditem|p2b: Incineroar|Sitrus Berry|[eat]\n|-heal|p2b: Incineroar|56/100|[from] item: Sitrus Berry\n|move|p2a: Whimsicott|Tailwind|p2a: Whimsicott\n|-sidestart|p2: Triple Goose|move: Tailwind\n|move|p2b: Incineroar|Throat Chop|p1b: Basculegion\n|-supereffective|p1b: Basculegion|1\n|-damage|p1b: Basculegion|0 fnt\n|faint|p1b: Basculegion\n|move|p1a: Garchomp|Rock Slide|p2a: Whimsicott|[spread] p2a\n|-miss|p1a: Garchomp|p2b: Incineroar\n|-damage|p2a: Whimsicott|65/100\n|\n|upkeep\n|\n|t:|1776113543\n|switch|p1b: Floette|Floette-Eternal, L50, F|16/100\n|turn|7\n|c|\u26061 month of VGC|The unlucky roll on turn one\n|inactive|1 month of VGC has 30 seconds left.\n|\n|t:|1776113570\n|detailschange|p1b: Floette|Floette-Mega, L50, F\n|-mega|p1b: Floette|Floette|Floettite\n|-ability|p1b: Floette|Fairy Aura\n|move|p2a: Whimsicott|Moonblast|p1a: Garchomp\n|-supereffective|p1a: Garchomp|1\n|-damage|p1a: Garchomp|16/100\n|-unboost|p1a: Garchomp|spa|1\n|move|p2b: Incineroar|Flare Blitz|p1b: Floette\n|-damage|p1b: Floette|0 fnt\n|faint|p1b: Floette\n|-damage|p2b: Incineroar|52/100|[from] Recoil\n|move|p1a: Garchomp|Earthquake|p2b: Incineroar|[spread] p2a,p2b\n|-resisted|p2a: Whimsicott|1\n|-supereffective|p2b: Incineroar|1\n|-damage|p2a: Whimsicott|50/100\n|-damage|p2b: Incineroar|4/100\n|\n|upkeep\n|turn|8\n|-message|1 month of VGC forfeited.\n|\n|win|Triple Goose\n|n|\u26061 month of VGC|1monthofvgc\n|n|\u2606Triple Goose|triplegoose\n|l|\u26061 month of VGC\n|player|p1|\n",
  "uploadtime": 1776113586,
  "views": 34,
  "formatid": "gen9championsvgc2026regma",
  "rating": null,
  "private": 0,
  "password": null
}