{
  "id": "gen9championsvgc2026regma-2582499037",
  "format": "[Gen 9 Champions] VGC 2026 Reg M-A",
  "players": [
    "393piplup",
    "Noedpr"
  ],
  "log": "|j|\u2606393piplup\n|j|\u2606Noedpr\n|t:|1776095575\n|gametype|doubles\n|player|p1|393piplup|falkner|1443\n|player|p2|Noedpr|cilan|1364\n|gen|9\n|tier|[Gen 9 Champions] VGC 2026 Reg M-A\n|rated|\n|rule|Species Clause: Limit one of each Pok\u00e9mon\n|rule|Item Clause: Limit 1 of each item\n|clearpoke\n|poke|p1|Tyranitar, L50, M|\n|poke|p1|Excadrill, L50, M|\n|poke|p1|Corviknight, L50, M|\n|poke|p1|Primarina, L50, F|\n|poke|p1|Sinistcha, L50|\n|poke|p1|Incineroar, L50, M|\n|poke|p2|Floette-Eternal, L50, F|\n|poke|p2|Sneasler, L50, M|\n|poke|p2|Aerodactyl, L50, M|\n|poke|p2|Garchomp, L50, M|\n|poke|p2|Rotom-Heat, L50|\n|poke|p2|Basculegion, L50, M|\n|teampreview|4\n|inactive|Battle timer is ON: inactive players will automatically lose when time's up. (requested by Noedpr)\n|j| 2#4%6&8(10M\n|j| zane121\n|\n|t:|1776095600\n|teamsize|p1|4\n|teamsize|p2|4\n|start\n|switch|p1a: Tyranitar|Tyranitar, L50, M, shiny|100/100\n|switch|p1b: Excadrill|Excadrill, L50, M|100/100\n|switch|p2a: Aerodactyl|Aerodactyl, L50, M|100/100\n|switch|p2b: Sneasler|Sneasler, L50, M, shiny|100/100\n|-ability|p2a: Aerodactyl|Unnerve\n|-weather|Sandstorm|[from] ability: Sand Stream|[of] p1a: Tyranitar\n|turn|1\n|l| 2#4%6&8(10M\n|inactive|393piplup has 30 seconds left.\n|\n|t:|1776095634\n|detailschange|p1a: Tyranitar|Tyranitar-Mega, L50, M, shiny\n|-mega|p1a: Tyranitar|Tyranitar|Tyranitarite\n|move|p2b: Sneasler|Fake Out|p1b: Excadrill\n|-resisted|p1b: Excadrill|1\n|-damage|p1b: Excadrill|89/100\n|cant|p1b: Excadrill|flinch\n|move|p2a: Aerodactyl|Tailwind|p2a: Aerodactyl\n|-sidestart|p2: Noedpr|move: Tailwind\n|move|p1a: Tyranitar|Rock Slide|p2b: Sneasler|[spread] p2a,p2b\n|-supereffective|p2a: Aerodactyl|1\n|-resisted|p2b: Sneasler|1\n|-enditem|p2a: Aerodactyl|Focus Sash\n|-damage|p2a: Aerodactyl|1/100\n|-damage|p2b: Sneasler|69/100\n|\n|-weather|Sandstorm|[upkeep]\n|-damage|p2b: Sneasler|63/100|[from] Sandstorm\n|upkeep\n|turn|2\n|j| irhb\n|\n|t:|1776095659\n|switch|p1a: Sinistcha|Sinistcha, L50|100/100\n|-heal|p1b: Excadrill|100/100|[from] ability: Hospitality|[of] p1a: Sinistcha\n|move|p1b: Excadrill|Protect|p1b: Excadrill\n|-singleturn|p1b: Excadrill|Protect\n|move|p2a: Aerodactyl|Rock Slide|p1a: Sinistcha|[spread] p1a\n|-activate|p1b: Excadrill|move: Protect\n|-damage|p1a: Sinistcha|81/100\n|move|p2b: Sneasler|Close Combat|p1a: Sinistcha\n|-immune|p1a: Sinistcha\n|\n|-weather|Sandstorm|[upkeep]\n|-damage|p2b: Sneasler|57/100|[from] Sandstorm\n|-damage|p1a: Sinistcha|75/100|[from] Sandstorm\n|upkeep\n|turn|3\n|\n|t:|1776095681\n|move|p1a: Sinistcha|Rage Powder|p1a: Sinistcha\n|-singleturn|p1a: Sinistcha|move: Rage Powder\n|move|p2a: Aerodactyl|Rock Slide|p1b: Excadrill|[spread] p1b\n|-miss|p2a: Aerodactyl|p1a: Sinistcha\n|-resisted|p1b: Excadrill|2\n|-damage|p1b: Excadrill|92/100\n|move|p2b: Sneasler|Close Combat|p1a: Sinistcha\n|-immune|p1a: Sinistcha\n|move|p1b: Excadrill|High Horsepower|p2b: Sneasler\n|-supereffective|p2b: Sneasler|1\n|-damage|p2b: Sneasler|0 fnt\n|faint|p2b: Sneasler\n|\n|-weather|Sandstorm|[upkeep]\n|-damage|p1a: Sinistcha|69/100|[from] Sandstorm\n|upkeep\n|l| irhb\n|\n|t:|1776095701\n|switch|p2b: Garchomp|Garchomp, L50, M|100/100\n|turn|4\n|\n|t:|1776095707\n|switch|p1a: Incineroar|Incineroar, L50, M, shiny|100/100\n|-ability|p1a: Incineroar|Intimidate|boost\n|-unboost|p2a: Aerodactyl|atk|1\n|-unboost|p2b: Garchomp|atk|1\n|move|p2a: Aerodactyl|Protect|p2a: Aerodactyl\n|-singleturn|p2a: Aerodactyl|Protect\n|move|p1b: Excadrill|Protect|p1b: Excadrill\n|-singleturn|p1b: Excadrill|Protect\n|move|p2b: Garchomp|Earthquake|p1a: Incineroar|[spread] p1a\n|-activate|p2a: Aerodactyl|move: Protect\n|-activate|p1b: Excadrill|move: Protect\n|-supereffective|p1a: Incineroar|1\n|-damage|p1a: Incineroar|44/100\n|\n|-weather|Sandstorm|[upkeep]\n|-damage|p1a: Incineroar|38/100|[from] Sandstorm\n|-sideend|p2: Noedpr|move: Tailwind\n|upkeep\n|turn|5\n|\n|t:|1776095727\n|switch|p2a: Rotom|Rotom-Heat, L50, shiny|100/100\n|switch|p1a: Sinistcha|Sinistcha, L50|69/100\n|-heal|p1b: Excadrill|100/100|[from] ability: Hospitality|[of] p1a: Sinistcha\n|move|p1b: Excadrill|Rock Slide|p2b: Garchomp|[spread] p2a,p2b\n|-supereffective|p2a: Rotom|1\n|-resisted|p2b: Garchomp|1\n|-damage|p2a: Rotom|57/100\n|-damage|p2b: Garchomp|90/100\n|move|p2b: Garchomp|Earthquake|p1a: Sinistcha|[spread] p1a,p1b\n|-immune|p2a: Rotom|[from] ability: Levitate\n|-resisted|p1a: Sinistcha|1\n|-supereffective|p1b: Excadrill|1\n|-damage|p1a: Sinistcha|58/100\n|-damage|p1b: Excadrill|7/100\n|\n|-weather|none\n|upkeep\n|turn|6\n|inactive|393piplup has 30 seconds left.\n|j| irhb\n|inactive|393piplup has 20 seconds left.\n|\n|t:|1776095766\n|switch|p1a: Tyranitar|Tyranitar-Mega, L50, M, shiny|100/100\n|-weather|Sandstorm|[from] ability: Sand Stream|[of] p1a: Tyranitar\n|move|p2a: Rotom|Helping Hand|p2b: Garchomp\n|-singleturn|p2b: Garchomp|Helping Hand|[of] p2a: Rotom\n|move|p1b: Excadrill|Rock Slide|p2b: Garchomp|[spread] p2a,p2b\n|-supereffective|p2a: Rotom|1\n|-resisted|p2b: Garchomp|1\n|-damage|p2a: Rotom|11/100\n|-damage|p2b: Garchomp|78/100\n|-enditem|p2a: Rotom|Sitrus Berry|[eat]\n|-heal|p2a: Rotom|36/100|[from] item: Sitrus Berry\n|move|p2b: Garchomp|Earthquake|p1a: Tyranitar|[spread] p1a,p1b\n|-immune|p2a: Rotom|[from] ability: Levitate\n|-supereffective|p1a: Tyranitar|1\n|-supereffective|p1b: Excadrill|1\n|-damage|p1a: Tyranitar|39/100\n|-damage|p1b: Excadrill|0 fnt\n|faint|p1b: Excadrill\n|\n|-weather|Sandstorm|[upkeep]\n|-damage|p2a: Rotom|30/100|[from] Sandstorm\n|upkeep\n|l| irhb\n|\n|t:|1776095780\n|switch|p1b: Sinistcha|Sinistcha, L50|58/100\n|-heal|p1a: Tyranitar|64/100|[from] ability: Hospitality|[of] p1b: Sinistcha\n|turn|7\n|\n|t:|1776095804\n|switch|p1b: Incineroar|Incineroar, L50, M, shiny|38/100\n|-ability|p1b: Incineroar|Intimidate|boost\n|-unboost|p2a: Rotom|atk|1\n|-unboost|p2b: Garchomp|atk|1\n|move|p2b: Garchomp|Earthquake|p1a: Tyranitar|[spread] p1a,p1b\n|-immune|p2a: Rotom|[from] ability: Levitate\n|-supereffective|p1a: Tyranitar|1\n|-supereffective|p1b: Incineroar|1\n|-damage|p1a: Tyranitar|38/100\n|-damage|p1b: Incineroar|0 fnt\n|faint|p1b: Incineroar\n|move|p2a: Rotom|Overheat|p1a: Tyranitar\n|-resisted|p1a: Tyranitar|1\n|-damage|p1a: Tyranitar|22/100\n|-unboost|p2a: Rotom|spa|2\n|move|p1a: Tyranitar|Ice Punch|p2b: Garchomp\n|-supereffective|p2b: Garchomp|2\n|-damage|p2b: Garchomp|0 fnt\n|-damage|p1a: Tyranitar|9/100|[from] ability: Rough Skin|[of] p2b: Garchomp\n|faint|p2b: Garchomp\n|\n|-weather|Sandstorm|[upkeep]\n|-damage|p2a: Rotom|24/100|[from] Sandstorm\n|upkeep\n|inactive|393piplup has 30 seconds left.\n|\n|t:|1776095830\n|switch|p2b: Aerodactyl|Aerodactyl, L50, M|1/100\n|switch|p1b: Sinistcha|Sinistcha, L50|58/100\n|-ability|p2b: Aerodactyl|Unnerve\n|-heal|p1a: Tyranitar|34/100|[from] ability: Hospitality|[of] p1b: Sinistcha\n|turn|8\n|\n|t:|1776095848\n|move|p2b: Aerodactyl|Protect|p2b: Aerodactyl\n|-singleturn|p2b: Aerodactyl|Protect\n|move|p1a: Tyranitar|Protect|p1a: Tyranitar\n|-singleturn|p1a: Tyranitar|Protect\n|move|p2a: Rotom|Overheat|p1b: Sinistcha\n|-supereffective|p1b: Sinistcha|1\n|-damage|p1b: Sinistcha|0 fnt\n|-unboost|p2a: Rotom|spa|2\n|faint|p1b: Sinistcha\n|\n|-weather|Sandstorm|[upkeep]\n|-damage|p2a: Rotom|18/100|[from] Sandstorm\n|upkeep\n|turn|9\n|j| alkagen101\n|inactive|Noedpr has 30 seconds left.\n|\n|t:|1776095881\n|move|p2b: Aerodactyl|Rock Slide|p1a: Tyranitar\n|-damage|p1a: Tyranitar|15/100\n|move|p2a: Rotom|Thunderbolt|p1a: Tyranitar\n|-damage|p1a: Tyranitar|7/100\n|move|p1a: Tyranitar|Rock Slide|p2a: Rotom|[spread] p2a,p2b\n|-supereffective|p2a: Rotom|1\n|-supereffective|p2b: Aerodactyl|1\n|-damage|p2a: Rotom|0 fnt\n|-damage|p2b: Aerodactyl|0 fnt\n|faint|p2a: Rotom\n|faint|p2b: Aerodactyl\n|\n|win|393piplup\n|raw|393piplup's rating: 1443 &rarr; <strong>1459</strong><br />(+16 for winning)\n|raw|Noedpr's rating: 1364 &rarr; <strong>1348</strong><br />(-16 for losing)\n|l|\u2606Noedpr\n|player|p2|\n|l|\u2606393piplup\n|player|p1|\n|l| alkagen101\n",
  "uploadtime": 1776095984,
  "views": 38,
  "formatid": "gen9championsvgc2026regma",
  "rating": 1348,
  "private": 0,
  "password": null
}