{
  "id": "gen9championsvgc2026regma-2581210355",
  "format": "[Gen 9 Champions] VGC 2026 Reg M-A",
  "players": [
    "The Burnted",
    "eeaka"
  ],
  "log": "|j|\u2606The Burnted\n|j|\u2606eeaka\n|t:|1775971190\n|gametype|doubles\n|player|p1|The Burnted|gambler|1052\n|player|p2|eeaka|lady|1133\n|gen|9\n|tier|[Gen 9 Champions] VGC 2026 Reg M-A\n|rated|\n|rule|Species Clause: Limit one of each Pok\u00e9mon\n|rule|Item Clause: Limit 1 of each item\n|clearpoke\n|poke|p1|Tauros-Paldea-Blaze, L50, M|\n|poke|p1|Rotom-Wash, L50|\n|poke|p1|Chimecho, L50, M|\n|poke|p1|Sneasler, L50, M|\n|poke|p1|Tyranitar, L50, M|\n|poke|p1|Sinistcha, L50|\n|poke|p2|Charizard, L50, F|\n|poke|p2|Incineroar, L50, F|\n|poke|p2|Whimsicott, L50, M|\n|poke|p2|Rotom-Wash, L50|\n|poke|p2|Sneasler, L50, F|\n|poke|p2|Garchomp, L50, F|\n|teampreview|4\n|inactive|Battle timer is ON: inactive players will automatically lose when time's up. (requested by eeaka)\n|\n|t:|1775971214\n|teamsize|p1|4\n|teamsize|p2|4\n|start\n|switch|p1a: Tauros|Tauros-Paldea-Blaze, L50, M|100/100\n|switch|p1b: Rotom|Rotom-Wash, L50|100/100\n|switch|p2a: Charizard|Charizard, L50, F|100/100\n|switch|p2b: Garchomp|Garchomp, L50, F|100/100\n|-ability|p1a: Tauros|Intimidate|boost\n|-unboost|p2a: Charizard|atk|1\n|-unboost|p2b: Garchomp|atk|1\n|turn|1\n|inactive|The Burnted has 30 seconds left.\n|inactive|eeaka has 30 seconds left.\n|\n|t:|1775971247\n|switch|p1a: Chimecho|Chimecho, L50, M|100/100\n|detailschange|p2a: Charizard|Charizard-Mega-Y, L50, F\n|-mega|p2a: Charizard|Charizard|Charizardite Y\n|-weather|SunnyDay|[from] ability: Drought|[of] p2a: Charizard\n|move|p2b: Garchomp|Rock Slide|p1b: Rotom|[spread] p1a,p1b\n|-damage|p1a: Chimecho|84/100\n|-damage|p1b: Rotom|81/100\n|move|p1b: Rotom|Volt Switch|p2a: Charizard\n|-supereffective|p2a: Charizard|1\n|-damage|p2a: Charizard|39/100\n|\n|t:|1775971260\n|switch|p1b: Tauros|Tauros-Paldea-Blaze, L50, M|100/100|[from] Volt Switch\n|-ability|p1b: Tauros|Intimidate|boost\n|-unboost|p2a: Charizard|atk|1\n|-unboost|p2b: Garchomp|atk|1\n|move|p2a: Charizard|Solar Beam||[still]\n|-prepare|p2a: Charizard|Solar Beam\n|-anim|p2a: Charizard|Solar Beam|p1b: Tauros\n|-resisted|p1b: Tauros|1\n|-damage|p1b: Tauros|78/100\n|\n|-weather|SunnyDay|[upkeep]\n|upkeep\n|turn|2\n|\n|t:|1775971281\n|switch|p2b: Incineroar|Incineroar, L50, F|100/100\n|-ability|p2b: Incineroar|Intimidate|boost\n|-unboost|p1a: Chimecho|atk|1\n|-unboost|p1b: Tauros|atk|1\n|move|p2a: Charizard|Protect|p2a: Charizard\n|-singleturn|p2a: Charizard|Protect\n|move|p1a: Chimecho|Protect|p1a: Chimecho\n|-singleturn|p1a: Chimecho|Protect\n|move|p1b: Tauros|Rock Slide|p2a: Charizard|[spread] p2b\n|-activate|p2a: Charizard|move: Protect\n|-supereffective|p2b: Incineroar|1\n|-crit|p2b: Incineroar\n|-damage|p2b: Incineroar|69/100\n|\n|-weather|SunnyDay|[upkeep]\n|upkeep\n|turn|3\n|\n|t:|1775971299\n|switch|p1a: Rotom|Rotom-Wash, L50|81/100\n|move|p1b: Tauros|Protect|p1b: Tauros\n|-singleturn|p1b: Tauros|Protect\n|move|p2b: Incineroar|Fake Out|p1b: Tauros\n|-activate|p1b: Tauros|move: Protect\n|move|p2a: Charizard|Heat Wave|p1b: Tauros|[spread] p1a\n|-activate|p1b: Tauros|move: Protect\n|-resisted|p1a: Rotom|1\n|-damage|p1a: Rotom|36/100\n|\n|-weather|SunnyDay|[upkeep]\n|upkeep\n|turn|4\n|inactive|eeaka has 30 seconds left.\n|\n|t:|1775971324\n|switch|p2a: Garchomp|Garchomp, L50, F|100/100\n|move|p1a: Rotom|Volt Switch|p2a: Garchomp\n|-immune|p2a: Garchomp\n|move|p1b: Tauros|Close Combat|p2b: Incineroar\n|-supereffective|p2b: Incineroar|1\n|-damage|p2b: Incineroar|18/100\n|-unboost|p1b: Tauros|def|1\n|-unboost|p1b: Tauros|spd|1\n|-enditem|p2b: Incineroar|Sitrus Berry|[eat]\n|-heal|p2b: Incineroar|43/100|[from] item: Sitrus Berry\n|move|p2b: Incineroar|Parting Shot|p1b: Tauros\n|-unboost|p1b: Tauros|atk|1\n|-unboost|p1b: Tauros|spa|1\n|\n|t:|1775971347\n|switch|p2b: Charizard|Charizard-Mega-Y, L50, F|39/100|[from] Parting Shot\n|\n|-weather|SunnyDay|[upkeep]\n|upkeep\n|turn|5\n|\n|t:|1775971365\n|move|p2b: Charizard|Protect|p2b: Charizard\n|-singleturn|p2b: Charizard|Protect\n|move|p2a: Garchomp|Rock Slide|p1b: Tauros|[spread] p1a,p1b\n|-damage|p1a: Rotom|8/100\n|-damage|p1b: Tauros|48/100\n|cant|p1a: Rotom|flinch\n|move|p1b: Tauros|Will-O-Wisp|p2a: Garchomp\n|-status|p2a: Garchomp|brn\n|\n|-weather|none\n|-damage|p2a: Garchomp|95/100 brn|[from] brn\n|upkeep\n|turn|6\n|inactive|The Burnted has 30 seconds left.\n|\n|t:|1775971399\n|switch|p2b: Whimsicott|Whimsicott, L50, M|100/100\n|move|p2a: Garchomp|Rock Slide|p1a: Rotom|[spread] p1b\n|-miss|p2a: Garchomp|p1a: Rotom\n|-damage|p1b: Tauros|32/100\n|move|p1a: Rotom|Volt Switch|p2b: Whimsicott\n|-resisted|p2b: Whimsicott|1\n|-damage|p2b: Whimsicott|73/100\n|\n|t:|1775971409\n|switch|p1a: Chimecho|Chimecho, L50, M|84/100|[from] Volt Switch\n|cant|p1b: Tauros|flinch\n|\n|-damage|p2a: Garchomp|89/100 brn|[from] brn\n|upkeep\n|turn|7\n|\n|t:|1775971430\n|switch|p2a: Charizard|Charizard-Mega-Y, L50, F|39/100\n|-weather|SunnyDay|[from] ability: Drought|[of] p2a: Charizard\n|switch|p1b: Sneasler|Sneasler, L50, M|100/100\n|detailschange|p1a: Chimecho|Chimecho-Mega, L50, M\n|-mega|p1a: Chimecho|Chimecho|Chimechite\n|move|p2b: Whimsicott|Encore||[still]\n|-fail|p2b: Whimsicott\n|move|p1a: Chimecho|Calm Mind|p1a: Chimecho\n|-boost|p1a: Chimecho|spa|1\n|-boost|p1a: Chimecho|spd|1\n|\n|-weather|SunnyDay|[upkeep]\n|upkeep\n|turn|8\n|\n|t:|1775971450\n|move|p2a: Charizard|Protect|p2a: Charizard\n|-singleturn|p2a: Charizard|Protect\n|move|p1a: Chimecho|Protect|p1a: Chimecho\n|-singleturn|p1a: Chimecho|Protect\n|move|p2b: Whimsicott|Encore|p1a: Chimecho\n|-activate|p1a: Chimecho|move: Protect\n|move|p1b: Sneasler|Dire Claw|p2b: Whimsicott\n|-supereffective|p2b: Whimsicott|2\n|-damage|p2b: Whimsicott|0 fnt\n|faint|p2b: Whimsicott\n|\n|-weather|SunnyDay|[upkeep]\n|upkeep\n|\n|t:|1775971461\n|switch|p2b: Incineroar|Incineroar, L50, F|43/100\n|-ability|p2b: Incineroar|Intimidate|boost\n|-unboost|p1a: Chimecho|atk|1\n|-unboost|p1b: Sneasler|atk|1\n|-enditem|p1b: Sneasler|White Herb\n|-clearnegativeboost|p1b: Sneasler|[silent]\n|turn|9\n|\n|t:|1775971481\n|switch|p1a: Tauros|Tauros-Paldea-Blaze, L50, M|32/100\n|-ability|p1a: Tauros|Intimidate|boost\n|-unboost|p2a: Charizard|atk|1\n|-unboost|p2b: Incineroar|atk|1\n|move|p1b: Sneasler|Protect|p1b: Sneasler\n|-singleturn|p1b: Sneasler|Protect\n|move|p2b: Incineroar|Fake Out|p1b: Sneasler\n|-activate|p1b: Sneasler|move: Protect\n|move|p2a: Charizard|Heat Wave|p1a: Tauros|[spread] p1a\n|-activate|p1b: Sneasler|move: Protect\n|-resisted|p1a: Tauros|1\n|-damage|p1a: Tauros|2/100\n|\n|-weather|SunnyDay|[upkeep]\n|upkeep\n|turn|10\n|\n|t:|1775971500\n|switch|p2b: Garchomp|Garchomp, L50, F|89/100 brn\n|move|p2a: Charizard|Protect|p2a: Charizard\n|-singleturn|p2a: Charizard|Protect\n|move|p1b: Sneasler|Dire Claw|p2a: Charizard\n|-activate|p2a: Charizard|move: Protect\n|move|p1a: Tauros|Rock Slide|p2b: Garchomp|[spread] p2b\n|-activate|p2a: Charizard|move: Protect\n|-resisted|p2b: Garchomp|1\n|-damage|p2b: Garchomp|80/100 brn\n|\n|-weather|SunnyDay|[upkeep]\n|-damage|p2b: Garchomp|74/100 brn|[from] brn\n|upkeep\n|turn|11\n|inactive|The Burnted has 30 seconds left.\n|inactive|The Burnted has 20 seconds left.\n|inactive|eeaka has 30 seconds left.\n|inactive|eeaka has 20 seconds left.\n|\n|t:|1775971551\n|move|p1a: Tauros|Protect|p1a: Tauros\n|-singleturn|p1a: Tauros|Protect\n|move|p1b: Sneasler|Dire Claw|p2a: Charizard\n|-damage|p2a: Charizard|0 fnt\n|faint|p2a: Charizard\n|move|p2b: Garchomp|Stomping Tantrum|p1b: Sneasler\n|-supereffective|p1b: Sneasler|1\n|-damage|p1b: Sneasler|21/100\n|\n|-weather|none\n|-damage|p2b: Garchomp|68/100 brn|[from] brn\n|upkeep\n|\n|t:|1775971557\n|switch|p2a: Incineroar|Incineroar, L50, F|43/100\n|-ability|p2a: Incineroar|Intimidate|boost\n|-unboost|p1a: Tauros|atk|1\n|-unboost|p1b: Sneasler|atk|1\n|turn|12\n|\n|t:|1775971578\n|move|p1b: Sneasler|Close Combat|p2a: Incineroar\n|-supereffective|p2a: Incineroar|1\n|-damage|p2a: Incineroar|0 fnt\n|-unboost|p1b: Sneasler|def|1\n|-unboost|p1b: Sneasler|spd|1\n|faint|p2a: Incineroar\n|move|p2b: Garchomp|Stomping Tantrum|p1b: Sneasler\n|-supereffective|p1b: Sneasler|1\n|-damage|p1b: Sneasler|0 fnt\n|faint|p1b: Sneasler\n|move|p1a: Tauros|Close Combat|p2b: Garchomp\n|-damage|p2b: Garchomp|34/100 brn\n|-unboost|p1a: Tauros|def|1\n|-unboost|p1a: Tauros|spd|1\n|-damage|p1a: Tauros|0 fnt|[from] ability: Rough Skin|[of] p2b: Garchomp\n|faint|p1a: Tauros\n|\n|-damage|p2b: Garchomp|28/100 brn|[from] brn\n|upkeep\n|-message|eeaka forfeited.\n|\n|win|The Burnted\n|raw|The Burnted's rating: 1052 &rarr; <strong>1092</strong><br />(+40 for winning)\n|raw|eeaka's rating: 1133 &rarr; <strong>1102</strong><br />(-31 for losing)\n|l|\u2606eeaka\n|player|p2|\n",
  "uploadtime": 1775971629,
  "views": 19,
  "formatid": "gen9championsvgc2026regma",
  "rating": 1092,
  "private": 0,
  "password": null
}