{
  "id": "gen9championsvgc2026regma-2583433549",
  "format": "[Gen 9 Champions] VGC 2026 Reg M-A",
  "players": [
    "biquita",
    "guguchu"
  ],
  "log": "|j|\u2606biquita\n|j|\u2606guguchu\n|t:|1776175356\n|gametype|doubles\n|player|p1|biquita|brycenman|\n|player|p2|guguchu|2|\n|gen|9\n|tier|[Gen 9 Champions] VGC 2026 Reg M-A\n|rule|Species Clause: Limit one of each Pok\u00e9mon\n|rule|Item Clause: Limit 1 of each item\n|clearpoke\n|poke|p1|Camerupt, L50, F|\n|poke|p1|Sinistcha, L50|\n|poke|p1|Oranguru, L50, M|\n|poke|p1|Crabominable, L50, F|\n|poke|p1|Sylveon, L50, F|\n|poke|p1|Sableye, L50, M|\n|poke|p2|Tyranitar, L50, M|\n|poke|p2|Arbok, L50, M|\n|poke|p2|Garchomp, L50, M|\n|poke|p2|Araquanid, L50, F|\n|poke|p2|Hatterene, L50, F|\n|poke|p2|Whimsicott, L50, M|\n|teampreview|4\n|inactive|Battle timer is ON: inactive players will automatically lose when time's up. (requested by guguchu)\n|\n|t:|1776175385\n|teamsize|p1|4\n|teamsize|p2|4\n|start\n|switch|p1a: Sableye|Sableye, L50, M|100/100\n|switch|p1b: Oranguru|Oranguru, L50, M|100/100\n|switch|p2a: Hatterene|Hatterene, L50, F|100/100\n|switch|p2b: Whimsicott|Whimsicott, L50, M|100/100\n|turn|1\n|\n|t:|1776175406\n|switch|p1a: Camerupt|Camerupt, L50, F|100/100\n|move|p2b: Whimsicott|Taunt|p1a: Camerupt\n|-start|p1a: Camerupt|move: Taunt\n|move|p2a: Hatterene|Dazzling Gleam|p1a: Camerupt|[spread] p1a,p1b\n|-resisted|p1a: Camerupt|1\n|-damage|p1a: Camerupt|81/100\n|-damage|p1b: Oranguru|77/100\n|move|p1b: Oranguru|Trick Room|p1b: Oranguru\n|-fieldstart|move: Trick Room|[of] p1b: Oranguru\n|\n|upkeep\n|turn|2\n|\n|t:|1776175422\n|detailschange|p1a: Camerupt|Camerupt-Mega, L50, F\n|-mega|p1a: Camerupt|Camerupt|Cameruptite\n|move|p2b: Whimsicott|Protect|p2b: Whimsicott\n|-singleturn|p2b: Whimsicott|Protect\n|move|p1a: Camerupt|Eruption|p2b: Whimsicott|[spread] p2a\n|-activate|p2b: Whimsicott|move: Protect\n|-damage|p2a: Hatterene|49/100\n|move|p1b: Oranguru|Instruct|p1a: Camerupt\n|-singleturn|p1a: Camerupt|move: Instruct|[of] p1b: Oranguru\n|move|p1a: Camerupt|Eruption|p2b: Whimsicott|[spread] p2a\n|-activate|p2b: Whimsicott|move: Protect\n|-damage|p2a: Hatterene|5/100\n|move|p2a: Hatterene|Trick Room|p2a: Hatterene\n|-fieldend|move: Trick Room\n|\n|-heal|p2a: Hatterene|11/100|[from] item: Leftovers\n|upkeep\n|turn|3\n|inactive|biquita has 30 seconds left.\n|\n|t:|1776175451\n|move|p2b: Whimsicott|Taunt|p1b: Oranguru\n|-start|p1b: Oranguru|move: Taunt\n|-enditem|p1b: Oranguru|Mental Herb\n|-end|p1b: Oranguru|move: Taunt\n|move|p2a: Hatterene|Dazzling Gleam|p1a: Camerupt|[spread] p1a,p1b\n|-resisted|p1a: Camerupt|1\n|-damage|p1a: Camerupt|65/100\n|-damage|p1b: Oranguru|54/100\n|move|p1a: Camerupt|Eruption|p2b: Whimsicott|[spread] p2a,p2b\n|-supereffective|p2b: Whimsicott|1\n|-damage|p2a: Hatterene|0 fnt\n|-damage|p2b: Whimsicott|17/100\n|faint|p2a: Hatterene\n|move|p1b: Oranguru|Trick Room|p1b: Oranguru\n|-fieldstart|move: Trick Room|[of] p1b: Oranguru\n|\n|-end|p1a: Camerupt|move: Taunt\n|upkeep\n|inactive|guguchu has 30 seconds left.\n|\n|t:|1776175482\n|switch|p2a: Tyranitar|Tyranitar, L50, M|100/100\n|-weather|Sandstorm|[from] ability: Sand Stream|[of] p2a: Tyranitar\n|turn|4\n|\n|t:|1776175506\n|switch|p1b: Sylveon|Sylveon, L50, F|100/100\n|detailschange|p2a: Tyranitar|Tyranitar-Mega, L50, M\n|-mega|p2a: Tyranitar|Tyranitar|Tyranitarite\n|move|p2b: Whimsicott|Protect|p2b: Whimsicott\n|-singleturn|p2b: Whimsicott|Protect\n|move|p1a: Camerupt|Earth Power|p2a: Tyranitar\n|-supereffective|p2a: Tyranitar|1\n|-damage|p2a: Tyranitar|31/100\n|move|p2a: Tyranitar|Earthquake|p1b: Sylveon|[spread] p1a,p1b\n|-activate|p2b: Whimsicott|move: Protect\n|-supereffective|p1a: Camerupt|1\n|-damage|p1a: Camerupt|11/100\n|-damage|p1b: Sylveon|65/100\n|\n|-weather|Sandstorm|[upkeep]\n|-damage|p1b: Sylveon|59/100|[from] Sandstorm\n|-damage|p2b: Whimsicott|11/100|[from] Sandstorm\n|upkeep\n|turn|5\n|inactive|guguchu has 30 seconds left.\n|inactive|guguchu has 20 seconds left.\n|inactive|guguchu has 15 seconds left.\n|inactive|guguchu has 10 seconds left.\n|inactive|guguchu has 5 seconds left.\n|\n|t:|1776175560\n|move|p1a: Camerupt|Heat Wave|p2a: Tyranitar|[spread] p2a,p2b\n|-resisted|p2a: Tyranitar|1\n|-supereffective|p2b: Whimsicott|1\n|-damage|p2a: Tyranitar|18/100\n|-damage|p2b: Whimsicott|0 fnt\n|faint|p2b: Whimsicott\n|move|p1b: Sylveon|Hyper Voice|p2a: Tyranitar\n|-supereffective|p2a: Tyranitar|1\n|-damage|p2a: Tyranitar|0 fnt\n|faint|p2a: Tyranitar\n|\n|-weather|Sandstorm|[upkeep]\n|-damage|p1b: Sylveon|53/100|[from] Sandstorm\n|upkeep\n|\n|t:|1776175568\n|switch|p2b: Arbok|Arbok, L50, M|100/100\n|-ability|p2b: Arbok|Intimidate|boost\n|-unboost|p1a: Camerupt|atk|1\n|-unboost|p1b: Sylveon|atk|1\n|turn|6\n|\n|t:|1776175579\n|move|p1a: Camerupt|Earth Power|p2b: Arbok\n|-supereffective|p2b: Arbok|1\n|-damage|p2b: Arbok|0 fnt\n|faint|p2b: Arbok\n|\n|win|biquita\n|c|\u2606guguchu|gg\n|c|\u2606biquita|Gg\n",
  "uploadtime": 1776175607,
  "views": 16,
  "formatid": "gen9championsvgc2026regma",
  "rating": null,
  "private": 0,
  "password": null
}