{
  "id": "gen9championsvgc2026regma-2583826084",
  "format": "[Gen 9 Champions] VGC 2026 Reg M-A",
  "players": [
    "Pandyc",
    "zhery34"
  ],
  "log": "|j|\u2606Pandyc\n|j|\u2606zhery34\n|t:|1776200722\n|gametype|doubles\n|player|p1|Pandyc|caitlin|1104\n|player|p2|zhery34|blue|1205\n|gen|9\n|tier|[Gen 9 Champions] VGC 2026 Reg M-A\n|rated|\n|rule|Species Clause: Limit one of each Pok\u00e9mon\n|rule|Item Clause: Limit 1 of each item\n|clearpoke\n|poke|p1|Gardevoir, L50, F|\n|poke|p1|Incineroar, L50, M|\n|poke|p1|Sinistcha, L50|\n|poke|p1|Garchomp, L50, M|\n|poke|p1|Rotom-Wash, L50|\n|poke|p1|Aerodactyl, L50, M|\n|poke|p2|Charizard, L50, M|\n|poke|p2|Venusaur, L50, M|\n|poke|p2|Incineroar, L50, F|\n|poke|p2|Garchomp, L50, F|\n|poke|p2|Milotic, L50, F|\n|poke|p2|Gardevoir, L50, F|\n|teampreview|4\n|inactive|Battle timer is ON: inactive players will automatically lose when time's up. (requested by zhery34)\n|inactive|Pandyc has 60 seconds left.\n|inactive|zhery34 has 60 seconds left.\n|inactive|Pandyc has 30 seconds left.\n|inactive|zhery34 has 30 seconds left.\n|\n|t:|1776200813\n|teamsize|p1|4\n|teamsize|p2|4\n|start\n|switch|p1a: Aerodactyl|Aerodactyl, L50, M|100/100\n|switch|p1b: Rotom|Rotom-Wash, L50|100/100\n|switch|p2a: Garchomp|Garchomp, L50, F|100/100\n|switch|p2b: Milotic|Milotic, L50, F|100/100\n|-ability|p1a: Aerodactyl|Unnerve\n|turn|1\n|inactive|Pandyc has 30 seconds left.\n|\n|t:|1776200838\n|switch|p2b: Incineroar|Incineroar, L50, F|100/100\n|-ability|p2b: Incineroar|Intimidate|boost\n|-unboost|p1a: Aerodactyl|atk|1\n|-unboost|p1b: Rotom|atk|1\n|move|p1a: Aerodactyl|Protect|p1a: Aerodactyl\n|-singleturn|p1a: Aerodactyl|Protect\n|move|p2a: Garchomp|Rock Slide|p1b: Rotom|[spread] p1b\n|-activate|p1a: Aerodactyl|move: Protect\n|-damage|p1b: Rotom|81/100\n|move|p1b: Rotom|Thunderbolt|p2b: Incineroar\n|-damage|p2b: Incineroar|65/100\n|\n|-heal|p2b: Incineroar|71/100|[from] item: Leftovers\n|upkeep\n|turn|2\n|inactive|Pandyc has 30 seconds left.\n|inactive|zhery34 has 30 seconds left.\n|\n|t:|1776200870\n|switch|p1a: Incineroar|Incineroar, L50, M|100/100\n|-ability|p1a: Incineroar|Intimidate|boost\n|-unboost|p2a: Garchomp|atk|1\n|-unboost|p2b: Incineroar|atk|1\n|-enditem|p2a: Garchomp|White Herb\n|-clearnegativeboost|p2a: Garchomp|[silent]\n|move|p2b: Incineroar|Fake Out|p1b: Rotom\n|-damage|p1b: Rotom|71/100\n|move|p2a: Garchomp|Rock Slide|p1b: Rotom|[spread] p1a,p1b\n|-supereffective|p1a: Incineroar|1\n|-damage|p1a: Incineroar|68/100\n|-damage|p1b: Rotom|51/100\n|cant|p1b: Rotom|flinch\n|\n|-heal|p2b: Incineroar|77/100|[from] item: Leftovers\n|upkeep\n|turn|3\n|inactive|Pandyc has 30 seconds left.\n|inactive|Pandyc has 20 seconds left.\n|inactive|Pandyc has 15 seconds left.\n|\n|t:|1776200914\n|switch|p2b: Venusaur|Venusaur, L50, M|100/100\n|move|p2a: Garchomp|Protect|p2a: Garchomp\n|-singleturn|p2a: Garchomp|Protect\n|move|p1b: Rotom|Thunderbolt|p2b: Venusaur\n|-resisted|p2b: Venusaur|1\n|-damage|p2b: Venusaur|77/100\n|move|p1a: Incineroar|Throat Chop|p2b: Venusaur\n|-damage|p2b: Venusaur|33/100\n|-start|p2b: Venusaur|Throat Chop|[silent]\n|\n|upkeep\n|turn|4\n|inactive|Pandyc has 30 seconds left.\n|inactive|Pandyc has 20 seconds left.\n|inactive|Pandyc has 15 seconds left.\n|\n|t:|1776200956\n|move|p1b: Rotom|Protect|p1b: Rotom\n|-singleturn|p1b: Rotom|Protect\n|move|p2b: Venusaur|Sludge Bomb|p1a: Incineroar\n|-damage|p1a: Incineroar|36/100\n|move|p2a: Garchomp|Rock Slide|p1b: Rotom|[spread] p1a\n|-activate|p1b: Rotom|move: Protect\n|-supereffective|p1a: Incineroar|1\n|-damage|p1a: Incineroar|7/100\n|move|p1a: Incineroar|Parting Shot|p2a: Garchomp\n|-unboost|p2a: Garchomp|atk|1\n|-unboost|p2a: Garchomp|spa|1\n|\n|t:|1776200970\n|switch|p1a: Gardevoir|Gardevoir, L50, F|100/100|[from] Parting Shot\n|\n|-end|p2b: Venusaur|Throat Chop|[silent]\n|upkeep\n|turn|5\n|\n|t:|1776200983\n|switch|p2a: Incineroar|Incineroar, L50, F|77/100\n|-ability|p2a: Incineroar|Intimidate|boost\n|-unboost|p1a: Gardevoir|atk|1\n|-unboost|p1b: Rotom|atk|1\n|switch|p1b: Incineroar|Incineroar, L50, M|7/100\n|-ability|p1b: Incineroar|Intimidate|boost\n|-unboost|p2a: Incineroar|atk|1\n|-unboost|p2b: Venusaur|atk|1\n|move|p2b: Venusaur|Protect|p2b: Venusaur\n|-singleturn|p2b: Venusaur|Protect\n|move|p1a: Gardevoir|Protect||[still]\n|-fail|p1a: Gardevoir\n|\n|-heal|p2a: Incineroar|83/100|[from] item: Leftovers\n|upkeep\n|turn|6\n|inactive|Pandyc has 30 seconds left.\n|\n|t:|1776201012\n|switch|p2b: Milotic|Milotic, L50, F|100/100\n|detailschange|p1a: Gardevoir|Gardevoir-Mega, L50, F\n|-mega|p1a: Gardevoir|Gardevoir|Gardevoirite\n|move|p1b: Incineroar|Fake Out|p2b: Milotic\n|-damage|p2b: Milotic|91/100\n|move|p1a: Gardevoir|Hyper Voice|p2b: Milotic|[spread] p2a,p2b\n|-damage|p2a: Incineroar|38/100\n|-damage|p2b: Milotic|56/100\n|move|p2a: Incineroar|Throat Chop|p1a: Gardevoir\n|-damage|p1a: Gardevoir|68/100\n|-start|p1a: Gardevoir|Throat Chop|[silent]\n|\n|-heal|p2a: Incineroar|44/100|[from] item: Leftovers\n|upkeep\n|turn|7\n|\n|t:|1776201036\n|move|p1a: Gardevoir|Protect|p1a: Gardevoir\n|-singleturn|p1a: Gardevoir|Protect\n|move|p2b: Milotic|Scald|p1b: Incineroar\n|-supereffective|p1b: Incineroar|1\n|-enditem|p1b: Incineroar|Passho Berry|[eat]\n|-enditem|p1b: Incineroar|Passho Berry|[weaken]\n|-damage|p1b: Incineroar|0 fnt\n|faint|p1b: Incineroar\n|move|p2a: Incineroar|Throat Chop|p1a: Gardevoir\n|-activate|p1a: Gardevoir|move: Protect\n|\n|-heal|p2a: Incineroar|50/100|[from] item: Leftovers\n|-end|p1a: Gardevoir|Throat Chop|[silent]\n|upkeep\n|\n|t:|1776201047\n|switch|p1b: Aerodactyl|Aerodactyl, L50, M|100/100\n|-ability|p1b: Aerodactyl|Unnerve\n|turn|8\n|\n|t:|1776201059\n|switch|p2a: Venusaur|Venusaur, L50, M|33/100\n|move|p1b: Aerodactyl|Rock Slide|p2b: Milotic|[spread] p2a,p2b\n|-damage|p2a: Venusaur|0 fnt\n|-damage|p2b: Milotic|33/100\n|faint|p2a: Venusaur\n|move|p1a: Gardevoir|Hyper Voice|p2b: Milotic\n|-crit|p2b: Milotic\n|-damage|p2b: Milotic|0 fnt\n|faint|p2b: Milotic\n|\n|upkeep\n|\n|t:|1776201067\n|switch|p2a: Incineroar|Incineroar, L50, F|50/100\n|switch|p2b: Garchomp|Garchomp, L50, F|100/100\n|-ability|p2a: Incineroar|Intimidate|boost\n|-unboost|p1a: Gardevoir|atk|1\n|-unboost|p1b: Aerodactyl|atk|1\n|turn|9\n|\n|t:|1776201078\n|move|p1b: Aerodactyl|Protect|p1b: Aerodactyl\n|-singleturn|p1b: Aerodactyl|Protect\n|move|p1a: Gardevoir|Protect|p1a: Gardevoir\n|-singleturn|p1a: Gardevoir|Protect\n|move|p2a: Incineroar|Fake Out|p1b: Aerodactyl\n|-activate|p1b: Aerodactyl|move: Protect\n|move|p2b: Garchomp|Rock Slide|p1a: Gardevoir|[spread] \n|-activate|p1a: Gardevoir|move: Protect\n|-activate|p1b: Aerodactyl|move: Protect\n|\n|-heal|p2a: Incineroar|56/100|[from] item: Leftovers\n|upkeep\n|turn|10\n|\n|t:|1776201100\n|move|p2b: Garchomp|Protect|p2b: Garchomp\n|-singleturn|p2b: Garchomp|Protect\n|move|p1b: Aerodactyl|Tailwind|p1b: Aerodactyl\n|-sidestart|p1: Pandyc|move: Tailwind\n|move|p1a: Gardevoir|Hyper Voice|p2b: Garchomp|[spread] p2a\n|-activate|p2b: Garchomp|move: Protect\n|-damage|p2a: Incineroar|4/100\n|move|p2a: Incineroar|Throat Chop|p1a: Gardevoir\n|-damage|p1a: Gardevoir|24/100\n|-start|p1a: Gardevoir|Throat Chop|[silent]\n|\n|-heal|p2a: Incineroar|10/100|[from] item: Leftovers\n|upkeep\n|turn|11\n|\n|t:|1776201120\n|move|p1b: Aerodactyl|Rock Slide|p2b: Garchomp|[spread] p2a,p2b\n|-supereffective|p2a: Incineroar|1\n|-resisted|p2b: Garchomp|1\n|-damage|p2a: Incineroar|0 fnt\n|-damage|p2b: Garchomp|93/100\n|faint|p2a: Incineroar\n|move|p1a: Gardevoir|Psychic|p2b: Garchomp\n|-damage|p2b: Garchomp|33/100\n|cant|p2b: Garchomp|flinch\n|\n|-end|p1a: Gardevoir|Throat Chop|[silent]\n|upkeep\n|turn|12\n|-message|zhery34 forfeited.\n|\n|win|Pandyc\n|raw|Pandyc's rating: 1104 &rarr; <strong>1136</strong><br />(+32 for winning)\n|raw|zhery34's rating: 1205 &rarr; <strong>1173</strong><br />(-32 for losing)\n|l|\u2606zhery34\n|player|p2|\n",
  "uploadtime": 1776201132,
  "views": 17,
  "formatid": "gen9championsvgc2026regma",
  "rating": 1136,
  "private": 0,
  "password": null
}