{
  "id": "gen9championsvgc2026regma-2586868713",
  "format": "[Gen 9 Champions] VGC 2026 Reg M-A",
  "players": [
    "Ozym4ndias",
    "lokiiuu"
  ],
  "log": "|j|\u2606Ozym4ndias\n|j|\u2606lokiiuu\n|t:|1776466893\n|gametype|doubles\n|player|p1|Ozym4ndias|unknown|1112\n|player|p2|lokiiuu|clown|1025\n|gen|9\n|tier|[Gen 9 Champions] VGC 2026 Reg M-A\n|rated|\n|rule|Species Clause: Limit one of each Pok\u00e9mon\n|rule|Item Clause: Limit 1 of each item\n|clearpoke\n|poke|p1|Crabominable, L50, M|\n|poke|p1|Oranguru, L50, F|\n|poke|p1|Incineroar, L50, M|\n|poke|p1|Mimikyu, L50, M|\n|poke|p1|Primarina, L50, F|\n|poke|p1|Slowking-Galar, L50, M|\n|poke|p2|Whimsicott, L50, M|\n|poke|p2|Slowking, L50, F|\n|poke|p2|Glalie, L50, F|\n|poke|p2|Corviknight, L50, M|\n|poke|p2|Garchomp, L50, M|\n|poke|p2|Incineroar, L50, F|\n|teampreview|4\n|\n|t:|1776466939\n|teamsize|p1|4\n|teamsize|p2|4\n|start\n|switch|p1a: Cerebro|Slowking-Galar, L50, M|100/100\n|switch|p1b: Atabey|Primarina, L50, F|100/100\n|switch|p2a: Garchomp|Garchomp, L50, M|100/100\n|switch|p2b: Whimsicott|Whimsicott, L50, M|100/100\n|turn|1\n|\n|t:|1776466953\n|move|p2b: Whimsicott|Protect|p2b: Whimsicott\n|-singleturn|p2b: Whimsicott|Protect\n|move|p2a: Garchomp|Earthquake|p1a: Cerebro|[spread] p1a,p1b\n|-activate|p2b: Whimsicott|move: Protect\n|-supereffective|p1a: Cerebro|1\n|-damage|p1a: Cerebro|16/100\n|-damage|p1b: Atabey|48/100\n|move|p1b: Atabey|Dazzling Gleam|p2b: Whimsicott|[spread] p2a\n|-activate|p2b: Whimsicott|move: Protect\n|-supereffective|p2a: Garchomp|1\n|-damage|p2a: Garchomp|33/100\n|move|p1a: Cerebro|Trick Room|p1a: Cerebro\n|-fieldstart|move: Trick Room|[of] p1a: Cerebro\n|\n|upkeep\n|turn|2\n|\n|t:|1776466970\n|switch|p2b: Incineroar|Incineroar, L50, F|100/100\n|-ability|p2b: Incineroar|Intimidate|boost\n|-unboost|p1a: Cerebro|atk|1\n|-unboost|p1b: Atabey|atk|1\n|-prepare|p1a: Cerebro|Chilly Reception|[premajor]\n|move|p1a: Cerebro|Chilly Reception|p1a: Cerebro\n|-weather|Snowscape\n|\n|t:|1776466979\n|switch|p1a: Gustave|Crabominable, L50, M, shiny|100/100|[from] Chilly Reception\n|move|p1b: Atabey|Dazzling Gleam|p2b: Incineroar|[spread] p2a,p2b\n|-supereffective|p2a: Garchomp|1\n|-crit|p2b: Incineroar\n|-damage|p2a: Garchomp|0 fnt\n|-damage|p2b: Incineroar|55/100\n|faint|p2a: Garchomp\n|\n|-weather|Snowscape|[upkeep]\n|upkeep\n|\n|t:|1776466991\n|switch|p2a: Glalie|Glalie, L50, F|100/100\n|turn|3\n|\n|t:|1776467004\n|detailschange|p1a: Gustave|Crabominable-Mega, L50, M, shiny\n|-mega|p1a: Gustave|Crabominable|Crabominite\n|detailschange|p2a: Glalie|Glalie-Mega, L50, F\n|-mega|p2a: Glalie|Glalie|Glalitite\n|move|p1a: Gustave|Protect|p1a: Gustave\n|-singleturn|p1a: Gustave|Protect\n|move|p2b: Incineroar|Fake Out|p1a: Gustave\n|-activate|p1a: Gustave|move: Protect\n|move|p1b: Atabey|Hyper Voice|p2b: Incineroar|[spread] p2a,p2b\n|-crit|p2a: Glalie\n|-supereffective|p2b: Incineroar|1\n|-damage|p2a: Glalie|32/100\n|-damage|p2b: Incineroar|0 fnt\n|faint|p2b: Incineroar\n|move|p2a: Glalie|Blizzard|p1a: Gustave|[spread] p1b\n|-activate|p1a: Gustave|move: Protect\n|-resisted|p1b: Atabey|1\n|-damage|p1b: Atabey|31/100\n|\n|-weather|Snowscape|[upkeep]\n|upkeep\n|\n|t:|1776467020\n|switch|p2b: Whimsicott|Whimsicott, L50, M|100/100\n|turn|4\n|\n|t:|1776467034\n|move|p2b: Whimsicott|Protect|p2b: Whimsicott\n|-singleturn|p2b: Whimsicott|Protect\n|move|p1a: Gustave|Ice Hammer|p2b: Whimsicott\n|-activate|p2b: Whimsicott|move: Protect\n|move|p1b: Atabey|Hyper Voice|p2b: Whimsicott|[spread] p2a\n|-activate|p2b: Whimsicott|move: Protect\n|-damage|p2a: Glalie|0 fnt\n|faint|p2a: Glalie\n|\n|-weather|Snowscape|[upkeep]\n|upkeep\n|turn|5\n|c|\u2606Ozym4ndias|Well GGs man\n|c|\u2606Ozym4ndias|Hello?\n|inactive|Battle timer is ON: inactive players will automatically lose when time's up. (requested by Ozym4ndias)\n|inactive|lokiiuu has 60 seconds left.\n|inactive|lokiiuu has 30 seconds left.\n|inactive|lokiiuu has 20 seconds left.\n|inactive|lokiiuu has 15 seconds left.\n|inactive|lokiiuu has 10 seconds left.\n|inactive|lokiiuu has 5 seconds left.\n|inactiveoff|Battle timer is now OFF.\n|inactive|Battle timer is ON: inactive players will automatically lose when time's up. (requested by Ozym4ndias)\n|inactive|lokiiuu has 30 seconds left.\n|inactive|lokiiuu has 20 seconds left.\n|inactive|lokiiuu has 15 seconds left.\n|inactive|lokiiuu has 10 seconds left.\n|inactive|lokiiuu has 5 seconds left.\n|\n|t:|1776467385\n|move|p1a: Gustave|Ice Hammer|p2b: Whimsicott\n|-supereffective|p2b: Whimsicott|1\n|-enditem|p2b: Whimsicott|Focus Sash\n|-damage|p2b: Whimsicott|1/100\n|-unboost|p1a: Gustave|spe|1\n|move|p1b: Atabey|Dazzling Gleam|p2b: Whimsicott\n|-damage|p2b: Whimsicott|0 fnt\n|faint|p2b: Whimsicott\n|\n|win|Ozym4ndias\n|raw|Ozym4ndias's rating: 1112 &rarr; <strong>1131</strong><br />(+19 for winning)\n|raw|lokiiuu's rating: 1025 &rarr; <strong>1015</strong><br />(-10 for losing)\n",
  "uploadtime": 1776467402,
  "views": 20,
  "formatid": "gen9championsvgc2026regma",
  "rating": 1015,
  "private": 0,
  "password": null
}