{
  "id": "gen9championsvgc2026regma-2583783820",
  "format": "[Gen 9 Champions] VGC 2026 Reg M-A",
  "players": [
    "Canal_do_lontra",
    "Guccisan1"
  ],
  "log": "|j|\u2606Canal_do_lontra\n|j|\u2606Guccisan1\n|t:|1776197434\n|gametype|doubles\n|player|p1|Canal_do_lontra|hilbert|1260\n|player|p2|Guccisan1|2|1356\n|gen|9\n|tier|[Gen 9 Champions] VGC 2026 Reg M-A\n|rated|\n|rule|Species Clause: Limit one of each Pok\u00e9mon\n|rule|Item Clause: Limit 1 of each item\n|clearpoke\n|poke|p1|Starmie, L50|\n|poke|p1|Sneasler, L50, M|\n|poke|p1|Incineroar, L50, M|\n|poke|p1|Sylveon, L50, F|\n|poke|p1|Kingambit, L50, F|\n|poke|p1|Sinistcha, L50|\n|poke|p2|Golurk, L50|\n|poke|p2|Farigiraf, L50, M|\n|poke|p2|Incineroar, L50, M|\n|poke|p2|Torkoal, L50, F|\n|poke|p2|Sneasler, L50, M|\n|poke|p2|Venusaur, L50, F|\n|teampreview|4\n|inactive|Battle timer is ON: inactive players will automatically lose when time's up. (requested by Guccisan1)\n|inactive|Canal_do_lontra has 60 seconds left.\n|\n|t:|1776197499\n|teamsize|p1|4\n|teamsize|p2|4\n|start\n|switch|p1a: Kingambit|Kingambit, L50, F, shiny|100/100\n|switch|p1b: Incineroar|Incineroar, L50, M|100/100\n|switch|p2a: Sneasler|Sneasler, L50, M|100/100\n|switch|p2b: Farigiraf|Farigiraf, L50, M|100/100\n|-ability|p1b: Incineroar|Intimidate|boost\n|-unboost|p2a: Sneasler|atk|1\n|-unboost|p2b: Farigiraf|atk|1\n|-enditem|p2a: Sneasler|White Herb\n|-clearnegativeboost|p2a: Sneasler|[silent]\n|turn|1\n|inactive|Canal_do_lontra has 30 seconds left.\n|inactive|Guccisan1 has 30 seconds left.\n|inactive|Canal_do_lontra has 20 seconds left.\n|inactive|Guccisan1 has 20 seconds left.\n|inactive|Canal_do_lontra has 15 seconds left.\n|inactive|Guccisan1 has 15 seconds left.\n|inactive|Canal_do_lontra has 10 seconds left.\n|inactive|Guccisan1 has 10 seconds left.\n|inactive|Guccisan1 has 5 seconds left.\n|\n|t:|1776197554\n|move|p2a: Sneasler|Fake Out|p1a: Kingambit\n|-resisted|p1a: Kingambit|1\n|-damage|p1a: Kingambit|95/100\n|move|p1b: Incineroar|Flare Blitz|p2b: Farigiraf\n|-damage|p2b: Farigiraf|54/100\n|-damage|p1b: Incineroar|83/100|[from] Recoil\n|cant|p1a: Kingambit|flinch\n|move|p2b: Farigiraf|Trick Room|p2b: Farigiraf\n|-fieldstart|move: Trick Room|[of] p2b: Farigiraf\n|\n|upkeep\n|turn|2\n|\n|t:|1776197577\n|move|p2b: Farigiraf|Protect|p2b: Farigiraf\n|-singleturn|p2b: Farigiraf|Protect\n|move|p1a: Kingambit|Kowtow Cleave|p2b: Farigiraf\n|-activate|p2b: Farigiraf|move: Protect\n|move|p1b: Incineroar|Darkest Lariat|p2a: Sneasler\n|-resisted|p2a: Sneasler|1\n|-damage|p2a: Sneasler|63/100\n|move|p2a: Sneasler|Close Combat|p1a: Kingambit\n|-supereffective|p1a: Kingambit|2\n|-enditem|p1a: Kingambit|Chople Berry|[eat]\n|-enditem|p1a: Kingambit|Chople Berry|[weaken]\n|-damage|p1a: Kingambit|0 fnt\n|-unboost|p2a: Sneasler|def|1\n|-unboost|p2a: Sneasler|spd|1\n|faint|p1a: Kingambit\n|\n|upkeep\n|\n|t:|1776197594\n|switch|p1a: Starmie|Starmie, L50|100/100\n|turn|3\n|\n|t:|1776197608\n|move|p1a: Starmie|Protect|p1a: Starmie\n|-singleturn|p1a: Starmie|Protect\n|move|p2b: Farigiraf|Hyper Voice|p1a: Starmie|[spread] p1b\n|-activate|p1a: Starmie|move: Protect\n|-damage|p1b: Incineroar|59/100\n|move|p1b: Incineroar|Darkest Lariat|p2b: Farigiraf\n|-supereffective|p2b: Farigiraf|1\n|-damage|p2b: Farigiraf|0 fnt\n|faint|p2b: Farigiraf\n|move|p2a: Sneasler|Close Combat|p1b: Incineroar\n|-supereffective|p1b: Incineroar|1\n|-damage|p1b: Incineroar|0 fnt\n|-unboost|p2a: Sneasler|def|1\n|-unboost|p2a: Sneasler|spd|1\n|faint|p1b: Incineroar\n|\n|upkeep\n|\n|t:|1776197626\n|switch|p2b: Golurk|Golurk, L50|100/100\n|switch|p1b: Sneasler|Sneasler, L50, M|100/100\n|turn|4\n|inactive|Canal_do_lontra has 30 seconds left.\n|inactive|Guccisan1 has 30 seconds left.\n|\n|t:|1776197657\n|detailschange|p2b: Golurk|Golurk-Mega, L50\n|-mega|p2b: Golurk|Golurk|Golurkite\n|detailschange|p1a: Starmie|Starmie-Mega, L50\n|-mega|p1a: Starmie|Starmie|Starminite\n|move|p2b: Golurk|Poltergeist|p1a: Starmie\n|-activate|p1a: Starmie|move: Poltergeist|Starminite\n|-supereffective|p1a: Starmie|1\n|-damage|p1a: Starmie|0 fnt\n|faint|p1a: Starmie\n|move|p1b: Sneasler|Coaching|p1: Starmie|[notarget]\n|-fail|p1b: Sneasler\n|move|p2a: Sneasler|Dire Claw|p1b: Sneasler\n|-resisted|p1b: Sneasler|1\n|-damage|p1b: Sneasler|64/100\n|\n|upkeep\n|turn|5\n|\n|t:|1776197676\n|switch|p2a: Torkoal|Torkoal, L50, F|100/100\n|-weather|SunnyDay|[from] ability: Drought|[of] p2a: Torkoal\n|move|p2b: Golurk|Headlong Rush|p1b: Sneasler\n|-supereffective|p1b: Sneasler|1\n|-damage|p1b: Sneasler|0 fnt\n|-unboost|p2b: Golurk|def|1\n|-unboost|p2b: Golurk|spd|1\n|faint|p1b: Sneasler\n|\n|win|Guccisan1\n|raw|Canal_do_lontra's rating: 1260 &rarr; <strong>1242</strong><br />(-18 for losing)\n|raw|Guccisan1's rating: 1356 &rarr; <strong>1371</strong><br />(+15 for winning)\n|l|\u2606Canal_do_lontra\n|player|p1|\n",
  "uploadtime": 1776197688,
  "views": 39,
  "formatid": "gen9championsvgc2026regma",
  "rating": 1242,
  "private": 0,
  "password": null
}