{
  "id": "gen9championsvgc2026regma-2588826378",
  "format": "[Gen 9 Champions] VGC 2026 Reg M-A",
  "players": [
    "RangerVictor16",
    "littlewhblack"
  ],
  "log": "|j|\u2606RangerVictor16\n|j|\u2606littlewhblack\n|t:|1776675591\n|gametype|doubles\n|player|p1|RangerVictor16|pokemonranger-gen4|1276\n|player|p2|littlewhblack|265|1262\n|gen|9\n|tier|[Gen 9 Champions] VGC 2026 Reg M-A\n|rated|\n|rule|Species Clause: Limit one of each Pok\u00e9mon\n|rule|Item Clause: Limit 1 of each item\n|clearpoke\n|poke|p1|Delphox, L50, F|\n|poke|p1|Sneasler, L50, M, shiny|\n|poke|p1|Incineroar, L50, F, shiny|\n|poke|p1|Basculegion, L50, M|\n|poke|p1|Sinistcha-Masterpiece, L50|\n|poke|p1|Kingambit, L50, F|\n|poke|p2|Charizard, L50, F, shiny|\n|poke|p2|Incineroar, L50, F|\n|poke|p2|Garchomp, L50, F|\n|poke|p2|Whimsicott, L50, M|\n|poke|p2|Corviknight, L50, F|\n|poke|p2|Rotom-Wash, L50|\n|teampreview|4\n|inactive|Battle timer is ON: inactive players will automatically lose when time's up. (requested by RangerVictor16)\n|inactive|RangerVictor16 has 60 seconds left.\n|\n|t:|1776675630\n|teamsize|p1|4\n|teamsize|p2|4\n|start\n|switch|p1a: Basculegion|Basculegion, L50, M|100/100\n|switch|p1b: Felina|Delphox, L50, F|100/100\n|switch|p2a: \u5730\u9f99\u795e|Garchomp, L50, F|100/100\n|switch|p2b: Corviknight|Corviknight, L50, F|100/100\n|turn|1\n|\n|t:|1776675647\n|detailschange|p1b: Felina|Delphox-Mega, L50, F\n|-mega|p1b: Felina|Delphox|Delphoxite\n|move|p2a: \u5730\u9f99\u795e|Rock Slide|p1a: Basculegion|[spread] p1a,p1b\n|-crit|p1a: Basculegion\n|-supereffective|p1b: Felina|1\n|-damage|p1a: Basculegion|57/100\n|-damage|p1b: Felina|42/100\n|move|p1a: Basculegion|Wave Crash|p2a: \u5730\u9f99\u795e\n|-damage|p2a: \u5730\u9f99\u795e|21/100\n|-damage|p1a: Basculegion|45/100|[from] ability: Rough Skin|[of] p2a: \u5730\u9f99\u795e\n|-damage|p1a: Basculegion|20/100|[from] Recoil\n|move|p1b: Felina|Heat Wave|p2b: Corviknight|[spread] p2a,p2b\n|-resisted|p2a: \u5730\u9f99\u795e|1\n|-supereffective|p2b: Corviknight|1\n|-damage|p2a: \u5730\u9f99\u795e|0 fnt\n|-damage|p2b: Corviknight|29/100\n|faint|p2a: \u5730\u9f99\u795e\n|move|p2b: Corviknight|Iron Defense|p2b: Corviknight\n|-boost|p2b: Corviknight|def|2\n|\n|-heal|p2b: Corviknight|35/100|[from] item: Leftovers\n|upkeep\n|\n|t:|1776675669\n|switch|p2a: Rotom|Rotom-Wash, L50|100/100\n|turn|2\n|\n|t:|1776675677\n|switch|p1a: Sinistcha|Sinistcha-Masterpiece, L50|100/100\n|-heal|p1b: Felina|66/100|[from] ability: Hospitality|[of] p1a: Sinistcha\n|move|p1b: Felina|Protect|p1b: Felina\n|-singleturn|p1b: Felina|Protect\n|move|p2b: Corviknight|Protect|p2b: Corviknight\n|-singleturn|p2b: Corviknight|Protect\n|move|p2a: Rotom|Volt Switch|p1a: Sinistcha\n|-resisted|p1a: Sinistcha|1\n|-damage|p1a: Sinistcha|81/100\n|\n|t:|1776675689\n|switch|p2a: Charizard|Charizard, L50, F, shiny|100/100|[from] Volt Switch\n|\n|-heal|p2b: Corviknight|41/100|[from] item: Leftovers\n|upkeep\n|turn|3\n|\n|t:|1776675709\n|switch|p1a: Incineroar|Incineroar, L50, F, shiny|100/100\n|-ability|p1a: Incineroar|Intimidate|boost\n|-unboost|p2a: Charizard|atk|1\n|-ability|p2b: Corviknight|Mirror Armor\n|-unboost|p1a: Incineroar|atk|1\n|switch|p2b: Rotom|Rotom-Wash, L50|100/100\n|detailschange|p2a: Charizard|Charizard-Mega-Y, L50, F, shiny\n|-mega|p2a: Charizard|Charizard|Charizardite Y\n|-weather|SunnyDay|[from] ability: Drought|[of] p2a: Charizard\n|move|p1b: Felina|Heat Wave|p2a: Charizard|[spread] p2a,p2b\n|-resisted|p2a: Charizard|1\n|-resisted|p2b: Rotom|1\n|-damage|p2a: Charizard|74/100\n|-damage|p2b: Rotom|60/100\n|move|p2a: Charizard|Weather Ball|p1b: Felina\n|-resisted|p1b: Felina|1\n|-damage|p1b: Felina|23/100\n|\n|-weather|SunnyDay|[upkeep]\n|upkeep\n|turn|4\n|inactive|littlewhblack has 30 seconds left.\n|\n|t:|1776675735\n|move|p2b: Rotom|Protect|p2b: Rotom\n|-singleturn|p2b: Rotom|Protect\n|move|p2a: Charizard|Protect|p2a: Charizard\n|-singleturn|p2a: Charizard|Protect\n|move|p1a: Incineroar|Fake Out|p2b: Rotom\n|-activate|p2b: Rotom|move: Protect\n|move|p1b: Felina|Psychic|p2b: Rotom\n|-activate|p2b: Rotom|move: Protect\n|\n|-weather|SunnyDay|[upkeep]\n|upkeep\n|turn|5\n|\n|t:|1776675754\n|switch|p1a: Sinistcha|Sinistcha-Masterpiece, L50|81/100\n|-heal|p1b: Felina|48/100|[from] ability: Hospitality|[of] p1a: Sinistcha\n|move|p1b: Felina|Protect|p1b: Felina\n|-singleturn|p1b: Felina|Protect\n|move|p2b: Rotom|Volt Switch|p1a: Sinistcha\n|-resisted|p1a: Sinistcha|1\n|-damage|p1a: Sinistcha|62/100\n|\n|t:|1776675764\n|switch|p2b: Corviknight|Corviknight, L50, F|41/100|[from] Volt Switch\n|move|p2a: Charizard|Weather Ball|p1b: Felina\n|-activate|p1b: Felina|move: Protect\n|\n|-weather|SunnyDay|[upkeep]\n|-heal|p2b: Corviknight|47/100|[from] item: Leftovers\n|upkeep\n|turn|6\n|\n|t:|1776675783\n|switch|p1a: Incineroar|Incineroar, L50, F, shiny|100/100\n|-ability|p1a: Incineroar|Intimidate|boost\n|-unboost|p2a: Charizard|atk|1\n|-ability|p2b: Corviknight|Mirror Armor\n|-unboost|p1a: Incineroar|atk|1\n|move|p2b: Corviknight|Protect|p2b: Corviknight\n|-singleturn|p2b: Corviknight|Protect\n|move|p1b: Felina|Heat Wave|p2a: Charizard|[spread] p2a\n|-activate|p2b: Corviknight|move: Protect\n|-resisted|p2a: Charizard|1\n|-damage|p2a: Charizard|48/100\n|move|p2a: Charizard|Heat Wave|p1a: Incineroar|[spread] p1a,p1b\n|-resisted|p1a: Incineroar|1\n|-resisted|p1b: Felina|1\n|-damage|p1a: Incineroar|72/100\n|-damage|p1b: Felina|17/100\n|\n|-weather|SunnyDay|[upkeep]\n|-heal|p2b: Corviknight|53/100|[from] item: Leftovers\n|upkeep\n|turn|7\n|\n|t:|1776675806\n|switch|p2b: Rotom|Rotom-Wash, L50|60/100\n|move|p1a: Incineroar|Fake Out|p2a: Charizard\n|-damage|p2a: Charizard|40/100\n|move|p1b: Felina|Heat Wave|p2a: Charizard|[spread] p2b\n|-miss|p1b: Felina|p2a: Charizard\n|-resisted|p2b: Rotom|1\n|-damage|p2b: Rotom|20/100\n|cant|p2a: Charizard|flinch\n|\n|-weather|none\n|upkeep\n|turn|8\n|\n|t:|1776675826\n|switch|p1a: Sinistcha|Sinistcha-Masterpiece, L50|62/100\n|-heal|p1b: Felina|42/100|[from] ability: Hospitality|[of] p1a: Sinistcha\n|move|p1b: Felina|Protect|p1b: Felina\n|-singleturn|p1b: Felina|Protect\n|move|p2a: Charizard|Protect|p2a: Charizard\n|-singleturn|p2a: Charizard|Protect\n|move|p2b: Rotom|Hydro Pump|p1b: Felina\n|-activate|p1b: Felina|move: Protect\n|\n|upkeep\n|turn|9\n|inactive|littlewhblack has 30 seconds left.\n|\n|t:|1776675851\n|move|p2b: Rotom|Protect|p2b: Rotom\n|-singleturn|p2b: Rotom|Protect\n|move|p1a: Sinistcha|Rage Powder|p1a: Sinistcha\n|-singleturn|p1a: Sinistcha|move: Rage Powder\n|move|p1b: Felina|Psychic|p2a: Charizard\n|-damage|p2a: Charizard|0 fnt\n|faint|p2a: Charizard\n|\n|upkeep\n|\n|t:|1776675860\n|switch|p2a: Corviknight|Corviknight, L50, F|53/100\n|turn|10\n|\n|t:|1776675873\n|move|p2a: Corviknight|Protect|p2a: Corviknight\n|-singleturn|p2a: Corviknight|Protect\n|move|p1a: Sinistcha|Rage Powder|p1a: Sinistcha\n|-singleturn|p1a: Sinistcha|move: Rage Powder\n|move|p1b: Felina|Heat Wave|p2b: Rotom|[spread] p2b\n|-activate|p2a: Corviknight|move: Protect\n|-resisted|p2b: Rotom|1\n|-damage|p2b: Rotom|0 fnt\n|faint|p2b: Rotom\n|\n|-heal|p2a: Corviknight|59/100|[from] item: Leftovers\n|upkeep\n|turn|11\n|-message|littlewhblack forfeited.\n|\n|win|RangerVictor16\n|raw|RangerVictor16's rating: 1276 &rarr; <strong>1300</strong><br />(+24 for winning)\n|raw|littlewhblack's rating: 1262 &rarr; <strong>1238</strong><br />(-24 for losing)\n|l|\u2606littlewhblack\n|player|p2|\n|l|\u2606RangerVictor16\n|player|p1|\n|j|\u2606RangerVictor16\n|player|p1|RangerVictor16|pokemonranger-gen4|\n|l|\u2606RangerVictor16\n|player|p1|\n|j|\u2606RangerVictor16\n|player|p1|RangerVictor16|pokemonranger-gen4|\n",
  "uploadtime": 1776676301,
  "views": 10,
  "formatid": "gen9championsvgc2026regma",
  "rating": 1238,
  "private": 0,
  "password": null
}