{
  "id": "gen9championsvgc2026regma-2586319184",
  "format": "[Gen 9 Champions] VGC 2026 Reg M-A",
  "players": [
    "leonidas9549",
    "kundal"
  ],
  "log": "|j|\u2606leonidas9549\n|j|\u2606kundal\n|t:|1776424853\n|gametype|doubles\n|player|p1|leonidas9549|2|1108\n|player|p2|kundal|266|1120\n|gen|9\n|tier|[Gen 9 Champions] VGC 2026 Reg M-A\n|rated|\n|rule|Species Clause: Limit one of each Pok\u00e9mon\n|rule|Item Clause: Limit 1 of each item\n|clearpoke\n|poke|p1|Sinistcha-Masterpiece, L50|\n|poke|p1|Pelipper, L50, M|\n|poke|p1|Charizard, L50, M|\n|poke|p1|Incineroar, L50, M|\n|poke|p1|Sneasler, L50, M|\n|poke|p1|Archaludon, L50, F|\n|poke|p2|Torkoal, L50, F|\n|poke|p2|Charizard, L50, M|\n|poke|p2|Venusaur, L50, M|\n|poke|p2|Incineroar, L50, M|\n|poke|p2|Farigiraf, L50, M|\n|poke|p2|Drampa, L50, F|\n|teampreview|4\n|inactive|Battle timer is ON: inactive players will automatically lose when time's up. (requested by kundal)\n|\n|t:|1776424871\n|teamsize|p1|4\n|teamsize|p2|4\n|start\n|switch|p1a: Incineroar|Incineroar, L50, M|100/100\n|switch|p1b: Sneasler|Sneasler, L50, M|100/100\n|switch|p2a: Torkoal|Torkoal, L50, F|100/100\n|switch|p2b: Venusaur|Venusaur, L50, M|100/100\n|-ability|p1a: Incineroar|Intimidate|boost\n|-unboost|p2a: Torkoal|atk|1\n|-unboost|p2b: Venusaur|atk|1\n|-weather|SunnyDay|[from] ability: Drought|[of] p2a: Torkoal\n|turn|1\n|\n|t:|1776424890\n|switch|p2a: Farigiraf|Farigiraf, L50, M|100/100\n|move|p1a: Incineroar|Fake Out||[still]\n|cant|p2a: Farigiraf|ability: Armor Tail|Fake Out|[of] p1a: Incineroar\n|move|p2b: Venusaur|Sleep Powder|p1b: Sneasler\n|-status|p1b: Sneasler|slp|[from] move: Sleep Powder\n|cant|p1b: Sneasler|slp\n|\n|-weather|SunnyDay|[upkeep]\n|upkeep\n|turn|2\n|inactive|leonidas9549 has 30 seconds left.\n|inactive|kundal has 30 seconds left.\n|\n|t:|1776424925\n|switch|p1b: Pelipper|Pelipper, L50, M|100/100\n|-weather|RainDance|[from] ability: Drizzle|[of] p1b: Pelipper\n|move|p2b: Venusaur|Weather Ball|p1b: Pelipper\n|-resisted|p1b: Pelipper|1\n|-damage|p1b: Pelipper|62/100\n|move|p1a: Incineroar|Parting Shot|p2b: Venusaur\n|-unboost|p2b: Venusaur|atk|1\n|-unboost|p2b: Venusaur|spa|1\n|\n|t:|1776424937\n|switch|p1a: Archaludon|Archaludon, L50, F|100/100|[from] Parting Shot\n|move|p2a: Farigiraf|Hyper Voice|p1b: Pelipper|[spread] p1a,p1b\n|-resisted|p1a: Archaludon|1\n|-damage|p1a: Archaludon|84/100\n|-damage|p1b: Pelipper|15/100\n|-ability|p1a: Archaludon|Stamina|boost\n|-boost|p1a: Archaludon|def|1\n|\n|-weather|RainDance|[upkeep]\n|-heal|p1a: Archaludon|90/100|[from] item: Leftovers\n|upkeep\n|turn|3\n|\n|t:|1776424949\n|switch|p2a: Torkoal|Torkoal, L50, F|100/100\n|-weather|SunnyDay|[from] ability: Drought|[of] p2a: Torkoal\n|move|p2b: Venusaur|Weather Ball|p1a: Archaludon\n|-damage|p1a: Archaludon|52/100\n|-ability|p1a: Archaludon|Stamina|boost\n|-boost|p1a: Archaludon|def|1\n|move|p1a: Archaludon|Thunder Wave|p2b: Venusaur\n|-status|p2b: Venusaur|par\n|move|p1b: Pelipper|Tailwind|p1b: Pelipper\n|-sidestart|p1: leonidas9549|move: Tailwind\n|\n|-weather|SunnyDay|[upkeep]\n|-heal|p1a: Archaludon|58/100|[from] item: Leftovers\n|upkeep\n|turn|4\n|inactive|leonidas9549 has 30 seconds left.\n|inactive|kundal has 30 seconds left.\n|\n|t:|1776424982\n|switch|p1a: Incineroar|Incineroar, L50, M|100/100\n|-ability|p1a: Incineroar|Intimidate|boost\n|-unboost|p2a: Torkoal|atk|1\n|-unboost|p2b: Venusaur|atk|1\n|switch|p1b: Sneasler|Sneasler, L50, M|100/100 slp\n|switch|p2a: Incineroar|Incineroar, L50, M|100/100\n|-ability|p2a: Incineroar|Intimidate|boost\n|-unboost|p1a: Incineroar|atk|1\n|-unboost|p1b: Sneasler|atk|1\n|-enditem|p1b: Sneasler|White Herb\n|-clearnegativeboost|p1b: Sneasler|[silent]\n|move|p2b: Venusaur|Sludge Bomb|p1b: Sneasler\n|-resisted|p1b: Sneasler|1\n|-damage|p1b: Sneasler|81/100 slp\n|\n|-weather|SunnyDay|[upkeep]\n|upkeep\n|turn|5\n|inactive|kundal has 30 seconds left.\n|\n|t:|1776425009\n|switch|p2a: Farigiraf|Farigiraf, L50, M|100/100\n|cant|p1b: Sneasler|slp\n|move|p1a: Incineroar|Parting Shot|p2b: Venusaur\n|-unboost|p2b: Venusaur|atk|1\n|-unboost|p2b: Venusaur|spa|1\n|inactive|leonidas9549 has 30 seconds left.\n|\n|t:|1776425036\n|switch|p1a: Archaludon|Archaludon, L50, F|58/100|[from] Parting Shot\n|cant|p2b: Venusaur|par\n|\n|-weather|SunnyDay|[upkeep]\n|-heal|p1a: Archaludon|64/100|[from] item: Leftovers\n|upkeep\n|turn|6\n|\n|t:|1776425050\n|switch|p1b: Pelipper|Pelipper, L50, M|15/100\n|-weather|RainDance|[from] ability: Drizzle|[of] p1b: Pelipper\n|switch|p2b: Incineroar|Incineroar, L50, M|100/100\n|-ability|p2b: Incineroar|Intimidate|boost\n|-unboost|p1a: Archaludon|atk|1\n|-unboost|p1b: Pelipper|atk|1\n|move|p1a: Archaludon|Electro Shot||[still]\n|-prepare|p1a: Archaludon|Electro Shot\n|-boost|p1a: Archaludon|spa|1\n|-anim|p1a: Archaludon|Electro Shot|p2a: Farigiraf\n|-damage|p2a: Farigiraf|56/100\n|move|p2a: Farigiraf|Trick Room|p2a: Farigiraf\n|-fieldstart|move: Trick Room|[of] p2a: Farigiraf\n|\n|-weather|RainDance|[upkeep]\n|-heal|p1a: Archaludon|70/100|[from] item: Leftovers\n|-sideend|p1: leonidas9549|move: Tailwind\n|upkeep\n|turn|7\n|inactive|kundal has 30 seconds left.\n|\n|t:|1776425076\n|switch|p1b: Incineroar|Incineroar, L50, M|100/100\n|-ability|p1b: Incineroar|Intimidate|boost\n|-unboost|p2a: Farigiraf|atk|1\n|-unboost|p2b: Incineroar|atk|1\n|move|p2a: Farigiraf|Hyper Voice|p1a: Archaludon|[spread] p1a,p1b\n|-resisted|p1a: Archaludon|1\n|-damage|p1a: Archaludon|55/100\n|-damage|p1b: Incineroar|81/100\n|-ability|p1a: Archaludon|Stamina|boost\n|-boost|p1a: Archaludon|def|1\n|move|p2b: Incineroar|Flare Blitz|p1a: Archaludon\n|-damage|p1a: Archaludon|48/100\n|-ability|p1a: Archaludon|Stamina|boost\n|-boost|p1a: Archaludon|def|1\n|-damage|p2b: Incineroar|98/100|[from] Recoil\n|move|p1a: Archaludon|Electro Shot||[still]\n|-prepare|p1a: Archaludon|Electro Shot\n|-boost|p1a: Archaludon|spa|1\n|-anim|p1a: Archaludon|Electro Shot|p2a: Farigiraf\n|-damage|p2a: Farigiraf|0 fnt\n|faint|p2a: Farigiraf\n|\n|-weather|RainDance|[upkeep]\n|-heal|p1a: Archaludon|54/100|[from] item: Leftovers\n|upkeep\n|\n|t:|1776425094\n|switch|p2a: Torkoal|Torkoal, L50, F|100/100\n|-weather|SunnyDay|[from] ability: Drought|[of] p2a: Torkoal\n|turn|8\n|\n|t:|1776425112\n|switch|p2b: Venusaur|Venusaur, L50, M|100/100 par\n|switch|p1a: Pelipper|Pelipper, L50, M|15/100\n|-weather|RainDance|[from] ability: Drizzle|[of] p1a: Pelipper\n|move|p2a: Torkoal|Protect|p2a: Torkoal\n|-singleturn|p2a: Torkoal|Protect\n|move|p1b: Incineroar|Parting Shot|p2a: Torkoal\n|-activate|p2a: Torkoal|move: Protect\n|\n|-weather|RainDance|[upkeep]\n|upkeep\n|turn|9\n|\n|t:|1776425131\n|move|p1a: Pelipper|Protect|p1a: Pelipper\n|-singleturn|p1a: Pelipper|Protect\n|move|p2a: Torkoal|Eruption|p1b: Incineroar|[spread] p1b\n|-activate|p1a: Pelipper|move: Protect\n|-resisted|p1b: Incineroar|1\n|-damage|p1b: Incineroar|69/100\n|move|p2b: Venusaur|Weather Ball|p1b: Incineroar\n|-supereffective|p1b: Incineroar|1\n|-damage|p1b: Incineroar|0 fnt\n|faint|p1b: Incineroar\n|\n|-weather|RainDance|[upkeep]\n|upkeep\n|inactive|leonidas9549 has 30 seconds left.\n|\n|t:|1776425158\n|switch|p1b: Archaludon|Archaludon, L50, F|54/100\n|turn|10\n|\n|t:|1776425173\n|move|p2a: Torkoal|Earth Power|p1b: Archaludon\n|-supereffective|p1b: Archaludon|1\n|-damage|p1b: Archaludon|0 fnt\n|faint|p1b: Archaludon\n|move|p2b: Venusaur|Sludge Bomb|p1a: Pelipper\n|-damage|p1a: Pelipper|0 fnt\n|faint|p1a: Pelipper\n|\n|-weather|RainDance|[upkeep]\n|-fieldend|move: Trick Room\n|upkeep\n|\n|t:|1776425190\n|switch|p1b: Sneasler|Sneasler, L50, M|81/100 slp\n|turn|11\n|\n|t:|1776425197\n|-curestatus|p1b: Sneasler|slp|[msg]\n|move|p1b: Sneasler|Dire Claw|p2a: Torkoal\n|-damage|p2a: Torkoal|66/100\n|-status|p2a: Torkoal|par\n|move|p2b: Venusaur|Weather Ball|p1b: Sneasler\n|-damage|p1b: Sneasler|19/100\n|move|p2a: Torkoal|Earth Power|p1b: Sneasler\n|-supereffective|p1b: Sneasler|1\n|-damage|p1b: Sneasler|0 fnt\n|faint|p1b: Sneasler\n|\n|win|kundal\n|raw|leonidas9549's rating: 1108 &rarr; <strong>1084</strong><br />(-24 for losing)\n|raw|kundal's rating: 1120 &rarr; <strong>1144</strong><br />(+24 for winning)\n|l|\u2606leonidas9549\n|player|p1|\n",
  "uploadtime": 1776425215,
  "views": 26,
  "formatid": "gen9championsvgc2026regma",
  "rating": 1084,
  "private": 0,
  "password": null
}