{
  "id": "gen9championsvgc2026regma-2583737661",
  "format": "[Gen 9 Champions] VGC 2026 Reg M-A",
  "players": [
    "euouaeps",
    "Xedivad"
  ],
  "log": "|j|\u2606euouaeps\n|j|\u2606Xedivad\n|t:|1776194296\n|gametype|doubles\n|player|p1|euouaeps|harlequin|1062\n|player|p2|Xedivad|morty|1067\n|gen|9\n|tier|[Gen 9 Champions] VGC 2026 Reg M-A\n|rated|\n|rule|Species Clause: Limit one of each Pok\u00e9mon\n|rule|Item Clause: Limit 1 of each item\n|clearpoke\n|poke|p1|Castform, L50, M|\n|poke|p1|Charizard, L50, F|\n|poke|p1|Pelipper, L50, F|\n|poke|p1|Incineroar, L50, F|\n|poke|p1|Whimsicott, L50, M|\n|poke|p1|Basculegion, L50, M|\n|poke|p2|Floette-Eternal, L50, F|\n|poke|p2|Sinistcha, L50|\n|poke|p2|Incineroar, L50, M|\n|poke|p2|Basculegion, L50, M|\n|poke|p2|Garchomp, L50, M|\n|poke|p2|Ninetales-Alola, L50, F|\n|teampreview|4\n|\n|t:|1776194314\n|teamsize|p1|4\n|teamsize|p2|4\n|start\n|switch|p1a: Charizard|Charizard, L50, F|100/100\n|switch|p1b: Castform|Castform, L50, M|100/100\n|switch|p2a: Floette|Floette-Eternal, L50, F|100/100\n|switch|p2b: Incineroar|Incineroar, L50, M|100/100\n|-ability|p2b: Incineroar|Intimidate|boost\n|-unboost|p1a: Charizard|atk|1\n|-unboost|p1b: Castform|atk|1\n|turn|1\n|\n|t:|1776194343\n|detailschange|p1a: Charizard|Charizard-Mega-Y, L50, F\n|-mega|p1a: Charizard|Charizard|Charizardite Y\n|-weather|SunnyDay|[from] ability: Drought|[of] p1a: Charizard\n|-formechange|p1b: Castform|Castform-Sunny|[msg]|[from] ability: Forecast\n|detailschange|p2a: Floette|Floette-Mega, L50, F\n|-mega|p2a: Floette|Floette|Floettite\n|-ability|p2a: Floette|Fairy Aura\n|move|p1a: Charizard|Protect|p1a: Charizard\n|-singleturn|p1a: Charizard|Protect\n|move|p2b: Incineroar|Fake Out|p1b: Castform\n|-damage|p1b: Castform|81/100\n|cant|p1b: Castform|flinch\n|move|p2a: Floette|Calm Mind|p2a: Floette\n|-boost|p2a: Floette|spa|1\n|-boost|p2a: Floette|spd|1\n|\n|-weather|SunnyDay|[upkeep]\n|upkeep\n|turn|2\n|\n|t:|1776194364\n|move|p2a: Floette|Protect|p2a: Floette\n|-singleturn|p2a: Floette|Protect\n|move|p1b: Castform|Attract|p2a: Floette\n|-activate|p2a: Floette|move: Protect\n|move|p1a: Charizard|Weather Ball|p2a: Floette\n|-activate|p2a: Floette|move: Protect\n|move|p2b: Incineroar|Parting Shot|p1a: Charizard\n|-unboost|p1a: Charizard|atk|1\n|-unboost|p1a: Charizard|spa|1\n|\n|t:|1776194375\n|switch|p2b: Ninetales|Ninetales-Alola, L50, F|100/100|[from] Parting Shot\n|-weather|Snowscape|[from] ability: Snow Warning|[of] p2b: Ninetales\n|-formechange|p1b: Castform|Castform-Snowy|[msg]|[from] ability: Forecast\n|\n|-weather|Snowscape|[upkeep]\n|upkeep\n|turn|3\n|\n|t:|1776194390\n|switch|p1a: Pelipper|Pelipper, L50, F|100/100\n|-weather|RainDance|[from] ability: Drizzle|[of] p1a: Pelipper\n|-formechange|p1b: Castform|Castform-Rainy|[msg]|[from] ability: Forecast\n|move|p1b: Castform|Attract|p2a: Floette\n|-start|p2a: Floette|Attract\n|move|p2b: Ninetales|Aurora Veil||[still]\n|-fail|p2b: Ninetales\n|-activate|p2a: Floette|move: Attract|[of] p1b: Castform\n|cant|p2a: Floette|Attract\n|\n|-weather|RainDance|[upkeep]\n|upkeep\n|turn|4\n|\n|t:|1776194420\n|switch|p1b: Incineroar|Incineroar, L50, F|100/100\n|-end|p2a: Floette|Attract|[silent]\n|-ability|p1b: Incineroar|Intimidate|boost\n|-unboost|p2a: Floette|atk|1\n|-unboost|p2b: Ninetales|atk|1\n|switch|p2b: Sinistcha|Sinistcha, L50|100/100\n|move|p2a: Floette|Moonblast|p1a: Pelipper\n|-enditem|p1a: Pelipper|Focus Sash\n|-damage|p1a: Pelipper|1/100\n|move|p1a: Pelipper|Weather Ball|p2a: Floette\n|-damage|p2a: Floette|66/100\n|\n|-weather|RainDance|[upkeep]\n|upkeep\n|turn|5\n|\n|t:|1776194446\n|move|p2b: Sinistcha|Rage Powder|p2b: Sinistcha\n|-singleturn|p2b: Sinistcha|move: Rage Powder\n|move|p2a: Floette|Draining Kiss|p1b: Incineroar\n|-damage|p1b: Incineroar|50/100\n|-heal|p2a: Floette|100/100|[from] drain|[of] p1b: Incineroar\n|move|p1a: Pelipper|Weather Ball|p2b: Sinistcha\n|-resisted|p2b: Sinistcha|1\n|-damage|p2b: Sinistcha|67/100\n|move|p1b: Incineroar|Parting Shot|p2b: Sinistcha\n|-unboost|p2b: Sinistcha|atk|1\n|-unboost|p2b: Sinistcha|spa|1\n|\n|t:|1776194457\n|switch|p1b: Charizard|Charizard-Mega-Y, L50, F|100/100|[from] Parting Shot\n|-weather|SunnyDay|[from] ability: Drought|[of] p1b: Charizard\n|\n|-weather|SunnyDay|[upkeep]\n|-heal|p2b: Sinistcha|74/100|[from] item: Leftovers\n|upkeep\n|turn|6\n|\n|t:|1776194489\n|move|p1a: Pelipper|Helping Hand|p1b: Charizard\n|-singleturn|p1b: Charizard|Helping Hand|[of] p1a: Pelipper\n|move|p2b: Sinistcha|Rage Powder|p2b: Sinistcha\n|-singleturn|p2b: Sinistcha|move: Rage Powder\n|move|p1b: Charizard|Heat Wave|p2a: Floette|[spread] p2a,p2b\n|-supereffective|p2b: Sinistcha|1\n|-damage|p2a: Floette|54/100\n|-damage|p2b: Sinistcha|0 fnt\n|-status|p2a: Floette|brn\n|faint|p2b: Sinistcha\n|move|p2a: Floette|Moonblast|p1b: Charizard\n|-resisted|p1b: Charizard|1\n|-damage|p1b: Charizard|33/100\n|\n|-weather|SunnyDay|[upkeep]\n|-damage|p2a: Floette|47/100 brn|[from] brn\n|upkeep\n|\n|t:|1776194496\n|switch|p2b: Ninetales|Ninetales-Alola, L50, F|100/100\n|-weather|Snowscape|[from] ability: Snow Warning|[of] p2b: Ninetales\n|turn|7\n|\n|t:|1776194518\n|switch|p1b: Incineroar|Incineroar, L50, F|50/100\n|-ability|p1b: Incineroar|Intimidate|boost\n|-unboost|p2a: Floette|atk|1\n|-unboost|p2b: Ninetales|atk|1\n|move|p1a: Pelipper|Wide Guard|p1a: Pelipper\n|-singleturn|p1a: Pelipper|Wide Guard\n|move|p2b: Ninetales|Aurora Veil|p2b: Ninetales\n|-sidestart|p2: Xedivad|move: Aurora Veil\n|move|p2a: Floette|Draining Kiss|p1b: Incineroar\n|-damage|p1b: Incineroar|2/100\n|-heal|p2a: Floette|96/100 brn|[from] drain|[of] p1b: Incineroar\n|\n|-weather|Snowscape|[upkeep]\n|-damage|p2a: Floette|90/100 brn|[from] brn\n|upkeep\n|turn|8\n|\n|t:|1776194552\n|move|p1a: Pelipper|Helping Hand|p1b: Incineroar\n|-singleturn|p1b: Incineroar|Helping Hand|[of] p1a: Pelipper\n|move|p2b: Ninetales|Protect|p2b: Ninetales\n|-singleturn|p2b: Ninetales|Protect\n|move|p2a: Floette|Moonblast|p1a: Pelipper\n|-damage|p1a: Pelipper|0 fnt\n|faint|p1a: Pelipper\n|move|p1b: Incineroar|Flare Blitz|p2a: Floette\n|-damage|p2a: Floette|30/100 brn\n|-damage|p1b: Incineroar|0 fnt|[from] Recoil\n|faint|p1b: Incineroar\n|\n|-weather|Snowscape|[upkeep]\n|-damage|p2a: Floette|24/100 brn|[from] brn\n|upkeep\n|\n|t:|1776194562\n|switch|p1a: Charizard|Charizard-Mega-Y, L50, F|33/100\n|switch|p1b: Castform|Castform, L50, M|81/100\n|-weather|SunnyDay|[from] ability: Drought|[of] p1a: Charizard\n|-formechange|p1b: Castform|Castform-Sunny|[msg]|[from] ability: Forecast\n|turn|9\n|\n|t:|1776194594\n|switch|p2a: Incineroar|Incineroar, L50, M|100/100\n|-ability|p2a: Incineroar|Intimidate|boost\n|-unboost|p1a: Charizard|atk|1\n|-unboost|p1b: Castform|atk|1\n|move|p1b: Castform|Weather Ball|p2a: Incineroar\n|-resisted|p2a: Incineroar|1\n|-damage|p2a: Incineroar|79/100\n|move|p1a: Charizard|Heat Wave|p2b: Ninetales|[spread] p2b\n|-miss|p1a: Charizard|p2a: Incineroar\n|-supereffective|p2b: Ninetales|1\n|-damage|p2b: Ninetales|4/100\n|move|p2b: Ninetales|Dazzling Gleam|p1a: Charizard|[spread] p1a,p1b\n|-resisted|p1a: Charizard|1\n|-resisted|p1b: Castform|1\n|-damage|p1a: Charizard|20/100\n|-damage|p1b: Castform|61/100\n|\n|-weather|SunnyDay|[upkeep]\n|upkeep\n|turn|10\n|\n|t:|1776194622\n|move|p1a: Charizard|Protect|p1a: Charizard\n|-singleturn|p1a: Charizard|Protect\n|move|p2b: Ninetales|Protect|p2b: Ninetales\n|-singleturn|p2b: Ninetales|Protect\n|move|p1b: Castform|Weather Ball|p2a: Incineroar\n|-resisted|p2a: Incineroar|1\n|-damage|p2a: Incineroar|58/100\n|move|p2a: Incineroar|Parting Shot|p1a: Charizard\n|-activate|p1a: Charizard|move: Protect\n|\n|-weather|SunnyDay|[upkeep]\n|upkeep\n|turn|11\n|\n|t:|1776194640\n|move|p2b: Ninetales|Protect|p2b: Ninetales\n|-singleturn|p2b: Ninetales|Protect\n|move|p1b: Castform|Weather Ball|p2a: Incineroar\n|-resisted|p2a: Incineroar|1\n|-damage|p2a: Incineroar|37/100\n|move|p1a: Charizard|Heat Wave|p2a: Incineroar|[spread] p2a\n|-activate|p2b: Ninetales|move: Protect\n|-resisted|p2a: Incineroar|1\n|-damage|p2a: Incineroar|11/100\n|move|p2a: Incineroar|Parting Shot|p1a: Charizard\n|-unboost|p1a: Charizard|atk|1\n|-unboost|p1a: Charizard|spa|1\n|\n|t:|1776194654\n|switch|p2a: Floette|Floette-Mega, L50, F|24/100 brn|[from] Parting Shot\n|-ability|p2a: Floette|Fairy Aura\n|\n|-weather|SunnyDay|[upkeep]\n|-damage|p2a: Floette|18/100 brn|[from] brn\n|-sideend|p2: Xedivad|move: Aurora Veil\n|upkeep\n|turn|12\n|\n|t:|1776194668\n|move|p1b: Castform|Weather Ball|p2a: Floette\n|-damage|p2a: Floette|0 fnt\n|faint|p2a: Floette\n|move|p1a: Charizard|Heat Wave|p2b: Ninetales\n|-supereffective|p2b: Ninetales|1\n|-damage|p2b: Ninetales|0 fnt\n|faint|p2b: Ninetales\n|\n|-weather|SunnyDay|[upkeep]\n|upkeep\n|-message|Xedivad forfeited.\n|\n|win|euouaeps\n|raw|euouaeps's rating: 1062 &rarr; <strong>1093</strong><br />(+31 for winning)\n|raw|Xedivad's rating: 1067 &rarr; <strong>1047</strong><br />(-20 for losing)\n|l|\u2606Xedivad\n|player|p2|\n",
  "uploadtime": 1776194677,
  "views": 31,
  "formatid": "gen9championsvgc2026regma",
  "rating": 1047,
  "private": 0,
  "password": null
}