{
  "id": "gen9championsvgc2026regma-2585074437",
  "format": "[Gen 9 Champions] VGC 2026 Reg M-A",
  "players": [
    "zdekurom",
    "EXSA"
  ],
  "log": "|j|\u2606zdekurom\n|j|\u2606EXSA\n|t:|1776309105\n|gametype|doubles\n|player|p1|zdekurom|unknown|1204\n|player|p2|EXSA|102|1200\n|gen|9\n|tier|[Gen 9 Champions] VGC 2026 Reg M-A\n|rated|\n|rule|Species Clause: Limit one of each Pok\u00e9mon\n|rule|Item Clause: Limit 1 of each item\n|clearpoke\n|poke|p1|Floette-Eternal, L50, F|\n|poke|p1|Empoleon, L50, M|\n|poke|p1|Oranguru, L50, M|\n|poke|p1|Incineroar, L50, M|\n|poke|p1|Noivern, L50, M|\n|poke|p1|Machamp, L50, M|\n|poke|p2|Orthworm, L50, F|\n|poke|p2|Talonflame, L50, M|\n|poke|p2|Garchomp, L50, M|\n|poke|p2|Tyranitar, L50, F|\n|poke|p2|Rotom-Wash, L50|\n|poke|p2|Sinistcha, L50|\n|teampreview|4\n|\n|t:|1776309170\n|teamsize|p1|4\n|teamsize|p2|4\n|start\n|switch|p1a: Floette|Floette-Eternal, L50, F|100/100\n|switch|p1b: Incineroar|Incineroar, L50, M|100/100\n|switch|p2a: Orthworm|Orthworm, L50, F, shiny|100/100\n|switch|p2b: Rotom|Rotom-Wash, L50, shiny|100/100\n|-ability|p1b: Incineroar|Intimidate|boost\n|-unboost|p2a: Orthworm|atk|1\n|-unboost|p2b: Rotom|atk|1\n|turn|1\n|\n|t:|1776309198\n|move|p2a: Orthworm|Protect|p2a: Orthworm\n|-singleturn|p2a: Orthworm|Protect\n|move|p1b: Incineroar|Fake Out|p2a: Orthworm\n|-activate|p2a: Orthworm|move: Protect\n|move|p2b: Rotom|Electroweb|p1a: Floette|[spread] p1a,p1b\n|-damage|p1a: Floette|81/100\n|-damage|p1b: Incineroar|83/100\n|-unboost|p1a: Floette|spe|1\n|-unboost|p1b: Incineroar|spe|1\n|move|p1a: Floette|Calm Mind|p1a: Floette\n|-boost|p1a: Floette|spa|1\n|-boost|p1a: Floette|spd|1\n|\n|upkeep\n|turn|2\n|\n|t:|1776309224\n|detailschange|p1a: Floette|Floette-Mega, L50, F\n|-mega|p1a: Floette|Floette|Floettite\n|-ability|p1a: Floette|Fairy Aura\n|move|p2b: Rotom|Volt Switch|p1b: Incineroar\n|-damage|p1b: Incineroar|50/100\n|-enditem|p1b: Incineroar|Sitrus Berry|[eat]\n|-heal|p1b: Incineroar|75/100|[from] item: Sitrus Berry\n|\n|t:|1776309233\n|switch|p2b: Garchomp|Garchomp, L50, M|100/100|[from] Volt Switch\n|move|p2a: Orthworm|Heavy Slam|p1a: Floette\n|-supereffective|p1a: Floette|1\n|-damage|p1a: Floette|44/100\n|move|p1a: Floette|Moonblast|p2b: Garchomp\n|-supereffective|p2b: Garchomp|1\n|-damage|p2b: Garchomp|0 fnt\n|faint|p2b: Garchomp\n|move|p1b: Incineroar|Flare Blitz|p2a: Orthworm\n|-supereffective|p2a: Orthworm|1\n|-damage|p2a: Orthworm|46/100\n|-damage|p1b: Incineroar|59/100|[from] Recoil\n|\n|-heal|p2a: Orthworm|52/100|[from] item: Leftovers\n|upkeep\n|\n|t:|1776309243\n|switch|p2b: Rotom|Rotom-Wash, L50, shiny|100/100\n|turn|3\n|\n|t:|1776309266\n|move|p2b: Rotom|Electroweb|p1b: Incineroar|[spread] p1a,p1b\n|-damage|p1a: Floette|33/100\n|-damage|p1b: Incineroar|42/100\n|-unboost|p1a: Floette|spe|1\n|-unboost|p1b: Incineroar|spe|1\n|move|p2a: Orthworm|Shed Tail|p2a: Orthworm\n|-start|p2a: Orthworm|Substitute|[from] move: Shed Tail\n|-damage|p2a: Orthworm|2/100\n|\n|t:|1776309273\n|switch|p2a: Tyranitar|Tyranitar, L50, F|100/100|[from] Shed Tail\n|-weather|Sandstorm|[from] ability: Sand Stream|[of] p2a: Tyranitar\n|move|p1a: Floette|Moonblast|p2b: Rotom\n|-damage|p2b: Rotom|0 fnt\n|faint|p2b: Rotom\n|move|p1b: Incineroar|Flare Blitz|p2a: Tyranitar\n|-resisted|p2a: Tyranitar|1\n|-activate|p2a: Tyranitar|move: Substitute|[damage]\n|-damage|p1b: Incineroar|35/100|[from] Recoil|[of] p2a: Tyranitar\n|\n|-weather|Sandstorm|[upkeep]\n|-damage|p1a: Floette|26/100|[from] Sandstorm\n|-damage|p1b: Incineroar|29/100|[from] Sandstorm\n|upkeep\n|\n|t:|1776309284\n|switch|p2b: Orthworm|Orthworm, L50, F, shiny|2/100\n|turn|4\n|\n|t:|1776309302\n|switch|p1b: Machamp|Machamp, L50, M|100/100\n|move|p2b: Orthworm|Body Press|p1a: Floette\n|-resisted|p1a: Floette|1\n|-damage|p1a: Floette|9/100\n|move|p2a: Tyranitar|Rock Slide|p1b: Machamp|[spread] p1a,p1b\n|-resisted|p1b: Machamp|1\n|-damage|p1a: Floette|0 fnt\n|-damage|p1b: Machamp|82/100\n|faint|p1a: Floette\n|\n|-weather|Sandstorm|[upkeep]\n|-damage|p1b: Machamp|76/100|[from] Sandstorm\n|-heal|p2b: Orthworm|8/100|[from] item: Leftovers\n|upkeep\n|\n|t:|1776309326\n|switch|p1a: Incineroar|Incineroar, L50, M|29/100\n|-ability|p1a: Incineroar|Intimidate|boost\n|-immune|p2a: Tyranitar\n|-unboost|p2b: Orthworm|atk|1\n|turn|5\n|\n|t:|1776309341\n|move|p2b: Orthworm|Protect|p2b: Orthworm\n|-singleturn|p2b: Orthworm|Protect\n|move|p1a: Incineroar|Fake Out|p2b: Orthworm\n|-activate|p2b: Orthworm|move: Protect\n|move|p2a: Tyranitar|Rock Slide|p1b: Machamp|[spread] p1a,p1b\n|-supereffective|p1a: Incineroar|1\n|-resisted|p1b: Machamp|1\n|-damage|p1a: Incineroar|0 fnt\n|-damage|p1b: Machamp|58/100\n|faint|p1a: Incineroar\n|move|p1b: Machamp|Dynamic Punch|p2a: Tyranitar\n|-supereffective|p2a: Tyranitar|2\n|-end|p2a: Tyranitar|Substitute\n|\n|-weather|Sandstorm|[upkeep]\n|-damage|p1b: Machamp|52/100|[from] Sandstorm\n|-heal|p2b: Orthworm|15/100|[from] item: Leftovers\n|upkeep\n|\n|t:|1776309343\n|switch|p1a: Empoleon|Empoleon, L50, M|100/100\n|turn|6\n|\n|t:|1776309361\n|move|p2b: Orthworm|Body Press|p1b: Machamp\n|-damage|p1b: Machamp|17/100\n|move|p2a: Tyranitar|Rock Slide|p1a: Empoleon|[spread] p1b\n|-miss|p2a: Tyranitar|p1a: Empoleon\n|-resisted|p1b: Machamp|1\n|-damage|p1b: Machamp|1/100\n|move|p1a: Empoleon|Flash Cannon|p2b: Orthworm\n|-resisted|p2b: Orthworm|1\n|-damage|p2b: Orthworm|0 fnt\n|faint|p2b: Orthworm\n|cant|p1b: Machamp|flinch\n|\n|-weather|Sandstorm|[upkeep]\n|-damage|p1b: Machamp|0 fnt|[from] Sandstorm\n|faint|p1b: Machamp\n|upkeep\n|turn|7\n|\n|t:|1776309374\n|detailschange|p2a: Tyranitar|Tyranitar-Mega, L50, F\n|-mega|p2a: Tyranitar|Tyranitar|Tyranitarite\n|move|p2a: Tyranitar|Low Kick|p1a: Empoleon\n|-supereffective|p1a: Empoleon|1\n|-enditem|p1a: Empoleon|Chople Berry|[eat]\n|-enditem|p1a: Empoleon|Chople Berry|[weaken]\n|-damage|p1a: Empoleon|61/100\n|move|p1a: Empoleon|Hydro Pump|p2a: Tyranitar|[miss]\n|-miss|p1a: Empoleon|p2a: Tyranitar\n|\n|-weather|none\n|upkeep\n|turn|8\n|\n|t:|1776309382\n|move|p2a: Tyranitar|Low Kick|p1a: Empoleon\n|-supereffective|p1a: Empoleon|1\n|-damage|p1a: Empoleon|0 fnt\n|faint|p1a: Empoleon\n|\n|win|EXSA\n|raw|zdekurom's rating: 1204 &rarr; <strong>1179</strong><br />(-25 for losing)\n|raw|EXSA's rating: 1200 &rarr; <strong>1225</strong><br />(+25 for winning)\n",
  "uploadtime": 1776309385,
  "views": 20,
  "formatid": "gen9championsvgc2026regma",
  "rating": 1179,
  "private": 0,
  "password": null
}