{
  "id": "gen9championsvgc2026regma-2581408694",
  "format": "[Gen 9 Champions] VGC 2026 Reg M-A",
  "players": [
    "ToastyMilk07",
    "Kojiiii"
  ],
  "log": "|j|\u2606ToastyMilk07\n|j|\u2606Kojiiii\n|t:|1775997389\n|gametype|doubles\n|player|p1|ToastyMilk07|101|1000\n|player|p2|Kojiiii|266|1045\n|gen|9\n|tier|[Gen 9 Champions] VGC 2026 Reg M-A\n|rated|\n|rule|Species Clause: Limit one of each Pok\u00e9mon\n|rule|Item Clause: Limit 1 of each item\n|clearpoke\n|poke|p1|Drampa, L50, M|\n|poke|p1|Alakazam, L50, M|\n|poke|p1|Basculegion, L50, M|\n|poke|p1|Sinistcha, L50|\n|poke|p1|Scizor, L50, M|\n|poke|p1|Pelipper, L50, F|\n|poke|p2|Incineroar, L50, F|\n|poke|p2|Pelipper, L50, M|\n|poke|p2|Sneasler, L50, F|\n|poke|p2|Floette-Eternal, L50, F|\n|poke|p2|Archaludon, L50, M|\n|poke|p2|Sinistcha, L50|\n|teampreview|4\nToastyMilk07 has agreed to open team sheets.\n|inactive|Battle timer is ON: inactive players will automatically lose when time's up. (requested by ToastyMilk07)\n|\n|t:|1775997450\n|teamsize|p1|4\n|teamsize|p2|4\n|start\n|switch|p1a: Drampa|Drampa, L50, M|100/100\n|switch|p1b: Alakazam|Alakazam, L50, M|100/100\n|switch|p2a: Floette|Floette-Eternal, L50, F|100/100\n|switch|p2b: Sinistcha|Sinistcha, L50|100/100\n|turn|1\n|\n|t:|1775997470\n|detailschange|p1a: Drampa|Drampa-Mega, L50, M\n|-mega|p1a: Drampa|Drampa|Drampanite\n|move|p2b: Sinistcha|Rage Powder|p2b: Sinistcha\n|-singleturn|p2b: Sinistcha|move: Rage Powder\n|move|p1b: Alakazam|Light Screen|p1b: Alakazam\n|-sidestart|p1: ToastyMilk07|move: Light Screen\n|move|p2a: Floette|Calm Mind|p2a: Floette\n|-boost|p2a: Floette|spa|1\n|-boost|p2a: Floette|spd|1\n|move|p1a: Drampa|Calm Mind|p1a: Drampa\n|-boost|p1a: Drampa|spa|1\n|-boost|p1a: Drampa|spd|1\n|\n|upkeep\n|turn|2\n|inactiveoff|Battle timer is now OFF.\n|\n|t:|1775997505\n|detailschange|p2a: Floette|Floette-Mega, L50, F\n|-mega|p2a: Floette|Floette|Floettite\n|-ability|p2a: Floette|Fairy Aura\n|move|p2b: Sinistcha|Rage Powder|p2b: Sinistcha\n|-singleturn|p2b: Sinistcha|move: Rage Powder\n|move|p1b: Alakazam|Speed Swap|p2b: Sinistcha\n|-activate|p1b: Alakazam|move: Speed Swap|[of] p2b: Sinistcha\n|move|p2a: Floette|Light of Ruin|p1a: Drampa\n|-supereffective|p1a: Drampa|1\n|-damage|p1a: Drampa|0 fnt\n|faint|p1a: Drampa\n|-damage|p2a: Floette|45/100|[from] Recoil\n|\n|upkeep\n|\n|t:|1775997534\n|switch|p1a: Basculegion|Basculegion, L50, M|100/100\n|turn|3\n|\n|t:|1775997572\n|move|p2b: Sinistcha|Rage Powder|p2b: Sinistcha\n|-singleturn|p2b: Sinistcha|move: Rage Powder\n|move|p2a: Floette|Draining Kiss|p1b: Alakazam\n|-damage|p1b: Alakazam|45/100\n|-heal|p2a: Floette|84/100|[from] drain|[of] p1b: Alakazam\n|move|p1a: Basculegion|Wave Crash|p2b: Sinistcha\n|-resisted|p2b: Sinistcha|1\n|-damage|p2b: Sinistcha|74/100\n|-damage|p1a: Basculegion|92/100|[from] Recoil\n|move|p1b: Alakazam|Reflect|p1b: Alakazam\n|-sidestart|p1: ToastyMilk07|Reflect\n|\n|upkeep\n|turn|4\n|\n|t:|1775997598\n|move|p2b: Sinistcha|Rage Powder|p2b: Sinistcha\n|-singleturn|p2b: Sinistcha|move: Rage Powder\n|move|p2a: Floette|Light of Ruin|p1a: Basculegion\n|-damage|p1a: Basculegion|0 fnt\n|faint|p1a: Basculegion\n|-damage|p2a: Floette|23/100|[from] Recoil\n|move|p1b: Alakazam|Psychic|p2b: Sinistcha\n|-damage|p2b: Sinistcha|39/100\n|-enditem|p2b: Sinistcha|Sitrus Berry|[eat]\n|-heal|p2b: Sinistcha|64/100|[from] item: Sitrus Berry\n|\n|upkeep\n|\n|t:|1775997609\n|switch|p1a: Sinistcha|Sinistcha, L50|100/100\n|-heal|p1b: Alakazam|70/100|[from] ability: Hospitality|[of] p1a: Sinistcha\n|turn|5\n|-message|ToastyMilk07 forfeited.\n|\n|win|Kojiiii\n|raw|ToastyMilk07's rating: 1000 &rarr; <strong>1000</strong><br />(+0 for losing)\n|raw|Kojiiii's rating: 1045 &rarr; <strong>1074</strong><br />(+29 for winning)\n|l|\u2606ToastyMilk07\n|player|p1|\n",
  "uploadtime": 1775997619,
  "views": 44,
  "formatid": "gen9championsvgc2026regma",
  "rating": 1000,
  "private": 0,
  "password": null
}