{
  "id": "gen9championsvgc2026regma-2583305151",
  "format": "[Gen 9 Champions] VGC 2026 Reg M-A",
  "players": [
    "LaxidazeVGC",
    "binguschongus"
  ],
  "log": "|j|\u2606LaxidazeVGC\n|j|\u2606binguschongus\n|t:|1776165164\n|gametype|doubles\n|player|p1|LaxidazeVGC|ingo|1000\n|player|p2|binguschongus|ghetsis-gen5bw|1087\n|gen|9\n|tier|[Gen 9 Champions] VGC 2026 Reg M-A\n|rated|\n|rule|Species Clause: Limit one of each Pok\u00e9mon\n|rule|Item Clause: Limit 1 of each item\n|clearpoke\n|poke|p1|Hydreigon, L50, F|\n|poke|p1|Dragapult, L50, M|\n|poke|p1|Maushold, L50|\n|poke|p1|Aegislash, L50, F|\n|poke|p1|Gallade, L50, M|\n|poke|p1|Gardevoir, L50, M|\n|poke|p2|Delphox, L50, M|\n|poke|p2|Tyranitar, L50, M|\n|poke|p2|Sneasler, L50, M|\n|poke|p2|Sinistcha, L50|\n|poke|p2|Gyarados, L50, F|\n|poke|p2|Excadrill, L50, F|\n|teampreview|4\n|inactive|Battle timer is ON: inactive players will automatically lose when time's up. (requested by LaxidazeVGC)\n|inactive|binguschongus has 60 seconds left.\n|\n|t:|1776165218\n|teamsize|p1|4\n|teamsize|p2|4\n|start\n|switch|p1a: Dragapult|Dragapult, L50, M|100/100\n|switch|p1b: Hydreigon|Hydreigon, L50, F|100/100\n|switch|p2a: Delphox|Delphox, L50, M|100/100\n|switch|p2b: Gyarados|Gyarados, L50, F|100/100\n|-ability|p2b: Gyarados|Intimidate|boost\n|-fail|p1a: Dragapult|unboost|[from] ability: Clear Body|[of] p1a: Dragapult\n|-unboost|p1b: Hydreigon|atk|1\n|turn|1\n|inactive|LaxidazeVGC has 30 seconds left.\n|inactive|LaxidazeVGC has 20 seconds left.\n|\n|t:|1776165257\n|switch|p2a: Sneasler|Sneasler, L50, M|100/100\n|move|p1a: Dragapult|Dragon Cheer|p1b: Hydreigon\n|-start|p1b: Hydreigon|move: Dragon Cheer\n|move|p1b: Hydreigon|Draco Meteor|p2a: Sneasler\n|-damage|p2a: Sneasler|0 fnt\n|-unboost|p1b: Hydreigon|spa|2\n|faint|p2a: Sneasler\n|move|p2b: Gyarados|Thunder Wave|p1a: Dragapult\n|-status|p1a: Dragapult|par\n|-enditem|p1a: Dragapult|Lum Berry|[eat]\n|-curestatus|p1a: Dragapult|par|[msg]\n|\n|upkeep\n|\n|t:|1776165271\n|switch|p2a: Delphox|Delphox, L50, M|100/100\n|turn|2\n|\n|t:|1776165294\n|detailschange|p2a: Delphox|Delphox-Mega, L50, M\n|-mega|p2a: Delphox|Delphox|Delphoxite\n|move|p1a: Dragapult|Dragon Darts|p2a: Delphox\n|-damage|p2a: Delphox|71/100\n|-anim|p1a: Dragapult|Dragon Darts|p2b: Gyarados\n|-damage|p2b: Gyarados|78/100\n|move|p1b: Hydreigon|Draco Meteor|p2a: Delphox\n|-damage|p2a: Delphox|32/100\n|-unboost|p1b: Hydreigon|spa|2\n|move|p2a: Delphox|Substitute|p2a: Delphox\n|-start|p2a: Delphox|Substitute\n|-damage|p2a: Delphox|8/100\n|move|p2b: Gyarados|Thunder Wave|p1b: Hydreigon\n|-status|p1b: Hydreigon|par\n|\n|upkeep\n|turn|3\n|\n|t:|1776165313\n|switch|p2b: Sinistcha|Sinistcha, L50|100/100\n|-heal|p2a: Delphox|32/100|[from] ability: Hospitality|[of] p2b: Sinistcha\n|move|p1a: Dragapult|Dragon Darts|p2a: Delphox\n|-end|p2a: Delphox|Substitute\n|-anim|p1a: Dragapult|Dragon Darts|p2b: Sinistcha\n|-damage|p2b: Sinistcha|85/100\n|move|p2a: Delphox|Psychic|p1a: Dragapult\n|-damage|p1a: Dragapult|34/100\n|move|p1b: Hydreigon|Draco Meteor|p2b: Sinistcha\n|-damage|p2b: Sinistcha|59/100\n|-unboost|p1b: Hydreigon|spa|2\n|\n|upkeep\n|turn|4\n|\n|t:|1776165331\n|move|p2a: Delphox|Protect|p2a: Delphox\n|-singleturn|p2a: Delphox|Protect\n|move|p1a: Dragapult|Dragon Darts|p2b: Sinistcha\n|-damage|p2b: Sinistcha|44/100\n|-anim|p1a: Dragapult|Dragon Darts|p2b: Sinistcha\n|-damage|p2b: Sinistcha|29/100\n|move|p1b: Hydreigon|Draco Meteor|p2b: Sinistcha\n|-damage|p2b: Sinistcha|10/100\n|move|p2b: Sinistcha|Life Dew|p2b: Sinistcha|[spread] p2a,p2b\n|-heal|p2a: Delphox|57/100\n|-heal|p2b: Sinistcha|35/100\n|\n|upkeep\n|turn|5\n|\n|t:|1776165353\n|move|p1a: Dragapult|Dragon Darts|p2a: Delphox\n|-damage|p2a: Delphox|26/100\n|-anim|p1a: Dragapult|Dragon Darts|p2b: Sinistcha\n|-damage|p2b: Sinistcha|18/100\n|move|p2a: Delphox|Heat Wave|p1b: Hydreigon|[spread] p1a,p1b\n|-resisted|p1a: Dragapult|1\n|-resisted|p1b: Hydreigon|1\n|-damage|p1a: Dragapult|11/100\n|-damage|p1b: Hydreigon|78/100 par\n|move|p1b: Hydreigon|Draco Meteor|p2a: Delphox\n|-damage|p2a: Delphox|7/100\n|move|p2b: Sinistcha|Matcha Gotcha|p1a: Dragapult|[spread] p1a,p1b\n|-resisted|p1a: Dragapult|1\n|-resisted|p1b: Hydreigon|1\n|-damage|p1a: Dragapult|0 fnt\n|-heal|p2b: Sinistcha|25/100|[from] drain|[of] p1a: Dragapult\n|-damage|p1b: Hydreigon|65/100 par\n|-heal|p2b: Sinistcha|31/100|[from] drain|[of] p1b: Hydreigon\n|faint|p1a: Dragapult\n|\n|upkeep\n|\n|t:|1776165368\n|switch|p1a: Gallade|Gallade, L50, M|100/100\n|turn|6\n|\n|t:|1776165375\n|switch|p2b: Gyarados|Gyarados, L50, F|78/100\n|-ability|p2b: Gyarados|Intimidate|boost\n|-unboost|p1a: Gallade|atk|1\n|-unboost|p1b: Hydreigon|atk|1\n|move|p2a: Delphox|Protect|p2a: Delphox\n|-singleturn|p2a: Delphox|Protect\n|move|p1a: Gallade|Wide Guard|p1a: Gallade\n|-singleturn|p1a: Gallade|Wide Guard\n|move|p1b: Hydreigon|Draco Meteor|p2a: Delphox\n|-activate|p2a: Delphox|move: Protect\n|\n|upkeep\n|turn|7\n|inactive|binguschongus has 30 seconds left.\n|\n|t:|1776165401\n|switch|p2b: Sinistcha|Sinistcha, L50|31/100\n|-heal|p2a: Delphox|32/100|[from] ability: Hospitality|[of] p2b: Sinistcha\n|move|p2a: Delphox|Psychic|p1a: Gallade\n|-damage|p1a: Gallade|63/100\n|move|p1b: Hydreigon|Draco Meteor|p2a: Delphox\n|-crit|p2a: Delphox\n|-damage|p2a: Delphox|0 fnt\n|faint|p2a: Delphox\n|move|p1a: Gallade|Psycho Cut|p2b: Sinistcha\n|-damage|p2b: Sinistcha|7/100\n|\n|upkeep\n|\n|t:|1776165410\n|switch|p2a: Gyarados|Gyarados, L50, F|78/100\n|-ability|p2a: Gyarados|Intimidate|boost\n|-unboost|p1a: Gallade|atk|1\n|-unboost|p1b: Hydreigon|atk|1\n|turn|8\n|\n|t:|1776165417\n|switch|p1a: Aegislash|Aegislash, L50, F|100/100\n|move|p2a: Gyarados|Waterfall|p1a: Aegislash\n|-damage|p1a: Aegislash|71/100\n|move|p1b: Hydreigon|Draco Meteor|p2a: Gyarados\n|-damage|p2a: Gyarados|65/100\n|move|p2b: Sinistcha|Matcha Gotcha|p1a: Aegislash|[spread] p1a\n|-miss|p2b: Sinistcha|p1b: Hydreigon\n|-resisted|p1a: Aegislash|1\n|-crit|p1a: Aegislash\n|-damage|p1a: Aegislash|57/100\n|-heal|p2b: Sinistcha|14/100|[from] drain|[of] p1a: Aegislash\n|\n|-heal|p1a: Aegislash|63/100|[from] item: Leftovers\n|upkeep\n|turn|9\n|\n|t:|1776165433\n|switch|p1b: Gallade|Gallade, L50, M|63/100\n|move|p2a: Gyarados|Thunder Wave|p1a: Aegislash\n|-status|p1a: Aegislash|par\n|move|p2b: Sinistcha|Life Dew|p2b: Sinistcha|[spread] p2a,p2b\n|-heal|p2a: Gyarados|90/100\n|-heal|p2b: Sinistcha|39/100\n|-formechange|p1a: Aegislash|Aegislash-Blade|\n|move|p1a: Aegislash|Iron Head|p2b: Sinistcha\n|-damage|p2b: Sinistcha|0 fnt\n|faint|p2b: Sinistcha\n|\n|-heal|p1a: Aegislash|69/100 par|[from] item: Leftovers\n|upkeep\n|turn|10\n|-message|binguschongus forfeited.\n|\n|win|LaxidazeVGC\n|raw|LaxidazeVGC's rating: 1000 &rarr; <strong>1050</strong><br />(+50 for winning)\n|raw|binguschongus's rating: 1087 &rarr; <strong>1058</strong><br />(-29 for losing)\n|l|\u2606binguschongus\n|player|p2|\n",
  "uploadtime": 1776165448,
  "views": 29,
  "formatid": "gen9championsvgc2026regma",
  "rating": 1050,
  "private": 0,
  "password": null
}