{
  "id": "gen9championsvgc2026regma-2588617752",
  "format": "[Gen 9 Champions] VGC 2026 Reg M-A",
  "players": [
    "ultrashxt",
    "Aad7"
  ],
  "log": "|j|\u2606ultrashxt\n|j|\u2606Aad7\n|t:|1776650579\n|gametype|doubles\n|player|p1|ultrashxt|sabrina|1314\n|player|p2|Aad7|101|1351\n|gen|9\n|tier|[Gen 9 Champions] VGC 2026 Reg M-A\n|rated|\n|rule|Species Clause: Limit one of each Pok\u00e9mon\n|rule|Item Clause: Limit 1 of each item\n|clearpoke\n|poke|p1|Aggron, L50, M|\n|poke|p1|Pelipper, L50, F|\n|poke|p1|Sinistcha, L50|\n|poke|p1|Garchomp, L50, M|\n|poke|p1|Delphox, L50, M|\n|poke|p1|Lucario, L50, M|\n|poke|p2|Feraligatr, L50, M|\n|poke|p2|Pelipper, L50, M|\n|poke|p2|Archaludon, L50, M|\n|poke|p2|Tyranitar, L50, M|\n|poke|p2|Dragonite, L50, M|\n|poke|p2|Excadrill, L50, M|\n|teampreview|4\n|\n|t:|1776650633\n|teamsize|p1|4\n|teamsize|p2|4\n|start\n|switch|p1a: Toilet|Pelipper, L50, F|100/100\n|switch|p1b: Jawsum Jr|Garchomp, L50, M|100/100\n|switch|p2a: Pelipper|Pelipper, L50, M|100/100\n|switch|p2b: Archaludon|Archaludon, L50, M|100/100\n|-weather|RainDance|[from] ability: Drizzle|[of] p2a: Pelipper\n|turn|1\n|\n|t:|1776650650\n|move|p1b: Jawsum Jr|Earthquake|p2b: Archaludon|[spread] p2b\n|-immune|p1a: Toilet\n|-immune|p2a: Pelipper\n|-supereffective|p2b: Archaludon|1\n|-damage|p2b: Archaludon|38/100\n|move|p2b: Archaludon|Draco Meteor|p1b: Jawsum Jr|[miss]\n|-miss|p2b: Archaludon|p1b: Jawsum Jr\n|move|p2a: Pelipper|Tailwind|p2a: Pelipper\n|-sidestart|p2: Aad7|move: Tailwind\n|move|p1a: Toilet|Tailwind|p1a: Toilet\n|-sidestart|p1: ultrashxt|move: Tailwind\n|\n|-weather|RainDance|[upkeep]\n|upkeep\n|turn|2\n|c|\u2606ultrashxt|damn\n|\n|t:|1776650685\n|switch|p2b: Dragonite|Dragonite, L50, M|100/100\n|move|p1b: Jawsum Jr|Earthquake|p2b: Dragonite|[spread] \n|-immune|p1a: Toilet\n|-immune|p2a: Pelipper\n|-immune|p2b: Dragonite\n|move|p2a: Pelipper|Hurricane|p1b: Jawsum Jr\n|-damage|p1b: Jawsum Jr|45/100\n|move|p1a: Toilet|Hurricane|p2a: Pelipper\n|-damage|p2a: Pelipper|8/100\n|\n|-weather|RainDance|[upkeep]\n|upkeep\n|turn|3\n|\n|t:|1776650724\n|switch|p1b: Pink|Aggron, L50, M|100/100\n|move|p2b: Dragonite|Hurricane|p1b: Pink\n|-resisted|p1b: Pink|2\n|-crit|p1b: Pink\n|-damage|p1b: Pink|78/100\n|-start|p1b: Pink|confusion\n|move|p2a: Pelipper|Hurricane|p1b: Pink\n|-resisted|p1b: Pink|2\n|-damage|p1b: Pink|64/100\n|move|p1a: Toilet|Hurricane|p2a: Pelipper\n|-damage|p2a: Pelipper|0 fnt\n|faint|p2a: Pelipper\n|\n|-weather|RainDance|[upkeep]\n|upkeep\n|\n|t:|1776650741\n|switch|p2a: Archaludon|Archaludon, L50, M|38/100\n|turn|4\n|\n|t:|1776650762\n|switch|p1a: Chai?|Sinistcha, L50|100/100\n|-heal|p1b: Pink|89/100|[from] ability: Hospitality|[of] p1a: Chai?\n|detailschange|p1b: Pink|Aggron-Mega, L50, M\n|-mega|p1b: Pink|Aggron|Aggronite\n|move|p2a: Archaludon|Electro Shot||[still]\n|-prepare|p2a: Archaludon|Electro Shot\n|-boost|p2a: Archaludon|spa|1\n|-anim|p2a: Archaludon|Electro Shot|p1b: Pink\n|-damage|p1b: Pink|3/100\n|move|p2b: Dragonite|Hurricane|p1a: Chai?\n|-supereffective|p1a: Chai?|1\n|-damage|p1a: Chai?|16/100\n|-start|p1a: Chai?|confusion\n|-activate|p1b: Pink|confusion\n|move|p1b: Pink|Body Press|p2a: Archaludon\n|-supereffective|p2a: Archaludon|1\n|-damage|p2a: Archaludon|0 fnt\n|faint|p2a: Archaludon\n|\n|-weather|RainDance|[upkeep]\n|-heal|p1a: Chai?|22/100|[from] item: Leftovers\n|-sideend|p1: ultrashxt|move: Tailwind\n|-sideend|p2: Aad7|move: Tailwind\n|upkeep\n|\n|t:|1776650782\n|switch|p2a: Feraligatr|Feraligatr, L50, M|100/100\n|turn|5\n|\n|t:|1776650825\n|detailschange|p2a: Feraligatr|Feraligatr-Mega, L50, M\n|-mega|p2a: Feraligatr|Feraligatr|Feraligite\n|-end|p1b: Pink|confusion\n|move|p1b: Pink|Protect|p1b: Pink\n|-singleturn|p1b: Pink|Protect\n|move|p2b: Dragonite|Hurricane|p1b: Pink\n|-activate|p1b: Pink|move: Protect\n|move|p2a: Feraligatr|Double-Edge|p1a: Chai?\n|-damage|p1a: Chai?|0 fnt\n|faint|p1a: Chai?\n|-damage|p2a: Feraligatr|92/100|[from] Recoil\n|\n|-weather|none\n|upkeep\n|\n|t:|1776650838\n|switch|p1a: Jawsum Jr|Garchomp, L50, M|45/100\n|turn|6\n|\n|t:|1776650866\n|switch|p1b: Toilet|Pelipper, L50, F|100/100\n|-weather|RainDance|[from] ability: Drizzle|[of] p1b: Toilet\n|move|p1a: Jawsum Jr|Dragon Claw|p2a: Feraligatr\n|-supereffective|p2a: Feraligatr|1\n|-damage|p2a: Feraligatr|15/100\n|move|p2b: Dragonite|Hurricane|p1b: Toilet\n|-damage|p1b: Toilet|12/100\n|-start|p1b: Toilet|confusion\n|move|p2a: Feraligatr|Double-Edge|p1a: Jawsum Jr\n|-supereffective|p1a: Jawsum Jr|1\n|-damage|p1a: Jawsum Jr|0 fnt\n|-damage|p2a: Feraligatr|2/100|[from] ability: Rough Skin|[of] p1a: Jawsum Jr\n|faint|p1a: Jawsum Jr\n|-damage|p2a: Feraligatr|0 fnt|[from] Recoil\n|faint|p2a: Feraligatr\n|\n|-weather|RainDance|[upkeep]\n|upkeep\n|\n|t:|1776650874\n|switch|p1a: Pink|Aggron-Mega, L50, M|3/100\n|turn|7\n|\n|t:|1776650892\n|move|p2b: Dragonite|Heat Wave|p1b: Toilet|[spread] p1a,p1b\n|-supereffective|p1a: Pink|1\n|-resisted|p1b: Toilet|1\n|-damage|p1a: Pink|0 fnt\n|-damage|p1b: Toilet|3/100\n|faint|p1a: Pink\n|-activate|p1b: Toilet|confusion\n|move|p1b: Toilet|Hurricane|p2b: Dragonite\n|-damage|p2b: Dragonite|72/100\n|-start|p2b: Dragonite|confusion\n|\n|-weather|RainDance|[upkeep]\n|upkeep\n|turn|8\n|\n|t:|1776650905\n|-activate|p2b: Dragonite|confusion\n|-damage|p2b: Dragonite|58/100|[from] confusion\n|-activate|p1b: Toilet|confusion\n|move|p1b: Toilet|Hurricane|p2b: Dragonite\n|-damage|p2b: Dragonite|0 fnt\n|faint|p2b: Dragonite\n|\n|win|ultrashxt\n|raw|ultrashxt's rating: 1314 &rarr; <strong>1336</strong><br />(+22 for winning)\n|raw|Aad7's rating: 1351 &rarr; <strong>1329</strong><br />(-22 for losing)\n|c|\u2606ultrashxt|wow\n|c|\u2606ultrashxt|god wanted me to win that game\n|c|\u2606Aad7|Lol\n|c|\u2606ultrashxt|ggs\n|c|\u2606Aad7|gg\n",
  "uploadtime": 1776650928,
  "views": 19,
  "formatid": "gen9championsvgc2026regma",
  "rating": 1329,
  "private": 0,
  "password": null
}