{
  "id": "gen9championsvgc2026regma-2582428719",
  "format": "[Gen 9 Champions] VGC 2026 Reg M-A",
  "players": [
    "Kalaphant",
    "dubsjd"
  ],
  "log": "|j|\u2606Kalaphant\n|j|\u2606dubsjd\n|t:|1776091081\n|gametype|doubles\n|player|p1|Kalaphant|1|1150\n|player|p2|dubsjd|alec-anime|1053\n|gen|9\n|tier|[Gen 9 Champions] VGC 2026 Reg M-A\n|rated|\n|rule|Species Clause: Limit one of each Pok\u00e9mon\n|rule|Item Clause: Limit 1 of each item\n|clearpoke\n|poke|p1|Gengar, L50, M|\n|poke|p1|Politoed, L50, M|\n|poke|p1|Whimsicott, L50, M|\n|poke|p1|Incineroar, L50, M|\n|poke|p1|Charizard, L50, M|\n|poke|p1|Sneasler, L50, F|\n|poke|p2|Tyranitar, L50, M|\n|poke|p2|Excadrill, L50, M|\n|poke|p2|Floette-Eternal, L50, F|\n|poke|p2|Sneasler, L50, M|\n|poke|p2|Incineroar, L50, M|\n|poke|p2|Sinistcha, L50|\n|teampreview|4\n|inactive|Battle timer is ON: inactive players will automatically lose when time's up. (requested by Kalaphant)\nKalaphant has agreed to open team sheets.\n|c|\u2606Kalaphant|glhf\n|inactive|Kalaphant has 60 seconds left.\n|\n|t:|1776091112\n|teamsize|p1|4\n|teamsize|p2|4\n|start\n|switch|p1a: Gengar|Gengar, L50, M|100/100\n|switch|p1b: Whimsicott|Whimsicott, L50, M|100/100\n|switch|p2a: Tyranitar|Tyranitar, L50, M, shiny|100/100\n|switch|p2b: Excadrill|Excadrill, L50, M|100/100\n|-weather|Sandstorm|[from] ability: Sand Stream|[of] p2a: Tyranitar\n|turn|1\n|c|\u2606dubsjd|you to :3\n|\n|t:|1776091133\n|detailschange|p1a: Gengar|Gengar-Mega, L50, M\n|-mega|p1a: Gengar|Gengar|Gengarite\n|detailschange|p2a: Tyranitar|Tyranitar-Mega, L50, M, shiny\n|-mega|p2a: Tyranitar|Tyranitar|Tyranitarite\n|move|p1b: Whimsicott|Protect|p1b: Whimsicott\n|-singleturn|p1b: Whimsicott|Protect\n|move|p2b: Excadrill|Iron Head|p1b: Whimsicott\n|-activate|p1b: Whimsicott|move: Protect\n|move|p1a: Gengar|Perish Song|p1a: Gengar\n|-start|p1a: Gengar|perish3|[silent]\n|-start|p1b: Whimsicott|perish3|[silent]\n|-start|p2a: Tyranitar|perish3|[silent]\n|-start|p2b: Excadrill|perish3|[silent]\n|-fieldactivate|move: Perish Song\n|move|p2a: Tyranitar|Dragon Dance|p2a: Tyranitar\n|-boost|p2a: Tyranitar|atk|1\n|-boost|p2a: Tyranitar|spe|1\n|\n|-weather|Sandstorm|[upkeep]\n|-damage|p1a: Gengar|95/100|[from] Sandstorm\n|-damage|p1b: Whimsicott|95/100|[from] Sandstorm\n|-start|p2b: Excadrill|perish3\n|-start|p1a: Gengar|perish3\n|-start|p1b: Whimsicott|perish3\n|-start|p2a: Tyranitar|perish3\n|upkeep\n|turn|2\n|\n|t:|1776091154\n|move|p1b: Whimsicott|Encore|p2a: Tyranitar\n|-hint|Since gen 7, Dark is immune to Prankster moves.\n|-immune|p2a: Tyranitar\n|move|p2b: Excadrill|Rock Slide|p1a: Gengar|[spread] p1a,p1b\n|-damage|p1a: Gengar|72/100\n|-damage|p1b: Whimsicott|72/100\n|cant|p1a: Gengar|flinch\n|move|p2a: Tyranitar|Rock Slide|p1b: Whimsicott|[spread] p1a,p1b\n|-damage|p1a: Gengar|12/100\n|-damage|p1b: Whimsicott|12/100\n|\n|-weather|Sandstorm|[upkeep]\n|-damage|p1a: Gengar|6/100|[from] Sandstorm\n|-damage|p1b: Whimsicott|6/100|[from] Sandstorm\n|-start|p2b: Excadrill|perish2\n|-start|p1a: Gengar|perish2\n|-start|p2a: Tyranitar|perish2\n|-start|p1b: Whimsicott|perish2\n|upkeep\n|turn|3\n|inactive|Kalaphant has 30 seconds left.\n|inactive|dubsjd has 30 seconds left.\n|inactive|Kalaphant has 20 seconds left.\n|inactive|Kalaphant has 15 seconds left.\n|inactive|Kalaphant has 10 seconds left.\n|\n|t:|1776091200\n|switch|p1a: Incineroar|Incineroar, L50, M|100/100\n|-ability|p1a: Incineroar|Intimidate|boost\n|-unboost|p2a: Tyranitar|atk|1\n|-unboost|p2b: Excadrill|atk|1\n|move|p1b: Whimsicott|Protect|p1b: Whimsicott\n|-singleturn|p1b: Whimsicott|Protect\n|move|p2a: Tyranitar|Protect|p2a: Tyranitar\n|-singleturn|p2a: Tyranitar|Protect\n|move|p2b: Excadrill|Rock Slide|p1b: Whimsicott|[spread] \n|-activate|p1b: Whimsicott|move: Protect\n|-miss|p2b: Excadrill|p1a: Incineroar\n|\n|-weather|Sandstorm|[upkeep]\n|-damage|p1b: Whimsicott|0 fnt|[from] Sandstorm\n|-damage|p1a: Incineroar|95/100|[from] Sandstorm\n|faint|p1b: Whimsicott\n|-start|p2b: Excadrill|perish1\n|-start|p2a: Tyranitar|perish1\n|upkeep\n|\n|t:|1776091217\n|switch|p1b: Gengar|Gengar-Mega, L50, M|6/100\n|turn|4\n|\n|t:|1776091230\n|switch|p1b: Politoed|Politoed, L50, M|100/100\n|-weather|RainDance|[from] ability: Drizzle|[of] p1b: Politoed\n|move|p1a: Incineroar|Fake Out|p2a: Tyranitar\n|-resisted|p2a: Tyranitar|1\n|-damage|p2a: Tyranitar|98/100\n|move|p2b: Excadrill|Rock Slide|p1a: Incineroar|[spread] p1a,p1b\n|-supereffective|p1a: Incineroar|1\n|-damage|p1a: Incineroar|73/100\n|-damage|p1b: Politoed|86/100\n|cant|p2a: Tyranitar|flinch\n|\n|-weather|RainDance|[upkeep]\n|-start|p2b: Excadrill|perish0\n|-start|p2a: Tyranitar|perish0\n|upkeep\n|faint|p2b: Excadrill\n|faint|p2a: Tyranitar\n|\n|t:|1776091243\n|switch|p2b: Incineroar|Incineroar, L50, M, shiny|100/100\n|switch|p2a: Sinistcha|Sinistcha, L50|100/100\n|-ability|p2b: Incineroar|Intimidate|boost\n|-unboost|p1a: Incineroar|atk|1\n|-unboost|p1b: Politoed|atk|1\n|turn|5\n|\n|t:|1776091254\n|move|p2b: Incineroar|Parting Shot|p1b: Politoed\n|-unboost|p1b: Politoed|atk|1\n|-unboost|p1b: Politoed|spa|1\n|move|p2a: Sinistcha|Matcha Gotcha|p1a: Incineroar|[spread] p1a,p1b\n|-resisted|p1a: Incineroar|1\n|-supereffective|p1b: Politoed|1\n|-damage|p1a: Incineroar|61/100\n|-damage|p1b: Politoed|43/100\n|-enditem|p1b: Politoed|Sitrus Berry|[eat]\n|-heal|p1b: Politoed|68/100|[from] item: Sitrus Berry\n|move|p1b: Politoed|Perish Song|p1b: Politoed\n|-start|p1a: Incineroar|perish3|[silent]\n|-start|p1b: Politoed|perish3|[silent]\n|-start|p2a: Sinistcha|perish3|[silent]\n|-start|p2b: Incineroar|perish3|[silent]\n|-fieldactivate|move: Perish Song\n|move|p1a: Incineroar|Parting Shot|p2a: Sinistcha\n|-unboost|p2a: Sinistcha|atk|1\n|-unboost|p2a: Sinistcha|spa|1\n|\n|t:|1776091268\n|switch|p1a: Gengar|Gengar-Mega, L50, M|6/100|[from] Parting Shot\n|\n|-weather|RainDance|[upkeep]\n|-start|p2b: Incineroar|perish3\n|-start|p2a: Sinistcha|perish3\n|-start|p1b: Politoed|perish3\n|upkeep\n|turn|6\n|\n|t:|1776091284\n|move|p1a: Gengar|Protect|p1a: Gengar\n|-singleturn|p1a: Gengar|Protect\n|move|p1b: Politoed|Protect|p1b: Politoed\n|-singleturn|p1b: Politoed|Protect\n|move|p2b: Incineroar|Throat Chop|p1a: Gengar\n|-activate|p1a: Gengar|move: Protect\n|move|p2a: Sinistcha|Matcha Gotcha|p1b: Politoed|[spread] \n|-activate|p1a: Gengar|move: Protect\n|-activate|p1b: Politoed|move: Protect\n|\n|-weather|RainDance|[upkeep]\n|-start|p2b: Incineroar|perish2\n|-start|p2a: Sinistcha|perish2\n|-start|p1b: Politoed|perish2\n|upkeep\n|turn|7\n|\n|t:|1776091304\n|switch|p1a: Incineroar|Incineroar, L50, M|61/100\n|-ability|p1a: Incineroar|Intimidate|boost\n|-unboost|p2a: Sinistcha|atk|1\n|-unboost|p2b: Incineroar|atk|1\n|move|p2b: Incineroar|Throat Chop|p1a: Incineroar\n|-resisted|p1a: Incineroar|1\n|-damage|p1a: Incineroar|50/100\n|-start|p1a: Incineroar|Throat Chop|[silent]\n|move|p2a: Sinistcha|Matcha Gotcha|p1b: Politoed|[spread] p1a,p1b\n|-resisted|p1a: Incineroar|1\n|-supereffective|p1b: Politoed|1\n|-damage|p1a: Incineroar|43/100\n|-damage|p1b: Politoed|36/100\n|-status|p1b: Politoed|brn\n|move|p1b: Politoed|Weather Ball|p2b: Incineroar\n|-supereffective|p2b: Incineroar|1\n|-crit|p2b: Incineroar\n|-damage|p2b: Incineroar|0 fnt\n|faint|p2b: Incineroar\n|\n|-weather|RainDance|[upkeep]\n|-damage|p1b: Politoed|30/100 brn|[from] brn\n|-start|p2a: Sinistcha|perish1\n|-start|p1b: Politoed|perish1\n|upkeep\n|turn|8\n|\n|t:|1776091324\n|switch|p1b: Gengar|Gengar-Mega, L50, M|6/100\n|move|p2a: Sinistcha|Matcha Gotcha|p1a: Incineroar|[spread] p1a,p1b\n|-resisted|p1a: Incineroar|1\n|-resisted|p1b: Gengar|1\n|-damage|p1a: Incineroar|35/100\n|-damage|p1b: Gengar|0 fnt\n|faint|p1b: Gengar\n|move|p1a: Incineroar|Flare Blitz|p2a: Sinistcha\n|-supereffective|p2a: Sinistcha|1\n|-enditem|p2a: Sinistcha|Occa Berry|[eat]\n|-enditem|p2a: Sinistcha|Occa Berry|[weaken]\n|-damage|p2a: Sinistcha|80/100\n|-damage|p1a: Incineroar|29/100|[from] Recoil\n|\n|-weather|none\n|-end|p1a: Incineroar|Throat Chop|[silent]\n|-start|p2a: Sinistcha|perish0\n|upkeep\n|faint|p2a: Sinistcha\n|\n|win|Kalaphant\n|raw|Kalaphant's rating: 1150 &rarr; <strong>1168</strong><br />(+18 for winning)\n|raw|dubsjd's rating: 1053 &rarr; <strong>1040</strong><br />(-13 for losing)\n",
  "uploadtime": 1776091324,
  "views": 10,
  "formatid": "gen9championsvgc2026regma",
  "rating": 1040,
  "private": 0,
  "password": null
}