{
  "id": "gen9championsvgc2026regma-2583786910",
  "format": "[Gen 9 Champions] VGC 2026 Reg M-A",
  "players": [
    "bo1scammer",
    "ciberpk"
  ],
  "log": "|j|\u2606bo1scammer\n|j|\u2606ciberpk\n|t:|1776197653\n|gametype|doubles\n|player|p1|bo1scammer|rocketgruntf|1124\n|player|p2|ciberpk|266|1158\n|gen|9\n|tier|[Gen 9 Champions] VGC 2026 Reg M-A\n|rated|\n|rule|Species Clause: Limit one of each Pok\u00e9mon\n|rule|Item Clause: Limit 1 of each item\n|clearpoke\n|poke|p1|Incineroar, L50, M|\n|poke|p1|Floette-Eternal, L50, F|\n|poke|p1|Sneasler, L50, M|\n|poke|p1|Aerodactyl, L50, M|\n|poke|p1|Garchomp, L50, M|\n|poke|p1|Sinistcha, L50|\n|poke|p2|Aegislash, L50, F|\n|poke|p2|Dragonite, L50, M|\n|poke|p2|Sneasler, L50, F|\n|poke|p2|Venusaur, L50, F|\n|poke|p2|Incineroar, L50, F|\n|poke|p2|Basculegion, L50, M|\n|teampreview|4\n|\n|t:|1776197679\n|teamsize|p1|4\n|teamsize|p2|4\n|start\n|switch|p1a: Aerodactyl|Aerodactyl, L50, M|100/100\n|switch|p1b: Garchomp|Garchomp, L50, M, shiny|100/100\n|switch|p2a: Venusaur|Venusaur, L50, F|100/100\n|switch|p2b: Basculegion|Basculegion, L50, M|100/100\n|-ability|p1a: Aerodactyl|Unnerve\n|turn|1\n|inactive|Battle timer is ON: inactive players will automatically lose when time's up. (requested by bo1scammer)\n|\n|t:|1776197699\n|detailschange|p2a: Venusaur|Venusaur-Mega, L50, F\n|-mega|p2a: Venusaur|Venusaur|Venusaurite\n|move|p1b: Garchomp|Outrage|p2a: Venusaur\n|-damage|p2a: Venusaur|44/100\n|move|p2b: Basculegion|Flip Turn|p1a: Aerodactyl\n|-supereffective|p1a: Aerodactyl|1\n|-enditem|p1a: Aerodactyl|Focus Sash\n|-damage|p1a: Aerodactyl|1/100\n|\n|t:|1776197709\n|switch|p2b: Incineroar|Incineroar, L50, F|100/100|[from] Flip Turn\n|-ability|p2b: Incineroar|Intimidate|boost\n|-unboost|p1a: Aerodactyl|atk|1\n|-unboost|p1b: Garchomp|atk|1\n|move|p1a: Aerodactyl|Tailwind|p1a: Aerodactyl\n|-sidestart|p1: bo1scammer|move: Tailwind\n|move|p2a: Venusaur|Leech Seed|p1a: Aerodactyl\n|-start|p1a: Aerodactyl|move: Leech Seed\n|\n|-damage|p1a: Aerodactyl|0 fnt|[from] Leech Seed|[of] p2a: Venusaur\n|-heal|p2a: Venusaur|44/100|[silent]\n|faint|p1a: Aerodactyl\n|upkeep\n|\n|t:|1776197720\n|switch|p1a: Incineroar|Incineroar, L50, M|100/100\n|-ability|p1a: Incineroar|Intimidate|boost\n|-unboost|p2a: Venusaur|atk|1\n|-unboost|p2b: Incineroar|atk|1\n|turn|2\n|\n|t:|1776197745\n|move|p2b: Incineroar|Fake Out|p1b: Garchomp\n|-damage|p1b: Garchomp|93/100\n|-damage|p2b: Incineroar|88/100|[from] ability: Rough Skin|[of] p1b: Garchomp\n|cant|p1b: Garchomp|flinch\n|move|p1a: Incineroar|Flare Blitz|p2a: Venusaur\n|-supereffective|p2a: Venusaur|1\n|-damage|p2a: Venusaur|4/100\n|-damage|p1a: Incineroar|89/100|[from] Recoil\n|move|p2a: Venusaur|Leech Seed|p1a: Incineroar\n|-start|p1a: Incineroar|move: Leech Seed\n|\n|-damage|p1a: Incineroar|76/100|[from] Leech Seed|[of] p2a: Venusaur\n|-heal|p2a: Venusaur|18/100|[silent]\n|upkeep\n|turn|3\n|\n|t:|1776197765\n|switch|p1a: Sneasler|Sneasler, L50, M|100/100\n|move|p2a: Venusaur|Protect|p2a: Venusaur\n|-singleturn|p2a: Venusaur|Protect\n|move|p1b: Garchomp|Outrage|p2a: Venusaur\n|-activate|p2a: Venusaur|move: Protect\n|move|p2b: Incineroar|Parting Shot|p1b: Garchomp\n|-unboost|p1b: Garchomp|atk|1\n|-unboost|p1b: Garchomp|spa|1\n|inactive|ciberpk has 30 seconds left.\n|inactive|ciberpk has 20 seconds left.\n|\n|t:|1776197805\n|switch|p2b: Aegislash|Aegislash, L50, F|100/100|[from] Parting Shot\n|\n|upkeep\n|turn|4\n|\n|t:|1776197819\n|switch|p1b: Incineroar|Incineroar, L50, M|76/100\n|-ability|p1b: Incineroar|Intimidate|boost\n|-unboost|p2a: Venusaur|atk|1\n|-unboost|p2b: Aegislash|atk|1\n|switch|p2a: Incineroar|Incineroar, L50, F|88/100\n|-ability|p2a: Incineroar|Intimidate|boost\n|-unboost|p1a: Sneasler|atk|1\n|-unboost|p1b: Incineroar|atk|1\n|-enditem|p1a: Sneasler|White Herb\n|-clearnegativeboost|p1a: Sneasler|[silent]\n|move|p1a: Sneasler|Dire Claw|p2a: Incineroar\n|-damage|p2a: Incineroar|51/100\n|-status|p2a: Incineroar|par\n|-enditem|p2a: Incineroar|Lum Berry|[eat]\n|-curestatus|p2a: Incineroar|par|[msg]\n|-formechange|p2b: Aegislash|Aegislash-Blade|\n|move|p2b: Aegislash|Shadow Ball|p1a: Sneasler\n|-damage|p1a: Sneasler|35/100\n|\n|-sideend|p1: bo1scammer|move: Tailwind\n|upkeep\n|turn|5\n|inactive|bo1scammer has 30 seconds left.\n|inactive|ciberpk has 30 seconds left.\n|inactive|bo1scammer has 20 seconds left.\n|inactive|ciberpk has 20 seconds left.\n|\n|t:|1776197858\n|move|p2a: Incineroar|Fake Out|p1b: Incineroar\n|-damage|p1b: Incineroar|66/100\n|move|p2b: Aegislash|Shadow Sneak|p1a: Sneasler\n|-damage|p1a: Sneasler|13/100\n|move|p1a: Sneasler|Close Combat|p2a: Incineroar\n|-supereffective|p2a: Incineroar|1\n|-damage|p2a: Incineroar|0 fnt\n|-unboost|p1a: Sneasler|def|1\n|-unboost|p1a: Sneasler|spd|1\n|faint|p2a: Incineroar\n|cant|p1b: Incineroar|flinch\n|\n|upkeep\n|\n|t:|1776197870\n|switch|p2a: Basculegion|Basculegion, L50, M|100/100\n|turn|6\n|\n|t:|1776197893\n|move|p2a: Basculegion|Aqua Jet|p1b: Incineroar\n|-supereffective|p1b: Incineroar|1\n|-crit|p1b: Incineroar\n|-damage|p1b: Incineroar|0 fnt\n|faint|p1b: Incineroar\n|move|p2b: Aegislash|Shadow Sneak|p1a: Sneasler\n|-damage|p1a: Sneasler|0 fnt\n|faint|p1a: Sneasler\n|\n|upkeep\n|\n|t:|1776197900\n|switch|p1a: Garchomp|Garchomp, L50, M, shiny|93/100\n|turn|7\n|\n|t:|1776197909\n|move|p2a: Basculegion|Aqua Jet|p1a: Garchomp\n|-damage|p1a: Garchomp|66/100\n|-damage|p2a: Basculegion|88/100|[from] ability: Rough Skin|[of] p1a: Garchomp\n|move|p1a: Garchomp|Earthquake|p2b: Aegislash|[spread] p2a,p2b\n|-supereffective|p2b: Aegislash|1\n|-damage|p2a: Basculegion|33/100\n|-damage|p2b: Aegislash|0 fnt\n|faint|p2b: Aegislash\n|\n|upkeep\n|\n|t:|1776197917\n|switch|p2b: Venusaur|Venusaur-Mega, L50, F|18/100\n|turn|8\n|\n|t:|1776197928\n|move|p2b: Venusaur|Protect|p2b: Venusaur\n|-singleturn|p2b: Venusaur|Protect\n|move|p2a: Basculegion|Aqua Jet|p1a: Garchomp\n|-damage|p1a: Garchomp|39/100\n|-damage|p2a: Basculegion|20/100|[from] ability: Rough Skin|[of] p1a: Garchomp\n|move|p1a: Garchomp|Earthquake|p2a: Basculegion|[spread] p2a\n|-activate|p2b: Venusaur|move: Protect\n|-damage|p2a: Basculegion|0 fnt\n|faint|p2a: Basculegion\n|\n|upkeep\n|turn|9\n|\n|t:|1776197941\n|move|p1a: Garchomp|Earthquake|p2b: Venusaur\n|-damage|p2b: Venusaur|0 fnt\n|faint|p2b: Venusaur\n|\n|win|bo1scammer\n|raw|bo1scammer's rating: 1124 &rarr; <strong>1151</strong><br />(+27 for winning)\n|raw|ciberpk's rating: 1158 &rarr; <strong>1131</strong><br />(-27 for losing)\n",
  "uploadtime": 1776197941,
  "views": 17,
  "formatid": "gen9championsvgc2026regma",
  "rating": 1131,
  "private": 0,
  "password": null
}