{
  "id": "gen9championsvgc2026regma-2584716339",
  "format": "[Gen 9 Champions] VGC 2026 Reg M-A",
  "players": [
    "isabellissima",
    "thebistybear"
  ],
  "log": "|j|\u2606isabellissima\n|j|\u2606thebistybear\n|t:|1776278700\n|gametype|doubles\n|player|p1|isabellissima|2|1085\n|player|p2|thebistybear|102|1117\n|gen|9\n|tier|[Gen 9 Champions] VGC 2026 Reg M-A\n|rated|\n|rule|Species Clause: Limit one of each Pok\u00e9mon\n|rule|Item Clause: Limit 1 of each item\n|clearpoke\n|poke|p1|Incineroar, L50, M|\n|poke|p1|Gengar, L50, M|\n|poke|p1|Sneasler, L50, F|\n|poke|p1|Maushold-Four, L50|\n|poke|p1|Kommo-o, L50, F|\n|poke|p1|Politoed, L50, F|\n|poke|p2|Palafin, L50, M|\n|poke|p2|Pelipper, L50, M|\n|poke|p2|Dragonite, L50, M|\n|poke|p2|Archaludon, L50, M|\n|poke|p2|Meowstic, L50, M|\n|poke|p2|Sinistcha, L50|\n|teampreview|4\n|inactive|Battle timer is ON: inactive players will automatically lose when time's up. (requested by isabellissima)\n|inactive|thebistybear has 60 seconds left.\n|\n|t:|1776278747\n|teamsize|p1|4\n|teamsize|p2|4\n|start\n|switch|p1a: Incineroar|Incineroar, L50, M, shiny|100/100\n|switch|p1b: Gengar|Gengar, L50, M, shiny|100/100\n|switch|p2a: Meowstic|Meowstic, L50, M|100/100\n|switch|p2b: Archaludon|Archaludon, L50, M|100/100\n|-ability|p1a: Incineroar|Intimidate|boost\n|-unboost|p2a: Meowstic|atk|1\n|-unboost|p2b: Archaludon|atk|1\n|-enditem|p2b: Archaludon|White Herb\n|-clearnegativeboost|p2b: Archaludon|[silent]\n|turn|1\n|inactive|isabellissima has 30 seconds left.\n|\n|t:|1776278774\n|detailschange|p1b: Gengar|Gengar-Mega, L50, M, shiny\n|-mega|p1b: Gengar|Gengar|Gengarite\n|move|p2a: Meowstic|Fake Out|p1a: Incineroar\n|-damage|p1a: Incineroar|98/100\n|cant|p1a: Incineroar|flinch\n|move|p1b: Gengar|Perish Song|p1b: Gengar\n|-start|p1a: Incineroar|perish3|[silent]\n|-start|p1b: Gengar|perish3|[silent]\n|-start|p2a: Meowstic|perish3|[silent]\n|-start|p2b: Archaludon|perish3|[silent]\n|-fieldactivate|move: Perish Song\n|move|p2b: Archaludon|Draco Meteor|p1b: Gengar\n|-damage|p1b: Gengar|27/100\n|-unboost|p2b: Archaludon|spa|2\n|\n|-start|p1b: Gengar|perish3\n|-start|p2b: Archaludon|perish3\n|-start|p2a: Meowstic|perish3\n|-start|p1a: Incineroar|perish3\n|upkeep\n|turn|2\n|inactive|thebistybear has 30 seconds left.\n|\n|t:|1776278807\n|move|p1b: Gengar|Protect|p1b: Gengar\n|-singleturn|p1b: Gengar|Protect\n|move|p1a: Incineroar|Protect|p1a: Incineroar\n|-singleturn|p1a: Incineroar|Protect\n|move|p2a: Meowstic|Rain Dance|p2a: Meowstic\n|-weather|RainDance\n|move|p2b: Archaludon|Electro Shot||[still]\n|-prepare|p2b: Archaludon|Electro Shot\n|-boost|p2b: Archaludon|spa|1\n|-anim|p2b: Archaludon|Electro Shot|p1a: Incineroar\n|-activate|p1a: Incineroar|move: Protect\n|\n|-weather|RainDance|[upkeep]\n|-start|p1b: Gengar|perish2\n|-start|p2b: Archaludon|perish2\n|-start|p2a: Meowstic|perish2\n|-start|p1a: Incineroar|perish2\n|upkeep\n|turn|3\n|inactive|thebistybear has 30 seconds left.\n|inactive|thebistybear has 20 seconds left.\n|\n|t:|1776278843\n|switch|p1b: Maushold|Maushold-Four, L50|100/100\n|move|p2a: Meowstic|Fake Tears|p1b: Maushold\n|-unboost|p1b: Maushold|spd|2\n|move|p2b: Archaludon|Electro Shot||[still]\n|-prepare|p2b: Archaludon|Electro Shot\n|-boost|p2b: Archaludon|spa|1\n|-anim|p2b: Archaludon|Electro Shot|p1a: Incineroar\n|-damage|p1a: Incineroar|65/100\n|move|p1a: Incineroar|Parting Shot|p2a: Meowstic\n|-unboost|p2a: Meowstic|atk|1\n|-unboost|p2a: Meowstic|spa|1\n|\n|t:|1776278854\n|switch|p1a: Gengar|Gengar-Mega, L50, M, shiny|27/100|[from] Parting Shot\n|\n|-weather|RainDance|[upkeep]\n|-start|p2b: Archaludon|perish1\n|-start|p2a: Meowstic|perish1\n|upkeep\n|turn|4\n|\n|t:|1776278874\n|move|p1b: Maushold|Protect|p1b: Maushold\n|-singleturn|p1b: Maushold|Protect\n|move|p1a: Gengar|Protect|p1a: Gengar\n|-singleturn|p1a: Gengar|Protect\n|move|p2a: Meowstic|Fake Tears|p1b: Maushold\n|-activate|p1b: Maushold|move: Protect\n|move|p2b: Archaludon|Draco Meteor|p1a: Gengar\n|-activate|p1a: Gengar|move: Protect\n|\n|-weather|RainDance|[upkeep]\n|-start|p2b: Archaludon|perish0\n|-start|p2a: Meowstic|perish0\n|faint|p2b: Archaludon\n|faint|p2a: Meowstic\n|upkeep\n|\n|t:|1776278878\n|switch|p2b: Dragonite|Dragonite, L50, M|100/100\n|switch|p2a: Pelipper|Pelipper, L50, M|100/100\n|turn|5\n|\n|t:|1776278903\n|detailschange|p2b: Dragonite|Dragonite-Mega, L50, M\n|-mega|p2b: Dragonite|Dragonite|Dragoninite\n|move|p2a: Pelipper|Wide Guard|p2a: Pelipper\n|-singleturn|p2a: Pelipper|Wide Guard\n|move|p1b: Maushold|Follow Me|p1b: Maushold\n|-singleturn|p1b: Maushold|move: Follow Me\n|move|p1a: Gengar|Perish Song|p1a: Gengar\n|-start|p1a: Gengar|perish3|[silent]\n|-start|p1b: Maushold|perish3|[silent]\n|-start|p2a: Pelipper|perish3|[silent]\n|-start|p2b: Dragonite|perish3|[silent]\n|-fieldactivate|move: Perish Song\n|move|p2b: Dragonite|Hurricane|p1b: Maushold\n|-damage|p1b: Maushold|0 fnt\n|faint|p1b: Maushold\n|\n|-weather|RainDance|[upkeep]\n|-start|p1a: Gengar|perish3\n|-start|p2b: Dragonite|perish3\n|-start|p2a: Pelipper|perish3\n|upkeep\n|\n|t:|1776278924\n|switch|p1b: Incineroar|Incineroar, L50, M, shiny|65/100\n|-ability|p1b: Incineroar|Intimidate|boost\n|-unboost|p2a: Pelipper|atk|1\n|-unboost|p2b: Dragonite|atk|1\n|turn|6\n|\n|t:|1776278938\n|move|p1a: Gengar|Protect|p1a: Gengar\n|-singleturn|p1a: Gengar|Protect\n|move|p1b: Incineroar|Protect|p1b: Incineroar\n|-singleturn|p1b: Incineroar|Protect\n|move|p2b: Dragonite|Hurricane|p1b: Incineroar\n|-activate|p1b: Incineroar|move: Protect\n|move|p2a: Pelipper|Hydro Pump|p1b: Incineroar\n|-activate|p1b: Incineroar|move: Protect\n|\n|-weather|none\n|-start|p1a: Gengar|perish2\n|-start|p2b: Dragonite|perish2\n|-start|p2a: Pelipper|perish2\n|upkeep\n|turn|7\n|inactive|isabellissima has 30 seconds left.\n|\n|t:|1776278963\n|switch|p1a: Kommo-o|Kommo-o, L50, F, shiny|100/100\n|move|p2b: Dragonite|Hurricane|p1a: Kommo-o\n|-supereffective|p1a: Kommo-o|1\n|-damage|p1a: Kommo-o|0 fnt\n|faint|p1a: Kommo-o\n|move|p2a: Pelipper|Hydro Pump|p1b: Incineroar\n|-supereffective|p1b: Incineroar|1\n|-damage|p1b: Incineroar|0 fnt\n|faint|p1b: Incineroar\n|\n|-start|p2b: Dragonite|perish1\n|-start|p2a: Pelipper|perish1\n|upkeep\n|\n|t:|1776278973\n|switch|p1a: Gengar|Gengar-Mega, L50, M, shiny|27/100\n|turn|8\n|\n|t:|1776278980\n|move|p1a: Gengar|Protect|p1a: Gengar\n|-singleturn|p1a: Gengar|Protect\n|move|p2b: Dragonite|Draco Meteor|p1a: Gengar\n|-activate|p1a: Gengar|move: Protect\n|move|p2a: Pelipper|Hydro Pump|p1a: Gengar\n|-activate|p1a: Gengar|move: Protect\n|\n|-start|p2b: Dragonite|perish0\n|-start|p2a: Pelipper|perish0\n|faint|p2b: Dragonite\n|faint|p2a: Pelipper\n|\n|win|isabellissima\n|raw|isabellissima's rating: 1085 &rarr; <strong>1115</strong><br />(+30 for winning)\n|raw|thebistybear's rating: 1117 &rarr; <strong>1090</strong><br />(-27 for losing)\n|l|\u2606thebistybear\n|player|p2|\n",
  "uploadtime": 1776278989,
  "views": 52,
  "formatid": "gen9championsvgc2026regma",
  "rating": 1090,
  "private": 0,
  "password": null
}