{
  "id": "gen9championsvgc2026regma-2580336088",
  "format": "[Gen 9 Champions] VGC 2026 Reg M-A",
  "players": [
    "BorosBrewer",
    "PolitoedReal"
  ],
  "log": "|j|\u2606BorosBrewer\n|j|\u2606PolitoedReal\n|t:|1775881996\n|gametype|doubles\n|player|p1|BorosBrewer|workerice|1049\n|player|p2|PolitoedReal|266|1116\n|gen|9\n|tier|[Gen 9 Champions] VGC 2026 Reg M-A\n|rated|\n|rule|Species Clause: Limit one of each Pok\u00e9mon\n|rule|Item Clause: Limit 1 of each item\n|clearpoke\n|poke|p1|Glimmora, L50, M|\n|poke|p1|Empoleon, L50, M|\n|poke|p1|Toxicroak, L50, M|\n|poke|p1|Excadrill, L50, M|\n|poke|p1|Tyranitar, L50, M|\n|poke|p1|Dragapult, L50, F|\n|poke|p2|Pelipper, L50, F|\n|poke|p2|Archaludon, L50, F|\n|poke|p2|Dragonite, L50, F|\n|poke|p2|Basculegion, L50, M|\n|poke|p2|Incineroar, L50, M|\n|poke|p2|Sneasler, L50, F|\n|teampreview|4\n|\n|t:|1775882030\n|teamsize|p1|4\n|teamsize|p2|4\n|start\n|switch|p1a: Glimmora|Glimmora, L50, M|100/100\n|switch|p1b: Empoleon|Empoleon, L50, M|100/100\n|switch|p2a: Incineroar|Incineroar, L50, M|100/100\n|switch|p2b: Sneasler|Sneasler, L50, F|100/100\n|-ability|p2a: Incineroar|Intimidate|boost\n|-unboost|p1a: Glimmora|atk|1\n|-unboost|p1b: Empoleon|atk|1\n|-ability|p1b: Empoleon|Competitive|boost\n|-boost|p1b: Empoleon|spa|2\n|turn|1\n|\n|t:|1775882054\n|switch|p1b: Dragapult|Dragapult, L50, F|100/100\n|move|p1a: Glimmora|Protect|p1a: Glimmora\n|-singleturn|p1a: Glimmora|Protect\n|move|p2a: Incineroar|Fake Out|p1b: Dragapult\n|-immune|p1b: Dragapult\n|move|p2b: Sneasler|Close Combat|p1b: Dragapult\n|-immune|p1b: Dragapult\n|\n|upkeep\n|turn|2\n|\n|t:|1775882069\n|detailschange|p1a: Glimmora|Glimmora-Mega, L50, M\n|-mega|p1a: Glimmora|Glimmora|Glimmoranite\n|move|p1b: Dragapult|Dragon Pulse|p2b: Sneasler\n|-damage|p2b: Sneasler|50/100\n|move|p2b: Sneasler|Acrobatics|p1b: Dragapult\n|-crit|p1b: Dragapult\n|-damage|p1b: Dragapult|58/100\n|move|p1a: Glimmora|Power Gem|p2a: Incineroar\n|-supereffective|p2a: Incineroar|1\n|-damage|p2a: Incineroar|0 fnt\n|faint|p2a: Incineroar\n|\n|upkeep\n|\n|t:|1775882094\n|switch|p2a: Pelipper|Pelipper, L50, F|100/100\n|-weather|RainDance|[from] ability: Drizzle|[of] p2a: Pelipper\n|turn|3\n|\n|t:|1775882108\n|switch|p1b: Empoleon|Empoleon, L50, M|100/100\n|move|p2b: Sneasler|Close Combat|p1a: Glimmora\n|-damage|p1a: Glimmora|30/100\n|-unboost|p2b: Sneasler|def|1\n|-unboost|p2b: Sneasler|spd|1\n|-enditem|p2b: Sneasler|White Herb\n|-clearnegativeboost|p2b: Sneasler|[silent]\n|move|p1a: Glimmora|Sludge Wave|p2b: Sneasler|[spread] p2a,p2b\n|-immune|p1b: Empoleon\n|-resisted|p2b: Sneasler|1\n|-damage|p2a: Pelipper|11/100\n|-damage|p2b: Sneasler|6/100\n|move|p2a: Pelipper|Tailwind|p2a: Pelipper\n|-sidestart|p2: PolitoedReal|move: Tailwind\n|\n|-weather|RainDance|[upkeep]\n|upkeep\n|turn|4\n|\n|t:|1775882135\n|move|p1a: Glimmora|Protect|p1a: Glimmora\n|-singleturn|p1a: Glimmora|Protect\n|move|p2b: Sneasler|Close Combat|p1b: Empoleon\n|-supereffective|p1b: Empoleon|1\n|-enditem|p1b: Empoleon|Focus Sash\n|-damage|p1b: Empoleon|1/100\n|-unboost|p2b: Sneasler|def|1\n|-unboost|p2b: Sneasler|spd|1\n|move|p2a: Pelipper|Weather Ball|p1a: Glimmora\n|-activate|p1a: Glimmora|move: Protect\n|move|p1b: Empoleon|Icy Wind|p2a: Pelipper|[spread] p2a,p2b\n|-crit|p2b: Sneasler\n|-damage|p2a: Pelipper|0 fnt\n|-damage|p2b: Sneasler|0 fnt\n|faint|p2a: Pelipper\n|faint|p2b: Sneasler\n|\n|-weather|RainDance|[upkeep]\n|upkeep\n|\n|t:|1775882152\n|switch|p2b: Dragonite|Dragonite, L50, F, shiny|100/100\n|turn|5\n|\n|t:|1775882170\n|detailschange|p2b: Dragonite|Dragonite-Mega, L50, F, shiny\n|-mega|p2b: Dragonite|Dragonite|Dragoninite\n|move|p2b: Dragonite|Thunder|p1a: Glimmora\n|-damage|p1a: Glimmora|0 fnt\n|faint|p1a: Glimmora\n|move|p1b: Empoleon|Icy Wind|p2b: Dragonite\n|-supereffective|p2b: Dragonite|2\n|-damage|p2b: Dragonite|66/100\n|-unboost|p2b: Dragonite|spe|1\n|\n|-weather|RainDance|[upkeep]\n|upkeep\n|\n|t:|1775882181\n|switch|p1a: Toxicroak|Toxicroak, L50, M|100/100\n|turn|6\n|\n|t:|1775882191\n|move|p1a: Toxicroak|Fake Out|p2b: Dragonite\n|-damage|p2b: Dragonite|54/100\n|cant|p2b: Dragonite|flinch\n|move|p1b: Empoleon|Icy Wind|p2b: Dragonite\n|-supereffective|p2b: Dragonite|2\n|-damage|p2b: Dragonite|0 fnt\n|faint|p2b: Dragonite\n|\n|win|BorosBrewer\n|raw|BorosBrewer's rating: 1049 &rarr; <strong>1088</strong><br />(+39 for winning)\n|raw|PolitoedReal's rating: 1116 &rarr; <strong>1086</strong><br />(-30 for losing)\n|l|\u2606PolitoedReal\n|player|p2|\n",
  "uploadtime": 1775882203,
  "views": 12,
  "formatid": "gen9championsvgc2026regma",
  "rating": 1086,
  "private": 0,
  "password": null
}