{
  "id": "gen9championsvgc2026regma-2587652298",
  "format": "[Gen 9 Champions] VGC 2026 Reg M-A",
  "players": [
    "SunTufo",
    "Ran613"
  ],
  "log": "|j|\u2606SunTufo\n|j|\u2606Ran613\n|t:|1776550591\n|gametype|doubles\n|player|p1|SunTufo|li|1300\n|player|p2|Ran613|preschooler|1396\n|gen|9\n|tier|[Gen 9 Champions] VGC 2026 Reg M-A\n|rated|\n|rule|Species Clause: Limit one of each Pok\u00e9mon\n|rule|Item Clause: Limit 1 of each item\n|clearpoke\n|poke|p1|Froslass, L50, F, shiny|\n|poke|p1|Milotic, L50, F, shiny|\n|poke|p1|Aerodactyl, L50, M, shiny|\n|poke|p1|Rotom-Frost, L50, shiny|\n|poke|p1|Garchomp, L50, M, shiny|\n|poke|p1|Sneasler, L50, F|\n|poke|p2|Aggron, L50, M|\n|poke|p2|Sinistcha, L50|\n|poke|p2|Farigiraf, L50, F|\n|poke|p2|Tyranitar, L50, F|\n|poke|p2|Milotic, L50, F|\n|poke|p2|Sneasler, L50, F|\n|teampreview|4\n|inactive|Battle timer is ON: inactive players will automatically lose when time's up. (requested by Ran613)\n|inactive|SunTufo also wants the timer to be on.\n|inactive|SunTufo has 60 seconds left.\n|inactive|Ran613 has 60 seconds left.\n|\n|t:|1776550641\n|teamsize|p1|4\n|teamsize|p2|4\n|start\n|switch|p1a: Sneasler|Sneasler, L50, F|100/100\n|switch|p1b: Garchomp|Garchomp, L50, M, shiny|100/100\n|switch|p2a: Milotic|Milotic, L50, F|100/100\n|switch|p2b: Farigiraf|Farigiraf, L50, F|100/100\n|turn|1\n|\n|t:|1776550651\n|move|p2a: Milotic|Protect|p2a: Milotic\n|-singleturn|p2a: Milotic|Protect\n|move|p1a: Sneasler|Close Combat|p2b: Farigiraf\n|-damage|p2b: Farigiraf|42/100\n|-unboost|p1a: Sneasler|def|1\n|-unboost|p1a: Sneasler|spd|1\n|-enditem|p1a: Sneasler|White Herb\n|-clearnegativeboost|p1a: Sneasler|[silent]\n|move|p1b: Garchomp|Stomping Tantrum|p2b: Farigiraf\n|-damage|p2b: Farigiraf|0 fnt\n|faint|p2b: Farigiraf\n|\n|upkeep\n|\n|t:|1776550669\n|switch|p2b: Tyranitar|Tyranitar, L50, F|100/100\n|-weather|Sandstorm|[from] ability: Sand Stream|[of] p2b: Tyranitar\n|turn|2\n|\n|t:|1776550677\n|move|p1a: Sneasler|Protect|p1a: Sneasler\n|-singleturn|p1a: Sneasler|Protect\n|move|p2b: Tyranitar|Protect|p2b: Tyranitar\n|-singleturn|p2b: Tyranitar|Protect\n|move|p1b: Garchomp|Earthquake|p2a: Milotic|[spread] p2a\n|-activate|p1a: Sneasler|move: Protect\n|-activate|p2b: Tyranitar|move: Protect\n|-damage|p2a: Milotic|60/100\n|move|p2a: Milotic|Icy Wind|p1b: Garchomp|[spread] p1b\n|-activate|p1a: Sneasler|move: Protect\n|-supereffective|p1b: Garchomp|2\n|-damage|p1b: Garchomp|55/100\n|-unboost|p1b: Garchomp|spe|1\n|\n|-weather|Sandstorm|[upkeep]\n|-damage|p1a: Sneasler|95/100|[from] Sandstorm\n|-damage|p2a: Milotic|54/100|[from] Sandstorm\n|upkeep\n|turn|3\n|inactive|Ran613 has 30 seconds left.\n|\n|t:|1776550707\n|move|p1a: Sneasler|Dire Claw|p2a: Milotic\n|-damage|p2a: Milotic|18/100\n|-enditem|p2a: Milotic|Sitrus Berry|[eat]\n|-heal|p2a: Milotic|43/100|[from] item: Sitrus Berry\n|move|p2b: Tyranitar|Rock Slide|p1b: Garchomp|[spread] p1a,p1b\n|-resisted|p1a: Sneasler|1\n|-resisted|p1b: Garchomp|1\n|-damage|p1a: Sneasler|69/100\n|-damage|p1b: Garchomp|39/100\n|-enditem|p1b: Garchomp|Sitrus Berry|[eat]\n|-heal|p1b: Garchomp|64/100|[from] item: Sitrus Berry\n|cant|p1b: Garchomp|flinch\n|move|p2a: Milotic|Life Dew||[still]|[spread] p2a,p2b\n|-heal|p2a: Milotic|68/100\n|-fail|p2b: Tyranitar|heal\n|\n|-weather|Sandstorm|[upkeep]\n|-damage|p1a: Sneasler|64/100|[from] Sandstorm\n|-damage|p2a: Milotic|62/100|[from] Sandstorm\n|upkeep\n|turn|4\n|\n|t:|1776550725\n|move|p1a: Sneasler|Protect|p1a: Sneasler\n|-singleturn|p1a: Sneasler|Protect\n|move|p2b: Tyranitar|Protect|p2b: Tyranitar\n|-singleturn|p2b: Tyranitar|Protect\n|move|p1b: Garchomp|Earthquake|p2b: Tyranitar|[spread] p2a\n|-activate|p1a: Sneasler|move: Protect\n|-activate|p2b: Tyranitar|move: Protect\n|-damage|p2a: Milotic|23/100\n|move|p2a: Milotic|Icy Wind|p1a: Sneasler|[spread] p1b\n|-activate|p1a: Sneasler|move: Protect\n|-supereffective|p1b: Garchomp|2\n|-damage|p1b: Garchomp|25/100\n|-unboost|p1b: Garchomp|spe|1\n|\n|-weather|Sandstorm|[upkeep]\n|-damage|p1a: Sneasler|58/100|[from] Sandstorm\n|-damage|p2a: Milotic|17/100|[from] Sandstorm\n|upkeep\n|turn|5\n|\n|t:|1776550738\n|switch|p1b: Milotic|Milotic, L50, F, shiny|100/100\n|move|p1a: Sneasler|Dire Claw|p2a: Milotic\n|-damage|p2a: Milotic|0 fnt\n|faint|p2a: Milotic\n|move|p2b: Tyranitar|Rock Slide|p1b: Milotic|[spread] p1a,p1b\n|-resisted|p1a: Sneasler|1\n|-damage|p1a: Sneasler|35/100\n|-damage|p1b: Milotic|67/100\n|\n|-weather|Sandstorm|[upkeep]\n|-damage|p1a: Sneasler|29/100|[from] Sandstorm\n|-damage|p1b: Milotic|61/100|[from] Sandstorm\n|upkeep\n|\n|t:|1776550741\n|switch|p2a: Aggron|Aggron, L50, M|100/100\n|turn|6\n|\n|t:|1776550755\n|detailschange|p2a: Aggron|Aggron-Mega, L50, M\n|-mega|p2a: Aggron|Aggron|Aggronite\n|move|p1a: Sneasler|Close Combat|p2b: Tyranitar\n|-supereffective|p2b: Tyranitar|2\n|-enditem|p2b: Tyranitar|Focus Sash\n|-damage|p2b: Tyranitar|1/100\n|-unboost|p1a: Sneasler|def|1\n|-unboost|p1a: Sneasler|spd|1\n|move|p1b: Milotic|Recover|p1b: Milotic\n|-heal|p1b: Milotic|100/100\n|move|p2b: Tyranitar|Rock Slide|p1a: Sneasler|[spread] p1a,p1b\n|-resisted|p1a: Sneasler|1\n|-damage|p1a: Sneasler|0 fnt\n|-damage|p1b: Milotic|69/100\n|faint|p1a: Sneasler\n|move|p2a: Aggron|Iron Defense|p2a: Aggron\n|-boost|p2a: Aggron|def|2\n|\n|-weather|none\n|upkeep\n|\n|t:|1776550762\n|switch|p1a: Froslass|Froslass, L50, F, shiny|100/100\n|turn|7\n|inactive|Ran613 has 30 seconds left.\n|inactive|Ran613 has 20 seconds left.\n|\n|t:|1776550797\n|switch|p1a: Garchomp|Garchomp, L50, M, shiny|25/100\n|move|p1b: Milotic|Muddy Water|p2b: Tyranitar|[spread] p2a,p2b\n|-supereffective|p2b: Tyranitar|1\n|-damage|p2a: Aggron|64/100\n|-damage|p2b: Tyranitar|0 fnt\n|-unboost|p2a: Aggron|accuracy|1\n|faint|p2b: Tyranitar\n|move|p2a: Aggron|Heavy Slam|p1a: Garchomp\n|-crit|p1a: Garchomp\n|-damage|p1a: Garchomp|0 fnt\n|-damage|p2a: Aggron|52/100|[from] ability: Rough Skin|[of] p1a: Garchomp\n|faint|p1a: Garchomp\n|\n|upkeep\n|\n|t:|1776550803\n|switch|p1a: Froslass|Froslass, L50, F, shiny|100/100\n|turn|8\n|\n|t:|1776550807\n|detailschange|p1a: Froslass|Froslass-Mega, L50, F, shiny\n|-mega|p1a: Froslass|Froslass|Froslassite\n|-weather|Snowscape|[from] ability: Snow Warning|[of] p1a: Froslass\n|move|p1a: Froslass|Shadow Ball|p2a: Aggron\n|-damage|p2a: Aggron|7/100\n|move|p1b: Milotic|Muddy Water|p2a: Aggron\n|-damage|p2a: Aggron|0 fnt\n|faint|p2a: Aggron\n|\n|win|SunTufo\n|raw|SunTufo's rating: 1300 &rarr; <strong>1332</strong><br />(+32 for winning)\n|raw|Ran613's rating: 1396 &rarr; <strong>1371</strong><br />(-25 for losing)\n",
  "uploadtime": 1776550808,
  "views": 16,
  "formatid": "gen9championsvgc2026regma",
  "rating": 1332,
  "private": 0,
  "password": null
}