{
  "id": "gen9championsvgc2026regma-2588316982",
  "format": "[Gen 9 Champions] VGC 2026 Reg M-A",
  "players": [
    "a slippin jimmy",
    "apfr"
  ],
  "log": "|j|\u2606a slippin jimmy\n|j|\u203dapfr\n|t:|1776623564\n|gametype|doubles\n|player|p1|a slippin jimmy|miku-ghost|1527\n|player|p2|apfr|clown|1534\n|gen|9\n|tier|[Gen 9 Champions] VGC 2026 Reg M-A\n|rated|\n|rule|Species Clause: Limit one of each Pok\u00e9mon\n|rule|Item Clause: Limit 1 of each item\n|clearpoke\n|poke|p1|Gardevoir, L50, M|\n|poke|p1|Garchomp, L50, F|\n|poke|p1|Rotom-Wash, L50|\n|poke|p1|Kingambit, L50, F|\n|poke|p1|Maushold, L50|\n|poke|p1|Dragapult, L50, F|\n|poke|p2|Drampa, L50, F|\n|poke|p2|Klefki, L50, M|\n|poke|p2|Sinistcha, L50|\n|poke|p2|Farigiraf, L50, F|\n|poke|p2|Camerupt, L50, M|\n|poke|p2|Kingambit, L50, F|\n|teampreview|4\n|j| RedPlaysVGC\n|\n|t:|1776623601\n|teamsize|p1|4\n|teamsize|p2|4\n|start\n|switch|p1a: Gardevoir|Gardevoir, L50, M|100/100\n|switch|p1b: Kingambit|Kingambit, L50, F|100/100\n|switch|p2a: Camerupt|Camerupt, L50, M|100/100\n|switch|p2b: Klefki|Klefki, L50, M|100/100\n|turn|1\n|\n|t:|1776623635\n|switch|p1b: Maushold|Maushold, L50|100/100\n|detailschange|p1a: Gardevoir|Gardevoir-Mega, L50, M\n|-mega|p1a: Gardevoir|Gardevoir|Gardevoirite\n|detailschange|p2a: Camerupt|Camerupt-Mega, L50, M\n|-mega|p2a: Camerupt|Camerupt|Cameruptite\n|move|p2a: Camerupt|Flash Cannon|p1a: Gardevoir\n|-supereffective|p1a: Gardevoir|1\n|-crit|p1a: Gardevoir\n|-damage|p1a: Gardevoir|14/100\n|move|p2b: Klefki|Trick Room|p2b: Klefki\n|-fieldstart|move: Trick Room|[of] p2b: Klefki\n|move|p1a: Gardevoir|Trick Room|p1a: Gardevoir\n|-fieldend|move: Trick Room\n|\n|upkeep\n|turn|2\n|l| RedPlaysVGC\n|\n|t:|1776623665\n|move|p1a: Gardevoir|Protect|p1a: Gardevoir\n|-singleturn|p1a: Gardevoir|Protect\n|move|p2b: Klefki|Light Screen|p2b: Klefki\n|-sidestart|p2: apfr|move: Light Screen\n|move|p1b: Maushold|Taunt|p2b: Klefki\n|-start|p2b: Klefki|move: Taunt\n|-enditem|p2b: Klefki|Mental Herb\n|-end|p2b: Klefki|move: Taunt\n|move|p2a: Camerupt|Heat Wave|p1a: Gardevoir|[spread] p1b\n|-activate|p1a: Gardevoir|move: Protect\n|-damage|p1b: Maushold|39/100\n|\n|upkeep\n|turn|3\n|\n|t:|1776623689\n|switch|p1a: Garchomp|Garchomp, L50, F|100/100\n|move|p2b: Klefki|Reflect|p2b: Klefki\n|-sidestart|p2: apfr|Reflect\n|move|p1b: Maushold|Super Fang|p2a: Camerupt\n|-damage|p2a: Camerupt|51/100\n|move|p2a: Camerupt|Heat Wave|p1b: Maushold|[spread] p1a,p1b\n|-resisted|p1a: Garchomp|1\n|-damage|p1a: Garchomp|78/100\n|-damage|p1b: Maushold|0 fnt\n|faint|p1b: Maushold\n|\n|upkeep\n|\n|t:|1776623706\n|switch|p1b: Gardevoir|Gardevoir-Mega, L50, M|14/100\n|turn|4\n|\n|t:|1776623714\n|move|p1b: Gardevoir|Protect|p1b: Gardevoir\n|-singleturn|p1b: Gardevoir|Protect\n|move|p2a: Camerupt|Protect|p2a: Camerupt\n|-singleturn|p2a: Camerupt|Protect\n|move|p1a: Garchomp|Earthquake|p2a: Camerupt|[spread] p2b\n|-activate|p1b: Gardevoir|move: Protect\n|-activate|p2a: Camerupt|move: Protect\n|-supereffective|p2b: Klefki|1\n|-damage|p2b: Klefki|54/100\n|move|p2b: Klefki|Foul Play|p1a: Garchomp\n|-damage|p1a: Garchomp|47/100\n|-damage|p2b: Klefki|41/100|[from] ability: Rough Skin|[of] p1a: Garchomp\n|\n|upkeep\n|turn|5\n|j| huhyuhyuhyuh\n|\n|t:|1776623737\n|switch|p2a: Sinistcha|Sinistcha, L50|100/100\n|-heal|p2b: Klefki|66/100|[from] ability: Hospitality|[of] p2a: Sinistcha\n|move|p1b: Gardevoir|Protect|p1b: Gardevoir\n|-singleturn|p1b: Gardevoir|Protect\n|move|p1a: Garchomp|Earthquake|p2b: Klefki|[spread] p2a,p2b\n|-activate|p1b: Gardevoir|move: Protect\n|-resisted|p2a: Sinistcha|1\n|-supereffective|p2b: Klefki|1\n|-crit|p2b: Klefki\n|-damage|p2a: Sinistcha|88/100\n|-damage|p2b: Klefki|0 fnt\n|faint|p2b: Klefki\n|\n|upkeep\n|\n|t:|1776623747\n|switch|p2b: Camerupt|Camerupt-Mega, L50, M|51/100\n|turn|6\n|\n|t:|1776623753\n|move|p2b: Camerupt|Protect|p2b: Camerupt\n|-singleturn|p2b: Camerupt|Protect\n|move|p1a: Garchomp|Rock Slide|p2b: Camerupt|[spread] \n|-activate|p2b: Camerupt|move: Protect\n|-miss|p1a: Garchomp|p2a: Sinistcha\n|move|p1b: Gardevoir|Hyper Voice|p2a: Sinistcha|[spread] p2a\n|-activate|p2b: Camerupt|move: Protect\n|-damage|p2a: Sinistcha|54/100\n|move|p2a: Sinistcha|Shadow Ball|p1b: Gardevoir\n|-supereffective|p1b: Gardevoir|1\n|-damage|p1b: Gardevoir|0 fnt\n|faint|p1b: Gardevoir\n|\n|-sideend|p2: apfr|move: Light Screen\n|upkeep\n|\n|t:|1776623759\n|switch|p1b: Kingambit|Kingambit, L50, F|100/100\n|turn|7\n|\n|t:|1776623777\n|move|p1b: Kingambit|Protect|p1b: Kingambit\n|-singleturn|p1b: Kingambit|Protect\n|move|p1a: Garchomp|Earthquake|p2a: Sinistcha|[spread] p2a,p2b\n|-activate|p1b: Kingambit|move: Protect\n|-resisted|p2a: Sinistcha|1\n|-supereffective|p2b: Camerupt|1\n|-damage|p2a: Sinistcha|42/100\n|-damage|p2b: Camerupt|0 fnt\n|faint|p2b: Camerupt\n|move|p2a: Sinistcha|Trick Room|p2a: Sinistcha\n|-fieldstart|move: Trick Room|[of] p2a: Sinistcha\n|\n|-sideend|p2: apfr|Reflect\n|upkeep\n|\n|t:|1776623782\n|switch|p2b: Kingambit|Kingambit, L50, F|100/100\n|turn|8\n|\n|t:|1776623805\n|move|p1a: Garchomp|Protect|p1a: Garchomp\n|-singleturn|p1a: Garchomp|Protect\n|move|p2b: Kingambit|Kowtow Cleave|p1b: Kingambit\n|-resisted|p1b: Kingambit|1\n|-damage|p1b: Kingambit|79/100\n|move|p1b: Kingambit|Kowtow Cleave|p2a: Sinistcha\n|-supereffective|p2a: Sinistcha|1\n|-damage|p2a: Sinistcha|0 fnt\n|faint|p2a: Sinistcha\n|\n|upkeep\n|turn|9\n|\n|t:|1776623817\n|move|p2b: Kingambit|Kowtow Cleave|p1a: Garchomp\n|-damage|p1a: Garchomp|0 fnt\n|-damage|p2b: Kingambit|88/100|[from] ability: Rough Skin|[of] p1a: Garchomp\n|faint|p1a: Garchomp\n|move|p1b: Kingambit|Low Kick|p2b: Kingambit\n|-supereffective|p2b: Kingambit|2\n|-damage|p2b: Kingambit|0 fnt\n|faint|p2b: Kingambit\n|\n|win|a slippin jimmy\n|raw|a slippin jimmy's rating: 1527 &rarr; <strong>1547</strong><br />(+20 for winning)\n|raw|apfr's rating: 1534 &rarr; <strong>1514</strong><br />(-20 for losing)\n|l|\u203dapfr\n|player|p2|\n|l|\u2606a slippin jimmy\n|player|p1|\n",
  "uploadtime": 1776623901,
  "views": 10,
  "formatid": "gen9championsvgc2026regma",
  "rating": 1514,
  "private": 0,
  "password": null
}