{
  "id": "gen9championsvgc2026regma-2581048857",
  "format": "[Gen 9 Champions] VGC 2026 Reg M-A",
  "players": [
    "StrawberryBalloons",
    "SilphGambleR"
  ],
  "log": "|j|\u203dStrawberryBalloons\n|j|\u2606SilphGambleR\n|t:|1775955041\n|gametype|doubles\n|player|p1|StrawberryBalloons|fisherman-gen4|1183\n|player|p2|SilphGambleR|hilbert|1265\n|gen|9\n|tier|[Gen 9 Champions] VGC 2026 Reg M-A\n|rated|\n|rule|Species Clause: Limit one of each Pok\u00e9mon\n|rule|Item Clause: Limit 1 of each item\n|clearpoke\n|poke|p1|Floette-Eternal, L50, F|\n|poke|p1|Milotic, L50, M|\n|poke|p1|Venusaur, L50, M|\n|poke|p1|Delphox, L50, F|\n|poke|p1|Whimsicott, L50, F|\n|poke|p1|Slowbro-Galar, L50, M|\n|poke|p2|Archaludon, L50, M|\n|poke|p2|Floette-Eternal, L50, F|\n|poke|p2|Armarouge, L50, F|\n|poke|p2|Gengar, L50, M|\n|poke|p2|Lucario, L50, F|\n|poke|p2|Azumarill, L50, F|\n|teampreview|4\n|inactive|Battle timer is ON: inactive players will automatically lose when time's up. (requested by StrawberryBalloons)\n|inactive|StrawberryBalloons has 60 seconds left.\n|\n|t:|1775955092\n|teamsize|p1|4\n|teamsize|p2|4\n|start\n|switch|p1a: Whimsicott|Whimsicott, L50, F|100/100\n|switch|p1b: Venusaur|Venusaur, L50, M|100/100\n|switch|p2a: Gengar|Gengar, L50, M|100/100\n|switch|p2b: Archaludon|Archaludon, L50, M|100/100\n|turn|1\n|\n|t:|1775955110\n|detailschange|p2a: Gengar|Gengar-Mega, L50, M\n|-mega|p2a: Gengar|Gengar|Gengarite\n|move|p1a: Whimsicott|Sunny Day|p1a: Whimsicott\n|-weather|SunnyDay\n|move|p1b: Venusaur|Growth|p1b: Venusaur\n|-boost|p1b: Venusaur|atk|2\n|-boost|p1b: Venusaur|spa|2\n|move|p2a: Gengar|Sludge Bomb|p1b: Venusaur\n|-damage|p1b: Venusaur|33/100\n|move|p2b: Archaludon|Flash Cannon|p1a: Whimsicott\n|-supereffective|p1a: Whimsicott|1\n|-enditem|p1a: Whimsicott|Babiri Berry|[eat]\n|-enditem|p1a: Whimsicott|Babiri Berry|[weaken]\n|-damage|p1a: Whimsicott|30/100\n|\n|-weather|SunnyDay|[upkeep]\n|upkeep\n|turn|2\n|\n|t:|1775955125\n|move|p2a: Gengar|Protect|p2a: Gengar\n|-singleturn|p2a: Gengar|Protect\n|move|p1a: Whimsicott|Encore|p2b: Archaludon\n|-start|p2b: Archaludon|Encore\n|move|p1b: Venusaur|Earth Power|p2a: Gengar\n|-activate|p2a: Gengar|move: Protect\n|move|p2b: Archaludon|Flash Cannon|p1a: Whimsicott\n|-supereffective|p1a: Whimsicott|1\n|-damage|p1a: Whimsicott|0 fnt\n|faint|p1a: Whimsicott\n|\n|-weather|SunnyDay|[upkeep]\n|upkeep\n|\n|t:|1775955129\n|switch|p1a: Delphox|Delphox, L50, F|100/100\n|turn|3\n|\n|t:|1775955141\n|detailschange|p1a: Delphox|Delphox-Mega, L50, F\n|-mega|p1a: Delphox|Delphox|Delphoxite\n|move|p1b: Venusaur|Earth Power|p2a: Gengar\n|-supereffective|p2a: Gengar|1\n|-damage|p2a: Gengar|0 fnt\n|faint|p2a: Gengar\n|move|p1a: Delphox|Heat Wave|p2b: Archaludon\n|-damage|p2b: Archaludon|0 fnt\n|faint|p2b: Archaludon\n|\n|-weather|SunnyDay|[upkeep]\n|upkeep\n|\n|t:|1775955146\n|switch|p2a: Armarouge|Armarouge, L50, F|100/100\n|switch|p2b: Azumarill|Azumarill, L50, F|100/100\n|turn|4\n|\n|t:|1775955154\n|move|p1a: Delphox|Protect|p1a: Delphox\n|-singleturn|p1a: Delphox|Protect\n|move|p1b: Venusaur|Giga Drain|p2b: Azumarill\n|-supereffective|p2b: Azumarill|1\n|-damage|p2b: Azumarill|0 fnt\n|-heal|p1b: Venusaur|99/100|[from] drain|[of] p2b: Azumarill\n|faint|p2b: Azumarill\n|move|p2a: Armarouge|Armor Cannon|p1b: Venusaur\n|-supereffective|p1b: Venusaur|1\n|-damage|p1b: Venusaur|0 fnt\n|-unboost|p2a: Armarouge|def|1\n|-unboost|p2a: Armarouge|spd|1\n|faint|p1b: Venusaur\n|\n|-weather|SunnyDay|[upkeep]\n|upkeep\n|\n|t:|1775955159\n|switch|p1b: Milotic|Milotic, L50, M|100/100\n|turn|5\n|\n|t:|1775955163\n|move|p1a: Delphox|Psychic|p2a: Armarouge\n|-resisted|p2a: Armarouge|1\n|-damage|p2a: Armarouge|38/100\n|move|p2a: Armarouge|Armor Cannon|p1a: Delphox\n|-resisted|p1a: Delphox|1\n|-damage|p1a: Delphox|52/100\n|-unboost|p2a: Armarouge|def|1\n|-unboost|p2a: Armarouge|spd|1\n|move|p1b: Milotic|Scald|p2a: Armarouge\n|-supereffective|p2a: Armarouge|1\n|-damage|p2a: Armarouge|0 fnt\n|faint|p2a: Armarouge\n|\n|win|StrawberryBalloons\n|raw|StrawberryBalloons's rating: 1183 &rarr; <strong>1214</strong><br />(+31 for winning)\n|raw|SilphGambleR's rating: 1265 &rarr; <strong>1234</strong><br />(-31 for losing)\n",
  "uploadtime": 1775955166,
  "views": 20,
  "formatid": "gen9championsvgc2026regma",
  "rating": 1214,
  "private": 0,
  "password": null
}