{
  "id": "gen9championsvgc2026regma-2587924698",
  "format": "[Gen 9 Champions] VGC 2026 Reg M-A",
  "players": [
    "Lovelees",
    "asubircomolaespuma"
  ],
  "log": "|j|\u2606Lovelees\n|j|\u2606asubircomolaespuma\n|t:|1776579821\n|gametype|doubles\n|player|p1|Lovelees|102|1469\n|player|p2|asubircomolaespuma|102|1565\n|gen|9\n|tier|[Gen 9 Champions] VGC 2026 Reg M-A\n|rated|\n|rule|Species Clause: Limit one of each Pok\u00e9mon\n|rule|Item Clause: Limit 1 of each item\n|clearpoke\n|poke|p1|Kingambit, L50, F|\n|poke|p1|Sneasler, L50, M|\n|poke|p1|Floette-Eternal, L50, F|\n|poke|p1|Aegislash, L50, F|\n|poke|p1|Delphox, L50, F|\n|poke|p1|Basculegion, L50, M|\n|poke|p2|Charizard, L50, F|\n|poke|p2|Basculegion, L50, M|\n|poke|p2|Garchomp, L50, F|\n|poke|p2|Whimsicott, L50, F|\n|poke|p2|Kingambit, L50, M|\n|poke|p2|Sneasler, L50, F|\n|teampreview|4\n|inactive|Battle timer is ON: inactive players will automatically lose when time's up. (requested by asubircomolaespuma)\n|\n|t:|1776579860\n|teamsize|p1|4\n|teamsize|p2|4\n|start\n|switch|p1a: Delphox|Delphox, L50, F|100/100\n|switch|p1b: Aegislash|Aegislash, L50, F|100/100\n|switch|p2a: Whimsicott|Whimsicott, L50, F|100/100\n|switch|p2b: Basculegion|Basculegion, L50, M|100/100\n|turn|1\n|j| Pokuchu\n|\n|t:|1776579881\n|detailschange|p1a: Delphox|Delphox-Mega, L50, F\n|-mega|p1a: Delphox|Delphox|Delphoxite\n|move|p1a: Delphox|Protect|p1a: Delphox\n|-singleturn|p1a: Delphox|Protect\n|move|p2a: Whimsicott|Tailwind|p2a: Whimsicott\n|-sidestart|p2: asubircomolaespuma|move: Tailwind\n|move|p2b: Basculegion|Flip Turn|p1b: Aegislash\n|-damage|p1b: Aegislash|71/100\n|\n|t:|1776579892\n|switch|p2b: Sneasler|Sneasler, L50, F|100/100|[from] Flip Turn\n|-formechange|p1b: Aegislash|Aegislash-Blade|\n|move|p1b: Aegislash|Poltergeist|p2b: Sneasler\n|-activate|p2b: Sneasler|move: Poltergeist|White Herb\n|-damage|p2b: Sneasler|0 fnt\n|faint|p2b: Sneasler\n|\n|upkeep\n|\n|t:|1776579899\n|switch|p2b: Charizard|Charizard, L50, F|100/100\n|turn|2\n|inactive|Lovelees has 30 seconds left.\n|\n|t:|1776579925\n|switch|p1a: Sneasler|Sneasler, L50, M|100/100\n|-ability|p1a: Sneasler|Pressure\n|detailschange|p2b: Charizard|Charizard-Mega-Y, L50, F\n|-mega|p2b: Charizard|Charizard|Charizardite Y\n|-weather|SunnyDay|[from] ability: Drought|[of] p2b: Charizard\n|move|p2a: Whimsicott|Encore||[still]\n|-fail|p2a: Whimsicott\n|move|p1b: Aegislash|Shadow Sneak|p2a: Whimsicott\n|-damage|p2a: Whimsicott|75/100\n|move|p2b: Charizard|Heat Wave|p1a: Sneasler|[spread] p1a,p1b\n|-supereffective|p1b: Aegislash|1\n|-damage|p1a: Sneasler|20/100\n|-damage|p1b: Aegislash|0 fnt\n|faint|p1b: Aegislash\n|\n|-weather|SunnyDay|[upkeep]\n|upkeep\n|\n|t:|1776579940\n|switch|p1b: Delphox|Delphox-Mega, L50, F|100/100\n|turn|3\n|inactive|Lovelees has 30 seconds left.\n|\n|t:|1776579966\n|move|p2b: Charizard|Heat Wave|p1a: Sneasler|[spread] p1a,p1b\n|-resisted|p1b: Delphox|1\n|-damage|p1a: Sneasler|0 fnt\n|-damage|p1b: Delphox|72/100\n|faint|p1a: Sneasler\n|move|p2a: Whimsicott|Moonblast|p1b: Delphox\n|-resisted|p1b: Delphox|1\n|-damage|p1b: Delphox|58/100\n|move|p1b: Delphox|Heat Wave|p2a: Whimsicott|[spread] p2a,p2b\n|-supereffective|p2a: Whimsicott|1\n|-resisted|p2b: Charizard|1\n|-damage|p2a: Whimsicott|0 fnt\n|-damage|p2b: Charizard|74/100\n|faint|p2a: Whimsicott\n|\n|-weather|SunnyDay|[upkeep]\n|upkeep\n|\n|t:|1776579978\n|switch|p1a: Kingambit|Kingambit, L50, F|100/100\n|switch|p2a: Basculegion|Basculegion, L50, M|100/100\n|turn|4\n|\n|t:|1776579989\n|move|p1b: Delphox|Protect|p1b: Delphox\n|-singleturn|p1b: Delphox|Protect\n|move|p1a: Kingambit|Protect|p1a: Kingambit\n|-singleturn|p1a: Kingambit|Protect\n|move|p2a: Basculegion|Last Respects|p1b: Delphox\n|-activate|p1b: Delphox|move: Protect\n|move|p2b: Charizard|Heat Wave|p1b: Delphox|[spread] \n|-activate|p1a: Kingambit|move: Protect\n|-activate|p1b: Delphox|move: Protect\n|\n|-weather|SunnyDay|[upkeep]\n|-sideend|p2: asubircomolaespuma|move: Tailwind\n|upkeep\n|turn|5\n|\n|t:|1776580004\n|move|p1a: Kingambit|Sucker Punch|p2a: Basculegion\n|-supereffective|p2a: Basculegion|1\n|-damage|p2a: Basculegion|0 fnt\n|faint|p2a: Basculegion\n|move|p1b: Delphox|Psychic|p2b: Charizard\n|-damage|p2b: Charizard|35/100\n|move|p2b: Charizard|Heat Wave|p1b: Delphox|[spread] p1a,p1b\n|-supereffective|p1a: Kingambit|1\n|-resisted|p1b: Delphox|1\n|-damage|p1a: Kingambit|0 fnt\n|-damage|p1b: Delphox|28/100\n|faint|p1a: Kingambit\n|\n|-weather|SunnyDay|[upkeep]\n|upkeep\n|turn|6\n|\n|t:|1776580017\n|move|p1b: Delphox|Psychic|p2b: Charizard\n|-damage|p2b: Charizard|0 fnt\n|faint|p2b: Charizard\n|\n|win|Lovelees\n|raw|Lovelees's rating: 1469 &rarr; <strong>1494</strong><br />(+25 for winning)\n|raw|asubircomolaespuma's rating: 1565 &rarr; <strong>1540</strong><br />(-25 for losing)\n",
  "uploadtime": 1776580020,
  "views": 18,
  "formatid": "gen9championsvgc2026regma",
  "rating": 1494,
  "private": 0,
  "password": null
}