{
  "id": "gen9championsvgc2026regma-2584472985",
  "format": "[Gen 9 Champions] VGC 2026 Reg M-A",
  "players": [
    "ku3mmelko3nig",
    "Murphy's kitchen"
  ],
  "log": "|j|\u2606ku3mmelko3nig\n|j|\u2606Murphy's kitchen\n|t:|1776263202\n|gametype|doubles\n|player|p1|ku3mmelko3nig|winona|1329\n|player|p2|Murphy's kitchen|102|1334\n|gen|9\n|tier|[Gen 9 Champions] VGC 2026 Reg M-A\n|rated|\n|rule|Species Clause: Limit one of each Pok\u00e9mon\n|rule|Item Clause: Limit 1 of each item\n|clearpoke\n|poke|p1|Tyranitar, L50, F|\n|poke|p1|Milotic, L50, F|\n|poke|p1|Sinistcha-Masterpiece, L50|\n|poke|p1|Garchomp, L50, F|\n|poke|p1|Aerodactyl, L50, M|\n|poke|p1|Chimecho, L50, F|\n|poke|p2|Ninetales-Alola, L50, M|\n|poke|p2|Glimmora, L50, F|\n|poke|p2|Aegislash, L50, F|\n|poke|p2|Gyarados, L50, F|\n|poke|p2|Kommo-o, L50, F|\n|poke|p2|Scovillain, L50, F|\n|teampreview|4\n|inactive|Battle timer is ON: inactive players will automatically lose when time's up. (requested by ku3mmelko3nig)\n|inactive|ku3mmelko3nig has 60 seconds left.\n|inactive|Murphy's kitchen has 60 seconds left.\n|inactive|Murphy's kitchen has 30 seconds left.\n|\n|t:|1776263265\n|teamsize|p1|4\n|teamsize|p2|4\n|start\n|switch|p1a: Garchomp|Garchomp, L50, F, shiny|100/100\n|switch|p1b: Aerodactyl|Aerodactyl, L50, M, shiny|100/100\n|switch|p2a: Aegislash|Aegislash, L50, F|100/100\n|switch|p2b: Ninetales|Ninetales-Alola, L50, M|100/100\n|-ability|p1b: Aerodactyl|Unnerve\n|-weather|Snowscape|[from] ability: Snow Warning|[of] p2b: Ninetales\n|turn|1\n|\n|t:|1776263285\n|switch|p1b: Tyranitar|Tyranitar, L50, F, shiny|100/100\n|-weather|Sandstorm|[from] ability: Sand Stream|[of] p1b: Tyranitar\n|-formechange|p2a: Aegislash|Aegislash-Blade|\n|move|p2a: Aegislash|Shadow Sneak|p1b: Tyranitar\n|-resisted|p1b: Tyranitar|1\n|-damage|p1b: Tyranitar|89/100\n|move|p2b: Ninetales|Blizzard|p1a: Garchomp|[spread] p1a,p1b\n|-supereffective|p1a: Garchomp|2\n|-damage|p1a: Garchomp|0 fnt\n|-damage|p1b: Tyranitar|74/100\n|-status|p1b: Tyranitar|frz\n|faint|p1a: Garchomp\n|\n|-weather|Sandstorm|[upkeep]\n|-damage|p2b: Ninetales|94/100|[from] Sandstorm\n|upkeep\n|\n|t:|1776263303\n|switch|p1a: Aerodactyl|Aerodactyl, L50, M, shiny|100/100\n|-ability|p1a: Aerodactyl|Unnerve\n|turn|2\n|\n|t:|1776263315\n|switch|p2b: Kommo-o|Kommo-o, L50, F|100/100\n|detailschange|p1b: Tyranitar|Tyranitar-Mega, L50, F, shiny\n|-mega|p1b: Tyranitar|Tyranitar|Tyranitarite\n|-formechange|p2a: Aegislash|Aegislash|\n|move|p2a: Aegislash|King's Shield|p2a: Aegislash\n|-singleturn|p2a: Aegislash|Protect\n|move|p1a: Aerodactyl|Rock Slide|p2b: Kommo-o|[spread] \n|-activate|p2a: Aegislash|move: Protect\n|-miss|p1a: Aerodactyl|p2b: Kommo-o\n|-curestatus|p1b: Tyranitar|frz|[msg]\n|move|p1b: Tyranitar|Knock Off|p2a: Aegislash\n|-activate|p2a: Aegislash|move: Protect\n|-unboost|p1b: Tyranitar|atk|1\n|\n|-weather|Sandstorm|[upkeep]\n|-damage|p2b: Kommo-o|95/100|[from] Sandstorm\n|-heal|p2b: Kommo-o|100/100|[from] item: Leftovers\n|upkeep\n|turn|3\n|inactive|ku3mmelko3nig has 30 seconds left.\n|inactive|Murphy's kitchen has 30 seconds left.\n|inactive|Murphy's kitchen has 20 seconds left.\n|inactive|Murphy's kitchen has 15 seconds left.\n|\n|t:|1776263357\n|move|p1a: Aerodactyl|Tailwind|p1a: Aerodactyl\n|-sidestart|p1: ku3mmelko3nig|move: Tailwind\n|move|p1b: Tyranitar|Knock Off|p2a: Aegislash\n|-supereffective|p2a: Aegislash|1\n|-damage|p2a: Aegislash|32/100\n|-enditem|p2a: Aegislash|Spell Tag|[from] move: Knock Off|[of] p1b: Tyranitar\n|move|p2b: Kommo-o|Clangorous Soul|p2b: Kommo-o\n|-boost|p2b: Kommo-o|atk|1\n|-boost|p2b: Kommo-o|def|1\n|-boost|p2b: Kommo-o|spa|1\n|-boost|p2b: Kommo-o|spd|1\n|-boost|p2b: Kommo-o|spe|1\n|-damage|p2b: Kommo-o|68/100\n|-formechange|p2a: Aegislash|Aegislash-Blade|\n|move|p2a: Aegislash|Iron Head|p1b: Tyranitar\n|-supereffective|p1b: Tyranitar|1\n|-damage|p1b: Tyranitar|16/100\n|\n|-weather|Sandstorm|[upkeep]\n|-damage|p2b: Kommo-o|62/100|[from] Sandstorm\n|-heal|p2b: Kommo-o|68/100|[from] item: Leftovers\n|upkeep\n|turn|4\n|inactive|Murphy's kitchen has 30 seconds left.\n|\n|t:|1776263390\n|move|p2b: Kommo-o|Protect|p2b: Kommo-o\n|-singleturn|p2b: Kommo-o|Protect\n|-formechange|p2a: Aegislash|Aegislash|\n|move|p2a: Aegislash|King's Shield|p2a: Aegislash\n|-singleturn|p2a: Aegislash|Protect\n|move|p1a: Aerodactyl|Dual Wingbeat|p2b: Kommo-o\n|-activate|p2b: Kommo-o|move: Protect\n|move|p1b: Tyranitar|Knock Off|p2a: Aegislash\n|-activate|p2a: Aegislash|move: Protect\n|-unboost|p1b: Tyranitar|atk|1\n|\n|-weather|Sandstorm|[upkeep]\n|-damage|p2b: Kommo-o|62/100|[from] Sandstorm\n|-heal|p2b: Kommo-o|68/100|[from] item: Leftovers\n|upkeep\n|turn|5\n|inactive|Murphy's kitchen has 30 seconds left.\n|\n|t:|1776263423\n|switch|p1b: Sinistcha|Sinistcha-Masterpiece, L50, shiny|100/100\n|move|p1a: Aerodactyl|Dual Wingbeat|p2b: Kommo-o\n|-supereffective|p2b: Kommo-o|1\n|-damage|p2b: Kommo-o|43/100\n|-supereffective|p2b: Kommo-o|1\n|-damage|p2b: Kommo-o|18/100\n|-hitcount|p2b: Kommo-o|2\n|move|p2b: Kommo-o|Clanging Scales|p1b: Sinistcha|[spread] p1a,p1b\n|-damage|p1a: Aerodactyl|52/100\n|-damage|p1b: Sinistcha|41/100\n|-enditem|p1b: Sinistcha|Sitrus Berry|[eat]\n|-heal|p1b: Sinistcha|66/100|[from] item: Sitrus Berry\n|-unboost|p2b: Kommo-o|def|1\n|-formechange|p2a: Aegislash|Aegislash-Blade|\n|move|p2a: Aegislash|Iron Head|p1a: Aerodactyl\n|-supereffective|p1a: Aerodactyl|1\n|-damage|p1a: Aerodactyl|0 fnt\n|faint|p1a: Aerodactyl\n|\n|-weather|none\n|-heal|p2b: Kommo-o|24/100|[from] item: Leftovers\n|upkeep\n|-message|ku3mmelko3nig forfeited.\n|\n|win|Murphy's kitchen\n|raw|ku3mmelko3nig's rating: 1329 &rarr; <strong>1309</strong><br />(-20 for losing)\n|raw|Murphy&apos;s kitchen's rating: 1334 &rarr; <strong>1354</strong><br />(+20 for winning)\n|l|\u2606ku3mmelko3nig\n|player|p1|\n",
  "uploadtime": 1776263449,
  "views": 56,
  "formatid": "gen9championsvgc2026regma",
  "rating": 1309,
  "private": 0,
  "password": null
}