{
  "id": "gen9championsvgc2026regma-2587927759",
  "format": "[Gen 9 Champions] VGC 2026 Reg M-A",
  "players": [
    "fl1me2th3m00n",
    "Marshadow27"
  ],
  "log": "|j|\u2606fl1me2th3m00n\n|j|\u2606Marshadow27\n|t:|1776580270\n|gametype|doubles\n|player|p1|fl1me2th3m00n|1|1432\n|player|p2|Marshadow27|blue-gen3champion|1419\n|gen|9\n|tier|[Gen 9 Champions] VGC 2026 Reg M-A\n|rated|\n|rule|Species Clause: Limit one of each Pok\u00e9mon\n|rule|Item Clause: Limit 1 of each item\n|clearpoke\n|poke|p1|Gengar, L50, F|\n|poke|p1|Politoed, L50, M|\n|poke|p1|Basculegion, L50, M|\n|poke|p1|Incineroar, L50, F|\n|poke|p1|Archaludon, L50, M|\n|poke|p1|Sneasler, L50, M|\n|poke|p2|Greninja, L50, F|\n|poke|p2|Rotom-Wash, L50|\n|poke|p2|Sinistcha, L50|\n|poke|p2|Garchomp, L50, M|\n|poke|p2|Incineroar, L50, M|\n|poke|p2|Orthworm, L50, M|\n|teampreview|4\n|\n|t:|1776580322\n|teamsize|p1|4\n|teamsize|p2|4\n|start\n|switch|p1a: Ginger|Gengar, L50, F|100/100\n|switch|p1b: Politoaoed|Politoed, L50, M|100/100\n|switch|p2a: Incineroar|Incineroar, L50, M|100/100\n|switch|p2b: Orthworm|Orthworm, L50, M|100/100\n|-weather|RainDance|[from] ability: Drizzle|[of] p1b: Politoaoed\n|-ability|p2a: Incineroar|Intimidate|boost\n|-unboost|p1a: Ginger|atk|1\n|-unboost|p1b: Politoaoed|atk|1\n|turn|1\n|inactive|Battle timer is ON: inactive players will automatically lose when time's up. (requested by fl1me2th3m00n)\n|\n|t:|1776580347\n|detailschange|p1a: Ginger|Gengar-Mega, L50, F\n|-mega|p1a: Ginger|Gengar|Gengarite\n|move|p1b: Politoaoed|Helping Hand|p1a: Ginger\n|-singleturn|p1a: Ginger|Helping Hand|[of] p1b: Politoaoed\n|move|p2a: Incineroar|Fake Out|p1b: Politoaoed\n|-damage|p1b: Politoaoed|91/100\n|move|p1a: Ginger|Shadow Ball|p2b: Orthworm\n|-damage|p2b: Orthworm|31/100\n|-enditem|p2b: Orthworm|Sitrus Berry|[eat]\n|-heal|p2b: Orthworm|56/100|[from] item: Sitrus Berry\n|move|p2b: Orthworm|Shed Tail|p2b: Orthworm\n|-start|p2b: Orthworm|Substitute|[from] move: Shed Tail\n|-damage|p2b: Orthworm|6/100\n|\n|t:|1776580359\n|switch|p2b: Garchomp|Garchomp, L50, M|100/100|[from] Shed Tail\n|\n|-weather|RainDance|[upkeep]\n|-heal|p1b: Politoaoed|97/100|[from] item: Leftovers\n|upkeep\n|turn|2\n|inactive|fl1me2th3m00n has 30 seconds left.\n|\n|t:|1776580387\n|move|p1a: Ginger|Protect|p1a: Ginger\n|-singleturn|p1a: Ginger|Protect\n|move|p2b: Garchomp|Swords Dance|p2b: Garchomp\n|-boost|p2b: Garchomp|atk|2\n|move|p1b: Politoaoed|Muddy Water|p2b: Garchomp|[spread] p2a,p2b\n|-end|p2b: Garchomp|Substitute\n|-supereffective|p2a: Incineroar|1\n|-enditem|p2a: Incineroar|Passho Berry|[eat]\n|-enditem|p2a: Incineroar|Passho Berry|[weaken]\n|-damage|p2a: Incineroar|73/100\n|move|p2a: Incineroar|Throat Chop|p1a: Ginger\n|-activate|p1a: Ginger|move: Protect\n|\n|-weather|RainDance|[upkeep]\n|-heal|p1b: Politoaoed|100/100|[from] item: Leftovers\n|upkeep\n|turn|3\n|\n|t:|1776580411\n|move|p2b: Garchomp|Protect|p2b: Garchomp\n|-singleturn|p2b: Garchomp|Protect\n|move|p1a: Ginger|Icy Wind|p2b: Garchomp|[spread] p2a\n|-activate|p2b: Garchomp|move: Protect\n|-resisted|p2a: Incineroar|1\n|-damage|p2a: Incineroar|67/100\n|-unboost|p2a: Incineroar|spe|1\n|move|p1b: Politoaoed|Muddy Water|p2b: Garchomp|[spread] p2a\n|-activate|p2b: Garchomp|move: Protect\n|-supereffective|p2a: Incineroar|1\n|-damage|p2a: Incineroar|11/100\n|-unboost|p2a: Incineroar|accuracy|1\n|move|p2a: Incineroar|Parting Shot|p1a: Ginger\n|-unboost|p1a: Ginger|atk|1\n|-unboost|p1a: Ginger|spa|1\n|\n|t:|1776580420\n|switch|p2a: Rotom|Rotom-Wash, L50|100/100|[from] Parting Shot\n|\n|-weather|RainDance|[upkeep]\n|upkeep\n|turn|4\n|\n|t:|1776580431\n|move|p2a: Rotom|Electroweb|p1b: Politoaoed|[spread] p1a,p1b\n|-supereffective|p1b: Politoaoed|1\n|-damage|p1a: Ginger|80/100\n|-damage|p1b: Politoaoed|73/100\n|-unboost|p1a: Ginger|spe|1\n|-unboost|p1b: Politoaoed|spe|1\n|move|p2b: Garchomp|Earthquake|p1b: Politoaoed|[spread] p1a,p1b\n|-immune|p2a: Rotom|[from] ability: Levitate\n|-supereffective|p1a: Ginger|1\n|-damage|p1a: Ginger|0 fnt\n|-damage|p1b: Politoaoed|0 fnt\n|faint|p1a: Ginger\n|faint|p1b: Politoaoed\n|\n|-weather|RainDance|[upkeep]\n|upkeep\n|\n|t:|1776580442\n|switch|p1a: Bestulegion|Basculegion, L50, M|100/100\n|switch|p1b: Arcalewdon|Archaludon, L50, M|100/100\n|turn|5\n|j| fulimba\n|inactive|Marshadow27 has 30 seconds left.\n|\n|t:|1776580470\n|move|p1a: Bestulegion|Protect|p1a: Bestulegion\n|-singleturn|p1a: Bestulegion|Protect\n|move|p2b: Garchomp|Protect|p2b: Garchomp\n|-singleturn|p2b: Garchomp|Protect\n|move|p2a: Rotom|Electroweb|p1a: Bestulegion|[spread] p1b\n|-activate|p1a: Bestulegion|move: Protect\n|-resisted|p1b: Arcalewdon|1\n|-damage|p1b: Arcalewdon|89/100\n|-unboost|p1b: Arcalewdon|spe|1\n|-ability|p1b: Arcalewdon|Stamina|boost\n|-boost|p1b: Arcalewdon|def|1\n|-enditem|p1b: Arcalewdon|White Herb\n|-clearnegativeboost|p1b: Arcalewdon|[silent]\n|move|p1b: Arcalewdon|Draco Meteor|p2a: Rotom\n|-damage|p2a: Rotom|12/100\n|-unboost|p1b: Arcalewdon|spa|2\n|\n|-weather|none\n|upkeep\n|turn|6\n|inactive|fl1me2th3m00n has 30 seconds left.\n|j| sbpkshowdown\n|inactive|fl1me2th3m00n has 20 seconds left.\n|inactive|fl1me2th3m00n has 15 seconds left.\n|inactive|fl1me2th3m00n has 10 seconds left.\n|inactive|fl1me2th3m00n has 5 seconds left.\n|\n|t:|1776580523\n|switch|p2a: Orthworm|Orthworm, L50, M|6/100\n|move|p2b: Garchomp|Earthquake|p1a: Bestulegion|[spread] p1a,p1b\n|-heal|p2a: Orthworm|31/100|[from] ability: Earth Eater|[of] p2b: Garchomp\n|-supereffective|p1b: Arcalewdon|1\n|-damage|p1a: Bestulegion|16/100\n|-damage|p1b: Arcalewdon|2/100\n|-ability|p1b: Arcalewdon|Stamina|boost\n|-boost|p1b: Arcalewdon|def|1\n|move|p1b: Arcalewdon|Draco Meteor|p2b: Garchomp\n|-supereffective|p2b: Garchomp|1\n|-damage|p2b: Garchomp|25/100\n|-unboost|p1b: Arcalewdon|spa|2\n|move|p1a: Bestulegion|Wave Crash|p2b: Garchomp\n|-damage|p2b: Garchomp|0 fnt\n|-damage|p1a: Bestulegion|4/100|[from] ability: Rough Skin|[of] p2b: Garchomp\n|faint|p2b: Garchomp\n|-damage|p1a: Bestulegion|0 fnt|[from] Recoil\n|faint|p1a: Bestulegion\n|\n|upkeep\n|\n|t:|1776580537\n|switch|p2b: Incineroar|Incineroar, L50, M|11/100\n|-ability|p2b: Incineroar|Intimidate|boost\n|-unboost|p1b: Arcalewdon|atk|1\n|turn|7\n|\n|t:|1776580556\n|move|p1b: Arcalewdon|Protect|p1b: Arcalewdon\n|-singleturn|p1b: Arcalewdon|Protect\n|move|p2b: Incineroar|Fake Out|p1b: Arcalewdon\n|-activate|p1b: Arcalewdon|move: Protect\n|move|p2a: Orthworm|Body Press|p1b: Arcalewdon\n|-activate|p1b: Arcalewdon|move: Protect\n|\n|upkeep\n|turn|8\n|\n|t:|1776580568\n|move|p1b: Arcalewdon|Flash Cannon|p2a: Orthworm\n|-resisted|p2a: Orthworm|1\n|-crit|p2a: Orthworm\n|-damage|p2a: Orthworm|0 fnt\n|faint|p2a: Orthworm\n|move|p2b: Incineroar|Flare Blitz|p1b: Arcalewdon\n|-damage|p1b: Arcalewdon|0 fnt\n|faint|p1b: Arcalewdon\n|-damage|p2b: Incineroar|10/100|[from] Recoil\n|\n|win|Marshadow27\n|raw|fl1me2th3m00n's rating: 1432 &rarr; <strong>1411</strong><br />(-21 for losing)\n|raw|Marshadow27's rating: 1419 &rarr; <strong>1440</strong><br />(+21 for winning)\n|c|\u2606Marshadow27|gg\n|l|\u2606fl1me2th3m00n\n|player|p1|\n|l|\u2606Marshadow27\n|player|p2|\n",
  "uploadtime": 1776580586,
  "views": 13,
  "formatid": "gen9championsvgc2026regma",
  "rating": 1411,
  "private": 0,
  "password": null
}