{
  "id": "gen9championsvgc2026regma-2584404636",
  "format": "[Gen 9 Champions] VGC 2026 Reg M-A",
  "players": [
    "chillerpi2",
    "0_Indrah"
  ],
  "log": "|j|\u2606chillerpi2\n|j|\u203d0_Indrah\n|t:|1776258452\n|gametype|doubles\n|player|p1|chillerpi2|102|1067\n|player|p2|0_Indrah|2|1060\n|gen|9\n|tier|[Gen 9 Champions] VGC 2026 Reg M-A\n|rated|\n|rule|Species Clause: Limit one of each Pok\u00e9mon\n|rule|Item Clause: Limit 1 of each item\n|clearpoke\n|poke|p1|Meganium, L50, F|\n|poke|p1|Pelipper, L50, M|\n|poke|p1|Archaludon, L50, M|\n|poke|p1|Incineroar, L50, M|\n|poke|p1|Farigiraf, L50, M|\n|poke|p1|Drampa, L50, F|\n|poke|p2|Skarmory, L50, F|\n|poke|p2|Raichu, L50, M|\n|poke|p2|Sneasler, L50, F|\n|poke|p2|Incineroar, L50, F|\n|poke|p2|Abomasnow, L50, M|\n|poke|p2|Absol, L50, F|\n|teampreview|4\n|inactive|Battle timer is ON: inactive players will automatically lose when time's up. (requested by 0_Indrah)\n|\n|t:|1776258470\n|teamsize|p1|4\n|teamsize|p2|4\n|start\n|switch|p1a: Pelipper|Pelipper, L50, M|100/100\n|switch|p1b: Archaludon|Archaludon, L50, M|100/100\n|switch|p2a: Skarmory|Skarmory, L50, F|100/100\n|switch|p2b: Raichu|Raichu, L50, M|100/100\n|-weather|RainDance|[from] ability: Drizzle|[of] p1a: Pelipper\n|turn|1\n|\n|t:|1776258493\n|switch|p1a: Incineroar|Incineroar, L50, M|100/100\n|-ability|p1a: Incineroar|Intimidate|boost\n|-unboost|p2a: Skarmory|atk|1\n|-unboost|p2b: Raichu|atk|1\n|detailschange|p2a: Skarmory|Skarmory-Mega, L50, F\n|-mega|p2a: Skarmory|Skarmory|Skarmorite\n|move|p2b: Raichu|Fake Out|p1a: Incineroar\n|-damage|p1a: Incineroar|95/100\n|move|p2a: Skarmory|Swords Dance|p2a: Skarmory\n|-boost|p2a: Skarmory|atk|2\n|move|p1b: Archaludon|Electro Shot||[still]\n|-activate|p2b: Raichu|ability: Lightning Rod\n|-prepare|p1b: Archaludon|Electro Shot\n|-boost|p1b: Archaludon|spa|1\n|-anim|p1b: Archaludon|Electro Shot|p2b: Raichu\n|-ability|p2b: Raichu|Lightning Rod|boost\n|-boost|p2b: Raichu|spa|1\n|\n|-weather|RainDance|[upkeep]\n|upkeep\n|turn|2\n|inactive|0_Indrah has 30 seconds left.\n|\n|t:|1776258521\n|move|p1a: Incineroar|Fake Out|p2a: Skarmory\n|-resisted|p2a: Skarmory|1\n|-damage|p2a: Skarmory|95/100\n|move|p2b: Raichu|Electroweb|p1b: Archaludon|[spread] p1a,p1b\n|-resisted|p1b: Archaludon|1\n|-damage|p1a: Incineroar|71/100\n|-damage|p1b: Archaludon|84/100\n|-unboost|p1a: Incineroar|spe|1\n|-unboost|p1b: Archaludon|spe|1\n|-ability|p1b: Archaludon|Stamina|boost\n|-boost|p1b: Archaludon|def|1\n|cant|p2a: Skarmory|flinch\n|move|p1b: Archaludon|Draco Meteor|p2b: Raichu\n|-enditem|p2b: Raichu|Focus Sash\n|-damage|p2b: Raichu|1/100\n|-unboost|p1b: Archaludon|spa|2\n|\n|-weather|RainDance|[upkeep]\n|-heal|p1b: Archaludon|90/100|[from] item: Leftovers\n|upkeep\n|turn|3\n|inactive|chillerpi2 has 30 seconds left.\n|inactive|0_Indrah has 30 seconds left.\n|\n|t:|1776258548\n|move|p1b: Archaludon|Protect|p1b: Archaludon\n|-singleturn|p1b: Archaludon|Protect\n|move|p2b: Raichu|Encore|p1a: Incineroar\n|-start|p1a: Incineroar|Encore\n|move|p1a: Incineroar|Fake Out||[still]\n|-hint|Fake Out only works on your first turn out.\n|-fail|p1a: Incineroar\n|move|p2a: Skarmory|Rock Slide|p1a: Incineroar|[spread] p1a\n|-activate|p1b: Archaludon|move: Protect\n|-supereffective|p1a: Incineroar|1\n|-damage|p1a: Incineroar|20/100\n|\n|-weather|RainDance|[upkeep]\n|-heal|p1b: Archaludon|96/100|[from] item: Leftovers\n|upkeep\n|turn|4\n|inactive|chillerpi2 has 30 seconds left.\n|\n|t:|1776258579\n|switch|p1a: Pelipper|Pelipper, L50, M|100/100\n|move|p2b: Raichu|Encore|p1b: Archaludon\n|-start|p1b: Archaludon|Encore\n|move|p1b: Archaludon|Protect||[still]\n|-fail|p1b: Archaludon\n|move|p2a: Skarmory|Swords Dance|p2a: Skarmory\n|-boost|p2a: Skarmory|atk|2\n|\n|-weather|RainDance|[upkeep]\n|-heal|p1b: Archaludon|100/100|[from] item: Leftovers\n|upkeep\n|turn|5\n|\n|t:|1776258599\n|move|p2b: Raichu|Protect|p2b: Raichu\n|-singleturn|p2b: Raichu|Protect\n|move|p1b: Archaludon|Protect|p1b: Archaludon\n|-singleturn|p1b: Archaludon|Protect\n|move|p2a: Skarmory|Rock Slide|p1a: Pelipper|[spread] p1a\n|-activate|p1b: Archaludon|move: Protect\n|-supereffective|p1a: Pelipper|1\n|-enditem|p1a: Pelipper|Focus Sash\n|-damage|p1a: Pelipper|1/100\n|move|p1a: Pelipper|Tailwind|p1a: Pelipper\n|-sidestart|p1: chillerpi2|move: Tailwind\n|\n|-weather|none\n|upkeep\n|turn|6\n|inactive|chillerpi2 has 30 seconds left.\n|inactive|0_Indrah has 30 seconds left.\n|inactive|chillerpi2 has 20 seconds left.\n|inactive|0_Indrah has 20 seconds left.\n|\n|t:|1776258638\n|switch|p1a: Incineroar|Incineroar, L50, M|20/100\n|-ability|p1a: Incineroar|Intimidate|boost\n|-unboost|p2a: Skarmory|atk|1\n|-unboost|p2b: Raichu|atk|1\n|move|p1b: Archaludon|Protect|p1b: Archaludon\n|-singleturn|p1b: Archaludon|Protect\n|move|p2b: Raichu|Encore||[still]\n|-fail|p2b: Raichu\n|move|p2a: Skarmory|Swords Dance|p2a: Skarmory\n|-boost|p2a: Skarmory|atk|2\n|\n|-end|p1b: Archaludon|Encore\n|upkeep\n|turn|7\n|\n|t:|1776258662\n|switch|p1b: Pelipper|Pelipper, L50, M|1/100\n|-weather|RainDance|[from] ability: Drizzle|[of] p1b: Pelipper\n|move|p2b: Raichu|Protect|p2b: Raichu\n|-singleturn|p2b: Raichu|Protect\n|move|p1a: Incineroar|Fake Out|p2b: Raichu\n|-activate|p2b: Raichu|move: Protect\n|move|p2a: Skarmory|Rock Slide|p1a: Incineroar|[spread] p1a,p1b\n|-supereffective|p1a: Incineroar|1\n|-supereffective|p1b: Pelipper|1\n|-damage|p1a: Incineroar|0 fnt\n|-damage|p1b: Pelipper|0 fnt\n|faint|p1a: Incineroar\n|faint|p1b: Pelipper\n|\n|-weather|RainDance|[upkeep]\n|upkeep\n|\n|t:|1776258682\n|switch|p1b: Archaludon|Archaludon, L50, M|100/100\n|switch|p1a: Drampa|Drampa, L50, F|100/100\n|turn|8\n|\n|t:|1776258702\n|detailschange|p1a: Drampa|Drampa-Mega, L50, F\n|-mega|p1a: Drampa|Drampa|Drampanite\n|move|p2b: Raichu|Protect|p2b: Raichu\n|-singleturn|p2b: Raichu|Protect\n|move|p1b: Archaludon|Flash Cannon|p2b: Raichu\n|-activate|p2b: Raichu|move: Protect\n|move|p2a: Skarmory|Iron Head|p1a: Drampa\n|-damage|p1a: Drampa|0 fnt\n|faint|p1a: Drampa\n|\n|-weather|RainDance|[upkeep]\n|-sideend|p1: chillerpi2|move: Tailwind\n|upkeep\n|turn|9\n|-message|chillerpi2 forfeited.\n|\n|win|0_Indrah\n|raw|chillerpi2's rating: 1067 &rarr; <strong>1047</strong><br />(-20 for losing)\n|raw|0_Indrah's rating: 1060 &rarr; <strong>1092</strong><br />(+32 for winning)\n|l|\u2606chillerpi2\n|player|p1|\n",
  "uploadtime": 1776258737,
  "views": 38,
  "formatid": "gen9championsvgc2026regma",
  "rating": 1047,
  "private": 0,
  "password": null
}