{
  "id": "gen9championsvgc2026regma-2587046325",
  "format": "[Gen 9 Champions] VGC 2026 Reg M-A",
  "players": [
    "SageDippi",
    "JValexsz"
  ],
  "log": "|j|\u2606SageDippi\n|j|\u2606JValexsz\n|t:|1776486354\n|gametype|doubles\n|player|p1|SageDippi|buck|1090\n|player|p2|JValexsz|steven|1041\n|gen|9\n|tier|[Gen 9 Champions] VGC 2026 Reg M-A\n|rated|\n|rule|Species Clause: Limit one of each Pok\u00e9mon\n|rule|Item Clause: Limit 1 of each item\n|clearpoke\n|poke|p1|Charizard, L50, F|\n|poke|p1|Typhlosion-Hisui, L50, F|\n|poke|p1|Incineroar, L50, F|\n|poke|p1|Garchomp, L50, M|\n|poke|p1|Whimsicott, L50, M|\n|poke|p1|Venusaur, L50, F|\n|poke|p2|Aggron, L50, M|\n|poke|p2|Farigiraf, L50, F|\n|poke|p2|Chandelure, L50, F|\n|poke|p2|Whimsicott, L50, F|\n|poke|p2|Sinistcha, L50|\n|poke|p2|Kommo-o, L50, F|\n|teampreview|4\n|\n|t:|1776486387\n|teamsize|p1|4\n|teamsize|p2|4\n|start\n|switch|p1a: Whimsicott|Whimsicott, L50, M|100/100\n|switch|p1b: Charizard|Charizard, L50, F|100/100\n|switch|p2a: Farigiraf|Farigiraf, L50, F|100/100\n|switch|p2b: Kommo-o|Kommo-o, L50, F|100/100\n|turn|1\n|\n|t:|1776486410\n|detailschange|p1b: Charizard|Charizard-Mega-Y, L50, F\n|-mega|p1b: Charizard|Charizard|Charizardite Y\n|-weather|SunnyDay|[from] ability: Drought|[of] p1b: Charizard\n|move|p1a: Whimsicott|Moonblast|p2a: Farigiraf\n|-damage|p2a: Farigiraf|79/100\n|move|p1b: Charizard|Flamethrower|p2a: Farigiraf\n|-damage|p2a: Farigiraf|5/100\n|move|p2b: Kommo-o|Clangorous Soul|p2b: Kommo-o\n|-boost|p2b: Kommo-o|atk|1\n|-boost|p2b: Kommo-o|def|1\n|-boost|p2b: Kommo-o|spa|1\n|-boost|p2b: Kommo-o|spd|1\n|-boost|p2b: Kommo-o|spe|1\n|-damage|p2b: Kommo-o|68/100\n|move|p2a: Farigiraf|Trick Room|p2a: Farigiraf\n|-fieldstart|move: Trick Room|[of] p2a: Farigiraf\n|\n|-weather|SunnyDay|[upkeep]\n|-heal|p2a: Farigiraf|11/100|[from] item: Leftovers\n|upkeep\n|turn|2\n|\n|t:|1776486437\n|switch|p2a: Sinistcha|Sinistcha, L50|100/100\n|-heal|p2b: Kommo-o|92/100|[from] ability: Hospitality|[of] p2a: Sinistcha\n|switch|p1a: Incineroar|Incineroar, L50, F|100/100\n|-ability|p1a: Incineroar|Intimidate|boost\n|-unboost|p2a: Sinistcha|atk|1\n|-unboost|p2b: Kommo-o|atk|1\n|move|p1b: Charizard|Protect|p1b: Charizard\n|-singleturn|p1b: Charizard|Protect\n|move|p2b: Kommo-o|Clanging Scales|p1b: Charizard|[spread] p1a\n|-activate|p1b: Charizard|move: Protect\n|-damage|p1a: Incineroar|63/100\n|-unboost|p2b: Kommo-o|def|1\n|\n|-weather|SunnyDay|[upkeep]\n|-heal|p1a: Incineroar|69/100|[from] item: Leftovers\n|upkeep\n|turn|3\n|inactive|Battle timer is ON: inactive players will automatically lose when time's up. (requested by SageDippi)\n|\n|t:|1776486471\n|move|p2a: Sinistcha|Protect|p2a: Sinistcha\n|-singleturn|p2a: Sinistcha|Protect\n|move|p1a: Incineroar|Fake Out|p2b: Kommo-o\n|-damage|p2b: Kommo-o|84/100\n|move|p1b: Charizard|Flamethrower|p2a: Sinistcha\n|-activate|p2a: Sinistcha|move: Protect\n|cant|p2b: Kommo-o|flinch\n|\n|-weather|SunnyDay|[upkeep]\n|-heal|p1a: Incineroar|75/100|[from] item: Leftovers\n|upkeep\n|turn|4\n|\n|t:|1776486493\n|switch|p2a: Aggron|Aggron, L50, M|100/100\n|move|p1a: Incineroar|Darkest Lariat|p2b: Kommo-o\n|-resisted|p2b: Kommo-o|1\n|-damage|p2b: Kommo-o|70/100\n|move|p1b: Charizard|Flamethrower|p2a: Aggron\n|-damage|p2a: Aggron|25/100\n|move|p2b: Kommo-o|Aura Sphere|p1a: Incineroar\n|-supereffective|p1a: Incineroar|1\n|-damage|p1a: Incineroar|0 fnt\n|faint|p1a: Incineroar\n|\n|-weather|SunnyDay|[upkeep]\n|upkeep\n|\n|t:|1776486504\n|switch|p1a: Whimsicott|Whimsicott, L50, M|100/100\n|turn|5\n|\n|t:|1776486531\n|detailschange|p2a: Aggron|Aggron-Mega, L50, M\n|-mega|p2a: Aggron|Aggron|Aggronite\n|move|p2a: Aggron|Protect|p2a: Aggron\n|-singleturn|p2a: Aggron|Protect\n|move|p1b: Charizard|Protect|p1b: Charizard\n|-singleturn|p1b: Charizard|Protect\n|move|p2b: Kommo-o|Clanging Scales|p1a: Whimsicott|[spread] \n|-activate|p1b: Charizard|move: Protect\n|-immune|p1a: Whimsicott\n|move|p1a: Whimsicott|Moonblast|p2b: Kommo-o\n|-supereffective|p2b: Kommo-o|2\n|-damage|p2b: Kommo-o|0 fnt\n|faint|p2b: Kommo-o\n|\n|-weather|none\n|-fieldend|move: Trick Room\n|upkeep\n|\n|t:|1776486553\n|switch|p2b: Sinistcha|Sinistcha, L50|100/100\n|-heal|p2a: Aggron|50/100|[from] ability: Hospitality|[of] p2b: Sinistcha\n|turn|6\n|\n|t:|1776486564\n|move|p1a: Whimsicott|Sunny Day|p1a: Whimsicott\n|-weather|SunnyDay\n|move|p1b: Charizard|Heat Wave|p2b: Sinistcha|[spread] p2b\n|-miss|p1b: Charizard|p2a: Aggron\n|-supereffective|p2b: Sinistcha|1\n|-enditem|p2b: Sinistcha|Occa Berry|[eat]\n|-enditem|p2b: Sinistcha|Occa Berry|[weaken]\n|-damage|p2b: Sinistcha|26/100\n|move|p2b: Sinistcha|Shadow Ball|p1b: Charizard\n|-damage|p1b: Charizard|69/100\n|move|p2a: Aggron|Heavy Slam|p1a: Whimsicott\n|-supereffective|p1a: Whimsicott|1\n|-enditem|p1a: Whimsicott|Focus Sash\n|-damage|p1a: Whimsicott|1/100\n|\n|-weather|SunnyDay|[upkeep]\n|upkeep\n|turn|7\n|\n|t:|1776486584\n|move|p1a: Whimsicott|Helping Hand|p1b: Charizard\n|-singleturn|p1b: Charizard|Helping Hand|[of] p1a: Whimsicott\n|move|p2a: Aggron|Protect|p2a: Aggron\n|-singleturn|p2a: Aggron|Protect\n|move|p2b: Sinistcha|Rage Powder|p2b: Sinistcha\n|-singleturn|p2b: Sinistcha|move: Rage Powder\n|move|p1b: Charizard|Heat Wave|p2a: Aggron|[spread] p2b\n|-activate|p2a: Aggron|move: Protect\n|-supereffective|p2b: Sinistcha|1\n|-damage|p2b: Sinistcha|0 fnt\n|faint|p2b: Sinistcha\n|\n|-weather|SunnyDay|[upkeep]\n|upkeep\n|inactive|JValexsz has 30 seconds left.\n|\n|t:|1776486613\n|switch|p2b: Farigiraf|Farigiraf, L50, F|11/100\n|turn|8\n|\n|t:|1776486626\n|move|p1a: Whimsicott|Helping Hand|p1b: Charizard\n|-singleturn|p1b: Charizard|Helping Hand|[of] p1a: Whimsicott\n|move|p1b: Charizard|Heat Wave|p2b: Farigiraf|[spread] p2a,p2b\n|-supereffective|p2a: Aggron|1\n|-damage|p2a: Aggron|0 fnt\n|-damage|p2b: Farigiraf|0 fnt\n|faint|p2a: Aggron\n|faint|p2b: Farigiraf\n|\n|win|SageDippi\n|raw|SageDippi's rating: 1090 &rarr; <strong>1113</strong><br />(+23 for winning)\n|raw|JValexsz's rating: 1041 &rarr; <strong>1027</strong><br />(-14 for losing)\n",
  "uploadtime": 1776486637,
  "views": 12,
  "formatid": "gen9championsvgc2026regma",
  "rating": 1027,
  "private": 0,
  "password": null
}