{
  "id": "gen9championsvgc2026regma-2585216352",
  "format": "[Gen 9 Champions] VGC 2026 Reg M-A",
  "players": [
    "jjskft re",
    "Sharkhy_"
  ],
  "log": "|j|\u2606jjskft re\n|j|\u2606Sharkhy_\n|t:|1776326076\n|gametype|doubles\n|player|p1|jjskft re|emmet|1000\n|player|p2|Sharkhy_|170|1032\n|gen|9\n|tier|[Gen 9 Champions] VGC 2026 Reg M-A\n|rated|\n|rule|Species Clause: Limit one of each Pok\u00e9mon\n|rule|Item Clause: Limit 1 of each item\n|clearpoke\n|poke|p1|Gengar, L50, F|\n|poke|p1|Kangaskhan, L50, F|\n|poke|p1|Archaludon, L50, M|\n|poke|p1|Incineroar, L50, M|\n|poke|p1|Araquanid, L50, M|\n|poke|p1|Vivillon-Pokeball, L50, F|\n|poke|p2|Charizard, L50, F|\n|poke|p2|Maushold-Four, L50|\n|poke|p2|Sneasler, L50, F|\n|poke|p2|Dragapult, L50, F|\n|poke|p2|Kingambit, L50, F|\n|poke|p2|Garchomp, L50, M|\n|teampreview|4\n|inactive|Battle timer is ON: inactive players will automatically lose when time's up. (requested by Sharkhy_)\n|\n|t:|1776326104\n|teamsize|p1|4\n|teamsize|p2|4\n|start\n|switch|p1a: Incineroar|Incineroar, L50, M|100/100\n|switch|p1b: Araquanid|Araquanid, L50, M|100/100\n|switch|p2a: Sneasler|Sneasler, L50, F|100/100\n|switch|p2b: Kingambit|Kingambit, L50, F|100/100\n|-ability|p1a: Incineroar|Intimidate|boost\n|-unboost|p2a: Sneasler|atk|1\n|-unboost|p2b: Kingambit|atk|1\n|-ability|p2b: Kingambit|Defiant|boost\n|-boost|p2b: Kingambit|atk|2\n|turn|1\n|\n|t:|1776326124\n|move|p2b: Kingambit|Protect|p2b: Kingambit\n|-singleturn|p2b: Kingambit|Protect\n|move|p2a: Sneasler|Fake Out|p1b: Araquanid\n|-damage|p1b: Araquanid|90/100\n|move|p1a: Incineroar|Fake Out|p2a: Sneasler\n|-damage|p2a: Sneasler|79/100\n|cant|p1b: Araquanid|flinch\n|\n|upkeep\n|turn|2\n|inactive|jjskft re has 30 seconds left.\n|inactive|Sharkhy_ has 30 seconds left.\n|inactive|jjskft re has 20 seconds left.\n|inactive|jjskft re has 15 seconds left.\n|inactive|jjskft re has 10 seconds left.\n|\n|t:|1776326171\n|move|p2a: Sneasler|Close Combat|p1a: Incineroar\n|-supereffective|p1a: Incineroar|1\n|-damage|p1a: Incineroar|12/100\n|-unboost|p2a: Sneasler|def|1\n|-unboost|p2a: Sneasler|spd|1\n|-enditem|p1a: Incineroar|Sitrus Berry|[eat]\n|-heal|p1a: Incineroar|37/100|[from] item: Sitrus Berry\n|move|p1a: Incineroar|Flare Blitz|p2b: Kingambit\n|-supereffective|p2b: Kingambit|1\n|-damage|p2b: Kingambit|16/100\n|-status|p2b: Kingambit|brn\n|-damage|p1a: Incineroar|5/100|[from] Recoil\n|move|p1b: Araquanid|Sticky Web|p2b: Kingambit\n|-sidestart|p2: Sharkhy_|move: Sticky Web\n|move|p2b: Kingambit|Iron Head|p1b: Araquanid\n|-resisted|p1b: Araquanid|1\n|-damage|p1b: Araquanid|69/100\n|\n|-damage|p2b: Kingambit|10/100 brn|[from] brn\n|upkeep\n|turn|3\n|inactive|Sharkhy_ has 30 seconds left.\n|\n|t:|1776326197\n|move|p2b: Kingambit|Protect|p2b: Kingambit\n|-singleturn|p2b: Kingambit|Protect\n|move|p2a: Sneasler|Dire Claw|p1b: Araquanid\n|-damage|p1b: Araquanid|35/100\n|move|p1a: Incineroar|Parting Shot|p2b: Kingambit\n|-activate|p2b: Kingambit|move: Protect\n|move|p1b: Araquanid|Liquidation|p2a: Sneasler\n|-damage|p2a: Sneasler|0 fnt\n|faint|p2a: Sneasler\n|\n|-damage|p2b: Kingambit|4/100 brn|[from] brn\n|upkeep\n|\n|t:|1776326210\n|switch|p2a: Charizard|Charizard, L50, F|100/100\n|turn|4\n|\n|t:|1776326228\n|detailschange|p2a: Charizard|Charizard-Mega-Y, L50, F\n|-mega|p2a: Charizard|Charizard|Charizardite Y\n|-weather|SunnyDay|[from] ability: Drought|[of] p2a: Charizard\n|move|p1a: Incineroar|Helping Hand|p1b: Araquanid\n|-singleturn|p1b: Araquanid|Helping Hand|[of] p1a: Incineroar\n|move|p2b: Kingambit|Sucker Punch||[still]\n|-fail|p2b: Kingambit\n|move|p2a: Charizard|Heat Wave|p1a: Incineroar|[spread] p1a,p1b\n|-resisted|p1a: Incineroar|1\n|-damage|p1a: Incineroar|0 fnt\n|-damage|p1b: Araquanid|10/100\n|faint|p1a: Incineroar\n|move|p1b: Araquanid|Liquidation|p2a: Charizard\n|-supereffective|p2a: Charizard|1\n|-damage|p2a: Charizard|25/100\n|\n|-weather|SunnyDay|[upkeep]\n|-damage|p2b: Kingambit|0 fnt|[from] brn\n|faint|p2b: Kingambit\n|upkeep\n|\n|t:|1776326243\n|switch|p1a: Gengar|Gengar, L50, F, shiny|100/100\n|switch|p2b: Maushold|Maushold-Four, L50|100/100\n|-activate|p2b: Maushold|move: Sticky Web\n|-unboost|p2b: Maushold|spe|1\n|turn|5\n|\n|t:|1776326259\n|detailschange|p1a: Gengar|Gengar-Mega, L50, F, shiny\n|-mega|p1a: Gengar|Gengar|Gengarite\n|move|p2b: Maushold|Follow Me|p2b: Maushold\n|-singleturn|p2b: Maushold|move: Follow Me\n|move|p1a: Gengar|Focus Blast|p2b: Maushold\n|-supereffective|p2b: Maushold|1\n|-enditem|p2b: Maushold|Chople Berry|[eat]\n|-enditem|p2b: Maushold|Chople Berry|[weaken]\n|-damage|p2b: Maushold|35/100\n|move|p2a: Charizard|Heat Wave|p1b: Araquanid|[spread] p1a,p1b\n|-damage|p1a: Gengar|9/100\n|-damage|p1b: Araquanid|0 fnt\n|faint|p1b: Araquanid\n|\n|-weather|SunnyDay|[upkeep]\n|upkeep\n|\n|t:|1776326269\n|switch|p1b: Archaludon|Archaludon, L50, M|100/100\n|turn|6\n|\n|t:|1776326278\n|move|p2b: Maushold|Follow Me|p2b: Maushold\n|-singleturn|p2b: Maushold|move: Follow Me\n|move|p1a: Gengar|Dazzling Gleam|p2b: Maushold|[spread] p2a,p2b\n|-resisted|p2a: Charizard|1\n|-damage|p2a: Charizard|16/100\n|-damage|p2b: Maushold|4/100\n|move|p2a: Charizard|Heat Wave|p1b: Archaludon|[spread] p1a,p1b\n|-damage|p1a: Gengar|0 fnt\n|-damage|p1b: Archaludon|7/100\n|-ability|p1b: Archaludon|Stamina|boost\n|-boost|p1b: Archaludon|def|1\n|faint|p1a: Gengar\n|move|p1b: Archaludon|Draco Meteor|p2b: Maushold\n|-damage|p2b: Maushold|0 fnt\n|-unboost|p1b: Archaludon|spa|2\n|faint|p2b: Maushold\n|\n|-weather|SunnyDay|[upkeep]\n|-heal|p1b: Archaludon|13/100|[from] item: Leftovers\n|upkeep\n|turn|7\n|\n|t:|1776326302\n|move|p2a: Charizard|Heat Wave|p1b: Archaludon\n|-damage|p1b: Archaludon|0 fnt\n|faint|p1b: Archaludon\n|\n|win|Sharkhy_\n|raw|jjskft re's rating: 1000 &rarr; <strong>1000</strong><br />(+0 for losing)\n|raw|Sharkhy_'s rating: 1032 &rarr; <strong>1064</strong><br />(+32 for winning)\n|l|\u2606jjskft re\n|player|p1|\n",
  "uploadtime": 1776326308,
  "views": 28,
  "formatid": "gen9championsvgc2026regma",
  "rating": 1000,
  "private": 0,
  "password": null
}