{
  "id": "gen9championsvgc2026regma-2588312685",
  "format": "[Gen 9 Champions] VGC 2026 Reg M-A",
  "players": [
    "silveryo321",
    "yyssummer"
  ],
  "log": "|j|\u2606silveryo321\n|j|\u2606yyssummer\n|t:|1776623210\n|gametype|doubles\n|player|p1|silveryo321|ethan|1343\n|player|p2|yyssummer|101|1432\n|gen|9\n|tier|[Gen 9 Champions] VGC 2026 Reg M-A\n|rated|\n|rule|Species Clause: Limit one of each Pok\u00e9mon\n|rule|Item Clause: Limit 1 of each item\n|clearpoke\n|poke|p1|Zoroark-Hisui, L50, M|\n|poke|p1|Whimsicott, L50, F|\n|poke|p1|Gardevoir, L50, F, shiny|\n|poke|p1|Farigiraf, L50, M|\n|poke|p1|Kingambit, L50, M|\n|poke|p1|Sneasler, L50, M|\n|poke|p2|Aerodactyl, L50, M, shiny|\n|poke|p2|Farigiraf, L50, M, shiny|\n|poke|p2|Sneasler, L50, F|\n|poke|p2|Meowscarada, L50, F|\n|poke|p2|Primarina, L50, F, shiny|\n|poke|p2|Camerupt, L50, M, shiny|\n|teampreview|4\n|\n|t:|1776623230\n|teamsize|p1|4\n|teamsize|p2|4\n|start\n|switch|p1a: Whimsicott|Whimsicott, L50, F|100/100\n|switch|p1b: Maiden in Black|Gardevoir, L50, F, shiny|100/100\n|switch|p2a: Sneasler|Sneasler, L50, F|100/100\n|switch|p2b: Aerodactyl|Aerodactyl, L50, M, shiny|100/100\n|-ability|p2b: Aerodactyl|Unnerve\n|turn|1\n|inactive|Battle timer is ON: inactive players will automatically lose when time's up. (requested by silveryo321)\n|\n|t:|1776623275\n|switch|p1b: Sneasler|Sneasler, L50, M|100/100\n|move|p2a: Sneasler|Protect|p2a: Sneasler\n|-singleturn|p2a: Sneasler|Protect\n|move|p1a: Whimsicott|Extrasensory|p2a: Sneasler\n|-activate|p2a: Sneasler|move: Protect\n|move|p2b: Aerodactyl|Tailwind|p2b: Aerodactyl\n|-sidestart|p2: yyssummer|move: Tailwind\n|\n|upkeep\n|turn|2\n|inactive|yyssummer has 30 seconds left.\n|inactive|yyssummer has 20 seconds left.\n|inactive|yyssummer has 15 seconds left.\n|\n|t:|1776623318\n|switch|p2a: Farigiraf|Farigiraf, L50, M, shiny|100/100\n|detailschange|p2b: Aerodactyl|Aerodactyl-Mega, L50, M, shiny\n|-mega|p2b: Aerodactyl|Aerodactyl|Aerodactylite\n|move|p1b: Sneasler|Fake Out||[still]\n|cant|p2a: Farigiraf|ability: Armor Tail|Fake Out|[of] p1b: Sneasler\n|move|p2b: Aerodactyl|Dual Wingbeat|p1a: Whimsicott\n|-damage|p1a: Whimsicott|48/100\n|replace|p1a: Zoroark|Zoroark-Hisui, L50, M\n|-end|p1a: Zoroark|Illusion\n|-damage|p1a: Zoroark|0 fnt\n|faint|p1a: Zoroark\n|-hitcount|p1: Zoroark|2\n|\n|upkeep\n|inactive|silveryo321 has 30 seconds left.\n|inactive|silveryo321 has 20 seconds left.\n|inactive|silveryo321 has 15 seconds left.\n|\n|t:|1776623361\n|switch|p1a: Whimsicott|Whimsicott, L50, F|100/100\n|turn|3\n|\n|t:|1776623381\n|move|p1a: Whimsicott|Tailwind|p1a: Whimsicott\n|-sidestart|p1: silveryo321|move: Tailwind\n|move|p2b: Aerodactyl|Dual Wingbeat|p1a: Whimsicott\n|-supereffective|p1a: Whimsicott|1\n|-damage|p1a: Whimsicott|50/100\n|-supereffective|p1a: Whimsicott|1\n|-damage|p1a: Whimsicott|2/100\n|-hitcount|p1a: Whimsicott|2\n|move|p1b: Sneasler|U-turn|p2a: Farigiraf\n|-supereffective|p2a: Farigiraf|1\n|-damage|p2a: Farigiraf|64/100\n|\n|t:|1776623385\n|switch|p1b: Maiden in Black|Gardevoir, L50, F, shiny|100/100|[from] U-turn\n|move|p2a: Farigiraf|Psychic|p1b: Maiden in Black\n|-resisted|p1b: Maiden in Black|1\n|-damage|p1b: Maiden in Black|83/100\n|-unboost|p1b: Maiden in Black|spd|1\n|\n|upkeep\n|turn|4\n|\n|t:|1776623409\n|detailschange|p1b: Maiden in Black|Gardevoir-Mega, L50, F, shiny\n|-mega|p1b: Maiden in Black|Gardevoir|Gardevoirite\n|move|p1a: Whimsicott|Light Screen|p1a: Whimsicott\n|-sidestart|p1: silveryo321|move: Light Screen\n|move|p2b: Aerodactyl|Rock Slide|p1a: Whimsicott|[spread] p1a,p1b\n|-damage|p1a: Whimsicott|0 fnt\n|-damage|p1b: Maiden in Black|32/100\n|faint|p1a: Whimsicott\n|move|p1b: Maiden in Black|Hyper Voice|p2a: Farigiraf|[spread] p2a,p2b\n|-damage|p2a: Farigiraf|12/100\n|-damage|p2b: Aerodactyl|46/100\n|-enditem|p2a: Farigiraf|Sitrus Berry|[eat]\n|-heal|p2a: Farigiraf|37/100|[from] item: Sitrus Berry\n|move|p2a: Farigiraf|Trick Room|p2a: Farigiraf\n|-fieldstart|move: Trick Room|[of] p2a: Farigiraf\n|\n|-sideend|p2: yyssummer|move: Tailwind\n|upkeep\n|\n|t:|1776623419\n|switch|p1a: Sneasler|Sneasler, L50, M|100/100\n|turn|5\n|-message|silveryo321 forfeited.\n|\n|win|yyssummer\n|raw|silveryo321's rating: 1343 &rarr; <strong>1328</strong><br />(-15 for losing)\n|raw|yyssummer's rating: 1432 &rarr; <strong>1447</strong><br />(+15 for winning)\n|l|\u2606silveryo321\n|player|p1|\n",
  "uploadtime": 1776623434,
  "views": 10,
  "formatid": "gen9championsvgc2026regma",
  "rating": 1328,
  "private": 0,
  "password": null
}