{
  "id": "gen9championsvgc2026regma-2583607923",
  "format": "[Gen 9 Champions] VGC 2026 Reg M-A",
  "players": [
    "BoringMetaUser",
    "skeletoreum"
  ],
  "log": "|j|\u2606BoringMetaUser\n|j|\u2606skeletoreum\n|t:|1776186244\n|gametype|doubles\n|player|p1|BoringMetaUser|102|1084\n|player|p2|skeletoreum|2|1042\n|gen|9\n|tier|[Gen 9 Champions] VGC 2026 Reg M-A\n|rated|\n|rule|Species Clause: Limit one of each Pok\u00e9mon\n|rule|Item Clause: Limit 1 of each item\n|clearpoke\n|poke|p1|Feraligatr, L50, M|\n|poke|p1|Dedenne, L50, M|\n|poke|p1|Clefable, L50, F|\n|poke|p1|Tauros-Paldea-Blaze, L50, M|\n|poke|p1|Zoroark-Hisui, L50, F|\n|poke|p1|Toucannon, L50, M|\n|poke|p2|Scovillain, L50, M|\n|poke|p2|Sneasler, L50, M|\n|poke|p2|Golurk, L50|\n|poke|p2|Delphox, L50, M|\n|poke|p2|Incineroar, L50, F|\n|poke|p2|Greninja-*, L50, M|\n|teampreview|4\n|inactive|Battle timer is ON: inactive players will automatically lose when time's up. (requested by skeletoreum)\n|inactive|BoringMetaUser also wants the timer to be on.\n|inactive|skeletoreum has 60 seconds left.\n|inactive|skeletoreum has 30 seconds left.\n|inactive|skeletoreum has 20 seconds left.\n|inactive|skeletoreum has 15 seconds left.\n|inactive|skeletoreum has 10 seconds left.\n|inactive|skeletoreum has 5 seconds left.\n|\n|t:|1776186331\n|teamsize|p1|4\n|teamsize|p2|4\n|start\n|switch|p1a: Tauros|Tauros-Paldea-Blaze, L50, M, shiny|100/100\n|switch|p1b: Feraligatr|Feraligatr, L50, M, shiny|100/100\n|switch|p2a: Greninja|Greninja, L50, M|100/100\n|switch|p2b: Golurk|Golurk, L50, shiny|100/100\n|turn|1\n|inactive|BoringMetaUser has 30 seconds left.\n|inactive|skeletoreum has 30 seconds left.\n|inactive|skeletoreum has 20 seconds left.\n|\n|t:|1776186368\n|switch|p2b: Incineroar|Incineroar, L50, F|100/100\n|-ability|p2b: Incineroar|Intimidate|boost\n|-unboost|p1a: Tauros|atk|1\n|-unboost|p1b: Feraligatr|atk|1\n|detailschange|p1b: Feraligatr|Feraligatr-Mega, L50, M, shiny\n|-mega|p1b: Feraligatr|Feraligatr|Feraligite\n|move|p2a: Greninja|Hydro Cannon|p1a: Tauros\n|-start|p2a: Greninja|typechange|Water|[from] ability: Protean\n|-crit|p1a: Tauros\n|-damage|p1a: Tauros|0 fnt\n|-mustrecharge|p2a: Greninja\n|replace|p1a: Zoroark|Zoroark-Hisui, L50, F, shiny\n|-end|p1a: Zoroark|Illusion\n|faint|p1a: Zoroark\n|move|p1b: Feraligatr|Superpower|p2a: Greninja\n|-damage|p2a: Greninja|37/100\n|-unboost|p1b: Feraligatr|atk|1\n|-unboost|p1b: Feraligatr|def|1\n|\n|upkeep\n|\n|t:|1776186389\n|switch|p1a: Tauros|Tauros-Paldea-Blaze, L50, M, shiny|100/100\n|-ability|p1a: Tauros|Intimidate|boost\n|-unboost|p2a: Greninja|atk|1\n|-unboost|p2b: Incineroar|atk|1\n|turn|2\n|inactive|skeletoreum has 30 seconds left.\n|inactive|skeletoreum has 20 seconds left.\n|inactive|skeletoreum has 15 seconds left.\n|inactive|skeletoreum has 10 seconds left.\n|\n|t:|1776186437\n|switch|p2b: Scovillain|Scovillain, L50, M|100/100\n|cant|p2a: Greninja|recharge\n|move|p1a: Tauros|Close Combat|p2b: Scovillain\n|-damage|p2b: Scovillain|36/100\n|-unboost|p1a: Tauros|def|1\n|-unboost|p1a: Tauros|spd|1\n|move|p1b: Feraligatr|Double-Edge|p2a: Greninja\n|-damage|p2a: Greninja|0 fnt\n|faint|p2a: Greninja\n|-damage|p1b: Feraligatr|91/100|[from] Recoil\n|\n|-ability|p2b: Scovillain|Moody|boost\n|-boost|p2b: Scovillain|spd|2\n|-unboost|p2b: Scovillain|atk|1\n|upkeep\n|\n|t:|1776186451\n|switch|p2a: Incineroar|Incineroar, L50, F|100/100\n|-ability|p2a: Incineroar|Intimidate|boost\n|-unboost|p1a: Tauros|atk|1\n|-unboost|p1b: Feraligatr|atk|1\n|turn|3\n|\n|t:|1776186470\n|detailschange|p2b: Scovillain|Scovillain-Mega, L50, M\n|-mega|p2b: Scovillain|Scovillain|Scovillainite\n|move|p2a: Incineroar|Fake Out|p1a: Tauros\n|-damage|p1a: Tauros|82/100\n|cant|p1a: Tauros|flinch\n|move|p1b: Feraligatr|Swords Dance|p1b: Feraligatr\n|-boost|p1b: Feraligatr|atk|2\n|move|p2b: Scovillain|Giga Drain|p1b: Feraligatr\n|-damage|p1b: Feraligatr|58/100\n|-heal|p2b: Scovillain|55/100|[from] drain|[of] p1b: Feraligatr\n|\n|upkeep\n|turn|4\n|inactive|skeletoreum has 30 seconds left.\n|inactive|skeletoreum has 20 seconds left.\n|inactive|skeletoreum has 15 seconds left.\n|inactive|skeletoreum has 10 seconds left.\n|inactive|skeletoreum has 5 seconds left.\n|\n|t:|1776186524\n|move|p1a: Tauros|Close Combat|p2b: Scovillain\n|-crit|p2b: Scovillain\n|-damage|p2b: Scovillain|0 fnt\n|-unboost|p1a: Tauros|def|1\n|-unboost|p1a: Tauros|spd|1\n|-immune|p1a: Tauros\n|faint|p2b: Scovillain\n|move|p1b: Feraligatr|Double-Edge|p2a: Incineroar\n|-damage|p2a: Incineroar|52/100\n|-damage|p1b: Feraligatr|42/100|[from] Recoil\n|move|p2a: Incineroar|Parting Shot|p1b: Feraligatr\n|-unboost|p1b: Feraligatr|atk|1\n|-unboost|p1b: Feraligatr|spa|1\n|\n|t:|1776186536\n|switch|p2a: Golurk|Golurk, L50, shiny|100/100|[from] Parting Shot\n|\n|upkeep\n|\n|t:|1776186537\n|switch|p2b: Incineroar|Incineroar, L50, F|52/100\n|-ability|p2b: Incineroar|Intimidate|boost\n|-unboost|p1a: Tauros|atk|1\n|-unboost|p1b: Feraligatr|atk|1\n|turn|5\n|inactive|skeletoreum has 30 seconds left.\n|inactive|skeletoreum has 20 seconds left.\n|\n|t:|1776186573\n|move|p2b: Incineroar|Fake Out|p1b: Feraligatr\n|-damage|p1b: Feraligatr|29/100\n|move|p1a: Tauros|Flare Blitz|p2a: Golurk\n|-crit|p2a: Golurk\n|-damage|p2a: Golurk|7/100\n|-damage|p1a: Tauros|42/100|[from] Recoil\n|cant|p1b: Feraligatr|flinch\n|move|p2a: Golurk|Shadow Punch|p1b: Feraligatr\n|-damage|p1b: Feraligatr|0 fnt\n|faint|p1b: Feraligatr\n|\n|-heal|p2b: Incineroar|58/100|[from] item: Leftovers\n|upkeep\n|\n|t:|1776186589\n|switch|p1b: Toucannon|Toucannon, L50, M, shiny|100/100\n|turn|6\n|\n|t:|1776186611\n|-singleturn|p1b: Toucannon|move: Beak Blast\n|move|p1a: Tauros|Close Combat|p2b: Incineroar\n|-supereffective|p2b: Incineroar|1\n|-damage|p2b: Incineroar|11/100\n|-unboost|p1a: Tauros|def|1\n|-unboost|p1a: Tauros|spd|1\n|move|p2b: Incineroar|Throat Chop|p1b: Toucannon\n|-damage|p1b: Toucannon|56/100\n|-start|p1b: Toucannon|Throat Chop|[silent]\n|move|p2a: Golurk|Drain Punch|p1a: Tauros\n|-damage|p1a: Tauros|0 fnt\n|-heal|p2a: Golurk|23/100|[from] drain|[of] p1a: Tauros\n|faint|p1a: Tauros\n|move|p1b: Toucannon|Beak Blast|p2a: Golurk\n|-damage|p2a: Golurk|0 fnt\n|faint|p2a: Golurk\n|\n|-heal|p2b: Incineroar|18/100|[from] item: Leftovers\n|upkeep\n|turn|7\n|inactive|skeletoreum has 30 seconds left.\n|\n|t:|1776186643\n|-singleturn|p1b: Toucannon|move: Beak Blast\n|move|p2b: Incineroar|Flare Blitz|p1b: Toucannon\n|-damage|p1b: Toucannon|0 fnt\n|faint|p1b: Toucannon\n|-damage|p2b: Incineroar|3/100|[from] Recoil\n|\n|win|skeletoreum\n|raw|BoringMetaUser's rating: 1084 &rarr; <strong>1059</strong><br />(-25 for losing)\n|raw|skeletoreum's rating: 1042 &rarr; <strong>1080</strong><br />(+38 for winning)\n",
  "uploadtime": 1776186652,
  "views": 15,
  "formatid": "gen9championsvgc2026regma",
  "rating": 1059,
  "private": 0,
  "password": null
}