{
  "id": "gen9championsvgc2026regma-2581644876",
  "format": "[Gen 9 Champions] VGC 2026 Reg M-A",
  "players": [
    "jofjofjo",
    "Treeckoguy1"
  ],
  "log": "|j|\u2606jofjofjo\n|j|\u2606Treeckoguy1\n|t:|1776017549\n|gametype|doubles\n|player|p1|jofjofjo|170|1140\n|player|p2|Treeckoguy1|101|1205\n|gen|9\n|tier|[Gen 9 Champions] VGC 2026 Reg M-A\n|rated|\n|rule|Species Clause: Limit one of each Pok\u00e9mon\n|rule|Item Clause: Limit 1 of each item\n|clearpoke\n|poke|p1|Charizard, L50, M|\n|poke|p1|Venusaur, L50, F|\n|poke|p1|Incineroar, L50, M|\n|poke|p1|Gardevoir, L50, M|\n|poke|p1|Garchomp, L50, M|\n|poke|p1|Milotic, L50, F|\n|poke|p2|Politoed, L50, M|\n|poke|p2|Basculegion, L50, M|\n|poke|p2|Mimikyu, L50, F|\n|poke|p2|Avalugg-Hisui, L50, M|\n|poke|p2|Chesnaught, L50, F|\n|poke|p2|Dragonite, L50, F|\n|teampreview|4\njofjofjo has agreed to open team sheets.\n|\n|t:|1776017595\n|teamsize|p1|4\n|teamsize|p2|4\n|start\n|switch|p1a: Milotic|Milotic, L50, F|100/100\n|switch|p1b: Gardevoir|Gardevoir, L50, M|100/100\n|switch|p2a: Dragonite|Dragonite, L50, F|100/100\n|switch|p2b: Mimikyu|Mimikyu, L50, F|100/100\n|-ability|p1b: Gardevoir|Inner Focus|Trace|[from] ability: Trace|[of] p2a: Dragonite\n|turn|1\n|inactive|Battle timer is ON: inactive players will automatically lose when time's up. (requested by jofjofjo)\n|\n|t:|1776017632\n|move|p2a: Dragonite|Protect|p2a: Dragonite\n|-singleturn|p2a: Dragonite|Protect\n|move|p1b: Gardevoir|Icy Wind|p2a: Dragonite|[spread] p2b\n|-activate|p2a: Dragonite|move: Protect\n|-activate|p2b: Mimikyu|ability: Disguise\n|-damage|p2b: Mimikyu|100/100\n|-unboost|p2b: Mimikyu|spe|1\n|detailschange|p2b: Mimikyu|Mimikyu-Busted, L50, F\n|-damage|p2b: Mimikyu|88/100|[from] pokemon: Mimikyu-Busted\n|move|p1a: Milotic|Ice Beam|p2a: Dragonite\n|-activate|p2a: Dragonite|move: Protect\n|move|p2b: Mimikyu|Swords Dance|p2b: Mimikyu\n|-boost|p2b: Mimikyu|atk|2\n|\n|upkeep\n|turn|2\n|inactive|jofjofjo has 30 seconds left.\n|inactive|Treeckoguy1 has 30 seconds left.\n|\n|t:|1776017663\n|switch|p2a: Politoed|Politoed, L50, M|100/100\n|-weather|RainDance|[from] ability: Drizzle|[of] p2a: Politoed\n|move|p1b: Gardevoir|Icy Wind|p2b: Mimikyu|[spread] p2a,p2b\n|-resisted|p2a: Politoed|1\n|-damage|p2a: Politoed|94/100\n|-damage|p2b: Mimikyu|67/100\n|-unboost|p2a: Politoed|spe|1\n|-unboost|p2b: Mimikyu|spe|1\n|move|p1a: Milotic|Ice Beam|p2a: Politoed\n|-resisted|p2a: Politoed|1\n|-damage|p2a: Politoed|83/100\n|move|p2b: Mimikyu|Trick Room|p2b: Mimikyu\n|-fieldstart|move: Trick Room|[of] p2b: Mimikyu\n|\n|-weather|RainDance|[upkeep]\n|upkeep\n|turn|3\n|inactive|jofjofjo has 30 seconds left.\n|\n|t:|1776017688\n|switch|p1a: Venusaur|Venusaur, L50, F|100/100\n|move|p2a: Politoed|Helping Hand|p2b: Mimikyu\n|-singleturn|p2b: Mimikyu|Helping Hand|[of] p2a: Politoed\n|move|p2b: Mimikyu|Play Rough|p1a: Venusaur\n|-resisted|p1a: Venusaur|1\n|-damage|p1a: Venusaur|28/100\n|move|p1b: Gardevoir|Icy Wind|p2a: Politoed|[spread] p2a,p2b\n|-resisted|p2a: Politoed|1\n|-damage|p2a: Politoed|76/100\n|-damage|p2b: Mimikyu|47/100\n|-unboost|p2a: Politoed|spe|1\n|-unboost|p2b: Mimikyu|spe|1\n|\n|-weather|RainDance|[upkeep]\n|upkeep\n|turn|4\n|\n|t:|1776017712\n|move|p2a: Politoed|Ice Beam|p1a: Venusaur\n|-supereffective|p1a: Venusaur|1\n|-damage|p1a: Venusaur|0 fnt\n|faint|p1a: Venusaur\n|move|p2b: Mimikyu|Play Rough|p1b: Gardevoir\n|-damage|p1b: Gardevoir|0 fnt\n|faint|p1b: Gardevoir\n|\n|-weather|RainDance|[upkeep]\n|upkeep\n|\n|t:|1776017723\n|switch|p1a: Garchomp|Garchomp, L50, M|100/100\n|switch|p1b: Milotic|Milotic, L50, F|100/100\n|turn|5\n|\n|t:|1776017746\n|move|p1b: Milotic|Protect|p1b: Milotic\n|-singleturn|p1b: Milotic|Protect\n|move|p2a: Politoed|Ice Beam|p1a: Garchomp\n|-supereffective|p1a: Garchomp|2\n|-damage|p1a: Garchomp|14/100\n|-status|p1a: Garchomp|frz\n|move|p2b: Mimikyu|Play Rough|p1b: Milotic\n|-activate|p1b: Milotic|move: Protect\n|cant|p1a: Garchomp|frz\n|\n|-weather|RainDance|[upkeep]\n|upkeep\n|turn|6\n|\n|t:|1776017768\n|move|p2a: Politoed|Helping Hand|p2b: Mimikyu\n|-singleturn|p2b: Mimikyu|Helping Hand|[of] p2a: Politoed\n|move|p2b: Mimikyu|Play Rough|p1b: Milotic\n|-damage|p1b: Milotic|0 fnt\n|faint|p1b: Milotic\n|-curestatus|p1a: Garchomp|frz|[msg]\n|move|p1a: Garchomp|Dragon Claw|p2a: Politoed\n|-damage|p2a: Politoed|45/100\n|-enditem|p2a: Politoed|Sitrus Berry|[eat]\n|-heal|p2a: Politoed|70/100|[from] item: Sitrus Berry\n|\n|-weather|none\n|-fieldend|move: Trick Room\n|upkeep\n|turn|7\n|\n|t:|1776017788\n|move|p2a: Politoed|Helping Hand|p2b: Mimikyu\n|-singleturn|p2b: Mimikyu|Helping Hand|[of] p2a: Politoed\n|move|p2b: Mimikyu|Shadow Sneak|p1a: Garchomp\n|-damage|p1a: Garchomp|0 fnt\n|-damage|p2b: Mimikyu|35/100|[from] ability: Rough Skin|[of] p1a: Garchomp\n|faint|p1a: Garchomp\n|\n|win|Treeckoguy1\n|raw|jofjofjo's rating: 1140 &rarr; <strong>1120</strong><br />(-20 for losing)\n|raw|Treeckoguy1's rating: 1205 &rarr; <strong>1225</strong><br />(+20 for winning)\n|l|\u2606jofjofjo\n|player|p1|\n",
  "uploadtime": 1776017799,
  "views": 39,
  "formatid": "gen9championsvgc2026regma",
  "rating": 1120,
  "private": 0,
  "password": null
}