{
  "id": "gen9championsvgc2026regma-2585173630",
  "format": "[Gen 9 Champions] VGC 2026 Reg M-A",
  "players": [
    "EXSA",
    "Naman_Boss 1234"
  ],
  "log": "|j|\u2606EXSA\n|j|\u2606Naman_Boss 1234\n|t:|1776320957\n|gametype|doubles\n|player|p1|EXSA|102|1180\n|player|p2|Naman_Boss 1234|170|1207\n|gen|9\n|tier|[Gen 9 Champions] VGC 2026 Reg M-A\n|rated|\n|rule|Species Clause: Limit one of each Pok\u00e9mon\n|rule|Item Clause: Limit 1 of each item\n|clearpoke\n|poke|p1|Orthworm, L50, F|\n|poke|p1|Garchomp, L50, M|\n|poke|p1|Tyranitar, L50, M|\n|poke|p1|Rotom-Wash, L50|\n|poke|p1|Sinistcha, L50|\n|poke|p1|Tinkaton, L50, F|\n|poke|p2|Tyranitar, L50, F|\n|poke|p2|Excadrill, L50, M|\n|poke|p2|Basculegion, L50, M|\n|poke|p2|Gengar, L50, M|\n|poke|p2|Incineroar, L50, M|\n|poke|p2|Tsareena, L50, F|\n|teampreview|4\n|inactive|Battle timer is ON: inactive players will automatically lose when time's up. (requested by Naman_Boss 1234)\n|inactive|EXSA has 60 seconds left.\n|inactive|Naman_Boss 1234 has 30 seconds left.\n|\n|t:|1776321066\n|teamsize|p1|4\n|teamsize|p2|4\n|start\n|switch|p1a: Tinkaton|Tinkaton, L50, F, shiny|100/100\n|switch|p1b: Rotom|Rotom-Wash, L50, shiny|100/100\n|switch|p2a: Excadrill|Excadrill, L50, M|100/100\n|switch|p2b: Incineroar|Incineroar, L50, M|100/100\n|-ability|p1a: Tinkaton|Mold Breaker\n|-ability|p2b: Incineroar|Intimidate|boost\n|-unboost|p1a: Tinkaton|atk|1\n|-unboost|p1b: Rotom|atk|1\n|turn|1\n|\n|t:|1776321079\n|move|p1a: Tinkaton|Fake Out|p2b: Incineroar\n|-damage|p2b: Incineroar|96/100\n|cant|p2b: Incineroar|flinch\n|move|p1b: Rotom|Hydro Pump|p2b: Incineroar\n|-supereffective|p2b: Incineroar|1\n|-damage|p2b: Incineroar|13/100\n|-enditem|p2b: Incineroar|Sitrus Berry|[eat]\n|-heal|p2b: Incineroar|38/100|[from] item: Sitrus Berry\n|move|p2a: Excadrill|High Horsepower|p1a: Tinkaton\n|-supereffective|p1a: Tinkaton|1\n|-damage|p1a: Tinkaton|0 fnt\n|faint|p1a: Tinkaton\n|\n|upkeep\n|\n|t:|1776321098\n|switch|p1a: Orthworm|Orthworm, L50, F, shiny|100/100\n|turn|2\n|inactive|Naman_Boss 1234 has 30 seconds left.\n|\n|t:|1776321126\n|move|p1b: Rotom|Hydro Pump|p2b: Incineroar|[miss]\n|-miss|p1b: Rotom|p2b: Incineroar\n|move|p2a: Excadrill|Rock Slide|p1b: Rotom|[spread] p1b\n|-miss|p2a: Excadrill|p1a: Orthworm\n|-damage|p1b: Rotom|75/100\n|move|p1a: Orthworm|Shed Tail|p1a: Orthworm\n|-start|p1a: Orthworm|Substitute|[from] move: Shed Tail\n|-damage|p1a: Orthworm|50/100\n|-enditem|p1a: Orthworm|Sitrus Berry|[eat]\n|-heal|p1a: Orthworm|75/100|[from] item: Sitrus Berry\n|\n|t:|1776321137\n|switch|p1a: Tyranitar|Tyranitar, L50, M|100/100|[from] Shed Tail\n|-weather|Sandstorm|[from] ability: Sand Stream|[of] p1a: Tyranitar\n|move|p2b: Incineroar|Flare Blitz|p1a: Tyranitar\n|-resisted|p1a: Tyranitar|1\n|-activate|p1a: Tyranitar|move: Substitute|[damage]\n|-damage|p2b: Incineroar|30/100|[from] Recoil|[of] p1a: Tyranitar\n|\n|-weather|Sandstorm|[upkeep]\n|-damage|p1b: Rotom|69/100|[from] Sandstorm\n|-damage|p2b: Incineroar|24/100|[from] Sandstorm\n|upkeep\n|turn|3\n|\n|t:|1776321155\n|move|p2b: Incineroar|Protect|p2b: Incineroar\n|-singleturn|p2b: Incineroar|Protect\n|move|p2a: Excadrill|Iron Head|p1a: Tyranitar\n|-supereffective|p1a: Tyranitar|1\n|-end|p1a: Tyranitar|Substitute\n|move|p1b: Rotom|Hydro Pump|p2a: Excadrill\n|-supereffective|p2a: Excadrill|1\n|-enditem|p2a: Excadrill|Focus Sash\n|-damage|p2a: Excadrill|1/100\n|move|p1a: Tyranitar|Rock Slide|p2b: Incineroar|[spread] p2a\n|-activate|p2b: Incineroar|move: Protect\n|-resisted|p2a: Excadrill|2\n|-damage|p2a: Excadrill|0 fnt\n|faint|p2a: Excadrill\n|\n|-weather|Sandstorm|[upkeep]\n|-damage|p1b: Rotom|63/100|[from] Sandstorm\n|-damage|p2b: Incineroar|19/100|[from] Sandstorm\n|upkeep\n|\n|t:|1776321170\n|switch|p2a: Tsareena|Tsareena, L50, F|100/100\n|turn|4\n|\n|t:|1776321180\n|switch|p1b: Orthworm|Orthworm, L50, F, shiny|75/100\n|move|p1a: Tyranitar|Protect|p1a: Tyranitar\n|-singleturn|p1a: Tyranitar|Protect\n|move|p2a: Tsareena|Power Whip|p1a: Tyranitar\n|-activate|p1a: Tyranitar|move: Protect\n|move|p2b: Incineroar|Parting Shot|p1a: Tyranitar\n|-activate|p1a: Tyranitar|move: Protect\n|\n|-weather|Sandstorm|[upkeep]\n|-damage|p2a: Tsareena|94/100|[from] Sandstorm\n|-damage|p2b: Incineroar|13/100|[from] Sandstorm\n|upkeep\n|turn|5\n|\n|t:|1776321204\n|detailschange|p1a: Tyranitar|Tyranitar-Mega, L50, M\n|-mega|p1a: Tyranitar|Tyranitar|Tyranitarite\n|move|p2a: Tsareena|Power Whip|p1a: Tyranitar\n|-supereffective|p1a: Tyranitar|1\n|-damage|p1a: Tyranitar|33/100\n|move|p1a: Tyranitar|Rock Slide|p2b: Incineroar|[spread] p2a,p2b\n|-supereffective|p2b: Incineroar|1\n|-damage|p2a: Tsareena|45/100\n|-damage|p2b: Incineroar|0 fnt\n|faint|p2b: Incineroar\n|move|p1b: Orthworm|Shed Tail|p1b: Orthworm\n|-start|p1b: Orthworm|Substitute|[from] move: Shed Tail\n|-damage|p1b: Orthworm|25/100\n|\n|t:|1776321216\n|switch|p1b: Rotom|Rotom-Wash, L50, shiny|63/100|[from] Shed Tail\n|\n|-weather|Sandstorm|[upkeep]\n|-damage|p1b: Rotom|57/100|[from] Sandstorm\n|-damage|p2a: Tsareena|39/100|[from] Sandstorm\n|upkeep\n|\n|t:|1776321220\n|switch|p2b: Tyranitar|Tyranitar, L50, F|100/100\n|turn|6\n|\n|t:|1776321231\n|move|p1a: Tyranitar|Protect|p1a: Tyranitar\n|-singleturn|p1a: Tyranitar|Protect\n|move|p1b: Rotom|Thunderbolt|p2a: Tsareena\n|-resisted|p2a: Tsareena|1\n|-damage|p2a: Tsareena|13/100\n|-status|p2a: Tsareena|par\n|move|p2b: Tyranitar|Stone Edge|p1b: Rotom\n|-end|p1b: Rotom|Substitute\n|move|p2a: Tsareena|Power Whip|p1a: Tyranitar\n|-activate|p1a: Tyranitar|move: Protect\n|\n|-weather|none\n|upkeep\n|turn|7\n|\n|t:|1776321254\n|switch|p1a: Orthworm|Orthworm, L50, F, shiny|25/100\n|move|p1b: Rotom|Thunderbolt|p2a: Tsareena\n|-resisted|p2a: Tsareena|1\n|-damage|p2a: Tsareena|0 fnt\n|faint|p2a: Tsareena\n|move|p2b: Tyranitar|Stone Edge|p1b: Rotom\n|-crit|p1b: Rotom\n|-damage|p1b: Rotom|0 fnt\n|faint|p1b: Rotom\n|\n|upkeep\n|\n|t:|1776321262\n|switch|p1b: Tyranitar|Tyranitar-Mega, L50, M|33/100\n|-weather|Sandstorm|[from] ability: Sand Stream|[of] p1b: Tyranitar\n|turn|8\n|\n|t:|1776321269\n|move|p2b: Tyranitar|Knock Off|p1a: Orthworm\n|-damage|p1a: Orthworm|4/100\n|move|p1b: Tyranitar|Low Kick|p2b: Tyranitar\n|-supereffective|p2b: Tyranitar|2\n|-damage|p2b: Tyranitar|0 fnt\n|faint|p2b: Tyranitar\n|\n|win|EXSA\n|raw|EXSA's rating: 1180 &rarr; <strong>1207</strong><br />(+27 for winning)\n|raw|Naman_Boss 1234's rating: 1207 &rarr; <strong>1180</strong><br />(-27 for losing)\n|l|\u2606Naman_Boss 1234\n|player|p2|\n",
  "uploadtime": 1776321302,
  "views": 18,
  "formatid": "gen9championsvgc2026regma",
  "rating": 1180,
  "private": 0,
  "password": null
}