{
  "id": "gen9championsvgc2026regma-2586827096",
  "format": "[Gen 9 Champions] VGC 2026 Reg M-A",
  "players": [
    "Kell Of IRS",
    "RagingBerserker1"
  ],
  "log": "|j|\u2606Kell Of IRS\n|j|\u2606RagingBerserker1\n|t:|1776463186\n|gametype|doubles\n|player|p1|Kell Of IRS|steven-masters4|1266\n|player|p2|RagingBerserker1|chuck|1285\n|gen|9\n|tier|[Gen 9 Champions] VGC 2026 Reg M-A\n|rated|\n|rule|Species Clause: Limit one of each Pok\u00e9mon\n|rule|Item Clause: Limit 1 of each item\n|clearpoke\n|poke|p1|Tyranitar, L50, M|\n|poke|p1|Excadrill, L50, F|\n|poke|p1|Hydreigon, L50, M|\n|poke|p1|Lucario, L50, M|\n|poke|p1|Rotom-Wash, L50|\n|poke|p1|Incineroar, L50, F|\n|poke|p2|Camerupt, L50, F|\n|poke|p2|Oranguru, L50, F|\n|poke|p2|Alcremie-Matcha-Cream, L50, F|\n|poke|p2|Corviknight, L50, F|\n|poke|p2|Ampharos, L50, M|\n|poke|p2|Pangoro, L50, M|\n|teampreview|4\n|inactive|Battle timer is ON: inactive players will automatically lose when time's up. (requested by RagingBerserker1)\nRagingBerserker1 rejected open team sheets.\n|\n|t:|1776463214\n|teamsize|p1|4\n|teamsize|p2|4\n|start\n|switch|p1a: Tyranitar|Tyranitar, L50, M|100/100\n|switch|p1b: Rotom|Rotom-Wash, L50|100/100\n|switch|p2a: Wuju|Oranguru, L50, F|100/100\n|switch|p2b: Acer Pro|Corviknight, L50, F|100/100\n|-weather|Sandstorm|[from] ability: Sand Stream|[of] p1a: Tyranitar\n|turn|1\n|\n|t:|1776463226\n|move|p1b: Rotom|Thunderbolt|p2b: Acer Pro\n|-supereffective|p2b: Acer Pro|1\n|-enditem|p2b: Acer Pro|Wacan Berry|[eat]\n|-enditem|p2b: Acer Pro|Wacan Berry|[weaken]\n|-damage|p2b: Acer Pro|61/100\n|move|p1a: Tyranitar|Knock Off|p2a: Wuju\n|-supereffective|p2a: Wuju|1\n|-crit|p2a: Wuju\n|-enditem|p2a: Wuju|Colbur Berry|[eat]\n|-enditem|p2a: Wuju|Colbur Berry|[weaken]\n|-damage|p2a: Wuju|5/100\n|move|p2b: Acer Pro|U-turn|p1a: Tyranitar\n|-supereffective|p1a: Tyranitar|1\n|-damage|p1a: Tyranitar|64/100\n|\n|t:|1776463249\n|switch|p2b: Ungoro|Pangoro, L50, M|100/100|[from] U-turn\n|move|p2a: Wuju|Trick Room|p2a: Wuju\n|-fieldstart|move: Trick Room|[of] p2a: Wuju\n|\n|-weather|Sandstorm|[upkeep]\n|-damage|p2b: Ungoro|95/100|[from] Sandstorm\n|-damage|p2a: Wuju|0 fnt|[from] Sandstorm\n|-damage|p1b: Rotom|95/100|[from] Sandstorm\n|faint|p2a: Wuju\n|-heal|p1b: Rotom|100/100|[from] item: Leftovers\n|upkeep\n|\n|t:|1776463259\n|switch|p2a: Krakatoa|Camerupt, L50, F|100/100\n|turn|2\n|\n|t:|1776463276\n|detailschange|p2a: Krakatoa|Camerupt-Mega, L50, F\n|-mega|p2a: Krakatoa|Camerupt|Cameruptite\n|move|p1a: Tyranitar|Protect|p1a: Tyranitar\n|-singleturn|p1a: Tyranitar|Protect\n|move|p2a: Krakatoa|Eruption|p1b: Rotom|[spread] p1b\n|-activate|p1a: Tyranitar|move: Protect\n|-resisted|p1b: Rotom|1\n|-damage|p1b: Rotom|57/100\n|move|p2b: Ungoro|Knock Off|p1b: Rotom\n|-damage|p1b: Rotom|0 fnt\n|-enditem|p1b: Rotom|Leftovers|[from] move: Knock Off|[of] p2b: Ungoro\n|faint|p1b: Rotom\n|\n|-weather|Sandstorm|[upkeep]\n|-damage|p2b: Ungoro|89/100|[from] Sandstorm\n|upkeep\n|\n|t:|1776463290\n|switch|p1b: Excadrill|Excadrill, L50, F|100/100\n|turn|3\n|\n|t:|1776463307\n|move|p2a: Krakatoa|Eruption|p1a: Tyranitar|[spread] p1a,p1b\n|-resisted|p1a: Tyranitar|1\n|-supereffective|p1b: Excadrill|1\n|-damage|p1a: Tyranitar|42/100\n|-enditem|p1b: Excadrill|Focus Sash\n|-damage|p1b: Excadrill|1/100\n|move|p2b: Ungoro|Close Combat|p1a: Tyranitar\n|-supereffective|p1a: Tyranitar|2\n|-damage|p1a: Tyranitar|0 fnt\n|-unboost|p2b: Ungoro|def|1\n|-unboost|p2b: Ungoro|spd|1\n|faint|p1a: Tyranitar\n|move|p1b: Excadrill|Earthquake|p2b: Ungoro|[spread] p2a,p2b\n|-supereffective|p2a: Krakatoa|1\n|-damage|p2a: Krakatoa|11/100\n|-damage|p2b: Ungoro|20/100\n|\n|-weather|Sandstorm|[upkeep]\n|-damage|p2b: Ungoro|14/100|[from] Sandstorm\n|upkeep\n|\n|t:|1776463312\n|switch|p1a: Hydreigon|Hydreigon, L50, M|100/100\n|turn|4\n|\n|t:|1776463330\n|move|p1b: Excadrill|Protect|p1b: Excadrill\n|-singleturn|p1b: Excadrill|Protect\n|move|p2a: Krakatoa|Eruption|p1a: Hydreigon|[spread] p1a\n|-activate|p1b: Excadrill|move: Protect\n|-resisted|p1a: Hydreigon|1\n|-damage|p1a: Hydreigon|96/100\n|move|p2b: Ungoro|Close Combat|p1a: Hydreigon\n|-supereffective|p1a: Hydreigon|1\n|-damage|p1a: Hydreigon|0 fnt\n|-unboost|p2b: Ungoro|def|1\n|-unboost|p2b: Ungoro|spd|1\n|faint|p1a: Hydreigon\n|\n|-weather|Sandstorm|[upkeep]\n|-damage|p2b: Ungoro|8/100|[from] Sandstorm\n|upkeep\n|turn|5\n|\n|t:|1776463345\n|move|p1b: Excadrill|Protect||[still]\n|-fail|p1b: Excadrill\n|move|p2b: Ungoro|Bullet Punch|p1b: Excadrill\n|-resisted|p1b: Excadrill|1\n|-damage|p1b: Excadrill|0 fnt\n|faint|p1b: Excadrill\n|\n|win|RagingBerserker1\n|raw|Kell Of IRS's rating: 1266 &rarr; <strong>1242</strong><br />(-24 for losing)\n|raw|RagingBerserker1's rating: 1285 &rarr; <strong>1309</strong><br />(+24 for winning)\n|l|\u2606Kell Of IRS\n|player|p1|\n",
  "uploadtime": 1776463503,
  "views": 46,
  "formatid": "gen9championsvgc2026regma",
  "rating": 1242,
  "private": 0,
  "password": null
}