{
  "id": "gen9championsvgc2026regma-2582754988",
  "format": "[Gen 9 Champions] VGC 2026 Reg M-A",
  "players": [
    "Jgomgom",
    "loklastaji"
  ],
  "log": "|j|\u2606Jgomgom\n|j|\u2606loklastaji\n|t:|1776111825\n|gametype|doubles\n|player|p1|Jgomgom|266|1230\n|player|p2|loklastaji|102|1319\n|gen|9\n|tier|[Gen 9 Champions] VGC 2026 Reg M-A\n|rated|\n|rule|Species Clause: Limit one of each Pok\u00e9mon\n|rule|Item Clause: Limit 1 of each item\n|clearpoke\n|poke|p1|Goodra-Hisui, L50, M|\n|poke|p1|Delphox, L50, M|\n|poke|p1|Rotom-Wash, L50|\n|poke|p1|Garchomp, L50, M|\n|poke|p1|Tyranitar, L50, M|\n|poke|p1|Gyarados, L50, M|\n|poke|p2|Samurott-Hisui, L50, M|\n|poke|p2|Mamoswine, L50, M|\n|poke|p2|Delphox, L50, F|\n|poke|p2|Tsareena, L50, F|\n|poke|p2|Corviknight, L50, M|\n|poke|p2|Altaria, L50, M|\n|teampreview|4\n|\n|t:|1776111913\n|teamsize|p1|4\n|teamsize|p2|4\n|start\n|switch|p1a: Rotom|Rotom-Wash, L50, shiny|100/100\n|switch|p1b: Delphox|Delphox, L50, M, shiny|100/100\n|switch|p2a: Mamoswine|Mamoswine, L50, M|100/100\n|switch|p2b: Samurott|Samurott-Hisui, L50, M|100/100\n|turn|1\n|\n|t:|1776111960\n|switch|p2a: Tsareena|Tsareena, L50, F|100/100\n|detailschange|p1b: Delphox|Delphox-Mega, L50, M, shiny\n|-mega|p1b: Delphox|Delphox|Delphoxite\n|move|p1b: Delphox|Protect|p1b: Delphox\n|-singleturn|p1b: Delphox|Protect\n|move|p2b: Samurott|Sucker Punch||[still]\n|-fail|p2b: Samurott\n|move|p1a: Rotom|Volt Switch|p2b: Samurott\n|-supereffective|p2b: Samurott|1\n|-damage|p2b: Samurott|8/100\n|\n|t:|1776111981\n|switch|p1a: Goodra|Goodra-Hisui, L50, M, shiny|100/100|[from] Volt Switch\n|\n|upkeep\n|turn|2\n|\n|t:|1776112004\n|switch|p1b: Rotom|Rotom-Wash, L50, shiny|100/100\n|move|p2b: Samurott|Sucker Punch||[still]\n|-fail|p2b: Samurott\n|move|p2a: Tsareena|High Jump Kick|p1a: Goodra\n|-supereffective|p1a: Goodra|1\n|-damage|p1a: Goodra|33/100\n|move|p1a: Goodra|Body Press|p2b: Samurott\n|-supereffective|p2b: Samurott|1\n|-damage|p2b: Samurott|0 fnt\n|faint|p2b: Samurott\n|\n|-heal|p1a: Goodra|39/100|[from] item: Leftovers\n|upkeep\n|\n|t:|1776112052\n|switch|p2b: Altaria|Altaria, L50, M|100/100\n|-ability|p2b: Altaria|Cloud Nine\n|turn|3\n|\n|t:|1776112086\n|switch|p1a: Delphox|Delphox-Mega, L50, M, shiny|100/100\n|detailschange|p2b: Altaria|Altaria-Mega, L50, M\n|-mega|p2b: Altaria|Altaria|Altarianite\n|move|p1b: Rotom|Volt Switch|p2b: Altaria\n|-resisted|p2b: Altaria|1\n|-damage|p2b: Altaria|81/100\n|\n|t:|1776112101\n|switch|p1b: Goodra|Goodra-Hisui, L50, M, shiny|39/100|[from] Volt Switch\n|move|p2b: Altaria|Hyper Voice|p1b: Goodra|[spread] p1a,p1b\n|-resisted|p1a: Delphox|1\n|-damage|p1a: Delphox|84/100\n|-damage|p1b: Goodra|15/100\n|move|p2a: Tsareena|Power Whip|p1b: Goodra\n|-resisted|p1b: Goodra|2\n|-damage|p1b: Goodra|3/100\n|\n|-heal|p1b: Goodra|9/100|[from] item: Leftovers\n|upkeep\n|turn|4\n|\n|t:|1776112123\n|move|p2a: Tsareena|Protect|p2a: Tsareena\n|-singleturn|p2a: Tsareena|Protect\n|move|p1a: Delphox|Flamethrower|p2a: Tsareena\n|-activate|p2a: Tsareena|move: Protect\n|move|p2b: Altaria|Hyper Voice|p1a: Delphox|[spread] p1a,p1b\n|-resisted|p1a: Delphox|1\n|-damage|p1a: Delphox|67/100\n|-damage|p1b: Goodra|0 fnt\n|faint|p1b: Goodra\n|\n|upkeep\n|l|\u2606loklastaji\n|player|p2|\n|\n|t:|1776112140\n|switch|p1b: Rotom|Rotom-Wash, L50, shiny|100/100\n|turn|5\n|j|\u2606loklastaji\n|player|p2|loklastaji|102|\n|\n|t:|1776112181\n|move|p1b: Rotom|Electroweb|p2a: Tsareena|[spread] p2a,p2b\n|-resisted|p2a: Tsareena|1\n|-resisted|p2b: Altaria|1\n|-damage|p2a: Tsareena|90/100\n|-damage|p2b: Altaria|71/100\n|-unboost|p2a: Tsareena|spe|1\n|-unboost|p2b: Altaria|spe|1\n|move|p1a: Delphox|Flamethrower|p2a: Tsareena\n|-supereffective|p2a: Tsareena|1\n|-damage|p2a: Tsareena|0 fnt\n|faint|p2a: Tsareena\n|move|p2b: Altaria|Hurricane|p1a: Delphox\n|-damage|p1a: Delphox|31/100\n|\n|upkeep\n|\n|t:|1776112194\n|switch|p2a: Mamoswine|Mamoswine, L50, M|100/100\n|turn|6\n|\n|t:|1776112219\n|switch|p1b: Tyranitar|Tyranitar, L50, M, shiny|100/100\n|-weather|Sandstorm|[from] ability: Sand Stream|[of] p1b: Tyranitar\n|move|p2a: Mamoswine|Rock Slide|p1a: Delphox|[spread] p1a,p1b\n|-supereffective|p1a: Delphox|1\n|-damage|p1a: Delphox|0 fnt\n|-damage|p1b: Tyranitar|82/100\n|faint|p1a: Delphox\n|move|p2b: Altaria|Hyper Voice|p1b: Tyranitar\n|-supereffective|p1b: Tyranitar|1\n|-damage|p1b: Tyranitar|7/100\n|-enditem|p1b: Tyranitar|Sitrus Berry|[eat]\n|-heal|p1b: Tyranitar|32/100|[from] item: Sitrus Berry\n|\n|-weather|Sandstorm|[upkeep]\n|-damage|p2b: Altaria|65/100|[from] Sandstorm\n|upkeep\n|\n|t:|1776112227\n|switch|p1a: Rotom|Rotom-Wash, L50, shiny|100/100\n|turn|7\n|\n|t:|1776112242\n|move|p1a: Rotom|Hydro Pump|p2a: Mamoswine\n|-supereffective|p2a: Mamoswine|1\n|-damage|p2a: Mamoswine|0 fnt\n|faint|p2a: Mamoswine\n|move|p1b: Tyranitar|Rock Slide|p2b: Altaria\n|-damage|p2b: Altaria|20/100\n|move|p2b: Altaria|Hyper Voice|p1b: Tyranitar|[spread] p1a,p1b\n|-supereffective|p1b: Tyranitar|1\n|-damage|p1a: Rotom|50/100\n|-damage|p1b: Tyranitar|0 fnt\n|faint|p1b: Tyranitar\n|\n|-weather|Sandstorm|[upkeep]\n|-damage|p1a: Rotom|44/100|[from] Sandstorm\n|-damage|p2b: Altaria|14/100|[from] Sandstorm\n|upkeep\n|turn|8\n|\n|t:|1776112259\n|move|p1a: Rotom|Hydro Pump|p2b: Altaria\n|-resisted|p2b: Altaria|1\n|-damage|p2b: Altaria|0 fnt\n|faint|p2b: Altaria\n|\n|win|Jgomgom\n|raw|Jgomgom's rating: 1230 &rarr; <strong>1261</strong><br />(+31 for winning)\n|raw|loklastaji's rating: 1319 &rarr; <strong>1294</strong><br />(-25 for losing)\n|l|\u2606Jgomgom\n|player|p1|\n",
  "uploadtime": 1776112274,
  "views": 26,
  "formatid": "gen9championsvgc2026regma",
  "rating": 1261,
  "private": 0,
  "password": null
}