{
  "id": "gen9championsvgc2026regma-2580412849",
  "format": "[Gen 9 Champions] VGC 2026 Reg M-A",
  "players": [
    "jimy68",
    "AaronAstro"
  ],
  "log": "|j|\u2606jimy68\n|j|\u2606AaronAstro\n|t:|1775892672\n|gametype|doubles\n|player|p1|jimy68|266|1032\n|player|p2|AaronAstro|silver|1022\n|gen|9\n|tier|[Gen 9 Champions] VGC 2026 Reg M-A\n|rated|\n|rule|Species Clause: Limit one of each Pok\u00e9mon\n|rule|Item Clause: Limit 1 of each item\n|clearpoke\n|poke|p1|Golurk, L50|\n|poke|p1|Torkoal, L50, M|\n|poke|p1|Farigiraf, L50, F|\n|poke|p1|Incineroar, L50, M|\n|poke|p1|Whimsicott, L50, M|\n|poke|p1|Venusaur, L50, F|\n|poke|p2|Gengar, L50, M|\n|poke|p2|Sinistcha, L50|\n|poke|p2|Kommo-o, L50, M|\n|poke|p2|Incineroar, L50, M|\n|poke|p2|Sneasler, L50, M|\n|poke|p2|Tyranitar, L50, M|\n|teampreview|4\nAaronAstro has agreed to open team sheets.\n|\n|t:|1775892695\n|teamsize|p1|4\n|teamsize|p2|4\n|start\n|switch|p1a: Venusaur|Venusaur, L50, F|100/100\n|switch|p1b: Whimsicott|Whimsicott, L50, M|100/100\n|switch|p2a: Gengar|Gengar, L50, M, shiny|100/100\n|switch|p2b: Kommo-o|Kommo-o, L50, M|100/100\n|turn|1\n|\n|t:|1775892722\n|switch|p1b: Torkoal|Torkoal, L50, M|100/100\n|-weather|SunnyDay|[from] ability: Drought|[of] p1b: Torkoal\n|detailschange|p2a: Gengar|Gengar-Mega, L50, M, shiny\n|-mega|p2a: Gengar|Gengar|Gengarite\n|move|p1a: Venusaur|Sleep Powder|p2a: Gengar\n|-status|p2a: Gengar|slp|[from] move: Sleep Powder\n|cant|p2a: Gengar|slp\n|move|p2b: Kommo-o|Clangorous Soul|p2b: Kommo-o\n|-boost|p2b: Kommo-o|atk|1\n|-boost|p2b: Kommo-o|def|1\n|-boost|p2b: Kommo-o|spa|1\n|-boost|p2b: Kommo-o|spd|1\n|-boost|p2b: Kommo-o|spe|1\n|-damage|p2b: Kommo-o|68/100\n|\n|-weather|SunnyDay|[upkeep]\n|-heal|p2b: Kommo-o|74/100|[from] item: Leftovers\n|upkeep\n|turn|2\n|\n|t:|1775892750\n|move|p1a: Venusaur|Sludge Bomb|p2b: Kommo-o\n|-damage|p2b: Kommo-o|44/100\n|-status|p2b: Kommo-o|psn\n|move|p2b: Kommo-o|Clanging Scales|p1b: Torkoal|[spread] p1a,p1b\n|-damage|p1a: Venusaur|34/100\n|-damage|p1b: Torkoal|33/100\n|-unboost|p2b: Kommo-o|def|1\n|cant|p2a: Gengar|slp\n|move|p1b: Torkoal|Eruption|p2b: Kommo-o|[spread] p2a,p2b\n|-resisted|p2b: Kommo-o|1\n|-damage|p2a: Gengar|66/100 slp\n|-damage|p2b: Kommo-o|34/100 psn\n|\n|-weather|SunnyDay|[upkeep]\n|-heal|p2b: Kommo-o|40/100 psn|[from] item: Leftovers\n|-damage|p2b: Kommo-o|28/100 psn|[from] psn\n|upkeep\n|turn|3\n|\n|t:|1775892771\n|move|p1a: Venusaur|Solar Beam||[still]\n|-prepare|p1a: Venusaur|Solar Beam\n|-anim|p1a: Venusaur|Solar Beam|p2b: Kommo-o\n|-resisted|p2b: Kommo-o|1\n|-damage|p2b: Kommo-o|5/100 psn\n|move|p2b: Kommo-o|Clanging Scales|p1b: Torkoal|[spread] p1a,p1b\n|-crit|p1b: Torkoal\n|-damage|p1a: Venusaur|0 fnt\n|-damage|p1b: Torkoal|0 fnt\n|faint|p1a: Venusaur\n|faint|p1b: Torkoal\n|-unboost|p2b: Kommo-o|def|1\n|-curestatus|p2a: Gengar|slp|[msg]\n|move|p2a: Gengar|Substitute|p2a: Gengar\n|-start|p2a: Gengar|Substitute\n|-damage|p2a: Gengar|42/100\n|\n|-weather|SunnyDay|[upkeep]\n|-heal|p2b: Kommo-o|11/100 psn|[from] item: Leftovers\n|-damage|p2b: Kommo-o|0 fnt|[from] psn\n|faint|p2b: Kommo-o\n|upkeep\n|\n|t:|1775892812\n|switch|p2b: Sinistcha|Sinistcha, L50|100/100\n|switch|p1a: Whimsicott|Whimsicott, L50, M|100/100\n|switch|p1b: Golurk|Golurk, L50|100/100\n|-heal|p2a: Gengar|66/100|[from] ability: Hospitality|[of] p2b: Sinistcha\n|turn|4\n|\n|t:|1775892827\n|detailschange|p1b: Golurk|Golurk-Mega, L50\n|-mega|p1b: Golurk|Golurk|Golurkite\n|move|p1b: Golurk|Protect|p1b: Golurk\n|-singleturn|p1b: Golurk|Protect\n|move|p2a: Gengar|Shadow Ball|p1b: Golurk\n|-activate|p1b: Golurk|move: Protect\n|move|p2b: Sinistcha|Matcha Gotcha|p1b: Golurk|[spread] p1a\n|-activate|p1b: Golurk|move: Protect\n|-resisted|p1a: Whimsicott|1\n|-damage|p1a: Whimsicott|81/100\n|move|p1a: Whimsicott|Trick Room|p1a: Whimsicott\n|-fieldstart|move: Trick Room|[of] p1a: Whimsicott\n|\n|-weather|SunnyDay|[upkeep]\n|upkeep\n|turn|5\n|\n|t:|1775892868\n|move|p2b: Sinistcha|Protect|p2b: Sinistcha\n|-singleturn|p2b: Sinistcha|Protect\n|move|p1b: Golurk|Ice Punch|p2b: Sinistcha\n|-supereffective|p2b: Sinistcha|1\n|-damage|p2b: Sinistcha|86/100\n|move|p1a: Whimsicott|Moonblast|p2a: Gengar\n|-resisted|p2a: Gengar|1\n|-activate|p2a: Gengar|move: Substitute|[damage]\n|move|p2a: Gengar|Perish Song|p2a: Gengar\n|-start|p1a: Whimsicott|perish3|[silent]\n|-start|p1b: Golurk|perish3|[silent]\n|-start|p2a: Gengar|perish3|[silent]\n|-start|p2b: Sinistcha|perish3|[silent]\n|-fieldactivate|move: Perish Song\n|\n|-weather|none\n|-start|p1b: Golurk|perish3\n|-start|p2b: Sinistcha|perish3\n|-start|p1a: Whimsicott|perish3\n|-start|p2a: Gengar|perish3\n|upkeep\n|turn|6\n|\n|t:|1775892891\n|move|p2a: Gengar|Protect|p2a: Gengar\n|-singleturn|p2a: Gengar|Protect\n|move|p1b: Golurk|High Horsepower|p2a: Gengar\n|-supereffective|p2a: Gengar|1\n|-end|p2a: Gengar|Substitute\n|move|p2b: Sinistcha|Life Dew|p2b: Sinistcha|[spread] p2a,p2b\n|-heal|p2a: Gengar|92/100\n|-heal|p2b: Sinistcha|100/100\n|move|p1a: Whimsicott|Moonblast|p2b: Sinistcha\n|-damage|p2b: Sinistcha|72/100\n|\n|-start|p1b: Golurk|perish2\n|-start|p2b: Sinistcha|perish2\n|-start|p1a: Whimsicott|perish2\n|-start|p2a: Gengar|perish2\n|upkeep\n|turn|7\n|\n|t:|1775892924\n|move|p2b: Sinistcha|Protect|p2b: Sinistcha\n|-singleturn|p2b: Sinistcha|Protect\n|move|p1b: Golurk|High Horsepower|p2a: Gengar\n|-supereffective|p2a: Gengar|1\n|-damage|p2a: Gengar|0 fnt\n|faint|p2a: Gengar\n|move|p1a: Whimsicott|Moonblast|p2b: Sinistcha\n|-activate|p2b: Sinistcha|move: Protect\n|\n|-start|p1b: Golurk|perish1\n|-start|p2b: Sinistcha|perish1\n|-start|p1a: Whimsicott|perish1\n|upkeep\n|\n|t:|1775892936\n|switch|p2a: Sneasler|Sneasler, L50, M|100/100\n|turn|8\n|\n|t:|1775892948\n|move|p2a: Sneasler|Protect|p2a: Sneasler\n|-singleturn|p2a: Sneasler|Protect\n|move|p1b: Golurk|Ice Punch|p2b: Sinistcha\n|-supereffective|p2b: Sinistcha|1\n|-damage|p2b: Sinistcha|13/100\n|-enditem|p2b: Sinistcha|Sitrus Berry|[eat]\n|-heal|p2b: Sinistcha|38/100|[from] item: Sitrus Berry\n|move|p2b: Sinistcha|Matcha Gotcha|p1b: Golurk|[spread] p1a,p1b\n|-resisted|p1a: Whimsicott|1\n|-supereffective|p1b: Golurk|1\n|-damage|p1a: Whimsicott|65/100\n|-heal|p2b: Sinistcha|46/100|[from] drain|[of] p1a: Whimsicott\n|-damage|p1b: Golurk|52/100\n|-heal|p2b: Sinistcha|73/100|[from] drain|[of] p1b: Golurk\n|move|p1a: Whimsicott|Moonblast|p2a: Sneasler\n|-activate|p2a: Sneasler|move: Protect\n|\n|-start|p1b: Golurk|perish0\n|-start|p2b: Sinistcha|perish0\n|-start|p1a: Whimsicott|perish0\n|-fieldend|move: Trick Room\n|faint|p1b: Golurk\n|faint|p2b: Sinistcha\n|faint|p1a: Whimsicott\n|\n|win|AaronAstro\n|raw|jimy68's rating: 1069 &rarr; <strong>1046</strong><br />(-23 for losing)\n|raw|AaronAstro's rating: 1022 &rarr; <strong>1064</strong><br />(+42 for winning)\n|l|\u2606jimy68\n|player|p1|\n",
  "uploadtime": 1775892970,
  "views": 22,
  "formatid": "gen9championsvgc2026regma",
  "rating": 1046,
  "private": 0,
  "password": null
}