{
  "id": "gen9championsvgc2026regma-2588294713",
  "format": "[Gen 9 Champions] VGC 2026 Reg M-A",
  "players": [
    "DavidTIS",
    "Lleir"
  ],
  "log": "|j|\u2606DavidTIS\n|j|\u2606Lleir\n|t:|1776621758\n|gametype|doubles\n|player|p1|DavidTIS|1|1167\n|player|p2|Lleir|265|1193\n|gen|9\n|tier|[Gen 9 Champions] VGC 2026 Reg M-A\n|rated|\n|rule|Species Clause: Limit one of each Pok\u00e9mon\n|rule|Item Clause: Limit 1 of each item\n|clearpoke\n|poke|p1|Starmie, L50|\n|poke|p1|Lucario, L50, M|\n|poke|p1|Zoroark-Hisui, L50, M|\n|poke|p1|Lycanroc-Dusk, L50, F|\n|poke|p1|Skarmory, L50, M|\n|poke|p1|Hydreigon, L50, M|\n|poke|p2|Gengar, L50, F|\n|poke|p2|Garchomp, L50, M|\n|poke|p2|Kommo-o, L50, F|\n|poke|p2|Tinkaton, L50, F|\n|poke|p2|Tyranitar, L50, M|\n|poke|p2|Rotom-Wash, L50|\n|teampreview|4\n|inactive|Battle timer is ON: inactive players will automatically lose when time's up. (requested by DavidTIS)\n|inactive|DavidTIS has 60 seconds left.\n|inactive|Lleir has 60 seconds left.\n|\n|t:|1776621815\n|teamsize|p1|4\n|teamsize|p2|4\n|start\n|switch|p1a: Starmie|Starmie, L50|100/100\n|switch|p1b: Hydreigon|Hydreigon, L50, M|100/100\n|switch|p2a: Rotom|Rotom-Wash, L50|100/100\n|switch|p2b: Garchomp|Garchomp, L50, M|100/100\n|turn|1\n|inactive|Lleir has 30 seconds left.\n|\n|t:|1776621845\n|detailschange|p1a: Starmie|Starmie-Mega, L50\n|-mega|p1a: Starmie|Starmie|Starminite\n|move|p1a: Starmie|Ice Spinner|p2b: Garchomp\n|-supereffective|p2b: Garchomp|2\n|-damage|p2b: Garchomp|0 fnt\n|-damage|p1a: Starmie|89/100|[from] ability: Rough Skin|[of] p2b: Garchomp\n|faint|p2b: Garchomp\n|move|p2a: Rotom|Electroweb|p1a: Starmie|[spread] p1a,p1b\n|-supereffective|p1a: Starmie|1\n|-resisted|p1b: Hydreigon|1\n|-damage|p1a: Starmie|43/100\n|-damage|p1b: Hydreigon|90/100\n|-unboost|p1a: Starmie|spe|1\n|-unboost|p1b: Hydreigon|spe|1\n|-enditem|p1b: Hydreigon|White Herb\n|-clearnegativeboost|p1b: Hydreigon|[silent]\n|move|p1b: Hydreigon|Tailwind|p1b: Hydreigon\n|-sidestart|p1: DavidTIS|move: Tailwind\n|\n|upkeep\n|\n|t:|1776621862\n|switch|p2b: Tinkaton|Tinkaton, L50, F|100/100\n|-ability|p2b: Tinkaton|Mold Breaker\n|turn|2\n|\n|t:|1776621881\n|move|p2b: Tinkaton|Fake Out|p1a: Starmie\n|-damage|p1a: Starmie|32/100\n|move|p1b: Hydreigon|Draco Meteor|p2a: Rotom\n|-enditem|p2a: Rotom|Focus Sash\n|-damage|p2a: Rotom|1/100\n|-unboost|p1b: Hydreigon|spa|2\n|cant|p1a: Starmie|flinch\n|move|p2a: Rotom|Electroweb|p1b: Hydreigon|[spread] p1a,p1b\n|-supereffective|p1a: Starmie|1\n|-resisted|p1b: Hydreigon|1\n|-damage|p1a: Starmie|0 fnt\n|-damage|p1b: Hydreigon|80/100\n|-unboost|p1b: Hydreigon|spe|1\n|faint|p1a: Starmie\n|\n|upkeep\n|\n|t:|1776621904\n|switch|p1a: Lucario|Lucario, L50, M|100/100\n|turn|3\n|inactive|DavidTIS has 30 seconds left.\n|\n|t:|1776621932\n|move|p2b: Tinkaton|Protect|p2b: Tinkaton\n|-singleturn|p2b: Tinkaton|Protect\n|move|p1a: Lucario|Flash Cannon|p2b: Tinkaton\n|-activate|p2b: Tinkaton|move: Protect\n|move|p1b: Hydreigon|Dark Pulse|p2a: Rotom\n|-damage|p2a: Rotom|0 fnt\n|faint|p2a: Rotom\n|\n|upkeep\n|\n|t:|1776621940\n|switch|p2a: Tyranitar|Tyranitar, L50, M|100/100\n|-weather|Sandstorm|[from] ability: Sand Stream|[of] p2a: Tyranitar\n|turn|4\n|\n|t:|1776621952\n|detailschange|p2a: Tyranitar|Tyranitar-Mega, L50, M\n|-mega|p2a: Tyranitar|Tyranitar|Tyranitarite\n|move|p1b: Hydreigon|Protect|p1b: Hydreigon\n|-singleturn|p1b: Hydreigon|Protect\n|move|p2a: Tyranitar|Protect|p2a: Tyranitar\n|-singleturn|p2a: Tyranitar|Protect\n|move|p1a: Lucario|Aura Sphere|p2a: Tyranitar\n|-activate|p2a: Tyranitar|move: Protect\n|move|p2b: Tinkaton|Play Rough|p1b: Hydreigon\n|-activate|p1b: Hydreigon|move: Protect\n|\n|-weather|Sandstorm|[upkeep]\n|-damage|p1b: Hydreigon|74/100|[from] Sandstorm\n|-sideend|p1: DavidTIS|move: Tailwind\n|upkeep\n|turn|5\n|inactive|Lleir has 30 seconds left.\n|\n|t:|1776621979\n|switch|p1b: Hydreigon|Hydreigon, L50, M|100/100\n|move|p1a: Lucario|Aura Sphere|p2a: Tyranitar\n|-supereffective|p2a: Tyranitar|2\n|-damage|p2a: Tyranitar|12/100\n|move|p2b: Tinkaton|Play Rough|p1b: Hydreigon\n|-damage|p1b: Hydreigon|37/100\n|replace|p1b: Zoroark|Zoroark-Hisui, L50, M\n|-end|p1b: Zoroark|Illusion\n|move|p2a: Tyranitar|Superpower|p1a: Lucario\n|-supereffective|p1a: Lucario|1\n|-damage|p1a: Lucario|0 fnt\n|-unboost|p2a: Tyranitar|atk|1\n|-unboost|p2a: Tyranitar|def|1\n|faint|p1a: Lucario\n|\n|-weather|Sandstorm|[upkeep]\n|-damage|p1b: Zoroark|31/100|[from] Sandstorm\n|upkeep\n|\n|t:|1776621996\n|switch|p1a: Hydreigon|Hydreigon, L50, M|74/100\n|turn|6\n|\n|t:|1776622017\n|move|p2a: Tyranitar|Protect|p2a: Tyranitar\n|-singleturn|p2a: Tyranitar|Protect\n|move|p1a: Hydreigon|Dark Pulse|p2b: Tinkaton\n|-resisted|p2b: Tinkaton|1\n|-damage|p2b: Tinkaton|78/100\n|move|p1b: Zoroark|Poltergeist|p2b: Tinkaton\n|-activate|p2b: Tinkaton|move: Poltergeist|Shuca Berry\n|-damage|p2b: Tinkaton|31/100\n|move|p2b: Tinkaton|Play Rough|p1a: Hydreigon|[miss]\n|-miss|p2b: Tinkaton|p1a: Hydreigon\n|\n|-weather|Sandstorm|[upkeep]\n|-damage|p1a: Hydreigon|68/100|[from] Sandstorm\n|-damage|p1b: Zoroark|25/100|[from] Sandstorm\n|upkeep\n|turn|7\n|inactive|DavidTIS has 30 seconds left.\n|\n|t:|1776622043\n|move|p1a: Hydreigon|Dark Pulse|p2b: Tinkaton\n|-resisted|p2b: Tinkaton|1\n|-damage|p2b: Tinkaton|11/100\n|move|p1b: Zoroark|Shadow Ball|p2b: Tinkaton\n|-damage|p2b: Tinkaton|0 fnt\n|faint|p2b: Tinkaton\n|move|p2a: Tyranitar|Crunch|p1b: Zoroark\n|-supereffective|p1b: Zoroark|1\n|-damage|p1b: Zoroark|0 fnt\n|faint|p1b: Zoroark\n|\n|-weather|Sandstorm|[upkeep]\n|-damage|p1a: Hydreigon|62/100|[from] Sandstorm\n|upkeep\n|turn|8\n|\n|t:|1776622057\n|move|p1a: Hydreigon|Draco Meteor|p2a: Tyranitar\n|-damage|p2a: Tyranitar|0 fnt\n|-unboost|p1a: Hydreigon|spa|2\n|faint|p2a: Tyranitar\n|\n|win|DavidTIS\n|raw|DavidTIS's rating: 1167 &rarr; <strong>1194</strong><br />(+27 for winning)\n|raw|Lleir's rating: 1193 &rarr; <strong>1166</strong><br />(-27 for losing)\n|l|\u2606Lleir\n|player|p2|\n",
  "uploadtime": 1776622063,
  "views": 10,
  "formatid": "gen9championsvgc2026regma",
  "rating": 1166,
  "private": 0,
  "password": null
}