{
  "id": "gen9championsvgc2026regma-2584809853",
  "format": "[Gen 9 Champions] VGC 2026 Reg M-A",
  "players": [
    "Preeplup",
    "ohaimiles"
  ],
  "log": "|j|\u2606Preeplup\n|j|\u2606ohaimiles\n|t:|1776285314\n|gametype|doubles\n|player|p1|Preeplup|1|1140\n|player|p2|ohaimiles|266|1219\n|gen|9\n|tier|[Gen 9 Champions] VGC 2026 Reg M-A\n|rated|\n|rule|Species Clause: Limit one of each Pok\u00e9mon\n|rule|Item Clause: Limit 1 of each item\n|clearpoke\n|poke|p1|Greninja-*, L50, M|\n|poke|p1|Typhlosion-Hisui, L50, M|\n|poke|p1|Garchomp, L50, M|\n|poke|p1|Aerodactyl, L50, M|\n|poke|p1|Incineroar, L50, M|\n|poke|p1|Empoleon, L50, M|\n|poke|p2|Froslass, L50, F|\n|poke|p2|Maushold-Four, L50|\n|poke|p2|Rotom-Wash, L50|\n|poke|p2|Garchomp, L50, M|\n|poke|p2|Incineroar, L50, M|\n|poke|p2|Kingambit, L50, M|\n|teampreview|4\nohaimiles has agreed to open team sheets.\n|inactive|Battle timer is ON: inactive players will automatically lose when time's up. (requested by Preeplup)\n|\n|t:|1776285365\n|teamsize|p1|4\n|teamsize|p2|4\n|start\n|switch|p1a: Greninja|Greninja, L50, M|100/100\n|switch|p1b: Typhlosion|Typhlosion-Hisui, L50, M|100/100\n|switch|p2a: Rotom|Rotom-Wash, L50|100/100\n|switch|p2b: Garchomp|Garchomp, L50, M|100/100\n|-item|p2a: Rotom|Choice Scarf|[from] ability: Frisk|[of] p1b: Typhlosion\n|-item|p2b: Garchomp|White Herb|[from] ability: Frisk|[of] p1b: Typhlosion\n|turn|1\n|\n|t:|1776285387\n|move|p2b: Garchomp|Protect|p2b: Garchomp\n|-singleturn|p2b: Garchomp|Protect\n|move|p1b: Typhlosion|Protect|p1b: Typhlosion\n|-singleturn|p1b: Typhlosion|Protect\n|move|p2a: Rotom|Electroweb|p1a: Greninja|[spread] p1a\n|-activate|p1b: Typhlosion|move: Protect\n|-supereffective|p1a: Greninja|1\n|-damage|p1a: Greninja|36/100\n|-unboost|p1a: Greninja|spe|1\n|move|p1a: Greninja|Icy Wind|p2b: Garchomp|[spread] p2a\n|-start|p1a: Greninja|typechange|Ice|[from] ability: Protean\n|-activate|p2b: Garchomp|move: Protect\n|-resisted|p2a: Rotom|1\n|-damage|p2a: Rotom|92/100\n|-unboost|p2a: Rotom|spe|1\n|\n|upkeep\n|turn|2\n|\n|t:|1776285407\n|switch|p2b: Incineroar|Incineroar, L50, M|100/100\n|-ability|p2b: Incineroar|Intimidate|boost\n|-unboost|p1a: Greninja|atk|1\n|-unboost|p1b: Typhlosion|atk|1\n|detailschange|p1a: Greninja|Greninja-Mega, L50, M\n|-mega|p1a: Greninja|Greninja|Greninjite\n|move|p1a: Greninja|Icy Wind|p2b: Incineroar|[spread] p2a,p2b\n|-start|p1a: Greninja|typechange|Ice|[from] ability: Protean\n|-resisted|p2a: Rotom|1\n|-resisted|p2b: Incineroar|1\n|-crit|p2b: Incineroar\n|-damage|p2a: Rotom|81/100\n|-damage|p2b: Incineroar|90/100\n|-unboost|p2a: Rotom|spe|1\n|-unboost|p2b: Incineroar|spe|1\n|move|p1b: Typhlosion|Eruption|p2b: Incineroar|[spread] p2a,p2b\n|-resisted|p2a: Rotom|1\n|-resisted|p2b: Incineroar|1\n|-damage|p2a: Rotom|30/100\n|-damage|p2b: Incineroar|58/100\n|move|p2a: Rotom|Electroweb|p1b: Typhlosion|[spread] p1a,p1b\n|-damage|p1a: Greninja|6/100\n|-damage|p1b: Typhlosion|78/100\n|-unboost|p1a: Greninja|spe|1\n|-unboost|p1b: Typhlosion|spe|1\n|\n|upkeep\n|turn|3\n|inactive|Preeplup has 30 seconds left.\n|inactive|ohaimiles has 30 seconds left.\n|inactive|Preeplup has 20 seconds left.\n|inactive|ohaimiles has 20 seconds left.\n|inactive|Preeplup has 15 seconds left.\n|inactive|Preeplup has 10 seconds left.\n|inactive|Preeplup has 5 seconds left.\n|\n|t:|1776285459\n|move|p1b: Typhlosion|Protect|p1b: Typhlosion\n|-singleturn|p1b: Typhlosion|Protect\n|move|p2b: Incineroar|Fake Out|p1a: Greninja\n|-damage|p1a: Greninja|0 fnt\n|faint|p1a: Greninja\n|move|p2a: Rotom|Electroweb|p1b: Typhlosion\n|-activate|p1b: Typhlosion|move: Protect\n|\n|upkeep\n|\n|t:|1776285479\n|switch|p1a: Aerodactyl|Aerodactyl, L50, M, shiny|100/100\n|-ability|p1a: Aerodactyl|Unnerve\n|turn|4\n|\n|t:|1776285494\n|switch|p2a: Garchomp|Garchomp, L50, M|100/100\n|move|p1a: Aerodactyl|Rock Slide|p2b: Incineroar|[spread] p2b\n|-miss|p1a: Aerodactyl|p2a: Garchomp\n|-supereffective|p2b: Incineroar|1\n|-damage|p2b: Incineroar|7/100\n|move|p1b: Typhlosion|Eruption|p2b: Incineroar|[spread] p2a,p2b\n|-resisted|p2a: Garchomp|1\n|-resisted|p2b: Incineroar|1\n|-damage|p2a: Garchomp|68/100\n|-damage|p2b: Incineroar|0 fnt\n|faint|p2b: Incineroar\n|\n|upkeep\n|\n|t:|1776285504\n|switch|p2b: Rotom|Rotom-Wash, L50|30/100\n|turn|5\n|\n|t:|1776285523\n|switch|p1b: Garchomp|Garchomp, L50, M|100/100\n|move|p2b: Rotom|Thunderbolt|p1a: Aerodactyl\n|-supereffective|p1a: Aerodactyl|1\n|-enditem|p1a: Aerodactyl|Focus Sash\n|-damage|p1a: Aerodactyl|1/100\n|move|p1a: Aerodactyl|Tailwind|p1a: Aerodactyl\n|-sidestart|p1: Preeplup|move: Tailwind\n|move|p2a: Garchomp|Earthquake|p1b: Garchomp|[spread] p1b\n|-immune|p2b: Rotom|[from] ability: Levitate\n|-immune|p1a: Aerodactyl\n|-damage|p1b: Garchomp|59/100\n|\n|upkeep\n|turn|6\n|\n|t:|1776285544\n|move|p2a: Garchomp|Protect|p2a: Garchomp\n|-singleturn|p2a: Garchomp|Protect\n|move|p1a: Aerodactyl|Dual Wingbeat|p2b: Rotom\n|-resisted|p2b: Rotom|1\n|-damage|p2b: Rotom|19/100\n|-resisted|p2b: Rotom|1\n|-crit|p2b: Rotom\n|-damage|p2b: Rotom|3/100\n|-hitcount|p2b: Rotom|2\n|move|p1b: Garchomp|Dragon Claw|p2a: Garchomp\n|-activate|p2a: Garchomp|move: Protect\n|move|p2b: Rotom|Thunderbolt|p1a: Aerodactyl\n|-supereffective|p1a: Aerodactyl|1\n|-crit|p1a: Aerodactyl\n|-damage|p1a: Aerodactyl|0 fnt\n|faint|p1a: Aerodactyl\n|\n|upkeep\n|\n|t:|1776285550\n|switch|p1a: Typhlosion|Typhlosion-Hisui, L50, M|78/100\n|-item|p2a: Garchomp|White Herb|[from] ability: Frisk|[of] p1a: Typhlosion\n|-item|p2b: Rotom|Choice Scarf|[from] ability: Frisk|[of] p1a: Typhlosion\n|turn|7\n|inactive|ohaimiles has 30 seconds left.\n|inactive|ohaimiles has 20 seconds left.\n|inactive|ohaimiles has 15 seconds left.\n|inactive|ohaimiles has 10 seconds left.\n|\n|t:|1776285595\n|move|p2a: Garchomp|Protect||[still]\n|-fail|p2a: Garchomp\n|move|p1b: Garchomp|Dragon Claw|p2a: Garchomp\n|-supereffective|p2a: Garchomp|1\n|-damage|p2a: Garchomp|0 fnt\n|faint|p2a: Garchomp\n|move|p1a: Typhlosion|Eruption|p2b: Rotom\n|-resisted|p2b: Rotom|1\n|-damage|p2b: Rotom|0 fnt\n|faint|p2b: Rotom\n|\n|upkeep\n|\n|t:|1776285597\n|switch|p2b: Froslass|Froslass, L50, F|100/100\n|turn|8\n|\n|t:|1776285618\n|move|p2b: Froslass|Protect|p2b: Froslass\n|-singleturn|p2b: Froslass|Protect\n|move|p1b: Garchomp|Dragon Claw|p2b: Froslass\n|-activate|p2b: Froslass|move: Protect\n|move|p1a: Typhlosion|Shadow Ball|p2b: Froslass\n|-activate|p2b: Froslass|move: Protect\n|\n|-sideend|p1: Preeplup|move: Tailwind\n|upkeep\n|turn|9\n|\n|t:|1776285638\n|detailschange|p2b: Froslass|Froslass-Mega, L50, F\n|-mega|p2b: Froslass|Froslass|Froslassite\n|-weather|Snowscape|[from] ability: Snow Warning|[of] p2b: Froslass\n|move|p1b: Garchomp|Protect|p1b: Garchomp\n|-singleturn|p1b: Garchomp|Protect\n|move|p2b: Froslass|Shadow Ball|p1a: Typhlosion\n|-supereffective|p1a: Typhlosion|1\n|-damage|p1a: Typhlosion|0 fnt\n|faint|p1a: Typhlosion\n|\n|-weather|Snowscape|[upkeep]\n|upkeep\n|turn|10\n|c|\u2606ohaimiles|ggwp\n|\n|t:|1776285646\n|move|p2b: Froslass|Blizzard|p1b: Garchomp\n|-supereffective|p1b: Garchomp|2\n|-damage|p1b: Garchomp|0 fnt\n|faint|p1b: Garchomp\n|\n|win|ohaimiles\n|raw|Preeplup's rating: 1140 &rarr; <strong>1121</strong><br />(-19 for losing)\n|raw|ohaimiles's rating: 1219 &rarr; <strong>1238</strong><br />(+19 for winning)\n",
  "uploadtime": 1776285650,
  "views": 24,
  "formatid": "gen9championsvgc2026regma",
  "rating": 1121,
  "private": 0,
  "password": null
}