{
  "id": "gen9championsvgc2026regma-2582080496",
  "format": "[Gen 9 Champions] VGC 2026 Reg M-A",
  "players": [
    "s4f",
    "GoldHakurei"
  ],
  "log": "|j|\u2606s4f\n|j|\u2606GoldHakurei\n|t:|1776055407\n|gametype|doubles\n|player|p1|s4f|1|1000\n|player|p2|GoldHakurei|miku-ghost|1000\n|gen|9\n|tier|[Gen 9 Champions] VGC 2026 Reg M-A\n|rated|\n|rule|Species Clause: Limit one of each Pok\u00e9mon\n|rule|Item Clause: Limit 1 of each item\n|clearpoke\n|poke|p1|Klefki, L50, F|\n|poke|p1|Vivillon-Icy Snow, L50, M|\n|poke|p1|Delphox, L50, F|\n|poke|p1|Sinistcha, L50|\n|poke|p1|Milotic, L50, F|\n|poke|p1|Garchomp, L50, F|\n|poke|p2|Froslass, L50, F|\n|poke|p2|Whimsicott, L50, M|\n|poke|p2|Incineroar, L50, M|\n|poke|p2|Beartic, L50, M|\n|poke|p2|Sneasler, L50, M|\n|poke|p2|Gyarados, L50, M|\n|teampreview|4\n|inactive|Battle timer is ON: inactive players will automatically lose when time's up. (requested by GoldHakurei)\nGoldHakurei has agreed to open team sheets.\n|inactive|s4f has 60 seconds left.\n|\n|t:|1776055444\n|teamsize|p1|4\n|teamsize|p2|4\n|start\n|switch|p1a: Klefki|Klefki, L50, F|100/100\n|switch|p1b: Vivillon|Vivillon-Icy Snow, L50, M|100/100\n|switch|p2a: Incineroar|Incineroar, L50, M|100/100\n|switch|p2b: Whimsicott|Whimsicott, L50, M|100/100\n|-ability|p2a: Incineroar|Intimidate|boost\n|-unboost|p1a: Klefki|atk|1\n|-unboost|p1b: Vivillon|atk|1\n|turn|1\n|\n|t:|1776055463\n|move|p2a: Incineroar|Fake Out|p1a: Klefki\n|-resisted|p1a: Klefki|1\n|-damage|p1a: Klefki|94/100\n|move|p2b: Whimsicott|Taunt|p1b: Vivillon\n|-start|p1b: Vivillon|move: Taunt\n|cant|p1a: Klefki|flinch\n|cant|p1b: Vivillon|move: Taunt|Sleep Powder\n|\n|upkeep\n|turn|2\n|\n|t:|1776055477\n|switch|p1b: Delphox|Delphox, L50, F|100/100\n|move|p2b: Whimsicott|Tailwind|p2b: Whimsicott\n|-sidestart|p2: GoldHakurei|move: Tailwind\n|move|p1a: Klefki|Iron Defense|p1a: Klefki\n|-boost|p1a: Klefki|def|2\n|move|p2a: Incineroar|Parting Shot|p1b: Delphox\n|-unboost|p1b: Delphox|atk|1\n|-unboost|p1b: Delphox|spa|1\n|\n|t:|1776055489\n|switch|p2a: Sneasler|Sneasler, L50, M|100/100|[from] Parting Shot\n|\n|upkeep\n|turn|3\n|inactive|s4f has 30 seconds left.\n|\n|t:|1776055515\n|switch|p1b: Vivillon|Vivillon-Icy Snow, L50, M|100/100\n|move|p2a: Sneasler|Fake Out|p1b: Vivillon\n|-damage|p1b: Vivillon|75/100\n|move|p2b: Whimsicott|Encore|p1a: Klefki\n|-start|p1a: Klefki|Encore\n|move|p1a: Klefki|Iron Defense|p1a: Klefki\n|-boost|p1a: Klefki|def|2\n|\n|upkeep\n|turn|4\n|inactive|s4f has 30 seconds left.\n|\n|t:|1776055543\n|move|p1a: Klefki|Iron Defense|p1a: Klefki\n|-boost|p1a: Klefki|def|2\n|move|p2a: Sneasler|Dire Claw|p1b: Vivillon\n|-damage|p1b: Vivillon|0 fnt\n|faint|p1b: Vivillon\n|move|p2b: Whimsicott|Moonblast|p1a: Klefki\n|-resisted|p1a: Klefki|1\n|-damage|p1a: Klefki|68/100\n|\n|upkeep\n|\n|t:|1776055548\n|switch|p1b: Delphox|Delphox, L50, F|100/100\n|turn|5\n|\n|t:|1776055570\n|switch|p2a: Incineroar|Incineroar, L50, M|100/100\n|-ability|p2a: Incineroar|Intimidate|boost\n|-unboost|p1a: Klefki|atk|1\n|-unboost|p1b: Delphox|atk|1\n|detailschange|p1b: Delphox|Delphox-Mega, L50, F\n|-mega|p1b: Delphox|Delphox|Delphoxite\n|move|p1a: Klefki|Iron Defense|p1a: Klefki\n|-boost|p1a: Klefki|def|0\n|move|p2b: Whimsicott|Moonblast|p1a: Klefki\n|-resisted|p1a: Klefki|1\n|-damage|p1a: Klefki|43/100\n|move|p1b: Delphox|Heat Wave|p2a: Incineroar|[spread] p2a,p2b\n|-resisted|p2a: Incineroar|1\n|-supereffective|p2b: Whimsicott|1\n|-damage|p2a: Incineroar|84/100\n|-enditem|p2b: Whimsicott|Focus Sash\n|-damage|p2b: Whimsicott|1/100\n|\n|-end|p1a: Klefki|Encore\n|-sideend|p2: GoldHakurei|move: Tailwind\n|upkeep\n|turn|6\n|inactive|s4f has 30 seconds left.\n|inactive|s4f has 20 seconds left.\n|inactive|s4f has 15 seconds left.\n|inactive|s4f has 10 seconds left.\n|\n|t:|1776055616\n|move|p2a: Incineroar|Fake Out|p1b: Delphox\n|-damage|p1b: Delphox|82/100\n|move|p2b: Whimsicott|Encore|p1a: Klefki\n|-start|p1a: Klefki|Encore\n|move|p1a: Klefki|Iron Defense|p1a: Klefki\n|-boost|p1a: Klefki|def|0\n|cant|p1b: Delphox|flinch\n|\n|upkeep\n|turn|7\n|\n|t:|1776055632\n|move|p2b: Whimsicott|Taunt|p1a: Klefki\n|-start|p1a: Klefki|move: Taunt\n|cant|p1a: Klefki|move: Taunt|Iron Defense\n|move|p1b: Delphox|Heat Wave|p2b: Whimsicott|[spread] p2a,p2b\n|-resisted|p2a: Incineroar|1\n|-supereffective|p2b: Whimsicott|1\n|-damage|p2a: Incineroar|67/100\n|-damage|p2b: Whimsicott|0 fnt\n|faint|p2b: Whimsicott\n|move|p2a: Incineroar|Darkest Lariat|p1b: Delphox\n|-supereffective|p1b: Delphox|1\n|-damage|p1b: Delphox|0 fnt\n|faint|p1b: Delphox\n|\n|upkeep\n|\n|t:|1776055640\n|switch|p1b: Milotic|Milotic, L50, F|100/100\n|switch|p2b: Sneasler|Sneasler, L50, M|100/100\n|turn|8\n|\n|t:|1776055654\n|move|p2b: Sneasler|Fake Out|p1b: Milotic\n|-damage|p1b: Milotic|90/100\n|cant|p1b: Milotic|flinch\n|-activate|p1a: Klefki|move: Struggle\n|move|p1a: Klefki|Struggle|p2a: Incineroar\n|-damage|p2a: Incineroar|63/100\n|-damage|p1a: Klefki|18/100|[from] recoil\n|move|p2a: Incineroar|Will-O-Wisp|p1a: Klefki\n|-status|p1a: Klefki|brn\n|\n|-heal|p1b: Milotic|96/100|[from] item: Leftovers\n|-damage|p1a: Klefki|12/100 brn|[from] brn\n|-end|p1a: Klefki|Encore\n|upkeep\n|turn|9\n|c|\u2606s4f|was that fun\n|c|\u2606s4f|or nah\n|-message|s4f forfeited.\n|\n|win|GoldHakurei\n|raw|s4f's rating: 1000 &rarr; <strong>1000</strong><br />(+0 for losing)\n|raw|GoldHakurei's rating: 1000 &rarr; <strong>1040</strong><br />(+40 for winning)\n|l|\u2606s4f\n|player|p1|\n",
  "uploadtime": 1776055674,
  "views": 11,
  "formatid": "gen9championsvgc2026regma",
  "rating": 1000,
  "private": 0,
  "password": null
}