{
  "id": "gen9championsvgc2026regma-2582864798",
  "format": "[Gen 9 Champions] VGC 2026 Reg M-A",
  "players": [
    "gebershoun",
    "penledzuu"
  ],
  "log": "|j|\u2606gebershoun\n|j|\u2606penledzuu\n|t:|1776120227\n|gametype|doubles\n|player|p1|gebershoun|102|1161\n|player|p2|penledzuu|ninjaboy|1202\n|gen|9\n|tier|[Gen 9 Champions] VGC 2026 Reg M-A\n|rated|\n|rule|Species Clause: Limit one of each Pok\u00e9mon\n|rule|Item Clause: Limit 1 of each item\n|clearpoke\n|poke|p1|Floette-Eternal, L50, F|\n|poke|p1|Incineroar, L50, F|\n|poke|p1|Sneasler, L50, M|\n|poke|p1|Garchomp, L50, M|\n|poke|p1|Aerodactyl, L50, F|\n|poke|p1|Rotom-Wash, L50|\n|poke|p2|Gengar, L50, M|\n|poke|p2|Gardevoir, L50, M|\n|poke|p2|Arcanine-Hisui, L50, F|\n|poke|p2|Charizard, L50, M|\n|poke|p2|Machamp, L50, F|\n|poke|p2|Sneasler, L50, M|\n|teampreview|4\n|inactive|Battle timer is ON: inactive players will automatically lose when time's up. (requested by penledzuu)\n|inactive|gebershoun has 60 seconds left.\n|inactive|penledzuu has 60 seconds left.\n|\n|t:|1776120267\n|teamsize|p1|4\n|teamsize|p2|4\n|start\n|switch|p1a: Incineroar|Incineroar, L50, F|100/100\n|switch|p1b: Rotom|Rotom-Wash, L50, shiny|100/100\n|switch|p2a: Gengar|Gengar, L50, M, shiny|100/100\n|switch|p2b: Sneasler|Sneasler, L50, M|100/100\n|-ability|p1a: Incineroar|Intimidate|boost\n|-unboost|p2a: Gengar|atk|1\n|-unboost|p2b: Sneasler|atk|1\n|-enditem|p2b: Sneasler|White Herb\n|-clearnegativeboost|p2b: Sneasler|[silent]\n|turn|1\n|\n|t:|1776120286\n|move|p2b: Sneasler|Fake Out|p1a: Incineroar\n|-damage|p1a: Incineroar|88/100\n|cant|p1a: Incineroar|flinch\n|move|p1b: Rotom|Electroweb|p2a: Gengar|[spread] p2a,p2b\n|-damage|p2a: Gengar|73/100\n|-damage|p2b: Sneasler|79/100\n|-unboost|p2a: Gengar|spe|1\n|-unboost|p2b: Sneasler|spe|1\n|move|p2a: Gengar|Shadow Ball|p1b: Rotom\n|-damage|p1b: Rotom|53/100\n|\n|upkeep\n|turn|2\n|\n|t:|1776120308\n|switch|p1a: Sneasler|Sneasler, L50, M|100/100\n|move|p2b: Sneasler|Dire Claw|p1b: Rotom\n|-damage|p1b: Rotom|0 fnt\n|faint|p1b: Rotom\n|move|p2a: Gengar|Destiny Bond|p2a: Gengar\n|-singlemove|p2a: Gengar|Destiny Bond\n|\n|upkeep\n|\n|t:|1776120318\n|switch|p1b: Incineroar|Incineroar, L50, F|88/100\n|-ability|p1b: Incineroar|Intimidate|boost\n|-unboost|p2a: Gengar|atk|1\n|-unboost|p2b: Sneasler|atk|1\n|turn|3\n|\n|t:|1776120330\n|move|p1a: Sneasler|Fake Out|p2b: Sneasler\n|-damage|p2b: Sneasler|57/100\n|cant|p2b: Sneasler|flinch\n|move|p2a: Gengar|Shadow Ball|p1a: Sneasler\n|-crit|p1a: Sneasler\n|-damage|p1a: Sneasler|2/100\n|move|p1b: Incineroar|Flare Blitz|p2b: Sneasler\n|-damage|p2b: Sneasler|0 fnt\n|faint|p2b: Sneasler\n|-damage|p1b: Incineroar|74/100|[from] Recoil\n|\n|upkeep\n|\n|t:|1776120345\n|switch|p2b: Machamp|Machamp, L50, F|100/100\n|turn|4\n|\n|t:|1776120358\n|move|p2b: Machamp|Bullet Punch|p1a: Sneasler\n|-damage|p1a: Sneasler|0 fnt\n|faint|p1a: Sneasler\n|move|p2a: Gengar|Destiny Bond|p2a: Gengar\n|-singlemove|p2a: Gengar|Destiny Bond\n|move|p1b: Incineroar|Throat Chop|p2a: Gengar\n|-supereffective|p2a: Gengar|1\n|-damage|p2a: Gengar|0 fnt\n|faint|p2a: Gengar\n|-activate|p2a: Gengar|move: Destiny Bond\n|faint|p1b: Incineroar\n|\n|upkeep\n|\n|t:|1776120366\n|switch|p2a: Gardevoir|Gardevoir, L50, M|100/100\n|switch|p1b: Garchomp|Garchomp, L50, M|100/100\n|-ability|p2a: Gardevoir|Rough Skin|Trace|[from] ability: Trace|[of] p1b: Garchomp\n|turn|5\n|\n|t:|1776120372\n|move|p1b: Garchomp|Earthquake|p2b: Machamp|[spread] p2a,p2b\n|-damage|p2a: Gardevoir|19/100\n|-damage|p2b: Machamp|50/100\n|-enditem|p2a: Gardevoir|Sitrus Berry|[eat]\n|-heal|p2a: Gardevoir|44/100|[from] item: Sitrus Berry\n|move|p2a: Gardevoir|Moonblast|p1b: Garchomp\n|-supereffective|p1b: Garchomp|1\n|-damage|p1b: Garchomp|0 fnt\n|faint|p1b: Garchomp\n|\n|win|penledzuu\n|raw|gebershoun's rating: 1161 &rarr; <strong>1139</strong><br />(-22 for losing)\n|raw|penledzuu's rating: 1202 &rarr; <strong>1224</strong><br />(+22 for winning)\n|l|\u2606gebershoun\n|player|p1|\n",
  "uploadtime": 1776120380,
  "views": 15,
  "formatid": "gen9championsvgc2026regma",
  "rating": 1139,
  "private": 0,
  "password": null
}