{
  "id": "gen9championsvgc2026regma-2583296211",
  "format": "[Gen 9 Champions] VGC 2026 Reg M-A",
  "players": [
    "Matthewteamtox69",
    "wzzlr"
  ],
  "log": "|j|\u2606Matthewteamtox69\n|j|\u2606wzzlr\n|t:|1776164269\n|gametype|doubles\n|player|p1|Matthewteamtox69|ingo|1251\n|player|p2|wzzlr|rancher|1198\n|gen|9\n|tier|[Gen 9 Champions] VGC 2026 Reg M-A\n|rated|\n|rule|Species Clause: Limit one of each Pok\u00e9mon\n|rule|Item Clause: Limit 1 of each item\n|clearpoke\n|poke|p1|Blastoise, L50, F|\n|poke|p1|Pelipper, L50, M|\n|poke|p1|Archaludon, L50, F|\n|poke|p1|Basculegion, L50, M|\n|poke|p1|Maushold-Four, L50|\n|poke|p1|Primarina, L50, M|\n|poke|p2|Sneasler, L50, M|\n|poke|p2|Pelipper, L50, F|\n|poke|p2|Basculegion, L50, M|\n|poke|p2|Farigiraf, L50, F|\n|poke|p2|Archaludon, L50, M|\n|poke|p2|Meganium, L50, F|\n|teampreview|4\n|inactive|Battle timer is ON: inactive players will automatically lose when time's up. (requested by wzzlr)\n|inactive|wzzlr has 60 seconds left.\n|\n|t:|1776164302\n|teamsize|p1|4\n|teamsize|p2|4\n|start\n|switch|p1a: toilet|Pelipper, L50, M|100/100\n|switch|p1b: Mickey|Maushold-Four, L50|100/100\n|switch|p2a: Sneasler|Sneasler, L50, M|100/100\n|switch|p2b: Farigiraf|Farigiraf, L50, F, shiny|100/100\n|-weather|RainDance|[from] ability: Drizzle|[of] p1a: toilet\n|turn|1\n|\n|t:|1776164321\n|move|p2a: Sneasler|Fake Out|p1b: Mickey\n|-crit|p1b: Mickey\n|-damage|p1b: Mickey|66/100\n|cant|p1b: Mickey|flinch\n|move|p1a: toilet|Tailwind|p1a: toilet\n|-sidestart|p1: Matthewteamtox69|move: Tailwind\n|move|p2b: Farigiraf|Trick Room|p2b: Farigiraf\n|-fieldstart|move: Trick Room|[of] p2b: Farigiraf\n|\n|-weather|RainDance|[upkeep]\n|upkeep\n|turn|2\n|\n|t:|1776164337\n|switch|p2a: Archaludon|Archaludon, L50, M|100/100\n|move|p2b: Farigiraf|Twin Beam|p1b: Mickey\n|-damage|p1b: Mickey|44/100\n|-damage|p1b: Mickey|21/100\n|-hitcount|p1b: Mickey|2\n|move|p1a: toilet|Hurricane|p2a: Archaludon\n|-resisted|p2a: Archaludon|1\n|-damage|p2a: Archaludon|75/100\n|-start|p2a: Archaludon|confusion\n|-ability|p2a: Archaludon|Stamina|boost\n|-boost|p2a: Archaludon|def|1\n|move|p1b: Mickey|Population Bomb|p2b: Farigiraf\n|-damage|p2b: Farigiraf|93/100\n|-damage|p2b: Farigiraf|87/100\n|-damage|p2b: Farigiraf|82/100\n|-damage|p2b: Farigiraf|75/100\n|-damage|p2b: Farigiraf|69/100\n|-damage|p2b: Farigiraf|62/100\n|-damage|p2b: Farigiraf|56/100\n|-damage|p2b: Farigiraf|50/100\n|-enditem|p2b: Farigiraf|Sitrus Berry|[eat]\n|-heal|p2b: Farigiraf|74/100|[from] item: Sitrus Berry\n|-damage|p2b: Farigiraf|69/100\n|-damage|p2b: Farigiraf|63/100\n|-hitcount|p2b: Farigiraf|10\n|\n|-weather|RainDance|[upkeep]\n|-heal|p2a: Archaludon|81/100|[from] item: Leftovers\n|upkeep\n|turn|3\n|inactive|Matthewteamtox69 has 30 seconds left.\n|inactive|Matthewteamtox69 has 20 seconds left.\n|\n|t:|1776164373\n|move|p2b: Farigiraf|Hyper Voice|p1b: Mickey|[spread] p1a,p1b\n|-damage|p1a: toilet|71/100\n|-damage|p1b: Mickey|0 fnt\n|faint|p1b: Mickey\n|-activate|p2a: Archaludon|confusion\n|move|p2a: Archaludon|Electro Shot||[still]\n|-prepare|p2a: Archaludon|Electro Shot\n|-boost|p2a: Archaludon|spa|1\n|-anim|p2a: Archaludon|Electro Shot|p1a: toilet\n|-supereffective|p1a: toilet|2\n|-damage|p1a: toilet|0 fnt\n|faint|p1a: toilet\n|\n|-weather|RainDance|[upkeep]\n|-heal|p2a: Archaludon|87/100|[from] item: Leftovers\n|upkeep\n|\n|t:|1776164385\n|switch|p1a: Skyarrow|Archaludon, L50, F|100/100\n|switch|p1b: Ded feesh|Basculegion, L50, M|100/100\n|turn|4\n|\n|t:|1776164400\n|move|p2b: Farigiraf|Helping Hand|p2a: Archaludon\n|-singleturn|p2a: Archaludon|Helping Hand|[of] p2b: Farigiraf\n|-activate|p2a: Archaludon|confusion\n|-damage|p2a: Archaludon|82/100|[from] confusion\n|move|p1a: Skyarrow|Electro Shot||[still]\n|-prepare|p1a: Skyarrow|Electro Shot\n|-boost|p1a: Skyarrow|spa|1\n|-anim|p1a: Skyarrow|Electro Shot|p2b: Farigiraf\n|-damage|p2b: Farigiraf|7/100\n|move|p1b: Ded feesh|Last Respects|p2a: Archaludon\n|-damage|p2a: Archaludon|35/100\n|-ability|p2a: Archaludon|Stamina|boost\n|-boost|p2a: Archaludon|def|1\n|\n|-weather|RainDance|[upkeep]\n|-heal|p2a: Archaludon|41/100|[from] item: Leftovers\n|-sideend|p1: Matthewteamtox69|move: Tailwind\n|upkeep\n|turn|5\n|\n|t:|1776164423\n|move|p2b: Farigiraf|Helping Hand|p2a: Archaludon\n|-singleturn|p2a: Archaludon|Helping Hand|[of] p2b: Farigiraf\n|move|p1b: Ded feesh|Aqua Jet||[still]\n|cant|p2b: Farigiraf|ability: Armor Tail|Aqua Jet|[of] p1b: Ded feesh\n|-activate|p2a: Archaludon|confusion\n|move|p2a: Archaludon|Draco Meteor|p1a: Skyarrow\n|-damage|p1a: Skyarrow|0 fnt\n|-unboost|p2a: Archaludon|spa|2\n|faint|p1a: Skyarrow\n|\n|-weather|none\n|-heal|p2a: Archaludon|47/100|[from] item: Leftovers\n|-fieldend|move: Trick Room\n|upkeep\n|turn|6\n|\n|t:|1776164445\n|move|p1b: Ded feesh|Last Respects|p2a: Archaludon\n|-damage|p2a: Archaludon|0 fnt\n|faint|p2a: Archaludon\n|move|p2b: Farigiraf|Trick Room|p2b: Farigiraf\n|-fieldstart|move: Trick Room|[of] p2b: Farigiraf\n|\n|upkeep\n|\n|t:|1776164448\n|switch|p2a: Meganium|Meganium, L50, F, shiny|100/100\n|turn|7\n|\n|t:|1776164454\n|detailschange|p2a: Meganium|Meganium-Mega, L50, F, shiny\n|-mega|p2a: Meganium|Meganium|Meganiumite\n|move|p2b: Farigiraf|Helping Hand|p2a: Meganium\n|-singleturn|p2a: Meganium|Helping Hand|[of] p2b: Farigiraf\n|move|p2a: Meganium|Solar Beam||[still]\n|-prepare|p2a: Meganium|Solar Beam\n|-activate|p2a: Meganium|ability: Mega Sol\n|-anim|p2a: Meganium|Solar Beam|p1b: Ded feesh\n|-supereffective|p1b: Ded feesh|1\n|-damage|p1b: Ded feesh|0 fnt\n|faint|p1b: Ded feesh\n|\n|win|wzzlr\n|raw|Matthewteamtox69's rating: 1251 &rarr; <strong>1222</strong><br />(-29 for losing)\n|raw|wzzlr's rating: 1198 &rarr; <strong>1227</strong><br />(+29 for winning)\n|l|\u2606Matthewteamtox69\n|player|p1|\n",
  "uploadtime": 1776164468,
  "views": 34,
  "formatid": "gen9championsvgc2026regma",
  "rating": 1222,
  "private": 0,
  "password": null
}