{
  "id": "gen9championsvgc2026regma-2586550449",
  "format": "[Gen 9 Champions] VGC 2026 Reg M-A",
  "players": [
    "EkCantDrawLol",
    "bongeler"
  ],
  "log": "|j|\u203dEkCantDrawLol\n|j|\u2606bongeler\n|t:|1776442391\n|gametype|doubles\n|player|p1|EkCantDrawLol|skierf|1169\n|player|p2|bongeler|sabrina|1183\n|gen|9\n|tier|[Gen 9 Champions] VGC 2026 Reg M-A\n|rated|\n|rule|Species Clause: Limit one of each Pok\u00e9mon\n|rule|Item Clause: Limit 1 of each item\n|clearpoke\n|poke|p1|Delphox, L50, M|\n|poke|p1|Corviknight, L50, M|\n|poke|p1|Garchomp, L50, F|\n|poke|p1|Floette-Eternal, L50, F|\n|poke|p1|Sneasler, L50, F|\n|poke|p1|Basculegion, L50, M|\n|poke|p2|Sneasler, L50, M|\n|poke|p2|Kingambit, L50, M|\n|poke|p2|Charizard, L50, F|\n|poke|p2|Farigiraf, L50, M|\n|poke|p2|Primarina, L50, F|\n|poke|p2|Chandelure, L50, F|\n|teampreview|4\n|inactive|Battle timer is ON: inactive players will automatically lose when time's up. (requested by bongeler)\n|inactive|EkCantDrawLol has 60 seconds left.\n|inactive|bongeler has 60 seconds left.\n|\n|t:|1776442441\n|teamsize|p1|4\n|teamsize|p2|4\n|start\n|switch|p1a: Floette|Floette-Eternal, L50, F|100/100\n|switch|p1b: Corviknight|Corviknight, L50, M|100/100\n|switch|p2a: Giraffe|Farigiraf, L50, M|100/100\n|switch|p2b: Primarinadona|Primarina, L50, F|100/100\n|turn|1\n|\n|t:|1776442463\n|detailschange|p1a: Floette|Floette-Mega, L50, F\n|-mega|p1a: Floette|Floette|Floettite\n|-ability|p1a: Floette|Fairy Aura\n|move|p2b: Primarinadona|Protect|p2b: Primarinadona\n|-singleturn|p2b: Primarinadona|Protect\n|move|p1a: Floette|Calm Mind|p1a: Floette\n|-boost|p1a: Floette|spa|1\n|-boost|p1a: Floette|spd|1\n|move|p1b: Corviknight|Taunt|p2a: Giraffe\n|-start|p2a: Giraffe|move: Taunt\n|cant|p2a: Giraffe|move: Taunt|Trick Room\n|\n|upkeep\n|turn|2\n|\n|t:|1776442483\n|switch|p2a: Kinghambit|Kingambit, L50, M|100/100\n|move|p1a: Floette|Dazzling Gleam|p2a: Kinghambit|[spread] p2a,p2b\n|-damage|p2a: Kinghambit|29/100\n|-damage|p2b: Primarinadona|51/100\n|move|p1b: Corviknight|Tailwind|p1b: Corviknight\n|-sidestart|p1: EkCantDrawLol|move: Tailwind\n|move|p2b: Primarinadona|Hyper Voice|p1b: Corviknight|[spread] p1a,p1b\n|-crit|p1a: Floette\n|-damage|p1a: Floette|43/100\n|-damage|p1b: Corviknight|60/100\n|\n|upkeep\n|turn|3\n|\n|t:|1776442496\n|move|p2a: Kinghambit|Protect|p2a: Kinghambit\n|-singleturn|p2a: Kinghambit|Protect\n|move|p1a: Floette|Dazzling Gleam|p2a: Kinghambit|[spread] p2b\n|-activate|p2a: Kinghambit|move: Protect\n|-damage|p2b: Primarinadona|0 fnt\n|faint|p2b: Primarinadona\n|move|p1b: Corviknight|Body Press|p2a: Kinghambit\n|-activate|p2a: Kinghambit|move: Protect\n|\n|upkeep\n|\n|t:|1776442508\n|switch|p2b: Chandelure|Chandelure, L50, F|100/100\n|turn|4\n|\n|t:|1776442515\n|switch|p1b: Garchomp|Garchomp, L50, F|100/100\n|move|p1a: Floette|Protect|p1a: Floette\n|-singleturn|p1a: Floette|Protect\n|move|p2a: Kinghambit|Sucker Punch||[still]\n|-fail|p2a: Kinghambit\n|move|p2b: Chandelure|Heat Wave|p1a: Floette|[spread] p1b\n|-activate|p1a: Floette|move: Protect\n|-resisted|p1b: Garchomp|1\n|-damage|p1b: Garchomp|77/100\n|\n|upkeep\n|turn|5\n|\n|t:|1776442530\n|move|p1a: Floette|Dazzling Gleam|p2b: Chandelure|[spread] p2a,p2b\n|-resisted|p2b: Chandelure|1\n|-damage|p2a: Kinghambit|0 fnt\n|-damage|p2b: Chandelure|47/100\n|faint|p2a: Kinghambit\n|move|p1b: Garchomp|Rock Slide|p2b: Chandelure\n|-supereffective|p2b: Chandelure|1\n|-damage|p2b: Chandelure|0 fnt\n|faint|p2b: Chandelure\n|\n|-sideend|p1: EkCantDrawLol|move: Tailwind\n|upkeep\n|-message|bongeler forfeited.\n|\n|win|EkCantDrawLol\n|raw|EkCantDrawLol's rating: 1169 &rarr; <strong>1195</strong><br />(+26 for winning)\n|raw|bongeler's rating: 1183 &rarr; <strong>1157</strong><br />(-26 for losing)\n|l|\u2606bongeler\n|player|p2|\n",
  "uploadtime": 1776442541,
  "views": 20,
  "formatid": "gen9championsvgc2026regma",
  "rating": 1157,
  "private": 0,
  "password": null
}