{
  "id": "gen9championsvgc2026regma-2580748141",
  "format": "[Gen 9 Champions] VGC 2026 Reg M-A",
  "players": [
    "rubissimo",
    "migolazo04"
  ],
  "log": "|j|\u2606rubissimo\n|j|\u2606migolazo04\n|t:|1775929253\n|gametype|doubles\n|player|p1|rubissimo|170|1035\n|player|p2|migolazo04|265|1081\n|gen|9\n|tier|[Gen 9 Champions] VGC 2026 Reg M-A\n|rated|\n|rule|Species Clause: Limit one of each Pok\u00e9mon\n|rule|Item Clause: Limit 1 of each item\n|clearpoke\n|poke|p1|Incineroar, L50, M|\n|poke|p1|Farigiraf, L50, M|\n|poke|p1|Torkoal, L50, M|\n|poke|p1|Gardevoir, L50, F|\n|poke|p1|Conkeldurr, L50, M|\n|poke|p1|Dragonite, L50, F|\n|poke|p2|Starmie, L50|\n|poke|p2|Sneasler, L50, M|\n|poke|p2|Sinistcha, L50|\n|poke|p2|Kingambit, L50, F|\n|poke|p2|Dragonite, L50, F|\n|poke|p2|Pelipper, L50, F|\n|teampreview|4\n|\n|t:|1775929287\n|teamsize|p1|4\n|teamsize|p2|4\n|start\n|switch|p1a: Farigiraf|Farigiraf, L50, M|100/100\n|switch|p1b: Incineroar|Incineroar, L50, M|100/100\n|switch|p2a: Sneasler|Sneasler, L50, M|100/100\n|switch|p2b: Kingambit|Kingambit, L50, F|100/100\n|-ability|p1b: Incineroar|Intimidate|boost\n|-unboost|p2a: Sneasler|atk|1\n|-unboost|p2b: Kingambit|atk|1\n|-ability|p2b: Kingambit|Defiant|boost\n|-boost|p2b: Kingambit|atk|2\n|turn|1\n|inactive|Battle timer is ON: inactive players will automatically lose when time's up. (requested by migolazo04)\n|\n|t:|1775929357\n|move|p1b: Incineroar|Fake Out|p2b: Kingambit\n|-resisted|p2b: Kingambit|1\n|-crit|p2b: Kingambit\n|-damage|p2b: Kingambit|94/100\n|move|p2a: Sneasler|Coaching|p2b: Kingambit\n|-boost|p2b: Kingambit|atk|1\n|-boost|p2b: Kingambit|def|1\n|cant|p2b: Kingambit|flinch\n|move|p1a: Farigiraf|Trick Room|p1a: Farigiraf\n|-fieldstart|move: Trick Room|[of] p1a: Farigiraf\n|\n|upkeep\n|turn|2\n|inactive|migolazo04 has 30 seconds left.\n|\n|t:|1775929391\n|switch|p2a: Dragonite|Dragonite, L50, F|100/100\n|move|p1a: Farigiraf|Helping Hand|p1b: Incineroar\n|-singleturn|p1b: Incineroar|Helping Hand|[of] p1a: Farigiraf\n|move|p2b: Kingambit|Kowtow Cleave|p1a: Farigiraf\n|-supereffective|p1a: Farigiraf|1\n|-damage|p1a: Farigiraf|0 fnt\n|faint|p1a: Farigiraf\n|move|p1b: Incineroar|Flare Blitz|p2b: Kingambit\n|-supereffective|p2b: Kingambit|1\n|-damage|p2b: Kingambit|18/100\n|-damage|p1b: Incineroar|75/100|[from] Recoil\n|\n|upkeep\n|\n|t:|1775929411\n|switch|p1a: Conkeldurr|Conkeldurr, L50, M|100/100\n|turn|3\n|inactive|rubissimo has 30 seconds left.\n|inactive|migolazo04 has 30 seconds left.\n|\n|t:|1775929449\n|switch|p1b: Torkoal|Torkoal, L50, M|100/100\n|-weather|SunnyDay|[from] ability: Drought|[of] p1b: Torkoal\n|switch|p2b: Pelipper|Pelipper, L50, F|100/100\n|-weather|RainDance|[from] ability: Drizzle|[of] p2b: Pelipper\n|detailschange|p2a: Dragonite|Dragonite-Mega, L50, F\n|-mega|p2a: Dragonite|Dragonite|Dragoninite\n|move|p1a: Conkeldurr|Mach Punch|p2b: Pelipper\n|-resisted|p2b: Pelipper|1\n|-damage|p2b: Pelipper|81/100\n|move|p2a: Dragonite|Hurricane|p1a: Conkeldurr\n|-supereffective|p1a: Conkeldurr|1\n|-damage|p1a: Conkeldurr|0 fnt\n|faint|p1a: Conkeldurr\n|\n|-weather|RainDance|[upkeep]\n|upkeep\n|inactive|rubissimo has 30 seconds left.\n|\n|t:|1775929474\n|switch|p1a: Incineroar|Incineroar, L50, M|75/100\n|-ability|p1a: Incineroar|Intimidate|boost\n|-unboost|p2a: Dragonite|atk|1\n|-unboost|p2b: Pelipper|atk|1\n|turn|4\n|\n|t:|1775929494\n|switch|p2b: Kingambit|Kingambit, L50, F|18/100\n|move|p2a: Dragonite|Protect|p2a: Dragonite\n|-singleturn|p2a: Dragonite|Protect\n|move|p1a: Incineroar|Fake Out|p2b: Kingambit\n|-resisted|p2b: Kingambit|1\n|-damage|p2b: Kingambit|14/100\n|move|p1b: Torkoal|Eruption|p2a: Dragonite|[spread] p2b\n|-activate|p2a: Dragonite|move: Protect\n|-supereffective|p2b: Kingambit|1\n|-damage|p2b: Kingambit|0 fnt\n|faint|p2b: Kingambit\n|\n|-weather|RainDance|[upkeep]\n|upkeep\n|\n|t:|1775929510\n|switch|p2b: Sneasler|Sneasler, L50, M|100/100\n|turn|5\n|inactive|rubissimo has 30 seconds left.\n|\n|t:|1775929536\n|move|p2b: Sneasler|Fake Out|p1b: Torkoal\n|-damage|p1b: Torkoal|89/100\n|cant|p1b: Torkoal|flinch\n|move|p1a: Incineroar|Flare Blitz|p2a: Dragonite\n|-resisted|p2a: Dragonite|1\n|-damage|p2a: Dragonite|94/100\n|-damage|p1a: Incineroar|73/100|[from] Recoil\n|move|p2a: Dragonite|Hurricane|p1a: Incineroar\n|-damage|p1a: Incineroar|21/100\n|\n|-weather|RainDance|[upkeep]\n|-fieldend|move: Trick Room\n|upkeep\n|turn|6\n|inactive|rubissimo has 30 seconds left.\n|inactive|migolazo04 has 30 seconds left.\n|\n|t:|1775929570\n|move|p1a: Incineroar|Protect|p1a: Incineroar\n|-singleturn|p1a: Incineroar|Protect\n|move|p2b: Sneasler|Close Combat|p1a: Incineroar\n|-activate|p1a: Incineroar|move: Protect\n|move|p2a: Dragonite|Hurricane|p1b: Torkoal\n|-damage|p1b: Torkoal|7/100\n|-start|p1b: Torkoal|confusion\n|-activate|p1b: Torkoal|confusion\n|move|p1b: Torkoal|Flare Blitz|p2b: Sneasler\n|-damage|p2b: Sneasler|62/100\n|-damage|p1b: Torkoal|0 fnt|[from] Recoil\n|faint|p1b: Torkoal\n|\n|-weather|RainDance|[upkeep]\n|upkeep\n|turn|7\n|-message|rubissimo forfeited.\n|\n|win|migolazo04\n|raw|rubissimo's rating: 1035 &rarr; <strong>1022</strong><br />(-13 for losing)\n|raw|migolazo04's rating: 1081 &rarr; <strong>1105</strong><br />(+24 for winning)\n|l|\u2606rubissimo\n|player|p1|\n",
  "uploadtime": 1775929592,
  "views": 11,
  "formatid": "gen9championsvgc2026regma",
  "rating": 1022,
  "private": 0,
  "password": null
}