{
  "id": "gen9championsvgc2026regma-2586974672",
  "format": "[Gen 9 Champions] VGC 2026 Reg M-A",
  "players": [
    "manofcream",
    "Achro 11"
  ],
  "log": "|j|\u2606manofcream\n|j|\u2606Achro 11\n|t:|1776477279\n|gametype|doubles\n|player|p1|manofcream|swimmer|1222\n|player|p2|Achro 11|cyrus|1189\n|gen|9\n|tier|[Gen 9 Champions] VGC 2026 Reg M-A\n|rated|\n|rule|Species Clause: Limit one of each Pok\u00e9mon\n|rule|Item Clause: Limit 1 of each item\n|clearpoke\n|poke|p1|Gliscor, L50, F|\n|poke|p1|Manectric, L50, M|\n|poke|p1|Chesnaught, L50, M|\n|poke|p1|Basculegion, L50, M|\n|poke|p1|Floette-Eternal, L50, F|\n|poke|p1|Incineroar, L50, F|\n|poke|p2|Talonflame, L50, M|\n|poke|p2|Meowscarada, L50, F|\n|poke|p2|Gardevoir, L50, F|\n|poke|p2|Garchomp, L50, M|\n|poke|p2|Empoleon, L50, M|\n|poke|p2|Froslass, L50, F|\n|teampreview|4\n|inactive|Battle timer is ON: inactive players will automatically lose when time's up. (requested by Achro 11)\n|\n|t:|1776477375\n|teamsize|p1|4\n|teamsize|p2|4\n|start\n|switch|p1a: Incineroar|Incineroar, L50, F|100/100\n|switch|p1b: Basculegion|Basculegion, L50, M|100/100\n|switch|p2a: Empoleon|Empoleon, L50, M|100/100\n|switch|p2b: Froslass|Froslass, L50, F|100/100\n|-ability|p1a: Incineroar|Intimidate|boost\n|-unboost|p2a: Empoleon|atk|1\n|-ability|p2a: Empoleon|Competitive|boost\n|-boost|p2a: Empoleon|spa|2\n|-unboost|p2b: Froslass|atk|1\n|turn|1\n|inactive|Achro 11 has 30 seconds left.\n|\n|t:|1776477404\n|detailschange|p2b: Froslass|Froslass-Mega, L50, F\n|-mega|p2b: Froslass|Froslass|Froslassite\n|-weather|Snowscape|[from] ability: Snow Warning|[of] p2b: Froslass\n|move|p2a: Empoleon|Protect|p2a: Empoleon\n|-singleturn|p2a: Empoleon|Protect\n|move|p1a: Incineroar|Fake Out|p2a: Empoleon\n|-activate|p2a: Empoleon|move: Protect\n|move|p1b: Basculegion|Flip Turn|p2a: Empoleon\n|-activate|p2a: Empoleon|move: Protect\n|move|p2b: Froslass|Shadow Ball|p1b: Basculegion\n|-supereffective|p1b: Basculegion|1\n|-damage|p1b: Basculegion|0 fnt\n|faint|p1b: Basculegion\n|\n|-weather|Snowscape|[upkeep]\n|upkeep\n|\n|t:|1776477410\n|switch|p1b: Chesnaught|Chesnaught, L50, M|100/100\n|turn|2\n|\n|t:|1776477435\n|move|p1b: Chesnaught|Spiky Shield|p1b: Chesnaught\n|-singleturn|p1b: Chesnaught|move: Protect\n|move|p2b: Froslass|Blizzard|p1b: Chesnaught|[spread] p1a\n|-activate|p1b: Chesnaught|move: Protect\n|-resisted|p1a: Incineroar|1\n|-damage|p1a: Incineroar|80/100\n|move|p2a: Empoleon|Water Pulse|p1a: Incineroar\n|-supereffective|p1a: Incineroar|1\n|-damage|p1a: Incineroar|6/100\n|move|p1a: Incineroar|Flare Blitz|p2a: Empoleon\n|-damage|p2a: Empoleon|61/100\n|-damage|p1a: Incineroar|0 fnt|[from] Recoil\n|faint|p1a: Incineroar\n|\n|-weather|Snowscape|[upkeep]\n|-heal|p2a: Empoleon|66/100|[from] item: Leftovers\n|upkeep\n|\n|t:|1776477439\n|switch|p1a: Floette|Floette-Eternal, L50, F|100/100\n|turn|3\n|\n|t:|1776477459\n|detailschange|p1a: Floette|Floette-Mega, L50, F\n|-mega|p1a: Floette|Floette|Floettite\n|-ability|p1a: Floette|Fairy Aura\n|move|p2a: Empoleon|Protect|p2a: Empoleon\n|-singleturn|p2a: Empoleon|Protect\n|move|p2b: Froslass|Blizzard|p1a: Floette|[spread] p1a,p1b\n|-crit|p1a: Floette\n|-supereffective|p1b: Chesnaught|1\n|-damage|p1a: Floette|50/100\n|-damage|p1b: Chesnaught|11/100\n|-status|p1b: Chesnaught|frz\n|-enditem|p1b: Chesnaught|Sitrus Berry|[eat]\n|-heal|p1b: Chesnaught|36/100 frz|[from] item: Sitrus Berry\n|move|p1a: Floette|Calm Mind|p1a: Floette\n|-boost|p1a: Floette|spa|1\n|-boost|p1a: Floette|spd|1\n|cant|p1b: Chesnaught|frz\n|\n|-weather|Snowscape|[upkeep]\n|-heal|p2a: Empoleon|72/100|[from] item: Leftovers\n|upkeep\n|turn|4\n|c|\u2606manofcream|rip\n|\n|t:|1776477480\n|move|p2b: Froslass|Protect|p2b: Froslass\n|-singleturn|p2b: Froslass|Protect\n|cant|p1b: Chesnaught|frz\n|move|p1a: Floette|Draining Kiss|p2b: Froslass\n|-activate|p2b: Froslass|move: Protect\n|move|p2a: Empoleon|Flash Cannon|p1a: Floette\n|-supereffective|p1a: Floette|1\n|-damage|p1a: Floette|0 fnt\n|faint|p1a: Floette\n|\n|-weather|Snowscape|[upkeep]\n|-heal|p2a: Empoleon|78/100|[from] item: Leftovers\n|upkeep\n|turn|5\n|\n|t:|1776477493\n|move|p2b: Froslass|Blizzard|p1b: Chesnaught\n|-supereffective|p1b: Chesnaught|1\n|-damage|p1b: Chesnaught|0 fnt\n|faint|p1b: Chesnaught\n|\n|win|Achro 11\n|raw|manofcream's rating: 1222 &rarr; <strong>1195</strong><br />(-27 for losing)\n|raw|Achro 11's rating: 1189 &rarr; <strong>1216</strong><br />(+27 for winning)\n|l|\u2606manofcream\n|player|p1|\n",
  "uploadtime": 1776477503,
  "views": 17,
  "formatid": "gen9championsvgc2026regma",
  "rating": 1195,
  "private": 0,
  "password": null
}