{
  "id": "gen9championsvgc2026regma-2585940647",
  "format": "[Gen 9 Champions] VGC 2026 Reg M-A",
  "players": [
    "Danievania",
    "MegVGC"
  ],
  "log": "|j|\u2606Danievania\n|j|\u2606MegVGC\n|t:|1776383423\n|gametype|doubles\n|player|p1|Danievania|byron|1305\n|player|p2|MegVGC|1|1298\n|gen|9\n|tier|[Gen 9 Champions] VGC 2026 Reg M-A\n|rated|\n|rule|Species Clause: Limit one of each Pok\u00e9mon\n|rule|Item Clause: Limit 1 of each item\n|clearpoke\n|poke|p1|Delphox, L50, M|\n|poke|p1|Sneasler, L50, F|\n|poke|p1|Garchomp, L50, M|\n|poke|p1|Sinistcha, L50|\n|poke|p1|Kingambit, L50, M|\n|poke|p1|Aerodactyl, L50, M|\n|poke|p2|Glimmora, L50, F|\n|poke|p2|Delphox, L50, F|\n|poke|p2|Whimsicott, L50, F|\n|poke|p2|Milotic, L50, F|\n|poke|p2|Roserade, L50, F|\n|poke|p2|Hydreigon, L50, F|\n|teampreview|4\n|inactive|Battle timer is ON: inactive players will automatically lose when time's up. (requested by MegVGC)\n|inactive|Danievania has 60 seconds left.\n|inactive|MegVGC has 60 seconds left.\n|inactive|Danievania has 30 seconds left.\n|\n|t:|1776383490\n|teamsize|p1|4\n|teamsize|p2|4\n|start\n|switch|p1a: Delphox|Delphox, L50, M, shiny|100/100\n|switch|p1b: Sneasler|Sneasler, L50, F, shiny|100/100\n|switch|p2a: Hydreigon|Hydreigon, L50, F|100/100\n|switch|p2b: Delphox|Delphox, L50, F|100/100\n|turn|1\n|\n|t:|1776383507\n|detailschange|p1a: Delphox|Delphox-Mega, L50, M, shiny\n|-mega|p1a: Delphox|Delphox|Delphoxite\n|move|p2b: Delphox|Protect|p2b: Delphox\n|-singleturn|p2b: Delphox|Protect\n|move|p2a: Hydreigon|Protect|p2a: Hydreigon\n|-singleturn|p2a: Hydreigon|Protect\n|move|p1b: Sneasler|Fake Out|p2a: Hydreigon\n|-activate|p2a: Hydreigon|move: Protect\n|move|p1a: Delphox|Nasty Plot|p1a: Delphox\n|-boost|p1a: Delphox|spa|2\n|\n|upkeep\n|turn|2\n|\n|t:|1776383531\n|detailschange|p2b: Delphox|Delphox-Mega, L50, F\n|-mega|p2b: Delphox|Delphox|Delphoxite\n|move|p1a: Delphox|Heat Wave|p2a: Hydreigon|[spread] p2a,p2b\n|-resisted|p2a: Hydreigon|1\n|-resisted|p2b: Delphox|1\n|-damage|p2a: Hydreigon|54/100\n|-damage|p2b: Delphox|60/100\n|move|p2b: Delphox|Psychic|p1b: Sneasler\n|-supereffective|p1b: Sneasler|2\n|-enditem|p1b: Sneasler|Focus Sash\n|-damage|p1b: Sneasler|1/100\n|move|p1b: Sneasler|Close Combat|p2a: Hydreigon\n|-supereffective|p2a: Hydreigon|1\n|-damage|p2a: Hydreigon|0 fnt\n|-unboost|p1b: Sneasler|def|1\n|-unboost|p1b: Sneasler|spd|1\n|faint|p2a: Hydreigon\n|\n|upkeep\n|\n|t:|1776383541\n|switch|p2a: Milotic|Milotic, L50, F|100/100\n|turn|3\n|\n|t:|1776383561\n|move|p1b: Sneasler|Protect|p1b: Sneasler\n|-singleturn|p1b: Sneasler|Protect\n|move|p2a: Milotic|Protect|p2a: Milotic\n|-singleturn|p2a: Milotic|Protect\n|move|p2b: Delphox|Dazzling Gleam|p1b: Sneasler|[spread] p1a\n|-activate|p1b: Sneasler|move: Protect\n|-resisted|p1a: Delphox|1\n|-damage|p1a: Delphox|90/100\n|move|p1a: Delphox|Psyshock|p2a: Milotic\n|-activate|p2a: Milotic|move: Protect\n|\n|upkeep\n|turn|4\n|inactive|Danievania has 30 seconds left.\n|inactive|MegVGC has 30 seconds left.\n|inactive|Danievania has 20 seconds left.\n|\n|t:|1776383600\n|switch|p2a: Roserade|Roserade, L50, F|100/100\n|move|p1b: Sneasler|Close Combat|p2a: Roserade\n|-resisted|p2a: Roserade|1\n|-damage|p2a: Roserade|50/100\n|-unboost|p1b: Sneasler|def|1\n|-unboost|p1b: Sneasler|spd|1\n|move|p2b: Delphox|Dazzling Gleam|p1b: Sneasler|[spread] p1a,p1b\n|-resisted|p1a: Delphox|1\n|-damage|p1a: Delphox|79/100\n|-damage|p1b: Sneasler|0 fnt\n|faint|p1b: Sneasler\n|move|p1a: Delphox|Psyshock|p2a: Roserade\n|-supereffective|p2a: Roserade|1\n|-damage|p2a: Roserade|0 fnt\n|faint|p2a: Roserade\n|\n|upkeep\n|\n|t:|1776383617\n|switch|p1b: Garchomp|Garchomp, L50, M, shiny|100/100\n|switch|p2a: Milotic|Milotic, L50, F|100/100\n|turn|5\n|\n|t:|1776383625\n|move|p1b: Garchomp|Protect|p1b: Garchomp\n|-singleturn|p1b: Garchomp|Protect\n|move|p1a: Delphox|Psyshock|p2b: Delphox\n|-resisted|p2b: Delphox|1\n|-damage|p2b: Delphox|0 fnt\n|faint|p2b: Delphox\n|move|p2a: Milotic|Icy Wind|p1a: Delphox|[spread] p1a\n|-activate|p1b: Garchomp|move: Protect\n|-resisted|p1a: Delphox|1\n|-damage|p1a: Delphox|72/100\n|-unboost|p1a: Delphox|spe|1\n|\n|upkeep\n|turn|6\n|\n|t:|1776383633\n|move|p1b: Garchomp|Earthquake|p2a: Milotic|[spread] p2a\n|-immune|p1a: Delphox|[from] ability: Levitate\n|-damage|p2a: Milotic|54/100\n|move|p1a: Delphox|Psyshock|p2a: Milotic\n|-crit|p2a: Milotic\n|-damage|p2a: Milotic|0 fnt\n|faint|p2a: Milotic\n|\n|win|Danievania\n|raw|Danievania's rating: 1305 &rarr; <strong>1325</strong><br />(+20 for winning)\n|raw|MegVGC's rating: 1298 &rarr; <strong>1274</strong><br />(-24 for losing)\n|l|\u2606MegVGC\n|player|p2|\n",
  "uploadtime": 1776383732,
  "views": 31,
  "formatid": "gen9championsvgc2026regma",
  "rating": 1274,
  "private": 0,
  "password": null
}