{
  "id": "gen9championsvgc2026regma-2588370122",
  "format": "[Gen 9 Champions] VGC 2026 Reg M-A",
  "players": [
    "XavBoII",
    "Greaver44"
  ],
  "log": "|j|\u2606XavBoII\n|j|\u2606Greaver44\n|t:|1776627861\n|gametype|doubles\n|player|p1|XavBoII|265|1099\n|player|p2|Greaver44|2|1000\n|gen|9\n|tier|[Gen 9 Champions] VGC 2026 Reg M-A\n|rated|\n|rule|Species Clause: Limit one of each Pok\u00e9mon\n|rule|Item Clause: Limit 1 of each item\n|clearpoke\n|poke|p1|Gengar, L50, F|\n|poke|p1|Sableye, L50, F|\n|poke|p1|Incineroar, L50, F|\n|poke|p1|Ninetales-Alola, L50, F|\n|poke|p1|Gyarados, L50, F|\n|poke|p1|Palafin, L50, F|\n|poke|p2|Feraligatr, L50, M|\n|poke|p2|Sinistcha, L50|\n|poke|p2|Farigiraf, L50, F|\n|poke|p2|Incineroar, L50, M|\n|poke|p2|Whimsicott, L50, F|\n|poke|p2|Hydrapple, L50, M|\n|teampreview|4\nGreaver44 rejected open team sheets.\n|inactive|Battle timer is ON: inactive players will automatically lose when time's up. (requested by Greaver44)\n|\n|t:|1776627899\n|teamsize|p1|4\n|teamsize|p2|4\n|start\n|switch|p1a: Ninetales|Ninetales-Alola, L50, F|100/100\n|switch|p1b: Gengar|Gengar, L50, F|100/100\n|switch|p2a: Farigiraf|Farigiraf, L50, F|100/100\n|switch|p2b: Hydrapple|Hydrapple, L50, M|100/100\n|-weather|Snowscape|[from] ability: Snow Warning|[of] p1a: Ninetales\n|-ability|p2b: Hydrapple|Supersweet Syrup\n|-unboost|p1a: Ninetales|evasion|1\n|-unboost|p1b: Gengar|evasion|1\n|turn|1\n|\n|t:|1776627922\n|detailschange|p1b: Gengar|Gengar-Mega, L50, F\n|-mega|p1b: Gengar|Gengar|Gengarite\n|move|p1b: Gengar|Perish Song|p1b: Gengar\n|-start|p1a: Ninetales|perish3|[silent]\n|-start|p1b: Gengar|perish3|[silent]\n|-start|p2a: Farigiraf|perish3|[silent]\n|-start|p2b: Hydrapple|perish3|[silent]\n|-fieldactivate|move: Perish Song\n|move|p1a: Ninetales|Aurora Veil|p1a: Ninetales\n|-sidestart|p1: XavBoII|move: Aurora Veil\n|move|p2b: Hydrapple|Gyro Ball|p1a: Ninetales\n|-supereffective|p1a: Ninetales|2\n|-damage|p1a: Ninetales|66/100\n|move|p2a: Farigiraf|Trick Room|p2a: Farigiraf\n|-fieldstart|move: Trick Room|[of] p2a: Farigiraf\n|\n|-weather|Snowscape|[upkeep]\n|-start|p2b: Hydrapple|perish3\n|-start|p2a: Farigiraf|perish3\n|-start|p1a: Ninetales|perish3\n|-start|p1b: Gengar|perish3\n|upkeep\n|turn|2\n|inactive|XavBoII has 30 seconds left.\n|\n|t:|1776627954\n|switch|p1a: Gyarados|Gyarados, L50, F|100/100\n|-ability|p1a: Gyarados|Intimidate|boost\n|-unboost|p2a: Farigiraf|atk|1\n|-unboost|p2b: Hydrapple|atk|1\n|move|p1b: Gengar|Protect|p1b: Gengar\n|-singleturn|p1b: Gengar|Protect\n|move|p2b: Hydrapple|Gyro Ball|p1b: Gengar\n|-activate|p1b: Gengar|move: Protect\n|move|p2a: Farigiraf|Psychic|p1b: Gengar\n|-activate|p1b: Gengar|move: Protect\n|\n|-weather|Snowscape|[upkeep]\n|-start|p2b: Hydrapple|perish2\n|-start|p2a: Farigiraf|perish2\n|-start|p1b: Gengar|perish2\n|upkeep\n|turn|3\n|\n|t:|1776627979\n|switch|p1a: Incineroar|Incineroar, L50, F|100/100\n|-ability|p1a: Incineroar|Intimidate|boost\n|-unboost|p2a: Farigiraf|atk|1\n|-unboost|p2b: Hydrapple|atk|1\n|move|p2b: Hydrapple|Gyro Ball|p1b: Gengar\n|-damage|p1b: Gengar|92/100\n|move|p2a: Farigiraf|Psychic|p1b: Gengar\n|-supereffective|p1b: Gengar|1\n|-damage|p1b: Gengar|19/100\n|move|p1b: Gengar|Disable|p2a: Farigiraf\n|-start|p2a: Farigiraf|Disable|Psychic\n|\n|-weather|Snowscape|[upkeep]\n|-start|p2b: Hydrapple|perish1\n|-start|p2a: Farigiraf|perish1\n|-start|p1b: Gengar|perish1\n|upkeep\n|turn|4\n|inactive|XavBoII has 30 seconds left.\n|inactive|Greaver44 has 30 seconds left.\n|inactive|XavBoII has 20 seconds left.\n|inactive|Greaver44 has 20 seconds left.\n|inactive|XavBoII has 15 seconds left.\n|inactive|Greaver44 has 15 seconds left.\n|inactive|Greaver44 has 10 seconds left.\n|\n|t:|1776628027\n|switch|p1b: Ninetales|Ninetales-Alola, L50, F|66/100\n|move|p2b: Hydrapple|Fickle Beam|p1a: Incineroar|[anim] Fickle Beam All Out\n|-activate|p2b: Hydrapple|move: Fickle Beam\n|-damage|p1a: Incineroar|62/100\n|move|p2a: Farigiraf|Hyper Voice|p1a: Incineroar|[spread] p1a,p1b\n|-damage|p1a: Incineroar|46/100\n|-damage|p1b: Ninetales|41/100\n|-enditem|p1a: Incineroar|Sitrus Berry|[eat]\n|-heal|p1a: Incineroar|71/100|[from] item: Sitrus Berry\n|move|p1a: Incineroar|Parting Shot|p2a: Farigiraf\n|-unboost|p2a: Farigiraf|atk|1\n|-unboost|p2a: Farigiraf|spa|1\n|\n|t:|1776628041\n|switch|p1a: Gengar|Gengar-Mega, L50, F|19/100|[from] Parting Shot\n|\n|-weather|Snowscape|[upkeep]\n|-start|p2b: Hydrapple|perish0\n|-start|p2a: Farigiraf|perish0\n|faint|p2b: Hydrapple\n|faint|p2a: Farigiraf\n|upkeep\n|\n|t:|1776628048\n|switch|p2b: Incineroar|Incineroar, L50, M|100/100\n|switch|p2a: Feraligatr|Feraligatr, L50, M|100/100\n|-ability|p2b: Incineroar|Intimidate|boost\n|-unboost|p1a: Gengar|atk|1\n|-unboost|p1b: Ninetales|atk|1\n|turn|5\n|\n|t:|1776628062\n|switch|p1b: Incineroar|Incineroar, L50, F|71/100\n|-ability|p1b: Incineroar|Intimidate|boost\n|-unboost|p2a: Feraligatr|atk|1\n|-unboost|p2b: Incineroar|atk|1\n|detailschange|p2a: Feraligatr|Feraligatr-Mega, L50, M\n|-mega|p2a: Feraligatr|Feraligatr|Feraligite\n|move|p1a: Gengar|Protect|p1a: Gengar\n|-singleturn|p1a: Gengar|Protect\n|move|p2a: Feraligatr|Thrash|p1b: Incineroar\n|-damage|p1b: Incineroar|27/100\n|move|p2b: Incineroar|Flare Blitz|p1a: Gengar\n|-activate|p1a: Gengar|move: Protect\n|\n|-weather|none\n|-sideend|p1: XavBoII|move: Aurora Veil\n|-fieldend|move: Trick Room\n|upkeep\n|turn|6\n|\n|t:|1776628084\n|move|p1b: Incineroar|Fake Out|p2a: Feraligatr\n|-damage|p2a: Feraligatr|91/100\n|move|p1a: Gengar|Perish Song|p1a: Gengar\n|-start|p1a: Gengar|perish3|[silent]\n|-start|p1b: Incineroar|perish3|[silent]\n|-start|p2a: Feraligatr|perish3|[silent]\n|-start|p2b: Incineroar|perish3|[silent]\n|-fieldactivate|move: Perish Song\n|move|p2b: Incineroar|Flare Blitz|p1a: Gengar\n|-damage|p1a: Gengar|0 fnt\n|faint|p1a: Gengar\n|-damage|p2b: Incineroar|95/100|[from] Recoil\n|cant|p2a: Feraligatr|flinch\n|\n|-start|p2b: Incineroar|perish3\n|-start|p2a: Feraligatr|perish3\n|-start|p1b: Incineroar|perish3\n|-start|p2a: Feraligatr|confusion|[fatigue]\n|upkeep\n|\n|t:|1776628091\n|switch|p1a: Gyarados|Gyarados, L50, F|100/100\n|-ability|p1a: Gyarados|Intimidate|boost\n|-unboost|p2a: Feraligatr|atk|1\n|-unboost|p2b: Incineroar|atk|1\n|turn|7\n|\n|t:|1776628112\n|move|p1a: Gyarados|Protect|p1a: Gyarados\n|-singleturn|p1a: Gyarados|Protect\n|move|p2b: Incineroar|Flare Blitz|p1b: Incineroar\n|-resisted|p1b: Incineroar|1\n|-damage|p1b: Incineroar|16/100\n|-damage|p2b: Incineroar|91/100|[from] Recoil\n|-activate|p2a: Feraligatr|confusion\n|move|p2a: Feraligatr|Giga Impact|p1a: Gyarados\n|-activate|p1a: Gyarados|move: Protect\n|move|p1b: Incineroar|Parting Shot|p2a: Feraligatr\n|-unboost|p2a: Feraligatr|atk|1\n|-unboost|p2a: Feraligatr|spa|1\n|\n|t:|1776628124\n|switch|p1b: Ninetales|Ninetales-Alola, L50, F|41/100|[from] Parting Shot\n|-weather|Snowscape|[from] ability: Snow Warning|[of] p1b: Ninetales\n|\n|-weather|Snowscape|[upkeep]\n|-start|p2b: Incineroar|perish2\n|-start|p2a: Feraligatr|perish2\n|upkeep\n|turn|8\n|\n|t:|1776628138\n|switch|p1a: Incineroar|Incineroar, L50, F|16/100\n|-ability|p1a: Incineroar|Intimidate|boost\n|-unboost|p2a: Feraligatr|atk|1\n|-unboost|p2b: Incineroar|atk|1\n|move|p1b: Ninetales|Aurora Veil|p1b: Ninetales\n|-sidestart|p1: XavBoII|move: Aurora Veil\n|move|p2b: Incineroar|Flare Blitz|p1b: Ninetales\n|-supereffective|p1b: Ninetales|1\n|-damage|p1b: Ninetales|20/100\n|-damage|p2b: Incineroar|85/100|[from] Recoil\n|-end|p2a: Feraligatr|confusion\n|move|p2a: Feraligatr|Giga Impact|p1a: Incineroar\n|-damage|p1a: Incineroar|0 fnt\n|-mustrecharge|p2a: Feraligatr\n|faint|p1a: Incineroar\n|\n|-weather|Snowscape|[upkeep]\n|-start|p2b: Incineroar|perish1\n|-start|p2a: Feraligatr|perish1\n|upkeep\n|\n|t:|1776628152\n|switch|p1a: Gyarados|Gyarados, L50, F|100/100\n|-ability|p1a: Gyarados|Intimidate|boost\n|-unboost|p2a: Feraligatr|atk|1\n|-unboost|p2b: Incineroar|atk|1\n|turn|9\n|\n|t:|1776628168\n|move|p1b: Ninetales|Protect|p1b: Ninetales\n|-singleturn|p1b: Ninetales|Protect\n|move|p2b: Incineroar|Flare Blitz|p1b: Ninetales\n|-activate|p1b: Ninetales|move: Protect\n|cant|p2a: Feraligatr|recharge\n|move|p1a: Gyarados|Roar||[still]\n|-fail|p1a: Gyarados\n|\n|-weather|Snowscape|[upkeep]\n|-start|p2b: Incineroar|perish0\n|-start|p2a: Feraligatr|perish0\n|faint|p2b: Incineroar\n|faint|p2a: Feraligatr\n|\n|win|XavBoII\n|raw|XavBoII's rating: 1099 &rarr; <strong>1117</strong><br />(+18 for winning)\n|raw|Greaver44's rating: 1000 &rarr; <strong>1000</strong><br />(+0 for losing)\n|l|\u2606Greaver44\n|player|p2|\n",
  "uploadtime": 1776628185,
  "views": 16,
  "formatid": "gen9championsvgc2026regma",
  "rating": 1000,
  "private": 0,
  "password": null
}