{
  "id": "gen9championsvgc2026regma-2586556948",
  "format": "[Gen 9 Champions] VGC 2026 Reg M-A",
  "players": [
    "shunosaurus",
    "Phillip Blevin"
  ],
  "log": "|j|\u2606shunosaurus\n|j|\u2606Phillip Blevin\n|t:|1776442848\n|gametype|doubles\n|player|p1|shunosaurus|psychic-gen4|1353\n|player|p2|Phillip Blevin|cynthia-masters4|1340\n|gen|9\n|tier|[Gen 9 Champions] VGC 2026 Reg M-A\n|rated|\n|rule|Species Clause: Limit one of each Pok\u00e9mon\n|rule|Item Clause: Limit 1 of each item\n|clearpoke\n|poke|p1|Orthworm, L50, F|\n|poke|p1|Excadrill, L50, M|\n|poke|p1|Tyranitar, L50, F|\n|poke|p1|Sinistcha, L50|\n|poke|p1|Primarina, L50, F|\n|poke|p1|Rotom-Heat, L50|\n|poke|p2|Froslass, L50, F|\n|poke|p2|Corviknight, L50, M|\n|poke|p2|Arcanine-Hisui, L50, M|\n|poke|p2|Rotom-Wash, L50|\n|poke|p2|Sneasler, L50, F|\n|poke|p2|Garchomp, L50, M|\n|teampreview|4\n|inactive|Battle timer is ON: inactive players will automatically lose when time's up. (requested by Phillip Blevin)\nPhillip Blevin has agreed to open team sheets.\n|c|\u2606shunosaurus|glhf\n|c|\u2606Phillip Blevin|u2\n|inactive|shunosaurus has 60 seconds left.\n|inactive|Phillip Blevin has 60 seconds left.\n|\n|t:|1776442907\n|teamsize|p1|4\n|teamsize|p2|4\n|start\n|switch|p1a: Sinistcha|Sinistcha, L50|100/100\n|switch|p1b: Primarina|Primarina, L50, F|100/100\n|switch|p2a: Rotom|Rotom-Wash, L50|100/100\n|switch|p2b: Sneasler|Sneasler, L50, F|100/100\n|turn|1\n|\n|t:|1776442928\n|move|p1b: Primarina|Protect|p1b: Primarina\n|-singleturn|p1b: Primarina|Protect\n|move|p2a: Rotom|Trick|p1a: Sinistcha\n|-activate|p2a: Rotom|move: Trick|[of] p1a: Sinistcha\n|-item|p1a: Sinistcha|Choice Scarf|[from] move: Trick\n|-item|p2a: Rotom|Sitrus Berry|[from] move: Trick\n|move|p2b: Sneasler|Dire Claw|p1b: Primarina\n|-activate|p1b: Primarina|move: Protect\n|move|p1a: Sinistcha|Trick Room|p1a: Sinistcha\n|-fieldstart|move: Trick Room|[of] p1a: Sinistcha\n|\n|upkeep\n|turn|2\n|\n|t:|1776442949\n|switch|p1a: Matilda|Tyranitar, L50, F|100/100\n|-weather|Sandstorm|[from] ability: Sand Stream|[of] p1a: Matilda\n|move|p1b: Primarina|Hyper Voice|p2a: Rotom|[spread] p2a,p2b\n|-resisted|p2a: Rotom|1\n|-damage|p2a: Rotom|79/100\n|-damage|p2b: Sneasler|48/100\n|move|p2a: Rotom|Volt Switch|p1a: Matilda\n|-damage|p1a: Matilda|86/100\n|\n|t:|1776442958\n|switch|p2a: Corviknight|Corviknight, L50, M|100/100|[from] Volt Switch\n|move|p2b: Sneasler|Dire Claw|p1b: Primarina\n|-supereffective|p1b: Primarina|1\n|-enditem|p1b: Primarina|Kebia Berry|[eat]\n|-enditem|p1b: Primarina|Kebia Berry|[weaken]\n|-damage|p1b: Primarina|54/100\n|-status|p1b: Primarina|psn|[from] ability: Poison Touch|[of] p2b: Sneasler\n|\n|-weather|Sandstorm|[upkeep]\n|-damage|p1b: Primarina|48/100 psn|[from] Sandstorm\n|-damage|p2b: Sneasler|42/100|[from] Sandstorm\n|-damage|p1b: Primarina|36/100 psn|[from] psn\n|upkeep\n|turn|3\n|\n|t:|1776442977\n|switch|p2b: Rotom|Rotom-Wash, L50|79/100\n|move|p1b: Primarina|Psychic Noise|p2a: Corviknight\n|-damage|p2a: Corviknight|59/100\n|-start|p2a: Corviknight|move: Heal Block\n|move|p1a: Matilda|High Horsepower|p2b: Rotom\n|-immune|p2b: Rotom|[from] ability: Levitate\n|move|p2a: Corviknight|Body Press|p1a: Matilda\n|-supereffective|p1a: Matilda|2\n|-damage|p1a: Matilda|3/100\n|\n|-weather|Sandstorm|[upkeep]\n|-damage|p1b: Primarina|30/100 psn|[from] Sandstorm\n|-damage|p2b: Rotom|74/100|[from] Sandstorm\n|-damage|p1b: Primarina|18/100 psn|[from] psn\n|upkeep\n|turn|4\n|inactive|Phillip Blevin has 30 seconds left.\n|\n|t:|1776443008\n|switch|p2a: Sneasler|Sneasler, L50, F|42/100\n|move|p1b: Primarina|Hyper Voice|p2a: Sneasler|[spread] p2a,p2b\n|-resisted|p2b: Rotom|1\n|-crit|p2b: Rotom\n|-damage|p2a: Sneasler|0 fnt\n|-damage|p2b: Rotom|44/100\n|-enditem|p2b: Rotom|Sitrus Berry|[eat]\n|-heal|p2b: Rotom|69/100|[from] item: Sitrus Berry\n|faint|p2a: Sneasler\n|move|p1a: Matilda|Knock Off|p2b: Rotom\n|-damage|p2b: Rotom|29/100\n|move|p2b: Rotom|Electroweb|p1b: Primarina|[spread] p1a,p1b\n|-supereffective|p1b: Primarina|1\n|-damage|p1a: Matilda|0 fnt\n|-damage|p1b: Primarina|0 fnt\n|faint|p1a: Matilda\n|faint|p1b: Primarina\n|\n|-weather|Sandstorm|[upkeep]\n|-damage|p2b: Rotom|23/100|[from] Sandstorm\n|upkeep\n|\n|t:|1776443025\n|switch|p1b: Rotom|Rotom-Heat, L50|100/100\n|switch|p1a: Sinistcha|Sinistcha, L50|100/100\n|switch|p2a: Arcanine|Arcanine-Hisui, L50, M|100/100\n|-ability|p2a: Arcanine|Intimidate|boost\n|-unboost|p1a: Sinistcha|atk|1\n|-unboost|p1b: Rotom|atk|1\n|turn|5\n|\n|t:|1776443036\n|move|p1a: Sinistcha|Rage Powder|p1a: Sinistcha\n|-singleturn|p1a: Sinistcha|move: Rage Powder\n|move|p2b: Rotom|Hydro Pump|p1a: Sinistcha\n|-resisted|p1a: Sinistcha|1\n|-damage|p1a: Sinistcha|77/100\n|move|p2a: Arcanine|Rock Slide|p1b: Rotom|[spread] p1a,p1b\n|-supereffective|p1b: Rotom|1\n|-damage|p1a: Sinistcha|59/100\n|-damage|p1b: Rotom|30/100\n|cant|p1b: Rotom|flinch\n|\n|-weather|Sandstorm|[upkeep]\n|-damage|p1a: Sinistcha|53/100|[from] Sandstorm\n|-damage|p2b: Rotom|17/100|[from] Sandstorm\n|-damage|p1b: Rotom|24/100|[from] Sandstorm\n|-fieldend|move: Trick Room\n|upkeep\n|turn|6\n|\n|t:|1776443048\n|move|p1a: Sinistcha|Rage Powder|p1a: Sinistcha\n|-singleturn|p1a: Sinistcha|move: Rage Powder\n|move|p1b: Rotom|Thunderbolt|p2a: Arcanine\n|-damage|p2a: Arcanine|63/100\n|move|p2a: Arcanine|Rock Slide|p1a: Sinistcha|[spread] p1a,p1b\n|-supereffective|p1b: Rotom|1\n|-damage|p1a: Sinistcha|33/100\n|-damage|p1b: Rotom|0 fnt\n|faint|p1b: Rotom\n|move|p2b: Rotom|Volt Switch|p1a: Sinistcha\n|-resisted|p1a: Sinistcha|1\n|-damage|p1a: Sinistcha|17/100\n|c|\u2606shunosaurus|gg\n|\n|t:|1776443052\n|switch|p2b: Corviknight|Corviknight, L50, M|59/100|[from] Volt Switch\n|\n|-weather|none\n|-heal|p2b: Corviknight|65/100|[from] item: Leftovers\n|upkeep\n|turn|7\n|c|\u2606Phillip Blevin|gg\n|-message|shunosaurus forfeited.\n|\n|win|Phillip Blevin\n|raw|shunosaurus's rating: 1353 &rarr; <strong>1332</strong><br />(-21 for losing)\n|raw|Phillip Blevin's rating: 1340 &rarr; <strong>1361</strong><br />(+21 for winning)\n",
  "uploadtime": 1776443057,
  "views": 47,
  "formatid": "gen9championsvgc2026regma",
  "rating": 1332,
  "private": 0,
  "password": null
}