{
  "id": "gen9championsvgc2026regma-2583651062",
  "format": "[Gen 9 Champions] VGC 2026 Reg M-A",
  "players": [
    "badalakazam",
    "LogosVD"
  ],
  "log": "|j|\u2606badalakazam\n|j|\u2606LogosVD\n|t:|1776188820\n|gametype|doubles\n|player|p1|badalakazam|102|1198\n|player|p2|LogosVD|266|1116\n|gen|9\n|tier|[Gen 9 Champions] VGC 2026 Reg M-A\n|rated|\n|rule|Species Clause: Limit one of each Pok\u00e9mon\n|rule|Item Clause: Limit 1 of each item\n|clearpoke\n|poke|p1|Abomasnow, L50, F|\n|poke|p1|Slowking, L50, M|\n|poke|p1|Incineroar, L50, M|\n|poke|p1|Rotom-Frost, L50|\n|poke|p1|Mudsdale, L50, F|\n|poke|p1|Vivillon, L50, F|\n|poke|p2|Floette-Eternal, L50, F|\n|poke|p2|Incineroar, L50, F|\n|poke|p2|Rotom-Heat, L50|\n|poke|p2|Gengar, L50, M|\n|poke|p2|Sinistcha, L50|\n|poke|p2|Garchomp, L50, M|\n|teampreview|4\n|inactive|Battle timer is ON: inactive players will automatically lose when time's up. (requested by LogosVD)\n|inactive|badalakazam has 60 seconds left.\n|\n|t:|1776188888\n|teamsize|p1|4\n|teamsize|p2|4\n|start\n|switch|p1a: Incineroar|Incineroar, L50, M|100/100\n|switch|p1b: Slowking|Slowking, L50, M|100/100\n|switch|p2a: Sinistcha|Sinistcha, L50|100/100\n|switch|p2b: Floette|Floette-Eternal, L50, F|100/100\n|-ability|p1a: Incineroar|Intimidate|boost\n|-block|p2a: Sinistcha|ability: Flower Veil|[of] p2b: Floette\n|-unboost|p2b: Floette|atk|1\n|turn|1\n|\n|t:|1776188908\n|switch|p1b: Abomasnow|Abomasnow, L50, F|100/100\n|-weather|Snowscape|[from] ability: Snow Warning|[of] p1b: Abomasnow\n|move|p2b: Floette|Protect|p2b: Floette\n|-singleturn|p2b: Floette|Protect\n|move|p1a: Incineroar|Fake Out|p2b: Floette\n|-activate|p2b: Floette|move: Protect\n|move|p2a: Sinistcha|Matcha Gotcha|p1a: Incineroar|[spread] p1a,p1b\n|-resisted|p1a: Incineroar|1\n|-crit|p1a: Incineroar\n|-resisted|p1b: Abomasnow|1\n|-damage|p1a: Incineroar|83/100\n|-damage|p1b: Abomasnow|88/100\n|\n|-weather|Snowscape|[upkeep]\n|upkeep\n|turn|2\n|\n|t:|1776188931\n|switch|p2a: Rotom|Rotom-Heat, L50|100/100\n|detailschange|p2b: Floette|Floette-Mega, L50, F\n|-mega|p2b: Floette|Floette|Floettite\n|-ability|p2b: Floette|Fairy Aura\n|detailschange|p1b: Abomasnow|Abomasnow-Mega, L50, F\n|-mega|p1b: Abomasnow|Abomasnow|Abomasite\n|move|p2b: Floette|Calm Mind|p2b: Floette\n|-boost|p2b: Floette|spa|1\n|-boost|p2b: Floette|spd|1\n|move|p1a: Incineroar|Parting Shot|p2b: Floette\n|-unboost|p2b: Floette|atk|1\n|-unboost|p2b: Floette|spa|1\n|\n|t:|1776188941\n|switch|p1a: Slowking|Slowking, L50, M|100/100|[from] Parting Shot\n|move|p1b: Abomasnow|Blizzard|p2a: Rotom|[spread] p2a,p2b\n|-resisted|p2a: Rotom|1\n|-damage|p2a: Rotom|78/100\n|-damage|p2b: Floette|80/100\n|\n|-weather|Snowscape|[upkeep]\n|-heal|p2a: Rotom|83/100|[from] item: Leftovers\n|upkeep\n|turn|3\n|\n|t:|1776188950\n|switch|p1b: Incineroar|Incineroar, L50, M|83/100\n|-ability|p1b: Incineroar|Intimidate|boost\n|-unboost|p2a: Rotom|atk|1\n|-unboost|p2b: Floette|atk|1\n|move|p2b: Floette|Calm Mind|p2b: Floette\n|-boost|p2b: Floette|spa|1\n|-boost|p2b: Floette|spd|1\n|move|p2a: Rotom|Thunderbolt|p1a: Slowking\n|-supereffective|p1a: Slowking|1\n|-damage|p1a: Slowking|23/100\n|move|p1a: Slowking|Trick Room|p1a: Slowking\n|-fieldstart|move: Trick Room|[of] p1a: Slowking\n|\n|-weather|Snowscape|[upkeep]\n|-heal|p2a: Rotom|89/100|[from] item: Leftovers\n|upkeep\n|turn|4\n|\n|t:|1776188973\n|move|p2b: Floette|Protect|p2b: Floette\n|-singleturn|p2b: Floette|Protect\n|move|p1a: Slowking|Hydro Pump|p2a: Rotom\n|-supereffective|p2a: Rotom|1\n|-damage|p2a: Rotom|0 fnt\n|faint|p2a: Rotom\n|move|p1b: Incineroar|Flare Blitz|p2b: Floette\n|-activate|p2b: Floette|move: Protect\n|\n|-weather|Snowscape|[upkeep]\n|upkeep\n|\n|t:|1776188981\n|switch|p2a: Incineroar|Incineroar, L50, F|100/100\n|-ability|p2a: Incineroar|Intimidate|boost\n|-fail|p1a: Slowking|unboost|Attack|[from] ability: Oblivious|[of] p1a: Slowking\n|-unboost|p1b: Incineroar|atk|1\n|turn|5\n|\n|t:|1776188996\n|move|p2a: Incineroar|Fake Out|p1b: Incineroar\n|-damage|p1b: Incineroar|73/100\n|move|p1a: Slowking|Hydro Pump|p2a: Incineroar\n|-supereffective|p2a: Incineroar|1\n|-damage|p2a: Incineroar|29/100\n|-enditem|p2a: Incineroar|Sitrus Berry|[eat]\n|-heal|p2a: Incineroar|54/100|[from] item: Sitrus Berry\n|cant|p1b: Incineroar|flinch\n|move|p2b: Floette|Dazzling Gleam|p1b: Incineroar|[spread] p1a,p1b\n|-damage|p1a: Slowking|0 fnt\n|-damage|p1b: Incineroar|5/100\n|faint|p1a: Slowking\n|\n|-weather|none\n|upkeep\n|\n|t:|1776189009\n|switch|p1a: Mudsdale|Mudsdale, L50, F|100/100\n|turn|6\n|\n|t:|1776189029\n|switch|p2a: Sinistcha|Sinistcha, L50|100/100\n|-heal|p2b: Floette|100/100|[from] ability: Hospitality|[of] p2a: Sinistcha\n|move|p1a: Mudsdale|Rock Slide|p2a: Sinistcha|[spread] p2a,p2b\n|-damage|p2a: Sinistcha|83/100\n|-damage|p2b: Floette|82/100\n|move|p1b: Incineroar|Parting Shot|p2b: Floette\n|-unboost|p2b: Floette|atk|1\n|-unboost|p2b: Floette|spa|1\n|\n|t:|1776189037\n|switch|p1b: Abomasnow|Abomasnow-Mega, L50, F|88/100|[from] Parting Shot\n|-weather|Snowscape|[from] ability: Snow Warning|[of] p1b: Abomasnow\n|cant|p2b: Floette|flinch\n|\n|-weather|Snowscape|[upkeep]\n|upkeep\n|turn|7\n|inactive|badalakazam has 30 seconds left.\n|inactive|badalakazam has 20 seconds left.\n|inactive|badalakazam has 15 seconds left.\n|\n|t:|1776189078\n|switch|p2a: Incineroar|Incineroar, L50, F|54/100\n|-ability|p2a: Incineroar|Intimidate|boost\n|-fail|p1a: Mudsdale|unboost|Attack|[from] ability: Inner Focus|[of] p1a: Mudsdale\n|-unboost|p1b: Abomasnow|atk|1\n|move|p2b: Floette|Protect|p2b: Floette\n|-singleturn|p2b: Floette|Protect\n|move|p1b: Abomasnow|Blizzard|p2a: Incineroar|[spread] p2a\n|-activate|p2b: Floette|move: Protect\n|-resisted|p2a: Incineroar|1\n|-damage|p2a: Incineroar|38/100\n|move|p1a: Mudsdale|Earthquake|p2a: Incineroar|[spread] p1b,p2a\n|-activate|p2b: Floette|move: Protect\n|-resisted|p1b: Abomasnow|1\n|-supereffective|p2a: Incineroar|1\n|-damage|p1b: Abomasnow|75/100\n|-damage|p2a: Incineroar|0 fnt\n|faint|p2a: Incineroar\n|\n|-weather|Snowscape|[upkeep]\n|-fieldend|move: Trick Room\n|upkeep\n|\n|t:|1776189091\n|switch|p2a: Sinistcha|Sinistcha, L50|83/100\n|-heal|p2b: Floette|100/100|[from] ability: Hospitality|[of] p2a: Sinistcha\n|turn|8\n|\n|t:|1776189102\n|move|p1a: Mudsdale|Protect|p1a: Mudsdale\n|-singleturn|p1a: Mudsdale|Protect\n|move|p2b: Floette|Dazzling Gleam|p1b: Abomasnow|[spread] p1b\n|-activate|p1a: Mudsdale|move: Protect\n|-damage|p1b: Abomasnow|35/100\n|move|p2a: Sinistcha|Matcha Gotcha|p1a: Mudsdale|[spread] p1b\n|-activate|p1a: Mudsdale|move: Protect\n|-resisted|p1b: Abomasnow|1\n|-damage|p1b: Abomasnow|23/100\n|-heal|p2a: Sinistcha|89/100|[from] drain|[of] p1b: Abomasnow\n|-status|p1b: Abomasnow|brn\n|move|p1b: Abomasnow|Blizzard|p2b: Floette|[spread] p2a,p2b\n|-supereffective|p2a: Sinistcha|1\n|-damage|p2a: Sinistcha|0 fnt\n|-damage|p2b: Floette|83/100\n|faint|p2a: Sinistcha\n|\n|-weather|Snowscape|[upkeep]\n|-damage|p1b: Abomasnow|17/100 brn|[from] brn\n|upkeep\n|turn|9\n|\n|t:|1776189121\n|move|p2b: Floette|Moonblast|p1a: Mudsdale\n|-damage|p1a: Mudsdale|43/100\n|-unboost|p1a: Mudsdale|spa|1\n|move|p1a: Mudsdale|Earthquake|p2b: Floette|[spread] p1b,p2b\n|-resisted|p1b: Abomasnow|1\n|-damage|p1b: Abomasnow|6/100 brn\n|-damage|p2b: Floette|39/100\n|move|p1b: Abomasnow|Blizzard|p2b: Floette\n|-damage|p2b: Floette|14/100\n|\n|-weather|Snowscape|[upkeep]\n|-damage|p1b: Abomasnow|0 fnt|[from] brn\n|faint|p1b: Abomasnow\n|upkeep\n|\n|t:|1776189126\n|switch|p1b: Incineroar|Incineroar, L50, M|5/100\n|-ability|p1b: Incineroar|Intimidate|boost\n|-unboost|p2b: Floette|atk|1\n|turn|10\n|\n|t:|1776189141\n|move|p2b: Floette|Protect|p2b: Floette\n|-singleturn|p2b: Floette|Protect\n|move|p1b: Incineroar|Fake Out|p2b: Floette\n|-activate|p2b: Floette|move: Protect\n|move|p1a: Mudsdale|Close Combat|p2b: Floette\n|-activate|p2b: Floette|move: Protect\n|\n|-weather|none\n|upkeep\n|turn|11\n|\n|t:|1776189147\n|move|p2b: Floette|Dazzling Gleam|p1a: Mudsdale|[spread] p1a,p1b\n|-damage|p1a: Mudsdale|3/100\n|-damage|p1b: Incineroar|0 fnt\n|faint|p1b: Incineroar\n|move|p1a: Mudsdale|Earthquake|p2b: Floette\n|-damage|p2b: Floette|0 fnt\n|faint|p2b: Floette\n|\n|win|badalakazam\n|raw|badalakazam's rating: 1198 &rarr; <strong>1217</strong><br />(+19 for winning)\n|raw|LogosVD's rating: 1116 &rarr; <strong>1097</strong><br />(-19 for losing)\n|l|\u2606LogosVD\n|player|p2|\n",
  "uploadtime": 1776189156,
  "views": 18,
  "formatid": "gen9championsvgc2026regma",
  "rating": 1097,
  "private": 0,
  "password": null
}