{
  "id": "gen9championsvgc2026regma-2584922773",
  "format": "[Gen 9 Champions] VGC 2026 Reg M-A",
  "players": [
    "Sneasler33",
    "AAACompanyBtw"
  ],
  "log": "|j|\u2606Sneasler33\n|j|\u2606AAACompanyBtw\n|t:|1776294845\n|gametype|doubles\n|player|p1|Sneasler33|dawn-gen4pt|1188\n|player|p2|AAACompanyBtw|2|1222\n|gen|9\n|tier|[Gen 9 Champions] VGC 2026 Reg M-A\n|rated|\n|rule|Species Clause: Limit one of each Pok\u00e9mon\n|rule|Item Clause: Limit 1 of each item\n|clearpoke\n|poke|p1|Hawlucha, L50, M|\n|poke|p1|Krookodile, L50, M|\n|poke|p1|Sneasler, L50, M|\n|poke|p1|Meowstic, L50, M|\n|poke|p1|Kingambit, L50, F|\n|poke|p1|Basculegion, L50, M|\n|poke|p2|Incineroar, L50, F|\n|poke|p2|Kingambit, L50, F|\n|poke|p2|Rotom-Wash, L50|\n|poke|p2|Mamoswine, L50, F|\n|poke|p2|Whimsicott, L50, M|\n|poke|p2|Froslass, L50, F|\n|teampreview|4\n|inactive|Battle timer is ON: inactive players will automatically lose when time's up. (requested by Sneasler33)\nSneasler33 rejected open team sheets.\n|\n|t:|1776294885\n|teamsize|p1|4\n|teamsize|p2|4\n|start\n|switch|p1a: Kingambit|Kingambit, L50, F|100/100\n|switch|p1b: Meowstic|Meowstic, L50, M|100/100\n|switch|p2a: Whimsicott|Whimsicott, L50, M|100/100\n|switch|p2b: Rotom|Rotom-Wash, L50|100/100\n|turn|1\n|\n|t:|1776294901\n|move|p1b: Meowstic|Light Screen|p1b: Meowstic\n|-sidestart|p1: Sneasler33|move: Light Screen\n|move|p2b: Rotom|Volt Switch|p1a: Kingambit\n|-damage|p1a: Kingambit|78/100\n|\n|t:|1776294907\n|switch|p2b: Kingambit|Kingambit, L50, F|100/100|[from] Volt Switch\n|move|p2a: Whimsicott|Moonblast|p1a: Kingambit\n|-crit|p1a: Kingambit\n|-damage|p1a: Kingambit|37/100\n|move|p1a: Kingambit|Iron Head|p2a: Whimsicott\n|-supereffective|p2a: Whimsicott|1\n|-enditem|p2a: Whimsicott|Focus Sash\n|-damage|p2a: Whimsicott|1/100\n|\n|upkeep\n|turn|2\n|\n|t:|1776294925\n|move|p2a: Whimsicott|Encore|p1b: Meowstic\n|-start|p1b: Meowstic|Encore\n|move|p1b: Meowstic|Light Screen||[still]\n|-fail|p1b: Meowstic\n|move|p1a: Kingambit|Sucker Punch||[still]\n|-fail|p1a: Kingambit\n|move|p2b: Kingambit|Kowtow Cleave|p1a: Kingambit\n|-resisted|p1a: Kingambit|1\n|-damage|p1a: Kingambit|16/100\n|\n|upkeep\n|turn|3\n|\n|t:|1776294935\n|switch|p1b: Hawlucha|Hawlucha, L50, M|100/100\n|-ability|p1b: Hawlucha|Mold Breaker\n|move|p2a: Whimsicott|Tailwind|p2a: Whimsicott\n|-sidestart|p2: AAACompanyBtw|move: Tailwind\n|move|p1a: Kingambit|Sucker Punch||[still]\n|-fail|p1a: Kingambit\n|move|p2b: Kingambit|Kowtow Cleave|p1a: Kingambit\n|-resisted|p1a: Kingambit|1\n|-damage|p1a: Kingambit|0 fnt\n|faint|p1a: Kingambit\n|\n|upkeep\n|\n|t:|1776294937\n|switch|p1a: Krookodile|Krookodile, L50, M|100/100\n|-ability|p1a: Krookodile|Intimidate|boost\n|-unboost|p2a: Whimsicott|atk|1\n|-unboost|p2b: Kingambit|atk|1\n|-ability|p2b: Kingambit|Defiant|boost\n|-boost|p2b: Kingambit|atk|2\n|turn|4\n|inactive|Sneasler33 has 30 seconds left.\n|\n|t:|1776294963\n|detailschange|p1b: Hawlucha|Hawlucha-Mega, L50, M\n|-mega|p1b: Hawlucha|Hawlucha|Hawluchanite\n|move|p2b: Kingambit|Protect|p2b: Kingambit\n|-singleturn|p2b: Kingambit|Protect\n|move|p2a: Whimsicott|Moonblast|p1b: Hawlucha\n|-supereffective|p1b: Hawlucha|1\n|-damage|p1b: Hawlucha|64/100\n|move|p1b: Hawlucha|High Jump Kick|p2b: Kingambit\n|-activate|p2b: Kingambit|move: Protect\n|-damage|p1b: Hawlucha|14/100|[from] highjumpkick\n|move|p1a: Krookodile|Knock Off|p2a: Whimsicott\n|-resisted|p2a: Whimsicott|1\n|-damage|p2a: Whimsicott|0 fnt\n|faint|p2a: Whimsicott\n|\n|upkeep\n|\n|t:|1776294976\n|switch|p2a: Froslass|Froslass, L50, F|100/100\n|turn|5\n|\n|t:|1776294991\n|detailschange|p2a: Froslass|Froslass-Mega, L50, F\n|-mega|p2a: Froslass|Froslass|Froslassite\n|-weather|Snowscape|[from] ability: Snow Warning|[of] p2a: Froslass\n|move|p2b: Kingambit|Sucker Punch|p1a: Krookodile\n|-resisted|p1a: Krookodile|1\n|-damage|p1a: Krookodile|62/100\n|move|p2a: Froslass|Blizzard|p1a: Krookodile|[spread] p1a,p1b\n|-supereffective|p1a: Krookodile|1\n|-supereffective|p1b: Hawlucha|1\n|-damage|p1a: Krookodile|0 fnt\n|-damage|p1b: Hawlucha|0 fnt\n|faint|p1a: Krookodile\n|faint|p1b: Hawlucha\n|\n|-weather|Snowscape|[upkeep]\n|-sideend|p1: Sneasler33|move: Light Screen\n|upkeep\n|-message|Sneasler33 forfeited.\n|\n|win|AAACompanyBtw\n|raw|Sneasler33's rating: 1188 &rarr; <strong>1165</strong><br />(-23 for losing)\n|raw|AAACompanyBtw's rating: 1222 &rarr; <strong>1245</strong><br />(+23 for winning)\n|l|\u2606Sneasler33\n|player|p1|\n",
  "uploadtime": 1776295006,
  "views": 22,
  "formatid": "gen9championsvgc2026regma",
  "rating": 1165,
  "private": 0,
  "password": null
}