{
  "id": "gen9championsvgc2026regma-2588389370",
  "format": "[Gen 9 Champions] VGC 2026 Reg M-A",
  "players": [
    "dankiel",
    "dd18090"
  ],
  "log": "|j|\u203ddankiel\n|j|\u2606dd18090\n|t:|1776629432\n|gametype|doubles\n|player|p1|dankiel|morty|1119\n|player|p2|dd18090|clerk|1105\n|gen|9\n|tier|[Gen 9 Champions] VGC 2026 Reg M-A\n|rated|\n|rule|Species Clause: Limit one of each Pok\u00e9mon\n|rule|Item Clause: Limit 1 of each item\n|clearpoke\n|poke|p1|Starmie, L50|\n|poke|p1|Arcanine-Hisui, L50, F|\n|poke|p1|Crabominable, L50, F|\n|poke|p1|Ninetales-Alola, L50, M|\n|poke|p1|Slowking-Galar, L50, F|\n|poke|p1|Tsareena, L50, F|\n|poke|p2|Charizard, L50, M|\n|poke|p2|Incineroar, L50, M|\n|poke|p2|Typhlosion-Hisui, L50, F|\n|poke|p2|Whimsicott, L50, F|\n|poke|p2|Venusaur, L50, F|\n|poke|p2|Torkoal, L50, M|\n|teampreview|4\n|inactive|Battle timer is ON: inactive players will automatically lose when time's up. (requested by dd18090)\ndankiel rejected open team sheets.\n|\n|t:|1776629450\n|teamsize|p1|4\n|teamsize|p2|4\n|start\n|switch|p1a: Starmie|Starmie, L50|100/100\n|switch|p1b: Arcanine|Arcanine-Hisui, L50, F|100/100\n|switch|p2a: Charizard|Charizard, L50, M|100/100\n|switch|p2b: Whimsicott|Whimsicott, L50, F|100/100\n|-ability|p1b: Arcanine|Intimidate|boost\n|-unboost|p2a: Charizard|atk|1\n|-unboost|p2b: Whimsicott|atk|1\n|turn|1\n|\n|t:|1776629467\n|detailschange|p1a: Starmie|Starmie-Mega, L50\n|-mega|p1a: Starmie|Starmie|Starminite\n|move|p2a: Charizard|Protect|p2a: Charizard\n|-singleturn|p2a: Charizard|Protect\n|move|p2b: Whimsicott|Tailwind|p2b: Whimsicott\n|-sidestart|p2: dd18090|move: Tailwind\n|move|p1a: Starmie|Skill Swap|p1b: Arcanine\n|-activate|p1a: Starmie|Skill Swap|||[of] p1b: Arcanine\n|-ability|p1a: Starmie|Intimidate|boost\n|-unboost|p2a: Charizard|atk|1\n|-unboost|p2b: Whimsicott|atk|1\n|move|p1b: Arcanine|Agility|p1b: Arcanine\n|-boost|p1b: Arcanine|spe|2\n|\n|upkeep\n|turn|2\n|\n|t:|1776629496\n|switch|p1a: Tsareena|Tsareena, L50, F|100/100\n|detailschange|p2a: Charizard|Charizard-Mega-Y, L50, M\n|-mega|p2a: Charizard|Charizard|Charizardite Y\n|-weather|SunnyDay|[from] ability: Drought|[of] p2a: Charizard\n|move|p2b: Whimsicott|Encore||[still]\n|cant|p1a: Tsareena|ability: Queenly Majesty|Encore|[of] p2b: Whimsicott\n|move|p2a: Charizard|Solar Beam||[still]\n|-prepare|p2a: Charizard|Solar Beam\n|-anim|p2a: Charizard|Solar Beam|p1b: Arcanine\n|-damage|p1b: Arcanine|44/100\n|move|p1b: Arcanine|Agility|p1b: Arcanine\n|-boost|p1b: Arcanine|spe|2\n|\n|-weather|SunnyDay|[upkeep]\n|upkeep\n|turn|3\n|inactive|dd18090 has 30 seconds left.\n|\n|t:|1776629524\n|move|p2a: Charizard|Protect|p2a: Charizard\n|-singleturn|p2a: Charizard|Protect\n|move|p2b: Whimsicott|Moonblast|p1b: Arcanine\n|-resisted|p1b: Arcanine|1\n|-damage|p1b: Arcanine|26/100\n|move|p1b: Arcanine|Rock Slide|p2a: Charizard|[spread] p2b\n|-activate|p2a: Charizard|move: Protect\n|-damage|p2b: Whimsicott|2/100\n|move|p1a: Tsareena|Acrobatics|p2b: Whimsicott\n|-supereffective|p2b: Whimsicott|1\n|-damage|p2b: Whimsicott|0 fnt\n|faint|p2b: Whimsicott\n|\n|-weather|SunnyDay|[upkeep]\n|upkeep\n|\n|t:|1776629536\n|switch|p2b: Typhlosion|Typhlosion-Hisui, L50, F|100/100\n|turn|4\n|\n|t:|1776629544\n|move|p1b: Arcanine|Rock Slide|p2b: Typhlosion|[spread] p2a,p2b\n|-supereffective|p2a: Charizard|2\n|-supereffective|p2b: Typhlosion|1\n|-damage|p2a: Charizard|0 fnt\n|-damage|p2b: Typhlosion|0 fnt\n|faint|p2a: Charizard\n|faint|p2b: Typhlosion\n|move|p1a: Tsareena|Knock Off|p2: Charizard|[notarget]\n|-fail|p1a: Tsareena\n|\n|-weather|SunnyDay|[upkeep]\n|-sideend|p2: dd18090|move: Tailwind\n|upkeep\n|\n|t:|1776629549\n|switch|p2b: Torkoal|Torkoal, L50, M|100/100\n|turn|5\n|\n|t:|1776629559\n|move|p1b: Arcanine|Rock Slide|p2b: Torkoal\n|-supereffective|p2b: Torkoal|1\n|-damage|p2b: Torkoal|0 fnt\n|faint|p2b: Torkoal\n|\n|win|dankiel\n|raw|dankiel's rating: 1119 &rarr; <strong>1143</strong><br />(+24 for winning)\n|raw|dd18090's rating: 1105 &rarr; <strong>1081</strong><br />(-24 for losing)\n|l|\u2606dd18090\n|player|p2|\n",
  "uploadtime": 1776629566,
  "views": 12,
  "formatid": "gen9championsvgc2026regma",
  "rating": 1081,
  "private": 0,
  "password": null
}