{
  "id": "gen9championsvgc2026regma-2583654765",
  "format": "[Gen 9 Champions] VGC 2026 Reg M-A",
  "players": [
    "lirtyz0977",
    "kagerou004"
  ],
  "log": "|j|\u2606lirtyz0977\n|j|\u2606kagerou004\n|t:|1776189048\n|gametype|doubles\n|player|p1|lirtyz0977|giovanni|1071\n|player|p2|kagerou004|170|1045\n|gen|9\n|tier|[Gen 9 Champions] VGC 2026 Reg M-A\n|rated|\n|rule|Species Clause: Limit one of each Pok\u00e9mon\n|rule|Item Clause: Limit 1 of each item\n|clearpoke\n|poke|p1|Kingambit, L50, M|\n|poke|p1|Dragonite, L50, M|\n|poke|p1|Ceruledge, L50, F|\n|poke|p1|Kleavor, L50, M|\n|poke|p1|Sinistcha, L50|\n|poke|p1|Floette-Eternal, L50, F|\n|poke|p2|Toxapex, L50, F|\n|poke|p2|Hatterene, L50, F|\n|poke|p2|Slowbro, L50, M|\n|poke|p2|Hippowdon, L50, M|\n|poke|p2|Ditto, L50|\n|poke|p2|Medicham, L50, M|\n|teampreview|4\n|inactive|Battle timer is ON: inactive players will automatically lose when time's up. (requested by lirtyz0977)\n|\n|t:|1776189068\n|teamsize|p1|4\n|teamsize|p2|4\n|start\n|switch|p1a: Sinistcha|Sinistcha, L50|100/100\n|switch|p1b: Kleavor|Kleavor, L50, M|100/100\n|switch|p2a: my?|Hatterene, L50, F|100/100\n|switch|p2b: Toxapex|Toxapex, L50, F|100/100\n|turn|1\n|\n|t:|1776189080\n|move|p1b: Kleavor|X-Scissor|p2a: my?\n|-damage|p2a: my?|9/100\n|move|p1a: Sinistcha|Nasty Plot|p1a: Sinistcha\n|-boost|p1a: Sinistcha|spa|2\n|move|p2b: Toxapex|Toxic Spikes|p1b: Kleavor\n|-sidestart|p1: lirtyz0977|move: Toxic Spikes\n|move|p2a: my?|Trick Room|p2a: my?\n|-fieldstart|move: Trick Room|[of] p2a: my?\n|\n|upkeep\n|turn|2\n|\n|t:|1776189094\n|switch|p2a: Hippowdon|Hippowdon, L50, M|100/100\n|-weather|Sandstorm|[from] ability: Sand Stream|[of] p2a: Hippowdon\n|move|p2b: Toxapex|Baneful Bunker|p2b: Toxapex\n|-singleturn|p2b: Toxapex|move: Protect\n|move|p1a: Sinistcha|Matcha Gotcha|p2a: Hippowdon|[spread] p2a\n|-activate|p2b: Toxapex|move: Protect\n|-supereffective|p2a: Hippowdon|1\n|-damage|p2a: Hippowdon|0 fnt\n|faint|p2a: Hippowdon\n|move|p1b: Kleavor|X-Scissor|p2b: Toxapex\n|-activate|p2b: Toxapex|move: Protect\n|-status|p1b: Kleavor|psn\n|\n|-weather|Sandstorm|[upkeep]\n|-damage|p2b: Toxapex|95/100|[from] Sandstorm\n|-damage|p1a: Sinistcha|94/100|[from] Sandstorm\n|-heal|p2b: Toxapex|100/100|[from] item: Leftovers\n|-damage|p1b: Kleavor|88/100 psn|[from] psn\n|upkeep\n|\n|t:|1776189115\n|switch|p2a: FyneShytee|Medicham, L50, M|100/100\n|turn|3\n|\n|t:|1776189124\n|detailschange|p2a: FyneShytee|Medicham-Mega, L50, M\n|-mega|p2a: FyneShytee|Medicham|Medichamite\n|move|p2b: Toxapex|Wide Guard|p2b: Toxapex\n|-singleturn|p2b: Toxapex|Wide Guard\n|move|p1a: Sinistcha|Matcha Gotcha|p2a: FyneShytee|[spread] \n|-activate|p2a: FyneShytee|move: Wide Guard\n|-activate|p2b: Toxapex|move: Wide Guard\n|move|p2a: FyneShytee|High Jump Kick|p1a: Sinistcha\n|-immune|p1a: Sinistcha\n|-damage|p2a: FyneShytee|51/100|[from] highjumpkick\n|move|p1b: Kleavor|X-Scissor|p2a: FyneShytee\n|-damage|p2a: FyneShytee|0 fnt\n|faint|p2a: FyneShytee\n|\n|-weather|Sandstorm|[upkeep]\n|-damage|p2b: Toxapex|95/100|[from] Sandstorm\n|-damage|p1a: Sinistcha|88/100|[from] Sandstorm\n|-heal|p2b: Toxapex|100/100|[from] item: Leftovers\n|-damage|p1b: Kleavor|76/100 psn|[from] psn\n|upkeep\n|\n|t:|1776189144\n|switch|p2a: my?|Hatterene, L50, F|9/100\n|turn|4\n|\n|t:|1776189158\n|move|p2a: my?|Protect|p2a: my?\n|-singleturn|p2a: my?|Protect\n|move|p2b: Toxapex|Baneful Bunker||[still]\n|-fail|p2b: Toxapex\n|move|p1a: Sinistcha|Matcha Gotcha|p2a: my?|[spread] p2b\n|-activate|p2a: my?|move: Protect\n|-damage|p2b: Toxapex|29/100\n|-heal|p1a: Sinistcha|100/100|[from] drain|[of] p2b: Toxapex\n|move|p1b: Kleavor|X-Scissor|p2b: Toxapex\n|-resisted|p2b: Toxapex|1\n|-damage|p2b: Toxapex|5/100\n|\n|-weather|Sandstorm|[upkeep]\n|-damage|p2a: my?|3/100|[from] Sandstorm\n|-damage|p2b: Toxapex|0 fnt|[from] Sandstorm\n|-damage|p1a: Sinistcha|94/100|[from] Sandstorm\n|faint|p2b: Toxapex\n|-damage|p1b: Kleavor|63/100 psn|[from] psn\n|upkeep\n|turn|5\n|\n|t:|1776189182\n|move|p2a: my?|Play Rough|p1b: Kleavor\n|-damage|p1b: Kleavor|27/100 psn\n|-unboost|p1b: Kleavor|atk|1\n|move|p1a: Sinistcha|Matcha Gotcha|p2a: my?\n|-damage|p2a: my?|0 fnt\n|-heal|p1a: Sinistcha|96/100|[from] drain|[of] p2a: my?\n|faint|p2a: my?\n|\n|win|lirtyz0977\n|raw|lirtyz0977's rating: 1071 &rarr; <strong>1098</strong><br />(+27 for winning)\n|raw|kagerou004's rating: 1045 &rarr; <strong>1030</strong><br />(-15 for losing)\n",
  "uploadtime": 1776189195,
  "views": 19,
  "formatid": "gen9championsvgc2026regma",
  "rating": 1030,
  "private": 0,
  "password": null
}