{
  "id": "gen9championsvgc2026regma-2583264170",
  "format": "[Gen 9 Champions] VGC 2026 Reg M-A",
  "players": [
    "DSEA Skyve",
    "piedidiconkeldurr"
  ],
  "log": "|j|\u2606DSEA Skyve\n|j|\u2606piedidiconkeldurr\n|t:|1776160976\n|gametype|doubles\n|player|p1|DSEA Skyve|twins-gen4dp|1127\n|player|p2|piedidiconkeldurr|cynthia|1171\n|gen|9\n|tier|[Gen 9 Champions] VGC 2026 Reg M-A\n|rated|\n|rule|Species Clause: Limit one of each Pok\u00e9mon\n|rule|Item Clause: Limit 1 of each item\n|clearpoke\n|poke|p1|Torkoal, L50, F|\n|poke|p1|Scovillain, L50, M|\n|poke|p1|Maushold-Four, L50|\n|poke|p1|Whimsicott, L50, M|\n|poke|p1|Garchomp, L50, F|\n|poke|p1|Meowstic-F, L50, F|\n|poke|p2|Mudsdale, L50, F|\n|poke|p2|Farigiraf, L50, F|\n|poke|p2|Sinistcha, L50|\n|poke|p2|Incineroar, L50, M|\n|poke|p2|Delphox, L50, F|\n|poke|p2|Camerupt, L50, F|\n|teampreview|4\n|inactive|Battle timer is ON: inactive players will automatically lose when time's up. (requested by DSEA Skyve)\n|inactive|DSEA Skyve has 60 seconds left.\n|inactive|piedidiconkeldurr has 60 seconds left.\n|inactive|piedidiconkeldurr has 30 seconds left.\n|inactive|piedidiconkeldurr has 20 seconds left.\n|inactive|piedidiconkeldurr has 15 seconds left.\n|\n|t:|1776161056\n|teamsize|p1|4\n|teamsize|p2|4\n|start\n|switch|p1a: Torkoal|Torkoal, L50, F|100/100\n|switch|p1b: Meowstic|Meowstic-F, L50, F|100/100\n|switch|p2a: Incineroar|Incineroar, L50, M|100/100\n|switch|p2b: Farigiraf|Farigiraf, L50, F|100/100\n|-ability|p2a: Incineroar|Intimidate|boost\n|-unboost|p1a: Torkoal|atk|1\n|-unboost|p1b: Meowstic|atk|1\n|-ability|p1b: Meowstic|Competitive|boost\n|-boost|p1b: Meowstic|spa|2\n|-weather|SunnyDay|[from] ability: Drought|[of] p1a: Torkoal\n|turn|1\n|inactive|DSEA Skyve has 30 seconds left.\n|inactive|DSEA Skyve has 20 seconds left.\n|\n|t:|1776161092\n|switch|p1a: Garchomp|Garchomp, L50, F|100/100\n|detailschange|p1b: Meowstic|Meowstic-F-Mega, L50, F\n|-mega|p1b: Meowstic|Meowstic|Meowsticite\n|-ability|p1b: Meowstic|Armor Tail|Trace|[from] ability: Trace|[of] p2b: Farigiraf\n|move|p1b: Meowstic|Protect|p1b: Meowstic\n|-singleturn|p1b: Meowstic|Protect\n|move|p2b: Farigiraf|Psychic|p1a: Garchomp\n|-damage|p1a: Garchomp|59/100\n|move|p2a: Incineroar|Darkest Lariat|p1b: Meowstic\n|-activate|p1b: Meowstic|move: Protect\n|\n|-weather|SunnyDay|[upkeep]\n|upkeep\n|turn|2\n|inactive|DSEA Skyve has 30 seconds left.\n|inactive|piedidiconkeldurr has 30 seconds left.\n|inactive|DSEA Skyve has 20 seconds left.\n|inactive|DSEA Skyve has 15 seconds left.\n|inactive|DSEA Skyve has 10 seconds left.\n|\n|t:|1776161139\n|move|p1b: Meowstic|Alluring Voice|p2a: Incineroar\n|-damage|p2a: Incineroar|47/100\n|move|p1a: Garchomp|Rock Slide|p2b: Farigiraf|[spread] p2a\n|-miss|p1a: Garchomp|p2b: Farigiraf\n|-supereffective|p2a: Incineroar|1\n|-damage|p2a: Incineroar|14/100\n|move|p2b: Farigiraf|Psychic|p1a: Garchomp\n|-damage|p1a: Garchomp|20/100\n|cant|p2a: Incineroar|flinch\n|\n|-weather|SunnyDay|[upkeep]\n|upkeep\n|turn|3\n|\n|t:|1776161163\n|move|p1b: Meowstic|Protect|p1b: Meowstic\n|-singleturn|p1b: Meowstic|Protect\n|move|p1a: Garchomp|Earthquake|p2a: Incineroar|[spread] p2a,p2b\n|-activate|p1b: Meowstic|move: Protect\n|-supereffective|p2a: Incineroar|1\n|-enditem|p2a: Incineroar|Shuca Berry|[eat]\n|-enditem|p2a: Incineroar|Shuca Berry|[weaken]\n|-damage|p2a: Incineroar|0 fnt\n|-damage|p2b: Farigiraf|63/100\n|faint|p2a: Incineroar\n|move|p2b: Farigiraf|Psychic|p1b: Meowstic\n|-activate|p1b: Meowstic|move: Protect\n|\n|-weather|SunnyDay|[upkeep]\n|upkeep\n|\n|t:|1776161171\n|switch|p2a: Delphox|Delphox, L50, F|100/100\n|turn|4\n|inactive|DSEA Skyve has 30 seconds left.\n|inactive|DSEA Skyve has 20 seconds left.\n|\n|t:|1776161208\n|switch|p1b: Scovillain|Scovillain, L50, M|100/100\n|detailschange|p2a: Delphox|Delphox-Mega, L50, F\n|-mega|p2a: Delphox|Delphox|Delphoxite\n|move|p2b: Farigiraf|Helping Hand|p2a: Delphox\n|-singleturn|p2a: Delphox|Helping Hand|[of] p2b: Farigiraf\n|move|p1a: Garchomp|Protect|p1a: Garchomp\n|-singleturn|p1a: Garchomp|Protect\n|move|p2a: Delphox|Heat Wave|p1b: Scovillain|[spread] p1b\n|-activate|p1a: Garchomp|move: Protect\n|-damage|p1b: Scovillain|0 fnt\n|faint|p1b: Scovillain\n|\n|-weather|SunnyDay|[upkeep]\n|upkeep\n|inactive|DSEA Skyve has 30 seconds left.\n|inactive|DSEA Skyve has 20 seconds left.\n|\n|t:|1776161243\n|switch|p1b: Meowstic|Meowstic-F-Mega, L50, F|100/100\n|-ability|p1b: Meowstic|Armor Tail|Trace|[from] ability: Trace|[of] p2b: Farigiraf\n|turn|5\n|-message|DSEA Skyve forfeited.\n|\n|win|piedidiconkeldurr\n|raw|DSEA Skyve's rating: 1127 &rarr; <strong>1105</strong><br />(-22 for losing)\n|raw|piedidiconkeldurr's rating: 1171 &rarr; <strong>1193</strong><br />(+22 for winning)\n|l|\u2606DSEA Skyve\n|player|p1|\n",
  "uploadtime": 1776161269,
  "views": 17,
  "formatid": "gen9championsvgc2026regma",
  "rating": 1105,
  "private": 0,
  "password": null
}