{
  "id": "gen9championsvgc2026regma-2584429200",
  "format": "[Gen 9 Champions] VGC 2026 Reg M-A",
  "players": [
    "WoChien Fangirl",
    "SOLITUDINARIO"
  ],
  "log": "|j|\u2606WoChien Fangirl\n|j|\u203dSOLITUDINARIO\n|t:|1776260248\n|gametype|doubles\n|player|p1|WoChien Fangirl|lady|1302\n|player|p2|SOLITUDINARIO|2|1274\n|gen|9\n|tier|[Gen 9 Champions] VGC 2026 Reg M-A\n|rated|\n|rule|Species Clause: Limit one of each Pok\u00e9mon\n|rule|Item Clause: Limit 1 of each item\n|clearpoke\n|poke|p1|Charizard, L50, M|\n|poke|p1|Sneasler, L50, F|\n|poke|p1|Whimsicott, L50, M|\n|poke|p1|Ninetales-Alola, L50, M|\n|poke|p1|Skarmory, L50, F|\n|poke|p1|Milotic, L50, F|\n|poke|p2|Rotom-Wash, L50|\n|poke|p2|Garchomp, L50, F|\n|poke|p2|Whimsicott, L50, F|\n|poke|p2|Gengar, L50, M|\n|poke|p2|Incineroar, L50, M|\n|poke|p2|Orthworm, L50, M|\n|teampreview|4\n|\n|t:|1776260286\n|teamsize|p1|4\n|teamsize|p2|4\n|start\n|switch|p1a: Sneasler|Sneasler, L50, F|100/100\n|switch|p1b: Milotic|Milotic, L50, F, shiny|100/100\n|switch|p2a: Rotom|Rotom-Wash, L50|100/100\n|switch|p2b: Garchomp|Garchomp, L50, F|100/100\n|turn|1\n|inactive|Battle timer is ON: inactive players will automatically lose when time's up. (requested by SOLITUDINARIO)\n|inactive|WoChien Fangirl has 60 seconds left.\n|\n|t:|1776260337\n|move|p1a: Sneasler|Fake Out|p2a: Rotom\n|-damage|p2a: Rotom|85/100\n|move|p2b: Garchomp|Swords Dance|p2b: Garchomp\n|-boost|p2b: Garchomp|atk|2\n|cant|p2a: Rotom|flinch\n|move|p1b: Milotic|Ice Beam|p2b: Garchomp\n|-supereffective|p2b: Garchomp|2\n|-damage|p2b: Garchomp|18/100\n|\n|upkeep\n|turn|2\n|inactive|WoChien Fangirl has 30 seconds left.\n|\n|t:|1776260368\n|move|p2b: Garchomp|Protect|p2b: Garchomp\n|-singleturn|p2b: Garchomp|Protect\n|move|p1b: Milotic|Protect|p1b: Milotic\n|-singleturn|p1b: Milotic|Protect\n|move|p1a: Sneasler|Close Combat|p2b: Garchomp\n|-activate|p2b: Garchomp|move: Protect\n|move|p2a: Rotom|Discharge|p1b: Milotic|[spread] p1a\n|-activate|p2b: Garchomp|move: Protect\n|-activate|p1b: Milotic|move: Protect\n|-damage|p1a: Sneasler|60/100\n|\n|upkeep\n|turn|3\n|\n|t:|1776260391\n|switch|p2b: Gengar|Gengar, L50, M|100/100\n|move|p1a: Sneasler|Close Combat|p2b: Gengar\n|-immune|p2b: Gengar\n|move|p2a: Rotom|Will-O-Wisp|p1a: Sneasler|[miss]\n|-miss|p2a: Rotom|p1a: Sneasler\n|move|p1b: Milotic|Scald|p2a: Rotom\n|-resisted|p2a: Rotom|1\n|-damage|p2a: Rotom|71/100\n|\n|upkeep\n|turn|4\n|\n|t:|1776260411\n|detailschange|p2b: Gengar|Gengar-Mega, L50, M\n|-mega|p2b: Gengar|Gengar|Gengarite\n|move|p2b: Gengar|Protect|p2b: Gengar\n|-singleturn|p2b: Gengar|Protect\n|move|p1a: Sneasler|Close Combat|p2a: Rotom\n|-crit|p2a: Rotom\n|-damage|p2a: Rotom|0 fnt\n|-unboost|p1a: Sneasler|def|1\n|-unboost|p1a: Sneasler|spd|1\n|faint|p2a: Rotom\n|-enditem|p1a: Sneasler|White Herb\n|-clearnegativeboost|p1a: Sneasler|[silent]\n|move|p1b: Milotic|Scald|p2b: Gengar\n|-activate|p2b: Gengar|move: Protect\n|\n|upkeep\n|\n|t:|1776260424\n|switch|p2a: Whimsicott|Whimsicott, L50, F|100/100\n|turn|5\n|\n|t:|1776260434\n|move|p2a: Whimsicott|Tailwind|p2a: Whimsicott\n|-sidestart|p2: SOLITUDINARIO|move: Tailwind\n|move|p2b: Gengar|Substitute|p2b: Gengar\n|-start|p2b: Gengar|Substitute\n|-damage|p2b: Gengar|76/100\n|move|p1a: Sneasler|Dire Claw|p2a: Whimsicott\n|-supereffective|p2a: Whimsicott|2\n|-enditem|p2a: Whimsicott|Focus Sash\n|-damage|p2a: Whimsicott|1/100\n|move|p1b: Milotic|Scald|p2b: Gengar\n|-end|p2b: Gengar|Substitute\n|\n|upkeep\n|turn|6\n|\n|t:|1776260459\n|move|p2b: Gengar|Shadow Ball|p1a: Sneasler\n|-damage|p1a: Sneasler|0 fnt\n|faint|p1a: Sneasler\n|move|p2a: Whimsicott|Moonblast|p1b: Milotic\n|-damage|p1b: Milotic|84/100\n|move|p1b: Milotic|Scald|p2a: Whimsicott\n|-resisted|p2a: Whimsicott|1\n|-crit|p2a: Whimsicott\n|-damage|p2a: Whimsicott|0 fnt\n|faint|p2a: Whimsicott\n|\n|-heal|p1b: Milotic|90/100|[from] item: Leftovers\n|upkeep\n|\n|t:|1776260471\n|switch|p1a: Ninetales|Ninetales-Alola, L50, M, shiny|100/100\n|switch|p2a: Garchomp|Garchomp, L50, F|18/100\n|-weather|Snowscape|[from] ability: Snow Warning|[of] p1a: Ninetales\n|turn|7\n|\n|t:|1776260484\n|move|p2b: Gengar|Sludge Bomb|p1a: Ninetales\n|-supereffective|p1a: Ninetales|1\n|-damage|p1a: Ninetales|0 fnt\n|faint|p1a: Ninetales\n|move|p2a: Garchomp|Scale Shot|p1b: Milotic\n|-damage|p1b: Milotic|75/100\n|-damage|p1b: Milotic|63/100\n|-damage|p1b: Milotic|49/100\n|-damage|p1b: Milotic|35/100\n|-damage|p1b: Milotic|22/100\n|-hitcount|p1b: Milotic|5\n|-unboost|p2a: Garchomp|def|1\n|-boost|p2a: Garchomp|spe|1\n|-enditem|p2a: Garchomp|White Herb\n|-clearnegativeboost|p2a: Garchomp|[silent]\n|move|p1b: Milotic|Scald|p2b: Gengar\n|-damage|p2b: Gengar|36/100\n|\n|-weather|Snowscape|[upkeep]\n|-heal|p1b: Milotic|28/100|[from] item: Leftovers\n|upkeep\n|\n|t:|1776260502\n|switch|p1a: Whimsicott|Whimsicott, L50, M, shiny|100/100\n|turn|8\n|\n|t:|1776260516\n|move|p1a: Whimsicott|Protect|p1a: Whimsicott\n|-singleturn|p1a: Whimsicott|Protect\n|move|p2a: Garchomp|Protect|p2a: Garchomp\n|-singleturn|p2a: Garchomp|Protect\n|move|p1b: Milotic|Protect|p1b: Milotic\n|-singleturn|p1b: Milotic|Protect\n|move|p2b: Gengar|Sludge Bomb|p1a: Whimsicott\n|-activate|p1a: Whimsicott|move: Protect\n|\n|-weather|Snowscape|[upkeep]\n|-heal|p1b: Milotic|34/100|[from] item: Leftovers\n|-sideend|p2: SOLITUDINARIO|move: Tailwind\n|upkeep\n|turn|9\n|\n|t:|1776260541\n|move|p2b: Gengar|Protect|p2b: Gengar\n|-singleturn|p2b: Gengar|Protect\n|move|p2a: Garchomp|Scale Shot|p1b: Milotic\n|-damage|p1b: Milotic|20/100\n|-damage|p1b: Milotic|6/100\n|-damage|p1b: Milotic|0 fnt\n|faint|p1b: Milotic\n|-hitcount|p1: Milotic|3\n|-unboost|p2a: Garchomp|def|1\n|-boost|p2a: Garchomp|spe|1\n|move|p1a: Whimsicott|Moonblast|p2a: Garchomp\n|-supereffective|p2a: Garchomp|1\n|-damage|p2a: Garchomp|0 fnt\n|faint|p2a: Garchomp\n|\n|-weather|Snowscape|[upkeep]\n|upkeep\n|turn|10\n|\n|t:|1776260557\n|move|p2b: Gengar|Sludge Bomb|p1a: Whimsicott\n|-supereffective|p1a: Whimsicott|2\n|-enditem|p1a: Whimsicott|Focus Sash\n|-damage|p1a: Whimsicott|1/100\n|move|p1a: Whimsicott|Moonblast|p2b: Gengar\n|-resisted|p2b: Gengar|1\n|-damage|p2b: Gengar|14/100\n|\n|-weather|Snowscape|[upkeep]\n|upkeep\n|turn|11\n|\n|t:|1776260576\n|move|p2b: Gengar|Shadow Ball|p1a: Whimsicott\n|-damage|p1a: Whimsicott|0 fnt\n|faint|p1a: Whimsicott\n|\n|win|SOLITUDINARIO\n|raw|WoChien Fangirl's rating: 1302 &rarr; <strong>1280</strong><br />(-22 for losing)\n|raw|SOLITUDINARIO's rating: 1274 &rarr; <strong>1301</strong><br />(+27 for winning)\n|c|\u2606WoChien Fangirl|GG\n|l|\u2606WoChien Fangirl\n|player|p1|\n",
  "uploadtime": 1776260620,
  "views": 51,
  "formatid": "gen9championsvgc2026regma",
  "rating": 1280,
  "private": 0,
  "password": null
}