{
  "id": "gen9championsvgc2026regma-2580633919",
  "format": "[Gen 9 Champions] VGC 2026 Reg M-A",
  "players": [
    "iyoszzz",
    "AAACompanyBtw"
  ],
  "log": "|j|\u2606iyoszzz\n|j|\u2606AAACompanyBtw\n|t:|1775919943\n|gametype|doubles\n|player|p1|iyoszzz|unknown|1095\n|player|p2|AAACompanyBtw|2|1147\n|gen|9\n|tier|[Gen 9 Champions] VGC 2026 Reg M-A\n|rated|\n|rule|Species Clause: Limit one of each Pok\u00e9mon\n|rule|Item Clause: Limit 1 of each item\n|clearpoke\n|poke|p1|Pelipper, L50, F|\n|poke|p1|Dragonite, L50, M|\n|poke|p1|Sneasler, L50, F|\n|poke|p1|Basculegion, L50, M|\n|poke|p1|Talonflame, L50, F|\n|poke|p1|Heracross, L50, M|\n|poke|p2|Incineroar, L50, M|\n|poke|p2|Pelipper, L50, F|\n|poke|p2|Basculegion, L50, M|\n|poke|p2|Mamoswine, L50, M|\n|poke|p2|Rotom-Wash, L50|\n|poke|p2|Dragonite, L50, M|\n|teampreview|4\n|inactive|Battle timer is ON: inactive players will automatically lose when time's up. (requested by AAACompanyBtw)\n|inactive|AAACompanyBtw has 60 seconds left.\n|inactive|AAACompanyBtw has 30 seconds left.\n|\n|t:|1775920042\n|teamsize|p1|4\n|teamsize|p2|4\n|start\n|switch|p1a: Sneasler|Sneasler, L50, F|100/100\n|switch|p1b: Dragonite|Dragonite, L50, M|100/100\n|switch|p2a: Rotom|Rotom-Wash, L50|100/100\n|switch|p2b: Pelipper|Pelipper, L50, F|100/100\n|-weather|RainDance|[from] ability: Drizzle|[of] p2b: Pelipper\n|turn|1\n|\n|t:|1775920066\n|detailschange|p1b: Dragonite|Dragonite-Mega, L50, M\n|-mega|p1b: Dragonite|Dragonite|Dragoninite\n|move|p2a: Rotom|Protect|p2a: Rotom\n|-singleturn|p2a: Rotom|Protect\n|move|p2b: Pelipper|Protect|p2b: Pelipper\n|-singleturn|p2b: Pelipper|Protect\n|move|p1a: Sneasler|Fake Out|p2b: Pelipper\n|-activate|p2b: Pelipper|move: Protect\n|move|p1b: Dragonite|Tailwind|p1b: Dragonite\n|-sidestart|p1: iyoszzz|move: Tailwind\n|\n|-weather|RainDance|[upkeep]\n|upkeep\n|turn|2\n|inactive|AAACompanyBtw has 30 seconds left.\n|\n|t:|1775920095\n|switch|p2b: Incineroar|Incineroar, L50, M|100/100\n|-ability|p2b: Incineroar|Intimidate|boost\n|-unboost|p1a: Sneasler|atk|1\n|-unboost|p1b: Dragonite|atk|1\n|-enditem|p1a: Sneasler|White Herb\n|-clearnegativeboost|p1a: Sneasler|[silent]\n|move|p1a: Sneasler|Close Combat|p2a: Rotom\n|-damage|p2a: Rotom|37/100\n|-unboost|p1a: Sneasler|def|1\n|-unboost|p1a: Sneasler|spd|1\n|move|p1b: Dragonite|Hurricane|p2b: Incineroar\n|-damage|p2b: Incineroar|55/100\n|-start|p2b: Incineroar|confusion\n|-enditem|p2b: Incineroar|Lum Berry|[eat]\n|-end|p2b: Incineroar|confusion\n|move|p2a: Rotom|Will-O-Wisp|p1a: Sneasler\n|-status|p1a: Sneasler|brn\n|\n|-weather|RainDance|[upkeep]\n|-damage|p1a: Sneasler|95/100 brn|[from] brn\n|upkeep\n|turn|3\n|inactive|iyoszzz has 30 seconds left.\n|inactive|AAACompanyBtw has 30 seconds left.\n|\n|t:|1775920126\n|move|p2b: Incineroar|Fake Out|p1b: Dragonite\n|-damage|p1b: Dragonite|95/100\n|move|p1a: Sneasler|Close Combat|p2b: Incineroar\n|-supereffective|p2b: Incineroar|1\n|-damage|p2b: Incineroar|0 fnt\n|-unboost|p1a: Sneasler|def|1\n|-unboost|p1a: Sneasler|spd|1\n|faint|p2b: Incineroar\n|cant|p1b: Dragonite|flinch\n|move|p2a: Rotom|Volt Switch|p1a: Sneasler\n|-damage|p1a: Sneasler|0 fnt\n|faint|p1a: Sneasler\n|\n|t:|1775920142\n|switch|p2a: Pelipper|Pelipper, L50, F|100/100|[from] Volt Switch\n|\n|-weather|RainDance|[upkeep]\n|upkeep\n|\n|t:|1775920156\n|switch|p1a: Pelipper|Pelipper, L50, F|100/100\n|switch|p2b: Dragonite|Dragonite, L50, M|100/100\n|turn|4\n|\n|t:|1775920175\n|detailschange|p2b: Dragonite|Dragonite-Mega, L50, M\n|-mega|p2b: Dragonite|Dragonite|Dragoninite\n|move|p1b: Dragonite|Hurricane|p2a: Pelipper\n|-damage|p2a: Pelipper|12/100\n|move|p1a: Pelipper|Muddy Water|p2a: Pelipper|[spread] p2b\n|-miss|p1a: Pelipper|p2a: Pelipper\n|-resisted|p2b: Dragonite|1\n|-damage|p2b: Dragonite|91/100\n|move|p2b: Dragonite|Draco Meteor|p1b: Dragonite\n|-supereffective|p1b: Dragonite|1\n|-damage|p1b: Dragonite|0 fnt\n|-unboost|p2b: Dragonite|spa|2\n|faint|p1b: Dragonite\n|move|p2a: Pelipper|Tailwind|p2a: Pelipper\n|-sidestart|p2: AAACompanyBtw|move: Tailwind\n|\n|-weather|RainDance|[upkeep]\n|-sideend|p1: iyoszzz|move: Tailwind\n|upkeep\n|\n|t:|1775920186\n|switch|p1b: Basculegion|Basculegion, L50, M|100/100\n|turn|5\n|\n|t:|1775920202\n|move|p2b: Dragonite|Protect|p2b: Dragonite\n|-singleturn|p2b: Dragonite|Protect\n|move|p1b: Basculegion|Last Respects|p2b: Dragonite\n|-activate|p2b: Dragonite|move: Protect\n|move|p2a: Pelipper|Muddy Water|p1a: Pelipper|[spread] p1a,p1b\n|-resisted|p1a: Pelipper|1\n|-resisted|p1b: Basculegion|1\n|-damage|p1a: Pelipper|71/100\n|-damage|p1b: Basculegion|83/100\n|-unboost|p1b: Basculegion|accuracy|1\n|move|p1a: Pelipper|Muddy Water|p2b: Dragonite|[spread] p2a\n|-activate|p2b: Dragonite|move: Protect\n|-resisted|p2a: Pelipper|1\n|-damage|p2a: Pelipper|0 fnt\n|faint|p2a: Pelipper\n|\n|-weather|none\n|upkeep\n|\n|t:|1775920216\n|switch|p2a: Rotom|Rotom-Wash, L50|37/100\n|turn|6\n|inactive|iyoszzz has 30 seconds left.\n|\n|t:|1775920243\n|move|p2b: Dragonite|Draco Meteor|p1b: Basculegion\n|-damage|p1b: Basculegion|36/100\n|-unboost|p2b: Dragonite|spa|2\n|move|p2a: Rotom|Volt Switch|p1b: Basculegion\n|-supereffective|p1b: Basculegion|1\n|-damage|p1b: Basculegion|0 fnt\n|faint|p1b: Basculegion\n|move|p1a: Pelipper|Muddy Water|p2b: Dragonite|[spread] p2b\n|-miss|p1a: Pelipper|p2a: Rotom\n|-resisted|p2b: Dragonite|1\n|-damage|p2b: Dragonite|78/100\n|\n|upkeep\n|turn|7\n|\n|t:|1775920262\n|move|p1a: Pelipper|Protect|p1a: Pelipper\n|-singleturn|p1a: Pelipper|Protect\n|move|p2b: Dragonite|Draco Meteor|p1a: Pelipper\n|-activate|p1a: Pelipper|move: Protect\n|move|p2a: Rotom|Volt Switch|p1a: Pelipper\n|-activate|p1a: Pelipper|move: Protect\n|\n|-sideend|p2: AAACompanyBtw|move: Tailwind\n|upkeep\n|turn|8\n|\n|t:|1775920281\n|move|p2b: Dragonite|Draco Meteor|p1a: Pelipper\n|-damage|p1a: Pelipper|22/100\n|-unboost|p2b: Dragonite|spa|2\n|move|p1a: Pelipper|Weather Ball|p2a: Rotom\n|-damage|p2a: Rotom|23/100\n|move|p2a: Rotom|Volt Switch|p1a: Pelipper\n|-supereffective|p1a: Pelipper|2\n|-damage|p1a: Pelipper|0 fnt\n|faint|p1a: Pelipper\n|\n|win|AAACompanyBtw\n|raw|iyoszzz's rating: 1095 &rarr; <strong>1074</strong><br />(-21 for losing)\n|raw|AAACompanyBtw's rating: 1147 &rarr; <strong>1168</strong><br />(+21 for winning)\n|l|\u2606iyoszzz\n|player|p1|\n",
  "uploadtime": 1775920292,
  "views": 11,
  "formatid": "gen9championsvgc2026regma",
  "rating": 1074,
  "private": 0,
  "password": null
}