{
  "id": "gen9championsvgc2026regma-2588830868",
  "format": "[Gen 9 Champions] VGC 2026 Reg M-A",
  "players": [
    "juddjudd",
    "Quikaz"
  ],
  "log": "|j|\u2606juddjudd\n|j|\u2606Quikaz\n|t:|1776676138\n|gametype|doubles\n|player|p1|juddjudd|dawn|1271\n|player|p2|Quikaz|1|1260\n|gen|9\n|tier|[Gen 9 Champions] VGC 2026 Reg M-A\n|rated|\n|rule|Species Clause: Limit one of each Pok\u00e9mon\n|rule|Item Clause: Limit 1 of each item\n|clearpoke\n|poke|p1|Gardevoir, L50, F, shiny|\n|poke|p1|Whimsicott, L50, M|\n|poke|p1|Sneasler, L50, M|\n|poke|p1|Incineroar, L50, M|\n|poke|p1|Rotom-Wash, L50|\n|poke|p1|Milotic, L50, M|\n|poke|p2|Floette-Eternal, L50, F|\n|poke|p2|Aerodactyl, L50, M, shiny|\n|poke|p2|Milotic, L50, M|\n|poke|p2|Kingambit, L50, M|\n|poke|p2|Archaludon, L50, F|\n|poke|p2|Pelipper, L50, M|\n|teampreview|4\n|\n|t:|1776676204\n|teamsize|p1|4\n|teamsize|p2|4\n|start\n|switch|p1a: Sneasler|Sneasler, L50, M|100/100\n|switch|p1b: Milotic|Milotic, L50, M|100/100\n|switch|p2a: Aerodactyl|Aerodactyl, L50, M, shiny|100/100\n|switch|p2b: Milotic|Milotic, L50, M|100/100\n|turn|1\n|\n|t:|1776676230\n|move|p1a: Sneasler|Protect|p1a: Sneasler\n|-singleturn|p1a: Sneasler|Protect\n|move|p2a: Aerodactyl|Protect|p2a: Aerodactyl\n|-singleturn|p2a: Aerodactyl|Protect\n|move|p2b: Milotic|Protect|p2b: Milotic\n|-singleturn|p2b: Milotic|Protect\n|move|p1b: Milotic|Scald|p2a: Aerodactyl\n|-activate|p2a: Aerodactyl|move: Protect\n|\n|upkeep\n|turn|2\n|\n|t:|1776676258\n|switch|p1a: Gardevoir|Gardevoir, L50, F, shiny|100/100\n|-ability|p1a: Gardevoir|Competitive|Trace|[from] ability: Trace|[of] p2b: Milotic\n|move|p2a: Aerodactyl|Dual Wingbeat|p1a: Gardevoir\n|-damage|p1a: Gardevoir|79/100\n|-damage|p1a: Gardevoir|55/100\n|-hitcount|p1a: Gardevoir|2\n|move|p1b: Milotic|Ice Beam|p2a: Aerodactyl\n|-supereffective|p2a: Aerodactyl|1\n|-damage|p2a: Aerodactyl|26/100\n|move|p2b: Milotic|Scald|p1b: Milotic\n|-resisted|p1b: Milotic|1\n|-damage|p1b: Milotic|87/100\n|\n|-heal|p1b: Milotic|93/100|[from] item: Leftovers\n|upkeep\n|turn|3\n|\n|t:|1776676287\n|switch|p1b: Whimsicott|Whimsicott, L50, M|100/100\n|move|p1a: Gardevoir|Protect|p1a: Gardevoir\n|-singleturn|p1a: Gardevoir|Protect\n|move|p2a: Aerodactyl|Tailwind|p2a: Aerodactyl\n|-sidestart|p2: Quikaz|move: Tailwind\n|move|p2b: Milotic|Scald|p1a: Gardevoir\n|-activate|p1a: Gardevoir|move: Protect\n|\n|upkeep\n|turn|4\n|\n|t:|1776676310\n|switch|p2a: Kingambit|Kingambit, L50, M|100/100\n|move|p1b: Whimsicott|Encore|p2a: Kingambit\n|-hint|Since gen 7, Dark is immune to Prankster moves.\n|-immune|p2a: Kingambit\n|move|p2b: Milotic|Scald|p1a: Gardevoir\n|-damage|p1a: Gardevoir|21/100\n|-status|p1a: Gardevoir|brn\n|move|p1a: Gardevoir|Trick Room|p1a: Gardevoir\n|-fieldstart|move: Trick Room|[of] p1a: Gardevoir\n|\n|-damage|p1a: Gardevoir|15/100 brn|[from] brn\n|upkeep\n|turn|5\n|\n|t:|1776676339\n|switch|p1a: Sneasler|Sneasler, L50, M|100/100\n|move|p2a: Kingambit|Sucker Punch||[still]\n|-fail|p2a: Kingambit\n|move|p1b: Whimsicott|Moonblast|p2a: Kingambit\n|-damage|p2a: Kingambit|62/100\n|move|p2b: Milotic|Ice Beam|p1b: Whimsicott\n|-supereffective|p1b: Whimsicott|1\n|-damage|p1b: Whimsicott|33/100\n|\n|upkeep\n|turn|6\n|\n|t:|1776676356\n|move|p2a: Kingambit|Protect|p2a: Kingambit\n|-singleturn|p2a: Kingambit|Protect\n|move|p1b: Whimsicott|Light Screen|p1b: Whimsicott\n|-sidestart|p1: juddjudd|move: Light Screen\n|move|p1a: Sneasler|Close Combat|p2a: Kingambit\n|-activate|p2a: Kingambit|move: Protect\n|move|p2b: Milotic|Ice Beam|p1b: Whimsicott\n|-supereffective|p1b: Whimsicott|1\n|-damage|p1b: Whimsicott|0 fnt\n|faint|p1b: Whimsicott\n|\n|-sideend|p2: Quikaz|move: Tailwind\n|upkeep\n|\n|t:|1776676375\n|switch|p1b: Milotic|Milotic, L50, M|93/100\n|turn|7\n|inactive|Battle timer is ON: inactive players will automatically lose when time's up. (requested by juddjudd)\n|\n|t:|1776676449\n|switch|p2a: Floette|Floette-Eternal, L50, F|100/100\n|move|p2b: Milotic|Scald|p1a: Sneasler\n|-damage|p1a: Sneasler|69/100\n|move|p1b: Milotic|Scald|p2a: Floette\n|-damage|p2a: Floette|68/100\n|move|p1a: Sneasler|Close Combat|p2a: Floette\n|-resisted|p2a: Floette|1\n|-damage|p2a: Floette|25/100\n|-unboost|p1a: Sneasler|def|1\n|-unboost|p1a: Sneasler|spd|1\n|-enditem|p1a: Sneasler|White Herb\n|-clearnegativeboost|p1a: Sneasler|[silent]\n|\n|-heal|p1b: Milotic|99/100|[from] item: Leftovers\n|upkeep\n|turn|8\n|inactive|juddjudd has 30 seconds left.\n|\n|t:|1776676475\n|move|p2a: Floette|Protect|p2a: Floette\n|-singleturn|p2a: Floette|Protect\n|move|p1a: Sneasler|Protect|p1a: Sneasler\n|-singleturn|p1a: Sneasler|Protect\n|move|p2b: Milotic|Scald|p1a: Sneasler\n|-activate|p1a: Sneasler|move: Protect\n|move|p1b: Milotic|Scald|p2a: Floette\n|-activate|p2a: Floette|move: Protect\n|\n|-heal|p1b: Milotic|100/100|[from] item: Leftovers\n|-fieldend|move: Trick Room\n|upkeep\n|turn|9\n|inactive|juddjudd has 30 seconds left.\n|\n|t:|1776676500\n|detailschange|p2a: Floette|Floette-Mega, L50, F\n|-mega|p2a: Floette|Floette|Floettite\n|-ability|p2a: Floette|Fairy Aura\n|move|p1a: Sneasler|Dire Claw|p2a: Floette\n|-supereffective|p2a: Floette|1\n|-damage|p2a: Floette|0 fnt\n|faint|p2a: Floette\n|move|p1b: Milotic|Scald|p2b: Milotic\n|-resisted|p2b: Milotic|1\n|-damage|p2b: Milotic|87/100\n|move|p2b: Milotic|Scald|p1a: Sneasler\n|-damage|p1a: Sneasler|36/100\n|\n|-heal|p2b: Milotic|93/100|[from] item: Leftovers\n|upkeep\n|\n|t:|1776676514\n|switch|p2a: Aerodactyl|Aerodactyl, L50, M, shiny|26/100\n|turn|10\n|inactive|juddjudd has 30 seconds left.\n|inactive|juddjudd has 20 seconds left.\n|\n|t:|1776676552\n|move|p1a: Sneasler|Dire Claw|p2a: Aerodactyl\n|-resisted|p2a: Aerodactyl|1\n|-damage|p2a: Aerodactyl|0 fnt\n|faint|p2a: Aerodactyl\n|move|p1b: Milotic|Dragon Pulse|p2b: Milotic\n|-damage|p2b: Milotic|74/100\n|move|p2b: Milotic|Scald|p1b: Milotic\n|-resisted|p1b: Milotic|1\n|-damage|p1b: Milotic|92/100\n|\n|-heal|p1b: Milotic|98/100|[from] item: Leftovers\n|-heal|p2b: Milotic|80/100|[from] item: Leftovers\n|-sideend|p1: juddjudd|move: Light Screen\n|upkeep\n|\n|t:|1776676557\n|switch|p2a: Kingambit|Kingambit, L50, M|62/100\n|turn|11\n|inactive|juddjudd has 30 seconds left.\n|inactive|juddjudd has 20 seconds left.\n|\n|t:|1776676592\n|switch|p1a: Gardevoir|Gardevoir, L50, F, shiny|15/100 brn\n|-ability|p1a: Gardevoir|Defiant|Trace|[from] ability: Trace|[of] p2a: Kingambit\n|move|p2a: Kingambit|Protect|p2a: Kingambit\n|-singleturn|p2a: Kingambit|Protect\n|move|p1b: Milotic|Dragon Pulse|p2a: Kingambit\n|-activate|p2a: Kingambit|move: Protect\n|move|p2b: Milotic|Scald|p1a: Gardevoir\n|-damage|p1a: Gardevoir|0 fnt\n|faint|p1a: Gardevoir\n|\n|-heal|p1b: Milotic|100/100|[from] item: Leftovers\n|-heal|p2b: Milotic|86/100|[from] item: Leftovers\n|upkeep\n|\n|t:|1776676606\n|switch|p1a: Sneasler|Sneasler, L50, M|36/100\n|turn|12\n|\n|t:|1776676620\n|move|p1a: Sneasler|Protect|p1a: Sneasler\n|-singleturn|p1a: Sneasler|Protect\n|move|p2a: Kingambit|Sucker Punch||[still]\n|-fail|p2a: Kingambit\n|move|p1b: Milotic|Scald|p2a: Kingambit\n|-damage|p2a: Kingambit|26/100\n|move|p2b: Milotic|Scald|p1a: Sneasler\n|-activate|p1a: Sneasler|move: Protect\n|\n|-heal|p2b: Milotic|92/100|[from] item: Leftovers\n|upkeep\n|turn|13\n|\n|t:|1776676633\n|move|p1a: Sneasler|Protect||[still]\n|-fail|p1a: Sneasler\n|move|p2a: Kingambit|Protect|p2a: Kingambit\n|-singleturn|p2a: Kingambit|Protect\n|move|p1b: Milotic|Scald|p2a: Kingambit\n|-activate|p2a: Kingambit|move: Protect\n|move|p2b: Milotic|Scald|p1a: Sneasler\n|-damage|p1a: Sneasler|0 fnt\n|faint|p1a: Sneasler\n|\n|-heal|p2b: Milotic|98/100|[from] item: Leftovers\n|upkeep\n|turn|14\n|inactive|Quikaz has 30 seconds left.\n|inactive|Quikaz has 20 seconds left.\n|inactive|Quikaz has 15 seconds left.\n|\n|t:|1776676675\n|move|p2a: Kingambit|Sucker Punch|p1b: Milotic\n|-damage|p1b: Milotic|61/100\n|move|p1b: Milotic|Scald|p2a: Kingambit\n|-damage|p2a: Kingambit|0 fnt\n|faint|p2a: Kingambit\n|move|p2b: Milotic|Scald|p1b: Milotic\n|-resisted|p1b: Milotic|1\n|-crit|p1b: Milotic\n|-damage|p1b: Milotic|42/100\n|-status|p1b: Milotic|brn\n|\n|-heal|p1b: Milotic|48/100 brn|[from] item: Leftovers\n|-heal|p2b: Milotic|100/100|[from] item: Leftovers\n|-damage|p1b: Milotic|42/100 brn|[from] brn\n|upkeep\n|turn|15\n|\n|t:|1776676689\n|move|p1b: Milotic|Scald|p2b: Milotic\n|-resisted|p2b: Milotic|1\n|-damage|p2b: Milotic|85/100\n|-status|p2b: Milotic|brn\n|move|p2b: Milotic|Scald|p1b: Milotic\n|-resisted|p1b: Milotic|1\n|-damage|p1b: Milotic|30/100 brn\n|\n|-heal|p1b: Milotic|36/100 brn|[from] item: Leftovers\n|-heal|p2b: Milotic|91/100 brn|[from] item: Leftovers\n|-damage|p1b: Milotic|30/100 brn|[from] brn\n|-damage|p2b: Milotic|85/100 brn|[from] brn\n|upkeep\n|turn|16\n|\n|t:|1776676699\n|move|p1b: Milotic|Protect|p1b: Milotic\n|-singleturn|p1b: Milotic|Protect\n|move|p2b: Milotic|Scald|p1b: Milotic\n|-activate|p1b: Milotic|move: Protect\n|\n|-heal|p1b: Milotic|36/100 brn|[from] item: Leftovers\n|-heal|p2b: Milotic|91/100 brn|[from] item: Leftovers\n|-damage|p1b: Milotic|30/100 brn|[from] brn\n|-damage|p2b: Milotic|85/100 brn|[from] brn\n|upkeep\n|turn|17\n|\n|t:|1776676713\n|move|p1b: Milotic|Dragon Pulse|p2b: Milotic\n|-damage|p2b: Milotic|65/100 brn\n|move|p2b: Milotic|Scald|p1b: Milotic\n|-resisted|p1b: Milotic|1\n|-damage|p1b: Milotic|18/100 brn\n|\n|-heal|p1b: Milotic|24/100 brn|[from] item: Leftovers\n|-heal|p2b: Milotic|71/100 brn|[from] item: Leftovers\n|-damage|p1b: Milotic|18/100 brn|[from] brn\n|-damage|p2b: Milotic|65/100 brn|[from] brn\n|upkeep\n|turn|18\n|\n|t:|1776676722\n|move|p1b: Milotic|Protect|p1b: Milotic\n|-singleturn|p1b: Milotic|Protect\n|move|p2b: Milotic|Scald|p1b: Milotic\n|-activate|p1b: Milotic|move: Protect\n|\n|-heal|p1b: Milotic|24/100 brn|[from] item: Leftovers\n|-heal|p2b: Milotic|71/100 brn|[from] item: Leftovers\n|-damage|p1b: Milotic|18/100 brn|[from] brn\n|-damage|p2b: Milotic|65/100 brn|[from] brn\n|upkeep\n|turn|19\n|\n|t:|1776676727\n|move|p1b: Milotic|Dragon Pulse|p2b: Milotic\n|-damage|p2b: Milotic|45/100 brn\n|move|p2b: Milotic|Scald|p1b: Milotic\n|-resisted|p1b: Milotic|1\n|-damage|p1b: Milotic|6/100 brn\n|\n|-heal|p1b: Milotic|12/100 brn|[from] item: Leftovers\n|-heal|p2b: Milotic|51/100 brn|[from] item: Leftovers\n|-damage|p1b: Milotic|6/100 brn|[from] brn\n|-damage|p2b: Milotic|45/100 brn|[from] brn\n|upkeep\n|turn|20\n|\n|t:|1776676735\n|move|p1b: Milotic|Protect|p1b: Milotic\n|-singleturn|p1b: Milotic|Protect\n|move|p2b: Milotic|Recover|p2b: Milotic\n|-heal|p2b: Milotic|95/100 brn\n|\n|-heal|p1b: Milotic|12/100 brn|[from] item: Leftovers\n|-heal|p2b: Milotic|100/100 brn|[from] item: Leftovers\n|-damage|p1b: Milotic|6/100 brn|[from] brn\n|-damage|p2b: Milotic|94/100 brn|[from] brn\n|upkeep\n|turn|21\n|-message|juddjudd forfeited.\n|\n|win|Quikaz\n|raw|juddjudd's rating: 1271 &rarr; <strong>1245</strong><br />(-26 for losing)\n|raw|Quikaz's rating: 1260 &rarr; <strong>1286</strong><br />(+26 for winning)\n|l|\u2606juddjudd\n|player|p1|\n",
  "uploadtime": 1776676748,
  "views": 11,
  "formatid": "gen9championsvgc2026regma",
  "rating": 1245,
  "private": 0,
  "password": null
}