{
  "id": "gen9championsvgc2026regma-2584421493",
  "format": "[Gen 9 Champions] VGC 2026 Reg M-A",
  "players": [
    "Goopchill",
    "Relink007"
  ],
  "log": "|j|\u2606Goopchill\n|j|\u2606Relink007\n|t:|1776259696\n|gametype|doubles\n|player|p1|Goopchill|1|1059\n|player|p2|Relink007|169|1103\n|gen|9\n|tier|[Gen 9 Champions] VGC 2026 Reg M-A\n|rated|\n|rule|Species Clause: Limit one of each Pok\u00e9mon\n|rule|Item Clause: Limit 1 of each item\n|clearpoke\n|poke|p1|Floette-Eternal, L50, F|\n|poke|p1|Aerodactyl, L50, M|\n|poke|p1|Incineroar, L50, M|\n|poke|p1|Milotic, L50, F|\n|poke|p1|Sinistcha, L50|\n|poke|p1|Typhlosion-Hisui, L50, F|\n|poke|p2|Pelipper, L50, M|\n|poke|p2|Garchomp, L50, M|\n|poke|p2|Sneasler, L50, M|\n|poke|p2|Ceruledge, L50, F|\n|poke|p2|Sinistcha, L50|\n|poke|p2|Froslass, L50, F|\n|teampreview|4\n|inactive|Battle timer is ON: inactive players will automatically lose when time's up. (requested by Goopchill)\n|inactive|Relink007 has 60 seconds left.\n|\n|t:|1776259760\n|teamsize|p1|4\n|teamsize|p2|4\n|start\n|switch|p1a: Floette|Floette-Eternal, L50, F, shiny|100/100\n|switch|p1b: Milotic|Milotic, L50, F, shiny|100/100\n|switch|p2a: Pelipper|Pelipper, L50, M|100/100\n|switch|p2b: Garchomp|Garchomp, L50, M|100/100\n|-weather|RainDance|[from] ability: Drizzle|[of] p2a: Pelipper\n|turn|1\n|\n|t:|1776259784\n|detailschange|p1a: Floette|Floette-Mega, L50, F, shiny\n|-mega|p1a: Floette|Floette|Floettite\n|-ability|p1a: Floette|Fairy Aura\n|move|p2b: Garchomp|Poison Jab|p1a: Floette\n|-supereffective|p1a: Floette|1\n|-damage|p1a: Floette|43/100\n|move|p1a: Floette|Calm Mind|p1a: Floette\n|-boost|p1a: Floette|spa|1\n|-boost|p1a: Floette|spd|1\n|move|p1b: Milotic|Alluring Voice|p2b: Garchomp\n|-supereffective|p2b: Garchomp|1\n|-damage|p2b: Garchomp|22/100\n|move|p2a: Pelipper|Hurricane|p1a: Floette\n|-damage|p1a: Floette|20/100\n|\n|-weather|RainDance|[upkeep]\n|upkeep\n|turn|2\n|inactive|Relink007 has 30 seconds left.\n|\n|t:|1776259815\n|move|p2b: Garchomp|Protect|p2b: Garchomp\n|-singleturn|p2b: Garchomp|Protect\n|move|p1a: Floette|Protect|p1a: Floette\n|-singleturn|p1a: Floette|Protect\n|move|p1b: Milotic|Alluring Voice|p2b: Garchomp\n|-activate|p2b: Garchomp|move: Protect\n|move|p2a: Pelipper|Weather Ball|p1a: Floette\n|-activate|p1a: Floette|move: Protect\n|\n|-weather|RainDance|[upkeep]\n|upkeep\n|turn|3\n|\n|t:|1776259840\n|switch|p2b: Sinistcha|Sinistcha, L50|100/100\n|switch|p1a: Sinistcha|Sinistcha, L50|100/100\n|move|p1b: Milotic|Alluring Voice|p2b: Sinistcha\n|-damage|p2b: Sinistcha|74/100\n|move|p2a: Pelipper|Weather Ball|p1a: Sinistcha\n|-resisted|p1a: Sinistcha|1\n|-damage|p1a: Sinistcha|70/100\n|\n|-weather|RainDance|[upkeep]\n|-heal|p1a: Sinistcha|76/100|[from] item: Leftovers\n|-heal|p2b: Sinistcha|80/100|[from] item: Leftovers\n|upkeep\n|turn|4\n|\n|t:|1776259860\n|move|p1b: Milotic|Protect|p1b: Milotic\n|-singleturn|p1b: Milotic|Protect\n|move|p1a: Sinistcha|Protect|p1a: Sinistcha\n|-singleturn|p1a: Sinistcha|Protect\n|move|p2b: Sinistcha|Matcha Gotcha|p1a: Sinistcha|[spread] \n|-activate|p1a: Sinistcha|move: Protect\n|-activate|p1b: Milotic|move: Protect\n|move|p2a: Pelipper|Hurricane|p1a: Sinistcha\n|-activate|p1a: Sinistcha|move: Protect\n|\n|-weather|RainDance|[upkeep]\n|-heal|p1a: Sinistcha|83/100|[from] item: Leftovers\n|-heal|p2b: Sinistcha|86/100|[from] item: Leftovers\n|upkeep\n|turn|5\n|inactive|Goopchill has 30 seconds left.\n|inactive|Relink007 has 30 seconds left.\n|\n|t:|1776259889\n|move|p1b: Milotic|Ice Beam|p2b: Sinistcha\n|-supereffective|p2b: Sinistcha|1\n|-damage|p2b: Sinistcha|37/100\n|-status|p2b: Sinistcha|frz\n|move|p1a: Sinistcha|Matcha Gotcha|p2a: Pelipper|[spread] p2a,p2b\n|-resisted|p2b: Sinistcha|1\n|-damage|p2a: Pelipper|64/100\n|-heal|p1a: Sinistcha|99/100|[from] drain|[of] p2a: Pelipper\n|-damage|p2b: Sinistcha|22/100 frz\n|-heal|p1a: Sinistcha|100/100|[from] drain|[of] p2b: Sinistcha\n|-curestatus|p2b: Sinistcha|frz|[msg]\n|move|p2b: Sinistcha|Matcha Gotcha|p1a: Sinistcha|[spread] p1a,p1b\n|-resisted|p1a: Sinistcha|1\n|-supereffective|p1b: Milotic|1\n|-damage|p1a: Sinistcha|90/100\n|-heal|p2b: Sinistcha|27/100|[from] drain|[of] p1a: Sinistcha\n|-damage|p1b: Milotic|68/100\n|-heal|p2b: Sinistcha|46/100|[from] drain|[of] p1b: Milotic\n|move|p2a: Pelipper|Hurricane|p1a: Sinistcha\n|-supereffective|p1a: Sinistcha|1\n|-damage|p1a: Sinistcha|9/100\n|\n|-weather|none\n|-heal|p1a: Sinistcha|16/100|[from] item: Leftovers\n|-heal|p2b: Sinistcha|52/100|[from] item: Leftovers\n|upkeep\n|turn|6\n|inactive|Goopchill has 30 seconds left.\n|inactive|Relink007 has 30 seconds left.\n|inactive|Goopchill has 20 seconds left.\n|inactive|Relink007 has 20 seconds left.\n|inactive|Goopchill has 15 seconds left.\n|inactive|Relink007 has 15 seconds left.\n|inactive|Goopchill has 10 seconds left.\n|inactive|Goopchill has 5 seconds left.\n|\n|t:|1776259942\n|move|p1a: Sinistcha|Protect|p1a: Sinistcha\n|-singleturn|p1a: Sinistcha|Protect\n|move|p2b: Sinistcha|Protect|p2b: Sinistcha\n|-singleturn|p2b: Sinistcha|Protect\n|move|p1b: Milotic|Ice Beam|p2b: Sinistcha\n|-activate|p2b: Sinistcha|move: Protect\n|move|p2a: Pelipper|Hurricane|p1a: Sinistcha\n|-activate|p1a: Sinistcha|move: Protect\n|\n|-heal|p1a: Sinistcha|22/100|[from] item: Leftovers\n|-heal|p2b: Sinistcha|58/100|[from] item: Leftovers\n|upkeep\n|turn|7\n|inactive|Goopchill has 30 seconds left.\n|inactive|Relink007 has 30 seconds left.\n|\n|t:|1776259972\n|move|p1b: Milotic|Ice Beam|p2b: Sinistcha\n|-supereffective|p2b: Sinistcha|1\n|-damage|p2b: Sinistcha|8/100\n|move|p1a: Sinistcha|Matcha Gotcha|p2a: Pelipper|[spread] p2a,p2b\n|-resisted|p2b: Sinistcha|1\n|-damage|p2a: Pelipper|27/100\n|-heal|p1a: Sinistcha|39/100|[from] drain|[of] p2a: Pelipper\n|-damage|p2b: Sinistcha|0 fnt\n|-heal|p1a: Sinistcha|43/100|[from] drain|[of] p2b: Sinistcha\n|faint|p2b: Sinistcha\n|move|p2a: Pelipper|U-turn|p1a: Sinistcha\n|-damage|p1a: Sinistcha|35/100\n|\n|t:|1776259985\n|switch|p2a: Froslass|Froslass, L50, F|100/100|[from] U-turn\n|\n|-heal|p1a: Sinistcha|42/100|[from] item: Leftovers\n|upkeep\n|\n|t:|1776259996\n|switch|p2b: Garchomp|Garchomp, L50, M|22/100\n|turn|8\n|\n|t:|1776260008\n|detailschange|p2a: Froslass|Froslass-Mega, L50, F\n|-mega|p2a: Froslass|Froslass|Froslassite\n|-weather|Snowscape|[from] ability: Snow Warning|[of] p2a: Froslass\n|move|p2b: Garchomp|Protect|p2b: Garchomp\n|-singleturn|p2b: Garchomp|Protect\n|move|p1b: Milotic|Protect|p1b: Milotic\n|-singleturn|p1b: Milotic|Protect\n|move|p2a: Froslass|Blizzard|p1a: Sinistcha|[spread] p1a\n|-activate|p1b: Milotic|move: Protect\n|-supereffective|p1a: Sinistcha|1\n|-damage|p1a: Sinistcha|0 fnt\n|faint|p1a: Sinistcha\n|\n|-weather|Snowscape|[upkeep]\n|upkeep\n|\n|t:|1776260021\n|switch|p1a: Incineroar|Incineroar, L50, M, shiny|100/100\n|-ability|p1a: Incineroar|Intimidate|boost\n|-unboost|p2a: Froslass|atk|1\n|-unboost|p2b: Garchomp|atk|1\n|turn|9\n|\n|t:|1776260043\n|move|p1a: Incineroar|Fake Out|p2b: Garchomp\n|-damage|p2b: Garchomp|10/100\n|-damage|p1a: Incineroar|88/100|[from] ability: Rough Skin|[of] p2b: Garchomp\n|move|p2a: Froslass|Aurora Veil|p2a: Froslass\n|-sidestart|p2: Relink007|move: Aurora Veil\n|cant|p2b: Garchomp|flinch\n|move|p1b: Milotic|Alluring Voice|p2b: Garchomp\n|-supereffective|p2b: Garchomp|1\n|-damage|p2b: Garchomp|0 fnt\n|faint|p2b: Garchomp\n|\n|-weather|Snowscape|[upkeep]\n|upkeep\n|\n|t:|1776260059\n|switch|p2b: Pelipper|Pelipper, L50, M|27/100\n|-weather|RainDance|[from] ability: Drizzle|[of] p2b: Pelipper\n|turn|10\n|\n|t:|1776260082\n|move|p2a: Froslass|Protect|p2a: Froslass\n|-singleturn|p2a: Froslass|Protect\n|move|p1b: Milotic|Protect|p1b: Milotic\n|-singleturn|p1b: Milotic|Protect\n|move|p2b: Pelipper|Weather Ball|p1a: Incineroar\n|-supereffective|p1a: Incineroar|1\n|-damage|p1a: Incineroar|0 fnt\n|faint|p1a: Incineroar\n|\n|-weather|RainDance|[upkeep]\n|upkeep\n|\n|t:|1776260090\n|switch|p1a: Floette|Floette-Mega, L50, F, shiny|20/100\n|-ability|p1a: Floette|Fairy Aura\n|turn|11\n|\n|t:|1776260111\n|move|p1a: Floette|Protect|p1a: Floette\n|-singleturn|p1a: Floette|Protect\n|move|p2a: Froslass|Blizzard|p1b: Milotic|[spread] p1b\n|-activate|p1a: Floette|move: Protect\n|-resisted|p1b: Milotic|1\n|-damage|p1b: Milotic|48/100\n|move|p1b: Milotic|Alluring Voice|p2b: Pelipper\n|-damage|p2b: Pelipper|0 fnt\n|faint|p2b: Pelipper\n|\n|-weather|RainDance|[upkeep]\n|upkeep\n|turn|12\n|\n|t:|1776260133\n|move|p2a: Froslass|Blizzard|p1b: Milotic|[spread] p1a\n|-miss|p2a: Froslass|p1b: Milotic\n|-damage|p1a: Floette|0 fnt\n|faint|p1a: Floette\n|move|p1b: Milotic|Alluring Voice|p2a: Froslass\n|-damage|p2a: Froslass|81/100\n|\n|-weather|RainDance|[upkeep]\n|upkeep\n|turn|13\n|\n|t:|1776260149\n|move|p2a: Froslass|Shadow Ball|p1b: Milotic\n|-damage|p1b: Milotic|14/100\n|move|p1b: Milotic|Alluring Voice|p2a: Froslass\n|-damage|p2a: Froslass|60/100\n|\n|-weather|RainDance|[upkeep]\n|-sideend|p2: Relink007|move: Aurora Veil\n|upkeep\n|turn|14\n|\n|t:|1776260160\n|move|p2a: Froslass|Shadow Ball|p1b: Milotic\n|-damage|p1b: Milotic|0 fnt\n|faint|p1b: Milotic\n|\n|win|Relink007\n|raw|Goopchill's rating: 1059 &rarr; <strong>1043</strong><br />(-16 for losing)\n|raw|Relink007's rating: 1103 &rarr; <strong>1125</strong><br />(+22 for winning)\n|l|\u2606Goopchill\n|player|p1|\n",
  "uploadtime": 1776260182,
  "views": 20,
  "formatid": "gen9championsvgc2026regma",
  "rating": 1043,
  "private": 0,
  "password": null
}