{
  "id": "gen9championsvgc2026regma-2581206443",
  "format": "[Gen 9 Champions] VGC 2026 Reg M-A",
  "players": [
    "disciple of blahaj",
    "kfjtdhynd"
  ],
  "log": "|j|\u2606disciple of blahaj\n|j|\u2606kfjtdhynd\n|t:|1775970731\n|gametype|doubles\n|player|p1|disciple of blahaj|jacinthe|1147\n|player|p2|kfjtdhynd|265|1158\n|gen|9\n|tier|[Gen 9 Champions] VGC 2026 Reg M-A\n|rated|\n|rule|Species Clause: Limit one of each Pok\u00e9mon\n|rule|Item Clause: Limit 1 of each item\n|clearpoke\n|poke|p1|Lopunny, L50, M|\n|poke|p1|Basculegion, L50, M|\n|poke|p1|Whimsicott, L50, F|\n|poke|p1|Pelipper, L50, M|\n|poke|p1|Garchomp, L50, M|\n|poke|p1|Aegislash, L50, F|\n|poke|p2|Gengar, L50, F|\n|poke|p2|Incineroar, L50, F|\n|poke|p2|Sinistcha, L50|\n|poke|p2|Kommo-o, L50, M|\n|poke|p2|Kingambit, L50, M|\n|poke|p2|Meowstic, L50, M|\n|teampreview|4\nkfjtdhynd rejected open team sheets.\n|inactive|Battle timer is ON: inactive players will automatically lose when time's up. (requested by kfjtdhynd)\n|inactive|kfjtdhynd has 60 seconds left.\n|inactive|disciple of blahaj has 60 seconds left.\n|\n|t:|1775970805\n|teamsize|p1|4\n|teamsize|p2|4\n|start\n|switch|p1a: Lopunny|Lopunny, L50, M, shiny|100/100\n|switch|p1b: Aegislash|Aegislash, L50, F|100/100\n|switch|p2a: Kommo-o|Kommo-o, L50, M|100/100\n|switch|p2b: Kingambit|Kingambit, L50, M|100/100\n|turn|1\n|\n|t:|1775970820\n|detailschange|p1a: Lopunny|Lopunny-Mega, L50, M, shiny\n|-mega|p1a: Lopunny|Lopunny|Lopunnite\n|move|p1a: Lopunny|Fake Out|p2a: Kommo-o\n|-damage|p2a: Kommo-o|83/100\n|move|p2b: Kingambit|Sucker Punch|p1b: Aegislash\n|-supereffective|p1b: Aegislash|1\n|-damage|p1b: Aegislash|42/100\n|cant|p2a: Kommo-o|flinch\n|-formechange|p1b: Aegislash|Aegislash-Blade|\n|move|p1b: Aegislash|Sacred Sword|p2b: Kingambit\n|-supereffective|p2b: Kingambit|2\n|-enditem|p2b: Kingambit|Chople Berry|[eat]\n|-enditem|p2b: Kingambit|Chople Berry|[weaken]\n|-damage|p2b: Kingambit|50/100\n|\n|-heal|p1b: Aegislash|48/100|[from] item: Leftovers\n|upkeep\n|turn|2\n|inactive|disciple of blahaj has 30 seconds left.\n|\n|t:|1775970850\n|switch|p1b: Garchomp|Garchomp, L50, M|100/100\n|switch|p2b: Gengar|Gengar, L50, F|100/100\n|move|p1a: Lopunny|Encore||[still]\n|-fail|p1a: Lopunny\n|move|p2a: Kommo-o|Clangorous Soul|p2a: Kommo-o\n|-boost|p2a: Kommo-o|atk|1\n|-boost|p2a: Kommo-o|def|1\n|-boost|p2a: Kommo-o|spa|1\n|-boost|p2a: Kommo-o|spd|1\n|-boost|p2a: Kommo-o|spe|1\n|-damage|p2a: Kommo-o|50/100\n|\n|upkeep\n|turn|3\n|\n|t:|1775970867\n|switch|p1a: Aegislash|Aegislash, L50, F|48/100\n|detailschange|p2b: Gengar|Gengar-Mega, L50, F\n|-mega|p2b: Gengar|Gengar|Gengarite\n|move|p2a: Kommo-o|Protect|p2a: Kommo-o\n|-singleturn|p2a: Kommo-o|Protect\n|move|p2b: Gengar|Icy Wind|p1b: Garchomp|[spread] p1a,p1b\n|-resisted|p1a: Aegislash|1\n|-supereffective|p1b: Garchomp|2\n|-damage|p1a: Aegislash|41/100\n|-damage|p1b: Garchomp|26/100\n|-unboost|p1a: Aegislash|spe|1\n|-unboost|p1b: Garchomp|spe|1\n|move|p1b: Garchomp|Dragon Claw|p2a: Kommo-o\n|-activate|p2a: Kommo-o|move: Protect\n|\n|-heal|p1a: Aegislash|47/100|[from] item: Leftovers\n|upkeep\n|turn|4\n|\n|t:|1775970887\n|move|p2b: Gengar|Shadow Ball|p1a: Aegislash\n|-supereffective|p1a: Aegislash|1\n|-damage|p1a: Aegislash|0 fnt\n|faint|p1a: Aegislash\n|move|p2a: Kommo-o|Aura Sphere|p1b: Garchomp\n|-damage|p1b: Garchomp|0 fnt\n|faint|p1b: Garchomp\n|\n|upkeep\n|\n|t:|1775970891\n|switch|p1b: Lopunny|Lopunny-Mega, L50, M, shiny|100/100\n|switch|p1a: Basculegion|Basculegion, L50, M|100/100\n|turn|5\n|\n|t:|1775970902\n|move|p2a: Kommo-o|Protect|p2a: Kommo-o\n|-singleturn|p2a: Kommo-o|Protect\n|move|p1b: Lopunny|Fake Out|p2b: Gengar\n|-damage|p2b: Gengar|67/100\n|move|p1a: Basculegion|Last Respects|p2b: Gengar\n|-supereffective|p2b: Gengar|1\n|-damage|p2b: Gengar|0 fnt\n|faint|p2b: Gengar\n|\n|upkeep\n|\n|t:|1775970909\n|switch|p2b: Sinistcha|Sinistcha, L50|100/100\n|-heal|p2a: Kommo-o|75/100|[from] ability: Hospitality|[of] p2b: Sinistcha\n|turn|6\n|\n|t:|1775970917\n|move|p1b: Lopunny|Encore|p2a: Kommo-o\n|-start|p2a: Kommo-o|Encore\n|move|p2a: Kommo-o|Protect|p2a: Kommo-o\n|-singleturn|p2a: Kommo-o|Protect\n|move|p1a: Basculegion|Last Respects|p2b: Sinistcha\n|-supereffective|p2b: Sinistcha|1\n|-damage|p2b: Sinistcha|0 fnt\n|faint|p2b: Sinistcha\n|\n|upkeep\n|\n|t:|1775970921\n|switch|p2b: Kingambit|Kingambit, L50, M|50/100\n|turn|7\n|\n|t:|1775970930\n|move|p2a: Kommo-o|Protect||[still]\n|-fail|p2a: Kommo-o\n|move|p2b: Kingambit|Sucker Punch|p1a: Basculegion\n|-supereffective|p1a: Basculegion|1\n|-damage|p1a: Basculegion|18/100\n|move|p1b: Lopunny|Close Combat|p2b: Kingambit\n|-supereffective|p2b: Kingambit|2\n|-damage|p2b: Kingambit|0 fnt\n|-unboost|p1b: Lopunny|def|1\n|-unboost|p1b: Lopunny|spd|1\n|faint|p2b: Kingambit\n|move|p1a: Basculegion|Last Respects|p2a: Kommo-o\n|-damage|p2a: Kommo-o|18/100\n|\n|upkeep\n|turn|8\n|c|\u2606kfjtdhynd|gg\n|-message|kfjtdhynd forfeited.\n|\n|win|disciple of blahaj\n|raw|disciple of blahaj's rating: 1147 &rarr; <strong>1173</strong><br />(+26 for winning)\n|raw|kfjtdhynd's rating: 1158 &rarr; <strong>1132</strong><br />(-26 for losing)\n|l|\u2606kfjtdhynd\n|player|p2|\n",
  "uploadtime": 1775970943,
  "views": 16,
  "formatid": "gen9championsvgc2026regma",
  "rating": 1132,
  "private": 0,
  "password": null
}