{
  "id": "gen9championsvgc2026regma-2589452692",
  "format": "[Gen 9 Champions] VGC 2026 Reg M-A",
  "players": [
    "Jeff__00700",
    "detroitking"
  ],
  "log": "|j|\u2606Jeff__00700\n|j|\u2606detroitking\n|t:|1776724234\n|gametype|doubles\n|player|p1|Jeff__00700|beauty|1000\n|player|p2|detroitking|hugh|1000\n|gen|9\n|tier|[Gen 9 Champions] VGC 2026 Reg M-A\n|rated|\n|rule|Species Clause: Limit one of each Pok\u00e9mon\n|rule|Item Clause: Limit 1 of each item\n|clearpoke\n|poke|p1|Aerodactyl, L50, M|\n|poke|p1|Starmie, L50|\n|poke|p1|Ditto, L50|\n|poke|p1|Sinistcha, L50|\n|poke|p1|Oranguru, L50, M|\n|poke|p1|Incineroar, L50, F|\n|poke|p2|Armarouge, L50, M|\n|poke|p2|Incineroar, L50, F|\n|poke|p2|Passimian, L50, M, shiny|\n|poke|p2|Empoleon, L50, F, shiny|\n|poke|p2|Sableye, L50, M|\n|poke|p2|Dragonite, L50, F|\n|teampreview|4\n|inactive|Battle timer is ON: inactive players will automatically lose when time's up. (requested by Jeff__00700)\n|\n|t:|1776724257\n|teamsize|p1|4\n|teamsize|p2|4\n|start\n|switch|p1a: Oranguru|Oranguru, L50, M|100/100\n|switch|p1b: Sinistcha|Sinistcha, L50|100/100\n|switch|p2a: Incineroar|Incineroar, L50, F|100/100\n|switch|p2b: Passimian|Passimian, L50, M, shiny|100/100\n|-ability|p2a: Incineroar|Intimidate|boost\n|-unboost|p1a: Oranguru|atk|1\n|-unboost|p1b: Sinistcha|atk|1\n|turn|1\n|\n|t:|1776724275\n|move|p2a: Incineroar|Fake Out|p1a: Oranguru|[miss]\n|-miss|p2a: Incineroar|p1a: Oranguru\n|move|p2b: Passimian|U-turn|p1b: Sinistcha\n|-damage|p1b: Sinistcha|81/100\n|\n|t:|1776724282\n|switch|p2b: Dragonite|Dragonite, L50, F|100/100|[from] U-turn\n|move|p1b: Sinistcha|Calm Mind|p1b: Sinistcha\n|-boost|p1b: Sinistcha|spa|1\n|-boost|p1b: Sinistcha|spd|1\n|move|p1a: Oranguru|Instruct|p1b: Sinistcha\n|-singleturn|p1b: Sinistcha|move: Instruct|[of] p1a: Oranguru\n|move|p1b: Sinistcha|Calm Mind|p1b: Sinistcha\n|-boost|p1b: Sinistcha|spa|1\n|-boost|p1b: Sinistcha|spd|1\n|\n|upkeep\n|turn|2\n|\n|t:|1776724306\n|detailschange|p2b: Dragonite|Dragonite-Mega, L50, F\n|-mega|p2b: Dragonite|Dragonite|Dragoninite\n|move|p2b: Dragonite|Agility|p2b: Dragonite\n|-boost|p2b: Dragonite|spe|2\n|move|p1b: Sinistcha|Matcha Gotcha|p2b: Dragonite|[spread] p2a,p2b\n|-resisted|p2a: Incineroar|1\n|-resisted|p2b: Dragonite|2\n|-damage|p2a: Incineroar|85/100\n|-heal|p1b: Sinistcha|90/100|[from] drain|[of] p2a: Incineroar\n|-damage|p2b: Dragonite|96/100\n|-heal|p1b: Sinistcha|93/100|[from] drain|[of] p2b: Dragonite\n|-heal|p1b: Sinistcha|95/100|[from] item: Shell Bell|[of] p2b: Dragonite\n|move|p1a: Oranguru|Instruct|p1b: Sinistcha\n|-singleturn|p1b: Sinistcha|move: Instruct|[of] p1a: Oranguru\n|move|p1b: Sinistcha|Matcha Gotcha|p2b: Dragonite|[spread] p2a,p2b\n|-resisted|p2a: Incineroar|1\n|-resisted|p2b: Dragonite|2\n|-damage|p2a: Incineroar|69/100\n|-heal|p1b: Sinistcha|100/100|[from] drain|[of] p2a: Incineroar\n|-damage|p2b: Dragonite|87/100\n|-status|p2b: Dragonite|brn\n|move|p2a: Incineroar|Roar|p1b: Sinistcha\n|drag|p1b: Starmie|Starmie, L50|100/100\n|\n|-damage|p2b: Dragonite|81/100 brn|[from] brn\n|upkeep\n|turn|3\n|inactive|Jeff__00700 has 30 seconds left.\n|inactive|detroitking has 30 seconds left.\n|inactive|Jeff__00700 has 20 seconds left.\n|inactive|detroitking has 20 seconds left.\n|inactive|Jeff__00700 has 15 seconds left.\n|inactive|detroitking has 15 seconds left.\n|inactive|Jeff__00700 has 10 seconds left.\n|\n|t:|1776724354\n|switch|p1b: Aerodactyl|Aerodactyl, L50, M|100/100\n|-ability|p1b: Aerodactyl|Unnerve\n|switch|p2a: Passimian|Passimian, L50, M, shiny|100/100\n|move|p2b: Dragonite|Thunderbolt|p1b: Aerodactyl\n|-supereffective|p1b: Aerodactyl|1\n|-enditem|p1b: Aerodactyl|Focus Sash\n|-activate|p1a: Oranguru|ability: Symbiosis|Bright Powder|[of] p1b: Aerodactyl\n|-damage|p1b: Aerodactyl|1/100\n|move|p1a: Oranguru|Instruct||[still]\n|-fail|p1a: Oranguru\n|\n|-damage|p2b: Dragonite|75/100 brn|[from] brn\n|upkeep\n|turn|4\n|inactive|detroitking has 30 seconds left.\n|inactive|detroitking has 20 seconds left.\n|inactive|detroitking has 15 seconds left.\n|inactive|detroitking has 10 seconds left.\n|\n|t:|1776724401\n|switch|p1a: Starmie|Starmie, L50|100/100\n|move|p2b: Dragonite|Draco Meteor|p1a: Starmie\n|-damage|p1a: Starmie|0 fnt\n|-unboost|p2b: Dragonite|spa|2\n|faint|p1a: Starmie\n|move|p2a: Passimian|U-turn|p1b: Aerodactyl\n|-resisted|p1b: Aerodactyl|1\n|-damage|p1b: Aerodactyl|0 fnt\n|faint|p1b: Aerodactyl\n|\n|t:|1776724413\n|switch|p2a: Incineroar|Incineroar, L50, F|69/100|[from] U-turn\n|\n|-damage|p2b: Dragonite|69/100 brn|[from] brn\n|upkeep\n|\n|t:|1776724427\n|switch|p1b: Sinistcha|Sinistcha, L50|100/100\n|switch|p1a: Oranguru|Oranguru, L50, M|100/100\n|turn|5\n|\n|t:|1776724450\n|move|p2a: Incineroar|Fake Out|p1a: Oranguru\n|-damage|p1a: Oranguru|89/100\n|move|p2b: Dragonite|Hurricane|p1b: Sinistcha\n|-supereffective|p1b: Sinistcha|1\n|-damage|p1b: Sinistcha|43/100\n|move|p1b: Sinistcha|Calm Mind|p1b: Sinistcha\n|-boost|p1b: Sinistcha|spa|1\n|-boost|p1b: Sinistcha|spd|1\n|cant|p1a: Oranguru|flinch\n|\n|-damage|p2b: Dragonite|63/100 brn|[from] brn\n|upkeep\n|turn|6\n|\n|t:|1776724465\n|switch|p2b: Armarouge|Armarouge, L50, M|100/100\n|move|p1b: Sinistcha|Matcha Gotcha|p2a: Incineroar|[spread] p2a,p2b\n|-resisted|p2a: Incineroar|1\n|-resisted|p2b: Armarouge|1\n|-damage|p2a: Incineroar|56/100\n|-heal|p1b: Sinistcha|50/100|[from] drain|[of] p2a: Incineroar\n|-damage|p2b: Armarouge|82/100\n|-heal|p1b: Sinistcha|61/100|[from] drain|[of] p2b: Armarouge\n|-heal|p1b: Sinistcha|65/100|[from] item: Shell Bell|[of] p2b: Armarouge\n|move|p2a: Incineroar|Flare Blitz|p1b: Sinistcha\n|-supereffective|p1b: Sinistcha|1\n|-damage|p1b: Sinistcha|0 fnt\n|faint|p1b: Sinistcha\n|-damage|p2a: Incineroar|38/100|[from] Recoil\n|-enditem|p2a: Incineroar|Sitrus Berry|[eat]\n|-heal|p2a: Incineroar|62/100|[from] item: Sitrus Berry\n|move|p1a: Oranguru|Instruct|p1: Sinistcha|[notarget]\n|-fail|p1a: Oranguru\n|\n|upkeep\n|turn|7\n|-message|Jeff__00700 forfeited.\n|\n|win|detroitking\n|raw|Jeff__00700's rating: 1000 &rarr; <strong>1000</strong><br />(+0 for losing)\n|raw|detroitking's rating: 1000 &rarr; <strong>1040</strong><br />(+40 for winning)\n|l|\u2606Jeff__00700\n|player|p1|\n",
  "uploadtime": 1776724491,
  "views": 5,
  "formatid": "gen9championsvgc2026regma",
  "rating": 1000,
  "private": 0,
  "password": null
}