{
  "id": "gen9championsvgc2026regma-2582342472",
  "format": "[Gen 9 Champions] VGC 2026 Reg M-A",
  "players": [
    "miguelon611",
    "rezon8"
  ],
  "log": "|j|\u2606miguelon611\n|j|\u2606rezon8\n|t:|1776084911\n|gametype|doubles\n|player|p1|miguelon611|266|1068\n|player|p2|rezon8|102|1029\n|gen|9\n|tier|[Gen 9 Champions] VGC 2026 Reg M-A\n|rated|\n|rule|Species Clause: Limit one of each Pok\u00e9mon\n|rule|Item Clause: Limit 1 of each item\n|clearpoke\n|poke|p1|Garchomp, L50, M|\n|poke|p1|Aerodactyl, L50, M|\n|poke|p1|Floette-Eternal, L50, F|\n|poke|p1|Milotic, L50, F|\n|poke|p1|Scizor, L50, F|\n|poke|p1|Incineroar, L50, M|\n|poke|p2|Palafin, L50, M|\n|poke|p2|Pelipper, L50, M|\n|poke|p2|Garchomp, L50, M|\n|poke|p2|Dragonite, L50, M|\n|poke|p2|Scizor, L50, M|\n|poke|p2|Sableye, L50, F|\n|teampreview|4\n|inactive|Battle timer is ON: inactive players will automatically lose when time's up. (requested by miguelon611)\n|\n|t:|1776084966\n|teamsize|p1|4\n|teamsize|p2|4\n|start\n|switch|p1a: Aerodactyl|Aerodactyl, L50, M|100/100\n|switch|p1b: Garchomp|Garchomp, L50, M|100/100\n|switch|p2a: Garchomp|Garchomp, L50, M|100/100\n|switch|p2b: Palafin|Palafin, L50, M|100/100\n|-ability|p1a: Aerodactyl|Unnerve\n|turn|1\n|inactive|rezon8 has 30 seconds left.\n|\n|t:|1776084994\n|move|p2a: Garchomp|Protect|p2a: Garchomp\n|-singleturn|p2a: Garchomp|Protect\n|move|p1a: Aerodactyl|Tailwind|p1a: Aerodactyl\n|-sidestart|p1: miguelon611|move: Tailwind\n|move|p1b: Garchomp|Dragon Claw|p2a: Garchomp\n|-activate|p2a: Garchomp|move: Protect\n|move|p2b: Palafin|Ice Punch|p1b: Garchomp\n|-supereffective|p1b: Garchomp|2\n|-damage|p1b: Garchomp|25/100\n|-damage|p2b: Palafin|88/100|[from] ability: Rough Skin|[of] p1b: Garchomp\n|\n|upkeep\n|turn|2\n|inactive|rezon8 has 30 seconds left.\n|\n|t:|1776085023\n|move|p2b: Palafin|Jet Punch|p1b: Garchomp\n|-damage|p1b: Garchomp|0 fnt\n|-damage|p2b: Palafin|76/100|[from] ability: Rough Skin|[of] p1b: Garchomp\n|faint|p1b: Garchomp\n|move|p1a: Aerodactyl|Rock Slide|p2b: Palafin|[spread] p2a,p2b\n|-resisted|p2a: Garchomp|1\n|-damage|p2a: Garchomp|88/100\n|-damage|p2b: Palafin|49/100\n|move|p2a: Garchomp|Rock Slide|p1a: Aerodactyl\n|-supereffective|p1a: Aerodactyl|1\n|-damage|p1a: Aerodactyl|11/100\n|\n|upkeep\n|\n|t:|1776085038\n|switch|p1b: Floette|Floette-Eternal, L50, F|100/100\n|turn|3\n|\n|t:|1776085056\n|switch|p1a: Milotic|Milotic, L50, F|100/100\n|switch|p2a: Sableye|Sableye, L50, F|100/100\n|move|p2b: Palafin|Jet Punch|p1a: Milotic\n|-resisted|p1a: Milotic|1\n|-damage|p1a: Milotic|87/100\n|move|p1b: Floette|Calm Mind|p1b: Floette\n|-boost|p1b: Floette|spa|1\n|-boost|p1b: Floette|spd|1\n|\n|-heal|p1a: Milotic|93/100|[from] item: Leftovers\n|upkeep\n|turn|4\n|inactive|miguelon611 has 30 seconds left.\n|\n|t:|1776085084\n|detailschange|p2b: Palafin|Palafin-Hero, L50, M\n|switch|p2b: Pelipper|Pelipper, L50, M|100/100\n|-weather|RainDance|[from] ability: Drizzle|[of] p2b: Pelipper\n|move|p2a: Sableye|Encore|p1b: Floette\n|-start|p1b: Floette|Encore\n|move|p1b: Floette|Calm Mind|p1b: Floette\n|-boost|p1b: Floette|spa|1\n|-boost|p1b: Floette|spd|1\n|move|p1a: Milotic|Icy Wind|p2b: Pelipper|[spread] p2a\n|-miss|p1a: Milotic|p2b: Pelipper\n|-damage|p2a: Sableye|88/100\n|-unboost|p2a: Sableye|spe|1\n|\n|-weather|RainDance|[upkeep]\n|-heal|p1a: Milotic|99/100|[from] item: Leftovers\n|-sideend|p1: miguelon611|move: Tailwind\n|upkeep\n|turn|5\n|inactive|rezon8 has 30 seconds left.\n|\n|t:|1776085119\n|switch|p1a: Aerodactyl|Aerodactyl, L50, M|11/100\n|-ability|p1a: Aerodactyl|Unnerve\n|move|p2a: Sableye|Light Screen|p2a: Sableye\n|-sidestart|p2: rezon8|move: Light Screen\n|move|p1b: Floette|Calm Mind|p1b: Floette\n|-boost|p1b: Floette|spa|1\n|-boost|p1b: Floette|spd|1\n|move|p2b: Pelipper|Hurricane|p1a: Aerodactyl\n|-resisted|p1a: Aerodactyl|1\n|-damage|p1a: Aerodactyl|0 fnt\n|faint|p1a: Aerodactyl\n|\n|-weather|RainDance|[upkeep]\n|upkeep\n|\n|t:|1776085133\n|switch|p1a: Milotic|Milotic, L50, F|99/100\n|turn|6\n|\n|t:|1776085143\n|move|p2a: Sableye|Thunder Wave|p1b: Floette\n|-status|p1b: Floette|par\n|move|p1a: Milotic|Scald|p2a: Sableye\n|-damage|p2a: Sableye|49/100\n|-status|p2a: Sableye|brn\n|-enditem|p2a: Sableye|Sitrus Berry|[eat]\n|-heal|p2a: Sableye|74/100 brn|[from] item: Sitrus Berry\n|move|p2b: Pelipper|Hurricane|p1a: Milotic\n|-damage|p1a: Milotic|70/100\n|move|p1b: Floette|Calm Mind|p1b: Floette\n|-boost|p1b: Floette|spa|1\n|-boost|p1b: Floette|spd|1\n|\n|-weather|RainDance|[upkeep]\n|-heal|p1a: Milotic|76/100|[from] item: Leftovers\n|-damage|p2a: Sableye|68/100 brn|[from] brn\n|-end|p1b: Floette|Encore\n|upkeep\n|turn|7\n|inactive|rezon8 has 30 seconds left.\n|\n|t:|1776085171\n|move|p2a: Sableye|Encore|p1b: Floette\n|-start|p1b: Floette|Encore\n|move|p1a: Milotic|Scald|p2a: Sableye\n|-damage|p2a: Sableye|27/100 brn\n|move|p2b: Pelipper|Hurricane|p1a: Milotic\n|-damage|p1a: Milotic|48/100\n|move|p1b: Floette|Calm Mind|p1b: Floette\n|-boost|p1b: Floette|spa|1\n|-boost|p1b: Floette|spd|1\n|\n|-weather|RainDance|[upkeep]\n|-heal|p1a: Milotic|54/100|[from] item: Leftovers\n|-damage|p2a: Sableye|22/100 brn|[from] brn\n|upkeep\n|turn|8\n|inactive|rezon8 has 30 seconds left.\n|inactive|miguelon611 has 30 seconds left.\n|\n|t:|1776085210\n|switch|p2b: Palafin|Palafin-Hero, L50, M|49/100\n|-activate|p2b: Palafin|ability: Zero to Hero\n|move|p2a: Sableye|Thunder Wave|p1a: Milotic\n|-status|p1a: Milotic|par\n|move|p1b: Floette|Calm Mind|p1b: Floette\n|-boost|p1b: Floette|spa|1\n|-boost|p1b: Floette|spd|1\n|move|p1a: Milotic|Scald|p2b: Palafin\n|-resisted|p2b: Palafin|1\n|-damage|p2b: Palafin|35/100\n|\n|-weather|none\n|-heal|p1a: Milotic|60/100 par|[from] item: Leftovers\n|-damage|p2a: Sableye|16/100 brn|[from] brn\n|upkeep\n|turn|9\n|\n|t:|1776085232\n|switch|p2a: Pelipper|Pelipper, L50, M|100/100\n|-weather|RainDance|[from] ability: Drizzle|[of] p2a: Pelipper\n|detailschange|p1b: Floette|Floette-Mega, L50, F\n|-mega|p1b: Floette|Floette|Floettite\n|-ability|p1b: Floette|Fairy Aura\n|move|p2b: Palafin|Wave Crash|p1b: Floette\n|-damage|p1b: Floette|0 fnt\n|faint|p1b: Floette\n|-damage|p2b: Palafin|5/100|[from] Recoil\n|move|p1a: Milotic|Scald|p2b: Palafin\n|-resisted|p2b: Palafin|1\n|-damage|p2b: Palafin|0 fnt\n|faint|p2b: Palafin\n|\n|-weather|RainDance|[upkeep]\n|-heal|p1a: Milotic|66/100 par|[from] item: Leftovers\n|-sideend|p2: rezon8|move: Light Screen\n|upkeep\n|-message|miguelon611 forfeited.\n|\n|win|rezon8\n|raw|miguelon611's rating: 1068 &rarr; <strong>1046</strong><br />(-22 for losing)\n|raw|rezon8's rating: 1029 &rarr; <strong>1069</strong><br />(+40 for winning)\n|l|\u2606miguelon611\n|player|p1|\n",
  "uploadtime": 1776085251,
  "views": 11,
  "formatid": "gen9championsvgc2026regma",
  "rating": 1046,
  "private": 0,
  "password": null
}