{
  "id": "gen9championsvgc2026regma-2586765695",
  "format": "[Gen 9 Champions] VGC 2026 Reg M-A",
  "players": [
    "umbrian",
    "BossgodoraII"
  ],
  "log": "|j|\u2606umbrian\n|j|\u2606BossgodoraII\n|t:|1776458173\n|gametype|doubles\n|player|p1|umbrian|2|1448\n|player|p2|BossgodoraII|gentleman-gen4|1517\n|gen|9\n|tier|[Gen 9 Champions] VGC 2026 Reg M-A\n|rated|\n|rule|Species Clause: Limit one of each Pok\u00e9mon\n|rule|Item Clause: Limit 1 of each item\n|clearpoke\n|poke|p1|Glimmora, L50, F|\n|poke|p1|Kingambit, L50, M|\n|poke|p1|Zoroark-Hisui, L50, M|\n|poke|p1|Sinistcha, L50|\n|poke|p1|Whimsicott, L50, M|\n|poke|p1|Sneasler, L50, F|\n|poke|p2|Delphox, L50, M|\n|poke|p2|Floette-Eternal, L50, F|\n|poke|p2|Sneasler, L50, M|\n|poke|p2|Aerodactyl, L50, M|\n|poke|p2|Garchomp, L50, M|\n|poke|p2|Kingambit, L50, M|\n|teampreview|4\nBossgodoraII rejected open team sheets.\n|\n|t:|1776458204\n|teamsize|p1|4\n|teamsize|p2|4\n|start\n|switch|p1a: Whimsicott|Whimsicott, L50, M, shiny|100/100\n|switch|p1b: Glimmora|Glimmora, L50, F, shiny|100/100\n|switch|p2a: Kingambit|Kingambit, L50, M|100/100\n|switch|p2b: Delphox|Delphox, L50, M|100/100\n|turn|1\n|\n|t:|1776458224\n|detailschange|p2b: Delphox|Delphox-Mega, L50, M\n|-mega|p2b: Delphox|Delphox|Delphoxite\n|detailschange|p1b: Glimmora|Glimmora-Mega, L50, F, shiny\n|-mega|p1b: Glimmora|Glimmora|Glimmoranite\n|move|p1b: Glimmora|Spiky Shield|p1b: Glimmora\n|-singleturn|p1b: Glimmora|move: Protect\n|move|p2a: Kingambit|Sucker Punch|p1a: Whimsicott\n|-supereffective|p1a: Whimsicott|1\n|-enditem|p1a: Whimsicott|Focus Sash\n|-damage|p1a: Whimsicott|1/100\n|replace|p1a: Zoroark|Zoroark-Hisui, L50, M\n|-end|p1a: Zoroark|Illusion\n|move|p2b: Delphox|Psyshock|p1b: Glimmora\n|-activate|p1b: Glimmora|move: Protect\n|move|p1a: Zoroark|Icy Wind|p2a: Kingambit|[spread] p2a,p2b\n|-resisted|p2a: Kingambit|1\n|-resisted|p2b: Delphox|1\n|-damage|p2a: Kingambit|93/100\n|-damage|p2b: Delphox|94/100\n|-unboost|p2a: Kingambit|spe|1\n|-ability|p2a: Kingambit|Defiant|boost\n|-boost|p2a: Kingambit|atk|2\n|-unboost|p2b: Delphox|spe|1\n|\n|upkeep\n|turn|2\n|\n|t:|1776458254\n|switch|p1a: Sneasler|Sneasler, L50, F|100/100\n|move|p2a: Kingambit|Sucker Punch|p1b: Glimmora\n|-damage|p1b: Glimmora|3/100\n|move|p1b: Glimmora|Power Gem|p2b: Delphox\n|-supereffective|p2b: Delphox|1\n|-damage|p2b: Delphox|0 fnt\n|faint|p2b: Delphox\n|\n|upkeep\n|\n|t:|1776458261\n|switch|p2b: Sneasler|Sneasler, L50, M|100/100\n|turn|3\n|\n|t:|1776458280\n|move|p1a: Sneasler|Protect|p1a: Sneasler\n|-singleturn|p1a: Sneasler|Protect\n|move|p1b: Glimmora|Spiky Shield|p1b: Glimmora\n|-singleturn|p1b: Glimmora|move: Protect\n|move|p2b: Sneasler|Fake Out|p1a: Sneasler\n|-activate|p1a: Sneasler|move: Protect\n|move|p2a: Kingambit|Sucker Punch||[still]\n|-fail|p2a: Kingambit\n|\n|upkeep\n|turn|4\n|inactive|Battle timer is ON: inactive players will automatically lose when time's up. (requested by BossgodoraII)\n|\n|t:|1776458296\n|move|p2a: Kingambit|Sucker Punch|p1a: Sneasler\n|-resisted|p1a: Sneasler|1\n|-damage|p1a: Sneasler|16/100\n|move|p1a: Sneasler|Close Combat|p2a: Kingambit\n|-supereffective|p2a: Kingambit|2\n|-damage|p2a: Kingambit|0 fnt\n|-unboost|p1a: Sneasler|def|1\n|-unboost|p1a: Sneasler|spd|1\n|faint|p2a: Kingambit\n|-enditem|p1a: Sneasler|White Herb\n|-clearnegativeboost|p1a: Sneasler|[silent]\n|move|p2b: Sneasler|Close Combat|p1a: Sneasler\n|-resisted|p1a: Sneasler|1\n|-damage|p1a: Sneasler|0 fnt\n|-unboost|p2b: Sneasler|def|1\n|-unboost|p2b: Sneasler|spd|1\n|faint|p1a: Sneasler\n|-enditem|p2b: Sneasler|White Herb\n|-clearnegativeboost|p2b: Sneasler|[silent]\n|move|p1b: Glimmora|Earth Power|p2b: Sneasler\n|-supereffective|p2b: Sneasler|1\n|-damage|p2b: Sneasler|7/100\n|\n|upkeep\n|\n|t:|1776458305\n|switch|p1a: Whimsicott|Whimsicott, L50, M, shiny|100/100\n|switch|p2a: Aerodactyl|Aerodactyl, L50, M|100/100\n|-ability|p2a: Aerodactyl|Unnerve\n|turn|5\n|\n|t:|1776458313\n|move|p2b: Sneasler|Protect|p2b: Sneasler\n|-singleturn|p2b: Sneasler|Protect\n|move|p1b: Glimmora|Spiky Shield|p1b: Glimmora\n|-singleturn|p1b: Glimmora|move: Protect\n|move|p1a: Whimsicott|Encore|p2b: Sneasler\n|-activate|p2b: Sneasler|move: Protect\n|move|p2a: Aerodactyl|Dual Wingbeat|p1a: Whimsicott\n|-supereffective|p1a: Whimsicott|1\n|-damage|p1a: Whimsicott|65/100\n|-supereffective|p1a: Whimsicott|1\n|-damage|p1a: Whimsicott|31/100\n|-hitcount|p1a: Whimsicott|2\n|\n|upkeep\n|turn|6\n|\n|t:|1776458332\n|move|p1a: Whimsicott|Encore|p2b: Sneasler\n|-start|p2b: Sneasler|Encore\n|move|p2b: Sneasler|Protect||[still]\n|-fail|p2b: Sneasler\n|move|p2a: Aerodactyl|Rock Slide|p1b: Glimmora|[spread] p1a,p1b\n|-damage|p1a: Whimsicott|6/100\n|-damage|p1b: Glimmora|0 fnt\n|faint|p1b: Glimmora\n|\n|upkeep\n|\n|t:|1776458335\n|switch|p1b: Zoroark|Zoroark-Hisui, L50, M|1/100\n|turn|7\n|\n|t:|1776458343\n|move|p2b: Sneasler|Protect|p2b: Sneasler\n|-singleturn|p2b: Sneasler|Protect\n|move|p1a: Whimsicott|Tailwind|p1a: Whimsicott\n|-sidestart|p1: umbrian|move: Tailwind\n|move|p1b: Zoroark|Bitter Malice|p2a: Aerodactyl\n|-damage|p2a: Aerodactyl|46/100\n|-unboost|p2a: Aerodactyl|atk|1\n|move|p2a: Aerodactyl|Rock Slide|p1a: Whimsicott|[spread] p1a,p1b\n|-damage|p1a: Whimsicott|0 fnt\n|-damage|p1b: Zoroark|0 fnt\n|faint|p1a: Whimsicott\n|faint|p1b: Zoroark\n|\n|win|BossgodoraII\n|raw|umbrian's rating: 1448 &rarr; <strong>1432</strong><br />(-16 for losing)\n|raw|BossgodoraII's rating: 1517 &rarr; <strong>1533</strong><br />(+16 for winning)\n|l|\u2606umbrian\n|player|p1|\n|c|\u2606BossgodoraII|gg\n",
  "uploadtime": 1776458357,
  "views": 78,
  "formatid": "gen9championsvgc2026regma",
  "rating": 1432,
  "private": 0,
  "password": null
}