{
  "id": "gen9championsvgc2026regma-2586337907",
  "format": "[Gen 9 Champions] VGC 2026 Reg M-A",
  "players": [
    "eepXP",
    "Deriven"
  ],
  "log": "|j|\u2606eepXP\n|j|\u2606Deriven\n|html|<table width=\"100%\"><tr><td align=\"left\">eepXP</td><td align=\"right\">Deriven</tr><tr><td align=\"left\"><i class=\"fa fa-circle\"></i> <i class=\"fa fa-circle-o\"></i> <i class=\"fa fa-circle-o\"></i> </td><td align=\"right\"><i class=\"fa fa-circle-o\"></i> <i class=\"fa fa-circle-o\"></i> <i class=\"fa fa-circle\"></i> </tr></table>\n|uhtml|bestof|<h2><strong>Game 3</strong> of <a href=\"/game-bestof5-gen9championsvgc2026regma-2586329457\">a best-of-5</a></h2>\n|t:|1776426647\n|gametype|doubles\n|player|p1|eepXP|clerk|\n|player|p2|Deriven|palmer|\n|gen|9\n|tier|[Gen 9 Champions] VGC 2026 Reg M-A\n|rule|Species Clause: Limit one of each Pok\u00e9mon\n|rule|Item Clause: Limit 1 of each item\n|raw|<div class=\"infobox\"><details class=\"readmore\" open><summary><strong>1 custom rule:</strong></summary> Best of = 5</details></div>\n|clearpoke\n|poke|p1|Krookodile, L50, M|\n|poke|p1|Milotic, L50, F|\n|poke|p1|Gengar, L50, F|\n|poke|p1|Whimsicott, L50, M|\n|poke|p1|Tauros-Paldea-Blaze, L50, M|\n|poke|p1|Zoroark-Hisui, L50, M|\n|poke|p2|Floette-Eternal, L50, F|\n|poke|p2|Charizard, L50, M|\n|poke|p2|Incineroar, L50, F|\n|poke|p2|Orthworm, L50, F|\n|poke|p2|Ninetales, L50, F|\n|poke|p2|Meowscarada, L50, F|\n|teampreview|4\n|\n|t:|1776426662\n|teamsize|p1|4\n|teamsize|p2|4\n|start\n|switch|p1a: Miloshkh|Milotic, L50, F, shiny|100/100\n|switch|p1b: Whimsicocc|Whimsicott, L50, M, shiny|100/100\n|switch|p2a: Meowscarada|Meowscarada, L50, F|100/100\n|switch|p2b: Orthworm|Orthworm, L50, F|100/100\n|turn|1\n|\n|t:|1776426682\n|move|p2b: Orthworm|Protect|p2b: Orthworm\n|-singleturn|p2b: Orthworm|Protect\n|move|p2a: Meowscarada|Sucker Punch|p1a: Miloshkh\n|-start|p2a: Meowscarada|typechange|Dark|[from] ability: Protean\n|-damage|p1a: Miloshkh|60/100\n|move|p1b: Whimsicocc|Tailwind|p1b: Whimsicocc\n|-sidestart|p1: eepXP|move: Tailwind\n|move|p1a: Miloshkh|Draining Kiss|p2a: Meowscarada\n|-supereffective|p2a: Meowscarada|1\n|-damage|p2a: Meowscarada|59/100\n|-heal|p1a: Miloshkh|87/100|[from] drain|[of] p2a: Meowscarada\n|\n|upkeep\n|turn|2\n|\n|t:|1776426711\n|switch|p2a: Incineroar|Incineroar, L50, F|100/100\n|-ability|p2a: Incineroar|Intimidate|boost\n|-unboost|p1a: Miloshkh|atk|1\n|-ability|p1a: Miloshkh|Competitive|boost\n|-boost|p1a: Miloshkh|spa|2\n|-unboost|p1b: Whimsicocc|atk|1\n|move|p1b: Whimsicocc|Stun Spore|p2b: Orthworm|[miss]\n|-miss|p1b: Whimsicocc|p2b: Orthworm\n|move|p1a: Miloshkh|Draining Kiss|p2a: Incineroar\n|-damage|p2a: Incineroar|73/100\n|-heal|p1a: Miloshkh|100/100|[from] drain|[of] p2a: Incineroar\n|move|p2b: Orthworm|Shed Tail|p2b: Orthworm\n|-start|p2b: Orthworm|Substitute|[from] move: Shed Tail\n|-damage|p2b: Orthworm|50/100\n|\n|t:|1776426725\n|switch|p2b: Floette|Floette-Eternal, L50, F|100/100|[from] Shed Tail\n|\n|upkeep\n|turn|3\n|\n|t:|1776426741\n|detailschange|p2b: Floette|Floette-Mega, L50, F\n|-mega|p2b: Floette|Floette|Floettite\n|-ability|p2b: Floette|Fairy Aura\n|move|p2a: Incineroar|Fake Out|p1a: Miloshkh\n|-damage|p1a: Miloshkh|86/100\n|move|p1b: Whimsicocc|Moonblast|p2b: Floette\n|-damage|p2b: Floette|55/100\n|cant|p1a: Miloshkh|flinch\n|move|p2b: Floette|Draining Kiss|p1b: Whimsicocc\n|-damage|p1b: Whimsicocc|40/100\n|-heal|p2b: Floette|97/100|[from] drain|[of] p1b: Whimsicocc\n|\n|upkeep\n|turn|4\n|\n|t:|1776426772\n|move|p1b: Whimsicocc|Stun Spore|p2a: Incineroar\n|-status|p2a: Incineroar|par\n|move|p1a: Miloshkh|Scald|p2a: Incineroar\n|-supereffective|p2a: Incineroar|1\n|-enditem|p2a: Incineroar|Passho Berry|[eat]\n|-enditem|p2a: Incineroar|Passho Berry|[weaken]\n|-damage|p2a: Incineroar|7/100 par\n|move|p2b: Floette|Light of Ruin|p1a: Miloshkh\n|-damage|p1a: Miloshkh|3/100\n|-damage|p2b: Floette|47/100|[from] Recoil\n|move|p2a: Incineroar|Roar|p1a: Miloshkh\n|drag|p1a: Tauros|Tauros-Paldea-Blaze, L50, M, shiny|100/100\n|\n|-sideend|p1: eepXP|move: Tailwind\n|upkeep\n|turn|5\n|\n|t:|1776426802\n|move|p1a: Tauros|Shadow Claw|p2a: Incineroar\n|-resisted|p2a: Incineroar|1\n|-damage|p2a: Incineroar|0 fnt\n|faint|p2a: Incineroar\n|move|p2b: Floette|Draining Kiss|p1b: Whimsicocc\n|-crit|p1b: Whimsicocc\n|-damage|p1b: Whimsicocc|0 fnt\n|-heal|p2b: Floette|74/100|[from] drain|[of] p1b: Whimsicocc\n|faint|p1b: Whimsicocc\n|\n|upkeep\n|\n|t:|1776426812\n|switch|p1b: Tauros|Tauros-Paldea-Blaze, L50, M, shiny|100/100\n|switch|p2a: Meowscarada|Meowscarada, L50, F|59/100\n|-ability|p1b: Tauros|Intimidate|boost\n|-unboost|p2a: Meowscarada|atk|1\n|-immune|p2b: Floette\n|turn|6\n|\n|t:|1776426843\n|move|p2b: Floette|Protect|p2b: Floette\n|-singleturn|p2b: Floette|Protect\n|move|p2a: Meowscarada|U-turn|p1b: Tauros\n|-start|p2a: Meowscarada|typechange|Bug|[from] ability: Protean\n|-resisted|p1b: Tauros|2\n|-damage|p1b: Tauros|95/100\n|\n|t:|1776426850\n|switch|p2a: Orthworm|Orthworm, L50, F|50/100|[from] U-turn\n|move|p1a: Tauros|Swords Dance|p1a: Tauros\n|-boost|p1a: Tauros|atk|2\n|move|p1b: Tauros|Substitute|p1b: Tauros\n|-start|p1b: Tauros|Substitute\n|-damage|p1b: Tauros|71/100\n|\n|-heal|p2a: Orthworm|56/100|[from] item: Leftovers\n|upkeep\n|turn|7\n|\n|t:|1776426873\n|move|p1a: Tauros|Shadow Claw|p2b: Floette\n|-crit|p2b: Floette\n|-end|p2b: Floette|Substitute\n|move|p2b: Floette|Draining Kiss|p1a: Tauros\n|-damage|p1a: Tauros|34/100\n|-heal|p2b: Floette|100/100|[from] drain|[of] p1a: Tauros\n|replace|p1a: Zoroark|Zoroark-Hisui, L50, M\n|-end|p1a: Zoroark|Illusion\n|move|p1b: Tauros|Bulk Up|p1b: Tauros\n|-boost|p1b: Tauros|atk|1\n|-boost|p1b: Tauros|def|1\n|move|p2a: Orthworm|Iron Defense|p2a: Orthworm\n|-boost|p2a: Orthworm|def|2\n|\n|-heal|p1a: Zoroark|40/100|[from] item: Leftovers\n|-heal|p2a: Orthworm|63/100|[from] item: Leftovers\n|upkeep\n|turn|8\n|\n|t:|1776426895\n|move|p1a: Zoroark|Shadow Claw|p2b: Floette\n|-damage|p2b: Floette|32/100\n|move|p2b: Floette|Draining Kiss|p1a: Zoroark\n|-crit|p1a: Zoroark\n|-damage|p1a: Zoroark|0 fnt\n|-heal|p2b: Floette|59/100|[from] drain|[of] p1a: Zoroark\n|faint|p1a: Zoroark\n|move|p1b: Tauros|Body Press|p2a: Orthworm\n|-supereffective|p2a: Orthworm|1\n|-damage|p2a: Orthworm|29/100\n|move|p2a: Orthworm|Iron Defense|p2a: Orthworm\n|-boost|p2a: Orthworm|def|2\n|\n|-heal|p2a: Orthworm|35/100|[from] item: Leftovers\n|upkeep\n|\n|t:|1776426910\n|switch|p1a: Miloshkh|Milotic, L50, F, shiny|3/100\n|turn|9\n|\n|t:|1776426926\n|move|p2b: Floette|Protect|p2b: Floette\n|-singleturn|p2b: Floette|Protect\n|move|p2a: Orthworm|Protect|p2a: Orthworm\n|-singleturn|p2a: Orthworm|Protect\n|move|p1b: Tauros|Flame Charge|p2a: Orthworm\n|-activate|p2a: Orthworm|move: Protect\n|move|p1a: Miloshkh|Scald|p2b: Floette\n|-activate|p2b: Floette|move: Protect\n|\n|-heal|p2a: Orthworm|41/100|[from] item: Leftovers\n|upkeep\n|turn|10\n|\n|t:|1776426944\n|move|p2b: Floette|Draining Kiss|p1a: Miloshkh\n|-damage|p1a: Miloshkh|0 fnt\n|-heal|p2b: Floette|61/100|[from] drain|[of] p1a: Miloshkh\n|faint|p1a: Miloshkh\n|move|p1b: Tauros|Flame Charge|p2a: Orthworm\n|-supereffective|p2a: Orthworm|1\n|-damage|p2a: Orthworm|28/100\n|-boost|p1b: Tauros|spe|1\n|move|p2a: Orthworm|High Horsepower|p1b: Tauros\n|-supereffective|p1b: Tauros|1\n|-end|p1b: Tauros|Substitute\n|\n|-heal|p2a: Orthworm|34/100|[from] item: Leftovers\n|upkeep\n|turn|11\n|\n|t:|1776426963\n|move|p2b: Floette|Protect|p2b: Floette\n|-singleturn|p2b: Floette|Protect\n|move|p2a: Orthworm|Protect|p2a: Orthworm\n|-singleturn|p2a: Orthworm|Protect\n|move|p1b: Tauros|Flame Charge|p2b: Floette\n|-activate|p2b: Floette|move: Protect\n|\n|-heal|p2a: Orthworm|40/100|[from] item: Leftovers\n|upkeep\n|turn|12\n|\n|t:|1776426979\n|move|p1b: Tauros|Substitute|p1b: Tauros\n|-start|p1b: Tauros|Substitute\n|-damage|p1b: Tauros|46/100\n|move|p2b: Floette|Draining Kiss|p1b: Tauros\n|-end|p1b: Tauros|Substitute\n|-heal|p2b: Floette|81/100|[from] drain|[of] p1b: Tauros\n|move|p2a: Orthworm|Iron Defense|p2a: Orthworm\n|-boost|p2a: Orthworm|def|2\n|\n|-heal|p2a: Orthworm|46/100|[from] item: Leftovers\n|upkeep\n|turn|13\n|\n|t:|1776427006\n|move|p1b: Tauros|Flame Charge|p2b: Floette\n|-damage|p2b: Floette|39/100\n|-boost|p1b: Tauros|spe|1\n|move|p2b: Floette|Light of Ruin|p1b: Tauros\n|-damage|p1b: Tauros|0 fnt\n|faint|p1b: Tauros\n|-damage|p2b: Floette|15/100|[from] Recoil\n|\n|win|Deriven\n|inactive|eepXP has 30 seconds to confirm battle start!\n|inactive|Deriven has 30 seconds to confirm battle start!\n",
  "uploadtime": 1776427019,
  "views": 21,
  "formatid": "gen9championsvgc2026regma",
  "rating": null,
  "private": 0,
  "password": null
}