{
  "id": "gen9championsvgc2026regma-2586780849",
  "format": "[Gen 9 Champions] VGC 2026 Reg M-A",
  "players": [
    "areestoo",
    "TheCrazedMimikyu"
  ],
  "log": "|j|\u2606areestoo\n|j|\u2606TheCrazedMimikyu\n|t:|1776459367\n|gametype|doubles\n|player|p1|areestoo|101|1303\n|player|p2|TheCrazedMimikyu|colress|1341\n|gen|9\n|tier|[Gen 9 Champions] VGC 2026 Reg M-A\n|rated|\n|rule|Species Clause: Limit one of each Pok\u00e9mon\n|rule|Item Clause: Limit 1 of each item\n|clearpoke\n|poke|p1|Incineroar, L50, F|\n|poke|p1|Farigiraf, L50, F|\n|poke|p1|Torkoal, L50, M|\n|poke|p1|Scovillain, L50, F|\n|poke|p1|Hatterene, L50, F|\n|poke|p1|Crabominable, L50, F|\n|poke|p2|Drampa, L50, F|\n|poke|p2|Sinistcha-Masterpiece, L50|\n|poke|p2|Incineroar, L50, F|\n|poke|p2|Clefable, L50, F|\n|poke|p2|Blastoise, L50, F|\n|poke|p2|Gallade, L50, M|\n|teampreview|4\n|inactive|Battle timer is ON: inactive players will automatically lose when time's up. (requested by areestoo)\n|inactive|TheCrazedMimikyu has 60 seconds left.\n|\n|t:|1776459399\n|teamsize|p1|4\n|teamsize|p2|4\n|start\n|switch|p1a: Incineroar|Incineroar, L50, F|100/100\n|switch|p1b: Farigiraf|Farigiraf, L50, F|100/100\n|switch|p2a: Incineroar|Incineroar, L50, F|100/100\n|switch|p2b: Gallade|Gallade, L50, M|100/100\n|-ability|p2a: Incineroar|Intimidate|boost\n|-unboost|p1a: Incineroar|atk|1\n|-unboost|p1b: Farigiraf|atk|1\n|-ability|p1a: Incineroar|Intimidate|boost\n|-unboost|p2a: Incineroar|atk|1\n|-unboost|p2b: Gallade|atk|1\n|-enditem|p1a: Incineroar|White Herb\n|-clearnegativeboost|p1a: Incineroar|[silent]\n|turn|1\n|inactive|areestoo has 30 seconds left.\n|inactive|areestoo has 20 seconds left.\n|\n|t:|1776459437\n|move|p2b: Gallade|Protect|p2b: Gallade\n|-singleturn|p2b: Gallade|Protect\n|move|p1a: Incineroar|Fake Out|p2b: Gallade\n|-activate|p2b: Gallade|move: Protect\n|move|p2a: Incineroar|Taunt|p1a: Incineroar\n|-start|p1a: Incineroar|move: Taunt\n|move|p1b: Farigiraf|Trick Room|p1b: Farigiraf\n|-fieldstart|move: Trick Room|[of] p1b: Farigiraf\n|\n|upkeep\n|turn|2\n|inactive|TheCrazedMimikyu has 30 seconds left.\n|\n|t:|1776459465\n|switch|p2b: Drampa|Drampa, L50, F|100/100\n|-ability|p2b: Drampa|Cloud Nine\n|move|p1b: Farigiraf|Nasty Plot|p1b: Farigiraf\n|-boost|p1b: Farigiraf|spa|2\n|move|p1a: Incineroar|Flare Blitz|p2b: Drampa\n|-resisted|p2b: Drampa|1\n|-damage|p2b: Drampa|67/100\n|-damage|p1a: Incineroar|91/100|[from] Recoil\n|move|p2a: Incineroar|Parting Shot|p1b: Farigiraf\n|-unboost|p1b: Farigiraf|atk|1\n|-unboost|p1b: Farigiraf|spa|1\n|\n|t:|1776459476\n|switch|p2a: Sinistcha|Sinistcha-Masterpiece, L50|100/100|[from] Parting Shot\n|-heal|p2b: Drampa|92/100|[from] ability: Hospitality|[of] p2a: Sinistcha\n|\n|upkeep\n|turn|3\n|\n|t:|1776459490\n|switch|p2a: Incineroar|Incineroar, L50, F|100/100\n|-ability|p2a: Incineroar|Intimidate|boost\n|-unboost|p1a: Incineroar|atk|1\n|-unboost|p1b: Farigiraf|atk|1\n|detailschange|p2b: Drampa|Drampa-Mega, L50, F\n|-mega|p2b: Drampa|Drampa|Drampanite\n|move|p2b: Drampa|Calm Mind|p2b: Drampa\n|-boost|p2b: Drampa|spa|1\n|-boost|p2b: Drampa|spd|1\n|move|p1a: Incineroar|Flare Blitz|p2a: Incineroar\n|-resisted|p2a: Incineroar|1\n|-damage|p2a: Incineroar|83/100\n|-damage|p1a: Incineroar|85/100|[from] Recoil\n|move|p1b: Farigiraf|Psychic|p2a: Incineroar\n|-immune|p2a: Incineroar\n|\n|upkeep\n|turn|4\n|\n|t:|1776459509\n|move|p2b: Drampa|Hyper Voice|p1b: Farigiraf|[spread] p1a,p1b\n|-damage|p1a: Incineroar|23/100\n|-damage|p1b: Farigiraf|35/100\n|move|p1a: Incineroar|Throat Chop|p2b: Drampa\n|-damage|p2b: Drampa|68/100\n|-start|p2b: Drampa|Throat Chop|[silent]\n|move|p1b: Farigiraf|Nasty Plot|p1b: Farigiraf\n|-boost|p1b: Farigiraf|spa|2\n|move|p2a: Incineroar|Parting Shot|p1b: Farigiraf\n|-unboost|p1b: Farigiraf|atk|1\n|-unboost|p1b: Farigiraf|spa|1\n|\n|t:|1776459512\n|switch|p2a: Sinistcha|Sinistcha-Masterpiece, L50|100/100|[from] Parting Shot\n|-heal|p2b: Drampa|93/100|[from] ability: Hospitality|[of] p2a: Sinistcha\n|\n|-end|p1a: Incineroar|move: Taunt\n|upkeep\n|turn|5\n|\n|t:|1776459533\n|switch|p2a: Incineroar|Incineroar, L50, F|83/100\n|-ability|p2a: Incineroar|Intimidate|boost\n|-unboost|p1a: Incineroar|atk|1\n|-unboost|p1b: Farigiraf|atk|1\n|move|p2b: Drampa|Dragon Pulse|p1b: Farigiraf\n|-damage|p1b: Farigiraf|0 fnt\n|faint|p1b: Farigiraf\n|move|p1a: Incineroar|Flare Blitz|p2a: Incineroar\n|-resisted|p2a: Incineroar|1\n|-damage|p2a: Incineroar|70/100\n|-damage|p1a: Incineroar|19/100|[from] Recoil\n|\n|-end|p2b: Drampa|Throat Chop|[silent]\n|-fieldend|move: Trick Room\n|upkeep\n|\n|t:|1776459544\n|switch|p1b: Crabominable|Crabominable, L50, F|100/100\n|turn|6\n|\n|t:|1776459561\n|detailschange|p1b: Crabominable|Crabominable-Mega, L50, F\n|-mega|p1b: Crabominable|Crabominable|Crabominite\n|move|p2a: Incineroar|Fake Out|p1b: Crabominable\n|-damage|p1b: Crabominable|93/100\n|move|p1a: Incineroar|Throat Chop|p2b: Drampa\n|-damage|p2b: Drampa|73/100\n|-start|p2b: Drampa|Throat Chop|[silent]\n|move|p2b: Drampa|Dragon Pulse|p1a: Incineroar\n|-damage|p1a: Incineroar|0 fnt\n|faint|p1a: Incineroar\n|cant|p1b: Crabominable|flinch\n|\n|upkeep\n|\n|t:|1776459568\n|switch|p1a: Hatterene|Hatterene, L50, F|100/100\n|turn|7\n|\n|t:|1776459586\n|move|p2b: Drampa|Protect|p2b: Drampa\n|-singleturn|p2b: Drampa|Protect\n|move|p2a: Incineroar|Parting Shot|p1b: Crabominable\n|-unboost|p1b: Crabominable|atk|1\n|-unboost|p1b: Crabominable|spa|1\n|\n|t:|1776459590\n|switch|p2a: Sinistcha|Sinistcha-Masterpiece, L50|100/100|[from] Parting Shot\n|-heal|p2b: Drampa|98/100|[from] ability: Hospitality|[of] p2a: Sinistcha\n|move|p1b: Crabominable|Close Combat|p2a: Sinistcha\n|-immune|p2a: Sinistcha\n|move|p1a: Hatterene|Trick Room|p1a: Hatterene\n|-fieldstart|move: Trick Room|[of] p1a: Hatterene\n|\n|-end|p2b: Drampa|Throat Chop|[silent]\n|upkeep\n|turn|8\n|\n|t:|1776459600\n|move|p2a: Sinistcha|Rage Powder|p2a: Sinistcha\n|-singleturn|p2a: Sinistcha|move: Rage Powder\n|move|p1a: Hatterene|Dazzling Gleam|p2a: Sinistcha|[spread] p2a,p2b\n|-supereffective|p2b: Drampa|1\n|-damage|p2a: Sinistcha|53/100\n|-damage|p2b: Drampa|51/100\n|move|p1b: Crabominable|Ice Hammer|p2a: Sinistcha\n|-supereffective|p2a: Sinistcha|1\n|-damage|p2a: Sinistcha|0 fnt\n|-unboost|p1b: Crabominable|spe|1\n|faint|p2a: Sinistcha\n|move|p2b: Drampa|Hyper Voice|p1b: Crabominable|[spread] p1a,p1b\n|-damage|p1a: Hatterene|23/100\n|-damage|p1b: Crabominable|40/100\n|\n|upkeep\n|\n|t:|1776459606\n|switch|p2a: Incineroar|Incineroar, L50, F|70/100\n|-ability|p2a: Incineroar|Intimidate|boost\n|-unboost|p1a: Hatterene|atk|1\n|-unboost|p1b: Crabominable|atk|1\n|turn|9\n|\n|t:|1776459614\n|move|p2a: Incineroar|Fake Out|p1b: Crabominable\n|-damage|p1b: Crabominable|31/100\n|cant|p1b: Crabominable|flinch\n|move|p1a: Hatterene|Dazzling Gleam|p2a: Incineroar|[spread] p2a,p2b\n|-supereffective|p2b: Drampa|1\n|-damage|p2a: Incineroar|28/100\n|-damage|p2b: Drampa|4/100\n|-ability|p2b: Drampa|Berserk|boost\n|-boost|p2b: Drampa|spa|1\n|move|p2b: Drampa|Hyper Voice|p1a: Hatterene|[spread] p1a,p1b\n|-crit|p1b: Crabominable\n|-damage|p1a: Hatterene|0 fnt\n|-damage|p1b: Crabominable|0 fnt\n|faint|p1a: Hatterene\n|faint|p1b: Crabominable\n|\n|win|TheCrazedMimikyu\n|raw|areestoo's rating: 1303 &rarr; <strong>1285</strong><br />(-18 for losing)\n|raw|TheCrazedMimikyu's rating: 1341 &rarr; <strong>1359</strong><br />(+18 for winning)\n",
  "uploadtime": 1776459615,
  "views": 36,
  "formatid": "gen9championsvgc2026regma",
  "rating": 1285,
  "private": 0,
  "password": null
}