{
  "id": "gen9championsvgc2026regma-2586008645",
  "format": "[Gen 9 Champions] VGC 2026 Reg M-A",
  "players": [
    "Istinkatpolemon",
    "itsjustsomni"
  ],
  "log": "|j|\u2606Istinkatpolemon\n|j|\u2606itsjustsomni\n|t:|1776389820\n|gametype|doubles\n|player|p1|Istinkatpolemon|hiker-gen4|1156\n|player|p2|itsjustsomni|cyrus|1178\n|gen|9\n|tier|[Gen 9 Champions] VGC 2026 Reg M-A\n|rated|\n|rule|Species Clause: Limit one of each Pok\u00e9mon\n|rule|Item Clause: Limit 1 of each item\n|clearpoke\n|poke|p1|Floette-Eternal, L50, F|\n|poke|p1|Whimsicott, L50, M|\n|poke|p1|Incineroar, L50, M|\n|poke|p1|Basculegion, L50, M|\n|poke|p1|Excadrill, L50, M|\n|poke|p1|Kingambit, L50, M|\n|poke|p2|Aggron, L50, F|\n|poke|p2|Sinistcha, L50|\n|poke|p2|Hydreigon, L50, M|\n|poke|p2|Rotom-Wash, L50|\n|poke|p2|Incineroar, L50, F|\n|poke|p2|Aerodactyl, L50, F|\n|teampreview|4\n|inactive|Battle timer is ON: inactive players will automatically lose when time's up. (requested by itsjustsomni)\n|inactive|itsjustsomni has 60 seconds left.\n|\n|t:|1776389873\n|teamsize|p1|4\n|teamsize|p2|4\n|start\n|switch|p1a: Flower girl|Floette-Eternal, L50, F|100/100\n|switch|p1b: The honored fih|Basculegion, L50, M|100/100\n|switch|p2a: Aggron|Aggron, L50, F|100/100\n|switch|p2b: Incineroar|Incineroar, L50, F|100/100\n|-ability|p2b: Incineroar|Intimidate|boost\n|-unboost|p1a: Flower girl|atk|1\n|-unboost|p1b: The honored fih|atk|1\n|turn|1\n|\n|t:|1776389898\n|switch|p2b: Sinistcha|Sinistcha, L50|100/100\n|detailschange|p1a: Flower girl|Floette-Mega, L50, F\n|-mega|p1a: Flower girl|Floette|Floettite\n|-ability|p1a: Flower girl|Fairy Aura\n|detailschange|p2a: Aggron|Aggron-Mega, L50, F\n|-mega|p2a: Aggron|Aggron|Aggronite\n|move|p1a: Flower girl|Protect|p1a: Flower girl\n|-singleturn|p1a: Flower girl|Protect\n|move|p1b: The honored fih|Flip Turn|p2b: Sinistcha\n|-resisted|p2b: Sinistcha|1\n|-damage|p2b: Sinistcha|87/100\n|\n|t:|1776389911\n|switch|p1b: Lil cotton|Whimsicott, L50, M|100/100|[from] Flip Turn\n|move|p2a: Aggron|Heavy Slam|p1a: Flower girl\n|-activate|p1a: Flower girl|move: Protect\n|\n|-heal|p2b: Sinistcha|93/100|[from] item: Leftovers\n|upkeep\n|turn|2\n|\n|t:|1776389932\n|move|p2b: Sinistcha|Rage Powder|p2b: Sinistcha\n|-singleturn|p2b: Sinistcha|move: Rage Powder\n|move|p1b: Lil cotton|Tailwind|p1b: Lil cotton\n|-sidestart|p1: Istinkatpolemon|move: Tailwind\n|move|p1a: Flower girl|Dazzling Gleam|p2a: Aggron|[spread] p2a,p2b\n|-resisted|p2a: Aggron|1\n|-damage|p2a: Aggron|80/100\n|-damage|p2b: Sinistcha|47/100\n|move|p2a: Aggron|Heavy Slam|p1a: Flower girl\n|-supereffective|p1a: Flower girl|1\n|-damage|p1a: Flower girl|0 fnt\n|faint|p1a: Flower girl\n|\n|-heal|p2b: Sinistcha|53/100|[from] item: Leftovers\n|upkeep\n|\n|t:|1776389943\n|switch|p1a: Circus cat|Incineroar, L50, M, shiny|100/100\n|-ability|p1a: Circus cat|Intimidate|boost\n|-unboost|p2a: Aggron|atk|1\n|-unboost|p2b: Sinistcha|atk|1\n|turn|3\n|\n|t:|1776389956\n|switch|p2b: Incineroar|Incineroar, L50, F|100/100\n|-ability|p2b: Incineroar|Intimidate|boost\n|-unboost|p1a: Circus cat|atk|1\n|-unboost|p1b: Lil cotton|atk|1\n|move|p1b: Lil cotton|Helping Hand|p1a: Circus cat\n|-singleturn|p1a: Circus cat|Helping Hand|[of] p1b: Lil cotton\n|move|p2a: Aggron|Protect|p2a: Aggron\n|-singleturn|p2a: Aggron|Protect\n|move|p1a: Circus cat|Flare Blitz|p2a: Aggron\n|-activate|p2a: Aggron|move: Protect\n|\n|upkeep\n|turn|4\n|\n|t:|1776389976\n|move|p2b: Incineroar|Fake Out|p1a: Circus cat\n|-damage|p1a: Circus cat|90/100\n|move|p1b: Lil cotton|Encore|p2a: Aggron\n|-start|p2a: Aggron|Encore\n|move|p2a: Aggron|Protect|p2a: Aggron\n|-singleturn|p2a: Aggron|Protect\n|cant|p1a: Circus cat|flinch\n|\n|-heal|p1a: Circus cat|96/100|[from] item: Leftovers\n|upkeep\n|turn|5\n|\n|t:|1776389995\n|switch|p2a: Rotom|Rotom-Wash, L50|100/100\n|move|p1b: Lil cotton|Helping Hand|p1a: Circus cat\n|-singleturn|p1a: Circus cat|Helping Hand|[of] p1b: Lil cotton\n|move|p1a: Circus cat|Flare Blitz|p2a: Rotom\n|-resisted|p2a: Rotom|1\n|-damage|p2a: Rotom|56/100\n|-damage|p1a: Circus cat|87/100|[from] Recoil\n|move|p2b: Incineroar|Flare Blitz|p1b: Lil cotton\n|-supereffective|p1b: Lil cotton|1\n|-damage|p1b: Lil cotton|11/100\n|-damage|p2b: Incineroar|76/100|[from] Recoil\n|\n|-heal|p1a: Circus cat|93/100|[from] item: Leftovers\n|-sideend|p1: Istinkatpolemon|move: Tailwind\n|upkeep\n|turn|6\n|\n|t:|1776390015\n|move|p1b: Lil cotton|Helping Hand|p1a: Circus cat\n|-singleturn|p1a: Circus cat|Helping Hand|[of] p1b: Lil cotton\n|move|p2a: Rotom|Hydro Pump|p1a: Circus cat\n|-supereffective|p1a: Circus cat|1\n|-damage|p1a: Circus cat|0 fnt\n|faint|p1a: Circus cat\n|move|p2b: Incineroar|Flare Blitz|p1b: Lil cotton\n|-supereffective|p1b: Lil cotton|1\n|-damage|p1b: Lil cotton|0 fnt\n|faint|p1b: Lil cotton\n|-damage|p2b: Incineroar|73/100|[from] Recoil\n|\n|upkeep\n|\n|t:|1776390022\n|switch|p1a: The honored fih|Basculegion, L50, M|100/100\n|turn|7\n|\n|t:|1776390045\n|switch|p2a: Aggron|Aggron-Mega, L50, F|80/100\n|switch|p2b: Sinistcha|Sinistcha, L50|53/100\n|-heal|p2a: Aggron|100/100|[from] ability: Hospitality|[of] p2b: Sinistcha\n|move|p1a: The honored fih|Wave Crash|p2b: Sinistcha\n|-resisted|p2b: Sinistcha|1\n|-damage|p2b: Sinistcha|11/100\n|-damage|p1a: The honored fih|88/100|[from] Recoil\n|\n|-heal|p2b: Sinistcha|17/100|[from] item: Leftovers\n|upkeep\n|turn|8\n|\n|t:|1776390061\n|switch|p2b: Incineroar|Incineroar, L50, F|73/100\n|-ability|p2b: Incineroar|Intimidate|boost\n|-unboost|p1a: The honored fih|atk|1\n|move|p1a: The honored fih|Phantom Force||[still]\n|-prepare|p1a: The honored fih|Phantom Force\n|move|p2a: Aggron|Iron Defense|p2a: Aggron\n|-boost|p2a: Aggron|def|2\n|\n|upkeep\n|turn|9\n|\n|t:|1776390078\n|switch|p2b: Rotom|Rotom-Wash, L50|56/100\n|move|p1a: The honored fih|Phantom Force|p2b: Rotom|[from] lockedmove\n|-damage|p2b: Rotom|0 fnt\n|faint|p2b: Rotom\n|move|p2a: Aggron|Iron Defense|p2a: Aggron\n|-boost|p2a: Aggron|def|2\n|\n|upkeep\n|\n|t:|1776390089\n|switch|p2b: Incineroar|Incineroar, L50, F|73/100\n|-ability|p2b: Incineroar|Intimidate|boost\n|-unboost|p1a: The honored fih|atk|1\n|turn|10\n|\n|t:|1776390107\n|move|p1a: The honored fih|Wave Crash|p2b: Incineroar\n|-supereffective|p2b: Incineroar|1\n|-damage|p2b: Incineroar|0 fnt\n|faint|p2b: Incineroar\n|-damage|p1a: The honored fih|63/100|[from] Recoil\n|move|p2a: Aggron|Heavy Slam|p1a: The honored fih\n|-resisted|p1a: The honored fih|1\n|-damage|p1a: The honored fih|38/100\n|\n|upkeep\n|\n|t:|1776390117\n|switch|p2b: Sinistcha|Sinistcha, L50|17/100\n|turn|11\n|\n|t:|1776390125\n|move|p1a: The honored fih|Phantom Force||[still]\n|-prepare|p1a: The honored fih|Phantom Force\n|move|p2b: Sinistcha|Matcha Gotcha|p1a: The honored fih|[miss]\n|-miss|p2b: Sinistcha|p1a: The honored fih\n|move|p2a: Aggron|Heavy Slam|p1a: The honored fih|[miss]\n|-miss|p2a: Aggron|p1a: The honored fih\n|\n|-heal|p2b: Sinistcha|23/100|[from] item: Leftovers\n|upkeep\n|turn|12\n|\n|t:|1776390137\n|move|p1a: The honored fih|Phantom Force|p2b: Sinistcha|[from] lockedmove\n|-supereffective|p2b: Sinistcha|1\n|-damage|p2b: Sinistcha|0 fnt\n|faint|p2b: Sinistcha\n|move|p2a: Aggron|Heavy Slam|p1a: The honored fih\n|-resisted|p1a: The honored fih|1\n|-damage|p1a: The honored fih|11/100\n|\n|upkeep\n|turn|13\n|inactive|Istinkatpolemon has 30 seconds left.\n|inactive|Istinkatpolemon has 20 seconds left.\n|\n|t:|1776390176\n|move|p1a: The honored fih|Waterfall|p2a: Aggron\n|-damage|p2a: Aggron|93/100\n|move|p2a: Aggron|Heavy Slam|p1a: The honored fih\n|-resisted|p1a: The honored fih|1\n|-damage|p1a: The honored fih|0 fnt\n|faint|p1a: The honored fih\n|\n|win|itsjustsomni\n|raw|Istinkatpolemon's rating: 1156 &rarr; <strong>1133</strong><br />(-23 for losing)\n|raw|itsjustsomni's rating: 1178 &rarr; <strong>1201</strong><br />(+23 for winning)\n",
  "uploadtime": 1776390182,
  "views": 16,
  "formatid": "gen9championsvgc2026regma",
  "rating": 1133,
  "private": 0,
  "password": null
}