{
  "id": "gen9championsvgc2026regma-2584014189",
  "format": "[Gen 9 Champions] VGC 2026 Reg M-A",
  "players": [
    "AkujiAzure",
    "Carrotthecan"
  ],
  "log": "|j|\u2606AkujiAzure\n|j|\u2606Carrotthecan\n|t:|1776216854\n|gametype|doubles\n|player|p1|AkujiAzure|burglar|1040\n|player|p2|Carrotthecan|veteranf|1040\n|gen|9\n|tier|[Gen 9 Champions] VGC 2026 Reg M-A\n|rated|\n|rule|Species Clause: Limit one of each Pok\u00e9mon\n|rule|Item Clause: Limit 1 of each item\n|clearpoke\n|poke|p1|Alakazam, L50, M|\n|poke|p1|Drampa, L50, F|\n|poke|p1|Crabominable, L50, F|\n|poke|p1|Sinistcha, L50|\n|poke|p1|Basculegion, L50, M|\n|poke|p1|Slowking, L50, M|\n|poke|p2|Incineroar, L50, F|\n|poke|p2|Sinistcha, L50|\n|poke|p2|Glimmora, L50, M|\n|poke|p2|Meowscarada, L50, M|\n|poke|p2|Aegislash, L50, F|\n|poke|p2|Sneasler, L50, F|\n|teampreview|4\n|inactive|Battle timer is ON: inactive players will automatically lose when time's up. (requested by AkujiAzure)\n|\n|t:|1776216896\n|teamsize|p1|4\n|teamsize|p2|4\n|start\n|switch|p1a: Alakazam|Alakazam, L50, M, shiny|100/100\n|switch|p1b: Drampa|Drampa, L50, F, shiny|100/100\n|switch|p2a: Meowscarada|Meowscarada, L50, M|100/100\n|switch|p2b: Incineroar|Incineroar, L50, F|100/100\n|-ability|p2b: Incineroar|Intimidate|boost\n|-fail|p1a: Alakazam|unboost|Attack|[from] ability: Inner Focus|[of] p1a: Alakazam\n|-unboost|p1b: Drampa|atk|1\n|turn|1\n|c|\u2606AkujiAzure|gl hf\n|\n|t:|1776216919\n|detailschange|p1b: Drampa|Drampa-Mega, L50, F, shiny\n|-mega|p1b: Drampa|Drampa|Drampanite\n|move|p1b: Drampa|Protect|p1b: Drampa\n|-singleturn|p1b: Drampa|Protect\n|move|p2a: Meowscarada|Triple Axel|p1b: Drampa\n|-start|p2a: Meowscarada|typechange|Ice|[from] ability: Protean\n|-activate|p1b: Drampa|move: Protect\n|move|p1a: Alakazam|Reflect|p1a: Alakazam\n|-sidestart|p1: AkujiAzure|Reflect\n|move|p2b: Incineroar|Darkest Lariat|p1a: Alakazam\n|-supereffective|p1a: Alakazam|1\n|-damage|p1a: Alakazam|11/100\n|\n|upkeep\n|turn|2\n|\n|t:|1776216944\n|move|p2a: Meowscarada|Triple Axel|p1b: Drampa\n|-supereffective|p1b: Drampa|1\n|-damage|p1b: Drampa|89/100\n|-hitcount|p1b: Drampa|1\n|move|p1a: Alakazam|Speed Swap|p1b: Drampa\n|-activate|p1a: Alakazam|move: Speed Swap|[of] p1b: Drampa\n|move|p1b: Drampa|Earth Power|p2b: Incineroar\n|-supereffective|p2b: Incineroar|1\n|-damage|p2b: Incineroar|48/100\n|-enditem|p2b: Incineroar|Sitrus Berry|[eat]\n|-heal|p2b: Incineroar|73/100|[from] item: Sitrus Berry\n|move|p2b: Incineroar|Darkest Lariat|p1a: Alakazam\n|-supereffective|p1a: Alakazam|1\n|-damage|p1a: Alakazam|0 fnt\n|faint|p1a: Alakazam\n|\n|upkeep\n|\n|t:|1776216957\n|switch|p1a: Sinistcha|Sinistcha, L50|100/100\n|-heal|p1b: Drampa|100/100|[from] ability: Hospitality|[of] p1a: Sinistcha\n|turn|3\n|\n|t:|1776216982\n|move|p2a: Meowscarada|Triple Axel|p1b: Drampa\n|-supereffective|p1b: Drampa|1\n|-damage|p1b: Drampa|90/100\n|-supereffective|p1b: Drampa|1\n|-damage|p1b: Drampa|68/100\n|-supereffective|p1b: Drampa|1\n|-damage|p1b: Drampa|35/100\n|-hitcount|p1b: Drampa|3\n|-ability|p1b: Drampa|Berserk|boost\n|-boost|p1b: Drampa|spa|1\n|move|p1b: Drampa|Calm Mind|p1b: Drampa\n|-boost|p1b: Drampa|spa|1\n|-boost|p1b: Drampa|spd|1\n|move|p1a: Sinistcha|Life Dew||[still]|[spread] p1a,p1b\n|-fail|p1a: Sinistcha|heal\n|-heal|p1b: Drampa|60/100\n|move|p2b: Incineroar|Parting Shot|p1b: Drampa\n|-unboost|p1b: Drampa|atk|1\n|-unboost|p1b: Drampa|spa|1\n|\n|t:|1776217004\n|switch|p2b: Glimmora|Glimmora, L50, M|100/100|[from] Parting Shot\n|\n|upkeep\n|turn|4\n|\n|t:|1776217016\n|detailschange|p2b: Glimmora|Glimmora-Mega, L50, M\n|-mega|p2b: Glimmora|Glimmora|Glimmoranite\n|move|p1a: Sinistcha|Rage Powder|p1a: Sinistcha\n|-singleturn|p1a: Sinistcha|move: Rage Powder\n|move|p2a: Meowscarada|Triple Axel|p1a: Sinistcha\n|-supereffective|p1a: Sinistcha|1\n|-damage|p1a: Sinistcha|91/100\n|-supereffective|p1a: Sinistcha|1\n|-crit|p1a: Sinistcha\n|-damage|p1a: Sinistcha|47/100\n|-enditem|p1a: Sinistcha|Sitrus Berry|[eat]\n|-heal|p1a: Sinistcha|72/100|[from] item: Sitrus Berry\n|-hitcount|p1a: Sinistcha|2\n|move|p1b: Drampa|Earth Power|p2b: Glimmora\n|-supereffective|p2b: Glimmora|2\n|-damage|p2b: Glimmora|0 fnt\n|faint|p2b: Glimmora\n|\n|upkeep\n|\n|t:|1776217036\n|switch|p2b: Aegislash|Aegislash, L50, F|100/100\n|turn|5\n|\n|t:|1776217058\n|move|p2a: Meowscarada|Triple Axel|p1b: Drampa\n|-supereffective|p1b: Drampa|1\n|-damage|p1b: Drampa|47/100\n|-supereffective|p1b: Drampa|1\n|-damage|p1b: Drampa|25/100\n|-hitcount|p1b: Drampa|2\n|-ability|p1b: Drampa|Berserk|boost\n|-boost|p1b: Drampa|spa|1\n|move|p1b: Drampa|Earth Power|p2b: Aegislash\n|-supereffective|p2b: Aegislash|1\n|-damage|p2b: Aegislash|0 fnt\n|faint|p2b: Aegislash\n|move|p1a: Sinistcha|Life Dew|p1a: Sinistcha|[spread] p1a,p1b\n|-heal|p1a: Sinistcha|97/100\n|-heal|p1b: Drampa|50/100\n|\n|-sideend|p1: AkujiAzure|Reflect\n|upkeep\n|\n|t:|1776217072\n|switch|p2b: Incineroar|Incineroar, L50, F|73/100\n|-ability|p2b: Incineroar|Intimidate|boost\n|-unboost|p1a: Sinistcha|atk|1\n|-unboost|p1b: Drampa|atk|1\n|turn|6\n|\n|t:|1776217084\n|move|p1a: Sinistcha|Rage Powder|p1a: Sinistcha\n|-singleturn|p1a: Sinistcha|move: Rage Powder\n|move|p2a: Meowscarada|Triple Axel|p1a: Sinistcha\n|-supereffective|p1a: Sinistcha|1\n|-damage|p1a: Sinistcha|83/100\n|-supereffective|p1a: Sinistcha|1\n|-damage|p1a: Sinistcha|58/100\n|-supereffective|p1a: Sinistcha|1\n|-damage|p1a: Sinistcha|17/100\n|-hitcount|p1a: Sinistcha|3\n|move|p1b: Drampa|Hyper Voice|p2b: Incineroar|[spread] p2a,p2b\n|-crit|p2a: Meowscarada\n|-crit|p2b: Incineroar\n|-damage|p2a: Meowscarada|0 fnt\n|-damage|p2b: Incineroar|0 fnt\n|faint|p2a: Meowscarada\n|faint|p2b: Incineroar\n|\n|win|AkujiAzure\n|raw|AkujiAzure's rating: 1040 &rarr; <strong>1074</strong><br />(+34 for winning)\n|raw|Carrotthecan's rating: 1040 &rarr; <strong>1024</strong><br />(-16 for losing)\n|l|\u2606Carrotthecan\n|player|p2|\n|c|\u2606AkujiAzure|gg\n",
  "uploadtime": 1776217101,
  "views": 22,
  "formatid": "gen9championsvgc2026regma",
  "rating": 1024,
  "private": 0,
  "password": null
}