{
  "id": "gen9championsvgc2026regma-2586980970",
  "format": "[Gen 9 Champions] VGC 2026 Reg M-A",
  "players": [
    "Sr Corbetta",
    "z3r0cool"
  ],
  "log": "|j|\u2606Sr Corbetta\n|j|\u2606z3r0cool\n|t:|1776477922\n|gametype|doubles\n|player|p1|Sr Corbetta|veteran|1000\n|player|p2|z3r0cool|lorelei-gen1|1023\n|gen|9\n|tier|[Gen 9 Champions] VGC 2026 Reg M-A\n|rated|\n|rule|Species Clause: Limit one of each Pok\u00e9mon\n|rule|Item Clause: Limit 1 of each item\n|clearpoke\n|poke|p1|Delphox, L50, F|\n|poke|p1|Ninetales-Alola, L50, F|\n|poke|p1|Milotic, L50, F|\n|poke|p1|Sneasler, L50, M|\n|poke|p1|Sinistcha, L50|\n|poke|p1|Corviknight, L50, M|\n|poke|p2|Incineroar, L50, M|\n|poke|p2|Torkoal, L50, F|\n|poke|p2|Venusaur, L50, F|\n|poke|p2|Golurk, L50|\n|poke|p2|Sneasler, L50, M|\n|poke|p2|Farigiraf, L50, F|\n|teampreview|4\n|inactive|Battle timer is ON: inactive players will automatically lose when time's up. (requested by z3r0cool)\n|\n|t:|1776477945\n|teamsize|p1|4\n|teamsize|p2|4\n|start\n|switch|p1a: Sneasler|Sneasler, L50, M|100/100\n|switch|p1b: Sinistcha|Sinistcha, L50|100/100\n|switch|p2a: Sneasler|Sneasler, L50, M, shiny|100/100\n|switch|p2b: Farigiraf|Farigiraf, L50, F|100/100\n|turn|1\n|inactive|z3r0cool has 30 seconds left.\n|\n|t:|1776477975\n|switch|p2a: Golurk|Golurk, L50, shiny|100/100\n|move|p1a: Sneasler|Close Combat|p2a: Golurk\n|-immune|p2a: Golurk\n|move|p1b: Sinistcha|Reflect|p1b: Sinistcha\n|-sidestart|p1: Sr Corbetta|Reflect\n|move|p2b: Farigiraf|Trick Room|p2b: Farigiraf\n|-fieldstart|move: Trick Room|[of] p2b: Farigiraf\n|\n|upkeep\n|turn|2\n|inactive|z3r0cool has 30 seconds left.\n|inactive|z3r0cool has 20 seconds left.\n|inactive|z3r0cool has 15 seconds left.\n|\n|t:|1776478015\n|detailschange|p2a: Golurk|Golurk-Mega, L50, shiny\n|-mega|p2a: Golurk|Golurk|Golurkite\n|move|p1b: Sinistcha|Rage Powder|p1b: Sinistcha\n|-singleturn|p1b: Sinistcha|move: Rage Powder\n|move|p2b: Farigiraf|Twin Beam|p1b: Sinistcha\n|-crit|p1b: Sinistcha\n|-damage|p1b: Sinistcha|71/100\n|-damage|p1b: Sinistcha|50/100\n|-hitcount|p1b: Sinistcha|2\n|move|p2a: Golurk|Poltergeist|p1b: Sinistcha\n|-activate|p1b: Sinistcha|move: Poltergeist|Lum Berry\n|-supereffective|p1b: Sinistcha|1\n|-damage|p1b: Sinistcha|0 fnt\n|faint|p1b: Sinistcha\n|move|p1a: Sneasler|Close Combat|p2b: Farigiraf\n|-damage|p2b: Farigiraf|38/100\n|-unboost|p1a: Sneasler|def|1\n|-unboost|p1a: Sneasler|spd|1\n|-enditem|p2b: Farigiraf|Sitrus Berry|[eat]\n|-heal|p2b: Farigiraf|63/100|[from] item: Sitrus Berry\n|-enditem|p1a: Sneasler|White Herb\n|-clearnegativeboost|p1a: Sneasler|[silent]\n|\n|upkeep\n|\n|t:|1776478034\n|switch|p1b: Ninetales|Ninetales-Alola, L50, F|100/100\n|-weather|Snowscape|[from] ability: Snow Warning|[of] p1b: Ninetales\n|turn|3\n|inactive|z3r0cool has 30 seconds left.\n|\n|t:|1776478061\n|switch|p2b: Torkoal|Torkoal, L50, F|100/100\n|-weather|SunnyDay|[from] ability: Drought|[of] p2b: Torkoal\n|move|p2a: Golurk|Headlong Rush|p1a: Sneasler\n|-supereffective|p1a: Sneasler|1\n|-damage|p1a: Sneasler|0 fnt\n|-unboost|p2a: Golurk|def|1\n|-unboost|p2a: Golurk|spd|1\n|faint|p1a: Sneasler\n|move|p1b: Ninetales|Moonblast|p2a: Golurk\n|-damage|p2a: Golurk|58/100\n|\n|-weather|SunnyDay|[upkeep]\n|upkeep\n|\n|t:|1776478072\n|switch|p1a: Delphox|Delphox, L50, F|100/100\n|turn|4\n|\n|t:|1776478094\n|detailschange|p1a: Delphox|Delphox-Mega, L50, F\n|-mega|p1a: Delphox|Delphox|Delphoxite\n|move|p1b: Ninetales|Protect|p1b: Ninetales\n|-singleturn|p1b: Ninetales|Protect\n|move|p2b: Torkoal|Eruption|p1a: Delphox|[spread] p1a\n|-activate|p1b: Ninetales|move: Protect\n|-resisted|p1a: Delphox|1\n|-damage|p1a: Delphox|58/100\n|move|p2a: Golurk|Poltergeist|p1a: Delphox\n|-activate|p1a: Delphox|move: Poltergeist|Delphoxite\n|-supereffective|p1a: Delphox|1\n|-damage|p1a: Delphox|0 fnt\n|faint|p1a: Delphox\n|\n|-weather|SunnyDay|[upkeep]\n|upkeep\n|turn|5\n|-message|Sr Corbetta forfeited.\n|\n|win|z3r0cool\n|raw|Sr Corbetta's rating: 1000 &rarr; <strong>1000</strong><br />(+0 for losing)\n|raw|z3r0cool's rating: 1023 &rarr; <strong>1057</strong><br />(+34 for winning)\n|l|\u2606Sr Corbetta\n|player|p1|\n",
  "uploadtime": 1776478110,
  "views": 14,
  "formatid": "gen9championsvgc2026regma",
  "rating": 1000,
  "private": 0,
  "password": null
}