{
  "id": "gen9championsvgc2026regma-2588239029",
  "format": "[Gen 9 Champions] VGC 2026 Reg M-A",
  "players": [
    "ppyyy-inertia",
    "The_PaleoNerd7"
  ],
  "log": "|j|\u2606ppyyy-inertia\n|j|\u2606The_PaleoNerd7\n|t:|1776617126\n|gametype|doubles\n|player|p1|ppyyy-inertia|elesa-gen5bw2|1316\n|player|p2|The_PaleoNerd7|lance|1317\n|gen|9\n|tier|[Gen 9 Champions] VGC 2026 Reg M-A\n|rated|\n|rule|Species Clause: Limit one of each Pok\u00e9mon\n|rule|Item Clause: Limit 1 of each item\n|clearpoke\n|poke|p1|Incineroar, L50, F|\n|poke|p1|Floette-Eternal, L50, F, shiny|\n|poke|p1|Zoroark-Hisui, L50, F, shiny|\n|poke|p1|Tinkaton, L50, F, shiny|\n|poke|p1|Dragonite, L50, M, shiny|\n|poke|p1|Garchomp, L50, M|\n|poke|p2|Charizard, L50, F, shiny|\n|poke|p2|Venusaur, L50, M|\n|poke|p2|Castform, L50, F|\n|poke|p2|Pelipper, L50, F|\n|poke|p2|Basculegion, L50, M|\n|poke|p2|Manectric, L50, M|\n|teampreview|4\n|inactive|Battle timer is ON: inactive players will automatically lose when time's up. (requested by The_PaleoNerd7)\n|inactive|ppyyy-inertia has 60 seconds left.\n|inactive|The_PaleoNerd7 has 60 seconds left.\n|\n|t:|1776617159\n|teamsize|p1|4\n|teamsize|p2|4\n|start\n|switch|p1a: Floette|Floette-Eternal, L50, F, shiny|100/100\n|switch|p1b: Incineroar|Incineroar, L50, F|100/100\n|switch|p2a: Castform|Castform, L50, F|100/100\n|switch|p2b: Charizard|Charizard, L50, F, shiny|100/100\n|-ability|p1b: Incineroar|Intimidate|boost\n|-unboost|p2a: Castform|atk|1\n|-unboost|p2b: Charizard|atk|1\n|turn|1\n|\n|t:|1776617167\n|move|p2b: Charizard|Protect|p2b: Charizard\n|-singleturn|p2b: Charizard|Protect\n|move|p1b: Incineroar|Fake Out|p2b: Charizard\n|-activate|p2b: Charizard|move: Protect\n|move|p1a: Floette|Icy Wind|p2b: Charizard|[spread] p2a\n|-activate|p2b: Charizard|move: Protect\n|-damage|p2a: Castform|75/100\n|-unboost|p2a: Castform|spe|1\n|move|p2a: Castform|Thunder Wave|p1a: Floette\n|-status|p1a: Floette|par\n|\n|-heal|p2a: Castform|81/100|[from] item: Leftovers\n|upkeep\n|turn|2\n|inactive|The_PaleoNerd7 has 30 seconds left.\n|\n|t:|1776617196\n|switch|p2a: Venusaur|Venusaur, L50, M|100/100\n|detailschange|p2b: Charizard|Charizard-Mega-Y, L50, F, shiny\n|-mega|p2b: Charizard|Charizard|Charizardite Y\n|-weather|SunnyDay|[from] ability: Drought|[of] p2b: Charizard\n|move|p2b: Charizard|Heat Wave|p1b: Incineroar|[spread] p1a,p1b\n|-resisted|p1b: Incineroar|1\n|-enditem|p1a: Floette|Focus Sash\n|-damage|p1a: Floette|1/100 par\n|-damage|p1b: Incineroar|69/100\n|replace|p1a: Zoroark|Zoroark-Hisui, L50, F, shiny\n|-end|p1a: Zoroark|Illusion\n|cant|p1a: Zoroark|par\n|move|p1b: Incineroar|Parting Shot|p2b: Charizard\n|-unboost|p2b: Charizard|atk|1\n|-unboost|p2b: Charizard|spa|1\n|\n|t:|1776617213\n|switch|p1b: Dragonite|Dragonite, L50, M, shiny|100/100|[from] Parting Shot\n|\n|-weather|SunnyDay|[upkeep]\n|upkeep\n|turn|3\n|\n|t:|1776617221\n|switch|p2b: Castform|Castform, L50, F|81/100\n|-formechange|p2b: Castform|Castform-Sunny|[msg]|[from] ability: Forecast\n|switch|p1a: Incineroar|Incineroar, L50, F|69/100\n|-ability|p1a: Incineroar|Intimidate|boost\n|-unboost|p2a: Venusaur|atk|1\n|-unboost|p2b: Castform|atk|1\n|move|p1b: Dragonite|Protect|p1b: Dragonite\n|-singleturn|p1b: Dragonite|Protect\n|move|p2a: Venusaur|Sleep Powder|p1b: Dragonite\n|-activate|p1b: Dragonite|move: Protect\n|\n|-weather|SunnyDay|[upkeep]\n|-heal|p2b: Castform|88/100|[from] item: Leftovers\n|upkeep\n|turn|4\n|\n|t:|1776617245\n|move|p1a: Incineroar|Fake Out|p2a: Venusaur\n|-damage|p2a: Venusaur|87/100\n|cant|p2a: Venusaur|flinch\n|move|p2b: Castform|Icy Wind|p1a: Incineroar|[spread] p1a,p1b\n|-resisted|p1a: Incineroar|1\n|-supereffective|p1b: Dragonite|2\n|-damage|p1a: Incineroar|64/100\n|-damage|p1b: Dragonite|81/100\n|-unboost|p1a: Incineroar|spe|1\n|-unboost|p1b: Dragonite|spe|1\n|move|p1b: Dragonite|Scale Shot|p2b: Castform\n|-damage|p2b: Castform|59/100\n|-damage|p2b: Castform|28/100\n|-hitcount|p2b: Castform|2\n|-unboost|p1b: Dragonite|def|1\n|-boost|p1b: Dragonite|spe|1\n|\n|-weather|SunnyDay|[upkeep]\n|-heal|p2b: Castform|34/100|[from] item: Leftovers\n|upkeep\n|turn|5\n|\n|t:|1776617263\n|move|p2a: Venusaur|Earth Power|p1a: Incineroar\n|-supereffective|p1a: Incineroar|1\n|-damage|p1a: Incineroar|14/100\n|-enditem|p1a: Incineroar|Sitrus Berry|[eat]\n|-heal|p1a: Incineroar|39/100|[from] item: Sitrus Berry\n|move|p2b: Castform|Icy Wind|p1a: Incineroar|[spread] p1a,p1b\n|-resisted|p1a: Incineroar|1\n|-supereffective|p1b: Dragonite|2\n|-damage|p1a: Incineroar|34/100\n|-damage|p1b: Dragonite|43/100\n|-unboost|p1a: Incineroar|spe|1\n|-unboost|p1b: Dragonite|spe|1\n|move|p1b: Dragonite|Tailwind|p1b: Dragonite\n|-sidestart|p1: ppyyy-inertia|move: Tailwind\n|move|p1a: Incineroar|Flare Blitz|p2a: Venusaur\n|-supereffective|p2a: Venusaur|1\n|-damage|p2a: Venusaur|0 fnt\n|faint|p2a: Venusaur\n|-damage|p1a: Incineroar|12/100|[from] Recoil\n|\n|-weather|SunnyDay|[upkeep]\n|-heal|p2b: Castform|40/100|[from] item: Leftovers\n|upkeep\n|\n|t:|1776617285\n|switch|p2a: Basculegion|Basculegion, L50, M|100/100\n|turn|6\n|\n|t:|1776617295\n|move|p2a: Basculegion|Icy Wind|p1a: Incineroar|[spread] p1a,p1b\n|-resisted|p1a: Incineroar|1\n|-supereffective|p1b: Dragonite|2\n|-damage|p1a: Incineroar|9/100\n|-damage|p1b: Dragonite|9/100\n|-unboost|p1a: Incineroar|spe|1\n|-unboost|p1b: Dragonite|spe|1\n|move|p2b: Castform|Icy Wind|p1b: Dragonite|[spread] p1a,p1b\n|-resisted|p1a: Incineroar|1\n|-supereffective|p1b: Dragonite|2\n|-damage|p1a: Incineroar|4/100\n|-damage|p1b: Dragonite|0 fnt\n|-unboost|p1a: Incineroar|spe|1\n|faint|p1b: Dragonite\n|move|p1a: Incineroar|Throat Chop|p2a: Basculegion\n|-supereffective|p2a: Basculegion|1\n|-damage|p2a: Basculegion|24/100\n|-start|p2a: Basculegion|Throat Chop|[silent]\n|\n|-weather|none\n|-formechange|p2b: Castform|Castform|[msg]|[from] ability: Forecast\n|-heal|p2b: Castform|46/100|[from] item: Leftovers\n|upkeep\n|\n|t:|1776617310\n|switch|p1b: Floette|Floette-Eternal, L50, F, shiny|100/100\n|turn|7\n|\n|t:|1776617317\n|switch|p2a: Charizard|Charizard-Mega-Y, L50, F, shiny|100/100\n|-weather|SunnyDay|[from] ability: Drought|[of] p2a: Charizard\n|-formechange|p2b: Castform|Castform-Sunny|[msg]|[from] ability: Forecast\n|switch|p1a: Incineroar|Incineroar, L50, F|1/100 par\n|detailschange|p1b: Floette|Floette-Mega, L50, F, shiny\n|-mega|p1b: Floette|Floette|Floettite\n|-ability|p1b: Floette|Fairy Aura\n|move|p1b: Floette|Moonblast|p2b: Castform\n|-resisted|p2b: Castform|1\n|-damage|p2b: Castform|0 fnt\n|faint|p2b: Castform\n|\n|-weather|SunnyDay|[upkeep]\n|upkeep\n|\n|t:|1776617335\n|switch|p2b: Basculegion|Basculegion, L50, M|24/100\n|turn|8\n|\n|t:|1776617344\n|move|p1b: Floette|Moonblast|p2b: Basculegion\n|-damage|p2b: Basculegion|0 fnt\n|faint|p2b: Basculegion\n|move|p1a: Incineroar|Icy Wind|p2a: Charizard\n|-damage|p2a: Charizard|81/100\n|-unboost|p2a: Charizard|spe|1\n|move|p2a: Charizard|Heat Wave|p1b: Floette|[spread] p1b\n|-miss|p2a: Charizard|p1a: Incineroar\n|-crit|p1b: Floette\n|-damage|p1b: Floette|33/100\n|\n|-weather|SunnyDay|[upkeep]\n|-sideend|p1: ppyyy-inertia|move: Tailwind\n|upkeep\n|turn|9\n|\n|t:|1776617354\n|move|p1b: Floette|Protect|p1b: Floette\n|-singleturn|p1b: Floette|Protect\n|move|p2a: Charizard|Heat Wave|p1a: Incineroar|[spread] p1a\n|-activate|p1b: Floette|move: Protect\n|-damage|p1a: Incineroar|0 fnt\n|replace|p1a: Zoroark|Zoroark-Hisui, L50, F, shiny\n|-end|p1a: Zoroark|Illusion\n|faint|p1a: Zoroark\n|\n|-weather|SunnyDay|[upkeep]\n|upkeep\n|\n|t:|1776617358\n|switch|p1a: Incineroar|Incineroar, L50, F|4/100\n|-ability|p1a: Incineroar|Intimidate|boost\n|-unboost|p2a: Charizard|atk|1\n|turn|10\n|\n|t:|1776617361\n|move|p2a: Charizard|Protect|p2a: Charizard\n|-singleturn|p2a: Charizard|Protect\n|move|p1a: Incineroar|Fake Out|p2a: Charizard\n|-activate|p2a: Charizard|move: Protect\n|move|p1b: Floette|Calm Mind|p1b: Floette\n|-boost|p1b: Floette|spa|1\n|-boost|p1b: Floette|spd|1\n|\n|-weather|SunnyDay|[upkeep]\n|upkeep\n|turn|11\n|\n|t:|1776617368\n|move|p1b: Floette|Protect|p1b: Floette\n|-singleturn|p1b: Floette|Protect\n|move|p2a: Charizard|Heat Wave|p1a: Incineroar|[spread] p1a\n|-activate|p1b: Floette|move: Protect\n|-resisted|p1a: Incineroar|1\n|-damage|p1a: Incineroar|0 fnt\n|faint|p1a: Incineroar\n|\n|-weather|none\n|upkeep\n|turn|12\n|\n|t:|1776617371\n|move|p1b: Floette|Moonblast|p2a: Charizard\n|-resisted|p2a: Charizard|1\n|-damage|p2a: Charizard|32/100\n|move|p2a: Charizard|Heat Wave|p1b: Floette\n|-damage|p1b: Floette|4/100\n|\n|upkeep\n|turn|13\n|\n|t:|1776617376\n|move|p1b: Floette|Moonblast|p2a: Charizard\n|-resisted|p2a: Charizard|1\n|-damage|p2a: Charizard|0 fnt\n|faint|p2a: Charizard\n|\n|win|ppyyy-inertia\n|raw|ppyyy-inertia's rating: 1316 &rarr; <strong>1336</strong><br />(+20 for winning)\n|raw|The_PaleoNerd7's rating: 1317 &rarr; <strong>1297</strong><br />(-20 for losing)\n",
  "uploadtime": 1776617379,
  "views": 10,
  "formatid": "gen9championsvgc2026regma",
  "rating": 1297,
  "private": 0,
  "password": null
}