{
  "id": "gen9championsvgc2026regma-2585733693",
  "format": "[Gen 9 Champions] VGC 2026 Reg M-A",
  "players": [
    "evilkyatt",
    "seattleseadrasfpl"
  ],
  "log": "|j|\u2606evilkyatt\n|j|\u2606seattleseadrasfpl\n|t:|1776366862\n|gametype|doubles\n|player|p1|evilkyatt|scientist-gen4dp|1499\n|player|p2|seattleseadrasfpl|fisherman-gen4|1447\n|gen|9\n|tier|[Gen 9 Champions] VGC 2026 Reg M-A\n|rated|\n|rule|Species Clause: Limit one of each Pok\u00e9mon\n|rule|Item Clause: Limit 1 of each item\n|clearpoke\n|poke|p1|Aggron, L50, F|\n|poke|p1|Rotom-Wash, L50|\n|poke|p1|Sinistcha-Masterpiece, L50|\n|poke|p1|Incineroar, L50, F|\n|poke|p1|Drampa, L50, M|\n|poke|p1|Pelipper, L50, M|\n|poke|p2|Aerodactyl, L50, M|\n|poke|p2|Kingambit, L50, M|\n|poke|p2|Maushold-Four, L50|\n|poke|p2|Sneasler, L50, M|\n|poke|p2|Floette-Eternal, L50, F|\n|poke|p2|Delphox, L50, M|\n|teampreview|4\n|inactive|Battle timer is ON: inactive players will automatically lose when time's up. (requested by evilkyatt)\n|inactive|seattleseadrasfpl has 60 seconds left.\n|\n|t:|1776366912\n|teamsize|p1|4\n|teamsize|p2|4\n|start\n|switch|p1a: Drampa|Drampa, L50, M|100/100\n|switch|p1b: Rotom|Rotom-Wash, L50|100/100\n|switch|p2a: Maushold|Maushold-Four, L50|100/100\n|switch|p2b: Sneasler|Sneasler, L50, M|100/100\n|-ability|p1a: Drampa|Cloud Nine\n|turn|1\n|\n|t:|1776366936\n|switch|p1a: Sinistcha|Sinistcha-Masterpiece, L50|100/100\n|move|p2a: Maushold|Follow Me|p2a: Maushold\n|-singleturn|p2a: Maushold|move: Follow Me\n|move|p2b: Sneasler|Close Combat|p1a: Sinistcha\n|-immune|p1a: Sinistcha\n|move|p1b: Rotom|Will-O-Wisp|p2a: Maushold\n|-status|p2a: Maushold|brn\n|\n|-damage|p2a: Maushold|94/100 brn|[from] brn\n|upkeep\n|turn|2\n|\n|t:|1776366951\n|move|p2a: Maushold|Follow Me|p2a: Maushold\n|-singleturn|p2a: Maushold|move: Follow Me\n|move|p1a: Sinistcha|Rage Powder|p1a: Sinistcha\n|-singleturn|p1a: Sinistcha|move: Rage Powder\n|move|p2b: Sneasler|Close Combat|p1a: Sinistcha\n|-immune|p1a: Sinistcha\n|move|p1b: Rotom|Hydro Pump|p2a: Maushold\n|-damage|p2a: Maushold|34/100 brn\n|\n|-damage|p2a: Maushold|28/100 brn|[from] brn\n|upkeep\n|turn|3\n|\n|t:|1776366967\n|move|p2a: Maushold|Helping Hand|p2b: Sneasler\n|-singleturn|p2b: Sneasler|Helping Hand|[of] p2a: Maushold\n|move|p2b: Sneasler|Dire Claw|p1a: Sinistcha\n|-damage|p1a: Sinistcha|53/100\n|-status|p1a: Sinistcha|slp\n|move|p1b: Rotom|Thunderbolt|p2a: Maushold\n|-damage|p2a: Maushold|0 fnt\n|faint|p2a: Maushold\n|cant|p1a: Sinistcha|slp\n|\n|upkeep\n|\n|t:|1776366979\n|switch|p2a: Floette|Floette-Eternal, L50, F|100/100\n|turn|4\n|\n|t:|1776366986\n|switch|p1a: Incineroar|Incineroar, L50, F|100/100\n|-ability|p1a: Incineroar|Intimidate|boost\n|-unboost|p2a: Floette|atk|1\n|-unboost|p2b: Sneasler|atk|1\n|-enditem|p2b: Sneasler|White Herb\n|-clearnegativeboost|p2b: Sneasler|[silent]\n|detailschange|p2a: Floette|Floette-Mega, L50, F\n|-mega|p2a: Floette|Floette|Floettite\n|-ability|p2a: Floette|Fairy Aura\n|move|p2b: Sneasler|Close Combat|p1b: Rotom\n|-damage|p1b: Rotom|28/100\n|-unboost|p2b: Sneasler|def|1\n|-unboost|p2b: Sneasler|spd|1\n|move|p1b: Rotom|Eerie Impulse|p2a: Floette\n|-unboost|p2a: Floette|spa|2\n|move|p2a: Floette|Calm Mind|p2a: Floette\n|-boost|p2a: Floette|spa|1\n|-boost|p2a: Floette|spd|1\n|\n|-heal|p1b: Rotom|34/100|[from] item: Leftovers\n|upkeep\n|turn|5\n|\n|t:|1776367006\n|move|p2b: Sneasler|Protect|p2b: Sneasler\n|-singleturn|p2b: Sneasler|Protect\n|move|p2a: Floette|Protect|p2a: Floette\n|-singleturn|p2a: Floette|Protect\n|move|p1a: Incineroar|Fake Out|p2b: Sneasler\n|-activate|p2b: Sneasler|move: Protect\n|move|p1b: Rotom|Will-O-Wisp|p2b: Sneasler\n|-activate|p2b: Sneasler|move: Protect\n|\n|-heal|p1b: Rotom|40/100|[from] item: Leftovers\n|upkeep\n|turn|6\n|inactive|seattleseadrasfpl has 30 seconds left.\n|\n|t:|1776367032\n|switch|p2a: Kingambit|Kingambit, L50, M|100/100\n|switch|p1a: Sinistcha|Sinistcha-Masterpiece, L50|53/100 slp\n|-heal|p1b: Rotom|64/100|[from] ability: Hospitality|[of] p1a: Sinistcha\n|move|p2b: Sneasler|Close Combat|p1a: Sinistcha\n|-immune|p1a: Sinistcha\n|move|p1b: Rotom|Will-O-Wisp|p2b: Sneasler\n|-status|p2b: Sneasler|brn\n|\n|-heal|p1b: Rotom|70/100|[from] item: Leftovers\n|-damage|p2b: Sneasler|95/100 brn|[from] brn\n|upkeep\n|turn|7\n|\n|t:|1776367054\n|move|p2b: Sneasler|Dire Claw|p1a: Sinistcha\n|-damage|p1a: Sinistcha|38/100 slp\n|-enditem|p1a: Sinistcha|Sitrus Berry|[eat]\n|-heal|p1a: Sinistcha|63/100 slp|[from] item: Sitrus Berry\n|move|p1b: Rotom|Will-O-Wisp|p2a: Kingambit|[miss]\n|-miss|p1b: Rotom|p2a: Kingambit\n|cant|p1a: Sinistcha|slp\n|move|p2a: Kingambit|Kowtow Cleave|p1a: Sinistcha\n|-supereffective|p1a: Sinistcha|1\n|-damage|p1a: Sinistcha|0 fnt\n|faint|p1a: Sinistcha\n|\n|-heal|p1b: Rotom|75/100|[from] item: Leftovers\n|-damage|p2b: Sneasler|89/100 brn|[from] brn\n|upkeep\n|\n|t:|1776367062\n|switch|p1a: Drampa|Drampa, L50, M|100/100\n|-ability|p1a: Drampa|Cloud Nine\n|turn|8\n|\n|t:|1776367072\n|detailschange|p1a: Drampa|Drampa-Mega, L50, M\n|-mega|p1a: Drampa|Drampa|Drampanite\n|move|p2a: Kingambit|Protect|p2a: Kingambit\n|-singleturn|p2a: Kingambit|Protect\n|move|p2b: Sneasler|Close Combat|p1a: Drampa\n|-supereffective|p1a: Drampa|1\n|-damage|p1a: Drampa|62/100\n|-unboost|p2b: Sneasler|def|1\n|-unboost|p2b: Sneasler|spd|1\n|move|p1b: Rotom|Will-O-Wisp|p2a: Kingambit\n|-activate|p2a: Kingambit|move: Protect\n|move|p1a: Drampa|Calm Mind|p1a: Drampa\n|-boost|p1a: Drampa|spa|1\n|-boost|p1a: Drampa|spd|1\n|\n|-heal|p1b: Rotom|81/100|[from] item: Leftovers\n|-damage|p2b: Sneasler|83/100 brn|[from] brn\n|upkeep\n|turn|9\n|inactive|seattleseadrasfpl has 30 seconds left.\n|\n|t:|1776367097\n|move|p1a: Drampa|Protect|p1a: Drampa\n|-singleturn|p1a: Drampa|Protect\n|move|p2b: Sneasler|Close Combat|p1a: Drampa\n|-activate|p1a: Drampa|move: Protect\n|move|p1b: Rotom|Thunderbolt|p2b: Sneasler\n|-damage|p2b: Sneasler|0 fnt\n|faint|p2b: Sneasler\n|move|p2a: Kingambit|Kowtow Cleave|p1a: Drampa\n|-activate|p1a: Drampa|move: Protect\n|\n|-heal|p1b: Rotom|87/100|[from] item: Leftovers\n|upkeep\n|\n|t:|1776367101\n|switch|p2b: Floette|Floette-Mega, L50, F|100/100\n|-ability|p2b: Floette|Fairy Aura\n|turn|10\n|j| Ylenia besamee\n|inactive|evilkyatt has 30 seconds left.\n|\n|t:|1776367140\n|move|p2a: Kingambit|Sucker Punch|p1a: Drampa\n|-damage|p1a: Drampa|31/100\n|-ability|p1a: Drampa|Berserk|boost\n|-boost|p1a: Drampa|spa|1\n|move|p1b: Rotom|Will-O-Wisp|p2a: Kingambit\n|-status|p2a: Kingambit|brn\n|move|p2b: Floette|Moonblast|p1a: Drampa\n|-supereffective|p1a: Drampa|1\n|-damage|p1a: Drampa|0 fnt\n|faint|p1a: Drampa\n|\n|-heal|p1b: Rotom|92/100|[from] item: Leftovers\n|-damage|p2a: Kingambit|95/100 brn|[from] brn\n|upkeep\n|\n|t:|1776367143\n|switch|p1a: Incineroar|Incineroar, L50, F|100/100\n|-ability|p1a: Incineroar|Intimidate|boost\n|-unboost|p2a: Kingambit|atk|1\n|-ability|p2a: Kingambit|Defiant|boost\n|-boost|p2a: Kingambit|atk|2\n|-unboost|p2b: Floette|atk|1\n|turn|11\n|\n|t:|1776367157\n|move|p2b: Floette|Protect|p2b: Floette\n|-singleturn|p2b: Floette|Protect\n|move|p2a: Kingambit|Protect|p2a: Kingambit\n|-singleturn|p2a: Kingambit|Protect\n|move|p1a: Incineroar|Fake Out|p2b: Floette\n|-activate|p2b: Floette|move: Protect\n|move|p1b: Rotom|Eerie Impulse|p2b: Floette\n|-activate|p2b: Floette|move: Protect\n|\n|-heal|p1b: Rotom|98/100|[from] item: Leftovers\n|-damage|p2a: Kingambit|89/100 brn|[from] brn\n|upkeep\n|turn|12\n|\n|t:|1776367176\n|move|p1b: Rotom|Eerie Impulse|p2b: Floette\n|-unboost|p2b: Floette|spa|2\n|move|p2b: Floette|Moonblast|p1a: Incineroar\n|-damage|p1a: Incineroar|70/100\n|move|p1a: Incineroar|Flare Blitz|p2a: Kingambit\n|-supereffective|p2a: Kingambit|1\n|-damage|p2a: Kingambit|19/100 brn\n|-damage|p1a: Incineroar|46/100|[from] Recoil\n|move|p2a: Kingambit|Kowtow Cleave|p1b: Rotom\n|-damage|p1b: Rotom|46/100\n|\n|-heal|p1b: Rotom|52/100|[from] item: Leftovers\n|-damage|p2a: Kingambit|13/100 brn|[from] brn\n|upkeep\n|turn|13\n|inactive|seattleseadrasfpl has 30 seconds left.\n|\n|t:|1776367206\n|move|p2a: Kingambit|Sucker Punch|p1a: Incineroar\n|-resisted|p1a: Incineroar|1\n|-damage|p1a: Incineroar|30/100\n|move|p1b: Rotom|Thunderbolt|p2a: Kingambit\n|-damage|p2a: Kingambit|0 fnt\n|faint|p2a: Kingambit\n|move|p2b: Floette|Moonblast|p1a: Incineroar\n|-damage|p1a: Incineroar|0 fnt\n|faint|p1a: Incineroar\n|\n|-heal|p1b: Rotom|57/100|[from] item: Leftovers\n|upkeep\n|turn|14\n|\n|t:|1776367222\n|move|p2b: Floette|Protect|p2b: Floette\n|-singleturn|p2b: Floette|Protect\n|move|p1b: Rotom|Eerie Impulse|p2b: Floette\n|-activate|p2b: Floette|move: Protect\n|\n|-heal|p1b: Rotom|63/100|[from] item: Leftovers\n|upkeep\n|turn|15\n|\n|t:|1776367233\n|move|p1b: Rotom|Eerie Impulse|p2b: Floette\n|-unboost|p2b: Floette|spa|2\n|move|p2b: Floette|Calm Mind|p2b: Floette\n|-boost|p2b: Floette|spa|1\n|-boost|p2b: Floette|spd|1\n|\n|-heal|p1b: Rotom|68/100|[from] item: Leftovers\n|upkeep\n|turn|16\n|\n|t:|1776367243\n|move|p1b: Rotom|Will-O-Wisp|p2b: Floette\n|-status|p2b: Floette|brn\n|move|p2b: Floette|Calm Mind|p2b: Floette\n|-boost|p2b: Floette|spa|1\n|-boost|p2b: Floette|spd|1\n|\n|-heal|p1b: Rotom|74/100|[from] item: Leftovers\n|-damage|p2b: Floette|94/100 brn|[from] brn\n|upkeep\n|turn|17\n|\n|t:|1776367249\n|move|p1b: Rotom|Eerie Impulse|p2b: Floette\n|-unboost|p2b: Floette|spa|2\n|move|p2b: Floette|Moonblast|p1b: Rotom\n|-damage|p1b: Rotom|42/100\n|\n|-heal|p1b: Rotom|48/100|[from] item: Leftovers\n|-damage|p2b: Floette|88/100 brn|[from] brn\n|upkeep\n|turn|18\n|\n|t:|1776367254\n|move|p1b: Rotom|Thunderbolt|p2b: Floette\n|-damage|p2b: Floette|72/100 brn\n|move|p2b: Floette|Moonblast|p1b: Rotom\n|-damage|p1b: Rotom|12/100\n|\n|-heal|p1b: Rotom|18/100|[from] item: Leftovers\n|-damage|p2b: Floette|66/100 brn|[from] brn\n|upkeep\n|turn|19\n|\n|t:|1776367258\n|move|p1b: Rotom|Eerie Impulse|p2b: Floette\n|-unboost|p2b: Floette|spa|2\n|move|p2b: Floette|Moonblast|p1b: Rotom\n|-damage|p1b: Rotom|0 fnt\n|faint|p1b: Rotom\n|\n|win|seattleseadrasfpl\n|raw|evilkyatt's rating: 1499 &rarr; <strong>1476</strong><br />(-23 for losing)\n|raw|seattleseadrasfpl's rating: 1447 &rarr; <strong>1470</strong><br />(+23 for winning)\n|c|\u2606seattleseadrasfpl|gg\n",
  "uploadtime": 1776367263,
  "views": 31,
  "formatid": "gen9championsvgc2026regma",
  "rating": 1470,
  "private": 0,
  "password": null
}