{
  "id": "gen9championsvgc2026regma-2588284408",
  "format": "[Gen 9 Champions] VGC 2026 Reg M-A",
  "players": [
    "capacete5",
    "DAVID867"
  ],
  "log": "|j|\u2606capacete5\n|j|\u2606DAVID867\n|t:|1776620913\n|gametype|doubles\n|player|p1|capacete5|byron|\n|player|p2|DAVID867|266|\n|gen|9\n|tier|[Gen 9 Champions] VGC 2026 Reg M-A\n|rule|Species Clause: Limit one of each Pok\u00e9mon\n|rule|Item Clause: Limit 1 of each item\n|clearpoke\n|poke|p1|Froslass, L50, F|\n|poke|p1|Incineroar, L50, F|\n|poke|p1|Gallade, L50, M|\n|poke|p1|Sylveon, L50, M|\n|poke|p1|Rotom-Wash, L50|\n|poke|p1|Corviknight, L50, M|\n|poke|p2|Floette-Eternal, L50, F|\n|poke|p2|Incineroar, L50, M|\n|poke|p2|Sneasler, L50, M|\n|poke|p2|Sinistcha-Masterpiece, L50|\n|poke|p2|Aerodactyl, L50, M|\n|poke|p2|Dragapult, L50, F|\n|teampreview|4\n|inactive|Battle timer is ON: inactive players will automatically lose when time's up. (requested by capacete5)\nDAVID867 has agreed to open team sheets.\ncapacete5 has agreed to open team sheets.\n|showteam|p1|Froslass||Froslassite|SnowCloak|Protect,IcyWind,Blizzard,ShadowBall|||F|||50|]Incineroar||Charcoal|Intimidate|PartingShot,ThroatChop,FlareBlitz,FakeOut|||F|||50|]Gallade||Galladite|Sharpness|PsychoCut,SacredSword,LeafBlade,Protect|||M|||50|]Sylveon||SitrusBerry|Pixilate|HyperVoice,MysticalFire,Protect,Yawn|||M|||50|]Rotom-Wash||Leftovers|Levitate|Thunderbolt,VoltSwitch,Protect,HydroPump||||||50|]Corviknight||MentalHerb|MirrorArmor|Tailwind,BraveBird,IronHead,Protect|||M|||50|\n|showteam|p2|Floette-Eternal||Floettite|FlowerVeil|CalmMind,DrainingKiss,Moonblast,Protect|||F|||50|]Incineroar||ChopleBerry|Intimidate|FakeOut,PartingShot,ThroatChop,FlareBlitz|||M|||50|]Sneasler||FocusSash|Unburden|CloseCombat,FakeOut,Protect,DireClaw|||M|||50|]Sinistcha-Masterpiece||SitrusBerry|Hospitality|StrengthSap,MatchaGotcha,ShadowBall,RagePowder||||||50|]Aerodactyl||Aerodactylite|Unnerve|RockBlast,DualWingbeat,IceFang,Protect|||M|||50|]Dragapult||KasibBerry|ClearBody|ShadowBall,BreakingSwipe,WillOWisp,Uturn|||F|||50|\n|inactive|capacete5 has 60 seconds left.\n|\n|t:|1776620968\n|teamsize|p1|4\n|teamsize|p2|4\n|start\n|switch|p1a: Froslass|Froslass, L50, F|100/100\n|switch|p1b: Incineroar|Incineroar, L50, F|100/100\n|switch|p2a: Floette|Floette-Eternal, L50, F|100/100\n|switch|p2b: Sneasler|Sneasler, L50, M|100/100\n|-ability|p1b: Incineroar|Intimidate|boost\n|-unboost|p2a: Floette|atk|1\n|-unboost|p2b: Sneasler|atk|1\n|turn|1\n|inactive|DAVID867 has 30 seconds left.\n|inactive|DAVID867 has 20 seconds left.\n|inactive|DAVID867 has 15 seconds left.\n|inactive|capacete5 has 30 seconds left.\n|\n|t:|1776621015\n|detailschange|p1a: Froslass|Froslass-Mega, L50, F\n|-mega|p1a: Froslass|Froslass|Froslassite\n|-weather|Snowscape|[from] ability: Snow Warning|[of] p1a: Froslass\n|detailschange|p2a: Floette|Floette-Mega, L50, F\n|-mega|p2a: Floette|Floette|Floettite\n|-ability|p2a: Floette|Fairy Aura\n|move|p2b: Sneasler|Fake Out|p1b: Incineroar\n|-damage|p1b: Incineroar|91/100\n|cant|p1b: Incineroar|flinch\n|move|p1a: Froslass|Blizzard|p2a: Floette|[spread] p2a,p2b\n|-damage|p2a: Floette|65/100\n|-damage|p2b: Sneasler|30/100\n|-status|p2a: Floette|frz\n|cant|p2a: Floette|frz\n|\n|-weather|Snowscape|[upkeep]\n|upkeep\n|turn|2\n|\n|t:|1776621037\n|switch|p2a: Incineroar|Incineroar, L50, M|100/100\n|-ability|p2a: Incineroar|Intimidate|boost\n|-unboost|p1a: Froslass|atk|1\n|-unboost|p1b: Incineroar|atk|1\n|move|p2b: Sneasler|Close Combat|p1b: Incineroar\n|-supereffective|p1b: Incineroar|1\n|-damage|p1b: Incineroar|7/100\n|-unboost|p2b: Sneasler|def|1\n|-unboost|p2b: Sneasler|spd|1\n|move|p1a: Froslass|Blizzard|p2b: Sneasler|[spread] p2a,p2b\n|-resisted|p2a: Incineroar|1\n|-damage|p2a: Incineroar|81/100\n|-damage|p2b: Sneasler|0 fnt\n|faint|p2b: Sneasler\n|move|p1b: Incineroar|Flare Blitz|p2a: Incineroar\n|-resisted|p2a: Incineroar|1\n|-damage|p2a: Incineroar|61/100\n|-damage|p1b: Incineroar|0 fnt|[from] Recoil\n|faint|p1b: Incineroar\n|\n|-weather|Snowscape|[upkeep]\n|upkeep\n|\n|t:|1776621058\n|switch|p2b: Sinistcha|Sinistcha-Masterpiece, L50|100/100\n|switch|p1b: Corviknight|Corviknight, L50, M|100/100\n|-heal|p2a: Incineroar|86/100|[from] ability: Hospitality|[of] p2b: Sinistcha\n|turn|3\n|\n|t:|1776621072\n|move|p1a: Froslass|Blizzard|p2a: Incineroar|[spread] p2a,p2b\n|-resisted|p2a: Incineroar|1\n|-supereffective|p2b: Sinistcha|1\n|-damage|p2a: Incineroar|66/100\n|-damage|p2b: Sinistcha|12/100\n|-enditem|p2b: Sinistcha|Sitrus Berry|[eat]\n|-heal|p2b: Sinistcha|36/100|[from] item: Sitrus Berry\n|move|p2b: Sinistcha|Shadow Ball|p1a: Froslass\n|-supereffective|p1a: Froslass|1\n|-damage|p1a: Froslass|18/100\n|move|p1b: Corviknight|Brave Bird|p2b: Sinistcha\n|-supereffective|p2b: Sinistcha|1\n|-crit|p2b: Sinistcha\n|-damage|p2b: Sinistcha|0 fnt\n|faint|p2b: Sinistcha\n|-damage|p1b: Corviknight|90/100|[from] Recoil\n|move|p2a: Incineroar|Flare Blitz|p1b: Corviknight\n|-supereffective|p1b: Corviknight|1\n|-damage|p1b: Corviknight|10/100\n|-damage|p2a: Incineroar|39/100|[from] Recoil\n|\n|-weather|Snowscape|[upkeep]\n|upkeep\n|\n|t:|1776621091\n|switch|p2b: Floette|Floette-Mega, L50, F|65/100 frz\n|-ability|p2b: Floette|Fairy Aura\n|turn|4\n|\n|t:|1776621107\n|move|p1a: Froslass|Blizzard|p2b: Floette|[spread] p2a,p2b\n|-resisted|p2a: Incineroar|1\n|-damage|p2a: Incineroar|17/100\n|-damage|p2b: Floette|33/100 frz\n|cant|p2b: Floette|frz\n|move|p1b: Corviknight|Tailwind|p1b: Corviknight\n|-sidestart|p1: capacete5|move: Tailwind\n|move|p2a: Incineroar|Throat Chop|p1a: Froslass\n|-supereffective|p1a: Froslass|1\n|-damage|p1a: Froslass|0 fnt\n|faint|p1a: Froslass\n|\n|-weather|Snowscape|[upkeep]\n|upkeep\n|\n|t:|1776621118\n|switch|p1a: Sylveon|Sylveon, L50, M|100/100\n|turn|5\n|\n|t:|1776621131\n|move|p1b: Corviknight|Brave Bird|p2a: Incineroar\n|-damage|p2a: Incineroar|0 fnt\n|faint|p2a: Incineroar\n|-damage|p1b: Corviknight|5/100|[from] Recoil\n|move|p1a: Sylveon|Hyper Voice|p2b: Floette\n|-damage|p2b: Floette|0 fnt\n|faint|p2b: Floette\n|\n|win|capacete5\n",
  "uploadtime": 1776621131,
  "views": 6,
  "formatid": "gen9championsvgc2026regma",
  "rating": null,
  "private": 0,
  "password": null
}