{
  "id": "gen9championsvgc2026regma-2580569971",
  "format": "[Gen 9 Champions] VGC 2026 Reg M-A",
  "players": [
    "joymaxxing",
    "pokebizness"
  ],
  "log": "|j|\u2606joymaxxing\n|j|\u2606pokebizness\n|t:|1775913936\n|gametype|doubles\n|player|p1|joymaxxing|elesa|1158\n|player|p2|pokebizness|firebreather|1197\n|gen|9\n|tier|[Gen 9 Champions] VGC 2026 Reg M-A\n|rated|\n|rule|Species Clause: Limit one of each Pok\u00e9mon\n|rule|Item Clause: Limit 1 of each item\n|clearpoke\n|poke|p1|Incineroar, L50, F|\n|poke|p1|Farigiraf, L50, F|\n|poke|p1|Gengar, L50, M|\n|poke|p1|Milotic, L50, F|\n|poke|p1|Ditto, L50|\n|poke|p1|Meowscarada, L50, M|\n|poke|p2|Glimmora, L50, F|\n|poke|p2|Kommo-o, L50, M|\n|poke|p2|Whimsicott, L50, F|\n|poke|p2|Volcarona, L50, M|\n|poke|p2|Tyranitar, L50, M|\n|poke|p2|Basculegion, L50, M|\n|teampreview|4\n|inactive|Battle timer is ON: inactive players will automatically lose when time's up. (requested by pokebizness)\n|inactive|joymaxxing has 60 seconds left.\n|\n|t:|1775913967\n|teamsize|p1|4\n|teamsize|p2|4\n|start\n|switch|p1a: Milotic|Milotic, L50, F|100/100\n|switch|p1b: Gengar|Gengar, L50, M|100/100\n|switch|p2a: Tyranitar|Tyranitar, L50, M|100/100\n|switch|p2b: Whimsicott|Whimsicott, L50, F|100/100\n|-weather|Sandstorm|[from] ability: Sand Stream|[of] p2a: Tyranitar\n|turn|1\n|\n|t:|1775913976\n|move|p1b: Gengar|Protect|p1b: Gengar\n|-singleturn|p1b: Gengar|Protect\n|move|p2b: Whimsicott|Tailwind|p2b: Whimsicott\n|-sidestart|p2: pokebizness|move: Tailwind\n|move|p2a: Tyranitar|Knock Off|p1b: Gengar\n|-activate|p1b: Gengar|move: Protect\n|move|p1a: Milotic|Icy Wind|p2b: Whimsicott|[spread] p2a,p2b\n|-supereffective|p2b: Whimsicott|1\n|-damage|p2a: Tyranitar|94/100\n|-damage|p2b: Whimsicott|69/100\n|-unboost|p2a: Tyranitar|spe|1\n|-unboost|p2b: Whimsicott|spe|1\n|\n|-weather|Sandstorm|[upkeep]\n|-damage|p2b: Whimsicott|63/100|[from] Sandstorm\n|-damage|p1b: Gengar|95/100|[from] Sandstorm\n|-damage|p1a: Milotic|95/100|[from] Sandstorm\n|-heal|p1a: Milotic|100/100|[from] item: Leftovers\n|upkeep\n|turn|2\n|inactive|joymaxxing has 30 seconds left.\n|inactive|pokebizness has 30 seconds left.\n|\n|t:|1775914016\n|switch|p1b: Ditto|Ditto, L50|100/100\n|-transform|p1b: Ditto|p2a: Tyranitar|[from] ability: Imposter\n|move|p2b: Whimsicott|Encore|p1b: Ditto\n|-hint|Since gen 7, Dark is immune to Prankster moves.\n|-immune|p1b: Ditto\n|move|p2a: Tyranitar|Knock Off|p1b: Ditto\n|-resisted|p1b: Ditto|1\n|-damage|p1b: Ditto|70/100\n|-enditem|p1b: Ditto|Focus Sash|[from] move: Knock Off|[of] p2a: Tyranitar\n|move|p1a: Milotic|Scald|p2a: Tyranitar\n|-supereffective|p2a: Tyranitar|1\n|-damage|p2a: Tyranitar|59/100\n|-status|p2a: Tyranitar|brn\n|\n|-weather|Sandstorm|[upkeep]\n|-damage|p2b: Whimsicott|58/100|[from] Sandstorm\n|-damage|p1a: Milotic|95/100|[from] Sandstorm\n|-heal|p1a: Milotic|100/100|[from] item: Leftovers\n|-damage|p2a: Tyranitar|53/100 brn|[from] brn\n|upkeep\n|turn|3\n|inactive|joymaxxing has 30 seconds left.\n|\n|t:|1775914048\n|move|p2b: Whimsicott|Fake Tears|p1a: Milotic\n|-unboost|p1a: Milotic|spd|2\n|-ability|p1a: Milotic|Competitive|boost\n|-boost|p1a: Milotic|spa|2\n|move|p2a: Tyranitar|Low Kick|p1b: Ditto\n|-supereffective|p1b: Ditto|2\n|-damage|p1b: Ditto|0 fnt\n|faint|p1b: Ditto\n|move|p1a: Milotic|Icy Wind|p2b: Whimsicott|[spread] p2a,p2b\n|-supereffective|p2b: Whimsicott|1\n|-damage|p2a: Tyranitar|43/100 brn\n|-damage|p2b: Whimsicott|0 fnt\n|-unboost|p2a: Tyranitar|spe|1\n|faint|p2b: Whimsicott\n|\n|-weather|Sandstorm|[upkeep]\n|-damage|p1a: Milotic|95/100|[from] Sandstorm\n|-heal|p1a: Milotic|100/100|[from] item: Leftovers\n|-damage|p2a: Tyranitar|36/100 brn|[from] brn\n|upkeep\n|\n|t:|1775914063\n|switch|p2b: Kommo-o|Kommo-o, L50, M|100/100\n|switch|p1b: Gengar|Gengar, L50, M|95/100\n|turn|4\n|\n|t:|1775914075\n|move|p1b: Gengar|Protect|p1b: Gengar\n|-singleturn|p1b: Gengar|Protect\n|move|p1a: Milotic|Protect|p1a: Milotic\n|-singleturn|p1a: Milotic|Protect\n|move|p2b: Kommo-o|Clanging Scales|p1b: Gengar|[spread] \n|-activate|p1a: Milotic|move: Protect\n|-activate|p1b: Gengar|move: Protect\n|move|p2a: Tyranitar|Knock Off|p1b: Gengar\n|-activate|p1b: Gengar|move: Protect\n|\n|-weather|Sandstorm|[upkeep]\n|-damage|p1b: Gengar|89/100|[from] Sandstorm\n|-damage|p1a: Milotic|95/100|[from] Sandstorm\n|-heal|p1a: Milotic|100/100|[from] item: Leftovers\n|-damage|p2a: Tyranitar|30/100 brn|[from] brn\n|-sideend|p2: pokebizness|move: Tailwind\n|upkeep\n|turn|5\n|\n|t:|1775914083\n|detailschange|p1b: Gengar|Gengar-Mega, L50, M\n|-mega|p1b: Gengar|Gengar|Gengarite\n|move|p1b: Gengar|Disable|p2b: Kommo-o\n|-start|p2b: Kommo-o|Disable|Clanging Scales\n|cant|p2b: Kommo-o|Disable|Clanging Scales\n|move|p1a: Milotic|Icy Wind|p2a: Tyranitar|[spread] p2a,p2b\n|-supereffective|p2b: Kommo-o|1\n|-damage|p2a: Tyranitar|19/100 brn\n|-damage|p2b: Kommo-o|62/100\n|-unboost|p2a: Tyranitar|spe|1\n|-unboost|p2b: Kommo-o|spe|1\n|move|p2a: Tyranitar|Knock Off|p1b: Gengar\n|-supereffective|p1b: Gengar|1\n|-damage|p1b: Gengar|38/100\n|\n|-weather|none\n|-damage|p2a: Tyranitar|13/100 brn|[from] brn\n|upkeep\n|turn|6\n|\n|t:|1775914094\n|move|p1b: Gengar|Shadow Ball|p2a: Tyranitar\n|-resisted|p2a: Tyranitar|1\n|-damage|p2a: Tyranitar|0 fnt\n|faint|p2a: Tyranitar\n|move|p1a: Milotic|Icy Wind|p2b: Kommo-o\n|-supereffective|p2b: Kommo-o|1\n|-damage|p2b: Kommo-o|9/100\n|-unboost|p2b: Kommo-o|spe|1\n|move|p2b: Kommo-o|Clangorous Soul||[still]\n|-fail|p2b: Kommo-o\n|\n|upkeep\n|\n|t:|1775914099\n|switch|p2a: Basculegion|Basculegion, L50, M, shiny|100/100\n|turn|7\n|\n|t:|1775914107\n|move|p2a: Basculegion|Last Respects|p1b: Gengar\n|-supereffective|p1b: Gengar|1\n|-damage|p1b: Gengar|0 fnt\n|faint|p1b: Gengar\n|move|p1a: Milotic|Icy Wind|p2b: Kommo-o|[spread] p2b\n|-miss|p1a: Milotic|p2a: Basculegion\n|-supereffective|p2b: Kommo-o|1\n|-damage|p2b: Kommo-o|0 fnt\n|faint|p2b: Kommo-o\n|\n|upkeep\n|\n|t:|1775914110\n|switch|p1b: Farigiraf|Farigiraf, L50, F, shiny|100/100\n|turn|8\n|\n|t:|1775914117\n|move|p2a: Basculegion|Last Respects|p1a: Milotic\n|-damage|p1a: Milotic|5/100\n|move|p1a: Milotic|Scald|p2a: Basculegion\n|-resisted|p2a: Basculegion|1\n|-damage|p2a: Basculegion|68/100\n|move|p1b: Farigiraf|Psychic|p2a: Basculegion\n|-damage|p2a: Basculegion|18/100\n|\n|-heal|p1a: Milotic|11/100|[from] item: Leftovers\n|upkeep\n|turn|9\n|\n|t:|1775914122\n|move|p1a: Milotic|Protect|p1a: Milotic\n|-singleturn|p1a: Milotic|Protect\n|move|p2a: Basculegion|Last Respects|p1a: Milotic\n|-activate|p1a: Milotic|move: Protect\n|move|p1b: Farigiraf|Psychic|p2a: Basculegion\n|-damage|p2a: Basculegion|0 fnt\n|faint|p2a: Basculegion\n|\n|win|joymaxxing\n|raw|joymaxxing's rating: 1158 &rarr; <strong>1186</strong><br />(+28 for winning)\n|raw|pokebizness's rating: 1197 &rarr; <strong>1169</strong><br />(-28 for losing)\n|l|\u2606pokebizness\n|player|p2|\n|l|\u2606joymaxxing\n|player|p1|\n|j|\u2606joymaxxing\n|player|p1|joymaxxing|elesa|\n",
  "uploadtime": 1775914167,
  "views": 13,
  "formatid": "gen9championsvgc2026regma",
  "rating": 1169,
  "private": 0,
  "password": null
}