{
  "id": "gen9championsvgc2026regma-2583196677",
  "format": "[Gen 9 Champions] VGC 2026 Reg M-A",
  "players": [
    "lolgz",
    "cundangcap"
  ],
  "log": "|j|\u2606lolgz\n|j|\u2606cundangcap\n|html|<table width=\"100%\"><tr><td align=\"left\">lolgz</td><td align=\"right\">cundangcap</tr><tr><td align=\"left\"><i class=\"fa fa-circle\"></i> <i class=\"fa fa-circle-o\"></i> </td><td align=\"right\"><i class=\"fa fa-circle-o\"></i> <i class=\"fa fa-circle\"></i> </tr></table>\n|uhtml|bestof|<h2><strong>Game 3</strong> of <a href=\"/game-bestof3-gen9championsvgc2026regma-2583190136\">a best-of-3</a></h2>\n|t:|1776153580\n|gametype|doubles\n|player|p1|lolgz|1|\n|player|p2|cundangcap|1|\n|gen|9\n|tier|[Gen 9 Champions] VGC 2026 Reg M-A\n|rated|Tournament battle\n|rule|Species Clause: Limit one of each Pok\u00e9mon\n|rule|Item Clause: Limit 1 of each item\n|raw|<div class=\"infobox\"><details class=\"readmore\" open><summary><strong>2 custom rules:</strong></summary> Force Open Team Sheets, Best of = 3</details></div>\n|clearpoke\n|poke|p1|Floette-Eternal, L50, F|\n|poke|p1|Incineroar, L50, M|\n|poke|p1|Sneasler, L50, F|\n|poke|p1|Charizard, L50, F|\n|poke|p1|Basculegion, L50, M|\n|poke|p1|Whimsicott, L50, F|\n|poke|p2|Charizard, L50, M|\n|poke|p2|Venusaur, L50, F|\n|poke|p2|Sneasler, L50, M|\n|poke|p2|Kingambit, L50, F|\n|poke|p2|Farigiraf, L50, M|\n|poke|p2|Garchomp, L50, M|\n|teampreview|4\n|showteam|p1|Floette-Eternal||Floettite|FlowerVeil|DazzlingGleam,DrainingKiss,Protect,CalmMind|||F|||50|]Incineroar||SitrusBerry|Intimidate|FakeOut,ThroatChop,FlareBlitz,PartingShot|||M|||50|]Sneasler||WhiteHerb|Pressure|FakeOut,CloseCombat,DireClaw,Protect|||F|||50|]Charizard||CharizarditeY|Blaze|HeatWave,SolarBeam,AirSlash,Protect|||F|||50|]Basculegion||ChoiceScarf|Adaptability|WaveCrash,AquaJet,FlipTurn,LastRespects|||M|||50|]Whimsicott||FocusSash|Prankster|Tailwind,Moonblast,SunnyDay,Encore|||F|||50|\n|showteam|p2|Charizard||CharizarditeY|SolarPower|HeatWave,SolarBeam,WeatherBall,Protect|||M|||50|]Venusaur||MentalHerb|Chlorophyll|SleepPowder,SludgeBomb,EnergyBall,Protect|||F|||50|]Sneasler||WhiteHerb|Unburden|DireClaw,CloseCombat,FakeOut,Protect|||M|||50|]Kingambit||FocusSash|Defiant|IronHead,SwordsDance,KowtowCleave,Protect|||F|||50|]Farigiraf||SitrusBerry|ArmorTail|HyperVoice,Psychic,TrickRoom,HelpingHand|||M|||50|]Garchomp||ChoiceScarf|RoughSkin|DragonClaw,Earthquake,StompingTantrum,RockSlide|||M|||50|\n|j| Pierre Goriot\n|j| Rengoku Stan\n|j| SH0CKING BLUE\n|j| z123z\n|c|\u2606lolgz|lost the speed tie\n|c| z123z|match 3\n|c|\u2606lolgz|and lost missed airslash\n|c| z123z|lets seeeeeeeeeee\n|j|+chromate\n|j| pr.iyanshu768500\n|c| z123z|but u flinched aswell\n|c| z123z|it was just a 50/50\n|c|\u2606lolgz|oh ye true\n|inactive|Battle timer is ON: inactive players will automatically lose when time's up. (requested by cundangcap)\n|inactive|cundangcap has 60 seconds left.\n|j| Lolitcher\n|inactive|cundangcap has 30 seconds left.\n|inactive|cundangcap has 20 seconds left.\n|inactive|cundangcap has 15 seconds left.\n|inactive|cundangcap has 10 seconds left.\n|inactive|cundangcap has 5 seconds left.\n|\n|t:|1776153736\n|teamsize|p1|4\n|teamsize|p2|4\n|start\n|switch|p1a: Incineroar|Incineroar, L50, M|100/100\n|switch|p1b: Sneasler|Sneasler, L50, F|100/100\n|switch|p2a: Farigiraf|Farigiraf, L50, M|100/100\n|switch|p2b: Sneasler|Sneasler, L50, M|100/100\n|-ability|p1b: Sneasler|Pressure\n|-ability|p1a: Incineroar|Intimidate|boost\n|-unboost|p2a: Farigiraf|atk|1\n|-unboost|p2b: Sneasler|atk|1\n|-enditem|p2b: Sneasler|White Herb\n|-clearnegativeboost|p2b: Sneasler|[silent]\n|turn|1\n|j| GoonTheGamer\n|inactive|lolgz has 30 seconds left.\n|inactive|cundangcap has 30 seconds left.\n|c|\u2606lolgz|gg\n|inactive|lolgz has 20 seconds left.\n|inactive|cundangcap has 20 seconds left.\n|c|\u2606cundangcap|no bro this is my first tournament\n|inactive|lolgz has 15 seconds left.\n|inactive|cundangcap has 15 seconds left.\n|c|\u2606cundangcap|nervous as fuck\n|inactive|lolgz has 10 seconds left.\n|inactive|cundangcap has 10 seconds left.\n|\n|t:|1776153784\n|switch|p1a: Whimsicott|Whimsicott, L50, F|100/100\n|move|p2b: Sneasler|Close Combat|p1a: Whimsicott\n|-resisted|p1a: Whimsicott|1\n|-damage|p1a: Whimsicott|52/100\n|-unboost|p2b: Sneasler|def|1\n|-unboost|p2b: Sneasler|spd|1\n|move|p1b: Sneasler|Close Combat|p2a: Farigiraf\n|-damage|p2a: Farigiraf|50/100\n|-unboost|p1b: Sneasler|def|1\n|-unboost|p1b: Sneasler|spd|1\n|-enditem|p2a: Farigiraf|Sitrus Berry|[eat]\n|-heal|p2a: Farigiraf|75/100|[from] item: Sitrus Berry\n|-enditem|p1b: Sneasler|White Herb\n|-clearnegativeboost|p1b: Sneasler|[silent]\n|move|p2a: Farigiraf|Psychic|p1b: Sneasler\n|-supereffective|p1b: Sneasler|2\n|-damage|p1b: Sneasler|0 fnt\n|faint|p1b: Sneasler\n|\n|upkeep\n|\n|t:|1776153797\n|switch|p1b: Charizard|Charizard, L50, F|100/100\n|turn|2\n|c| z123z|CC + pyhsic covers most\n|c| z123z|very nice plays\n|c| z123z|hes trying to remove firagarif then setup tailwind\n|c| z123z|thats his gameplan en\n|c| z123z|rn\n|inactive|cundangcap has 30 seconds left.\n|inactive|cundangcap has 20 seconds left.\n|inactive|cundangcap has 15 seconds left.\n|inactive|cundangcap has 10 seconds left.\n|inactive|cundangcap has 5 seconds left.\n|\n|t:|1776153847\n|detailschange|p1b: Charizard|Charizard-Mega-Y, L50, F\n|-mega|p1b: Charizard|Charizard|Charizardite Y\n|-weather|SunnyDay|[from] ability: Drought|[of] p1b: Charizard\n|move|p2b: Sneasler|Protect|p2b: Sneasler\n|-singleturn|p2b: Sneasler|Protect\n|move|p1a: Whimsicott|Moonblast|p2a: Farigiraf\n|-damage|p2a: Farigiraf|40/100\n|move|p1b: Charizard|Heat Wave|p2b: Sneasler|[spread] p2a\n|-activate|p2b: Sneasler|move: Protect\n|-damage|p2a: Farigiraf|0 fnt\n|faint|p2a: Farigiraf\n|\n|-weather|SunnyDay|[upkeep]\n|upkeep\n|j| OnToTheOther\n|\n|t:|1776153863\n|switch|p2a: Charizard|Charizard, L50, M|100/100\n|turn|3\n|\n|t:|1776153870\n|switch|p2b: Kingambit|Kingambit, L50, F|100/100\n|detailschange|p2a: Charizard|Charizard-Mega-Y, L50, M\n|-mega|p2a: Charizard|Charizard|Charizardite Y\n|move|p1a: Whimsicott|Encore|p2b: Kingambit\n|-hint|Since gen 7, Dark is immune to Prankster moves.\n|-immune|p2b: Kingambit\n|move|p1b: Charizard|Air Slash|p2a: Charizard|[miss]\n|-miss|p1b: Charizard|p2a: Charizard\n|move|p2a: Charizard|Heat Wave|p1b: Charizard|[spread] p1a,p1b\n|-supereffective|p1a: Whimsicott|1\n|-resisted|p1b: Charizard|1\n|-damage|p1a: Whimsicott|0 fnt\n|-damage|p1b: Charizard|67/100\n|faint|p1a: Whimsicott\n|\n|-weather|SunnyDay|[upkeep]\n|upkeep\n|\n|t:|1776153873\n|switch|p1a: Incineroar|Incineroar, L50, M|100/100\n|-ability|p1a: Incineroar|Intimidate|boost\n|-unboost|p2a: Charizard|atk|1\n|-unboost|p2b: Kingambit|atk|1\n|-ability|p2b: Kingambit|Defiant|boost\n|-boost|p2b: Kingambit|atk|2\n|turn|4\n|\n|t:|1776153886\n|move|p2a: Charizard|Protect|p2a: Charizard\n|-singleturn|p2a: Charizard|Protect\n|move|p2b: Kingambit|Protect|p2b: Kingambit\n|-singleturn|p2b: Kingambit|Protect\n|move|p1a: Incineroar|Fake Out|p2b: Kingambit\n|-activate|p2b: Kingambit|move: Protect\n|move|p1b: Charizard|Heat Wave|p2b: Kingambit|[spread] \n|-activate|p2a: Charizard|move: Protect\n|-activate|p2b: Kingambit|move: Protect\n|\n|-weather|SunnyDay|[upkeep]\n|upkeep\n|turn|5\n|inactive|cundangcap has 30 seconds left.\n|\n|t:|1776153912\n|move|p1b: Charizard|Protect|p1b: Charizard\n|-singleturn|p1b: Charizard|Protect\n|move|p2a: Charizard|Heat Wave|p1b: Charizard|[spread] p1a\n|-activate|p1b: Charizard|move: Protect\n|-resisted|p1a: Incineroar|1\n|-damage|p1a: Incineroar|73/100\n|move|p1a: Incineroar|Flare Blitz|p2b: Kingambit\n|-supereffective|p2b: Kingambit|1\n|-enditem|p2b: Kingambit|Focus Sash\n|-damage|p2b: Kingambit|1/100\n|-damage|p1a: Incineroar|40/100|[from] Recoil\n|-enditem|p1a: Incineroar|Sitrus Berry|[eat]\n|-heal|p1a: Incineroar|64/100|[from] item: Sitrus Berry\n|move|p2b: Kingambit|Kowtow Cleave|p1b: Charizard\n|-activate|p1b: Charizard|move: Protect\n|\n|-weather|SunnyDay|[upkeep]\n|upkeep\n|turn|6\n|inactive|cundangcap has 30 seconds left.\n|c| z123z|kowtow was wrong\n|\n|t:|1776153937\n|move|p1b: Charizard|Heat Wave|p2b: Kingambit|[spread] p2a,p2b\n|-resisted|p2a: Charizard|1\n|-supereffective|p2b: Kingambit|1\n|-damage|p2a: Charizard|68/100\n|-damage|p2b: Kingambit|0 fnt\n|faint|p2b: Kingambit\n|move|p2a: Charizard|Heat Wave|p1a: Incineroar|[spread] p1a,p1b\n|-resisted|p1a: Incineroar|1\n|-resisted|p1b: Charizard|1\n|-damage|p1a: Incineroar|40/100\n|-damage|p1b: Charizard|35/100\n|move|p1a: Incineroar|Throat Chop|p2a: Charizard\n|-damage|p2a: Charizard|17/100\n|-start|p2a: Charizard|Throat Chop|[silent]\n|\n|-weather|none\n|upkeep\n|c| z123z|either sucker or predict the protect\n|\n|t:|1776153944\n|switch|p2b: Sneasler|Sneasler, L50, M|100/100\n|turn|7\n|c| z123z|no sucker???????\n|j| you'reseafood\n|c| pr.iyanshu768500|Why not sucker\n|c| z123z|oh ur kinggambit doesnt have ducker\n|c| z123z|sucker\n|c| z123z|wtf\n|c| you'reseafood|doesn't have it idk why\n|inactive|cundangcap has 30 seconds left.\n|\n|t:|1776153979\n|move|p2b: Sneasler|Fake Out|p1b: Charizard\n|-damage|p1b: Charizard|12/100\n|cant|p1b: Charizard|flinch\n|move|p2a: Charizard|Heat Wave|p1b: Charizard|[spread] p1a,p1b\n|-resisted|p1a: Incineroar|1\n|-resisted|p1b: Charizard|1\n|-damage|p1a: Incineroar|22/100\n|-damage|p1b: Charizard|0 fnt\n|faint|p1b: Charizard\n|move|p1a: Incineroar|Flare Blitz|p2a: Charizard\n|-resisted|p2a: Charizard|1\n|-damage|p2a: Charizard|0 fnt\n|faint|p2a: Charizard\n|-damage|p1a: Incineroar|17/100|[from] Recoil\n|\n|upkeep\n|turn|8\n|c| SH0CKING BLUE|when the vgc room sends their chatters, they're not sending their best\n|c| SH0CKING BLUE|lmao\n|\n|t:|1776153991\n|move|p2b: Sneasler|Close Combat|p1a: Incineroar\n|-supereffective|p1a: Incineroar|1\n|-damage|p1a: Incineroar|0 fnt\n|-unboost|p2b: Sneasler|def|1\n|-unboost|p2b: Sneasler|spd|1\n|faint|p1a: Incineroar\n|\n|win|cundangcap\n",
  "uploadtime": 1776153992,
  "views": 20,
  "formatid": "gen9championsvgc2026regma",
  "rating": null,
  "private": 0,
  "password": null
}