{
  "id": "gen9championsvgc2026regma-2586979216",
  "format": "[Gen 9 Champions] VGC 2026 Reg M-A",
  "players": [
    "mahery8",
    "pinstress"
  ],
  "log": "|j|\u2606mahery8\n|j|\u2606pinstress\n|t:|1776477744\n|gametype|doubles\n|player|p1|mahery8|265|1157\n|player|p2|pinstress|psychicf-gen4|1185\n|gen|9\n|tier|[Gen 9 Champions] VGC 2026 Reg M-A\n|rated|\n|rule|Species Clause: Limit one of each Pok\u00e9mon\n|rule|Item Clause: Limit 1 of each item\n|clearpoke\n|poke|p1|Ninetales, L50, M|\n|poke|p1|Incineroar, L50, F|\n|poke|p1|Goodra-Hisui, L50, F|\n|poke|p1|Dragonite, L50, F|\n|poke|p1|Sylveon, L50, M|\n|poke|p1|Chandelure, L50, M|\n|poke|p2|Floette-Eternal, L50, F|\n|poke|p2|Incineroar, L50, M|\n|poke|p2|Sinistcha-Masterpiece, L50|\n|poke|p2|Sneasler, L50, F|\n|poke|p2|Kingambit, L50, M|\n|poke|p2|Aerodactyl, L50, F|\n|teampreview|4\n|\n|t:|1776477781\n|teamsize|p1|4\n|teamsize|p2|4\n|start\n|switch|p1a: Dragonite|Dragonite, L50, F|100/100\n|switch|p1b: Ninetales|Ninetales, L50, M|100/100\n|switch|p2a: Aerodactyl|Aerodactyl, L50, F|100/100\n|switch|p2b: Kingambit|Kingambit, L50, M|100/100\n|-ability|p2a: Aerodactyl|Unnerve\n|-weather|SunnyDay|[from] ability: Drought|[of] p1b: Ninetales\n|turn|1\n|\n|t:|1776477802\n|move|p2b: Kingambit|Protect|p2b: Kingambit\n|-singleturn|p2b: Kingambit|Protect\n|move|p2a: Aerodactyl|Tailwind|p2a: Aerodactyl\n|-sidestart|p2: pinstress|move: Tailwind\n|move|p1b: Ninetales|Flamethrower|p2b: Kingambit\n|-activate|p2b: Kingambit|move: Protect\n|move|p1a: Dragonite|Tailwind|p1a: Dragonite\n|-sidestart|p1: mahery8|move: Tailwind\n|\n|-weather|SunnyDay|[upkeep]\n|upkeep\n|turn|2\n|\n|t:|1776477823\n|move|p2b: Kingambit|Sucker Punch||[still]\n|-fail|p2b: Kingambit\n|move|p2a: Aerodactyl|Rock Slide|p1a: Dragonite|[spread] p1a,p1b\n|-supereffective|p1a: Dragonite|1\n|-supereffective|p1b: Ninetales|1\n|-damage|p1a: Dragonite|78/100\n|-damage|p1b: Ninetales|49/100\n|move|p1b: Ninetales|Will-O-Wisp|p2a: Aerodactyl\n|-status|p2a: Aerodactyl|brn\n|move|p1a: Dragonite|Hurricane|p2b: Kingambit\n|-resisted|p2b: Kingambit|1\n|-damage|p2b: Kingambit|81/100\n|\n|-weather|SunnyDay|[upkeep]\n|-damage|p2a: Aerodactyl|95/100 brn|[from] brn\n|upkeep\n|turn|3\n|\n|t:|1776477857\n|move|p2b: Kingambit|Sucker Punch|p1b: Ninetales\n|-damage|p1b: Ninetales|0 fnt\n|faint|p1b: Ninetales\n|move|p2a: Aerodactyl|Rock Slide|p1a: Dragonite\n|-supereffective|p1a: Dragonite|1\n|-damage|p1a: Dragonite|49/100\n|move|p1a: Dragonite|Hurricane|p2b: Kingambit\n|-resisted|p2b: Kingambit|1\n|-damage|p2b: Kingambit|59/100\n|\n|-weather|SunnyDay|[upkeep]\n|-damage|p2a: Aerodactyl|89/100 brn|[from] brn\n|upkeep\n|\n|t:|1776477865\n|switch|p1b: Chandelure|Chandelure, L50, M|100/100\n|turn|4\n|\n|t:|1776477883\n|detailschange|p1b: Chandelure|Chandelure-Mega, L50, M\n|-mega|p1b: Chandelure|Chandelure|Chandelurite\n|move|p2a: Aerodactyl|Rock Slide|p1a: Dragonite|[spread] p1a,p1b\n|-supereffective|p1a: Dragonite|1\n|-supereffective|p1b: Chandelure|1\n|-damage|p1a: Dragonite|26/100\n|-damage|p1b: Chandelure|77/100\n|move|p1b: Chandelure|Heat Wave|p2b: Kingambit|[spread] p2a,p2b\n|-resisted|p2a: Aerodactyl|1\n|-supereffective|p2b: Kingambit|1\n|-damage|p2a: Aerodactyl|35/100 brn\n|-damage|p2b: Kingambit|0 fnt\n|faint|p2b: Kingambit\n|move|p1a: Dragonite|Hurricane|p2a: Aerodactyl|[miss]\n|-miss|p1a: Dragonite|p2a: Aerodactyl\n|\n|-weather|SunnyDay|[upkeep]\n|-damage|p2a: Aerodactyl|29/100 brn|[from] brn\n|-sideend|p2: pinstress|move: Tailwind\n|-sideend|p1: mahery8|move: Tailwind\n|upkeep\n|\n|t:|1776477898\n|switch|p2b: Floette|Floette-Eternal, L50, F|100/100\n|turn|5\n|\n|t:|1776477908\n|switch|p1b: Incineroar|Incineroar, L50, F|100/100\n|-ability|p1b: Incineroar|Intimidate|boost\n|-unboost|p2a: Aerodactyl|atk|1\n|-unboost|p2b: Floette|atk|1\n|detailschange|p2b: Floette|Floette-Mega, L50, F\n|-mega|p2b: Floette|Floette|Floettite\n|-ability|p2b: Floette|Fairy Aura\n|move|p2a: Aerodactyl|Tailwind|p2a: Aerodactyl\n|-sidestart|p2: pinstress|move: Tailwind\n|move|p2b: Floette|Calm Mind|p2b: Floette\n|-boost|p2b: Floette|spa|1\n|-boost|p2b: Floette|spd|1\n|move|p1a: Dragonite|Tailwind|p1a: Dragonite\n|-sidestart|p1: mahery8|move: Tailwind\n|\n|-weather|none\n|-damage|p2a: Aerodactyl|23/100 brn|[from] brn\n|upkeep\n|turn|6\n|\n|t:|1776477934\n|switch|p2a: Sinistcha|Sinistcha-Masterpiece, L50|100/100\n|move|p2b: Floette|Protect|p2b: Floette\n|-singleturn|p2b: Floette|Protect\n|move|p1b: Incineroar|Fake Out|p2b: Floette\n|-activate|p2b: Floette|move: Protect\n|move|p1a: Dragonite|Extreme Speed|p2a: Sinistcha\n|-immune|p2a: Sinistcha\n|\n|upkeep\n|turn|7\n|\n|t:|1776477950\n|move|p2a: Sinistcha|Rage Powder|p2a: Sinistcha\n|-singleturn|p2a: Sinistcha|move: Rage Powder\n|move|p2b: Floette|Dazzling Gleam|p1a: Dragonite|[spread] p1a,p1b\n|-supereffective|p1a: Dragonite|1\n|-damage|p1a: Dragonite|0 fnt\n|-damage|p1b: Incineroar|42/100\n|faint|p1a: Dragonite\n|move|p1b: Incineroar|Flare Blitz|p2a: Sinistcha\n|-supereffective|p2a: Sinistcha|1\n|-damage|p2a: Sinistcha|16/100\n|-enditem|p2a: Sinistcha|Sitrus Berry|[eat]\n|-heal|p2a: Sinistcha|41/100|[from] item: Sitrus Berry\n|-damage|p1b: Incineroar|17/100|[from] Recoil\n|\n|upkeep\n|\n|t:|1776477955\n|switch|p1a: Chandelure|Chandelure-Mega, L50, M|77/100\n|turn|8\n|\n|t:|1776477975\n|move|p2a: Sinistcha|Rage Powder|p2a: Sinistcha\n|-singleturn|p2a: Sinistcha|move: Rage Powder\n|move|p2b: Floette|Moonblast|p1a: Chandelure\n|-resisted|p1a: Chandelure|1\n|-damage|p1a: Chandelure|26/100\n|-unboost|p1a: Chandelure|spa|1\n|move|p1a: Chandelure|Heat Wave|p2a: Sinistcha|[spread] p2a,p2b\n|-supereffective|p2a: Sinistcha|1\n|-damage|p2a: Sinistcha|0 fnt\n|-damage|p2b: Floette|83/100\n|faint|p2a: Sinistcha\n|move|p1b: Incineroar|Darkest Lariat|p2b: Floette\n|-resisted|p2b: Floette|1\n|-damage|p2b: Floette|68/100\n|\n|-sideend|p2: pinstress|move: Tailwind\n|-sideend|p1: mahery8|move: Tailwind\n|upkeep\n|\n|t:|1776477987\n|switch|p2a: Aerodactyl|Aerodactyl, L50, F|23/100 brn\n|-ability|p2a: Aerodactyl|Unnerve\n|turn|9\n|\n|t:|1776477998\n|move|p2a: Aerodactyl|Tailwind|p2a: Aerodactyl\n|-sidestart|p2: pinstress|move: Tailwind\n|move|p2b: Floette|Dazzling Gleam|p1b: Incineroar|[spread] p1a,p1b\n|-resisted|p1a: Chandelure|1\n|-damage|p1a: Chandelure|0 fnt\n|-damage|p1b: Incineroar|0 fnt\n|faint|p1a: Chandelure\n|faint|p1b: Incineroar\n|\n|win|pinstress\n|raw|mahery8's rating: 1157 &rarr; <strong>1134</strong><br />(-23 for losing)\n|raw|pinstress's rating: 1185 &rarr; <strong>1208</strong><br />(+23 for winning)\n|l|\u2606mahery8\n|player|p1|\n",
  "uploadtime": 1776478006,
  "views": 18,
  "formatid": "gen9championsvgc2026regma",
  "rating": 1134,
  "private": 0,
  "password": null
}