{
  "id": "gen9championsvgc2026regma-2582633853",
  "format": "[Gen 9 Champions] VGC 2026 Reg M-A",
  "players": [
    "hylios1",
    "LogOffBroseph"
  ],
  "log": "|j|\u2606hylios1\n|j|\u2606LogOffBroseph\n|t:|1776103938\n|gametype|doubles\n|player|p1|hylios1|101|1047\n|player|p2|LogOffBroseph|2|1050\n|gen|9\n|tier|[Gen 9 Champions] VGC 2026 Reg M-A\n|rated|\n|rule|Species Clause: Limit one of each Pok\u00e9mon\n|rule|Item Clause: Limit 1 of each item\n|clearpoke\n|poke|p1|Dragonite, L50, M|\n|poke|p1|Pelipper, L50, M|\n|poke|p1|Basculegion-F, L50, F|\n|poke|p1|Archaludon, L50, M|\n|poke|p1|Arcanine-Hisui, L50, M|\n|poke|p1|Raichu, L50, F|\n|poke|p2|Alakazam, L50, M|\n|poke|p2|Sneasler, L50, F|\n|poke|p2|Aerodactyl, L50, M|\n|poke|p2|Meowstic, L50, M|\n|poke|p2|Clefable, L50, F|\n|poke|p2|Volcarona, L50, M|\n|teampreview|4\n|\n|t:|1776103962\n|teamsize|p1|4\n|teamsize|p2|4\n|start\n|switch|p1a: Pelipper|Pelipper, L50, M|100/100\n|switch|p1b: Dragonite|Dragonite, L50, M, shiny|100/100\n|switch|p2a: Meowstic|Meowstic, L50, M|100/100\n|switch|p2b: Alakazam|Alakazam, L50, M|100/100\n|-weather|RainDance|[from] ability: Drizzle|[of] p1a: Pelipper\n|turn|1\n|\n|t:|1776103976\n|detailschange|p2b: Alakazam|Alakazam-Mega, L50, M\n|-mega|p2b: Alakazam|Alakazam|Alakazite\n|-ability|p2b: Alakazam|Drizzle|Trace|[from] ability: Trace|[of] p1a: Pelipper\n|detailschange|p1b: Dragonite|Dragonite-Mega, L50, M, shiny\n|-mega|p1b: Dragonite|Dragonite|Dragoninite\n|move|p2a: Meowstic|Psychic Terrain|p2a: Meowstic\n|-fieldstart|move: Psychic Terrain\n|move|p2b: Alakazam|Expanding Force|p1a: Pelipper|[spread] p1a,p1b\n|-damage|p1a: Pelipper|13/100\n|-damage|p1b: Dragonite|74/100\n|move|p1b: Dragonite|Hurricane|p2b: Alakazam\n|-damage|p2b: Alakazam|32/100\n|move|p1a: Pelipper|Tailwind|p1a: Pelipper\n|-sidestart|p1: hylios1|move: Tailwind\n|\n|-weather|RainDance|[upkeep]\n|upkeep\n|turn|2\n|\n|t:|1776104001\n|move|p1a: Pelipper|Protect|p1a: Pelipper\n|-singleturn|p1a: Pelipper|Protect\n|move|p2b: Alakazam|Protect|p2b: Alakazam\n|-singleturn|p2b: Alakazam|Protect\n|move|p1b: Dragonite|Hurricane|p2b: Alakazam\n|-activate|p2b: Alakazam|move: Protect\n|move|p2a: Meowstic|Alluring Voice|p1b: Dragonite\n|-supereffective|p1b: Dragonite|1\n|-damage|p1b: Dragonite|45/100\n|\n|-weather|RainDance|[upkeep]\n|upkeep\n|turn|3\n|inactive|Battle timer is ON: inactive players will automatically lose when time's up. (requested by LogOffBroseph)\n|\n|t:|1776104024\n|switch|p2b: Aerodactyl|Aerodactyl, L50, M|100/100\n|-ability|p2b: Aerodactyl|Unnerve\n|move|p1b: Dragonite|Hurricane|p2b: Aerodactyl\n|-resisted|p2b: Aerodactyl|1\n|-damage|p2b: Aerodactyl|64/100\n|move|p1a: Pelipper|Hurricane|p2b: Aerodactyl\n|-resisted|p2b: Aerodactyl|1\n|-damage|p2b: Aerodactyl|41/100\n|move|p2a: Meowstic|Alluring Voice|p1b: Dragonite\n|-supereffective|p1b: Dragonite|1\n|-damage|p1b: Dragonite|15/100\n|\n|-weather|RainDance|[upkeep]\n|upkeep\n|turn|4\n|\n|t:|1776104040\n|move|p2b: Aerodactyl|Protect|p2b: Aerodactyl\n|-singleturn|p2b: Aerodactyl|Protect\n|move|p1b: Dragonite|Draco Meteor|p2a: Meowstic\n|-damage|p2a: Meowstic|9/100\n|-unboost|p1b: Dragonite|spa|2\n|move|p1a: Pelipper|Weather Ball|p2b: Aerodactyl\n|-activate|p2b: Aerodactyl|move: Protect\n|move|p2a: Meowstic|Alluring Voice|p1b: Dragonite\n|-supereffective|p1b: Dragonite|1\n|-damage|p1b: Dragonite|0 fnt\n|faint|p1b: Dragonite\n|\n|-weather|RainDance|[upkeep]\n|-sideend|p1: hylios1|move: Tailwind\n|upkeep\n|\n|t:|1776104047\n|switch|p1b: Basculegion|Basculegion-F, L50, F|100/100\n|turn|5\n|\n|t:|1776104054\n|move|p1b: Basculegion|Aqua Jet|p2a: Meowstic\n|-activate|p2a: Meowstic|move: Psychic Terrain\n|move|p2a: Meowstic|Reflect|p2a: Meowstic\n|-sidestart|p2: LogOffBroseph|Reflect\n|move|p2b: Aerodactyl|Rock Slide|p1b: Basculegion|[spread] p1a,p1b\n|-supereffective|p1a: Pelipper|1\n|-crit|p1a: Pelipper\n|-crit|p1b: Basculegion\n|-damage|p1a: Pelipper|0 fnt\n|-damage|p1b: Basculegion|59/100\n|faint|p1a: Pelipper\n|\n|-weather|none\n|-fieldend|move: Psychic Terrain\n|upkeep\n|\n|t:|1776104064\n|switch|p1a: Raichu|Raichu, L50, F, shiny|100/100\n|turn|6\n|inactive|hylios1 has 30 seconds left.\n|\n|t:|1776104091\n|move|p2a: Meowstic|Quick Guard|p2a: Meowstic\n|-singleturn|p2a: Meowstic|Quick Guard\n|move|p1a: Raichu|Fake Out|p2b: Aerodactyl\n|-activate|p2b: Aerodactyl|move: Quick Guard\n|move|p2b: Aerodactyl|Rock Slide|p1a: Raichu|[spread] p1a,p1b\n|-damage|p1a: Raichu|69/100\n|-damage|p1b: Basculegion|35/100\n|move|p1b: Basculegion|Last Respects|p2a: Meowstic\n|-supereffective|p2a: Meowstic|1\n|-damage|p2a: Meowstic|0 fnt\n|faint|p2a: Meowstic\n|\n|upkeep\n|\n|t:|1776104105\n|switch|p2a: Alakazam|Alakazam-Mega, L50, M|32/100\n|-ability|p2a: Alakazam|Swift Swim|Trace|[from] ability: Trace|[of] p1b: Basculegion\n|turn|7\n|\n|t:|1776104113\n|move|p2a: Alakazam|Shadow Ball|p1b: Basculegion\n|-supereffective|p1b: Basculegion|1\n|-damage|p1b: Basculegion|0 fnt\n|faint|p1b: Basculegion\n|move|p2b: Aerodactyl|Rock Slide|p1a: Raichu|[miss]\n|-miss|p2b: Aerodactyl|p1a: Raichu\n|move|p1a: Raichu|Thunder|p2a: Alakazam|[miss]\n|-miss|p1a: Raichu|p2a: Alakazam\n|\n|upkeep\n|turn|8\n|\n|t:|1776104125\n|move|p2a: Alakazam|Expanding Force|p1a: Raichu\n|-damage|p1a: Raichu|3/100\n|move|p2b: Aerodactyl|Rock Slide|p1a: Raichu\n|-damage|p1a: Raichu|0 fnt\n|faint|p1a: Raichu\n|\n|win|LogOffBroseph\n|raw|hylios1's rating: 1047 &rarr; <strong>1030</strong><br />(-17 for losing)\n|raw|LogOffBroseph's rating: 1050 &rarr; <strong>1082</strong><br />(+32 for winning)\n|l|\u2606hylios1\n|player|p1|\n",
  "uploadtime": 1776104141,
  "views": 16,
  "formatid": "gen9championsvgc2026regma",
  "rating": 1030,
  "private": 0,
  "password": null
}