{
  "id": "gen9championsvgc2026regma-2585149544",
  "format": "[Gen 9 Champions] VGC 2026 Reg M-A",
  "players": [
    "Phillip Blevin",
    "fabbe360"
  ],
  "log": "|j|\u2606Phillip Blevin\n|j|\u2606fabbe360\n|t:|1776317859\n|gametype|doubles\n|player|p1|Phillip Blevin|cynthia-masters4|1089\n|player|p2|fabbe360|steven|1000\n|gen|9\n|tier|[Gen 9 Champions] VGC 2026 Reg M-A\n|rated|\n|rule|Species Clause: Limit one of each Pok\u00e9mon\n|rule|Item Clause: Limit 1 of each item\n|clearpoke\n|poke|p1|Ceruledge, L50, F|\n|poke|p1|Corviknight, L50, M|\n|poke|p1|Garchomp, L50, F|\n|poke|p1|Arcanine-Hisui, L50, M|\n|poke|p1|Froslass, L50, F|\n|poke|p1|Rotom-Wash, L50|\n|poke|p2|Froslass, L50, F|\n|poke|p2|Aerodactyl, L50, F|\n|poke|p2|Scizor, L50, M|\n|poke|p2|Tsareena, L50, F|\n|poke|p2|Glaceon, L50, F|\n|poke|p2|Glimmora, L50, F|\n|teampreview|4\n|inactive|Battle timer is ON: inactive players will automatically lose when time's up. (requested by Phillip Blevin)\nPhillip Blevin has agreed to open team sheets.\n|inactive|fabbe360 has 60 seconds left.\n|\n|t:|1776317909\n|teamsize|p1|4\n|teamsize|p2|4\n|start\n|switch|p1a: Rotom|Rotom-Wash, L50|100/100\n|switch|p1b: Froslass|Froslass, L50, F|100/100\n|switch|p2a: Froslass|Froslass, L50, F|100/100\n|switch|p2b: Aerodactyl|Aerodactyl, L50, F|100/100\n|-ability|p2b: Aerodactyl|Unnerve\n|turn|1\n|\n|t:|1776317925\n|detailschange|p1b: Froslass|Froslass-Mega, L50, F\n|-mega|p1b: Froslass|Froslass|Froslassite\n|-weather|Snowscape|[from] ability: Snow Warning|[of] p1b: Froslass\n|move|p2a: Froslass|Protect|p2a: Froslass\n|-singleturn|p2a: Froslass|Protect\n|move|p1a: Rotom|Electroweb|p2b: Aerodactyl|[spread] p2b\n|-activate|p2a: Froslass|move: Protect\n|-supereffective|p2b: Aerodactyl|1\n|-damage|p2b: Aerodactyl|58/100\n|-unboost|p2b: Aerodactyl|spe|1\n|move|p1b: Froslass|Blizzard|p2a: Froslass|[spread] p2b\n|-activate|p2a: Froslass|move: Protect\n|-supereffective|p2b: Aerodactyl|1\n|-damage|p2b: Aerodactyl|0 fnt\n|faint|p2b: Aerodactyl\n|\n|-weather|Snowscape|[upkeep]\n|upkeep\n|\n|t:|1776317947\n|switch|p2b: Glaceon|Glaceon, L50, F, shiny|100/100\n|turn|2\n|\n|t:|1776317956\n|detailschange|p2a: Froslass|Froslass-Mega, L50, F\n|-mega|p2a: Froslass|Froslass|Froslassite\n|move|p1a: Rotom|Electroweb|p2b: Glaceon|[spread] p2a,p2b\n|-damage|p2a: Froslass|80/100\n|-damage|p2b: Glaceon|86/100\n|-unboost|p2a: Froslass|spe|1\n|-unboost|p2b: Glaceon|spe|1\n|move|p1b: Froslass|Shadow Ball|p2a: Froslass\n|-supereffective|p2a: Froslass|1\n|-damage|p2a: Froslass|0 fnt\n|faint|p2a: Froslass\n|move|p2b: Glaceon|Yawn|p1a: Rotom\n|-start|p1a: Rotom|move: Yawn|[of] p2b: Glaceon\n|\n|-weather|Snowscape|[upkeep]\n|-heal|p2b: Glaceon|92/100|[from] ability: Ice Body\n|-heal|p2b: Glaceon|98/100|[from] item: Leftovers\n|upkeep\n|\n|t:|1776317965\n|switch|p2a: Glimmora|Glimmora, L50, F, shiny|100/100\n|turn|3\n|inactive|fabbe360 has 30 seconds left.\n|\n|t:|1776317991\n|switch|p1a: Corviknight|Corviknight, L50, M|100/100\n|move|p1b: Froslass|Blizzard|p2b: Glaceon|[spread] p2a,p2b\n|-resisted|p2b: Glaceon|1\n|-damage|p2a: Glimmora|36/100\n|-damage|p2b: Glaceon|76/100\n|move|p2a: Glimmora|Sludge Bomb|p1b: Froslass\n|-resisted|p1b: Froslass|1\n|-damage|p1b: Froslass|70/100\n|-status|p1b: Froslass|psn\n|move|p2b: Glaceon|Blizzard|p1a: Corviknight|[spread] p1a,p1b\n|-resisted|p1b: Froslass|1\n|-crit|p1b: Froslass\n|-damage|p1a: Corviknight|61/100\n|-damage|p1b: Froslass|35/100 psn\n|\n|-weather|Snowscape|[upkeep]\n|-heal|p2b: Glaceon|82/100|[from] ability: Ice Body\n|-heal|p2b: Glaceon|88/100|[from] item: Leftovers\n|-damage|p1b: Froslass|22/100 psn|[from] psn\n|upkeep\n|turn|4\n|\n|t:|1776318011\n|move|p2a: Glimmora|Spiky Shield|p2a: Glimmora\n|-singleturn|p2a: Glimmora|move: Protect\n|move|p2b: Glaceon|Protect|p2b: Glaceon\n|-singleturn|p2b: Glaceon|Protect\n|move|p1b: Froslass|Blizzard|p2b: Glaceon|[spread] \n|-activate|p2a: Glimmora|move: Protect\n|-activate|p2b: Glaceon|move: Protect\n|move|p1a: Corviknight|Body Press|p2b: Glaceon\n|-activate|p2b: Glaceon|move: Protect\n|\n|-weather|Snowscape|[upkeep]\n|-heal|p2b: Glaceon|94/100|[from] ability: Ice Body\n|-heal|p2b: Glaceon|99/100|[from] item: Leftovers\n|-damage|p1b: Froslass|10/100 psn|[from] psn\n|upkeep\n|turn|5\n|\n|t:|1776318031\n|move|p1b: Froslass|Blizzard|p2a: Glimmora|[spread] p2a,p2b\n|-resisted|p2b: Glaceon|1\n|-damage|p2a: Glimmora|0 fnt\n|-damage|p2b: Glaceon|79/100\n|faint|p2a: Glimmora\n|move|p1a: Corviknight|Body Press|p2b: Glaceon\n|-supereffective|p2b: Glaceon|1\n|-damage|p2b: Glaceon|44/100\n|move|p2b: Glaceon|Yawn|p1a: Corviknight\n|-start|p1a: Corviknight|move: Yawn|[of] p2b: Glaceon\n|\n|-weather|none\n|-heal|p2b: Glaceon|50/100|[from] item: Leftovers\n|-damage|p1b: Froslass|0 fnt|[from] psn\n|faint|p1b: Froslass\n|upkeep\n|\n|t:|1776318041\n|switch|p1b: Arcanine|Arcanine-Hisui, L50, M|100/100\n|-ability|p1b: Arcanine|Intimidate|boost\n|-unboost|p2b: Glaceon|atk|1\n|turn|6\n|\n|t:|1776318046\n|switch|p1a: Rotom|Rotom-Wash, L50|100/100\n|move|p1b: Arcanine|Flare Blitz|p2b: Glaceon\n|-supereffective|p2b: Glaceon|1\n|-damage|p2b: Glaceon|0 fnt\n|faint|p2b: Glaceon\n|-damage|p1b: Arcanine|84/100|[from] Recoil\n|\n|win|Phillip Blevin\n|raw|Phillip Blevin's rating: 1089 &rarr; <strong>1109</strong><br />(+20 for winning)\n|raw|fabbe360's rating: 1000 &rarr; <strong>1000</strong><br />(+0 for losing)\n",
  "uploadtime": 1776318046,
  "views": 19,
  "formatid": "gen9championsvgc2026regma",
  "rating": 1000,
  "private": 0,
  "password": null
}