{
  "id": "gen9championsvgc2026regma-2582160350",
  "format": "[Gen 9 Champions] VGC 2026 Reg M-A",
  "players": [
    "ZillvaPlayZ",
    "OLDHAMOLD"
  ],
  "log": "|j|\u2606ZillvaPlayZ\n|j|\u2606OLDHAMOLD\n|t:|1776065714\n|gametype|doubles\n|player|p1|ZillvaPlayZ|n|1000\n|player|p2|OLDHAMOLD|veteran|1000\n|gen|9\n|tier|[Gen 9 Champions] VGC 2026 Reg M-A\n|rated|\n|rule|Species Clause: Limit one of each Pok\u00e9mon\n|rule|Item Clause: Limit 1 of each item\n|clearpoke\n|poke|p1|Typhlosion-Hisui, L50, F|\n|poke|p1|Whimsicott, L50, M|\n|poke|p1|Charizard, L50, M|\n|poke|p1|Hawlucha, L50, M|\n|poke|p1|Vanilluxe, L50, F|\n|poke|p1|Incineroar, L50, M|\n|poke|p2|Pelipper, L50, M|\n|poke|p2|Kingambit, L50, M|\n|poke|p2|Starmie, L50|\n|poke|p2|Garchomp, L50, M|\n|poke|p2|Raichu, L50, M|\n|poke|p2|Archaludon, L50, F|\n|teampreview|4\n|\n|t:|1776065748\n|teamsize|p1|4\n|teamsize|p2|4\n|start\n|switch|p1a: Vanilluxe|Vanilluxe, L50, F|100/100\n|switch|p1b: Hawlucha|Hawlucha, L50, M|100/100\n|switch|p2a: Garchomp|Garchomp, L50, M|100/100\n|switch|p2b: Starmie|Starmie, L50|100/100\n|-ability|p1b: Hawlucha|Mold Breaker\n|-weather|Snowscape|[from] ability: Snow Warning|[of] p1a: Vanilluxe\n|turn|1\n|-activate|p1a: Vanilluxe|item: Quick Claw\n|\n|t:|1776065776\n|detailschange|p1b: Hawlucha|Hawlucha-Mega, L50, M\n|-mega|p1b: Hawlucha|Hawlucha|Hawluchanite\n|detailschange|p2b: Starmie|Starmie-Mega, L50\n|-mega|p2b: Starmie|Starmie|Starminite\n|move|p1a: Vanilluxe|Aurora Veil|p1a: Vanilluxe\n|-sidestart|p1: ZillvaPlayZ|move: Aurora Veil\n|move|p1b: Hawlucha|Entrainment|p2b: Starmie\n|-ability|p2b: Starmie|No Guard|Huge Power|[from] move: Entrainment|[of] p1b: Hawlucha\n|move|p2b: Starmie|Waterfall|p1a: Vanilluxe\n|-damage|p1a: Vanilluxe|72/100\n|move|p2a: Garchomp|Rock Slide|p1b: Hawlucha|[spread] p1a,p1b\n|-supereffective|p1a: Vanilluxe|1\n|-damage|p1a: Vanilluxe|45/100\n|-damage|p1b: Hawlucha|84/100\n|\n|-weather|Snowscape|[upkeep]\n|upkeep\n|turn|2\n|-activate|p1a: Vanilluxe|item: Quick Claw\n|\n|t:|1776065812\n|switch|p1b: Whimsicott|Whimsicott, L50, M|100/100\n|move|p1a: Vanilluxe|Protect|p1a: Vanilluxe\n|-singleturn|p1a: Vanilluxe|Protect\n|move|p2b: Starmie|Psycho Cut|p1b: Whimsicott\n|-damage|p1b: Whimsicott|72/100\n|move|p2a: Garchomp|Swords Dance|p2a: Garchomp\n|-boost|p2a: Garchomp|atk|2\n|\n|-weather|Snowscape|[upkeep]\n|upkeep\n|turn|3\n|\n|t:|1776065828\n|move|p1b: Whimsicott|Tailwind|p1b: Whimsicott\n|-sidestart|p1: ZillvaPlayZ|move: Tailwind\n|move|p2b: Starmie|Aqua Jet|p1a: Vanilluxe\n|-damage|p1a: Vanilluxe|32/100\n|move|p1a: Vanilluxe|Freeze-Dry|p2a: Garchomp\n|-supereffective|p2a: Garchomp|2\n|-damage|p2a: Garchomp|0 fnt\n|faint|p2a: Garchomp\n|\n|-weather|Snowscape|[upkeep]\n|upkeep\n|\n|t:|1776065839\n|switch|p2a: Archaludon|Archaludon, L50, F|100/100\n|turn|4\n|\n|t:|1776065864\n|move|p1b: Whimsicott|Protect|p1b: Whimsicott\n|-singleturn|p1b: Whimsicott|Protect\n|move|p1a: Vanilluxe|Sheer Cold|p2b: Starmie\n|-damage|p2b: Starmie|0 fnt\n|faint|p2b: Starmie\n|-ohko\n|move|p2a: Archaludon|Flash Cannon|p1b: Whimsicott\n|-activate|p1b: Whimsicott|move: Protect\n|\n|-weather|Snowscape|[upkeep]\n|upkeep\n|\n|t:|1776065873\n|switch|p2b: Pelipper|Pelipper, L50, M|100/100\n|-weather|RainDance|[from] ability: Drizzle|[of] p2b: Pelipper\n|turn|5\n|\n|t:|1776065885\n|move|p1b: Whimsicott|Moonblast|p2a: Archaludon\n|-damage|p2a: Archaludon|62/100\n|-ability|p2a: Archaludon|Stamina|boost\n|-boost|p2a: Archaludon|def|1\n|move|p1a: Vanilluxe|Freeze-Dry|p2b: Pelipper\n|-supereffective|p2b: Pelipper|2\n|-damage|p2b: Pelipper|0 fnt\n|faint|p2b: Pelipper\n|move|p2a: Archaludon|Flash Cannon|p1a: Vanilluxe\n|-supereffective|p1a: Vanilluxe|1\n|-damage|p1a: Vanilluxe|0 fnt\n|faint|p1a: Vanilluxe\n|\n|-weather|RainDance|[upkeep]\n|-sideend|p1: ZillvaPlayZ|move: Aurora Veil\n|upkeep\n|\n|t:|1776065903\n|switch|p1a: Charizard|Charizard, L50, M|100/100\n|turn|6\n|\n|t:|1776065918\n|move|p1a: Charizard|Protect|p1a: Charizard\n|-singleturn|p1a: Charizard|Protect\n|move|p1b: Whimsicott|Encore|p2a: Archaludon\n|-start|p2a: Archaludon|Encore\n|move|p2a: Archaludon|Flash Cannon|p1a: Charizard\n|-activate|p1a: Charizard|move: Protect\n|\n|-weather|RainDance|[upkeep]\n|-sideend|p1: ZillvaPlayZ|move: Tailwind\n|upkeep\n|turn|7\n|\n|t:|1776065936\n|switch|p1a: Hawlucha|Hawlucha-Mega, L50, M|84/100\n|move|p1b: Whimsicott|Protect|p1b: Whimsicott\n|-singleturn|p1b: Whimsicott|Protect\n|move|p2a: Archaludon|Flash Cannon|p1a: Hawlucha\n|-damage|p1a: Hawlucha|31/100\n|\n|-weather|RainDance|[upkeep]\n|upkeep\n|turn|8\n|\n|t:|1776065946\n|move|p2a: Archaludon|Flash Cannon|p1b: Whimsicott\n|-supereffective|p1b: Whimsicott|1\n|-damage|p1b: Whimsicott|0 fnt\n|faint|p1b: Whimsicott\n|move|p1a: Hawlucha|Close Combat|p2a: Archaludon\n|-supereffective|p2a: Archaludon|1\n|-damage|p2a: Archaludon|0 fnt\n|-unboost|p1a: Hawlucha|def|1\n|-unboost|p1a: Hawlucha|spd|1\n|faint|p2a: Archaludon\n|\n|win|ZillvaPlayZ\n|raw|ZillvaPlayZ's rating: 1000 &rarr; <strong>1040</strong><br />(+40 for winning)\n|raw|OLDHAMOLD's rating: 1000 &rarr; <strong>1000</strong><br />(+0 for losing)\n|l|\u2606OLDHAMOLD\n|player|p2|\n",
  "uploadtime": 1776065961,
  "views": 23,
  "formatid": "gen9championsvgc2026regma",
  "rating": 1000,
  "private": 0,
  "password": null
}