{
  "id": "gen9championsvgc2026regma-2588570756",
  "format": "[Gen 9 Champions] VGC 2026 Reg M-A",
  "players": [
    "yadazei",
    "supreili"
  ],
  "log": "|j|\u2606yadazei\n|j|\u2606supreili\n|t:|1776646045\n|gametype|doubles\n|player|p1|yadazei|twins|1303\n|player|p2|supreili|265|1228\n|gen|9\n|tier|[Gen 9 Champions] VGC 2026 Reg M-A\n|rated|\n|rule|Species Clause: Limit one of each Pok\u00e9mon\n|rule|Item Clause: Limit 1 of each item\n|clearpoke\n|poke|p1|Charizard, L50, M|\n|poke|p1|Floette-Eternal, L50, F|\n|poke|p1|Aerodactyl, L50, F|\n|poke|p1|Garchomp, L50, M|\n|poke|p1|Sneasler, L50, F|\n|poke|p1|Kingambit, L50, M|\n|poke|p2|Sneasler, L50, M, shiny|\n|poke|p2|Aegislash, L50, M, shiny|\n|poke|p2|Incineroar, L50, M, shiny|\n|poke|p2|Tsareena, L50, F, shiny|\n|poke|p2|Milotic, L50, F, shiny|\n|poke|p2|Dragonite, L50, F, shiny|\n|teampreview|4\n|inactive|Battle timer is ON: inactive players will automatically lose when time's up. (requested by yadazei)\n|\n|t:|1776646076\n|teamsize|p1|4\n|teamsize|p2|4\n|start\n|switch|p1a: Sneasler|Sneasler, L50, F|100/100\n|switch|p1b: Garchomp|Garchomp, L50, M|100/100\n|switch|p2a: The Toucher|Sneasler, L50, M, shiny|100/100\n|switch|p2b: Slash|Aegislash, L50, M, shiny|100/100\n|turn|1\n|\n|t:|1776646100\n|move|p2a: The Toucher|Protect|p2a: The Toucher\n|-singleturn|p2a: The Toucher|Protect\n|move|p1a: Sneasler|Protect|p1a: Sneasler\n|-singleturn|p1a: Sneasler|Protect\n|move|p2b: Slash|King's Shield|p2b: Slash\n|-singleturn|p2b: Slash|Protect\n|move|p1b: Garchomp|Earthquake|p2a: The Toucher|[spread] \n|-activate|p1a: Sneasler|move: Protect\n|-activate|p2a: The Toucher|move: Protect\n|-activate|p2b: Slash|move: Protect\n|\n|upkeep\n|turn|2\n|\n|t:|1776646122\n|switch|p2b: Milos|Milotic, L50, F, shiny|100/100\n|move|p1b: Garchomp|Earthquake|p2a: The Toucher|[spread] p1a,p2a,p2b\n|-supereffective|p1a: Sneasler|1\n|-supereffective|p2a: The Toucher|1\n|-damage|p1a: Sneasler|0 fnt\n|-damage|p2a: The Toucher|0 fnt\n|-damage|p2b: Milos|64/100\n|faint|p1a: Sneasler\n|faint|p2a: The Toucher\n|\n|upkeep\n|\n|t:|1776646129\n|switch|p1a: Floette|Floette-Eternal, L50, F|100/100\n|switch|p2a: Lady|Tsareena, L50, F, shiny|100/100\n|turn|3\n|\n|t:|1776646146\n|move|p1a: Floette|Protect|p1a: Floette\n|-singleturn|p1a: Floette|Protect\n|move|p1b: Garchomp|Earthquake|p2a: Lady|[spread] p2a,p2b\n|-activate|p1a: Floette|move: Protect\n|-resisted|p2a: Lady|1\n|-damage|p2a: Lady|76/100\n|-damage|p2b: Milos|30/100\n|move|p2a: Lady|Triple Axel|p1b: Garchomp\n|-supereffective|p1b: Garchomp|2\n|-damage|p1b: Garchomp|70/100\n|-damage|p2a: Lady|64/100|[from] ability: Rough Skin|[of] p1b: Garchomp\n|-supereffective|p1b: Garchomp|2\n|-damage|p1b: Garchomp|12/100\n|-damage|p2a: Lady|52/100|[from] ability: Rough Skin|[of] p1b: Garchomp\n|-supereffective|p1b: Garchomp|2\n|-damage|p1b: Garchomp|0 fnt\n|-damage|p2a: Lady|39/100|[from] ability: Rough Skin|[of] p1b: Garchomp\n|faint|p1b: Garchomp\n|-hitcount|p1: Garchomp|3\n|move|p2b: Milos|Scald|p1a: Floette\n|-activate|p1a: Floette|move: Protect\n|\n|upkeep\n|\n|t:|1776646153\n|switch|p1b: Kingambit|Kingambit, L50, M|100/100\n|turn|4\n|\n|t:|1776646168\n|switch|p2a: Slash|Aegislash, L50, M, shiny|100/100\n|detailschange|p1a: Floette|Floette-Mega, L50, F\n|-mega|p1a: Floette|Floette|Floettite\n|-ability|p1a: Floette|Fairy Aura\n|move|p1b: Kingambit|Protect|p1b: Kingambit\n|-singleturn|p1b: Kingambit|Protect\n|move|p1a: Floette|Dazzling Gleam|p2b: Milos|[spread] p2a,p2b\n|-resisted|p2a: Slash|1\n|-damage|p2a: Slash|81/100\n|-damage|p2b: Milos|0 fnt\n|faint|p2b: Milos\n|\n|upkeep\n|\n|t:|1776646176\n|switch|p2b: Lady|Tsareena, L50, F, shiny|39/100\n|turn|5\n|\n|t:|1776646183\n|move|p1a: Floette|Protect|p1a: Floette\n|-singleturn|p1a: Floette|Protect\n|move|p2b: Lady|Low Kick|p1b: Kingambit\n|-supereffective|p1b: Kingambit|2\n|-damage|p1b: Kingambit|7/100\n|-formechange|p2a: Slash|Aegislash-Blade|\n|move|p2a: Slash|Iron Head|p1a: Floette\n|-activate|p1a: Floette|move: Protect\n|move|p1b: Kingambit|Kowtow Cleave|p2a: Slash\n|-supereffective|p2a: Slash|1\n|-crit|p2a: Slash\n|-damage|p2a: Slash|0 fnt\n|faint|p2a: Slash\n|\n|upkeep\n|turn|6\n|-message|supreili forfeited.\n|\n|win|yadazei\n|raw|yadazei's rating: 1303 &rarr; <strong>1319</strong><br />(+16 for winning)\n|raw|supreili's rating: 1228 &rarr; <strong>1208</strong><br />(-20 for losing)\n|l|\u2606supreili\n|player|p2|\n",
  "uploadtime": 1776646201,
  "views": 10,
  "formatid": "gen9championsvgc2026regma",
  "rating": 1208,
  "private": 0,
  "password": null
}