{
  "id": "gen9championsvgc2026regma-2582023836",
  "format": "[Gen 9 Champions] VGC 2026 Reg M-A",
  "players": [
    "theson1909",
    "itsjustsomni"
  ],
  "log": "|j|\u2606theson1909\n|j|\u2606itsjustsomni\n|t:|1776049355\n|gametype|doubles\n|player|p1|theson1909|102|1040\n|player|p2|itsjustsomni|cyrus|1086\n|gen|9\n|tier|[Gen 9 Champions] VGC 2026 Reg M-A\n|rated|\n|rule|Species Clause: Limit one of each Pok\u00e9mon\n|rule|Item Clause: Limit 1 of each item\n|clearpoke\n|poke|p1|Dragonite, L50, M|\n|poke|p1|Pelipper, L50, F|\n|poke|p1|Clefable, L50, F|\n|poke|p1|Incineroar, L50, F|\n|poke|p1|Lucario, L50, M|\n|poke|p1|Basculegion, L50, M|\n|poke|p2|Charizard, L50, F|\n|poke|p2|Venusaur, L50, M|\n|poke|p2|Whimsicott, L50, M|\n|poke|p2|Incineroar, L50, F|\n|poke|p2|Crabominable, L50, M|\n|poke|p2|Sinistcha, L50|\n|teampreview|4\n|inactive|Battle timer is ON: inactive players will automatically lose when time's up. (requested by itsjustsomni)\n|\n|t:|1776049384\n|teamsize|p1|4\n|teamsize|p2|4\n|start\n|switch|p1a: Dragonite|Dragonite, L50, M, shiny|100/100\n|switch|p1b: Clefable|Clefable, L50, F, shiny|100/100\n|switch|p2a: Charizard|Charizard, L50, F|100/100\n|switch|p2b: Venusaur|Venusaur, L50, M|100/100\n|turn|1\n|\n|t:|1776049399\n|detailschange|p2a: Charizard|Charizard-Mega-Y, L50, F\n|-mega|p2a: Charizard|Charizard|Charizardite Y\n|-weather|SunnyDay|[from] ability: Drought|[of] p2a: Charizard\n|detailschange|p1a: Dragonite|Dragonite-Mega, L50, M, shiny\n|-mega|p1a: Dragonite|Dragonite|Dragoninite\n|move|p1b: Clefable|Follow Me|p1b: Clefable\n|-singleturn|p1b: Clefable|move: Follow Me\n|move|p2b: Venusaur|Sleep Powder|p1b: Clefable|[miss]\n|-miss|p2b: Venusaur|p1b: Clefable\n|move|p1a: Dragonite|Hurricane|p2b: Venusaur|[miss]\n|-miss|p1a: Dragonite|p2b: Venusaur\n|move|p2a: Charizard|Heat Wave|p1a: Dragonite|[spread] p1b\n|-miss|p2a: Charizard|p1a: Dragonite\n|-damage|p1b: Clefable|40/100\n|\n|-weather|SunnyDay|[upkeep]\n|-heal|p1b: Clefable|46/100|[from] item: Leftovers\n|upkeep\n|turn|2\n|\n|t:|1776049423\n|switch|p1b: Pelipper|Pelipper, L50, F, shiny|100/100\n|-weather|RainDance|[from] ability: Drizzle|[of] p1b: Pelipper\n|move|p2b: Venusaur|Protect|p2b: Venusaur\n|-singleturn|p2b: Venusaur|Protect\n|move|p1a: Dragonite|Thunder|p2a: Charizard\n|-supereffective|p2a: Charizard|1\n|-damage|p2a: Charizard|24/100\n|-status|p2a: Charizard|par\n|move|p2a: Charizard|Heat Wave|p1a: Dragonite|[spread] p1a,p1b\n|-resisted|p1a: Dragonite|1\n|-resisted|p1b: Pelipper|1\n|-damage|p1a: Dragonite|96/100\n|-damage|p1b: Pelipper|90/100\n|\n|-weather|RainDance|[upkeep]\n|upkeep\n|turn|3\n|\n|t:|1776049447\n|switch|p2b: Whimsicott|Whimsicott, L50, M|100/100\n|switch|p2a: Incineroar|Incineroar, L50, F|100/100\n|-ability|p2a: Incineroar|Intimidate|boost\n|-unboost|p1a: Dragonite|atk|1\n|-unboost|p1b: Pelipper|atk|1\n|move|p1a: Dragonite|Hurricane|p2b: Whimsicott\n|-supereffective|p2b: Whimsicott|1\n|-enditem|p2b: Whimsicott|Focus Sash\n|-damage|p2b: Whimsicott|1/100\n|move|p1b: Pelipper|Tailwind|p1b: Pelipper\n|-sidestart|p1: theson1909|move: Tailwind\n|\n|-weather|RainDance|[upkeep]\n|upkeep\n|turn|4\n|inactive|theson1909 has 30 seconds left.\n|inactive|itsjustsomni has 30 seconds left.\n|\n|t:|1776049479\n|switch|p1b: Basculegion|Basculegion, L50, M|100/100\n|move|p2a: Incineroar|Fake Out|p1a: Dragonite\n|-damage|p1a: Dragonite|84/100\n|move|p2b: Whimsicott|Encore||[still]\n|-fail|p2b: Whimsicott\n|cant|p1a: Dragonite|flinch\n|\n|-weather|RainDance|[upkeep]\n|upkeep\n|turn|5\n|\n|t:|1776049504\n|move|p2b: Whimsicott|Tailwind|p2b: Whimsicott\n|-sidestart|p2: itsjustsomni|move: Tailwind\n|move|p1b: Basculegion|Flip Turn|p2a: Incineroar\n|-supereffective|p2a: Incineroar|1\n|-damage|p2a: Incineroar|3/100\n|-enditem|p2a: Incineroar|Sitrus Berry|[eat]\n|-heal|p2a: Incineroar|28/100|[from] item: Sitrus Berry\n|\n|t:|1776049512\n|switch|p1b: Clefable|Clefable, L50, F, shiny|46/100|[from] Flip Turn\n|move|p1a: Dragonite|Hurricane|p2b: Whimsicott\n|-supereffective|p2b: Whimsicott|1\n|-damage|p2b: Whimsicott|0 fnt\n|faint|p2b: Whimsicott\n|move|p2a: Incineroar|Parting Shot|p1a: Dragonite\n|-unboost|p1a: Dragonite|atk|1\n|-unboost|p1a: Dragonite|spa|1\n|\n|t:|1776049524\n|switch|p2a: Charizard|Charizard-Mega-Y, L50, F|24/100 par|[from] Parting Shot\n|-weather|SunnyDay|[from] ability: Drought|[of] p2a: Charizard\n|\n|-weather|SunnyDay|[upkeep]\n|-heal|p1b: Clefable|51/100|[from] item: Leftovers\n|upkeep\n|\n|t:|1776049531\n|switch|p2b: Venusaur|Venusaur, L50, M|100/100\n|turn|6\n|\n|t:|1776049541\n|move|p1b: Clefable|Follow Me|p1b: Clefable\n|-singleturn|p1b: Clefable|move: Follow Me\n|move|p2b: Venusaur|Sleep Powder|p1b: Clefable|[miss]\n|-miss|p2b: Venusaur|p1b: Clefable\n|move|p1a: Dragonite|Thunder|p2a: Charizard|[miss]\n|-miss|p1a: Dragonite|p2a: Charizard\n|move|p2a: Charizard|Heat Wave|p1a: Dragonite|[spread] p1b\n|-miss|p2a: Charizard|p1a: Dragonite\n|-damage|p1b: Clefable|0 fnt\n|faint|p1b: Clefable\n|\n|-weather|SunnyDay|[upkeep]\n|-sideend|p1: theson1909|move: Tailwind\n|upkeep\n|\n|t:|1776049552\n|switch|p1b: Pelipper|Pelipper, L50, F, shiny|90/100\n|-weather|RainDance|[from] ability: Drizzle|[of] p1b: Pelipper\n|turn|7\n|\n|t:|1776049562\n|switch|p2a: Incineroar|Incineroar, L50, F|28/100\n|-ability|p2a: Incineroar|Intimidate|boost\n|-unboost|p1a: Dragonite|atk|1\n|-unboost|p1b: Pelipper|atk|1\n|move|p2b: Venusaur|Protect|p2b: Venusaur\n|-singleturn|p2b: Venusaur|Protect\n|move|p1a: Dragonite|Hurricane|p2b: Venusaur\n|-activate|p2b: Venusaur|move: Protect\n|move|p1b: Pelipper|Weather Ball|p2a: Incineroar\n|-supereffective|p2a: Incineroar|1\n|-damage|p2a: Incineroar|0 fnt\n|faint|p2a: Incineroar\n|\n|-weather|RainDance|[upkeep]\n|upkeep\n|\n|t:|1776049578\n|switch|p2a: Charizard|Charizard-Mega-Y, L50, F|24/100 par\n|-weather|SunnyDay|[from] ability: Drought|[of] p2a: Charizard\n|turn|8\n|\n|t:|1776049590\n|move|p2b: Venusaur|Sleep Powder|p1a: Dragonite\n|-status|p1a: Dragonite|slp|[from] move: Sleep Powder\n|cant|p1a: Dragonite|slp\n|move|p2a: Charizard|Solar Beam||[still]\n|-prepare|p2a: Charizard|Solar Beam\n|-anim|p2a: Charizard|Solar Beam|p1b: Pelipper\n|-damage|p1b: Pelipper|39/100\n|move|p1b: Pelipper|Weather Ball|p2b: Venusaur\n|-supereffective|p2b: Venusaur|1\n|-damage|p2b: Venusaur|31/100\n|\n|-weather|SunnyDay|[upkeep]\n|-sideend|p2: itsjustsomni|move: Tailwind\n|upkeep\n|turn|9\n|inactive|itsjustsomni has 30 seconds left.\n|\n|t:|1776049618\n|switch|p1b: Basculegion|Basculegion, L50, M|100/100\n|cant|p1a: Dragonite|slp\n|move|p2b: Venusaur|Sludge Bomb|p1b: Basculegion\n|-resisted|p1b: Basculegion|1\n|-damage|p1b: Basculegion|81/100\n|cant|p2a: Charizard|par\n|\n|-weather|SunnyDay|[upkeep]\n|upkeep\n|turn|10\n|\n|t:|1776049639\n|switch|p1a: Pelipper|Pelipper, L50, F, shiny|39/100\n|-weather|RainDance|[from] ability: Drizzle|[of] p1a: Pelipper\n|move|p1b: Basculegion|Wave Crash|p2b: Venusaur\n|-resisted|p2b: Venusaur|1\n|-damage|p2b: Venusaur|0 fnt\n|faint|p2b: Venusaur\n|-damage|p1b: Basculegion|73/100|[from] Recoil\n|move|p2a: Charizard|Heat Wave|p1b: Basculegion|[spread] p1a\n|-miss|p2a: Charizard|p1b: Basculegion\n|-resisted|p1a: Pelipper|1\n|-damage|p1a: Pelipper|29/100\n|\n|-weather|RainDance|[upkeep]\n|upkeep\n|turn|11\n|-message|itsjustsomni forfeited.\n|\n|win|theson1909\n|raw|theson1909's rating: 1040 &rarr; <strong>1078</strong><br />(+38 for winning)\n|raw|itsjustsomni's rating: 1086 &rarr; <strong>1060</strong><br />(-26 for losing)\n",
  "uploadtime": 1776049660,
  "views": 17,
  "formatid": "gen9championsvgc2026regma",
  "rating": 1060,
  "private": 0,
  "password": null
}