{
  "id": "gen9championsvgc2026regma-2587782888",
  "format": "[Gen 9 Champions] VGC 2026 Reg M-A",
  "players": [
    "Neteski",
    "Amukhan"
  ],
  "log": "|j|\u2606Neteski\n|j|\u2606Amukhan\n|t:|1776563530\n|gametype|doubles\n|player|p1|Neteski|ethan|1144\n|player|p2|Amukhan|ingo|1148\n|gen|9\n|tier|[Gen 9 Champions] VGC 2026 Reg M-A\n|rated|\n|rule|Species Clause: Limit one of each Pok\u00e9mon\n|rule|Item Clause: Limit 1 of each item\n|clearpoke\n|poke|p1|Froslass, L50, F|\n|poke|p1|Garchomp, L50, M|\n|poke|p1|Arcanine, L50, M|\n|poke|p1|Corviknight, L50, F|\n|poke|p1|Whimsicott, L50, M|\n|poke|p1|Dragonite, L50, M|\n|poke|p2|Victreebel, L50, F, shiny|\n|poke|p2|Incineroar, L50, M|\n|poke|p2|Cofagrigus, L50, M|\n|poke|p2|Scovillain, L50, M, shiny|\n|poke|p2|Farigiraf, L50, M|\n|poke|p2|Typhlosion-Hisui, L50, F, shiny|\n|teampreview|4\n|inactive|Battle timer is ON: inactive players will automatically lose when time's up. (requested by Neteski)\n|j| HatsandSticks\n|inactive|Neteski has 60 seconds left.\n|inactive|Amukhan has 60 seconds left.\n|\n|t:|1776563570\n|teamsize|p1|4\n|teamsize|p2|4\n|start\n|switch|p1a: Corviknight|Corviknight, L50, F|100/100\n|switch|p1b: Garchomp|Garchomp, L50, M|100/100\n|switch|p2a: Scovillain|Scovillain, L50, M, shiny|100/100\n|switch|p2b: Farigiraf|Farigiraf, L50, M|100/100\n|turn|1\n|inactive|Neteski has 30 seconds left.\n|\n|t:|1776563597\n|detailschange|p2a: Scovillain|Scovillain-Mega, L50, M, shiny\n|-mega|p2a: Scovillain|Scovillain|Scovillainite\n|move|p2a: Scovillain|Rage Powder|p2a: Scovillain\n|-singleturn|p2a: Scovillain|move: Rage Powder\n|move|p1b: Garchomp|Earthquake|p2a: Scovillain|[spread] p2a,p2b\n|-immune|p1a: Corviknight\n|-damage|p2a: Scovillain|62/100\n|-damage|p2b: Farigiraf|62/100\n|-status|p1b: Garchomp|brn|[from] ability: Spicy Spray|[of] p2a: Scovillain\n|move|p1a: Corviknight|Brave Bird|p2a: Scovillain\n|-supereffective|p2a: Scovillain|1\n|-damage|p2a: Scovillain|0 fnt\n|-status|p1a: Corviknight|brn|[from] ability: Spicy Spray|[of] p2a: Scovillain\n|faint|p2a: Scovillain\n|-damage|p1a: Corviknight|84/100 brn|[from] Recoil\n|move|p2b: Farigiraf|Trick Room|p2b: Farigiraf\n|-fieldstart|move: Trick Room|[of] p2b: Farigiraf\n|\n|-heal|p1a: Corviknight|90/100 brn|[from] item: Leftovers\n|-damage|p1a: Corviknight|84/100 brn|[from] brn\n|-damage|p1b: Garchomp|94/100 brn|[from] brn\n|upkeep\n|\n|t:|1776563621\n|switch|p2a: Cofagrigus|Cofagrigus, L50, M|100/100\n|turn|2\n|\n|t:|1776563640\n|move|p2a: Cofagrigus|Hex|p1b: Garchomp\n|-damage|p1b: Garchomp|45/100 brn\n|move|p2b: Farigiraf|Hyper Voice|p1b: Garchomp|[spread] p1a,p1b\n|-resisted|p1a: Corviknight|1\n|-crit|p1a: Corviknight\n|-damage|p1a: Corviknight|59/100 brn\n|-damage|p1b: Garchomp|7/100 brn\n|move|p1a: Corviknight|Body Press|p2b: Farigiraf\n|-damage|p2b: Farigiraf|49/100\n|-enditem|p2b: Farigiraf|Sitrus Berry|[eat]\n|-heal|p2b: Farigiraf|74/100|[from] item: Sitrus Berry\n|move|p1b: Garchomp|Dragon Claw|p2b: Farigiraf\n|-damage|p2b: Farigiraf|53/100\n|\n|-heal|p1a: Corviknight|65/100 brn|[from] item: Leftovers\n|-damage|p1a: Corviknight|59/100 brn|[from] brn\n|-damage|p1b: Garchomp|1/100 brn|[from] brn\n|upkeep\n|turn|3\n|inactive|Neteski has 30 seconds left.\n|inactive|Amukhan has 30 seconds left.\n|\n|t:|1776563678\n|move|p2a: Cofagrigus|Iron Defense|p2a: Cofagrigus\n|-boost|p2a: Cofagrigus|def|2\n|move|p2b: Farigiraf|Hyper Voice|p1a: Corviknight|[spread] p1a,p1b\n|-resisted|p1a: Corviknight|1\n|-damage|p1a: Corviknight|43/100 brn\n|-damage|p1b: Garchomp|0 fnt\n|faint|p1b: Garchomp\n|move|p1a: Corviknight|Roost|p1a: Corviknight\n|-heal|p1a: Corviknight|94/100 brn\n|-singleturn|p1a: Corviknight|move: Roost\n|\n|-heal|p1a: Corviknight|99/100 brn|[from] item: Leftovers\n|-damage|p1a: Corviknight|94/100 brn|[from] brn\n|-activate|p2b: Farigiraf|ability: Cud Chew\n|-enditem|p2b: Farigiraf|Sitrus Berry|[eat]\n|-heal|p2b: Farigiraf|78/100|[from] item: Sitrus Berry\n|upkeep\n|inactive|Neteski has 30 seconds left.\n|\n|t:|1776563705\n|switch|p1b: Arcanine|Arcanine, L50, M|100/100\n|-ability|p1b: Arcanine|Intimidate|boost\n|-unboost|p2a: Cofagrigus|atk|1\n|-unboost|p2b: Farigiraf|atk|1\n|turn|4\n|c|\u2606Amukhan|ITS WORKING\n|c|\u2606Amukhan|ITS FINALLY WORKING\n|inactive|Neteski has 30 seconds left.\n|inactive|Amukhan has 30 seconds left.\n|l|\u2606Amukhan\n|inactive|Amukhan disconnected and has a minute to reconnect!\n|player|p2|\n|j|\u2606Amukhan\n|inactive|Amukhan reconnected and has 25 seconds left.\n|player|p2|Amukhan|ingo|\n|inactive|Amukhan has 20 seconds left.\n|inactive|Amukhan has 15 seconds left.\n|inactive|Amukhan has 10 seconds left.\n|\n|t:|1776563751\n|move|p1b: Arcanine|Protect|p1b: Arcanine\n|-singleturn|p1b: Arcanine|Protect\n|move|p2b: Farigiraf|Ally Switch|p2b: Farigiraf\n|swap|p2b: Farigiraf|0|[from] move: Ally Switch\n|move|p2b: Cofagrigus|Iron Defense|p2b: Cofagrigus\n|-boost|p2b: Cofagrigus|def|2\n|move|p1a: Corviknight|Body Press|p2b: Cofagrigus\n|-immune|p2b: Cofagrigus\n|\n|-heal|p1a: Corviknight|99/100 brn|[from] item: Leftovers\n|-damage|p1a: Corviknight|94/100 brn|[from] brn\n|upkeep\n|turn|5\n|\n|t:|1776563773\n|move|p2b: Cofagrigus|Body Press|p1b: Arcanine\n|-damage|p1b: Arcanine|0 fnt\n|faint|p1b: Arcanine\n|move|p2a: Farigiraf|Hyper Voice|p1a: Corviknight\n|-resisted|p1a: Corviknight|1\n|-crit|p1a: Corviknight\n|-damage|p1a: Corviknight|63/100 brn\n|move|p1a: Corviknight|Tailwind|p1a: Corviknight\n|-sidestart|p1: Neteski|move: Tailwind\n|\n|-heal|p1a: Corviknight|68/100 brn|[from] item: Leftovers\n|-damage|p1a: Corviknight|63/100 brn|[from] brn\n|-fieldend|move: Trick Room\n|upkeep\n|\n|t:|1776563785\n|switch|p1b: Froslass|Froslass, L50, F|100/100\n|turn|6\n|\n|t:|1776563806\n|detailschange|p1b: Froslass|Froslass-Mega, L50, F\n|-mega|p1b: Froslass|Froslass|Froslassite\n|-weather|Snowscape|[from] ability: Snow Warning|[of] p1b: Froslass\n|move|p2b: Cofagrigus|Protect|p2b: Cofagrigus\n|-singleturn|p2b: Cofagrigus|Protect\n|move|p1b: Froslass|Blizzard|p2a: Farigiraf|[spread] p2a\n|-activate|p2b: Cofagrigus|move: Protect\n|-damage|p2a: Farigiraf|30/100\n|move|p1a: Corviknight|Brave Bird|p2a: Farigiraf\n|-damage|p2a: Farigiraf|12/100\n|-damage|p1a: Corviknight|55/100 brn|[from] Recoil\n|move|p2a: Farigiraf|Trick Room|p2a: Farigiraf\n|-fieldstart|move: Trick Room|[of] p2a: Farigiraf\n|\n|-weather|Snowscape|[upkeep]\n|-heal|p1a: Corviknight|60/100 brn|[from] item: Leftovers\n|-damage|p1a: Corviknight|55/100 brn|[from] brn\n|upkeep\n|turn|7\n|\n|t:|1776563829\n|move|p2a: Farigiraf|Ally Switch|p2a: Farigiraf\n|swap|p2a: Farigiraf|1|[from] move: Ally Switch\n|move|p2a: Cofagrigus|Hex|p1b: Froslass\n|-supereffective|p1b: Froslass|1\n|-damage|p1b: Froslass|43/100\n|move|p1a: Corviknight|Brave Bird|p2a: Cofagrigus\n|-damage|p2a: Cofagrigus|96/100\n|-activate|p2a: Cofagrigus|ability: Mummy|p1a: Corviknight|[ability] Mirror Armor\n|-damage|p1a: Corviknight|54/100 brn|[from] Recoil\n|move|p1b: Froslass|Blizzard|p2a: Cofagrigus|[spread] p2a,p2b\n|-damage|p2a: Cofagrigus|52/100\n|-damage|p2b: Farigiraf|0 fnt\n|faint|p2b: Farigiraf\n|\n|-weather|Snowscape|[upkeep]\n|-heal|p2a: Cofagrigus|58/100|[from] item: Leftovers\n|-heal|p1a: Corviknight|59/100 brn|[from] item: Leftovers\n|-damage|p1a: Corviknight|54/100 brn|[from] brn\n|upkeep\n|\n|t:|1776563848\n|switch|p2b: Typhlosion|Typhlosion-Hisui, L50, F, shiny|100/100\n|-item|p1a: Corviknight|Leftovers|[from] ability: Frisk|[of] p2b: Typhlosion\n|-item|p1b: Froslass|Froslassite|[from] ability: Frisk|[of] p2b: Typhlosion\n|turn|8\n|inactive|Neteski has 30 seconds left.\n|inactive|Neteski has 20 seconds left.\n|inactive|Neteski has 15 seconds left.\n|inactive|Neteski has 10 seconds left.\n|\n|t:|1776563896\n|move|p2a: Cofagrigus|Hex|p1b: Froslass\n|-supereffective|p1b: Froslass|1\n|-damage|p1b: Froslass|0 fnt\n|faint|p1b: Froslass\n|move|p1a: Corviknight|Brave Bird|p2a: Cofagrigus\n|-damage|p2a: Cofagrigus|54/100\n|-damage|p1a: Corviknight|52/100 brn|[from] Recoil\n|move|p2b: Typhlosion|Infernal Parade|p1a: Corviknight\n|-damage|p1a: Corviknight|0 fnt\n|faint|p1a: Corviknight\n|\n|win|Amukhan\n|raw|Neteski's rating: 1144 &rarr; <strong>1119</strong><br />(-25 for losing)\n|raw|Amukhan's rating: 1148 &rarr; <strong>1173</strong><br />(+25 for winning)\n|c|\u2606Amukhan|I DEMAND SATISFACTION\n|l| HatsandSticks\n|l|\u2606Neteski\n|player|p1|\n",
  "uploadtime": 1776563923,
  "views": 9,
  "formatid": "gen9championsvgc2026regma",
  "rating": 1119,
  "private": 0,
  "password": null
}