{
  "id": "gen9championsvgc2026regma-2585335226",
  "format": "[Gen 9 Champions] VGC 2026 Reg M-A",
  "players": [
    "fangyusuhe",
    "thacrow"
  ],
  "log": "|j|\u2606fangyusuhe\n|j|\u2606thacrow\n|t:|1776338930\n|gametype|doubles\n|player|p1|fangyusuhe|dawn|\n|player|p2|thacrow|#thacrow|\n|gen|9\n|tier|[Gen 9 Champions] VGC 2026 Reg M-A\n|rated|Tournament battle\n|rule|Species Clause: Limit one of each Pok\u00e9mon\n|rule|Item Clause: Limit 1 of each item\n|raw|<div class=\"infobox\"><details class=\"readmore\" open><summary><strong>1 custom rule:</strong></summary> force open teamsheets</details></div>\n|clearpoke\n|poke|p1|Charizard, L50, F|\n|poke|p1|Sneasler, L50, M|\n|poke|p1|Garchomp, L50, F|\n|poke|p1|Incineroar, L50, M|\n|poke|p1|Kingambit, L50, F|\n|poke|p1|Basculegion, L50, M|\n|poke|p2|Gengar, L50, F|\n|poke|p2|Incineroar, L50, M|\n|poke|p2|Hydreigon, L50, M|\n|poke|p2|Sneasler, L50, F|\n|poke|p2|Politoed, L50, M|\n|poke|p2|Palafin, L50, M|\n|teampreview|4\n|showteam|p1|Charizard||CharizarditeY|Blaze|HeatWave,AirSlash,WeatherBall,Protect|||F|||50|]Sneasler||WhiteHerb|Unburden|CloseCombat,DireClaw,FakeOut,Protect|||M|||50|]Garchomp||HabanBerry|RoughSkin|DragonClaw,Earthquake,RockSlide,Protect|||F|||50|]Incineroar||SitrusBerry|Intimidate|ThroatChop,FlareBlitz,PartingShot,FakeOut|||M|||50|]Kingambit||BlackGlasses|Defiant|KowtowCleave,SuckerPunch,SwordsDance,Protect|||F|||50|]Basculegion||FocusSash|Adaptability|Liquidation,AquaJet,LastRespects,Protect|||M|||50|\n|showteam|p2|Gengar||Gengarite|CursedBody|Protect,ShadowBall,PerishSong,Substitute|||F|||50|]Incineroar||SitrusBerry|Intimidate|Protect,FlareBlitz,PartingShot,FakeOut|||M|||50|]Hydreigon||ChoiceScarf|Levitate|Protect,DarkPulse,DracoMeteor,Snarl|||M|||50|]Sneasler||WhiteHerb|Unburden|Protect,CloseCombat,DireClaw,FakeOut|||F|||50|]Politoed||Leftovers|Drizzle|Protect,WeatherBall,Encore,PerishSong|||M|||50|]Palafin||MysticWater|ZerotoHero|Protect,WaveCrash,CloseCombat,JetPunch|||M|||50|\n|j| FBISurveillanceMan\n|c|\u2606thacrow|glhf\n|j| SeydouVGC\n|l|\u2606fangyusuhe\n|player|p1|\n|\n|t:|1776338955\n|teamsize|p1|4\n|teamsize|p2|4\n|start\n|switch|p1a: Basculegion|Basculegion, L50, M|100/100\n|switch|p1b: Kingambit|Kingambit, L50, F|100/100\n|switch|p2a: Sneasler|Sneasler, L50, F, shiny|100/100\n|switch|p2b: Palafin|Palafin, L50, M, shiny|100/100\n|turn|1\n|j|\u2606fangyusuhe\n|player|p1|fangyusuhe|dawn|\n|inactive|Battle timer is ON: inactive players will automatically lose when time's up. (requested by fangyusuhe)\n|\n|t:|1776338984\n|detailschange|p2b: Palafin|Palafin-Hero, L50, M, shiny\n|switch|p2b: Hydreigon|Hydreigon, L50, M, shiny|100/100\n|move|p2a: Sneasler|Protect|p2a: Sneasler\n|-singleturn|p2a: Sneasler|Protect\n|move|p1a: Basculegion|Liquidation|p2a: Sneasler\n|-activate|p2a: Sneasler|move: Protect\n|move|p1b: Kingambit|Swords Dance|p1b: Kingambit\n|-boost|p1b: Kingambit|atk|2\n|\n|upkeep\n|turn|2\n|\n|t:|1776339000\n|switch|p2a: Palafin|Palafin-Hero, L50, M, shiny|100/100\n|-activate|p2a: Palafin|ability: Zero to Hero\n|move|p1a: Basculegion|Aqua Jet|p2a: Palafin\n|-resisted|p2a: Palafin|1\n|-damage|p2a: Palafin|86/100\n|move|p1b: Kingambit|Sucker Punch||[still]\n|-fail|p1b: Kingambit\n|move|p2b: Hydreigon|Dark Pulse|p1a: Basculegion\n|-supereffective|p1a: Basculegion|1\n|-damage|p1a: Basculegion|2/100\n|\n|upkeep\n|turn|3\n|\n|t:|1776339010\n|move|p2b: Hydreigon|Dark Pulse|p1a: Basculegion\n|-supereffective|p1a: Basculegion|1\n|-damage|p1a: Basculegion|0 fnt\n|faint|p1a: Basculegion\n|move|p2a: Palafin|Close Combat|p1b: Kingambit\n|-supereffective|p1b: Kingambit|2\n|-damage|p1b: Kingambit|0 fnt\n|-unboost|p2a: Palafin|def|1\n|-unboost|p2a: Palafin|spd|1\n|faint|p1b: Kingambit\n|\n|upkeep\n|j| 17 character name\n|j| pepo893\n|\n|t:|1776339013\n|switch|p1a: Charizard|Charizard, L50, F|100/100\n|switch|p1b: Sneasler|Sneasler, L50, M|100/100\n|turn|4\n|\n|t:|1776339023\n|move|p2a: Palafin|Protect|p2a: Palafin\n|-singleturn|p2a: Palafin|Protect\n|move|p2b: Hydreigon|Dark Pulse|p1a: Charizard\n|-damage|p1a: Charizard|43/100\n|move|p1b: Sneasler|Close Combat|p2b: Hydreigon\n|-supereffective|p2b: Hydreigon|1\n|-damage|p2b: Hydreigon|0 fnt\n|-unboost|p1b: Sneasler|def|1\n|-unboost|p1b: Sneasler|spd|1\n|faint|p2b: Hydreigon\n|-enditem|p1b: Sneasler|White Herb\n|-clearnegativeboost|p1b: Sneasler|[silent]\n|cant|p1a: Charizard|flinch\n|\n|upkeep\n|\n|t:|1776339026\n|switch|p2b: Sneasler|Sneasler, L50, F, shiny|100/100\n|turn|5\n|\n|t:|1776339035\n|move|p1b: Sneasler|Protect|p1b: Sneasler\n|-singleturn|p1b: Sneasler|Protect\n|move|p1a: Charizard|Protect|p1a: Charizard\n|-singleturn|p1a: Charizard|Protect\n|move|p2b: Sneasler|Fake Out|p1a: Charizard\n|-activate|p1a: Charizard|move: Protect\n|move|p2a: Palafin|Jet Punch|p1a: Charizard\n|-activate|p1a: Charizard|move: Protect\n|\n|upkeep\n|turn|6\n|\n|t:|1776339043\n|detailschange|p1a: Charizard|Charizard-Mega-Y, L50, F\n|-mega|p1a: Charizard|Charizard|Charizardite Y\n|-weather|SunnyDay|[from] ability: Drought|[of] p1a: Charizard\n|move|p2b: Sneasler|Protect|p2b: Sneasler\n|-singleturn|p2b: Sneasler|Protect\n|move|p2a: Palafin|Protect|p2a: Palafin\n|-singleturn|p2a: Palafin|Protect\n|move|p1b: Sneasler|Close Combat|p2a: Palafin\n|-activate|p2a: Palafin|move: Protect\n|move|p1a: Charizard|Air Slash|p2b: Sneasler\n|-activate|p2b: Sneasler|move: Protect\n|\n|-weather|SunnyDay|[upkeep]\n|upkeep\n|turn|7\n|\n|t:|1776339052\n|switch|p2b: Politoed|Politoed, L50, M, shiny|100/100\n|-weather|RainDance|[from] ability: Drizzle|[of] p2b: Politoed\n|move|p2a: Palafin|Jet Punch|p1b: Sneasler\n|-damage|p1b: Sneasler|0 fnt\n|faint|p1b: Sneasler\n|move|p1a: Charizard|Air Slash|p2b: Politoed\n|-damage|p2b: Politoed|65/100\n|\n|-weather|RainDance|[upkeep]\n|-heal|p2b: Politoed|72/100|[from] item: Leftovers\n|upkeep\n|turn|8\n|-message|fangyusuhe forfeited.\n|\n|win|thacrow\n|n|\u2606thacrow|thacrow\n|n| FBISurveillanceMan|fbisurveillanceman\n|n| SeydouVGC|seydouvgc\n|n|\u2606fangyusuhe|fangyusuhe\n|n| 17 character name|17charactername\n|n| pepo893|pepo893\n",
  "uploadtime": 1776339062,
  "views": 23,
  "formatid": "gen9championsvgc2026regma",
  "rating": null,
  "private": 0,
  "password": null
}