{
  "id": "gen9championsvgc2026regma-2584420919",
  "format": "[Gen 9 Champions] VGC 2026 Reg M-A",
  "players": [
    "1#MiraidonHater",
    "Barber1"
  ],
  "log": "|j|\u26061#MiraidonHater\n|j|\u2606Barber1\n|t:|1776259655\n|gametype|doubles\n|player|p1|1#MiraidonHater|2|1268\n|player|p2|Barber1|cynthia-gen4|1321\n|gen|9\n|tier|[Gen 9 Champions] VGC 2026 Reg M-A\n|rated|\n|rule|Species Clause: Limit one of each Pok\u00e9mon\n|rule|Item Clause: Limit 1 of each item\n|clearpoke\n|poke|p1|Gardevoir, L50, M|\n|poke|p1|Incineroar, L50, M|\n|poke|p1|Garchomp, L50, F|\n|poke|p1|Talonflame, L50, M|\n|poke|p1|Tsareena, L50, F|\n|poke|p1|Basculegion, L50, M|\n|poke|p2|Floette-Eternal, L50, F|\n|poke|p2|Sneasler, L50, M|\n|poke|p2|Aerodactyl, L50, F|\n|poke|p2|Delphox, L50, M|\n|poke|p2|Kingambit, L50, F|\n|poke|p2|Garchomp, L50, M|\n|teampreview|4\n|inactive|Battle timer is ON: inactive players will automatically lose when time's up. (requested by Barber1)\n|inactive|Barber1 has 60 seconds left.\n|\n|t:|1776259713\n|teamsize|p1|4\n|teamsize|p2|4\n|start\n|switch|p1a: Gardevoir|Gardevoir, L50, M|100/100\n|switch|p1b: Talonflame|Talonflame, L50, M|100/100\n|switch|p2a: Aerodactyl|Aerodactyl, L50, F|100/100\n|switch|p2b: Sneasler|Sneasler, L50, M|100/100\n|turn|1\n|\n|t:|1776259736\n|switch|p1a: Tsareena|Tsareena, L50, F|100/100\n|move|p2b: Sneasler|Protect|p2b: Sneasler\n|-singleturn|p2b: Sneasler|Protect\n|move|p1b: Talonflame|Dual Wingbeat|p2b: Sneasler\n|-activate|p2b: Sneasler|move: Protect\n|move|p2a: Aerodactyl|Tailwind|p2a: Aerodactyl\n|-sidestart|p2: Barber1|move: Tailwind\n|\n|upkeep\n|turn|2\n|inactive|Barber1 has 30 seconds left.\n|\n|t:|1776259764\n|move|p1b: Talonflame|Tailwind|p1b: Talonflame\n|-sidestart|p1: 1#MiraidonHater|move: Tailwind\n|move|p2a: Aerodactyl|Dual Wingbeat|p1b: Talonflame\n|-crit|p1b: Talonflame\n|-damage|p1b: Talonflame|59/100\n|-damage|p1b: Talonflame|32/100\n|-hitcount|p1b: Talonflame|2\n|move|p2b: Sneasler|Close Combat|p1b: Talonflame\n|-resisted|p1b: Talonflame|1\n|-damage|p1b: Talonflame|0 fnt\n|-unboost|p2b: Sneasler|def|1\n|-unboost|p2b: Sneasler|spd|1\n|faint|p1b: Talonflame\n|-enditem|p2b: Sneasler|White Herb\n|-clearnegativeboost|p2b: Sneasler|[silent]\n|move|p1a: Tsareena|Triple Axel|p2a: Aerodactyl\n|-supereffective|p2a: Aerodactyl|1\n|-damage|p2a: Aerodactyl|79/100\n|-supereffective|p2a: Aerodactyl|1\n|-damage|p2a: Aerodactyl|33/100\n|-supereffective|p2a: Aerodactyl|1\n|-damage|p2a: Aerodactyl|0 fnt\n|faint|p2a: Aerodactyl\n|-hitcount|p2: Aerodactyl|3\n|\n|upkeep\n|\n|t:|1776259785\n|switch|p2a: Delphox|Delphox, L50, M|100/100\n|switch|p1b: Basculegion|Basculegion, L50, M|100/100\n|turn|3\n|inactive|1#MiraidonHater has 30 seconds left.\n|inactive|Barber1 has 30 seconds left.\n|\n|t:|1776259824\n|switch|p2a: Garchomp|Garchomp, L50, M|100/100\n|move|p1a: Tsareena|Protect|p1a: Tsareena\n|-singleturn|p1a: Tsareena|Protect\n|move|p2b: Sneasler|Dire Claw|p1a: Tsareena\n|-activate|p1a: Tsareena|move: Protect\n|move|p1b: Basculegion|Last Respects|p2a: Garchomp\n|-damage|p2a: Garchomp|42/100\n|-enditem|p2a: Garchomp|Sitrus Berry|[eat]\n|-heal|p2a: Garchomp|67/100|[from] item: Sitrus Berry\n|\n|upkeep\n|turn|4\n|\n|t:|1776259842\n|move|p2b: Sneasler|Dire Claw|p1a: Tsareena\n|-supereffective|p1a: Tsareena|1\n|-damage|p1a: Tsareena|12/100\n|-enditem|p1a: Tsareena|Sitrus Berry|[eat]\n|-heal|p1a: Tsareena|37/100|[from] item: Sitrus Berry\n|move|p1b: Basculegion|Last Respects|p2b: Sneasler\n|-damage|p2b: Sneasler|0 fnt\n|faint|p2b: Sneasler\n|move|p2a: Garchomp|Dragon Claw|p1b: Basculegion\n|-damage|p1b: Basculegion|51/100\n|move|p1a: Tsareena|Triple Axel|p2a: Garchomp\n|-supereffective|p2a: Garchomp|2\n|-damage|p2a: Garchomp|42/100\n|-damage|p1a: Tsareena|25/100|[from] ability: Rough Skin|[of] p2a: Garchomp\n|-supereffective|p2a: Garchomp|2\n|-damage|p2a: Garchomp|0 fnt\n|-damage|p1a: Tsareena|12/100|[from] ability: Rough Skin|[of] p2a: Garchomp\n|faint|p2a: Garchomp\n|-hitcount|p2: Garchomp|2\n|\n|-sideend|p2: Barber1|move: Tailwind\n|upkeep\n|\n|t:|1776259848\n|switch|p2b: Delphox|Delphox, L50, M|100/100\n|turn|5\n|\n|t:|1776259870\n|move|p2b: Delphox|Protect|p2b: Delphox\n|-singleturn|p2b: Delphox|Protect\n|move|p1b: Basculegion|Last Respects|p2b: Delphox\n|-activate|p2b: Delphox|move: Protect\n|move|p1a: Tsareena|U-turn|p2b: Delphox\n|-activate|p2b: Delphox|move: Protect\n|\n|-sideend|p1: 1#MiraidonHater|move: Tailwind\n|upkeep\n|turn|6\n|\n|t:|1776259882\n|detailschange|p2b: Delphox|Delphox-Mega, L50, M\n|-mega|p2b: Delphox|Delphox|Delphoxite\n|move|p1b: Basculegion|Last Respects|p2b: Delphox\n|-supereffective|p2b: Delphox|1\n|-damage|p2b: Delphox|0 fnt\n|faint|p2b: Delphox\n|\n|win|1#MiraidonHater\n|raw|1#MiraidonHater's rating: 1268 &rarr; <strong>1297</strong><br />(+29 for winning)\n|raw|Barber1's rating: 1321 &rarr; <strong>1298</strong><br />(-23 for losing)\n",
  "uploadtime": 1776259896,
  "views": 47,
  "formatid": "gen9championsvgc2026regma",
  "rating": 1297,
  "private": 0,
  "password": null
}