{
  "id": "gen9championsvgc2026regma-2588773540",
  "format": "[Gen 9 Champions] VGC 2026 Reg M-A",
  "players": [
    "leolc0926",
    "jwhi"
  ],
  "log": "|j|\u2606leolc0926\n|j|\u2606jwhi\n|t:|1776668971\n|gametype|doubles\n|player|p1|leolc0926|steven|1212\n|player|p2|jwhi|ingo|1184\n|gen|9\n|tier|[Gen 9 Champions] VGC 2026 Reg M-A\n|rated|\n|rule|Species Clause: Limit one of each Pok\u00e9mon\n|rule|Item Clause: Limit 1 of each item\n|clearpoke\n|poke|p1|Gardevoir, L50, F|\n|poke|p1|Incineroar, L50, M|\n|poke|p1|Garchomp, L50, M|\n|poke|p1|Maushold, L50|\n|poke|p1|Kingambit, L50, F|\n|poke|p1|Sneasler, L50, F|\n|poke|p2|Charizard, L50, M|\n|poke|p2|Gallade, L50, M|\n|poke|p2|Whimsicott, L50, F|\n|poke|p2|Clefable, L50, F|\n|poke|p2|Aerodactyl, L50, F|\n|poke|p2|Dragonite, L50, M|\n|teampreview|4\n|inactive|Battle timer is ON: inactive players will automatically lose when time's up. (requested by jwhi)\n|\n|t:|1776668997\n|teamsize|p1|4\n|teamsize|p2|4\n|start\n|switch|p1a: Incineroar|Incineroar, L50, M|100/100\n|switch|p1b: Gardevoir|Gardevoir, L50, F|100/100\n|switch|p2a: Gallade|Gallade, L50, M|100/100\n|switch|p2b: Whimsicott|Whimsicott, L50, F|100/100\n|-ability|p1b: Gardevoir|Prankster|Trace|[from] ability: Trace|[of] p2b: Whimsicott\n|-ability|p1a: Incineroar|Intimidate|boost\n|-unboost|p2a: Gallade|atk|1\n|-unboost|p2b: Whimsicott|atk|1\n|turn|1\n|inactive|leolc0926 has 30 seconds left.\n|inactive|leolc0926 has 20 seconds left.\n|\n|t:|1776669034\n|detailschange|p1b: Gardevoir|Gardevoir-Mega, L50, F\n|-mega|p1b: Gardevoir|Gardevoir|Gardevoirite\n|move|p2b: Whimsicott|Beat Up|p2a: Gallade\n|-damage|p2a: Gallade|98/100\n|-ability|p2a: Gallade|Justified|boost\n|-boost|p2a: Gallade|atk|1\n|-damage|p2a: Gallade|96/100\n|-ability|p2a: Gallade|Justified|boost\n|-boost|p2a: Gallade|atk|1\n|-damage|p2a: Gallade|92/100\n|-ability|p2a: Gallade|Justified|boost\n|-boost|p2a: Gallade|atk|1\n|-damage|p2a: Gallade|90/100\n|-ability|p2a: Gallade|Justified|boost\n|-boost|p2a: Gallade|atk|1\n|-hitcount|p2a: Gallade|4\n|move|p2a: Gallade|Drain Punch|p1a: Incineroar\n|-supereffective|p1a: Incineroar|1\n|-damage|p1a: Incineroar|0 fnt\n|-heal|p2a: Gallade|100/100|[from] drain|[of] p1a: Incineroar\n|faint|p1a: Incineroar\n|move|p1b: Gardevoir|Psychic|p2a: Gallade\n|-damage|p2a: Gallade|40/100\n|\n|upkeep\n|\n|t:|1776669050\n|switch|p1a: Kingambit|Kingambit, L50, F|100/100\n|turn|2\n|\n|t:|1776669070\n|detailschange|p2a: Gallade|Gallade-Mega, L50, M\n|-mega|p2a: Gallade|Gallade|Galladite\n|move|p1a: Kingambit|Protect|p1a: Kingambit\n|-singleturn|p1a: Kingambit|Protect\n|move|p2b: Whimsicott|Tailwind|p2b: Whimsicott\n|-sidestart|p2: jwhi|move: Tailwind\n|move|p2a: Gallade|Drain Punch|p1a: Kingambit\n|-activate|p1a: Kingambit|move: Protect\n|move|p1b: Gardevoir|Hyper Voice|p2a: Gallade|[spread] p2a,p2b\n|-supereffective|p2a: Gallade|1\n|-damage|p2a: Gallade|0 fnt\n|-damage|p2b: Whimsicott|13/100\n|faint|p2a: Gallade\n|\n|upkeep\n|\n|t:|1776669076\n|switch|p2a: Dragonite|Dragonite, L50, M|100/100\n|turn|3\n|\n|t:|1776669097\n|switch|p1a: Garchomp|Garchomp, L50, M|100/100\n|move|p2b: Whimsicott|Encore||[still]\n|-fail|p2b: Whimsicott\n|move|p2a: Dragonite|Dragon Dance|p2a: Dragonite\n|-boost|p2a: Dragonite|atk|1\n|-boost|p2a: Dragonite|spe|1\n|move|p1b: Gardevoir|Trick Room|p1b: Gardevoir\n|-fieldstart|move: Trick Room|[of] p1b: Gardevoir\n|\n|upkeep\n|turn|4\n|\n|t:|1776669116\n|switch|p1b: Kingambit|Kingambit, L50, F|100/100\n|move|p2b: Whimsicott|Encore|p1b: Kingambit\n|-hint|Since gen 7, Dark is immune to Prankster moves.\n|-immune|p1b: Kingambit\n|move|p1a: Garchomp|Dragon Claw|p2a: Dragonite\n|-supereffective|p2a: Dragonite|1\n|-damage|p2a: Dragonite|52/100\n|move|p2a: Dragonite|Dragon Claw|p1a: Garchomp\n|-supereffective|p1a: Garchomp|1\n|-enditem|p1a: Garchomp|Haban Berry|[eat]\n|-enditem|p1a: Garchomp|Haban Berry|[weaken]\n|-damage|p1a: Garchomp|35/100\n|-damage|p2a: Dragonite|39/100|[from] ability: Rough Skin|[of] p1a: Garchomp\n|\n|upkeep\n|turn|5\n|\n|t:|1776669134\n|move|p2a: Dragonite|Extreme Speed|p1a: Garchomp\n|-damage|p1a: Garchomp|0 fnt\n|-damage|p2a: Dragonite|27/100|[from] ability: Rough Skin|[of] p1a: Garchomp\n|faint|p1a: Garchomp\n|move|p1b: Kingambit|Iron Head|p2b: Whimsicott\n|-supereffective|p2b: Whimsicott|1\n|-damage|p2b: Whimsicott|0 fnt\n|faint|p2b: Whimsicott\n|\n|-sideend|p2: jwhi|move: Tailwind\n|upkeep\n|\n|t:|1776669138\n|switch|p1a: Gardevoir|Gardevoir-Mega, L50, F|100/100\n|switch|p2b: Clefable|Clefable, L50, F|100/100\n|turn|6\n|\n|t:|1776669147\n|move|p2a: Dragonite|Extreme Speed|p1a: Gardevoir\n|-damage|p1a: Gardevoir|49/100\n|move|p1b: Kingambit|Iron Head|p2b: Clefable\n|-supereffective|p2b: Clefable|1\n|-damage|p2b: Clefable|10/100\n|move|p2b: Clefable|Moonblast|p1b: Kingambit\n|-damage|p1b: Kingambit|71/100\n|move|p1a: Gardevoir|Hyper Voice|p2b: Clefable|[spread] p2a,p2b\n|-supereffective|p2a: Dragonite|1\n|-damage|p2a: Dragonite|0 fnt\n|-damage|p2b: Clefable|0 fnt\n|faint|p2a: Dragonite\n|faint|p2b: Clefable\n|\n|win|leolc0926\n|raw|leolc0926's rating: 1212 &rarr; <strong>1235</strong><br />(+23 for winning)\n|raw|jwhi's rating: 1184 &rarr; <strong>1161</strong><br />(-23 for losing)\n|l|\u2606jwhi\n|player|p2|\n",
  "uploadtime": 1776669171,
  "views": 17,
  "formatid": "gen9championsvgc2026regma",
  "rating": 1161,
  "private": 0,
  "password": null
}