{
  "id": "gen9championsvgc2026regma-2580457105",
  "format": "[Gen 9 Champions] VGC 2026 Reg M-A",
  "players": [
    "Tubandchubb",
    "Riho716"
  ],
  "log": "|j|\u2606Tubandchubb\n|j|\u2606Riho716\n|t:|1775899418\n|gametype|doubles\n|player|p1|Tubandchubb|giovanni|1034\n|player|p2|Riho716|giovanni|1000\n|gen|9\n|tier|[Gen 9 Champions] VGC 2026 Reg M-A\n|rated|\n|rule|Species Clause: Limit one of each Pok\u00e9mon\n|rule|Item Clause: Limit 1 of each item\n|clearpoke\n|poke|p1|Alakazam, L50, F|\n|poke|p1|Meowstic, L50, M|\n|poke|p1|Maushold, L50|\n|poke|p1|Sneasler, L50, M|\n|poke|p1|Rotom-Heat, L50|\n|poke|p1|Aerodactyl, L50, F|\n|poke|p2|Froslass, L50, F|\n|poke|p2|Kommo-o, L50, F|\n|poke|p2|Kingambit, L50, F|\n|poke|p2|Palafin, L50, F|\n|poke|p2|Clefable, L50, M|\n|poke|p2|Incineroar, L50, M|\n|teampreview|4\n|\n|t:|1775899472\n|teamsize|p1|4\n|teamsize|p2|4\n|start\n|switch|p1a: Meowstic|Meowstic, L50, M|100/100\n|switch|p1b: Rotom|Rotom-Heat, L50|100/100\n|switch|p2a: Froslass|Froslass, L50, F|100/100\n|switch|p2b: Kingambit|Kingambit, L50, F|100/100\n|turn|1\n|\n|t:|1775899511\n|switch|p2a: Clefable|Clefable, L50, M|100/100\n|move|p2b: Kingambit|Protect|p2b: Kingambit\n|-singleturn|p2b: Kingambit|Protect\n|move|p1a: Meowstic|Fake Out|p2b: Kingambit\n|-activate|p2b: Kingambit|move: Protect\n|move|p1b: Rotom|Overheat|p2a: Clefable|[miss]\n|-miss|p1b: Rotom|p2a: Clefable\n|\n|upkeep\n|turn|2\n|\n|t:|1775899529\n|move|p2a: Clefable|Follow Me|p2a: Clefable\n|-singleturn|p2a: Clefable|move: Follow Me\n|move|p1a: Meowstic|Psychic Terrain|p1a: Meowstic\n|-fieldstart|move: Psychic Terrain\n|move|p1b: Rotom|Overheat|p2a: Clefable\n|-damage|p2a: Clefable|43/100\n|-unboost|p1b: Rotom|spa|2\n|-enditem|p2a: Clefable|Sitrus Berry|[eat]\n|-heal|p2a: Clefable|67/100|[from] item: Sitrus Berry\n|move|p2b: Kingambit|Swords Dance|p2b: Kingambit\n|-boost|p2b: Kingambit|atk|2\n|\n|upkeep\n|turn|3\n|\n|t:|1775899547\n|switch|p1a: Sneasler|Sneasler, L50, M|100/100\n|move|p2a: Clefable|Follow Me|p2a: Clefable\n|-singleturn|p2a: Clefable|move: Follow Me\n|move|p1b: Rotom|Overheat|p2a: Clefable\n|-damage|p2a: Clefable|16/100\n|-unboost|p1b: Rotom|spa|2\n|move|p2b: Kingambit|Kowtow Cleave|p1b: Rotom\n|-damage|p1b: Rotom|0 fnt\n|faint|p1b: Rotom\n|\n|upkeep\n|\n|t:|1775899567\n|switch|p1b: Alakazam|Alakazam, L50, F|100/100\n|turn|4\n|\n|t:|1775899606\n|detailschange|p1b: Alakazam|Alakazam-Mega, L50, F\n|-mega|p1b: Alakazam|Alakazam|Alakazite\n|-ability|p1b: Alakazam|Defiant|Trace|[from] ability: Trace|[of] p2b: Kingambit\n|move|p2a: Clefable|Protect|p2a: Clefable\n|-singleturn|p2a: Clefable|Protect\n|move|p2b: Kingambit|Protect|p2b: Kingambit\n|-singleturn|p2b: Kingambit|Protect\n|move|p1b: Alakazam|Expanding Force|p2a: Clefable|[spread] \n|-activate|p2a: Clefable|move: Protect\n|-activate|p2b: Kingambit|move: Protect\n|move|p1a: Sneasler|Close Combat|p2b: Kingambit\n|-activate|p2b: Kingambit|move: Protect\n|\n|upkeep\n|turn|5\n|\n|t:|1775899639\n|switch|p2b: Froslass|Froslass, L50, F|100/100\n|move|p2a: Clefable|Protect||[still]\n|-fail|p2a: Clefable\n|move|p1b: Alakazam|Expanding Force|p2b: Froslass|[spread] p2a,p2b\n|-damage|p2a: Clefable|0 fnt\n|-damage|p2b: Froslass|0 fnt\n|faint|p2a: Clefable\n|faint|p2b: Froslass\n|move|p1a: Sneasler|Close Combat|p2: Clefable|[notarget]\n|-fail|p1a: Sneasler\n|\n|upkeep\n|-message|Riho716 forfeited.\n|\n|win|Tubandchubb\n|raw|Tubandchubb's rating: 1034 &rarr; <strong>1065</strong><br />(+31 for winning)\n|raw|Riho716's rating: 1000 &rarr; <strong>1000</strong><br />(+0 for losing)\n|l|\u2606Riho716\n|player|p2|\n",
  "uploadtime": 1775899649,
  "views": 23,
  "formatid": "gen9championsvgc2026regma",
  "rating": 1000,
  "private": 0,
  "password": null
}