{
  "id": "gen9championsvgc2026regma-2580466152",
  "format": "[Gen 9 Champions] VGC 2026 Reg M-A",
  "players": [
    "dandnd1",
    "dunguxia"
  ],
  "log": "|j|\u2606dandnd1\n|j|\u2606dunguxia\n|t:|1775900748\n|gametype|doubles\n|player|p1|dandnd1|dawn-gen4pt|1218\n|player|p2|dunguxia|elesa|1227\n|gen|9\n|tier|[Gen 9 Champions] VGC 2026 Reg M-A\n|rated|\n|rule|Species Clause: Limit one of each Pok\u00e9mon\n|rule|Item Clause: Limit 1 of each item\n|clearpoke\n|poke|p1|Blastoise, L50, F|\n|poke|p1|Farigiraf, L50, M|\n|poke|p1|Kingambit, L50, F|\n|poke|p1|Tyranitar, L50, F|\n|poke|p1|Incineroar, L50, F|\n|poke|p1|Sinistcha, L50|\n|poke|p2|Charizard, L50, F|\n|poke|p2|Venusaur, L50, F|\n|poke|p2|Sneasler, L50, F|\n|poke|p2|Kingambit, L50, F|\n|poke|p2|Farigiraf, L50, F|\n|poke|p2|Garchomp, L50, F|\n|teampreview|4\n|inactive|Battle timer is ON: inactive players will automatically lose when time's up. (requested by dandnd1)\n|inactive|dandnd1 has 60 seconds left.\n|inactive|dunguxia has 60 seconds left.\n|\n|t:|1775900797\n|teamsize|p1|4\n|teamsize|p2|4\n|start\n|switch|p1a: Farigiraf|Farigiraf, L50, M|100/100\n|switch|p1b: Blastoise|Blastoise, L50, F|100/100\n|switch|p2a: Venusaur|Venusaur, L50, F, shiny|100/100\n|switch|p2b: Farigiraf|Farigiraf, L50, F, shiny|100/100\n|turn|1\n|\n|t:|1775900814\n|switch|p2b: Sneasler|Sneasler, L50, F, shiny|100/100\n|move|p1b: Blastoise|Protect|p1b: Blastoise\n|-singleturn|p1b: Blastoise|Protect\n|move|p2a: Venusaur|Sleep Powder|p1a: Farigiraf\n|-status|p1a: Farigiraf|slp|[from] move: Sleep Powder\n|cant|p1a: Farigiraf|slp\n|\n|upkeep\n|turn|2\n|inactive|dunguxia has 30 seconds left.\n|\n|t:|1775900846\n|move|p2b: Sneasler|Close Combat|p1b: Blastoise\n|-damage|p1b: Blastoise|35/100\n|-unboost|p2b: Sneasler|def|1\n|-unboost|p2b: Sneasler|spd|1\n|-enditem|p2b: Sneasler|White Herb\n|-clearnegativeboost|p2b: Sneasler|[silent]\n|move|p2a: Venusaur|Sludge Bomb|p1b: Blastoise\n|-damage|p1b: Blastoise|0 fnt\n|faint|p1b: Blastoise\n|-curestatus|p1a: Farigiraf|slp|[msg]\n|move|p1a: Farigiraf|Twin Beam|p2b: Sneasler\n|-supereffective|p2b: Sneasler|2\n|-damage|p2b: Sneasler|13/100\n|-supereffective|p2b: Sneasler|2\n|-damage|p2b: Sneasler|0 fnt\n|faint|p2b: Sneasler\n|-hitcount|p2: Sneasler|2\n|\n|upkeep\n|\n|t:|1775900867\n|switch|p2b: Garchomp|Garchomp, L50, F|100/100\n|switch|p1b: Kingambit|Kingambit, L50, F|100/100\n|turn|3\n|j| nyoomington\n|\n|t:|1775900882\n|move|p1b: Kingambit|Protect|p1b: Kingambit\n|-singleturn|p1b: Kingambit|Protect\n|move|p2b: Garchomp|Stomping Tantrum|p1b: Kingambit\n|-activate|p1b: Kingambit|move: Protect\n|move|p2a: Venusaur|Sleep Powder|p1a: Farigiraf\n|-status|p1a: Farigiraf|slp|[from] move: Sleep Powder\n|cant|p1a: Farigiraf|slp\n|\n|upkeep\n|turn|4\n|\n|t:|1775900902\n|move|p1b: Kingambit|Sucker Punch|p2b: Garchomp\n|-damage|p2b: Garchomp|52/100\n|-damage|p1b: Kingambit|88/100|[from] ability: Rough Skin|[of] p2b: Garchomp\n|move|p2b: Garchomp|Stomping Tantrum|p1b: Kingambit\n|-supereffective|p1b: Kingambit|1\n|-damage|p1b: Kingambit|28/100\n|move|p2a: Venusaur|Sleep Powder|p1b: Kingambit\n|-status|p1b: Kingambit|slp|[from] move: Sleep Powder\n|-curestatus|p1a: Farigiraf|slp|[msg]\n|move|p1a: Farigiraf|Trick Room|p1a: Farigiraf\n|-fieldstart|move: Trick Room|[of] p1a: Farigiraf\n|\n|upkeep\n|turn|5\n|inactive|dunguxia has 30 seconds left.\n|\n|t:|1775900931\n|cant|p1b: Kingambit|slp\n|move|p1a: Farigiraf|Twin Beam|p2a: Venusaur\n|-supereffective|p2a: Venusaur|1\n|-damage|p2a: Venusaur|66/100\n|-supereffective|p2a: Venusaur|1\n|-damage|p2a: Venusaur|30/100\n|-hitcount|p2a: Venusaur|2\n|move|p2a: Venusaur|Energy Ball|p1b: Kingambit\n|-resisted|p1b: Kingambit|1\n|-damage|p1b: Kingambit|6/100 slp\n|move|p2b: Garchomp|Stomping Tantrum|p1b: Kingambit\n|-supereffective|p1b: Kingambit|1\n|-damage|p1b: Kingambit|0 fnt\n|faint|p1b: Kingambit\n|\n|upkeep\n|\n|t:|1775900938\n|switch|p1b: Tyranitar|Tyranitar, L50, F|100/100\n|-weather|Sandstorm|[from] ability: Sand Stream|[of] p1b: Tyranitar\n|turn|6\n|\n|t:|1775900954\n|switch|p2b: Farigiraf|Farigiraf, L50, F, shiny|100/100\n|detailschange|p1b: Tyranitar|Tyranitar-Mega, L50, F\n|-mega|p1b: Tyranitar|Tyranitar|Tyranitarite\n|move|p2a: Venusaur|Protect|p2a: Venusaur\n|-singleturn|p2a: Venusaur|Protect\n|move|p1a: Farigiraf|Hyper Voice|p2a: Venusaur|[spread] p2b\n|-activate|p2a: Venusaur|move: Protect\n|-damage|p2b: Farigiraf|78/100\n|move|p1b: Tyranitar|Rock Slide|p2b: Farigiraf|[spread] p2b\n|-activate|p2a: Venusaur|move: Protect\n|-damage|p2b: Farigiraf|48/100\n|\n|-weather|Sandstorm|[upkeep]\n|-damage|p1a: Farigiraf|94/100|[from] Sandstorm\n|-damage|p2b: Farigiraf|42/100|[from] Sandstorm\n|-damage|p2a: Venusaur|24/100|[from] Sandstorm\n|-heal|p2b: Farigiraf|48/100|[from] item: Leftovers\n|upkeep\n|turn|7\n|inactive|dandnd1 has 30 seconds left.\n|\n|t:|1775900987\n|move|p1a: Farigiraf|Hyper Voice|p2a: Venusaur|[spread] p2a,p2b\n|-damage|p2a: Venusaur|0 fnt\n|-damage|p2b: Farigiraf|25/100\n|faint|p2a: Venusaur\n|move|p1b: Tyranitar|Knock Off|p2b: Farigiraf\n|-supereffective|p2b: Farigiraf|1\n|-damage|p2b: Farigiraf|0 fnt\n|-enditem|p2b: Farigiraf|Leftovers|[from] move: Knock Off|[of] p1b: Tyranitar\n|faint|p2b: Farigiraf\n|\n|-weather|Sandstorm|[upkeep]\n|-damage|p1a: Farigiraf|88/100|[from] Sandstorm\n|upkeep\n|\n|t:|1775900999\n|switch|p2b: Garchomp|Garchomp, L50, F|52/100\n|turn|8\n|\n|t:|1775901007\n|move|p1a: Farigiraf|Hyper Voice|p2b: Garchomp\n|-damage|p2b: Garchomp|11/100\n|move|p1b: Tyranitar|Knock Off|p2b: Garchomp\n|-damage|p2b: Garchomp|0 fnt\n|-damage|p1b: Tyranitar|88/100|[from] ability: Rough Skin|[of] p2b: Garchomp\n|-enditem|p2b: Garchomp|Choice Scarf|[from] move: Knock Off|[of] p1b: Tyranitar\n|faint|p2b: Garchomp\n|\n|win|dandnd1\n|raw|dandnd1's rating: 1218 &rarr; <strong>1244</strong><br />(+26 for winning)\n|raw|dunguxia's rating: 1227 &rarr; <strong>1201</strong><br />(-26 for losing)\n|l| nyoomington\n|l|\u2606dunguxia\n|player|p2|\n|l|\u2606dandnd1\n|player|p1|\n|j|\u2606dandnd1\n|player|p1|dandnd1|dawn-gen4pt|\n",
  "uploadtime": 1775901023,
  "views": 26,
  "formatid": "gen9championsvgc2026regma",
  "rating": 1201,
  "private": 0,
  "password": null
}