{
  "id": "gen9championsvgc2026regma-2580920281",
  "format": "[Gen 9 Champions] VGC 2026 Reg M-A",
  "players": [
    "therealsolarflare",
    "DukeKayn"
  ],
  "log": "|j|\u2606therealsolarflare\n|j|\u2606DukeKayn\n|t:|1775943424\n|gametype|doubles\n|player|p1|therealsolarflare|pokemonrangerf|1076\n|player|p2|DukeKayn|169|1000\n|gen|9\n|tier|[Gen 9 Champions] VGC 2026 Reg M-A\n|rated|\n|rule|Species Clause: Limit one of each Pok\u00e9mon\n|rule|Item Clause: Limit 1 of each item\n|clearpoke\n|poke|p1|Aerodactyl, L50, F|\n|poke|p1|Sneasler, L50, M|\n|poke|p1|Floette-Eternal, L50, F|\n|poke|p1|Kingambit, L50, F|\n|poke|p1|Sinistcha, L50|\n|poke|p1|Incineroar, L50, M|\n|poke|p2|Beedrill, L50, M|\n|poke|p2|Incineroar, L50, M|\n|poke|p2|Aerodactyl, L50, F|\n|poke|p2|Azumarill, L50, M|\n|poke|p2|Espeon, L50, M|\n|poke|p2|Lucario, L50, M|\n|teampreview|4\n|\n|t:|1775943460\n|teamsize|p1|4\n|teamsize|p2|4\n|start\n|switch|p1a: Aerodactyl|Aerodactyl, L50, F|100/100\n|switch|p1b: Sneasler|Sneasler, L50, M|100/100\n|switch|p2a: Incineroar|Incineroar, L50, M|100/100\n|switch|p2b: Aerodactyl|Aerodactyl, L50, F|100/100\n|-ability|p1a: Aerodactyl|Unnerve\n|-ability|p2b: Aerodactyl|Unnerve\n|-ability|p2a: Incineroar|Intimidate|boost\n|-unboost|p1a: Aerodactyl|atk|1\n|-unboost|p1b: Sneasler|atk|1\n|-enditem|p1b: Sneasler|White Herb\n|-clearnegativeboost|p1b: Sneasler|[silent]\n|turn|1\n|\n|t:|1775943481\n|move|p1b: Sneasler|Fake Out|p2a: Incineroar\n|-damage|p2a: Incineroar|85/100\n|cant|p2a: Incineroar|flinch\n|move|p2b: Aerodactyl|Tailwind|p2b: Aerodactyl\n|-sidestart|p2: DukeKayn|move: Tailwind\n|move|p1a: Aerodactyl|Rock Slide|p2b: Aerodactyl|[spread] p2a,p2b\n|-supereffective|p2a: Incineroar|1\n|-supereffective|p2b: Aerodactyl|1\n|-damage|p2a: Incineroar|54/100\n|-damage|p2b: Aerodactyl|46/100\n|\n|upkeep\n|turn|2\n|\n|t:|1775943497\n|move|p2b: Aerodactyl|Dual Wingbeat|p1b: Sneasler\n|-supereffective|p1b: Sneasler|1\n|-damage|p1b: Sneasler|42/100\n|-supereffective|p1b: Sneasler|1\n|-damage|p1b: Sneasler|0 fnt\n|faint|p1b: Sneasler\n|-hitcount|p1: Sneasler|2\n|move|p1a: Aerodactyl|Rock Slide|p2b: Aerodactyl|[spread] p2b\n|-miss|p1a: Aerodactyl|p2a: Incineroar\n|-supereffective|p2b: Aerodactyl|1\n|-damage|p2b: Aerodactyl|0 fnt\n|faint|p2b: Aerodactyl\n|move|p2a: Incineroar|Parting Shot|p1a: Aerodactyl\n|-unboost|p1a: Aerodactyl|atk|1\n|-unboost|p1a: Aerodactyl|spa|1\n|\n|t:|1775943513\n|switch|p2a: Lucario|Lucario, L50, M|100/100|[from] Parting Shot\n|\n|upkeep\n|\n|t:|1775943561\n|switch|p2b: Incineroar|Incineroar, L50, M|54/100\n|switch|p1b: Incineroar|Incineroar, L50, M|100/100\n|-ability|p2b: Incineroar|Intimidate|boost\n|-unboost|p1a: Aerodactyl|atk|1\n|-unboost|p1b: Incineroar|atk|1\n|-ability|p1b: Incineroar|Intimidate|boost\n|-fail|p2a: Lucario|unboost|Attack|[from] ability: Inner Focus|[of] p2a: Lucario\n|-unboost|p2b: Incineroar|atk|1\n|turn|3\n|\n|t:|1775943585\n|move|p2b: Incineroar|Fake Out|p1a: Aerodactyl\n|-resisted|p1a: Aerodactyl|1\n|-damage|p1a: Aerodactyl|93/100\n|move|p2a: Lucario|Aura Sphere|p1b: Incineroar\n|-supereffective|p1b: Incineroar|1\n|-damage|p1b: Incineroar|17/100\n|cant|p1a: Aerodactyl|flinch\n|move|p1b: Incineroar|Flare Blitz|p2a: Lucario\n|-supereffective|p2a: Lucario|1\n|-damage|p2a: Lucario|3/100\n|-damage|p1b: Incineroar|0 fnt|[from] Recoil\n|faint|p1b: Incineroar\n|\n|upkeep\n|\n|t:|1775943591\n|switch|p1b: Floette|Floette-Eternal, L50, F|100/100\n|turn|4\n|\n|t:|1775943601\n|detailschange|p1b: Floette|Floette-Mega, L50, F\n|-mega|p1b: Floette|Floette|Floettite\n|-ability|p1b: Floette|Fairy Aura\n|move|p1a: Aerodactyl|Protect|p1a: Aerodactyl\n|-singleturn|p1a: Aerodactyl|Protect\n|move|p1b: Floette|Protect|p1b: Floette\n|-singleturn|p1b: Floette|Protect\n|move|p2a: Lucario|Aura Sphere|p1a: Aerodactyl\n|-activate|p1a: Aerodactyl|move: Protect\n|move|p2b: Incineroar|Parting Shot|p1b: Floette\n|-activate|p1b: Floette|move: Protect\n|\n|-sideend|p2: DukeKayn|move: Tailwind\n|upkeep\n|turn|5\n|\n|t:|1775943612\n|move|p2a: Lucario|Aura Sphere|p1a: Aerodactyl\n|-damage|p1a: Aerodactyl|30/100\n|move|p1a: Aerodactyl|Rock Slide|p2b: Incineroar|[spread] p2a,p2b\n|-resisted|p2a: Lucario|2\n|-supereffective|p2b: Incineroar|1\n|-crit|p2b: Incineroar\n|-damage|p2a: Lucario|0 fnt\n|-damage|p2b: Incineroar|0 fnt\n|faint|p2a: Lucario\n|faint|p2b: Incineroar\n|move|p1b: Floette|Dazzling Gleam|p2: Lucario|[notarget]\n|-fail|p1b: Floette\n|\n|upkeep\n|\n|t:|1775943619\n|switch|p2b: Beedrill|Beedrill, L50, M|100/100\n|turn|6\n|\n|t:|1775943631\n|detailschange|p2b: Beedrill|Beedrill-Mega, L50, M\n|-mega|p2b: Beedrill|Beedrill|Beedrillite\n|move|p1a: Aerodactyl|Dual Wingbeat|p2b: Beedrill\n|-supereffective|p2b: Beedrill|1\n|-damage|p2b: Beedrill|65/100\n|-supereffective|p2b: Beedrill|1\n|-damage|p2b: Beedrill|27/100\n|-hitcount|p2b: Beedrill|2\n|move|p2b: Beedrill|Poison Jab|p1b: Floette\n|-supereffective|p1b: Floette|1\n|-damage|p1b: Floette|0 fnt\n|faint|p1b: Floette\n|\n|upkeep\n|turn|7\n|\n|t:|1775943639\n|move|p2b: Beedrill|Protect|p2b: Beedrill\n|-singleturn|p2b: Beedrill|Protect\n|move|p1a: Aerodactyl|Dual Wingbeat|p2b: Beedrill\n|-activate|p2b: Beedrill|move: Protect\n|\n|upkeep\n|turn|8\n|\n|t:|1775943651\n|move|p1a: Aerodactyl|Dual Wingbeat|p2b: Beedrill\n|-supereffective|p2b: Beedrill|1\n|-damage|p2b: Beedrill|0 fnt\n|faint|p2b: Beedrill\n|-hitcount|p2: Beedrill|1\n|\n|win|therealsolarflare\n|raw|therealsolarflare's rating: 1076 &rarr; <strong>1098</strong><br />(+22 for winning)\n|raw|DukeKayn's rating: 1000 &rarr; <strong>1000</strong><br />(+0 for losing)\n",
  "uploadtime": 1775943658,
  "views": 12,
  "formatid": "gen9championsvgc2026regma",
  "rating": 1000,
  "private": 0,
  "password": null
}