{
  "id": "gen9championsvgc2026regma-2586733510",
  "format": "[Gen 9 Champions] VGC 2026 Reg M-A",
  "players": [
    "missing old gens",
    "MimeYourBusiness"
  ],
  "log": "|j|\u2606missing old gens\n|j|\u2606MimeYourBusiness\n|t:|1776455684\n|gametype|doubles\n|player|p1|missing old gens|cynthia-gen4|1307\n|player|p2|MimeYourBusiness|nemona-s|1351\n|gen|9\n|tier|[Gen 9 Champions] VGC 2026 Reg M-A\n|rated|\n|rule|Species Clause: Limit one of each Pok\u00e9mon\n|rule|Item Clause: Limit 1 of each item\n|clearpoke\n|poke|p1|Archaludon, L50, M|\n|poke|p1|Basculegion, L50, M|\n|poke|p1|Dragonite, L50, M|\n|poke|p1|Rotom-Heat, L50|\n|poke|p1|Pelipper, L50, M|\n|poke|p1|Sneasler, L50, F|\n|poke|p2|Aerodactyl, L50, F|\n|poke|p2|Garchomp, L50, F|\n|poke|p2|Froslass, L50, F|\n|poke|p2|Sneasler, L50, F|\n|poke|p2|Basculegion, L50, M|\n|poke|p2|Kingambit, L50, F|\n|teampreview|4\n|inactive|Battle timer is ON: inactive players will automatically lose when time's up. (requested by missing old gens)\n|\n|t:|1776455714\n|teamsize|p1|4\n|teamsize|p2|4\n|start\n|switch|p1a: Basculegion|Basculegion, L50, M|100/100\n|switch|p1b: Torre di Pisa|Archaludon, L50, M|100/100\n|switch|p2a: Aerodactyl|Aerodactyl, L50, F|100/100\n|switch|p2b: Garchomp|Garchomp, L50, F|100/100\n|-ability|p2a: Aerodactyl|Unnerve\n|turn|1\n|inactive|MimeYourBusiness has 30 seconds left.\n|\n|t:|1776455744\n|switch|p1a: Pelipper|Pelipper, L50, M|100/100\n|-weather|RainDance|[from] ability: Drizzle|[of] p1a: Pelipper\n|move|p2a: Aerodactyl|Protect|p2a: Aerodactyl\n|-singleturn|p2a: Aerodactyl|Protect\n|move|p2b: Garchomp|Earthquake|p1b: Torre di Pisa|[spread] p1b\n|-activate|p2a: Aerodactyl|move: Protect\n|-immune|p1a: Pelipper\n|-supereffective|p1b: Torre di Pisa|1\n|-damage|p1b: Torre di Pisa|26/100\n|-ability|p1b: Torre di Pisa|Stamina|boost\n|-boost|p1b: Torre di Pisa|def|1\n|move|p1b: Torre di Pisa|Electro Shot||[still]\n|-prepare|p1b: Torre di Pisa|Electro Shot\n|-boost|p1b: Torre di Pisa|spa|1\n|-anim|p1b: Torre di Pisa|Electro Shot|p2a: Aerodactyl\n|-activate|p2a: Aerodactyl|move: Protect\n|\n|-weather|RainDance|[upkeep]\n|-heal|p1b: Torre di Pisa|32/100|[from] item: Leftovers\n|upkeep\n|turn|2\n|inactive|MimeYourBusiness has 30 seconds left.\n|\n|t:|1776455770\n|move|p1b: Torre di Pisa|Protect|p1b: Torre di Pisa\n|-singleturn|p1b: Torre di Pisa|Protect\n|move|p2a: Aerodactyl|Tailwind|p2a: Aerodactyl\n|-sidestart|p2: MimeYourBusiness|move: Tailwind\n|move|p2b: Garchomp|Earthquake|p1b: Torre di Pisa|[spread] \n|-activate|p1b: Torre di Pisa|move: Protect\n|-immune|p2a: Aerodactyl\n|-immune|p1a: Pelipper\n|move|p1a: Pelipper|Tailwind|p1a: Pelipper\n|-sidestart|p1: missing old gens|move: Tailwind\n|\n|-weather|RainDance|[upkeep]\n|-heal|p1b: Torre di Pisa|39/100|[from] item: Leftovers\n|upkeep\n|turn|3\n|\n|t:|1776455784\n|switch|p1b: Dragonite|Dragonite, L50, M|100/100\n|move|p2a: Aerodactyl|Rock Slide|p1b: Dragonite|[spread] p1a,p1b\n|-supereffective|p1a: Pelipper|1\n|-supereffective|p1b: Dragonite|1\n|-damage|p1a: Pelipper|38/100\n|-damage|p1b: Dragonite|71/100\n|move|p2b: Garchomp|Stomping Tantrum|p1b: Dragonite\n|-immune|p1b: Dragonite\n|move|p1a: Pelipper|Weather Ball|p2a: Aerodactyl\n|-supereffective|p2a: Aerodactyl|1\n|-enditem|p2a: Aerodactyl|Focus Sash\n|-damage|p2a: Aerodactyl|1/100\n|\n|-weather|RainDance|[upkeep]\n|upkeep\n|turn|4\n|\n|t:|1776455802\n|detailschange|p1b: Dragonite|Dragonite-Mega, L50, M\n|-mega|p1b: Dragonite|Dragonite|Dragoninite\n|move|p1a: Pelipper|Protect|p1a: Pelipper\n|-singleturn|p1a: Pelipper|Protect\n|move|p2a: Aerodactyl|Rock Slide|p1a: Pelipper|[spread] p1b\n|-activate|p1a: Pelipper|move: Protect\n|-supereffective|p1b: Dragonite|1\n|-damage|p1b: Dragonite|20/100\n|move|p2b: Garchomp|Rock Slide|p1a: Pelipper|[spread] p1b\n|-activate|p1a: Pelipper|move: Protect\n|-supereffective|p1b: Dragonite|1\n|-damage|p1b: Dragonite|0 fnt\n|faint|p1b: Dragonite\n|\n|-weather|RainDance|[upkeep]\n|upkeep\n|\n|t:|1776455814\n|switch|p1b: Basculegion|Basculegion, L50, M|100/100\n|turn|5\n|\n|t:|1776455829\n|switch|p1a: Torre di Pisa|Archaludon, L50, M|39/100\n|move|p2a: Aerodactyl|Protect|p2a: Aerodactyl\n|-singleturn|p2a: Aerodactyl|Protect\n|move|p1b: Basculegion|Aqua Jet|p2a: Aerodactyl\n|-activate|p2a: Aerodactyl|move: Protect\n|move|p2b: Garchomp|Rock Slide|p1a: Torre di Pisa|[spread] p1a,p1b\n|-resisted|p1a: Torre di Pisa|1\n|-damage|p1a: Torre di Pisa|31/100\n|-damage|p1b: Basculegion|74/100\n|-ability|p1a: Torre di Pisa|Stamina|boost\n|-boost|p1a: Torre di Pisa|def|1\n|\n|-weather|none\n|-heal|p1a: Torre di Pisa|38/100|[from] item: Leftovers\n|-sideend|p1: missing old gens|move: Tailwind\n|-sideend|p2: MimeYourBusiness|move: Tailwind\n|upkeep\n|turn|6\n|\n|t:|1776455846\n|switch|p1a: Pelipper|Pelipper, L50, M|38/100\n|-weather|RainDance|[from] ability: Drizzle|[of] p1a: Pelipper\n|move|p1b: Basculegion|Aqua Jet|p2a: Aerodactyl\n|-supereffective|p2a: Aerodactyl|1\n|-damage|p2a: Aerodactyl|0 fnt\n|faint|p2a: Aerodactyl\n|move|p2b: Garchomp|Earthquake|p1a: Pelipper|[spread] p1b\n|-immune|p1a: Pelipper\n|-damage|p1b: Basculegion|12/100\n|\n|-weather|RainDance|[upkeep]\n|upkeep\n|\n|t:|1776455860\n|switch|p2a: Kingambit|Kingambit, L50, F|100/100\n|turn|7\n|\n|t:|1776455871\n|switch|p1b: Torre di Pisa|Archaludon, L50, M|38/100\n|move|p2a: Kingambit|Protect|p2a: Kingambit\n|-singleturn|p2a: Kingambit|Protect\n|move|p2b: Garchomp|Rock Slide|p1a: Pelipper|[spread] p1a,p1b\n|-supereffective|p1a: Pelipper|1\n|-resisted|p1b: Torre di Pisa|1\n|-damage|p1a: Pelipper|0 fnt\n|-damage|p1b: Torre di Pisa|30/100\n|-ability|p1b: Torre di Pisa|Stamina|boost\n|-boost|p1b: Torre di Pisa|def|1\n|faint|p1a: Pelipper\n|\n|-weather|RainDance|[upkeep]\n|-heal|p1b: Torre di Pisa|36/100|[from] item: Leftovers\n|upkeep\n|\n|t:|1776455874\n|switch|p1a: Basculegion|Basculegion, L50, M|12/100\n|turn|8\n|\n|t:|1776455890\n|move|p1a: Basculegion|Wave Crash|p2a: Kingambit\n|-damage|p2a: Kingambit|5/100\n|-damage|p1a: Basculegion|0 fnt|[from] Recoil\n|faint|p1a: Basculegion\n|move|p2b: Garchomp|Stomping Tantrum|p1b: Torre di Pisa\n|-supereffective|p1b: Torre di Pisa|1\n|-damage|p1b: Torre di Pisa|0 fnt\n|faint|p1b: Torre di Pisa\n|\n|win|MimeYourBusiness\n|raw|missing old gens's rating: 1307 &rarr; <strong>1290</strong><br />(-17 for losing)\n|raw|MimeYourBusiness's rating: 1351 &rarr; <strong>1368</strong><br />(+17 for winning)\n|l|\u2606missing old gens\n|player|p1|\n",
  "uploadtime": 1776455900,
  "views": 59,
  "formatid": "gen9championsvgc2026regma",
  "rating": 1290,
  "private": 0,
  "password": null
}