{
  "id": "gen9championsvgc2026regma-2584278684",
  "format": "[Gen 9 Champions] VGC 2026 Reg M-A",
  "players": [
    "so_bruno",
    "smp on whimsicott"
  ],
  "log": "|j|\u2606so_bruno\n|j|\u2606smp on whimsicott\n|t:|1776246408\n|gametype|doubles\n|player|p1|so_bruno|wattson|1117\n|player|p2|smp on whimsicott|artist-gen4|1108\n|gen|9\n|tier|[Gen 9 Champions] VGC 2026 Reg M-A\n|rated|\n|rule|Species Clause: Limit one of each Pok\u00e9mon\n|rule|Item Clause: Limit 1 of each item\n|clearpoke\n|poke|p1|Jolteon, L50, F|\n|poke|p1|Gyarados, L50, M|\n|poke|p1|Lopunny, L50, F|\n|poke|p1|Kingambit, L50, M|\n|poke|p1|Farigiraf, L50, M|\n|poke|p1|Whimsicott, L50, F|\n|poke|p2|Incineroar, L50, M|\n|poke|p2|Politoed, L50, M|\n|poke|p2|Gengar, L50, M|\n|poke|p2|Whimsicott, L50, M|\n|poke|p2|Floette-Eternal, L50, F|\n|poke|p2|Kommo-o, L50, F|\n|teampreview|4\nso_bruno rejected open team sheets.\n|\n|t:|1776246496\n|teamsize|p1|4\n|teamsize|p2|4\n|start\n|switch|p1a: Mrs. Marry|Whimsicott, L50, F|100/100\n|switch|p1b: V\u00f4te|Jolteon, L50, F|100/100\n|switch|p2a: Floette|Floette-Eternal, L50, F|100/100\n|switch|p2b: Whimsicott|Whimsicott, L50, M|100/100\n|turn|1\n|\n|t:|1776246521\n|detailschange|p2a: Floette|Floette-Mega, L50, F\n|-mega|p2a: Floette|Floette|Floettite\n|-ability|p2a: Floette|Fairy Aura\n|move|p2b: Whimsicott|Tailwind|p2b: Whimsicott\n|-sidestart|p2: smp on whimsicott|move: Tailwind\n|move|p1a: Mrs. Marry|Tailwind|p1a: Mrs. Marry\n|-sidestart|p1: so_bruno|move: Tailwind\n|move|p1b: V\u00f4te|Electroweb|p2b: Whimsicott|[spread] p2a,p2b\n|-crit|p2a: Floette\n|-resisted|p2b: Whimsicott|1\n|-damage|p2a: Floette|73/100\n|-damage|p2b: Whimsicott|80/100\n|-unboost|p2a: Floette|spe|1\n|-unboost|p2b: Whimsicott|spe|1\n|move|p2a: Floette|Dazzling Gleam|p1b: V\u00f4te|[spread] p1a,p1b\n|-damage|p1a: Mrs. Marry|42/100\n|-damage|p1b: V\u00f4te|48/100\n|\n|upkeep\n|turn|2\n|\n|t:|1776246561\n|move|p1b: V\u00f4te|Protect|p1b: V\u00f4te\n|-singleturn|p1b: V\u00f4te|Protect\n|move|p1a: Mrs. Marry|Taunt|p2b: Whimsicott\n|-start|p2b: Whimsicott|move: Taunt\n|move|p2b: Whimsicott|Moonblast|p1a: Mrs. Marry\n|-damage|p1a: Mrs. Marry|0 fnt\n|faint|p1a: Mrs. Marry\n|move|p2a: Floette|Dazzling Gleam|p1b: V\u00f4te\n|-activate|p1b: V\u00f4te|move: Protect\n|\n|upkeep\n|\n|t:|1776246586\n|switch|p1a: Haku|Farigiraf, L50, M|100/100\n|turn|3\n|\n|t:|1776246601\n|move|p1b: V\u00f4te|Hyper Voice|p2b: Whimsicott|[spread] p2a,p2b\n|-crit|p2a: Floette\n|-damage|p2a: Floette|48/100\n|-damage|p2b: Whimsicott|40/100\n|move|p2b: Whimsicott|Moonblast|p1a: Haku\n|-damage|p1a: Haku|47/100\n|-enditem|p1a: Haku|Sitrus Berry|[eat]\n|-heal|p1a: Haku|72/100|[from] item: Sitrus Berry\n|move|p1a: Haku|Hyper Voice|p2a: Floette|[spread] p2a,p2b\n|-damage|p2a: Floette|20/100\n|-damage|p2b: Whimsicott|0 fnt\n|faint|p2b: Whimsicott\n|move|p2a: Floette|Dazzling Gleam|p1a: Haku|[spread] p1a,p1b\n|-damage|p1a: Haku|27/100\n|-damage|p1b: V\u00f4te|0 fnt\n|faint|p1b: V\u00f4te\n|\n|upkeep\n|\n|t:|1776246616\n|switch|p2b: Politoed|Politoed, L50, M|100/100\n|switch|p1b: Marvina|Lopunny, L50, F|100/100\n|-weather|RainDance|[from] ability: Drizzle|[of] p2b: Politoed\n|turn|4\n|\n|t:|1776246634\n|detailschange|p1b: Marvina|Lopunny-Mega, L50, F\n|-mega|p1b: Marvina|Lopunny|Lopunnite\n|move|p2a: Floette|Protect|p2a: Floette\n|-singleturn|p2a: Floette|Protect\n|move|p1b: Marvina|Facade|p2b: Politoed\n|-damage|p2b: Politoed|72/100\n|move|p1a: Haku|Hyper Voice|p2a: Floette|[spread] p2b\n|-activate|p2a: Floette|move: Protect\n|-damage|p2b: Politoed|41/100\n|-enditem|p2b: Politoed|Sitrus Berry|[eat]\n|-heal|p2b: Politoed|66/100|[from] item: Sitrus Berry\n|move|p2b: Politoed|Icy Wind|p1a: Haku|[spread] p1a\n|-miss|p2b: Politoed|p1b: Marvina\n|-damage|p1a: Haku|17/100\n|-unboost|p1a: Haku|spe|1\n|\n|-weather|RainDance|[upkeep]\n|-sideend|p1: so_bruno|move: Tailwind\n|-sideend|p2: smp on whimsicott|move: Tailwind\n|upkeep\n|turn|5\n|\n|t:|1776246663\n|move|p1b: Marvina|Facade|p2a: Floette\n|-damage|p2a: Floette|0 fnt\n|faint|p2a: Floette\n|move|p2b: Politoed|Muddy Water|p1a: Haku|[spread] p1a\n|-miss|p2b: Politoed|p1b: Marvina\n|-damage|p1a: Haku|0 fnt\n|faint|p1a: Haku\n|\n|-weather|RainDance|[upkeep]\n|upkeep\n|\n|t:|1776246669\n|switch|p2a: Kommo-o|Kommo-o, L50, F|100/100\n|turn|6\n|\n|t:|1776246689\n|move|p1b: Marvina|Protect|p1b: Marvina\n|-singleturn|p1b: Marvina|Protect\n|move|p2a: Kommo-o|Aura Sphere|p1b: Marvina\n|-activate|p1b: Marvina|move: Protect\n|move|p2b: Politoed|Muddy Water|p1b: Marvina\n|-activate|p1b: Marvina|move: Protect\n|\n|-weather|RainDance|[upkeep]\n|upkeep\n|turn|7\n|\n|t:|1776246696\n|move|p1b: Marvina|Close Combat|p2a: Kommo-o\n|-damage|p2a: Kommo-o|42/100\n|-unboost|p1b: Marvina|def|1\n|-unboost|p1b: Marvina|spd|1\n|move|p2a: Kommo-o|Aura Sphere|p1b: Marvina\n|-supereffective|p1b: Marvina|1\n|-damage|p1b: Marvina|0 fnt\n|faint|p1b: Marvina\n|\n|win|smp on whimsicott\n|raw|so_bruno's rating: 1117 &rarr; <strong>1091</strong><br />(-26 for losing)\n|raw|smp on whimsicott's rating: 1108 &rarr; <strong>1134</strong><br />(+26 for winning)\n",
  "uploadtime": 1776246697,
  "views": 22,
  "formatid": "gen9championsvgc2026regma",
  "rating": 1091,
  "private": 0,
  "password": null
}