{
  "id": "gen9championsvgc2026regma-2587635188",
  "format": "[Gen 9 Champions] VGC 2026 Reg M-A",
  "players": [
    "Ferdura123",
    "FallenTurtlle"
  ],
  "log": "|j|\u2606Ferdura123\n|j|\u2606FallenTurtlle\n|t:|1776549001\n|gametype|doubles\n|player|p1|Ferdura123|170|1146\n|player|p2|FallenTurtlle|serena|1192\n|gen|9\n|tier|[Gen 9 Champions] VGC 2026 Reg M-A\n|rated|\n|rule|Species Clause: Limit one of each Pok\u00e9mon\n|rule|Item Clause: Limit 1 of each item\n|clearpoke\n|poke|p1|Gengar, L50, F|\n|poke|p1|Incineroar, L50, F|\n|poke|p1|Palafin, L50, M|\n|poke|p1|Whimsicott, L50, M|\n|poke|p1|Froslass, L50, F|\n|poke|p1|Hydreigon, L50, M|\n|poke|p2|Mamoswine, L50, M|\n|poke|p2|Aerodactyl, L50, M|\n|poke|p2|Incineroar, L50, M|\n|poke|p2|Meganium, L50, F, shiny|\n|poke|p2|Pelipper, L50, F|\n|poke|p2|Heliolisk, L50, M, shiny|\n|teampreview|4\n|inactive|Battle timer is ON: inactive players will automatically lose when time's up. (requested by Ferdura123)\nFerdura123 has agreed to open team sheets.\n|inactive|Ferdura123 has 60 seconds left.\n|\n|t:|1776549057\n|teamsize|p1|4\n|teamsize|p2|4\n|start\n|switch|p1a: Incineroar|Incineroar, L50, F|100/100\n|switch|p1b: Palafin|Palafin, L50, M|100/100\n|switch|p2a: Aerodactyl|Aerodactyl, L50, M|100/100\n|switch|p2b: Mamoswine|Mamoswine, L50, M|100/100\n|-ability|p2a: Aerodactyl|Unnerve\n|-ability|p1a: Incineroar|Intimidate|boost\n|-unboost|p2a: Aerodactyl|atk|1\n|-fail|p2b: Mamoswine|unboost|Attack|[from] ability: Oblivious|[of] p2b: Mamoswine\n|turn|1\n|\n|t:|1776549075\n|switch|p2a: Incineroar|Incineroar, L50, M|100/100\n|-ability|p2a: Incineroar|Intimidate|boost\n|-unboost|p1a: Incineroar|atk|1\n|-unboost|p1b: Palafin|atk|1\n|detailschange|p1b: Palafin|Palafin-Hero, L50, M\n|switch|p1b: Whimsicott|Whimsicott, L50, M|100/100\n|move|p2b: Mamoswine|Protect|p2b: Mamoswine\n|-singleturn|p2b: Mamoswine|Protect\n|move|p1a: Incineroar|Fake Out|p2b: Mamoswine\n|-activate|p2b: Mamoswine|move: Protect\n|\n|upkeep\n|turn|2\n|\n|t:|1776549094\n|switch|p2a: Pelipper|Pelipper, L50, F|100/100\n|-weather|RainDance|[from] ability: Drizzle|[of] p2a: Pelipper\n|move|p1b: Whimsicott|Protect|p1b: Whimsicott\n|-singleturn|p1b: Whimsicott|Protect\n|move|p2b: Mamoswine|Icicle Crash|p1b: Whimsicott\n|-activate|p1b: Whimsicott|move: Protect\n|move|p1a: Incineroar|Parting Shot|p2a: Pelipper\n|-unboost|p2a: Pelipper|atk|1\n|-unboost|p2a: Pelipper|spa|1\n|\n|t:|1776549105\n|switch|p1a: Froslass|Froslass, L50, F|100/100|[from] Parting Shot\n|\n|-weather|RainDance|[upkeep]\n|upkeep\n|turn|3\n|\n|t:|1776549121\n|switch|p2a: Incineroar|Incineroar, L50, M|100/100\n|-ability|p2a: Incineroar|Intimidate|boost\n|-unboost|p1a: Froslass|atk|1\n|-unboost|p1b: Whimsicott|atk|1\n|detailschange|p1a: Froslass|Froslass-Mega, L50, F\n|-mega|p1a: Froslass|Froslass|Froslassite\n|-weather|Snowscape|[from] ability: Snow Warning|[of] p1a: Froslass\n|move|p1b: Whimsicott|Tailwind|p1b: Whimsicott\n|-sidestart|p1: Ferdura123|move: Tailwind\n|move|p1a: Froslass|Blizzard|p2b: Mamoswine|[spread] p2a,p2b\n|-resisted|p2a: Incineroar|1\n|-damage|p2a: Incineroar|83/100\n|-damage|p2b: Mamoswine|54/100\n|move|p2b: Mamoswine|Icicle Crash|p1b: Whimsicott\n|-supereffective|p1b: Whimsicott|1\n|-enditem|p1b: Whimsicott|Focus Sash\n|-damage|p1b: Whimsicott|1/100\n|\n|-weather|Snowscape|[upkeep]\n|-heal|p2a: Incineroar|89/100|[from] item: Leftovers\n|upkeep\n|turn|4\n|\n|t:|1776549145\n|switch|p1a: Palafin|Palafin-Hero, L50, M|100/100\n|-activate|p1a: Palafin|ability: Zero to Hero\n|move|p1b: Whimsicott|Protect|p1b: Whimsicott\n|-singleturn|p1b: Whimsicott|Protect\n|move|p2b: Mamoswine|Protect|p2b: Mamoswine\n|-singleturn|p2b: Mamoswine|Protect\n|move|p2a: Incineroar|Snarl|p1b: Whimsicott|[spread] p1a\n|-activate|p1b: Whimsicott|move: Protect\n|-damage|p1a: Palafin|88/100\n|-unboost|p1a: Palafin|spa|1\n|\n|-weather|Snowscape|[upkeep]\n|-heal|p2a: Incineroar|95/100|[from] item: Leftovers\n|upkeep\n|turn|5\n|inactive|Ferdura123 has 30 seconds left.\n|\n|t:|1776549176\n|switch|p1b: Incineroar|Incineroar, L50, F|100/100\n|-ability|p1b: Incineroar|Intimidate|boost\n|-unboost|p2a: Incineroar|atk|1\n|-fail|p2b: Mamoswine|unboost|Attack|[from] ability: Oblivious|[of] p2b: Mamoswine\n|move|p2b: Mamoswine|Ice Shard|p1b: Incineroar\n|-resisted|p1b: Incineroar|1\n|-damage|p1b: Incineroar|89/100\n|move|p1a: Palafin|Wave Crash|p2b: Mamoswine\n|-supereffective|p2b: Mamoswine|1\n|-damage|p2b: Mamoswine|0 fnt\n|faint|p2b: Mamoswine\n|-damage|p1a: Palafin|67/100|[from] Recoil\n|move|p2a: Incineroar|Parting Shot|p1a: Palafin\n|-unboost|p1a: Palafin|atk|1\n|-unboost|p1a: Palafin|spa|1\n|\n|t:|1776549195\n|switch|p2a: Aerodactyl|Aerodactyl, L50, M|100/100|[from] Parting Shot\n|-ability|p2a: Aerodactyl|Unnerve\n|\n|-weather|Snowscape|[upkeep]\n|upkeep\n|\n|t:|1776549198\n|switch|p2b: Incineroar|Incineroar, L50, M|95/100\n|-ability|p2b: Incineroar|Intimidate|boost\n|-unboost|p1a: Palafin|atk|1\n|-unboost|p1b: Incineroar|atk|1\n|turn|6\n|\n|t:|1776549212\n|move|p1a: Palafin|Protect|p1a: Palafin\n|-singleturn|p1a: Palafin|Protect\n|move|p2a: Aerodactyl|Protect|p2a: Aerodactyl\n|-singleturn|p2a: Aerodactyl|Protect\n|move|p1b: Incineroar|Parting Shot|p2a: Aerodactyl\n|-activate|p2a: Aerodactyl|move: Protect\n|move|p2b: Incineroar|Flare Blitz|p1a: Palafin\n|-activate|p1a: Palafin|move: Protect\n|\n|-weather|Snowscape|[upkeep]\n|-heal|p2b: Incineroar|100/100|[from] item: Leftovers\n|-sideend|p1: Ferdura123|move: Tailwind\n|upkeep\n|turn|7\n|inactive|Ferdura123 has 30 seconds left.\n|inactive|FallenTurtlle has 30 seconds left.\n|\n|t:|1776549244\n|move|p2a: Aerodactyl|Rock Slide|p1b: Incineroar|[spread] p1a,p1b\n|-supereffective|p1b: Incineroar|1\n|-damage|p1a: Palafin|38/100\n|-damage|p1b: Incineroar|44/100\n|move|p1a: Palafin|Drain Punch|p2b: Incineroar\n|-supereffective|p2b: Incineroar|1\n|-damage|p2b: Incineroar|70/100\n|-heal|p1a: Palafin|56/100|[from] drain|[of] p2b: Incineroar\n|move|p2b: Incineroar|Flare Blitz|p1b: Incineroar\n|-resisted|p1b: Incineroar|1\n|-damage|p1b: Incineroar|23/100\n|-damage|p2b: Incineroar|63/100|[from] Recoil\n|move|p1b: Incineroar|Parting Shot|p2a: Aerodactyl\n|-unboost|p2a: Aerodactyl|atk|1\n|-unboost|p2a: Aerodactyl|spa|1\n|\n|t:|1776549266\n|switch|p1b: Froslass|Froslass-Mega, L50, F|100/100|[from] Parting Shot\n|\n|-weather|none\n|-heal|p2b: Incineroar|69/100|[from] item: Leftovers\n|upkeep\n|turn|8\n|\n|t:|1776549278\n|switch|p1a: Incineroar|Incineroar, L50, F|23/100\n|-ability|p1a: Incineroar|Intimidate|boost\n|-unboost|p2a: Aerodactyl|atk|1\n|-unboost|p2b: Incineroar|atk|1\n|move|p1b: Froslass|Protect|p1b: Froslass\n|-singleturn|p1b: Froslass|Protect\n|move|p2a: Aerodactyl|Rock Slide|p1a: Incineroar|[spread] p1a\n|-activate|p1b: Froslass|move: Protect\n|-supereffective|p1a: Incineroar|1\n|-damage|p1a: Incineroar|0 fnt\n|faint|p1a: Incineroar\n|move|p2b: Incineroar|Snarl|p1b: Froslass\n|-activate|p1b: Froslass|move: Protect\n|\n|-heal|p2b: Incineroar|75/100|[from] item: Leftovers\n|upkeep\n|\n|t:|1776549292\n|switch|p1a: Palafin|Palafin-Hero, L50, M|56/100\n|turn|9\n|\n|t:|1776549317\n|switch|p1b: Whimsicott|Whimsicott, L50, M|1/100\n|move|p2a: Aerodactyl|Tailwind|p2a: Aerodactyl\n|-sidestart|p2: FallenTurtlle|move: Tailwind\n|move|p2b: Incineroar|Flare Blitz|p1b: Whimsicott\n|-supereffective|p1b: Whimsicott|1\n|-damage|p1b: Whimsicott|0 fnt\n|faint|p1b: Whimsicott\n|-damage|p2b: Incineroar|74/100|[from] Recoil\n|move|p1a: Palafin|Wave Crash|p2b: Incineroar\n|-supereffective|p2b: Incineroar|1\n|-damage|p2b: Incineroar|0 fnt\n|faint|p2b: Incineroar\n|-damage|p1a: Palafin|28/100|[from] Recoil\n|\n|upkeep\n|\n|t:|1776549332\n|switch|p1b: Froslass|Froslass-Mega, L50, F|100/100\n|switch|p2b: Pelipper|Pelipper, L50, F|100/100\n|-weather|Snowscape|[from] ability: Snow Warning|[of] p1b: Froslass\n|-weather|RainDance|[from] ability: Drizzle|[of] p2b: Pelipper\n|turn|10\n|\n|t:|1776549347\n|move|p2a: Aerodactyl|Protect|p2a: Aerodactyl\n|-singleturn|p2a: Aerodactyl|Protect\n|move|p1b: Froslass|Protect|p1b: Froslass\n|-singleturn|p1b: Froslass|Protect\n|move|p2b: Pelipper|Hurricane|p1a: Palafin\n|-damage|p1a: Palafin|0 fnt\n|faint|p1a: Palafin\n|\n|-weather|RainDance|[upkeep]\n|upkeep\n|turn|11\n|-message|Ferdura123 forfeited.\n|\n|win|FallenTurtlle\n|raw|Ferdura123's rating: 1146 &rarr; <strong>1124</strong><br />(-22 for losing)\n|raw|FallenTurtlle's rating: 1192 &rarr; <strong>1214</strong><br />(+22 for winning)\n",
  "uploadtime": 1776549355,
  "views": 11,
  "formatid": "gen9championsvgc2026regma",
  "rating": 1124,
  "private": 0,
  "password": null
}