{
  "id": "gen9championsvgc2026regma-2584615048",
  "format": "[Gen 9 Champions] VGC 2026 Reg M-A",
  "players": [
    "DG2fut",
    "Paolett6732"
  ],
  "log": "|j|\u2606DG2fut\n|j|\u2606Paolett6732\n|t:|1776272247\n|gametype|doubles\n|player|p1|DG2fut|steven|1150\n|player|p2|Paolett6732|101|1147\n|gen|9\n|tier|[Gen 9 Champions] VGC 2026 Reg M-A\n|rated|\n|rule|Species Clause: Limit one of each Pok\u00e9mon\n|rule|Item Clause: Limit 1 of each item\n|clearpoke\n|poke|p1|Blastoise, L50, M|\n|poke|p1|Incineroar, L50, M|\n|poke|p1|Tyranitar, L50, M|\n|poke|p1|Maushold-Four, L50|\n|poke|p1|Sylveon, L50, M|\n|poke|p1|Sinistcha, L50|\n|poke|p2|Dragonite, L50, F|\n|poke|p2|Pelipper, L50, M|\n|poke|p2|Basculegion, L50, M|\n|poke|p2|Tsareena, L50, F|\n|poke|p2|Archaludon, L50, M|\n|poke|p2|Wyrdeer, L50, M|\n|teampreview|4\n|inactive|Battle timer is ON: inactive players will automatically lose when time's up. (requested by Paolett6732)\n|\n|t:|1776272275\n|teamsize|p1|4\n|teamsize|p2|4\n|start\n|switch|p1a: Sinistcha|Sinistcha, L50|100/100\n|switch|p1b: Blastoise|Blastoise, L50, M|100/100\n|switch|p2a: Dragonite|Dragonite, L50, F|100/100\n|switch|p2b: Tsareena|Tsareena, L50, F|100/100\n|turn|1\n|\n|t:|1776272293\n|switch|p2b: Pelipper|Pelipper, L50, M|100/100\n|-weather|RainDance|[from] ability: Drizzle|[of] p2b: Pelipper\n|detailschange|p2a: Dragonite|Dragonite-Mega, L50, F\n|-mega|p2a: Dragonite|Dragonite|Dragoninite\n|detailschange|p1b: Blastoise|Blastoise-Mega, L50, M\n|-mega|p1b: Blastoise|Blastoise|Blastoisinite\n|move|p1a: Sinistcha|Rage Powder|p1a: Sinistcha\n|-singleturn|p1a: Sinistcha|move: Rage Powder\n|move|p2a: Dragonite|Hurricane|p1a: Sinistcha\n|-supereffective|p1a: Sinistcha|1\n|-damage|p1a: Sinistcha|0 fnt\n|faint|p1a: Sinistcha\n|move|p1b: Blastoise|Shell Smash|p1b: Blastoise\n|-unboost|p1b: Blastoise|def|1\n|-unboost|p1b: Blastoise|spd|1\n|-boost|p1b: Blastoise|atk|2\n|-boost|p1b: Blastoise|spa|2\n|-boost|p1b: Blastoise|spe|2\n|\n|-weather|RainDance|[upkeep]\n|upkeep\n|\n|t:|1776272315\n|switch|p1a: Incineroar|Incineroar, L50, M|100/100\n|-ability|p1a: Incineroar|Intimidate|boost\n|-unboost|p2a: Dragonite|atk|1\n|-unboost|p2b: Pelipper|atk|1\n|turn|2\n|\n|t:|1776272332\n|switch|p2a: Wyrdeer|Wyrdeer, L50, M|100/100\n|-ability|p2a: Wyrdeer|Intimidate|boost\n|-unboost|p1a: Incineroar|atk|1\n|-unboost|p1b: Blastoise|atk|1\n|move|p1a: Incineroar|Fake Out|p2b: Pelipper\n|-damage|p2b: Pelipper|93/100\n|move|p1b: Blastoise|Water Spout|p2b: Pelipper|[spread] p2a,p2b\n|-resisted|p2b: Pelipper|1\n|-damage|p2a: Wyrdeer|0 fnt\n|-damage|p2b: Pelipper|0 fnt\n|faint|p2a: Wyrdeer\n|faint|p2b: Pelipper\n|\n|-weather|RainDance|[upkeep]\n|upkeep\n|\n|t:|1776272344\n|switch|p2b: Dragonite|Dragonite-Mega, L50, F|100/100\n|switch|p2a: Tsareena|Tsareena, L50, F|100/100\n|turn|3\n|inactive|DG2fut has 30 seconds left.\n|\n|t:|1776272372\n|move|p2a: Tsareena|Protect|p2a: Tsareena\n|-singleturn|p2a: Tsareena|Protect\n|move|p1b: Blastoise|Aura Sphere|p2a: Tsareena\n|-activate|p2a: Tsareena|move: Protect\n|move|p2b: Dragonite|Hurricane|p1b: Blastoise\n|-damage|p1b: Blastoise|0 fnt\n|faint|p1b: Blastoise\n|move|p1a: Incineroar|Flare Blitz|p2a: Tsareena\n|-activate|p2a: Tsareena|move: Protect\n|\n|-weather|RainDance|[upkeep]\n|upkeep\n|\n|t:|1776272375\n|switch|p1b: Sylveon|Sylveon, L50, M|100/100\n|turn|4\n|\n|t:|1776272392\n|move|p1b: Sylveon|Protect|p1b: Sylveon\n|-singleturn|p1b: Sylveon|Protect\n|move|p2b: Dragonite|Hydro Pump|p1a: Incineroar\n|-supereffective|p1a: Incineroar|1\n|-damage|p1a: Incineroar|0 fnt\n|faint|p1a: Incineroar\n|move|p2a: Tsareena|Trop Kick|p1b: Sylveon\n|-activate|p1b: Sylveon|move: Protect\n|\n|-weather|RainDance|[upkeep]\n|upkeep\n|turn|5\n|\n|t:|1776272405\n|move|p1b: Sylveon|Protect||[still]\n|-fail|p1b: Sylveon\n|move|p2b: Dragonite|Hurricane|p1b: Sylveon\n|-damage|p1b: Sylveon|45/100\n|move|p2a: Tsareena|Trop Kick|p1b: Sylveon\n|-damage|p1b: Sylveon|0 fnt\n|faint|p1b: Sylveon\n|\n|win|Paolett6732\n|raw|DG2fut's rating: 1150 &rarr; <strong>1125</strong><br />(-25 for losing)\n|raw|Paolett6732's rating: 1147 &rarr; <strong>1172</strong><br />(+25 for winning)\n|l|\u2606DG2fut\n|player|p1|\n",
  "uploadtime": 1776272420,
  "views": 27,
  "formatid": "gen9championsvgc2026regma",
  "rating": 1125,
  "private": 0,
  "password": null
}