{
  "id": "gen9championsvgc2026regma-2584418841",
  "format": "[Gen 9 Champions] VGC 2026 Reg M-A",
  "players": [
    "Shnowyy",
    "pokemon_oofer"
  ],
  "log": "|j|\u2606Shnowyy\n|j|\u2606pokemon_oofer\n|t:|1776259505\n|gametype|doubles\n|player|p1|Shnowyy|clerkf|1092\n|player|p2|pokemon_oofer|miku-ground|1056\n|gen|9\n|tier|[Gen 9 Champions] VGC 2026 Reg M-A\n|rated|\n|rule|Species Clause: Limit one of each Pok\u00e9mon\n|rule|Item Clause: Limit 1 of each item\n|clearpoke\n|poke|p1|Garchomp, L50, M|\n|poke|p1|Ninetales-Alola, L50, M|\n|poke|p1|Ceruledge, L50, F|\n|poke|p1|Emolga, L50, F|\n|poke|p1|Corviknight, L50, M|\n|poke|p1|Gardevoir, L50, F|\n|poke|p2|Chandelure, L50, F|\n|poke|p2|Rotom-Wash, L50|\n|poke|p2|Aerodactyl, L50, F|\n|poke|p2|Chimecho, L50, M|\n|poke|p2|Maushold, L50|\n|poke|p2|Garchomp, L50, F|\n|teampreview|4\n|\n|t:|1776259556\n|teamsize|p1|4\n|teamsize|p2|4\n|start\n|switch|p1a: Ninetales|Ninetales-Alola, L50, M|100/100\n|switch|p1b: Garchomp|Garchomp, L50, M|100/100\n|switch|p2a: Aerodactyl|Aerodactyl, L50, F|100/100\n|switch|p2b: Garchomp|Garchomp, L50, F|100/100\n|-ability|p2a: Aerodactyl|Pressure\n|-weather|Snowscape|[from] ability: Snow Warning|[of] p1a: Ninetales\n|turn|1\n|\n|t:|1776259596\n|move|p2a: Aerodactyl|Sandstorm|p2a: Aerodactyl\n|-weather|Sandstorm\n|move|p1a: Ninetales|Aurora Veil||[still]\n|-fail|p1a: Ninetales\n|move|p2b: Garchomp|Breaking Swipe|p1b: Garchomp|[spread] p1b\n|-immune|p1a: Ninetales\n|-supereffective|p1b: Garchomp|1\n|-damage|p1b: Garchomp|51/100\n|-unboost|p1b: Garchomp|atk|1\n|-damage|p2b: Garchomp|88/100|[from] ability: Rough Skin|[of] p1b: Garchomp\n|move|p1b: Garchomp|Dragon Claw|p2a: Aerodactyl\n|-damage|p2a: Aerodactyl|56/100\n|\n|-weather|Sandstorm|[upkeep]\n|-damage|p1a: Ninetales|94/100|[from] Sandstorm\n|upkeep\n|turn|2\n|\n|t:|1776259611\n|switch|p1b: Corviknight|Corviknight, L50, M|100/100\n|move|p2a: Aerodactyl|Rock Slide|p1b: Corviknight|[spread] p1a,p1b\n|-supereffective|p1a: Ninetales|1\n|-damage|p1a: Ninetales|17/100\n|-damage|p1b: Corviknight|85/100\n|cant|p1a: Ninetales|flinch\n|move|p2b: Garchomp|Poison Jab|p1a: Ninetales\n|-supereffective|p1a: Ninetales|1\n|-damage|p1a: Ninetales|0 fnt\n|faint|p1a: Ninetales\n|\n|-weather|Sandstorm|[upkeep]\n|upkeep\n|\n|t:|1776259623\n|switch|p1a: Garchomp|Garchomp, L50, M|51/100\n|turn|3\n|\n|t:|1776259630\n|move|p2a: Aerodactyl|Tailwind|p2a: Aerodactyl\n|-sidestart|p2: pokemon_oofer|move: Tailwind\n|move|p2b: Garchomp|Breaking Swipe|p1a: Garchomp|[spread] p1a,p1b\n|-supereffective|p1a: Garchomp|1\n|-resisted|p1b: Corviknight|1\n|-crit|p1b: Corviknight\n|-damage|p1a: Garchomp|5/100\n|-damage|p1b: Corviknight|74/100\n|-unboost|p1a: Garchomp|atk|1\n|-ability|p1b: Corviknight|Mirror Armor\n|-unboost|p2b: Garchomp|atk|1\n|-damage|p2b: Garchomp|76/100|[from] ability: Rough Skin|[of] p1a: Garchomp\n|move|p1a: Garchomp|Dragon Claw|p2b: Garchomp|[miss]\n|-miss|p1a: Garchomp|p2b: Garchomp\n|move|p1b: Corviknight|Iron Defense|p1b: Corviknight\n|-boost|p1b: Corviknight|def|2\n|\n|-weather|Sandstorm|[upkeep]\n|upkeep\n|turn|4\n|\n|t:|1776259661\n|switch|p2b: Rotom|Rotom-Wash, L50|100/100\n|move|p1a: Garchomp|Protect|p1a: Garchomp\n|-singleturn|p1a: Garchomp|Protect\n|move|p2a: Aerodactyl|Rock Slide|p1a: Garchomp|[spread] p1b\n|-activate|p1a: Garchomp|move: Protect\n|-damage|p1b: Corviknight|65/100\n|move|p1b: Corviknight|Tailwind|p1b: Corviknight\n|-sidestart|p1: Shnowyy|move: Tailwind\n|\n|-weather|Sandstorm|[upkeep]\n|-damage|p2b: Rotom|95/100|[from] Sandstorm\n|upkeep\n|turn|5\n|\n|t:|1776259694\n|move|p2a: Aerodactyl|Rock Slide|p1a: Garchomp|[spread] p1a,p1b\n|-resisted|p1a: Garchomp|1\n|-damage|p1a: Garchomp|0 fnt\n|-damage|p1b: Corviknight|57/100\n|faint|p1a: Garchomp\n|move|p2b: Rotom|Thunderbolt|p1b: Corviknight\n|-supereffective|p1b: Corviknight|1\n|-damage|p1b: Corviknight|0 fnt\n|faint|p1b: Corviknight\n|\n|-weather|none\n|upkeep\n|-message|Shnowyy forfeited.\n|\n|win|pokemon_oofer\n|raw|Shnowyy's rating: 1092 &rarr; <strong>1066</strong><br />(-26 for losing)\n|raw|pokemon_oofer's rating: 1056 &rarr; <strong>1091</strong><br />(+35 for winning)\n|l|\u2606Shnowyy\n|player|p1|\n|c|\u2606pokemon_oofer|funni\n",
  "uploadtime": 1776259709,
  "views": 24,
  "formatid": "gen9championsvgc2026regma",
  "rating": 1066,
  "private": 0,
  "password": null
}