{
  "id": "gen9championsvgc2026regma-2584625182",
  "format": "[Gen 9 Champions] VGC 2026 Reg M-A",
  "players": [
    "mkugmrs_guest",
    "ZGL0428"
  ],
  "log": "|j|\u2606mkugmrs_guest\n|j|\u2606ZGL0428\n|t:|1776272890\n|gametype|doubles\n|player|p1|mkugmrs_guest|iono-masters2|1100\n|player|p2|ZGL0428|266|1046\n|gen|9\n|tier|[Gen 9 Champions] VGC 2026 Reg M-A\n|rated|\n|rule|Species Clause: Limit one of each Pok\u00e9mon\n|rule|Item Clause: Limit 1 of each item\n|clearpoke\n|poke|p1|Alakazam, L50, F|\n|poke|p1|Crabominable, L50, F|\n|poke|p1|Pelipper, L50, F|\n|poke|p1|Basculegion, L50, M|\n|poke|p1|Snorlax, L50, M|\n|poke|p1|Ampharos, L50, F|\n|poke|p2|Chandelure, L50, M|\n|poke|p2|Torkoal, L50, F|\n|poke|p2|Whimsicott, L50, F|\n|poke|p2|Farigiraf, L50, F|\n|poke|p2|Conkeldurr, L50, F|\n|poke|p2|Excadrill, L50, F|\n|teampreview|4\nmkugmrs_guest rejected open team sheets.\n|\n|t:|1776272922\n|teamsize|p1|4\n|teamsize|p2|4\n|start\n|switch|p1a: Snorlax|Snorlax, L50, M|100/100\n|switch|p1b: Ampharos|Ampharos, L50, F|100/100\n|switch|p2a: Farigiraf|Farigiraf, L50, F|100/100\n|switch|p2b: Chandelure|Chandelure, L50, M|100/100\n|turn|1\n|\n|t:|1776272938\n|switch|p2b: Conkeldurr|Conkeldurr, L50, F|100/100\n|switch|p1b: Pelipper|Pelipper, L50, F, shiny|100/100\n|-weather|RainDance|[from] ability: Drizzle|[of] p1b: Pelipper\n|move|p1a: Snorlax|Rock Slide|p2a: Farigiraf|[spread] p2a,p2b\n|-resisted|p2b: Conkeldurr|1\n|-damage|p2a: Farigiraf|88/100\n|-damage|p2b: Conkeldurr|94/100\n|cant|p2a: Farigiraf|flinch\n|\n|-weather|RainDance|[upkeep]\n|upkeep\n|turn|2\n|\n|t:|1776272970\n|move|p1b: Pelipper|Hurricane|p2a: Farigiraf\n|-damage|p2a: Farigiraf|42/100\n|move|p2a: Farigiraf|Hyper Voice|p1b: Pelipper|[spread] p1a,p1b\n|-damage|p1a: Snorlax|83/100\n|-damage|p1b: Pelipper|60/100\n|move|p2b: Conkeldurr|Knock Off|p1b: Pelipper\n|-damage|p1b: Pelipper|19/100\n|-enditem|p1b: Pelipper|Wacan Berry|[from] move: Knock Off|[of] p2b: Conkeldurr\n|move|p1a: Snorlax|Rock Slide|p2b: Conkeldurr|[spread] p2a\n|-miss|p1a: Snorlax|p2b: Conkeldurr\n|-damage|p2a: Farigiraf|29/100\n|\n|-weather|RainDance|[upkeep]\n|-heal|p1a: Snorlax|89/100|[from] item: Leftovers\n|upkeep\n|turn|3\n|\n|t:|1776272988\n|move|p2a: Farigiraf|Protect|p2a: Farigiraf\n|-singleturn|p2a: Farigiraf|Protect\n|move|p1b: Pelipper|Tailwind|p1b: Pelipper\n|-sidestart|p1: mkugmrs_guest|move: Tailwind\n|move|p1a: Snorlax|Yawn|p2b: Conkeldurr\n|-start|p2b: Conkeldurr|move: Yawn|[of] p1a: Snorlax\n|move|p2b: Conkeldurr|Close Combat|p1a: Snorlax\n|-supereffective|p1a: Snorlax|1\n|-crit|p1a: Snorlax\n|-damage|p1a: Snorlax|0 fnt\n|-unboost|p2b: Conkeldurr|def|1\n|-unboost|p2b: Conkeldurr|spd|1\n|faint|p1a: Snorlax\n|-enditem|p2b: Conkeldurr|White Herb\n|-clearnegativeboost|p2b: Conkeldurr|[silent]\n|\n|-weather|RainDance|[upkeep]\n|upkeep\n|\n|t:|1776273004\n|switch|p1a: Ampharos|Ampharos, L50, F|100/100\n|turn|4\n|\n|t:|1776273014\n|switch|p2a: Torkoal|Torkoal, L50, F|100/100\n|-weather|SunnyDay|[from] ability: Drought|[of] p2a: Torkoal\n|switch|p2b: Chandelure|Chandelure, L50, M|100/100\n|detailschange|p1a: Ampharos|Ampharos-Mega, L50, F\n|-mega|p1a: Ampharos|Ampharos|Ampharosite\n|-ability|p1a: Ampharos|Mold Breaker\n|move|p1b: Pelipper|Hurricane|p2a: Torkoal|[miss]\n|-miss|p1b: Pelipper|p2a: Torkoal\n|move|p1a: Ampharos|Cotton Guard|p1a: Ampharos\n|-boost|p1a: Ampharos|def|3\n|\n|-weather|SunnyDay|[upkeep]\n|upkeep\n|turn|5\n|\n|t:|1776273041\n|detailschange|p2b: Chandelure|Chandelure-Mega, L50, M\n|-mega|p2b: Chandelure|Chandelure|Chandelurite\n|move|p1b: Pelipper|Wide Guard|p1b: Pelipper\n|-singleturn|p1b: Pelipper|Wide Guard\n|move|p1a: Ampharos|Dragon Pulse|p2a: Torkoal\n|-damage|p2a: Torkoal|14/100\n|move|p2b: Chandelure|Heat Wave|p1b: Pelipper|[spread] \n|-activate|p1a: Ampharos|move: Wide Guard\n|-activate|p1b: Pelipper|move: Wide Guard\n|move|p2a: Torkoal|Eruption|p1b: Pelipper|[spread] \n|-activate|p1a: Ampharos|move: Wide Guard\n|-activate|p1b: Pelipper|move: Wide Guard\n|\n|-weather|SunnyDay|[upkeep]\n|upkeep\n|turn|6\n|\n|t:|1776273072\n|move|p2a: Torkoal|Protect|p2a: Torkoal\n|-singleturn|p2a: Torkoal|Protect\n|move|p1b: Pelipper|Weather Ball|p2a: Torkoal\n|-activate|p2a: Torkoal|move: Protect\n|move|p1a: Ampharos|Dragon Pulse|p2b: Chandelure\n|-damage|p2b: Chandelure|45/100\n|move|p2b: Chandelure|Trick Room|p2b: Chandelure\n|-fieldstart|move: Trick Room|[of] p2b: Chandelure\n|\n|-weather|SunnyDay|[upkeep]\n|-sideend|p1: mkugmrs_guest|move: Tailwind\n|upkeep\n|turn|7\n|\n|t:|1776273090\n|move|p1b: Pelipper|Wide Guard|p1b: Pelipper\n|-singleturn|p1b: Pelipper|Wide Guard\n|move|p2a: Torkoal|Overheat|p1b: Pelipper\n|-resisted|p1b: Pelipper|1\n|-damage|p1b: Pelipper|0 fnt\n|-unboost|p2a: Torkoal|spa|2\n|faint|p1b: Pelipper\n|move|p1a: Ampharos|Dragon Pulse|p2b: Chandelure\n|-damage|p2b: Chandelure|0 fnt\n|faint|p2b: Chandelure\n|\n|-weather|SunnyDay|[upkeep]\n|upkeep\n|\n|t:|1776273108\n|switch|p1b: Alakazam|Alakazam, L50, F|100/100\n|switch|p2b: Farigiraf|Farigiraf, L50, F|29/100\n|turn|8\n|\n|t:|1776273117\n|move|p2a: Torkoal|Helping Hand|p2b: Farigiraf\n|-singleturn|p2b: Farigiraf|Helping Hand|[of] p2a: Torkoal\n|move|p1a: Ampharos|Dragon Pulse|p2b: Farigiraf\n|-damage|p2b: Farigiraf|0 fnt\n|faint|p2b: Farigiraf\n|move|p1b: Alakazam|Reflect|p1b: Alakazam\n|-sidestart|p1: mkugmrs_guest|Reflect\n|\n|-weather|none\n|upkeep\n|\n|t:|1776273130\n|switch|p2b: Conkeldurr|Conkeldurr, L50, F|94/100\n|turn|9\n|\n|t:|1776273140\n|move|p2a: Torkoal|Helping Hand|p2b: Conkeldurr\n|-singleturn|p2b: Conkeldurr|Helping Hand|[of] p2a: Torkoal\n|move|p1a: Ampharos|Dragon Pulse|p2a: Torkoal\n|-damage|p2a: Torkoal|0 fnt\n|faint|p2a: Torkoal\n|move|p2b: Conkeldurr|Knock Off|p1b: Alakazam\n|-supereffective|p1b: Alakazam|1\n|-enditem|p1b: Alakazam|Focus Sash\n|-damage|p1b: Alakazam|1/100\n|move|p1b: Alakazam|Psychic|p2b: Conkeldurr\n|-supereffective|p2b: Conkeldurr|1\n|-damage|p2b: Conkeldurr|0 fnt\n|faint|p2b: Conkeldurr\n|\n|win|mkugmrs_guest\n|raw|mkugmrs_guest's rating: 1100 &rarr; <strong>1121</strong><br />(+21 for winning)\n|raw|ZGL0428's rating: 1046 &rarr; <strong>1032</strong><br />(-14 for losing)\n",
  "uploadtime": 1776273151,
  "views": 18,
  "formatid": "gen9championsvgc2026regma",
  "rating": 1032,
  "private": 0,
  "password": null
}