{
  "id": "gen9championsvgc2026regma-2588936958",
  "format": "[Gen 9 Champions] VGC 2026 Reg M-A",
  "players": [
    "dabster2187",
    "xendratesting"
  ],
  "log": "|j|\u2606dabster2187\n|j|\u2606xendratesting\n|t:|1776687566\n|gametype|doubles\n|player|p1|dabster2187|lady-gen4|1122\n|player|p2|xendratesting|karen|1115\n|gen|9\n|tier|[Gen 9 Champions] VGC 2026 Reg M-A\n|rated|\n|rule|Species Clause: Limit one of each Pok\u00e9mon\n|rule|Item Clause: Limit 1 of each item\n|clearpoke\n|poke|p1|Incineroar, L50, F|\n|poke|p1|Palafin, L50, M|\n|poke|p1|Kingambit, L50, F|\n|poke|p1|Dragapult, L50, F|\n|poke|p1|Farigiraf, L50, F|\n|poke|p1|Victreebel, L50, F|\n|poke|p2|Typhlosion-Hisui, L50, M|\n|poke|p2|Wyrdeer, L50, M|\n|poke|p2|Lucario, L50, F|\n|poke|p2|Whimsicott, L50, F|\n|poke|p2|Rotom-Wash, L50|\n|poke|p2|Torkoal, L50, M|\n|teampreview|4\n|inactive|Battle timer is ON: inactive players will automatically lose when time's up. (requested by dabster2187)\n|inactive|xendratesting has 60 seconds left.\n|\n|t:|1776687611\n|teamsize|p1|4\n|teamsize|p2|4\n|start\n|switch|p1a: Palafin|Palafin, L50, M|100/100\n|switch|p1b: Dragapult|Dragapult, L50, F|100/100\n|switch|p2a: Lucario|Lucario, L50, F|100/100\n|switch|p2b: Whimsicott|Whimsicott, L50, F|100/100\n|turn|1\n|\n|t:|1776687628\n|detailschange|p1a: Palafin|Palafin-Hero, L50, M\n|switch|p1a: Incineroar|Incineroar, L50, F|100/100\n|-ability|p1a: Incineroar|Intimidate|boost\n|-fail|p2a: Lucario|unboost|Attack|[from] ability: Inner Focus|[of] p2a: Lucario\n|-unboost|p2b: Whimsicott|atk|1\n|move|p2a: Lucario|Protect|p2a: Lucario\n|-singleturn|p2a: Lucario|Protect\n|move|p2b: Whimsicott|Tailwind|p2b: Whimsicott\n|-sidestart|p2: xendratesting|move: Tailwind\n|move|p1b: Dragapult|U-turn|p2b: Whimsicott\n|-damage|p2b: Whimsicott|70/100\n|\n|t:|1776687638\n|switch|p1b: Palafin|Palafin-Hero, L50, M|100/100|[from] U-turn\n|-activate|p1b: Palafin|ability: Zero to Hero\n|\n|upkeep\n|turn|2\n|\n|t:|1776687648\n|move|p1a: Incineroar|Fake Out|p2a: Lucario\n|-resisted|p2a: Lucario|1\n|-damage|p2a: Lucario|91/100\n|move|p2b: Whimsicott|Moonblast|p1a: Incineroar\n|-damage|p1a: Incineroar|74/100\n|move|p2a: Lucario|Close Combat|p1a: Incineroar\n|-supereffective|p1a: Incineroar|1\n|-damage|p1a: Incineroar|0 fnt\n|-unboost|p2a: Lucario|def|1\n|-unboost|p2a: Lucario|spd|1\n|faint|p1a: Incineroar\n|move|p1b: Palafin|Wave Crash|p2a: Lucario\n|-damage|p2a: Lucario|0 fnt\n|faint|p2a: Lucario\n|-damage|p1b: Palafin|76/100|[from] Recoil\n|\n|upkeep\n|\n|t:|1776687667\n|switch|p2a: Typhlosion|Typhlosion-Hisui, L50, M|100/100\n|switch|p1a: Victreebel|Victreebel, L50, F|100/100\n|-item|p1a: Victreebel|Victreebelite|[from] ability: Frisk|[of] p2a: Typhlosion\n|-item|p1b: Palafin|Mystic Water|[from] ability: Frisk|[of] p2a: Typhlosion\n|turn|3\n|inactive|xendratesting has 30 seconds left.\n|\n|t:|1776687701\n|detailschange|p1a: Victreebel|Victreebel-Mega, L50, F\n|-mega|p1a: Victreebel|Victreebel|Victreebelite\n|move|p1a: Victreebel|Protect|p1a: Victreebel\n|-singleturn|p1a: Victreebel|Protect\n|move|p1b: Palafin|Jet Punch|p2a: Typhlosion\n|-supereffective|p2a: Typhlosion|1\n|-damage|p2a: Typhlosion|0 fnt\n|faint|p2a: Typhlosion\n|move|p2b: Whimsicott|Moonblast|p1b: Palafin\n|-damage|p1b: Palafin|37/100\n|\n|upkeep\n|\n|t:|1776687711\n|switch|p2a: Torkoal|Torkoal, L50, M|100/100\n|-weather|SunnyDay|[from] ability: Drought|[of] p2a: Torkoal\n|turn|4\n|\n|t:|1776687730\n|move|p2b: Whimsicott|Protect|p2b: Whimsicott\n|-singleturn|p2b: Whimsicott|Protect\n|move|p1b: Palafin|Protect|p1b: Palafin\n|-singleturn|p1b: Palafin|Protect\n|move|p1a: Victreebel|Sludge Bomb|p2b: Whimsicott\n|-activate|p2b: Whimsicott|move: Protect\n|move|p2a: Torkoal|Flamethrower|p1a: Victreebel\n|-supereffective|p1a: Victreebel|1\n|-damage|p1a: Victreebel|16/100\n|\n|-weather|SunnyDay|[upkeep]\n|-sideend|p2: xendratesting|move: Tailwind\n|upkeep\n|turn|5\n|inactive|xendratesting has 30 seconds left.\n|\n|t:|1776687761\n|move|p2b: Whimsicott|Moonblast|p1a: Victreebel\n|-resisted|p1a: Victreebel|1\n|-damage|p1a: Victreebel|0 fnt\n|-damage|p2b: Whimsicott|51/100|[from] ability: Innards Out|[of] p1a: Victreebel\n|faint|p1a: Victreebel\n|move|p1b: Palafin|Wave Crash|p2a: Torkoal\n|-supereffective|p2a: Torkoal|1\n|-damage|p2a: Torkoal|36/100\n|-damage|p1b: Palafin|16/100|[from] Recoil\n|move|p2a: Torkoal|Iron Defense|p2a: Torkoal\n|-boost|p2a: Torkoal|def|2\n|\n|-weather|SunnyDay|[upkeep]\n|-heal|p2a: Torkoal|42/100|[from] item: Leftovers\n|upkeep\n|\n|t:|1776687773\n|switch|p1a: Dragapult|Dragapult, L50, F|100/100\n|turn|6\n|\n|t:|1776687801\n|move|p2a: Torkoal|Protect|p2a: Torkoal\n|-singleturn|p2a: Torkoal|Protect\n|move|p1a: Dragapult|Psychic Fangs|p2b: Whimsicott\n|-damage|p2b: Whimsicott|12/100\n|move|p2b: Whimsicott|Moonblast|p1a: Dragapult\n|-supereffective|p1a: Dragapult|1\n|-damage|p1a: Dragapult|8/100\n|move|p1b: Palafin|Wave Crash|p2a: Torkoal\n|-activate|p2a: Torkoal|move: Protect\n|\n|-weather|SunnyDay|[upkeep]\n|-heal|p2a: Torkoal|49/100|[from] item: Leftovers\n|upkeep\n|turn|7\n|\n|t:|1776687820\n|move|p2b: Whimsicott|Encore|p1a: Dragapult\n|-start|p1a: Dragapult|Encore\n|move|p1a: Dragapult|Psychic Fangs|p2a: Torkoal\n|-damage|p2a: Torkoal|38/100\n|move|p1b: Palafin|Wave Crash|p2a: Torkoal\n|-supereffective|p2a: Torkoal|1\n|-damage|p2a: Torkoal|4/100\n|-damage|p1b: Palafin|4/100|[from] Recoil\n|move|p2a: Torkoal|Flamethrower|p1a: Dragapult\n|-resisted|p1a: Dragapult|1\n|-damage|p1a: Dragapult|0 fnt\n|faint|p1a: Dragapult\n|\n|-weather|SunnyDay|[upkeep]\n|-heal|p2a: Torkoal|10/100|[from] item: Leftovers\n|upkeep\n|turn|8\n|-message|dabster2187 forfeited.\n|\n|win|xendratesting\n|raw|dabster2187's rating: 1122 &rarr; <strong>1096</strong><br />(-26 for losing)\n|raw|xendratesting's rating: 1115 &rarr; <strong>1141</strong><br />(+26 for winning)\n|l|\u2606dabster2187\n|player|p1|\n",
  "uploadtime": 1776687867,
  "views": 10,
  "formatid": "gen9championsvgc2026regma",
  "rating": 1096,
  "private": 0,
  "password": null
}