{
  "id": "gen9championsvgc2026regma-2585876066",
  "format": "[Gen 9 Champions] VGC 2026 Reg M-A",
  "players": [
    "MrJuJo",
    "steezup"
  ],
  "log": "|j|\u2606MrJuJo\n|j|\u2606steezup\n|t:|1776377576\n|gametype|doubles\n|player|p1|MrJuJo|hilbert|1103\n|player|p2|steezup|101|1051\n|gen|9\n|tier|[Gen 9 Champions] VGC 2026 Reg M-A\n|rated|\n|rule|Species Clause: Limit one of each Pok\u00e9mon\n|rule|Item Clause: Limit 1 of each item\n|clearpoke\n|poke|p1|Tyranitar, L50, F|\n|poke|p1|Corviknight, L50, F|\n|poke|p1|Rotom-Wash, L50|\n|poke|p1|Garchomp, L50, M|\n|poke|p1|Sneasler, L50, M|\n|poke|p1|Sinistcha, L50|\n|poke|p2|Tyranitar, L50, M|\n|poke|p2|Excadrill, L50, M|\n|poke|p2|Incineroar, L50, F|\n|poke|p2|Rotom-Wash, L50|\n|poke|p2|Sinistcha, L50|\n|poke|p2|Aerodactyl, L50, M|\n|teampreview|4\nsteezup rejected open team sheets.\n|\n|t:|1776377631\n|teamsize|p1|4\n|teamsize|p2|4\n|start\n|switch|p1a: Corviknight|Corviknight, L50, F|100/100\n|switch|p1b: Tyranitar|Tyranitar, L50, F, shiny|100/100\n|switch|p2a: Tyranitar|Tyranitar, L50, M|100/100\n|switch|p2b: Incineroar|Incineroar, L50, F|100/100\n|-weather|Sandstorm|[from] ability: Sand Stream|[of] p1b: Tyranitar\n|-ability|p2b: Incineroar|Intimidate|boost\n|-ability|p1a: Corviknight|Mirror Armor\n|-unboost|p2b: Incineroar|atk|1\n|-unboost|p1b: Tyranitar|atk|1\n|turn|1\n|\n|t:|1776377662\n|detailschange|p2a: Tyranitar|Tyranitar-Mega, L50, M\n|-mega|p2a: Tyranitar|Tyranitar|Tyranitarite\n|move|p1b: Tyranitar|Protect|p1b: Tyranitar\n|-singleturn|p1b: Tyranitar|Protect\n|move|p1a: Corviknight|Tailwind|p1a: Corviknight\n|-sidestart|p1: MrJuJo|move: Tailwind\n|move|p2a: Tyranitar|Rock Slide|p1b: Tyranitar|[spread] p1a\n|-activate|p1b: Tyranitar|move: Protect\n|-damage|p1a: Corviknight|70/100\n|move|p2b: Incineroar|Flare Blitz|p1a: Corviknight\n|-supereffective|p1a: Corviknight|1\n|-enditem|p1a: Corviknight|Occa Berry|[eat]\n|-enditem|p1a: Corviknight|Occa Berry|[weaken]\n|-damage|p1a: Corviknight|32/100\n|-damage|p2b: Incineroar|87/100|[from] Recoil\n|\n|-weather|Sandstorm|[upkeep]\n|-damage|p2b: Incineroar|82/100|[from] Sandstorm\n|upkeep\n|turn|2\n|\n|t:|1776377688\n|switch|p1a: Rotom|Rotom-Wash, L50|100/100\n|switch|p2b: Excadrill|Excadrill, L50, M|100/100\n|detailschange|p1b: Tyranitar|Tyranitar-Mega, L50, F, shiny\n|-mega|p1b: Tyranitar|Tyranitar|Tyranitarite\n|move|p1b: Tyranitar|Dragon Dance|p1b: Tyranitar\n|-boost|p1b: Tyranitar|atk|1\n|-boost|p1b: Tyranitar|spe|1\n|move|p2a: Tyranitar|Rock Slide|p1a: Rotom|[spread] p1a,p1b\n|-damage|p1a: Rotom|60/100\n|-damage|p1b: Tyranitar|78/100\n|\n|-weather|Sandstorm|[upkeep]\n|-damage|p1a: Rotom|54/100|[from] Sandstorm\n|-heal|p1a: Rotom|60/100|[from] item: Leftovers\n|upkeep\n|turn|3\n|\n|t:|1776377717\n|move|p1b: Tyranitar|Knock Off|p2b: Excadrill\n|-damage|p2b: Excadrill|31/100\n|-enditem|p2b: Excadrill|White Herb|[from] move: Knock Off|[of] p1b: Tyranitar\n|move|p1a: Rotom|Hydro Pump|p2b: Excadrill\n|-supereffective|p2b: Excadrill|1\n|-damage|p2b: Excadrill|0 fnt\n|faint|p2b: Excadrill\n|move|p2a: Tyranitar|Rock Slide|p1b: Tyranitar|[spread] p1a\n|-miss|p2a: Tyranitar|p1b: Tyranitar\n|-damage|p1a: Rotom|20/100\n|\n|-weather|Sandstorm|[upkeep]\n|-damage|p1a: Rotom|14/100|[from] Sandstorm\n|-heal|p1a: Rotom|20/100|[from] item: Leftovers\n|upkeep\n|\n|t:|1776377731\n|switch|p2b: Incineroar|Incineroar, L50, F|82/100\n|-ability|p2b: Incineroar|Intimidate|boost\n|-unboost|p1a: Rotom|atk|1\n|-unboost|p1b: Tyranitar|atk|1\n|turn|4\n|\n|t:|1776377753\n|move|p1b: Tyranitar|Protect|p1b: Tyranitar\n|-singleturn|p1b: Tyranitar|Protect\n|move|p1a: Rotom|Electroweb|p2a: Tyranitar|[spread] p2a,p2b\n|-damage|p2a: Tyranitar|90/100\n|-damage|p2b: Incineroar|60/100\n|-unboost|p2a: Tyranitar|spe|1\n|-unboost|p2b: Incineroar|spe|1\n|move|p2b: Incineroar|Parting Shot|p1b: Tyranitar\n|-activate|p1b: Tyranitar|move: Protect\n|move|p2a: Tyranitar|Rock Slide|p1b: Tyranitar|[spread] p1a\n|-activate|p1b: Tyranitar|move: Protect\n|-damage|p1a: Rotom|0 fnt\n|faint|p1a: Rotom\n|\n|-weather|Sandstorm|[upkeep]\n|-damage|p2b: Incineroar|55/100|[from] Sandstorm\n|-sideend|p1: MrJuJo|move: Tailwind\n|upkeep\n|\n|t:|1776377772\n|switch|p1a: Corviknight|Corviknight, L50, F|32/100\n|turn|5\n|\n|t:|1776377785\n|move|p1b: Tyranitar|Dragon Dance|p1b: Tyranitar\n|-boost|p1b: Tyranitar|atk|1\n|-boost|p1b: Tyranitar|spe|1\n|move|p1a: Corviknight|Tailwind|p1a: Corviknight\n|-sidestart|p1: MrJuJo|move: Tailwind\n|move|p2a: Tyranitar|Rock Slide|p1b: Tyranitar|[spread] p1a,p1b\n|-damage|p1a: Corviknight|0 fnt\n|-damage|p1b: Tyranitar|53/100\n|faint|p1a: Corviknight\n|move|p2b: Incineroar|Parting Shot|p1b: Tyranitar\n|-unboost|p1b: Tyranitar|atk|1\n|-unboost|p1b: Tyranitar|spa|1\n|\n|t:|1776377796\n|switch|p2b: Rotom|Rotom-Wash, L50|100/100|[from] Parting Shot\n|\n|-weather|none\n|upkeep\n|\n|t:|1776377806\n|switch|p1a: Garchomp|Garchomp, L50, M|100/100\n|turn|6\n|\n|t:|1776377826\n|switch|p2b: Incineroar|Incineroar, L50, F|55/100\n|-ability|p2b: Incineroar|Intimidate|boost\n|-unboost|p1a: Garchomp|atk|1\n|-unboost|p1b: Tyranitar|atk|1\n|move|p1b: Tyranitar|Knock Off|p2b: Incineroar\n|-resisted|p2b: Incineroar|1\n|-damage|p2b: Incineroar|40/100\n|-enditem|p2b: Incineroar|Lum Berry|[from] move: Knock Off|[of] p1b: Tyranitar\n|move|p1a: Garchomp|Dragon Claw|p2a: Tyranitar\n|-damage|p2a: Tyranitar|71/100\n|move|p2a: Tyranitar|Ice Punch|p1a: Garchomp\n|-supereffective|p1a: Garchomp|2\n|-damage|p1a: Garchomp|0 fnt\n|-damage|p2a: Tyranitar|59/100|[from] ability: Rough Skin|[of] p1a: Garchomp\n|faint|p1a: Garchomp\n|\n|upkeep\n|turn|7\n|-message|MrJuJo forfeited.\n|\n|win|steezup\n|raw|MrJuJo's rating: 1103 &rarr; <strong>1074</strong><br />(-29 for losing)\n|raw|steezup's rating: 1051 &rarr; <strong>1088</strong><br />(+37 for winning)\n|l|\u2606MrJuJo\n|player|p1|\n",
  "uploadtime": 1776377861,
  "views": 21,
  "formatid": "gen9championsvgc2026regma",
  "rating": 1074,
  "private": 0,
  "password": null
}