{
  "id": "gen9championsvgc2026regma-2589551275",
  "format": "[Gen 9 Champions] VGC 2026 Reg M-A",
  "players": [
    "benjiapollo",
    "muzinvgc"
  ],
  "log": "|j|\u2606benjiapollo\n|j|\u2606muzinvgc\n|t:|1776733356\n|gametype|doubles\n|player|p1|benjiapollo|giovanni|1433\n|player|p2|muzinvgc|cynthia|1331\n|gen|9\n|tier|[Gen 9 Champions] VGC 2026 Reg M-A\n|rated|\n|rule|Species Clause: Limit one of each Pok\u00e9mon\n|rule|Item Clause: Limit 1 of each item\n|clearpoke\n|poke|p1|Basculegion, L50, M|\n|poke|p1|Charizard, L50, F|\n|poke|p1|Kingambit, L50, M|\n|poke|p1|Sneasler, L50, M|\n|poke|p1|Venusaur, L50, M|\n|poke|p1|Talonflame, L50, M|\n|poke|p2|Gengar, L50, M|\n|poke|p2|Ninetales-Alola, L50, M|\n|poke|p2|Incineroar, L50, F|\n|poke|p2|Sneasler, L50, M|\n|poke|p2|Sinistcha, L50|\n|poke|p2|Palafin, L50, F|\n|teampreview|4\n|inactive|Battle timer is ON: inactive players will automatically lose when time's up. (requested by benjiapollo)\n|\n|t:|1776733389\n|teamsize|p1|4\n|teamsize|p2|4\n|start\n|switch|p1a: Talonflame|Talonflame, L50, M|100/100\n|switch|p1b: Kingambit|Kingambit, L50, M|100/100\n|switch|p2a: Palafin|Palafin, L50, F|100/100\n|switch|p2b: Gengar|Gengar, L50, M|100/100\n|turn|1\n|\n|t:|1776733413\n|detailschange|p2b: Gengar|Gengar-Mega, L50, M\n|-mega|p2b: Gengar|Gengar|Gengarite\n|move|p2b: Gengar|Protect|p2b: Gengar\n|-singleturn|p2b: Gengar|Protect\n|move|p1a: Talonflame|Tailwind|p1a: Talonflame\n|-sidestart|p1: benjiapollo|move: Tailwind\n|move|p1b: Kingambit|Kowtow Cleave|p2b: Gengar\n|-activate|p2b: Gengar|move: Protect\n|move|p2a: Palafin|Close Combat|p1b: Kingambit\n|-supereffective|p1b: Kingambit|2\n|-damage|p1b: Kingambit|15/100\n|-unboost|p2a: Palafin|def|1\n|-unboost|p2a: Palafin|spd|1\n|\n|upkeep\n|turn|2\n|\n|t:|1776733437\n|move|p1a: Talonflame|Brave Bird|p2a: Palafin\n|-damage|p2a: Palafin|16/100\n|-damage|p1a: Talonflame|64/100|[from] Recoil\n|move|p2a: Palafin|Jet Punch|p1b: Kingambit\n|-damage|p1b: Kingambit|0 fnt\n|faint|p1b: Kingambit\n|move|p2b: Gengar|Sludge Bomb|p1a: Talonflame\n|-damage|p1a: Talonflame|0 fnt\n|faint|p1a: Talonflame\n|\n|upkeep\n|\n|t:|1776733446\n|switch|p1a: Charizard|Charizard, L50, F|100/100\n|switch|p1b: Basculegion|Basculegion, L50, M|100/100\n|turn|3\n|\n|t:|1776733455\n|detailschange|p1a: Charizard|Charizard-Mega-X, L50, F\n|-mega|p1a: Charizard|Charizard|Charizardite X\n|move|p2b: Gengar|Protect|p2b: Gengar\n|-singleturn|p2b: Gengar|Protect\n|move|p2a: Palafin|Protect|p2a: Palafin\n|-singleturn|p2a: Palafin|Protect\n|move|p1b: Basculegion|Last Respects|p2a: Palafin\n|-activate|p2a: Palafin|move: Protect\n|move|p1a: Charizard|Flare Blitz|p2b: Gengar\n|-activate|p2b: Gengar|move: Protect\n|\n|upkeep\n|turn|4\n|\n|t:|1776733469\n|detailschange|p2a: Palafin|Palafin-Hero, L50, F\n|switch|p2a: Sneasler|Sneasler, L50, M|100/100\n|move|p1b: Basculegion|Last Respects|p2a: Sneasler\n|-damage|p2a: Sneasler|0 fnt\n|faint|p2a: Sneasler\n|move|p1a: Charizard|Flare Blitz|p2b: Gengar\n|-damage|p2b: Gengar|0 fnt\n|faint|p2b: Gengar\n|-damage|p1a: Charizard|67/100|[from] Recoil\n|\n|-sideend|p1: benjiapollo|move: Tailwind\n|upkeep\n|\n|t:|1776733477\n|switch|p2b: Ninetales|Ninetales-Alola, L50, M|100/100\n|switch|p2a: Palafin|Palafin-Hero, L50, F|16/100\n|-weather|Snowscape|[from] ability: Snow Warning|[of] p2b: Ninetales\n|-activate|p2a: Palafin|ability: Zero to Hero\n|turn|5\n|\n|t:|1776733487\n|move|p1a: Charizard|Protect|p1a: Charizard\n|-singleturn|p1a: Charizard|Protect\n|move|p2a: Palafin|Protect|p2a: Palafin\n|-singleturn|p2a: Palafin|Protect\n|move|p1b: Basculegion|Last Respects|p2a: Palafin\n|-activate|p2a: Palafin|move: Protect\n|move|p2b: Ninetales|Freeze-Dry|p1b: Basculegion\n|-supereffective|p1b: Basculegion|1\n|-damage|p1b: Basculegion|35/100\n|\n|-weather|Snowscape|[upkeep]\n|upkeep\n|turn|6\n|\n|t:|1776733500\n|move|p2a: Palafin|Jet Punch|p1a: Charizard\n|-damage|p1a: Charizard|19/100\n|move|p1b: Basculegion|Last Respects|p2a: Palafin\n|-damage|p2a: Palafin|0 fnt\n|faint|p2a: Palafin\n|move|p2b: Ninetales|Blizzard|p1b: Basculegion|[spread] p1a,p1b\n|-resisted|p1b: Basculegion|1\n|-damage|p1a: Charizard|0 fnt\n|-damage|p1b: Basculegion|16/100\n|faint|p1a: Charizard\n|\n|-weather|Snowscape|[upkeep]\n|upkeep\n|turn|7\n|\n|t:|1776733511\n|move|p1b: Basculegion|Last Respects|p2b: Ninetales\n|-enditem|p2b: Ninetales|Focus Sash\n|-damage|p2b: Ninetales|1/100\n|move|p2b: Ninetales|Freeze-Dry|p1b: Basculegion\n|-supereffective|p1b: Basculegion|1\n|-damage|p1b: Basculegion|0 fnt\n|faint|p1b: Basculegion\n|\n|win|muzinvgc\n|raw|benjiapollo's rating: 1433 &rarr; <strong>1407</strong><br />(-26 for losing)\n|raw|muzinvgc's rating: 1331 &rarr; <strong>1357</strong><br />(+26 for winning)\n",
  "uploadtime": 1776733519,
  "views": 5,
  "formatid": "gen9championsvgc2026regma",
  "rating": 1357,
  "private": 0,
  "password": null
}