{
  "id": "gen9championsvgc2026regma-2585758899",
  "format": "[Gen 9 Champions] VGC 2026 Reg M-A",
  "players": [
    "Gordon0725",
    "1Neku"
  ],
  "log": "|j|\u2606Gordon0725\n|j|\u26061Neku\n|t:|1776368602\n|gametype|doubles\n|player|p1|Gordon0725|265|1115\n|player|p2|1Neku|lucas-gen4pt|1189\n|gen|9\n|tier|[Gen 9 Champions] VGC 2026 Reg M-A\n|rated|\n|rule|Species Clause: Limit one of each Pok\u00e9mon\n|rule|Item Clause: Limit 1 of each item\n|clearpoke\n|poke|p1|Hawlucha, L50, M|\n|poke|p1|Excadrill, L50, M|\n|poke|p1|Tyranitar, L50, M|\n|poke|p1|Milotic, L50, F|\n|poke|p1|Incineroar, L50, M|\n|poke|p1|Sylveon, L50, F|\n|poke|p2|Pelipper, L50, F|\n|poke|p2|Basculegion, L50, M|\n|poke|p2|Sinistcha, L50|\n|poke|p2|Archaludon, L50, F|\n|poke|p2|Sneasler, L50, M|\n|poke|p2|Dragonite, L50, M|\n|teampreview|4\n|inactive|Battle timer is ON: inactive players will automatically lose when time's up. (requested by 1Neku)\n|\n|t:|1776368624\n|teamsize|p1|4\n|teamsize|p2|4\n|start\n|switch|p1a: Hawlucha|Hawlucha, L50, M, shiny|100/100\n|switch|p1b: Excadrill|Excadrill, L50, M|100/100\n|switch|p2a: Basculegion|Basculegion, L50, M|100/100\n|switch|p2b: Sinistcha|Sinistcha, L50|100/100\n|turn|1\n|inactive|1Neku has 30 seconds left.\n|\n|t:|1776368653\n|detailschange|p1a: Hawlucha|Hawlucha-Mega, L50, M, shiny\n|-mega|p1a: Hawlucha|Hawlucha|Hawluchanite\n|move|p2b: Sinistcha|Rage Powder|p2b: Sinistcha\n|-singleturn|p2b: Sinistcha|move: Rage Powder\n|move|p2a: Basculegion|Wave Crash|p1b: Excadrill\n|-supereffective|p1b: Excadrill|1\n|-crit|p1b: Excadrill\n|-enditem|p1b: Excadrill|Focus Sash\n|-damage|p1b: Excadrill|1/100\n|-damage|p2a: Basculegion|64/100|[from] Recoil\n|move|p1a: Hawlucha|Entrainment|p2b: Sinistcha\n|-ability|p2b: Sinistcha|No Guard|Hospitality|[from] move: Entrainment|[of] p1a: Hawlucha\n|move|p1b: Excadrill|Fissure|p2b: Sinistcha\n|-damage|p2b: Sinistcha|0 fnt\n|faint|p2b: Sinistcha\n|-ohko\n|\n|upkeep\n|\n|t:|1776368672\n|switch|p2b: Pelipper|Pelipper, L50, F, shiny|100/100\n|-weather|RainDance|[from] ability: Drizzle|[of] p2b: Pelipper\n|turn|2\n|\n|t:|1776368689\n|move|p1a: Hawlucha|Detect|p1a: Hawlucha\n|-singleturn|p1a: Hawlucha|Protect\n|move|p2a: Basculegion|Wave Crash|p1b: Excadrill\n|-supereffective|p1b: Excadrill|1\n|-damage|p1b: Excadrill|0 fnt\n|faint|p1b: Excadrill\n|-damage|p2a: Basculegion|64/100|[from] Recoil\n|move|p2b: Pelipper|Tailwind|p2b: Pelipper\n|-sidestart|p2: 1Neku|move: Tailwind\n|\n|-weather|RainDance|[upkeep]\n|upkeep\n|\n|t:|1776368702\n|switch|p1b: Tyranitar|Tyranitar, L50, M|100/100\n|-weather|Sandstorm|[from] ability: Sand Stream|[of] p1b: Tyranitar\n|turn|3\n|\n|t:|1776368720\n|switch|p2b: Sneasler|Sneasler, L50, M|100/100\n|move|p2a: Basculegion|Wave Crash|p1b: Tyranitar\n|-supereffective|p1b: Tyranitar|1\n|-damage|p1b: Tyranitar|11/100\n|-damage|p2a: Basculegion|37/100|[from] Recoil\n|move|p1a: Hawlucha|Iron Head|p2a: Basculegion\n|-resisted|p2a: Basculegion|1\n|-damage|p2a: Basculegion|21/100\n|move|p1b: Tyranitar|Knock Off|p2a: Basculegion\n|-supereffective|p2a: Basculegion|1\n|-damage|p2a: Basculegion|0 fnt\n|-enditem|p2a: Basculegion|Choice Scarf|[from] move: Knock Off|[of] p1b: Tyranitar\n|faint|p2a: Basculegion\n|\n|-weather|Sandstorm|[upkeep]\n|-damage|p2b: Sneasler|95/100|[from] Sandstorm\n|-damage|p1a: Hawlucha|95/100|[from] Sandstorm\n|upkeep\n|\n|t:|1776368738\n|switch|p2a: Pelipper|Pelipper, L50, F, shiny|100/100\n|-weather|RainDance|[from] ability: Drizzle|[of] p2a: Pelipper\n|turn|4\n|\n|t:|1776368762\n|move|p1a: Hawlucha|Detect|p1a: Hawlucha\n|-singleturn|p1a: Hawlucha|Protect\n|move|p1b: Tyranitar|Protect|p1b: Tyranitar\n|-singleturn|p1b: Tyranitar|Protect\n|move|p2b: Sneasler|Fake Out|p1b: Tyranitar\n|-activate|p1b: Tyranitar|move: Protect\n|move|p2a: Pelipper|Weather Ball|p1a: Hawlucha\n|-activate|p1a: Hawlucha|move: Protect\n|\n|-weather|RainDance|[upkeep]\n|upkeep\n|turn|5\n|inactive|Gordon0725 has 30 seconds left.\n|inactive|1Neku has 30 seconds left.\n|\n|t:|1776368792\n|move|p2b: Sneasler|Close Combat|p1b: Tyranitar\n|-supereffective|p1b: Tyranitar|2\n|-enditem|p1b: Tyranitar|Chople Berry|[eat]\n|-enditem|p1b: Tyranitar|Chople Berry|[weaken]\n|-damage|p1b: Tyranitar|0 fnt\n|-unboost|p2b: Sneasler|def|1\n|-unboost|p2b: Sneasler|spd|1\n|faint|p1b: Tyranitar\n|-enditem|p2b: Sneasler|White Herb\n|-clearnegativeboost|p2b: Sneasler|[silent]\n|move|p2a: Pelipper|Weather Ball|p1a: Hawlucha\n|-damage|p1a: Hawlucha|25/100\n|move|p1a: Hawlucha|Iron Head|p2b: Sneasler\n|-damage|p2b: Sneasler|53/100\n|\n|-weather|RainDance|[upkeep]\n|-sideend|p2: 1Neku|move: Tailwind\n|upkeep\n|\n|t:|1776368806\n|switch|p1b: Sylveon|Sylveon, L50, F|100/100\n|turn|6\n|\n|t:|1776368821\n|move|p2b: Sneasler|Dire Claw|p1b: Sylveon\n|-supereffective|p1b: Sylveon|1\n|-damage|p1b: Sylveon|0 fnt\n|faint|p1b: Sylveon\n|move|p1a: Hawlucha|Iron Head|p2b: Sneasler\n|-damage|p2b: Sneasler|11/100\n|move|p2a: Pelipper|Hurricane|p1a: Hawlucha\n|-supereffective|p1a: Hawlucha|1\n|-damage|p1a: Hawlucha|0 fnt\n|faint|p1a: Hawlucha\n|\n|win|1Neku\n|raw|Gordon0725's rating: 1115 &rarr; <strong>1095</strong><br />(-20 for losing)\n|raw|1Neku's rating: 1189 &rarr; <strong>1209</strong><br />(+20 for winning)\n|l|\u2606Gordon0725\n|player|p1|\n",
  "uploadtime": 1776368838,
  "views": 15,
  "formatid": "gen9championsvgc2026regma",
  "rating": 1095,
  "private": 0,
  "password": null
}