{
  "id": "gen9championsvgc2026regma-2582236548",
  "format": "[Gen 9 Champions] VGC 2026 Reg M-A",
  "players": [
    "Justiceforgreninja",
    "Dr. Toughlove"
  ],
  "log": "|j|\u2606Justiceforgreninja\n|j|\u2606Dr. Toughlove\n|t:|1776074636\n|gametype|doubles\n|player|p1|Justiceforgreninja|169|1346\n|player|p2|Dr. Toughlove|hiker-gen4|1361\n|gen|9\n|tier|[Gen 9 Champions] VGC 2026 Reg M-A\n|rated|\n|rule|Species Clause: Limit one of each Pok\u00e9mon\n|rule|Item Clause: Limit 1 of each item\n|clearpoke\n|poke|p1|Kingambit, L50, M|\n|poke|p1|Whimsicott, L50, M|\n|poke|p1|Rotom-Heat, L50|\n|poke|p1|Garchomp, L50, F|\n|poke|p1|Gengar, L50, F|\n|poke|p1|Gardevoir, L50, F|\n|poke|p2|Garchomp, L50, F|\n|poke|p2|Aerodactyl, L50, F|\n|poke|p2|Vivillon, L50, M|\n|poke|p2|Delphox, L50, M|\n|poke|p2|Rotom-Wash, L50|\n|poke|p2|Sinistcha, L50|\n|teampreview|4\n|\n|t:|1776074663\n|teamsize|p1|4\n|teamsize|p2|4\n|start\n|switch|p1a: Rotom|Rotom-Heat, L50|100/100\n|switch|p1b: Garchomp|Garchomp, L50, F|100/100\n|switch|p2a: Garchomp|Garchomp, L50, F|100/100\n|switch|p2b: Aerodactyl|Aerodactyl, L50, F|100/100\n|-ability|p2b: Aerodactyl|Unnerve\n|turn|1\n|\n|t:|1776074677\n|move|p2a: Garchomp|Dragon Claw|p1b: Garchomp\n|-supereffective|p1b: Garchomp|1\n|-damage|p1b: Garchomp|13/100\n|-damage|p2a: Garchomp|88/100|[from] ability: Rough Skin|[of] p1b: Garchomp\n|move|p1a: Rotom|Thunderbolt|p2b: Aerodactyl\n|-supereffective|p2b: Aerodactyl|1\n|-damage|p2b: Aerodactyl|0 fnt\n|faint|p2b: Aerodactyl\n|move|p1b: Garchomp|Dragon Claw|p2a: Garchomp\n|-supereffective|p2a: Garchomp|1\n|-damage|p2a: Garchomp|7/100\n|-damage|p1b: Garchomp|0 fnt|[from] ability: Rough Skin|[of] p2a: Garchomp\n|faint|p1b: Garchomp\n|\n|upkeep\n|\n|t:|1776074701\n|switch|p2b: Rotom|Rotom-Wash, L50|100/100\n|switch|p1b: Whimsicott|Whimsicott, L50, M|100/100\n|turn|2\n|\n|t:|1776074707\n|switch|p2a: Delphox|Delphox, L50, M|100/100\n|move|p1b: Whimsicott|Tailwind|p1b: Whimsicott\n|-sidestart|p1: Justiceforgreninja|move: Tailwind\n|move|p1a: Rotom|Thunderbolt|p2b: Rotom\n|-damage|p2b: Rotom|56/100\n|move|p2b: Rotom|Hydro Pump|p1a: Rotom\n|-supereffective|p1a: Rotom|1\n|-damage|p1a: Rotom|0 fnt\n|faint|p1a: Rotom\n|\n|-heal|p2b: Rotom|62/100|[from] item: Leftovers\n|upkeep\n|\n|t:|1776074716\n|switch|p1a: Gardevoir|Gardevoir, L50, F|100/100\n|turn|3\n|\n|t:|1776074726\n|detailschange|p1a: Gardevoir|Gardevoir-Mega, L50, F\n|-mega|p1a: Gardevoir|Gardevoir|Gardevoirite\n|detailschange|p2a: Delphox|Delphox-Mega, L50, M\n|-mega|p2a: Delphox|Delphox|Delphoxite\n|move|p1b: Whimsicott|Moonblast|p2b: Rotom\n|-damage|p2b: Rotom|25/100\n|move|p1a: Gardevoir|Hyper Voice|p2b: Rotom|[spread] p2a,p2b\n|-resisted|p2a: Delphox|1\n|-damage|p2a: Delphox|77/100\n|-damage|p2b: Rotom|0 fnt\n|faint|p2b: Rotom\n|move|p2a: Delphox|Heat Wave|p1b: Whimsicott|[spread] p1a,p1b\n|-supereffective|p1b: Whimsicott|1\n|-damage|p1a: Gardevoir|68/100\n|-enditem|p1b: Whimsicott|Focus Sash\n|-damage|p1b: Whimsicott|1/100\n|\n|upkeep\n|\n|t:|1776074743\n|switch|p2b: Garchomp|Garchomp, L50, F|7/100\n|turn|4\n|\n|t:|1776074748\n|move|p1b: Whimsicott|Protect|p1b: Whimsicott\n|-singleturn|p1b: Whimsicott|Protect\n|move|p1a: Gardevoir|Hyper Voice|p2b: Garchomp|[spread] p2a,p2b\n|-resisted|p2a: Delphox|1\n|-supereffective|p2b: Garchomp|1\n|-damage|p2a: Delphox|53/100\n|-damage|p2b: Garchomp|0 fnt\n|faint|p2b: Garchomp\n|move|p2a: Delphox|Heat Wave|p1a: Gardevoir|[spread] p1a\n|-activate|p1b: Whimsicott|move: Protect\n|-damage|p1a: Gardevoir|31/100\n|\n|upkeep\n|turn|5\n|\n|t:|1776074765\n|move|p1b: Whimsicott|Moonblast|p2a: Delphox\n|-resisted|p2a: Delphox|1\n|-damage|p2a: Delphox|37/100\n|move|p1a: Gardevoir|Hyper Voice|p2a: Delphox\n|-resisted|p2a: Delphox|1\n|-damage|p2a: Delphox|4/100\n|move|p2a: Delphox|Heat Wave|p1b: Whimsicott|[spread] p1a,p1b\n|-supereffective|p1b: Whimsicott|1\n|-damage|p1a: Gardevoir|0 fnt\n|-damage|p1b: Whimsicott|0 fnt\n|faint|p1a: Gardevoir\n|faint|p1b: Whimsicott\n|\n|win|Dr. Toughlove\n|raw|Justiceforgreninja's rating: 1346 &rarr; <strong>1327</strong><br />(-19 for losing)\n|raw|Dr. Toughlove's rating: 1361 &rarr; <strong>1380</strong><br />(+19 for winning)\n|c|\u2606Dr. Toughlove|Gg\n|l|\u2606Justiceforgreninja\n|player|p1|\n|l|\u2606Dr. Toughlove\n|player|p2|\n|j|\u2606Dr. Toughlove\n|player|p2|Dr. Toughlove|hiker-gen4|\n",
  "uploadtime": 1776074852,
  "views": 35,
  "formatid": "gen9championsvgc2026regma",
  "rating": 1327,
  "private": 0,
  "password": null
}