{
  "id": "gen9championsvgc2026regma-2586920111",
  "format": "[Gen 9 Champions] VGC 2026 Reg M-A",
  "players": [
    "yukidagoatt",
    "callmerandy"
  ],
  "log": "|j|\u2606yukidagoatt\n|j|\u2606callmerandy\n|t:|1776471882\n|gametype|doubles\n|player|p1|yukidagoatt|101|1098\n|player|p2|callmerandy|1|1165\n|gen|9\n|tier|[Gen 9 Champions] VGC 2026 Reg M-A\n|rated|\n|rule|Species Clause: Limit one of each Pok\u00e9mon\n|rule|Item Clause: Limit 1 of each item\n|clearpoke\n|poke|p1|Scovillain, L50, M|\n|poke|p1|Garchomp, L50, F|\n|poke|p1|Primarina, L50, M|\n|poke|p1|Kingambit, L50, M|\n|poke|p1|Sneasler, L50, M|\n|poke|p1|Aerodactyl, L50, M|\n|poke|p2|Floette-Eternal, L50, F|\n|poke|p2|Aerodactyl, L50, M|\n|poke|p2|Delphox, L50, M|\n|poke|p2|Garchomp, L50, M|\n|poke|p2|Maushold, L50|\n|poke|p2|Incineroar, L50, F|\n|teampreview|4\n|inactive|Battle timer is ON: inactive players will automatically lose when time's up. (requested by yukidagoatt)\nyukidagoatt rejected open team sheets.\n|\n|t:|1776471937\n|teamsize|p1|4\n|teamsize|p2|4\n|start\n|switch|p1a: Primarina|Primarina, L50, M|100/100\n|switch|p1b: Scovillain|Scovillain, L50, M|100/100\n|switch|p2a: Aerodactyl|Aerodactyl, L50, M|100/100\n|switch|p2b: Garchomp|Garchomp, L50, M|100/100\n|-ability|p2a: Aerodactyl|Unnerve\n|turn|1\n|inactive|callmerandy has 30 seconds left.\n|inactive|callmerandy has 20 seconds left.\n|inactive|callmerandy has 15 seconds left.\n|inactive|callmerandy has 10 seconds left.\n|inactive|callmerandy has 5 seconds left.\n|\n|t:|1776471989\n|detailschange|p1b: Scovillain|Scovillain-Mega, L50, M\n|-mega|p1b: Scovillain|Scovillain|Scovillainite\n|move|p1b: Scovillain|Rage Powder|p1b: Scovillain\n|-singleturn|p1b: Scovillain|move: Rage Powder\n|move|p2a: Aerodactyl|Rock Slide|p1b: Scovillain|[spread] p1a,p1b\n|-supereffective|p1b: Scovillain|1\n|-damage|p1a: Primarina|72/100\n|-damage|p1b: Scovillain|48/100\n|-status|p2a: Aerodactyl|brn|[from] ability: Spicy Spray|[of] p1b: Scovillain\n|move|p2b: Garchomp|Earthquake|p1a: Primarina|[spread] p1a,p1b\n|-immune|p2a: Aerodactyl\n|-damage|p1a: Primarina|26/100\n|-damage|p1b: Scovillain|6/100\n|-status|p2b: Garchomp|brn|[from] ability: Spicy Spray|[of] p1b: Scovillain\n|move|p1a: Primarina|Calm Mind|p1a: Primarina\n|-boost|p1a: Primarina|spa|1\n|-boost|p1a: Primarina|spd|1\n|\n|-heal|p1a: Primarina|32/100|[from] item: Leftovers\n|-damage|p2a: Aerodactyl|95/100 brn|[from] brn\n|-damage|p2b: Garchomp|94/100 brn|[from] brn\n|upkeep\n|turn|2\n|inactive|yukidagoatt has 30 seconds left.\n|inactive|callmerandy has 30 seconds left.\n|inactive|yukidagoatt has 20 seconds left.\n|inactive|yukidagoatt has 15 seconds left.\n|\n|t:|1776472030\n|move|p1a: Primarina|Protect|p1a: Primarina\n|-singleturn|p1a: Primarina|Protect\n|move|p2a: Aerodactyl|Rock Slide|p1a: Primarina|[spread] p1b\n|-activate|p1a: Primarina|move: Protect\n|-supereffective|p1b: Scovillain|1\n|-damage|p1b: Scovillain|0 fnt\n|faint|p1b: Scovillain\n|move|p2b: Garchomp|Earthquake|p1a: Primarina|[spread] \n|-activate|p1a: Primarina|move: Protect\n|-immune|p2a: Aerodactyl\n|\n|-heal|p1a: Primarina|38/100|[from] item: Leftovers\n|-damage|p2a: Aerodactyl|89/100 brn|[from] brn\n|-damage|p2b: Garchomp|88/100 brn|[from] brn\n|upkeep\n|\n|t:|1776472048\n|switch|p1b: Sneasler|Sneasler, L50, M|100/100\n|turn|3\n|\n|t:|1776472064\n|move|p1b: Sneasler|Fake Out|p2b: Garchomp\n|-damage|p2b: Garchomp|74/100 brn\n|-damage|p1b: Sneasler|88/100|[from] ability: Rough Skin|[of] p2b: Garchomp\n|move|p2a: Aerodactyl|Rock Slide|p1a: Primarina|[spread] p1a,p1b\n|-resisted|p1b: Sneasler|1\n|-damage|p1a: Primarina|25/100\n|-damage|p1b: Sneasler|77/100\n|cant|p2b: Garchomp|flinch\n|move|p1a: Primarina|Hyper Voice|p2b: Garchomp|[spread] p2a,p2b\n|-supereffective|p2a: Aerodactyl|1\n|-damage|p2a: Aerodactyl|0 fnt\n|-damage|p2b: Garchomp|23/100 brn\n|faint|p2a: Aerodactyl\n|\n|-heal|p1a: Primarina|30/100|[from] item: Leftovers\n|-damage|p2b: Garchomp|17/100 brn|[from] brn\n|upkeep\n|\n|t:|1776472087\n|switch|p2a: Incineroar|Incineroar, L50, F|100/100\n|-ability|p2a: Incineroar|Intimidate|boost\n|-unboost|p1a: Primarina|atk|1\n|-unboost|p1b: Sneasler|atk|1\n|-enditem|p1b: Sneasler|White Herb\n|-clearnegativeboost|p1b: Sneasler|[silent]\n|turn|4\n|inactive|callmerandy has 30 seconds left.\n|\n|t:|1776472125\n|move|p1a: Primarina|Protect|p1a: Primarina\n|-singleturn|p1a: Primarina|Protect\n|move|p2a: Incineroar|Fake Out|p1a: Primarina\n|-activate|p1a: Primarina|move: Protect\n|move|p1b: Sneasler|Close Combat|p2a: Incineroar\n|-supereffective|p2a: Incineroar|1\n|-damage|p2a: Incineroar|0 fnt\n|-unboost|p1b: Sneasler|def|1\n|-unboost|p1b: Sneasler|spd|1\n|faint|p2a: Incineroar\n|move|p2b: Garchomp|Dragon Claw|p1b: Sneasler\n|-damage|p1b: Sneasler|25/100\n|\n|-heal|p1a: Primarina|36/100|[from] item: Leftovers\n|-damage|p2b: Garchomp|11/100 brn|[from] brn\n|upkeep\n|\n|t:|1776472142\n|switch|p2a: Delphox|Delphox, L50, M|100/100\n|turn|5\n|inactive|callmerandy has 30 seconds left.\n|\n|t:|1776472169\n|detailschange|p2a: Delphox|Delphox-Mega, L50, M\n|-mega|p2a: Delphox|Delphox|Delphoxite\n|move|p1b: Sneasler|Dire Claw|p2a: Delphox\n|-damage|p2a: Delphox|47/100\n|-status|p2a: Delphox|slp\n|cant|p2a: Delphox|slp\n|move|p2b: Garchomp|Earthquake|p1b: Sneasler|[spread] p1a,p1b\n|-immune|p2a: Delphox|[from] ability: Levitate\n|-supereffective|p1b: Sneasler|1\n|-damage|p1a: Primarina|13/100\n|-damage|p1b: Sneasler|0 fnt\n|faint|p1b: Sneasler\n|move|p1a: Primarina|Hyper Voice|p2b: Garchomp|[spread] p2a,p2b\n|-supereffective|p2a: Delphox|1\n|-damage|p2a: Delphox|0 fnt\n|-damage|p2b: Garchomp|0 fnt\n|faint|p2a: Delphox\n|faint|p2b: Garchomp\n|\n|win|yukidagoatt\n|raw|yukidagoatt's rating: 1098 &rarr; <strong>1128</strong><br />(+30 for winning)\n|raw|callmerandy's rating: 1165 &rarr; <strong>1135</strong><br />(-30 for losing)\n|l|\u2606callmerandy\n|player|p2|\n",
  "uploadtime": 1776472191,
  "views": 22,
  "formatid": "gen9championsvgc2026regma",
  "rating": 1128,
  "private": 0,
  "password": null
}