{
  "id": "gen9championsvgc2026regma-2588306123",
  "format": "[Gen 9 Champions] VGC 2026 Reg M-A",
  "players": [
    "brix_2006",
    "b1ueberries"
  ],
  "log": "|j|\u2606brix_2006\n|j|\u2606b1ueberries\n|t:|1776622679\n|gametype|doubles\n|player|p1|brix_2006|266|1118\n|player|p2|b1ueberries|fisherman-gen4|1217\n|gen|9\n|tier|[Gen 9 Champions] VGC 2026 Reg M-A\n|rated|\n|rule|Species Clause: Limit one of each Pok\u00e9mon\n|rule|Item Clause: Limit 1 of each item\n|clearpoke\n|poke|p1|Sableye, L50, F, shiny|\n|poke|p1|Camerupt, L50, M|\n|poke|p1|Orthworm, L50, F|\n|poke|p1|Sinistcha-Masterpiece, L50|\n|poke|p1|Mimikyu, L50, M|\n|poke|p1|Farigiraf, L50, M|\n|poke|p2|Araquanid, L50, M|\n|poke|p2|Ampharos, L50, F|\n|poke|p2|Farigiraf, L50, M|\n|poke|p2|Incineroar, L50, F|\n|poke|p2|Sinistcha, L50|\n|poke|p2|Kingambit, L50, M|\n|teampreview|4\nb1ueberries has agreed to open team sheets.\n|inactive|Battle timer is ON: inactive players will automatically lose when time's up. (requested by brix_2006)\n|\n|t:|1776622722\n|teamsize|p1|4\n|teamsize|p2|4\n|start\n|switch|p1a: come comde|Orthworm, L50, F|100/100\n|switch|p1b: Mimikyu|Mimikyu, L50, M|100/100\n|switch|p2a: Farigiraf|Farigiraf, L50, M|100/100\n|switch|p2b: Araquanid|Araquanid, L50, M|100/100\n|turn|1\n|\n|t:|1776622740\n|move|p2a: Farigiraf|Protect|p2a: Farigiraf\n|-singleturn|p2a: Farigiraf|Protect\n|move|p1b: Mimikyu|Play Rough|p2b: Araquanid\n|-damage|p2b: Araquanid|48/100\n|move|p1a: come comde|Shed Tail|p1a: come comde\n|-start|p1a: come comde|Substitute|[from] move: Shed Tail\n|-damage|p1a: come comde|50/100\n|-enditem|p1a: come comde|Sitrus Berry|[eat]\n|-heal|p1a: come comde|75/100|[from] item: Sitrus Berry\n|\n|t:|1776622748\n|switch|p1a: matador de veno|Camerupt, L50, M|100/100|[from] Shed Tail\n|move|p2b: Araquanid|Liquidation|p1b: Mimikyu\n|-activate|p1b: Mimikyu|ability: Disguise\n|-damage|p1b: Mimikyu|100/100\n|detailschange|p1b: Mimikyu|Mimikyu-Busted, L50, M\n|-damage|p1b: Mimikyu|88/100|[from] pokemon: Mimikyu-Busted\n|\n|upkeep\n|turn|2\n|\n|t:|1776622763\n|detailschange|p1a: matador de veno|Camerupt-Mega, L50, M\n|-mega|p1a: matador de veno|Camerupt|Cameruptite\n|move|p2b: Araquanid|Wide Guard|p2b: Araquanid\n|-singleturn|p2b: Araquanid|Wide Guard\n|move|p1a: matador de veno|Eruption|p2a: Farigiraf|[spread] \n|-activate|p2a: Farigiraf|move: Wide Guard\n|-activate|p2b: Araquanid|move: Wide Guard\n|move|p1b: Mimikyu|Trick Room|p1b: Mimikyu\n|-fieldstart|move: Trick Room|[of] p1b: Mimikyu\n|move|p2a: Farigiraf|Trick Room|p2a: Farigiraf\n|-fieldend|move: Trick Room\n|\n|upkeep\n|turn|3\n|\n|t:|1776622786\n|move|p2a: Farigiraf|Protect|p2a: Farigiraf\n|-singleturn|p2a: Farigiraf|Protect\n|move|p1b: Mimikyu|Play Rough|p2b: Araquanid\n|-damage|p2b: Araquanid|0 fnt\n|faint|p2b: Araquanid\n|move|p1a: matador de veno|High Horsepower|p2a: Farigiraf\n|-activate|p2a: Farigiraf|move: Protect\n|\n|upkeep\n|\n|t:|1776622795\n|switch|p2b: Incineroar|Incineroar, L50, F|100/100\n|-ability|p2b: Incineroar|Intimidate|boost\n|-immune|p1a: matador de veno\n|-unboost|p1b: Mimikyu|atk|1\n|turn|4\n|\n|t:|1776622813\n|move|p1a: matador de veno|Protect|p1a: matador de veno\n|-singleturn|p1a: matador de veno|Protect\n|move|p2b: Incineroar|Flare Blitz|p1b: Mimikyu\n|-damage|p1b: Mimikyu|18/100\n|-damage|p2b: Incineroar|86/100|[from] Recoil\n|move|p1b: Mimikyu|Trick Room|p1b: Mimikyu\n|-fieldstart|move: Trick Room|[of] p1b: Mimikyu\n|move|p2a: Farigiraf|Trick Room|p2a: Farigiraf\n|-fieldend|move: Trick Room\n|\n|upkeep\n|turn|5\n|\n|t:|1776622837\n|move|p1b: Mimikyu|Protect|p1b: Mimikyu\n|-singleturn|p1b: Mimikyu|Protect\n|move|p2b: Incineroar|Flare Blitz|p1b: Mimikyu\n|-activate|p1b: Mimikyu|move: Protect\n|move|p1a: matador de veno|Earthquake|p2b: Incineroar|[spread] p2a,p2b\n|-activate|p1b: Mimikyu|move: Protect\n|-supereffective|p2b: Incineroar|1\n|-damage|p2a: Farigiraf|67/100\n|-damage|p2b: Incineroar|29/100\n|-enditem|p2b: Incineroar|Sitrus Berry|[eat]\n|-heal|p2b: Incineroar|54/100|[from] item: Sitrus Berry\n|move|p2a: Farigiraf|Trick Room|p2a: Farigiraf\n|-fieldstart|move: Trick Room|[of] p2a: Farigiraf\n|\n|upkeep\n|turn|6\n|inactive|brix_2006 has 30 seconds left.\n|\n|t:|1776622864\n|switch|p1b: dono|Sableye, L50, F, shiny|100/100\n|move|p1a: matador de veno|Earthquake|p2b: Incineroar|[spread] p1b,p2a,p2b\n|-supereffective|p2b: Incineroar|1\n|-crit|p2b: Incineroar\n|-damage|p1b: dono|57/100\n|-damage|p2a: Farigiraf|35/100\n|-damage|p2b: Incineroar|0 fnt\n|faint|p2b: Incineroar\n|move|p2a: Farigiraf|Hyper Voice|p1a: matador de veno|[spread] p1a\n|-immune|p1b: dono\n|-damage|p1a: matador de veno|70/100\n|\n|upkeep\n|\n|t:|1776622876\n|switch|p2b: Ampharos|Ampharos, L50, F|100/100\n|turn|7\n|inactive|brix_2006 has 30 seconds left.\n|\n|t:|1776622901\n|switch|p1b: come comde|Orthworm, L50, F|75/100\n|detailschange|p2b: Ampharos|Ampharos-Mega, L50, F\n|-mega|p2b: Ampharos|Ampharos|Ampharosite\n|-ability|p2b: Ampharos|Mold Breaker\n|move|p1a: matador de veno|Earthquake|p2b: Ampharos|[spread] p2a,p2b\n|-heal|p1b: come comde|99/100|[from] ability: Earth Eater|[of] p1a: matador de veno\n|-supereffective|p2b: Ampharos|1\n|-damage|p2a: Farigiraf|2/100\n|-damage|p2b: Ampharos|49/100\n|move|p2b: Ampharos|Thunderbolt|p1b: come comde\n|-damage|p1b: come comde|13/100\n|move|p2a: Farigiraf|Hyper Voice|p1a: matador de veno|[spread] p1a,p1b\n|-resisted|p1b: come comde|1\n|-crit|p1b: come comde\n|-damage|p1a: matador de veno|38/100\n|-damage|p1b: come comde|0 fnt\n|faint|p1b: come comde\n|\n|upkeep\n|\n|t:|1776622917\n|switch|p1b: dono|Sableye, L50, F, shiny|57/100\n|turn|8\n|\n|t:|1776622938\n|move|p1b: dono|Protect|p1b: dono\n|-singleturn|p1b: dono|Protect\n|move|p2b: Ampharos|Protect|p2b: Ampharos\n|-singleturn|p2b: Ampharos|Protect\n|move|p2a: Farigiraf|Protect|p2a: Farigiraf\n|-singleturn|p2a: Farigiraf|Protect\n|move|p1a: matador de veno|Earthquake|p2a: Farigiraf|[spread] \n|-activate|p1b: dono|move: Protect\n|-activate|p2a: Farigiraf|move: Protect\n|-activate|p2b: Ampharos|move: Protect\n|\n|upkeep\n|turn|9\n|\n|t:|1776622957\n|move|p2b: Ampharos|Protect||[still]\n|-fail|p2b: Ampharos\n|move|p2a: Farigiraf|Protect||[still]\n|-fail|p2a: Farigiraf\n|move|p1b: dono|Sunny Day|p1b: dono\n|-weather|SunnyDay\n|move|p1a: matador de veno|Eruption|p2b: Ampharos|[spread] p2a,p2b\n|-resisted|p2b: Ampharos|1\n|-damage|p2a: Farigiraf|0 fnt\n|-damage|p2b: Ampharos|33/100\n|faint|p2a: Farigiraf\n|\n|-weather|SunnyDay|[upkeep]\n|-fieldend|move: Trick Room\n|upkeep\n|turn|10\n|-message|b1ueberries forfeited.\n|\n|win|brix_2006\n|raw|brix_2006's rating: 1118 &rarr; <strong>1150</strong><br />(+32 for winning)\n|raw|b1ueberries's rating: 1217 &rarr; <strong>1185</strong><br />(-32 for losing)\n|l|\u2606b1ueberries\n|player|p2|\n|c|\u2606brix_2006|ahhhhhh\n",
  "uploadtime": 1776622983,
  "views": 16,
  "formatid": "gen9championsvgc2026regma",
  "rating": 1150,
  "private": 0,
  "password": null
}