{
  "id": "gen9championsvgc2026regma-2587073045",
  "format": "[Gen 9 Champions] VGC 2026 Reg M-A",
  "players": [
    "AzureChuck",
    "Popshop Mecca"
  ],
  "log": "|j|\u2606AzureChuck\n|j|\u2606Popshop Mecca\n|t:|1776489725\n|gametype|doubles\n|player|p1|AzureChuck|101|1142\n|player|p2|Popshop Mecca|169|1119\n|gen|9\n|tier|[Gen 9 Champions] VGC 2026 Reg M-A\n|rated|\n|rule|Species Clause: Limit one of each Pok\u00e9mon\n|rule|Item Clause: Limit 1 of each item\n|clearpoke\n|poke|p1|Gengar, L50, F|\n|poke|p1|Heliolisk, L50, M|\n|poke|p1|Maushold-Four, L50|\n|poke|p1|Corviknight, L50, F|\n|poke|p1|Whimsicott, L50, F|\n|poke|p1|Dragonite, L50, M|\n|poke|p2|Hydrapple, L50, M|\n|poke|p2|Sinistcha-Masterpiece, L50|\n|poke|p2|Arcanine-Hisui, L50, F|\n|poke|p2|Primarina, L50, M|\n|poke|p2|Slowking-Galar, L50, F|\n|poke|p2|Aggron, L50, M|\n|teampreview|4\n|inactive|Battle timer is ON: inactive players will automatically lose when time's up. (requested by AzureChuck)\n|inactive|AzureChuck has 60 seconds left.\n|inactive|Popshop Mecca has 60 seconds left.\n|\n|t:|1776489774\n|teamsize|p1|4\n|teamsize|p2|4\n|start\n|switch|p1a: The Intel|Heliolisk, L50, M|100/100\n|switch|p1b: The Control|Whimsicott, L50, F|100/100\n|switch|p2a: Aggron|Aggron, L50, M|100/100\n|switch|p2b: Slowking|Slowking-Galar, L50, F|100/100\n|turn|1\n|inactive|Popshop Mecca has 30 seconds left.\n|\n|t:|1776489801\n|switch|p1b: The Wall|Corviknight, L50, F|100/100\n|detailschange|p2a: Aggron|Aggron-Mega, L50, M\n|-mega|p2a: Aggron|Aggron|Aggronite\n|move|p1a: The Intel|Shed Tail|p1a: The Intel\n|-start|p1a: The Intel|Substitute|[from] move: Shed Tail\n|-damage|p1a: The Intel|50/100\n|-enditem|p1a: The Intel|Sitrus Berry|[eat]\n|-heal|p1a: The Intel|75/100|[from] item: Sitrus Berry\n|\n|t:|1776489811\n|switch|p1a: Him.|Gengar, L50, F|100/100|[from] Shed Tail\n|move|p2a: Aggron|Body Press|p1a: Him.\n|-immune|p1a: Him.\n|move|p2b: Slowking|Sludge Bomb|p1b: The Wall\n|-immune|p1b: The Wall\n|\n|upkeep\n|turn|2\n|\n|t:|1776489828\n|move|p1a: Him.|Protect|p1a: Him.\n|-singleturn|p1a: Him.|Protect\n|move|p1b: The Wall|Iron Defense|p1b: The Wall\n|-boost|p1b: The Wall|def|2\n|move|p2a: Aggron|Iron Defense|p2a: Aggron\n|-boost|p2a: Aggron|def|2\n|move|p2b: Slowking|Trick Room|p2b: Slowking\n|-fieldstart|move: Trick Room|[of] p2b: Slowking\n|\n|upkeep\n|turn|3\n|\n|t:|1776489843\n|detailschange|p1a: Him.|Gengar-Mega, L50, F\n|-mega|p1a: Him.|Gengar|Gengarite\n|move|p2b: Slowking|Eerie Spell|p1a: Him.\n|-supereffective|p1a: Him.|1\n|-damage|p1a: Him.|17/100\n|-activate|p1a: Him.|move: Eerie Spell|Protect|3\n|move|p2a: Aggron|Iron Head|p1a: Him.\n|-end|p1a: Him.|Substitute\n|move|p1b: The Wall|Body Press|p2a: Aggron\n|-supereffective|p2a: Aggron|1\n|-damage|p2a: Aggron|80/100\n|move|p1a: Him.|Shadow Ball|p2a: Aggron\n|-damage|p2a: Aggron|38/100\n|\n|upkeep\n|turn|4\n|inactive|Popshop Mecca has 30 seconds left.\n|\n|t:|1776489872\n|move|p1a: Him.|Protect|p1a: Him.\n|-singleturn|p1a: Him.|Protect\n|move|p2b: Slowking|Eerie Spell|p1a: Him.\n|-activate|p1a: Him.|move: Protect\n|move|p2a: Aggron|Body Press|p1b: The Wall\n|-damage|p1b: The Wall|76/100\n|move|p1b: The Wall|Iron Defense|p1b: The Wall\n|-boost|p1b: The Wall|def|2\n|\n|-heal|p1b: The Wall|82/100|[from] item: Leftovers\n|upkeep\n|turn|5\n|\n|t:|1776489888\n|switch|p1a: The Control|Whimsicott, L50, F|100/100\n|move|p2b: Slowking|Eerie Spell|p1a: The Control\n|-damage|p1a: The Control|50/100\n|move|p2a: Aggron|Body Press|p1b: The Wall\n|-damage|p1b: The Wall|66/100\n|move|p1b: The Wall|Body Press|p2a: Aggron\n|-supereffective|p2a: Aggron|1\n|-damage|p2a: Aggron|8/100\n|\n|-heal|p1b: The Wall|72/100|[from] item: Leftovers\n|upkeep\n|turn|6\n|\n|t:|1776489903\n|move|p1a: The Control|Protect|p1a: The Control\n|-singleturn|p1a: The Control|Protect\n|move|p2b: Slowking|Eerie Spell|p1a: The Control\n|-activate|p1a: The Control|move: Protect\n|move|p2a: Aggron|Body Press|p1b: The Wall\n|-damage|p1b: The Wall|57/100\n|move|p1b: The Wall|Roost|p1b: The Wall\n|-heal|p1b: The Wall|100/100\n|-singleturn|p1b: The Wall|move: Roost\n|\n|-fieldend|move: Trick Room\n|upkeep\n|turn|7\n|inactive|Popshop Mecca has 30 seconds left.\n|inactive|Popshop Mecca has 20 seconds left.\n|inactive|Popshop Mecca has 15 seconds left.\n|\n|t:|1776489944\n|move|p1a: The Control|Encore|p2b: Slowking\n|-start|p2b: Slowking|Encore\n|move|p1b: The Wall|Body Press|p2a: Aggron\n|-supereffective|p2a: Aggron|1\n|-damage|p2a: Aggron|0 fnt\n|faint|p2a: Aggron\n|move|p2b: Slowking|Eerie Spell|p1a: The Control\n|-damage|p1a: The Control|3/100\n|-activate|p1a: The Control|move: Eerie Spell|Encore|3\n|\n|upkeep\n|\n|t:|1776489960\n|switch|p2a: Primarina|Primarina, L50, M|100/100\n|turn|8\n|\n|t:|1776489975\n|move|p1a: The Control|Protect|p1a: The Control\n|-singleturn|p1a: The Control|Protect\n|move|p1b: The Wall|Brave Bird|p2b: Slowking\n|-damage|p2b: Slowking|72/100\n|-damage|p1b: The Wall|91/100|[from] Recoil\n|move|p2a: Primarina|Hyper Voice|p1b: The Wall|[spread] p1b\n|-activate|p1a: The Control|move: Protect\n|-damage|p1b: The Wall|60/100\n|move|p2b: Slowking|Eerie Spell|p1b: The Wall\n|-resisted|p1b: The Wall|1\n|-damage|p1b: The Wall|47/100\n|-activate|p1b: The Wall|move: Eerie Spell|Brave Bird|3\n|\n|-heal|p1b: The Wall|53/100|[from] item: Leftovers\n|upkeep\n|turn|9\n|inactive|AzureChuck has 30 seconds left.\n|inactive|Popshop Mecca has 30 seconds left.\n|\n|t:|1776490005\n|switch|p2b: Arcanine|Arcanine-Hisui, L50, F|100/100\n|-ability|p2b: Arcanine|Intimidate|boost\n|-unboost|p1a: The Control|atk|1\n|-ability|p1b: The Wall|Mirror Armor\n|-unboost|p2b: Arcanine|atk|1\n|move|p1a: The Control|Tailwind|p1a: The Control\n|-sidestart|p1: AzureChuck|move: Tailwind\n|move|p1b: The Wall|Roost|p1b: The Wall\n|-heal|p1b: The Wall|100/100\n|-singleturn|p1b: The Wall|move: Roost\n|move|p2a: Primarina|Hyper Voice|p1b: The Wall|[spread] p1a,p1b\n|-resisted|p1a: The Control|1\n|-crit|p1b: The Wall\n|-damage|p1a: The Control|0 fnt\n|-damage|p1b: The Wall|52/100\n|faint|p1a: The Control\n|\n|-heal|p1b: The Wall|58/100|[from] item: Leftovers\n|upkeep\n|\n|t:|1776490024\n|switch|p1a: The Intel|Heliolisk, L50, M|75/100\n|turn|10\n|\n|t:|1776490044\n|move|p2a: Primarina|Protect|p2a: Primarina\n|-singleturn|p2a: Primarina|Protect\n|move|p1a: The Intel|Electroweb|p2b: Arcanine|[spread] p2b\n|-activate|p2a: Primarina|move: Protect\n|-damage|p2b: Arcanine|79/100\n|-unboost|p2b: Arcanine|spe|1\n|move|p1b: The Wall|Body Press|p2b: Arcanine\n|-supereffective|p2b: Arcanine|1\n|-damage|p2b: Arcanine|0 fnt\n|faint|p2b: Arcanine\n|\n|-heal|p1b: The Wall|63/100|[from] item: Leftovers\n|upkeep\n|\n|t:|1776490055\n|switch|p2b: Slowking|Slowking-Galar, L50, F|100/100\n|turn|11\n|inactive|AzureChuck has 30 seconds left.\n|\n|t:|1776490085\n|move|p1a: The Intel|Volt Switch|p2a: Primarina\n|-supereffective|p2a: Primarina|1\n|-damage|p2a: Primarina|49/100\n|\n|t:|1776490089\n|switch|p1a: Him.|Gengar-Mega, L50, F|17/100|[from] Volt Switch\n|move|p1b: The Wall|Body Press|p2a: Primarina\n|-resisted|p2a: Primarina|1\n|-damage|p2a: Primarina|7/100\n|move|p2a: Primarina|Life Dew||[still]|[spread] p2a,p2b\n|-heal|p2a: Primarina|32/100\n|-fail|p2b: Slowking|heal\n|move|p2b: Slowking|Trick Room|p2b: Slowking\n|-fieldstart|move: Trick Room|[of] p2b: Slowking\n|\n|-heal|p2a: Primarina|38/100|[from] item: Leftovers\n|-heal|p1b: The Wall|69/100|[from] item: Leftovers\n|upkeep\n|turn|12\n|\n|t:|1776490106\n|move|p1a: Him.|Protect|p1a: Him.\n|-singleturn|p1a: Him.|Protect\n|move|p2b: Slowking|Eerie Spell|p1a: Him.\n|-activate|p1a: Him.|move: Protect\n|move|p2a: Primarina|Life Dew||[still]|[spread] p2a,p2b\n|-heal|p2a: Primarina|63/100\n|-fail|p2b: Slowking|heal\n|move|p1b: The Wall|Body Press|p2a: Primarina\n|-resisted|p2a: Primarina|1\n|-damage|p2a: Primarina|20/100\n|\n|-heal|p2a: Primarina|26/100|[from] item: Leftovers\n|-heal|p1b: The Wall|75/100|[from] item: Leftovers\n|-sideend|p1: AzureChuck|move: Tailwind\n|upkeep\n|turn|13\n|inactive|Popshop Mecca has 30 seconds left.\n|\n|t:|1776490132\n|switch|p1a: The Intel|Heliolisk, L50, M|75/100\n|move|p2b: Slowking|Eerie Spell|p1b: The Wall\n|-resisted|p1b: The Wall|1\n|-damage|p1b: The Wall|61/100\n|-activate|p1b: The Wall|move: Eerie Spell|Body Press|3\n|move|p2a: Primarina|Hyper Voice|p1a: The Intel|[spread] p1b\n|-heal|p1a: The Intel|99/100|[from] ability: Dry Skin|[of] p2a: Primarina\n|-damage|p1b: The Wall|30/100\n|move|p1b: The Wall|Body Press|p2a: Primarina\n|-resisted|p2a: Primarina|1\n|-damage|p2a: Primarina|0 fnt\n|faint|p2a: Primarina\n|\n|-heal|p1b: The Wall|36/100|[from] item: Leftovers\n|upkeep\n|turn|14\n|\n|t:|1776490156\n|move|p2b: Slowking|Sludge Bomb|p1a: The Intel\n|-damage|p1a: The Intel|57/100\n|move|p1b: The Wall|Roost|p1b: The Wall\n|-heal|p1b: The Wall|86/100\n|-singleturn|p1b: The Wall|move: Roost\n|move|p1a: The Intel|Shed Tail|p1a: The Intel\n|-start|p1a: The Intel|Substitute|[from] move: Shed Tail\n|-damage|p1a: The Intel|7/100\n|\n|t:|1776490164\n|switch|p1a: Him.|Gengar-Mega, L50, F|17/100|[from] Shed Tail\n|\n|-heal|p1b: The Wall|92/100|[from] item: Leftovers\n|upkeep\n|turn|15\n|-message|Popshop Mecca forfeited.\n|\n|win|AzureChuck\n|raw|AzureChuck's rating: 1142 &rarr; <strong>1165</strong><br />(+23 for winning)\n|raw|Popshop Mecca's rating: 1119 &rarr; <strong>1096</strong><br />(-23 for losing)\n|l|\u2606Popshop Mecca\n|player|p2|\n",
  "uploadtime": 1776490175,
  "views": 14,
  "formatid": "gen9championsvgc2026regma",
  "rating": 1096,
  "private": 0,
  "password": null
}