{
  "id": "gen9championsvgc2026regma-2588506518",
  "format": "[Gen 9 Champions] VGC 2026 Reg M-A",
  "players": [
    "PablixSama",
    "snackisle"
  ],
  "log": "|j|\u2606PablixSama\n|j|\u2606snackisle\n|t:|1776639774\n|gametype|doubles\n|player|p1|PablixSama|dawn|1075\n|player|p2|snackisle|worker|1000\n|gen|9\n|tier|[Gen 9 Champions] VGC 2026 Reg M-A\n|rated|\n|rule|Species Clause: Limit one of each Pok\u00e9mon\n|rule|Item Clause: Limit 1 of each item\n|clearpoke\n|poke|p1|Sneasler, L50, F|\n|poke|p1|Charizard, L50, M, shiny|\n|poke|p1|Whimsicott, L50, F|\n|poke|p1|Garchomp, L50, F|\n|poke|p1|Rotom-Wash, L50|\n|poke|p1|Floette-Eternal, L50, F|\n|poke|p2|Blastoise, L50, M, shiny|\n|poke|p2|Farigiraf, L50, M|\n|poke|p2|Rotom-Wash, L50, shiny|\n|poke|p2|Pelipper, L50, F|\n|poke|p2|Dragonite, L50, M, shiny|\n|poke|p2|Incineroar, L50, M, shiny|\n|teampreview|4\nsnackisle rejected open team sheets.\n|inactive|Battle timer is ON: inactive players will automatically lose when time's up. (requested by snackisle)\n|\n|t:|1776639812\n|teamsize|p1|4\n|teamsize|p2|4\n|start\n|switch|p1a: Sneasler|Sneasler, L50, F|100/100\n|switch|p1b: Whimsicott|Whimsicott, L50, F|100/100\n|switch|p2a: Farigiraf|Farigiraf, L50, M|100/100\n|switch|p2b: Blastoise|Blastoise, L50, M, shiny|100/100\n|turn|1\n|\n|t:|1776639833\n|move|p2b: Blastoise|Protect|p2b: Blastoise\n|-singleturn|p2b: Blastoise|Protect\n|move|p1b: Whimsicott|Tailwind|p1b: Whimsicott\n|-sidestart|p1: PablixSama|move: Tailwind\n|move|p1a: Sneasler|Taunt|p2a: Farigiraf\n|-start|p2a: Farigiraf|move: Taunt\n|cant|p2a: Farigiraf|move: Taunt|Trick Room\n|\n|upkeep\n|turn|2\n|inactive|PablixSama has 30 seconds left.\n|\n|t:|1776639858\n|switch|p1a: Floette|Floette-Eternal, L50, F|100/100\n|switch|p2b: Incineroar|Incineroar, L50, M, shiny|100/100\n|-ability|p2b: Incineroar|Intimidate|boost\n|-unboost|p1a: Floette|atk|1\n|-block|p1b: Whimsicott|ability: Flower Veil|[of] p1a: Floette\n|move|p1b: Whimsicott|Encore|p2b: Incineroar\n|-hint|Since gen 7, Dark is immune to Prankster moves.\n|-immune|p2b: Incineroar\n|move|p2a: Farigiraf|Psychic|p1a: Floette\n|-crit|p1a: Floette\n|-damage|p1a: Floette|55/100\n|\n|upkeep\n|turn|3\n|inactive|PablixSama has 30 seconds left.\n|inactive|snackisle has 30 seconds left.\n|\n|t:|1776639886\n|switch|p1b: Garchomp|Garchomp, L50, F|100/100\n|detailschange|p1a: Floette|Floette-Mega, L50, F\n|-mega|p1a: Floette|Floette|Floettite\n|-ability|p1a: Floette|Fairy Aura\n|move|p1a: Floette|Protect|p1a: Floette\n|-singleturn|p1a: Floette|Protect\n|move|p2b: Incineroar|Fake Out|p1b: Garchomp\n|-damage|p1b: Garchomp|90/100\n|-damage|p2b: Incineroar|88/100|[from] ability: Rough Skin|[of] p1b: Garchomp\n|move|p2a: Farigiraf|Hyper Voice|p1b: Garchomp|[spread] p1b\n|-activate|p1a: Floette|move: Protect\n|-damage|p1b: Garchomp|61/100\n|\n|-end|p2a: Farigiraf|move: Taunt\n|upkeep\n|turn|4\n|inactive|PablixSama has 30 seconds left.\n|\n|t:|1776639915\n|move|p1b: Garchomp|Stomping Tantrum|p2a: Farigiraf\n|-damage|p2a: Farigiraf|72/100\n|move|p1a: Floette|Dazzling Gleam|p2a: Farigiraf|[spread] p2a,p2b\n|-damage|p2a: Farigiraf|23/100\n|-damage|p2b: Incineroar|45/100\n|-enditem|p2b: Incineroar|Sitrus Berry|[eat]\n|-heal|p2b: Incineroar|70/100|[from] item: Sitrus Berry\n|move|p2b: Incineroar|Flare Blitz|p1a: Floette\n|-damage|p1a: Floette|0 fnt\n|faint|p1a: Floette\n|-damage|p2b: Incineroar|56/100|[from] Recoil\n|move|p2a: Farigiraf|Trick Room|p2a: Farigiraf\n|-fieldstart|move: Trick Room|[of] p2a: Farigiraf\n|\n|-sideend|p1: PablixSama|move: Tailwind\n|upkeep\n|\n|t:|1776639932\n|switch|p1a: Whimsicott|Whimsicott, L50, F|100/100\n|turn|5\n|\n|t:|1776639947\n|move|p1a: Whimsicott|Protect|p1a: Whimsicott\n|-singleturn|p1a: Whimsicott|Protect\n|move|p2a: Farigiraf|Protect|p2a: Farigiraf\n|-singleturn|p2a: Farigiraf|Protect\n|move|p2b: Incineroar|Flare Blitz|p1a: Whimsicott\n|-activate|p1a: Whimsicott|move: Protect\n|move|p1b: Garchomp|Stomping Tantrum|p2b: Incineroar\n|-supereffective|p2b: Incineroar|1\n|-damage|p2b: Incineroar|0 fnt\n|faint|p2b: Incineroar\n|\n|upkeep\n|\n|t:|1776639955\n|switch|p2b: Blastoise|Blastoise, L50, M, shiny|100/100\n|turn|6\n|inactive|PablixSama has 30 seconds left.\n|\n|t:|1776639981\n|switch|p2a: Pelipper|Pelipper, L50, F|100/100\n|-weather|RainDance|[from] ability: Drizzle|[of] p2a: Pelipper\n|switch|p1a: Sneasler|Sneasler, L50, F|100/100\n|detailschange|p2b: Blastoise|Blastoise-Mega, L50, M, shiny\n|-mega|p2b: Blastoise|Blastoise|Blastoisinite\n|move|p2b: Blastoise|Water Spout|p1a: Sneasler|[spread] p1a,p1b\n|-crit|p1b: Garchomp\n|-damage|p1a: Sneasler|0 fnt\n|-damage|p1b: Garchomp|0 fnt\n|faint|p1a: Sneasler\n|faint|p1b: Garchomp\n|\n|-weather|RainDance|[upkeep]\n|upkeep\n|-message|PablixSama forfeited.\n|\n|win|snackisle\n|raw|PablixSama's rating: 1075 &rarr; <strong>1049</strong><br />(-26 for losing)\n|raw|snackisle's rating: 1000 &rarr; <strong>1049</strong><br />(+49 for winning)\n|l|\u2606PablixSama\n|player|p1|\n|l|\u2606snackisle\n|player|p2|\n|j|\u2606snackisle\n|player|p2|snackisle|worker|\n",
  "uploadtime": 1776640071,
  "views": 17,
  "formatid": "gen9championsvgc2026regma",
  "rating": 1049,
  "private": 0,
  "password": null
}