{
  "id": "gen9championsvgc2026regma-2581016584",
  "format": "[Gen 9 Champions] VGC 2026 Reg M-A",
  "players": [
    "amongdripgoku",
    "TheMomMoistener2xO"
  ],
  "log": "|j|\u2606amongdripgoku\n|j|\u2606TheMomMoistener2xO\n|t:|1775952025\n|gametype|doubles\n|player|p1|amongdripgoku|1|1006\n|player|p2|TheMomMoistener2xO|265|1000\n|gen|9\n|tier|[Gen 9 Champions] VGC 2026 Reg M-A\n|rated|\n|rule|Species Clause: Limit one of each Pok\u00e9mon\n|rule|Item Clause: Limit 1 of each item\n|clearpoke\n|poke|p1|Pelipper, L50, F|\n|poke|p1|Gengar, L50, M|\n|poke|p1|Greninja-*, L50, F|\n|poke|p1|Basculegion, L50, M|\n|poke|p1|Archaludon, L50, M|\n|poke|p1|Whimsicott, L50, F|\n|poke|p2|Froslass, L50, F|\n|poke|p2|Aerodactyl, L50, F|\n|poke|p2|Heracross, L50, F|\n|poke|p2|Weavile, L50, M|\n|poke|p2|Primarina, L50, M|\n|poke|p2|Farigiraf, L50, F|\n|teampreview|4\nTheMomMoistener2xO rejected open team sheets.\n|inactive|Battle timer is ON: inactive players will automatically lose when time's up. (requested by TheMomMoistener2xO)\n|\n|t:|1775952074\n|teamsize|p1|4\n|teamsize|p2|4\n|start\n|switch|p1a: Gengar|Gengar, L50, M|100/100\n|switch|p1b: Archaludon|Archaludon, L50, M|100/100\n|switch|p2a: Aerodactyl|Aerodactyl, L50, F|100/100\n|switch|p2b: Weavile|Weavile, L50, M|100/100\n|-ability|p2a: Aerodactyl|Unnerve\n|-ability|p2b: Weavile|Pressure\n|turn|1\n|\n|t:|1775952096\n|move|p1a: Gengar|Protect|p1a: Gengar\n|-singleturn|p1a: Gengar|Protect\n|move|p2a: Aerodactyl|Tailwind|p2a: Aerodactyl\n|-sidestart|p2: TheMomMoistener2xO|move: Tailwind\n|move|p2b: Weavile|Knock Off|p1a: Gengar\n|-activate|p1a: Gengar|move: Protect\n|move|p1b: Archaludon|Flash Cannon|p2b: Weavile\n|-supereffective|p2b: Weavile|1\n|-damage|p2b: Weavile|0 fnt\n|faint|p2b: Weavile\n|\n|upkeep\n|\n|t:|1775952106\n|switch|p2b: Heracross|Heracross, L50, F|100/100\n|turn|2\n|\n|t:|1775952122\n|switch|p1a: Pelipper|Pelipper, L50, F|100/100\n|-weather|RainDance|[from] ability: Drizzle|[of] p1a: Pelipper\n|detailschange|p2b: Heracross|Heracross-Mega, L50, F\n|-mega|p2b: Heracross|Heracross|Heracronite\n|move|p2a: Aerodactyl|Dual Wingbeat|p1a: Pelipper\n|-damage|p1a: Pelipper|81/100\n|-damage|p1a: Pelipper|59/100\n|-hitcount|p1a: Pelipper|2\n|move|p2b: Heracross|Close Combat|p1b: Archaludon\n|-supereffective|p1b: Archaludon|1\n|-damage|p1b: Archaludon|0 fnt\n|-unboost|p2b: Heracross|def|1\n|-unboost|p2b: Heracross|spd|1\n|faint|p1b: Archaludon\n|\n|-weather|RainDance|[upkeep]\n|-heal|p1a: Pelipper|65/100|[from] item: Leftovers\n|upkeep\n|inactive|amongdripgoku has 30 seconds left.\n|inactive|amongdripgoku has 20 seconds left.\n|\n|t:|1775952158\n|switch|p1b: Gengar|Gengar, L50, M|100/100\n|turn|3\n|\n|t:|1775952173\n|move|p1b: Gengar|Protect|p1b: Gengar\n|-singleturn|p1b: Gengar|Protect\n|move|p2a: Aerodactyl|Rock Slide|p1b: Gengar|[spread] p1a\n|-activate|p1b: Gengar|move: Protect\n|-supereffective|p1a: Pelipper|1\n|-damage|p1a: Pelipper|11/100\n|move|p2b: Heracross|Rock Blast|p1b: Gengar\n|-activate|p1b: Gengar|move: Protect\n|move|p1a: Pelipper|Hurricane|p2b: Heracross\n|-supereffective|p2b: Heracross|2\n|-damage|p2b: Heracross|0 fnt\n|faint|p2b: Heracross\n|\n|-weather|RainDance|[upkeep]\n|-heal|p1a: Pelipper|17/100|[from] item: Leftovers\n|upkeep\n|\n|t:|1775952186\n|switch|p2b: Froslass|Froslass, L50, F|100/100\n|turn|4\n|\n|t:|1775952208\n|detailschange|p1b: Gengar|Gengar-Mega, L50, M\n|-mega|p1b: Gengar|Gengar|Gengarite\n|move|p1a: Pelipper|Wide Guard|p1a: Pelipper\n|-singleturn|p1a: Pelipper|Wide Guard\n|move|p2b: Froslass|Ice Beam|p1b: Gengar\n|-damage|p1b: Gengar|58/100\n|move|p2a: Aerodactyl|Rock Slide|p1b: Gengar|[spread] \n|-activate|p1a: Pelipper|move: Wide Guard\n|-activate|p1b: Gengar|move: Wide Guard\n|move|p1b: Gengar|Shadow Ball|p2b: Froslass\n|-supereffective|p2b: Froslass|1\n|-damage|p2b: Froslass|0 fnt\n|faint|p2b: Froslass\n|\n|-weather|RainDance|[upkeep]\n|-heal|p1a: Pelipper|23/100|[from] item: Leftovers\n|-sideend|p2: TheMomMoistener2xO|move: Tailwind\n|upkeep\n|turn|5\n|\n|t:|1775952229\n|switch|p1a: Basculegion|Basculegion, L50, M|100/100\n|move|p2a: Aerodactyl|Dual Wingbeat|p1b: Gengar\n|-damage|p1b: Gengar|26/100\n|-damage|p1b: Gengar|0 fnt\n|faint|p1b: Gengar\n|-hitcount|p1: Gengar|2\n|\n|-weather|RainDance|[upkeep]\n|upkeep\n|\n|t:|1775952235\n|switch|p1b: Pelipper|Pelipper, L50, F|23/100\n|turn|6\n|\n|t:|1775952243\n|move|p1a: Basculegion|Wave Crash|p2a: Aerodactyl\n|-supereffective|p2a: Aerodactyl|1\n|-crit|p2a: Aerodactyl\n|-enditem|p2a: Aerodactyl|Focus Sash\n|-damage|p2a: Aerodactyl|1/100\n|-damage|p1a: Basculegion|74/100|[from] Recoil\n|move|p2a: Aerodactyl|Rock Slide|p1a: Basculegion|[spread] p1a,p1b\n|-supereffective|p1b: Pelipper|1\n|-damage|p1a: Basculegion|40/100\n|-damage|p1b: Pelipper|0 fnt\n|faint|p1b: Pelipper\n|\n|-weather|none\n|upkeep\n|turn|7\n|\n|t:|1775952256\n|move|p1a: Basculegion|Aqua Jet|p2a: Aerodactyl\n|-supereffective|p2a: Aerodactyl|1\n|-damage|p2a: Aerodactyl|0 fnt\n|faint|p2a: Aerodactyl\n|\n|win|amongdripgoku\n|raw|amongdripgoku's rating: 1006 &rarr; <strong>1044</strong><br />(+38 for winning)\n|raw|TheMomMoistener2xO's rating: 1000 &rarr; <strong>1000</strong><br />(+0 for losing)\n",
  "uploadtime": 1775952256,
  "views": 16,
  "formatid": "gen9championsvgc2026regma",
  "rating": 1000,
  "private": 0,
  "password": null
}