{
  "id": "gen9championsvgc2026regma-2581880509",
  "format": "[Gen 9 Champions] VGC 2026 Reg M-A",
  "players": [
    "CBKreme",
    "klubclassicsw2"
  ],
  "log": "|j|\u2606CBKreme\n|j|\u2606klubclassicsw2\n|t:|1776036247\n|gametype|doubles\n|player|p1|CBKreme|interviewers|1007\n|player|p2|klubclassicsw2|1|1041\n|gen|9\n|tier|[Gen 9 Champions] VGC 2026 Reg M-A\n|rated|\n|rule|Species Clause: Limit one of each Pok\u00e9mon\n|rule|Item Clause: Limit 1 of each item\n|clearpoke\n|poke|p1|Gardevoir, L50, F|\n|poke|p1|Ninetales-Alola, L50, F|\n|poke|p1|Froslass, L50, F|\n|poke|p1|Hatterene, L50, F|\n|poke|p1|Flapple, L50, F|\n|poke|p1|Gyarados, L50, M|\n|poke|p2|Garchomp, L50, M|\n|poke|p2|Incineroar, L50, M|\n|poke|p2|Floette-Eternal, L50, F|\n|poke|p2|Azumarill, L50, F|\n|poke|p2|Clefable, L50, F|\n|poke|p2|Talonflame, L50, M|\n|teampreview|4\n|inactive|Battle timer is ON: inactive players will automatically lose when time's up. (requested by CBKreme)\n|inactive|klubclassicsw2 has 60 seconds left.\n|\n|t:|1776036280\n|teamsize|p1|4\n|teamsize|p2|4\n|start\n|switch|p1a: Hatterene|Hatterene, L50, F|100/100\n|switch|p1b: Flapple|Flapple, L50, F, shiny|100/100\n|switch|p2a: Talonflame|Talonflame, L50, M|100/100\n|switch|p2b: Floette|Floette-Eternal, L50, F|100/100\n|turn|1\n|\n|t:|1776036292\n|detailschange|p2b: Floette|Floette-Mega, L50, F\n|-mega|p2b: Floette|Floette|Floettite\n|-ability|p2b: Floette|Fairy Aura\n|move|p1b: Flapple|Protect|p1b: Flapple\n|-singleturn|p1b: Flapple|Protect\n|move|p2a: Talonflame|Tailwind|p2a: Talonflame\n|-sidestart|p2: klubclassicsw2|move: Tailwind\n|move|p2b: Floette|Calm Mind|p2b: Floette\n|-boost|p2b: Floette|spa|1\n|-boost|p2b: Floette|spd|1\n|move|p1a: Hatterene|Trick Room|p1a: Hatterene\n|-fieldstart|move: Trick Room|[of] p1a: Hatterene\n|\n|upkeep\n|turn|2\n|\n|t:|1776036311\n|move|p1a: Hatterene|Calm Mind|p1a: Hatterene\n|-boost|p1a: Hatterene|spa|1\n|-boost|p1a: Hatterene|spd|1\n|move|p1b: Flapple|Dragon Rush|p2a: Talonflame\n|-damage|p2a: Talonflame|12/100\n|move|p2a: Talonflame|Taunt|p1a: Hatterene\n|move|p1a: Hatterene|Taunt|p2a: Talonflame|[from] ability: Magic Bounce\n|-start|p2a: Talonflame|move: Taunt\n|move|p2b: Floette|Dazzling Gleam|p1a: Hatterene|[spread] p1a,p1b\n|-supereffective|p1b: Flapple|1\n|-damage|p1a: Hatterene|54/100\n|-damage|p1b: Flapple|0 fnt\n|faint|p1b: Flapple\n|\n|upkeep\n|\n|t:|1776036328\n|switch|p1b: Ninetales|Ninetales-Alola, L50, F|100/100\n|-weather|Snowscape|[from] ability: Snow Warning|[of] p1b: Ninetales\n|turn|3\n|\n|t:|1776036348\n|move|p1a: Hatterene|Calm Mind|p1a: Hatterene\n|-boost|p1a: Hatterene|spa|1\n|-boost|p1a: Hatterene|spd|1\n|move|p1b: Ninetales|Disable|p2b: Floette\n|-start|p2b: Floette|Disable|Dazzling Gleam\n|move|p2a: Talonflame|Fire Spin|p1a: Hatterene\n|-damage|p1a: Hatterene|49/100\n|-activate|p1a: Hatterene|move: Fire Spin|[of] p2a: Talonflame\n|cant|p2b: Floette|Disable|Dazzling Gleam\n|\n|-weather|Snowscape|[upkeep]\n|-damage|p1a: Hatterene|36/100|[from] move: Fire Spin|[partiallytrapped]\n|upkeep\n|turn|4\n|\n|t:|1776036368\n|move|p1a: Hatterene|Mystical Fire|p2a: Talonflame\n|-resisted|p2a: Talonflame|1\n|-damage|p2a: Talonflame|0 fnt\n|faint|p2a: Talonflame\n|move|p1b: Ninetales|Aurora Veil|p1b: Ninetales\n|-sidestart|p1: CBKreme|move: Aurora Veil\n|move|p2b: Floette|Light of Ruin|p1b: Ninetales\n|-enditem|p1b: Ninetales|Focus Sash\n|-damage|p1b: Ninetales|1/100\n|-damage|p2b: Floette|41/100|[from] Recoil\n|\n|-weather|Snowscape|[upkeep]\n|-end|p1a: Hatterene|Fire Spin|[partiallytrapped]|[silent]\n|-sideend|p2: klubclassicsw2|move: Tailwind\n|upkeep\n|\n|t:|1776036380\n|switch|p2a: Garchomp|Garchomp, L50, M|100/100\n|turn|5\n|\n|t:|1776036404\n|move|p2a: Garchomp|Protect|p2a: Garchomp\n|-singleturn|p2a: Garchomp|Protect\n|move|p2b: Floette|Protect|p2b: Floette\n|-singleturn|p2b: Floette|Protect\n|move|p1a: Hatterene|Dark Pulse|p2a: Garchomp\n|-activate|p2a: Garchomp|move: Protect\n|move|p1b: Ninetales|Encore|p2b: Floette\n|-activate|p2b: Floette|move: Protect\n|\n|-weather|Snowscape|[upkeep]\n|-fieldend|move: Trick Room\n|upkeep\n|turn|6\n|\n|t:|1776036428\n|move|p1b: Ninetales|Encore|p2b: Floette\n|-start|p2b: Floette|Encore\n|move|p2b: Floette|Protect||[still]\n|-fail|p2b: Floette\n|move|p2a: Garchomp|Rock Slide|p1b: Ninetales|[spread] p1a,p1b\n|-supereffective|p1b: Ninetales|1\n|-damage|p1a: Hatterene|26/100\n|-damage|p1b: Ninetales|0 fnt\n|faint|p1b: Ninetales\n|move|p1a: Hatterene|Trick Room|p1a: Hatterene\n|-fieldstart|move: Trick Room|[of] p1a: Hatterene\n|\n|-weather|Snowscape|[upkeep]\n|-end|p2b: Floette|Disable\n|upkeep\n|\n|t:|1776036436\n|switch|p1b: Gyarados|Gyarados, L50, M, shiny|100/100\n|-ability|p1b: Gyarados|Intimidate|boost\n|-unboost|p2a: Garchomp|atk|1\n|-unboost|p2b: Floette|atk|1\n|turn|7\n|\n|t:|1776036455\n|switch|p2b: Azumarill|Azumarill, L50, F|100/100\n|move|p2a: Garchomp|Protect|p2a: Garchomp\n|-singleturn|p2a: Garchomp|Protect\n|move|p1a: Hatterene|Dark Pulse|p2a: Garchomp\n|-activate|p2a: Garchomp|move: Protect\n|move|p1b: Gyarados|Roar|p2b: Azumarill\n|drag|p2b: Floette|Floette-Mega, L50, F|41/100\n|-ability|p2b: Floette|Fairy Aura\n|\n|-weather|none\n|upkeep\n|turn|8\n|inactive|klubclassicsw2 has 30 seconds left.\n|\n|t:|1776036486\n|move|p1a: Hatterene|Dark Pulse|p2b: Floette\n|-resisted|p2b: Floette|1\n|-damage|p2b: Floette|21/100\n|move|p1b: Gyarados|Waterfall|p2b: Floette\n|-damage|p2b: Floette|0 fnt\n|faint|p2b: Floette\n|move|p2a: Garchomp|Rock Slide|p1b: Gyarados|[spread] p1b\n|-miss|p2a: Garchomp|p1a: Hatterene\n|-supereffective|p1b: Gyarados|1\n|-crit|p1b: Gyarados\n|-damage|p1b: Gyarados|37/100\n|\n|-sideend|p1: CBKreme|move: Aurora Veil\n|upkeep\n|\n|t:|1776036498\n|switch|p2b: Azumarill|Azumarill, L50, F|100/100\n|turn|9\n|\n|t:|1776036520\n|move|p2a: Garchomp|Protect|p2a: Garchomp\n|-singleturn|p2a: Garchomp|Protect\n|move|p1a: Hatterene|Dark Pulse|p2a: Garchomp\n|-activate|p2a: Garchomp|move: Protect\n|move|p2b: Azumarill|Whirlpool|p1a: Hatterene\n|-damage|p1a: Hatterene|21/100\n|-activate|p1a: Hatterene|move: Whirlpool|[of] p2b: Azumarill\n|move|p1b: Gyarados|Thunder Wave|p2b: Azumarill\n|-status|p2b: Azumarill|par\n|\n|-damage|p1a: Hatterene|8/100|[from] move: Whirlpool|[partiallytrapped]\n|upkeep\n|turn|10\n|\n|t:|1776036542\n|move|p2b: Azumarill|Protect|p2b: Azumarill\n|-singleturn|p2b: Azumarill|Protect\n|move|p1a: Hatterene|Dark Pulse|p2a: Garchomp\n|-damage|p2a: Garchomp|46/100\n|move|p1b: Gyarados|Waterfall|p2a: Garchomp\n|-damage|p2a: Garchomp|9/100\n|-damage|p1b: Gyarados|25/100|[from] ability: Rough Skin|[of] p2a: Garchomp\n|move|p2a: Garchomp|Rock Slide|p1b: Gyarados|[spread] p1a,p1b\n|-supereffective|p1b: Gyarados|1\n|-damage|p1a: Hatterene|0 fnt\n|-damage|p1b: Gyarados|0 fnt\n|faint|p1a: Hatterene\n|faint|p1b: Gyarados\n|\n|win|klubclassicsw2\n|raw|CBKreme's rating: 1007 &rarr; <strong>1000</strong><br />(-7 for losing)\n|raw|klubclassicsw2's rating: 1041 &rarr; <strong>1072</strong><br />(+31 for winning)\n|l|\u2606klubclassicsw2\n|player|p2|\n",
  "uploadtime": 1776036557,
  "views": 11,
  "formatid": "gen9championsvgc2026regma",
  "rating": 1000,
  "private": 0,
  "password": null
}