{
  "id": "gen9championsvgc2026regma-2586325701",
  "format": "[Gen 9 Champions] VGC 2026 Reg M-A",
  "players": [
    "boatguinwza",
    "TethysPersevere"
  ],
  "log": "|j|\u2606boatguinwza\n|j|\u2606TethysPersevere\n|t:|1776425492\n|gametype|doubles\n|player|p1|boatguinwza|clerk|1093\n|player|p2|TethysPersevere|lucas-gen4pt|1084\n|gen|9\n|tier|[Gen 9 Champions] VGC 2026 Reg M-A\n|rated|\n|rule|Species Clause: Limit one of each Pok\u00e9mon\n|rule|Item Clause: Limit 1 of each item\n|clearpoke\n|poke|p1|Hydreigon, L50, F|\n|poke|p1|Infernape, L50, F|\n|poke|p1|Gliscor, L50, F|\n|poke|p1|Torkoal, L50, F|\n|poke|p1|Meowstic, L50, M|\n|poke|p1|Tyranitar, L50, M|\n|poke|p2|Empoleon, L50, M|\n|poke|p2|Sinistcha, L50|\n|poke|p2|Incineroar, L50, M|\n|poke|p2|Chimecho, L50, F|\n|poke|p2|Tyranitar, L50, M|\n|poke|p2|Kommo-o, L50, M|\n|teampreview|4\n|\n|t:|1776425526\n|teamsize|p1|4\n|teamsize|p2|4\n|start\n|switch|p1a: Torkoal|Torkoal, L50, F|100/100\n|switch|p1b: Gliscor|Gliscor, L50, F|100/100\n|switch|p2a: Sinistcha|Sinistcha, L50|100/100\n|switch|p2b: Tyranitar|Tyranitar, L50, M|100/100\n|-weather|Sandstorm|[from] ability: Sand Stream|[of] p2b: Tyranitar\n|-weather|SunnyDay|[from] ability: Drought|[of] p1a: Torkoal\n|turn|1\n|\n|t:|1776425552\n|switch|p2a: Incineroar|Incineroar, L50, M|100/100\n|-ability|p2a: Incineroar|Intimidate|boost\n|-unboost|p1a: Torkoal|atk|1\n|-unboost|p1b: Gliscor|atk|1\n|detailschange|p2b: Tyranitar|Tyranitar-Mega, L50, M\n|-mega|p2b: Tyranitar|Tyranitar|Tyranitarite\n|-weather|Sandstorm|[from] ability: Sand Stream|[of] p2b: Tyranitar\n|move|p1b: Gliscor|Ice Fang|p2a: Incineroar\n|-resisted|p2a: Incineroar|1\n|-damage|p2a: Incineroar|93/100\n|move|p2b: Tyranitar|Rock Slide|p1b: Gliscor|[spread] p1a,p1b\n|-supereffective|p1a: Torkoal|1\n|-damage|p1a: Torkoal|39/100\n|-damage|p1b: Gliscor|60/100\n|move|p1a: Torkoal|Eruption|p2a: Incineroar|[spread] p2a,p2b\n|-resisted|p2a: Incineroar|1\n|-resisted|p2b: Tyranitar|1\n|-damage|p2a: Incineroar|88/100\n|-damage|p2b: Tyranitar|97/100\n|\n|-weather|Sandstorm|[upkeep]\n|-damage|p2a: Incineroar|82/100|[from] Sandstorm\n|-damage|p1a: Torkoal|33/100|[from] Sandstorm\n|-heal|p1a: Torkoal|39/100|[from] item: Leftovers\n|upkeep\n|turn|2\n|\n|t:|1776425584\n|switch|p1a: Infernape|Infernape, L50, F|100/100\n|move|p2a: Incineroar|Fake Out|p1a: Infernape\n|-damage|p1a: Infernape|79/100\n|move|p1b: Gliscor|Rock Slide|p2a: Incineroar|[spread] p2a,p2b\n|-supereffective|p2a: Incineroar|1\n|-damage|p2a: Incineroar|60/100\n|-damage|p2b: Tyranitar|90/100\n|move|p2b: Tyranitar|Knock Off|p1b: Gliscor\n|-damage|p1b: Gliscor|0 fnt\n|-enditem|p1b: Gliscor|Sitrus Berry|[from] move: Knock Off|[of] p2b: Tyranitar\n|faint|p1b: Gliscor\n|\n|-weather|Sandstorm|[upkeep]\n|-damage|p1a: Infernape|73/100|[from] Sandstorm\n|-damage|p2a: Incineroar|54/100|[from] Sandstorm\n|upkeep\n|\n|t:|1776425599\n|switch|p1b: Torkoal|Torkoal, L50, F|39/100\n|-weather|SunnyDay|[from] ability: Drought|[of] p1b: Torkoal\n|turn|3\n|\n|t:|1776425619\n|move|p1a: Infernape|Close Combat|p2a: Incineroar\n|-supereffective|p2a: Incineroar|1\n|-damage|p2a: Incineroar|0 fnt\n|-unboost|p1a: Infernape|def|1\n|-unboost|p1a: Infernape|spd|1\n|faint|p2a: Incineroar\n|-enditem|p1a: Infernape|White Herb\n|-clearnegativeboost|p1a: Infernape|[silent]\n|move|p2b: Tyranitar|Rock Slide|p1a: Infernape|[spread] p1a,p1b\n|-supereffective|p1b: Torkoal|1\n|-damage|p1a: Infernape|17/100\n|-damage|p1b: Torkoal|0 fnt\n|faint|p1b: Torkoal\n|\n|-weather|SunnyDay|[upkeep]\n|upkeep\n|\n|t:|1776425631\n|switch|p2a: Kommo-o|Kommo-o, L50, M|100/100\n|switch|p1b: Hydreigon|Hydreigon, L50, F|100/100\n|turn|4\n|\n|t:|1776425657\n|move|p1a: Infernape|Close Combat|p2b: Tyranitar\n|-supereffective|p2b: Tyranitar|2\n|-damage|p2b: Tyranitar|0 fnt\n|-unboost|p1a: Infernape|def|1\n|-unboost|p1a: Infernape|spd|1\n|faint|p2b: Tyranitar\n|move|p1b: Hydreigon|Dark Pulse|p2a: Kommo-o\n|-resisted|p2a: Kommo-o|1\n|-damage|p2a: Kommo-o|83/100\n|cant|p2a: Kommo-o|flinch\n|\n|-weather|SunnyDay|[upkeep]\n|-heal|p2a: Kommo-o|89/100|[from] item: Leftovers\n|upkeep\n|\n|t:|1776425668\n|switch|p2b: Sinistcha|Sinistcha, L50|100/100\n|-heal|p2a: Kommo-o|100/100|[from] ability: Hospitality|[of] p2b: Sinistcha\n|turn|5\n|\n|t:|1776425682\n|move|p1a: Infernape|Close Combat|p2a: Kommo-o\n|-damage|p2a: Kommo-o|51/100\n|-unboost|p1a: Infernape|def|1\n|-unboost|p1a: Infernape|spd|1\n|move|p1b: Hydreigon|Heat Wave|p2a: Kommo-o|[spread] p2a,p2b\n|-resisted|p2a: Kommo-o|1\n|-supereffective|p2b: Sinistcha|1\n|-damage|p2a: Kommo-o|32/100\n|-enditem|p2b: Sinistcha|Focus Sash\n|-damage|p2b: Sinistcha|1/100\n|move|p2a: Kommo-o|Clanging Scales|p1b: Hydreigon|[spread] p1a,p1b\n|-supereffective|p1b: Hydreigon|1\n|-damage|p1a: Infernape|0 fnt\n|-damage|p1b: Hydreigon|3/100\n|faint|p1a: Infernape\n|-unboost|p2a: Kommo-o|def|1\n|move|p2b: Sinistcha|Trick Room|p2b: Sinistcha\n|-fieldstart|move: Trick Room|[of] p2b: Sinistcha\n|\n|-weather|SunnyDay|[upkeep]\n|-heal|p2a: Kommo-o|38/100|[from] item: Leftovers\n|upkeep\n|turn|6\n|\n|t:|1776425702\n|move|p2b: Sinistcha|Matcha Gotcha|p1b: Hydreigon\n|-resisted|p1b: Hydreigon|1\n|-damage|p1b: Hydreigon|0 fnt\n|-heal|p2b: Sinistcha|3/100|[from] drain|[of] p1b: Hydreigon\n|faint|p1b: Hydreigon\n|\n|win|TethysPersevere\n|raw|boatguinwza's rating: 1093 &rarr; <strong>1068</strong><br />(-25 for losing)\n|raw|TethysPersevere's rating: 1084 &rarr; <strong>1112</strong><br />(+28 for winning)\n",
  "uploadtime": 1776425713,
  "views": 24,
  "formatid": "gen9championsvgc2026regma",
  "rating": 1068,
  "private": 0,
  "password": null
}