{
  "id": "gen9championsvgc2026regma-2588459768",
  "format": "[Gen 9 Champions] VGC 2026 Reg M-A",
  "players": [
    "kantoisthebest",
    "cheertestacc"
  ],
  "log": "|j|\u2606kantoisthebest\n|j|\u2606cheertestacc\n|t:|1776635430\n|gametype|doubles\n|player|p1|kantoisthebest|102|1179\n|player|p2|cheertestacc|swimmer-gen4dp|1164\n|gen|9\n|tier|[Gen 9 Champions] VGC 2026 Reg M-A\n|rated|\n|rule|Species Clause: Limit one of each Pok\u00e9mon\n|rule|Item Clause: Limit 1 of each item\n|clearpoke\n|poke|p1|Charizard, L50, F|\n|poke|p1|Snorlax, L50, M|\n|poke|p1|Raichu, L50, F|\n|poke|p1|Aerodactyl, L50, M|\n|poke|p1|Gengar, L50, F|\n|poke|p1|Slowbro, L50, F|\n|poke|p2|Charizard, L50, M|\n|poke|p2|Whimsicott, L50, F|\n|poke|p2|Venusaur, L50, M|\n|poke|p2|Garchomp, L50, F|\n|poke|p2|Basculegion, L50, M|\n|poke|p2|Sneasler, L50, M|\n|teampreview|4\n|inactive|Battle timer is ON: inactive players will automatically lose when time's up. (requested by cheertestacc)\n|inactive|kantoisthebest also wants the timer to be on.\n|inactive|kantoisthebest has 60 seconds left.\n|inactive|cheertestacc has 60 seconds left.\n|\n|t:|1776635464\n|teamsize|p1|4\n|teamsize|p2|4\n|start\n|switch|p1a: Aerodactyl|Aerodactyl, L50, M|100/100\n|switch|p1b: Slowbro|Slowbro, L50, F|100/100\n|switch|p2a: Basculegion|Basculegion, L50, M|100/100\n|switch|p2b: Whimsicott|Whimsicott, L50, F|100/100\n|-ability|p1a: Aerodactyl|Unnerve\n|turn|1\n|\n|t:|1776635485\n|move|p2b: Whimsicott|Tailwind|p2b: Whimsicott\n|-sidestart|p2: cheertestacc|move: Tailwind\n|move|p2a: Basculegion|Aqua Jet|p1a: Aerodactyl\n|-supereffective|p1a: Aerodactyl|1\n|-damage|p1a: Aerodactyl|36/100\n|move|p1a: Aerodactyl|Iron Head|p2b: Whimsicott\n|-supereffective|p2b: Whimsicott|1\n|-damage|p2b: Whimsicott|35/100\n|move|p1b: Slowbro|Trick Room|p1b: Slowbro\n|-fieldstart|move: Trick Room|[of] p1b: Slowbro\n|\n|upkeep\n|turn|2\n|inactive|kantoisthebest has 30 seconds left.\n|inactive|cheertestacc has 30 seconds left.\n|\n|t:|1776635514\n|switch|p1b: Charizard|Charizard, L50, F|100/100\n|switch|p1a: Snorlax|Snorlax, L50, M|100/100\n|move|p2a: Basculegion|Aqua Jet|p1a: Snorlax\n|-damage|p1a: Snorlax|83/100\n|move|p2b: Whimsicott|Encore||[still]\n|-fail|p2b: Whimsicott\n|\n|-heal|p1a: Snorlax|89/100|[from] item: Leftovers\n|upkeep\n|turn|3\n|inactive|cheertestacc has 30 seconds left.\n|\n|t:|1776635544\n|switch|p2b: Charizard|Charizard, L50, M|100/100\n|detailschange|p1b: Charizard|Charizard-Mega-Y, L50, F\n|-mega|p1b: Charizard|Charizard|Charizardite Y\n|-weather|SunnyDay|[from] ability: Drought|[of] p1b: Charizard\n|move|p2a: Basculegion|Protect|p2a: Basculegion\n|-singleturn|p2a: Basculegion|Protect\n|move|p1a: Snorlax|Crunch|p2a: Basculegion\n|-activate|p2a: Basculegion|move: Protect\n|move|p1b: Charizard|Heat Wave|p2a: Basculegion|[spread] p2b\n|-activate|p2a: Basculegion|move: Protect\n|-resisted|p2b: Charizard|1\n|-damage|p2b: Charizard|58/100\n|\n|-weather|SunnyDay|[upkeep]\n|-heal|p1a: Snorlax|96/100|[from] item: Leftovers\n|upkeep\n|turn|4\n|inactive|kantoisthebest has 30 seconds left.\n|inactive|cheertestacc has 30 seconds left.\n|\n|t:|1776635574\n|move|p2a: Basculegion|Protect||[still]\n|-fail|p2a: Basculegion\n|move|p2b: Charizard|Protect|p2b: Charizard\n|-singleturn|p2b: Charizard|Protect\n|move|p1a: Snorlax|Ice Punch|p2a: Basculegion\n|-resisted|p2a: Basculegion|1\n|-damage|p2a: Basculegion|86/100\n|move|p1b: Charizard|Ancient Power|p2b: Charizard\n|-activate|p2b: Charizard|move: Protect\n|\n|-weather|SunnyDay|[upkeep]\n|-heal|p1a: Snorlax|100/100|[from] item: Leftovers\n|-sideend|p2: cheertestacc|move: Tailwind\n|upkeep\n|turn|5\n|inactive|kantoisthebest has 30 seconds left.\n|\n|t:|1776635602\n|switch|p2b: Whimsicott|Whimsicott, L50, F|35/100\n|move|p2a: Basculegion|Protect|p2a: Basculegion\n|-singleturn|p2a: Basculegion|Protect\n|move|p1a: Snorlax|Encore|p2a: Basculegion\n|-activate|p2a: Basculegion|move: Protect\n|move|p1b: Charizard|Ancient Power|p2b: Whimsicott\n|-damage|p2b: Whimsicott|0 fnt\n|faint|p2b: Whimsicott\n|\n|-weather|SunnyDay|[upkeep]\n|-fieldend|move: Trick Room\n|upkeep\n|\n|t:|1776635616\n|switch|p2b: Sneasler|Sneasler, L50, M|100/100\n|turn|6\n|\n|t:|1776635634\n|move|p2b: Sneasler|Close Combat|p1a: Snorlax\n|-supereffective|p1a: Snorlax|1\n|-damage|p1a: Snorlax|15/100\n|-unboost|p2b: Sneasler|def|1\n|-unboost|p2b: Sneasler|spd|1\n|-enditem|p2b: Sneasler|White Herb\n|-clearnegativeboost|p2b: Sneasler|[silent]\n|move|p1b: Charizard|Overheat|p2b: Sneasler\n|-damage|p2b: Sneasler|0 fnt\n|-unboost|p1b: Charizard|spa|2\n|faint|p2b: Sneasler\n|move|p2a: Basculegion|Wave Crash|p1b: Charizard\n|-supereffective|p1b: Charizard|1\n|-damage|p1b: Charizard|6/100\n|-damage|p2a: Basculegion|63/100|[from] Recoil\n|move|p1a: Snorlax|Encore|p2a: Basculegion\n|-start|p2a: Basculegion|Encore\n|\n|-weather|SunnyDay|[upkeep]\n|-heal|p1a: Snorlax|21/100|[from] item: Leftovers\n|upkeep\n|\n|t:|1776635651\n|switch|p2b: Charizard|Charizard, L50, M|58/100\n|turn|7\n|\n|t:|1776635665\n|detailschange|p2b: Charizard|Charizard-Mega-Y, L50, M\n|-mega|p2b: Charizard|Charizard|Charizardite Y\n|move|p2b: Charizard|Heat Wave|p1b: Charizard|[spread] p1a,p1b\n|-resisted|p1b: Charizard|1\n|-damage|p1a: Snorlax|0 fnt\n|-damage|p1b: Charizard|0 fnt\n|faint|p1a: Snorlax\n|faint|p1b: Charizard\n|move|p2a: Basculegion|Wave Crash|p1: Snorlax|[notarget]\n|-fail|p2a: Basculegion\n|\n|-weather|none\n|upkeep\n|\n|t:|1776635676\n|switch|p1b: Aerodactyl|Aerodactyl, L50, M|36/100\n|switch|p1a: Slowbro|Slowbro, L50, F|100/100\n|-ability|p1b: Aerodactyl|Unnerve\n|turn|8\n|\n|t:|1776635693\n|move|p2b: Charizard|Protect|p2b: Charizard\n|-singleturn|p2b: Charizard|Protect\n|move|p1b: Aerodactyl|Rock Slide|p2a: Basculegion|[spread] p2a\n|-activate|p2b: Charizard|move: Protect\n|-damage|p2a: Basculegion|37/100\n|move|p2a: Basculegion|Wave Crash|p1b: Aerodactyl\n|-supereffective|p1b: Aerodactyl|1\n|-damage|p1b: Aerodactyl|0 fnt\n|faint|p1b: Aerodactyl\n|-damage|p2a: Basculegion|28/100|[from] Recoil\n|move|p1a: Slowbro|Iron Defense|p1a: Slowbro\n|-boost|p1a: Slowbro|def|2\n|\n|upkeep\n|turn|9\n|\n|t:|1776635712\n|move|p2b: Charizard|Solar Beam||[still]\n|-prepare|p2b: Charizard|Solar Beam\n|move|p2a: Basculegion|Wave Crash|p1a: Slowbro\n|-resisted|p1a: Slowbro|1\n|-damage|p1a: Slowbro|87/100\n|-damage|p2a: Basculegion|24/100|[from] Recoil\n|move|p1a: Slowbro|Trick Room|p1a: Slowbro\n|-fieldstart|move: Trick Room|[of] p1a: Slowbro\n|\n|-end|p2a: Basculegion|Encore\n|upkeep\n|turn|10\n|\n|t:|1776635727\n|move|p1a: Slowbro|Ice Beam|p2b: Charizard\n|-damage|p2b: Charizard|37/100\n|move|p2a: Basculegion|Last Respects|p1a: Slowbro\n|-supereffective|p1a: Slowbro|1\n|-damage|p1a: Slowbro|0 fnt\n|faint|p1a: Slowbro\n|\n|win|cheertestacc\n|raw|kantoisthebest's rating: 1179 &rarr; <strong>1153</strong><br />(-26 for losing)\n|raw|cheertestacc's rating: 1164 &rarr; <strong>1190</strong><br />(+26 for winning)\n|l|\u2606kantoisthebest\n|player|p1|\n",
  "uploadtime": 1776635737,
  "views": 9,
  "formatid": "gen9championsvgc2026regma",
  "rating": 1153,
  "private": 0,
  "password": null
}