{
  "id": "gen9championsvgc2026regma-2588343817",
  "format": "[Gen 9 Champions] VGC 2026 Reg M-A",
  "players": [
    "CazziNelAno",
    "EssereVivente"
  ],
  "log": "|j|\u2606CazziNelAno\n|j|\u2606EssereVivente\n|t:|1776625752\n|gametype|doubles\n|player|p1|CazziNelAno|170|\n|player|p2|EssereVivente|iris|\n|gen|9\n|tier|[Gen 9 Champions] VGC 2026 Reg M-A\n|rule|Species Clause: Limit one of each Pok\u00e9mon\n|rule|Item Clause: Limit 1 of each item\n|clearpoke\n|poke|p1|Glimmora, L50, F|\n|poke|p1|Talonflame, L50, F|\n|poke|p1|Sinistcha, L50|\n|poke|p1|Sneasler, L50, M|\n|poke|p1|Rotom-Wash, L50|\n|poke|p1|Garchomp, L50, F|\n|poke|p2|Chimecho, L50, M|\n|poke|p2|Dragonite, L50, M|\n|poke|p2|Mudsdale, L50, F|\n|poke|p2|Whimsicott, L50, M|\n|poke|p2|Rotom-Wash, L50|\n|poke|p2|Sneasler, L50, F|\n|teampreview|4\n|\n|t:|1776625786\n|teamsize|p1|4\n|teamsize|p2|4\n|start\n|switch|p1a: Mastro Lindo|Rotom-Wash, L50|100/100\n|switch|p1b: Wind3|Talonflame, L50, F|100/100\n|switch|p2a: Furia|Mudsdale, L50, F|100/100\n|switch|p2b: Barilotto|Dragonite, L50, M|100/100\n|turn|1\n|\n|t:|1776625814\n|move|p2a: Furia|Protect|p2a: Furia\n|-singleturn|p2a: Furia|Protect\n|move|p1b: Wind3|Tailwind|p1b: Wind3\n|-sidestart|p1: CazziNelAno|move: Tailwind\n|move|p1a: Mastro Lindo|Hydro Pump|p2a: Furia\n|-activate|p2a: Furia|move: Protect\n|move|p2b: Barilotto|Tailwind|p2b: Barilotto\n|-sidestart|p2: EssereVivente|move: Tailwind\n|\n|upkeep\n|turn|2\n|\n|t:|1776625850\n|switch|p2a: Davide|Chimecho, L50, M|100/100\n|move|p1b: Wind3|Dual Wingbeat|p2a: Davide|[miss]\n|-miss|p1b: Wind3|p2a: Davide\n|move|p1a: Mastro Lindo|Hydro Pump|p2a: Davide|[miss]\n|-miss|p1a: Mastro Lindo|p2a: Davide\n|move|p2b: Barilotto|Outrage|p1a: Mastro Lindo\n|-damage|p1a: Mastro Lindo|13/100\n|\n|upkeep\n|turn|3\n|\n|t:|1776625871\n|detailschange|p2a: Davide|Chimecho-Mega, L50, M\n|-mega|p2a: Davide|Chimecho|Chimechite\n|move|p1a: Mastro Lindo|Hydro Pump|p2a: Davide|[miss]\n|-miss|p1a: Mastro Lindo|p2a: Davide\n|move|p1b: Wind3|Blaze Kick|p2a: Davide|[miss]\n|-miss|p1b: Wind3|p2a: Davide\n|move|p2b: Barilotto|Outrage|p1b: Wind3|[from] lockedmove\n|-damage|p1b: Wind3|6/100\n|-start|p2b: Barilotto|confusion|[fatigue]\n|move|p2a: Davide|Calm Mind|p2a: Davide\n|-boost|p2a: Davide|spa|1\n|-boost|p2a: Davide|spd|1\n|\n|upkeep\n|turn|4\n|\n|t:|1776625899\n|move|p1a: Mastro Lindo|Hydro Pump|p2a: Davide\n|-damage|p2a: Davide|71/100\n|move|p1b: Wind3|Blaze Kick|p2a: Davide\n|-supereffective|p2a: Davide|1\n|-damage|p2a: Davide|15/100\n|-activate|p2b: Barilotto|confusion\n|-damage|p2b: Barilotto|85/100|[from] confusion\n|move|p2a: Davide|Calm Mind|p2a: Davide\n|-boost|p2a: Davide|spa|1\n|-boost|p2a: Davide|spd|1\n|\n|-heal|p2b: Barilotto|91/100|[from] item: Leftovers\n|-sideend|p2: EssereVivente|move: Tailwind\n|-sideend|p1: CazziNelAno|move: Tailwind\n|upkeep\n|turn|5\n|\n|t:|1776625920\n|move|p1b: Wind3|Protect|p1b: Wind3\n|-singleturn|p1b: Wind3|Protect\n|move|p1a: Mastro Lindo|Hydro Pump|p2a: Davide|[miss]\n|-miss|p1a: Mastro Lindo|p2a: Davide\n|-end|p2b: Barilotto|confusion\n|move|p2b: Barilotto|Outrage|p1a: Mastro Lindo\n|-damage|p1a: Mastro Lindo|0 fnt\n|faint|p1a: Mastro Lindo\n|move|p2a: Davide|Recover|p2a: Davide\n|-heal|p2a: Davide|65/100\n|\n|-heal|p2b: Barilotto|97/100|[from] item: Leftovers\n|upkeep\n|\n|t:|1776625931\n|switch|p1a: Cipolotto Terzo|Glimmora, L50, F|100/100\n|turn|6\n|\n|t:|1776625942\n|detailschange|p1a: Cipolotto Terzo|Glimmora-Mega, L50, F\n|-mega|p1a: Cipolotto Terzo|Glimmora|Glimmoranite\n|move|p1b: Wind3|Blaze Kick|p2a: Davide\n|-supereffective|p2a: Davide|1\n|-damage|p2a: Davide|2/100\n|-status|p2a: Davide|brn\n|move|p1a: Cipolotto Terzo|Power Gem|p2b: Barilotto\n|-supereffective|p2b: Barilotto|1\n|-damage|p2b: Barilotto|0 fnt\n|faint|p2b: Barilotto\n|move|p2a: Davide|Stored Power|p1a: Cipolotto Terzo\n|-supereffective|p1a: Cipolotto Terzo|1\n|-damage|p1a: Cipolotto Terzo|0 fnt\n|faint|p1a: Cipolotto Terzo\n|\n|-damage|p2a: Davide|0 fnt|[from] brn\n|faint|p2a: Davide\n|upkeep\n|\n|t:|1776625956\n|switch|p1a: Mama Coco|Sinistcha, L50|100/100\n|switch|p2b: Caparezza|Whimsicott, L50, M|100/100\n|switch|p2a: Furia|Mudsdale, L50, F|100/100\n|-heal|p1b: Wind3|31/100|[from] ability: Hospitality|[of] p1a: Mama Coco\n|turn|7\n|\n|t:|1776625978\n|move|p1b: Wind3|Blaze Kick|p2b: Caparezza\n|-supereffective|p2b: Caparezza|1\n|-enditem|p2b: Caparezza|Focus Sash\n|-damage|p2b: Caparezza|1/100\n|move|p2b: Caparezza|U-turn|p1a: Mama Coco\n|-damage|p1a: Mama Coco|92/100\n|move|p1a: Mama Coco|Matcha Gotcha|p2a: Furia|[spread] p2a,p2b\n|-supereffective|p2a: Furia|1\n|-resisted|p2b: Caparezza|1\n|-damage|p2a: Furia|42/100\n|-heal|p1a: Mama Coco|100/100|[from] drain|[of] p2a: Furia\n|-damage|p2b: Caparezza|0 fnt\n|-ability|p2a: Furia|Stamina|boost\n|-boost|p2a: Furia|def|1\n|-enditem|p2a: Furia|Sitrus Berry|[eat]\n|-heal|p2a: Furia|67/100|[from] item: Sitrus Berry\n|faint|p2b: Caparezza\n|move|p2a: Furia|Heavy Slam|p1a: Mama Coco\n|-damage|p1a: Mama Coco|71/100\n|\n|upkeep\n|turn|8\n|\n|t:|1776626001\n|move|p1b: Wind3|Dual Wingbeat|p2a: Furia\n|-damage|p2a: Furia|56/100\n|-ability|p2a: Furia|Stamina|boost\n|-boost|p2a: Furia|def|1\n|-damage|p2a: Furia|49/100\n|-ability|p2a: Furia|Stamina|boost\n|-boost|p2a: Furia|def|1\n|-hitcount|p2a: Furia|2\n|move|p1a: Mama Coco|Matcha Gotcha|p2a: Furia\n|-supereffective|p2a: Furia|1\n|-damage|p2a: Furia|0 fnt\n|-heal|p1a: Mama Coco|95/100|[from] drain|[of] p2a: Furia\n|faint|p2a: Furia\n|\n|win|CazziNelAno\n",
  "uploadtime": 1776626019,
  "views": 11,
  "formatid": "gen9championsvgc2026regma",
  "rating": null,
  "private": 0,
  "password": null
}