{
  "id": "gen9championsvgc2026regma-2583377679",
  "format": "[Gen 9 Champions] VGC 2026 Reg M-A",
  "players": [
    "Cube Holder",
    "kjhfgkjhv"
  ],
  "log": "|j|\u2606Cube Holder\n|j|\u2606kjhfgkjhv\n|t:|1776171401\n|gametype|doubles\n|player|p1|Cube Holder|101|1145\n|player|p2|kjhfgkjhv|102|1064\n|gen|9\n|tier|[Gen 9 Champions] VGC 2026 Reg M-A\n|rated|\n|rule|Species Clause: Limit one of each Pok\u00e9mon\n|rule|Item Clause: Limit 1 of each item\n|clearpoke\n|poke|p1|Aerodactyl, L50, F|\n|poke|p1|Greninja-*, L50, F|\n|poke|p1|Charizard, L50, F|\n|poke|p1|Sneasler, L50, F|\n|poke|p1|Kangaskhan, L50, F|\n|poke|p1|Venusaur, L50, F|\n|poke|p2|Aegislash, L50, F|\n|poke|p2|Hydreigon, L50, M|\n|poke|p2|Garchomp, L50, M|\n|poke|p2|Incineroar, L50, F|\n|poke|p2|Aerodactyl, L50, M|\n|poke|p2|Floette-Eternal, L50, F|\n|teampreview|4\nCube Holder has agreed to open team sheets.\n|\n|t:|1776171444\n|teamsize|p1|4\n|teamsize|p2|4\n|start\n|switch|p1a: Kangaskhan|Kangaskhan, L50, F|100/100\n|switch|p1b: Aerodactyl|Aerodactyl, L50, F, shiny|100/100\n|switch|p2a: Incineroar|Incineroar, L50, F|100/100\n|switch|p2b: Aerodactyl|Aerodactyl, L50, M|100/100\n|-ability|p2b: Aerodactyl|Unnerve\n|-ability|p1b: Aerodactyl|Pressure\n|-ability|p2a: Incineroar|Intimidate|boost\n|-fail|p1a: Kangaskhan|unboost|Attack|[from] ability: Scrappy|[of] p1a: Kangaskhan\n|-unboost|p1b: Aerodactyl|atk|1\n|turn|1\n|\n|t:|1776171460\n|detailschange|p1a: Kangaskhan|Kangaskhan-Mega, L50, F\n|-mega|p1a: Kangaskhan|Kangaskhan|Kangaskhanite\n|move|p1a: Kangaskhan|Fake Out|p2b: Aerodactyl\n|-resisted|p2b: Aerodactyl|1\n|-damage|p2b: Aerodactyl|87/100\n|-resisted|p2b: Aerodactyl|1\n|-damage|p2b: Aerodactyl|84/100\n|-hitcount|p2b: Aerodactyl|2\n|move|p2a: Incineroar|Fake Out|p1b: Aerodactyl\n|-resisted|p1b: Aerodactyl|1\n|-damage|p1b: Aerodactyl|93/100\n|cant|p2b: Aerodactyl|flinch\n|cant|p1b: Aerodactyl|flinch\n|\n|upkeep\n|turn|2\n|\n|t:|1776171484\n|move|p2b: Aerodactyl|Tailwind|p2b: Aerodactyl\n|-sidestart|p2: kjhfgkjhv|move: Tailwind\n|move|p1b: Aerodactyl|Dragon Dance|p1b: Aerodactyl\n|-boost|p1b: Aerodactyl|atk|1\n|-boost|p1b: Aerodactyl|spe|1\n|move|p1a: Kangaskhan|Ice Punch|p2b: Aerodactyl\n|-supereffective|p2b: Aerodactyl|1\n|-crit|p2b: Aerodactyl\n|-damage|p2b: Aerodactyl|0 fnt\n|faint|p2b: Aerodactyl\n|-hitcount|p2: Aerodactyl|1\n|move|p2a: Incineroar|Parting Shot|p1a: Kangaskhan\n|-unboost|p1a: Kangaskhan|atk|1\n|-unboost|p1a: Kangaskhan|spa|1\n|\n|t:|1776171497\n|switch|p2a: Floette|Floette-Eternal, L50, F|100/100|[from] Parting Shot\n|\n|upkeep\n|\n|t:|1776171501\n|switch|p2b: Incineroar|Incineroar, L50, F|100/100\n|-ability|p2b: Incineroar|Intimidate|boost\n|-unboost|p1a: Kangaskhan|atk|1\n|-unboost|p1b: Aerodactyl|atk|1\n|turn|3\n|\n|t:|1776171514\n|detailschange|p2a: Floette|Floette-Mega, L50, F\n|-mega|p2a: Floette|Floette|Floettite\n|-ability|p2a: Floette|Fairy Aura\n|move|p2b: Incineroar|Fake Out|p1a: Kangaskhan\n|-damage|p1a: Kangaskhan|91/100\n|cant|p1a: Kangaskhan|flinch\n|move|p2a: Floette|Moonblast|p1b: Aerodactyl\n|-damage|p1b: Aerodactyl|0 fnt\n|faint|p1b: Aerodactyl\n|\n|upkeep\n|\n|t:|1776171525\n|switch|p1b: Sneasler|Sneasler, L50, F|100/100\n|turn|4\n|\n|t:|1776171534\n|switch|p2a: Aegislash|Aegislash, L50, F|100/100\n|move|p1b: Sneasler|Fake Out|p2a: Aegislash\n|-immune|p2a: Aegislash\n|move|p1a: Kangaskhan|Double-Edge|p2a: Aegislash\n|-immune|p2a: Aegislash\n|move|p2b: Incineroar|Parting Shot|p1a: Kangaskhan\n|-unboost|p1a: Kangaskhan|atk|1\n|-unboost|p1a: Kangaskhan|spa|1\n|\n|t:|1776171543\n|switch|p2b: Floette|Floette-Mega, L50, F|100/100|[from] Parting Shot\n|-ability|p2b: Floette|Fairy Aura\n|\n|upkeep\n|turn|5\n|\n|t:|1776171553\n|switch|p1a: Greninja|Greninja, L50, F|100/100\n|move|p2b: Floette|Protect|p2b: Floette\n|-singleturn|p2b: Floette|Protect\n|move|p1b: Sneasler|Dire Claw|p2b: Floette\n|-activate|p2b: Floette|move: Protect\n|-formechange|p2a: Aegislash|Aegislash-Blade|\n|move|p2a: Aegislash|Sacred Sword|p1a: Greninja\n|-supereffective|p1a: Greninja|1\n|-enditem|p1a: Greninja|Focus Sash\n|-damage|p1a: Greninja|1/100\n|\n|-sideend|p2: kjhfgkjhv|move: Tailwind\n|upkeep\n|turn|6\n|\n|t:|1776171571\n|switch|p1a: Kangaskhan|Kangaskhan-Mega, L50, F|91/100\n|switch|p2a: Incineroar|Incineroar, L50, F|100/100\n|-ability|p2a: Incineroar|Intimidate|boost\n|-unboost|p1a: Kangaskhan|atk|1\n|-unboost|p1b: Sneasler|atk|1\n|-enditem|p1b: Sneasler|White Herb\n|-clearnegativeboost|p1b: Sneasler|[silent]\n|move|p1b: Sneasler|Dire Claw|p2b: Floette\n|-supereffective|p2b: Floette|1\n|-damage|p2b: Floette|0 fnt\n|faint|p2b: Floette\n|\n|upkeep\n|\n|t:|1776171582\n|switch|p2b: Aegislash|Aegislash, L50, F|100/100\n|turn|7\n|\n|t:|1776171593\n|move|p2a: Incineroar|Fake Out|p1b: Sneasler\n|-damage|p1b: Sneasler|83/100\n|move|p1a: Kangaskhan|Sucker Punch|p2b: Aegislash\n|-supereffective|p2b: Aegislash|1\n|-damage|p2b: Aegislash|72/100\n|-supereffective|p2b: Aegislash|1\n|-damage|p2b: Aegislash|66/100\n|-hitcount|p2b: Aegislash|2\n|cant|p1b: Sneasler|flinch\n|-formechange|p2b: Aegislash|Aegislash-Blade|\n|move|p2b: Aegislash|Sacred Sword|p1a: Kangaskhan\n|-supereffective|p1a: Kangaskhan|1\n|-damage|p1a: Kangaskhan|25/100\n|\n|-heal|p2b: Aegislash|72/100|[from] item: Leftovers\n|upkeep\n|turn|8\n|\n|t:|1776171612\n|-formechange|p2b: Aegislash|Aegislash|\n|move|p2b: Aegislash|King's Shield|p2b: Aegislash\n|-singleturn|p2b: Aegislash|Protect\n|move|p1a: Kangaskhan|Sucker Punch||[still]\n|-fail|p1a: Kangaskhan\n|move|p1b: Sneasler|Close Combat|p2a: Incineroar\n|-supereffective|p2a: Incineroar|1\n|-damage|p2a: Incineroar|0 fnt\n|-unboost|p1b: Sneasler|def|1\n|-unboost|p1b: Sneasler|spd|1\n|faint|p2a: Incineroar\n|\n|-heal|p2b: Aegislash|78/100|[from] item: Leftovers\n|upkeep\n|turn|9\n|\n|t:|1776171636\n|move|p1a: Kangaskhan|Sucker Punch|p2b: Aegislash\n|-supereffective|p2b: Aegislash|1\n|-damage|p2b: Aegislash|53/100\n|-supereffective|p2b: Aegislash|1\n|-crit|p2b: Aegislash\n|-damage|p2b: Aegislash|39/100\n|-hitcount|p2b: Aegislash|2\n|move|p1b: Sneasler|Rock Tomb|p2b: Aegislash\n|-resisted|p2b: Aegislash|1\n|-damage|p2b: Aegislash|30/100\n|-unboost|p2b: Aegislash|spe|1\n|-formechange|p2b: Aegislash|Aegislash-Blade|\n|move|p2b: Aegislash|Sacred Sword|p1a: Kangaskhan\n|-supereffective|p1a: Kangaskhan|1\n|-crit|p1a: Kangaskhan\n|-damage|p1a: Kangaskhan|0 fnt\n|faint|p1a: Kangaskhan\n|\n|-heal|p2b: Aegislash|36/100|[from] item: Leftovers\n|upkeep\n|\n|t:|1776171640\n|switch|p1a: Greninja|Greninja, L50, F|1/100\n|turn|10\n|\n|t:|1776171654\n|-formechange|p2b: Aegislash|Aegislash|\n|move|p2b: Aegislash|King's Shield|p2b: Aegislash\n|-singleturn|p2b: Aegislash|Protect\n|move|p1b: Sneasler|Rock Tomb|p2b: Aegislash\n|-activate|p2b: Aegislash|move: Protect\n|move|p1a: Greninja|Surf|p2b: Aegislash|[spread] p1b\n|-start|p1a: Greninja|typechange|Water|[from] ability: Protean\n|-activate|p2b: Aegislash|move: Protect\n|-damage|p1b: Sneasler|18/100\n|\n|-heal|p2b: Aegislash|42/100|[from] item: Leftovers\n|upkeep\n|turn|11\n|\n|t:|1776171674\n|move|p1b: Sneasler|Rock Tomb|p2b: Aegislash\n|-resisted|p2b: Aegislash|1\n|-damage|p2b: Aegislash|33/100\n|-unboost|p2b: Aegislash|spe|1\n|move|p1a: Greninja|Surf|p2b: Aegislash|[spread] p1b,p2b\n|-damage|p1b: Sneasler|0 fnt\n|-damage|p2b: Aegislash|9/100\n|faint|p1b: Sneasler\n|-formechange|p2b: Aegislash|Aegislash-Blade|\n|move|p2b: Aegislash|Iron Head|p1a: Greninja\n|-resisted|p1a: Greninja|1\n|-crit|p1a: Greninja\n|-damage|p1a: Greninja|0 fnt\n|faint|p1a: Greninja\n|\n|win|kjhfgkjhv\n|raw|Cube Holder's rating: 1145 &rarr; <strong>1114</strong><br />(-31 for losing)\n|raw|kjhfgkjhv's rating: 1064 &rarr; <strong>1101</strong><br />(+37 for winning)\n|l|\u2606Cube Holder\n|player|p1|\n",
  "uploadtime": 1776171854,
  "views": 27,
  "formatid": "gen9championsvgc2026regma",
  "rating": 1101,
  "private": 0,
  "password": null
}