{
  "id": "gen9championsvgc2026regma-2583031764",
  "format": "[Gen 9 Champions] VGC 2026 Reg M-A",
  "players": [
    "sodarist",
    "manu0710"
  ],
  "log": "|j|\u2606sodarist\n|j|\u2606manu0710\n|t:|1776135014\n|gametype|doubles\n|player|p1|sodarist|steven|1108\n|player|p2|manu0710|170|1185\n|gen|9\n|tier|[Gen 9 Champions] VGC 2026 Reg M-A\n|rated|\n|rule|Species Clause: Limit one of each Pok\u00e9mon\n|rule|Item Clause: Limit 1 of each item\n|clearpoke\n|poke|p1|Incineroar, L50, F|\n|poke|p1|Sneasler, L50, M|\n|poke|p1|Whimsicott, L50, M|\n|poke|p1|Kingambit, L50, F|\n|poke|p1|Milotic, L50, F|\n|poke|p1|Rotom-Wash, L50|\n|poke|p2|Araquanid, L50, F|\n|poke|p2|Gardevoir, L50, F|\n|poke|p2|Incineroar, L50, F|\n|poke|p2|Whimsicott, L50, F|\n|poke|p2|Venusaur, L50, F|\n|poke|p2|Infernape, L50, M|\n|teampreview|4\n|inactive|Battle timer is ON: inactive players will automatically lose when time's up. (requested by manu0710)\n|\n|t:|1776135076\n|teamsize|p1|4\n|teamsize|p2|4\n|start\n|switch|p1a: Whimsicott|Whimsicott, L50, M|100/100\n|switch|p1b: Milotic|Milotic, L50, F|100/100\n|switch|p2a: Infernape|Infernape, L50, M|100/100\n|switch|p2b: Venusaur|Venusaur, L50, F|100/100\n|turn|1\n|inactive|manu0710 has 30 seconds left.\n|inactive|manu0710 has 20 seconds left.\n|inactive|manu0710 has 15 seconds left.\n|\n|t:|1776135119\n|detailschange|p2b: Venusaur|Venusaur-Mega, L50, F\n|-mega|p2b: Venusaur|Venusaur|Venusaurite\n|move|p1a: Whimsicott|Tailwind|p1a: Whimsicott\n|-sidestart|p1: sodarist|move: Tailwind\n|move|p1b: Milotic|Muddy Water|p2b: Venusaur|[spread] p2a,p2b\n|-supereffective|p2a: Infernape|1\n|-resisted|p2b: Venusaur|1\n|-damage|p2a: Infernape|28/100\n|-damage|p2b: Venusaur|92/100\n|-unboost|p2b: Venusaur|accuracy|1\n|move|p2a: Infernape|Flare Blitz|p1a: Whimsicott\n|-supereffective|p1a: Whimsicott|1\n|-enditem|p1a: Whimsicott|Focus Sash\n|-damage|p1a: Whimsicott|1/100\n|-damage|p2a: Infernape|0 fnt|[from] Recoil\n|faint|p2a: Infernape\n|move|p2b: Venusaur|Giga Drain|p1b: Milotic|[miss]\n|-miss|p2b: Venusaur|p1b: Milotic\n|\n|upkeep\n|inactive|manu0710 has 30 seconds left.\n|inactive|manu0710 has 20 seconds left.\n|inactive|manu0710 has 15 seconds left.\n|inactive|manu0710 has 10 seconds left.\n|\n|t:|1776135164\n|switch|p2a: Araquanid|Araquanid, L50, F|100/100\n|turn|2\n|\n|t:|1776135186\n|move|p1a: Whimsicott|Taunt|p2a: Araquanid\n|-start|p2a: Araquanid|move: Taunt\n|move|p1b: Milotic|Ice Beam|p2b: Venusaur\n|-supereffective|p2b: Venusaur|1\n|-damage|p2b: Venusaur|74/100\n|move|p2b: Venusaur|Leech Seed|p1b: Milotic|[miss]\n|-miss|p2b: Venusaur|p1b: Milotic\n|move|p2a: Araquanid|Icy Wind|p1a: Whimsicott|[spread] p1a,p1b\n|-supereffective|p1a: Whimsicott|1\n|-resisted|p1b: Milotic|1\n|-damage|p1a: Whimsicott|0 fnt\n|-damage|p1b: Milotic|99/100\n|-unboost|p1b: Milotic|spe|1\n|-ability|p1b: Milotic|Competitive|boost\n|-boost|p1b: Milotic|spa|2\n|faint|p1a: Whimsicott\n|\n|-heal|p1b: Milotic|100/100|[from] item: Leftovers\n|upkeep\n|\n|t:|1776135202\n|switch|p1a: Rotom|Rotom-Wash, L50|100/100\n|turn|3\n|inactive|manu0710 has 30 seconds left.\n|\n|t:|1776135233\n|move|p1a: Rotom|Thunder|p2a: Araquanid\n|-supereffective|p2a: Araquanid|1\n|-damage|p2a: Araquanid|6/100\n|move|p1b: Milotic|Ice Beam|p2b: Venusaur\n|-supereffective|p2b: Venusaur|1\n|-damage|p2b: Venusaur|42/100\n|move|p2b: Venusaur|Leech Seed|p1b: Milotic|[miss]\n|-miss|p2b: Venusaur|p1b: Milotic\n|move|p2a: Araquanid|Mirror Coat|p1a: Rotom\n|-damage|p1a: Rotom|0 fnt\n|faint|p1a: Rotom\n|\n|upkeep\n|\n|t:|1776135245\n|switch|p1a: Sneasler|Sneasler, L50, M|100/100\n|turn|4\n|\n|t:|1776135257\n|move|p2b: Venusaur|Protect|p2b: Venusaur\n|-singleturn|p2b: Venusaur|Protect\n|move|p1a: Sneasler|Dire Claw|p2b: Venusaur\n|-activate|p2b: Venusaur|move: Protect\n|move|p1b: Milotic|Ice Beam|p2a: Araquanid\n|-resisted|p2a: Araquanid|1\n|-damage|p2a: Araquanid|0 fnt\n|faint|p2a: Araquanid\n|\n|-sideend|p1: sodarist|move: Tailwind\n|upkeep\n|\n|t:|1776135263\n|switch|p2a: Whimsicott|Whimsicott, L50, F|100/100\n|turn|5\n|inactive|sodarist has 30 seconds left.\n|\n|t:|1776135289\n|move|p1a: Sneasler|Upper Hand||[still]\n|-fail|p1a: Sneasler\n|move|p2a: Whimsicott|Tailwind|p2a: Whimsicott\n|-sidestart|p2: manu0710|move: Tailwind\n|move|p2b: Venusaur|Giga Drain|p1b: Milotic\n|-supereffective|p1b: Milotic|1\n|-damage|p1b: Milotic|55/100\n|-heal|p2b: Venusaur|68/100|[from] drain|[of] p1b: Milotic\n|move|p1b: Milotic|Ice Beam|p2a: Whimsicott\n|-supereffective|p2a: Whimsicott|1\n|-enditem|p2a: Whimsicott|Focus Sash\n|-damage|p2a: Whimsicott|1/100\n|\n|-heal|p1b: Milotic|61/100|[from] item: Leftovers\n|upkeep\n|turn|6\n|\n|t:|1776135310\n|move|p2a: Whimsicott|Endeavor|p1b: Milotic\n|-damage|p1b: Milotic|1/100\n|move|p2b: Venusaur|Giga Drain|p1b: Milotic\n|-supereffective|p1b: Milotic|1\n|-damage|p1b: Milotic|0 fnt\n|-heal|p2b: Venusaur|68/100|[from] drain|[of] p1b: Milotic\n|faint|p1b: Milotic\n|move|p1a: Sneasler|Dire Claw|p2b: Venusaur\n|-damage|p2b: Venusaur|35/100\n|\n|upkeep\n|turn|7\n|\n|t:|1776135325\n|move|p2a: Whimsicott|Moonblast|p1a: Sneasler\n|-damage|p1a: Sneasler|62/100\n|move|p2b: Venusaur|Leech Seed|p1a: Sneasler|[miss]\n|-miss|p2b: Venusaur|p1a: Sneasler\n|move|p1a: Sneasler|Dire Claw|p2a: Whimsicott\n|-supereffective|p2a: Whimsicott|2\n|-damage|p2a: Whimsicott|0 fnt\n|faint|p2a: Whimsicott\n|\n|upkeep\n|turn|8\n|\n|t:|1776135336\n|move|p2b: Venusaur|Leech Seed|p1a: Sneasler\n|-start|p1a: Sneasler|move: Leech Seed\n|move|p1a: Sneasler|Dire Claw|p2b: Venusaur\n|-damage|p2b: Venusaur|3/100\n|-status|p2b: Venusaur|par\n|\n|-damage|p1a: Sneasler|50/100|[from] Leech Seed|[of] p2b: Venusaur\n|-heal|p2b: Venusaur|13/100 par|[silent]\n|-sideend|p2: manu0710|move: Tailwind\n|upkeep\n|turn|9\n|\n|t:|1776135345\n|move|p2b: Venusaur|Protect|p2b: Venusaur\n|-singleturn|p2b: Venusaur|Protect\n|move|p1a: Sneasler|Dire Claw|p2b: Venusaur\n|-activate|p2b: Venusaur|move: Protect\n|\n|-damage|p1a: Sneasler|37/100|[from] Leech Seed|[of] p2b: Venusaur\n|-heal|p2b: Venusaur|24/100 par|[silent]\n|upkeep\n|turn|10\n|\n|t:|1776135355\n|move|p1a: Sneasler|Dire Claw|p2b: Venusaur\n|-damage|p2b: Venusaur|0 fnt\n|faint|p2b: Venusaur\n|\n|win|sodarist\n|raw|sodarist's rating: 1108 &rarr; <strong>1137</strong><br />(+29 for winning)\n|raw|manu0710's rating: 1162 &rarr; <strong>1133</strong><br />(-29 for losing)\n",
  "uploadtime": 1776135359,
  "views": 14,
  "formatid": "gen9championsvgc2026regma",
  "rating": 1133,
  "private": 0,
  "password": null
}