{
  "id": "gen9championsvgc2026regma-2584473862",
  "format": "[Gen 9 Champions] VGC 2026 Reg M-A",
  "players": [
    "Thiagovik",
    "ChaRenTea"
  ],
  "log": "|j|\u2606Thiagovik\n|j|\u203dChaRenTea\n|t:|1776263258\n|gametype|doubles\n|player|p1|Thiagovik|blackbelt-gen4|1040\n|player|p2|ChaRenTea|169|1053\n|gen|9\n|tier|[Gen 9 Champions] VGC 2026 Reg M-A\n|rated|\n|rule|Species Clause: Limit one of each Pok\u00e9mon\n|rule|Item Clause: Limit 1 of each item\n|clearpoke\n|poke|p1|Sylveon, L50, F|\n|poke|p1|Tyranitar, L50, F|\n|poke|p1|Archaludon, L50, F|\n|poke|p1|Mr. Rime, L50, M|\n|poke|p1|Golurk, L50|\n|poke|p1|Goodra-Hisui, L50, F|\n|poke|p2|Sableye, L50, M|\n|poke|p2|Gengar, L50, F|\n|poke|p2|Maushold, L50|\n|poke|p2|Sinistcha, L50|\n|poke|p2|Incineroar, L50, F|\n|poke|p2|Blastoise, L50, F|\n|teampreview|4\n|inactive|Battle timer is ON: inactive players will automatically lose when time's up. (requested by Thiagovik)\n|\n|t:|1776263288\n|teamsize|p1|4\n|teamsize|p2|4\n|start\n|switch|p1a: Debi e Loide|Mr. Rime, L50, M|100/100\n|switch|p1b: Parrudo|Archaludon, L50, F|100/100\n|switch|p2a: Sableye|Sableye, L50, M|100/100\n|switch|p2b: Gengar|Gengar, L50, F|100/100\n|turn|1\n|\n|t:|1776263308\n|switch|p1b: Titan|Golurk, L50|100/100\n|move|p2a: Sableye|Gravity|p2a: Sableye\n|-fieldstart|move: Gravity\n|move|p2b: Gengar|Hypnosis|p1a: Debi e Loide\n|-status|p1a: Debi e Loide|slp|[from] move: Hypnosis\n|cant|p1a: Debi e Loide|slp\n|\n|upkeep\n|turn|2\n|inactive|Thiagovik has 30 seconds left.\n|\n|t:|1776263335\n|switch|p2a: Maushold|Maushold, L50|100/100\n|move|p1b: Titan|Protect|p1b: Titan\n|-singleturn|p1b: Titan|Protect\n|move|p2b: Gengar|Hypnosis|p1b: Titan\n|-activate|p1b: Titan|move: Protect\n|cant|p1a: Debi e Loide|slp\n|\n|upkeep\n|turn|3\n|\n|t:|1776263352\n|move|p2a: Maushold|Population Bomb|p1a: Debi e Loide\n|-damage|p1a: Debi e Loide|81/100 slp\n|-damage|p1a: Debi e Loide|64/100 slp\n|-damage|p1a: Debi e Loide|46/100 slp\n|-damage|p1a: Debi e Loide|29/100 slp\n|-damage|p1a: Debi e Loide|10/100 slp\n|-damage|p1a: Debi e Loide|0 fnt\n|faint|p1a: Debi e Loide\n|-hitcount|p1: Debi e Loide|6\n|move|p2b: Gengar|Hypnosis|p1b: Titan\n|-status|p1b: Titan|slp|[from] move: Hypnosis\n|cant|p1b: Titan|slp\n|\n|upkeep\n|\n|t:|1776263368\n|switch|p1a: Parrudo|Archaludon, L50, F|100/100\n|turn|4\n|\n|t:|1776263379\n|detailschange|p2b: Gengar|Gengar-Mega, L50, F\n|-mega|p2b: Gengar|Gengar|Gengarite\n|move|p2b: Gengar|Hypnosis|p1a: Parrudo\n|-status|p1a: Parrudo|slp|[from] move: Hypnosis\n|move|p2a: Maushold|Tidy Up|p2a: Maushold\n|-boost|p2a: Maushold|atk|1\n|-boost|p2a: Maushold|spe|1\n|cant|p1a: Parrudo|slp\n|cant|p1b: Titan|slp\n|\n|upkeep\n|turn|5\n|\n|t:|1776263401\n|move|p2a: Maushold|Population Bomb|p1a: Parrudo\n|-resisted|p1a: Parrudo|1\n|-damage|p1a: Parrudo|93/100 slp\n|-ability|p1a: Parrudo|Stamina|boost\n|-boost|p1a: Parrudo|def|1\n|-resisted|p1a: Parrudo|1\n|-damage|p1a: Parrudo|88/100 slp\n|-ability|p1a: Parrudo|Stamina|boost\n|-boost|p1a: Parrudo|def|1\n|-resisted|p1a: Parrudo|1\n|-damage|p1a: Parrudo|84/100 slp\n|-ability|p1a: Parrudo|Stamina|boost\n|-boost|p1a: Parrudo|def|1\n|-resisted|p1a: Parrudo|1\n|-damage|p1a: Parrudo|81/100 slp\n|-ability|p1a: Parrudo|Stamina|boost\n|-boost|p1a: Parrudo|def|1\n|-resisted|p1a: Parrudo|1\n|-damage|p1a: Parrudo|79/100 slp\n|-ability|p1a: Parrudo|Stamina|boost\n|-boost|p1a: Parrudo|def|1\n|-resisted|p1a: Parrudo|1\n|-damage|p1a: Parrudo|76/100 slp\n|-ability|p1a: Parrudo|Stamina|boost\n|-boost|p1a: Parrudo|def|1\n|-resisted|p1a: Parrudo|1\n|-damage|p1a: Parrudo|74/100 slp\n|-resisted|p1a: Parrudo|1\n|-damage|p1a: Parrudo|72/100 slp\n|-resisted|p1a: Parrudo|1\n|-damage|p1a: Parrudo|70/100 slp\n|-resisted|p1a: Parrudo|1\n|-damage|p1a: Parrudo|68/100 slp\n|-hitcount|p1a: Parrudo|10\n|move|p2b: Gengar|Shadow Ball|p1a: Parrudo\n|-damage|p1a: Parrudo|13/100 slp\n|cant|p1a: Parrudo|slp\n|-curestatus|p1b: Titan|slp|[msg]\n|move|p1b: Titan|Dynamic Punch|p2a: Maushold\n|-supereffective|p2a: Maushold|1\n|-damage|p2a: Maushold|0 fnt\n|faint|p2a: Maushold\n|\n|-heal|p1a: Parrudo|19/100 slp|[from] item: Leftovers\n|-fieldend|move: Gravity\n|upkeep\n|\n|t:|1776263425\n|switch|p2a: Sableye|Sableye, L50, M|100/100\n|turn|6\n|\n|t:|1776263445\n|-curestatus|p1a: Parrudo|slp|[msg]\n|move|p1a: Parrudo|Protect|p1a: Parrudo\n|-singleturn|p1a: Parrudo|Protect\n|move|p2a: Sableye|Encore|p1b: Titan\n|-start|p1b: Titan|Encore\n|-enditem|p1b: Titan|Mental Herb\n|-end|p1b: Titan|Encore\n|move|p2b: Gengar|Shadow Ball|p1a: Parrudo\n|-activate|p1a: Parrudo|move: Protect\n|move|p1b: Titan|Earthquake|p2b: Gengar|[spread] p2a,p2b\n|-activate|p1a: Parrudo|move: Protect\n|-supereffective|p2b: Gengar|1\n|-damage|p2a: Sableye|45/100\n|-damage|p2b: Gengar|0 fnt\n|faint|p2b: Gengar\n|\n|-heal|p1a: Parrudo|25/100|[from] item: Leftovers\n|upkeep\n|\n|t:|1776263458\n|switch|p2b: Sinistcha|Sinistcha, L50|100/100\n|-heal|p2a: Sableye|70/100|[from] ability: Hospitality|[of] p2b: Sinistcha\n|turn|7\n|\n|t:|1776263476\n|move|p2a: Sableye|Encore|p1a: Parrudo\n|-start|p1a: Parrudo|Encore\n|move|p1a: Parrudo|Protect|p1a: Parrudo\n|-singleturn|p1a: Parrudo|Protect\n|move|p2b: Sinistcha|Matcha Gotcha|p1a: Parrudo|[spread] p1b\n|-activate|p1a: Parrudo|move: Protect\n|-supereffective|p1b: Titan|1\n|-damage|p1b: Titan|44/100\n|move|p1b: Titan|Ice Punch|p2b: Sinistcha\n|-supereffective|p2b: Sinistcha|1\n|-damage|p2b: Sinistcha|42/100\n|\n|-heal|p1a: Parrudo|31/100|[from] item: Leftovers\n|upkeep\n|turn|8\n|inactive|Thiagovik has 30 seconds left.\n|\n|t:|1776263502\n|move|p1a: Parrudo|Protect||[still]\n|-fail|p1a: Parrudo\n|move|p2a: Sableye|Disable|p1b: Titan\n|-start|p1b: Titan|Disable|Ice Punch\n|move|p2b: Sinistcha|Matcha Gotcha|p1b: Titan|[spread] p1a,p1b\n|-resisted|p1a: Parrudo|2\n|-supereffective|p1b: Titan|1\n|-damage|p1a: Parrudo|23/100\n|-heal|p2b: Sinistcha|47/100|[from] drain|[of] p1a: Parrudo\n|-damage|p1b: Titan|0 fnt\n|-heal|p2b: Sinistcha|67/100|[from] drain|[of] p1b: Titan\n|-status|p1a: Parrudo|brn\n|faint|p1b: Titan\n|\n|-heal|p1a: Parrudo|29/100 brn|[from] item: Leftovers\n|-damage|p1a: Parrudo|23/100 brn|[from] brn\n|upkeep\n|\n|t:|1776263521\n|switch|p1b: Danoninho|Sylveon, L50, F|100/100\n|turn|9\n|\n|t:|1776263530\n|move|p1a: Parrudo|Protect|p1a: Parrudo\n|-singleturn|p1a: Parrudo|Protect\n|move|p2a: Sableye|Quash|p1b: Danoninho\n|-activate|p1b: Danoninho|move: Quash\n|move|p2b: Sinistcha|Matcha Gotcha|p1a: Parrudo|[spread] p1b\n|-activate|p1a: Parrudo|move: Protect\n|-damage|p1b: Danoninho|80/100\n|-heal|p2b: Sinistcha|76/100|[from] drain|[of] p1b: Danoninho\n|move|p1b: Danoninho|Hyper Voice|p2b: Sinistcha|[spread] p2a,p2b\n|-supereffective|p2a: Sableye|1\n|-damage|p2a: Sableye|0 fnt\n|-damage|p2b: Sinistcha|34/100\n|faint|p2a: Sableye\n|\n|-heal|p1a: Parrudo|29/100 brn|[from] item: Leftovers\n|-damage|p1a: Parrudo|23/100 brn|[from] brn\n|-end|p1a: Parrudo|Encore\n|upkeep\n|turn|10\n|-message|ChaRenTea forfeited.\n|\n|win|Thiagovik\n|raw|Thiagovik's rating: 1040 &rarr; <strong>1075</strong><br />(+35 for winning)\n|raw|ChaRenTea's rating: 1053 &rarr; <strong>1034</strong><br />(-19 for losing)\n|l|\u203dChaRenTea\n|player|p2|\n",
  "uploadtime": 1776263555,
  "views": 22,
  "formatid": "gen9championsvgc2026regma",
  "rating": 1034,
  "private": 0,
  "password": null
}