{
  "id": "gen9championsvgc2026regma-2587080451",
  "format": "[Gen 9 Champions] VGC 2026 Reg M-A",
  "players": [
    "EXfactr",
    "god's loving gift"
  ],
  "log": "|j|\u2606EXfactr\n|j|\u2606god's loving gift\n|t:|1776490692\n|gametype|doubles\n|player|p1|EXfactr|265|1141\n|player|p2|god's loving gift|unknown|1135\n|gen|9\n|tier|[Gen 9 Champions] VGC 2026 Reg M-A\n|rated|\n|rule|Species Clause: Limit one of each Pok\u00e9mon\n|rule|Item Clause: Limit 1 of each item\n|clearpoke\n|poke|p1|Gengar, L50, F|\n|poke|p1|Pelipper, L50, F|\n|poke|p1|Basculegion, L50, M|\n|poke|p1|Dragonite, L50, M, shiny|\n|poke|p1|Sneasler, L50, M|\n|poke|p1|Meganium, L50, M|\n|poke|p2|Charizard, L50, M|\n|poke|p2|Aerodactyl, L50, M|\n|poke|p2|Garchomp, L50, F|\n|poke|p2|Glimmora, L50, F|\n|poke|p2|Incineroar, L50, F|\n|poke|p2|Venusaur, L50, M|\n|teampreview|4\n|inactive|Battle timer is ON: inactive players will automatically lose when time's up. (requested by god's loving gift)\n|inactive|EXfactr has 60 seconds left.\n|\n|t:|1776490728\n|teamsize|p1|4\n|teamsize|p2|4\n|start\n|switch|p1a: Basculegion|Basculegion, L50, M|100/100\n|switch|p1b: Sneasler|Sneasler, L50, M|100/100\n|switch|p2a: Charizard|Charizard, L50, M|100/100\n|switch|p2b: Venusaur|Venusaur, L50, M|100/100\n|turn|1\n|\n|t:|1776490749\n|detailschange|p2a: Charizard|Charizard-Mega-Y, L50, M\n|-mega|p2a: Charizard|Charizard|Charizardite Y\n|-weather|SunnyDay|[from] ability: Drought|[of] p2a: Charizard\n|move|p2a: Charizard|Protect|p2a: Charizard\n|-singleturn|p2a: Charizard|Protect\n|move|p1b: Sneasler|Fake Out|p2b: Venusaur\n|-damage|p2b: Venusaur|78/100\n|cant|p2b: Venusaur|flinch\n|move|p1a: Basculegion|Wave Crash|p2a: Charizard\n|-activate|p2a: Charizard|move: Protect\n|\n|-weather|SunnyDay|[upkeep]\n|-heal|p2b: Venusaur|83/100|[from] item: Leftovers\n|upkeep\n|turn|2\n|\n|t:|1776490764\n|switch|p1b: Pelipper|Pelipper, L50, F|100/100\n|-weather|RainDance|[from] ability: Drizzle|[of] p1b: Pelipper\n|switch|p2a: Incineroar|Incineroar, L50, F|100/100\n|-ability|p2a: Incineroar|Intimidate|boost\n|-unboost|p1a: Basculegion|atk|1\n|-unboost|p1b: Pelipper|atk|1\n|move|p1a: Basculegion|Wave Crash|p2a: Incineroar\n|-supereffective|p2a: Incineroar|1\n|-damage|p2a: Incineroar|0 fnt\n|faint|p2a: Incineroar\n|-damage|p1a: Basculegion|66/100|[from] Recoil\n|move|p2b: Venusaur|Leaf Storm|p1a: Basculegion\n|-supereffective|p1a: Basculegion|1\n|-damage|p1a: Basculegion|0 fnt\n|-unboost|p2b: Venusaur|spa|2\n|faint|p1a: Basculegion\n|\n|-weather|RainDance|[upkeep]\n|-heal|p2b: Venusaur|89/100|[from] item: Leftovers\n|upkeep\n|inactive|EXfactr has 30 seconds left.\n|inactive|EXfactr has 20 seconds left.\n|\n|t:|1776490804\n|switch|p1a: Dragonite|Dragonite, L50, M, shiny|100/100\n|switch|p2a: Charizard|Charizard-Mega-Y, L50, M|100/100\n|-weather|SunnyDay|[from] ability: Drought|[of] p2a: Charizard\n|turn|3\n|\n|t:|1776490829\n|switch|p2a: Garchomp|Garchomp, L50, F|100/100\n|detailschange|p1a: Dragonite|Dragonite-Mega, L50, M, shiny\n|-mega|p1a: Dragonite|Dragonite|Dragoninite\n|move|p2b: Venusaur|Sleep Powder|p1a: Dragonite\n|-status|p1a: Dragonite|slp|[from] move: Sleep Powder\n|cant|p1a: Dragonite|slp\n|move|p1b: Pelipper|Weather Ball|p2b: Venusaur\n|-supereffective|p2b: Venusaur|1\n|-crit|p2b: Venusaur\n|-damage|p2b: Venusaur|0 fnt\n|faint|p2b: Venusaur\n|\n|-weather|SunnyDay|[upkeep]\n|upkeep\n|\n|t:|1776490842\n|switch|p2b: Charizard|Charizard-Mega-Y, L50, M|100/100\n|turn|4\n|inactive|EXfactr has 30 seconds left.\n|\n|t:|1776490867\n|cant|p1a: Dragonite|slp\n|move|p2a: Garchomp|Rock Slide|p1b: Pelipper|[spread] p1a\n|-miss|p2a: Garchomp|p1b: Pelipper\n|-supereffective|p1a: Dragonite|1\n|-damage|p1a: Dragonite|81/100 slp\n|move|p2b: Charizard|Heat Wave|p1a: Dragonite|[spread] p1a,p1b\n|-resisted|p1a: Dragonite|1\n|-resisted|p1b: Pelipper|1\n|-damage|p1a: Dragonite|55/100 slp\n|-damage|p1b: Pelipper|46/100\n|move|p1b: Pelipper|Rain Dance|p1b: Pelipper\n|-weather|RainDance\n|\n|-weather|RainDance|[upkeep]\n|upkeep\n|turn|5\n|\n|t:|1776490887\n|move|p2a: Garchomp|Rock Slide|p1b: Pelipper|[spread] p1a,p1b\n|-supereffective|p1a: Dragonite|1\n|-supereffective|p1b: Pelipper|1\n|-damage|p1a: Dragonite|21/100 slp\n|-damage|p1b: Pelipper|0 fnt\n|faint|p1b: Pelipper\n|move|p2b: Charizard|Heat Wave|p1a: Dragonite|[miss]\n|-miss|p2b: Charizard|p1a: Dragonite\n|-curestatus|p1a: Dragonite|slp|[msg]\n|cant|p1a: Dragonite|flinch\n|\n|-weather|RainDance|[upkeep]\n|upkeep\n|\n|t:|1776490898\n|switch|p1b: Sneasler|Sneasler, L50, M|100/100\n|turn|6\n|inactive|EXfactr has 30 seconds left.\n|inactive|god's loving gift has 30 seconds left.\n|inactive|EXfactr has 20 seconds left.\n|\n|t:|1776490934\n|move|p2a: Garchomp|Protect|p2a: Garchomp\n|-singleturn|p2a: Garchomp|Protect\n|move|p2b: Charizard|Protect|p2b: Charizard\n|-singleturn|p2b: Charizard|Protect\n|move|p1b: Sneasler|Fake Out|p2a: Garchomp\n|-activate|p2a: Garchomp|move: Protect\n|move|p1a: Dragonite|Draco Meteor|p2a: Garchomp\n|-activate|p2a: Garchomp|move: Protect\n|\n|-weather|RainDance|[upkeep]\n|upkeep\n|turn|7\n|\n|t:|1776490957\n|move|p1b: Sneasler|Dire Claw|p2b: Charizard\n|-damage|p2b: Charizard|30/100\n|-status|p2b: Charizard|par\n|move|p2a: Garchomp|Dragon Claw|p1a: Dragonite\n|-supereffective|p1a: Dragonite|1\n|-damage|p1a: Dragonite|0 fnt\n|faint|p1a: Dragonite\n|move|p2b: Charizard|Weather Ball|p1b: Sneasler\n|-damage|p1b: Sneasler|16/100\n|\n|-weather|RainDance|[upkeep]\n|upkeep\n|turn|8\n|\n|t:|1776490976\n|move|p1b: Sneasler|Close Combat|p2a: Garchomp\n|-damage|p2a: Garchomp|35/100\n|-unboost|p1b: Sneasler|def|1\n|-unboost|p1b: Sneasler|spd|1\n|-damage|p1b: Sneasler|4/100|[from] ability: Rough Skin|[of] p2a: Garchomp\n|-enditem|p2a: Garchomp|Sitrus Berry|[eat]\n|-heal|p2a: Garchomp|60/100|[from] item: Sitrus Berry\n|move|p2a: Garchomp|Earthquake|p1b: Sneasler|[spread] p1b\n|-immune|p2b: Charizard\n|-supereffective|p1b: Sneasler|1\n|-damage|p1b: Sneasler|0 fnt\n|faint|p1b: Sneasler\n|\n|win|god's loving gift\n|raw|EXfactr's rating: 1141 &rarr; <strong>1116</strong><br />(-25 for losing)\n|raw|god&apos;s loving gift's rating: 1135 &rarr; <strong>1160</strong><br />(+25 for winning)\n",
  "uploadtime": 1776490983,
  "views": 14,
  "formatid": "gen9championsvgc2026regma",
  "rating": 1116,
  "private": 0,
  "password": null
}