{
  "id": "gen9championsvgc2026regma-2587110418",
  "format": "[Gen 9 Champions] VGC 2026 Reg M-A",
  "players": [
    "yodapoke",
    "culattone22"
  ],
  "log": "|j|\u2606yodapoke\n|j|\u2606culattone22\n|t:|1776494836\n|gametype|doubles\n|player|p1|yodapoke|266|1188\n|player|p2|culattone22|101|1125\n|gen|9\n|tier|[Gen 9 Champions] VGC 2026 Reg M-A\n|rated|\n|rule|Species Clause: Limit one of each Pok\u00e9mon\n|rule|Item Clause: Limit 1 of each item\n|clearpoke\n|poke|p1|Scizor, L50, F|\n|poke|p1|Archaludon, L50, M|\n|poke|p1|Basculegion, L50, M|\n|poke|p1|Pelipper, L50, F|\n|poke|p1|Incineroar, L50, F|\n|poke|p1|Sinistcha, L50|\n|poke|p2|Meganium, L50, M|\n|poke|p2|Volcarona, L50, M|\n|poke|p2|Hydreigon, L50, M|\n|poke|p2|Maushold-Four, L50|\n|poke|p2|Castform, L50, F|\n|poke|p2|Aegislash, L50, M|\n|teampreview|4\n|\n|t:|1776494879\n|teamsize|p1|4\n|teamsize|p2|4\n|start\n|switch|p1a: Basculegion|Basculegion, L50, M|100/100\n|switch|p1b: Incineroar|Incineroar, L50, F|100/100\n|switch|p2a: Hydreigon|Hydreigon, L50, M|100/100\n|switch|p2b: Aegislash|Aegislash, L50, M|100/100\n|-ability|p1b: Incineroar|Intimidate|boost\n|-unboost|p2a: Hydreigon|atk|1\n|-unboost|p2b: Aegislash|atk|1\n|turn|1\n|\n|t:|1776494904\n|move|p1a: Basculegion|Protect|p1a: Basculegion\n|-singleturn|p1a: Basculegion|Protect\n|move|p2a: Hydreigon|Snarl|p1b: Incineroar|[spread] p1b\n|-activate|p1a: Basculegion|move: Protect\n|-resisted|p1b: Incineroar|1\n|-damage|p1b: Incineroar|90/100\n|-unboost|p1b: Incineroar|spa|1\n|move|p1b: Incineroar|Parting Shot|p2a: Hydreigon\n|-unboost|p2a: Hydreigon|atk|1\n|-unboost|p2a: Hydreigon|spa|1\n|\n|t:|1776494916\n|switch|p1b: Pelipper|Pelipper, L50, F|100/100|[from] Parting Shot\n|-weather|RainDance|[from] ability: Drizzle|[of] p1b: Pelipper\n|-formechange|p2b: Aegislash|Aegislash-Blade|\n|move|p2b: Aegislash|Poltergeist|p1a: Basculegion\n|-activate|p1a: Basculegion|move: Protect\n|\n|-weather|RainDance|[upkeep]\n|upkeep\n|turn|2\n|\n|t:|1776494942\n|switch|p1a: Incineroar|Incineroar, L50, F|90/100\n|-ability|p1a: Incineroar|Intimidate|boost\n|-unboost|p2a: Hydreigon|atk|1\n|-unboost|p2b: Aegislash|atk|1\n|-formechange|p2b: Aegislash|Aegislash|\n|move|p2b: Aegislash|King's Shield|p2b: Aegislash\n|-singleturn|p2b: Aegislash|Protect\n|move|p2a: Hydreigon|Snarl|p1a: Incineroar|[spread] p1a,p1b\n|-resisted|p1a: Incineroar|1\n|-damage|p1a: Incineroar|84/100\n|-damage|p1b: Pelipper|72/100\n|-unboost|p1a: Incineroar|spa|1\n|-unboost|p1b: Pelipper|spa|1\n|move|p1b: Pelipper|Tailwind|p1b: Pelipper\n|-sidestart|p1: yodapoke|move: Tailwind\n|\n|-weather|RainDance|[upkeep]\n|upkeep\n|turn|3\n|\n|t:|1776494972\n|switch|p2b: Maushold|Maushold-Four, L50|100/100\n|move|p1b: Pelipper|Weather Ball|p2b: Maushold\n|-damage|p2b: Maushold|55/100\n|move|p2a: Hydreigon|Snarl|p1a: Incineroar|[spread] p1a,p1b\n|-resisted|p1a: Incineroar|1\n|-crit|p1a: Incineroar\n|-damage|p1a: Incineroar|68/100\n|-damage|p1b: Pelipper|44/100\n|-unboost|p1a: Incineroar|spa|1\n|-unboost|p1b: Pelipper|spa|1\n|move|p1a: Incineroar|Throat Chop|p2a: Hydreigon\n|-resisted|p2a: Hydreigon|1\n|-damage|p2a: Hydreigon|89/100\n|-start|p2a: Hydreigon|Throat Chop|[silent]\n|\n|-weather|RainDance|[upkeep]\n|upkeep\n|turn|4\n|\n|t:|1776494996\n|switch|p1b: Sinistcha|Sinistcha, L50|100/100\n|-heal|p1a: Incineroar|93/100|[from] ability: Hospitality|[of] p1b: Sinistcha\n|switch|p2a: Aegislash|Aegislash, L50, M|100/100\n|move|p1a: Incineroar|Parting Shot|p2a: Aegislash\n|-unboost|p2a: Aegislash|atk|1\n|-unboost|p2a: Aegislash|spa|1\n|\n|t:|1776495029\n|switch|p1a: Basculegion|Basculegion, L50, M|100/100|[from] Parting Shot\n|move|p2b: Maushold|Super Fang|p1a: Basculegion\n|-immune|p1a: Basculegion\n|\n|-weather|RainDance|[upkeep]\n|upkeep\n|turn|5\n|\n|t:|1776495046\n|switch|p1a: Incineroar|Incineroar, L50, F|93/100\n|-ability|p1a: Incineroar|Intimidate|boost\n|-unboost|p2a: Aegislash|atk|1\n|-unboost|p2b: Maushold|atk|1\n|switch|p2b: Hydreigon|Hydreigon, L50, M|89/100\n|move|p1b: Sinistcha|Matcha Gotcha|p2b: Hydreigon|[spread] p2a,p2b\n|-resisted|p2a: Aegislash|1\n|-resisted|p2b: Hydreigon|1\n|-damage|p2a: Aegislash|91/100\n|-damage|p2b: Hydreigon|76/100\n|-status|p2b: Hydreigon|brn\n|-formechange|p2a: Aegislash|Aegislash-Blade|\n|move|p2a: Aegislash|Poltergeist|p1a: Incineroar\n|-activate|p1a: Incineroar|move: Poltergeist|Sitrus Berry\n|-resisted|p1a: Incineroar|1\n|-crit|p1a: Incineroar\n|-damage|p1a: Incineroar|47/100\n|-enditem|p1a: Incineroar|Sitrus Berry|[eat]\n|-heal|p1a: Incineroar|72/100|[from] item: Sitrus Berry\n|\n|-weather|none\n|-damage|p2b: Hydreigon|70/100 brn|[from] brn\n|-sideend|p1: yodapoke|move: Tailwind\n|upkeep\n|turn|6\n|\n|t:|1776495080\n|switch|p2a: Meganium|Meganium, L50, M|100/100\n|move|p1b: Sinistcha|Protect|p1b: Sinistcha\n|-singleturn|p1b: Sinistcha|Protect\n|move|p2b: Hydreigon|U-turn|p1a: Incineroar\n|-damage|p1a: Incineroar|65/100\n|\n|t:|1776495086\n|switch|p2b: Aegislash|Aegislash, L50, M|91/100|[from] U-turn\n|move|p1a: Incineroar|Parting Shot|p2b: Aegislash\n|-unboost|p2b: Aegislash|atk|1\n|-unboost|p2b: Aegislash|spa|1\n|\n|t:|1776495111\n|switch|p1a: Basculegion|Basculegion, L50, M|100/100|[from] Parting Shot\n|\n|upkeep\n|turn|7\n|\n|t:|1776495130\n|switch|p1b: Incineroar|Incineroar, L50, F|65/100\n|-ability|p1b: Incineroar|Intimidate|boost\n|-unboost|p2a: Meganium|atk|1\n|-unboost|p2b: Aegislash|atk|1\n|detailschange|p2a: Meganium|Meganium-Mega, L50, M\n|-mega|p2a: Meganium|Meganium|Meganiumite\n|move|p1a: Basculegion|Protect|p1a: Basculegion\n|-singleturn|p1a: Basculegion|Protect\n|move|p2a: Meganium|Solar Beam||[still]\n|-prepare|p2a: Meganium|Solar Beam\n|-activate|p2a: Meganium|ability: Mega Sol\n|-anim|p2a: Meganium|Solar Beam|p1a: Basculegion\n|-activate|p1a: Basculegion|move: Protect\n|-formechange|p2b: Aegislash|Aegislash-Blade|\n|move|p2b: Aegislash|Poltergeist||[still]\n|-fail|p2b: Aegislash\n|\n|upkeep\n|turn|8\n|\n|t:|1776495156\n|switch|p1a: Sinistcha|Sinistcha, L50|100/100\n|-heal|p1b: Incineroar|90/100|[from] ability: Hospitality|[of] p1a: Sinistcha\n|switch|p2b: Hydreigon|Hydreigon, L50, M|70/100 brn\n|move|p2a: Meganium|Solar Beam||[still]\n|-prepare|p2a: Meganium|Solar Beam\n|-activate|p2a: Meganium|ability: Mega Sol\n|-anim|p2a: Meganium|Solar Beam|p1a: Sinistcha\n|-resisted|p1a: Sinistcha|1\n|-damage|p1a: Sinistcha|74/100\n|move|p1b: Incineroar|Flare Blitz|p2a: Meganium\n|-supereffective|p2a: Meganium|1\n|-damage|p2a: Meganium|30/100\n|-damage|p1b: Incineroar|68/100|[from] Recoil\n|\n|-heal|p1a: Sinistcha|80/100|[from] item: Leftovers\n|-damage|p2b: Hydreigon|64/100 brn|[from] brn\n|upkeep\n|turn|9\n|\n|t:|1776495202\n|switch|p2a: Maushold|Maushold-Four, L50|55/100\n|move|p1a: Sinistcha|Rage Powder|p1a: Sinistcha\n|-singleturn|p1a: Sinistcha|move: Rage Powder\n|move|p2b: Hydreigon|Draco Meteor|p1a: Sinistcha\n|-damage|p1a: Sinistcha|18/100\n|-unboost|p2b: Hydreigon|spa|2\n|move|p1b: Incineroar|Flare Blitz|p2a: Maushold\n|-damage|p2a: Maushold|4/100\n|-status|p2a: Maushold|brn\n|-damage|p1b: Incineroar|53/100|[from] Recoil\n|\n|-heal|p1a: Sinistcha|25/100|[from] item: Leftovers\n|-damage|p2b: Hydreigon|59/100 brn|[from] brn\n|-damage|p2a: Maushold|0 fnt|[from] brn\n|faint|p2a: Maushold\n|upkeep\n|\n|t:|1776495216\n|switch|p2a: Aegislash|Aegislash, L50, M|91/100\n|turn|10\n|\n|t:|1776495243\n|switch|p1a: Pelipper|Pelipper, L50, F|44/100\n|-weather|RainDance|[from] ability: Drizzle|[of] p1a: Pelipper\n|move|p2b: Hydreigon|Draco Meteor|p1a: Pelipper\n|-damage|p1a: Pelipper|0 fnt\n|-unboost|p2b: Hydreigon|spa|2\n|faint|p1a: Pelipper\n|move|p1b: Incineroar|Parting Shot|p2a: Aegislash\n|-unboost|p2a: Aegislash|atk|1\n|-unboost|p2a: Aegislash|spa|1\n|\n|t:|1776495262\n|switch|p1b: Basculegion|Basculegion, L50, M|100/100|[from] Parting Shot\n|-formechange|p2a: Aegislash|Aegislash-Blade|\n|move|p2a: Aegislash|Close Combat|p1b: Basculegion\n|-immune|p1b: Basculegion\n|\n|-weather|RainDance|[upkeep]\n|-damage|p2b: Hydreigon|53/100 brn|[from] brn\n|upkeep\n|\n|t:|1776495270\n|switch|p1a: Incineroar|Incineroar, L50, F|53/100\n|-ability|p1a: Incineroar|Intimidate|boost\n|-unboost|p2a: Aegislash|atk|1\n|-unboost|p2b: Hydreigon|atk|1\n|turn|11\n|\n|t:|1776495290\n|switch|p2b: Meganium|Meganium-Mega, L50, M|30/100\n|-formechange|p2a: Aegislash|Aegislash|\n|move|p2a: Aegislash|King's Shield|p2a: Aegislash\n|-singleturn|p2a: Aegislash|Protect\n|move|p1b: Basculegion|Last Respects|p2a: Aegislash\n|-activate|p2a: Aegislash|move: Protect\n|move|p1a: Incineroar|Flare Blitz|p2b: Meganium\n|-supereffective|p2b: Meganium|1\n|-damage|p2b: Meganium|0 fnt\n|faint|p2b: Meganium\n|-damage|p1a: Incineroar|45/100|[from] Recoil\n|\n|-weather|RainDance|[upkeep]\n|upkeep\n|\n|t:|1776495297\n|switch|p2b: Hydreigon|Hydreigon, L50, M|53/100 brn\n|turn|12\n|\n|t:|1776495326\n|move|p1b: Basculegion|Wave Crash|p2b: Hydreigon\n|-resisted|p2b: Hydreigon|1\n|-damage|p2b: Hydreigon|3/100 brn\n|-damage|p1b: Basculegion|86/100|[from] Recoil\n|move|p2b: Hydreigon|Dark Pulse|p1a: Incineroar\n|-resisted|p1a: Incineroar|1\n|-damage|p1a: Incineroar|26/100\n|move|p1a: Incineroar|Parting Shot|p2a: Aegislash\n|-unboost|p2a: Aegislash|atk|1\n|-unboost|p2a: Aegislash|spa|1\n|\n|t:|1776495335\n|switch|p1a: Sinistcha|Sinistcha, L50|25/100|[from] Parting Shot\n|-heal|p1b: Basculegion|100/100|[from] ability: Hospitality|[of] p1a: Sinistcha\n|-formechange|p2a: Aegislash|Aegislash-Blade|\n|move|p2a: Aegislash|Poltergeist|p1a: Sinistcha\n|-activate|p1a: Sinistcha|move: Poltergeist|Leftovers\n|-supereffective|p1a: Sinistcha|1\n|-damage|p1a: Sinistcha|0 fnt\n|faint|p1a: Sinistcha\n|\n|-weather|RainDance|[upkeep]\n|-damage|p2b: Hydreigon|0 fnt|[from] brn\n|faint|p2b: Hydreigon\n|upkeep\n|\n|t:|1776495347\n|switch|p1a: Incineroar|Incineroar, L50, F|26/100\n|-ability|p1a: Incineroar|Intimidate|boost\n|-unboost|p2a: Aegislash|atk|1\n|turn|13\n|\n|t:|1776495356\n|-formechange|p2a: Aegislash|Aegislash|\n|move|p2a: Aegislash|King's Shield|p2a: Aegislash\n|-singleturn|p2a: Aegislash|Protect\n|move|p1b: Basculegion|Last Respects|p2a: Aegislash\n|-activate|p2a: Aegislash|move: Protect\n|move|p1a: Incineroar|Parting Shot|p2a: Aegislash\n|-unboost|p2a: Aegislash|atk|1\n|-unboost|p2a: Aegislash|spa|1\n|\n|-weather|RainDance|[upkeep]\n|upkeep\n|turn|14\n|\n|t:|1776495369\n|move|p1b: Basculegion|Last Respects|p2a: Aegislash\n|-supereffective|p2a: Aegislash|1\n|-damage|p2a: Aegislash|0 fnt\n|faint|p2a: Aegislash\n|\n|win|yodapoke\n|raw|yodapoke's rating: 1188 &rarr; <strong>1209</strong><br />(+21 for winning)\n|raw|culattone22's rating: 1125 &rarr; <strong>1104</strong><br />(-21 for losing)\n|l|\u2606culattone22\n|player|p2|\n|l|\u2606yodapoke\n|player|p1|\n|j|\u2606culattone22\n|player|p2|culattone22|101|\n",
  "uploadtime": 1776495409,
  "views": 17,
  "formatid": "gen9championsvgc2026regma",
  "rating": 1104,
  "private": 0,
  "password": null
}