{
  "id": "gen9championsvgc2026regma-2585870202",
  "format": "[Gen 9 Champions] VGC 2026 Reg M-A",
  "players": [
    "soulvalley",
    "xoata"
  ],
  "log": "|j|\u2606soulvalley\n|j|\u2606xoata\n|t:|1776377071\n|gametype|doubles\n|player|p1|soulvalley|unknown|1090\n|player|p2|xoata|hiker-gen4|1021\n|gen|9\n|tier|[Gen 9 Champions] VGC 2026 Reg M-A\n|rated|\n|rule|Species Clause: Limit one of each Pok\u00e9mon\n|rule|Item Clause: Limit 1 of each item\n|clearpoke\n|poke|p1|Crabominable, L50, F|\n|poke|p1|Sinistcha-Masterpiece, L50|\n|poke|p1|Ninetales-Alola, L50, M|\n|poke|p1|Politoed, L50, M|\n|poke|p1|Dragonite, L50, F|\n|poke|p1|Whimsicott, L50, F|\n|poke|p2|Umbreon, L50, F|\n|poke|p2|Gliscor, L50, F|\n|poke|p2|Sableye, L50, F|\n|poke|p2|Gengar, L50, F|\n|poke|p2|Ninetales-Alola, L50, M|\n|poke|p2|Rotom-Wash, L50|\n|teampreview|4\n|inactive|Battle timer is ON: inactive players will automatically lose when time's up. (requested by xoata)\n|inactive|soulvalley has 60 seconds left.\n|\n|t:|1776377122\n|teamsize|p1|4\n|teamsize|p2|4\n|start\n|switch|p1a: Dragonite|Dragonite, L50, F|100/100\n|switch|p1b: Politoed|Politoed, L50, M|100/100\n|switch|p2a: Sableye|Sableye, L50, F, shiny|100/100\n|switch|p2b: Gengar|Gengar, L50, F, shiny|100/100\n|-weather|RainDance|[from] ability: Drizzle|[of] p1b: Politoed\n|turn|1\n|inactive|soulvalley has 30 seconds left.\n|inactive|soulvalley has 20 seconds left.\n|\n|t:|1776377160\n|detailschange|p2b: Gengar|Gengar-Mega, L50, F, shiny\n|-mega|p2b: Gengar|Gengar|Gengarite\n|detailschange|p1a: Dragonite|Dragonite-Mega, L50, F\n|-mega|p1a: Dragonite|Dragonite|Dragoninite\n|move|p2a: Sableye|Gravity|p2a: Sableye\n|-fieldstart|move: Gravity\n|move|p2b: Gengar|Hypnosis|p1a: Dragonite\n|-status|p1a: Dragonite|slp|[from] move: Hypnosis\n|cant|p1a: Dragonite|slp\n|move|p1b: Politoed|Muddy Water|p2a: Sableye|[spread] p2a,p2b\n|-damage|p2a: Sableye|60/100\n|-damage|p2b: Gengar|57/100\n|\n|-weather|RainDance|[upkeep]\n|upkeep\n|turn|2\n|\n|t:|1776377179\n|switch|p2a: Ninetales|Ninetales-Alola, L50, M|100/100\n|-weather|Snowscape|[from] ability: Snow Warning|[of] p2a: Ninetales\n|cant|p1a: Dragonite|slp\n|move|p2b: Gengar|Hypnosis|p1b: Politoed\n|-status|p1b: Politoed|slp|[from] move: Hypnosis\n|cant|p1b: Politoed|slp\n|\n|-weather|Snowscape|[upkeep]\n|upkeep\n|turn|3\n|\n|t:|1776377200\n|move|p2b: Gengar|Hex|p1b: Politoed\n|-damage|p1b: Politoed|38/100 slp\n|move|p2a: Ninetales|Aurora Veil|p2a: Ninetales\n|-sidestart|p2: xoata|move: Aurora Veil\n|-curestatus|p1a: Dragonite|slp|[msg]\n|move|p1a: Dragonite|Hurricane|p2b: Gengar\n|-damage|p2b: Gengar|7/100\n|cant|p1b: Politoed|slp\n|\n|-weather|Snowscape|[upkeep]\n|upkeep\n|turn|4\n|inactive|soulvalley has 30 seconds left.\n|\n|t:|1776377229\n|move|p1a: Dragonite|Protect|p1a: Dragonite\n|-singleturn|p1a: Dragonite|Protect\n|move|p2b: Gengar|Hypnosis|p1a: Dragonite\n|-activate|p1a: Dragonite|move: Protect\n|move|p2a: Ninetales|Freeze-Dry|p1a: Dragonite\n|-activate|p1a: Dragonite|move: Protect\n|-curestatus|p1b: Politoed|slp|[msg]\n|move|p1b: Politoed|Muddy Water|p2b: Gengar|[spread] p2a,p2b\n|-damage|p2a: Ninetales|80/100\n|-damage|p2b: Gengar|0 fnt\n|faint|p2b: Gengar\n|\n|-weather|Snowscape|[upkeep]\n|upkeep\n|\n|t:|1776377245\n|switch|p2b: Sableye|Sableye, L50, F, shiny|60/100\n|turn|5\n|\n|t:|1776377252\n|switch|p1a: Ninetales|Ninetales-Alola, L50, M|100/100\n|switch|p1b: Whimsicott|Whimsicott, L50, F|100/100\n|move|p2b: Sableye|Encore||[still]\n|-fail|p2b: Sableye\n|move|p2a: Ninetales|Freeze-Dry|p1b: Whimsicott\n|-supereffective|p1b: Whimsicott|1\n|-damage|p1b: Whimsicott|6/100\n|\n|-weather|Snowscape|[upkeep]\n|-fieldend|move: Gravity\n|upkeep\n|turn|6\n|\n|t:|1776377274\n|move|p1b: Whimsicott|Tailwind|p1b: Whimsicott\n|-sidestart|p1: soulvalley|move: Tailwind\n|move|p2b: Sableye|Gravity|p2b: Sableye\n|-fieldstart|move: Gravity\n|move|p1a: Ninetales|Aurora Veil|p1a: Ninetales\n|-sidestart|p1: soulvalley|move: Aurora Veil\n|move|p2a: Ninetales|Freeze-Dry|p1b: Whimsicott\n|-supereffective|p1b: Whimsicott|1\n|-damage|p1b: Whimsicott|0 fnt\n|faint|p1b: Whimsicott\n|\n|-weather|none\n|upkeep\n|\n|t:|1776377288\n|switch|p1b: Politoed|Politoed, L50, M|38/100\n|-weather|RainDance|[from] ability: Drizzle|[of] p1b: Politoed\n|turn|7\n|\n|t:|1776377311\n|move|p2b: Sableye|Encore|p1a: Ninetales\n|-start|p1a: Ninetales|Encore\n|move|p1a: Ninetales|Aurora Veil||[still]\n|-fail|p1a: Ninetales\n|move|p1b: Politoed|Muddy Water|p2a: Ninetales|[spread] p2a,p2b\n|-damage|p2a: Ninetales|52/100\n|-damage|p2b: Sableye|35/100\n|move|p2a: Ninetales|Hypnosis|p1a: Ninetales\n|-status|p1a: Ninetales|slp|[from] move: Hypnosis\n|\n|-weather|RainDance|[upkeep]\n|-sideend|p2: xoata|move: Aurora Veil\n|upkeep\n|turn|8\n|\n|t:|1776377331\n|switch|p1a: Dragonite|Dragonite-Mega, L50, F|100/100\n|move|p2b: Sableye|Disable|p1b: Politoed\n|-start|p1b: Politoed|Disable|Muddy Water\n|cant|p1b: Politoed|Disable|Muddy Water\n|move|p2a: Ninetales|Freeze-Dry|p1a: Dragonite\n|-supereffective|p1a: Dragonite|2\n|-damage|p1a: Dragonite|69/100\n|\n|-weather|RainDance|[upkeep]\n|upkeep\n|turn|9\n|inactive|xoata has 30 seconds left.\n|inactive|xoata has 20 seconds left.\n|inactive|xoata has 15 seconds left.\n|\n|t:|1776377372\n|switch|p2a: Gliscor|Gliscor, L50, F, shiny|100/100\n|move|p2b: Sableye|Encore|p1b: Politoed\n|-start|p1b: Politoed|Encore\n|move|p1a: Dragonite|Hurricane|p2a: Gliscor\n|-damage|p2a: Gliscor|15/100\n|-start|p2a: Gliscor|confusion\n|cant|p1b: Politoed|Disable|Muddy Water\n|\n|-weather|RainDance|[upkeep]\n|-sideend|p1: soulvalley|move: Tailwind\n|upkeep\n|turn|10\n|\n|t:|1776377389\n|move|p2b: Sableye|Disable|p1a: Dragonite\n|-start|p1a: Dragonite|Disable|Hurricane\n|cant|p1a: Dragonite|Disable|Hurricane\n|-activate|p2a: Gliscor|confusion\n|move|p2a: Gliscor|Stone Edge|p1a: Dragonite\n|-supereffective|p1a: Dragonite|1\n|-damage|p1a: Dragonite|35/100\n|-activate|p1b: Politoed|move: Struggle\n|move|p1b: Politoed|Struggle|p2b: Sableye\n|-damage|p2b: Sableye|23/100\n|-damage|p1b: Politoed|13/100|[from] recoil\n|\n|-weather|RainDance|[upkeep]\n|-sideend|p1: soulvalley|move: Aurora Veil\n|-fieldend|move: Gravity\n|upkeep\n|turn|11\n|\n|t:|1776377405\n|switch|p1a: Ninetales|Ninetales-Alola, L50, M|100/100 slp\n|-weather|Snowscape|[from] ability: Snow Warning|[of] p1a: Ninetales\n|move|p2b: Sableye|Gravity|p2b: Sableye\n|-fieldstart|move: Gravity\n|-end|p2a: Gliscor|confusion\n|move|p2a: Gliscor|Stone Edge|p1a: Ninetales\n|-supereffective|p1a: Ninetales|1\n|-damage|p1a: Ninetales|52/100 slp\n|-activate|p1b: Politoed|move: Struggle\n|move|p1b: Politoed|Struggle|p2b: Sableye\n|-damage|p2b: Sableye|11/100\n|-damage|p1b: Politoed|0 fnt|[from] recoil\n|faint|p1b: Politoed\n|\n|-weather|Snowscape|[upkeep]\n|upkeep\n|\n|t:|1776377415\n|switch|p1b: Dragonite|Dragonite-Mega, L50, F|35/100\n|turn|12\n|\n|t:|1776377441\n|move|p2a: Gliscor|Protect|p2a: Gliscor\n|-singleturn|p2a: Gliscor|Protect\n|move|p2b: Sableye|Disable||[still]\n|-fail|p2b: Sableye\n|cant|p1a: Ninetales|slp\n|move|p1b: Dragonite|Hurricane|p2a: Gliscor\n|-activate|p2a: Gliscor|move: Protect\n|\n|-weather|Snowscape|[upkeep]\n|upkeep\n|turn|13\n|\n|t:|1776377462\n|move|p2b: Sableye|Disable|p1b: Dragonite\n|-start|p1b: Dragonite|Disable|Hurricane\n|-curestatus|p1a: Ninetales|slp|[msg]\n|move|p1a: Ninetales|Aurora Veil|p1a: Ninetales\n|-sidestart|p1: soulvalley|move: Aurora Veil\n|move|p1b: Dragonite|Thunder|p2b: Sableye\n|-damage|p2b: Sableye|0 fnt\n|faint|p2b: Sableye\n|move|p2a: Gliscor|Stone Edge|p1a: Ninetales\n|-supereffective|p1a: Ninetales|1\n|-damage|p1a: Ninetales|19/100\n|\n|-weather|Snowscape|[upkeep]\n|upkeep\n|\n|t:|1776377474\n|switch|p2b: Ninetales|Ninetales-Alola, L50, M|52/100\n|turn|14\n|\n|t:|1776377485\n|move|p1b: Dragonite|Protect|p1b: Dragonite\n|-singleturn|p1b: Dragonite|Protect\n|move|p2a: Gliscor|Protect|p2a: Gliscor\n|-singleturn|p2a: Gliscor|Protect\n|move|p1a: Ninetales|Moonblast|p2b: Ninetales\n|-damage|p2b: Ninetales|16/100\n|move|p2b: Ninetales|Hypnosis|p1b: Dragonite\n|-activate|p1b: Dragonite|move: Protect\n|\n|-weather|Snowscape|[upkeep]\n|upkeep\n|turn|15\n|\n|t:|1776377504\n|move|p2b: Ninetales|Moonblast|p1a: Ninetales\n|-damage|p1a: Ninetales|0 fnt\n|faint|p1a: Ninetales\n|move|p1b: Dragonite|Thunder|p2b: Ninetales\n|-damage|p2b: Ninetales|0 fnt\n|faint|p2b: Ninetales\n|move|p2a: Gliscor|Stone Edge|p1b: Dragonite\n|-supereffective|p1b: Dragonite|1\n|-crit|p1b: Dragonite\n|-damage|p1b: Dragonite|0 fnt\n|faint|p1b: Dragonite\n|\n|win|xoata\n|raw|soulvalley's rating: 1090 &rarr; <strong>1062</strong><br />(-28 for losing)\n|raw|xoata's rating: 1021 &rarr; <strong>1065</strong><br />(+44 for winning)\n|l|\u2606soulvalley\n|player|p1|\n",
  "uploadtime": 1776377519,
  "views": 28,
  "formatid": "gen9championsvgc2026regma",
  "rating": 1062,
  "private": 0,
  "password": null
}