{
  "id": "gen9championsvgc2026regma-2587386575",
  "format": "[Gen 9 Champions] VGC 2026 Reg M-A",
  "players": [
    "theopmidas",
    "irisirisiris"
  ],
  "log": "|j|\u2606theopmidas\n|j|\u2606irisirisiris\n|t:|1776527517\n|gametype|doubles\n|player|p1|theopmidas|265|1052\n|player|p2|irisirisiris|169|1115\n|gen|9\n|tier|[Gen 9 Champions] VGC 2026 Reg M-A\n|rated|\n|rule|Species Clause: Limit one of each Pok\u00e9mon\n|rule|Item Clause: Limit 1 of each item\n|clearpoke\n|poke|p1|Whimsicott, L50, M|\n|poke|p1|Jolteon, L50, F, shiny|\n|poke|p1|Starmie, L50|\n|poke|p1|Pelipper, L50, M, shiny|\n|poke|p1|Slowking-Galar, L50, M, shiny|\n|poke|p1|Corviknight, L50, F, shiny|\n|poke|p2|Snorlax, L50, M|\n|poke|p2|Sinistcha, L50|\n|poke|p2|Mimikyu, L50, F|\n|poke|p2|Kingambit, L50, M|\n|poke|p2|Crabominable, L50, F|\n|poke|p2|Medicham, L50, F|\n|teampreview|4\n|\n|t:|1776527539\n|teamsize|p1|4\n|teamsize|p2|4\n|start\n|switch|p1a: Pelipper|Pelipper, L50, M, shiny|100/100\n|switch|p1b: Corviknight|Corviknight, L50, F, shiny|100/100\n|switch|p2a: Snorlax|Snorlax, L50, M|100/100\n|switch|p2b: Mimikyu|Mimikyu, L50, F|100/100\n|-weather|RainDance|[from] ability: Drizzle|[of] p1a: Pelipper\n|turn|1\n|\n|t:|1776527553\n|move|p1b: Corviknight|Iron Defense|p1b: Corviknight\n|-boost|p1b: Corviknight|def|2\n|move|p1a: Pelipper|Tailwind|p1a: Pelipper\n|-sidestart|p1: theopmidas|move: Tailwind\n|move|p2a: Snorlax|Belly Drum|p2a: Snorlax\n|-damage|p2a: Snorlax|51/100\n|-setboost|p2a: Snorlax|atk|6|[from] move: Belly Drum\n|move|p2b: Mimikyu|Trick Room|p2b: Mimikyu\n|-fieldstart|move: Trick Room|[of] p2b: Mimikyu\n|\n|-weather|RainDance|[upkeep]\n|upkeep\n|turn|2\n|\n|t:|1776527568\n|move|p2a: Snorlax|Rock Slide|p1b: Corviknight|[spread] p1a,p1b\n|-supereffective|p1a: Pelipper|1\n|-damage|p1a: Pelipper|0 fnt\n|-damage|p1b: Corviknight|79/100\n|faint|p1a: Pelipper\n|move|p2b: Mimikyu|Psych Up|p2a: Snorlax\n|-copyboost|p2b: Mimikyu|p2a: Snorlax|[from] move: Psych Up\n|cant|p1b: Corviknight|flinch\n|\n|-weather|RainDance|[upkeep]\n|upkeep\n|\n|t:|1776527581\n|switch|p1a: Slowking|Slowking-Galar, L50, M, shiny|100/100\n|turn|3\n|\n|t:|1776527588\n|move|p2b: Mimikyu|Shadow Sneak|p1a: Slowking\n|-supereffective|p1a: Slowking|1\n|-damage|p1a: Slowking|0 fnt\n|faint|p1a: Slowking\n|move|p2a: Snorlax|Rock Slide|p1b: Corviknight\n|-damage|p1b: Corviknight|51/100\n|move|p1b: Corviknight|Body Press|p2a: Snorlax\n|-supereffective|p2a: Snorlax|1\n|-damage|p2a: Snorlax|0 fnt\n|faint|p2a: Snorlax\n|-heal|p1b: Corviknight|59/100|[from] item: Shell Bell|[of] p2: Snorlax\n|\n|-weather|RainDance|[upkeep]\n|upkeep\n|\n|t:|1776527599\n|switch|p2a: Medicham|Medicham, L50, F|100/100\n|switch|p1a: Starmie|Starmie, L50|100/100\n|turn|4\n|inactive|Battle timer is ON: inactive players will automatically lose when time's up. (requested by theopmidas)\n|\n|t:|1776527610\n|detailschange|p2a: Medicham|Medicham-Mega, L50, F\n|-mega|p2a: Medicham|Medicham|Medichamite\n|detailschange|p1a: Starmie|Starmie-Mega, L50\n|-mega|p1a: Starmie|Starmie|Starminite\n|move|p2a: Medicham|Fake Out|p1a: Starmie\n|-damage|p1a: Starmie|71/100\n|move|p2b: Mimikyu|Shadow Sneak|p1b: Corviknight\n|-damage|p1b: Corviknight|32/100\n|move|p1b: Corviknight|Iron Defense|p1b: Corviknight\n|-boost|p1b: Corviknight|def|2\n|cant|p1a: Starmie|flinch\n|\n|-weather|RainDance|[upkeep]\n|-sideend|p1: theopmidas|move: Tailwind\n|upkeep\n|turn|5\n|\n|t:|1776527631\n|move|p2a: Medicham|Protect|p2a: Medicham\n|-singleturn|p2a: Medicham|Protect\n|move|p2b: Mimikyu|Shadow Sneak|p1a: Starmie\n|-supereffective|p1a: Starmie|1\n|-damage|p1a: Starmie|0 fnt\n|faint|p1a: Starmie\n|move|p1b: Corviknight|Roost|p1b: Corviknight\n|-heal|p1b: Corviknight|83/100\n|-singleturn|p1b: Corviknight|move: Roost\n|\n|-weather|none\n|-fieldend|move: Trick Room\n|upkeep\n|turn|6\n|\n|t:|1776527643\n|move|p2b: Mimikyu|Shadow Sneak|p1b: Corviknight\n|-damage|p1b: Corviknight|63/100\n|move|p2a: Medicham|Psych Up|p2b: Mimikyu\n|-copyboost|p2a: Medicham|p2b: Mimikyu|[from] move: Psych Up\n|move|p1b: Corviknight|Body Press|p2a: Medicham\n|-resisted|p2a: Medicham|1\n|-damage|p2a: Medicham|55/100\n|-heal|p1b: Corviknight|66/100|[from] item: Shell Bell|[of] p2a: Medicham\n|\n|upkeep\n|turn|7\n|\n|t:|1776527653\n|move|p2b: Mimikyu|Shadow Sneak|p1b: Corviknight\n|-damage|p1b: Corviknight|45/100\n|move|p2a: Medicham|Close Combat|p1b: Corviknight\n|-damage|p1b: Corviknight|0 fnt\n|-unboost|p2a: Medicham|def|1\n|-unboost|p2a: Medicham|spd|1\n|faint|p1b: Corviknight\n|\n|win|irisirisiris\n|raw|theopmidas's rating: 1052 &rarr; <strong>1037</strong><br />(-15 for losing)\n|raw|irisirisiris's rating: 1115 &rarr; <strong>1136</strong><br />(+21 for winning)\n|l|\u2606theopmidas\n|player|p1|\n",
  "uploadtime": 1776527667,
  "views": 25,
  "formatid": "gen9championsvgc2026regma",
  "rating": 1037,
  "private": 0,
  "password": null
}