{
  "id": "gen9championsvgc2026regma-2583912320",
  "format": "[Gen 9 Champions] VGC 2026 Reg M-A",
  "players": [
    "akumanoshiro",
    "Catyreiji"
  ],
  "log": "|j|\u2606akumanoshiro\n|j|\u2606Catyreiji\n|t:|1776207687\n|gametype|doubles\n|player|p1|akumanoshiro|102|1109\n|player|p2|Catyreiji|ingo|1131\n|gen|9\n|tier|[Gen 9 Champions] VGC 2026 Reg M-A\n|rated|\n|rule|Species Clause: Limit one of each Pok\u00e9mon\n|rule|Item Clause: Limit 1 of each item\n|clearpoke\n|poke|p1|Hawlucha, L50, F|\n|poke|p1|Glalie, L50, F|\n|poke|p1|Sinistcha, L50|\n|poke|p1|Garganacl, L50, F|\n|poke|p1|Toxicroak, L50, M|\n|poke|p1|Arcanine-Hisui, L50, F|\n|poke|p2|Absol, L50, M|\n|poke|p2|Beartic, L50, M|\n|poke|p2|Sneasler, L50, M|\n|poke|p2|Aegislash, L50, F|\n|poke|p2|Corviknight, L50, M|\n|poke|p2|Froslass, L50, F|\n|teampreview|4\nCatyreiji rejected open team sheets.\n|\n|t:|1776207730\n|teamsize|p1|4\n|teamsize|p2|4\n|start\n|switch|p1a: Garganacl|Garganacl, L50, F|100/100\n|switch|p1b: Toxicroak|Toxicroak, L50, M, shiny|100/100\n|switch|p2a: Nevermore|Corviknight, L50, M|100/100\n|switch|p2b: Clawdia|Sneasler, L50, M|100/100\n|turn|1\n|\n|t:|1776207744\n|move|p2a: Nevermore|Protect|p2a: Nevermore\n|-singleturn|p2a: Nevermore|Protect\n|move|p2b: Clawdia|Fake Out|p1b: Toxicroak\n|-damage|p1b: Toxicroak|83/100\n|cant|p1b: Toxicroak|flinch\n|move|p1a: Garganacl|Salt Cure|p2b: Clawdia\n|-resisted|p2b: Clawdia|1\n|-damage|p2b: Clawdia|88/100\n|-start|p2b: Clawdia|Salt Cure\n|\n|-damage|p2b: Clawdia|82/100|[from] Salt Cure\n|upkeep\n|turn|2\n|\n|t:|1776207784\n|move|p2b: Clawdia|Protect|p2b: Clawdia\n|-singleturn|p2b: Clawdia|Protect\n|move|p1b: Toxicroak|Sucker Punch||[still]\n|-fail|p1b: Toxicroak\n|move|p2a: Nevermore|Iron Defense|p2a: Nevermore\n|-boost|p2a: Nevermore|def|2\n|move|p1a: Garganacl|Body Press|p2b: Clawdia\n|-activate|p2b: Clawdia|move: Protect\n|\n|-damage|p2b: Clawdia|76/100|[from] Salt Cure\n|upkeep\n|turn|3\n|\n|t:|1776207807\n|move|p2b: Clawdia|Close Combat|p1a: Garganacl\n|-supereffective|p1a: Garganacl|1\n|-damage|p1a: Garganacl|22/100\n|-unboost|p2b: Clawdia|def|1\n|-unboost|p2b: Clawdia|spd|1\n|move|p1b: Toxicroak|Close Combat|p2a: Nevermore\n|-damage|p2a: Nevermore|79/100\n|-unboost|p1b: Toxicroak|def|1\n|-unboost|p1b: Toxicroak|spd|1\n|-immune|p2a: Nevermore\n|-enditem|p1b: Toxicroak|White Herb\n|-clearnegativeboost|p1b: Toxicroak|[silent]\n|move|p2a: Nevermore|Iron Defense|p2a: Nevermore\n|-boost|p2a: Nevermore|def|2\n|move|p1a: Garganacl|Body Press|p2b: Clawdia\n|-resisted|p2b: Clawdia|1\n|-damage|p2b: Clawdia|34/100\n|\n|-heal|p2a: Nevermore|85/100|[from] item: Leftovers\n|-heal|p1a: Garganacl|28/100|[from] item: Leftovers\n|-damage|p2b: Clawdia|28/100|[from] Salt Cure\n|upkeep\n|turn|4\n|\n|t:|1776207834\n|move|p1b: Toxicroak|Sucker Punch|p2b: Clawdia\n|-resisted|p2b: Clawdia|1\n|-damage|p2b: Clawdia|4/100\n|-immune|p2b: Clawdia\n|move|p2b: Clawdia|Dire Claw|p1a: Garganacl\n|-resisted|p1a: Garganacl|1\n|-damage|p1a: Garganacl|16/100\n|move|p2a: Nevermore|Iron Defense|p2a: Nevermore\n|-boost|p2a: Nevermore|def|2\n|move|p1a: Garganacl|Salt Cure|p2a: Nevermore\n|-damage|p2a: Nevermore|82/100\n|-start|p2a: Nevermore|Salt Cure\n|\n|-heal|p2a: Nevermore|87/100|[from] item: Leftovers\n|-heal|p1a: Garganacl|22/100|[from] item: Leftovers\n|-damage|p2b: Clawdia|0 fnt|[from] Salt Cure\n|faint|p2b: Clawdia\n|-damage|p2a: Nevermore|75/100|[from] Salt Cure\n|upkeep\n|\n|t:|1776207852\n|switch|p2b: Nightmare|Absol, L50, M, shiny|100/100\n|turn|5\n|\n|t:|1776207871\n|detailschange|p2b: Nightmare|Absol-Mega, L50, M, shiny\n|-mega|p2b: Nightmare|Absol|Absolite\n|move|p2b: Nightmare|Protect|p2b: Nightmare\n|-singleturn|p2b: Nightmare|Protect\n|move|p1b: Toxicroak|Close Combat|p2b: Nightmare\n|-activate|p2b: Nightmare|move: Protect\n|move|p2a: Nevermore|Body Press|p1b: Toxicroak\n|-resisted|p1b: Toxicroak|1\n|-crit|p1b: Toxicroak\n|-damage|p1b: Toxicroak|1/100\n|move|p1a: Garganacl|Body Press|p2a: Nevermore\n|-damage|p2a: Nevermore|69/100\n|\n|-heal|p2a: Nevermore|75/100|[from] item: Leftovers\n|-heal|p1a: Garganacl|28/100|[from] item: Leftovers\n|-damage|p2a: Nevermore|63/100|[from] Salt Cure\n|upkeep\n|turn|6\n|\n|t:|1776207893\n|move|p2b: Nightmare|Night Slash|p1b: Toxicroak\n|-resisted|p1b: Toxicroak|1\n|-damage|p1b: Toxicroak|0 fnt\n|faint|p1b: Toxicroak\n|move|p2a: Nevermore|Body Press|p1a: Garganacl\n|-supereffective|p1a: Garganacl|1\n|-damage|p1a: Garganacl|0 fnt\n|faint|p1a: Garganacl\n|\n|-heal|p2a: Nevermore|68/100|[from] item: Leftovers\n|-damage|p2a: Nevermore|56/100|[from] Salt Cure\n|upkeep\n|\n|t:|1776207906\n|switch|p1b: Sinistcha|Sinistcha, L50|100/100\n|switch|p1a: Arcanine|Arcanine-Hisui, L50, F|100/100\n|turn|7\n|\n|t:|1776207918\n|move|p2b: Nightmare|Swords Dance|p2b: Nightmare\n|-boost|p2b: Nightmare|atk|2\n|move|p1a: Arcanine|Wild Charge|p2a: Nevermore\n|-supereffective|p2a: Nevermore|1\n|-crit|p2a: Nevermore\n|-damage|p2a: Nevermore|0 fnt\n|faint|p2a: Nevermore\n|move|p1b: Sinistcha|Matcha Gotcha|p2b: Nightmare\n|-damage|p2b: Nightmare|29/100\n|\n|upkeep\n|\n|t:|1776207927\n|switch|p2a: Durandal|Aegislash, L50, F|100/100\n|turn|8\n|\n|t:|1776207945\n|move|p2b: Nightmare|Night Slash|p1b: Sinistcha\n|-supereffective|p1b: Sinistcha|1\n|-damage|p1b: Sinistcha|0 fnt\n|faint|p1b: Sinistcha\n|move|p1a: Arcanine|Flare Blitz|p2a: Durandal\n|-supereffective|p2a: Durandal|1\n|-damage|p2a: Durandal|3/100\n|-enditem|p2a: Durandal|Sitrus Berry|[eat]\n|-heal|p2a: Durandal|28/100|[from] item: Sitrus Berry\n|-formechange|p2a: Durandal|Aegislash-Blade|\n|move|p2a: Durandal|Sacred Sword|p1a: Arcanine\n|-supereffective|p1a: Arcanine|1\n|-damage|p1a: Arcanine|28/100\n|\n|upkeep\n|turn|9\n|\n|t:|1776207963\n|move|p2b: Nightmare|Night Slash|p1a: Arcanine\n|-damage|p1a: Arcanine|0 fnt\n|faint|p1a: Arcanine\n|\n|win|Catyreiji\n|raw|akumanoshiro's rating: 1109 &rarr; <strong>1086</strong><br />(-23 for losing)\n|raw|Catyreiji's rating: 1131 &rarr; <strong>1154</strong><br />(+23 for winning)\n|c|\u2606akumanoshiro|Gg\n",
  "uploadtime": 1776207969,
  "views": 24,
  "formatid": "gen9championsvgc2026regma",
  "rating": 1086,
  "private": 0,
  "password": null
}