{
  "id": "gen9championsvgc2026regma-2580396281",
  "format": "[Gen 9 Champions] VGC 2026 Reg M-A",
  "players": [
    "BlueShurikenss",
    "lolgz"
  ],
  "log": "|j|\u2606BlueShurikenss\n|j|\u2606lolgz\n|t:|1775890211\n|gametype|doubles\n|player|p1|BlueShurikenss|cheren|1061\n|player|p2|lolgz|266|1071\n|gen|9\n|tier|[Gen 9 Champions] VGC 2026 Reg M-A\n|rated|\n|rule|Species Clause: Limit one of each Pok\u00e9mon\n|rule|Item Clause: Limit 1 of each item\n|clearpoke\n|poke|p1|Charizard, L50, F|\n|poke|p1|Venusaur, L50, F|\n|poke|p1|Garchomp, L50, F|\n|poke|p1|Rotom-Wash, L50|\n|poke|p1|Sneasler, L50, F|\n|poke|p1|Incineroar, L50, F|\n|poke|p2|Charizard, L50, M|\n|poke|p2|Whimsicott, L50, F|\n|poke|p2|Basculegion, L50, M|\n|poke|p2|Farigiraf, L50, F|\n|poke|p2|Kangaskhan, L50, F|\n|poke|p2|Sneasler, L50, M|\n|teampreview|4\n|\n|t:|1775890253\n|teamsize|p1|4\n|teamsize|p2|4\n|start\n|switch|p1a: Sneasler|Sneasler, L50, F|100/100\n|switch|p1b: Charizard|Charizard, L50, F|100/100\n|switch|p2a: Whimsicott|Whimsicott, L50, F|100/100\n|switch|p2b: Charizard|Charizard, L50, M|100/100\n|turn|1\n|l|\u2606BlueShurikenss\n|player|p1|\n|j|\u2606BlueShurikenss\n|player|p1|BlueShurikenss|cheren|\n|\n|t:|1775890379\n|detailschange|p2b: Charizard|Charizard-Mega-Y, L50, M\n|-mega|p2b: Charizard|Charizard|Charizardite Y\n|-weather|SunnyDay|[from] ability: Drought|[of] p2b: Charizard\n|detailschange|p1b: Charizard|Charizard-Mega-Y, L50, F\n|-mega|p1b: Charizard|Charizard|Charizardite Y\n|move|p2a: Whimsicott|Tailwind|p2a: Whimsicott\n|-sidestart|p2: lolgz|move: Tailwind\n|move|p2b: Charizard|Heat Wave|p1b: Charizard|[spread] p1a,p1b\n|-resisted|p1b: Charizard|1\n|-damage|p1a: Sneasler|10/100\n|-damage|p1b: Charizard|67/100\n|move|p1a: Sneasler|Dire Claw|p2b: Charizard\n|-damage|p2b: Charizard|44/100\n|move|p1b: Charizard|Heat Wave|p2a: Whimsicott|[spread] p2a,p2b\n|-supereffective|p2a: Whimsicott|1\n|-resisted|p2b: Charizard|1\n|-enditem|p2a: Whimsicott|Focus Sash\n|-damage|p2a: Whimsicott|1/100\n|-damage|p2b: Charizard|13/100\n|-status|p2a: Whimsicott|brn\n|\n|-weather|SunnyDay|[upkeep]\n|-damage|p2a: Whimsicott|0 fnt|[from] brn\n|faint|p2a: Whimsicott\n|upkeep\n|\n|t:|1775890402\n|switch|p2a: Sneasler|Sneasler, L50, M|100/100\n|turn|2\n|\n|t:|1775890435\n|move|p2a: Sneasler|Fake Out|p1b: Charizard\n|-damage|p1b: Charizard|45/100\n|move|p2b: Charizard|Heat Wave|p1a: Sneasler|[spread] p1a,p1b\n|-crit|p1a: Sneasler\n|-resisted|p1b: Charizard|1\n|-damage|p1a: Sneasler|0 fnt\n|-damage|p1b: Charizard|12/100\n|faint|p1a: Sneasler\n|cant|p1b: Charizard|flinch\n|\n|-weather|SunnyDay|[upkeep]\n|upkeep\n|\n|t:|1775890442\n|switch|p1a: Incineroar|Incineroar, L50, F|100/100\n|-ability|p1a: Incineroar|Intimidate|boost\n|-unboost|p2a: Sneasler|atk|1\n|-unboost|p2b: Charizard|atk|1\n|-enditem|p2a: Sneasler|White Herb\n|-clearnegativeboost|p2a: Sneasler|[silent]\n|turn|3\n|\n|t:|1775890461\n|move|p1b: Charizard|Protect|p1b: Charizard\n|-singleturn|p1b: Charizard|Protect\n|move|p1a: Incineroar|Fake Out|p2a: Sneasler\n|-damage|p2a: Sneasler|77/100\n|cant|p2a: Sneasler|flinch\n|move|p2b: Charizard|Heat Wave|p1a: Incineroar|[spread] p1a\n|-activate|p1b: Charizard|move: Protect\n|-resisted|p1a: Incineroar|1\n|-damage|p1a: Incineroar|69/100\n|\n|-weather|SunnyDay|[upkeep]\n|upkeep\n|turn|4\n|\n|t:|1775890489\n|switch|p1a: Venusaur|Venusaur, L50, F|100/100\n|move|p1b: Charizard|Protect||[still]\n|-fail|p1b: Charizard\n|move|p2a: Sneasler|Close Combat|p1a: Venusaur\n|-resisted|p1a: Venusaur|1\n|-damage|p1a: Venusaur|52/100\n|-unboost|p2a: Sneasler|def|1\n|-unboost|p2a: Sneasler|spd|1\n|move|p2b: Charizard|Weather Ball|p1b: Charizard\n|-resisted|p1b: Charizard|1\n|-damage|p1b: Charizard|0 fnt\n|faint|p1b: Charizard\n|\n|-weather|SunnyDay|[upkeep]\n|-sideend|p2: lolgz|move: Tailwind\n|upkeep\n|\n|t:|1775890501\n|switch|p1b: Incineroar|Incineroar, L50, F|69/100\n|-ability|p1b: Incineroar|Intimidate|boost\n|-unboost|p2a: Sneasler|atk|1\n|-unboost|p2b: Charizard|atk|1\n|turn|5\n|-message|BlueShurikenss forfeited.\n|\n|win|lolgz\n|raw|BlueShurikenss's rating: 1061 &rarr; <strong>1041</strong><br />(-20 for losing)\n|raw|lolgz's rating: 1049 &rarr; <strong>1083</strong><br />(+34 for winning)\n",
  "uploadtime": 1775890511,
  "views": 10,
  "formatid": "gen9championsvgc2026regma",
  "rating": 1041,
  "private": 0,
  "password": null
}