{
  "id": "gen9championsvgc2026regma-2588226766",
  "format": "[Gen 9 Champions] VGC 2026 Reg M-A",
  "players": [
    "sethsety",
    "KNDarkStar"
  ],
  "log": "|j|\u2606sethsety\n|j|\u2606KNDarkStar\n|t:|1776616091\n|gametype|doubles\n|player|p1|sethsety|102|1069\n|player|p2|KNDarkStar|cynthia|1076\n|gen|9\n|tier|[Gen 9 Champions] VGC 2026 Reg M-A\n|rated|\n|rule|Species Clause: Limit one of each Pok\u00e9mon\n|rule|Item Clause: Limit 1 of each item\n|clearpoke\n|poke|p1|Archaludon, L50, M, shiny|\n|poke|p1|Pelipper, L50, M, shiny|\n|poke|p1|Sinistcha, L50, shiny|\n|poke|p1|Floette-Eternal, L50, F|\n|poke|p1|Hawlucha, L50, M, shiny|\n|poke|p1|Kingambit, L50, M, shiny|\n|poke|p2|Sneasler, L50, M|\n|poke|p2|Feraligatr, L50, F|\n|poke|p2|Talonflame, L50, F|\n|poke|p2|Sinistcha-Masterpiece, L50|\n|poke|p2|Kingambit, L50, F|\n|poke|p2|Gardevoir, L50, F|\n|teampreview|4\n|inactive|Battle timer is ON: inactive players will automatically lose when time's up. (requested by KNDarkStar)\n|inactive|KNDarkStar has 60 seconds left.\n|\n|t:|1776616130\n|teamsize|p1|4\n|teamsize|p2|4\n|start\n|switch|p1a: Hawlucha|Hawlucha, L50, M, shiny|100/100\n|switch|p1b: Kingambit|Kingambit, L50, M, shiny|100/100\n|switch|p2a: Sinistcha|Sinistcha-Masterpiece, L50|100/100\n|switch|p2b: Gardevoir|Gardevoir, L50, F|100/100\n|-ability|p2b: Gardevoir|Defiant|Trace|[from] ability: Trace|[of] p1b: Kingambit\n|turn|1\n|inactive|sethsety has 30 seconds left.\n|\n|t:|1776616156\n|detailschange|p1a: Hawlucha|Hawlucha-Mega, L50, M, shiny\n|-mega|p1a: Hawlucha|Hawlucha|Hawluchanite\n|detailschange|p2b: Gardevoir|Gardevoir-Mega, L50, F\n|-mega|p2b: Gardevoir|Gardevoir|Gardevoirite\n|move|p2a: Sinistcha|Rage Powder|p2a: Sinistcha\n|-singleturn|p2a: Sinistcha|move: Rage Powder\n|move|p1a: Hawlucha|Rock Slide|p2b: Gardevoir|[spread] p2a,p2b\n|-damage|p2a: Sinistcha|85/100\n|-damage|p2b: Gardevoir|71/100\n|move|p1b: Kingambit|Kowtow Cleave|p2a: Sinistcha\n|-supereffective|p2a: Sinistcha|1\n|-damage|p2a: Sinistcha|16/100\n|-enditem|p2a: Sinistcha|Sitrus Berry|[eat]\n|-heal|p2a: Sinistcha|41/100|[from] item: Sitrus Berry\n|cant|p2b: Gardevoir|flinch\n|\n|upkeep\n|turn|2\n|inactive|sethsety has 30 seconds left.\n|inactive|KNDarkStar has 30 seconds left.\n|inactive|KNDarkStar has 20 seconds left.\n|\n|t:|1776616196\n|switch|p2a: Sneasler|Sneasler, L50, M|100/100\n|move|p1a: Hawlucha|Rock Slide|p2a: Sneasler|[spread] p2a,p2b\n|-resisted|p2a: Sneasler|1\n|-damage|p2a: Sneasler|83/100\n|-damage|p2b: Gardevoir|46/100\n|move|p1b: Kingambit|Iron Head|p2b: Gardevoir\n|-supereffective|p2b: Gardevoir|1\n|-damage|p2b: Gardevoir|0 fnt\n|faint|p2b: Gardevoir\n|\n|upkeep\n|\n|t:|1776616207\n|switch|p2b: Sinistcha|Sinistcha-Masterpiece, L50|41/100\n|-heal|p2a: Sneasler|100/100|[from] ability: Hospitality|[of] p2b: Sinistcha\n|turn|3\n|\n|t:|1776616230\n|switch|p1a: Archaludon|Archaludon, L50, M, shiny|100/100\n|switch|p1b: Pelipper|Pelipper, L50, M, shiny|100/100\n|-weather|RainDance|[from] ability: Drizzle|[of] p1b: Pelipper\n|move|p2a: Sneasler|Close Combat|p1b: Pelipper\n|-resisted|p1b: Pelipper|1\n|-damage|p1b: Pelipper|64/100\n|-unboost|p2a: Sneasler|def|1\n|-unboost|p2a: Sneasler|spd|1\n|move|p2b: Sinistcha|Shadow Ball|p1a: Archaludon\n|-damage|p1a: Archaludon|63/100\n|-ability|p1a: Archaludon|Stamina|boost\n|-boost|p1a: Archaludon|def|1\n|\n|-weather|RainDance|[upkeep]\n|upkeep\n|turn|4\n|inactive|sethsety has 30 seconds left.\n|inactive|KNDarkStar has 30 seconds left.\n|inactive|KNDarkStar has 20 seconds left.\n|inactive|sethsety has 20 seconds left.\n|inactive|KNDarkStar has 15 seconds left.\n|\n|t:|1776616272\n|move|p2a: Sneasler|Close Combat|p1a: Archaludon\n|-supereffective|p1a: Archaludon|1\n|-damage|p1a: Archaludon|0 fnt\n|-unboost|p2a: Sneasler|def|1\n|-unboost|p2a: Sneasler|spd|1\n|faint|p1a: Archaludon\n|move|p1b: Pelipper|Hurricane|p2a: Sneasler\n|-supereffective|p2a: Sneasler|1\n|-enditem|p2a: Sneasler|Focus Sash\n|-damage|p2a: Sneasler|1/100\n|move|p2b: Sinistcha|Matcha Gotcha|p1b: Pelipper\n|-damage|p1b: Pelipper|16/100\n|-heal|p2b: Sinistcha|63/100|[from] drain|[of] p1b: Pelipper\n|\n|-weather|RainDance|[upkeep]\n|upkeep\n|\n|t:|1776616289\n|switch|p1a: Hawlucha|Hawlucha-Mega, L50, M, shiny|100/100\n|turn|5\n|\n|t:|1776616307\n|move|p2a: Sneasler|Dire Claw|p1b: Pelipper\n|-damage|p1b: Pelipper|0 fnt\n|faint|p1b: Pelipper\n|move|p1a: Hawlucha|Rock Slide|p2a: Sneasler|[spread] p2a,p2b\n|-resisted|p2a: Sneasler|1\n|-damage|p2a: Sneasler|0 fnt\n|-damage|p2b: Sinistcha|48/100\n|faint|p2a: Sneasler\n|move|p2b: Sinistcha|Shadow Ball|p1a: Hawlucha\n|-damage|p1a: Hawlucha|61/100\n|\n|-weather|RainDance|[upkeep]\n|upkeep\n|\n|t:|1776616318\n|switch|p2a: Kingambit|Kingambit, L50, F|100/100\n|switch|p1b: Kingambit|Kingambit, L50, M, shiny|100/100\n|turn|6\n|inactive|KNDarkStar has 30 seconds left.\n|inactive|sethsety has 30 seconds left.\n|inactive|KNDarkStar has 20 seconds left.\n|inactive|KNDarkStar has 15 seconds left.\n|inactive|KNDarkStar has 10 seconds left.\n|inactive|KNDarkStar has 5 seconds left.\n|\n|t:|1776616370\n|move|p2b: Sinistcha|Rage Powder|p2b: Sinistcha\n|-singleturn|p2b: Sinistcha|move: Rage Powder\n|move|p1a: Hawlucha|Rock Slide|p2a: Kingambit|[spread] p2a,p2b\n|-resisted|p2a: Kingambit|1\n|-damage|p2a: Kingambit|93/100\n|-damage|p2b: Sinistcha|30/100\n|move|p1b: Kingambit|Kowtow Cleave|p2b: Sinistcha\n|-supereffective|p2b: Sinistcha|1\n|-damage|p2b: Sinistcha|0 fnt\n|faint|p2b: Sinistcha\n|move|p2a: Kingambit|Iron Head|p1a: Hawlucha\n|-damage|p1a: Hawlucha|9/100\n|\n|-weather|RainDance|[upkeep]\n|upkeep\n|turn|7\n|\n|t:|1776616389\n|move|p2a: Kingambit|Sucker Punch||[still]\n|-fail|p2a: Kingambit\n|move|p1a: Hawlucha|Entrainment|p1b: Kingambit\n|-ability|p1b: Kingambit|No Guard|Defiant|[from] move: Entrainment|[of] p1a: Hawlucha\n|move|p1b: Kingambit|Guillotine|p2a: Kingambit\n|-damage|p2a: Kingambit|0 fnt\n|faint|p2a: Kingambit\n|-ohko\n|\n|win|sethsety\n|raw|sethsety's rating: 1069 &rarr; <strong>1099</strong><br />(+30 for winning)\n|raw|KNDarkStar's rating: 1076 &rarr; <strong>1054</strong><br />(-22 for losing)\n|l|\u2606KNDarkStar\n|player|p2|\n",
  "uploadtime": 1776616439,
  "views": 9,
  "formatid": "gen9championsvgc2026regma",
  "rating": 1054,
  "private": 0,
  "password": null
}