{
  "id": "gen9championsvgc2026regma-2586730300",
  "format": "[Gen 9 Champions] VGC 2026 Reg M-A",
  "players": [
    "x3nom0rph",
    "morpzitous"
  ],
  "log": "|j|\u2606x3nom0rph\n|j|\u2606morpzitous\n|t:|1776455442\n|gametype|doubles\n|player|p1|x3nom0rph|265|1000\n|player|p2|morpzitous|colress|1031\n|gen|9\n|tier|[Gen 9 Champions] VGC 2026 Reg M-A\n|rated|\n|rule|Species Clause: Limit one of each Pok\u00e9mon\n|rule|Item Clause: Limit 1 of each item\n|clearpoke\n|poke|p1|Chesnaught, L50, F|\n|poke|p1|Alakazam, L50, M|\n|poke|p1|Sinistcha, L50|\n|poke|p1|Salazzle, L50, F|\n|poke|p1|Abomasnow, L50, F|\n|poke|p1|Pelipper, L50, M|\n|poke|p2|Golurk, L50|\n|poke|p2|Farigiraf, L50, F|\n|poke|p2|Incineroar, L50, M|\n|poke|p2|Torkoal, L50, M|\n|poke|p2|Sneasler, L50, M|\n|poke|p2|Venusaur, L50, F|\n|teampreview|4\n|inactive|Battle timer is ON: inactive players will automatically lose when time's up. (requested by morpzitous)\n|inactive|x3nom0rph has 60 seconds left.\n|\n|t:|1776455473\n|teamsize|p1|4\n|teamsize|p2|4\n|start\n|switch|p1a: Abomasnow|Abomasnow, L50, F, shiny|100/100\n|switch|p1b: Salazzle|Salazzle, L50, F, shiny|100/100\n|switch|p2a: Golurk|Golurk, L50|100/100\n|switch|p2b: Farigiraf|Farigiraf, L50, F|100/100\n|-weather|Snowscape|[from] ability: Snow Warning|[of] p1a: Abomasnow\n|turn|1\n|\n|t:|1776455488\n|detailschange|p2a: Golurk|Golurk-Mega, L50\n|-mega|p2a: Golurk|Golurk|Golurkite\n|move|p1b: Salazzle|Toxic|p2a: Golurk\n|-status|p2a: Golurk|tox\n|move|p1a: Abomasnow|Aurora Veil|p1a: Abomasnow\n|-sidestart|p1: x3nom0rph|move: Aurora Veil\n|move|p2a: Golurk|Headlong Rush|p1b: Salazzle\n|-supereffective|p1b: Salazzle|2\n|-damage|p1b: Salazzle|0 fnt\n|-unboost|p2a: Golurk|def|1\n|-unboost|p2a: Golurk|spd|1\n|faint|p1b: Salazzle\n|move|p2b: Farigiraf|Trick Room|p2b: Farigiraf\n|-fieldstart|move: Trick Room|[of] p2b: Farigiraf\n|\n|-weather|Snowscape|[upkeep]\n|-damage|p2a: Golurk|95/100 tox|[from] psn\n|upkeep\n|\n|t:|1776455501\n|switch|p1b: Chesnaught|Chesnaught, L50, F, shiny|100/100\n|turn|2\n|\n|t:|1776455517\n|switch|p2a: Torkoal|Torkoal, L50, M|100/100\n|-weather|SunnyDay|[from] ability: Drought|[of] p2a: Torkoal\n|detailschange|p1b: Chesnaught|Chesnaught-Mega, L50, F, shiny\n|-mega|p1b: Chesnaught|Chesnaught|Chesnaughtite\n|move|p1b: Chesnaught|Bulk Up|p1b: Chesnaught\n|-boost|p1b: Chesnaught|atk|1\n|-boost|p1b: Chesnaught|def|1\n|move|p2b: Farigiraf|Psychic|p1b: Chesnaught\n|-supereffective|p1b: Chesnaught|1\n|-damage|p1b: Chesnaught|50/100\n|move|p1a: Abomasnow|Blizzard|p2b: Farigiraf|[spread] p2b\n|-miss|p1a: Abomasnow|p2a: Torkoal\n|-damage|p2b: Farigiraf|74/100\n|\n|-weather|SunnyDay|[upkeep]\n|upkeep\n|turn|3\n|inactive|x3nom0rph has 30 seconds left.\n|\n|t:|1776455545\n|move|p2b: Farigiraf|Helping Hand|p2a: Torkoal\n|-singleturn|p2a: Torkoal|Helping Hand|[of] p2b: Farigiraf\n|move|p2a: Torkoal|Eruption|p1a: Abomasnow|[spread] p1a,p1b\n|-supereffective|p1a: Abomasnow|2\n|-supereffective|p1b: Chesnaught|1\n|-damage|p1a: Abomasnow|0 fnt\n|-damage|p1b: Chesnaught|0 fnt\n|faint|p1a: Abomasnow\n|faint|p1b: Chesnaught\n|\n|-weather|SunnyDay|[upkeep]\n|upkeep\n|\n|t:|1776455551\n|switch|p1a: Alakazam|Alakazam, L50, M|100/100\n|turn|4\n|\n|t:|1776455560\n|move|p2b: Farigiraf|Helping Hand|p2a: Torkoal\n|-singleturn|p2a: Torkoal|Helping Hand|[of] p2b: Farigiraf\n|move|p2a: Torkoal|Eruption|p1a: Alakazam\n|-enditem|p1a: Alakazam|Focus Sash\n|-damage|p1a: Alakazam|1/100\n|move|p1a: Alakazam|Psychic|p2a: Torkoal\n|-damage|p2a: Torkoal|46/100\n|-unboost|p2a: Torkoal|spd|1\n|\n|-weather|SunnyDay|[upkeep]\n|upkeep\n|turn|5\n|\n|t:|1776455571\n|move|p2a: Torkoal|Weather Ball|p1a: Alakazam\n|-damage|p1a: Alakazam|0 fnt\n|faint|p1a: Alakazam\n|\n|win|morpzitous\n|raw|x3nom0rph's rating: 1000 &rarr; <strong>1000</strong><br />(+0 for losing)\n|raw|morpzitous's rating: 1031 &rarr; <strong>1063</strong><br />(+32 for winning)\n|l|\u2606x3nom0rph\n|player|p1|\n",
  "uploadtime": 1776455581,
  "views": 35,
  "formatid": "gen9championsvgc2026regma",
  "rating": 1000,
  "private": 0,
  "password": null
}