{
  "id": "gen9championsvgc2026regma-2589381568",
  "format": "[Gen 9 Champions] VGC 2026 Reg M-A",
  "players": [
    "ScribbleScribble",
    "SDLT 2KRL SWM"
  ],
  "log": "|j|\u2606ScribbleScribble\n|j|\u2606SDLT 2KRL SWM\n|t:|1776718463\n|gametype|doubles\n|player|p1|ScribbleScribble|mina-lgpe|1576\n|player|p2|SDLT 2KRL SWM|ryuki|1687\n|gen|9\n|tier|[Gen 9 Champions] VGC 2026 Reg M-A\n|rated|\n|rule|Species Clause: Limit one of each Pok\u00e9mon\n|rule|Item Clause: Limit 1 of each item\n|clearpoke\n|poke|p1|Meganium, L50, F|\n|poke|p1|Sneasler, L50, F|\n|poke|p1|Aerodactyl, L50, F|\n|poke|p1|Kingambit, L50, M|\n|poke|p1|Basculegion, L50, M|\n|poke|p1|Farigiraf, L50, M|\n|poke|p2|Talonflame, L50, F|\n|poke|p2|Floette-Eternal, L50, F|\n|poke|p2|Basculegion, L50, M|\n|poke|p2|Garchomp, L50, M|\n|poke|p2|Kingambit, L50, F|\n|poke|p2|Maushold-Four, L50|\n|teampreview|4\n|inactive|Battle timer is ON: inactive players will automatically lose when time's up. (requested by ScribbleScribble)\n|\n|t:|1776718483\n|teamsize|p1|4\n|teamsize|p2|4\n|start\n|switch|p1a: Aerodactyl|Aerodactyl, L50, F|100/100\n|switch|p1b: Basculegion|Basculegion, L50, M|100/100\n|switch|p2a: Floette|Floette-Eternal, L50, F|100/100\n|switch|p2b: Basculegion|Basculegion, L50, M|100/100\n|-ability|p1a: Aerodactyl|Unnerve\n|turn|1\n|\n|t:|1776718489\n|detailschange|p2a: Floette|Floette-Mega, L50, F\n|-mega|p2a: Floette|Floette|Floettite\n|-ability|p2a: Floette|Fairy Aura\n|move|p1b: Basculegion|Wave Crash|p2a: Floette\n|-damage|p2a: Floette|19/100\n|-damage|p1b: Basculegion|77/100|[from] Recoil\n|move|p2b: Basculegion|Flip Turn|p1a: Aerodactyl\n|-supereffective|p1a: Aerodactyl|1\n|-enditem|p1a: Aerodactyl|Focus Sash\n|-damage|p1a: Aerodactyl|1/100\n|\n|t:|1776718495\n|switch|p2b: Maushold|Maushold-Four, L50|100/100|[from] Flip Turn\n|move|p1a: Aerodactyl|Tailwind|p1a: Aerodactyl\n|-sidestart|p1: ScribbleScribble|move: Tailwind\n|move|p2a: Floette|Dazzling Gleam|p1a: Aerodactyl|[spread] p1a,p1b\n|-damage|p1a: Aerodactyl|0 fnt\n|-damage|p1b: Basculegion|20/100\n|faint|p1a: Aerodactyl\n|\n|upkeep\n|\n|t:|1776718499\n|switch|p1a: Meganium|Meganium, L50, F|100/100\n|turn|2\n|\n|t:|1776718515\n|detailschange|p1a: Meganium|Meganium-Mega, L50, F\n|-mega|p1a: Meganium|Meganium|Meganiumite\n|move|p2b: Maushold|Protect|p2b: Maushold\n|-singleturn|p2b: Maushold|Protect\n|move|p2a: Floette|Protect|p2a: Floette\n|-singleturn|p2a: Floette|Protect\n|move|p1b: Basculegion|Wave Crash|p2b: Maushold\n|-activate|p2b: Maushold|move: Protect\n|move|p1a: Meganium|Dazzling Gleam|p2a: Floette|[spread] \n|-activate|p2a: Floette|move: Protect\n|-activate|p2b: Maushold|move: Protect\n|\n|upkeep\n|turn|3\n|\n|t:|1776718521\n|switch|p2b: Basculegion|Basculegion, L50, M|100/100\n|switch|p2a: Talonflame|Talonflame, L50, F|100/100\n|move|p1b: Basculegion|Wave Crash|p2b: Basculegion\n|-resisted|p2b: Basculegion|1\n|-damage|p2b: Basculegion|51/100\n|-damage|p1b: Basculegion|4/100|[from] Recoil\n|move|p1a: Meganium|Dazzling Gleam|p2a: Talonflame|[spread] p2a,p2b\n|-resisted|p2a: Talonflame|1\n|-damage|p2a: Talonflame|78/100\n|-damage|p2b: Basculegion|7/100\n|\n|upkeep\n|turn|4\n|j|+skymin<3\n|\n|t:|1776718536\n|move|p2b: Basculegion|Aqua Jet|p1b: Basculegion\n|-resisted|p1b: Basculegion|1\n|-damage|p1b: Basculegion|0 fnt\n|faint|p1b: Basculegion\n|move|p1a: Meganium|Dazzling Gleam|p2b: Basculegion|[spread] p2a,p2b\n|-resisted|p2a: Talonflame|1\n|-damage|p2a: Talonflame|52/100\n|-damage|p2b: Basculegion|0 fnt\n|faint|p2b: Basculegion\n|move|p2a: Talonflame|Will-O-Wisp|p1a: Meganium\n|-status|p1a: Meganium|brn\n|\n|-damage|p1a: Meganium|94/100 brn|[from] brn\n|-sideend|p1: ScribbleScribble|move: Tailwind\n|upkeep\n|\n|t:|1776718542\n|switch|p1b: Sneasler|Sneasler, L50, F|100/100\n|switch|p2b: Floette|Floette-Mega, L50, F|19/100\n|-ability|p2b: Floette|Fairy Aura\n|turn|5\n|c|+skymin<3|is SDLT for reg m-a?\n|\n|t:|1776718558\n|move|p2a: Talonflame|Protect|p2a: Talonflame\n|-singleturn|p2a: Talonflame|Protect\n|move|p2b: Floette|Protect|p2b: Floette\n|-singleturn|p2b: Floette|Protect\n|move|p1b: Sneasler|Fake Out|p2a: Talonflame\n|-activate|p2a: Talonflame|move: Protect\n|move|p1a: Meganium|Weather Ball|p2a: Talonflame\n|-activate|p2a: Talonflame|move: Protect\n|\n|-damage|p1a: Meganium|88/100 brn|[from] brn\n|upkeep\n|turn|6\n|c|+skymin<3|i thought it was DOU\n|c|\u2606SDLT 2KRL SWM|it is for m-a\n|inactive|SDLT 2KRL SWM has 30 seconds left.\n|c|+skymin<3|ill have to find the sign up ig\n|\n|t:|1776718587\n|switch|p2b: Maushold|Maushold-Four, L50|100/100\n|move|p2a: Talonflame|Overheat|p1a: Meganium\n|-supereffective|p1a: Meganium|1\n|-damage|p1a: Meganium|26/100 brn\n|-unboost|p2a: Talonflame|spa|2\n|move|p1b: Sneasler|Dire Claw|p2a: Talonflame\n|-damage|p2a: Talonflame|5/100\n|move|p1a: Meganium|Dazzling Gleam|p2a: Talonflame|[spread] p2a,p2b\n|-resisted|p2a: Talonflame|1\n|-damage|p2a: Talonflame|0 fnt\n|-damage|p2b: Maushold|61/100\n|faint|p2a: Talonflame\n|\n|-damage|p1a: Meganium|20/100 brn|[from] brn\n|upkeep\n|\n|t:|1776718592\n|switch|p2a: Floette|Floette-Mega, L50, F|19/100\n|-ability|p2a: Floette|Fairy Aura\n|turn|7\n|\n|t:|1776718599\n|move|p2b: Maushold|Follow Me|p2b: Maushold\n|-singleturn|p2b: Maushold|move: Follow Me\n|move|p1b: Sneasler|Close Combat|p2b: Maushold\n|-supereffective|p2b: Maushold|1\n|-enditem|p2b: Maushold|Chople Berry|[eat]\n|-enditem|p2b: Maushold|Chople Berry|[weaken]\n|-damage|p2b: Maushold|0 fnt\n|-unboost|p1b: Sneasler|def|1\n|-unboost|p1b: Sneasler|spd|1\n|faint|p2b: Maushold\n|-enditem|p1b: Sneasler|White Herb\n|-clearnegativeboost|p1b: Sneasler|[silent]\n|move|p2a: Floette|Dazzling Gleam|p1b: Sneasler|[spread] p1a,p1b\n|-damage|p1a: Meganium|0 fnt\n|-damage|p1b: Sneasler|39/100\n|faint|p1a: Meganium\n|\n|upkeep\n|turn|8\n|j| H4irashi\n|\n|t:|1776718606\n|move|p1b: Sneasler|Dire Claw|p2a: Floette\n|-supereffective|p2a: Floette|1\n|-damage|p2a: Floette|0 fnt\n|faint|p2a: Floette\n|\n|win|ScribbleScribble\n|raw|ScribbleScribble's rating: 1576 &rarr; <strong>1602</strong><br />(+26 for winning)\n|raw|SDLT 2KRL SWM's rating: 1687 &rarr; <strong>1661</strong><br />(-26 for losing)\n|l|\u2606SDLT 2KRL SWM\n|player|p2|\n|l|\u2606ScribbleScribble\n|player|p1|\n",
  "uploadtime": 1776718630,
  "views": 13,
  "formatid": "gen9championsvgc2026regma",
  "rating": 1602,
  "private": 0,
  "password": null
}