{
  "id": "gen9championsvgc2026regma-2581578772",
  "format": "[Gen 9 Champions] VGC 2026 Reg M-A",
  "players": [
    "turt1eee",
    "soulo333"
  ],
  "log": "|j|\u2606turt1eee\n|j|\u2606soulo333\n|t:|1776012458\n|gametype|doubles\n|player|p1|turt1eee|crasherwake|1309\n|player|p2|soulo333|2|1283\n|gen|9\n|tier|[Gen 9 Champions] VGC 2026 Reg M-A\n|rated|\n|rule|Species Clause: Limit one of each Pok\u00e9mon\n|rule|Item Clause: Limit 1 of each item\n|clearpoke\n|poke|p1|Camerupt, L50, M|\n|poke|p1|Oranguru, L50, F|\n|poke|p1|Sneasler, L50, M|\n|poke|p1|Basculegion, L50, M|\n|poke|p1|Crabominable, L50, F|\n|poke|p1|Ampharos, L50, F|\n|poke|p2|Charizard, L50, M|\n|poke|p2|Rotom-Wash, L50|\n|poke|p2|Sneasler, L50, F|\n|poke|p2|Garchomp, L50, M|\n|poke|p2|Sinistcha, L50|\n|poke|p2|Kingambit, L50, M|\n|teampreview|4\n|inactive|Battle timer is ON: inactive players will automatically lose when time's up. (requested by turt1eee)\n|\n|t:|1776012480\n|teamsize|p1|4\n|teamsize|p2|4\n|start\n|switch|p1a: Sneasler|Sneasler, L50, M|100/100\n|switch|p1b: Oranguru|Oranguru, L50, F|100/100\n|switch|p2a: Kingambit|Kingambit, L50, M|100/100\n|switch|p2b: Rotom|Rotom-Wash, L50|100/100\n|turn|1\n|\n|t:|1776012502\n|switch|p1a: Camerupt|Camerupt, L50, M|100/100\n|move|p2b: Rotom|Volt Switch|p1b: Oranguru\n|-damage|p1b: Oranguru|83/100\n|\n|t:|1776012508\n|switch|p2b: Charizard|Charizard, L50, M|100/100|[from] Volt Switch\n|move|p2a: Kingambit|Kowtow Cleave|p1b: Oranguru\n|-supereffective|p1b: Oranguru|1\n|-damage|p1b: Oranguru|0 fnt\n|faint|p1b: Oranguru\n|\n|upkeep\n|\n|t:|1776012516\n|switch|p1b: Sneasler|Sneasler, L50, M|100/100\n|turn|2\n|\n|t:|1776012527\n|switch|p2a: Rotom|Rotom-Wash, L50|100/100\n|move|p1b: Sneasler|Fake Out|p2b: Charizard\n|-damage|p2b: Charizard|83/100\n|cant|p2b: Charizard|flinch\n|move|p1a: Camerupt|Heat Wave|p2a: Rotom|[spread] p2a,p2b\n|-resisted|p2a: Rotom|1\n|-resisted|p2b: Charizard|1\n|-damage|p2a: Rotom|85/100\n|-damage|p2b: Charizard|64/100\n|\n|upkeep\n|turn|3\n|inactive|turt1eee has 30 seconds left.\n|\n|t:|1776012558\n|detailschange|p1a: Camerupt|Camerupt-Mega, L50, M\n|-mega|p1a: Camerupt|Camerupt|Cameruptite\n|move|p2b: Charizard|Protect|p2b: Charizard\n|-singleturn|p2b: Charizard|Protect\n|move|p1a: Camerupt|Protect|p1a: Camerupt\n|-singleturn|p1a: Camerupt|Protect\n|move|p1b: Sneasler|Close Combat|p2a: Rotom\n|-damage|p2a: Rotom|8/100\n|-unboost|p1b: Sneasler|def|1\n|-unboost|p1b: Sneasler|spd|1\n|-enditem|p2a: Rotom|Sitrus Berry|[eat]\n|-heal|p2a: Rotom|33/100|[from] item: Sitrus Berry\n|move|p2a: Rotom|Will-O-Wisp|p1b: Sneasler\n|-status|p1b: Sneasler|brn\n|\n|-damage|p1b: Sneasler|95/100 brn|[from] brn\n|upkeep\n|turn|4\n|\n|t:|1776012576\n|switch|p2a: Sinistcha|Sinistcha, L50|100/100\n|-heal|p2b: Charizard|89/100|[from] ability: Hospitality|[of] p2a: Sinistcha\n|detailschange|p2b: Charizard|Charizard-Mega-X, L50, M\n|-mega|p2b: Charizard|Charizard|Charizardite X\n|move|p1b: Sneasler|Dire Claw|p2b: Charizard\n|-damage|p2b: Charizard|71/100\n|-status|p2b: Charizard|slp\n|cant|p2b: Charizard|slp\n|move|p1a: Camerupt|Eruption|p2b: Charizard|[spread] p2a,p2b\n|-supereffective|p2a: Sinistcha|1\n|-resisted|p2b: Charizard|2\n|-crit|p2b: Charizard\n|-damage|p2a: Sinistcha|0 fnt\n|-damage|p2b: Charizard|42/100 slp\n|faint|p2a: Sinistcha\n|\n|-damage|p1b: Sneasler|89/100 brn|[from] brn\n|upkeep\n|\n|t:|1776012590\n|switch|p2a: Kingambit|Kingambit, L50, M|100/100\n|turn|5\n|\n|t:|1776012599\n|move|p2a: Kingambit|Sucker Punch|p1a: Camerupt\n|-damage|p1a: Camerupt|60/100\n|move|p1b: Sneasler|Close Combat|p2a: Kingambit\n|-supereffective|p2a: Kingambit|2\n|-enditem|p2a: Kingambit|Chople Berry|[eat]\n|-enditem|p2a: Kingambit|Chople Berry|[weaken]\n|-damage|p2a: Kingambit|54/100\n|-unboost|p1b: Sneasler|def|1\n|-unboost|p1b: Sneasler|spd|1\n|cant|p2b: Charizard|slp\n|move|p1a: Camerupt|Heat Wave|p2a: Kingambit|[spread] p2a,p2b\n|-supereffective|p2a: Kingambit|1\n|-resisted|p2b: Charizard|2\n|-damage|p2a: Kingambit|0 fnt\n|-damage|p2b: Charizard|25/100 slp\n|faint|p2a: Kingambit\n|\n|-damage|p1b: Sneasler|83/100 brn|[from] brn\n|upkeep\n|\n|t:|1776012601\n|switch|p2a: Rotom|Rotom-Wash, L50|33/100\n|turn|6\n|\n|t:|1776012615\n|move|p1b: Sneasler|Close Combat|p2b: Charizard\n|-damage|p2b: Charizard|0 fnt\n|-unboost|p1b: Sneasler|def|1\n|-unboost|p1b: Sneasler|spd|1\n|faint|p2b: Charizard\n|move|p2a: Rotom|Hydro Pump|p1a: Camerupt\n|-supereffective|p1a: Camerupt|2\n|-damage|p1a: Camerupt|0 fnt\n|faint|p1a: Camerupt\n|\n|-damage|p1b: Sneasler|78/100 brn|[from] brn\n|upkeep\n|-message|soulo333 forfeited.\n|\n|win|turt1eee\n|raw|turt1eee's rating: 1309 &rarr; <strong>1328</strong><br />(+19 for winning)\n|raw|soulo333's rating: 1283 &rarr; <strong>1260</strong><br />(-23 for losing)\n",
  "uploadtime": 1776012622,
  "views": 21,
  "formatid": "gen9championsvgc2026regma",
  "rating": 1260,
  "private": 0,
  "password": null
}