{
  "id": "gen9championsvgc2026regma-2583797284",
  "format": "[Gen 9 Champions] VGC 2026 Reg M-A",
  "players": [
    "Nuzzlear",
    "skarmoryplays"
  ],
  "log": "|j|\u2606Nuzzlear\n|j|\u2606skarmoryplays\n|t:|1776198399\n|gametype|doubles\n|player|p1|Nuzzlear|blue-masters|1073\n|player|p2|skarmoryplays|101|1000\n|gen|9\n|tier|[Gen 9 Champions] VGC 2026 Reg M-A\n|rated|\n|rule|Species Clause: Limit one of each Pok\u00e9mon\n|rule|Item Clause: Limit 1 of each item\n|clearpoke\n|poke|p1|Charizard, L50, M|\n|poke|p1|Whimsicott, L50, F|\n|poke|p1|Venusaur, L50, M|\n|poke|p1|Incineroar, L50, M|\n|poke|p1|Sneasler, L50, M|\n|poke|p1|Garchomp, L50, M|\n|poke|p2|Altaria, L50, F|\n|poke|p2|Kommo-o, L50, F|\n|poke|p2|Gengar, L50, M|\n|poke|p2|Morpeko, L50, F|\n|poke|p2|Blastoise, L50, F|\n|poke|p2|Incineroar, L50, M|\n|teampreview|4\n|inactive|Battle timer is ON: inactive players will automatically lose when time's up. (requested by skarmoryplays)\n|inactive|Nuzzlear has 60 seconds left.\n|inactive|skarmoryplays has 60 seconds left.\nNuzzlear has agreed to open team sheets.\n|\n|t:|1776198444\n|teamsize|p1|4\n|teamsize|p2|4\n|start\n|switch|p1a: Charizard|Charizard, L50, M, shiny|100/100\n|switch|p1b: Whimsicott|Whimsicott, L50, F, shiny|100/100\n|switch|p2a: Gengar Dev|Gengar, L50, M, shiny|100/100\n|switch|p2b: rabies|Morpeko, L50, F, shiny|100/100\n|turn|1\n|\n|t:|1776198468\n|detailschange|p2a: Gengar Dev|Gengar-Mega, L50, M, shiny\n|-mega|p2a: Gengar Dev|Gengar|Gengarite\n|move|p1a: Charizard|Protect|p1a: Charizard\n|-singleturn|p1a: Charizard|Protect\n|move|p2b: rabies|Fake Out|p1b: Whimsicott\n|-damage|p1b: Whimsicott|83/100\n|cant|p1b: Whimsicott|flinch\n|move|p2a: Gengar Dev|Perish Song|p2a: Gengar Dev\n|-start|p1a: Charizard|perish3|[silent]\n|-start|p1b: Whimsicott|perish3|[silent]\n|-start|p2a: Gengar Dev|perish3|[silent]\n|-start|p2b: rabies|perish3|[silent]\n|-fieldactivate|move: Perish Song\n|\n|-start|p2a: Gengar Dev|perish3\n|-start|p1b: Whimsicott|perish3\n|-start|p2b: rabies|perish3\n|-start|p1a: Charizard|perish3\n|-formechange|p2b: rabies|Morpeko-Hangry|\n|upkeep\n|turn|2\n|\n|t:|1776198490\n|switch|p2b: fwuffy burdie|Altaria, L50, F|100/100\n|-ability|p2b: fwuffy burdie|Cloud Nine\n|detailschange|p1a: Charizard|Charizard-Mega-Y, L50, M, shiny\n|-mega|p1a: Charizard|Charizard|Charizardite Y\n|-weather|SunnyDay|[from] ability: Drought|[of] p1a: Charizard\n|move|p2a: Gengar Dev|Protect|p2a: Gengar Dev\n|-singleturn|p2a: Gengar Dev|Protect\n|move|p1b: Whimsicott|Fake Tears|p2a: Gengar Dev\n|-activate|p2a: Gengar Dev|move: Protect\n|move|p1a: Charizard|Heat Wave|p2a: Gengar Dev|[spread] p2b\n|-activate|p2a: Gengar Dev|move: Protect\n|-resisted|p2b: fwuffy burdie|1\n|-damage|p2b: fwuffy burdie|84/100\n|-status|p2b: fwuffy burdie|brn\n|-enditem|p2b: fwuffy burdie|Lum Berry|[eat]\n|-curestatus|p2b: fwuffy burdie|brn|[msg]\n|\n|-weather|SunnyDay|[upkeep]\n|-start|p2a: Gengar Dev|perish2\n|-start|p1b: Whimsicott|perish2\n|-start|p1a: Charizard|perish2\n|upkeep\n|turn|3\n|inactive|skarmoryplays has 30 seconds left.\n|\n|t:|1776198522\n|move|p2a: Gengar Dev|Substitute|p2a: Gengar Dev\n|-start|p2a: Gengar Dev|Substitute\n|-damage|p2a: Gengar Dev|75/100\n|move|p1b: Whimsicott|Moonblast|p2b: fwuffy burdie\n|-supereffective|p2b: fwuffy burdie|1\n|-damage|p2b: fwuffy burdie|31/100\n|move|p1a: Charizard|Heat Wave|p2b: fwuffy burdie|[spread] p2a,p2b\n|-end|p2a: Gengar Dev|Substitute\n|-resisted|p2b: fwuffy burdie|1\n|-crit|p2b: fwuffy burdie\n|-damage|p2b: fwuffy burdie|7/100\n|move|p2b: fwuffy burdie|Roost|p2b: fwuffy burdie\n|-heal|p2b: fwuffy burdie|57/100\n|-singleturn|p2b: fwuffy burdie|move: Roost\n|\n|-weather|SunnyDay|[upkeep]\n|-start|p2a: Gengar Dev|perish1\n|-start|p1b: Whimsicott|perish1\n|-start|p1a: Charizard|perish1\n|upkeep\n|turn|4\n|\n|t:|1776198546\n|switch|p2a: OOH OOH AA A|Kommo-o, L50, F|100/100\n|move|p1b: Whimsicott|Moonblast|p2b: fwuffy burdie\n|-supereffective|p2b: fwuffy burdie|1\n|-damage|p2b: fwuffy burdie|7/100\n|move|p1a: Charizard|Heat Wave|p2b: fwuffy burdie|[spread] p2a,p2b\n|-resisted|p2a: OOH OOH AA A|1\n|-resisted|p2b: fwuffy burdie|1\n|-damage|p2a: OOH OOH AA A|78/100\n|-damage|p2b: fwuffy burdie|0 fnt\n|faint|p2b: fwuffy burdie\n|\n|-weather|SunnyDay|[upkeep]\n|-start|p1b: Whimsicott|perish0\n|-start|p1a: Charizard|perish0\n|upkeep\n|faint|p1b: Whimsicott\n|faint|p1a: Charizard\n|\n|t:|1776198562\n|switch|p1b: Venusaur|Venusaur, L50, M, shiny|100/100\n|switch|p1a: Garchomp|Garchomp, L50, M, shiny|100/100\n|switch|p2b: Gengar Dev|Gengar-Mega, L50, M, shiny|75/100\n|turn|5\n|inactive|skarmoryplays has 30 seconds left.\n|\n|t:|1776198589\n|move|p2b: Gengar Dev|Protect|p2b: Gengar Dev\n|-singleturn|p2b: Gengar Dev|Protect\n|move|p1b: Venusaur|Earth Power|p2b: Gengar Dev\n|-activate|p2b: Gengar Dev|move: Protect\n|move|p1a: Garchomp|Dragon Claw|p2a: OOH OOH AA A\n|-supereffective|p2a: OOH OOH AA A|1\n|-enditem|p2a: OOH OOH AA A|Haban Berry|[eat]\n|-enditem|p2a: OOH OOH AA A|Haban Berry|[weaken]\n|-damage|p2a: OOH OOH AA A|48/100\n|move|p2a: OOH OOH AA A|Draco Meteor|p1a: Garchomp\n|-supereffective|p1a: Garchomp|1\n|-damage|p1a: Garchomp|0 fnt\n|-unboost|p2a: OOH OOH AA A|spa|2\n|faint|p1a: Garchomp\n|\n|-weather|SunnyDay|[upkeep]\n|upkeep\n|turn|6\n|c|\u2606Nuzzlear|Fu\n|-message|Nuzzlear forfeited.\n|\n|win|skarmoryplays\n|raw|Nuzzlear's rating: 1073 &rarr; <strong>1048</strong><br />(-25 for losing)\n|raw|skarmoryplays's rating: 1000 &rarr; <strong>1048</strong><br />(+48 for winning)\n|l|\u2606Nuzzlear\n|player|p1|\n",
  "uploadtime": 1776198606,
  "views": 16,
  "formatid": "gen9championsvgc2026regma",
  "rating": 1048,
  "private": 0,
  "password": null
}