{
  "id": "gen9championsvgc2026regma-2580975944",
  "format": "[Gen 9 Champions] VGC 2026 Reg M-A",
  "players": [
    "Tyjames92",
    "Yoda poppet"
  ],
  "log": "|j|\u2606Tyjames92\n|j|\u2606Yoda poppet\n|t:|1775948262\n|gametype|doubles\n|player|p1|Tyjames92|2|1079\n|player|p2|Yoda poppet|artist-gen9|1156\n|gen|9\n|tier|[Gen 9 Champions] VGC 2026 Reg M-A\n|rated|\n|rule|Species Clause: Limit one of each Pok\u00e9mon\n|rule|Item Clause: Limit 1 of each item\n|clearpoke\n|poke|p1|Froslass, L50, F|\n|poke|p1|Rotom-Frost, L50|\n|poke|p1|Orthworm, L50, F|\n|poke|p1|Garchomp, L50, F|\n|poke|p1|Incineroar, L50, M|\n|poke|p1|Basculegion, L50, M|\n|poke|p2|Crabominable, L50, F|\n|poke|p2|Farigiraf, L50, M|\n|poke|p2|Kingambit, L50, M|\n|poke|p2|Primarina, L50, M|\n|poke|p2|Garchomp, L50, M|\n|poke|p2|Sinistcha, L50|\n|teampreview|4\nYoda poppet has agreed to open team sheets.\n|\n|t:|1775948301\n|teamsize|p1|4\n|teamsize|p2|4\n|start\n|switch|p1a: Worm|Orthworm, L50, F|100/100\n|switch|p1b: Garchomp|Garchomp, L50, F|100/100\n|switch|p2a: Kingambit|Kingambit, L50, M, shiny|100/100\n|switch|p2b: Farigiraf|Farigiraf, L50, M|100/100\n|turn|1\n|\n|t:|1775948328\n|move|p1b: Garchomp|Earthquake|p2b: Farigiraf|[spread] p2a,p2b\n|-immune|p1a: Worm|[from] ability: Earth Eater\n|-supereffective|p2a: Kingambit|1\n|-damage|p2a: Kingambit|47/100\n|-damage|p2b: Farigiraf|71/100\n|move|p1a: Worm|Body Press|p2a: Kingambit\n|-supereffective|p2a: Kingambit|2\n|-damage|p2a: Kingambit|0 fnt\n|faint|p2a: Kingambit\n|move|p2b: Farigiraf|Trick Room|p2b: Farigiraf\n|-fieldstart|move: Trick Room|[of] p2b: Farigiraf\n|\n|upkeep\n|\n|t:|1775948336\n|switch|p2a: Primarina|Primarina, L50, M, shiny|100/100\n|turn|2\n|\n|t:|1775948358\n|move|p2b: Farigiraf|Helping Hand|p2a: Primarina\n|-singleturn|p2a: Primarina|Helping Hand|[of] p2b: Farigiraf\n|move|p1b: Garchomp|Protect|p1b: Garchomp\n|-singleturn|p1b: Garchomp|Protect\n|move|p2a: Primarina|Moonblast|p1b: Garchomp\n|-activate|p1b: Garchomp|move: Protect\n|move|p1a: Worm|Heavy Slam|p2a: Primarina\n|-damage|p2a: Primarina|52/100\n|\n|upkeep\n|turn|3\n|\n|t:|1775948378\n|move|p2b: Farigiraf|Helping Hand|p2a: Primarina\n|-singleturn|p2a: Primarina|Helping Hand|[of] p2b: Farigiraf\n|move|p2a: Primarina|Hyper Voice|p1a: Worm|[spread] p1a,p1b\n|-damage|p1a: Worm|12/100\n|-damage|p1b: Garchomp|36/100\n|-enditem|p1a: Worm|Sitrus Berry|[eat]\n|-heal|p1a: Worm|37/100|[from] item: Sitrus Berry\n|move|p1a: Worm|Heavy Slam|p2a: Primarina\n|-damage|p2a: Primarina|7/100\n|-enditem|p2a: Primarina|Sitrus Berry|[eat]\n|-heal|p2a: Primarina|32/100|[from] item: Sitrus Berry\n|move|p1b: Garchomp|Earthquake|p2a: Primarina|[spread] p2a,p2b\n|-heal|p1a: Worm|62/100|[from] ability: Earth Eater|[of] p1b: Garchomp\n|-damage|p2a: Primarina|0 fnt\n|-damage|p2b: Farigiraf|45/100\n|faint|p2a: Primarina\n|\n|upkeep\n|\n|t:|1775948384\n|switch|p2a: Crabominable|Crabominable, L50, F, shiny|100/100\n|turn|4\n|\n|t:|1775948412\n|detailschange|p2a: Crabominable|Crabominable-Mega, L50, F, shiny\n|-mega|p2a: Crabominable|Crabominable|Crabominite\n|move|p1b: Garchomp|Protect|p1b: Garchomp\n|-singleturn|p1b: Garchomp|Protect\n|move|p2a: Crabominable|Bulk Up|p2a: Crabominable\n|-boost|p2a: Crabominable|atk|1\n|-boost|p2a: Crabominable|def|1\n|move|p2b: Farigiraf|Hyper Voice|p1a: Worm|[spread] p1a\n|-activate|p1b: Garchomp|move: Protect\n|-resisted|p1a: Worm|1\n|-damage|p1a: Worm|43/100\n|move|p1a: Worm|Shed Tail|p1a: Worm\n|-fail|p1a: Worm|move: Shed Tail|[weak]\n|\n|upkeep\n|turn|5\n|\n|t:|1775948449\n|move|p2a: Crabominable|Ice Hammer|p1b: Garchomp\n|-supereffective|p1b: Garchomp|2\n|-damage|p1b: Garchomp|0 fnt\n|-unboost|p2a: Crabominable|spe|1\n|-damage|p2a: Crabominable|88/100|[from] ability: Rough Skin|[of] p1b: Garchomp\n|faint|p1b: Garchomp\n|move|p2b: Farigiraf|Hyper Voice|p1a: Worm\n|-resisted|p1a: Worm|1\n|-damage|p1a: Worm|19/100\n|move|p1a: Worm|Heavy Slam|p2b: Farigiraf\n|-damage|p2b: Farigiraf|36/100\n|\n|-fieldend|move: Trick Room\n|upkeep\n|\n|t:|1775948471\n|switch|p1b: Incineroar|Incineroar, L50, M, shiny|100/100\n|-ability|p1b: Incineroar|Intimidate|boost\n|-unboost|p2a: Crabominable|atk|1\n|-unboost|p2b: Farigiraf|atk|1\n|turn|6\n|\n|t:|1775948482\n|move|p1b: Incineroar|Fake Out||[still]\n|cant|p2b: Farigiraf|ability: Armor Tail|Fake Out|[of] p1b: Incineroar\n|move|p1a: Worm|Heavy Slam|p2b: Farigiraf\n|-damage|p2b: Farigiraf|28/100\n|move|p2a: Crabominable|Drain Punch|p1b: Incineroar\n|-supereffective|p1b: Incineroar|1\n|-damage|p1b: Incineroar|0 fnt\n|-heal|p2a: Crabominable|100/100|[from] drain|[of] p1b: Incineroar\n|faint|p1b: Incineroar\n|move|p2b: Farigiraf|Trick Room|p2b: Farigiraf\n|-fieldstart|move: Trick Room|[of] p2b: Farigiraf\n|\n|upkeep\n|\n|t:|1775948497\n|switch|p1b: Queen Mab|Froslass, L50, F|100/100\n|turn|7\n|\n|t:|1775948539\n|detailschange|p1b: Queen Mab|Froslass-Mega, L50, F\n|-mega|p1b: Queen Mab|Froslass|Froslassite\n|-weather|Snowscape|[from] ability: Snow Warning|[of] p1b: Queen Mab\n|move|p2a: Crabominable|Bulk Up|p2a: Crabominable\n|-boost|p2a: Crabominable|atk|1\n|-boost|p2a: Crabominable|def|1\n|move|p2b: Farigiraf|Psychic|p1a: Worm\n|-resisted|p1a: Worm|1\n|-damage|p1a: Worm|0 fnt\n|faint|p1a: Worm\n|move|p1b: Queen Mab|Shadow Ball|p2a: Crabominable\n|-damage|p2a: Crabominable|59/100\n|\n|-weather|Snowscape|[upkeep]\n|upkeep\n|turn|8\n|\n|t:|1775948559\n|move|p2b: Farigiraf|Helping Hand|p2a: Crabominable\n|-singleturn|p2a: Crabominable|Helping Hand|[of] p2b: Farigiraf\n|move|p2a: Crabominable|Ice Hammer|p1b: Queen Mab|[miss]\n|-miss|p2a: Crabominable|p1b: Queen Mab\n|move|p1b: Queen Mab|Nasty Plot|p1b: Queen Mab\n|-boost|p1b: Queen Mab|spa|2\n|\n|-weather|Snowscape|[upkeep]\n|upkeep\n|turn|9\n|\n|t:|1775948574\n|move|p2b: Farigiraf|Helping Hand|p2a: Crabominable\n|-singleturn|p2a: Crabominable|Helping Hand|[of] p2b: Farigiraf\n|move|p2a: Crabominable|Ice Hammer|p1b: Queen Mab\n|-resisted|p1b: Queen Mab|1\n|-damage|p1b: Queen Mab|13/100\n|-unboost|p2a: Crabominable|spe|1\n|move|p1b: Queen Mab|Blizzard|p2a: Crabominable|[spread] p2a,p2b\n|-resisted|p2a: Crabominable|1\n|-damage|p2a: Crabominable|15/100\n|-damage|p2b: Farigiraf|0 fnt\n|faint|p2b: Farigiraf\n|\n|-weather|Snowscape|[upkeep]\n|upkeep\n|turn|10\n|\n|t:|1775948589\n|move|p2a: Crabominable|Ice Hammer|p1b: Queen Mab\n|-resisted|p1b: Queen Mab|1\n|-damage|p1b: Queen Mab|0 fnt\n|-unboost|p2a: Crabominable|spe|1\n|faint|p1b: Queen Mab\n|\n|win|Yoda poppet\n|raw|Tyjames92's rating: 1079 &rarr; <strong>1062</strong><br />(-17 for losing)\n|raw|Yoda poppet's rating: 1156 &rarr; <strong>1176</strong><br />(+20 for winning)\n|c|\u2606Yoda poppet|Gg\n|l|\u2606Tyjames92\n|player|p1|\n",
  "uploadtime": 1775948603,
  "views": 18,
  "formatid": "gen9championsvgc2026regma",
  "rating": 1062,
  "private": 0,
  "password": null
}