{
  "id": "gen9championsvgc2026regma-2587831190",
  "format": "[Gen 9 Champions] VGC 2026 Reg M-A",
  "players": [
    "pikafenn",
    "wolffizin"
  ],
  "log": "|j|\u2606pikafenn\n|j|\u2606wolffizin\n|t:|1776568473\n|gametype|doubles\n|player|p1|pikafenn|101|1122\n|player|p2|wolffizin|n|1065\n|gen|9\n|tier|[Gen 9 Champions] VGC 2026 Reg M-A\n|rated|\n|rule|Species Clause: Limit one of each Pok\u00e9mon\n|rule|Item Clause: Limit 1 of each item\n|clearpoke\n|poke|p1|Chesnaught, L50, M|\n|poke|p1|Sinistcha, L50|\n|poke|p1|Garchomp, L50, F|\n|poke|p1|Aerodactyl, L50, F|\n|poke|p1|Empoleon, L50, F|\n|poke|p1|Incineroar, L50, F|\n|poke|p2|Aggron, L50, M|\n|poke|p2|Tyranitar, L50, F|\n|poke|p2|Garchomp, L50, F|\n|poke|p2|Oranguru, L50, M|\n|poke|p2|Milotic, L50, M|\n|poke|p2|Typhlosion-Hisui, L50, M|\n|teampreview|4\n|inactive|Battle timer is ON: inactive players will automatically lose when time's up. (requested by pikafenn)\npikafenn rejected open team sheets.\n|inactive|pikafenn has 60 seconds left.\n|inactive|pikafenn has 30 seconds left.\n|\n|t:|1776568537\n|teamsize|p1|4\n|teamsize|p2|4\n|start\n|switch|p1a: Chesnaught|Chesnaught, L50, M|100/100\n|switch|p1b: Sinistcha|Sinistcha, L50|100/100\n|switch|p2a: Typhlosion|Typhlosion-Hisui, L50, M|100/100\n|switch|p2b: Tyranitar|Tyranitar, L50, F|100/100\n|-weather|Sandstorm|[from] ability: Sand Stream|[of] p2b: Tyranitar\n|turn|1\n|inactive|pikafenn has 30 seconds left.\n|inactive|wolffizin has 30 seconds left.\n|\n|t:|1776568568\n|switch|p1b: Garchomp|Garchomp, L50, F|100/100\n|detailschange|p1a: Chesnaught|Chesnaught-Mega, L50, M\n|-mega|p1a: Chesnaught|Chesnaught|Chesnaughtite\n|detailschange|p2b: Tyranitar|Tyranitar-Mega, L50, F\n|-mega|p2b: Tyranitar|Tyranitar|Tyranitarite\n|move|p1a: Chesnaught|Spiky Shield|p1a: Chesnaught\n|-singleturn|p1a: Chesnaught|move: Protect\n|move|p2a: Typhlosion|Eruption|p1b: Garchomp|[spread] p1b\n|-activate|p1a: Chesnaught|move: Protect\n|-resisted|p1b: Garchomp|1\n|-damage|p1b: Garchomp|66/100\n|move|p2b: Tyranitar|Dragon Dance|p2b: Tyranitar\n|-boost|p2b: Tyranitar|atk|1\n|-boost|p2b: Tyranitar|spe|1\n|\n|-weather|Sandstorm|[upkeep]\n|-damage|p2a: Typhlosion|94/100|[from] Sandstorm\n|-damage|p1a: Chesnaught|94/100|[from] Sandstorm\n|upkeep\n|turn|2\n|inactive|wolffizin has 30 seconds left.\n|inactive|wolffizin has 20 seconds left.\n|\n|t:|1776568604\n|switch|p1a: Aerodactyl|Aerodactyl, L50, F|100/100\n|move|p1b: Garchomp|Earthquake|p2b: Tyranitar|[spread] p2a,p2b\n|-immune|p1a: Aerodactyl\n|-supereffective|p2a: Typhlosion|1\n|-supereffective|p2b: Tyranitar|1\n|-damage|p2a: Typhlosion|0 fnt\n|-damage|p2b: Tyranitar|46/100\n|faint|p2a: Typhlosion\n|move|p2b: Tyranitar|Knock Off|p1b: Garchomp\n|-damage|p1b: Garchomp|0 fnt\n|-damage|p2b: Tyranitar|34/100|[from] ability: Rough Skin|[of] p1b: Garchomp\n|-enditem|p1b: Garchomp|Choice Scarf|[from] move: Knock Off|[of] p2b: Tyranitar\n|faint|p1b: Garchomp\n|\n|-weather|Sandstorm|[upkeep]\n|upkeep\n|\n|t:|1776568621\n|switch|p1b: Chesnaught|Chesnaught-Mega, L50, M|94/100\n|switch|p2a: Milotic|Milotic, L50, M|100/100\n|turn|3\n|inactive|pikafenn has 30 seconds left.\n|\n|t:|1776568655\n|move|p1a: Aerodactyl|Protect|p1a: Aerodactyl\n|-singleturn|p1a: Aerodactyl|Protect\n|move|p2b: Tyranitar|Rock Slide|p1a: Aerodactyl|[spread] p1b\n|-activate|p1a: Aerodactyl|move: Protect\n|-resisted|p1b: Chesnaught|1\n|-damage|p1b: Chesnaught|79/100\n|move|p2a: Milotic|Life Dew||[still]|[spread] p2a,p2b\n|-fail|p2a: Milotic|heal\n|-heal|p2b: Tyranitar|59/100\n|move|p1b: Chesnaught|Iron Defense|p1b: Chesnaught\n|-boost|p1b: Chesnaught|def|2\n|\n|-weather|Sandstorm|[upkeep]\n|-damage|p2a: Milotic|95/100|[from] Sandstorm\n|-damage|p1b: Chesnaught|73/100|[from] Sandstorm\n|-heal|p2a: Milotic|100/100|[from] item: Leftovers\n|upkeep\n|turn|4\n|\n|t:|1776568680\n|switch|p1a: Sinistcha|Sinistcha, L50|100/100\n|-heal|p1b: Chesnaught|97/100|[from] ability: Hospitality|[of] p1a: Sinistcha\n|move|p2b: Tyranitar|Low Kick|p1b: Chesnaught\n|-damage|p1b: Chesnaught|82/100\n|move|p2a: Milotic|Muddy Water|p1b: Chesnaught|[spread] p1a,p1b\n|-resisted|p1a: Sinistcha|1\n|-resisted|p1b: Chesnaught|1\n|-damage|p1a: Sinistcha|88/100\n|-damage|p1b: Chesnaught|75/100\n|move|p1b: Chesnaught|Body Press|p2b: Tyranitar\n|-supereffective|p2b: Tyranitar|2\n|-damage|p2b: Tyranitar|0 fnt\n|faint|p2b: Tyranitar\n|\n|-weather|Sandstorm|[upkeep]\n|-damage|p2a: Milotic|95/100|[from] Sandstorm\n|-damage|p1a: Sinistcha|81/100|[from] Sandstorm\n|-damage|p1b: Chesnaught|69/100|[from] Sandstorm\n|-heal|p2a: Milotic|100/100|[from] item: Leftovers\n|upkeep\n|\n|t:|1776568700\n|switch|p2b: Aggron|Aggron, L50, M|100/100\n|turn|5\n|inactive|pikafenn has 30 seconds left.\n|inactive|pikafenn has 20 seconds left.\n|inactive|pikafenn has 15 seconds left.\n|\n|t:|1776568742\n|move|p2a: Milotic|Life Dew||[still]|[still]|[spread] \n|-fail|p2a: Milotic|heal\n|-fail|p2b: Aggron|heal\n|move|p1b: Chesnaught|Body Press|p2b: Aggron\n|-supereffective|p2b: Aggron|2\n|-damage|p2b: Aggron|0 fnt\n|faint|p2b: Aggron\n|move|p1a: Sinistcha|Trick Room|p1a: Sinistcha\n|-fieldstart|move: Trick Room|[of] p1a: Sinistcha\n|\n|-weather|none\n|upkeep\n|turn|6\n|-message|wolffizin forfeited.\n|\n|win|pikafenn\n|raw|pikafenn's rating: 1122 &rarr; <strong>1143</strong><br />(+21 for winning)\n|raw|wolffizin's rating: 1065 &rarr; <strong>1048</strong><br />(-17 for losing)\n|l|\u2606wolffizin\n|player|p2|\n",
  "uploadtime": 1776568760,
  "views": 11,
  "formatid": "gen9championsvgc2026regma",
  "rating": 1048,
  "private": 0,
  "password": null
}