{
  "id": "gen9championsvgc2026regma-2582237836",
  "format": "[Gen 9 Champions] VGC 2026 Reg M-A",
  "players": [
    "Breezy2",
    "AdriHz8"
  ],
  "log": "|j|\u2606Breezy2\n|j|\u2606AdriHz8\n|t:|1776074778\n|gametype|doubles\n|player|p1|Breezy2|1|1085\n|player|p2|AdriHz8|170|1072\n|gen|9\n|tier|[Gen 9 Champions] VGC 2026 Reg M-A\n|rated|\n|rule|Species Clause: Limit one of each Pok\u00e9mon\n|rule|Item Clause: Limit 1 of each item\n|clearpoke\n|poke|p1|Froslass, L50, F|\n|poke|p1|Orthworm, L50, M|\n|poke|p1|Rotom-Frost, L50|\n|poke|p1|Basculegion, L50, M|\n|poke|p1|Garchomp, L50, F|\n|poke|p1|Incineroar, L50, F|\n|poke|p2|Incineroar, L50, F|\n|poke|p2|Charizard, L50, F|\n|poke|p2|Milotic, L50, M|\n|poke|p2|Sableye, L50, M|\n|poke|p2|Venusaur, L50, M|\n|poke|p2|Garchomp, L50, F|\n|teampreview|4\n|\n|t:|1776074793\n|teamsize|p1|4\n|teamsize|p2|4\n|start\n|switch|p1a: Jeff|Garchomp, L50, F|100/100\n|switch|p1b: Tony The Tiger|Incineroar, L50, F|100/100\n|switch|p2a: Sableye|Sableye, L50, M|100/100\n|switch|p2b: Milotic|Milotic, L50, M|100/100\n|-ability|p1b: Tony The Tiger|Intimidate|boost\n|-unboost|p2a: Sableye|atk|1\n|-unboost|p2b: Milotic|atk|1\n|turn|1\n|\n|t:|1776074814\n|move|p1b: Tony The Tiger|Fake Out|p2b: Milotic\n|-damage|p2b: Milotic|90/100\n|move|p2a: Sableye|Fake Out|p1b: Tony The Tiger\n|-damage|p1b: Tony The Tiger|96/100\n|move|p1a: Jeff|Rock Slide|p2b: Milotic|[spread] p2a,p2b\n|-damage|p2a: Sableye|76/100\n|-damage|p2b: Milotic|70/100\n|cant|p2b: Milotic|flinch\n|\n|upkeep\n|turn|2\n|\n|t:|1776074834\n|move|p2a: Sableye|Gravity|p2a: Sableye\n|-fieldstart|move: Gravity\n|move|p1a: Jeff|Rock Slide|p2a: Sableye|[spread] p2a,p2b\n|-damage|p2a: Sableye|52/100\n|-damage|p2b: Milotic|50/100\n|-enditem|p2b: Milotic|Sitrus Berry|[eat]\n|-heal|p2b: Milotic|75/100|[from] item: Sitrus Berry\n|move|p2b: Milotic|Hypnosis|p1b: Tony The Tiger\n|-status|p1b: Tony The Tiger|slp|[from] move: Hypnosis\n|-enditem|p1b: Tony The Tiger|Lum Berry|[eat]\n|-curestatus|p1b: Tony The Tiger|slp|[msg]\n|move|p1b: Tony The Tiger|Darkest Lariat|p2a: Sableye\n|-damage|p2a: Sableye|9/100\n|\n|upkeep\n|turn|3\n|\n|t:|1776074857\n|switch|p2a: Incineroar|Incineroar, L50, F|100/100\n|-ability|p2a: Incineroar|Intimidate|boost\n|-unboost|p1a: Jeff|atk|1\n|-unboost|p1b: Tony The Tiger|atk|1\n|move|p1a: Jeff|Rock Slide|p2b: Milotic|[spread] p2a,p2b\n|-supereffective|p2a: Incineroar|1\n|-damage|p2a: Incineroar|76/100\n|-damage|p2b: Milotic|63/100\n|move|p2b: Milotic|Ice Beam|p1a: Jeff\n|-supereffective|p1a: Jeff|2\n|-enditem|p1a: Jeff|Focus Sash\n|-damage|p1a: Jeff|1/100\n|move|p1b: Tony The Tiger|Darkest Lariat|p2b: Milotic\n|-damage|p2b: Milotic|42/100\n|\n|upkeep\n|turn|4\n|\n|t:|1776074882\n|move|p1a: Jeff|Protect|p1a: Jeff\n|-singleturn|p1a: Jeff|Protect\n|move|p2b: Milotic|Scald|p1b: Tony The Tiger\n|-supereffective|p1b: Tony The Tiger|1\n|-damage|p1b: Tony The Tiger|43/100\n|move|p2a: Incineroar|Parting Shot|p1b: Tony The Tiger\n|-unboost|p1b: Tony The Tiger|atk|1\n|-unboost|p1b: Tony The Tiger|spa|1\n|\n|t:|1776074892\n|switch|p2a: Sableye|Sableye, L50, M|9/100|[from] Parting Shot\n|move|p1b: Tony The Tiger|Darkest Lariat|p2b: Milotic\n|-damage|p2b: Milotic|26/100\n|\n|upkeep\n|turn|5\n|\n|t:|1776074915\n|switch|p1a: SOPHIE|Froslass, L50, F|100/100\n|move|p2a: Sableye|Fake Out|p1a: SOPHIE\n|-immune|p1a: SOPHIE\n|move|p2b: Milotic|Hypnosis|p1b: Tony The Tiger\n|-status|p1b: Tony The Tiger|slp|[from] move: Hypnosis\n|cant|p1b: Tony The Tiger|slp\n|\n|upkeep\n|turn|6\n|\n|t:|1776074932\n|detailschange|p1a: SOPHIE|Froslass-Mega, L50, F\n|-mega|p1a: SOPHIE|Froslass|Froslassite\n|-weather|Snowscape|[from] ability: Snow Warning|[of] p1a: SOPHIE\n|move|p2b: Milotic|Protect|p2b: Milotic\n|-singleturn|p2b: Milotic|Protect\n|move|p1a: SOPHIE|Blizzard|p2b: Milotic|[spread] p2a\n|-activate|p2b: Milotic|move: Protect\n|-damage|p2a: Sableye|0 fnt\n|faint|p2a: Sableye\n|-curestatus|p1b: Tony The Tiger|slp|[msg]\n|move|p1b: Tony The Tiger|Darkest Lariat|p2b: Milotic\n|-activate|p2b: Milotic|move: Protect\n|\n|-weather|Snowscape|[upkeep]\n|-fieldend|move: Gravity\n|upkeep\n|\n|t:|1776074951\n|switch|p2a: Charizard|Charizard, L50, F, shiny|100/100\n|turn|7\n|\n|t:|1776074971\n|switch|p1a: Swedish Fish|Basculegion, L50, M|100/100\n|switch|p2b: Incineroar|Incineroar, L50, F|76/100\n|-ability|p2b: Incineroar|Intimidate|boost\n|-unboost|p1a: Swedish Fish|atk|1\n|-unboost|p1b: Tony The Tiger|atk|1\n|detailschange|p2a: Charizard|Charizard-Mega-Y, L50, F, shiny\n|-mega|p2a: Charizard|Charizard|Charizardite Y\n|-weather|SunnyDay|[from] ability: Drought|[of] p2a: Charizard\n|move|p2a: Charizard|Heat Wave|p1b: Tony The Tiger|[spread] p1a\n|-miss|p2a: Charizard|p1b: Tony The Tiger\n|-resisted|p1a: Swedish Fish|1\n|-damage|p1a: Swedish Fish|62/100\n|move|p1b: Tony The Tiger|Darkest Lariat|p2a: Charizard\n|-damage|p2a: Charizard|85/100\n|\n|-weather|SunnyDay|[upkeep]\n|upkeep\n|turn|8\n|\n|t:|1776074995\n|switch|p1b: SOPHIE|Froslass-Mega, L50, F|100/100\n|-weather|Snowscape|[from] ability: Snow Warning|[of] p1b: SOPHIE\n|move|p2a: Charizard|Protect|p2a: Charizard\n|-singleturn|p2a: Charizard|Protect\n|move|p1a: Swedish Fish|Wave Crash|p2a: Charizard\n|-activate|p2a: Charizard|move: Protect\n|move|p2b: Incineroar|Throat Chop|p1a: Swedish Fish\n|-supereffective|p1a: Swedish Fish|1\n|-damage|p1a: Swedish Fish|0 fnt\n|faint|p1a: Swedish Fish\n|\n|-weather|Snowscape|[upkeep]\n|upkeep\n|\n|t:|1776075008\n|switch|p1a: Tony The Tiger|Incineroar, L50, F|43/100\n|-ability|p1a: Tony The Tiger|Intimidate|boost\n|-unboost|p2a: Charizard|atk|1\n|-unboost|p2b: Incineroar|atk|1\n|turn|9\n|\n|t:|1776075029\n|switch|p2a: Milotic|Milotic, L50, M|26/100\n|move|p1a: Tony The Tiger|Fake Out|p2a: Milotic\n|-damage|p2a: Milotic|16/100\n|move|p1b: SOPHIE|Nasty Plot|p1b: SOPHIE\n|-boost|p1b: SOPHIE|spa|2\n|move|p2b: Incineroar|Parting Shot|p1a: Tony The Tiger\n|-unboost|p1a: Tony The Tiger|atk|1\n|-unboost|p1a: Tony The Tiger|spa|1\n|\n|t:|1776075041\n|switch|p2b: Charizard|Charizard-Mega-Y, L50, F, shiny|85/100|[from] Parting Shot\n|-weather|SunnyDay|[from] ability: Drought|[of] p2b: Charizard\n|\n|-weather|SunnyDay|[upkeep]\n|upkeep\n|turn|10\n|\n|t:|1776075057\n|move|p1b: SOPHIE|Shadow Ball|p2b: Charizard\n|-damage|p2b: Charizard|7/100\n|move|p2b: Charizard|Heat Wave|p1b: SOPHIE|[spread] p1a,p1b\n|-resisted|p1a: Tony The Tiger|1\n|-supereffective|p1b: SOPHIE|1\n|-crit|p1b: SOPHIE\n|-damage|p1a: Tony The Tiger|15/100\n|-damage|p1b: SOPHIE|0 fnt\n|faint|p1b: SOPHIE\n|move|p2a: Milotic|Hypnosis|p1a: Tony The Tiger\n|-status|p1a: Tony The Tiger|slp|[from] move: Hypnosis\n|cant|p1a: Tony The Tiger|slp\n|\n|-weather|SunnyDay|[upkeep]\n|upkeep\n|\n|t:|1776075067\n|switch|p1b: Jeff|Garchomp, L50, F|1/100\n|turn|11\n|\n|t:|1776075078\n|move|p2b: Charizard|Protect|p2b: Charizard\n|-singleturn|p2b: Charizard|Protect\n|move|p1b: Jeff|Rock Slide|p2a: Milotic|[spread] p2a\n|-activate|p2b: Charizard|move: Protect\n|-damage|p2a: Milotic|0 fnt\n|faint|p2a: Milotic\n|cant|p1a: Tony The Tiger|slp\n|\n|-weather|SunnyDay|[upkeep]\n|upkeep\n|\n|t:|1776075089\n|switch|p2a: Incineroar|Incineroar, L50, F|76/100\n|-ability|p2a: Incineroar|Intimidate|boost\n|-unboost|p1a: Tony The Tiger|atk|1\n|-unboost|p1b: Jeff|atk|1\n|turn|12\n|\n|t:|1776075103\n|move|p1b: Jeff|Protect|p1b: Jeff\n|-singleturn|p1b: Jeff|Protect\n|move|p2a: Incineroar|Fake Out|p1a: Tony The Tiger\n|-damage|p1a: Tony The Tiger|5/100 slp\n|move|p2b: Charizard|Heat Wave|p1a: Tony The Tiger|[spread] p1a\n|-activate|p1b: Jeff|move: Protect\n|-resisted|p1a: Tony The Tiger|1\n|-damage|p1a: Tony The Tiger|0 fnt\n|faint|p1a: Tony The Tiger\n|\n|-weather|SunnyDay|[upkeep]\n|upkeep\n|turn|13\n|\n|t:|1776075125\n|move|p1b: Jeff|Rock Slide|p2a: Incineroar|[spread] p2a,p2b\n|-supereffective|p2a: Incineroar|1\n|-supereffective|p2b: Charizard|2\n|-damage|p2a: Incineroar|52/100\n|-damage|p2b: Charizard|0 fnt\n|faint|p2b: Charizard\n|cant|p2a: Incineroar|flinch\n|\n|-weather|none\n|upkeep\n|turn|14\n|\n|t:|1776075135\n|move|p1b: Jeff|Earthquake|p2a: Incineroar\n|-supereffective|p2a: Incineroar|1\n|-damage|p2a: Incineroar|0 fnt\n|faint|p2a: Incineroar\n|\n|win|Breezy2\n|raw|Breezy2's rating: 1085 &rarr; <strong>1111</strong><br />(+26 for winning)\n|raw|AdriHz8's rating: 1072 &rarr; <strong>1052</strong><br />(-20 for losing)\n|l|\u2606AdriHz8\n|player|p2|\n|c|\u2606Breezy2|Ggg\n",
  "uploadtime": 1776075149,
  "views": 28,
  "formatid": "gen9championsvgc2026regma",
  "rating": 1052,
  "private": 0,
  "password": null
}