{
  "id": "gen9championsvgc2026regma-2586041836",
  "format": "[Gen 9 Champions] VGC 2026 Reg M-A",
  "players": [
    "Azndriver",
    "disciple of blahaj"
  ],
  "log": "|j|\u2606Azndriver\n|j|\u2606disciple of blahaj\n|t:|1776393010\n|gametype|doubles\n|player|p1|Azndriver|cynthia|1178\n|player|p2|disciple of blahaj|jacinthe|1241\n|gen|9\n|tier|[Gen 9 Champions] VGC 2026 Reg M-A\n|rated|\n|rule|Species Clause: Limit one of each Pok\u00e9mon\n|rule|Item Clause: Limit 1 of each item\n|clearpoke\n|poke|p1|Hydreigon, L50, M|\n|poke|p1|Incineroar, L50, M|\n|poke|p1|Rotom-Wash, L50|\n|poke|p1|Sneasler, L50, F|\n|poke|p1|Floette-Eternal, L50, F|\n|poke|p1|Corviknight, L50, F|\n|poke|p2|Meganium, L50, F|\n|poke|p2|Pelipper, L50, M|\n|poke|p2|Archaludon, L50, F|\n|poke|p2|Sneasler, L50, M|\n|poke|p2|Basculegion, L50, M|\n|poke|p2|Garchomp, L50, F|\n|teampreview|4\nAzndriver rejected open team sheets.\n|inactive|Battle timer is ON: inactive players will automatically lose when time's up. (requested by Azndriver)\n|inactive|Azndriver has 60 seconds left.\n|\n|t:|1776393062\n|teamsize|p1|4\n|teamsize|p2|4\n|start\n|switch|p1a: Rotom|Rotom-Wash, L50|100/100\n|switch|p1b: Sneasler|Sneasler, L50, F|100/100\n|switch|p2a: Pelipper|Pelipper, L50, M|100/100\n|switch|p2b: Basculegion|Basculegion, L50, M|100/100\n|-weather|RainDance|[from] ability: Drizzle|[of] p2a: Pelipper\n|turn|1\n|\n|t:|1776393082\n|move|p2a: Pelipper|Protect|p2a: Pelipper\n|-singleturn|p2a: Pelipper|Protect\n|move|p1b: Sneasler|Fake Out|p2a: Pelipper\n|-activate|p2a: Pelipper|move: Protect\n|move|p2b: Basculegion|Flip Turn|p1b: Sneasler\n|-damage|p1b: Sneasler|0 fnt\n|faint|p1b: Sneasler\n|\n|t:|1776393093\n|switch|p2b: Meganium|Meganium, L50, F, shiny|100/100|[from] Flip Turn\n|move|p1a: Rotom|Will-O-Wisp|p2b: Meganium\n|-status|p2b: Meganium|brn\n|\n|-weather|RainDance|[upkeep]\n|-damage|p2b: Meganium|95/100 brn|[from] brn\n|upkeep\n|\n|t:|1776393104\n|switch|p1b: Floette|Floette-Eternal, L50, F|100/100\n|turn|2\n|\n|t:|1776393113\n|detailschange|p2b: Meganium|Meganium-Mega, L50, F, shiny\n|-mega|p2b: Meganium|Meganium|Meganiumite\n|detailschange|p1b: Floette|Floette-Mega, L50, F\n|-mega|p1b: Floette|Floette|Floettite\n|-ability|p1b: Floette|Fairy Aura\n|move|p1a: Rotom|Protect|p1a: Rotom\n|-singleturn|p1a: Rotom|Protect\n|move|p2b: Meganium|Solar Beam||[still]\n|-prepare|p2b: Meganium|Solar Beam\n|-activate|p2b: Meganium|ability: Mega Sol\n|-anim|p2b: Meganium|Solar Beam|p1a: Rotom\n|-activate|p1a: Rotom|move: Protect\n|move|p1b: Floette|Calm Mind|p1b: Floette\n|-boost|p1b: Floette|spa|1\n|-boost|p1b: Floette|spd|1\n|move|p2a: Pelipper|Tailwind|p2a: Pelipper\n|-sidestart|p2: disciple of blahaj|move: Tailwind\n|\n|-weather|RainDance|[upkeep]\n|-damage|p2b: Meganium|89/100 brn|[from] brn\n|upkeep\n|turn|3\n|inactive|Azndriver has 30 seconds left.\n|inactive|disciple of blahaj has 30 seconds left.\n|\n|t:|1776393146\n|switch|p2a: Basculegion|Basculegion, L50, M|100/100\n|switch|p1a: Incineroar|Incineroar, L50, M|100/100\n|-ability|p1a: Incineroar|Intimidate|boost\n|-unboost|p2a: Basculegion|atk|1\n|-unboost|p2b: Meganium|atk|1\n|move|p2b: Meganium|Solar Beam||[still]\n|-prepare|p2b: Meganium|Solar Beam\n|-activate|p2b: Meganium|ability: Mega Sol\n|-anim|p2b: Meganium|Solar Beam|p1a: Incineroar\n|-resisted|p1a: Incineroar|1\n|-damage|p1a: Incineroar|67/100\n|move|p1b: Floette|Psychic|p2b: Meganium\n|-damage|p2b: Meganium|40/100 brn\n|-unboost|p2b: Meganium|spd|1\n|\n|-weather|RainDance|[upkeep]\n|-damage|p2b: Meganium|34/100 brn|[from] brn\n|upkeep\n|turn|4\n|\n|t:|1776393168\n|switch|p1a: Rotom|Rotom-Wash, L50|100/100\n|move|p2a: Basculegion|Wave Crash|p1b: Floette\n|-damage|p1b: Floette|29/100\n|-damage|p2a: Basculegion|79/100|[from] Recoil\n|move|p2b: Meganium|Ancient Power|p1a: Rotom\n|-damage|p1a: Rotom|73/100\n|move|p1b: Floette|Dazzling Gleam|p2b: Meganium|[spread] p2a,p2b\n|-damage|p2a: Basculegion|10/100\n|-damage|p2b: Meganium|0 fnt\n|faint|p2b: Meganium\n|\n|-weather|RainDance|[upkeep]\n|-heal|p1a: Rotom|79/100|[from] item: Leftovers\n|upkeep\n|\n|t:|1776393184\n|switch|p2b: Sneasler|Sneasler, L50, M, shiny|100/100\n|turn|5\n|\n|t:|1776393195\n|move|p1b: Floette|Protect|p1b: Floette\n|-singleturn|p1b: Floette|Protect\n|move|p2a: Basculegion|Wave Crash|p1b: Floette\n|-activate|p1b: Floette|move: Protect\n|move|p2b: Sneasler|Close Combat|p1a: Rotom\n|-damage|p1a: Rotom|29/100\n|-unboost|p2b: Sneasler|def|1\n|-unboost|p2b: Sneasler|spd|1\n|-enditem|p2b: Sneasler|White Herb\n|-clearnegativeboost|p2b: Sneasler|[silent]\n|move|p1a: Rotom|Will-O-Wisp|p2b: Sneasler\n|-status|p2b: Sneasler|brn\n|\n|-weather|none\n|-heal|p1a: Rotom|34/100|[from] item: Leftovers\n|-damage|p2b: Sneasler|95/100 brn|[from] brn\n|-sideend|p2: disciple of blahaj|move: Tailwind\n|upkeep\n|turn|6\n|\n|t:|1776393215\n|switch|p1b: Incineroar|Incineroar, L50, M|67/100\n|-ability|p1b: Incineroar|Intimidate|boost\n|-unboost|p2a: Basculegion|atk|1\n|-unboost|p2b: Sneasler|atk|1\n|move|p1a: Rotom|Protect|p1a: Rotom\n|-singleturn|p1a: Rotom|Protect\n|move|p2b: Sneasler|Dire Claw|p1a: Rotom\n|-activate|p1a: Rotom|move: Protect\n|move|p2a: Basculegion|Wave Crash|p1b: Incineroar\n|-supereffective|p1b: Incineroar|1\n|-damage|p1b: Incineroar|0 fnt\n|faint|p1b: Incineroar\n|-damage|p2a: Basculegion|0 fnt|[from] Recoil\n|faint|p2a: Basculegion\n|\n|-heal|p1a: Rotom|40/100|[from] item: Leftovers\n|-damage|p2b: Sneasler|89/100 brn|[from] brn\n|upkeep\n|\n|t:|1776393231\n|switch|p2a: Pelipper|Pelipper, L50, M|100/100\n|switch|p1b: Floette|Floette-Mega, L50, F|29/100\n|-ability|p1b: Floette|Fairy Aura\n|-weather|RainDance|[from] ability: Drizzle|[of] p2a: Pelipper\n|turn|7\n|\n|t:|1776393248\n|move|p1b: Floette|Protect|p1b: Floette\n|-singleturn|p1b: Floette|Protect\n|move|p2b: Sneasler|Dire Claw|p1a: Rotom\n|-damage|p1a: Rotom|29/100\n|move|p2a: Pelipper|Tailwind|p2a: Pelipper\n|-sidestart|p2: disciple of blahaj|move: Tailwind\n|move|p1a: Rotom|Hydro Pump|p2b: Sneasler\n|-damage|p2b: Sneasler|12/100 brn\n|\n|-weather|RainDance|[upkeep]\n|-heal|p1a: Rotom|35/100|[from] item: Leftovers\n|-damage|p2b: Sneasler|6/100 brn|[from] brn\n|upkeep\n|turn|8\n|\n|t:|1776393270\n|move|p1b: Floette|Protect|p1b: Floette\n|-singleturn|p1b: Floette|Protect\n|move|p2b: Sneasler|Dire Claw|p1b: Floette\n|-activate|p1b: Floette|move: Protect\n|move|p2a: Pelipper|Hurricane|p1a: Rotom\n|-resisted|p1a: Rotom|1\n|-damage|p1a: Rotom|10/100\n|move|p1a: Rotom|Volt Switch|p2a: Pelipper\n|-supereffective|p2a: Pelipper|2\n|-enditem|p2a: Pelipper|Focus Sash\n|-damage|p2a: Pelipper|1/100\n|\n|-weather|RainDance|[upkeep]\n|-heal|p1a: Rotom|16/100|[from] item: Leftovers\n|-damage|p2b: Sneasler|0 fnt|[from] brn\n|faint|p2b: Sneasler\n|upkeep\n|turn|9\n|\n|t:|1776393289\n|move|p2a: Pelipper|Hurricane|p1b: Floette\n|-damage|p1b: Floette|0 fnt\n|faint|p1b: Floette\n|move|p1a: Rotom|Volt Switch|p2a: Pelipper\n|-supereffective|p2a: Pelipper|2\n|-damage|p2a: Pelipper|0 fnt\n|faint|p2a: Pelipper\n|\n|win|Azndriver\n|raw|Azndriver's rating: 1178 &rarr; <strong>1207</strong><br />(+29 for winning)\n|raw|disciple of blahaj's rating: 1241 &rarr; <strong>1212</strong><br />(-29 for losing)\n",
  "uploadtime": 1776393294,
  "views": 20,
  "formatid": "gen9championsvgc2026regma",
  "rating": 1207,
  "private": 0,
  "password": null
}