{
  "id": "gen9championsvgc2026regma-2584878891",
  "format": "[Gen 9 Champions] VGC 2026 Reg M-A",
  "players": [
    "ceevantee",
    "sirae"
  ],
  "log": "|j|\u2606ceevantee\n|j|\u2606sirae\n|t:|1776290941\n|gametype|doubles\n|player|p1|ceevantee|teamrocket|1278\n|player|p2|sirae|caitlin|1331\n|gen|9\n|tier|[Gen 9 Champions] VGC 2026 Reg M-A\n|rated|\n|rule|Species Clause: Limit one of each Pok\u00e9mon\n|rule|Item Clause: Limit 1 of each item\n|clearpoke\n|poke|p1|Golurk, L50|\n|poke|p1|Oranguru, L50, F|\n|poke|p1|Sinistcha, L50|\n|poke|p1|Hatterene, L50, F|\n|poke|p1|Empoleon, L50, F|\n|poke|p1|Torkoal, L50, F|\n|poke|p2|Incineroar, L50, F|\n|poke|p2|Gengar, L50, F|\n|poke|p2|Archaludon, L50, F|\n|poke|p2|Farigiraf, L50, F|\n|poke|p2|Pelipper, L50, F|\n|poke|p2|Meganium, L50, M|\n|teampreview|4\n|inactive|Battle timer is ON: inactive players will automatically lose when time's up. (requested by sirae)\n|inactive|sirae has 60 seconds left.\n|\n|t:|1776290990\n|teamsize|p1|4\n|teamsize|p2|4\n|start\n|switch|p1a: Oranguru|Oranguru, L50, F|100/100\n|switch|p1b: Empoleon|Empoleon, L50, F|100/100\n|switch|p2a: Farigiraf|Farigiraf, L50, F|100/100\n|switch|p2b: Gengar|Gengar, L50, F|100/100\n|turn|1\n|\n|t:|1776291007\n|detailschange|p2b: Gengar|Gengar-Mega, L50, F\n|-mega|p2b: Gengar|Gengar|Gengarite\n|move|p2b: Gengar|Perish Song|p2b: Gengar\n|-start|p1a: Oranguru|perish3|[silent]\n|-start|p1b: Empoleon|perish3|[silent]\n|-start|p2a: Farigiraf|perish3|[silent]\n|-start|p2b: Gengar|perish3|[silent]\n|-fieldactivate|move: Perish Song\n|move|p2a: Farigiraf|Imprison|p2a: Farigiraf\n|-start|p2a: Farigiraf|move: Imprison\n|move|p1b: Empoleon|Surf|p2a: Farigiraf|[spread] p2a,p2b\n|-activate|p1a: Oranguru|ability: Telepathy\n|-damage|p2a: Farigiraf|60/100\n|-damage|p2b: Gengar|55/100\n|cant|p1a: Oranguru|move: Imprison|Trick Room\n|\n|-heal|p2a: Farigiraf|66/100|[from] item: Leftovers\n|-start|p2b: Gengar|perish3\n|-start|p2a: Farigiraf|perish3\n|-start|p1b: Empoleon|perish3\n|-start|p1a: Oranguru|perish3\n|upkeep\n|turn|2\n|inactive|sirae has 30 seconds left.\n|\n|t:|1776291036\n|move|p2b: Gengar|Disable|p1b: Empoleon\n|-start|p1b: Empoleon|Disable|Surf\n|move|p2a: Farigiraf|Hyper Voice|p1b: Empoleon|[spread] p1a,p1b\n|-resisted|p1b: Empoleon|1\n|-damage|p1a: Oranguru|82/100\n|-damage|p1b: Empoleon|88/100\n|move|p1a: Oranguru|Instruct|p1b: Empoleon\n|-singleturn|p1b: Empoleon|move: Instruct|[of] p1a: Oranguru\n|cant|p1b: Empoleon|Disable|Surf\n|cant|p1b: Empoleon|Disable|Surf\n|\n|-heal|p2a: Farigiraf|72/100|[from] item: Leftovers\n|-start|p2b: Gengar|perish2\n|-start|p2a: Farigiraf|perish2\n|-start|p1a: Oranguru|perish2\n|-start|p1b: Empoleon|perish2\n|upkeep\n|turn|3\n|\n|t:|1776291060\n|move|p2b: Gengar|Protect|p2b: Gengar\n|-singleturn|p2b: Gengar|Protect\n|move|p2a: Farigiraf|Protect|p2a: Farigiraf\n|-singleturn|p2a: Farigiraf|Protect\n|move|p1a: Oranguru|Instruct|p1b: Empoleon\n|-singleturn|p1b: Empoleon|move: Instruct|[of] p1a: Oranguru\n|cant|p1b: Empoleon|Disable|Surf\n|move|p1b: Empoleon|Blizzard|p2a: Farigiraf|[spread] \n|-activate|p2a: Farigiraf|move: Protect\n|-activate|p2b: Gengar|move: Protect\n|\n|-heal|p2a: Farigiraf|78/100|[from] item: Leftovers\n|-start|p2b: Gengar|perish1\n|-start|p2a: Farigiraf|perish1\n|-start|p1a: Oranguru|perish1\n|-start|p1b: Empoleon|perish1\n|upkeep\n|turn|4\n|c|\u2606ceevantee|Holy cook\n|\n|t:|1776291080\n|switch|p2b: Pelipper|Pelipper, L50, F|100/100\n|-weather|RainDance|[from] ability: Drizzle|[of] p2b: Pelipper\n|switch|p2a: Archaludon|Archaludon, L50, F|100/100\n|move|p1a: Oranguru|Instruct|p1b: Empoleon\n|-singleturn|p1b: Empoleon|move: Instruct|[of] p1a: Oranguru\n|move|p1b: Empoleon|Blizzard|p2b: Pelipper|[spread] p2b\n|-miss|p1b: Empoleon|p2a: Archaludon\n|-damage|p2b: Pelipper|68/100\n|move|p1b: Empoleon|Blizzard|p2b: Pelipper|[spread] p2a\n|-miss|p1b: Empoleon|p2b: Pelipper\n|-damage|p2a: Archaludon|76/100\n|-ability|p2a: Archaludon|Stamina|boost\n|-boost|p2a: Archaludon|def|1\n|\n|-weather|RainDance|[upkeep]\n|-start|p1b: Empoleon|perish0\n|-start|p1a: Oranguru|perish0\n|upkeep\n|faint|p1b: Empoleon\n|faint|p1a: Oranguru\n|\n|t:|1776291087\n|switch|p1a: Sinistcha|Sinistcha, L50|100/100\n|switch|p1b: Golurk|Golurk, L50|100/100\n|turn|5\n|\n|t:|1776291112\n|detailschange|p1b: Golurk|Golurk-Mega, L50\n|-mega|p1b: Golurk|Golurk|Golurkite\n|move|p1b: Golurk|Protect|p1b: Golurk\n|-singleturn|p1b: Golurk|Protect\n|move|p2a: Archaludon|Dragon Pulse|p1a: Sinistcha\n|-damage|p1a: Sinistcha|45/100\n|-enditem|p1a: Sinistcha|Sitrus Berry|[eat]\n|-heal|p1a: Sinistcha|70/100|[from] item: Sitrus Berry\n|move|p2b: Pelipper|Hurricane|p1a: Sinistcha\n|-supereffective|p1a: Sinistcha|1\n|-damage|p1a: Sinistcha|0 fnt\n|faint|p1a: Sinistcha\n|\n|-weather|RainDance|[upkeep]\n|upkeep\n|turn|6\n|-message|ceevantee forfeited.\n|\n|win|sirae\n|raw|ceevantee's rating: 1278 &rarr; <strong>1257</strong><br />(-21 for losing)\n|raw|sirae's rating: 1331 &rarr; <strong>1348</strong><br />(+17 for winning)\n|l|\u2606ceevantee\n|player|p1|\n",
  "uploadtime": 1776291127,
  "views": 36,
  "formatid": "gen9championsvgc2026regma",
  "rating": 1257,
  "private": 0,
  "password": null
}