{
  "id": "gen9championsvgc2026regma-2585565836",
  "format": "[Gen 9 Champions] VGC 2026 Reg M-A",
  "players": [
    "tukitiko",
    "jackon17"
  ],
  "log": "|j|\u2606tukitiko\n|j|\u2606jackon17\n|t:|1776355915\n|gametype|doubles\n|player|p1|tukitiko|aquasuit|1411\n|player|p2|jackon17|170|1474\n|gen|9\n|tier|[Gen 9 Champions] VGC 2026 Reg M-A\n|rated|\n|rule|Species Clause: Limit one of each Pok\u00e9mon\n|rule|Item Clause: Limit 1 of each item\n|clearpoke\n|poke|p1|Kingambit, L50, M|\n|poke|p1|Crabominable, L50, M|\n|poke|p1|Slowking-Galar, L50, M|\n|poke|p1|Primarina, L50, M|\n|poke|p1|Sinistcha-Masterpiece, L50|\n|poke|p1|Incineroar, L50, M|\n|poke|p2|Pelipper, L50, F|\n|poke|p2|Scizor, L50, F|\n|poke|p2|Basculegion, L50, M|\n|poke|p2|Archaludon, L50, F|\n|poke|p2|Maushold-Four, L50|\n|poke|p2|Sneasler, L50, F|\n|teampreview|4\n|inactive|Battle timer is ON: inactive players will automatically lose when time's up. (requested by jackon17)\n|inactive|tukitiko has 60 seconds left.\n|j| Kowasabii5\n|\n|t:|1776355967\n|teamsize|p1|4\n|teamsize|p2|4\n|start\n|switch|p1a: Bucket|Slowking-Galar, L50, M|100/100\n|switch|p1b: Jhon VGC|Incineroar, L50, M|100/100\n|switch|p2a: Maushold|Maushold-Four, L50|100/100\n|switch|p2b: Scizor|Scizor, L50, F|100/100\n|-ability|p1b: Jhon VGC|Intimidate|boost\n|-unboost|p2a: Maushold|atk|1\n|-unboost|p2b: Scizor|atk|1\n|turn|1\n|\n|t:|1776355983\n|switch|p2b: Basculegion|Basculegion, L50, M|100/100\n|move|p1b: Jhon VGC|Fake Out|p2a: Maushold\n|-damage|p2a: Maushold|88/100\n|cant|p2a: Maushold|flinch\n|move|p1a: Bucket|Trick Room|p1a: Bucket\n|-fieldstart|move: Trick Room|[of] p1a: Bucket\n|\n|upkeep\n|turn|2\n|\n|t:|1776356004\n|switch|p2b: Sneasler|Sneasler, L50, F|100/100\n|-prepare|p1a: Bucket|Chilly Reception|[premajor]\n|move|p1a: Bucket|Chilly Reception|p1a: Bucket\n|-weather|Snowscape\n|\n|t:|1776356010\n|switch|p1a: Crabbo|Crabominable, L50, M|100/100|[from] Chilly Reception\n|move|p1b: Jhon VGC|Will-O-Wisp|p2b: Sneasler\n|-status|p2b: Sneasler|brn\n|move|p2a: Maushold|Super Fang|p1b: Jhon VGC|[miss]\n|-miss|p2a: Maushold|p1b: Jhon VGC\n|\n|-weather|Snowscape|[upkeep]\n|-damage|p2b: Sneasler|95/100 brn|[from] brn\n|upkeep\n|turn|3\n|j| Bobbertests\n|\n|t:|1776356032\n|detailschange|p1a: Crabbo|Crabominable-Mega, L50, M\n|-mega|p1a: Crabbo|Crabominable|Crabominite\n|move|p1a: Crabbo|Ice Hammer|p2b: Sneasler\n|-damage|p2b: Sneasler|0 fnt\n|-unboost|p1a: Crabbo|spe|1\n|faint|p2b: Sneasler\n|move|p1b: Jhon VGC|Parting Shot|p2a: Maushold\n|-unboost|p2a: Maushold|atk|1\n|-unboost|p2a: Maushold|spa|1\n|\n|t:|1776356038\n|switch|p1b: Poppy|Primarina, L50, M|100/100|[from] Parting Shot\n|move|p2a: Maushold|Super Fang|p1a: Crabbo\n|-damage|p1a: Crabbo|50/100\n|\n|-weather|Snowscape|[upkeep]\n|upkeep\n|\n|t:|1776356046\n|switch|p2b: Scizor|Scizor, L50, F|100/100\n|turn|4\n|\n|t:|1776356057\n|switch|p1a: Jhon VGC|Incineroar, L50, M|100/100\n|-ability|p1a: Jhon VGC|Intimidate|boost\n|-unboost|p2a: Maushold|atk|1\n|-unboost|p2b: Scizor|atk|1\n|detailschange|p2b: Scizor|Scizor-Mega, L50, F\n|-mega|p2b: Scizor|Scizor|Scizorite\n|move|p1b: Poppy|Calm Mind|p1b: Poppy\n|-boost|p1b: Poppy|spa|1\n|-boost|p1b: Poppy|spd|1\n|move|p2b: Scizor|Swords Dance|p2b: Scizor\n|-boost|p2b: Scizor|atk|2\n|move|p2a: Maushold|Super Fang|p1b: Poppy\n|-damage|p1b: Poppy|50/100\n|\n|-weather|Snowscape|[upkeep]\n|-heal|p1b: Poppy|57/100|[from] item: Leftovers\n|upkeep\n|turn|5\n|\n|t:|1776356074\n|move|p2a: Maushold|Follow Me|p2a: Maushold\n|-singleturn|p2a: Maushold|move: Follow Me\n|move|p1b: Poppy|Moonblast|p2a: Maushold\n|-damage|p2a: Maushold|0 fnt\n|faint|p2a: Maushold\n|move|p1a: Jhon VGC|Will-O-Wisp|p2b: Scizor\n|-status|p2b: Scizor|brn\n|move|p2b: Scizor|Swords Dance|p2b: Scizor\n|-boost|p2b: Scizor|atk|2\n|\n|-weather|Snowscape|[upkeep]\n|-heal|p1b: Poppy|63/100|[from] item: Leftovers\n|-damage|p2b: Scizor|94/100 brn|[from] brn\n|-fieldend|move: Trick Room\n|upkeep\n|\n|t:|1776356078\n|switch|p2a: Basculegion|Basculegion, L50, M|100/100\n|turn|6\n|\n|t:|1776356100\n|move|p2a: Basculegion|Last Respects|p1b: Poppy\n|-damage|p1b: Poppy|0 fnt\n|faint|p1b: Poppy\n|move|p2b: Scizor|Bug Bite|p1a: Jhon VGC\n|-damage|p1a: Jhon VGC|35/100\n|-enditem|p1a: Jhon VGC|Sitrus Berry|[from] stealeat|[move] Bug Bite|[of] p2b: Scizor\n|-heal|p2b: Scizor|100/100 brn|[from] item: Sitrus Berry\n|move|p1a: Jhon VGC|Throat Chop|p2a: Basculegion\n|-supereffective|p2a: Basculegion|1\n|-damage|p2a: Basculegion|24/100\n|-start|p2a: Basculegion|Throat Chop|[silent]\n|\n|-weather|none\n|-damage|p2b: Scizor|94/100 brn|[from] brn\n|upkeep\n|\n|t:|1776356112\n|switch|p1b: Crabbo|Crabominable-Mega, L50, M|50/100\n|turn|7\n|\n|t:|1776356125\n|move|p2a: Basculegion|Last Respects|p1b: Crabbo\n|-damage|p1b: Crabbo|0 fnt\n|faint|p1b: Crabbo\n|move|p2b: Scizor|Bug Bite|p1a: Jhon VGC\n|-damage|p1a: Jhon VGC|0 fnt\n|faint|p1a: Jhon VGC\n|\n|-damage|p2b: Scizor|88/100 brn|[from] brn\n|-end|p2a: Basculegion|Throat Chop|[silent]\n|upkeep\n|\n|t:|1776356128\n|switch|p1b: Bucket|Slowking-Galar, L50, M|100/100\n|turn|8\n|\n|t:|1776356134\n|move|p2a: Basculegion|Last Respects|p1b: Bucket\n|-supereffective|p1b: Bucket|1\n|-damage|p1b: Bucket|0 fnt\n|faint|p1b: Bucket\n|\n|win|jackon17\n|raw|tukitiko's rating: 1411 &rarr; <strong>1395</strong><br />(-16 for losing)\n|raw|jackon17's rating: 1474 &rarr; <strong>1490</strong><br />(+16 for winning)\n|l|\u2606tukitiko\n|player|p1|\n",
  "uploadtime": 1776356143,
  "views": 42,
  "formatid": "gen9championsvgc2026regma",
  "rating": 1395,
  "private": 0,
  "password": null
}