{
  "id": "gen9championsvgc2026regma-2587063156",
  "format": "[Gen 9 Champions] VGC 2026 Reg M-A",
  "players": [
    "Tel0sB3ta",
    "lov u fefi"
  ],
  "log": "|j|\u2606Tel0sB3ta\n|j|\u2606lov u fefi\n|html|<table width=\"100%\"><tr><td align=\"left\">Tel0sB3ta</td><td align=\"right\">lov u fefi</tr><tr><td align=\"left\"><i class=\"fa fa-circle-o\"></i> <i class=\"fa fa-circle-o\"></i> </td><td align=\"right\"><i class=\"fa fa-circle-o\"></i> <i class=\"fa fa-circle-o\"></i> </tr></table>\n|uhtml|bestof|<h2><strong>Game 1</strong> of <a href=\"/game-bestof3-gen9championsvgc2026regma-2587063155\">a best-of-3</a></h2>\n|t:|1776488476\n|gametype|doubles\n|player|p1|Tel0sB3ta|hilbert|\n|player|p2|lov u fefi|rosa|\n|gen|9\n|tier|[Gen 9 Champions] VGC 2026 Reg M-A\n|rule|Species Clause: Limit one of each Pok\u00e9mon\n|rule|Item Clause: Limit 1 of each item\n|raw|<div class=\"infobox\"><details class=\"readmore\" open><summary><strong>1 custom rule:</strong></summary> Best of = 3</details></div>\n|clearpoke\n|poke|p1|Rotom-Wash, L50|\n|poke|p1|Garchomp, L50, M|\n|poke|p1|Charizard, L50, F|\n|poke|p1|Pidgeot, L50, F|\n|poke|p1|Maushold, L50|\n|poke|p1|Skeledirge, L50, F|\n|poke|p2|Volcarona, L50, F|\n|poke|p2|Camerupt, L50, M|\n|poke|p2|Venusaur, L50, F|\n|poke|p2|Typhlosion, L50, M|\n|poke|p2|Incineroar, L50, F|\n|poke|p2|Gallade, L50, M|\n|teampreview|4\n|c|\u2606Tel0sB3ta|glhf\n|c|\u2606lov u fefi|glhf\n|\n|t:|1776488550\n|teamsize|p1|4\n|teamsize|p2|4\n|start\n|switch|p1a: Charizard|Charizard, L50, F|100/100\n|switch|p1b: Skeledirge|Skeledirge, L50, F|100/100\n|switch|p2a: Incineroar|Incineroar, L50, F|100/100\n|switch|p2b: Camerupt|Camerupt, L50, M|100/100\n|-ability|p2a: Incineroar|Intimidate|boost\n|-unboost|p1a: Charizard|atk|1\n|-unboost|p1b: Skeledirge|atk|1\n|turn|1\n|\n|t:|1776488581\n|detailschange|p1a: Charizard|Charizard-Mega-Y, L50, F\n|-mega|p1a: Charizard|Charizard|Charizardite Y\n|-weather|SunnyDay|[from] ability: Drought|[of] p1a: Charizard\n|detailschange|p2b: Camerupt|Camerupt-Mega, L50, M\n|-mega|p2b: Camerupt|Camerupt|Cameruptite\n|move|p1b: Skeledirge|Protect|p1b: Skeledirge\n|-singleturn|p1b: Skeledirge|Protect\n|move|p1a: Charizard|Solar Beam||[still]\n|-prepare|p1a: Charizard|Solar Beam\n|-anim|p1a: Charizard|Solar Beam|p2b: Camerupt\n|-damage|p2b: Camerupt|49/100\n|move|p2a: Incineroar|Parting Shot|p1a: Charizard\n|-unboost|p1a: Charizard|atk|1\n|-unboost|p1a: Charizard|spa|1\n|\n|t:|1776488593\n|switch|p2a: Venusaur|Venusaur, L50, F|100/100|[from] Parting Shot\n|move|p2b: Camerupt|Earth Power|p1b: Skeledirge\n|-activate|p1b: Skeledirge|move: Protect\n|\n|-weather|SunnyDay|[upkeep]\n|upkeep\n|turn|2\n|\n|t:|1776488631\n|switch|p1b: Maushold|Maushold, L50|100/100\n|move|p1a: Charizard|Protect|p1a: Charizard\n|-singleturn|p1a: Charizard|Protect\n|move|p2a: Venusaur|Sleep Powder|p1a: Charizard\n|-activate|p1a: Charizard|move: Protect\n|move|p2b: Camerupt|Earth Power|p1b: Maushold\n|-damage|p1b: Maushold|24/100\n|\n|-weather|SunnyDay|[upkeep]\n|upkeep\n|turn|3\n|\n|t:|1776488655\n|switch|p1a: Skeledirge|Skeledirge, L50, F|100/100\n|move|p1b: Maushold|Protect|p1b: Maushold\n|-singleturn|p1b: Maushold|Protect\n|move|p2a: Venusaur|Sludge Bomb|p1b: Maushold\n|-activate|p1b: Maushold|move: Protect\n|move|p2b: Camerupt|Rock Slide|p1a: Skeledirge|[spread] p1a\n|-activate|p1b: Maushold|move: Protect\n|-supereffective|p1a: Skeledirge|1\n|-damage|p1a: Skeledirge|75/100\n|\n|-weather|SunnyDay|[upkeep]\n|-heal|p1a: Skeledirge|81/100|[from] item: Leftovers\n|upkeep\n|turn|4\n|\n|t:|1776488668\n|move|p1b: Maushold|Follow Me|p1b: Maushold\n|-singleturn|p1b: Maushold|move: Follow Me\n|move|p2a: Venusaur|Sludge Bomb|p1b: Maushold\n|-damage|p1b: Maushold|0 fnt\n|faint|p1b: Maushold\n|move|p1a: Skeledirge|Torch Song|p2a: Venusaur\n|-supereffective|p2a: Venusaur|1\n|-enditem|p2a: Venusaur|Focus Sash\n|-damage|p2a: Venusaur|1/100\n|-boost|p1a: Skeledirge|spa|1\n|move|p2b: Camerupt|Rock Slide|p1a: Skeledirge\n|-supereffective|p1a: Skeledirge|1\n|-damage|p1a: Skeledirge|40/100\n|\n|-weather|SunnyDay|[upkeep]\n|-heal|p1a: Skeledirge|46/100|[from] item: Leftovers\n|upkeep\n|\n|t:|1776488681\n|switch|p1b: Garchomp|Garchomp, L50, M|100/100\n|turn|5\n|\n|t:|1776488694\n|move|p1b: Garchomp|Protect|p1b: Garchomp\n|-singleturn|p1b: Garchomp|Protect\n|move|p1a: Skeledirge|Protect|p1a: Skeledirge\n|-singleturn|p1a: Skeledirge|Protect\n|move|p2a: Venusaur|Sludge Bomb|p1a: Skeledirge\n|-activate|p1a: Skeledirge|move: Protect\n|move|p2b: Camerupt|Earth Power|p1b: Garchomp\n|-activate|p1b: Garchomp|move: Protect\n|\n|-weather|none\n|-heal|p1a: Skeledirge|52/100|[from] item: Leftovers\n|upkeep\n|turn|6\n|c|\u2606Tel0sB3ta|wow\n|c|\u2606Tel0sB3ta|Skledirge es mas rapido que Camerupt\n|c|\u2606Tel0sB3ta|pense que seria m\u00e1s lento\n|c|\u2606Tel0sB3ta|no se porque\n|\n|t:|1776488763\n|move|p2b: Camerupt|Protect|p2b: Camerupt\n|-singleturn|p2b: Camerupt|Protect\n|move|p1b: Garchomp|Rock Slide|p2b: Camerupt|[spread] p2a\n|-activate|p2b: Camerupt|move: Protect\n|-damage|p2a: Venusaur|0 fnt\n|faint|p2a: Venusaur\n|move|p1a: Skeledirge|Slack Off|p1a: Skeledirge\n|-heal|p1a: Skeledirge|100/100\n|\n|upkeep\n|\n|t:|1776488775\n|switch|p2a: Gallade|Gallade, L50, M|100/100\n|turn|7\n|\n|t:|1776488787\n|switch|p2a: Incineroar|Incineroar, L50, F|100/100\n|-ability|p2a: Incineroar|Intimidate|boost\n|-unboost|p1a: Skeledirge|atk|1\n|-unboost|p1b: Garchomp|atk|1\n|move|p1b: Garchomp|Stomping Tantrum|p2b: Camerupt\n|-supereffective|p2b: Camerupt|1\n|-damage|p2b: Camerupt|0 fnt\n|faint|p2b: Camerupt\n|move|p1a: Skeledirge|Shadow Ball|p2a: Incineroar\n|-resisted|p2a: Incineroar|1\n|-damage|p2a: Incineroar|74/100\n|\n|upkeep\n|\n|t:|1776488797\n|switch|p2b: Gallade|Gallade, L50, M|100/100\n|turn|8\n|\n|t:|1776488805\n|switch|p1b: Charizard|Charizard-Mega-Y, L50, F|100/100\n|-weather|SunnyDay|[from] ability: Drought|[of] p1b: Charizard\n|move|p1a: Skeledirge|Protect|p1a: Skeledirge\n|-singleturn|p1a: Skeledirge|Protect\n|move|p2b: Gallade|Sacred Sword|p1b: Charizard\n|-resisted|p1b: Charizard|1\n|-damage|p1b: Charizard|52/100\n|move|p2a: Incineroar|Darkest Lariat|p1a: Skeledirge\n|-activate|p1a: Skeledirge|move: Protect\n|\n|-weather|SunnyDay|[upkeep]\n|upkeep\n|turn|9\n|\n|t:|1776488822\n|move|p1b: Charizard|Dragon Pulse|p2a: Incineroar\n|-crit|p2a: Incineroar\n|-damage|p2a: Incineroar|28/100\n|-enditem|p2a: Incineroar|Sitrus Berry|[eat]\n|-heal|p2a: Incineroar|53/100|[from] item: Sitrus Berry\n|move|p2b: Gallade|Psycho Cut|p1b: Charizard\n|-damage|p1b: Charizard|0 fnt\n|faint|p1b: Charizard\n|move|p1a: Skeledirge|Torch Song|p2b: Gallade\n|-damage|p2b: Gallade|18/100\n|-boost|p1a: Skeledirge|spa|1\n|move|p2a: Incineroar|Darkest Lariat|p1a: Skeledirge\n|-supereffective|p1a: Skeledirge|1\n|-damage|p1a: Skeledirge|25/100\n|\n|-weather|SunnyDay|[upkeep]\n|-heal|p1a: Skeledirge|31/100|[from] item: Leftovers\n|upkeep\n|\n|t:|1776488835\n|switch|p1b: Garchomp|Garchomp, L50, M|100/100\n|turn|10\n|\n|t:|1776488843\n|move|p2b: Gallade|Wide Guard|p2b: Gallade\n|-singleturn|p2b: Gallade|Wide Guard\n|move|p1b: Garchomp|Stomping Tantrum|p2a: Incineroar\n|-supereffective|p2a: Incineroar|1\n|-damage|p2a: Incineroar|0 fnt\n|faint|p2a: Incineroar\n|move|p1a: Skeledirge|Torch Song|p2b: Gallade\n|-damage|p2b: Gallade|0 fnt\n|-boost|p1a: Skeledirge|spa|1\n|faint|p2b: Gallade\n|\n|win|Tel0sB3ta\n||lov u fefi is ready for game 2.\n|inactive|Tel0sB3ta has 30 seconds to confirm battle start!\n",
  "uploadtime": 1776488857,
  "views": 15,
  "formatid": "gen9championsvgc2026regma",
  "rating": null,
  "private": 0,
  "password": null
}