{
  "id": "gen9championsvgc2026regma-2589409056",
  "format": "[Gen 9 Champions] VGC 2026 Reg M-A",
  "players": [
    "MimikyuBot",
    "irojoh"
  ],
  "log": "|j|\u2606MimikyuBot\n|j|\u2606irojoh\n|t:|1776720559\n|gametype|doubles\n|player|p1|MimikyuBot|266|1000\n|player|p2|irojoh|169|1036\n|gen|9\n|tier|[Gen 9 Champions] VGC 2026 Reg M-A\n|rated|\n|rule|Species Clause: Limit one of each Pok\u00e9mon\n|rule|Item Clause: Limit 1 of each item\n|clearpoke\n|poke|p1|Aegislash, L50, F, shiny|\n|poke|p1|Whimsicott, L50, F, shiny|\n|poke|p1|Gallade, L50, M, shiny|\n|poke|p1|Incineroar, L50, M, shiny|\n|poke|p1|Clefable, L50, F, shiny|\n|poke|p1|Milotic, L50, M, shiny|\n|poke|p2|Primarina, L50, F|\n|poke|p2|Araquanid, L50, M|\n|poke|p2|Sinistcha, L50|\n|poke|p2|Pelipper, L50, M|\n|poke|p2|Meganium, L50, M|\n|poke|p2|Kingambit, L50, M|\n|teampreview|4\nMimikyuBot has agreed to open team sheets.\n|inactive|Battle timer is ON: inactive players will automatically lose when time's up. (requested by irojoh)\nirojoh rejected open team sheets.\n|\n|t:|1776720598\n|teamsize|p1|4\n|teamsize|p2|4\n|start\n|switch|p1a: Gallade|Gallade, L50, M, shiny|100/100\n|switch|p1b: Clefable|Clefable, L50, F, shiny|100/100\n|switch|p2a: Kingambit|Kingambit, L50, M|100/100\n|switch|p2b: Meganium|Meganium, L50, M|100/100\n|turn|1\n|inactive|MimikyuBot also wants the timer to be on.\n|\n|t:|1776720615\n|switch|p2a: Sinistcha|Sinistcha, L50|100/100\n|detailschange|p2b: Meganium|Meganium-Mega, L50, M\n|-mega|p2b: Meganium|Meganium|Meganiumite\n|move|p1b: Clefable|Follow Me|p1b: Clefable\n|-singleturn|p1b: Clefable|move: Follow Me\n|move|p1a: Gallade|Psycho Cut|p2a: Sinistcha\n|-damage|p2a: Sinistcha|44/100\n|-enditem|p2a: Sinistcha|Sitrus Berry|[eat]\n|-heal|p2a: Sinistcha|69/100|[from] item: Sitrus Berry\n|move|p2b: Meganium|Dazzling Gleam|p1b: Clefable|[spread] p1a,p1b\n|-supereffective|p1a: Gallade|1\n|-damage|p1a: Gallade|25/100\n|-damage|p1b: Clefable|63/100\n|\n|upkeep\n|turn|2\n|\n|t:|1776720636\n|move|p1b: Clefable|Follow Me|p1b: Clefable\n|-singleturn|p1b: Clefable|move: Follow Me\n|move|p1a: Gallade|Psycho Cut|p2b: Meganium\n|-damage|p2b: Meganium|51/100\n|move|p2b: Meganium|Dazzling Gleam|p1a: Gallade|[spread] p1a,p1b\n|-supereffective|p1a: Gallade|1\n|-damage|p1a: Gallade|0 fnt\n|-damage|p1b: Clefable|27/100\n|-enditem|p1b: Clefable|Sitrus Berry|[eat]\n|-heal|p1b: Clefable|52/100|[from] item: Sitrus Berry\n|faint|p1a: Gallade\n|move|p2a: Sinistcha|Matcha Gotcha|p1b: Clefable\n|-damage|p1b: Clefable|13/100\n|-heal|p2a: Sinistcha|91/100|[from] drain|[of] p1b: Clefable\n|-status|p1b: Clefable|brn\n|\n|-damage|p1b: Clefable|7/100 brn|[from] brn\n|upkeep\n|\n|t:|1776720637\n|switch|p1a: Aegislash|Aegislash, L50, F, shiny|100/100\n|turn|3\n|inactive|irojoh has 30 seconds left.\n|inactive|irojoh has 20 seconds left.\n|inactive|irojoh has 15 seconds left.\n|\n|t:|1776720678\n|switch|p1b: Whimsicott|Whimsicott, L50, F, shiny|100/100\n|move|p2b: Meganium|Weather Ball|p1a: Aegislash\n|-supereffective|p1a: Aegislash|1\n|-damage|p1a: Aegislash|5/100\n|-formechange|p1a: Aegislash|Aegislash-Blade|\n|move|p1a: Aegislash|Poltergeist|p2b: Meganium\n|-activate|p2b: Meganium|move: Poltergeist|Meganiumite\n|-damage|p2b: Meganium|0 fnt\n|faint|p2b: Meganium\n|move|p2a: Sinistcha|Trick Room|p2a: Sinistcha\n|-fieldstart|move: Trick Room|[of] p2a: Sinistcha\n|\n|upkeep\n|\n|t:|1776720693\n|switch|p2b: Kingambit|Kingambit, L50, M|100/100\n|turn|4\n|\n|t:|1776720705\n|move|p2b: Kingambit|Iron Head|p1a: Aegislash\n|-resisted|p1a: Aegislash|1\n|-damage|p1a: Aegislash|0 fnt\n|faint|p1a: Aegislash\n|move|p2a: Sinistcha|Matcha Gotcha|p1b: Whimsicott\n|-resisted|p1b: Whimsicott|1\n|-damage|p1b: Whimsicott|71/100\n|-heal|p2a: Sinistcha|100/100|[from] drain|[of] p1b: Whimsicott\n|-status|p1b: Whimsicott|brn\n|move|p1b: Whimsicott|Moonblast|p2b: Kingambit\n|-damage|p2b: Kingambit|62/100\n|-unboost|p2b: Kingambit|spa|1\n|-ability|p2b: Kingambit|Defiant|boost\n|-boost|p2b: Kingambit|atk|2\n|\n|-damage|p1b: Whimsicott|65/100 brn|[from] brn\n|upkeep\n|\n|t:|1776720705\n|switch|p1a: Clefable|Clefable, L50, F, shiny|7/100 brn\n|turn|5\n|inactive|irojoh has 30 seconds left.\n|\n|t:|1776720731\n|move|p1b: Whimsicott|Tailwind|p1b: Whimsicott\n|-sidestart|p1: MimikyuBot|move: Tailwind\n|move|p2b: Kingambit|Iron Head|p1b: Whimsicott\n|-supereffective|p1b: Whimsicott|1\n|-damage|p1b: Whimsicott|0 fnt\n|faint|p1b: Whimsicott\n|move|p2a: Sinistcha|Life Dew||[still]|[spread] p2a,p2b\n|-fail|p2a: Sinistcha|heal\n|-heal|p2b: Kingambit|87/100\n|move|p1a: Clefable|Moonblast|p2a: Sinistcha\n|-damage|p2a: Sinistcha|71/100\n|\n|-damage|p1a: Clefable|1/100 brn|[from] brn\n|upkeep\n|turn|6\n|\n|t:|1776720748\n|move|p2b: Kingambit|Iron Head|p1a: Clefable\n|-supereffective|p1a: Clefable|1\n|-damage|p1a: Clefable|0 fnt\n|faint|p1a: Clefable\n|\n|win|irojoh\n",
  "uploadtime": 1776720599,
  "views": 5,
  "formatid": "gen9championsvgc2026regma",
  "rating": null,
  "private": 0,
  "password": null
}