{
  "id": "gen9championsvgc2026regma-2580291246",
  "format": "[Gen 9 Champions] VGC 2026 Reg M-A",
  "players": [
    "lolgz",
    "saltyalab"
  ],
  "log": "|j|\u2606lolgz\n|j|\u2606saltyalab\n|t:|1775876552\n|gametype|doubles\n|player|p1|lolgz|265|1040\n|player|p2|saltyalab|102|1000\n|gen|9\n|tier|[Gen 9 Champions] VGC 2026 Reg M-A\n|rated|\n|rule|Species Clause: Limit one of each Pok\u00e9mon\n|rule|Item Clause: Limit 1 of each item\n|clearpoke\n|poke|p1|Kingambit, L50, M|\n|poke|p1|Incineroar, L50, M|\n|poke|p1|Sneasler, L50, M|\n|poke|p1|Floette-Eternal, L50, F|\n|poke|p1|Delphox, L50, M|\n|poke|p1|Aerodactyl, L50, M|\n|poke|p2|Whimsicott, L50, M|\n|poke|p2|Charizard, L50, M|\n|poke|p2|Kingambit, L50, F|\n|poke|p2|Venusaur, L50, M|\n|poke|p2|Greninja-*, L50, F|\n|poke|p2|Dragapult, L50, M|\n|teampreview|4\n|\n|t:|1775876598\n|teamsize|p1|4\n|teamsize|p2|4\n|start\n|switch|p1a: Delphox|Delphox, L50, M|100/100\n|switch|p1b: Aerodactyl|Aerodactyl, L50, M|100/100\n|switch|p2a: Whimsicott|Whimsicott, L50, M|100/100\n|switch|p2b: Greninja|Greninja, L50, F|100/100\n|-ability|p1b: Aerodactyl|Unnerve\n|turn|1\n|\n|t:|1775876635\n|move|p2a: Whimsicott|Protect|p2a: Whimsicott\n|-singleturn|p2a: Whimsicott|Protect\n|move|p1a: Delphox|Protect|p1a: Delphox\n|-singleturn|p1a: Delphox|Protect\n|move|p1b: Aerodactyl|Tailwind|p1b: Aerodactyl\n|-sidestart|p1: lolgz|move: Tailwind\n|move|p2b: Greninja|Icy Wind|p1b: Aerodactyl|[spread] p1b\n|-start|p2b: Greninja|typechange|Ice|[from] ability: Protean\n|-activate|p1a: Delphox|move: Protect\n|-supereffective|p1b: Aerodactyl|1\n|-damage|p1b: Aerodactyl|45/100\n|-unboost|p1b: Aerodactyl|spe|1\n|\n|upkeep\n|turn|2\n|\n|t:|1775876646\n|detailschange|p1a: Delphox|Delphox-Mega, L50, M\n|-mega|p1a: Delphox|Delphox|Delphoxite\n|move|p2a: Whimsicott|Tailwind|p2a: Whimsicott\n|-sidestart|p2: saltyalab|move: Tailwind\n|move|p1a: Delphox|Heat Wave|p2a: Whimsicott|[spread] p2a,p2b\n|-supereffective|p2a: Whimsicott|1\n|-supereffective|p2b: Greninja|1\n|-damage|p2a: Whimsicott|0 fnt\n|-enditem|p2b: Greninja|Focus Sash\n|-damage|p2b: Greninja|1/100\n|faint|p2a: Whimsicott\n|move|p2b: Greninja|Ice Beam|p1b: Aerodactyl\n|-supereffective|p1b: Aerodactyl|1\n|-damage|p1b: Aerodactyl|0 fnt\n|faint|p1b: Aerodactyl\n|\n|upkeep\n|\n|t:|1775876667\n|switch|p1b: Sneasler|Sneasler, L50, M|100/100\n|switch|p2a: Charizard|Charizard, L50, M|100/100\n|turn|3\n|\n|t:|1775876696\n|move|p2a: Charizard|Protect|p2a: Charizard\n|-singleturn|p2a: Charizard|Protect\n|move|p1b: Sneasler|Fake Out|p2a: Charizard\n|-activate|p2a: Charizard|move: Protect\n|move|p1a: Delphox|Heat Wave|p2b: Greninja|[spread] p2b\n|-activate|p2a: Charizard|move: Protect\n|-supereffective|p2b: Greninja|1\n|-crit|p2b: Greninja\n|-damage|p2b: Greninja|0 fnt\n|faint|p2b: Greninja\n|\n|upkeep\n|\n|t:|1775876702\n|switch|p2b: Venusaur|Venusaur, L50, M|100/100\n|turn|4\n|\n|t:|1775876712\n|detailschange|p2a: Charizard|Charizard-Mega-Y, L50, M\n|-mega|p2a: Charizard|Charizard|Charizardite Y\n|-weather|SunnyDay|[from] ability: Drought|[of] p2a: Charizard\n|move|p2b: Venusaur|Sleep Powder|p1a: Delphox\n|-status|p1a: Delphox|slp|[from] move: Sleep Powder\n|cant|p1a: Delphox|slp\n|move|p1b: Sneasler|Dire Claw|p2b: Venusaur\n|-damage|p2b: Venusaur|49/100\n|move|p2a: Charizard|Heat Wave|p1a: Delphox|[spread] p1a\n|-miss|p2a: Charizard|p1b: Sneasler\n|-resisted|p1a: Delphox|1\n|-damage|p1a: Delphox|69/100 slp\n|\n|-weather|SunnyDay|[upkeep]\n|-sideend|p1: lolgz|move: Tailwind\n|upkeep\n|turn|5\n|\n|t:|1775876720\n|move|p1b: Sneasler|Protect|p1b: Sneasler\n|-singleturn|p1b: Sneasler|Protect\n|move|p2b: Venusaur|Sleep Powder|p1b: Sneasler\n|-activate|p1b: Sneasler|move: Protect\n|move|p2a: Charizard|Heat Wave|p1b: Sneasler|[spread] p1a\n|-activate|p1b: Sneasler|move: Protect\n|-resisted|p1a: Delphox|1\n|-damage|p1a: Delphox|39/100 slp\n|cant|p1a: Delphox|slp\n|\n|-weather|SunnyDay|[upkeep]\n|-sideend|p2: saltyalab|move: Tailwind\n|upkeep\n|turn|6\n|\n|t:|1775876726\n|move|p2b: Venusaur|Sleep Powder|p1b: Sneasler\n|-status|p1b: Sneasler|slp|[from] move: Sleep Powder\n|-curestatus|p1a: Delphox|slp|[msg]\n|move|p1a: Delphox|Psychic|p2b: Venusaur\n|-supereffective|p2b: Venusaur|1\n|-crit|p2b: Venusaur\n|-damage|p2b: Venusaur|0 fnt\n|faint|p2b: Venusaur\n|cant|p1b: Sneasler|slp\n|move|p2a: Charizard|Heat Wave|p1a: Delphox|[spread] \n|-miss|p2a: Charizard|p1a: Delphox\n|-miss|p2a: Charizard|p1b: Sneasler\n|\n|-weather|SunnyDay|[upkeep]\n|upkeep\n|turn|7\n|\n|t:|1775876731\n|move|p1a: Delphox|Psychic|p2a: Charizard\n|-damage|p2a: Charizard|42/100\n|cant|p1b: Sneasler|slp\n|move|p2a: Charizard|Dragon Pulse|p1a: Delphox\n|-damage|p1a: Delphox|8/100\n|\n|-weather|SunnyDay|[upkeep]\n|upkeep\n|turn|8\n|-message|saltyalab forfeited.\n|\n|win|lolgz\n|raw|lolgz's rating: 1040 &rarr; <strong>1070</strong><br />(+30 for winning)\n|raw|saltyalab's rating: 1000 &rarr; <strong>1000</strong><br />(+0 for losing)\n",
  "uploadtime": 1775876735,
  "views": 12,
  "formatid": "gen9championsvgc2026regma",
  "rating": 1000,
  "private": 0,
  "password": null
}