{
  "id": "gen9championsvgc2026regma-2582641329",
  "format": "[Gen 9 Champions] VGC 2026 Reg M-A",
  "players": [
    "farlzr",
    "Elitecdog"
  ],
  "log": "|j|\u2606farlzr\n|j|\u2606Elitecdog\n|t:|1776104401\n|gametype|doubles\n|player|p1|farlzr|shadowtriad|1236\n|player|p2|Elitecdog|elesa|1332\n|gen|9\n|tier|[Gen 9 Champions] VGC 2026 Reg M-A\n|rated|\n|rule|Species Clause: Limit one of each Pok\u00e9mon\n|rule|Item Clause: Limit 1 of each item\n|clearpoke\n|poke|p1|Incineroar, L50, M|\n|poke|p1|Hatterene, L50, F|\n|poke|p1|Farigiraf, L50, F|\n|poke|p1|Torkoal, L50, F|\n|poke|p1|Kingambit, L50, M|\n|poke|p1|Kangaskhan, L50, F|\n|poke|p2|Charizard, L50, F|\n|poke|p2|Whimsicott, L50, F|\n|poke|p2|Milotic, L50, M|\n|poke|p2|Sneasler, L50, F|\n|poke|p2|Basculegion, L50, M|\n|poke|p2|Sinistcha, L50|\n|teampreview|4\n|inactive|Battle timer is ON: inactive players will automatically lose when time's up. (requested by Elitecdog)\n|inactive|Elitecdog has 60 seconds left.\n|\n|t:|1776104459\n|teamsize|p1|4\n|teamsize|p2|4\n|start\n|switch|p1a: Farigiraf|Farigiraf, L50, F|100/100\n|switch|p1b: Incineroar|Incineroar, L50, M|100/100\n|switch|p2a: Milotic|Milotic, L50, M|100/100\n|switch|p2b: Sinistcha|Sinistcha, L50|100/100\n|-ability|p1b: Incineroar|Intimidate|boost\n|-unboost|p2a: Milotic|atk|1\n|-ability|p2a: Milotic|Competitive|boost\n|-boost|p2a: Milotic|spa|2\n|-unboost|p2b: Sinistcha|atk|1\n|turn|1\n|\n|t:|1776104477\n|move|p2a: Milotic|Scald|p1b: Incineroar\n|-supereffective|p1b: Incineroar|1\n|-damage|p1b: Incineroar|0 fnt\n|faint|p1b: Incineroar\n|move|p2b: Sinistcha|Trick Room|p2b: Sinistcha\n|-fieldstart|move: Trick Room|[of] p2b: Sinistcha\n|move|p1a: Farigiraf|Trick Room|p1a: Farigiraf\n|-fieldend|move: Trick Room\n|\n|upkeep\n|\n|t:|1776104483\n|switch|p1b: Torkoal|Torkoal, L50, F, shiny|100/100\n|-weather|SunnyDay|[from] ability: Drought|[of] p1b: Torkoal\n|turn|2\n|inactive|Elitecdog has 30 seconds left.\n|inactive|Elitecdog has 20 seconds left.\n|inactive|Elitecdog has 15 seconds left.\n|inactive|Elitecdog has 10 seconds left.\n|\n|t:|1776104529\n|switch|p1b: Kingambit|Kingambit, L50, M|100/100\n|move|p2a: Milotic|Scald|p1b: Kingambit\n|-damage|p1b: Kingambit|74/100\n|-status|p1b: Kingambit|brn\n|move|p2b: Sinistcha|Trick Room|p2b: Sinistcha\n|-fieldstart|move: Trick Room|[of] p2b: Sinistcha\n|move|p1a: Farigiraf|Trick Room|p1a: Farigiraf\n|-fieldend|move: Trick Room\n|\n|-weather|SunnyDay|[upkeep]\n|-damage|p1b: Kingambit|69/100 brn|[from] brn\n|upkeep\n|turn|3\n|inactive|Elitecdog has 30 seconds left.\n|inactive|Elitecdog has 20 seconds left.\n|\n|t:|1776104564\n|switch|p2b: Charizard|Charizard, L50, F|100/100\n|move|p2a: Milotic|Scald|p1b: Kingambit\n|-damage|p1b: Kingambit|41/100 brn\n|move|p1b: Kingambit|Kowtow Cleave|p2b: Charizard\n|-damage|p2b: Charizard|65/100\n|move|p1a: Farigiraf|Trick Room|p1a: Farigiraf\n|-fieldstart|move: Trick Room|[of] p1a: Farigiraf\n|\n|-weather|SunnyDay|[upkeep]\n|-damage|p1b: Kingambit|35/100 brn|[from] brn\n|upkeep\n|turn|4\n|\n|t:|1776104584\n|detailschange|p2b: Charizard|Charizard-Mega-X, L50, F\n|-mega|p2b: Charizard|Charizard|Charizardite X\n|move|p2b: Charizard|Protect|p2b: Charizard\n|-singleturn|p2b: Charizard|Protect\n|move|p1b: Kingambit|Kowtow Cleave|p2a: Milotic\n|-damage|p2a: Milotic|66/100\n|move|p1a: Farigiraf|Hyper Voice|p2b: Charizard|[spread] p2a\n|-activate|p2b: Charizard|move: Protect\n|-damage|p2a: Milotic|49/100\n|move|p2a: Milotic|Life Dew|p2a: Milotic|[spread] p2a,p2b\n|-heal|p2a: Milotic|74/100\n|-heal|p2b: Charizard|90/100\n|\n|-weather|SunnyDay|[upkeep]\n|-heal|p2a: Milotic|80/100|[from] item: Leftovers\n|-damage|p1b: Kingambit|29/100 brn|[from] brn\n|upkeep\n|turn|5\n|inactive|Elitecdog has 30 seconds left.\n|\n|t:|1776104612\n|move|p1b: Kingambit|Kowtow Cleave|p2b: Charizard\n|-damage|p2b: Charizard|64/100\n|move|p1a: Farigiraf|Hyper Voice|p2b: Charizard|[spread] p2a,p2b\n|-damage|p2a: Milotic|64/100\n|-damage|p2b: Charizard|31/100\n|move|p2a: Milotic|Life Dew|p2a: Milotic|[spread] p2a,p2b\n|-heal|p2a: Milotic|90/100\n|-heal|p2b: Charizard|56/100\n|move|p2b: Charizard|Flare Blitz|p1a: Farigiraf\n|-damage|p1a: Farigiraf|0 fnt\n|faint|p1a: Farigiraf\n|-damage|p2b: Charizard|16/100|[from] Recoil\n|\n|-weather|SunnyDay|[upkeep]\n|-heal|p2a: Milotic|96/100|[from] item: Leftovers\n|-damage|p1b: Kingambit|24/100 brn|[from] brn\n|upkeep\n|\n|t:|1776104618\n|switch|p1a: Torkoal|Torkoal, L50, F, shiny|100/100\n|turn|6\n|\n|t:|1776104637\n|move|p2b: Charizard|Protect|p2b: Charizard\n|-singleturn|p2b: Charizard|Protect\n|move|p1a: Torkoal|Eruption|p2a: Milotic|[spread] p2a\n|-activate|p2b: Charizard|move: Protect\n|-resisted|p2a: Milotic|1\n|-damage|p2a: Milotic|70/100\n|move|p1b: Kingambit|Swords Dance|p1b: Kingambit\n|-boost|p1b: Kingambit|atk|2\n|move|p2a: Milotic|Life Dew|p2a: Milotic|[spread] p2a,p2b\n|-heal|p2a: Milotic|96/100\n|-heal|p2b: Charizard|40/100\n|\n|-weather|none\n|-heal|p2a: Milotic|100/100|[from] item: Leftovers\n|-damage|p1b: Kingambit|18/100 brn|[from] brn\n|upkeep\n|turn|7\n|inactive|Elitecdog has 30 seconds left.\n|inactive|Elitecdog has 20 seconds left.\n|inactive|Elitecdog has 15 seconds left.\n|\n|t:|1776104678\n|switch|p2b: Sneasler|Sneasler, L50, F|100/100\n|move|p1a: Torkoal|Eruption|p2a: Milotic|[spread] p2a,p2b\n|-resisted|p2a: Milotic|1\n|-crit|p2a: Milotic\n|-damage|p2a: Milotic|77/100\n|-damage|p2b: Sneasler|28/100\n|move|p1b: Kingambit|Kowtow Cleave|p2a: Milotic\n|-crit|p2a: Milotic\n|-damage|p2a: Milotic|0 fnt\n|faint|p2a: Milotic\n|\n|-damage|p1b: Kingambit|12/100 brn|[from] brn\n|-fieldend|move: Trick Room\n|upkeep\n|\n|t:|1776104694\n|switch|p2a: Sinistcha|Sinistcha, L50|100/100\n|-heal|p2b: Sneasler|53/100|[from] ability: Hospitality|[of] p2a: Sinistcha\n|turn|8\n|\n|t:|1776104709\n|move|p1a: Torkoal|Protect|p1a: Torkoal\n|-singleturn|p1a: Torkoal|Protect\n|move|p2b: Sneasler|Fake Out|p1a: Torkoal\n|-activate|p1a: Torkoal|move: Protect\n|move|p2a: Sinistcha|Life Dew||[still]|[spread] p2a,p2b\n|-fail|p2a: Sinistcha|heal\n|-heal|p2b: Sneasler|78/100\n|move|p1b: Kingambit|Kowtow Cleave|p2b: Sneasler\n|-resisted|p2b: Sneasler|1\n|-damage|p2b: Sneasler|25/100\n|\n|-damage|p1b: Kingambit|6/100 brn|[from] brn\n|upkeep\n|turn|9\n|\n|t:|1776104732\n|move|p1b: Kingambit|Sucker Punch|p2b: Sneasler\n|-resisted|p2b: Sneasler|1\n|-damage|p2b: Sneasler|0 fnt\n|faint|p2b: Sneasler\n|move|p2a: Sinistcha|Life Dew||[still]\n|-fail|p2a: Sinistcha|heal\n|move|p1a: Torkoal|Eruption|p2a: Sinistcha\n|-supereffective|p2a: Sinistcha|1\n|-damage|p2a: Sinistcha|0 fnt\n|faint|p2a: Sinistcha\n|\n|-damage|p1b: Kingambit|0 fnt|[from] brn\n|faint|p1b: Kingambit\n|upkeep\n|\n|t:|1776104744\n|switch|p2b: Charizard|Charizard-Mega-X, L50, F|40/100\n|turn|10\n|\n|t:|1776104750\n|move|p2b: Charizard|Dragon Claw|p1a: Torkoal\n|-damage|p1a: Torkoal|61/100\n|move|p1a: Torkoal|Earth Power|p2b: Charizard\n|-supereffective|p2b: Charizard|1\n|-damage|p2b: Charizard|0 fnt\n|faint|p2b: Charizard\n|\n|win|farlzr\n|raw|farlzr's rating: 1236 &rarr; <strong>1268</strong><br />(+32 for winning)\n|raw|Elitecdog's rating: 1332 &rarr; <strong>1307</strong><br />(-25 for losing)\n|l|\u2606Elitecdog\n|player|p2|\n",
  "uploadtime": 1776104766,
  "views": 35,
  "formatid": "gen9championsvgc2026regma",
  "rating": 1268,
  "private": 0,
  "password": null
}