{
  "id": "gen9championsvgc2026regma-2588569722",
  "format": "[Gen 9 Champions] VGC 2026 Reg M-A",
  "players": [
    "Rworwo",
    "ilveroseby"
  ],
  "log": "|j|\u2606Rworwo\n|j|\u2606ilveroseby\n|t:|1776645943\n|gametype|doubles\n|player|p1|Rworwo|pokefan|1316\n|player|p2|ilveroseby|101|1350\n|gen|9\n|tier|[Gen 9 Champions] VGC 2026 Reg M-A\n|rated|\n|rule|Species Clause: Limit one of each Pok\u00e9mon\n|rule|Item Clause: Limit 1 of each item\n|clearpoke\n|poke|p1|Pelipper, L50, F|\n|poke|p1|Meganium, L50, M|\n|poke|p1|Basculegion, L50, M|\n|poke|p1|Archaludon, L50, M|\n|poke|p1|Rotom-Heat, L50|\n|poke|p1|Ariados, L50, F|\n|poke|p2|Oranguru, L50, M|\n|poke|p2|Slowbro, L50, F|\n|poke|p2|Crabominable, L50, M|\n|poke|p2|Kingambit, L50, M, shiny|\n|poke|p2|Sinistcha, L50|\n|poke|p2|Incineroar, L50, M|\n|teampreview|4\n|inactive|Battle timer is ON: inactive players will automatically lose when time's up. (requested by ilveroseby)\n|inactive|Rworwo also wants the timer to be on.\n|j| Scarret\n|inactive|Rworwo has 60 seconds left.\n|inactive|ilveroseby has 60 seconds left.\n|\n|t:|1776645989\n|teamsize|p1|4\n|teamsize|p2|4\n|start\n|switch|p1a: Ariados|Ariados, L50, F|100/100\n|switch|p1b: Rotom|Rotom-Heat, L50|100/100\n|switch|p2a: Sinistcha|Sinistcha, L50|100/100\n|switch|p2b: Crabominable|Crabominable, L50, M|100/100\n|turn|1\n|inactive|ilveroseby has 30 seconds left.\n|\n|t:|1776646018\n|move|p2a: Sinistcha|Protect|p2a: Sinistcha\n|-singleturn|p2a: Sinistcha|Protect\n|move|p1b: Rotom|Overheat|p2a: Sinistcha\n|-activate|p2a: Sinistcha|move: Protect\n|move|p1a: Ariados|Toxic Spikes|p2a: Sinistcha\n|-sidestart|p2: ilveroseby|move: Toxic Spikes\n|move|p2b: Crabominable|Drain Punch|p1b: Rotom\n|-damage|p1b: Rotom|53/100\n|\n|upkeep\n|turn|2\n|inactive|Rworwo has 30 seconds left.\n|inactive|ilveroseby has 30 seconds left.\n|\n|t:|1776646044\n|move|p2b: Crabominable|Protect|p2b: Crabominable\n|-singleturn|p2b: Crabominable|Protect\n|move|p1a: Ariados|Rage Powder|p1a: Ariados\n|-singleturn|p1a: Ariados|move: Rage Powder\n|move|p1b: Rotom|Overheat|p2a: Sinistcha\n|-supereffective|p2a: Sinistcha|1\n|-damage|p2a: Sinistcha|0 fnt\n|-unboost|p1b: Rotom|spa|2\n|faint|p2a: Sinistcha\n|\n|upkeep\n|\n|t:|1776646052\n|switch|p2a: Oranguru|Oranguru, L50, M|100/100\n|-status|p2a: Oranguru|psn\n|turn|3\n|inactive|Rworwo has 30 seconds left.\n|\n|t:|1776646082\n|detailschange|p2b: Crabominable|Crabominable-Mega, L50, M\n|-mega|p2b: Crabominable|Crabominable|Crabominite\n|move|p1b: Rotom|Overheat|p2b: Crabominable|[miss]\n|-miss|p1b: Rotom|p2b: Crabominable\n|move|p1a: Ariados|Struggle Bug|p2a: Oranguru|[spread] p2a,p2b\n|-supereffective|p2a: Oranguru|1\n|-resisted|p2b: Crabominable|1\n|-damage|p2a: Oranguru|87/100 psn\n|-damage|p2b: Crabominable|97/100\n|-unboost|p2a: Oranguru|spa|1\n|-unboost|p2b: Crabominable|spa|1\n|move|p2b: Crabominable|Drain Punch|p1b: Rotom\n|-damage|p1b: Rotom|0 fnt\n|-heal|p2b: Crabominable|100/100|[from] drain|[of] p1b: Rotom\n|faint|p1b: Rotom\n|move|p2a: Oranguru|Trick Room|p2a: Oranguru\n|-fieldstart|move: Trick Room|[of] p2a: Oranguru\n|\n|-damage|p2a: Oranguru|75/100 psn|[from] psn\n|upkeep\n|\n|t:|1776646099\n|switch|p1b: Meganium|Meganium, L50, M|100/100\n|turn|4\n|\n|t:|1776646109\n|detailschange|p1b: Meganium|Meganium-Mega, L50, M\n|-mega|p1b: Meganium|Meganium|Meganiumite\n|move|p1a: Ariados|Rage Powder|p1a: Ariados\n|-singleturn|p1a: Ariados|move: Rage Powder\n|move|p2b: Crabominable|Ice Hammer|p1a: Ariados|[miss]\n|-miss|p2b: Crabominable|p1a: Ariados\n|move|p2a: Oranguru|Instruct|p1a: Ariados\n|-singleturn|p1a: Ariados|move: Instruct|[of] p2a: Oranguru\n|move|p1a: Ariados|Rage Powder||[still]\n|-fail|p1a: Ariados\n|move|p1b: Meganium|Dazzling Gleam|p2b: Crabominable|[spread] p2a,p2b\n|-supereffective|p2b: Crabominable|1\n|-damage|p2a: Oranguru|47/100 psn\n|-damage|p2b: Crabominable|42/100\n|\n|-damage|p2a: Oranguru|35/100 psn|[from] psn\n|upkeep\n|turn|5\n|\n|t:|1776646130\n|move|p1a: Ariados|Rage Powder|p1a: Ariados\n|-singleturn|p1a: Ariados|move: Rage Powder\n|move|p2b: Crabominable|Ice Hammer|p1a: Ariados|[miss]\n|-miss|p2b: Crabominable|p1a: Ariados\n|move|p2a: Oranguru|Instruct|p1a: Ariados\n|-singleturn|p1a: Ariados|move: Instruct|[of] p2a: Oranguru\n|move|p1a: Ariados|Rage Powder||[still]\n|-fail|p1a: Ariados\n|move|p1b: Meganium|Dazzling Gleam|p2b: Crabominable|[spread] p2a,p2b\n|-supereffective|p2b: Crabominable|1\n|-damage|p2a: Oranguru|3/100 psn\n|-damage|p2b: Crabominable|0 fnt\n|faint|p2b: Crabominable\n|\n|-damage|p2a: Oranguru|0 fnt|[from] psn\n|faint|p2a: Oranguru\n|upkeep\n|\n|t:|1776646141\n|switch|p2b: Slowbro|Slowbro, L50, F|100/100\n|-status|p2b: Slowbro|psn\n|turn|6\n|\n|t:|1776646150\n|move|p1b: Meganium|Protect|p1b: Meganium\n|-singleturn|p1b: Meganium|Protect\n|move|p2b: Slowbro|Expanding Force|p1a: Ariados\n|-supereffective|p1a: Ariados|1\n|-damage|p1a: Ariados|0 fnt\n|faint|p1a: Ariados\n|\n|-damage|p2b: Slowbro|88/100 psn|[from] psn\n|upkeep\n|\n|t:|1776646157\n|switch|p1a: Basculegion|Basculegion, L50, M|100/100\n|turn|7\n|\n|t:|1776646163\n|move|p2b: Slowbro|Expanding Force|p1a: Basculegion\n|-damage|p1a: Basculegion|60/100\n|move|p1b: Meganium|Solar Beam||[still]\n|-prepare|p1b: Meganium|Solar Beam\n|-activate|p1b: Meganium|ability: Mega Sol\n|-anim|p1b: Meganium|Solar Beam|p2b: Slowbro\n|-supereffective|p2b: Slowbro|1\n|-damage|p2b: Slowbro|0 fnt\n|faint|p2b: Slowbro\n|\n|win|Rworwo\n|raw|Rworwo's rating: 1316 &rarr; <strong>1338</strong><br />(+22 for winning)\n|raw|ilveroseby's rating: 1350 &rarr; <strong>1328</strong><br />(-22 for losing)\n|l|\u2606ilveroseby\n|player|p2|\n",
  "uploadtime": 1776646173,
  "views": 18,
  "formatid": "gen9championsvgc2026regma",
  "rating": 1328,
  "private": 0,
  "password": null
}