{
  "id": "gen9championsvgc2026regma-2588421417",
  "format": "[Gen 9 Champions] VGC 2026 Reg M-A",
  "players": [
    "felipemur",
    "KangarooToodleloo"
  ],
  "log": "|j|\u2606felipemur\n|j|\u2606KangarooToodleloo\n|t:|1776632103\n|gametype|doubles\n|player|p1|felipemur|101|1404\n|player|p2|KangarooToodleloo|blue-masters|1316\n|gen|9\n|tier|[Gen 9 Champions] VGC 2026 Reg M-A\n|rated|\n|rule|Species Clause: Limit one of each Pok\u00e9mon\n|rule|Item Clause: Limit 1 of each item\n|clearpoke\n|poke|p1|Kangaskhan, L50, F|\n|poke|p1|Farigiraf, L50, M|\n|poke|p1|Incineroar, L50, F|\n|poke|p1|Camerupt, L50, M|\n|poke|p1|Sinistcha, L50|\n|poke|p1|Araquanid, L50, M|\n|poke|p2|Politoed, L50, F|\n|poke|p2|Scizor, L50, M|\n|poke|p2|Aerodactyl, L50, F|\n|poke|p2|Tauros-Paldea-Aqua, L50, M|\n|poke|p2|Volcarona, L50, M|\n|poke|p2|Meganium, L50, F|\n|teampreview|4\n|\n|t:|1776632130\n|teamsize|p1|4\n|teamsize|p2|4\n|start\n|switch|p1a: Incineroar|Incineroar, L50, F|100/100\n|switch|p1b: Farigiraf|Farigiraf, L50, M|100/100\n|switch|p2a: Volcarona|Volcarona, L50, M|100/100\n|switch|p2b: Meganium|Meganium, L50, F|100/100\n|-ability|p1a: Incineroar|Intimidate|boost\n|-unboost|p2a: Volcarona|atk|1\n|-unboost|p2b: Meganium|atk|1\n|turn|1\n|\n|t:|1776632141\n|switch|p2b: Tauros|Tauros-Paldea-Aqua, L50, M|100/100\n|-ability|p2b: Tauros|Intimidate|boost\n|-unboost|p1a: Incineroar|atk|1\n|-unboost|p1b: Farigiraf|atk|1\n|move|p1a: Incineroar|Fake Out|p2a: Volcarona\n|-damage|p2a: Volcarona|92/100\n|cant|p2a: Volcarona|flinch\n|move|p1b: Farigiraf|Trick Room|p1b: Farigiraf\n|-fieldstart|move: Trick Room|[of] p1b: Farigiraf\n|\n|upkeep\n|turn|2\n|\n|t:|1776632170\n|move|p2b: Tauros|Protect|p2b: Tauros\n|-singleturn|p2b: Tauros|Protect\n|move|p1b: Farigiraf|Hyper Voice|p2a: Volcarona|[spread] p2a\n|-activate|p2b: Tauros|move: Protect\n|-damage|p2a: Volcarona|64/100\n|move|p1a: Incineroar|Parting Shot|p2b: Tauros\n|-activate|p2b: Tauros|move: Protect\n|move|p2a: Volcarona|Struggle Bug|p1a: Incineroar|[spread] p1a,p1b\n|-supereffective|p1b: Farigiraf|1\n|-crit|p1b: Farigiraf\n|-damage|p1a: Incineroar|86/100\n|-damage|p1b: Farigiraf|46/100\n|-unboost|p1a: Incineroar|spa|1\n|-unboost|p1b: Farigiraf|spa|1\n|\n|upkeep\n|turn|3\n|\n|t:|1776632190\n|switch|p2a: Politoed|Politoed, L50, F|100/100\n|-weather|RainDance|[from] ability: Drizzle|[of] p2a: Politoed\n|move|p1b: Farigiraf|Twin Beam|p2b: Tauros\n|-supereffective|p2b: Tauros|1\n|-damage|p2b: Tauros|64/100\n|-supereffective|p2b: Tauros|1\n|-damage|p2b: Tauros|24/100\n|-hitcount|p2b: Tauros|2\n|move|p1a: Incineroar|Flare Blitz|p2a: Politoed\n|-resisted|p2a: Politoed|1\n|-crit|p2a: Politoed\n|-damage|p2a: Politoed|81/100\n|-damage|p1a: Incineroar|80/100|[from] Recoil\n|move|p2b: Tauros|Raging Bull|p1b: Farigiraf\n|-damage|p1b: Farigiraf|0 fnt\n|faint|p1b: Farigiraf\n|\n|-weather|RainDance|[upkeep]\n|upkeep\n|\n|t:|1776632210\n|switch|p1b: Araquanid|Araquanid, L50, M|100/100\n|turn|4\n|\n|t:|1776632224\n|switch|p2b: Meganium|Meganium, L50, F|100/100\n|move|p1b: Araquanid|Liquidation|p2a: Politoed\n|-resisted|p2a: Politoed|1\n|-damage|p2a: Politoed|33/100\n|-enditem|p2a: Politoed|Sitrus Berry|[eat]\n|-heal|p2a: Politoed|58/100|[from] item: Sitrus Berry\n|move|p1a: Incineroar|Parting Shot|p2b: Meganium\n|-unboost|p2b: Meganium|atk|1\n|-unboost|p2b: Meganium|spa|1\n|\n|t:|1776632233\n|switch|p1a: Camerupt|Camerupt, L50, M|100/100|[from] Parting Shot\n|move|p2a: Politoed|Weather Ball|p1a: Camerupt\n|-supereffective|p1a: Camerupt|2\n|-damage|p1a: Camerupt|0 fnt\n|faint|p1a: Camerupt\n|\n|-weather|RainDance|[upkeep]\n|upkeep\n|\n|t:|1776632238\n|switch|p1a: Incineroar|Incineroar, L50, F|80/100\n|-ability|p1a: Incineroar|Intimidate|boost\n|-unboost|p2a: Politoed|atk|1\n|-unboost|p2b: Meganium|atk|1\n|turn|5\n|\n|t:|1776632249\n|switch|p2b: Tauros|Tauros-Paldea-Aqua, L50, M|24/100\n|-ability|p2b: Tauros|Intimidate|boost\n|-unboost|p1a: Incineroar|atk|1\n|-unboost|p1b: Araquanid|atk|1\n|-enditem|p1b: Araquanid|White Herb\n|-clearnegativeboost|p1b: Araquanid|[silent]\n|move|p2a: Politoed|Protect|p2a: Politoed\n|-singleturn|p2a: Politoed|Protect\n|move|p1b: Araquanid|Leech Life|p2b: Tauros\n|-resisted|p2b: Tauros|1\n|-damage|p2b: Tauros|8/100\n|move|p1a: Incineroar|Darkest Lariat|p2a: Politoed\n|-activate|p2a: Politoed|move: Protect\n|\n|-weather|RainDance|[upkeep]\n|-fieldend|move: Trick Room\n|upkeep\n|turn|6\n|\n|t:|1776632279\n|switch|p2a: Volcarona|Volcarona, L50, M|64/100\n|move|p2b: Tauros|Raging Bull|p1a: Incineroar\n|-supereffective|p1a: Incineroar|1\n|-damage|p1a: Incineroar|0 fnt\n|faint|p1a: Incineroar\n|move|p1b: Araquanid|Liquidation|p2b: Tauros\n|-resisted|p2b: Tauros|1\n|-damage|p2b: Tauros|0 fnt\n|faint|p2b: Tauros\n|\n|-weather|RainDance|[upkeep]\n|upkeep\n|\n|t:|1776632287\n|switch|p2b: Meganium|Meganium, L50, F|100/100\n|turn|7\n|\n|t:|1776632293\n|detailschange|p2b: Meganium|Meganium-Mega, L50, F\n|-mega|p2b: Meganium|Meganium|Meganiumite\n|move|p2a: Volcarona|Rage Powder|p2a: Volcarona\n|-singleturn|p2a: Volcarona|move: Rage Powder\n|move|p2b: Meganium|Solar Beam||[still]\n|-prepare|p2b: Meganium|Solar Beam\n|-activate|p2b: Meganium|ability: Mega Sol\n|-anim|p2b: Meganium|Solar Beam|p1b: Araquanid\n|-damage|p1b: Araquanid|40/100\n|move|p1b: Araquanid|Leech Life|p2a: Volcarona\n|-resisted|p2a: Volcarona|1\n|-damage|p2a: Volcarona|51/100\n|-heal|p1b: Araquanid|47/100|[from] drain|[of] p2a: Volcarona\n|\n|-weather|none\n|upkeep\n|turn|8\n|\n|t:|1776632300\n|move|p2a: Volcarona|Rage Powder|p2a: Volcarona\n|-singleturn|p2a: Volcarona|move: Rage Powder\n|move|p2b: Meganium|Solar Beam||[still]\n|-prepare|p2b: Meganium|Solar Beam\n|-activate|p2b: Meganium|ability: Mega Sol\n|-anim|p2b: Meganium|Solar Beam|p1b: Araquanid\n|-damage|p1b: Araquanid|0 fnt\n|faint|p1b: Araquanid\n|\n|win|KangarooToodleloo\n|raw|felipemur's rating: 1404 &rarr; <strong>1379</strong><br />(-25 for losing)\n|raw|KangarooToodleloo's rating: 1316 &rarr; <strong>1341</strong><br />(+25 for winning)\n",
  "uploadtime": 1776632301,
  "views": 15,
  "formatid": "gen9championsvgc2026regma",
  "rating": 1341,
  "private": 0,
  "password": null
}