{
  "id": "gen9championsvgc2026regma-2580642193",
  "format": "[Gen 9 Champions] VGC 2026 Reg M-A",
  "players": [
    "Poke Chiyo",
    "MigraineMan"
  ],
  "log": "|j|\u2606Poke Chiyo\n|j|\u2606MigraineMan\n|t:|1775920644\n|gametype|doubles\n|player|p1|Poke Chiyo|2|1208\n|player|p2|MigraineMan|102|1147\n|gen|9\n|tier|[Gen 9 Champions] VGC 2026 Reg M-A\n|rated|\n|rule|Species Clause: Limit one of each Pok\u00e9mon\n|rule|Item Clause: Limit 1 of each item\n|clearpoke\n|poke|p1|Gardevoir, L50, M|\n|poke|p1|Incineroar, L50, F|\n|poke|p1|Garchomp, L50, M|\n|poke|p1|Maushold-Four, L50|\n|poke|p1|Aerodactyl, L50, F|\n|poke|p1|Milotic, L50, F|\n|poke|p2|Primarina, L50, F|\n|poke|p2|Kingambit, L50, M|\n|poke|p2|Scovillain, L50, M|\n|poke|p2|Sinistcha-Masterpiece, L50|\n|poke|p2|Incineroar, L50, M|\n|poke|p2|Pelipper, L50, F|\n|teampreview|4\n|\n|t:|1775920701\n|teamsize|p1|4\n|teamsize|p2|4\n|start\n|switch|p1a: Garchomp|Garchomp, L50, M|100/100\n|switch|p1b: Milotic|Milotic, L50, F|100/100\n|switch|p2a: Primarina|Primarina, L50, F, shiny|100/100\n|switch|p2b: Scovillain|Scovillain, L50, M|100/100\n|turn|1\n|\n|t:|1775920726\n|switch|p1b: Maushold|Maushold-Four, L50|100/100\n|detailschange|p2b: Scovillain|Scovillain-Mega, L50, M\n|-mega|p2b: Scovillain|Scovillain|Scovillainite\n|move|p1a: Garchomp|Rock Slide|p2a: Primarina|[spread] p2a,p2b\n|-supereffective|p2b: Scovillain|1\n|-damage|p2a: Primarina|77/100\n|-damage|p2b: Scovillain|56/100\n|-status|p1a: Garchomp|brn|[from] ability: Spicy Spray|[of] p2b: Scovillain\n|move|p2b: Scovillain|Leech Seed|p1a: Garchomp\n|-start|p1a: Garchomp|move: Leech Seed\n|move|p2a: Primarina|Calm Mind|p2a: Primarina\n|-boost|p2a: Primarina|spa|1\n|-boost|p2a: Primarina|spd|1\n|\n|-heal|p2a: Primarina|83/100|[from] item: Leftovers\n|-damage|p1a: Garchomp|88/100 brn|[from] Leech Seed|[of] p2b: Scovillain\n|-heal|p2b: Scovillain|71/100|[silent]\n|-damage|p1a: Garchomp|82/100 brn|[from] brn\n|upkeep\n|turn|2\n|\n|t:|1775920751\n|move|p2b: Scovillain|Rage Powder|p2b: Scovillain\n|-singleturn|p2b: Scovillain|move: Rage Powder\n|move|p1a: Garchomp|Rock Slide|p2a: Primarina|[spread] p2a,p2b\n|-supereffective|p2b: Scovillain|1\n|-damage|p2a: Primarina|71/100\n|-damage|p2b: Scovillain|46/100\n|move|p1b: Maushold|Super Fang|p2b: Scovillain\n|-damage|p2b: Scovillain|23/100\n|-status|p1b: Maushold|brn|[from] ability: Spicy Spray|[of] p2b: Scovillain\n|move|p2a: Primarina|Hyper Voice|p1a: Garchomp|[spread] p1a,p1b\n|-damage|p1a: Garchomp|42/100 brn\n|-damage|p1b: Maushold|40/100 brn\n|\n|-heal|p2a: Primarina|77/100|[from] item: Leftovers\n|-damage|p1a: Garchomp|30/100 brn|[from] Leech Seed|[of] p2b: Scovillain\n|-heal|p2b: Scovillain|38/100|[silent]\n|-damage|p1a: Garchomp|24/100 brn|[from] brn\n|-damage|p1b: Maushold|34/100 brn|[from] brn\n|upkeep\n|turn|3\n|\n|t:|1775920779\n|switch|p2b: Sinistcha|Sinistcha-Masterpiece, L50|100/100\n|-heal|p2a: Primarina|100/100|[from] ability: Hospitality|[of] p2b: Sinistcha\n|move|p1b: Maushold|Protect|p1b: Maushold\n|-singleturn|p1b: Maushold|Protect\n|move|p2a: Primarina|Protect|p2a: Primarina\n|-singleturn|p2a: Primarina|Protect\n|move|p1a: Garchomp|Rock Slide|p2b: Sinistcha|[spread] p2b\n|-activate|p2a: Primarina|move: Protect\n|-damage|p2b: Sinistcha|91/100\n|\n|-damage|p1a: Garchomp|12/100 brn|[from] Leech Seed|[of] p2b: Sinistcha\n|-heal|p2b: Sinistcha|100/100|[silent]\n|-damage|p1a: Garchomp|6/100 brn|[from] brn\n|-damage|p1b: Maushold|28/100 brn|[from] brn\n|upkeep\n|turn|4\n|\n|t:|1775920794\n|switch|p1b: Milotic|Milotic, L50, F|100/100\n|move|p2b: Sinistcha|Rage Powder|p2b: Sinistcha\n|-singleturn|p2b: Sinistcha|move: Rage Powder\n|move|p1a: Garchomp|Rock Slide|p2a: Primarina|[spread] p2a,p2b\n|-damage|p2a: Primarina|89/100\n|-damage|p2b: Sinistcha|92/100\n|move|p2a: Primarina|Calm Mind|p2a: Primarina\n|-boost|p2a: Primarina|spa|1\n|-boost|p2a: Primarina|spd|1\n|\n|-heal|p2a: Primarina|95/100|[from] item: Leftovers\n|-damage|p1a: Garchomp|0 fnt|[from] Leech Seed|[of] p2b: Sinistcha\n|-heal|p2b: Sinistcha|98/100|[silent]\n|faint|p1a: Garchomp\n|upkeep\n|\n|t:|1775920805\n|switch|p1a: Gardevoir|Gardevoir, L50, M|100/100\n|-ability|p1a: Gardevoir|Liquid Voice|Trace|[from] ability: Trace|[of] p2a: Primarina\n|turn|5\n|\n|t:|1775920830\n|detailschange|p1a: Gardevoir|Gardevoir-Mega, L50, M\n|-mega|p1a: Gardevoir|Gardevoir|Gardevoirite\n|move|p1a: Gardevoir|Psyshock|p2a: Primarina\n|-damage|p2a: Primarina|38/100\n|move|p1b: Milotic|Ice Beam|p2b: Sinistcha\n|-supereffective|p2b: Sinistcha|1\n|-damage|p2b: Sinistcha|57/100\n|move|p2a: Primarina|Hyper Voice|p1a: Gardevoir|[spread] p1a,p1b\n|-crit|p1a: Gardevoir\n|-resisted|p1b: Milotic|1\n|-damage|p1a: Gardevoir|20/100\n|-damage|p1b: Milotic|75/100\n|move|p2b: Sinistcha|Trick Room|p2b: Sinistcha\n|-fieldstart|move: Trick Room|[of] p2b: Sinistcha\n|\n|-heal|p2a: Primarina|44/100|[from] item: Leftovers\n|-heal|p1b: Milotic|81/100|[from] item: Leftovers\n|upkeep\n|turn|6\n|\n|t:|1775920853\n|move|p1a: Gardevoir|Protect|p1a: Gardevoir\n|-singleturn|p1a: Gardevoir|Protect\n|move|p2b: Sinistcha|Life Dew|p2b: Sinistcha|[spread] p2a,p2b\n|-heal|p2a: Primarina|69/100\n|-heal|p2b: Sinistcha|83/100\n|move|p2a: Primarina|Hyper Voice|p1b: Milotic|[spread] p1b\n|-activate|p1a: Gardevoir|move: Protect\n|-resisted|p1b: Milotic|1\n|-damage|p1b: Milotic|56/100\n|move|p1b: Milotic|Ice Beam|p2b: Sinistcha\n|-supereffective|p2b: Sinistcha|1\n|-damage|p2b: Sinistcha|36/100\n|\n|-heal|p2a: Primarina|75/100|[from] item: Leftovers\n|-heal|p1b: Milotic|62/100|[from] item: Leftovers\n|upkeep\n|turn|7\n|\n|t:|1775920869\n|switch|p1a: Maushold|Maushold-Four, L50|28/100 brn\n|move|p2b: Sinistcha|Life Dew|p2b: Sinistcha|[spread] p2a,p2b\n|-heal|p2a: Primarina|100/100\n|-heal|p2b: Sinistcha|62/100\n|move|p2a: Primarina|Hyper Voice|p1a: Maushold|[spread] p1a,p1b\n|-resisted|p1b: Milotic|1\n|-damage|p1a: Maushold|0 fnt\n|-damage|p1b: Milotic|43/100\n|faint|p1a: Maushold\n|move|p1b: Milotic|Ice Beam|p2b: Sinistcha\n|-supereffective|p2b: Sinistcha|1\n|-damage|p2b: Sinistcha|16/100\n|\n|-heal|p1b: Milotic|49/100|[from] item: Leftovers\n|upkeep\n|\n|t:|1775920883\n|switch|p1a: Gardevoir|Gardevoir-Mega, L50, M|20/100\n|turn|8\n|\n|t:|1775920889\n|move|p1a: Gardevoir|Protect|p1a: Gardevoir\n|-singleturn|p1a: Gardevoir|Protect\n|move|p2b: Sinistcha|Matcha Gotcha|p1a: Gardevoir|[spread] \n|-activate|p1a: Gardevoir|move: Protect\n|-miss|p2b: Sinistcha|p1b: Milotic\n|move|p2a: Primarina|Hyper Voice|p1b: Milotic|[spread] p1b\n|-activate|p1a: Gardevoir|move: Protect\n|-resisted|p1b: Milotic|1\n|-damage|p1b: Milotic|24/100\n|move|p1b: Milotic|Ice Beam|p2b: Sinistcha\n|-supereffective|p2b: Sinistcha|1\n|-damage|p2b: Sinistcha|0 fnt\n|faint|p2b: Sinistcha\n|\n|-heal|p1b: Milotic|30/100|[from] item: Leftovers\n|upkeep\n|\n|t:|1775920898\n|switch|p2b: Pelipper|Pelipper, L50, F|100/100\n|-weather|RainDance|[from] ability: Drizzle|[of] p2b: Pelipper\n|turn|9\n|\n|t:|1775920903\n|move|p1b: Milotic|Protect|p1b: Milotic\n|-singleturn|p1b: Milotic|Protect\n|move|p1a: Gardevoir|Protect|p1a: Gardevoir\n|-singleturn|p1a: Gardevoir|Protect\n|move|p2a: Primarina|Hyper Voice|p1b: Milotic|[spread] \n|-activate|p1a: Gardevoir|move: Protect\n|-activate|p1b: Milotic|move: Protect\n|move|p2b: Pelipper|Hurricane|p1b: Milotic\n|-activate|p1b: Milotic|move: Protect\n|\n|-weather|RainDance|[upkeep]\n|-heal|p1b: Milotic|36/100|[from] item: Leftovers\n|-fieldend|move: Trick Room\n|upkeep\n|turn|10\n|\n|t:|1775920920\n|move|p2a: Primarina|Protect|p2a: Primarina\n|-singleturn|p2a: Primarina|Protect\n|move|p1a: Gardevoir|Psyshock|p2a: Primarina\n|-activate|p2a: Primarina|move: Protect\n|move|p2b: Pelipper|Tailwind|p2b: Pelipper\n|-sidestart|p2: MigraineMan|move: Tailwind\n|move|p1b: Milotic|Scald|p2a: Primarina\n|-activate|p2a: Primarina|move: Protect\n|\n|-weather|RainDance|[upkeep]\n|-heal|p1b: Milotic|42/100|[from] item: Leftovers\n|upkeep\n|turn|11\n|-message|Poke Chiyo forfeited.\n|\n|win|MigraineMan\n|raw|Poke Chiyo's rating: 1208 &rarr; <strong>1179</strong><br />(-29 for losing)\n|raw|MigraineMan's rating: 1147 &rarr; <strong>1176</strong><br />(+29 for winning)\n|l|\u2606Poke Chiyo\n|player|p1|\n",
  "uploadtime": 1775920935,
  "views": 19,
  "formatid": "gen9championsvgc2026regma",
  "rating": 1176,
  "private": 0,
  "password": null
}