{
  "id": "gen9championsvgc2026regma-2586062153",
  "format": "[Gen 9 Champions] VGC 2026 Reg M-A",
  "players": [
    "supermonst",
    "Todo CCT"
  ],
  "log": "|j|\u2606supermonst\n|j|\u2606Todo CCT\n|t:|1776394983\n|gametype|doubles\n|player|p1|supermonst|benga|1331\n|player|p2|Todo CCT|giovanni|1391\n|gen|9\n|tier|[Gen 9 Champions] VGC 2026 Reg M-A\n|rated|\n|rule|Species Clause: Limit one of each Pok\u00e9mon\n|rule|Item Clause: Limit 1 of each item\n|clearpoke\n|poke|p1|Glimmora, L50, M|\n|poke|p1|Skarmory, L50, F|\n|poke|p1|Sinistcha, L50|\n|poke|p1|Incineroar, L50, M|\n|poke|p1|Primarina, L50, F|\n|poke|p1|Farigiraf, L50, M|\n|poke|p2|Sneasler, L50, F|\n|poke|p2|Kingambit, L50, F|\n|poke|p2|Farigiraf, L50, F|\n|poke|p2|Torkoal, L50, M|\n|poke|p2|Whimsicott, L50, F|\n|poke|p2|Floette-Eternal, L50, F|\n|teampreview|4\n|inactive|Battle timer is ON: inactive players will automatically lose when time's up. (requested by supermonst)\n|inactive|Todo CCT has 60 seconds left.\n|\n|t:|1776395035\n|teamsize|p1|4\n|teamsize|p2|4\n|start\n|switch|p1a: Glimmora|Glimmora, L50, M|100/100\n|switch|p1b: Farigiraf|Farigiraf, L50, M|100/100\n|switch|p2a: Sneasler|Sneasler, L50, F|100/100\n|switch|p2b: Farigiraf|Farigiraf, L50, F|100/100\n|turn|1\n|\n|t:|1776395056\n|detailschange|p1a: Glimmora|Glimmora-Mega, L50, M\n|-mega|p1a: Glimmora|Glimmora|Glimmoranite\n|move|p2b: Farigiraf|Helping Hand|p2a: Sneasler\n|-singleturn|p2a: Sneasler|Helping Hand|[of] p2b: Farigiraf\n|move|p2a: Sneasler|Close Combat|p1a: Glimmora\n|-damage|p1a: Glimmora|0 fnt\n|-unboost|p2a: Sneasler|def|1\n|-unboost|p2a: Sneasler|spd|1\n|faint|p1a: Glimmora\n|-enditem|p2a: Sneasler|White Herb\n|-clearnegativeboost|p2a: Sneasler|[silent]\n|move|p1b: Farigiraf|Psychic|p2a: Sneasler\n|-supereffective|p2a: Sneasler|2\n|-damage|p2a: Sneasler|0 fnt\n|faint|p2a: Sneasler\n|\n|upkeep\n|\n|t:|1776395070\n|switch|p2a: Kingambit|Kingambit, L50, F|100/100\n|switch|p1a: Primarina|Primarina, L50, F|100/100\n|turn|2\n|\n|t:|1776395079\n|move|p1a: Primarina|Moonblast|p2a: Kingambit\n|-damage|p2a: Kingambit|45/100\n|move|p2a: Kingambit|Iron Head|p1a: Primarina\n|-damage|p1a: Primarina|45/100\n|move|p2b: Farigiraf|Hyper Voice|p1b: Farigiraf|[spread] p1a,p1b\n|-damage|p1a: Primarina|19/100\n|-damage|p1b: Farigiraf|72/100\n|move|p1b: Farigiraf|Low Kick|p2a: Kingambit\n|-supereffective|p2a: Kingambit|2\n|-crit|p2a: Kingambit\n|-enditem|p2a: Kingambit|Chople Berry|[eat]\n|-enditem|p2a: Kingambit|Chople Berry|[weaken]\n|-damage|p2a: Kingambit|0 fnt\n|faint|p2a: Kingambit\n|\n|-heal|p1a: Primarina|25/100|[from] item: Leftovers\n|upkeep\n|\n|t:|1776395084\n|switch|p2a: Torkoal|Torkoal, L50, M|100/100\n|-weather|SunnyDay|[from] ability: Drought|[of] p2a: Torkoal\n|turn|3\n|\n|t:|1776395095\n|switch|p1b: Incineroar|Incineroar, L50, M|100/100\n|-ability|p1b: Incineroar|Intimidate|boost\n|-unboost|p2a: Torkoal|atk|1\n|-unboost|p2b: Farigiraf|atk|1\n|move|p1a: Primarina|Protect|p1a: Primarina\n|-singleturn|p1a: Primarina|Protect\n|move|p2a: Torkoal|Protect|p2a: Torkoal\n|-singleturn|p2a: Torkoal|Protect\n|move|p2b: Farigiraf|Trick Room|p2b: Farigiraf\n|-fieldstart|move: Trick Room|[of] p2b: Farigiraf\n|\n|-weather|SunnyDay|[upkeep]\n|-heal|p1a: Primarina|30/100|[from] item: Leftovers\n|upkeep\n|turn|4\n|c|\u2606Todo CCT|When tf did Farigiraf learn low kick\n|inactive|Todo CCT has 30 seconds left.\n|\n|t:|1776395126\n|switch|p1a: Farigiraf|Farigiraf, L50, M|72/100\n|move|p2b: Farigiraf|Helping Hand|p2a: Torkoal\n|-singleturn|p2a: Torkoal|Helping Hand|[of] p2b: Farigiraf\n|move|p2a: Torkoal|Eruption|p1a: Farigiraf|[spread] p1a,p1b\n|-resisted|p1b: Incineroar|1\n|-damage|p1a: Farigiraf|0 fnt\n|-damage|p1b: Incineroar|54/100\n|faint|p1a: Farigiraf\n|move|p1b: Incineroar|Flare Blitz|p2a: Torkoal\n|-resisted|p2a: Torkoal|1\n|-damage|p2a: Torkoal|72/100\n|-damage|p1b: Incineroar|46/100|[from] Recoil\n|-enditem|p1b: Incineroar|Sitrus Berry|[eat]\n|-heal|p1b: Incineroar|71/100|[from] item: Sitrus Berry\n|\n|-weather|SunnyDay|[upkeep]\n|upkeep\n|c|\u2606supermonst|when i had no good kingbid checks on the team\n|\n|t:|1776395136\n|switch|p1a: Primarina|Primarina, L50, F|30/100\n|turn|5\n|\n|t:|1776395143\n|move|p2b: Farigiraf|Helping Hand|p2a: Torkoal\n|-singleturn|p2a: Torkoal|Helping Hand|[of] p2b: Farigiraf\n|move|p1a: Primarina|Protect|p1a: Primarina\n|-singleturn|p1a: Primarina|Protect\n|move|p2a: Torkoal|Eruption|p1a: Primarina|[spread] p1b\n|-activate|p1a: Primarina|move: Protect\n|-resisted|p1b: Incineroar|1\n|-damage|p1b: Incineroar|34/100\n|move|p1b: Incineroar|Parting Shot|p2a: Torkoal\n|-unboost|p2a: Torkoal|atk|1\n|-unboost|p2a: Torkoal|spa|1\n|\n|-weather|SunnyDay|[upkeep]\n|-heal|p1a: Primarina|36/100|[from] item: Leftovers\n|upkeep\n|turn|6\n|\n|t:|1776395148\n|move|p2a: Torkoal|Heat Wave|p1b: Incineroar|[spread] p1b\n|-miss|p2a: Torkoal|p1a: Primarina\n|-resisted|p1b: Incineroar|1\n|-damage|p1b: Incineroar|20/100\n|move|p1b: Incineroar|Flare Blitz|p2a: Torkoal\n|-resisted|p2a: Torkoal|1\n|-damage|p2a: Torkoal|46/100\n|-damage|p1b: Incineroar|12/100|[from] Recoil\n|move|p2b: Farigiraf|Hyper Voice|p1b: Incineroar|[spread] p1a,p1b\n|-damage|p1a: Primarina|9/100\n|-damage|p1b: Incineroar|0 fnt\n|faint|p1b: Incineroar\n|move|p1a: Primarina|Calm Mind|p1a: Primarina\n|-boost|p1a: Primarina|spa|1\n|-boost|p1a: Primarina|spd|1\n|\n|-weather|SunnyDay|[upkeep]\n|-heal|p1a: Primarina|14/100|[from] item: Leftovers\n|upkeep\n|turn|7\n|\n|t:|1776395155\n|move|p1a: Primarina|Protect|p1a: Primarina\n|-singleturn|p1a: Primarina|Protect\n|move|p2a: Torkoal|Heat Wave|p1a: Primarina\n|-activate|p1a: Primarina|move: Protect\n|move|p2b: Farigiraf|Hyper Voice|p1a: Primarina\n|-activate|p1a: Primarina|move: Protect\n|\n|-weather|none\n|-heal|p1a: Primarina|20/100|[from] item: Leftovers\n|-fieldend|move: Trick Room\n|upkeep\n|turn|8\n|c|\u2606Todo CCT|Ggs\n|c|\u2606supermonst|ggs\n|\n|t:|1776395163\n|move|p2a: Torkoal|Protect|p2a: Torkoal\n|-singleturn|p2a: Torkoal|Protect\n|move|p1a: Primarina|Hyper Voice|p2b: Farigiraf|[spread] p2b\n|-activate|p2a: Torkoal|move: Protect\n|-damage|p2b: Farigiraf|49/100\n|move|p2b: Farigiraf|Hyper Voice|p1a: Primarina\n|-damage|p1a: Primarina|0 fnt\n|faint|p1a: Primarina\n|\n|win|Todo CCT\n|raw|supermonst's rating: 1331 &rarr; <strong>1314</strong><br />(-17 for losing)\n|raw|Todo CCT's rating: 1391 &rarr; <strong>1408</strong><br />(+17 for winning)\n",
  "uploadtime": 1776395167,
  "views": 55,
  "formatid": "gen9championsvgc2026regma",
  "rating": 1314,
  "private": 0,
  "password": null
}