{
  "id": "gen9championsvgc2026regma-2584037643",
  "format": "[Gen 9 Champions] VGC 2026 Reg M-A",
  "players": [
    "olejdn the ancient",
    "b1gchungus420"
  ],
  "log": "|j|\u2606olejdn the ancient\n|j|\u2606b1gchungus420\n|t:|1776219015\n|gametype|doubles\n|player|p1|olejdn the ancient|rood|1075\n|player|p2|b1gchungus420|clair|1000\n|gen|9\n|tier|[Gen 9 Champions] VGC 2026 Reg M-A\n|rated|\n|rule|Species Clause: Limit one of each Pok\u00e9mon\n|rule|Item Clause: Limit 1 of each item\n|clearpoke\n|poke|p1|Gardevoir, L50, M|\n|poke|p1|Farigiraf, L50, F|\n|poke|p1|Corviknight, L50, M|\n|poke|p1|Garchomp, L50, F|\n|poke|p1|Incineroar, L50, M|\n|poke|p1|Rotom-Wash, L50|\n|poke|p2|Dragonite, L50, F|\n|poke|p2|Meganium, L50, M|\n|poke|p2|Pelipper, L50, M|\n|poke|p2|Basculegion, L50, M|\n|poke|p2|Archaludon, L50, M|\n|poke|p2|Incineroar, L50, M|\n|teampreview|4\nb1gchungus420 rejected open team sheets.\n|inactive|Battle timer is ON: inactive players will automatically lose when time's up. (requested by olejdn the ancient)\n|\n|t:|1776219079\n|teamsize|p1|4\n|teamsize|p2|4\n|start\n|switch|p1a: Incineroar|Incineroar, L50, M|100/100\n|switch|p1b: Rotom|Rotom-Wash, L50|100/100\n|switch|p2a: Pelipper|Pelipper, L50, M|100/100\n|switch|p2b: Dragonite|Dragonite, L50, F|100/100\n|-weather|RainDance|[from] ability: Drizzle|[of] p2a: Pelipper\n|-ability|p1a: Incineroar|Intimidate|boost\n|-unboost|p2a: Pelipper|atk|1\n|-unboost|p2b: Dragonite|atk|1\n|turn|1\n|inactive|olejdn the ancient has 30 seconds left.\n|inactive|b1gchungus420 has 30 seconds left.\n|\n|t:|1776219111\n|detailschange|p2b: Dragonite|Dragonite-Mega, L50, F\n|-mega|p2b: Dragonite|Dragonite|Dragoninite\n|move|p1a: Incineroar|Fake Out|p2a: Pelipper\n|-damage|p2a: Pelipper|86/100\n|move|p2b: Dragonite|Hurricane|p1a: Incineroar\n|-crit|p1a: Incineroar\n|-damage|p1a: Incineroar|12/100\n|-start|p1a: Incineroar|confusion\n|-enditem|p1a: Incineroar|Sitrus Berry|[eat]\n|-heal|p1a: Incineroar|37/100|[from] item: Sitrus Berry\n|move|p1b: Rotom|Will-O-Wisp|p2b: Dragonite\n|-status|p2b: Dragonite|brn\n|cant|p2a: Pelipper|flinch\n|\n|-weather|RainDance|[upkeep]\n|-damage|p2b: Dragonite|95/100 brn|[from] brn\n|upkeep\n|turn|2\n|inactive|olejdn the ancient has 30 seconds left.\n|inactive|b1gchungus420 has 30 seconds left.\n|inactive|b1gchungus420 has 20 seconds left.\n|inactive|b1gchungus420 has 15 seconds left.\n|\n|t:|1776219153\n|move|p2b: Dragonite|Thunder|p1b: Rotom\n|-damage|p1b: Rotom|39/100\n|move|p1b: Rotom|Volt Switch|p2a: Pelipper\n|-supereffective|p2a: Pelipper|2\n|-damage|p2a: Pelipper|0 fnt\n|faint|p2a: Pelipper\n|\n|t:|1776219161\n|switch|p1b: Farigiraf|Farigiraf, L50, F|100/100|[from] Volt Switch\n|-activate|p1a: Incineroar|confusion\n|move|p1a: Incineroar|Parting Shot|p2b: Dragonite\n|-unboost|p2b: Dragonite|atk|1\n|-unboost|p2b: Dragonite|spa|1\n|\n|t:|1776219167\n|switch|p1a: Diana|Gardevoir, L50, M, shiny|100/100|[from] Parting Shot\n|\n|-weather|RainDance|[upkeep]\n|-damage|p2b: Dragonite|89/100 brn|[from] brn\n|upkeep\n|\n|t:|1776219176\n|switch|p2a: Archaludon|Archaludon, L50, M|100/100\n|turn|3\n|\n|t:|1776219191\n|move|p1a: Diana|Protect|p1a: Diana\n|-singleturn|p1a: Diana|Protect\n|move|p2b: Dragonite|Hurricane|p1a: Diana\n|-activate|p1a: Diana|move: Protect\n|move|p2a: Archaludon|Electro Shot||[still]\n|-prepare|p2a: Archaludon|Electro Shot\n|-boost|p2a: Archaludon|spa|1\n|-anim|p2a: Archaludon|Electro Shot|p1b: Farigiraf\n|-damage|p1b: Farigiraf|37/100\n|move|p1b: Farigiraf|Trick Room|p1b: Farigiraf\n|-fieldstart|move: Trick Room|[of] p1b: Farigiraf\n|\n|-weather|RainDance|[upkeep]\n|-damage|p2b: Dragonite|83/100 brn|[from] brn\n|upkeep\n|turn|4\n|\n|t:|1776219211\n|switch|p2b: Incineroar|Incineroar, L50, M|100/100\n|-ability|p2b: Incineroar|Intimidate|boost\n|-unboost|p1a: Diana|atk|1\n|-unboost|p1b: Farigiraf|atk|1\n|detailschange|p1a: Diana|Gardevoir-Mega, L50, M, shiny\n|-mega|p1a: Diana|Gardevoir|Gardevoirite\n|move|p1b: Farigiraf|Helping Hand|p1a: Diana\n|-singleturn|p1a: Diana|Helping Hand|[of] p1b: Farigiraf\n|move|p2a: Archaludon|Protect|p2a: Archaludon\n|-singleturn|p2a: Archaludon|Protect\n|move|p1a: Diana|Hyper Voice|p2a: Archaludon|[spread] p2b\n|-activate|p2a: Archaludon|move: Protect\n|-damage|p2b: Incineroar|35/100\n|-enditem|p2b: Incineroar|Sitrus Berry|[eat]\n|-heal|p2b: Incineroar|60/100|[from] item: Sitrus Berry\n|\n|-weather|RainDance|[upkeep]\n|upkeep\n|turn|5\n|inactive|b1gchungus420 has 30 seconds left.\n|inactive|b1gchungus420 has 20 seconds left.\n|inactive|b1gchungus420 has 15 seconds left.\n|\n|t:|1776219254\n|move|p1b: Farigiraf|Protect|p1b: Farigiraf\n|-singleturn|p1b: Farigiraf|Protect\n|move|p1a: Diana|Protect|p1a: Diana\n|-singleturn|p1a: Diana|Protect\n|move|p2b: Incineroar|Parting Shot|p1a: Diana\n|-activate|p1a: Diana|move: Protect\n|move|p2a: Archaludon|Flash Cannon|p1a: Diana\n|-activate|p1a: Diana|move: Protect\n|\n|-weather|none\n|upkeep\n|turn|6\n|\n|t:|1776219273\n|move|p1b: Farigiraf|Helping Hand|p1a: Diana\n|-singleturn|p1a: Diana|Helping Hand|[of] p1b: Farigiraf\n|move|p2a: Archaludon|Protect|p2a: Archaludon\n|-singleturn|p2a: Archaludon|Protect\n|move|p2b: Incineroar|Darkest Lariat|p1b: Farigiraf\n|-supereffective|p1b: Farigiraf|1\n|-damage|p1b: Farigiraf|0 fnt\n|faint|p1b: Farigiraf\n|move|p1a: Diana|Hyper Voice|p2a: Archaludon|[spread] p2b\n|-activate|p2a: Archaludon|move: Protect\n|-damage|p2b: Incineroar|0 fnt\n|faint|p2b: Incineroar\n|\n|upkeep\n|\n|t:|1776219289\n|switch|p1b: Incineroar|Incineroar, L50, M|37/100\n|switch|p2b: Dragonite|Dragonite-Mega, L50, F|83/100 brn\n|-ability|p1b: Incineroar|Intimidate|boost\n|-unboost|p2a: Archaludon|atk|1\n|-unboost|p2b: Dragonite|atk|1\n|-enditem|p2a: Archaludon|White Herb\n|-clearnegativeboost|p2a: Archaludon|[silent]\n|turn|7\n|\n|t:|1776219310\n|move|p1b: Incineroar|Fake Out|p2a: Archaludon\n|-resisted|p2a: Archaludon|1\n|-damage|p2a: Archaludon|96/100\n|-ability|p2a: Archaludon|Stamina|boost\n|-boost|p2a: Archaludon|def|1\n|move|p1a: Diana|Hyper Voice|p2b: Dragonite|[spread] p2a,p2b\n|-supereffective|p2b: Dragonite|1\n|-damage|p2a: Archaludon|12/100\n|-damage|p2b: Dragonite|0 fnt\n|-ability|p2a: Archaludon|Stamina|boost\n|-boost|p2a: Archaludon|def|1\n|faint|p2b: Dragonite\n|cant|p2a: Archaludon|flinch\n|\n|-fieldend|move: Trick Room\n|upkeep\n|turn|8\n|c|\u2606b1gchungus420|gg\n|inactive|olejdn the ancient has 30 seconds left.\n|\n|t:|1776219339\n|move|p2a: Archaludon|Flash Cannon|p1a: Diana\n|-supereffective|p1a: Diana|1\n|-damage|p1a: Diana|0 fnt\n|faint|p1a: Diana\n|move|p1b: Incineroar|Parting Shot|p2a: Archaludon\n|-unboost|p2a: Archaludon|atk|1\n|-unboost|p2a: Archaludon|spa|1\n|-message|b1gchungus420 forfeited.\n|\n|win|olejdn the ancient\n|raw|olejdn the ancient's rating: 1075 &rarr; <strong>1098</strong><br />(+23 for winning)\n|raw|b1gchungus420's rating: 1000 &rarr; <strong>1000</strong><br />(+0 for losing)\n|l|\u2606b1gchungus420\n|player|p2|\n",
  "uploadtime": 1776219359,
  "views": 15,
  "formatid": "gen9championsvgc2026regma",
  "rating": 1000,
  "private": 0,
  "password": null
}