{
  "id": "gen9championsvgc2026regma-2584049220",
  "format": "[Gen 9 Champions] VGC 2026 Reg M-A",
  "players": [
    "MapleySyrup",
    "MaddyGoesHyper"
  ],
  "log": "|j|\u2606MapleySyrup\n|j|\u2606MaddyGoesHyper\n|t:|1776220104\n|gametype|doubles\n|player|p1|MapleySyrup|hilbert|1137\n|player|p2|MaddyGoesHyper|169|1151\n|gen|9\n|tier|[Gen 9 Champions] VGC 2026 Reg M-A\n|rated|\n|rule|Species Clause: Limit one of each Pok\u00e9mon\n|rule|Item Clause: Limit 1 of each item\n|clearpoke\n|poke|p1|Floette-Eternal, L50, F|\n|poke|p1|Aerodactyl, L50, F|\n|poke|p1|Pelipper, L50, F|\n|poke|p1|Sinistcha, L50|\n|poke|p1|Aegislash, L50, F|\n|poke|p1|Incineroar, L50, M|\n|poke|p2|Charizard, L50, F|\n|poke|p2|Venusaur, L50, M|\n|poke|p2|Garchomp, L50, F|\n|poke|p2|Rotom-Wash, L50|\n|poke|p2|Sneasler, L50, F|\n|poke|p2|Incineroar, L50, F|\n|teampreview|4\n|inactive|Battle timer is ON: inactive players will automatically lose when time's up. (requested by MapleySyrup)\n|inactive|MapleySyrup has 60 seconds left.\n|inactive|MaddyGoesHyper has 60 seconds left.\n|inactive|MapleySyrup has 30 seconds left.\n|inactive|MapleySyrup has 20 seconds left.\n|inactive|MapleySyrup has 15 seconds left.\n|inactive|MapleySyrup has 10 seconds left.\n|\n|t:|1776220185\n|teamsize|p1|4\n|teamsize|p2|4\n|start\n|switch|p1a: Aerodactyl|Aerodactyl, L50, F|100/100\n|switch|p1b: Floette|Floette-Eternal, L50, F|100/100\n|switch|p2a: Charizard|Charizard, L50, F|100/100\n|switch|p2b: Sneasler|Sneasler, L50, F|100/100\n|-ability|p1a: Aerodactyl|Unnerve\n|turn|1\n|inactive|MapleySyrup has 30 seconds left.\n|inactive|MaddyGoesHyper has 30 seconds left.\n|\n|t:|1776220217\n|detailschange|p2a: Charizard|Charizard-Mega-Y, L50, F\n|-mega|p2a: Charizard|Charizard|Charizardite Y\n|-weather|SunnyDay|[from] ability: Drought|[of] p2a: Charizard\n|detailschange|p1b: Floette|Floette-Mega, L50, F\n|-mega|p1b: Floette|Floette|Floettite\n|-ability|p1b: Floette|Fairy Aura\n|move|p2b: Sneasler|Fake Out|p1a: Aerodactyl\n|-resisted|p1a: Aerodactyl|1\n|-crit|p1a: Aerodactyl\n|-damage|p1a: Aerodactyl|84/100\n|cant|p1a: Aerodactyl|flinch\n|move|p2a: Charizard|Heat Wave|p1a: Aerodactyl|[spread] p1a,p1b\n|-resisted|p1a: Aerodactyl|1\n|-damage|p1a: Aerodactyl|35/100\n|-damage|p1b: Floette|49/100\n|move|p1b: Floette|Calm Mind|p1b: Floette\n|-boost|p1b: Floette|spa|1\n|-boost|p1b: Floette|spd|1\n|\n|-weather|SunnyDay|[upkeep]\n|upkeep\n|turn|2\n|inactive|MapleySyrup has 30 seconds left.\n|inactive|MaddyGoesHyper has 30 seconds left.\n|inactive|MapleySyrup has 20 seconds left.\n|inactive|MaddyGoesHyper has 20 seconds left.\n|inactive|MapleySyrup has 15 seconds left.\n|inactive|MapleySyrup has 10 seconds left.\n|\n|t:|1776220264\n|move|p1b: Floette|Protect|p1b: Floette\n|-singleturn|p1b: Floette|Protect\n|move|p1a: Aerodactyl|Dual Wingbeat|p2b: Sneasler\n|-supereffective|p2b: Sneasler|1\n|-damage|p2b: Sneasler|33/100\n|-supereffective|p2b: Sneasler|1\n|-damage|p2b: Sneasler|0 fnt\n|faint|p2b: Sneasler\n|-hitcount|p2: Sneasler|2\n|move|p2a: Charizard|Weather Ball|p1a: Aerodactyl\n|-resisted|p1a: Aerodactyl|1\n|-damage|p1a: Aerodactyl|0 fnt\n|faint|p1a: Aerodactyl\n|\n|-weather|SunnyDay|[upkeep]\n|upkeep\n|\n|t:|1776220284\n|switch|p1a: Sinistcha|Sinistcha, L50|100/100\n|switch|p2b: Garchomp|Garchomp, L50, F|100/100\n|-heal|p1b: Floette|73/100|[from] ability: Hospitality|[of] p1a: Sinistcha\n|turn|3\n|\n|t:|1776220301\n|switch|p1a: Pelipper|Pelipper, L50, F|100/100\n|-weather|RainDance|[from] ability: Drizzle|[of] p1a: Pelipper\n|move|p2b: Garchomp|Earthquake|p1b: Floette|[spread] p1b\n|-immune|p2a: Charizard\n|-immune|p1a: Pelipper\n|-damage|p1b: Floette|32/100\n|move|p2a: Charizard|Heat Wave|p1b: Floette|[spread] p1a,p1b\n|-resisted|p1a: Pelipper|1\n|-damage|p1a: Pelipper|84/100\n|-damage|p1b: Floette|21/100\n|-status|p1b: Floette|brn\n|move|p1b: Floette|Dazzling Gleam|p2b: Garchomp|[spread] p2a,p2b\n|-resisted|p2a: Charizard|1\n|-supereffective|p2b: Garchomp|1\n|-damage|p2a: Charizard|67/100\n|-damage|p2b: Garchomp|0 fnt\n|faint|p2b: Garchomp\n|\n|-weather|RainDance|[upkeep]\n|-damage|p1b: Floette|15/100 brn|[from] brn\n|upkeep\n|\n|t:|1776220323\n|switch|p2b: Venusaur|Venusaur, L50, M|100/100\n|turn|4\n|\n|t:|1776220347\n|switch|p1a: Sinistcha|Sinistcha, L50|100/100\n|-heal|p1b: Floette|40/100 brn|[from] ability: Hospitality|[of] p1a: Sinistcha\n|move|p2a: Charizard|Protect|p2a: Charizard\n|-singleturn|p2a: Charizard|Protect\n|move|p1b: Floette|Calm Mind|p1b: Floette\n|-boost|p1b: Floette|spa|1\n|-boost|p1b: Floette|spd|1\n|move|p2b: Venusaur|Sleep Powder|p1a: Sinistcha\n|-immune|p1a: Sinistcha\n|\n|-weather|RainDance|[upkeep]\n|-damage|p1b: Floette|34/100 brn|[from] brn\n|upkeep\n|turn|5\n|inactive|MapleySyrup has 30 seconds left.\n|inactive|MaddyGoesHyper has 30 seconds left.\n|inactive|MapleySyrup has 20 seconds left.\n|inactive|MaddyGoesHyper has 20 seconds left.\n|inactive|MapleySyrup has 15 seconds left.\n|inactive|MaddyGoesHyper has 15 seconds left.\n|inactive|MapleySyrup has 10 seconds left.\n|inactive|MaddyGoesHyper has 10 seconds left.\n|\n|t:|1776220394\n|move|p2a: Charizard|Weather Ball|p1b: Floette\n|-damage|p1b: Floette|8/100 brn\n|move|p1b: Floette|Calm Mind|p1b: Floette\n|-boost|p1b: Floette|spa|1\n|-boost|p1b: Floette|spd|1\n|move|p2b: Venusaur|Sludge Bomb|p1b: Floette\n|-supereffective|p1b: Floette|1\n|-damage|p1b: Floette|0 fnt\n|faint|p1b: Floette\n|move|p1a: Sinistcha|Life Dew||[still]\n|-fail|p1a: Sinistcha|heal\n|\n|-weather|RainDance|[upkeep]\n|upkeep\n|\n|t:|1776220403\n|switch|p1b: Pelipper|Pelipper, L50, F|84/100\n|turn|6\n|\n|t:|1776220419\n|move|p2a: Charizard|Protect|p2a: Charizard\n|-singleturn|p2a: Charizard|Protect\n|move|p1a: Sinistcha|Rage Powder|p1a: Sinistcha\n|-singleturn|p1a: Sinistcha|move: Rage Powder\n|move|p2b: Venusaur|Sleep Powder|p1b: Pelipper|[miss]\n|-miss|p2b: Venusaur|p1b: Pelipper\n|move|p1b: Pelipper|Weather Ball|p2a: Charizard\n|-activate|p2a: Charizard|move: Protect\n|\n|-weather|RainDance|[upkeep]\n|upkeep\n|turn|7\n|\n|t:|1776220439\n|move|p1a: Sinistcha|Rage Powder|p1a: Sinistcha\n|-singleturn|p1a: Sinistcha|move: Rage Powder\n|move|p2a: Charizard|Solar Beam||[still]\n|-prepare|p2a: Charizard|Solar Beam\n|move|p2b: Venusaur|Sleep Powder|p1b: Pelipper\n|-status|p1b: Pelipper|slp|[from] move: Sleep Powder\n|cant|p1b: Pelipper|slp\n|\n|-weather|none\n|upkeep\n|turn|8\n|\n|t:|1776220463\n|move|p1a: Sinistcha|Rage Powder|p1a: Sinistcha\n|-singleturn|p1a: Sinistcha|move: Rage Powder\n|move|p2a: Charizard|Solar Beam|p1a: Sinistcha|[from] lockedmove\n|-resisted|p1a: Sinistcha|1\n|-damage|p1a: Sinistcha|81/100\n|move|p2b: Venusaur|Sludge Bomb|p1a: Sinistcha\n|-damage|p1a: Sinistcha|45/100\n|-status|p1a: Sinistcha|psn\n|-enditem|p1a: Sinistcha|Sitrus Berry|[eat]\n|-heal|p1a: Sinistcha|70/100 psn|[from] item: Sitrus Berry\n|cant|p1b: Pelipper|slp\n|\n|-damage|p1a: Sinistcha|58/100 psn|[from] psn\n|upkeep\n|turn|9\n|\n|t:|1776220488\n|move|p2a: Charizard|Protect|p2a: Charizard\n|-singleturn|p2a: Charizard|Protect\n|move|p2b: Venusaur|Sludge Bomb|p1a: Sinistcha\n|-damage|p1a: Sinistcha|22/100 psn\n|-curestatus|p1b: Pelipper|slp|[msg]\n|move|p1b: Pelipper|Hurricane|p2b: Venusaur\n|-supereffective|p2b: Venusaur|1\n|-enditem|p2b: Venusaur|Focus Sash\n|-damage|p2b: Venusaur|1/100\n|move|p1a: Sinistcha|Life Dew|p1a: Sinistcha|[spread] p1a,p1b\n|-heal|p1a: Sinistcha|47/100 psn\n|-heal|p1b: Pelipper|100/100\n|\n|-damage|p1a: Sinistcha|35/100 psn|[from] psn\n|upkeep\n|turn|10\n|inactive|MapleySyrup has 30 seconds left.\n|\n|t:|1776220518\n|move|p2a: Charizard|Heat Wave|p1a: Sinistcha|[spread] p1a,p1b\n|-supereffective|p1a: Sinistcha|1\n|-resisted|p1b: Pelipper|1\n|-damage|p1a: Sinistcha|0 fnt\n|-damage|p1b: Pelipper|64/100\n|faint|p1a: Sinistcha\n|move|p2b: Venusaur|Sleep Powder|p1b: Pelipper\n|-status|p1b: Pelipper|slp|[from] move: Sleep Powder\n|cant|p1b: Pelipper|slp\n|\n|upkeep\n|turn|11\n|inactive|MapleySyrup has 30 seconds left.\n|inactive|MaddyGoesHyper has 30 seconds left.\n|\n|t:|1776220547\n|move|p2a: Charizard|Solar Beam||[still]\n|-prepare|p2a: Charizard|Solar Beam\n|move|p2b: Venusaur|Sludge Bomb|p1b: Pelipper\n|-damage|p1b: Pelipper|0 fnt\n|faint|p1b: Pelipper\n|\n|win|MaddyGoesHyper\n|raw|MapleySyrup's rating: 1137 &rarr; <strong>1113</strong><br />(-24 for losing)\n|raw|MaddyGoesHyper's rating: 1151 &rarr; <strong>1175</strong><br />(+24 for winning)\n|l|\u2606MapleySyrup\n|player|p1|\n",
  "uploadtime": 1776220556,
  "views": 28,
  "formatid": "gen9championsvgc2026regma",
  "rating": 1113,
  "private": 0,
  "password": null
}