{
  "id": "gen9championsvgc2026regma-2583092009",
  "format": "[Gen 9 Champions] VGC 2026 Reg M-A",
  "players": [
    "red_277353",
    "specstacular"
  ],
  "log": "|j|\u2606red_277353\n|j|\u2606specstacular\n|t:|1776141052\n|gametype|doubles\n|player|p1|red_277353|266|1190\n|player|p2|specstacular|170|1164\n|gen|9\n|tier|[Gen 9 Champions] VGC 2026 Reg M-A\n|rated|\n|rule|Species Clause: Limit one of each Pok\u00e9mon\n|rule|Item Clause: Limit 1 of each item\n|clearpoke\n|poke|p1|Lopunny, L50, F|\n|poke|p1|Excadrill, L50, F|\n|poke|p1|Altaria, L50, F|\n|poke|p1|Delphox, L50, F|\n|poke|p1|Incineroar, L50, F|\n|poke|p1|Milotic, L50, F|\n|poke|p2|Incineroar, L50, M|\n|poke|p2|Farigiraf, L50, M|\n|poke|p2|Golurk, L50|\n|poke|p2|Sneasler, L50, M|\n|poke|p2|Torkoal, L50, M|\n|poke|p2|Venusaur, L50, M|\n|teampreview|4\n|inactive|Battle timer is ON: inactive players will automatically lose when time's up. (requested by specstacular)\n|inactive|red_277353 has 60 seconds left.\n|inactive|specstacular has 60 seconds left.\n|inactive|red_277353 has 30 seconds left.\n|\n|t:|1776141118\n|teamsize|p1|4\n|teamsize|p2|4\n|start\n|switch|p1a: Excadrill|Excadrill, L50, F|100/100\n|switch|p1b: Altaria|Altaria, L50, F|100/100\n|switch|p2a: Torkoal|Torkoal, L50, M|100/100\n|switch|p2b: Venusaur|Venusaur, L50, M|100/100\n|-ability|p1a: Excadrill|Mold Breaker\n|-ability|p1b: Altaria|Cloud Nine\n|-weather|SunnyDay|[from] ability: Drought|[of] p2a: Torkoal\n|turn|1\n|\n|t:|1776141138\n|move|p2a: Torkoal|Protect|p2a: Torkoal\n|-singleturn|p2a: Torkoal|Protect\n|move|p1a: Excadrill|Earthquake|p2b: Venusaur|[spread] p2b\n|-activate|p2a: Torkoal|move: Protect\n|-immune|p1b: Altaria\n|-damage|p2b: Venusaur|46/100\n|move|p2b: Venusaur|Sleep Powder|p1b: Altaria\n|-status|p1b: Altaria|slp|[from] move: Sleep Powder\n|cant|p1b: Altaria|slp\n|\n|-weather|SunnyDay|[upkeep]\n|upkeep\n|turn|2\n|\n|t:|1776141152\n|switch|p2a: Incineroar|Incineroar, L50, M|100/100\n|-ability|p2a: Incineroar|Intimidate|boost\n|-unboost|p1a: Excadrill|atk|1\n|-unboost|p1b: Altaria|atk|1\n|-curestatus|p1b: Altaria|slp|[msg]\n|move|p1b: Altaria|Helping Hand|p1a: Excadrill\n|-singleturn|p1a: Excadrill|Helping Hand|[of] p1b: Altaria\n|move|p1a: Excadrill|Earthquake|p2a: Incineroar|[spread] p2a,p2b\n|-immune|p1b: Altaria\n|-supereffective|p2a: Incineroar|1\n|-damage|p2a: Incineroar|18/100\n|-damage|p2b: Venusaur|0 fnt\n|-enditem|p2a: Incineroar|Sitrus Berry|[eat]\n|-heal|p2a: Incineroar|43/100|[from] item: Sitrus Berry\n|faint|p2b: Venusaur\n|\n|-weather|SunnyDay|[upkeep]\n|upkeep\n|\n|t:|1776141157\n|switch|p2b: Sneasler|Sneasler, L50, M|100/100\n|turn|3\n|\n|t:|1776141171\n|switch|p1a: Milotic|Milotic, L50, F|100/100\n|move|p2a: Incineroar|Fake Out|p1a: Milotic\n|-damage|p1a: Milotic|87/100\n|move|p2b: Sneasler|Close Combat|p1a: Milotic\n|-damage|p1a: Milotic|18/100\n|-unboost|p2b: Sneasler|def|1\n|-unboost|p2b: Sneasler|spd|1\n|-enditem|p2b: Sneasler|White Herb\n|-clearnegativeboost|p2b: Sneasler|[silent]\n|move|p1b: Altaria|Brave Bird|p2b: Sneasler\n|-supereffective|p2b: Sneasler|1\n|-damage|p2b: Sneasler|31/100\n|-damage|p1b: Altaria|81/100|[from] Recoil\n|\n|-weather|SunnyDay|[upkeep]\n|-heal|p1a: Milotic|24/100|[from] item: Leftovers\n|upkeep\n|turn|4\n|\n|t:|1776141193\n|move|p1a: Milotic|Protect|p1a: Milotic\n|-singleturn|p1a: Milotic|Protect\n|move|p2b: Sneasler|Dire Claw|p1b: Altaria\n|-damage|p1b: Altaria|33/100\n|-status|p1b: Altaria|par\n|move|p2a: Incineroar|Darkest Lariat|p1a: Milotic\n|-activate|p1a: Milotic|move: Protect\n|move|p1b: Altaria|Tailwind|p1b: Altaria\n|-sidestart|p1: red_277353|move: Tailwind\n|\n|-weather|SunnyDay|[upkeep]\n|-heal|p1a: Milotic|30/100|[from] item: Leftovers\n|upkeep\n|turn|5\n|\n|t:|1776141210\n|move|p2b: Sneasler|Dire Claw|p1a: Milotic\n|-damage|p1a: Milotic|0 fnt\n|faint|p1a: Milotic\n|cant|p1b: Altaria|par\n|move|p2a: Incineroar|Darkest Lariat|p1b: Altaria\n|-damage|p1b: Altaria|0 fnt\n|faint|p1b: Altaria\n|\n|-weather|none\n|upkeep\n|\n|t:|1776141215\n|switch|p1a: Excadrill|Excadrill, L50, F|100/100\n|switch|p1b: Delphox|Delphox, L50, F|100/100\n|-ability|p1a: Excadrill|Mold Breaker\n|turn|6\n|\n|t:|1776141232\n|switch|p2a: Torkoal|Torkoal, L50, M|100/100\n|-weather|SunnyDay|[from] ability: Drought|[of] p2a: Torkoal\n|detailschange|p1b: Delphox|Delphox-Mega, L50, F\n|-mega|p1b: Delphox|Delphox|Delphoxite\n|move|p1b: Delphox|Protect|p1b: Delphox\n|-singleturn|p1b: Delphox|Protect\n|move|p1a: Excadrill|Earthquake|p2a: Torkoal|[spread] p2a,p2b\n|-activate|p1b: Delphox|move: Protect\n|-supereffective|p2a: Torkoal|1\n|-supereffective|p2b: Sneasler|1\n|-damage|p2a: Torkoal|32/100\n|-damage|p2b: Sneasler|0 fnt\n|faint|p2b: Sneasler\n|\n|-weather|SunnyDay|[upkeep]\n|upkeep\n|\n|t:|1776141236\n|switch|p2b: Incineroar|Incineroar, L50, M|43/100\n|-ability|p2b: Incineroar|Intimidate|boost\n|-unboost|p1a: Excadrill|atk|1\n|-unboost|p1b: Delphox|atk|1\n|turn|7\n|c|\u2606red_277353|lowkey\n|inactive|red_277353 has 30 seconds left.\n|\n|t:|1776141261\n|move|p2b: Incineroar|Fake Out|p1a: Excadrill\n|-resisted|p1a: Excadrill|1\n|-damage|p1a: Excadrill|90/100\n|cant|p1a: Excadrill|flinch\n|move|p1b: Delphox|Heat Wave|p2b: Incineroar|[spread] p2a,p2b\n|-resisted|p2a: Torkoal|1\n|-resisted|p2b: Incineroar|1\n|-damage|p2a: Torkoal|0 fnt\n|-damage|p2b: Incineroar|14/100\n|faint|p2a: Torkoal\n|\n|-weather|SunnyDay|[upkeep]\n|-sideend|p1: red_277353|move: Tailwind\n|upkeep\n|turn|8\n|c|\u2606red_277353|i mightve js killed my own delphox\n|c|\u2606red_277353|oh nvm\n|-message|specstacular forfeited.\n|\n|win|red_277353\n|raw|red_277353's rating: 1190 &rarr; <strong>1213</strong><br />(+23 for winning)\n|raw|specstacular's rating: 1164 &rarr; <strong>1141</strong><br />(-23 for losing)\n|l|\u2606specstacular\n|player|p2|\n",
  "uploadtime": 1776141335,
  "views": 26,
  "formatid": "gen9championsvgc2026regma",
  "rating": 1141,
  "private": 0,
  "password": null
}