{
  "id": "gen9championsvgc2026regma-2587887470",
  "format": "[Gen 9 Champions] VGC 2026 Reg M-A",
  "players": [
    "Tokoromegumi415",
    "Nico023"
  ],
  "log": "|j|\u2606Tokoromegumi415\n|j|\u2606Nico023\n|t:|1776574832\n|gametype|doubles\n|player|p1|Tokoromegumi415|170|1419\n|player|p2|Nico023|102|1397\n|gen|9\n|tier|[Gen 9 Champions] VGC 2026 Reg M-A\n|rated|\n|rule|Species Clause: Limit one of each Pok\u00e9mon\n|rule|Item Clause: Limit 1 of each item\n|clearpoke\n|poke|p1|Venusaur, L50, M|\n|poke|p1|Garchomp, L50, M|\n|poke|p1|Milotic, L50, F, shiny|\n|poke|p1|Scizor, L50, M|\n|poke|p1|Hippowdon, L50, M|\n|poke|p1|Samurott-Hisui, L50, M|\n|poke|p2|Lopunny, L50, F, shiny|\n|poke|p2|Zoroark-Hisui, L50, M|\n|poke|p2|Volcarona, L50, F|\n|poke|p2|Kingambit, L50, M|\n|poke|p2|Ninetales-Alola, L50, F|\n|poke|p2|Garchomp, L50, M|\n|teampreview|4\n|inactive|Battle timer is ON: inactive players will automatically lose when time's up. (requested by Nico023)\nNico023 has agreed to open team sheets.\n|inactive|Tokoromegumi415 has 60 seconds left.\n|\n|t:|1776574874\n|teamsize|p1|4\n|teamsize|p2|4\n|start\n|switch|p1a: Samurott|Samurott-Hisui, L50, M|100/100\n|switch|p1b: Venusaur|Venusaur, L50, M|100/100\n|switch|p2a: Volcarona|Volcarona, L50, F|100/100\n|switch|p2b: Lopunny|Lopunny, L50, F, shiny|100/100\n|turn|1\n|inactive|Nico023 has 30 seconds left.\n|\n|t:|1776574908\n|detailschange|p2b: Lopunny|Lopunny-Mega, L50, F, shiny\n|-mega|p2b: Lopunny|Lopunny|Lopunnite\n|detailschange|p1b: Venusaur|Venusaur-Mega, L50, M\n|-mega|p1b: Venusaur|Venusaur|Venusaurite\n|move|p2b: Lopunny|Fake Out|p1a: Samurott\n|-damage|p1a: Samurott|72/100\n|move|p2a: Volcarona|Flamethrower|p1b: Venusaur\n|-supereffective|p1b: Venusaur|1\n|-damage|p1b: Venusaur|76/100\n|cant|p1a: Samurott|flinch\n|move|p1b: Venusaur|Giga Drain|p2b: Lopunny\n|-damage|p2b: Lopunny|58/100\n|-heal|p1b: Venusaur|92/100|[from] drain|[of] p2b: Lopunny\n|\n|upkeep\n|turn|2\n|\n|t:|1776574929\n|switch|p2a: Ninetales|Ninetales-Alola, L50, F|100/100\n|-weather|Snowscape|[from] ability: Snow Warning|[of] p2a: Ninetales\n|move|p2b: Lopunny|Protect|p2b: Lopunny\n|-singleturn|p2b: Lopunny|Protect\n|move|p1a: Samurott|Sacred Sword|p2b: Lopunny\n|-activate|p2b: Lopunny|move: Protect\n|move|p1b: Venusaur|Leech Seed|p2a: Ninetales\n|-start|p2a: Ninetales|move: Leech Seed\n|\n|-weather|Snowscape|[upkeep]\n|-damage|p2a: Ninetales|88/100|[from] Leech Seed|[of] p1b: Venusaur\n|-heal|p1b: Venusaur|100/100|[silent]\n|upkeep\n|turn|3\n|\n|t:|1776574951\n|switch|p1a: Hippowdon|Hippowdon, L50, M|100/100\n|-weather|Sandstorm|[from] ability: Sand Stream|[of] p1a: Hippowdon\n|move|p2b: Lopunny|Encore|p1b: Venusaur\n|-start|p1b: Venusaur|Encore\n|move|p2a: Ninetales|Moonblast|p1a: Hippowdon\n|-crit|p1a: Hippowdon\n|-damage|p1a: Hippowdon|49/100\n|-enditem|p1a: Hippowdon|Sitrus Berry|[eat]\n|-heal|p1a: Hippowdon|74/100|[from] item: Sitrus Berry\n|move|p1b: Venusaur|Leech Seed|p2b: Lopunny\n|-start|p2b: Lopunny|move: Leech Seed\n|\n|-weather|Sandstorm|[upkeep]\n|-damage|p2b: Lopunny|52/100|[from] Sandstorm\n|-damage|p2a: Ninetales|82/100|[from] Sandstorm\n|-damage|p1b: Venusaur|95/100|[from] Sandstorm\n|-damage|p2b: Lopunny|40/100|[from] Leech Seed|[of] p1b: Venusaur\n|-heal|p1b: Venusaur|100/100|[silent]\n|-damage|p2a: Ninetales|70/100|[from] Leech Seed|[of] p1b: Venusaur\n|upkeep\n|turn|4\n|inactive|Tokoromegumi415 has 30 seconds left.\n|inactive|Tokoromegumi415 has 20 seconds left.\n|\n|t:|1776574987\n|switch|p2a: Volcarona|Volcarona, L50, F|100/100\n|switch|p1b: Samurott|Samurott-Hisui, L50, M|72/100\n|move|p2b: Lopunny|Protect|p2b: Lopunny\n|-singleturn|p2b: Lopunny|Protect\n|move|p1a: Hippowdon|Yawn|p2b: Lopunny\n|-activate|p2b: Lopunny|move: Protect\n|\n|-weather|Sandstorm|[upkeep]\n|-damage|p2a: Volcarona|94/100|[from] Sandstorm\n|-damage|p1b: Samurott|66/100|[from] Sandstorm\n|-damage|p2b: Lopunny|34/100|[from] Sandstorm\n|-damage|p2b: Lopunny|22/100|[from] Leech Seed|[of] p1b: Samurott\n|-heal|p1b: Samurott|76/100|[silent]\n|upkeep\n|turn|5\n|\n|t:|1776575011\n|switch|p2b: Ninetales|Ninetales-Alola, L50, F|70/100\n|-weather|Snowscape|[from] ability: Snow Warning|[of] p2b: Ninetales\n|move|p2a: Volcarona|Hyper Beam|p1a: Hippowdon\n|-damage|p1a: Hippowdon|10/100\n|-mustrecharge|p2a: Volcarona\n|move|p1b: Samurott|Flip Turn|p2b: Ninetales\n|-damage|p2b: Ninetales|40/100\n|\n|t:|1776575021\n|switch|p1b: Scizor|Scizor, L50, M|100/100|[from] Flip Turn\n|move|p1a: Hippowdon|Yawn|p2a: Volcarona\n|-start|p2a: Volcarona|move: Yawn|[of] p1a: Hippowdon\n|\n|-weather|Snowscape|[upkeep]\n|upkeep\n|turn|6\n|\n|t:|1776575034\n|cant|p2a: Volcarona|recharge\n|move|p2b: Ninetales|Aurora Veil|p2b: Ninetales\n|-sidestart|p2: Nico023|move: Aurora Veil\n|move|p1b: Scizor|Swords Dance|p1b: Scizor\n|-boost|p1b: Scizor|atk|2\n|move|p1a: Hippowdon|Stealth Rock|p2a: Volcarona\n|-sidestart|p2: Nico023|move: Stealth Rock\n|\n|-weather|Snowscape|[upkeep]\n|-end|p2a: Volcarona|move: Yawn|[silent]\n|-status|p2a: Volcarona|slp\n|upkeep\n|turn|7\n|\n|t:|1776575053\n|move|p1b: Scizor|Bullet Punch|p2b: Ninetales\n|-supereffective|p2b: Ninetales|2\n|-damage|p2b: Ninetales|0 fnt\n|faint|p2b: Ninetales\n|cant|p2a: Volcarona|slp\n|move|p1a: Hippowdon|Slack Off|p1a: Hippowdon\n|-heal|p1a: Hippowdon|60/100\n|\n|-weather|Snowscape|[upkeep]\n|upkeep\n|\n|t:|1776575061\n|switch|p2b: Lopunny|Lopunny-Mega, L50, F, shiny|22/100\n|-damage|p2b: Lopunny|17/100|[from] Stealth Rock\n|turn|8\n|\n|t:|1776575081\n|move|p2b: Lopunny|Fake Out|p1b: Scizor\n|-resisted|p1b: Scizor|1\n|-damage|p1b: Scizor|88/100\n|cant|p1b: Scizor|flinch\n|cant|p2a: Volcarona|slp\n|move|p1a: Hippowdon|High Horsepower|p2b: Lopunny\n|-damage|p2b: Lopunny|0 fnt\n|faint|p2b: Lopunny\n|\n|-weather|Snowscape|[upkeep]\n|upkeep\n|\n|t:|1776575090\n|switch|p2b: Volcarona|Volcarona, L50, F|100/100\n|-damage|p2b: Volcarona|50/100|[from] Stealth Rock\n|-enditem|p2b: Volcarona|Sitrus Berry|[eat]\n|-heal|p2b: Volcarona|75/100|[from] item: Sitrus Berry\n|turn|9\n|j| TR34SUR3\n|\n|t:|1776575105\n|move|p1b: Scizor|Protect|p1b: Scizor\n|-singleturn|p1b: Scizor|Protect\n|-curestatus|p2a: Volcarona|slp|[msg]\n|move|p2a: Volcarona|Hyper Beam|p1a: Hippowdon\n|-damage|p1a: Hippowdon|0 fnt\n|-mustrecharge|p2a: Volcarona\n|faint|p1a: Hippowdon\n|move|p2b: Volcarona|Heat Wave|p1b: Scizor\n|-activate|p1b: Scizor|move: Protect\n|\n|-weather|none\n|upkeep\n|\n|t:|1776575117\n|switch|p1a: Samurott|Samurott-Hisui, L50, M|76/100\n|turn|10\n|\n|t:|1776575130\n|move|p2b: Volcarona|Protect|p2b: Volcarona\n|-singleturn|p2b: Volcarona|Protect\n|move|p1b: Scizor|Bullet Punch|p2b: Volcarona\n|-activate|p2b: Volcarona|move: Protect\n|cant|p2a: Volcarona|recharge\n|move|p1a: Samurott|Flip Turn|p2b: Volcarona\n|-activate|p2b: Volcarona|move: Protect\n|\n|-sideend|p2: Nico023|move: Aurora Veil\n|upkeep\n|turn|11\n|\n|t:|1776575144\n|move|p1b: Scizor|Bullet Punch|p2b: Volcarona\n|-resisted|p2b: Volcarona|1\n|-damage|p2b: Volcarona|30/100\n|-status|p1b: Scizor|brn|[from] ability: Flame Body|[of] p2b: Volcarona\n|move|p2a: Volcarona|Hyper Beam|p1a: Samurott\n|-damage|p1a: Samurott|0 fnt\n|-mustrecharge|p2a: Volcarona\n|faint|p1a: Samurott\n|move|p2b: Volcarona|Heat Wave|p1b: Scizor|[miss]\n|-miss|p2b: Volcarona|p1b: Scizor\n|\n|-damage|p1b: Scizor|83/100 brn|[from] brn\n|upkeep\n|\n|t:|1776575157\n|switch|p1a: Venusaur|Venusaur-Mega, L50, M|100/100\n|turn|12\n|\n|t:|1776575164\n|move|p2b: Volcarona|Protect|p2b: Volcarona\n|-singleturn|p2b: Volcarona|Protect\n|move|p1b: Scizor|Bullet Punch|p2b: Volcarona\n|-activate|p2b: Volcarona|move: Protect\n|cant|p2a: Volcarona|recharge\n|move|p1a: Venusaur|Leech Seed|p2a: Volcarona\n|-start|p2a: Volcarona|move: Leech Seed\n|\n|-damage|p2a: Volcarona|82/100|[from] Leech Seed|[of] p1a: Venusaur\n|-damage|p1b: Scizor|77/100 brn|[from] brn\n|upkeep\n|turn|13\n|\n|t:|1776575178\n|move|p1b: Scizor|Bullet Punch|p2b: Volcarona\n|-resisted|p2b: Volcarona|1\n|-damage|p2b: Volcarona|8/100\n|move|p2a: Volcarona|Hyper Beam|p1a: Venusaur\n|-damage|p1a: Venusaur|43/100\n|-mustrecharge|p2a: Volcarona\n|move|p2b: Volcarona|Heat Wave|p1b: Scizor|[spread] p1a,p1b\n|-supereffective|p1a: Venusaur|1\n|-supereffective|p1b: Scizor|2\n|-damage|p1a: Venusaur|16/100\n|-damage|p1b: Scizor|0 fnt\n|faint|p1b: Scizor\n|move|p1a: Venusaur|Giga Drain|p2a: Volcarona\n|-damage|p2a: Volcarona|16/100\n|-heal|p1a: Venusaur|40/100|[from] drain|[of] p2a: Volcarona\n|replace|p2a: Zoroark|Zoroark-Hisui, L50, M\n|-end|p2a: Zoroark|Illusion\n|\n|-damage|p2a: Zoroark|4/100|[from] Leech Seed|[of] p1a: Venusaur\n|-heal|p1a: Venusaur|48/100|[silent]\n|upkeep\n|turn|14\n|inactive|Nico023 has 30 seconds left.\n|inactive|Nico023 has 20 seconds left.\n|\n|t:|1776575216\n|cant|p2a: Zoroark|recharge\n|move|p2b: Volcarona|Heat Wave|p1a: Venusaur\n|-supereffective|p1a: Venusaur|1\n|-damage|p1a: Venusaur|12/100\n|move|p1a: Venusaur|Sludge Bomb|p2b: Volcarona\n|-damage|p2b: Volcarona|0 fnt\n|faint|p2b: Volcarona\n|\n|-damage|p2a: Zoroark|0 fnt|[from] Leech Seed|[of] p1a: Venusaur\n|-heal|p1a: Venusaur|14/100|[silent]\n|faint|p2a: Zoroark\n|\n|win|Tokoromegumi415\n|raw|Tokoromegumi415's rating: 1419 &rarr; <strong>1438</strong><br />(+19 for winning)\n|raw|Nico023's rating: 1397 &rarr; <strong>1378</strong><br />(-19 for losing)\n|l|\u2606Nico023\n|player|p2|\n",
  "uploadtime": 1776575230,
  "views": 19,
  "formatid": "gen9championsvgc2026regma",
  "rating": 1378,
  "private": 0,
  "password": null
}