{
  "id": "gen9championsvgc2026regma-2580819335",
  "format": "[Gen 9 Champions] VGC 2026 Reg M-A",
  "players": [
    "brazzers777",
    "TheFallenCreed"
  ],
  "log": "|j|\u2606brazzers777\n|j|\u2606TheFallenCreed\n|t:|1775935052\n|gametype|doubles\n|player|p1|brazzers777|266|1082\n|player|p2|TheFallenCreed|hilbert|1124\n|gen|9\n|tier|[Gen 9 Champions] VGC 2026 Reg M-A\n|rated|\n|rule|Species Clause: Limit one of each Pok\u00e9mon\n|rule|Item Clause: Limit 1 of each item\n|clearpoke\n|poke|p1|Passimian, L50, M|\n|poke|p1|Ceruledge, L50, M|\n|poke|p1|Azumarill, L50, F|\n|poke|p1|Chesnaught, L50, M|\n|poke|p1|Hydreigon, L50, M|\n|poke|p1|Mamoswine, L50, M|\n|poke|p2|Kingambit, L50, M|\n|poke|p2|Froslass, L50, F|\n|poke|p2|Incineroar, L50, F|\n|poke|p2|Garchomp, L50, M|\n|poke|p2|Sneasler, L50, M|\n|poke|p2|Rotom-Wash, L50|\n|teampreview|4\n|inactive|Battle timer is ON: inactive players will automatically lose when time's up. (requested by brazzers777)\n|inactive|brazzers777 has 60 seconds left.\n|inactive|TheFallenCreed has 60 seconds left.\n|\n|t:|1775935102\n|teamsize|p1|4\n|teamsize|p2|4\n|start\n|switch|p1a: Passimian|Passimian, L50, M, shiny|100/100\n|switch|p1b: Ceruledge|Ceruledge, L50, M|100/100\n|switch|p2a: Froslass|Froslass, L50, F|100/100\n|switch|p2b: Sneasler|Sneasler, L50, M|100/100\n|turn|1\n|inactive|TheFallenCreed has 30 seconds left.\n|\n|t:|1775935137\n|move|p2a: Froslass|Protect|p2a: Froslass\n|-singleturn|p2a: Froslass|Protect\n|move|p1a: Passimian|Quick Guard|p1a: Passimian\n|-singleturn|p1a: Passimian|Quick Guard\n|move|p2b: Sneasler|Close Combat|p1a: Passimian\n|-damage|p1a: Passimian|51/100\n|-unboost|p2b: Sneasler|def|1\n|-unboost|p2b: Sneasler|spd|1\n|-enditem|p2b: Sneasler|White Herb\n|-clearnegativeboost|p2b: Sneasler|[silent]\n|move|p1b: Ceruledge|Bitter Blade|p2a: Froslass\n|-activate|p2a: Froslass|move: Protect\n|\n|upkeep\n|turn|2\n|inactive|brazzers777 has 30 seconds left.\n|inactive|TheFallenCreed has 30 seconds left.\n|\n|t:|1775935164\n|switch|p2a: Garchomp|Garchomp, L50, M|100/100\n|move|p1a: Passimian|Protect||[still]\n|-fail|p1a: Passimian\n|move|p2b: Sneasler|Close Combat|p1a: Passimian\n|-damage|p1a: Passimian|0 fnt\n|-unboost|p2b: Sneasler|def|1\n|-unboost|p2b: Sneasler|spd|1\n|faint|p1a: Passimian\n|move|p1b: Ceruledge|Bitter Blade|p2a: Garchomp\n|-resisted|p2a: Garchomp|1\n|-damage|p2a: Garchomp|78/100\n|-damage|p1b: Ceruledge|88/100|[from] ability: Rough Skin|[of] p2a: Garchomp\n|\n|-heal|p1b: Ceruledge|94/100|[from] item: Leftovers\n|upkeep\n|\n|t:|1775935183\n|switch|p1a: Mamoswine|Mamoswine, L50, M|100/100\n|turn|3\n|\n|t:|1775935204\n|switch|p2b: Incineroar|Incineroar, L50, F|100/100\n|-ability|p2b: Incineroar|Intimidate|boost\n|-fail|p1a: Mamoswine|unboost|Attack|[from] ability: Oblivious|[of] p1a: Mamoswine\n|-unboost|p1b: Ceruledge|atk|1\n|move|p1a: Mamoswine|Ice Shard|p2a: Garchomp\n|-supereffective|p2a: Garchomp|2\n|-damage|p2a: Garchomp|0 fnt\n|faint|p2a: Garchomp\n|move|p1b: Ceruledge|Bitter Blade|p2b: Incineroar\n|-resisted|p2b: Incineroar|1\n|-damage|p2b: Incineroar|87/100\n|-heal|p1b: Ceruledge|100/100|[from] drain|[of] p2b: Incineroar\n|\n|upkeep\n|\n|t:|1775935217\n|switch|p2a: Sneasler|Sneasler, L50, M|100/100\n|turn|4\n|\n|t:|1775935239\n|move|p1a: Mamoswine|Protect|p1a: Mamoswine\n|-singleturn|p1a: Mamoswine|Protect\n|move|p1b: Ceruledge|Protect|p1b: Ceruledge\n|-singleturn|p1b: Ceruledge|Protect\n|move|p2a: Sneasler|Close Combat|p1a: Mamoswine\n|-activate|p1a: Mamoswine|move: Protect\n|move|p2b: Incineroar|Darkest Lariat|p1b: Ceruledge\n|-activate|p1b: Ceruledge|move: Protect\n|\n|upkeep\n|turn|5\n|\n|t:|1775935260\n|switch|p1b: Chesnaught|Chesnaught, L50, M|100/100\n|move|p2a: Sneasler|Close Combat|p1a: Mamoswine\n|-supereffective|p1a: Mamoswine|1\n|-enditem|p1a: Mamoswine|Focus Sash\n|-damage|p1a: Mamoswine|1/100\n|-unboost|p2a: Sneasler|def|1\n|-unboost|p2a: Sneasler|spd|1\n|move|p1a: Mamoswine|Earthquake|p2b: Incineroar|[spread] p1b,p2a,p2b\n|-resisted|p1b: Chesnaught|1\n|-supereffective|p2a: Sneasler|1\n|-supereffective|p2b: Incineroar|1\n|-damage|p1b: Chesnaught|88/100\n|-damage|p2a: Sneasler|0 fnt\n|-damage|p2b: Incineroar|6/100\n|-enditem|p2b: Incineroar|Sitrus Berry|[eat]\n|-heal|p2b: Incineroar|31/100|[from] item: Sitrus Berry\n|faint|p2a: Sneasler\n|move|p2b: Incineroar|Darkest Lariat|p1b: Chesnaught\n|-resisted|p1b: Chesnaught|1\n|-damage|p1b: Chesnaught|74/100\n|\n|upkeep\n|\n|t:|1775935276\n|switch|p2a: Froslass|Froslass, L50, F|100/100\n|turn|6\n|\n|t:|1775935288\n|detailschange|p1b: Chesnaught|Chesnaught-Mega, L50, M\n|-mega|p1b: Chesnaught|Chesnaught|Chesnaughtite\n|move|p1b: Chesnaught|Wide Guard|p1b: Chesnaught\n|-singleturn|p1b: Chesnaught|Wide Guard\n|move|p2a: Froslass|Blizzard|p1b: Chesnaught|[spread] \n|-activate|p1a: Mamoswine|move: Wide Guard\n|-activate|p1b: Chesnaught|move: Wide Guard\n|move|p1a: Mamoswine|Earthquake|p2a: Froslass|[spread] p2a,p2b\n|-activate|p1b: Chesnaught|move: Wide Guard\n|-supereffective|p2b: Incineroar|1\n|-damage|p2a: Froslass|36/100\n|-damage|p2b: Incineroar|0 fnt\n|faint|p2b: Incineroar\n|\n|upkeep\n|turn|7\n|-message|TheFallenCreed forfeited.\n|\n|win|brazzers777\n|raw|brazzers777's rating: 1082 &rarr; <strong>1113</strong><br />(+31 for winning)\n|raw|TheFallenCreed's rating: 1124 &rarr; <strong>1096</strong><br />(-28 for losing)\n|l|\u2606TheFallenCreed\n|player|p2|\n",
  "uploadtime": 1775935304,
  "views": 17,
  "formatid": "gen9championsvgc2026regma",
  "rating": 1096,
  "private": 0,
  "password": null
}