{
  "id": "gen9championsvgc2026regma-2585325922",
  "format": "[Gen 9 Champions] VGC 2026 Reg M-A",
  "players": [
    "aktinium666",
    "nipter"
  ],
  "log": "|j|\u2606aktinium666\n|j|\u203dnipter\n|t:|1776338030\n|gametype|doubles\n|player|p1|aktinium666|kukui|1000\n|player|p2|nipter|az|1000\n|gen|9\n|tier|[Gen 9 Champions] VGC 2026 Reg M-A\n|rated|\n|rule|Species Clause: Limit one of each Pok\u00e9mon\n|rule|Item Clause: Limit 1 of each item\n|clearpoke\n|poke|p1|Drampa, L50, M|\n|poke|p1|Basculegion, L50, M|\n|poke|p1|Archaludon, L50, F|\n|poke|p1|Sinistcha, L50|\n|poke|p1|Pelipper, L50, F|\n|poke|p1|Kingambit, L50, M|\n|poke|p2|Floette-Eternal, L50, F|\n|poke|p2|Aerodactyl, L50, F|\n|poke|p2|Incineroar, L50, F|\n|poke|p2|Sinistcha-Masterpiece, L50|\n|poke|p2|Archaludon, L50, F|\n|poke|p2|Meowscarada, L50, F|\n|teampreview|4\n|\n|t:|1776338057\n|teamsize|p1|4\n|teamsize|p2|4\n|start\n|switch|p1a: Pelipper|Pelipper, L50, F|100/100\n|switch|p1b: Archaludon|Archaludon, L50, F|100/100\n|switch|p2a: Floette|Floette-Eternal, L50, F|100/100\n|switch|p2b: Aerodactyl|Aerodactyl, L50, F|100/100\n|-weather|RainDance|[from] ability: Drizzle|[of] p1a: Pelipper\n|turn|1\n|\n|t:|1776338077\n|detailschange|p2a: Floette|Floette-Mega, L50, F\n|-mega|p2a: Floette|Floette|Floettite\n|-ability|p2a: Floette|Fairy Aura\n|move|p2a: Floette|Protect|p2a: Floette\n|-singleturn|p2a: Floette|Protect\n|move|p2b: Aerodactyl|Tailwind|p2b: Aerodactyl\n|-sidestart|p2: nipter|move: Tailwind\n|move|p1b: Archaludon|Flash Cannon|p2a: Floette\n|-activate|p2a: Floette|move: Protect\n|move|p1a: Pelipper|Weather Ball|p2b: Aerodactyl\n|-supereffective|p2b: Aerodactyl|1\n|-enditem|p2b: Aerodactyl|Focus Sash\n|-damage|p2b: Aerodactyl|1/100\n|\n|-weather|RainDance|[upkeep]\n|upkeep\n|turn|2\n|\n|t:|1776338112\n|move|p2b: Aerodactyl|Crunch|p1b: Archaludon\n|-damage|p1b: Archaludon|83/100\n|-ability|p1b: Archaludon|Stamina|boost\n|-boost|p1b: Archaludon|def|1\n|move|p2a: Floette|Light of Ruin|p1b: Archaludon\n|-damage|p1b: Archaludon|0 fnt\n|faint|p1b: Archaludon\n|-damage|p2a: Floette|46/100|[from] Recoil\n|move|p1a: Pelipper|Tailwind|p1a: Pelipper\n|-sidestart|p1: aktinium666|move: Tailwind\n|\n|-weather|RainDance|[upkeep]\n|upkeep\n|\n|t:|1776338127\n|switch|p1b: Drampa|Drampa, L50, M|100/100\n|turn|3\n|\n|t:|1776338144\n|switch|p1b: Sinistcha|Sinistcha, L50|100/100\n|move|p2b: Aerodactyl|Crunch|p1b: Sinistcha\n|-supereffective|p1b: Sinistcha|1\n|-damage|p1b: Sinistcha|54/100\n|move|p2a: Floette|Dazzling Gleam|p1b: Sinistcha|[spread] p1a,p1b\n|-damage|p1a: Pelipper|50/100\n|-damage|p1b: Sinistcha|11/100\n|-enditem|p1b: Sinistcha|Sitrus Berry|[eat]\n|-heal|p1b: Sinistcha|35/100|[from] item: Sitrus Berry\n|move|p1a: Pelipper|Weather Ball|p2a: Floette\n|-damage|p2a: Floette|0 fnt\n|faint|p2a: Floette\n|\n|-weather|RainDance|[upkeep]\n|-heal|p1a: Pelipper|56/100|[from] item: Leftovers\n|upkeep\n|\n|t:|1776338160\n|switch|p2a: Meowscarada|Meowscarada, L50, F|100/100\n|turn|4\n|\n|t:|1776338187\n|move|p2a: Meowscarada|Knock Off|p1b: Sinistcha\n|-start|p2a: Meowscarada|typechange|Dark|[from] ability: Protean\n|-supereffective|p1b: Sinistcha|1\n|-damage|p1b: Sinistcha|0 fnt\n|faint|p1b: Sinistcha\n|move|p2b: Aerodactyl|Crunch|p1a: Pelipper\n|-damage|p1a: Pelipper|30/100\n|move|p1a: Pelipper|Hurricane|p2a: Meowscarada\n|-damage|p2a: Meowscarada|42/100\n|\n|-weather|RainDance|[upkeep]\n|-heal|p1a: Pelipper|36/100|[from] item: Leftovers\n|-sideend|p2: nipter|move: Tailwind\n|upkeep\n|\n|t:|1776338202\n|switch|p1b: Drampa|Drampa, L50, M|100/100\n|turn|5\n|\n|t:|1776338217\n|switch|p2a: Incineroar|Incineroar, L50, F, shiny|100/100\n|-ability|p2a: Incineroar|Intimidate|boost\n|-unboost|p1a: Pelipper|atk|1\n|-unboost|p1b: Drampa|atk|1\n|move|p2b: Aerodactyl|Crunch|p1a: Pelipper\n|-damage|p1a: Pelipper|10/100\n|move|p1a: Pelipper|Weather Ball|p2b: Aerodactyl\n|-supereffective|p2b: Aerodactyl|1\n|-damage|p2b: Aerodactyl|0 fnt\n|faint|p2b: Aerodactyl\n|move|p1b: Drampa|Hyper Voice|p2a: Incineroar\n|-damage|p2a: Incineroar|51/100\n|\n|-weather|none\n|-heal|p1a: Pelipper|16/100|[from] item: Leftovers\n|-sideend|p1: aktinium666|move: Tailwind\n|upkeep\n|\n|t:|1776338232\n|switch|p2b: Meowscarada|Meowscarada, L50, F|42/100\n|turn|6\n|\n|t:|1776338247\n|move|p1a: Pelipper|Protect|p1a: Pelipper\n|-singleturn|p1a: Pelipper|Protect\n|move|p1b: Drampa|Protect|p1b: Drampa\n|-singleturn|p1b: Drampa|Protect\n|move|p2a: Incineroar|Fake Out|p1b: Drampa\n|-activate|p1b: Drampa|move: Protect\n|move|p2b: Meowscarada|Sucker Punch||[still]\n|-fail|p2b: Meowscarada\n|\n|-heal|p1a: Pelipper|22/100|[from] item: Leftovers\n|upkeep\n|turn|7\n|\n|t:|1776338265\n|detailschange|p1b: Drampa|Drampa-Mega, L50, M\n|-mega|p1b: Drampa|Drampa|Drampanite\n|move|p2b: Meowscarada|Sucker Punch||[still]\n|-fail|p2b: Meowscarada\n|move|p1a: Pelipper|Tailwind|p1a: Pelipper\n|-sidestart|p1: aktinium666|move: Tailwind\n|move|p1b: Drampa|Earth Power|p2a: Incineroar\n|-supereffective|p2a: Incineroar|1\n|-damage|p2a: Incineroar|0 fnt\n|faint|p2a: Incineroar\n|\n|-heal|p1a: Pelipper|28/100|[from] item: Leftovers\n|upkeep\n|turn|8\n|-message|nipter forfeited.\n|\n|win|aktinium666\n|raw|aktinium666's rating: 1000 &rarr; <strong>1040</strong><br />(+40 for winning)\n|raw|nipter's rating: 1000 &rarr; <strong>1000</strong><br />(+0 for losing)\n|l|\u203dnipter\n|player|p2|\n",
  "uploadtime": 1776338424,
  "views": 21,
  "formatid": "gen9championsvgc2026regma",
  "rating": 1000,
  "private": 0,
  "password": null
}