{
  "id": "gen9championsvgc2026regma-2582198296",
  "format": "[Gen 9 Champions] VGC 2026 Reg M-A",
  "players": [
    "Stibe",
    "Murphy's kitchen"
  ],
  "log": "|j|\u2606Stibe\n|j|\u2606Murphy's kitchen\n|t:|1776070263\n|gametype|doubles\n|player|p1|Stibe|musician|1161\n|player|p2|Murphy's kitchen|101|1165\n|gen|9\n|tier|[Gen 9 Champions] VGC 2026 Reg M-A\n|rated|\n|rule|Species Clause: Limit one of each Pok\u00e9mon\n|rule|Item Clause: Limit 1 of each item\n|clearpoke\n|poke|p1|Excadrill, L50, F|\n|poke|p1|Primarina, L50, F|\n|poke|p1|Whimsicott, L50, M|\n|poke|p1|Rotom-Heat, L50|\n|poke|p1|Sneasler, L50, M|\n|poke|p1|Dragapult, L50, F|\n|poke|p2|Araquanid, L50, F|\n|poke|p2|Arcanine, L50, M|\n|poke|p2|Kingambit, L50, F|\n|poke|p2|Sinistcha, L50|\n|poke|p2|Gardevoir, L50, M|\n|poke|p2|Maushold-Four, L50|\n|teampreview|4\n|j| mago della merda\n|j| Brokemon go raids\n|\n|t:|1776070326\n|teamsize|p1|4\n|teamsize|p2|4\n|start\n|switch|p1a: Rotom|Rotom-Heat, L50|100/100\n|switch|p1b: Sneasler|Sneasler, L50, M|100/100\n|switch|p2a: Maushold|Maushold-Four, L50|100/100\n|switch|p2b: Gardevoir|Gardevoir, L50, M|100/100\n|turn|1\n|\n|t:|1776070339\n|move|p2a: Maushold|Protect|p2a: Maushold\n|-singleturn|p2a: Maushold|Protect\n|move|p2b: Gardevoir|Protect|p2b: Gardevoir\n|-singleturn|p2b: Gardevoir|Protect\n|move|p1b: Sneasler|Dire Claw|p2b: Gardevoir\n|-activate|p2b: Gardevoir|move: Protect\n|move|p1a: Rotom|Electroweb|p2a: Maushold|[spread] \n|-activate|p2a: Maushold|move: Protect\n|-activate|p2b: Gardevoir|move: Protect\n|\n|upkeep\n|turn|2\n|\n|t:|1776070361\n|detailschange|p2b: Gardevoir|Gardevoir-Mega, L50, M\n|-mega|p2b: Gardevoir|Gardevoir|Gardevoirite\n|move|p2a: Maushold|Follow Me|p2a: Maushold\n|-singleturn|p2a: Maushold|move: Follow Me\n|move|p1b: Sneasler|Close Combat|p2a: Maushold\n|-supereffective|p2a: Maushold|1\n|-enditem|p2a: Maushold|Chople Berry|[eat]\n|-enditem|p2a: Maushold|Chople Berry|[weaken]\n|-damage|p2a: Maushold|22/100\n|-unboost|p1b: Sneasler|def|1\n|-unboost|p1b: Sneasler|spd|1\n|move|p1a: Rotom|Electroweb|p2b: Gardevoir|[spread] p2a,p2b\n|-crit|p2a: Maushold\n|-damage|p2a: Maushold|0 fnt\n|-damage|p2b: Gardevoir|92/100\n|-unboost|p2b: Gardevoir|spe|1\n|faint|p2a: Maushold\n|move|p2b: Gardevoir|Trick Room|p2b: Gardevoir\n|-fieldstart|move: Trick Room|[of] p2b: Gardevoir\n|\n|upkeep\n|\n|t:|1776070379\n|switch|p2a: Araquanid|Araquanid, L50, F|100/100\n|turn|3\n|\n|t:|1776070393\n|move|p2a: Araquanid|Liquidation|p1b: Sneasler\n|-enditem|p1b: Sneasler|Focus Sash\n|-damage|p1b: Sneasler|1/100\n|move|p2b: Gardevoir|Hyper Voice|p1b: Sneasler|[spread] p1a,p1b\n|-resisted|p1a: Rotom|1\n|-damage|p1a: Rotom|75/100\n|-damage|p1b: Sneasler|0 fnt\n|faint|p1b: Sneasler\n|move|p1a: Rotom|Volt Switch|p2a: Araquanid\n|-supereffective|p2a: Araquanid|1\n|-damage|p2a: Araquanid|59/100\n|\n|t:|1776070405\n|switch|p1a: Excadrill|Excadrill, L50, F|100/100|[from] Volt Switch\n|-ability|p1a: Excadrill|Mold Breaker\n|\n|upkeep\n|\n|t:|1776070409\n|switch|p1b: Rotom|Rotom-Heat, L50|75/100\n|turn|4\n|\n|t:|1776070421\n|move|p1a: Excadrill|Protect|p1a: Excadrill\n|-singleturn|p1a: Excadrill|Protect\n|move|p2a: Araquanid|Liquidation|p1a: Excadrill\n|-activate|p1a: Excadrill|move: Protect\n|move|p2b: Gardevoir|Hyper Voice|p1a: Excadrill|[spread] p1b\n|-activate|p1a: Excadrill|move: Protect\n|-resisted|p1b: Rotom|1\n|-damage|p1b: Rotom|49/100\n|-enditem|p1b: Rotom|Sitrus Berry|[eat]\n|-heal|p1b: Rotom|74/100|[from] item: Sitrus Berry\n|move|p1b: Rotom|Volt Switch|p2a: Araquanid\n|-supereffective|p2a: Araquanid|1\n|-damage|p2a: Araquanid|20/100\n|\n|t:|1776070435\n|switch|p1b: Dragapult|Dragapult, L50, F|100/100|[from] Volt Switch\n|\n|upkeep\n|turn|5\n|\n|t:|1776070451\n|switch|p1a: Rotom|Rotom-Heat, L50|74/100\n|move|p2a: Araquanid|Liquidation|p1a: Rotom\n|-supereffective|p1a: Rotom|1\n|-damage|p1a: Rotom|0 fnt\n|faint|p1a: Rotom\n|move|p2b: Gardevoir|Hyper Voice|p1b: Dragapult\n|-supereffective|p1b: Dragapult|1\n|-damage|p1b: Dragapult|0 fnt\n|faint|p1b: Dragapult\n|\n|upkeep\n|\n|t:|1776070459\n|switch|p1b: Excadrill|Excadrill, L50, F|100/100\n|-ability|p1b: Excadrill|Mold Breaker\n|turn|6\n|\n|t:|1776070471\n|switch|p2b: Sinistcha|Sinistcha, L50|100/100\n|-heal|p2a: Araquanid|45/100|[from] ability: Hospitality|[of] p2b: Sinistcha\n|move|p1b: Excadrill|Protect|p1b: Excadrill\n|-singleturn|p1b: Excadrill|Protect\n|move|p2a: Araquanid|Liquidation|p1b: Excadrill\n|-activate|p1b: Excadrill|move: Protect\n|\n|-fieldend|move: Trick Room\n|upkeep\n|turn|7\n|\n|t:|1776070485\n|detailschange|p1b: Excadrill|Excadrill-Mega, L50, F\n|-mega|p1b: Excadrill|Excadrill|Excadrite\n|move|p2a: Araquanid|Protect|p2a: Araquanid\n|-singleturn|p2a: Araquanid|Protect\n|move|p1b: Excadrill|Rock Slide|p2b: Sinistcha|[spread] p2b\n|-activate|p2a: Araquanid|move: Protect\n|-damage|p2b: Sinistcha|77/100\n|move|p2b: Sinistcha|Trick Room|p2b: Sinistcha\n|-fieldstart|move: Trick Room|[of] p2b: Sinistcha\n|\n|upkeep\n|turn|8\n|\n|t:|1776070501\n|move|p2a: Araquanid|Liquidation|p1b: Excadrill\n|-supereffective|p1b: Excadrill|1\n|-crit|p1b: Excadrill\n|-damage|p1b: Excadrill|0 fnt\n|faint|p1b: Excadrill\n|\n|win|Murphy's kitchen\n|raw|Stibe's rating: 1161 &rarr; <strong>1136</strong><br />(-25 for losing)\n|raw|Murphy&apos;s kitchen's rating: 1165 &rarr; <strong>1190</strong><br />(+25 for winning)\n|l|\u2606Stibe\n|player|p1|\n",
  "uploadtime": 1776070510,
  "views": 30,
  "formatid": "gen9championsvgc2026regma",
  "rating": 1136,
  "private": 0,
  "password": null
}