{
  "id": "gen9championsvgc2026regma-2580765646",
  "format": "[Gen 9 Champions] VGC 2026 Reg M-A",
  "players": [
    "bunearyboicherry",
    "grok how do i win?"
  ],
  "log": "|j|\u2606bunearyboicherry\n|j|\u2606grok how do i win?\n|t:|1775930695\n|gametype|doubles\n|player|p1|bunearyboicherry|preschoolerf-gen6|1194\n|player|p2|grok how do i win?|2|1113\n|gen|9\n|tier|[Gen 9 Champions] VGC 2026 Reg M-A\n|rated|\n|rule|Species Clause: Limit one of each Pok\u00e9mon\n|rule|Item Clause: Limit 1 of each item\n|clearpoke\n|poke|p1|Crabominable, L50, M|\n|poke|p1|Farigiraf, L50, F|\n|poke|p1|Drampa, L50, M|\n|poke|p1|Typhlosion-Hisui, L50, F|\n|poke|p1|Primarina, L50, F|\n|poke|p1|Slowbro-Galar, L50, M|\n|poke|p2|Charizard, L50, M|\n|poke|p2|Venusaur, L50, F|\n|poke|p2|Garchomp, L50, F|\n|poke|p2|Incineroar, L50, F|\n|poke|p2|Whimsicott, L50, M|\n|poke|p2|Raichu, L50, F|\n|teampreview|4\n|\n|t:|1775930734\n|teamsize|p1|4\n|teamsize|p2|4\n|start\n|switch|p1a: Farigiraf|Farigiraf, L50, F, shiny|100/100\n|switch|p1b: Primarina|Primarina, L50, F, shiny|100/100\n|switch|p2a: Charizard|Charizard, L50, M, shiny|100/100\n|switch|p2b: Raichu|Raichu, L50, F|100/100\n|turn|1\n|inactive|Battle timer is ON: inactive players will automatically lose when time's up. (requested by bunearyboicherry)\n|\n|t:|1775930758\n|switch|p1b: Drampa|Drampa, L50, M, shiny|100/100\n|-ability|p1b: Drampa|Cloud Nine\n|detailschange|p2a: Charizard|Charizard-Mega-Y, L50, M, shiny\n|-mega|p2a: Charizard|Charizard|Charizardite Y\n|-weather|SunnyDay|[from] ability: Drought|[of] p2a: Charizard\n|move|p2b: Raichu|Helping Hand|p2a: Charizard\n|-singleturn|p2a: Charizard|Helping Hand|[of] p2b: Raichu\n|move|p2a: Charizard|Heat Wave|p1b: Drampa|[spread] p1a,p1b\n|-resisted|p1b: Drampa|1\n|-damage|p1a: Farigiraf|42/100\n|-damage|p1b: Drampa|66/100\n|move|p1a: Farigiraf|Trick Room|p1a: Farigiraf\n|-fieldstart|move: Trick Room|[of] p1a: Farigiraf\n|\n|-weather|SunnyDay|[upkeep]\n|upkeep\n|turn|2\n|\n|t:|1775930783\n|move|p2a: Charizard|Protect|p2a: Charizard\n|-singleturn|p2a: Charizard|Protect\n|move|p1b: Drampa|Hyper Voice|p2a: Charizard|[spread] p2b\n|-activate|p2a: Charizard|move: Protect\n|-damage|p2b: Raichu|48/100\n|move|p1a: Farigiraf|Twin Beam|p2b: Raichu\n|-damage|p2b: Raichu|26/100\n|-damage|p2b: Raichu|4/100\n|-hitcount|p2b: Raichu|2\n|move|p2b: Raichu|Nuzzle|p1b: Drampa\n|-resisted|p1b: Drampa|1\n|-damage|p1b: Drampa|62/100\n|-status|p1b: Drampa|par\n|\n|-weather|SunnyDay|[upkeep]\n|upkeep\n|turn|3\n|\n|t:|1775930800\n|move|p2b: Raichu|Helping Hand|p2a: Charizard\n|-singleturn|p2a: Charizard|Helping Hand|[of] p2b: Raichu\n|cant|p1b: Drampa|par\n|move|p1a: Farigiraf|Twin Beam|p2a: Charizard\n|-damage|p2a: Charizard|84/100\n|-damage|p2a: Charizard|67/100\n|-hitcount|p2a: Charizard|2\n|move|p2a: Charizard|Heat Wave|p1a: Farigiraf|[spread] p1a,p1b\n|-resisted|p1b: Drampa|1\n|-damage|p1a: Farigiraf|0 fnt\n|-damage|p1b: Drampa|28/100 par\n|faint|p1a: Farigiraf\n|\n|-weather|SunnyDay|[upkeep]\n|upkeep\n|\n|t:|1775930810\n|switch|p1a: Primarina|Primarina, L50, F, shiny|100/100\n|turn|4\n|\n|t:|1775930826\n|move|p2a: Charizard|Protect|p2a: Charizard\n|-singleturn|p2a: Charizard|Protect\n|cant|p1b: Drampa|par\n|move|p1a: Primarina|Hyper Voice|p2a: Charizard|[spread] p2b\n|-activate|p2a: Charizard|move: Protect\n|-damage|p2b: Raichu|0 fnt\n|faint|p2b: Raichu\n|\n|-weather|SunnyDay|[upkeep]\n|upkeep\n|\n|t:|1775930835\n|switch|p2b: Venusaur|Venusaur, L50, F, shiny|100/100\n|turn|5\n|\n|t:|1775930848\n|switch|p2a: Garchomp|Garchomp, L50, F|100/100\n|move|p1b: Drampa|Hyper Voice|p2a: Garchomp|[spread] p2a,p2b\n|-damage|p2a: Garchomp|53/100\n|-damage|p2b: Venusaur|54/100\n|move|p1a: Primarina|Hyper Voice|p2a: Garchomp|[spread] p2a,p2b\n|-resisted|p2b: Venusaur|1\n|-damage|p2a: Garchomp|14/100\n|-damage|p2b: Venusaur|31/100\n|move|p2b: Venusaur|Sludge Bomb|p1a: Primarina\n|-supereffective|p1a: Primarina|1\n|-damage|p1a: Primarina|36/100\n|-status|p1a: Primarina|psn\n|\n|-weather|none\n|-heal|p1a: Primarina|42/100 psn|[from] item: Leftovers\n|-damage|p1a: Primarina|30/100 psn|[from] psn\n|-fieldend|move: Trick Room\n|upkeep\n|turn|6\n|inactive|grok how do i win? has 30 seconds left.\n|\n|t:|1775930875\n|move|p2a: Garchomp|Rock Slide|p1a: Primarina|[spread] p1a,p1b\n|-damage|p1a: Primarina|7/100 psn\n|-damage|p1b: Drampa|6/100 par\n|move|p2b: Venusaur|Sludge Bomb|p1a: Primarina\n|-supereffective|p1a: Primarina|1\n|-damage|p1a: Primarina|0 fnt\n|faint|p1a: Primarina\n|cant|p1b: Drampa|flinch\n|\n|upkeep\n|\n|t:|1775930881\n|switch|p1a: Crabominable|Crabominable, L50, M, shiny|100/100\n|turn|7\n|\n|t:|1775930890\n|detailschange|p1a: Crabominable|Crabominable-Mega, L50, M, shiny\n|-mega|p1a: Crabominable|Crabominable|Crabominite\n|move|p1a: Crabominable|Mach Punch|p2a: Garchomp\n|-damage|p2a: Garchomp|0 fnt\n|-damage|p1a: Crabominable|88/100|[from] ability: Rough Skin|[of] p2a: Garchomp\n|faint|p2a: Garchomp\n|move|p2b: Venusaur|Sludge Bomb|p1a: Crabominable\n|-damage|p1a: Crabominable|56/100\n|move|p1b: Drampa|Flamethrower|p2b: Venusaur\n|-supereffective|p2b: Venusaur|1\n|-damage|p2b: Venusaur|0 fnt\n|faint|p2b: Venusaur\n|\n|upkeep\n|\n|t:|1775930901\n|switch|p2a: Charizard|Charizard-Mega-Y, L50, M, shiny|67/100\n|-weather|SunnyDay|[from] ability: Drought|[of] p2a: Charizard\n|turn|8\n|\n|t:|1775930910\n|move|p2a: Charizard|Heat Wave|p1a: Crabominable|[spread] p1a\n|-miss|p2a: Charizard|p1b: Drampa\n|-supereffective|p1a: Crabominable|1\n|-damage|p1a: Crabominable|0 fnt\n|faint|p1a: Crabominable\n|move|p1b: Drampa|Dragon Pulse|p2a: Charizard\n|-damage|p2a: Charizard|14/100\n|\n|-weather|SunnyDay|[upkeep]\n|upkeep\n|turn|9\n|\n|t:|1775930925\n|move|p2a: Charizard|Air Slash|p1b: Drampa\n|-damage|p1b: Drampa|0 fnt\n|faint|p1b: Drampa\n|\n|win|grok how do i win?\n|raw|bunearyboicherry's rating: 1194 &rarr; <strong>1163</strong><br />(-31 for losing)\n|raw|grok how do i win?'s rating: 1113 &rarr; <strong>1144</strong><br />(+31 for winning)\n",
  "uploadtime": 1775930927,
  "views": 14,
  "formatid": "gen9championsvgc2026regma",
  "rating": 1144,
  "private": 0,
  "password": null
}