{
  "id": "gen9championsvgc2026regma-2586900045",
  "format": "[Gen 9 Champions] VGC 2026 Reg M-A",
  "players": [
    "AzzUCooked",
    "StacySteal"
  ],
  "log": "|j|\u2606AzzUCooked\n|j|\u2606StacySteal\n|t:|1776469922\n|gametype|doubles\n|player|p1|AzzUCooked|266|1040\n|player|p2|StacySteal|170|1025\n|gen|9\n|tier|[Gen 9 Champions] VGC 2026 Reg M-A\n|rated|\n|rule|Species Clause: Limit one of each Pok\u00e9mon\n|rule|Item Clause: Limit 1 of each item\n|clearpoke\n|poke|p1|Banette, L50, F|\n|poke|p1|Milotic, L50, F|\n|poke|p1|Incineroar, L50, F|\n|poke|p1|Orthworm, L50, F|\n|poke|p1|Mamoswine, L50, M|\n|poke|p1|Medicham, L50, F|\n|poke|p2|Scovillain, L50, M|\n|poke|p2|Gyarados, L50, M|\n|poke|p2|Hydreigon, L50, M|\n|poke|p2|Corviknight, L50, F|\n|poke|p2|Dragapult, L50, M|\n|poke|p2|Diggersby, L50, F|\n|teampreview|4\n|inactive|Battle timer is ON: inactive players will automatically lose when time's up. (requested by StacySteal)\n|\n|t:|1776469958\n|teamsize|p1|4\n|teamsize|p2|4\n|start\n|switch|p1a: Banette|Banette, L50, F|100/100\n|switch|p1b: Medicham|Medicham, L50, F|100/100\n|switch|p2a: Scovillain|Scovillain, L50, M|100/100\n|switch|p2b: Dragapult|Dragapult, L50, M|100/100\n|-item|p2a: Scovillain|Scovillainite|[from] ability: Frisk|[of] p1a: Banette\n|-item|p2b: Dragapult|Dragon Fang|[from] ability: Frisk|[of] p1a: Banette\n|turn|1\n|inactive|StacySteal has 30 seconds left.\n|\n|t:|1776469985\n|detailschange|p1a: Banette|Banette-Mega, L50, F\n|-mega|p1a: Banette|Banette|Banettite\n|move|p2a: Scovillain|Protect|p2a: Scovillain\n|-singleturn|p2a: Scovillain|Protect\n|move|p1a: Banette|Substitute|p1a: Banette\n|-start|p1a: Banette|Substitute\n|-damage|p1a: Banette|76/100\n|move|p2b: Dragapult|Light Screen|p2b: Dragapult\n|-sidestart|p2: StacySteal|move: Light Screen\n|move|p1b: Medicham|Skill Swap|p1a: Banette\n|-activate|p1b: Medicham|Skill Swap|||[of] p1a: Banette\n|\n|-ability|p2a: Scovillain|Moody|boost\n|-boost|p2a: Scovillain|spa|2\n|-unboost|p2a: Scovillain|atk|1\n|upkeep\n|turn|2\n|inactive|StacySteal has 30 seconds left.\n|inactive|AzzUCooked has 30 seconds left.\n|\n|t:|1776470017\n|detailschange|p2a: Scovillain|Scovillain-Mega, L50, M\n|-mega|p2a: Scovillain|Scovillain|Scovillainite\n|move|p1b: Medicham|Skill Swap|p2a: Scovillain\n|-activate|p1b: Medicham|Skill Swap|Spicy Spray|Prankster|[of] p2a: Scovillain\n|move|p2b: Dragapult|Dragon Darts|p1b: Medicham\n|-damage|p1b: Medicham|63/100\n|-status|p2b: Dragapult|brn|[from] ability: Spicy Spray|[of] p1b: Medicham\n|-anim|p2b: Dragapult|Dragon Darts|p1a: Banette\n|-activate|p1a: Banette|move: Substitute|[damage]\n|move|p1a: Banette|Swords Dance|p1a: Banette\n|-boost|p1a: Banette|atk|2\n|move|p2a: Scovillain|Flamethrower|p1a: Banette\n|-end|p1a: Banette|Substitute\n|\n|-damage|p2b: Dragapult|94/100 brn|[from] brn\n|upkeep\n|turn|3\n|inactive|AzzUCooked has 30 seconds left.\n|inactive|StacySteal has 30 seconds left.\n|\n|t:|1776470049\n|switch|p1b: Incineroar|Incineroar, L50, F|100/100\n|-ability|p1b: Incineroar|Intimidate|boost\n|-unboost|p2a: Scovillain|atk|1\n|-fail|p2b: Dragapult|unboost|[from] ability: Clear Body|[of] p2b: Dragapult\n|move|p1a: Banette|Sucker Punch|p2b: Dragapult\n|-supereffective|p2b: Dragapult|1\n|-damage|p2b: Dragapult|0 fnt\n|faint|p2b: Dragapult\n|move|p2a: Scovillain|Leech Seed|p1b: Incineroar\n|-hint|Since gen 7, Dark is immune to Prankster moves.\n|-immune|p1b: Incineroar\n|\n|upkeep\n|\n|t:|1776470066\n|switch|p2b: Gyarados|Gyarados, L50, M|100/100\n|-ability|p2b: Gyarados|Intimidate|boost\n|-unboost|p1a: Banette|atk|1\n|-unboost|p1b: Incineroar|atk|1\n|turn|4\n|\n|t:|1776470083\n|move|p2b: Gyarados|Protect|p2b: Gyarados\n|-singleturn|p2b: Gyarados|Protect\n|move|p1b: Incineroar|Fake Out|p2a: Scovillain\n|-damage|p2a: Scovillain|91/100\n|move|p1a: Banette|Sucker Punch||[still]\n|-fail|p1a: Banette\n|cant|p2a: Scovillain|flinch\n|\n|upkeep\n|turn|5\n|inactive|AzzUCooked has 30 seconds left.\n|inactive|StacySteal has 30 seconds left.\n|inactive|StacySteal has 20 seconds left.\n|inactive|StacySteal has 15 seconds left.\n|inactive|StacySteal has 10 seconds left.\n|inactive|StacySteal has 5 seconds left.\n|inactive|AzzUCooked has 20 seconds left.\n|l|\u2606StacySteal\n|inactive|StacySteal disconnected and has a minute to reconnect!\n|player|p2|\n|\n|t:|1776470143\n|move|p2a: Scovillain|Protect|p2a: Scovillain\n|-singleturn|p2a: Scovillain|Protect\n|move|p2b: Gyarados|Protect||[still]\n|-fail|p2b: Gyarados\n|move|p1a: Banette|Shadow Claw|p2a: Scovillain\n|-activate|p2a: Scovillain|move: Protect\n|move|p1b: Incineroar|Parting Shot|p2b: Gyarados\n|-unboost|p2b: Gyarados|atk|1\n|-unboost|p2b: Gyarados|spa|1\n|\n|t:|1776470154\n|switch|p1b: Mamoswine|Mamoswine, L50, M|100/100|[from] Parting Shot\n|\n|-sideend|p2: StacySteal|move: Light Screen\n|upkeep\n|turn|6\n|inactive|StacySteal has 30 seconds left.\n|inactive|StacySteal has 20 seconds left.\n|inactive|StacySteal has 15 seconds left.\n|inactive|StacySteal has 10 seconds left.\n|inactive|StacySteal has 5 seconds left.\n|-message|StacySteal lost due to inactivity.\n|\n|win|AzzUCooked\n|raw|AzzUCooked's rating: 1040 &rarr; <strong>1073</strong><br />(+33 for winning)\n|raw|StacySteal's rating: 1025 &rarr; <strong>1012</strong><br />(-13 for losing)\n",
  "uploadtime": 1776470212,
  "views": 32,
  "formatid": "gen9championsvgc2026regma",
  "rating": 1012,
  "private": 0,
  "password": null
}