{
  "id": "gen9championsvgc2026regma-2582549418",
  "format": "[Gen 9 Champions] VGC 2026 Reg M-A",
  "players": [
    "Polarxddd",
    "chubi25"
  ],
  "log": "|j|\u2606Polarxddd\n|j|\u2606chubi25\n|t:|1776098729\n|gametype|doubles\n|player|p1|Polarxddd|clay|\n|player|p2|chubi25|blackbelt-gen4dp|\n|gen|9\n|tier|[Gen 9 Champions] VGC 2026 Reg M-A\n|rule|Species Clause: Limit one of each Pok\u00e9mon\n|rule|Item Clause: Limit 1 of each item\n|clearpoke\n|poke|p1|Mimikyu, L50, F|\n|poke|p1|Golurk, L50|\n|poke|p1|Incineroar, L50, F|\n|poke|p1|Conkeldurr, L50, F|\n|poke|p1|Zoroark-Hisui, L50, M|\n|poke|p1|Tyranitar, L50, F|\n|poke|p2|Whimsicott, L50, F|\n|poke|p2|Scizor, L50, M|\n|poke|p2|Zoroark-Hisui, L50, M|\n|poke|p2|Milotic, L50, F|\n|poke|p2|Garchomp, L50, M|\n|poke|p2|Incineroar, L50, M|\n|teampreview|4\n|inactive|Battle timer is ON: inactive players will automatically lose when time's up. (requested by Polarxddd)\n|\n|t:|1776098750\n|teamsize|p1|4\n|teamsize|p2|4\n|start\n|switch|p1a: Mimikyu|Mimikyu, L50, F|100/100\n|switch|p1b: Incineroar|Incineroar, L50, F|100/100\n|switch|p2a: Matador|Scizor, L50, M|100/100\n|switch|p2b: Milonga|Milotic, L50, F|100/100\n|-ability|p1b: Incineroar|Intimidate|boost\n|-unboost|p2a: Matador|atk|1\n|-unboost|p2b: Milonga|atk|1\n|turn|1\n|inactive|Polarxddd has 30 seconds left.\n|\n|t:|1776098775\n|detailschange|p2a: Matador|Scizor-Mega, L50, M\n|-mega|p2a: Matador|Scizor|Scizorite\n|move|p2a: Matador|Protect|p2a: Matador\n|-singleturn|p2a: Matador|Protect\n|move|p2b: Milonga|Scald|p1b: Incineroar\n|-supereffective|p1b: Incineroar|1\n|-damage|p1b: Incineroar|36/100\n|move|p1b: Incineroar|Parting Shot|p2a: Matador\n|-activate|p2a: Matador|move: Protect\n|move|p1a: Mimikyu|Trick Room|p1a: Mimikyu\n|-fieldstart|move: Trick Room|[of] p1a: Mimikyu\n|\n|-heal|p1b: Incineroar|42/100|[from] item: Leftovers\n|upkeep\n|turn|2\n|\n|t:|1776098798\n|move|p1b: Incineroar|Parting Shot|p2a: Matador\n|-unboost|p2a: Matador|atk|1\n|-unboost|p2a: Matador|spa|1\n|\n|t:|1776098802\n|switch|p1b: Conkeldurr|Conkeldurr, L50, F|100/100|[from] Parting Shot\n|move|p2a: Matador|Swords Dance|p2a: Matador\n|-boost|p2a: Matador|atk|2\n|move|p2b: Milonga|Scald|p1b: Conkeldurr\n|-damage|p1b: Conkeldurr|57/100\n|move|p1a: Mimikyu|Will-O-Wisp|p2a: Matador\n|-status|p2a: Matador|brn\n|\n|-damage|p2a: Matador|94/100 brn|[from] brn\n|upkeep\n|turn|3\n|inactive|Polarxddd has 30 seconds left.\n|inactive|chubi25 has 30 seconds left.\n|\n|t:|1776098831\n|switch|p1a: Incineroar|Incineroar, L50, F|42/100\n|-ability|p1a: Incineroar|Intimidate|boost\n|-unboost|p2a: Matador|atk|1\n|-unboost|p2b: Milonga|atk|1\n|move|p2a: Matador|Protect|p2a: Matador\n|-singleturn|p2a: Matador|Protect\n|move|p2b: Milonga|Protect|p2b: Milonga\n|-singleturn|p2b: Milonga|Protect\n|move|p1b: Conkeldurr|Bulk Up|p1b: Conkeldurr\n|-boost|p1b: Conkeldurr|atk|1\n|-boost|p1b: Conkeldurr|def|1\n|\n|-heal|p1a: Incineroar|48/100|[from] item: Leftovers\n|-damage|p2a: Matador|88/100 brn|[from] brn\n|upkeep\n|turn|4\n|inactive|chubi25 has 30 seconds left.\n|\n|t:|1776098862\n|switch|p2b: Chompiras|Garchomp, L50, M|100/100\n|move|p1a: Incineroar|Fake Out|p2a: Matador\n|-resisted|p2a: Matador|1\n|-damage|p2a: Matador|83/100 brn\n|move|p1b: Conkeldurr|Thunder Punch|p2b: Chompiras\n|-immune|p2b: Chompiras\n|cant|p2a: Matador|flinch\n|\n|-heal|p1a: Incineroar|53/100|[from] item: Leftovers\n|-damage|p2a: Matador|77/100 brn|[from] brn\n|upkeep\n|turn|5\n|inactive|Polarxddd has 30 seconds left.\n|inactive|chubi25 has 30 seconds left.\n|\n|t:|1776098890\n|switch|p1a: Mimikyu|Mimikyu, L50, F|100/100\n|move|p2a: Matador|Protect|p2a: Matador\n|-singleturn|p2a: Matador|Protect\n|move|p1b: Conkeldurr|Rock Slide|p2a: Matador|[spread] p2b\n|-activate|p2a: Matador|move: Protect\n|-resisted|p2b: Chompiras|1\n|-damage|p2b: Chompiras|82/100\n|move|p2b: Chompiras|Earthquake|p1a: Mimikyu|[spread] p1a,p1b\n|-activate|p2a: Matador|move: Protect\n|-activate|p1a: Mimikyu|ability: Disguise\n|-damage|p1a: Mimikyu|100/100\n|-damage|p1b: Conkeldurr|29/100\n|detailschange|p1a: Mimikyu|Mimikyu-Busted, L50, F\n|-damage|p1a: Mimikyu|88/100|[from] pokemon: Mimikyu-Busted\n|\n|-damage|p2a: Matador|71/100 brn|[from] brn\n|-fieldend|move: Trick Room\n|upkeep\n|turn|6\n|inactive|chubi25 has 30 seconds left.\n|\n|t:|1776098921\n|switch|p2b: Milonga|Milotic, L50, F|100/100\n|move|p2a: Matador|Bullet Punch|p1a: Mimikyu\n|-supereffective|p1a: Mimikyu|1\n|-damage|p1a: Mimikyu|41/100\n|move|p1b: Conkeldurr|Mach Punch|p2a: Matador\n|-damage|p2a: Matador|41/100 brn\n|move|p1a: Mimikyu|Trick Room|p1a: Mimikyu\n|-fieldstart|move: Trick Room|[of] p1a: Mimikyu\n|\n|-damage|p2a: Matador|35/100 brn|[from] brn\n|upkeep\n|turn|7\n|inactive|chubi25 has 30 seconds left.\n|\n|t:|1776098948\n|switch|p1a: Incineroar|Incineroar, L50, F|53/100\n|-ability|p1a: Incineroar|Intimidate|boost\n|-unboost|p2a: Matador|atk|1\n|-unboost|p2b: Milonga|atk|1\n|move|p2b: Milonga|Protect|p2b: Milonga\n|-singleturn|p2b: Milonga|Protect\n|move|p1b: Conkeldurr|Rock Slide|p2b: Milonga|[spread] p2a\n|-activate|p2b: Milonga|move: Protect\n|-damage|p2a: Matador|7/100 brn\n|move|p2a: Matador|U-turn|p1b: Conkeldurr\n|-resisted|p1b: Conkeldurr|1\n|-damage|p1b: Conkeldurr|26/100\n|\n|t:|1776098961\n|switch|p2a: Chompiras|Garchomp, L50, M|100/100|[from] U-turn\n|\n|-heal|p1a: Incineroar|59/100|[from] item: Leftovers\n|upkeep\n|turn|8\n|inactive|Polarxddd has 30 seconds left.\n|\n|t:|1776098992\n|switch|p2b: Matador|Scizor-Mega, L50, M|7/100 brn\n|move|p1a: Incineroar|Fake Out|p2b: Matador\n|-resisted|p2b: Matador|1\n|-damage|p2b: Matador|2/100 brn\n|move|p1b: Conkeldurr|Thunder Punch|p2b: Matador\n|-damage|p2b: Matador|0 fnt\n|faint|p2b: Matador\n|move|p2a: Chompiras|Hyper Voice|p1b: Conkeldurr|[spread] p1a,p1b\n|-damage|p1a: Incineroar|22/100\n|-damage|p1b: Conkeldurr|0 fnt\n|faint|p1b: Conkeldurr\n|\n|-heal|p1a: Incineroar|28/100|[from] item: Leftovers\n|upkeep\n|\n|t:|1776099006\n|switch|p1b: Golurk|Golurk, L50|100/100\n|switch|p2b: Milonga|Milotic, L50, F|100/100\n|turn|9\n|inactive|Polarxddd has 30 seconds left.\n|\n|t:|1776099034\n|detailschange|p1b: Golurk|Golurk-Mega, L50\n|-mega|p1b: Golurk|Golurk|Golurkite\n|move|p1b: Golurk|Protect|p1b: Golurk\n|-singleturn|p1b: Golurk|Protect\n|move|p1a: Incineroar|Parting Shot|p2b: Milonga\n|-unboost|p2b: Milonga|atk|1\n|-unboost|p2b: Milonga|spa|1\n|\n|t:|1776099043\n|switch|p1a: Mimikyu|Mimikyu-Busted, L50, F|41/100|[from] Parting Shot\n|move|p2b: Milonga|Icy Wind|p1a: Mimikyu|[spread] p1a\n|-activate|p1b: Golurk|move: Protect\n|-damage|p1a: Mimikyu|31/100\n|-unboost|p1a: Mimikyu|spe|1\n|move|p2a: Chompiras|Will-O-Wisp|p1b: Golurk\n|-activate|p1b: Golurk|move: Protect\n|\n|upkeep\n|turn|10\n|\n|t:|1776099063\n|switch|p1b: Incineroar|Incineroar, L50, F|28/100\n|-ability|p1b: Incineroar|Intimidate|boost\n|-unboost|p2a: Chompiras|atk|1\n|-unboost|p2b: Milonga|atk|1\n|move|p2a: Chompiras|Protect|p2a: Chompiras\n|-singleturn|p2a: Chompiras|Protect\n|move|p2b: Milonga|Scald|p1b: Incineroar\n|-supereffective|p1b: Incineroar|1\n|-damage|p1b: Incineroar|0 fnt\n|faint|p1b: Incineroar\n|move|p1a: Mimikyu|Night Slash|p2a: Chompiras\n|-activate|p2a: Chompiras|move: Protect\n|\n|-fieldend|move: Trick Room\n|upkeep\n|\n|t:|1776099076\n|switch|p1b: Golurk|Golurk-Mega, L50|100/100\n|turn|11\n|\n|t:|1776099089\n|move|p2b: Milonga|Protect|p2b: Milonga\n|-singleturn|p2b: Milonga|Protect\n|move|p2a: Chompiras|Hex|p1a: Mimikyu\n|-supereffective|p1a: Mimikyu|1\n|-damage|p1a: Mimikyu|0 fnt\n|faint|p1a: Mimikyu\n|move|p1b: Golurk|Ice Punch|p2b: Milonga\n|-resisted|p2b: Milonga|1\n|-ability|p1b: Golurk|Unseen Fist\n|-zbroken|p2b: Milonga\n|-damage|p2b: Milonga|96/100\n|-status|p2b: Milonga|frz\n|\n|-heal|p2b: Milonga|100/100 frz|[from] item: Leftovers\n|upkeep\n|turn|12\n|inactive|chubi25 has 30 seconds left.\n|\n|t:|1776099115\n|move|p2a: Chompiras|Hex|p1b: Golurk\n|-supereffective|p1b: Golurk|1\n|-damage|p1b: Golurk|31/100\n|-curestatus|p2b: Milonga|frz|[from] move: Scald\n|move|p2b: Milonga|Scald|p1b: Golurk\n|-supereffective|p1b: Golurk|1\n|-damage|p1b: Golurk|0 fnt\n|faint|p1b: Golurk\n|\n|win|chubi25\n",
  "uploadtime": 1776099125,
  "views": 11,
  "formatid": "gen9championsvgc2026regma",
  "rating": null,
  "private": 0,
  "password": null
}