{
  "id": "gen9championsvgc2026regma-2581523860",
  "format": "[Gen 9 Champions] VGC 2026 Reg M-A",
  "players": [
    "NR1 DIRECTIONER",
    "rauliito_adh"
  ],
  "log": "|j|\u2606NR1 DIRECTIONER\n|j|\u2606rauliito_adh\n|t:|1776008070\n|gametype|doubles\n|player|p1|NR1 DIRECTIONER|170|1000\n|player|p2|rauliito_adh|hilbert|1000\n|gen|9\n|tier|[Gen 9 Champions] VGC 2026 Reg M-A\n|rated|\n|rule|Species Clause: Limit one of each Pok\u00e9mon\n|rule|Item Clause: Limit 1 of each item\n|clearpoke\n|poke|p1|Espeon, L50, M|\n|poke|p1|Meowstic, L50, M|\n|poke|p1|Mamoswine, L50, M|\n|poke|p1|Rotom-Wash, L50|\n|poke|p1|Aerodactyl, L50, F|\n|poke|p1|Camerupt, L50, F|\n|poke|p2|Arcanine, L50, M|\n|poke|p2|Rotom-Wash, L50|\n|poke|p2|Garchomp, L50, F|\n|poke|p2|Venusaur, L50, M|\n|poke|p2|Corviknight, L50, M|\n|poke|p2|Sneasler, L50, F|\n|teampreview|4\n|inactive|Battle timer is ON: inactive players will automatically lose when time's up. (requested by rauliito_adh)\n|inactive|NR1 DIRECTIONER has 60 seconds left.\n|inactive|rauliito_adh has 60 seconds left.\n|\n|t:|1776008132\n|teamsize|p1|4\n|teamsize|p2|4\n|start\n|switch|p1a: Meowstic|Meowstic, L50, M|100/100\n|switch|p1b: Rotom|Rotom-Wash, L50|100/100\n|switch|p2a: Corviknight|Corviknight, L50, M|100/100\n|switch|p2b: Rotom|Rotom-Wash, L50|100/100\n|turn|1\n|inactive|rauliito_adh has 30 seconds left.\n|inactive|NR1 DIRECTIONER has 30 seconds left.\n|inactive|rauliito_adh has 20 seconds left.\n|inactive|rauliito_adh has 15 seconds left.\n|inactive|rauliito_adh has 10 seconds left.\n|\n|t:|1776008178\n|switch|p2a: Venusaur|Venusaur, L50, M|100/100\n|move|p1a: Meowstic|Fake Out|p2b: Rotom\n|-damage|p2b: Rotom|93/100\n|cant|p2b: Rotom|flinch\n|move|p1b: Rotom|Volt Switch|p2a: Venusaur\n|-resisted|p2a: Venusaur|1\n|-damage|p2a: Venusaur|84/100\n|\n|t:|1776008189\n|switch|p1b: Espeon|Espeon, L50, M|100/100|[from] Volt Switch\n|\n|upkeep\n|turn|2\n|inactiveoff|Battle timer is now OFF.\n|inactive|Battle timer is ON: inactive players will automatically lose when time's up. (requested by NR1 DIRECTIONER)\n|inactive|rauliito_adh has 30 seconds left.\n|inactive|rauliito_adh has 20 seconds left.\n|inactive|rauliito_adh has 15 seconds left.\n|inactive|rauliito_adh has 10 seconds left.\n|\n|t:|1776008260\n|move|p2a: Venusaur|Protect|p2a: Venusaur\n|-singleturn|p2a: Venusaur|Protect\n|move|p1a: Meowstic|Psychic Terrain|p1a: Meowstic\n|-fieldstart|move: Psychic Terrain\n|move|p1b: Espeon|Expanding Force|p2b: Rotom|[spread] p2b\n|-activate|p2a: Venusaur|move: Protect\n|-damage|p2b: Rotom|8/100\n|move|p2b: Rotom|Volt Switch|p1a: Meowstic\n|-damage|p1a: Meowstic|73/100\n|\n|t:|1776008273\n|switch|p2b: Arcanine|Arcanine, L50, M|100/100|[from] Volt Switch\n|-ability|p2b: Arcanine|Intimidate|boost\n|-unboost|p1a: Meowstic|atk|1\n|-unboost|p1b: Espeon|atk|1\n|\n|upkeep\n|turn|3\n|\n|t:|1776008284\n|switch|p2a: Corviknight|Corviknight, L50, M|100/100\n|move|p1a: Meowstic|Helping Hand|p1b: Espeon\n|-singleturn|p1b: Espeon|Helping Hand|[of] p1a: Meowstic\n|move|p1b: Espeon|Expanding Force|p2a: Corviknight|[spread] p2a,p2b\n|-resisted|p2a: Corviknight|1\n|-damage|p2a: Corviknight|61/100\n|-damage|p2b: Arcanine|1/100\n|-enditem|p2b: Arcanine|Sitrus Berry|[eat]\n|-heal|p2b: Arcanine|26/100|[from] item: Sitrus Berry\n|move|p2b: Arcanine|Snarl|p1a: Meowstic|[spread] p1a,p1b\n|-supereffective|p1a: Meowstic|1\n|-supereffective|p1b: Espeon|1\n|-damage|p1a: Meowstic|60/100\n|-damage|p1b: Espeon|82/100\n|-unboost|p1a: Meowstic|spa|1\n|-unboost|p1b: Espeon|spa|1\n|\n|-heal|p2a: Corviknight|67/100|[from] item: Leftovers\n|upkeep\n|turn|4\n|\n|t:|1776008308\n|move|p1a: Meowstic|Helping Hand|p1b: Espeon\n|-singleturn|p1b: Espeon|Helping Hand|[of] p1a: Meowstic\n|move|p2b: Arcanine|Protect|p2b: Arcanine\n|-singleturn|p2b: Arcanine|Protect\n|move|p1b: Espeon|Expanding Force|p2b: Arcanine|[spread] p2a\n|-activate|p2b: Arcanine|move: Protect\n|-resisted|p2a: Corviknight|1\n|-damage|p2a: Corviknight|39/100\n|move|p2a: Corviknight|Tailwind|p2a: Corviknight\n|-sidestart|p2: rauliito_adh|move: Tailwind\n|\n|-heal|p2a: Corviknight|44/100|[from] item: Leftovers\n|upkeep\n|turn|5\n|inactive|NR1 DIRECTIONER has 30 seconds left.\n|\n|t:|1776008337\n|switch|p1b: Rotom|Rotom-Wash, L50|100/100\n|move|p2b: Arcanine|Snarl|p1b: Rotom|[spread] p1a,p1b\n|-supereffective|p1a: Meowstic|1\n|-damage|p1a: Meowstic|46/100\n|-damage|p1b: Rotom|89/100\n|-unboost|p1a: Meowstic|spa|1\n|-unboost|p1b: Rotom|spa|1\n|move|p2a: Corviknight|Iron Head|p1b: Rotom\n|-resisted|p1b: Rotom|2\n|-damage|p1b: Rotom|82/100\n|move|p1a: Meowstic|Trick Room|p1a: Meowstic\n|-fieldstart|move: Trick Room|[of] p1a: Meowstic\n|\n|-heal|p2a: Corviknight|50/100|[from] item: Leftovers\n|upkeep\n|turn|6\n|inactive|NR1 DIRECTIONER has 30 seconds left.\n|inactive|rauliito_adh has 30 seconds left.\n|inactive|rauliito_adh has 20 seconds left.\n|\n|t:|1776008376\n|move|p1a: Meowstic|Helping Hand|p1b: Rotom\n|-singleturn|p1b: Rotom|Helping Hand|[of] p1a: Meowstic\n|move|p2a: Corviknight|Protect|p2a: Corviknight\n|-singleturn|p2a: Corviknight|Protect\n|move|p1b: Rotom|Discharge|p2b: Arcanine|[spread] p1a,p2b\n|-activate|p2a: Corviknight|move: Protect\n|-damage|p1a: Meowstic|22/100\n|-damage|p2b: Arcanine|0 fnt\n|faint|p2b: Arcanine\n|\n|-heal|p2a: Corviknight|56/100|[from] item: Leftovers\n|-fieldend|move: Psychic Terrain\n|upkeep\n|\n|t:|1776008389\n|switch|p2b: Venusaur|Venusaur, L50, M|84/100\n|turn|7\n|\n|t:|1776008406\n|switch|p2a: Rotom|Rotom-Wash, L50|8/100\n|move|p1a: Meowstic|Helping Hand|p1b: Rotom\n|-singleturn|p1b: Rotom|Helping Hand|[of] p1a: Meowstic\n|move|p2b: Venusaur|Protect|p2b: Venusaur\n|-singleturn|p2b: Venusaur|Protect\n|move|p1b: Rotom|Volt Switch|p2a: Rotom\n|-damage|p2a: Rotom|0 fnt\n|faint|p2a: Rotom\n|inactive|NR1 DIRECTIONER has 30 seconds left.\n|\n|t:|1776008431\n|switch|p1b: Aerodactyl|Aerodactyl, L50, F|100/100|[from] Volt Switch\n|-ability|p1b: Aerodactyl|Unnerve\n|\n|-sideend|p2: rauliito_adh|move: Tailwind\n|upkeep\n|\n|t:|1776008435\n|switch|p2a: Corviknight|Corviknight, L50, M|56/100\n|turn|8\n|inactive|NR1 DIRECTIONER has 30 seconds left.\n|\n|t:|1776008462\n|detailschange|p2b: Venusaur|Venusaur-Mega, L50, M\n|-mega|p2b: Venusaur|Venusaur|Venusaurite\n|detailschange|p1b: Aerodactyl|Aerodactyl-Mega, L50, F\n|-mega|p1b: Aerodactyl|Aerodactyl|Aerodactylite\n|move|p2a: Corviknight|Iron Head|p1b: Aerodactyl\n|-supereffective|p1b: Aerodactyl|1\n|-damage|p1b: Aerodactyl|26/100\n|move|p2b: Venusaur|Giga Drain|p1a: Meowstic\n|-damage|p1a: Meowstic|0 fnt\n|-heal|p2b: Venusaur|95/100|[from] drain|[of] p1a: Meowstic\n|faint|p1a: Meowstic\n|move|p1b: Aerodactyl|Dual Wingbeat|p2b: Venusaur\n|-supereffective|p2b: Venusaur|1\n|-damage|p2b: Venusaur|56/100\n|-supereffective|p2b: Venusaur|1\n|-damage|p2b: Venusaur|14/100\n|-hitcount|p2b: Venusaur|2\n|\n|-heal|p2a: Corviknight|62/100|[from] item: Leftovers\n|upkeep\n|\n|t:|1776008478\n|switch|p1a: Rotom|Rotom-Wash, L50|82/100\n|turn|9\n|\n|t:|1776008489\n|move|p1b: Aerodactyl|Wide Guard|p1b: Aerodactyl\n|-singleturn|p1b: Aerodactyl|Wide Guard\n|move|p2a: Corviknight|Tailwind|p2a: Corviknight\n|-sidestart|p2: rauliito_adh|move: Tailwind\n|move|p1a: Rotom|Discharge|p2a: Corviknight|[spread] p2a,p2b\n|-activate|p1b: Aerodactyl|move: Wide Guard\n|-supereffective|p2a: Corviknight|1\n|-resisted|p2b: Venusaur|1\n|-damage|p2a: Corviknight|12/100\n|-damage|p2b: Venusaur|3/100\n|-status|p2b: Venusaur|par\n|move|p2b: Venusaur|Giga Drain|p1b: Aerodactyl\n|-damage|p1b: Aerodactyl|0 fnt\n|-heal|p2b: Venusaur|13/100 par|[from] drain|[of] p1b: Aerodactyl\n|faint|p1b: Aerodactyl\n|\n|-heal|p2a: Corviknight|18/100|[from] item: Leftovers\n|-fieldend|move: Trick Room\n|upkeep\n|\n|t:|1776008504\n|switch|p1b: Espeon|Espeon, L50, M|82/100\n|turn|10\n|\n|t:|1776008523\n|move|p1b: Espeon|Power Gem|p2a: Corviknight\n|-damage|p2a: Corviknight|0 fnt\n|faint|p2a: Corviknight\n|move|p2b: Venusaur|Giga Drain|p1a: Rotom\n|-supereffective|p1a: Rotom|1\n|-damage|p1a: Rotom|0 fnt\n|-heal|p2b: Venusaur|41/100 par|[from] drain|[of] p1a: Rotom\n|faint|p1a: Rotom\n|\n|upkeep\n|turn|11\n|inactive|rauliito_adh has 30 seconds left.\n|inactive|rauliito_adh has 20 seconds left.\n|inactive|rauliito_adh has 15 seconds left.\n|\n|t:|1776008563\n|move|p1b: Espeon|Power Gem|p2b: Venusaur\n|-damage|p2b: Venusaur|17/100 par\n|move|p2b: Venusaur|Leech Seed|p1b: Espeon\n|move|p1b: Espeon|Leech Seed|p2b: Venusaur|[from] ability: Magic Bounce\n|-immune|p2b: Venusaur\n|\n|upkeep\n|turn|12\n|\n|t:|1776008575\n|move|p1b: Espeon|Power Gem|p2b: Venusaur\n|-damage|p2b: Venusaur|0 fnt\n|faint|p2b: Venusaur\n|\n|win|NR1 DIRECTIONER\n|raw|NR1 DIRECTIONER's rating: 1000 &rarr; <strong>1040</strong><br />(+40 for winning)\n|raw|rauliito_adh's rating: 1000 &rarr; <strong>1000</strong><br />(+0 for losing)\n",
  "uploadtime": 1776008575,
  "views": 12,
  "formatid": "gen9championsvgc2026regma",
  "rating": 1000,
  "private": 0,
  "password": null
}