{
  "id": "gen9championsvgc2026regma-2583186937",
  "format": "[Gen 9 Champions] VGC 2026 Reg M-A",
  "players": [
    "vgwilly",
    "orionsayshi"
  ],
  "log": "|j|\u2606vgwilly\n|j|\u2606orionsayshi\n|t:|1776152476\n|gametype|doubles\n|player|p1|vgwilly|steven|1051\n|player|p2|orionsayshi|elesa|1137\n|gen|9\n|tier|[Gen 9 Champions] VGC 2026 Reg M-A\n|rated|\n|rule|Species Clause: Limit one of each Pok\u00e9mon\n|rule|Item Clause: Limit 1 of each item\n|clearpoke\n|poke|p1|Blastoise, L50, F|\n|poke|p1|Sinistcha, L50|\n|poke|p1|Garchomp, L50, F|\n|poke|p1|Pelipper, L50, M|\n|poke|p1|Gardevoir, L50, F|\n|poke|p1|Meowstic, L50, M|\n|poke|p2|Gengar, L50, M|\n|poke|p2|Sinistcha, L50|\n|poke|p2|Palafin, L50, F|\n|poke|p2|Sableye, L50, M|\n|poke|p2|Kommo-o, L50, F|\n|poke|p2|Heliolisk, L50, M|\n|teampreview|4\n|inactive|Battle timer is ON: inactive players will automatically lose when time's up. (requested by orionsayshi)\n|\n|t:|1776152525\n|teamsize|p1|4\n|teamsize|p2|4\n|start\n|switch|p1a: Gardevoir|Gardevoir, L50, F|100/100\n|switch|p1b: Meowstic|Meowstic, L50, M|100/100\n|switch|p2a: Heliolisk|Heliolisk, L50, M|100/100\n|switch|p2b: Palafin|Palafin, L50, F|100/100\n|-ability|p1a: Gardevoir|Dry Skin|Trace|[from] ability: Trace|[of] p2a: Heliolisk\n|turn|1\n|\n|t:|1776152549\n|move|p1b: Meowstic|Fake Out|p2b: Palafin\n|-damage|p2b: Palafin|93/100\n|cant|p2b: Palafin|flinch\n|move|p2a: Heliolisk|Eerie Impulse|p1a: Gardevoir\n|-unboost|p1a: Gardevoir|spa|2\n|move|p1a: Gardevoir|Calm Mind|p1a: Gardevoir\n|-boost|p1a: Gardevoir|spa|1\n|-boost|p1a: Gardevoir|spd|1\n|\n|upkeep\n|turn|2\n|\n|t:|1776152568\n|move|p1b: Meowstic|Reflect|p1b: Meowstic\n|-sidestart|p1: vgwilly|Reflect\n|move|p2b: Palafin|Flip Turn|p1b: Meowstic\n|-damage|p1b: Meowstic|83/100\n|\n|t:|1776152573\n|detailschange|p2b: Palafin|Palafin-Hero, L50, F\n|switch|p2b: Sableye|Sableye, L50, M|100/100|[from] Flip Turn\n|move|p2a: Heliolisk|Eerie Impulse|p1a: Gardevoir\n|-unboost|p1a: Gardevoir|spa|2\n|move|p1a: Gardevoir|Calm Mind|p1a: Gardevoir\n|-boost|p1a: Gardevoir|spa|1\n|-boost|p1a: Gardevoir|spd|1\n|\n|upkeep\n|turn|3\n|inactive|vgwilly has 30 seconds left.\n|\n|t:|1776152601\n|move|p1b: Meowstic|Light Screen|p1b: Meowstic\n|-sidestart|p1: vgwilly|move: Light Screen\n|move|p2b: Sableye|Encore|p1a: Gardevoir\n|-start|p1a: Gardevoir|Encore\n|move|p2a: Heliolisk|Shed Tail|p2a: Heliolisk\n|-start|p2a: Heliolisk|Substitute|[from] move: Shed Tail\n|-damage|p2a: Heliolisk|50/100\n|\n|t:|1776152607\n|switch|p2a: Gengar|Gengar, L50, M|100/100|[from] Shed Tail\n|move|p1a: Gardevoir|Calm Mind|p1a: Gardevoir\n|-boost|p1a: Gardevoir|spa|1\n|-boost|p1a: Gardevoir|spd|1\n|\n|upkeep\n|turn|4\n|inactive|vgwilly has 30 seconds left.\n|\n|t:|1776152636\n|switch|p1b: Sinistcha|Sinistcha, L50|100/100\n|detailschange|p2a: Gengar|Gengar-Mega, L50, M\n|-mega|p2a: Gengar|Gengar|Gengarite\n|detailschange|p1a: Gardevoir|Gardevoir-Mega, L50, F\n|-mega|p1a: Gardevoir|Gardevoir|Gardevoirite\n|move|p2b: Sableye|Encore||[still]\n|-fail|p2b: Sableye\n|move|p2a: Gengar|Perish Song|p2a: Gengar\n|-start|p1a: Gardevoir|perish3|[silent]\n|-start|p1b: Sinistcha|perish3|[silent]\n|-start|p2a: Gengar|perish3|[silent]\n|-start|p2b: Sableye|perish3|[silent]\n|-fieldactivate|move: Perish Song\n|move|p1a: Gardevoir|Calm Mind|p1a: Gardevoir\n|-boost|p1a: Gardevoir|spa|1\n|-boost|p1a: Gardevoir|spd|1\n|\n|-start|p2a: Gengar|perish3\n|-start|p1a: Gardevoir|perish3\n|-start|p1b: Sinistcha|perish3\n|-start|p2b: Sableye|perish3\n|upkeep\n|turn|5\n|inactive|vgwilly has 30 seconds left.\n|\n|t:|1776152663\n|move|p2b: Sableye|Protect|p2b: Sableye\n|-singleturn|p2b: Sableye|Protect\n|move|p2a: Gengar|Protect|p2a: Gengar\n|-singleturn|p2a: Gengar|Protect\n|move|p1a: Gardevoir|Calm Mind|p1a: Gardevoir\n|-boost|p1a: Gardevoir|spa|1\n|-boost|p1a: Gardevoir|spd|1\n|move|p1b: Sinistcha|Matcha Gotcha|p2a: Gengar|[spread] \n|-activate|p2a: Gengar|move: Protect\n|-activate|p2b: Sableye|move: Protect\n|\n|-end|p1a: Gardevoir|Encore\n|-start|p2a: Gengar|perish2\n|-start|p1a: Gardevoir|perish2\n|-start|p1b: Sinistcha|perish2\n|-start|p2b: Sableye|perish2\n|upkeep\n|turn|6\n|inactive|vgwilly has 30 seconds left.\n|inactive|orionsayshi has 30 seconds left.\n|\n|t:|1776152690\n|move|p1a: Gardevoir|Protect|p1a: Gardevoir\n|-singleturn|p1a: Gardevoir|Protect\n|move|p2b: Sableye|Encore|p1a: Gardevoir\n|-activate|p1a: Gardevoir|move: Protect\n|move|p2a: Gengar|Substitute|p2a: Gengar\n|-fail|p2a: Gengar|move: Substitute\n|move|p1b: Sinistcha|Matcha Gotcha|p2b: Sableye|[spread] p2a,p2b\n|-resisted|p2a: Gengar|1\n|-activate|p2a: Gengar|move: Substitute|[damage]\n|-damage|p2b: Sableye|62/100\n|\n|-start|p2a: Gengar|perish1\n|-start|p1a: Gardevoir|perish1\n|-start|p1b: Sinistcha|perish1\n|-start|p2b: Sableye|perish1\n|-sideend|p1: vgwilly|Reflect\n|upkeep\n|turn|7\n|inactive|vgwilly has 30 seconds left.\n|\n|t:|1776152721\n|switch|p2a: Palafin|Palafin-Hero, L50, F|93/100\n|-activate|p2a: Palafin|ability: Zero to Hero\n|switch|p2b: Heliolisk|Heliolisk, L50, M|50/100\n|move|p1a: Gardevoir|Hyper Voice|p2b: Heliolisk|[spread] p2a,p2b\n|-damage|p2a: Palafin|0 fnt\n|-damage|p2b: Heliolisk|0 fnt\n|faint|p2a: Palafin\n|faint|p2b: Heliolisk\n|move|p1b: Sinistcha|Strength Sap|p2: Palafin|[notarget]\n|-fail|p1b: Sinistcha\n|\n|-start|p1a: Gardevoir|perish0\n|-start|p1b: Sinistcha|perish0\n|-sideend|p1: vgwilly|move: Light Screen\n|upkeep\n|faint|p1a: Gardevoir\n|faint|p1b: Sinistcha\n|\n|t:|1776152743\n|switch|p2b: Gengar|Gengar-Mega, L50, M|100/100\n|switch|p2a: Sableye|Sableye, L50, M|62/100\n|switch|p1a: Meowstic|Meowstic, L50, M|83/100\n|switch|p1b: Garchomp|Garchomp, L50, F|100/100\n|turn|8\n|\n|t:|1776152760\n|move|p2a: Sableye|Protect|p2a: Sableye\n|-singleturn|p2a: Sableye|Protect\n|move|p2b: Gengar|Protect|p2b: Gengar\n|-singleturn|p2b: Gengar|Protect\n|move|p1a: Meowstic|Light Screen|p1a: Meowstic\n|-sidestart|p1: vgwilly|move: Light Screen\n|move|p1b: Garchomp|Earthquake|p2a: Sableye|[spread] p1a\n|-activate|p2a: Sableye|move: Protect\n|-activate|p2b: Gengar|move: Protect\n|-damage|p1a: Meowstic|36/100\n|-enditem|p1a: Meowstic|Sitrus Berry|[eat]\n|-heal|p1a: Meowstic|61/100|[from] item: Sitrus Berry\n|\n|upkeep\n|turn|9\n|\n|t:|1776152779\n|move|p1a: Meowstic|Thunder Wave|p2b: Gengar\n|-status|p2b: Gengar|par\n|move|p2a: Sableye|Disable|p1b: Garchomp\n|-start|p1b: Garchomp|Disable|Earthquake\n|cant|p1b: Garchomp|Disable|Earthquake\n|move|p2b: Gengar|Shadow Ball|p1a: Meowstic\n|-supereffective|p1a: Meowstic|1\n|-damage|p1a: Meowstic|17/100\n|-unboost|p1a: Meowstic|spd|1\n|\n|upkeep\n|turn|10\n|\n|t:|1776152803\n|move|p1a: Meowstic|Thunder Wave|p2a: Sableye\n|-hint|Since gen 7, Dark is immune to Prankster moves.\n|-immune|p2a: Sableye\n|move|p2a: Sableye|Encore|p1b: Garchomp\n|-start|p1b: Garchomp|Encore\n|cant|p1b: Garchomp|Disable|Earthquake\n|move|p2b: Gengar|Shadow Ball|p1a: Meowstic\n|-supereffective|p1a: Meowstic|1\n|-damage|p1a: Meowstic|0 fnt\n|faint|p1a: Meowstic\n|\n|upkeep\n|turn|11\n|\n|t:|1776152817\n|move|p2a: Sableye|Protect|p2a: Sableye\n|-singleturn|p2a: Sableye|Protect\n|-activate|p1b: Garchomp|move: Struggle\n|move|p1b: Garchomp|Struggle|p2b: Gengar\n|-damage|p2b: Gengar|78/100 par\n|-damage|p1b: Garchomp|76/100|[from] recoil\n|move|p2b: Gengar|Shadow Ball|p1b: Garchomp\n|-damage|p1b: Garchomp|42/100\n|-unboost|p1b: Garchomp|spd|1\n|\n|upkeep\n|turn|12\n|\n|t:|1776152829\n|move|p2a: Sableye|Protect||[still]\n|-fail|p2a: Sableye\n|-activate|p1b: Garchomp|move: Struggle\n|move|p1b: Garchomp|Struggle|p2b: Gengar\n|-damage|p2b: Gengar|56/100 par\n|-damage|p1b: Garchomp|17/100|[from] recoil\n|cant|p2b: Gengar|par\n|\n|-end|p1b: Garchomp|Encore\n|-end|p1b: Garchomp|Disable\n|-sideend|p1: vgwilly|move: Light Screen\n|upkeep\n|turn|13\n|\n|t:|1776152845\n|move|p2a: Sableye|Protect|p2a: Sableye\n|-singleturn|p2a: Sableye|Protect\n|move|p1b: Garchomp|Earthquake|p2a: Sableye|[spread] p2b\n|-activate|p2a: Sableye|move: Protect\n|-supereffective|p2b: Gengar|1\n|-damage|p2b: Gengar|0 fnt\n|faint|p2b: Gengar\n|\n|upkeep\n|turn|14\n|\n|t:|1776152858\n|move|p1b: Garchomp|Protect|p1b: Garchomp\n|-singleturn|p1b: Garchomp|Protect\n|move|p2a: Sableye|Disable|p1b: Garchomp\n|-activate|p1b: Garchomp|move: Protect\n|\n|upkeep\n|turn|15\n|\n|t:|1776152866\n|move|p2a: Sableye|Encore|p1b: Garchomp\n|-start|p1b: Garchomp|Encore\n|move|p1b: Garchomp|Protect||[still]\n|-fail|p1b: Garchomp\n|\n|upkeep\n|turn|16\n|\n|t:|1776152872\n|move|p1b: Garchomp|Protect|p1b: Garchomp\n|-singleturn|p1b: Garchomp|Protect\n|move|p2a: Sableye|Disable|p1b: Garchomp\n|-activate|p1b: Garchomp|move: Protect\n|\n|upkeep\n|turn|17\n|\n|t:|1776152878\n|move|p1b: Garchomp|Protect|p1b: Garchomp\n|-singleturn|p1b: Garchomp|Protect\n|move|p2a: Sableye|Disable|p1b: Garchomp\n|-activate|p1b: Garchomp|move: Protect\n|\n|-end|p1b: Garchomp|Encore\n|upkeep\n|turn|18\n|\n|t:|1776152887\n|move|p2a: Sableye|Encore|p1b: Garchomp\n|-start|p1b: Garchomp|Encore\n|move|p1b: Garchomp|Protect||[still]\n|-fail|p1b: Garchomp\n|\n|upkeep\n|turn|19\n|\n|t:|1776152892\n|move|p1b: Garchomp|Protect|p1b: Garchomp\n|-singleturn|p1b: Garchomp|Protect\n|move|p2a: Sableye|Disable|p1b: Garchomp\n|-activate|p1b: Garchomp|move: Protect\n|\n|upkeep\n|turn|20\n|\n|t:|1776152898\n|move|p1b: Garchomp|Protect||[still]\n|-fail|p1b: Garchomp\n|move|p2a: Sableye|Disable|p1b: Garchomp\n|-start|p1b: Garchomp|Disable|Protect\n|\n|-end|p1b: Garchomp|Encore\n|upkeep\n|turn|21\n|\n|t:|1776152909\n|move|p2a: Sableye|Encore|p1b: Garchomp\n|-start|p1b: Garchomp|Encore\n|cant|p1b: Garchomp|Disable|Protect\n|\n|upkeep\n|turn|22\n|\n|t:|1776152913\n|move|p2a: Sableye|Protect|p2a: Sableye\n|-singleturn|p2a: Sableye|Protect\n|-activate|p1b: Garchomp|move: Struggle\n|move|p1b: Garchomp|Struggle|p2a: Sableye\n|-activate|p2a: Sableye|move: Protect\n|\n|upkeep\n|turn|23\n|\n|t:|1776152921\n|move|p2a: Sableye|Encore||[still]\n|-fail|p2a: Sableye\n|-activate|p1b: Garchomp|move: Struggle\n|move|p1b: Garchomp|Struggle|p2a: Sableye\n|-damage|p2a: Sableye|37/100\n|-damage|p1b: Garchomp|0 fnt|[from] recoil\n|faint|p1b: Garchomp\n|\n|win|orionsayshi\n|raw|vgwilly's rating: 1051 &rarr; <strong>1038</strong><br />(-13 for losing)\n|raw|orionsayshi's rating: 1137 &rarr; <strong>1156</strong><br />(+19 for winning)\n",
  "uploadtime": 1776152934,
  "views": 28,
  "formatid": "gen9championsvgc2026regma",
  "rating": 1038,
  "private": 0,
  "password": null
}