{
  "id": "gen9championsvgc2026regma-2587599721",
  "format": "[Gen 9 Champions] VGC 2026 Reg M-A",
  "players": [
    "Rigbert",
    "porygon-epilepz"
  ],
  "log": "|j|\u2606Rigbert\n|j|\u2606porygon-epilepz\n|t:|1776545793\n|gametype|doubles\n|player|p1|Rigbert|170|\n|player|p2|porygon-epilepz|hiker-gen4|\n|gen|9\n|tier|[Gen 9 Champions] VGC 2026 Reg M-A\n|rated|Tournament battle\n|rule|Species Clause: Limit one of each Pok\u00e9mon\n|rule|Item Clause: Limit 1 of each item\n|clearpoke\n|poke|p1|Basculegion, L50, M|\n|poke|p1|Dragonite, L50, F|\n|poke|p1|Pelipper, L50, M|\n|poke|p1|Sneasler, L50, F|\n|poke|p1|Banette, L50, M|\n|poke|p1|Empoleon, L50, M|\n|poke|p2|Floette-Eternal, L50, F|\n|poke|p2|Incineroar, L50, F|\n|poke|p2|Garchomp, L50, F|\n|poke|p2|Aerodactyl, L50, M|\n|poke|p2|Sneasler, L50, F|\n|poke|p2|Basculegion, L50, M|\n|teampreview|4\n|inactive|Battle timer is ON: inactive players will automatically lose when time's up. (requested by Rigbert)\n|\n|t:|1776545817\n|teamsize|p1|4\n|teamsize|p2|4\n|start\n|switch|p1a: Pelipper|Pelipper, L50, M|100/100\n|switch|p1b: Dragonite|Dragonite, L50, F|100/100\n|switch|p2a: Sandy Claws|Sneasler, L50, F|100/100\n|switch|p2b: Quetza|Aerodactyl, L50, M|100/100\n|-ability|p2b: Quetza|Unnerve\n|-weather|RainDance|[from] ability: Drizzle|[of] p1a: Pelipper\n|turn|1\n|inactive|Rigbert has 30 seconds left.\n|inactive|Rigbert has 20 seconds left.\n|inactive|Rigbert has 15 seconds left.\n|\n|t:|1776545859\n|detailschange|p1b: Dragonite|Dragonite-Mega, L50, F\n|-mega|p1b: Dragonite|Dragonite|Dragoninite\n|move|p2a: Sandy Claws|Fake Out|p1a: Pelipper\n|-damage|p1a: Pelipper|82/100\n|move|p2b: Quetza|Tailwind|p2b: Quetza\n|-sidestart|p2: porygon-epilepz|move: Tailwind\n|move|p1b: Dragonite|Hurricane|p2a: Sandy Claws\n|-supereffective|p2a: Sandy Claws|1\n|-damage|p2a: Sandy Claws|0 fnt\n|faint|p2a: Sandy Claws\n|cant|p1a: Pelipper|flinch\n|\n|-weather|RainDance|[upkeep]\n|upkeep\n|j| 1#MiraidonHater\n|\n|t:|1776545871\n|switch|p2a: Mary Poppins|Floette-Eternal, L50, F|100/100\n|turn|2\n|\n|t:|1776545880\n|detailschange|p2a: Mary Poppins|Floette-Mega, L50, F\n|-mega|p2a: Mary Poppins|Floette|Floettite\n|-ability|p2a: Mary Poppins|Fairy Aura\n|move|p2b: Quetza|Rock Slide|p1b: Dragonite|[spread] p1a,p1b\n|-supereffective|p1a: Pelipper|1\n|-supereffective|p1b: Dragonite|1\n|-damage|p1a: Pelipper|16/100\n|-damage|p1b: Dragonite|79/100\n|move|p2a: Mary Poppins|Moonblast|p1b: Dragonite\n|-supereffective|p1b: Dragonite|1\n|-damage|p1b: Dragonite|0 fnt\n|faint|p1b: Dragonite\n|move|p1a: Pelipper|Weather Ball|p2a: Mary Poppins\n|-damage|p2a: Mary Poppins|42/100\n|\n|-weather|RainDance|[upkeep]\n|upkeep\n|\n|t:|1776545903\n|switch|p1b: Basculegion|Basculegion, L50, M|100/100\n|turn|3\n|\n|t:|1776545924\n|move|p1a: Pelipper|Wide Guard|p1a: Pelipper\n|-singleturn|p1a: Pelipper|Wide Guard\n|move|p1b: Basculegion|Aqua Jet|p2a: Mary Poppins\n|-damage|p2a: Mary Poppins|1/100\n|move|p2b: Quetza|Rock Slide|p1b: Basculegion|[spread] \n|-activate|p1a: Pelipper|move: Wide Guard\n|-activate|p1b: Basculegion|move: Wide Guard\n|move|p2a: Mary Poppins|Moonblast|p1b: Basculegion\n|-damage|p1b: Basculegion|8/100\n|-unboost|p1b: Basculegion|spa|1\n|\n|-weather|RainDance|[upkeep]\n|upkeep\n|turn|4\n|inactive|Rigbert has 30 seconds left.\n|inactive|Rigbert has 20 seconds left.\n|\n|t:|1776545962\n|move|p2a: Mary Poppins|Protect|p2a: Mary Poppins\n|-singleturn|p2a: Mary Poppins|Protect\n|move|p1b: Basculegion|Aqua Jet|p2b: Quetza\n|-supereffective|p2b: Quetza|1\n|-enditem|p2b: Quetza|Focus Sash\n|-damage|p2b: Quetza|1/100\n|move|p2b: Quetza|Dual Wingbeat|p1b: Basculegion\n|-damage|p1b: Basculegion|0 fnt\n|faint|p1b: Basculegion\n|-hitcount|p1: Basculegion|1\n|move|p1a: Pelipper|Weather Ball|p2b: Quetza\n|-supereffective|p2b: Quetza|1\n|-damage|p2b: Quetza|0 fnt\n|faint|p2b: Quetza\n|\n|-weather|RainDance|[upkeep]\n|-sideend|p2: porygon-epilepz|move: Tailwind\n|upkeep\n|\n|t:|1776545974\n|switch|p2b: Dead fih|Basculegion, L50, M|100/100\n|switch|p1b: Sneasler|Sneasler, L50, F|100/100\n|turn|5\n|\n|t:|1776545996\n|move|p1b: Sneasler|Fake Out|p2a: Mary Poppins\n|-crit|p2a: Mary Poppins\n|-damage|p2a: Mary Poppins|0 fnt\n|faint|p2a: Mary Poppins\n|move|p2b: Dead fih|Last Respects|p1b: Sneasler\n|-damage|p1b: Sneasler|0 fnt\n|faint|p1b: Sneasler\n|move|p1a: Pelipper|Tailwind|p1a: Pelipper\n|-sidestart|p1: Rigbert|move: Tailwind\n|\n|-weather|none\n|upkeep\n|turn|6\n|\n|t:|1776546006\n|move|p1a: Pelipper|Hurricane|p2b: Dead fih|[miss]\n|-miss|p1a: Pelipper|p2b: Dead fih\n|move|p2b: Dead fih|Last Respects|p1a: Pelipper\n|-damage|p1a: Pelipper|0 fnt\n|faint|p1a: Pelipper\n|\n|win|porygon-epilepz\n|n|\u2606Rigbert|rigbert\n|n|\u2606porygon-epilepz|porygonepilepz\n|n| 1#MiraidonHater|1miraidonhater\n|c|\u2606porygon-epilepz|gg\n|c|\u2606Rigbert|gg\n|l|\u2606Rigbert\n|player|p1|\n|l|\u2606porygon-epilepz\n|player|p2|\n|j|\u2606porygon-epilepz\n|player|p2|porygon-epilepz|hiker-gen4|\n|l|\u2606porygon-epilepz\n|player|p2|\n",
  "uploadtime": 1776545796,
  "views": 34,
  "formatid": "gen9championsvgc2026regma",
  "rating": null,
  "private": 0,
  "password": null
}