{
  "id": "gen9championsvgc2026regma-2582613391",
  "format": "[Gen 9 Champions] VGC 2026 Reg M-A",
  "players": [
    "NickChaos",
    "zane121"
  ],
  "log": "|j|\u2606NickChaos\n|j|\u2606zane121\n|t:|1776102666\n|gametype|doubles\n|player|p1|NickChaos|102|1136\n|player|p2|zane121|swimmerf-gen4dp|1149\n|gen|9\n|tier|[Gen 9 Champions] VGC 2026 Reg M-A\n|rated|\n|rule|Species Clause: Limit one of each Pok\u00e9mon\n|rule|Item Clause: Limit 1 of each item\n|clearpoke\n|poke|p1|Blastoise, L50, M|\n|poke|p1|Whimsicott, L50, F|\n|poke|p1|Drampa, L50, F|\n|poke|p1|Zoroark-Hisui, L50, F|\n|poke|p1|Clefable, L50, F|\n|poke|p1|Incineroar, L50, M|\n|poke|p2|Kleavor, L50, M|\n|poke|p2|Scizor, L50, M|\n|poke|p2|Pinsir, L50, M|\n|poke|p2|Meganium, L50, M|\n|poke|p2|Pelipper, L50, F|\n|poke|p2|Basculegion, L50, M|\n|teampreview|4\n|inactive|Battle timer is ON: inactive players will automatically lose when time's up. (requested by NickChaos)\n|\n|t:|1776102697\n|teamsize|p1|4\n|teamsize|p2|4\n|start\n|switch|p1a: Whimsicott|Whimsicott, L50, F|100/100\n|switch|p1b: Blastoise|Blastoise, L50, M|100/100\n|switch|p2a: Pinsir|Pinsir, L50, M|100/100\n|switch|p2b: Kleavor|Kleavor, L50, M|100/100\n|turn|1\n|inactive|zane121 has 30 seconds left.\n|\n|t:|1776102722\n|detailschange|p2a: Pinsir|Pinsir-Mega, L50, M\n|-mega|p2a: Pinsir|Pinsir|Pinsirite\n|move|p2b: Kleavor|U-turn|p1b: Blastoise\n|-resisted|p1b: Blastoise|1\n|-damage|p1b: Blastoise|60/100\n|replace|p1b: Zoroark|Zoroark-Hisui, L50, F\n|-end|p1b: Zoroark|Illusion\n|\n|t:|1776102729\n|switch|p2b: Scizor|Scizor, L50, M|100/100|[from] U-turn\n|move|p1a: Whimsicott|Moonblast|p2b: Scizor\n|-resisted|p2b: Scizor|1\n|-damage|p2b: Scizor|78/100\n|move|p1b: Zoroark|Bitter Malice|p2b: Scizor\n|-damage|p2b: Scizor|21/100\n|-unboost|p2b: Scizor|atk|1\n|-enditem|p2b: Scizor|White Herb\n|-clearnegativeboost|p2b: Scizor|[silent]\n|move|p2a: Pinsir|Body Slam|p1b: Zoroark\n|-damage|p1b: Zoroark|0 fnt\n|faint|p1b: Zoroark\n|\n|upkeep\n|\n|t:|1776102749\n|switch|p1b: Blastoise|Blastoise, L50, M|100/100\n|turn|2\n|\n|t:|1776102768\n|detailschange|p1b: Blastoise|Blastoise-Mega, L50, M\n|-mega|p1b: Blastoise|Blastoise|Blastoisinite\n|move|p1a: Whimsicott|Tailwind|p1a: Whimsicott\n|-sidestart|p1: NickChaos|move: Tailwind\n|move|p2b: Scizor|Bullet Punch|p1a: Whimsicott\n|-supereffective|p1a: Whimsicott|1\n|-damage|p1a: Whimsicott|9/100\n|move|p1b: Blastoise|Muddy Water|p2a: Pinsir|[spread] p2a,p2b\n|-damage|p2a: Pinsir|56/100\n|-damage|p2b: Scizor|0 fnt\n|faint|p2b: Scizor\n|move|p2a: Pinsir|Body Slam|p1b: Blastoise\n|-damage|p1b: Blastoise|46/100\n|\n|upkeep\n|\n|t:|1776102781\n|switch|p2b: Kleavor|Kleavor, L50, M|100/100\n|turn|3\n|inactive|zane121 has 30 seconds left.\n|\n|t:|1776102812\n|switch|p2b: Basculegion|Basculegion, L50, M|100/100\n|move|p2a: Pinsir|Feint|p1a: Whimsicott\n|-supereffective|p1a: Whimsicott|1\n|-damage|p1a: Whimsicott|0 fnt\n|faint|p1a: Whimsicott\n|move|p1b: Blastoise|Muddy Water|p2b: Basculegion|[spread] p2a\n|-miss|p1b: Blastoise|p2b: Basculegion\n|-damage|p2a: Pinsir|14/100\n|-unboost|p2a: Pinsir|accuracy|1\n|\n|upkeep\n|\n|t:|1776102823\n|switch|p1a: Drampa|Drampa, L50, F, shiny|100/100\n|-ability|p1a: Drampa|Cloud Nine\n|turn|4\n|inactive|zane121 has 30 seconds left.\n|\n|t:|1776102852\n|move|p2a: Pinsir|Protect|p2a: Pinsir\n|-singleturn|p2a: Pinsir|Protect\n|move|p1b: Blastoise|Muddy Water|p2b: Basculegion|[spread] p2b\n|-activate|p2a: Pinsir|move: Protect\n|-resisted|p2b: Basculegion|1\n|-damage|p2b: Basculegion|78/100\n|move|p2b: Basculegion|Last Respects|p1b: Blastoise\n|-crit|p1b: Blastoise\n|-damage|p1b: Blastoise|0 fnt\n|faint|p1b: Blastoise\n|move|p1a: Drampa|Glare|p2b: Basculegion\n|-status|p2b: Basculegion|par\n|\n|upkeep\n|turn|5\n|\n|t:|1776102869\n|move|p2a: Pinsir|Body Slam|p1a: Drampa\n|-damage|p1a: Drampa|31/100\n|-status|p1a: Drampa|par\n|move|p2b: Basculegion|Wave Crash|p1a: Drampa\n|-resisted|p1a: Drampa|1\n|-damage|p1a: Drampa|0 fnt\n|faint|p1a: Drampa\n|-damage|p2b: Basculegion|69/100 par|[from] Recoil\n|\n|win|zane121\n|raw|NickChaos's rating: 1136 &rarr; <strong>1112</strong><br />(-24 for losing)\n|raw|zane121's rating: 1149 &rarr; <strong>1173</strong><br />(+24 for winning)\n|l|\u2606NickChaos\n|player|p1|\n",
  "uploadtime": 1776102888,
  "views": 17,
  "formatid": "gen9championsvgc2026regma",
  "rating": 1112,
  "private": 0,
  "password": null
}