{
  "id": "gen9championsvgc2026regma-2586964771",
  "format": "[Gen 9 Champions] VGC 2026 Reg M-A",
  "players": [
    "Achro 11",
    "Luscasresllis"
  ],
  "log": "|j|\u2606Achro 11\n|j|\u2606Luscasresllis\n|t:|1776476280\n|gametype|doubles\n|player|p1|Achro 11|cyrus|1164\n|player|p2|Luscasresllis|burglar|1106\n|gen|9\n|tier|[Gen 9 Champions] VGC 2026 Reg M-A\n|rated|\n|rule|Species Clause: Limit one of each Pok\u00e9mon\n|rule|Item Clause: Limit 1 of each item\n|clearpoke\n|poke|p1|Talonflame, L50, M|\n|poke|p1|Meowscarada, L50, M|\n|poke|p1|Gardevoir, L50, M|\n|poke|p1|Garchomp, L50, F|\n|poke|p1|Empoleon, L50, M|\n|poke|p1|Froslass, L50, F|\n|poke|p2|Sinistcha, L50|\n|poke|p2|Tyranitar, L50, F|\n|poke|p2|Farigiraf, L50, M|\n|poke|p2|Garchomp, L50, M|\n|poke|p2|Orthworm, L50, F|\n|poke|p2|Incineroar, L50, M|\n|teampreview|4\n|\n|t:|1776476320\n|teamsize|p1|4\n|teamsize|p2|4\n|start\n|switch|p1a: Empoleon|Empoleon, L50, M|100/100\n|switch|p1b: Froslass|Froslass, L50, F|100/100\n|switch|p2a: Incineroar|Incineroar, L50, M|100/100\n|switch|p2b: Orthworm|Orthworm, L50, F|100/100\n|-ability|p2a: Incineroar|Intimidate|boost\n|-unboost|p1a: Empoleon|atk|1\n|-ability|p1a: Empoleon|Competitive|boost\n|-boost|p1a: Empoleon|spa|2\n|-unboost|p1b: Froslass|atk|1\n|turn|1\n|\n|t:|1776476359\n|move|p2a: Incineroar|Protect|p2a: Incineroar\n|-singleturn|p2a: Incineroar|Protect\n|move|p1b: Froslass|Shadow Ball|p2b: Orthworm\n|-damage|p2b: Orthworm|56/100\n|move|p2b: Orthworm|Stealth Rock|p1a: Empoleon\n|-sidestart|p1: Achro 11|move: Stealth Rock\n|move|p1a: Empoleon|Water Pulse|p2a: Incineroar\n|-activate|p2a: Incineroar|move: Protect\n|\n|-heal|p2b: Orthworm|63/100|[from] item: Leftovers\n|upkeep\n|turn|2\n|\n|t:|1776476394\n|switch|p2a: Sinistcha|Sinistcha, L50|100/100\n|-heal|p2b: Orthworm|88/100|[from] ability: Hospitality|[of] p2a: Sinistcha\n|move|p2b: Orthworm|Protect|p2b: Orthworm\n|-singleturn|p2b: Orthworm|Protect\n|move|p1b: Froslass|Shadow Ball|p2b: Orthworm\n|-activate|p2b: Orthworm|move: Protect\n|move|p1a: Empoleon|Water Pulse|p2a: Sinistcha\n|-resisted|p2a: Sinistcha|1\n|-damage|p2a: Sinistcha|79/100\n|-start|p2a: Sinistcha|confusion\n|\n|-heal|p2b: Orthworm|94/100|[from] item: Leftovers\n|upkeep\n|turn|3\n|\n|t:|1776476434\n|switch|p1b: Talonflame|Talonflame, L50, M|100/100\n|-damage|p1b: Talonflame|50/100|[from] Stealth Rock\n|-activate|p2a: Sinistcha|confusion\n|move|p2a: Sinistcha|Protect|p2a: Sinistcha\n|-singleturn|p2a: Sinistcha|Protect\n|move|p2b: Orthworm|Body Press|p1a: Empoleon\n|-supereffective|p1a: Empoleon|1\n|-damage|p1a: Empoleon|54/100\n|move|p1a: Empoleon|Water Pulse|p2b: Orthworm\n|-damage|p2b: Orthworm|37/100\n|\n|-heal|p2b: Orthworm|43/100|[from] item: Leftovers\n|-heal|p1a: Empoleon|60/100|[from] item: Leftovers\n|upkeep\n|turn|4\n|\n|t:|1776476459\n|switch|p2a: Tyranitar|Tyranitar, L50, F|100/100\n|-weather|Sandstorm|[from] ability: Sand Stream|[of] p2a: Tyranitar\n|move|p2b: Orthworm|Protect|p2b: Orthworm\n|-singleturn|p2b: Orthworm|Protect\n|move|p1b: Talonflame|Flare Blitz|p2b: Orthworm\n|-activate|p2b: Orthworm|move: Protect\n|move|p1a: Empoleon|Water Pulse|p2a: Tyranitar\n|-supereffective|p2a: Tyranitar|1\n|-damage|p2a: Tyranitar|46/100\n|\n|-weather|Sandstorm|[upkeep]\n|-damage|p1b: Talonflame|44/100|[from] Sandstorm\n|-heal|p2b: Orthworm|50/100|[from] item: Leftovers\n|-heal|p1a: Empoleon|66/100|[from] item: Leftovers\n|upkeep\n|turn|5\n|\n|t:|1776476491\n|switch|p2b: Sinistcha|Sinistcha, L50|79/100\n|-heal|p2a: Tyranitar|71/100|[from] ability: Hospitality|[of] p2b: Sinistcha\n|detailschange|p2a: Tyranitar|Tyranitar-Mega, L50, F\n|-mega|p2a: Tyranitar|Tyranitar|Tyranitarite\n|move|p1b: Talonflame|Tailwind|p1b: Talonflame\n|-sidestart|p1: Achro 11|move: Tailwind\n|move|p1a: Empoleon|Water Pulse|p2b: Sinistcha\n|-resisted|p2b: Sinistcha|1\n|-damage|p2b: Sinistcha|53/100\n|move|p2a: Tyranitar|Rock Slide|p1b: Talonflame|[spread] p1b\n|-miss|p2a: Tyranitar|p1a: Empoleon\n|-supereffective|p1b: Talonflame|2\n|-damage|p1b: Talonflame|0 fnt\n|faint|p1b: Talonflame\n|\n|-weather|Sandstorm|[upkeep]\n|-damage|p2b: Sinistcha|47/100|[from] Sandstorm\n|-heal|p1a: Empoleon|72/100|[from] item: Leftovers\n|upkeep\n|\n|t:|1776476507\n|switch|p1b: Froslass|Froslass, L50, F|100/100\n|-damage|p1b: Froslass|75/100|[from] Stealth Rock\n|turn|6\n|\n|t:|1776476522\n|switch|p2b: Orthworm|Orthworm, L50, F|50/100\n|detailschange|p1b: Froslass|Froslass-Mega, L50, F\n|-mega|p1b: Froslass|Froslass|Froslassite\n|-weather|Snowscape|[from] ability: Snow Warning|[of] p1b: Froslass\n|move|p1b: Froslass|Blizzard|p2b: Orthworm|[spread] p2a,p2b\n|-resisted|p2b: Orthworm|1\n|-damage|p2a: Tyranitar|35/100\n|-damage|p2b: Orthworm|18/100\n|move|p1a: Empoleon|Water Pulse|p2a: Tyranitar\n|-supereffective|p2a: Tyranitar|1\n|-damage|p2a: Tyranitar|0 fnt\n|faint|p2a: Tyranitar\n|\n|-weather|Snowscape|[upkeep]\n|-heal|p1a: Empoleon|77/100|[from] item: Leftovers\n|-heal|p2b: Orthworm|24/100|[from] item: Leftovers\n|upkeep\n|\n|t:|1776476543\n|switch|p2a: Sinistcha|Sinistcha, L50|47/100\n|-heal|p2b: Orthworm|49/100|[from] ability: Hospitality|[of] p2a: Sinistcha\n|turn|7\n|\n|t:|1776476565\n|move|p1b: Froslass|Blizzard|p2a: Sinistcha|[spread] p2a,p2b\n|-supereffective|p2a: Sinistcha|1\n|-resisted|p2b: Orthworm|1\n|-damage|p2a: Sinistcha|0 fnt\n|-damage|p2b: Orthworm|21/100\n|faint|p2a: Sinistcha\n|move|p1a: Empoleon|Icy Wind|p2b: Orthworm\n|-resisted|p2b: Orthworm|1\n|-damage|p2b: Orthworm|3/100\n|-unboost|p2b: Orthworm|spe|1\n|move|p2b: Orthworm|Body Press|p1a: Empoleon\n|-supereffective|p1a: Empoleon|1\n|-damage|p1a: Empoleon|28/100\n|\n|-weather|Snowscape|[upkeep]\n|-heal|p1a: Empoleon|34/100|[from] item: Leftovers\n|-heal|p2b: Orthworm|10/100|[from] item: Leftovers\n|upkeep\n|\n|t:|1776476576\n|switch|p2a: Incineroar|Incineroar, L50, M|100/100\n|-ability|p2a: Incineroar|Intimidate|boost\n|-unboost|p1a: Empoleon|atk|1\n|-ability|p1a: Empoleon|Competitive|boost\n|-boost|p1a: Empoleon|spa|2\n|-unboost|p1b: Froslass|atk|1\n|turn|8\n|\n|t:|1776476603\n|move|p1b: Froslass|Protect|p1b: Froslass\n|-singleturn|p1b: Froslass|Protect\n|move|p1a: Empoleon|Water Pulse|p2a: Incineroar\n|-supereffective|p2a: Incineroar|1\n|-damage|p2a: Incineroar|0 fnt\n|faint|p2a: Incineroar\n|move|p2b: Orthworm|Body Press|p1a: Empoleon\n|-supereffective|p1a: Empoleon|1\n|-damage|p1a: Empoleon|0 fnt\n|faint|p1a: Empoleon\n|\n|-weather|Snowscape|[upkeep]\n|-heal|p2b: Orthworm|16/100|[from] item: Leftovers\n|-sideend|p1: Achro 11|move: Tailwind\n|upkeep\n|\n|t:|1776476615\n|switch|p1a: Meowscarada|Meowscarada, L50, M|100/100\n|-damage|p1a: Meowscarada|88/100|[from] Stealth Rock\n|turn|9\n|\n|t:|1776476625\n|move|p1a: Meowscarada|Flower Trick|p2b: Orthworm\n|-resisted|p2b: Orthworm|1\n|-crit|p2b: Orthworm\n|-damage|p2b: Orthworm|0 fnt\n|faint|p2b: Orthworm\n|\n|win|Achro 11\n|raw|Achro 11's rating: 1164 &rarr; <strong>1185</strong><br />(+21 for winning)\n|raw|Luscasresllis's rating: 1106 &rarr; <strong>1085</strong><br />(-21 for losing)\n|l|\u2606Luscasresllis\n|player|p2|\n",
  "uploadtime": 1776476650,
  "views": 18,
  "formatid": "gen9championsvgc2026regma",
  "rating": 1085,
  "private": 0,
  "password": null
}