{
  "id": "gen9championsvgc2026regma-2586001918",
  "format": "[Gen 9 Champions] VGC 2026 Reg M-A",
  "players": [
    "zhz2021",
    "Lax Machine"
  ],
  "log": "|j|\u2606zhz2021\n|j|\u2606Lax Machine\n|t:|1776389179\n|gametype|doubles\n|player|p1|zhz2021|marley|1499\n|player|p2|Lax Machine|102|1583\n|gen|9\n|tier|[Gen 9 Champions] VGC 2026 Reg M-A\n|rated|\n|rule|Species Clause: Limit one of each Pok\u00e9mon\n|rule|Item Clause: Limit 1 of each item\n|clearpoke\n|poke|p1|Sableye, L50, M|\n|poke|p1|Archaludon, L50, F|\n|poke|p1|Scovillain, L50, F|\n|poke|p1|Basculegion-F, L50, F|\n|poke|p1|Primarina, L50, F|\n|poke|p1|Scizor, L50, F|\n|poke|p2|Incineroar, L50, M|\n|poke|p2|Whimsicott, L50, M|\n|poke|p2|Blastoise, L50, F|\n|poke|p2|Farigiraf, L50, M|\n|poke|p2|Aegislash, L50, F|\n|poke|p2|Dragonite, L50, M|\n|teampreview|4\n|inactive|Battle timer is ON: inactive players will automatically lose when time's up. (requested by Lax Machine)\n|\n|t:|1776389212\n|teamsize|p1|4\n|teamsize|p2|4\n|start\n|switch|p1a: Scizor|Scizor, L50, F|100/100\n|switch|p1b: Archaludon|Archaludon, L50, F|100/100\n|switch|p2a: Farigiraf|Farigiraf, L50, M|100/100\n|switch|p2b: Aegislash|Aegislash, L50, F|100/100\n|turn|1\n|\n|t:|1776389219\n|detailschange|p1a: Scizor|Scizor-Mega, L50, F\n|-mega|p1a: Scizor|Scizor|Scizorite\n|move|p2a: Farigiraf|Helping Hand|p2b: Aegislash\n|-singleturn|p2b: Aegislash|Helping Hand|[of] p2a: Farigiraf\n|move|p1b: Archaludon|Electro Shot||[still]\n|-prepare|p1b: Archaludon|Electro Shot\n|-boost|p1b: Archaludon|spa|1\n|-formechange|p2b: Aegislash|Aegislash-Blade|\n|move|p2b: Aegislash|Shadow Ball|p1a: Scizor\n|-damage|p1a: Scizor|15/100\n|move|p1a: Scizor|Swords Dance|p1a: Scizor\n|-boost|p1a: Scizor|atk|2\n|\n|upkeep\n|turn|2\n|\n|t:|1776389239\n|switch|p2a: Whimsicott|Whimsicott, L50, M|100/100\n|move|p2b: Aegislash|Protect|p2b: Aegislash\n|-singleturn|p2b: Aegislash|Protect\n|move|p1a: Scizor|Protect|p1a: Scizor\n|-singleturn|p1a: Scizor|Protect\n|move|p1b: Archaludon|Electro Shot|p2a: Whimsicott|[from] lockedmove\n|-resisted|p2a: Whimsicott|1\n|-damage|p2a: Whimsicott|52/100\n|\n|upkeep\n|turn|3\n|\n|t:|1776389259\n|switch|p1a: Primarina|Primarina, L50, F|100/100\n|move|p2a: Whimsicott|Tailwind|p2a: Whimsicott\n|-sidestart|p2: Lax Machine|move: Tailwind\n|move|p2b: Aegislash|Shadow Ball|p1a: Primarina\n|-damage|p1a: Primarina|49/100\n|-enditem|p1a: Primarina|Sitrus Berry|[eat]\n|-heal|p1a: Primarina|74/100|[from] item: Sitrus Berry\n|move|p1b: Archaludon|Flash Cannon|p2a: Whimsicott\n|-supereffective|p2a: Whimsicott|1\n|-damage|p2a: Whimsicott|0 fnt\n|faint|p2a: Whimsicott\n|\n|upkeep\n|\n|t:|1776389279\n|switch|p2a: Me?RideOn|Blastoise, L50, F|100/100\n|turn|4\n|\n|t:|1776389286\n|detailschange|p2a: Me?RideOn|Blastoise-Mega, L50, F\n|-mega|p2a: Me?RideOn|Blastoise|Blastoisinite\n|move|p2a: Me?RideOn|Water Spout|p1b: Archaludon|[spread] p1a,p1b\n|-resisted|p1a: Primarina|1\n|-resisted|p1b: Archaludon|1\n|-damage|p1a: Primarina|43/100\n|-damage|p1b: Archaludon|68/100\n|-ability|p1b: Archaludon|Stamina|boost\n|-boost|p1b: Archaludon|def|1\n|move|p2b: Aegislash|Shadow Ball|p1b: Archaludon\n|-damage|p1b: Archaludon|4/100\n|-ability|p1b: Archaludon|Stamina|boost\n|-boost|p1b: Archaludon|def|1\n|move|p1b: Archaludon|Aura Sphere|p2a: Me?RideOn\n|-damage|p2a: Me?RideOn|62/100\n|move|p1a: Primarina|Hyper Voice|p2b: Aegislash|[spread] p2a,p2b\n|-resisted|p2a: Me?RideOn|1\n|-damage|p2a: Me?RideOn|43/100\n|-damage|p2b: Aegislash|18/100\n|\n|-heal|p1b: Archaludon|10/100|[from] item: Leftovers\n|upkeep\n|turn|5\n|\n|t:|1776389308\n|move|p1b: Archaludon|Protect|p1b: Archaludon\n|-singleturn|p1b: Archaludon|Protect\n|move|p2a: Me?RideOn|Dark Pulse|p1b: Archaludon\n|-activate|p1b: Archaludon|move: Protect\n|move|p2b: Aegislash|Shadow Ball|p1a: Primarina\n|-damage|p1a: Primarina|0 fnt\n|faint|p1a: Primarina\n|\n|-heal|p1b: Archaludon|16/100|[from] item: Leftovers\n|upkeep\n|\n|t:|1776389316\n|switch|p1a: Sableye|Sableye, L50, M|100/100\n|turn|6\n|\n|t:|1776389324\n|move|p1a: Sableye|Disable|p2a: Me?RideOn\n|-start|p2a: Me?RideOn|Disable|Dark Pulse\n|cant|p2a: Me?RideOn|Disable|Dark Pulse\n|move|p2b: Aegislash|Shadow Ball|p1b: Archaludon\n|-damage|p1b: Archaludon|0 fnt\n|faint|p1b: Archaludon\n|\n|-sideend|p2: Lax Machine|move: Tailwind\n|upkeep\n|\n|t:|1776389331\n|switch|p1b: Scizor|Scizor-Mega, L50, F|15/100\n|turn|7\n|\n|t:|1776389335\n|switch|p2b: Farigiraf|Farigiraf, L50, M|100/100\n|move|p1b: Scizor|Bullet Punch||[still]\n|cant|p2b: Farigiraf|ability: Armor Tail|Bullet Punch|[of] p1b: Scizor\n|move|p1a: Sableye|Encore||[still]\n|cant|p2b: Farigiraf|ability: Armor Tail|Encore|[of] p1a: Sableye\n|move|p2a: Me?RideOn|Aura Sphere|p1b: Scizor\n|-damage|p1b: Scizor|0 fnt\n|faint|p1b: Scizor\n|\n|upkeep\n|turn|8\n|-message|zhz2021 forfeited.\n|\n|win|Lax Machine\n|raw|zhz2021's rating: 1499 &rarr; <strong>1485</strong><br />(-14 for losing)\n|raw|Lax Machine's rating: 1600 &rarr; <strong>1614</strong><br />(+14 for winning)\n|l|\u2606zhz2021\n|player|p1|\n|l|\u2606Lax Machine\n|player|p2|\n",
  "uploadtime": 1776389401,
  "views": 33,
  "formatid": "gen9championsvgc2026regma",
  "rating": 1485,
  "private": 0,
  "password": null
}