{
  "id": "gen9championsvgc2026regma-2581861776",
  "format": "[Gen 9 Champions] VGC 2026 Reg M-A",
  "players": [
    "Wordlebot",
    "suzuxsuzu"
  ],
  "log": "|j|\u2606Wordlebot\n|j|\u2606suzuxsuzu\n|t:|1776034581\n|gametype|doubles\n|player|p1|Wordlebot|102|1050\n|player|p2|suzuxsuzu|1|1040\n|gen|9\n|tier|[Gen 9 Champions] VGC 2026 Reg M-A\n|rated|\n|rule|Species Clause: Limit one of each Pok\u00e9mon\n|rule|Item Clause: Limit 1 of each item\n|clearpoke\n|poke|p1|Incineroar, L50, F|\n|poke|p1|Gengar, L50, F|\n|poke|p1|Sinistcha, L50|\n|poke|p1|Kingambit, L50, M|\n|poke|p1|Tyranitar, L50, M|\n|poke|p1|Kommo-o, L50, F|\n|poke|p2|Tyranitar, L50, F|\n|poke|p2|Garchomp, L50, F|\n|poke|p2|Aerodactyl, L50, M|\n|poke|p2|Orthworm, L50, M|\n|poke|p2|Alakazam, L50, M|\n|poke|p2|Goodra-Hisui, L50, F|\n|teampreview|4\n|\n|t:|1776034619\n|teamsize|p1|4\n|teamsize|p2|4\n|start\n|switch|p1a: Incineroar|Incineroar, L50, F|100/100\n|switch|p1b: Gengar|Gengar, L50, F|100/100\n|switch|p2a: Tyranitar|Tyranitar, L50, F|100/100\n|switch|p2b: Aerodactyl|Aerodactyl, L50, M|100/100\n|-ability|p2b: Aerodactyl|Unnerve\n|-ability|p1a: Incineroar|Intimidate|boost\n|-unboost|p2a: Tyranitar|atk|1\n|-unboost|p2b: Aerodactyl|atk|1\n|-weather|Sandstorm|[from] ability: Sand Stream|[of] p2a: Tyranitar\n|turn|1\n|inactive|Battle timer is ON: inactive players will automatically lose when time's up. (requested by suzuxsuzu)\n|\n|t:|1776034635\n|detailschange|p1b: Gengar|Gengar-Mega, L50, F\n|-mega|p1b: Gengar|Gengar|Gengarite\n|move|p2b: Aerodactyl|Protect|p2b: Aerodactyl\n|-singleturn|p2b: Aerodactyl|Protect\n|move|p1a: Incineroar|Fake Out|p2b: Aerodactyl\n|-activate|p2b: Aerodactyl|move: Protect\n|move|p1b: Gengar|Perish Song|p1b: Gengar\n|-start|p1a: Incineroar|perish3|[silent]\n|-start|p1b: Gengar|perish3|[silent]\n|-start|p2a: Tyranitar|perish3|[silent]\n|-start|p2b: Aerodactyl|perish3|[silent]\n|-fieldactivate|move: Perish Song\n|move|p2a: Tyranitar|Earthquake|p1a: Incineroar|[spread] p1a,p1b\n|-activate|p2b: Aerodactyl|move: Protect\n|-supereffective|p1a: Incineroar|1\n|-supereffective|p1b: Gengar|1\n|-damage|p1a: Incineroar|70/100\n|-damage|p1b: Gengar|65/100\n|\n|-weather|Sandstorm|[upkeep]\n|-damage|p1b: Gengar|59/100|[from] Sandstorm\n|-damage|p1a: Incineroar|64/100|[from] Sandstorm\n|-start|p2b: Aerodactyl|perish3\n|-start|p1b: Gengar|perish3\n|-start|p2a: Tyranitar|perish3\n|-start|p1a: Incineroar|perish3\n|upkeep\n|turn|2\n|inactive|Wordlebot has 30 seconds left.\n|\n|t:|1776034664\n|switch|p1b: Tyranitar|Tyranitar, L50, M|100/100\n|move|p2b: Aerodactyl|Tailwind|p2b: Aerodactyl\n|-sidestart|p2: suzuxsuzu|move: Tailwind\n|move|p2a: Tyranitar|Knock Off|p1b: Tyranitar\n|-resisted|p1b: Tyranitar|1\n|-damage|p1b: Tyranitar|86/100\n|-enditem|p1b: Tyranitar|Choice Scarf|[from] move: Knock Off|[of] p2a: Tyranitar\n|move|p1a: Incineroar|Parting Shot|p2b: Aerodactyl\n|-unboost|p2b: Aerodactyl|atk|1\n|-unboost|p2b: Aerodactyl|spa|1\n|\n|t:|1776034674\n|switch|p1a: Gengar|Gengar-Mega, L50, F|59/100|[from] Parting Shot\n|\n|-weather|Sandstorm|[upkeep]\n|-damage|p1a: Gengar|53/100|[from] Sandstorm\n|-start|p2b: Aerodactyl|perish2\n|-start|p2a: Tyranitar|perish2\n|upkeep\n|turn|3\n|inactive|suzuxsuzu has 30 seconds left.\n|inactive|suzuxsuzu has 20 seconds left.\n|\n|t:|1776034711\n|switch|p1b: Incineroar|Incineroar, L50, F|64/100\n|-ability|p1b: Incineroar|Intimidate|boost\n|-unboost|p2a: Tyranitar|atk|1\n|-unboost|p2b: Aerodactyl|atk|1\n|move|p2b: Aerodactyl|Rock Slide|p1b: Incineroar|[spread] p1a,p1b\n|-supereffective|p1b: Incineroar|1\n|-damage|p1a: Gengar|41/100\n|-damage|p1b: Incineroar|45/100\n|cant|p1a: Gengar|flinch\n|move|p2a: Tyranitar|Taunt|p1a: Gengar\n|-start|p1a: Gengar|move: Taunt\n|\n|-weather|Sandstorm|[upkeep]\n|-damage|p1a: Gengar|35/100|[from] Sandstorm\n|-damage|p1b: Incineroar|39/100|[from] Sandstorm\n|-start|p2b: Aerodactyl|perish1\n|-start|p2a: Tyranitar|perish1\n|upkeep\n|turn|4\n|\n|t:|1776034735\n|switch|p1a: Tyranitar|Tyranitar, L50, M|86/100\n|move|p1b: Incineroar|Protect|p1b: Incineroar\n|-singleturn|p1b: Incineroar|Protect\n|move|p2b: Aerodactyl|Rock Slide|p1a: Tyranitar|[spread] p1a\n|-activate|p1b: Incineroar|move: Protect\n|-damage|p1a: Tyranitar|77/100\n|move|p2a: Tyranitar|Knock Off|p1a: Tyranitar\n|-resisted|p1a: Tyranitar|1\n|-damage|p1a: Tyranitar|69/100\n|\n|-weather|Sandstorm|[upkeep]\n|-damage|p1b: Incineroar|33/100|[from] Sandstorm\n|-start|p2b: Aerodactyl|perish0\n|-start|p2a: Tyranitar|perish0\n|faint|p2b: Aerodactyl\n|faint|p2a: Tyranitar\n|upkeep\n|\n|t:|1776034741\n|switch|p2b: Goodra|Goodra-Hisui, L50, F|100/100\n|switch|p2a: Garchomp|Garchomp, L50, F|100/100\n|turn|5\n|\n|t:|1776034766\n|detailschange|p2a: Garchomp|Garchomp-Mega, L50, F\n|-mega|p2a: Garchomp|Garchomp|Garchompite\n|move|p2a: Garchomp|Swords Dance|p2a: Garchomp\n|-boost|p2a: Garchomp|atk|2\n|move|p2b: Goodra|Flash Cannon|p1a: Tyranitar\n|-supereffective|p1a: Tyranitar|1\n|-damage|p1a: Tyranitar|11/100\n|move|p1a: Tyranitar|Low Kick|p2b: Goodra\n|-supereffective|p2b: Goodra|1\n|-damage|p2b: Goodra|11/100\n|move|p1b: Incineroar|Parting Shot|p2a: Garchomp\n|-unboost|p2a: Garchomp|atk|1\n|-unboost|p2a: Garchomp|spa|1\n|\n|t:|1776034777\n|switch|p1b: Gengar|Gengar-Mega, L50, F|35/100|[from] Parting Shot\n|\n|-weather|none\n|-heal|p2b: Goodra|17/100|[from] item: Leftovers\n|-sideend|p2: suzuxsuzu|move: Tailwind\n|upkeep\n|turn|6\n|\n|t:|1776034796\n|switch|p1a: Incineroar|Incineroar, L50, F|33/100\n|-ability|p1a: Incineroar|Intimidate|boost\n|-unboost|p2a: Garchomp|atk|1\n|-unboost|p2b: Goodra|atk|1\n|move|p2b: Goodra|Protect|p2b: Goodra\n|-singleturn|p2b: Goodra|Protect\n|move|p1b: Gengar|Shadow Ball|p2b: Goodra\n|-activate|p2b: Goodra|move: Protect\n|move|p2a: Garchomp|Earthquake|p1b: Gengar|[spread] p1a,p1b\n|-activate|p2b: Goodra|move: Protect\n|-supereffective|p1a: Incineroar|1\n|-enditem|p1a: Incineroar|Shuca Berry|[eat]\n|-enditem|p1a: Incineroar|Shuca Berry|[weaken]\n|-supereffective|p1b: Gengar|1\n|-damage|p1a: Incineroar|0 fnt\n|-damage|p1b: Gengar|0 fnt\n|faint|p1a: Incineroar\n|faint|p1b: Gengar\n|\n|-heal|p2b: Goodra|23/100|[from] item: Leftovers\n|upkeep\n|\n|t:|1776034802\n|switch|p1b: Tyranitar|Tyranitar, L50, M|11/100\n|switch|p1a: Kingambit|Kingambit, L50, M|100/100\n|-weather|Sandstorm|[from] ability: Sand Stream|[of] p1b: Tyranitar\n|turn|7\n|\n|t:|1776034822\n|move|p2b: Goodra|Protect|p2b: Goodra\n|-singleturn|p2b: Goodra|Protect\n|move|p1a: Kingambit|Sucker Punch||[still]\n|-fail|p1a: Kingambit\n|move|p2a: Garchomp|Earthquake|p1a: Kingambit|[spread] p1a,p1b\n|-activate|p2b: Goodra|move: Protect\n|-supereffective|p1a: Kingambit|1\n|-supereffective|p1b: Tyranitar|1\n|-damage|p1a: Kingambit|4/100\n|-damage|p1b: Tyranitar|0 fnt\n|faint|p1b: Tyranitar\n|\n|-weather|Sandstorm|[upkeep]\n|-heal|p2b: Goodra|29/100|[from] item: Leftovers\n|upkeep\n|turn|8\n|-message|Wordlebot forfeited.\n|\n|win|suzuxsuzu\n|raw|Wordlebot's rating: 1050 &rarr; <strong>1032</strong><br />(-18 for losing)\n|raw|suzuxsuzu's rating: 1040 &rarr; <strong>1075</strong><br />(+35 for winning)\n|l|\u2606Wordlebot\n|player|p1|\n",
  "uploadtime": 1776034837,
  "views": 22,
  "formatid": "gen9championsvgc2026regma",
  "rating": 1032,
  "private": 0,
  "password": null
}