{
  "id": "gen9championsvgc2026regma-2584850692",
  "format": "[Gen 9 Champions] VGC 2026 Reg M-A",
  "players": [
    "chalkedlily",
    "ebbsxzy"
  ],
  "log": "|j|\u2606chalkedlily\n|j|\u2606ebbsxzy\n|t:|1776288588\n|gametype|doubles\n|player|p1|chalkedlily|169|1100\n|player|p2|ebbsxzy|swimmerf-gen4|1056\n|gen|9\n|tier|[Gen 9 Champions] VGC 2026 Reg M-A\n|rated|\n|rule|Species Clause: Limit one of each Pok\u00e9mon\n|rule|Item Clause: Limit 1 of each item\n|clearpoke\n|poke|p1|Meowstic-F, L50, F|\n|poke|p1|Wyrdeer, L50, M|\n|poke|p1|Aegislash, L50, F|\n|poke|p1|Aerodactyl, L50, F|\n|poke|p1|Sneasler, L50, F|\n|poke|p1|Ditto, L50|\n|poke|p2|Starmie, L50|\n|poke|p2|Archaludon, L50, F|\n|poke|p2|Pelipper, L50, M|\n|poke|p2|Sneasler, L50, F|\n|poke|p2|Incineroar, L50, F|\n|poke|p2|Sinistcha, L50|\n|teampreview|4\n|inactive|Battle timer is ON: inactive players will automatically lose when time's up. (requested by ebbsxzy)\n|\n|t:|1776288621\n|teamsize|p1|4\n|teamsize|p2|4\n|start\n|switch|p1a: Wyrdeer|Wyrdeer, L50, M|100/100\n|switch|p1b: Sneasler|Sneasler, L50, F|100/100\n|switch|p2a: Pelipper|Pelipper, L50, M|100/100\n|switch|p2b: Starmie|Starmie, L50|100/100\n|-ability|p1b: Sneasler|Pressure\n|-weather|RainDance|[from] ability: Drizzle|[of] p2a: Pelipper\n|-ability|p1a: Wyrdeer|Intimidate|boost\n|-unboost|p2a: Pelipper|atk|1\n|-unboost|p2b: Starmie|atk|1\n|turn|1\n|\n|t:|1776288639\n|detailschange|p2b: Starmie|Starmie-Mega, L50\n|-mega|p2b: Starmie|Starmie|Starminite\n|move|p1b: Sneasler|Fake Out|p2a: Pelipper\n|-damage|p2a: Pelipper|86/100\n|move|p2b: Starmie|Psycho Cut|p1b: Sneasler\n|-supereffective|p1b: Sneasler|2\n|-damage|p1b: Sneasler|0 fnt\n|faint|p1b: Sneasler\n|cant|p2a: Pelipper|flinch\n|move|p1a: Wyrdeer|Skill Swap|p2b: Starmie\n|-activate|p1a: Wyrdeer|Skill Swap|Huge Power|Intimidate|[of] p2b: Starmie\n|-ability|p2b: Starmie|Intimidate|boost\n|-unboost|p1a: Wyrdeer|atk|1\n|\n|-weather|RainDance|[upkeep]\n|upkeep\n|\n|t:|1776288658\n|switch|p1b: Meowstic|Meowstic-F, L50, F|100/100\n|turn|2\n|\n|t:|1776288674\n|switch|p2b: Archaludon|Archaludon, L50, F|100/100\n|move|p1b: Meowstic|Thunderbolt|p2a: Pelipper\n|-supereffective|p2a: Pelipper|2\n|-damage|p2a: Pelipper|0 fnt\n|faint|p2a: Pelipper\n|move|p1a: Wyrdeer|Earth Power|p2b: Archaludon\n|-supereffective|p2b: Archaludon|1\n|-damage|p2b: Archaludon|8/100\n|-unboost|p2b: Archaludon|spd|1\n|-ability|p2b: Archaludon|Stamina|boost\n|-boost|p2b: Archaludon|def|1\n|\n|-weather|RainDance|[upkeep]\n|-heal|p2b: Archaludon|14/100|[from] item: Leftovers\n|upkeep\n|\n|t:|1776288693\n|switch|p2a: Starmie|Starmie-Mega, L50|100/100\n|turn|3\n|inactive|ebbsxzy has 30 seconds left.\n|inactive|ebbsxzy has 20 seconds left.\n|inactive|ebbsxzy has 15 seconds left.\n|inactive|ebbsxzy has 10 seconds left.\n|inactive|ebbsxzy has 5 seconds left.\n|\n|t:|1776288748\n|switch|p1b: Ditto|Ditto, L50|100/100\n|-transform|p1b: Ditto|p2a: Starmie|[from] ability: Imposter\n|move|p2a: Starmie|Aqua Jet|p1a: Wyrdeer|[miss]\n|-miss|p2a: Starmie|p1a: Wyrdeer\n|move|p2b: Archaludon|Electro Shot||[still]\n|-prepare|p2b: Archaludon|Electro Shot\n|-boost|p2b: Archaludon|spa|1\n|-anim|p2b: Archaludon|Electro Shot|p1a: Wyrdeer\n|-damage|p1a: Wyrdeer|22/100\n|move|p1a: Wyrdeer|Earth Power|p2b: Archaludon\n|-supereffective|p2b: Archaludon|1\n|-damage|p2b: Archaludon|0 fnt\n|faint|p2b: Archaludon\n|\n|-weather|RainDance|[upkeep]\n|upkeep\n|\n|t:|1776288756\n|switch|p2b: Sneasler|Sneasler, L50, F|100/100\n|turn|4\n|inactive|chalkedlily has 30 seconds left.\n|inactive|ebbsxzy has 30 seconds left.\n|\n|t:|1776288786\n|move|p2b: Sneasler|Fake Out|p1b: Ditto\n|-damage|p1b: Ditto|82/100\n|move|p2a: Starmie|Aqua Jet|p1a: Wyrdeer\n|-damage|p1a: Wyrdeer|0 fnt\n|faint|p1a: Wyrdeer\n|cant|p1b: Ditto|flinch\n|\n|-weather|RainDance|[upkeep]\n|upkeep\n|\n|t:|1776288790\n|switch|p1a: Meowstic|Meowstic-F, L50, F|100/100\n|turn|5\n|\n|t:|1776288809\n|detailschange|p1a: Meowstic|Meowstic-F-Mega, L50, F\n|-mega|p1a: Meowstic|Meowstic|Meowsticite\n|-ability|p1a: Meowstic|Unburden|Trace|[from] ability: Trace|[of] p2b: Sneasler\n|move|p1b: Ditto|Liquidation|p2a: Starmie\n|-resisted|p2a: Starmie|1\n|-damage|p2a: Starmie|29/100\n|move|p1a: Meowstic|Psychic|p2b: Sneasler\n|-supereffective|p2b: Sneasler|2\n|-damage|p2b: Sneasler|0 fnt\n|faint|p2b: Sneasler\n|move|p2a: Starmie|Liquidation|p1b: Ditto\n|-resisted|p1b: Ditto|1\n|-damage|p1b: Ditto|20/100\n|\n|-weather|none\n|upkeep\n|turn|6\n|-message|ebbsxzy forfeited.\n|\n|win|chalkedlily\n|raw|chalkedlily's rating: 1100 &rarr; <strong>1122</strong><br />(+22 for winning)\n|raw|ebbsxzy's rating: 1056 &rarr; <strong>1040</strong><br />(-16 for losing)\n|l|\u2606ebbsxzy\n|player|p2|\n",
  "uploadtime": 1776288825,
  "views": 25,
  "formatid": "gen9championsvgc2026regma",
  "rating": 1040,
  "private": 0,
  "password": null
}