{
  "id": "gen9championsvgc2026regma-2580962041",
  "format": "[Gen 9 Champions] VGC 2026 Reg M-A",
  "players": [
    "Kiryuri",
    "Baupipa"
  ],
  "log": "|j|\u2606Kiryuri\n|j|\u2606Baupipa\n|t:|1775947024\n|gametype|doubles\n|player|p1|Kiryuri|acetrainerf|\n|player|p2|Baupipa|flannery|\n|gen|9\n|tier|[Gen 9 Champions] VGC 2026 Reg M-A\n|rule|Species Clause: Limit one of each Pok\u00e9mon\n|rule|Item Clause: Limit 1 of each item\n|clearpoke\n|poke|p1|Corviknight, L50, F|\n|poke|p1|Gardevoir, L50, F|\n|poke|p1|Garchomp, L50, F|\n|poke|p1|Sinistcha, L50|\n|poke|p1|Dragonite, L50, F|\n|poke|p1|Sneasler, L50, F|\n|poke|p2|Corviknight, L50, M|\n|poke|p2|Azumarill, L50, F|\n|poke|p2|Glimmora, L50, M|\n|poke|p2|Decidueye-Hisui, L50, F|\n|poke|p2|Garchomp, L50, M|\n|poke|p2|Oranguru, L50, F|\n|teampreview|4\n|inactive|Battle timer is ON: inactive players will automatically lose when time's up. (requested by Kiryuri)\n|c|\u2606Baupipa|ciao\nKiryuri has agreed to open team sheets.\n|c|\u2606Kiryuri|accetta open team sheets\n|inactiveoff|Battle timer is now OFF.\n|c|\u2606Kiryuri|Elle\n|\n|t:|1775947087\n|teamsize|p1|4\n|teamsize|p2|4\n|start\n|switch|p1a: Garchomp|Garchomp, L50, F|100/100\n|switch|p1b: Gardevoir|Gardevoir, L50, F, shiny|100/100\n|switch|p2a: Orangay|Oranguru, L50, F, shiny|100/100\n|switch|p2b: Gaychomp|Garchomp, L50, M, shiny|100/100\n|turn|1\n|c|\u2606Baupipa|dimmi\n|c|\u2606Kiryuri|ho scritto ma oramai \u00e8 tardi\n|c|\u2606Kiryuri|prossima partita accetta open team sheets\n|inactive|Battle timer is ON: inactive players will automatically lose when time's up. (requested by Kiryuri)\n|\n|t:|1775947131\n|switch|p2b: team gazze ladre|Corviknight, L50, M, shiny|100/100\n|-ability|p2b: team gazze ladre|Unnerve\n|detailschange|p1b: Gardevoir|Gardevoir-Mega, L50, F, shiny\n|-mega|p1b: Gardevoir|Gardevoir|Gardevoirite\n|move|p1a: Garchomp|Protect|p1a: Garchomp\n|-singleturn|p1a: Garchomp|Protect\n|move|p1b: Gardevoir|Hyper Voice|p2a: Orangay|[spread] p2a,p2b\n|-resisted|p2b: team gazze ladre|1\n|-damage|p2a: Orangay|66/100\n|-damage|p2b: team gazze ladre|73/100\n|move|p2a: Orangay|Calm Mind|p2a: Orangay\n|-boost|p2a: Orangay|spa|1\n|-boost|p2a: Orangay|spd|1\n|\n|upkeep\n|turn|2\n|inactive|Kiryuri has 30 seconds left.\n|inactive|Baupipa has 30 seconds left.\n|inactive|Kiryuri has 20 seconds left.\n|\n|t:|1775947166\n|move|p1a: Garchomp|Dragon Claw|p2a: Orangay\n|-damage|p2a: Orangay|24/100\n|-enditem|p2a: Orangay|Sitrus Berry|[eat]\n|-heal|p2a: Orangay|49/100|[from] item: Sitrus Berry\n|move|p1b: Gardevoir|Hyper Voice|p2a: Orangay|[spread] p2a,p2b\n|-resisted|p2b: team gazze ladre|1\n|-damage|p2a: Orangay|26/100\n|-damage|p2b: team gazze ladre|46/100\n|move|p2b: team gazze ladre|Tailwind|p2b: team gazze ladre\n|-sidestart|p2: Baupipa|move: Tailwind\n|move|p2a: Orangay|Reflect|p2a: Orangay\n|-sidestart|p2: Baupipa|Reflect\n|\n|upkeep\n|turn|3\n|\n|t:|1775947190\n|move|p2b: team gazze ladre|Taunt|p1a: Garchomp\n|-start|p1a: Garchomp|move: Taunt\n|move|p1a: Garchomp|Dragon Claw|p2a: Orangay\n|-damage|p2a: Orangay|0 fnt\n|faint|p2a: Orangay\n|move|p1b: Gardevoir|Hyper Voice|p2b: team gazze ladre\n|-resisted|p2b: team gazze ladre|1\n|-damage|p2b: team gazze ladre|11/100\n|\n|upkeep\n|\n|t:|1775947202\n|switch|p2a: Gaychomp|Garchomp, L50, M, shiny|100/100\n|turn|4\n|c|\u2606Kiryuri|Ok, perch\u00e9 taunt su Garchomp poi me lo dirai\n|\n|t:|1775947224\n|switch|p1a: Corviknight|Corviknight, L50, F, shiny|100/100\n|detailschange|p2a: Gaychomp|Garchomp-Mega, L50, M, shiny\n|-mega|p2a: Gaychomp|Garchomp|Garchompite\n|move|p2b: team gazze ladre|Iron Head|p1b: Gardevoir\n|-supereffective|p1b: Gardevoir|1\n|-damage|p1b: Gardevoir|0 fnt\n|faint|p1b: Gardevoir\n|move|p2a: Gaychomp|Dragon Tail|p1a: Corviknight\n|-resisted|p1a: Corviknight|1\n|-damage|p1a: Corviknight|83/100\n|drag|p1a: Garchomp|Garchomp, L50, F|100/100\n|\n|upkeep\n|\n|t:|1775947239\n|switch|p1b: Corviknight|Corviknight, L50, F, shiny|83/100\n|turn|5\n|c|\u2606Kiryuri|Max speed corviknight\n|c|\u2606Kiryuri|E mega garchomp\n|inactive|Baupipa has 30 seconds left.\n|c|\u2606Kiryuri|What was he cooking\n|inactive|Baupipa has 20 seconds left.\n|inactive|Baupipa has 15 seconds left.\n|\n|t:|1775947283\n|move|p1a: Garchomp|Protect|p1a: Garchomp\n|-singleturn|p1a: Garchomp|Protect\n|move|p2b: team gazze ladre|Taunt|p1b: Corviknight\n|-start|p1b: Corviknight|move: Taunt\n|cant|p1b: Corviknight|move: Taunt|Tailwind\n|move|p2a: Gaychomp|Dragon Tail|p1a: Garchomp\n|-activate|p1a: Garchomp|move: Protect\n|\n|-heal|p1b: Corviknight|89/100|[from] item: Leftovers\n|-sideend|p2: Baupipa|move: Tailwind\n|upkeep\n|turn|6\n|inactive|Baupipa has 30 seconds left.\n|\n|t:|1775947310\n|switch|p1a: Sinistcha|Sinistcha, L50|100/100\n|-heal|p1b: Corviknight|100/100|[from] ability: Hospitality|[of] p1a: Sinistcha\n|move|p2b: team gazze ladre|Taunt|p1a: Sinistcha\n|-start|p1a: Sinistcha|move: Taunt\n|move|p1b: Corviknight|Brave Bird|p2b: team gazze ladre\n|-resisted|p2b: team gazze ladre|1\n|-damage|p2b: team gazze ladre|0 fnt\n|faint|p2b: team gazze ladre\n|-damage|p1b: Corviknight|97/100|[from] Recoil\n|move|p2a: Gaychomp|Dragon Tail|p1a: Sinistcha\n|-damage|p1a: Sinistcha|65/100\n|drag|p1a: Garchomp|Garchomp, L50, F|100/100\n|\n|-heal|p1b: Corviknight|100/100|[from] item: Leftovers\n|-sideend|p2: Baupipa|Reflect\n|upkeep\n|\n|t:|1775947327\n|switch|p2b: ovetto di pasqua|Azumarill, L50, F, shiny|100/100\n|turn|7\n|inactive|Baupipa has 30 seconds left.\n|inactive|Baupipa has 20 seconds left.\n|inactive|Baupipa has 15 seconds left.\n|inactive|Baupipa has 10 seconds left.\n|inactive|Baupipa has 5 seconds left.\n|\n|t:|1775947382\n|move|p1a: Garchomp|Dragon Claw|p2a: Gaychomp\n|-supereffective|p2a: Gaychomp|1\n|-damage|p2a: Gaychomp|41/100\n|move|p2a: Gaychomp|Sandstorm|p2a: Gaychomp\n|-weather|Sandstorm\n|move|p1b: Corviknight|Iron Head|p2b: ovetto di pasqua\n|-crit|p2b: ovetto di pasqua\n|-damage|p2b: ovetto di pasqua|58/100\n|move|p2b: ovetto di pasqua|Surf|p1b: Corviknight|[spread] p2a,p1a,p1b\n|-damage|p2a: Gaychomp|22/100\n|-damage|p1a: Garchomp|78/100\n|-damage|p1b: Corviknight|80/100\n|\n|-weather|Sandstorm|[upkeep]\n|-damage|p2b: ovetto di pasqua|52/100|[from] Sandstorm\n|-heal|p1b: Corviknight|85/100|[from] item: Leftovers\n|-heal|p2b: ovetto di pasqua|58/100|[from] item: Leftovers\n|-end|p1b: Corviknight|move: Taunt\n|upkeep\n|turn|8\n|c|\u2606Baupipa|nooooo era scaudto il tempo\n|c|\u2606Baupipa|non avevo scelto\n|c|\u2606Kiryuri|Surf su azumarill\n|c|\u2606Kiryuri|Sandstorm\n|inactive|Kiryuri has 30 seconds left.\n|inactive|Baupipa has 30 seconds left.\n|c|\u2606Kiryuri|Elle ma che ca\n|c|\u2606Baupipa|colpa del timer\n|inactive|Kiryuri has 20 seconds left.\n|inactive|Baupipa has 20 seconds left.\n|inactive|Baupipa has 15 seconds left.\n|c|\u2606Baupipa|toglilo dai \u00e0\n|inactive|Baupipa has 10 seconds left.\n|inactive|Baupipa has 5 seconds left.\n|\n|t:|1775947433\n|move|p1a: Garchomp|Earthquake|p2b: ovetto di pasqua|[spread] p2a,p2b\n|-immune|p1b: Corviknight\n|-crit|p2b: ovetto di pasqua\n|-damage|p2a: Gaychomp|0 fnt\n|-damage|p2b: ovetto di pasqua|2/100\n|faint|p2a: Gaychomp\n|move|p1b: Corviknight|Iron Head|p2b: ovetto di pasqua\n|-damage|p2b: ovetto di pasqua|0 fnt\n|faint|p2b: ovetto di pasqua\n|\n|win|Kiryuri\n|c|\u2606Kiryuri|nono il problema \u00e8 che le mosse le abbiano e basta\n|c|\u2606Kiryuri|cio\u00e8\n|c|\u2606Kiryuri|surg\n|c|\u2606Kiryuri|su huge power azumaril\n|c|\u2606Kiryuri|quel coso \u00e8 un attaccante fisico enorme\n|c|\u2606Baupipa|non sai com'\u00e8 buildato non ho avuto tempo\n|l|\u2606Baupipa\n|player|p2|\n|l|\u2606Kiryuri\n|player|p1|\n|j|\u2606Kiryuri\n|player|p1|Kiryuri|acetrainerf|\n",
  "uploadtime": 1775947804,
  "views": 18,
  "formatid": "gen9championsvgc2026regma",
  "rating": null,
  "private": 0,
  "password": null
}