{
  "id": "gen9championsvgc2026regma-2580926945",
  "format": "[Gen 9 Champions] VGC 2026 Reg M-A",
  "players": [
    "Pink(Almast Red)",
    "marioman6444"
  ],
  "log": "|j|\u2606Pink(Almast Red)\n|j|\u2606marioman6444\n|t:|1775943987\n|gametype|doubles\n|player|p1|Pink(Almast Red)|giovanni|1000\n|player|p2|marioman6444|hoopster|1000\n|gen|9\n|tier|[Gen 9 Champions] VGC 2026 Reg M-A\n|rated|\n|rule|Species Clause: Limit one of each Pok\u00e9mon\n|rule|Item Clause: Limit 1 of each item\n|clearpoke\n|poke|p1|Lucario, L50, F|\n|poke|p1|Whimsicott, L50, M|\n|poke|p1|Maushold-Four, L50|\n|poke|p1|Incineroar, L50, M|\n|poke|p1|Rotom-Wash, L50|\n|poke|p1|Garchomp, L50, M|\n|poke|p2|Slowbro, L50, M|\n|poke|p2|Pikachu, L50, F|\n|poke|p2|Oranguru, L50, M|\n|poke|p2|Sinistcha, L50|\n|poke|p2|Sableye, L50, M|\n|poke|p2|Crabominable, L50, F|\n|teampreview|4\n|inactive|Battle timer is ON: inactive players will automatically lose when time's up. (requested by marioman6444)\n|inactive|Pink(Almast Red) also wants the timer to be on.\n|inactive|marioman6444 has 60 seconds left.\n|inactive|marioman6444 has 30 seconds left.\n|inactive|marioman6444 has 20 seconds left.\n|inactive|marioman6444 has 15 seconds left.\n|inactive|marioman6444 has 10 seconds left.\n|\n|t:|1775944072\n|teamsize|p1|4\n|teamsize|p2|4\n|start\n|switch|p1a: Lucario|Lucario, L50, F|100/100\n|switch|p1b: Whimsicott|Whimsicott, L50, M|100/100\n|switch|p2a: Slowbro|Slowbro, L50, M|100/100\n|switch|p2b: Oranguru|Oranguru, L50, M, shiny|100/100\n|turn|1\n|\n|t:|1775944096\n|detailschange|p1a: Lucario|Lucario-Mega, L50, F\n|-mega|p1a: Lucario|Lucario|Lucarionite\n|detailschange|p2a: Slowbro|Slowbro-Mega, L50, M\n|-mega|p2a: Slowbro|Slowbro|Slowbronite\n|move|p1b: Whimsicott|Light Screen|p1b: Whimsicott\n|-sidestart|p1: Pink(Almast Red)|move: Light Screen\n|move|p1a: Lucario|Swords Dance|p1a: Lucario\n|-boost|p1a: Lucario|atk|2\n|move|p2a: Slowbro|Body Press|p1a: Lucario\n|-supereffective|p1a: Lucario|1\n|-damage|p1a: Lucario|12/100\n|move|p2b: Oranguru|Trick Room|p2b: Oranguru\n|-fieldstart|move: Trick Room|[of] p2b: Oranguru\n|\n|upkeep\n|turn|2\n|inactive|Pink(Almast Red) has 30 seconds left.\n|inactive|marioman6444 has 30 seconds left.\n|inactive|Pink(Almast Red) has 20 seconds left.\n|inactive|Pink(Almast Red) has 15 seconds left.\n|inactive|Pink(Almast Red) has 10 seconds left.\n|\n|t:|1775944143\n|move|p1b: Whimsicott|Encore|p2b: Oranguru\n|-start|p2b: Oranguru|Encore\n|move|p2a: Slowbro|Iron Defense|p2a: Slowbro\n|-boost|p2a: Slowbro|def|2\n|move|p1a: Lucario|Close Combat|p2a: Slowbro\n|-resisted|p2a: Slowbro|1\n|-damage|p2a: Slowbro|79/100\n|-unboost|p1a: Lucario|def|1\n|-unboost|p1a: Lucario|spd|1\n|move|p2b: Oranguru|Trick Room|p2b: Oranguru\n|-fieldend|move: Trick Room\n|\n|upkeep\n|turn|3\n|\n|t:|1775944167\n|switch|p2a: Sinistcha|Sinistcha, L50|100/100\n|move|p1b: Whimsicott|Encore||[still]\n|-fail|p1b: Whimsicott\n|move|p1a: Lucario|Swords Dance|p1a: Lucario\n|-boost|p1a: Lucario|atk|2\n|move|p2b: Oranguru|Trick Room|p2b: Oranguru\n|-fieldstart|move: Trick Room|[of] p2b: Oranguru\n|\n|upkeep\n|turn|4\n|\n|t:|1775944191\n|switch|p2b: Pikachu|Pikachu, L50, F|100/100\n|move|p1a: Lucario|Protect|p1a: Lucario\n|-singleturn|p1a: Lucario|Protect\n|move|p1b: Whimsicott|Tailwind|p1b: Whimsicott\n|-sidestart|p1: Pink(Almast Red)|move: Tailwind\n|move|p2a: Sinistcha|Matcha Gotcha|p1a: Lucario|[spread] p1b\n|-activate|p1a: Lucario|move: Protect\n|-resisted|p1b: Whimsicott|1\n|-damage|p1b: Whimsicott|88/100\n|-status|p1b: Whimsicott|brn\n|\n|-damage|p1b: Whimsicott|82/100 brn|[from] brn\n|upkeep\n|turn|5\n|inactive|Pink(Almast Red) has 30 seconds left.\n|\n|t:|1775944226\n|move|p1a: Lucario|Bullet Punch|p2a: Sinistcha\n|-damage|p2a: Sinistcha|39/100\n|move|p2a: Sinistcha|Matcha Gotcha|p1a: Lucario|[spread] p1a,p1b\n|-resisted|p1a: Lucario|1\n|-resisted|p1b: Whimsicott|1\n|-damage|p1a: Lucario|0 fnt\n|-heal|p2a: Sinistcha|44/100|[from] drain|[of] p1a: Lucario\n|-damage|p1b: Whimsicott|69/100 brn\n|-heal|p2a: Sinistcha|49/100|[from] drain|[of] p1b: Whimsicott\n|faint|p1a: Lucario\n|move|p2b: Pikachu|Iron Tail|p1b: Whimsicott\n|-supereffective|p1b: Whimsicott|1\n|-damage|p1b: Whimsicott|0 fnt\n|faint|p1b: Whimsicott\n|\n|-sideend|p1: Pink(Almast Red)|move: Light Screen\n|upkeep\n|-message|Pink(Almast Red) forfeited.\n|\n|win|marioman6444\n|raw|Pink(Almast Red)'s rating: 1000 &rarr; <strong>1000</strong><br />(+0 for losing)\n|raw|marioman6444's rating: 1000 &rarr; <strong>1040</strong><br />(+40 for winning)\n|l|\u2606Pink(Almast Red)\n|player|p1|\n",
  "uploadtime": 1775944248,
  "views": 11,
  "formatid": "gen9championsvgc2026regma",
  "rating": 1000,
  "private": 0,
  "password": null
}