{
  "id": "gen9championsvgc2026regma-2581320242",
  "format": "[Gen 9 Champions] VGC 2026 Reg M-A",
  "players": [
    "Golurk365",
    "maimon32"
  ],
  "log": "|j|\u2606Golurk365\n|j|\u2606maimon32\n|t:|1775986197\n|gametype|doubles\n|player|p1|Golurk365|hugh|1121\n|player|p2|maimon32|2|1193\n|gen|9\n|tier|[Gen 9 Champions] VGC 2026 Reg M-A\n|rated|\n|rule|Species Clause: Limit one of each Pok\u00e9mon\n|rule|Item Clause: Limit 1 of each item\n|clearpoke\n|poke|p1|Golurk, L50|\n|poke|p1|Farigiraf, L50, M|\n|poke|p1|Incineroar, L50, M|\n|poke|p1|Clefable, L50, F|\n|poke|p1|Tyranitar, L50, F|\n|poke|p1|Arcanine-Hisui, L50, F|\n|poke|p2|Arcanine, L50, M|\n|poke|p2|Rotom-Wash, L50|\n|poke|p2|Garchomp, L50, M|\n|poke|p2|Gardevoir, L50, F|\n|poke|p2|Tyranitar, L50, F|\n|poke|p2|Corviknight, L50, F|\n|teampreview|4\n|inactive|Battle timer is ON: inactive players will automatically lose when time's up. (requested by Golurk365)\n|\n|t:|1775986221\n|teamsize|p1|4\n|teamsize|p2|4\n|start\n|switch|p1a: Farigiraf|Farigiraf, L50, M|100/100\n|switch|p1b: Incineroar|Incineroar, L50, M|100/100\n|switch|p2a: Arcanine|Arcanine, L50, M|100/100\n|switch|p2b: Gardevoir|Gardevoir, L50, F|100/100\n|-ability|p2a: Arcanine|Intimidate|boost\n|-unboost|p1a: Farigiraf|atk|1\n|-unboost|p1b: Incineroar|atk|1\n|-ability|p1b: Incineroar|Intimidate|boost\n|-unboost|p2a: Arcanine|atk|1\n|-unboost|p2b: Gardevoir|atk|1\n|turn|1\n|\n|t:|1775986237\n|detailschange|p2b: Gardevoir|Gardevoir-Mega, L50, F\n|-mega|p2b: Gardevoir|Gardevoir|Gardevoirite\n|move|p2a: Arcanine|Snarl|p1b: Incineroar|[spread] p1a,p1b\n|-supereffective|p1a: Farigiraf|1\n|-resisted|p1b: Incineroar|1\n|-damage|p1a: Farigiraf|86/100\n|-damage|p1b: Incineroar|97/100\n|-unboost|p1a: Farigiraf|spa|1\n|-unboost|p1b: Incineroar|spa|1\n|move|p2b: Gardevoir|Hyper Voice|p1a: Farigiraf|[spread] p1a,p1b\n|-damage|p1a: Farigiraf|37/100\n|-damage|p1b: Incineroar|53/100\n|move|p1b: Incineroar|Parting Shot|p2b: Gardevoir\n|-unboost|p2b: Gardevoir|atk|1\n|-unboost|p2b: Gardevoir|spa|1\n|\n|t:|1775986251\n|switch|p1b: Golurk|Golurk, L50|100/100|[from] Parting Shot\n|move|p1a: Farigiraf|Trick Room|p1a: Farigiraf\n|-fieldstart|move: Trick Room|[of] p1a: Farigiraf\n|\n|-heal|p1a: Farigiraf|43/100|[from] item: Leftovers\n|upkeep\n|turn|2\n|\n|t:|1775986265\n|switch|p2b: Tyranitar|Tyranitar, L50, F|100/100\n|-weather|Sandstorm|[from] ability: Sand Stream|[of] p2b: Tyranitar\n|detailschange|p1b: Golurk|Golurk-Mega, L50\n|-mega|p1b: Golurk|Golurk|Golurkite\n|move|p1a: Farigiraf|Hyper Voice|p2a: Arcanine|[spread] p2a,p2b\n|-resisted|p2b: Tyranitar|1\n|-damage|p2a: Arcanine|79/100\n|-damage|p2b: Tyranitar|94/100\n|move|p1b: Golurk|Headlong Rush|p2b: Tyranitar\n|-supereffective|p2b: Tyranitar|1\n|-damage|p2b: Tyranitar|0 fnt\n|-unboost|p1b: Golurk|def|1\n|-unboost|p1b: Golurk|spd|1\n|faint|p2b: Tyranitar\n|move|p2a: Arcanine|Snarl|p1a: Farigiraf|[spread] p1a,p1b\n|-supereffective|p1a: Farigiraf|1\n|-supereffective|p1b: Golurk|1\n|-damage|p1a: Farigiraf|26/100\n|-damage|p1b: Golurk|77/100\n|-unboost|p1a: Farigiraf|spa|1\n|-unboost|p1b: Golurk|spa|1\n|\n|-weather|Sandstorm|[upkeep]\n|-damage|p1a: Farigiraf|20/100|[from] Sandstorm\n|-damage|p2a: Arcanine|73/100|[from] Sandstorm\n|-heal|p1a: Farigiraf|26/100|[from] item: Leftovers\n|upkeep\n|\n|t:|1775986268\n|switch|p2b: Gardevoir|Gardevoir-Mega, L50, F|100/100\n|turn|3\n|inactive|Golurk365 has 30 seconds left.\n|\n|t:|1775986294\n|move|p1a: Farigiraf|Hyper Voice|p2a: Arcanine|[spread] p2a,p2b\n|-damage|p2a: Arcanine|56/100\n|-damage|p2b: Gardevoir|87/100\n|move|p1b: Golurk|Headlong Rush|p2b: Gardevoir\n|-damage|p2b: Gardevoir|0 fnt\n|-unboost|p1b: Golurk|def|1\n|-unboost|p1b: Golurk|spd|1\n|faint|p2b: Gardevoir\n|move|p2a: Arcanine|Snarl|p1b: Golurk|[spread] p1a,p1b\n|-supereffective|p1a: Farigiraf|1\n|-supereffective|p1b: Golurk|1\n|-damage|p1a: Farigiraf|10/100\n|-damage|p1b: Golurk|46/100\n|-unboost|p1a: Farigiraf|spa|1\n|-unboost|p1b: Golurk|spa|1\n|\n|-weather|Sandstorm|[upkeep]\n|-damage|p1a: Farigiraf|4/100|[from] Sandstorm\n|-damage|p2a: Arcanine|50/100|[from] Sandstorm\n|-enditem|p2a: Arcanine|Sitrus Berry|[eat]\n|-heal|p2a: Arcanine|75/100|[from] item: Sitrus Berry\n|-heal|p1a: Farigiraf|10/100|[from] item: Leftovers\n|upkeep\n|\n|t:|1775986298\n|switch|p2b: Rotom|Rotom-Wash, L50|100/100\n|turn|4\n|\n|t:|1775986315\n|move|p1a: Farigiraf|Hyper Voice|p2a: Arcanine|[spread] p2a,p2b\n|-damage|p2a: Arcanine|62/100\n|-damage|p2b: Rotom|86/100\n|move|p1b: Golurk|Headlong Rush|p2a: Arcanine\n|-supereffective|p2a: Arcanine|1\n|-damage|p2a: Arcanine|0 fnt\n|-unboost|p1b: Golurk|def|1\n|-unboost|p1b: Golurk|spd|1\n|faint|p2a: Arcanine\n|move|p2b: Rotom|Thunderbolt|p1a: Farigiraf\n|-damage|p1a: Farigiraf|0 fnt\n|faint|p1a: Farigiraf\n|\n|-weather|Sandstorm|[upkeep]\n|-damage|p2b: Rotom|80/100|[from] Sandstorm\n|upkeep\n|\n|t:|1775986327\n|switch|p1a: Incineroar|Incineroar, L50, M|53/100\n|-ability|p1a: Incineroar|Intimidate|boost\n|-unboost|p2b: Rotom|atk|1\n|turn|5\n|\n|t:|1775986333\n|move|p1a: Incineroar|Fake Out|p2b: Rotom\n|-damage|p2b: Rotom|64/100\n|move|p1b: Golurk|Rock Slide|p2b: Rotom|[miss]\n|-miss|p1b: Golurk|p2b: Rotom\n|cant|p2b: Rotom|flinch\n|\n|-weather|Sandstorm|[upkeep]\n|-damage|p1a: Incineroar|47/100|[from] Sandstorm\n|-damage|p2b: Rotom|59/100|[from] Sandstorm\n|-fieldend|move: Trick Room\n|upkeep\n|turn|6\n|-message|maimon32 forfeited.\n|\n|win|Golurk365\n|raw|Golurk365's rating: 1121 &rarr; <strong>1151</strong><br />(+30 for winning)\n|raw|maimon32's rating: 1193 &rarr; <strong>1163</strong><br />(-30 for losing)\n|l|\u2606maimon32\n|player|p2|\n",
  "uploadtime": 1775986343,
  "views": 26,
  "formatid": "gen9championsvgc2026regma",
  "rating": 1151,
  "private": 0,
  "password": null
}