{
  "id": "gen9championsvgc2026regma-2588367917",
  "format": "[Gen 9 Champions] VGC 2026 Reg M-A",
  "players": [
    "sdlt 2krl coolguy",
    "Pedro_Gil_2502"
  ],
  "log": "|raw|<div class=\"broadcast-blue\"><strong>This battle is required to be public due to a player having a name starting with 'sdlt'.</div>\n|j|\u2606sdlt 2krl coolguy\n|j|\u2606Pedro_Gil_2502\n|t:|1776627681\n|gametype|doubles\n|player|p1|sdlt 2krl coolguy|leon-masters2|1383\n|player|p2|Pedro_Gil_2502|pokemonranger-gen4|1338\n|gen|9\n|tier|[Gen 9 Champions] VGC 2026 Reg M-A\n|rated|\n|rule|Species Clause: Limit one of each Pok\u00e9mon\n|rule|Item Clause: Limit 1 of each item\n|clearpoke\n|poke|p1|Floette-Eternal, L50, F|\n|poke|p1|Incineroar, L50, M|\n|poke|p1|Sinistcha, L50|\n|poke|p1|Garchomp, L50, F|\n|poke|p1|Sneasler, L50, M|\n|poke|p1|Kingambit, L50, M|\n|poke|p2|Sneasler, L50, M|\n|poke|p2|Basculegion, L50, M|\n|poke|p2|Aerodactyl, L50, M|\n|poke|p2|Milotic, L50, F|\n|poke|p2|Meganium, L50, M|\n|poke|p2|Incineroar, L50, M|\n|teampreview|4\n|inactive|Battle timer is ON: inactive players will automatically lose when time's up. (requested by Pedro_Gil_2502)\n|inactive|sdlt 2krl coolguy also wants the timer to be on.\n|inactive|sdlt 2krl coolguy has 60 seconds left.\n|\n|t:|1776627719\n|teamsize|p1|4\n|teamsize|p2|4\n|start\n|switch|p1a: Incineroar|Incineroar, L50, M|100/100\n|switch|p1b: Sinistcha|Sinistcha, L50|100/100\n|switch|p2a: Aerodactyl|Aerodactyl, L50, M|100/100\n|switch|p2b: Sneasler|Sneasler, L50, M|100/100\n|-ability|p2a: Aerodactyl|Unnerve\n|-ability|p1a: Incineroar|Intimidate|boost\n|-unboost|p2a: Aerodactyl|atk|1\n|-unboost|p2b: Sneasler|atk|1\n|turn|1\n|l|\u2606Pedro_Gil_2502\n|inactive|Pedro_Gil_2502 disconnected and has a minute to reconnect!\n|player|p2|\n|inactive|Pedro_Gil_2502 has 30 seconds left.\n|j|\u2606Pedro_Gil_2502\n|inactive|Pedro_Gil_2502 reconnected and has 30 seconds left.\n|player|p2|Pedro_Gil_2502|pokemonranger-gen4|\n|inactive|Pedro_Gil_2502 has 20 seconds left.\n|inactive|Pedro_Gil_2502 has 15 seconds left.\n|\n|t:|1776627762\n|move|p2b: Sneasler|Upper Hand|p1a: Incineroar\n|-supereffective|p1a: Incineroar|1\n|-damage|p1a: Incineroar|65/100\n|cant|p1a: Incineroar|flinch\n|move|p2a: Aerodactyl|Tailwind|p2a: Aerodactyl\n|-sidestart|p2: Pedro_Gil_2502|move: Tailwind\n|move|p1b: Sinistcha|Trick Room|p1b: Sinistcha\n|-fieldstart|move: Trick Room|[of] p1b: Sinistcha\n|\n|upkeep\n|turn|2\n|\n|t:|1776627779\n|switch|p1a: Garchomp|Garchomp, L50, F|100/100\n|move|p1b: Sinistcha|Matcha Gotcha|p2a: Aerodactyl|[spread] p2b\n|-miss|p1b: Sinistcha|p2a: Aerodactyl\n|-resisted|p2b: Sneasler|1\n|-damage|p2b: Sneasler|84/100\n|move|p2b: Sneasler|Fling|p1b: Sinistcha\n|-supereffective|p1b: Sinistcha|1\n|-damage|p1b: Sinistcha|86/100\n|-enditem|p2b: Sneasler|King's Rock|[from] move: Fling\n|move|p2a: Aerodactyl|Rock Slide|p1a: Garchomp|[spread] p1a,p1b\n|-resisted|p1a: Garchomp|1\n|-damage|p1a: Garchomp|92/100\n|-damage|p1b: Sinistcha|71/100\n|\n|upkeep\n|turn|3\n|\n|t:|1776627798\n|switch|p2b: Meganium|Meganium, L50, M|100/100\n|move|p1b: Sinistcha|Matcha Gotcha|p2b: Meganium|[spread] p2a,p2b\n|-resisted|p2b: Meganium|1\n|-damage|p2a: Aerodactyl|66/100\n|-heal|p1b: Sinistcha|86/100|[from] drain|[of] p2a: Aerodactyl\n|-damage|p2b: Meganium|90/100\n|-heal|p1b: Sinistcha|92/100|[from] drain|[of] p2b: Meganium\n|move|p1a: Garchomp|Stomping Tantrum|p2b: Meganium\n|-resisted|p2b: Meganium|1\n|-damage|p2b: Meganium|70/100\n|move|p2a: Aerodactyl|Dual Wingbeat|p1b: Sinistcha\n|-supereffective|p1b: Sinistcha|1\n|-damage|p1b: Sinistcha|71/100\n|-supereffective|p1b: Sinistcha|1\n|-damage|p1b: Sinistcha|47/100\n|-hitcount|p1b: Sinistcha|2\n|\n|upkeep\n|turn|4\n|\n|t:|1776627826\n|switch|p1b: Incineroar|Incineroar, L50, M|65/100\n|-ability|p1b: Incineroar|Intimidate|boost\n|-unboost|p2a: Aerodactyl|atk|1\n|-unboost|p2b: Meganium|atk|1\n|detailschange|p2b: Meganium|Meganium-Mega, L50, M\n|-mega|p2b: Meganium|Meganium|Meganiumite\n|move|p2a: Aerodactyl|Protect|p2a: Aerodactyl\n|-singleturn|p2a: Aerodactyl|Protect\n|move|p1a: Garchomp|Rock Slide|p2a: Aerodactyl|[spread] p2b\n|-activate|p2a: Aerodactyl|move: Protect\n|-damage|p2b: Meganium|53/100\n|move|p2b: Meganium|Dazzling Gleam|p1a: Garchomp|[spread] p1a,p1b\n|-supereffective|p1a: Garchomp|1\n|-damage|p1a: Garchomp|13/100\n|-damage|p1b: Incineroar|27/100\n|\n|-sideend|p2: Pedro_Gil_2502|move: Tailwind\n|upkeep\n|turn|5\n|\n|t:|1776627849\n|move|p1b: Incineroar|Flare Blitz|p2b: Meganium\n|-supereffective|p2b: Meganium|1\n|-damage|p2b: Meganium|0 fnt\n|faint|p2b: Meganium\n|-damage|p1b: Incineroar|11/100|[from] Recoil\n|move|p1a: Garchomp|Rock Slide|p2a: Aerodactyl|[miss]\n|-miss|p1a: Garchomp|p2a: Aerodactyl\n|move|p2a: Aerodactyl|Rock Slide|p1b: Incineroar|[spread] p1a,p1b\n|-resisted|p1a: Garchomp|1\n|-supereffective|p1b: Incineroar|1\n|-damage|p1a: Garchomp|6/100\n|-damage|p1b: Incineroar|0 fnt\n|faint|p1b: Incineroar\n|\n|-fieldend|move: Trick Room\n|upkeep\n|\n|t:|1776627859\n|switch|p2b: Basculegion|Basculegion, L50, M|100/100\n|switch|p1b: Sinistcha|Sinistcha, L50|47/100\n|-heal|p1a: Garchomp|31/100|[from] ability: Hospitality|[of] p1b: Sinistcha\n|turn|6\n|\n|t:|1776627880\n|move|p2a: Aerodactyl|Rock Slide|p1b: Sinistcha|[spread] p1a,p1b\n|-resisted|p1a: Garchomp|1\n|-damage|p1a: Garchomp|24/100\n|-damage|p1b: Sinistcha|36/100\n|move|p2b: Basculegion|Last Respects|p1b: Sinistcha\n|-supereffective|p1b: Sinistcha|1\n|-damage|p1b: Sinistcha|0 fnt\n|faint|p1b: Sinistcha\n|move|p1a: Garchomp|Rock Slide|p2a: Aerodactyl|[spread] p2a,p2b\n|-supereffective|p2a: Aerodactyl|1\n|-damage|p2a: Aerodactyl|0 fnt\n|-damage|p2b: Basculegion|75/100\n|faint|p2a: Aerodactyl\n|\n|upkeep\n|\n|t:|1776627890\n|switch|p2a: Sneasler|Sneasler, L50, M|84/100\n|switch|p1b: Floette|Floette-Eternal, L50, F|100/100\n|turn|7\n|\n|t:|1776627898\n|detailschange|p1b: Floette|Floette-Mega, L50, F\n|-mega|p1b: Floette|Floette|Floettite\n|-ability|p1b: Floette|Fairy Aura\n|move|p1a: Garchomp|Protect|p1a: Garchomp\n|-singleturn|p1a: Garchomp|Protect\n|move|p2b: Basculegion|Last Respects|p1b: Floette\n|-damage|p1b: Floette|4/100\n|move|p2a: Sneasler|Dire Claw|p1b: Floette\n|-supereffective|p1b: Floette|1\n|-damage|p1b: Floette|0 fnt\n|faint|p1b: Floette\n|\n|upkeep\n|turn|8\n|\n|t:|1776627909\n|move|p2b: Basculegion|Last Respects|p1a: Garchomp\n|-damage|p1a: Garchomp|0 fnt\n|faint|p1a: Garchomp\n|\n|win|Pedro_Gil_2502\n|raw|sdlt 2krl coolguy's rating: 1383 &rarr; <strong>1360</strong><br />(-23 for losing)\n|raw|Pedro_Gil_2502's rating: 1338 &rarr; <strong>1361</strong><br />(+23 for winning)\n",
  "uploadtime": 1776627909,
  "views": 12,
  "formatid": "gen9championsvgc2026regma",
  "rating": 1360,
  "private": 0,
  "password": null
}