{
  "id": "gen9championsvgc2026regma-2582186125",
  "format": "[Gen 9 Champions] VGC 2026 Reg M-A",
  "players": [
    "Geckalx120",
    "1#MiraidonHater"
  ],
  "log": "|j|\u2606Geckalx120\n|j|\u26061#MiraidonHater\n|t:|1776068843\n|gametype|doubles\n|player|p1|Geckalx120|steven|1140\n|player|p2|1#MiraidonHater|169|1175\n|gen|9\n|tier|[Gen 9 Champions] VGC 2026 Reg M-A\n|rated|\n|rule|Species Clause: Limit one of each Pok\u00e9mon\n|rule|Item Clause: Limit 1 of each item\n|clearpoke\n|poke|p1|Glimmora, L50, M|\n|poke|p1|Incineroar, L50, M|\n|poke|p1|Garchomp, L50, F|\n|poke|p1|Whimsicott, L50, F|\n|poke|p1|Milotic, L50, F|\n|poke|p1|Sinistcha, L50|\n|poke|p2|Kommo-o, L50, F|\n|poke|p2|Glimmora, L50, F|\n|poke|p2|Incineroar, L50, F|\n|poke|p2|Sinistcha, L50|\n|poke|p2|Palafin, L50, F|\n|poke|p2|Corviknight, L50, F|\n|teampreview|4\n|j| porygon-epilepz\n|\n|t:|1776068890\n|teamsize|p1|4\n|teamsize|p2|4\n|start\n|switch|p1a: Glimmora|Glimmora, L50, M, shiny|100/100\n|switch|p1b: Sinistcha|Sinistcha, L50|100/100\n|switch|p2a: Kommo-o|Kommo-o, L50, F|100/100\n|switch|p2b: Sinistcha|Sinistcha, L50|100/100\n|turn|1\n|\n|t:|1776068909\n|switch|p1b: Whimsicott|Whimsicott, L50, F|100/100\n|detailschange|p1a: Glimmora|Glimmora-Mega, L50, M, shiny\n|-mega|p1a: Glimmora|Glimmora|Glimmoranite\n|move|p1a: Glimmora|Sludge Bomb|p2b: Sinistcha\n|-damage|p2b: Sinistcha|13/100\n|-enditem|p2b: Sinistcha|Sitrus Berry|[eat]\n|-heal|p2b: Sinistcha|38/100|[from] item: Sitrus Berry\n|move|p2a: Kommo-o|Clangorous Soul|p2a: Kommo-o\n|-boost|p2a: Kommo-o|atk|1\n|-boost|p2a: Kommo-o|def|1\n|-boost|p2a: Kommo-o|spa|1\n|-boost|p2a: Kommo-o|spd|1\n|-boost|p2a: Kommo-o|spe|1\n|-damage|p2a: Kommo-o|68/100\n|move|p2b: Sinistcha|Life Dew|p2b: Sinistcha|[spread] p2a,p2b\n|-heal|p2a: Kommo-o|93/100\n|-heal|p2b: Sinistcha|63/100\n|\n|-heal|p2a: Kommo-o|99/100|[from] item: Leftovers\n|upkeep\n|turn|2\n|\n|t:|1776068944\n|switch|p2b: Incineroar|Incineroar, L50, F|100/100\n|-ability|p2b: Incineroar|Intimidate|boost\n|-unboost|p1a: Glimmora|atk|1\n|-unboost|p1b: Whimsicott|atk|1\n|move|p2a: Kommo-o|Protect|p2a: Kommo-o\n|-singleturn|p2a: Kommo-o|Protect\n|move|p1b: Whimsicott|Encore|p2a: Kommo-o\n|-activate|p2a: Kommo-o|move: Protect\n|move|p1a: Glimmora|Sludge Bomb|p2b: Incineroar\n|-damage|p2b: Incineroar|37/100\n|\n|-heal|p2a: Kommo-o|100/100|[from] item: Leftovers\n|upkeep\n|turn|3\n|\n|t:|1776068980\n|switch|p1b: Sinistcha|Sinistcha, L50|100/100\n|move|p1a: Glimmora|Spiky Shield|p1a: Glimmora\n|-singleturn|p1a: Glimmora|move: Protect\n|move|p2b: Incineroar|Fake Out|p1b: Sinistcha\n|-immune|p1b: Sinistcha\n|move|p2a: Kommo-o|Clanging Scales|p1b: Sinistcha|[spread] p1b\n|-activate|p1a: Glimmora|move: Protect\n|-damage|p1b: Sinistcha|44/100\n|-enditem|p1b: Sinistcha|Sitrus Berry|[eat]\n|-heal|p1b: Sinistcha|69/100|[from] item: Sitrus Berry\n|-unboost|p2a: Kommo-o|def|1\n|\n|upkeep\n|turn|4\n|\n|t:|1776069031\n|move|p1b: Sinistcha|Rage Powder|p1b: Sinistcha\n|-singleturn|p1b: Sinistcha|move: Rage Powder\n|move|p2a: Kommo-o|Clanging Scales|p1b: Sinistcha|[spread] p1a,p1b\n|-damage|p1a: Glimmora|42/100\n|-damage|p1b: Sinistcha|13/100\n|-unboost|p2a: Kommo-o|def|1\n|move|p1a: Glimmora|Sludge Bomb|p2a: Kommo-o\n|-damage|p2a: Kommo-o|52/100\n|-status|p2a: Kommo-o|psn\n|move|p2b: Incineroar|Flare Blitz|p1b: Sinistcha\n|-supereffective|p1b: Sinistcha|1\n|-damage|p1b: Sinistcha|0 fnt\n|faint|p1b: Sinistcha\n|-damage|p2b: Incineroar|34/100|[from] Recoil\n|\n|-heal|p2a: Kommo-o|58/100 psn|[from] item: Leftovers\n|-damage|p2a: Kommo-o|45/100 psn|[from] psn\n|upkeep\n|\n|t:|1776069053\n|switch|p1b: Incineroar|Incineroar, L50, M|100/100\n|-ability|p1b: Incineroar|Intimidate|boost\n|-unboost|p2a: Kommo-o|atk|1\n|-unboost|p2b: Incineroar|atk|1\n|turn|5\n|\n|t:|1776069061\n|switch|p2b: Sinistcha|Sinistcha, L50|63/100\n|-heal|p2a: Kommo-o|70/100 psn|[from] ability: Hospitality|[of] p2b: Sinistcha\n|move|p2a: Kommo-o|Protect|p2a: Kommo-o\n|-singleturn|p2a: Kommo-o|Protect\n|move|p1b: Incineroar|Fake Out|p2a: Kommo-o\n|-activate|p2a: Kommo-o|move: Protect\n|move|p1a: Glimmora|Power Gem|p2b: Sinistcha\n|-damage|p2b: Sinistcha|0 fnt\n|faint|p2b: Sinistcha\n|\n|-heal|p2a: Kommo-o|77/100 psn|[from] item: Leftovers\n|-damage|p2a: Kommo-o|64/100 psn|[from] psn\n|upkeep\n|\n|t:|1776069080\n|switch|p2b: Glimmora|Glimmora, L50, F|100/100\n|turn|6\n|\n|t:|1776069109\n|switch|p1b: Whimsicott|Whimsicott, L50, F|100/100\n|detailschange|p2b: Glimmora|Glimmora-Mega, L50, F\n|-mega|p2b: Glimmora|Glimmora|Glimmoranite\n|move|p2a: Kommo-o|Clanging Scales|p1b: Whimsicott|[spread] p1a\n|-immune|p1b: Whimsicott\n|-damage|p1a: Glimmora|0 fnt\n|faint|p1a: Glimmora\n|-unboost|p2a: Kommo-o|def|1\n|move|p2b: Glimmora|Power Gem|p1b: Whimsicott\n|-enditem|p1b: Whimsicott|Focus Sash\n|-damage|p1b: Whimsicott|1/100\n|\n|-heal|p2a: Kommo-o|70/100 psn|[from] item: Leftovers\n|-damage|p2a: Kommo-o|58/100 psn|[from] psn\n|upkeep\n|\n|t:|1776069124\n|switch|p1a: Incineroar|Incineroar, L50, M|100/100\n|-ability|p1a: Incineroar|Intimidate|boost\n|-unboost|p2a: Kommo-o|atk|1\n|-unboost|p2b: Glimmora|atk|1\n|turn|7\n|\n|t:|1776069159\n|move|p1a: Incineroar|Fake Out|p2b: Glimmora\n|-resisted|p2b: Glimmora|1\n|-damage|p2b: Glimmora|94/100\n|move|p1b: Whimsicott|Tailwind|p1b: Whimsicott\n|-sidestart|p1: Geckalx120|move: Tailwind\n|move|p2a: Kommo-o|Aura Sphere|p1a: Incineroar\n|-supereffective|p1a: Incineroar|1\n|-enditem|p1a: Incineroar|Chople Berry|[eat]\n|-enditem|p1a: Incineroar|Chople Berry|[weaken]\n|-damage|p1a: Incineroar|59/100\n|cant|p2b: Glimmora|flinch\n|\n|-heal|p2a: Kommo-o|64/100 psn|[from] item: Leftovers\n|-damage|p2a: Kommo-o|52/100 psn|[from] psn\n|upkeep\n|turn|8\n|\n|t:|1776069180\n|move|p1b: Whimsicott|Moonblast|p2b: Glimmora\n|-resisted|p2b: Glimmora|1\n|-damage|p2b: Glimmora|75/100\n|move|p2a: Kommo-o|Aura Sphere|p1a: Incineroar\n|-supereffective|p1a: Incineroar|1\n|-damage|p1a: Incineroar|0 fnt\n|faint|p1a: Incineroar\n|move|p2b: Glimmora|Power Gem|p1b: Whimsicott\n|-damage|p1b: Whimsicott|0 fnt\n|faint|p1b: Whimsicott\n|\n|win|1#MiraidonHater\n|raw|Geckalx120's rating: 1140 &rarr; <strong>1118</strong><br />(-22 for losing)\n|raw|1#MiraidonHater's rating: 1175 &rarr; <strong>1197</strong><br />(+22 for winning)\n|l|\u2606Geckalx120\n|player|p1|\n|l|\u26061#MiraidonHater\n|player|p2|\n",
  "uploadtime": 1776068866,
  "views": 33,
  "formatid": "gen9championsvgc2026regma",
  "rating": 1118,
  "private": 0,
  "password": null
}