{
  "id": "gen9championsvgc2026regma-2586068432",
  "format": "[Gen 9 Champions] VGC 2026 Reg M-A",
  "players": [
    "wepetmose",
    "garcompballsniff"
  ],
  "log": "|j|\u2606wepetmose\n|j|\u2606garcompballsniff\n|t:|1776395621\n|gametype|doubles\n|player|p1|wepetmose|red|1020\n|player|p2|garcompballsniff|2|1041\n|gen|9\n|tier|[Gen 9 Champions] VGC 2026 Reg M-A\n|rated|\n|rule|Species Clause: Limit one of each Pok\u00e9mon\n|rule|Item Clause: Limit 1 of each item\n|clearpoke\n|poke|p1|Aerodactyl, L50, M|\n|poke|p1|Basculegion, L50, M|\n|poke|p1|Floette-Eternal, L50, F|\n|poke|p1|Garchomp, L50, M|\n|poke|p1|Kingambit, L50, F|\n|poke|p1|Sneasler, L50, M|\n|poke|p2|Gengar, L50, F|\n|poke|p2|Maushold-Four, L50|\n|poke|p2|Floette-Eternal, L50, F|\n|poke|p2|Glimmora, L50, M|\n|poke|p2|Palafin, L50, F|\n|poke|p2|Sinistcha, L50|\n|teampreview|4\n|inactive|Battle timer is ON: inactive players will automatically lose when time's up. (requested by wepetmose)\n|\n|t:|1776395671\n|teamsize|p1|4\n|teamsize|p2|4\n|start\n|switch|p1a: Aerodactyl|Aerodactyl, L50, M, shiny|100/100\n|switch|p1b: Sneasler|Sneasler, L50, M, shiny|100/100\n|switch|p2a: Glimmora|Glimmora, L50, M|100/100\n|switch|p2b: Palafin|Palafin, L50, F|100/100\n|-ability|p1a: Aerodactyl|Unnerve\n|turn|1\n|inactive|wepetmose has 30 seconds left.\n|\n|t:|1776395699\n|move|p1b: Sneasler|Fake Out|p2b: Palafin\n|-damage|p2b: Palafin|81/100\n|move|p2a: Glimmora|Earth Power|p1b: Sneasler\n|-supereffective|p1b: Sneasler|1\n|-damage|p1b: Sneasler|15/100\n|-unboost|p1b: Sneasler|spd|1\n|-enditem|p1b: Sneasler|White Herb\n|-clearnegativeboost|p1b: Sneasler|[silent]\n|move|p1a: Aerodactyl|Tailwind|p1a: Aerodactyl\n|-sidestart|p1: wepetmose|move: Tailwind\n|cant|p2b: Palafin|flinch\n|\n|upkeep\n|turn|2\n|\n|t:|1776395721\n|switch|p2a: Sinistcha|Sinistcha, L50|100/100\n|-heal|p2b: Palafin|100/100|[from] ability: Hospitality|[of] p2a: Sinistcha\n|move|p2b: Palafin|Jet Punch|p1b: Sneasler\n|-damage|p1b: Sneasler|0 fnt\n|faint|p1b: Sneasler\n|move|p1a: Aerodactyl|Rock Slide|p2a: Sinistcha|[spread] p2b\n|-miss|p1a: Aerodactyl|p2a: Sinistcha\n|-damage|p2b: Palafin|70/100\n|\n|upkeep\n|\n|t:|1776395727\n|switch|p1b: Floette|Floette-Eternal, L50, F, shiny|100/100\n|turn|3\n|\n|t:|1776395738\n|move|p1a: Aerodactyl|Dual Wingbeat|p2a: Sinistcha\n|-supereffective|p2a: Sinistcha|1\n|-damage|p2a: Sinistcha|67/100\n|-supereffective|p2a: Sinistcha|1\n|-damage|p2a: Sinistcha|32/100\n|-hitcount|p2a: Sinistcha|2\n|move|p1b: Floette|Calm Mind|p1b: Floette\n|-boost|p1b: Floette|spa|1\n|-boost|p1b: Floette|spd|1\n|move|p2b: Palafin|Flip Turn|p1b: Floette\n|-damage|p1b: Floette|58/100\n|\n|t:|1776395749\n|detailschange|p2b: Palafin|Palafin-Hero, L50, F\n|switch|p2b: Floette|Floette-Eternal, L50, F|100/100|[from] Flip Turn\n|move|p2a: Sinistcha|Nasty Plot|p2a: Sinistcha\n|-boost|p2a: Sinistcha|spa|2\n|\n|upkeep\n|turn|4\n|\n|t:|1776395763\n|detailschange|p2b: Floette|Floette-Mega, L50, F\n|-mega|p2b: Floette|Floette|Floettite\n|-ability|p2b: Floette|Fairy Aura\n|move|p2b: Floette|Protect|p2b: Floette\n|-singleturn|p2b: Floette|Protect\n|move|p2a: Sinistcha|Protect|p2a: Sinistcha\n|-singleturn|p2a: Sinistcha|Protect\n|move|p1a: Aerodactyl|Dual Wingbeat|p2a: Sinistcha\n|-activate|p2a: Sinistcha|move: Protect\n|move|p1b: Floette|Draining Kiss|p2a: Sinistcha\n|-activate|p2a: Sinistcha|move: Protect\n|\n|-sideend|p1: wepetmose|move: Tailwind\n|upkeep\n|turn|5\n|\n|t:|1776395776\n|move|p1a: Aerodactyl|Dual Wingbeat|p2a: Sinistcha\n|-supereffective|p2a: Sinistcha|1\n|-damage|p2a: Sinistcha|0 fnt\n|faint|p2a: Sinistcha\n|-hitcount|p2: Sinistcha|1\n|move|p2b: Floette|Calm Mind|p2b: Floette\n|-boost|p2b: Floette|spa|1\n|-boost|p2b: Floette|spd|1\n|move|p1b: Floette|Draining Kiss|p2b: Floette\n|-damage|p2b: Floette|73/100\n|-heal|p1b: Floette|79/100|[from] drain|[of] p2b: Floette\n|\n|upkeep\n|\n|t:|1776395780\n|switch|p2a: Palafin|Palafin-Hero, L50, F|70/100\n|-activate|p2a: Palafin|ability: Zero to Hero\n|turn|6\n|\n|t:|1776395804\n|move|p1a: Aerodactyl|Rock Slide|p2a: Palafin|[spread] p2a,p2b\n|-damage|p2a: Palafin|42/100\n|-damage|p2b: Floette|41/100\n|cant|p2b: Floette|flinch\n|move|p2a: Palafin|Wave Crash|p1b: Floette\n|-damage|p1b: Floette|0 fnt\n|faint|p1b: Floette\n|-damage|p2a: Palafin|20/100|[from] Recoil\n|\n|upkeep\n|\n|t:|1776395817\n|switch|p1b: Kingambit|Kingambit, L50, F, shiny|100/100\n|turn|7\n|\n|t:|1776395829\n|switch|p2a: Glimmora|Glimmora, L50, M|100/100\n|move|p1b: Kingambit|Sucker Punch||[still]\n|-fail|p1b: Kingambit\n|move|p1a: Aerodactyl|Rock Slide|p2a: Glimmora|[spread] p2a\n|-miss|p1a: Aerodactyl|p2b: Floette\n|-damage|p2a: Glimmora|67/100\n|-activate|p2a: Glimmora|ability: Toxic Debris\n|-sidestart|p1: wepetmose|move: Toxic Spikes\n|move|p2b: Floette|Moonblast|p1a: Aerodactyl\n|-enditem|p1a: Aerodactyl|Focus Sash\n|-damage|p1a: Aerodactyl|1/100\n|\n|upkeep\n|turn|8\n|\n|t:|1776395842\n|move|p2a: Glimmora|Power Gem|p1a: Aerodactyl\n|-supereffective|p1a: Aerodactyl|1\n|-damage|p1a: Aerodactyl|0 fnt\n|faint|p1a: Aerodactyl\n|move|p2b: Floette|Draining Kiss|p1b: Kingambit\n|-damage|p1b: Kingambit|39/100\n|-heal|p2b: Floette|100/100|[from] drain|[of] p1b: Kingambit\n|move|p1b: Kingambit|Iron Head|p2a: Glimmora\n|-supereffective|p2a: Glimmora|1\n|-damage|p2a: Glimmora|0 fnt\n|-activate|p2a: Glimmora|ability: Toxic Debris\n|-sidestart|p1: wepetmose|move: Toxic Spikes\n|faint|p2a: Glimmora\n|\n|upkeep\n|\n|t:|1776395847\n|switch|p2a: Palafin|Palafin-Hero, L50, F|20/100\n|turn|9\n|\n|t:|1776395860\n|move|p1b: Kingambit|Protect|p1b: Kingambit\n|-singleturn|p1b: Kingambit|Protect\n|move|p2a: Palafin|Jet Punch|p1b: Kingambit\n|-activate|p1b: Kingambit|move: Protect\n|move|p2b: Floette|Moonblast|p1b: Kingambit\n|-activate|p1b: Kingambit|move: Protect\n|\n|upkeep\n|turn|10\n|\n|t:|1776395871\n|move|p1b: Kingambit|Sucker Punch|p2a: Palafin\n|-damage|p2a: Palafin|0 fnt\n|faint|p2a: Palafin\n|move|p2b: Floette|Moonblast|p1b: Kingambit\n|-damage|p1b: Kingambit|0 fnt\n|faint|p1b: Kingambit\n|\n|win|garcompballsniff\n|raw|wepetmose's rating: 1020 &rarr; <strong>1008</strong><br />(-12 for losing)\n|raw|garcompballsniff's rating: 1041 &rarr; <strong>1073</strong><br />(+32 for winning)\n|l|\u2606wepetmose\n|player|p1|\n",
  "uploadtime": 1776395887,
  "views": 23,
  "formatid": "gen9championsvgc2026regma",
  "rating": 1008,
  "private": 0,
  "password": null
}