{
  "id": "gen9championsvgc2026regma-2583130054",
  "format": "[Gen 9 Champions] VGC 2026 Reg M-A",
  "players": [
    "zigmax",
    "jedib0b"
  ],
  "log": "|j|\u2606zigmax\n|j|\u2606jedib0b\n|t:|1776145619\n|gametype|doubles\n|player|p1|zigmax|169|1110\n|player|p2|jedib0b|iris-gen5bw2|1103\n|gen|9\n|tier|[Gen 9 Champions] VGC 2026 Reg M-A\n|rated|\n|rule|Species Clause: Limit one of each Pok\u00e9mon\n|rule|Item Clause: Limit 1 of each item\n|clearpoke\n|poke|p1|Vaporeon, L50, M|\n|poke|p1|Incineroar, L50, F|\n|poke|p1|Floette-Eternal, L50, F|\n|poke|p1|Sinistcha, L50|\n|poke|p1|Excadrill, L50, M|\n|poke|p1|Sneasler, L50, M|\n|poke|p2|Hawlucha, L50, F|\n|poke|p2|Snorlax, L50, F|\n|poke|p2|Incineroar, L50, F|\n|poke|p2|Farigiraf, L50, M|\n|poke|p2|Torkoal, L50, F|\n|poke|p2|Sinistcha, L50|\n|teampreview|4\n|c|\u2606zigmax|oh god\n|\n|t:|1776145679\n|teamsize|p1|4\n|teamsize|p2|4\n|start\n|switch|p1a: Sinistcha|Sinistcha, L50|100/100\n|switch|p1b: Floette|Floette-Eternal, L50, F|100/100\n|switch|p2a: Hawlucha|Hawlucha, L50, F|100/100\n|switch|p2b: Snorlax|Snorlax, L50, F|100/100\n|turn|1\n|\n|t:|1776145696\n|detailschange|p2a: Hawlucha|Hawlucha-Mega, L50, F\n|-mega|p2a: Hawlucha|Hawlucha|Hawluchanite\n|detailschange|p1b: Floette|Floette-Mega, L50, F\n|-mega|p1b: Floette|Floette|Floettite\n|-ability|p1b: Floette|Fairy Aura\n|move|p1a: Sinistcha|Rage Powder|p1a: Sinistcha\n|-singleturn|p1a: Sinistcha|move: Rage Powder\n|move|p2a: Hawlucha|Entrainment|p1a: Sinistcha\n|-ability|p1a: Sinistcha|No Guard|Hospitality|[from] move: Entrainment|[of] p2a: Hawlucha\n|move|p1b: Floette|Moonblast|p2a: Hawlucha\n|-supereffective|p2a: Hawlucha|1\n|-crit|p2a: Hawlucha\n|-damage|p2a: Hawlucha|0 fnt\n|faint|p2a: Hawlucha\n|move|p2b: Snorlax|Fissure|p1a: Sinistcha\n|-damage|p1a: Sinistcha|0 fnt\n|faint|p1a: Sinistcha\n|-ohko\n|\n|upkeep\n|c|\u2606jedib0b|lmao\n|c|\u2606zigmax|:p\n|\n|t:|1776145719\n|switch|p2a: Incineroar|Incineroar, L50, F|100/100\n|switch|p1a: Incineroar|Incineroar, L50, F|100/100\n|-ability|p1a: Incineroar|Intimidate|boost\n|-unboost|p2a: Incineroar|atk|1\n|-unboost|p2b: Snorlax|atk|1\n|-ability|p2a: Incineroar|Intimidate|boost\n|-unboost|p1a: Incineroar|atk|1\n|-unboost|p1b: Floette|atk|1\n|turn|2\n|\n|t:|1776145762\n|move|p1a: Incineroar|Fake Out|p2a: Incineroar\n|-damage|p2a: Incineroar|95/100\n|cant|p2a: Incineroar|flinch\n|move|p1b: Floette|Dazzling Gleam|p2a: Incineroar|[spread] p2a,p2b\n|-damage|p2a: Incineroar|62/100\n|-damage|p2b: Snorlax|77/100\n|move|p2b: Snorlax|Double-Edge|p1b: Floette\n|-damage|p1b: Floette|70/100\n|-damage|p2b: Snorlax|70/100|[from] Recoil\n|\n|upkeep\n|turn|3\n|\n|t:|1776145790\n|move|p1b: Floette|Moonblast|p2a: Incineroar\n|-damage|p2a: Incineroar|13/100\n|move|p1a: Incineroar|Parting Shot|p2b: Snorlax\n|-unboost|p2b: Snorlax|atk|1\n|-unboost|p2b: Snorlax|spa|1\n|\n|t:|1776145796\n|switch|p1a: Vaporeon|Vaporeon, L50, M|100/100|[from] Parting Shot\n|move|p2a: Incineroar|Parting Shot|p1b: Floette\n|-unboost|p1b: Floette|atk|1\n|-unboost|p1b: Floette|spa|1\n|\n|t:|1776145802\n|switch|p2a: Sinistcha|Sinistcha, L50|100/100|[from] Parting Shot\n|-heal|p2b: Snorlax|95/100|[from] ability: Hospitality|[of] p2a: Sinistcha\n|move|p2b: Snorlax|Fissure|p1b: Floette|[miss]\n|-miss|p2b: Snorlax|p1b: Floette\n|\n|upkeep\n|turn|4\n|\n|t:|1776145821\n|switch|p1b: Incineroar|Incineroar, L50, F|100/100\n|-ability|p1b: Incineroar|Intimidate|boost\n|-unboost|p2a: Sinistcha|atk|1\n|-unboost|p2b: Snorlax|atk|1\n|move|p2a: Sinistcha|Matcha Gotcha|p1b: Incineroar|[spread] p1a,p1b\n|-supereffective|p1a: Vaporeon|1\n|-resisted|p1b: Incineroar|1\n|-damage|p1a: Vaporeon|64/100\n|-damage|p1b: Incineroar|90/100\n|move|p1a: Vaporeon|Substitute|p1a: Vaporeon\n|-start|p1a: Vaporeon|Substitute\n|-damage|p1a: Vaporeon|39/100\n|move|p2b: Snorlax|Fissure|p1b: Incineroar\n|-damage|p1b: Incineroar|0 fnt\n|faint|p1b: Incineroar\n|-ohko\n|\n|-heal|p1a: Vaporeon|45/100|[from] item: Leftovers\n|upkeep\n|\n|t:|1776145833\n|switch|p1b: Floette|Floette-Mega, L50, F|70/100\n|-ability|p1b: Floette|Fairy Aura\n|turn|5\n|\n|t:|1776145870\n|switch|p2a: Incineroar|Incineroar, L50, F|13/100\n|-ability|p2a: Incineroar|Intimidate|boost\n|-immune|p1a: Vaporeon\n|-unboost|p1b: Floette|atk|1\n|move|p1b: Floette|Calm Mind|p1b: Floette\n|-boost|p1b: Floette|spa|1\n|-boost|p1b: Floette|spd|1\n|move|p1a: Vaporeon|Calm Mind|p1a: Vaporeon\n|-boost|p1a: Vaporeon|spa|1\n|-boost|p1a: Vaporeon|spd|1\n|move|p2b: Snorlax|Fissure|p1b: Floette|[miss]\n|-miss|p2b: Snorlax|p1b: Floette\n|\n|-heal|p1a: Vaporeon|51/100|[from] item: Leftovers\n|upkeep\n|turn|6\n|\n|t:|1776145887\n|move|p1b: Floette|Protect|p1b: Floette\n|-singleturn|p1b: Floette|Protect\n|move|p2a: Incineroar|Fake Out|p1b: Floette\n|-activate|p1b: Floette|move: Protect\n|move|p1a: Vaporeon|Scald|p2b: Snorlax\n|-damage|p2b: Snorlax|69/100\n|move|p2b: Snorlax|Fissure|p1b: Floette\n|-activate|p1b: Floette|move: Protect\n|\n|-heal|p1a: Vaporeon|57/100|[from] item: Leftovers\n|upkeep\n|turn|7\n|\n|t:|1776145911\n|move|p1b: Floette|Moonblast|p2b: Snorlax\n|-damage|p2b: Snorlax|7/100\n|-enditem|p2b: Snorlax|Sitrus Berry|[eat]\n|-heal|p2b: Snorlax|32/100|[from] item: Sitrus Berry\n|move|p1a: Vaporeon|Scald|p2b: Snorlax\n|-damage|p2b: Snorlax|3/100\n|-status|p2b: Snorlax|brn\n|move|p2a: Incineroar|Flare Blitz|p1a: Vaporeon\n|-resisted|p1a: Vaporeon|1\n|-activate|p1a: Vaporeon|move: Substitute|[damage]\n|-damage|p2a: Incineroar|7/100|[from] Recoil|[of] p1a: Vaporeon\n|move|p2b: Snorlax|Fissure|p1b: Floette\n|-damage|p1b: Floette|0 fnt\n|faint|p1b: Floette\n|-ohko\n|\n|-heal|p1a: Vaporeon|63/100|[from] item: Leftovers\n|-damage|p2b: Snorlax|0 fnt|[from] brn\n|faint|p2b: Snorlax\n|upkeep\n|c|\u2606zigmax|bruh\n|\n|t:|1776145929\n|switch|p2b: Sinistcha|Sinistcha, L50|100/100\n|-heal|p2a: Incineroar|32/100|[from] ability: Hospitality|[of] p2b: Sinistcha\n|turn|8\n|\n|t:|1776145938\n|move|p2b: Sinistcha|Matcha Gotcha|p1a: Vaporeon\n|-supereffective|p1a: Vaporeon|1\n|-end|p1a: Vaporeon|Substitute\n|move|p1a: Vaporeon|Calm Mind|p1a: Vaporeon\n|-boost|p1a: Vaporeon|spa|1\n|-boost|p1a: Vaporeon|spd|1\n|move|p2a: Incineroar|Parting Shot|p1a: Vaporeon\n|-unboost|p1a: Vaporeon|atk|1\n|-unboost|p1a: Vaporeon|spa|1\n|\n|-heal|p1a: Vaporeon|69/100|[from] item: Leftovers\n|upkeep\n|turn|9\n|\n|t:|1776145952\n|move|p2b: Sinistcha|Matcha Gotcha|p1a: Vaporeon\n|-supereffective|p1a: Vaporeon|1\n|-damage|p1a: Vaporeon|43/100\n|move|p1a: Vaporeon|Scald|p2b: Sinistcha\n|-resisted|p2b: Sinistcha|1\n|-damage|p2b: Sinistcha|78/100\n|move|p2a: Incineroar|Parting Shot|p1a: Vaporeon\n|-unboost|p1a: Vaporeon|atk|1\n|-unboost|p1a: Vaporeon|spa|1\n|\n|-heal|p1a: Vaporeon|49/100|[from] item: Leftovers\n|upkeep\n|turn|10\n|\n|t:|1776145964\n|move|p2b: Sinistcha|Matcha Gotcha|p1a: Vaporeon\n|-supereffective|p1a: Vaporeon|1\n|-damage|p1a: Vaporeon|20/100\n|-heal|p2b: Sinistcha|97/100|[from] drain|[of] p1a: Vaporeon\n|move|p1a: Vaporeon|Scald|p2a: Incineroar\n|-supereffective|p2a: Incineroar|1\n|-damage|p2a: Incineroar|0 fnt\n|faint|p2a: Incineroar\n|\n|-heal|p1a: Vaporeon|26/100|[from] item: Leftovers\n|upkeep\n|turn|11\n|\n|t:|1776145976\n|move|p1a: Vaporeon|Protect|p1a: Vaporeon\n|-singleturn|p1a: Vaporeon|Protect\n|move|p2b: Sinistcha|Matcha Gotcha|p1a: Vaporeon\n|-activate|p1a: Vaporeon|move: Protect\n|\n|-heal|p1a: Vaporeon|32/100|[from] item: Leftovers\n|upkeep\n|turn|12\n|\n|t:|1776145983\n|move|p2b: Sinistcha|Matcha Gotcha|p1a: Vaporeon\n|-supereffective|p1a: Vaporeon|1\n|-damage|p1a: Vaporeon|4/100\n|-heal|p2b: Sinistcha|100/100|[from] drain|[of] p1a: Vaporeon\n|move|p1a: Vaporeon|Scald|p2b: Sinistcha\n|-resisted|p2b: Sinistcha|1\n|-damage|p2b: Sinistcha|86/100\n|\n|-heal|p1a: Vaporeon|10/100|[from] item: Leftovers\n|upkeep\n|turn|13\n|\n|t:|1776145990\n|move|p2b: Sinistcha|Matcha Gotcha|p1a: Vaporeon\n|-supereffective|p1a: Vaporeon|1\n|-damage|p1a: Vaporeon|0 fnt\n|-heal|p2b: Sinistcha|92/100|[from] drain|[of] p1a: Vaporeon\n|faint|p1a: Vaporeon\n|\n|win|jedib0b\n|raw|zigmax's rating: 1110 &rarr; <strong>1084</strong><br />(-26 for losing)\n|raw|jedib0b's rating: 1103 &rarr; <strong>1129</strong><br />(+26 for winning)\n",
  "uploadtime": 1776146171,
  "views": 19,
  "formatid": "gen9championsvgc2026regma",
  "rating": 1084,
  "private": 0,
  "password": null
}