{
  "id": "gen9championsvgc2026regma-2580599757",
  "format": "[Gen 9 Champions] VGC 2026 Reg M-A",
  "players": [
    "SilphGambleR",
    "Cyleal"
  ],
  "log": "|j|\u2606SilphGambleR\n|j|\u2606Cyleal\n|t:|1775916870\n|gametype|doubles\n|player|p1|SilphGambleR|hilbert|1078\n|player|p2|Cyleal|silver|1000\n|gen|9\n|tier|[Gen 9 Champions] VGC 2026 Reg M-A\n|rated|\n|rule|Species Clause: Limit one of each Pok\u00e9mon\n|rule|Item Clause: Limit 1 of each item\n|clearpoke\n|poke|p1|Meganium, L50, F|\n|poke|p1|Farigiraf, L50, M|\n|poke|p1|Gengar, L50, F|\n|poke|p1|Sneasler, L50, M|\n|poke|p1|Armarouge, L50, M|\n|poke|p1|Gyarados, L50, M|\n|poke|p2|Camerupt, L50, F|\n|poke|p2|Ampharos, L50, F|\n|poke|p2|Sinistcha, L50|\n|poke|p2|Farigiraf, L50, F|\n|poke|p2|Mimikyu, L50, M|\n|poke|p2|Alcremie, L50, F|\n|teampreview|4\n|inactive|Battle timer is ON: inactive players will automatically lose when time's up. (requested by Cyleal)\n|\n|t:|1775916897\n|teamsize|p1|4\n|teamsize|p2|4\n|start\n|switch|p1a: Armarouge|Armarouge, L50, M|100/100\n|switch|p1b: Gengar|Gengar, L50, F|100/100\n|switch|p2a: Mimikyu|Mimikyu, L50, M|100/100\n|switch|p2b: Farigiraf|Farigiraf, L50, F|100/100\n|turn|1\n|\n|t:|1775916921\n|detailschange|p1b: Gengar|Gengar-Mega, L50, F\n|-mega|p1b: Gengar|Gengar|Gengarite\n|move|p1b: Gengar|Shadow Ball|p2a: Mimikyu\n|-activate|p2a: Mimikyu|ability: Disguise\n|-damage|p2a: Mimikyu|100/100\n|detailschange|p2a: Mimikyu|Mimikyu-Busted, L50, M\n|-damage|p2a: Mimikyu|88/100|[from] pokemon: Mimikyu-Busted\n|move|p1a: Armarouge|Armor Cannon|p2a: Mimikyu\n|-damage|p2a: Mimikyu|33/100\n|-unboost|p1a: Armarouge|def|1\n|-unboost|p1a: Armarouge|spd|1\n|move|p2b: Farigiraf|Imprison|p2b: Farigiraf\n|-start|p2b: Farigiraf|move: Imprison\n|move|p2a: Mimikyu|Trick Room|p2a: Mimikyu\n|-fieldstart|move: Trick Room|[of] p2a: Mimikyu\n|\n|upkeep\n|turn|2\n|inactive|SilphGambleR has 30 seconds left.\n|\n|t:|1775916949\n|switch|p1b: Farigiraf|Farigiraf, L50, M|100/100\n|move|p2b: Farigiraf|Hyper Voice|p1b: Farigiraf|[spread] p1a,p1b\n|-damage|p1a: Armarouge|55/100\n|-damage|p1b: Farigiraf|75/100\n|move|p1a: Armarouge|Armor Cannon|p2a: Mimikyu\n|-damage|p2a: Mimikyu|0 fnt\n|-unboost|p1a: Armarouge|def|1\n|-unboost|p1a: Armarouge|spd|1\n|faint|p2a: Mimikyu\n|\n|upkeep\n|\n|t:|1775916966\n|switch|p2a: Ampharos|Ampharos, L50, F|100/100\n|turn|3\n|\n|t:|1775916986\n|detailschange|p2a: Ampharos|Ampharos-Mega, L50, F\n|-mega|p2a: Ampharos|Ampharos|Ampharosite\n|-ability|p2a: Ampharos|Mold Breaker\n|move|p2a: Ampharos|Discharge|p1b: Farigiraf|[spread] p2b,p1a,p1b\n|-damage|p2b: Farigiraf|70/100\n|-damage|p1a: Armarouge|0 fnt\n|-damage|p1b: Farigiraf|31/100\n|faint|p1a: Armarouge\n|move|p2b: Farigiraf|Hyper Voice|p1b: Farigiraf\n|-damage|p1b: Farigiraf|0 fnt\n|faint|p1b: Farigiraf\n|\n|upkeep\n|\n|t:|1775916996\n|switch|p1b: Sneasler|Sneasler, L50, M|100/100\n|switch|p1a: Gengar|Gengar-Mega, L50, F|100/100\n|turn|4\n|\n|t:|1775917018\n|move|p2b: Farigiraf|Protect|p2b: Farigiraf\n|-singleturn|p2b: Farigiraf|Protect\n|move|p2a: Ampharos|Thunder|p1a: Gengar\n|-damage|p1a: Gengar|0 fnt\n|faint|p1a: Gengar\n|move|p1b: Sneasler|Dire Claw|p2a: Ampharos\n|-damage|p2a: Ampharos|62/100\n|\n|upkeep\n|turn|5\n|\n|t:|1775917032\n|move|p2a: Ampharos|Thunder|p1b: Sneasler\n|-damage|p1b: Sneasler|0 fnt\n|faint|p1b: Sneasler\n|\n|win|Cyleal\n|raw|SilphGambleR's rating: 1078 &rarr; <strong>1052</strong><br />(-26 for losing)\n|raw|Cyleal's rating: 1000 &rarr; <strong>1049</strong><br />(+49 for winning)\n|l|\u2606SilphGambleR\n|player|p1|\n",
  "uploadtime": 1775917051,
  "views": 52,
  "formatid": "gen9championsvgc2026regma",
  "rating": 1049,
  "private": 0,
  "password": null
}