{
  "id": "gen9championsvgc2026regma-2581371266",
  "format": "[Gen 9 Champions] VGC 2026 Reg M-A",
  "players": [
    "BUTTERFE",
    "RXUXBXEXN"
  ],
  "log": "|j|\u2606BUTTERFE\n|j|\u2606RXUXBXEXN\n|t:|1775992953\n|gametype|doubles\n|player|p1|BUTTERFE|266|1110\n|player|p2|RXUXBXEXN|101|1155\n|gen|9\n|tier|[Gen 9 Champions] VGC 2026 Reg M-A\n|rated|\n|rule|Species Clause: Limit one of each Pok\u00e9mon\n|rule|Item Clause: Limit 1 of each item\n|clearpoke\n|poke|p1|Gengar, L50, M|\n|poke|p1|Incineroar, L50, F|\n|poke|p1|Tyranitar, L50, F|\n|poke|p1|Sinistcha, L50|\n|poke|p1|Kingambit, L50, F|\n|poke|p1|Kommo-o, L50, F|\n|poke|p2|Farigiraf, L50, F|\n|poke|p2|Incineroar, L50, F|\n|poke|p2|Pelipper, L50, M|\n|poke|p2|Sinistcha-Masterpiece, L50|\n|poke|p2|Archaludon, L50, F|\n|poke|p2|Rotom-Wash, L50|\n|teampreview|4\n|\n|t:|1775992974\n|teamsize|p1|4\n|teamsize|p2|4\n|start\n|switch|p1a: Kingambit|Kingambit, L50, F|100/100\n|switch|p1b: Incineroar|Incineroar, L50, F|100/100\n|switch|p2a: Farigiraf|Farigiraf, L50, F, shiny|100/100\n|switch|p2b: Sinistcha|Sinistcha-Masterpiece, L50|100/100\n|-ability|p1b: Incineroar|Intimidate|boost\n|-unboost|p2a: Farigiraf|atk|1\n|-unboost|p2b: Sinistcha|atk|1\n|turn|1\n|\n|t:|1775993016\n|switch|p2b: Pelipper|Pelipper, L50, M|100/100\n|-weather|RainDance|[from] ability: Drizzle|[of] p2b: Pelipper\n|switch|p2a: Archaludon|Archaludon, L50, F|100/100\n|move|p1a: Kingambit|Sucker Punch||[still]\n|-fail|p1a: Kingambit\n|move|p1b: Incineroar|Throat Chop|p2b: Pelipper\n|-damage|p2b: Pelipper|66/100\n|-start|p2b: Pelipper|Throat Chop|[silent]\n|\n|-weather|RainDance|[upkeep]\n|upkeep\n|turn|2\n|\n|t:|1775993037\n|switch|p1a: Gengar|Gengar, L50, M|100/100\n|move|p1b: Incineroar|Protect|p1b: Incineroar\n|-singleturn|p1b: Incineroar|Protect\n|move|p2a: Archaludon|Electro Shot||[still]\n|-prepare|p2a: Archaludon|Electro Shot\n|-boost|p2a: Archaludon|spa|1\n|-anim|p2a: Archaludon|Electro Shot|p1b: Incineroar\n|-activate|p1b: Incineroar|move: Protect\n|move|p2b: Pelipper|Muddy Water|p1a: Gengar|[spread] p1a\n|-activate|p1b: Incineroar|move: Protect\n|-damage|p1a: Gengar|36/100\n|-unboost|p1a: Gengar|accuracy|1\n|-start|p2b: Pelipper|Disable|Muddy Water|[from] ability: Cursed Body|[of] p1a: Gengar\n|\n|-weather|RainDance|[upkeep]\n|-end|p2b: Pelipper|Throat Chop|[silent]\n|upkeep\n|turn|3\n|\n|t:|1775993069\n|switch|p1b: Sinistcha|Sinistcha, L50|100/100\n|-heal|p1a: Gengar|60/100|[from] ability: Hospitality|[of] p1b: Sinistcha\n|detailschange|p1a: Gengar|Gengar-Mega, L50, M\n|-mega|p1a: Gengar|Gengar|Gengarite\n|move|p1a: Gengar|Protect|p1a: Gengar\n|-singleturn|p1a: Gengar|Protect\n|move|p2a: Archaludon|Thunder|p1a: Gengar\n|-activate|p1a: Gengar|move: Protect\n|move|p2b: Pelipper|Tailwind|p2b: Pelipper\n|-sidestart|p2: RXUXBXEXN|move: Tailwind\n|\n|-weather|RainDance|[upkeep]\n|upkeep\n|turn|4\n|\n|t:|1775993085\n|move|p1b: Sinistcha|Rage Powder|p1b: Sinistcha\n|-singleturn|p1b: Sinistcha|move: Rage Powder\n|move|p2a: Archaludon|Thunder|p1b: Sinistcha\n|-resisted|p1b: Sinistcha|1\n|-damage|p1b: Sinistcha|81/100\n|move|p1a: Gengar|Perish Song|p1a: Gengar\n|-start|p1a: Gengar|perish3|[silent]\n|-start|p1b: Sinistcha|perish3|[silent]\n|-start|p2a: Archaludon|perish3|[silent]\n|-start|p2b: Pelipper|perish3|[silent]\n|-fieldactivate|move: Perish Song\n|move|p2b: Pelipper|Hurricane|p1b: Sinistcha\n|-supereffective|p1b: Sinistcha|1\n|-damage|p1b: Sinistcha|4/100\n|-start|p1b: Sinistcha|confusion\n|-enditem|p1b: Sinistcha|Sitrus Berry|[eat]\n|-heal|p1b: Sinistcha|29/100|[from] item: Sitrus Berry\n|\n|-weather|RainDance|[upkeep]\n|-start|p2a: Archaludon|perish3\n|-start|p1a: Gengar|perish3\n|-start|p2b: Pelipper|perish3\n|-start|p1b: Sinistcha|perish3\n|upkeep\n|turn|5\n|\n|t:|1775993129\n|switch|p1b: Incineroar|Incineroar, L50, F|100/100\n|-ability|p1b: Incineroar|Intimidate|boost\n|-unboost|p2a: Archaludon|atk|1\n|-unboost|p2b: Pelipper|atk|1\n|move|p1a: Gengar|Protect|p1a: Gengar\n|-singleturn|p1a: Gengar|Protect\n|move|p2a: Archaludon|Electro Shot||[still]\n|-prepare|p2a: Archaludon|Electro Shot\n|-boost|p2a: Archaludon|spa|1\n|-anim|p2a: Archaludon|Electro Shot|p1a: Gengar\n|-activate|p1a: Gengar|move: Protect\n|move|p2b: Pelipper|Hurricane|p1b: Incineroar\n|-damage|p1b: Incineroar|68/100\n|\n|-weather|none\n|-end|p2b: Pelipper|Disable\n|-start|p2a: Archaludon|perish2\n|-start|p1a: Gengar|perish2\n|-start|p2b: Pelipper|perish2\n|upkeep\n|turn|6\n|\n|t:|1775993162\n|switch|p1a: Sinistcha|Sinistcha, L50|29/100\n|-heal|p1b: Incineroar|93/100|[from] ability: Hospitality|[of] p1a: Sinistcha\n|move|p2a: Archaludon|Dragon Pulse|p1a: Sinistcha\n|-crit|p1a: Sinistcha\n|-damage|p1a: Sinistcha|0 fnt\n|faint|p1a: Sinistcha\n|move|p2b: Pelipper|Tailwind||[still]\n|-fail|p2b: Pelipper\n|move|p1b: Incineroar|Parting Shot|p2b: Pelipper\n|-unboost|p2b: Pelipper|atk|1\n|-unboost|p2b: Pelipper|spa|1\n|\n|t:|1775993176\n|switch|p1b: Gengar|Gengar-Mega, L50, M|60/100|[from] Parting Shot\n|\n|-start|p2a: Archaludon|perish1\n|-start|p2b: Pelipper|perish1\n|-sideend|p2: RXUXBXEXN|move: Tailwind\n|upkeep\n|\n|t:|1775993185\n|switch|p1a: Incineroar|Incineroar, L50, F|93/100\n|-ability|p1a: Incineroar|Intimidate|boost\n|-unboost|p2a: Archaludon|atk|1\n|-unboost|p2b: Pelipper|atk|1\n|turn|7\n|\n|t:|1775993204\n|move|p1a: Incineroar|Fake Out|p2a: Archaludon\n|-resisted|p2a: Archaludon|1\n|-damage|p2a: Archaludon|96/100\n|-ability|p2a: Archaludon|Stamina|boost\n|-boost|p2a: Archaludon|def|1\n|move|p1b: Gengar|Substitute|p1b: Gengar\n|-start|p1b: Gengar|Substitute\n|-damage|p1b: Gengar|36/100\n|cant|p2a: Archaludon|flinch\n|move|p2b: Pelipper|Tailwind|p2b: Pelipper\n|-sidestart|p2: RXUXBXEXN|move: Tailwind\n|\n|-start|p2a: Archaludon|perish0\n|-start|p2b: Pelipper|perish0\n|faint|p2a: Archaludon\n|faint|p2b: Pelipper\n|upkeep\n|\n|t:|1775993212\n|switch|p2a: Sinistcha|Sinistcha-Masterpiece, L50|100/100\n|switch|p2b: Farigiraf|Farigiraf, L50, F, shiny|100/100\n|turn|8\n|\n|t:|1775993235\n|move|p1b: Gengar|Perish Song|p1b: Gengar\n|-start|p1a: Incineroar|perish3|[silent]\n|-start|p1b: Gengar|perish3|[silent]\n|-start|p2a: Sinistcha|perish3|[silent]\n|-start|p2b: Farigiraf|perish3|[silent]\n|-fieldactivate|move: Perish Song\n|move|p2a: Sinistcha|Shadow Ball|p1b: Gengar\n|-supereffective|p1b: Gengar|1\n|-end|p1b: Gengar|Substitute\n|move|p2b: Farigiraf|Dazzling Gleam|p1b: Gengar|[spread] p1a,p1b\n|-resisted|p1b: Gengar|1\n|-damage|p1a: Incineroar|78/100\n|-damage|p1b: Gengar|25/100\n|move|p1a: Incineroar|Parting Shot|p2b: Farigiraf\n|-unboost|p2b: Farigiraf|atk|1\n|-unboost|p2b: Farigiraf|spa|1\n|\n|t:|1775993238\n|switch|p1a: Kingambit|Kingambit, L50, F|100/100|[from] Parting Shot\n|\n|-start|p1b: Gengar|perish3\n|-start|p2a: Sinistcha|perish3\n|-start|p2b: Farigiraf|perish3\n|upkeep\n|turn|9\n|\n|t:|1775993261\n|move|p1b: Gengar|Protect|p1b: Gengar\n|-singleturn|p1b: Gengar|Protect\n|move|p1a: Kingambit|Protect|p1a: Kingambit\n|-singleturn|p1a: Kingambit|Protect\n|move|p2a: Sinistcha|Shadow Ball|p1b: Gengar\n|-activate|p1b: Gengar|move: Protect\n|move|p2b: Farigiraf|Expanding Force|p1b: Gengar\n|-activate|p1b: Gengar|move: Protect\n|\n|-start|p1b: Gengar|perish2\n|-start|p2a: Sinistcha|perish2\n|-start|p2b: Farigiraf|perish2\n|upkeep\n|turn|10\n|\n|t:|1775993273\n|switch|p1b: Incineroar|Incineroar, L50, F|78/100\n|-ability|p1b: Incineroar|Intimidate|boost\n|-unboost|p2a: Sinistcha|atk|1\n|-unboost|p2b: Farigiraf|atk|1\n|move|p1a: Kingambit|Sucker Punch||[still]\n|cant|p2b: Farigiraf|ability: Armor Tail|Sucker Punch|[of] p1a: Kingambit\n|move|p2b: Farigiraf|Expanding Force|p1b: Incineroar\n|-immune|p1b: Incineroar\n|move|p2a: Sinistcha|Trick Room|p2a: Sinistcha\n|-fieldstart|move: Trick Room|[of] p2a: Sinistcha\n|\n|-start|p2b: Farigiraf|perish1\n|-start|p2a: Sinistcha|perish1\n|-sideend|p2: RXUXBXEXN|move: Tailwind\n|upkeep\n|turn|11\n|\n|t:|1775993283\n|move|p1a: Kingambit|Low Kick|p1b: Incineroar\n|-supereffective|p1b: Incineroar|1\n|-damage|p1b: Incineroar|21/100\n|move|p2b: Farigiraf|Dazzling Gleam|p1a: Kingambit|[spread] p1a,p1b\n|-damage|p1a: Kingambit|87/100\n|-damage|p1b: Incineroar|11/100\n|move|p1b: Incineroar|Throat Chop|p1a: Kingambit\n|-resisted|p1a: Kingambit|1\n|-damage|p1a: Kingambit|77/100\n|-start|p1a: Kingambit|Throat Chop|[silent]\n|move|p2a: Sinistcha|Shadow Ball|p1b: Incineroar\n|-resisted|p1b: Incineroar|1\n|-damage|p1b: Incineroar|0 fnt\n|faint|p1b: Incineroar\n|\n|-start|p2b: Farigiraf|perish0\n|-start|p2a: Sinistcha|perish0\n|faint|p2b: Farigiraf\n|faint|p2a: Sinistcha\n|\n|win|BUTTERFE\n|raw|BUTTERFE's rating: 1110 &rarr; <strong>1138</strong><br />(+28 for winning)\n|raw|RXUXBXEXN's rating: 1155 &rarr; <strong>1127</strong><br />(-28 for losing)\n|l|\u2606RXUXBXEXN\n|player|p2|\n",
  "uploadtime": 1775993307,
  "views": 22,
  "formatid": "gen9championsvgc2026regma",
  "rating": 1127,
  "private": 0,
  "password": null
}