{
  "id": "gen9championsvgc2026regma-2586916714",
  "format": "[Gen 9 Champions] VGC 2026 Reg M-A",
  "players": [
    "SoyGomezLoco",
    "marsheiei"
  ],
  "log": "|j|\u2606SoyGomezLoco\n|j|\u2606marsheiei\n|t:|1776471550\n|gametype|doubles\n|player|p1|SoyGomezLoco|hiker-gen4|1176\n|player|p2|marsheiei|2|1166\n|gen|9\n|tier|[Gen 9 Champions] VGC 2026 Reg M-A\n|rated|\n|rule|Species Clause: Limit one of each Pok\u00e9mon\n|rule|Item Clause: Limit 1 of each item\n|clearpoke\n|poke|p1|Dragonite, L50, M|\n|poke|p1|Dragapult, L50, F|\n|poke|p1|Pelipper, L50, M|\n|poke|p1|Kommo-o, L50, M|\n|poke|p1|Archaludon, L50, M|\n|poke|p1|Basculegion, L50, M|\n|poke|p2|Politoed, L50, F|\n|poke|p2|Basculegion, L50, M|\n|poke|p2|Meganium, L50, M|\n|poke|p2|Oranguru, L50, F|\n|poke|p2|Sneasler, L50, M|\n|poke|p2|Heliolisk, L50, M|\n|teampreview|4\n|inactive|Battle timer is ON: inactive players will automatically lose when time's up. (requested by marsheiei)\nmarsheiei rejected open team sheets.\n|\n|t:|1776471587\n|teamsize|p1|4\n|teamsize|p2|4\n|start\n|switch|p1a: Dragnil The Jet|Dragapult, L50, F, shiny|100/100\n|switch|p1b: Jeremy|Dragonite, L50, M|100/100\n|switch|p2a: Sneasler|Sneasler, L50, M|100/100\n|switch|p2b: Heliolisk|Heliolisk, L50, M|100/100\n|turn|1\n|\n|t:|1776471606\n|move|p2a: Sneasler|Fake Out|p1b: Jeremy\n|-damage|p1b: Jeremy|88/100\n|move|p2b: Heliolisk|Shed Tail|p2b: Heliolisk\n|-start|p2b: Heliolisk|Substitute|[from] move: Shed Tail\n|-damage|p2b: Heliolisk|50/100\n|\n|t:|1776471611\n|switch|p2b: Meganium|Meganium, L50, M|100/100|[from] Shed Tail\n|move|p1a: Dragnil The Jet|Dragon Cheer|p1b: Jeremy\n|-start|p1b: Jeremy|move: Dragon Cheer\n|move|p1b: Jeremy|Hurricane|p2a: Sneasler|[miss]\n|-miss|p1b: Jeremy|p2a: Sneasler\n|\n|upkeep\n|turn|2\n|\n|t:|1776471629\n|detailschange|p2b: Meganium|Meganium-Mega, L50, M\n|-mega|p2b: Meganium|Meganium|Meganiumite\n|detailschange|p1b: Jeremy|Dragonite-Mega, L50, M\n|-mega|p1b: Jeremy|Dragonite|Dragoninite\n|move|p1a: Dragnil The Jet|U-turn|p2b: Meganium\n|-activate|p2b: Meganium|move: Substitute|[damage]\n|\n|t:|1776471639\n|switch|p1a: Archie|Archaludon, L50, M|100/100|[from] U-turn\n|move|p2a: Sneasler|Rock Slide|p1b: Jeremy|[spread] p1a,p1b\n|-resisted|p1a: Archie|1\n|-supereffective|p1b: Jeremy|1\n|-damage|p1a: Archie|94/100\n|-damage|p1b: Jeremy|57/100\n|-ability|p1a: Archie|Stamina|boost\n|-boost|p1a: Archie|def|1\n|move|p1b: Jeremy|Hurricane|p2b: Meganium\n|-supereffective|p2b: Meganium|1\n|-end|p2b: Meganium|Substitute\n|move|p2b: Meganium|Dazzling Gleam|p1b: Jeremy|[spread] p1a,p1b\n|-supereffective|p1b: Jeremy|1\n|-damage|p1a: Archie|61/100\n|-damage|p1b: Jeremy|0 fnt\n|-ability|p1a: Archie|Stamina|boost\n|-boost|p1a: Archie|def|1\n|faint|p1b: Jeremy\n|\n|upkeep\n|\n|t:|1776471658\n|switch|p1b: CapituloMuerto|Basculegion, L50, M|100/100\n|turn|3\n|\n|t:|1776471678\n|move|p2a: Sneasler|Close Combat|p1a: Archie\n|-supereffective|p1a: Archie|1\n|-damage|p1a: Archie|19/100\n|-unboost|p2a: Sneasler|def|1\n|-unboost|p2a: Sneasler|spd|1\n|-ability|p1a: Archie|Stamina|boost\n|-boost|p1a: Archie|def|1\n|-enditem|p2a: Sneasler|White Herb\n|-clearnegativeboost|p2a: Sneasler|[silent]\n|move|p1b: CapituloMuerto|Last Respects|p2a: Sneasler\n|-damage|p2a: Sneasler|0 fnt\n|faint|p2a: Sneasler\n|move|p1a: Archie|Flash Cannon|p2b: Meganium\n|-supereffective|p2b: Meganium|1\n|-damage|p2b: Meganium|32/100\n|-heal|p1a: Archie|27/100|[from] item: Shell Bell|[of] p2b: Meganium\n|move|p2b: Meganium|Solar Beam||[still]\n|-prepare|p2b: Meganium|Solar Beam\n|-activate|p2b: Meganium|ability: Mega Sol\n|-anim|p2b: Meganium|Solar Beam|p1b: CapituloMuerto\n|-supereffective|p1b: CapituloMuerto|1\n|-crit|p1b: CapituloMuerto\n|-damage|p1b: CapituloMuerto|0 fnt\n|faint|p1b: CapituloMuerto\n|\n|upkeep\n|\n|t:|1776471701\n|switch|p2a: Heliolisk|Heliolisk, L50, M|50/100\n|switch|p1b: Dragnil The Jet|Dragapult, L50, F, shiny|100/100\n|turn|4\n|\n|t:|1776471715\n|move|p2b: Meganium|Protect|p2b: Meganium\n|-singleturn|p2b: Meganium|Protect\n|move|p2a: Heliolisk|Electroweb|p1a: Archie|[spread] \n|-miss|p2a: Heliolisk|p1a: Archie\n|-miss|p2a: Heliolisk|p1b: Dragnil The Jet\n|move|p1b: Dragnil The Jet|U-turn|p2b: Meganium\n|-activate|p2b: Meganium|move: Protect\n|move|p1a: Archie|Draco Meteor|p2a: Heliolisk\n|-damage|p2a: Heliolisk|0 fnt\n|-unboost|p1a: Archie|spa|2\n|faint|p2a: Heliolisk\n|-heal|p1a: Archie|31/100|[from] item: Shell Bell|[of] p2: Heliolisk\n|\n|upkeep\n|\n|t:|1776471724\n|switch|p2a: Basculegion|Basculegion, L50, M|100/100\n|turn|5\n|\n|t:|1776471738\n|move|p1b: Dragnil The Jet|Dragon Darts|p2a: Basculegion\n|-damage|p2a: Basculegion|73/100\n|-anim|p1b: Dragnil The Jet|Dragon Darts|p2a: Basculegion\n|-damage|p2a: Basculegion|45/100\n|move|p2a: Basculegion|Last Respects|p1a: Archie\n|-damage|p1a: Archie|7/100\n|-ability|p1a: Archie|Stamina|boost\n|-boost|p1a: Archie|def|1\n|move|p1a: Archie|Flash Cannon|p2b: Meganium\n|-supereffective|p2b: Meganium|1\n|-crit|p2b: Meganium\n|-damage|p2b: Meganium|0 fnt\n|faint|p2b: Meganium\n|-heal|p1a: Archie|10/100|[from] item: Shell Bell|[of] p2: Meganium\n|\n|upkeep\n|turn|6\n|-message|marsheiei forfeited.\n|\n|win|SoyGomezLoco\n|raw|SoyGomezLoco's rating: 1176 &rarr; <strong>1200</strong><br />(+24 for winning)\n|raw|marsheiei's rating: 1166 &rarr; <strong>1142</strong><br />(-24 for losing)\n|l|\u2606marsheiei\n|player|p2|\n",
  "uploadtime": 1776471759,
  "views": 23,
  "formatid": "gen9championsvgc2026regma",
  "rating": 1142,
  "private": 0,
  "password": null
}