{
  "id": "gen9championsvgc2026regma-2585400537",
  "format": "[Gen 9 Champions] VGC 2026 Reg M-A",
  "players": [
    "sugarvgc",
    "campeondelfitness"
  ],
  "log": "|j|\u2606sugarvgc\n|j|\u2606campeondelfitness\n|t:|1776344560\n|gametype|doubles\n|player|p1|sugarvgc|101|1221\n|player|p2|campeondelfitness|swimmer|1151\n|gen|9\n|tier|[Gen 9 Champions] VGC 2026 Reg M-A\n|rated|\n|rule|Species Clause: Limit one of each Pok\u00e9mon\n|rule|Item Clause: Limit 1 of each item\n|clearpoke\n|poke|p1|Milotic, L50, M|\n|poke|p1|Hydreigon, L50, M|\n|poke|p1|Tyranitar, L50, M|\n|poke|p1|Lucario, L50, M|\n|poke|p1|Mimikyu, L50, F|\n|poke|p1|Dragonite, L50, F|\n|poke|p2|Tyranitar, L50, M|\n|poke|p2|Garchomp, L50, F|\n|poke|p2|Heliolisk, L50, M|\n|poke|p2|Rotom-Heat, L50|\n|poke|p2|Orthworm, L50, M|\n|poke|p2|Aerodactyl, L50, M|\n|teampreview|4\n|inactive|Battle timer is ON: inactive players will automatically lose when time's up. (requested by campeondelfitness)\n|inactive|sugarvgc has 60 seconds left.\n|inactive|campeondelfitness has 60 seconds left.\n|\n|t:|1776344622\n|teamsize|p1|4\n|teamsize|p2|4\n|start\n|switch|p1a: Mimikyu|Mimikyu, L50, F|100/100\n|switch|p1b: Milotic|Milotic, L50, M|100/100\n|switch|p2a: Aerodactyl|Aerodactyl, L50, M|100/100\n|switch|p2b: Orthworm|Orthworm, L50, M|100/100\n|-ability|p2a: Aerodactyl|Unnerve\n|turn|1\n|inactive|sugarvgc has 30 seconds left.\n|\n|t:|1776344652\n|move|p2a: Aerodactyl|Tailwind|p2a: Aerodactyl\n|-sidestart|p2: campeondelfitness|move: Tailwind\n|move|p2b: Orthworm|Shed Tail|p2b: Orthworm\n|-start|p2b: Orthworm|Substitute|[from] move: Shed Tail\n|-damage|p2b: Orthworm|50/100\n|\n|t:|1776344657\n|switch|p2b: Tyranitar|Tyranitar, L50, M|100/100|[from] Shed Tail\n|-weather|Sandstorm|[from] ability: Sand Stream|[of] p2b: Tyranitar\n|move|p1b: Milotic|Muddy Water|p2b: Tyranitar|[spread] p2a\n|-miss|p1b: Milotic|p2b: Tyranitar\n|-supereffective|p2a: Aerodactyl|1\n|-damage|p2a: Aerodactyl|31/100\n|move|p1a: Mimikyu|Trick Room|p1a: Mimikyu\n|-fieldstart|move: Trick Room|[of] p1a: Mimikyu\n|\n|-weather|Sandstorm|[upkeep]\n|-damage|p1b: Milotic|94/100|[from] Sandstorm\n|-damage|p1a: Mimikyu|94/100|[from] Sandstorm\n|upkeep\n|turn|2\n|inactive|campeondelfitness has 30 seconds left.\n|\n|t:|1776344686\n|move|p2a: Aerodactyl|Wide Guard|p2a: Aerodactyl\n|-singleturn|p2a: Aerodactyl|Wide Guard\n|move|p1b: Milotic|Muddy Water|p2b: Tyranitar|[spread] \n|-activate|p2a: Aerodactyl|move: Wide Guard\n|-activate|p2b: Tyranitar|move: Wide Guard\n|move|p1a: Mimikyu|Play Rough|p2b: Tyranitar\n|-supereffective|p2b: Tyranitar|1\n|-end|p2b: Tyranitar|Substitute\n|move|p2b: Tyranitar|Knock Off|p1b: Milotic\n|-damage|p1b: Milotic|54/100\n|-enditem|p1b: Milotic|Mystic Water|[from] move: Knock Off|[of] p2b: Tyranitar\n|\n|-weather|Sandstorm|[upkeep]\n|-damage|p1b: Milotic|48/100|[from] Sandstorm\n|-damage|p1a: Mimikyu|88/100|[from] Sandstorm\n|upkeep\n|turn|3\n|inactive|campeondelfitness has 30 seconds left.\n|inactive|campeondelfitness has 20 seconds left.\n|\n|t:|1776344724\n|move|p2a: Aerodactyl|Wide Guard|p2a: Aerodactyl\n|-singleturn|p2a: Aerodactyl|Wide Guard\n|move|p1b: Milotic|Life Dew|p1b: Milotic|[spread] p1a,p1b\n|-heal|p1a: Mimikyu|100/100\n|-heal|p1b: Milotic|73/100\n|move|p1a: Mimikyu|Swords Dance|p1a: Mimikyu\n|-boost|p1a: Mimikyu|atk|2\n|move|p2b: Tyranitar|Knock Off|p1a: Mimikyu\n|-activate|p1a: Mimikyu|ability: Disguise\n|-damage|p1a: Mimikyu|100/100\n|-enditem|p1a: Mimikyu|Mental Herb|[from] move: Knock Off|[of] p2b: Tyranitar\n|detailschange|p1a: Mimikyu|Mimikyu-Busted, L50, F\n|-damage|p1a: Mimikyu|88/100|[from] pokemon: Mimikyu-Busted\n|\n|-weather|Sandstorm|[upkeep]\n|-damage|p1b: Milotic|67/100|[from] Sandstorm\n|-damage|p1a: Mimikyu|82/100|[from] Sandstorm\n|upkeep\n|turn|4\n|inactive|sugarvgc has 30 seconds left.\n|inactive|campeondelfitness has 30 seconds left.\n|inactive|campeondelfitness has 20 seconds left.\n|inactive|campeondelfitness has 15 seconds left.\n|inactive|campeondelfitness has 10 seconds left.\n|\n|t:|1776344772\n|move|p2a: Aerodactyl|Wide Guard|p2a: Aerodactyl\n|-singleturn|p2a: Aerodactyl|Wide Guard\n|move|p1b: Milotic|Muddy Water|p2b: Tyranitar|[spread] \n|-activate|p2a: Aerodactyl|move: Wide Guard\n|-activate|p2b: Tyranitar|move: Wide Guard\n|move|p1a: Mimikyu|Play Rough|p2a: Aerodactyl\n|-damage|p2a: Aerodactyl|0 fnt\n|faint|p2a: Aerodactyl\n|move|p2b: Tyranitar|Knock Off|p1a: Mimikyu\n|-damage|p1a: Mimikyu|54/100\n|\n|-weather|Sandstorm|[upkeep]\n|-damage|p1b: Milotic|60/100|[from] Sandstorm\n|-damage|p1a: Mimikyu|48/100|[from] Sandstorm\n|-sideend|p2: campeondelfitness|move: Tailwind\n|upkeep\n|\n|t:|1776344792\n|switch|p2a: Garchomp|Garchomp, L50, F|100/100\n|turn|5\n|inactive|sugarvgc has 30 seconds left.\n|\n|t:|1776344818\n|detailschange|p2a: Garchomp|Garchomp-Mega, L50, F\n|-mega|p2a: Garchomp|Garchomp|Garchompite\n|move|p2b: Tyranitar|Protect|p2b: Tyranitar\n|-singleturn|p2b: Tyranitar|Protect\n|move|p2a: Garchomp|Protect|p2a: Garchomp\n|-singleturn|p2a: Garchomp|Protect\n|move|p1b: Milotic|Muddy Water|p2b: Tyranitar|[spread] \n|-activate|p2a: Garchomp|move: Protect\n|-activate|p2b: Tyranitar|move: Protect\n|move|p1a: Mimikyu|Play Rough|p2a: Garchomp\n|-activate|p2a: Garchomp|move: Protect\n|\n|-weather|none\n|-fieldend|move: Trick Room\n|upkeep\n|turn|6\n|\n|t:|1776344838\n|switch|p2b: Orthworm|Orthworm, L50, M|50/100\n|move|p2a: Garchomp|Earthquake|p1b: Milotic|[spread] p1a,p1b\n|-heal|p2b: Orthworm|75/100|[from] ability: Earth Eater|[of] p2a: Garchomp\n|-damage|p1a: Mimikyu|5/100\n|-damage|p1b: Milotic|15/100\n|move|p1b: Milotic|Ice Beam|p2a: Garchomp\n|-supereffective|p2a: Garchomp|2\n|-damage|p2a: Garchomp|0 fnt\n|faint|p2a: Garchomp\n|move|p1a: Mimikyu|Trick Room|p1a: Mimikyu\n|-fieldstart|move: Trick Room|[of] p1a: Mimikyu\n|\n|-heal|p2b: Orthworm|81/100|[from] item: Leftovers\n|upkeep\n|-message|campeondelfitness forfeited.\n|\n|win|sugarvgc\n|raw|sugarvgc's rating: 1221 &rarr; <strong>1241</strong><br />(+20 for winning)\n|raw|campeondelfitness's rating: 1151 &rarr; <strong>1131</strong><br />(-20 for losing)\n|l|\u2606sugarvgc\n|player|p1|\n",
  "uploadtime": 1776344934,
  "views": 51,
  "formatid": "gen9championsvgc2026regma",
  "rating": 1131,
  "private": 0,
  "password": null
}