{
  "id": "gen9championsvgc2026regma-2586546760",
  "format": "[Gen 9 Champions] VGC 2026 Reg M-A",
  "players": [
    "dillrpg",
    "Nick Potts"
  ],
  "log": "|j|\u2606dillrpg\n|j|\u2606Nick Potts\n|t:|1776442138\n|gametype|doubles\n|player|p1|dillrpg|169|1000\n|player|p2|Nick Potts|169|1000\n|gen|9\n|tier|[Gen 9 Champions] VGC 2026 Reg M-A\n|rated|\n|rule|Species Clause: Limit one of each Pok\u00e9mon\n|rule|Item Clause: Limit 1 of each item\n|clearpoke\n|poke|p1|Gengar, L50, F|\n|poke|p1|Blastoise, L50, M|\n|poke|p1|Pelipper, L50, M|\n|poke|p1|Talonflame, L50, M|\n|poke|p1|Kingambit, L50, F|\n|poke|p1|Garchomp, L50, M|\n|poke|p2|Corviknight, L50, M|\n|poke|p2|Floette-Eternal, L50, F|\n|poke|p2|Incineroar, L50, M|\n|poke|p2|Rotom-Wash, L50|\n|poke|p2|Garchomp, L50, F|\n|poke|p2|Sinistcha, L50|\n|teampreview|4\n|\n|t:|1776442177\n|teamsize|p1|4\n|teamsize|p2|4\n|start\n|switch|p1a: Gengar|Gengar, L50, F|100/100\n|switch|p1b: Blastoise|Blastoise, L50, M|100/100\n|switch|p2a: Incineroar|Incineroar, L50, M|100/100\n|switch|p2b: Corviknight|Corviknight, L50, M|100/100\n|-ability|p2a: Incineroar|Intimidate|boost\n|-unboost|p1a: Gengar|atk|1\n|-unboost|p1b: Blastoise|atk|1\n|turn|1\n|\n|t:|1776442223\n|detailschange|p1a: Gengar|Gengar-Mega, L50, F\n|-mega|p1a: Gengar|Gengar|Gengarite\n|move|p1b: Blastoise|Fake Out|p2a: Incineroar\n|-damage|p2a: Incineroar|96/100\n|cant|p2a: Incineroar|flinch\n|move|p1a: Gengar|Perish Song|p1a: Gengar\n|-start|p1a: Gengar|perish3|[silent]\n|-start|p1b: Blastoise|perish3|[silent]\n|-start|p2a: Incineroar|perish3|[silent]\n|-start|p2b: Corviknight|perish3|[silent]\n|-fieldactivate|move: Perish Song\n|move|p2b: Corviknight|Tailwind|p2b: Corviknight\n|-sidestart|p2: Nick Potts|move: Tailwind\n|\n|-start|p1a: Gengar|perish3\n|-start|p2b: Corviknight|perish3\n|-start|p2a: Incineroar|perish3\n|-start|p1b: Blastoise|perish3\n|upkeep\n|turn|2\n|\n|t:|1776442251\n|move|p1a: Gengar|Protect|p1a: Gengar\n|-singleturn|p1a: Gengar|Protect\n|move|p2b: Corviknight|Brave Bird|p1b: Blastoise\n|-damage|p1b: Blastoise|56/100\n|-damage|p2b: Corviknight|89/100|[from] Recoil\n|move|p2a: Incineroar|Darkest Lariat|p1a: Gengar\n|-activate|p1a: Gengar|move: Protect\n|move|p1b: Blastoise|Yawn|p2b: Corviknight\n|-start|p2b: Corviknight|move: Yawn|[of] p1b: Blastoise\n|\n|-heal|p1b: Blastoise|62/100|[from] item: Leftovers\n|-start|p1a: Gengar|perish2\n|-start|p2b: Corviknight|perish2\n|-start|p2a: Incineroar|perish2\n|-start|p1b: Blastoise|perish2\n|upkeep\n|turn|3\n|\n|t:|1776442277\n|switch|p1a: Pelipper|Pelipper, L50, M|100/100\n|-weather|RainDance|[from] ability: Drizzle|[of] p1a: Pelipper\n|move|p2b: Corviknight|Brave Bird|p1a: Pelipper\n|-damage|p1a: Pelipper|55/100\n|-damage|p2b: Corviknight|78/100|[from] Recoil\n|move|p2a: Incineroar|Darkest Lariat|p1a: Pelipper\n|-damage|p1a: Pelipper|23/100\n|move|p1b: Blastoise|Flip Turn|p1a: Pelipper\n|-resisted|p1a: Pelipper|1\n|-damage|p1a: Pelipper|13/100\n|\n|t:|1776442291\n|switch|p1b: Gengar|Gengar-Mega, L50, F|100/100|[from] Flip Turn\n|\n|-weather|RainDance|[upkeep]\n|-end|p2b: Corviknight|move: Yawn|[silent]\n|-status|p2b: Corviknight|slp\n|-enditem|p2b: Corviknight|Lum Berry|[eat]\n|-curestatus|p2b: Corviknight|slp|[msg]\n|-start|p2b: Corviknight|perish1\n|-start|p2a: Incineroar|perish1\n|upkeep\n|turn|4\n|\n|t:|1776442321\n|move|p1b: Gengar|Protect|p1b: Gengar\n|-singleturn|p1b: Gengar|Protect\n|move|p1a: Pelipper|Protect|p1a: Pelipper\n|-singleturn|p1a: Pelipper|Protect\n|move|p2b: Corviknight|Brave Bird|p1b: Gengar\n|-activate|p1b: Gengar|move: Protect\n|move|p2a: Incineroar|Parting Shot|p1a: Pelipper\n|-activate|p1a: Pelipper|move: Protect\n|\n|-weather|RainDance|[upkeep]\n|-start|p2b: Corviknight|perish0\n|-start|p2a: Incineroar|perish0\n|-sideend|p2: Nick Potts|move: Tailwind\n|faint|p2b: Corviknight\n|faint|p2a: Incineroar\n|upkeep\n|\n|t:|1776442336\n|switch|p2b: Rotom|Rotom-Wash, L50|100/100\n|switch|p2a: Floette|Floette-Eternal, L50, F|100/100\n|turn|5\n|\n|t:|1776442360\n|detailschange|p2a: Floette|Floette-Mega, L50, F\n|-mega|p2a: Floette|Floette|Floettite\n|-ability|p2a: Floette|Fairy Aura\n|move|p1b: Gengar|Perish Song|p1b: Gengar\n|-start|p1a: Pelipper|perish3|[silent]\n|-start|p1b: Gengar|perish3|[silent]\n|-start|p2a: Floette|perish3|[silent]\n|-start|p2b: Rotom|perish3|[silent]\n|-fieldactivate|move: Perish Song\n|move|p2a: Floette|Dazzling Gleam|p1b: Gengar|[spread] p1a,p1b\n|-resisted|p1b: Gengar|1\n|-damage|p1a: Pelipper|0 fnt\n|-damage|p1b: Gengar|69/100\n|faint|p1a: Pelipper\n|move|p2b: Rotom|Will-O-Wisp|p1b: Gengar\n|-status|p1b: Gengar|brn\n|\n|-weather|RainDance|[upkeep]\n|-damage|p1b: Gengar|62/100 brn|[from] brn\n|-start|p1b: Gengar|perish3\n|-start|p2a: Floette|perish3\n|-start|p2b: Rotom|perish3\n|upkeep\n|\n|t:|1776442373\n|switch|p1a: Blastoise|Blastoise, L50, M|62/100\n|turn|6\n|\n|t:|1776442385\n|switch|p1b: Kingambit|Kingambit, L50, F|100/100\n|-activate|p1b: Kingambit|ability: Supreme Overlord\n|-start|p1b: Kingambit|fallen1|[silent]\n|move|p1a: Blastoise|Fake Out|p2a: Floette\n|-damage|p2a: Floette|92/100\n|cant|p2a: Floette|flinch\n|move|p2b: Rotom|Thunderbolt|p1a: Blastoise\n|-supereffective|p1a: Blastoise|1\n|-damage|p1a: Blastoise|0 fnt\n|faint|p1a: Blastoise\n|\n|-weather|RainDance|[upkeep]\n|-start|p2a: Floette|perish2\n|-start|p2b: Rotom|perish2\n|upkeep\n|\n|t:|1776442395\n|switch|p1a: Gengar|Gengar-Mega, L50, F|62/100 brn\n|turn|7\n|\n|t:|1776442413\n|move|p1a: Gengar|Protect|p1a: Gengar\n|-singleturn|p1a: Gengar|Protect\n|move|p1b: Kingambit|Protect|p1b: Kingambit\n|-singleturn|p1b: Kingambit|Protect\n|move|p2a: Floette|Calm Mind|p2a: Floette\n|-boost|p2a: Floette|spa|1\n|-boost|p2a: Floette|spd|1\n|move|p2b: Rotom|Hydro Pump|p1b: Kingambit\n|-activate|p1b: Kingambit|move: Protect\n|\n|-weather|none\n|-damage|p1a: Gengar|56/100 brn|[from] brn\n|-start|p2a: Floette|perish1\n|-start|p2b: Rotom|perish1\n|upkeep\n|turn|8\n|\n|t:|1776442459\n|move|p1b: Kingambit|Sucker Punch|p2b: Rotom\n|-damage|p2b: Rotom|45/100\n|move|p1a: Gengar|Shadow Ball|p2b: Rotom\n|-damage|p2b: Rotom|7/100\n|move|p2a: Floette|Dazzling Gleam|p1a: Gengar|[spread] p1a,p1b\n|-resisted|p1a: Gengar|1\n|-damage|p1a: Gengar|3/100 brn\n|-damage|p1b: Kingambit|27/100\n|move|p2b: Rotom|Thunderbolt|p1b: Kingambit\n|-damage|p1b: Kingambit|0 fnt\n|faint|p1b: Kingambit\n|-end|p1b: Kingambit|fallen1|[silent]\n|\n|-heal|p2b: Rotom|13/100|[from] item: Leftovers\n|-damage|p1a: Gengar|0 fnt|[from] brn\n|faint|p1a: Gengar\n|\n|win|Nick Potts\n|raw|dillrpg's rating: 1000 &rarr; <strong>1000</strong><br />(+0 for losing)\n|raw|Nick Potts's rating: 1000 &rarr; <strong>1040</strong><br />(+40 for winning)\n|l|\u2606Nick Potts\n|player|p2|\n",
  "uploadtime": 1776442481,
  "views": 29,
  "formatid": "gen9championsvgc2026regma",
  "rating": 1000,
  "private": 0,
  "password": null
}