{
  "id": "gen9championsvgc2026regma-2588496889",
  "format": "[Gen 9 Champions] VGC 2026 Reg M-A",
  "players": [
    "DukeofDudes",
    "Rodrigor8054"
  ],
  "log": "|j|\u2606DukeofDudes\n|j|\u2606Rodrigor8054\n|t:|1776638857\n|gametype|doubles\n|player|p1|DukeofDudes|170|1316\n|player|p2|Rodrigor8054|pokemaniac|1219\n|gen|9\n|tier|[Gen 9 Champions] VGC 2026 Reg M-A\n|rated|\n|rule|Species Clause: Limit one of each Pok\u00e9mon\n|rule|Item Clause: Limit 1 of each item\n|clearpoke\n|poke|p1|Venusaur, L50, F|\n|poke|p1|Ninetales-Alola, L50, M|\n|poke|p1|Gyarados, L50, M|\n|poke|p1|Sneasler, L50, M|\n|poke|p1|Orthworm, L50, F|\n|poke|p1|Garchomp, L50, F|\n|poke|p2|Aggron, L50, F|\n|poke|p2|Incineroar, L50, M|\n|poke|p2|Sinistcha, L50|\n|poke|p2|Sableye, L50, M|\n|poke|p2|Tyranitar, L50, F|\n|poke|p2|Kingambit, L50, F|\n|teampreview|4\n|inactive|Battle timer is ON: inactive players will automatically lose when time's up. (requested by DukeofDudes)\n|\n|t:|1776638923\n|teamsize|p1|4\n|teamsize|p2|4\n|start\n|switch|p1a: Sneasler|Sneasler, L50, M|100/100\n|switch|p1b: Orthworm|Orthworm, L50, F|100/100\n|switch|p2a: Sableye|Sableye, L50, M|100/100\n|switch|p2b: Aggron|Aggron, L50, F|100/100\n|turn|1\n|\n|t:|1776638951\n|detailschange|p2b: Aggron|Aggron-Mega, L50, F\n|-mega|p2b: Aggron|Aggron|Aggronite\n|move|p1a: Sneasler|Fake Out|p2b: Aggron\n|-resisted|p2b: Aggron|1\n|-crit|p2b: Aggron\n|-damage|p2b: Aggron|95/100\n|move|p2a: Sableye|Will-O-Wisp|p1a: Sneasler\n|-status|p1a: Sneasler|brn\n|move|p1b: Orthworm|Iron Head|p2a: Sableye\n|-damage|p2a: Sableye|72/100\n|cant|p2b: Aggron|flinch\n|\n|-damage|p1a: Sneasler|95/100 brn|[from] brn\n|upkeep\n|turn|2\n|inactive|Rodrigor8054 has 30 seconds left.\n|inactive|Rodrigor8054 has 20 seconds left.\n|\n|t:|1776638987\n|move|p1b: Orthworm|Helping Hand|p1a: Sneasler\n|-singleturn|p1a: Sneasler|Helping Hand|[of] p1b: Orthworm\n|move|p2b: Aggron|Protect|p2b: Aggron\n|-singleturn|p2b: Aggron|Protect\n|move|p2a: Sableye|Light Screen|p2a: Sableye\n|-sidestart|p2: Rodrigor8054|move: Light Screen\n|move|p1a: Sneasler|Close Combat|p2b: Aggron\n|-activate|p2b: Aggron|move: Protect\n|\n|-damage|p1a: Sneasler|89/100 brn|[from] brn\n|upkeep\n|turn|3\n|\n|t:|1776639001\n|move|p1b: Orthworm|Helping Hand|p1a: Sneasler\n|-singleturn|p1a: Sneasler|Helping Hand|[of] p1b: Orthworm\n|move|p2a: Sableye|Disable|p1a: Sneasler\n|-start|p1a: Sneasler|Disable|Close Combat\n|cant|p1a: Sneasler|Disable|Close Combat\n|move|p2b: Aggron|Iron Defense|p2b: Aggron\n|-boost|p2b: Aggron|def|2\n|\n|-damage|p1a: Sneasler|83/100 brn|[from] brn\n|upkeep\n|turn|4\n|\n|t:|1776639018\n|switch|p1b: Venusaur|Venusaur, L50, F|100/100\n|switch|p2a: Incineroar|Incineroar, L50, M|100/100\n|-ability|p2a: Incineroar|Intimidate|boost\n|-unboost|p1a: Sneasler|atk|1\n|-unboost|p1b: Venusaur|atk|1\n|-enditem|p1a: Sneasler|White Herb\n|-clearnegativeboost|p1a: Sneasler|[silent]\n|move|p1a: Sneasler|Dire Claw|p2a: Incineroar\n|-damage|p2a: Incineroar|81/100\n|-status|p2a: Incineroar|psn\n|move|p2b: Aggron|Body Press|p1b: Venusaur\n|-resisted|p1b: Venusaur|1\n|-damage|p1b: Venusaur|60/100\n|\n|-damage|p2a: Incineroar|68/100 psn|[from] psn\n|-damage|p1a: Sneasler|78/100 brn|[from] brn\n|upkeep\n|turn|5\n|inactive|DukeofDudes has 30 seconds left.\n|\n|t:|1776639053\n|detailschange|p1b: Venusaur|Venusaur-Mega, L50, F\n|-mega|p1b: Venusaur|Venusaur|Venusaurite\n|move|p1b: Venusaur|Protect|p1b: Venusaur\n|-singleturn|p1b: Venusaur|Protect\n|move|p2a: Incineroar|Fake Out|p1b: Venusaur\n|-activate|p1b: Venusaur|move: Protect\n|move|p1a: Sneasler|Dire Claw|p2a: Incineroar\n|-damage|p2a: Incineroar|49/100 psn\n|move|p2b: Aggron|Iron Defense|p2b: Aggron\n|-boost|p2b: Aggron|def|2\n|\n|-damage|p2a: Incineroar|37/100 psn|[from] psn\n|-damage|p1a: Sneasler|72/100 brn|[from] brn\n|upkeep\n|turn|6\n|\n|t:|1776639071\n|switch|p1a: Ninetales|Ninetales-Alola, L50, M|100/100\n|-weather|Snowscape|[from] ability: Snow Warning|[of] p1a: Ninetales\n|move|p1b: Venusaur|Leech Seed|p2b: Aggron\n|-start|p2b: Aggron|move: Leech Seed\n|move|p2a: Incineroar|Flare Blitz|p1a: Ninetales\n|-supereffective|p1a: Ninetales|1\n|-damage|p1a: Ninetales|9/100\n|-damage|p2a: Incineroar|13/100 psn|[from] Recoil\n|move|p2b: Aggron|Body Press|p1b: Venusaur\n|-resisted|p1b: Venusaur|1\n|-damage|p1b: Venusaur|13/100\n|\n|-weather|Snowscape|[upkeep]\n|-damage|p2b: Aggron|83/100|[from] Leech Seed|[of] p1b: Venusaur\n|-heal|p1b: Venusaur|25/100|[silent]\n|-damage|p2a: Incineroar|0 fnt|[from] psn\n|faint|p2a: Incineroar\n|-sideend|p2: Rodrigor8054|move: Light Screen\n|upkeep\n|inactive|Rodrigor8054 has 30 seconds left.\n|\n|t:|1776639102\n|switch|p2a: Sableye|Sableye, L50, M|72/100\n|turn|7\n|\n|t:|1776639111\n|move|p1b: Venusaur|Protect|p1b: Venusaur\n|-singleturn|p1b: Venusaur|Protect\n|move|p2a: Sableye|Fake Out|p1b: Venusaur\n|-activate|p1b: Venusaur|move: Protect\n|move|p1a: Ninetales|Aurora Veil|p1a: Ninetales\n|-sidestart|p1: DukeofDudes|move: Aurora Veil\n|move|p2b: Aggron|Body Press|p1a: Ninetales\n|-damage|p1a: Ninetales|0 fnt\n|faint|p1a: Ninetales\n|\n|-weather|Snowscape|[upkeep]\n|-damage|p2b: Aggron|71/100|[from] Leech Seed|[of] p1b: Venusaur\n|-heal|p1b: Venusaur|37/100|[silent]\n|upkeep\n|\n|t:|1776639123\n|switch|p1a: Sneasler|Sneasler, L50, M|72/100 brn\n|turn|8\n|\n|t:|1776639131\n|switch|p2a: Sinistcha|Sinistcha, L50|100/100\n|-heal|p2b: Aggron|95/100|[from] ability: Hospitality|[of] p2a: Sinistcha\n|move|p2b: Aggron|Protect|p2b: Aggron\n|-singleturn|p2b: Aggron|Protect\n|move|p1a: Sneasler|Fake Out|p2b: Aggron\n|-activate|p2b: Aggron|move: Protect\n|move|p1b: Venusaur|Leech Seed|p2a: Sinistcha\n|-immune|p2a: Sinistcha\n|\n|-weather|Snowscape|[upkeep]\n|-damage|p2b: Aggron|83/100|[from] Leech Seed|[of] p1b: Venusaur\n|-heal|p1b: Venusaur|49/100|[silent]\n|-damage|p1a: Sneasler|66/100 brn|[from] brn\n|upkeep\n|turn|9\n|\n|t:|1776639146\n|move|p2a: Sinistcha|Rage Powder|p2a: Sinistcha\n|-singleturn|p2a: Sinistcha|move: Rage Powder\n|move|p1a: Sneasler|Close Combat|p2a: Sinistcha\n|-immune|p2a: Sinistcha\n|move|p1b: Venusaur|Substitute|p1b: Venusaur\n|-start|p1b: Venusaur|Substitute\n|-damage|p1b: Venusaur|24/100\n|move|p2b: Aggron|Body Press|p1a: Sneasler\n|-resisted|p1a: Sneasler|1\n|-damage|p1a: Sneasler|0 fnt\n|faint|p1a: Sneasler\n|\n|-weather|Snowscape|[upkeep]\n|-damage|p2b: Aggron|71/100|[from] Leech Seed|[of] p1b: Venusaur\n|-heal|p1b: Venusaur|36/100|[silent]\n|upkeep\n|\n|t:|1776639156\n|switch|p1a: Orthworm|Orthworm, L50, F|100/100\n|turn|10\n|\n|t:|1776639165\n|move|p1a: Orthworm|Helping Hand|p1b: Venusaur\n|-singleturn|p1b: Venusaur|Helping Hand|[of] p1a: Orthworm\n|move|p1b: Venusaur|Sludge Bomb|p2a: Sinistcha\n|-damage|p2a: Sinistcha|43/100\n|-status|p2a: Sinistcha|psn\n|-enditem|p2a: Sinistcha|Sitrus Berry|[eat]\n|-heal|p2a: Sinistcha|67/100 psn|[from] item: Sitrus Berry\n|move|p2a: Sinistcha|Life Dew|p2a: Sinistcha|[spread] p2a,p2b\n|-heal|p2a: Sinistcha|93/100 psn\n|-heal|p2b: Aggron|95/100\n|move|p2b: Aggron|Body Press|p1a: Orthworm\n|-supereffective|p1a: Orthworm|1\n|-damage|p1a: Orthworm|0 fnt\n|faint|p1a: Orthworm\n|\n|-weather|none\n|-damage|p2b: Aggron|83/100|[from] Leech Seed|[of] p1b: Venusaur\n|-heal|p1b: Venusaur|48/100|[silent]\n|-damage|p2a: Sinistcha|80/100 psn|[from] psn\n|upkeep\n|turn|11\n|\n|t:|1776639189\n|move|p1b: Venusaur|Protect|p1b: Venusaur\n|-singleturn|p1b: Venusaur|Protect\n|move|p2a: Sinistcha|Life Dew|p2a: Sinistcha|[spread] p2a,p2b\n|-heal|p2a: Sinistcha|100/100 psn\n|-heal|p2b: Aggron|100/100\n|move|p2b: Aggron|Body Press|p1b: Venusaur\n|-activate|p1b: Venusaur|move: Protect\n|\n|-damage|p2b: Aggron|88/100|[from] Leech Seed|[of] p1b: Venusaur\n|-heal|p1b: Venusaur|59/100|[silent]\n|-damage|p2a: Sinistcha|88/100 psn|[from] psn\n|-sideend|p1: DukeofDudes|move: Aurora Veil\n|upkeep\n|turn|12\n|inactive|DukeofDudes has 30 seconds left.\n|\n|t:|1776639215\n|move|p1b: Venusaur|Sludge Bomb|p2a: Sinistcha\n|-damage|p2a: Sinistcha|49/100 psn\n|move|p2a: Sinistcha|Life Dew|p2a: Sinistcha|[spread] p2a,p2b\n|-heal|p2a: Sinistcha|75/100 psn\n|-heal|p2b: Aggron|100/100\n|move|p2b: Aggron|Body Press|p1b: Venusaur\n|-resisted|p1b: Venusaur|1\n|-end|p1b: Venusaur|Substitute\n|\n|-damage|p2b: Aggron|88/100|[from] Leech Seed|[of] p1b: Venusaur\n|-heal|p1b: Venusaur|71/100|[silent]\n|-damage|p2a: Sinistcha|62/100 psn|[from] psn\n|upkeep\n|turn|13\n|\n|t:|1776639228\n|move|p1b: Venusaur|Protect|p1b: Venusaur\n|-singleturn|p1b: Venusaur|Protect\n|move|p2b: Aggron|Iron Defense|p2b: Aggron\n|-boost|p2b: Aggron|def|2\n|move|p2a: Sinistcha|Trick Room|p2a: Sinistcha\n|-fieldstart|move: Trick Room|[of] p2a: Sinistcha\n|\n|-damage|p2b: Aggron|76/100|[from] Leech Seed|[of] p1b: Venusaur\n|-heal|p1b: Venusaur|83/100|[silent]\n|-damage|p2a: Sinistcha|50/100 psn|[from] psn\n|upkeep\n|turn|14\n|\n|t:|1776639241\n|move|p2b: Aggron|Body Press|p1b: Venusaur\n|-resisted|p1b: Venusaur|1\n|-damage|p1b: Venusaur|26/100\n|move|p2a: Sinistcha|Life Dew|p2a: Sinistcha|[spread] p2a,p2b\n|-heal|p2a: Sinistcha|75/100 psn\n|-heal|p2b: Aggron|100/100\n|move|p1b: Venusaur|Substitute|p1b: Venusaur\n|-start|p1b: Venusaur|Substitute\n|-damage|p1b: Venusaur|1/100\n|\n|-damage|p2b: Aggron|88/100|[from] Leech Seed|[of] p1b: Venusaur\n|-heal|p1b: Venusaur|13/100|[silent]\n|-damage|p2a: Sinistcha|63/100 psn|[from] psn\n|upkeep\n|turn|15\n|\n|t:|1776639256\n|move|p1b: Venusaur|Protect|p1b: Venusaur\n|-singleturn|p1b: Venusaur|Protect\n|move|p2b: Aggron|Body Press|p1b: Venusaur\n|-activate|p1b: Venusaur|move: Protect\n|move|p2a: Sinistcha|Life Dew|p2a: Sinistcha|[spread] p2a,p2b\n|-heal|p2a: Sinistcha|88/100 psn\n|-heal|p2b: Aggron|100/100\n|\n|-damage|p2b: Aggron|88/100|[from] Leech Seed|[of] p1b: Venusaur\n|-heal|p1b: Venusaur|25/100|[silent]\n|-damage|p2a: Sinistcha|76/100 psn|[from] psn\n|upkeep\n|turn|16\n|\n|t:|1776639276\n|move|p2b: Aggron|Body Press|p1b: Venusaur\n|-resisted|p1b: Venusaur|1\n|-end|p1b: Venusaur|Substitute\n|move|p2a: Sinistcha|Life Dew|p2a: Sinistcha|[spread] p2a,p2b\n|-heal|p2a: Sinistcha|100/100 psn\n|-heal|p2b: Aggron|100/100\n|move|p1b: Venusaur|Sludge Bomb|p2a: Sinistcha\n|-damage|p2a: Sinistcha|63/100 psn\n|\n|-damage|p2b: Aggron|88/100|[from] Leech Seed|[of] p1b: Venusaur\n|-heal|p1b: Venusaur|36/100|[silent]\n|-damage|p2a: Sinistcha|51/100 psn|[from] psn\n|upkeep\n|turn|17\n|\n|t:|1776639292\n|move|p1b: Venusaur|Protect|p1b: Venusaur\n|-singleturn|p1b: Venusaur|Protect\n|move|p2b: Aggron|Heavy Slam|p1b: Venusaur\n|-activate|p1b: Venusaur|move: Protect\n|move|p2a: Sinistcha|Life Dew|p2a: Sinistcha|[spread] p2a,p2b\n|-heal|p2a: Sinistcha|76/100 psn\n|-heal|p2b: Aggron|100/100\n|\n|-damage|p2b: Aggron|88/100|[from] Leech Seed|[of] p1b: Venusaur\n|-heal|p1b: Venusaur|48/100|[silent]\n|-damage|p2a: Sinistcha|64/100 psn|[from] psn\n|-fieldend|move: Trick Room\n|upkeep\n|turn|18\n|\n|t:|1776639306\n|move|p1b: Venusaur|Substitute|p1b: Venusaur\n|-start|p1b: Venusaur|Substitute\n|-damage|p1b: Venusaur|23/100\n|move|p2b: Aggron|Body Press|p1b: Venusaur\n|-resisted|p1b: Venusaur|1\n|-end|p1b: Venusaur|Substitute\n|move|p2a: Sinistcha|Trick Room|p2a: Sinistcha\n|-fieldstart|move: Trick Room|[of] p2a: Sinistcha\n|\n|-damage|p2b: Aggron|76/100|[from] Leech Seed|[of] p1b: Venusaur\n|-heal|p1b: Venusaur|35/100|[silent]\n|-damage|p2a: Sinistcha|52/100 psn|[from] psn\n|upkeep\n|turn|19\n|\n|t:|1776639317\n|move|p1b: Venusaur|Protect|p1b: Venusaur\n|-singleturn|p1b: Venusaur|Protect\n|move|p2b: Aggron|Heavy Slam|p1b: Venusaur\n|-activate|p1b: Venusaur|move: Protect\n|move|p2a: Sinistcha|Life Dew|p2a: Sinistcha|[spread] p2a,p2b\n|-heal|p2a: Sinistcha|77/100 psn\n|-heal|p2b: Aggron|100/100\n|\n|-damage|p2b: Aggron|88/100|[from] Leech Seed|[of] p1b: Venusaur\n|-heal|p1b: Venusaur|47/100|[silent]\n|-damage|p2a: Sinistcha|65/100 psn|[from] psn\n|upkeep\n|turn|20\n|\n|t:|1776639323\n|move|p2b: Aggron|Body Press|p1b: Venusaur\n|-resisted|p1b: Venusaur|1\n|-damage|p1b: Venusaur|0 fnt\n|faint|p1b: Venusaur\n|\n|win|Rodrigor8054\n|raw|DukeofDudes's rating: 1316 &rarr; <strong>1291</strong><br />(-25 for losing)\n|raw|Rodrigor8054's rating: 1219 &rarr; <strong>1251</strong><br />(+32 for winning)\n",
  "uploadtime": 1776639353,
  "views": 13,
  "formatid": "gen9championsvgc2026regma",
  "rating": 1251,
  "private": 0,
  "password": null
}