{
  "id": "gen9championsvgc2026regma-2582959399",
  "format": "[Gen 9 Champions] VGC 2026 Reg M-A",
  "players": [
    "tiktaksnicksnack",
    "UGECptAjani"
  ],
  "log": "|j|\u2606tiktaksnicksnack\n|j|\u2606UGECptAjani\n|t:|1776128553\n|gametype|doubles\n|player|p1|tiktaksnicksnack|102|1000\n|player|p2|UGECptAjani|2|1074\n|gen|9\n|tier|[Gen 9 Champions] VGC 2026 Reg M-A\n|rated|\n|rule|Species Clause: Limit one of each Pok\u00e9mon\n|rule|Item Clause: Limit 1 of each item\n|clearpoke\n|poke|p1|Lycanroc-Dusk, L50, M|\n|poke|p1|Rotom-Wash, L50|\n|poke|p1|Gengar, L50, M|\n|poke|p1|Corviknight, L50, M|\n|poke|p1|Ninetales-Alola, L50, F|\n|poke|p1|Dragapult, L50, F|\n|poke|p2|Floette-Eternal, L50, F|\n|poke|p2|Aerodactyl, L50, M|\n|poke|p2|Incineroar, L50, M|\n|poke|p2|Garchomp, L50, F|\n|poke|p2|Charizard, L50, F|\n|poke|p2|Venusaur, L50, M|\n|teampreview|4\n|\n|t:|1776128580\n|teamsize|p1|4\n|teamsize|p2|4\n|start\n|switch|p1a: Rotom|Rotom-Wash, L50|100/100\n|switch|p1b: Corviknight|Corviknight, L50, M|100/100\n|switch|p2a: Aerodactyl|Aerodactyl, L50, M|100/100\n|switch|p2b: Garchomp|Garchomp, L50, F|100/100\n|-ability|p2a: Aerodactyl|Unnerve\n|turn|1\n|\n|t:|1776128608\n|switch|p2b: Venusaur|Venusaur, L50, M|100/100\n|move|p1a: Rotom|Trick|p2a: Aerodactyl\n|-activate|p1a: Rotom|move: Trick|[of] p2a: Aerodactyl\n|-item|p2a: Aerodactyl|Choice Scarf|[from] move: Trick\n|-item|p1a: Rotom|Lum Berry|[from] move: Trick\n|move|p2a: Aerodactyl|Tailwind|p2a: Aerodactyl\n|-sidestart|p2: UGECptAjani|move: Tailwind\n|move|p1b: Corviknight|Tailwind|p1b: Corviknight\n|-sidestart|p1: tiktaksnicksnack|move: Tailwind\n|\n|upkeep\n|turn|2\n|inactive|Battle timer is ON: inactive players will automatically lose when time's up. (requested by tiktaksnicksnack)\n|\n|t:|1776128653\n|switch|p2a: Charizard|Charizard, L50, F|100/100\n|move|p1a: Rotom|Volt Switch|p2a: Charizard\n|-supereffective|p2a: Charizard|1\n|-damage|p2a: Charizard|14/100\n|\n|t:|1776128659\n|switch|p1a: Lycanroc|Lycanroc-Dusk, L50, M|100/100|[from] Volt Switch\n|move|p2b: Venusaur|Leaf Storm|p1a: Lycanroc\n|-supereffective|p1a: Lycanroc|1\n|-enditem|p1a: Lycanroc|Focus Sash\n|-damage|p1a: Lycanroc|1/100\n|-unboost|p2b: Venusaur|spa|2\n|move|p1b: Corviknight|U-turn|p2b: Venusaur\n|-damage|p2b: Venusaur|83/100\n|\n|t:|1776128670\n|switch|p1b: Dragapult|Dragapult, L50, F|100/100|[from] U-turn\n|\n|upkeep\n|turn|3\n|\n|t:|1776128685\n|detailschange|p2a: Charizard|Charizard-Mega-Y, L50, F\n|-mega|p2a: Charizard|Charizard|Charizardite Y\n|-weather|SunnyDay|[from] ability: Drought|[of] p2a: Charizard\n|move|p2a: Charizard|Protect|p2a: Charizard\n|-singleturn|p2a: Charizard|Protect\n|move|p1a: Lycanroc|Accelerock|p2a: Charizard\n|-activate|p2a: Charizard|move: Protect\n|move|p2b: Venusaur|Sleep Powder|p1b: Dragapult|[miss]\n|-miss|p2b: Venusaur|p1b: Dragapult\n|move|p1b: Dragapult|Psychic Fangs|p2b: Venusaur\n|-supereffective|p2b: Venusaur|1\n|-damage|p2b: Venusaur|9/100\n|\n|-weather|SunnyDay|[upkeep]\n|upkeep\n|turn|4\n|inactive|UGECptAjani has 30 seconds left.\n|\n|t:|1776128711\n|switch|p2a: Garchomp|Garchomp, L50, F|100/100\n|move|p1a: Lycanroc|Accelerock|p2a: Garchomp\n|-resisted|p2a: Garchomp|1\n|-damage|p2a: Garchomp|89/100\n|-damage|p1a: Lycanroc|0 fnt|[from] ability: Rough Skin|[of] p2a: Garchomp\n|faint|p1a: Lycanroc\n|move|p2b: Venusaur|Leaf Storm|p1b: Dragapult\n|-resisted|p1b: Dragapult|1\n|-damage|p1b: Dragapult|81/100\n|-unboost|p2b: Venusaur|spa|2\n|move|p1b: Dragapult|U-turn|p2b: Venusaur\n|-damage|p2b: Venusaur|0 fnt\n|faint|p2b: Venusaur\n|\n|t:|1776128726\n|switch|p1b: Corviknight|Corviknight, L50, M|100/100|[from] U-turn\n|\n|-weather|SunnyDay|[upkeep]\n|-sideend|p1: tiktaksnicksnack|move: Tailwind\n|-sideend|p2: UGECptAjani|move: Tailwind\n|upkeep\n|\n|t:|1776128734\n|switch|p1a: Rotom|Rotom-Wash, L50|100/100\n|switch|p2b: Charizard|Charizard-Mega-Y, L50, F|14/100\n|turn|5\n|inactive|UGECptAjani has 30 seconds left.\n|\n|t:|1776128763\n|move|p2a: Garchomp|Rock Slide|p1a: Rotom|[spread] p1a,p1b\n|-damage|p1a: Rotom|75/100\n|-damage|p1b: Corviknight|88/100\n|cant|p1a: Rotom|flinch\n|move|p2b: Charizard|Weather Ball|p1b: Corviknight\n|-supereffective|p1b: Corviknight|1\n|-damage|p1b: Corviknight|0 fnt\n|faint|p1b: Corviknight\n|\n|-weather|SunnyDay|[upkeep]\n|upkeep\n|\n|t:|1776128778\n|switch|p1b: Dragapult|Dragapult, L50, F|81/100\n|turn|6\n|\n|t:|1776128797\n|move|p1b: Dragapult|Sucker Punch|p2b: Charizard\n|-damage|p2b: Charizard|0 fnt\n|faint|p2b: Charizard\n|move|p2a: Garchomp|Rock Slide|p1a: Rotom|[spread] p1a,p1b\n|-damage|p1a: Rotom|47/100\n|-damage|p1b: Dragapult|53/100\n|move|p1a: Rotom|Hydro Pump|p2a: Garchomp\n|-damage|p2a: Garchomp|64/100\n|\n|-weather|SunnyDay|[upkeep]\n|upkeep\n|\n|t:|1776128806\n|switch|p2b: Aerodactyl|Aerodactyl, L50, M|100/100\n|-ability|p2b: Aerodactyl|Unnerve\n|turn|7\n|\n|t:|1776128823\n|move|p2b: Aerodactyl|Dual Wingbeat|p1b: Dragapult\n|-damage|p1b: Dragapult|25/100\n|-damage|p1b: Dragapult|0 fnt\n|faint|p1b: Dragapult\n|-hitcount|p1: Dragapult|2\n|move|p2a: Garchomp|Rock Slide|p1a: Rotom\n|-damage|p1a: Rotom|13/100\n|cant|p1a: Rotom|flinch\n|\n|-weather|none\n|upkeep\n|turn|8\n|-message|tiktaksnicksnack forfeited.\n|\n|win|UGECptAjani\n|raw|tiktaksnicksnack's rating: 1000 &rarr; <strong>1000</strong><br />(+0 for losing)\n|raw|UGECptAjani's rating: 1074 &rarr; <strong>1097</strong><br />(+23 for winning)\n|l|\u2606tiktaksnicksnack\n|player|p1|\n",
  "uploadtime": 1776128843,
  "views": 17,
  "formatid": "gen9championsvgc2026regma",
  "rating": 1000,
  "private": 0,
  "password": null
}