{
  "id": "gen9championsvgc2026regma-2582008042",
  "format": "[Gen 9 Champions] VGC 2026 Reg M-A",
  "players": [
    "StrikerMohamud",
    "fleta gaga supreme"
  ],
  "log": "|j|\u2606StrikerMohamud\n|j|\u2606fleta gaga supreme\n|t:|1776047849\n|gametype|doubles\n|player|p1|StrikerMohamud|unknown|1249\n|player|p2|fleta gaga supreme|lusamine-nihilego|1217\n|gen|9\n|tier|[Gen 9 Champions] VGC 2026 Reg M-A\n|rated|\n|rule|Species Clause: Limit one of each Pok\u00e9mon\n|rule|Item Clause: Limit 1 of each item\n|clearpoke\n|poke|p1|Kangaskhan, L50, F|\n|poke|p1|Incineroar, L50, F|\n|poke|p1|Azumarill, L50, M|\n|poke|p1|Froslass, L50, F|\n|poke|p1|Garchomp, L50, F|\n|poke|p1|Talonflame, L50, F|\n|poke|p2|Aerodactyl, L50, M|\n|poke|p2|Incineroar, L50, F|\n|poke|p2|Floette-Eternal, L50, F|\n|poke|p2|Basculegion, L50, M|\n|poke|p2|Garchomp, L50, F|\n|poke|p2|Sneasler, L50, F|\n|teampreview|4\n|inactive|Battle timer is ON: inactive players will automatically lose when time's up. (requested by fleta gaga supreme)\n|inactive|StrikerMohamud has 60 seconds left.\n|inactive|StrikerMohamud has 30 seconds left.\n|inactive|StrikerMohamud has 20 seconds left.\n|inactive|StrikerMohamud has 15 seconds left.\n|inactive|StrikerMohamud has 10 seconds left.\n|inactive|StrikerMohamud has 5 seconds left.\n|\n|t:|1776047939\n|teamsize|p1|4\n|teamsize|p2|4\n|start\n|switch|p1a: Kangaskhan|Kangaskhan, L50, F|100/100\n|switch|p1b: Incineroar|Incineroar, L50, F, shiny|100/100\n|switch|p2a: Incineroar|Incineroar, L50, F|100/100\n|switch|p2b: Basculegion|Basculegion, L50, M|100/100\n|-ability|p1b: Incineroar|Intimidate|boost\n|-unboost|p2a: Incineroar|atk|1\n|-unboost|p2b: Basculegion|atk|1\n|-ability|p2a: Incineroar|Intimidate|boost\n|-fail|p1a: Kangaskhan|unboost|Attack|[from] ability: Scrappy|[of] p1a: Kangaskhan\n|-unboost|p1b: Incineroar|atk|1\n|turn|1\n|\n|t:|1776047948\n|switch|p1a: Azumarill|Azumarill, L50, M, shiny|100/100\n|move|p2a: Incineroar|Fake Out|p1a: Azumarill\n|-damage|p1a: Azumarill|92/100\n|move|p2b: Basculegion|Flip Turn|p1b: Incineroar\n|-supereffective|p1b: Incineroar|1\n|-damage|p1b: Incineroar|49/100\n|\n|t:|1776047958\n|switch|p2b: Floette|Floette-Eternal, L50, F|100/100|[from] Flip Turn\n|move|p1b: Incineroar|Parting Shot|p2a: Incineroar\n|-unboost|p2a: Incineroar|atk|1\n|-unboost|p2a: Incineroar|spa|1\n|\n|t:|1776047966\n|switch|p1b: Kangaskhan|Kangaskhan, L50, F|100/100|[from] Parting Shot\n|\n|upkeep\n|turn|2\n|inactive|fleta gaga supreme has 30 seconds left.\n|\n|t:|1776047996\n|switch|p2b: Basculegion|Basculegion, L50, M|100/100\n|detailschange|p1b: Kangaskhan|Kangaskhan-Mega, L50, F\n|-mega|p1b: Kangaskhan|Kangaskhan|Kangaskhanite\n|move|p1b: Kangaskhan|Fake Out|p2a: Incineroar\n|-damage|p2a: Incineroar|81/100\n|-damage|p2a: Incineroar|77/100\n|-hitcount|p2a: Incineroar|2\n|cant|p2a: Incineroar|flinch\n|move|p1a: Azumarill|Belly Drum|p1a: Azumarill\n|-damage|p1a: Azumarill|42/100\n|-setboost|p1a: Azumarill|atk|6|[from] move: Belly Drum\n|-enditem|p1a: Azumarill|Sitrus Berry|[eat]\n|-heal|p1a: Azumarill|67/100|[from] item: Sitrus Berry\n|\n|upkeep\n|turn|3\n|inactive|fleta gaga supreme has 30 seconds left.\n|inactive|fleta gaga supreme has 20 seconds left.\n|inactive|fleta gaga supreme has 15 seconds left.\n|\n|t:|1776048040\n|move|p2a: Incineroar|Helping Hand|p2b: Basculegion\n|-singleturn|p2b: Basculegion|Helping Hand|[of] p2a: Incineroar\n|move|p1a: Azumarill|Protect|p1a: Azumarill\n|-singleturn|p1a: Azumarill|Protect\n|move|p1b: Kangaskhan|Sucker Punch|p2b: Basculegion\n|-supereffective|p2b: Basculegion|1\n|-damage|p2b: Basculegion|37/100\n|-supereffective|p2b: Basculegion|1\n|-damage|p2b: Basculegion|22/100\n|-hitcount|p2b: Basculegion|2\n|move|p2b: Basculegion|Wave Crash|p1a: Azumarill\n|-activate|p1a: Azumarill|move: Protect\n|\n|upkeep\n|turn|4\n|inactive|StrikerMohamud has 30 seconds left.\n|\n|t:|1776048068\n|move|p1b: Kangaskhan|Sucker Punch|p2b: Basculegion\n|-supereffective|p2b: Basculegion|1\n|-damage|p2b: Basculegion|0 fnt\n|faint|p2b: Basculegion\n|-hitcount|p2: Basculegion|1\n|move|p1a: Azumarill|Aqua Jet|p2a: Incineroar\n|-supereffective|p2a: Incineroar|1\n|-damage|p2a: Incineroar|0 fnt\n|faint|p2a: Incineroar\n|\n|upkeep\n|\n|t:|1776048071\n|switch|p2b: Floette|Floette-Eternal, L50, F|100/100\n|switch|p2a: Sneasler|Sneasler, L50, F|100/100\n|turn|5\n|\n|t:|1776048082\n|switch|p1b: Incineroar|Incineroar, L50, F, shiny|49/100\n|-ability|p1b: Incineroar|Intimidate|boost\n|-unboost|p2a: Sneasler|atk|1\n|-unboost|p2b: Floette|atk|1\n|-enditem|p2a: Sneasler|White Herb\n|-clearnegativeboost|p2a: Sneasler|[silent]\n|detailschange|p2b: Floette|Floette-Mega, L50, F\n|-mega|p2b: Floette|Floette|Floettite\n|-ability|p2b: Floette|Fairy Aura\n|move|p1a: Azumarill|Protect|p1a: Azumarill\n|-singleturn|p1a: Azumarill|Protect\n|move|p2a: Sneasler|Close Combat|p1b: Incineroar\n|-supereffective|p1b: Incineroar|1\n|-damage|p1b: Incineroar|0 fnt\n|-unboost|p2a: Sneasler|def|1\n|-unboost|p2a: Sneasler|spd|1\n|faint|p1b: Incineroar\n|move|p2b: Floette|Moonblast|p1a: Azumarill\n|-activate|p1a: Azumarill|move: Protect\n|\n|upkeep\n|\n|t:|1776048085\n|switch|p1b: Kangaskhan|Kangaskhan-Mega, L50, F|100/100\n|turn|6\n|\n|t:|1776048099\n|move|p2a: Sneasler|Protect|p2a: Sneasler\n|-singleturn|p2a: Sneasler|Protect\n|move|p2b: Floette|Protect|p2b: Floette\n|-singleturn|p2b: Floette|Protect\n|move|p1b: Kangaskhan|Fake Out|p2a: Sneasler\n|-activate|p2a: Sneasler|move: Protect\n|move|p1a: Azumarill|Aqua Jet|p2b: Floette\n|-activate|p2b: Floette|move: Protect\n|\n|upkeep\n|turn|7\n|\n|t:|1776048115\n|move|p1a: Azumarill|Aqua Jet|p2b: Floette\n|-damage|p2b: Floette|0 fnt\n|faint|p2b: Floette\n|move|p2a: Sneasler|Close Combat|p1b: Kangaskhan\n|-supereffective|p1b: Kangaskhan|1\n|-damage|p1b: Kangaskhan|0 fnt\n|-unboost|p2a: Sneasler|def|1\n|-unboost|p2a: Sneasler|spd|1\n|faint|p1b: Kangaskhan\n|\n|upkeep\n|\n|t:|1776048121\n|switch|p1b: Froslass|Froslass, L50, F, shiny|100/100\n|turn|8\n|-message|fleta gaga supreme forfeited.\n|\n|win|StrikerMohamud\n|raw|StrikerMohamud's rating: 1249 &rarr; <strong>1272</strong><br />(+23 for winning)\n|raw|fleta gaga supreme's rating: 1217 &rarr; <strong>1194</strong><br />(-23 for losing)\n|l|\u2606fleta gaga supreme\n|player|p2|\n",
  "uploadtime": 1776047851,
  "views": 13,
  "formatid": "gen9championsvgc2026regma",
  "rating": 1194,
  "private": 0,
  "password": null
}