{
  "id": "gen9championsvgc2026regma-2581635803",
  "format": "[Gen 9 Champions] VGC 2026 Reg M-A",
  "players": [
    "eatinoreos",
    "Shortslover69"
  ],
  "log": "|j|\u2606eatinoreos\n|j|\u2606Shortslover69\n|t:|1776016872\n|gametype|doubles\n|player|p1|eatinoreos|roark|1059\n|player|p2|Shortslover69|youngster-gen4dp|1037\n|gen|9\n|tier|[Gen 9 Champions] VGC 2026 Reg M-A\n|rated|\n|rule|Species Clause: Limit one of each Pok\u00e9mon\n|rule|Item Clause: Limit 1 of each item\n|clearpoke\n|poke|p1|Sneasler, L50, M|\n|poke|p1|Kingambit, L50, M|\n|poke|p1|Basculegion, L50, M|\n|poke|p1|Clefable, L50, F|\n|poke|p1|Delphox, L50, F|\n|poke|p1|Garchomp, L50, F|\n|poke|p2|Ampharos, L50, F|\n|poke|p2|Mimikyu, L50, F|\n|poke|p2|Kingambit, L50, F|\n|poke|p2|Sylveon, L50, F|\n|poke|p2|Crabominable, L50, M|\n|poke|p2|Camerupt, L50, M|\n|teampreview|4\n|inactive|Battle timer is ON: inactive players will automatically lose when time's up. (requested by Shortslover69)\n|inactive|Shortslover69 has 60 seconds left.\n|\n|t:|1776016906\n|teamsize|p1|4\n|teamsize|p2|4\n|start\n|switch|p1a: Delphox|Delphox, L50, F|100/100\n|switch|p1b: Clefable|Clefable, L50, F|100/100\n|switch|p2a: Grey|Mimikyu, L50, F, shiny|100/100\n|switch|p2b: Cham|Camerupt, L50, M, shiny|100/100\n|turn|1\n|inactive|eatinoreos has 30 seconds left.\n|\n|t:|1776016936\n|detailschange|p1a: Delphox|Delphox-Mega, L50, F\n|-mega|p1a: Delphox|Delphox|Delphoxite\n|move|p2b: Cham|Protect|p2b: Cham\n|-singleturn|p2b: Cham|Protect\n|move|p1a: Delphox|Psychic|p2b: Cham\n|-activate|p2b: Cham|move: Protect\n|move|p1b: Clefable|Moonblast|p2a: Grey\n|-activate|p2a: Grey|ability: Disguise\n|-damage|p2a: Grey|100/100\n|detailschange|p2a: Grey|Mimikyu-Busted, L50, F, shiny\n|-damage|p2a: Grey|88/100|[from] pokemon: Mimikyu-Busted\n|move|p2a: Grey|Trick Room|p2a: Grey\n|-fieldstart|move: Trick Room|[of] p2a: Grey\n|\n|upkeep\n|turn|2\n|inactive|eatinoreos has 30 seconds left.\n|\n|t:|1776016969\n|move|p1b: Clefable|Helping Hand|p1a: Delphox\n|-singleturn|p1a: Delphox|Helping Hand|[of] p1b: Clefable\n|move|p2b: Cham|Eruption|p1a: Delphox|[spread] p1a,p1b\n|-resisted|p1a: Delphox|1\n|-damage|p1a: Delphox|73/100\n|-damage|p1b: Clefable|62/100\n|move|p2a: Grey|Shadow Claw|p1a: Delphox\n|-supereffective|p1a: Delphox|1\n|-damage|p1a: Delphox|2/100\n|move|p1a: Delphox|Heat Wave|p2b: Cham|[spread] p2a,p2b\n|-resisted|p2b: Cham|1\n|-damage|p2a: Grey|34/100\n|-damage|p2b: Cham|60/100\n|\n|-heal|p2b: Cham|66/100|[from] item: Leftovers\n|upkeep\n|turn|3\n|inactive|eatinoreos has 30 seconds left.\n|\n|t:|1776017002\n|move|p1a: Delphox|Protect|p1a: Delphox\n|-singleturn|p1a: Delphox|Protect\n|move|p2a: Grey|Shadow Sneak|p1a: Delphox\n|-activate|p1a: Delphox|move: Protect\n|move|p2b: Cham|Earth Power|p1b: Clefable\n|-damage|p1b: Clefable|33/100\n|-enditem|p1b: Clefable|Sitrus Berry|[eat]\n|-heal|p1b: Clefable|58/100|[from] item: Sitrus Berry\n|move|p1b: Clefable|Moonblast|p2a: Grey\n|-damage|p2a: Grey|5/100\n|\n|-heal|p2b: Cham|72/100|[from] item: Leftovers\n|upkeep\n|turn|4\n|inactive|eatinoreos has 30 seconds left.\n|\n|t:|1776017027\n|switch|p1a: Basculegion|Basculegion, L50, M|100/100\n|move|p2a: Grey|Shadow Sneak|p1a: Basculegion\n|-supereffective|p1a: Basculegion|1\n|-damage|p1a: Basculegion|64/100\n|move|p2b: Cham|Eruption|p1a: Basculegion|[spread] p1a,p1b\n|-resisted|p1a: Basculegion|1\n|-damage|p1a: Basculegion|40/100\n|-damage|p1b: Clefable|28/100\n|move|p1b: Clefable|Moonblast|p2a: Grey\n|-damage|p2a: Grey|0 fnt\n|faint|p2a: Grey\n|\n|-heal|p2b: Cham|78/100|[from] item: Leftovers\n|upkeep\n|\n|t:|1776017038\n|switch|p2a: Beep|Ampharos, L50, F, shiny|100/100\n|turn|5\n|inactive|eatinoreos has 30 seconds left.\n|\n|t:|1776017065\n|detailschange|p2a: Beep|Ampharos-Mega, L50, F, shiny\n|-mega|p2a: Beep|Ampharos|Ampharosite\n|-ability|p2a: Beep|Mold Breaker\n|move|p1b: Clefable|Helping Hand|p1a: Basculegion\n|-singleturn|p1a: Basculegion|Helping Hand|[of] p1b: Clefable\n|move|p1a: Basculegion|Aqua Jet|p2b: Cham\n|-supereffective|p2b: Cham|2\n|-damage|p2b: Cham|0 fnt\n|faint|p2b: Cham\n|move|p2a: Beep|Thunderbolt|p1a: Basculegion\n|-supereffective|p1a: Basculegion|1\n|-damage|p1a: Basculegion|0 fnt\n|faint|p1a: Basculegion\n|\n|-fieldend|move: Trick Room\n|upkeep\n|\n|t:|1776017083\n|switch|p1a: Delphox|Delphox-Mega, L50, F|2/100\n|switch|p2b: Furfur|Crabominable, L50, M, shiny|100/100\n|turn|6\n|\n|t:|1776017097\n|move|p1b: Clefable|Helping Hand|p1a: Delphox\n|-singleturn|p1a: Delphox|Helping Hand|[of] p1b: Clefable\n|move|p2b: Furfur|Protect|p2b: Furfur\n|-singleturn|p2b: Furfur|Protect\n|move|p1a: Delphox|Heat Wave|p2a: Beep|[spread] p2a\n|-activate|p2b: Furfur|move: Protect\n|-resisted|p2a: Beep|1\n|-crit|p2a: Beep\n|-damage|p2a: Beep|52/100\n|move|p2a: Beep|Thunderbolt|p1a: Delphox\n|-damage|p1a: Delphox|0 fnt\n|faint|p1a: Delphox\n|\n|upkeep\n|\n|t:|1776017110\n|switch|p1a: Sneasler|Sneasler, L50, M|100/100\n|turn|7\n|\n|t:|1776017123\n|move|p2a: Beep|Protect|p2a: Beep\n|-singleturn|p2a: Beep|Protect\n|move|p1a: Sneasler|Fake Out|p2a: Beep\n|-activate|p2a: Beep|move: Protect\n|move|p1b: Clefable|Moonblast|p2a: Beep\n|-activate|p2a: Beep|move: Protect\n|move|p2b: Furfur|Earthquake|p1a: Sneasler|[spread] p1a,p1b\n|-activate|p2a: Beep|move: Protect\n|-supereffective|p1a: Sneasler|1\n|-damage|p1a: Sneasler|8/100\n|-damage|p1b: Clefable|0 fnt\n|faint|p1b: Clefable\n|\n|upkeep\n|turn|8\n|\n|t:|1776017136\n|move|p1a: Sneasler|Close Combat|p2b: Furfur\n|-supereffective|p2b: Furfur|1\n|-damage|p2b: Furfur|0 fnt\n|-unboost|p1a: Sneasler|def|1\n|-unboost|p1a: Sneasler|spd|1\n|faint|p2b: Furfur\n|move|p2a: Beep|Thunderbolt|p1a: Sneasler\n|-damage|p1a: Sneasler|0 fnt\n|faint|p1a: Sneasler\n|\n|win|Shortslover69\n|raw|eatinoreos's rating: 1059 &rarr; <strong>1039</strong><br />(-20 for losing)\n|raw|Shortslover69's rating: 1037 &rarr; <strong>1074</strong><br />(+37 for winning)\n|l|\u2606eatinoreos\n|player|p1|\n",
  "uploadtime": 1776017143,
  "views": 18,
  "formatid": "gen9championsvgc2026regma",
  "rating": 1039,
  "private": 0,
  "password": null
}