{
  "id": "gen9championsvgc2026regma-2585125467",
  "format": "[Gen 9 Champions] VGC 2026 Reg M-A",
  "players": [
    "avengdm",
    "mhoangorqkiet"
  ],
  "log": "|j|\u2606avengdm\n|j|\u2606mhoangorqkiet\n|t:|1776314762\n|gametype|doubles\n|player|p1|avengdm|aromalady|1094\n|player|p2|mhoangorqkiet|169|1017\n|gen|9\n|tier|[Gen 9 Champions] VGC 2026 Reg M-A\n|rated|\n|rule|Species Clause: Limit one of each Pok\u00e9mon\n|rule|Item Clause: Limit 1 of each item\n|clearpoke\n|poke|p1|Sylveon, L50, M|\n|poke|p1|Starmie, L50|\n|poke|p1|Sinistcha-Masterpiece, L50|\n|poke|p1|Incineroar, L50, F|\n|poke|p1|Kingambit, L50, M|\n|poke|p1|Sneasler, L50, F|\n|poke|p2|Gengar, L50, F|\n|poke|p2|Clefable, L50, M|\n|poke|p2|Maushold-Four, L50|\n|poke|p2|Dragapult, L50, F|\n|poke|p2|Cofagrigus, L50, F|\n|poke|p2|Slowbro, L50, M|\n|teampreview|4\n|\n|t:|1776314798\n|teamsize|p1|4\n|teamsize|p2|4\n|start\n|switch|p1a: Kingambit|Kingambit, L50, M|100/100\n|switch|p1b: Incineroar|Incineroar, L50, F|100/100\n|switch|p2a: Cofagrigus|Cofagrigus, L50, F|100/100\n|switch|p2b: Slowbro|Slowbro, L50, M|100/100\n|-ability|p1b: Incineroar|Intimidate|boost\n|-unboost|p2a: Cofagrigus|atk|1\n|-fail|p2b: Slowbro|unboost|Attack|[from] ability: Oblivious|[of] p2b: Slowbro\n|turn|1\n|\n|t:|1776314833\n|detailschange|p2b: Slowbro|Slowbro-Mega, L50, M\n|-mega|p2b: Slowbro|Slowbro|Slowbronite\n|move|p2b: Slowbro|Protect|p2b: Slowbro\n|-singleturn|p2b: Slowbro|Protect\n|move|p1b: Incineroar|Fake Out|p2b: Slowbro\n|-activate|p2b: Slowbro|move: Protect\n|move|p1a: Kingambit|Kowtow Cleave|p2a: Cofagrigus\n|-supereffective|p2a: Cofagrigus|1\n|-damage|p2a: Cofagrigus|28/100\n|-activate|p2a: Cofagrigus|ability: Mummy|p1a: Kingambit|[ability] Defiant\n|move|p2a: Cofagrigus|Trick Room|p2a: Cofagrigus\n|-fieldstart|move: Trick Room|[of] p2a: Cofagrigus\n|\n|-heal|p2a: Cofagrigus|34/100|[from] item: Leftovers\n|upkeep\n|turn|2\n|\n|t:|1776314869\n|move|p1a: Kingambit|Protect|p1a: Kingambit\n|-singleturn|p1a: Kingambit|Protect\n|move|p2a: Cofagrigus|Body Press|p1b: Incineroar\n|-supereffective|p1b: Incineroar|1\n|-damage|p1b: Incineroar|40/100\n|-enditem|p1b: Incineroar|Sitrus Berry|[eat]\n|-heal|p1b: Incineroar|65/100|[from] item: Sitrus Berry\n|move|p2b: Slowbro|Body Press|p1a: Kingambit\n|-activate|p1a: Kingambit|move: Protect\n|move|p1b: Incineroar|Parting Shot|p2b: Slowbro\n|-unboost|p2b: Slowbro|atk|1\n|-unboost|p2b: Slowbro|spa|1\n|\n|t:|1776314883\n|switch|p1b: Sylveon|Sylveon, L50, M|100/100|[from] Parting Shot\n|\n|-heal|p2a: Cofagrigus|40/100|[from] item: Leftovers\n|upkeep\n|turn|3\n|\n|t:|1776314896\n|move|p2a: Cofagrigus|Iron Defense|p2a: Cofagrigus\n|-boost|p2a: Cofagrigus|def|2\n|move|p2b: Slowbro|Body Press|p1a: Kingambit\n|-supereffective|p1a: Kingambit|2\n|-enditem|p1a: Kingambit|Chople Berry|[eat]\n|-enditem|p1a: Kingambit|Chople Berry|[weaken]\n|-damage|p1a: Kingambit|36/100\n|-activate|p1a: Kingambit|ability: Mummy|p2b: Slowbro|[ability] Shell Armor\n|move|p1a: Kingambit|Kowtow Cleave|p2b: Slowbro\n|-supereffective|p2b: Slowbro|1\n|-damage|p2b: Slowbro|53/100\n|move|p1b: Sylveon|Calm Mind|p1b: Sylveon\n|-boost|p1b: Sylveon|spa|1\n|-boost|p1b: Sylveon|spd|1\n|\n|-heal|p2a: Cofagrigus|46/100|[from] item: Leftovers\n|upkeep\n|turn|4\n|\n|t:|1776314920\n|move|p2b: Slowbro|Protect|p2b: Slowbro\n|-singleturn|p2b: Slowbro|Protect\n|move|p1a: Kingambit|Protect|p1a: Kingambit\n|-singleturn|p1a: Kingambit|Protect\n|move|p1b: Sylveon|Detect|p1b: Sylveon\n|-singleturn|p1b: Sylveon|Protect\n|move|p2a: Cofagrigus|Body Press|p1a: Kingambit\n|-activate|p1a: Kingambit|move: Protect\n|\n|-heal|p2a: Cofagrigus|52/100|[from] item: Leftovers\n|upkeep\n|turn|5\n|\n|t:|1776314938\n|switch|p1a: Starmie|Starmie, L50|100/100\n|move|p2b: Slowbro|Iron Defense|p2b: Slowbro\n|-boost|p2b: Slowbro|def|2\n|move|p2a: Cofagrigus|Body Press|p1a: Starmie\n|-resisted|p1a: Starmie|1\n|-damage|p1a: Starmie|52/100\n|move|p1b: Sylveon|Hyper Voice|p2b: Slowbro|[spread] p2a,p2b\n|-damage|p2a: Cofagrigus|0 fnt\n|-damage|p2b: Slowbro|0 fnt\n|faint|p2a: Cofagrigus\n|faint|p2b: Slowbro\n|\n|-fieldend|move: Trick Room\n|upkeep\n|\n|t:|1776314951\n|switch|p2a: Maushold|Maushold-Four, L50|100/100\n|switch|p2b: Clefable|Clefable, L50, M|100/100\n|turn|6\n|\n|t:|1776314971\n|switch|p1a: Incineroar|Incineroar, L50, F|65/100\n|-ability|p1a: Incineroar|Intimidate|boost\n|-unboost|p2a: Maushold|atk|1\n|-unboost|p2b: Clefable|atk|1\n|move|p1b: Sylveon|Detect|p1b: Sylveon\n|-singleturn|p1b: Sylveon|Protect\n|move|p2a: Maushold|Population Bomb|p1b: Sylveon\n|-activate|p1b: Sylveon|move: Protect\n|move|p2b: Clefable|Calm Mind|p2b: Clefable\n|-boost|p2b: Clefable|spa|1\n|-boost|p2b: Clefable|spd|1\n|\n|upkeep\n|turn|7\n|-message|mhoangorqkiet forfeited.\n|\n|win|avengdm\n|raw|avengdm's rating: 1094 &rarr; <strong>1114</strong><br />(+20 for winning)\n|raw|mhoangorqkiet's rating: 1017 &rarr; <strong>1007</strong><br />(-10 for losing)\n|l|\u2606mhoangorqkiet\n|player|p2|\n",
  "uploadtime": 1776314987,
  "views": 29,
  "formatid": "gen9championsvgc2026regma",
  "rating": 1007,
  "private": 0,
  "password": null
}