{
  "id": "gen9championsvgc2026regma-2586159409",
  "format": "[Gen 9 Champions] VGC 2026 Reg M-A",
  "players": [
    "yoshi_reina_dragon",
    "Medeirosz"
  ],
  "log": "|j|\u2606yoshi_reina_dragon\n|j|\u2606Medeirosz\n|t:|1776406546\n|gametype|doubles\n|player|p1|yoshi_reina_dragon|clair|1074\n|player|p2|Medeirosz|bruno|1058\n|gen|9\n|tier|[Gen 9 Champions] VGC 2026 Reg M-A\n|rated|\n|rule|Species Clause: Limit one of each Pok\u00e9mon\n|rule|Item Clause: Limit 1 of each item\n|clearpoke\n|poke|p1|Tyranitar, L50, F|\n|poke|p1|Steelix, L50, F|\n|poke|p1|Kommo-o, L50, F|\n|poke|p1|Garchomp, L50, F|\n|poke|p1|Rampardos, L50, F|\n|poke|p1|Mimikyu, L50, F|\n|poke|p2|Garchomp, L50, M|\n|poke|p2|Tinkaton, L50, F|\n|poke|p2|Sinistcha, L50|\n|poke|p2|Aerodactyl, L50, F|\n|poke|p2|Milotic, L50, F|\n|poke|p2|Gengar, L50, M|\n|teampreview|4\n|\n|t:|1776406579\n|teamsize|p1|4\n|teamsize|p2|4\n|start\n|switch|p1a: Tyranitar|Tyranitar, L50, F|100/100\n|switch|p1b: Mimikyu|Mimikyu, L50, F, shiny|100/100\n|switch|p2a: Gengar|Gengar, L50, M, shiny|100/100\n|switch|p2b: Tinkaton|Tinkaton, L50, F, shiny|100/100\n|-weather|Sandstorm|[from] ability: Sand Stream|[of] p1a: Tyranitar\n|turn|1\n|\n|t:|1776406590\n|detailschange|p2a: Gengar|Gengar-Mega, L50, M, shiny\n|-mega|p2a: Gengar|Gengar|Gengarite\n|move|p1a: Tyranitar|Protect|p1a: Tyranitar\n|-singleturn|p1a: Tyranitar|Protect\n|move|p2b: Tinkaton|Fake Out|p1a: Tyranitar\n|-activate|p1a: Tyranitar|move: Protect\n|move|p2a: Gengar|Shadow Ball|p1b: Mimikyu\n|-activate|p1b: Mimikyu|ability: Disguise\n|-damage|p1b: Mimikyu|100/100\n|detailschange|p1b: Mimikyu|Mimikyu-Busted, L50, F, shiny\n|-damage|p1b: Mimikyu|88/100|[from] pokemon: Mimikyu-Busted\n|move|p1b: Mimikyu|Trick Room|p1b: Mimikyu\n|-fieldstart|move: Trick Room|[of] p1b: Mimikyu\n|\n|-weather|Sandstorm|[upkeep]\n|-damage|p1b: Mimikyu|82/100|[from] Sandstorm\n|-damage|p2a: Gengar|95/100|[from] Sandstorm\n|upkeep\n|turn|2\n|\n|t:|1776406621\n|move|p1b: Mimikyu|Protect|p1b: Mimikyu\n|-singleturn|p1b: Mimikyu|Protect\n|move|p2a: Gengar|Protect|p2a: Gengar\n|-singleturn|p2a: Gengar|Protect\n|move|p1a: Tyranitar|Earthquake|p2b: Tinkaton|[spread] p2b\n|-activate|p1b: Mimikyu|move: Protect\n|-activate|p2a: Gengar|move: Protect\n|-supereffective|p2b: Tinkaton|1\n|-damage|p2b: Tinkaton|14/100\n|-enditem|p2b: Tinkaton|Sitrus Berry|[eat]\n|-heal|p2b: Tinkaton|39/100|[from] item: Sitrus Berry\n|move|p2b: Tinkaton|Gigaton Hammer|p1b: Mimikyu\n|-activate|p1b: Mimikyu|move: Protect\n|\n|-weather|Sandstorm|[upkeep]\n|-damage|p1b: Mimikyu|76/100|[from] Sandstorm\n|-damage|p2a: Gengar|89/100|[from] Sandstorm\n|upkeep\n|turn|3\n|\n|t:|1776406640\n|move|p1a: Tyranitar|Protect|p1a: Tyranitar\n|-singleturn|p1a: Tyranitar|Protect\n|move|p1b: Mimikyu|Light Screen|p1b: Mimikyu\n|-sidestart|p1: yoshi_reina_dragon|move: Light Screen\n|move|p2b: Tinkaton|Play Rough|p1a: Tyranitar\n|-activate|p1a: Tyranitar|move: Protect\n|move|p2a: Gengar|Shadow Ball|p1b: Mimikyu\n|-supereffective|p1b: Mimikyu|1\n|-crit|p1b: Mimikyu\n|-damage|p1b: Mimikyu|0 fnt\n|faint|p1b: Mimikyu\n|\n|-weather|Sandstorm|[upkeep]\n|-damage|p2a: Gengar|83/100|[from] Sandstorm\n|upkeep\n|\n|t:|1776406658\n|switch|p1b: Yoshita|Rampardos, L50, F, shiny|100/100\n|turn|4\n|\n|t:|1776406666\n|switch|p2a: Sinistcha|Sinistcha, L50|100/100\n|-heal|p2b: Tinkaton|63/100|[from] ability: Hospitality|[of] p2a: Sinistcha\n|move|p1b: Yoshita|Protect|p1b: Yoshita\n|-singleturn|p1b: Yoshita|Protect\n|move|p1a: Tyranitar|Earthquake|p2b: Tinkaton|[spread] p2a,p2b\n|-activate|p1b: Yoshita|move: Protect\n|-resisted|p2a: Sinistcha|1\n|-supereffective|p2b: Tinkaton|1\n|-damage|p2a: Sinistcha|84/100\n|-damage|p2b: Tinkaton|0 fnt\n|faint|p2b: Tinkaton\n|\n|-weather|Sandstorm|[upkeep]\n|-damage|p2a: Sinistcha|78/100|[from] Sandstorm\n|upkeep\n|\n|t:|1776406678\n|switch|p2b: Gengar|Gengar-Mega, L50, M, shiny|83/100\n|turn|5\n|\n|t:|1776406687\n|move|p1a: Tyranitar|Protect|p1a: Tyranitar\n|-singleturn|p1a: Tyranitar|Protect\n|move|p2a: Sinistcha|Protect|p2a: Sinistcha\n|-singleturn|p2a: Sinistcha|Protect\n|move|p2b: Gengar|Protect|p2b: Gengar\n|-singleturn|p2b: Gengar|Protect\n|move|p1b: Yoshita|Earthquake|p2b: Gengar|[spread] \n|-activate|p1a: Tyranitar|move: Protect\n|-activate|p2a: Sinistcha|move: Protect\n|-activate|p2b: Gengar|move: Protect\n|\n|-weather|none\n|-fieldend|move: Trick Room\n|upkeep\n|turn|6\n|\n|t:|1776406700\n|move|p1b: Yoshita|Protect|p1b: Yoshita\n|-singleturn|p1b: Yoshita|Protect\n|move|p2b: Gengar|Focus Blast|p1b: Yoshita\n|-activate|p1b: Yoshita|move: Protect\n|move|p2a: Sinistcha|Matcha Gotcha|p1b: Yoshita|[spread] \n|-activate|p1b: Yoshita|move: Protect\n|-miss|p2a: Sinistcha|p1a: Tyranitar\n|move|p1a: Tyranitar|Earthquake|p2b: Gengar|[spread] p2a,p2b\n|-activate|p1b: Yoshita|move: Protect\n|-resisted|p2a: Sinistcha|1\n|-supereffective|p2b: Gengar|1\n|-damage|p2a: Sinistcha|63/100\n|-damage|p2b: Gengar|0 fnt\n|faint|p2b: Gengar\n|\n|upkeep\n|-message|Medeirosz forfeited.\n|\n|win|yoshi_reina_dragon\n|raw|yoshi_reina_dragon's rating: 1074 &rarr; <strong>1102</strong><br />(+28 for winning)\n|raw|Medeirosz's rating: 1058 &rarr; <strong>1040</strong><br />(-18 for losing)\n|l|\u2606Medeirosz\n|player|p2|\n",
  "uploadtime": 1776406724,
  "views": 32,
  "formatid": "gen9championsvgc2026regma",
  "rating": 1040,
  "private": 0,
  "password": null
}