{
  "id": "gen9championsvgc2026regma-2581320217",
  "format": "[Gen 9 Champions] VGC 2026 Reg M-A",
  "players": [
    "5445sfsf",
    "AegisKC"
  ],
  "log": "|j|\u26065445sfsf\n|j|\u2606AegisKC\n|t:|1775986193\n|gametype|doubles\n|player|p1|5445sfsf|2|1055\n|player|p2|AegisKC|lady|1000\n|gen|9\n|tier|[Gen 9 Champions] VGC 2026 Reg M-A\n|rated|\n|rule|Species Clause: Limit one of each Pok\u00e9mon\n|rule|Item Clause: Limit 1 of each item\n|clearpoke\n|poke|p1|Charizard, L50, M|\n|poke|p1|Incineroar, L50, F|\n|poke|p1|Whimsicott, L50, M|\n|poke|p1|Garchomp, L50, F|\n|poke|p1|Rotom-Wash, L50|\n|poke|p1|Sneasler, L50, F|\n|poke|p2|Milotic, L50, F|\n|poke|p2|Kingambit, L50, F|\n|poke|p2|Pelipper, L50, F|\n|poke|p2|Meganium, L50, F|\n|poke|p2|Mudsdale, L50, F|\n|poke|p2|Incineroar, L50, F|\n|teampreview|4\n|inactive|Battle timer is ON: inactive players will automatically lose when time's up. (requested by 5445sfsf)\n|\n|t:|1775986213\n|teamsize|p1|4\n|teamsize|p2|4\n|start\n|switch|p1a: Charizard|Charizard, L50, M, shiny|100/100\n|switch|p1b: Whimsicott|Whimsicott, L50, M|100/100\n|switch|p2a: Dio|Milotic, L50, F, shiny|100/100\n|switch|p2b: Kingambit|Kingambit, L50, F, shiny|100/100\n|turn|1\n|\n|t:|1775986233\n|switch|p2b: Pelipper|Pelipper, L50, F, shiny|100/100\n|-weather|RainDance|[from] ability: Drizzle|[of] p2b: Pelipper\n|detailschange|p1a: Charizard|Charizard-Mega-Y, L50, M, shiny\n|-mega|p1a: Charizard|Charizard|Charizardite Y\n|-weather|SunnyDay|[from] ability: Drought|[of] p1a: Charizard\n|move|p1b: Whimsicott|Tailwind|p1b: Whimsicott\n|-sidestart|p1: 5445sfsf|move: Tailwind\n|move|p1a: Charizard|Solar Beam||[still]\n|-prepare|p1a: Charizard|Solar Beam\n|-anim|p1a: Charizard|Solar Beam|p2a: Dio\n|-supereffective|p2a: Dio|1\n|-damage|p2a: Dio|28/100\n|move|p2a: Dio|Scald|p1a: Charizard\n|-supereffective|p1a: Charizard|1\n|-damage|p1a: Charizard|73/100\n|\n|-weather|SunnyDay|[upkeep]\n|-heal|p2a: Dio|34/100|[from] item: Leftovers\n|upkeep\n|turn|2\n|inactive|5445sfsf has 30 seconds left.\n|\n|t:|1775986266\n|switch|p1b: Garchomp|Garchomp, L50, F|100/100\n|switch|p2b: Tm Opera Woah|Mudsdale, L50, F, shiny|100/100\n|move|p2a: Dio|Protect|p2a: Dio\n|-singleturn|p2a: Dio|Protect\n|move|p1a: Charizard|Solar Beam||[still]\n|-prepare|p1a: Charizard|Solar Beam\n|-anim|p1a: Charizard|Solar Beam|p2a: Dio\n|-activate|p2a: Dio|move: Protect\n|\n|-weather|SunnyDay|[upkeep]\n|-heal|p2a: Dio|40/100|[from] item: Leftovers\n|upkeep\n|turn|3\n|\n|t:|1775986285\n|switch|p1b: Incineroar|Incineroar, L50, F|100/100\n|-ability|p1b: Incineroar|Intimidate|boost\n|-unboost|p2a: Dio|atk|1\n|-ability|p2a: Dio|Competitive|boost\n|-boost|p2a: Dio|spa|2\n|-unboost|p2b: Tm Opera Woah|atk|1\n|switch|p2a: Pelipper|Pelipper, L50, F, shiny|100/100\n|-weather|RainDance|[from] ability: Drizzle|[of] p2a: Pelipper\n|move|p1a: Charizard|Solar Beam||[still]\n|-prepare|p1a: Charizard|Solar Beam\n|move|p2b: Tm Opera Woah|Rock Slide|p1b: Incineroar|[spread] p1a,p1b\n|-supereffective|p1a: Charizard|2\n|-supereffective|p1b: Incineroar|1\n|-damage|p1a: Charizard|10/100\n|-damage|p1b: Incineroar|82/100\n|\n|-weather|RainDance|[upkeep]\n|upkeep\n|turn|4\n|inactive|5445sfsf has 30 seconds left.\n|inactive|AegisKC has 30 seconds left.\n|\n|t:|1775986318\n|switch|p2b: Dio|Milotic, L50, F, shiny|40/100\n|move|p1b: Incineroar|Fake Out|p2a: Pelipper\n|-damage|p2a: Pelipper|88/100\n|move|p1a: Charizard|Solar Beam|p2a: Pelipper|[from] lockedmove\n|-damage|p2a: Pelipper|45/100\n|cant|p2a: Pelipper|flinch\n|\n|-weather|RainDance|[upkeep]\n|-heal|p2b: Dio|46/100|[from] item: Leftovers\n|-sideend|p1: 5445sfsf|move: Tailwind\n|upkeep\n|turn|5\n|\n|t:|1775986338\n|switch|p1a: Whimsicott|Whimsicott, L50, M|100/100\n|move|p2b: Dio|Scald|p1a: Whimsicott\n|-resisted|p1a: Whimsicott|1\n|-damage|p1a: Whimsicott|65/100\n|move|p2a: Pelipper|Tailwind|p2a: Pelipper\n|-sidestart|p2: AegisKC|move: Tailwind\n|move|p1b: Incineroar|Parting Shot|p2b: Dio\n|-unboost|p2b: Dio|atk|1\n|-ability|p2b: Dio|Competitive|boost\n|-boost|p2b: Dio|spa|2\n|-unboost|p2b: Dio|spa|1\n|-ability|p2b: Dio|Competitive|boost\n|-boost|p2b: Dio|spa|2\n|\n|t:|1775986356\n|switch|p1b: Garchomp|Garchomp, L50, F|100/100|[from] Parting Shot\n|\n|-weather|RainDance|[upkeep]\n|-heal|p2b: Dio|52/100|[from] item: Leftovers\n|upkeep\n|turn|6\n|\n|t:|1775986372\n|move|p1a: Whimsicott|Tailwind|p1a: Whimsicott\n|-sidestart|p1: 5445sfsf|move: Tailwind\n|move|p1b: Garchomp|Dragon Claw|p2b: Dio\n|-damage|p2b: Dio|13/100\n|move|p2b: Dio|Scald|p1b: Garchomp\n|-damage|p1b: Garchomp|0 fnt\n|faint|p1b: Garchomp\n|move|p2a: Pelipper|Hurricane|p1a: Whimsicott\n|-supereffective|p1a: Whimsicott|1\n|-damage|p1a: Whimsicott|0 fnt\n|faint|p1a: Whimsicott\n|\n|-weather|RainDance|[upkeep]\n|-heal|p2b: Dio|19/100|[from] item: Leftovers\n|upkeep\n|\n|t:|1775986390\n|switch|p1a: Incineroar|Incineroar, L50, F|82/100\n|switch|p1b: Charizard|Charizard-Mega-Y, L50, M, shiny|10/100\n|-weather|SunnyDay|[from] ability: Drought|[of] p1b: Charizard\n|-ability|p1a: Incineroar|Intimidate|boost\n|-unboost|p2a: Pelipper|atk|1\n|-unboost|p2b: Dio|atk|1\n|-ability|p2b: Dio|Competitive|boost\n|-boost|p2b: Dio|spa|2\n|turn|7\n|\n|t:|1775986412\n|switch|p2a: Tm Opera Woah|Mudsdale, L50, F, shiny|100/100\n|move|p2b: Dio|Protect|p2b: Dio\n|-singleturn|p2b: Dio|Protect\n|move|p1a: Incineroar|Fake Out|p2b: Dio\n|-activate|p2b: Dio|move: Protect\n|move|p1b: Charizard|Weather Ball|p2a: Tm Opera Woah\n|-damage|p2a: Tm Opera Woah|36/100\n|-ability|p2a: Tm Opera Woah|Stamina|boost\n|-boost|p2a: Tm Opera Woah|def|1\n|-enditem|p2a: Tm Opera Woah|Sitrus Berry|[eat]\n|-heal|p2a: Tm Opera Woah|61/100|[from] item: Sitrus Berry\n|\n|-weather|SunnyDay|[upkeep]\n|-heal|p2b: Dio|24/100|[from] item: Leftovers\n|upkeep\n|turn|8\n|inactive|5445sfsf has 30 seconds left.\n|\n|t:|1775986445\n|move|p1b: Charizard|Protect|p1b: Charizard\n|-singleturn|p1b: Charizard|Protect\n|move|p2b: Dio|Scald|p1a: Incineroar\n|-supereffective|p1a: Incineroar|1\n|-damage|p1a: Incineroar|15/100\n|-enditem|p1a: Incineroar|Sitrus Berry|[eat]\n|-heal|p1a: Incineroar|40/100|[from] item: Sitrus Berry\n|move|p1a: Incineroar|Flare Blitz|p2b: Dio\n|-resisted|p2b: Dio|1\n|-damage|p2b: Dio|0 fnt\n|faint|p2b: Dio\n|-damage|p1a: Incineroar|33/100|[from] Recoil\n|move|p2a: Tm Opera Woah|Sandstorm|p2a: Tm Opera Woah\n|-weather|Sandstorm\n|\n|-weather|Sandstorm|[upkeep]\n|-damage|p1b: Charizard|4/100|[from] Sandstorm\n|-damage|p1a: Incineroar|27/100|[from] Sandstorm\n|-sideend|p2: AegisKC|move: Tailwind\n|upkeep\n|\n|t:|1775986459\n|switch|p2b: Kingambit|Kingambit, L50, F, shiny|100/100\n|turn|9\n|\n|t:|1775986482\n|move|p2b: Kingambit|Sucker Punch|p1b: Charizard\n|-damage|p1b: Charizard|0 fnt\n|faint|p1b: Charizard\n|move|p1a: Incineroar|Flare Blitz|p2b: Kingambit\n|-supereffective|p2b: Kingambit|1\n|-enditem|p2b: Kingambit|Occa Berry|[eat]\n|-enditem|p2b: Kingambit|Occa Berry|[weaken]\n|-damage|p2b: Kingambit|64/100\n|-damage|p1a: Incineroar|17/100|[from] Recoil\n|move|p2a: Tm Opera Woah|Rock Slide|p1a: Incineroar\n|-supereffective|p1a: Incineroar|1\n|-damage|p1a: Incineroar|0 fnt\n|faint|p1a: Incineroar\n|\n|win|AegisKC\n|raw|5445sfsf's rating: 1055 &rarr; <strong>1034</strong><br />(-21 for losing)\n|raw|AegisKC's rating: 1000 &rarr; <strong>1046</strong><br />(+46 for winning)\n|l|\u26065445sfsf\n|player|p1|\n",
  "uploadtime": 1775986495,
  "views": 17,
  "formatid": "gen9championsvgc2026regma",
  "rating": 1034,
  "private": 0,
  "password": null
}