{
  "id": "gen9championsvgc2026regma-2582534917",
  "format": "[Gen 9 Champions] VGC 2026 Reg M-A",
  "players": [
    "Nehehkhara666",
    "EDJPP"
  ],
  "log": "|j|\u2606Nehehkhara666\n|j|\u2606EDJPP\n|t:|1776097842\n|gametype|doubles\n|player|p1|Nehehkhara666|koga|\n|player|p2|EDJPP|volkner|\n|gen|9\n|tier|[Gen 9 Champions] VGC 2026 Reg M-A\n|rated|Tournament battle\n|rule|Species Clause: Limit one of each Pok\u00e9mon\n|rule|Item Clause: Limit 1 of each item\n|raw|<div class=\"infobox\"><details class=\"readmore\" open><summary><strong>1 custom rule:</strong></summary> Force Open Team Sheets</details></div>\n|clearpoke\n|poke|p1|Beedrill, L50, F|\n|poke|p1|Gyarados, L50, M|\n|poke|p1|Runerigus, L50, F|\n|poke|p1|Sylveon, L50, M|\n|poke|p1|Castform, L50, F|\n|poke|p1|Clefable, L50, F|\n|poke|p2|Tinkaton, L50, F|\n|poke|p2|Gyarados, L50, M|\n|poke|p2|Typhlosion-Hisui, L50, F|\n|poke|p2|Charizard, L50, M|\n|poke|p2|Oranguru, L50, M|\n|poke|p2|Torkoal, L50, M|\n|teampreview|4\n|showteam|p1|Beedrill||Beedrillite|Swarm|Uturn,Protect,DrillRun,PoisonJab|||F|||50|]Gyarados||Leftovers|Intimidate|TemperFlare,AquaTail,Protect,IcyWind|||M|||50|]Runerigus||WhiteHerb|WanderingSpirit|TrickRoom,Poltergeist,BodyPress,RockSlide|||F|||50|]Sylveon||ShellBell|Pixilate|HyperVoice,HyperBeam,Protect,Psyshock|||M|||50|]Castform||NeverMeltIce|Forecast|WeatherBall,Protect,Blizzard,HydroPump|||F|||50|]Clefable||Clefablite|MagicGuard|FollowMe,Moonblast,LifeDew,AirSlash|||F|||50|\n|showteam|p2|Tinkaton||Leftovers|MoldBreaker|FakeOut,GigatonHammer,KnockOff,PlayRough|||F|||50|]Gyarados||FocusSash|Intimidate|Waterfall,DragonDance,ThunderWave,Protect|||M|||50|]Typhlosion-Hisui||ChoiceScarf|Blaze|Eruption,LavaPlume,ShadowBall,Overheat|||F|||50|]Charizard||CharizarditeY|SolarPower|HeatWave,Overheat,Protect,AirSlash|||M|||50|]Oranguru||MentalHerb|InnerFocus|Instruct,FoulPlay,TrickRoom,Protect|||M|||50|]Torkoal||Charcoal|Drought|Eruption,LavaPlume,EarthPower,Protect|||M|||50|\n|inactive|Battle timer is ON: inactive players will automatically lose when time's up. (requested by EDJPP)\n|j| hesolk\n|l| hesolk\n|j| someone#58\n|l| someone#58\n|c|\u2606Nehehkhara666|gl hf\n|inactive|Nehehkhara666 has 60 seconds left.\n|inactive|EDJPP has 60 seconds left.\n|\n|t:|1776097900\n|teamsize|p1|4\n|teamsize|p2|4\n|start\n|switch|p1a: Runerigus|Runerigus, L50, F|100/100\n|switch|p1b: Beedrill|Beedrill, L50, F|100/100\n|switch|p2a: Tinkaton|Tinkaton, L50, F|100/100\n|switch|p2b: Charizard|Charizard, L50, M|100/100\n|-ability|p2a: Tinkaton|Mold Breaker\n|turn|1\n|inactive|EDJPP has 30 seconds left.\n|inactive|EDJPP has 20 seconds left.\n|inactive|EDJPP has 15 seconds left.\n|\n|t:|1776097943\n|detailschange|p2b: Charizard|Charizard-Mega-Y, L50, M\n|-mega|p2b: Charizard|Charizard|Charizardite Y\n|-weather|SunnyDay|[from] ability: Drought|[of] p2b: Charizard\n|move|p1b: Beedrill|Protect|p1b: Beedrill\n|-singleturn|p1b: Beedrill|Protect\n|move|p2a: Tinkaton|Fake Out|p1b: Beedrill\n|-activate|p1b: Beedrill|move: Protect\n|move|p2b: Charizard|Overheat|p1a: Runerigus\n|-damage|p1a: Runerigus|0 fnt\n|-unboost|p2b: Charizard|spa|2\n|faint|p1a: Runerigus\n|\n|-weather|SunnyDay|[upkeep]\n|upkeep\n|\n|t:|1776097955\n|switch|p1a: Castform|Castform, L50, F|100/100\n|-formechange|p1a: Castform|Castform-Sunny|[msg]|[from] ability: Forecast\n|turn|2\n|\n|t:|1776097968\n|switch|p2a: Typhlosion|Typhlosion-Hisui, L50, F|100/100\n|detailschange|p1b: Beedrill|Beedrill-Mega, L50, F\n|-mega|p1b: Beedrill|Beedrill|Beedrillite\n|move|p1b: Beedrill|U-turn|p2a: Typhlosion\n|-resisted|p2a: Typhlosion|2\n|-crit|p2a: Typhlosion\n|-damage|p2a: Typhlosion|70/100\n|\n|t:|1776097974\n|switch|p1b: Gyarados|Gyarados, L50, M|100/100|[from] U-turn\n|-ability|p1b: Gyarados|Intimidate|boost\n|-unboost|p2a: Typhlosion|atk|1\n|-unboost|p2b: Charizard|atk|1\n|move|p2b: Charizard|Overheat|p1b: Gyarados\n|-resisted|p1b: Gyarados|1\n|-damage|p1b: Gyarados|77/100\n|-unboost|p2b: Charizard|spa|2\n|move|p1a: Castform|Weather Ball|p2a: Typhlosion\n|-resisted|p2a: Typhlosion|1\n|-crit|p2a: Typhlosion\n|-damage|p2a: Typhlosion|10/100\n|\n|-weather|SunnyDay|[upkeep]\n|-heal|p1b: Gyarados|83/100|[from] item: Leftovers\n|upkeep\n|turn|3\n|inactive|Nehehkhara666 has 30 seconds left.\n|\n|t:|1776098003\n|switch|p2a: Oranguru|Oranguru, L50, M|100/100\n|move|p2b: Charizard|Heat Wave|p1b: Gyarados|[spread] p1a,p1b\n|-resisted|p1a: Castform|1\n|-resisted|p1b: Gyarados|1\n|-damage|p1a: Castform|86/100\n|-damage|p1b: Gyarados|75/100\n|move|p1b: Gyarados|Temper Flare|p2a: Oranguru\n|-damage|p2a: Oranguru|69/100\n|move|p1a: Castform|Weather Ball|p2b: Charizard\n|-resisted|p2b: Charizard|1\n|-damage|p2b: Charizard|73/100\n|\n|-weather|SunnyDay|[upkeep]\n|-heal|p1b: Gyarados|81/100|[from] item: Leftovers\n|upkeep\n|turn|4\n|inactive|Nehehkhara666 has 30 seconds left.\n|\n|t:|1776098029\n|move|p2a: Oranguru|Protect|p2a: Oranguru\n|-singleturn|p2a: Oranguru|Protect\n|move|p2b: Charizard|Air Slash|p1b: Gyarados\n|-damage|p1b: Gyarados|69/100\n|move|p1b: Gyarados|Temper Flare|p2a: Oranguru\n|-activate|p2a: Oranguru|move: Protect\n|move|p1a: Castform|Weather Ball|p2a: Oranguru\n|-activate|p2a: Oranguru|move: Protect\n|\n|-weather|SunnyDay|[upkeep]\n|-heal|p1b: Gyarados|75/100|[from] item: Leftovers\n|upkeep\n|turn|5\n|\n|t:|1776098049\n|switch|p2b: Tinkaton|Tinkaton, L50, F|100/100\n|-ability|p2b: Tinkaton|Mold Breaker\n|move|p2a: Oranguru|Foul Play|p1b: Gyarados\n|-damage|p1b: Gyarados|49/100\n|move|p1b: Gyarados|Aqua Tail|p2b: Tinkaton|[miss]\n|-miss|p1b: Gyarados|p2b: Tinkaton\n|move|p1a: Castform|Weather Ball|p2a: Oranguru\n|-damage|p2a: Oranguru|21/100\n|\n|-weather|none\n|-formechange|p1a: Castform|Castform|[msg]|[from] ability: Forecast\n|-heal|p1b: Gyarados|55/100|[from] item: Leftovers\n|upkeep\n|turn|6\n|\n|t:|1776098065\n|move|p1b: Gyarados|Protect|p1b: Gyarados\n|-singleturn|p1b: Gyarados|Protect\n|move|p2b: Tinkaton|Fake Out|p1b: Gyarados\n|-activate|p1b: Gyarados|move: Protect\n|move|p2a: Oranguru|Foul Play|p1b: Gyarados\n|-activate|p1b: Gyarados|move: Protect\n|move|p1a: Castform|Hydro Pump|p2a: Oranguru\n|-damage|p2a: Oranguru|0 fnt\n|faint|p2a: Oranguru\n|\n|-heal|p1b: Gyarados|61/100|[from] item: Leftovers\n|upkeep\n|\n|t:|1776098073\n|switch|p2a: Typhlosion|Typhlosion-Hisui, L50, F|10/100\n|turn|7\n|\n|t:|1776098086\n|switch|p2b: Charizard|Charizard-Mega-Y, L50, M|73/100\n|-weather|SunnyDay|[from] ability: Drought|[of] p2b: Charizard\n|-formechange|p1a: Castform|Castform-Sunny|[msg]|[from] ability: Forecast\n|move|p2a: Typhlosion|Lava Plume|p1a: Castform|[spread] p2b,p1a,p1b\n|-resisted|p2b: Charizard|1\n|-resisted|p1a: Castform|1\n|-resisted|p1b: Gyarados|1\n|-damage|p2b: Charizard|37/100\n|-damage|p1a: Castform|42/100\n|-damage|p1b: Gyarados|36/100\n|move|p1b: Gyarados|Temper Flare|p2b: Charizard\n|-resisted|p2b: Charizard|1\n|-damage|p2b: Charizard|13/100\n|move|p1a: Castform|Hydro Pump|p2a: Typhlosion\n|-supereffective|p2a: Typhlosion|1\n|-damage|p2a: Typhlosion|0 fnt\n|faint|p2a: Typhlosion\n|\n|-weather|SunnyDay|[upkeep]\n|-heal|p1b: Gyarados|42/100|[from] item: Leftovers\n|upkeep\n|inactive|EDJPP has 30 seconds left.\n|\n|t:|1776098120\n|switch|p2a: Tinkaton|Tinkaton, L50, F|100/100\n|-ability|p2a: Tinkaton|Mold Breaker\n|turn|8\n|inactive|EDJPP has 30 seconds left.\n|\n|t:|1776098145\n|move|p1b: Gyarados|Protect|p1b: Gyarados\n|-singleturn|p1b: Gyarados|Protect\n|move|p1a: Castform|Protect|p1a: Castform\n|-singleturn|p1a: Castform|Protect\n|move|p2a: Tinkaton|Fake Out|p1b: Gyarados\n|-activate|p1b: Gyarados|move: Protect\n|move|p2b: Charizard|Heat Wave|p1a: Castform|[spread] \n|-activate|p1a: Castform|move: Protect\n|-activate|p1b: Gyarados|move: Protect\n|\n|-weather|SunnyDay|[upkeep]\n|-heal|p1b: Gyarados|48/100|[from] item: Leftovers\n|upkeep\n|turn|9\n|\n|t:|1776098158\n|move|p2b: Charizard|Heat Wave|p1b: Gyarados|[spread] p1a,p1b\n|-resisted|p1a: Castform|1\n|-resisted|p1b: Gyarados|1\n|-damage|p1a: Castform|0 fnt\n|-damage|p1b: Gyarados|25/100\n|faint|p1a: Castform\n|move|p2a: Tinkaton|Knock Off|p1b: Gyarados\n|-damage|p1b: Gyarados|4/100\n|-enditem|p1b: Gyarados|Leftovers|[from] move: Knock Off|[of] p2a: Tinkaton\n|move|p1b: Gyarados|Temper Flare|p2b: Charizard\n|-resisted|p2b: Charizard|1\n|-damage|p2b: Charizard|0 fnt\n|faint|p2b: Charizard\n|\n|-weather|SunnyDay|[upkeep]\n|upkeep\n|\n|t:|1776098168\n|switch|p1a: Beedrill|Beedrill-Mega, L50, F|100/100\n|turn|10\n|\n|t:|1776098176\n|move|p1a: Beedrill|Drill Run|p2a: Tinkaton\n|-supereffective|p2a: Tinkaton|1\n|-damage|p2a: Tinkaton|37/100\n|move|p2a: Tinkaton|Gigaton Hammer|p1a: Beedrill\n|-damage|p1a: Beedrill|0 fnt\n|faint|p1a: Beedrill\n|move|p1b: Gyarados|Temper Flare|p2a: Tinkaton\n|-supereffective|p2a: Tinkaton|1\n|-damage|p2a: Tinkaton|0 fnt\n|faint|p2a: Tinkaton\n|\n|win|Nehehkhara666\n|n|\u2606Nehehkhara666|nehehkhara666\n|n|\u2606EDJPP|edjpp\n|c|\u2606Nehehkhara666|gg\n",
  "uploadtime": 1776098187,
  "views": 9,
  "formatid": "gen9championsvgc2026regma",
  "rating": null,
  "private": 0,
  "password": null
}