{
  "id": "gen9championsvgc2026regma-2587906585",
  "format": "[Gen 9 Champions] VGC 2026 Reg M-A",
  "players": [
    "a25391435",
    "Pedro Jogadas"
  ],
  "log": "|j|\u203da25391435\n|j|\u2606Pedro Jogadas\n|t:|1776577310\n|gametype|doubles\n|player|p1|a25391435|102|1232\n|player|p2|Pedro Jogadas|iris-gen5bw2|1215\n|gen|9\n|tier|[Gen 9 Champions] VGC 2026 Reg M-A\n|rated|\n|rule|Species Clause: Limit one of each Pok\u00e9mon\n|rule|Item Clause: Limit 1 of each item\n|clearpoke\n|poke|p1|Incineroar, L50, M|\n|poke|p1|Volcarona, L50, F|\n|poke|p1|Farigiraf, L50, F|\n|poke|p1|Hatterene, L50, F|\n|poke|p1|Torkoal, L50, F|\n|poke|p1|Golurk, L50|\n|poke|p2|Sneasler, L50, M|\n|poke|p2|Kingambit, L50, M|\n|poke|p2|Delphox, L50, F|\n|poke|p2|Garchomp, L50, M|\n|poke|p2|Basculegion, L50, M|\n|poke|p2|Corviknight, L50, M|\n|teampreview|4\n|\n|t:|1776577350\n|teamsize|p1|4\n|teamsize|p2|4\n|start\n|switch|p1a: Volcarona|Volcarona, L50, F|100/100\n|switch|p1b: Farigiraf|Farigiraf, L50, F|100/100\n|switch|p2a: Kingambit|Kingambit, L50, M|100/100\n|switch|p2b: Sneasler|Sneasler, L50, M|100/100\n|turn|1\n|\n|t:|1776577397\n|switch|p1b: Torkoal|Torkoal, L50, F|100/100\n|-weather|SunnyDay|[from] ability: Drought|[of] p1b: Torkoal\n|move|p2b: Sneasler|Dire Claw|p1a: Volcarona\n|-damage|p1a: Volcarona|41/100\n|-status|p2b: Sneasler|brn|[from] ability: Flame Body|[of] p1a: Volcarona\n|move|p1a: Volcarona|Heat Wave|p2b: Sneasler|[spread] p2a,p2b\n|-supereffective|p2a: Kingambit|1\n|-crit|p2b: Sneasler\n|-damage|p2a: Kingambit|0 fnt\n|-enditem|p2b: Sneasler|Focus Sash\n|-damage|p2b: Sneasler|1/100 brn\n|faint|p2a: Kingambit\n|\n|-weather|SunnyDay|[upkeep]\n|-heal|p1a: Volcarona|47/100|[from] item: Leftovers\n|-damage|p2b: Sneasler|0 fnt|[from] brn\n|faint|p2b: Sneasler\n|upkeep\n|\n|t:|1776577422\n|switch|p2b: Delphox|Delphox, L50, F|100/100\n|switch|p2a: Basculegion|Basculegion, L50, M|100/100\n|turn|2\n|\n|t:|1776577438\n|detailschange|p2b: Delphox|Delphox-Mega, L50, F\n|-mega|p2b: Delphox|Delphox|Delphoxite\n|move|p1b: Torkoal|Protect|p1b: Torkoal\n|-singleturn|p1b: Torkoal|Protect\n|move|p2a: Basculegion|Last Respects|p1b: Torkoal\n|-activate|p1b: Torkoal|move: Protect\n|move|p2b: Delphox|Heat Wave|p1a: Volcarona|[spread] p1a\n|-activate|p1b: Torkoal|move: Protect\n|-damage|p1a: Volcarona|0 fnt\n|faint|p1a: Volcarona\n|\n|-weather|SunnyDay|[upkeep]\n|upkeep\n|\n|t:|1776577444\n|switch|p1a: Farigiraf|Farigiraf, L50, F|100/100\n|turn|3\n|\n|t:|1776577466\n|move|p2a: Basculegion|Last Respects|p1b: Torkoal\n|-damage|p1b: Torkoal|25/100\n|move|p2b: Delphox|Heat Wave|p1b: Torkoal|[spread] p1a,p1b\n|-resisted|p1b: Torkoal|1\n|-damage|p1a: Farigiraf|26/100\n|-damage|p1b: Torkoal|0 fnt\n|-status|p1a: Farigiraf|brn\n|-enditem|p1a: Farigiraf|Sitrus Berry|[eat]\n|-heal|p1a: Farigiraf|51/100 brn|[from] item: Sitrus Berry\n|faint|p1b: Torkoal\n|move|p1a: Farigiraf|Trick Room|p1a: Farigiraf\n|-fieldstart|move: Trick Room|[of] p1a: Farigiraf\n|\n|-weather|SunnyDay|[upkeep]\n|-damage|p1a: Farigiraf|45/100 brn|[from] brn\n|upkeep\n|\n|t:|1776577478\n|switch|p1b: Hatterene|Hatterene, L50, F|100/100\n|turn|4\n|\n|t:|1776577492\n|move|p1b: Hatterene|Dazzling Gleam|p2a: Basculegion|[spread] p2a,p2b\n|-resisted|p2b: Delphox|1\n|-damage|p2a: Basculegion|51/100\n|-damage|p2b: Delphox|78/100\n|move|p1a: Farigiraf|Psychic|p2a: Basculegion\n|-crit|p2a: Basculegion\n|-damage|p2a: Basculegion|0 fnt\n|faint|p2a: Basculegion\n|move|p2b: Delphox|Heat Wave|p1a: Farigiraf|[spread] p1a,p1b\n|-damage|p1a: Farigiraf|0 fnt\n|-damage|p1b: Hatterene|30/100\n|faint|p1a: Farigiraf\n|\n|-weather|SunnyDay|[upkeep]\n|upkeep\n|turn|5\n|\n|t:|1776577506\n|move|p1b: Hatterene|Psychic|p2b: Delphox\n|-resisted|p2b: Delphox|1\n|-damage|p2b: Delphox|52/100\n|move|p2b: Delphox|Heat Wave|p1b: Hatterene\n|-damage|p1b: Hatterene|0 fnt\n|faint|p1b: Hatterene\n|\n|win|Pedro Jogadas\n|raw|a25391435's rating: 1232 &rarr; <strong>1206</strong><br />(-26 for losing)\n|raw|Pedro Jogadas's rating: 1215 &rarr; <strong>1241</strong><br />(+26 for winning)\n",
  "uploadtime": 1776577508,
  "views": 13,
  "formatid": "gen9championsvgc2026regma",
  "rating": 1206,
  "private": 0,
  "password": null
}