{
  "id": "gen9championsvgc2026regma-2588782244",
  "format": "[Gen 9 Champions] VGC 2026 Reg M-A",
  "players": [
    "Captain Clean 13",
    "freegr"
  ],
  "log": "|j|\u2606Captain Clean 13\n|j|\u2606freegr\n|t:|1776670113\n|gametype|doubles\n|player|p1|Captain Clean 13|steven|1371\n|player|p2|freegr|dawn|1478\n|gen|9\n|tier|[Gen 9 Champions] VGC 2026 Reg M-A\n|rated|\n|rule|Species Clause: Limit one of each Pok\u00e9mon\n|rule|Item Clause: Limit 1 of each item\n|clearpoke\n|poke|p1|Volcarona, L50, M|\n|poke|p1|Torkoal, L50, F|\n|poke|p1|Golurk, L50|\n|poke|p1|Kingambit, L50, F, shiny|\n|poke|p1|Kangaskhan, L50, F|\n|poke|p1|Sinistcha, L50|\n|poke|p2|Tyranitar, L50, F, shiny|\n|poke|p2|Incineroar, L50, F, shiny|\n|poke|p2|Rotom-Wash, L50, shiny|\n|poke|p2|Aegislash, L50, M, shiny|\n|poke|p2|Garchomp, L50, M, shiny|\n|poke|p2|Floette-Eternal, L50, F|\n|teampreview|4\n|inactive|Battle timer is ON: inactive players will automatically lose when time's up. (requested by Captain Clean 13)\n|c|\u2606Captain Clean 13|glhf!\n|j| xyxyzzzz\n|\n|t:|1776670141\n|teamsize|p1|4\n|teamsize|p2|4\n|start\n|switch|p1a: Rohnta|Volcarona, L50, M|100/100\n|switch|p1b: Sinistcha|Sinistcha, L50|100/100\n|switch|p2a: Aegislash|Aegislash, L50, M, shiny|100/100\n|switch|p2b: Floette|Floette-Eternal, L50, F|100/100\n|turn|1\n|\n|t:|1776670153\n|detailschange|p2b: Floette|Floette-Mega, L50, F\n|-mega|p2b: Floette|Floette|Floettite\n|-ability|p2b: Floette|Fairy Aura\n|move|p1a: Rohnta|Rage Powder|p1a: Rohnta\n|-singleturn|p1a: Rohnta|move: Rage Powder\n|move|p2b: Floette|Dazzling Gleam|p1b: Sinistcha|[spread] p1a,p1b\n|-resisted|p1a: Rohnta|1\n|-damage|p1a: Rohnta|80/100\n|-damage|p1b: Sinistcha|55/100\n|-formechange|p2a: Aegislash|Aegislash-Blade|\n|move|p2a: Aegislash|Poltergeist|p1a: Rohnta\n|-activate|p1a: Rohnta|move: Poltergeist|Focus Sash\n|-damage|p1a: Rohnta|0 fnt\n|faint|p1a: Rohnta\n|move|p1b: Sinistcha|Trick Room|p1b: Sinistcha\n|-fieldstart|move: Trick Room|[of] p1b: Sinistcha\n|\n|upkeep\n|\n|t:|1776670166\n|switch|p1a: Torkoal|Torkoal, L50, F|100/100\n|-weather|SunnyDay|[from] ability: Drought|[of] p1a: Torkoal\n|turn|2\n|\n|t:|1776670185\n|switch|p1b: Chains|Golurk, L50|100/100\n|switch|p2b: Incineroar|Incineroar, L50, F, shiny|100/100\n|-ability|p2b: Incineroar|Intimidate|boost\n|-unboost|p1a: Torkoal|atk|1\n|-unboost|p1b: Chains|atk|1\n|move|p2a: Aegislash|Shadow Sneak|p1b: Chains\n|-supereffective|p1b: Chains|1\n|-damage|p1b: Chains|35/100\n|move|p1a: Torkoal|Eruption|p2b: Incineroar|[spread] p2a,p2b\n|-supereffective|p2a: Aegislash|1\n|-resisted|p2b: Incineroar|1\n|-damage|p2a: Aegislash|0 fnt\n|-damage|p2b: Incineroar|58/100\n|faint|p2a: Aegislash\n|\n|-weather|SunnyDay|[upkeep]\n|upkeep\n|\n|t:|1776670198\n|switch|p2a: Garchomp|Garchomp, L50, M, shiny|100/100\n|turn|3\n|\n|t:|1776670223\n|detailschange|p1b: Chains|Golurk-Mega, L50\n|-mega|p1b: Chains|Golurk|Golurkite\n|move|p2b: Incineroar|Helping Hand|p2a: Garchomp\n|-singleturn|p2a: Garchomp|Helping Hand|[of] p2b: Incineroar\n|move|p1a: Torkoal|Protect|p1a: Torkoal\n|-singleturn|p1a: Torkoal|Protect\n|move|p1b: Chains|Ice Punch|p2a: Garchomp\n|-supereffective|p2a: Garchomp|2\n|-damage|p2a: Garchomp|22/100\n|-damage|p1b: Chains|23/100|[from] ability: Rough Skin|[of] p2a: Garchomp\n|-enditem|p2a: Garchomp|Sitrus Berry|[eat]\n|-heal|p2a: Garchomp|47/100|[from] item: Sitrus Berry\n|move|p2a: Garchomp|Earthquake|p1b: Chains|[spread] p2b,p1b\n|-activate|p1a: Torkoal|move: Protect\n|-supereffective|p2b: Incineroar|1\n|-enditem|p2b: Incineroar|Shuca Berry|[eat]\n|-enditem|p2b: Incineroar|Shuca Berry|[weaken]\n|-damage|p2b: Incineroar|19/100\n|-damage|p1b: Chains|0 fnt\n|faint|p1b: Chains\n|\n|-weather|SunnyDay|[upkeep]\n|upkeep\n|\n|t:|1776670231\n|switch|p1b: Sinistcha|Sinistcha, L50|55/100\n|turn|4\n|\n|t:|1776670241\n|move|p2a: Garchomp|Protect|p2a: Garchomp\n|-singleturn|p2a: Garchomp|Protect\n|move|p1a: Torkoal|Eruption|p2b: Incineroar|[spread] p2b\n|-activate|p2a: Garchomp|move: Protect\n|-resisted|p2b: Incineroar|1\n|-damage|p2b: Incineroar|0 fnt\n|faint|p2b: Incineroar\n|move|p1b: Sinistcha|Matcha Gotcha|p2a: Garchomp\n|-activate|p2a: Garchomp|move: Protect\n|\n|-weather|SunnyDay|[upkeep]\n|upkeep\n|\n|t:|1776670243\n|switch|p2b: Floette|Floette-Mega, L50, F|100/100\n|-ability|p2b: Floette|Fairy Aura\n|turn|5\n|\n|t:|1776670249\n|move|p2b: Floette|Protect|p2b: Floette\n|-singleturn|p2b: Floette|Protect\n|move|p1a: Torkoal|Eruption|p2b: Floette|[spread] p2a\n|-activate|p2b: Floette|move: Protect\n|-resisted|p2a: Garchomp|1\n|-damage|p2a: Garchomp|8/100\n|move|p1b: Sinistcha|Matcha Gotcha|p2a: Garchomp|[spread] p2a\n|-activate|p2b: Floette|move: Protect\n|-damage|p2a: Garchomp|0 fnt\n|-heal|p1b: Sinistcha|59/100|[from] drain|[of] p2a: Garchomp\n|faint|p2a: Garchomp\n|\n|-weather|SunnyDay|[upkeep]\n|-fieldend|move: Trick Room\n|upkeep\n|turn|6\n|\n|t:|1776670267\n|move|p1b: Sinistcha|Rage Powder|p1b: Sinistcha\n|-singleturn|p1b: Sinistcha|move: Rage Powder\n|move|p2b: Floette|Moonblast|p1b: Sinistcha\n|-damage|p1b: Sinistcha|0 fnt\n|faint|p1b: Sinistcha\n|move|p1a: Torkoal|Eruption|p2b: Floette\n|-damage|p2b: Floette|15/100\n|\n|-weather|none\n|upkeep\n|turn|7\n|c| xyxyzzzz|csn i vopy uout team freegr\n|c|\u2606Captain Clean 13|?\n|c|\u2606Captain Clean 13|What?\n|\n|t:|1776670283\n|move|p2b: Floette|Light of Ruin|p1a: Torkoal\n|-resisted|p1a: Torkoal|1\n|-crit|p1a: Torkoal\n|-damage|p1a: Torkoal|0 fnt\n|faint|p1a: Torkoal\n|-damage|p2b: Floette|0 fnt|[from] Recoil\n|faint|p2b: Floette\n|\n|win|freegr\n|raw|Captain Clean 13's rating: 1371 &rarr; <strong>1357</strong><br />(-14 for losing)\n|raw|freegr's rating: 1478 &rarr; <strong>1492</strong><br />(+14 for winning)\n|c|\u2606Captain Clean 13|hahaha\n|c|\u2606Captain Clean 13|oj wow\n|l|\u2606freegr\n|player|p2|\n|c| xyxyzzzz|wtf\n|c|\u2606Captain Clean 13|well, GG haha\n|c| xyxyzzzz|i want your teak bro\n|c| xyxyzzzz|team\n|c| xyxyzzzz|it is awesome\n|c|\u2606Captain Clean 13|thanks\n|c|\u2606Captain Clean 13|you can try it out; sure\n|c| xyxyzzzz|i like that idea\n|c|\u2606Captain Clean 13|https://pokepast.es/0a00430c800e90e4\n|c| xyxyzzzz|thanks bro\n|c|\u2606Captain Clean 13|peace\n",
  "uploadtime": 1776670374,
  "views": 15,
  "formatid": "gen9championsvgc2026regma",
  "rating": 1357,
  "private": 0,
  "password": null
}