{
  "id": "gen9championsvgc2026regma-2588073438",
  "format": "[Gen 9 Champions] VGC 2026 Reg M-A",
  "players": [
    "Notberd",
    "YonkoLouis"
  ],
  "log": "|j|\u2606Notberd\n|j|\u2606YonkoLouis\n|t:|1776601131\n|gametype|doubles\n|player|p1|Notberd|policeman-gen4|1104\n|player|p2|YonkoLouis|unknown|1017\n|gen|9\n|tier|[Gen 9 Champions] VGC 2026 Reg M-A\n|rated|\n|rule|Species Clause: Limit one of each Pok\u00e9mon\n|rule|Item Clause: Limit 1 of each item\n|clearpoke\n|poke|p1|Ninetales-Alola, L50, F|\n|poke|p1|Froslass, L50, F|\n|poke|p1|Incineroar, L50, F|\n|poke|p1|Corviknight, L50, F|\n|poke|p1|Hydrapple, L50, M|\n|poke|p1|Basculegion, L50, M|\n|poke|p2|Gengar, L50, M, shiny|\n|poke|p2|Sinistcha, L50|\n|poke|p2|Incineroar, L50, M, shiny|\n|poke|p2|Pelipper, L50, F, shiny|\n|poke|p2|Feraligatr, L50, M, shiny|\n|poke|p2|Sneasler, L50, F, shiny|\n|teampreview|4\n|inactive|Battle timer is ON: inactive players will automatically lose when time's up. (requested by Notberd)\n|\n|t:|1776601169\n|teamsize|p1|4\n|teamsize|p2|4\n|start\n|switch|p1a: Incineroar|Incineroar, L50, F|100/100\n|switch|p1b: Basculegion|Basculegion, L50, M|100/100\n|switch|p2a: Performative|Sinistcha, L50|100/100\n|switch|p2b: Arabian Weavile|Sneasler, L50, F, shiny|100/100\n|-ability|p1a: Incineroar|Intimidate|boost\n|-unboost|p2a: Performative|atk|1\n|-unboost|p2b: Arabian Weavile|atk|1\n|-enditem|p2b: Arabian Weavile|White Herb\n|-clearnegativeboost|p2b: Arabian Weavile|[silent]\n|turn|1\n|\n|t:|1776601187\n|move|p2b: Arabian Weavile|Fake Out|p1a: Incineroar\n|-crit|p1a: Incineroar\n|-damage|p1a: Incineroar|77/100\n|move|p2a: Performative|Rage Powder|p2a: Performative\n|-singleturn|p2a: Performative|move: Rage Powder\n|move|p1b: Basculegion|Liquidation|p2a: Performative\n|-resisted|p2a: Performative|1\n|-damage|p2a: Performative|75/100\n|-unboost|p2a: Performative|def|1\n|cant|p1a: Incineroar|flinch\n|\n|upkeep\n|turn|2\n|\n|t:|1776601211\n|switch|p1a: Ninetales|Ninetales-Alola, L50, F|100/100\n|-weather|Snowscape|[from] ability: Snow Warning|[of] p1a: Ninetales\n|move|p2a: Performative|Rage Powder|p2a: Performative\n|-singleturn|p2a: Performative|move: Rage Powder\n|move|p2b: Arabian Weavile|Close Combat|p1a: Ninetales\n|-damage|p1a: Ninetales|26/100\n|-unboost|p2b: Arabian Weavile|def|1\n|-unboost|p2b: Arabian Weavile|spd|1\n|move|p1b: Basculegion|Liquidation|p2a: Performative\n|-resisted|p2a: Performative|1\n|-damage|p2a: Performative|36/100\n|\n|-weather|Snowscape|[upkeep]\n|upkeep\n|turn|3\n|inactive|YonkoLouis has 30 seconds left.\n|inactive|YonkoLouis has 20 seconds left.\n|inactive|YonkoLouis has 15 seconds left.\n|\n|t:|1776601252\n|switch|p1a: Incineroar|Incineroar, L50, F|77/100\n|-ability|p1a: Incineroar|Intimidate|boost\n|-unboost|p2a: Performative|atk|1\n|-unboost|p2b: Arabian Weavile|atk|1\n|move|p2a: Performative|Rage Powder|p2a: Performative\n|-singleturn|p2a: Performative|move: Rage Powder\n|move|p2b: Arabian Weavile|Dire Claw|p1a: Incineroar\n|-damage|p1a: Incineroar|50/100\n|-status|p1a: Incineroar|slp\n|-enditem|p1a: Incineroar|Sitrus Berry|[eat]\n|-heal|p1a: Incineroar|74/100 slp|[from] item: Sitrus Berry\n|move|p1b: Basculegion|Liquidation|p2a: Performative\n|-resisted|p2a: Performative|1\n|-damage|p2a: Performative|0 fnt\n|faint|p2a: Performative\n|\n|-weather|Snowscape|[upkeep]\n|upkeep\n|\n|t:|1776601269\n|switch|p2a: El Macho|Incineroar, L50, M, shiny|100/100\n|-ability|p2a: El Macho|Intimidate|boost\n|-unboost|p1a: Incineroar|atk|1\n|-unboost|p1b: Basculegion|atk|1\n|turn|4\n|inactive|YonkoLouis has 30 seconds left.\n|\n|t:|1776601302\n|switch|p1b: Ninetales|Ninetales-Alola, L50, F|26/100\n|cant|p1a: Incineroar|slp\n|move|p2b: Arabian Weavile|Close Combat|p1a: Incineroar\n|-supereffective|p1a: Incineroar|1\n|-damage|p1a: Incineroar|0 fnt\n|-unboost|p2b: Arabian Weavile|def|1\n|-unboost|p2b: Arabian Weavile|spd|1\n|faint|p1a: Incineroar\n|move|p2a: El Macho|Parting Shot|p1b: Ninetales\n|-unboost|p1b: Ninetales|atk|1\n|-unboost|p1b: Ninetales|spa|1\n|\n|t:|1776601319\n|switch|p2a: Grand Wizard|Gengar, L50, M, shiny|100/100|[from] Parting Shot\n|\n|-weather|Snowscape|[upkeep]\n|upkeep\n|\n|t:|1776601325\n|switch|p1a: Basculegion|Basculegion, L50, M|100/100\n|turn|5\n|\n|t:|1776601346\n|detailschange|p2a: Grand Wizard|Gengar-Mega, L50, M, shiny\n|-mega|p2a: Grand Wizard|Gengar|Gengarite\n|move|p2a: Grand Wizard|Protect|p2a: Grand Wizard\n|-singleturn|p2a: Grand Wizard|Protect\n|move|p1a: Basculegion|Aqua Jet|p2b: Arabian Weavile\n|-damage|p2b: Arabian Weavile|11/100\n|move|p2b: Arabian Weavile|Dire Claw|p1b: Ninetales\n|-supereffective|p1b: Ninetales|1\n|-damage|p1b: Ninetales|0 fnt\n|faint|p1b: Ninetales\n|\n|-weather|Snowscape|[upkeep]\n|upkeep\n|\n|t:|1776601355\n|switch|p1b: Froslass|Froslass, L50, F|100/100\n|turn|6\n|\n|t:|1776601378\n|move|p1b: Froslass|Protect|p1b: Froslass\n|-singleturn|p1b: Froslass|Protect\n|move|p1a: Basculegion|Aqua Jet|p2a: Grand Wizard\n|-damage|p2a: Grand Wizard|58/100\n|move|p2b: Arabian Weavile|Dire Claw|p1a: Basculegion\n|-resisted|p1a: Basculegion|1\n|-damage|p1a: Basculegion|79/100\n|move|p2a: Grand Wizard|Shadow Ball|p1a: Basculegion\n|-supereffective|p1a: Basculegion|1\n|-damage|p1a: Basculegion|0 fnt\n|faint|p1a: Basculegion\n|\n|-weather|none\n|upkeep\n|turn|7\n|\n|t:|1776601398\n|switch|p2b: El Macho|Incineroar, L50, M, shiny|100/100\n|-ability|p2b: El Macho|Intimidate|boost\n|-unboost|p1b: Froslass|atk|1\n|detailschange|p1b: Froslass|Froslass-Mega, L50, F\n|-mega|p1b: Froslass|Froslass|Froslassite\n|-weather|Snowscape|[from] ability: Snow Warning|[of] p1b: Froslass\n|move|p2a: Grand Wizard|Protect|p2a: Grand Wizard\n|-singleturn|p2a: Grand Wizard|Protect\n|move|p1b: Froslass|Blizzard|p2b: El Macho|[spread] p2b\n|-activate|p2a: Grand Wizard|move: Protect\n|-resisted|p2b: El Macho|1\n|-damage|p2b: El Macho|76/100\n|\n|-weather|Snowscape|[upkeep]\n|upkeep\n|turn|8\n|-message|Notberd forfeited.\n|\n|win|YonkoLouis\n|raw|Notberd's rating: 1104 &rarr; <strong>1073</strong><br />(-31 for losing)\n|raw|YonkoLouis's rating: 1017 &rarr; <strong>1064</strong><br />(+47 for winning)\n|l|\u2606Notberd\n|player|p1|\n|c|\u2606YonkoLouis|gg\n",
  "uploadtime": 1776601427,
  "views": 7,
  "formatid": "gen9championsvgc2026regma",
  "rating": 1064,
  "private": 0,
  "password": null
}