{
  "id": "gen9championsvgc2026regma-2585917787",
  "format": "[Gen 9 Champions] VGC 2026 Reg M-A",
  "players": [
    "xendra",
    "michaelgscott"
  ],
  "log": "|j|\u2606xendra\n|j|\u2606michaelgscott\n|t:|1776381319\n|gametype|doubles\n|player|p1|xendra|karen|1044\n|player|p2|michaelgscott|170|1076\n|gen|9\n|tier|[Gen 9 Champions] VGC 2026 Reg M-A\n|rated|\n|rule|Species Clause: Limit one of each Pok\u00e9mon\n|rule|Item Clause: Limit 1 of each item\n|clearpoke\n|poke|p1|Typhlosion-Hisui, L50, F|\n|poke|p1|Gallade, L50, M|\n|poke|p1|Torkoal, L50, M|\n|poke|p1|Victreebel, L50, F|\n|poke|p1|Aegislash, L50, M|\n|poke|p1|Hatterene, L50, F|\n|poke|p2|Dragapult, L50, M|\n|poke|p2|Alakazam, L50, M|\n|poke|p2|Basculegion, L50, M|\n|poke|p2|Kingambit, L50, F|\n|poke|p2|Froslass, L50, F|\n|poke|p2|Rotom-Frost, L50|\n|teampreview|4\n|inactive|Battle timer is ON: inactive players will automatically lose when time's up. (requested by michaelgscott)\n|\n|t:|1776381337\n|teamsize|p1|4\n|teamsize|p2|4\n|start\n|switch|p1a: Typhlosion|Typhlosion-Hisui, L50, F|100/100\n|switch|p1b: Gallade|Gallade, L50, M|100/100\n|switch|p2a: Dragapult|Dragapult, L50, M|100/100\n|switch|p2b: Alakazam|Alakazam, L50, M|100/100\n|-item|p2a: Dragapult|Spell Tag|[from] ability: Frisk|[of] p1a: Typhlosion\n|-item|p2b: Alakazam|Alakazite|[from] ability: Frisk|[of] p1a: Typhlosion\n|turn|1\n|inactive|xendra has 30 seconds left.\n|\n|t:|1776381363\n|switch|p1a: Torkoal|Torkoal, L50, M|100/100\n|-weather|SunnyDay|[from] ability: Drought|[of] p1a: Torkoal\n|detailschange|p2b: Alakazam|Alakazam-Mega, L50, M\n|-mega|p2b: Alakazam|Alakazam|Alakazite\n|-ability|p2b: Alakazam|Drought|Trace|[from] ability: Trace|[of] p1a: Torkoal\n|detailschange|p1b: Gallade|Gallade-Mega, L50, M\n|-mega|p1b: Gallade|Gallade|Galladite\n|move|p2b: Alakazam|Protect|p2b: Alakazam\n|-singleturn|p2b: Alakazam|Protect\n|move|p2a: Dragapult|Phantom Force||[still]\n|-prepare|p2a: Dragapult|Phantom Force\n|move|p1b: Gallade|Psycho Cut|p2a: Dragapult|[miss]\n|-miss|p1b: Gallade|p2a: Dragapult\n|\n|-weather|SunnyDay|[upkeep]\n|upkeep\n|turn|2\n|inactive|xendra has 30 seconds left.\n|\n|t:|1776381391\n|move|p2b: Alakazam|Dazzling Gleam|p1a: Torkoal|[spread] p1a,p1b\n|-resisted|p1a: Torkoal|1\n|-supereffective|p1b: Gallade|1\n|-damage|p1a: Torkoal|83/100\n|-damage|p1b: Gallade|52/100\n|move|p2a: Dragapult|Phantom Force|p1a: Torkoal|[from] lockedmove\n|-damage|p1a: Torkoal|52/100\n|move|p1b: Gallade|Psycho Cut|p2b: Alakazam\n|-resisted|p2b: Alakazam|1\n|-damage|p2b: Alakazam|63/100\n|move|p1a: Torkoal|Heat Wave|p2a: Dragapult|[spread] p2b\n|-miss|p1a: Torkoal|p2a: Dragapult\n|-damage|p2b: Alakazam|22/100\n|-heal|p1a: Torkoal|56/100|[from] item: Shell Bell|[of] p2b: Alakazam\n|\n|-weather|SunnyDay|[upkeep]\n|upkeep\n|turn|3\n|\n|t:|1776381409\n|move|p2b: Alakazam|Protect|p2b: Alakazam\n|-singleturn|p2b: Alakazam|Protect\n|move|p1b: Gallade|Wide Guard|p1b: Gallade\n|-singleturn|p1b: Gallade|Wide Guard\n|move|p2a: Dragapult|Phantom Force||[still]\n|-prepare|p2a: Dragapult|Phantom Force\n|move|p1a: Torkoal|Heat Wave|p2b: Alakazam|[spread] \n|-miss|p1a: Torkoal|p2a: Dragapult\n|-activate|p2b: Alakazam|move: Protect\n|\n|-weather|SunnyDay|[upkeep]\n|upkeep\n|turn|4\n|inactive|xendra has 30 seconds left.\n|inactive|xendra has 20 seconds left.\n|inactive|xendra has 15 seconds left.\n|\n|t:|1776381453\n|move|p2b: Alakazam|Psychic|p1a: Torkoal\n|-damage|p1a: Torkoal|0 fnt\n|faint|p1a: Torkoal\n|move|p2a: Dragapult|Phantom Force|p1b: Gallade|[from] lockedmove\n|-supereffective|p1b: Gallade|1\n|-damage|p1b: Gallade|0 fnt\n|faint|p1b: Gallade\n|\n|-weather|SunnyDay|[upkeep]\n|upkeep\n|\n|t:|1776381457\n|switch|p1b: Aegislash|Aegislash, L50, M|100/100\n|switch|p1a: Typhlosion|Typhlosion-Hisui, L50, F|100/100\n|-item|p2a: Dragapult|Spell Tag|[from] ability: Frisk|[of] p1a: Typhlosion\n|-item|p2b: Alakazam|Alakazite|[from] ability: Frisk|[of] p1a: Typhlosion\n|turn|5\n|\n|t:|1776381468\n|move|p2b: Alakazam|Protect|p2b: Alakazam\n|-singleturn|p2b: Alakazam|Protect\n|-formechange|p1b: Aegislash|Aegislash-Blade|\n|move|p1b: Aegislash|Shadow Sneak|p2b: Alakazam\n|-activate|p2b: Alakazam|move: Protect\n|move|p1a: Typhlosion|Shadow Ball|p2a: Dragapult\n|-supereffective|p2a: Dragapult|1\n|-damage|p2a: Dragapult|1/100\n|move|p2a: Dragapult|Phantom Force||[still]\n|-prepare|p2a: Dragapult|Phantom Force\n|\n|-weather|none\n|upkeep\n|turn|6\n|\n|t:|1776381487\n|switch|p2b: Kingambit|Kingambit, L50, F|100/100\n|-formechange|p1b: Aegislash|Aegislash|\n|move|p1b: Aegislash|King's Shield|p1b: Aegislash\n|-singleturn|p1b: Aegislash|Protect\n|move|p1a: Typhlosion|Shadow Ball|p2b: Kingambit\n|-resisted|p2b: Kingambit|1\n|-damage|p2b: Kingambit|81/100\n|move|p2a: Dragapult|Phantom Force|p1a: Typhlosion|[from] lockedmove\n|-supereffective|p1a: Typhlosion|1\n|-damage|p1a: Typhlosion|0 fnt\n|faint|p1a: Typhlosion\n|\n|upkeep\n|turn|7\n|inactive|xendra has 30 seconds left.\n|\n|t:|1776381514\n|move|p2a: Dragapult|Protect|p2a: Dragapult\n|-singleturn|p2a: Dragapult|Protect\n|-formechange|p1b: Aegislash|Aegislash-Blade|\n|move|p1b: Aegislash|Shadow Sneak|p2a: Dragapult\n|-activate|p2a: Dragapult|move: Protect\n|move|p2b: Kingambit|Kowtow Cleave|p1b: Aegislash\n|-supereffective|p1b: Aegislash|1\n|-damage|p1b: Aegislash|0 fnt\n|faint|p1b: Aegislash\n|\n|win|michaelgscott\n|raw|xendra's rating: 1044 &rarr; <strong>1029</strong><br />(-15 for losing)\n|raw|michaelgscott's rating: 1076 &rarr; <strong>1102</strong><br />(+26 for winning)\n|l|\u2606xendra\n|player|p1|\n",
  "uploadtime": 1776381525,
  "views": 38,
  "formatid": "gen9championsvgc2026regma",
  "rating": 1029,
  "private": 0,
  "password": null
}