{
  "id": "gen9championsvgc2026regma-2581900944",
  "format": "[Gen 9 Champions] VGC 2026 Reg M-A",
  "players": [
    "hindrex86",
    "StonerXVIII"
  ],
  "log": "|j|\u2606hindrex86\n|j|\u2606StonerXVIII\n|t:|1776038084\n|gametype|doubles\n|player|p1|hindrex86|101|1048\n|player|p2|StonerXVIII|lucas-gen4pt|1092\n|gen|9\n|tier|[Gen 9 Champions] VGC 2026 Reg M-A\n|rated|\n|rule|Species Clause: Limit one of each Pok\u00e9mon\n|rule|Item Clause: Limit 1 of each item\n|clearpoke\n|poke|p1|Garchomp, L50, F|\n|poke|p1|Corviknight, L50, M|\n|poke|p1|Gengar, L50, F|\n|poke|p1|Whimsicott, L50, F|\n|poke|p1|Incineroar, L50, M|\n|poke|p1|Charizard, L50, M|\n|poke|p2|Delphox, L50, M|\n|poke|p2|Garchomp, L50, F|\n|poke|p2|Sneasler, L50, M|\n|poke|p2|Incineroar, L50, M|\n|poke|p2|Tyranitar, L50, M|\n|poke|p2|Excadrill, L50, M|\n|teampreview|4\n|\n|t:|1776038122\n|teamsize|p1|4\n|teamsize|p2|4\n|start\n|switch|p1a: Gengar|Gengar, L50, F|100/100\n|switch|p1b: Incineroar|Incineroar, L50, M|100/100\n|switch|p2a: Sneasler|Sneasler, L50, M|100/100\n|switch|p2b: Delphox|Delphox, L50, M|100/100\n|-ability|p1b: Incineroar|Intimidate|boost\n|-unboost|p2a: Sneasler|atk|1\n|-unboost|p2b: Delphox|atk|1\n|-enditem|p2a: Sneasler|White Herb\n|-clearnegativeboost|p2a: Sneasler|[silent]\n|turn|1\n|\n|t:|1776038152\n|detailschange|p2b: Delphox|Delphox-Mega, L50, M\n|-mega|p2b: Delphox|Delphox|Delphoxite\n|move|p2a: Sneasler|Fake Out|p1b: Incineroar\n|-damage|p1b: Incineroar|88/100\n|move|p2b: Delphox|Psychic|p1a: Gengar\n|-supereffective|p1a: Gengar|1\n|-damage|p1a: Gengar|0 fnt\n|faint|p1a: Gengar\n|cant|p1b: Incineroar|flinch\n|\n|-heal|p1b: Incineroar|94/100|[from] item: Leftovers\n|upkeep\n|\n|t:|1776038166\n|switch|p1a: Garchomp|Garchomp, L50, F|100/100\n|turn|2\n|\n|t:|1776038183\n|switch|p1b: Corviknight|Corviknight, L50, M|100/100\n|move|p2a: Sneasler|Close Combat|p1b: Corviknight\n|-damage|p1b: Corviknight|60/100\n|-unboost|p2a: Sneasler|def|1\n|-unboost|p2a: Sneasler|spd|1\n|move|p2b: Delphox|Dazzling Gleam|p1b: Corviknight|[spread] p1a,p1b\n|-supereffective|p1a: Garchomp|1\n|-crit|p1a: Garchomp\n|-resisted|p1b: Corviknight|1\n|-crit|p1b: Corviknight\n|-damage|p1a: Garchomp|28/100\n|-damage|p1b: Corviknight|43/100\n|-enditem|p1b: Corviknight|Sitrus Berry|[eat]\n|-heal|p1b: Corviknight|68/100|[from] item: Sitrus Berry\n|move|p1a: Garchomp|Earthquake|p2a: Sneasler|[spread] p2a\n|-immune|p1b: Corviknight\n|-immune|p2b: Delphox|[from] ability: Levitate\n|-supereffective|p2a: Sneasler|1\n|-damage|p2a: Sneasler|0 fnt\n|faint|p2a: Sneasler\n|\n|upkeep\n|\n|t:|1776038203\n|switch|p2a: Garchomp|Garchomp, L50, F|100/100\n|turn|3\n|\n|t:|1776038218\n|move|p2b: Delphox|Dazzling Gleam|p1a: Garchomp|[spread] p1a,p1b\n|-supereffective|p1a: Garchomp|1\n|-resisted|p1b: Corviknight|1\n|-damage|p1a: Garchomp|0 fnt\n|-damage|p1b: Corviknight|58/100\n|faint|p1a: Garchomp\n|move|p2a: Garchomp|Swords Dance|p2a: Garchomp\n|-boost|p2a: Garchomp|atk|2\n|move|p1b: Corviknight|Roost|p1b: Corviknight\n|-heal|p1b: Corviknight|100/100\n|-singleturn|p1b: Corviknight|move: Roost\n|\n|upkeep\n|\n|t:|1776038228\n|switch|p1a: Incineroar|Incineroar, L50, M|94/100\n|-ability|p1a: Incineroar|Intimidate|boost\n|-unboost|p2a: Garchomp|atk|1\n|-unboost|p2b: Delphox|atk|1\n|turn|4\n|\n|t:|1776038259\n|move|p2b: Delphox|Protect|p2b: Delphox\n|-singleturn|p2b: Delphox|Protect\n|move|p1a: Incineroar|Fake Out|p2a: Garchomp\n|-damage|p2a: Garchomp|87/100\n|cant|p2a: Garchomp|flinch\n|move|p1b: Corviknight|Tailwind|p1b: Corviknight\n|-sidestart|p1: hindrex86|move: Tailwind\n|\n|-heal|p1a: Incineroar|99/100|[from] item: Leftovers\n|upkeep\n|turn|5\n|\n|t:|1776038290\n|move|p2b: Delphox|Dazzling Gleam|p1b: Corviknight|[spread] p1a,p1b\n|-resisted|p1b: Corviknight|1\n|-damage|p1a: Incineroar|80/100\n|-damage|p1b: Corviknight|90/100\n|move|p1b: Corviknight|Brave Bird|p2a: Garchomp\n|-damage|p2a: Garchomp|49/100\n|-damage|p1b: Corviknight|79/100|[from] Recoil\n|move|p2a: Garchomp|Earthquake|p1a: Incineroar|[spread] p1a\n|-immune|p2b: Delphox|[from] ability: Levitate\n|-immune|p1b: Corviknight\n|-supereffective|p1a: Incineroar|1\n|-crit|p1a: Incineroar\n|-damage|p1a: Incineroar|0 fnt\n|faint|p1a: Incineroar\n|\n|upkeep\n|turn|6\n|\n|t:|1776038315\n|move|p2a: Garchomp|Protect|p2a: Garchomp\n|-singleturn|p2a: Garchomp|Protect\n|move|p2b: Delphox|Heat Wave|p1b: Corviknight\n|-supereffective|p1b: Corviknight|1\n|-damage|p1b: Corviknight|0 fnt\n|faint|p1b: Corviknight\n|\n|win|StonerXVIII\n|raw|hindrex86's rating: 1048 &rarr; <strong>1033</strong><br />(-15 for losing)\n|raw|StonerXVIII's rating: 1092 &rarr; <strong>1115</strong><br />(+23 for winning)\n|l|\u2606hindrex86\n|player|p1|\n",
  "uploadtime": 1776038327,
  "views": 13,
  "formatid": "gen9championsvgc2026regma",
  "rating": 1033,
  "private": 0,
  "password": null
}