{
  "id": "gen9championsvgc2026regma-2584668292",
  "format": "[Gen 9 Champions] VGC 2026 Reg M-A",
  "players": [
    "Beedazzled",
    "drake78976"
  ],
  "log": "|j|\u2606Beedazzled\n|j|\u2606drake78976\n|t:|1776275590\n|gametype|doubles\n|player|p1|Beedazzled|2|1067\n|player|p2|drake78976|li|1113\n|gen|9\n|tier|[Gen 9 Champions] VGC 2026 Reg M-A\n|rated|\n|rule|Species Clause: Limit one of each Pok\u00e9mon\n|rule|Item Clause: Limit 1 of each item\n|clearpoke\n|poke|p1|Lucario, L50, F|\n|poke|p1|Clefable, L50, F|\n|poke|p1|Basculegion, L50, M|\n|poke|p1|Tyranitar, L50, M|\n|poke|p1|Whimsicott, L50, F|\n|poke|p1|Incineroar, L50, M|\n|poke|p2|Aggron, L50, M|\n|poke|p2|Primarina, L50, M|\n|poke|p2|Hydreigon, L50, F|\n|poke|p2|Sinistcha, L50|\n|poke|p2|Glimmora, L50, M|\n|poke|p2|Farigiraf, L50, F|\n|teampreview|4\n|inactive|Battle timer is ON: inactive players will automatically lose when time's up. (requested by Beedazzled)\nBeedazzled rejected open team sheets.\n|\n|t:|1776275660\n|teamsize|p1|4\n|teamsize|p2|4\n|start\n|switch|p1a: Tyranitar|Tyranitar, L50, M|100/100\n|switch|p1b: Lucario|Lucario, L50, F|100/100\n|switch|p2a: Farigiraf|Farigiraf, L50, F|100/100\n|switch|p2b: Glimmora|Glimmora, L50, M, shiny|100/100\n|-weather|Sandstorm|[from] ability: Sand Stream|[of] p1a: Tyranitar\n|turn|1\n|inactive|drake78976 has 30 seconds left.\n|\n|t:|1776275692\n|detailschange|p1b: Lucario|Lucario-Mega, L50, F\n|-mega|p1b: Lucario|Lucario|Lucarionite\n|move|p1b: Lucario|Aura Sphere|p2b: Glimmora\n|-damage|p2b: Glimmora|44/100\n|move|p2b: Glimmora|Power Gem|p1a: Tyranitar\n|-damage|p1a: Tyranitar|80/100\n|move|p1a: Tyranitar|Knock Off|p2a: Farigiraf\n|-supereffective|p2a: Farigiraf|1\n|-damage|p2a: Farigiraf|15/100\n|-enditem|p2a: Farigiraf|Sitrus Berry|[from] move: Knock Off|[of] p1a: Tyranitar\n|move|p2a: Farigiraf|Trick Room|p2a: Farigiraf\n|-fieldstart|move: Trick Room|[of] p2a: Farigiraf\n|\n|-weather|Sandstorm|[upkeep]\n|-damage|p2a: Farigiraf|9/100|[from] Sandstorm\n|upkeep\n|turn|2\n|inactive|drake78976 has 30 seconds left.\n|\n|t:|1776275717\n|move|p1b: Lucario|Protect|p1b: Lucario\n|-singleturn|p1b: Lucario|Protect\n|move|p2a: Farigiraf|Light Screen|p2a: Farigiraf\n|-sidestart|p2: drake78976|move: Light Screen\n|move|p1a: Tyranitar|Rock Slide|p2a: Farigiraf|[spread] p2a,p2b\n|-damage|p2a: Farigiraf|0 fnt\n|-damage|p2b: Glimmora|12/100\n|-activate|p2b: Glimmora|ability: Toxic Debris\n|-sidestart|p1: Beedazzled|move: Toxic Spikes\n|faint|p2a: Farigiraf\n|move|p2b: Glimmora|Sludge Bomb|p1a: Tyranitar\n|-resisted|p1a: Tyranitar|1\n|-crit|p1a: Tyranitar\n|-damage|p1a: Tyranitar|62/100\n|\n|-weather|Sandstorm|[upkeep]\n|upkeep\n|\n|t:|1776275734\n|switch|p2a: Primarina|Primarina, L50, M|100/100\n|turn|3\n|\n|t:|1776275744\n|move|p1b: Lucario|Vacuum Wave|p2b: Glimmora\n|-damage|p2b: Glimmora|0 fnt\n|faint|p2b: Glimmora\n|move|p2a: Primarina|Hyper Voice|p1a: Tyranitar|[spread] p1a,p1b\n|-supereffective|p1a: Tyranitar|1\n|-damage|p1a: Tyranitar|16/100\n|-damage|p1b: Lucario|26/100\n|move|p1a: Tyranitar|Knock Off|p2a: Primarina\n|-resisted|p2a: Primarina|1\n|-crit|p2a: Primarina\n|-damage|p2a: Primarina|62/100\n|-enditem|p2a: Primarina|Mystic Water|[from] move: Knock Off|[of] p1a: Tyranitar\n|\n|-weather|Sandstorm|[upkeep]\n|-damage|p2a: Primarina|56/100|[from] Sandstorm\n|upkeep\n|\n|t:|1776275746\n|switch|p2b: Aggron|Aggron, L50, M|100/100\n|turn|4\n|\n|t:|1776275762\n|detailschange|p2b: Aggron|Aggron-Mega, L50, M\n|-mega|p2b: Aggron|Aggron|Aggronite\n|move|p1b: Lucario|Protect|p1b: Lucario\n|-singleturn|p1b: Lucario|Protect\n|move|p2b: Aggron|Iron Defense|p2b: Aggron\n|-boost|p2b: Aggron|def|2\n|move|p2a: Primarina|Hyper Voice|p1b: Lucario|[spread] p1a\n|-activate|p1b: Lucario|move: Protect\n|-supereffective|p1a: Tyranitar|1\n|-damage|p1a: Tyranitar|0 fnt\n|faint|p1a: Tyranitar\n|\n|-weather|Sandstorm|[upkeep]\n|-damage|p2a: Primarina|50/100|[from] Sandstorm\n|upkeep\n|\n|t:|1776275776\n|switch|p1a: Incineroar|Incineroar, L50, M|100/100\n|-status|p1a: Incineroar|psn\n|-ability|p1a: Incineroar|Intimidate|boost\n|-unboost|p2a: Primarina|atk|1\n|-unboost|p2b: Aggron|atk|1\n|turn|5\n|\n|t:|1776275790\n|move|p1a: Incineroar|Fake Out|p2a: Primarina\n|-damage|p2a: Primarina|38/100\n|move|p2b: Aggron|Body Press|p1b: Lucario\n|-supereffective|p1b: Lucario|1\n|-damage|p1b: Lucario|0 fnt\n|faint|p1b: Lucario\n|cant|p2a: Primarina|flinch\n|\n|-weather|none\n|-damage|p1a: Incineroar|88/100 psn|[from] psn\n|-fieldend|move: Trick Room\n|upkeep\n|\n|t:|1776275802\n|switch|p1b: Basculegion|Basculegion, L50, M|100/100\n|-status|p1b: Basculegion|psn\n|turn|6\n|inactive|Beedazzled has 30 seconds left.\n|\n|t:|1776275837\n|move|p2a: Primarina|Protect|p2a: Primarina\n|-singleturn|p2a: Primarina|Protect\n|move|p1b: Basculegion|Last Respects|p2a: Primarina\n|-activate|p2a: Primarina|move: Protect\n|move|p1a: Incineroar|Flare Blitz|p2b: Aggron\n|-supereffective|p2b: Aggron|1\n|-damage|p2b: Aggron|81/100\n|-damage|p1a: Incineroar|83/100 psn|[from] Recoil\n|move|p2b: Aggron|Body Press|p1a: Incineroar\n|-supereffective|p1a: Incineroar|1\n|-damage|p1a: Incineroar|0 fnt\n|faint|p1a: Incineroar\n|\n|-damage|p1b: Basculegion|88/100 psn|[from] psn\n|-sideend|p2: drake78976|move: Light Screen\n|upkeep\n|turn|7\n|inactive|drake78976 has 30 seconds left.\n|\n|t:|1776275868\n|move|p1b: Basculegion|Last Respects|p2a: Primarina\n|-damage|p2a: Primarina|0 fnt\n|faint|p2a: Primarina\n|move|p2b: Aggron|Heavy Slam|p1b: Basculegion\n|-resisted|p1b: Basculegion|1\n|-damage|p1b: Basculegion|68/100 psn\n|\n|-damage|p1b: Basculegion|56/100 psn|[from] psn\n|upkeep\n|turn|8\n|\n|t:|1776275873\n|move|p2b: Aggron|Protect|p2b: Aggron\n|-singleturn|p2b: Aggron|Protect\n|move|p1b: Basculegion|Last Respects|p2b: Aggron\n|-activate|p2b: Aggron|move: Protect\n|\n|-damage|p1b: Basculegion|44/100 psn|[from] psn\n|upkeep\n|turn|9\n|\n|t:|1776275879\n|move|p1b: Basculegion|Last Respects|p2b: Aggron\n|-damage|p2b: Aggron|43/100\n|move|p2b: Aggron|Heavy Slam|p1b: Basculegion\n|-resisted|p1b: Basculegion|1\n|-damage|p1b: Basculegion|25/100 psn\n|\n|-damage|p1b: Basculegion|13/100 psn|[from] psn\n|upkeep\n|turn|10\n|\n|t:|1776275892\n|move|p2b: Aggron|Protect|p2b: Aggron\n|-singleturn|p2b: Aggron|Protect\n|move|p1b: Basculegion|Last Respects|p2b: Aggron\n|-activate|p2b: Aggron|move: Protect\n|\n|-damage|p1b: Basculegion|1/100 psn|[from] psn\n|upkeep\n|turn|11\n|\n|t:|1776275900\n|move|p2b: Aggron|Protect||[still]\n|-fail|p2b: Aggron\n|move|p1b: Basculegion|Last Respects|p2b: Aggron\n|-damage|p2b: Aggron|5/100\n|\n|-damage|p1b: Basculegion|0 fnt|[from] psn\n|faint|p1b: Basculegion\n|\n|win|drake78976\n|raw|Beedazzled's rating: 1067 &rarr; <strong>1050</strong><br />(-17 for losing)\n|raw|drake78976's rating: 1113 &rarr; <strong>1135</strong><br />(+22 for winning)\n|l|\u2606Beedazzled\n|player|p1|\n",
  "uploadtime": 1776275909,
  "views": 24,
  "formatid": "gen9championsvgc2026regma",
  "rating": 1050,
  "private": 0,
  "password": null
}