{
  "id": "gen9championsvgc2026regma-2586671335",
  "format": "[Gen 9 Champions] VGC 2026 Reg M-A",
  "players": [
    "dadoiz",
    "BulPlay"
  ],
  "log": "|j|\u2606dadoiz\n|j|\u2606BulPlay\n|t:|1776450882\n|gametype|doubles\n|player|p1|dadoiz|hugh|1086\n|player|p2|BulPlay|266|1034\n|gen|9\n|tier|[Gen 9 Champions] VGC 2026 Reg M-A\n|rated|\n|rule|Species Clause: Limit one of each Pok\u00e9mon\n|rule|Item Clause: Limit 1 of each item\n|clearpoke\n|poke|p1|Mimikyu, L50, M|\n|poke|p1|Basculegion, L50, M|\n|poke|p1|Corviknight, L50, F|\n|poke|p1|Sneasler, L50, F|\n|poke|p1|Garchomp, L50, F|\n|poke|p1|Aerodactyl, L50, M|\n|poke|p2|Froslass, L50, F|\n|poke|p2|Rotom-Wash, L50|\n|poke|p2|Sinistcha, L50|\n|poke|p2|Avalugg-Hisui, L50, F|\n|poke|p2|Sneasler, L50, F|\n|poke|p2|Whimsicott, L50, F|\n|teampreview|4\n|\n|t:|1776450909\n|teamsize|p1|4\n|teamsize|p2|4\n|start\n|switch|p1a: Mimikyu|Mimikyu, L50, M|100/100\n|switch|p1b: Basculegion|Basculegion, L50, M|100/100\n|switch|p2a: Froslass|Froslass, L50, F|100/100\n|switch|p2b: Sinistcha|Sinistcha, L50|100/100\n|turn|1\n|inactive|Battle timer is ON: inactive players will automatically lose when time's up. (requested by dadoiz)\n|\n|t:|1776450933\n|switch|p1b: Aerodactyl|Aerodactyl, L50, M|100/100\n|-ability|p1b: Aerodactyl|Unnerve\n|move|p2a: Froslass|Protect|p2a: Froslass\n|-singleturn|p2a: Froslass|Protect\n|move|p1a: Mimikyu|Swords Dance|p1a: Mimikyu\n|-boost|p1a: Mimikyu|atk|2\n|move|p2b: Sinistcha|Matcha Gotcha|p1a: Mimikyu|[spread] p1a\n|-miss|p2b: Sinistcha|p1b: Aerodactyl\n|-activate|p1a: Mimikyu|ability: Disguise\n|-damage|p1a: Mimikyu|100/100\n|detailschange|p1a: Mimikyu|Mimikyu-Busted, L50, M\n|-damage|p1a: Mimikyu|88/100|[from] pokemon: Mimikyu-Busted\n|\n|upkeep\n|turn|2\n|inactive|dadoiz has 30 seconds left.\n|inactive|BulPlay has 30 seconds left.\n|inactive|dadoiz has 20 seconds left.\n|\n|t:|1776450969\n|detailschange|p2a: Froslass|Froslass-Mega, L50, F\n|-mega|p2a: Froslass|Froslass|Froslassite\n|-weather|Snowscape|[from] ability: Snow Warning|[of] p2a: Froslass\n|move|p2b: Sinistcha|Rage Powder|p2b: Sinistcha\n|-singleturn|p2b: Sinistcha|move: Rage Powder\n|move|p1a: Mimikyu|Shadow Sneak|p2b: Sinistcha\n|-supereffective|p2b: Sinistcha|1\n|-damage|p2b: Sinistcha|23/100\n|move|p1b: Aerodactyl|Rock Slide|p2b: Sinistcha|[spread] p2a,p2b\n|-supereffective|p2a: Froslass|1\n|-damage|p2a: Froslass|56/100\n|-damage|p2b: Sinistcha|0 fnt\n|faint|p2b: Sinistcha\n|cant|p2a: Froslass|flinch\n|\n|-weather|Snowscape|[upkeep]\n|upkeep\n|c|\u2606BulPlay|ok\n|\n|t:|1776450989\n|switch|p2b: Avalugg|Avalugg-Hisui, L50, F|100/100\n|turn|3\n|\n|t:|1776451004\n|move|p1a: Mimikyu|Protect|p1a: Mimikyu\n|-singleturn|p1a: Mimikyu|Protect\n|move|p2a: Froslass|Protect|p2a: Froslass\n|-singleturn|p2a: Froslass|Protect\n|move|p1b: Aerodactyl|Rock Slide|p2b: Avalugg|[spread] p2b\n|-activate|p2a: Froslass|move: Protect\n|-supereffective|p2b: Avalugg|1\n|-damage|p2b: Avalugg|83/100\n|cant|p2b: Avalugg|flinch\n|\n|-weather|Snowscape|[upkeep]\n|-heal|p2b: Avalugg|89/100|[from] ability: Ice Body\n|upkeep\n|turn|4\n|c|\u2606BulPlay|TWICE\n|\n|t:|1776451030\n|switch|p2a: Rotom|Rotom-Wash, L50|100/100\n|move|p1a: Mimikyu|Shadow Sneak|p2a: Rotom\n|-damage|p2a: Rotom|38/100\n|move|p1b: Aerodactyl|Rock Slide|p2b: Avalugg|[spread] p2a,p2b\n|-supereffective|p2b: Avalugg|1\n|-damage|p2a: Rotom|2/100\n|-damage|p2b: Avalugg|71/100\n|move|p2b: Avalugg|Aurora Veil|p2b: Avalugg\n|-sidestart|p2: BulPlay|move: Aurora Veil\n|\n|-weather|Snowscape|[upkeep]\n|-heal|p2b: Avalugg|77/100|[from] ability: Ice Body\n|upkeep\n|turn|5\n|inactive|BulPlay has 30 seconds left.\n|inactive|BulPlay has 20 seconds left.\n|inactive|BulPlay has 15 seconds left.\n|inactive|BulPlay has 10 seconds left.\n|inactive|BulPlay has 5 seconds left.\n|\n|t:|1776451084\n|move|p2a: Rotom|Volt Switch|p1b: Aerodactyl\n|-supereffective|p1b: Aerodactyl|1\n|-damage|p1b: Aerodactyl|16/100\n|\n|t:|1776451088\n|switch|p2a: Froslass|Froslass-Mega, L50, F|56/100|[from] Volt Switch\n|move|p1b: Aerodactyl|Rock Slide|p2b: Avalugg|[spread] p2a,p2b\n|-supereffective|p2a: Froslass|1\n|-supereffective|p2b: Avalugg|1\n|-damage|p2a: Froslass|26/100\n|-damage|p2b: Avalugg|66/100\n|move|p1a: Mimikyu|Play Rough|p2b: Avalugg\n|-damage|p2b: Avalugg|48/100\n|cant|p2b: Avalugg|flinch\n|\n|-weather|Snowscape|[upkeep]\n|-heal|p2b: Avalugg|54/100|[from] ability: Ice Body\n|upkeep\n|turn|6\n|inactive|dadoiz has 30 seconds left.\n|inactive|BulPlay has 30 seconds left.\n|\n|t:|1776451120\n|move|p1a: Mimikyu|Shadow Sneak|p2a: Froslass\n|-supereffective|p2a: Froslass|1\n|-damage|p2a: Froslass|0 fnt\n|faint|p2a: Froslass\n|move|p1b: Aerodactyl|Rock Slide|p2b: Avalugg\n|-supereffective|p2b: Avalugg|1\n|-damage|p2b: Avalugg|38/100\n|cant|p2b: Avalugg|flinch\n|\n|-weather|none\n|upkeep\n|\n|t:|1776451122\n|switch|p2a: Rotom|Rotom-Wash, L50|2/100\n|turn|7\n|c|\u2606BulPlay|i\n|c|\u2606BulPlay|i dont even know what to say\n|\n|t:|1776451140\n|move|p1a: Mimikyu|Shadow Sneak|p2a: Rotom\n|-damage|p2a: Rotom|0 fnt\n|faint|p2a: Rotom\n|move|p1b: Aerodactyl|Rock Slide|p2b: Avalugg\n|-supereffective|p2b: Avalugg|1\n|-damage|p2b: Avalugg|14/100\n|cant|p2b: Avalugg|flinch\n|\n|upkeep\n|turn|8\n|c|\u2606BulPlay|THERES NO FUCKING WAY\n|c|\u2606BulPlay|NAAAAAH\n|\n|t:|1776451158\n|move|p1a: Mimikyu|Protect|p1a: Mimikyu\n|-singleturn|p1a: Mimikyu|Protect\n|move|p1b: Aerodactyl|Rock Slide|p2b: Avalugg\n|-supereffective|p2b: Avalugg|1\n|-damage|p2b: Avalugg|0 fnt\n|faint|p2b: Avalugg\n|\n|win|dadoiz\n|raw|dadoiz's rating: 1086 &rarr; <strong>1109</strong><br />(+23 for winning)\n|raw|BulPlay's rating: 1034 &rarr; <strong>1021</strong><br />(-13 for losing)\n|c|\u2606dadoiz|XD\n",
  "uploadtime": 1776451180,
  "views": 34,
  "formatid": "gen9championsvgc2026regma",
  "rating": 1021,
  "private": 0,
  "password": null
}