{
  "id": "gen9championsvgc2026regma-2588759667",
  "format": "[Gen 9 Champions] VGC 2026 Reg M-A",
  "players": [
    "PokerPuppy2514",
    "hoga the besr"
  ],
  "log": "|j|\u2606PokerPuppy2514\n|j|\u2606hoga the besr\n|t:|1776667143\n|gametype|doubles\n|player|p1|PokerPuppy2514|101|1019\n|player|p2|hoga the besr|265|1072\n|gen|9\n|tier|[Gen 9 Champions] VGC 2026 Reg M-A\n|rated|\n|rule|Species Clause: Limit one of each Pok\u00e9mon\n|rule|Item Clause: Limit 1 of each item\n|clearpoke\n|poke|p1|Incineroar, L50, F|\n|poke|p1|Floette-Eternal, L50, F|\n|poke|p1|Aerodactyl, L50, F|\n|poke|p1|Sinistcha, L50|\n|poke|p1|Garchomp, L50, F|\n|poke|p1|Basculegion, L50, M|\n|poke|p2|Feraligatr, L50, M|\n|poke|p2|Sneasler, L50, F|\n|poke|p2|Scizor, L50, M|\n|poke|p2|Talonflame, L50, F|\n|poke|p2|Farigiraf, L50, M|\n|poke|p2|Sinistcha, L50|\n|teampreview|4\n|inactive|Battle timer is ON: inactive players will automatically lose when time's up. (requested by hoga the besr)\n|inactive|PokerPuppy2514 has 60 seconds left.\n|inactive|hoga the besr has 60 seconds left.\n|\n|t:|1776667200\n|teamsize|p1|4\n|teamsize|p2|4\n|start\n|switch|p1a: Aerodactyl|Aerodactyl, L50, F|100/100\n|switch|p1b: Basculegion|Basculegion, L50, M|100/100\n|switch|p2a: Sneasler|Sneasler, L50, F|100/100\n|switch|p2b: Farigiraf|Farigiraf, L50, M|100/100\n|turn|1\n|inactive|PokerPuppy2514 has 30 seconds left.\n|\n|t:|1776667227\n|move|p1a: Aerodactyl|Protect|p1a: Aerodactyl\n|-singleturn|p1a: Aerodactyl|Protect\n|move|p1b: Basculegion|Wave Crash|p2b: Farigiraf\n|-damage|p2b: Farigiraf|16/100\n|-enditem|p2b: Farigiraf|Sitrus Berry|[eat]\n|-heal|p2b: Farigiraf|41/100|[from] item: Sitrus Berry\n|-damage|p1b: Basculegion|68/100|[from] Recoil\n|move|p2a: Sneasler|Close Combat|p1a: Aerodactyl\n|-activate|p1a: Aerodactyl|move: Protect\n|move|p2b: Farigiraf|Trick Room|p2b: Farigiraf\n|-fieldstart|move: Trick Room|[of] p2b: Farigiraf\n|\n|upkeep\n|turn|2\n|inactive|PokerPuppy2514 has 30 seconds left.\n|\n|t:|1776667257\n|switch|p1a: Sinistcha|Sinistcha, L50|100/100\n|-heal|p1b: Basculegion|93/100|[from] ability: Hospitality|[of] p1a: Sinistcha\n|move|p2b: Farigiraf|Psychic|p1a: Sinistcha\n|-damage|p1a: Sinistcha|55/100\n|move|p2a: Sneasler|Close Combat|p1a: Sinistcha\n|-immune|p1a: Sinistcha\n|move|p1b: Basculegion|Wave Crash|p2a: Sneasler\n|-enditem|p2a: Sneasler|Focus Sash\n|-damage|p2a: Sneasler|1/100\n|-damage|p1b: Basculegion|67/100|[from] Recoil\n|\n|upkeep\n|turn|3\n|\n|t:|1776667278\n|switch|p2a: Scizor|Scizor, L50, M|100/100\n|move|p2b: Farigiraf|Protect|p2b: Farigiraf\n|-singleturn|p2b: Farigiraf|Protect\n|move|p1a: Sinistcha|Matcha Gotcha|p2b: Farigiraf|[spread] p2a\n|-activate|p2b: Farigiraf|move: Protect\n|-resisted|p2a: Scizor|2\n|-crit|p2a: Scizor\n|-damage|p2a: Scizor|85/100\n|-heal|p1a: Sinistcha|63/100|[from] drain|[of] p2a: Scizor\n|-status|p2a: Scizor|brn\n|move|p1b: Basculegion|Wave Crash|p2b: Farigiraf\n|-activate|p2b: Farigiraf|move: Protect\n|\n|-damage|p2a: Scizor|78/100 brn|[from] brn\n|upkeep\n|turn|4\n|\n|t:|1776667297\n|detailschange|p2a: Scizor|Scizor-Mega, L50, M\n|-mega|p2a: Scizor|Scizor|Scizorite\n|move|p2b: Farigiraf|Helping Hand|p2a: Scizor\n|-singleturn|p2a: Scizor|Helping Hand|[of] p2b: Farigiraf\n|move|p1a: Sinistcha|Rage Powder|p1a: Sinistcha\n|-singleturn|p1a: Sinistcha|move: Rage Powder\n|move|p2a: Scizor|Bug Bite|p1a: Sinistcha\n|-damage|p1a: Sinistcha|21/100\n|-enditem|p1a: Sinistcha|Sitrus Berry|[from] stealeat|[move] Bug Bite|[of] p2a: Scizor\n|-heal|p2a: Scizor|100/100 brn|[from] item: Sitrus Berry\n|move|p1b: Basculegion|Wave Crash|p2a: Scizor\n|-damage|p2a: Scizor|42/100 brn\n|-damage|p1b: Basculegion|49/100|[from] Recoil\n|\n|-damage|p2a: Scizor|36/100 brn|[from] brn\n|upkeep\n|turn|5\n|\n|t:|1776667321\n|move|p1a: Sinistcha|Rage Powder|p1a: Sinistcha\n|-singleturn|p1a: Sinistcha|move: Rage Powder\n|move|p2a: Scizor|Bullet Punch|p1a: Sinistcha\n|-damage|p1a: Sinistcha|3/100\n|move|p2b: Farigiraf|Psychic|p1a: Sinistcha\n|-damage|p1a: Sinistcha|0 fnt\n|faint|p1a: Sinistcha\n|move|p1b: Basculegion|Wave Crash|p2b: Farigiraf\n|-damage|p2b: Farigiraf|0 fnt\n|faint|p2b: Farigiraf\n|-damage|p1b: Basculegion|34/100|[from] Recoil\n|\n|-damage|p2a: Scizor|29/100 brn|[from] brn\n|-fieldend|move: Trick Room\n|upkeep\n|\n|t:|1776667341\n|switch|p1a: Aerodactyl|Aerodactyl, L50, F|100/100\n|switch|p2b: Sneasler|Sneasler, L50, F|1/100\n|turn|6\n|inactive|hoga the besr has 30 seconds left.\n|\n|t:|1776667372\n|move|p2b: Sneasler|Fake Out|p1a: Aerodactyl\n|-resisted|p1a: Aerodactyl|1\n|-damage|p1a: Aerodactyl|90/100\n|move|p2a: Scizor|Bullet Punch|p1b: Basculegion\n|-resisted|p1b: Basculegion|1\n|-damage|p1b: Basculegion|23/100\n|cant|p1a: Aerodactyl|flinch\n|move|p1b: Basculegion|Wave Crash|p2a: Scizor\n|-damage|p2a: Scizor|0 fnt\n|faint|p2a: Scizor\n|-damage|p1b: Basculegion|14/100|[from] Recoil\n|\n|upkeep\n|\n|t:|1776667383\n|switch|p2a: Feraligatr|Feraligatr, L50, M|100/100\n|turn|7\n|\n|t:|1776667400\n|move|p1a: Aerodactyl|Protect|p1a: Aerodactyl\n|-singleturn|p1a: Aerodactyl|Protect\n|move|p2a: Feraligatr|Aqua Jet|p1a: Aerodactyl\n|-activate|p1a: Aerodactyl|move: Protect\n|move|p1b: Basculegion|Wave Crash|p2b: Sneasler\n|-damage|p2b: Sneasler|0 fnt\n|faint|p2b: Sneasler\n|-damage|p1b: Basculegion|13/100|[from] Recoil\n|\n|upkeep\n|turn|8\n|-message|hoga the besr forfeited.\n|\n|win|PokerPuppy2514\n|raw|PokerPuppy2514's rating: 1019 &rarr; <strong>1062</strong><br />(+43 for winning)\n|raw|hoga the besr's rating: 1072 &rarr; <strong>1048</strong><br />(-24 for losing)\n|l|\u2606hoga the besr\n|player|p2|\n|c|\u2606PokerPuppy2514|gg\n",
  "uploadtime": 1776667416,
  "views": 11,
  "formatid": "gen9championsvgc2026regma",
  "rating": 1048,
  "private": 0,
  "password": null
}