{
  "id": "gen9championsvgc2026regma-2580594433",
  "format": "[Gen 9 Champions] VGC 2026 Reg M-A",
  "players": [
    "jokmah123",
    "MaxSpaceRoom"
  ],
  "log": "|j|\u2606jokmah123\n|j|\u2606MaxSpaceRoom\n|t:|1775916364\n|gametype|doubles\n|player|p1|jokmah123|170|1040\n|player|p2|MaxSpaceRoom|n|1009\n|gen|9\n|tier|[Gen 9 Champions] VGC 2026 Reg M-A\n|rated|\n|rule|Species Clause: Limit one of each Pok\u00e9mon\n|rule|Item Clause: Limit 1 of each item\n|clearpoke\n|poke|p1|Sneasler, L50, F|\n|poke|p1|Kingambit, L50, F|\n|poke|p1|Dragapult, L50, M|\n|poke|p1|Charizard, L50, F|\n|poke|p1|Maushold-Four, L50|\n|poke|p1|Garchomp, L50, M|\n|poke|p2|Farigiraf, L50, F|\n|poke|p2|Golurk, L50|\n|poke|p2|Kingambit, L50, F|\n|poke|p2|Primarina, L50, F|\n|poke|p2|Gallade, L50, M|\n|poke|p2|Torkoal, L50, M|\n|teampreview|4\n|\n|t:|1775916422\n|teamsize|p1|4\n|teamsize|p2|4\n|start\n|switch|p1a: Charizard|Charizard, L50, F|100/100\n|switch|p1b: Maushold|Maushold-Four, L50|100/100\n|switch|p2a: Farigiraf|Farigiraf, L50, F|100/100\n|switch|p2b: Golurk|Golurk, L50, shiny|100/100\n|turn|1\n|\n|t:|1775916442\n|detailschange|p1a: Charizard|Charizard-Mega-Y, L50, F\n|-mega|p1a: Charizard|Charizard|Charizardite Y\n|-weather|SunnyDay|[from] ability: Drought|[of] p1a: Charizard\n|detailschange|p2b: Golurk|Golurk-Mega, L50, shiny\n|-mega|p2b: Golurk|Golurk|Golurkite\n|move|p2b: Golurk|Protect|p2b: Golurk\n|-singleturn|p2b: Golurk|Protect\n|move|p1b: Maushold|Encore|p2b: Golurk\n|-activate|p2b: Golurk|move: Protect\n|move|p1a: Charizard|Overheat|p2a: Farigiraf\n|-crit|p2a: Farigiraf\n|-damage|p2a: Farigiraf|0 fnt\n|-unboost|p1a: Charizard|spa|2\n|faint|p2a: Farigiraf\n|\n|-weather|SunnyDay|[upkeep]\n|upkeep\n|\n|t:|1775916461\n|switch|p2a: Gallade|Gallade, L50, M|100/100\n|turn|2\n|\n|t:|1775916473\n|switch|p2b: Primarina|Primarina, L50, F|100/100\n|move|p1b: Maushold|Encore||[still]\n|-fail|p1b: Maushold\n|move|p1a: Charizard|Solar Beam||[still]\n|-prepare|p1a: Charizard|Solar Beam\n|-anim|p1a: Charizard|Solar Beam|p2b: Primarina\n|-supereffective|p2b: Primarina|1\n|-damage|p2b: Primarina|60/100\n|move|p2a: Gallade|Psycho Cut|p1a: Charizard\n|-crit|p1a: Charizard\n|-damage|p1a: Charizard|18/100\n|\n|-weather|SunnyDay|[upkeep]\n|-heal|p2b: Primarina|66/100|[from] item: Leftovers\n|upkeep\n|turn|3\n|\n|t:|1775916498\n|move|p1b: Maushold|Follow Me|p1b: Maushold\n|-singleturn|p1b: Maushold|move: Follow Me\n|move|p1a: Charizard|Solar Beam||[still]\n|-prepare|p1a: Charizard|Solar Beam\n|-anim|p1a: Charizard|Solar Beam|p2b: Primarina\n|-supereffective|p2b: Primarina|1\n|-damage|p2b: Primarina|21/100\n|move|p2a: Gallade|Psycho Cut|p1b: Maushold\n|-damage|p1b: Maushold|32/100\n|move|p2b: Primarina|Dazzling Gleam|p1a: Charizard|[spread] p1a,p1b\n|-resisted|p1a: Charizard|1\n|-damage|p1a: Charizard|8/100\n|-damage|p1b: Maushold|0 fnt\n|faint|p1b: Maushold\n|\n|-weather|SunnyDay|[upkeep]\n|-heal|p2b: Primarina|27/100|[from] item: Leftovers\n|upkeep\n|\n|t:|1775916518\n|switch|p1b: Sneasler|Sneasler, L50, F|100/100\n|turn|4\n|\n|t:|1775916536\n|move|p2b: Primarina|Protect|p2b: Primarina\n|-singleturn|p2b: Primarina|Protect\n|move|p1b: Sneasler|Fake Out|p2b: Primarina\n|-activate|p2b: Primarina|move: Protect\n|move|p1a: Charizard|Solar Beam||[still]\n|-prepare|p1a: Charizard|Solar Beam\n|-anim|p1a: Charizard|Solar Beam|p2b: Primarina\n|-activate|p2b: Primarina|move: Protect\n|move|p2a: Gallade|Psycho Cut|p1b: Sneasler\n|-supereffective|p1b: Sneasler|2\n|-enditem|p1b: Sneasler|Focus Sash\n|-damage|p1b: Sneasler|1/100\n|\n|-weather|SunnyDay|[upkeep]\n|-heal|p2b: Primarina|33/100|[from] item: Leftovers\n|upkeep\n|turn|5\n|\n|t:|1775916555\n|move|p2a: Gallade|Protect|p2a: Gallade\n|-singleturn|p2a: Gallade|Protect\n|move|p1b: Sneasler|Dire Claw|p2a: Gallade\n|-activate|p2a: Gallade|move: Protect\n|move|p1a: Charizard|Solar Beam||[still]\n|-prepare|p1a: Charizard|Solar Beam\n|-anim|p1a: Charizard|Solar Beam|p2b: Primarina\n|-supereffective|p2b: Primarina|1\n|-crit|p2b: Primarina\n|-damage|p2b: Primarina|0 fnt\n|faint|p2b: Primarina\n|\n|-weather|none\n|upkeep\n|\n|t:|1775916569\n|switch|p2b: Golurk|Golurk-Mega, L50, shiny|100/100\n|turn|6\n|\n|t:|1775916582\n|move|p1a: Charizard|Protect|p1a: Charizard\n|-singleturn|p1a: Charizard|Protect\n|move|p1b: Sneasler|Dire Claw|p2a: Gallade\n|-damage|p2a: Gallade|41/100\n|move|p2a: Gallade|Psycho Cut|p1a: Charizard\n|-activate|p1a: Charizard|move: Protect\n|move|p2b: Golurk|Rock Slide|p1a: Charizard|[spread] p1b\n|-activate|p1a: Charizard|move: Protect\n|-resisted|p1b: Sneasler|1\n|-damage|p1b: Sneasler|0 fnt\n|faint|p1b: Sneasler\n|\n|upkeep\n|\n|t:|1775916591\n|switch|p1b: Kingambit|Kingambit, L50, F|100/100\n|turn|7\n|\n|t:|1775916605\n|move|p1b: Kingambit|Sucker Punch|p2a: Gallade\n|-damage|p2a: Gallade|0 fnt\n|faint|p2a: Gallade\n|move|p1a: Charizard|Heat Wave|p2b: Golurk\n|-damage|p2b: Golurk|76/100\n|move|p2b: Golurk|Rock Slide|p1a: Charizard|[spread] p1a\n|-miss|p2b: Golurk|p1b: Kingambit\n|-supereffective|p1a: Charizard|2\n|-damage|p1a: Charizard|0 fnt\n|faint|p1a: Charizard\n|\n|upkeep\n|turn|8\n|\n|t:|1775916620\n|move|p2b: Golurk|Protect|p2b: Golurk\n|-singleturn|p2b: Golurk|Protect\n|move|p1b: Kingambit|Kowtow Cleave|p2b: Golurk\n|-activate|p2b: Golurk|move: Protect\n|\n|upkeep\n|turn|9\n|\n|t:|1775916630\n|move|p1b: Kingambit|Sucker Punch|p2b: Golurk\n|-supereffective|p2b: Golurk|1\n|-damage|p2b: Golurk|0 fnt\n|faint|p2b: Golurk\n|\n|win|jokmah123\n|raw|jokmah123's rating: 1040 &rarr; <strong>1071</strong><br />(+31 for winning)\n|raw|MaxSpaceRoom's rating: 1009 &rarr; <strong>1000</strong><br />(-9 for losing)\n|l|\u2606MaxSpaceRoom\n|player|p2|\n",
  "uploadtime": 1775916652,
  "views": 121,
  "formatid": "gen9championsvgc2026regma",
  "rating": 1000,
  "private": 0,
  "password": null
}