{
  "id": "gen9championsvgc2026regma-2583793648",
  "format": "[Gen 9 Champions] VGC 2026 Reg M-A",
  "players": [
    "MefShowdown0",
    "AppleWalrus1"
  ],
  "log": "|j|\u2606MefShowdown0\n|j|\u2606AppleWalrus1\n|t:|1776198138\n|gametype|doubles\n|player|p1|MefShowdown0|selene-masters2|1257\n|player|p2|AppleWalrus1|caitlin|1252\n|gen|9\n|tier|[Gen 9 Champions] VGC 2026 Reg M-A\n|rated|\n|rule|Species Clause: Limit one of each Pok\u00e9mon\n|rule|Item Clause: Limit 1 of each item\n|clearpoke\n|poke|p1|Floette-Eternal, L50, F|\n|poke|p1|Aerodactyl, L50, M|\n|poke|p1|Sneasler, L50, M|\n|poke|p1|Garchomp, L50, M|\n|poke|p1|Incineroar, L50, M|\n|poke|p1|Sinistcha, L50|\n|poke|p2|Tyranitar, L50, F|\n|poke|p2|Gardevoir, L50, M|\n|poke|p2|Gyarados, L50, M|\n|poke|p2|Excadrill, L50, F|\n|poke|p2|Sinistcha, L50|\n|poke|p2|Rotom-Heat, L50|\n|teampreview|4\n|inactive|Battle timer is ON: inactive players will automatically lose when time's up. (requested by AppleWalrus1)\n|j| ryevalanche23\n|inactive|MefShowdown0 has 60 seconds left.\n|inactive|AppleWalrus1 has 60 seconds left.\n|\n|t:|1776198204\n|teamsize|p1|4\n|teamsize|p2|4\n|start\n|switch|p1a: Floette|Floette-Eternal, L50, F|100/100\n|switch|p1b: Incineroar|Incineroar, L50, M|100/100\n|switch|p2a: Gyarados|Gyarados, L50, M|100/100\n|switch|p2b: Rotom|Rotom-Heat, L50|100/100\n|-ability|p2a: Gyarados|Intimidate|boost\n|-unboost|p1a: Floette|atk|1\n|-unboost|p1b: Incineroar|atk|1\n|-ability|p1b: Incineroar|Intimidate|boost\n|-unboost|p2a: Gyarados|atk|1\n|-unboost|p2b: Rotom|atk|1\n|turn|1\n|inactive|AppleWalrus1 has 30 seconds left.\n|inactive|MefShowdown0 has 30 seconds left.\n|\n|t:|1776198237\n|detailschange|p1a: Floette|Floette-Mega, L50, F\n|-mega|p1a: Floette|Floette|Floettite\n|-ability|p1a: Floette|Fairy Aura\n|move|p1b: Incineroar|Fake Out|p2b: Rotom\n|-damage|p2b: Rotom|91/100\n|cant|p2b: Rotom|flinch\n|move|p1a: Floette|Calm Mind|p1a: Floette\n|-boost|p1a: Floette|spa|1\n|-boost|p1a: Floette|spd|1\n|move|p2a: Gyarados|Thunder Wave|p1a: Floette\n|-status|p1a: Floette|par\n|\n|upkeep\n|turn|2\n|inactive|AppleWalrus1 has 30 seconds left.\n|\n|t:|1776198265\n|move|p1a: Floette|Protect|p1a: Floette\n|-singleturn|p1a: Floette|Protect\n|move|p2b: Rotom|Volt Switch|p1b: Incineroar\n|-damage|p1b: Incineroar|73/100\n|\n|t:|1776198271\n|switch|p2b: Gardevoir|Gardevoir, L50, M|100/100|[from] Volt Switch\n|move|p2a: Gyarados|Thunder Wave|p1b: Incineroar\n|-status|p1b: Incineroar|par\n|move|p1b: Incineroar|Parting Shot|p2b: Gardevoir\n|-unboost|p2b: Gardevoir|atk|1\n|-unboost|p2b: Gardevoir|spa|1\n|\n|t:|1776198277\n|switch|p1b: Sneasler|Sneasler, L50, M|100/100|[from] Parting Shot\n|\n|upkeep\n|turn|3\n|\n|t:|1776198291\n|switch|p2b: Rotom|Rotom-Heat, L50|91/100\n|move|p1b: Sneasler|Dire Claw|p2b: Rotom\n|-damage|p2b: Rotom|27/100\n|move|p2a: Gyarados|Thunder Wave|p1b: Sneasler\n|-status|p1b: Sneasler|par\n|move|p1a: Floette|Dazzling Gleam|p2a: Gyarados|[spread] p2a,p2b\n|-resisted|p2b: Rotom|1\n|-damage|p2a: Gyarados|47/100\n|-damage|p2b: Rotom|0 fnt\n|faint|p2b: Rotom\n|\n|-heal|p2a: Gyarados|52/100|[from] item: Leftovers\n|upkeep\n|c|\u2606MefShowdown0|para got nerfed this gen\n|inactive|AppleWalrus1 has 30 seconds left.\n|\n|t:|1776198325\n|switch|p2b: Sinistcha|Sinistcha, L50|100/100\n|-heal|p2a: Gyarados|77/100|[from] ability: Hospitality|[of] p2b: Sinistcha\n|turn|4\n|\n|t:|1776198347\n|move|p2a: Gyarados|Waterfall|p1b: Sneasler\n|-damage|p1b: Sneasler|60/100 par\n|move|p2b: Sinistcha|Shadow Ball|p1a: Floette\n|-damage|p1a: Floette|83/100 par\n|move|p1b: Sneasler|Dire Claw|p2a: Gyarados\n|-damage|p2a: Gyarados|37/100\n|move|p1a: Floette|Dazzling Gleam|p2b: Sinistcha|[spread] p2a,p2b\n|-damage|p2a: Gyarados|0 fnt\n|-damage|p2b: Sinistcha|31/100\n|-enditem|p2b: Sinistcha|Sitrus Berry|[eat]\n|-heal|p2b: Sinistcha|56/100|[from] item: Sitrus Berry\n|faint|p2a: Gyarados\n|\n|upkeep\n|\n|t:|1776198357\n|switch|p2a: Gardevoir|Gardevoir, L50, M|100/100\n|turn|5\n|inactive|AppleWalrus1 has 30 seconds left.\n|\n|t:|1776198385\n|detailschange|p2a: Gardevoir|Gardevoir-Mega, L50, M\n|-mega|p2a: Gardevoir|Gardevoir|Gardevoirite\n|move|p2b: Sinistcha|Rage Powder|p2b: Sinistcha\n|-singleturn|p2b: Sinistcha|move: Rage Powder\n|move|p2a: Gardevoir|Psyshock|p1a: Floette\n|-damage|p1a: Floette|32/100 par\n|move|p1b: Sneasler|Dire Claw|p2b: Sinistcha\n|-damage|p2b: Sinistcha|16/100\n|-status|p2b: Sinistcha|psn\n|move|p1a: Floette|Dazzling Gleam|p2b: Sinistcha|[spread] p2a,p2b\n|-damage|p2a: Gardevoir|42/100\n|-damage|p2b: Sinistcha|0 fnt\n|faint|p2b: Sinistcha\n|\n|upkeep\n|turn|6\n|\n|t:|1776198408\n|move|p1a: Floette|Protect|p1a: Floette\n|-singleturn|p1a: Floette|Protect\n|move|p2a: Gardevoir|Hyper Voice|p1a: Floette|[spread] p1b\n|-activate|p1a: Floette|move: Protect\n|-damage|p1b: Sneasler|0 fnt\n|faint|p1b: Sneasler\n|\n|upkeep\n|\n|t:|1776198414\n|switch|p1b: Incineroar|Incineroar, L50, M|73/100 par\n|-ability|p1b: Incineroar|Intimidate|boost\n|-unboost|p2a: Gardevoir|atk|1\n|turn|7\n|\n|t:|1776198423\n|move|p2a: Gardevoir|Protect|p2a: Gardevoir\n|-singleturn|p2a: Gardevoir|Protect\n|move|p1a: Floette|Draining Kiss|p2a: Gardevoir\n|-activate|p2a: Gardevoir|move: Protect\n|move|p1b: Incineroar|Flare Blitz|p2a: Gardevoir\n|-activate|p2a: Gardevoir|move: Protect\n|\n|upkeep\n|turn|8\n|\n|t:|1776198428\n|move|p2a: Gardevoir|Hyper Voice|p1b: Incineroar|[spread] p1a,p1b\n|-damage|p1a: Floette|1/100 par\n|-damage|p1b: Incineroar|23/100 par\n|-enditem|p1b: Incineroar|Sitrus Berry|[eat]\n|-heal|p1b: Incineroar|48/100 par|[from] item: Sitrus Berry\n|move|p1a: Floette|Draining Kiss|p2a: Gardevoir\n|-damage|p2a: Gardevoir|0 fnt\n|-heal|p1a: Floette|32/100 par|[from] drain|[of] p2a: Gardevoir\n|faint|p2a: Gardevoir\n|\n|win|MefShowdown0\n|raw|MefShowdown0's rating: 1257 &rarr; <strong>1282</strong><br />(+25 for winning)\n|raw|AppleWalrus1's rating: 1252 &rarr; <strong>1227</strong><br />(-25 for losing)\n",
  "uploadtime": 1776198428,
  "views": 21,
  "formatid": "gen9championsvgc2026regma",
  "rating": 1227,
  "private": 0,
  "password": null
}