{
  "id": "gen9championsvgc2026regma-2581539533",
  "format": "[Gen 9 Champions] VGC 2026 Reg M-A",
  "players": [
    "katai18",
    "LuisF_1001"
  ],
  "log": "|j|\u2606katai18\n|j|\u2606LuisF_1001\n|t:|1776009334\n|gametype|doubles\n|player|p1|katai18|265|1094\n|player|p2|LuisF_1001|linebacker|1098\n|gen|9\n|tier|[Gen 9 Champions] VGC 2026 Reg M-A\n|rated|\n|rule|Species Clause: Limit one of each Pok\u00e9mon\n|rule|Item Clause: Limit 1 of each item\n|clearpoke\n|poke|p1|Hawlucha, L50, F|\n|poke|p1|Excadrill, L50, F|\n|poke|p1|Tyranitar, L50, M|\n|poke|p1|Basculegion, L50, M|\n|poke|p1|Aerodactyl, L50, F|\n|poke|p1|Whimsicott, L50, M|\n|poke|p2|Charizard, L50, M|\n|poke|p2|Venusaur, L50, F|\n|poke|p2|Incineroar, L50, M|\n|poke|p2|Garchomp, L50, M|\n|poke|p2|Torkoal, L50, F|\n|poke|p2|Farigiraf, L50, M|\n|teampreview|4\n|inactive|Battle timer is ON: inactive players will automatically lose when time's up. (requested by LuisF_1001)\n|\n|t:|1776009362\n|teamsize|p1|4\n|teamsize|p2|4\n|start\n|switch|p1a: Hawlucha|Hawlucha, L50, F|100/100\n|switch|p1b: Excadrill|Excadrill, L50, F|100/100\n|switch|p2a: Garchomp|Garchomp, L50, M|100/100\n|switch|p2b: Incineroar|Incineroar, L50, M|100/100\n|-ability|p1a: Hawlucha|Mold Breaker\n|-ability|p2b: Incineroar|Intimidate|boost\n|-unboost|p1a: Hawlucha|atk|1\n|-unboost|p1b: Excadrill|atk|1\n|turn|1\n|inactive|LuisF_1001 has 30 seconds left.\n|\n|t:|1776009391\n|detailschange|p1a: Hawlucha|Hawlucha-Mega, L50, F\n|-mega|p1a: Hawlucha|Hawlucha|Hawluchanite\n|move|p2b: Incineroar|Fake Out|p1b: Excadrill\n|-resisted|p1b: Excadrill|1\n|-damage|p1b: Excadrill|93/100\n|move|p2a: Garchomp|Rock Slide|p1a: Hawlucha|[spread] p1a,p1b\n|-resisted|p1b: Excadrill|2\n|-damage|p1a: Hawlucha|75/100\n|-damage|p1b: Excadrill|86/100\n|cant|p1b: Excadrill|flinch\n|move|p1a: Hawlucha|Entrainment|p1b: Excadrill\n|-ability|p1b: Excadrill|No Guard|Sand Rush|[from] move: Entrainment|[of] p1a: Hawlucha\n|\n|upkeep\n|turn|2\n|inactive|katai18 has 30 seconds left.\n|\n|t:|1776009418\n|move|p2a: Garchomp|Rock Slide|p1a: Hawlucha|[spread] p1a,p1b\n|-resisted|p1b: Excadrill|2\n|-damage|p1a: Hawlucha|50/100\n|-damage|p1b: Excadrill|80/100\n|move|p1b: Excadrill|Horn Drill|p2a: Garchomp\n|-damage|p2a: Garchomp|0 fnt\n|-damage|p1b: Excadrill|68/100|[from] ability: Rough Skin|[of] p2a: Garchomp\n|faint|p2a: Garchomp\n|-ohko\n|move|p1a: Hawlucha|Close Combat|p2b: Incineroar\n|-supereffective|p2b: Incineroar|1\n|-damage|p2b: Incineroar|5/100\n|-unboost|p1a: Hawlucha|def|1\n|-unboost|p1a: Hawlucha|spd|1\n|-enditem|p2b: Incineroar|Sitrus Berry|[eat]\n|-heal|p2b: Incineroar|30/100|[from] item: Sitrus Berry\n|move|p2b: Incineroar|Parting Shot|p1a: Hawlucha\n|-unboost|p1a: Hawlucha|atk|1\n|-unboost|p1a: Hawlucha|spa|1\n|\n|t:|1776009437\n|switch|p2b: Venusaur|Venusaur, L50, F|100/100|[from] Parting Shot\n|\n|upkeep\n|\n|t:|1776009441\n|switch|p2a: Charizard|Charizard, L50, M, shiny|100/100\n|turn|3\n|\n|t:|1776009464\n|switch|p1b: Basculegion|Basculegion, L50, M|100/100\n|detailschange|p2a: Charizard|Charizard-Mega-Y, L50, M, shiny\n|-mega|p2a: Charizard|Charizard|Charizardite Y\n|-weather|SunnyDay|[from] ability: Drought|[of] p2a: Charizard\n|move|p1a: Hawlucha|Protect|p1a: Hawlucha\n|-singleturn|p1a: Hawlucha|Protect\n|move|p2a: Charizard|Protect|p2a: Charizard\n|-singleturn|p2a: Charizard|Protect\n|move|p2b: Venusaur|Sludge Bomb|p1a: Hawlucha\n|-activate|p1a: Hawlucha|move: Protect\n|\n|-weather|SunnyDay|[upkeep]\n|upkeep\n|turn|4\n|\n|t:|1776009478\n|switch|p1a: Tyranitar|Tyranitar, L50, M|100/100\n|-weather|Sandstorm|[from] ability: Sand Stream|[of] p1a: Tyranitar\n|move|p2a: Charizard|Heat Wave|p1a: Tyranitar|[spread] p1a,p1b\n|-resisted|p1a: Tyranitar|1\n|-resisted|p1b: Basculegion|1\n|-damage|p1a: Tyranitar|87/100\n|-damage|p1b: Basculegion|76/100\n|move|p2b: Venusaur|Solar Beam||[still]\n|-prepare|p2b: Venusaur|Solar Beam\n|move|p1b: Basculegion|Flip Turn|p2b: Venusaur\n|-resisted|p2b: Venusaur|1\n|-damage|p2b: Venusaur|77/100\n|\n|t:|1776009493\n|switch|p1b: Excadrill|Excadrill, L50, F|68/100|[from] Flip Turn\n|\n|-weather|Sandstorm|[upkeep]\n|-damage|p2a: Charizard|95/100|[from] Sandstorm\n|-damage|p2b: Venusaur|71/100|[from] Sandstorm\n|-heal|p1a: Tyranitar|93/100|[from] item: Leftovers\n|upkeep\n|turn|5\n|\n|t:|1776009501\n|switch|p2a: Incineroar|Incineroar, L50, M|30/100\n|-ability|p2a: Incineroar|Intimidate|boost\n|-unboost|p1a: Tyranitar|atk|1\n|-unboost|p1b: Excadrill|atk|1\n|move|p1b: Excadrill|High Horsepower|p2b: Venusaur\n|-damage|p2b: Venusaur|33/100\n|move|p2b: Venusaur|Solar Beam|p1b: Excadrill|[from] lockedmove\n|-damage|p1b: Excadrill|34/100\n|move|p1a: Tyranitar|Rock Slide|p2b: Venusaur|[spread] \n|-miss|p1a: Tyranitar|p2a: Incineroar\n|-miss|p1a: Tyranitar|p2b: Venusaur\n|\n|-weather|Sandstorm|[upkeep]\n|-damage|p2b: Venusaur|27/100|[from] Sandstorm\n|-damage|p2a: Incineroar|24/100|[from] Sandstorm\n|-heal|p1a: Tyranitar|99/100|[from] item: Leftovers\n|upkeep\n|turn|6\n|inactive|LuisF_1001 has 30 seconds left.\n|\n|t:|1776009529\n|switch|p1b: Hawlucha|Hawlucha-Mega, L50, F|50/100\n|move|p2b: Venusaur|Protect|p2b: Venusaur\n|-singleturn|p2b: Venusaur|Protect\n|move|p1a: Tyranitar|Dragon Dance|p1a: Tyranitar\n|-boost|p1a: Tyranitar|atk|1\n|-boost|p1a: Tyranitar|spe|1\n|move|p2a: Incineroar|Parting Shot|p1a: Tyranitar\n|-unboost|p1a: Tyranitar|atk|1\n|-unboost|p1a: Tyranitar|spa|1\n|\n|t:|1776009538\n|switch|p2a: Charizard|Charizard-Mega-Y, L50, M, shiny|95/100|[from] Parting Shot\n|-weather|SunnyDay|[from] ability: Drought|[of] p2a: Charizard\n|\n|-weather|SunnyDay|[upkeep]\n|-heal|p1a: Tyranitar|100/100|[from] item: Leftovers\n|upkeep\n|turn|7\n|\n|t:|1776009552\n|move|p1a: Tyranitar|Protect|p1a: Tyranitar\n|-singleturn|p1a: Tyranitar|Protect\n|move|p2b: Venusaur|Sleep Powder|p1a: Tyranitar\n|-activate|p1a: Tyranitar|move: Protect\n|move|p1b: Hawlucha|Close Combat|p2b: Venusaur\n|-resisted|p2b: Venusaur|1\n|-crit|p2b: Venusaur\n|-damage|p2b: Venusaur|0 fnt\n|-unboost|p1b: Hawlucha|def|1\n|-unboost|p1b: Hawlucha|spd|1\n|faint|p2b: Venusaur\n|move|p2a: Charizard|Heat Wave|p1a: Tyranitar|[spread] p1b\n|-activate|p1a: Tyranitar|move: Protect\n|-crit|p1b: Hawlucha\n|-damage|p1b: Hawlucha|0 fnt\n|faint|p1b: Hawlucha\n|\n|-weather|SunnyDay|[upkeep]\n|upkeep\n|\n|t:|1776009563\n|switch|p1b: Basculegion|Basculegion, L50, M|76/100\n|switch|p2b: Incineroar|Incineroar, L50, M|24/100\n|-ability|p2b: Incineroar|Intimidate|boost\n|-unboost|p1a: Tyranitar|atk|1\n|-unboost|p1b: Basculegion|atk|1\n|turn|8\n|\n|t:|1776009575\n|move|p2b: Incineroar|Fake Out|p1a: Tyranitar\n|-resisted|p1a: Tyranitar|1\n|-crit|p1a: Tyranitar\n|-damage|p1a: Tyranitar|92/100\n|move|p2a: Charizard|Solar Beam||[still]\n|-prepare|p2a: Charizard|Solar Beam\n|-anim|p2a: Charizard|Solar Beam|p1b: Basculegion\n|-supereffective|p1b: Basculegion|1\n|-damage|p1b: Basculegion|0 fnt\n|faint|p1b: Basculegion\n|cant|p1a: Tyranitar|flinch\n|\n|-weather|SunnyDay|[upkeep]\n|-heal|p1a: Tyranitar|98/100|[from] item: Leftovers\n|upkeep\n|\n|t:|1776009582\n|switch|p1b: Excadrill|Excadrill, L50, F|34/100\n|turn|9\n|\n|t:|1776009596\n|move|p2a: Charizard|Protect|p2a: Charizard\n|-singleturn|p2a: Charizard|Protect\n|move|p1b: Excadrill|Horn Drill|p2a: Charizard\n|-activate|p2a: Charizard|move: Protect\n|move|p1a: Tyranitar|Rock Slide|p2a: Charizard|[spread] p2b\n|-activate|p2a: Charizard|move: Protect\n|-supereffective|p2b: Incineroar|1\n|-damage|p2b: Incineroar|0 fnt\n|faint|p2b: Incineroar\n|\n|-weather|SunnyDay|[upkeep]\n|-heal|p1a: Tyranitar|100/100|[from] item: Leftovers\n|upkeep\n|turn|10\n|\n|t:|1776009606\n|move|p1b: Excadrill|Horn Drill|p2a: Charizard|[miss]\n|-miss|p1b: Excadrill|p2a: Charizard\n|move|p2a: Charizard|Heat Wave|p1b: Excadrill|[spread] p1a\n|-miss|p2a: Charizard|p1b: Excadrill\n|-resisted|p1a: Tyranitar|1\n|-damage|p1a: Tyranitar|70/100\n|move|p1a: Tyranitar|Rock Slide|p2a: Charizard\n|-supereffective|p2a: Charizard|2\n|-damage|p2a: Charizard|0 fnt\n|faint|p2a: Charizard\n|\n|win|katai18\n|raw|katai18's rating: 1094 &rarr; <strong>1120</strong><br />(+26 for winning)\n|raw|LuisF_1001's rating: 1098 &rarr; <strong>1073</strong><br />(-25 for losing)\n|l|\u2606LuisF_1001\n|player|p2|\n",
  "uploadtime": 1776009640,
  "views": 12,
  "formatid": "gen9championsvgc2026regma",
  "rating": 1073,
  "private": 0,
  "password": null
}