{
  "id": "gen9championsvgc2026regma-2588666651",
  "format": "[Gen 9 Champions] VGC 2026 Reg M-A",
  "players": [
    "ogrelord20",
    "KoolCreatorX"
  ],
  "log": "|j|\u2606ogrelord20\n|j|\u2606KoolCreatorX\n|t:|1776655519\n|gametype|doubles\n|player|p1|ogrelord20|101|1162\n|player|p2|KoolCreatorX|unknown|1223\n|gen|9\n|tier|[Gen 9 Champions] VGC 2026 Reg M-A\n|rated|\n|rule|Species Clause: Limit one of each Pok\u00e9mon\n|rule|Item Clause: Limit 1 of each item\n|clearpoke\n|poke|p1|Scovillain, L50, F, shiny|\n|poke|p1|Corviknight, L50, F|\n|poke|p1|Primarina, L50, M, shiny|\n|poke|p1|Garchomp, L50, F|\n|poke|p1|Sinistcha-Masterpiece, L50|\n|poke|p1|Incineroar, L50, F|\n|poke|p2|Drampa, L50, F|\n|poke|p2|Farigiraf, L50, F|\n|poke|p2|Sinistcha, L50|\n|poke|p2|Torkoal, L50, F|\n|poke|p2|Golurk, L50|\n|poke|p2|Incineroar, L50, M|\n|teampreview|4\nKoolCreatorX rejected open team sheets.\n|inactive|Battle timer is ON: inactive players will automatically lose when time's up. (requested by KoolCreatorX)\n|inactive|ogrelord20 has 60 seconds left.\n|\n|t:|1776655580\n|teamsize|p1|4\n|teamsize|p2|4\n|start\n|switch|p1a: Garchomp|Garchomp, L50, F|100/100\n|switch|p1b: Corviknight|Corviknight, L50, F|100/100\n|switch|p2a: Drampa|Drampa, L50, F|100/100\n|switch|p2b: Farigiraf|Farigiraf, L50, F|100/100\n|-ability|p2a: Drampa|Cloud Nine\n|turn|1\n|\n|t:|1776655602\n|move|p2a: Drampa|Protect|p2a: Drampa\n|-singleturn|p2a: Drampa|Protect\n|move|p1a: Garchomp|Earthquake|p2b: Farigiraf|[spread] p2b\n|-activate|p2a: Drampa|move: Protect\n|-immune|p1b: Corviknight\n|-damage|p2b: Farigiraf|71/100\n|move|p1b: Corviknight|Iron Defense|p1b: Corviknight\n|-boost|p1b: Corviknight|def|2\n|move|p2b: Farigiraf|Trick Room|p2b: Farigiraf\n|-fieldstart|move: Trick Room|[of] p2b: Farigiraf\n|\n|upkeep\n|turn|2\n|\n|t:|1776655620\n|detailschange|p2a: Drampa|Drampa-Mega, L50, F\n|-mega|p2a: Drampa|Drampa|Drampanite\n|move|p2a: Drampa|Heat Wave|p1b: Corviknight|[spread] p1a,p1b\n|-resisted|p1a: Garchomp|1\n|-crit|p1a: Garchomp\n|-supereffective|p1b: Corviknight|1\n|-damage|p1a: Garchomp|76/100\n|-damage|p1b: Corviknight|39/100\n|-status|p1b: Corviknight|brn\n|move|p2b: Farigiraf|Psychic|p1a: Garchomp\n|-damage|p1a: Garchomp|37/100\n|move|p1b: Corviknight|Body Press|p2a: Drampa\n|-supereffective|p2a: Drampa|1\n|-damage|p2a: Drampa|55/100\n|move|p1a: Garchomp|Earthquake|p2b: Farigiraf|[spread] p2a,p2b\n|-immune|p1b: Corviknight\n|-crit|p2b: Farigiraf\n|-damage|p2a: Drampa|11/100\n|-damage|p2b: Farigiraf|28/100\n|-ability|p2a: Drampa|Berserk|boost\n|-boost|p2a: Drampa|spa|1\n|\n|-heal|p1b: Corviknight|45/100 brn|[from] item: Leftovers\n|-damage|p1b: Corviknight|39/100 brn|[from] brn\n|upkeep\n|turn|3\n|inactive|ogrelord20 has 30 seconds left.\n|inactive|KoolCreatorX has 30 seconds left.\n|\n|t:|1776655649\n|switch|p2b: Torkoal|Torkoal, L50, F|100/100\n|-weather|SunnyDay|[from] ability: Drought|[of] p2b: Torkoal\n|move|p2a: Drampa|Heat Wave|p1a: Garchomp|[spread] p1a,p1b\n|-resisted|p1a: Garchomp|1\n|-supereffective|p1b: Corviknight|1\n|-damage|p1a: Garchomp|0 fnt\n|-damage|p1b: Corviknight|0 fnt\n|faint|p1a: Garchomp\n|faint|p1b: Corviknight\n|\n|-weather|SunnyDay|[upkeep]\n|upkeep\n|\n|t:|1776655658\n|switch|p1b: Primarina|Primarina, L50, M, shiny|100/100\n|switch|p1a: Scovillain|Scovillain, L50, F, shiny|100/100\n|turn|4\n|inactive|ogrelord20 has 30 seconds left.\n|\n|t:|1776655684\n|detailschange|p1a: Scovillain|Scovillain-Mega, L50, F, shiny\n|-mega|p1a: Scovillain|Scovillain|Scovillainite\n|move|p1b: Primarina|Protect|p1b: Primarina\n|-singleturn|p1b: Primarina|Protect\n|move|p2b: Torkoal|Eruption|p1a: Scovillain|[spread] p1a\n|-activate|p1b: Primarina|move: Protect\n|-damage|p1a: Scovillain|10/100\n|-immune|p2b: Torkoal\n|move|p2a: Drampa|Hyper Voice|p1a: Scovillain|[spread] p1a\n|-activate|p1b: Primarina|move: Protect\n|-damage|p1a: Scovillain|0 fnt\n|-status|p2a: Drampa|brn|[from] ability: Spicy Spray|[of] p1a: Scovillain\n|faint|p1a: Scovillain\n|\n|-weather|SunnyDay|[upkeep]\n|-damage|p2a: Drampa|6/100 brn|[from] brn\n|upkeep\n|turn|5\n|\n|t:|1776655705\n|move|p1b: Primarina|Aqua Jet|p2a: Drampa\n|-resisted|p2a: Drampa|1\n|-damage|p2a: Drampa|2/100 brn\n|move|p2b: Torkoal|Solar Beam||[still]\n|-prepare|p2b: Torkoal|Solar Beam\n|-anim|p2b: Torkoal|Solar Beam|p1b: Primarina\n|-supereffective|p1b: Primarina|1\n|-damage|p1b: Primarina|46/100\n|move|p2a: Drampa|Hyper Voice|p1b: Primarina\n|-damage|p1b: Primarina|0 fnt\n|faint|p1b: Primarina\n|\n|win|KoolCreatorX\n|raw|ogrelord20's rating: 1162 &rarr; <strong>1141</strong><br />(-21 for losing)\n|raw|KoolCreatorX's rating: 1223 &rarr; <strong>1244</strong><br />(+21 for winning)\n",
  "uploadtime": 1776655705,
  "views": 4,
  "formatid": "gen9championsvgc2026regma",
  "rating": 1141,
  "private": 0,
  "password": null
}