{
  "id": "gen9championsvgc2026regma-2581933024",
  "format": "[Gen 9 Champions] VGC 2026 Reg M-A",
  "players": [
    "nijum",
    "A5h3r"
  ],
  "log": "|j|\u2606nijum\n|j|\u2606A5h3r\n|t:|1776040987\n|gametype|doubles\n|player|p1|nijum|102|1021\n|player|p2|A5h3r|alder|1043\n|gen|9\n|tier|[Gen 9 Champions] VGC 2026 Reg M-A\n|rated|\n|rule|Species Clause: Limit one of each Pok\u00e9mon\n|rule|Item Clause: Limit 1 of each item\n|clearpoke\n|poke|p1|Starmie, L50|\n|poke|p1|Garchomp, L50, M|\n|poke|p1|Tyranitar, L50, M|\n|poke|p1|Rotom-Heat, L50|\n|poke|p1|Aegislash, L50, M|\n|poke|p1|Aerodactyl, L50, M|\n|poke|p2|Kangaskhan, L50, F|\n|poke|p2|Pelipper, L50, F|\n|poke|p2|Archaludon, L50, F|\n|poke|p2|Meganium, L50, M|\n|poke|p2|Basculegion, L50, M|\n|poke|p2|Incineroar, L50, F|\n|teampreview|4\n|c|\u2606A5h3r|glhf\n|\n|t:|1776041053\n|teamsize|p1|4\n|teamsize|p2|4\n|start\n|switch|p1a: Starmie|Starmie, L50, shiny|100/100\n|switch|p1b: Tyranitar|Tyranitar, L50, M, shiny|100/100\n|switch|p2a: oh yeah|Incineroar, L50, F|100/100\n|switch|p2b: Meganium|Meganium, L50, M|100/100\n|-weather|Sandstorm|[from] ability: Sand Stream|[of] p1b: Tyranitar\n|-ability|p2a: oh yeah|Intimidate|boost\n|-unboost|p1a: Starmie|atk|1\n|-unboost|p1b: Tyranitar|atk|1\n|turn|1\n|\n|t:|1776041068\n|detailschange|p2b: Meganium|Meganium-Mega, L50, M\n|-mega|p2b: Meganium|Meganium|Meganiumite\n|move|p1a: Starmie|Protect|p1a: Starmie\n|-singleturn|p1a: Starmie|Protect\n|move|p1b: Tyranitar|Protect|p1b: Tyranitar\n|-singleturn|p1b: Tyranitar|Protect\n|move|p2a: oh yeah|Fake Out|p1a: Starmie\n|-activate|p1a: Starmie|move: Protect\n|move|p2b: Meganium|Solar Beam||[still]\n|-prepare|p2b: Meganium|Solar Beam\n|-activate|p2b: Meganium|ability: Mega Sol\n|-anim|p2b: Meganium|Solar Beam|p1a: Starmie\n|-activate|p1a: Starmie|move: Protect\n|\n|-weather|Sandstorm|[upkeep]\n|-damage|p1a: Starmie|95/100|[from] Sandstorm\n|-damage|p2b: Meganium|95/100|[from] Sandstorm\n|-damage|p2a: oh yeah|95/100|[from] Sandstorm\n|upkeep\n|turn|2\n|\n|t:|1776041100\n|switch|p1b: Aerodactyl|Aerodactyl, L50, M|100/100\n|detailschange|p1a: Starmie|Starmie-Mega, L50, shiny\n|-mega|p1a: Starmie|Starmie|Starminite\n|move|p1a: Starmie|Liquidation|p2a: oh yeah\n|-supereffective|p2a: oh yeah|1\n|-damage|p2a: oh yeah|19/100\n|move|p2b: Meganium|Solar Beam||[still]\n|-prepare|p2b: Meganium|Solar Beam\n|-activate|p2b: Meganium|ability: Mega Sol\n|-anim|p2b: Meganium|Solar Beam|p1a: Starmie\n|-supereffective|p1a: Starmie|1\n|-damage|p1a: Starmie|0 fnt\n|faint|p1a: Starmie\n|move|p2a: oh yeah|Parting Shot|p1b: Aerodactyl\n|-unboost|p1b: Aerodactyl|atk|1\n|-unboost|p1b: Aerodactyl|spa|1\n|\n|t:|1776041116\n|switch|p2a: DUMPSTER|Pelipper, L50, F|100/100|[from] Parting Shot\n|-weather|RainDance|[from] ability: Drizzle|[of] p2a: DUMPSTER\n|\n|-weather|RainDance|[upkeep]\n|upkeep\n|\n|t:|1776041122\n|switch|p1a: Tyranitar|Tyranitar, L50, M, shiny|100/100\n|-weather|Sandstorm|[from] ability: Sand Stream|[of] p1a: Tyranitar\n|turn|3\n|\n|t:|1776041143\n|switch|p2b: Unity Towers|Archaludon, L50, F|100/100\n|move|p1a: Tyranitar|Rock Slide|p2a: DUMPSTER|[spread] p2a,p2b\n|-supereffective|p2a: DUMPSTER|1\n|-resisted|p2b: Unity Towers|1\n|-crit|p2b: Unity Towers\n|-damage|p2a: DUMPSTER|7/100\n|-damage|p2b: Unity Towers|82/100\n|move|p1b: Aerodactyl|Dual Wingbeat|p2b: Unity Towers\n|-resisted|p2b: Unity Towers|1\n|-damage|p2b: Unity Towers|79/100\n|-resisted|p2b: Unity Towers|1\n|-damage|p2b: Unity Towers|75/100\n|-hitcount|p2b: Unity Towers|2\n|cant|p2a: DUMPSTER|flinch\n|\n|-weather|Sandstorm|[upkeep]\n|-damage|p2a: DUMPSTER|1/100|[from] Sandstorm\n|upkeep\n|turn|4\n|\n|t:|1776041165\n|switch|p2a: oh yeah|Incineroar, L50, F|19/100\n|-ability|p2a: oh yeah|Intimidate|boost\n|-unboost|p1a: Tyranitar|atk|1\n|-unboost|p1b: Aerodactyl|atk|1\n|move|p1a: Tyranitar|Rock Slide|p2b: Unity Towers|[spread] p2a,p2b\n|-supereffective|p2a: oh yeah|1\n|-resisted|p2b: Unity Towers|1\n|-damage|p2a: oh yeah|0 fnt\n|-damage|p2b: Unity Towers|67/100\n|faint|p2a: oh yeah\n|move|p1b: Aerodactyl|Earthquake|p2b: Unity Towers|[spread] p1a,p2b\n|-supereffective|p1a: Tyranitar|1\n|-supereffective|p2b: Unity Towers|1\n|-damage|p1a: Tyranitar|83/100\n|-damage|p2b: Unity Towers|52/100\n|cant|p2b: Unity Towers|flinch\n|\n|-weather|Sandstorm|[upkeep]\n|upkeep\n|\n|t:|1776041171\n|switch|p2a: DUMPSTER|Pelipper, L50, F|1/100\n|-weather|RainDance|[from] ability: Drizzle|[of] p2a: DUMPSTER\n|turn|5\n|\n|t:|1776041186\n|move|p1a: Tyranitar|Rock Slide|p2b: Unity Towers|[spread] p2a,p2b\n|-supereffective|p2a: DUMPSTER|1\n|-resisted|p2b: Unity Towers|1\n|-damage|p2a: DUMPSTER|0 fnt\n|-damage|p2b: Unity Towers|44/100\n|faint|p2a: DUMPSTER\n|move|p1b: Aerodactyl|Dual Wingbeat|p2b: Unity Towers\n|-resisted|p2b: Unity Towers|1\n|-damage|p2b: Unity Towers|41/100\n|-resisted|p2b: Unity Towers|1\n|-damage|p2b: Unity Towers|39/100\n|-hitcount|p2b: Unity Towers|2\n|move|p2b: Unity Towers|Flash Cannon|p1b: Aerodactyl\n|-supereffective|p1b: Aerodactyl|1\n|-damage|p1b: Aerodactyl|9/100\n|-enditem|p1b: Aerodactyl|Sitrus Berry|[eat]\n|-heal|p1b: Aerodactyl|34/100|[from] item: Sitrus Berry\n|\n|-weather|RainDance|[upkeep]\n|upkeep\n|\n|t:|1776041201\n|switch|p2a: Meganium|Meganium-Mega, L50, M|95/100\n|turn|6\n|\n|t:|1776041208\n|move|p1a: Tyranitar|Rock Slide|p2b: Unity Towers|[spread] p2a,p2b\n|-resisted|p2b: Unity Towers|1\n|-damage|p2a: Meganium|76/100\n|-damage|p2b: Unity Towers|31/100\n|move|p1b: Aerodactyl|Dual Wingbeat|p2a: Meganium\n|-supereffective|p2a: Meganium|1\n|-damage|p2a: Meganium|64/100\n|-supereffective|p2a: Meganium|1\n|-damage|p2a: Meganium|53/100\n|-hitcount|p2a: Meganium|2\n|move|p2b: Unity Towers|Electro Shot||[still]\n|-prepare|p2b: Unity Towers|Electro Shot\n|-boost|p2b: Unity Towers|spa|1\n|-anim|p2b: Unity Towers|Electro Shot|p1b: Aerodactyl\n|-supereffective|p1b: Aerodactyl|1\n|-damage|p1b: Aerodactyl|0 fnt\n|faint|p1b: Aerodactyl\n|move|p2a: Meganium|Dazzling Gleam|p1a: Tyranitar\n|-supereffective|p1a: Tyranitar|1\n|-damage|p1a: Tyranitar|0 fnt\n|faint|p1a: Tyranitar\n|\n|-weather|RainDance|[upkeep]\n|upkeep\n|\n|t:|1776041228\n|switch|p1b: Aegislash|Aegislash, L50, M, shiny|100/100\n|turn|7\n|\n|t:|1776041251\n|-formechange|p1b: Aegislash|Aegislash-Blade|\n|move|p1b: Aegislash|Shadow Ball|p2b: Unity Towers\n|-damage|p2b: Unity Towers|0 fnt\n|faint|p2b: Unity Towers\n|move|p2a: Meganium|Earth Power|p1b: Aegislash\n|-supereffective|p1b: Aegislash|1\n|-damage|p1b: Aegislash|0 fnt\n|faint|p1b: Aegislash\n|\n|win|A5h3r\n|raw|nijum's rating: 1021 &rarr; <strong>1009</strong><br />(-12 for losing)\n|raw|A5h3r's rating: 1043 &rarr; <strong>1074</strong><br />(+31 for winning)\n|c|\u2606A5h3r|ggwp\n|l|\u2606nijum\n|player|p1|\n",
  "uploadtime": 1776041270,
  "views": 24,
  "formatid": "gen9championsvgc2026regma",
  "rating": 1009,
  "private": 0,
  "password": null
}