{
  "id": "gen9championsvgc2026regma-2581322226",
  "format": "[Gen 9 Champions] VGC 2026 Reg M-A",
  "players": [
    "iliketobehome",
    "12457a"
  ],
  "log": "|j|\u2606iliketobehome\n|j|\u260612457a\n|t:|1775986468\n|gametype|doubles\n|player|p1|iliketobehome|1|1228\n|player|p2|12457a|266|1152\n|gen|9\n|tier|[Gen 9 Champions] VGC 2026 Reg M-A\n|rated|\n|rule|Species Clause: Limit one of each Pok\u00e9mon\n|rule|Item Clause: Limit 1 of each item\n|clearpoke\n|poke|p1|Scizor, L50, F|\n|poke|p1|Rotom-Wash, L50|\n|poke|p1|Arcanine-Hisui, L50, F|\n|poke|p1|Sinistcha, L50|\n|poke|p1|Dragapult, L50, M|\n|poke|p1|Kingambit, L50, F|\n|poke|p2|Floette-Eternal, L50, F|\n|poke|p2|Aegislash, L50, F|\n|poke|p2|Araquanid, L50, F|\n|poke|p2|Whimsicott, L50, M|\n|poke|p2|Farigiraf, L50, F|\n|poke|p2|Arcanine-Hisui, L50, M|\n|teampreview|4\n|inactive|Battle timer is ON: inactive players will automatically lose when time's up. (requested by 12457a)\niliketobehome rejected open team sheets.\n|c|\u2606iliketobehome|glhf\n|inactive|iliketobehome has 60 seconds left.\n|inactive|12457a has 60 seconds left.\n|inactive|iliketobehome has 30 seconds left.\n|inactive|12457a has 30 seconds left.\n|inactive|12457a has 20 seconds left.\n|inactive|iliketobehome has 20 seconds left.\n|inactive|12457a has 15 seconds left.\n|inactive|12457a has 10 seconds left.\n|c|\u2606iliketobehome|glhf\n|inactive|12457a has 5 seconds left.\n|\n|t:|1775986556\n|teamsize|p1|4\n|teamsize|p2|4\n|start\n|switch|p1a: Scizor|Scizor, L50, F, shiny|100/100\n|switch|p1b: Arcanine|Arcanine-Hisui, L50, F|100/100\n|switch|p2a: Arcanine|Arcanine-Hisui, L50, M|100/100\n|switch|p2b: Whimsicott|Whimsicott, L50, M|100/100\n|-ability|p1b: Arcanine|Intimidate|boost\n|-unboost|p2a: Arcanine|atk|1\n|-unboost|p2b: Whimsicott|atk|1\n|-ability|p2a: Arcanine|Intimidate|boost\n|-unboost|p1a: Scizor|atk|1\n|-unboost|p1b: Arcanine|atk|1\n|turn|1\n|inactive|12457a has 30 seconds left.\n|\n|t:|1775986585\n|move|p1a: Scizor|Protect|p1a: Scizor\n|-singleturn|p1a: Scizor|Protect\n|move|p2b: Whimsicott|Tailwind|p2b: Whimsicott\n|-sidestart|p2: 12457a|move: Tailwind\n|move|p2a: Arcanine|Flare Blitz|p1a: Scizor\n|-activate|p1a: Scizor|move: Protect\n|move|p1b: Arcanine|Head Smash|p2a: Arcanine\n|-supereffective|p2a: Arcanine|1\n|-damage|p2a: Arcanine|0 fnt\n|faint|p2a: Arcanine\n|-damage|p1b: Arcanine|42/100|[from] Recoil\n|\n|upkeep\n|\n|t:|1775986597\n|switch|p2a: Floette|Floette-Eternal, L50, F|100/100\n|turn|2\n|inactive|12457a has 30 seconds left.\n|inactive|12457a has 20 seconds left.\n|inactive|12457a has 15 seconds left.\n|\n|t:|1775986638\n|switch|p1a: Rotom|Rotom-Wash, L50|100/100\n|detailschange|p2a: Floette|Floette-Mega, L50, F\n|-mega|p2a: Floette|Floette|Floettite\n|-ability|p2a: Floette|Fairy Aura\n|move|p2b: Whimsicott|Moonblast|p1a: Rotom\n|-damage|p1a: Rotom|66/100\n|move|p2a: Floette|Dazzling Gleam|p1a: Rotom|[spread] p1a,p1b\n|-resisted|p1b: Arcanine|1\n|-damage|p1a: Rotom|18/100\n|-damage|p1b: Arcanine|12/100\n|move|p1b: Arcanine|Head Smash|p2a: Floette\n|-damage|p2a: Floette|28/100\n|-damage|p1b: Arcanine|0 fnt|[from] Recoil\n|faint|p1b: Arcanine\n|\n|upkeep\n|\n|t:|1775986648\n|switch|p1b: Scizor|Scizor, L50, F, shiny|100/100\n|turn|3\n|\n|t:|1775986672\n|detailschange|p1b: Scizor|Scizor-Mega, L50, F, shiny\n|-mega|p1b: Scizor|Scizor|Scizorite\n|move|p2a: Floette|Protect|p2a: Floette\n|-singleturn|p2a: Floette|Protect\n|move|p1a: Rotom|Protect|p1a: Rotom\n|-singleturn|p1a: Rotom|Protect\n|move|p1b: Scizor|Bullet Punch|p2a: Floette\n|-activate|p2a: Floette|move: Protect\n|move|p2b: Whimsicott|Moonblast|p1a: Rotom\n|-activate|p1a: Rotom|move: Protect\n|\n|upkeep\n|turn|4\n|inactive|12457a has 30 seconds left.\n|\n|t:|1775986700\n|switch|p2a: Aegislash|Aegislash, L50, F|100/100\n|move|p1b: Scizor|Bullet Punch|p2a: Aegislash\n|-resisted|p2a: Aegislash|1\n|-damage|p2a: Aegislash|86/100\n|move|p2b: Whimsicott|Moonblast|p1a: Rotom\n|-damage|p1a: Rotom|0 fnt\n|faint|p1a: Rotom\n|\n|-sideend|p2: 12457a|move: Tailwind\n|upkeep\n|\n|t:|1775986705\n|switch|p1a: Dragapult|Dragapult, L50, M, shiny|100/100\n|turn|5\n|inactive|12457a has 30 seconds left.\n|inactive|12457a has 20 seconds left.\n|inactive|12457a has 15 seconds left.\n|\n|t:|1775986747\n|move|p1b: Scizor|Bullet Punch|p2b: Whimsicott\n|-supereffective|p2b: Whimsicott|1\n|-enditem|p2b: Whimsicott|Focus Sash\n|-damage|p2b: Whimsicott|1/100\n|move|p1a: Dragapult|Phantom Force||[still]\n|-prepare|p1a: Dragapult|Phantom Force\n|move|p2b: Whimsicott|Moonblast|p1a: Dragapult|[miss]\n|-miss|p2b: Whimsicott|p1a: Dragapult\n|-formechange|p2a: Aegislash|Aegislash-Blade|\n|move|p2a: Aegislash|Poltergeist|p1b: Scizor\n|-activate|p1b: Scizor|move: Poltergeist|Scizorite\n|-damage|p1b: Scizor|41/100\n|\n|upkeep\n|turn|6\n|inactive|12457a has 30 seconds left.\n|inactive|12457a has 20 seconds left.\n|\n|t:|1775986787\n|move|p2b: Whimsicott|Tailwind|p2b: Whimsicott\n|-sidestart|p2: 12457a|move: Tailwind\n|move|p1b: Scizor|Bullet Punch|p2b: Whimsicott\n|-supereffective|p2b: Whimsicott|1\n|-damage|p2b: Whimsicott|0 fnt\n|faint|p2b: Whimsicott\n|move|p1a: Dragapult|Phantom Force|p2a: Aegislash|[from] lockedmove\n|-supereffective|p2a: Aegislash|1\n|-damage|p2a: Aegislash|0 fnt\n|faint|p2a: Aegislash\n|\n|upkeep\n|\n|t:|1775986797\n|switch|p2b: Floette|Floette-Mega, L50, F|28/100\n|-ability|p2b: Floette|Fairy Aura\n|turn|7\n|c|\u2606iliketobehome|gg\n|c|\u2606iliketobehome|wp\n|-message|12457a forfeited.\n|\n|win|iliketobehome\n|raw|iliketobehome's rating: 1228 &rarr; <strong>1248</strong><br />(+20 for winning)\n|raw|12457a's rating: 1152 &rarr; <strong>1132</strong><br />(-20 for losing)\n|l|\u260612457a\n|player|p2|\n",
  "uploadtime": 1775986808,
  "views": 18,
  "formatid": "gen9championsvgc2026regma",
  "rating": 1132,
  "private": 0,
  "password": null
}