{
  "id": "gen9championsvgc2026regma-2581419277",
  "format": "[Gen 9 Champions] VGC 2026 Reg M-A",
  "players": [
    "Flakenz",
    "Luka Donziggs"
  ],
  "log": "|j|\u2606Flakenz\n|j|\u2606Luka Donziggs\n|t:|1775998501\n|gametype|doubles\n|player|p1|Flakenz|boarder|1139\n|player|p2|Luka Donziggs|101|1076\n|gen|9\n|tier|[Gen 9 Champions] VGC 2026 Reg M-A\n|rated|\n|rule|Species Clause: Limit one of each Pok\u00e9mon\n|rule|Item Clause: Limit 1 of each item\n|clearpoke\n|poke|p1|Zoroark-Hisui, L50, F|\n|poke|p1|Sneasler, L50, M|\n|poke|p1|Incineroar, L50, M|\n|poke|p1|Floette-Eternal, L50, F|\n|poke|p1|Gyarados, L50, M|\n|poke|p1|Kingambit, L50, M|\n|poke|p2|Sneasler, L50, M|\n|poke|p2|Kingambit, L50, M|\n|poke|p2|Sinistcha, L50|\n|poke|p2|Pelipper, L50, M|\n|poke|p2|Garchomp, L50, M|\n|poke|p2|Scizor, L50, M|\n|teampreview|4\nFlakenz has agreed to open team sheets.\nLuka Donziggs has agreed to open team sheets.\n|showteam|p1|Zoroark-Hisui||FocusSash|Illusion|IcyWind,BitterMalice,WillOWisp,Protect|||F|||50|]Sneasler||WhiteHerb|Unburden|DireClaw,CloseCombat,RockTomb,Protect|||M|||50|]Incineroar||SitrusBerry|Intimidate|FakeOut,FlareBlitz,ThroatChop,PartingShot|||M|||50|]Floette-Eternal||Floettite|FlowerVeil|Moonblast,DazzlingGleam,CalmMind,Protect|||F|||50|]Gyarados||Leftovers|Intimidate|Waterfall,ThunderWave,HelpingHand,Protect|||M|||50|]Kingambit||BlackGlasses|Defiant|KowtowCleave,SuckerPunch,SwordsDance,Protect|||M|||50|\n|showteam|p2|Sneasler||WhiteHerb|Unburden|CloseCombat,DireClaw,Coaching,Protect|||M|||50|]Kingambit||ChopleBerry|Defiant|SuckerPunch,Assurance,SwordsDance,Protect|||M|||50|]Sinistcha||SitrusBerry|Hospitality|MatchaGotcha,TrickRoom,RagePowder,Protect||||||50|]Pelipper||FocusSash|Drizzle|Hurricane,Liquidation,Tailwind,Protect|||M|||50|]Garchomp||ChoiceScarf|RoughSkin|Earthquake,DragonClaw,StoneEdge,StompingTantrum|||M|||50|]Scizor||Scizorite|Technician|SkitterSmack,BulletPunch,Pounce,Protect|||M|||50|\n|inactive|Battle timer is ON: inactive players will automatically lose when time's up. (requested by Luka Donziggs)\n|\n|t:|1775998575\n|teamsize|p1|4\n|teamsize|p2|4\n|start\n|switch|p1a: Floette|Floette-Eternal, L50, F|100/100\n|switch|p1b: Sneasler|Sneasler, L50, M|100/100\n|switch|p2a: Sneasler|Sneasler, L50, M|100/100\n|switch|p2b: Kingambit|Kingambit, L50, M|100/100\n|turn|1\n|inactive|Luka Donziggs has 30 seconds left.\n|inactive|Luka Donziggs has 20 seconds left.\n|inactive|Luka Donziggs has 15 seconds left.\n|\n|t:|1775998615\n|move|p1a: Floette|Will-O-Wisp|p2a: Sneasler\n|-status|p2a: Sneasler|brn\n|move|p1b: Sneasler|Close Combat|p2b: Kingambit\n|-supereffective|p2b: Kingambit|2\n|-enditem|p2b: Kingambit|Chople Berry|[eat]\n|-enditem|p2b: Kingambit|Chople Berry|[weaken]\n|-damage|p2b: Kingambit|1/100\n|-unboost|p1b: Sneasler|def|1\n|-unboost|p1b: Sneasler|spd|1\n|-enditem|p1b: Sneasler|White Herb\n|-clearnegativeboost|p1b: Sneasler|[silent]\n|move|p2a: Sneasler|Dire Claw|p1a: Floette\n|-resisted|p1a: Floette|1\n|-damage|p1a: Floette|80/100\n|-status|p1a: Floette|psn\n|replace|p1a: Zoroark|Zoroark-Hisui, L50, F\n|-end|p1a: Zoroark|Illusion\n|move|p2b: Kingambit|Swords Dance|p2b: Kingambit\n|-boost|p2b: Kingambit|atk|2\n|\n|-damage|p1a: Zoroark|68/100 psn|[from] psn\n|-damage|p2a: Sneasler|95/100 brn|[from] brn\n|upkeep\n|turn|2\n|inactive|Flakenz has 30 seconds left.\n|\n|t:|1775998646\n|move|p1b: Sneasler|Protect|p1b: Sneasler\n|-singleturn|p1b: Sneasler|Protect\n|move|p2b: Kingambit|Protect|p2b: Kingambit\n|-singleturn|p2b: Kingambit|Protect\n|move|p1a: Zoroark|Will-O-Wisp|p2b: Kingambit\n|-activate|p2b: Kingambit|move: Protect\n|move|p2a: Sneasler|Coaching|p2b: Kingambit\n|-boost|p2b: Kingambit|atk|1\n|-boost|p2b: Kingambit|def|1\n|\n|-damage|p1a: Zoroark|55/100 psn|[from] psn\n|-damage|p2a: Sneasler|89/100 brn|[from] brn\n|upkeep\n|turn|3\n|inactive|Flakenz has 30 seconds left.\n|\n|t:|1775998674\n|switch|p1b: Incineroar|Incineroar, L50, M|100/100\n|-ability|p1b: Incineroar|Intimidate|boost\n|-unboost|p2a: Sneasler|atk|1\n|-unboost|p2b: Kingambit|atk|1\n|-ability|p2b: Kingambit|Defiant|boost\n|-boost|p2b: Kingambit|atk|2\n|-enditem|p2a: Sneasler|White Herb\n|-clearnegativeboost|p2a: Sneasler|[silent]\n|move|p2b: Kingambit|Sucker Punch||[still]\n|-fail|p2b: Kingambit\n|move|p2a: Sneasler|Dire Claw|p1a: Zoroark\n|-resisted|p1a: Zoroark|1\n|-damage|p1a: Zoroark|31/100 psn\n|move|p1a: Zoroark|Will-O-Wisp|p2b: Kingambit\n|-status|p2b: Kingambit|brn\n|\n|-damage|p1a: Zoroark|19/100 psn|[from] psn\n|-damage|p2a: Sneasler|83/100 brn|[from] brn\n|-damage|p2b: Kingambit|0 fnt|[from] brn\n|faint|p2b: Kingambit\n|upkeep\n|\n|t:|1775998692\n|switch|p2b: Pelipper|Pelipper, L50, M|100/100\n|-weather|RainDance|[from] ability: Drizzle|[of] p2b: Pelipper\n|turn|4\n|\n|t:|1775998710\n|move|p2a: Sneasler|Protect|p2a: Sneasler\n|-singleturn|p2a: Sneasler|Protect\n|move|p2b: Pelipper|Protect|p2b: Pelipper\n|-singleturn|p2b: Pelipper|Protect\n|move|p1a: Zoroark|Icy Wind|p2a: Sneasler|[spread] \n|-activate|p2a: Sneasler|move: Protect\n|-activate|p2b: Pelipper|move: Protect\n|move|p1b: Incineroar|Parting Shot|p2a: Sneasler\n|-activate|p2a: Sneasler|move: Protect\n|\n|-weather|RainDance|[upkeep]\n|-damage|p1a: Zoroark|7/100 psn|[from] psn\n|-damage|p2a: Sneasler|77/100 brn|[from] brn\n|upkeep\n|turn|5\n|\n|t:|1775998729\n|move|p2a: Sneasler|Close Combat|p1b: Incineroar\n|-supereffective|p1b: Incineroar|1\n|-damage|p1b: Incineroar|38/100\n|-unboost|p2a: Sneasler|def|1\n|-unboost|p2a: Sneasler|spd|1\n|-enditem|p1b: Incineroar|Sitrus Berry|[eat]\n|-heal|p1b: Incineroar|63/100|[from] item: Sitrus Berry\n|move|p1a: Zoroark|Icy Wind|p2a: Sneasler|[spread] p2a,p2b\n|-damage|p2a: Sneasler|50/100 brn\n|-damage|p2b: Pelipper|74/100\n|-unboost|p2a: Sneasler|spe|1\n|-unboost|p2b: Pelipper|spe|1\n|move|p1b: Incineroar|Parting Shot|p2a: Sneasler\n|-unboost|p2a: Sneasler|atk|1\n|-unboost|p2a: Sneasler|spa|1\n|\n|t:|1775998742\n|switch|p1b: Floette|Floette-Eternal, L50, F|100/100|[from] Parting Shot\n|move|p2b: Pelipper|Tailwind|p2b: Pelipper\n|-sidestart|p2: Luka Donziggs|move: Tailwind\n|\n|-weather|RainDance|[upkeep]\n|-damage|p1a: Zoroark|0 fnt|[from] psn\n|faint|p1a: Zoroark\n|-damage|p2a: Sneasler|44/100 brn|[from] brn\n|upkeep\n|\n|t:|1775998755\n|switch|p1a: Incineroar|Incineroar, L50, M|63/100\n|-ability|p1a: Incineroar|Intimidate|boost\n|-unboost|p2a: Sneasler|atk|1\n|-unboost|p2b: Pelipper|atk|1\n|turn|6\n|\n|t:|1775998773\n|detailschange|p1b: Floette|Floette-Mega, L50, F\n|-mega|p1b: Floette|Floette|Floettite\n|-ability|p1b: Floette|Fairy Aura\n|move|p2b: Pelipper|Protect|p2b: Pelipper\n|-singleturn|p2b: Pelipper|Protect\n|move|p1a: Incineroar|Fake Out|p2a: Sneasler\n|-damage|p2a: Sneasler|13/100 brn\n|cant|p2a: Sneasler|flinch\n|move|p1b: Floette|Calm Mind|p1b: Floette\n|-boost|p1b: Floette|spa|1\n|-boost|p1b: Floette|spd|1\n|\n|-weather|RainDance|[upkeep]\n|-damage|p2a: Sneasler|8/100 brn|[from] brn\n|upkeep\n|turn|7\n|inactive|Flakenz has 30 seconds left.\n|\n|t:|1775998800\n|switch|p2b: Scizor|Scizor, L50, M|100/100\n|move|p2a: Sneasler|Coaching|p2b: Scizor\n|-boost|p2b: Scizor|atk|1\n|-boost|p2b: Scizor|def|1\n|move|p1b: Floette|Dazzling Gleam|p2b: Scizor|[spread] p2a,p2b\n|-resisted|p2b: Scizor|1\n|-damage|p2a: Sneasler|0 fnt\n|-damage|p2b: Scizor|45/100\n|faint|p2a: Sneasler\n|move|p1a: Incineroar|Parting Shot|p2b: Scizor\n|-unboost|p2b: Scizor|atk|1\n|-unboost|p2b: Scizor|spa|1\n|\n|t:|1775998812\n|switch|p1a: Sneasler|Sneasler, L50, M|100/100|[from] Parting Shot\n|\n|-weather|RainDance|[upkeep]\n|upkeep\n|\n|t:|1775998815\n|switch|p2a: Pelipper|Pelipper, L50, M|74/100\n|turn|8\n|inactive|Flakenz has 30 seconds left.\n|\n|t:|1775998849\n|move|p2b: Scizor|Protect|p2b: Scizor\n|-singleturn|p2b: Scizor|Protect\n|move|p2a: Pelipper|Hurricane|p1b: Floette\n|-damage|p1b: Floette|77/100\n|move|p1a: Sneasler|Rock Tomb|p2a: Pelipper\n|-supereffective|p2a: Pelipper|1\n|-damage|p2a: Pelipper|17/100\n|-unboost|p2a: Pelipper|spe|1\n|move|p1b: Floette|Dazzling Gleam|p2b: Scizor|[spread] p2a\n|-activate|p2b: Scizor|move: Protect\n|-damage|p2a: Pelipper|0 fnt\n|faint|p2a: Pelipper\n|\n|-weather|none\n|-sideend|p2: Luka Donziggs|move: Tailwind\n|upkeep\n|turn|9\n|\n|t:|1775998868\n|detailschange|p2b: Scizor|Scizor-Mega, L50, M\n|-mega|p2b: Scizor|Scizor|Scizorite\n|move|p2b: Scizor|Bullet Punch|p1b: Floette\n|-supereffective|p1b: Floette|1\n|-damage|p1b: Floette|0 fnt\n|faint|p1b: Floette\n|move|p1a: Sneasler|Close Combat|p2b: Scizor\n|-damage|p2b: Scizor|7/100\n|-unboost|p1a: Sneasler|def|1\n|-unboost|p1a: Sneasler|spd|1\n|\n|upkeep\n|\n|t:|1775998877\n|switch|p1b: Incineroar|Incineroar, L50, M|63/100\n|-ability|p1b: Incineroar|Intimidate|boost\n|-unboost|p2b: Scizor|atk|1\n|turn|10\n|\n|t:|1775998884\n|move|p1b: Incineroar|Fake Out|p2b: Scizor\n|-resisted|p2b: Scizor|1\n|-damage|p2b: Scizor|3/100\n|cant|p2b: Scizor|flinch\n|move|p1a: Sneasler|Close Combat|p2b: Scizor\n|-damage|p2b: Scizor|0 fnt\n|-unboost|p1a: Sneasler|def|1\n|-unboost|p1a: Sneasler|spd|1\n|faint|p2b: Scizor\n|\n|win|Flakenz\n|raw|Flakenz's rating: 1139 &rarr; <strong>1160</strong><br />(+21 for winning)\n|raw|Luka Donziggs's rating: 1076 &rarr; <strong>1058</strong><br />(-18 for losing)\n",
  "uploadtime": 1775998885,
  "views": 19,
  "formatid": "gen9championsvgc2026regma",
  "rating": 1058,
  "private": 0,
  "password": null
}