{
  "id": "gen9championsvgc2026regma-2583352136",
  "format": "[Gen 9 Champions] VGC 2026 Reg M-A",
  "players": [
    "dededelete this03",
    "knokout"
  ],
  "log": "|j|\u2606dededelete this03\n|j|\u2606knokout\n|t:|1776169392\n|gametype|doubles\n|player|p1|dededelete this03|clown|1000\n|player|p2|knokout|cheren-gen5bw2|1077\n|gen|9\n|tier|[Gen 9 Champions] VGC 2026 Reg M-A\n|rated|\n|rule|Species Clause: Limit one of each Pok\u00e9mon\n|rule|Item Clause: Limit 1 of each item\n|clearpoke\n|poke|p1|Mimikyu, L50, M|\n|poke|p1|Crabominable, L50, M|\n|poke|p1|Ninetales-Alola, L50, F|\n|poke|p1|Sinistcha, L50|\n|poke|p1|Incineroar, L50, M|\n|poke|p1|Gengar, L50, M|\n|poke|p2|Banette, L50, F|\n|poke|p2|Orthworm, L50, F|\n|poke|p2|Oranguru, L50, M|\n|poke|p2|Klefki, L50, F|\n|poke|p2|Krookodile, L50, M|\n|poke|p2|Aerodactyl, L50, F|\n|teampreview|4\ndededelete this03 rejected open team sheets.\n|\n|t:|1776169418\n|teamsize|p1|4\n|teamsize|p2|4\n|start\n|switch|p1a: RichesToRags|Mimikyu, L50, M|100/100\n|switch|p1b: Hala|Crabominable, L50, M|100/100\n|switch|p2a: Orthworm|Orthworm, L50, F|100/100\n|switch|p2b: Aerodactyl|Aerodactyl, L50, F|100/100\n|-ability|p2b: Aerodactyl|Unnerve\n|turn|1\n|\n|t:|1776169448\n|detailschange|p1b: Hala|Crabominable-Mega, L50, M\n|-mega|p1b: Hala|Crabominable|Crabominite\n|move|p1b: Hala|Protect|p1b: Hala\n|-singleturn|p1b: Hala|Protect\n|move|p2b: Aerodactyl|Rock Slide|p1b: Hala|[spread] p1a\n|-activate|p1b: Hala|move: Protect\n|-activate|p1a: RichesToRags|ability: Disguise\n|-damage|p1a: RichesToRags|100/100\n|detailschange|p1a: RichesToRags|Mimikyu-Busted, L50, M\n|-damage|p1a: RichesToRags|88/100|[from] pokemon: Mimikyu-Busted\n|move|p2a: Orthworm|Iron Defense|p2a: Orthworm\n|-boost|p2a: Orthworm|def|2\n|move|p1a: RichesToRags|Trick Room|p1a: RichesToRags\n|-fieldstart|move: Trick Room|[of] p1a: RichesToRags\n|\n|upkeep\n|turn|2\n|\n|t:|1776169499\n|move|p1b: Hala|Drain Punch|p2a: Orthworm\n|-supereffective|p2a: Orthworm|1\n|-damage|p2a: Orthworm|54/100\n|move|p2a: Orthworm|Body Press|p1b: Hala\n|-supereffective|p1b: Hala|1\n|-damage|p1b: Hala|5/100\n|move|p1a: RichesToRags|Will-O-Wisp|p2b: Aerodactyl\n|-status|p2b: Aerodactyl|brn\n|move|p2b: Aerodactyl|Rock Slide|p1a: RichesToRags|[spread] p1a,p1b\n|-damage|p1a: RichesToRags|71/100\n|-damage|p1b: Hala|0 fnt\n|faint|p1b: Hala\n|\n|-damage|p2b: Aerodactyl|95/100 brn|[from] brn\n|upkeep\n|\n|t:|1776169515\n|switch|p1b: FoxeyTCG|Incineroar, L50, M, shiny|100/100\n|-ability|p1b: FoxeyTCG|Intimidate|boost\n|-unboost|p2a: Orthworm|atk|1\n|-unboost|p2b: Aerodactyl|atk|1\n|turn|3\n|\n|t:|1776169544\n|move|p2b: Aerodactyl|Protect|p2b: Aerodactyl\n|-singleturn|p2b: Aerodactyl|Protect\n|move|p1b: FoxeyTCG|Fake Out|p2a: Orthworm\n|-resisted|p2a: Orthworm|1\n|-damage|p2a: Orthworm|52/100\n|cant|p2a: Orthworm|flinch\n|move|p1a: RichesToRags|Will-O-Wisp|p2a: Orthworm\n|-status|p2a: Orthworm|brn\n|\n|-damage|p2a: Orthworm|45/100 brn|[from] brn\n|-damage|p2b: Aerodactyl|89/100 brn|[from] brn\n|upkeep\n|-enditem|p2a: Orthworm|Sitrus Berry|[eat]\n|-heal|p2a: Orthworm|70/100 brn|[from] item: Sitrus Berry\n|turn|4\n|\n|t:|1776169607\n|move|p1a: RichesToRags|Shadow Sneak|p2a: Orthworm\n|-damage|p2a: Orthworm|64/100 brn\n|move|p1b: FoxeyTCG|Flare Blitz|p2a: Orthworm\n|-supereffective|p2a: Orthworm|1\n|-damage|p2a: Orthworm|15/100 brn\n|-damage|p1b: FoxeyTCG|89/100|[from] Recoil\n|move|p2a: Orthworm|Shed Tail|p2a: Orthworm\n|-fail|p2a: Orthworm|move: Shed Tail|[weak]\n|move|p2b: Aerodactyl|Earthquake|p1a: RichesToRags|[spread] p1a,p1b\n|-heal|p2a: Orthworm|39/100 brn|[from] ability: Earth Eater|[of] p2b: Aerodactyl\n|-supereffective|p1b: FoxeyTCG|1\n|-damage|p1a: RichesToRags|63/100\n|-damage|p1b: FoxeyTCG|75/100\n|\n|-damage|p2a: Orthworm|33/100 brn|[from] brn\n|-damage|p2b: Aerodactyl|83/100 brn|[from] brn\n|upkeep\n|turn|5\n|\n|t:|1776169632\n|move|p1a: RichesToRags|Shadow Sneak|p2b: Aerodactyl\n|-damage|p2b: Aerodactyl|62/100 brn\n|move|p1b: FoxeyTCG|Flare Blitz|p2a: Orthworm\n|-supereffective|p2a: Orthworm|1\n|-damage|p2a: Orthworm|0 fnt\n|faint|p2a: Orthworm\n|-damage|p1b: FoxeyTCG|67/100|[from] Recoil\n|move|p2b: Aerodactyl|Earthquake|p1a: RichesToRags|[spread] p1a,p1b\n|-supereffective|p1b: FoxeyTCG|1\n|-damage|p1a: RichesToRags|55/100\n|-damage|p1b: FoxeyTCG|53/100\n|\n|-damage|p2b: Aerodactyl|57/100 brn|[from] brn\n|-fieldend|move: Trick Room\n|upkeep\n|\n|t:|1776169648\n|switch|p2a: Banette|Banette, L50, F|100/100\n|-item|p1a: RichesToRags|Mental Herb|[from] ability: Frisk|[of] p2a: Banette\n|-item|p1b: FoxeyTCG|Sitrus Berry|[from] ability: Frisk|[of] p2a: Banette\n|turn|6\n|\n|t:|1776169664\n|switch|p2b: Oranguru|Oranguru, L50, M|100/100\n|detailschange|p2a: Banette|Banette-Mega, L50, F\n|-mega|p2a: Banette|Banette|Banettite\n|move|p2a: Banette|Swords Dance|p2a: Banette\n|-boost|p2a: Banette|atk|2\n|move|p1b: FoxeyTCG|Darkest Lariat|p2a: Banette\n|-supereffective|p2a: Banette|1\n|-damage|p2a: Banette|0 fnt\n|faint|p2a: Banette\n|move|p1a: RichesToRags|Trick Room|p1a: RichesToRags\n|-fieldstart|move: Trick Room|[of] p1a: RichesToRags\n|\n|upkeep\n|\n|t:|1776169727\n|switch|p2a: Aerodactyl|Aerodactyl, L50, F|57/100 brn\n|-ability|p2a: Aerodactyl|Unnerve\n|turn|7\n|\n|t:|1776169749\n|move|p2b: Oranguru|Instruct||[still]\n|-fail|p2b: Oranguru\n|move|p1b: FoxeyTCG|Darkest Lariat|p2b: Oranguru\n|-supereffective|p2b: Oranguru|1\n|-damage|p2b: Oranguru|15/100\n|move|p1a: RichesToRags|Will-O-Wisp|p2b: Oranguru\n|-status|p2b: Oranguru|brn\n|move|p2a: Aerodactyl|Rock Slide|p1b: FoxeyTCG|[spread] p1a,p1b\n|-supereffective|p1b: FoxeyTCG|1\n|-damage|p1a: RichesToRags|38/100\n|-damage|p1b: FoxeyTCG|25/100\n|\n|-damage|p2b: Oranguru|9/100 brn|[from] brn\n|-damage|p2a: Aerodactyl|51/100 brn|[from] brn\n|upkeep\n|turn|8\n|\n|t:|1776169780\n|move|p1a: RichesToRags|Shadow Sneak|p2a: Aerodactyl\n|-damage|p2a: Aerodactyl|31/100 brn\n|move|p2b: Oranguru|Instruct|p2a: Aerodactyl\n|-singleturn|p2a: Aerodactyl|move: Instruct|[of] p2b: Oranguru\n|move|p2a: Aerodactyl|Rock Slide|p1b: FoxeyTCG|[spread] p1a,p1b\n|-supereffective|p1b: FoxeyTCG|1\n|-damage|p1a: RichesToRags|22/100\n|-damage|p1b: FoxeyTCG|0 fnt\n|faint|p1b: FoxeyTCG\n|move|p2a: Aerodactyl|Earthquake|p1a: RichesToRags|[spread] p1a\n|-activate|p2b: Oranguru|ability: Telepathy\n|-damage|p1a: RichesToRags|9/100\n|\n|-damage|p2b: Oranguru|3/100 brn|[from] brn\n|-damage|p2a: Aerodactyl|25/100 brn|[from] brn\n|upkeep\n|\n|t:|1776169793\n|switch|p1b: Veyle|Ninetales-Alola, L50, F|100/100\n|-weather|Snowscape|[from] ability: Snow Warning|[of] p1b: Veyle\n|turn|9\n|\n|t:|1776169815\n|move|p1b: Veyle|Protect|p1b: Veyle\n|-singleturn|p1b: Veyle|Protect\n|move|p1a: RichesToRags|Shadow Sneak|p2a: Aerodactyl\n|-damage|p2a: Aerodactyl|6/100 brn\n|move|p2b: Oranguru|Instruct|p2a: Aerodactyl\n|-singleturn|p2a: Aerodactyl|move: Instruct|[of] p2b: Oranguru\n|move|p2a: Aerodactyl|Earthquake|p1b: Veyle|[spread] p1a\n|-activate|p1b: Veyle|move: Protect\n|-activate|p2b: Oranguru|ability: Telepathy\n|-damage|p1a: RichesToRags|0 fnt\n|faint|p1a: RichesToRags\n|move|p2a: Aerodactyl|Rock Slide|p1b: Veyle\n|-activate|p1b: Veyle|move: Protect\n|\n|-weather|Snowscape|[upkeep]\n|-damage|p2b: Oranguru|0 fnt|[from] brn\n|faint|p2b: Oranguru\n|-damage|p2a: Aerodactyl|0 fnt|[from] brn\n|faint|p2a: Aerodactyl\n|\n|win|dededelete this03\n|raw|dededelete this03's rating: 1000 &rarr; <strong>1049</strong><br />(+49 for winning)\n|raw|knokout's rating: 1077 &rarr; <strong>1051</strong><br />(-26 for losing)\n",
  "uploadtime": 1776169835,
  "views": 15,
  "formatid": "gen9championsvgc2026regma",
  "rating": 1049,
  "private": 0,
  "password": null
}