{
  "id": "gen9championsvgc2026regma-2588309219",
  "format": "[Gen 9 Champions] VGC 2026 Reg M-A",
  "players": [
    "Guccisan1",
    "apfr"
  ],
  "log": "|j|\u203dGuccisan1\n|j|\u203dapfr\n|t:|1776622928\n|gametype|doubles\n|player|p1|Guccisan1|1|1439\n|player|p2|apfr|clown|1501\n|gen|9\n|tier|[Gen 9 Champions] VGC 2026 Reg M-A\n|rated|\n|rule|Species Clause: Limit one of each Pok\u00e9mon\n|rule|Item Clause: Limit 1 of each item\n|clearpoke\n|poke|p1|Golurk, L50|\n|poke|p1|Farigiraf, L50, M|\n|poke|p1|Incineroar, L50, M|\n|poke|p1|Torkoal, L50, F|\n|poke|p1|Sneasler, L50, F|\n|poke|p1|Venusaur, L50, M|\n|poke|p2|Drampa, L50, F|\n|poke|p2|Klefki, L50, M|\n|poke|p2|Sinistcha, L50|\n|poke|p2|Farigiraf, L50, F|\n|poke|p2|Camerupt, L50, F|\n|poke|p2|Kingambit, L50, M|\n|teampreview|4\n|\n|t:|1776622962\n|teamsize|p1|4\n|teamsize|p2|4\n|start\n|switch|p1a: Venusaur|Venusaur, L50, M|100/100\n|switch|p1b: Sneasler|Sneasler, L50, F|100/100\n|switch|p2a: Farigiraf|Farigiraf, L50, F|100/100\n|switch|p2b: Sinistcha|Sinistcha, L50|100/100\n|turn|1\n|\n|t:|1776622992\n|switch|p1b: Golurk|Golurk, L50|100/100\n|move|p1a: Venusaur|Sludge Bomb|p2b: Sinistcha\n|-damage|p2b: Sinistcha|63/100\n|-status|p2b: Sinistcha|psn\n|move|p2a: Farigiraf|Psychic|p1b: Golurk\n|-damage|p1b: Golurk|55/100\n|move|p2b: Sinistcha|Trick Room|p2b: Sinistcha\n|-fieldstart|move: Trick Room|[of] p2b: Sinistcha\n|\n|-damage|p2b: Sinistcha|50/100 psn|[from] psn\n|upkeep\n|turn|2\n|\n|t:|1776623015\n|detailschange|p1b: Golurk|Golurk-Mega, L50\n|-mega|p1b: Golurk|Golurk|Golurkite\n|move|p2a: Farigiraf|Psychic|p1b: Golurk\n|-damage|p1b: Golurk|20/100\n|move|p1b: Golurk|Poltergeist|p2b: Sinistcha|[miss]\n|-miss|p1b: Golurk|p2b: Sinistcha\n|move|p2b: Sinistcha|Shadow Ball|p1b: Golurk\n|-supereffective|p1b: Golurk|1\n|-damage|p1b: Golurk|0 fnt\n|faint|p1b: Golurk\n|move|p1a: Venusaur|Sleep Powder|p2a: Farigiraf|[miss]\n|-miss|p1a: Venusaur|p2a: Farigiraf\n|\n|-damage|p2b: Sinistcha|38/100 psn|[from] psn\n|upkeep\n|\n|t:|1776623024\n|switch|p1b: Farigiraf|Farigiraf, L50, M|100/100\n|turn|3\n|\n|t:|1776623033\n|move|p1a: Venusaur|Protect|p1a: Venusaur\n|-singleturn|p1a: Venusaur|Protect\n|move|p1b: Farigiraf|Psychic|p2b: Sinistcha\n|-damage|p2b: Sinistcha|4/100 psn\n|move|p2a: Farigiraf|Psychic|p1a: Venusaur\n|-activate|p1a: Venusaur|move: Protect\n|move|p2b: Sinistcha|Shadow Ball|p1a: Venusaur\n|-activate|p1a: Venusaur|move: Protect\n|\n|-damage|p2b: Sinistcha|0 fnt|[from] psn\n|faint|p2b: Sinistcha\n|upkeep\n|\n|t:|1776623038\n|switch|p2b: Camerupt|Camerupt, L50, F|100/100\n|turn|4\n|\n|t:|1776623051\n|switch|p1a: Sneasler|Sneasler, L50, F|100/100\n|detailschange|p2b: Camerupt|Camerupt-Mega, L50, F\n|-mega|p2b: Camerupt|Camerupt|Cameruptite\n|move|p2b: Camerupt|Heat Wave|p1a: Sneasler|[spread] p1a,p1b\n|-damage|p1a: Sneasler|24/100\n|-damage|p1b: Farigiraf|43/100\n|-enditem|p1b: Farigiraf|Sitrus Berry|[eat]\n|-heal|p1b: Farigiraf|68/100|[from] item: Sitrus Berry\n|move|p2a: Farigiraf|Hyper Voice|p1a: Sneasler|[spread] p1a,p1b\n|-damage|p1a: Sneasler|0 fnt\n|-damage|p1b: Farigiraf|37/100\n|faint|p1a: Sneasler\n|move|p1b: Farigiraf|Trick Room|p1b: Farigiraf\n|-fieldend|move: Trick Room\n|\n|upkeep\n|\n|t:|1776623053\n|switch|p1a: Venusaur|Venusaur, L50, M|100/100\n|turn|5\n|\n|t:|1776623067\n|move|p1a: Venusaur|Sleep Powder|p2b: Camerupt|[miss]\n|-miss|p1a: Venusaur|p2b: Camerupt\n|move|p2a: Farigiraf|Psychic|p1a: Venusaur\n|-supereffective|p1a: Venusaur|1\n|-damage|p1a: Venusaur|4/100\n|-unboost|p1a: Venusaur|spd|1\n|move|p2b: Camerupt|Heat Wave|p1b: Farigiraf|[spread] p1a,p1b\n|-supereffective|p1a: Venusaur|1\n|-damage|p1a: Venusaur|0 fnt\n|-damage|p1b: Farigiraf|0 fnt\n|faint|p1a: Venusaur\n|faint|p1b: Farigiraf\n|\n|win|apfr\n|raw|Guccisan1's rating: 1439 &rarr; <strong>1423</strong><br />(-16 for losing)\n|raw|apfr's rating: 1501 &rarr; <strong>1517</strong><br />(+16 for winning)\n",
  "uploadtime": 1776623071,
  "views": 11,
  "formatid": "gen9championsvgc2026regma",
  "rating": 1423,
  "private": 0,
  "password": null
}