{
  "id": "gen9championsvgc2026regma-2585749080",
  "format": "[Gen 9 Champions] VGC 2026 Reg M-A",
  "players": [
    "Phillip Blevin",
    "tokerr"
  ],
  "log": "|j|\u2606Phillip Blevin\n|j|\u2606tokerr\n|t:|1776367918\n|gametype|doubles\n|player|p1|Phillip Blevin|cynthia-masters4|1299\n|player|p2|tokerr|ninjaboy|1207\n|gen|9\n|tier|[Gen 9 Champions] VGC 2026 Reg M-A\n|rated|\n|rule|Species Clause: Limit one of each Pok\u00e9mon\n|rule|Item Clause: Limit 1 of each item\n|clearpoke\n|poke|p1|Sinistcha, L50|\n|poke|p1|Corviknight, L50, F|\n|poke|p1|Garchomp, L50, M|\n|poke|p1|Arcanine-Hisui, L50, F|\n|poke|p1|Froslass, L50, F|\n|poke|p1|Rotom-Wash, L50|\n|poke|p2|Aerodactyl, L50, F|\n|poke|p2|Gardevoir, L50, M|\n|poke|p2|Sneasler, L50, M|\n|poke|p2|Rotom-Wash, L50|\n|poke|p2|Excadrill, L50, F|\n|poke|p2|Maushold-Four, L50|\n|teampreview|4\n|inactive|Battle timer is ON: inactive players will automatically lose when time's up. (requested by Phillip Blevin)\nPhillip Blevin has agreed to open team sheets.\n|\n|t:|1776367944\n|teamsize|p1|4\n|teamsize|p2|4\n|start\n|switch|p1a: Rotom|Rotom-Wash, L50|100/100\n|switch|p1b: Froslass|Froslass, L50, F|100/100\n|switch|p2a: Maushold|Maushold-Four, L50|100/100\n|switch|p2b: Sneasler|Sneasler, L50, M|100/100\n|turn|1\n|inactive|tokerr has 30 seconds left.\n|inactive|tokerr has 20 seconds left.\n|inactive|tokerr has 15 seconds left.\n|\n|t:|1776367986\n|detailschange|p1b: Froslass|Froslass-Mega, L50, F\n|-mega|p1b: Froslass|Froslass|Froslassite\n|-weather|Snowscape|[from] ability: Snow Warning|[of] p1b: Froslass\n|move|p2b: Sneasler|Fake Out|p1a: Rotom\n|-damage|p1a: Rotom|83/100\n|cant|p1a: Rotom|flinch\n|move|p1b: Froslass|Blizzard|p2a: Maushold|[spread] p2a,p2b\n|-damage|p2a: Maushold|40/100\n|-damage|p2b: Sneasler|55/100\n|-status|p2a: Maushold|frz\n|-curestatus|p2a: Maushold|frz|[msg]\n|move|p2a: Maushold|Taunt|p1b: Froslass\n|-start|p1b: Froslass|move: Taunt\n|\n|-weather|Snowscape|[upkeep]\n|upkeep\n|turn|2\n|inactive|tokerr has 30 seconds left.\n|\n|t:|1776368018\n|move|p1a: Rotom|Volt Switch|p2b: Sneasler\n|-damage|p2b: Sneasler|30/100\n|\n|t:|1776368032\n|switch|p1a: Garchomp|Garchomp, L50, M|100/100|[from] Volt Switch\n|move|p1b: Froslass|Blizzard|p2a: Maushold|[spread] p2a,p2b\n|-damage|p2a: Maushold|0 fnt\n|-damage|p2b: Sneasler|0 fnt\n|faint|p2a: Maushold\n|faint|p2b: Sneasler\n|\n|-weather|Snowscape|[upkeep]\n|upkeep\n|\n|t:|1776368049\n|switch|p2b: Gardevoir|Gardevoir, L50, M, shiny|100/100\n|switch|p2a: Aerodactyl|Aerodactyl, L50, F, shiny|100/100\n|-ability|p2a: Aerodactyl|Unnerve\n|turn|3\n|\n|t:|1776368061\n|switch|p1a: Rotom|Rotom-Wash, L50|83/100\n|detailschange|p2b: Gardevoir|Gardevoir-Mega, L50, M, shiny\n|-mega|p2b: Gardevoir|Gardevoir|Gardevoirite\n|move|p2a: Aerodactyl|Tailwind|p2a: Aerodactyl\n|-sidestart|p2: tokerr|move: Tailwind\n|move|p2b: Gardevoir|Hyper Voice|p1b: Froslass|[spread] p1a,p1b\n|-damage|p1a: Rotom|27/100\n|-damage|p1b: Froslass|43/100\n|move|p1b: Froslass|Blizzard|p2a: Aerodactyl|[spread] p2a,p2b\n|-supereffective|p2a: Aerodactyl|1\n|-damage|p2a: Aerodactyl|0 fnt\n|-damage|p2b: Gardevoir|56/100\n|faint|p2a: Aerodactyl\n|\n|-weather|Snowscape|[upkeep]\n|upkeep\n|turn|4\n|inactive|tokerr has 30 seconds left.\n|\n|t:|1776368095\n|move|p2b: Gardevoir|Hyper Voice|p1a: Rotom|[spread] p1a,p1b\n|-damage|p1a: Rotom|0 fnt\n|-damage|p1b: Froslass|0 fnt\n|faint|p1a: Rotom\n|faint|p1b: Froslass\n|\n|-weather|Snowscape|[upkeep]\n|upkeep\n|\n|t:|1776368098\n|switch|p1b: Corviknight|Corviknight, L50, F|100/100\n|switch|p1a: Garchomp|Garchomp, L50, M|100/100\n|turn|5\n|\n|t:|1776368106\n|move|p1a: Garchomp|Protect|p1a: Garchomp\n|-singleturn|p1a: Garchomp|Protect\n|move|p2b: Gardevoir|Hyper Voice|p1b: Corviknight|[spread] p1b\n|-activate|p1a: Garchomp|move: Protect\n|-resisted|p1b: Corviknight|1\n|-damage|p1b: Corviknight|74/100\n|move|p1b: Corviknight|Brave Bird|p2b: Gardevoir\n|-damage|p2b: Gardevoir|0 fnt\n|faint|p2b: Gardevoir\n|-damage|p1b: Corviknight|61/100|[from] Recoil\n|\n|win|Phillip Blevin\n|raw|Phillip Blevin's rating: 1299 &rarr; <strong>1318</strong><br />(+19 for winning)\n|raw|tokerr's rating: 1207 &rarr; <strong>1188</strong><br />(-19 for losing)\n",
  "uploadtime": 1776368107,
  "views": 15,
  "formatid": "gen9championsvgc2026regma",
  "rating": 1188,
  "private": 0,
  "password": null
}