{
  "id": "gen9championsvgc2026regma-2589455275",
  "format": "[Gen 9 Champions] VGC 2026 Reg M-A",
  "players": [
    "SmolivOilVGC",
    "testingtesting101"
  ],
  "log": "|j|\u2606SmolivOilVGC\n|j|\u2606testingtesting101\n|t:|1776724468\n|gametype|doubles\n|player|p1|SmolivOilVGC|bianca-masters|\n|player|p2|testingtesting101|buck|\n|gen|9\n|tier|[Gen 9 Champions] VGC 2026 Reg M-A\n|rated|Tournament battle\n|rule|Species Clause: Limit one of each Pok\u00e9mon\n|rule|Item Clause: Limit 1 of each item\n|clearpoke\n|poke|p1|Incineroar, L50, F|\n|poke|p1|Charizard, L50, M|\n|poke|p1|Sneasler, L50, F|\n|poke|p1|Tauros-Paldea-Aqua, L50, M|\n|poke|p1|Whimsicott, L50, M|\n|poke|p1|Sinistcha, L50|\n|poke|p2|Greninja, L50, M|\n|poke|p2|Politoed, L50, M|\n|poke|p2|Basculegion, L50, M|\n|poke|p2|Lucario, L50, M|\n|poke|p2|Sinistcha, L50|\n|poke|p2|Toxicroak, L50, M|\n|teampreview|4\n|j| OnToTheOther\n|j| Flarchangel\n|j| toadsamongmen\n|j| Charlie Kirkegaard\n|j| psychic system\n|j| icey48\n|c|\u2606testingtesting101|Hello\n|j| hiyopon\n|j| SupaJello\n|j| clutcheye_.\n|c|\u2606testingtesting101|glhf bud :>)\n|c| icey48|smolive you beat me so you cant lose\n|j| 23456ujhgrew\n|c| Charlie Kirkegaard|the iceys got taken care of in the semis\n|c|\u2606testingtesting101|Hey!\n|j| P0keJr\n|j| sagapocalypse1\n|\n|t:|1776724513\n|teamsize|p1|4\n|teamsize|p2|4\n|start\n|switch|p1a: Sneasler|Sneasler, L50, F|100/100\n|switch|p1b: Charizard|Charizard, L50, M|100/100\n|switch|p2a: Greninja|Greninja, L50, M|100/100\n|switch|p2b: Basculegion|Basculegion, L50, M|100/100\n|turn|1\n|c| clutcheye_.|we putting all my money on smoliv?\n|c| icey48|yeah\n|c|\u2606testingtesting101|What about me :(\n|\n|t:|1776724536\n|detailschange|p1b: Charizard|Charizard-Mega-X, L50, M\n|-mega|p1b: Charizard|Charizard|Charizardite X\n|move|p2a: Greninja|Protect|p2a: Greninja\n|-start|p2a: Greninja|typechange|Normal|[from] ability: Protean\n|-singleturn|p2a: Greninja|Protect\n|move|p1a: Sneasler|Close Combat|p2a: Greninja\n|-activate|p2a: Greninja|move: Protect\n|move|p2b: Basculegion|Flip Turn|p1b: Charizard\n|-damage|p1b: Charizard|75/100\n|c| toadsamongmen|I believe in you\n|c| clutcheye_.|try your best bro\n|\n|t:|1776724556\n|switch|p2b: Politoed|Politoed, L50, M|100/100|[from] Flip Turn\n|-weather|RainDance|[from] ability: Drizzle|[of] p2b: Politoed\n|move|p1b: Charizard|Dragon Dance|p1b: Charizard\n|-boost|p1b: Charizard|atk|1\n|-boost|p1b: Charizard|spe|1\n|\n|-weather|RainDance|[upkeep]\n|upkeep\n|turn|2\n|j| Sugar free gum\n|\n|t:|1776724567\n|switch|p2a: Basculegion|Basculegion, L50, M|100/100\n|move|p1b: Charizard|Dragon Rush|p2b: Politoed|[miss]\n|-miss|p1b: Charizard|p2b: Politoed\n|move|p1a: Sneasler|Close Combat|p2a: Basculegion\n|-immune|p2a: Basculegion\n|move|p2b: Politoed|Weather Ball|p1b: Charizard\n|-damage|p1b: Charizard|24/100\n|\n|-weather|RainDance|[upkeep]\n|upkeep\n|turn|3\n|c|\u2606testingtesting101|I still dont get dragon rush ngl\n|c| toadsamongmen|I don't get it either\n|c| Charlie Kirkegaard|I get it now\n|c| toadsamongmen|I also don't get temper flare\n|\n|t:|1776724594\n|switch|p1b: Tauros|Tauros-Paldea-Aqua, L50, M|100/100\n|-ability|p1b: Tauros|Intimidate|boost\n|-unboost|p2a: Basculegion|atk|1\n|-unboost|p2b: Politoed|atk|1\n|-enditem|p2a: Basculegion|White Herb\n|-clearnegativeboost|p2a: Basculegion|[silent]\n|switch|p1a: Sinistcha|Sinistcha, L50|100/100\n|move|p2b: Politoed|Protect|p2b: Politoed\n|-singleturn|p2b: Politoed|Protect\n|move|p2a: Basculegion|Flip Turn|p1b: Tauros\n|-resisted|p1b: Tauros|1\n|-damage|p1b: Tauros|74/100\n|c| Charlie Kirkegaard|Well spoilers\n|\n|t:|1776724608\n|switch|p2a: Toxicroak|Toxicroak, L50, M|100/100|[from] Flip Turn\n|\n|-weather|RainDance|[upkeep]\n|upkeep\n|turn|4\n|\n|t:|1776724618\n|move|p2b: Politoed|Helping Hand|p2a: Toxicroak\n|-singleturn|p2a: Toxicroak|Helping Hand|[of] p2b: Politoed\n|move|p1b: Tauros|Zen Headbutt|p2a: Toxicroak\n|-supereffective|p2a: Toxicroak|2\n|-enditem|p2a: Toxicroak|Focus Sash\n|-damage|p2a: Toxicroak|1/100\n|move|p2a: Toxicroak|Close Combat|p1b: Tauros\n|-damage|p1b: Tauros|0 fnt\n|-unboost|p2a: Toxicroak|def|1\n|-unboost|p2a: Toxicroak|spd|1\n|faint|p1b: Tauros\n|move|p1a: Sinistcha|Matcha Gotcha|p2a: Toxicroak|[spread] p2a,p2b\n|-resisted|p2a: Toxicroak|1\n|-supereffective|p2b: Politoed|1\n|-damage|p2a: Toxicroak|0 fnt\n|-damage|p2b: Politoed|64/100\n|faint|p2a: Toxicroak\n|\n|-weather|RainDance|[upkeep]\n|upkeep\n|\n|t:|1776724630\n|switch|p1b: Sneasler|Sneasler, L50, F|100/100\n|switch|p2a: Basculegion|Basculegion, L50, M|100/100\n|turn|5\n|\n|t:|1776724638\n|move|p2b: Politoed|Helping Hand|p2a: Basculegion\n|-singleturn|p2a: Basculegion|Helping Hand|[of] p2b: Politoed\n|move|p1b: Sneasler|Fake Out|p2b: Politoed\n|-damage|p2b: Politoed|46/100\n|-enditem|p2b: Politoed|Sitrus Berry|[eat]\n|-heal|p2b: Politoed|71/100|[from] item: Sitrus Berry\n|move|p2a: Basculegion|Last Respects|p1a: Sinistcha\n|-supereffective|p1a: Sinistcha|1\n|-damage|p1a: Sinistcha|0 fnt\n|faint|p1a: Sinistcha\n|\n|-weather|none\n|upkeep\n|\n|t:|1776724647\n|switch|p1a: Charizard|Charizard-Mega-X, L50, M|24/100\n|turn|6\n|c|\u2606testingtesting101|Nowho do you bet winsw\n|\n|t:|1776724663\n|switch|p2b: Greninja|Greninja, L50, M|100/100\n|move|p1b: Sneasler|Close Combat|p2b: Greninja\n|-supereffective|p2b: Greninja|1\n|-damage|p2b: Greninja|0 fnt\n|-unboost|p1b: Sneasler|def|1\n|-unboost|p1b: Sneasler|spd|1\n|faint|p2b: Greninja\n|-enditem|p1b: Sneasler|White Herb\n|-clearnegativeboost|p1b: Sneasler|[silent]\n|move|p2a: Basculegion|Flip Turn|p1a: Charizard\n|-damage|p1a: Charizard|0 fnt\n|faint|p1a: Charizard\n|c| clutcheye_.|i mean\n|c| toadsamongmen|the other guy\n|\n|t:|1776724670\n|switch|p2a: Politoed|Politoed, L50, M|71/100|[from] Flip Turn\n|-weather|RainDance|[from] ability: Drizzle|[of] p2a: Politoed\n|\n|-weather|RainDance|[upkeep]\n|upkeep\n|\n|t:|1776724673\n|switch|p2b: Basculegion|Basculegion, L50, M|100/100\n|turn|7\n|c|\u2606testingtesting101|And thats ggs\n|c| clutcheye_.|in the next tourmament im winning against yall\n|c|\u2606SmolivOilVGC|Sorry everyone\n|c|\u2606SmolivOilVGC|ggs\n|\n|t:|1776724700\n|move|p1b: Sneasler|Close Combat|p2a: Politoed\n|-damage|p2a: Politoed|0 fnt\n|-unboost|p1b: Sneasler|def|1\n|-unboost|p1b: Sneasler|spd|1\n|faint|p2a: Politoed\n|move|p2b: Basculegion|Wave Crash|p1b: Sneasler\n|-damage|p1b: Sneasler|0 fnt\n|faint|p1b: Sneasler\n|-damage|p2b: Basculegion|75/100|[from] Recoil\n|\n|win|testingtesting101\n|n|\u2606SmolivOilVGC|smolivoilvgc\n|n|\u2606testingtesting101|testingtesting101\n|n| OnToTheOther|ontotheother\n|n| Flarchangel|flarchangel\n|n| toadsamongmen|toadsamongmen\n|n| Charlie Kirkegaard|charliekirkegaard\n|n| psychic system|psychicsystem\n|n| icey48|icey48\n|n| hiyopon|hiyopon\n|n| SupaJello|supajello\n|n| clutcheye_.|clutcheye\n|n| 23456ujhgrew|23456ujhgrew\n|n| P0keJr|p0kejr\n|n| sagapocalypse1|sagapocalypse1\n|n| Sugar free gum|sugarfreegum\n|c| clutcheye_.|its ok man\n|c| Charlie Kirkegaard|Does Temper Flare get the boost off a miss?\n|c| clutcheye_.|ggz\n|l|\u2606SmolivOilVGC\n|player|p1|\n|l| hiyopon\n|c|\u2606testingtesting101|Dont underestimate me >:)\n",
  "uploadtime": 1776724700,
  "views": 3,
  "formatid": "gen9championsvgc2026regma",
  "rating": null,
  "private": 0,
  "password": null
}