{
  "id": "gen9championsvgc2026regma-2580700183",
  "format": "[Gen 9 Champions] VGC 2026 Reg M-A",
  "players": [
    "DooDooTheClown",
    "omegadaddy6767"
  ],
  "log": "|j|\u2606DooDooTheClown\n|j|\u2606omegadaddy6767\n|t:|1775925349\n|gametype|doubles\n|player|p1|DooDooTheClown|harlequin|1080\n|player|p2|omegadaddy6767|2|1025\n|gen|9\n|tier|[Gen 9 Champions] VGC 2026 Reg M-A\n|rated|\n|rule|Species Clause: Limit one of each Pok\u00e9mon\n|rule|Item Clause: Limit 1 of each item\n|clearpoke\n|poke|p1|Araquanid, L50, M|\n|poke|p1|Incineroar, L50, M|\n|poke|p1|Slowking, L50, M|\n|poke|p1|Vanilluxe, L50, M|\n|poke|p1|Meganium, L50, M|\n|poke|p1|Crabominable, L50, M|\n|poke|p2|Charizard, L50, M|\n|poke|p2|Garchomp, L50, M|\n|poke|p2|Gengar, L50, M|\n|poke|p2|Incineroar, L50, M|\n|poke|p2|Palafin, L50, M|\n|poke|p2|Orthworm, L50, M|\n|teampreview|4\n|\n|t:|1775925398\n|teamsize|p1|4\n|teamsize|p2|4\n|start\n|switch|p1a: Incineroar|Incineroar, L50, M|100/100\n|switch|p1b: Slowking|Slowking, L50, M|100/100\n|switch|p2a: Orthworm|Orthworm, L50, M|100/100\n|switch|p2b: Gengar|Gengar, L50, M, shiny|100/100\n|-ability|p1a: Incineroar|Intimidate|boost\n|-unboost|p2a: Orthworm|atk|1\n|-unboost|p2b: Gengar|atk|1\n|turn|1\n|\n|t:|1775925417\n|move|p1a: Incineroar|Fake Out|p2a: Orthworm\n|-resisted|p2a: Orthworm|1\n|-damage|p2a: Orthworm|96/100\n|move|p2b: Gengar|Shadow Ball|p1b: Slowking\n|-supereffective|p1b: Slowking|1\n|-damage|p1b: Slowking|40/100\n|cant|p2a: Orthworm|flinch\n|move|p1b: Slowking|Trick Room|p1b: Slowking\n|-fieldstart|move: Trick Room|[of] p1b: Slowking\n|\n|upkeep\n|turn|2\n|\n|t:|1775925455\n|move|p1b: Slowking|Flamethrower|p2a: Orthworm\n|-supereffective|p2a: Orthworm|1\n|-damage|p2a: Orthworm|44/100\n|-enditem|p2a: Orthworm|Sitrus Berry|[eat]\n|-heal|p2a: Orthworm|69/100|[from] item: Sitrus Berry\n|move|p1a: Incineroar|Flare Blitz|p2a: Orthworm\n|-supereffective|p2a: Orthworm|1\n|-damage|p2a: Orthworm|0 fnt\n|faint|p2a: Orthworm\n|-damage|p1a: Incineroar|84/100|[from] Recoil\n|move|p2b: Gengar|Perish Song|p2b: Gengar\n|-start|p1a: Incineroar|perish3|[silent]\n|-start|p1b: Slowking|perish3|[silent]\n|-start|p2b: Gengar|perish3|[silent]\n|-fieldactivate|move: Perish Song\n|\n|-start|p1b: Slowking|perish3\n|-start|p1a: Incineroar|perish3\n|-start|p2b: Gengar|perish3\n|upkeep\n|\n|t:|1775925478\n|switch|p2a: Charizard|Charizard, L50, M, shiny|100/100\n|turn|3\n|\n|t:|1775925503\n|move|p2a: Charizard|Protect|p2a: Charizard\n|-singleturn|p2a: Charizard|Protect\n|-prepare|p1b: Slowking|Chilly Reception|[premajor]\n|move|p1b: Slowking|Chilly Reception|p1b: Slowking\n|-weather|Snowscape\n|\n|t:|1775925510\n|switch|p1b: Araquanid|Araquanid, L50, M|100/100|[from] Chilly Reception\n|move|p1a: Incineroar|Parting Shot|p2a: Charizard\n|-activate|p2a: Charizard|move: Protect\n|move|p2b: Gengar|Shadow Ball|p1b: Araquanid\n|-damage|p1b: Araquanid|66/100\n|\n|-weather|Snowscape|[upkeep]\n|-heal|p1b: Araquanid|72/100|[from] item: Leftovers\n|-start|p1a: Incineroar|perish2\n|-start|p2b: Gengar|perish2\n|upkeep\n|turn|4\n|\n|t:|1775925548\n|detailschange|p2a: Charizard|Charizard-Mega-Y, L50, M, shiny\n|-mega|p2a: Charizard|Charizard|Charizardite Y\n|-weather|SunnyDay|[from] ability: Drought|[of] p2a: Charizard\n|move|p1b: Araquanid|Liquidation|p2a: Charizard\n|-supereffective|p2a: Charizard|1\n|-damage|p2a: Charizard|40/100\n|move|p1a: Incineroar|Darkest Lariat|p2a: Charizard\n|-damage|p2a: Charizard|0 fnt\n|faint|p2a: Charizard\n|move|p2b: Gengar|Shadow Ball|p1b: Araquanid\n|-damage|p1b: Araquanid|39/100\n|\n|-weather|SunnyDay|[upkeep]\n|-heal|p1b: Araquanid|44/100|[from] item: Leftovers\n|-start|p1a: Incineroar|perish1\n|-start|p2b: Gengar|perish1\n|upkeep\n|\n|t:|1775925566\n|switch|p2a: Garchomp|Garchomp, L50, M|100/100\n|turn|5\n|\n|t:|1775925585\n|move|p1b: Araquanid|Icy Wind|p2a: Garchomp|[spread] p2a,p2b\n|-supereffective|p2a: Garchomp|2\n|-enditem|p2a: Garchomp|Yache Berry|[eat]\n|-enditem|p2a: Garchomp|Yache Berry|[weaken]\n|-damage|p2a: Garchomp|88/100\n|-damage|p2b: Gengar|91/100\n|-unboost|p2a: Garchomp|spe|1\n|-unboost|p2b: Gengar|spe|1\n|move|p1a: Incineroar|Parting Shot|p2a: Garchomp\n|-unboost|p2a: Garchomp|atk|1\n|-unboost|p2a: Garchomp|spa|1\n|\n|t:|1775925595\n|switch|p1a: Meganium|Meganium, L50, M|100/100|[from] Parting Shot\n|move|p2a: Garchomp|Swords Dance|p2a: Garchomp\n|-boost|p2a: Garchomp|atk|2\n|move|p2b: Gengar|Shadow Ball|p1b: Araquanid\n|-damage|p1b: Araquanid|11/100\n|\n|-weather|SunnyDay|[upkeep]\n|-heal|p1b: Araquanid|17/100|[from] item: Leftovers\n|-start|p2b: Gengar|perish0\n|-fieldend|move: Trick Room\n|upkeep\n|faint|p2b: Gengar\n|turn|6\n|\n|t:|1775925610\n|detailschange|p1a: Meganium|Meganium-Mega, L50, M\n|-mega|p1a: Meganium|Meganium|Meganiumite\n|move|p2a: Garchomp|Earthquake|p1a: Meganium|[spread] p1a,p1b\n|-resisted|p1a: Meganium|1\n|-resisted|p1b: Araquanid|1\n|-damage|p1a: Meganium|74/100\n|-damage|p1b: Araquanid|0 fnt\n|faint|p1b: Araquanid\n|move|p1a: Meganium|Dazzling Gleam|p2a: Garchomp\n|-supereffective|p2a: Garchomp|1\n|-damage|p2a: Garchomp|0 fnt\n|faint|p2a: Garchomp\n|\n|win|DooDooTheClown\n|raw|DooDooTheClown's rating: 1080 &rarr; <strong>1104</strong><br />(+24 for winning)\n|raw|omegadaddy6767's rating: 1025 &rarr; <strong>1013</strong><br />(-12 for losing)\n",
  "uploadtime": 1775925621,
  "views": 21,
  "formatid": "gen9championsvgc2026regma",
  "rating": 1013,
  "private": 0,
  "password": null
}