{
  "id": "gen9championsvgc2026regma-2588429177",
  "format": "[Gen 9 Champions] VGC 2026 Reg M-A",
  "players": [
    "TioT0xXi",
    "MrMagikarplml"
  ],
  "log": "|j|\u2606TioT0xXi\n|j|\u2606MrMagikarplml\n|t:|1776632760\n|gametype|doubles\n|player|p1|TioT0xXi|169|1070\n|player|p2|MrMagikarplml|chuck|1162\n|gen|9\n|tier|[Gen 9 Champions] VGC 2026 Reg M-A\n|rated|\n|rule|Species Clause: Limit one of each Pok\u00e9mon\n|rule|Item Clause: Limit 1 of each item\n|clearpoke\n|poke|p1|Espathra, L50, M|\n|poke|p1|Venusaur, L50, F|\n|poke|p1|Sneasler, L50, F|\n|poke|p1|Incineroar, L50, F|\n|poke|p1|Milotic, L50, F|\n|poke|p1|Dragonite, L50, F|\n|poke|p2|Whimsicott, L50, M|\n|poke|p2|Charizard, L50, F|\n|poke|p2|Incineroar, L50, M|\n|poke|p2|Kingambit, L50, M|\n|poke|p2|Garchomp, L50, F|\n|poke|p2|Rotom-Wash, L50|\n|teampreview|4\n|inactive|Battle timer is ON: inactive players will automatically lose when time's up. (requested by MrMagikarplml)\n|inactive|TioT0xXi has 60 seconds left.\n|inactive|MrMagikarplml has 60 seconds left.\n|\n|t:|1776632798\n|teamsize|p1|4\n|teamsize|p2|4\n|start\n|switch|p1a: Espathra|Espathra, L50, M|100/100\n|switch|p1b: Milotic|Milotic, L50, F|100/100\n|switch|p2a: Whimsicott|Whimsicott, L50, M|100/100\n|switch|p2b: Rotom|Rotom-Wash, L50|100/100\n|turn|1\n|\n|t:|1776632816\n|switch|p1b: Sneasler|Sneasler, L50, F|100/100\n|move|p2a: Whimsicott|Tailwind|p2a: Whimsicott\n|-sidestart|p2: MrMagikarplml|move: Tailwind\n|move|p2b: Rotom|Electroweb|p1a: Espathra|[spread] p1a,p1b\n|-damage|p1a: Espathra|69/100\n|-damage|p1b: Sneasler|75/100\n|-unboost|p1a: Espathra|spe|1\n|-unboost|p1b: Sneasler|spe|1\n|-enditem|p1b: Sneasler|White Herb\n|-clearnegativeboost|p1b: Sneasler|[silent]\n|move|p1a: Espathra|Calm Mind|p1a: Espathra\n|-boost|p1a: Espathra|spa|1\n|-boost|p1a: Espathra|spd|1\n|\n|-ability|p1a: Espathra|Speed Boost|boost\n|-boost|p1a: Espathra|spe|1\n|upkeep\n|turn|2\n|inactive|TioT0xXi has 30 seconds left.\n|\n|t:|1776632843\n|switch|p2a: Kingambit|Kingambit, L50, M|100/100\n|move|p1a: Espathra|Protect|p1a: Espathra\n|-singleturn|p1a: Espathra|Protect\n|move|p1b: Sneasler|Fake Out|p2b: Rotom\n|-damage|p2b: Rotom|81/100\n|cant|p2b: Rotom|flinch\n|\n|-ability|p1a: Espathra|Speed Boost|boost\n|-boost|p1a: Espathra|spe|1\n|upkeep\n|turn|3\n|\n|t:|1776632860\n|move|p2b: Rotom|Electroweb|p1b: Sneasler|[spread] p1a,p1b\n|-damage|p1a: Espathra|48/100\n|-damage|p1b: Sneasler|48/100\n|-unboost|p1a: Espathra|spe|1\n|-unboost|p1b: Sneasler|spe|1\n|move|p1b: Sneasler|Close Combat|p2a: Kingambit\n|-supereffective|p2a: Kingambit|2\n|-enditem|p2a: Kingambit|Chople Berry|[eat]\n|-enditem|p2a: Kingambit|Chople Berry|[weaken]\n|-damage|p2a: Kingambit|14/100\n|-unboost|p1b: Sneasler|def|1\n|-unboost|p1b: Sneasler|spd|1\n|move|p1a: Espathra|Baton Pass|p1a: Espathra\n|\n|t:|1776632874\n|switch|p1a: Dragonite|Dragonite, L50, F|100/100|[from] Baton Pass\n|move|p2a: Kingambit|Kowtow Cleave|p1a: Dragonite\n|-damage|p1a: Dragonite|73/100\n|\n|upkeep\n|turn|4\n|inactive|TioT0xXi has 30 seconds left.\n|\n|t:|1776632901\n|switch|p1b: Espathra|Espathra, L50, M|48/100\n|detailschange|p1a: Dragonite|Dragonite-Mega, L50, F\n|-mega|p1a: Dragonite|Dragonite|Dragoninite\n|move|p2b: Rotom|Electroweb|p1a: Dragonite|[spread] p1a,p1b\n|-damage|p1a: Dragonite|59/100\n|-damage|p1b: Espathra|19/100\n|-unboost|p1a: Dragonite|spe|1\n|-unboost|p1b: Espathra|spe|1\n|move|p2a: Kingambit|Iron Head|p1a: Dragonite\n|-damage|p1a: Dragonite|17/100\n|move|p1a: Dragonite|Heat Wave|p2a: Kingambit|[spread] p2a,p2b\n|-supereffective|p2a: Kingambit|1\n|-resisted|p2b: Rotom|1\n|-damage|p2a: Kingambit|0 fnt\n|-damage|p2b: Rotom|61/100\n|faint|p2a: Kingambit\n|\n|-sideend|p2: MrMagikarplml|move: Tailwind\n|upkeep\n|\n|t:|1776632923\n|switch|p2a: Charizard|Charizard, L50, F|100/100\n|turn|5\n|\n|t:|1776632933\n|detailschange|p2a: Charizard|Charizard-Mega-Y, L50, F\n|-mega|p2a: Charizard|Charizard|Charizardite Y\n|-weather|SunnyDay|[from] ability: Drought|[of] p2a: Charizard\n|move|p1b: Espathra|Protect|p1b: Espathra\n|-singleturn|p1b: Espathra|Protect\n|move|p1a: Dragonite|Protect|p1a: Dragonite\n|-singleturn|p1a: Dragonite|Protect\n|move|p2b: Rotom|Electroweb|p1b: Espathra|[spread] \n|-activate|p1a: Dragonite|move: Protect\n|-activate|p1b: Espathra|move: Protect\n|move|p2a: Charizard|Heat Wave|p1a: Dragonite|[spread] \n|-activate|p1a: Dragonite|move: Protect\n|-activate|p1b: Espathra|move: Protect\n|\n|-weather|SunnyDay|[upkeep]\n|-ability|p1b: Espathra|Speed Boost|boost\n|-boost|p1b: Espathra|spe|1\n|upkeep\n|turn|6\n|inactive|TioT0xXi has 30 seconds left.\n|\n|t:|1776632965\n|switch|p1a: Sneasler|Sneasler, L50, F|48/100\n|move|p2b: Rotom|Electroweb|p1b: Espathra|[spread] p1a,p1b\n|-crit|p1b: Espathra\n|-damage|p1a: Sneasler|17/100\n|-damage|p1b: Espathra|0 fnt\n|-unboost|p1a: Sneasler|spe|1\n|faint|p1b: Espathra\n|move|p2a: Charizard|Heat Wave|p1a: Sneasler\n|-damage|p1a: Sneasler|0 fnt\n|faint|p1a: Sneasler\n|\n|-weather|SunnyDay|[upkeep]\n|upkeep\n|\n|t:|1776632973\n|switch|p1a: Milotic|Milotic, L50, F|100/100\n|switch|p1b: Dragonite|Dragonite-Mega, L50, F|17/100\n|turn|7\n|\n|t:|1776632986\n|move|p1b: Dragonite|Protect|p1b: Dragonite\n|-singleturn|p1b: Dragonite|Protect\n|move|p2b: Rotom|Electroweb|p1b: Dragonite|[spread] p1a\n|-activate|p1b: Dragonite|move: Protect\n|-supereffective|p1a: Milotic|1\n|-damage|p1a: Milotic|74/100\n|-unboost|p1a: Milotic|spe|1\n|-ability|p1a: Milotic|Competitive|boost\n|-boost|p1a: Milotic|spa|2\n|move|p2a: Charizard|Solar Beam||[still]\n|-prepare|p2a: Charizard|Solar Beam\n|-anim|p2a: Charizard|Solar Beam|p1a: Milotic\n|-supereffective|p1a: Milotic|1\n|-damage|p1a: Milotic|15/100\n|move|p1a: Milotic|Scald|p2a: Charizard\n|-supereffective|p2a: Charizard|1\n|-damage|p2a: Charizard|39/100\n|\n|-weather|SunnyDay|[upkeep]\n|-heal|p1a: Milotic|21/100|[from] item: Leftovers\n|upkeep\n|turn|8\n|inactive|TioT0xXi has 30 seconds left.\n|inactive|MrMagikarplml has 30 seconds left.\n|\n|t:|1776633016\n|move|p2b: Rotom|Electroweb|p1b: Dragonite|[spread] p1a,p1b\n|-supereffective|p1a: Milotic|1\n|-damage|p1a: Milotic|0 fnt\n|-damage|p1b: Dragonite|0 fnt\n|faint|p1a: Milotic\n|faint|p1b: Dragonite\n|\n|win|MrMagikarplml\n|raw|TioT0xXi's rating: 1070 &rarr; <strong>1055</strong><br />(-15 for losing)\n|raw|MrMagikarplml's rating: 1162 &rarr; <strong>1181</strong><br />(+19 for winning)\n|l|\u2606MrMagikarplml\n|player|p2|\n|j|\u2606MrMagikarplml\n|player|p2|MrMagikarplml|chuck|\n",
  "uploadtime": 1776633873,
  "views": 19,
  "formatid": "gen9championsvgc2026regma",
  "rating": 1055,
  "private": 0,
  "password": null
}