{
  "id": "gen9championsvgc2026regma-2585340277",
  "format": "[Gen 9 Champions] VGC 2026 Reg M-A",
  "players": [
    "1Neku",
    "antopod85"
  ],
  "log": "|j|\u26061Neku\n|j|\u2606antopod85\n|t:|1776339412\n|gametype|doubles\n|player|p1|1Neku|265|1190\n|player|p2|antopod85|266|1267\n|gen|9\n|tier|[Gen 9 Champions] VGC 2026 Reg M-A\n|rated|\n|rule|Species Clause: Limit one of each Pok\u00e9mon\n|rule|Item Clause: Limit 1 of each item\n|clearpoke\n|poke|p1|Pelipper, L50, M|\n|poke|p1|Basculegion, L50, M|\n|poke|p1|Sinistcha, L50|\n|poke|p1|Archaludon, L50, M|\n|poke|p1|Sneasler, L50, F|\n|poke|p1|Dragonite, L50, M|\n|poke|p2|Aggron, L50, F|\n|poke|p2|Sinistcha-Masterpiece, L50|\n|poke|p2|Pelipper, L50, M|\n|poke|p2|Incineroar, L50, M|\n|poke|p2|Sneasler, L50, F|\n|poke|p2|Floette-Eternal, L50, F|\n|teampreview|4\n|inactive|Battle timer is ON: inactive players will automatically lose when time's up. (requested by 1Neku)\n|\n|t:|1776339461\n|teamsize|p1|4\n|teamsize|p2|4\n|start\n|switch|p1a: Basculegion|Basculegion, L50, M|100/100\n|switch|p1b: Sneasler|Sneasler, L50, F|100/100\n|switch|p2a: Incineroar|Incineroar, L50, M, shiny|100/100\n|switch|p2b: Sneasler|Sneasler, L50, F|100/100\n|-ability|p2a: Incineroar|Intimidate|boost\n|-unboost|p1a: Basculegion|atk|1\n|-unboost|p1b: Sneasler|atk|1\n|-enditem|p1b: Sneasler|White Herb\n|-clearnegativeboost|p1b: Sneasler|[silent]\n|turn|1\n|inactive|1Neku has 30 seconds left.\n|inactive|antopod85 has 30 seconds left.\n|\n|t:|1776339494\n|move|p1b: Sneasler|Fake Out|p2a: Incineroar\n|-damage|p2a: Incineroar|85/100\n|cant|p2a: Incineroar|flinch\n|move|p1a: Basculegion|Wave Crash|p2a: Incineroar\n|-supereffective|p2a: Incineroar|1\n|-damage|p2a: Incineroar|0 fnt\n|faint|p2a: Incineroar\n|-damage|p1a: Basculegion|74/100|[from] Recoil\n|move|p2b: Sneasler|Dire Claw|p1a: Basculegion\n|-resisted|p1a: Basculegion|1\n|-damage|p1a: Basculegion|45/100\n|\n|upkeep\n|\n|t:|1776339510\n|switch|p2a: Aggron|Aggron, L50, F|100/100\n|turn|2\n|\n|t:|1776339530\n|switch|p1a: Pelipper|Pelipper, L50, M, shiny|100/100\n|-weather|RainDance|[from] ability: Drizzle|[of] p1a: Pelipper\n|detailschange|p2a: Aggron|Aggron-Mega, L50, F\n|-mega|p2a: Aggron|Aggron|Aggronite\n|move|p1b: Sneasler|Close Combat|p2a: Aggron\n|-supereffective|p2a: Aggron|1\n|-damage|p2a: Aggron|55/100\n|-unboost|p1b: Sneasler|def|1\n|-unboost|p1b: Sneasler|spd|1\n|move|p2b: Sneasler|U-turn|p1b: Sneasler\n|-resisted|p1b: Sneasler|2\n|-damage|p1b: Sneasler|82/100\n|\n|t:|1776339543\n|switch|p2b: Sinistcha|Sinistcha-Masterpiece, L50|100/100|[from] U-turn\n|-heal|p2a: Aggron|79/100|[from] ability: Hospitality|[of] p2b: Sinistcha\n|move|p2a: Aggron|Iron Defense|p2a: Aggron\n|-boost|p2a: Aggron|def|2\n|\n|-weather|RainDance|[upkeep]\n|upkeep\n|turn|3\n|\n|t:|1776339567\n|switch|p1b: Archaludon|Archaludon, L50, M|100/100\n|move|p1a: Pelipper|Weather Ball|p2a: Aggron\n|-damage|p2a: Aggron|14/100\n|move|p2a: Aggron|Rock Slide|p1b: Archaludon|[spread] p1a,p1b\n|-supereffective|p1a: Pelipper|1\n|-resisted|p1b: Archaludon|1\n|-damage|p1a: Pelipper|59/100\n|-damage|p1b: Archaludon|94/100\n|-ability|p1b: Archaludon|Stamina|boost\n|-boost|p1b: Archaludon|def|1\n|move|p2b: Sinistcha|Trick Room|p2b: Sinistcha\n|-fieldstart|move: Trick Room|[of] p2b: Sinistcha\n|\n|-weather|RainDance|[upkeep]\n|-heal|p1b: Archaludon|100/100|[from] item: Leftovers\n|upkeep\n|turn|4\n|\n|t:|1776339585\n|move|p1b: Archaludon|Protect|p1b: Archaludon\n|-singleturn|p1b: Archaludon|Protect\n|move|p1a: Pelipper|Protect|p1a: Pelipper\n|-singleturn|p1a: Pelipper|Protect\n|move|p2a: Aggron|Body Press|p1b: Archaludon\n|-activate|p1b: Archaludon|move: Protect\n|move|p2b: Sinistcha|Life Dew||[still]|[spread] p2a,p2b\n|-heal|p2a: Aggron|39/100\n|-fail|p2b: Sinistcha|heal\n|\n|-weather|RainDance|[upkeep]\n|upkeep\n|turn|5\n|\n|t:|1776339605\n|switch|p1b: Basculegion|Basculegion, L50, M|45/100\n|move|p2b: Sinistcha|Rage Powder|p2b: Sinistcha\n|-singleturn|p2b: Sinistcha|move: Rage Powder\n|move|p2a: Aggron|Body Press|p1b: Basculegion\n|-immune|p1b: Basculegion\n|move|p1a: Pelipper|Weather Ball|p2b: Sinistcha\n|-resisted|p2b: Sinistcha|1\n|-damage|p2b: Sinistcha|70/100\n|\n|-weather|RainDance|[upkeep]\n|-heal|p2b: Sinistcha|76/100|[from] item: Leftovers\n|upkeep\n|turn|6\n|inactive|1Neku has 30 seconds left.\n|\n|t:|1776339639\n|switch|p1b: Archaludon|Archaludon, L50, M|100/100\n|move|p1a: Pelipper|Protect|p1a: Pelipper\n|-singleturn|p1a: Pelipper|Protect\n|move|p2a: Aggron|Rock Slide|p1a: Pelipper|[spread] p1b\n|-activate|p1a: Pelipper|move: Protect\n|-resisted|p1b: Archaludon|1\n|-damage|p1b: Archaludon|94/100\n|-ability|p1b: Archaludon|Stamina|boost\n|-boost|p1b: Archaludon|def|1\n|move|p2b: Sinistcha|Matcha Gotcha|p1a: Pelipper|[spread] p1b\n|-activate|p1a: Pelipper|move: Protect\n|-resisted|p1b: Archaludon|2\n|-crit|p1b: Archaludon\n|-damage|p1b: Archaludon|83/100\n|-heal|p2b: Sinistcha|82/100|[from] drain|[of] p1b: Archaludon\n|-ability|p1b: Archaludon|Stamina|boost\n|-boost|p1b: Archaludon|def|1\n|\n|-weather|none\n|-heal|p2b: Sinistcha|88/100|[from] item: Leftovers\n|-heal|p1b: Archaludon|89/100|[from] item: Leftovers\n|upkeep\n|turn|7\n|inactive|1Neku has 30 seconds left.\n|inactive|antopod85 has 30 seconds left.\n|\n|t:|1776339673\n|switch|p1a: Sneasler|Sneasler, L50, F|82/100\n|move|p1b: Archaludon|Protect|p1b: Archaludon\n|-singleturn|p1b: Archaludon|Protect\n|move|p2a: Aggron|Iron Defense|p2a: Aggron\n|-boost|p2a: Aggron|def|2\n|move|p2b: Sinistcha|Life Dew|p2b: Sinistcha|[spread] p2a,p2b\n|-heal|p2a: Aggron|65/100\n|-heal|p2b: Sinistcha|100/100\n|\n|-heal|p1b: Archaludon|95/100|[from] item: Leftovers\n|-fieldend|move: Trick Room\n|upkeep\n|turn|8\n|inactive|1Neku has 30 seconds left.\n|\n|t:|1776339700\n|move|p1a: Sneasler|Fake Out|p2a: Aggron\n|-resisted|p2a: Aggron|1\n|-damage|p2a: Aggron|63/100\n|move|p1b: Archaludon|Draco Meteor|p2a: Aggron\n|-resisted|p2a: Aggron|1\n|-damage|p2a: Aggron|35/100\n|-unboost|p1b: Archaludon|spa|2\n|cant|p2a: Aggron|flinch\n|move|p2b: Sinistcha|Trick Room|p2b: Sinistcha\n|-fieldstart|move: Trick Room|[of] p2b: Sinistcha\n|\n|-heal|p1b: Archaludon|100/100|[from] item: Leftovers\n|upkeep\n|turn|9\n|\n|t:|1776339719\n|switch|p1b: Pelipper|Pelipper, L50, M, shiny|59/100\n|-weather|RainDance|[from] ability: Drizzle|[of] p1b: Pelipper\n|move|p1a: Sneasler|Protect|p1a: Sneasler\n|-singleturn|p1a: Sneasler|Protect\n|move|p2a: Aggron|Iron Defense|p2a: Aggron\n|-boost|p2a: Aggron|def|2\n|move|p2b: Sinistcha|Life Dew||[still]|[spread] p2a,p2b\n|-heal|p2a: Aggron|60/100\n|-fail|p2b: Sinistcha|heal\n|\n|-weather|RainDance|[upkeep]\n|upkeep\n|turn|10\n|inactive|1Neku has 30 seconds left.\n|\n|t:|1776339752\n|switch|p1a: Archaludon|Archaludon, L50, M|100/100\n|move|p2a: Aggron|Rock Slide|p1b: Pelipper|[spread] p1a,p1b\n|-resisted|p1a: Archaludon|1\n|-supereffective|p1b: Pelipper|1\n|-damage|p1a: Archaludon|94/100\n|-damage|p1b: Pelipper|16/100\n|-ability|p1a: Archaludon|Stamina|boost\n|-boost|p1a: Archaludon|def|1\n|move|p2b: Sinistcha|Matcha Gotcha|p1a: Archaludon|[spread] p1a,p1b\n|-resisted|p1a: Archaludon|2\n|-damage|p1a: Archaludon|88/100\n|-damage|p1b: Pelipper|0 fnt\n|-ability|p1a: Archaludon|Stamina|boost\n|-boost|p1a: Archaludon|def|1\n|faint|p1b: Pelipper\n|\n|-weather|RainDance|[upkeep]\n|-heal|p1a: Archaludon|94/100|[from] item: Leftovers\n|upkeep\n|\n|t:|1776339772\n|switch|p1b: Basculegion|Basculegion, L50, M|45/100\n|turn|11\n|inactive|1Neku has 30 seconds left.\n|\n|t:|1776339804\n|move|p2a: Aggron|Body Press|p1a: Archaludon\n|-supereffective|p1a: Archaludon|1\n|-damage|p1a: Archaludon|0 fnt\n|faint|p1a: Archaludon\n|move|p2b: Sinistcha|Matcha Gotcha|p1b: Basculegion\n|-supereffective|p1b: Basculegion|1\n|-damage|p1b: Basculegion|0 fnt\n|faint|p1b: Basculegion\n|\n|-weather|RainDance|[upkeep]\n|upkeep\n|-message|1Neku forfeited.\n|\n|win|antopod85\n|raw|1Neku's rating: 1190 &rarr; <strong>1170</strong><br />(-20 for losing)\n|raw|antopod85's rating: 1267 &rarr; <strong>1287</strong><br />(+20 for winning)\n",
  "uploadtime": 1776339822,
  "views": 18,
  "formatid": "gen9championsvgc2026regma",
  "rating": 1170,
  "private": 0,
  "password": null
}