{
  "id": "gen9championsvgc2026regma-2586032393",
  "format": "[Gen 9 Champions] VGC 2026 Reg M-A",
  "players": [
    "EthanLegend",
    "Connundrumm"
  ],
  "log": "|j|\u2606EthanLegend\n|j|\u2606Connundrumm\n|t:|1776392098\n|gametype|doubles\n|player|p1|EthanLegend|ethan|1106\n|player|p2|Connundrumm|101|1052\n|gen|9\n|tier|[Gen 9 Champions] VGC 2026 Reg M-A\n|rated|\n|rule|Species Clause: Limit one of each Pok\u00e9mon\n|rule|Item Clause: Limit 1 of each item\n|clearpoke\n|poke|p1|Crabominable, L50, M|\n|poke|p1|Slowking-Galar, L50, F|\n|poke|p1|Froslass, L50, F|\n|poke|p1|Farigiraf, L50, F|\n|poke|p1|Palafin, L50, M|\n|poke|p1|Corviknight, L50, M|\n|poke|p2|Pelipper, L50, F|\n|poke|p2|Meowscarada, L50, F|\n|poke|p2|Feraligatr, L50, M|\n|poke|p2|Archaludon, L50, F|\n|poke|p2|Sneasler, L50, M|\n|poke|p2|Meganium, L50, M|\n|teampreview|4\n|inactive|Battle timer is ON: inactive players will automatically lose when time's up. (requested by Connundrumm)\n|inactive|EthanLegend has 60 seconds left.\n|inactive|Connundrumm has 60 seconds left.\n|inactive|EthanLegend has 30 seconds left.\n|inactive|EthanLegend has 20 seconds left.\n|inactive|EthanLegend has 15 seconds left.\n|inactive|EthanLegend has 10 seconds left.\n|\n|t:|1776392180\n|teamsize|p1|4\n|teamsize|p2|4\n|start\n|switch|p1a: Slowking|Slowking-Galar, L50, F, shiny|100/100\n|switch|p1b: Farigiraf|Farigiraf, L50, F, shiny|100/100\n|switch|p2a: Meowscarada|Meowscarada, L50, F, shiny|100/100\n|switch|p2b: Archaludon|Archaludon, L50, F, shiny|100/100\n|turn|1\n|inactive|EthanLegend has 30 seconds left.\n|inactive|EthanLegend has 20 seconds left.\n|inactive|EthanLegend has 15 seconds left.\n|inactive|EthanLegend has 10 seconds left.\n|inactive|EthanLegend has 5 seconds left.\n|\n|t:|1776392235\n|move|p2a: Meowscarada|Knock Off|p1a: Slowking\n|-start|p2a: Meowscarada|typechange|Dark|[from] ability: Protean\n|-supereffective|p1a: Slowking|1\n|-damage|p1a: Slowking|5/100\n|-enditem|p1a: Slowking|Shuca Berry|[from] move: Knock Off|[of] p2a: Meowscarada\n|move|p2b: Archaludon|Flash Cannon|p1b: Farigiraf\n|-damage|p1b: Farigiraf|69/100\n|-prepare|p1a: Slowking|Chilly Reception|[premajor]\n|move|p1a: Slowking|Chilly Reception|p1a: Slowking\n|-weather|Snowscape\n|\n|t:|1776392245\n|switch|p1a: Crabominable|Crabominable, L50, M|100/100|[from] Chilly Reception\n|move|p1b: Farigiraf|Trick Room|p1b: Farigiraf\n|-fieldstart|move: Trick Room|[of] p1b: Farigiraf\n|\n|-weather|Snowscape|[upkeep]\n|-heal|p1b: Farigiraf|75/100|[from] item: Leftovers\n|upkeep\n|turn|2\n|\n|t:|1776392269\n|switch|p1b: Corviknight|Corviknight, L50, M, shiny|100/100\n|switch|p2a: Sneasler|Sneasler, L50, M, shiny|100/100\n|detailschange|p1a: Crabominable|Crabominable-Mega, L50, M\n|-mega|p1a: Crabominable|Crabominable|Crabominite\n|move|p1a: Crabominable|Drain Punch|p2a: Sneasler\n|-resisted|p2a: Sneasler|1\n|-damage|p2a: Sneasler|51/100\n|move|p2b: Archaludon|Flash Cannon|p1a: Crabominable\n|-supereffective|p1a: Crabominable|1\n|-damage|p1a: Crabominable|38/100\n|\n|-weather|Snowscape|[upkeep]\n|upkeep\n|turn|3\n|\n|t:|1776392288\n|move|p2a: Sneasler|Protect|p2a: Sneasler\n|-singleturn|p2a: Sneasler|Protect\n|move|p1a: Crabominable|Drain Punch|p2b: Archaludon\n|-supereffective|p2b: Archaludon|1\n|-damage|p2b: Archaludon|6/100\n|-heal|p1a: Crabominable|79/100|[from] drain|[of] p2b: Archaludon\n|-ability|p2b: Archaludon|Stamina|boost\n|-boost|p2b: Archaludon|def|1\n|move|p1b: Corviknight|Brave Bird|p2a: Sneasler\n|-activate|p2a: Sneasler|move: Protect\n|move|p2b: Archaludon|Flash Cannon|p1a: Crabominable\n|-supereffective|p1a: Crabominable|1\n|-damage|p1a: Crabominable|13/100\n|\n|-weather|Snowscape|[upkeep]\n|-heal|p2b: Archaludon|12/100|[from] item: Leftovers\n|upkeep\n|turn|4\n|inactive|Connundrumm has 30 seconds left.\n|\n|t:|1776392314\n|switch|p2b: Pelipper|Pelipper, L50, F, shiny|100/100\n|-weather|RainDance|[from] ability: Drizzle|[of] p2b: Pelipper\n|switch|p2a: Meowscarada|Meowscarada, L50, F, shiny|100/100\n|move|p1a: Crabominable|Mach Punch|p2b: Pelipper\n|-resisted|p2b: Pelipper|1\n|-damage|p2b: Pelipper|84/100\n|move|p1b: Corviknight|Brave Bird|p2a: Meowscarada\n|-supereffective|p2a: Meowscarada|1\n|-damage|p2a: Meowscarada|0 fnt\n|faint|p2a: Meowscarada\n|-damage|p1b: Corviknight|76/100|[from] Recoil\n|\n|-weather|RainDance|[upkeep]\n|upkeep\n|\n|t:|1776392327\n|switch|p2a: Archaludon|Archaludon, L50, F, shiny|12/100\n|turn|5\n|-activate|p2b: Pelipper|item: Quick Claw\n|\n|t:|1776392339\n|move|p2b: Pelipper|Hurricane|p1a: Crabominable\n|-supereffective|p1a: Crabominable|1\n|-damage|p1a: Crabominable|0 fnt\n|faint|p1a: Crabominable\n|move|p1b: Corviknight|Brave Bird|p2b: Pelipper\n|-damage|p2b: Pelipper|42/100\n|-damage|p1b: Corviknight|65/100|[from] Recoil\n|move|p2a: Archaludon|Electro Shot||[still]\n|-prepare|p2a: Archaludon|Electro Shot\n|-boost|p2a: Archaludon|spa|1\n|-anim|p2a: Archaludon|Electro Shot|p1b: Corviknight\n|-supereffective|p1b: Corviknight|1\n|-damage|p1b: Corviknight|0 fnt\n|faint|p1b: Corviknight\n|\n|-weather|RainDance|[upkeep]\n|-heal|p2a: Archaludon|18/100|[from] item: Leftovers\n|-fieldend|move: Trick Room\n|upkeep\n|\n|t:|1776392349\n|switch|p1b: Slowking|Slowking-Galar, L50, F, shiny|39/100\n|switch|p1a: Farigiraf|Farigiraf, L50, F, shiny|75/100\n|turn|6\n|inactive|EthanLegend has 30 seconds left.\n|c|\u2606Connundrumm|damn\n|c|\u2606Connundrumm|gg\n|inactive|EthanLegend has 20 seconds left.\n|inactive|EthanLegend has 15 seconds left.\n|inactive|EthanLegend has 10 seconds left.\n|c|\u2606Connundrumm|thay was lowkey crazy\n|inactive|EthanLegend has 5 seconds left.\n|\n|t:|1776392404\n|move|p2a: Archaludon|Electro Shot||[still]\n|-prepare|p2a: Archaludon|Electro Shot\n|-boost|p2a: Archaludon|spa|1\n|-anim|p2a: Archaludon|Electro Shot|p1b: Slowking\n|-damage|p1b: Slowking|0 fnt\n|faint|p1b: Slowking\n|move|p2b: Pelipper|U-turn|p1a: Farigiraf\n|-supereffective|p1a: Farigiraf|1\n|-damage|p1a: Farigiraf|58/100\n|\n|t:|1776392412\n|switch|p2b: Sneasler|Sneasler, L50, M, shiny|51/100|[from] U-turn\n|move|p1a: Farigiraf|Trick Room|p1a: Farigiraf\n|-fieldstart|move: Trick Room|[of] p1a: Farigiraf\n|\n|-weather|RainDance|[upkeep]\n|-heal|p1a: Farigiraf|64/100|[from] item: Leftovers\n|-heal|p2a: Archaludon|24/100|[from] item: Leftovers\n|upkeep\n|turn|7\n|inactive|EthanLegend has 30 seconds left.\n|inactive|EthanLegend has 20 seconds left.\n|inactive|EthanLegend has 15 seconds left.\n|inactive|EthanLegend has 10 seconds left.\n|inactive|EthanLegend has 5 seconds left.\n|\n|t:|1776392467\n|move|p2b: Sneasler|Protect|p2b: Sneasler\n|-singleturn|p2b: Sneasler|Protect\n|move|p2a: Archaludon|Draco Meteor|p1a: Farigiraf\n|-damage|p1a: Farigiraf|0 fnt\n|-unboost|p2a: Archaludon|spa|2\n|faint|p1a: Farigiraf\n|\n|win|Connundrumm\n|raw|EthanLegend's rating: 1106 &rarr; <strong>1077</strong><br />(-29 for losing)\n|raw|Connundrumm's rating: 1052 &rarr; <strong>1089</strong><br />(+37 for winning)\n|c|\u2606EthanLegend|.l.\n|l|\u2606EthanLegend\n|player|p1|\n|c|\u2606Connundrumm|sorry boss\n",
  "uploadtime": 1776392595,
  "views": 16,
  "formatid": "gen9championsvgc2026regma",
  "rating": 1077,
  "private": 0,
  "password": null
}