{
  "id": "gen9championsvgc2026regma-2584438036",
  "format": "[Gen 9 Champions] VGC 2026 Reg M-A",
  "players": [
    "THE TATOR",
    "2#4%6&8(10M"
  ],
  "log": "|j|\u2606THE TATOR\n|j|\u26062#4%6&8(10M\n|t:|1776260862\n|gametype|doubles\n|player|p1|THE TATOR|karen|1063\n|player|p2|2#4%6&8(10M|101|1019\n|gen|9\n|tier|[Gen 9 Champions] VGC 2026 Reg M-A\n|rated|\n|rule|Species Clause: Limit one of each Pok\u00e9mon\n|rule|Item Clause: Limit 1 of each item\n|clearpoke\n|poke|p1|Aerodactyl, L50, M|\n|poke|p1|Tauros-Paldea-Aqua, L50, M|\n|poke|p1|Meganium, L50, M|\n|poke|p1|Pelipper, L50, F|\n|poke|p1|Basculegion, L50, M|\n|poke|p1|Archaludon, L50, M|\n|poke|p2|Zoroark-Hisui, L50, F|\n|poke|p2|Froslass, L50, F|\n|poke|p2|Whimsicott, L50, F|\n|poke|p2|Incineroar, L50, M|\n|poke|p2|Maushold, L50|\n|poke|p2|Audino, L50, M|\n|teampreview|4\n|inactive|Battle timer is ON: inactive players will automatically lose when time's up. (requested by 2#4%6&8(10M)\n2#4%6&8(10M rejected open team sheets.\n|inactive|THE TATOR has 60 seconds left.\n|\n|t:|1776260895\n|teamsize|p1|4\n|teamsize|p2|4\n|start\n|switch|p1a: Pelipper|Pelipper, L50, F, shiny|100/100\n|switch|p1b: Meganium|Meganium, L50, M, shiny|100/100\n|switch|p2a: Whimsicott|Whimsicott, L50, F|100/100\n|switch|p2b: Maushold|Maushold, L50, shiny|100/100\n|-weather|RainDance|[from] ability: Drizzle|[of] p1a: Pelipper\n|turn|1\n|\n|t:|1776260914\n|detailschange|p1b: Meganium|Meganium-Mega, L50, M, shiny\n|-mega|p1b: Meganium|Meganium|Meganiumite\n|move|p2a: Whimsicott|Tailwind|p2a: Whimsicott\n|-sidestart|p2: 2#4%6&8(10M|move: Tailwind\n|move|p2b: Maushold|Icy Wind|p1b: Meganium|[spread] p1a,p1b\n|-supereffective|p1b: Meganium|1\n|-damage|p1a: Pelipper|81/100\n|-damage|p1b: Meganium|80/100\n|-unboost|p1a: Pelipper|spe|1\n|-unboost|p1b: Meganium|spe|1\n|move|p1a: Pelipper|Tailwind|p1a: Pelipper\n|-sidestart|p1: THE TATOR|move: Tailwind\n|move|p1b: Meganium|Solar Beam||[still]\n|-prepare|p1b: Meganium|Solar Beam\n|-activate|p1b: Meganium|ability: Mega Sol\n|-anim|p1b: Meganium|Solar Beam|p2b: Maushold\n|-damage|p2b: Maushold|0 fnt\n|replace|p2b: Zoroark|Zoroark-Hisui, L50, F, shiny\n|-end|p2b: Zoroark|Illusion\n|faint|p2b: Zoroark\n|\n|-weather|RainDance|[upkeep]\n|upkeep\n|\n|t:|1776260930\n|switch|p2b: Froslass|Froslass, L50, F, shiny|100/100\n|turn|2\n|inactive|THE TATOR has 30 seconds left.\n|\n|t:|1776260958\n|switch|p1b: Tauros|Tauros-Paldea-Aqua, L50, M, shiny|100/100\n|-ability|p1b: Tauros|Intimidate|boost\n|-unboost|p2a: Whimsicott|atk|1\n|-unboost|p2b: Froslass|atk|1\n|detailschange|p2b: Froslass|Froslass-Mega, L50, F, shiny\n|-mega|p2b: Froslass|Froslass|Froslassite\n|-weather|Snowscape|[from] ability: Snow Warning|[of] p2b: Froslass\n|move|p2b: Froslass|Aurora Veil|p2b: Froslass\n|-sidestart|p2: 2#4%6&8(10M|move: Aurora Veil\n|move|p2a: Whimsicott|Moonblast|p1a: Pelipper\n|-damage|p1a: Pelipper|10/100\n|move|p1a: Pelipper|Hurricane|p2a: Whimsicott\n|-supereffective|p2a: Whimsicott|1\n|-damage|p2a: Whimsicott|0 fnt\n|faint|p2a: Whimsicott\n|\n|-weather|Snowscape|[upkeep]\n|upkeep\n|\n|t:|1776260971\n|switch|p2a: Maushold|Maushold, L50, shiny|100/100\n|turn|3\n|\n|t:|1776260982\n|switch|p1a: Archaludon|Archaludon, L50, M, shiny|100/100\n|move|p2b: Froslass|Blizzard|p1b: Tauros|[spread] p1a,p1b\n|-resisted|p1b: Tauros|1\n|-damage|p1a: Archaludon|48/100\n|-damage|p1b: Tauros|64/100\n|-ability|p1a: Archaludon|Stamina|boost\n|-boost|p1a: Archaludon|def|1\n|move|p2a: Maushold|Population Bomb|p1b: Tauros\n|-damage|p1b: Tauros|51/100\n|-damage|p1b: Tauros|36/100\n|-damage|p1b: Tauros|24/100\n|-hitcount|p1b: Tauros|3\n|move|p1b: Tauros|Raging Bull|p2a: Maushold\n|-sideend|p2: 2#4%6&8(10M|move: Aurora Veil\n|-damage|p2a: Maushold|28/100\n|\n|-weather|Snowscape|[upkeep]\n|-heal|p1b: Tauros|30/100|[from] item: Leftovers\n|upkeep\n|turn|4\n|\n|t:|1776261002\n|move|p2a: Maushold|Protect|p2a: Maushold\n|-singleturn|p2a: Maushold|Protect\n|move|p1a: Archaludon|Protect|p1a: Archaludon\n|-singleturn|p1a: Archaludon|Protect\n|move|p1b: Tauros|Aqua Jet|p2a: Maushold\n|-activate|p2a: Maushold|move: Protect\n|move|p2b: Froslass|Blizzard|p1b: Tauros|[spread] p1b\n|-activate|p1a: Archaludon|move: Protect\n|-resisted|p1b: Tauros|1\n|-damage|p1b: Tauros|0 fnt\n|faint|p1b: Tauros\n|\n|-weather|Snowscape|[upkeep]\n|-sideend|p1: THE TATOR|move: Tailwind\n|-sideend|p2: 2#4%6&8(10M|move: Tailwind\n|upkeep\n|\n|t:|1776261015\n|switch|p1b: Pelipper|Pelipper, L50, F, shiny|10/100\n|-weather|RainDance|[from] ability: Drizzle|[of] p1b: Pelipper\n|turn|5\n|\n|t:|1776261028\n|move|p2b: Froslass|Aurora Veil||[still]\n|-fail|p2b: Froslass\n|move|p2a: Maushold|Population Bomb|p1b: Pelipper\n|-damage|p1b: Pelipper|0 fnt\n|faint|p1b: Pelipper\n|-hitcount|p1: Pelipper|1\n|move|p1a: Archaludon|Electro Shot||[still]\n|-prepare|p1a: Archaludon|Electro Shot\n|-boost|p1a: Archaludon|spa|1\n|-anim|p1a: Archaludon|Electro Shot|p2b: Froslass\n|-damage|p2b: Froslass|12/100\n|\n|-weather|RainDance|[upkeep]\n|upkeep\n|\n|t:|1776261039\n|switch|p1b: Meganium|Meganium-Mega, L50, M, shiny|80/100\n|turn|6\n|\n|t:|1776261047\n|move|p2b: Froslass|Blizzard|p1b: Meganium|[spread] p1b\n|-miss|p2b: Froslass|p1a: Archaludon\n|-supereffective|p1b: Meganium|1\n|-damage|p1b: Meganium|2/100\n|move|p2a: Maushold|Population Bomb|p1b: Meganium\n|-damage|p1b: Meganium|0 fnt\n|faint|p1b: Meganium\n|-hitcount|p1: Meganium|1\n|move|p1a: Archaludon|Draco Meteor|p2b: Froslass\n|-damage|p2b: Froslass|0 fnt\n|-unboost|p1a: Archaludon|spa|2\n|faint|p2b: Froslass\n|\n|-weather|RainDance|[upkeep]\n|upkeep\n|turn|7\n|c|\u2606THE TATOR|That miss was insane\n|c|\u2606THE TATOR|but do you win?\n|\n|t:|1776261063\n|move|p2a: Maushold|Population Bomb|p1a: Archaludon|[miss]\n|-miss|p2a: Maushold|p1a: Archaludon\n|move|p1a: Archaludon|Electro Shot||[still]\n|-prepare|p1a: Archaludon|Electro Shot\n|-boost|p1a: Archaludon|spa|1\n|-anim|p1a: Archaludon|Electro Shot|p2a: Maushold\n|-damage|p2a: Maushold|0 fnt\n|faint|p2a: Maushold\n|\n|win|THE TATOR\n|raw|THE TATOR's rating: 1063 &rarr; <strong>1090</strong><br />(+27 for winning)\n|raw|2#4%6&amp;8(10M's rating: 1019 &rarr; <strong>1008</strong><br />(-11 for losing)\n|c|\u2606THE TATOR|im so sorry\n|c|\u2606THE TATOR|game sucks\n|l|\u26062#4%6&8(10M\n|player|p2|\n",
  "uploadtime": 1776261091,
  "views": 21,
  "formatid": "gen9championsvgc2026regma",
  "rating": 1008,
  "private": 0,
  "password": null
}