{
  "id": "gen9championsvgc2026regma-2588394849",
  "format": "[Gen 9 Champions] VGC 2026 Reg M-A",
  "players": [
    "lcyy",
    "Tamejo"
  ],
  "log": "|j|\u2606lcyy\n|j|\u2606Tamejo\n|t:|1776629886\n|gametype|doubles\n|player|p1|lcyy|265|\n|player|p2|Tamejo|caitlin|\n|gen|9\n|tier|[Gen 9 Champions] VGC 2026 Reg M-A\n|rated|Tournament battle\n|rule|Species Clause: Limit one of each Pok\u00e9mon\n|rule|Item Clause: Limit 1 of each item\n|clearpoke\n|poke|p1|Meganium, L50, F|\n|poke|p1|Archaludon, L50, M|\n|poke|p1|Aerodactyl, L50, F|\n|poke|p1|Typhlosion-Hisui, L50, M|\n|poke|p1|Tauros-Paldea-Aqua, L50, M|\n|poke|p1|Kangaskhan, L50, F|\n|poke|p2|Dragapult, L50, M|\n|poke|p2|Sylveon, L50, F|\n|poke|p2|Whimsicott, L50, F|\n|poke|p2|Glimmora, L50, M|\n|poke|p2|Charizard, L50, F|\n|poke|p2|Kingambit, L50, M|\n|teampreview|4\n|inactive|Battle timer is ON: inactive players will automatically lose when time's up. (requested by lcyy)\n|inactive|lcyy has 60 seconds left.\n|inactive|Tamejo has 60 seconds left.\n|\n|t:|1776629925\n|teamsize|p1|4\n|teamsize|p2|4\n|start\n|switch|p1a: Archaludon|Archaludon, L50, M|100/100\n|switch|p1b: Aerodactyl|Aerodactyl, L50, F|100/100\n|switch|p2a: Whimsicott|Whimsicott, L50, F|100/100\n|switch|p2b: Dragapult|Dragapult, L50, M|100/100\n|-ability|p1b: Aerodactyl|Unnerve\n|turn|1\n|inactive|Tamejo has 30 seconds left.\n|inactive|Tamejo has 20 seconds left.\n|\n|t:|1776629961\n|move|p2a: Whimsicott|Tailwind|p2a: Whimsicott\n|-sidestart|p2: Tamejo|move: Tailwind\n|move|p2b: Dragapult|U-turn|p1a: Archaludon\n|-resisted|p1a: Archaludon|1\n|-crit|p1a: Archaludon\n|-damage|p1a: Archaludon|87/100\n|\n|t:|1776629964\n|switch|p2b: Glimmora|Glimmora, L50, M|100/100|[from] U-turn\n|move|p1b: Aerodactyl|Dual Wingbeat|p2a: Whimsicott\n|-supereffective|p2a: Whimsicott|1\n|-damage|p2a: Whimsicott|54/100\n|-supereffective|p2a: Whimsicott|1\n|-damage|p2a: Whimsicott|9/100\n|-hitcount|p2a: Whimsicott|2\n|move|p1a: Archaludon|Dragon Pulse|p2b: Glimmora\n|-damage|p2b: Glimmora|34/100\n|\n|-heal|p1a: Archaludon|93/100|[from] item: Leftovers\n|upkeep\n|turn|2\n|\n|t:|1776629985\n|detailschange|p2b: Glimmora|Glimmora-Mega, L50, M\n|-mega|p2b: Glimmora|Glimmora|Glimmoranite\n|move|p2a: Whimsicott|Encore|p1b: Aerodactyl\n|-start|p1b: Aerodactyl|Encore\n|move|p2b: Glimmora|Earth Power|p1a: Archaludon\n|-supereffective|p1a: Archaludon|1\n|-damage|p1a: Archaludon|0 fnt\n|faint|p1a: Archaludon\n|move|p1b: Aerodactyl|Dual Wingbeat|p2a: Whimsicott|[miss]\n|-miss|p1b: Aerodactyl|p2a: Whimsicott\n|\n|upkeep\n|\n|t:|1776629996\n|switch|p1a: Tauros|Tauros-Paldea-Aqua, L50, M|100/100\n|-ability|p1a: Tauros|Intimidate|boost\n|-unboost|p2a: Whimsicott|atk|1\n|-unboost|p2b: Glimmora|atk|1\n|turn|3\n|\n|t:|1776630013\n|move|p2b: Glimmora|Spiky Shield|p2b: Glimmora\n|-singleturn|p2b: Glimmora|move: Protect\n|move|p1a: Tauros|Aqua Jet|p2b: Glimmora\n|-activate|p2b: Glimmora|move: Protect\n|-damage|p1a: Tauros|88/100|[from] Spiky Shield|[of] p2b: Glimmora\n|move|p2a: Whimsicott|Moonblast|p1a: Tauros\n|-supereffective|p1a: Tauros|1\n|-damage|p1a: Tauros|8/100\n|move|p1b: Aerodactyl|Dual Wingbeat|p2a: Whimsicott\n|-supereffective|p2a: Whimsicott|1\n|-damage|p2a: Whimsicott|0 fnt\n|faint|p2a: Whimsicott\n|-hitcount|p2: Whimsicott|1\n|\n|upkeep\n|\n|t:|1776630025\n|switch|p2a: Dragapult|Dragapult, L50, M|100/100\n|turn|4\n|\n|t:|1776630039\n|switch|p2b: Sylveon|Sylveon, L50, F|100/100\n|move|p2a: Dragapult|Dragon Darts|p1a: Tauros\n|-damage|p1a: Tauros|0 fnt\n|-anim|p2a: Dragapult|Dragon Darts|p1b: Aerodactyl\n|-damage|p1b: Aerodactyl|58/100\n|faint|p1a: Tauros\n|move|p1b: Aerodactyl|Dual Wingbeat|p2a: Dragapult\n|-damage|p2a: Dragapult|75/100\n|-damage|p2a: Dragapult|49/100\n|-hitcount|p2a: Dragapult|2\n|\n|-end|p1b: Aerodactyl|Encore\n|-sideend|p2: Tamejo|move: Tailwind\n|upkeep\n|\n|t:|1776630048\n|switch|p1a: Kangaskhan|Kangaskhan, L50, F|100/100\n|turn|5\n|\n|t:|1776630060\n|detailschange|p1a: Kangaskhan|Kangaskhan-Mega, L50, F\n|-mega|p1a: Kangaskhan|Kangaskhan|Kangaskhanite\n|move|p2b: Sylveon|Protect|p2b: Sylveon\n|-singleturn|p2b: Sylveon|Protect\n|move|p1a: Kangaskhan|Fake Out|p2b: Sylveon\n|-activate|p2b: Sylveon|move: Protect\n|move|p2a: Dragapult|Phantom Force||[still]\n|-prepare|p2a: Dragapult|Phantom Force\n|move|p1b: Aerodactyl|Tailwind|p1b: Aerodactyl\n|-sidestart|p1: lcyy|move: Tailwind\n|\n|upkeep\n|turn|6\n|\n|t:|1776630079\n|move|p1b: Aerodactyl|Dual Wingbeat|p2b: Sylveon\n|-damage|p2b: Sylveon|82/100\n|-damage|p2b: Sylveon|61/100\n|-hitcount|p2b: Sylveon|2\n|move|p1a: Kangaskhan|Double-Edge|p2b: Sylveon\n|-crit|p2b: Sylveon\n|-damage|p2b: Sylveon|0 fnt\n|faint|p2b: Sylveon\n|-hitcount|p2: Sylveon|1\n|-damage|p1a: Kangaskhan|79/100|[from] Recoil\n|move|p2a: Dragapult|Phantom Force|p1b: Aerodactyl|[from] lockedmove\n|-damage|p1b: Aerodactyl|0 fnt\n|faint|p1b: Aerodactyl\n|\n|upkeep\n|\n|t:|1776630088\n|switch|p2b: Glimmora|Glimmora-Mega, L50, M|34/100\n|turn|7\n|\n|t:|1776630104\n|move|p2a: Dragapult|Protect|p2a: Dragapult\n|-singleturn|p2a: Dragapult|Protect\n|move|p2b: Glimmora|Spiky Shield|p2b: Glimmora\n|-singleturn|p2b: Glimmora|move: Protect\n|move|p1a: Kangaskhan|Sucker Punch||[still]\n|-fail|p1a: Kangaskhan\n|\n|upkeep\n|turn|8\n|\n|t:|1776630115\n|move|p1a: Kangaskhan|Sucker Punch|p2b: Glimmora\n|-damage|p2b: Glimmora|4/100\n|-damage|p2b: Glimmora|0 fnt\n|faint|p2b: Glimmora\n|-hitcount|p2: Glimmora|2\n|move|p2a: Dragapult|Dragon Darts|p1a: Kangaskhan\n|-damage|p1a: Kangaskhan|53/100\n|-anim|p2a: Dragapult|Dragon Darts|p1a: Kangaskhan\n|-damage|p1a: Kangaskhan|29/100\n|\n|-sideend|p1: lcyy|move: Tailwind\n|upkeep\n|turn|9\n|j| ZYLEXXX\n|\n|t:|1776630132\n|move|p2a: Dragapult|Protect|p2a: Dragapult\n|-singleturn|p2a: Dragapult|Protect\n|move|p1a: Kangaskhan|Sucker Punch||[still]\n|-fail|p1a: Kangaskhan\n|\n|upkeep\n|turn|10\n|\n|t:|1776630140\n|move|p2a: Dragapult|Protect||[still]\n|-fail|p2a: Dragapult\n|move|p1a: Kangaskhan|Sucker Punch||[still]\n|-fail|p1a: Kangaskhan\n|\n|upkeep\n|turn|11\n|\n|t:|1776630148\n|move|p2a: Dragapult|Protect|p2a: Dragapult\n|-singleturn|p2a: Dragapult|Protect\n|move|p1a: Kangaskhan|Sucker Punch||[still]\n|-fail|p1a: Kangaskhan\n|\n|upkeep\n|turn|12\n|\n|t:|1776630152\n|move|p1a: Kangaskhan|Sucker Punch|p2a: Dragapult\n|-supereffective|p2a: Dragapult|1\n|-enditem|p2a: Dragapult|Colbur Berry|[eat]\n|-enditem|p2a: Dragapult|Colbur Berry|[weaken]\n|-damage|p2a: Dragapult|10/100\n|-supereffective|p2a: Dragapult|1\n|-damage|p2a: Dragapult|0 fnt\n|faint|p2a: Dragapult\n|-hitcount|p2: Dragapult|2\n|\n|win|lcyy\n|n|\u2606lcyy|lcyy\n|n|\u2606Tamejo|tamejo\n|n| ZYLEXXX|zylexxx\n|c|\u2606lcyy|if you spammed protect you won\n|c|\u2606lcyy|i had only normal fighting moves\n|c|\u2606Tamejo|It was a 50-50\n|l| ZYLEXXX\n|c|\u2606lcyy|yeah\n|c|\u2606Tamejo|I couldn\u2019t know\n|c|\u2606Tamejo|ggs\n|c|\u2606lcyy|true\n|c|\u2606lcyy|gg\n|l|\u2606lcyy\n|player|p1|\n",
  "uploadtime": 1776630200,
  "views": 7,
  "formatid": "gen9championsvgc2026regma",
  "rating": null,
  "private": 0,
  "password": null
}