{
  "id": "gen9championsvgc2026regma-2585488504",
  "format": "[Gen 9 Champions] VGC 2026 Reg M-A",
  "players": [
    "Maggoroni",
    "GepecavaIIi"
  ],
  "log": "|j|\u2606Maggoroni\n|j|\u2606GepecavaIIi\n|t:|1776350919\n|gametype|doubles\n|player|p1|Maggoroni|169|1191\n|player|p2|GepecavaIIi|lance|1253\n|gen|9\n|tier|[Gen 9 Champions] VGC 2026 Reg M-A\n|rated|\n|rule|Species Clause: Limit one of each Pok\u00e9mon\n|rule|Item Clause: Limit 1 of each item\n|clearpoke\n|poke|p1|Crabominable, L50, M|\n|poke|p1|Farigiraf, L50, F|\n|poke|p1|Incineroar, L50, M|\n|poke|p1|Camerupt, L50, F|\n|poke|p1|Clefable, L50, F|\n|poke|p1|Altaria, L50, F|\n|poke|p2|Drampa, L50, M|\n|poke|p2|Sinistcha, L50|\n|poke|p2|Farigiraf, L50, F|\n|poke|p2|Torkoal, L50, F|\n|poke|p2|Delphox, L50, M|\n|poke|p2|Aerodactyl, L50, M|\n|teampreview|4\n|inactive|Battle timer is ON: inactive players will automatically lose when time's up. (requested by Maggoroni)\n|\n|t:|1776350941\n|teamsize|p1|4\n|teamsize|p2|4\n|start\n|switch|p1a: Farigiraf|Farigiraf, L50, F|100/100\n|switch|p1b: Incineroar|Incineroar, L50, M|100/100\n|switch|p2a: Farigiraf|Farigiraf, L50, F|100/100\n|switch|p2b: Drampa|Drampa, L50, M|100/100\n|-ability|p1b: Incineroar|Intimidate|boost\n|-unboost|p2a: Farigiraf|atk|1\n|-unboost|p2b: Drampa|atk|1\n|-ability|p2b: Drampa|Cloud Nine\n|turn|1\n|\n|t:|1776350964\n|detailschange|p2b: Drampa|Drampa-Mega, L50, M\n|-mega|p2b: Drampa|Drampa|Drampanite\n|move|p1b: Incineroar|Darkest Lariat|p2a: Farigiraf\n|-supereffective|p2a: Farigiraf|1\n|-enditem|p2a: Farigiraf|Colbur Berry|[eat]\n|-enditem|p2a: Farigiraf|Colbur Berry|[weaken]\n|-damage|p2a: Farigiraf|65/100\n|move|p2b: Drampa|Earth Power|p1b: Incineroar\n|-supereffective|p1b: Incineroar|1\n|-crit|p1b: Incineroar\n|-damage|p1b: Incineroar|0 fnt\n|faint|p1b: Incineroar\n|move|p1a: Farigiraf|Imprison|p1a: Farigiraf\n|-start|p1a: Farigiraf|move: Imprison\n|cant|p2a: Farigiraf|move: Imprison|Trick Room\n|\n|upkeep\n|\n|t:|1776350977\n|switch|p1b: Crabominable|Crabominable, L50, M|100/100\n|turn|2\n|inactive|GepecavaIIi has 30 seconds left.\n|\n|t:|1776351002\n|move|p1b: Crabominable|Protect|p1b: Crabominable\n|-singleturn|p1b: Crabominable|Protect\n|move|p2b: Drampa|Dragon Pulse|p1b: Crabominable\n|-activate|p1b: Crabominable|move: Protect\n|move|p2a: Farigiraf|Psychic|p1b: Crabominable\n|-activate|p1b: Crabominable|move: Protect\n|move|p1a: Farigiraf|Trick Room|p1a: Farigiraf\n|-fieldstart|move: Trick Room|[of] p1a: Farigiraf\n|\n|upkeep\n|turn|3\n|inactive|GepecavaIIi has 30 seconds left.\n|\n|t:|1776351029\n|switch|p2b: Sinistcha|Sinistcha, L50|100/100\n|-heal|p2a: Farigiraf|90/100|[from] ability: Hospitality|[of] p2b: Sinistcha\n|detailschange|p1b: Crabominable|Crabominable-Mega, L50, M\n|-mega|p1b: Crabominable|Crabominable|Crabominite\n|move|p1b: Crabominable|Ice Punch|p2a: Farigiraf\n|-damage|p2a: Farigiraf|32/100\n|move|p2a: Farigiraf|Psychic|p1b: Crabominable\n|-supereffective|p1b: Crabominable|1\n|-damage|p1b: Crabominable|31/100\n|-unboost|p1b: Crabominable|spd|1\n|move|p1a: Farigiraf|Hyper Voice|p2b: Sinistcha|[spread] p2a\n|-immune|p2b: Sinistcha\n|-damage|p2a: Farigiraf|5/100\n|\n|upkeep\n|turn|4\n|\n|t:|1776351052\n|move|p1b: Crabominable|Ice Punch|p2b: Sinistcha\n|-supereffective|p2b: Sinistcha|1\n|-damage|p2b: Sinistcha|18/100\n|move|p2a: Farigiraf|Psychic|p1b: Crabominable\n|-supereffective|p1b: Crabominable|1\n|-damage|p1b: Crabominable|0 fnt\n|faint|p1b: Crabominable\n|move|p1a: Farigiraf|Hyper Voice|p2a: Farigiraf|[spread] p2a\n|-immune|p2b: Sinistcha\n|-damage|p2a: Farigiraf|0 fnt\n|faint|p2a: Farigiraf\n|move|p2b: Sinistcha|Matcha Gotcha|p1a: Farigiraf\n|-damage|p1a: Farigiraf|71/100\n|-heal|p2b: Sinistcha|39/100|[from] drain|[of] p1a: Farigiraf\n|\n|upkeep\n|\n|t:|1776351066\n|switch|p1b: Camerupt|Camerupt, L50, F|100/100\n|switch|p2a: Torkoal|Torkoal, L50, F|100/100\n|-weather|SunnyDay|[from] ability: Drought|[of] p2a: Torkoal\n|turn|5\n|\n|t:|1776351089\n|move|p1a: Farigiraf|Protect|p1a: Farigiraf\n|-singleturn|p1a: Farigiraf|Protect\n|move|p2b: Sinistcha|Rage Powder|p2b: Sinistcha\n|-singleturn|p2b: Sinistcha|move: Rage Powder\n|move|p2a: Torkoal|Eruption|p1a: Farigiraf|[spread] p1b\n|-activate|p1a: Farigiraf|move: Protect\n|-resisted|p1b: Camerupt|1\n|-damage|p1b: Camerupt|47/100\n|move|p1b: Camerupt|Eruption|p2a: Torkoal|[spread] p2a,p2b\n|-resisted|p2a: Torkoal|1\n|-supereffective|p2b: Sinistcha|1\n|-damage|p2a: Torkoal|73/100\n|-damage|p2b: Sinistcha|0 fnt\n|faint|p2b: Sinistcha\n|\n|-weather|SunnyDay|[upkeep]\n|upkeep\n|\n|t:|1776351101\n|switch|p2b: Drampa|Drampa-Mega, L50, M|100/100\n|turn|6\n|\n|t:|1776351120\n|move|p1b: Camerupt|Protect|p1b: Camerupt\n|-singleturn|p1b: Camerupt|Protect\n|move|p2a: Torkoal|Weather Ball|p1a: Farigiraf\n|-damage|p1a: Farigiraf|5/100\n|move|p1a: Farigiraf|Hyper Voice|p2b: Drampa|[spread] p2a,p2b\n|-damage|p2a: Torkoal|38/100\n|-damage|p2b: Drampa|76/100\n|move|p2b: Drampa|Earth Power|p1b: Camerupt\n|-activate|p1b: Camerupt|move: Protect\n|\n|-weather|SunnyDay|[upkeep]\n|-fieldend|move: Trick Room\n|upkeep\n|turn|7\n|inactive|Maggoroni has 30 seconds left.\n|inactive|GepecavaIIi has 30 seconds left.\n|inactive|Maggoroni has 20 seconds left.\n|inactive|GepecavaIIi has 20 seconds left.\n|inactive|GepecavaIIi has 15 seconds left.\n|\n|t:|1776351161\n|move|p2a: Torkoal|Helping Hand|p2b: Drampa\n|-singleturn|p2b: Drampa|Helping Hand|[of] p2a: Torkoal\n|move|p2b: Drampa|Earth Power|p1b: Camerupt\n|-supereffective|p1b: Camerupt|1\n|-crit|p1b: Camerupt\n|-damage|p1b: Camerupt|0 fnt\n|faint|p1b: Camerupt\n|move|p1a: Farigiraf|Hyper Voice|p2b: Drampa|[spread] p2a,p2b\n|-damage|p2a: Torkoal|2/100\n|-damage|p2b: Drampa|50/100\n|-ability|p2b: Drampa|Berserk|boost\n|-boost|p2b: Drampa|spa|1\n|\n|-weather|SunnyDay|[upkeep]\n|upkeep\n|turn|8\n|\n|t:|1776351170\n|move|p2b: Drampa|Dragon Pulse|p1a: Farigiraf\n|-damage|p1a: Farigiraf|0 fnt\n|faint|p1a: Farigiraf\n|\n|win|GepecavaIIi\n|raw|Maggoroni's rating: 1191 &rarr; <strong>1170</strong><br />(-21 for losing)\n|raw|GepecavaIIi's rating: 1253 &rarr; <strong>1274</strong><br />(+21 for winning)\n|l|\u2606Maggoroni\n|player|p1|\n",
  "uploadtime": 1776351179,
  "views": 26,
  "formatid": "gen9championsvgc2026regma",
  "rating": 1170,
  "private": 0,
  "password": null
}