{
  "id": "gen9championsvgc2026regma-2583308610",
  "format": "[Gen 9 Champions] VGC 2026 Reg M-A",
  "players": [
    "skelii",
    "capitan_fosforo"
  ],
  "log": "|j|\u2606skelii\n|j|\u2606capitan_fosforo\n|t:|1776165498\n|gametype|doubles\n|player|p1|skelii|1|1122\n|player|p2|capitan_fosforo|n|1138\n|gen|9\n|tier|[Gen 9 Champions] VGC 2026 Reg M-A\n|rated|\n|rule|Species Clause: Limit one of each Pok\u00e9mon\n|rule|Item Clause: Limit 1 of each item\n|clearpoke\n|poke|p1|Aegislash, L50, M|\n|poke|p1|Hydreigon, L50, M|\n|poke|p1|Floette-Eternal, L50, F|\n|poke|p1|Sneasler, L50, F|\n|poke|p1|Talonflame, L50, F|\n|poke|p1|Maushold, L50|\n|poke|p2|Volcarona, L50, M|\n|poke|p2|Primarina, L50, F|\n|poke|p2|Zoroark-Hisui, L50, F|\n|poke|p2|Ninetales-Alola, L50, F|\n|poke|p2|Corviknight, L50, M|\n|poke|p2|Garchomp, L50, M|\n|teampreview|4\n|\n|t:|1776165521\n|teamsize|p1|4\n|teamsize|p2|4\n|start\n|switch|p1a: Hydreigon|Hydreigon, L50, M|100/100\n|switch|p1b: Sneasler|Sneasler, L50, F|100/100\n|switch|p2a: Ninetales|Ninetales-Alola, L50, F|100/100\n|switch|p2b: Garchomp|Garchomp, L50, M|100/100\n|-weather|Snowscape|[from] ability: Snow Warning|[of] p2a: Ninetales\n|turn|1\n|\n|t:|1776165547\n|move|p1b: Sneasler|Fake Out|p2a: Ninetales\n|-damage|p2a: Ninetales|88/100\n|move|p1a: Hydreigon|Draco Meteor|p2b: Garchomp\n|-enditem|p2b: Garchomp|Focus Sash\n|-damage|p2b: Garchomp|1/100\n|-unboost|p1a: Hydreigon|spa|2\n|replace|p2b: Zoroark|Zoroark-Hisui, L50, F\n|-end|p2b: Zoroark|Illusion\n|move|p2b: Zoroark|Focus Blast|p1a: Hydreigon\n|-supereffective|p1a: Hydreigon|1\n|-damage|p1a: Hydreigon|13/100\n|cant|p2a: Ninetales|flinch\n|\n|-weather|Snowscape|[upkeep]\n|upkeep\n|turn|2\n|\n|t:|1776165569\n|switch|p1a: Aegislash|Aegislash, L50, M|100/100\n|move|p2b: Zoroark|U-turn|p1a: Aegislash\n|-resisted|p1a: Aegislash|2\n|-damage|p1a: Aegislash|98/100\n|\n|t:|1776165576\n|switch|p2b: Volcarona|Volcarona, L50, M|100/100|[from] U-turn\n|move|p2a: Ninetales|Aurora Veil|p2a: Ninetales\n|-sidestart|p2: capitan_fosforo|move: Aurora Veil\n|move|p1b: Sneasler|Dire Claw|p2a: Ninetales\n|-supereffective|p2a: Ninetales|1\n|-damage|p2a: Ninetales|35/100\n|-status|p2a: Ninetales|par\n|\n|-weather|Snowscape|[upkeep]\n|-heal|p1a: Aegislash|100/100|[from] item: Leftovers\n|upkeep\n|turn|3\n|\n|t:|1776165599\n|move|p1b: Sneasler|Dire Claw|p2b: Volcarona\n|-damage|p2b: Volcarona|62/100\n|move|p2b: Volcarona|Quiver Dance|p2b: Volcarona\n|-boost|p2b: Volcarona|spa|1\n|-boost|p2b: Volcarona|spd|1\n|-boost|p2b: Volcarona|spe|1\n|move|p2a: Ninetales|Blizzard|p1b: Sneasler|[spread] p1a,p1b\n|-resisted|p1a: Aegislash|1\n|-damage|p1a: Aegislash|92/100\n|-damage|p1b: Sneasler|67/100\n|move|p1a: Aegislash|Swords Dance|p1a: Aegislash\n|-boost|p1a: Aegislash|atk|2\n|\n|-weather|Snowscape|[upkeep]\n|-heal|p1a: Aegislash|98/100|[from] item: Leftovers\n|upkeep\n|turn|4\n|\n|t:|1776165618\n|-formechange|p1a: Aegislash|Aegislash-Blade|\n|move|p1a: Aegislash|Shadow Sneak|p2b: Volcarona\n|-damage|p2b: Volcarona|22/100\n|-enditem|p2b: Volcarona|Sitrus Berry|[eat]\n|-heal|p2b: Volcarona|47/100|[from] item: Sitrus Berry\n|move|p2b: Volcarona|Fiery Dance|p1a: Aegislash\n|-supereffective|p1a: Aegislash|1\n|-damage|p1a: Aegislash|0 fnt\n|-boost|p2b: Volcarona|spa|1\n|faint|p1a: Aegislash\n|move|p1b: Sneasler|Dire Claw|p2b: Volcarona\n|-damage|p2b: Volcarona|6/100\n|-status|p1b: Sneasler|brn|[from] ability: Flame Body|[of] p2b: Volcarona\n|move|p2a: Ninetales|Blizzard|p1b: Sneasler\n|-damage|p1b: Sneasler|23/100 brn\n|\n|-weather|Snowscape|[upkeep]\n|-damage|p1b: Sneasler|18/100 brn|[from] brn\n|upkeep\n|\n|t:|1776165640\n|switch|p1a: Floette|Floette-Eternal, L50, F|100/100\n|turn|5\n|\n|t:|1776165657\n|detailschange|p1a: Floette|Floette-Mega, L50, F\n|-mega|p1a: Floette|Floette|Floettite\n|-ability|p1a: Floette|Fairy Aura\n|move|p2b: Volcarona|Morning Sun|p2b: Volcarona\n|-heal|p2b: Volcarona|31/100\n|move|p1b: Sneasler|Dire Claw|p2b: Volcarona\n|-damage|p2b: Volcarona|11/100\n|move|p1a: Floette|Dazzling Gleam|p2b: Volcarona|[spread] p2a,p2b\n|-resisted|p2b: Volcarona|1\n|-damage|p2a: Ninetales|0 fnt\n|-damage|p2b: Volcarona|1/100\n|faint|p2a: Ninetales\n|\n|-weather|none\n|-damage|p1b: Sneasler|12/100 brn|[from] brn\n|upkeep\n|\n|t:|1776165683\n|switch|p2a: Garchomp|Garchomp, L50, M|1/100\n|turn|6\n|\n|t:|1776165707\n|move|p2b: Volcarona|Morning Sun|p2b: Volcarona\n|-heal|p2b: Volcarona|51/100\n|move|p2a: Garchomp|Hyper Voice|p1a: Floette|[spread] p1a,p1b\n|-damage|p1a: Floette|75/100\n|-damage|p1b: Sneasler|0 fnt\n|faint|p1b: Sneasler\n|move|p1a: Floette|Dazzling Gleam|p2a: Garchomp|[spread] p2a,p2b\n|-resisted|p2b: Volcarona|1\n|-damage|p2a: Garchomp|0 fnt\n|-damage|p2b: Volcarona|41/100\n|replace|p2a: Zoroark|Zoroark-Hisui, L50, F\n|-end|p2a: Zoroark|Illusion\n|faint|p2a: Zoroark\n|\n|-sideend|p2: capitan_fosforo|move: Aurora Veil\n|upkeep\n|\n|t:|1776165722\n|switch|p2a: Garchomp|Garchomp, L50, M|100/100\n|switch|p1b: Hydreigon|Hydreigon, L50, M|13/100\n|turn|7\n|\n|t:|1776165733\n|detailschange|p2a: Garchomp|Garchomp-Mega, L50, M\n|-mega|p2a: Garchomp|Garchomp|Garchompite\n|move|p1b: Hydreigon|Draco Meteor|p2b: Volcarona\n|-damage|p2b: Volcarona|1/100\n|-unboost|p1b: Hydreigon|spa|2\n|move|p2b: Volcarona|Morning Sun|p2b: Volcarona\n|-heal|p2b: Volcarona|51/100\n|move|p2a: Garchomp|Rock Slide|p1b: Hydreigon|[spread] p1a,p1b\n|-crit|p1a: Floette\n|-damage|p1a: Floette|33/100\n|-damage|p1b: Hydreigon|0 fnt\n|faint|p1b: Hydreigon\n|move|p1a: Floette|Dazzling Gleam|p2a: Garchomp|[spread] p2a,p2b\n|-supereffective|p2a: Garchomp|1\n|-resisted|p2b: Volcarona|1\n|-damage|p2a: Garchomp|0 fnt\n|-damage|p2b: Volcarona|37/100\n|faint|p2a: Garchomp\n|\n|upkeep\n|turn|8\n|\n|t:|1776165756\n|move|p2b: Volcarona|Fiery Dance|p1a: Floette\n|-damage|p1a: Floette|0 fnt\n|-boost|p2b: Volcarona|spa|1\n|faint|p1a: Floette\n|\n|win|capitan_fosforo\n|raw|skelii's rating: 1122 &rarr; <strong>1098</strong><br />(-24 for losing)\n|raw|capitan_fosforo's rating: 1138 &rarr; <strong>1162</strong><br />(+24 for winning)\n|l|\u2606skelii\n|player|p1|\n|l|\u2606capitan_fosforo\n|player|p2|\n|j|\u2606capitan_fosforo\n|player|p2|capitan_fosforo|n|\n",
  "uploadtime": 1776165814,
  "views": 29,
  "formatid": "gen9championsvgc2026regma",
  "rating": 1098,
  "private": 0,
  "password": null
}