{
  "id": "gen9championsvgc2026regma-2585074026",
  "format": "[Gen 9 Champions] VGC 2026 Reg M-A",
  "players": [
    "Deantzo",
    "matiasval1502"
  ],
  "log": "|j|\u2606Deantzo\n|j|\u2606matiasval1502\n|t:|1776309064\n|gametype|doubles\n|player|p1|Deantzo|101|1078\n|player|p2|matiasval1502|101|1014\n|gen|9\n|tier|[Gen 9 Champions] VGC 2026 Reg M-A\n|rated|\n|rule|Species Clause: Limit one of each Pok\u00e9mon\n|rule|Item Clause: Limit 1 of each item\n|clearpoke\n|poke|p1|Mimikyu, L50, M|\n|poke|p1|Mudsdale, L50, M|\n|poke|p1|Incineroar, L50, F|\n|poke|p1|Feraligatr, L50, M|\n|poke|p1|Pelipper, L50, M|\n|poke|p1|Zoroark-Hisui, L50, F|\n|poke|p2|Venusaur, L50, M|\n|poke|p2|Garchomp, L50, M|\n|poke|p2|Incineroar, L50, F|\n|poke|p2|Goodra-Hisui, L50, M|\n|poke|p2|Farigiraf, L50, F|\n|poke|p2|Arcanine-Hisui, L50, F|\n|teampreview|4\n|inactive|Battle timer is ON: inactive players will automatically lose when time's up. (requested by matiasval1502)\n|\n|t:|1776309095\n|teamsize|p1|4\n|teamsize|p2|4\n|start\n|switch|p1a: Mimikyu|Mimikyu, L50, M|100/100\n|switch|p1b: Incineroar|Incineroar, L50, F, shiny|100/100\n|switch|p2a: Venusaur|Venusaur, L50, M, shiny|100/100\n|switch|p2b: Incineroar|Incineroar, L50, F|100/100\n|-ability|p2b: Incineroar|Intimidate|boost\n|-unboost|p1a: Mimikyu|atk|1\n|-unboost|p1b: Incineroar|atk|1\n|-ability|p1b: Incineroar|Intimidate|boost\n|-unboost|p2a: Venusaur|atk|1\n|-unboost|p2b: Incineroar|atk|1\n|turn|1\n|\n|t:|1776309113\n|detailschange|p2a: Venusaur|Venusaur-Mega, L50, M, shiny\n|-mega|p2a: Venusaur|Venusaur|Venusaurite\n|move|p2b: Incineroar|Fake Out|p1b: Incineroar\n|-damage|p1b: Incineroar|94/100\n|cant|p1b: Incineroar|flinch\n|move|p2a: Venusaur|Sludge Bomb|p1a: Mimikyu\n|-activate|p1a: Mimikyu|ability: Disguise\n|-damage|p1a: Mimikyu|100/100\n|detailschange|p1a: Mimikyu|Mimikyu-Busted, L50, M\n|-damage|p1a: Mimikyu|88/100|[from] pokemon: Mimikyu-Busted\n|move|p1a: Mimikyu|Trick Room|p1a: Mimikyu\n|-fieldstart|move: Trick Room|[of] p1a: Mimikyu\n|\n|upkeep\n|turn|2\n|inactive|matiasval1502 has 30 seconds left.\n|\n|t:|1776309140\n|switch|p2b: Farigiraf|Farigiraf, L50, F|100/100\n|move|p1b: Incineroar|Parting Shot|p2a: Venusaur\n|-unboost|p2a: Venusaur|atk|1\n|-unboost|p2a: Venusaur|spa|1\n|\n|t:|1776309146\n|switch|p1b: Mudsdale|Mudsdale, L50, M|100/100|[from] Parting Shot\n|move|p2a: Venusaur|Earth Power|p1b: Mudsdale\n|-damage|p1b: Mudsdale|80/100\n|move|p1a: Mimikyu|Shadow Claw|p2a: Venusaur\n|-damage|p2a: Venusaur|84/100\n|\n|upkeep\n|turn|3\n|inactive|matiasval1502 has 30 seconds left.\n|\n|t:|1776309171\n|move|p1b: Mudsdale|Rock Slide|p2a: Venusaur|[spread] p2a,p2b\n|-damage|p2a: Venusaur|67/100\n|-damage|p2b: Farigiraf|83/100\n|move|p2b: Farigiraf|Psychic|p1b: Mudsdale\n|-damage|p1b: Mudsdale|47/100\n|-unboost|p1b: Mudsdale|spd|1\n|move|p2a: Venusaur|Leech Seed|p1b: Mudsdale\n|-start|p1b: Mudsdale|move: Leech Seed\n|move|p1a: Mimikyu|Shadow Claw|p2a: Venusaur\n|-damage|p2a: Venusaur|48/100\n|\n|-damage|p1b: Mudsdale|35/100|[from] Leech Seed|[of] p2a: Venusaur\n|-heal|p2a: Venusaur|63/100|[silent]\n|upkeep\n|turn|4\n|\n|t:|1776309189\n|switch|p1b: Pelipper|Pelipper, L50, M|100/100\n|-weather|RainDance|[from] ability: Drizzle|[of] p1b: Pelipper\n|move|p2a: Venusaur|Protect|p2a: Venusaur\n|-singleturn|p2a: Venusaur|Protect\n|move|p2b: Farigiraf|Psychic|p1b: Pelipper\n|-damage|p1b: Pelipper|56/100\n|move|p1a: Mimikyu|Play Rough|p2b: Farigiraf\n|-damage|p2b: Farigiraf|63/100\n|\n|-weather|RainDance|[upkeep]\n|upkeep\n|turn|5\n|inactive|Deantzo has 30 seconds left.\n|\n|t:|1776309220\n|switch|p2a: Goodra|Goodra-Hisui, L50, M|100/100\n|move|p2b: Farigiraf|Psychic|p1b: Pelipper\n|-damage|p1b: Pelipper|12/100\n|move|p1b: Pelipper|Hurricane|p2a: Goodra\n|-resisted|p2a: Goodra|1\n|-damage|p2a: Goodra|85/100\n|move|p1a: Mimikyu|Shadow Claw|p2a: Goodra\n|-damage|p2a: Goodra|67/100\n|\n|-weather|RainDance|[upkeep]\n|-heal|p2a: Goodra|73/100|[from] item: Leftovers\n|-fieldend|move: Trick Room\n|upkeep\n|turn|6\n|\n|t:|1776309241\n|switch|p1b: Incineroar|Incineroar, L50, F, shiny|94/100\n|-ability|p1b: Incineroar|Intimidate|boost\n|-unboost|p2a: Goodra|atk|1\n|-unboost|p2b: Farigiraf|atk|1\n|move|p2a: Goodra|Thunderbolt|p1a: Mimikyu\n|-damage|p1a: Mimikyu|57/100\n|move|p2b: Farigiraf|Psychic|p1b: Incineroar\n|-immune|p1b: Incineroar\n|move|p1a: Mimikyu|Trick Room|p1a: Mimikyu\n|-fieldstart|move: Trick Room|[of] p1a: Mimikyu\n|\n|-weather|RainDance|[upkeep]\n|-heal|p2a: Goodra|79/100|[from] item: Leftovers\n|upkeep\n|turn|7\n|\n|t:|1776309260\n|switch|p2a: Incineroar|Incineroar, L50, F|100/100\n|-ability|p2a: Incineroar|Intimidate|boost\n|-unboost|p1a: Mimikyu|atk|1\n|-unboost|p1b: Incineroar|atk|1\n|move|p2b: Farigiraf|Psychic|p1a: Mimikyu\n|-damage|p1a: Mimikyu|21/100\n|move|p1b: Incineroar|Parting Shot|p2b: Farigiraf\n|-unboost|p2b: Farigiraf|atk|1\n|-unboost|p2b: Farigiraf|spa|1\n|\n|t:|1776309270\n|switch|p1b: Mudsdale|Mudsdale, L50, M|35/100|[from] Parting Shot\n|move|p1a: Mimikyu|Play Rough|p2b: Farigiraf\n|-damage|p2b: Farigiraf|47/100\n|-unboost|p2b: Farigiraf|atk|1\n|\n|-weather|RainDance|[upkeep]\n|upkeep\n|turn|8\n|\n|t:|1776309287\n|move|p2a: Incineroar|Fake Out|p1b: Mudsdale\n|-damage|p1b: Mudsdale|26/100\n|move|p1b: Mudsdale|High Horsepower|p2a: Incineroar\n|-supereffective|p2a: Incineroar|1\n|-damage|p2a: Incineroar|0 fnt\n|faint|p2a: Incineroar\n|move|p2b: Farigiraf|Psychic|p1a: Mimikyu\n|-damage|p1a: Mimikyu|0 fnt\n|faint|p1a: Mimikyu\n|\n|-weather|none\n|upkeep\n|\n|t:|1776309300\n|switch|p2a: Venusaur|Venusaur-Mega, L50, M, shiny|63/100\n|switch|p1a: Pelipper|Pelipper, L50, M|12/100\n|-weather|RainDance|[from] ability: Drizzle|[of] p1a: Pelipper\n|turn|9\n|\n|t:|1776309313\n|move|p2a: Venusaur|Protect|p2a: Venusaur\n|-singleturn|p2a: Venusaur|Protect\n|move|p1b: Mudsdale|High Horsepower|p2b: Farigiraf\n|-damage|p2b: Farigiraf|0 fnt\n|faint|p2b: Farigiraf\n|move|p1a: Pelipper|Hurricane|p2a: Venusaur\n|-activate|p2a: Venusaur|move: Protect\n|\n|-weather|RainDance|[upkeep]\n|upkeep\n|\n|t:|1776309318\n|switch|p2b: Goodra|Goodra-Hisui, L50, M|79/100\n|turn|10\n|\n|t:|1776309328\n|move|p1b: Mudsdale|High Horsepower|p2b: Goodra\n|-supereffective|p2b: Goodra|1\n|-damage|p2b: Goodra|0 fnt\n|faint|p2b: Goodra\n|move|p1a: Pelipper|Hurricane|p2a: Venusaur\n|-supereffective|p2a: Venusaur|1\n|-damage|p2a: Venusaur|0 fnt\n|faint|p2a: Venusaur\n|\n|win|Deantzo\n|raw|Deantzo's rating: 1078 &rarr; <strong>1101</strong><br />(+23 for winning)\n|raw|matiasval1502's rating: 1014 &rarr; <strong>1004</strong><br />(-10 for losing)\n|l|\u2606matiasval1502\n|player|p2|\n",
  "uploadtime": 1776309342,
  "views": 40,
  "formatid": "gen9championsvgc2026regma",
  "rating": 1004,
  "private": 0,
  "password": null
}