{
  "id": "gen9championsvgc2026regma-2586219279",
  "format": "[Gen 9 Champions] VGC 2026 Reg M-A",
  "players": [
    "CEExy",
    "Pisellolololo"
  ],
  "log": "|j|\u2606CEExy\n|j|\u2606Pisellolololo\n|t:|1776413845\n|gametype|doubles\n|player|p1|CEExy|hilbert|1191\n|player|p2|Pisellolololo|169|1245\n|gen|9\n|tier|[Gen 9 Champions] VGC 2026 Reg M-A\n|rated|\n|rule|Species Clause: Limit one of each Pok\u00e9mon\n|rule|Item Clause: Limit 1 of each item\n|clearpoke\n|poke|p1|Manectric, L50, F|\n|poke|p1|Aerodactyl, L50, M|\n|poke|p1|Incineroar, L50, M|\n|poke|p1|Pelipper, L50, M|\n|poke|p1|Basculegion, L50, M|\n|poke|p1|Archaludon, L50, F|\n|poke|p2|Froslass, L50, F|\n|poke|p2|Garchomp, L50, M|\n|poke|p2|Rotom-Frost, L50|\n|poke|p2|Empoleon, L50, M|\n|poke|p2|Kingambit, L50, M|\n|poke|p2|Sneasler, L50, M|\n|teampreview|4\n|inactive|Battle timer is ON: inactive players will automatically lose when time's up. (requested by Pisellolololo)\n|\n|t:|1776413895\n|teamsize|p1|4\n|teamsize|p2|4\n|start\n|switch|p1a: Aerodactyl|Aerodactyl, L50, M|100/100\n|switch|p1b: Archaludon|Archaludon, L50, F|100/100\n|switch|p2a: Rotom|Rotom-Frost, L50|100/100\n|switch|p2b: Empoleon|Empoleon, L50, M|100/100\n|-ability|p1a: Aerodactyl|Pressure\n|turn|1\n|inactive|CEExy has 30 seconds left.\n|inactive|CEExy has 20 seconds left.\n|inactive|CEExy has 15 seconds left.\n|\n|t:|1776413939\n|move|p1a: Aerodactyl|Protect|p1a: Aerodactyl\n|-singleturn|p1a: Aerodactyl|Protect\n|move|p1b: Archaludon|Protect|p1b: Archaludon\n|-singleturn|p1b: Archaludon|Protect\n|move|p2a: Rotom|Thunderbolt|p1a: Aerodactyl\n|-activate|p1a: Aerodactyl|move: Protect\n|move|p2b: Empoleon|Flash Cannon|p1a: Aerodactyl\n|-activate|p1a: Aerodactyl|move: Protect\n|\n|upkeep\n|turn|2\n|\n|t:|1776413960\n|move|p2a: Rotom|Thunderbolt|p1a: Aerodactyl\n|-supereffective|p1a: Aerodactyl|1\n|-damage|p1a: Aerodactyl|0 fnt\n|faint|p1a: Aerodactyl\n|move|p1b: Archaludon|Flash Cannon|p2a: Rotom\n|-damage|p2a: Rotom|45/100\n|move|p2b: Empoleon|Roar|p1b: Archaludon\n|drag|p1b: Basculegion|Basculegion, L50, M|100/100\n|\n|upkeep\n|\n|t:|1776413972\n|switch|p1a: Archaludon|Archaludon, L50, F|100/100\n|turn|3\n|\n|t:|1776413993\n|move|p1b: Basculegion|Protect|p1b: Basculegion\n|-singleturn|p1b: Basculegion|Protect\n|move|p2a: Rotom|Thunderbolt|p1b: Basculegion\n|-activate|p1b: Basculegion|move: Protect\n|move|p1a: Archaludon|Flash Cannon|p2a: Rotom\n|-damage|p2a: Rotom|0 fnt\n|faint|p2a: Rotom\n|move|p2b: Empoleon|Chilling Water|p1a: Archaludon\n|-resisted|p1a: Archaludon|1\n|-damage|p1a: Archaludon|88/100\n|-unboost|p1a: Archaludon|atk|1\n|-ability|p1a: Archaludon|Stamina|boost\n|-boost|p1a: Archaludon|def|1\n|\n|-heal|p1a: Archaludon|94/100|[from] item: Leftovers\n|upkeep\n|\n|t:|1776414014\n|switch|p2a: Froslass|Froslass, L50, F|100/100\n|turn|4\n|\n|t:|1776414028\n|switch|p1b: Pelipper|Pelipper, L50, M|100/100\n|-weather|RainDance|[from] ability: Drizzle|[of] p1b: Pelipper\n|detailschange|p2a: Froslass|Froslass-Mega, L50, F\n|-mega|p2a: Froslass|Froslass|Froslassite\n|-weather|Snowscape|[from] ability: Snow Warning|[of] p2a: Froslass\n|move|p2a: Froslass|Shadow Ball|p1b: Pelipper\n|-damage|p1b: Pelipper|23/100\n|move|p1a: Archaludon|Flash Cannon|p2a: Froslass\n|-supereffective|p2a: Froslass|1\n|-damage|p2a: Froslass|9/100\n|-unboost|p2a: Froslass|spd|1\n|move|p2b: Empoleon|Chilling Water|p1a: Archaludon\n|-resisted|p1a: Archaludon|1\n|-damage|p1a: Archaludon|82/100\n|-unboost|p1a: Archaludon|atk|1\n|-ability|p1a: Archaludon|Stamina|boost\n|-boost|p1a: Archaludon|def|1\n|\n|-weather|Snowscape|[upkeep]\n|-heal|p1a: Archaludon|88/100|[from] item: Leftovers\n|upkeep\n|turn|5\n|inactive|CEExy has 30 seconds left.\n|inactive|Pisellolololo has 30 seconds left.\n|\n|t:|1776414059\n|move|p1b: Pelipper|Wide Guard|p1b: Pelipper\n|-singleturn|p1b: Pelipper|Wide Guard\n|move|p2a: Froslass|Blizzard|p1a: Archaludon|[spread] \n|-activate|p1a: Archaludon|move: Wide Guard\n|-activate|p1b: Pelipper|move: Wide Guard\n|move|p1a: Archaludon|Flash Cannon|p2a: Froslass\n|-supereffective|p2a: Froslass|1\n|-damage|p2a: Froslass|0 fnt\n|faint|p2a: Froslass\n|move|p2b: Empoleon|Chilling Water|p1a: Archaludon\n|-resisted|p1a: Archaludon|1\n|-damage|p1a: Archaludon|75/100\n|-unboost|p1a: Archaludon|atk|1\n|-ability|p1a: Archaludon|Stamina|boost\n|-boost|p1a: Archaludon|def|1\n|\n|-weather|Snowscape|[upkeep]\n|-heal|p1a: Archaludon|81/100|[from] item: Leftovers\n|upkeep\n|\n|t:|1776414077\n|switch|p2a: Garchomp|Garchomp, L50, M|100/100\n|turn|6\n|\n|t:|1776414090\n|switch|p1b: Basculegion|Basculegion, L50, M|100/100\n|move|p2a: Garchomp|Dragon Claw|p1b: Basculegion\n|-damage|p1b: Basculegion|50/100\n|move|p1a: Archaludon|Draco Meteor|p2a: Garchomp\n|-supereffective|p2a: Garchomp|1\n|-crit|p2a: Garchomp\n|-damage|p2a: Garchomp|0 fnt\n|-unboost|p1a: Archaludon|spa|2\n|faint|p2a: Garchomp\n|move|p2b: Empoleon|Roar|p1a: Archaludon\n|drag|p1a: Pelipper|Pelipper, L50, M|23/100\n|-weather|RainDance|[from] ability: Drizzle|[of] p1a: Pelipper\n|\n|-weather|RainDance|[upkeep]\n|upkeep\n|turn|7\n|\n|t:|1776414111\n|move|p1b: Basculegion|Last Respects|p2b: Empoleon\n|-damage|p2b: Empoleon|52/100\n|move|p1a: Pelipper|Weather Ball|p2b: Empoleon\n|-resisted|p2b: Empoleon|1\n|-damage|p2b: Empoleon|24/100\n|move|p2b: Empoleon|Flash Cannon|p1a: Pelipper\n|-resisted|p1a: Pelipper|1\n|-damage|p1a: Pelipper|0 fnt\n|faint|p1a: Pelipper\n|\n|-weather|RainDance|[upkeep]\n|-heal|p2b: Empoleon|29/100|[from] item: Leftovers\n|upkeep\n|\n|t:|1776414118\n|switch|p1a: Archaludon|Archaludon, L50, F|81/100\n|turn|8\n|-message|Pisellolololo forfeited.\n|\n|win|CEExy\n|raw|CEExy's rating: 1191 &rarr; <strong>1220</strong><br />(+29 for winning)\n|raw|Pisellolololo's rating: 1245 &rarr; <strong>1216</strong><br />(-29 for losing)\n|l|\u2606Pisellolololo\n|player|p2|\n",
  "uploadtime": 1776414127,
  "views": 38,
  "formatid": "gen9championsvgc2026regma",
  "rating": 1216,
  "private": 0,
  "password": null
}