{
  "id": "gen9championsvgc2026regma-2584377201",
  "format": "[Gen 9 Champions] VGC 2026 Reg M-A",
  "players": [
    "szadek",
    "DecepcionEn4K"
  ],
  "log": "|j|\u2606szadek\n|j|\u2606DecepcionEn4K\n|t:|1776256240\n|gametype|doubles\n|player|p1|szadek|veteran|1138\n|player|p2|DecepcionEn4K|2|1217\n|gen|9\n|tier|[Gen 9 Champions] VGC 2026 Reg M-A\n|rated|\n|rule|Species Clause: Limit one of each Pok\u00e9mon\n|rule|Item Clause: Limit 1 of each item\n|clearpoke\n|poke|p1|Floette-Eternal, L50, F|\n|poke|p1|Mamoswine, L50, F|\n|poke|p1|Araquanid, L50, M|\n|poke|p1|Sneasler, L50, F|\n|poke|p1|Rotom-Heat, L50|\n|poke|p1|Whimsicott, L50, M|\n|poke|p2|Basculegion, L50, M|\n|poke|p2|Skarmory, L50, M|\n|poke|p2|Garchomp, L50, M|\n|poke|p2|Gardevoir, L50, M|\n|poke|p2|Rotom-Heat, L50|\n|poke|p2|Aerodactyl, L50, F|\n|teampreview|4\n|inactive|Battle timer is ON: inactive players will automatically lose when time's up. (requested by DecepcionEn4K)\n|\n|t:|1776256274\n|teamsize|p1|4\n|teamsize|p2|4\n|start\n|switch|p1a: Sneasler|Sneasler, L50, F|100/100\n|switch|p1b: Whimsicott|Whimsicott, L50, M|100/100\n|switch|p2a: Rotom|Rotom-Heat, L50|100/100\n|switch|p2b: Aerodactyl|Aerodactyl, L50, F|100/100\n|-ability|p2b: Aerodactyl|Unnerve\n|turn|1\n|inactive|szadek has 30 seconds left.\n|\n|t:|1776256307\n|move|p1a: Sneasler|Fake Out|p2b: Aerodactyl\n|-resisted|p2b: Aerodactyl|1\n|-damage|p2b: Aerodactyl|88/100\n|move|p1b: Whimsicott|Tailwind|p1b: Whimsicott\n|-sidestart|p1: szadek|move: Tailwind\n|cant|p2b: Aerodactyl|flinch\n|move|p2a: Rotom|Overheat|p1b: Whimsicott|[miss]\n|-miss|p2a: Rotom|p1b: Whimsicott\n|\n|upkeep\n|turn|2\n|\n|t:|1776256323\n|move|p1b: Whimsicott|Moonblast|p2b: Aerodactyl\n|-damage|p2b: Aerodactyl|50/100\n|move|p1a: Sneasler|Close Combat|p2b: Aerodactyl\n|-damage|p2b: Aerodactyl|0 fnt\n|-unboost|p1a: Sneasler|def|1\n|-unboost|p1a: Sneasler|spd|1\n|faint|p2b: Aerodactyl\n|-enditem|p1a: Sneasler|White Herb\n|-clearnegativeboost|p1a: Sneasler|[silent]\n|move|p2a: Rotom|Electroweb|p1b: Whimsicott|[spread] p1a,p1b\n|-resisted|p1b: Whimsicott|1\n|-damage|p1a: Sneasler|76/100\n|-damage|p1b: Whimsicott|89/100\n|-unboost|p1a: Sneasler|spe|1\n|-unboost|p1b: Whimsicott|spe|1\n|\n|upkeep\n|\n|t:|1776256327\n|switch|p2b: Skarmory|Skarmory, L50, M|100/100\n|turn|3\n|\n|t:|1776256346\n|switch|p1b: Rotom|Rotom-Heat, L50|100/100\n|move|p1a: Sneasler|Close Combat|p2a: Rotom\n|-damage|p2a: Rotom|40/100\n|-unboost|p1a: Sneasler|def|1\n|-unboost|p1a: Sneasler|spd|1\n|move|p2b: Skarmory|Iron Defense|p2b: Skarmory\n|-boost|p2b: Skarmory|def|2\n|move|p2a: Rotom|Overheat|p1b: Rotom\n|-resisted|p1b: Rotom|1\n|-damage|p1b: Rotom|74/100\n|-unboost|p2a: Rotom|spa|2\n|\n|upkeep\n|turn|4\n|\n|t:|1776256368\n|switch|p2a: Basculegion|Basculegion, L50, M|100/100\n|move|p2b: Skarmory|Protect|p2b: Skarmory\n|-singleturn|p2b: Skarmory|Protect\n|move|p1a: Sneasler|Close Combat|p2a: Basculegion\n|-immune|p2a: Basculegion\n|move|p1b: Rotom|Electroweb|p2b: Skarmory|[spread] p2a\n|-activate|p2b: Skarmory|move: Protect\n|-supereffective|p2a: Basculegion|1\n|-damage|p2a: Basculegion|69/100\n|-unboost|p2a: Basculegion|spe|1\n|\n|-sideend|p1: szadek|move: Tailwind\n|upkeep\n|turn|5\n|inactive|DecepcionEn4K has 30 seconds left.\n|\n|t:|1776256394\n|detailschange|p2b: Skarmory|Skarmory-Mega, L50, M\n|-mega|p2b: Skarmory|Skarmory|Skarmorite\n|move|p1a: Sneasler|Dire Claw|p2a: Basculegion\n|-resisted|p2a: Basculegion|1\n|-damage|p2a: Basculegion|41/100\n|move|p2b: Skarmory|Iron Head|p1a: Sneasler\n|-damage|p1a: Sneasler|0 fnt\n|faint|p1a: Sneasler\n|move|p2a: Basculegion|Wave Crash|p1b: Rotom\n|-supereffective|p1b: Rotom|1\n|-damage|p1b: Rotom|0 fnt\n|faint|p1b: Rotom\n|-damage|p2a: Basculegion|22/100|[from] Recoil\n|\n|upkeep\n|\n|t:|1776256409\n|switch|p1a: Floette|Floette-Eternal, L50, F|100/100\n|switch|p1b: Whimsicott|Whimsicott, L50, M|89/100\n|turn|6\n|\n|t:|1776256422\n|switch|p2a: Rotom|Rotom-Heat, L50|40/100\n|detailschange|p1a: Floette|Floette-Mega, L50, F\n|-mega|p1a: Floette|Floette|Floettite\n|-ability|p1a: Floette|Fairy Aura\n|move|p1a: Floette|Protect|p1a: Floette\n|-singleturn|p1a: Floette|Protect\n|move|p1b: Whimsicott|Tailwind|p1b: Whimsicott\n|-sidestart|p1: szadek|move: Tailwind\n|move|p2b: Skarmory|Iron Head|p1b: Whimsicott\n|-supereffective|p1b: Whimsicott|1\n|-damage|p1b: Whimsicott|2/100\n|\n|upkeep\n|turn|7\n|\n|t:|1776256444\n|move|p1b: Whimsicott|Moonblast|p2b: Skarmory\n|-resisted|p2b: Skarmory|1\n|-damage|p2b: Skarmory|83/100\n|move|p1a: Floette|Moonblast|p2b: Skarmory\n|-resisted|p2b: Skarmory|1\n|-damage|p2b: Skarmory|37/100\n|move|p2b: Skarmory|Iron Head|p1a: Floette\n|-supereffective|p1a: Floette|1\n|-damage|p1a: Floette|8/100\n|move|p2a: Rotom|Thunderbolt|p1b: Whimsicott\n|-resisted|p1b: Whimsicott|1\n|-damage|p1b: Whimsicott|0 fnt\n|faint|p1b: Whimsicott\n|\n|upkeep\n|turn|8\n|\n|t:|1776256459\n|move|p1a: Floette|Moonblast|p2b: Skarmory\n|-resisted|p2b: Skarmory|1\n|-damage|p2b: Skarmory|0 fnt\n|faint|p2b: Skarmory\n|move|p2a: Rotom|Thunderbolt|p1a: Floette\n|-damage|p1a: Floette|0 fnt\n|faint|p1a: Floette\n|\n|win|DecepcionEn4K\n|raw|szadek's rating: 1138 &rarr; <strong>1119</strong><br />(-19 for losing)\n|raw|DecepcionEn4K's rating: 1217 &rarr; <strong>1236</strong><br />(+19 for winning)\n|c|\u2606szadek|Gg\n|l|\u2606DecepcionEn4K\n|player|p2|\n",
  "uploadtime": 1776256468,
  "views": 20,
  "formatid": "gen9championsvgc2026regma",
  "rating": 1119,
  "private": 0,
  "password": null
}