{
  "id": "gen9championsvgc2026regma-2584378575",
  "format": "[Gen 9 Champions] VGC 2026 Reg M-A",
  "players": [
    "Diyante",
    "SpareMePlz"
  ],
  "log": "|j|\u2606Diyante\n|j|\u2606SpareMePlz\n|t:|1776256352\n|gametype|doubles\n|player|p1|Diyante|florian-bb|1240\n|player|p2|SpareMePlz|169|1248\n|gen|9\n|tier|[Gen 9 Champions] VGC 2026 Reg M-A\n|rated|\n|rule|Species Clause: Limit one of each Pok\u00e9mon\n|rule|Item Clause: Limit 1 of each item\n|clearpoke\n|poke|p1|Venusaur, L50, M|\n|poke|p1|Alakazam, L50, M|\n|poke|p1|Garchomp, L50, M|\n|poke|p1|Corviknight, L50, F|\n|poke|p1|Milotic, L50, F|\n|poke|p1|Sylveon, L50, F|\n|poke|p2|Talonflame, L50, M|\n|poke|p2|Kingambit, L50, F|\n|poke|p2|Araquanid, L50, F|\n|poke|p2|Sinistcha, L50|\n|poke|p2|Arcanine-Hisui, L50, M|\n|poke|p2|Floette-Eternal, L50, F|\n|teampreview|4\n|\n|t:|1776256386\n|teamsize|p1|4\n|teamsize|p2|4\n|start\n|switch|p1a: Sylveon|Sylveon, L50, F|100/100\n|switch|p1b: Alakazam|Alakazam, L50, M|100/100\n|switch|p2a: Araquanid|Araquanid, L50, F|100/100\n|switch|p2b: Sinistcha|Sinistcha, L50|100/100\n|turn|1\n|\n|t:|1776256405\n|move|p1b: Alakazam|Speed Swap|p2a: Araquanid\n|-activate|p1b: Alakazam|move: Speed Swap|[of] p2a: Araquanid\n|move|p2a: Araquanid|Liquidation|p1b: Alakazam\n|-enditem|p1b: Alakazam|Focus Sash\n|-damage|p1b: Alakazam|1/100\n|move|p1a: Sylveon|Hyper Voice|p2a: Araquanid|[spread] p2a,p2b\n|-damage|p2a: Araquanid|69/100\n|-damage|p2b: Sinistcha|65/100\n|move|p2b: Sinistcha|Trick Room|p2b: Sinistcha\n|-fieldstart|move: Trick Room|[of] p2b: Sinistcha\n|\n|-heal|p2a: Araquanid|75/100|[from] item: Leftovers\n|upkeep\n|turn|2\n|\n|t:|1776256437\n|switch|p2a: Kingambit|Kingambit, L50, F|100/100\n|move|p1b: Alakazam|Reflect|p1b: Alakazam\n|-sidestart|p1: Diyante|Reflect\n|move|p2b: Sinistcha|Matcha Gotcha|p1a: Sylveon|[spread] p1a,p1b\n|-damage|p1a: Sylveon|82/100\n|-heal|p2b: Sinistcha|75/100|[from] drain|[of] p1a: Sylveon\n|-damage|p1b: Alakazam|0 fnt\n|-heal|p2b: Sinistcha|75/100|[from] drain|[of] p1b: Alakazam\n|faint|p1b: Alakazam\n|move|p1a: Sylveon|Hyper Voice|p2b: Sinistcha|[spread] p2a,p2b\n|-damage|p2a: Kingambit|57/100\n|-damage|p2b: Sinistcha|38/100\n|\n|upkeep\n|\n|t:|1776256449\n|switch|p1b: Venusaur|Venusaur, L50, M, shiny|100/100\n|turn|3\n|\n|t:|1776256470\n|detailschange|p1b: Venusaur|Venusaur-Mega, L50, M, shiny\n|-mega|p1b: Venusaur|Venusaur|Venusaurite\n|move|p2a: Kingambit|Protect|p2a: Kingambit\n|-singleturn|p2a: Kingambit|Protect\n|move|p2b: Sinistcha|Life Dew|p2b: Sinistcha|[spread] p2a,p2b\n|-heal|p2a: Kingambit|82/100\n|-heal|p2b: Sinistcha|63/100\n|move|p1a: Sylveon|Hyper Voice|p2b: Sinistcha|[spread] p2b\n|-activate|p2a: Kingambit|move: Protect\n|-damage|p2b: Sinistcha|23/100\n|move|p1b: Venusaur|Earth Power|p2a: Kingambit\n|-activate|p2a: Kingambit|move: Protect\n|\n|upkeep\n|turn|4\n|\n|t:|1776256497\n|move|p2a: Kingambit|Iron Head|p1a: Sylveon\n|-supereffective|p1a: Sylveon|1\n|-enditem|p1a: Sylveon|Babiri Berry|[eat]\n|-enditem|p1a: Sylveon|Babiri Berry|[weaken]\n|-damage|p1a: Sylveon|37/100\n|move|p2b: Sinistcha|Life Dew|p2b: Sinistcha|[spread] p2a,p2b\n|-heal|p2a: Kingambit|100/100\n|-heal|p2b: Sinistcha|48/100\n|cant|p1a: Sylveon|flinch\n|move|p1b: Venusaur|Earth Power|p2a: Kingambit\n|-supereffective|p2a: Kingambit|1\n|-damage|p2a: Kingambit|33/100\n|\n|upkeep\n|turn|5\n|\n|t:|1776256533\n|move|p1a: Sylveon|Protect|p1a: Sylveon\n|-singleturn|p1a: Sylveon|Protect\n|move|p2a: Kingambit|Iron Head|p1b: Venusaur\n|-damage|p1b: Venusaur|74/100\n|move|p2b: Sinistcha|Life Dew|p2b: Sinistcha|[spread] p2a,p2b\n|-heal|p2a: Kingambit|58/100\n|-heal|p2b: Sinistcha|74/100\n|cant|p1b: Venusaur|flinch\n|\n|-fieldend|move: Trick Room\n|upkeep\n|turn|6\n|\n|t:|1776256558\n|move|p2a: Kingambit|Sucker Punch|p1b: Venusaur\n|-damage|p1b: Venusaur|44/100\n|move|p1b: Venusaur|Sludge Bomb|p2b: Sinistcha\n|-damage|p2b: Sinistcha|31/100\n|move|p1a: Sylveon|Hyper Voice|p2b: Sinistcha|[spread] p2a,p2b\n|-crit|p2a: Kingambit\n|-damage|p2a: Kingambit|0 fnt\n|-damage|p2b: Sinistcha|0 fnt\n|faint|p2a: Kingambit\n|faint|p2b: Sinistcha\n|\n|-sideend|p1: Diyante|Reflect\n|upkeep\n|\n|t:|1776256571\n|switch|p2b: Araquanid|Araquanid, L50, F|75/100\n|switch|p2a: Floette|Floette-Eternal, L50, F|100/100\n|turn|7\n|\n|t:|1776256596\n|detailschange|p2a: Floette|Floette-Mega, L50, F\n|-mega|p2a: Floette|Floette|Floettite\n|-ability|p2a: Floette|Fairy Aura\n|move|p1b: Venusaur|Protect|p1b: Venusaur\n|-singleturn|p1b: Venusaur|Protect\n|move|p2a: Floette|Calm Mind|p2a: Floette\n|-boost|p2a: Floette|spa|1\n|-boost|p2a: Floette|spd|1\n|move|p1a: Sylveon|Hyper Voice|p2a: Floette|[spread] p2a,p2b\n|-damage|p2a: Floette|74/100\n|-damage|p2b: Araquanid|34/100\n|move|p2b: Araquanid|Liquidation|p1a: Sylveon\n|-damage|p1a: Sylveon|0 fnt\n|faint|p1a: Sylveon\n|\n|-heal|p2b: Araquanid|39/100|[from] item: Leftovers\n|upkeep\n|\n|t:|1776256607\n|switch|p1a: Milotic|Milotic, L50, F, shiny|100/100\n|turn|8\n|\n|t:|1776256627\n|move|p2a: Floette|Moonblast|p1b: Venusaur\n|-resisted|p1b: Venusaur|1\n|-damage|p1b: Venusaur|0 fnt\n|faint|p1b: Venusaur\n|move|p1a: Milotic|Life Dew||[still]\n|-fail|p1a: Milotic|heal\n|move|p2b: Araquanid|Liquidation|p1a: Milotic\n|-resisted|p1a: Milotic|1\n|-damage|p1a: Milotic|75/100\n|\n|-heal|p2b: Araquanid|45/100|[from] item: Leftovers\n|upkeep\n|turn|9\n|-message|Diyante forfeited.\n|\n|win|SpareMePlz\n|raw|Diyante's rating: 1240 &rarr; <strong>1216</strong><br />(-24 for losing)\n|raw|SpareMePlz's rating: 1248 &rarr; <strong>1272</strong><br />(+24 for winning)\n|l|\u2606Diyante\n|player|p1|\n",
  "uploadtime": 1776256640,
  "views": 24,
  "formatid": "gen9championsvgc2026regma",
  "rating": 1216,
  "private": 0,
  "password": null
}