{
  "id": "gen9championsvgc2026regma-2585050043",
  "format": "[Gen 9 Champions] VGC 2026 Reg M-A",
  "players": [
    "pswolff",
    "Ivyzinha089"
  ],
  "log": "|j|\u2606pswolff\n|j|\u2606Ivyzinha089\n|t:|1776306766\n|gametype|doubles\n|player|p1|pswolff|ethan|1197\n|player|p2|Ivyzinha089|dawn|1220\n|gen|9\n|tier|[Gen 9 Champions] VGC 2026 Reg M-A\n|rated|\n|rule|Species Clause: Limit one of each Pok\u00e9mon\n|rule|Item Clause: Limit 1 of each item\n|clearpoke\n|poke|p1|Charizard, L50, F|\n|poke|p1|Venusaur, L50, M|\n|poke|p1|Incineroar, L50, F|\n|poke|p1|Garchomp, L50, F|\n|poke|p1|Sneasler, L50, M|\n|poke|p1|Basculegion, L50, M|\n|poke|p2|Froslass, L50, F|\n|poke|p2|Sinistcha, L50|\n|poke|p2|Sneasler, L50, M|\n|poke|p2|Garchomp, L50, M|\n|poke|p2|Kingambit, L50, F|\n|poke|p2|Rotom-Wash, L50|\n|teampreview|4\n|inactive|Battle timer is ON: inactive players will automatically lose when time's up. (requested by Ivyzinha089)\n|inactive|Ivyzinha089 has 60 seconds left.\n|\n|t:|1776306809\n|teamsize|p1|4\n|teamsize|p2|4\n|start\n|switch|p1a: Basculegion|Basculegion, L50, M|100/100\n|switch|p1b: Sneasler|Sneasler, L50, M|100/100\n|switch|p2a: Froslass|Froslass, L50, F|100/100\n|switch|p2b: Sneasler|Sneasler, L50, M|100/100\n|turn|1\n|inactive|pswolff has 30 seconds left.\n|\n|t:|1776306838\n|move|p2a: Froslass|Protect|p2a: Froslass\n|-singleturn|p2a: Froslass|Protect\n|move|p2b: Sneasler|Protect|p2b: Sneasler\n|-singleturn|p2b: Sneasler|Protect\n|move|p1b: Sneasler|Upper Hand||[still]\n|-fail|p1b: Sneasler\n|move|p1a: Basculegion|Last Respects|p2a: Froslass\n|-activate|p2a: Froslass|move: Protect\n|\n|upkeep\n|turn|2\n|inactive|Ivyzinha089 has 30 seconds left.\n|inactive|Ivyzinha089 has 20 seconds left.\n|inactive|Ivyzinha089 has 15 seconds left.\n|inactive|Ivyzinha089 has 10 seconds left.\n|\n|t:|1776306887\n|switch|p1b: Charizard|Charizard, L50, F|100/100\n|detailschange|p2a: Froslass|Froslass-Mega, L50, F\n|-mega|p2a: Froslass|Froslass|Froslassite\n|-weather|Snowscape|[from] ability: Snow Warning|[of] p2a: Froslass\n|move|p1a: Basculegion|Last Respects|p2a: Froslass\n|-supereffective|p2a: Froslass|1\n|-damage|p2a: Froslass|29/100\n|move|p2a: Froslass|Shadow Ball|p1a: Basculegion\n|-supereffective|p1a: Basculegion|1\n|-damage|p1a: Basculegion|0 fnt\n|faint|p1a: Basculegion\n|move|p2b: Sneasler|Close Combat|p1b: Charizard\n|-resisted|p1b: Charizard|1\n|-damage|p1b: Charizard|52/100\n|-unboost|p2b: Sneasler|def|1\n|-unboost|p2b: Sneasler|spd|1\n|-enditem|p2b: Sneasler|White Herb\n|-clearnegativeboost|p2b: Sneasler|[silent]\n|\n|-weather|Snowscape|[upkeep]\n|upkeep\n|\n|t:|1776306908\n|switch|p1a: Venusaur|Venusaur, L50, M|100/100\n|turn|3\n|inactive|Ivyzinha089 has 30 seconds left.\n|\n|t:|1776306938\n|switch|p2a: Rotom|Rotom-Wash, L50|100/100\n|detailschange|p1b: Charizard|Charizard-Mega-Y, L50, F\n|-mega|p1b: Charizard|Charizard|Charizardite Y\n|-weather|SunnyDay|[from] ability: Drought|[of] p1b: Charizard\n|move|p2b: Sneasler|Dire Claw|p1a: Venusaur\n|-damage|p1a: Venusaur|42/100\n|move|p1a: Venusaur|Earth Power|p2b: Sneasler\n|-supereffective|p2b: Sneasler|1\n|-damage|p2b: Sneasler|18/100\n|-unboost|p2b: Sneasler|spd|1\n|move|p1b: Charizard|Heat Wave|p2a: Rotom|[spread] p2a,p2b\n|-resisted|p2a: Rotom|1\n|-crit|p2b: Sneasler\n|-damage|p2a: Rotom|55/100\n|-damage|p2b: Sneasler|0 fnt\n|faint|p2b: Sneasler\n|\n|-weather|SunnyDay|[upkeep]\n|upkeep\n|\n|t:|1776306954\n|switch|p2b: Froslass|Froslass-Mega, L50, F|29/100\n|-weather|Snowscape|[from] ability: Snow Warning|[of] p2b: Froslass\n|turn|4\n|inactive|pswolff has 30 seconds left.\n|\n|t:|1776306985\n|switch|p1b: Sneasler|Sneasler, L50, M|100/100\n|move|p2a: Rotom|Thunderbolt|p1b: Sneasler\n|-crit|p1b: Sneasler\n|-damage|p1b: Sneasler|13/100\n|move|p2b: Froslass|Blizzard|p1a: Venusaur|[spread] p1a,p1b\n|-supereffective|p1a: Venusaur|1\n|-damage|p1a: Venusaur|0 fnt\n|-damage|p1b: Sneasler|0 fnt\n|faint|p1a: Venusaur\n|faint|p1b: Sneasler\n|\n|-weather|Snowscape|[upkeep]\n|upkeep\n|\n|t:|1776307001\n|switch|p1b: Charizard|Charizard-Mega-Y, L50, F|52/100\n|-weather|SunnyDay|[from] ability: Drought|[of] p1b: Charizard\n|turn|5\n|\n|t:|1776307006\n|move|p2a: Rotom|Thunderbolt|p1b: Charizard\n|-supereffective|p1b: Charizard|1\n|-damage|p1b: Charizard|0 fnt\n|faint|p1b: Charizard\n|\n|win|Ivyzinha089\n|raw|pswolff's rating: 1197 &rarr; <strong>1174</strong><br />(-23 for losing)\n|raw|Ivyzinha089's rating: 1220 &rarr; <strong>1243</strong><br />(+23 for winning)\n|l|\u2606pswolff\n|player|p1|\n",
  "uploadtime": 1776307050,
  "views": 41,
  "formatid": "gen9championsvgc2026regma",
  "rating": 1174,
  "private": 0,
  "password": null
}