{
  "id": "gen9championsvgc2026regma-2581024941",
  "format": "[Gen 9 Champions] VGC 2026 Reg M-A",
  "players": [
    "Kibadda12345",
    "fenrey007"
  ],
  "log": "|j|\u2606Kibadda12345\n|j|\u2606fenrey007\n|t:|1775952816\n|gametype|doubles\n|player|p1|Kibadda12345|ingo|1153\n|player|p2|fenrey007|brock|1190\n|gen|9\n|tier|[Gen 9 Champions] VGC 2026 Reg M-A\n|rated|\n|rule|Species Clause: Limit one of each Pok\u00e9mon\n|rule|Item Clause: Limit 1 of each item\n|clearpoke\n|poke|p1|Torkoal, L50, F|\n|poke|p1|Oranguru, L50, M|\n|poke|p1|Armarouge, L50, F|\n|poke|p1|Hatterene, L50, F|\n|poke|p1|Camerupt, L50, M|\n|poke|p1|Sinistcha, L50|\n|poke|p2|Incineroar, L50, M|\n|poke|p2|Sinistcha, L50|\n|poke|p2|Tyranitar, L50, F|\n|poke|p2|Kingambit, L50, M|\n|poke|p2|Kommo-o, L50, M|\n|poke|p2|Gengar, L50, M|\n|teampreview|4\n|inactive|Battle timer is ON: inactive players will automatically lose when time's up. (requested by fenrey007)\n|inactive|fenrey007 has 60 seconds left.\n|\n|t:|1775952861\n|teamsize|p1|4\n|teamsize|p2|4\n|start\n|switch|p1a: Camerupt|Camerupt, L50, M|100/100\n|switch|p1b: Oranguru|Oranguru, L50, M|100/100\n|switch|p2a: Tyranitar|Tyranitar, L50, F|100/100\n|switch|p2b: Kingambit|Kingambit, L50, M|100/100\n|-weather|Sandstorm|[from] ability: Sand Stream|[of] p2a: Tyranitar\n|turn|1\n|\n|t:|1775952880\n|detailschange|p1a: Camerupt|Camerupt-Mega, L50, M\n|-mega|p1a: Camerupt|Camerupt|Cameruptite\n|move|p2b: Kingambit|Sucker Punch|p1a: Camerupt\n|-damage|p1a: Camerupt|59/100\n|move|p2a: Tyranitar|Rock Slide|p1a: Camerupt|[spread] p1a,p1b\n|-damage|p1a: Camerupt|30/100\n|-damage|p1b: Oranguru|78/100\n|move|p1a: Camerupt|Earth Power|p2a: Tyranitar\n|-supereffective|p2a: Tyranitar|1\n|-crit|p2a: Tyranitar\n|-damage|p2a: Tyranitar|0 fnt\n|faint|p2a: Tyranitar\n|move|p1b: Oranguru|Trick Room|p1b: Oranguru\n|-fieldstart|move: Trick Room|[of] p1b: Oranguru\n|\n|-weather|Sandstorm|[upkeep]\n|-damage|p1b: Oranguru|72/100|[from] Sandstorm\n|upkeep\n|\n|t:|1775952895\n|switch|p2a: Kommo-o|Kommo-o, L50, M|100/100\n|turn|2\n|\n|t:|1775952912\n|switch|p1a: Torkoal|Torkoal, L50, F|100/100\n|-weather|SunnyDay|[from] ability: Drought|[of] p1a: Torkoal\n|move|p1b: Oranguru|Protect|p1b: Oranguru\n|-singleturn|p1b: Oranguru|Protect\n|move|p2b: Kingambit|Sucker Punch||[still]\n|-fail|p2b: Kingambit\n|move|p2a: Kommo-o|Clangorous Soul|p2a: Kommo-o\n|-boost|p2a: Kommo-o|atk|1\n|-boost|p2a: Kommo-o|def|1\n|-boost|p2a: Kommo-o|spa|1\n|-boost|p2a: Kommo-o|spd|1\n|-boost|p2a: Kommo-o|spe|1\n|-damage|p2a: Kommo-o|68/100\n|\n|-weather|SunnyDay|[upkeep]\n|-heal|p2a: Kommo-o|73/100|[from] item: Leftovers\n|upkeep\n|turn|3\n|inactive|Kibadda12345 has 30 seconds left.\n|\n|t:|1775952945\n|move|p2a: Kommo-o|Protect|p2a: Kommo-o\n|-singleturn|p2a: Kommo-o|Protect\n|move|p2b: Kingambit|Sucker Punch|p1a: Torkoal\n|-damage|p1a: Torkoal|67/100\n|move|p1a: Torkoal|Heat Wave|p2b: Kingambit|[spread] p2b\n|-activate|p2a: Kommo-o|move: Protect\n|-supereffective|p2b: Kingambit|1\n|-damage|p2b: Kingambit|0 fnt\n|faint|p2b: Kingambit\n|move|p1b: Oranguru|Encore|p2a: Kommo-o\n|-activate|p2a: Kommo-o|move: Protect\n|\n|-weather|SunnyDay|[upkeep]\n|-heal|p2a: Kommo-o|79/100|[from] item: Leftovers\n|upkeep\n|\n|t:|1775952958\n|switch|p2b: Gengar|Gengar, L50, M|100/100\n|turn|4\n|\n|t:|1775952975\n|detailschange|p2b: Gengar|Gengar-Mega, L50, M\n|-mega|p2b: Gengar|Gengar|Gengarite\n|move|p1a: Torkoal|Eruption|p2b: Gengar|[spread] p2a,p2b\n|-resisted|p2a: Kommo-o|1\n|-damage|p2a: Kommo-o|58/100\n|-damage|p2b: Gengar|41/100\n|move|p1b: Oranguru|Encore|p2a: Kommo-o\n|-start|p2a: Kommo-o|Encore\n|move|p2a: Kommo-o|Protect||[still]\n|-fail|p2a: Kommo-o\n|move|p2b: Gengar|Shadow Ball|p1a: Torkoal\n|-damage|p1a: Torkoal|12/100\n|\n|-weather|SunnyDay|[upkeep]\n|-heal|p2a: Kommo-o|64/100|[from] item: Leftovers\n|upkeep\n|turn|5\n|inactive|Kibadda12345 has 30 seconds left.\n|inactive|Kibadda12345 has 20 seconds left.\n|\n|t:|1775953015\n|move|p1b: Oranguru|Protect|p1b: Oranguru\n|-singleturn|p1b: Oranguru|Protect\n|move|p2b: Gengar|Protect|p2b: Gengar\n|-singleturn|p2b: Gengar|Protect\n|move|p2a: Kommo-o|Protect|p2a: Kommo-o\n|-singleturn|p2a: Kommo-o|Protect\n|move|p1a: Torkoal|Heat Wave|p2b: Gengar|[spread] \n|-activate|p2a: Kommo-o|move: Protect\n|-activate|p2b: Gengar|move: Protect\n|\n|-weather|SunnyDay|[upkeep]\n|-heal|p2a: Kommo-o|70/100|[from] item: Leftovers\n|-fieldend|move: Trick Room\n|upkeep\n|turn|6\n|\n|t:|1775953030\n|move|p2a: Kommo-o|Protect||[still]\n|-fail|p2a: Kommo-o\n|move|p2b: Gengar|Shadow Ball|p1a: Torkoal\n|-damage|p1a: Torkoal|0 fnt\n|faint|p1a: Torkoal\n|move|p1b: Oranguru|Trick Room|p1b: Oranguru\n|-fieldstart|move: Trick Room|[of] p1b: Oranguru\n|\n|-weather|none\n|-heal|p2a: Kommo-o|75/100|[from] item: Leftovers\n|-end|p2a: Kommo-o|Encore\n|upkeep\n|\n|t:|1775953036\n|switch|p1a: Camerupt|Camerupt-Mega, L50, M|30/100\n|turn|7\n|\n|t:|1775953049\n|move|p1a: Camerupt|Earth Power|p2b: Gengar\n|-supereffective|p2b: Gengar|1\n|-damage|p2b: Gengar|0 fnt\n|faint|p2b: Gengar\n|move|p1b: Oranguru|Encore|p2a: Kommo-o\n|-start|p2a: Kommo-o|Encore\n|move|p2a: Kommo-o|Protect|p2a: Kommo-o\n|-singleturn|p2a: Kommo-o|Protect\n|\n|-heal|p2a: Kommo-o|81/100|[from] item: Leftovers\n|upkeep\n|turn|8\n|-message|fenrey007 forfeited.\n|\n|win|Kibadda12345\n|raw|Kibadda12345's rating: 1153 &rarr; <strong>1181</strong><br />(+28 for winning)\n|raw|fenrey007's rating: 1190 &rarr; <strong>1162</strong><br />(-28 for losing)\n|l|\u2606fenrey007\n|player|p2|\n",
  "uploadtime": 1775953059,
  "views": 13,
  "formatid": "gen9championsvgc2026regma",
  "rating": 1162,
  "private": 0,
  "password": null
}