{
  "id": "gen9championsvgc2026regma-2583633278",
  "format": "[Gen 9 Champions] VGC 2026 Reg M-A",
  "players": [
    "ActualRandomizer",
    "pedroar"
  ],
  "log": "|j|\u2606ActualRandomizer\n|j|\u2606pedroar\n|t:|1776187756\n|gametype|doubles\n|player|p1|ActualRandomizer|skier|1074\n|player|p2|pedroar|1|1002\n|gen|9\n|tier|[Gen 9 Champions] VGC 2026 Reg M-A\n|rated|\n|rule|Species Clause: Limit one of each Pok\u00e9mon\n|rule|Item Clause: Limit 1 of each item\n|clearpoke\n|poke|p1|Aurorus, L50, F|\n|poke|p1|Emolga, L50, M|\n|poke|p1|Castform, L50, M|\n|poke|p1|Pangoro, L50, F|\n|poke|p1|Diggersby, L50, F|\n|poke|p1|Pidgeot, L50, M|\n|poke|p2|Altaria, L50, F|\n|poke|p2|Umbreon, L50, F|\n|poke|p2|Rotom-Heat, L50|\n|poke|p2|Excadrill, L50, F|\n|poke|p2|Whimsicott, L50, F|\n|poke|p2|Gengar, L50, F|\n|teampreview|4\n|\n|t:|1776187799\n|teamsize|p1|4\n|teamsize|p2|4\n|start\n|switch|p1a: Pidgeot|Pidgeot, L50, M|100/100\n|switch|p1b: Pangoro|Pangoro, L50, F|100/100\n|switch|p2a: Altaria|Altaria, L50, F|100/100\n|switch|p2b: Umbreon|Umbreon, L50, F|100/100\n|-ability|p2a: Altaria|Cloud Nine\n|turn|1\n|\n|t:|1776187810\n|detailschange|p1a: Pidgeot|Pidgeot-Mega, L50, M\n|-mega|p1a: Pidgeot|Pidgeot|Pidgeotite\n|detailschange|p2a: Altaria|Altaria-Mega, L50, F\n|-mega|p2a: Altaria|Altaria|Altarianite\n|move|p1a: Pidgeot|Tailwind|p1a: Pidgeot\n|-sidestart|p1: ActualRandomizer|move: Tailwind\n|move|p1b: Pangoro|Close Combat|p2b: Umbreon\n|-supereffective|p2b: Umbreon|1\n|-damage|p2b: Umbreon|0 fnt\n|-unboost|p1b: Pangoro|def|1\n|-unboost|p1b: Pangoro|spd|1\n|faint|p2b: Umbreon\n|move|p2a: Altaria|Dragon Dance|p2a: Altaria\n|-boost|p2a: Altaria|atk|1\n|-boost|p2a: Altaria|spe|1\n|\n|upkeep\n|\n|t:|1776187820\n|switch|p2b: Rotom|Rotom-Heat, L50|100/100\n|turn|2\n|\n|t:|1776187827\n|move|p1a: Pidgeot|Hurricane|p2a: Altaria\n|-damage|p2a: Altaria|36/100\n|move|p2a: Altaria|Double-Edge|p1b: Pangoro\n|-supereffective|p1b: Pangoro|2\n|-damage|p1b: Pangoro|0 fnt\n|faint|p1b: Pangoro\n|-damage|p2a: Altaria|0 fnt|[from] Recoil\n|faint|p2a: Altaria\n|move|p2b: Rotom|Volt Switch|p1a: Pidgeot\n|-supereffective|p1a: Pidgeot|1\n|-damage|p1a: Pidgeot|21/100\n|\n|t:|1776187836\n|switch|p2b: Excadrill|Excadrill, L50, F|100/100|[from] Volt Switch\n|-ability|p2b: Excadrill|Mold Breaker\n|\n|upkeep\n|\n|t:|1776187840\n|switch|p2a: Rotom|Rotom-Heat, L50|100/100\n|switch|p1b: Emolga|Emolga, L50, M|100/100\n|turn|3\n|\n|t:|1776187849\n|move|p1b: Emolga|Protect|p1b: Emolga\n|-singleturn|p1b: Emolga|Protect\n|move|p1a: Pidgeot|Hurricane|p2b: Excadrill\n|-resisted|p2b: Excadrill|1\n|-damage|p2b: Excadrill|63/100\n|move|p2b: Excadrill|Rock Slide|p1b: Emolga|[spread] p1a\n|-activate|p1b: Emolga|move: Protect\n|-supereffective|p1a: Pidgeot|1\n|-damage|p1a: Pidgeot|0 fnt\n|faint|p1a: Pidgeot\n|move|p2a: Rotom|Hyper Voice|p1b: Emolga\n|-activate|p1b: Emolga|move: Protect\n|\n|upkeep\n|\n|t:|1776187857\n|switch|p1a: Aurorus|Aurorus, L50, F|100/100\n|turn|4\n|\n|t:|1776187865\n|move|p1b: Emolga|Round|p2a: Rotom\n|-damage|p2a: Rotom|82/100\n|move|p1a: Aurorus|Round|p2b: Excadrill|[from] move: Round\n|-damage|p2b: Excadrill|0 fnt\n|faint|p2b: Excadrill\n|move|p2a: Rotom|Overheat|p1a: Aurorus\n|-damage|p1a: Aurorus|50/100\n|-unboost|p2a: Rotom|spa|2\n|-enditem|p2a: Rotom|White Herb\n|-clearnegativeboost|p2a: Rotom|[silent]\n|\n|-sideend|p1: ActualRandomizer|move: Tailwind\n|upkeep\n|turn|5\n|\n|t:|1776187877\n|move|p1b: Emolga|Round|p2a: Rotom\n|-damage|p2a: Rotom|63/100\n|move|p1a: Aurorus|Round|p2a: Rotom|[from] move: Round\n|-resisted|p2a: Rotom|1\n|-damage|p2a: Rotom|5/100\n|move|p2a: Rotom|Overheat|p1a: Aurorus\n|-damage|p1a: Aurorus|0 fnt\n|-unboost|p2a: Rotom|spa|2\n|faint|p1a: Aurorus\n|\n|upkeep\n|turn|6\n|-message|pedroar forfeited.\n|\n|win|ActualRandomizer\n|raw|ActualRandomizer's rating: 1074 &rarr; <strong>1097</strong><br />(+23 for winning)\n|raw|pedroar's rating: 1002 &rarr; <strong>1000</strong><br />(-2 for losing)\n|l|\u2606pedroar\n|player|p2|\n",
  "uploadtime": 1776187889,
  "views": 13,
  "formatid": "gen9championsvgc2026regma",
  "rating": 1000,
  "private": 0,
  "password": null
}