{
  "id": "gen9championsvgc2026regma-2581599371",
  "format": "[Gen 9 Champions] VGC 2026 Reg M-A",
  "players": [
    "Hadalbas",
    "Carlinhosadl"
  ],
  "log": "|j|\u2606Hadalbas\n|j|\u2606Carlinhosadl\n|t:|1776014067\n|gametype|doubles\n|player|p1|Hadalbas|iris-gen5bw2|1049\n|player|p2|Carlinhosadl|cynthia-gen4|1135\n|gen|9\n|tier|[Gen 9 Champions] VGC 2026 Reg M-A\n|rated|\n|rule|Species Clause: Limit one of each Pok\u00e9mon\n|rule|Item Clause: Limit 1 of each item\n|clearpoke\n|poke|p1|Pelipper, L50, F|\n|poke|p1|Archaludon, L50, F|\n|poke|p1|Floette-Eternal, L50, F|\n|poke|p1|Sinistcha, L50|\n|poke|p1|Incineroar, L50, F|\n|poke|p1|Meganium, L50, M|\n|poke|p2|Meowstic, L50, M|\n|poke|p2|Corviknight, L50, F|\n|poke|p2|Garchomp, L50, M|\n|poke|p2|Basculegion, L50, M|\n|poke|p2|Froslass, L50, F|\n|poke|p2|Volcarona, L50, F|\n|teampreview|4\n|inactive|Battle timer is ON: inactive players will automatically lose when time's up. (requested by Carlinhosadl)\n|inactive|Hadalbas also wants the timer to be on.\n|inactive|Carlinhosadl has 60 seconds left.\n|\n|t:|1776014100\n|teamsize|p1|4\n|teamsize|p2|4\n|start\n|switch|p1a: Pelipper|Pelipper, L50, F|100/100\n|switch|p1b: Archaludon|Archaludon, L50, F|100/100\n|switch|p2a: Volcarona|Volcarona, L50, F|100/100\n|switch|p2b: Corviknight|Corviknight, L50, F|100/100\n|-weather|RainDance|[from] ability: Drizzle|[of] p1a: Pelipper\n|turn|1\n|inactive|Hadalbas has 30 seconds left.\n|inactive|Hadalbas has 20 seconds left.\n|\n|t:|1776014138\n|move|p1b: Archaludon|Electro Shot||[still]\n|-prepare|p1b: Archaludon|Electro Shot\n|-boost|p1b: Archaludon|spa|1\n|-anim|p1b: Archaludon|Electro Shot|p2b: Corviknight\n|-supereffective|p2b: Corviknight|1\n|-damage|p2b: Corviknight|0 fnt\n|faint|p2b: Corviknight\n|move|p2a: Volcarona|Quiver Dance|p2a: Volcarona\n|-boost|p2a: Volcarona|spa|1\n|-boost|p2a: Volcarona|spd|1\n|-boost|p2a: Volcarona|spe|1\n|move|p1a: Pelipper|Tailwind|p1a: Pelipper\n|-sidestart|p1: Hadalbas|move: Tailwind\n|\n|-weather|RainDance|[upkeep]\n|upkeep\n|inactive|Carlinhosadl has 30 seconds left.\n|\n|t:|1776014163\n|switch|p2b: Garchomp|Garchomp, L50, M|100/100\n|turn|2\n|\n|t:|1776014185\n|move|p1b: Archaludon|Draco Meteor|p2b: Garchomp\n|-supereffective|p2b: Garchomp|1\n|-enditem|p2b: Garchomp|Haban Berry|[eat]\n|-enditem|p2b: Garchomp|Haban Berry|[weaken]\n|-damage|p2b: Garchomp|0 fnt\n|-unboost|p1b: Archaludon|spa|2\n|faint|p2b: Garchomp\n|-enditem|p1b: Archaludon|White Herb\n|-clearnegativeboost|p1b: Archaludon|[silent]\n|move|p1a: Pelipper|Hurricane|p2a: Volcarona\n|-supereffective|p2a: Volcarona|1\n|-damage|p2a: Volcarona|41/100\n|move|p2a: Volcarona|Quiver Dance|p2a: Volcarona\n|-boost|p2a: Volcarona|spa|1\n|-boost|p2a: Volcarona|spd|1\n|-boost|p2a: Volcarona|spe|1\n|\n|-weather|RainDance|[upkeep]\n|upkeep\n|\n|t:|1776014200\n|switch|p2b: Froslass|Froslass, L50, F|100/100\n|turn|3\n|\n|t:|1776014217\n|detailschange|p2b: Froslass|Froslass-Mega, L50, F\n|-mega|p2b: Froslass|Froslass|Froslassite\n|-weather|Snowscape|[from] ability: Snow Warning|[of] p2b: Froslass\n|move|p1b: Archaludon|Electro Shot||[still]\n|-prepare|p1b: Archaludon|Electro Shot\n|-boost|p1b: Archaludon|spa|1\n|move|p2a: Volcarona|Heat Wave|p1b: Archaludon|[spread] p1a,p1b\n|-resisted|p1a: Pelipper|1\n|-crit|p1a: Pelipper\n|-damage|p1a: Pelipper|23/100\n|-damage|p1b: Archaludon|0 fnt\n|faint|p1b: Archaludon\n|move|p2b: Froslass|Blizzard|p1a: Pelipper\n|-damage|p1a: Pelipper|0 fnt\n|faint|p1a: Pelipper\n|\n|-weather|Snowscape|[upkeep]\n|upkeep\n|\n|t:|1776014230\n|switch|p1b: Floette|Floette-Eternal, L50, F|100/100\n|switch|p1a: Incineroar|Incineroar, L50, F|100/100\n|-ability|p1a: Incineroar|Intimidate|boost\n|-unboost|p2a: Volcarona|atk|1\n|-unboost|p2b: Froslass|atk|1\n|turn|4\n|\n|t:|1776014244\n|detailschange|p1b: Floette|Floette-Mega, L50, F\n|-mega|p1b: Floette|Floette|Floettite\n|-ability|p1b: Floette|Fairy Aura\n|move|p2a: Volcarona|Protect|p2a: Volcarona\n|-singleturn|p2a: Volcarona|Protect\n|move|p2b: Froslass|Protect|p2b: Froslass\n|-singleturn|p2b: Froslass|Protect\n|move|p1a: Incineroar|Fake Out|p2a: Volcarona\n|-activate|p2a: Volcarona|move: Protect\n|move|p1b: Floette|Moonblast|p2b: Froslass\n|-activate|p2b: Froslass|move: Protect\n|\n|-weather|Snowscape|[upkeep]\n|-sideend|p1: Hadalbas|move: Tailwind\n|upkeep\n|turn|5\n|\n|t:|1776014268\n|move|p2a: Volcarona|Heat Wave|p1a: Incineroar|[spread] p1a,p1b\n|-resisted|p1a: Incineroar|1\n|-damage|p1a: Incineroar|69/100\n|-damage|p1b: Floette|40/100\n|move|p2b: Froslass|Blizzard|p1a: Incineroar|[spread] p1a,p1b\n|-resisted|p1a: Incineroar|1\n|-damage|p1a: Incineroar|51/100\n|-damage|p1b: Floette|7/100\n|move|p1b: Floette|Psychic|p2a: Volcarona\n|-damage|p2a: Volcarona|23/100\n|move|p1a: Incineroar|Snarl|p2b: Froslass|[spread] p2a,p2b\n|-supereffective|p2b: Froslass|1\n|-damage|p2a: Volcarona|18/100\n|-damage|p2b: Froslass|75/100\n|-unboost|p2a: Volcarona|spa|1\n|-unboost|p2b: Froslass|spa|1\n|\n|-weather|Snowscape|[upkeep]\n|upkeep\n|turn|6\n|\n|t:|1776014291\n|move|p1b: Floette|Protect|p1b: Floette\n|-singleturn|p1b: Floette|Protect\n|move|p2a: Volcarona|Bug Buzz|p1b: Floette\n|-activate|p1b: Floette|move: Protect\n|move|p2b: Froslass|Blizzard|p1b: Floette|[spread] p1a\n|-activate|p1b: Floette|move: Protect\n|-resisted|p1a: Incineroar|1\n|-damage|p1a: Incineroar|40/100\n|-enditem|p1a: Incineroar|Sitrus Berry|[eat]\n|-heal|p1a: Incineroar|65/100|[from] item: Sitrus Berry\n|move|p1a: Incineroar|Snarl|p2a: Volcarona|[spread] p2a,p2b\n|-supereffective|p2b: Froslass|1\n|-damage|p2a: Volcarona|13/100\n|-damage|p2b: Froslass|46/100\n|-unboost|p2a: Volcarona|spa|1\n|-unboost|p2b: Froslass|spa|1\n|\n|-weather|Snowscape|[upkeep]\n|upkeep\n|turn|7\n|\n|t:|1776014309\n|move|p1b: Floette|Protect|p1b: Floette\n|-singleturn|p1b: Floette|Protect\n|move|p2a: Volcarona|Bug Buzz|p1b: Floette\n|-activate|p1b: Floette|move: Protect\n|move|p2b: Froslass|Nasty Plot|p2b: Froslass\n|-boost|p2b: Froslass|spa|2\n|move|p1a: Incineroar|Snarl|p2a: Volcarona|[spread] p2a,p2b\n|-supereffective|p2b: Froslass|1\n|-damage|p2a: Volcarona|8/100\n|-damage|p2b: Froslass|18/100\n|-unboost|p2a: Volcarona|spa|1\n|-unboost|p2b: Froslass|spa|1\n|\n|-weather|none\n|upkeep\n|turn|8\n|\n|t:|1776014331\n|move|p2a: Volcarona|Heat Wave|p1b: Floette|[spread] p1a,p1b\n|-resisted|p1a: Incineroar|1\n|-damage|p1a: Incineroar|55/100\n|-damage|p1b: Floette|0 fnt\n|faint|p1b: Floette\n|move|p2b: Froslass|Blizzard|p1a: Incineroar\n|-resisted|p1a: Incineroar|1\n|-damage|p1a: Incineroar|38/100\n|move|p1a: Incineroar|Snarl|p2a: Volcarona|[spread] p2a,p2b\n|-supereffective|p2b: Froslass|1\n|-damage|p2a: Volcarona|3/100\n|-damage|p2b: Froslass|0 fnt\n|-unboost|p2a: Volcarona|spa|1\n|faint|p2b: Froslass\n|\n|upkeep\n|turn|9\n|\n|t:|1776014343\n|move|p2a: Volcarona|Bug Buzz|p1a: Incineroar\n|-damage|p1a: Incineroar|17/100\n|-unboost|p1a: Incineroar|spd|1\n|move|p1a: Incineroar|Flare Blitz|p2a: Volcarona\n|-damage|p2a: Volcarona|0 fnt\n|-immune|p1a: Incineroar\n|faint|p2a: Volcarona\n|-damage|p1a: Incineroar|17/100|[from] Recoil\n|\n|win|Hadalbas\n|raw|Hadalbas's rating: 1049 &rarr; <strong>1090</strong><br />(+41 for winning)\n|raw|Carlinhosadl's rating: 1135 &rarr; <strong>1104</strong><br />(-31 for losing)\n|l|\u2606Carlinhosadl\n|player|p2|\n",
  "uploadtime": 1776014355,
  "views": 15,
  "formatid": "gen9championsvgc2026regma",
  "rating": 1090,
  "private": 0,
  "password": null
}