{
  "id": "gen9championsvgc2026regma-2587825600",
  "format": "[Gen 9 Champions] VGC 2026 Reg M-A",
  "players": [
    "mangoat007",
    "karmapolicevgc"
  ],
  "log": "|j|\u2606mangoat007\n|j|\u2606karmapolicevgc\n|t:|1776567890\n|gametype|doubles\n|player|p1|mangoat007|scientistf|1426\n|player|p2|karmapolicevgc|li|1516\n|gen|9\n|tier|[Gen 9 Champions] VGC 2026 Reg M-A\n|rated|\n|rule|Species Clause: Limit one of each Pok\u00e9mon\n|rule|Item Clause: Limit 1 of each item\n|clearpoke\n|poke|p1|Tyranitar, L50, M, shiny|\n|poke|p1|Gengar, L50, F, shiny|\n|poke|p1|Excadrill, L50, M, shiny|\n|poke|p1|Hydreigon, L50, M, shiny|\n|poke|p1|Incineroar, L50, M, shiny|\n|poke|p1|Corviknight, L50, M, shiny|\n|poke|p2|Scovillain, L50, M|\n|poke|p2|Araquanid, L50, M|\n|poke|p2|Sylveon, L50, F|\n|poke|p2|Milotic, L50, M|\n|poke|p2|Sneasler, L50, F|\n|poke|p2|Farigiraf, L50, M|\n|teampreview|4\n|l|\u2606mangoat007\n|player|p1|\n|inactive|Battle timer is ON: inactive players will automatically lose when time's up. (requested by karmapolicevgc)\n|j|\u2606mangoat007\n|inactive|mangoat007 reconnected and has 85 seconds left.\n|player|p1|mangoat007|scientistf|\n|inactive|mangoat007 has 60 seconds left.\n|\n|t:|1776567966\n|teamsize|p1|4\n|teamsize|p2|4\n|start\n|switch|p1a: Tiamat|Gengar, L50, F, shiny|100/100\n|switch|p1b: Rodan|Corviknight, L50, M, shiny|100/100\n|switch|p2a: Scovillain|Scovillain, L50, M|100/100\n|switch|p2b: Farigiraf|Farigiraf, L50, M|100/100\n|turn|1\n|inactive|mangoat007 has 30 seconds left.\n|\n|t:|1776567993\n|detailschange|p1a: Tiamat|Gengar-Mega, L50, F, shiny\n|-mega|p1a: Tiamat|Gengar|Gengarite\n|detailschange|p2a: Scovillain|Scovillain-Mega, L50, M\n|-mega|p2a: Scovillain|Scovillain|Scovillainite\n|move|p1a: Tiamat|Sludge Bomb|p2a: Scovillain\n|-supereffective|p2a: Scovillain|1\n|-damage|p2a: Scovillain|5/100\n|-status|p1a: Tiamat|brn|[from] ability: Spicy Spray|[of] p2a: Scovillain\n|move|p2a: Scovillain|Overheat|p1b: Rodan\n|-supereffective|p1b: Rodan|1\n|-damage|p1b: Rodan|1/100\n|-unboost|p2a: Scovillain|spa|2\n|move|p1b: Rodan|Bulk Up|p1b: Rodan\n|-boost|p1b: Rodan|atk|1\n|-boost|p1b: Rodan|def|1\n|move|p2b: Farigiraf|Trick Room|p2b: Farigiraf\n|-fieldstart|move: Trick Room|[of] p2b: Farigiraf\n|\n|-heal|p1b: Rodan|7/100|[from] item: Leftovers\n|-damage|p1a: Tiamat|94/100 brn|[from] brn\n|upkeep\n|turn|2\n|inactive|mangoat007 has 30 seconds left.\n|\n|t:|1776568026\n|switch|p1b: Gojira|Tyranitar, L50, M, shiny|100/100\n|-weather|Sandstorm|[from] ability: Sand Stream|[of] p1b: Gojira\n|move|p1a: Tiamat|Protect|p1a: Tiamat\n|-singleturn|p1a: Tiamat|Protect\n|move|p2b: Farigiraf|Twin Beam|p1a: Tiamat\n|-activate|p1a: Tiamat|move: Protect\n|move|p2a: Scovillain|Overheat|p1b: Gojira\n|-resisted|p1b: Gojira|1\n|-damage|p1b: Gojira|92/100\n|-unboost|p2a: Scovillain|spa|2\n|\n|-weather|Sandstorm|[upkeep]\n|-damage|p2b: Farigiraf|94/100|[from] Sandstorm\n|-damage|p2a: Scovillain|0 fnt|[from] Sandstorm\n|-damage|p1a: Tiamat|88/100 brn|[from] Sandstorm\n|faint|p2a: Scovillain\n|-damage|p1a: Tiamat|82/100 brn|[from] brn\n|upkeep\n|\n|t:|1776568034\n|switch|p2a: Araquanid|Araquanid, L50, M|100/100\n|turn|3\n|inactive|mangoat007 has 30 seconds left.\n|\n|t:|1776568066\n|switch|p1a: Rodan|Corviknight, L50, M, shiny|7/100\n|move|p2a: Araquanid|Liquidation|p1a: Rodan\n|-damage|p1a: Rodan|0 fnt\n|faint|p1a: Rodan\n|move|p2b: Farigiraf|Hyper Voice|p1b: Gojira\n|-resisted|p1b: Gojira|1\n|-damage|p1b: Gojira|83/100\n|move|p1b: Gojira|Knock Off|p2b: Farigiraf\n|-supereffective|p2b: Farigiraf|1\n|-damage|p2b: Farigiraf|0 fnt\n|-enditem|p2b: Farigiraf|Sitrus Berry|[from] move: Knock Off|[of] p1b: Gojira\n|faint|p2b: Farigiraf\n|\n|-weather|Sandstorm|[upkeep]\n|-damage|p2a: Araquanid|95/100|[from] Sandstorm\n|upkeep\n|inactive|mangoat007 has 30 seconds left.\n|inactive|mangoat007 has 20 seconds left.\n|\n|t:|1776568102\n|switch|p2b: Sneasler|Sneasler, L50, F|100/100\n|switch|p1a: Biolante|Excadrill, L50, M, shiny|100/100\n|turn|4\n|\n|t:|1776568125\n|move|p1b: Gojira|Protect|p1b: Gojira\n|-singleturn|p1b: Gojira|Protect\n|move|p2a: Araquanid|Liquidation|p1a: Biolante\n|-supereffective|p1a: Biolante|1\n|-enditem|p1a: Biolante|Focus Sash\n|-damage|p1a: Biolante|1/100\n|move|p2b: Sneasler|Close Combat|p1a: Biolante\n|-supereffective|p1a: Biolante|1\n|-damage|p1a: Biolante|0 fnt\n|-unboost|p2b: Sneasler|def|1\n|-unboost|p2b: Sneasler|spd|1\n|faint|p1a: Biolante\n|-enditem|p2b: Sneasler|White Herb\n|-clearnegativeboost|p2b: Sneasler|[silent]\n|\n|-weather|Sandstorm|[upkeep]\n|-damage|p2a: Araquanid|89/100|[from] Sandstorm\n|-damage|p2b: Sneasler|95/100|[from] Sandstorm\n|upkeep\n|\n|t:|1776568149\n|switch|p1a: Tiamat|Gengar-Mega, L50, F, shiny|82/100 brn\n|turn|5\n|\n|t:|1776568172\n|move|p2a: Araquanid|Liquidation|p1b: Gojira\n|-supereffective|p1b: Gojira|1\n|-damage|p1b: Gojira|0 fnt\n|faint|p1b: Gojira\n|move|p1a: Tiamat|Sludge Bomb|p2a: Araquanid\n|-damage|p2a: Araquanid|49/100\n|move|p2b: Sneasler|Dire Claw|p1a: Tiamat\n|-resisted|p1a: Tiamat|2\n|-damage|p1a: Tiamat|68/100 brn\n|\n|-weather|Sandstorm|[upkeep]\n|-damage|p2a: Araquanid|43/100|[from] Sandstorm\n|-damage|p1a: Tiamat|62/100 brn|[from] Sandstorm\n|-damage|p2b: Sneasler|89/100|[from] Sandstorm\n|-damage|p1a: Tiamat|56/100 brn|[from] brn\n|-fieldend|move: Trick Room\n|upkeep\n|turn|6\n|\n|t:|1776568187\n|move|p2b: Sneasler|Dire Claw|p1a: Tiamat\n|-resisted|p1a: Tiamat|2\n|-damage|p1a: Tiamat|41/100 brn\n|move|p1a: Tiamat|Sludge Bomb|p2a: Araquanid\n|-damage|p2a: Araquanid|0 fnt\n|faint|p2a: Araquanid\n|\n|-weather|none\n|-damage|p1a: Tiamat|35/100 brn|[from] brn\n|upkeep\n|turn|7\n|\n|t:|1776568196\n|move|p2b: Sneasler|Protect|p2b: Sneasler\n|-singleturn|p2b: Sneasler|Protect\n|move|p1a: Tiamat|Shadow Ball|p2b: Sneasler\n|-activate|p2b: Sneasler|move: Protect\n|\n|-damage|p1a: Tiamat|29/100 brn|[from] brn\n|upkeep\n|turn|8\n|\n|t:|1776568200\n|move|p2b: Sneasler|Dire Claw|p1a: Tiamat\n|-resisted|p1a: Tiamat|2\n|-damage|p1a: Tiamat|13/100 brn\n|move|p1a: Tiamat|Shadow Ball|p2b: Sneasler\n|-damage|p2b: Sneasler|25/100\n|\n|-damage|p1a: Tiamat|7/100 brn|[from] brn\n|upkeep\n|turn|9\n|\n|t:|1776568212\n|move|p2b: Sneasler|Dire Claw|p1a: Tiamat\n|-resisted|p1a: Tiamat|2\n|-damage|p1a: Tiamat|0 fnt\n|faint|p1a: Tiamat\n|\n|win|karmapolicevgc\n|raw|mangoat007's rating: 1426 &rarr; <strong>1411</strong><br />(-15 for losing)\n|raw|karmapolicevgc's rating: 1516 &rarr; <strong>1531</strong><br />(+15 for winning)\n",
  "uploadtime": 1776568214,
  "views": 18,
  "formatid": "gen9championsvgc2026regma",
  "rating": 1411,
  "private": 0,
  "password": null
}