{
  "id": "gen9championsvgc2026regma-2586567558",
  "format": "[Gen 9 Champions] VGC 2026 Reg M-A",
  "players": [
    "BusinessSocks",
    "pokemanwomanman"
  ],
  "log": "|j|\u2606BusinessSocks\n|j|\u2606pokemanwomanman\n|t:|1776443564\n|gametype|doubles\n|player|p1|BusinessSocks|266|1122\n|player|p2|pokemanwomanman|102|1119\n|gen|9\n|tier|[Gen 9 Champions] VGC 2026 Reg M-A\n|rated|\n|rule|Species Clause: Limit one of each Pok\u00e9mon\n|rule|Item Clause: Limit 1 of each item\n|clearpoke\n|poke|p1|Ninetales-Alola, L50, M|\n|poke|p1|Garchomp, L50, F|\n|poke|p1|Volcarona, L50, M|\n|poke|p1|Glimmora, L50, M|\n|poke|p1|Corviknight, L50, M|\n|poke|p1|Gyarados, L50, F|\n|poke|p2|Primarina, L50, F|\n|poke|p2|Talonflame, L50, M|\n|poke|p2|Froslass, L50, F|\n|poke|p2|Sinistcha, L50|\n|poke|p2|Garchomp, L50, M|\n|poke|p2|Camerupt, L50, M|\n|teampreview|4\n|inactive|Battle timer is ON: inactive players will automatically lose when time's up. (requested by pokemanwomanman)\n|inactive|pokemanwomanman has 60 seconds left.\n|\n|t:|1776443626\n|teamsize|p1|4\n|teamsize|p2|4\n|start\n|switch|p1a: Gyarados|Gyarados, L50, F|100/100\n|switch|p1b: Glimmora|Glimmora, L50, M|100/100\n|switch|p2a: Talonflame|Talonflame, L50, M, shiny|100/100\n|switch|p2b: Garchomp|Garchomp, L50, M, shiny|100/100\n|-ability|p1a: Gyarados|Intimidate|boost\n|-unboost|p2a: Talonflame|atk|1\n|-unboost|p2b: Garchomp|atk|1\n|turn|1\n|inactive|BusinessSocks has 30 seconds left.\n|inactive|BusinessSocks has 20 seconds left.\n|\n|t:|1776443666\n|move|p1b: Glimmora|Spiky Shield|p1b: Glimmora\n|-singleturn|p1b: Glimmora|move: Protect\n|move|p2a: Talonflame|Tailwind|p2a: Talonflame\n|-sidestart|p2: pokemanwomanman|move: Tailwind\n|move|p2b: Garchomp|Earthquake|p1b: Glimmora|[spread] \n|-activate|p1b: Glimmora|move: Protect\n|-immune|p2a: Talonflame\n|-immune|p1a: Gyarados\n|move|p1a: Gyarados|Waterfall|p2a: Talonflame\n|-supereffective|p2a: Talonflame|1\n|-enditem|p2a: Talonflame|Focus Sash\n|-damage|p2a: Talonflame|1/100\n|\n|upkeep\n|turn|2\n|inactive|pokemanwomanman has 30 seconds left.\n|\n|t:|1776443701\n|switch|p1b: Corviknight|Corviknight, L50, M|100/100\n|move|p2a: Talonflame|Protect|p2a: Talonflame\n|-singleturn|p2a: Talonflame|Protect\n|move|p2b: Garchomp|Earthquake|p1a: Gyarados|[spread] \n|-activate|p2a: Talonflame|move: Protect\n|-immune|p1a: Gyarados\n|-immune|p1b: Corviknight\n|move|p1a: Gyarados|Dragon Dance|p1a: Gyarados\n|-boost|p1a: Gyarados|atk|1\n|-boost|p1a: Gyarados|spe|1\n|\n|upkeep\n|turn|3\n|inactive|BusinessSocks has 30 seconds left.\n|inactive|BusinessSocks has 20 seconds left.\n|\n|t:|1776443739\n|switch|p2b: Sinistcha|Sinistcha, L50|100/100\n|-heal|p2a: Talonflame|26/100|[from] ability: Hospitality|[of] p2b: Sinistcha\n|switch|p2a: Primarina|Primarina, L50, F, shiny|100/100\n|move|p1a: Gyarados|Dragon Dance|p1a: Gyarados\n|-boost|p1a: Gyarados|atk|1\n|-boost|p1a: Gyarados|spe|1\n|move|p1b: Corviknight|Iron Defense|p1b: Corviknight\n|-boost|p1b: Corviknight|def|2\n|\n|upkeep\n|turn|4\n|inactive|BusinessSocks has 30 seconds left.\n|\n|t:|1776443797\n|move|p1a: Gyarados|Waterfall|p2a: Primarina\n|-resisted|p2a: Primarina|1\n|-damage|p2a: Primarina|43/100\n|move|p2a: Primarina|Moonblast|p1a: Gyarados\n|-damage|p1a: Gyarados|46/100\n|move|p1b: Corviknight|Brave Bird|p2a: Primarina\n|-damage|p2a: Primarina|0 fnt\n|faint|p2a: Primarina\n|-damage|p1b: Corviknight|88/100|[from] Recoil\n|move|p2b: Sinistcha|Trick Room|p2b: Sinistcha\n|-fieldstart|move: Trick Room|[of] p2b: Sinistcha\n|\n|-heal|p1b: Corviknight|94/100|[from] item: Leftovers\n|-sideend|p2: pokemanwomanman|move: Tailwind\n|upkeep\n|inactive|pokemanwomanman has 30 seconds left.\n|inactive|pokemanwomanman has 20 seconds left.\n|inactive|pokemanwomanman has 15 seconds left.\n|inactive|pokemanwomanman has 10 seconds left.\n|inactive|pokemanwomanman has 5 seconds left.\n|\n|t:|1776443879\n|switch|p2a: Talonflame|Talonflame, L50, M, shiny|26/100\n|turn|5\n|c|\u2606pokemanwomanman|lag\n|\n|t:|1776443898\n|move|p1a: Gyarados|Protect|p1a: Gyarados\n|-singleturn|p1a: Gyarados|Protect\n|move|p1b: Corviknight|Brave Bird|p2a: Talonflame\n|-damage|p2a: Talonflame|0 fnt\n|faint|p2a: Talonflame\n|-damage|p1b: Corviknight|87/100|[from] Recoil\n|move|p2b: Sinistcha|Matcha Gotcha|p1a: Gyarados|[spread] p1b\n|-activate|p1a: Gyarados|move: Protect\n|-resisted|p1b: Corviknight|2\n|-damage|p1b: Corviknight|83/100\n|-status|p1b: Corviknight|brn\n|\n|-heal|p1b: Corviknight|89/100 brn|[from] item: Leftovers\n|-damage|p1b: Corviknight|83/100 brn|[from] brn\n|upkeep\n|\n|t:|1776443907\n|switch|p2a: Garchomp|Garchomp, L50, M, shiny|100/100\n|turn|6\n|\n|t:|1776443927\n|move|p1b: Corviknight|Iron Defense|p1b: Corviknight\n|-boost|p1b: Corviknight|def|2\n|move|p2a: Garchomp|Rock Slide|p1b: Corviknight|[spread] p1a,p1b\n|-supereffective|p1a: Gyarados|1\n|-damage|p1a: Gyarados|0 fnt\n|-damage|p1b: Corviknight|77/100 brn\n|faint|p1a: Gyarados\n|move|p2b: Sinistcha|Trick Room|p2b: Sinistcha\n|-fieldend|move: Trick Room\n|\n|-heal|p1b: Corviknight|82/100 brn|[from] item: Leftovers\n|-damage|p1b: Corviknight|77/100 brn|[from] brn\n|upkeep\n|\n|t:|1776443941\n|switch|p1a: Glimmora|Glimmora, L50, M|100/100\n|turn|7\n|\n|t:|1776443953\n|detailschange|p1a: Glimmora|Glimmora-Mega, L50, M\n|-mega|p1a: Glimmora|Glimmora|Glimmoranite\n|move|p2a: Garchomp|Rock Slide|p1a: Glimmora|[spread] p1a\n|-miss|p2a: Garchomp|p1b: Corviknight\n|-damage|p1a: Glimmora|76/100\n|move|p1a: Glimmora|Substitute|p1a: Glimmora\n|-start|p1a: Glimmora|Substitute\n|-damage|p1a: Glimmora|51/100\n|move|p2b: Sinistcha|Matcha Gotcha|p1a: Glimmora|[spread] p1a,p1b\n|-end|p1a: Glimmora|Substitute\n|-resisted|p1b: Corviknight|2\n|-damage|p1b: Corviknight|72/100 brn\n|move|p1b: Corviknight|Iron Defense|p1b: Corviknight\n|-boost|p1b: Corviknight|def|2\n|\n|-heal|p1b: Corviknight|78/100 brn|[from] item: Leftovers\n|-damage|p1b: Corviknight|72/100 brn|[from] brn\n|upkeep\n|turn|8\n|inactive|BusinessSocks has 30 seconds left.\n|\n|t:|1776443985\n|move|p1a: Glimmora|Spiky Shield|p1a: Glimmora\n|-singleturn|p1a: Glimmora|move: Protect\n|move|p2a: Garchomp|Rock Slide|p1a: Glimmora|[spread] p1b\n|-activate|p1a: Glimmora|move: Protect\n|-damage|p1b: Corviknight|68/100 brn\n|move|p2b: Sinistcha|Matcha Gotcha|p1b: Corviknight|[spread] p1b\n|-activate|p1a: Glimmora|move: Protect\n|-resisted|p1b: Corviknight|2\n|-damage|p1b: Corviknight|64/100 brn\n|cant|p1b: Corviknight|flinch\n|\n|-heal|p1b: Corviknight|70/100 brn|[from] item: Leftovers\n|-damage|p1b: Corviknight|64/100 brn|[from] brn\n|upkeep\n|turn|9\n|\n|t:|1776444012\n|move|p2a: Garchomp|Rock Slide|p1a: Glimmora|[spread] p1a\n|-miss|p2a: Garchomp|p1b: Corviknight\n|-damage|p1a: Glimmora|27/100\n|cant|p1a: Glimmora|flinch\n|move|p2b: Sinistcha|Matcha Gotcha|p1a: Glimmora|[spread] p1a,p1b\n|-resisted|p1b: Corviknight|2\n|-damage|p1a: Glimmora|0 fnt\n|-damage|p1b: Corviknight|60/100 brn\n|faint|p1a: Glimmora\n|move|p1b: Corviknight|Body Press|p2a: Garchomp\n|-damage|p2a: Garchomp|61/100\n|-damage|p1b: Corviknight|47/100 brn|[from] ability: Rough Skin|[of] p2a: Garchomp\n|\n|-heal|p1b: Corviknight|53/100 brn|[from] item: Leftovers\n|-damage|p1b: Corviknight|47/100 brn|[from] brn\n|upkeep\n|\n|t:|1776444030\n|switch|p1a: Volcarona|Volcarona, L50, M|100/100\n|turn|10\n|\n|t:|1776444038\n|move|p1a: Volcarona|Protect|p1a: Volcarona\n|-singleturn|p1a: Volcarona|Protect\n|move|p2a: Garchomp|Rock Slide|p1b: Corviknight|[spread] p1b\n|-activate|p1a: Volcarona|move: Protect\n|-crit|p1b: Corviknight\n|-damage|p1b: Corviknight|20/100 brn\n|move|p2b: Sinistcha|Strength Sap|p1a: Volcarona\n|-activate|p1a: Volcarona|move: Protect\n|move|p1b: Corviknight|Roost|p1b: Corviknight\n|-heal|p1b: Corviknight|70/100 brn\n|-singleturn|p1b: Corviknight|move: Roost\n|\n|-heal|p1b: Corviknight|76/100 brn|[from] item: Leftovers\n|-damage|p1b: Corviknight|70/100 brn|[from] brn\n|upkeep\n|turn|11\n|\n|t:|1776444063\n|move|p2a: Garchomp|Rock Slide|p1a: Volcarona|[spread] p1a,p1b\n|-supereffective|p1a: Volcarona|2\n|-damage|p1a: Volcarona|0 fnt\n|-damage|p1b: Corviknight|65/100 brn\n|faint|p1a: Volcarona\n|move|p2b: Sinistcha|Strength Sap||[still]\n|-ability|p1b: Corviknight|Mirror Armor\n|-unboost|p2b: Sinistcha|atk|1\n|-fail|p2b: Sinistcha\n|move|p1b: Corviknight|Body Press|p2a: Garchomp\n|-damage|p2a: Garchomp|22/100\n|-damage|p1b: Corviknight|53/100 brn|[from] ability: Rough Skin|[of] p2a: Garchomp\n|\n|-heal|p1b: Corviknight|59/100 brn|[from] item: Leftovers\n|-damage|p1b: Corviknight|53/100 brn|[from] brn\n|upkeep\n|turn|12\n|\n|t:|1776444084\n|move|p2b: Sinistcha|Rage Powder|p2b: Sinistcha\n|-singleturn|p2b: Sinistcha|move: Rage Powder\n|move|p2a: Garchomp|Rock Slide|p1b: Corviknight\n|-damage|p1b: Corviknight|47/100 brn\n|cant|p1b: Corviknight|flinch\n|\n|-heal|p1b: Corviknight|53/100 brn|[from] item: Leftovers\n|-damage|p1b: Corviknight|47/100 brn|[from] brn\n|upkeep\n|turn|13\n|\n|t:|1776444094\n|move|p2b: Sinistcha|Rage Powder|p2b: Sinistcha\n|-singleturn|p2b: Sinistcha|move: Rage Powder\n|move|p2a: Garchomp|Rock Slide|p1b: Corviknight\n|-damage|p1b: Corviknight|40/100 brn\n|move|p1b: Corviknight|Roost|p1b: Corviknight\n|-heal|p1b: Corviknight|91/100 brn\n|-singleturn|p1b: Corviknight|move: Roost\n|\n|-heal|p1b: Corviknight|97/100 brn|[from] item: Leftovers\n|-damage|p1b: Corviknight|91/100 brn|[from] brn\n|upkeep\n|turn|14\n|\n|t:|1776444107\n|move|p2b: Sinistcha|Rage Powder|p2b: Sinistcha\n|-singleturn|p2b: Sinistcha|move: Rage Powder\n|move|p2a: Garchomp|Rock Slide|p1b: Corviknight\n|-damage|p1b: Corviknight|84/100 brn\n|cant|p1b: Corviknight|flinch\n|\n|-heal|p1b: Corviknight|90/100 brn|[from] item: Leftovers\n|-damage|p1b: Corviknight|84/100 brn|[from] brn\n|upkeep\n|turn|15\n|\n|t:|1776444119\n|move|p2a: Garchomp|Rock Slide|p1b: Corviknight\n|-damage|p1b: Corviknight|79/100 brn\n|move|p2b: Sinistcha|Strength Sap||[still]\n|-ability|p1b: Corviknight|Mirror Armor\n|-unboost|p2b: Sinistcha|atk|1\n|-fail|p2b: Sinistcha\n|cant|p1b: Corviknight|flinch\n|\n|-heal|p1b: Corviknight|85/100 brn|[from] item: Leftovers\n|-damage|p1b: Corviknight|79/100 brn|[from] brn\n|upkeep\n|turn|16\n|\n|t:|1776444132\n|move|p2b: Sinistcha|Rage Powder|p2b: Sinistcha\n|-singleturn|p2b: Sinistcha|move: Rage Powder\n|move|p2a: Garchomp|Rock Slide|p1b: Corviknight\n|-damage|p1b: Corviknight|73/100 brn\n|move|p1b: Corviknight|Brave Bird|p2b: Sinistcha\n|-supereffective|p2b: Sinistcha|1\n|-damage|p2b: Sinistcha|66/100\n|-damage|p1b: Corviknight|63/100 brn|[from] Recoil\n|\n|-heal|p1b: Corviknight|69/100 brn|[from] item: Leftovers\n|-damage|p1b: Corviknight|63/100 brn|[from] brn\n|upkeep\n|turn|17\n|\n|t:|1776444146\n|move|p2b: Sinistcha|Rage Powder|p2b: Sinistcha\n|-singleturn|p2b: Sinistcha|move: Rage Powder\n|move|p2a: Garchomp|Rock Slide|p1b: Corviknight\n|-damage|p1b: Corviknight|57/100 brn\n|move|p1b: Corviknight|Brave Bird|p2b: Sinistcha\n|-supereffective|p2b: Sinistcha|1\n|-damage|p2b: Sinistcha|29/100\n|-enditem|p2b: Sinistcha|Sitrus Berry|[eat]\n|-heal|p2b: Sinistcha|53/100|[from] item: Sitrus Berry\n|-damage|p1b: Corviknight|46/100 brn|[from] Recoil\n|\n|-heal|p1b: Corviknight|52/100 brn|[from] item: Leftovers\n|-damage|p1b: Corviknight|46/100 brn|[from] brn\n|upkeep\n|turn|18\n|\n|t:|1776444161\n|-activate|p2a: Garchomp|move: Struggle\n|move|p2a: Garchomp|Struggle|p1b: Corviknight\n|-damage|p1b: Corviknight|42/100 brn\n|-damage|p2a: Garchomp|0 fnt|[from] recoil\n|faint|p2a: Garchomp\n|move|p2b: Sinistcha|Strength Sap|p1b: Corviknight\n|-ability|p1b: Corviknight|Mirror Armor\n|-unboost|p2b: Sinistcha|atk|1\n|-heal|p2b: Sinistcha|100/100\n|move|p1b: Corviknight|Roost|p1b: Corviknight\n|-heal|p1b: Corviknight|92/100 brn\n|-singleturn|p1b: Corviknight|move: Roost\n|\n|-heal|p1b: Corviknight|98/100 brn|[from] item: Leftovers\n|-damage|p1b: Corviknight|92/100 brn|[from] brn\n|upkeep\n|turn|19\n|\n|t:|1776444182\n|move|p2b: Sinistcha|Matcha Gotcha|p1b: Corviknight\n|-resisted|p1b: Corviknight|2\n|-damage|p1b: Corviknight|87/100 brn\n|move|p1b: Corviknight|Brave Bird|p2b: Sinistcha\n|-supereffective|p2b: Sinistcha|1\n|-damage|p2b: Sinistcha|63/100\n|-damage|p1b: Corviknight|76/100 brn|[from] Recoil\n|\n|-heal|p1b: Corviknight|82/100 brn|[from] item: Leftovers\n|-damage|p1b: Corviknight|76/100 brn|[from] brn\n|upkeep\n|turn|20\n|\n|t:|1776444195\n|move|p2b: Sinistcha|Matcha Gotcha|p1b: Corviknight|[miss]\n|-miss|p2b: Sinistcha|p1b: Corviknight\n|move|p1b: Corviknight|Brave Bird|p2b: Sinistcha\n|-supereffective|p2b: Sinistcha|1\n|-damage|p2b: Sinistcha|29/100\n|-damage|p1b: Corviknight|66/100 brn|[from] Recoil\n|\n|-heal|p1b: Corviknight|72/100 brn|[from] item: Leftovers\n|-damage|p1b: Corviknight|66/100 brn|[from] brn\n|upkeep\n|turn|21\n|\n|t:|1776444208\n|move|p2b: Sinistcha|Strength Sap|p1b: Corviknight\n|-ability|p1b: Corviknight|Mirror Armor\n|-unboost|p2b: Sinistcha|atk|1\n|-heal|p2b: Sinistcha|89/100\n|move|p1b: Corviknight|Roost|p1b: Corviknight\n|-heal|p1b: Corviknight|100/100 brn\n|-singleturn|p1b: Corviknight|move: Roost\n|\n|-damage|p1b: Corviknight|95/100 brn|[from] brn\n|upkeep\n|turn|22\n|\n|t:|1776444220\n|move|p2b: Sinistcha|Rage Powder|p2b: Sinistcha\n|-singleturn|p2b: Sinistcha|move: Rage Powder\n|move|p1b: Corviknight|Brave Bird|p2b: Sinistcha\n|-supereffective|p2b: Sinistcha|1\n|-damage|p2b: Sinistcha|57/100\n|-damage|p1b: Corviknight|85/100 brn|[from] Recoil\n|\n|-heal|p1b: Corviknight|91/100 brn|[from] item: Leftovers\n|-damage|p1b: Corviknight|85/100 brn|[from] brn\n|upkeep\n|turn|23\n|\n|t:|1776444231\n|move|p2b: Sinistcha|Matcha Gotcha|p1b: Corviknight\n|-resisted|p1b: Corviknight|2\n|-damage|p1b: Corviknight|80/100 brn\n|-heal|p2b: Sinistcha|60/100|[from] drain|[of] p1b: Corviknight\n|move|p1b: Corviknight|Brave Bird|p2b: Sinistcha\n|-supereffective|p2b: Sinistcha|1\n|-damage|p2b: Sinistcha|26/100\n|-damage|p1b: Corviknight|70/100 brn|[from] Recoil\n|\n|-heal|p1b: Corviknight|76/100 brn|[from] item: Leftovers\n|-damage|p1b: Corviknight|70/100 brn|[from] brn\n|upkeep\n|turn|24\n|inactive|BusinessSocks has 30 seconds left.\n|inactive|BusinessSocks has 20 seconds left.\n|\n|t:|1776444247\n|move|p2b: Sinistcha|Strength Sap|p1b: Corviknight\n|-ability|p1b: Corviknight|Mirror Armor\n|-unboost|p2b: Sinistcha|atk|1\n|-heal|p2b: Sinistcha|86/100\n|move|p1b: Corviknight|Brave Bird|p2b: Sinistcha\n|-supereffective|p2b: Sinistcha|1\n|-damage|p2b: Sinistcha|49/100\n|-damage|p1b: Corviknight|59/100 brn|[from] Recoil\n|\n|-heal|p1b: Corviknight|65/100 brn|[from] item: Leftovers\n|-damage|p1b: Corviknight|59/100 brn|[from] brn\n|upkeep\n|turn|25\n|inactive|BusinessSocks has 20 seconds left this turn.\n|inactive|BusinessSocks has 15 seconds left.\n|inactive|BusinessSocks has 10 seconds left.\n|inactive|BusinessSocks has 5 seconds left.\n|\n|t:|1776444263\n|move|p2b: Sinistcha|Matcha Gotcha|p1b: Corviknight\n|-resisted|p1b: Corviknight|2\n|-damage|p1b: Corviknight|54/100 brn\n|-heal|p2b: Sinistcha|53/100|[from] drain|[of] p1b: Corviknight\n|move|p1b: Corviknight|Roost|p1b: Corviknight\n|-heal|p1b: Corviknight|100/100 brn\n|-singleturn|p1b: Corviknight|move: Roost\n|\n|-damage|p1b: Corviknight|95/100 brn|[from] brn\n|upkeep\n|turn|26\n|inactive|BusinessSocks has 5 seconds left this turn.\n|-message|BusinessSocks lost due to inactivity.\n|\n|win|pokemanwomanman\n|raw|BusinessSocks's rating: 1122 &rarr; <strong>1097</strong><br />(-25 for losing)\n|raw|pokemanwomanman's rating: 1119 &rarr; <strong>1144</strong><br />(+25 for winning)\n",
  "uploadtime": 1776444271,
  "views": 46,
  "formatid": "gen9championsvgc2026regma",
  "rating": 1097,
  "private": 0,
  "password": null
}