{
  "id": "gen9championsvgc2026regma-2585641007",
  "format": "[Gen 9 Champions] VGC 2026 Reg M-A",
  "players": [
    "Spite XO",
    "PrettyWorm"
  ],
  "log": "|j|\u2606Spite XO\n|j|\u2606PrettyWorm\n|t:|1776360677\n|gametype|doubles\n|player|p1|Spite XO|preschoolerf|1116\n|player|p2|PrettyWorm|266|1161\n|gen|9\n|tier|[Gen 9 Champions] VGC 2026 Reg M-A\n|rated|\n|rule|Species Clause: Limit one of each Pok\u00e9mon\n|rule|Item Clause: Limit 1 of each item\n|clearpoke\n|poke|p1|Scovillain, L50, M|\n|poke|p1|Zoroark-Hisui, L50, M|\n|poke|p1|Milotic, L50, F|\n|poke|p1|Garchomp, L50, F|\n|poke|p1|Whimsicott, L50, M|\n|poke|p1|Sneasler, L50, M|\n|poke|p2|Meganium, L50, F|\n|poke|p2|Aerodactyl, L50, F|\n|poke|p2|Garchomp, L50, F|\n|poke|p2|Corviknight, L50, M|\n|poke|p2|Basculegion, L50, M|\n|poke|p2|Maushold, L50|\n|teampreview|4\n|inactive|Battle timer is ON: inactive players will automatically lose when time's up. (requested by Spite XO)\n|inactive|Spite XO has 60 seconds left.\n|inactive|PrettyWorm has 60 seconds left.\n|inactive|PrettyWorm has 30 seconds left.\n|\n|t:|1776360740\n|teamsize|p1|4\n|teamsize|p2|4\n|start\n|switch|p1a: Scovillain|Scovillain, L50, M|100/100\n|switch|p1b: Garchomp|Garchomp, L50, F|100/100\n|switch|p2a: Aerodactyl|Aerodactyl, L50, F|100/100\n|switch|p2b: Meganium|Meganium, L50, F|100/100\n|-ability|p2a: Aerodactyl|Unnerve\n|turn|1\n|inactive|PrettyWorm has 30 seconds left.\n|\n|t:|1776360768\n|switch|p1b: Milotic|Milotic, L50, F|100/100\n|detailschange|p2b: Meganium|Meganium-Mega, L50, F\n|-mega|p2b: Meganium|Meganium|Meganiumite\n|detailschange|p1a: Scovillain|Scovillain-Mega, L50, M\n|-mega|p1a: Scovillain|Scovillain|Scovillainite\n|move|p2a: Aerodactyl|Tailwind|p2a: Aerodactyl\n|-sidestart|p2: PrettyWorm|move: Tailwind\n|move|p2b: Meganium|Dazzling Gleam|p1b: Milotic|[spread] p1a,p1b\n|-resisted|p1a: Scovillain|1\n|-damage|p1a: Scovillain|81/100\n|-damage|p1b: Milotic|72/100\n|-status|p2b: Meganium|brn|[from] ability: Spicy Spray|[of] p1a: Scovillain\n|move|p1a: Scovillain|Overheat|p2b: Meganium\n|-supereffective|p2b: Meganium|1\n|-damage|p2b: Meganium|0 fnt\n|-unboost|p1a: Scovillain|spa|2\n|faint|p2b: Meganium\n|\n|-heal|p1b: Milotic|78/100|[from] item: Leftovers\n|upkeep\n|inactive|PrettyWorm has 30 seconds left.\n|\n|t:|1776360798\n|switch|p2b: Corviknight|Corviknight, L50, M|100/100\n|turn|2\n|\n|t:|1776360809\n|move|p2a: Aerodactyl|Rock Slide|p1b: Milotic|[spread] p1a,p1b\n|-supereffective|p1a: Scovillain|1\n|-damage|p1a: Scovillain|31/100\n|-damage|p1b: Milotic|58/100\n|-status|p2a: Aerodactyl|brn|[from] ability: Spicy Spray|[of] p1a: Scovillain\n|move|p2b: Corviknight|Brave Bird|p1a: Scovillain\n|-supereffective|p1a: Scovillain|1\n|-damage|p1a: Scovillain|0 fnt\n|-status|p2b: Corviknight|brn|[from] ability: Spicy Spray|[of] p1a: Scovillain\n|faint|p1a: Scovillain\n|-damage|p2b: Corviknight|91/100 brn|[from] Recoil\n|move|p1b: Milotic|Scald|p2a: Aerodactyl\n|-supereffective|p2a: Aerodactyl|1\n|-damage|p2a: Aerodactyl|19/100 brn\n|\n|-heal|p1b: Milotic|64/100|[from] item: Leftovers\n|-damage|p2a: Aerodactyl|13/100 brn|[from] brn\n|-damage|p2b: Corviknight|85/100 brn|[from] brn\n|upkeep\n|\n|t:|1776360826\n|switch|p1a: Garchomp|Garchomp, L50, F|100/100\n|turn|3\n|\n|t:|1776360847\n|move|p2a: Aerodactyl|Rock Slide|p1a: Garchomp|[spread] p1a,p1b\n|-resisted|p1a: Garchomp|1\n|-damage|p1a: Garchomp|94/100\n|-damage|p1b: Milotic|54/100\n|move|p1a: Garchomp|Rock Slide|p2a: Aerodactyl|[spread] p2a,p2b\n|-supereffective|p2a: Aerodactyl|1\n|-damage|p2a: Aerodactyl|0 fnt\n|-damage|p2b: Corviknight|71/100 brn\n|faint|p2a: Aerodactyl\n|cant|p2b: Corviknight|flinch\n|move|p1b: Milotic|Recover|p1b: Milotic\n|-heal|p1b: Milotic|100/100\n|\n|-damage|p2b: Corviknight|65/100 brn|[from] brn\n|upkeep\n|\n|t:|1776360860\n|switch|p2a: Basculegion|Basculegion, L50, M|100/100\n|turn|4\n|\n|t:|1776360881\n|move|p2a: Basculegion|Last Respects|p1a: Garchomp\n|-damage|p1a: Garchomp|0 fnt\n|faint|p1a: Garchomp\n|move|p2b: Corviknight|Body Press|p1b: Milotic\n|-damage|p1b: Milotic|92/100\n|move|p1b: Milotic|Scald|p2a: Basculegion\n|-resisted|p2a: Basculegion|1\n|-damage|p2a: Basculegion|86/100\n|-status|p2a: Basculegion|brn\n|\n|-heal|p1b: Milotic|98/100|[from] item: Leftovers\n|-damage|p2a: Basculegion|80/100 brn|[from] brn\n|-damage|p2b: Corviknight|59/100 brn|[from] brn\n|-sideend|p2: PrettyWorm|move: Tailwind\n|upkeep\n|\n|t:|1776360885\n|switch|p1a: Sneasler|Sneasler, L50, M|100/100\n|turn|5\n|\n|t:|1776360902\n|move|p1a: Sneasler|Protect|p1a: Sneasler\n|-singleturn|p1a: Sneasler|Protect\n|move|p2b: Corviknight|Protect|p2b: Corviknight\n|-singleturn|p2b: Corviknight|Protect\n|move|p2a: Basculegion|Last Respects|p1a: Sneasler\n|-activate|p1a: Sneasler|move: Protect\n|move|p1b: Milotic|Scald|p2a: Basculegion\n|-resisted|p2a: Basculegion|1\n|-damage|p2a: Basculegion|62/100 brn\n|\n|-heal|p1b: Milotic|100/100|[from] item: Leftovers\n|-damage|p2a: Basculegion|56/100 brn|[from] brn\n|-damage|p2b: Corviknight|54/100 brn|[from] brn\n|upkeep\n|turn|6\n|\n|t:|1776360927\n|move|p2a: Basculegion|Last Respects|p1a: Sneasler\n|-damage|p1a: Sneasler|11/100\n|move|p1a: Sneasler|Close Combat|p2b: Corviknight\n|-damage|p2b: Corviknight|0 fnt\n|-unboost|p1a: Sneasler|def|1\n|-unboost|p1a: Sneasler|spd|1\n|faint|p2b: Corviknight\n|-enditem|p1a: Sneasler|White Herb\n|-clearnegativeboost|p1a: Sneasler|[silent]\n|move|p1b: Milotic|Scald|p2a: Basculegion\n|-resisted|p2a: Basculegion|1\n|-damage|p2a: Basculegion|42/100 brn\n|\n|-damage|p2a: Basculegion|36/100 brn|[from] brn\n|upkeep\n|turn|7\n|\n|t:|1776360944\n|move|p1a: Sneasler|Protect|p1a: Sneasler\n|-singleturn|p1a: Sneasler|Protect\n|move|p2a: Basculegion|Last Respects|p1a: Sneasler\n|-activate|p1a: Sneasler|move: Protect\n|move|p1b: Milotic|Scald|p2a: Basculegion\n|-resisted|p2a: Basculegion|1\n|-damage|p2a: Basculegion|21/100 brn\n|\n|-damage|p2a: Basculegion|15/100 brn|[from] brn\n|upkeep\n|turn|8\n|\n|t:|1776360956\n|move|p1a: Sneasler|Dire Claw|p2a: Basculegion\n|-resisted|p2a: Basculegion|1\n|-damage|p2a: Basculegion|0 fnt\n|faint|p2a: Basculegion\n|\n|win|Spite XO\n|raw|Spite XO's rating: 1116 &rarr; <strong>1144</strong><br />(+28 for winning)\n|raw|PrettyWorm's rating: 1161 &rarr; <strong>1133</strong><br />(-28 for losing)\n|l|\u2606PrettyWorm\n|player|p2|\n",
  "uploadtime": 1776360965,
  "views": 22,
  "formatid": "gen9championsvgc2026regma",
  "rating": 1133,
  "private": 0,
  "password": null
}