{
  "id": "gen9championsvgc2026regma-2581288407",
  "format": "[Gen 9 Champions] VGC 2026 Reg M-A",
  "players": [
    "endytr",
    "supernaranja14"
  ],
  "log": "|j|\u2606endytr\n|j|\u2606supernaranja14\n|t:|1775981782\n|gametype|doubles\n|player|p1|endytr|170|1029\n|player|p2|supernaranja14|harlequin|1030\n|gen|9\n|tier|[Gen 9 Champions] VGC 2026 Reg M-A\n|rated|\n|rule|Species Clause: Limit one of each Pok\u00e9mon\n|rule|Item Clause: Limit 1 of each item\n|clearpoke\n|poke|p1|Charizard, L50, M|\n|poke|p1|Tinkaton, L50, F|\n|poke|p1|Vaporeon, L50, F|\n|poke|p1|Hydreigon, L50, F|\n|poke|p1|Altaria, L50, F|\n|poke|p1|Garganacl, L50, M|\n|poke|p2|Pelipper, L50, M|\n|poke|p2|Archaludon, L50, M|\n|poke|p2|Sinistcha, L50|\n|poke|p2|Incineroar, L50, M|\n|poke|p2|Kangaskhan, L50, F|\n|poke|p2|Starmie, L50|\n|teampreview|4\n|inactive|Battle timer is ON: inactive players will automatically lose when time's up. (requested by supernaranja14)\n|\n|t:|1775981824\n|teamsize|p1|4\n|teamsize|p2|4\n|start\n|switch|p1a: Charizard|Charizard, L50, M|100/100\n|switch|p1b: Tinkaton|Tinkaton, L50, F|100/100\n|switch|p2a: Starmie|Starmie, L50|100/100\n|switch|p2b: Pelipper|Pelipper, L50, M|100/100\n|-weather|RainDance|[from] ability: Drizzle|[of] p2b: Pelipper\n|turn|1\n|\n|t:|1775981841\n|switch|p1a: Clover|Altaria, L50, F, shiny|100/100\n|-ability|p1a: Clover|Cloud Nine\n|detailschange|p2a: Starmie|Starmie-Mega, L50\n|-mega|p2a: Starmie|Starmie|Starminite\n|move|p1b: Tinkaton|Fake Out|p2b: Pelipper\n|-damage|p2b: Pelipper|85/100\n|move|p2a: Starmie|Flip Turn|p1a: Clover\n|-resisted|p1a: Clover|1\n|-damage|p1a: Clover|74/100\n|\n|t:|1775981854\n|switch|p2a: Sinistcha|Sinistcha, L50|100/100|[from] Flip Turn\n|-heal|p2b: Pelipper|100/100|[from] ability: Hospitality|[of] p2a: Sinistcha\n|cant|p2b: Pelipper|flinch\n|\n|-weather|RainDance|[upkeep]\n|upkeep\n|turn|2\n|\n|t:|1775981869\n|move|p2b: Pelipper|Tailwind|p2b: Pelipper\n|-sidestart|p2: supernaranja14|move: Tailwind\n|move|p2a: Sinistcha|Matcha Gotcha|p1a: Clover|[spread] p1a,p1b\n|-resisted|p1a: Clover|2\n|-resisted|p1b: Tinkaton|1\n|-damage|p1a: Clover|68/100\n|-damage|p1b: Tinkaton|91/100\n|move|p1b: Tinkaton|Light Screen|p1b: Tinkaton\n|-sidestart|p1: endytr|move: Light Screen\n|move|p1a: Clover|Tailwind|p1a: Clover\n|-sidestart|p1: endytr|move: Tailwind\n|\n|-weather|RainDance|[upkeep]\n|upkeep\n|turn|3\n|\n|t:|1775981894\n|switch|p2b: Starmie|Starmie-Mega, L50|100/100\n|move|p2a: Sinistcha|Rage Powder|p2a: Sinistcha\n|-singleturn|p2a: Sinistcha|move: Rage Powder\n|move|p1b: Tinkaton|Gigaton Hammer|p2a: Sinistcha\n|-damage|p2a: Sinistcha|46/100\n|-enditem|p2a: Sinistcha|Sitrus Berry|[eat]\n|-heal|p2a: Sinistcha|71/100|[from] item: Sitrus Berry\n|move|p1a: Clover|Hyper Voice|p2a: Sinistcha|[spread] p2b\n|-immune|p2a: Sinistcha\n|-damage|p2b: Starmie|79/100\n|\n|-weather|RainDance|[upkeep]\n|upkeep\n|turn|4\n|inactive|endytr has 30 seconds left.\n|inactive|endytr has 20 seconds left.\n|\n|t:|1775981931\n|switch|p1b: Hydreigon|Hydreigon, L50, F|100/100\n|switch|p1a: Charizard|Charizard, L50, M|100/100\n|move|p2b: Starmie|Liquidation|p1b: Hydreigon\n|-resisted|p1b: Hydreigon|1\n|-damage|p1b: Hydreigon|38/100\n|move|p2a: Sinistcha|Life Dew|p2a: Sinistcha|[spread] p2a,p2b\n|-heal|p2a: Sinistcha|96/100\n|-heal|p2b: Starmie|100/100\n|\n|-weather|RainDance|[upkeep]\n|upkeep\n|turn|5\n|inactive|endytr has 30 seconds left.\n|inactive|supernaranja14 has 30 seconds left.\n|inactive|endytr has 20 seconds left.\n|inactive|supernaranja14 has 20 seconds left.\n|inactive|endytr has 15 seconds left.\n|inactive|endytr has 10 seconds left.\n|\n|t:|1775981976\n|detailschange|p1a: Charizard|Charizard-Mega-X, L50, M\n|-mega|p1a: Charizard|Charizard|Charizardite X\n|move|p1a: Charizard|Protect|p1a: Charizard\n|-singleturn|p1a: Charizard|Protect\n|move|p2b: Starmie|Flip Turn|p1a: Charizard\n|-activate|p1a: Charizard|move: Protect\n|move|p1b: Hydreigon|Draco Meteor|p2a: Sinistcha\n|-damage|p2a: Sinistcha|34/100\n|-unboost|p1b: Hydreigon|spa|2\n|move|p2a: Sinistcha|Matcha Gotcha|p1a: Charizard|[spread] p1b\n|-activate|p1a: Charizard|move: Protect\n|-resisted|p1b: Hydreigon|1\n|-damage|p1b: Hydreigon|29/100\n|-heal|p2a: Sinistcha|39/100|[from] drain|[of] p1b: Hydreigon\n|\n|-weather|none\n|-sideend|p1: endytr|move: Tailwind\n|-sideend|p2: supernaranja14|move: Tailwind\n|upkeep\n|turn|6\n|\n|t:|1775981999\n|move|p2a: Sinistcha|Rage Powder|p2a: Sinistcha\n|-singleturn|p2a: Sinistcha|move: Rage Powder\n|move|p2b: Starmie|Liquidation|p1a: Charizard\n|-crit|p1a: Charizard\n|-damage|p1a: Charizard|0 fnt\n|faint|p1a: Charizard\n|move|p1b: Hydreigon|Tailwind|p1b: Hydreigon\n|-sidestart|p1: endytr|move: Tailwind\n|\n|-sideend|p1: endytr|move: Light Screen\n|upkeep\n|\n|t:|1775982021\n|switch|p1a: Tinkaton|Tinkaton, L50, F|91/100\n|turn|7\n|\n|t:|1775982035\n|move|p1a: Tinkaton|Fake Out|p2b: Starmie\n|-damage|p2b: Starmie|87/100\n|move|p2a: Sinistcha|Rage Powder|p2a: Sinistcha\n|-singleturn|p2a: Sinistcha|move: Rage Powder\n|move|p1b: Hydreigon|Draco Meteor|p2a: Sinistcha\n|-damage|p2a: Sinistcha|8/100\n|-unboost|p1b: Hydreigon|spa|2\n|cant|p2b: Starmie|flinch\n|\n|upkeep\n|turn|8\n|\n|t:|1775982049\n|switch|p1b: Clover|Altaria, L50, F, shiny|68/100\n|-ability|p1b: Clover|Cloud Nine\n|move|p2a: Sinistcha|Rage Powder|p2a: Sinistcha\n|-singleturn|p2a: Sinistcha|move: Rage Powder\n|move|p1a: Tinkaton|Gigaton Hammer|p2a: Sinistcha\n|-damage|p2a: Sinistcha|0 fnt\n|faint|p2a: Sinistcha\n|move|p2b: Starmie|Liquidation|p1a: Tinkaton\n|-damage|p1a: Tinkaton|1/100\n|\n|upkeep\n|\n|t:|1775982064\n|switch|p2a: Archaludon|Archaludon, L50, M|100/100\n|turn|9\n|\n|t:|1775982081\n|move|p2b: Starmie|Protect|p2b: Starmie\n|-singleturn|p2b: Starmie|Protect\n|move|p2a: Archaludon|Protect|p2a: Archaludon\n|-singleturn|p2a: Archaludon|Protect\n|move|p1a: Tinkaton|Light Screen|p1a: Tinkaton\n|-sidestart|p1: endytr|move: Light Screen\n|move|p1b: Clover|Dazzling Gleam|p2a: Archaludon|[spread] \n|-activate|p2a: Archaludon|move: Protect\n|-activate|p2b: Starmie|move: Protect\n|\n|-sideend|p1: endytr|move: Tailwind\n|upkeep\n|turn|10\n|\n|t:|1775982102\n|move|p2b: Starmie|Flip Turn|p1a: Tinkaton\n|-damage|p1a: Tinkaton|0 fnt\n|faint|p1a: Tinkaton\n|\n|t:|1775982106\n|switch|p2b: Pelipper|Pelipper, L50, M|100/100|[from] Flip Turn\n|-weather|RainDance|[from] ability: Drizzle|[of] p2b: Pelipper\n|move|p2a: Archaludon|Draco Meteor|p1b: Clover\n|-supereffective|p1b: Clover|1\n|-damage|p1b: Clover|0 fnt\n|-unboost|p2a: Archaludon|spa|2\n|faint|p1b: Clover\n|\n|-weather|RainDance|[upkeep]\n|upkeep\n|\n|t:|1775982120\n|switch|p1a: Hydreigon|Hydreigon, L50, F|29/100\n|turn|11\n|\n|t:|1775982129\n|move|p1a: Hydreigon|Draco Meteor|p2a: Archaludon\n|-ability|p2a: Archaludon|Sturdy\n|-damage|p2a: Archaludon|1/100\n|-unboost|p1a: Hydreigon|spa|2\n|move|p2a: Archaludon|Flash Cannon|p1a: Hydreigon\n|-damage|p1a: Hydreigon|15/100\n|move|p2b: Pelipper|Hurricane|p1a: Hydreigon\n|-damage|p1a: Hydreigon|0 fnt\n|faint|p1a: Hydreigon\n|\n|win|supernaranja14\n|raw|endytr's rating: 1029 &rarr; <strong>1015</strong><br />(-14 for losing)\n|raw|supernaranja14's rating: 1030 &rarr; <strong>1065</strong><br />(+35 for winning)\n",
  "uploadtime": 1775982138,
  "views": 218,
  "formatid": "gen9championsvgc2026regma",
  "rating": 1015,
  "private": 0,
  "password": null
}