{
  "id": "gen9championsvgc2026regma-2584381558",
  "format": "[Gen 9 Champions] VGC 2026 Reg M-A",
  "players": [
    "Hecgarvi",
    "Sharkhy_"
  ],
  "log": "|j|\u2606Hecgarvi\n|j|\u2606Sharkhy_\n|t:|1776256600\n|gametype|doubles\n|player|p1|Hecgarvi|hilbert|1041\n|player|p2|Sharkhy_|2|1079\n|gen|9\n|tier|[Gen 9 Champions] VGC 2026 Reg M-A\n|rated|\n|rule|Species Clause: Limit one of each Pok\u00e9mon\n|rule|Item Clause: Limit 1 of each item\n|clearpoke\n|poke|p1|Meganium, L50, M|\n|poke|p1|Archaludon, L50, M|\n|poke|p1|Tauros-Paldea-Aqua, L50, M|\n|poke|p1|Kangaskhan, L50, F|\n|poke|p1|Aerodactyl, L50, F|\n|poke|p1|Typhlosion-Hisui, L50, M|\n|poke|p2|Charizard, L50, M|\n|poke|p2|Maushold-Four, L50|\n|poke|p2|Sneasler, L50, F|\n|poke|p2|Dragapult, L50, F|\n|poke|p2|Kingambit, L50, F|\n|poke|p2|Garchomp, L50, F|\n|teampreview|4\n|\n|t:|1776256624\n|teamsize|p1|4\n|teamsize|p2|4\n|start\n|switch|p1a: Archaludon|Archaludon, L50, M|100/100\n|switch|p1b: Tauros|Tauros-Paldea-Aqua, L50, M|100/100\n|switch|p2a: Sneasler|Sneasler, L50, F|100/100\n|switch|p2b: Garchomp|Garchomp, L50, F|100/100\n|-ability|p1b: Tauros|Intimidate|boost\n|-unboost|p2a: Sneasler|atk|1\n|-unboost|p2b: Garchomp|atk|1\n|turn|1\n|\n|t:|1776256645\n|move|p1a: Archaludon|Protect|p1a: Archaludon\n|-singleturn|p1a: Archaludon|Protect\n|move|p2a: Sneasler|Fake Out|p1b: Tauros\n|-damage|p1b: Tauros|89/100\n|cant|p1b: Tauros|flinch\n|move|p2b: Garchomp|Stomping Tantrum|p1a: Archaludon\n|-activate|p1a: Archaludon|move: Protect\n|\n|upkeep\n|turn|2\n|\n|t:|1776256666\n|move|p1b: Tauros|Aqua Jet|p2b: Garchomp\n|-damage|p2b: Garchomp|81/100\n|-damage|p1b: Tauros|77/100|[from] ability: Rough Skin|[of] p2b: Garchomp\n|move|p2b: Garchomp|Stomping Tantrum|p1a: Archaludon\n|-supereffective|p1a: Archaludon|1\n|-damage|p1a: Archaludon|50/100\n|move|p2a: Sneasler|Close Combat|p1a: Archaludon\n|-supereffective|p1a: Archaludon|1\n|-damage|p1a: Archaludon|0 fnt\n|-unboost|p2a: Sneasler|def|1\n|-unboost|p2a: Sneasler|spd|1\n|faint|p1a: Archaludon\n|\n|upkeep\n|\n|t:|1776256684\n|switch|p1a: Aerodactyl|Aerodactyl, L50, F|100/100\n|-ability|p1a: Aerodactyl|Unnerve\n|turn|3\n|\n|t:|1776256702\n|move|p2b: Garchomp|Stomping Tantrum|p1b: Tauros\n|-damage|p1b: Tauros|45/100\n|move|p2a: Sneasler|Close Combat|p1a: Aerodactyl\n|-damage|p1a: Aerodactyl|28/100\n|-unboost|p2a: Sneasler|def|1\n|-unboost|p2a: Sneasler|spd|1\n|move|p1a: Aerodactyl|Tailwind|p1a: Aerodactyl\n|-sidestart|p1: Hecgarvi|move: Tailwind\n|move|p1b: Tauros|Wave Crash|p2b: Garchomp\n|-damage|p2b: Garchomp|26/100\n|-damage|p1b: Tauros|32/100|[from] ability: Rough Skin|[of] p2b: Garchomp\n|-damage|p1b: Tauros|9/100|[from] Recoil\n|\n|upkeep\n|turn|4\n|\n|t:|1776256731\n|switch|p2b: Charizard|Charizard, L50, M|100/100\n|switch|p2a: Maushold|Maushold-Four, L50|100/100\n|move|p1a: Aerodactyl|Dual Wingbeat|p2a: Maushold\n|-damage|p2a: Maushold|75/100\n|-damage|p2a: Maushold|54/100\n|-hitcount|p2a: Maushold|2\n|move|p1b: Tauros|Wave Crash|p2b: Charizard\n|-supereffective|p2b: Charizard|1\n|-damage|p2b: Charizard|0 fnt\n|faint|p2b: Charizard\n|-damage|p1b: Tauros|0 fnt|[from] Recoil\n|faint|p1b: Tauros\n|\n|upkeep\n|\n|t:|1776256747\n|switch|p1b: Kangaskhan|Kangaskhan, L50, F|100/100\n|switch|p2b: Sneasler|Sneasler, L50, F|100/100\n|turn|5\n|\n|t:|1776256774\n|detailschange|p1b: Kangaskhan|Kangaskhan-Mega, L50, F\n|-mega|p1b: Kangaskhan|Kangaskhan|Kangaskhanite\n|move|p1b: Kangaskhan|Fake Out|p2b: Sneasler\n|-damage|p2b: Sneasler|73/100\n|-damage|p2b: Sneasler|66/100\n|-hitcount|p2b: Sneasler|2\n|move|p2a: Maushold|Follow Me|p2a: Maushold\n|-singleturn|p2a: Maushold|move: Follow Me\n|move|p1a: Aerodactyl|Rock Slide|p2b: Sneasler|[spread] p2a,p2b\n|-resisted|p2b: Sneasler|1\n|-damage|p2a: Maushold|23/100\n|-damage|p2b: Sneasler|50/100\n|cant|p2b: Sneasler|flinch\n|\n|upkeep\n|turn|6\n|\n|t:|1776256814\n|move|p2a: Maushold|Protect|p2a: Maushold\n|-singleturn|p2a: Maushold|Protect\n|move|p2b: Sneasler|Feint|p1b: Kangaskhan\n|-damage|p1b: Kangaskhan|91/100\n|move|p1a: Aerodactyl|Dual Wingbeat|p2b: Sneasler\n|-supereffective|p2b: Sneasler|1\n|-crit|p2b: Sneasler\n|-damage|p2b: Sneasler|0 fnt\n|faint|p2b: Sneasler\n|-hitcount|p2: Sneasler|1\n|move|p1b: Kangaskhan|Drain Punch|p2a: Maushold\n|-activate|p2a: Maushold|move: Protect\n|\n|-sideend|p1: Hecgarvi|move: Tailwind\n|upkeep\n|\n|t:|1776256826\n|switch|p2b: Garchomp|Garchomp, L50, F|26/100\n|turn|7\n|\n|t:|1776256843\n|move|p1b: Kangaskhan|Sucker Punch|p2b: Garchomp\n|-damage|p2b: Garchomp|8/100\n|-damage|p1b: Kangaskhan|79/100|[from] ability: Rough Skin|[of] p2b: Garchomp\n|-damage|p2b: Garchomp|4/100\n|-damage|p1b: Kangaskhan|66/100|[from] ability: Rough Skin|[of] p2b: Garchomp\n|-hitcount|p2b: Garchomp|2\n|move|p2b: Garchomp|Rock Slide|p1b: Kangaskhan|[spread] p1a\n|-miss|p2b: Garchomp|p1b: Kangaskhan\n|-supereffective|p1a: Aerodactyl|1\n|-damage|p1a: Aerodactyl|0 fnt\n|faint|p1a: Aerodactyl\n|move|p2a: Maushold|Super Fang|p1b: Kangaskhan\n|-damage|p1b: Kangaskhan|33/100\n|\n|upkeep\n|turn|8\n|\n|t:|1776256867\n|move|p2a: Maushold|Follow Me|p2a: Maushold\n|-singleturn|p2a: Maushold|move: Follow Me\n|move|p1b: Kangaskhan|Sucker Punch||[still]\n|-fail|p1b: Kangaskhan\n|move|p2b: Garchomp|Rock Slide|p1b: Kangaskhan\n|-damage|p1b: Kangaskhan|7/100\n|\n|upkeep\n|turn|9\n|\n|t:|1776256876\n|move|p2a: Maushold|Follow Me|p2a: Maushold\n|-singleturn|p2a: Maushold|move: Follow Me\n|move|p2b: Garchomp|Rock Slide|p1b: Kangaskhan\n|-damage|p1b: Kangaskhan|0 fnt\n|faint|p1b: Kangaskhan\n|\n|win|Sharkhy_\n|raw|Hecgarvi's rating: 1041 &rarr; <strong>1027</strong><br />(-14 for losing)\n|raw|Sharkhy_'s rating: 1079 &rarr; <strong>1104</strong><br />(+25 for winning)\n|l|\u2606Hecgarvi\n|player|p1|\n",
  "uploadtime": 1776256882,
  "views": 33,
  "formatid": "gen9championsvgc2026regma",
  "rating": 1027,
  "private": 0,
  "password": null
}