{
  "id": "gen9championsvgc2026regma-2588949625",
  "format": "[Gen 9 Champions] VGC 2026 Reg M-A",
  "players": [
    "SDLT 2KRL SWM",
    "Murphy's kitchen"
  ],
  "log": "|raw|<div class=\"broadcast-blue\"><strong>This battle is required to be public due to a player having a name starting with 'sdlt'.</div>\n|j|\u2606SDLT 2KRL SWM\n|j|\u2606Murphy's kitchen\n|t:|1776688724\n|gametype|doubles\n|player|p1|SDLT 2KRL SWM|ryuki|1485\n|player|p2|Murphy's kitchen|265|1483\n|gen|9\n|tier|[Gen 9 Champions] VGC 2026 Reg M-A\n|rated|\n|rule|Species Clause: Limit one of each Pok\u00e9mon\n|rule|Item Clause: Limit 1 of each item\n|clearpoke\n|poke|p1|Pelipper, L50, M|\n|poke|p1|Archaludon, L50, F|\n|poke|p1|Basculegion, L50, M|\n|poke|p1|Floette-Eternal, L50, F|\n|poke|p1|Farigiraf, L50, F|\n|poke|p1|Sneasler, L50, F|\n|poke|p2|Aerodactyl, L50, M|\n|poke|p2|Dragapult, L50, F|\n|poke|p2|Kingambit, L50, M|\n|poke|p2|Primarina, L50, M|\n|poke|p2|Scovillain, L50, M|\n|poke|p2|Sneasler, L50, M|\n|teampreview|4\n|inactive|Battle timer is ON: inactive players will automatically lose when time's up. (requested by SDLT 2KRL SWM)\n|\n|t:|1776688750\n|teamsize|p1|4\n|teamsize|p2|4\n|start\n|switch|p1a: Pelipper|Pelipper, L50, M|100/100\n|switch|p1b: Archaludon|Archaludon, L50, F|100/100\n|switch|p2a: Dragapult|Dragapult, L50, F|100/100\n|switch|p2b: Kingambit|Kingambit, L50, M|100/100\n|-weather|RainDance|[from] ability: Drizzle|[of] p1a: Pelipper\n|turn|1\n|inactive|SDLT 2KRL SWM has 30 seconds left.\n|\n|t:|1776688776\n|move|p1b: Archaludon|Draco Meteor|p2a: Dragapult\n|-supereffective|p2a: Dragapult|1\n|-damage|p2a: Dragapult|0 fnt\n|-unboost|p1b: Archaludon|spa|2\n|faint|p2a: Dragapult\n|move|p1a: Pelipper|Tailwind|p1a: Pelipper\n|-sidestart|p1: SDLT 2KRL SWM|move: Tailwind\n|move|p2b: Kingambit|Kowtow Cleave|p1a: Pelipper\n|-damage|p1a: Pelipper|21/100\n|\n|-weather|RainDance|[upkeep]\n|upkeep\n|\n|t:|1776688789\n|switch|p2a: Primarina|Primarina, L50, M|100/100\n|turn|2\n|\n|t:|1776688811\n|switch|p1b: Floette|Floette-Eternal, L50, F|100/100\n|move|p1a: Pelipper|Weather Ball|p2b: Kingambit\n|-damage|p2b: Kingambit|28/100\n|move|p2a: Primarina|Hyper Voice|p1a: Pelipper|[spread] p1a,p1b\n|-resisted|p1a: Pelipper|1\n|-damage|p1a: Pelipper|0 fnt\n|-damage|p1b: Floette|53/100\n|faint|p1a: Pelipper\n|move|p2b: Kingambit|Iron Head|p1b: Floette\n|-supereffective|p1b: Floette|1\n|-damage|p1b: Floette|0 fnt\n|faint|p1b: Floette\n|\n|-weather|RainDance|[upkeep]\n|upkeep\n|\n|t:|1776688818\n|switch|p1b: Archaludon|Archaludon, L50, F|100/100\n|switch|p1a: Basculegion|Basculegion, L50, M|100/100\n|turn|3\n|\n|t:|1776688837\n|switch|p2a: Scovillain|Scovillain, L50, M|100/100\n|move|p2b: Kingambit|Protect|p2b: Kingambit\n|-singleturn|p2b: Kingambit|Protect\n|move|p1a: Basculegion|Aqua Jet|p2b: Kingambit\n|-activate|p2b: Kingambit|move: Protect\n|move|p1b: Archaludon|Electro Shot||[still]\n|-prepare|p1b: Archaludon|Electro Shot\n|-boost|p1b: Archaludon|spa|1\n|-anim|p1b: Archaludon|Electro Shot|p2a: Scovillain\n|-resisted|p2a: Scovillain|1\n|-damage|p2a: Scovillain|55/100\n|\n|-weather|RainDance|[upkeep]\n|-ability|p2a: Scovillain|Moody|boost\n|-boost|p2a: Scovillain|spe|2\n|-unboost|p2a: Scovillain|spa|1\n|upkeep\n|turn|4\n|inactive|SDLT 2KRL SWM has 30 seconds left.\n|inactive|Murphy's kitchen has 30 seconds left.\n|\n|t:|1776688865\n|detailschange|p2a: Scovillain|Scovillain-Mega, L50, M\n|-mega|p2a: Scovillain|Scovillain|Scovillainite\n|move|p1a: Basculegion|Protect|p1a: Basculegion\n|-singleturn|p1a: Basculegion|Protect\n|move|p2a: Scovillain|Rage Powder|p2a: Scovillain\n|-singleturn|p2a: Scovillain|move: Rage Powder\n|move|p1b: Archaludon|Electro Shot||[still]\n|-prepare|p1b: Archaludon|Electro Shot\n|-boost|p1b: Archaludon|spa|1\n|-anim|p1b: Archaludon|Electro Shot|p2a: Scovillain\n|-resisted|p2a: Scovillain|1\n|-damage|p2a: Scovillain|6/100\n|-status|p1b: Archaludon|brn|[from] ability: Spicy Spray|[of] p2a: Scovillain\n|move|p2b: Kingambit|Kowtow Cleave|p1a: Basculegion\n|-activate|p1a: Basculegion|move: Protect\n|\n|-weather|RainDance|[upkeep]\n|-damage|p1b: Archaludon|95/100 brn|[from] brn\n|-sideend|p1: SDLT 2KRL SWM|move: Tailwind\n|upkeep\n|turn|5\n|inactive|Murphy's kitchen has 30 seconds left.\n|\n|t:|1776688898\n|move|p2b: Kingambit|Protect|p2b: Kingambit\n|-singleturn|p2b: Kingambit|Protect\n|move|p1a: Basculegion|Aqua Jet|p2b: Kingambit\n|-activate|p2b: Kingambit|move: Protect\n|move|p1b: Archaludon|Electro Shot||[still]\n|-prepare|p1b: Archaludon|Electro Shot\n|-boost|p1b: Archaludon|spa|1\n|-anim|p1b: Archaludon|Electro Shot|p2b: Kingambit\n|-activate|p2b: Kingambit|move: Protect\n|move|p2a: Scovillain|Leaf Storm|p1a: Basculegion\n|-supereffective|p1a: Basculegion|1\n|-damage|p1a: Basculegion|7/100\n|-unboost|p2a: Scovillain|spa|2\n|\n|-weather|none\n|-damage|p1b: Archaludon|89/100 brn|[from] brn\n|upkeep\n|turn|6\n|\n|t:|1776688922\n|move|p2a: Scovillain|Rage Powder|p2a: Scovillain\n|-singleturn|p2a: Scovillain|move: Rage Powder\n|move|p1a: Basculegion|Aqua Jet|p2a: Scovillain\n|-damage|p2a: Scovillain|0 fnt\n|-status|p1a: Basculegion|brn|[from] ability: Spicy Spray|[of] p2a: Scovillain\n|faint|p2a: Scovillain\n|move|p1b: Archaludon|Electro Shot||[still]\n|-prepare|p1b: Archaludon|Electro Shot\n|-boost|p1b: Archaludon|spa|1\n|move|p2b: Kingambit|Kowtow Cleave|p1b: Archaludon\n|-damage|p1b: Archaludon|34/100 brn\n|\n|-damage|p1b: Archaludon|28/100 brn|[from] brn\n|-damage|p1a: Basculegion|1/100 brn|[from] brn\n|upkeep\n|-message|SDLT 2KRL SWM forfeited.\n|\n|win|Murphy's kitchen\n|raw|SDLT 2KRL SWM's rating: 1507 &rarr; <strong>1486</strong><br />(-21 for losing)\n|raw|Murphy&apos;s kitchen's rating: 1483 &rarr; <strong>1504</strong><br />(+21 for winning)\n|l|\u2606SDLT 2KRL SWM\n|player|p1|\n",
  "uploadtime": 1776688943,
  "views": 17,
  "formatid": "gen9championsvgc2026regma",
  "rating": 1486,
  "private": 0,
  "password": null
}