{
  "id": "gen9championsvgc2026regma-2585759705",
  "format": "[Gen 9 Champions] VGC 2026 Reg M-A",
  "players": [
    "NEONxTOKYO",
    "thezestybravo"
  ],
  "log": "|j|\u2606NEONxTOKYO\n|j|\u2606thezestybravo\n|t:|1776368656\n|gametype|doubles\n|player|p1|NEONxTOKYO|265|1110\n|player|p2|thezestybravo|hugh|1205\n|gen|9\n|tier|[Gen 9 Champions] VGC 2026 Reg M-A\n|rated|\n|rule|Species Clause: Limit one of each Pok\u00e9mon\n|rule|Item Clause: Limit 1 of each item\n|clearpoke\n|poke|p1|Garchomp, L50, M|\n|poke|p1|Tyranitar, L50, M|\n|poke|p1|Excadrill, L50, M|\n|poke|p1|Corviknight, L50, M|\n|poke|p1|Rotom-Wash, L50|\n|poke|p1|Archaludon, L50, F|\n|poke|p2|Sinistcha, L50|\n|poke|p2|Milotic, L50, M|\n|poke|p2|Aggron, L50, M|\n|poke|p2|Sneasler, L50, F|\n|poke|p2|Tyranitar, L50, M|\n|poke|p2|Farigiraf, L50, F|\n|teampreview|4\n|inactive|Battle timer is ON: inactive players will automatically lose when time's up. (requested by thezestybravo)\n|\n|t:|1776368682\n|teamsize|p1|4\n|teamsize|p2|4\n|start\n|switch|p1a: Corviknight|Corviknight, L50, M|100/100\n|switch|p1b: Rotom|Rotom-Wash, L50|100/100\n|switch|p2a: Sneasler|Sneasler, L50, F|100/100\n|switch|p2b: Aggron|Aggron, L50, M|100/100\n|turn|1\n|inactive|thezestybravo has 30 seconds left.\n|\n|t:|1776368711\n|detailschange|p2b: Aggron|Aggron-Mega, L50, M\n|-mega|p2b: Aggron|Aggron|Aggronite\n|move|p2a: Sneasler|Fake Out|p1b: Rotom\n|-damage|p1b: Rotom|85/100\n|cant|p1b: Rotom|flinch\n|move|p1a: Corviknight|Iron Defense|p1a: Corviknight\n|-boost|p1a: Corviknight|def|2\n|move|p2b: Aggron|Iron Defense|p2b: Aggron\n|-boost|p2b: Aggron|def|2\n|\n|upkeep\n|turn|2\n|\n|t:|1776368734\n|move|p2a: Sneasler|Close Combat|p1b: Rotom\n|-damage|p1b: Rotom|23/100\n|-unboost|p2a: Sneasler|def|1\n|-unboost|p2a: Sneasler|spd|1\n|-enditem|p1b: Rotom|Sitrus Berry|[eat]\n|-heal|p1b: Rotom|48/100|[from] item: Sitrus Berry\n|move|p1b: Rotom|Will-O-Wisp|p2b: Aggron\n|-status|p2b: Aggron|brn\n|move|p1a: Corviknight|Iron Defense|p1a: Corviknight\n|-boost|p1a: Corviknight|def|2\n|move|p2b: Aggron|Body Press|p1a: Corviknight\n|-damage|p1a: Corviknight|93/100\n|\n|-heal|p1a: Corviknight|99/100|[from] item: Leftovers\n|-damage|p2b: Aggron|94/100 brn|[from] brn\n|upkeep\n|turn|3\n|inactive|NEONxTOKYO has 30 seconds left.\n|\n|t:|1776368767\n|move|p2a: Sneasler|Dire Claw|p1b: Rotom\n|-damage|p1b: Rotom|3/100\n|move|p1b: Rotom|Will-O-Wisp|p2a: Sneasler|[miss]\n|-miss|p1b: Rotom|p2a: Sneasler\n|move|p1a: Corviknight|Iron Defense|p1a: Corviknight\n|-boost|p1a: Corviknight|def|2\n|move|p2b: Aggron|Iron Defense|p2b: Aggron\n|-boost|p2b: Aggron|def|2\n|\n|-heal|p1a: Corviknight|100/100|[from] item: Leftovers\n|-damage|p2b: Aggron|88/100 brn|[from] brn\n|upkeep\n|turn|4\n|\n|t:|1776368790\n|move|p2a: Sneasler|Dire Claw|p1b: Rotom\n|-damage|p1b: Rotom|0 fnt\n|faint|p1b: Rotom\n|move|p1a: Corviknight|Body Press|p2b: Aggron\n|-supereffective|p2b: Aggron|1\n|-damage|p2b: Aggron|64/100 brn\n|move|p2b: Aggron|Iron Defense|p2b: Aggron\n|-boost|p2b: Aggron|def|2\n|\n|-damage|p2b: Aggron|58/100 brn|[from] brn\n|upkeep\n|\n|t:|1776368801\n|switch|p1b: Tyranitar|Tyranitar, L50, M|100/100\n|-weather|Sandstorm|[from] ability: Sand Stream|[of] p1b: Tyranitar\n|turn|5\n|\n|t:|1776368812\n|detailschange|p1b: Tyranitar|Tyranitar-Mega, L50, M\n|-mega|p1b: Tyranitar|Tyranitar|Tyranitarite\n|move|p1b: Tyranitar|Protect|p1b: Tyranitar\n|-singleturn|p1b: Tyranitar|Protect\n|move|p2a: Sneasler|Close Combat|p1b: Tyranitar\n|-activate|p1b: Tyranitar|move: Protect\n|move|p1a: Corviknight|Body Press|p2a: Sneasler\n|-resisted|p2a: Sneasler|1\n|-enditem|p2a: Sneasler|Focus Sash\n|-damage|p2a: Sneasler|1/100\n|move|p2b: Aggron|Body Press|p1b: Tyranitar\n|-activate|p1b: Tyranitar|move: Protect\n|\n|-weather|Sandstorm|[upkeep]\n|-damage|p2a: Sneasler|0 fnt|[from] Sandstorm\n|faint|p2a: Sneasler\n|-damage|p2b: Aggron|51/100 brn|[from] brn\n|upkeep\n|\n|t:|1776368822\n|switch|p2a: Tyranitar|Tyranitar, L50, M|100/100\n|turn|6\n|\n|t:|1776368844\n|move|p1b: Tyranitar|Low Kick|p2a: Tyranitar\n|-supereffective|p2a: Tyranitar|2\n|-damage|p2a: Tyranitar|0 fnt\n|faint|p2a: Tyranitar\n|move|p1a: Corviknight|Body Press|p2b: Aggron\n|-supereffective|p2b: Aggron|1\n|-damage|p2b: Aggron|33/100 brn\n|move|p2b: Aggron|Body Press|p1a: Corviknight\n|-damage|p1a: Corviknight|88/100\n|\n|-weather|Sandstorm|[upkeep]\n|-heal|p1a: Corviknight|94/100|[from] item: Leftovers\n|-damage|p2b: Aggron|26/100 brn|[from] brn\n|upkeep\n|\n|t:|1776368859\n|switch|p2a: Sinistcha|Sinistcha, L50|100/100\n|-heal|p2b: Aggron|51/100 brn|[from] ability: Hospitality|[of] p2a: Sinistcha\n|turn|7\n|\n|t:|1776368873\n|move|p1b: Tyranitar|Crunch|p2a: Sinistcha\n|-supereffective|p2a: Sinistcha|1\n|-damage|p2a: Sinistcha|13/100\n|move|p2a: Sinistcha|Matcha Gotcha|p1a: Corviknight|[spread] p1a,p1b\n|-resisted|p1a: Corviknight|2\n|-supereffective|p1b: Tyranitar|1\n|-damage|p1a: Corviknight|89/100\n|-heal|p2a: Sinistcha|16/100|[from] drain|[of] p1a: Corviknight\n|-damage|p1b: Tyranitar|76/100\n|-heal|p2a: Sinistcha|30/100|[from] drain|[of] p1b: Tyranitar\n|move|p1a: Corviknight|Tailwind|p1a: Corviknight\n|-sidestart|p1: NEONxTOKYO|move: Tailwind\n|move|p2b: Aggron|Body Press|p1b: Tyranitar\n|-supereffective|p1b: Tyranitar|2\n|-damage|p1b: Tyranitar|0 fnt\n|faint|p1b: Tyranitar\n|\n|-weather|Sandstorm|[upkeep]\n|-damage|p2a: Sinistcha|24/100|[from] Sandstorm\n|-heal|p1a: Corviknight|95/100|[from] item: Leftovers\n|-heal|p2a: Sinistcha|30/100|[from] item: Leftovers\n|-damage|p2b: Aggron|45/100 brn|[from] brn\n|upkeep\n|\n|t:|1776368897\n|switch|p1b: Excadrill|Excadrill, L50, M|100/100\n|turn|8\n|\n|t:|1776368915\n|move|p2b: Aggron|Protect|p2b: Aggron\n|-singleturn|p2b: Aggron|Protect\n|move|p1b: Excadrill|Iron Head|p2a: Sinistcha\n|-crit|p2a: Sinistcha\n|-damage|p2a: Sinistcha|0 fnt\n|faint|p2a: Sinistcha\n|move|p1a: Corviknight|Body Press|p2b: Aggron\n|-activate|p2b: Aggron|move: Protect\n|\n|-weather|Sandstorm|[upkeep]\n|-heal|p1a: Corviknight|100/100|[from] item: Leftovers\n|-damage|p2b: Aggron|39/100 brn|[from] brn\n|upkeep\n|turn|9\n|\n|t:|1776368934\n|move|p1b: Excadrill|High Horsepower|p2b: Aggron\n|-supereffective|p2b: Aggron|1\n|-damage|p2b: Aggron|30/100 brn\n|move|p1a: Corviknight|Body Press|p2b: Aggron\n|-supereffective|p2b: Aggron|1\n|-damage|p2b: Aggron|10/100 brn\n|move|p2b: Aggron|Body Press|p1b: Excadrill\n|-supereffective|p1b: Excadrill|1\n|-enditem|p1b: Excadrill|Focus Sash\n|-damage|p1b: Excadrill|1/100\n|\n|-weather|none\n|-damage|p2b: Aggron|3/100 brn|[from] brn\n|upkeep\n|turn|10\n|inactive|thezestybravo has 30 seconds left.\n|\n|t:|1776368963\n|move|p1b: Excadrill|High Horsepower|p2b: Aggron\n|-supereffective|p2b: Aggron|1\n|-damage|p2b: Aggron|0 fnt\n|faint|p2b: Aggron\n|\n|win|NEONxTOKYO\n|raw|NEONxTOKYO's rating: 1110 &rarr; <strong>1142</strong><br />(+32 for winning)\n|raw|thezestybravo's rating: 1205 &rarr; <strong>1173</strong><br />(-32 for losing)\n",
  "uploadtime": 1776368963,
  "views": 17,
  "formatid": "gen9championsvgc2026regma",
  "rating": 1142,
  "private": 0,
  "password": null
}