{
  "id": "gen9championsvgc2026regma-2588488634",
  "format": "[Gen 9 Champions] VGC 2026 Reg M-A",
  "players": [
    "queenkorvus",
    "lexknight"
  ],
  "log": "|j|\u2606queenkorvus\n|j|\u2606lexknight\n|t:|1776638079\n|gametype|doubles\n|player|p1|queenkorvus|265|1159\n|player|p2|lexknight|101|1139\n|gen|9\n|tier|[Gen 9 Champions] VGC 2026 Reg M-A\n|rated|\n|rule|Species Clause: Limit one of each Pok\u00e9mon\n|rule|Item Clause: Limit 1 of each item\n|clearpoke\n|poke|p1|Archaludon, L50, M|\n|poke|p1|Aerodactyl, L50, F|\n|poke|p1|Tauros-Paldea-Aqua, L50, M|\n|poke|p1|Meganium, L50, M|\n|poke|p1|Kangaskhan, L50, F|\n|poke|p1|Politoed, L50, F|\n|poke|p2|Meganium, L50, F|\n|poke|p2|Pelipper, L50, F|\n|poke|p2|Basculegion, L50, M|\n|poke|p2|Kingambit, L50, F|\n|poke|p2|Sneasler, L50, F|\n|poke|p2|Archaludon, L50, M|\n|teampreview|4\n|inactive|Battle timer is ON: inactive players will automatically lose when time's up. (requested by queenkorvus)\nqueenkorvus rejected open team sheets.\n|\n|t:|1776638108\n|teamsize|p1|4\n|teamsize|p2|4\n|start\n|switch|p1a: Meganium|Meganium, L50, M|100/100\n|switch|p1b: Aerodactyl|Aerodactyl, L50, F|100/100\n|switch|p2a: Meganium|Meganium, L50, F|100/100\n|switch|p2b: Sneasler|Sneasler, L50, F|100/100\n|-ability|p1b: Aerodactyl|Unnerve\n|turn|1\n|\n|t:|1776638126\n|detailschange|p2a: Meganium|Meganium-Mega, L50, F\n|-mega|p2a: Meganium|Meganium|Meganiumite\n|detailschange|p1a: Meganium|Meganium-Mega, L50, M\n|-mega|p1a: Meganium|Meganium|Meganiumite\n|move|p1a: Meganium|Protect|p1a: Meganium\n|-singleturn|p1a: Meganium|Protect\n|move|p2b: Sneasler|Fake Out|p1b: Aerodactyl\n|-resisted|p1b: Aerodactyl|1\n|-damage|p1b: Aerodactyl|90/100\n|cant|p1b: Aerodactyl|flinch\n|move|p2a: Meganium|Weather Ball|p1a: Meganium\n|-activate|p1a: Meganium|move: Protect\n|\n|upkeep\n|turn|2\n|inactive|lexknight has 30 seconds left.\n|inactive|lexknight has 20 seconds left.\n|inactive|lexknight has 15 seconds left.\n|inactive|lexknight has 10 seconds left.\n|\n|t:|1776638176\n|move|p1b: Aerodactyl|Dual Wingbeat|p2b: Sneasler\n|-supereffective|p2b: Sneasler|1\n|-damage|p2b: Sneasler|42/100\n|-supereffective|p2b: Sneasler|1\n|-damage|p2b: Sneasler|0 fnt\n|faint|p2b: Sneasler\n|-hitcount|p2: Sneasler|2\n|move|p2a: Meganium|Solar Beam||[still]\n|-prepare|p2a: Meganium|Solar Beam\n|-activate|p2a: Meganium|ability: Mega Sol\n|-anim|p2a: Meganium|Solar Beam|p1b: Aerodactyl\n|-damage|p1b: Aerodactyl|0 fnt\n|faint|p1b: Aerodactyl\n|move|p1a: Meganium|Weather Ball|p2a: Meganium\n|-supereffective|p2a: Meganium|1\n|-damage|p2a: Meganium|12/100\n|\n|upkeep\n|\n|t:|1776638198\n|switch|p1b: Archaludon|Archaludon, L50, M|100/100\n|switch|p2b: Kingambit|Kingambit, L50, F|100/100\n|turn|3\n|inactive|lexknight has 30 seconds left.\n|inactive|lexknight has 20 seconds left.\n|\n|t:|1776638235\n|move|p2a: Meganium|Dazzling Gleam|p1a: Meganium|[spread] p1a,p1b\n|-damage|p1a: Meganium|71/100\n|-damage|p1b: Archaludon|60/100\n|-ability|p1b: Archaludon|Stamina|boost\n|-boost|p1b: Archaludon|def|1\n|move|p1b: Archaludon|Flash Cannon|p2a: Meganium\n|-supereffective|p2a: Meganium|1\n|-damage|p2a: Meganium|0 fnt\n|faint|p2a: Meganium\n|move|p1a: Meganium|Weather Ball|p2b: Kingambit\n|-supereffective|p2b: Kingambit|1\n|-damage|p2b: Kingambit|8/100\n|move|p2b: Kingambit|Iron Head|p1a: Meganium\n|-supereffective|p1a: Meganium|1\n|-damage|p1a: Meganium|0 fnt\n|faint|p1a: Meganium\n|\n|-heal|p1b: Archaludon|66/100|[from] item: Leftovers\n|upkeep\n|\n|t:|1776638254\n|switch|p2a: Archaludon|Archaludon, L50, M|100/100\n|switch|p1a: Tauros|Tauros-Paldea-Aqua, L50, M|100/100\n|-ability|p1a: Tauros|Intimidate|boost\n|-unboost|p2a: Archaludon|atk|1\n|-unboost|p2b: Kingambit|atk|1\n|-ability|p2b: Kingambit|Defiant|boost\n|-boost|p2b: Kingambit|atk|2\n|turn|4\n|inactive|queenkorvus has 30 seconds left.\n|inactive|lexknight has 30 seconds left.\n|inactive|queenkorvus has 20 seconds left.\n|inactive|lexknight has 20 seconds left.\n|inactive|lexknight has 15 seconds left.\n|inactive|lexknight has 10 seconds left.\n|inactive|lexknight has 5 seconds left.\n|\n|t:|1776638305\n|move|p1b: Archaludon|Protect|p1b: Archaludon\n|-singleturn|p1b: Archaludon|Protect\n|move|p2b: Kingambit|Protect|p2b: Kingambit\n|-singleturn|p2b: Kingambit|Protect\n|move|p1a: Tauros|Aqua Jet|p2b: Kingambit\n|-activate|p2b: Kingambit|move: Protect\n|move|p2a: Archaludon|Draco Meteor|p1a: Tauros\n|-damage|p1a: Tauros|0 fnt\n|-unboost|p2a: Archaludon|spa|2\n|faint|p1a: Tauros\n|\n|-heal|p1b: Archaludon|72/100|[from] item: Leftovers\n|upkeep\n|turn|5\n|inactive|lexknight has 30 seconds left.\n|inactive|lexknight has 20 seconds left.\n|\n|t:|1776638342\n|move|p2a: Archaludon|Thunder Wave|p1b: Archaludon\n|-status|p1b: Archaludon|par\n|move|p2b: Kingambit|Kowtow Cleave|p1b: Archaludon\n|-damage|p1b: Archaludon|31/100 par\n|-ability|p1b: Archaludon|Stamina|boost\n|-boost|p1b: Archaludon|def|1\n|move|p1b: Archaludon|Thunderbolt|p2b: Kingambit\n|-damage|p2b: Kingambit|0 fnt\n|faint|p2b: Kingambit\n|\n|-heal|p1b: Archaludon|37/100 par|[from] item: Leftovers\n|upkeep\n|turn|6\n|inactive|lexknight has 30 seconds left.\n|\n|t:|1776638370\n|move|p1b: Archaludon|Protect|p1b: Archaludon\n|-singleturn|p1b: Archaludon|Protect\n|move|p2a: Archaludon|Draco Meteor|p1b: Archaludon\n|-activate|p1b: Archaludon|move: Protect\n|\n|-heal|p1b: Archaludon|43/100 par|[from] item: Leftovers\n|upkeep\n|turn|7\n|inactive|lexknight has 30 seconds left.\n|\n|t:|1776638401\n|move|p2a: Archaludon|Flash Cannon|p1b: Archaludon\n|-resisted|p1b: Archaludon|1\n|-damage|p1b: Archaludon|32/100 par\n|-unboost|p1b: Archaludon|spd|1\n|-ability|p1b: Archaludon|Stamina|boost\n|-boost|p1b: Archaludon|def|1\n|cant|p1b: Archaludon|par\n|\n|-heal|p1b: Archaludon|38/100 par|[from] item: Leftovers\n|upkeep\n|turn|8\n|\n|t:|1776638410\n|move|p1b: Archaludon|Protect|p1b: Archaludon\n|-singleturn|p1b: Archaludon|Protect\n|move|p2a: Archaludon|Flash Cannon|p1b: Archaludon\n|-activate|p1b: Archaludon|move: Protect\n|\n|-heal|p1b: Archaludon|44/100 par|[from] item: Leftovers\n|upkeep\n|turn|9\n|\n|t:|1776638418\n|move|p2a: Archaludon|Flash Cannon|p1b: Archaludon\n|-resisted|p1b: Archaludon|1\n|-damage|p1b: Archaludon|28/100 par\n|-ability|p1b: Archaludon|Stamina|boost\n|-boost|p1b: Archaludon|def|1\n|move|p1b: Archaludon|Dragon Pulse|p2a: Archaludon\n|-damage|p2a: Archaludon|50/100\n|-ability|p2a: Archaludon|Stamina|boost\n|-boost|p2a: Archaludon|def|1\n|\n|-heal|p2a: Archaludon|56/100|[from] item: Leftovers\n|-heal|p1b: Archaludon|34/100 par|[from] item: Leftovers\n|upkeep\n|turn|10\n|inactive|lexknight has 30 seconds left.\n|\n|t:|1776638448\n|move|p1b: Archaludon|Protect|p1b: Archaludon\n|-singleturn|p1b: Archaludon|Protect\n|move|p2a: Archaludon|Draco Meteor|p1b: Archaludon\n|-activate|p1b: Archaludon|move: Protect\n|\n|-heal|p2a: Archaludon|62/100|[from] item: Leftovers\n|-heal|p1b: Archaludon|40/100 par|[from] item: Leftovers\n|upkeep\n|turn|11\n|\n|t:|1776638466\n|move|p2a: Archaludon|Flash Cannon|p1b: Archaludon\n|-resisted|p1b: Archaludon|1\n|-damage|p1b: Archaludon|24/100 par\n|-ability|p1b: Archaludon|Stamina|boost\n|-boost|p1b: Archaludon|def|1\n|move|p1b: Archaludon|Dragon Pulse|p2a: Archaludon\n|-damage|p2a: Archaludon|4/100\n|-ability|p2a: Archaludon|Stamina|boost\n|-boost|p2a: Archaludon|def|1\n|\n|-heal|p2a: Archaludon|10/100|[from] item: Leftovers\n|-heal|p1b: Archaludon|30/100 par|[from] item: Leftovers\n|upkeep\n|turn|12\n|\n|t:|1776638484\n|move|p2a: Archaludon|Draco Meteor|p1b: Archaludon\n|-damage|p1b: Archaludon|0 fnt\n|-unboost|p2a: Archaludon|spa|2\n|faint|p1b: Archaludon\n|\n|win|lexknight\n|raw|queenkorvus's rating: 1159 &rarr; <strong>1133</strong><br />(-26 for losing)\n|raw|lexknight's rating: 1139 &rarr; <strong>1165</strong><br />(+26 for winning)\n|c|\u2606queenkorvus|gg\n|c|\u2606lexknight|gg\n|l|\u2606queenkorvus\n|player|p1|\n",
  "uploadtime": 1776638645,
  "views": 20,
  "formatid": "gen9championsvgc2026regma",
  "rating": 1133,
  "private": 0,
  "password": null
}