{
  "id": "gen9championsvgc2026regma-2581124547",
  "format": "[Gen 9 Champions] VGC 2026 Reg M-A",
  "players": [
    "frrrmchl",
    "ohaimiles"
  ],
  "log": "|j|\u2606frrrmchl\n|j|\u2606ohaimiles\n|t:|1775962225\n|gametype|doubles\n|player|p1|frrrmchl|101|1085\n|player|p2|ohaimiles|1|1179\n|gen|9\n|tier|[Gen 9 Champions] VGC 2026 Reg M-A\n|rated|\n|rule|Species Clause: Limit one of each Pok\u00e9mon\n|rule|Item Clause: Limit 1 of each item\n|clearpoke\n|poke|p1|Oranguru, L50, F|\n|poke|p1|Torkoal, L50, M|\n|poke|p1|Bellibolt, L50, M|\n|poke|p1|Sinistcha-Masterpiece, L50|\n|poke|p1|Incineroar, L50, F|\n|poke|p1|Golurk, L50|\n|poke|p2|Froslass, L50, F|\n|poke|p2|Maushold-Four, L50|\n|poke|p2|Rotom-Frost, L50|\n|poke|p2|Garchomp, L50, M|\n|poke|p2|Sneasler, L50, F|\n|poke|p2|Incineroar, L50, F|\n|teampreview|4\n|inactive|Battle timer is ON: inactive players will automatically lose when time's up. (requested by frrrmchl)\nohaimiles has agreed to open team sheets.\nfrrrmchl has agreed to open team sheets.\n|showteam|p1|Oranguru||MentalHerb|Telepathy|TrickRoom,Instruct,FoulPlay,Yawn|||F|||50|]Torkoal||Charcoal|Drought|Eruption,Overheat,BodyPress,Protect|||M|||50|]Bellibolt||ShucaBerry|Electromorphosis|ParabolicCharge,MuddyWater,Thunderbolt,Protect|||M|||50|]Sinistcha-Masterpiece||Leftovers|Hospitality|MatchaGotcha,TrickRoom,RagePowder,ShadowBall||||||50|]Incineroar||SitrusBerry|Intimidate|FakeOut,PartingShot,DarkestLariat,FlareBlitz|||F|||50|]Golurk||Golurkite|NoGuard|HeadlongRush,Poltergeist,IcePunch,Protect||||||50|\n|showteam|p2|Froslass||Froslassite|SnowCloak|NastyPlot,Protect,Blizzard,ShadowBall|||F|||50|]Maushold-Four||FocusSash|FriendGuard|SuperFang,FollowMe,Protect,HelpingHand||||||50|]Rotom-Frost||ChoiceScarf|Levitate|Blizzard,VoltSwitch,Electroweb,Thunderbolt||||||50|]Garchomp||SoftSand|SandVeil|Earthquake,DragonClaw,Protect,RockSlide|||M|||50|]Sneasler||WhiteHerb|Unburden|CloseCombat,FakeOut,Protect,DireClaw|||F|||50|]Incineroar||SitrusBerry|Intimidate|FakeOut,DarkestLariat,PartingShot,FlareBlitz|||F|||50|\n|inactive|ohaimiles has 60 seconds left.\n|inactive|ohaimiles has 30 seconds left.\n|inactive|ohaimiles has 20 seconds left.\n|\n|t:|1775962301\n|teamsize|p1|4\n|teamsize|p2|4\n|start\n|switch|p1a: Oranguru|Oranguru, L50, F|100/100\n|switch|p1b: Incineroar|Incineroar, L50, F|100/100\n|switch|p2a: Sneasler|Sneasler, L50, F|100/100\n|switch|p2b: Froslass|Froslass, L50, F|100/100\n|-ability|p1b: Incineroar|Intimidate|boost\n|-unboost|p2a: Sneasler|atk|1\n|-unboost|p2b: Froslass|atk|1\n|-enditem|p2a: Sneasler|White Herb\n|-clearnegativeboost|p2a: Sneasler|[silent]\n|turn|1\n|inactive|ohaimiles has 30 seconds left.\n|inactive|frrrmchl has 30 seconds left.\n|\n|t:|1775962334\n|switch|p2b: Incineroar|Incineroar, L50, F|100/100\n|-ability|p2b: Incineroar|Intimidate|boost\n|-unboost|p1a: Oranguru|atk|1\n|-unboost|p1b: Incineroar|atk|1\n|move|p2a: Sneasler|Fake Out|p1a: Oranguru\n|-damage|p1a: Oranguru|87/100\n|move|p1b: Incineroar|Parting Shot|p2b: Incineroar\n|-unboost|p2b: Incineroar|atk|1\n|-unboost|p2b: Incineroar|spa|1\n|\n|t:|1775962344\n|switch|p1b: Golurk|Golurk, L50|100/100|[from] Parting Shot\n|cant|p1a: Oranguru|flinch\n|\n|upkeep\n|turn|2\n|\n|t:|1775962364\n|detailschange|p1b: Golurk|Golurk-Mega, L50\n|-mega|p1b: Golurk|Golurk|Golurkite\n|move|p1b: Golurk|Protect|p1b: Golurk\n|-singleturn|p1b: Golurk|Protect\n|move|p2a: Sneasler|Close Combat|p1a: Oranguru\n|-damage|p1a: Oranguru|35/100\n|-unboost|p2a: Sneasler|def|1\n|-unboost|p2a: Sneasler|spd|1\n|move|p2b: Incineroar|Darkest Lariat|p1a: Oranguru\n|-supereffective|p1a: Oranguru|1\n|-damage|p1a: Oranguru|0 fnt\n|faint|p1a: Oranguru\n|\n|upkeep\n|\n|t:|1775962379\n|switch|p1a: Incineroar|Incineroar, L50, F|100/100\n|-ability|p1a: Incineroar|Intimidate|boost\n|-unboost|p2a: Sneasler|atk|1\n|-unboost|p2b: Incineroar|atk|1\n|turn|3\n|inactive|ohaimiles has 30 seconds left.\n|\n|t:|1775962406\n|move|p1a: Incineroar|Fake Out|p2b: Incineroar\n|-damage|p2b: Incineroar|89/100\n|move|p2a: Sneasler|Close Combat|p1a: Incineroar\n|-supereffective|p1a: Incineroar|1\n|-damage|p1a: Incineroar|15/100\n|-unboost|p2a: Sneasler|def|1\n|-unboost|p2a: Sneasler|spd|1\n|-enditem|p1a: Incineroar|Sitrus Berry|[eat]\n|-heal|p1a: Incineroar|40/100|[from] item: Sitrus Berry\n|cant|p2b: Incineroar|flinch\n|move|p1b: Golurk|Headlong Rush|p2a: Sneasler\n|-supereffective|p2a: Sneasler|1\n|-damage|p2a: Sneasler|0 fnt\n|-unboost|p1b: Golurk|def|1\n|-unboost|p1b: Golurk|spd|1\n|faint|p2a: Sneasler\n|\n|upkeep\n|\n|t:|1775962417\n|switch|p2a: Froslass|Froslass, L50, F|100/100\n|turn|4\n|\n|t:|1775962442\n|detailschange|p2a: Froslass|Froslass-Mega, L50, F\n|-mega|p2a: Froslass|Froslass|Froslassite\n|-weather|Snowscape|[from] ability: Snow Warning|[of] p2a: Froslass\n|move|p1b: Golurk|Protect|p1b: Golurk\n|-singleturn|p1b: Golurk|Protect\n|move|p2a: Froslass|Blizzard|p1b: Golurk|[spread] p1a\n|-activate|p1b: Golurk|move: Protect\n|-resisted|p1a: Incineroar|1\n|-damage|p1a: Incineroar|18/100\n|move|p1a: Incineroar|Parting Shot|p2a: Froslass\n|-unboost|p2a: Froslass|atk|1\n|-unboost|p2a: Froslass|spa|1\n|\n|t:|1775962451\n|switch|p1a: Torkoal|Torkoal, L50, M|100/100|[from] Parting Shot\n|-weather|SunnyDay|[from] ability: Drought|[of] p1a: Torkoal\n|move|p2b: Incineroar|Parting Shot|p1a: Torkoal\n|-unboost|p1a: Torkoal|atk|1\n|-unboost|p1a: Torkoal|spa|1\n|\n|t:|1775962454\n|switch|p2b: Garchomp|Garchomp, L50, M|100/100|[from] Parting Shot\n|\n|-weather|SunnyDay|[upkeep]\n|upkeep\n|turn|5\n|\n|t:|1775962466\n|switch|p1a: Incineroar|Incineroar, L50, F|18/100\n|-ability|p1a: Incineroar|Intimidate|boost\n|-unboost|p2a: Froslass|atk|1\n|-unboost|p2b: Garchomp|atk|1\n|move|p2a: Froslass|Shadow Ball|p1b: Golurk\n|-supereffective|p1b: Golurk|1\n|-damage|p1b: Golurk|16/100\n|-unboost|p1b: Golurk|spd|1\n|move|p2b: Garchomp|Earthquake|p1a: Incineroar|[spread] p2a,p1a,p1b\n|-supereffective|p1a: Incineroar|1\n|-crit|p1a: Incineroar\n|-damage|p2a: Froslass|44/100\n|-damage|p1a: Incineroar|0 fnt\n|-damage|p1b: Golurk|0 fnt\n|faint|p1a: Incineroar\n|faint|p1b: Golurk\n|\n|-weather|SunnyDay|[upkeep]\n|upkeep\n|c|\u2606ohaimiles|gg\n|\n|t:|1775962477\n|switch|p1b: Torkoal|Torkoal, L50, M|100/100\n|turn|6\n|\n|t:|1775962485\n|move|p2a: Froslass|Shadow Ball|p1b: Torkoal\n|-damage|p1b: Torkoal|59/100\n|move|p2b: Garchomp|Earthquake|p1b: Torkoal|[spread] p2a,p1b\n|-supereffective|p1b: Torkoal|1\n|-damage|p2a: Froslass|0 fnt\n|-damage|p1b: Torkoal|2/100\n|faint|p2a: Froslass\n|move|p1b: Torkoal|Eruption|p2b: Garchomp\n|-resisted|p2b: Garchomp|1\n|-damage|p2b: Garchomp|99/100\n|\n|-weather|SunnyDay|[upkeep]\n|upkeep\n|\n|t:|1775962486\n|switch|p2a: Incineroar|Incineroar, L50, F|89/100\n|-ability|p2a: Incineroar|Intimidate|boost\n|-unboost|p1b: Torkoal|atk|1\n|turn|7\n|-message|frrrmchl forfeited.\n|\n|win|ohaimiles\n|raw|frrrmchl's rating: 1085 &rarr; <strong>1068</strong><br />(-17 for losing)\n|raw|ohaimiles's rating: 1179 &rarr; <strong>1197</strong><br />(+18 for winning)\n|l|\u2606frrrmchl\n|player|p1|\n",
  "uploadtime": 1775962503,
  "views": 19,
  "formatid": "gen9championsvgc2026regma",
  "rating": 1068,
  "private": 0,
  "password": null
}