{
  "id": "gen9championsvgc2026regma-2581510759",
  "format": "[Gen 9 Champions] VGC 2026 Reg M-A",
  "players": [
    "DukeKayn",
    "txoklo"
  ],
  "log": "|j|\u2606DukeKayn\n|j|\u2606txoklo\n|t:|1776006999\n|gametype|doubles\n|player|p1|DukeKayn|265|1028\n|player|p2|txoklo|102|1044\n|gen|9\n|tier|[Gen 9 Champions] VGC 2026 Reg M-A\n|rated|\n|rule|Species Clause: Limit one of each Pok\u00e9mon\n|rule|Item Clause: Limit 1 of each item\n|clearpoke\n|poke|p1|Jolteon, L50, M|\n|poke|p1|Pelipper, L50, F|\n|poke|p1|Meganium, L50, F|\n|poke|p1|Kingambit, L50, F|\n|poke|p1|Garchomp, L50, F|\n|poke|p1|Sneasler, L50, F|\n|poke|p2|Sableye, L50, F|\n|poke|p2|Milotic, L50, M|\n|poke|p2|Charizard, L50, F|\n|poke|p2|Espathra, L50, M|\n|poke|p2|Gardevoir, L50, M|\n|poke|p2|Garchomp, L50, F|\n|teampreview|4\n|\n|t:|1776007037\n|teamsize|p1|4\n|teamsize|p2|4\n|start\n|switch|p1a: Jolteon|Jolteon, L50, M|100/100\n|switch|p1b: Sneasler|Sneasler, L50, F|100/100\n|switch|p2a: Sableye|Sableye, L50, F|100/100\n|switch|p2b: Charizard|Charizard, L50, F|100/100\n|turn|1\n|\n|t:|1776007069\n|switch|p2b: Garchomp|Garchomp, L50, F|100/100\n|move|p1b: Sneasler|Fake Out|p2b: Garchomp\n|-damage|p2b: Garchomp|87/100\n|-damage|p1b: Sneasler|88/100|[from] ability: Rough Skin|[of] p2b: Garchomp\n|move|p2a: Sableye|Fake Out|p1b: Sneasler\n|-damage|p1b: Sneasler|76/100\n|move|p1a: Jolteon|Volt Switch|p2b: Garchomp\n|-immune|p2b: Garchomp\n|\n|upkeep\n|turn|2\n|\n|t:|1776007095\n|move|p2a: Sableye|Gravity|p2a: Sableye\n|-fieldstart|move: Gravity\n|move|p1a: Jolteon|Volt Switch|p2a: Sableye\n|-damage|p2a: Sableye|50/100\n|\n|t:|1776007106\n|switch|p1a: Meganium|Meganium, L50, F|100/100|[from] Volt Switch\n|move|p1b: Sneasler|Dire Claw|p2b: Garchomp\n|-resisted|p2b: Garchomp|1\n|-damage|p2b: Garchomp|68/100\n|-damage|p1b: Sneasler|64/100|[from] ability: Rough Skin|[of] p2b: Garchomp\n|move|p2b: Garchomp|Earthquake|p1a: Meganium|[spread] p2a,p1a,p1b\n|-resisted|p1a: Meganium|1\n|-supereffective|p1b: Sneasler|1\n|-damage|p2a: Sableye|0 fnt\n|-damage|p1a: Meganium|79/100\n|-damage|p1b: Sneasler|0 fnt\n|faint|p2a: Sableye\n|faint|p1b: Sneasler\n|\n|upkeep\n|\n|t:|1776007123\n|switch|p1b: Jolteon|Jolteon, L50, M|100/100\n|switch|p2a: Charizard|Charizard, L50, F|100/100\n|turn|3\n|\n|t:|1776007139\n|detailschange|p1a: Meganium|Meganium-Mega, L50, F\n|-mega|p1a: Meganium|Meganium|Meganiumite\n|move|p2b: Garchomp|Protect|p2b: Garchomp\n|-singleturn|p2b: Garchomp|Protect\n|move|p2a: Charizard|Protect|p2a: Charizard\n|-singleturn|p2a: Charizard|Protect\n|move|p1b: Jolteon|Volt Switch|p2a: Charizard\n|-activate|p2a: Charizard|move: Protect\n|move|p1a: Meganium|Dazzling Gleam|p2a: Charizard|[spread] \n|-activate|p2a: Charizard|move: Protect\n|-activate|p2b: Garchomp|move: Protect\n|\n|upkeep\n|turn|4\n|\n|t:|1776007212\n|switch|p2a: Gardevoir|Gardevoir, L50, M|100/100\n|move|p2b: Garchomp|Protect||[still]\n|-fail|p2b: Garchomp\n|move|p1b: Jolteon|Thunderbolt|p2a: Gardevoir\n|-damage|p2a: Gardevoir|38/100\n|move|p1a: Meganium|Synthesis|p1a: Meganium\n|-heal|p1a: Meganium|100/100\n|\n|upkeep\n|turn|5\n|\n|t:|1776007244\n|move|p2b: Garchomp|Protect|p2b: Garchomp\n|-singleturn|p2b: Garchomp|Protect\n|move|p2a: Gardevoir|Psyshock|p1b: Jolteon\n|-damage|p1b: Jolteon|25/100\n|move|p1b: Jolteon|Volt Switch|p2a: Gardevoir\n|-damage|p2a: Gardevoir|0 fnt\n|faint|p2a: Gardevoir\n|\n|t:|1776007253\n|switch|p1b: Pelipper|Pelipper, L50, F|100/100|[from] Volt Switch\n|-weather|RainDance|[from] ability: Drizzle|[of] p1b: Pelipper\n|move|p1a: Meganium|Dazzling Gleam|p2b: Garchomp\n|-activate|p2b: Garchomp|move: Protect\n|\n|-weather|RainDance|[upkeep]\n|upkeep\n|\n|t:|1776007261\n|switch|p2a: Charizard|Charizard, L50, F|100/100\n|turn|6\n|\n|t:|1776007275\n|detailschange|p2a: Charizard|Charizard-Mega-Y, L50, F\n|-mega|p2a: Charizard|Charizard|Charizardite Y\n|-weather|SunnyDay|[from] ability: Drought|[of] p2a: Charizard\n|move|p1b: Pelipper|Wide Guard|p1b: Pelipper\n|-singleturn|p1b: Pelipper|Wide Guard\n|move|p2b: Garchomp|Rock Slide|p1a: Meganium|[spread] \n|-activate|p1a: Meganium|move: Wide Guard\n|-activate|p1b: Pelipper|move: Wide Guard\n|move|p2a: Charizard|Heat Wave|p1a: Meganium|[spread] \n|-activate|p1a: Meganium|move: Wide Guard\n|-activate|p1b: Pelipper|move: Wide Guard\n|move|p1a: Meganium|Dazzling Gleam|p2b: Garchomp|[spread] p2a,p2b\n|-resisted|p2a: Charizard|1\n|-supereffective|p2b: Garchomp|1\n|-damage|p2a: Charizard|84/100\n|-damage|p2b: Garchomp|6/100\n|\n|-weather|SunnyDay|[upkeep]\n|-fieldend|move: Gravity\n|upkeep\n|turn|7\n|\n|t:|1776007304\n|switch|p1b: Jolteon|Jolteon, L50, M|25/100\n|move|p2b: Garchomp|Rock Slide|p1b: Jolteon|[spread] p1a,p1b\n|-damage|p1a: Meganium|79/100\n|-damage|p1b: Jolteon|0 fnt\n|faint|p1b: Jolteon\n|move|p2a: Charizard|Heat Wave|p1a: Meganium\n|-supereffective|p1a: Meganium|1\n|-damage|p1a: Meganium|0 fnt\n|faint|p1a: Meganium\n|\n|-weather|SunnyDay|[upkeep]\n|upkeep\n|\n|t:|1776007314\n|switch|p1b: Pelipper|Pelipper, L50, F|100/100\n|-weather|RainDance|[from] ability: Drizzle|[of] p1b: Pelipper\n|turn|8\n|\n|t:|1776007336\n|move|p2b: Garchomp|Rock Slide|p1b: Pelipper\n|-supereffective|p1b: Pelipper|1\n|-damage|p1b: Pelipper|44/100\n|move|p2a: Charizard|Solar Beam||[still]\n|-prepare|p2a: Charizard|Solar Beam\n|move|p1b: Pelipper|Weather Ball|p2b: Garchomp\n|-damage|p2b: Garchomp|0 fnt\n|faint|p2b: Garchomp\n|\n|-weather|RainDance|[upkeep]\n|upkeep\n|turn|9\n|\n|t:|1776007346\n|move|p2a: Charizard|Solar Beam|p1b: Pelipper|[from] lockedmove\n|-damage|p1b: Pelipper|8/100\n|move|p1b: Pelipper|Weather Ball|p2a: Charizard\n|-supereffective|p2a: Charizard|1\n|-damage|p2a: Charizard|0 fnt\n|faint|p2a: Charizard\n|\n|win|DukeKayn\n|raw|DukeKayn's rating: 1028 &rarr; <strong>1065</strong><br />(+37 for winning)\n|raw|txoklo's rating: 1044 &rarr; <strong>1027</strong><br />(-17 for losing)\n|l|\u2606txoklo\n|player|p2|\n",
  "uploadtime": 1776007358,
  "views": 23,
  "formatid": "gen9championsvgc2026regma",
  "rating": 1027,
  "private": 0,
  "password": null
}