{
  "id": "gen9championsvgc2026regma-2586078364",
  "format": "[Gen 9 Champions] VGC 2026 Reg M-A",
  "players": [
    "devious22",
    "Gulptubus"
  ],
  "log": "|j|\u2606devious22\n|j|\u2606Gulptubus\n|t:|1776396639\n|gametype|doubles\n|player|p1|devious22|102|1108\n|player|p2|Gulptubus|pokemonranger-gen4|1107\n|gen|9\n|tier|[Gen 9 Champions] VGC 2026 Reg M-A\n|rated|\n|rule|Species Clause: Limit one of each Pok\u00e9mon\n|rule|Item Clause: Limit 1 of each item\n|clearpoke\n|poke|p1|Meowscarada, L50, F|\n|poke|p1|Sneasler, L50, F|\n|poke|p1|Rotom-Wash, L50|\n|poke|p1|Corviknight, L50, F|\n|poke|p1|Froslass, L50, F|\n|poke|p1|Dragonite, L50, M|\n|poke|p2|Tyranitar, L50, M|\n|poke|p2|Aerodactyl, L50, F|\n|poke|p2|Garchomp, L50, M|\n|poke|p2|Incineroar, L50, F|\n|poke|p2|Sinistcha, L50|\n|poke|p2|Milotic, L50, M|\n|teampreview|4\n|inactive|Battle timer is ON: inactive players will automatically lose when time's up. (requested by devious22)\n|\n|t:|1776396680\n|teamsize|p1|4\n|teamsize|p2|4\n|start\n|switch|p1a: Meowscarada|Meowscarada, L50, F, shiny|100/100\n|switch|p1b: Corviknight|Corviknight, L50, F|100/100\n|switch|p2a: Incineroar|Incineroar, L50, F|100/100\n|switch|p2b: Garchomp|Garchomp, L50, M|100/100\n|-ability|p1b: Corviknight|Pressure\n|-ability|p2a: Incineroar|Intimidate|boost\n|-unboost|p1a: Meowscarada|atk|1\n|-unboost|p1b: Corviknight|atk|1\n|turn|1\n|\n|t:|1776396703\n|move|p2a: Incineroar|Fake Out|p1a: Meowscarada\n|-damage|p1a: Meowscarada|85/100\n|cant|p1a: Meowscarada|flinch\n|move|p2b: Garchomp|Dragon Claw|p1a: Meowscarada\n|-damage|p1a: Meowscarada|22/100\n|move|p1b: Corviknight|Tailwind|p1b: Corviknight\n|-sidestart|p1: devious22|move: Tailwind\n|\n|upkeep\n|turn|2\n|inactive|Gulptubus has 30 seconds left.\n|inactive|devious22 has 30 seconds left.\n|\n|t:|1776396735\n|move|p1a: Meowscarada|U-turn|p2b: Garchomp\n|-damage|p2b: Garchomp|86/100\n|-damage|p1a: Meowscarada|10/100|[from] ability: Rough Skin|[of] p2b: Garchomp\n|\n|t:|1776396744\n|switch|p1a: Sneasler|Sneasler, L50, F|100/100|[from] U-turn\n|-ability|p1a: Sneasler|Pressure\n|move|p1b: Corviknight|Body Press|p2a: Incineroar\n|-supereffective|p2a: Incineroar|1\n|-enditem|p2a: Incineroar|Chople Berry|[eat]\n|-enditem|p2a: Incineroar|Chople Berry|[weaken]\n|-damage|p2a: Incineroar|81/100\n|move|p2b: Garchomp|Dragon Claw|p1a: Sneasler\n|-damage|p1a: Sneasler|38/100\n|move|p2a: Incineroar|Flare Blitz|p1b: Corviknight\n|-supereffective|p1b: Corviknight|1\n|-damage|p1b: Corviknight|33/100\n|-damage|p2a: Incineroar|59/100|[from] Recoil\n|\n|upkeep\n|turn|3\n|inactive|devious22 has 30 seconds left.\n|\n|t:|1776396770\n|switch|p2a: Aerodactyl|Aerodactyl, L50, F|100/100\n|-ability|p2a: Aerodactyl|Unnerve\n|move|p2b: Garchomp|Protect|p2b: Garchomp\n|-singleturn|p2b: Garchomp|Protect\n|move|p1a: Sneasler|Fake Out|p2b: Garchomp\n|-activate|p2b: Garchomp|move: Protect\n|move|p1b: Corviknight|Roost|p1b: Corviknight\n|-heal|p1b: Corviknight|83/100\n|-singleturn|p1b: Corviknight|move: Roost\n|\n|upkeep\n|turn|4\n|inactive|devious22 has 30 seconds left.\n|inactive|devious22 has 20 seconds left.\n|\n|t:|1776396806\n|move|p1a: Sneasler|Rock Slide|p2b: Garchomp|[spread] p2b\n|-miss|p1a: Sneasler|p2a: Aerodactyl\n|-resisted|p2b: Garchomp|1\n|-damage|p2b: Garchomp|77/100\n|move|p2a: Aerodactyl|Tailwind|p2a: Aerodactyl\n|-sidestart|p2: Gulptubus|move: Tailwind\n|move|p2b: Garchomp|Earthquake|p1b: Corviknight|[spread] p1a\n|-immune|p2a: Aerodactyl\n|-immune|p1b: Corviknight\n|-supereffective|p1a: Sneasler|1\n|-damage|p1a: Sneasler|0 fnt\n|faint|p1a: Sneasler\n|move|p1b: Corviknight|Body Press|p2a: Aerodactyl\n|-damage|p2a: Aerodactyl|55/100\n|\n|-sideend|p1: devious22|move: Tailwind\n|upkeep\n|\n|t:|1776396824\n|switch|p1a: Rotom|Rotom-Wash, L50|100/100\n|turn|5\n|\n|t:|1776396849\n|switch|p2b: Incineroar|Incineroar, L50, F|59/100\n|-ability|p2b: Incineroar|Intimidate|boost\n|-unboost|p1a: Rotom|atk|1\n|-unboost|p1b: Corviknight|atk|1\n|move|p1a: Rotom|Protect|p1a: Rotom\n|-singleturn|p1a: Rotom|Protect\n|move|p2a: Aerodactyl|Rock Slide|p1a: Rotom|[spread] p1b\n|-activate|p1a: Rotom|move: Protect\n|-damage|p1b: Corviknight|66/100\n|move|p1b: Corviknight|Tailwind|p1b: Corviknight\n|-sidestart|p1: devious22|move: Tailwind\n|\n|upkeep\n|turn|6\n|\n|t:|1776396871\n|switch|p2a: Tyranitar|Tyranitar, L50, M|100/100\n|-weather|Sandstorm|[from] ability: Sand Stream|[of] p2a: Tyranitar\n|move|p2b: Incineroar|Fake Out|p1a: Rotom\n|-damage|p1a: Rotom|88/100\n|cant|p1a: Rotom|flinch\n|move|p1b: Corviknight|Body Press|p2a: Tyranitar\n|-supereffective|p2a: Tyranitar|2\n|-damage|p2a: Tyranitar|2/100\n|\n|-weather|Sandstorm|[upkeep]\n|-damage|p1a: Rotom|82/100|[from] Sandstorm\n|-damage|p2b: Incineroar|53/100|[from] Sandstorm\n|-heal|p1a: Rotom|88/100|[from] item: Leftovers\n|upkeep\n|turn|7\n|\n|t:|1776396895\n|detailschange|p2a: Tyranitar|Tyranitar-Mega, L50, M\n|-mega|p2a: Tyranitar|Tyranitar|Tyranitarite\n|move|p1a: Rotom|Hydro Pump|p2b: Incineroar\n|-supereffective|p2b: Incineroar|1\n|-damage|p2b: Incineroar|0 fnt\n|faint|p2b: Incineroar\n|move|p2a: Tyranitar|Rock Slide|p1a: Rotom|[spread] p1a,p1b\n|-damage|p1a: Rotom|45/100\n|-damage|p1b: Corviknight|39/100\n|cant|p1b: Corviknight|flinch\n|\n|-weather|Sandstorm|[upkeep]\n|-damage|p1a: Rotom|39/100|[from] Sandstorm\n|-heal|p1a: Rotom|45/100|[from] item: Leftovers\n|-sideend|p2: Gulptubus|move: Tailwind\n|upkeep\n|\n|t:|1776396912\n|switch|p2b: Aerodactyl|Aerodactyl, L50, F|55/100\n|-ability|p2b: Aerodactyl|Unnerve\n|turn|8\n|\n|t:|1776396930\n|move|p2b: Aerodactyl|Protect|p2b: Aerodactyl\n|-singleturn|p2b: Aerodactyl|Protect\n|move|p2a: Tyranitar|Protect|p2a: Tyranitar\n|-singleturn|p2a: Tyranitar|Protect\n|move|p1a: Rotom|Electroweb|p2a: Tyranitar|[spread] \n|-activate|p2a: Tyranitar|move: Protect\n|-activate|p2b: Aerodactyl|move: Protect\n|move|p1b: Corviknight|Roost|p1b: Corviknight\n|-heal|p1b: Corviknight|89/100\n|-singleturn|p1b: Corviknight|move: Roost\n|\n|-weather|Sandstorm|[upkeep]\n|-damage|p1a: Rotom|39/100|[from] Sandstorm\n|-heal|p1a: Rotom|45/100|[from] item: Leftovers\n|-sideend|p1: devious22|move: Tailwind\n|upkeep\n|turn|9\n|\n|t:|1776396947\n|move|p1a: Rotom|Protect|p1a: Rotom\n|-singleturn|p1a: Rotom|Protect\n|move|p2b: Aerodactyl|Rock Slide|p1b: Corviknight|[spread] p1b\n|-activate|p1a: Rotom|move: Protect\n|-damage|p1b: Corviknight|71/100\n|move|p2a: Tyranitar|Rock Slide|p1b: Corviknight|[spread] p1b\n|-activate|p1a: Rotom|move: Protect\n|-crit|p1b: Corviknight\n|-damage|p1b: Corviknight|30/100\n|move|p1b: Corviknight|Tailwind|p1b: Corviknight\n|-sidestart|p1: devious22|move: Tailwind\n|\n|-weather|Sandstorm|[upkeep]\n|-damage|p1a: Rotom|39/100|[from] Sandstorm\n|-heal|p1a: Rotom|45/100|[from] item: Leftovers\n|upkeep\n|turn|10\n|inactive|devious22 has 30 seconds left.\n|\n|t:|1776396979\n|switch|p2a: Garchomp|Garchomp, L50, M|77/100\n|move|p1a: Rotom|Electroweb|p2a: Garchomp|[spread] p2b\n|-immune|p2a: Garchomp\n|-supereffective|p2b: Aerodactyl|1\n|-damage|p2b: Aerodactyl|23/100\n|-unboost|p2b: Aerodactyl|spe|1\n|move|p1b: Corviknight|Roost|p1b: Corviknight\n|-heal|p1b: Corviknight|80/100\n|-singleturn|p1b: Corviknight|move: Roost\n|move|p2b: Aerodactyl|Tailwind|p2b: Aerodactyl\n|-sidestart|p2: Gulptubus|move: Tailwind\n|\n|-weather|none\n|-heal|p1a: Rotom|50/100|[from] item: Leftovers\n|upkeep\n|turn|11\n|inactive|devious22 has 30 seconds left.\n|\n|t:|1776397013\n|move|p2a: Garchomp|Dragon Claw|p1a: Rotom\n|-damage|p1a: Rotom|2/100\n|move|p2b: Aerodactyl|Rock Slide|p1b: Corviknight|[spread] p1a,p1b\n|-damage|p1a: Rotom|0 fnt\n|-damage|p1b: Corviknight|64/100\n|faint|p1a: Rotom\n|cant|p1b: Corviknight|flinch\n|\n|upkeep\n|\n|t:|1776397022\n|switch|p1a: Meowscarada|Meowscarada, L50, F, shiny|10/100\n|turn|12\n|\n|t:|1776397042\n|move|p2a: Garchomp|Protect|p2a: Garchomp\n|-singleturn|p2a: Garchomp|Protect\n|move|p2b: Aerodactyl|Protect|p2b: Aerodactyl\n|-singleturn|p2b: Aerodactyl|Protect\n|move|p1a: Meowscarada|Triple Axel|p2a: Garchomp\n|-activate|p2a: Garchomp|move: Protect\n|move|p1b: Corviknight|Body Press|p2b: Aerodactyl\n|-activate|p2b: Aerodactyl|move: Protect\n|\n|-sideend|p1: devious22|move: Tailwind\n|upkeep\n|turn|13\n|\n|t:|1776397065\n|move|p2a: Garchomp|Dragon Claw|p1b: Corviknight\n|-resisted|p1b: Corviknight|1\n|-damage|p1b: Corviknight|48/100\n|move|p2b: Aerodactyl|Dual Wingbeat|p1a: Meowscarada\n|-supereffective|p1a: Meowscarada|1\n|-damage|p1a: Meowscarada|0 fnt\n|faint|p1a: Meowscarada\n|-hitcount|p1: Meowscarada|1\n|move|p1b: Corviknight|Roost|p1b: Corviknight\n|-heal|p1b: Corviknight|98/100\n|-singleturn|p1b: Corviknight|move: Roost\n|\n|-sideend|p2: Gulptubus|move: Tailwind\n|upkeep\n|turn|14\n|\n|t:|1776397082\n|move|p2a: Garchomp|Dragon Claw|p1b: Corviknight\n|-resisted|p1b: Corviknight|1\n|-damage|p1b: Corviknight|83/100\n|move|p2b: Aerodactyl|Rock Slide|p1b: Corviknight\n|-damage|p1b: Corviknight|59/100\n|cant|p1b: Corviknight|flinch\n|\n|upkeep\n|turn|15\n|\n|t:|1776397096\n|move|p2a: Garchomp|Dragon Claw|p1b: Corviknight\n|-resisted|p1b: Corviknight|1\n|-damage|p1b: Corviknight|45/100\n|move|p2b: Aerodactyl|Rock Slide|p1b: Corviknight\n|-damage|p1b: Corviknight|22/100\n|move|p1b: Corviknight|Tailwind|p1b: Corviknight\n|-sidestart|p1: devious22|move: Tailwind\n|\n|upkeep\n|turn|16\n|\n|t:|1776397107\n|move|p1b: Corviknight|Roost|p1b: Corviknight\n|-heal|p1b: Corviknight|72/100\n|-singleturn|p1b: Corviknight|move: Roost\n|move|p2a: Garchomp|Stomping Tantrum|p1b: Corviknight\n|-supereffective|p1b: Corviknight|1\n|-damage|p1b: Corviknight|12/100\n|move|p2b: Aerodactyl|Rock Slide|p1b: Corviknight\n|-resisted|p1b: Corviknight|1\n|-damage|p1b: Corviknight|0 fnt\n|faint|p1b: Corviknight\n|\n|win|Gulptubus\n|raw|devious22's rating: 1108 &rarr; <strong>1083</strong><br />(-25 for losing)\n|raw|Gulptubus's rating: 1107 &rarr; <strong>1132</strong><br />(+25 for winning)\n|c|\u2606Gulptubus|gg\n|c|\u2606devious22|gg wp\n|c|\u2606Gulptubus|wp\n",
  "uploadtime": 1776397119,
  "views": 26,
  "formatid": "gen9championsvgc2026regma",
  "rating": 1083,
  "private": 0,
  "password": null
}