{
  "id": "gen9championsvgc2026regma-2584514497",
  "format": "[Gen 9 Champions] VGC 2026 Reg M-A",
  "players": [
    "Vital4",
    "Viviexists"
  ],
  "log": "|j|\u2606Vital4\n|j|\u2606Viviexists\n|t:|1776265887\n|gametype|doubles\n|player|p1|Vital4|twins|1059\n|player|p2|Viviexists|mela|1036\n|gen|9\n|tier|[Gen 9 Champions] VGC 2026 Reg M-A\n|rated|\n|rule|Species Clause: Limit one of each Pok\u00e9mon\n|rule|Item Clause: Limit 1 of each item\n|clearpoke\n|poke|p1|Aerodactyl, L50, F|\n|poke|p1|Basculegion, L50, M|\n|poke|p1|Sneasler, L50, M|\n|poke|p1|Floette-Eternal, L50, F|\n|poke|p1|Kingambit, L50, F|\n|poke|p1|Garchomp, L50, F|\n|poke|p2|Whimsicott, L50, M|\n|poke|p2|Palafin, L50, F|\n|poke|p2|Farigiraf, L50, M|\n|poke|p2|Incineroar, L50, F|\n|poke|p2|Garchomp, L50, F|\n|poke|p2|Delphox, L50, M|\n|teampreview|4\n|\n|t:|1776265929\n|teamsize|p1|4\n|teamsize|p2|4\n|start\n|switch|p1a: Floette|Floette-Eternal, L50, F, shiny|100/100\n|switch|p1b: Kingambit|Kingambit, L50, F, shiny|100/100\n|switch|p2a: Palafin|Palafin, L50, F, shiny|100/100\n|switch|p2b: Delphox|Delphox, L50, M|100/100\n|turn|1\n|\n|t:|1776265953\n|detailschange|p2a: Palafin|Palafin-Hero, L50, F, shiny\n|switch|p2a: Farigiraf|Farigiraf, L50, M|100/100\n|detailschange|p2b: Delphox|Delphox-Mega, L50, M\n|-mega|p2b: Delphox|Delphox|Delphoxite\n|detailschange|p1a: Floette|Floette-Mega, L50, F, shiny\n|-mega|p1a: Floette|Floette|Floettite\n|-ability|p1a: Floette|Fairy Aura\n|move|p2b: Delphox|Heat Wave|p1a: Floette|[spread] p1a\n|-miss|p2b: Delphox|p1b: Kingambit\n|-damage|p1a: Floette|65/100\n|move|p1a: Floette|Calm Mind|p1a: Floette\n|-boost|p1a: Floette|spa|1\n|-boost|p1a: Floette|spd|1\n|move|p1b: Kingambit|Iron Head|p2a: Farigiraf\n|-damage|p2a: Farigiraf|68/100\n|\n|-heal|p2a: Farigiraf|75/100|[from] item: Leftovers\n|upkeep\n|turn|2\n|\n|t:|1776265984\n|switch|p1b: Aerodactyl|Aerodactyl, L50, F, shiny|100/100\n|-ability|p1b: Aerodactyl|Unnerve\n|move|p2a: Farigiraf|Helping Hand|p2b: Delphox\n|-singleturn|p2b: Delphox|Helping Hand|[of] p2a: Farigiraf\n|move|p2b: Delphox|Heat Wave|p1a: Floette|[spread] p1a,p1b\n|-resisted|p1b: Aerodactyl|1\n|-damage|p1a: Floette|30/100\n|-damage|p1b: Aerodactyl|49/100\n|move|p1a: Floette|Calm Mind|p1a: Floette\n|-boost|p1a: Floette|spa|1\n|-boost|p1a: Floette|spd|1\n|\n|-heal|p2a: Farigiraf|81/100|[from] item: Leftovers\n|upkeep\n|turn|3\n|\n|t:|1776266002\n|move|p2b: Delphox|Protect|p2b: Delphox\n|-singleturn|p2b: Delphox|Protect\n|move|p1b: Aerodactyl|Tailwind|p1b: Aerodactyl\n|-sidestart|p1: Vital4|move: Tailwind\n|move|p1a: Floette|Draining Kiss|p2b: Delphox\n|-activate|p2b: Delphox|move: Protect\n|move|p2a: Farigiraf|Trick Room|p2a: Farigiraf\n|-fieldstart|move: Trick Room|[of] p2a: Farigiraf\n|\n|-heal|p2a: Farigiraf|87/100|[from] item: Leftovers\n|upkeep\n|turn|4\n|\n|t:|1776266023\n|move|p2a: Farigiraf|Helping Hand|p2b: Delphox\n|-singleturn|p2b: Delphox|Helping Hand|[of] p2a: Farigiraf\n|move|p1a: Floette|Protect|p1a: Floette\n|-singleturn|p1a: Floette|Protect\n|move|p1b: Aerodactyl|Protect|p1b: Aerodactyl\n|-singleturn|p1b: Aerodactyl|Protect\n|move|p2b: Delphox|Heat Wave|p1b: Aerodactyl|[spread] \n|-activate|p1a: Floette|move: Protect\n|-activate|p1b: Aerodactyl|move: Protect\n|\n|-heal|p2a: Farigiraf|93/100|[from] item: Leftovers\n|upkeep\n|turn|5\n|\n|t:|1776266045\n|switch|p1a: Kingambit|Kingambit, L50, F, shiny|100/100\n|move|p2a: Farigiraf|Helping Hand|p2b: Delphox\n|-singleturn|p2b: Delphox|Helping Hand|[of] p2a: Farigiraf\n|move|p2b: Delphox|Heat Wave|p1a: Kingambit|[spread] p1a,p1b\n|-supereffective|p1a: Kingambit|1\n|-resisted|p1b: Aerodactyl|1\n|-damage|p1a: Kingambit|0 fnt\n|-damage|p1b: Aerodactyl|0 fnt\n|faint|p1a: Kingambit\n|faint|p1b: Aerodactyl\n|\n|-heal|p2a: Farigiraf|99/100|[from] item: Leftovers\n|upkeep\n|l|\u2606Vital4\n|player|p1|\n|inactive|Battle timer is ON: inactive players will automatically lose when time's up. (requested by Viviexists)\n|inactive|Vital4 has 30 seconds to reconnect!\n|inactive|Vital4 has 20 seconds to reconnect!\n|inactive|Vital4 has 15 seconds to reconnect!\n|inactive|Vital4 has 10 seconds to reconnect!\n|inactive|Vital4 has 5 seconds to reconnect!\n|-message|Vital4 lost due to inactivity.\n|\n|win|Viviexists\n|raw|Vital4's rating: 1059 &rarr; <strong>1039</strong><br />(-20 for losing)\n|raw|Viviexists's rating: 1036 &rarr; <strong>1073</strong><br />(+37 for winning)\n",
  "uploadtime": 1776266148,
  "views": 20,
  "formatid": "gen9championsvgc2026regma",
  "rating": 1039,
  "private": 0,
  "password": null
}