{
  "id": "gen9championsvgc2026regma-2583174376",
  "format": "[Gen 9 Champions] VGC 2026 Reg M-A",
  "players": [
    "iamquencher",
    "SHyperdestroyerVGC"
  ],
  "log": "|j|\u2606iamquencher\n|j|\u2606SHyperdestroyerVGC\n|t:|1776151034\n|gametype|doubles\n|player|p1|iamquencher|266|1165\n|player|p2|SHyperdestroyerVGC|lady|1235\n|gen|9\n|tier|[Gen 9 Champions] VGC 2026 Reg M-A\n|rated|\n|rule|Species Clause: Limit one of each Pok\u00e9mon\n|rule|Item Clause: Limit 1 of each item\n|clearpoke\n|poke|p1|Alakazam, L50, M|\n|poke|p1|Whimsicott, L50, M|\n|poke|p1|Meowstic, L50, M|\n|poke|p1|Sneasler, L50, F|\n|poke|p1|Primarina, L50, F|\n|poke|p1|Ceruledge, L50, F|\n|poke|p2|Charizard, L50, M|\n|poke|p2|Venusaur, L50, M|\n|poke|p2|Whimsicott, L50, M|\n|poke|p2|Kingambit, L50, F|\n|poke|p2|Kommo-o, L50, M|\n|poke|p2|Typhlosion-Hisui, L50, F|\n|teampreview|4\nSHyperdestroyerVGC has agreed to open team sheets.\n|inactive|Battle timer is ON: inactive players will automatically lose when time's up. (requested by iamquencher)\n|\n|t:|1776151081\n|teamsize|p1|4\n|teamsize|p2|4\n|start\n|switch|p1a: Whimsicott|Whimsicott, L50, M|100/100\n|switch|p1b: Alakazam|Alakazam, L50, M|100/100\n|switch|p2a: Charizard|Charizard, L50, M|100/100\n|switch|p2b: Venusaur|Venusaur, L50, M|100/100\n|turn|1\n|\n|t:|1776151097\n|switch|p2b: Kingambit|Kingambit, L50, F|100/100\n|detailschange|p1b: Alakazam|Alakazam-Mega, L50, M\n|-mega|p1b: Alakazam|Alakazam|Alakazite\n|-ability|p1b: Alakazam|Blaze|Trace|[from] ability: Trace|[of] p2a: Charizard\n|detailschange|p2a: Charizard|Charizard-Mega-Y, L50, M\n|-mega|p2a: Charizard|Charizard|Charizardite Y\n|-weather|SunnyDay|[from] ability: Drought|[of] p2a: Charizard\n|move|p1a: Whimsicott|Tailwind|p1a: Whimsicott\n|-sidestart|p1: iamquencher|move: Tailwind\n|move|p1b: Alakazam|Expanding Force|p2b: Kingambit\n|-immune|p2b: Kingambit\n|move|p2a: Charizard|Heat Wave|p1a: Whimsicott|[spread] p1a,p1b\n|-supereffective|p1a: Whimsicott|1\n|-damage|p1a: Whimsicott|0 fnt\n|-damage|p1b: Alakazam|26/100\n|faint|p1a: Whimsicott\n|\n|-weather|SunnyDay|[upkeep]\n|upkeep\n|\n|t:|1776151118\n|switch|p1a: Ceruledge|Ceruledge, L50, F|100/100\n|turn|2\n|\n|t:|1776151125\n|move|p2b: Kingambit|Protect|p2b: Kingambit\n|-singleturn|p2b: Kingambit|Protect\n|move|p1a: Ceruledge|Close Combat|p2b: Kingambit\n|-activate|p2b: Kingambit|move: Protect\n|move|p1b: Alakazam|Expanding Force|p2a: Charizard\n|-damage|p2a: Charizard|49/100\n|move|p2a: Charizard|Air Slash|p1b: Alakazam\n|-damage|p1b: Alakazam|0 fnt\n|faint|p1b: Alakazam\n|\n|-weather|SunnyDay|[upkeep]\n|upkeep\n|\n|t:|1776151136\n|switch|p1b: Meowstic|Meowstic, L50, M|100/100\n|turn|3\n|\n|t:|1776151146\n|switch|p2a: Venusaur|Venusaur, L50, M|100/100\n|switch|p2b: Whimsicott|Whimsicott, L50, M|100/100\n|move|p1b: Meowstic|Psychic Terrain|p1b: Meowstic\n|-fieldstart|move: Psychic Terrain\n|move|p1a: Ceruledge|Close Combat|p2b: Whimsicott\n|-resisted|p2b: Whimsicott|1\n|-damage|p2b: Whimsicott|79/100\n|-unboost|p1a: Ceruledge|def|1\n|-unboost|p1a: Ceruledge|spd|1\n|\n|-weather|SunnyDay|[upkeep]\n|upkeep\n|turn|4\n|\n|t:|1776151169\n|move|p2b: Whimsicott|Tailwind|p2b: Whimsicott\n|-sidestart|p2: SHyperdestroyerVGC|move: Tailwind\n|move|p2a: Venusaur|Sleep Powder|p1a: Ceruledge\n|-status|p1a: Ceruledge|slp|[from] move: Sleep Powder\n|cant|p1a: Ceruledge|slp\n|move|p1b: Meowstic|Expanding Force|p2a: Venusaur|[spread] p2a,p2b\n|-supereffective|p2a: Venusaur|1\n|-damage|p2a: Venusaur|3/100\n|-damage|p2b: Whimsicott|29/100\n|\n|-weather|SunnyDay|[upkeep]\n|-sideend|p1: iamquencher|move: Tailwind\n|upkeep\n|turn|5\n|\n|t:|1776151185\n|switch|p2b: Kingambit|Kingambit, L50, F|100/100\n|move|p2a: Venusaur|Sleep Powder|p1b: Meowstic\n|-status|p1b: Meowstic|slp|[from] move: Sleep Powder\n|-curestatus|p1a: Ceruledge|slp|[msg]\n|move|p1a: Ceruledge|Close Combat|p2a: Venusaur\n|-resisted|p2a: Venusaur|1\n|-damage|p2a: Venusaur|0 fnt\n|-unboost|p1a: Ceruledge|def|1\n|-unboost|p1a: Ceruledge|spd|1\n|faint|p2a: Venusaur\n|cant|p1b: Meowstic|slp\n|\n|-weather|none\n|upkeep\n|\n|t:|1776151196\n|switch|p2a: Charizard|Charizard-Mega-Y, L50, M|49/100\n|-weather|SunnyDay|[from] ability: Drought|[of] p2a: Charizard\n|turn|6\n|\n|t:|1776151207\n|move|p2b: Kingambit|Sucker Punch|p1a: Ceruledge\n|-activate|p1a: Ceruledge|move: Psychic Terrain\n|move|p2a: Charizard|Overheat|p1b: Meowstic\n|-enditem|p1b: Meowstic|Focus Sash\n|-damage|p1b: Meowstic|1/100 slp\n|-unboost|p2a: Charizard|spa|2\n|move|p1a: Ceruledge|Close Combat|p2b: Kingambit\n|-supereffective|p2b: Kingambit|2\n|-damage|p2b: Kingambit|0 fnt\n|-unboost|p1a: Ceruledge|def|1\n|-unboost|p1a: Ceruledge|spd|1\n|faint|p2b: Kingambit\n|cant|p1b: Meowstic|slp\n|\n|-weather|SunnyDay|[upkeep]\n|upkeep\n|\n|t:|1776151210\n|switch|p2b: Whimsicott|Whimsicott, L50, M|29/100\n|turn|7\n|c|\u2606SHyperdestroyerVGC|\ud83d\ude35\n|inactive|SHyperdestroyerVGC has 30 seconds left.\n|\n|t:|1776151238\n|move|p2a: Charizard|Heat Wave|p1b: Meowstic|[spread] p1b\n|-start|p1a: Ceruledge|ability: Flash Fire\n|-damage|p1b: Meowstic|0 fnt\n|faint|p1b: Meowstic\n|move|p2b: Whimsicott|Moonblast|p1a: Ceruledge\n|-resisted|p1a: Ceruledge|1\n|-damage|p1a: Ceruledge|62/100\n|move|p1a: Ceruledge|Close Combat|p2a: Charizard\n|-resisted|p2a: Charizard|1\n|-damage|p2a: Charizard|24/100\n|-unboost|p1a: Ceruledge|def|1\n|-unboost|p1a: Ceruledge|spd|1\n|\n|-weather|SunnyDay|[upkeep]\n|-sideend|p2: SHyperdestroyerVGC|move: Tailwind\n|-fieldend|move: Psychic Terrain\n|upkeep\n|turn|8\n|\n|t:|1776151255\n|move|p2b: Whimsicott|Encore|p1a: Ceruledge\n|-start|p1a: Ceruledge|Encore\n|move|p1a: Ceruledge|Close Combat|p2b: Whimsicott\n|-resisted|p2b: Whimsicott|1\n|-damage|p2b: Whimsicott|9/100\n|-unboost|p1a: Ceruledge|def|1\n|-unboost|p1a: Ceruledge|spd|1\n|move|p2a: Charizard|Air Slash|p1a: Ceruledge\n|-damage|p1a: Ceruledge|0 fnt\n|faint|p1a: Ceruledge\n|\n|win|SHyperdestroyerVGC\n|raw|iamquencher's rating: 1165 &rarr; <strong>1145</strong><br />(-20 for losing)\n|raw|SHyperdestroyerVGC's rating: 1235 &rarr; <strong>1255</strong><br />(+20 for winning)\n|l|\u2606iamquencher\n|player|p1|\n",
  "uploadtime": 1776151272,
  "views": 16,
  "formatid": "gen9championsvgc2026regma",
  "rating": 1145,
  "private": 0,
  "password": null
}