{
  "id": "gen9championsvgc2026regma-2583896313",
  "format": "[Gen 9 Champions] VGC 2026 Reg M-A",
  "players": [
    "grape city",
    "It'sJustKen VGC"
  ],
  "log": "|j|\u2606grape city\n|j|\u2606It'sJustKen VGC\n|t:|1776206333\n|gametype|doubles\n|player|p1|grape city|infielder|\n|player|p2|It'sJustKen VGC|2|\n|gen|9\n|tier|[Gen 9 Champions] VGC 2026 Reg M-A\n|rated|Tournament battle\n|rule|Species Clause: Limit one of each Pok\u00e9mon\n|rule|Item Clause: Limit 1 of each item\n|raw|<div class=\"infobox\"><details class=\"readmore\" open><summary><strong>1 custom rule:</strong></summary> Force Open Team Sheets</details></div>\n|clearpoke\n|poke|p1|Gengar, L50, M|\n|poke|p1|Kommo-o, L50, M|\n|poke|p1|Incineroar, L50, F|\n|poke|p1|Palafin, L50, M|\n|poke|p1|Maushold, L50|\n|poke|p1|Pelipper, L50, M|\n|poke|p2|Floette-Eternal, L50, F|\n|poke|p2|Espathra, L50, F|\n|poke|p2|Incineroar, L50, M|\n|poke|p2|Sneasler, L50, F|\n|poke|p2|Basculegion, L50, M|\n|poke|p2|Kingambit, L50, M|\n|teampreview|4\n|showteam|p1|Gengar||Gengarite|CursedBody|ShadowBall,SludgeBomb,IcyWind,Protect|||M|||50|]Kommo-o||DragonFang|Overcoat|ClangingScales,AuraSphere,ClangorousSoul,Protect|||M|||50|]Incineroar||PasshoBerry|Intimidate|FlareBlitz,ThroatChop,FakeOut,PartingShot|||F|||50|]Palafin||MysticWater|ZerotoHero|WaveCrash,JetPunch,CloseCombat,Protect|||M|||50|]Maushold||FocusSash|FriendGuard|SuperFang,FollowMe,Encore,Protect||||||50|]Pelipper||ChoiceScarf|Drizzle|Hurricane,MuddyWater,WeatherBall,Tailwind|||M|||50|\n|showteam|p2|Floette-Eternal||Floettite|FlowerVeil|Protect,Moonblast,DazzlingGleam,Substitute|||F|||50|]Espathra||FocusSash|SpeedBoost|Protect,LuminaCrash,HelpingHand,TrickRoom|||F|||50|]Incineroar||SitrusBerry|Intimidate|FakeOut,PartingShot,FlareBlitz,Taunt|||M|||50|]Sneasler||WhiteHerb|Unburden|Protect,DireClaw,CloseCombat,FakeOut|||F|||50|]Basculegion||ChoiceScarf|Adaptability|WaveCrash,FlipTurn,AquaJet,LastRespects|||M|||50|]Kingambit||BlackGlasses|Defiant|Protect,SuckerPunch,SwordsDance,KowtowCleave|||M|||50|\n|inactive|Battle timer is ON: inactive players will automatically lose when time's up. (requested by It'sJustKen VGC)\n|j| Thingmaster\n|j|@Radio Free C-Side\n|inactive|grape city has 60 seconds left.\n|j| F=q(E+VxB)\n|inactive|grape city has 30 seconds left.\n|inactive|grape city has 20 seconds left.\n|inactive|grape city has 15 seconds left.\n|inactive|grape city has 10 seconds left.\n|\n|t:|1776206418\n|teamsize|p1|4\n|teamsize|p2|4\n|start\n|switch|p1a: Gengar|Gengar, L50, M|100/100\n|switch|p1b: Palafin|Palafin, L50, M|100/100\n|switch|p2a: Just Dance|Floette-Eternal, L50, F|100/100\n|switch|p2b: Bad Romance|Espathra, L50, F|100/100\n|turn|1\n|inactive|grape city has 30 seconds left.\n|inactive|It'sJustKen VGC has 30 seconds left.\n|\n|t:|1776206453\n|detailschange|p1b: Palafin|Palafin-Hero, L50, M\n|switch|p1b: Incineroar|Incineroar, L50, F|100/100\n|-ability|p1b: Incineroar|Intimidate|boost\n|-unboost|p2a: Just Dance|atk|1\n|-unboost|p2b: Bad Romance|atk|1\n|detailschange|p1a: Gengar|Gengar-Mega, L50, M\n|-mega|p1a: Gengar|Gengar|Gengarite\n|move|p2a: Just Dance|Protect|p2a: Just Dance\n|-singleturn|p2a: Just Dance|Protect\n|move|p1a: Gengar|Shadow Ball|p2b: Bad Romance\n|-supereffective|p2b: Bad Romance|1\n|-enditem|p2b: Bad Romance|Focus Sash\n|-damage|p2b: Bad Romance|1/100\n|move|p2b: Bad Romance|Lumina Crash|p1a: Gengar\n|-supereffective|p1a: Gengar|1\n|-damage|p1a: Gengar|10/100\n|-unboost|p1a: Gengar|spd|2\n|\n|-ability|p2b: Bad Romance|Speed Boost|boost\n|-boost|p2b: Bad Romance|spe|1\n|upkeep\n|turn|2\n|j| Tindall64\n|inactive|grape city has 30 seconds left.\n|\n|t:|1776206480\n|move|p2b: Bad Romance|Protect|p2b: Bad Romance\n|-singleturn|p2b: Bad Romance|Protect\n|move|p2a: Just Dance|Protect||[still]\n|-fail|p2a: Just Dance\n|move|p1b: Incineroar|Fake Out|p2b: Bad Romance\n|-activate|p2b: Bad Romance|move: Protect\n|move|p1a: Gengar|Sludge Bomb|p2a: Just Dance\n|-supereffective|p2a: Just Dance|1\n|-damage|p2a: Just Dance|6/100\n|\n|-ability|p2b: Bad Romance|Speed Boost|boost\n|-boost|p2b: Bad Romance|spe|1\n|upkeep\n|turn|3\n|c|\u2606It'sJustKen VGC|oh\n|inactive|grape city has 30 seconds left.\n|inactive|It'sJustKen VGC has 30 seconds left.\n|\n|t:|1776206511\n|detailschange|p2a: Just Dance|Floette-Mega, L50, F\n|-mega|p2a: Just Dance|Floette|Floettite\n|-ability|p2a: Just Dance|Fairy Aura\n|move|p2b: Bad Romance|Helping Hand|p2a: Just Dance\n|-singleturn|p2a: Just Dance|Helping Hand|[of] p2b: Bad Romance\n|move|p1a: Gengar|Protect|p1a: Gengar\n|-singleturn|p1a: Gengar|Protect\n|move|p2a: Just Dance|Moonblast|p1b: Incineroar\n|-crit|p1b: Incineroar\n|-damage|p1b: Incineroar|0 fnt\n|faint|p1b: Incineroar\n|\n|-ability|p2b: Bad Romance|Speed Boost|boost\n|-boost|p2b: Bad Romance|spe|1\n|upkeep\n|\n|t:|1776206522\n|switch|p1b: Palafin|Palafin-Hero, L50, M|100/100\n|-activate|p1b: Palafin|ability: Zero to Hero\n|turn|4\n|j| knoxxzeta\n|\n|t:|1776206536\n|move|p2b: Bad Romance|Protect|p2b: Bad Romance\n|-singleturn|p2b: Bad Romance|Protect\n|move|p1b: Palafin|Jet Punch|p2b: Bad Romance\n|-activate|p2b: Bad Romance|move: Protect\n|move|p1a: Gengar|Sludge Bomb|p2a: Just Dance\n|-supereffective|p2a: Just Dance|1\n|-damage|p2a: Just Dance|0 fnt\n|faint|p2a: Just Dance\n|\n|-ability|p2b: Bad Romance|Speed Boost|boost\n|-boost|p2b: Bad Romance|spe|1\n|upkeep\n|l| Tindall64\n|\n|t:|1776206559\n|switch|p2a: Paparazzi|Incineroar, L50, M|100/100\n|-ability|p2a: Paparazzi|Intimidate|boost\n|-unboost|p1a: Gengar|atk|1\n|-unboost|p1b: Palafin|atk|1\n|turn|5\n|\n|t:|1776206574\n|move|p1a: Gengar|Protect|p1a: Gengar\n|-singleturn|p1a: Gengar|Protect\n|move|p1b: Palafin|Protect|p1b: Palafin\n|-singleturn|p1b: Palafin|Protect\n|move|p2a: Paparazzi|Fake Out|p1b: Palafin\n|-activate|p1b: Palafin|move: Protect\n|move|p2b: Bad Romance|Lumina Crash|p1b: Palafin\n|-activate|p1b: Palafin|move: Protect\n|\n|-ability|p2b: Bad Romance|Speed Boost|boost\n|-boost|p2b: Bad Romance|spe|1\n|upkeep\n|turn|6\n|inactive|grape city has 30 seconds left.\n|inactive|grape city has 20 seconds left.\n|inactive|grape city has 15 seconds left.\n|inactive|grape city has 10 seconds left.\n|\n|t:|1776206622\n|switch|p1a: Pelipper|Pelipper, L50, M|100/100\n|-weather|RainDance|[from] ability: Drizzle|[of] p1a: Pelipper\n|move|p2b: Bad Romance|Protect|p2b: Bad Romance\n|-singleturn|p2b: Bad Romance|Protect\n|move|p1b: Palafin|Wave Crash|p2a: Paparazzi\n|-supereffective|p2a: Paparazzi|1\n|-damage|p2a: Paparazzi|0 fnt\n|faint|p2a: Paparazzi\n|-damage|p1b: Palafin|62/100|[from] Recoil\n|\n|-weather|RainDance|[upkeep]\n|-ability|p2b: Bad Romance|Speed Boost|boost\n|-boost|p2b: Bad Romance|spe|1\n|upkeep\n|\n|t:|1776206625\n|switch|p2a: Poker Face|Sneasler, L50, F|100/100\n|turn|7\n|c|\u2606It'sJustKen VGC|gg wp\n|inactive|grape city has 30 seconds left.\n|\n|t:|1776206651\n|move|p2a: Poker Face|Fake Out|p1a: Pelipper\n|-damage|p1a: Pelipper|82/100\n|move|p1b: Palafin|Jet Punch|p2b: Bad Romance\n|-damage|p2b: Bad Romance|0 fnt\n|faint|p2b: Bad Romance\n|cant|p1a: Pelipper|flinch\n|\n|-weather|RainDance|[upkeep]\n|upkeep\n|turn|8\n|c|\u2606It'sJustKen VGC|u cooked me\n|l| knoxxzeta\n|l| F=q(E+VxB)\n|\n|t:|1776206669\n|move|p1b: Palafin|Jet Punch|p2a: Poker Face\n|-damage|p2a: Poker Face|26/100\n|move|p1a: Pelipper|Hurricane|p2a: Poker Face\n|-supereffective|p2a: Poker Face|1\n|-damage|p2a: Poker Face|0 fnt\n|faint|p2a: Poker Face\n|\n|win|grape city\n|n|\u2606grape city|grapecity\n|n|\u2606It'sJustKen VGC|itsjustkenvgc\n|n| Thingmaster|thingmaster\n|n|+Radio Free C-Side|radiofreecside\n|l|+Radio Free C-Side\n|l| Thingmaster\n|l|\u2606It'sJustKen VGC\n|player|p2|\n",
  "uploadtime": 1776206689,
  "views": 15,
  "formatid": "gen9championsvgc2026regma",
  "rating": null,
  "private": 0,
  "password": null
}