{
  "id": "gen9championsvgc2026regma-2580866032",
  "format": "[Gen 9 Champions] VGC 2026 Reg M-A",
  "players": [
    "lonelouse",
    "blazzerd"
  ],
  "log": "|j|\u2606lonelouse\n|j|\u2606blazzerd\n|t:|1775938905\n|gametype|doubles\n|player|p1|lonelouse|rosa-masters|1000\n|player|p2|blazzerd|169|1075\n|gen|9\n|tier|[Gen 9 Champions] VGC 2026 Reg M-A\n|rated|\n|rule|Species Clause: Limit one of each Pok\u00e9mon\n|rule|Item Clause: Limit 1 of each item\n|clearpoke\n|poke|p1|Floette-Eternal, L50, F|\n|poke|p1|Maushold, L50|\n|poke|p1|Garchomp, L50, M|\n|poke|p1|Talonflame, L50, M|\n|poke|p1|Rotom-Wash, L50|\n|poke|p1|Aegislash, L50, M|\n|poke|p2|Charizard, L50, F|\n|poke|p2|Sneasler, L50, F|\n|poke|p2|Milotic, L50, M|\n|poke|p2|Incineroar, L50, F|\n|poke|p2|Sinistcha, L50|\n|poke|p2|Hydreigon, L50, F|\n|teampreview|4\n|inactive|Battle timer is ON: inactive players will automatically lose when time's up. (requested by blazzerd)\n|inactive|lonelouse also wants the timer to be on.\n|\n|t:|1775938929\n|teamsize|p1|4\n|teamsize|p2|4\n|start\n|switch|p1a: Floette|Floette-Eternal, L50, F|100/100\n|switch|p1b: Maushold|Maushold, L50|100/100\n|switch|p2a: Incineroar|Incineroar, L50, F|100/100\n|switch|p2b: Milotic|Milotic, L50, M, shiny|100/100\n|-ability|p2a: Incineroar|Intimidate|boost\n|-unboost|p1a: Floette|atk|1\n|-unboost|p1b: Maushold|atk|1\n|turn|1\n|inactive|lonelouse has 30 seconds left.\n|inactive|lonelouse has 20 seconds left.\n|inactive|lonelouse has 15 seconds left.\n|inactive|lonelouse has 10 seconds left.\n|inactive|lonelouse has 5 seconds left.\n|\n|t:|1775938982\n|detailschange|p1a: Floette|Floette-Mega, L50, F\n|-mega|p1a: Floette|Floette|Floettite\n|-ability|p1a: Floette|Fairy Aura\n|move|p1b: Maushold|Protect|p1b: Maushold\n|-singleturn|p1b: Maushold|Protect\n|move|p2a: Incineroar|Fake Out|p1a: Floette\n|-damage|p1a: Floette|91/100\n|cant|p1a: Floette|flinch\n|move|p2b: Milotic|Icy Wind|p1b: Maushold|[spread] p1a\n|-activate|p1b: Maushold|move: Protect\n|-damage|p1a: Floette|85/100\n|-unboost|p1a: Floette|spe|1\n|\n|upkeep\n|turn|2\n|inactive|blazzerd has 30 seconds left.\n|\n|t:|1775939010\n|move|p1b: Maushold|Follow Me|p1b: Maushold\n|-singleturn|p1b: Maushold|move: Follow Me\n|move|p2b: Milotic|Scald|p1b: Maushold\n|-damage|p1b: Maushold|64/100\n|move|p2a: Incineroar|Flare Blitz|p1b: Maushold\n|-damage|p1b: Maushold|0 fnt\n|faint|p1b: Maushold\n|-damage|p2a: Incineroar|81/100|[from] Recoil\n|move|p1a: Floette|Calm Mind|p1a: Floette\n|-boost|p1a: Floette|spa|1\n|-boost|p1a: Floette|spd|1\n|\n|upkeep\n|\n|t:|1775939030\n|switch|p1b: Garchomp|Garchomp, L50, M|100/100\n|turn|3\n|\n|t:|1775939043\n|switch|p2a: Sinistcha|Sinistcha, L50|100/100\n|move|p1b: Garchomp|Stomping Tantrum|p2a: Sinistcha\n|-resisted|p2a: Sinistcha|1\n|-damage|p2a: Sinistcha|80/100\n|move|p2b: Milotic|Icy Wind|p1b: Garchomp|[spread] p1a,p1b\n|-crit|p1a: Floette\n|-supereffective|p1b: Garchomp|2\n|-damage|p1a: Floette|75/100\n|-damage|p1b: Garchomp|53/100\n|-unboost|p1a: Floette|spe|1\n|-unboost|p1b: Garchomp|spe|1\n|move|p1a: Floette|Dazzling Gleam|p2a: Sinistcha|[spread] p2a,p2b\n|-damage|p2a: Sinistcha|7/100\n|-damage|p2b: Milotic|45/100\n|\n|-heal|p2b: Milotic|51/100|[from] item: Leftovers\n|upkeep\n|turn|4\n|inactive|lonelouse has 30 seconds left.\n|\n|t:|1775939069\n|move|p1b: Garchomp|Earthquake|p2a: Sinistcha|[spread] p1a,p2a,p2b\n|-resisted|p2a: Sinistcha|1\n|-damage|p1a: Floette|28/100\n|-damage|p2a: Sinistcha|0 fnt\n|-damage|p2b: Milotic|6/100\n|faint|p2a: Sinistcha\n|move|p2b: Milotic|Icy Wind|p1b: Garchomp|[spread] p1a,p1b\n|-supereffective|p1b: Garchomp|2\n|-crit|p1b: Garchomp\n|-damage|p1a: Floette|23/100\n|-damage|p1b: Garchomp|0 fnt\n|-unboost|p1a: Floette|spe|1\n|faint|p1b: Garchomp\n|move|p1a: Floette|Dazzling Gleam|p2b: Milotic\n|-damage|p2b: Milotic|0 fnt\n|faint|p2b: Milotic\n|\n|upkeep\n|\n|t:|1775939083\n|switch|p1b: Rotom|Rotom-Wash, L50|100/100\n|switch|p2b: Incineroar|Incineroar, L50, F|81/100\n|switch|p2a: Charizard|Charizard, L50, F, shiny|100/100\n|-ability|p2b: Incineroar|Intimidate|boost\n|-unboost|p1a: Floette|atk|1\n|-unboost|p1b: Rotom|atk|1\n|turn|5\n|inactive|lonelouse has 30 seconds left.\n|\n|t:|1775939118\n|detailschange|p2a: Charizard|Charizard-Mega-X, L50, F, shiny\n|-mega|p2a: Charizard|Charizard|Charizardite X\n|move|p1a: Floette|Protect|p1a: Floette\n|-singleturn|p1a: Floette|Protect\n|move|p2b: Incineroar|Fake Out|p1a: Floette\n|-activate|p1a: Floette|move: Protect\n|move|p2a: Charizard|Dragon Dance|p2a: Charizard\n|-boost|p2a: Charizard|atk|1\n|-boost|p2a: Charizard|spe|1\n|move|p1b: Rotom|Thunderbolt|p2a: Charizard\n|-resisted|p2a: Charizard|1\n|-damage|p2a: Charizard|75/100\n|\n|upkeep\n|turn|6\n|\n|t:|1775939140\n|move|p1b: Rotom|Helping Hand|p1a: Floette\n|-singleturn|p1a: Floette|Helping Hand|[of] p1b: Rotom\n|move|p2a: Charizard|Protect|p2a: Charizard\n|-singleturn|p2a: Charizard|Protect\n|move|p2b: Incineroar|Parting Shot|p1b: Rotom\n|-unboost|p1b: Rotom|atk|1\n|-unboost|p1b: Rotom|spa|1\n|move|p1a: Floette|Dazzling Gleam|p2b: Incineroar|[spread] p2b\n|-activate|p2a: Charizard|move: Protect\n|-damage|p2b: Incineroar|1/100\n|-enditem|p2b: Incineroar|Sitrus Berry|[eat]\n|-heal|p2b: Incineroar|26/100|[from] item: Sitrus Berry\n|\n|upkeep\n|turn|7\n|inactive|lonelouse has 30 seconds left.\n|\n|t:|1775939166\n|move|p2a: Charizard|Flare Blitz|p1a: Floette\n|-damage|p1a: Floette|0 fnt\n|faint|p1a: Floette\n|-damage|p2a: Charizard|66/100|[from] Recoil\n|move|p1b: Rotom|Hydro Pump|p2a: Charizard\n|-damage|p2a: Charizard|26/100\n|move|p2b: Incineroar|Parting Shot|p1b: Rotom\n|-unboost|p1b: Rotom|atk|1\n|-unboost|p1b: Rotom|spa|1\n|\n|upkeep\n|turn|8\n|\n|t:|1775939178\n|move|p2a: Charizard|Dragon Claw|p1b: Rotom\n|-damage|p1b: Rotom|13/100\n|-enditem|p1b: Rotom|Sitrus Berry|[eat]\n|-heal|p1b: Rotom|37/100|[from] item: Sitrus Berry\n|move|p1b: Rotom|Hydro Pump|p2a: Charizard\n|-damage|p2a: Charizard|0 fnt\n|faint|p2a: Charizard\n|move|p2b: Incineroar|Throat Chop|p1b: Rotom\n|-damage|p1b: Rotom|1/100\n|-start|p1b: Rotom|Throat Chop|[silent]\n|\n|upkeep\n|turn|9\n|\n|t:|1775939190\n|move|p1b: Rotom|Hydro Pump|p2b: Incineroar\n|-supereffective|p2b: Incineroar|1\n|-damage|p2b: Incineroar|0 fnt\n|faint|p2b: Incineroar\n|\n|win|lonelouse\n|raw|lonelouse's rating: 1000 &rarr; <strong>1049</strong><br />(+49 for winning)\n|raw|blazzerd's rating: 1075 &rarr; <strong>1049</strong><br />(-26 for losing)\n|c|\u2606lonelouse|gg\n",
  "uploadtime": 1775939197,
  "views": 25,
  "formatid": "gen9championsvgc2026regma",
  "rating": 1049,
  "private": 0,
  "password": null
}