{
  "id": "gen9championsvgc2026regma-2580922486",
  "format": "[Gen 9 Champions] VGC 2026 Reg M-A",
  "players": [
    "skauchiha",
    "Asteroide89"
  ],
  "log": "|j|\u2606skauchiha\n|j|\u2606Asteroide89\n|t:|1775943607\n|gametype|doubles\n|player|p1|skauchiha|170|1026\n|player|p2|Asteroide89|169|1096\n|gen|9\n|tier|[Gen 9 Champions] VGC 2026 Reg M-A\n|rated|\n|rule|Species Clause: Limit one of each Pok\u00e9mon\n|rule|Item Clause: Limit 1 of each item\n|clearpoke\n|poke|p1|Floette-Eternal, L50, F|\n|poke|p1|Sinistcha, L50|\n|poke|p1|Incineroar, L50, F|\n|poke|p1|Quaquaval, L50, M|\n|poke|p1|Whimsicott, L50, F|\n|poke|p1|Torkoal, L50, M|\n|poke|p2|Gengar, L50, M|\n|poke|p2|Politoed, L50, M|\n|poke|p2|Basculegion, L50, M|\n|poke|p2|Archaludon, L50, F|\n|poke|p2|Incineroar, L50, M|\n|poke|p2|Sinistcha, L50|\n|teampreview|4\nskauchiha has agreed to open team sheets.\n|\n|t:|1775943635\n|teamsize|p1|4\n|teamsize|p2|4\n|start\n|switch|p1a: Floette|Floette-Eternal, L50, F, shiny|100/100\n|switch|p1b: Sinistcha|Sinistcha, L50|100/100\n|switch|p2a: Gengar|Gengar, L50, M, shiny|100/100\n|switch|p2b: Incineroar|Incineroar, L50, M|100/100\n|-ability|p2b: Incineroar|Intimidate|boost\n|-unboost|p1a: Floette|atk|1\n|-block|p1b: Sinistcha|ability: Flower Veil|[of] p1a: Floette\n|turn|1\n|\n|t:|1775943660\n|detailschange|p2a: Gengar|Gengar-Mega, L50, M, shiny\n|-mega|p2a: Gengar|Gengar|Gengarite\n|move|p1a: Floette|Protect|p1a: Floette\n|-singleturn|p1a: Floette|Protect\n|move|p2b: Incineroar|Fake Out|p1a: Floette\n|-activate|p1a: Floette|move: Protect\n|move|p2a: Gengar|Perish Song|p2a: Gengar\n|-start|p1a: Floette|perish3|[silent]\n|-start|p1b: Sinistcha|perish3|[silent]\n|-start|p2a: Gengar|perish3|[silent]\n|-start|p2b: Incineroar|perish3|[silent]\n|-fieldactivate|move: Perish Song\n|move|p1b: Sinistcha|Trick Room|p1b: Sinistcha\n|-fieldstart|move: Trick Room|[of] p1b: Sinistcha\n|\n|-start|p2b: Incineroar|perish3\n|-start|p1b: Sinistcha|perish3\n|-start|p1a: Floette|perish3\n|-start|p2a: Gengar|perish3\n|upkeep\n|turn|2\n|\n|t:|1775943686\n|switch|p2a: Politoed|Politoed, L50, M, shiny|100/100\n|-weather|RainDance|[from] ability: Drizzle|[of] p2a: Politoed\n|detailschange|p1a: Floette|Floette-Mega, L50, F, shiny\n|-mega|p1a: Floette|Floette|Floettite\n|-ability|p1a: Floette|Fairy Aura\n|move|p2b: Incineroar|Parting Shot|p1a: Floette\n|-unboost|p1a: Floette|atk|1\n|-unboost|p1a: Floette|spa|1\n|\n|t:|1775943695\n|switch|p2b: Gengar|Gengar-Mega, L50, M, shiny|100/100|[from] Parting Shot\n|move|p1b: Sinistcha|Matcha Gotcha|p2b: Gengar|[spread] p2a\n|-miss|p1b: Sinistcha|p2b: Gengar\n|-supereffective|p2a: Politoed|1\n|-damage|p2a: Politoed|66/100\n|move|p1a: Floette|Light of Ruin|p2a: Politoed\n|-damage|p2a: Politoed|12/100\n|-damage|p1a: Floette|65/100|[from] Recoil\n|\n|-weather|RainDance|[upkeep]\n|-start|p1b: Sinistcha|perish2\n|-start|p1a: Floette|perish2\n|upkeep\n|turn|3\n|\n|t:|1775943732\n|move|p2b: Gengar|Protect|p2b: Gengar\n|-singleturn|p2b: Gengar|Protect\n|move|p1b: Sinistcha|Matcha Gotcha|p2b: Gengar|[spread] p2a\n|-activate|p2b: Gengar|move: Protect\n|-supereffective|p2a: Politoed|1\n|-damage|p2a: Politoed|0 fnt\n|faint|p2a: Politoed\n|move|p1a: Floette|Light of Ruin|p2b: Gengar\n|-activate|p2b: Gengar|move: Protect\n|\n|-weather|RainDance|[upkeep]\n|-start|p1b: Sinistcha|perish1\n|-start|p1a: Floette|perish1\n|upkeep\n|\n|t:|1775943748\n|switch|p2a: Incineroar|Incineroar, L50, M|100/100\n|-ability|p2a: Incineroar|Intimidate|boost\n|-unboost|p1a: Floette|atk|1\n|-unboost|p1b: Sinistcha|atk|1\n|turn|4\n|\n|t:|1775943767\n|switch|p2b: Archaludon|Archaludon, L50, F|100/100\n|move|p2a: Incineroar|Fake Out|p1a: Floette\n|-crit|p1a: Floette\n|-damage|p1a: Floette|46/100\n|move|p1b: Sinistcha|Matcha Gotcha|p2b: Archaludon|[spread] p2a,p2b\n|-resisted|p2a: Incineroar|1\n|-resisted|p2b: Archaludon|2\n|-damage|p2a: Incineroar|91/100\n|-damage|p2b: Archaludon|95/100\n|-ability|p2b: Archaludon|Stamina|boost\n|-boost|p2b: Archaludon|def|1\n|cant|p1a: Floette|flinch\n|\n|-weather|RainDance|[upkeep]\n|-heal|p2b: Archaludon|100/100|[from] item: Leftovers\n|-start|p1b: Sinistcha|perish0\n|-start|p1a: Floette|perish0\n|faint|p1b: Sinistcha\n|faint|p1a: Floette\n|upkeep\n|\n|t:|1775943773\n|switch|p1b: Quaquaval|Quaquaval, L50, M|100/100\n|switch|p1a: Torkoal|Torkoal, L50, M|100/100\n|-weather|SunnyDay|[from] ability: Drought|[of] p1a: Torkoal\n|turn|5\n|\n|t:|1775943806\n|move|p2b: Archaludon|Protect|p2b: Archaludon\n|-singleturn|p2b: Archaludon|Protect\n|move|p1a: Torkoal|Eruption|p2b: Archaludon|[spread] p2a\n|-activate|p2b: Archaludon|move: Protect\n|-resisted|p2a: Incineroar|1\n|-damage|p2a: Incineroar|59/100\n|move|p2a: Incineroar|Parting Shot|p1a: Torkoal\n|-unboost|p1a: Torkoal|atk|1\n|-unboost|p1a: Torkoal|spa|1\n|\n|t:|1775943816\n|switch|p2a: Gengar|Gengar-Mega, L50, M, shiny|100/100|[from] Parting Shot\n|move|p1b: Quaquaval|Aqua Step|p2a: Gengar\n|-damage|p2a: Gengar|68/100\n|-boost|p1b: Quaquaval|spe|1\n|\n|-weather|SunnyDay|[upkeep]\n|-fieldend|move: Trick Room\n|upkeep\n|turn|6\n|\n|t:|1775943833\n|move|p1a: Torkoal|Helping Hand|p1b: Quaquaval\n|-singleturn|p1b: Quaquaval|Helping Hand|[of] p1a: Torkoal\n|move|p1b: Quaquaval|Aqua Step|p2a: Gengar\n|-damage|p2a: Gengar|17/100\n|-boost|p1b: Quaquaval|spe|1\n|move|p2a: Gengar|Shadow Ball|p1b: Quaquaval\n|-damage|p1b: Quaquaval|41/100\n|move|p2b: Archaludon|Snarl|p1b: Quaquaval|[spread] p1a,p1b\n|-resisted|p1b: Quaquaval|1\n|-damage|p1a: Torkoal|85/100\n|-damage|p1b: Quaquaval|33/100\n|-unboost|p1a: Torkoal|spa|1\n|-unboost|p1b: Quaquaval|spa|1\n|\n|-weather|SunnyDay|[upkeep]\n|upkeep\n|turn|7\n|\n|t:|1775943847\n|switch|p2b: Incineroar|Incineroar, L50, M|59/100\n|-ability|p2b: Incineroar|Intimidate|boost\n|-unboost|p1a: Torkoal|atk|1\n|-unboost|p1b: Quaquaval|atk|1\n|move|p2a: Gengar|Protect|p2a: Gengar\n|-singleturn|p2a: Gengar|Protect\n|move|p1b: Quaquaval|Close Combat|p2b: Incineroar\n|-supereffective|p2b: Incineroar|1\n|-damage|p2b: Incineroar|0 fnt\n|-unboost|p1b: Quaquaval|def|1\n|-unboost|p1b: Quaquaval|spd|1\n|faint|p2b: Incineroar\n|-ability|p1b: Quaquaval|Moxie|boost\n|-boost|p1b: Quaquaval|atk|1\n|move|p1a: Torkoal|Eruption|p2a: Gengar\n|-activate|p2a: Gengar|move: Protect\n|\n|-weather|SunnyDay|[upkeep]\n|upkeep\n|\n|t:|1775943864\n|switch|p2b: Archaludon|Archaludon, L50, F|100/100\n|turn|8\n|\n|t:|1775943877\n|move|p2a: Gengar|Protect|p2a: Gengar\n|-singleturn|p2a: Gengar|Protect\n|move|p1b: Quaquaval|Aqua Step|p2a: Gengar\n|-activate|p2a: Gengar|move: Protect\n|move|p2b: Archaludon|Draco Meteor|p1b: Quaquaval\n|-damage|p1b: Quaquaval|0 fnt\n|-unboost|p2b: Archaludon|spa|2\n|faint|p1b: Quaquaval\n|move|p1a: Torkoal|Eruption|p2a: Gengar|[spread] p2b\n|-activate|p2a: Gengar|move: Protect\n|-damage|p2b: Archaludon|65/100\n|-ability|p2b: Archaludon|Stamina|boost\n|-boost|p2b: Archaludon|def|1\n|\n|-weather|SunnyDay|[upkeep]\n|-heal|p2b: Archaludon|72/100|[from] item: Leftovers\n|upkeep\n|turn|9\n|\n|t:|1775943899\n|move|p2a: Gengar|Shadow Ball|p1a: Torkoal\n|-damage|p1a: Torkoal|30/100\n|move|p2b: Archaludon|Snarl|p1a: Torkoal\n|-crit|p1a: Torkoal\n|-damage|p1a: Torkoal|0 fnt\n|faint|p1a: Torkoal\n|\n|win|Asteroide89\n|raw|skauchiha's rating: 1026 &rarr; <strong>1015</strong><br />(-11 for losing)\n|raw|Asteroide89's rating: 1096 &rarr; <strong>1117</strong><br />(+21 for winning)\n",
  "uploadtime": 1775943908,
  "views": 24,
  "formatid": "gen9championsvgc2026regma",
  "rating": 1015,
  "private": 0,
  "password": null
}