{
  "id": "gen9championsvgc2026regma-2584655068",
  "format": "[Gen 9 Champions] VGC 2026 Reg M-A",
  "players": [
    "Saint VGC",
    "battle sim trainer"
  ],
  "log": "|j|\u2606Saint VGC\n|j|\u2606battle sim trainer\n|t:|1776274755\n|gametype|doubles\n|player|p1|Saint VGC|shadowtriad|1111\n|player|p2|battle sim trainer|turo|1072\n|gen|9\n|tier|[Gen 9 Champions] VGC 2026 Reg M-A\n|rated|\n|rule|Species Clause: Limit one of each Pok\u00e9mon\n|rule|Item Clause: Limit 1 of each item\n|clearpoke\n|poke|p1|Dragapult, L50, F|\n|poke|p1|Sneasler, L50, M|\n|poke|p1|Camerupt, L50, M|\n|poke|p1|Sinistcha, L50|\n|poke|p1|Primarina, L50, F|\n|poke|p1|Zoroark-Hisui, L50, M|\n|poke|p2|Farigiraf, L50, F|\n|poke|p2|Slowbro, L50, F|\n|poke|p2|Maushold-Four, L50|\n|poke|p2|Hatterene, L50, F|\n|poke|p2|Sableye, L50, F|\n|poke|p2|Rotom, L50|\n|teampreview|4\n|\n|t:|1776274809\n|teamsize|p1|4\n|teamsize|p2|4\n|start\n|switch|p1a: Sneasler|Sneasler, L50, M|100/100\n|switch|p1b: Sinistcha|Sinistcha, L50|100/100\n|switch|p2a: Maushold|Maushold-Four, L50|100/100\n|switch|p2b: Farigiraf|Farigiraf, L50, F|100/100\n|turn|1\n|\n|t:|1776274821\n|move|p1a: Sneasler|Close Combat|p2a: Maushold\n|-supereffective|p2a: Maushold|1\n|-enditem|p2a: Maushold|Focus Sash\n|-damage|p2a: Maushold|1/100\n|-unboost|p1a: Sneasler|def|1\n|-unboost|p1a: Sneasler|spd|1\n|-enditem|p1a: Sneasler|White Herb\n|-clearnegativeboost|p1a: Sneasler|[silent]\n|move|p1b: Sinistcha|Taunt|p2b: Farigiraf\n|-start|p2b: Farigiraf|move: Taunt\n|move|p2a: Maushold|Taunt|p1b: Sinistcha\n|-start|p1b: Sinistcha|move: Taunt\n|cant|p2b: Farigiraf|move: Taunt|Trick Room\n|\n|upkeep\n|turn|2\n|c|\u2606battle sim trainer|ahhhh\n|\n|t:|1776274864\n|switch|p2b: Sableye|Sableye, L50, F|100/100\n|move|p1a: Sneasler|Dire Claw|p2b: Sableye\n|-resisted|p2b: Sableye|1\n|-damage|p2b: Sableye|83/100\n|-status|p2b: Sableye|par\n|move|p1b: Sinistcha|Icy Wind|p2a: Maushold|[spread] p2a,p2b\n|-crit|p2b: Sableye\n|-damage|p2a: Maushold|0 fnt\n|-damage|p2b: Sableye|64/100 par\n|-unboost|p2b: Sableye|spe|1\n|faint|p2a: Maushold\n|\n|-heal|p2b: Sableye|69/100 par|[from] item: Leftovers\n|upkeep\n|\n|t:|1776274881\n|switch|p2a: Farigiraf|Farigiraf, L50, F|100/100\n|turn|3\n|\n|t:|1776274906\n|move|p2b: Sableye|Encore|p1b: Sinistcha\n|-start|p1b: Sinistcha|Encore\n|move|p1a: Sneasler|Dire Claw|p2a: Farigiraf\n|-damage|p2a: Farigiraf|63/100\n|move|p1b: Sinistcha|Icy Wind|p2b: Sableye|[spread] p2a,p2b\n|-damage|p2a: Farigiraf|52/100\n|-damage|p2b: Sableye|52/100 par\n|-unboost|p2a: Farigiraf|spe|1\n|-unboost|p2b: Sableye|spe|1\n|move|p2a: Farigiraf|Trick Room|p2a: Farigiraf\n|-fieldstart|move: Trick Room|[of] p2a: Farigiraf\n|\n|-heal|p2b: Sableye|58/100 par|[from] item: Leftovers\n|upkeep\n|turn|4\n|\n|t:|1776274935\n|switch|p2b: Slowbro|Slowbro, L50, F|100/100\n|move|p2a: Farigiraf|Psyshock|p1a: Sneasler\n|-supereffective|p1a: Sneasler|2\n|-damage|p1a: Sneasler|0 fnt\n|faint|p1a: Sneasler\n|move|p1b: Sinistcha|Icy Wind|p2b: Slowbro|[spread] p2a,p2b\n|-resisted|p2b: Slowbro|1\n|-crit|p2b: Slowbro\n|-damage|p2a: Farigiraf|41/100\n|-damage|p2b: Slowbro|93/100\n|-unboost|p2a: Farigiraf|spe|1\n|-unboost|p2b: Slowbro|spe|1\n|-enditem|p2a: Farigiraf|Sitrus Berry|[eat]\n|-heal|p2a: Farigiraf|66/100|[from] item: Sitrus Berry\n|\n|-end|p1b: Sinistcha|move: Taunt\n|upkeep\n|\n|t:|1776274946\n|switch|p1a: Primarina|Primarina, L50, F|100/100\n|turn|5\n|\n|t:|1776274967\n|switch|p1b: Sinistcha|Sinistcha, L50|100/100\n|detailschange|p2b: Slowbro|Slowbro-Mega, L50, F\n|-mega|p2b: Slowbro|Slowbro|Slowbronite\n|move|p2b: Slowbro|Iron Defense|p2b: Slowbro\n|-boost|p2b: Slowbro|def|2\n|move|p2a: Farigiraf|Nasty Plot|p2a: Farigiraf\n|-boost|p2a: Farigiraf|spa|2\n|move|p1a: Primarina|Calm Mind|p1a: Primarina\n|-boost|p1a: Primarina|spa|1\n|-boost|p1a: Primarina|spd|1\n|\n|upkeep\n|turn|6\n|\n|t:|1776274989\n|move|p2b: Slowbro|Body Press|p1a: Primarina\n|-resisted|p1a: Primarina|1\n|-damage|p1a: Primarina|72/100\n|move|p2a: Farigiraf|Psyshock|p1b: Sinistcha\n|-damage|p1b: Sinistcha|48/100\n|-enditem|p1b: Sinistcha|Sitrus Berry|[eat]\n|-heal|p1b: Sinistcha|72/100|[from] item: Sitrus Berry\n|move|p1a: Primarina|Hyper Voice|p2b: Slowbro|[spread] p2a,p2b\n|-crit|p2a: Farigiraf\n|-resisted|p2b: Slowbro|1\n|-damage|p2a: Farigiraf|5/100\n|-damage|p2b: Slowbro|74/100\n|move|p1b: Sinistcha|Trick Room|p1b: Sinistcha\n|-fieldend|move: Trick Room\n|\n|-heal|p1a: Primarina|78/100|[from] item: Leftovers\n|upkeep\n|turn|7\n|\n|t:|1776275008\n|switch|p2a: Sableye|Sableye, L50, F|58/100 par\n|move|p1b: Sinistcha|Matcha Gotcha|p2b: Slowbro|[spread] p2a,p2b\n|-supereffective|p2b: Slowbro|1\n|-damage|p2a: Sableye|25/100 par\n|-heal|p1b: Sinistcha|87/100|[from] drain|[of] p2a: Sableye\n|-damage|p2b: Slowbro|39/100\n|-heal|p1b: Sinistcha|100/100|[from] drain|[of] p2b: Slowbro\n|move|p1a: Primarina|Hyper Voice|p2b: Slowbro|[spread] p2a,p2b\n|-resisted|p2b: Slowbro|1\n|-damage|p2a: Sableye|0 fnt\n|-damage|p2b: Slowbro|20/100\n|faint|p2a: Sableye\n|move|p2b: Slowbro|Trick Room|p2b: Slowbro\n|-fieldstart|move: Trick Room|[of] p2b: Slowbro\n|\n|-heal|p1a: Primarina|85/100|[from] item: Leftovers\n|upkeep\n|\n|t:|1776275017\n|switch|p2a: Farigiraf|Farigiraf, L50, F|5/100\n|turn|8\n|c|\u2606Saint VGC|gg\n|c|\u2606battle sim trainer|gg\n|c|\u2606battle sim trainer|ahh man\n|c|\u2606battle sim trainer|i wanna figure out the bro lol\n|\n|t:|1776275056\n|move|p2b: Slowbro|Slack Off|p2b: Slowbro\n|-heal|p2b: Slowbro|70/100\n|move|p2a: Farigiraf|Psyshock|p1b: Sinistcha\n|-damage|p1b: Sinistcha|72/100\n|move|p1a: Primarina|Hyper Voice|p2a: Farigiraf|[spread] p2a,p2b\n|-resisted|p2b: Slowbro|1\n|-damage|p2a: Farigiraf|0 fnt\n|-damage|p2b: Slowbro|52/100\n|faint|p2a: Farigiraf\n|move|p1b: Sinistcha|Trick Room|p1b: Sinistcha\n|-fieldend|move: Trick Room\n|\n|-heal|p1a: Primarina|91/100|[from] item: Leftovers\n|upkeep\n|turn|9\n|-message|battle sim trainer forfeited.\n|\n|win|Saint VGC\n|raw|Saint VGC's rating: 1111 &rarr; <strong>1133</strong><br />(+22 for winning)\n|raw|battle sim trainer's rating: 1072 &rarr; <strong>1054</strong><br />(-18 for losing)\n",
  "uploadtime": 1776275070,
  "views": 17,
  "formatid": "gen9championsvgc2026regma",
  "rating": 1054,
  "private": 0,
  "password": null
}