{
  "id": "gen9championsvgc2026regma-2587318537",
  "format": "[Gen 9 Champions] VGC 2026 Reg M-A",
  "players": [
    "Gruff10101",
    "RolandGT"
  ],
  "log": "|j|\u2606Gruff10101\n|j|\u2606RolandGT\n|t:|1776521541\n|gametype|doubles\n|player|p1|Gruff10101|266|1170\n|player|p2|RolandGT|veteran|1131\n|gen|9\n|tier|[Gen 9 Champions] VGC 2026 Reg M-A\n|rated|\n|rule|Species Clause: Limit one of each Pok\u00e9mon\n|rule|Item Clause: Limit 1 of each item\n|clearpoke\n|poke|p1|Excadrill, L50, F|\n|poke|p1|Tyranitar, L50, F|\n|poke|p1|Incineroar, L50, M|\n|poke|p1|Floette-Eternal, L50, F|\n|poke|p1|Sinistcha, L50|\n|poke|p1|Milotic, L50, F|\n|poke|p2|Meowscarada, L50, M|\n|poke|p2|Raichu, L50, F|\n|poke|p2|Scovillain, L50, M|\n|poke|p2|Quaquaval, L50, M, shiny|\n|poke|p2|Ninetales-Alola, L50, F|\n|poke|p2|Dragonite, L50, M|\n|teampreview|4\n|inactive|Battle timer is ON: inactive players will automatically lose when time's up. (requested by RolandGT)\n|inactive|RolandGT has 60 seconds left.\n|\n|t:|1776521588\n|teamsize|p1|4\n|teamsize|p2|4\n|start\n|switch|p1a: Milotic|Milotic, L50, F|100/100\n|switch|p1b: Incineroar|Incineroar, L50, M|100/100\n|switch|p2a: Meowscarada|Meowscarada, L50, M|100/100\n|switch|p2b: Raichu|Raichu, L50, F|100/100\n|-ability|p1b: Incineroar|Intimidate|boost\n|-unboost|p2a: Meowscarada|atk|1\n|-unboost|p2b: Raichu|atk|1\n|turn|1\n|inactive|Gruff10101 has 30 seconds left.\n|\n|t:|1776521622\n|move|p1a: Milotic|Protect|p1a: Milotic\n|-singleturn|p1a: Milotic|Protect\n|move|p2b: Raichu|Fake Out|p1b: Incineroar\n|-damage|p1b: Incineroar|95/100\n|move|p2a: Meowscarada|Flower Trick|p1b: Incineroar\n|-resisted|p1b: Incineroar|1\n|-crit|p1b: Incineroar\n|-damage|p1b: Incineroar|71/100\n|cant|p1b: Incineroar|flinch\n|\n|upkeep\n|turn|2\n|\n|t:|1776521635\n|switch|p1a: Sinistcha|Sinistcha, L50|100/100\n|-heal|p1b: Incineroar|96/100|[from] ability: Hospitality|[of] p1a: Sinistcha\n|move|p2b: Raichu|Thunderbolt|p1a: Sinistcha\n|-resisted|p1a: Sinistcha|1\n|-damage|p1a: Sinistcha|83/100\n|move|p2a: Meowscarada|Knock Off|p1b: Incineroar\n|-resisted|p1b: Incineroar|1\n|-damage|p1b: Incineroar|81/100\n|-enditem|p1b: Incineroar|Chople Berry|[from] move: Knock Off|[of] p2a: Meowscarada\n|move|p1b: Incineroar|Flare Blitz|p2a: Meowscarada\n|-supereffective|p2a: Meowscarada|1\n|-enditem|p2a: Meowscarada|Focus Sash\n|-damage|p2a: Meowscarada|1/100\n|-damage|p1b: Incineroar|56/100|[from] Recoil\n|\n|-heal|p1a: Sinistcha|89/100|[from] item: Leftovers\n|upkeep\n|turn|3\n|inactive|Gruff10101 has 30 seconds left.\n|\n|t:|1776521661\n|switch|p2b: Scovillain|Scovillain, L50, M|100/100\n|move|p2a: Meowscarada|Protect|p2a: Meowscarada\n|-singleturn|p2a: Meowscarada|Protect\n|move|p1a: Sinistcha|Rage Powder|p1a: Sinistcha\n|-singleturn|p1a: Sinistcha|move: Rage Powder\n|move|p1b: Incineroar|Flare Blitz|p2b: Scovillain\n|-damage|p2b: Scovillain|33/100\n|-damage|p1b: Incineroar|41/100|[from] Recoil\n|\n|-heal|p1a: Sinistcha|95/100|[from] item: Leftovers\n|-ability|p2b: Scovillain|Moody|boost\n|-boost|p2b: Scovillain|def|2\n|-unboost|p2b: Scovillain|spa|1\n|upkeep\n|turn|4\n|inactive|RolandGT has 30 seconds left.\n|\n|t:|1776521694\n|detailschange|p2b: Scovillain|Scovillain-Mega, L50, M\n|-mega|p2b: Scovillain|Scovillain|Scovillainite\n|move|p1a: Sinistcha|Rage Powder|p1a: Sinistcha\n|-singleturn|p1a: Sinistcha|move: Rage Powder\n|move|p2a: Meowscarada|Flower Trick|p1b: Incineroar\n|-resisted|p1b: Incineroar|1\n|-crit|p1b: Incineroar\n|-damage|p1b: Incineroar|4/100\n|move|p2b: Scovillain|Flamethrower|p1b: Incineroar\n|-resisted|p1b: Incineroar|1\n|-damage|p1b: Incineroar|0 fnt\n|faint|p1b: Incineroar\n|\n|-heal|p1a: Sinistcha|100/100|[from] item: Leftovers\n|upkeep\n|\n|t:|1776521710\n|switch|p1b: Floette|Floette-Eternal, L50, F|100/100\n|turn|5\n|\n|t:|1776521719\n|switch|p2a: Raichu|Raichu, L50, F|100/100\n|detailschange|p1b: Floette|Floette-Mega, L50, F\n|-mega|p1b: Floette|Floette|Floettite\n|-ability|p1b: Floette|Fairy Aura\n|move|p2b: Scovillain|Protect|p2b: Scovillain\n|-singleturn|p2b: Scovillain|Protect\n|move|p1b: Floette|Dazzling Gleam|p2a: Raichu|[spread] p2a\n|-activate|p2b: Scovillain|move: Protect\n|-damage|p2a: Raichu|30/100\n|move|p1a: Sinistcha|Life Dew||[still]|[still]|[spread] \n|-fail|p1a: Sinistcha|heal\n|-fail|p1b: Floette|heal\n|\n|upkeep\n|turn|6\n|inactive|Gruff10101 has 30 seconds left.\n|inactive|RolandGT has 30 seconds left.\n|\n|t:|1776521760\n|switch|p2a: Ninetales|Ninetales-Alola, L50, F|100/100\n|-weather|Snowscape|[from] ability: Snow Warning|[of] p2a: Ninetales\n|move|p1b: Floette|Protect|p1b: Floette\n|-singleturn|p1b: Floette|Protect\n|move|p2b: Scovillain|Flamethrower|p1a: Sinistcha\n|-supereffective|p1a: Sinistcha|1\n|-damage|p1a: Sinistcha|40/100\n|-status|p1a: Sinistcha|brn\n|move|p1a: Sinistcha|Life Dew||[still]|[spread] p1a,p1b\n|-heal|p1a: Sinistcha|65/100 brn\n|-fail|p1b: Floette|heal\n|\n|-weather|Snowscape|[upkeep]\n|-heal|p1a: Sinistcha|71/100 brn|[from] item: Leftovers\n|-damage|p1a: Sinistcha|65/100 brn|[from] brn\n|upkeep\n|turn|7\n|\n|t:|1776521779\n|move|p2b: Scovillain|Protect|p2b: Scovillain\n|-singleturn|p2b: Scovillain|Protect\n|move|p1a: Sinistcha|Rage Powder|p1a: Sinistcha\n|-singleturn|p1a: Sinistcha|move: Rage Powder\n|move|p1b: Floette|Moonblast|p2b: Scovillain\n|-activate|p2b: Scovillain|move: Protect\n|move|p2a: Ninetales|Icy Wind|p1b: Floette|[spread] p1a,p1b\n|-supereffective|p1a: Sinistcha|1\n|-damage|p1a: Sinistcha|34/100 brn\n|-damage|p1b: Floette|87/100\n|-unboost|p1a: Sinistcha|spe|1\n|-unboost|p1b: Floette|spe|1\n|\n|-weather|Snowscape|[upkeep]\n|-heal|p1a: Sinistcha|40/100 brn|[from] item: Leftovers\n|-damage|p1a: Sinistcha|34/100 brn|[from] brn\n|upkeep\n|turn|8\n|\n|t:|1776521794\n|switch|p2b: Raichu|Raichu, L50, F|30/100\n|move|p1a: Sinistcha|Rage Powder|p1a: Sinistcha\n|-singleturn|p1a: Sinistcha|move: Rage Powder\n|move|p2a: Ninetales|Icy Wind|p1a: Sinistcha|[spread] p1a\n|-miss|p2a: Ninetales|p1b: Floette\n|-supereffective|p1a: Sinistcha|1\n|-damage|p1a: Sinistcha|3/100 brn\n|-unboost|p1a: Sinistcha|spe|1\n|move|p1b: Floette|Dazzling Gleam|p2a: Ninetales|[spread] p2a,p2b\n|-crit|p2b: Raichu\n|-damage|p2a: Ninetales|55/100\n|-damage|p2b: Raichu|0 fnt\n|faint|p2b: Raichu\n|\n|-weather|Snowscape|[upkeep]\n|-heal|p1a: Sinistcha|9/100 brn|[from] item: Leftovers\n|-damage|p1a: Sinistcha|3/100 brn|[from] brn\n|upkeep\n|\n|t:|1776521815\n|switch|p2b: Scovillain|Scovillain-Mega, L50, M|33/100\n|turn|9\n|\n|t:|1776521822\n|move|p1a: Sinistcha|Rage Powder|p1a: Sinistcha\n|-singleturn|p1a: Sinistcha|move: Rage Powder\n|move|p2a: Ninetales|Icy Wind|p1a: Sinistcha|[spread] p1a,p1b\n|-supereffective|p1a: Sinistcha|1\n|-damage|p1a: Sinistcha|0 fnt\n|-damage|p1b: Floette|72/100\n|-unboost|p1b: Floette|spe|1\n|faint|p1a: Sinistcha\n|move|p2b: Scovillain|Giga Drain|p1b: Floette\n|-damage|p1b: Floette|36/100\n|-heal|p2b: Scovillain|53/100|[from] drain|[of] p1b: Floette\n|move|p1b: Floette|Dazzling Gleam|p2a: Ninetales|[spread] p2a,p2b\n|-resisted|p2b: Scovillain|1\n|-damage|p2a: Ninetales|7/100\n|-damage|p2b: Scovillain|17/100\n|-status|p1b: Floette|brn|[from] ability: Spicy Spray|[of] p2b: Scovillain\n|\n|-weather|Snowscape|[upkeep]\n|-damage|p1b: Floette|30/100 brn|[from] brn\n|upkeep\n|\n|t:|1776521835\n|switch|p1a: Milotic|Milotic, L50, F|100/100\n|turn|10\n|\n|t:|1776521842\n|move|p2a: Ninetales|Moonblast|p1b: Floette\n|-damage|p1b: Floette|0 fnt\n|faint|p1b: Floette\n|move|p2b: Scovillain|Giga Drain|p1a: Milotic\n|-supereffective|p1a: Milotic|1\n|-damage|p1a: Milotic|25/100\n|-heal|p2b: Scovillain|66/100|[from] drain|[of] p1a: Milotic\n|-enditem|p1a: Milotic|Sitrus Berry|[eat]\n|-heal|p1a: Milotic|49/100|[from] item: Sitrus Berry\n|move|p1a: Milotic|Icy Wind|p2a: Ninetales|[spread] p2a,p2b\n|-resisted|p2a: Ninetales|1\n|-damage|p2a: Ninetales|0 fnt\n|-damage|p2b: Scovillain|48/100\n|-unboost|p2b: Scovillain|spe|1\n|-status|p1a: Milotic|brn|[from] ability: Spicy Spray|[of] p2b: Scovillain\n|faint|p2a: Ninetales\n|\n|-weather|none\n|-damage|p1a: Milotic|43/100 brn|[from] brn\n|upkeep\n|\n|t:|1776521853\n|switch|p2a: Meowscarada|Meowscarada, L50, M|1/100\n|turn|11\n|-message|Gruff10101 forfeited.\n|\n|win|RolandGT\n|raw|Gruff10101's rating: 1170 &rarr; <strong>1142</strong><br />(-28 for losing)\n|raw|RolandGT's rating: 1131 &rarr; <strong>1159</strong><br />(+28 for winning)\n|l|\u2606Gruff10101\n|player|p1|\n|c|\u2606RolandGT|Gg\n",
  "uploadtime": 1776521868,
  "views": 21,
  "formatid": "gen9championsvgc2026regma",
  "rating": 1142,
  "private": 0,
  "password": null
}