{
  "id": "gen9championsvgc2026regma-2584616064",
  "format": "[Gen 9 Champions] VGC 2026 Reg M-A",
  "players": [
    "MimeYourBusiness",
    "rulocf"
  ],
  "log": "|j|\u2606MimeYourBusiness\n|j|\u2606rulocf\n|t:|1776272315\n|gametype|doubles\n|player|p1|MimeYourBusiness|nemona-s|1292\n|player|p2|rulocf|lucas-gen4pt|1299\n|gen|9\n|tier|[Gen 9 Champions] VGC 2026 Reg M-A\n|rated|\n|rule|Species Clause: Limit one of each Pok\u00e9mon\n|rule|Item Clause: Limit 1 of each item\n|clearpoke\n|poke|p1|Aerodactyl, L50, M|\n|poke|p1|Garchomp, L50, M|\n|poke|p1|Froslass, L50, F|\n|poke|p1|Sneasler, L50, M|\n|poke|p1|Basculegion, L50, M|\n|poke|p1|Kingambit, L50, M|\n|poke|p2|Starmie, L50|\n|poke|p2|Sneasler, L50, F|\n|poke|p2|Sinistcha, L50|\n|poke|p2|Kingambit, L50, F|\n|poke|p2|Dragonite, L50, M|\n|poke|p2|Pelipper, L50, M|\n|teampreview|4\n|\n|t:|1776272349\n|teamsize|p1|4\n|teamsize|p2|4\n|start\n|switch|p1a: Sneasler|Sneasler, L50, M|100/100\n|switch|p1b: Kingambit|Kingambit, L50, M|100/100\n|switch|p2a: Sneasler|Sneasler, L50, F|100/100\n|switch|p2b: Starmie|Starmie, L50|100/100\n|turn|1\n|\n|t:|1776272388\n|detailschange|p2b: Starmie|Starmie-Mega, L50\n|-mega|p2b: Starmie|Starmie|Starminite\n|move|p2b: Starmie|Protect|p2b: Starmie\n|-singleturn|p2b: Starmie|Protect\n|move|p1a: Sneasler|Fake Out|p2a: Sneasler\n|-damage|p2a: Sneasler|77/100\n|move|p1b: Kingambit|Sucker Punch||[still]\n|-fail|p1b: Kingambit\n|cant|p2a: Sneasler|flinch\n|\n|upkeep\n|turn|2\n|\n|t:|1776272421\n|switch|p2a: Pelipper|Pelipper, L50, M|100/100\n|-weather|RainDance|[from] ability: Drizzle|[of] p2a: Pelipper\n|move|p1b: Kingambit|Protect|p1b: Kingambit\n|-singleturn|p1b: Kingambit|Protect\n|move|p2b: Starmie|Liquidation|p1b: Kingambit\n|-activate|p1b: Kingambit|move: Protect\n|move|p1a: Sneasler|Dire Claw|p2b: Starmie\n|-damage|p2b: Starmie|50/100\n|\n|-weather|RainDance|[upkeep]\n|upkeep\n|turn|3\n|\n|t:|1776272447\n|switch|p2b: Sneasler|Sneasler, L50, F|77/100\n|move|p1b: Kingambit|Sucker Punch||[still]\n|-fail|p1b: Kingambit\n|move|p2a: Pelipper|Hurricane|p1a: Sneasler\n|-supereffective|p1a: Sneasler|1\n|-damage|p1a: Sneasler|0 fnt\n|faint|p1a: Sneasler\n|\n|-weather|RainDance|[upkeep]\n|upkeep\n|\n|t:|1776272458\n|switch|p1a: Basculegion|Basculegion, L50, M|100/100\n|turn|4\n|\n|t:|1776272480\n|move|p1b: Kingambit|Protect|p1b: Kingambit\n|-singleturn|p1b: Kingambit|Protect\n|move|p1a: Basculegion|Flip Turn|p2b: Sneasler\n|-damage|p2b: Sneasler|0 fnt\n|faint|p2b: Sneasler\n|\n|t:|1776272486\n|switch|p1a: Froslass|Froslass, L50, F|100/100|[from] Flip Turn\n|move|p2a: Pelipper|Hurricane|p1a: Froslass\n|-damage|p1a: Froslass|27/100\n|\n|-weather|RainDance|[upkeep]\n|upkeep\n|\n|t:|1776272492\n|switch|p2b: Kingambit|Kingambit, L50, F|100/100\n|turn|5\n|\n|t:|1776272509\n|switch|p2a: Starmie|Starmie-Mega, L50|50/100\n|move|p1a: Froslass|Protect|p1a: Froslass\n|-singleturn|p1a: Froslass|Protect\n|move|p1b: Kingambit|Low Kick|p2b: Kingambit\n|-supereffective|p2b: Kingambit|2\n|-enditem|p2b: Kingambit|Chople Berry|[eat]\n|-enditem|p2b: Kingambit|Chople Berry|[weaken]\n|-damage|p2b: Kingambit|53/100\n|move|p2b: Kingambit|Kowtow Cleave|p1a: Froslass\n|-activate|p1a: Froslass|move: Protect\n|\n|-weather|RainDance|[upkeep]\n|upkeep\n|turn|6\n|\n|t:|1776272545\n|switch|p1a: Basculegion|Basculegion, L50, M|100/100\n|move|p2a: Starmie|Protect|p2a: Starmie\n|-singleturn|p2a: Starmie|Protect\n|move|p1b: Kingambit|Sucker Punch||[still]\n|-fail|p1b: Kingambit\n|move|p2b: Kingambit|Sucker Punch||[still]\n|-fail|p2b: Kingambit\n|\n|-weather|none\n|upkeep\n|turn|7\n|\n|t:|1776272589\n|switch|p2a: Pelipper|Pelipper, L50, M|100/100\n|-weather|RainDance|[from] ability: Drizzle|[of] p2a: Pelipper\n|move|p2b: Kingambit|Protect|p2b: Kingambit\n|-singleturn|p2b: Kingambit|Protect\n|move|p1a: Basculegion|Aqua Jet|p2a: Pelipper\n|-resisted|p2a: Pelipper|1\n|-crit|p2a: Pelipper\n|-damage|p2a: Pelipper|65/100\n|move|p1b: Kingambit|Low Kick|p2b: Kingambit\n|-activate|p2b: Kingambit|move: Protect\n|\n|-weather|RainDance|[upkeep]\n|upkeep\n|turn|8\n|\n|t:|1776272616\n|switch|p2b: Starmie|Starmie-Mega, L50|50/100\n|move|p1a: Basculegion|Aqua Jet|p2a: Pelipper\n|-resisted|p2a: Pelipper|1\n|-damage|p2a: Pelipper|41/100\n|move|p2a: Pelipper|Weather Ball|p1b: Kingambit\n|-damage|p1b: Kingambit|28/100\n|move|p1b: Kingambit|Low Kick|p2b: Starmie\n|-resisted|p2b: Starmie|1\n|-damage|p2b: Starmie|31/100\n|\n|-weather|RainDance|[upkeep]\n|upkeep\n|turn|9\n|\n|t:|1776272633\n|switch|p2b: Kingambit|Kingambit, L50, F|53/100\n|move|p1b: Kingambit|Protect|p1b: Kingambit\n|-singleturn|p1b: Kingambit|Protect\n|move|p1a: Basculegion|Aqua Jet|p2a: Pelipper\n|-resisted|p2a: Pelipper|1\n|-damage|p2a: Pelipper|18/100\n|move|p2a: Pelipper|Weather Ball|p1b: Kingambit\n|-activate|p1b: Kingambit|move: Protect\n|\n|-weather|RainDance|[upkeep]\n|upkeep\n|turn|10\n|\n|t:|1776272650\n|switch|p2a: Starmie|Starmie-Mega, L50|31/100\n|move|p1a: Basculegion|Aqua Jet|p2a: Starmie\n|-resisted|p2a: Starmie|1\n|-damage|p2a: Starmie|6/100\n|move|p1b: Kingambit|Low Kick|p2b: Kingambit\n|-supereffective|p2b: Kingambit|2\n|-damage|p2b: Kingambit|0 fnt\n|faint|p2b: Kingambit\n|\n|-weather|RainDance|[upkeep]\n|upkeep\n|\n|t:|1776272662\n|switch|p2b: Pelipper|Pelipper, L50, M|18/100\n|turn|11\n|\n|t:|1776272670\n|move|p2a: Starmie|Protect|p2a: Starmie\n|-singleturn|p2a: Starmie|Protect\n|move|p1b: Kingambit|Protect|p1b: Kingambit\n|-singleturn|p1b: Kingambit|Protect\n|move|p1a: Basculegion|Aqua Jet|p2a: Starmie\n|-activate|p2a: Starmie|move: Protect\n|move|p2b: Pelipper|Weather Ball|p1b: Kingambit\n|-activate|p1b: Kingambit|move: Protect\n|\n|-weather|none\n|upkeep\n|turn|12\n|\n|t:|1776272685\n|move|p1a: Basculegion|Aqua Jet|p2a: Starmie\n|-resisted|p2a: Starmie|1\n|-damage|p2a: Starmie|0 fnt\n|faint|p2a: Starmie\n|move|p1b: Kingambit|Sucker Punch|p2b: Pelipper\n|-damage|p2b: Pelipper|0 fnt\n|faint|p2b: Pelipper\n|\n|win|MimeYourBusiness\n|raw|MimeYourBusiness's rating: 1292 &rarr; <strong>1318</strong><br />(+26 for winning)\n|raw|rulocf's rating: 1299 &rarr; <strong>1273</strong><br />(-26 for losing)\n|l|\u2606rulocf\n|player|p2|\n",
  "uploadtime": 1776272696,
  "views": 37,
  "formatid": "gen9championsvgc2026regma",
  "rating": 1273,
  "private": 0,
  "password": null
}