{
  "id": "gen9championsvgc2026regma-2583185645",
  "format": "[Gen 9 Champions] VGC 2026 Reg M-A",
  "players": [
    "Snail Fan",
    "nooovaa"
  ],
  "log": "|j|\u2606Snail Fan\n|j|\u2606nooovaa\n|t:|1776152333\n|gametype|doubles\n|player|p1|Snail Fan|colress|1049\n|player|p2|nooovaa|aaron|1034\n|gen|9\n|tier|[Gen 9 Champions] VGC 2026 Reg M-A\n|rated|\n|rule|Species Clause: Limit one of each Pok\u00e9mon\n|rule|Item Clause: Limit 1 of each item\n|clearpoke\n|poke|p1|Tyranitar, L50, F|\n|poke|p1|Sandaconda, L50, M|\n|poke|p1|Aerodactyl, L50, M|\n|poke|p1|Sneasler, L50, F|\n|poke|p1|Sinistcha, L50|\n|poke|p1|Bellibolt, L50, M|\n|poke|p2|Arcanine, L50, F|\n|poke|p2|Rotom-Wash, L50|\n|poke|p2|Gardevoir, L50, M|\n|poke|p2|Garchomp, L50, F|\n|poke|p2|Sinistcha, L50|\n|poke|p2|Tyranitar, L50, F|\n|teampreview|4\n|inactive|Battle timer is ON: inactive players will automatically lose when time's up. (requested by nooovaa)\nSnail Fan rejected open team sheets.\n|inactive|Snail Fan has 60 seconds left.\n|\n|t:|1776152375\n|teamsize|p1|4\n|teamsize|p2|4\n|start\n|switch|p1a: Tyranitar|Tyranitar, L50, F, shiny|100/100\n|switch|p1b: Sandaconda|Sandaconda, L50, M, shiny|100/100\n|switch|p2a: Rotom|Rotom-Wash, L50|100/100\n|switch|p2b: Sinistcha|Sinistcha, L50|100/100\n|-weather|Sandstorm|[from] ability: Sand Stream|[of] p1a: Tyranitar\n|turn|1\n|inactive|nooovaa has 30 seconds left.\n|\n|t:|1776152400\n|move|p2a: Rotom|Protect|p2a: Rotom\n|-singleturn|p2a: Rotom|Protect\n|move|p1a: Tyranitar|Protect|p1a: Tyranitar\n|-singleturn|p1a: Tyranitar|Protect\n|move|p1b: Sandaconda|Minimize|p1b: Sandaconda\n|-boost|p1b: Sandaconda|evasion|2\n|move|p2b: Sinistcha|Matcha Gotcha|p1a: Tyranitar|[spread] \n|-activate|p1a: Tyranitar|move: Protect\n|-miss|p2b: Sinistcha|p1b: Sandaconda\n|\n|-weather|Sandstorm|[upkeep]\n|-damage|p2a: Rotom|95/100|[from] Sandstorm\n|-damage|p2b: Sinistcha|94/100|[from] Sandstorm\n|-heal|p2a: Rotom|100/100|[from] item: Leftovers\n|upkeep\n|turn|2\n|inactive|Snail Fan has 30 seconds left.\n|inactive|nooovaa has 30 seconds left.\n|\n|t:|1776152429\n|move|p2a: Rotom|Volt Switch|p1a: Tyranitar\n|-damage|p1a: Tyranitar|86/100\n|\n|t:|1776152436\n|switch|p2a: Tyranitar|Tyranitar, L50, F|100/100|[from] Volt Switch\n|move|p1b: Sandaconda|Minimize|p1b: Sandaconda\n|-boost|p1b: Sandaconda|evasion|2\n|move|p2b: Sinistcha|Matcha Gotcha|p1b: Sandaconda|[spread] p1a,p1b\n|-supereffective|p1a: Tyranitar|1\n|-supereffective|p1b: Sandaconda|1\n|-damage|p1a: Tyranitar|65/100\n|-heal|p2b: Sinistcha|100/100|[from] drain|[of] p1a: Tyranitar\n|-damage|p1b: Sandaconda|59/100\n|move|p1a: Tyranitar|Knock Off|p2b: Sinistcha\n|-supereffective|p2b: Sinistcha|1\n|-enditem|p2b: Sinistcha|Colbur Berry|[eat]\n|-enditem|p2b: Sinistcha|Colbur Berry|[weaken]\n|-damage|p2b: Sinistcha|71/100\n|\n|-weather|Sandstorm|[upkeep]\n|-damage|p2b: Sinistcha|65/100|[from] Sandstorm\n|-heal|p1b: Sandaconda|65/100|[from] item: Leftovers\n|upkeep\n|turn|3\n|inactive|Snail Fan has 30 seconds left.\n|inactive|nooovaa has 30 seconds left.\n|\n|t:|1776152464\n|switch|p1a: Sinistcha|Sinistcha, L50, shiny|100/100\n|-heal|p1b: Sandaconda|90/100|[from] ability: Hospitality|[of] p1a: Sinistcha\n|move|p1b: Sandaconda|Minimize|p1b: Sandaconda\n|-boost|p1b: Sandaconda|evasion|2\n|move|p2b: Sinistcha|Matcha Gotcha|p1b: Sandaconda|[spread] p1a\n|-miss|p2b: Sinistcha|p1b: Sandaconda\n|-resisted|p1a: Sinistcha|1\n|-damage|p1a: Sinistcha|86/100\n|-heal|p2b: Sinistcha|72/100|[from] drain|[of] p1a: Sinistcha\n|-status|p1a: Sinistcha|brn\n|move|p2a: Tyranitar|Low Kick|p1a: Sinistcha\n|-immune|p1a: Sinistcha\n|\n|-weather|Sandstorm|[upkeep]\n|-damage|p1a: Sinistcha|80/100 brn|[from] Sandstorm\n|-damage|p2b: Sinistcha|66/100|[from] Sandstorm\n|-heal|p1b: Sandaconda|96/100|[from] item: Leftovers\n|-damage|p1a: Sinistcha|74/100 brn|[from] brn\n|upkeep\n|turn|4\n|inactive|Snail Fan has 30 seconds left.\n|inactive|Snail Fan has 20 seconds left.\n|inactive|Snail Fan has 15 seconds left.\n|\n|t:|1776152507\n|switch|p1a: Tyranitar|Tyranitar, L50, F, shiny|65/100\n|move|p2b: Sinistcha|Rage Powder|p2b: Sinistcha\n|-singleturn|p2b: Sinistcha|move: Rage Powder\n|move|p1b: Sandaconda|Coil|p1b: Sandaconda\n|-boost|p1b: Sandaconda|atk|1\n|-boost|p1b: Sandaconda|def|1\n|-boost|p1b: Sandaconda|accuracy|1\n|move|p2a: Tyranitar|Knock Off|p1a: Tyranitar\n|-resisted|p1a: Tyranitar|1\n|-damage|p1a: Tyranitar|43/100\n|-enditem|p1a: Tyranitar|Bright Powder|[from] move: Knock Off|[of] p2a: Tyranitar\n|\n|-weather|Sandstorm|[upkeep]\n|-damage|p2b: Sinistcha|60/100|[from] Sandstorm\n|-heal|p1b: Sandaconda|100/100|[from] item: Leftovers\n|upkeep\n|turn|5\n|\n|t:|1776152531\n|move|p1a: Tyranitar|Protect|p1a: Tyranitar\n|-singleturn|p1a: Tyranitar|Protect\n|move|p1b: Sandaconda|Coil|p1b: Sandaconda\n|-boost|p1b: Sandaconda|atk|1\n|-boost|p1b: Sandaconda|def|1\n|-boost|p1b: Sandaconda|accuracy|1\n|move|p2b: Sinistcha|Matcha Gotcha|p1b: Sandaconda|[spread] \n|-activate|p1a: Tyranitar|move: Protect\n|-miss|p2b: Sinistcha|p1b: Sandaconda\n|move|p2a: Tyranitar|Low Kick|p1a: Tyranitar\n|-activate|p1a: Tyranitar|move: Protect\n|\n|-weather|none\n|upkeep\n|turn|6\n|\n|t:|1776152553\n|switch|p1a: Sneasler|Sneasler, L50, F, shiny|100/100\n|move|p1b: Sandaconda|Glare|p2b: Sinistcha\n|-status|p2b: Sinistcha|par\n|move|p2a: Tyranitar|Knock Off|p1b: Sandaconda|[miss]\n|-miss|p2a: Tyranitar|p1b: Sandaconda\n|move|p2b: Sinistcha|Matcha Gotcha|p1a: Sneasler|[spread] \n|-miss|p2b: Sinistcha|p1a: Sneasler\n|-miss|p2b: Sinistcha|p1b: Sandaconda\n|\n|upkeep\n|turn|7\n|\n|t:|1776152578\n|move|p2b: Sinistcha|Protect|p2b: Sinistcha\n|-singleturn|p2b: Sinistcha|Protect\n|move|p1a: Sneasler|Fake Out|p2a: Tyranitar\n|-resisted|p2a: Tyranitar|1\n|-crit|p2a: Tyranitar\n|-damage|p2a: Tyranitar|93/100\n|move|p1b: Sandaconda|Glare|p2a: Tyranitar\n|-status|p2a: Tyranitar|par\n|cant|p2a: Tyranitar|flinch\n|\n|upkeep\n|turn|8\n|\n|t:|1776152591\n|switch|p1a: Tyranitar|Tyranitar, L50, F, shiny|43/100\n|-weather|Sandstorm|[from] ability: Sand Stream|[of] p1a: Tyranitar\n|move|p1b: Sandaconda|Rock Slide|p2a: Tyranitar|[spread] p2a,p2b\n|-crit|p2b: Sinistcha\n|-damage|p2a: Tyranitar|72/100 par\n|-damage|p2b: Sinistcha|31/100 par\n|move|p2b: Sinistcha|Matcha Gotcha|p1a: Tyranitar|[spread] p1a\n|-miss|p2b: Sinistcha|p1b: Sandaconda\n|-supereffective|p1a: Tyranitar|1\n|-damage|p1a: Tyranitar|22/100\n|-heal|p2b: Sinistcha|43/100 par|[from] drain|[of] p1a: Tyranitar\n|-status|p1a: Tyranitar|brn\n|move|p2a: Tyranitar|Knock Off|p1a: Tyranitar\n|-resisted|p1a: Tyranitar|1\n|-damage|p1a: Tyranitar|7/100 brn\n|\n|-weather|Sandstorm|[upkeep]\n|-damage|p2b: Sinistcha|37/100 par|[from] Sandstorm\n|-damage|p1a: Tyranitar|1/100 brn|[from] brn\n|upkeep\n|turn|9\n|inactive|Snail Fan has 30 seconds left.\n|inactive|nooovaa has 30 seconds left.\n|\n|t:|1776152622\n|switch|p1a: Sneasler|Sneasler, L50, F, shiny|100/100\n|switch|p2b: Gardevoir|Gardevoir, L50, M|100/100\n|move|p2a: Tyranitar|Protect|p2a: Tyranitar\n|-singleturn|p2a: Tyranitar|Protect\n|move|p1b: Sandaconda|Coil|p1b: Sandaconda\n|-boost|p1b: Sandaconda|atk|1\n|-boost|p1b: Sandaconda|def|1\n|-boost|p1b: Sandaconda|accuracy|1\n|\n|-weather|Sandstorm|[upkeep]\n|-damage|p1a: Sneasler|95/100|[from] Sandstorm\n|-damage|p2b: Gardevoir|94/100|[from] Sandstorm\n|upkeep\n|turn|10\n|\n|t:|1776152640\n|detailschange|p2b: Gardevoir|Gardevoir-Mega, L50, M\n|-mega|p2b: Gardevoir|Gardevoir|Gardevoirite\n|move|p1a: Sneasler|Fake Out|p2b: Gardevoir\n|-damage|p2b: Gardevoir|72/100\n|cant|p2b: Gardevoir|flinch\n|move|p1b: Sandaconda|Glare|p2b: Gardevoir\n|-status|p2b: Gardevoir|par\n|cant|p2a: Tyranitar|par\n|\n|-weather|Sandstorm|[upkeep]\n|-damage|p1a: Sneasler|89/100|[from] Sandstorm\n|-damage|p2b: Gardevoir|65/100 par|[from] Sandstorm\n|upkeep\n|turn|11\n|\n|t:|1776152659\n|move|p1a: Sneasler|Dire Claw|p2b: Gardevoir\n|-supereffective|p2b: Gardevoir|1\n|-crit|p2b: Gardevoir\n|-damage|p2b: Gardevoir|0 fnt\n|faint|p2b: Gardevoir\n|move|p1b: Sandaconda|Rock Slide|p2a: Tyranitar\n|-damage|p2a: Tyranitar|35/100 par\n|move|p2a: Tyranitar|Knock Off|p1a: Sneasler\n|-resisted|p1a: Sneasler|1\n|-damage|p1a: Sneasler|41/100\n|-enditem|p1a: Sneasler|White Herb|[from] move: Knock Off|[of] p2a: Tyranitar\n|\n|-weather|Sandstorm|[upkeep]\n|-damage|p1a: Sneasler|35/100|[from] Sandstorm\n|upkeep\n|-message|nooovaa forfeited.\n|\n|win|Snail Fan\n|raw|Snail Fan's rating: 1049 &rarr; <strong>1080</strong><br />(+31 for winning)\n|raw|nooovaa's rating: 1034 &rarr; <strong>1020</strong><br />(-14 for losing)\n|l|\u2606nooovaa\n|player|p2|\n",
  "uploadtime": 1776152670,
  "views": 18,
  "formatid": "gen9championsvgc2026regma",
  "rating": 1020,
  "private": 0,
  "password": null
}