{
  "id": "gen9championsvgc2026regma-2584965889",
  "format": "[Gen 9 Champions] VGC 2026 Reg M-A",
  "players": [
    "McCoop",
    "QuaxXxXx"
  ],
  "log": "|j|\u2606McCoop\n|j|\u2606QuaxXxXx\n|t:|1776298872\n|gametype|doubles\n|player|p1|McCoop|266|1081\n|player|p2|QuaxXxXx|volkner|1047\n|gen|9\n|tier|[Gen 9 Champions] VGC 2026 Reg M-A\n|rated|\n|rule|Species Clause: Limit one of each Pok\u00e9mon\n|rule|Item Clause: Limit 1 of each item\n|clearpoke\n|poke|p1|Gengar, L50, M|\n|poke|p1|Volcarona, L50, M|\n|poke|p1|Weavile, L50, M|\n|poke|p1|Rotom-Wash, L50|\n|poke|p1|Whimsicott, L50, M|\n|poke|p1|Dragapult, L50, F|\n|poke|p2|Hatterene, L50, F|\n|poke|p2|Golurk, L50|\n|poke|p2|Incineroar, L50, M|\n|poke|p2|Whimsicott, L50, F|\n|poke|p2|Clefable, L50, F|\n|poke|p2|Torkoal, L50, M|\n|teampreview|4\n|inactive|Battle timer is ON: inactive players will automatically lose when time's up. (requested by QuaxXxXx)\n|\n|t:|1776298890\n|teamsize|p1|4\n|teamsize|p2|4\n|start\n|switch|p1a: Weavile|Weavile, L50, M|100/100\n|switch|p1b: Whimsicott|Whimsicott, L50, M|100/100\n|switch|p2a: SWITCHA|Hatterene, L50, F|100/100\n|switch|p2b: POPO|Clefable, L50, F|100/100\n|turn|1\n|\n|t:|1776298907\n|move|p2b: POPO|Follow Me|p2b: POPO\n|-singleturn|p2b: POPO|move: Follow Me\n|move|p1a: Weavile|Triple Axel|p2b: POPO\n|-damage|p2b: POPO|87/100\n|-damage|p2b: POPO|63/100\n|-damage|p2b: POPO|31/100\n|-hitcount|p2b: POPO|3\n|move|p1b: Whimsicott|Trick Room|p1b: Whimsicott\n|-fieldstart|move: Trick Room|[of] p1b: Whimsicott\n|move|p2a: SWITCHA|Trick Room|p2a: SWITCHA\n|-fieldend|move: Trick Room\n|\n|upkeep\n|turn|2\n|inactive|QuaxXxXx has 30 seconds left.\n|\n|t:|1776298937\n|move|p1b: Whimsicott|Tailwind|p1b: Whimsicott\n|-sidestart|p1: McCoop|move: Tailwind\n|move|p1a: Weavile|Triple Axel|p2b: POPO|[miss]\n|-miss|p1a: Weavile|p2b: POPO\n|move|p2b: POPO|Charm|p1a: Weavile\n|-unboost|p1a: Weavile|atk|2\n|move|p2a: SWITCHA|Calm Mind|p2a: SWITCHA\n|-boost|p2a: SWITCHA|spa|1\n|-boost|p2a: SWITCHA|spd|1\n|\n|upkeep\n|turn|3\n|\n|t:|1776298957\n|move|p2b: POPO|Follow Me|p2b: POPO\n|-singleturn|p2b: POPO|move: Follow Me\n|move|p1a: Weavile|Triple Axel|p2b: POPO\n|-damage|p2b: POPO|19/100\n|-damage|p2b: POPO|0 fnt\n|faint|p2b: POPO\n|-hitcount|p2: POPO|2\n|move|p1b: Whimsicott|Moonblast|p2a: SWITCHA\n|-damage|p2a: SWITCHA|80/100\n|move|p2a: SWITCHA|Trick Room|p2a: SWITCHA\n|-fieldstart|move: Trick Room|[of] p2a: SWITCHA\n|\n|upkeep\n|\n|t:|1776298969\n|switch|p2b: BEEF|Golurk, L50|100/100\n|turn|4\n|\n|t:|1776298987\n|switch|p1a: Volcarona|Volcarona, L50, M|100/100\n|detailschange|p2b: BEEF|Golurk-Mega, L50\n|-mega|p2b: BEEF|Golurk|Golurkite\n|move|p2a: SWITCHA|Calm Mind|p2a: SWITCHA\n|-boost|p2a: SWITCHA|spa|1\n|-boost|p2a: SWITCHA|spd|1\n|move|p2b: BEEF|Drain Punch|p1a: Volcarona\n|-resisted|p1a: Volcarona|1\n|-damage|p1a: Volcarona|84/100\n|-status|p2b: BEEF|brn|[from] ability: Flame Body|[of] p1a: Volcarona\n|move|p1b: Whimsicott|Trick Room|p1b: Whimsicott\n|-fieldend|move: Trick Room\n|\n|-damage|p2b: BEEF|94/100 brn|[from] brn\n|upkeep\n|turn|5\n|\n|t:|1776299009\n|move|p2b: BEEF|Protect|p2b: BEEF\n|-singleturn|p2b: BEEF|Protect\n|move|p1a: Volcarona|Quiver Dance|p1a: Volcarona\n|-boost|p1a: Volcarona|spa|1\n|-boost|p1a: Volcarona|spd|1\n|-boost|p1a: Volcarona|spe|1\n|move|p1b: Whimsicott|Trick Room|p1b: Whimsicott\n|-fieldstart|move: Trick Room|[of] p1b: Whimsicott\n|move|p2a: SWITCHA|Trick Room|p2a: SWITCHA\n|-fieldend|move: Trick Room\n|\n|-damage|p2b: BEEF|88/100 brn|[from] brn\n|-sideend|p1: McCoop|move: Tailwind\n|upkeep\n|turn|6\n|\n|t:|1776299033\n|switch|p2b: MENACE|Incineroar, L50, M|100/100\n|-ability|p2b: MENACE|Intimidate|boost\n|-unboost|p1a: Volcarona|atk|1\n|-unboost|p1b: Whimsicott|atk|1\n|move|p1b: Whimsicott|Fake Tears|p2b: MENACE\n|-hint|Since gen 7, Dark is immune to Prankster moves.\n|-immune|p2b: MENACE\n|move|p1a: Volcarona|Fiery Dance|p2a: SWITCHA\n|-damage|p2a: SWITCHA|53/100\n|-boost|p1a: Volcarona|spa|1\n|move|p2a: SWITCHA|Trick Room|p2a: SWITCHA\n|-fieldstart|move: Trick Room|[of] p2a: SWITCHA\n|\n|upkeep\n|turn|7\n|\n|t:|1776299057\n|switch|p1b: Rotom|Rotom-Wash, L50|100/100\n|move|p2b: MENACE|Fake Out|p1a: Volcarona\n|-crit|p1a: Volcarona\n|-damage|p1a: Volcarona|67/100\n|move|p2a: SWITCHA|Dazzling Gleam|p1a: Volcarona|[spread] p1a,p1b\n|-resisted|p1a: Volcarona|1\n|-damage|p1a: Volcarona|40/100\n|-damage|p1b: Rotom|0 fnt\n|faint|p1b: Rotom\n|cant|p1a: Volcarona|flinch\n|\n|upkeep\n|\n|t:|1776299071\n|switch|p1b: Weavile|Weavile, L50, M|100/100\n|turn|8\n|\n|t:|1776299079\n|move|p1b: Weavile|Fake Out|p2a: SWITCHA\n|-damage|p2a: SWITCHA|37/100\n|cant|p2a: SWITCHA|flinch\n|move|p2b: MENACE|Parting Shot|p1a: Volcarona\n|-unboost|p1a: Volcarona|atk|1\n|-unboost|p1a: Volcarona|spa|1\n|\n|t:|1776299088\n|switch|p2b: BEEF|Golurk-Mega, L50|88/100 brn|[from] Parting Shot\n|move|p1a: Volcarona|Fiery Dance|p2a: SWITCHA\n|-damage|p2a: SWITCHA|7/100\n|-boost|p1a: Volcarona|spa|1\n|\n|-damage|p2b: BEEF|82/100 brn|[from] brn\n|upkeep\n|turn|9\n|inactive|QuaxXxXx has 30 seconds left.\n|\n|t:|1776299118\n|switch|p1b: Whimsicott|Whimsicott, L50, M|100/100\n|move|p2a: SWITCHA|Dazzling Gleam|p1b: Whimsicott|[spread] p1a,p1b\n|-resisted|p1a: Volcarona|1\n|-damage|p1a: Volcarona|12/100\n|-damage|p1b: Whimsicott|0 fnt\n|faint|p1b: Whimsicott\n|move|p2b: BEEF|Drain Punch|p1a: Volcarona\n|-resisted|p1a: Volcarona|1\n|-damage|p1a: Volcarona|4/100\n|-heal|p2b: BEEF|86/100 brn|[from] drain|[of] p1a: Volcarona\n|move|p1a: Volcarona|Giga Drain|p2b: BEEF\n|-supereffective|p2b: BEEF|1\n|-damage|p2b: BEEF|6/100 brn\n|-heal|p1a: Volcarona|50/100|[from] drain|[of] p2b: BEEF\n|\n|-damage|p2b: BEEF|0 fnt|[from] brn\n|faint|p2b: BEEF\n|upkeep\n|\n|t:|1776299138\n|switch|p2b: MENACE|Incineroar, L50, M|100/100\n|switch|p1b: Weavile|Weavile, L50, M|100/100\n|-ability|p2b: MENACE|Intimidate|boost\n|-unboost|p1a: Volcarona|atk|1\n|-unboost|p1b: Weavile|atk|1\n|turn|10\n|\n|t:|1776299155\n|move|p2b: MENACE|Fake Out|p1a: Volcarona\n|-damage|p1a: Volcarona|39/100\n|move|p1b: Weavile|Fake Out|p2a: SWITCHA\n|-damage|p2a: SWITCHA|0 fnt\n|faint|p2a: SWITCHA\n|cant|p1a: Volcarona|flinch\n|\n|-fieldend|move: Trick Room\n|upkeep\n|turn|11\n|\n|t:|1776299168\n|move|p1a: Volcarona|Fiery Dance|p2b: MENACE\n|-resisted|p2b: MENACE|1\n|-crit|p2b: MENACE\n|-damage|p2b: MENACE|52/100\n|move|p1b: Weavile|Low Kick|p2b: MENACE\n|-supereffective|p2b: MENACE|1\n|-damage|p2b: MENACE|24/100\n|-enditem|p2b: MENACE|Sitrus Berry|[eat]\n|-heal|p2b: MENACE|49/100|[from] item: Sitrus Berry\n|move|p2b: MENACE|Flare Blitz|p1b: Weavile\n|-supereffective|p1b: Weavile|1\n|-crit|p1b: Weavile\n|-enditem|p1b: Weavile|Focus Sash\n|-damage|p1b: Weavile|1/100\n|-damage|p2b: MENACE|25/100|[from] Recoil\n|\n|upkeep\n|turn|12\n|\n|t:|1776299187\n|move|p1a: Volcarona|Rage Powder|p1a: Volcarona\n|-singleturn|p1a: Volcarona|move: Rage Powder\n|move|p1b: Weavile|Low Kick|p2b: MENACE\n|-supereffective|p2b: MENACE|1\n|-damage|p2b: MENACE|0 fnt\n|faint|p2b: MENACE\n|\n|win|McCoop\n|raw|McCoop's rating: 1081 &rarr; <strong>1106</strong><br />(+25 for winning)\n|raw|QuaxXxXx's rating: 1047 &rarr; <strong>1032</strong><br />(-15 for losing)\n",
  "uploadtime": 1776299193,
  "views": 22,
  "formatid": "gen9championsvgc2026regma",
  "rating": 1032,
  "private": 0,
  "password": null
}