{
  "id": "gen9championsvgc2026regma-2585077958",
  "format": "[Gen 9 Champions] VGC 2026 Reg M-A",
  "players": [
    "Jampam2",
    "vnunesp12"
  ],
  "log": "|j|\u2606Jampam2\n|j|\u2606vnunesp12\n|t:|1776309447\n|gametype|doubles\n|player|p1|Jampam2|cynthia-gen4|1095\n|player|p2|vnunesp12|red|1091\n|gen|9\n|tier|[Gen 9 Champions] VGC 2026 Reg M-A\n|rated|\n|rule|Species Clause: Limit one of each Pok\u00e9mon\n|rule|Item Clause: Limit 1 of each item\n|clearpoke\n|poke|p1|Absol, L50, M|\n|poke|p1|Meowstic-F, L50, F|\n|poke|p1|Maushold-Four, L50|\n|poke|p1|Ninetales-Alola, L50, M|\n|poke|p1|Glaceon, L50, M|\n|poke|p1|Kangaskhan, L50, F|\n|poke|p2|Manectric, L50, M|\n|poke|p2|Pelipper, L50, M|\n|poke|p2|Basculegion, L50, M|\n|poke|p2|Sneasler, L50, M|\n|poke|p2|Kingambit, L50, M|\n|poke|p2|Garchomp, L50, F|\n|teampreview|4\n|inactive|Battle timer is ON: inactive players will automatically lose when time's up. (requested by vnunesp12)\n|\n|t:|1776309486\n|teamsize|p1|4\n|teamsize|p2|4\n|start\n|switch|p1a: Maushold|Maushold-Four, L50|100/100\n|switch|p1b: Absol|Absol, L50, M, shiny|100/100\n|switch|p2a: Pulga|Sneasler, L50, M|100/100\n|switch|p2b: Luciano Juba|Manectric, L50, M|100/100\n|turn|1\n|\n|t:|1776309509\n|detailschange|p2b: Luciano Juba|Manectric-Mega, L50, M\n|-mega|p2b: Luciano Juba|Manectric|Manectite\n|-ability|p2b: Luciano Juba|Intimidate|boost\n|-unboost|p1a: Maushold|atk|1\n|-unboost|p1b: Absol|atk|1\n|move|p1b: Absol|Detect|p1b: Absol\n|-singleturn|p1b: Absol|Protect\n|move|p2a: Pulga|Fake Out|p1a: Maushold\n|-damage|p1a: Maushold|83/100\n|move|p2b: Luciano Juba|Volt Switch|p1b: Absol\n|-activate|p1b: Absol|move: Protect\n|cant|p1a: Maushold|flinch\n|\n|upkeep\n|turn|2\n|inactive|Jampam2 has 30 seconds left.\n|\n|t:|1776309544\n|switch|p1b: Ninetales|Ninetales-Alola, L50, M, shiny|100/100\n|-weather|Snowscape|[from] ability: Snow Warning|[of] p1b: Ninetales\n|move|p2b: Luciano Juba|Volt Switch|p1b: Ninetales\n|-damage|p1b: Ninetales|69/100\n|\n|t:|1776309552\n|switch|p2b: \u00c9verton Ribeiro|Pelipper, L50, M|100/100|[from] Volt Switch\n|-weather|RainDance|[from] ability: Drizzle|[of] p2b: \u00c9verton Ribeiro\n|move|p1a: Maushold|Encore|p2a: Pulga\n|-start|p2a: Pulga|Encore\n|move|p2a: Pulga|Fake Out||[still]\n|-hint|Fake Out only works on your first turn out.\n|-fail|p2a: Pulga\n|\n|-weather|RainDance|[upkeep]\n|upkeep\n|turn|3\n|inactive|vnunesp12 has 30 seconds left.\n|\n|t:|1776309581\n|switch|p2a: Luciano Juba|Manectric-Mega, L50, M|100/100\n|-ability|p2a: Luciano Juba|Intimidate|boost\n|-unboost|p1a: Maushold|atk|1\n|-unboost|p1b: Ninetales|atk|1\n|move|p1a: Maushold|Taunt|p2b: \u00c9verton Ribeiro\n|-start|p2b: \u00c9verton Ribeiro|move: Taunt\n|move|p1b: Ninetales|Moonblast|p2b: \u00c9verton Ribeiro\n|-damage|p2b: \u00c9verton Ribeiro|58/100\n|-unboost|p2b: \u00c9verton Ribeiro|spa|1\n|move|p2b: \u00c9verton Ribeiro|Weather Ball|p1a: Maushold\n|-damage|p1a: Maushold|36/100\n|\n|-weather|RainDance|[upkeep]\n|upkeep\n|turn|4\n|inactive|Jampam2 has 30 seconds left.\n|inactive|vnunesp12 has 30 seconds left.\n|\n|t:|1776309615\n|switch|p1b: Kangaskhan|Kangaskhan, L50, F|100/100\n|move|p1a: Maushold|Follow Me|p1a: Maushold\n|-singleturn|p1a: Maushold|move: Follow Me\n|move|p2a: Luciano Juba|Volt Switch|p1a: Maushold\n|-damage|p1a: Maushold|0 fnt\n|faint|p1a: Maushold\n|\n|t:|1776309627\n|switch|p2a: Pulga|Sneasler, L50, M|100/100|[from] Volt Switch\n|move|p2b: \u00c9verton Ribeiro|Weather Ball|p1b: Kangaskhan\n|-damage|p1b: Kangaskhan|60/100\n|\n|-weather|RainDance|[upkeep]\n|upkeep\n|\n|t:|1776309644\n|switch|p1a: Ninetales|Ninetales-Alola, L50, M, shiny|69/100\n|-weather|Snowscape|[from] ability: Snow Warning|[of] p1a: Ninetales\n|turn|5\n|\n|t:|1776309661\n|move|p2a: Pulga|Fake Out|p1b: Kangaskhan\n|-damage|p1b: Kangaskhan|43/100\n|cant|p1b: Kangaskhan|flinch\n|move|p1a: Ninetales|Aurora Veil|p1a: Ninetales\n|-sidestart|p1: Jampam2|move: Aurora Veil\n|move|p2b: \u00c9verton Ribeiro|Weather Ball|p1b: Kangaskhan\n|-damage|p1b: Kangaskhan|30/100\n|\n|-weather|Snowscape|[upkeep]\n|-end|p2b: \u00c9verton Ribeiro|move: Taunt\n|upkeep\n|turn|6\n|inactive|Jampam2 has 30 seconds left.\n|\n|t:|1776309687\n|move|p2a: Pulga|Close Combat|p1b: Kangaskhan\n|-supereffective|p1b: Kangaskhan|1\n|-damage|p1b: Kangaskhan|0 fnt\n|-unboost|p2a: Pulga|def|1\n|-unboost|p2a: Pulga|spd|1\n|faint|p1b: Kangaskhan\n|-enditem|p2a: Pulga|White Herb\n|-clearnegativeboost|p2a: Pulga|[silent]\n|move|p1a: Ninetales|Blizzard|p2a: Pulga|[spread] p2a,p2b\n|-damage|p2a: Pulga|66/100\n|-damage|p2b: \u00c9verton Ribeiro|15/100\n|move|p2b: \u00c9verton Ribeiro|Tailwind|p2b: \u00c9verton Ribeiro\n|-sidestart|p2: vnunesp12|move: Tailwind\n|\n|-weather|Snowscape|[upkeep]\n|upkeep\n|\n|t:|1776309691\n|switch|p1b: Absol|Absol, L50, M, shiny|100/100\n|turn|7\n|\n|t:|1776309714\n|switch|p2b: Erick|Kingambit, L50, M|100/100\n|detailschange|p1b: Absol|Absol-Mega, L50, M, shiny\n|-mega|p1b: Absol|Absol|Absolite\n|move|p2a: Pulga|Close Combat|p1b: Absol\n|-supereffective|p1b: Absol|1\n|-damage|p1b: Absol|0 fnt\n|-unboost|p2a: Pulga|def|1\n|-unboost|p2a: Pulga|spd|1\n|faint|p1b: Absol\n|move|p1a: Ninetales|Blizzard|p2a: Pulga|[spread] p2a,p2b\n|-resisted|p2b: Erick|1\n|-damage|p2a: Pulga|17/100\n|-damage|p2b: Erick|87/100\n|\n|-weather|Snowscape|[upkeep]\n|upkeep\n|turn|8\n|-message|Jampam2 forfeited.\n|\n|win|vnunesp12\n|raw|Jampam2's rating: 1095 &rarr; <strong>1070</strong><br />(-25 for losing)\n|raw|vnunesp12's rating: 1091 &rarr; <strong>1118</strong><br />(+27 for winning)\n|l|\u2606Jampam2\n|player|p1|\n",
  "uploadtime": 1776309758,
  "views": 20,
  "formatid": "gen9championsvgc2026regma",
  "rating": 1070,
  "private": 0,
  "password": null
}