{
  "id": "gen9championsvgc2026regma-2584507651",
  "format": "[Gen 9 Champions] VGC 2026 Reg M-A",
  "players": [
    "rugshaker",
    "crazedjuggernaut"
  ],
  "log": "|j|\u2606rugshaker\n|j|\u2606crazedjuggernaut\n|t:|1776265441\n|gametype|doubles\n|player|p1|rugshaker|lillie-z|1122\n|player|p2|crazedjuggernaut|marshal|1220\n|gen|9\n|tier|[Gen 9 Champions] VGC 2026 Reg M-A\n|rated|\n|rule|Species Clause: Limit one of each Pok\u00e9mon\n|rule|Item Clause: Limit 1 of each item\n|clearpoke\n|poke|p1|Meganium, L50, F|\n|poke|p1|Aerodactyl, L50, F|\n|poke|p1|Archaludon, L50, F|\n|poke|p1|Typhlosion-Hisui, L50, M|\n|poke|p1|Kangaskhan, L50, F|\n|poke|p1|Tauros-Paldea-Aqua, L50, M|\n|poke|p2|Froslass, L50, F|\n|poke|p2|Rotom-Frost, L50|\n|poke|p2|Garchomp, L50, M|\n|poke|p2|Kingambit, L50, F|\n|poke|p2|Aerodactyl, L50, F|\n|poke|p2|Incineroar, L50, F|\n|teampreview|4\n|inactive|Battle timer is ON: inactive players will automatically lose when time's up. (requested by rugshaker)\n|\n|t:|1776265482\n|teamsize|p1|4\n|teamsize|p2|4\n|start\n|switch|p1a: Aerodactyl|Aerodactyl, L50, F|100/100\n|switch|p1b: Kangaskhan|Kangaskhan, L50, F|100/100\n|switch|p2a: Garchomp|Garchomp, L50, M|100/100\n|switch|p2b: Aerodactyl|Aerodactyl, L50, F|100/100\n|-ability|p2b: Aerodactyl|Unnerve\n|-ability|p1a: Aerodactyl|Unnerve\n|turn|1\n|\n|t:|1776265507\n|move|p1b: Kangaskhan|Fake Out|p2b: Aerodactyl\n|-resisted|p2b: Aerodactyl|1\n|-damage|p2b: Aerodactyl|85/100\n|move|p1a: Aerodactyl|Tailwind|p1a: Aerodactyl\n|-sidestart|p1: rugshaker|move: Tailwind\n|cant|p2b: Aerodactyl|flinch\n|move|p2a: Garchomp|Rock Slide|p1b: Kangaskhan|[spread] p1b\n|-miss|p2a: Garchomp|p1a: Aerodactyl\n|-damage|p1b: Kangaskhan|82/100\n|\n|upkeep\n|turn|2\n|inactive|rugshaker has 30 seconds left.\n|inactive|crazedjuggernaut has 30 seconds left.\n|inactive|crazedjuggernaut has 20 seconds left.\n|inactive|crazedjuggernaut has 15 seconds left.\n|inactive|crazedjuggernaut has 10 seconds left.\n|\n|t:|1776265568\n|switch|p2b: Incineroar|Incineroar, L50, F|100/100\n|-ability|p2b: Incineroar|Intimidate|boost\n|-unboost|p1a: Aerodactyl|atk|1\n|-fail|p1b: Kangaskhan|unboost|Attack|[from] ability: Inner Focus|[of] p1b: Kangaskhan\n|move|p1a: Aerodactyl|Rock Slide|p2b: Incineroar|[spread] p2a,p2b\n|-resisted|p2a: Garchomp|1\n|-supereffective|p2b: Incineroar|1\n|-damage|p2a: Garchomp|92/100\n|-damage|p2b: Incineroar|65/100\n|move|p1b: Kangaskhan|Low Kick|p2b: Incineroar\n|-supereffective|p2b: Incineroar|1\n|-damage|p2b: Incineroar|15/100\n|cant|p2a: Garchomp|flinch\n|\n|upkeep\n|turn|3\n|inactive|crazedjuggernaut has 30 seconds left.\n|\n|t:|1776265597\n|detailschange|p1b: Kangaskhan|Kangaskhan-Mega, L50, F\n|-mega|p1b: Kangaskhan|Kangaskhan|Kangaskhanite\n|move|p2b: Incineroar|Fake Out|p1a: Aerodactyl\n|-resisted|p1a: Aerodactyl|1\n|-damage|p1a: Aerodactyl|89/100\n|cant|p1a: Aerodactyl|flinch\n|move|p1b: Kangaskhan|Double-Edge|p2a: Garchomp\n|-damage|p2a: Garchomp|29/100\n|-damage|p1b: Kangaskhan|70/100|[from] ability: Rough Skin|[of] p2a: Garchomp\n|-damage|p2a: Garchomp|13/100\n|-damage|p1b: Kangaskhan|58/100|[from] ability: Rough Skin|[of] p2a: Garchomp\n|-hitcount|p2a: Garchomp|2\n|-damage|p1b: Kangaskhan|35/100|[from] Recoil\n|move|p2a: Garchomp|Dragon Claw|p1b: Kangaskhan\n|-damage|p1b: Kangaskhan|0 fnt\n|faint|p1b: Kangaskhan\n|\n|upkeep\n|\n|t:|1776265612\n|switch|p1b: Typhlosion|Typhlosion-Hisui, L50, M|100/100\n|-item|p2a: Garchomp|White Herb|[from] ability: Frisk|[of] p1b: Typhlosion\n|-item|p2b: Incineroar|Sitrus Berry|[from] ability: Frisk|[of] p1b: Typhlosion\n|turn|4\n|\n|t:|1776265630\n|move|p2a: Garchomp|Protect|p2a: Garchomp\n|-singleturn|p2a: Garchomp|Protect\n|move|p1b: Typhlosion|Eruption|p2b: Incineroar|[spread] p2b\n|-activate|p2a: Garchomp|move: Protect\n|-resisted|p2b: Incineroar|1\n|-damage|p2b: Incineroar|0 fnt\n|faint|p2b: Incineroar\n|move|p1a: Aerodactyl|Rock Slide|p2a: Garchomp\n|-activate|p2a: Garchomp|move: Protect\n|\n|-sideend|p1: rugshaker|move: Tailwind\n|upkeep\n|\n|t:|1776265639\n|switch|p2b: Aerodactyl|Aerodactyl, L50, F|85/100\n|-ability|p2b: Aerodactyl|Unnerve\n|turn|5\n|\n|t:|1776265651\n|switch|p1b: Meganium|Meganium, L50, F|100/100\n|move|p2b: Aerodactyl|Wide Guard|p2b: Aerodactyl\n|-singleturn|p2b: Aerodactyl|Wide Guard\n|move|p1a: Aerodactyl|Tailwind|p1a: Aerodactyl\n|-sidestart|p1: rugshaker|move: Tailwind\n|move|p2a: Garchomp|Rock Slide|p1a: Aerodactyl|[spread] p1b\n|-miss|p2a: Garchomp|p1a: Aerodactyl\n|-damage|p1b: Meganium|76/100\n|\n|upkeep\n|turn|6\n|inactive|rugshaker has 30 seconds left.\n|inactive|crazedjuggernaut has 30 seconds left.\n|inactive|rugshaker has 20 seconds left.\n|inactive|crazedjuggernaut has 20 seconds left.\n|\n|t:|1776265687\n|move|p1a: Aerodactyl|Rock Slide|p2b: Aerodactyl|[spread] p2a,p2b\n|-resisted|p2a: Garchomp|1\n|-supereffective|p2b: Aerodactyl|1\n|-damage|p2a: Garchomp|4/100\n|-damage|p2b: Aerodactyl|31/100\n|move|p1b: Meganium|Solar Beam||[still]\n|-prepare|p1b: Meganium|Solar Beam\n|move|p2b: Aerodactyl|Tailwind|p2b: Aerodactyl\n|-sidestart|p2: crazedjuggernaut|move: Tailwind\n|move|p2a: Garchomp|Rock Slide|p1a: Aerodactyl|[spread] p1a,p1b\n|-supereffective|p1a: Aerodactyl|1\n|-damage|p1a: Aerodactyl|24/100\n|-damage|p1b: Meganium|54/100\n|\n|upkeep\n|turn|7\n|\n|t:|1776265705\n|move|p1a: Aerodactyl|Dual Wingbeat|p2a: Garchomp\n|-damage|p2a: Garchomp|0 fnt\n|-damage|p1a: Aerodactyl|12/100|[from] ability: Rough Skin|[of] p2a: Garchomp\n|faint|p2a: Garchomp\n|-hitcount|p2: Garchomp|1\n|move|p2b: Aerodactyl|Rock Slide|p1b: Meganium|[spread] p1a,p1b\n|-supereffective|p1a: Aerodactyl|1\n|-damage|p1a: Aerodactyl|0 fnt\n|-damage|p1b: Meganium|23/100\n|faint|p1a: Aerodactyl\n|cant|p1b: Meganium|flinch\n|\n|upkeep\n|\n|t:|1776265716\n|switch|p1a: Typhlosion|Typhlosion-Hisui, L50, M|100/100\n|switch|p2a: Froslass|Froslass, L50, F|100/100\n|-item|p2a: Froslass|Froslassite|[from] ability: Frisk|[of] p1a: Typhlosion\n|-item|p2b: Aerodactyl|Focus Sash|[from] ability: Frisk|[of] p1a: Typhlosion\n|turn|8\n|\n|t:|1776265731\n|detailschange|p2a: Froslass|Froslass-Mega, L50, F\n|-mega|p2a: Froslass|Froslass|Froslassite\n|-weather|Snowscape|[from] ability: Snow Warning|[of] p2a: Froslass\n|move|p2a: Froslass|Protect|p2a: Froslass\n|-singleturn|p2a: Froslass|Protect\n|move|p1a: Typhlosion|Eruption|p2b: Aerodactyl|[spread] p2b\n|-activate|p2a: Froslass|move: Protect\n|-resisted|p2b: Aerodactyl|1\n|-damage|p2b: Aerodactyl|0 fnt\n|faint|p2b: Aerodactyl\n|move|p1b: Meganium|Dazzling Gleam|p2a: Froslass\n|-activate|p2a: Froslass|move: Protect\n|\n|-weather|Snowscape|[upkeep]\n|-sideend|p1: rugshaker|move: Tailwind\n|upkeep\n|turn|9\n|\n|t:|1776265748\n|move|p1b: Meganium|Protect|p1b: Meganium\n|-singleturn|p1b: Meganium|Protect\n|move|p2a: Froslass|Shadow Ball|p1a: Typhlosion\n|-supereffective|p1a: Typhlosion|1\n|-damage|p1a: Typhlosion|0 fnt\n|faint|p1a: Typhlosion\n|\n|-weather|Snowscape|[upkeep]\n|-sideend|p2: crazedjuggernaut|move: Tailwind\n|upkeep\n|turn|10\n|\n|t:|1776265758\n|move|p2a: Froslass|Blizzard|p1b: Meganium\n|-supereffective|p1b: Meganium|1\n|-damage|p1b: Meganium|0 fnt\n|faint|p1b: Meganium\n|\n|win|crazedjuggernaut\n|raw|rugshaker's rating: 1122 &rarr; <strong>1104</strong><br />(-18 for losing)\n|raw|crazedjuggernaut's rating: 1220 &rarr; <strong>1238</strong><br />(+18 for winning)\n|l|\u2606rugshaker\n|player|p1|\n",
  "uploadtime": 1776265765,
  "views": 19,
  "formatid": "gen9championsvgc2026regma",
  "rating": 1104,
  "private": 0,
  "password": null
}