{
  "id": "gen9championsvgc2026regma-2584063851",
  "format": "[Gen 9 Champions] VGC 2026 Reg M-A",
  "players": [
    "samtheworld",
    "gotcpt gft"
  ],
  "log": "|j|\u2606samtheworld\n|j|\u2606gotcpt gft\n|t:|1776221498\n|gametype|doubles\n|player|p1|samtheworld|colress|1030\n|player|p2|gotcpt gft|169|1124\n|gen|9\n|tier|[Gen 9 Champions] VGC 2026 Reg M-A\n|rated|\n|rule|Species Clause: Limit one of each Pok\u00e9mon\n|rule|Item Clause: Limit 1 of each item\n|clearpoke\n|poke|p1|Gengar, L50, M|\n|poke|p1|Rotom-Heat, L50|\n|poke|p1|Farigiraf, L50, F|\n|poke|p1|Milotic, L50, F|\n|poke|p1|Whimsicott, L50, M|\n|poke|p1|Sneasler, L50, M|\n|poke|p2|Lucario, L50, M|\n|poke|p2|Aerodactyl, L50, F|\n|poke|p2|Clefable, L50, M|\n|poke|p2|Basculegion, L50, M|\n|poke|p2|Sneasler, L50, F|\n|poke|p2|Manectric, L50, M|\n|teampreview|4\n|\n|t:|1776221549\n|teamsize|p1|4\n|teamsize|p2|4\n|start\n|switch|p1a: Rotom|Rotom-Heat, L50|100/100\n|switch|p1b: Gengar|Gengar, L50, M|100/100\n|switch|p2a: Aerodactyl|Aerodactyl, L50, F|100/100\n|switch|p2b: Manectric|Manectric, L50, M|100/100\n|turn|1\n|\n|t:|1776221594\n|detailschange|p1b: Gengar|Gengar-Mega, L50, M\n|-mega|p1b: Gengar|Gengar|Gengarite\n|detailschange|p2b: Manectric|Manectric-Mega, L50, M\n|-mega|p2b: Manectric|Manectric|Manectite\n|-ability|p2b: Manectric|Intimidate|boost\n|-unboost|p1a: Rotom|atk|1\n|-unboost|p1b: Gengar|atk|1\n|move|p1a: Rotom|Overheat|p2a: Aerodactyl\n|-resisted|p2a: Aerodactyl|1\n|-damage|p2a: Aerodactyl|62/100\n|-unboost|p1a: Rotom|spa|2\n|move|p2b: Manectric|Volt Switch|p1b: Gengar\n|-damage|p1b: Gengar|46/100\n|inactive|Battle timer is ON: inactive players will automatically lose when time's up. (requested by samtheworld)\n|\n|t:|1776221605\n|switch|p2b: Clefable|Clefable, L50, M|100/100|[from] Volt Switch\n|move|p1b: Gengar|Shadow Ball|p2a: Aerodactyl\n|-damage|p2a: Aerodactyl|0 fnt\n|faint|p2a: Aerodactyl\n|\n|upkeep\n|\n|t:|1776221615\n|switch|p2a: Manectric|Manectric-Mega, L50, M|100/100\n|-ability|p2a: Manectric|Intimidate|boost\n|-unboost|p1a: Rotom|atk|1\n|-unboost|p1b: Gengar|atk|1\n|turn|2\n|\n|t:|1776221627\n|switch|p1a: Whimsicott|Whimsicott, L50, M|100/100\n|move|p1b: Gengar|Protect|p1b: Gengar\n|-singleturn|p1b: Gengar|Protect\n|move|p2a: Manectric|Volt Switch|p1b: Gengar\n|-activate|p1b: Gengar|move: Protect\n|move|p2b: Clefable|Moonblast|p1a: Whimsicott\n|-damage|p1a: Whimsicott|57/100\n|\n|upkeep\n|turn|3\n|inactive|samtheworld has 30 seconds left.\n|\n|t:|1776221655\n|move|p2b: Clefable|Follow Me|p2b: Clefable\n|-singleturn|p2b: Clefable|move: Follow Me\n|move|p1a: Whimsicott|Tailwind|p1a: Whimsicott\n|-sidestart|p1: samtheworld|move: Tailwind\n|move|p1b: Gengar|Sludge Bomb|p2b: Clefable\n|-supereffective|p2b: Clefable|1\n|-damage|p2b: Clefable|0 fnt\n|faint|p2b: Clefable\n|move|p2a: Manectric|Volt Switch|p1b: Gengar\n|-damage|p1b: Gengar|0 fnt\n|faint|p1b: Gengar\n|\n|t:|1776221661\n|switch|p2a: Basculegion|Basculegion, L50, M|100/100|[from] Volt Switch\n|\n|upkeep\n|\n|t:|1776221667\n|switch|p1b: Rotom|Rotom-Heat, L50|100/100\n|switch|p2b: Manectric|Manectric-Mega, L50, M|100/100\n|-ability|p2b: Manectric|Intimidate|boost\n|-unboost|p1a: Whimsicott|atk|1\n|-unboost|p1b: Rotom|atk|1\n|turn|4\n|\n|t:|1776221688\n|move|p1a: Whimsicott|Fake Tears|p2b: Manectric\n|-unboost|p2b: Manectric|spd|2\n|move|p1b: Rotom|Overheat|p2b: Manectric\n|-damage|p2b: Manectric|0 fnt\n|-unboost|p1b: Rotom|spa|2\n|faint|p2b: Manectric\n|move|p2a: Basculegion|Wave Crash|p1b: Rotom\n|-supereffective|p1b: Rotom|1\n|-damage|p1b: Rotom|0 fnt\n|faint|p1b: Rotom\n|-damage|p2a: Basculegion|82/100|[from] Recoil\n|\n|upkeep\n|\n|t:|1776221697\n|switch|p1b: Milotic|Milotic, L50, F|100/100\n|turn|5\n|\n|t:|1776221713\n|move|p1a: Whimsicott|Fake Tears|p2a: Basculegion\n|-unboost|p2a: Basculegion|spd|2\n|move|p1b: Milotic|Scald|p2a: Basculegion\n|-resisted|p2a: Basculegion|1\n|-damage|p2a: Basculegion|55/100\n|move|p2a: Basculegion|Last Respects|p1b: Milotic\n|-damage|p1b: Milotic|5/100\n|\n|-heal|p1b: Milotic|11/100|[from] item: Leftovers\n|upkeep\n|turn|6\n|\n|t:|1776221729\n|move|p1b: Milotic|Protect|p1b: Milotic\n|-singleturn|p1b: Milotic|Protect\n|move|p1a: Whimsicott|Fake Tears|p2a: Basculegion\n|-unboost|p2a: Basculegion|spd|2\n|move|p2a: Basculegion|Aqua Jet|p1b: Milotic\n|-activate|p1b: Milotic|move: Protect\n|\n|-heal|p1b: Milotic|17/100|[from] item: Leftovers\n|-sideend|p1: samtheworld|move: Tailwind\n|upkeep\n|turn|7\n|\n|t:|1776221746\n|move|p1a: Whimsicott|Tailwind|p1a: Whimsicott\n|-sidestart|p1: samtheworld|move: Tailwind\n|move|p2a: Basculegion|Aqua Jet|p1b: Milotic\n|-resisted|p1b: Milotic|1\n|-damage|p1b: Milotic|5/100\n|move|p1b: Milotic|Scald|p2a: Basculegion\n|-resisted|p2a: Basculegion|1\n|-damage|p2a: Basculegion|14/100\n|\n|-heal|p1b: Milotic|11/100|[from] item: Leftovers\n|upkeep\n|turn|8\n|\n|t:|1776221755\n|move|p1b: Milotic|Protect|p1b: Milotic\n|-singleturn|p1b: Milotic|Protect\n|move|p1a: Whimsicott|Encore|p2a: Basculegion\n|-start|p2a: Basculegion|Encore\n|move|p2a: Basculegion|Aqua Jet|p1a: Whimsicott\n|-resisted|p1a: Whimsicott|1\n|-damage|p1a: Whimsicott|38/100\n|\n|-heal|p1b: Milotic|17/100|[from] item: Leftovers\n|upkeep\n|turn|9\n|\n|t:|1776221773\n|move|p1a: Whimsicott|Fake Tears|p2a: Basculegion\n|-unboost|p2a: Basculegion|spd|2\n|move|p2a: Basculegion|Aqua Jet|p1b: Milotic\n|-resisted|p1b: Milotic|1\n|-damage|p1b: Milotic|5/100\n|move|p1b: Milotic|Scald|p2a: Basculegion\n|-resisted|p2a: Basculegion|1\n|-damage|p2a: Basculegion|0 fnt\n|faint|p2a: Basculegion\n|\n|win|samtheworld\n|raw|samtheworld's rating: 1030 &rarr; <strong>1075</strong><br />(+45 for winning)\n|raw|gotcpt gft's rating: 1124 &rarr; <strong>1092</strong><br />(-32 for losing)\n|l|\u2606gotcpt gft\n|player|p2|\n|l|\u2606samtheworld\n|player|p1|\n|j|\u2606samtheworld\n|player|p1|samtheworld|colress|\n",
  "uploadtime": 1776221990,
  "views": 24,
  "formatid": "gen9championsvgc2026regma",
  "rating": 1075,
  "private": 0,
  "password": null
}