{
  "id": "gen9championsvgc2026regma-2580929377",
  "format": "[Gen 9 Champions] VGC 2026 Reg M-A",
  "players": [
    "Gooooooommyyyyy",
    "MazeLooper"
  ],
  "log": "|j|\u2606Gooooooommyyyyy\n|j|\u2606MazeLooper\n|t:|1775944193\n|gametype|doubles\n|player|p1|Gooooooommyyyyy|cheryl|1000\n|player|p2|MazeLooper|steven|1000\n|gen|9\n|tier|[Gen 9 Champions] VGC 2026 Reg M-A\n|rated|\n|rule|Species Clause: Limit one of each Pok\u00e9mon\n|rule|Item Clause: Limit 1 of each item\n|clearpoke\n|poke|p1|Aurorus, L50, M|\n|poke|p1|Maushold, L50|\n|poke|p1|Farigiraf, L50, M|\n|poke|p1|Sableye, L50, M|\n|poke|p1|Hatterene, L50, F|\n|poke|p1|Camerupt, L50, F|\n|poke|p2|Aerodactyl, L50, M|\n|poke|p2|Torkoal, L50, F|\n|poke|p2|Incineroar, L50, F|\n|poke|p2|Araquanid, L50, M|\n|poke|p2|Venusaur, L50, M|\n|poke|p2|Dragapult, L50, M|\n|teampreview|4\nMazeLooper has agreed to open team sheets.\n|\n|t:|1775944249\n|teamsize|p1|4\n|teamsize|p2|4\n|start\n|switch|p1a: Aurorus|Aurorus, L50, M|100/100\n|switch|p1b: Maushold|Maushold, L50|100/100\n|switch|p2a: Torkoal|Torkoal, L50, F|100/100\n|switch|p2b: Incineroar|Incineroar, L50, F|100/100\n|-ability|p2b: Incineroar|Intimidate|boost\n|-unboost|p1a: Aurorus|atk|1\n|-unboost|p1b: Maushold|atk|1\n|-weather|SunnyDay|[from] ability: Drought|[of] p2a: Torkoal\n|turn|1\n|-activate|p1b: Maushold|item: Quick Claw\n|\n|t:|1775944275\n|move|p1b: Maushold|After You|p1a: Aurorus\n|-activate|p1a: Aurorus|move: After You\n|move|p1a: Aurorus|Earth Power|p2b: Incineroar\n|-supereffective|p2b: Incineroar|1\n|-damage|p2b: Incineroar|48/100\n|move|p2b: Incineroar|Flare Blitz|p1b: Maushold\n|-damage|p1b: Maushold|4/100\n|-damage|p2b: Incineroar|20/100|[from] Recoil\n|move|p2a: Torkoal|Solar Beam||[still]\n|-prepare|p2a: Torkoal|Solar Beam\n|-anim|p2a: Torkoal|Solar Beam|p1a: Aurorus\n|-supereffective|p1a: Aurorus|1\n|-damage|p1a: Aurorus|63/100\n|\n|-weather|SunnyDay|[upkeep]\n|-heal|p2b: Incineroar|26/100|[from] item: Leftovers\n|upkeep\n|turn|2\n|-activate|p1b: Maushold|item: Quick Claw\n|\n|t:|1775944313\n|move|p1b: Maushold|After You|p1a: Aurorus\n|-activate|p1a: Aurorus|move: After You\n|move|p1a: Aurorus|Earth Power|p2b: Incineroar\n|-supereffective|p2b: Incineroar|1\n|-damage|p2b: Incineroar|0 fnt\n|faint|p2b: Incineroar\n|move|p2a: Torkoal|Body Press|p1a: Aurorus\n|-supereffective|p1a: Aurorus|2\n|-damage|p1a: Aurorus|0 fnt\n|faint|p1a: Aurorus\n|\n|-weather|SunnyDay|[upkeep]\n|upkeep\n|\n|t:|1775944330\n|switch|p2b: Aerodactyl|Aerodactyl, L50, M|100/100\n|switch|p1a: Farigiraf|Farigiraf, L50, M|100/100\n|turn|3\n|\n|t:|1775944348\n|detailschange|p2b: Aerodactyl|Aerodactyl-Mega, L50, M\n|-mega|p2b: Aerodactyl|Aerodactyl|Aerodactylite\n|move|p2b: Aerodactyl|Dual Wingbeat|p1a: Farigiraf\n|-damage|p1a: Farigiraf|76/100\n|-damage|p1a: Farigiraf|56/100\n|-hitcount|p1a: Farigiraf|2\n|move|p1b: Maushold|After You|p1a: Farigiraf\n|-activate|p1a: Farigiraf|move: After You\n|move|p1a: Farigiraf|Hyper Voice|p2a: Torkoal|[spread] p2a,p2b\n|-resisted|p2b: Aerodactyl|1\n|-damage|p2a: Torkoal|62/100\n|-damage|p2b: Aerodactyl|87/100\n|move|p2a: Torkoal|Body Press|p1b: Maushold\n|-supereffective|p1b: Maushold|1\n|-damage|p1b: Maushold|0 fnt\n|faint|p1b: Maushold\n|\n|-weather|SunnyDay|[upkeep]\n|-heal|p1a: Farigiraf|62/100|[from] item: Leftovers\n|upkeep\n|\n|t:|1775944364\n|switch|p1b: Sableye|Sableye, L50, M|100/100\n|turn|4\n|\n|t:|1775944380\n|detailschange|p1b: Sableye|Sableye-Mega, L50, M\n|-mega|p1b: Sableye|Sableye|Sablenite\n|move|p2b: Aerodactyl|Rock Slide|p1b: Sableye|[spread] p1b\n|-miss|p2b: Aerodactyl|p1a: Farigiraf\n|-damage|p1b: Sableye|73/100\n|move|p2a: Torkoal|Solar Beam||[still]\n|-prepare|p2a: Torkoal|Solar Beam\n|-anim|p2a: Torkoal|Solar Beam|p1b: Sableye\n|-damage|p1b: Sableye|51/100\n|cant|p1b: Sableye|flinch\n|move|p1a: Farigiraf|Trick Room|p1a: Farigiraf\n|-fieldstart|move: Trick Room|[of] p1a: Farigiraf\n|\n|-weather|SunnyDay|[upkeep]\n|-heal|p1a: Farigiraf|68/100|[from] item: Leftovers\n|upkeep\n|turn|5\n|\n|t:|1775944411\n|switch|p2b: Araquanid|Araquanid, L50, M|100/100\n|move|p1b: Sableye|Knock Off|p2a: Torkoal\n|-damage|p2a: Torkoal|43/100\n|-enditem|p2a: Torkoal|Mental Herb|[from] move: Knock Off|[of] p1b: Sableye\n|move|p2a: Torkoal|Overheat|p1b: Sableye\n|-damage|p1b: Sableye|0 fnt\n|-unboost|p2a: Torkoal|spa|2\n|faint|p1b: Sableye\n|move|p1a: Farigiraf|Hyper Voice|p2a: Torkoal|[spread] p2a,p2b\n|-damage|p2a: Torkoal|3/100\n|-damage|p2b: Araquanid|75/100\n|\n|-weather|none\n|-heal|p1a: Farigiraf|75/100|[from] item: Leftovers\n|upkeep\n|turn|6\n|\n|t:|1775944439\n|switch|p2a: Aerodactyl|Aerodactyl-Mega, L50, M|87/100\n|move|p2b: Araquanid|Leech Life|p1a: Farigiraf\n|-supereffective|p1a: Farigiraf|1\n|-damage|p1a: Farigiraf|14/100\n|-heal|p2b: Araquanid|100/100|[from] drain|[of] p1a: Farigiraf\n|move|p1a: Farigiraf|Hyper Voice|p2b: Araquanid|[spread] p2a,p2b\n|-resisted|p2a: Aerodactyl|1\n|-damage|p2a: Aerodactyl|73/100\n|-damage|p2b: Araquanid|77/100\n|\n|-heal|p1a: Farigiraf|20/100|[from] item: Leftovers\n|upkeep\n|turn|7\n|\n|t:|1775944455\n|move|p2b: Araquanid|Leech Life|p1a: Farigiraf\n|-supereffective|p1a: Farigiraf|1\n|-damage|p1a: Farigiraf|0 fnt\n|-heal|p2b: Araquanid|92/100|[from] drain|[of] p1a: Farigiraf\n|faint|p1a: Farigiraf\n|\n|win|MazeLooper\n|raw|Gooooooommyyyyy's rating: 1000 &rarr; <strong>1000</strong><br />(+0 for losing)\n|raw|MazeLooper's rating: 1000 &rarr; <strong>1040</strong><br />(+40 for winning)\n|l|\u2606Gooooooommyyyyy\n|player|p1|\n|c|\u2606MazeLooper|ggs\n",
  "uploadtime": 1775944467,
  "views": 19,
  "formatid": "gen9championsvgc2026regma",
  "rating": 1000,
  "private": 0,
  "password": null
}