{
  "id": "gen9championsvgc2026regma-2588944676",
  "format": "[Gen 9 Champions] VGC 2026 Reg M-A",
  "players": [
    "freudianbreath",
    "kecap52"
  ],
  "log": "|j|\u2606freudianbreath\n|j|\u2606kecap52\n|t:|1776688278\n|gametype|doubles\n|player|p1|freudianbreath|1|1086\n|player|p2|kecap52|dawn|1092\n|gen|9\n|tier|[Gen 9 Champions] VGC 2026 Reg M-A\n|rated|\n|rule|Species Clause: Limit one of each Pok\u00e9mon\n|rule|Item Clause: Limit 1 of each item\n|clearpoke\n|poke|p1|Banette, L50, M|\n|poke|p1|Whimsicott, L50, M|\n|poke|p1|Incineroar, L50, M|\n|poke|p1|Politoed, L50, F|\n|poke|p1|Blastoise, L50, M|\n|poke|p1|Maushold, L50|\n|poke|p2|Aerodactyl, L50, M|\n|poke|p2|Incineroar, L50, M, shiny|\n|poke|p2|Floette-Eternal, L50, F|\n|poke|p2|Basculegion, L50, M|\n|poke|p2|Garchomp, L50, M|\n|poke|p2|Sneasler, L50, M|\n|teampreview|4\n|inactive|Battle timer is ON: inactive players will automatically lose when time's up. (requested by kecap52)\n|inactive|freudianbreath has 60 seconds left.\n|\n|t:|1776688356\n|teamsize|p1|4\n|teamsize|p2|4\n|start\n|switch|p1a: Incineroar|Incineroar, L50, M|100/100\n|switch|p1b: Banette|Banette, L50, M|100/100\n|switch|p2a: Aerodactyl|Aerodactyl, L50, M|100/100\n|switch|p2b: Sneasler|Sneasler, L50, M|100/100\n|-ability|p2a: Aerodactyl|Unnerve\n|-item|p2a: Aerodactyl|Focus Sash|[from] ability: Frisk|[of] p1b: Banette\n|-item|p2b: Sneasler|White Herb|[from] ability: Frisk|[of] p1b: Banette\n|-ability|p1a: Incineroar|Intimidate|boost\n|-unboost|p2a: Aerodactyl|atk|1\n|-unboost|p2b: Sneasler|atk|1\n|-enditem|p2b: Sneasler|White Herb\n|-clearnegativeboost|p2b: Sneasler|[silent]\n|turn|1\n|inactive|freudianbreath has 30 seconds left.\n|inactive|freudianbreath has 20 seconds left.\n|inactive|freudianbreath has 15 seconds left.\n|\n|t:|1776688397\n|detailschange|p1b: Banette|Banette-Mega, L50, M\n|-mega|p1b: Banette|Banette|Banettite\n|move|p1a: Incineroar|Fake Out|p2a: Aerodactyl\n|-resisted|p2a: Aerodactyl|1\n|-damage|p2a: Aerodactyl|92/100\n|move|p1b: Banette|Will-O-Wisp|p2b: Sneasler\n|-status|p2b: Sneasler|brn\n|move|p2b: Sneasler|Close Combat|p1a: Incineroar\n|-supereffective|p1a: Incineroar|1\n|-damage|p1a: Incineroar|50/100\n|-unboost|p2b: Sneasler|def|1\n|-unboost|p2b: Sneasler|spd|1\n|cant|p2a: Aerodactyl|flinch\n|\n|-damage|p2b: Sneasler|95/100 brn|[from] brn\n|upkeep\n|turn|2\n|inactive|freudianbreath has 30 seconds left.\n|inactive|kecap52 has 30 seconds left.\n|inactive|freudianbreath has 20 seconds left.\n|inactive|freudianbreath has 15 seconds left.\n|inactive|freudianbreath has 10 seconds left.\n|\n|t:|1776688446\n|switch|p1a: Blastoise|Blastoise, L50, M|100/100\n|move|p2b: Sneasler|Close Combat|p1a: Blastoise\n|-damage|p1a: Blastoise|66/100\n|-unboost|p2b: Sneasler|def|1\n|-unboost|p2b: Sneasler|spd|1\n|move|p2a: Aerodactyl|Tailwind|p2a: Aerodactyl\n|-sidestart|p2: kecap52|move: Tailwind\n|move|p1b: Banette|Poltergeist|p2a: Aerodactyl|[miss]\n|-miss|p1b: Banette|p2a: Aerodactyl\n|\n|-damage|p2b: Sneasler|89/100 brn|[from] brn\n|upkeep\n|turn|3\n|inactive|freudianbreath has 30 seconds left.\n|inactive|kecap52 has 30 seconds left.\n|inactive|freudianbreath has 20 seconds left.\n|inactive|kecap52 has 20 seconds left.\n|inactive|kecap52 has 15 seconds left.\n|\n|t:|1776688489\n|switch|p2b: Garchomp|Garchomp, L50, M|100/100\n|move|p1b: Banette|Will-O-Wisp|p2a: Aerodactyl\n|-status|p2a: Aerodactyl|brn\n|move|p2a: Aerodactyl|Rock Slide|p1b: Banette|[spread] p1b\n|-miss|p2a: Aerodactyl|p1a: Blastoise\n|-damage|p1b: Banette|89/100\n|move|p1a: Blastoise|Icy Wind|p2b: Garchomp|[spread] p2a,p2b\n|-supereffective|p2a: Aerodactyl|1\n|-supereffective|p2b: Garchomp|2\n|-damage|p2a: Aerodactyl|56/100 brn\n|-damage|p2b: Garchomp|44/100\n|-unboost|p2a: Aerodactyl|spe|1\n|-unboost|p2b: Garchomp|spe|1\n|\n|-damage|p2a: Aerodactyl|50/100 brn|[from] brn\n|upkeep\n|turn|4\n|inactive|freudianbreath has 30 seconds left.\n|inactive|freudianbreath has 20 seconds left.\n|inactive|freudianbreath has 15 seconds left.\n|inactive|freudianbreath has 10 seconds left.\n|inactive|freudianbreath has 5 seconds left.\n|\n|t:|1776688540\n|switch|p1a: Incineroar|Incineroar, L50, M|50/100\n|-ability|p1a: Incineroar|Intimidate|boost\n|-unboost|p2a: Aerodactyl|atk|1\n|-unboost|p2b: Garchomp|atk|1\n|move|p1b: Banette|Will-O-Wisp|p2b: Garchomp\n|-status|p2b: Garchomp|brn\n|move|p2a: Aerodactyl|Rock Slide|p1b: Banette|[spread] p1a,p1b\n|-supereffective|p1a: Incineroar|1\n|-damage|p1a: Incineroar|39/100\n|-damage|p1b: Banette|82/100\n|move|p2b: Garchomp|Earthquake|p1a: Incineroar|[spread] p1a,p1b\n|-immune|p2a: Aerodactyl\n|-supereffective|p1a: Incineroar|1\n|-damage|p1a: Incineroar|16/100\n|-damage|p1b: Banette|66/100\n|\n|-damage|p2a: Aerodactyl|44/100 brn|[from] brn\n|-damage|p2b: Garchomp|38/100 brn|[from] brn\n|upkeep\n|turn|5\n|inactive|freudianbreath has 30 seconds left.\n|inactive|freudianbreath has 20 seconds left.\n|inactive|freudianbreath has 15 seconds left.\n|inactive|freudianbreath has 10 seconds left.\n|\n|t:|1776688590\n|switch|p1a: Blastoise|Blastoise, L50, M|66/100\n|move|p2a: Aerodactyl|Protect|p2a: Aerodactyl\n|-singleturn|p2a: Aerodactyl|Protect\n|move|p1b: Banette|Sucker Punch|p2b: Garchomp\n|-damage|p2b: Garchomp|5/100 brn\n|-damage|p1b: Banette|54/100|[from] ability: Rough Skin|[of] p2b: Garchomp\n|move|p2b: Garchomp|Earthquake|p1a: Blastoise|[spread] p1a,p1b\n|-activate|p2a: Aerodactyl|move: Protect\n|-damage|p1a: Blastoise|52/100\n|-damage|p1b: Banette|39/100\n|\n|-damage|p2a: Aerodactyl|39/100 brn|[from] brn\n|-damage|p2b: Garchomp|0 fnt|[from] brn\n|faint|p2b: Garchomp\n|-sideend|p2: kecap52|move: Tailwind\n|upkeep\n|\n|t:|1776688607\n|switch|p2b: Floette|Floette-Eternal, L50, F|100/100\n|turn|6\n|inactive|freudianbreath has 30 seconds left.\n|inactive|freudianbreath has 20 seconds left.\n|inactive|freudianbreath has 15 seconds left.\n|inactive|freudianbreath has 10 seconds left.\n|inactive|freudianbreath has 5 seconds left.\n|\n|t:|1776688659\n|switch|p1b: Whimsicott|Whimsicott, L50, M|100/100\n|detailschange|p2b: Floette|Floette-Mega, L50, F\n|-mega|p2b: Floette|Floette|Floettite\n|-ability|p2b: Floette|Fairy Aura\n|move|p2b: Floette|Light of Ruin|p1b: Whimsicott\n|-crit|p1b: Whimsicott\n|-enditem|p1b: Whimsicott|Focus Sash\n|-damage|p1b: Whimsicott|1/100\n|-damage|p2b: Floette|55/100|[from] Recoil\n|move|p2a: Aerodactyl|Tailwind|p2a: Aerodactyl\n|-sidestart|p2: kecap52|move: Tailwind\n|move|p1a: Blastoise|Icy Wind|p2a: Aerodactyl|[spread] \n|-miss|p1a: Blastoise|p2a: Aerodactyl\n|-miss|p1a: Blastoise|p2b: Floette\n|\n|-damage|p2a: Aerodactyl|33/100 brn|[from] brn\n|upkeep\n|turn|7\n|inactive|freudianbreath has 30 seconds left.\n|inactive|kecap52 has 30 seconds left.\n|inactive|freudianbreath has 20 seconds left.\n|inactive|freudianbreath has 15 seconds left.\n|\n|t:|1776688704\n|move|p1b: Whimsicott|Tailwind|p1b: Whimsicott\n|-sidestart|p1: freudianbreath|move: Tailwind\n|move|p2b: Floette|Dazzling Gleam|p1a: Blastoise|[spread] p1a,p1b\n|-damage|p1a: Blastoise|0 fnt\n|-damage|p1b: Whimsicott|0 fnt\n|faint|p1a: Blastoise\n|faint|p1b: Whimsicott\n|move|p2a: Aerodactyl|Rock Slide|p1: Blastoise|[notarget]\n|-fail|p2a: Aerodactyl\n|\n|-damage|p2a: Aerodactyl|27/100 brn|[from] brn\n|upkeep\n|\n|t:|1776688708\n|switch|p1b: Banette|Banette-Mega, L50, M|39/100\n|switch|p1a: Incineroar|Incineroar, L50, M|16/100\n|-ability|p1a: Incineroar|Intimidate|boost\n|-unboost|p2a: Aerodactyl|atk|1\n|-unboost|p2b: Floette|atk|1\n|turn|8\n|inactive|freudianbreath has 30 seconds left.\n|inactive|freudianbreath has 20 seconds left.\n|inactive|freudianbreath has 15 seconds left.\n|inactive|freudianbreath has 10 seconds left.\n|\n|t:|1776688754\n|move|p2b: Floette|Protect|p2b: Floette\n|-singleturn|p2b: Floette|Protect\n|move|p1a: Incineroar|Fake Out|p2b: Floette\n|-activate|p2b: Floette|move: Protect\n|move|p1b: Banette|Sucker Punch|p2a: Aerodactyl\n|-damage|p2a: Aerodactyl|0 fnt\n|-enditem|p1a: Incineroar|Sitrus Berry|[eat]\n|-heal|p1a: Incineroar|41/100|[from] item: Sitrus Berry\n|faint|p2a: Aerodactyl\n|\n|upkeep\n|\n|t:|1776688764\n|switch|p2a: Sneasler|Sneasler, L50, M|89/100 brn\n|turn|9\n|\n|t:|1776688778\n|move|p2a: Sneasler|Close Combat|p1a: Incineroar\n|-supereffective|p1a: Incineroar|1\n|-damage|p1a: Incineroar|0 fnt\n|-unboost|p2a: Sneasler|def|1\n|-unboost|p2a: Sneasler|spd|1\n|faint|p1a: Incineroar\n|move|p2b: Floette|Light of Ruin|p1b: Banette\n|-damage|p1b: Banette|0 fnt\n|faint|p1b: Banette\n|-damage|p2b: Floette|38/100|[from] Recoil\n|\n|win|kecap52\n|raw|freudianbreath's rating: 1086 &rarr; <strong>1063</strong><br />(-23 for losing)\n|raw|kecap52's rating: 1092 &rarr; <strong>1118</strong><br />(+26 for winning)\n",
  "uploadtime": 1776688788,
  "views": 6,
  "formatid": "gen9championsvgc2026regma",
  "rating": 1063,
  "private": 0,
  "password": null
}