{
  "id": "gen9championsvgc2026regma-2585232856",
  "format": "[Gen 9 Champions] VGC 2026 Reg M-A",
  "players": [
    "rukawaii",
    "mamielover"
  ],
  "log": "|j|\u2606rukawaii\n|j|\u2606mamielover\n|t:|1776327996\n|gametype|doubles\n|player|p1|rukawaii|170|1091\n|player|p2|mamielover|170|1176\n|gen|9\n|tier|[Gen 9 Champions] VGC 2026 Reg M-A\n|rated|\n|rule|Species Clause: Limit one of each Pok\u00e9mon\n|rule|Item Clause: Limit 1 of each item\n|clearpoke\n|poke|p1|Kangaskhan, L50, F|\n|poke|p1|Oranguru, L50, M|\n|poke|p1|Sinistcha-Masterpiece, L50|\n|poke|p1|Basculegion, L50, M|\n|poke|p1|Pelipper, L50, M|\n|poke|p1|Archaludon, L50, F|\n|poke|p2|Gengar, L50, F|\n|poke|p2|Incineroar, L50, F|\n|poke|p2|Farigiraf, L50, F|\n|poke|p2|Kingambit, L50, F|\n|poke|p2|Blastoise, L50, F|\n|poke|p2|Sinistcha, L50|\n|teampreview|4\n|inactive|Battle timer is ON: inactive players will automatically lose when time's up. (requested by rukawaii)\nrukawaii rejected open team sheets.\n|\n|t:|1776328048\n|teamsize|p1|4\n|teamsize|p2|4\n|start\n|switch|p1a: Kangaskhan|Kangaskhan, L50, F|100/100\n|switch|p1b: Oranguru|Oranguru, L50, M|100/100\n|switch|p2a: Gengar|Gengar, L50, F|100/100\n|switch|p2b: Sinistcha|Sinistcha, L50|100/100\n|turn|1\n|\n|t:|1776328073\n|switch|p2b: Incineroar|Incineroar, L50, F|100/100\n|-ability|p2b: Incineroar|Intimidate|boost\n|-unboost|p1a: Kangaskhan|atk|1\n|-fail|p1b: Oranguru|unboost|Attack|[from] ability: Inner Focus|[of] p1b: Oranguru\n|detailschange|p2a: Gengar|Gengar-Mega, L50, F\n|-mega|p2a: Gengar|Gengar|Gengarite\n|detailschange|p1a: Kangaskhan|Kangaskhan-Mega, L50, F\n|-mega|p1a: Kangaskhan|Kangaskhan|Kangaskhanite\n|move|p2a: Gengar|Protect|p2a: Gengar\n|-singleturn|p2a: Gengar|Protect\n|move|p1a: Kangaskhan|Crunch|p2a: Gengar\n|-activate|p2a: Gengar|move: Protect\n|move|p1b: Oranguru|Instruct|p1a: Kangaskhan\n|-singleturn|p1a: Kangaskhan|move: Instruct|[of] p1b: Oranguru\n|move|p1a: Kangaskhan|Crunch|p2a: Gengar\n|-activate|p2a: Gengar|move: Protect\n|\n|upkeep\n|turn|2\n|\n|t:|1776328089\n|move|p2b: Incineroar|Fake Out|p1a: Kangaskhan\n|-damage|p1a: Kangaskhan|90/100\n|move|p2a: Gengar|Perish Song|p2a: Gengar\n|-start|p1a: Kangaskhan|perish3|[silent]\n|-start|p1b: Oranguru|perish3|[silent]\n|-start|p2a: Gengar|perish3|[silent]\n|-start|p2b: Incineroar|perish3|[silent]\n|-fieldactivate|move: Perish Song\n|cant|p1a: Kangaskhan|flinch\n|move|p1b: Oranguru|Instruct|p1a: Kangaskhan\n|-singleturn|p1a: Kangaskhan|move: Instruct|[of] p1b: Oranguru\n|cant|p1a: Kangaskhan|flinch\n|\n|-start|p2a: Gengar|perish3\n|-start|p1a: Kangaskhan|perish3\n|-start|p2b: Incineroar|perish3\n|-start|p1b: Oranguru|perish3\n|upkeep\n|turn|3\n|\n|t:|1776328108\n|move|p2a: Gengar|Protect|p2a: Gengar\n|-singleturn|p2a: Gengar|Protect\n|move|p2b: Incineroar|Protect|p2b: Incineroar\n|-singleturn|p2b: Incineroar|Protect\n|move|p1a: Kangaskhan|Crunch|p2a: Gengar\n|-activate|p2a: Gengar|move: Protect\n|move|p1b: Oranguru|Instruct|p1a: Kangaskhan\n|-singleturn|p1a: Kangaskhan|move: Instruct|[of] p1b: Oranguru\n|move|p1a: Kangaskhan|Crunch|p2a: Gengar\n|-activate|p2a: Gengar|move: Protect\n|\n|-start|p2a: Gengar|perish2\n|-start|p1a: Kangaskhan|perish2\n|-start|p2b: Incineroar|perish2\n|-start|p1b: Oranguru|perish2\n|upkeep\n|turn|4\n|\n|t:|1776328127\n|switch|p2a: Kingambit|Kingambit, L50, F|100/100\n|move|p1a: Kangaskhan|Crunch|p2a: Kingambit\n|-resisted|p2a: Kingambit|1\n|-damage|p2a: Kingambit|94/100\n|-resisted|p2a: Kingambit|1\n|-damage|p2a: Kingambit|92/100\n|-hitcount|p2a: Kingambit|2\n|move|p2b: Incineroar|Parting Shot|p1a: Kangaskhan\n|-unboost|p1a: Kangaskhan|atk|1\n|-unboost|p1a: Kangaskhan|spa|1\n|\n|t:|1776328136\n|switch|p2b: Gengar|Gengar-Mega, L50, F|100/100|[from] Parting Shot\n|move|p1b: Oranguru|Instruct|p1a: Kangaskhan\n|-singleturn|p1a: Kangaskhan|move: Instruct|[of] p1b: Oranguru\n|move|p1a: Kangaskhan|Crunch|p2a: Kingambit\n|-resisted|p2a: Kingambit|1\n|-damage|p2a: Kingambit|88/100\n|-resisted|p2a: Kingambit|1\n|-damage|p2a: Kingambit|87/100\n|-unboost|p2a: Kingambit|def|1\n|-ability|p2a: Kingambit|Defiant|boost\n|-boost|p2a: Kingambit|atk|2\n|-hitcount|p2a: Kingambit|2\n|\n|-start|p1a: Kangaskhan|perish1\n|-start|p1b: Oranguru|perish1\n|upkeep\n|turn|5\n|inactive|rukawaii has 30 seconds left.\n|\n|t:|1776328168\n|move|p2b: Gengar|Protect|p2b: Gengar\n|-singleturn|p2b: Gengar|Protect\n|move|p2a: Kingambit|Protect|p2a: Kingambit\n|-singleturn|p2a: Kingambit|Protect\n|move|p1a: Kangaskhan|Drain Punch|p2a: Kingambit\n|-activate|p2a: Kingambit|move: Protect\n|move|p1b: Oranguru|Instruct|p1a: Kangaskhan\n|-singleturn|p1a: Kangaskhan|move: Instruct|[of] p1b: Oranguru\n|move|p1a: Kangaskhan|Drain Punch|p2a: Kingambit\n|-activate|p2a: Kingambit|move: Protect\n|\n|-start|p1a: Kangaskhan|perish0\n|-start|p1b: Oranguru|perish0\n|faint|p1a: Kangaskhan\n|faint|p1b: Oranguru\n|upkeep\n|-message|rukawaii forfeited.\n|\n|win|mamielover\n|raw|rukawaii's rating: 1091 &rarr; <strong>1073</strong><br />(-18 for losing)\n|raw|mamielover's rating: 1176 &rarr; <strong>1195</strong><br />(+19 for winning)\n|l|\u2606rukawaii\n|player|p1|\n",
  "uploadtime": 1776328183,
  "views": 25,
  "formatid": "gen9championsvgc2026regma",
  "rating": 1073,
  "private": 0,
  "password": null
}