{
  "id": "gen9championsvgc2026regma-2587958566",
  "format": "[Gen 9 Champions] VGC 2026 Reg M-A",
  "players": [
    "Tyariz",
    "Neneeew"
  ],
  "log": "|j|\u2606Tyariz\n|j|\u2606Neneeew\n|t:|1776584847\n|gametype|doubles\n|player|p1|Tyariz|2|1060\n|player|p2|Neneeew|canari|1040\n|gen|9\n|tier|[Gen 9 Champions] VGC 2026 Reg M-A\n|rated|\n|rule|Species Clause: Limit one of each Pok\u00e9mon\n|rule|Item Clause: Limit 1 of each item\n|clearpoke\n|poke|p1|Aggron, L50, F|\n|poke|p1|Corviknight, L50, M|\n|poke|p1|Sinistcha, L50|\n|poke|p1|Tyranitar, L50, M|\n|poke|p1|Incineroar, L50, F|\n|poke|p1|Sneasler, L50, M|\n|poke|p2|Gallade, L50, M|\n|poke|p2|Incineroar, L50, F|\n|poke|p2|Whimsicott, L50, F|\n|poke|p2|Zoroark-Hisui, L50, F|\n|poke|p2|Excadrill, L50, F|\n|poke|p2|Tyranitar, L50, M|\n|teampreview|4\nNeneeew rejected open team sheets.\n|inactive|Battle timer is ON: inactive players will automatically lose when time's up. (requested by Tyariz)\n|\n|t:|1776584924\n|teamsize|p1|4\n|teamsize|p2|4\n|start\n|switch|p1a: Incineroar|Incineroar, L50, F|100/100\n|switch|p1b: Sneasler|Sneasler, L50, M|100/100\n|switch|p2a: Whimsicott|Whimsicott, L50, F|100/100\n|switch|p2b: Gallade|Gallade, L50, M|100/100\n|-ability|p1a: Incineroar|Intimidate|boost\n|-unboost|p2a: Whimsicott|atk|1\n|-unboost|p2b: Gallade|atk|1\n|turn|1\n|\n|t:|1776584943\n|switch|p2b: Incineroar|Incineroar, L50, F|100/100\n|move|p1b: Sneasler|Fake Out|p2b: Incineroar\n|-immune|p2b: Incineroar\n|move|p2a: Whimsicott|Tailwind|p2a: Whimsicott\n|-sidestart|p2: Neneeew|move: Tailwind\n|move|p1a: Incineroar|Flare Blitz|p2a: Whimsicott\n|-supereffective|p2a: Whimsicott|1\n|-enditem|p2a: Whimsicott|Focus Sash\n|-damage|p2a: Whimsicott|1/100\n|-damage|p1a: Incineroar|79/100|[from] Recoil\n|\n|upkeep\n|turn|2\n|\n|t:|1776584965\n|switch|p1a: Tyranitar|Tyranitar, L50, M|100/100\n|-weather|Sandstorm|[from] ability: Sand Stream|[of] p1a: Tyranitar\n|move|p2a: Whimsicott|Moonblast|p1b: Sneasler\n|-damage|p1b: Sneasler|57/100\n|move|p2b: Incineroar|Hyper Voice|p1a: Tyranitar|[spread] p1a,p1b\n|-resisted|p1a: Tyranitar|1\n|-crit|p1a: Tyranitar\n|-damage|p1a: Tyranitar|87/100\n|-damage|p1b: Sneasler|7/100\n|move|p1b: Sneasler|Dire Claw|p2b: Incineroar\n|-resisted|p2b: Incineroar|1\n|-damage|p2b: Incineroar|60/100\n|-status|p2b: Incineroar|psn\n|replace|p2b: PLACEHOLDER|Zoroark-Hisui, L50, F\n|-end|p2b: PLACEHOLDER|Illusion\n|\n|-weather|Sandstorm|[upkeep]\n|-damage|p2a: Whimsicott|0 fnt|[from] Sandstorm\n|-damage|p2b: PLACEHOLDER|54/100 psn|[from] Sandstorm\n|-damage|p1b: Sneasler|1/100|[from] Sandstorm\n|faint|p2a: Whimsicott\n|-damage|p2b: PLACEHOLDER|42/100 psn|[from] psn\n|upkeep\n|\n|t:|1776584984\n|switch|p2a: Gallade|Gallade, L50, M|100/100\n|turn|3\n|inactive|Neneeew has 30 seconds left.\n|inactive|Neneeew has 20 seconds left.\n|\n|t:|1776585023\n|detailschange|p2a: Gallade|Gallade-Mega, L50, M\n|-mega|p2a: Gallade|Gallade|Galladite\n|move|p1b: Sneasler|Protect|p1b: Sneasler\n|-singleturn|p1b: Sneasler|Protect\n|move|p2b: PLACEHOLDER|Hyper Voice|p1a: Tyranitar|[spread] p1a\n|-activate|p1b: Sneasler|move: Protect\n|-resisted|p1a: Tyranitar|1\n|-damage|p1a: Tyranitar|79/100\n|move|p2a: Gallade|Close Combat|p1a: Tyranitar\n|-supereffective|p1a: Tyranitar|2\n|-enditem|p1a: Tyranitar|Chople Berry|[eat]\n|-enditem|p1a: Tyranitar|Chople Berry|[weaken]\n|-damage|p1a: Tyranitar|0 fnt\n|-unboost|p2a: Gallade|def|1\n|-unboost|p2a: Gallade|spd|1\n|faint|p1a: Tyranitar\n|\n|-weather|Sandstorm|[upkeep]\n|-damage|p2b: PLACEHOLDER|36/100 psn|[from] Sandstorm\n|-damage|p2a: Gallade|95/100|[from] Sandstorm\n|-damage|p1b: Sneasler|0 fnt|[from] Sandstorm\n|faint|p1b: Sneasler\n|-damage|p2b: PLACEHOLDER|24/100 psn|[from] psn\n|upkeep\n|\n|t:|1776585044\n|switch|p1b: Incineroar|Incineroar, L50, F|79/100\n|switch|p1a: Aggron|Aggron, L50, F|100/100\n|-ability|p1b: Incineroar|Intimidate|boost\n|-fail|p2a: Gallade|unboost|Attack|[from] ability: Inner Focus|[of] p2a: Gallade\n|-unboost|p2b: PLACEHOLDER|atk|1\n|turn|4\n|inactive|Tyariz has 30 seconds left.\n|\n|t:|1776585074\n|switch|p2a: Incineroar|Incineroar, L50, F|100/100\n|-ability|p2a: Incineroar|Intimidate|boost\n|-unboost|p1a: Aggron|atk|1\n|-unboost|p1b: Incineroar|atk|1\n|detailschange|p1a: Aggron|Aggron-Mega, L50, F\n|-mega|p1a: Aggron|Aggron|Aggronite\n|move|p1b: Incineroar|Fake Out|p2a: Incineroar\n|-damage|p2a: Incineroar|93/100\n|move|p2b: PLACEHOLDER|Hyper Beam|p1b: Incineroar\n|-damage|p1b: Incineroar|13/100\n|-mustrecharge|p2b: PLACEHOLDER\n|move|p1a: Aggron|Heavy Slam|p2a: Incineroar\n|-resisted|p2a: Incineroar|1\n|-damage|p2a: Incineroar|77/100\n|\n|-weather|Sandstorm|[upkeep]\n|-damage|p2b: PLACEHOLDER|17/100 psn|[from] Sandstorm\n|-damage|p2a: Incineroar|71/100|[from] Sandstorm\n|-damage|p1b: Incineroar|7/100|[from] Sandstorm\n|-damage|p2b: PLACEHOLDER|5/100 psn|[from] psn\n|-sideend|p2: Neneeew|move: Tailwind\n|upkeep\n|turn|5\n|\n|t:|1776585099\n|move|p1b: Incineroar|Protect|p1b: Incineroar\n|-singleturn|p1b: Incineroar|Protect\n|move|p2a: Incineroar|Fake Out|p1b: Incineroar\n|-activate|p1b: Incineroar|move: Protect\n|cant|p2b: PLACEHOLDER|recharge\n|move|p1a: Aggron|Body Press|p2a: Incineroar\n|-supereffective|p2a: Incineroar|1\n|-enditem|p2a: Incineroar|Chople Berry|[eat]\n|-enditem|p2a: Incineroar|Chople Berry|[weaken]\n|-damage|p2a: Incineroar|25/100\n|\n|-weather|Sandstorm|[upkeep]\n|-damage|p2b: PLACEHOLDER|0 fnt|[from] Sandstorm\n|-damage|p1b: Incineroar|1/100|[from] Sandstorm\n|-damage|p2a: Incineroar|19/100|[from] Sandstorm\n|faint|p2b: PLACEHOLDER\n|upkeep\n|\n|t:|1776585108\n|switch|p2b: Gallade|Gallade-Mega, L50, M|95/100\n|turn|6\n|\n|t:|1776585133\n|move|p2b: Gallade|Close Combat|p1a: Aggron\n|-supereffective|p1a: Aggron|1\n|-damage|p1a: Aggron|45/100\n|-unboost|p2b: Gallade|def|1\n|-unboost|p2b: Gallade|spd|1\n|move|p1b: Incineroar|Flare Blitz|p2a: Incineroar\n|-resisted|p2a: Incineroar|1\n|-damage|p2a: Incineroar|0 fnt\n|faint|p2a: Incineroar\n|-damage|p1b: Incineroar|0 fnt|[from] Recoil\n|faint|p1b: Incineroar\n|move|p1a: Aggron|Iron Defense|p1a: Aggron\n|-boost|p1a: Aggron|def|2\n|\n|-weather|none\n|upkeep\n|turn|7\n|\n|t:|1776585155\n|move|p1a: Aggron|Protect|p1a: Aggron\n|-singleturn|p1a: Aggron|Protect\n|move|p2b: Gallade|Swords Dance|p2b: Gallade\n|-boost|p2b: Gallade|atk|2\n|\n|upkeep\n|turn|8\n|\n|t:|1776585161\n|move|p2b: Gallade|Close Combat|p1a: Aggron\n|-supereffective|p1a: Aggron|1\n|-damage|p1a: Aggron|0 fnt\n|-unboost|p2b: Gallade|def|1\n|-unboost|p2b: Gallade|spd|1\n|faint|p1a: Aggron\n|\n|win|Neneeew\n|raw|Tyariz's rating: 1060 &rarr; <strong>1040</strong><br />(-20 for losing)\n|raw|Neneeew's rating: 1040 &rarr; <strong>1076</strong><br />(+36 for winning)\n|l|\u2606Tyariz\n|player|p1|\n|c|\u2606Neneeew|ggs\n",
  "uploadtime": 1776585168,
  "views": 10,
  "formatid": "gen9championsvgc2026regma",
  "rating": 1040,
  "private": 0,
  "password": null
}