{
  "id": "gen9championsvgc2026regma-2588294887",
  "format": "[Gen 9 Champions] VGC 2026 Reg M-A",
  "players": [
    "BossgodoraII",
    "vuclump"
  ],
  "log": "|j|\u2606BossgodoraII\n|j|\u2606vuclump\n|t:|1776621771\n|gametype|doubles\n|player|p1|BossgodoraII|gentleman-gen4|1458\n|player|p2|vuclump|preschooler|1421\n|gen|9\n|tier|[Gen 9 Champions] VGC 2026 Reg M-A\n|rated|\n|rule|Species Clause: Limit one of each Pok\u00e9mon\n|rule|Item Clause: Limit 1 of each item\n|clearpoke\n|poke|p1|Delphox, L50, F|\n|poke|p1|Floette-Eternal, L50, F|\n|poke|p1|Sneasler, L50, F|\n|poke|p1|Aerodactyl, L50, M|\n|poke|p1|Garchomp, L50, M|\n|poke|p1|Kingambit, L50, M|\n|poke|p2|Aggron, L50, M|\n|poke|p2|Sinistcha, L50|\n|poke|p2|Sneasler, L50, F|\n|poke|p2|Pelipper, L50, M|\n|poke|p2|Basculegion, L50, M|\n|poke|p2|Archaludon, L50, M|\n|teampreview|4\nBossgodoraII rejected open team sheets.\n|inactive|Battle timer is ON: inactive players will automatically lose when time's up. (requested by BossgodoraII)\n|\n|t:|1776621804\n|teamsize|p1|4\n|teamsize|p2|4\n|start\n|switch|p1a: Kingambit|Kingambit, L50, M|100/100\n|switch|p1b: Sneasler|Sneasler, L50, F|100/100\n|switch|p2a: Sneasler|Sneasler, L50, F|100/100\n|switch|p2b: Pelipper|Pelipper, L50, M|100/100\n|-weather|RainDance|[from] ability: Drizzle|[of] p2b: Pelipper\n|turn|1\n|\n|t:|1776621821\n|switch|p1a: Aerodactyl|Aerodactyl, L50, M|100/100\n|-ability|p1a: Aerodactyl|Unnerve\n|move|p2a: Sneasler|Fake Out|p1b: Sneasler\n|-damage|p1b: Sneasler|78/100\n|cant|p1b: Sneasler|flinch\n|move|p2b: Pelipper|Weather Ball|p1b: Sneasler\n|-damage|p1b: Sneasler|18/100\n|\n|-weather|RainDance|[upkeep]\n|upkeep\n|turn|2\n|inactive|vuclump has 30 seconds left.\n|\n|t:|1776621850\n|switch|p2a: Aggron|Aggron, L50, M|100/100\n|move|p1a: Aerodactyl|Tailwind|p1a: Aerodactyl\n|-sidestart|p1: BossgodoraII|move: Tailwind\n|move|p1b: Sneasler|Dire Claw|p2b: Pelipper\n|-damage|p2b: Pelipper|57/100\n|-status|p2b: Pelipper|psn\n|move|p2b: Pelipper|Tailwind|p2b: Pelipper\n|-sidestart|p2: vuclump|move: Tailwind\n|\n|-weather|RainDance|[upkeep]\n|-damage|p2b: Pelipper|45/100 psn|[from] psn\n|upkeep\n|turn|3\n|\n|t:|1776621866\n|switch|p2b: Sneasler|Sneasler, L50, F|100/100\n|detailschange|p2a: Aggron|Aggron-Mega, L50, M\n|-mega|p2a: Aggron|Aggron|Aggronite\n|move|p1a: Aerodactyl|Rock Slide|p2b: Sneasler|[spread] p2a,p2b\n|-resisted|p2a: Aggron|1\n|-resisted|p2b: Sneasler|1\n|-damage|p2a: Aggron|94/100\n|-damage|p2b: Sneasler|79/100\n|move|p1b: Sneasler|Close Combat|p2a: Aggron\n|-supereffective|p2a: Aggron|1\n|-crit|p2a: Aggron\n|-damage|p2a: Aggron|23/100\n|-unboost|p1b: Sneasler|def|1\n|-unboost|p1b: Sneasler|spd|1\n|-enditem|p1b: Sneasler|White Herb\n|-clearnegativeboost|p1b: Sneasler|[silent]\n|move|p2a: Aggron|Iron Defense|p2a: Aggron\n|-boost|p2a: Aggron|def|2\n|\n|-weather|RainDance|[upkeep]\n|upkeep\n|turn|4\n|\n|t:|1776621877\n|switch|p2b: Sinistcha|Sinistcha, L50|100/100\n|-heal|p2a: Aggron|47/100|[from] ability: Hospitality|[of] p2b: Sinistcha\n|move|p1b: Sneasler|Protect|p1b: Sneasler\n|-singleturn|p1b: Sneasler|Protect\n|move|p1a: Aerodactyl|Protect|p1a: Aerodactyl\n|-singleturn|p1a: Aerodactyl|Protect\n|move|p2a: Aggron|Body Press|p1a: Aerodactyl\n|-activate|p1a: Aerodactyl|move: Protect\n|\n|-weather|RainDance|[upkeep]\n|upkeep\n|turn|5\n|\n|t:|1776621894\n|switch|p2b: Sneasler|Sneasler, L50, F|79/100\n|move|p1b: Sneasler|Dire Claw|p2b: Sneasler\n|-resisted|p2b: Sneasler|1\n|-damage|p2b: Sneasler|42/100\n|move|p1a: Aerodactyl|Dual Wingbeat|p2b: Sneasler\n|-supereffective|p2b: Sneasler|1\n|-damage|p2b: Sneasler|0 fnt\n|faint|p2b: Sneasler\n|-hitcount|p2: Sneasler|1\n|move|p2a: Aggron|Body Press|p1a: Aerodactyl\n|-enditem|p1a: Aerodactyl|Focus Sash\n|-damage|p1a: Aerodactyl|1/100\n|\n|-weather|none\n|-sideend|p1: BossgodoraII|move: Tailwind\n|-sideend|p2: vuclump|move: Tailwind\n|upkeep\n|\n|t:|1776621903\n|switch|p2b: Sinistcha|Sinistcha, L50|100/100\n|-heal|p2a: Aggron|72/100|[from] ability: Hospitality|[of] p2b: Sinistcha\n|turn|6\n|\n|t:|1776621915\n|move|p1b: Sneasler|Dire Claw|p2b: Sinistcha\n|-damage|p2b: Sinistcha|66/100\n|move|p1a: Aerodactyl|Dual Wingbeat|p2b: Sinistcha|[miss]\n|-miss|p1a: Aerodactyl|p2b: Sinistcha\n|move|p2b: Sinistcha|Strength Sap|p1a: Aerodactyl\n|-unboost|p1a: Aerodactyl|atk|1\n|-heal|p2b: Sinistcha|100/100\n|move|p2a: Aggron|Heavy Slam|p1b: Sneasler\n|-damage|p1b: Sneasler|0 fnt\n|faint|p1b: Sneasler\n|\n|upkeep\n|\n|t:|1776621928\n|switch|p1b: Kingambit|Kingambit, L50, M|100/100\n|turn|7\n|\n|t:|1776621935\n|switch|p1a: Floette|Floette-Eternal, L50, F|100/100\n|move|p1b: Kingambit|Kowtow Cleave|p2b: Sinistcha\n|-supereffective|p2b: Sinistcha|1\n|-damage|p2b: Sinistcha|0 fnt\n|faint|p2b: Sinistcha\n|move|p2a: Aggron|Body Press|p1b: Kingambit\n|-supereffective|p1b: Kingambit|2\n|-damage|p1b: Kingambit|0 fnt\n|faint|p1b: Kingambit\n|\n|upkeep\n|\n|t:|1776621941\n|switch|p2b: Pelipper|Pelipper, L50, M|45/100 psn\n|switch|p1b: Aerodactyl|Aerodactyl, L50, M|1/100\n|-enditem|p2b: Pelipper|Sitrus Berry|[eat]\n|-heal|p2b: Pelipper|69/100 psn|[from] item: Sitrus Berry\n|-ability|p1b: Aerodactyl|Unnerve\n|-weather|RainDance|[from] ability: Drizzle|[of] p2b: Pelipper\n|turn|8\n|\n|t:|1776621953\n|detailschange|p1a: Floette|Floette-Mega, L50, F\n|-mega|p1a: Floette|Floette|Floettite\n|-ability|p1a: Floette|Fairy Aura\n|move|p2b: Pelipper|Wide Guard|p2b: Pelipper\n|-singleturn|p2b: Pelipper|Wide Guard\n|move|p1b: Aerodactyl|Rock Slide|p2a: Aggron|[spread] \n|-activate|p2a: Aggron|move: Wide Guard\n|-activate|p2b: Pelipper|move: Wide Guard\n|move|p1a: Floette|Moonblast|p2a: Aggron\n|-resisted|p2a: Aggron|1\n|-damage|p2a: Aggron|38/100\n|move|p2a: Aggron|Heavy Slam|p1a: Floette\n|-supereffective|p1a: Floette|1\n|-damage|p1a: Floette|7/100\n|\n|-weather|RainDance|[upkeep]\n|-damage|p2b: Pelipper|57/100 psn|[from] psn\n|upkeep\n|turn|9\n|inactive|BossgodoraII has 30 seconds left.\n|inactive|vuclump has 30 seconds left.\n|\n|t:|1776621985\n|move|p1a: Floette|Protect|p1a: Floette\n|-singleturn|p1a: Floette|Protect\n|move|p1b: Aerodactyl|Rock Slide|p2b: Pelipper|[spread] p2a,p2b\n|-resisted|p2a: Aggron|1\n|-supereffective|p2b: Pelipper|1\n|-damage|p2a: Aggron|35/100\n|-damage|p2b: Pelipper|0 fnt\n|faint|p2b: Pelipper\n|move|p2a: Aggron|Heavy Slam|p1a: Floette\n|-activate|p1a: Floette|move: Protect\n|\n|-weather|RainDance|[upkeep]\n|upkeep\n|turn|10\n|\n|t:|1776621994\n|move|p1b: Aerodactyl|Rock Slide|p2a: Aggron\n|-resisted|p2a: Aggron|1\n|-damage|p2a: Aggron|30/100\n|move|p1a: Floette|Moonblast|p2a: Aggron\n|-resisted|p2a: Aggron|1\n|-damage|p2a: Aggron|0 fnt\n|faint|p2a: Aggron\n|\n|win|BossgodoraII\n|raw|BossgodoraII's rating: 1458 &rarr; <strong>1476</strong><br />(+18 for winning)\n|raw|vuclump's rating: 1421 &rarr; <strong>1403</strong><br />(-18 for losing)\n|l|\u2606vuclump\n|player|p2|\n",
  "uploadtime": 1776622000,
  "views": 22,
  "formatid": "gen9championsvgc2026regma",
  "rating": 1403,
  "private": 0,
  "password": null
}