{
  "id": "gen9championsvgc2026regma-2589386944",
  "format": "[Gen 9 Champions] VGC 2026 Reg M-A",
  "players": [
    "soldi haram",
    "SDLT 2KRL SWM"
  ],
  "log": "|raw|<div class=\"broadcast-blue\"><strong>This battle is required to be public due to a player having a name starting with 'sdlt'.</div>\n|j|\u2606soldi haram\n|j|\u2606SDLT 2KRL SWM\n|t:|1776718863\n|gametype|doubles\n|player|p1|soldi haram|cynthia-gen4|1570\n|player|p2|SDLT 2KRL SWM|ryuki|1649\n|gen|9\n|tier|[Gen 9 Champions] VGC 2026 Reg M-A\n|rated|\n|rule|Species Clause: Limit one of each Pok\u00e9mon\n|rule|Item Clause: Limit 1 of each item\n|clearpoke\n|poke|p1|Lopunny, L50, F, shiny|\n|poke|p1|Vanilluxe, L50, F|\n|poke|p1|Kingambit, L50, F, shiny|\n|poke|p1|Basculegion, L50, M|\n|poke|p1|Aegislash, L50, M|\n|poke|p1|Charizard, L50, M|\n|poke|p2|Talonflame, L50, F|\n|poke|p2|Floette-Eternal, L50, F|\n|poke|p2|Basculegion, L50, M|\n|poke|p2|Garchomp, L50, M|\n|poke|p2|Kingambit, L50, M|\n|poke|p2|Maushold-Four, L50|\n|teampreview|4\n|\n|t:|1776718903\n|teamsize|p1|4\n|teamsize|p2|4\n|start\n|switch|p1a: Lopunny|Lopunny, L50, F, shiny|100/100\n|switch|p1b: Basculegion|Basculegion, L50, M|100/100\n|switch|p2a: Talonflame|Talonflame, L50, F|100/100\n|switch|p2b: Floette|Floette-Eternal, L50, F|100/100\n|turn|1\n|inactive|Battle timer is ON: inactive players will automatically lose when time's up. (requested by soldi haram)\n|\n|t:|1776718937\n|detailschange|p1a: Lopunny|Lopunny-Mega, L50, F, shiny\n|-mega|p1a: Lopunny|Lopunny|Lopunnite\n|detailschange|p2b: Floette|Floette-Mega, L50, F\n|-mega|p2b: Floette|Floette|Floettite\n|-ability|p2b: Floette|Fairy Aura\n|move|p1a: Lopunny|Fake Out|p2b: Floette\n|-damage|p2b: Floette|78/100\n|move|p2a: Talonflame|Tailwind|p2a: Talonflame\n|-sidestart|p2: SDLT 2KRL SWM|move: Tailwind\n|cant|p2b: Floette|flinch\n|move|p1b: Basculegion|Liquidation|p2a: Talonflame\n|-supereffective|p2a: Talonflame|1\n|-damage|p2a: Talonflame|0 fnt\n|faint|p2a: Talonflame\n|\n|upkeep\n|\n|t:|1776718945\n|switch|p2a: Kingambit|Kingambit, L50, M|100/100\n|turn|2\n|inactive|soldi haram has 30 seconds left.\n|\n|t:|1776718978\n|move|p1a: Lopunny|Protect|p1a: Lopunny\n|-singleturn|p1a: Lopunny|Protect\n|move|p1b: Basculegion|Protect|p1b: Basculegion\n|-singleturn|p1b: Basculegion|Protect\n|move|p2b: Floette|Dazzling Gleam|p1b: Basculegion|[spread] \n|-activate|p1a: Lopunny|move: Protect\n|-activate|p1b: Basculegion|move: Protect\n|move|p2a: Kingambit|Kowtow Cleave|p1b: Basculegion\n|-activate|p1b: Basculegion|move: Protect\n|\n|upkeep\n|turn|3\n|\n|t:|1776718994\n|switch|p1a: Kingambit|Kingambit, L50, F, shiny|100/100\n|move|p1b: Basculegion|Aqua Jet|p2b: Floette\n|-damage|p2b: Floette|48/100\n|move|p2b: Floette|Dazzling Gleam|p1b: Basculegion|[spread] p1a,p1b\n|-damage|p1a: Kingambit|49/100\n|-damage|p1b: Basculegion|49/100\n|move|p2a: Kingambit|Kowtow Cleave|p1b: Basculegion\n|-supereffective|p1b: Basculegion|1\n|-damage|p1b: Basculegion|0 fnt\n|faint|p1b: Basculegion\n|\n|upkeep\n|\n|t:|1776719008\n|switch|p1b: Lopunny|Lopunny-Mega, L50, F, shiny|100/100\n|turn|4\n|\n|t:|1776719012\n|switch|p2a: Garchomp|Garchomp, L50, M|100/100\n|move|p2b: Floette|Protect|p2b: Floette\n|-singleturn|p2b: Floette|Protect\n|move|p1b: Lopunny|Fake Out|p2b: Floette\n|-activate|p2b: Floette|move: Protect\n|move|p1a: Kingambit|Low Kick|p2a: Garchomp\n|-damage|p2a: Garchomp|71/100\n|-damage|p1a: Kingambit|37/100|[from] ability: Rough Skin|[of] p2a: Garchomp\n|\n|-sideend|p2: SDLT 2KRL SWM|move: Tailwind\n|upkeep\n|turn|5\n|\n|t:|1776719028\n|move|p1b: Lopunny|Protect|p1b: Lopunny\n|-singleturn|p1b: Lopunny|Protect\n|move|p1a: Kingambit|Sucker Punch|p2b: Floette\n|-resisted|p2b: Floette|1\n|-damage|p2b: Floette|27/100\n|move|p2a: Garchomp|Earthquake|p1b: Lopunny|[spread] p2b,p1a\n|-activate|p1b: Lopunny|move: Protect\n|-supereffective|p1a: Kingambit|1\n|-damage|p2b: Floette|0 fnt\n|-damage|p1a: Kingambit|0 fnt\n|faint|p2b: Floette\n|faint|p1a: Kingambit\n|\n|upkeep\n|\n|t:|1776719038\n|switch|p2b: Kingambit|Kingambit, L50, M|100/100\n|switch|p1a: Vanilluxe|Vanilluxe, L50, F|100/100\n|-weather|Snowscape|[from] ability: Snow Warning|[of] p1a: Vanilluxe\n|turn|6\n|inactive|SDLT 2KRL SWM has 30 seconds left.\n|-message|SDLT 2KRL SWM forfeited.\n|\n|win|soldi haram\n|raw|soldi haram's rating: 1570 &rarr; <strong>1594</strong><br />(+24 for winning)\n|raw|SDLT 2KRL SWM's rating: 1649 &rarr; <strong>1625</strong><br />(-24 for losing)\n|l|\u2606SDLT 2KRL SWM\n|player|p2|\n",
  "uploadtime": 1776719068,
  "views": 12,
  "formatid": "gen9championsvgc2026regma",
  "rating": 1594,
  "private": 0,
  "password": null
}