{
  "id": "gen9championsvgc2026regma-2584605512",
  "format": "[Gen 9 Champions] VGC 2026 Reg M-A",
  "players": [
    "zjustus613",
    "shunosaurus"
  ],
  "log": "|j|\u2606zjustus613\n|j|\u2606shunosaurus\n|t:|1776271655\n|gametype|doubles\n|player|p1|zjustus613|101|1340\n|player|p2|shunosaurus|psychic-gen4|1335\n|gen|9\n|tier|[Gen 9 Champions] VGC 2026 Reg M-A\n|rated|\n|rule|Species Clause: Limit one of each Pok\u00e9mon\n|rule|Item Clause: Limit 1 of each item\n|clearpoke\n|poke|p1|Froslass, L50, F|\n|poke|p1|Garchomp, L50, M|\n|poke|p1|Rotom-Frost, L50|\n|poke|p1|Empoleon, L50, F|\n|poke|p1|Incineroar, L50, F|\n|poke|p1|Kingambit, L50, F|\n|poke|p2|Orthworm, L50, F|\n|poke|p2|Excadrill, L50, M|\n|poke|p2|Tyranitar, L50, F|\n|poke|p2|Sinistcha, L50|\n|poke|p2|Primarina, L50, M|\n|poke|p2|Rotom-Heat, L50|\n|teampreview|4\n|c|\u2606shunosaurus|glhf\n|inactive|Battle timer is ON: inactive players will automatically lose when time's up. (requested by zjustus613)\n|\n|t:|1776271683\n|teamsize|p1|4\n|teamsize|p2|4\n|start\n|switch|p1a: Froslass|Froslass, L50, F|100/100\n|switch|p1b: Kingambit|Kingambit, L50, F|100/100\n|switch|p2a: Terrance|Excadrill, L50, M|100/100\n|switch|p2b: Matilda|Tyranitar, L50, F|100/100\n|-weather|Sandstorm|[from] ability: Sand Stream|[of] p2b: Matilda\n|turn|1\n|\n|t:|1776271696\n|move|p1a: Froslass|Protect|p1a: Froslass\n|-singleturn|p1a: Froslass|Protect\n|move|p2b: Matilda|Protect|p2b: Matilda\n|-singleturn|p2b: Matilda|Protect\n|move|p2a: Terrance|Earthquake|p1a: Froslass|[spread] p1b\n|-activate|p2b: Matilda|move: Protect\n|-activate|p1a: Froslass|move: Protect\n|-supereffective|p1b: Kingambit|1\n|-damage|p1b: Kingambit|25/100\n|move|p1b: Kingambit|Low Kick|p2b: Matilda\n|-activate|p2b: Matilda|move: Protect\n|\n|-weather|Sandstorm|[upkeep]\n|-damage|p1a: Froslass|94/100|[from] Sandstorm\n|upkeep\n|turn|2\n|\n|t:|1776271717\n|switch|p2b: Rotom|Rotom-Heat, L50|100/100\n|detailschange|p1a: Froslass|Froslass-Mega, L50, F\n|-mega|p1a: Froslass|Froslass|Froslassite\n|-weather|Snowscape|[from] ability: Snow Warning|[of] p1a: Froslass\n|move|p2a: Terrance|Protect|p2a: Terrance\n|-singleturn|p2a: Terrance|Protect\n|move|p1b: Kingambit|Sucker Punch||[still]\n|-fail|p1b: Kingambit\n|move|p1a: Froslass|Blizzard|p2a: Terrance|[spread] p2b\n|-activate|p2a: Terrance|move: Protect\n|-resisted|p2b: Rotom|1\n|-damage|p2b: Rotom|69/100\n|\n|-weather|Snowscape|[upkeep]\n|upkeep\n|turn|3\n|inactive|zjustus613 has 30 seconds left.\n|\n|t:|1776271749\n|move|p1a: Froslass|Protect|p1a: Froslass\n|-singleturn|p1a: Froslass|Protect\n|move|p2b: Rotom|Overheat|p1a: Froslass\n|-activate|p1a: Froslass|move: Protect\n|move|p2a: Terrance|Earthquake|p1b: Kingambit|[spread] p1b\n|-activate|p1a: Froslass|move: Protect\n|-immune|p2b: Rotom|[from] ability: Levitate\n|-supereffective|p1b: Kingambit|1\n|-damage|p1b: Kingambit|0 fnt\n|faint|p1b: Kingambit\n|\n|-weather|Snowscape|[upkeep]\n|upkeep\n|\n|t:|1776271757\n|switch|p1b: Garchomp|Garchomp, L50, M|100/100\n|turn|4\n|\n|t:|1776271775\n|switch|p1a: Rotom|Rotom-Frost, L50|100/100\n|move|p2a: Terrance|Protect|p2a: Terrance\n|-singleturn|p2a: Terrance|Protect\n|move|p2b: Rotom|Overheat|p1a: Rotom\n|-supereffective|p1a: Rotom|1\n|-damage|p1a: Rotom|0 fnt\n|-unboost|p2b: Rotom|spa|2\n|faint|p1a: Rotom\n|move|p1b: Garchomp|Rock Slide|p2b: Rotom|[spread] p2b\n|-activate|p2a: Terrance|move: Protect\n|-supereffective|p2b: Rotom|1\n|-damage|p2b: Rotom|19/100\n|\n|-weather|Snowscape|[upkeep]\n|upkeep\n|\n|t:|1776271782\n|switch|p1a: Froslass|Froslass-Mega, L50, F|94/100\n|turn|5\n|\n|t:|1776271797\n|switch|p2b: Matilda|Tyranitar, L50, F|100/100\n|-weather|Sandstorm|[from] ability: Sand Stream|[of] p2b: Matilda\n|move|p2a: Terrance|Rock Slide|p1b: Garchomp|[spread] p1a,p1b\n|-supereffective|p1a: Froslass|1\n|-resisted|p1b: Garchomp|1\n|-damage|p1a: Froslass|20/100\n|-damage|p1b: Garchomp|90/100\n|move|p1a: Froslass|Aurora Veil||[still]\n|-fail|p1a: Froslass\n|move|p1b: Garchomp|Rock Slide|p2b: Matilda|[spread] p2b\n|-miss|p1b: Garchomp|p2a: Terrance\n|-damage|p2b: Matilda|86/100\n|\n|-weather|Sandstorm|[upkeep]\n|-damage|p1a: Froslass|13/100|[from] Sandstorm\n|upkeep\n|turn|6\n|-message|zjustus613 forfeited.\n|\n|win|shunosaurus\n|raw|zjustus613's rating: 1340 &rarr; <strong>1320</strong><br />(-20 for losing)\n|raw|shunosaurus's rating: 1335 &rarr; <strong>1355</strong><br />(+20 for winning)\n|l|\u2606zjustus613\n|player|p1|\n",
  "uploadtime": 1776271820,
  "views": 42,
  "formatid": "gen9championsvgc2026regma",
  "rating": 1320,
  "private": 0,
  "password": null
}