{
  "id": "gen9championsvgc2026regma-2584113988",
  "format": "[Gen 9 Champions] VGC 2026 Reg M-A",
  "players": [
    "viroxzyn",
    "chillzoroark"
  ],
  "log": "|j|\u2606viroxzyn\n|j|\u2606chillzoroark\n|t:|1776226646\n|gametype|doubles\n|player|p1|viroxzyn|veteran|1061\n|player|p2|chillzoroark|101|1000\n|gen|9\n|tier|[Gen 9 Champions] VGC 2026 Reg M-A\n|rated|\n|rule|Species Clause: Limit one of each Pok\u00e9mon\n|rule|Item Clause: Limit 1 of each item\n|clearpoke\n|poke|p1|Aggron, L50, M|\n|poke|p1|Archaludon, L50, M|\n|poke|p1|Sinistcha, L50|\n|poke|p1|Drampa, L50, M|\n|poke|p1|Politoed, L50, M|\n|poke|p1|Slowbro, L50, F|\n|poke|p2|Charizard, L50, M|\n|poke|p2|Venusaur, L50, M|\n|poke|p2|Aerodactyl, L50, M|\n|poke|p2|Alakazam, L50, F|\n|poke|p2|Azumarill, L50, M|\n|poke|p2|Sinistcha-Masterpiece, L50|\n|teampreview|4\n|\n|t:|1776226678\n|teamsize|p1|4\n|teamsize|p2|4\n|start\n|switch|p1a: Politoed|Politoed, L50, M|100/100\n|switch|p1b: Slowbro|Slowbro, L50, F|100/100\n|switch|p2a: Charizard|Charizard, L50, M|100/100\n|switch|p2b: Alakazam|Alakazam, L50, F|100/100\n|-weather|RainDance|[from] ability: Drizzle|[of] p1a: Politoed\n|turn|1\n|inactive|Battle timer is ON: inactive players will automatically lose when time's up. (requested by viroxzyn)\n|\n|t:|1776226705\n|detailschange|p2a: Charizard|Charizard-Mega-Y, L50, M\n|-mega|p2a: Charizard|Charizard|Charizardite Y\n|-weather|SunnyDay|[from] ability: Drought|[of] p2a: Charizard\n|move|p2b: Alakazam|Speed Swap|p2a: Charizard\n|-activate|p2b: Alakazam|move: Speed Swap|[of] p2a: Charizard\n|move|p2a: Charizard|Heat Wave|p1b: Slowbro|[spread] p1a,p1b\n|-resisted|p1a: Politoed|1\n|-resisted|p1b: Slowbro|1\n|-damage|p1a: Politoed|74/100\n|-damage|p1b: Slowbro|74/100\n|move|p1a: Politoed|Muddy Water|p2a: Charizard|[spread] p2a,p2b\n|-supereffective|p2a: Charizard|1\n|-damage|p2a: Charizard|82/100\n|-damage|p2b: Alakazam|88/100\n|-heal|p1a: Politoed|77/100|[from] item: Shell Bell|[of] p2b: Alakazam\n|move|p1b: Slowbro|Trick Room|p1b: Slowbro\n|-fieldstart|move: Trick Room|[of] p1b: Slowbro\n|\n|-weather|SunnyDay|[upkeep]\n|upkeep\n|turn|2\n|inactive|viroxzyn has 30 seconds left.\n|\n|t:|1776226733\n|switch|p1a: Sinistcha|Sinistcha, L50|100/100\n|-heal|p1b: Slowbro|99/100|[from] ability: Hospitality|[of] p1a: Sinistcha\n|move|p2a: Charizard|Protect|p2a: Charizard\n|-singleturn|p2a: Charizard|Protect\n|move|p1b: Slowbro|Heal Pulse|p1a: Sinistcha\n|-fail|p1a: Sinistcha|heal\n|move|p2b: Alakazam|Light Screen|p2b: Alakazam\n|-sidestart|p2: chillzoroark|move: Light Screen\n|\n|-weather|SunnyDay|[upkeep]\n|upkeep\n|turn|3\n|\n|t:|1776226754\n|switch|p1a: Politoed|Politoed, L50, M|77/100\n|-weather|RainDance|[from] ability: Drizzle|[of] p1a: Politoed\n|switch|p2a: Venusaur|Venusaur, L50, M|100/100\n|move|p1b: Slowbro|Scald|p2a: Venusaur\n|-resisted|p2a: Venusaur|1\n|-damage|p2a: Venusaur|86/100\n|move|p2b: Alakazam|Speed Swap|p1b: Slowbro\n|-activate|p2b: Alakazam|move: Speed Swap|[of] p1b: Slowbro\n|\n|-weather|RainDance|[upkeep]\n|upkeep\n|turn|4\n|inactive|chillzoroark has 30 seconds left.\n|\n|t:|1776226783\n|switch|p2b: Charizard|Charizard-Mega-Y, L50, M|82/100\n|-weather|SunnyDay|[from] ability: Drought|[of] p2b: Charizard\n|switch|p1b: Aggron|Aggron, L50, M|100/100\n|move|p1a: Politoed|Muddy Water|p2b: Charizard|[spread] p2a\n|-miss|p1a: Politoed|p2b: Charizard\n|-resisted|p2a: Venusaur|1\n|-damage|p2a: Venusaur|83/100\n|-unboost|p2a: Venusaur|accuracy|1\n|-heal|p1a: Politoed|78/100|[from] item: Shell Bell|[of] p2b: Charizard\n|move|p2a: Venusaur|Sleep Powder|p1b: Aggron\n|-status|p1b: Aggron|slp|[from] move: Sleep Powder\n|\n|-weather|SunnyDay|[upkeep]\n|upkeep\n|turn|5\n|\n|t:|1776226807\n|switch|p1b: Sinistcha|Sinistcha, L50|100/100\n|-heal|p1a: Politoed|100/100|[from] ability: Hospitality|[of] p1b: Sinistcha\n|switch|p1a: Slowbro|Slowbro, L50, F|100/100\n|move|p2b: Charizard|Heat Wave|p1b: Sinistcha|[spread] p1a,p1b\n|-resisted|p1a: Slowbro|1\n|-supereffective|p1b: Sinistcha|1\n|-damage|p1a: Slowbro|74/100\n|-damage|p1b: Sinistcha|0 fnt\n|faint|p1b: Sinistcha\n|move|p2a: Venusaur|Sleep Powder|p1a: Slowbro|[miss]\n|-miss|p2a: Venusaur|p1a: Slowbro\n|\n|-weather|SunnyDay|[upkeep]\n|-fieldend|move: Trick Room\n|upkeep\n|\n|t:|1776226822\n|switch|p1b: Politoed|Politoed, L50, M|100/100\n|-weather|RainDance|[from] ability: Drizzle|[of] p1b: Politoed\n|turn|6\n|\n|t:|1776226837\n|switch|p2b: Aerodactyl|Aerodactyl, L50, M|100/100\n|-ability|p2b: Aerodactyl|Unnerve\n|switch|p1b: Aggron|Aggron, L50, M|100/100 slp\n|move|p2a: Venusaur|Sleep Powder|p1b: Aggron\n|-fail|p1b: Aggron|slp\n|move|p1a: Slowbro|Trick Room|p1a: Slowbro\n|-fieldstart|move: Trick Room|[of] p1a: Slowbro\n|\n|-weather|RainDance|[upkeep]\n|-sideend|p2: chillzoroark|move: Light Screen\n|upkeep\n|turn|7\n|\n|t:|1776226856\n|detailschange|p1b: Aggron|Aggron-Mega, L50, M\n|-mega|p1b: Aggron|Aggron|Aggronite\n|move|p1a: Slowbro|Scald|p2b: Aerodactyl\n|-supereffective|p2b: Aerodactyl|1\n|-enditem|p2b: Aerodactyl|Focus Sash\n|-damage|p2b: Aerodactyl|1/100\n|-status|p2b: Aerodactyl|brn\n|cant|p1b: Aggron|slp\n|move|p2b: Aerodactyl|Rock Slide|p1b: Aggron|[spread] p1a,p1b\n|-resisted|p1b: Aggron|1\n|-crit|p1b: Aggron\n|-damage|p1a: Slowbro|63/100\n|-damage|p1b: Aggron|96/100 slp\n|move|p2a: Venusaur|Sleep Powder|p1a: Slowbro|[miss]\n|-miss|p2a: Venusaur|p1a: Slowbro\n|\n|-weather|RainDance|[upkeep]\n|-damage|p2b: Aerodactyl|0 fnt|[from] brn\n|faint|p2b: Aerodactyl\n|upkeep\n|inactive|chillzoroark has 30 seconds left.\n|\n|t:|1776226882\n|switch|p2b: Charizard|Charizard-Mega-Y, L50, M|82/100\n|-weather|SunnyDay|[from] ability: Drought|[of] p2b: Charizard\n|turn|8\n|\n|t:|1776226899\n|switch|p1b: Politoed|Politoed, L50, M|100/100\n|-weather|RainDance|[from] ability: Drizzle|[of] p1b: Politoed\n|switch|p2a: Alakazam|Alakazam, L50, F|88/100\n|move|p1a: Slowbro|Slack Off|p1a: Slowbro\n|-heal|p1a: Slowbro|100/100\n|move|p2b: Charizard|Air Slash|p1a: Slowbro\n|-damage|p1a: Slowbro|63/100\n|\n|-weather|RainDance|[upkeep]\n|upkeep\n|turn|9\n|\n|t:|1776226923\n|switch|p2b: Venusaur|Venusaur, L50, M|83/100\n|move|p1a: Slowbro|Scald|p2a: Alakazam\n|-damage|p2a: Alakazam|36/100\n|move|p1b: Politoed|Muddy Water|p2a: Alakazam|[spread] p2a\n|-miss|p1b: Politoed|p2b: Venusaur\n|-damage|p2a: Alakazam|0 fnt\n|faint|p2a: Alakazam\n|\n|-weather|RainDance|[upkeep]\n|upkeep\n|\n|t:|1776226935\n|switch|p2a: Charizard|Charizard-Mega-Y, L50, M|82/100\n|-weather|SunnyDay|[from] ability: Drought|[of] p2a: Charizard\n|turn|10\n|\n|t:|1776226950\n|switch|p1b: Aggron|Aggron-Mega, L50, M|96/100 slp\n|move|p1a: Slowbro|Slack Off|p1a: Slowbro\n|-heal|p1a: Slowbro|100/100\n|move|p2a: Charizard|Heat Wave|p1a: Slowbro|[spread] p1a,p1b\n|-resisted|p1a: Slowbro|1\n|-supereffective|p1b: Aggron|1\n|-damage|p1a: Slowbro|71/100\n|-damage|p1b: Aggron|0 fnt\n|faint|p1b: Aggron\n|move|p2b: Venusaur|Solar Beam||[still]\n|-prepare|p2b: Venusaur|Solar Beam\n|-anim|p2b: Venusaur|Solar Beam|p1a: Slowbro\n|-supereffective|p1a: Slowbro|1\n|-damage|p1a: Slowbro|0 fnt\n|faint|p1a: Slowbro\n|\n|-weather|SunnyDay|[upkeep]\n|-fieldend|move: Trick Room\n|upkeep\n|c|\u2606chillzoroark|gg\n|\n|t:|1776226965\n|switch|p1b: Politoed|Politoed, L50, M|100/100\n|-weather|RainDance|[from] ability: Drizzle|[of] p1b: Politoed\n|turn|11\n|\n|t:|1776226978\n|move|p2b: Venusaur|Solar Beam||[still]\n|-prepare|p2b: Venusaur|Solar Beam\n|move|p2a: Charizard|Air Slash|p1b: Politoed\n|-damage|p1b: Politoed|64/100\n|move|p1b: Politoed|Muddy Water|p2a: Charizard|[spread] p2a,p2b\n|-supereffective|p2a: Charizard|1\n|-resisted|p2b: Venusaur|1\n|-damage|p2a: Charizard|27/100\n|-damage|p2b: Venusaur|67/100\n|-unboost|p2b: Venusaur|accuracy|1\n|-heal|p1b: Politoed|71/100|[from] item: Shell Bell|[of] p2b: Venusaur\n|\n|-weather|RainDance|[upkeep]\n|upkeep\n|turn|12\n|\n|t:|1776226992\n|move|p1b: Politoed|Protect|p1b: Politoed\n|-singleturn|p1b: Politoed|Protect\n|move|p2b: Venusaur|Solar Beam|p1b: Politoed|[from] lockedmove\n|-activate|p1b: Politoed|move: Protect\n|move|p2a: Charizard|Air Slash|p1b: Politoed\n|-activate|p1b: Politoed|move: Protect\n|\n|-weather|RainDance|[upkeep]\n|upkeep\n|turn|13\n|\n|t:|1776227008\n|move|p2b: Venusaur|Solar Beam||[still]\n|-prepare|p2b: Venusaur|Solar Beam\n|move|p2a: Charizard|Air Slash|p1b: Politoed\n|-damage|p1b: Politoed|36/100\n|move|p1b: Politoed|Muddy Water|p2a: Charizard|[spread] p2a\n|-miss|p1b: Politoed|p2b: Venusaur\n|-supereffective|p2a: Charizard|1\n|-damage|p2a: Charizard|0 fnt\n|faint|p2a: Charizard\n|-heal|p1b: Politoed|38/100|[from] item: Shell Bell|[of] p2b: Venusaur\n|\n|-weather|RainDance|[upkeep]\n|upkeep\n|turn|14\n|\n|t:|1776227022\n|move|p1b: Politoed|Protect|p1b: Politoed\n|-singleturn|p1b: Politoed|Protect\n|move|p2b: Venusaur|Solar Beam|p1b: Politoed|[from] lockedmove\n|-activate|p1b: Politoed|move: Protect\n|\n|-weather|RainDance|[upkeep]\n|upkeep\n|turn|15\n|\n|t:|1776227037\n|move|p2b: Venusaur|Solar Beam||[still]\n|-prepare|p2b: Venusaur|Solar Beam\n|move|p1b: Politoed|Muddy Water|p2b: Venusaur\n|-resisted|p2b: Venusaur|1\n|-damage|p2b: Venusaur|45/100\n|-heal|p1b: Politoed|41/100|[from] item: Shell Bell|[of] p2b: Venusaur\n|\n|-weather|none\n|upkeep\n|turn|16\n|\n|t:|1776227045\n|move|p1b: Politoed|Protect|p1b: Politoed\n|-singleturn|p1b: Politoed|Protect\n|move|p2b: Venusaur|Solar Beam|p1b: Politoed|[from] lockedmove\n|-activate|p1b: Politoed|move: Protect\n|\n|upkeep\n|turn|17\n|\n|t:|1776227052\n|move|p2b: Venusaur|Solar Beam||[still]\n|-prepare|p2b: Venusaur|Solar Beam\n|move|p1b: Politoed|Muddy Water|p2b: Venusaur\n|-resisted|p2b: Venusaur|1\n|-damage|p2b: Venusaur|30/100\n|-heal|p1b: Politoed|42/100|[from] item: Shell Bell|[of] p2b: Venusaur\n|\n|upkeep\n|turn|18\n|\n|t:|1776227060\n|move|p1b: Politoed|Protect|p1b: Politoed\n|-singleturn|p1b: Politoed|Protect\n|move|p2b: Venusaur|Solar Beam|p1b: Politoed|[from] lockedmove\n|-activate|p1b: Politoed|move: Protect\n|\n|upkeep\n|turn|19\n|\n|t:|1776227068\n|move|p2b: Venusaur|Solar Beam||[still]\n|-prepare|p2b: Venusaur|Solar Beam\n|move|p1b: Politoed|Muddy Water|p2b: Venusaur\n|-resisted|p2b: Venusaur|1\n|-damage|p2b: Venusaur|15/100\n|-heal|p1b: Politoed|44/100|[from] item: Shell Bell|[of] p2b: Venusaur\n|\n|upkeep\n|turn|20\n|\n|t:|1776227075\n|move|p1b: Politoed|Protect|p1b: Politoed\n|-singleturn|p1b: Politoed|Protect\n|move|p2b: Venusaur|Solar Beam|p1b: Politoed|[from] lockedmove\n|-activate|p1b: Politoed|move: Protect\n|\n|upkeep\n|turn|21\n|\n|t:|1776227083\n|move|p2b: Venusaur|Solar Beam||[still]\n|-prepare|p2b: Venusaur|Solar Beam\n|move|p1b: Politoed|Muddy Water|p2b: Venusaur\n|-resisted|p2b: Venusaur|1\n|-damage|p2b: Venusaur|0 fnt\n|faint|p2b: Venusaur\n|-heal|p1b: Politoed|45/100|[from] item: Shell Bell|[of] p2: Venusaur\n|\n|win|viroxzyn\n|raw|viroxzyn's rating: 1061 &rarr; <strong>1086</strong><br />(+25 for winning)\n|raw|chillzoroark's rating: 1000 &rarr; <strong>1000</strong><br />(+0 for losing)\n|c|\u2606viroxzyn|ggwp\n|l|\u2606chillzoroark\n|player|p2|\n",
  "uploadtime": 1776227100,
  "views": 22,
  "formatid": "gen9championsvgc2026regma",
  "rating": 1000,
  "private": 0,
  "password": null
}