{
  "id": "gen9championsvgc2026regma-2581857131",
  "format": "[Gen 9 Champions] VGC 2026 Reg M-A",
  "players": [
    "yuriimon",
    "EshuMeow"
  ],
  "log": "|j|\u2606yuriimon\n|j|\u2606EshuMeow\n|t:|1776034175\n|gametype|doubles\n|player|p1|yuriimon|waitress-gen4|1083\n|player|p2|EshuMeow|waitress|1145\n|gen|9\n|tier|[Gen 9 Champions] VGC 2026 Reg M-A\n|rated|\n|rule|Species Clause: Limit one of each Pok\u00e9mon\n|rule|Item Clause: Limit 1 of each item\n|clearpoke\n|poke|p1|Feraligatr, L50, M|\n|poke|p1|Aerodactyl, L50, F|\n|poke|p1|Sneasler, L50, F|\n|poke|p1|Mimikyu, L50, F|\n|poke|p1|Camerupt, L50, M|\n|poke|p1|Kingambit, L50, M|\n|poke|p2|Basculegion, L50, M|\n|poke|p2|Pelipper, L50, M|\n|poke|p2|Sinistcha, L50|\n|poke|p2|Archaludon, L50, M|\n|poke|p2|Dragonite, L50, F|\n|poke|p2|Sneasler, L50, M|\n|teampreview|4\n|inactive|Battle timer is ON: inactive players will automatically lose when time's up. (requested by yuriimon)\nEshuMeow rejected open team sheets.\n|inactive|EshuMeow has 60 seconds left.\n|\n|t:|1776034213\n|teamsize|p1|4\n|teamsize|p2|4\n|start\n|switch|p1a: Sneasler|Sneasler, L50, F|100/100\n|switch|p1b: Mimikyu|Mimikyu, L50, F|100/100\n|switch|p2a: Paco|Pelipper, L50, M|100/100\n|switch|p2b: Basculegion|Basculegion, L50, M|100/100\n|-weather|RainDance|[from] ability: Drizzle|[of] p2a: Paco\n|turn|1\n|inactive|EshuMeow has 30 seconds left.\n|inactive|EshuMeow has 20 seconds left.\n|inactive|EshuMeow has 15 seconds left.\n|inactive|EshuMeow has 10 seconds left.\n|\n|t:|1776034259\n|switch|p2a: Dragonite|Dragonite, L50, F|100/100\n|move|p1a: Sneasler|Fake Out|p2a: Dragonite\n|-damage|p2a: Dragonite|92/100\n|move|p2b: Basculegion|Wave Crash|p1a: Sneasler\n|-crit|p1a: Sneasler\n|-enditem|p1a: Sneasler|Focus Sash\n|-damage|p1a: Sneasler|1/100\n|-damage|p2b: Basculegion|74/100|[from] Recoil\n|move|p1b: Mimikyu|Trick Room|p1b: Mimikyu\n|-fieldstart|move: Trick Room|[of] p1b: Mimikyu\n|\n|-weather|RainDance|[upkeep]\n|upkeep\n|turn|2\n|inactive|EshuMeow has 30 seconds left.\n|inactive|EshuMeow has 20 seconds left.\n|inactive|EshuMeow has 15 seconds left.\n|inactive|EshuMeow has 10 seconds left.\n|inactive|EshuMeow has 5 seconds left.\n|\n|t:|1776034309\n|detailschange|p2a: Dragonite|Dragonite-Mega, L50, F\n|-mega|p2a: Dragonite|Dragonite|Dragoninite\n|move|p2a: Dragonite|Protect|p2a: Dragonite\n|-singleturn|p2a: Dragonite|Protect\n|move|p2b: Basculegion|Aqua Jet|p1a: Sneasler\n|-damage|p1a: Sneasler|0 fnt\n|faint|p1a: Sneasler\n|move|p1b: Mimikyu|Play Rough|p2a: Dragonite\n|-activate|p2a: Dragonite|move: Protect\n|\n|-weather|RainDance|[upkeep]\n|upkeep\n|\n|t:|1776034326\n|switch|p1a: Feraligatr|Feraligatr, L50, M|100/100\n|turn|3\n|inactive|EshuMeow has 30 seconds left.\n|\n|t:|1776034354\n|switch|p2a: Paco|Pelipper, L50, M|100/100\n|detailschange|p1a: Feraligatr|Feraligatr-Mega, L50, M\n|-mega|p1a: Feraligatr|Feraligatr|Feraligite\n|move|p2b: Basculegion|Protect|p2b: Basculegion\n|-singleturn|p2b: Basculegion|Protect\n|move|p1b: Mimikyu|Shadow Sneak|p2b: Basculegion\n|-activate|p2b: Basculegion|move: Protect\n|move|p1a: Feraligatr|Double-Edge|p2a: Paco\n|-enditem|p2a: Paco|Focus Sash\n|-damage|p2a: Paco|1/100\n|-damage|p1a: Feraligatr|72/100|[from] Recoil\n|\n|-weather|RainDance|[upkeep]\n|upkeep\n|turn|4\n|inactive|EshuMeow has 30 seconds left.\n|inactive|EshuMeow has 20 seconds left.\n|inactive|EshuMeow has 15 seconds left.\n|inactive|EshuMeow has 10 seconds left.\n|inactive|EshuMeow has 5 seconds left.\n|\n|t:|1776034407\n|move|p1b: Mimikyu|Shadow Sneak|p2a: Paco\n|-damage|p2a: Paco|0 fnt\n|faint|p2a: Paco\n|move|p2b: Basculegion|Aqua Jet|p1b: Mimikyu\n|-activate|p1b: Mimikyu|ability: Disguise\n|-damage|p1b: Mimikyu|100/100\n|detailschange|p1b: Mimikyu|Mimikyu-Busted, L50, F\n|-damage|p1b: Mimikyu|88/100|[from] pokemon: Mimikyu-Busted\n|move|p1a: Feraligatr|Double-Edge|p2b: Basculegion\n|-damage|p2b: Basculegion|0 fnt\n|faint|p2b: Basculegion\n|-damage|p1a: Feraligatr|42/100|[from] Recoil\n|\n|-weather|RainDance|[upkeep]\n|upkeep\n|\n|t:|1776034422\n|switch|p2a: Dragonite|Dragonite-Mega, L50, F|92/100\n|switch|p2b: Chu|Sneasler, L50, M|100/100\n|turn|5\n|inactive|EshuMeow has 30 seconds left.\n|inactive|EshuMeow has 20 seconds left.\n|inactive|EshuMeow has 15 seconds left.\n|\n|t:|1776034465\n|move|p2b: Chu|Fake Out|p1a: Feraligatr\n|-damage|p1a: Feraligatr|29/100\n|cant|p1a: Feraligatr|flinch\n|move|p1b: Mimikyu|Play Rough|p2a: Dragonite\n|-supereffective|p2a: Dragonite|1\n|-damage|p2a: Dragonite|17/100\n|move|p2a: Dragonite|Hurricane|p1b: Mimikyu\n|-damage|p1b: Mimikyu|19/100\n|\n|-weather|none\n|-fieldend|move: Trick Room\n|upkeep\n|turn|6\n|inactive|EshuMeow has 30 seconds left.\n|\n|t:|1776034492\n|move|p1a: Feraligatr|Protect|p1a: Feraligatr\n|-singleturn|p1a: Feraligatr|Protect\n|move|p1b: Mimikyu|Shadow Sneak|p2b: Chu\n|-damage|p2b: Chu|74/100\n|move|p2b: Chu|Throat Chop|p1b: Mimikyu\n|-damage|p1b: Mimikyu|0 fnt\n|faint|p1b: Mimikyu\n|move|p2a: Dragonite|Dragon Pulse|p1a: Feraligatr\n|-activate|p1a: Feraligatr|move: Protect\n|\n|upkeep\n|\n|t:|1776034500\n|switch|p1b: Kingambit|Kingambit, L50, M|100/100\n|turn|7\n|\n|t:|1776034517\n|move|p1b: Kingambit|Sucker Punch|p2a: Dragonite\n|-damage|p2a: Dragonite|0 fnt\n|faint|p2a: Dragonite\n|move|p2b: Chu|Close Combat|p1b: Kingambit\n|-supereffective|p1b: Kingambit|2\n|-enditem|p1b: Kingambit|Chople Berry|[eat]\n|-enditem|p1b: Kingambit|Chople Berry|[weaken]\n|-damage|p1b: Kingambit|0 fnt\n|-unboost|p2b: Chu|def|1\n|-unboost|p2b: Chu|spd|1\n|faint|p1b: Kingambit\n|-enditem|p2b: Chu|White Herb\n|-clearnegativeboost|p2b: Chu|[silent]\n|move|p1a: Feraligatr|Liquidation|p2b: Chu\n|-damage|p2b: Chu|0 fnt\n|faint|p2b: Chu\n|\n|win|yuriimon\n|raw|yuriimon's rating: 1083 &rarr; <strong>1115</strong><br />(+32 for winning)\n|raw|EshuMeow's rating: 1145 &rarr; <strong>1116</strong><br />(-29 for losing)\n|c|\u2606yuriimon|gg\n|c|\u2606EshuMeow|gg\n|l|\u2606EshuMeow\n|player|p2|\n",
  "uploadtime": 1776034535,
  "views": 16,
  "formatid": "gen9championsvgc2026regma",
  "rating": 1115,
  "private": 0,
  "password": null
}