{
  "id": "gen9championsvgc2026regma-2583685056",
  "format": "[Gen 9 Champions] VGC 2026 Reg M-A",
  "players": [
    "MersusNoctus",
    "Talon239"
  ],
  "log": "|j|\u2606MersusNoctus\n|j|\u2606Talon239\n|t:|1776190920\n|gametype|doubles\n|player|p1|MersusNoctus|silver|1159\n|player|p2|Talon239|169|1086\n|gen|9\n|tier|[Gen 9 Champions] VGC 2026 Reg M-A\n|rated|\n|rule|Species Clause: Limit one of each Pok\u00e9mon\n|rule|Item Clause: Limit 1 of each item\n|clearpoke\n|poke|p1|Pelipper, L50, M|\n|poke|p1|Skarmory, L50, M|\n|poke|p1|Archaludon, L50, F|\n|poke|p1|Delphox, L50, F|\n|poke|p1|Heliolisk, L50, F|\n|poke|p1|Gourgeist-*, L50, F|\n|poke|p2|Aerodactyl, L50, F|\n|poke|p2|Heliolisk, L50, F|\n|poke|p2|Tyranitar, L50, M|\n|poke|p2|Excadrill, L50, M|\n|poke|p2|Talonflame, L50, F|\n|poke|p2|Feraligatr, L50, F|\n|teampreview|4\n|\n|t:|1776190952\n|teamsize|p1|4\n|teamsize|p2|4\n|start\n|switch|p1a: Gourgeist|Gourgeist-Super, L50, F, shiny|100/100\n|switch|p1b: Skarmory|Skarmory, L50, M|100/100\n|switch|p2a: Aerodactyl|Aerodactyl, L50, F|100/100\n|switch|p2b: Tyranitar|Tyranitar, L50, M|100/100\n|-ability|p2a: Aerodactyl|Unnerve\n|-weather|Sandstorm|[from] ability: Sand Stream|[of] p2b: Tyranitar\n|turn|1\n|\n|t:|1776190992\n|move|p1a: Gourgeist|Ally Switch|p1a: Gourgeist\n|swap|p1a: Gourgeist|1|[from] move: Ally Switch\n|move|p2a: Aerodactyl|Dual Wingbeat|p1a: Skarmory\n|-resisted|p1a: Skarmory|1\n|-damage|p1a: Skarmory|93/100\n|-ability|p1a: Skarmory|Weak Armor|boost\n|-unboost|p1a: Skarmory|def|1\n|-boost|p1a: Skarmory|spe|2\n|-resisted|p1a: Skarmory|1\n|-damage|p1a: Skarmory|82/100\n|-ability|p1a: Skarmory|Weak Armor|boost\n|-unboost|p1a: Skarmory|def|1\n|-boost|p1a: Skarmory|spe|2\n|-hitcount|p1a: Skarmory|2\n|move|p1a: Skarmory|Swords Dance|p1a: Skarmory\n|-boost|p1a: Skarmory|atk|2\n|move|p2b: Tyranitar|Rock Slide|p1b: Gourgeist|[spread] p1a,p1b\n|-damage|p1a: Skarmory|27/100\n|-damage|p1b: Gourgeist|78/100\n|-ability|p1a: Skarmory|Weak Armor|boost\n|-unboost|p1a: Skarmory|def|1\n|-boost|p1a: Skarmory|spe|2\n|\n|-weather|Sandstorm|[upkeep]\n|-damage|p1b: Gourgeist|72/100|[from] Sandstorm\n|upkeep\n|turn|2\n|\n|t:|1776191026\n|detailschange|p1a: Skarmory|Skarmory-Mega, L50, M\n|-mega|p1a: Skarmory|Skarmory|Skarmorite\n|move|p1a: Skarmory|Iron Head|p2a: Aerodactyl\n|-supereffective|p2a: Aerodactyl|1\n|-enditem|p2a: Aerodactyl|Focus Sash\n|-damage|p2a: Aerodactyl|1/100\n|move|p2a: Aerodactyl|Tailwind|p2a: Aerodactyl\n|-sidestart|p2: Talon239|move: Tailwind\n|move|p2b: Tyranitar|Rock Slide|p1a: Skarmory|[spread] p1a,p1b\n|-damage|p1a: Skarmory|0 fnt\n|-damage|p1b: Gourgeist|49/100\n|faint|p1a: Skarmory\n|move|p1b: Gourgeist|Power Whip|p2b: Tyranitar\n|-supereffective|p2b: Tyranitar|1\n|-damage|p2b: Tyranitar|22/100\n|\n|-weather|Sandstorm|[upkeep]\n|-damage|p1b: Gourgeist|43/100|[from] Sandstorm\n|upkeep\n|\n|t:|1776191043\n|switch|p1a: Pelipper|Pelipper, L50, M|100/100\n|-weather|RainDance|[from] ability: Drizzle|[of] p1a: Pelipper\n|turn|3\n|\n|t:|1776191049\n|move|p2a: Aerodactyl|Sandstorm|p2a: Aerodactyl\n|-weather|Sandstorm\n|move|p2b: Tyranitar|Rock Slide|p1a: Pelipper|[spread] p1a\n|-miss|p2b: Tyranitar|p1b: Gourgeist\n|-supereffective|p1a: Pelipper|1\n|-damage|p1a: Pelipper|39/100\n|move|p1a: Pelipper|Weather Ball|p2b: Tyranitar\n|-damage|p2b: Tyranitar|6/100\n|move|p1b: Gourgeist|Trick Room|p1b: Gourgeist\n|-fieldstart|move: Trick Room|[of] p1b: Gourgeist\n|\n|-weather|Sandstorm|[upkeep]\n|-damage|p1b: Gourgeist|37/100|[from] Sandstorm\n|-damage|p1a: Pelipper|33/100|[from] Sandstorm\n|upkeep\n|turn|4\n|\n|t:|1776191077\n|switch|p1a: Archaludon|Archaludon, L50, F|100/100\n|move|p2b: Tyranitar|Protect|p2b: Tyranitar\n|-singleturn|p2b: Tyranitar|Protect\n|move|p1b: Gourgeist|Power Whip|p2a: Aerodactyl|[miss]\n|-miss|p1b: Gourgeist|p2a: Aerodactyl\n|move|p2a: Aerodactyl|Rock Slide|p1b: Gourgeist|[spread] p1a,p1b\n|-resisted|p1a: Archaludon|1\n|-damage|p1a: Archaludon|90/100\n|-damage|p1b: Gourgeist|18/100\n|-ability|p1a: Archaludon|Stamina|boost\n|-boost|p1a: Archaludon|def|1\n|\n|-weather|Sandstorm|[upkeep]\n|-damage|p1b: Gourgeist|12/100|[from] Sandstorm\n|-heal|p1a: Archaludon|96/100|[from] item: Leftovers\n|upkeep\n|turn|5\n|\n|t:|1776191107\n|move|p1b: Gourgeist|Poltergeist|p2b: Tyranitar\n|-activate|p2b: Tyranitar|move: Poltergeist|Passho Berry\n|-resisted|p2b: Tyranitar|1\n|-damage|p2b: Tyranitar|0 fnt\n|faint|p2b: Tyranitar\n|move|p1a: Archaludon|Aura Sphere|p2a: Aerodactyl\n|-damage|p2a: Aerodactyl|0 fnt\n|faint|p2a: Aerodactyl\n|\n|-weather|Sandstorm|[upkeep]\n|-damage|p1b: Gourgeist|6/100|[from] Sandstorm\n|-heal|p1a: Archaludon|100/100|[from] item: Leftovers\n|-sideend|p2: Talon239|move: Tailwind\n|upkeep\n|\n|t:|1776191122\n|switch|p2b: Feraligatr|Feraligatr, L50, F|100/100\n|switch|p2a: Excadrill|Excadrill, L50, M|100/100\n|turn|6\n|l|\u2606MersusNoctus\n|player|p1|\n|inactive|Battle timer is ON: inactive players will automatically lose when time's up. (requested by Talon239)\n|j|\u2606MersusNoctus\n|inactive|MersusNoctus reconnected and has 85 seconds left.\n|player|p1|MersusNoctus|silver|\n|\n|t:|1776191184\n|switch|p1b: Pelipper|Pelipper, L50, M|33/100\n|-weather|RainDance|[from] ability: Drizzle|[of] p1b: Pelipper\n|detailschange|p2b: Feraligatr|Feraligatr-Mega, L50, F\n|-mega|p2b: Feraligatr|Feraligatr|Feraligite\n|move|p2a: Excadrill|Protect|p2a: Excadrill\n|-singleturn|p2a: Excadrill|Protect\n|move|p1a: Archaludon|Electro Shot||[still]\n|-prepare|p1a: Archaludon|Electro Shot\n|-boost|p1a: Archaludon|spa|1\n|-anim|p1a: Archaludon|Electro Shot|p2b: Feraligatr\n|-damage|p2b: Feraligatr|36/100\n|move|p2b: Feraligatr|Body Slam|p1a: Archaludon\n|-damage|p1a: Archaludon|66/100\n|-status|p1a: Archaludon|par\n|-ability|p1a: Archaludon|Stamina|boost\n|-boost|p1a: Archaludon|def|1\n|\n|-weather|RainDance|[upkeep]\n|-heal|p1a: Archaludon|73/100 par|[from] item: Leftovers\n|upkeep\n|turn|7\n|inactive|MersusNoctus has 30 seconds left.\n|inactive|MersusNoctus has 20 seconds left.\n|inactive|MersusNoctus has 15 seconds left.\n|inactive|MersusNoctus has 10 seconds left.\n|inactive|MersusNoctus has 5 seconds left.\n|\n|t:|1776191239\n|move|p2b: Feraligatr|Protect|p2b: Feraligatr\n|-singleturn|p2b: Feraligatr|Protect\n|move|p1a: Archaludon|Electro Shot||[still]\n|-prepare|p1a: Archaludon|Electro Shot\n|-boost|p1a: Archaludon|spa|1\n|-anim|p1a: Archaludon|Electro Shot|p2b: Feraligatr\n|-activate|p2b: Feraligatr|move: Protect\n|move|p1b: Pelipper|Tailwind|p1b: Pelipper\n|-sidestart|p1: MersusNoctus|move: Tailwind\n|move|p2a: Excadrill|Rock Slide|p1a: Archaludon|[spread] p1a,p1b\n|-resisted|p1a: Archaludon|1\n|-crit|p1a: Archaludon\n|-supereffective|p1b: Pelipper|1\n|-damage|p1a: Archaludon|61/100 par\n|-damage|p1b: Pelipper|0 fnt\n|-ability|p1a: Archaludon|Stamina|boost\n|-boost|p1a: Archaludon|def|1\n|faint|p1b: Pelipper\n|\n|-weather|RainDance|[upkeep]\n|-heal|p1a: Archaludon|68/100 par|[from] item: Leftovers\n|-fieldend|move: Trick Room\n|upkeep\n|\n|t:|1776191258\n|switch|p1b: Gourgeist|Gourgeist-Super, L50, F, shiny|6/100\n|turn|8\n|\n|t:|1776191275\n|move|p1b: Gourgeist|Ally Switch|p1b: Gourgeist\n|swap|p1b: Gourgeist|0|[from] move: Ally Switch\n|move|p2a: Excadrill|Rock Slide|p1a: Gourgeist|[spread] p1a,p1b\n|-resisted|p1b: Archaludon|1\n|-damage|p1a: Gourgeist|0 fnt\n|-damage|p1b: Archaludon|64/100 par\n|-ability|p1b: Archaludon|Stamina|boost\n|-boost|p1b: Archaludon|def|1\n|faint|p1a: Gourgeist\n|move|p2b: Feraligatr|Body Slam|p1b: Archaludon\n|-damage|p1b: Archaludon|48/100 par\n|-ability|p1b: Archaludon|Stamina|boost\n|-boost|p1b: Archaludon|def|1\n|move|p1b: Archaludon|Aura Sphere|p2a: Excadrill\n|-supereffective|p2a: Excadrill|1\n|-damage|p2a: Excadrill|0 fnt\n|faint|p2a: Excadrill\n|\n|-weather|RainDance|[upkeep]\n|-heal|p1b: Archaludon|54/100 par|[from] item: Leftovers\n|upkeep\n|turn|9\n|inactive|Talon239 has 30 seconds left.\n|\n|t:|1776191305\n|move|p2b: Feraligatr|Liquidation|p1b: Archaludon\n|-resisted|p1b: Archaludon|1\n|-damage|p1b: Archaludon|46/100 par\n|-ability|p1b: Archaludon|Stamina|boost\n|-boost|p1b: Archaludon|def|1\n|move|p1b: Archaludon|Electro Shot||[still]\n|-prepare|p1b: Archaludon|Electro Shot\n|-boost|p1b: Archaludon|spa|1\n|-anim|p1b: Archaludon|Electro Shot|p2b: Feraligatr\n|-damage|p2b: Feraligatr|0 fnt\n|faint|p2b: Feraligatr\n|\n|win|MersusNoctus\n|raw|MersusNoctus's rating: 1159 &rarr; <strong>1179</strong><br />(+20 for winning)\n|raw|Talon239's rating: 1086 &rarr; <strong>1068</strong><br />(-18 for losing)\n",
  "uploadtime": 1776191311,
  "views": 18,
  "formatid": "gen9championsvgc2026regma",
  "rating": 1068,
  "private": 0,
  "password": null
}