{
  "id": "gen9championsvgc2026regma-2588403687",
  "format": "[Gen 9 Champions] VGC 2026 Reg M-A",
  "players": [
    "sirae",
    "RillaZardCJM"
  ],
  "log": "|j|\u2606sirae\n|j|\u2606RillaZardCJM\n|t:|1776630620\n|gametype|doubles\n|player|p1|sirae|caitlin|1109\n|player|p2|RillaZardCJM|101|1079\n|gen|9\n|tier|[Gen 9 Champions] VGC 2026 Reg M-A\n|rated|\n|rule|Species Clause: Limit one of each Pok\u00e9mon\n|rule|Item Clause: Limit 1 of each item\n|clearpoke\n|poke|p1|Feraligatr, L50, F|\n|poke|p1|Farigiraf, L50, F|\n|poke|p1|Aegislash, L50, F|\n|poke|p1|Incineroar, L50, F|\n|poke|p1|Toxicroak, L50, F|\n|poke|p1|Sylveon, L50, F|\n|poke|p2|Charizard, L50, M|\n|poke|p2|Aerodactyl, L50, M|\n|poke|p2|Garchomp, L50, F|\n|poke|p2|Sneasler, L50, M|\n|poke|p2|Venusaur, L50, M|\n|poke|p2|Rotom-Wash, L50|\n|teampreview|4\n|inactive|Battle timer is ON: inactive players will automatically lose when time's up. (requested by sirae)\n|inactive|RillaZardCJM has 60 seconds left.\n|\n|t:|1776630662\n|teamsize|p1|4\n|teamsize|p2|4\n|start\n|switch|p1a: Toxicroak|Toxicroak, L50, F|100/100\n|switch|p1b: Feraligatr|Feraligatr, L50, F|100/100\n|switch|p2a: Pietry|Aerodactyl, L50, M|100/100\n|switch|p2b: Big Planty|Venusaur, L50, M|100/100\n|-ability|p2a: Pietry|Unnerve\n|turn|1\n|\n|t:|1776630680\n|detailschange|p1b: Feraligatr|Feraligatr-Mega, L50, F\n|-mega|p1b: Feraligatr|Feraligatr|Feraligite\n|move|p1a: Toxicroak|Fake Out|p2b: Big Planty\n|-damage|p2b: Big Planty|90/100\n|-immune|p2b: Big Planty\n|move|p2a: Pietry|Dual Wingbeat|p1a: Toxicroak\n|-supereffective|p1a: Toxicroak|1\n|-damage|p1a: Toxicroak|63/100\n|-supereffective|p1a: Toxicroak|1\n|-damage|p1a: Toxicroak|23/100\n|-hitcount|p1a: Toxicroak|2\n|cant|p2b: Big Planty|flinch\n|move|p1b: Feraligatr|Body Slam|p2b: Big Planty\n|-damage|p2b: Big Planty|30/100\n|-enditem|p2b: Big Planty|Sitrus Berry|[eat]\n|-heal|p2b: Big Planty|54/100|[from] item: Sitrus Berry\n|\n|upkeep\n|turn|2\n|inactive|sirae has 30 seconds left.\n|inactive|RillaZardCJM has 30 seconds left.\n|\n|t:|1776630708\n|switch|p1a: Incineroar|Incineroar, L50, F|100/100\n|-ability|p1a: Incineroar|Intimidate|boost\n|-unboost|p2a: Pietry|atk|1\n|-unboost|p2b: Big Planty|atk|1\n|move|p1b: Feraligatr|Protect|p1b: Feraligatr\n|-singleturn|p1b: Feraligatr|Protect\n|move|p2a: Pietry|Dual Wingbeat|p1a: Incineroar\n|-damage|p1a: Incineroar|90/100\n|-damage|p1a: Incineroar|77/100\n|-hitcount|p1a: Incineroar|2\n|move|p2b: Big Planty|Sleep Powder|p1b: Feraligatr\n|-activate|p1b: Feraligatr|move: Protect\n|\n|upkeep\n|turn|3\n|inactive|RillaZardCJM has 30 seconds left.\n|\n|t:|1776630734\n|move|p2b: Big Planty|Protect|p2b: Big Planty\n|-singleturn|p2b: Big Planty|Protect\n|move|p1a: Incineroar|Fake Out|p2a: Pietry\n|-resisted|p2a: Pietry|1\n|-damage|p2a: Pietry|91/100\n|cant|p2a: Pietry|flinch\n|move|p1b: Feraligatr|Liquidation|p2a: Pietry\n|-supereffective|p2a: Pietry|1\n|-damage|p2a: Pietry|0 fnt\n|faint|p2a: Pietry\n|\n|upkeep\n|\n|t:|1776630754\n|switch|p2a: Nom-Nom|Garchomp, L50, F|100/100\n|turn|4\n|\n|t:|1776630764\n|move|p1b: Feraligatr|Protect|p1b: Feraligatr\n|-singleturn|p1b: Feraligatr|Protect\n|move|p2a: Nom-Nom|Iron Head|p1b: Feraligatr\n|-activate|p1b: Feraligatr|move: Protect\n|move|p2b: Big Planty|Sleep Powder|p1a: Incineroar\n|-status|p1a: Incineroar|slp|[from] move: Sleep Powder\n|cant|p1a: Incineroar|slp\n|\n|upkeep\n|turn|5\n|\n|t:|1776630780\n|move|p2a: Nom-Nom|Iron Head|p1a: Incineroar\n|-resisted|p1a: Incineroar|1\n|-damage|p1a: Incineroar|64/100 slp\n|move|p2b: Big Planty|Sleep Powder|p1b: Feraligatr|[miss]\n|-miss|p2b: Big Planty|p1b: Feraligatr\n|cant|p1a: Incineroar|slp\n|move|p1b: Feraligatr|Body Slam|p2a: Nom-Nom\n|-supereffective|p2a: Nom-Nom|1\n|-damage|p2a: Nom-Nom|0 fnt\n|-damage|p1b: Feraligatr|88/100|[from] ability: Rough Skin|[of] p2a: Nom-Nom\n|faint|p2a: Nom-Nom\n|\n|upkeep\n|\n|t:|1776630794\n|switch|p2a: Achoo|Sneasler, L50, M|100/100\n|turn|6\n|\n|t:|1776630813\n|move|p2a: Achoo|Dire Claw|p1a: Incineroar\n|-damage|p1a: Incineroar|25/100 slp\n|-enditem|p1a: Incineroar|Sitrus Berry|[eat]\n|-heal|p1a: Incineroar|50/100 slp|[from] item: Sitrus Berry\n|move|p2b: Big Planty|Sleep Powder|p1b: Feraligatr|[miss]\n|-miss|p2b: Big Planty|p1b: Feraligatr\n|-curestatus|p1a: Incineroar|slp|[msg]\n|move|p1a: Incineroar|Flare Blitz|p2b: Big Planty\n|-supereffective|p2b: Big Planty|1\n|-damage|p2b: Big Planty|0 fnt\n|faint|p2b: Big Planty\n|-damage|p1a: Incineroar|35/100|[from] Recoil\n|move|p1b: Feraligatr|Body Slam|p2a: Achoo\n|-damage|p2a: Achoo|1/100\n|\n|upkeep\n|turn|7\n|-message|RillaZardCJM forfeited.\n|\n|win|sirae\n|raw|sirae's rating: 1109 &rarr; <strong>1132</strong><br />(+23 for winning)\n|raw|RillaZardCJM's rating: 1079 &rarr; <strong>1059</strong><br />(-20 for losing)\n|l|\u2606RillaZardCJM\n|player|p2|\n",
  "uploadtime": 1776630831,
  "views": 15,
  "formatid": "gen9championsvgc2026regma",
  "rating": 1059,
  "private": 0,
  "password": null
}