{
  "id": "gen9championsvgc2026regma-2584727068",
  "format": "[Gen 9 Champions] VGC 2026 Reg M-A",
  "players": [
    "CaptainCrescendo",
    "Palmeirinthianense"
  ],
  "log": "|j|\u2606CaptainCrescendo\n|j|\u2606Palmeirinthianense\n|t:|1776279398\n|gametype|doubles\n|player|p1|CaptainCrescendo|hiker|1115\n|player|p2|Palmeirinthianense|swimmer-gen4dp|1189\n|gen|9\n|tier|[Gen 9 Champions] VGC 2026 Reg M-A\n|rated|\n|rule|Species Clause: Limit one of each Pok\u00e9mon\n|rule|Item Clause: Limit 1 of each item\n|clearpoke\n|poke|p1|Aggron, L50, M|\n|poke|p1|Tyranitar, L50, M|\n|poke|p1|Rotom-Wash, L50|\n|poke|p1|Incineroar, L50, F|\n|poke|p1|Sinistcha, L50|\n|poke|p1|Oranguru, L50, M|\n|poke|p2|Kangaskhan, L50, F|\n|poke|p2|Incineroar, L50, M|\n|poke|p2|Milotic, L50, F|\n|poke|p2|Sneasler, L50, M|\n|poke|p2|Floette-Eternal, L50, F|\n|poke|p2|Sinistcha, L50|\n|teampreview|4\n|inactive|Battle timer is ON: inactive players will automatically lose when time's up. (requested by Palmeirinthianense)\n|\n|t:|1776279428\n|teamsize|p1|4\n|teamsize|p2|4\n|start\n|switch|p1a: Incineroar|Incineroar, L50, F|100/100\n|switch|p1b: Uktabi Shaman|Oranguru, L50, M|100/100\n|switch|p2a: Kangaskhan|Kangaskhan, L50, F|100/100\n|switch|p2b: Milotic|Milotic, L50, F, shiny|100/100\n|-ability|p1a: Incineroar|Intimidate|boost\n|-fail|p2a: Kangaskhan|unboost|Attack|[from] ability: Scrappy|[of] p2a: Kangaskhan\n|-unboost|p2b: Milotic|atk|1\n|-ability|p2b: Milotic|Competitive|boost\n|-boost|p2b: Milotic|spa|2\n|turn|1\n|inactive|Palmeirinthianense has 30 seconds left.\n|\n|t:|1776279459\n|move|p1a: Incineroar|Fake Out|p2b: Milotic\n|-damage|p2b: Milotic|90/100\n|move|p2a: Kangaskhan|Bite|p1b: Uktabi Shaman\n|-supereffective|p1b: Uktabi Shaman|1\n|-enditem|p1b: Uktabi Shaman|Colbur Berry|[eat]\n|-enditem|p1b: Uktabi Shaman|Colbur Berry|[weaken]\n|-damage|p1b: Uktabi Shaman|86/100\n|cant|p2b: Milotic|flinch\n|move|p1b: Uktabi Shaman|Trick Room|p1b: Uktabi Shaman\n|-fieldstart|move: Trick Room|[of] p1b: Uktabi Shaman\n|\n|-heal|p2b: Milotic|96/100|[from] item: Leftovers\n|upkeep\n|turn|2\n|\n|t:|1776279481\n|switch|p2a: Incineroar|Incineroar, L50, M, shiny|100/100\n|-ability|p2a: Incineroar|Intimidate|boost\n|-unboost|p1a: Incineroar|atk|1\n|-fail|p1b: Uktabi Shaman|unboost|Attack|[from] ability: Inner Focus|[of] p1b: Uktabi Shaman\n|-enditem|p1a: Incineroar|White Herb\n|-clearnegativeboost|p1a: Incineroar|[silent]\n|move|p1a: Incineroar|Parting Shot|p2a: Incineroar\n|-unboost|p2a: Incineroar|atk|1\n|-unboost|p2a: Incineroar|spa|1\n|\n|t:|1776279490\n|switch|p1a: Sinistcha|Sinistcha, L50|100/100|[from] Parting Shot\n|-heal|p1b: Uktabi Shaman|100/100|[from] ability: Hospitality|[of] p1a: Sinistcha\n|move|p1b: Uktabi Shaman|Calm Mind|p1b: Uktabi Shaman\n|-boost|p1b: Uktabi Shaman|spa|1\n|-boost|p1b: Uktabi Shaman|spd|1\n|move|p2b: Milotic|Scald|p1a: Sinistcha\n|-resisted|p1a: Sinistcha|1\n|-damage|p1a: Sinistcha|59/100\n|\n|-heal|p2b: Milotic|100/100|[from] item: Leftovers\n|upkeep\n|turn|3\n|\n|t:|1776279509\n|move|p2b: Milotic|Protect|p2b: Milotic\n|-singleturn|p2b: Milotic|Protect\n|move|p1a: Sinistcha|Matcha Gotcha|p2a: Incineroar|[spread] p2a\n|-activate|p2b: Milotic|move: Protect\n|-resisted|p2a: Incineroar|1\n|-damage|p2a: Incineroar|89/100\n|-heal|p1a: Sinistcha|68/100|[from] drain|[of] p2a: Incineroar\n|move|p1b: Uktabi Shaman|Hyper Voice|p2a: Incineroar|[spread] p2a\n|-activate|p2b: Milotic|move: Protect\n|-damage|p2a: Incineroar|54/100\n|move|p2a: Incineroar|Parting Shot|p1b: Uktabi Shaman\n|-unboost|p1b: Uktabi Shaman|atk|1\n|-unboost|p1b: Uktabi Shaman|spa|1\n|\n|t:|1776279530\n|switch|p2a: Sinistcha|Sinistcha, L50|100/100|[from] Parting Shot\n|\n|upkeep\n|turn|4\n|\n|t:|1776279545\n|move|p1a: Sinistcha|Matcha Gotcha|p2a: Sinistcha|[spread] p2a,p2b\n|-resisted|p2a: Sinistcha|1\n|-supereffective|p2b: Milotic|1\n|-damage|p2a: Sinistcha|86/100\n|-heal|p1a: Sinistcha|77/100|[from] drain|[of] p2a: Sinistcha\n|-damage|p2b: Milotic|59/100\n|-heal|p1a: Sinistcha|100/100|[from] drain|[of] p2b: Milotic\n|-status|p2a: Sinistcha|brn\n|move|p1b: Uktabi Shaman|Extrasensory|p2b: Milotic\n|-damage|p2b: Milotic|32/100\n|move|p2a: Sinistcha|Life Dew|p2a: Sinistcha|[spread] p2a,p2b\n|-heal|p2a: Sinistcha|100/100 brn\n|-heal|p2b: Milotic|57/100\n|move|p2b: Milotic|Ice Beam|p1a: Sinistcha\n|-supereffective|p1a: Sinistcha|1\n|-damage|p1a: Sinistcha|0 fnt\n|faint|p1a: Sinistcha\n|\n|-heal|p2b: Milotic|63/100|[from] item: Leftovers\n|-damage|p2a: Sinistcha|94/100 brn|[from] brn\n|upkeep\n|\n|t:|1776279565\n|switch|p1a: The Wall|Aggron, L50, M|100/100\n|turn|5\n|\n|t:|1776279582\n|detailschange|p1a: The Wall|Aggron-Mega, L50, M\n|-mega|p1a: The Wall|Aggron|Aggronite\n|move|p1a: The Wall|Body Press|p2b: Milotic\n|-damage|p2b: Milotic|29/100\n|move|p1b: Uktabi Shaman|Calm Mind|p1b: Uktabi Shaman\n|-boost|p1b: Uktabi Shaman|spa|1\n|-boost|p1b: Uktabi Shaman|spd|1\n|move|p2a: Sinistcha|Matcha Gotcha|p1b: Uktabi Shaman|[spread] p1a,p1b\n|-resisted|p1a: The Wall|1\n|-damage|p1a: The Wall|90/100\n|-heal|p2a: Sinistcha|99/100 brn|[from] drain|[of] p1a: The Wall\n|-damage|p1b: Uktabi Shaman|86/100\n|-heal|p2a: Sinistcha|100/100 brn|[from] drain|[of] p1b: Uktabi Shaman\n|-status|p1b: Uktabi Shaman|brn\n|move|p2b: Milotic|Scald|p1a: The Wall\n|-damage|p1a: The Wall|32/100\n|\n|-heal|p2b: Milotic|35/100|[from] item: Leftovers\n|-damage|p1b: Uktabi Shaman|80/100 brn|[from] brn\n|-damage|p2a: Sinistcha|94/100 brn|[from] brn\n|-fieldend|move: Trick Room\n|upkeep\n|turn|6\n|inactive|CaptainCrescendo has 30 seconds left.\n|inactive|Palmeirinthianense has 30 seconds left.\n|\n|t:|1776279613\n|move|p1a: The Wall|Protect|p1a: The Wall\n|-singleturn|p1a: The Wall|Protect\n|move|p2b: Milotic|Scald|p1a: The Wall\n|-activate|p1a: The Wall|move: Protect\n|move|p2a: Sinistcha|Trick Room|p2a: Sinistcha\n|-fieldstart|move: Trick Room|[of] p2a: Sinistcha\n|move|p1b: Uktabi Shaman|Trick Room|p1b: Uktabi Shaman\n|-fieldend|move: Trick Room\n|\n|-heal|p2b: Milotic|41/100|[from] item: Leftovers\n|-damage|p2a: Sinistcha|88/100 brn|[from] brn\n|-damage|p1b: Uktabi Shaman|74/100 brn|[from] brn\n|upkeep\n|turn|7\n|\n|t:|1776279630\n|move|p1a: The Wall|Protect|p1a: The Wall\n|-singleturn|p1a: The Wall|Protect\n|move|p2b: Milotic|Scald|p1a: The Wall\n|-activate|p1a: The Wall|move: Protect\n|move|p2a: Sinistcha|Life Dew|p2a: Sinistcha|[spread] p2a,p2b\n|-heal|p2a: Sinistcha|100/100 brn\n|-heal|p2b: Milotic|66/100\n|move|p1b: Uktabi Shaman|Trick Room|p1b: Uktabi Shaman\n|-fieldstart|move: Trick Room|[of] p1b: Uktabi Shaman\n|\n|-heal|p2b: Milotic|72/100|[from] item: Leftovers\n|-damage|p1b: Uktabi Shaman|68/100 brn|[from] brn\n|-damage|p2a: Sinistcha|94/100 brn|[from] brn\n|upkeep\n|turn|8\n|inactive|CaptainCrescendo has 30 seconds left.\n|\n|t:|1776279657\n|move|p2a: Sinistcha|Rage Powder|p2a: Sinistcha\n|-singleturn|p2a: Sinistcha|move: Rage Powder\n|move|p1a: The Wall|Body Press|p2a: Sinistcha\n|-immune|p2a: Sinistcha\n|move|p1b: Uktabi Shaman|Hyper Voice|p2b: Milotic|[spread] p2b\n|-immune|p2a: Sinistcha\n|-damage|p2b: Milotic|43/100\n|move|p2b: Milotic|Scald|p1a: The Wall\n|-damage|p1a: The Wall|0 fnt\n|faint|p1a: The Wall\n|\n|-heal|p2b: Milotic|49/100|[from] item: Leftovers\n|-damage|p1b: Uktabi Shaman|62/100 brn|[from] brn\n|-damage|p2a: Sinistcha|88/100 brn|[from] brn\n|upkeep\n|\n|t:|1776279670\n|switch|p1a: Incineroar|Incineroar, L50, F|100/100\n|-ability|p1a: Incineroar|Intimidate|boost\n|-unboost|p2a: Sinistcha|atk|1\n|-unboost|p2b: Milotic|atk|1\n|-ability|p2b: Milotic|Competitive|boost\n|-boost|p2b: Milotic|spa|2\n|turn|9\n|\n|t:|1776279682\n|move|p2b: Milotic|Protect|p2b: Milotic\n|-singleturn|p2b: Milotic|Protect\n|move|p1a: Incineroar|Flare Blitz|p2a: Sinistcha\n|-supereffective|p2a: Sinistcha|1\n|-damage|p2a: Sinistcha|0 fnt\n|faint|p2a: Sinistcha\n|-damage|p1a: Incineroar|75/100|[from] Recoil\n|move|p1b: Uktabi Shaman|Extrasensory|p2b: Milotic\n|-activate|p2b: Milotic|move: Protect\n|\n|-heal|p2b: Milotic|55/100|[from] item: Leftovers\n|-damage|p1b: Uktabi Shaman|56/100 brn|[from] brn\n|upkeep\n|\n|t:|1776279692\n|switch|p2a: Incineroar|Incineroar, L50, M, shiny|54/100\n|-ability|p2a: Incineroar|Intimidate|boost\n|-unboost|p1a: Incineroar|atk|1\n|-fail|p1b: Uktabi Shaman|unboost|Attack|[from] ability: Inner Focus|[of] p1b: Uktabi Shaman\n|turn|10\n|\n|t:|1776279706\n|move|p2a: Incineroar|Fake Out|p1a: Incineroar\n|-damage|p1a: Incineroar|64/100\n|cant|p1a: Incineroar|flinch\n|move|p1b: Uktabi Shaman|Extrasensory|p2b: Milotic\n|-damage|p2b: Milotic|20/100\n|move|p2b: Milotic|Scald|p1a: Incineroar\n|-supereffective|p1a: Incineroar|1\n|-damage|p1a: Incineroar|0 fnt\n|faint|p1a: Incineroar\n|\n|-heal|p2b: Milotic|27/100|[from] item: Leftovers\n|-damage|p1b: Uktabi Shaman|50/100 brn|[from] brn\n|upkeep\n|turn|11\n|\n|t:|1776279721\n|move|p2b: Milotic|Protect|p2b: Milotic\n|-singleturn|p2b: Milotic|Protect\n|move|p1b: Uktabi Shaman|Calm Mind|p1b: Uktabi Shaman\n|-boost|p1b: Uktabi Shaman|spa|1\n|-boost|p1b: Uktabi Shaman|spd|1\n|move|p2a: Incineroar|Parting Shot|p1b: Uktabi Shaman\n|-unboost|p1b: Uktabi Shaman|atk|1\n|-unboost|p1b: Uktabi Shaman|spa|1\n|\n|t:|1776279729\n|switch|p2a: Kangaskhan|Kangaskhan, L50, F|100/100|[from] Parting Shot\n|\n|-heal|p2b: Milotic|33/100|[from] item: Leftovers\n|-damage|p1b: Uktabi Shaman|44/100 brn|[from] brn\n|-fieldend|move: Trick Room\n|upkeep\n|turn|12\n|\n|t:|1776279740\n|detailschange|p2a: Kangaskhan|Kangaskhan-Mega, L50, F\n|-mega|p2a: Kangaskhan|Kangaskhan|Kangaskhanite\n|move|p2a: Kangaskhan|Body Slam|p1b: Uktabi Shaman\n|-damage|p1b: Uktabi Shaman|3/100 brn\n|-crit|p1b: Uktabi Shaman\n|-damage|p1b: Uktabi Shaman|0 fnt\n|faint|p1b: Uktabi Shaman\n|-hitcount|p1: Uktabi Shaman|2\n|\n|win|Palmeirinthianense\n|raw|CaptainCrescendo's rating: 1115 &rarr; <strong>1095</strong><br />(-20 for losing)\n|raw|Palmeirinthianense's rating: 1189 &rarr; <strong>1209</strong><br />(+20 for winning)\n|l|\u2606CaptainCrescendo\n|player|p1|\n",
  "uploadtime": 1776279750,
  "views": 20,
  "formatid": "gen9championsvgc2026regma",
  "rating": 1095,
  "private": 0,
  "password": null
}