{
  "id": "gen9championsvgc2026regma-2581752002",
  "format": "[Gen 9 Champions] VGC 2026 Reg M-A",
  "players": [
    "SYOTOO",
    "NicoDullblade"
  ],
  "log": "|j|\u2606SYOTOO\n|j|\u2606NicoDullblade\n|t:|1776025650\n|gametype|doubles\n|player|p1|SYOTOO|2|1000\n|player|p2|NicoDullblade|bugcatcher-gen4dp|1074\n|gen|9\n|tier|[Gen 9 Champions] VGC 2026 Reg M-A\n|rated|\n|rule|Species Clause: Limit one of each Pok\u00e9mon\n|rule|Item Clause: Limit 1 of each item\n|clearpoke\n|poke|p1|Charizard, L50, M|\n|poke|p1|Decidueye-Hisui, L50, M|\n|poke|p1|Incineroar, L50, F|\n|poke|p1|Farigiraf, L50, M|\n|poke|p1|Whimsicott, L50, F|\n|poke|p1|Slowbro, L50, M|\n|poke|p2|Manectric, L50, F|\n|poke|p2|Pelipper, L50, F|\n|poke|p2|Basculegion, L50, M|\n|poke|p2|Archaludon, L50, F|\n|poke|p2|Kingambit, L50, F|\n|poke|p2|Tsareena, L50, F|\n|teampreview|4\n|inactive|Battle timer is ON: inactive players will automatically lose when time's up. (requested by NicoDullblade)\n|inactive|SYOTOO has 60 seconds left.\n|inactive|NicoDullblade has 60 seconds left.\n|\n|t:|1776025699\n|teamsize|p1|4\n|teamsize|p2|4\n|start\n|switch|p1a: Slowbro|Slowbro, L50, M|100/100\n|switch|p1b: Incineroar|Incineroar, L50, F|100/100\n|switch|p2a: Manectric|Manectric, L50, F, shiny|100/100\n|switch|p2b: Tsareena|Tsareena, L50, F|100/100\n|-ability|p1b: Incineroar|Intimidate|boost\n|-unboost|p2a: Manectric|atk|1\n|-unboost|p2b: Tsareena|atk|1\n|turn|1\n|\n|t:|1776025714\n|detailschange|p2a: Manectric|Manectric-Mega, L50, F, shiny\n|-mega|p2a: Manectric|Manectric|Manectite\n|-ability|p2a: Manectric|Intimidate|boost\n|-unboost|p1a: Slowbro|atk|1\n|-unboost|p1b: Incineroar|atk|1\n|move|p1b: Incineroar|Fake Out||[still]\n|cant|p2b: Tsareena|ability: Queenly Majesty|Fake Out|[of] p1b: Incineroar\n|move|p2a: Manectric|Thunderbolt|p1a: Slowbro\n|-supereffective|p1a: Slowbro|1\n|-damage|p1a: Slowbro|0 fnt\n|faint|p1a: Slowbro\n|move|p2b: Tsareena|High Jump Kick|p1b: Incineroar|[miss]\n|-miss|p2b: Tsareena|p1b: Incineroar\n|-damage|p2b: Tsareena|51/100|[from] highjumpkick\n|\n|upkeep\n|\n|t:|1776025730\n|switch|p1a: Charizard|Charizard, L50, M|100/100\n|turn|2\n|c|\u2606NicoDullblade|...\n|\n|t:|1776025750\n|switch|p1b: Whimsicott|Whimsicott, L50, F|100/100\n|move|p1a: Charizard|Protect|p1a: Charizard\n|-singleturn|p1a: Charizard|Protect\n|move|p2a: Manectric|Thunderbolt|p1a: Charizard\n|-activate|p1a: Charizard|move: Protect\n|move|p2b: Tsareena|High Jump Kick|p1b: Whimsicott|[miss]\n|-miss|p2b: Tsareena|p1b: Whimsicott\n|-damage|p2b: Tsareena|1/100|[from] highjumpkick\n|\n|upkeep\n|turn|3\n|c|\u2606NicoDullblade|are we serious\n|\n|t:|1776025773\n|detailschange|p1a: Charizard|Charizard-Mega-Y, L50, M\n|-mega|p1a: Charizard|Charizard|Charizardite Y\n|-weather|SunnyDay|[from] ability: Drought|[of] p1a: Charizard\n|move|p1b: Whimsicott|Tailwind|p1b: Whimsicott\n|-sidestart|p1: SYOTOO|move: Tailwind\n|move|p1a: Charizard|Overheat|p2a: Manectric\n|-damage|p2a: Manectric|0 fnt\n|-unboost|p1a: Charizard|spa|2\n|faint|p2a: Manectric\n|move|p2b: Tsareena|Triple Axel|p1b: Whimsicott\n|-supereffective|p1b: Whimsicott|1\n|-damage|p1b: Whimsicott|87/100\n|-hitcount|p1b: Whimsicott|1\n|\n|-weather|SunnyDay|[upkeep]\n|upkeep\n|c|\u2606NicoDullblade|are we serious bro!!!!!!!! Do you have bright powder?\n|inactive|NicoDullblade has 30 seconds left.\n|\n|t:|1776025800\n|switch|p2a: Pelipper|Pelipper, L50, F|100/100\n|-weather|RainDance|[from] ability: Drizzle|[of] p2a: Pelipper\n|turn|4\n|inactive|NicoDullblade has 30 seconds left.\n|\n|t:|1776025826\n|switch|p1a: Incineroar|Incineroar, L50, F|100/100\n|-ability|p1a: Incineroar|Intimidate|boost\n|-unboost|p2a: Pelipper|atk|1\n|-unboost|p2b: Tsareena|atk|1\n|move|p1b: Whimsicott|Moonblast|p2b: Tsareena\n|-damage|p2b: Tsareena|0 fnt\n|faint|p2b: Tsareena\n|move|p2a: Pelipper|Weather Ball|p1a: Incineroar\n|-supereffective|p1a: Incineroar|1\n|-damage|p1a: Incineroar|15/100\n|-enditem|p1a: Incineroar|Sitrus Berry|[eat]\n|-heal|p1a: Incineroar|39/100|[from] item: Sitrus Berry\n|\n|-weather|RainDance|[upkeep]\n|upkeep\n|\n|t:|1776025838\n|switch|p2b: Basculegion|Basculegion, L50, M|100/100\n|turn|5\n|\n|t:|1776025852\n|switch|p1b: Charizard|Charizard-Mega-Y, L50, M|100/100\n|-weather|SunnyDay|[from] ability: Drought|[of] p1b: Charizard\n|move|p1a: Incineroar|Fake Out|p2b: Basculegion\n|-immune|p2b: Basculegion\n|move|p2b: Basculegion|Last Respects|p1a: Incineroar\n|-resisted|p1a: Incineroar|1\n|-damage|p1a: Incineroar|0 fnt\n|faint|p1a: Incineroar\n|move|p2a: Pelipper|Weather Ball|p1b: Charizard\n|-resisted|p1b: Charizard|1\n|-damage|p1b: Charizard|85/100\n|\n|-weather|SunnyDay|[upkeep]\n|upkeep\n|\n|t:|1776025866\n|switch|p1a: Whimsicott|Whimsicott, L50, F|87/100\n|turn|6\n|\n|t:|1776025875\n|move|p1a: Whimsicott|Moonblast|p2b: Basculegion\n|-damage|p2b: Basculegion|69/100\n|move|p1b: Charizard|Solar Beam||[still]\n|-prepare|p1b: Charizard|Solar Beam\n|-anim|p1b: Charizard|Solar Beam|p2b: Basculegion\n|-supereffective|p2b: Basculegion|1\n|-damage|p2b: Basculegion|0 fnt\n|faint|p2b: Basculegion\n|move|p2a: Pelipper|Weather Ball|p1a: Whimsicott\n|-supereffective|p1a: Whimsicott|1\n|-damage|p1a: Whimsicott|3/100\n|\n|-weather|SunnyDay|[upkeep]\n|-sideend|p1: SYOTOO|move: Tailwind\n|upkeep\n|turn|7\n|\n|t:|1776025892\n|move|p2a: Pelipper|Protect|p2a: Pelipper\n|-singleturn|p2a: Pelipper|Protect\n|move|p1a: Whimsicott|Tailwind|p1a: Whimsicott\n|-sidestart|p1: SYOTOO|move: Tailwind\n|move|p1b: Charizard|Solar Beam||[still]\n|-prepare|p1b: Charizard|Solar Beam\n|-anim|p1b: Charizard|Solar Beam|p2a: Pelipper\n|-activate|p2a: Pelipper|move: Protect\n|\n|-weather|SunnyDay|[upkeep]\n|upkeep\n|turn|8\n|\n|t:|1776025907\n|move|p1a: Whimsicott|Encore|p2a: Pelipper\n|-start|p2a: Pelipper|Encore\n|move|p2a: Pelipper|Protect||[still]\n|-fail|p2a: Pelipper\n|move|p1b: Charizard|Solar Beam||[still]\n|-prepare|p1b: Charizard|Solar Beam\n|-anim|p1b: Charizard|Solar Beam|p2a: Pelipper\n|-damage|p2a: Pelipper|35/100\n|\n|-weather|SunnyDay|[upkeep]\n|upkeep\n|turn|9\n|\n|t:|1776025920\n|move|p2a: Pelipper|Protect|p2a: Pelipper\n|-singleturn|p2a: Pelipper|Protect\n|move|p1a: Whimsicott|Moonblast|p2a: Pelipper\n|-activate|p2a: Pelipper|move: Protect\n|move|p1b: Charizard|Heat Wave|p2a: Pelipper\n|-activate|p2a: Pelipper|move: Protect\n|\n|-weather|none\n|upkeep\n|turn|10\n|\n|t:|1776025933\n|move|p2a: Pelipper|Protect||[still]\n|-fail|p2a: Pelipper\n|move|p1a: Whimsicott|Moonblast|p2a: Pelipper\n|-damage|p2a: Pelipper|0 fnt\n|faint|p2a: Pelipper\n|\n|win|SYOTOO\n|raw|SYOTOO's rating: 1000 &rarr; <strong>1048</strong><br />(+48 for winning)\n|raw|NicoDullblade's rating: 1074 &rarr; <strong>1048</strong><br />(-26 for losing)\n|l|\u2606NicoDullblade\n|player|p2|\n",
  "uploadtime": 1776025950,
  "views": 14,
  "formatid": "gen9championsvgc2026regma",
  "rating": 1048,
  "private": 0,
  "password": null
}