{
  "id": "gen9championsvgc2026regma-2583633745",
  "format": "[Gen 9 Champions] VGC 2026 Reg M-A",
  "players": [
    "afishfish",
    "owl_with_scarf"
  ],
  "log": "|j|\u2606afishfish\n|j|\u2606owl_with_scarf\n|t:|1776187783\n|gametype|doubles\n|player|p1|afishfish|caitlin|1253\n|player|p2|owl_with_scarf|#owlwithscarf|1294\n|gen|9\n|tier|[Gen 9 Champions] VGC 2026 Reg M-A\n|rated|\n|rule|Species Clause: Limit one of each Pok\u00e9mon\n|rule|Item Clause: Limit 1 of each item\n|clearpoke\n|poke|p1|Archaludon, L50, F|\n|poke|p1|Pelipper, L50, M|\n|poke|p1|Basculegion, L50, M|\n|poke|p1|Incineroar, L50, M|\n|poke|p1|Sinistcha, L50|\n|poke|p1|Dragonite, L50, F|\n|poke|p2|Torkoal, L50, M|\n|poke|p2|Oranguru, L50, M|\n|poke|p2|Farigiraf, L50, F|\n|poke|p2|Golurk, L50|\n|poke|p2|Kingambit, L50, M|\n|poke|p2|Empoleon, L50, M|\n|teampreview|4\n|inactive|Battle timer is ON: inactive players will automatically lose when time's up. (requested by owl_with_scarf)\nafishfish rejected open team sheets.\n|l|\u2606owl_with_scarf\n|inactive|owl_with_scarf disconnected and has a minute to reconnect!\n|player|p2|\n|inactive|afishfish has 60 seconds left.\n|\n|t:|1776187833\n|teamsize|p1|4\n|teamsize|p2|4\n|start\n|switch|p1a: Basculegion|Basculegion, L50, M|100/100\n|switch|p1b: Dragonite|Dragonite, L50, F|100/100\n|switch|p2a: Empoleon|Empoleon, L50, M|100/100\n|switch|p2b: Oranguru|Oranguru, L50, M|100/100\n|turn|1\n|j|\u2606owl_with_scarf\n|inactive|owl_with_scarf reconnected and has 55 seconds left.\n|player|p2|owl_with_scarf|#owlwithscarf|\n|\n|t:|1776187857\n|detailschange|p1b: Dragonite|Dragonite-Mega, L50, F\n|-mega|p1b: Dragonite|Dragonite|Dragoninite\n|move|p1a: Basculegion|Flip Turn|p2b: Oranguru\n|-damage|p2b: Oranguru|71/100\n|\n|t:|1776187864\n|switch|p1a: Pelipper|Pelipper, L50, M|100/100|[from] Flip Turn\n|-weather|RainDance|[from] ability: Drizzle|[of] p1a: Pelipper\n|move|p1b: Dragonite|Thunder|p2a: Empoleon\n|-supereffective|p2a: Empoleon|1\n|-damage|p2a: Empoleon|13/100\n|move|p2a: Empoleon|Ice Beam|p1b: Dragonite\n|-supereffective|p1b: Dragonite|2\n|-damage|p1b: Dragonite|46/100\n|move|p2b: Oranguru|Trick Room|p2b: Oranguru\n|-fieldstart|move: Trick Room|[of] p2b: Oranguru\n|\n|-weather|RainDance|[upkeep]\n|upkeep\n|turn|2\n|\n|t:|1776187884\n|switch|p1b: Incineroar|Incineroar, L50, M|100/100\n|-ability|p1b: Incineroar|Intimidate|boost\n|-unboost|p2a: Empoleon|atk|1\n|-ability|p2a: Empoleon|Competitive|boost\n|-boost|p2a: Empoleon|spa|2\n|-unboost|p2b: Oranguru|atk|1\n|move|p2a: Empoleon|Surf|p1a: Pelipper|[spread] p1a,p1b\n|-activate|p2b: Oranguru|ability: Telepathy\n|-resisted|p1a: Pelipper|1\n|-supereffective|p1b: Incineroar|1\n|-damage|p1a: Pelipper|18/100\n|-damage|p1b: Incineroar|0 fnt\n|faint|p1b: Incineroar\n|move|p2b: Oranguru|Instruct|p2a: Empoleon\n|-singleturn|p2a: Empoleon|move: Instruct|[of] p2b: Oranguru\n|move|p2a: Empoleon|Surf|p1a: Pelipper|[spread] p1a\n|-activate|p2b: Oranguru|ability: Telepathy\n|-resisted|p1a: Pelipper|1\n|-damage|p1a: Pelipper|0 fnt\n|faint|p1a: Pelipper\n|\n|-weather|RainDance|[upkeep]\n|upkeep\n|c|\u2606owl_with_scarf|Well played!\n|\n|t:|1776187906\n|switch|p1b: Dragonite|Dragonite-Mega, L50, F|46/100\n|switch|p1a: Basculegion|Basculegion, L50, M|100/100\n|turn|3\n|\n|t:|1776187918\n|move|p1a: Basculegion|Aqua Jet|p2a: Empoleon\n|-resisted|p2a: Empoleon|1\n|-damage|p2a: Empoleon|0 fnt\n|faint|p2a: Empoleon\n|move|p2b: Oranguru|Instruct|p2: Empoleon|[notarget]\n|-fail|p2b: Oranguru\n|move|p1b: Dragonite|Hurricane|p2b: Oranguru\n|-damage|p2b: Oranguru|19/100\n|\n|-weather|RainDance|[upkeep]\n|upkeep\n|\n|t:|1776187921\n|switch|p2a: Kingambit|Kingambit, L50, M|100/100\n|turn|4\n|\n|t:|1776187940\n|switch|p2b: Farigiraf|Farigiraf, L50, F|100/100\n|move|p2a: Kingambit|Kowtow Cleave|p1a: Basculegion\n|-supereffective|p1a: Basculegion|1\n|-damage|p1a: Basculegion|0 fnt\n|faint|p1a: Basculegion\n|move|p1b: Dragonite|Hurricane|p2b: Farigiraf\n|-damage|p2b: Farigiraf|41/100\n|\n|-weather|RainDance|[upkeep]\n|upkeep\n|turn|5\n|\n|t:|1776187953\n|move|p2b: Farigiraf|Helping Hand|p2a: Kingambit\n|-singleturn|p2a: Kingambit|Helping Hand|[of] p2b: Farigiraf\n|move|p2a: Kingambit|Kowtow Cleave|p1b: Dragonite\n|-damage|p1b: Dragonite|0 fnt\n|faint|p1b: Dragonite\n|\n|win|owl_with_scarf\n|raw|afishfish's rating: 1253 &rarr; <strong>1231</strong><br />(-22 for losing)\n|raw|owl_with_scarf's rating: 1294 &rarr; <strong>1316</strong><br />(+22 for winning)\n",
  "uploadtime": 1776187956,
  "views": 55,
  "formatid": "gen9championsvgc2026regma",
  "rating": 1231,
  "private": 0,
  "password": null
}