{
  "id": "gen9championsvgc2026regma-2586923692",
  "format": "[Gen 9 Champions] VGC 2026 Reg M-A",
  "players": [
    "k0raki",
    "NovaGuy"
  ],
  "log": "|j|\u2606k0raki\n|j|\u2606NovaGuy\n|t:|1776472233\n|gametype|doubles\n|player|p1|k0raki|101|1085\n|player|p2|NovaGuy|ethan|1059\n|gen|9\n|tier|[Gen 9 Champions] VGC 2026 Reg M-A\n|rated|\n|rule|Species Clause: Limit one of each Pok\u00e9mon\n|rule|Item Clause: Limit 1 of each item\n|clearpoke\n|poke|p1|Tinkaton, L50, F|\n|poke|p1|Lucario, L50, F|\n|poke|p1|Clefable, L50, F|\n|poke|p1|Aerodactyl, L50, M|\n|poke|p1|Quaquaval, L50, M|\n|poke|p1|Raichu, L50, F|\n|poke|p2|Charizard, L50, M|\n|poke|p2|Venusaur, L50, M|\n|poke|p2|Whimsicott, L50, M|\n|poke|p2|Milotic, L50, M|\n|poke|p2|Aegislash, L50, M|\n|poke|p2|Incineroar, L50, F|\n|teampreview|4\n|\n|t:|1776472258\n|teamsize|p1|4\n|teamsize|p2|4\n|start\n|switch|p1a: QuaquavalG|Quaquaval, L50, M|100/100\n|switch|p1b: Aerodactyl|Aerodactyl, L50, M|100/100\n|switch|p2a: Whimsicott|Whimsicott, L50, M|100/100\n|switch|p2b: Incineroar|Incineroar, L50, F|100/100\n|-ability|p1b: Aerodactyl|Unnerve\n|-ability|p2b: Incineroar|Intimidate|boost\n|-unboost|p1a: QuaquavalG|atk|1\n|-unboost|p1b: Aerodactyl|atk|1\n|-enditem|p1a: QuaquavalG|White Herb\n|-clearnegativeboost|p1a: QuaquavalG|[silent]\n|turn|1\n|\n|t:|1776472292\n|move|p1a: QuaquavalG|Upper Hand|p2b: Incineroar\n|-supereffective|p2b: Incineroar|1\n|-damage|p2b: Incineroar|40/100\n|cant|p2b: Incineroar|flinch\n|move|p2a: Whimsicott|Tailwind|p2a: Whimsicott\n|-sidestart|p2: NovaGuy|move: Tailwind\n|move|p1b: Aerodactyl|Tailwind|p1b: Aerodactyl\n|-sidestart|p1: k0raki|move: Tailwind\n|\n|upkeep\n|turn|2\n|\n|t:|1776472312\n|move|p1a: QuaquavalG|Protect|p1a: QuaquavalG\n|-singleturn|p1a: QuaquavalG|Protect\n|move|p2b: Incineroar|Fake Out||[still]\n|-hint|Fake Out only works on your first turn out.\n|-fail|p2b: Incineroar\n|move|p2a: Whimsicott|Encore|p1b: Aerodactyl\n|-start|p1b: Aerodactyl|Encore\n|-enditem|p1b: Aerodactyl|Mental Herb\n|-end|p1b: Aerodactyl|Encore\n|move|p1b: Aerodactyl|Dual Wingbeat|p2a: Whimsicott\n|-supereffective|p2a: Whimsicott|1\n|-damage|p2a: Whimsicott|65/100\n|-supereffective|p2a: Whimsicott|1\n|-damage|p2a: Whimsicott|29/100\n|-hitcount|p2a: Whimsicott|2\n|\n|upkeep\n|turn|3\n|\n|t:|1776472367\n|switch|p1a: TinkatonG|Tinkaton, L50, F|100/100\n|-ability|p1a: TinkatonG|Mold Breaker\n|move|p2a: Whimsicott|Encore||[still]\n|-fail|p2a: Whimsicott\n|move|p1b: Aerodactyl|Dual Wingbeat|p2a: Whimsicott\n|-supereffective|p2a: Whimsicott|1\n|-damage|p2a: Whimsicott|0 fnt\n|faint|p2a: Whimsicott\n|-hitcount|p2: Whimsicott|1\n|move|p2b: Incineroar|Parting Shot|p1a: TinkatonG\n|-unboost|p1a: TinkatonG|atk|1\n|-unboost|p1a: TinkatonG|spa|1\n|\n|t:|1776472384\n|switch|p2b: Charizard|Charizard, L50, M|100/100|[from] Parting Shot\n|\n|upkeep\n|\n|t:|1776472389\n|switch|p2a: Aegislash|Aegislash, L50, M|100/100\n|turn|4\n|\n|t:|1776472450\n|detailschange|p2b: Charizard|Charizard-Mega-X, L50, M\n|-mega|p2b: Charizard|Charizard|Charizardite X\n|move|p1a: TinkatonG|Fake Out|p2b: Charizard\n|-damage|p2b: Charizard|94/100\n|move|p1b: Aerodactyl|Rock Slide|p2b: Charizard|[spread] p2a,p2b\n|-resisted|p2a: Aegislash|1\n|-supereffective|p2b: Charizard|1\n|-damage|p2a: Aegislash|93/100\n|-damage|p2b: Charizard|65/100\n|cant|p2b: Charizard|flinch\n|move|p2a: Aegislash|Swords Dance|p2a: Aegislash\n|-boost|p2a: Aegislash|atk|2\n|\n|-sideend|p1: k0raki|move: Tailwind\n|-sideend|p2: NovaGuy|move: Tailwind\n|upkeep\n|turn|5\n|\n|t:|1776472480\n|switch|p1a: QuaquavalG|Quaquaval, L50, M|100/100\n|move|p1b: Aerodactyl|Tailwind|p1b: Aerodactyl\n|-sidestart|p1: k0raki|move: Tailwind\n|move|p2b: Charizard|Dragon Dance|p2b: Charizard\n|-boost|p2b: Charizard|atk|1\n|-boost|p2b: Charizard|spe|1\n|move|p2a: Aegislash|Swords Dance|p2a: Aegislash\n|-boost|p2a: Aegislash|atk|2\n|\n|upkeep\n|turn|6\n|\n|t:|1776472502\n|move|p2b: Charizard|Protect|p2b: Charizard\n|-singleturn|p2b: Charizard|Protect\n|move|p1b: Aerodactyl|Rock Slide|p2a: Aegislash|[spread] p2a\n|-activate|p2b: Charizard|move: Protect\n|-resisted|p2a: Aegislash|1\n|-damage|p2a: Aegislash|87/100\n|move|p1a: QuaquavalG|Aqua Step|p2b: Charizard\n|-activate|p2b: Charizard|move: Protect\n|-formechange|p2a: Aegislash|Aegislash-Blade|\n|move|p2a: Aegislash|Psycho Cut|p1a: QuaquavalG\n|-supereffective|p1a: QuaquavalG|1\n|-damage|p1a: QuaquavalG|0 fnt\n|faint|p1a: QuaquavalG\n|-heal|p2a: Aegislash|99/100|[from] item: Shell Bell|[of] p1: QuaquavalG\n|\n|upkeep\n|\n|t:|1776472532\n|switch|p1a: Lucario-MegaG|Lucario, L50, F|100/100\n|turn|7\n|\n|t:|1776472549\n|detailschange|p1a: Lucario-MegaG|Lucario-Mega, L50, F\n|-mega|p1a: Lucario-MegaG|Lucario|Lucarionite\n|-formechange|p2a: Aegislash|Aegislash|\n|move|p2a: Aegislash|King's Shield|p2a: Aegislash\n|-singleturn|p2a: Aegislash|Protect\n|move|p1b: Aerodactyl|Rock Slide|p2a: Aegislash|[spread] p2b\n|-activate|p2a: Aegislash|move: Protect\n|-supereffective|p2b: Charizard|1\n|-damage|p2b: Charizard|35/100\n|move|p1a: Lucario-MegaG|Copycat|p1a: Lucario-MegaG\n|move|p1a: Lucario-MegaG|Rock Slide|p2a: Aegislash|[from] move: Copycat|[spread] \n|-activate|p2a: Aegislash|move: Protect\n|-miss|p1a: Lucario-MegaG|p2b: Charizard\n|move|p2b: Charizard|Flare Blitz|p1a: Lucario-MegaG\n|-supereffective|p1a: Lucario-MegaG|1\n|-damage|p1a: Lucario-MegaG|0 fnt\n|faint|p1a: Lucario-MegaG\n|-damage|p2b: Charizard|8/100|[from] Recoil\n|\n|upkeep\n|\n|t:|1776472577\n|switch|p1a: TinkatonG|Tinkaton, L50, F|100/100\n|-ability|p1a: TinkatonG|Mold Breaker\n|turn|8\n|\n|t:|1776472596\n|move|p2b: Charizard|Protect|p2b: Charizard\n|-singleturn|p2b: Charizard|Protect\n|move|p1a: TinkatonG|Fake Out|p2b: Charizard\n|-activate|p2b: Charizard|move: Protect\n|move|p1b: Aerodactyl|Dual Wingbeat|p2a: Aegislash\n|-resisted|p2a: Aegislash|1\n|-damage|p2a: Aegislash|94/100\n|-resisted|p2a: Aegislash|1\n|-damage|p2a: Aegislash|89/100\n|-hitcount|p2a: Aegislash|2\n|move|p2a: Aegislash|Swords Dance|p2a: Aegislash\n|-boost|p2a: Aegislash|atk|2\n|\n|-sideend|p1: k0raki|move: Tailwind\n|upkeep\n|turn|9\n|\n|t:|1776472625\n|move|p2b: Charizard|Flare Blitz|p1a: TinkatonG\n|-supereffective|p1a: TinkatonG|1\n|-enditem|p1a: TinkatonG|Focus Sash\n|-damage|p1a: TinkatonG|1/100\n|-status|p1a: TinkatonG|brn\n|-damage|p2b: Charizard|0 fnt|[from] Recoil\n|faint|p2b: Charizard\n|move|p1b: Aerodactyl|Rock Slide|p2a: Aegislash\n|-resisted|p2a: Aegislash|1\n|-damage|p2a: Aegislash|80/100\n|move|p1a: TinkatonG|Gigaton Hammer|p2a: Aegislash\n|-resisted|p2a: Aegislash|1\n|-damage|p2a: Aegislash|68/100\n|cant|p2a: Aegislash|flinch\n|\n|-damage|p1a: TinkatonG|0 fnt|[from] brn\n|faint|p1a: TinkatonG\n|upkeep\n|\n|t:|1776472645\n|switch|p2b: Incineroar|Incineroar, L50, F|40/100\n|-ability|p2b: Incineroar|Intimidate|boost\n|-unboost|p1b: Aerodactyl|atk|1\n|turn|10\n|\n|t:|1776472654\n|move|p2b: Incineroar|Fake Out|p1b: Aerodactyl\n|-resisted|p1b: Aerodactyl|1\n|-damage|p1b: Aerodactyl|92/100\n|cant|p1b: Aerodactyl|flinch\n|-formechange|p2a: Aegislash|Aegislash-Blade|\n|move|p2a: Aegislash|Iron Head|p1b: Aerodactyl\n|-supereffective|p1b: Aerodactyl|1\n|-damage|p1b: Aerodactyl|0 fnt\n|-enditem|p2b: Incineroar|Sitrus Berry|[eat]\n|-heal|p2b: Incineroar|65/100|[from] item: Sitrus Berry\n|faint|p1b: Aerodactyl\n|-heal|p2a: Aegislash|78/100|[from] item: Shell Bell|[of] p1: Aerodactyl\n|\n|win|NovaGuy\n|raw|k0raki's rating: 1085 &rarr; <strong>1061</strong><br />(-24 for losing)\n|raw|NovaGuy's rating: 1059 &rarr; <strong>1092</strong><br />(+33 for winning)\n|l|\u2606k0raki\n|player|p1|\n",
  "uploadtime": 1776472670,
  "views": 19,
  "formatid": "gen9championsvgc2026regma",
  "rating": 1061,
  "private": 0,
  "password": null
}