{
  "id": "gen9championsvgc2026regma-2588831795",
  "format": "[Gen 9 Champions] VGC 2026 Reg M-A",
  "players": [
    "wrjisami",
    "0522kk"
  ],
  "log": "|j|\u2606wrjisami\n|j|\u26060522kk\n|t:|1776676250\n|gametype|doubles\n|player|p1|wrjisami|169|1292\n|player|p2|0522kk|1|1268\n|gen|9\n|tier|[Gen 9 Champions] VGC 2026 Reg M-A\n|rated|\n|rule|Species Clause: Limit one of each Pok\u00e9mon\n|rule|Item Clause: Limit 1 of each item\n|clearpoke\n|poke|p1|Aggron, L50, M|\n|poke|p1|Incineroar, L50, F|\n|poke|p1|Farigiraf, L50, M|\n|poke|p1|Tyranitar, L50, M|\n|poke|p1|Sinistcha, L50|\n|poke|p1|Sneasler, L50, M|\n|poke|p2|Froslass, L50, F, shiny|\n|poke|p2|Sneasler, L50, M, shiny|\n|poke|p2|Kingambit, L50, F, shiny|\n|poke|p2|Talonflame, L50, M, shiny|\n|poke|p2|Milotic, L50, M, shiny|\n|poke|p2|Garchomp, L50, F, shiny|\n|teampreview|4\n|inactive|Battle timer is ON: inactive players will automatically lose when time's up. (requested by 0522kk)\n|inactive|wrjisami also wants the timer to be on.\n|inactive|wrjisami has 60 seconds left.\n|\n|t:|1776676305\n|teamsize|p1|4\n|teamsize|p2|4\n|start\n|switch|p1a: Farigiraf|Farigiraf, L50, M|100/100\n|switch|p1b: Sneasler|Sneasler, L50, M|100/100\n|switch|p2a: Talonflame|Talonflame, L50, M, shiny|100/100\n|switch|p2b: Kingambit|Kingambit, L50, F, shiny|100/100\n|turn|1\n|\n|t:|1776676329\n|move|p2a: Talonflame|Protect|p2a: Talonflame\n|-singleturn|p2a: Talonflame|Protect\n|move|p1b: Sneasler|Close Combat|p2b: Kingambit\n|-supereffective|p2b: Kingambit|2\n|-damage|p2b: Kingambit|0 fnt\n|-unboost|p1b: Sneasler|def|1\n|-unboost|p1b: Sneasler|spd|1\n|faint|p2b: Kingambit\n|move|p1a: Farigiraf|Trick Room|p1a: Farigiraf\n|-fieldstart|move: Trick Room|[of] p1a: Farigiraf\n|\n|upkeep\n|\n|t:|1776676334\n|switch|p2b: Milotic|Milotic, L50, M, shiny|100/100\n|turn|2\n|inactive|wrjisami has 30 seconds left.\n|inactive|wrjisami has 20 seconds left.\n|inactive|wrjisami has 15 seconds left.\n|\n|t:|1776676375\n|move|p1a: Farigiraf|Hyper Voice|p2a: Talonflame|[spread] p2a,p2b\n|-damage|p2a: Talonflame|57/100\n|-damage|p2b: Milotic|84/100\n|move|p2b: Milotic|Coil|p2b: Milotic\n|-boost|p2b: Milotic|atk|1\n|-boost|p2b: Milotic|def|1\n|-boost|p2b: Milotic|accuracy|1\n|move|p1b: Sneasler|Dire Claw|p2b: Milotic\n|-damage|p2b: Milotic|60/100\n|-status|p2b: Milotic|psn\n|move|p2a: Talonflame|Overheat|p1b: Sneasler\n|-damage|p1b: Sneasler|0 fnt\n|-unboost|p2a: Talonflame|spa|2\n|faint|p1b: Sneasler\n|\n|-heal|p2b: Milotic|66/100 psn|[from] item: Leftovers\n|-damage|p2b: Milotic|53/100 psn|[from] psn\n|upkeep\n|\n|t:|1776676393\n|switch|p1b: Aggron|Aggron, L50, M|100/100\n|turn|3\n|\n|t:|1776676401\n|detailschange|p1b: Aggron|Aggron-Mega, L50, M\n|-mega|p1b: Aggron|Aggron|Aggronite\n|move|p1b: Aggron|Iron Defense|p1b: Aggron\n|-boost|p1b: Aggron|def|2\n|move|p1a: Farigiraf|Hyper Voice|p2a: Talonflame|[spread] p2a,p2b\n|-damage|p2a: Talonflame|17/100\n|-damage|p2b: Milotic|36/100 psn\n|move|p2b: Milotic|Hypnosis|p1a: Farigiraf\n|-status|p1a: Farigiraf|slp|[from] move: Hypnosis\n|move|p2a: Talonflame|Overheat|p1b: Aggron\n|-supereffective|p1b: Aggron|1\n|-damage|p1b: Aggron|72/100\n|-unboost|p2a: Talonflame|spa|2\n|\n|-heal|p2b: Milotic|42/100 psn|[from] item: Leftovers\n|-damage|p2b: Milotic|30/100 psn|[from] psn\n|upkeep\n|turn|4\n|inactive|wrjisami has 30 seconds left.\n|\n|t:|1776676430\n|move|p1b: Aggron|Iron Defense|p1b: Aggron\n|-boost|p1b: Aggron|def|2\n|cant|p1a: Farigiraf|slp\n|move|p2b: Milotic|Hypnosis|p1b: Aggron\n|-status|p1b: Aggron|slp|[from] move: Hypnosis\n|move|p2a: Talonflame|Overheat|p1b: Aggron\n|-supereffective|p1b: Aggron|1\n|-damage|p1b: Aggron|51/100 slp\n|-unboost|p2a: Talonflame|spa|2\n|\n|-heal|p2b: Milotic|36/100 psn|[from] item: Leftovers\n|-damage|p2b: Milotic|23/100 psn|[from] psn\n|upkeep\n|turn|5\n|\n|t:|1776676446\n|cant|p1b: Aggron|slp\n|cant|p1a: Farigiraf|slp\n|move|p2b: Milotic|Muddy Water|p1b: Aggron|[spread] p1a,p1b\n|-damage|p1a: Farigiraf|81/100 slp\n|-damage|p1b: Aggron|33/100 slp\n|-unboost|p1b: Aggron|accuracy|1\n|move|p2a: Talonflame|Overheat|p1b: Aggron\n|-supereffective|p1b: Aggron|1\n|-damage|p1b: Aggron|17/100 slp\n|\n|-heal|p2b: Milotic|29/100 psn|[from] item: Leftovers\n|-damage|p2b: Milotic|17/100 psn|[from] psn\n|-fieldend|move: Trick Room\n|upkeep\n|turn|6\n|\n|t:|1776676468\n|cant|p1b: Aggron|slp\n|move|p2a: Talonflame|Overheat|p1b: Aggron\n|-supereffective|p1b: Aggron|1\n|-damage|p1b: Aggron|1/100 slp\n|move|p2b: Milotic|Muddy Water|p1a: Farigiraf|[spread] p1a,p1b\n|-damage|p1a: Farigiraf|62/100 slp\n|-damage|p1b: Aggron|0 fnt\n|faint|p1b: Aggron\n|-curestatus|p1a: Farigiraf|slp|[msg]\n|move|p1a: Farigiraf|Hyper Voice|p2a: Talonflame|[spread] p2a,p2b\n|-damage|p2a: Talonflame|0 fnt\n|-damage|p2b: Milotic|0 fnt\n|faint|p2a: Talonflame\n|faint|p2b: Milotic\n|\n|upkeep\n|c|\u2606wrjisami|sadge\n|\n|t:|1776676483\n|switch|p2b: Froslass|Froslass, L50, F, shiny|100/100\n|switch|p1b: Sinistcha|Sinistcha, L50|100/100\n|-heal|p1a: Farigiraf|86/100|[from] ability: Hospitality|[of] p1b: Sinistcha\n|turn|7\n|\n|t:|1776676494\n|detailschange|p2b: Froslass|Froslass-Mega, L50, F, shiny\n|-mega|p2b: Froslass|Froslass|Froslassite\n|-weather|Snowscape|[from] ability: Snow Warning|[of] p2b: Froslass\n|move|p1b: Sinistcha|Protect|p1b: Sinistcha\n|-singleturn|p1b: Sinistcha|Protect\n|move|p2b: Froslass|Blizzard|p1a: Farigiraf|[spread] p1a\n|-activate|p1b: Sinistcha|move: Protect\n|-damage|p1a: Farigiraf|44/100\n|move|p1a: Farigiraf|Trick Room|p1a: Farigiraf\n|-fieldstart|move: Trick Room|[of] p1a: Farigiraf\n|\n|-weather|Snowscape|[upkeep]\n|upkeep\n|turn|8\n|\n|t:|1776676515\n|move|p1a: Farigiraf|Psychic|p2b: Froslass\n|-damage|p2b: Froslass|62/100\n|move|p1b: Sinistcha|Matcha Gotcha|p2b: Froslass\n|-damage|p2b: Froslass|23/100\n|move|p2b: Froslass|Blizzard|p1a: Farigiraf|[spread] p1a,p1b\n|-supereffective|p1b: Sinistcha|1\n|-damage|p1a: Farigiraf|4/100\n|-damage|p1b: Sinistcha|23/100\n|\n|-weather|Snowscape|[upkeep]\n|-heal|p1b: Sinistcha|29/100|[from] item: Leftovers\n|upkeep\n|turn|9\n|\n|t:|1776676529\n|move|p1a: Farigiraf|Psychic|p2b: Froslass\n|-damage|p2b: Froslass|0 fnt\n|faint|p2b: Froslass\n|\n|win|wrjisami\n|raw|wrjisami's rating: 1292 &rarr; <strong>1315</strong><br />(+23 for winning)\n|raw|0522kk's rating: 1268 &rarr; <strong>1245</strong><br />(-23 for losing)\n|l|\u26060522kk\n|player|p2|\n",
  "uploadtime": 1776676546,
  "views": 11,
  "formatid": "gen9championsvgc2026regma",
  "rating": 1245,
  "private": 0,
  "password": null
}