{
  "id": "gen9championsvgc2026regma-2586408684",
  "format": "[Gen 9 Champions] VGC 2026 Reg M-A",
  "players": [
    "siunhanech",
    "bushidobayleef"
  ],
  "log": "|j|\u2606siunhanech\n|j|\u2606bushidobayleef\n|t:|1776432591\n|gametype|doubles\n|player|p1|siunhanech|1|1385\n|player|p2|bushidobayleef|anabel-gen7|1302\n|gen|9\n|tier|[Gen 9 Champions] VGC 2026 Reg M-A\n|rated|\n|rule|Species Clause: Limit one of each Pok\u00e9mon\n|rule|Item Clause: Limit 1 of each item\n|clearpoke\n|poke|p1|Blastoise, L50, M|\n|poke|p1|Sableye, L50, M|\n|poke|p1|Sneasler, L50, M|\n|poke|p1|Sinistcha, L50|\n|poke|p1|Rotom-Wash, L50|\n|poke|p1|Espathra, L50, M|\n|poke|p2|Glimmora, L50, F|\n|poke|p2|Tinkaton, L50, F|\n|poke|p2|Corviknight, L50, F|\n|poke|p2|Tauros-Paldea-Aqua, L50, M|\n|poke|p2|Tyranitar, L50, F|\n|poke|p2|Sinistcha-Masterpiece, L50|\n|teampreview|4\n|inactive|Battle timer is ON: inactive players will automatically lose when time's up. (requested by siunhanech)\n|inactive|siunhanech has 60 seconds left.\n|\n|t:|1776432627\n|teamsize|p1|4\n|teamsize|p2|4\n|start\n|switch|p1a: \u0110\u00e0 \u0111i\u1ec3u|Espathra, L50, M|100/100\n|switch|p1b: Sinh vi\u00ean|Sableye, L50, M|100/100\n|switch|p2a: Chucklenuts|Tinkaton, L50, F|100/100\n|switch|p2b: r/disnonored|Corviknight, L50, F|100/100\n|turn|1\n|inactive|bushidobayleef has 30 seconds left.\n|\n|t:|1776432652\n|move|p1b: Sinh vi\u00ean|Fake Out|p2a: Chucklenuts\n|-resisted|p2a: Chucklenuts|1\n|-damage|p2a: Chucklenuts|96/100\n|cant|p2a: Chucklenuts|flinch\n|move|p1a: \u0110\u00e0 \u0111i\u1ec3u|Calm Mind|p1a: \u0110\u00e0 \u0111i\u1ec3u\n|-boost|p1a: \u0110\u00e0 \u0111i\u1ec3u|spa|1\n|-boost|p1a: \u0110\u00e0 \u0111i\u1ec3u|spd|1\n|move|p2b: r/disnonored|Brave Bird|p1b: Sinh vi\u00ean\n|-damage|p1b: Sinh vi\u00ean|64/100\n|-damage|p2b: r/disnonored|91/100|[from] Recoil\n|\n|-ability|p1a: \u0110\u00e0 \u0111i\u1ec3u|Speed Boost|boost\n|-boost|p1a: \u0110\u00e0 \u0111i\u1ec3u|spe|1\n|upkeep\n|turn|2\n|inactive|siunhanech has 30 seconds left.\n|inactive|bushidobayleef has 30 seconds left.\n|\n|t:|1776432679\n|move|p1a: \u0110\u00e0 \u0111i\u1ec3u|Protect|p1a: \u0110\u00e0 \u0111i\u1ec3u\n|-singleturn|p1a: \u0110\u00e0 \u0111i\u1ec3u|Protect\n|move|p1b: Sinh vi\u00ean|Rain Dance|p1b: Sinh vi\u00ean\n|-weather|RainDance\n|move|p2a: Chucklenuts|Gigaton Hammer|p1a: \u0110\u00e0 \u0111i\u1ec3u\n|-activate|p1a: \u0110\u00e0 \u0111i\u1ec3u|move: Protect\n|move|p2b: r/disnonored|Tailwind|p2b: r/disnonored\n|-sidestart|p2: bushidobayleef|move: Tailwind\n|\n|-weather|RainDance|[upkeep]\n|-ability|p1a: \u0110\u00e0 \u0111i\u1ec3u|Speed Boost|boost\n|-boost|p1a: \u0110\u00e0 \u0111i\u1ec3u|spe|1\n|upkeep\n|turn|3\n|\n|t:|1776432696\n|move|p1b: Sinh vi\u00ean|Encore|p2b: r/disnonored\n|-start|p2b: r/disnonored|Encore\n|move|p2a: Chucklenuts|Play Rough|p1b: Sinh vi\u00ean\n|-supereffective|p1b: Sinh vi\u00ean|1\n|-damage|p1b: Sinh vi\u00ean|0 fnt\n|faint|p1b: Sinh vi\u00ean\n|move|p1a: \u0110\u00e0 \u0111i\u1ec3u|Baton Pass|p1a: \u0110\u00e0 \u0111i\u1ec3u\n|\n|t:|1776432703\n|switch|p1a: B\u1eafn t\u00f9m lum|Blastoise, L50, M|100/100|[from] Baton Pass\n|move|p2b: r/disnonored|Tailwind||[still]\n|-fail|p2b: r/disnonored\n|\n|-weather|RainDance|[upkeep]\n|upkeep\n|\n|t:|1776432705\n|switch|p1b: \u0110\u00e0 \u0111i\u1ec3u|Espathra, L50, M|100/100\n|turn|4\n|inactive|bushidobayleef has 30 seconds left.\n|inactive|bushidobayleef has 20 seconds left.\n|inactive|bushidobayleef has 15 seconds left.\n|\n|t:|1776432749\n|switch|p2b: #myshelburne|Sinistcha-Masterpiece, L50|100/100\n|-heal|p2a: Chucklenuts|100/100|[from] ability: Hospitality|[of] p2b: #myshelburne\n|detailschange|p1a: B\u1eafn t\u00f9m lum|Blastoise-Mega, L50, M\n|-mega|p1a: B\u1eafn t\u00f9m lum|Blastoise|Blastoisinite\n|move|p2a: Chucklenuts|Play Rough|p1a: B\u1eafn t\u00f9m lum\n|-crit|p1a: B\u1eafn t\u00f9m lum\n|-damage|p1a: B\u1eafn t\u00f9m lum|61/100\n|move|p1a: B\u1eafn t\u00f9m lum|Water Spout|p2b: #myshelburne|[spread] p2a,p2b\n|-resisted|p2b: #myshelburne|1\n|-damage|p2a: Chucklenuts|4/100\n|-damage|p2b: #myshelburne|43/100\n|move|p1b: \u0110\u00e0 \u0111i\u1ec3u|Calm Mind|p1b: \u0110\u00e0 \u0111i\u1ec3u\n|-boost|p1b: \u0110\u00e0 \u0111i\u1ec3u|spa|1\n|-boost|p1b: \u0110\u00e0 \u0111i\u1ec3u|spd|1\n|\n|-weather|RainDance|[upkeep]\n|-ability|p1b: \u0110\u00e0 \u0111i\u1ec3u|Speed Boost|boost\n|-boost|p1b: \u0110\u00e0 \u0111i\u1ec3u|spe|1\n|upkeep\n|turn|5\n|inactive|siunhanech has 30 seconds left.\n|inactive|bushidobayleef has 30 seconds left.\n|inactive|siunhanech has 20 seconds left.\n|\n|t:|1776432786\n|move|p1a: B\u1eafn t\u00f9m lum|Protect|p1a: B\u1eafn t\u00f9m lum\n|-singleturn|p1a: B\u1eafn t\u00f9m lum|Protect\n|move|p2a: Chucklenuts|Play Rough|p1a: B\u1eafn t\u00f9m lum\n|-activate|p1a: B\u1eafn t\u00f9m lum|move: Protect\n|move|p2b: #myshelburne|Matcha Gotcha|p1a: B\u1eafn t\u00f9m lum|[spread] p1b\n|-activate|p1a: B\u1eafn t\u00f9m lum|move: Protect\n|-damage|p1b: \u0110\u00e0 \u0111i\u1ec3u|78/100\n|-heal|p2b: #myshelburne|56/100|[from] drain|[of] p1b: \u0110\u00e0 \u0111i\u1ec3u\n|move|p1b: \u0110\u00e0 \u0111i\u1ec3u|Baton Pass|p1b: \u0110\u00e0 \u0111i\u1ec3u\n|\n|t:|1776432788\n|switch|p1b: Tr\u00e0 t\u1eeb tay|Sinistcha, L50|100/100|[from] Baton Pass\n|-heal|p1a: B\u1eafn t\u00f9m lum|86/100|[from] ability: Hospitality|[of] p1b: Tr\u00e0 t\u1eeb tay\n|\n|-weather|RainDance|[upkeep]\n|-sideend|p2: bushidobayleef|move: Tailwind\n|upkeep\n|turn|6\n|inactive|bushidobayleef has 30 seconds left.\n|inactive|bushidobayleef has 20 seconds left.\n|inactive|bushidobayleef has 15 seconds left.\n|inactive|bushidobayleef has 10 seconds left.\n|\n|t:|1776432836\n|switch|p2a: KILL PEOPLE|Tauros-Paldea-Aqua, L50, M|100/100\n|-ability|p2a: KILL PEOPLE|Intimidate|boost\n|-unboost|p1a: B\u1eafn t\u00f9m lum|atk|1\n|-unboost|p1b: Tr\u00e0 t\u1eeb tay|atk|1\n|move|p2b: #myshelburne|Protect|p2b: #myshelburne\n|-singleturn|p2b: #myshelburne|Protect\n|move|p1a: B\u1eafn t\u00f9m lum|Water Spout|p2b: #myshelburne|[spread] p2a\n|-activate|p2b: #myshelburne|move: Protect\n|-resisted|p2a: KILL PEOPLE|1\n|-damage|p2a: KILL PEOPLE|0 fnt\n|faint|p2a: KILL PEOPLE\n|move|p1b: Tr\u00e0 t\u1eeb tay|Matcha Gotcha|p2b: #myshelburne\n|-activate|p2b: #myshelburne|move: Protect\n|\n|-weather|none\n|upkeep\n|\n|t:|1776432854\n|switch|p2a: Chucklenuts|Tinkaton, L50, F|4/100\n|turn|7\n|\n|t:|1776432863\n|move|p2a: Chucklenuts|Fake Out|p1a: B\u1eafn t\u00f9m lum\n|-damage|p1a: B\u1eafn t\u00f9m lum|79/100\n|cant|p1a: B\u1eafn t\u00f9m lum|flinch\n|move|p1b: Tr\u00e0 t\u1eeb tay|Matcha Gotcha|p2a: Chucklenuts|[spread] p2b\n|-miss|p1b: Tr\u00e0 t\u1eeb tay|p2a: Chucklenuts\n|-resisted|p2b: #myshelburne|1\n|-damage|p2b: #myshelburne|34/100\n|move|p2b: #myshelburne|Matcha Gotcha|p1b: Tr\u00e0 t\u1eeb tay|[spread] p1a,p1b\n|-supereffective|p1a: B\u1eafn t\u00f9m lum|1\n|-resisted|p1b: Tr\u00e0 t\u1eeb tay|1\n|-damage|p1a: B\u1eafn t\u00f9m lum|52/100\n|-heal|p2b: #myshelburne|48/100|[from] drain|[of] p1a: B\u1eafn t\u00f9m lum\n|-damage|p1b: Tr\u00e0 t\u1eeb tay|93/100\n|-heal|p2b: #myshelburne|52/100|[from] drain|[of] p1b: Tr\u00e0 t\u1eeb tay\n|\n|upkeep\n|turn|8\n|inactive|bushidobayleef has 30 seconds left.\n|inactive|bushidobayleef has 20 seconds left.\n|\n|t:|1776432899\n|move|p1a: B\u1eafn t\u00f9m lum|Ice Beam|p2b: #myshelburne\n|-supereffective|p2b: #myshelburne|1\n|-damage|p2b: #myshelburne|0 fnt\n|faint|p2b: #myshelburne\n|move|p2a: Chucklenuts|Play Rough|p1a: B\u1eafn t\u00f9m lum\n|-damage|p1a: B\u1eafn t\u00f9m lum|23/100\n|-unboost|p1a: B\u1eafn t\u00f9m lum|atk|1\n|move|p1b: Tr\u00e0 t\u1eeb tay|Matcha Gotcha|p2a: Chucklenuts\n|-resisted|p2a: Chucklenuts|1\n|-damage|p2a: Chucklenuts|0 fnt\n|-heal|p1b: Tr\u00e0 t\u1eeb tay|95/100|[from] drain|[of] p2a: Chucklenuts\n|faint|p2a: Chucklenuts\n|\n|upkeep\n|\n|t:|1776432916\n|switch|p2b: r/disnonored|Corviknight, L50, F|91/100\n|turn|9\n|\n|t:|1776432928\n|move|p1a: B\u1eafn t\u00f9m lum|Protect|p1a: B\u1eafn t\u00f9m lum\n|-singleturn|p1a: B\u1eafn t\u00f9m lum|Protect\n|move|p1b: Tr\u00e0 t\u1eeb tay|Life Dew|p1b: Tr\u00e0 t\u1eeb tay|[spread] p1a,p1b\n|-heal|p1a: B\u1eafn t\u00f9m lum|48/100\n|-heal|p1b: Tr\u00e0 t\u1eeb tay|100/100\n|move|p2b: r/disnonored|Tailwind|p2b: r/disnonored\n|-sidestart|p2: bushidobayleef|move: Tailwind\n|\n|upkeep\n|turn|10\n|\n|t:|1776432945\n|move|p1a: B\u1eafn t\u00f9m lum|Aura Sphere|p2b: r/disnonored\n|-damage|p2b: r/disnonored|25/100\n|-enditem|p2b: r/disnonored|Sitrus Berry|[eat]\n|-heal|p2b: r/disnonored|50/100|[from] item: Sitrus Berry\n|move|p2b: r/disnonored|Brave Bird|p1b: Tr\u00e0 t\u1eeb tay\n|-supereffective|p1b: Tr\u00e0 t\u1eeb tay|1\n|-damage|p1b: Tr\u00e0 t\u1eeb tay|36/100\n|-enditem|p1b: Tr\u00e0 t\u1eeb tay|Sitrus Berry|[eat]\n|-heal|p1b: Tr\u00e0 t\u1eeb tay|61/100|[from] item: Sitrus Berry\n|-damage|p2b: r/disnonored|32/100|[from] Recoil\n|move|p1b: Tr\u00e0 t\u1eeb tay|Life Dew|p1b: Tr\u00e0 t\u1eeb tay|[spread] p1a,p1b\n|-heal|p1a: B\u1eafn t\u00f9m lum|73/100\n|-heal|p1b: Tr\u00e0 t\u1eeb tay|86/100\n|\n|upkeep\n|turn|11\n|inactive|bushidobayleef has 30 seconds left.\n|\n|t:|1776432972\n|move|p1a: B\u1eafn t\u00f9m lum|Aura Sphere|p2b: r/disnonored\n|-damage|p2b: r/disnonored|0 fnt\n|faint|p2b: r/disnonored\n|\n|win|siunhanech\n|raw|siunhanech's rating: 1385 &rarr; <strong>1400</strong><br />(+15 for winning)\n|raw|bushidobayleef's rating: 1302 &rarr; <strong>1287</strong><br />(-15 for losing)\n",
  "uploadtime": 1776432978,
  "views": 67,
  "formatid": "gen9championsvgc2026regma",
  "rating": 1287,
  "private": 0,
  "password": null
}