{
  "id": "gen9championsvgc2026regma-2588301293",
  "format": "[Gen 9 Champions] VGC 2026 Reg M-A",
  "players": [
    "Knoss",
    "User Dark DDD"
  ],
  "log": "|j|\u2606Knoss\n|j|\u2606User Dark DDD\n|t:|1776622288\n|gametype|doubles\n|player|p1|Knoss|ingo-hisui|1072\n|player|p2|User Dark DDD|265|1049\n|gen|9\n|tier|[Gen 9 Champions] VGC 2026 Reg M-A\n|rated|\n|rule|Species Clause: Limit one of each Pok\u00e9mon\n|rule|Item Clause: Limit 1 of each item\n|clearpoke\n|poke|p1|Incineroar, L50, F|\n|poke|p1|Sinistcha, L50|\n|poke|p1|Tyranitar, L50, F|\n|poke|p1|Excadrill, L50, M|\n|poke|p1|Farigiraf, L50, M|\n|poke|p1|Drampa, L50, M|\n|poke|p2|Alcremie-Rainbow-Swirl, L50, F|\n|poke|p2|Farigiraf, L50, F, shiny|\n|poke|p2|Hatterene, L50, F, shiny|\n|poke|p2|Tyranitar, L50, M|\n|poke|p2|Sandaconda, L50, F, shiny|\n|poke|p2|Gyarados, L50, M|\n|teampreview|4\n|inactive|Battle timer is ON: inactive players will automatically lose when time's up. (requested by User Dark DDD)\n|\n|t:|1776622326\n|teamsize|p1|4\n|teamsize|p2|4\n|start\n|switch|p1a: Tyranitar|Tyranitar, L50, F|100/100\n|switch|p1b: Excadrill|Excadrill, L50, M|100/100\n|switch|p2a: Hatterene|Hatterene, L50, F, shiny|100/100\n|switch|p2b: Alcremie|Alcremie-Rainbow-Swirl, L50, F|100/100\n|-weather|Sandstorm|[from] ability: Sand Stream|[of] p1a: Tyranitar\n|turn|1\n|\n|t:|1776622350\n|switch|p2a: Gyarados|Gyarados, L50, M|100/100\n|-ability|p2a: Gyarados|Intimidate|boost\n|-unboost|p1a: Tyranitar|atk|1\n|-unboost|p1b: Excadrill|atk|1\n|move|p1b: Excadrill|Iron Head|p2a: Gyarados\n|-resisted|p2a: Gyarados|1\n|-damage|p2a: Gyarados|86/100\n|move|p1a: Tyranitar|Rock Slide|p2b: Alcremie|[spread] p2a\n|-miss|p1a: Tyranitar|p2b: Alcremie\n|-supereffective|p2a: Gyarados|1\n|-damage|p2a: Gyarados|35/100\n|-enditem|p2a: Gyarados|Sitrus Berry|[eat]\n|-heal|p2a: Gyarados|60/100|[from] item: Sitrus Berry\n|move|p2b: Alcremie|Decorate|p2a: Gyarados\n|-boost|p2a: Gyarados|atk|2\n|-boost|p2a: Gyarados|spa|2\n|\n|-weather|Sandstorm|[upkeep]\n|-damage|p2a: Gyarados|54/100|[from] Sandstorm\n|-damage|p2b: Alcremie|95/100|[from] Sandstorm\n|upkeep\n|turn|2\n|inactive|User Dark DDD has 30 seconds left.\n|inactive|User Dark DDD has 20 seconds left.\n|inactive|User Dark DDD has 15 seconds left.\n|inactive|User Dark DDD has 10 seconds left.\n|inactive|User Dark DDD has 5 seconds left.\n|\n|t:|1776622402\n|move|p1b: Excadrill|Rock Slide|p2a: Gyarados|[spread] p2a,p2b\n|-supereffective|p2a: Gyarados|1\n|-damage|p2a: Gyarados|23/100\n|-damage|p2b: Alcremie|81/100\n|move|p1a: Tyranitar|Rock Slide|p2b: Alcremie|[spread] p2a,p2b\n|-supereffective|p2a: Gyarados|1\n|-damage|p2a: Gyarados|0 fnt\n|-damage|p2b: Alcremie|60/100\n|faint|p2a: Gyarados\n|cant|p2b: Alcremie|flinch\n|\n|-weather|Sandstorm|[upkeep]\n|-damage|p2b: Alcremie|54/100|[from] Sandstorm\n|upkeep\n|\n|t:|1776622413\n|switch|p2a: Farigiraf|Farigiraf, L50, F, shiny|100/100\n|turn|3\n|\n|t:|1776622422\n|move|p1b: Excadrill|Iron Head|p2a: Farigiraf\n|-damage|p2a: Farigiraf|70/100\n|move|p1a: Tyranitar|Rock Slide|p2b: Alcremie|[spread] p2a,p2b\n|-crit|p2b: Alcremie\n|-damage|p2a: Farigiraf|46/100\n|-damage|p2b: Alcremie|6/100\n|move|p2b: Alcremie|Decorate|p2a: Farigiraf\n|-boost|p2a: Farigiraf|atk|2\n|-boost|p2a: Farigiraf|spa|2\n|cant|p2a: Farigiraf|flinch\n|\n|-weather|Sandstorm|[upkeep]\n|-damage|p2b: Alcremie|0 fnt|[from] Sandstorm\n|-damage|p2a: Farigiraf|40/100|[from] Sandstorm\n|faint|p2b: Alcremie\n|upkeep\n|\n|t:|1776622432\n|switch|p2b: Hatterene|Hatterene, L50, F, shiny|100/100\n|turn|4\n|\n|t:|1776622441\n|move|p1b: Excadrill|Iron Head|p2b: Hatterene\n|-supereffective|p2b: Hatterene|1\n|-damage|p2b: Hatterene|27/100\n|move|p1a: Tyranitar|Rock Slide|p2a: Farigiraf|[spread] p2b\n|-miss|p1a: Tyranitar|p2a: Farigiraf\n|-damage|p2b: Hatterene|2/100\n|move|p2a: Farigiraf|Rest|p2a: Farigiraf\n|-status|p2a: Farigiraf|slp|[from] move: Rest\n|-heal|p2a: Farigiraf|100/100 slp|[silent]\n|-enditem|p2a: Farigiraf|Chesto Berry|[eat]\n|-curestatus|p2a: Farigiraf|slp|[msg]\n|cant|p2b: Hatterene|flinch\n|\n|-weather|Sandstorm|[upkeep]\n|-damage|p2a: Farigiraf|94/100|[from] Sandstorm\n|-damage|p2b: Hatterene|0 fnt|[from] Sandstorm\n|faint|p2b: Hatterene\n|upkeep\n|turn|5\n|\n|t:|1776622459\n|move|p1b: Excadrill|Iron Head|p2a: Farigiraf\n|-damage|p2a: Farigiraf|58/100\n|move|p1a: Tyranitar|Rock Slide|p2a: Farigiraf\n|-damage|p2a: Farigiraf|28/100\n|cant|p2a: Farigiraf|flinch\n|\n|-weather|none\n|upkeep\n|turn|6\n|-message|User Dark DDD forfeited.\n|\n|win|Knoss\n|raw|Knoss's rating: 1072 &rarr; <strong>1099</strong><br />(+27 for winning)\n|raw|User Dark DDD's rating: 1049 &rarr; <strong>1033</strong><br />(-16 for losing)\n|l|\u2606User Dark DDD\n|player|p2|\n",
  "uploadtime": 1776622474,
  "views": 22,
  "formatid": "gen9championsvgc2026regma",
  "rating": 1033,
  "private": 0,
  "password": null
}