{
  "id": "gen9championsvgc2026regma-2587864699",
  "format": "[Gen 9 Champions] VGC 2026 Reg M-A",
  "players": [
    "eppad",
    "jaesun0810"
  ],
  "log": "|j|\u2606eppad\n|j|\u2606jaesun0810\n|t:|1776572113\n|gametype|doubles\n|player|p1|eppad|169|1451\n|player|p2|jaesun0810|102|1527\n|gen|9\n|tier|[Gen 9 Champions] VGC 2026 Reg M-A\n|rated|\n|rule|Species Clause: Limit one of each Pok\u00e9mon\n|rule|Item Clause: Limit 1 of each item\n|clearpoke\n|poke|p1|Corviknight, L50, F|\n|poke|p1|Tyranitar, L50, F|\n|poke|p1|Farigiraf, L50, M|\n|poke|p1|Rotom-Wash, L50|\n|poke|p1|Incineroar, L50, M|\n|poke|p1|Gengar, L50, M|\n|poke|p2|Basculegion, L50, M|\n|poke|p2|Sableye, L50, M|\n|poke|p2|Archaludon, L50, F|\n|poke|p2|Meganium, L50, F|\n|poke|p2|Pelipper, L50, M|\n|poke|p2|Sneasler, L50, F|\n|teampreview|4\n|j| Vbeechu\n|l| Vbeechu\n|\n|t:|1776572138\n|teamsize|p1|4\n|teamsize|p2|4\n|start\n|switch|p1a: Farigiraf|Farigiraf, L50, M|100/100\n|switch|p1b: Rotom|Rotom-Wash, L50|100/100\n|switch|p2a: Pelipper|Pelipper, L50, M|100/100\n|switch|p2b: Basculegion|Basculegion, L50, M|100/100\n|-weather|RainDance|[from] ability: Drizzle|[of] p2a: Pelipper\n|turn|1\n|\n|t:|1776572175\n|switch|p2a: Archaludon|Archaludon, L50, F|100/100\n|move|p1a: Farigiraf|Protect|p1a: Farigiraf\n|-singleturn|p1a: Farigiraf|Protect\n|move|p2b: Basculegion|Flip Turn|p1a: Farigiraf\n|-activate|p1a: Farigiraf|move: Protect\n|move|p1b: Rotom|Thunderbolt|p2b: Basculegion\n|-supereffective|p2b: Basculegion|1\n|-damage|p2b: Basculegion|0 fnt\n|faint|p2b: Basculegion\n|\n|-weather|RainDance|[upkeep]\n|upkeep\n|\n|t:|1776572188\n|switch|p2b: Meganium|Meganium, L50, F|100/100\n|turn|2\n|\n|t:|1776572193\n|switch|p1b: Tyranitar|Tyranitar, L50, F|100/100\n|-weather|Sandstorm|[from] ability: Sand Stream|[of] p1b: Tyranitar\n|detailschange|p2b: Meganium|Meganium-Mega, L50, F\n|-mega|p2b: Meganium|Meganium|Meganiumite\n|move|p2b: Meganium|Solar Beam||[still]\n|-prepare|p2b: Meganium|Solar Beam\n|-activate|p2b: Meganium|ability: Mega Sol\n|-anim|p2b: Meganium|Solar Beam|p1b: Tyranitar\n|-supereffective|p1b: Tyranitar|1\n|-damage|p1b: Tyranitar|0 fnt\n|faint|p1b: Tyranitar\n|move|p2a: Archaludon|Electro Shot||[still]\n|-prepare|p2a: Archaludon|Electro Shot\n|-boost|p2a: Archaludon|spa|1\n|move|p1a: Farigiraf|Trick Room|p1a: Farigiraf\n|-fieldstart|move: Trick Room|[of] p1a: Farigiraf\n|\n|-weather|Sandstorm|[upkeep]\n|-damage|p1a: Farigiraf|95/100|[from] Sandstorm\n|-damage|p2b: Meganium|94/100|[from] Sandstorm\n|upkeep\n|inactive|Battle timer is ON: inactive players will automatically lose when time's up. (requested by jaesun0810)\n|j| sammap\n|inactive|eppad has 60 seconds left.\n|inactive|eppad has 30 seconds left.\n|inactive|eppad has 20 seconds left.\n|inactive|eppad has 15 seconds left.\n|inactive|eppad has 10 seconds left.\n|inactive|eppad has 5 seconds left.\n|\n|t:|1776572361\n|switch|p1b: Rotom|Rotom-Wash, L50|100/100\n|turn|3\n|inactive|eppad has 30 seconds left.\n|l| sammap\n|inactive|eppad has 20 seconds left.\n|inactive|eppad has 15 seconds left.\n|j| AMDGBananaBen\n|inactive|eppad has 10 seconds left.\n|l| AMDGBananaBen\n|inactive|eppad has 5 seconds left.\n|\n|t:|1776572416\n|move|p1a: Farigiraf|Protect|p1a: Farigiraf\n|-singleturn|p1a: Farigiraf|Protect\n|move|p2a: Archaludon|Electro Shot|p1a: Farigiraf|[from] lockedmove\n|-activate|p1a: Farigiraf|move: Protect\n|move|p2b: Meganium|Solar Beam||[still]\n|-prepare|p2b: Meganium|Solar Beam\n|-activate|p2b: Meganium|ability: Mega Sol\n|-anim|p2b: Meganium|Solar Beam|p1b: Rotom\n|-supereffective|p1b: Rotom|1\n|-damage|p1b: Rotom|0 fnt\n|faint|p1b: Rotom\n|\n|-weather|Sandstorm|[upkeep]\n|-damage|p1a: Farigiraf|89/100|[from] Sandstorm\n|-damage|p2b: Meganium|88/100|[from] Sandstorm\n|upkeep\n|inactive|eppad has 30 seconds left.\n|inactive|eppad has 20 seconds left.\n|inactive|eppad has 15 seconds left.\n|inactive|eppad has 10 seconds left.\n|inactive|eppad has 5 seconds left.\n|\n|t:|1776572471\n|switch|p1b: Gengar|Gengar, L50, M|100/100\n|turn|4\n|inactive|eppad has 30 seconds left.\n|inactive|eppad has 20 seconds left.\n|inactive|eppad has 15 seconds left.\n|inactive|eppad has 10 seconds left.\n|inactive|eppad has 5 seconds left.\n|\n|t:|1776572526\n|switch|p2b: Pelipper|Pelipper, L50, M|100/100\n|-weather|RainDance|[from] ability: Drizzle|[of] p2b: Pelipper\n|move|p1a: Farigiraf|Protect||[still]\n|-fail|p1a: Farigiraf\n|move|p1b: Gengar|Protect|p1b: Gengar\n|-singleturn|p1b: Gengar|Protect\n|move|p2a: Archaludon|Electro Shot||[still]\n|-prepare|p2a: Archaludon|Electro Shot\n|-boost|p2a: Archaludon|spa|1\n|-anim|p2a: Archaludon|Electro Shot|p1b: Gengar\n|-activate|p1b: Gengar|move: Protect\n|\n|-weather|RainDance|[upkeep]\n|upkeep\n|turn|5\n|inactive|eppad has 30 seconds left.\n|inactive|eppad has 20 seconds left.\n|inactive|eppad has 15 seconds left.\n|inactive|eppad has 10 seconds left.\n|inactive|eppad has 5 seconds left.\n|\n|t:|1776572581\n|move|p1a: Farigiraf|Protect|p1a: Farigiraf\n|-singleturn|p1a: Farigiraf|Protect\n|move|p1b: Gengar|Protect||[still]\n|-fail|p1b: Gengar\n|move|p2a: Archaludon|Electro Shot||[still]\n|-prepare|p2a: Archaludon|Electro Shot\n|-boost|p2a: Archaludon|spa|1\n|-anim|p2a: Archaludon|Electro Shot|p1b: Gengar\n|-damage|p1b: Gengar|0 fnt\n|faint|p1b: Gengar\n|move|p2b: Pelipper|Weather Ball|p1a: Farigiraf\n|-activate|p1a: Farigiraf|move: Protect\n|\n|-weather|RainDance|[upkeep]\n|upkeep\n|turn|6\n|inactive|eppad has 30 seconds left.\n|inactive|eppad has 20 seconds left.\n|inactive|eppad has 15 seconds left.\n|inactive|eppad has 10 seconds left.\n|inactive|eppad has 5 seconds left.\n|\n|t:|1776572636\n|move|p1a: Farigiraf|Protect||[still]\n|-fail|p1a: Farigiraf\n|move|p2a: Archaludon|Electro Shot||[still]\n|-prepare|p2a: Archaludon|Electro Shot\n|-boost|p2a: Archaludon|spa|1\n|-anim|p2a: Archaludon|Electro Shot|p1a: Farigiraf\n|-damage|p1a: Farigiraf|0 fnt\n|faint|p1a: Farigiraf\n|\n|win|jaesun0810\n|raw|eppad's rating: 1451 &rarr; <strong>1435</strong><br />(-16 for losing)\n|raw|jaesun0810's rating: 1527 &rarr; <strong>1543</strong><br />(+16 for winning)\n|l|\u2606jaesun0810\n|player|p2|\n",
  "uploadtime": 1776572666,
  "views": 18,
  "formatid": "gen9championsvgc2026regma",
  "rating": 1435,
  "private": 0,
  "password": null
}