{
  "id": "gen9championsvgc2026regma-2583828091",
  "format": "[Gen 9 Champions] VGC 2026 Reg M-A",
  "players": [
    "RandomGuyInSchool",
    "Sad Cricket"
  ],
  "log": "|j|\u2606RandomGuyInSchool\n|j|\u2606Sad Cricket\n|t:|1776200880\n|gametype|doubles\n|player|p1|RandomGuyInSchool|schoolkid-gen4|1119\n|player|p2|Sad Cricket|pokemaniac|1105\n|gen|9\n|tier|[Gen 9 Champions] VGC 2026 Reg M-A\n|rated|\n|rule|Species Clause: Limit one of each Pok\u00e9mon\n|rule|Item Clause: Limit 1 of each item\n|clearpoke\n|poke|p1|Rotom-Wash, L50|\n|poke|p1|Incineroar, L50, F|\n|poke|p1|Sinistcha, L50|\n|poke|p1|Aerodactyl, L50, F|\n|poke|p1|Golurk, L50|\n|poke|p1|Gengar, L50, M|\n|poke|p2|Dragonite, L50, F|\n|poke|p2|Archaludon, L50, M|\n|poke|p2|Pelipper, L50, F|\n|poke|p2|Basculegion, L50, M|\n|poke|p2|Rotom-Heat, L50|\n|poke|p2|Sneasler, L50, M|\n|teampreview|4\n|inactive|Battle timer is ON: inactive players will automatically lose when time's up. (requested by RandomGuyInSchool)\n|inactive|Sad Cricket also wants the timer to be on.\nSad Cricket has agreed to open team sheets.\nRandomGuyInSchool rejected open team sheets.\n|inactive|RandomGuyInSchool has 60 seconds left.\n|inactive|Sad Cricket has 60 seconds left.\n|\n|t:|1776200927\n|teamsize|p1|4\n|teamsize|p2|4\n|start\n|switch|p1a: Sinistcha|Sinistcha, L50|100/100\n|switch|p1b: Incineroar|Incineroar, L50, F|100/100\n|switch|p2a: Rotom|Rotom-Heat, L50|100/100\n|switch|p2b: Basculegion|Basculegion, L50, M|100/100\n|-ability|p1b: Incineroar|Intimidate|boost\n|-unboost|p2a: Rotom|atk|1\n|-unboost|p2b: Basculegion|atk|1\n|turn|1\n|inactive|Sad Cricket has 30 seconds left.\n|inactive|Sad Cricket has 20 seconds left.\n|inactive|Sad Cricket has 15 seconds left.\n|inactive|Sad Cricket has 10 seconds left.\n|\n|t:|1776200973\n|switch|p2a: Pelipper|Pelipper, L50, F|100/100\n|-weather|RainDance|[from] ability: Drizzle|[of] p2a: Pelipper\n|move|p1b: Incineroar|Fake Out|p2a: Pelipper\n|-damage|p2a: Pelipper|88/100\n|move|p2b: Basculegion|Flip Turn|p1b: Incineroar\n|-supereffective|p1b: Incineroar|1\n|-enditem|p1b: Incineroar|Passho Berry|[eat]\n|-enditem|p1b: Incineroar|Passho Berry|[weaken]\n|-damage|p1b: Incineroar|75/100\n|\n|t:|1776200988\n|switch|p2b: Rotom|Rotom-Heat, L50|100/100|[from] Flip Turn\n|move|p1a: Sinistcha|Trick Room|p1a: Sinistcha\n|-fieldstart|move: Trick Room|[of] p1a: Sinistcha\n|\n|-weather|RainDance|[upkeep]\n|upkeep\n|turn|2\n|\n|t:|1776201008\n|switch|p1a: Golurk|Golurk, L50|100/100\n|move|p2a: Pelipper|Protect|p2a: Pelipper\n|-singleturn|p2a: Pelipper|Protect\n|move|p1b: Incineroar|Parting Shot|p2a: Pelipper\n|-activate|p2a: Pelipper|move: Protect\n|move|p2b: Rotom|Trick||[still]\n|-fail|p2b: Rotom\n|\n|-weather|RainDance|[upkeep]\n|upkeep\n|turn|3\n|inactive|RandomGuyInSchool has 30 seconds left.\n|\n|t:|1776201041\n|detailschange|p1a: Golurk|Golurk-Mega, L50\n|-mega|p1a: Golurk|Golurk|Golurkite\n|move|p1b: Incineroar|Parting Shot|p2a: Pelipper\n|-unboost|p2a: Pelipper|atk|1\n|-unboost|p2a: Pelipper|spa|1\n|\n|t:|1776201051\n|switch|p1b: Rotom|Rotom-Wash, L50|100/100|[from] Parting Shot\n|move|p1a: Golurk|Poltergeist|p2b: Rotom\n|-activate|p2b: Rotom|move: Poltergeist|Choice Scarf\n|-damage|p2b: Rotom|0 fnt\n|faint|p2b: Rotom\n|move|p2a: Pelipper|Weather Ball|p1a: Golurk\n|-supereffective|p1a: Golurk|1\n|-damage|p1a: Golurk|27/100\n|\n|-weather|RainDance|[upkeep]\n|upkeep\n|\n|t:|1776201064\n|switch|p2b: Basculegion|Basculegion, L50, M|100/100\n|turn|4\n|\n|t:|1776201081\n|switch|p2a: Dragonite|Dragonite, L50, F|100/100\n|move|p1a: Golurk|Protect|p1a: Golurk\n|-singleturn|p1a: Golurk|Protect\n|move|p2b: Basculegion|Aqua Jet|p1a: Golurk\n|-activate|p1a: Golurk|move: Protect\n|move|p1b: Rotom|Will-O-Wisp|p2b: Basculegion\n|-status|p2b: Basculegion|brn\n|\n|-weather|RainDance|[upkeep]\n|-damage|p2b: Basculegion|94/100 brn|[from] brn\n|upkeep\n|turn|5\n|\n|t:|1776201105\n|switch|p1a: Sinistcha|Sinistcha, L50|100/100\n|detailschange|p2a: Dragonite|Dragonite-Mega, L50, F\n|-mega|p2a: Dragonite|Dragonite|Dragoninite\n|move|p2b: Basculegion|Aqua Jet|p1a: Sinistcha\n|-resisted|p1a: Sinistcha|1\n|-damage|p1a: Sinistcha|92/100\n|move|p2a: Dragonite|Tailwind|p2a: Dragonite\n|-sidestart|p2: Sad Cricket|move: Tailwind\n|move|p1b: Rotom|Will-O-Wisp|p2a: Dragonite\n|-status|p2a: Dragonite|brn\n|\n|-weather|none\n|-damage|p2a: Dragonite|94/100 brn|[from] brn\n|-damage|p2b: Basculegion|88/100 brn|[from] brn\n|-fieldend|move: Trick Room\n|upkeep\n|turn|6\n|\n|t:|1776201124\n|switch|p1b: Golurk|Golurk-Mega, L50|27/100\n|switch|p2b: Pelipper|Pelipper, L50, F|88/100\n|-weather|RainDance|[from] ability: Drizzle|[of] p2b: Pelipper\n|move|p2a: Dragonite|Hurricane|p1a: Sinistcha\n|-supereffective|p1a: Sinistcha|1\n|-damage|p1a: Sinistcha|0 fnt\n|faint|p1a: Sinistcha\n|\n|-weather|RainDance|[upkeep]\n|-damage|p2a: Dragonite|88/100 brn|[from] brn\n|upkeep\n|-message|RandomGuyInSchool forfeited.\n|\n|win|Sad Cricket\n|raw|RandomGuyInSchool's rating: 1119 &rarr; <strong>1093</strong><br />(-26 for losing)\n|raw|Sad Cricket's rating: 1105 &rarr; <strong>1131</strong><br />(+26 for winning)\n",
  "uploadtime": 1776201141,
  "views": 17,
  "formatid": "gen9championsvgc2026regma",
  "rating": 1093,
  "private": 0,
  "password": null
}