{
  "id": "gen9championsvgc2026regma-2586059510",
  "format": "[Gen 9 Champions] VGC 2026 Reg M-A",
  "players": [
    "tihhihmatt",
    "RyanMelon"
  ],
  "log": "|j|\u2606tihhihmatt\n|j|\u2606RyanMelon\n|t:|1776394719\n|gametype|doubles\n|player|p1|tihhihmatt|sage|\n|player|p2|RyanMelon|gardenia|\n|gen|9\n|tier|[Gen 9 Champions] VGC 2026 Reg M-A\n|rule|Species Clause: Limit one of each Pok\u00e9mon\n|rule|Item Clause: Limit 1 of each item\n|clearpoke\n|poke|p1|Basculegion, L50, M|\n|poke|p1|Pelipper, L50, F|\n|poke|p1|Gallade, L50, M|\n|poke|p1|Goodra-Hisui, L50, M|\n|poke|p1|Clefable, L50, F|\n|poke|p1|Kangaskhan, L50, F|\n|poke|p2|Politoed, L50, F|\n|poke|p2|Dragonite, L50, F|\n|poke|p2|Pikachu, L50, M|\n|poke|p2|Tsareena, L50, F|\n|poke|p2|Basculegion-F, L50, F|\n|poke|p2|Mimikyu, L50, F|\n|teampreview|4\n|c|\u2606tihhihmatt|i got link\n|j| Blaze Gol D Blade\n|j| DannyMelon\n|\n|t:|1776394794\n|teamsize|p1|4\n|teamsize|p2|4\n|start\n|switch|p1a: gih-h|Goodra-Hisui, L50, M, shiny|100/100\n|switch|p1b: clih|Clefable, L50, F|100/100\n|switch|p2a: ratpack|Pikachu, L50, M, shiny|100/100\n|switch|p2b: DivaCrown|Tsareena, L50, F, shiny|100/100\n|turn|1\n|j| pogchew\n|\n|t:|1776394890\n|move|p2a: ratpack|Fake Out|p1b: clih\n|-damage|p1b: clih|81/100\n|move|p2b: DivaCrown|High Jump Kick|p1a: gih-h\n|-supereffective|p1a: gih-h|1\n|-damage|p1a: gih-h|23/100\n|move|p1a: gih-h|Shelter|p1a: gih-h\n|-boost|p1a: gih-h|def|2\n|cant|p1b: clih|flinch\n|\n|-heal|p1a: gih-h|29/100|[from] item: Leftovers\n|upkeep\n|turn|2\n|\n|t:|1776394954\n|move|p1a: gih-h|Protect|p1a: gih-h\n|-singleturn|p1a: gih-h|Protect\n|move|p2a: ratpack|Volt Tackle|p1b: clih\n|-damage|p1b: clih|1/100\n|-enditem|p1b: clih|Sitrus Berry|[eat]\n|-heal|p1b: clih|26/100|[from] item: Sitrus Berry\n|-damage|p2a: ratpack|53/100|[from] Recoil\n|move|p2b: DivaCrown|High Jump Kick|p1a: gih-h\n|-activate|p1a: gih-h|move: Protect\n|-damage|p2b: DivaCrown|51/100|[from] highjumpkick\n|move|p1b: clih|Moonblast|p2a: ratpack\n|-damage|p2a: ratpack|0 fnt\n|faint|p2a: ratpack\n|\n|-heal|p1a: gih-h|35/100|[from] item: Leftovers\n|upkeep\n|\n|t:|1776394987\n|switch|p2a: bassboat|Basculegion-F, L50, F|100/100\n|turn|3\n|\n|t:|1776395132\n|move|p1b: clih|Follow Me|p1b: clih\n|-singleturn|p1b: clih|move: Follow Me\n|move|p2a: bassboat|Flip Turn|p1b: clih\n|-damage|p1b: clih|0 fnt\n|faint|p1b: clih\n|\n|t:|1776395137\n|switch|p2a: taffy|Politoed, L50, F, shiny|100/100|[from] Flip Turn\n|-weather|RainDance|[from] ability: Drizzle|[of] p2a: taffy\n|move|p2b: DivaCrown|High Jump Kick|p1a: gih-h\n|-supereffective|p1a: gih-h|1\n|-damage|p1a: gih-h|0 fnt\n|faint|p1a: gih-h\n|\n|-weather|RainDance|[upkeep]\n|upkeep\n|\n|t:|1776395146\n|switch|p1b: pih|Pelipper, L50, F, shiny|100/100\n|switch|p1a: fih|Basculegion, L50, M|100/100\n|turn|4\n|\n|t:|1776395260\n|move|p2b: DivaCrown|Protect|p2b: DivaCrown\n|-singleturn|p2b: DivaCrown|Protect\n|move|p1a: fih|Last Respects|p2a: taffy\n|-damage|p2a: taffy|20/100\n|move|p1b: pih|Hurricane|p2b: DivaCrown\n|-activate|p2b: DivaCrown|move: Protect\n|move|p2a: taffy|Weather Ball|p1b: pih\n|-resisted|p1b: pih|1\n|-damage|p1b: pih|59/100\n|\n|-weather|RainDance|[upkeep]\n|upkeep\n|turn|5\n|\n|t:|1776395327\n|move|p2a: taffy|Protect|p2a: taffy\n|-singleturn|p2a: taffy|Protect\n|move|p1a: fih|Last Respects|p2a: taffy\n|-activate|p2a: taffy|move: Protect\n|move|p1b: pih|Hurricane|p2b: DivaCrown\n|-supereffective|p2b: DivaCrown|1\n|-damage|p2b: DivaCrown|0 fnt\n|faint|p2b: DivaCrown\n|\n|-weather|RainDance|[upkeep]\n|upkeep\n|\n|t:|1776395339\n|switch|p2b: bassboat|Basculegion-F, L50, F|100/100\n|turn|6\n|\n|t:|1776395405\n|move|p1a: fih|Last Respects|p2b: bassboat\n|-supereffective|p2b: bassboat|1\n|-damage|p2b: bassboat|0 fnt\n|faint|p2b: bassboat\n|move|p1b: pih|Hurricane|p2a: taffy\n|-damage|p2a: taffy|0 fnt\n|faint|p2a: taffy\n|\n|win|tihhihmatt\n|c|\u2606RyanMelon|gg\n|c|\u2606tihhihmatt|gg\n|l| DannyMelon\n",
  "uploadtime": 1776395422,
  "views": 35,
  "formatid": "gen9championsvgc2026regma",
  "rating": null,
  "private": 0,
  "password": null
}