{
  "id": "gen9championsvgc2026regma-2585062988",
  "format": "[Gen 9 Champions] VGC 2026 Reg M-A",
  "players": [
    "nextliu",
    "ShaggyMetagross"
  ],
  "log": "|j|\u2606nextliu\n|j|\u2606ShaggyMetagross\n|t:|1776307986\n|gametype|doubles\n|player|p1|nextliu|266|1123\n|player|p2|ShaggyMetagross|cyrus|1217\n|gen|9\n|tier|[Gen 9 Champions] VGC 2026 Reg M-A\n|rated|\n|rule|Species Clause: Limit one of each Pok\u00e9mon\n|rule|Item Clause: Limit 1 of each item\n|clearpoke\n|poke|p1|Farigiraf, L50, F|\n|poke|p1|Sableye, L50, M|\n|poke|p1|Arcanine-Hisui, L50, M|\n|poke|p1|Sneasler, L50, M|\n|poke|p1|Aegislash, L50, M|\n|poke|p1|Sinistcha, L50|\n|poke|p2|Pelipper, L50, F|\n|poke|p2|Basculegion-F, L50, F|\n|poke|p2|Scizor, L50, F|\n|poke|p2|Sinistcha, L50|\n|poke|p2|Sneasler, L50, F|\n|poke|p2|Rhyperior, L50, M|\n|teampreview|4\nShaggyMetagross rejected open team sheets.\n|\n|t:|1776308035\n|teamsize|p1|4\n|teamsize|p2|4\n|start\n|switch|p1a: Sableye|Sableye, L50, M|100/100\n|switch|p1b: Sneasler|Sneasler, L50, M|100/100\n|switch|p2a: Pelipper|Pelipper, L50, F, shiny|100/100\n|switch|p2b: Basculegion|Basculegion-F, L50, F|100/100\n|-weather|RainDance|[from] ability: Drizzle|[of] p2a: Pelipper\n|turn|1\n|\n|t:|1776308058\n|detailschange|p1a: Sableye|Sableye-Mega, L50, M\n|-mega|p1a: Sableye|Sableye|Sablenite\n|move|p1b: Sneasler|Fake Out|p2a: Pelipper\n|-damage|p2a: Pelipper|82/100\n|cant|p2a: Pelipper|flinch\n|move|p2b: Basculegion|Muddy Water|p1b: Sneasler|[spread] p1a,p1b\n|-damage|p1a: Sableye|43/100\n|-damage|p1b: Sneasler|9/100\n|move|p1a: Sableye|Nasty Plot|p1a: Sableye\n|-boost|p1a: Sableye|spa|2\n|\n|-weather|RainDance|[upkeep]\n|upkeep\n|turn|2\n|\n|t:|1776308106\n|switch|p1b: Sinistcha|Sinistcha, L50|100/100\n|-heal|p1a: Sableye|68/100|[from] ability: Hospitality|[of] p1b: Sinistcha\n|move|p2b: Basculegion|Protect|p2b: Basculegion\n|-singleturn|p2b: Basculegion|Protect\n|move|p1a: Sableye|Protect|p1a: Sableye\n|-singleturn|p1a: Sableye|Protect\n|move|p2a: Pelipper|Tailwind|p2a: Pelipper\n|-sidestart|p2: ShaggyMetagross|move: Tailwind\n|\n|-weather|RainDance|[upkeep]\n|upkeep\n|turn|3\n|\n|t:|1776308132\n|move|p2a: Pelipper|Hurricane|p1b: Sinistcha\n|-supereffective|p1b: Sinistcha|1\n|-damage|p1b: Sinistcha|15/100\n|move|p2b: Basculegion|Muddy Water|p1b: Sinistcha|[spread] p1a,p1b\n|-resisted|p1b: Sinistcha|1\n|-damage|p1a: Sableye|8/100\n|-damage|p1b: Sinistcha|0 fnt\n|-unboost|p1a: Sableye|accuracy|1\n|faint|p1b: Sinistcha\n|move|p1a: Sableye|Giga Drain|p2b: Basculegion\n|-supereffective|p2b: Basculegion|1\n|-damage|p2b: Basculegion|36/100\n|-heal|p1a: Sableye|53/100|[from] drain|[of] p2b: Basculegion\n|\n|-weather|RainDance|[upkeep]\n|upkeep\n|\n|t:|1776308161\n|switch|p1b: Sneasler|Sneasler, L50, M|9/100\n|turn|4\n|\n|t:|1776308182\n|switch|p2a: Scizor|Scizor, L50, F|100/100\n|move|p2b: Basculegion|Protect|p2b: Basculegion\n|-singleturn|p2b: Basculegion|Protect\n|move|p1b: Sneasler|Fake Out|p2a: Scizor\n|-resisted|p2a: Scizor|1\n|-damage|p2a: Scizor|93/100\n|move|p1a: Sableye|Snarl|p2a: Scizor|[spread] p2a\n|-activate|p2b: Basculegion|move: Protect\n|-damage|p2a: Scizor|60/100\n|-unboost|p2a: Scizor|spa|1\n|\n|-weather|RainDance|[upkeep]\n|upkeep\n|turn|5\n|\n|t:|1776308229\n|detailschange|p2a: Scizor|Scizor-Mega, L50, F\n|-mega|p2a: Scizor|Scizor|Scizorite\n|move|p2a: Scizor|Bullet Punch|p1a: Sableye\n|-damage|p1a: Sableye|23/100\n|move|p2b: Basculegion|Muddy Water|p1b: Sneasler|[spread] p1b\n|-miss|p2b: Basculegion|p1a: Sableye\n|-damage|p1b: Sneasler|0 fnt\n|faint|p1b: Sneasler\n|move|p1a: Sableye|Giga Drain|p2b: Basculegion\n|-supereffective|p2b: Basculegion|1\n|-damage|p2b: Basculegion|0 fnt\n|-heal|p1a: Sableye|48/100|[from] drain|[of] p2b: Basculegion\n|faint|p2b: Basculegion\n|\n|-weather|none\n|-sideend|p2: ShaggyMetagross|move: Tailwind\n|upkeep\n|\n|t:|1776308250\n|switch|p1b: Arcanine|Arcanine-Hisui, L50, M|100/100\n|switch|p2b: Pelipper|Pelipper, L50, F, shiny|82/100\n|-ability|p1b: Arcanine|Intimidate|boost\n|-unboost|p2a: Scizor|atk|1\n|-unboost|p2b: Pelipper|atk|1\n|-weather|RainDance|[from] ability: Drizzle|[of] p2b: Pelipper\n|turn|6\n|\n|t:|1776308289\n|move|p2a: Scizor|Bullet Punch|p1b: Arcanine\n|-damage|p1b: Arcanine|67/100\n|move|p1b: Arcanine|Flare Blitz|p2a: Scizor\n|-supereffective|p2a: Scizor|2\n|-damage|p2a: Scizor|0 fnt\n|faint|p2a: Scizor\n|-damage|p1b: Arcanine|47/100|[from] Recoil\n|move|p2b: Pelipper|Weather Ball|p1b: Arcanine\n|-supereffective|p1b: Arcanine|2\n|-damage|p1b: Arcanine|0 fnt\n|faint|p1b: Arcanine\n|move|p1a: Sableye|Snarl|p2b: Pelipper\n|-damage|p2b: Pelipper|27/100\n|-unboost|p2b: Pelipper|spa|1\n|\n|-weather|RainDance|[upkeep]\n|upkeep\n|\n|t:|1776308308\n|switch|p2a: Sneasler|Sneasler, L50, F|100/100\n|turn|7\n|\n|t:|1776308330\n|move|p2b: Pelipper|Wide Guard|p2b: Pelipper\n|-singleturn|p2b: Pelipper|Wide Guard\n|move|p2a: Sneasler|Throat Chop|p1a: Sableye\n|-damage|p1a: Sableye|21/100\n|-start|p1a: Sableye|Throat Chop|[silent]\n|cant|p1a: Sableye|move: Throat Chop\n|\n|-weather|RainDance|[upkeep]\n|upkeep\n|turn|8\n|\n|t:|1776308343\n|move|p2a: Sneasler|Throat Chop|p1a: Sableye\n|-damage|p1a: Sableye|0 fnt\n|faint|p1a: Sableye\n|\n|win|ShaggyMetagross\n|raw|nextliu's rating: 1123 &rarr; <strong>1105</strong><br />(-18 for losing)\n|raw|ShaggyMetagross's rating: 1217 &rarr; <strong>1235</strong><br />(+18 for winning)\n|l|\u2606nextliu\n|player|p1|\n",
  "uploadtime": 1776308353,
  "views": 20,
  "formatid": "gen9championsvgc2026regma",
  "rating": 1105,
  "private": 0,
  "password": null
}