{
  "id": "gen9championsvgc2026regma-2581656992",
  "format": "[Gen 9 Champions] VGC 2026 Reg M-A",
  "players": [
    "Arnauthr",
    "debouls"
  ],
  "log": "|j|\u2606Arnauthr\n|j|\u2606debouls\n|t:|1776018464\n|gametype|doubles\n|player|p1|Arnauthr|red|1286\n|player|p2|debouls|266|1215\n|gen|9\n|tier|[Gen 9 Champions] VGC 2026 Reg M-A\n|rated|\n|rule|Species Clause: Limit one of each Pok\u00e9mon\n|rule|Item Clause: Limit 1 of each item\n|clearpoke\n|poke|p1|Charizard, L50, F|\n|poke|p1|Whimsicott, L50, M|\n|poke|p1|Incineroar, L50, M|\n|poke|p1|Garchomp, L50, M|\n|poke|p1|Sneasler, L50, F|\n|poke|p1|Kingambit, L50, M|\n|poke|p2|Arcanine, L50, M|\n|poke|p2|Rotom-Wash, L50|\n|poke|p2|Garchomp, L50, F|\n|poke|p2|Venusaur, L50, M|\n|poke|p2|Corviknight, L50, F|\n|poke|p2|Sneasler, L50, F|\n|teampreview|4\n|inactive|Battle timer is ON: inactive players will automatically lose when time's up. (requested by Arnauthr)\n|inactive|Arnauthr has 60 seconds left.\n|inactive|debouls has 60 seconds left.\n|inactive|Arnauthr has 30 seconds left.\n|inactive|Arnauthr has 20 seconds left.\n|inactive|Arnauthr has 15 seconds left.\n|inactive|Arnauthr has 10 seconds left.\n|\n|t:|1776018546\n|teamsize|p1|4\n|teamsize|p2|4\n|start\n|switch|p1a: Charizard|Charizard, L50, F|100/100\n|switch|p1b: Whimsicott|Whimsicott, L50, M|100/100\n|switch|p2a: Sneasler|Sneasler, L50, F|100/100\n|switch|p2b: Garchomp|Garchomp, L50, F|100/100\n|turn|1\n|inactive|Arnauthr has 30 seconds left.\n|inactive|debouls has 30 seconds left.\n|\n|t:|1776018585\n|detailschange|p1a: Charizard|Charizard-Mega-Y, L50, F\n|-mega|p1a: Charizard|Charizard|Charizardite Y\n|-weather|SunnyDay|[from] ability: Drought|[of] p1a: Charizard\n|move|p1b: Whimsicott|Protect|p1b: Whimsicott\n|-singleturn|p1b: Whimsicott|Protect\n|move|p1a: Charizard|Protect|p1a: Charizard\n|-singleturn|p1a: Charizard|Protect\n|move|p2a: Sneasler|Fake Out|p1b: Whimsicott\n|-activate|p1b: Whimsicott|move: Protect\n|move|p2b: Garchomp|Stone Edge|p1a: Charizard\n|-activate|p1a: Charizard|move: Protect\n|\n|-weather|SunnyDay|[upkeep]\n|upkeep\n|turn|2\n|inactive|debouls has 30 seconds left.\n|\n|t:|1776018612\n|switch|p1a: Garchomp|Garchomp, L50, M|100/100\n|move|p2b: Garchomp|Protect|p2b: Garchomp\n|-singleturn|p2b: Garchomp|Protect\n|move|p1b: Whimsicott|Encore|p2a: Sneasler\n|-start|p2a: Sneasler|Encore\n|move|p2a: Sneasler|Fake Out||[still]\n|-hint|Fake Out only works on your first turn out.\n|-fail|p2a: Sneasler\n|\n|-weather|SunnyDay|[upkeep]\n|upkeep\n|turn|3\n|inactive|debouls has 30 seconds left.\n|\n|t:|1776018642\n|switch|p2a: Venusaur|Venusaur, L50, M|100/100\n|switch|p2b: Rotom|Rotom-Wash, L50|100/100\n|move|p1b: Whimsicott|Encore||[still]\n|-fail|p1b: Whimsicott\n|move|p1a: Garchomp|Dragon Claw|p2b: Rotom\n|-damage|p2b: Rotom|44/100\n|\n|-weather|SunnyDay|[upkeep]\n|upkeep\n|turn|4\n|inactive|debouls has 30 seconds left.\n|inactive|debouls has 20 seconds left.\n|inactive|debouls has 15 seconds left.\n|\n|t:|1776018686\n|switch|p2b: Sneasler|Sneasler, L50, F|100/100\n|detailschange|p2a: Venusaur|Venusaur-Mega, L50, M\n|-mega|p2a: Venusaur|Venusaur|Venusaurite\n|move|p1b: Whimsicott|Tailwind|p1b: Whimsicott\n|-sidestart|p1: Arnauthr|move: Tailwind\n|move|p1a: Garchomp|Dragon Claw|p2b: Sneasler\n|-damage|p2b: Sneasler|27/100\n|move|p2a: Venusaur|Leech Seed|p1a: Garchomp\n|-start|p1a: Garchomp|move: Leech Seed\n|\n|-weather|SunnyDay|[upkeep]\n|-damage|p1a: Garchomp|88/100|[from] Leech Seed|[of] p2a: Venusaur\n|upkeep\n|turn|5\n|\n|t:|1776018710\n|switch|p1b: Incineroar|Incineroar, L50, M|100/100\n|-ability|p1b: Incineroar|Intimidate|boost\n|-unboost|p2a: Venusaur|atk|1\n|-unboost|p2b: Sneasler|atk|1\n|move|p2a: Venusaur|Protect|p2a: Venusaur\n|-singleturn|p2a: Venusaur|Protect\n|move|p1a: Garchomp|Earthquake|p2b: Sneasler|[spread] p1b,p2b\n|-activate|p2a: Venusaur|move: Protect\n|-supereffective|p1b: Incineroar|1\n|-supereffective|p2b: Sneasler|1\n|-damage|p1b: Incineroar|16/100\n|-damage|p2b: Sneasler|0 fnt\n|-enditem|p1b: Incineroar|Sitrus Berry|[eat]\n|-heal|p1b: Incineroar|41/100|[from] item: Sitrus Berry\n|faint|p2b: Sneasler\n|\n|-weather|none\n|-damage|p1a: Garchomp|76/100|[from] Leech Seed|[of] p2a: Venusaur\n|upkeep\n|\n|t:|1776018730\n|switch|p2b: Garchomp|Garchomp, L50, F|100/100\n|turn|6\n|\n|t:|1776018744\n|switch|p2a: Rotom|Rotom-Wash, L50|44/100\n|move|p2b: Garchomp|Protect|p2b: Garchomp\n|-singleturn|p2b: Garchomp|Protect\n|move|p1b: Incineroar|Fake Out|p2b: Garchomp\n|-activate|p2b: Garchomp|move: Protect\n|move|p1a: Garchomp|Dragon Claw|p2b: Garchomp\n|-activate|p2b: Garchomp|move: Protect\n|\n|-damage|p1a: Garchomp|63/100|[from] Leech Seed|[of] p2a: Rotom\n|-heal|p2a: Rotom|62/100|[silent]\n|upkeep\n|turn|7\n|inactive|Arnauthr has 30 seconds left.\n|inactive|debouls has 30 seconds left.\n|inactive|Arnauthr has 20 seconds left.\n|inactive|debouls has 20 seconds left.\n|inactive|debouls has 15 seconds left.\n|\n|t:|1776018784\n|switch|p2b: Venusaur|Venusaur-Mega, L50, M|100/100\n|move|p1a: Garchomp|Dragon Claw|p2b: Venusaur\n|-damage|p2b: Venusaur|70/100\n|move|p2a: Rotom|Hydro Pump|p1b: Incineroar\n|-supereffective|p1b: Incineroar|1\n|-damage|p1b: Incineroar|0 fnt\n|faint|p1b: Incineroar\n|\n|-damage|p1a: Garchomp|51/100|[from] Leech Seed|[of] p2a: Rotom\n|-heal|p2a: Rotom|80/100|[silent]\n|-sideend|p1: Arnauthr|move: Tailwind\n|upkeep\n|\n|t:|1776018794\n|switch|p1b: Whimsicott|Whimsicott, L50, M|100/100\n|turn|8\n|\n|t:|1776018814\n|move|p1b: Whimsicott|Tailwind|p1b: Whimsicott\n|-sidestart|p1: Arnauthr|move: Tailwind\n|move|p1a: Garchomp|Dragon Claw|p2a: Rotom\n|-damage|p2a: Rotom|28/100\n|move|p2a: Rotom|Hydro Pump|p1b: Whimsicott\n|-resisted|p1b: Whimsicott|1\n|-damage|p1b: Whimsicott|60/100\n|move|p2b: Venusaur|Sludge Bomb|p1b: Whimsicott\n|-supereffective|p1b: Whimsicott|2\n|-damage|p1b: Whimsicott|0 fnt\n|faint|p1b: Whimsicott\n|\n|-damage|p1a: Garchomp|38/100|[from] Leech Seed|[of] p2a: Rotom\n|-heal|p2a: Rotom|46/100|[silent]\n|upkeep\n|\n|t:|1776018824\n|switch|p1b: Charizard|Charizard-Mega-Y, L50, F|100/100\n|-weather|SunnyDay|[from] ability: Drought|[of] p1b: Charizard\n|turn|9\n|\n|t:|1776018843\n|switch|p2a: Garchomp|Garchomp, L50, F|100/100\n|move|p2b: Venusaur|Protect|p2b: Venusaur\n|-singleturn|p2b: Venusaur|Protect\n|move|p1a: Garchomp|Dragon Claw|p2a: Garchomp\n|-supereffective|p2a: Garchomp|1\n|-damage|p2a: Garchomp|14/100\n|-damage|p1a: Garchomp|26/100|[from] ability: Rough Skin|[of] p2a: Garchomp\n|move|p1b: Charizard|Weather Ball|p2b: Venusaur\n|-activate|p2b: Venusaur|move: Protect\n|\n|-weather|SunnyDay|[upkeep]\n|-damage|p1a: Garchomp|13/100|[from] Leech Seed|[of] p2a: Garchomp\n|-heal|p2a: Garchomp|27/100|[silent]\n|upkeep\n|turn|10\n|inactive|debouls has 30 seconds left.\n|\n|t:|1776018868\n|move|p1a: Garchomp|Dragon Claw|p2a: Garchomp\n|-supereffective|p2a: Garchomp|1\n|-damage|p2a: Garchomp|0 fnt\n|-damage|p1a: Garchomp|1/100|[from] ability: Rough Skin|[of] p2a: Garchomp\n|faint|p2a: Garchomp\n|move|p1b: Charizard|Weather Ball|p2b: Venusaur\n|-supereffective|p2b: Venusaur|1\n|-crit|p2b: Venusaur\n|-damage|p2b: Venusaur|0 fnt\n|faint|p2b: Venusaur\n|\n|-weather|SunnyDay|[upkeep]\n|upkeep\n|\n|t:|1776018881\n|switch|p2b: Rotom|Rotom-Wash, L50|46/100\n|turn|11\n|c|\u2606debouls|gg\n|inactive|Arnauthr has 30 seconds left.\n|inactive|Arnauthr has 20 seconds left.\n|\n|t:|1776018920\n|move|p1a: Garchomp|Dragon Claw|p2b: Rotom\n|-damage|p2b: Rotom|0 fnt\n|faint|p2b: Rotom\n|\n|win|Arnauthr\n|raw|Arnauthr's rating: 1286 &rarr; <strong>1306</strong><br />(+20 for winning)\n|raw|debouls's rating: 1215 &rarr; <strong>1195</strong><br />(-20 for losing)\n|c|\u2606Arnauthr|gg\n",
  "uploadtime": 1776018926,
  "views": 22,
  "formatid": "gen9championsvgc2026regma",
  "rating": 1195,
  "private": 0,
  "password": null
}