{
  "id": "gen9championsvgc2026regma-2582156821",
  "format": "[Gen 9 Champions] VGC 2026 Reg M-A",
  "players": [
    "user638468287",
    "Danielopi"
  ],
  "log": "|j|\u2606user638468287\n|j|\u2606Danielopi\n|t:|1776065279\n|gametype|doubles\n|player|p1|user638468287|1|1145\n|player|p2|Danielopi|pokemaniac|1125\n|gen|9\n|tier|[Gen 9 Champions] VGC 2026 Reg M-A\n|rated|\n|rule|Species Clause: Limit one of each Pok\u00e9mon\n|rule|Item Clause: Limit 1 of each item\n|clearpoke\n|poke|p1|Excadrill, L50, M|\n|poke|p1|Tyranitar, L50, M|\n|poke|p1|Incineroar, L50, M|\n|poke|p1|Sinistcha-Masterpiece, L50|\n|poke|p1|Basculegion, L50, M|\n|poke|p1|Corviknight, L50, F|\n|poke|p2|Kingambit, L50, M|\n|poke|p2|Farigiraf, L50, M|\n|poke|p2|Torkoal, L50, M|\n|poke|p2|Floette-Eternal, L50, F|\n|poke|p2|Sinistcha, L50|\n|poke|p2|Rotom-Wash, L50|\n|teampreview|4\n|inactive|Battle timer is ON: inactive players will automatically lose when time's up. (requested by Danielopi)\n|j| Mikamaster57\n|inactive|user638468287 has 60 seconds left.\n|inactive|Danielopi has 60 seconds left.\n|inactive|user638468287 has 30 seconds left.\n|inactive|user638468287 has 20 seconds left.\n|inactive|user638468287 has 15 seconds left.\n|inactive|user638468287 has 10 seconds left.\n|\n|t:|1776065361\n|teamsize|p1|4\n|teamsize|p2|4\n|start\n|switch|p1a: Josuke|Excadrill, L50, M|100/100\n|switch|p1b: Basculegion|Basculegion, L50, M|100/100\n|switch|p2a: Rotom|Rotom-Wash, L50|100/100\n|switch|p2b: Sinistcha|Sinistcha, L50|100/100\n|turn|1\n|inactive|Danielopi has 30 seconds left.\n|\n|t:|1776065387\n|move|p1a: Josuke|Protect|p1a: Josuke\n|-singleturn|p1a: Josuke|Protect\n|move|p1b: Basculegion|Last Respects|p2b: Sinistcha\n|-supereffective|p2b: Sinistcha|1\n|-damage|p2b: Sinistcha|35/100\n|-enditem|p2b: Sinistcha|Sitrus Berry|[eat]\n|-heal|p2b: Sinistcha|60/100|[from] item: Sitrus Berry\n|move|p2a: Rotom|Volt Switch|p1b: Basculegion\n|-supereffective|p1b: Basculegion|1\n|-damage|p1b: Basculegion|20/100\n|\n|t:|1776065402\n|switch|p2a: Farigiraf|Farigiraf, L50, M|100/100|[from] Volt Switch\n|move|p2b: Sinistcha|Strength Sap|p1a: Josuke\n|-activate|p1a: Josuke|move: Protect\n|\n|upkeep\n|turn|2\n|l| Mikamaster57\n|inactive|user638468287 has 30 seconds left.\n|\n|t:|1776065430\n|switch|p2b: Rotom|Rotom-Wash, L50|100/100\n|detailschange|p1a: Josuke|Excadrill-Mega, L50, M\n|-mega|p1a: Josuke|Excadrill|Excadrite\n|move|p1b: Basculegion|Last Respects|p2b: Rotom\n|-damage|p2b: Rotom|66/100\n|move|p1a: Josuke|High Horsepower|p2a: Farigiraf\n|-damage|p2a: Farigiraf|50/100\n|move|p2a: Farigiraf|Trick Room|p2a: Farigiraf\n|-fieldstart|move: Trick Room|[of] p2a: Farigiraf\n|\n|-heal|p2b: Rotom|72/100|[from] item: Leftovers\n|upkeep\n|turn|3\n|\n|t:|1776065454\n|switch|p1a: The tazza|Sinistcha-Masterpiece, L50|100/100\n|-heal|p1b: Basculegion|45/100|[from] ability: Hospitality|[of] p1a: The tazza\n|switch|p1b: Paolo Bonolis|Tyranitar, L50, M|100/100\n|-weather|Sandstorm|[from] ability: Sand Stream|[of] p1b: Paolo Bonolis\n|move|p2a: Farigiraf|Psychic|p1b: Paolo Bonolis\n|-immune|p1b: Paolo Bonolis\n|move|p2b: Rotom|Hydro Pump|p1a: The tazza|[miss]\n|-miss|p2b: Rotom|p1a: The tazza\n|\n|-weather|Sandstorm|[upkeep]\n|-damage|p2a: Farigiraf|44/100|[from] Sandstorm\n|-damage|p1a: The tazza|94/100|[from] Sandstorm\n|-damage|p2b: Rotom|66/100|[from] Sandstorm\n|-heal|p2b: Rotom|72/100|[from] item: Leftovers\n|upkeep\n|turn|4\n|inactive|Danielopi has 30 seconds left.\n|inactive|user638468287 has 30 seconds left.\n|inactive|Danielopi has 20 seconds left.\n|inactive|user638468287 has 20 seconds left.\n|\n|t:|1776065501\n|switch|p2a: Sinistcha|Sinistcha, L50|60/100\n|-heal|p2b: Rotom|97/100|[from] ability: Hospitality|[of] p2a: Sinistcha\n|move|p1b: Paolo Bonolis|Snarl|p2a: Sinistcha|[spread] p2a,p2b\n|-supereffective|p2a: Sinistcha|1\n|-damage|p2a: Sinistcha|36/100\n|-damage|p2b: Rotom|83/100\n|-unboost|p2a: Sinistcha|spa|1\n|-unboost|p2b: Rotom|spa|1\n|move|p1a: The tazza|Matcha Gotcha|p2b: Rotom|[spread] p2a,p2b\n|-resisted|p2a: Sinistcha|1\n|-supereffective|p2b: Rotom|1\n|-damage|p2a: Sinistcha|25/100\n|-heal|p1a: The tazza|100/100|[from] drain|[of] p2a: Sinistcha\n|-damage|p2b: Rotom|25/100\n|move|p2b: Rotom|Hydro Pump|p1b: Paolo Bonolis\n|-supereffective|p1b: Paolo Bonolis|1\n|-damage|p1b: Paolo Bonolis|60/100\n|\n|-weather|Sandstorm|[upkeep]\n|-damage|p2a: Sinistcha|18/100|[from] Sandstorm\n|-damage|p1a: The tazza|94/100|[from] Sandstorm\n|-damage|p2b: Rotom|20/100|[from] Sandstorm\n|-heal|p2b: Rotom|25/100|[from] item: Leftovers\n|upkeep\n|turn|5\n|inactive|user638468287 has 30 seconds left.\n|inactive|Danielopi has 30 seconds left.\n|\n|t:|1776065536\n|move|p2b: Rotom|Protect|p2b: Rotom\n|-singleturn|p2b: Rotom|Protect\n|move|p1b: Paolo Bonolis|Snarl|p2a: Sinistcha|[spread] p2a\n|-activate|p2b: Rotom|move: Protect\n|-supereffective|p2a: Sinistcha|1\n|-damage|p2a: Sinistcha|0 fnt\n|faint|p2a: Sinistcha\n|move|p1a: The tazza|Life Dew|p1a: The tazza|[spread] p1a,p1b\n|-heal|p1a: The tazza|100/100\n|-heal|p1b: Paolo Bonolis|85/100\n|\n|-weather|Sandstorm|[upkeep]\n|-damage|p1a: The tazza|94/100|[from] Sandstorm\n|-damage|p2b: Rotom|20/100|[from] Sandstorm\n|-heal|p2b: Rotom|25/100|[from] item: Leftovers\n|upkeep\n|\n|t:|1776065549\n|switch|p2a: Farigiraf|Farigiraf, L50, M|44/100\n|turn|6\n|\n|t:|1776065560\n|move|p2a: Farigiraf|Reflect|p2a: Farigiraf\n|-sidestart|p2: Danielopi|Reflect\n|move|p1b: Paolo Bonolis|Snarl|p2b: Rotom|[spread] p2a\n|-miss|p1b: Paolo Bonolis|p2b: Rotom\n|-supereffective|p2a: Farigiraf|1\n|-damage|p2a: Farigiraf|19/100\n|-unboost|p2a: Farigiraf|spa|1\n|move|p1a: The tazza|Life Dew|p1a: The tazza|[spread] p1a,p1b\n|-heal|p1a: The tazza|100/100\n|-heal|p1b: Paolo Bonolis|100/100\n|move|p2b: Rotom|Volt Switch|p1a: The tazza\n|-resisted|p1a: The tazza|1\n|-damage|p1a: The tazza|89/100\n|\n|t:|1776065569\n|switch|p2b: Floette|Floette-Eternal, L50, F|100/100|[from] Volt Switch\n|\n|-weather|Sandstorm|[upkeep]\n|-damage|p2a: Farigiraf|12/100|[from] Sandstorm\n|-damage|p1a: The tazza|83/100|[from] Sandstorm\n|-damage|p2b: Floette|95/100|[from] Sandstorm\n|-fieldend|move: Trick Room\n|upkeep\n|turn|7\n|inactive|user638468287 has 30 seconds left.\n|inactive|user638468287 has 20 seconds left.\n|inactive|user638468287 has 15 seconds left.\n|\n|t:|1776065614\n|detailschange|p2b: Floette|Floette-Mega, L50, F\n|-mega|p2b: Floette|Floette|Floettite\n|-ability|p2b: Floette|Fairy Aura\n|move|p2a: Farigiraf|Helping Hand|p2b: Floette\n|-singleturn|p2b: Floette|Helping Hand|[of] p2a: Farigiraf\n|move|p2b: Floette|Moonblast|p1b: Paolo Bonolis\n|-supereffective|p1b: Paolo Bonolis|1\n|-damage|p1b: Paolo Bonolis|0 fnt\n|faint|p1b: Paolo Bonolis\n|move|p1a: The tazza|Matcha Gotcha|p2a: Farigiraf|[spread] p2a,p2b\n|-crit|p2b: Floette\n|-damage|p2a: Farigiraf|0 fnt\n|-heal|p1a: The tazza|90/100|[from] drain|[of] p2a: Farigiraf\n|-damage|p2b: Floette|62/100\n|-heal|p1a: The tazza|100/100|[from] drain|[of] p2b: Floette\n|-status|p2b: Floette|brn\n|faint|p2a: Farigiraf\n|\n|-weather|none\n|-damage|p2b: Floette|56/100 brn|[from] brn\n|upkeep\n|-message|Danielopi forfeited.\n|\n|win|user638468287\n|raw|user638468287's rating: 1145 &rarr; <strong>1169</strong><br />(+24 for winning)\n|raw|Danielopi's rating: 1125 &rarr; <strong>1101</strong><br />(-24 for losing)\n|l|\u2606Danielopi\n|player|p2|\n|j| Mikamaster57\n|l| Mikamaster57\n",
  "uploadtime": 1776066270,
  "views": 22,
  "formatid": "gen9championsvgc2026regma",
  "rating": 1101,
  "private": 0,
  "password": null
}