{
  "id": "gen9championsvgc2026regma-2581015104",
  "format": "[Gen 9 Champions] VGC 2026 Reg M-A",
  "players": [
    "balzzzzz",
    "Nomad3929"
  ],
  "log": "|j|\u2606balzzzzz\n|j|\u2606Nomad3929\n|t:|1775951883\n|gametype|doubles\n|player|p1|balzzzzz|ballguy|1112\n|player|p2|Nomad3929|hilbert|1170\n|gen|9\n|tier|[Gen 9 Champions] VGC 2026 Reg M-A\n|rated|\n|rule|Species Clause: Limit one of each Pok\u00e9mon\n|rule|Item Clause: Limit 1 of each item\n|clearpoke\n|poke|p1|Incineroar, L50, M|\n|poke|p1|Farigiraf, L50, M|\n|poke|p1|Golurk, L50|\n|poke|p1|Sneasler, L50, F|\n|poke|p1|Torkoal, L50, M|\n|poke|p1|Venusaur, L50, M|\n|poke|p2|Charizard, L50, M|\n|poke|p2|Venusaur, L50, M|\n|poke|p2|Garchomp, L50, M|\n|poke|p2|Rotom-Wash, L50|\n|poke|p2|Sneasler, L50, M|\n|poke|p2|Incineroar, L50, M|\n|teampreview|4\n|inactive|Battle timer is ON: inactive players will automatically lose when time's up. (requested by Nomad3929)\n|inactive|balzzzzz also wants the timer to be on.\n|inactive|Nomad3929 has 60 seconds left.\n|\n|t:|1775951938\n|teamsize|p1|4\n|teamsize|p2|4\n|start\n|switch|p1a: Farigiraf|Farigiraf, L50, M, shiny|100/100\n|switch|p1b: Torkoal|Torkoal, L50, M|100/100\n|switch|p2a: Sneasler|Sneasler, L50, M|100/100\n|switch|p2b: Incineroar|Incineroar, L50, M|100/100\n|-ability|p2b: Incineroar|Intimidate|boost\n|-unboost|p1a: Farigiraf|atk|1\n|-unboost|p1b: Torkoal|atk|1\n|-weather|SunnyDay|[from] ability: Drought|[of] p1b: Torkoal\n|turn|1\n|\n|t:|1775951947\n|move|p1b: Torkoal|Protect|p1b: Torkoal\n|-singleturn|p1b: Torkoal|Protect\n|move|p2a: Sneasler|Dire Claw|p1a: Farigiraf\n|-crit|p1a: Farigiraf\n|-damage|p1a: Farigiraf|50/100\n|-enditem|p1a: Farigiraf|Sitrus Berry|[eat]\n|-heal|p1a: Farigiraf|75/100|[from] item: Sitrus Berry\n|move|p2b: Incineroar|Darkest Lariat|p1a: Farigiraf\n|-supereffective|p1a: Farigiraf|1\n|-damage|p1a: Farigiraf|0 fnt\n|faint|p1a: Farigiraf\n|\n|-weather|SunnyDay|[upkeep]\n|upkeep\n|\n|t:|1775951960\n|switch|p1a: Golurk|Golurk, L50, shiny|100/100\n|turn|2\n|\n|t:|1775951979\n|detailschange|p1a: Golurk|Golurk-Mega, L50, shiny\n|-mega|p1a: Golurk|Golurk|Golurkite\n|move|p2a: Sneasler|Dire Claw|p1b: Torkoal\n|-damage|p1b: Torkoal|69/100\n|move|p2b: Incineroar|Parting Shot|p1a: Golurk\n|-unboost|p1a: Golurk|atk|1\n|-unboost|p1a: Golurk|spa|1\n|\n|t:|1775951985\n|switch|p2b: Garchomp|Garchomp, L50, M|100/100|[from] Parting Shot\n|move|p1a: Golurk|Headlong Rush|p2b: Garchomp\n|-damage|p2b: Garchomp|43/100\n|-unboost|p1a: Golurk|def|1\n|-unboost|p1a: Golurk|spd|1\n|-damage|p1a: Golurk|88/100|[from] ability: Rough Skin|[of] p2b: Garchomp\n|move|p1b: Torkoal|Weather Ball|p2a: Sneasler\n|-damage|p2a: Sneasler|1/100\n|\n|-weather|SunnyDay|[upkeep]\n|upkeep\n|turn|3\n|inactive|Nomad3929 has 30 seconds left.\n|\n|t:|1775952014\n|switch|p2a: Charizard|Charizard, L50, M|100/100\n|move|p1a: Golurk|Protect|p1a: Golurk\n|-singleturn|p1a: Golurk|Protect\n|move|p1b: Torkoal|Protect|p1b: Torkoal\n|-singleturn|p1b: Torkoal|Protect\n|move|p2b: Garchomp|Earthquake|p1b: Torkoal|[spread] \n|-activate|p1a: Golurk|move: Protect\n|-activate|p1b: Torkoal|move: Protect\n|-immune|p2a: Charizard\n|\n|-weather|SunnyDay|[upkeep]\n|-damage|p2a: Charizard|88/100|[from] ability: Solar Power|[of] p2a: Charizard\n|upkeep\n|turn|4\n|\n|t:|1775952029\n|switch|p1a: Incineroar|Incineroar, L50, M, shiny|100/100\n|-ability|p1a: Incineroar|Intimidate|boost\n|-unboost|p2a: Charizard|atk|1\n|-unboost|p2b: Garchomp|atk|1\n|detailschange|p2a: Charizard|Charizard-Mega-Y, L50, M\n|-mega|p2a: Charizard|Charizard|Charizardite Y\n|move|p2b: Garchomp|Earthquake|p1a: Incineroar|[spread] p1a,p1b\n|-immune|p2a: Charizard\n|-supereffective|p1a: Incineroar|1\n|-enditem|p1a: Incineroar|Shuca Berry|[eat]\n|-enditem|p1a: Incineroar|Shuca Berry|[weaken]\n|-supereffective|p1b: Torkoal|1\n|-damage|p1a: Incineroar|81/100\n|-damage|p1b: Torkoal|28/100\n|move|p2a: Charizard|Heat Wave|p1a: Incineroar|[spread] p1a,p1b\n|-resisted|p1a: Incineroar|1\n|-resisted|p1b: Torkoal|1\n|-damage|p1a: Incineroar|49/100\n|-damage|p1b: Torkoal|0 fnt\n|faint|p1b: Torkoal\n|\n|-weather|SunnyDay|[upkeep]\n|upkeep\n|\n|t:|1775952043\n|switch|p1b: Golurk|Golurk-Mega, L50, shiny|88/100\n|turn|5\n|\n|t:|1775952056\n|switch|p2b: Incineroar|Incineroar, L50, M|100/100\n|-ability|p2b: Incineroar|Intimidate|boost\n|-unboost|p1a: Incineroar|atk|1\n|-unboost|p1b: Golurk|atk|1\n|move|p2a: Charizard|Protect|p2a: Charizard\n|-singleturn|p2a: Charizard|Protect\n|move|p1a: Incineroar|Fake Out|p2a: Charizard\n|-activate|p2a: Charizard|move: Protect\n|move|p1b: Golurk|Poltergeist|p2a: Charizard\n|-activate|p2a: Charizard|move: Protect\n|\n|-weather|none\n|upkeep\n|turn|6\n|inactive|Nomad3929 has 30 seconds left.\n|\n|t:|1775952082\n|switch|p2a: Sneasler|Sneasler, L50, M|1/100\n|move|p1b: Golurk|Protect|p1b: Golurk\n|-singleturn|p1b: Golurk|Protect\n|move|p2b: Incineroar|Parting Shot|p1b: Golurk\n|-activate|p1b: Golurk|move: Protect\n|move|p1a: Incineroar|Parting Shot|p2b: Incineroar\n|-unboost|p2b: Incineroar|atk|1\n|-unboost|p2b: Incineroar|spa|1\n|\n|upkeep\n|turn|7\n|\n|t:|1775952098\n|move|p2a: Sneasler|Fake Out|p1a: Incineroar\n|-damage|p1a: Incineroar|39/100\n|move|p2b: Incineroar|Darkest Lariat|p1b: Golurk\n|-supereffective|p1b: Golurk|1\n|-damage|p1b: Golurk|26/100\n|cant|p1a: Incineroar|flinch\n|move|p1b: Golurk|Ice Punch|p2a: Sneasler\n|-damage|p2a: Sneasler|0 fnt\n|faint|p2a: Sneasler\n|\n|upkeep\n|\n|t:|1775952108\n|switch|p2a: Garchomp|Garchomp, L50, M|43/100\n|turn|8\n|\n|t:|1775952117\n|switch|p2b: Charizard|Charizard-Mega-Y, L50, M|88/100\n|-weather|SunnyDay|[from] ability: Drought|[of] p2b: Charizard\n|move|p2a: Garchomp|Earthquake|p1a: Incineroar|[spread] p1a,p1b\n|-immune|p2b: Charizard\n|-supereffective|p1a: Incineroar|1\n|-crit|p1b: Golurk\n|-damage|p1a: Incineroar|0 fnt\n|-damage|p1b: Golurk|0 fnt\n|faint|p1a: Incineroar\n|faint|p1b: Golurk\n|\n|win|Nomad3929\n|raw|balzzzzz's rating: 1112 &rarr; <strong>1091</strong><br />(-21 for losing)\n|raw|Nomad3929's rating: 1170 &rarr; <strong>1191</strong><br />(+21 for winning)\n|c|\u2606balzzzzz|gg\n|l|\u2606balzzzzz\n|player|p1|\n",
  "uploadtime": 1775952127,
  "views": 14,
  "formatid": "gen9championsvgc2026regma",
  "rating": 1091,
  "private": 0,
  "password": null
}