{
  "id": "gen9championsvgc2026regma-2585516980",
  "format": "[Gen 9 Champions] VGC 2026 Reg M-A",
  "players": [
    "soolerwtf",
    "Vectorpd"
  ],
  "log": "|j|\u2606soolerwtf\n|j|\u2606Vectorpd\n|t:|1776352809\n|gametype|doubles\n|player|p1|soolerwtf|1|1440\n|player|p2|Vectorpd|picnicker|1530\n|gen|9\n|tier|[Gen 9 Champions] VGC 2026 Reg M-A\n|rated|\n|rule|Species Clause: Limit one of each Pok\u00e9mon\n|rule|Item Clause: Limit 1 of each item\n|clearpoke\n|poke|p1|Orthworm, L50, M|\n|poke|p1|Gliscor, L50, M|\n|poke|p1|Kangaskhan, L50, F|\n|poke|p1|Tauros-Paldea-Aqua, L50, M|\n|poke|p1|Ceruledge, L50, M|\n|poke|p1|Kommo-o, L50, F|\n|poke|p2|Floette-Eternal, L50, F|\n|poke|p2|Incineroar, L50, M|\n|poke|p2|Sinistcha, L50|\n|poke|p2|Sneasler, L50, F|\n|poke|p2|Pelipper, L50, F|\n|poke|p2|Basculegion, L50, M|\n|teampreview|4\n|inactive|Battle timer is ON: inactive players will automatically lose when time's up. (requested by Vectorpd)\n|\n|t:|1776352838\n|teamsize|p1|4\n|teamsize|p2|4\n|start\n|switch|p1a: Kangaskhan|Kangaskhan, L50, F|100/100\n|switch|p1b: Orthworm|Orthworm, L50, M|100/100\n|switch|p2a: Pelipper|Pelipper, L50, F|100/100\n|switch|p2b: Basculegion|Basculegion, L50, M|100/100\n|-weather|RainDance|[from] ability: Drizzle|[of] p2a: Pelipper\n|turn|1\n|\n|t:|1776352861\n|detailschange|p1a: Kangaskhan|Kangaskhan-Mega, L50, F\n|-mega|p1a: Kangaskhan|Kangaskhan|Kangaskhanite\n|move|p1b: Orthworm|Helping Hand|p1a: Kangaskhan\n|-singleturn|p1a: Kangaskhan|Helping Hand|[of] p1b: Orthworm\n|move|p1a: Kangaskhan|Sucker Punch|p2b: Basculegion\n|-supereffective|p2b: Basculegion|1\n|-damage|p2b: Basculegion|0 fnt\n|faint|p2b: Basculegion\n|-hitcount|p2: Basculegion|1\n|move|p2a: Pelipper|Tailwind|p2a: Pelipper\n|-sidestart|p2: Vectorpd|move: Tailwind\n|\n|-weather|RainDance|[upkeep]\n|upkeep\n|\n|t:|1776352872\n|switch|p2b: Sneasler|Sneasler, L50, F|100/100\n|turn|2\n|\n|t:|1776352882\n|move|p1a: Kangaskhan|Protect|p1a: Kangaskhan\n|-singleturn|p1a: Kangaskhan|Protect\n|move|p2b: Sneasler|Close Combat|p1b: Orthworm\n|-supereffective|p1b: Orthworm|1\n|-damage|p1b: Orthworm|0 fnt\n|-unboost|p2b: Sneasler|def|1\n|-unboost|p2b: Sneasler|spd|1\n|faint|p1b: Orthworm\n|-enditem|p2b: Sneasler|White Herb\n|-clearnegativeboost|p2b: Sneasler|[silent]\n|move|p2a: Pelipper|Weather Ball|p1a: Kangaskhan\n|-activate|p1a: Kangaskhan|move: Protect\n|\n|-weather|RainDance|[upkeep]\n|upkeep\n|\n|t:|1776352894\n|switch|p1b: Tauros|Tauros-Paldea-Aqua, L50, M|100/100\n|-ability|p1b: Tauros|Intimidate|boost\n|-unboost|p2a: Pelipper|atk|1\n|-unboost|p2b: Sneasler|atk|1\n|turn|3\n|\n|t:|1776352903\n|switch|p1a: Ceruledge|Ceruledge, L50, M|100/100\n|move|p2b: Sneasler|Close Combat|p1a: Ceruledge\n|-immune|p1a: Ceruledge\n|move|p2a: Pelipper|Hurricane|p1b: Tauros\n|-supereffective|p1b: Tauros|1\n|-damage|p1b: Tauros|0 fnt\n|faint|p1b: Tauros\n|\n|-weather|RainDance|[upkeep]\n|upkeep\n|\n|t:|1776352912\n|switch|p1b: Kangaskhan|Kangaskhan-Mega, L50, F|100/100\n|turn|4\n|inactive|Vectorpd has 30 seconds left.\n|\n|t:|1776352938\n|switch|p2a: Floette|Floette-Eternal, L50, F|100/100\n|move|p1b: Kangaskhan|Fake Out|p2a: Floette\n|-damage|p2a: Floette|63/100\n|-damage|p2a: Floette|54/100\n|-hitcount|p2a: Floette|2\n|move|p1a: Ceruledge|Shadow Sneak|p2a: Floette\n|-damage|p2a: Floette|14/100\n|move|p2b: Sneasler|Throat Chop|p1a: Ceruledge\n|-supereffective|p1a: Ceruledge|1\n|-damage|p1a: Ceruledge|54/100\n|-start|p1a: Ceruledge|Throat Chop|[silent]\n|\n|-weather|RainDance|[upkeep]\n|-sideend|p2: Vectorpd|move: Tailwind\n|upkeep\n|turn|5\n|\n|t:|1776352960\n|detailschange|p2a: Floette|Floette-Mega, L50, F\n|-mega|p2a: Floette|Floette|Floettite\n|-ability|p2a: Floette|Fairy Aura\n|move|p1a: Ceruledge|Shadow Sneak|p2a: Floette\n|-damage|p2a: Floette|0 fnt\n|faint|p2a: Floette\n|move|p2b: Sneasler|Close Combat|p1b: Kangaskhan\n|-supereffective|p1b: Kangaskhan|1\n|-damage|p1b: Kangaskhan|27/100\n|-unboost|p2b: Sneasler|def|1\n|-unboost|p2b: Sneasler|spd|1\n|move|p1b: Kangaskhan|Double-Edge|p2b: Sneasler\n|-damage|p2b: Sneasler|0 fnt\n|faint|p2b: Sneasler\n|-hitcount|p2: Sneasler|1\n|-damage|p1b: Kangaskhan|1/100|[from] Recoil\n|\n|-weather|none\n|-end|p1a: Ceruledge|Throat Chop|[silent]\n|upkeep\n|\n|t:|1776352969\n|switch|p2b: Pelipper|Pelipper, L50, F|100/100\n|-weather|RainDance|[from] ability: Drizzle|[of] p2b: Pelipper\n|turn|6\n|\n|t:|1776352987\n|move|p1b: Kangaskhan|Sucker Punch|p2b: Pelipper\n|-damage|p2b: Pelipper|66/100\n|-damage|p2b: Pelipper|58/100\n|-hitcount|p2b: Pelipper|2\n|move|p1a: Ceruledge|Shadow Sneak|p2b: Pelipper\n|-damage|p2b: Pelipper|28/100\n|move|p2b: Pelipper|Weather Ball|p1a: Ceruledge\n|-supereffective|p1a: Ceruledge|1\n|-damage|p1a: Ceruledge|0 fnt\n|faint|p1a: Ceruledge\n|\n|-weather|RainDance|[upkeep]\n|upkeep\n|turn|7\n|\n|t:|1776352997\n|move|p2b: Pelipper|Protect|p2b: Pelipper\n|-singleturn|p2b: Pelipper|Protect\n|move|p1b: Kangaskhan|Sucker Punch||[still]\n|-fail|p1b: Kangaskhan\n|\n|-weather|RainDance|[upkeep]\n|upkeep\n|turn|8\n|\n|t:|1776353007\n|move|p1b: Kangaskhan|Sucker Punch||[still]\n|-fail|p1b: Kangaskhan\n|move|p2b: Pelipper|Tailwind|p2b: Pelipper\n|-sidestart|p2: Vectorpd|move: Tailwind\n|\n|-weather|RainDance|[upkeep]\n|upkeep\n|turn|9\n|\n|t:|1776353017\n|move|p1b: Kangaskhan|Sucker Punch||[still]\n|-fail|p1b: Kangaskhan\n|move|p2b: Pelipper|Tailwind||[still]\n|-fail|p2b: Pelipper\n|\n|-weather|RainDance|[upkeep]\n|upkeep\n|turn|10\n|\n|t:|1776353027\n|move|p2b: Pelipper|Weather Ball|p1b: Kangaskhan\n|-damage|p1b: Kangaskhan|0 fnt\n|faint|p1b: Kangaskhan\n|\n|win|Vectorpd\n|raw|soolerwtf's rating: 1440 &rarr; <strong>1425</strong><br />(-15 for losing)\n|raw|Vectorpd's rating: 1530 &rarr; <strong>1545</strong><br />(+15 for winning)\n|l|\u2606soolerwtf\n|player|p1|\n",
  "uploadtime": 1776353062,
  "views": 64,
  "formatid": "gen9championsvgc2026regma",
  "rating": 1425,
  "private": 0,
  "password": null
}