{
  "id": "gen9championsvgc2026regma-2584433102",
  "format": "[Gen 9 Champions] VGC 2026 Reg M-A",
  "players": [
    "Marcio Lira",
    "livanddeath"
  ],
  "log": "|j|\u2606Marcio Lira\n|j|\u2606livanddeath\n|t:|1776260517\n|gametype|doubles\n|player|p1|Marcio Lira|bugcatcher-gen4dp|1233\n|player|p2|livanddeath|caitlin|1307\n|gen|9\n|tier|[Gen 9 Champions] VGC 2026 Reg M-A\n|rated|\n|rule|Species Clause: Limit one of each Pok\u00e9mon\n|rule|Item Clause: Limit 1 of each item\n|clearpoke\n|poke|p1|Kingambit, L50, M|\n|poke|p1|Garchomp, L50, M|\n|poke|p1|Cofagrigus, L50, M|\n|poke|p1|Delphox, L50, M|\n|poke|p1|Sneasler, L50, F|\n|poke|p1|Clefable, L50, F|\n|poke|p2|Politoed, L50, M|\n|poke|p2|Vivillon-Marine, L50, F|\n|poke|p2|Gardevoir, L50, F|\n|poke|p2|Archaludon, L50, M|\n|poke|p2|Gyarados, L50, F|\n|poke|p2|Garchomp, L50, F|\n|teampreview|4\n|inactive|Battle timer is ON: inactive players will automatically lose when time's up. (requested by livanddeath)\n|\n|t:|1776260601\n|teamsize|p1|4\n|teamsize|p2|4\n|start\n|switch|p1a: Cofagrigus|Cofagrigus, L50, M|100/100\n|switch|p1b: Sneasler|Sneasler, L50, F|100/100\n|switch|p2a: Gyarados|Gyarados, L50, F|100/100\n|switch|p2b: Gardevoir|Gardevoir, L50, F|100/100\n|-ability|p2a: Gyarados|Intimidate|boost\n|-unboost|p1a: Cofagrigus|atk|1\n|-unboost|p1b: Sneasler|atk|1\n|-enditem|p1b: Sneasler|White Herb\n|-clearnegativeboost|p1b: Sneasler|[silent]\n|turn|1\n|inactive|livanddeath has 30 seconds left.\n|\n|t:|1776260627\n|move|p1b: Sneasler|Dire Claw|p2b: Gardevoir\n|-supereffective|p2b: Gardevoir|1\n|-damage|p2b: Gardevoir|0 fnt\n|faint|p2b: Gardevoir\n|move|p2a: Gyarados|Earthquake|p1a: Cofagrigus|[spread] p1a,p1b\n|-supereffective|p1b: Sneasler|1\n|-damage|p1a: Cofagrigus|83/100\n|-damage|p1b: Sneasler|11/100\n|move|p1a: Cofagrigus|Will-O-Wisp|p2a: Gyarados\n|-status|p2a: Gyarados|brn\n|\n|-damage|p2a: Gyarados|95/100 brn|[from] brn\n|upkeep\n|\n|t:|1776260644\n|switch|p2b: Garchomp|Garchomp, L50, F|100/100\n|turn|2\n|\n|t:|1776260657\n|detailschange|p2a: Gyarados|Gyarados-Mega, L50, F\n|-mega|p2a: Gyarados|Gyarados|Gyaradosite\n|-ability|p2a: Gyarados|Mold Breaker\n|move|p1b: Sneasler|Protect|p1b: Sneasler\n|-singleturn|p1b: Sneasler|Protect\n|move|p2b: Garchomp|Earthquake|p1a: Cofagrigus|[spread] p2a,p1a\n|-activate|p1b: Sneasler|move: Protect\n|-damage|p2a: Gyarados|53/100 brn\n|-damage|p1a: Cofagrigus|55/100\n|move|p2a: Gyarados|Crunch|p1a: Cofagrigus\n|-supereffective|p1a: Cofagrigus|1\n|-enditem|p1a: Cofagrigus|Colbur Berry|[eat]\n|-enditem|p1a: Cofagrigus|Colbur Berry|[weaken]\n|-damage|p1a: Cofagrigus|39/100\n|-activate|p1a: Cofagrigus|ability: Mummy|p2a: Gyarados|[ability] Mold Breaker\n|move|p1a: Cofagrigus|Will-O-Wisp|p2b: Garchomp\n|-status|p2b: Garchomp|brn\n|-enditem|p2b: Garchomp|Lum Berry|[eat]\n|-curestatus|p2b: Garchomp|brn|[msg]\n|\n|-damage|p2a: Gyarados|47/100 brn|[from] brn\n|upkeep\n|turn|3\n|inactive|Marcio Lira has 30 seconds left.\n|inactive|livanddeath has 30 seconds left.\n|\n|t:|1776260689\n|move|p1b: Sneasler|Close Combat|p2b: Garchomp\n|-damage|p2b: Garchomp|39/100\n|-unboost|p1b: Sneasler|def|1\n|-unboost|p1b: Sneasler|spd|1\n|-damage|p1b: Sneasler|0 fnt|[from] ability: Rough Skin|[of] p2b: Garchomp\n|faint|p1b: Sneasler\n|move|p2b: Garchomp|Earthquake|p1a: Cofagrigus|[spread] p2a,p1a\n|-damage|p2a: Gyarados|5/100 brn\n|-damage|p1a: Cofagrigus|11/100\n|move|p2a: Gyarados|Crunch|p1a: Cofagrigus\n|-supereffective|p1a: Cofagrigus|1\n|-damage|p1a: Cofagrigus|0 fnt\n|faint|p1a: Cofagrigus\n|\n|-damage|p2a: Gyarados|0 fnt|[from] brn\n|faint|p2a: Gyarados\n|upkeep\n|\n|t:|1776260704\n|switch|p1b: Clefable|Clefable, L50, F|100/100\n|switch|p2a: Archaludon|Archaludon, L50, M|100/100\n|switch|p1a: Kingambit|Kingambit, L50, M|100/100\n|turn|4\n|inactive|Marcio Lira has 30 seconds left.\n|\n|t:|1776260730\n|move|p2b: Garchomp|Protect|p2b: Garchomp\n|-singleturn|p2b: Garchomp|Protect\n|move|p2a: Archaludon|Electro Shot||[still]\n|-prepare|p2a: Archaludon|Electro Shot\n|-boost|p2a: Archaludon|spa|1\n|move|p1b: Clefable|Moonblast|p2a: Archaludon\n|-crit|p2a: Archaludon\n|-damage|p2a: Archaludon|4/100\n|move|p1a: Kingambit|Kowtow Cleave|p2b: Garchomp\n|-activate|p2b: Garchomp|move: Protect\n|\n|upkeep\n|turn|5\n|inactive|Marcio Lira has 30 seconds left.\n|inactive|livanddeath has 30 seconds left.\n|\n|t:|1776260760\n|move|p1a: Kingambit|Sucker Punch|p2a: Archaludon\n|-damage|p2a: Archaludon|0 fnt\n|faint|p2a: Archaludon\n|move|p2b: Garchomp|Earthquake|p1b: Clefable|[spread] p1a,p1b\n|-supereffective|p1a: Kingambit|1\n|-damage|p1a: Kingambit|43/100\n|-damage|p1b: Clefable|54/100\n|move|p1b: Clefable|Moonblast|p2b: Garchomp\n|-supereffective|p2b: Garchomp|1\n|-damage|p2b: Garchomp|0 fnt\n|faint|p2b: Garchomp\n|\n|win|Marcio Lira\n|raw|Marcio Lira's rating: 1233 &rarr; <strong>1263</strong><br />(+30 for winning)\n|raw|livanddeath's rating: 1307 &rarr; <strong>1283</strong><br />(-24 for losing)\n|l|\u2606livanddeath\n|player|p2|\n|l|\u2606Marcio Lira\n|player|p1|\n|j|\u2606Marcio Lira\n|player|p1|Marcio Lira|bugcatcher-gen4dp|\n|l|\u2606Marcio Lira\n|player|p1|\n|j|\u2606Marcio Lira\n|player|p1|Marcio Lira|bugcatcher-gen4dp|\n",
  "uploadtime": 1776260962,
  "views": 44,
  "formatid": "gen9championsvgc2026regma",
  "rating": 1263,
  "private": 0,
  "password": null
}