{
  "id": "gen9championsvgc2026regma-2585001680",
  "format": "[Gen 9 Champions] VGC 2026 Reg M-A",
  "players": [
    "areestoo",
    "JokER46777e"
  ],
  "log": "|j|\u2606areestoo\n|j|\u2606JokER46777e\n|t:|1776302244\n|gametype|doubles\n|player|p1|areestoo|101|1240\n|player|p2|JokER46777e|steven|1145\n|gen|9\n|tier|[Gen 9 Champions] VGC 2026 Reg M-A\n|rated|\n|rule|Species Clause: Limit one of each Pok\u00e9mon\n|rule|Item Clause: Limit 1 of each item\n|clearpoke\n|poke|p1|Blastoise, L50, F|\n|poke|p1|Pelipper, L50, F|\n|poke|p1|Floette-Eternal, L50, F|\n|poke|p1|Wyrdeer, L50, F|\n|poke|p1|Weavile, L50, M|\n|poke|p1|Rhyperior, L50, F|\n|poke|p2|Kangaskhan, L50, F|\n|poke|p2|Aerodactyl, L50, M|\n|poke|p2|Meganium, L50, F|\n|poke|p2|Typhlosion-Hisui, L50, M|\n|poke|p2|Archaludon, L50, F|\n|poke|p2|Charizard, L50, F|\n|teampreview|4\n|inactive|Battle timer is ON: inactive players will automatically lose when time's up. (requested by areestoo)\nJokER46777e rejected open team sheets.\n|inactive|areestoo has 60 seconds left.\n|\n|t:|1776302302\n|teamsize|p1|4\n|teamsize|p2|4\n|start\n|switch|p1a: Weavile|Weavile, L50, M|100/100\n|switch|p1b: Wyrdeer|Wyrdeer, L50, F|100/100\n|switch|p2a: Archaludon|Archaludon, L50, F|100/100\n|switch|p2b: Kangaskhan|Kangaskhan, L50, F|100/100\n|-ability|p1a: Weavile|Pressure\n|-ability|p1b: Wyrdeer|Intimidate|boost\n|-unboost|p2a: Archaludon|atk|1\n|-unboost|p2b: Kangaskhan|atk|1\n|turn|1\n|\n|t:|1776302313\n|move|p1a: Weavile|Upper Hand|p2b: Kangaskhan\n|-supereffective|p2b: Kangaskhan|1\n|-damage|p2b: Kangaskhan|49/100\n|cant|p2b: Kangaskhan|flinch\n|move|p2a: Archaludon|Flash Cannon|p1a: Weavile\n|-supereffective|p1a: Weavile|1\n|-enditem|p1a: Weavile|Focus Sash\n|-damage|p1a: Weavile|1/100\n|move|p1b: Wyrdeer|Trick Room|p1b: Wyrdeer\n|-fieldstart|move: Trick Room|[of] p1b: Wyrdeer\n|\n|upkeep\n|turn|2\n|\n|t:|1776302335\n|switch|p1a: Blastoise|Blastoise, L50, F|100/100\n|move|p1b: Wyrdeer|Double-Edge|p2b: Kangaskhan\n|-damage|p2b: Kangaskhan|0 fnt\n|faint|p2b: Kangaskhan\n|-damage|p1b: Wyrdeer|87/100|[from] Recoil\n|move|p2a: Archaludon|Dragon Pulse|p1a: Blastoise\n|-damage|p1a: Blastoise|66/100\n|\n|upkeep\n|\n|t:|1776302351\n|switch|p2b: Meganium|Meganium, L50, F|100/100\n|turn|3\n|inactive|areestoo has 30 seconds left.\n|\n|t:|1776302376\n|move|p2b: Meganium|Protect|p2b: Meganium\n|-singleturn|p2b: Meganium|Protect\n|move|p1a: Blastoise|Fake Out|p2b: Meganium\n|-activate|p2b: Meganium|move: Protect\n|move|p1b: Wyrdeer|Psyshield Bash|p2b: Meganium\n|-activate|p2b: Meganium|move: Protect\n|move|p2a: Archaludon|Dragon Pulse|p1b: Wyrdeer\n|-damage|p1b: Wyrdeer|49/100\n|-enditem|p1b: Wyrdeer|Sitrus Berry|[eat]\n|-heal|p1b: Wyrdeer|74/100|[from] item: Sitrus Berry\n|\n|upkeep\n|turn|4\n|inactive|JokER46777e has 30 seconds left.\n|\n|t:|1776302406\n|detailschange|p1a: Blastoise|Blastoise-Mega, L50, F\n|-mega|p1a: Blastoise|Blastoise|Blastoisinite\n|detailschange|p2b: Meganium|Meganium-Mega, L50, F\n|-mega|p2b: Meganium|Meganium|Meganiumite\n|move|p1b: Wyrdeer|Double-Edge|p2a: Archaludon\n|-resisted|p2a: Archaludon|1\n|-damage|p2a: Archaludon|80/100\n|-ability|p2a: Archaludon|Stamina|boost\n|-boost|p2a: Archaludon|def|1\n|-damage|p1b: Wyrdeer|68/100|[from] Recoil\n|move|p1a: Blastoise|Aura Sphere|p2a: Archaludon\n|-supereffective|p2a: Archaludon|1\n|-damage|p2a: Archaludon|0 fnt\n|faint|p2a: Archaludon\n|move|p2b: Meganium|Solar Beam||[still]\n|-prepare|p2b: Meganium|Solar Beam\n|-activate|p2b: Meganium|ability: Mega Sol\n|-anim|p2b: Meganium|Solar Beam|p1a: Blastoise\n|-supereffective|p1a: Blastoise|1\n|-damage|p1a: Blastoise|0 fnt\n|faint|p1a: Blastoise\n|\n|upkeep\n|\n|t:|1776302426\n|switch|p1a: Weavile|Weavile, L50, M|1/100\n|switch|p2a: Charizard|Charizard, L50, F|100/100\n|-ability|p1a: Weavile|Pressure\n|turn|5\n|\n|t:|1776302438\n|move|p2b: Meganium|Protect|p2b: Meganium\n|-singleturn|p2b: Meganium|Protect\n|move|p2a: Charizard|Protect|p2a: Charizard\n|-singleturn|p2a: Charizard|Protect\n|move|p1a: Weavile|Fake Out|p2a: Charizard\n|-activate|p2a: Charizard|move: Protect\n|move|p1b: Wyrdeer|Double-Edge|p2b: Meganium\n|-activate|p2b: Meganium|move: Protect\n|\n|-fieldend|move: Trick Room\n|upkeep\n|turn|6\n|\n|t:|1776302457\n|move|p1b: Wyrdeer|Protect|p1b: Wyrdeer\n|-singleturn|p1b: Wyrdeer|Protect\n|move|p1a: Weavile|Triple Axel|p2b: Meganium|[miss]\n|-miss|p1a: Weavile|p2b: Meganium\n|move|p2a: Charizard|Heat Wave|p1b: Wyrdeer|[spread] p1a\n|-activate|p1b: Wyrdeer|move: Protect\n|-supereffective|p1a: Weavile|1\n|-damage|p1a: Weavile|0 fnt\n|faint|p1a: Weavile\n|move|p2b: Meganium|Solar Beam||[still]\n|-prepare|p2b: Meganium|Solar Beam\n|-activate|p2b: Meganium|ability: Mega Sol\n|-anim|p2b: Meganium|Solar Beam|p1b: Wyrdeer\n|-activate|p1b: Wyrdeer|move: Protect\n|\n|upkeep\n|\n|t:|1776302462\n|switch|p1a: Pelipper|Pelipper, L50, F|100/100\n|-weather|RainDance|[from] ability: Drizzle|[of] p1a: Pelipper\n|turn|7\n|\n|t:|1776302484\n|move|p2a: Charizard|Protect|p2a: Charizard\n|-singleturn|p2a: Charizard|Protect\n|move|p1a: Pelipper|Weather Ball|p2b: Meganium\n|-resisted|p2b: Meganium|1\n|-damage|p2b: Meganium|75/100\n|move|p2b: Meganium|Solar Beam||[still]\n|-prepare|p2b: Meganium|Solar Beam\n|-activate|p2b: Meganium|ability: Mega Sol\n|-anim|p2b: Meganium|Solar Beam|p1a: Pelipper\n|-damage|p1a: Pelipper|0 fnt\n|faint|p1a: Pelipper\n|move|p1b: Wyrdeer|Double-Edge|p2a: Charizard\n|-activate|p2a: Charizard|move: Protect\n|\n|-weather|RainDance|[upkeep]\n|upkeep\n|turn|8\n|-message|areestoo forfeited.\n|\n|win|JokER46777e\n|raw|areestoo's rating: 1240 &rarr; <strong>1208</strong><br />(-32 for losing)\n|raw|JokER46777e's rating: 1145 &rarr; <strong>1177</strong><br />(+32 for winning)\n",
  "uploadtime": 1776302498,
  "views": 19,
  "formatid": "gen9championsvgc2026regma",
  "rating": 1177,
  "private": 0,
  "password": null
}