{
  "id": "gen9championsvgc2026regma-2589562970",
  "format": "[Gen 9 Champions] VGC 2026 Reg M-A",
  "players": [
    "darkina74",
    "Alcamaster10"
  ],
  "log": "|j|\u2606darkina74\n|j|\u2606Alcamaster10\n|t:|1776734439\n|gametype|doubles\n|player|p1|darkina74|miku-fairy|1090\n|player|p2|Alcamaster10|marlon|1063\n|gen|9\n|tier|[Gen 9 Champions] VGC 2026 Reg M-A\n|rated|\n|rule|Species Clause: Limit one of each Pok\u00e9mon\n|rule|Item Clause: Limit 1 of each item\n|clearpoke\n|poke|p1|Floette-Eternal, L50, F|\n|poke|p1|Incineroar, L50, M|\n|poke|p1|Sneasler, L50, F|\n|poke|p1|Scovillain, L50, F|\n|poke|p1|Sinistcha, L50|\n|poke|p1|Ditto, L50|\n|poke|p2|Skarmory, L50, F|\n|poke|p2|Pelipper, L50, F|\n|poke|p2|Garchomp, L50, M|\n|poke|p2|Kingambit, L50, F|\n|poke|p2|Sneasler, L50, F|\n|poke|p2|Palafin, L50, F|\n|teampreview|4\n|inactive|Battle timer is ON: inactive players will automatically lose when time's up. (requested by darkina74)\n|\n|t:|1776734454\n|teamsize|p1|4\n|teamsize|p2|4\n|start\n|switch|p1a: Evil ass chilly|Scovillain, L50, F|100/100\n|switch|p1b: Go and kill|Sneasler, L50, F|100/100\n|switch|p2a: Pelipper|Pelipper, L50, F|100/100\n|switch|p2b: Palafin|Palafin, L50, F|100/100\n|-weather|RainDance|[from] ability: Drizzle|[of] p2a: Pelipper\n|turn|1\n|\n|t:|1776734472\n|detailschange|p1a: Evil ass chilly|Scovillain-Mega, L50, F\n|-mega|p1a: Evil ass chilly|Scovillain|Scovillainite\n|move|p2a: Pelipper|Protect|p2a: Pelipper\n|-singleturn|p2a: Pelipper|Protect\n|move|p1b: Go and kill|Fake Out|p2a: Pelipper\n|-activate|p2a: Pelipper|move: Protect\n|move|p1a: Evil ass chilly|Rage Powder|p1a: Evil ass chilly\n|-singleturn|p1a: Evil ass chilly|move: Rage Powder\n|move|p2b: Palafin|Flip Turn|p1a: Evil ass chilly\n|-damage|p1a: Evil ass chilly|58/100\n|-status|p2b: Palafin|brn|[from] ability: Spicy Spray|[of] p1a: Evil ass chilly\n|\n|t:|1776734487\n|detailschange|p2b: Palafin|Palafin-Hero, L50, F\n|switch|p2b: Skarmory|Skarmory, L50, F|100/100|[from] Flip Turn\n|\n|-weather|RainDance|[upkeep]\n|upkeep\n|turn|2\n|\n|t:|1776734501\n|detailschange|p2b: Skarmory|Skarmory-Mega, L50, F\n|-mega|p2b: Skarmory|Skarmory|Skarmorite\n|move|p1b: Go and kill|U-turn|p2b: Skarmory\n|-resisted|p2b: Skarmory|2\n|-damage|p2b: Skarmory|94/100\n|\n|t:|1776734508\n|switch|p1b: Matchaghost|Sinistcha, L50|100/100|[from] U-turn\n|-heal|p1a: Evil ass chilly|83/100|[from] ability: Hospitality|[of] p1b: Matchaghost\n|move|p2b: Skarmory|Brave Bird|p1b: Matchaghost\n|-supereffective|p1b: Matchaghost|1\n|-damage|p1b: Matchaghost|0 fnt\n|faint|p1b: Matchaghost\n|-damage|p2b: Skarmory|52/100|[from] Recoil\n|move|p2a: Pelipper|Hurricane|p1a: Evil ass chilly\n|-supereffective|p1a: Evil ass chilly|1\n|-damage|p1a: Evil ass chilly|0 fnt\n|-status|p2a: Pelipper|brn|[from] ability: Spicy Spray|[of] p1a: Evil ass chilly\n|faint|p1a: Evil ass chilly\n|\n|-weather|RainDance|[upkeep]\n|-damage|p2a: Pelipper|95/100 brn|[from] brn\n|upkeep\n|\n|t:|1776734528\n|switch|p1a: Fotocopia|Ditto, L50|100/100\n|switch|p1b: Go and kill|Sneasler, L50, F|100/100\n|-transform|p1a: Fotocopia|p2b: Skarmory|[from] ability: Imposter\n|turn|3\n|\n|t:|1776734549\n|move|p1b: Go and kill|Fake Out|p2b: Skarmory\n|-resisted|p2b: Skarmory|1\n|-damage|p2b: Skarmory|43/100\n|cant|p2b: Skarmory|flinch\n|move|p1a: Fotocopia|Brave Bird|p2a: Pelipper\n|-damage|p2a: Pelipper|0 fnt\n|faint|p2a: Pelipper\n|-damage|p1a: Fotocopia|73/100|[from] Recoil\n|\n|-weather|RainDance|[upkeep]\n|-heal|p1a: Fotocopia|79/100|[from] item: Leftovers\n|upkeep\n|\n|t:|1776734555\n|switch|p2a: Sneasler|Sneasler, L50, F|100/100\n|turn|4\n|\n|t:|1776734569\n|switch|p2b: Palafin|Palafin-Hero, L50, F|100/100 brn\n|-activate|p2b: Palafin|ability: Zero to Hero\n|move|p2a: Sneasler|Fake Out|p1b: Go and kill\n|-damage|p1b: Go and kill|76/100\n|cant|p1b: Go and kill|flinch\n|move|p1a: Fotocopia|Brave Bird|p2a: Sneasler\n|-supereffective|p2a: Sneasler|1\n|-crit|p2a: Sneasler\n|-damage|p2a: Sneasler|0 fnt\n|faint|p2a: Sneasler\n|-damage|p1a: Fotocopia|46/100|[from] Recoil\n|\n|-weather|RainDance|[upkeep]\n|-heal|p1a: Fotocopia|52/100|[from] item: Leftovers\n|-damage|p2b: Palafin|95/100 brn|[from] brn\n|upkeep\n|\n|t:|1776734580\n|switch|p2a: Skarmory|Skarmory-Mega, L50, F|43/100\n|turn|5\n|\n|t:|1776734598\n|move|p1b: Go and kill|Close Combat|p2a: Skarmory\n|-damage|p2a: Skarmory|0 fnt\n|-unboost|p1b: Go and kill|def|1\n|-unboost|p1b: Go and kill|spd|1\n|faint|p2a: Skarmory\n|-enditem|p1b: Go and kill|White Herb\n|-clearnegativeboost|p1b: Go and kill|[silent]\n|move|p1a: Fotocopia|Brave Bird|p2b: Palafin\n|-damage|p2b: Palafin|35/100 brn\n|-damage|p1a: Fotocopia|26/100|[from] Recoil\n|move|p2b: Palafin|Wave Crash|p1a: Fotocopia\n|-damage|p1a: Fotocopia|0 fnt\n|faint|p1a: Fotocopia\n|-damage|p2b: Palafin|29/100 brn|[from] Recoil\n|\n|-weather|none\n|-damage|p2b: Palafin|23/100 brn|[from] brn\n|upkeep\n|turn|6\n|\n|t:|1776734620\n|move|p2b: Palafin|Jet Punch|p1b: Go and kill\n|-damage|p1b: Go and kill|37/100\n|move|p1b: Go and kill|Close Combat|p2b: Palafin\n|-damage|p2b: Palafin|0 fnt\n|-unboost|p1b: Go and kill|def|1\n|-unboost|p1b: Go and kill|spd|1\n|faint|p2b: Palafin\n|\n|win|darkina74\n|raw|darkina74's rating: 1090 &rarr; <strong>1114</strong><br />(+24 for winning)\n|raw|Alcamaster10's rating: 1063 &rarr; <strong>1045</strong><br />(-18 for losing)\n|l|\u2606Alcamaster10\n|player|p2|\n",
  "uploadtime": 1776734629,
  "views": 9,
  "formatid": "gen9championsvgc2026regma",
  "rating": 1045,
  "private": 0,
  "password": null
}