{
  "id": "gen9championsvgc2026regma-2581623223",
  "format": "[Gen 9 Champions] VGC 2026 Reg M-A",
  "players": [
    "fritznader799",
    "Asta40"
  ],
  "log": "|j|\u2606fritznader799\n|j|\u2606Asta40\n|t:|1776015919\n|gametype|doubles\n|player|p1|fritznader799|265|1151\n|player|p2|Asta40|waiter-gen4|1123\n|gen|9\n|tier|[Gen 9 Champions] VGC 2026 Reg M-A\n|rated|\n|rule|Species Clause: Limit one of each Pok\u00e9mon\n|rule|Item Clause: Limit 1 of each item\n|clearpoke\n|poke|p1|Gardevoir, L50, F|\n|poke|p1|Garchomp, L50, F|\n|poke|p1|Incineroar, L50, M|\n|poke|p1|Rotom-Wash, L50|\n|poke|p1|Sneasler, L50, F|\n|poke|p1|Sinistcha-Masterpiece, L50|\n|poke|p2|Froslass, L50, F|\n|poke|p2|Sneasler, L50, M|\n|poke|p2|Garchomp, L50, M|\n|poke|p2|Aerodactyl, L50, M|\n|poke|p2|Kingambit, L50, M|\n|poke|p2|Rotom-Wash, L50|\n|teampreview|4\n|\n|t:|1776015957\n|teamsize|p1|4\n|teamsize|p2|4\n|start\n|switch|p1a: Incineroar|Incineroar, L50, M|100/100\n|switch|p1b: Rotom|Rotom-Wash, L50|100/100\n|switch|p2a: Aerodactyl|Aerodactyl, L50, M|100/100\n|switch|p2b: Tsume|Sneasler, L50, M|100/100\n|-ability|p2a: Aerodactyl|Unnerve\n|-ability|p1a: Incineroar|Intimidate|boost\n|-unboost|p2a: Aerodactyl|atk|1\n|-unboost|p2b: Tsume|atk|1\n|-enditem|p2b: Tsume|White Herb\n|-clearnegativeboost|p2b: Tsume|[silent]\n|turn|1\n|\n|t:|1776015975\n|move|p2b: Tsume|Fake Out|p1b: Rotom\n|-damage|p1b: Rotom|81/100\n|move|p1a: Incineroar|Fake Out|p2a: Aerodactyl\n|-resisted|p2a: Aerodactyl|1\n|-damage|p2a: Aerodactyl|92/100\n|cant|p1b: Rotom|flinch\n|cant|p2a: Aerodactyl|flinch\n|\n|upkeep\n|turn|2\n|\n|t:|1776015999\n|switch|p1a: Garchomp|Garchomp, L50, F|100/100\n|move|p2b: Tsume|Protect|p2b: Tsume\n|-singleturn|p2b: Tsume|Protect\n|move|p1b: Rotom|Thunderbolt|p2a: Aerodactyl\n|-supereffective|p2a: Aerodactyl|1\n|-damage|p2a: Aerodactyl|0 fnt\n|faint|p2a: Aerodactyl\n|\n|upkeep\n|\n|t:|1776016009\n|switch|p2a: Froslass|Froslass, L50, F|100/100\n|turn|3\n|\n|t:|1776016027\n|switch|p2b: Garchomp|Garchomp, L50, M|100/100\n|switch|p1a: Incineroar|Incineroar, L50, M|100/100\n|-ability|p1a: Incineroar|Intimidate|boost\n|-unboost|p2a: Froslass|atk|1\n|-unboost|p2b: Garchomp|atk|1\n|detailschange|p2a: Froslass|Froslass-Mega, L50, F\n|-mega|p2a: Froslass|Froslass|Froslassite\n|-weather|Snowscape|[from] ability: Snow Warning|[of] p2a: Froslass\n|move|p1b: Rotom|Thunderbolt|p2a: Froslass\n|-damage|p2a: Froslass|51/100\n|-status|p2a: Froslass|par\n|move|p2a: Froslass|Blizzard|p1a: Incineroar|[spread] p1a,p1b\n|-resisted|p1a: Incineroar|1\n|-resisted|p1b: Rotom|1\n|-damage|p1a: Incineroar|83/100\n|-damage|p1b: Rotom|53/100\n|\n|-weather|Snowscape|[upkeep]\n|upkeep\n|turn|4\n|\n|t:|1776016063\n|move|p1b: Rotom|Thunderbolt|p2a: Froslass\n|-damage|p2a: Froslass|3/100 par\n|move|p2b: Garchomp|Rock Slide|p1b: Rotom|[spread] p1a\n|-miss|p2b: Garchomp|p1b: Rotom\n|-supereffective|p1a: Incineroar|1\n|-damage|p1a: Incineroar|61/100\n|move|p2a: Froslass|Aurora Veil|p2a: Froslass\n|-sidestart|p2: Asta40|move: Aurora Veil\n|move|p1a: Incineroar|Flare Blitz|p2a: Froslass\n|-supereffective|p2a: Froslass|1\n|-damage|p2a: Froslass|0 fnt\n|faint|p2a: Froslass\n|-damage|p1a: Incineroar|60/100|[from] Recoil\n|\n|-weather|Snowscape|[upkeep]\n|upkeep\n|\n|t:|1776016137\n|switch|p2a: Tsume|Sneasler, L50, M|100/100\n|turn|5\n|\n|t:|1776016152\n|switch|p1a: Garchomp|Garchomp, L50, F|100/100\n|move|p2a: Tsume|Fake Out|p1a: Garchomp\n|-damage|p1a: Garchomp|85/100\n|-damage|p2a: Tsume|88/100|[from] ability: Rough Skin|[of] p1a: Garchomp\n|move|p1b: Rotom|Thunderbolt|p2a: Tsume\n|-damage|p2a: Tsume|53/100\n|move|p2b: Garchomp|Rock Slide|p1b: Rotom|[spread] p1a,p1b\n|-resisted|p1a: Garchomp|1\n|-crit|p1b: Rotom\n|-damage|p1a: Garchomp|78/100\n|-damage|p1b: Rotom|12/100\n|\n|-weather|Snowscape|[upkeep]\n|upkeep\n|turn|6\n|\n|t:|1776016175\n|switch|p1b: Incineroar|Incineroar, L50, M|60/100\n|-ability|p1b: Incineroar|Intimidate|boost\n|-unboost|p2a: Tsume|atk|1\n|-unboost|p2b: Garchomp|atk|1\n|move|p2a: Tsume|Dire Claw|p1b: Incineroar\n|-damage|p1b: Incineroar|33/100\n|-status|p1b: Incineroar|par\n|-enditem|p1b: Incineroar|Sitrus Berry|[eat]\n|-heal|p1b: Incineroar|58/100 par|[from] item: Sitrus Berry\n|move|p2b: Garchomp|Dragon Claw|p1a: Garchomp\n|-supereffective|p1a: Garchomp|1\n|-damage|p1a: Garchomp|40/100\n|-damage|p2b: Garchomp|88/100|[from] ability: Rough Skin|[of] p1a: Garchomp\n|move|p1a: Garchomp|Dragon Claw|p2b: Garchomp\n|-supereffective|p2b: Garchomp|1\n|-damage|p2b: Garchomp|34/100\n|-damage|p1a: Garchomp|28/100|[from] ability: Rough Skin|[of] p2b: Garchomp\n|\n|-weather|Snowscape|[upkeep]\n|upkeep\n|turn|7\n|\n|t:|1776016190\n|switch|p1b: Rotom|Rotom-Wash, L50|12/100\n|move|p2a: Tsume|Protect|p2a: Tsume\n|-singleturn|p2a: Tsume|Protect\n|move|p2b: Garchomp|Earthquake|p1b: Rotom|[spread] p1a\n|-activate|p2a: Tsume|move: Protect\n|-immune|p1b: Rotom|[from] ability: Levitate\n|-damage|p1a: Garchomp|6/100\n|move|p1a: Garchomp|Earthquake|p2a: Tsume|[spread] p2b\n|-activate|p2a: Tsume|move: Protect\n|-immune|p1b: Rotom|[from] ability: Levitate\n|-damage|p2b: Garchomp|3/100\n|\n|-weather|none\n|upkeep\n|turn|8\n|\n|t:|1776016204\n|move|p1b: Rotom|Hydro Pump|p2b: Garchomp\n|-damage|p2b: Garchomp|0 fnt\n|faint|p2b: Garchomp\n|move|p2a: Tsume|Dire Claw|p1b: Rotom\n|-damage|p1b: Rotom|0 fnt\n|faint|p1b: Rotom\n|move|p1a: Garchomp|Earthquake|p2a: Tsume\n|-supereffective|p2a: Tsume|1\n|-damage|p2a: Tsume|0 fnt\n|faint|p2a: Tsume\n|\n|win|fritznader799\n|raw|fritznader799's rating: 1151 &rarr; <strong>1174</strong><br />(+23 for winning)\n|raw|Asta40's rating: 1123 &rarr; <strong>1100</strong><br />(-23 for losing)\n|l|\u2606Asta40\n|player|p2|\n",
  "uploadtime": 1776016276,
  "views": 12,
  "formatid": "gen9championsvgc2026regma",
  "rating": 1100,
  "private": 0,
  "password": null
}