{
  "id": "gen9championsvgc2026regma-2587738365",
  "format": "[Gen 9 Champions] VGC 2026 Reg M-A",
  "players": [
    "A Bad Fur Day",
    "hfreahbW"
  ],
  "log": "|j|\u2606A Bad Fur Day\n|j|\u2606hfreahbW\n|t:|1776559039\n|gametype|doubles\n|player|p1|A Bad Fur Day|ghetsis|1104\n|player|p2|hfreahbW|hilbert-wonderlauncher|1062\n|gen|9\n|tier|[Gen 9 Champions] VGC 2026 Reg M-A\n|rated|\n|rule|Species Clause: Limit one of each Pok\u00e9mon\n|rule|Item Clause: Limit 1 of each item\n|clearpoke\n|poke|p1|Gallade, L50, M|\n|poke|p1|Sandaconda, L50, M|\n|poke|p1|Tyranitar, L50, M|\n|poke|p1|Glimmora, L50, F|\n|poke|p1|Aurorus, L50, F|\n|poke|p1|Mamoswine, L50, M|\n|poke|p2|Tyranitar, L50, M|\n|poke|p2|Garchomp, L50, F|\n|poke|p2|Sinistcha, L50|\n|poke|p2|Incineroar, L50, F|\n|poke|p2|Corviknight, L50, F|\n|poke|p2|Greninja, L50, F|\n|teampreview|4\n|\n|t:|1776559066\n|teamsize|p1|4\n|teamsize|p2|4\n|start\n|switch|p1a: Gallade|Gallade, L50, M|100/100\n|switch|p1b: Aurorus|Aurorus, L50, F|100/100\n|switch|p2a: Garchomp|Garchomp, L50, F|100/100\n|switch|p2b: Corviknight|Corviknight, L50, F|100/100\n|-ability|p2b: Corviknight|Pressure\n|turn|1\n|\n|t:|1776559079\n|move|p2a: Garchomp|Protect|p2a: Garchomp\n|-singleturn|p2a: Garchomp|Protect\n|move|p1a: Gallade|Imprison|p1a: Gallade\n|-start|p1a: Gallade|move: Imprison\n|move|p2b: Corviknight|Iron Head|p1b: Aurorus\n|-supereffective|p1b: Aurorus|2\n|-damage|p1b: Aurorus|0 fnt\n|faint|p1b: Aurorus\n|\n|upkeep\n|\n|t:|1776559085\n|switch|p1b: Glimmora|Glimmora, L50, F|100/100\n|turn|2\n|\n|t:|1776559123\n|switch|p1a: Sandaconda|Sandaconda, L50, M|100/100\n|detailschange|p1b: Glimmora|Glimmora-Mega, L50, F\n|-mega|p1b: Glimmora|Glimmora|Glimmoranite\n|move|p2a: Garchomp|Dragon Claw|p1a: Sandaconda\n|-damage|p1a: Sandaconda|73/100\n|move|p1b: Glimmora|Power Gem|p2b: Corviknight\n|-damage|p2b: Corviknight|21/100\n|move|p2b: Corviknight|Tailwind|p2b: Corviknight\n|-sidestart|p2: hfreahbW|move: Tailwind\n|\n|upkeep\n|turn|3\n|\n|t:|1776559139\n|move|p1b: Glimmora|Spiky Shield|p1b: Glimmora\n|-singleturn|p1b: Glimmora|move: Protect\n|move|p2a: Garchomp|Earthquake|p1a: Sandaconda|[spread] p1a\n|-activate|p1b: Glimmora|move: Protect\n|-immune|p2b: Corviknight\n|-damage|p1a: Sandaconda|50/100\n|move|p2b: Corviknight|U-turn|p1a: Sandaconda\n|-damage|p1a: Sandaconda|38/100\n|\n|t:|1776559146\n|switch|p2b: Sinistcha|Sinistcha, L50|100/100|[from] U-turn\n|move|p1a: Sandaconda|Minimize|p1a: Sandaconda\n|-boost|p1a: Sandaconda|evasion|2\n|\n|upkeep\n|turn|4\n|\n|t:|1776559161\n|switch|p1b: Gallade|Gallade, L50, M|100/100\n|move|p2a: Garchomp|Earthquake|p1a: Sandaconda|[spread] p2b,p1b\n|-miss|p2a: Garchomp|p1a: Sandaconda\n|-resisted|p2b: Sinistcha|1\n|-damage|p2b: Sinistcha|84/100\n|-damage|p1b: Gallade|33/100\n|move|p2b: Sinistcha|Matcha Gotcha|p1a: Sandaconda|[spread] p1b\n|-miss|p2b: Sinistcha|p1a: Sandaconda\n|-crit|p1b: Gallade\n|-damage|p1b: Gallade|0 fnt\n|-heal|p2b: Sinistcha|100/100|[from] drain|[of] p1b: Gallade\n|faint|p1b: Gallade\n|move|p1a: Sandaconda|Rest|p1a: Sandaconda\n|-status|p1a: Sandaconda|slp|[from] move: Rest\n|-heal|p1a: Sandaconda|100/100 slp|[silent]\n|\n|upkeep\n|inactive|Battle timer is ON: inactive players will automatically lose when time's up. (requested by hfreahbW)\n|\n|t:|1776559166\n|switch|p1b: Glimmora|Glimmora-Mega, L50, F|100/100\n|turn|5\n|\n|t:|1776559178\n|move|p1b: Glimmora|Spiky Shield|p1b: Glimmora\n|-singleturn|p1b: Glimmora|move: Protect\n|move|p2a: Garchomp|Earthquake|p1b: Glimmora|[spread] p2b,p1a\n|-activate|p1b: Glimmora|move: Protect\n|-resisted|p2b: Sinistcha|1\n|-damage|p2b: Sinistcha|82/100\n|-damage|p1a: Sandaconda|75/100 slp\n|move|p2b: Sinistcha|Matcha Gotcha|p1b: Glimmora|[spread] p1a\n|-activate|p1b: Glimmora|move: Protect\n|-supereffective|p1a: Sandaconda|1\n|-damage|p1a: Sandaconda|2/100 slp\n|-heal|p2b: Sinistcha|100/100|[from] drain|[of] p1a: Sandaconda\n|cant|p1a: Sandaconda|slp\n|\n|-sideend|p2: hfreahbW|move: Tailwind\n|upkeep\n|turn|6\n|-message|A Bad Fur Day forfeited.\n|\n|win|hfreahbW\n|raw|A Bad Fur Day's rating: 1104 &rarr; <strong>1076</strong><br />(-28 for losing)\n|raw|hfreahbW's rating: 1062 &rarr; <strong>1096</strong><br />(+34 for winning)\n|l|\u2606A Bad Fur Day\n|player|p1|\n",
  "uploadtime": 1776559188,
  "views": 14,
  "formatid": "gen9championsvgc2026regma",
  "rating": 1076,
  "private": 0,
  "password": null
}