{
  "id": "gen9championsvgc2026regma-2585035819",
  "format": "[Gen 9 Champions] VGC 2026 Reg M-A",
  "players": [
    "blaoh123",
    "areestoo"
  ],
  "log": "|j|\u2606blaoh123\n|j|\u2606areestoo\n|t:|1776305433\n|gametype|doubles\n|player|p1|blaoh123|101|1175\n|player|p2|areestoo|101|1239\n|gen|9\n|tier|[Gen 9 Champions] VGC 2026 Reg M-A\n|rated|\n|rule|Species Clause: Limit one of each Pok\u00e9mon\n|rule|Item Clause: Limit 1 of each item\n|clearpoke\n|poke|p1|Froslass, L50, F|\n|poke|p1|Ninetales-Alola, L50, F|\n|poke|p1|Incineroar, L50, F|\n|poke|p1|Sylveon, L50, M|\n|poke|p1|Sneasler, L50, F|\n|poke|p1|Garchomp, L50, M|\n|poke|p2|Blastoise, L50, F|\n|poke|p2|Pelipper, L50, F|\n|poke|p2|Floette-Eternal, L50, F|\n|poke|p2|Wyrdeer, L50, F|\n|poke|p2|Weavile, L50, F|\n|poke|p2|Tsareena, L50, F|\n|teampreview|4\n|inactive|Battle timer is ON: inactive players will automatically lose when time's up. (requested by areestoo)\n|inactive|areestoo has 60 seconds left.\n|inactive|areestoo has 30 seconds left.\n|inactive|areestoo has 20 seconds left.\n|inactive|areestoo has 15 seconds left.\n|inactive|areestoo has 10 seconds left.\n|inactive|areestoo has 5 seconds left.\n|\n|t:|1776305523\n|teamsize|p1|4\n|teamsize|p2|4\n|start\n|switch|p1a: Froslass|Froslass, L50, F|100/100\n|switch|p1b: Ninetales|Ninetales-Alola, L50, F|100/100\n|switch|p2a: Blastoise|Blastoise, L50, F|100/100\n|switch|p2b: Pelipper|Pelipper, L50, F|100/100\n|-weather|RainDance|[from] ability: Drizzle|[of] p2b: Pelipper\n|-weather|Snowscape|[from] ability: Snow Warning|[of] p1b: Ninetales\n|turn|1\n|\n|t:|1776305534\n|detailschange|p1a: Froslass|Froslass-Mega, L50, F\n|-mega|p1a: Froslass|Froslass|Froslassite\n|detailschange|p2a: Blastoise|Blastoise-Mega, L50, F\n|-mega|p2a: Blastoise|Blastoise|Blastoisinite\n|move|p2b: Pelipper|Tailwind|p2b: Pelipper\n|-sidestart|p2: areestoo|move: Tailwind\n|move|p1a: Froslass|Blizzard|p2a: Blastoise|[spread] p2a,p2b\n|-resisted|p2a: Blastoise|1\n|-crit|p2a: Blastoise\n|-damage|p2a: Blastoise|73/100\n|-damage|p2b: Pelipper|21/100\n|move|p1b: Ninetales|Aurora Veil|p1b: Ninetales\n|-sidestart|p1: blaoh123|move: Aurora Veil\n|move|p2a: Blastoise|Water Spout|p1a: Froslass|[spread] p1a,p1b\n|-damage|p1a: Froslass|59/100\n|-damage|p1b: Ninetales|67/100\n|\n|-weather|Snowscape|[upkeep]\n|upkeep\n|turn|2\n|\n|t:|1776305557\n|switch|p2b: Wyrdeer|Wyrdeer, L50, F|100/100\n|-ability|p2b: Wyrdeer|Intimidate|boost\n|-unboost|p1a: Froslass|atk|1\n|-unboost|p1b: Ninetales|atk|1\n|move|p1a: Froslass|Disable|p2a: Blastoise\n|-start|p2a: Blastoise|Disable|Water Spout\n|move|p1b: Ninetales|Encore|p2a: Blastoise\n|-start|p2a: Blastoise|Encore\n|cant|p2a: Blastoise|Disable|Water Spout\n|\n|-weather|Snowscape|[upkeep]\n|upkeep\n|turn|3\n|inactive|blaoh123 has 30 seconds left.\n|inactive|areestoo has 30 seconds left.\n|\n|t:|1776305590\n|switch|p1b: Sylveon|Sylveon, L50, M|100/100\n|switch|p2a: Floette|Floette-Eternal, L50, F|100/100\n|move|p1a: Froslass|Shadow Ball|p2a: Floette\n|-damage|p2a: Floette|57/100\n|move|p2b: Wyrdeer|Trick Room|p2b: Wyrdeer\n|-fieldstart|move: Trick Room|[of] p2b: Wyrdeer\n|\n|-weather|Snowscape|[upkeep]\n|upkeep\n|turn|4\n|\n|t:|1776305607\n|move|p2a: Floette|Protect|p2a: Floette\n|-singleturn|p2a: Floette|Protect\n|move|p1b: Sylveon|Hyper Voice|p2b: Wyrdeer|[spread] p2b\n|-activate|p2a: Floette|move: Protect\n|-damage|p2b: Wyrdeer|58/100\n|move|p2b: Wyrdeer|Psyshield Bash|p1a: Froslass\n|-damage|p1a: Froslass|27/100\n|-boost|p2b: Wyrdeer|def|1\n|move|p1a: Froslass|Blizzard|p2a: Floette|[spread] p2b\n|-activate|p2a: Floette|move: Protect\n|-damage|p2b: Wyrdeer|10/100\n|-enditem|p2b: Wyrdeer|Sitrus Berry|[eat]\n|-heal|p2b: Wyrdeer|35/100|[from] item: Sitrus Berry\n|\n|-weather|Snowscape|[upkeep]\n|-sideend|p2: areestoo|move: Tailwind\n|upkeep\n|turn|5\n|\n|t:|1776305625\n|move|p1a: Froslass|Protect|p1a: Froslass\n|-singleturn|p1a: Froslass|Protect\n|move|p2b: Wyrdeer|Psyshield Bash|p1b: Sylveon\n|-damage|p1b: Sylveon|71/100\n|-boost|p2b: Wyrdeer|def|1\n|move|p1b: Sylveon|Hyper Voice|p2b: Wyrdeer|[spread] p2a,p2b\n|-damage|p2a: Floette|16/100\n|-damage|p2b: Wyrdeer|0 fnt\n|faint|p2b: Wyrdeer\n|move|p2a: Floette|Moonblast|p1a: Froslass\n|-activate|p1a: Froslass|move: Protect\n|\n|-weather|none\n|-sideend|p1: blaoh123|move: Aurora Veil\n|upkeep\n|\n|t:|1776305629\n|switch|p2b: Blastoise|Blastoise-Mega, L50, F|73/100\n|turn|6\n|\n|t:|1776305643\n|switch|p1a: Sneasler|Sneasler, L50, F|100/100\n|move|p1b: Sylveon|Hyper Voice|p2a: Floette|[spread] p2a,p2b\n|-damage|p2a: Floette|0 fnt\n|-damage|p2b: Blastoise|37/100\n|faint|p2a: Floette\n|move|p2b: Blastoise|Water Spout|p1b: Sylveon|[spread] p1a,p1b\n|-damage|p1a: Sneasler|71/100\n|-damage|p1b: Sylveon|53/100\n|\n|upkeep\n|\n|t:|1776305648\n|switch|p2a: Pelipper|Pelipper, L50, F|21/100\n|-weather|RainDance|[from] ability: Drizzle|[of] p2a: Pelipper\n|turn|7\n|-message|areestoo forfeited.\n|\n|win|blaoh123\n|raw|blaoh123's rating: 1175 &rarr; <strong>1205</strong><br />(+30 for winning)\n|raw|areestoo's rating: 1239 &rarr; <strong>1209</strong><br />(-30 for losing)\n",
  "uploadtime": 1776305652,
  "views": 28,
  "formatid": "gen9championsvgc2026regma",
  "rating": 1205,
  "private": 0,
  "password": null
}