{
  "id": "gen9championsvgc2026regma-2583306431",
  "format": "[Gen 9 Champions] VGC 2026 Reg M-A",
  "players": [
    "Sml12",
    "4ooty"
  ],
  "log": "|j|\u2606Sml12\n|j|\u26064ooty\n|t:|1776165288\n|gametype|doubles\n|player|p1|Sml12|hilda-wonderlauncher|1196\n|player|p2|4ooty|nobunaga-conquest|1198\n|gen|9\n|tier|[Gen 9 Champions] VGC 2026 Reg M-A\n|rated|\n|rule|Species Clause: Limit one of each Pok\u00e9mon\n|rule|Item Clause: Limit 1 of each item\n|clearpoke\n|poke|p1|Incineroar, L50, M|\n|poke|p1|Vivillon-Marine, L50, M|\n|poke|p1|Hatterene, L50, F|\n|poke|p1|Gourgeist-*, L50, M|\n|poke|p1|Golurk, L50|\n|poke|p1|Torkoal, L50, M|\n|poke|p2|Goodra-Hisui, L50, M|\n|poke|p2|Froslass, L50, F|\n|poke|p2|Sinistcha-Masterpiece, L50|\n|poke|p2|Incineroar, L50, F|\n|poke|p2|Aerodactyl, L50, M|\n|poke|p2|Palafin, L50, M|\n|teampreview|4\n|inactive|Battle timer is ON: inactive players will automatically lose when time's up. (requested by 4ooty)\n|\n|t:|1776165318\n|teamsize|p1|4\n|teamsize|p2|4\n|start\n|switch|p1a: Incineroar|Incineroar, L50, M|100/100\n|switch|p1b: Gourgeist|Gourgeist-Super, L50, M|100/100\n|switch|p2a: Incineroar|Incineroar, L50, F, shiny|100/100\n|switch|p2b: Goodra|Goodra-Hisui, L50, M, shiny|100/100\n|-ability|p2a: Incineroar|Intimidate|boost\n|-unboost|p1a: Incineroar|atk|1\n|-unboost|p1b: Gourgeist|atk|1\n|-ability|p1a: Incineroar|Intimidate|boost\n|-unboost|p2a: Incineroar|atk|1\n|-unboost|p2b: Goodra|atk|1\n|turn|1\n|inactive|Sml12 has 30 seconds left.\n|\n|t:|1776165344\n|move|p2a: Incineroar|Taunt|p1b: Gourgeist\n|-start|p1b: Gourgeist|move: Taunt\n|move|p1a: Incineroar|Parting Shot|p2b: Goodra\n|-unboost|p2b: Goodra|atk|1\n|-unboost|p2b: Goodra|spa|1\n|inactive|Sml12 has 30 seconds left.\n|\n|t:|1776165371\n|switch|p1a: Golurk|Golurk, L50|100/100|[from] Parting Shot\n|move|p2b: Goodra|Shelter|p2b: Goodra\n|-boost|p2b: Goodra|def|2\n|cant|p1b: Gourgeist|move: Taunt|Trick Room\n|\n|upkeep\n|turn|2\n|inactive|4ooty has 30 seconds left.\n|inactive|4ooty has 20 seconds left.\n|\n|t:|1776165407\n|switch|p2b: Froslass|Froslass, L50, F, shiny|100/100\n|switch|p1b: Incineroar|Incineroar, L50, M|100/100\n|-ability|p1b: Incineroar|Intimidate|boost\n|-unboost|p2a: Incineroar|atk|1\n|-unboost|p2b: Froslass|atk|1\n|detailschange|p1a: Golurk|Golurk-Mega, L50\n|-mega|p1a: Golurk|Golurk|Golurkite\n|move|p2a: Incineroar|Parting Shot|p1a: Golurk\n|-unboost|p1a: Golurk|atk|1\n|-unboost|p1a: Golurk|spa|1\n|\n|t:|1776165419\n|switch|p2a: Aerodactyl|Aerodactyl, L50, M, shiny|100/100|[from] Parting Shot\n|-ability|p2a: Aerodactyl|Unnerve\n|move|p1a: Golurk|Headlong Rush|p2a: Aerodactyl\n|-immune|p2a: Aerodactyl\n|\n|upkeep\n|turn|3\n|\n|t:|1776165440\n|switch|p1a: Torkoal|Torkoal, L50, M|100/100\n|-weather|SunnyDay|[from] ability: Drought|[of] p1a: Torkoal\n|detailschange|p2b: Froslass|Froslass-Mega, L50, F, shiny\n|-mega|p2b: Froslass|Froslass|Froslassite\n|-weather|Snowscape|[from] ability: Snow Warning|[of] p2b: Froslass\n|move|p2a: Aerodactyl|Rock Slide|p1b: Incineroar|[spread] p1a,p1b\n|-supereffective|p1a: Torkoal|1\n|-supereffective|p1b: Incineroar|1\n|-damage|p1a: Torkoal|63/100\n|-damage|p1b: Incineroar|50/100\n|move|p2b: Froslass|Shadow Ball|p1a: Torkoal\n|-damage|p1a: Torkoal|7/100\n|move|p1b: Incineroar|Flare Blitz|p2b: Froslass\n|-supereffective|p2b: Froslass|1\n|-damage|p2b: Froslass|0 fnt\n|faint|p2b: Froslass\n|-damage|p1b: Incineroar|24/100|[from] Recoil\n|\n|-weather|Snowscape|[upkeep]\n|upkeep\n|\n|t:|1776165459\n|switch|p2b: Goodra|Goodra-Hisui, L50, M, shiny|100/100\n|turn|4\n|\n|t:|1776165470\n|switch|p1a: Gourgeist|Gourgeist-Super, L50, M|100/100\n|move|p2a: Aerodactyl|Rock Slide|p1a: Gourgeist|[spread] p1a,p1b\n|-supereffective|p1b: Incineroar|1\n|-damage|p1a: Gourgeist|81/100\n|-damage|p1b: Incineroar|0 fnt\n|faint|p1b: Incineroar\n|move|p2b: Goodra|Shelter|p2b: Goodra\n|-boost|p2b: Goodra|def|2\n|\n|-weather|Snowscape|[upkeep]\n|upkeep\n|\n|t:|1776165475\n|switch|p1b: Golurk|Golurk-Mega, L50|100/100\n|turn|5\n|\n|t:|1776165488\n|move|p2a: Aerodactyl|Dual Wingbeat|p1a: Gourgeist\n|-supereffective|p1a: Gourgeist|1\n|-damage|p1a: Gourgeist|53/100\n|-supereffective|p1a: Gourgeist|1\n|-crit|p1a: Gourgeist\n|-damage|p1a: Gourgeist|12/100\n|-hitcount|p1a: Gourgeist|2\n|move|p2b: Goodra|Heavy Slam|p1a: Gourgeist\n|-damage|p1a: Gourgeist|0 fnt\n|faint|p1a: Gourgeist\n|move|p1b: Golurk|Headlong Rush|p2b: Goodra\n|-supereffective|p2b: Goodra|1\n|-damage|p2b: Goodra|41/100\n|-unboost|p1b: Golurk|def|1\n|-unboost|p1b: Golurk|spd|1\n|\n|-weather|Snowscape|[upkeep]\n|-heal|p2b: Goodra|48/100|[from] item: Leftovers\n|upkeep\n|-message|Sml12 forfeited.\n|\n|win|4ooty\n|raw|Sml12's rating: 1196 &rarr; <strong>1171</strong><br />(-25 for losing)\n|raw|4ooty's rating: 1198 &rarr; <strong>1223</strong><br />(+25 for winning)\n|l|\u2606Sml12\n|player|p1|\n",
  "uploadtime": 1776165509,
  "views": 17,
  "formatid": "gen9championsvgc2026regma",
  "rating": 1171,
  "private": 0,
  "password": null
}