{
  "id": "gen9championsvgc2026regma-2586320051",
  "format": "[Gen 9 Champions] VGC 2026 Reg M-A",
  "players": [
    "25528989d",
    "luisflygon14"
  ],
  "log": "|j|\u260625528989d\n|j|\u2606luisflygon14\n|t:|1776424937\n|gametype|doubles\n|player|p1|25528989d|roxie-masters|1159\n|player|p2|luisflygon14|steven|1095\n|gen|9\n|tier|[Gen 9 Champions] VGC 2026 Reg M-A\n|rated|\n|rule|Species Clause: Limit one of each Pok\u00e9mon\n|rule|Item Clause: Limit 1 of each item\n|clearpoke\n|poke|p1|Charizard, L50, F|\n|poke|p1|Tyranitar, L50, M|\n|poke|p1|Gyarados, L50, F|\n|poke|p1|Garchomp, L50, M|\n|poke|p1|Rotom-Mow, L50|\n|poke|p1|Lucario, L50, F|\n|poke|p2|Skarmory, L50, M|\n|poke|p2|Tyranitar, L50, F|\n|poke|p2|Dragapult, L50, M|\n|poke|p2|Whimsicott, L50, F|\n|poke|p2|Salazzle, L50, F|\n|poke|p2|Clawitzer, L50, M|\n|teampreview|4\n|inactive|Battle timer is ON: inactive players will automatically lose when time's up. (requested by luisflygon14)\n|\n|t:|1776424984\n|teamsize|p1|4\n|teamsize|p2|4\n|start\n|switch|p1a: Charizard|Charizard, L50, F|100/100\n|switch|p1b: Gyarados|Gyarados, L50, F|100/100\n|switch|p2a: Clawitzer|Clawitzer, L50, M|100/100\n|switch|p2b: Skarmory|Skarmory, L50, M|100/100\n|-ability|p1b: Gyarados|Intimidate|boost\n|-unboost|p2a: Clawitzer|atk|1\n|-unboost|p2b: Skarmory|atk|1\n|turn|1\n|\n|t:|1776425008\n|detailschange|p2b: Skarmory|Skarmory-Mega, L50, M\n|-mega|p2b: Skarmory|Skarmory|Skarmorite\n|move|p1a: Charizard|Protect|p1a: Charizard\n|-singleturn|p1a: Charizard|Protect\n|move|p2b: Skarmory|Brave Bird|p1a: Charizard\n|-activate|p1a: Charizard|move: Protect\n|move|p1b: Gyarados|Icy Wind|p2b: Skarmory|[spread] p2a,p2b\n|-resisted|p2a: Clawitzer|1\n|-damage|p2a: Clawitzer|97/100\n|-damage|p2b: Skarmory|94/100\n|-unboost|p2a: Clawitzer|spe|1\n|-unboost|p2b: Skarmory|spe|1\n|move|p2a: Clawitzer|Water Pulse|p1a: Charizard\n|-activate|p1a: Charizard|move: Protect\n|\n|-heal|p2a: Clawitzer|100/100|[from] item: Leftovers\n|upkeep\n|turn|2\n|\n|t:|1776425026\n|switch|p2b: Dragapult|Dragapult, L50, M|100/100\n|detailschange|p1a: Charizard|Charizard-Mega-Y, L50, F\n|-mega|p1a: Charizard|Charizard|Charizardite Y\n|-weather|SunnyDay|[from] ability: Drought|[of] p1a: Charizard\n|move|p1b: Gyarados|Helping Hand|p1a: Charizard\n|-singleturn|p1a: Charizard|Helping Hand|[of] p1b: Gyarados\n|move|p1a: Charizard|Heat Wave|p2b: Dragapult|[spread] p2a,p2b\n|-resisted|p2a: Clawitzer|1\n|-resisted|p2b: Dragapult|1\n|-damage|p2a: Clawitzer|49/100\n|-damage|p2b: Dragapult|33/100\n|move|p2a: Clawitzer|Water Pulse|p1a: Charizard\n|-supereffective|p1a: Charizard|1\n|-damage|p1a: Charizard|60/100\n|\n|-weather|SunnyDay|[upkeep]\n|-heal|p2a: Clawitzer|55/100|[from] item: Leftovers\n|upkeep\n|turn|3\n|\n|t:|1776425048\n|move|p2b: Dragapult|Protect|p2b: Dragapult\n|-singleturn|p2b: Dragapult|Protect\n|move|p1a: Charizard|Protect|p1a: Charizard\n|-singleturn|p1a: Charizard|Protect\n|move|p2a: Clawitzer|Protect|p2a: Clawitzer\n|-singleturn|p2a: Clawitzer|Protect\n|move|p1b: Gyarados|Icy Wind|p2a: Clawitzer|[spread] \n|-activate|p2a: Clawitzer|move: Protect\n|-activate|p2b: Dragapult|move: Protect\n|\n|-weather|SunnyDay|[upkeep]\n|-heal|p2a: Clawitzer|61/100|[from] item: Leftovers\n|upkeep\n|turn|4\n|\n|t:|1776425071\n|switch|p1a: Lucario|Lucario, L50, F|100/100\n|move|p2b: Dragapult|Dragon Darts|p1a: Lucario\n|-resisted|p1a: Lucario|1\n|-damage|p1a: Lucario|80/100\n|-anim|p2b: Dragapult|Dragon Darts|p1b: Gyarados\n|-damage|p1b: Gyarados|76/100\n|move|p1b: Gyarados|Icy Wind|p2b: Dragapult|[spread] p2a\n|-miss|p1b: Gyarados|p2b: Dragapult\n|-resisted|p2a: Clawitzer|1\n|-damage|p2a: Clawitzer|58/100\n|-unboost|p2a: Clawitzer|spe|1\n|move|p2a: Clawitzer|Water Pulse|p1a: Lucario\n|-damage|p1a: Lucario|45/100\n|\n|-weather|SunnyDay|[upkeep]\n|-heal|p2a: Clawitzer|64/100|[from] item: Leftovers\n|upkeep\n|turn|5\n|inactive|luisflygon14 has 30 seconds left.\n|\n|t:|1776425097\n|move|p1a: Lucario|Protect|p1a: Lucario\n|-singleturn|p1a: Lucario|Protect\n|move|p2b: Dragapult|Will-O-Wisp|p1a: Lucario\n|-activate|p1a: Lucario|move: Protect\n|move|p1b: Gyarados|Icy Wind|p2a: Clawitzer|[spread] p2a,p2b\n|-resisted|p2a: Clawitzer|1\n|-supereffective|p2b: Dragapult|1\n|-damage|p2a: Clawitzer|61/100\n|-damage|p2b: Dragapult|16/100\n|-unboost|p2a: Clawitzer|spe|1\n|move|p2a: Clawitzer|Heal Pulse|p2b: Dragapult\n|-heal|p2b: Dragapult|91/100\n|\n|-weather|SunnyDay|[upkeep]\n|-heal|p2a: Clawitzer|67/100|[from] item: Leftovers\n|upkeep\n|turn|6\n|\n|t:|1776425130\n|switch|p1a: Rotom|Rotom-Mow, L50|100/100\n|move|p2b: Dragapult|Psychic Fangs|p1a: Rotom\n|-damage|p1a: Rotom|72/100\n|move|p1b: Gyarados|Icy Wind|p2b: Dragapult|[spread] p2a,p2b\n|-resisted|p2a: Clawitzer|1\n|-supereffective|p2b: Dragapult|1\n|-damage|p2a: Clawitzer|63/100\n|-damage|p2b: Dragapult|74/100\n|-unboost|p2a: Clawitzer|spe|1\n|move|p2a: Clawitzer|Heal Pulse|p2b: Dragapult\n|-heal|p2b: Dragapult|100/100\n|\n|-weather|none\n|-heal|p2a: Clawitzer|69/100|[from] item: Leftovers\n|upkeep\n|turn|7\n|inactive|25528989d has 30 seconds left.\n|\n|t:|1776425158\n|move|p2b: Dragapult|Dragon Darts|p1a: Rotom\n|-damage|p1a: Rotom|47/100\n|-enditem|p1a: Rotom|Sitrus Berry|[eat]\n|-heal|p1a: Rotom|72/100|[from] item: Sitrus Berry\n|-anim|p2b: Dragapult|Dragon Darts|p1b: Gyarados\n|-damage|p1b: Gyarados|51/100\n|move|p1a: Rotom|Will-O-Wisp|p2b: Dragapult\n|-status|p2b: Dragapult|brn\n|move|p1b: Gyarados|Waterfall|p2b: Dragapult\n|-resisted|p2b: Dragapult|1\n|-damage|p2b: Dragapult|78/100 brn\n|move|p2a: Clawitzer|Dark Pulse|p1a: Rotom\n|-crit|p1a: Rotom\n|-damage|p1a: Rotom|6/100\n|\n|-heal|p2a: Clawitzer|75/100|[from] item: Leftovers\n|-damage|p2b: Dragapult|72/100 brn|[from] brn\n|upkeep\n|turn|8\n|inactive|25528989d has 30 seconds left.\n|inactive|luisflygon14 has 30 seconds left.\n|\n|t:|1776425189\n|switch|p1b: Charizard|Charizard-Mega-Y, L50, F|60/100\n|-weather|SunnyDay|[from] ability: Drought|[of] p1b: Charizard\n|move|p1a: Rotom|Protect|p1a: Rotom\n|-singleturn|p1a: Rotom|Protect\n|move|p2b: Dragapult|Dragon Darts|p1b: Charizard\n|-damage|p1b: Charizard|43/100\n|-anim|p2b: Dragapult|Dragon Darts|p1b: Charizard\n|-damage|p1b: Charizard|26/100\n|move|p2a: Clawitzer|Heal Pulse|p2b: Dragapult\n|-heal|p2b: Dragapult|100/100 brn\n|\n|-weather|SunnyDay|[upkeep]\n|-heal|p2a: Clawitzer|81/100|[from] item: Leftovers\n|-damage|p2b: Dragapult|94/100 brn|[from] brn\n|upkeep\n|turn|9\n|inactive|25528989d has 30 seconds left.\n|inactive|luisflygon14 has 30 seconds left.\n|\n|t:|1776425218\n|switch|p1a: Gyarados|Gyarados, L50, F|51/100\n|-ability|p1a: Gyarados|Intimidate|boost\n|-unboost|p2a: Clawitzer|atk|1\n|-fail|p2b: Dragapult|unboost|[from] ability: Clear Body|[of] p2b: Dragapult\n|move|p1b: Charizard|Protect|p1b: Charizard\n|-singleturn|p1b: Charizard|Protect\n|move|p2b: Dragapult|Dragon Darts|p1a: Gyarados\n|-damage|p1a: Gyarados|39/100\n|-anim|p2b: Dragapult|Dragon Darts|p1a: Gyarados\n|-damage|p1a: Gyarados|27/100\n|move|p2a: Clawitzer|Water Pulse|p1b: Charizard\n|-activate|p1b: Charizard|move: Protect\n|\n|-weather|SunnyDay|[upkeep]\n|-heal|p2a: Clawitzer|87/100|[from] item: Leftovers\n|-damage|p2b: Dragapult|88/100 brn|[from] brn\n|upkeep\n|turn|10\n|\n|t:|1776425241\n|move|p1a: Gyarados|Helping Hand|p1b: Charizard\n|-singleturn|p1b: Charizard|Helping Hand|[of] p1a: Gyarados\n|move|p2b: Dragapult|Dragon Darts|p1b: Charizard\n|-damage|p1b: Charizard|10/100\n|-anim|p2b: Dragapult|Dragon Darts|p1a: Gyarados\n|-damage|p1a: Gyarados|15/100\n|move|p1b: Charizard|Heat Wave|p2b: Dragapult|[spread] p2a\n|-miss|p1b: Charizard|p2b: Dragapult\n|-resisted|p2a: Clawitzer|1\n|-damage|p2a: Clawitzer|35/100\n|move|p2a: Clawitzer|Dark Pulse|p1b: Charizard\n|-damage|p1b: Charizard|0 fnt\n|faint|p1b: Charizard\n|\n|-weather|SunnyDay|[upkeep]\n|-heal|p2a: Clawitzer|41/100|[from] item: Leftovers\n|-damage|p2b: Dragapult|82/100 brn|[from] brn\n|upkeep\n|\n|t:|1776425254\n|switch|p1b: Lucario|Lucario, L50, F|45/100\n|turn|11\n|\n|t:|1776425262\n|move|p1a: Gyarados|Helping Hand|p1b: Lucario\n|-singleturn|p1b: Lucario|Helping Hand|[of] p1a: Gyarados\n|move|p2a: Clawitzer|Protect|p2a: Clawitzer\n|-singleturn|p2a: Clawitzer|Protect\n|move|p2b: Dragapult|Will-O-Wisp|p1b: Lucario\n|-status|p1b: Lucario|brn\n|move|p1b: Lucario|Close Combat|p2a: Clawitzer\n|-activate|p2a: Clawitzer|move: Protect\n|\n|-weather|SunnyDay|[upkeep]\n|-heal|p2a: Clawitzer|47/100|[from] item: Leftovers\n|-damage|p2b: Dragapult|76/100 brn|[from] brn\n|-damage|p1b: Lucario|39/100 brn|[from] brn\n|upkeep\n|turn|12\n|-message|25528989d forfeited.\n|\n|win|luisflygon14\n|raw|25528989d's rating: 1159 &rarr; <strong>1129</strong><br />(-30 for losing)\n|raw|luisflygon14's rating: 1095 &rarr; <strong>1125</strong><br />(+30 for winning)\n",
  "uploadtime": 1776425270,
  "views": 28,
  "formatid": "gen9championsvgc2026regma",
  "rating": 1125,
  "private": 0,
  "password": null
}