{
  "id": "gen9championsvgc2026regma-2589546592",
  "format": "[Gen 9 Champions] VGC 2026 Reg M-A",
  "players": [
    "Spgdd",
    "cloudout"
  ],
  "log": "|j|\u2606Spgdd\n|j|\u2606cloudout\n|t:|1776732915\n|gametype|doubles\n|player|p1|Spgdd|miku-water|1190\n|player|p2|cloudout|giovanni|1186\n|gen|9\n|tier|[Gen 9 Champions] VGC 2026 Reg M-A\n|rated|\n|rule|Species Clause: Limit one of each Pok\u00e9mon\n|rule|Item Clause: Limit 1 of each item\n|clearpoke\n|poke|p1|Aggron, L50, M, shiny|\n|poke|p1|Froslass, L50, F, shiny|\n|poke|p1|Talonflame, L50, M, shiny|\n|poke|p1|Goodra, L50, F, shiny|\n|poke|p1|Sneasler, L50, F, shiny|\n|poke|p1|Sinistcha, L50, shiny|\n|poke|p2|Incineroar, L50, F|\n|poke|p2|Drampa, L50, F|\n|poke|p2|Aggron, L50, F|\n|poke|p2|Aerodactyl, L50, M|\n|poke|p2|Oranguru, L50, M|\n|poke|p2|Basculegion, L50, M|\n|teampreview|4\n|inactive|Battle timer is ON: inactive players will automatically lose when time's up. (requested by Spgdd)\n|\n|t:|1776732941\n|teamsize|p1|4\n|teamsize|p2|4\n|start\n|switch|p1a: Talonflame|Talonflame, L50, M, shiny|100/100\n|switch|p1b: Aggron|Aggron, L50, M, shiny|100/100\n|switch|p2a: fernando diniz|Oranguru, L50, M|100/100\n|switch|p2b: santosfutebolclube|Basculegion, L50, M|100/100\n|turn|1\n|\n|t:|1776732957\n|detailschange|p1b: Aggron|Aggron-Mega, L50, M, shiny\n|-mega|p1b: Aggron|Aggron|Aggronite\n|move|p1a: Talonflame|Will-O-Wisp|p2b: santosfutebolclube|[miss]\n|-miss|p1a: Talonflame|p2b: santosfutebolclube\n|move|p2b: santosfutebolclube|Flip Turn|p1a: Talonflame\n|-supereffective|p1a: Talonflame|1\n|-enditem|p1a: Talonflame|Focus Sash\n|-damage|p1a: Talonflame|1/100\n|-status|p2b: santosfutebolclube|brn|[from] ability: Flame Body|[of] p1a: Talonflame\n|\n|t:|1776732970\n|switch|p2b: Neneca|Drampa, L50, F|100/100|[from] Flip Turn\n|-ability|p2b: Neneca|Cloud Nine\n|move|p1b: Aggron|Stealth Rock|p2b: Neneca\n|-sidestart|p2: cloudout|move: Stealth Rock\n|move|p2a: fernando diniz|Trick Room|p2a: fernando diniz\n|-fieldstart|move: Trick Room|[of] p2a: fernando diniz\n|\n|upkeep\n|turn|2\n|inactive|Spgdd has 30 seconds left.\n|\n|t:|1776732997\n|detailschange|p2b: Neneca|Drampa-Mega, L50, F\n|-mega|p2b: Neneca|Drampa|Drampanite\n|move|p2b: Neneca|Heat Wave|p1a: Talonflame|[spread] p1b\n|-miss|p2b: Neneca|p1a: Talonflame\n|-supereffective|p1b: Aggron|1\n|-damage|p1b: Aggron|58/100\n|move|p1b: Aggron|Heavy Slam|p2a: fernando diniz\n|-damage|p2a: fernando diniz|61/100\n|move|p2a: fernando diniz|Instruct|p2b: Neneca\n|-singleturn|p2b: Neneca|move: Instruct|[of] p2a: fernando diniz\n|move|p2b: Neneca|Heat Wave|p1b: Aggron|[spread] p1a,p1b\n|-resisted|p1a: Talonflame|1\n|-crit|p1a: Talonflame\n|-supereffective|p1b: Aggron|1\n|-damage|p1a: Talonflame|0 fnt\n|-damage|p1b: Aggron|19/100\n|faint|p1a: Talonflame\n|\n|upkeep\n|\n|t:|1776733015\n|switch|p1a: Goodra|Goodra, L50, F, shiny|100/100\n|turn|3\n|\n|t:|1776733033\n|move|p2b: Neneca|Hyper Voice|p1b: Aggron|[spread] p1a,p1b\n|-resisted|p1b: Aggron|1\n|-damage|p1a: Goodra|70/100\n|-damage|p1b: Aggron|1/100\n|move|p1b: Aggron|Body Press|p2b: Neneca\n|-supereffective|p2b: Neneca|1\n|-damage|p2b: Neneca|36/100\n|-ability|p2b: Neneca|Berserk|boost\n|-boost|p2b: Neneca|spa|1\n|move|p2a: fernando diniz|Instruct|p2b: Neneca\n|-singleturn|p2b: Neneca|move: Instruct|[of] p2a: fernando diniz\n|move|p2b: Neneca|Hyper Voice|p1a: Goodra|[spread] p1a,p1b\n|-resisted|p1b: Aggron|1\n|-damage|p1a: Goodra|27/100\n|-damage|p1b: Aggron|0 fnt\n|faint|p1b: Aggron\n|move|p1a: Goodra|Breaking Swipe|p2b: Neneca|[spread] p2a,p2b\n|-supereffective|p2b: Neneca|1\n|-damage|p2a: fernando diniz|50/100\n|-damage|p2b: Neneca|13/100\n|-unboost|p2a: fernando diniz|atk|1\n|-unboost|p2b: Neneca|atk|1\n|\n|-heal|p1a: Goodra|33/100|[from] item: Leftovers\n|upkeep\n|\n|t:|1776733055\n|switch|p1b: Sinistcha|Sinistcha, L50, shiny|100/100\n|-heal|p1a: Goodra|58/100|[from] ability: Hospitality|[of] p1b: Sinistcha\n|turn|4\n|inactive|cloudout has 30 seconds left.\n|\n|t:|1776733088\n|move|p2b: Neneca|Roost|p2b: Neneca\n|-heal|p2b: Neneca|63/100\n|-singleturn|p2b: Neneca|move: Roost\n|move|p2a: fernando diniz|Instruct|p2b: Neneca\n|-singleturn|p2b: Neneca|move: Instruct|[of] p2a: fernando diniz\n|move|p2b: Neneca|Roost|p2b: Neneca\n|-heal|p2b: Neneca|100/100\n|move|p1b: Sinistcha|Matcha Gotcha|p2a: fernando diniz|[spread] p2a,p2b\n|-resisted|p2b: Neneca|1\n|-damage|p2a: fernando diniz|31/100\n|-damage|p2b: Neneca|90/100\n|move|p1a: Goodra|Muddy Water|p2a: fernando diniz|[spread] p2a,p2b\n|-resisted|p2b: Neneca|1\n|-damage|p2a: fernando diniz|12/100\n|-damage|p2b: Neneca|80/100\n|\n|-heal|p1a: Goodra|64/100|[from] item: Leftovers\n|upkeep\n|turn|5\n|\n|t:|1776733113\n|move|p2b: Neneca|Heat Wave|p1b: Sinistcha|[spread] p1b\n|-miss|p2b: Neneca|p1a: Goodra\n|-supereffective|p1b: Sinistcha|1\n|-damage|p1b: Sinistcha|21/100\n|move|p2a: fernando diniz|Instruct|p2b: Neneca\n|-singleturn|p2b: Neneca|move: Instruct|[of] p2a: fernando diniz\n|move|p2b: Neneca|Heat Wave|p1a: Goodra|[spread] p1a,p1b\n|-resisted|p1a: Goodra|1\n|-supereffective|p1b: Sinistcha|1\n|-crit|p1b: Sinistcha\n|-damage|p1a: Goodra|50/100\n|-damage|p1b: Sinistcha|0 fnt\n|-status|p1a: Goodra|brn\n|faint|p1b: Sinistcha\n|move|p1a: Goodra|Muddy Water|p2a: fernando diniz|[spread] p2a,p2b\n|-resisted|p2b: Neneca|1\n|-damage|p2a: fernando diniz|0 fnt\n|-damage|p2b: Neneca|71/100\n|faint|p2a: fernando diniz\n|\n|-heal|p1a: Goodra|56/100 brn|[from] item: Leftovers\n|-damage|p1a: Goodra|50/100 brn|[from] brn\n|-fieldend|move: Trick Room\n|upkeep\n|\n|t:|1776733117\n|switch|p2a: Stalingato|Incineroar, L50, F|100/100\n|-damage|p2a: Stalingato|76/100|[from] Stealth Rock\n|-ability|p2a: Stalingato|Intimidate|boost\n|-unboost|p1a: Goodra|atk|1\n|turn|6\n|\n|t:|1776733139\n|move|p2a: Stalingato|Fake Out|p1a: Goodra\n|-damage|p1a: Goodra|35/100 brn\n|cant|p1a: Goodra|flinch\n|move|p2b: Neneca|Hyper Voice|p1a: Goodra\n|-damage|p1a: Goodra|0 fnt\n|faint|p1a: Goodra\n|\n|win|cloudout\n|raw|Spgdd's rating: 1190 &rarr; <strong>1165</strong><br />(-25 for losing)\n|raw|cloudout's rating: 1186 &rarr; <strong>1211</strong><br />(+25 for winning)\n|l|\u2606cloudout\n|player|p2|\n",
  "uploadtime": 1776733149,
  "views": 5,
  "formatid": "gen9championsvgc2026regma",
  "rating": 1165,
  "private": 0,
  "password": null
}