{
  "id": "gen9championsvgc2026regma-2588522212",
  "format": "[Gen 9 Champions] VGC 2026 Reg M-A",
  "players": [
    "amatuk",
    "Manthis"
  ],
  "log": "|j|\u2606amatuk\n|j|\u2606Manthis\n|t:|1776641304\n|gametype|doubles\n|player|p1|amatuk|2|1080\n|player|p2|Manthis|265|1105\n|gen|9\n|tier|[Gen 9 Champions] VGC 2026 Reg M-A\n|rated|\n|rule|Species Clause: Limit one of each Pok\u00e9mon\n|rule|Item Clause: Limit 1 of each item\n|clearpoke\n|poke|p1|Aggron, L50, M, shiny|\n|poke|p1|Incineroar, L50, F|\n|poke|p1|Sinistcha, L50|\n|poke|p1|Rotom-Wash, L50|\n|poke|p1|Pelipper, L50, M|\n|poke|p1|Dragonite, L50, M|\n|poke|p2|Sandaconda, L50, F|\n|poke|p2|Glimmora, L50, M|\n|poke|p2|Garchomp, L50, F|\n|poke|p2|Sinistcha, L50|\n|poke|p2|Tyranitar, L50, F|\n|poke|p2|Heliolisk, L50, F|\n|teampreview|4\n|\n|t:|1776641338\n|teamsize|p1|4\n|teamsize|p2|4\n|start\n|switch|p1a: Aggron|Aggron, L50, M, shiny|100/100\n|switch|p1b: Incineroar|Incineroar, L50, F|100/100\n|switch|p2a: Sandaconda|Sandaconda, L50, F|100/100\n|switch|p2b: Tyranitar|Tyranitar, L50, F|100/100\n|-ability|p1b: Incineroar|Intimidate|boost\n|-unboost|p2a: Sandaconda|atk|1\n|-unboost|p2b: Tyranitar|atk|1\n|-weather|Sandstorm|[from] ability: Sand Stream|[of] p2b: Tyranitar\n|turn|1\n|\n|t:|1776641371\n|switch|p2b: Glimmora|Glimmora, L50, M|100/100\n|detailschange|p1a: Aggron|Aggron-Mega, L50, M, shiny\n|-mega|p1a: Aggron|Aggron|Aggronite\n|move|p1b: Incineroar|Fake Out|p2a: Sandaconda\n|-damage|p2a: Sandaconda|91/100\n|cant|p2a: Sandaconda|flinch\n|move|p1a: Aggron|Iron Defense|p1a: Aggron\n|-boost|p1a: Aggron|def|2\n|\n|-weather|Sandstorm|[upkeep]\n|-damage|p1b: Incineroar|94/100|[from] Sandstorm\n|upkeep\n|turn|2\n|\n|t:|1776641409\n|move|p2b: Glimmora|Stealth Rock|p1b: Incineroar\n|-sidestart|p1: amatuk|move: Stealth Rock\n|move|p2a: Sandaconda|Minimize|p2a: Sandaconda\n|-boost|p2a: Sandaconda|evasion|2\n|move|p1b: Incineroar|Parting Shot|p2a: Sandaconda|[miss]\n|-miss|p1b: Incineroar|p2a: Sandaconda\n|move|p1a: Aggron|Heavy Slam|p2b: Glimmora\n|-supereffective|p2b: Glimmora|1\n|-enditem|p2b: Glimmora|Focus Sash\n|-damage|p2b: Glimmora|1/100\n|-activate|p2b: Glimmora|ability: Toxic Debris\n|-sidestart|p1: amatuk|move: Toxic Spikes\n|\n|-weather|Sandstorm|[upkeep]\n|-damage|p1b: Incineroar|88/100|[from] Sandstorm\n|upkeep\n|turn|3\n|\n|t:|1776641426\n|move|p2b: Glimmora|Stealth Rock||[still]\n|-fail|p2b: Glimmora\n|move|p2a: Sandaconda|Sand Tomb|p1a: Aggron\n|-supereffective|p1a: Aggron|1\n|-damage|p1a: Aggron|97/100\n|-activate|p1a: Aggron|move: Sand Tomb|[of] p2a: Sandaconda\n|move|p1b: Incineroar|Parting Shot|p2a: Sandaconda|[miss]\n|-miss|p1b: Incineroar|p2a: Sandaconda\n|move|p1a: Aggron|Body Press|p2a: Sandaconda|[miss]\n|-miss|p1a: Aggron|p2a: Sandaconda\n|\n|-weather|Sandstorm|[upkeep]\n|-damage|p1b: Incineroar|82/100|[from] Sandstorm\n|-damage|p1a: Aggron|85/100|[from] move: Sand Tomb|[partiallytrapped]\n|upkeep\n|turn|4\n|c|\u2606Manthis|i might have brain damage\n|c|\u2606Manthis|i forgot i clicked that already\n|c|\u2606amatuk|my mons are blind\n|\n|t:|1776641461\n|move|p2b: Glimmora|Mortal Spin|p1b: Incineroar|[spread] p1b\n|-immune|p1a: Aggron\n|-damage|p1b: Incineroar|77/100\n|-status|p1b: Incineroar|psn\n|move|p2a: Sandaconda|Substitute|p2a: Sandaconda\n|-start|p2a: Sandaconda|Substitute\n|-damage|p2a: Sandaconda|67/100\n|move|p1b: Incineroar|Parting Shot|p2a: Sandaconda|[miss]\n|-miss|p1b: Incineroar|p2a: Sandaconda\n|move|p1a: Aggron|Body Press|p2a: Sandaconda|[miss]\n|-miss|p1a: Aggron|p2a: Sandaconda\n|\n|-weather|Sandstorm|[upkeep]\n|-damage|p1b: Incineroar|71/100 psn|[from] Sandstorm\n|-damage|p1b: Incineroar|58/100 psn|[from] psn\n|-damage|p1a: Aggron|72/100|[from] move: Sand Tomb|[partiallytrapped]\n|upkeep\n|turn|5\n|c|\u2606Manthis|LMAO\n|c|\u2606amatuk|SINOGIP DWAS\u00a8FBU\u00d6ADBSU\u00d6GBUODSBGUO\n|c|\u2606amatuk|BRO\n|\n|t:|1776641483\n|switch|p1b: Rotom|Rotom-Wash, L50|100/100\n|-damage|p1b: Rotom|88/100|[from] Stealth Rock\n|move|p2b: Glimmora|Spiky Shield|p2b: Glimmora\n|-singleturn|p2b: Glimmora|move: Protect\n|move|p2a: Sandaconda|Minimize|p2a: Sandaconda\n|-boost|p2a: Sandaconda|evasion|2\n|move|p1a: Aggron|Body Press|p2a: Sandaconda|[miss]\n|-miss|p1a: Aggron|p2a: Sandaconda\n|\n|-weather|none\n|-heal|p1b: Rotom|94/100|[from] item: Leftovers\n|-damage|p1a: Aggron|60/100|[from] move: Sand Tomb|[partiallytrapped]\n|upkeep\n|turn|6\n|c|\u2606amatuk|im fuming\n|c|\u2606Manthis|bright powder sand veil\n|c|\u2606Manthis|im sorry\n|\n|t:|1776641515\n|switch|p2b: Tyranitar|Tyranitar, L50, F|100/100\n|-weather|Sandstorm|[from] ability: Sand Stream|[of] p2b: Tyranitar\n|switch|p1b: Sinistcha|Sinistcha, L50|100/100\n|-damage|p1b: Sinistcha|88/100|[from] Stealth Rock\n|-status|p1b: Sinistcha|psn\n|-heal|p1a: Aggron|85/100|[from] ability: Hospitality|[of] p1b: Sinistcha\n|move|p2a: Sandaconda|Wrap|p1b: Sinistcha\n|-immune|p1b: Sinistcha\n|move|p1a: Aggron|Body Press|p2a: Sandaconda|[miss]\n|-miss|p1a: Aggron|p2a: Sandaconda\n|\n|-weather|Sandstorm|[upkeep]\n|-damage|p1b: Sinistcha|82/100 psn|[from] Sandstorm\n|-damage|p1b: Sinistcha|70/100 psn|[from] psn\n|-damage|p1a: Aggron|72/100|[from] move: Sand Tomb|[partiallytrapped]\n|upkeep\n|turn|7\n|\n|t:|1776641550\n|move|p2b: Tyranitar|Protect|p2b: Tyranitar\n|-singleturn|p2b: Tyranitar|Protect\n|move|p2a: Sandaconda|Minimize|p2a: Sandaconda\n|-boost|p2a: Sandaconda|evasion|2\n|move|p1a: Aggron|Body Press|p2b: Tyranitar\n|-activate|p2b: Tyranitar|move: Protect\n|move|p1b: Sinistcha|Trick Room|p1b: Sinistcha\n|-fieldstart|move: Trick Room|[of] p1b: Sinistcha\n|\n|-weather|Sandstorm|[upkeep]\n|-damage|p1b: Sinistcha|64/100 psn|[from] Sandstorm\n|-damage|p1b: Sinistcha|51/100 psn|[from] psn\n|-damage|p1a: Aggron|60/100|[from] move: Sand Tomb|[partiallytrapped]\n|upkeep\n|turn|8\n|c|\u2606amatuk|why did i leave my haze mons out\n|c|\u2606amatuk|:(\n|\n|t:|1776641579\n|switch|p2b: Glimmora|Glimmora, L50, M|1/100\n|move|p1a: Aggron|Body Press|p2b: Glimmora\n|-damage|p2b: Glimmora|0 fnt\n|-activate|p2b: Glimmora|ability: Toxic Debris\n|-sidestart|p1: amatuk|move: Toxic Spikes\n|faint|p2b: Glimmora\n|move|p1b: Sinistcha|Matcha Gotcha|p2a: Sandaconda|[miss]\n|-miss|p1b: Sinistcha|p2a: Sandaconda\n|move|p2a: Sandaconda|Sand Tomb|p1b: Sinistcha\n|-resisted|p1b: Sinistcha|1\n|-damage|p1b: Sinistcha|47/100 psn\n|-activate|p1b: Sinistcha|move: Sand Tomb|[of] p2a: Sandaconda\n|\n|-weather|Sandstorm|[upkeep]\n|-damage|p1b: Sinistcha|41/100 psn|[from] Sandstorm\n|-damage|p1b: Sinistcha|29/100 psn|[from] psn\n|-end|p1a: Aggron|Sand Tomb|[partiallytrapped]\n|-damage|p1b: Sinistcha|16/100 psn|[from] move: Sand Tomb|[partiallytrapped]\n|upkeep\n|\n|t:|1776641598\n|switch|p2b: Tyranitar|Tyranitar, L50, F|100/100\n|turn|9\n|\n|t:|1776641610\n|switch|p1b: Incineroar|Incineroar, L50, F|58/100 psn\n|-damage|p1b: Incineroar|33/100 psn|[from] Stealth Rock\n|-ability|p1b: Incineroar|Intimidate|boost\n|-immune|p2a: Sandaconda\n|-unboost|p2b: Tyranitar|atk|1\n|move|p1a: Aggron|Iron Defense|p1a: Aggron\n|-boost|p1a: Aggron|def|2\n|move|p2a: Sandaconda|Sand Tomb|p1a: Aggron\n|-supereffective|p1a: Aggron|1\n|-damage|p1a: Aggron|58/100\n|-activate|p1a: Aggron|move: Sand Tomb|[of] p2a: Sandaconda\n|move|p2b: Tyranitar|Dragon Tail|p1a: Aggron\n|-resisted|p1a: Aggron|1\n|-crit|p1a: Aggron\n|-damage|p1a: Aggron|49/100\n|drag|p1a: Rotom|Rotom-Wash, L50|94/100\n|-damage|p1a: Rotom|82/100|[from] Stealth Rock\n|\n|-weather|Sandstorm|[upkeep]\n|-damage|p1b: Incineroar|27/100 psn|[from] Sandstorm\n|-damage|p1a: Rotom|76/100|[from] Sandstorm\n|-heal|p1a: Rotom|82/100|[from] item: Leftovers\n|-damage|p1b: Incineroar|15/100 psn|[from] psn\n|upkeep\n|turn|10\n|c|\u2606amatuk|NONONONONON\n|c|\u2606Manthis|LMAOOO\n|c|\u2606amatuk|pp battle\n|\n|t:|1776641641\n|move|p2b: Tyranitar|Protect|p2b: Tyranitar\n|-singleturn|p2b: Tyranitar|Protect\n|move|p1b: Incineroar|Fake Out|p2a: Sandaconda|[miss]\n|-miss|p1b: Incineroar|p2a: Sandaconda\n|move|p2a: Sandaconda|Wrap|p1a: Rotom\n|-damage|p1a: Rotom|78/100\n|-activate|p1a: Rotom|move: Wrap|[of] p2a: Sandaconda\n|move|p1a: Rotom|Will-O-Wisp|p2b: Tyranitar\n|-activate|p2b: Tyranitar|move: Protect\n|\n|-weather|none\n|-heal|p1a: Rotom|84/100|[from] item: Leftovers\n|-damage|p1b: Incineroar|3/100 psn|[from] psn\n|-damage|p1a: Rotom|72/100|[from] move: Wrap|[partiallytrapped]\n|upkeep\n|turn|11\n|c|\u2606Manthis|not necessarily\n|\n|t:|1776641660\n|move|p2b: Tyranitar|Knock Off|p1a: Rotom\n|-damage|p1a: Rotom|25/100\n|-enditem|p1a: Rotom|Leftovers|[from] move: Knock Off|[of] p2b: Tyranitar\n|move|p1b: Incineroar|Flare Blitz|p2a: Sandaconda|[miss]\n|-miss|p1b: Incineroar|p2a: Sandaconda\n|move|p2a: Sandaconda|Wrap|p1a: Rotom\n|-damage|p1a: Rotom|21/100\n|move|p1a: Rotom|Will-O-Wisp|p2b: Tyranitar\n|-status|p2b: Tyranitar|brn\n|\n|-damage|p1b: Incineroar|0 fnt|[from] psn\n|faint|p1b: Incineroar\n|-damage|p2b: Tyranitar|94/100 brn|[from] brn\n|-damage|p1a: Rotom|9/100|[from] move: Wrap|[partiallytrapped]\n|-fieldend|move: Trick Room\n|upkeep\n|\n|t:|1776641672\n|switch|p1b: Aggron|Aggron-Mega, L50, M, shiny|49/100\n|-damage|p1b: Aggron|43/100|[from] Stealth Rock\n|turn|12\n|\n|t:|1776641688\n|move|p1a: Rotom|Volt Switch|p2b: Tyranitar\n|-damage|p2b: Tyranitar|63/100 brn\n|\n|t:|1776641691\n|switch|p1a: Sinistcha|Sinistcha, L50|16/100 psn|[from] Volt Switch\n|-damage|p1a: Sinistcha|4/100 psn|[from] Stealth Rock\n|-heal|p1b: Aggron|68/100|[from] ability: Hospitality|[of] p1a: Sinistcha\n|move|p2a: Sandaconda|Sand Tomb|p1b: Aggron\n|-supereffective|p1b: Aggron|1\n|-damage|p1b: Aggron|62/100\n|-activate|p1b: Aggron|move: Sand Tomb|[of] p2a: Sandaconda\n|move|p2b: Tyranitar|Rock Slide|p1b: Aggron|[spread] p1a,p1b\n|-resisted|p1b: Aggron|1\n|-damage|p1a: Sinistcha|0 fnt\n|-damage|p1b: Aggron|60/100\n|faint|p1a: Sinistcha\n|cant|p1b: Aggron|flinch\n|\n|-damage|p2b: Tyranitar|57/100 brn|[from] brn\n|-damage|p1b: Aggron|47/100|[from] move: Sand Tomb|[partiallytrapped]\n|upkeep\n|\n|t:|1776641701\n|switch|p1a: Rotom|Rotom-Wash, L50|9/100\n|-damage|p1a: Rotom|0 fnt|[from] Stealth Rock\n|faint|p1a: Rotom\n|turn|13\n|c|\u2606amatuk|gg\n|\n|t:|1776641714\n|move|p2a: Sandaconda|Sand Tomb|p1b: Aggron\n|-supereffective|p1b: Aggron|1\n|-damage|p1b: Aggron|42/100\n|move|p2b: Tyranitar|Rock Slide|p1b: Aggron\n|-resisted|p1b: Aggron|1\n|-crit|p1b: Aggron\n|-damage|p1b: Aggron|34/100\n|move|p1b: Aggron|Body Press|p2b: Tyranitar\n|-supereffective|p2b: Tyranitar|2\n|-damage|p2b: Tyranitar|0 fnt\n|faint|p2b: Tyranitar\n|\n|-damage|p1b: Aggron|22/100|[from] move: Sand Tomb|[partiallytrapped]\n|upkeep\n|c|\u2606Manthis|im sorry\n|-message|amatuk forfeited.\n|\n|win|Manthis\n|raw|amatuk's rating: 1080 &rarr; <strong>1060</strong><br />(-20 for losing)\n|raw|Manthis's rating: 1105 &rarr; <strong>1128</strong><br />(+23 for winning)\n|c|\u2606Manthis|i'm taking this onto ladder in champions\n|l|\u2606amatuk\n|player|p1|\n|c|\u2606Manthis|i needed to see if it works\n",
  "uploadtime": 1776641728,
  "views": 18,
  "formatid": "gen9championsvgc2026regma",
  "rating": 1060,
  "private": 0,
  "password": null
}