{
  "id": "gen9championsvgc2026regma-2582204348",
  "format": "[Gen 9 Champions] VGC 2026 Reg M-A",
  "players": [
    "colfox",
    "Flashandretti"
  ],
  "log": "|j|\u2606colfox\n|j|\u2606Flashandretti\n|t:|1776070976\n|gametype|doubles\n|player|p1|colfox|1|1027\n|player|p2|Flashandretti|psychic|1028\n|gen|9\n|tier|[Gen 9 Champions] VGC 2026 Reg M-A\n|rated|\n|rule|Species Clause: Limit one of each Pok\u00e9mon\n|rule|Item Clause: Limit 1 of each item\n|clearpoke\n|poke|p1|Ninetales, L50, F|\n|poke|p1|Dragonite, L50, F|\n|poke|p1|Sylveon, L50, F|\n|poke|p1|Whimsicott, L50, F|\n|poke|p1|Delphox, L50, F|\n|poke|p1|Garchomp, L50, M|\n|poke|p2|Starmie, L50|\n|poke|p2|Sneasler, L50, F|\n|poke|p2|Incineroar, L50, M|\n|poke|p2|Sylveon, L50, F|\n|poke|p2|Kingambit, L50, M|\n|poke|p2|Sinistcha, L50|\n|teampreview|4\n|\n|t:|1776071012\n|teamsize|p1|4\n|teamsize|p2|4\n|start\n|switch|p1a: Ninetales|Ninetales, L50, F|100/100\n|switch|p1b: Delphox|Delphox, L50, F|100/100\n|switch|p2a: Starmie|Starmie, L50, shiny|100/100\n|switch|p2b: Sneasler|Sneasler, L50, F, shiny|100/100\n|-weather|SunnyDay|[from] ability: Drought|[of] p1a: Ninetales\n|turn|1\n|\n|t:|1776071037\n|detailschange|p1b: Delphox|Delphox-Mega, L50, F\n|-mega|p1b: Delphox|Delphox|Delphoxite\n|detailschange|p2a: Starmie|Starmie-Mega, L50, shiny\n|-mega|p2a: Starmie|Starmie|Starminite\n|move|p2b: Sneasler|Fake Out|p1b: Delphox\n|-damage|p1b: Delphox|78/100\n|cant|p1b: Delphox|flinch\n|move|p2a: Starmie|Liquidation|p1a: Ninetales\n|-supereffective|p1a: Ninetales|1\n|-damage|p1a: Ninetales|0 fnt\n|faint|p1a: Ninetales\n|\n|-weather|SunnyDay|[upkeep]\n|upkeep\n|\n|t:|1776071049\n|switch|p1a: Garchomp|Garchomp, L50, M|100/100\n|turn|2\n|\n|t:|1776071077\n|switch|p2a: Incineroar|Incineroar, L50, M|100/100\n|-ability|p2a: Incineroar|Intimidate|boost\n|-unboost|p1a: Garchomp|atk|1\n|-unboost|p1b: Delphox|atk|1\n|move|p1a: Garchomp|Earthquake|p2a: Incineroar|[spread] p2a,p2b\n|-immune|p1b: Delphox|[from] ability: Levitate\n|-supereffective|p2a: Incineroar|1\n|-supereffective|p2b: Sneasler|1\n|-damage|p2a: Incineroar|47/100\n|-damage|p2b: Sneasler|15/100\n|-enditem|p2a: Incineroar|Sitrus Berry|[eat]\n|-heal|p2a: Incineroar|72/100|[from] item: Sitrus Berry\n|move|p1b: Delphox|Shadow Ball|p2a: Incineroar\n|-resisted|p2a: Incineroar|1\n|-damage|p2a: Incineroar|57/100\n|move|p2b: Sneasler|Rock Slide|p1b: Delphox|[spread] p1a,p1b\n|-resisted|p1a: Garchomp|1\n|-supereffective|p1b: Delphox|1\n|-damage|p1a: Garchomp|91/100\n|-damage|p1b: Delphox|15/100\n|\n|-weather|SunnyDay|[upkeep]\n|upkeep\n|turn|3\n|\n|t:|1776071123\n|switch|p2b: Sylveon|Sylveon, L50, F, shiny|100/100\n|move|p2a: Incineroar|Fake Out|p1b: Delphox\n|-damage|p1b: Delphox|0 fnt\n|faint|p1b: Delphox\n|move|p1a: Garchomp|Earthquake|p2a: Incineroar|[spread] p2a,p2b\n|-supereffective|p2a: Incineroar|1\n|-damage|p2a: Incineroar|6/100\n|-damage|p2b: Sylveon|75/100\n|\n|-weather|SunnyDay|[upkeep]\n|upkeep\n|\n|t:|1776071132\n|switch|p1b: Dragonite|Dragonite, L50, F|100/100\n|turn|4\n|\n|t:|1776071149\n|switch|p2a: Sneasler|Sneasler, L50, F, shiny|15/100\n|move|p1b: Dragonite|Extreme Speed|p2b: Sylveon\n|-damage|p2b: Sylveon|44/100\n|move|p1a: Garchomp|Earthquake|p2b: Sylveon|[spread] p2a,p2b\n|-immune|p1b: Dragonite\n|-supereffective|p2a: Sneasler|1\n|-damage|p2a: Sneasler|0 fnt\n|-damage|p2b: Sylveon|18/100\n|faint|p2a: Sneasler\n|move|p2b: Sylveon|Hyper Voice|p1b: Dragonite|[spread] p1a,p1b\n|-supereffective|p1a: Garchomp|1\n|-supereffective|p1b: Dragonite|1\n|-damage|p1a: Garchomp|0 fnt\n|-damage|p1b: Dragonite|55/100\n|faint|p1a: Garchomp\n|\n|-weather|SunnyDay|[upkeep]\n|-heal|p1b: Dragonite|61/100|[from] item: Leftovers\n|upkeep\n|\n|t:|1776071165\n|switch|p2a: Incineroar|Incineroar, L50, M|6/100\n|-ability|p2a: Incineroar|Intimidate|boost\n|-unboost|p1b: Dragonite|atk|1\n|turn|5\n|\n|t:|1776071172\n|move|p2a: Incineroar|Fake Out|p1b: Dragonite\n|-damage|p1b: Dragonite|46/100\n|cant|p1b: Dragonite|flinch\n|move|p2b: Sylveon|Hyper Voice|p1b: Dragonite\n|-supereffective|p1b: Dragonite|1\n|-damage|p1b: Dragonite|0 fnt\n|faint|p1b: Dragonite\n|\n|win|Flashandretti\n|raw|colfox's rating: 1027 &rarr; <strong>1013</strong><br />(-14 for losing)\n|raw|Flashandretti's rating: 1028 &rarr; <strong>1064</strong><br />(+36 for winning)\n|c|\u2606Flashandretti|gg\n",
  "uploadtime": 1776071180,
  "views": 11,
  "formatid": "gen9championsvgc2026regma",
  "rating": 1013,
  "private": 0,
  "password": null
}