{
  "id": "gen9championsvgc2026regma-2586202560",
  "format": "[Gen 9 Champions] VGC 2026 Reg M-A",
  "players": [
    "caligula340",
    "kk114"
  ],
  "log": "|j|\u2606caligula340\n|j|\u2606kk114\n|t:|1776411869\n|gametype|doubles\n|player|p1|caligula340|266|1051\n|player|p2|kk114|unknownf|1113\n|gen|9\n|tier|[Gen 9 Champions] VGC 2026 Reg M-A\n|rated|\n|rule|Species Clause: Limit one of each Pok\u00e9mon\n|rule|Item Clause: Limit 1 of each item\n|clearpoke\n|poke|p1|Meganium, L50, F|\n|poke|p1|Aerodactyl, L50, M|\n|poke|p1|Tauros-Paldea-Aqua, L50, M|\n|poke|p1|Typhlosion-Hisui, L50, F|\n|poke|p1|Archaludon, L50, M|\n|poke|p1|Kangaskhan, L50, F|\n|poke|p2|Charizard, L50, M|\n|poke|p2|Incineroar, L50, F|\n|poke|p2|Whimsicott, L50, M|\n|poke|p2|Garchomp, L50, M|\n|poke|p2|Rotom-Wash, L50|\n|poke|p2|Sneasler, L50, F|\n|teampreview|4\n|inactive|Battle timer is ON: inactive players will automatically lose when time's up. (requested by kk114)\n|inactive|caligula340 has 60 seconds left.\n|inactive|kk114 has 60 seconds left.\n|inactive|kk114 has 30 seconds left.\n|\n|t:|1776411932\n|teamsize|p1|4\n|teamsize|p2|4\n|start\n|switch|p1a: Aerodactyl|Aerodactyl, L50, M|100/100\n|switch|p1b: Kangaskhan|Kangaskhan, L50, F|100/100\n|switch|p2a: \u6674\u5929\u5f00\u5f00|Charizard, L50, M, shiny|100/100\n|switch|p2b: \u9a6c\u560e\u5f00\u5f00|Garchomp, L50, M, shiny|100/100\n|-ability|p1a: Aerodactyl|Unnerve\n|turn|1\n|inactive|caligula340 has 30 seconds left.\n|\n|t:|1776411968\n|switch|p2a: \u5a01\u5413\u5f00\u5f00|Incineroar, L50, F, shiny|100/100\n|-ability|p2a: \u5a01\u5413\u5f00\u5f00|Intimidate|boost\n|-unboost|p1a: Aerodactyl|atk|1\n|-unboost|p1b: Kangaskhan|atk|1\n|move|p1b: Kangaskhan|Fake Out|p2b: \u9a6c\u560e\u5f00\u5f00\n|-damage|p2b: \u9a6c\u560e\u5f00\u5f00|89/100\n|-damage|p1b: Kangaskhan|88/100|[from] ability: Rough Skin|[of] p2b: \u9a6c\u560e\u5f00\u5f00\n|cant|p2b: \u9a6c\u560e\u5f00\u5f00|flinch\n|move|p1a: Aerodactyl|Tailwind|p1a: Aerodactyl\n|-sidestart|p1: caligula340|move: Tailwind\n|\n|upkeep\n|turn|2\n|inactive|caligula340 has 30 seconds left.\n|inactive|caligula340 has 20 seconds left.\n|\n|t:|1776412004\n|switch|p1a: Tauros|Tauros-Paldea-Aqua, L50, M|100/100\n|-ability|p1a: Tauros|Intimidate|boost\n|-unboost|p2a: \u5a01\u5413\u5f00\u5f00|atk|1\n|-unboost|p2b: \u9a6c\u560e\u5f00\u5f00|atk|1\n|move|p2b: \u9a6c\u560e\u5f00\u5f00|Rock Slide|p1b: Kangaskhan|[spread] p1b\n|-miss|p2b: \u9a6c\u560e\u5f00\u5f00|p1a: Tauros\n|-damage|p1b: Kangaskhan|73/100\n|move|p1b: Kangaskhan|Double-Edge|p2b: \u9a6c\u560e\u5f00\u5f00\n|-damage|p2b: \u9a6c\u560e\u5f00\u5f00|57/100\n|-damage|p1b: Kangaskhan|61/100|[from] ability: Rough Skin|[of] p2b: \u9a6c\u560e\u5f00\u5f00\n|-damage|p1b: Kangaskhan|51/100|[from] Recoil\n|move|p2a: \u5a01\u5413\u5f00\u5f00|Will-O-Wisp|p1a: Tauros\n|-status|p1a: Tauros|brn\n|\n|-damage|p1a: Tauros|94/100 brn|[from] brn\n|upkeep\n|turn|3\n|inactive|caligula340 has 30 seconds left.\n|\n|t:|1776412032\n|move|p1a: Tauros|Wave Crash|p2a: \u5a01\u5413\u5f00\u5f00\n|-supereffective|p2a: \u5a01\u5413\u5f00\u5f00|1\n|-damage|p2a: \u5a01\u5413\u5f00\u5f00|46/100\n|-enditem|p2a: \u5a01\u5413\u5f00\u5f00|Sitrus Berry|[eat]\n|-heal|p2a: \u5a01\u5413\u5f00\u5f00|70/100|[from] item: Sitrus Berry\n|-damage|p1a: Tauros|70/100 brn|[from] Recoil\n|move|p2b: \u9a6c\u560e\u5f00\u5f00|Rock Slide|p1a: Tauros|[spread] p1a\n|-miss|p2b: \u9a6c\u560e\u5f00\u5f00|p1b: Kangaskhan\n|-resisted|p1a: Tauros|1\n|-damage|p1a: Tauros|61/100 brn\n|move|p1b: Kangaskhan|Low Kick|p2a: \u5a01\u5413\u5f00\u5f00\n|-supereffective|p2a: \u5a01\u5413\u5f00\u5f00|1\n|-damage|p2a: \u5a01\u5413\u5f00\u5f00|43/100\n|move|p2a: \u5a01\u5413\u5f00\u5f00|Will-O-Wisp|p1b: Kangaskhan|[miss]\n|-miss|p2a: \u5a01\u5413\u5f00\u5f00|p1b: Kangaskhan\n|\n|-damage|p1a: Tauros|55/100 brn|[from] brn\n|upkeep\n|turn|4\n|\n|t:|1776412054\n|move|p1a: Tauros|Wave Crash|p2a: \u5a01\u5413\u5f00\u5f00\n|-supereffective|p2a: \u5a01\u5413\u5f00\u5f00|1\n|-damage|p2a: \u5a01\u5413\u5f00\u5f00|0 fnt\n|faint|p2a: \u5a01\u5413\u5f00\u5f00\n|-damage|p1a: Tauros|36/100 brn|[from] Recoil\n|move|p2b: \u9a6c\u560e\u5f00\u5f00|Rock Slide|p1a: Tauros|[spread] p1a\n|-miss|p2b: \u9a6c\u560e\u5f00\u5f00|p1b: Kangaskhan\n|-resisted|p1a: Tauros|1\n|-damage|p1a: Tauros|29/100 brn\n|move|p1b: Kangaskhan|Double-Edge|p2b: \u9a6c\u560e\u5f00\u5f00\n|-damage|p2b: \u9a6c\u560e\u5f00\u5f00|25/100\n|-damage|p1b: Kangaskhan|39/100|[from] ability: Rough Skin|[of] p2b: \u9a6c\u560e\u5f00\u5f00\n|-damage|p1b: Kangaskhan|30/100|[from] Recoil\n|\n|-damage|p1a: Tauros|23/100 brn|[from] brn\n|-sideend|p1: caligula340|move: Tailwind\n|upkeep\n|\n|t:|1776412074\n|switch|p2a: \u6674\u5929\u5f00\u5f00|Charizard, L50, M, shiny|100/100\n|turn|5\n|\n|t:|1776412082\n|detailschange|p2a: \u6674\u5929\u5f00\u5f00|Charizard-Mega-Y, L50, M, shiny\n|-mega|p2a: \u6674\u5929\u5f00\u5f00|Charizard|Charizardite Y\n|-weather|SunnyDay|[from] ability: Drought|[of] p2a: \u6674\u5929\u5f00\u5f00\n|move|p1b: Kangaskhan|Sucker Punch|p2a: \u6674\u5929\u5f00\u5f00\n|-damage|p2a: \u6674\u5929\u5f00\u5f00|83/100\n|move|p2b: \u9a6c\u560e\u5f00\u5f00|Rock Slide|p1b: Kangaskhan|[spread] p1a,p1b\n|-resisted|p1a: Tauros|1\n|-damage|p1a: Tauros|15/100 brn\n|-damage|p1b: Kangaskhan|15/100\n|move|p2a: \u6674\u5929\u5f00\u5f00|Heat Wave|p1a: Tauros|[spread] p1b\n|-miss|p2a: \u6674\u5929\u5f00\u5f00|p1a: Tauros\n|-damage|p1b: Kangaskhan|0 fnt\n|faint|p1b: Kangaskhan\n|move|p1a: Tauros|Wave Crash|p2b: \u9a6c\u560e\u5f00\u5f00\n|-damage|p2b: \u9a6c\u560e\u5f00\u5f00|12/100\n|-damage|p1a: Tauros|3/100 brn|[from] ability: Rough Skin|[of] p2b: \u9a6c\u560e\u5f00\u5f00\n|-damage|p1a: Tauros|0 fnt|[from] Recoil\n|faint|p1a: Tauros\n|\n|-weather|SunnyDay|[upkeep]\n|upkeep\n|\n|t:|1776412102\n|switch|p1a: Aerodactyl|Aerodactyl, L50, M|100/100\n|switch|p1b: Meganium|Meganium, L50, F|100/100\n|-ability|p1a: Aerodactyl|Unnerve\n|turn|6\n|\n|t:|1776412117\n|detailschange|p1b: Meganium|Meganium-Mega, L50, F\n|-mega|p1b: Meganium|Meganium|Meganiumite\n|move|p2a: \u6674\u5929\u5f00\u5f00|Protect|p2a: \u6674\u5929\u5f00\u5f00\n|-singleturn|p2a: \u6674\u5929\u5f00\u5f00|Protect\n|move|p1b: Meganium|Protect|p1b: Meganium\n|-singleturn|p1b: Meganium|Protect\n|move|p2b: \u9a6c\u560e\u5f00\u5f00|Rock Slide|p1a: Aerodactyl|[spread] p1a\n|-activate|p1b: Meganium|move: Protect\n|-supereffective|p1a: Aerodactyl|1\n|-damage|p1a: Aerodactyl|55/100\n|move|p1a: Aerodactyl|Rock Slide|p2a: \u6674\u5929\u5f00\u5f00|[spread] p2b\n|-activate|p2a: \u6674\u5929\u5f00\u5f00|move: Protect\n|-resisted|p2b: \u9a6c\u560e\u5f00\u5f00|1\n|-damage|p2b: \u9a6c\u560e\u5f00\u5f00|0 fnt\n|faint|p2b: \u9a6c\u560e\u5f00\u5f00\n|\n|-weather|SunnyDay|[upkeep]\n|upkeep\n|\n|t:|1776412130\n|switch|p2b: \u8f7b\u88c5\u5f00\u5f00|Sneasler, L50, F, shiny|100/100\n|turn|7\n|\n|t:|1776412148\n|move|p2b: \u8f7b\u88c5\u5f00\u5f00|Fake Out|p1a: Aerodactyl\n|-resisted|p1a: Aerodactyl|1\n|-damage|p1a: Aerodactyl|44/100\n|cant|p1a: Aerodactyl|flinch\n|move|p2a: \u6674\u5929\u5f00\u5f00|Weather Ball|p1b: Meganium\n|-supereffective|p1b: Meganium|1\n|-damage|p1b: Meganium|0 fnt\n|faint|p1b: Meganium\n|\n|-weather|SunnyDay|[upkeep]\n|upkeep\n|turn|8\n|l|\u2606caligula340\n|inactive|caligula340 disconnected and has a minute to reconnect!\n|player|p1|\n|inactive|caligula340 has 30 seconds left.\n|inactive|caligula340 has 20 seconds left.\n|inactive|caligula340 has 15 seconds left.\n|inactive|caligula340 has 10 seconds left.\n|inactive|caligula340 has 5 seconds left.\n|-message|caligula340 lost due to inactivity.\n|\n|win|kk114\n|raw|caligula340's rating: 1051 &rarr; <strong>1036</strong><br />(-15 for losing)\n|raw|kk114's rating: 1113 &rarr; <strong>1134</strong><br />(+21 for winning)\n|l|\u2606kk114\n|player|p2|\n|j|\u2606kk114\n|player|p2|kk114|unknownf|\n",
  "uploadtime": 1776412291,
  "views": 24,
  "formatid": "gen9championsvgc2026regma",
  "rating": 1036,
  "private": 0,
  "password": null
}