{
  "id": "gen9championsvgc2026regma-2587305880",
  "format": "[Gen 9 Champions] VGC 2026 Reg M-A",
  "players": [
    "Zory Ylumi",
    "AustinMcballs"
  ],
  "log": "|j|\u2606Zory Ylumi\n|j|\u2606AustinMcballs\n|t:|1776520338\n|gametype|doubles\n|player|p1|Zory Ylumi|lyra|1098\n|player|p2|AustinMcballs|ortega|1085\n|gen|9\n|tier|[Gen 9 Champions] VGC 2026 Reg M-A\n|rated|\n|rule|Species Clause: Limit one of each Pok\u00e9mon\n|rule|Item Clause: Limit 1 of each item\n|clearpoke\n|poke|p1|Delphox, L50, F, shiny|\n|poke|p1|Incineroar, L50, M, shiny|\n|poke|p1|Garchomp, L50, F|\n|poke|p1|Rotom-Mow, L50|\n|poke|p1|Clefable, L50, M|\n|poke|p1|Sneasler, L50, M|\n|poke|p2|Incineroar, L50, F|\n|poke|p2|Basculegion, L50, M|\n|poke|p2|Froslass, L50, F|\n|poke|p2|Sneasler, L50, F|\n|poke|p2|Corviknight, L50, F|\n|poke|p2|Rotom-Wash, L50|\n|teampreview|4\n|inactive|Battle timer is ON: inactive players will automatically lose when time's up. (requested by AustinMcballs)\n|inactive|AustinMcballs has 60 seconds left.\n|\n|t:|1776520399\n|teamsize|p1|4\n|teamsize|p2|4\n|start\n|switch|p1a: Zory|Delphox, L50, F, shiny|100/100\n|switch|p1b: Vernias|Clefable, L50, M|100/100\n|switch|p2a: Basculegion|Basculegion, L50, M|100/100\n|switch|p2b: Froslass|Froslass, L50, F|100/100\n|turn|1\n|inactive|AustinMcballs has 30 seconds left.\n|\n|t:|1776520427\n|detailschange|p1a: Zory|Delphox-Mega, L50, F, shiny\n|-mega|p1a: Zory|Delphox|Delphoxite\n|move|p2b: Froslass|Protect|p2b: Froslass\n|-singleturn|p2b: Froslass|Protect\n|move|p1b: Vernias|Follow Me|p1b: Vernias\n|-singleturn|p1b: Vernias|move: Follow Me\n|move|p2a: Basculegion|Wave Crash|p1b: Vernias\n|-damage|p1b: Vernias|32/100\n|-damage|p2a: Basculegion|77/100|[from] Recoil\n|move|p1a: Zory|Heat Wave|p2b: Froslass|[spread] p2a\n|-activate|p2b: Froslass|move: Protect\n|-resisted|p2a: Basculegion|1\n|-damage|p2a: Basculegion|51/100\n|\n|-heal|p1b: Vernias|38/100|[from] item: Leftovers\n|upkeep\n|turn|2\n|inactive|Zory Ylumi has 30 seconds left.\n|inactive|AustinMcballs has 30 seconds left.\n|inactive|AustinMcballs has 20 seconds left.\n|inactive|AustinMcballs has 15 seconds left.\n|inactive|AustinMcballs has 10 seconds left.\n|\n|t:|1776520474\n|switch|p2b: Sneasler|Sneasler, L50, F|100/100\n|switch|p1b: The Grass Reaper|Rotom-Mow, L50|100/100\n|move|p1a: Zory|Protect|p1a: Zory\n|-singleturn|p1a: Zory|Protect\n|move|p2a: Basculegion|Wave Crash|p1a: Zory\n|-activate|p1a: Zory|move: Protect\n|\n|upkeep\n|turn|3\n|inactive|AustinMcballs has 30 seconds left.\n|\n|t:|1776520506\n|switch|p2a: Corviknight|Corviknight, L50, F|100/100\n|switch|p1a: Vernias|Clefable, L50, M|38/100\n|move|p2b: Sneasler|Fake Out|p1a: Vernias\n|-damage|p1a: Vernias|24/100\n|move|p1b: The Grass Reaper|Volt Switch|p2a: Corviknight\n|-supereffective|p2a: Corviknight|1\n|-damage|p2a: Corviknight|49/100\n|\n|t:|1776520518\n|switch|p1b: Zory|Delphox-Mega, L50, F, shiny|100/100|[from] Volt Switch\n|\n|-heal|p2a: Corviknight|56/100|[from] item: Leftovers\n|-heal|p1a: Vernias|30/100|[from] item: Leftovers\n|upkeep\n|turn|4\n|\n|t:|1776520539\n|switch|p1a: The Grass Reaper|Rotom-Mow, L50|100/100\n|move|p1b: Zory|Heat Wave|p2a: Corviknight|[spread] p2b\n|-miss|p1b: Zory|p2a: Corviknight\n|-damage|p2b: Sneasler|46/100\n|move|p2b: Sneasler|Dire Claw|p1a: The Grass Reaper\n|-supereffective|p1a: The Grass Reaper|1\n|-damage|p1a: The Grass Reaper|0 fnt\n|faint|p1a: The Grass Reaper\n|move|p2a: Corviknight|Tailwind|p2a: Corviknight\n|-sidestart|p2: AustinMcballs|move: Tailwind\n|\n|-heal|p2a: Corviknight|62/100|[from] item: Leftovers\n|upkeep\n|\n|t:|1776520556\n|switch|p1a: Vernias|Clefable, L50, M|30/100\n|turn|5\n|\n|t:|1776520565\n|move|p2b: Sneasler|Protect|p2b: Sneasler\n|-singleturn|p2b: Sneasler|Protect\n|move|p1a: Vernias|Follow Me|p1a: Vernias\n|-singleturn|p1a: Vernias|move: Follow Me\n|move|p1b: Zory|Calm Mind|p1b: Zory\n|-boost|p1b: Zory|spa|1\n|-boost|p1b: Zory|spd|1\n|move|p2a: Corviknight|Brave Bird|p1a: Vernias\n|-damage|p1a: Vernias|0 fnt\n|faint|p1a: Vernias\n|-damage|p2a: Corviknight|52/100|[from] Recoil\n|\n|-heal|p2a: Corviknight|58/100|[from] item: Leftovers\n|upkeep\n|\n|t:|1776520581\n|switch|p1a: Cynthia|Garchomp, L50, F|100/100\n|turn|6\n|\n|t:|1776520594\n|move|p2b: Sneasler|Close Combat|p1a: Cynthia\n|-damage|p1a: Cynthia|33/100\n|-unboost|p2b: Sneasler|def|1\n|-unboost|p2b: Sneasler|spd|1\n|-enditem|p2b: Sneasler|White Herb\n|-clearnegativeboost|p2b: Sneasler|[silent]\n|move|p1b: Zory|Heat Wave|p2a: Corviknight|[spread] p2a\n|-miss|p1b: Zory|p2b: Sneasler\n|-supereffective|p2a: Corviknight|1\n|-damage|p2a: Corviknight|0 fnt\n|faint|p2a: Corviknight\n|move|p1a: Cynthia|Rock Slide|p2b: Sneasler\n|-resisted|p2b: Sneasler|1\n|-damage|p2b: Sneasler|24/100\n|\n|upkeep\n|\n|t:|1776520605\n|switch|p2a: Basculegion|Basculegion, L50, M|51/100\n|turn|7\n|\n|t:|1776520624\n|move|p2b: Sneasler|Close Combat|p1a: Cynthia\n|-damage|p1a: Cynthia|0 fnt\n|-unboost|p2b: Sneasler|def|1\n|-unboost|p2b: Sneasler|spd|1\n|faint|p1a: Cynthia\n|move|p2a: Basculegion|Wave Crash|p1b: Zory\n|-supereffective|p1b: Zory|1\n|-damage|p1b: Zory|0 fnt\n|faint|p1b: Zory\n|-damage|p2a: Basculegion|25/100|[from] Recoil\n|\n|win|AustinMcballs\n|raw|Zory Ylumi's rating: 1098 &rarr; <strong>1072</strong><br />(-26 for losing)\n|raw|AustinMcballs's rating: 1085 &rarr; <strong>1113</strong><br />(+28 for winning)\n",
  "uploadtime": 1776520632,
  "views": 19,
  "formatid": "gen9championsvgc2026regma",
  "rating": 1072,
  "private": 0,
  "password": null
}