{
  "id": "gen9championsvgc2026regma-2581093160",
  "format": "[Gen 9 Champions] VGC 2026 Reg M-A",
  "players": [
    "Gallon of poo",
    "WideDogOfficial"
  ],
  "log": "|j|\u2606Gallon of poo\n|j|\u2606WideDogOfficial\n|t:|1775959182\n|gametype|doubles\n|player|p1|Gallon of poo|ghetsis|1150\n|player|p2|WideDogOfficial|170|1140\n|gen|9\n|tier|[Gen 9 Champions] VGC 2026 Reg M-A\n|rated|\n|rule|Species Clause: Limit one of each Pok\u00e9mon\n|rule|Item Clause: Limit 1 of each item\n|clearpoke\n|poke|p1|Drampa, L50, F|\n|poke|p1|Oranguru, L50, F|\n|poke|p1|Palafin, L50, M|\n|poke|p1|Talonflame, L50, M|\n|poke|p1|Vanilluxe, L50, F|\n|poke|p1|Aggron, L50, M|\n|poke|p2|Froslass, L50, F|\n|poke|p2|Orthworm, L50, F|\n|poke|p2|Incineroar, L50, F|\n|poke|p2|Garchomp, L50, F|\n|poke|p2|Basculegion, L50, M|\n|poke|p2|Rotom-Frost, L50|\n|teampreview|4\n|inactive|Battle timer is ON: inactive players will automatically lose when time's up. (requested by WideDogOfficial)\n|\n|t:|1775959200\n|teamsize|p1|4\n|teamsize|p2|4\n|start\n|switch|p1a: Talonflame|Talonflame, L50, M|100/100\n|switch|p1b: Palafin|Palafin, L50, M|100/100\n|switch|p2a: Incineroar|Incineroar, L50, F|100/100\n|switch|p2b: Orthworm|Orthworm, L50, F|100/100\n|-ability|p2a: Incineroar|Intimidate|boost\n|-unboost|p1a: Talonflame|atk|1\n|-unboost|p1b: Palafin|atk|1\n|turn|1\n|\n|t:|1775959209\n|detailschange|p1b: Palafin|Palafin-Hero, L50, M\n|switch|p1b: Pavillion|Vanilluxe, L50, F|100/100\n|-weather|Snowscape|[from] ability: Snow Warning|[of] p1b: Pavillion\n|move|p2a: Incineroar|Fake Out|p1a: Talonflame\n|-damage|p1a: Talonflame|85/100\n|cant|p1a: Talonflame|flinch\n|move|p2b: Orthworm|Shed Tail|p2b: Orthworm\n|-start|p2b: Orthworm|Substitute|[from] move: Shed Tail\n|-damage|p2b: Orthworm|50/100\n|-enditem|p2b: Orthworm|Sitrus Berry|[eat]\n|-heal|p2b: Orthworm|75/100|[from] item: Sitrus Berry\n|inactive|WideDogOfficial has 30 seconds left.\n|\n|t:|1775959238\n|switch|p2b: Basculegion|Basculegion, L50, M|100/100|[from] Shed Tail\n|\n|-weather|Snowscape|[upkeep]\n|upkeep\n|turn|2\n|\n|t:|1775959247\n|move|p2b: Basculegion|Wave Crash|p1a: Talonflame\n|-supereffective|p1a: Talonflame|1\n|-damage|p1a: Talonflame|0 fnt\n|faint|p1a: Talonflame\n|-damage|p2b: Basculegion|79/100|[from] Recoil\n|move|p1b: Pavillion|Aurora Veil|p1b: Pavillion\n|-sidestart|p1: Gallon of poo|move: Aurora Veil\n|move|p2a: Incineroar|Flare Blitz|p1b: Pavillion\n|-supereffective|p1b: Pavillion|1\n|-damage|p1b: Pavillion|41/100\n|-damage|p2a: Incineroar|86/100|[from] Recoil\n|\n|-weather|Snowscape|[upkeep]\n|upkeep\n|\n|t:|1775959252\n|switch|p1a: Palafin|Palafin-Hero, L50, M|100/100\n|-activate|p1a: Palafin|ability: Zero to Hero\n|turn|3\n|\n|t:|1775959266\n|switch|p2a: Orthworm|Orthworm, L50, F|75/100\n|move|p1a: Palafin|Jet Punch|p2a: Orthworm\n|-damage|p2a: Orthworm|49/100\n|move|p2b: Basculegion|Wave Crash|p1b: Pavillion\n|-damage|p1b: Pavillion|0 fnt\n|faint|p1b: Pavillion\n|-damage|p2b: Basculegion|69/100|[from] Recoil\n|\n|-weather|Snowscape|[upkeep]\n|upkeep\n|\n|t:|1775959269\n|switch|p1b: Roro|Aggron, L50, M|100/100\n|turn|4\n|\n|t:|1775959284\n|detailschange|p1b: Roro|Aggron-Mega, L50, M\n|-mega|p1b: Roro|Aggron|Aggronite\n|move|p2b: Basculegion|Wave Crash|p1a: Palafin\n|-resisted|p1a: Palafin|1\n|-damage|p1a: Palafin|75/100\n|-damage|p2b: Basculegion|61/100|[from] Recoil\n|move|p1a: Palafin|Wave Crash|p2a: Orthworm\n|-damage|p2a: Orthworm|0 fnt\n|faint|p2a: Orthworm\n|-damage|p1a: Palafin|59/100|[from] Recoil\n|move|p1b: Roro|Iron Defense|p1b: Roro\n|-boost|p1b: Roro|def|2\n|\n|-weather|Snowscape|[upkeep]\n|upkeep\n|\n|t:|1775959305\n|switch|p2a: Incineroar|Incineroar, L50, F|86/100\n|-ability|p2a: Incineroar|Intimidate|boost\n|-unboost|p1a: Palafin|atk|1\n|-unboost|p1b: Roro|atk|1\n|turn|5\n|\n|t:|1775959326\n|move|p1a: Palafin|Protect|p1a: Palafin\n|-singleturn|p1a: Palafin|Protect\n|move|p2a: Incineroar|Fake Out|p1a: Palafin\n|-activate|p1a: Palafin|move: Protect\n|move|p2b: Basculegion|Wave Crash|p1b: Roro\n|-damage|p1b: Roro|88/100\n|-damage|p2b: Basculegion|58/100|[from] Recoil\n|move|p1b: Roro|Body Press|p2a: Incineroar\n|-supereffective|p2a: Incineroar|1\n|-damage|p2a: Incineroar|0 fnt\n|faint|p2a: Incineroar\n|\n|-weather|none\n|upkeep\n|\n|t:|1775959336\n|switch|p2a: Froslass|Froslass, L50, F|100/100\n|turn|6\n|inactive|WideDogOfficial has 30 seconds left.\n|inactive|WideDogOfficial has 20 seconds left.\n|\n|t:|1775959375\n|detailschange|p2a: Froslass|Froslass-Mega, L50, F\n|-mega|p2a: Froslass|Froslass|Froslassite\n|-weather|Snowscape|[from] ability: Snow Warning|[of] p2a: Froslass\n|move|p1a: Palafin|Jet Punch|p2a: Froslass\n|-damage|p2a: Froslass|64/100\n|move|p2b: Basculegion|Wave Crash|p1a: Palafin\n|-resisted|p1a: Palafin|1\n|-damage|p1a: Palafin|30/100\n|-damage|p2b: Basculegion|49/100|[from] Recoil\n|move|p2a: Froslass|Shadow Ball|p1a: Palafin\n|-damage|p1a: Palafin|0 fnt\n|faint|p1a: Palafin\n|move|p1b: Roro|Heavy Slam|p2a: Froslass\n|-supereffective|p2a: Froslass|1\n|-damage|p2a: Froslass|0 fnt\n|faint|p2a: Froslass\n|\n|-weather|Snowscape|[upkeep]\n|-sideend|p1: Gallon of poo|move: Aurora Veil\n|upkeep\n|turn|7\n|\n|t:|1775959390\n|move|p2b: Basculegion|Wave Crash|p1b: Roro\n|-damage|p1b: Roro|73/100\n|-damage|p2b: Basculegion|45/100|[from] Recoil\n|move|p1b: Roro|Iron Defense|p1b: Roro\n|-boost|p1b: Roro|def|2\n|\n|-weather|Snowscape|[upkeep]\n|upkeep\n|turn|8\n|\n|t:|1775959394\n|move|p1b: Roro|Protect|p1b: Roro\n|-singleturn|p1b: Roro|Protect\n|move|p2b: Basculegion|Wave Crash|p1b: Roro\n|-activate|p1b: Roro|move: Protect\n|\n|-weather|Snowscape|[upkeep]\n|upkeep\n|turn|9\n|\n|t:|1775959398\n|move|p2b: Basculegion|Wave Crash|p1b: Roro\n|-damage|p1b: Roro|60/100\n|-damage|p2b: Basculegion|42/100|[from] Recoil\n|move|p1b: Roro|Heavy Slam|p2b: Basculegion\n|-resisted|p2b: Basculegion|1\n|-activate|p2b: Basculegion|move: Substitute|[damage]\n|\n|-weather|Snowscape|[upkeep]\n|upkeep\n|turn|10\n|\n|t:|1775959405\n|move|p1b: Roro|Protect|p1b: Roro\n|-singleturn|p1b: Roro|Protect\n|move|p2b: Basculegion|Wave Crash|p1b: Roro\n|-activate|p1b: Roro|move: Protect\n|\n|-weather|none\n|upkeep\n|turn|11\n|\n|t:|1775959408\n|move|p2b: Basculegion|Wave Crash|p1b: Roro\n|-damage|p1b: Roro|47/100\n|-damage|p2b: Basculegion|38/100|[from] Recoil\n|move|p1b: Roro|Heavy Slam|p2b: Basculegion\n|-resisted|p2b: Basculegion|1\n|-end|p2b: Basculegion|Substitute\n|\n|upkeep\n|turn|12\n|\n|t:|1775959413\n|move|p1b: Roro|Protect|p1b: Roro\n|-singleturn|p1b: Roro|Protect\n|move|p2b: Basculegion|Wave Crash|p1b: Roro\n|-activate|p1b: Roro|move: Protect\n|\n|upkeep\n|turn|13\n|\n|t:|1775959416\n|move|p2b: Basculegion|Wave Crash|p1b: Roro\n|-damage|p1b: Roro|35/100\n|-damage|p2b: Basculegion|35/100|[from] Recoil\n|move|p1b: Roro|Heavy Slam|p2b: Basculegion\n|-resisted|p2b: Basculegion|1\n|-damage|p2b: Basculegion|17/100\n|\n|upkeep\n|turn|14\n|-message|WideDogOfficial forfeited.\n|\n|win|Gallon of poo\n|raw|Gallon of poo's rating: 1150 &rarr; <strong>1174</strong><br />(+24 for winning)\n|raw|WideDogOfficial's rating: 1140 &rarr; <strong>1116</strong><br />(-24 for losing)\n|l|\u2606WideDogOfficial\n|player|p2|\n",
  "uploadtime": 1775959430,
  "views": 20,
  "formatid": "gen9championsvgc2026regma",
  "rating": 1116,
  "private": 0,
  "password": null
}