{
  "id": "gen9championsvgc2026regma-2586241312",
  "format": "[Gen 9 Champions] VGC 2026 Reg M-A",
  "players": [
    "TheDark69420",
    "Noobilio"
  ],
  "log": "|j|\u2606TheDark69420\n|j|\u2606Noobilio\n|t:|1776416325\n|gametype|doubles\n|player|p1|TheDark69420|ghetsis-gen5bw|1353\n|player|p2|Noobilio|nurse|1328\n|gen|9\n|tier|[Gen 9 Champions] VGC 2026 Reg M-A\n|rated|\n|rule|Species Clause: Limit one of each Pok\u00e9mon\n|rule|Item Clause: Limit 1 of each item\n|clearpoke\n|poke|p1|Floette-Eternal, L50, F|\n|poke|p1|Maushold, L50|\n|poke|p1|Garchomp, L50, F|\n|poke|p1|Talonflame, L50, M|\n|poke|p1|Rotom-Wash, L50|\n|poke|p1|Aegislash, L50, M|\n|poke|p2|Froslass, L50, F|\n|poke|p2|Floette-Eternal, L50, F|\n|poke|p2|Sneasler, L50, M|\n|poke|p2|Basculegion, L50, M|\n|poke|p2|Garchomp, L50, F|\n|poke|p2|Kingambit, L50, M|\n|teampreview|4\n|inactive|Battle timer is ON: inactive players will automatically lose when time's up. (requested by TheDark69420)\n|\n|t:|1776416354\n|teamsize|p1|4\n|teamsize|p2|4\n|start\n|switch|p1a: Talonflame|Talonflame, L50, M, shiny|100/100\n|switch|p1b: Aegislash|Aegislash, L50, M, shiny|100/100\n|switch|p2a: Froslass|Froslass, L50, F|100/100\n|switch|p2b: Kingambit|Kingambit, L50, M|100/100\n|turn|1\n|inactive|Noobilio has 30 seconds left.\n|inactive|Noobilio has 20 seconds left.\n|inactive|Noobilio has 15 seconds left.\n|\n|t:|1776416396\n|move|p2a: Froslass|Protect|p2a: Froslass\n|-singleturn|p2a: Froslass|Protect\n|move|p1a: Talonflame|Flare Blitz|p2b: Kingambit\n|-supereffective|p2b: Kingambit|1\n|-damage|p2b: Kingambit|36/100\n|-damage|p1a: Talonflame|73/100|[from] Recoil\n|-formechange|p1b: Aegislash|Aegislash-Blade|\n|move|p1b: Aegislash|Iron Head|p2a: Froslass\n|-activate|p2a: Froslass|move: Protect\n|move|p2b: Kingambit|Kowtow Cleave|p1b: Aegislash\n|-supereffective|p1b: Aegislash|1\n|-damage|p1b: Aegislash|0 fnt\n|faint|p1b: Aegislash\n|\n|upkeep\n|\n|t:|1776416408\n|switch|p1b: Floette|Floette-Eternal, L50, F|100/100\n|turn|2\n|\n|t:|1776416417\n|detailschange|p2a: Froslass|Froslass-Mega, L50, F\n|-mega|p2a: Froslass|Froslass|Froslassite\n|-weather|Snowscape|[from] ability: Snow Warning|[of] p2a: Froslass\n|detailschange|p1b: Floette|Floette-Mega, L50, F\n|-mega|p1b: Floette|Floette|Floettite\n|-ability|p1b: Floette|Fairy Aura\n|move|p2b: Kingambit|Sucker Punch||[still]\n|-fail|p2b: Kingambit\n|move|p1a: Talonflame|Tailwind|p1a: Talonflame\n|-sidestart|p1: TheDark69420|move: Tailwind\n|move|p1b: Floette|Calm Mind|p1b: Floette\n|-boost|p1b: Floette|spa|1\n|-boost|p1b: Floette|spd|1\n|move|p2a: Froslass|Blizzard|p1a: Talonflame|[spread] p1a,p1b\n|-damage|p1a: Talonflame|10/100\n|-damage|p1b: Floette|74/100\n|\n|-weather|Snowscape|[upkeep]\n|upkeep\n|turn|3\n|\n|t:|1776416436\n|move|p1a: Talonflame|Protect|p1a: Talonflame\n|-singleturn|p1a: Talonflame|Protect\n|move|p2b: Kingambit|Sucker Punch|p1b: Floette\n|-resisted|p1b: Floette|1\n|-damage|p1b: Floette|49/100\n|move|p1b: Floette|Dazzling Gleam|p2a: Froslass|[spread] p2a,p2b\n|-damage|p2a: Froslass|16/100\n|-damage|p2b: Kingambit|0 fnt\n|faint|p2b: Kingambit\n|move|p2a: Froslass|Blizzard|p1a: Talonflame|[spread] p1b\n|-activate|p1a: Talonflame|move: Protect\n|-damage|p1b: Floette|25/100\n|\n|-weather|Snowscape|[upkeep]\n|upkeep\n|\n|t:|1776416451\n|switch|p2b: Sneasler|Sneasler, L50, M|100/100\n|turn|4\n|inactive|Noobilio has 30 seconds left.\n|inactive|Noobilio has 20 seconds left.\n|inactive|Noobilio has 15 seconds left.\n|\n|t:|1776416491\n|move|p1b: Floette|Protect|p1b: Floette\n|-singleturn|p1b: Floette|Protect\n|move|p2b: Sneasler|Fake Out|p1b: Floette\n|-activate|p1b: Floette|move: Protect\n|move|p1a: Talonflame|Acrobatics|p2b: Sneasler\n|-supereffective|p2b: Sneasler|1\n|-enditem|p2b: Sneasler|Focus Sash\n|-damage|p2b: Sneasler|1/100\n|move|p2a: Froslass|Blizzard|p1a: Talonflame|[spread] p1a\n|-activate|p1b: Floette|move: Protect\n|-damage|p1a: Talonflame|0 fnt\n|faint|p1a: Talonflame\n|\n|-weather|Snowscape|[upkeep]\n|upkeep\n|\n|t:|1776416500\n|switch|p1a: Garchomp|Garchomp, L50, F|100/100\n|turn|5\n|\n|t:|1776416507\n|move|p2a: Froslass|Protect|p2a: Froslass\n|-singleturn|p2a: Froslass|Protect\n|move|p2b: Sneasler|Dire Claw|p1b: Floette\n|-supereffective|p1b: Floette|1\n|-damage|p1b: Floette|0 fnt\n|faint|p1b: Floette\n|move|p1a: Garchomp|Stomping Tantrum|p2a: Froslass\n|-activate|p2a: Froslass|move: Protect\n|\n|-weather|Snowscape|[upkeep]\n|-sideend|p1: TheDark69420|move: Tailwind\n|upkeep\n|turn|6\n|\n|t:|1776416517\n|move|p2b: Sneasler|Close Combat|p1a: Garchomp\n|-damage|p1a: Garchomp|31/100\n|-unboost|p2b: Sneasler|def|1\n|-unboost|p2b: Sneasler|spd|1\n|-damage|p2b: Sneasler|0 fnt|[from] ability: Rough Skin|[of] p1a: Garchomp\n|faint|p2b: Sneasler\n|move|p2a: Froslass|Blizzard|p1a: Garchomp\n|-supereffective|p1a: Garchomp|2\n|-damage|p1a: Garchomp|0 fnt\n|faint|p1a: Garchomp\n|\n|win|Noobilio\n|raw|TheDark69420's rating: 1353 &rarr; <strong>1332</strong><br />(-21 for losing)\n|raw|Noobilio's rating: 1328 &rarr; <strong>1349</strong><br />(+21 for winning)\n",
  "uploadtime": 1776416523,
  "views": 41,
  "formatid": "gen9championsvgc2026regma",
  "rating": 1332,
  "private": 0,
  "password": null
}