{
  "id": "gen9championsvgc2026regma-2584610138",
  "format": "[Gen 9 Champions] VGC 2026 Reg M-A",
  "players": [
    "pm-me-chubby-gals",
    "crownnnnnnnnnn"
  ],
  "log": "|j|\u2606pm-me-chubby-gals\n|j|\u2606crownnnnnnnnnn\n|t:|1776271945\n|gametype|doubles\n|player|p1|pm-me-chubby-gals|veteran|1075\n|player|p2|crownnnnnnnnnn|101|1072\n|gen|9\n|tier|[Gen 9 Champions] VGC 2026 Reg M-A\n|rated|\n|rule|Species Clause: Limit one of each Pok\u00e9mon\n|rule|Item Clause: Limit 1 of each item\n|clearpoke\n|poke|p1|Meganium, L50, M|\n|poke|p1|Aerodactyl, L50, F|\n|poke|p1|Tauros-Paldea-Aqua, L50, M|\n|poke|p1|Archaludon, L50, F|\n|poke|p1|Kangaskhan, L50, F|\n|poke|p1|Typhlosion-Hisui, L50, M|\n|poke|p2|Floette-Eternal, L50, F|\n|poke|p2|Pelipper, L50, M|\n|poke|p2|Basculegion, L50, M|\n|poke|p2|Archaludon, L50, F|\n|poke|p2|Sinistcha-Masterpiece, L50|\n|poke|p2|Garchomp, L50, M|\n|teampreview|4\n|inactive|Battle timer is ON: inactive players will automatically lose when time's up. (requested by pm-me-chubby-gals)\n|\n|t:|1776271983\n|teamsize|p1|4\n|teamsize|p2|4\n|start\n|switch|p1a: Aerodactyl|Aerodactyl, L50, F|100/100\n|switch|p1b: Archaludon|Archaludon, L50, F|100/100\n|switch|p2a: Floette|Floette-Eternal, L50, F|100/100\n|switch|p2b: Pelipper|Pelipper, L50, M|100/100\n|-ability|p1a: Aerodactyl|Unnerve\n|-weather|RainDance|[from] ability: Drizzle|[of] p2b: Pelipper\n|turn|1\n|\n|t:|1776272002\n|detailschange|p2a: Floette|Floette-Mega, L50, F\n|-mega|p2a: Floette|Floette|Floettite\n|-ability|p2a: Floette|Fairy Aura\n|move|p1a: Aerodactyl|Tailwind|p1a: Aerodactyl\n|-sidestart|p1: pm-me-chubby-gals|move: Tailwind\n|move|p1b: Archaludon|Steel Beam|p2a: Floette\n|-supereffective|p2a: Floette|1\n|-damage|p2a: Floette|0 fnt\n|-damage|p1b: Archaludon|50/100|[from] steelbeam\n|faint|p2a: Floette\n|move|p2b: Pelipper|Tailwind|p2b: Pelipper\n|-sidestart|p2: crownnnnnnnnnn|move: Tailwind\n|\n|-weather|RainDance|[upkeep]\n|upkeep\n|\n|t:|1776272015\n|switch|p2a: Garchomp|Garchomp, L50, M|100/100\n|turn|2\n|\n|t:|1776272022\n|move|p1a: Aerodactyl|Rock Slide|p2b: Pelipper|[spread] p2a\n|-miss|p1a: Aerodactyl|p2b: Pelipper\n|-resisted|p2a: Garchomp|1\n|-damage|p2a: Garchomp|87/100\n|move|p2a: Garchomp|Earthquake|p1a: Aerodactyl|[spread] p1b\n|-immune|p2b: Pelipper\n|-immune|p1a: Aerodactyl\n|-supereffective|p1b: Archaludon|1\n|-damage|p1b: Archaludon|0 fnt\n|faint|p1b: Archaludon\n|move|p2b: Pelipper|Weather Ball|p1a: Aerodactyl\n|-supereffective|p1a: Aerodactyl|1\n|-enditem|p1a: Aerodactyl|Focus Sash\n|-damage|p1a: Aerodactyl|1/100\n|\n|-weather|RainDance|[upkeep]\n|upkeep\n|\n|t:|1776272040\n|switch|p1b: Tauros|Tauros-Paldea-Aqua, L50, M|100/100\n|-ability|p1b: Tauros|Intimidate|boost\n|-unboost|p2a: Garchomp|atk|1\n|-unboost|p2b: Pelipper|atk|1\n|turn|3\n|inactive|crownnnnnnnnnn has 30 seconds left.\n|inactive|crownnnnnnnnnn has 20 seconds left.\n|inactive|crownnnnnnnnnn has 15 seconds left.\n|\n|t:|1776272080\n|move|p1a: Aerodactyl|Rock Slide|p2a: Garchomp|[spread] p2a,p2b\n|-resisted|p2a: Garchomp|1\n|-supereffective|p2b: Pelipper|1\n|-damage|p2a: Garchomp|76/100\n|-damage|p2b: Pelipper|35/100\n|cant|p2a: Garchomp|flinch\n|move|p1b: Tauros|Wave Crash|p2a: Garchomp\n|-damage|p2a: Garchomp|0 fnt\n|faint|p2a: Garchomp\n|-damage|p1b: Tauros|70/100|[from] Recoil\n|cant|p2b: Pelipper|flinch\n|\n|-weather|RainDance|[upkeep]\n|upkeep\n|inactive|crownnnnnnnnnn has 30 seconds left.\n|\n|t:|1776272109\n|switch|p2a: Basculegion|Basculegion, L50, M|100/100\n|turn|4\n|\n|t:|1776272123\n|move|p1a: Aerodactyl|Rock Slide|p2a: Basculegion|[spread] p2a,p2b\n|-supereffective|p2b: Pelipper|1\n|-damage|p2a: Basculegion|67/100\n|-damage|p2b: Pelipper|0 fnt\n|faint|p2b: Pelipper\n|move|p2a: Basculegion|Last Respects|p1b: Tauros\n|-crit|p1b: Tauros\n|-damage|p1b: Tauros|0 fnt\n|faint|p1b: Tauros\n|\n|-weather|RainDance|[upkeep]\n|-sideend|p1: pm-me-chubby-gals|move: Tailwind\n|-sideend|p2: crownnnnnnnnnn|move: Tailwind\n|upkeep\n|\n|t:|1776272135\n|switch|p1b: Meganium|Meganium, L50, M|100/100\n|turn|5\n|\n|t:|1776272159\n|detailschange|p1b: Meganium|Meganium-Mega, L50, M\n|-mega|p1b: Meganium|Meganium|Meganiumite\n|move|p1a: Aerodactyl|Dual Wingbeat|p2a: Basculegion\n|-damage|p2a: Basculegion|44/100\n|-damage|p2a: Basculegion|22/100\n|-hitcount|p2a: Basculegion|2\n|move|p2a: Basculegion|Last Respects|p1b: Meganium\n|-damage|p1b: Meganium|0 fnt\n|faint|p1b: Meganium\n|\n|-weather|none\n|upkeep\n|turn|6\n|\n|t:|1776272184\n|move|p1a: Aerodactyl|Dual Wingbeat|p2a: Basculegion\n|-damage|p2a: Basculegion|0 fnt\n|faint|p2a: Basculegion\n|-hitcount|p2: Basculegion|1\n|\n|win|pm-me-chubby-gals\n|raw|pm-me-chubby-gals's rating: 1075 &rarr; <strong>1104</strong><br />(+29 for winning)\n|raw|crownnnnnnnnnn's rating: 1072 &rarr; <strong>1051</strong><br />(-21 for losing)\n",
  "uploadtime": 1776272195,
  "views": 29,
  "formatid": "gen9championsvgc2026regma",
  "rating": 1051,
  "private": 0,
  "password": null
}