{
  "id": "gen9championsvgc2026regma-2586423145",
  "format": "[Gen 9 Champions] VGC 2026 Reg M-A",
  "players": [
    "jamppa500",
    "Boline"
  ],
  "log": "|j|\u2606jamppa500\n|j|\u2606Boline\n|t:|1776433635\n|gametype|doubles\n|player|p1|jamppa500|hiker|1171\n|player|p2|Boline|veteran|1239\n|gen|9\n|tier|[Gen 9 Champions] VGC 2026 Reg M-A\n|rated|\n|rule|Species Clause: Limit one of each Pok\u00e9mon\n|rule|Item Clause: Limit 1 of each item\n|clearpoke\n|poke|p1|Gardevoir, L50, F|\n|poke|p1|Aerodactyl, L50, M|\n|poke|p1|Incineroar, L50, F|\n|poke|p1|Milotic, L50, M|\n|poke|p1|Aegislash, L50, M|\n|poke|p1|Tyranitar, L50, M|\n|poke|p2|Gyarados, L50, M|\n|poke|p2|Lucario, L50, M|\n|poke|p2|Milotic, L50, F|\n|poke|p2|Sylveon, L50, F|\n|poke|p2|Whimsicott, L50, F|\n|poke|p2|Typhlosion-Hisui, L50, M|\n|teampreview|4\n|inactive|Battle timer is ON: inactive players will automatically lose when time's up. (requested by Boline)\n|inactive|Boline has 60 seconds left.\n|\n|t:|1776433687\n|teamsize|p1|4\n|teamsize|p2|4\n|start\n|switch|p1a: Aerodactyl|Aerodactyl, L50, M|100/100\n|switch|p1b: Tyranitar|Tyranitar, L50, M|100/100\n|switch|p2a: Whimsicott|Whimsicott, L50, F|100/100\n|switch|p2b: Milotic|Milotic, L50, F|100/100\n|-ability|p1a: Aerodactyl|Unnerve\n|-weather|Sandstorm|[from] ability: Sand Stream|[of] p1b: Tyranitar\n|turn|1\n|\n|t:|1776433708\n|move|p2a: Whimsicott|Taunt|p1a: Aerodactyl\n|-start|p1a: Aerodactyl|move: Taunt\n|cant|p1a: Aerodactyl|move: Taunt|Tailwind\n|move|p2b: Milotic|Scald|p1b: Tyranitar\n|-supereffective|p1b: Tyranitar|1\n|-damage|p1b: Tyranitar|66/100\n|move|p1b: Tyranitar|Rock Slide|p2a: Whimsicott|[spread] p2a,p2b\n|-damage|p2a: Whimsicott|67/100\n|-damage|p2b: Milotic|75/100\n|\n|-weather|Sandstorm|[upkeep]\n|-damage|p2a: Whimsicott|61/100|[from] Sandstorm\n|-damage|p2b: Milotic|69/100|[from] Sandstorm\n|-heal|p2b: Milotic|75/100|[from] item: Leftovers\n|upkeep\n|turn|2\n|inactive|Boline has 30 seconds left.\n|\n|t:|1776433738\n|switch|p1a: Aegislash|Aegislash, L50, M|100/100\n|move|p2a: Whimsicott|Tailwind|p2a: Whimsicott\n|-sidestart|p2: Boline|move: Tailwind\n|move|p2b: Milotic|Scald|p1b: Tyranitar\n|-supereffective|p1b: Tyranitar|1\n|-damage|p1b: Tyranitar|28/100\n|move|p1b: Tyranitar|Knock Off|p2b: Milotic\n|-damage|p2b: Milotic|30/100\n|-enditem|p2b: Milotic|Leftovers|[from] move: Knock Off|[of] p1b: Tyranitar\n|\n|-weather|Sandstorm|[upkeep]\n|-damage|p2a: Whimsicott|55/100|[from] Sandstorm\n|-damage|p2b: Milotic|24/100|[from] Sandstorm\n|upkeep\n|turn|3\n|\n|t:|1776433759\n|move|p1b: Tyranitar|Protect|p1b: Tyranitar\n|-singleturn|p1b: Tyranitar|Protect\n|move|p2a: Whimsicott|Sunny Day|p2a: Whimsicott\n|-weather|SunnyDay\n|move|p2b: Milotic|Scald|p1b: Tyranitar\n|-activate|p1b: Tyranitar|move: Protect\n|-formechange|p1a: Aegislash|Aegislash-Blade|\n|move|p1a: Aegislash|Iron Head|p2a: Whimsicott\n|-supereffective|p2a: Whimsicott|1\n|-damage|p2a: Whimsicott|0 fnt\n|faint|p2a: Whimsicott\n|\n|-weather|SunnyDay|[upkeep]\n|upkeep\n|inactive|Boline has 30 seconds left.\n|\n|t:|1776433786\n|switch|p2a: Gyarados|Gyarados, L50, M|100/100\n|-ability|p2a: Gyarados|Intimidate|boost\n|-unboost|p1a: Aegislash|atk|1\n|-unboost|p1b: Tyranitar|atk|1\n|turn|4\n|\n|t:|1776433806\n|switch|p1a: Gardevoir|Gardevoir, L50, F, shiny|100/100\n|detailschange|p2a: Gyarados|Gyarados-Mega, L50, M\n|-mega|p2a: Gyarados|Gyarados|Gyaradosite\n|-ability|p2a: Gyarados|Mold Breaker\n|move|p2a: Gyarados|Waterfall|p1b: Tyranitar\n|-supereffective|p1b: Tyranitar|1\n|-damage|p1b: Tyranitar|0 fnt\n|faint|p1b: Tyranitar\n|move|p2b: Milotic|Scald|p1a: Gardevoir\n|-damage|p1a: Gardevoir|84/100\n|\n|-weather|SunnyDay|[upkeep]\n|upkeep\n|\n|t:|1776433819\n|switch|p1b: Aerodactyl|Aerodactyl, L50, M|100/100\n|-ability|p1b: Aerodactyl|Unnerve\n|turn|5\n|inactive|Boline has 30 seconds left.\n|\n|t:|1776433853\n|move|p1b: Aerodactyl|Protect|p1b: Aerodactyl\n|-singleturn|p1b: Aerodactyl|Protect\n|move|p1a: Gardevoir|Protect|p1a: Gardevoir\n|-singleturn|p1a: Gardevoir|Protect\n|move|p2a: Gyarados|Dragon Dance|p2a: Gyarados\n|-boost|p2a: Gyarados|atk|1\n|-boost|p2a: Gyarados|spe|1\n|move|p2b: Milotic|Ice Beam|p1b: Aerodactyl\n|-activate|p1b: Aerodactyl|move: Protect\n|\n|-weather|SunnyDay|[upkeep]\n|-sideend|p2: Boline|move: Tailwind\n|upkeep\n|turn|6\n|inactive|Boline has 30 seconds left.\n|\n|t:|1776433881\n|switch|p1a: Aegislash|Aegislash, L50, M|100/100\n|move|p2a: Gyarados|Waterfall|p1a: Aegislash\n|-damage|p1a: Aegislash|71/100\n|move|p1b: Aerodactyl|Tailwind|p1b: Aerodactyl\n|-sidestart|p1: jamppa500|move: Tailwind\n|move|p2b: Milotic|Ice Beam|p1b: Aerodactyl\n|-supereffective|p1b: Aerodactyl|1\n|-damage|p1b: Aerodactyl|33/100\n|\n|-weather|SunnyDay|[upkeep]\n|upkeep\n|turn|7\n|\n|t:|1776433915\n|move|p2b: Milotic|Protect|p2b: Milotic\n|-singleturn|p2b: Milotic|Protect\n|move|p1b: Aerodactyl|Rock Slide|p2b: Milotic|[spread] p2a\n|-activate|p2b: Milotic|move: Protect\n|-damage|p2a: Gyarados|75/100\n|move|p2a: Gyarados|Crunch|p1a: Aegislash\n|-supereffective|p1a: Aegislash|1\n|-enditem|p1a: Aegislash|Colbur Berry|[eat]\n|-enditem|p1a: Aegislash|Colbur Berry|[weaken]\n|-damage|p1a: Aegislash|13/100\n|-formechange|p1a: Aegislash|Aegislash-Blade|\n|move|p1a: Aegislash|Iron Head|p2a: Gyarados\n|-resisted|p2a: Gyarados|1\n|-damage|p2a: Gyarados|51/100\n|\n|-weather|none\n|upkeep\n|turn|8\n|\n|t:|1776433939\n|switch|p1b: Gardevoir|Gardevoir, L50, F, shiny|84/100\n|move|p1a: Aegislash|Shadow Sneak|p2b: Milotic\n|-damage|p2b: Milotic|3/100\n|move|p2a: Gyarados|Waterfall|p1b: Gardevoir\n|-damage|p1b: Gardevoir|0 fnt\n|faint|p1b: Gardevoir\n|move|p2b: Milotic|Scald|p1a: Aegislash\n|-damage|p1a: Aegislash|0 fnt\n|faint|p1a: Aegislash\n|\n|upkeep\n|-message|jamppa500 forfeited.\n|l|\u2606jamppa500\n|inactive|jamppa500 disconnected and has a minute to reconnect!\n|player|p1|\n|\n|win|Boline\n|raw|jamppa500's rating: 1171 &rarr; <strong>1151</strong><br />(-20 for losing)\n|raw|Boline's rating: 1239 &rarr; <strong>1259</strong><br />(+20 for winning)\n",
  "uploadtime": 1776433963,
  "views": 33,
  "formatid": "gen9championsvgc2026regma",
  "rating": 1151,
  "private": 0,
  "password": null
}