{
  "id": "gen9championsvgc2026regma-2583360658",
  "format": "[Gen 9 Champions] VGC 2026 Reg M-A",
  "players": [
    "ageasgr",
    "antinn"
  ],
  "log": "|j|\u2606ageasgr\n|j|\u2606antinn\n|t:|1776170080\n|gametype|doubles\n|player|p1|ageasgr|102|1031\n|player|p2|antinn|shadowtriad|1000\n|gen|9\n|tier|[Gen 9 Champions] VGC 2026 Reg M-A\n|rated|\n|rule|Species Clause: Limit one of each Pok\u00e9mon\n|rule|Item Clause: Limit 1 of each item\n|clearpoke\n|poke|p1|Heliolisk, L50, F|\n|poke|p1|Manectric, L50, M|\n|poke|p1|Garchomp, L50, M|\n|poke|p1|Gyarados, L50, M|\n|poke|p1|Chandelure, L50, M|\n|poke|p1|Clefable, L50, M|\n|poke|p2|Sableye, L50, F|\n|poke|p2|Incineroar, L50, M|\n|poke|p2|Kleavor, L50, M|\n|poke|p2|Weavile, L50, F|\n|poke|p2|Rotom-Wash, L50|\n|poke|p2|Sneasler, L50, F|\n|teampreview|4\n|\n|t:|1776170122\n|teamsize|p1|4\n|teamsize|p2|4\n|start\n|switch|p1a: Heliolisk|Heliolisk, L50, F|100/100\n|switch|p1b: Garchomp|Garchomp, L50, M|100/100\n|switch|p2a: Sneasler|Sneasler, L50, F|100/100\n|switch|p2b: Weavile|Weavile, L50, F|100/100\n|turn|1\n|inactive|Battle timer is ON: inactive players will automatically lose when time's up. (requested by ageasgr)\n|inactive|ageasgr has 60 seconds left.\n|\n|t:|1776170156\n|switch|p1a: Clefable|Clefable, L50, M|100/100\n|move|p1b: Garchomp|Protect|p1b: Garchomp\n|-singleturn|p1b: Garchomp|Protect\n|move|p2a: Sneasler|Fake Out|p1a: Clefable\n|-damage|p1a: Clefable|87/100\n|move|p2b: Weavile|Ice Spinner|p1b: Garchomp\n|-activate|p1b: Garchomp|move: Protect\n|\n|-heal|p1a: Clefable|93/100|[from] item: Leftovers\n|upkeep\n|turn|2\n|inactive|ageasgr has 30 seconds left.\n|\n|t:|1776170183\n|move|p1a: Clefable|Follow Me|p1a: Clefable\n|-singleturn|p1a: Clefable|move: Follow Me\n|move|p2b: Weavile|Ice Spinner|p1a: Clefable\n|-damage|p1a: Clefable|60/100\n|move|p2a: Sneasler|Dire Claw|p1a: Clefable\n|-supereffective|p1a: Clefable|1\n|-damage|p1a: Clefable|0 fnt\n|faint|p1a: Clefable\n|move|p1b: Garchomp|Earthquake|p2a: Sneasler|[spread] p2a,p2b\n|-supereffective|p2a: Sneasler|1\n|-damage|p2a: Sneasler|0 fnt\n|-damage|p2b: Weavile|39/100\n|faint|p2a: Sneasler\n|\n|upkeep\n|\n|t:|1776170202\n|switch|p2a: Kleavor|Kleavor, L50, M|100/100\n|switch|p1a: Heliolisk|Heliolisk, L50, F|100/100\n|turn|3\n|inactive|ageasgr has 30 seconds left.\n|\n|t:|1776170228\n|move|p1a: Heliolisk|Electrify|p2b: Weavile\n|-singleturn|p2b: Weavile|move: Electrify\n|move|p2a: Kleavor|Rock Slide|p1b: Garchomp|[spread] p1a\n|-miss|p2a: Kleavor|p1b: Garchomp\n|-damage|p1a: Heliolisk|21/100\n|move|p2b: Weavile|Ice Spinner|p1b: Garchomp\n|-immune|p1b: Garchomp\n|move|p1b: Garchomp|Rock Slide|p2b: Weavile|[spread] p2a,p2b\n|-supereffective|p2a: Kleavor|1\n|-supereffective|p2b: Weavile|1\n|-damage|p2a: Kleavor|46/100\n|-damage|p2b: Weavile|0 fnt\n|faint|p2b: Weavile\n|\n|upkeep\n|inactive|antinn has 30 seconds left.\n|\n|t:|1776170262\n|switch|p2b: Sableye|Sableye, L50, F|100/100\n|turn|4\n|\n|t:|1776170279\n|detailschange|p2b: Sableye|Sableye-Mega, L50, F\n|-mega|p2b: Sableye|Sableye|Sablenite\n|move|p1a: Heliolisk|Electrify|p2a: Kleavor\n|-singleturn|p2a: Kleavor|move: Electrify\n|move|p2a: Kleavor|Rock Slide|p1b: Garchomp|[spread] p1a\n|-immune|p1b: Garchomp\n|-resisted|p1a: Heliolisk|1\n|-damage|p1a: Heliolisk|0 fnt\n|faint|p1a: Heliolisk\n|move|p1b: Garchomp|Rock Slide|p2a: Kleavor|[spread] p2a,p2b\n|-supereffective|p2a: Kleavor|1\n|-damage|p2a: Kleavor|0 fnt\n|-damage|p2b: Sableye|81/100\n|faint|p2a: Kleavor\n|move|p2b: Sableye|Bulk Up|p2b: Sableye\n|-boost|p2b: Sableye|atk|1\n|-boost|p2b: Sableye|def|1\n|\n|upkeep\n|\n|t:|1776170293\n|switch|p1a: Manectric|Manectric, L50, M|100/100\n|turn|5\n|\n|t:|1776170312\n|detailschange|p1a: Manectric|Manectric-Mega, L50, M\n|-mega|p1a: Manectric|Manectric|Manectite\n|-ability|p1a: Manectric|Intimidate|boost\n|-unboost|p2b: Sableye|atk|1\n|move|p1a: Manectric|Thunderbolt|p2b: Sableye\n|-damage|p2b: Sableye|42/100\n|-status|p2b: Sableye|par\n|move|p1b: Garchomp|Dragon Claw|p2b: Sableye\n|-damage|p2b: Sableye|15/100 par\n|move|p2b: Sableye|Bulk Up|p2b: Sableye\n|-boost|p2b: Sableye|atk|1\n|-boost|p2b: Sableye|def|1\n|\n|upkeep\n|turn|6\n|c|\u2606antinn|Nice cheats\n|\n|t:|1776170331\n|move|p2b: Sableye|Sucker Punch|p1b: Garchomp\n|-damage|p1b: Garchomp|68/100\n|-damage|p2b: Sableye|3/100 par|[from] ability: Rough Skin|[of] p1b: Garchomp\n|move|p1a: Manectric|Thunderbolt|p2b: Sableye\n|-damage|p2b: Sableye|0 fnt\n|faint|p2b: Sableye\n|\n|win|ageasgr\n|raw|ageasgr's rating: 1031 &rarr; <strong>1063</strong><br />(+32 for winning)\n|raw|antinn's rating: 1000 &rarr; <strong>1000</strong><br />(+0 for losing)\n|c|\u2606antinn|Garchomo immune to ice must be nice\n|n|\u2606ageasgr|ageasgr\n",
  "uploadtime": 1776170424,
  "views": 14,
  "formatid": "gen9championsvgc2026regma",
  "rating": 1000,
  "private": 0,
  "password": null
}