{
  "id": "gen9championsvgc2026regma-2588495634",
  "format": "[Gen 9 Champions] VGC 2026 Reg M-A",
  "players": [
    "creeper9501",
    "Markiito18"
  ],
  "log": "|j|\u2606creeper9501\n|j|\u2606Markiito18\n|t:|1776638734\n|gametype|doubles\n|player|p1|creeper9501|fantina|1301\n|player|p2|Markiito18|rood|1401\n|gen|9\n|tier|[Gen 9 Champions] VGC 2026 Reg M-A\n|rated|\n|rule|Species Clause: Limit one of each Pok\u00e9mon\n|rule|Item Clause: Limit 1 of each item\n|clearpoke\n|poke|p1|Tyranitar, L50, M|\n|poke|p1|Excadrill, L50, M|\n|poke|p1|Primarina, L50, M|\n|poke|p1|Incineroar, L50, M|\n|poke|p1|Corviknight, L50, F, shiny|\n|poke|p1|Farigiraf, L50, M|\n|poke|p2|Farigiraf, L50, M, shiny|\n|poke|p2|Sylveon, L50, F, shiny|\n|poke|p2|Hydreigon, L50, M, shiny|\n|poke|p2|Aegislash, L50, M, shiny|\n|poke|p2|Slowking-Galar, L50, F, shiny|\n|poke|p2|Lopunny, L50, F, shiny|\n|teampreview|4\n|inactive|Battle timer is ON: inactive players will automatically lose when time's up. (requested by creeper9501)\n|inactive|creeper9501 has 60 seconds left.\n|inactive|Markiito18 has 60 seconds left.\n|inactive|Markiito18 has 30 seconds left.\n|inactive|Markiito18 has 20 seconds left.\n|inactive|Markiito18 has 15 seconds left.\n|inactive|Markiito18 has 10 seconds left.\n|inactive|Markiito18 has 5 seconds left.\n|\n|t:|1776638824\n|teamsize|p1|4\n|teamsize|p2|4\n|start\n|switch|p1a: Corviknight|Corviknight, L50, F, shiny|100/100\n|switch|p1b: Excadrill|Excadrill, L50, M|100/100\n|switch|p2a: Lopunny|Lopunny, L50, F, shiny|100/100\n|switch|p2b: Farigiraf|Farigiraf, L50, M, shiny|100/100\n|turn|1\n|inactive|Markiito18 has 30 seconds left.\n|\n|t:|1776638855\n|detailschange|p2a: Lopunny|Lopunny-Mega, L50, F, shiny\n|-mega|p2a: Lopunny|Lopunny|Lopunnite\n|move|p2a: Lopunny|Fake Out|p1a: Corviknight\n|-resisted|p1a: Corviknight|1\n|-damage|p1a: Corviknight|93/100\n|move|p1b: Excadrill|Earthquake|p2a: Lopunny|[spread] p2a,p2b\n|-immune|p1a: Corviknight\n|-damage|p2a: Lopunny|43/100\n|-damage|p2b: Farigiraf|67/100\n|cant|p1a: Corviknight|flinch\n|move|p2b: Farigiraf|Trick Room|p2b: Farigiraf\n|-fieldstart|move: Trick Room|[of] p2b: Farigiraf\n|\n|-heal|p1a: Corviknight|99/100|[from] item: Leftovers\n|upkeep\n|turn|2\n|inactive|Markiito18 has 30 seconds left.\n|\n|t:|1776638887\n|switch|p1b: Tyranitar|Tyranitar, L50, M|100/100\n|-weather|Sandstorm|[from] ability: Sand Stream|[of] p1b: Tyranitar\n|move|p2b: Farigiraf|Twin Beam|p1b: Tyranitar\n|-immune|p1b: Tyranitar\n|move|p1a: Corviknight|Taunt|p2b: Farigiraf\n|-start|p2b: Farigiraf|move: Taunt\n|move|p2a: Lopunny|Close Combat|p1b: Tyranitar\n|-supereffective|p1b: Tyranitar|2\n|-damage|p1b: Tyranitar|0 fnt\n|-unboost|p2a: Lopunny|def|1\n|-unboost|p2a: Lopunny|spd|1\n|faint|p1b: Tyranitar\n|\n|-weather|Sandstorm|[upkeep]\n|-damage|p2b: Farigiraf|61/100|[from] Sandstorm\n|-damage|p2a: Lopunny|37/100|[from] Sandstorm\n|-heal|p1a: Corviknight|100/100|[from] item: Leftovers\n|upkeep\n|\n|t:|1776638899\n|switch|p1b: Incineroar|Incineroar, L50, M|100/100\n|-ability|p1b: Incineroar|Intimidate|boost\n|-fail|p2a: Lopunny|unboost|Attack|[from] ability: Scrappy|[of] p2a: Lopunny\n|-unboost|p2b: Farigiraf|atk|1\n|turn|3\n|inactive|creeper9501 has 30 seconds left.\n|inactive|Markiito18 has 30 seconds left.\n|\n|t:|1776638926\n|switch|p2b: Sylveon|Sylveon, L50, F, shiny|100/100\n|switch|p1b: Excadrill|Excadrill, L50, M|100/100\n|switch|p2a: Slowking|Slowking-Galar, L50, F, shiny|100/100\n|-clearboost|p2b: Sylveon|[from] ability: Curious Medicine|[of] p2a: Slowking\n|move|p1a: Corviknight|Brave Bird|p2b: Sylveon\n|-damage|p2b: Sylveon|59/100\n|-damage|p1a: Corviknight|89/100|[from] Recoil\n|\n|-weather|Sandstorm|[upkeep]\n|-damage|p2a: Slowking|95/100|[from] Sandstorm\n|-damage|p2b: Sylveon|53/100|[from] Sandstorm\n|-heal|p1a: Corviknight|95/100|[from] item: Leftovers\n|upkeep\n|turn|4\n|inactive|creeper9501 has 30 seconds left.\n|\n|t:|1776638953\n|move|p2a: Slowking|Focus Blast|p1b: Excadrill\n|-supereffective|p1b: Excadrill|1\n|-damage|p1b: Excadrill|9/100\n|move|p1a: Corviknight|Brave Bird|p2b: Sylveon\n|-damage|p2b: Sylveon|14/100\n|-damage|p1a: Corviknight|84/100|[from] Recoil\n|move|p2b: Sylveon|Hyper Voice|p1b: Excadrill|[spread] p1a,p1b\n|-resisted|p1a: Corviknight|1\n|-resisted|p1b: Excadrill|1\n|-damage|p1a: Corviknight|65/100\n|-damage|p1b: Excadrill|0 fnt\n|faint|p1b: Excadrill\n|\n|-weather|Sandstorm|[upkeep]\n|-damage|p2a: Slowking|89/100|[from] Sandstorm\n|-damage|p2b: Sylveon|8/100|[from] Sandstorm\n|-heal|p1a: Corviknight|71/100|[from] item: Leftovers\n|upkeep\n|\n|t:|1776638962\n|switch|p1b: Incineroar|Incineroar, L50, M|100/100\n|-ability|p1b: Incineroar|Intimidate|boost\n|-unboost|p2a: Slowking|atk|1\n|-unboost|p2b: Sylveon|atk|1\n|turn|5\n|\n|t:|1776638980\n|switch|p2b: Farigiraf|Farigiraf, L50, M, shiny|61/100\n|move|p1b: Incineroar|Fake Out||[still]\n|cant|p2b: Farigiraf|ability: Armor Tail|Fake Out|[of] p1b: Incineroar\n|move|p2a: Slowking|Sludge Bomb|p1b: Incineroar\n|-damage|p1b: Incineroar|70/100\n|move|p1a: Corviknight|Brave Bird|p2b: Farigiraf\n|-damage|p2b: Farigiraf|29/100\n|-enditem|p2b: Farigiraf|Sitrus Berry|[eat]\n|-heal|p2b: Farigiraf|53/100|[from] item: Sitrus Berry\n|-damage|p1a: Corviknight|60/100|[from] Recoil\n|\n|-weather|Sandstorm|[upkeep]\n|-damage|p2a: Slowking|83/100|[from] Sandstorm\n|-damage|p2b: Farigiraf|48/100|[from] Sandstorm\n|-damage|p1b: Incineroar|64/100|[from] Sandstorm\n|-heal|p1a: Corviknight|65/100|[from] item: Leftovers\n|-fieldend|move: Trick Room\n|upkeep\n|turn|6\n|\n|t:|1776639007\n|move|p2b: Farigiraf|Helping Hand|p2a: Slowking\n|-singleturn|p2a: Slowking|Helping Hand|[of] p2b: Farigiraf\n|move|p1a: Corviknight|Taunt|p2b: Farigiraf\n|-start|p2b: Farigiraf|move: Taunt\n|move|p1b: Incineroar|Darkest Lariat|p2a: Slowking\n|-supereffective|p2a: Slowking|1\n|-enditem|p2a: Slowking|Colbur Berry|[eat]\n|-enditem|p2a: Slowking|Colbur Berry|[weaken]\n|-damage|p2a: Slowking|44/100\n|move|p2a: Slowking|Sludge Bomb|p1b: Incineroar\n|-damage|p1b: Incineroar|14/100\n|\n|-weather|none\n|-heal|p1a: Corviknight|71/100|[from] item: Leftovers\n|upkeep\n|turn|7\n|inactive|creeper9501 has 30 seconds left.\n|inactive|Markiito18 has 30 seconds left.\n|inactive|Markiito18 has 20 seconds left.\n|inactive|Markiito18 has 15 seconds left.\n|inactive|Markiito18 has 10 seconds left.\n|inactive|Markiito18 has 5 seconds left.\n|\n|t:|1776639058\n|switch|p2a: Sylveon|Sylveon, L50, F, shiny|8/100\n|move|p1a: Corviknight|Tailwind|p1a: Corviknight\n|-sidestart|p1: creeper9501|move: Tailwind\n|move|p1b: Incineroar|Darkest Lariat|p2a: Sylveon\n|-resisted|p2a: Sylveon|1\n|-damage|p2a: Sylveon|0 fnt\n|faint|p2a: Sylveon\n|move|p2b: Farigiraf|Twin Beam|p1a: Corviknight\n|-resisted|p1a: Corviknight|1\n|-damage|p1a: Corviknight|65/100\n|-resisted|p1a: Corviknight|1\n|-damage|p1a: Corviknight|60/100\n|-hitcount|p1a: Corviknight|2\n|\n|-heal|p1a: Corviknight|65/100|[from] item: Leftovers\n|upkeep\n|\n|t:|1776639074\n|switch|p2a: Lopunny|Lopunny-Mega, L50, F, shiny|37/100\n|turn|8\n|\n|t:|1776639095\n|switch|p2b: Slowking|Slowking-Galar, L50, F, shiny|44/100\n|-clearboost|p2a: Lopunny|[from] ability: Curious Medicine|[of] p2b: Slowking\n|move|p2a: Lopunny|Fake Out|p1b: Incineroar\n|-damage|p1b: Incineroar|0 fnt\n|faint|p1b: Incineroar\n|move|p1a: Corviknight|Brave Bird|p2a: Lopunny\n|-supereffective|p2a: Lopunny|1\n|-damage|p2a: Lopunny|0 fnt\n|faint|p2a: Lopunny\n|-damage|p1a: Corviknight|57/100|[from] Recoil\n|\n|-heal|p1a: Corviknight|63/100|[from] item: Leftovers\n|upkeep\n|\n|t:|1776639104\n|switch|p2a: Farigiraf|Farigiraf, L50, M, shiny|48/100\n|turn|9\n|inactive|creeper9501 has 30 seconds left.\n|inactive|creeper9501 has 20 seconds left.\n|inactive|creeper9501 has 15 seconds left.\n|\n|t:|1776639147\n|move|p1a: Corviknight|Brave Bird|p2b: Slowking\n|-damage|p2b: Slowking|3/100\n|-damage|p1a: Corviknight|50/100|[from] Recoil\n|move|p2b: Slowking|Ice Beam|p1a: Corviknight\n|-damage|p1a: Corviknight|29/100\n|move|p2a: Farigiraf|Trick Room|p2a: Farigiraf\n|-fieldstart|move: Trick Room|[of] p2a: Farigiraf\n|\n|-heal|p1a: Corviknight|35/100|[from] item: Leftovers\n|upkeep\n|turn|10\n|inactive|Markiito18 has 30 seconds left.\n|\n|t:|1776639179\n|move|p2a: Farigiraf|Helping Hand|p2b: Slowking\n|-singleturn|p2b: Slowking|Helping Hand|[of] p2a: Farigiraf\n|move|p2b: Slowking|Ice Beam|p1a: Corviknight\n|-damage|p1a: Corviknight|3/100\n|move|p1a: Corviknight|Brave Bird|p2b: Slowking\n|-damage|p2b: Slowking|0 fnt\n|faint|p2b: Slowking\n|-damage|p1a: Corviknight|2/100|[from] Recoil\n|\n|-heal|p1a: Corviknight|8/100|[from] item: Leftovers\n|-sideend|p1: creeper9501|move: Tailwind\n|upkeep\n|turn|11\n|\n|t:|1776639189\n|move|p2a: Farigiraf|Twin Beam|p1a: Corviknight\n|-resisted|p1a: Corviknight|1\n|-damage|p1a: Corviknight|2/100\n|-resisted|p1a: Corviknight|1\n|-damage|p1a: Corviknight|0 fnt\n|faint|p1a: Corviknight\n|-hitcount|p1: Corviknight|2\n|\n|win|Markiito18\n|raw|creeper9501's rating: 1301 &rarr; <strong>1287</strong><br />(-14 for losing)\n|raw|Markiito18's rating: 1401 &rarr; <strong>1415</strong><br />(+14 for winning)\n|c|\u2606Markiito18|gg\n|c|\u2606creeper9501|gg\n|l|\u2606creeper9501\n|player|p1|\n",
  "uploadtime": 1776639349,
  "views": 9,
  "formatid": "gen9championsvgc2026regma",
  "rating": 1287,
  "private": 0,
  "password": null
}