{
  "id": "gen9championsvgc2026regma-2587372161",
  "format": "[Gen 9 Champions] VGC 2026 Reg M-A",
  "players": [
    "Bendomexo100",
    "PyriteSkies"
  ],
  "log": "|j|\u2606Bendomexo100\n|j|\u2606PyriteSkies\n|t:|1776526266\n|gametype|doubles\n|player|p1|Bendomexo100|169|1058\n|player|p2|PyriteSkies|102|1030\n|gen|9\n|tier|[Gen 9 Champions] VGC 2026 Reg M-A\n|rated|\n|rule|Species Clause: Limit one of each Pok\u00e9mon\n|rule|Item Clause: Limit 1 of each item\n|clearpoke\n|poke|p1|Sableye, L50, M|\n|poke|p1|Sinistcha, L50|\n|poke|p1|Milotic, L50, M|\n|poke|p1|Meganium, L50, F|\n|poke|p1|Archaludon, L50, F|\n|poke|p1|Leafeon, L50, M|\n|poke|p2|Banette, L50, M|\n|poke|p2|Ninetales-Alola, L50, F|\n|poke|p2|Aerodactyl, L50, M|\n|poke|p2|Archaludon, L50, M|\n|poke|p2|Incineroar, L50, F|\n|poke|p2|Maushold-Four, L50|\n|teampreview|4\n|\n|t:|1776526292\n|teamsize|p1|4\n|teamsize|p2|4\n|start\n|switch|p1a: Sableye|Sableye, L50, M|100/100\n|switch|p1b: Meganium|Meganium, L50, F|100/100\n|switch|p2a: Banette|Banette, L50, M|100/100\n|switch|p2b: Ninetales|Ninetales-Alola, L50, F|100/100\n|-weather|Snowscape|[from] ability: Snow Warning|[of] p2b: Ninetales\n|turn|1\n|\n|t:|1776526305\n|detailschange|p2a: Banette|Banette-Mega, L50, M\n|-mega|p2a: Banette|Banette|Banettite\n|detailschange|p1b: Meganium|Meganium-Mega, L50, F\n|-mega|p1b: Meganium|Meganium|Meganiumite\n|move|p1b: Meganium|Protect|p1b: Meganium\n|-singleturn|p1b: Meganium|Protect\n|move|p2a: Banette|Swords Dance|p2a: Banette\n|-boost|p2a: Banette|atk|2\n|move|p1a: Sableye|Rain Dance|p1a: Sableye\n|-weather|RainDance\n|move|p2b: Ninetales|Dazzling Gleam|p1a: Sableye|[spread] p1a\n|-activate|p1b: Meganium|move: Protect\n|-supereffective|p1a: Sableye|1\n|-damage|p1a: Sableye|46/100\n|\n|-weather|RainDance|[upkeep]\n|upkeep\n|turn|2\n|\n|t:|1776526327\n|move|p1a: Sableye|Reflect|p1a: Sableye\n|-sidestart|p1: Bendomexo100|Reflect\n|move|p2b: Ninetales|Icy Wind|p1a: Sableye|[spread] p1a,p1b\n|-supereffective|p1b: Meganium|1\n|-damage|p1a: Sableye|27/100\n|-damage|p1b: Meganium|75/100\n|-unboost|p1a: Sableye|spe|1\n|-unboost|p1b: Meganium|spe|1\n|move|p2a: Banette|Poltergeist|p1b: Meganium\n|-activate|p1b: Meganium|move: Poltergeist|Meganiumite\n|-damage|p1b: Meganium|2/100\n|move|p1b: Meganium|Weather Ball|p2b: Ninetales\n|-supereffective|p2b: Ninetales|1\n|-enditem|p2b: Ninetales|Focus Sash\n|-damage|p2b: Ninetales|1/100\n|\n|-weather|RainDance|[upkeep]\n|upkeep\n|turn|3\n|\n|t:|1776526349\n|switch|p1a: Sinistcha|Sinistcha, L50|100/100\n|-heal|p1b: Meganium|27/100|[from] ability: Hospitality|[of] p1a: Sinistcha\n|move|p1b: Meganium|Protect|p1b: Meganium\n|-singleturn|p1b: Meganium|Protect\n|move|p2a: Banette|Shadow Sneak|p1b: Meganium\n|-activate|p1b: Meganium|move: Protect\n|move|p2b: Ninetales|Icy Wind|p1b: Meganium|[spread] p1a\n|-activate|p1b: Meganium|move: Protect\n|-supereffective|p1a: Sinistcha|1\n|-damage|p1a: Sinistcha|60/100\n|-unboost|p1a: Sinistcha|spe|1\n|\n|-weather|RainDance|[upkeep]\n|upkeep\n|turn|4\n|\n|t:|1776526387\n|move|p1a: Sinistcha|Rage Powder|p1a: Sinistcha\n|-singleturn|p1a: Sinistcha|move: Rage Powder\n|move|p2a: Banette|Shadow Sneak|p1a: Sinistcha\n|-supereffective|p1a: Sinistcha|1\n|-damage|p1a: Sinistcha|10/100\n|-enditem|p1a: Sinistcha|Sitrus Berry|[eat]\n|-heal|p1a: Sinistcha|35/100|[from] item: Sitrus Berry\n|move|p2b: Ninetales|Icy Wind|p1a: Sinistcha|[spread] p1a,p1b\n|-supereffective|p1a: Sinistcha|1\n|-supereffective|p1b: Meganium|1\n|-damage|p1a: Sinistcha|0 fnt\n|-damage|p1b: Meganium|1/100\n|-unboost|p1b: Meganium|spe|1\n|faint|p1a: Sinistcha\n|move|p1b: Meganium|Weather Ball|p2b: Ninetales\n|-supereffective|p2b: Ninetales|1\n|-damage|p2b: Ninetales|0 fnt\n|faint|p2b: Ninetales\n|\n|-weather|RainDance|[upkeep]\n|upkeep\n|\n|t:|1776526405\n|switch|p2b: Aerodactyl|Aerodactyl, L50, M|100/100\n|switch|p1a: Archaludon|Archaludon, L50, F|100/100\n|-ability|p2b: Aerodactyl|Unnerve\n|turn|5\n|\n|t:|1776526433\n|move|p2a: Banette|Shadow Sneak|p1b: Meganium\n|-damage|p1b: Meganium|0 fnt\n|faint|p1b: Meganium\n|move|p2b: Aerodactyl|Tailwind|p2b: Aerodactyl\n|-sidestart|p2: PyriteSkies|move: Tailwind\n|move|p1a: Archaludon|Electro Shot||[still]\n|-prepare|p1a: Archaludon|Electro Shot\n|-boost|p1a: Archaludon|spa|1\n|-anim|p1a: Archaludon|Electro Shot|p2b: Aerodactyl\n|-supereffective|p2b: Aerodactyl|1\n|-damage|p2b: Aerodactyl|0 fnt\n|faint|p2b: Aerodactyl\n|\n|-weather|none\n|upkeep\n|\n|t:|1776526447\n|switch|p2b: Archaludon|Archaludon, L50, M|100/100\n|switch|p1b: Sableye|Sableye, L50, M|27/100\n|turn|6\n|\n|t:|1776526459\n|move|p2a: Banette|Poltergeist|p1a: Archaludon\n|-activate|p1a: Archaludon|move: Poltergeist|Chople Berry\n|-damage|p1a: Archaludon|35/100\n|-ability|p1a: Archaludon|Stamina|boost\n|-boost|p1a: Archaludon|def|1\n|move|p2b: Archaludon|Dragon Pulse|p1a: Archaludon\n|-damage|p1a: Archaludon|0 fnt\n|faint|p1a: Archaludon\n|move|p1b: Sableye|Foul Play|p2a: Banette\n|-supereffective|p2a: Banette|1\n|-damage|p2a: Banette|0 fnt\n|faint|p2a: Banette\n|\n|-sideend|p1: Bendomexo100|Reflect\n|upkeep\n|turn|7\n|-message|Bendomexo100 forfeited.\n|\n|win|PyriteSkies\n|raw|Bendomexo100's rating: 1058 &rarr; <strong>1038</strong><br />(-20 for losing)\n|raw|PyriteSkies's rating: 1030 &rarr; <strong>1068</strong><br />(+38 for winning)\n|l|\u2606Bendomexo100\n|player|p1|\n",
  "uploadtime": 1776526513,
  "views": 21,
  "formatid": "gen9championsvgc2026regma",
  "rating": 1038,
  "private": 0,
  "password": null
}