{
  "id": "gen9championsvgc2026regma-2584134987",
  "format": "[Gen 9 Champions] VGC 2026 Reg M-A",
  "players": [
    "Zardx42",
    "zifisha"
  ],
  "log": "|j|\u2606Zardx42\n|j|\u2606zifisha\n|t:|1776229093\n|gametype|doubles\n|player|p1|Zardx42|102|1479\n|player|p2|zifisha|170|1577\n|gen|9\n|tier|[Gen 9 Champions] VGC 2026 Reg M-A\n|rated|\n|rule|Species Clause: Limit one of each Pok\u00e9mon\n|rule|Item Clause: Limit 1 of each item\n|clearpoke\n|poke|p1|Aggron, L50, F|\n|poke|p1|Sneasler, L50, M|\n|poke|p1|Tyranitar, L50, F|\n|poke|p1|Sinistcha, L50|\n|poke|p1|Aerodactyl, L50, F|\n|poke|p1|Hydreigon, L50, M|\n|poke|p2|Delphox, L50, F|\n|poke|p2|Sneasler, L50, F|\n|poke|p2|Talonflame, L50, M|\n|poke|p2|Basculegion, L50, M|\n|poke|p2|Floette-Eternal, L50, F|\n|poke|p2|Kingambit, L50, F|\n|teampreview|4\n|j| Winieska Rambulera\n|\n|t:|1776229155\n|teamsize|p1|4\n|teamsize|p2|4\n|start\n|switch|p1a: Aggron|Aggron, L50, F|100/100\n|switch|p1b: Sneasler|Sneasler, L50, M|100/100\n|switch|p2a: Delphox|Delphox, L50, F, shiny|100/100\n|switch|p2b: Basculegion|Basculegion, L50, M, shiny|100/100\n|turn|1\n|inactive|Battle timer is ON: inactive players will automatically lose when time's up. (requested by Zardx42)\n|\n|t:|1776229190\n|detailschange|p1a: Aggron|Aggron-Mega, L50, F\n|-mega|p1a: Aggron|Aggron|Aggronite\n|move|p2a: Delphox|Protect|p2a: Delphox\n|-singleturn|p2a: Delphox|Protect\n|move|p1b: Sneasler|Fake Out|p2a: Delphox\n|-activate|p2a: Delphox|move: Protect\n|move|p2b: Basculegion|Wave Crash|p1b: Sneasler\n|-damage|p1b: Sneasler|0 fnt\n|faint|p1b: Sneasler\n|-damage|p2b: Basculegion|75/100|[from] Recoil\n|move|p1a: Aggron|Iron Defense|p1a: Aggron\n|-boost|p1a: Aggron|def|2\n|\n|upkeep\n|\n|t:|1776229209\n|switch|p1b: Sinistcha|Sinistcha, L50|100/100\n|turn|2\n|\n|t:|1776229219\n|switch|p2b: Talonflame|Talonflame, L50, M|100/100\n|detailschange|p2a: Delphox|Delphox-Mega, L50, F, shiny\n|-mega|p2a: Delphox|Delphox|Delphoxite\n|move|p2a: Delphox|Heat Wave|p1b: Sinistcha|[spread] p1a,p1b\n|-supereffective|p1a: Aggron|1\n|-supereffective|p1b: Sinistcha|1\n|-damage|p1a: Aggron|44/100\n|-damage|p1b: Sinistcha|19/100\n|move|p1a: Aggron|Body Press|p2a: Delphox\n|-resisted|p2a: Delphox|1\n|-damage|p2a: Delphox|40/100\n|move|p1b: Sinistcha|Trick Room|p1b: Sinistcha\n|-fieldstart|move: Trick Room|[of] p1b: Sinistcha\n|\n|upkeep\n|turn|3\n|inactive|Zardx42 has 30 seconds left.\n|inactive|zifisha has 30 seconds left.\n|\n|t:|1776229251\n|switch|p1b: Tyranitar|Tyranitar, L50, F|100/100\n|-weather|Sandstorm|[from] ability: Sand Stream|[of] p1b: Tyranitar\n|move|p2b: Talonflame|Protect|p2b: Talonflame\n|-singleturn|p2b: Talonflame|Protect\n|move|p2a: Delphox|Protect|p2a: Delphox\n|-singleturn|p2a: Delphox|Protect\n|move|p1a: Aggron|Body Press|p2a: Delphox\n|-activate|p2a: Delphox|move: Protect\n|\n|-weather|Sandstorm|[upkeep]\n|-damage|p2b: Talonflame|95/100|[from] Sandstorm\n|-damage|p2a: Delphox|34/100|[from] Sandstorm\n|upkeep\n|turn|4\n|\n|t:|1776229269\n|switch|p2a: Floette|Floette-Eternal, L50, F|100/100\n|move|p1a: Aggron|Body Press|p2a: Floette\n|-resisted|p2a: Floette|1\n|-damage|p2a: Floette|54/100\n|move|p1b: Tyranitar|Rock Slide|p2a: Floette|[spread] p2b\n|-miss|p1b: Tyranitar|p2a: Floette\n|-supereffective|p2b: Talonflame|2\n|-damage|p2b: Talonflame|0 fnt\n|faint|p2b: Talonflame\n|\n|-weather|Sandstorm|[upkeep]\n|-damage|p2a: Floette|48/100|[from] Sandstorm\n|upkeep\n|\n|t:|1776229290\n|switch|p2b: Delphox|Delphox-Mega, L50, F, shiny|34/100\n|turn|5\n|j| tsetse\n|\n|t:|1776229303\n|move|p2a: Floette|Protect|p2a: Floette\n|-singleturn|p2a: Floette|Protect\n|move|p2b: Delphox|Protect|p2b: Delphox\n|-singleturn|p2b: Delphox|Protect\n|move|p1a: Aggron|Heavy Slam|p2a: Floette\n|-activate|p2a: Floette|move: Protect\n|move|p1b: Tyranitar|Knock Off|p2b: Delphox\n|-activate|p2b: Delphox|move: Protect\n|\n|-weather|Sandstorm|[upkeep]\n|-damage|p2a: Floette|42/100|[from] Sandstorm\n|-damage|p2b: Delphox|29/100|[from] Sandstorm\n|upkeep\n|turn|6\n|l| tsetse\n|l| Winieska Rambulera\n|\n|t:|1776229325\n|switch|p2a: Basculegion|Basculegion, L50, M, shiny|75/100\n|move|p2b: Delphox|Protect|p2b: Delphox\n|-singleturn|p2b: Delphox|Protect\n|move|p1a: Aggron|Heavy Slam|p2a: Basculegion\n|-resisted|p2a: Basculegion|1\n|-damage|p2a: Basculegion|49/100\n|move|p1b: Tyranitar|Knock Off|p2b: Delphox\n|-activate|p2b: Delphox|move: Protect\n|\n|-weather|Sandstorm|[upkeep]\n|-damage|p2b: Delphox|23/100|[from] Sandstorm\n|-damage|p2a: Basculegion|43/100|[from] Sandstorm\n|-fieldend|move: Trick Room\n|upkeep\n|turn|7\n|inactive|Zardx42 has 30 seconds left.\n|j| Winieska Rambulera\n|inactive|Zardx42 has 20 seconds left.\n|\n|t:|1776229361\n|move|p1b: Tyranitar|Protect|p1b: Tyranitar\n|-singleturn|p1b: Tyranitar|Protect\n|move|p2a: Basculegion|Wave Crash|p1b: Tyranitar\n|-activate|p1b: Tyranitar|move: Protect\n|move|p2b: Delphox|Heat Wave|p1b: Tyranitar|[spread] p1a\n|-activate|p1b: Tyranitar|move: Protect\n|-supereffective|p1a: Aggron|1\n|-damage|p1a: Aggron|0 fnt\n|faint|p1a: Aggron\n|\n|-weather|none\n|upkeep\n|\n|t:|1776229369\n|switch|p1a: Sinistcha|Sinistcha, L50|19/100\n|turn|8\n|\n|t:|1776229380\n|switch|p2a: Floette|Floette-Eternal, L50, F|42/100\n|move|p1a: Sinistcha|Rage Powder|p1a: Sinistcha\n|-singleturn|p1a: Sinistcha|move: Rage Powder\n|move|p2b: Delphox|Heat Wave|p1a: Sinistcha|[spread] p1a\n|-miss|p2b: Delphox|p1b: Tyranitar\n|-supereffective|p1a: Sinistcha|1\n|-crit|p1a: Sinistcha\n|-damage|p1a: Sinistcha|0 fnt\n|faint|p1a: Sinistcha\n|move|p1b: Tyranitar|Knock Off|p2a: Floette\n|-resisted|p2a: Floette|1\n|-damage|p2a: Floette|19/100\n|\n|upkeep\n|turn|9\n|\n|t:|1776229393\n|move|p2b: Delphox|Heat Wave|p1b: Tyranitar\n|-resisted|p1b: Tyranitar|1\n|-damage|p1b: Tyranitar|76/100\n|move|p2a: Floette|Light of Ruin|p1b: Tyranitar\n|-supereffective|p1b: Tyranitar|1\n|-damage|p1b: Tyranitar|0 fnt\n|faint|p1b: Tyranitar\n|-damage|p2a: Floette|0 fnt|[from] Recoil\n|faint|p2a: Floette\n|\n|win|zifisha\n|raw|Zardx42's rating: 1479 &rarr; <strong>1464</strong><br />(-15 for losing)\n|raw|zifisha's rating: 1577 &rarr; <strong>1592</strong><br />(+15 for winning)\n|l|\u2606Zardx42\n|player|p1|\n|l|\u2606zifisha\n|player|p2|\n|j|\u2606zifisha\n|player|p2|zifisha|170|\n|l|\u2606zifisha\n|player|p2|\n",
  "uploadtime": 1776230108,
  "views": 60,
  "formatid": "gen9championsvgc2026regma",
  "rating": 1464,
  "private": 0,
  "password": null
}