{
  "id": "gen9championsvgc2026regma-2585935157",
  "format": "[Gen 9 Champions] VGC 2026 Reg M-A",
  "players": [
    "LUK21",
    "henitusec"
  ],
  "log": "|j|\u2606LUK21\n|j|\u2606henitusec\n|t:|1776382917\n|gametype|doubles\n|player|p1|LUK21|2|1044\n|player|p2|henitusec|volo|1141\n|gen|9\n|tier|[Gen 9 Champions] VGC 2026 Reg M-A\n|rated|\n|rule|Species Clause: Limit one of each Pok\u00e9mon\n|rule|Item Clause: Limit 1 of each item\n|clearpoke\n|poke|p1|Audino, L50, F|\n|poke|p1|Skeledirge, L50, M|\n|poke|p1|Corviknight, L50, M|\n|poke|p1|Ninetales-Alola, L50, F|\n|poke|p1|Sneasler, L50, M|\n|poke|p1|Garchomp, L50, F|\n|poke|p2|Gardevoir, L50, F|\n|poke|p2|Aegislash, L50, F|\n|poke|p2|Incineroar, L50, F|\n|poke|p2|Vivillon-Polar, L50, M|\n|poke|p2|Whimsicott, L50, M|\n|poke|p2|Tauros-Paldea-Aqua, L50, M|\n|teampreview|4\n|inactive|Battle timer is ON: inactive players will automatically lose when time's up. (requested by henitusec)\n|\n|t:|1776382930\n|teamsize|p1|4\n|teamsize|p2|4\n|start\n|switch|p1a: Corviknight|Corviknight, L50, M|100/100\n|switch|p1b: Ninetales|Ninetales-Alola, L50, F|100/100\n|switch|p2a: Whimsicott|Whimsicott, L50, M|100/100\n|switch|p2b: Gardevoir|Gardevoir, L50, F, shiny|100/100\n|-weather|Snowscape|[from] ability: Snow Warning|[of] p1b: Ninetales\n|-ability|p2b: Gardevoir|Mirror Armor|Trace|[from] ability: Trace|[of] p1a: Corviknight\n|turn|1\n|inactive|henitusec has 30 seconds left.\n|\n|t:|1776382958\n|detailschange|p2b: Gardevoir|Gardevoir-Mega, L50, F, shiny\n|-mega|p2b: Gardevoir|Gardevoir|Gardevoirite\n|move|p2a: Whimsicott|Tailwind|p2a: Whimsicott\n|-sidestart|p2: henitusec|move: Tailwind\n|move|p2b: Gardevoir|Hyper Voice|p1a: Corviknight|[spread] p1a,p1b\n|-resisted|p1a: Corviknight|1\n|-damage|p1a: Corviknight|80/100\n|-damage|p1b: Ninetales|53/100\n|move|p1b: Ninetales|Aurora Veil|p1b: Ninetales\n|-sidestart|p1: LUK21|move: Aurora Veil\n|move|p1a: Corviknight|Iron Head|p2b: Gardevoir\n|-supereffective|p2b: Gardevoir|1\n|-damage|p2b: Gardevoir|44/100\n|\n|-weather|Snowscape|[upkeep]\n|upkeep\n|turn|2\n|\n|t:|1776382973\n|move|p2a: Whimsicott|Encore|p1b: Ninetales\n|-start|p1b: Ninetales|Encore\n|move|p2b: Gardevoir|Destiny Bond|p2b: Gardevoir\n|-singlemove|p2b: Gardevoir|Destiny Bond\n|move|p1b: Ninetales|Aurora Veil||[still]\n|-fail|p1b: Ninetales\n|move|p1a: Corviknight|Iron Head|p2b: Gardevoir\n|-supereffective|p2b: Gardevoir|1\n|-damage|p2b: Gardevoir|0 fnt\n|faint|p2b: Gardevoir\n|-activate|p2b: Gardevoir|move: Destiny Bond\n|faint|p1a: Corviknight\n|\n|-weather|Snowscape|[upkeep]\n|upkeep\n|\n|t:|1776382992\n|switch|p2b: Tauros|Tauros-Paldea-Aqua, L50, M|100/100\n|switch|p1a: Skeledirge|Skeledirge, L50, M|100/100\n|-ability|p2b: Tauros|Intimidate|boost\n|-unboost|p1a: Skeledirge|atk|1\n|-unboost|p1b: Ninetales|atk|1\n|turn|3\n|\n|t:|1776383006\n|switch|p1b: Audino|Audino, L50, F|100/100\n|move|p2a: Whimsicott|Light Screen|p2a: Whimsicott\n|-sidestart|p2: henitusec|move: Light Screen\n|move|p2b: Tauros|Wave Crash|p1b: Audino\n|-damage|p1b: Audino|65/100\n|-damage|p2b: Tauros|87/100|[from] Recoil\n|move|p1a: Skeledirge|Will-O-Wisp|p2b: Tauros\n|-status|p2b: Tauros|brn\n|\n|-weather|Snowscape|[upkeep]\n|-damage|p2b: Tauros|81/100 brn|[from] brn\n|upkeep\n|turn|4\n|\n|t:|1776383024\n|move|p1b: Audino|Ally Switch|p1b: Audino\n|swap|p1b: Audino|0|[from] move: Ally Switch\n|move|p2a: Whimsicott|Encore|p1a: Audino\n|-start|p1a: Audino|Encore\n|move|p2b: Tauros|Wave Crash|p1a: Audino\n|-damage|p1a: Audino|48/100\n|-damage|p2b: Tauros|75/100 brn|[from] Recoil\n|move|p1b: Skeledirge|Torch Song|p2a: Whimsicott\n|-supereffective|p2a: Whimsicott|1\n|-crit|p2a: Whimsicott\n|-damage|p2a: Whimsicott|0 fnt\n|-boost|p1b: Skeledirge|spa|1\n|faint|p2a: Whimsicott\n|\n|-weather|Snowscape|[upkeep]\n|-damage|p2b: Tauros|68/100 brn|[from] brn\n|-sideend|p2: henitusec|move: Tailwind\n|upkeep\n|\n|t:|1776383034\n|switch|p2a: Aegislash|Aegislash, L50, F|100/100\n|turn|5\n|\n|t:|1776383052\n|switch|p1a: Ninetales|Ninetales-Alola, L50, F|53/100\n|move|p2b: Tauros|Wave Crash|p1a: Ninetales\n|-damage|p1a: Ninetales|33/100\n|-damage|p2b: Tauros|62/100 brn|[from] Recoil\n|-formechange|p2a: Aegislash|Aegislash-Blade|\n|move|p2a: Aegislash|Rock Slide|p1b: Skeledirge|[spread] p1a,p1b\n|-supereffective|p1a: Ninetales|1\n|-supereffective|p1b: Skeledirge|1\n|-damage|p1a: Ninetales|8/100\n|-damage|p1b: Skeledirge|80/100\n|move|p1b: Skeledirge|Hex|p2b: Tauros\n|-damage|p2b: Tauros|0 fnt\n|faint|p2b: Tauros\n|\n|-weather|none\n|-heal|p1b: Skeledirge|86/100|[from] item: Leftovers\n|-sideend|p1: LUK21|move: Aurora Veil\n|upkeep\n|turn|6\n|inactive|LUK21 has 30 seconds left.\n|inactive|LUK21 has 20 seconds left.\n|\n|t:|1776383090\n|move|p1a: Ninetales|Protect|p1a: Ninetales\n|-singleturn|p1a: Ninetales|Protect\n|move|p2a: Aegislash|Poltergeist|p1b: Skeledirge\n|-activate|p1b: Skeledirge|move: Poltergeist|Leftovers\n|-supereffective|p1b: Skeledirge|1\n|-damage|p1b: Skeledirge|0 fnt\n|faint|p1b: Skeledirge\n|\n|upkeep\n|\n|t:|1776383107\n|switch|p1b: Audino|Audino, L50, F|81/100\n|turn|7\n|-message|LUK21 forfeited.\n|\n|win|henitusec\n|raw|LUK21's rating: 1044 &rarr; <strong>1032</strong><br />(-12 for losing)\n|raw|henitusec's rating: 1141 &rarr; <strong>1159</strong><br />(+18 for winning)\n|l|\u2606LUK21\n|player|p1|\n",
  "uploadtime": 1776383113,
  "views": 14,
  "formatid": "gen9championsvgc2026regma",
  "rating": 1032,
  "private": 0,
  "password": null
}