{
  "id": "gen9championsvgc2026regma-2588544865",
  "format": "[Gen 9 Champions] VGC 2026 Reg M-A",
  "players": [
    "ian_yo",
    "Neutralzr"
  ],
  "log": "|j|\u2606ian_yo\n|j|\u2606Neutralzr\n|t:|1776643504\n|gametype|doubles\n|player|p1|ian_yo|skier|1188\n|player|p2|Neutralzr|lance|1280\n|gen|9\n|tier|[Gen 9 Champions] VGC 2026 Reg M-A\n|rated|\n|rule|Species Clause: Limit one of each Pok\u00e9mon\n|rule|Item Clause: Limit 1 of each item\n|clearpoke\n|poke|p1|Chandelure, L50, F, shiny|\n|poke|p1|Abomasnow, L50, M|\n|poke|p1|Sylveon, L50, F|\n|poke|p1|Arcanine-Hisui, L50, F|\n|poke|p1|Farigiraf, L50, F|\n|poke|p1|Vivillon-Fancy, L50, M|\n|poke|p2|Charizard, L50, M|\n|poke|p2|Sinistcha-Masterpiece, L50|\n|poke|p2|Tyranitar, L50, M, shiny|\n|poke|p2|Incineroar, L50, F|\n|poke|p2|Milotic, L50, F, shiny|\n|poke|p2|Sneasler, L50, M, shiny|\n|teampreview|4\n|inactive|Battle timer is ON: inactive players will automatically lose when time's up. (requested by ian_yo)\nian_yo rejected open team sheets.\n|j| kaody_jgk\n|inactive|Neutralzr has 60 seconds left.\n|inactive|Neutralzr has 30 seconds left.\n|inactive|Neutralzr has 20 seconds left.\n|\n|t:|1776643575\n|teamsize|p1|4\n|teamsize|p2|4\n|start\n|switch|p1a: Farigiraf|Farigiraf, L50, F|100/100\n|switch|p1b: Arcanine|Arcanine-Hisui, L50, F|100/100\n|switch|p2a: Tyranitar|Tyranitar, L50, M, shiny|100/100\n|switch|p2b: Sneasler|Sneasler, L50, M, shiny|100/100\n|-ability|p1b: Arcanine|Intimidate|boost\n|-unboost|p2a: Tyranitar|atk|1\n|-unboost|p2b: Sneasler|atk|1\n|-weather|Sandstorm|[from] ability: Sand Stream|[of] p2a: Tyranitar\n|-enditem|p2b: Sneasler|White Herb\n|-clearnegativeboost|p2b: Sneasler|[silent]\n|turn|1\n|inactive|Neutralzr has 30 seconds left.\n|inactive|Neutralzr has 20 seconds left.\n|inactive|Neutralzr has 15 seconds left.\n|inactive|Neutralzr has 10 seconds left.\n|\n|t:|1776643621\n|move|p2b: Sneasler|Coaching|p2a: Tyranitar\n|-boost|p2a: Tyranitar|atk|1\n|-boost|p2a: Tyranitar|def|1\n|move|p1b: Arcanine|Close Combat|p2a: Tyranitar\n|-supereffective|p2a: Tyranitar|2\n|-damage|p2a: Tyranitar|17/100\n|-unboost|p1b: Arcanine|def|1\n|-unboost|p1b: Arcanine|spd|1\n|move|p2a: Tyranitar|Rock Slide|p1b: Arcanine|[spread] p1a\n|-miss|p2a: Tyranitar|p1b: Arcanine\n|-damage|p1a: Farigiraf|71/100\n|move|p1a: Farigiraf|Trick Room|p1a: Farigiraf\n|-fieldstart|move: Trick Room|[of] p1a: Farigiraf\n|\n|-weather|Sandstorm|[upkeep]\n|-damage|p1a: Farigiraf|65/100|[from] Sandstorm\n|-damage|p2b: Sneasler|95/100|[from] Sandstorm\n|upkeep\n|turn|2\n|inactive|Neutralzr has 30 seconds left.\n|\n|t:|1776643648\n|switch|p1b: Abomasnow|Abomasnow, L50, M|100/100\n|-weather|Snowscape|[from] ability: Snow Warning|[of] p1b: Abomasnow\n|switch|p2b: Incineroar|Incineroar, L50, F|100/100\n|-ability|p2b: Incineroar|Intimidate|boost\n|-unboost|p1a: Farigiraf|atk|1\n|-unboost|p1b: Abomasnow|atk|1\n|move|p2a: Tyranitar|Protect|p2a: Tyranitar\n|-singleturn|p2a: Tyranitar|Protect\n|move|p1a: Farigiraf|Psychic|p2b: Incineroar\n|-immune|p2b: Incineroar\n|\n|-weather|Snowscape|[upkeep]\n|upkeep\n|turn|3\n|inactive|Neutralzr has 30 seconds left.\n|\n|t:|1776643677\n|switch|p2b: Sinistcha|Sinistcha-Masterpiece, L50|100/100\n|-heal|p2a: Tyranitar|42/100|[from] ability: Hospitality|[of] p2b: Sinistcha\n|detailschange|p1b: Abomasnow|Abomasnow-Mega, L50, M\n|-mega|p1b: Abomasnow|Abomasnow|Abomasite\n|detailschange|p2a: Tyranitar|Tyranitar-Mega, L50, M, shiny\n|-mega|p2a: Tyranitar|Tyranitar|Tyranitarite\n|-weather|Sandstorm|[from] ability: Sand Stream|[of] p2a: Tyranitar\n|move|p1b: Abomasnow|Blizzard|p2b: Sinistcha|[spread] p2a\n|-miss|p1b: Abomasnow|p2b: Sinistcha\n|-damage|p2a: Tyranitar|22/100\n|move|p1a: Farigiraf|Hyper Voice|p2a: Tyranitar|[spread] p2a\n|-immune|p2b: Sinistcha\n|-resisted|p2a: Tyranitar|1\n|-damage|p2a: Tyranitar|14/100\n|move|p2a: Tyranitar|Rock Slide|p1a: Farigiraf|[spread] p1a,p1b\n|-supereffective|p1b: Abomasnow|1\n|-damage|p1a: Farigiraf|26/100\n|-damage|p1b: Abomasnow|42/100\n|-enditem|p1a: Farigiraf|Sitrus Berry|[eat]\n|-heal|p1a: Farigiraf|51/100|[from] item: Sitrus Berry\n|\n|-weather|Sandstorm|[upkeep]\n|-damage|p1b: Abomasnow|36/100|[from] Sandstorm\n|-damage|p1a: Farigiraf|45/100|[from] Sandstorm\n|-damage|p2b: Sinistcha|94/100|[from] Sandstorm\n|upkeep\n|turn|4\n|inactive|Neutralzr has 30 seconds left.\n|inactive|ian_yo has 30 seconds left.\n|\n|t:|1776643711\n|move|p1a: Farigiraf|Helping Hand|p1b: Abomasnow\n|-singleturn|p1b: Abomasnow|Helping Hand|[of] p1a: Farigiraf\n|move|p2a: Tyranitar|Protect|p2a: Tyranitar\n|-singleturn|p2a: Tyranitar|Protect\n|move|p1b: Abomasnow|Blizzard|p2b: Sinistcha|[spread] \n|-activate|p2a: Tyranitar|move: Protect\n|-miss|p1b: Abomasnow|p2b: Sinistcha\n|move|p2b: Sinistcha|Life Dew|p2b: Sinistcha|[spread] p2a,p2b\n|-heal|p2a: Tyranitar|39/100\n|-heal|p2b: Sinistcha|100/100\n|\n|-weather|Sandstorm|[upkeep]\n|-damage|p1b: Abomasnow|29/100|[from] Sandstorm\n|-damage|p1a: Farigiraf|39/100|[from] Sandstorm\n|-damage|p2b: Sinistcha|94/100|[from] Sandstorm\n|upkeep\n|turn|5\n|\n|t:|1776643734\n|switch|p2b: Incineroar|Incineroar, L50, F|100/100\n|-ability|p2b: Incineroar|Intimidate|boost\n|-unboost|p1a: Farigiraf|atk|1\n|-unboost|p1b: Abomasnow|atk|1\n|move|p1a: Farigiraf|Helping Hand|p1b: Abomasnow\n|-singleturn|p1b: Abomasnow|Helping Hand|[of] p1a: Farigiraf\n|move|p1b: Abomasnow|Blizzard|p2a: Tyranitar|[spread] p2a,p2b\n|-resisted|p2b: Incineroar|1\n|-damage|p2a: Tyranitar|8/100\n|-damage|p2b: Incineroar|70/100\n|move|p2a: Tyranitar|Rock Slide|p1b: Abomasnow|[spread] p1b\n|-miss|p2a: Tyranitar|p1a: Farigiraf\n|-supereffective|p1b: Abomasnow|1\n|-damage|p1b: Abomasnow|0 fnt\n|faint|p1b: Abomasnow\n|\n|-weather|Sandstorm|[upkeep]\n|-damage|p1a: Farigiraf|33/100|[from] Sandstorm\n|-damage|p2b: Incineroar|64/100|[from] Sandstorm\n|-fieldend|move: Trick Room\n|upkeep\n|\n|t:|1776643746\n|switch|p1b: Arcanine|Arcanine-Hisui, L50, F|100/100\n|-ability|p1b: Arcanine|Intimidate|boost\n|-unboost|p2a: Tyranitar|atk|1\n|-unboost|p2b: Incineroar|atk|1\n|turn|6\n|\n|t:|1776643761\n|move|p2a: Tyranitar|Protect|p2a: Tyranitar\n|-singleturn|p2a: Tyranitar|Protect\n|move|p1b: Arcanine|Rock Slide|p2a: Tyranitar|[spread] p2b\n|-activate|p2a: Tyranitar|move: Protect\n|-supereffective|p2b: Incineroar|1\n|-damage|p2b: Incineroar|13/100\n|move|p2b: Incineroar|Parting Shot|p1b: Arcanine\n|-unboost|p1b: Arcanine|atk|1\n|-unboost|p1b: Arcanine|spa|1\n|\n|t:|1776643771\n|switch|p2b: Sinistcha|Sinistcha-Masterpiece, L50|94/100|[from] Parting Shot\n|-heal|p2a: Tyranitar|32/100|[from] ability: Hospitality|[of] p2b: Sinistcha\n|move|p1a: Farigiraf|Trick Room|p1a: Farigiraf\n|-fieldstart|move: Trick Room|[of] p1a: Farigiraf\n|\n|-weather|Sandstorm|[upkeep]\n|-damage|p1a: Farigiraf|26/100|[from] Sandstorm\n|-damage|p2b: Sinistcha|88/100|[from] Sandstorm\n|upkeep\n|turn|7\n|\n|t:|1776643786\n|switch|p1b: Sylveon|Sylveon, L50, F|100/100\n|move|p2b: Sinistcha|Rage Powder|p2b: Sinistcha\n|-singleturn|p2b: Sinistcha|move: Rage Powder\n|move|p1a: Farigiraf|Psychic|p2b: Sinistcha\n|-damage|p2b: Sinistcha|39/100\n|-enditem|p2b: Sinistcha|Sitrus Berry|[eat]\n|-heal|p2b: Sinistcha|64/100|[from] item: Sitrus Berry\n|move|p2a: Tyranitar|Rock Slide|p1b: Sylveon|[spread] p1a,p1b\n|-damage|p1a: Farigiraf|0 fnt\n|-damage|p1b: Sylveon|69/100\n|faint|p1a: Farigiraf\n|\n|-weather|none\n|upkeep\n|\n|t:|1776643788\n|switch|p1a: Arcanine|Arcanine-Hisui, L50, F|100/100\n|-ability|p1a: Arcanine|Intimidate|boost\n|-unboost|p2a: Tyranitar|atk|1\n|-unboost|p2b: Sinistcha|atk|1\n|turn|8\n|inactive|Neutralzr has 30 seconds left.\n|inactive|Neutralzr has 20 seconds left.\n|inactive|Neutralzr has 15 seconds left.\n|\n|t:|1776643828\n|switch|p2b: Incineroar|Incineroar, L50, F|13/100\n|-ability|p2b: Incineroar|Intimidate|boost\n|-unboost|p1a: Arcanine|atk|1\n|-unboost|p1b: Sylveon|atk|1\n|move|p2a: Tyranitar|Protect|p2a: Tyranitar\n|-singleturn|p2a: Tyranitar|Protect\n|move|p1b: Sylveon|Hyper Voice|p2b: Incineroar|[spread] p2b\n|-activate|p2a: Tyranitar|move: Protect\n|-damage|p2b: Incineroar|0 fnt\n|faint|p2b: Incineroar\n|move|p1a: Arcanine|Rock Slide|p2a: Tyranitar\n|-activate|p2a: Tyranitar|move: Protect\n|\n|upkeep\n|\n|t:|1776643844\n|switch|p2b: Sneasler|Sneasler, L50, M, shiny|95/100\n|turn|9\n|\n|t:|1776643858\n|move|p2b: Sneasler|Fake Out|p1b: Sylveon\n|-damage|p1b: Sylveon|52/100\n|cant|p1b: Sylveon|flinch\n|move|p2a: Tyranitar|Rock Slide|p1b: Sylveon|[spread] p1a,p1b\n|-supereffective|p1a: Arcanine|1\n|-damage|p1a: Arcanine|60/100\n|-damage|p1b: Sylveon|30/100\n|move|p1a: Arcanine|Rock Slide|p2b: Sneasler|[spread] p2a,p2b\n|-resisted|p2b: Sneasler|1\n|-damage|p2a: Tyranitar|25/100\n|-damage|p2b: Sneasler|79/100\n|\n|upkeep\n|turn|10\n|\n|t:|1776643876\n|switch|p2b: Sinistcha|Sinistcha-Masterpiece, L50|64/100\n|-heal|p2a: Tyranitar|49/100|[from] ability: Hospitality|[of] p2b: Sinistcha\n|move|p2a: Tyranitar|Protect|p2a: Tyranitar\n|-singleturn|p2a: Tyranitar|Protect\n|move|p1b: Sylveon|Hyper Voice|p2a: Tyranitar|[spread] p2b\n|-activate|p2a: Tyranitar|move: Protect\n|-crit|p2b: Sinistcha\n|-damage|p2b: Sinistcha|0 fnt\n|faint|p2b: Sinistcha\n|move|p1a: Arcanine|Rock Slide|p2a: Tyranitar\n|-activate|p2a: Tyranitar|move: Protect\n|\n|-fieldend|move: Trick Room\n|upkeep\n|\n|t:|1776643892\n|switch|p2b: Sneasler|Sneasler, L50, M, shiny|79/100\n|turn|11\n|inactive|Neutralzr has 30 seconds left.\n|inactive|Neutralzr has 20 seconds left.\n|inactive|Neutralzr has 15 seconds left.\n|inactive|Neutralzr has 10 seconds left.\n|\n|t:|1776643939\n|move|p1b: Sylveon|Protect|p1b: Sylveon\n|-singleturn|p1b: Sylveon|Protect\n|move|p1a: Arcanine|Rock Slide|p2b: Sneasler|[spread] p2a,p2b\n|-resisted|p2b: Sneasler|1\n|-damage|p2a: Tyranitar|42/100\n|-damage|p2b: Sneasler|65/100\n|move|p2b: Sneasler|Dire Claw|p1b: Sylveon\n|-activate|p1b: Sylveon|move: Protect\n|move|p2a: Tyranitar|Rock Slide|p1b: Sylveon|[spread] p1a\n|-activate|p1b: Sylveon|move: Protect\n|-supereffective|p1a: Arcanine|1\n|-damage|p1a: Arcanine|13/100\n|\n|upkeep\n|turn|12\n|\n|t:|1776643963\n|move|p1a: Arcanine|Rock Slide|p2b: Sneasler|[spread] p2a,p2b\n|-resisted|p2b: Sneasler|1\n|-damage|p2a: Tyranitar|34/100\n|-damage|p2b: Sneasler|50/100\n|cant|p2b: Sneasler|flinch\n|move|p2a: Tyranitar|Low Kick|p1a: Arcanine\n|-supereffective|p1a: Arcanine|1\n|-damage|p1a: Arcanine|0 fnt\n|faint|p1a: Arcanine\n|move|p1b: Sylveon|Hyper Voice|p2a: Tyranitar|[spread] p2a,p2b\n|-supereffective|p2a: Tyranitar|1\n|-damage|p2a: Tyranitar|0 fnt\n|-damage|p2b: Sneasler|0 fnt\n|faint|p2a: Tyranitar\n|faint|p2b: Sneasler\n|\n|win|ian_yo\n|raw|ian_yo's rating: 1188 &rarr; <strong>1219</strong><br />(+31 for winning)\n|raw|Neutralzr's rating: 1280 &rarr; <strong>1249</strong><br />(-31 for losing)\n|l| kaody_jgk\n|c|\u2606Neutralzr|Ah of course\n",
  "uploadtime": 1776643994,
  "views": 15,
  "formatid": "gen9championsvgc2026regma",
  "rating": 1219,
  "private": 0,
  "password": null
}