{
  "id": "gen9championsvgc2026regma-2582673436",
  "format": "[Gen 9 Champions] VGC 2026 Reg M-A",
  "players": [
    "Code Spaz",
    "L_Yami_H"
  ],
  "log": "|j|\u2606Code Spaz\n|j|\u2606L_Yami_H\n|t:|1776106417\n|gametype|doubles\n|player|p1|Code Spaz|169|1085\n|player|p2|L_Yami_H|ghetsis|1149\n|gen|9\n|tier|[Gen 9 Champions] VGC 2026 Reg M-A\n|rated|\n|rule|Species Clause: Limit one of each Pok\u00e9mon\n|rule|Item Clause: Limit 1 of each item\n|clearpoke\n|poke|p1|Archaludon, L50, F|\n|poke|p1|Politoed, L50, F|\n|poke|p1|Sneasler, L50, M|\n|poke|p1|Raichu, L50, M|\n|poke|p1|Absol, L50, M|\n|poke|p1|Talonflame, L50, F|\n|poke|p2|Sableye, L50, M|\n|poke|p2|Victreebel, L50, F|\n|poke|p2|Farigiraf, L50, M|\n|poke|p2|Araquanid, L50, F|\n|poke|p2|Arcanine, L50, M|\n|poke|p2|Raichu, L50, M|\n|teampreview|4\n|inactive|Battle timer is ON: inactive players will automatically lose when time's up. (requested by Code Spaz)\nL_Yami_H rejected open team sheets.\n|inactive|Code Spaz has 60 seconds left.\n|\n|t:|1776106464\n|teamsize|p1|4\n|teamsize|p2|4\n|start\n|switch|p1a: Sneasler|Sneasler, L50, M|100/100\n|switch|p1b: Absol|Absol, L50, M|100/100\n|switch|p2a: Pippins|Raichu, L50, M|100/100\n|switch|p2b: Baret|Victreebel, L50, F, shiny|100/100\n|turn|1\n|inactive|Code Spaz has 30 seconds left.\n|\n|t:|1776106498\n|switch|p2a: J.H|Farigiraf, L50, M|100/100\n|detailschange|p2b: Baret|Victreebel-Mega, L50, F, shiny\n|-mega|p2b: Baret|Victreebel|Victreebelite\n|move|p1a: Sneasler|Fake Out||[still]\n|cant|p2a: J.H|ability: Armor Tail|Fake Out|[of] p1a: Sneasler\n|move|p1b: Absol|Psycho Cut|p2b: Baret\n|-supereffective|p2b: Baret|1\n|-crit|p2b: Baret\n|-damage|p2b: Baret|11/100\n|move|p2b: Baret|Strength Sap|p1b: Absol\n|-unboost|p1b: Absol|atk|1\n|-heal|p2b: Baret|100/100\n|\n|upkeep\n|turn|2\n|inactive|Code Spaz has 30 seconds left.\n|inactive|L_Yami_H has 30 seconds left.\n|\n|t:|1776106526\n|switch|p1b: Raichu|Raichu, L50, M|100/100\n|move|p2a: J.H|Protect|p2a: J.H\n|-singleturn|p2a: J.H|Protect\n|move|p1a: Sneasler|Taunt|p2a: J.H\n|-activate|p2a: J.H|move: Protect\n|move|p2b: Baret|Sludge Bomb|p1b: Raichu\n|-damage|p1b: Raichu|22/100\n|\n|upkeep\n|turn|3\n|inactive|Code Spaz has 30 seconds left.\n|\n|t:|1776106553\n|move|p1b: Raichu|Encore|p2a: J.H\n|-start|p2a: J.H|Encore\n|move|p2a: J.H|Protect||[still]\n|-fail|p2a: J.H\n|move|p1a: Sneasler|Dire Claw|p2b: Baret\n|-damage|p2b: Baret|53/100\n|-status|p2b: Baret|slp\n|cant|p2b: Baret|slp\n|\n|upkeep\n|turn|4\n|c|\u2606L_Yami_H|So lucky\n|inactive|Code Spaz has 30 seconds left.\n|\n|t:|1776106582\n|switch|p1b: Absol|Absol, L50, M|100/100\n|switch|p2b: Pippins|Raichu, L50, M|100/100\n|switch|p2a: Gabu|Arcanine, L50, M|100/100\n|-ability|p2a: Gabu|Intimidate|boost\n|-unboost|p1a: Sneasler|atk|1\n|-unboost|p1b: Absol|atk|1\n|-enditem|p1a: Sneasler|White Herb\n|-clearnegativeboost|p1a: Sneasler|[silent]\n|move|p1a: Sneasler|Close Combat|p2a: Gabu\n|-crit|p2a: Gabu\n|-damage|p2a: Gabu|9/100\n|-unboost|p1a: Sneasler|def|1\n|-unboost|p1a: Sneasler|spd|1\n|-enditem|p2a: Gabu|Sitrus Berry|[eat]\n|-heal|p2a: Gabu|34/100|[from] item: Sitrus Berry\n|\n|upkeep\n|turn|5\n|inactive|Code Spaz has 30 seconds left.\n|\n|t:|1776106617\n|move|p1b: Absol|Protect|p1b: Absol\n|-singleturn|p1b: Absol|Protect\n|move|p2b: Pippins|Fake Out|p1a: Sneasler\n|-damage|p1a: Sneasler|79/100\n|cant|p1a: Sneasler|flinch\n|move|p2a: Gabu|Will-O-Wisp|p1a: Sneasler\n|-status|p1a: Sneasler|brn\n|\n|-damage|p1a: Sneasler|74/100 brn|[from] brn\n|upkeep\n|turn|6\n|inactive|Code Spaz has 30 seconds left.\n|\n|t:|1776106652\n|switch|p1b: Raichu|Raichu, L50, M|22/100\n|move|p1a: Sneasler|Close Combat|p2a: Gabu\n|-damage|p2a: Gabu|7/100\n|-unboost|p1a: Sneasler|def|1\n|-unboost|p1a: Sneasler|spd|1\n|move|p2b: Pippins|Nuzzle|p1b: Raichu\n|-ability|p1b: Raichu|Lightning Rod|boost\n|-boost|p1b: Raichu|spa|1\n|move|p2a: Gabu|Morning Sun|p2a: Gabu\n|-heal|p2a: Gabu|56/100\n|\n|-damage|p1a: Sneasler|68/100 brn|[from] brn\n|upkeep\n|turn|7\n|inactive|Code Spaz has 30 seconds left.\n|\n|t:|1776106685\n|switch|p1a: Absol|Absol, L50, M|100/100\n|switch|p2b: Baret|Victreebel-Mega, L50, F, shiny|53/100 slp\n|move|p1b: Raichu|Encore|p2a: Gabu\n|-start|p2a: Gabu|Encore\n|move|p2a: Gabu|Morning Sun|p2a: Gabu\n|-heal|p2a: Gabu|100/100\n|\n|upkeep\n|turn|8\n|inactive|Code Spaz has 30 seconds left.\n|inactive|Code Spaz has 20 seconds left.\n|inactive|Code Spaz has 15 seconds left.\n|\n|t:|1776106730\n|switch|p1b: Talonflame|Talonflame, L50, F|100/100\n|switch|p2a: Pippins|Raichu, L50, M|100/100\n|move|p1a: Absol|Psycho Cut|p2b: Baret\n|-supereffective|p2b: Baret|1\n|-crit|p2b: Baret\n|-damage|p2b: Baret|0 fnt\n|-damage|p1a: Absol|33/100|[from] ability: Innards Out|[of] p2b: Baret\n|faint|p2b: Baret\n|\n|upkeep\n|\n|t:|1776106739\n|switch|p2b: Gabu|Arcanine, L50, M|100/100\n|-ability|p2b: Gabu|Intimidate|boost\n|-unboost|p1a: Absol|atk|1\n|-unboost|p1b: Talonflame|atk|1\n|turn|9\n|inactive|Code Spaz has 30 seconds left.\n|\n|t:|1776106765\n|switch|p1b: Raichu|Raichu, L50, M|22/100\n|switch|p1a: Sneasler|Sneasler, L50, M|68/100 brn\n|move|p2a: Pippins|Fake Out|p1b: Raichu\n|-damage|p1b: Raichu|6/100\n|move|p2b: Gabu|Heat Wave|p1a: Sneasler|[spread] p1a,p1b\n|-damage|p1a: Sneasler|34/100 brn\n|-damage|p1b: Raichu|0 fnt\n|faint|p1b: Raichu\n|\n|-damage|p1a: Sneasler|28/100 brn|[from] brn\n|upkeep\n|\n|t:|1776106782\n|switch|p1b: Talonflame|Talonflame, L50, F|100/100\n|turn|10\n|\n|t:|1776106795\n|switch|p2b: J.H|Farigiraf, L50, M|100/100\n|move|p1a: Sneasler|Fake Out||[still]\n|cant|p2b: J.H|ability: Armor Tail|Fake Out|[of] p1a: Sneasler\n|move|p1b: Talonflame|Tailwind|p1b: Talonflame\n|-sidestart|p1: Code Spaz|move: Tailwind\n|move|p2a: Pippins|Volt Switch|p1a: Sneasler\n|-damage|p1a: Sneasler|0 fnt\n|faint|p1a: Sneasler\n|\n|t:|1776106804\n|switch|p2a: Gabu|Arcanine, L50, M|100/100|[from] Volt Switch\n|-ability|p2a: Gabu|Intimidate|boost\n|-unboost|p1b: Talonflame|atk|1\n|\n|upkeep\n|\n|t:|1776106810\n|switch|p1a: Absol|Absol, L50, M|33/100\n|turn|11\n|\n|t:|1776106834\n|move|p2b: J.H|Protect|p2b: J.H\n|-singleturn|p2b: J.H|Protect\n|move|p1b: Talonflame|Taunt|p2b: J.H\n|-activate|p2b: J.H|move: Protect\n|move|p1a: Absol|Night Slash|p2b: J.H\n|-activate|p2b: J.H|move: Protect\n|move|p2a: Gabu|Heat Wave|p1a: Absol|[spread] p1a,p1b\n|-resisted|p1b: Talonflame|1\n|-damage|p1a: Absol|0 fnt\n|-damage|p1b: Talonflame|81/100\n|faint|p1a: Absol\n|\n|upkeep\n|turn|12\n|-message|Code Spaz forfeited.\n|\n|win|L_Yami_H\n|raw|Code Spaz's rating: 1085 &rarr; <strong>1066</strong><br />(-19 for losing)\n|raw|L_Yami_H's rating: 1149 &rarr; <strong>1169</strong><br />(+20 for winning)\n|l|\u2606Code Spaz\n|player|p1|\n",
  "uploadtime": 1776106849,
  "views": 12,
  "formatid": "gen9championsvgc2026regma",
  "rating": 1066,
  "private": 0,
  "password": null
}