{
  "id": "gen9championsvgc2026regma-2581723486",
  "format": "[Gen 9 Champions] VGC 2026 Reg M-A",
  "players": [
    "Azure Resolution",
    "canela_kuklcan"
  ],
  "log": "|j|\u2606Azure Resolution\n|j|\u2606canela_kuklcan\n|t:|1776023495\n|gametype|doubles\n|player|p1|Azure Resolution|gentleman-gen4dp|1187\n|player|p2|canela_kuklcan|red|1146\n|gen|9\n|tier|[Gen 9 Champions] VGC 2026 Reg M-A\n|rated|\n|rule|Species Clause: Limit one of each Pok\u00e9mon\n|rule|Item Clause: Limit 1 of each item\n|clearpoke\n|poke|p1|Altaria, L50, F|\n|poke|p1|Whimsicott, L50, F|\n|poke|p1|Gardevoir, L50, F|\n|poke|p1|Kingambit, L50, F|\n|poke|p1|Basculegion, L50, M|\n|poke|p1|Rotom-Heat, L50|\n|poke|p2|Dragonite, L50, M|\n|poke|p2|Pelipper, L50, F|\n|poke|p2|Basculegion, L50, M|\n|poke|p2|Sneasler, L50, F|\n|poke|p2|Scizor, L50, F|\n|poke|p2|Incineroar, L50, F|\n|teampreview|4\n|j| 13737rg\nAzure Resolution has agreed to open team sheets.\n|l| 13737rg\n|inactive|Battle timer is ON: inactive players will automatically lose when time's up. (requested by Azure Resolution)\n|\n|t:|1776023535\n|teamsize|p1|4\n|teamsize|p2|4\n|start\n|switch|p1a: Silly Goose|Altaria, L50, F|100/100\n|switch|p1b: Kingambit|Kingambit, L50, F|100/100\n|switch|p2a: Pelipper|Pelipper, L50, F|100/100\n|switch|p2b: Basculegion|Basculegion, L50, M|100/100\n|-weather|RainDance|[from] ability: Drizzle|[of] p2a: Pelipper\n|-ability|p1a: Silly Goose|Cloud Nine\n|turn|1\n|inactiveoff|Battle timer is now OFF.\n|\n|t:|1776023556\n|switch|p2b: Sneasler|Sneasler, L50, F|100/100\n|move|p1b: Kingambit|Sucker Punch||[still]\n|-fail|p1b: Kingambit\n|move|p2a: Pelipper|Tailwind|p2a: Pelipper\n|-sidestart|p2: canela_kuklcan|move: Tailwind\n|move|p1a: Silly Goose|Tailwind|p1a: Silly Goose\n|-sidestart|p1: Azure Resolution|move: Tailwind\n|\n|-weather|RainDance|[upkeep]\n|upkeep\n|turn|2\n|\n|t:|1776023599\n|switch|p1b: Basculegion|Basculegion, L50, M|100/100\n|move|p1a: Silly Goose|Protect|p1a: Silly Goose\n|-singleturn|p1a: Silly Goose|Protect\n|move|p2b: Sneasler|Close Combat|p1b: Basculegion\n|-immune|p1b: Basculegion\n|move|p2a: Pelipper|Hurricane|p1a: Silly Goose\n|-activate|p1a: Silly Goose|move: Protect\n|\n|-weather|RainDance|[upkeep]\n|upkeep\n|turn|3\n|\n|t:|1776023625\n|move|p1b: Basculegion|Psychic Fangs|p2b: Sneasler\n|-supereffective|p2b: Sneasler|2\n|-damage|p2b: Sneasler|0 fnt\n|faint|p2b: Sneasler\n|move|p2a: Pelipper|Hurricane|p1b: Basculegion|[miss]\n|-miss|p2a: Pelipper|p1b: Basculegion\n|move|p1a: Silly Goose|Breaking Swipe|p2a: Pelipper\n|-damage|p2a: Pelipper|80/100\n|-unboost|p2a: Pelipper|atk|1\n|\n|-weather|RainDance|[upkeep]\n|upkeep\n|\n|t:|1776023639\n|switch|p2b: Basculegion|Basculegion, L50, M|100/100\n|turn|4\n|\n|t:|1776023653\n|switch|p1b: Kingambit|Kingambit, L50, F|100/100\n|switch|p2a: Scizor|Scizor, L50, F|100/100\n|move|p1a: Silly Goose|Protect|p1a: Silly Goose\n|-singleturn|p1a: Silly Goose|Protect\n|move|p2b: Basculegion|Last Respects|p1b: Kingambit\n|-resisted|p1b: Kingambit|1\n|-damage|p1b: Kingambit|85/100\n|\n|-weather|RainDance|[upkeep]\n|-sideend|p1: Azure Resolution|move: Tailwind\n|-sideend|p2: canela_kuklcan|move: Tailwind\n|upkeep\n|turn|5\n|\n|t:|1776023669\n|switch|p2b: Pelipper|Pelipper, L50, F|80/100\n|detailschange|p2a: Scizor|Scizor-Mega, L50, F\n|-mega|p2a: Scizor|Scizor|Scizorite\n|move|p1b: Kingambit|Sucker Punch||[still]\n|-fail|p1b: Kingambit\n|move|p2a: Scizor|Swords Dance|p2a: Scizor\n|-boost|p2a: Scizor|atk|2\n|move|p1a: Silly Goose|Tailwind|p1a: Silly Goose\n|-sidestart|p1: Azure Resolution|move: Tailwind\n|\n|-weather|none\n|upkeep\n|turn|6\n|\n|t:|1776023719\n|move|p1a: Silly Goose|Protect|p1a: Silly Goose\n|-singleturn|p1a: Silly Goose|Protect\n|move|p1b: Kingambit|Kowtow Cleave|p2b: Pelipper\n|-damage|p2b: Pelipper|18/100\n|move|p2b: Pelipper|Hurricane|p1a: Silly Goose\n|-activate|p1a: Silly Goose|move: Protect\n|move|p2a: Scizor|Bug Bite|p1b: Kingambit\n|-damage|p1b: Kingambit|7/100\n|-enditem|p1b: Kingambit|Sitrus Berry|[from] stealeat|[move] Bug Bite|[of] p2a: Scizor\n|\n|upkeep\n|turn|7\n|\n|t:|1776023758\n|move|p1b: Kingambit|Sucker Punch|p2a: Scizor\n|-damage|p2a: Scizor|64/100\n|move|p2a: Scizor|Bullet Punch|p1b: Kingambit\n|-resisted|p1b: Kingambit|1\n|-damage|p1b: Kingambit|0 fnt\n|faint|p1b: Kingambit\n|move|p1a: Silly Goose|Breaking Swipe|p2b: Pelipper|[spread] p2a,p2b\n|-resisted|p2a: Scizor|1\n|-damage|p2a: Scizor|58/100\n|-damage|p2b: Pelipper|3/100\n|-unboost|p2a: Scizor|atk|1\n|-unboost|p2b: Pelipper|atk|1\n|move|p2b: Pelipper|Tailwind|p2b: Pelipper\n|-sidestart|p2: canela_kuklcan|move: Tailwind\n|\n|upkeep\n|\n|t:|1776023793\n|switch|p1b: Gardevoir|Gardevoir, L50, F, shiny|100/100\n|-ability|p1b: Gardevoir|Drizzle|Trace|[from] ability: Trace|[of] p2b: Pelipper\n|-weather|RainDance|[from] ability: Drizzle|[of] p1b: Gardevoir\n|turn|8\n|\n|t:|1776023815\n|move|p1b: Gardevoir|Protect|p1b: Gardevoir\n|-singleturn|p1b: Gardevoir|Protect\n|move|p2a: Scizor|Bullet Punch|p1b: Gardevoir\n|-activate|p1b: Gardevoir|move: Protect\n|move|p2b: Pelipper|Hurricane|p1a: Silly Goose\n|-damage|p1a: Silly Goose|65/100\n|-start|p1a: Silly Goose|confusion\n|-activate|p1a: Silly Goose|confusion\n|-damage|p1a: Silly Goose|58/100|[from] confusion\n|\n|-weather|RainDance|[upkeep]\n|-heal|p1a: Silly Goose|64/100|[from] item: Leftovers\n|-sideend|p1: Azure Resolution|move: Tailwind\n|upkeep\n|turn|9\n|c|\u2606Azure Resolution|damn\n|c|\u2606canela_kuklcan|got confused twice last game, i feel u\n|c|\u2606Azure Resolution|yeah\n|c|\u2606Azure Resolution|hard spot\n|c|\u2606Azure Resolution|gimme\n|c|\u2606Azure Resolution|10sec\n|\n|t:|1776023907\n|switch|p1b: Basculegion|Basculegion, L50, M|100/100\n|-activate|p1a: Silly Goose|confusion\n|-damage|p1a: Silly Goose|56/100|[from] confusion\n|move|p2a: Scizor|Bullet Punch|p1b: Basculegion\n|-resisted|p1b: Basculegion|1\n|-damage|p1b: Basculegion|65/100\n|move|p2b: Pelipper|Hurricane|p1a: Silly Goose\n|-damage|p1a: Silly Goose|21/100\n|\n|-weather|RainDance|[upkeep]\n|-heal|p1a: Silly Goose|27/100|[from] item: Leftovers\n|upkeep\n|turn|10\n|\n|t:|1776023952\n|move|p2a: Scizor|Protect|p2a: Scizor\n|-singleturn|p2a: Scizor|Protect\n|move|p2b: Pelipper|Hurricane|p1a: Silly Goose|[miss]\n|-miss|p2b: Pelipper|p1a: Silly Goose\n|move|p1b: Basculegion|Wave Crash|p2a: Scizor\n|-activate|p2a: Scizor|move: Protect\n|-end|p1a: Silly Goose|confusion\n|move|p1a: Silly Goose|Breaking Swipe|p2b: Pelipper|[spread] p2b\n|-activate|p2a: Scizor|move: Protect\n|-crit|p2b: Pelipper\n|-damage|p2b: Pelipper|0 fnt\n|faint|p2b: Pelipper\n|\n|-weather|RainDance|[upkeep]\n|-heal|p1a: Silly Goose|33/100|[from] item: Leftovers\n|-sideend|p2: canela_kuklcan|move: Tailwind\n|upkeep\n|\n|t:|1776023967\n|switch|p2b: Basculegion|Basculegion, L50, M|100/100\n|turn|11\n|c|\u2606canela_kuklcan|speed tie?\n|c|\u2606Azure Resolution|is it skarf?\n|c|\u2606Azure Resolution|mine is\n|\n|t:|1776024016\n|move|p2a: Scizor|Bullet Punch|p1a: Silly Goose\n|-damage|p1a: Silly Goose|0 fnt\n|faint|p1a: Silly Goose\n|move|p2b: Basculegion|Last Respects|p1b: Basculegion\n|-supereffective|p1b: Basculegion|1\n|-crit|p1b: Basculegion\n|-damage|p1b: Basculegion|0 fnt\n|faint|p1b: Basculegion\n|\n|-weather|RainDance|[upkeep]\n|upkeep\n|c|\u2606Azure Resolution|gg\n|c|\u2606canela_kuklcan|ggs\n|\n|t:|1776024026\n|switch|p1b: Gardevoir|Gardevoir, L50, F, shiny|100/100\n|-ability|p1b: Gardevoir|Technician|Trace|[from] ability: Trace|[of] p2a: Scizor\n|turn|12\n|\n|t:|1776024035\n|detailschange|p1b: Gardevoir|Gardevoir-Mega, L50, F, shiny\n|-mega|p1b: Gardevoir|Gardevoir|Gardevoirite\n|move|p2b: Basculegion|Last Respects|p1b: Gardevoir\n|-supereffective|p1b: Gardevoir|1\n|-damage|p1b: Gardevoir|0 fnt\n|faint|p1b: Gardevoir\n|\n|win|canela_kuklcan\n|raw|Azure Resolution's rating: 1187 &rarr; <strong>1159</strong><br />(-28 for losing)\n|raw|canela_kuklcan's rating: 1146 &rarr; <strong>1174</strong><br />(+28 for winning)\n|c|\u2606Azure Resolution|unlucky\n|c|\u2606Azure Resolution|you played well\n|c|\u2606canela_kuklcan|yeah\n|c|\u2606canela_kuklcan|u2\n|c|\u2606Azure Resolution|congrats\n|c|\u2606Azure Resolution|ggs\n",
  "uploadtime": 1776024056,
  "views": 43,
  "formatid": "gen9championsvgc2026regma",
  "rating": 1159,
  "private": 0,
  "password": null
}