{
  "id": "gen9championsvgc2026regma-2583747739",
  "format": "[Gen 9 Champions] VGC 2026 Reg M-A",
  "players": [
    "austinrod30",
    "Deathku"
  ],
  "log": "|j|\u2606austinrod30\n|j|\u2606Deathku\n|t:|1776194984\n|gametype|doubles\n|player|p1|austinrod30|265|1064\n|player|p2|Deathku|170|1073\n|gen|9\n|tier|[Gen 9 Champions] VGC 2026 Reg M-A\n|rated|\n|rule|Species Clause: Limit one of each Pok\u00e9mon\n|rule|Item Clause: Limit 1 of each item\n|clearpoke\n|poke|p1|Politoed, L50, F|\n|poke|p1|Gengar, L50, M|\n|poke|p1|Incineroar, L50, M|\n|poke|p1|Palafin, L50, M|\n|poke|p1|Whimsicott, L50, F|\n|poke|p1|Kommo-o, L50, M|\n|poke|p2|Torterra, L50, F|\n|poke|p2|Farigiraf, L50, F|\n|poke|p2|Charizard, L50, F|\n|poke|p2|Reuniclus, L50, M|\n|poke|p2|Runerigus, L50, M|\n|poke|p2|Incineroar, L50, M|\n|teampreview|4\n|inactive|Battle timer is ON: inactive players will automatically lose when time's up. (requested by Deathku)\n|\n|t:|1776195014\n|teamsize|p1|4\n|teamsize|p2|4\n|start\n|switch|p1a: Incineroar|Incineroar, L50, M|100/100\n|switch|p1b: Gengar|Gengar, L50, M|100/100\n|switch|p2a: Charizard|Charizard, L50, F|100/100\n|switch|p2b: Torterra|Torterra, L50, F|100/100\n|-ability|p1a: Incineroar|Intimidate|boost\n|-unboost|p2a: Charizard|atk|1\n|-unboost|p2b: Torterra|atk|1\n|turn|1\n|\n|t:|1776195037\n|detailschange|p1b: Gengar|Gengar-Mega, L50, M\n|-mega|p1b: Gengar|Gengar|Gengarite\n|move|p2a: Charizard|Protect|p2a: Charizard\n|-singleturn|p2a: Charizard|Protect\n|move|p2b: Torterra|Protect|p2b: Torterra\n|-singleturn|p2b: Torterra|Protect\n|move|p1a: Incineroar|Fake Out|p2a: Charizard\n|-activate|p2a: Charizard|move: Protect\n|move|p1b: Gengar|Perish Song|p1b: Gengar\n|-start|p1a: Incineroar|perish3|[silent]\n|-start|p1b: Gengar|perish3|[silent]\n|-start|p2a: Charizard|perish3|[silent]\n|-start|p2b: Torterra|perish3|[silent]\n|-fieldactivate|move: Perish Song\n|\n|-start|p2a: Charizard|perish3\n|-start|p1b: Gengar|perish3\n|-start|p1a: Incineroar|perish3\n|-start|p2b: Torterra|perish3\n|upkeep\n|turn|2\n|inactive|austinrod30 has 30 seconds left.\n|\n|t:|1776195064\n|switch|p1b: Politoed|Politoed, L50, F|100/100\n|-weather|RainDance|[from] ability: Drizzle|[of] p1b: Politoed\n|detailschange|p2a: Charizard|Charizard-Mega-Y, L50, F\n|-mega|p2a: Charizard|Charizard|Charizardite Y\n|-weather|SunnyDay|[from] ability: Drought|[of] p2a: Charizard\n|move|p2a: Charizard|Heat Wave|p1b: Politoed|[spread] p1b\n|-miss|p2a: Charizard|p1a: Incineroar\n|-resisted|p1b: Politoed|1\n|-damage|p1b: Politoed|73/100\n|move|p1a: Incineroar|Parting Shot|p2a: Charizard\n|-unboost|p2a: Charizard|atk|1\n|-unboost|p2a: Charizard|spa|1\n|\n|t:|1776195077\n|switch|p1a: Gengar|Gengar-Mega, L50, M|100/100|[from] Parting Shot\n|move|p2b: Torterra|Shell Smash|p2b: Torterra\n|-unboost|p2b: Torterra|def|1\n|-unboost|p2b: Torterra|spd|1\n|-boost|p2b: Torterra|atk|2\n|-boost|p2b: Torterra|spa|2\n|-boost|p2b: Torterra|spe|2\n|\n|-weather|SunnyDay|[upkeep]\n|-heal|p1b: Politoed|79/100|[from] item: Leftovers\n|-start|p2b: Torterra|perish2\n|-start|p2a: Charizard|perish2\n|upkeep\n|turn|3\n|\n|t:|1776195095\n|switch|p1b: Incineroar|Incineroar, L50, M|100/100\n|-ability|p1b: Incineroar|Intimidate|boost\n|-unboost|p2a: Charizard|atk|1\n|-unboost|p2b: Torterra|atk|1\n|move|p1a: Gengar|Protect|p1a: Gengar\n|-singleturn|p1a: Gengar|Protect\n|move|p2b: Torterra|Headlong Rush|p1a: Gengar\n|-activate|p1a: Gengar|move: Protect\n|move|p2a: Charizard|Solar Beam||[still]\n|-prepare|p2a: Charizard|Solar Beam\n|-anim|p2a: Charizard|Solar Beam|p1b: Incineroar\n|-resisted|p1b: Incineroar|1\n|-damage|p1b: Incineroar|82/100\n|\n|-weather|SunnyDay|[upkeep]\n|-start|p2b: Torterra|perish1\n|-start|p2a: Charizard|perish1\n|upkeep\n|turn|4\n|inactive|austinrod30 has 30 seconds left.\n|inactive|Deathku has 30 seconds left.\n|\n|t:|1776195122\n|move|p1b: Incineroar|Fake Out|p2b: Torterra\n|-damage|p2b: Torterra|79/100\n|cant|p2b: Torterra|flinch\n|move|p2a: Charizard|Focus Blast|p1b: Incineroar\n|-supereffective|p1b: Incineroar|1\n|-damage|p1b: Incineroar|13/100\n|-enditem|p1b: Incineroar|Sitrus Berry|[eat]\n|-heal|p1b: Incineroar|38/100|[from] item: Sitrus Berry\n|move|p1a: Gengar|Shadow Ball|p2a: Charizard\n|-damage|p2a: Charizard|55/100\n|\n|-weather|SunnyDay|[upkeep]\n|-start|p2b: Torterra|perish0\n|-start|p2a: Charizard|perish0\n|upkeep\n|faint|p2b: Torterra\n|faint|p2a: Charizard\n|\n|t:|1776195126\n|switch|p2a: Reuniclus|Reuniclus, L50, M|100/100\n|switch|p2b: Incineroar|Incineroar, L50, M|100/100\n|-ability|p2b: Incineroar|Intimidate|boost\n|-unboost|p1a: Gengar|atk|1\n|-unboost|p1b: Incineroar|atk|1\n|turn|5\n|inactive|austinrod30 has 30 seconds left.\n|\n|t:|1776195153\n|move|p1a: Gengar|Perish Song|p1a: Gengar\n|-start|p1a: Gengar|perish3|[silent]\n|-start|p1b: Incineroar|perish3|[silent]\n|-start|p2a: Reuniclus|perish3|[silent]\n|-start|p2b: Incineroar|perish3|[silent]\n|-fieldactivate|move: Perish Song\n|move|p1b: Incineroar|Parting Shot|p2a: Reuniclus\n|-unboost|p2a: Reuniclus|atk|1\n|-unboost|p2a: Reuniclus|spa|1\n|\n|t:|1776195159\n|switch|p1b: Politoed|Politoed, L50, F|79/100|[from] Parting Shot\n|-weather|RainDance|[from] ability: Drizzle|[of] p1b: Politoed\n|move|p2b: Incineroar|Darkest Lariat|p1b: Politoed\n|-damage|p1b: Politoed|50/100\n|move|p2a: Reuniclus|Calm Mind|p2a: Reuniclus\n|-boost|p2a: Reuniclus|spa|1\n|-boost|p2a: Reuniclus|spd|1\n|\n|-weather|RainDance|[upkeep]\n|-heal|p1b: Politoed|56/100|[from] item: Leftovers\n|-start|p1a: Gengar|perish3\n|-start|p2b: Incineroar|perish3\n|-start|p2a: Reuniclus|perish3\n|upkeep\n|turn|6\n|\n|t:|1776195179\n|move|p1a: Gengar|Disable|p2a: Reuniclus\n|-start|p2a: Reuniclus|Disable|Calm Mind\n|-enditem|p2a: Reuniclus|Mental Herb\n|-end|p2a: Reuniclus|Disable\n|move|p1b: Politoed|Encore|p2a: Reuniclus\n|-start|p2a: Reuniclus|Encore\n|move|p2b: Incineroar|Darkest Lariat|p1a: Gengar\n|-supereffective|p1a: Gengar|1\n|-damage|p1a: Gengar|36/100\n|move|p2a: Reuniclus|Calm Mind|p2a: Reuniclus\n|-boost|p2a: Reuniclus|spa|1\n|-boost|p2a: Reuniclus|spd|1\n|\n|-weather|RainDance|[upkeep]\n|-heal|p1b: Politoed|62/100|[from] item: Leftovers\n|-start|p1a: Gengar|perish2\n|-start|p2b: Incineroar|perish2\n|-start|p2a: Reuniclus|perish2\n|upkeep\n|turn|7\n|inactive|austinrod30 has 30 seconds left.\n|\n|t:|1776195206\n|move|p1a: Gengar|Disable|p2a: Reuniclus\n|-start|p2a: Reuniclus|Disable|Calm Mind\n|move|p1b: Politoed|Weather Ball|p2b: Incineroar\n|-supereffective|p2b: Incineroar|1\n|-damage|p2b: Incineroar|25/100\n|-enditem|p2b: Incineroar|Sitrus Berry|[eat]\n|-heal|p2b: Incineroar|50/100|[from] item: Sitrus Berry\n|move|p2b: Incineroar|Darkest Lariat|p1b: Politoed\n|-damage|p1b: Politoed|33/100\n|cant|p2a: Reuniclus|Disable|Calm Mind\n|\n|-weather|RainDance|[upkeep]\n|-heal|p1b: Politoed|39/100|[from] item: Leftovers\n|-start|p1a: Gengar|perish1\n|-start|p2b: Incineroar|perish1\n|-start|p2a: Reuniclus|perish1\n|upkeep\n|turn|8\n|\n|t:|1776195228\n|switch|p1a: Incineroar|Incineroar, L50, M|38/100\n|-ability|p1a: Incineroar|Intimidate|boost\n|-unboost|p2a: Reuniclus|atk|1\n|-unboost|p2b: Incineroar|atk|1\n|move|p1b: Politoed|Protect|p1b: Politoed\n|-singleturn|p1b: Politoed|Protect\n|move|p2b: Incineroar|Parting Shot|p1b: Politoed\n|-activate|p1b: Politoed|move: Protect\n|-activate|p2a: Reuniclus|move: Struggle\n|move|p2a: Reuniclus|Struggle|p1b: Politoed\n|-activate|p1b: Politoed|move: Protect\n|\n|-weather|RainDance|[upkeep]\n|-heal|p1b: Politoed|45/100|[from] item: Leftovers\n|-end|p2a: Reuniclus|Encore\n|-start|p2b: Incineroar|perish0\n|-start|p2a: Reuniclus|perish0\n|faint|p2b: Incineroar\n|faint|p2a: Reuniclus\n|\n|win|austinrod30\n|raw|austinrod30's rating: 1064 &rarr; <strong>1095</strong><br />(+31 for winning)\n|raw|Deathku's rating: 1073 &rarr; <strong>1052</strong><br />(-21 for losing)\n",
  "uploadtime": 1776195268,
  "views": 38,
  "formatid": "gen9championsvgc2026regma",
  "rating": 1052,
  "private": 0,
  "password": null
}