{
  "id": "gen9championsvgc2026regma-2587875916",
  "format": "[Gen 9 Champions] VGC 2026 Reg M-A",
  "players": [
    "Charlie Kirkegaard",
    "hyunbelievable"
  ],
  "log": "|j|\u2606Charlie Kirkegaard\n|j|\u2606hyunbelievable\n|t:|1776573434\n|gametype|doubles\n|player|p1|Charlie Kirkegaard|rose|\n|player|p2|hyunbelievable|guzma|\n|gen|9\n|tier|[Gen 9 Champions] VGC 2026 Reg M-A\n|rated|Tournament battle\n|rule|Species Clause: Limit one of each Pok\u00e9mon\n|rule|Item Clause: Limit 1 of each item\n|raw|<div class=\"infobox\"><details class=\"readmore\" open><summary><strong>1 custom rule:</strong></summary> Force Open Team Sheets</details></div>\n|clearpoke\n|poke|p1|Krookodile, L50, M|\n|poke|p1|Aegislash, L50, F|\n|poke|p1|Scovillain, L50, F|\n|poke|p1|Florges, L50, F|\n|poke|p1|Gyarados, L50, F|\n|poke|p1|Kommo-o, L50, F|\n|poke|p2|Blastoise, L50, F|\n|poke|p2|Sinistcha, L50|\n|poke|p2|Tyranitar, L50, M|\n|poke|p2|Excadrill, L50, M|\n|poke|p2|Incineroar, L50, M|\n|poke|p2|Typhlosion-Hisui, L50, F|\n|teampreview|4\n|showteam|p1|Krookodile||ChoiceScarf|Intimidate|Snarl,HighHorsepower,RockSlide,KnockOff|||M|||50|]Aegislash||MetalCoat|StanceChange|WideGuard,KingsShield,IronHead,Poltergeist|||F|||50|]Scovillain||Scovillainite|Chlorophyll|FireSpin,LeechSeed,Protect,RagePowder|||F|||50|]Florges||KebiaBerry|FlowerVeil|PollenPuff,DazzlingGleam,Protect,LightScreen|||F|||50|]Gyarados||SitrusBerry|Intimidate|Taunt,Waterfall,RainDance,Protect|||F|||50|]Kommo-o||Leftovers|Overcoat|ClangorousSoul,Protect,AuraSphere,ClangingScales|||F|||50|\n|showteam|p2|Blastoise||Blastoisinite|RainDish|WaterSpout,IceBeam,ShellSmash,Protect|||F|||50|]Sinistcha||SitrusBerry|Hospitality|MatchaGotcha,RagePowder,StrengthSap,TrickRoom||||||50|]Tyranitar||Tyranitarite|SandStream|RockSlide,KnockOff,LowKick,Protect|||M|||50|]Excadrill||FocusSash|SandRush|HighHorsepower,IronHead,RockSlide,Protect|||M|||50|]Incineroar||LumBerry|Intimidate|FlareBlitz,DarkestLariat,PartingShot,FakeOut|||M|||50|]Typhlosion-Hisui||ChoiceScarf|Blaze|Eruption,ShadowBall,Overheat,HeatWave|||F|||50|\n|\n|t:|1776573488\n|teamsize|p1|4\n|teamsize|p2|4\n|start\n|switch|p1a: Eternal at Home|Florges, L50, F|100/100\n|switch|p1b: Scovillain|Scovillain, L50, F|100/100\n|switch|p2a: Roberta|Typhlosion-Hisui, L50, F|100/100\n|switch|p2b: Revy|Blastoise, L50, F|100/100\n|turn|1\n|\n|t:|1776573511\n|detailschange|p2b: Revy|Blastoise-Mega, L50, F\n|-mega|p2b: Revy|Blastoise|Blastoisinite\n|detailschange|p1b: Scovillain|Scovillain-Mega, L50, F\n|-mega|p1b: Scovillain|Scovillain|Scovillainite\n|move|p1b: Scovillain|Protect|p1b: Scovillain\n|-singleturn|p1b: Scovillain|Protect\n|move|p2a: Roberta|Eruption|p1b: Scovillain|[spread] p1a\n|-activate|p1b: Scovillain|move: Protect\n|-damage|p1a: Eternal at Home|71/100\n|move|p2b: Revy|Shell Smash|p2b: Revy\n|-unboost|p2b: Revy|def|1\n|-unboost|p2b: Revy|spd|1\n|-boost|p2b: Revy|atk|2\n|-boost|p2b: Revy|spa|2\n|-boost|p2b: Revy|spe|2\n|move|p1a: Eternal at Home|Light Screen|p1a: Eternal at Home\n|-sidestart|p1: Charlie Kirkegaard|move: Light Screen\n|\n|upkeep\n|turn|2\n|\n|t:|1776573535\n|move|p2b: Revy|Water Spout|p1b: Scovillain|[spread] p1a,p1b\n|-damage|p1a: Eternal at Home|30/100\n|-damage|p1b: Scovillain|29/100\n|-status|p2b: Revy|brn|[from] ability: Spicy Spray|[of] p1b: Scovillain\n|move|p2a: Roberta|Eruption|p1a: Eternal at Home|[spread] p1a,p1b\n|-damage|p1a: Eternal at Home|8/100\n|-damage|p1b: Scovillain|0 fnt\n|-immune|p2a: Roberta\n|faint|p1b: Scovillain\n|move|p1a: Eternal at Home|Dazzling Gleam|p2a: Roberta|[spread] p2a,p2b\n|-resisted|p2a: Roberta|1\n|-damage|p2a: Roberta|84/100\n|-damage|p2b: Revy|68/100 brn\n|\n|-damage|p2b: Revy|62/100 brn|[from] brn\n|upkeep\n|\n|t:|1776573550\n|switch|p1b: Gyarados|Gyarados, L50, F|100/100\n|-ability|p1b: Gyarados|Intimidate|boost\n|-unboost|p2a: Roberta|atk|1\n|-unboost|p2b: Revy|atk|1\n|turn|3\n|\n|t:|1776573561\n|switch|p2a: Balalaika|Sinistcha, L50|100/100\n|-heal|p2b: Revy|87/100 brn|[from] ability: Hospitality|[of] p2a: Balalaika\n|move|p1a: Eternal at Home|Protect|p1a: Eternal at Home\n|-singleturn|p1a: Eternal at Home|Protect\n|move|p2b: Revy|Water Spout|p1b: Gyarados|[spread] p1b\n|-activate|p1a: Eternal at Home|move: Protect\n|-resisted|p1b: Gyarados|1\n|-damage|p1b: Gyarados|79/100\n|move|p1b: Gyarados|Waterfall|p2b: Revy\n|-resisted|p2b: Revy|1\n|-damage|p2b: Revy|66/100 brn\n|\n|-damage|p2b: Revy|60/100 brn|[from] brn\n|upkeep\n|turn|4\n|\n|t:|1776573586\n|move|p2b: Revy|Water Spout|p1b: Gyarados|[spread] p1a,p1b\n|-resisted|p1b: Gyarados|1\n|-damage|p1a: Eternal at Home|0 fnt\n|-damage|p1b: Gyarados|65/100\n|faint|p1a: Eternal at Home\n|move|p1b: Gyarados|Taunt|p2a: Balalaika\n|-start|p2a: Balalaika|move: Taunt\n|move|p2a: Balalaika|Matcha Gotcha|p1b: Gyarados\n|-crit|p1b: Gyarados\n|-damage|p1b: Gyarados|35/100\n|-enditem|p1b: Gyarados|Sitrus Berry|[eat]\n|-heal|p1b: Gyarados|60/100|[from] item: Sitrus Berry\n|\n|-damage|p2b: Revy|54/100 brn|[from] brn\n|upkeep\n|\n|t:|1776573600\n|switch|p1a: Kommo-o|Kommo-o, L50, F|100/100\n|turn|5\n|\n|t:|1776573612\n|switch|p2a: Roberta|Typhlosion-Hisui, L50, F|84/100\n|move|p2b: Revy|Protect|p2b: Revy\n|-singleturn|p2b: Revy|Protect\n|move|p1a: Kommo-o|Clangorous Soul|p1a: Kommo-o\n|-boost|p1a: Kommo-o|atk|1\n|-boost|p1a: Kommo-o|def|1\n|-boost|p1a: Kommo-o|spa|1\n|-boost|p1a: Kommo-o|spd|1\n|-boost|p1a: Kommo-o|spe|1\n|-damage|p1a: Kommo-o|68/100\n|move|p1b: Gyarados|Waterfall|p2b: Revy\n|-activate|p2b: Revy|move: Protect\n|\n|-heal|p1a: Kommo-o|74/100|[from] item: Leftovers\n|-damage|p2b: Revy|48/100 brn|[from] brn\n|-sideend|p1: Charlie Kirkegaard|move: Light Screen\n|upkeep\n|turn|6\n|\n|t:|1776573637\n|move|p2b: Revy|Ice Beam|p1a: Kommo-o\n|-supereffective|p1a: Kommo-o|1\n|-damage|p1a: Kommo-o|8/100\n|move|p2a: Roberta|Shadow Ball|p1b: Gyarados\n|-damage|p1b: Gyarados|32/100\n|-unboost|p1b: Gyarados|spd|1\n|move|p1a: Kommo-o|Clangorous Soul||[still]\n|-fail|p1a: Kommo-o\n|move|p1b: Gyarados|Taunt|p2a: Roberta\n|-start|p2a: Roberta|move: Taunt\n|\n|-heal|p1a: Kommo-o|14/100|[from] item: Leftovers\n|-damage|p2b: Revy|42/100 brn|[from] brn\n|upkeep\n|turn|7\n|-message|Charlie Kirkegaard forfeited.\n|\n|win|hyunbelievable\n|n|\u2606Charlie Kirkegaard|charliekirkegaard\n|n|\u2606hyunbelievable|hyunbelievable\n|l|\u2606Charlie Kirkegaard\n|player|p1|\n|c|\u2606hyunbelievable|gg\n",
  "uploadtime": 1776573646,
  "views": 7,
  "formatid": "gen9championsvgc2026regma",
  "rating": null,
  "private": 0,
  "password": null
}