{
  "id": "gen9championsvgc2026regma-2586293566",
  "format": "[Gen 9 Champions] VGC 2026 Reg M-A",
  "players": [
    "FawnWasTaken",
    "ruminaz"
  ],
  "log": "|j|\u2606FawnWasTaken\n|j|\u2606ruminaz\n|t:|1776422192\n|gametype|doubles\n|player|p1|FawnWasTaken|102|1081\n|player|p2|ruminaz|266|1053\n|gen|9\n|tier|[Gen 9 Champions] VGC 2026 Reg M-A\n|rated|\n|rule|Species Clause: Limit one of each Pok\u00e9mon\n|rule|Item Clause: Limit 1 of each item\n|clearpoke\n|poke|p1|Sandaconda, L50, F|\n|poke|p1|Tyranitar, L50, F|\n|poke|p1|Excadrill, L50, M|\n|poke|p1|Rotom-Wash, L50|\n|poke|p1|Blastoise, L50, F|\n|poke|p1|Sneasler, L50, M|\n|poke|p2|Gengar, L50, M|\n|poke|p2|Politoed, L50, M|\n|poke|p2|Incineroar, L50, F|\n|poke|p2|Roserade, L50, F|\n|poke|p2|Basculegion, L50, M|\n|poke|p2|Glimmora, L50, F|\n|teampreview|4\n|\n|t:|1776422217\n|teamsize|p1|4\n|teamsize|p2|4\n|start\n|switch|p1a: Tyranitar|Tyranitar, L50, F|100/100\n|switch|p1b: Sandaconda|Sandaconda, L50, F|100/100\n|switch|p2a: Incineroar|Incineroar, L50, F|100/100\n|switch|p2b: Roserade|Roserade, L50, F|100/100\n|-weather|Sandstorm|[from] ability: Sand Stream|[of] p1a: Tyranitar\n|-ability|p2a: Incineroar|Intimidate|boost\n|-unboost|p1a: Tyranitar|atk|1\n|-unboost|p1b: Sandaconda|atk|1\n|turn|1\n|\n|t:|1776422235\n|move|p1a: Tyranitar|Protect|p1a: Tyranitar\n|-singleturn|p1a: Tyranitar|Protect\n|move|p2a: Incineroar|Fake Out|p1b: Sandaconda|[miss]\n|-miss|p2a: Incineroar|p1b: Sandaconda\n|move|p2b: Roserade|Sleep Powder|p1a: Tyranitar\n|-activate|p1a: Tyranitar|move: Protect\n|move|p1b: Sandaconda|Minimize|p1b: Sandaconda\n|-boost|p1b: Sandaconda|evasion|2\n|\n|-weather|Sandstorm|[upkeep]\n|-damage|p2b: Roserade|95/100|[from] Sandstorm\n|-damage|p2a: Incineroar|95/100|[from] Sandstorm\n|upkeep\n|turn|2\n|\n|t:|1776422253\n|move|p2b: Roserade|Sleep Powder|p1a: Tyranitar|[miss]\n|-miss|p2b: Roserade|p1a: Tyranitar\n|move|p1b: Sandaconda|Minimize|p1b: Sandaconda\n|-boost|p1b: Sandaconda|evasion|2\n|move|p1a: Tyranitar|Rock Slide|p2a: Incineroar|[spread] p2a,p2b\n|-supereffective|p2a: Incineroar|1\n|-damage|p2a: Incineroar|60/100\n|-damage|p2b: Roserade|63/100\n|move|p2a: Incineroar|Parting Shot|p1b: Sandaconda|[miss]\n|-miss|p2a: Incineroar|p1b: Sandaconda\n|\n|-weather|Sandstorm|[upkeep]\n|-damage|p2b: Roserade|58/100|[from] Sandstorm\n|-damage|p2a: Incineroar|54/100|[from] Sandstorm\n|upkeep\n|turn|3\n|\n|t:|1776422287\n|move|p1a: Tyranitar|Protect|p1a: Tyranitar\n|-singleturn|p1a: Tyranitar|Protect\n|move|p2b: Roserade|Sleep Powder|p1a: Tyranitar\n|-activate|p1a: Tyranitar|move: Protect\n|move|p1b: Sandaconda|Minimize|p1b: Sandaconda\n|-boost|p1b: Sandaconda|evasion|2\n|move|p2a: Incineroar|Parting Shot|p1a: Tyranitar\n|-activate|p1a: Tyranitar|move: Protect\n|\n|-weather|Sandstorm|[upkeep]\n|-damage|p2b: Roserade|52/100|[from] Sandstorm\n|-damage|p2a: Incineroar|48/100|[from] Sandstorm\n|upkeep\n|turn|4\n|\n|t:|1776422348\n|move|p1a: Tyranitar|Protect||[still]\n|-fail|p1a: Tyranitar\n|move|p2b: Roserade|Sleep Powder|p1a: Tyranitar|[miss]\n|-miss|p2b: Roserade|p1a: Tyranitar\n|move|p1b: Sandaconda|Body Press|p2a: Incineroar\n|-supereffective|p2a: Incineroar|1\n|-enditem|p2a: Incineroar|Chople Berry|[eat]\n|-enditem|p2a: Incineroar|Chople Berry|[weaken]\n|-damage|p2a: Incineroar|23/100\n|move|p2a: Incineroar|Parting Shot|p1a: Tyranitar\n|-unboost|p1a: Tyranitar|atk|1\n|-unboost|p1a: Tyranitar|spa|1\n|\n|t:|1776422359\n|switch|p2a: Gengar|Gengar, L50, M|100/100|[from] Parting Shot\n|\n|-weather|Sandstorm|[upkeep]\n|-damage|p2b: Roserade|46/100|[from] Sandstorm\n|-damage|p2a: Gengar|95/100|[from] Sandstorm\n|upkeep\n|turn|5\n|\n|t:|1776422377\n|switch|p1a: Blastoise|Blastoise, L50, F|100/100\n|detailschange|p2a: Gengar|Gengar-Mega, L50, M\n|-mega|p2a: Gengar|Gengar|Gengarite\n|move|p2b: Roserade|Sleep Powder|p1a: Blastoise|[miss]\n|-miss|p2b: Roserade|p1a: Blastoise\n|move|p2a: Gengar|Perish Song|p2a: Gengar\n|-start|p1a: Blastoise|perish3|[silent]\n|-start|p1b: Sandaconda|perish3|[silent]\n|-start|p2a: Gengar|perish3|[silent]\n|-start|p2b: Roserade|perish3|[silent]\n|-fieldactivate|move: Perish Song\n|move|p1b: Sandaconda|High Horsepower|p2a: Gengar\n|-supereffective|p2a: Gengar|1\n|-damage|p2a: Gengar|15/100\n|\n|-weather|none\n|-start|p2b: Roserade|perish3\n|-start|p2a: Gengar|perish3\n|-start|p1a: Blastoise|perish3\n|-start|p1b: Sandaconda|perish3\n|upkeep\n|turn|6\n|\n|t:|1776422401\n|move|p2a: Gengar|Protect|p2a: Gengar\n|-singleturn|p2a: Gengar|Protect\n|move|p2b: Roserade|Sleep Powder|p1a: Blastoise\n|-status|p1a: Blastoise|slp|[from] move: Sleep Powder\n|cant|p1a: Blastoise|slp\n|move|p1b: Sandaconda|High Horsepower|p2b: Roserade\n|-damage|p2b: Roserade|0 fnt\n|faint|p2b: Roserade\n|\n|-start|p2a: Gengar|perish2\n|-start|p1a: Blastoise|perish2\n|-start|p1b: Sandaconda|perish2\n|upkeep\n|\n|t:|1776422415\n|switch|p2b: Incineroar|Incineroar, L50, F|23/100\n|-ability|p2b: Incineroar|Intimidate|boost\n|-unboost|p1a: Blastoise|atk|1\n|-unboost|p1b: Sandaconda|atk|1\n|turn|7\n|\n|t:|1776422424\n|switch|p2a: Politoed|Politoed, L50, M|100/100\n|-weather|RainDance|[from] ability: Drizzle|[of] p2a: Politoed\n|-curestatus|p1a: Blastoise|slp|[msg]\n|move|p1a: Blastoise|Flip Turn|p2b: Incineroar\n|-supereffective|p2b: Incineroar|1\n|-damage|p2b: Incineroar|0 fnt\n|faint|p2b: Incineroar\n|\n|t:|1776422432\n|switch|p1a: Rotom|Rotom-Wash, L50|100/100|[from] Flip Turn\n|move|p1b: Sandaconda|High Horsepower|p2a: Politoed\n|-damage|p2a: Politoed|79/100\n|\n|-weather|RainDance|[upkeep]\n|-start|p1b: Sandaconda|perish1\n|upkeep\n|-message|ruminaz forfeited.\n|\n|win|FawnWasTaken\n|raw|FawnWasTaken's rating: 1081 &rarr; <strong>1107</strong><br />(+26 for winning)\n|raw|ruminaz's rating: 1053 &rarr; <strong>1036</strong><br />(-17 for losing)\n|l|\u2606ruminaz\n|player|p2|\n",
  "uploadtime": 1776422453,
  "views": 24,
  "formatid": "gen9championsvgc2026regma",
  "rating": 1036,
  "private": 0,
  "password": null
}