{
  "id": "gen9championsvgc2026regma-2586818855",
  "format": "[Gen 9 Champions] VGC 2026 Reg M-A",
  "players": [
    "CRUNCHHHVGC",
    "Emilyabcde1ara"
  ],
  "log": "|j|\u2606CRUNCHHHVGC\n|j|\u2606Emilyabcde1ara\n|t:|1776462479\n|gametype|doubles\n|player|p1|CRUNCHHHVGC|lance|1143\n|player|p2|Emilyabcde1ara|lass|1106\n|gen|9\n|tier|[Gen 9 Champions] VGC 2026 Reg M-A\n|rated|\n|rule|Species Clause: Limit one of each Pok\u00e9mon\n|rule|Item Clause: Limit 1 of each item\n|clearpoke\n|poke|p1|Incineroar, L50, M|\n|poke|p1|Dragapult, L50, F|\n|poke|p1|Glimmora, L50, F|\n|poke|p1|Whimsicott, L50, F|\n|poke|p1|Skarmory, L50, M|\n|poke|p1|Basculegion, L50, M|\n|poke|p2|Lucario, L50, F|\n|poke|p2|Talonflame, L50, M|\n|poke|p2|Primarina, L50, M|\n|poke|p2|Meowscarada, L50, M|\n|poke|p2|Dragapult, L50, F|\n|poke|p2|Clefable, L50, F|\n|teampreview|4\n|inactive|Battle timer is ON: inactive players will automatically lose when time's up. (requested by Emilyabcde1ara)\n|inactive|CRUNCHHHVGC has 60 seconds left.\n|\n|t:|1776462515\n|teamsize|p1|4\n|teamsize|p2|4\n|start\n|switch|p1a: Ephesians617|Skarmory, L50, M|100/100\n|switch|p1b: Nimbus|Whimsicott, L50, F|100/100\n|switch|p2a: Talonflame|Talonflame, L50, M|100/100\n|switch|p2b: Clefable|Clefable, L50, F|100/100\n|turn|1\n|inactive|CRUNCHHHVGC has 30 seconds left.\n|\n|t:|1776462550\n|switch|p1a: Wolfey\u2019s Bae|Incineroar, L50, M|100/100\n|-ability|p1a: Wolfey\u2019s Bae|Intimidate|boost\n|-unboost|p2a: Talonflame|atk|1\n|-unboost|p2b: Clefable|atk|1\n|move|p2a: Talonflame|Tailwind|p2a: Talonflame\n|-sidestart|p2: Emilyabcde1ara|move: Tailwind\n|move|p1b: Nimbus|Tailwind|p1b: Nimbus\n|-sidestart|p1: CRUNCHHHVGC|move: Tailwind\n|move|p2b: Clefable|Life Dew||[still]|[still]|[spread] \n|-fail|p2a: Talonflame|heal\n|-fail|p2b: Clefable|heal\n|\n|upkeep\n|turn|2\n|\n|t:|1776462574\n|switch|p1b: Bass Pro|Basculegion, L50, M|100/100\n|move|p2a: Talonflame|Protect|p2a: Talonflame\n|-singleturn|p2a: Talonflame|Protect\n|move|p1a: Wolfey\u2019s Bae|Parting Shot|p2a: Talonflame\n|-activate|p2a: Talonflame|move: Protect\n|move|p2b: Clefable|Draining Kiss|p1b: Bass Pro\n|-damage|p1b: Bass Pro|82/100\n|\n|upkeep\n|turn|3\n|\n|t:|1776462596\n|move|p2b: Clefable|Helping Hand|p2a: Talonflame\n|-singleturn|p2a: Talonflame|Helping Hand|[of] p2b: Clefable\n|move|p2a: Talonflame|Dual Wingbeat|p1b: Bass Pro\n|-damage|p1b: Bass Pro|61/100\n|-damage|p1b: Bass Pro|43/100\n|-hitcount|p1b: Bass Pro|2\n|move|p1b: Bass Pro|Flip Turn|p2a: Talonflame\n|-supereffective|p2a: Talonflame|1\n|-damage|p2a: Talonflame|0 fnt\n|faint|p2a: Talonflame\n|\n|t:|1776462609\n|switch|p1b: Ephesians617|Skarmory, L50, M|100/100|[from] Flip Turn\n|move|p1a: Wolfey\u2019s Bae|Snarl|p2b: Clefable\n|-resisted|p2b: Clefable|1\n|-damage|p2b: Clefable|95/100\n|-unboost|p2b: Clefable|spa|1\n|\n|upkeep\n|\n|t:|1776462613\n|switch|p2a: Lucario|Lucario, L50, F|100/100\n|turn|4\n|inactive|CRUNCHHHVGC has 30 seconds left.\n|\n|t:|1776462647\n|detailschange|p2a: Lucario|Lucario-Mega, L50, F\n|-mega|p2a: Lucario|Lucario|Lucarionite\n|detailschange|p1b: Ephesians617|Skarmory-Mega, L50, M\n|-mega|p1b: Ephesians617|Skarmory|Skarmorite\n|move|p2b: Clefable|Follow Me|p2b: Clefable\n|-singleturn|p2b: Clefable|move: Follow Me\n|move|p2a: Lucario|Aura Sphere|p1b: Ephesians617\n|-damage|p1b: Ephesians617|34/100\n|move|p1b: Ephesians617|Swords Dance|p1b: Ephesians617\n|-boost|p1b: Ephesians617|atk|2\n|move|p1a: Wolfey\u2019s Bae|Flare Blitz|p2b: Clefable\n|-damage|p2b: Clefable|51/100\n|-damage|p1a: Wolfey\u2019s Bae|86/100|[from] Recoil\n|\n|-sideend|p1: CRUNCHHHVGC|move: Tailwind\n|-sideend|p2: Emilyabcde1ara|move: Tailwind\n|upkeep\n|turn|5\n|\n|t:|1776462663\n|move|p1b: Ephesians617|Protect|p1b: Ephesians617\n|-singleturn|p1b: Ephesians617|Protect\n|move|p2b: Clefable|Follow Me|p2b: Clefable\n|-singleturn|p2b: Clefable|move: Follow Me\n|move|p2a: Lucario|Aura Sphere|p1b: Ephesians617\n|-activate|p1b: Ephesians617|move: Protect\n|move|p1a: Wolfey\u2019s Bae|Parting Shot|p2b: Clefable\n|-unboost|p2b: Clefable|atk|1\n|-unboost|p2b: Clefable|spa|1\n|\n|t:|1776462670\n|switch|p1a: Nimbus|Whimsicott, L50, F|100/100|[from] Parting Shot\n|\n|upkeep\n|turn|6\n|\n|t:|1776462678\n|move|p2b: Clefable|Follow Me|p2b: Clefable\n|-singleturn|p2b: Clefable|move: Follow Me\n|move|p1a: Nimbus|Tailwind|p1a: Nimbus\n|-sidestart|p1: CRUNCHHHVGC|move: Tailwind\n|move|p1b: Ephesians617|Brave Bird|p2a: Lucario\n|-damage|p2a: Lucario|0 fnt\n|faint|p2a: Lucario\n|-damage|p1b: Ephesians617|1/100|[from] Recoil\n|\n|upkeep\n|-message|Emilyabcde1ara forfeited.\n|\n|win|CRUNCHHHVGC\n|raw|CRUNCHHHVGC's rating: 1143 &rarr; <strong>1165</strong><br />(+22 for winning)\n|raw|Emilyabcde1ara's rating: 1106 &rarr; <strong>1084</strong><br />(-22 for losing)\n|l|\u2606Emilyabcde1ara\n|player|p2|\n",
  "uploadtime": 1776462688,
  "views": 27,
  "formatid": "gen9championsvgc2026regma",
  "rating": 1084,
  "private": 0,
  "password": null
}