{
  "id": "gen9championsvgc2026regma-2587800057",
  "format": "[Gen 9 Champions] VGC 2026 Reg M-A",
  "players": [
    "KilamanolaVGC",
    "Cylantro"
  ],
  "log": "|j|\u203dKilamanolaVGC\n|j|\u2606Cylantro\n|t:|1776565258\n|gametype|doubles\n|player|p1|KilamanolaVGC|benga|1278\n|player|p2|Cylantro|101|1286\n|gen|9\n|tier|[Gen 9 Champions] VGC 2026 Reg M-A\n|rated|\n|rule|Species Clause: Limit one of each Pok\u00e9mon\n|rule|Item Clause: Limit 1 of each item\n|clearpoke\n|poke|p1|Scovillain, L50, M, shiny|\n|poke|p1|Sneasler, L50, M, shiny|\n|poke|p1|Pelipper, L50, M, shiny|\n|poke|p1|Basculegion, L50, M|\n|poke|p1|Aerodactyl, L50, M, shiny|\n|poke|p1|Archaludon, L50, F, shiny|\n|poke|p2|Milotic, L50, M|\n|poke|p2|Tauros-Paldea-Blaze, L50, M|\n|poke|p2|Rotom-Wash, L50|\n|poke|p2|Ninetales-Alola, L50, M|\n|poke|p2|Dragapult, L50, F|\n|poke|p2|Excadrill, L50, F|\n|teampreview|4\n|inactive|Battle timer is ON: inactive players will automatically lose when time's up. (requested by KilamanolaVGC)\n|\n|t:|1776565290\n|teamsize|p1|4\n|teamsize|p2|4\n|start\n|switch|p1a: Scovillain|Scovillain, L50, M, shiny|100/100\n|switch|p1b: Sneasler|Sneasler, L50, M, shiny|100/100\n|switch|p2a: Rotom|Rotom-Wash, L50|100/100\n|switch|p2b: Tauros|Tauros-Paldea-Blaze, L50, M|100/100\n|-ability|p2b: Tauros|Intimidate|boost\n|-unboost|p1a: Scovillain|atk|1\n|-unboost|p1b: Sneasler|atk|1\n|-enditem|p1b: Sneasler|White Herb\n|-clearnegativeboost|p1b: Sneasler|[silent]\n|turn|1\n|\n|t:|1776565314\n|move|p1b: Sneasler|Protect|p1b: Sneasler\n|-singleturn|p1b: Sneasler|Protect\n|move|p1a: Scovillain|Protect|p1a: Scovillain\n|-singleturn|p1a: Scovillain|Protect\n|move|p2b: Tauros|Raging Bull|p1b: Sneasler\n|-activate|p1b: Sneasler|move: Protect\n|move|p2a: Rotom|Will-O-Wisp|p1b: Sneasler\n|-activate|p1b: Sneasler|move: Protect\n|\n|-ability|p1a: Scovillain|Moody|boost\n|-boost|p1a: Scovillain|spa|2\n|-unboost|p1a: Scovillain|spd|1\n|upkeep\n|turn|2\n|inactive|KilamanolaVGC has 30 seconds left.\n|inactive|KilamanolaVGC has 20 seconds left.\n|inactive|KilamanolaVGC has 15 seconds left.\n|inactive|KilamanolaVGC has 10 seconds left.\n|\n|t:|1776565360\n|detailschange|p1a: Scovillain|Scovillain-Mega, L50, M, shiny\n|-mega|p1a: Scovillain|Scovillain|Scovillainite\n|move|p1a: Scovillain|Rage Powder|p1a: Scovillain\n|-singleturn|p1a: Scovillain|move: Rage Powder\n|move|p1b: Sneasler|Dire Claw|p2b: Tauros\n|-damage|p2b: Tauros|50/100\n|move|p2b: Tauros|Raging Bull|p1a: Scovillain\n|-damage|p1a: Scovillain|56/100\n|-immune|p2b: Tauros\n|move|p2a: Rotom|Thunderbolt|p1a: Scovillain\n|-resisted|p1a: Scovillain|1\n|-damage|p1a: Scovillain|23/100\n|-status|p2a: Rotom|brn|[from] ability: Spicy Spray|[of] p1a: Scovillain\n|\n|-damage|p2a: Rotom|95/100 brn|[from] brn\n|upkeep\n|turn|3\n|\n|t:|1776565384\n|move|p2b: Tauros|Protect|p2b: Tauros\n|-singleturn|p2b: Tauros|Protect\n|move|p1a: Scovillain|Protect|p1a: Scovillain\n|-singleturn|p1a: Scovillain|Protect\n|move|p1b: Sneasler|Close Combat|p2b: Tauros\n|-activate|p2b: Tauros|move: Protect\n|move|p2a: Rotom|Thunderbolt|p1b: Sneasler\n|-damage|p1b: Sneasler|40/100\n|\n|-damage|p2a: Rotom|89/100 brn|[from] brn\n|upkeep\n|turn|4\n|\n|t:|1776565406\n|switch|p2b: Dragapult|Dragapult, L50, F|100/100\n|move|p1b: Sneasler|Close Combat|p2b: Dragapult\n|-immune|p2b: Dragapult\n|move|p2a: Rotom|Thunderbolt|p1a: Scovillain\n|-resisted|p1a: Scovillain|1\n|-damage|p1a: Scovillain|0 fnt\n|faint|p1a: Scovillain\n|\n|-damage|p2a: Rotom|83/100 brn|[from] brn\n|upkeep\n|\n|t:|1776565427\n|switch|p1a: Archaludon|Archaludon, L50, F, shiny|100/100\n|turn|5\n|\n|t:|1776565444\n|move|p1b: Sneasler|Dire Claw|p2b: Dragapult\n|-resisted|p2b: Dragapult|1\n|-damage|p2b: Dragapult|69/100\n|move|p2b: Dragapult|Dragon Darts|p1b: Sneasler\n|-damage|p1b: Sneasler|1/100\n|-anim|p2b: Dragapult|Dragon Darts|p1a: Archaludon\n|-damage|p1a: Archaludon|78/100\n|move|p1a: Archaludon|Dragon Pulse|p2b: Dragapult\n|-supereffective|p2b: Dragapult|1\n|-damage|p2b: Dragapult|0 fnt\n|faint|p2b: Dragapult\n|move|p2a: Rotom|Eerie Impulse|p1a: Archaludon\n|-unboost|p1a: Archaludon|spa|2\n|\n|-damage|p2a: Rotom|78/100 brn|[from] brn\n|upkeep\n|\n|t:|1776565459\n|switch|p2b: Tauros|Tauros-Paldea-Blaze, L50, M|50/100\n|-ability|p2b: Tauros|Intimidate|boost\n|-unboost|p1a: Archaludon|atk|1\n|-unboost|p1b: Sneasler|atk|1\n|turn|6\n|\n|t:|1776565468\n|switch|p1a: Pelipper|Pelipper, L50, M, shiny|100/100\n|-weather|RainDance|[from] ability: Drizzle|[of] p1a: Pelipper\n|move|p1b: Sneasler|Protect|p1b: Sneasler\n|-singleturn|p1b: Sneasler|Protect\n|move|p2b: Tauros|Protect|p2b: Tauros\n|-singleturn|p2b: Tauros|Protect\n|move|p2a: Rotom|Thunderbolt|p1b: Sneasler\n|-activate|p1b: Sneasler|move: Protect\n|\n|-weather|RainDance|[upkeep]\n|-damage|p2a: Rotom|72/100 brn|[from] brn\n|upkeep\n|turn|7\n|\n|t:|1776565487\n|switch|p2b: Ninetales|Ninetales-Alola, L50, M|100/100\n|-weather|Snowscape|[from] ability: Snow Warning|[of] p2b: Ninetales\n|switch|p1a: Archaludon|Archaludon, L50, F, shiny|78/100\n|move|p1b: Sneasler|Close Combat|p2b: Ninetales\n|-damage|p2b: Ninetales|58/100\n|-unboost|p1b: Sneasler|def|1\n|-unboost|p1b: Sneasler|spd|1\n|move|p2a: Rotom|Thunderbolt|p1a: Archaludon\n|-resisted|p1a: Archaludon|1\n|-damage|p1a: Archaludon|46/100\n|\n|-weather|Snowscape|[upkeep]\n|-damage|p2a: Rotom|66/100 brn|[from] brn\n|upkeep\n|turn|8\n|\n|t:|1776565511\n|move|p2b: Ninetales|Protect|p2b: Ninetales\n|-singleturn|p2b: Ninetales|Protect\n|move|p1b: Sneasler|Dire Claw|p2a: Rotom\n|-damage|p2a: Rotom|33/100 brn\n|-enditem|p2a: Rotom|Sitrus Berry|[eat]\n|-heal|p2a: Rotom|58/100 brn|[from] item: Sitrus Berry\n|move|p1a: Archaludon|Dragon Pulse|p2a: Rotom\n|-damage|p2a: Rotom|11/100 brn\n|move|p2a: Rotom|Thunderbolt|p1b: Sneasler\n|-damage|p1b: Sneasler|0 fnt\n|faint|p1b: Sneasler\n|\n|-weather|Snowscape|[upkeep]\n|-damage|p2a: Rotom|6/100 brn|[from] brn\n|upkeep\n|\n|t:|1776565523\n|switch|p1b: Pelipper|Pelipper, L50, M, shiny|100/100\n|-weather|RainDance|[from] ability: Drizzle|[of] p1b: Pelipper\n|turn|9\n|inactive|Cylantro has 30 seconds left.\n|\n|t:|1776565549\n|move|p1a: Archaludon|Dragon Pulse|p2a: Rotom\n|-damage|p2a: Rotom|0 fnt\n|faint|p2a: Rotom\n|move|p2b: Ninetales|Moonblast|p1a: Archaludon\n|-damage|p1a: Archaludon|0 fnt\n|faint|p1a: Archaludon\n|move|p1b: Pelipper|Weather Ball|p2b: Ninetales\n|-damage|p2b: Ninetales|0 fnt\n|faint|p2b: Ninetales\n|\n|-weather|RainDance|[upkeep]\n|upkeep\n|\n|t:|1776565558\n|switch|p2b: Tauros|Tauros-Paldea-Blaze, L50, M|50/100\n|-ability|p2b: Tauros|Intimidate|boost\n|-unboost|p1b: Pelipper|atk|1\n|turn|10\n|c|\u2606Cylantro|one day you will evolve from the sneasler cruch\n|c|\u2606Cylantro|i only wish it was a day sooner\n|\n|t:|1776565577\n|move|p2b: Tauros|Rock Slide|p1b: Pelipper\n|-supereffective|p1b: Pelipper|1\n|-damage|p1b: Pelipper|59/100\n|move|p1b: Pelipper|Weather Ball|p2b: Tauros\n|-supereffective|p2b: Tauros|1\n|-damage|p2b: Tauros|0 fnt\n|faint|p2b: Tauros\n|\n|win|KilamanolaVGC\n|raw|KilamanolaVGC's rating: 1278 &rarr; <strong>1304</strong><br />(+26 for winning)\n|raw|Cylantro's rating: 1286 &rarr; <strong>1260</strong><br />(-26 for losing)\n|l|\u2606Cylantro\n|player|p2|\n",
  "uploadtime": 1776565623,
  "views": 24,
  "formatid": "gen9championsvgc2026regma",
  "rating": 1260,
  "private": 0,
  "password": null
}