{
  "id": "gen9championsvgc2026regma-2588834704",
  "format": "[Gen 9 Champions] VGC 2026 Reg M-A",
  "players": [
    "Burroughs",
    "Hoshinaaa"
  ],
  "log": "|j|\u2606Burroughs\n|j|\u2606Hoshinaaa\n|t:|1776676601\n|gametype|doubles\n|player|p1|Burroughs|102|1566\n|player|p2|Hoshinaaa|rosa|1681\n|gen|9\n|tier|[Gen 9 Champions] VGC 2026 Reg M-A\n|rated|\n|rule|Species Clause: Limit one of each Pok\u00e9mon\n|rule|Item Clause: Limit 1 of each item\n|clearpoke\n|poke|p1|Floette-Eternal, L50, F, shiny|\n|poke|p1|Incineroar, L50, M|\n|poke|p1|Kommo-o, L50, M|\n|poke|p1|Sneasler, L50, F|\n|poke|p1|Rotom-Wash, L50|\n|poke|p1|Aegislash, L50, F|\n|poke|p2|Starmie, L50|\n|poke|p2|Incineroar, L50, M|\n|poke|p2|Sinistcha-Masterpiece, L50|\n|poke|p2|Kingambit, L50, F|\n|poke|p2|Glimmora, L50, M|\n|poke|p2|Corviknight, L50, F|\n|teampreview|4\n|inactive|Battle timer is ON: inactive players will automatically lose when time's up. (requested by Hoshinaaa)\n|j| Jarzy1\n|inactive|Hoshinaaa has 60 seconds left.\n|\n|t:|1776676638\n|teamsize|p1|4\n|teamsize|p2|4\n|start\n|switch|p1a: Sneasler|Sneasler, L50, F|100/100\n|switch|p1b: Aegislash|Aegislash, L50, F|100/100\n|switch|p2a: Sinistcha|Sinistcha-Masterpiece, L50|100/100\n|switch|p2b: Incineroar|Incineroar, L50, M|100/100\n|-ability|p2b: Incineroar|Intimidate|boost\n|-unboost|p1a: Sneasler|atk|1\n|-unboost|p1b: Aegislash|atk|1\n|-enditem|p1a: Sneasler|White Herb\n|-clearnegativeboost|p1a: Sneasler|[silent]\n|turn|1\n|\n|t:|1776676660\n|switch|p2b: Glimmora|Glimmora, L50, M|100/100\n|move|p1a: Sneasler|Fake Out|p2b: Glimmora\n|-resisted|p2b: Glimmora|1\n|-damage|p2b: Glimmora|91/100\n|-activate|p2b: Glimmora|ability: Toxic Debris\n|-sidestart|p1: Burroughs|move: Toxic Spikes\n|move|p2a: Sinistcha|Strength Sap|p1a: Sneasler\n|-unboost|p1a: Sneasler|atk|1\n|-formechange|p1b: Aegislash|Aegislash-Blade|\n|move|p1b: Aegislash|Poltergeist|p2a: Sinistcha\n|-activate|p2a: Sinistcha|move: Poltergeist|Colbur Berry\n|-supereffective|p2a: Sinistcha|1\n|-damage|p2a: Sinistcha|12/100\n|\n|upkeep\n|turn|2\n|inactive|Hoshinaaa has 30 seconds left.\n|\n|t:|1776676686\n|move|p2a: Sinistcha|Protect|p2a: Sinistcha\n|-singleturn|p2a: Sinistcha|Protect\n|move|p1a: Sneasler|Dire Claw|p2a: Sinistcha\n|-activate|p2a: Sinistcha|move: Protect\n|move|p2b: Glimmora|Earth Power|p1a: Sneasler\n|-supereffective|p1a: Sneasler|1\n|-damage|p1a: Sneasler|3/100\n|move|p1b: Aegislash|Iron Head|p2b: Glimmora\n|-supereffective|p2b: Glimmora|1\n|-damage|p2b: Glimmora|11/100\n|-activate|p2b: Glimmora|ability: Toxic Debris\n|-sidestart|p1: Burroughs|move: Toxic Spikes\n|\n|upkeep\n|turn|3\n|inactive|Burroughs has 30 seconds left.\n|\n|t:|1776676717\n|switch|p2a: Incineroar|Incineroar, L50, M|100/100\n|-ability|p2a: Incineroar|Intimidate|boost\n|-unboost|p1a: Sneasler|atk|1\n|-unboost|p1b: Aegislash|atk|1\n|move|p2b: Glimmora|Spiky Shield|p2b: Glimmora\n|-singleturn|p2b: Glimmora|move: Protect\n|move|p1b: Aegislash|Shadow Sneak|p2a: Incineroar\n|-resisted|p2a: Incineroar|1\n|-damage|p2a: Incineroar|94/100\n|move|p1a: Sneasler|Close Combat|p2b: Glimmora\n|-activate|p2b: Glimmora|move: Protect\n|-damage|p1a: Sneasler|0 fnt|[from] Spiky Shield|[of] p2b: Glimmora\n|faint|p1a: Sneasler\n|\n|upkeep\n|\n|t:|1776676727\n|switch|p1a: Kommo-o|Kommo-o, L50, M|100/100\n|-status|p1a: Kommo-o|tox\n|turn|4\n|\n|t:|1776676746\n|-formechange|p1b: Aegislash|Aegislash|\n|move|p1b: Aegislash|King's Shield|p1b: Aegislash\n|-singleturn|p1b: Aegislash|Protect\n|move|p1a: Kommo-o|Clangorous Soul|p1a: Kommo-o\n|-boost|p1a: Kommo-o|atk|1\n|-boost|p1a: Kommo-o|def|1\n|-boost|p1a: Kommo-o|spa|1\n|-boost|p1a: Kommo-o|spd|1\n|-boost|p1a: Kommo-o|spe|1\n|-damage|p1a: Kommo-o|68/100 tox\n|move|p2b: Glimmora|Sludge Bomb|p1a: Kommo-o\n|-crit|p1a: Kommo-o\n|-damage|p1a: Kommo-o|0 fnt\n|faint|p1a: Kommo-o\n|move|p2a: Incineroar|Parting Shot|p1b: Aegislash\n|-unboost|p1b: Aegislash|atk|1\n|-unboost|p1b: Aegislash|spa|1\n|\n|t:|1776676762\n|switch|p2a: Starmie|Starmie, L50|100/100|[from] Parting Shot\n|\n|upkeep\n|\n|t:|1776676765\n|switch|p1a: Incineroar|Incineroar, L50, M|100/100\n|-status|p1a: Incineroar|tox\n|-ability|p1a: Incineroar|Intimidate|boost\n|-unboost|p2a: Starmie|atk|1\n|-unboost|p2b: Glimmora|atk|1\n|turn|5\n|\n|t:|1776676774\n|detailschange|p2a: Starmie|Starmie-Mega, L50\n|-mega|p2a: Starmie|Starmie|Starminite\n|move|p2a: Starmie|Protect|p2a: Starmie\n|-singleturn|p2a: Starmie|Protect\n|move|p2b: Glimmora|Spiky Shield|p2b: Glimmora\n|-singleturn|p2b: Glimmora|move: Protect\n|move|p1a: Incineroar|Fake Out|p2a: Starmie\n|-activate|p2a: Starmie|move: Protect\n|-formechange|p1b: Aegislash|Aegislash-Blade|\n|move|p1b: Aegislash|Poltergeist|p2a: Starmie\n|-activate|p2a: Starmie|move: Protect\n|\n|-damage|p1a: Incineroar|95/100 tox|[from] psn\n|upkeep\n|turn|6\n|-message|Burroughs forfeited.\n|\n|win|Hoshinaaa\n|raw|Burroughs's rating: 1566 &rarr; <strong>1552</strong><br />(-14 for losing)\n|raw|Hoshinaaa's rating: 1681 &rarr; <strong>1695</strong><br />(+14 for winning)\n|l|\u2606Burroughs\n|player|p1|\n|l|\u2606Hoshinaaa\n|player|p2|\n",
  "uploadtime": 1776676814,
  "views": 12,
  "formatid": "gen9championsvgc2026regma",
  "rating": 1552,
  "private": 0,
  "password": null
}