{
  "id": "gen9championsvgc2026regma-2585534209",
  "format": "[Gen 9 Champions] VGC 2026 Reg M-A",
  "players": [
    "5wamp",
    "Neekz0"
  ],
  "log": "|j|\u26065wamp\n|j|\u2606Neekz0\n|t:|1776353901\n|gametype|doubles\n|player|p1|5wamp|carmine-festival|1202\n|player|p2|Neekz0|101|1237\n|gen|9\n|tier|[Gen 9 Champions] VGC 2026 Reg M-A\n|rated|\n|rule|Species Clause: Limit one of each Pok\u00e9mon\n|rule|Item Clause: Limit 1 of each item\n|clearpoke\n|poke|p1|Floette-Eternal, L50, F|\n|poke|p1|Sneasler, L50, F|\n|poke|p1|Aerodactyl, L50, M|\n|poke|p1|Delphox, L50, M|\n|poke|p1|Garchomp, L50, M|\n|poke|p1|Kingambit, L50, M|\n|poke|p2|Torkoal, L50, F|\n|poke|p2|Hawlucha, L50, M|\n|poke|p2|Farigiraf, L50, M|\n|poke|p2|Snorlax, L50, F|\n|poke|p2|Kingambit, L50, M|\n|poke|p2|Sinistcha-Masterpiece, L50|\n|teampreview|4\n|inactive|Battle timer is ON: inactive players will automatically lose when time's up. (requested by 5wamp)\n|inactive|5wamp has 60 seconds left.\n|inactive|Neekz0 has 60 seconds left.\n|\n|t:|1776353946\n|teamsize|p1|4\n|teamsize|p2|4\n|start\n|switch|p1a: Delphox|Delphox, L50, M|100/100\n|switch|p1b: Kingambit|Kingambit, L50, M|100/100\n|switch|p2a: Snorlax|Snorlax, L50, F|100/100\n|switch|p2b: Hawlucha|Hawlucha, L50, M|100/100\n|turn|1\n|inactive|Neekz0 has 30 seconds left.\n|inactive|Neekz0 has 20 seconds left.\n|inactive|Neekz0 has 15 seconds left.\n|inactive|Neekz0 has 10 seconds left.\n|\n|t:|1776353995\n|detailschange|p1a: Delphox|Delphox-Mega, L50, M\n|-mega|p1a: Delphox|Delphox|Delphoxite\n|move|p2b: Hawlucha|Protect|p2b: Hawlucha\n|-singleturn|p2b: Hawlucha|Protect\n|move|p1a: Delphox|Psychic|p2b: Hawlucha\n|-activate|p2b: Hawlucha|move: Protect\n|move|p1b: Kingambit|Low Kick|p2a: Snorlax\n|-supereffective|p2a: Snorlax|1\n|-damage|p2a: Snorlax|39/100\n|move|p2a: Snorlax|Rock Slide|p1b: Kingambit|[spread] p1a\n|-miss|p2a: Snorlax|p1b: Kingambit\n|-supereffective|p1a: Delphox|1\n|-damage|p1a: Delphox|58/100\n|\n|-heal|p2a: Snorlax|45/100|[from] item: Leftovers\n|upkeep\n|turn|2\n|inactive|Neekz0 has 30 seconds left.\n|inactive|Neekz0 has 20 seconds left.\n|inactive|Neekz0 has 15 seconds left.\n|\n|t:|1776354039\n|switch|p2b: Sinistcha|Sinistcha-Masterpiece, L50|100/100\n|-heal|p2a: Snorlax|70/100|[from] ability: Hospitality|[of] p2b: Sinistcha\n|move|p1a: Delphox|Psychic|p2b: Sinistcha\n|-damage|p2b: Sinistcha|46/100\n|-enditem|p2b: Sinistcha|Sitrus Berry|[eat]\n|-heal|p2b: Sinistcha|71/100|[from] item: Sitrus Berry\n|move|p1b: Kingambit|Low Kick|p2a: Snorlax\n|-supereffective|p2a: Snorlax|1\n|-damage|p2a: Snorlax|7/100\n|move|p2a: Snorlax|Rock Slide|p1a: Delphox|[spread] p1a,p1b\n|-supereffective|p1a: Delphox|1\n|-resisted|p1b: Kingambit|1\n|-damage|p1a: Delphox|14/100\n|-damage|p1b: Kingambit|96/100\n|\n|-heal|p2a: Snorlax|13/100|[from] item: Leftovers\n|upkeep\n|turn|3\n|inactive|Neekz0 has 30 seconds left.\n|inactive|Neekz0 has 20 seconds left.\n|\n|t:|1776354077\n|switch|p2b: Kingambit|Kingambit, L50, M|100/100\n|move|p2a: Snorlax|Protect|p2a: Snorlax\n|-singleturn|p2a: Snorlax|Protect\n|move|p1a: Delphox|Heat Wave|p2b: Kingambit|[spread] p2b\n|-activate|p2a: Snorlax|move: Protect\n|-supereffective|p2b: Kingambit|1\n|-damage|p2b: Kingambit|13/100\n|move|p1b: Kingambit|Kowtow Cleave|p2b: Kingambit\n|-resisted|p2b: Kingambit|1\n|-damage|p2b: Kingambit|0 fnt\n|faint|p2b: Kingambit\n|\n|-heal|p2a: Snorlax|19/100|[from] item: Leftovers\n|upkeep\n|\n|t:|1776354085\n|switch|p2b: Hawlucha|Hawlucha, L50, M|100/100\n|turn|4\n|\n|t:|1776354106\n|detailschange|p2b: Hawlucha|Hawlucha-Mega, L50, M\n|-mega|p2b: Hawlucha|Hawlucha|Hawluchanite\n|move|p1a: Delphox|Heat Wave|p2b: Hawlucha|[spread] p2a,p2b\n|-damage|p2a: Snorlax|7/100\n|-damage|p2b: Hawlucha|48/100\n|move|p2b: Hawlucha|Brave Bird|p1a: Delphox\n|-damage|p1a: Delphox|0 fnt\n|faint|p1a: Delphox\n|-damage|p2b: Hawlucha|43/100|[from] Recoil\n|move|p1b: Kingambit|Kowtow Cleave|p2b: Hawlucha\n|-resisted|p2b: Hawlucha|1\n|-damage|p2b: Hawlucha|17/100\n|move|p2a: Snorlax|Fissure|p1b: Kingambit|[miss]\n|-miss|p2a: Snorlax|p1b: Kingambit\n|\n|-heal|p2a: Snorlax|13/100|[from] item: Leftovers\n|upkeep\n|\n|t:|1776354121\n|switch|p1a: Sneasler|Sneasler, L50, F|100/100\n|turn|5\n|\n|t:|1776354131\n|move|p2b: Hawlucha|Protect|p2b: Hawlucha\n|-singleturn|p2b: Hawlucha|Protect\n|move|p2a: Snorlax|Protect|p2a: Snorlax\n|-singleturn|p2a: Snorlax|Protect\n|move|p1a: Sneasler|Dire Claw|p2b: Hawlucha\n|-activate|p2b: Hawlucha|move: Protect\n|move|p1b: Kingambit|Low Kick|p2a: Snorlax\n|-activate|p2a: Snorlax|move: Protect\n|\n|-heal|p2a: Snorlax|19/100|[from] item: Leftovers\n|upkeep\n|turn|6\n|inactive|Neekz0 has 30 seconds left.\n|\n|t:|1776354156\n|switch|p2a: Sinistcha|Sinistcha-Masterpiece, L50|71/100\n|-heal|p2b: Hawlucha|42/100|[from] ability: Hospitality|[of] p2a: Sinistcha\n|move|p1b: Kingambit|Sucker Punch|p2b: Hawlucha\n|-resisted|p2b: Hawlucha|1\n|-damage|p2b: Hawlucha|21/100\n|move|p1a: Sneasler|Dire Claw|p2b: Hawlucha\n|-damage|p2b: Hawlucha|0 fnt\n|faint|p2b: Hawlucha\n|\n|upkeep\n|-message|Neekz0 forfeited.\n|\n|win|5wamp\n|raw|5wamp's rating: 1202 &rarr; <strong>1230</strong><br />(+28 for winning)\n|raw|Neekz0's rating: 1237 &rarr; <strong>1209</strong><br />(-28 for losing)\n|l|\u2606Neekz0\n|player|p2|\n",
  "uploadtime": 1776354177,
  "views": 33,
  "formatid": "gen9championsvgc2026regma",
  "rating": 1209,
  "private": 0,
  "password": null
}