{
  "id": "gen9championsvgc2026regma-2584467680",
  "format": "[Gen 9 Champions] VGC 2026 Reg M-A",
  "players": [
    "Chocokoala VGC",
    "wontooni"
  ],
  "log": "|j|\u2606Chocokoala VGC\n|j|\u203dwontooni\n|t:|1776262865\n|gametype|doubles\n|player|p1|Chocokoala VGC|aaron|1079\n|player|p2|wontooni|101|1000\n|gen|9\n|tier|[Gen 9 Champions] VGC 2026 Reg M-A\n|rated|\n|rule|Species Clause: Limit one of each Pok\u00e9mon\n|rule|Item Clause: Limit 1 of each item\n|clearpoke\n|poke|p1|Glimmora, L50, M|\n|poke|p1|Whimsicott, L50, M|\n|poke|p1|Aegislash, L50, F|\n|poke|p1|Hydreigon, L50, M|\n|poke|p1|Pikachu, L50, M|\n|poke|p1|Garchomp, L50, F|\n|poke|p2|Charizard, L50, M|\n|poke|p2|Aerodactyl, L50, M|\n|poke|p2|Whimsicott, L50, F|\n|poke|p2|Typhlosion-Hisui, L50, F|\n|poke|p2|Venusaur, L50, F|\n|poke|p2|Meganium, L50, M|\n|teampreview|4\n|inactive|Battle timer is ON: inactive players will automatically lose when time's up. (requested by Chocokoala VGC)\n|\n|t:|1776262889\n|teamsize|p1|4\n|teamsize|p2|4\n|start\n|switch|p1a: Whimsicott|Whimsicott, L50, M|100/100\n|switch|p1b: Glimmora|Glimmora, L50, M|100/100\n|switch|p2a: Whimsicott|Whimsicott, L50, F|100/100\n|switch|p2b: Venusaur|Venusaur, L50, F|100/100\n|turn|1\n|inactive|Chocokoala VGC has 30 seconds left.\n|\n|t:|1776262916\n|detailschange|p1b: Glimmora|Glimmora-Mega, L50, M\n|-mega|p1b: Glimmora|Glimmora|Glimmoranite\n|move|p2b: Venusaur|Protect|p2b: Venusaur\n|-singleturn|p2b: Venusaur|Protect\n|move|p1a: Whimsicott|Tailwind|p1a: Whimsicott\n|-sidestart|p1: Chocokoala VGC|move: Tailwind\n|move|p2a: Whimsicott|Tailwind|p2a: Whimsicott\n|-sidestart|p2: wontooni|move: Tailwind\n|move|p1b: Glimmora|Sludge Bomb|p2b: Venusaur\n|-activate|p2b: Venusaur|move: Protect\n|\n|upkeep\n|turn|2\n|\n|t:|1776262941\n|move|p1a: Whimsicott|Encore|p2b: Venusaur\n|-start|p2b: Venusaur|Encore\n|move|p2b: Venusaur|Protect||[still]\n|-fail|p2b: Venusaur\n|move|p2a: Whimsicott|Sunny Day|p2a: Whimsicott\n|-weather|SunnyDay\n|move|p1b: Glimmora|Sludge Bomb|p2a: Whimsicott\n|-supereffective|p2a: Whimsicott|2\n|-damage|p2a: Whimsicott|0 fnt\n|faint|p2a: Whimsicott\n|\n|-weather|SunnyDay|[upkeep]\n|upkeep\n|\n|t:|1776262957\n|switch|p2a: Typhlosion|Typhlosion-Hisui, L50, F|100/100\n|-item|p1a: Whimsicott|Focus Sash|[from] ability: Frisk|[of] p2a: Typhlosion\n|-item|p1b: Glimmora|Glimmoranite|[from] ability: Frisk|[of] p2a: Typhlosion\n|turn|3\n|\n|t:|1776262979\n|switch|p1b: Hydreigon|Hydreigon, L50, M|100/100\n|move|p2b: Venusaur|Protect|p2b: Venusaur\n|-singleturn|p2b: Venusaur|Protect\n|move|p1a: Whimsicott|Fake Tears|p2a: Typhlosion\n|-unboost|p2a: Typhlosion|spd|2\n|move|p2a: Typhlosion|Eruption|p1a: Whimsicott|[spread] p1a,p1b\n|-supereffective|p1a: Whimsicott|1\n|-resisted|p1b: Hydreigon|1\n|-enditem|p1a: Whimsicott|Focus Sash\n|-damage|p1a: Whimsicott|1/100\n|-damage|p1b: Hydreigon|53/100\n|\n|-weather|SunnyDay|[upkeep]\n|upkeep\n|turn|4\n|\n|t:|1776262999\n|switch|p1a: Glimmora|Glimmora-Mega, L50, M|100/100\n|move|p2b: Venusaur|Protect||[still]\n|-fail|p2b: Venusaur\n|move|p2a: Typhlosion|Eruption|p1a: Glimmora|[spread] p1a,p1b\n|-resisted|p1a: Glimmora|1\n|-resisted|p1b: Hydreigon|1\n|-damage|p1a: Glimmora|54/100\n|-damage|p1b: Hydreigon|7/100\n|move|p1b: Hydreigon|Dark Pulse|p2a: Typhlosion\n|-supereffective|p2a: Typhlosion|1\n|-damage|p2a: Typhlosion|0 fnt\n|faint|p2a: Typhlosion\n|\n|-weather|SunnyDay|[upkeep]\n|-end|p2b: Venusaur|Encore\n|-sideend|p2: wontooni|move: Tailwind\n|-sideend|p1: Chocokoala VGC|move: Tailwind\n|upkeep\n|\n|t:|1776263005\n|switch|p2a: Charizard|Charizard, L50, M|100/100\n|turn|5\n|\n|t:|1776263023\n|move|p2a: Charizard|Protect|p2a: Charizard\n|-singleturn|p2a: Charizard|Protect\n|move|p1a: Glimmora|Spiky Shield|p1a: Glimmora\n|-singleturn|p1a: Glimmora|move: Protect\n|move|p2b: Venusaur|Sleep Powder|p1a: Glimmora\n|-activate|p1a: Glimmora|move: Protect\n|move|p1b: Hydreigon|Draco Meteor|p2a: Charizard\n|-activate|p2a: Charizard|move: Protect\n|\n|-weather|SunnyDay|[upkeep]\n|-damage|p2a: Charizard|88/100|[from] ability: Solar Power|[of] p2a: Charizard\n|upkeep\n|turn|6\n|\n|t:|1776263043\n|switch|p1a: Aegislash|Aegislash, L50, F|100/100\n|move|p2b: Venusaur|Sleep Powder|p1a: Aegislash|[miss]\n|-miss|p2b: Venusaur|p1a: Aegislash\n|move|p2a: Charizard|Heat Wave|p1b: Hydreigon|[spread] p1a,p1b\n|-supereffective|p1a: Aegislash|1\n|-resisted|p1b: Hydreigon|1\n|-damage|p1a: Aegislash|0 fnt\n|-damage|p1b: Hydreigon|0 fnt\n|faint|p1a: Aegislash\n|faint|p1b: Hydreigon\n|\n|-weather|none\n|upkeep\n|\n|t:|1776263056\n|switch|p1b: Whimsicott|Whimsicott, L50, M|1/100\n|switch|p1a: Glimmora|Glimmora-Mega, L50, M|54/100\n|turn|7\n|\n|t:|1776263079\n|detailschange|p2a: Charizard|Charizard-Mega-Y, L50, M\n|-mega|p2a: Charizard|Charizard|Charizardite Y\n|-weather|SunnyDay|[from] ability: Drought|[of] p2a: Charizard\n|move|p1a: Glimmora|Spiky Shield|p1a: Glimmora\n|-singleturn|p1a: Glimmora|move: Protect\n|move|p1b: Whimsicott|Tailwind|p1b: Whimsicott\n|-sidestart|p1: Chocokoala VGC|move: Tailwind\n|move|p2b: Venusaur|Solar Beam||[still]\n|-prepare|p2b: Venusaur|Solar Beam\n|-anim|p2b: Venusaur|Solar Beam|p1a: Glimmora\n|-activate|p1a: Glimmora|move: Protect\n|move|p2a: Charizard|Heat Wave|p1b: Whimsicott|[spread] p1b\n|-activate|p1a: Glimmora|move: Protect\n|-supereffective|p1b: Whimsicott|1\n|-damage|p1b: Whimsicott|0 fnt\n|faint|p1b: Whimsicott\n|\n|-weather|SunnyDay|[upkeep]\n|upkeep\n|turn|8\n|\n|t:|1776263102\n|move|p1a: Glimmora|Sludge Bomb|p2b: Venusaur\n|-damage|p2b: Venusaur|15/100\n|move|p2b: Venusaur|Solar Beam||[still]\n|-prepare|p2b: Venusaur|Solar Beam\n|-anim|p2b: Venusaur|Solar Beam|p1a: Glimmora\n|-damage|p1a: Glimmora|0 fnt\n|faint|p1a: Glimmora\n|\n|win|wontooni\n|raw|Chocokoala VGC's rating: 1079 &rarr; <strong>1052</strong><br />(-27 for losing)\n|raw|wontooni's rating: 1000 &rarr; <strong>1049</strong><br />(+49 for winning)\n",
  "uploadtime": 1776263103,
  "views": 21,
  "formatid": "gen9championsvgc2026regma",
  "rating": 1049,
  "private": 0,
  "password": null
}