{
  "id": "gen9championsvgc2026regma-2588569825",
  "format": "[Gen 9 Champions] VGC 2026 Reg M-A",
  "players": [
    "sdlt 2krl coolguy",
    "iip"
  ],
  "log": "|raw|<div class=\"broadcast-blue\"><strong>This battle is required to be public due to a player having a name starting with 'sdlt'.</div>\n|j|\u2606sdlt 2krl coolguy\n|j|\u2606iip\n|t:|1776645952\n|gametype|doubles\n|player|p1|sdlt 2krl coolguy|leon-masters2|1348\n|player|p2|iip|crasherwake|1343\n|gen|9\n|tier|[Gen 9 Champions] VGC 2026 Reg M-A\n|rated|\n|rule|Species Clause: Limit one of each Pok\u00e9mon\n|rule|Item Clause: Limit 1 of each item\n|clearpoke\n|poke|p1|Floette-Eternal, L50, F|\n|poke|p1|Incineroar, L50, M|\n|poke|p1|Sinistcha, L50|\n|poke|p1|Garchomp, L50, F|\n|poke|p1|Sneasler, L50, F|\n|poke|p1|Kingambit, L50, M|\n|poke|p2|Charizard, L50, F|\n|poke|p2|Whimsicott, L50, M|\n|poke|p2|Basculegion, L50, M|\n|poke|p2|Farigiraf, L50, F|\n|poke|p2|Kangaskhan, L50, F|\n|poke|p2|Sneasler, L50, M|\n|teampreview|4\n|inactive|Battle timer is ON: inactive players will automatically lose when time's up. (requested by sdlt 2krl coolguy)\n|\n|t:|1776645967\n|teamsize|p1|4\n|teamsize|p2|4\n|start\n|switch|p1a: Garchomp|Garchomp, L50, F|100/100\n|switch|p1b: Incineroar|Incineroar, L50, M|100/100\n|switch|p2a: Farigiraf|Farigiraf, L50, F|100/100\n|switch|p2b: Kangaskhan|Kangaskhan, L50, F|100/100\n|-ability|p1b: Incineroar|Intimidate|boost\n|-unboost|p2a: Farigiraf|atk|1\n|-fail|p2b: Kangaskhan|unboost|Attack|[from] ability: Scrappy|[of] p2b: Kangaskhan\n|turn|1\n|inactive|iip has 30 seconds left.\n|\n|t:|1776645997\n|detailschange|p2b: Kangaskhan|Kangaskhan-Mega, L50, F\n|-mega|p2b: Kangaskhan|Kangaskhan|Kangaskhanite\n|move|p1a: Garchomp|Protect|p1a: Garchomp\n|-singleturn|p1a: Garchomp|Protect\n|move|p2b: Kangaskhan|Fake Out|p1b: Incineroar\n|-crit|p1b: Incineroar\n|-damage|p1b: Incineroar|74/100\n|-damage|p1b: Incineroar|70/100\n|-hitcount|p1b: Incineroar|2\n|cant|p1b: Incineroar|flinch\n|move|p2a: Farigiraf|Hyper Voice|p1a: Garchomp|[spread] p1b\n|-activate|p1a: Garchomp|move: Protect\n|-damage|p1b: Incineroar|45/100\n|\n|upkeep\n|turn|2\n|\n|t:|1776646018\n|move|p1a: Garchomp|Dragon Claw|p2b: Kangaskhan\n|-damage|p2b: Kangaskhan|58/100\n|move|p2b: Kangaskhan|Drain Punch|p1b: Incineroar\n|-supereffective|p1b: Incineroar|1\n|-enditem|p1b: Incineroar|Chople Berry|[eat]\n|-enditem|p1b: Incineroar|Chople Berry|[weaken]\n|-damage|p1b: Incineroar|22/100\n|-heal|p2b: Kangaskhan|70/100|[from] drain|[of] p1b: Incineroar\n|-supereffective|p1b: Incineroar|1\n|-damage|p1b: Incineroar|11/100\n|-heal|p2b: Kangaskhan|76/100|[from] drain|[of] p1b: Incineroar\n|-hitcount|p1b: Incineroar|2\n|move|p1b: Incineroar|Parting Shot|p2b: Kangaskhan\n|-unboost|p2b: Kangaskhan|atk|1\n|-unboost|p2b: Kangaskhan|spa|1\n|\n|t:|1776646025\n|switch|p1b: Floette|Floette-Eternal, L50, F|100/100|[from] Parting Shot\n|move|p2a: Farigiraf|Hyper Voice|p1b: Floette|[spread] p1a,p1b\n|-damage|p1a: Garchomp|69/100\n|-damage|p1b: Floette|77/100\n|\n|upkeep\n|turn|3\n|inactive|iip has 30 seconds left.\n|inactive|iip has 20 seconds left.\n|\n|t:|1776646060\n|switch|p1b: Incineroar|Incineroar, L50, M|11/100\n|-ability|p1b: Incineroar|Intimidate|boost\n|-unboost|p2a: Farigiraf|atk|1\n|-unboost|p2b: Kangaskhan|atk|1\n|move|p1a: Garchomp|Dragon Claw|p2b: Kangaskhan\n|-damage|p2b: Kangaskhan|37/100\n|move|p2b: Kangaskhan|Double-Edge|p1b: Incineroar\n|-damage|p1b: Incineroar|0 fnt\n|faint|p1b: Incineroar\n|-hitcount|p1: Incineroar|1\n|-damage|p2b: Kangaskhan|33/100|[from] Recoil\n|move|p2a: Farigiraf|Hyper Voice|p1a: Garchomp\n|-damage|p1a: Garchomp|25/100\n|\n|upkeep\n|\n|t:|1776646070\n|switch|p1b: Floette|Floette-Eternal, L50, F|77/100\n|turn|4\n|\n|t:|1776646088\n|switch|p2b: Basculegion|Basculegion, L50, M|100/100\n|detailschange|p1b: Floette|Floette-Mega, L50, F\n|-mega|p1b: Floette|Floette|Floettite\n|-ability|p1b: Floette|Fairy Aura\n|move|p1a: Garchomp|Dragon Claw|p2b: Basculegion\n|-damage|p2b: Basculegion|42/100\n|move|p1b: Floette|Moonblast|p2a: Farigiraf\n|-damage|p2a: Farigiraf|29/100\n|-enditem|p2a: Farigiraf|Sitrus Berry|[eat]\n|-heal|p2a: Farigiraf|54/100|[from] item: Sitrus Berry\n|move|p2a: Farigiraf|Hyper Voice|p1a: Garchomp|[spread] p1a,p1b\n|-damage|p1a: Garchomp|0 fnt\n|-damage|p1b: Floette|56/100\n|faint|p1a: Garchomp\n|\n|upkeep\n|\n|t:|1776646109\n|switch|p1a: Sneasler|Sneasler, L50, F|100/100\n|turn|5\n|\n|t:|1776646133\n|move|p2b: Basculegion|Wave Crash|p1b: Floette\n|-damage|p1b: Floette|0 fnt\n|faint|p1b: Floette\n|-damage|p2b: Basculegion|25/100|[from] Recoil\n|move|p1a: Sneasler|Close Combat|p2a: Farigiraf\n|-damage|p2a: Farigiraf|3/100\n|-unboost|p1a: Sneasler|def|1\n|-unboost|p1a: Sneasler|spd|1\n|-enditem|p1a: Sneasler|White Herb\n|-clearnegativeboost|p1a: Sneasler|[silent]\n|move|p2a: Farigiraf|Psychic|p1a: Sneasler\n|-supereffective|p1a: Sneasler|2\n|-damage|p1a: Sneasler|0 fnt\n|faint|p1a: Sneasler\n|\n|win|iip\n|raw|sdlt 2krl coolguy's rating: 1348 &rarr; <strong>1328</strong><br />(-20 for losing)\n|raw|iip's rating: 1343 &rarr; <strong>1363</strong><br />(+20 for winning)\n",
  "uploadtime": 1776646133,
  "views": 8,
  "formatid": "gen9championsvgc2026regma",
  "rating": 1328,
  "private": 0,
  "password": null
}