{
  "id": "gen9championsvgc2026regma-2588174055",
  "format": "[Gen 9 Champions] VGC 2026 Reg M-A",
  "players": [
    "buh cat vgc",
    "Cello L."
  ],
  "log": "|j|\u2606buh cat vgc\n|j|\u2606Cello L.\n|t:|1776611489\n|gametype|doubles\n|player|p1|buh cat vgc|102|1458\n|player|p2|Cello L.|cynthia-gen4|1562\n|gen|9\n|tier|[Gen 9 Champions] VGC 2026 Reg M-A\n|rated|\n|rule|Species Clause: Limit one of each Pok\u00e9mon\n|rule|Item Clause: Limit 1 of each item\n|clearpoke\n|poke|p1|Floette-Eternal, L50, F|\n|poke|p1|Talonflame, L50, F|\n|poke|p1|Basculegion, L50, M|\n|poke|p1|Garchomp, L50, M|\n|poke|p1|Incineroar, L50, F|\n|poke|p1|Maushold, L50|\n|poke|p2|Floette-Eternal, L50, F|\n|poke|p2|Tyranitar, L50, F|\n|poke|p2|Sneasler, L50, M|\n|poke|p2|Palafin, L50, F|\n|poke|p2|Incineroar, L50, M|\n|poke|p2|Sinistcha-Masterpiece, L50|\n|teampreview|4\n|\n|t:|1776611576\n|teamsize|p1|4\n|teamsize|p2|4\n|start\n|switch|p1a: Garchomp|Garchomp, L50, M|100/100\n|switch|p1b: Floette|Floette-Eternal, L50, F|100/100\n|switch|p2a: Heir|Floette-Eternal, L50, F|100/100\n|switch|p2b: Ebb and Flow|Palafin, L50, F|100/100\n|turn|1\n|\n|t:|1776611628\n|switch|p1a: Incineroar|Incineroar, L50, F|100/100\n|-ability|p1a: Incineroar|Intimidate|boost\n|-unboost|p2a: Heir|atk|1\n|-unboost|p2b: Ebb and Flow|atk|1\n|detailschange|p1b: Floette|Floette-Mega, L50, F\n|-mega|p1b: Floette|Floette|Floettite\n|-ability|p1b: Floette|Fairy Aura\n|detailschange|p2a: Heir|Floette-Mega, L50, F\n|-mega|p2a: Heir|Floette|Floettite\n|-ability|p2a: Heir|Fairy Aura\n|move|p1b: Floette|Light of Ruin|p2a: Heir\n|-damage|p2a: Heir|9/100\n|-damage|p1b: Floette|46/100|[from] Recoil\n|move|p2a: Heir|Dazzling Gleam|p1b: Floette|[spread] p1a,p1b\n|-damage|p1a: Incineroar|57/100\n|-damage|p1b: Floette|7/100\n|move|p2b: Ebb and Flow|Wave Crash|p1b: Floette\n|-damage|p1b: Floette|0 fnt\n|faint|p1b: Floette\n|-damage|p2b: Ebb and Flow|99/100|[from] Recoil\n|\n|upkeep\n|\n|t:|1776611642\n|switch|p1b: Garchomp|Garchomp, L50, M|100/100\n|turn|2\n|\n|t:|1776611652\n|detailschange|p2b: Ebb and Flow|Palafin-Hero, L50, F\n|switch|p2b: Doctor|Sinistcha-Masterpiece, L50|100/100\n|-heal|p2a: Heir|34/100|[from] ability: Hospitality|[of] p2b: Doctor\n|switch|p1a: Talonflame|Talonflame, L50, F|100/100\n|move|p2a: Heir|Protect|p2a: Heir\n|-singleturn|p2a: Heir|Protect\n|move|p1b: Garchomp|Earthquake|p2b: Doctor|[spread] p2b\n|-activate|p2a: Heir|move: Protect\n|-immune|p1a: Talonflame\n|-resisted|p2b: Doctor|1\n|-damage|p2b: Doctor|83/100\n|\n|upkeep\n|turn|3\n|\n|t:|1776611689\n|switch|p2b: Ebb and Flow|Palafin-Hero, L50, F|99/100\n|-activate|p2b: Ebb and Flow|ability: Zero to Hero\n|move|p1a: Talonflame|Brave Bird|p2b: Ebb and Flow\n|-damage|p2b: Ebb and Flow|45/100\n|-damage|p1a: Talonflame|77/100|[from] Recoil\n|move|p1b: Garchomp|Earthquake|p2a: Heir|[spread] p2a,p2b\n|-immune|p1a: Talonflame\n|-damage|p2a: Heir|0 fnt\n|-damage|p2b: Ebb and Flow|12/100\n|faint|p2a: Heir\n|\n|upkeep\n|\n|t:|1776611701\n|switch|p2a: Doctor|Sinistcha-Masterpiece, L50|83/100\n|-heal|p2b: Ebb and Flow|36/100|[from] ability: Hospitality|[of] p2a: Doctor\n|turn|4\n|\n|t:|1776611740\n|switch|p1b: Incineroar|Incineroar, L50, F|57/100\n|-ability|p1b: Incineroar|Intimidate|boost\n|-unboost|p2a: Doctor|atk|1\n|-unboost|p2b: Ebb and Flow|atk|1\n|move|p1a: Talonflame|Protect|p1a: Talonflame\n|-singleturn|p1a: Talonflame|Protect\n|move|p2b: Ebb and Flow|Jet Punch|p1a: Talonflame\n|-activate|p1a: Talonflame|move: Protect\n|move|p2a: Doctor|Matcha Gotcha|p1a: Talonflame|[spread] p1b\n|-activate|p1a: Talonflame|move: Protect\n|-resisted|p1b: Incineroar|1\n|-damage|p1b: Incineroar|47/100\n|-heal|p2a: Doctor|89/100|[from] drain|[of] p1b: Incineroar\n|-enditem|p1b: Incineroar|Sitrus Berry|[eat]\n|-heal|p1b: Incineroar|71/100|[from] item: Sitrus Berry\n|\n|upkeep\n|turn|5\n|\n|t:|1776611761\n|switch|p2a: Tyranocif|Tyranitar, L50, F|100/100\n|-weather|Sandstorm|[from] ability: Sand Stream|[of] p2a: Tyranocif\n|move|p2b: Ebb and Flow|Protect|p2b: Ebb and Flow\n|-singleturn|p2b: Ebb and Flow|Protect\n|move|p1b: Incineroar|Fake Out|p2b: Ebb and Flow\n|-activate|p2b: Ebb and Flow|move: Protect\n|move|p1a: Talonflame|Brave Bird|p2a: Tyranocif\n|-resisted|p2a: Tyranocif|1\n|-damage|p2a: Tyranocif|78/100\n|-damage|p1a: Talonflame|66/100|[from] Recoil\n|\n|-weather|Sandstorm|[upkeep]\n|-damage|p1a: Talonflame|60/100|[from] Sandstorm\n|-damage|p2b: Ebb and Flow|30/100|[from] Sandstorm\n|-damage|p1b: Incineroar|65/100|[from] Sandstorm\n|upkeep\n|turn|6\n|inactive|Battle timer is ON: inactive players will automatically lose when time's up. (requested by buh cat vgc)\n|\n|t:|1776611805\n|switch|p1b: Garchomp|Garchomp, L50, M|100/100\n|move|p1a: Talonflame|Upper Hand||[still]\n|-fail|p1a: Talonflame\n|move|p2b: Ebb and Flow|Wave Crash|p1a: Talonflame\n|-supereffective|p1a: Talonflame|1\n|-damage|p1a: Talonflame|0 fnt\n|faint|p1a: Talonflame\n|-damage|p2b: Ebb and Flow|15/100|[from] Recoil\n|move|p2a: Tyranocif|Rock Slide|p1b: Garchomp|[miss]\n|-miss|p2a: Tyranocif|p1b: Garchomp\n|\n|-weather|Sandstorm|[upkeep]\n|-damage|p2b: Ebb and Flow|10/100|[from] Sandstorm\n|upkeep\n|\n|t:|1776611813\n|switch|p1a: Incineroar|Incineroar, L50, F|65/100\n|-ability|p1a: Incineroar|Intimidate|boost\n|-unboost|p2a: Tyranocif|atk|1\n|-unboost|p2b: Ebb and Flow|atk|1\n|turn|7\n|\n|t:|1776611825\n|switch|p2a: Doctor|Sinistcha-Masterpiece, L50|89/100\n|-heal|p2b: Ebb and Flow|34/100|[from] ability: Hospitality|[of] p2a: Doctor\n|move|p2b: Ebb and Flow|Protect|p2b: Ebb and Flow\n|-singleturn|p2b: Ebb and Flow|Protect\n|move|p1b: Garchomp|Rock Slide|p2b: Ebb and Flow|[spread] p2a\n|-activate|p2b: Ebb and Flow|move: Protect\n|-damage|p2a: Doctor|72/100\n|move|p1a: Incineroar|Flare Blitz|p2a: Doctor\n|-supereffective|p2a: Doctor|1\n|-damage|p2a: Doctor|0 fnt\n|faint|p2a: Doctor\n|-damage|p1a: Incineroar|45/100|[from] Recoil\n|\n|-weather|Sandstorm|[upkeep]\n|-damage|p2b: Ebb and Flow|29/100|[from] Sandstorm\n|-damage|p1a: Incineroar|39/100|[from] Sandstorm\n|upkeep\n|\n|t:|1776611841\n|switch|p2a: Tyranocif|Tyranitar, L50, F|78/100\n|turn|8\n|inactive|Cello L. has 30 seconds left.\n|\n|t:|1776611867\n|move|p1b: Garchomp|Protect|p1b: Garchomp\n|-singleturn|p1b: Garchomp|Protect\n|move|p2a: Tyranocif|Protect|p2a: Tyranocif\n|-singleturn|p2a: Tyranocif|Protect\n|move|p2b: Ebb and Flow|Wave Crash|p1b: Garchomp\n|-activate|p1b: Garchomp|move: Protect\n|move|p1a: Incineroar|Parting Shot|p2a: Tyranocif\n|-activate|p2a: Tyranocif|move: Protect\n|\n|-weather|Sandstorm|[upkeep]\n|-damage|p2b: Ebb and Flow|23/100|[from] Sandstorm\n|-damage|p1a: Incineroar|33/100|[from] Sandstorm\n|upkeep\n|turn|9\n|\n|t:|1776611888\n|move|p1b: Garchomp|Earthquake|p2b: Ebb and Flow|[spread] p1a,p2a,p2b\n|-supereffective|p1a: Incineroar|1\n|-supereffective|p2a: Tyranocif|1\n|-damage|p1a: Incineroar|0 fnt\n|-damage|p2a: Tyranocif|13/100\n|-damage|p2b: Ebb and Flow|0 fnt\n|faint|p1a: Incineroar\n|faint|p2b: Ebb and Flow\n|move|p2a: Tyranocif|Knock Off|p1b: Garchomp\n|-damage|p1b: Garchomp|48/100\n|-damage|p2a: Tyranocif|1/100|[from] ability: Rough Skin|[of] p1b: Garchomp\n|-enditem|p1b: Garchomp|White Herb|[from] move: Knock Off|[of] p2a: Tyranocif\n|\n|-weather|none\n|upkeep\n|turn|10\n|c|\u2606buh cat vgc|gg\n|\n|t:|1776611893\n|move|p1b: Garchomp|Earthquake|p2a: Tyranocif\n|-supereffective|p2a: Tyranocif|1\n|-damage|p2a: Tyranocif|0 fnt\n|faint|p2a: Tyranocif\n|\n|win|buh cat vgc\n|raw|buh cat vgc's rating: 1458 &rarr; <strong>1484</strong><br />(+26 for winning)\n|raw|Cello L.'s rating: 1562 &rarr; <strong>1536</strong><br />(-26 for losing)\n|l|\u2606Cello L.\n|player|p2|\n",
  "uploadtime": 1776611946,
  "views": 15,
  "formatid": "gen9championsvgc2026regma",
  "rating": 1484,
  "private": 0,
  "password": null
}