{
  "id": "gen9championsvgc2026regma-2584685040",
  "format": "[Gen 9 Champions] VGC 2026 Reg M-A",
  "players": [
    "smilingkyogre",
    "Poke Unc"
  ],
  "log": "|j|\u2606smilingkyogre\n|j|\u2606Poke Unc\n|t:|1776276674\n|gametype|doubles\n|player|p1|smilingkyogre|pokekid|1138\n|player|p2|Poke Unc|palmer|1090\n|gen|9\n|tier|[Gen 9 Champions] VGC 2026 Reg M-A\n|rated|\n|rule|Species Clause: Limit one of each Pok\u00e9mon\n|rule|Item Clause: Limit 1 of each item\n|clearpoke\n|poke|p1|Aggron, L50, M|\n|poke|p1|Sinistcha, L50|\n|poke|p1|Milotic, L50, M|\n|poke|p1|Sneasler, L50, M|\n|poke|p1|Arcanine-Hisui, L50, F|\n|poke|p1|Dragapult, L50, F|\n|poke|p2|Starmie, L50|\n|poke|p2|Meowstic, L50, M|\n|poke|p2|Pelipper, L50, M|\n|poke|p2|Basculegion, L50, M|\n|poke|p2|Archaludon, L50, F|\n|poke|p2|Sneasler, L50, F|\n|teampreview|4\n|inactive|Battle timer is ON: inactive players will automatically lose when time's up. (requested by smilingkyogre)\n|inactive|smilingkyogre has 60 seconds left.\n|inactive|Poke Unc has 60 seconds left.\n|inactive|smilingkyogre has 30 seconds left.\n|inactive|smilingkyogre has 20 seconds left.\n|\n|t:|1776276746\n|teamsize|p1|4\n|teamsize|p2|4\n|start\n|switch|p1a: The Wall|Aggron, L50, M|100/100\n|switch|p1b: Dragapult|Dragapult, L50, F|100/100\n|switch|p2a: Basculegion|Basculegion, L50, M|100/100\n|switch|p2b: Meowstic|Meowstic, L50, M, shiny|100/100\n|turn|1\n|inactive|smilingkyogre has 30 seconds left.\n|inactive|Poke Unc has 30 seconds left.\n|\n|t:|1776276774\n|detailschange|p1a: The Wall|Aggron-Mega, L50, M\n|-mega|p1a: The Wall|Aggron|Aggronite\n|move|p2b: Meowstic|Fake Out|p1a: The Wall\n|-resisted|p1a: The Wall|1\n|-damage|p1a: The Wall|99/100\n|move|p2a: Basculegion|Last Respects|p1b: Dragapult\n|-supereffective|p1b: Dragapult|1\n|-damage|p1b: Dragapult|10/100\n|move|p1b: Dragapult|Shadow Ball|p2b: Meowstic\n|-supereffective|p2b: Meowstic|1\n|-damage|p2b: Meowstic|4/100\n|cant|p1a: The Wall|flinch\n|\n|upkeep\n|turn|2\n|\n|t:|1776276790\n|move|p1b: Dragapult|Sucker Punch|p2a: Basculegion\n|-supereffective|p2a: Basculegion|1\n|-damage|p2a: Basculegion|53/100\n|move|p2b: Meowstic|Psychic Terrain|p2b: Meowstic\n|-fieldstart|move: Psychic Terrain\n|move|p2a: Basculegion|Last Respects|p1b: Dragapult\n|-supereffective|p1b: Dragapult|1\n|-damage|p1b: Dragapult|0 fnt\n|faint|p1b: Dragapult\n|move|p1a: The Wall|Iron Defense|p1a: The Wall\n|-boost|p1a: The Wall|def|2\n|\n|upkeep\n|\n|t:|1776276804\n|switch|p1b: Sneasler|Sneasler, L50, M|100/100\n|turn|3\n|\n|t:|1776276813\n|switch|p2a: Pelipper|Pelipper, L50, M|100/100\n|-weather|RainDance|[from] ability: Drizzle|[of] p2a: Pelipper\n|move|p1b: Sneasler|Protect|p1b: Sneasler\n|-singleturn|p1b: Sneasler|Protect\n|move|p2b: Meowstic|Expanding Force|p1b: Sneasler|[spread] p1a\n|-activate|p1b: Sneasler|move: Protect\n|-resisted|p1a: The Wall|1\n|-damage|p1a: The Wall|77/100\n|move|p1a: The Wall|Body Press|p2b: Meowstic\n|-resisted|p2b: Meowstic|1\n|-damage|p2b: Meowstic|0 fnt\n|faint|p2b: Meowstic\n|\n|-weather|RainDance|[upkeep]\n|upkeep\n|\n|t:|1776276830\n|switch|p2b: Basculegion|Basculegion, L50, M|53/100\n|turn|4\n|\n|t:|1776276846\n|move|p2b: Basculegion|Wave Crash|p1b: Sneasler\n|-damage|p1b: Sneasler|0 fnt\n|faint|p1b: Sneasler\n|-damage|p2b: Basculegion|27/100|[from] Recoil\n|move|p2a: Pelipper|Tailwind|p2a: Pelipper\n|-sidestart|p2: Poke Unc|move: Tailwind\n|move|p1a: The Wall|Iron Defense|p1a: The Wall\n|-boost|p1a: The Wall|def|2\n|\n|-weather|RainDance|[upkeep]\n|upkeep\n|\n|t:|1776276853\n|switch|p1b: Sinistcha|Sinistcha, L50|100/100\n|-heal|p1a: The Wall|100/100|[from] ability: Hospitality|[of] p1b: Sinistcha\n|turn|5\n|\n|t:|1776276865\n|move|p2b: Basculegion|Wave Crash|p1a: The Wall\n|-damage|p1a: The Wall|80/100\n|-damage|p2b: Basculegion|21/100|[from] Recoil\n|move|p2a: Pelipper|Weather Ball|p1a: The Wall\n|-damage|p1a: The Wall|32/100\n|move|p1a: The Wall|Heavy Slam|p2b: Basculegion\n|-resisted|p2b: Basculegion|1\n|-damage|p2b: Basculegion|0 fnt\n|faint|p2b: Basculegion\n|move|p1b: Sinistcha|Trick Room|p1b: Sinistcha\n|-fieldstart|move: Trick Room|[of] p1b: Sinistcha\n|\n|-weather|RainDance|[upkeep]\n|upkeep\n|\n|t:|1776276875\n|switch|p2b: Starmie|Starmie, L50|100/100\n|turn|6\n|inactive|smilingkyogre has 30 seconds left.\n|\n|t:|1776276908\n|detailschange|p2b: Starmie|Starmie-Mega, L50\n|-mega|p2b: Starmie|Starmie|Starminite\n|move|p2b: Starmie|Protect|p2b: Starmie\n|-singleturn|p2b: Starmie|Protect\n|move|p1a: The Wall|Body Press|p2b: Starmie\n|-activate|p2b: Starmie|move: Protect\n|move|p1b: Sinistcha|Life Dew||[still]|[spread] p1a,p1b\n|-heal|p1a: The Wall|57/100\n|-fail|p1b: Sinistcha|heal\n|move|p2a: Pelipper|Weather Ball|p1a: The Wall\n|-damage|p1a: The Wall|9/100\n|\n|-weather|RainDance|[upkeep]\n|-fieldend|move: Psychic Terrain\n|upkeep\n|turn|7\n|inactive|Poke Unc has 30 seconds left.\n|\n|t:|1776276937\n|move|p1b: Sinistcha|Rage Powder|p1b: Sinistcha\n|-singleturn|p1b: Sinistcha|move: Rage Powder\n|move|p1a: The Wall|Body Press|p2b: Starmie\n|-resisted|p2b: Starmie|1\n|-damage|p2b: Starmie|19/100\n|move|p2a: Pelipper|Weather Ball|p1b: Sinistcha\n|-resisted|p1b: Sinistcha|1\n|-damage|p1b: Sinistcha|75/100\n|move|p2b: Starmie|Liquidation|p1b: Sinistcha\n|-resisted|p1b: Sinistcha|1\n|-damage|p1b: Sinistcha|33/100\n|-enditem|p1b: Sinistcha|Sitrus Berry|[eat]\n|-heal|p1b: Sinistcha|58/100|[from] item: Sitrus Berry\n|\n|-weather|none\n|-sideend|p2: Poke Unc|move: Tailwind\n|upkeep\n|turn|8\n|\n|t:|1776276959\n|move|p2b: Starmie|Protect|p2b: Starmie\n|-singleturn|p2b: Starmie|Protect\n|move|p1b: Sinistcha|Rage Powder|p1b: Sinistcha\n|-singleturn|p1b: Sinistcha|move: Rage Powder\n|move|p1a: The Wall|Body Press|p2b: Starmie\n|-activate|p2b: Starmie|move: Protect\n|move|p2a: Pelipper|Hurricane|p1b: Sinistcha\n|-supereffective|p1b: Sinistcha|1\n|-damage|p1b: Sinistcha|0 fnt\n|faint|p1b: Sinistcha\n|\n|upkeep\n|turn|9\n|-message|smilingkyogre forfeited.\n|\n|win|Poke Unc\n|raw|smilingkyogre's rating: 1138 &rarr; <strong>1110</strong><br />(-28 for losing)\n|raw|Poke Unc's rating: 1090 &rarr; <strong>1120</strong><br />(+30 for winning)\n|l|\u2606smilingkyogre\n|player|p1|\n",
  "uploadtime": 1776277139,
  "views": 32,
  "formatid": "gen9championsvgc2026regma",
  "rating": 1110,
  "private": 0,
  "password": null
}