{
  "id": "gen9championsvgc2026regma-2580868342",
  "format": "[Gen 9 Champions] VGC 2026 Reg M-A",
  "players": [
    "NIAOKAI",
    "CasualitoGaming"
  ],
  "log": "|j|\u2606NIAOKAI\n|j|\u2606CasualitoGaming\n|t:|1775939089\n|gametype|doubles\n|player|p1|NIAOKAI|maid|1050\n|player|p2|CasualitoGaming|harlequin|1025\n|gen|9\n|tier|[Gen 9 Champions] VGC 2026 Reg M-A\n|rated|\n|rule|Species Clause: Limit one of each Pok\u00e9mon\n|rule|Item Clause: Limit 1 of each item\n|clearpoke\n|poke|p1|Gengar, L50, F|\n|poke|p1|Pelipper, L50, F|\n|poke|p1|Incineroar, L50, F|\n|poke|p1|Politoed, L50, M|\n|poke|p1|Maushold-Four, L50|\n|poke|p1|Archaludon, L50, M|\n|poke|p2|Meowstic, L50, M|\n|poke|p2|Starmie, L50|\n|poke|p2|Pelipper, L50, F|\n|poke|p2|Kangaskhan, L50, F|\n|poke|p2|Venusaur, L50, M|\n|poke|p2|Raichu, L50, M|\n|teampreview|4\n|\n|t:|1775939129\n|teamsize|p1|4\n|teamsize|p2|4\n|start\n|switch|p1a: Archaludon|Archaludon, L50, M|100/100\n|switch|p1b: Politoed|Politoed, L50, M|100/100\n|switch|p2a: Starmie|Starmie, L50|100/100\n|switch|p2b: Raichu|Raichu, L50, M|100/100\n|-weather|RainDance|[from] ability: Drizzle|[of] p1b: Politoed\n|turn|1\n|\n|t:|1775939154\n|detailschange|p2a: Starmie|Starmie-Mega, L50\n|-mega|p2a: Starmie|Starmie|Starminite\n|move|p1b: Politoed|Protect|p1b: Politoed\n|-singleturn|p1b: Politoed|Protect\n|move|p2a: Starmie|Waterfall|p1a: Archaludon\n|-resisted|p1a: Archaludon|1\n|-damage|p1a: Archaludon|64/100\n|-ability|p1a: Archaludon|Stamina|boost\n|-boost|p1a: Archaludon|def|1\n|move|p2b: Raichu|Nuzzle|p1b: Politoed\n|-activate|p1b: Politoed|move: Protect\n|move|p1a: Archaludon|Electro Shot||[still]\n|-activate|p2b: Raichu|ability: Lightning Rod\n|-prepare|p1a: Archaludon|Electro Shot\n|-boost|p1a: Archaludon|spa|1\n|-anim|p1a: Archaludon|Electro Shot|p2b: Raichu\n|-ability|p2b: Raichu|Lightning Rod|boost\n|-boost|p2b: Raichu|spa|1\n|\n|-weather|RainDance|[upkeep]\n|upkeep\n|turn|2\n|\n|t:|1775939202\n|move|p2a: Starmie|Waterfall|p1a: Archaludon\n|-resisted|p1a: Archaludon|1\n|-damage|p1a: Archaludon|37/100\n|-ability|p1a: Archaludon|Stamina|boost\n|-boost|p1a: Archaludon|def|1\n|move|p2b: Raichu|Dazzling Gleam|p1b: Politoed|[spread] p1a,p1b\n|-damage|p1a: Archaludon|10/100\n|-damage|p1b: Politoed|84/100\n|-ability|p1a: Archaludon|Stamina|boost\n|-boost|p1a: Archaludon|def|1\n|move|p1a: Archaludon|Draco Meteor|p2b: Raichu\n|-damage|p2b: Raichu|0 fnt\n|-unboost|p1a: Archaludon|spa|2\n|faint|p2b: Raichu\n|-enditem|p1a: Archaludon|White Herb\n|-clearnegativeboost|p1a: Archaludon|[silent]\n|move|p1b: Politoed|Weather Ball|p2a: Starmie\n|-resisted|p2a: Starmie|1\n|-damage|p2a: Starmie|63/100\n|\n|-weather|RainDance|[upkeep]\n|-heal|p1b: Politoed|90/100|[from] item: Leftovers\n|upkeep\n|\n|t:|1775939221\n|switch|p2b: Venusaur|Venusaur, L50, M|100/100\n|turn|3\n|\n|t:|1775939240\n|move|p1a: Archaludon|Protect|p1a: Archaludon\n|-singleturn|p1a: Archaludon|Protect\n|move|p2a: Starmie|Waterfall|p1a: Archaludon\n|-activate|p1a: Archaludon|move: Protect\n|move|p2b: Venusaur|Sleep Powder|p1b: Politoed\n|-status|p1b: Politoed|slp|[from] move: Sleep Powder\n|cant|p1b: Politoed|slp\n|\n|-weather|RainDance|[upkeep]\n|-heal|p1b: Politoed|96/100 slp|[from] item: Leftovers\n|upkeep\n|turn|4\n|\n|t:|1775939263\n|move|p2a: Starmie|Waterfall|p1b: Politoed\n|-resisted|p1b: Politoed|1\n|-damage|p1b: Politoed|27/100 slp\n|move|p1a: Archaludon|Flash Cannon|p2a: Starmie\n|-resisted|p2a: Starmie|1\n|-damage|p2a: Starmie|35/100\n|move|p2b: Venusaur|Earth Power|p1a: Archaludon\n|-supereffective|p1a: Archaludon|1\n|-damage|p1a: Archaludon|0 fnt\n|faint|p1a: Archaludon\n|cant|p1b: Politoed|slp\n|\n|-weather|RainDance|[upkeep]\n|-heal|p1b: Politoed|33/100 slp|[from] item: Leftovers\n|upkeep\n|\n|t:|1775939284\n|switch|p1a: Gengar|Gengar, L50, F, shiny|100/100\n|turn|5\n|\n|t:|1775939299\n|detailschange|p1a: Gengar|Gengar-Mega, L50, F, shiny\n|-mega|p1a: Gengar|Gengar|Gengarite\n|move|p1a: Gengar|Protect|p1a: Gengar\n|-singleturn|p1a: Gengar|Protect\n|-curestatus|p1b: Politoed|slp|[msg]\n|move|p1b: Politoed|Protect|p1b: Politoed\n|-singleturn|p1b: Politoed|Protect\n|move|p2a: Starmie|Aqua Jet|p1a: Gengar\n|-activate|p1a: Gengar|move: Protect\n|move|p2b: Venusaur|Sludge Bomb|p1b: Politoed\n|-activate|p1b: Politoed|move: Protect\n|\n|-weather|none\n|-heal|p1b: Politoed|39/100|[from] item: Leftovers\n|upkeep\n|turn|6\n|\n|t:|1775939326\n|switch|p1b: Incineroar|Incineroar, L50, F|100/100\n|-ability|p1b: Incineroar|Intimidate|boost\n|-unboost|p2a: Starmie|atk|1\n|-unboost|p2b: Venusaur|atk|1\n|move|p2a: Starmie|Aqua Jet|p1a: Gengar\n|-damage|p1a: Gengar|63/100\n|move|p1a: Gengar|Shadow Ball|p2a: Starmie\n|-supereffective|p2a: Starmie|1\n|-damage|p2a: Starmie|0 fnt\n|faint|p2a: Starmie\n|move|p2b: Venusaur|Sleep Powder|p1a: Gengar\n|-status|p1a: Gengar|slp|[from] move: Sleep Powder\n|\n|upkeep\n|\n|t:|1775939339\n|switch|p2a: Kangaskhan|Kangaskhan, L50, F, shiny|100/100\n|turn|7\n|\n|t:|1775939359\n|move|p2a: Kangaskhan|Fake Out|p1b: Incineroar\n|-damage|p1b: Incineroar|82/100\n|cant|p1b: Incineroar|flinch\n|cant|p1a: Gengar|slp\n|move|p2b: Venusaur|Earth Power|p1a: Gengar\n|-supereffective|p1a: Gengar|1\n|-damage|p1a: Gengar|0 fnt\n|faint|p1a: Gengar\n|\n|upkeep\n|\n|t:|1775939372\n|switch|p1a: Politoed|Politoed, L50, M|39/100\n|-weather|RainDance|[from] ability: Drizzle|[of] p1a: Politoed\n|turn|8\n|\n|t:|1775939393\n|move|p1a: Politoed|Protect|p1a: Politoed\n|-singleturn|p1a: Politoed|Protect\n|move|p2a: Kangaskhan|Drain Punch|p1b: Incineroar\n|-supereffective|p1b: Incineroar|1\n|-damage|p1b: Incineroar|33/100\n|-enditem|p1b: Incineroar|Sitrus Berry|[eat]\n|-heal|p1b: Incineroar|58/100|[from] item: Sitrus Berry\n|move|p2b: Venusaur|Sludge Bomb|p1a: Politoed\n|-activate|p1a: Politoed|move: Protect\n|move|p1b: Incineroar|Flare Blitz|p2b: Venusaur\n|-supereffective|p2b: Venusaur|1\n|-damage|p2b: Venusaur|48/100\n|-enditem|p2b: Venusaur|Sitrus Berry|[eat]\n|-heal|p2b: Venusaur|73/100|[from] item: Sitrus Berry\n|-damage|p1b: Incineroar|41/100|[from] Recoil\n|\n|-weather|RainDance|[upkeep]\n|-heal|p1a: Politoed|45/100|[from] item: Leftovers\n|upkeep\n|turn|9\n|\n|t:|1775939416\n|move|p1b: Incineroar|Protect|p1b: Incineroar\n|-singleturn|p1b: Incineroar|Protect\n|move|p2a: Kangaskhan|Drain Punch|p1b: Incineroar\n|-activate|p1b: Incineroar|move: Protect\n|move|p2b: Venusaur|Sludge Bomb|p1a: Politoed\n|-damage|p1a: Politoed|13/100\n|move|p1a: Politoed|Weather Ball|p2a: Kangaskhan\n|-damage|p2a: Kangaskhan|23/100\n|\n|-weather|RainDance|[upkeep]\n|-heal|p1a: Politoed|19/100|[from] item: Leftovers\n|upkeep\n|turn|10\n|\n|t:|1775939437\n|move|p2a: Kangaskhan|Drain Punch|p1b: Incineroar\n|-supereffective|p1b: Incineroar|1\n|-crit|p1b: Incineroar\n|-damage|p1b: Incineroar|0 fnt\n|-heal|p2a: Kangaskhan|44/100|[from] drain|[of] p1b: Incineroar\n|faint|p1b: Incineroar\n|move|p2b: Venusaur|Sludge Bomb|p1a: Politoed\n|-damage|p1a: Politoed|0 fnt\n|faint|p1a: Politoed\n|\n|win|CasualitoGaming\n|raw|NIAOKAI's rating: 1050 &rarr; <strong>1031</strong><br />(-19 for losing)\n|raw|CasualitoGaming's rating: 1025 &rarr; <strong>1064</strong><br />(+39 for winning)\n|l|\u2606NIAOKAI\n|player|p1|\n|c|\u2606CasualitoGaming|gg\n",
  "uploadtime": 1775939449,
  "views": 16,
  "formatid": "gen9championsvgc2026regma",
  "rating": 1031,
  "private": 0,
  "password": null
}