{
  "id": "gen9championsvgc2026regma-2581942418",
  "format": "[Gen 9 Champions] VGC 2026 Reg M-A",
  "players": [
    "ewfh",
    "johnkharkiv"
  ],
  "log": "|j|\u2606ewfh\n|j|\u2606johnkharkiv\n|t:|1776041829\n|gametype|doubles\n|player|p1|ewfh|hilbert-masters|1053\n|player|p2|johnkharkiv|swimmerf-gen4dp|1067\n|gen|9\n|tier|[Gen 9 Champions] VGC 2026 Reg M-A\n|rated|\n|rule|Species Clause: Limit one of each Pok\u00e9mon\n|rule|Item Clause: Limit 1 of each item\n|clearpoke\n|poke|p1|Mamoswine, L50, M|\n|poke|p1|Rotom-Wash, L50|\n|poke|p1|Typhlosion-Hisui, L50, F|\n|poke|p1|Hawlucha, L50, M|\n|poke|p1|Torkoal, L50, F|\n|poke|p1|Aerodactyl, L50, M|\n|poke|p2|Politoed, L50, F|\n|poke|p2|Chesnaught, L50, F|\n|poke|p2|Sinistcha-Masterpiece, L50|\n|poke|p2|Slowbro, L50, F|\n|poke|p2|Incineroar, L50, F|\n|poke|p2|Kleavor, L50, M|\n|teampreview|4\n|inactive|Battle timer is ON: inactive players will automatically lose when time's up. (requested by ewfh)\newfh rejected open team sheets.\n|\n|t:|1776041850\n|teamsize|p1|4\n|teamsize|p2|4\n|start\n|switch|p1a: Typhlosion|Typhlosion-Hisui, L50, F, shiny|100/100\n|switch|p1b: Aerodactyl|Aerodactyl, L50, M|100/100\n|switch|p2a: NPC Mon|Incineroar, L50, F|100/100\n|switch|p2b: Kleavor|Kleavor, L50, M|100/100\n|-item|p2a: NPC Mon|Chople Berry|[from] ability: Frisk|[of] p1a: Typhlosion\n|-item|p2b: Kleavor|Focus Sash|[from] ability: Frisk|[of] p1a: Typhlosion\n|-ability|p2a: NPC Mon|Intimidate|boost\n|-unboost|p1a: Typhlosion|atk|1\n|-unboost|p1b: Aerodactyl|atk|1\n|turn|1\n|\n|t:|1776041872\n|detailschange|p1b: Aerodactyl|Aerodactyl-Mega, L50, M\n|-mega|p1b: Aerodactyl|Aerodactyl|Aerodactylite\n|move|p1a: Typhlosion|Protect|p1a: Typhlosion\n|-singleturn|p1a: Typhlosion|Protect\n|move|p1b: Aerodactyl|Wide Guard|p1b: Aerodactyl\n|-singleturn|p1b: Aerodactyl|Wide Guard\n|move|p2a: NPC Mon|Fake Out|p1b: Aerodactyl\n|-resisted|p1b: Aerodactyl|1\n|-damage|p1b: Aerodactyl|93/100\n|move|p2b: Kleavor|Stone Axe|p1a: Typhlosion\n|-activate|p1a: Typhlosion|move: Protect\n|\n|upkeep\n|turn|2\n|\n|t:|1776041893\n|switch|p2a: The OG Pelipper|Politoed, L50, F, shiny|100/100\n|-weather|RainDance|[from] ability: Drizzle|[of] p2a: The OG Pelipper\n|move|p1b: Aerodactyl|Tailwind|p1b: Aerodactyl\n|-sidestart|p1: ewfh|move: Tailwind\n|move|p1a: Typhlosion|Eruption|p2b: Kleavor|[spread] p2a,p2b\n|-resisted|p2a: The OG Pelipper|1\n|-damage|p2a: The OG Pelipper|85/100\n|-damage|p2b: Kleavor|52/100\n|move|p2b: Kleavor|Stone Axe|p1a: Typhlosion\n|-supereffective|p1a: Typhlosion|1\n|-enditem|p1a: Typhlosion|Focus Sash\n|-damage|p1a: Typhlosion|1/100\n|-sidestart|p1: ewfh|move: Stealth Rock\n|\n|-weather|RainDance|[upkeep]\n|upkeep\n|turn|3\n|inactive|ewfh has 30 seconds left.\n|inactive|johnkharkiv has 30 seconds left.\n|\n|t:|1776041923\n|move|p1b: Aerodactyl|Sunny Day|p1b: Aerodactyl\n|-weather|SunnyDay\n|move|p1a: Typhlosion|Burn Up|p2a: The OG Pelipper\n|-resisted|p2a: The OG Pelipper|1\n|-damage|p2a: The OG Pelipper|25/100\n|-start|p1a: Typhlosion|typechange|???/Ghost|[from] move: Burn Up\n|move|p2b: Kleavor|Stone Axe|p1b: Aerodactyl\n|-supereffective|p1b: Aerodactyl|1\n|-damage|p1b: Aerodactyl|0 fnt\n|faint|p1b: Aerodactyl\n|move|p2a: The OG Pelipper|Muddy Water|p1a: Typhlosion\n|-damage|p1a: Typhlosion|0 fnt\n|faint|p1a: Typhlosion\n|\n|-weather|SunnyDay|[upkeep]\n|upkeep\n|\n|t:|1776041936\n|switch|p1b: Rotom|Rotom-Wash, L50|100/100\n|switch|p1a: Mamoswine|Mamoswine, L50, M|100/100\n|-damage|p1a: Mamoswine|88/100|[from] Stealth Rock\n|-damage|p1b: Rotom|88/100|[from] Stealth Rock\n|turn|4\n|\n|t:|1776041957\n|move|p1a: Mamoswine|Earthquake|p2b: Kleavor|[spread] p2a,p2b\n|-immune|p1b: Rotom|[from] ability: Levitate\n|-damage|p2a: The OG Pelipper|0 fnt\n|-damage|p2b: Kleavor|0 fnt\n|faint|p2a: The OG Pelipper\n|faint|p2b: Kleavor\n|move|p1b: Rotom|Discharge|p1a: Mamoswine\n|-immune|p1a: Mamoswine\n|\n|-weather|SunnyDay|[upkeep]\n|upkeep\n|\n|t:|1776041962\n|switch|p2b: NPC Mon|Incineroar, L50, F|100/100\n|switch|p2a: Chesnutty|Chesnaught, L50, F|100/100\n|-ability|p2b: NPC Mon|Intimidate|boost\n|-fail|p1a: Mamoswine|unboost|Attack|[from] ability: Oblivious|[of] p1a: Mamoswine\n|-unboost|p1b: Rotom|atk|1\n|turn|5\n|inactive|johnkharkiv has 30 seconds left.\n|inactive|johnkharkiv has 20 seconds left.\n|inactive|johnkharkiv has 15 seconds left.\n|\n|t:|1776042009\n|detailschange|p2a: Chesnutty|Chesnaught-Mega, L50, F\n|-mega|p2a: Chesnutty|Chesnaught|Chesnaughtite\n|move|p2b: NPC Mon|Fake Out|p1a: Mamoswine\n|-damage|p1a: Mamoswine|75/100\n|cant|p1a: Mamoswine|flinch\n|move|p1b: Rotom|Reflect|p1b: Rotom\n|-sidestart|p1: ewfh|Reflect\n|move|p2a: Chesnutty|Drain Punch|p1a: Mamoswine\n|-supereffective|p1a: Mamoswine|1\n|-damage|p1a: Mamoswine|15/100\n|\n|-weather|SunnyDay|[upkeep]\n|-sideend|p1: ewfh|move: Tailwind\n|upkeep\n|turn|6\n|\n|t:|1776042028\n|move|p2a: Chesnutty|Spiky Shield|p2a: Chesnutty\n|-singleturn|p2a: Chesnutty|move: Protect\n|move|p1a: Mamoswine|High Horsepower|p2b: NPC Mon\n|-supereffective|p2b: NPC Mon|1\n|-damage|p2b: NPC Mon|2/100\n|move|p1b: Rotom|Thunder Wave|p2a: Chesnutty\n|-activate|p2a: Chesnutty|move: Protect\n|move|p2b: NPC Mon|Flare Blitz|p1a: Mamoswine\n|-supereffective|p1a: Mamoswine|1\n|-damage|p1a: Mamoswine|0 fnt\n|faint|p1a: Mamoswine\n|-damage|p2b: NPC Mon|0 fnt|[from] Recoil\n|faint|p2b: NPC Mon\n|\n|-weather|SunnyDay|[upkeep]\n|upkeep\n|turn|7\n|\n|t:|1776042047\n|move|p1b: Rotom|Thunder Wave|p2a: Chesnutty|[miss]\n|-miss|p1b: Rotom|p2a: Chesnutty\n|move|p2a: Chesnutty|Belly Drum|p2a: Chesnutty\n|-damage|p2a: Chesnutty|51/100\n|-setboost|p2a: Chesnutty|atk|6|[from] move: Belly Drum\n|\n|-weather|none\n|upkeep\n|turn|8\n|\n|t:|1776042056\n|move|p1b: Rotom|Thunder Wave|p2a: Chesnutty\n|-status|p2a: Chesnutty|par\n|cant|p2a: Chesnutty|par\n|\n|upkeep\n|turn|9\n|\n|t:|1776042062\n|move|p1b: Rotom|Discharge|p2a: Chesnutty\n|-resisted|p2a: Chesnutty|1\n|-damage|p2a: Chesnutty|40/100 par\n|cant|p2a: Chesnutty|par\n|\n|-sideend|p1: ewfh|Reflect\n|upkeep\n|turn|10\n|\n|t:|1776042071\n|move|p1b: Rotom|Discharge|p2a: Chesnutty\n|-resisted|p2a: Chesnutty|1\n|-damage|p2a: Chesnutty|29/100 par\n|move|p2a: Chesnutty|Drain Punch|p1b: Rotom\n|-damage|p1b: Rotom|0 fnt\n|-heal|p2a: Chesnutty|71/100 par|[from] drain|[of] p1b: Rotom\n|faint|p1b: Rotom\n|\n|win|johnkharkiv\n|raw|ewfh's rating: 1053 &rarr; <strong>1036</strong><br />(-17 for losing)\n|raw|johnkharkiv's rating: 1067 &rarr; <strong>1096</strong><br />(+29 for winning)\n|c|\u2606ewfh|gg\n|l|\u2606ewfh\n|player|p1|\n|l|\u2606johnkharkiv\n|player|p2|\n|j|\u2606johnkharkiv\n|player|p2|johnkharkiv|swimmerf-gen4dp|\n",
  "uploadtime": 1776042306,
  "views": 10,
  "formatid": "gen9championsvgc2026regma",
  "rating": 1036,
  "private": 0,
  "password": null
}