{
  "id": "gen9championsvgc2026regma-2581327796",
  "format": "[Gen 9 Champions] VGC 2026 Reg M-A",
  "players": [
    "rexoguns",
    "GothGirlLoverQ"
  ],
  "log": "|j|\u2606rexoguns\n|j|\u2606GothGirlLoverQ\n|t:|1775987218\n|gametype|doubles\n|player|p1|rexoguns|ingo|1233\n|player|p2|GothGirlLoverQ|unknown|1317\n|gen|9\n|tier|[Gen 9 Champions] VGC 2026 Reg M-A\n|rated|\n|rule|Species Clause: Limit one of each Pok\u00e9mon\n|rule|Item Clause: Limit 1 of each item\n|clearpoke\n|poke|p1|Kingambit, L50, M|\n|poke|p1|Delphox, L50, F|\n|poke|p1|Basculegion, L50, M|\n|poke|p1|Sneasler, L50, F|\n|poke|p1|Garchomp, L50, F|\n|poke|p1|Clefable, L50, M|\n|poke|p2|Floette-Eternal, L50, F|\n|poke|p2|Maushold, L50|\n|poke|p2|Garchomp, L50, M|\n|poke|p2|Talonflame, L50, F|\n|poke|p2|Rotom-Wash, L50|\n|poke|p2|Aegislash, L50, F|\n|teampreview|4\n|inactive|Battle timer is ON: inactive players will automatically lose when time's up. (requested by GothGirlLoverQ)\n|inactive|rexoguns also wants the timer to be on.\n|j| gE1xjZRtuhW2DdT0AK\n|inactive|rexoguns has 60 seconds left.\n|inactive|GothGirlLoverQ has 60 seconds left.\n|inactive|GothGirlLoverQ has 30 seconds left.\n|inactive|GothGirlLoverQ has 20 seconds left.\n|\n|t:|1775987291\n|teamsize|p1|4\n|teamsize|p2|4\n|start\n|switch|p1a: Basculegion|Basculegion, L50, M|100/100\n|switch|p1b: Garchomp|Garchomp, L50, F|100/100\n|switch|p2a: Floette|Floette-Eternal, L50, F|100/100\n|switch|p2b: Maushold|Maushold, L50|100/100\n|turn|1\n|\n|t:|1775987303\n|switch|p1b: Sneasler|Sneasler, L50, F|100/100\n|detailschange|p2a: Floette|Floette-Mega, L50, F\n|-mega|p2a: Floette|Floette|Floettite\n|-ability|p2a: Floette|Fairy Aura\n|move|p2b: Maushold|Follow Me|p2b: Maushold\n|-singleturn|p2b: Maushold|move: Follow Me\n|move|p1a: Basculegion|Wave Crash|p2b: Maushold\n|-enditem|p2b: Maushold|Focus Sash\n|-damage|p2b: Maushold|1/100\n|-damage|p1a: Basculegion|70/100|[from] Recoil\n|move|p2a: Floette|Calm Mind|p2a: Floette\n|-boost|p2a: Floette|spa|1\n|-boost|p2a: Floette|spd|1\n|\n|upkeep\n|turn|2\n|\n|t:|1775987328\n|move|p1b: Sneasler|Fake Out|p2b: Maushold\n|-damage|p2b: Maushold|0 fnt\n|faint|p2b: Maushold\n|move|p1a: Basculegion|Wave Crash|p2a: Floette\n|-damage|p2a: Floette|24/100\n|-damage|p1a: Basculegion|47/100|[from] Recoil\n|move|p2a: Floette|Dazzling Gleam|p1a: Basculegion|[spread] p1a,p1b\n|-damage|p1a: Basculegion|0 fnt\n|-damage|p1b: Sneasler|2/100\n|faint|p1a: Basculegion\n|\n|upkeep\n|\n|t:|1775987346\n|switch|p2b: Talonflame|Talonflame, L50, F|100/100\n|switch|p1a: Clefable|Clefable, L50, M|100/100\n|turn|3\n|\n|t:|1775987364\n|move|p1b: Sneasler|Protect|p1b: Sneasler\n|-singleturn|p1b: Sneasler|Protect\n|move|p2b: Talonflame|Tailwind|p2b: Talonflame\n|-sidestart|p2: GothGirlLoverQ|move: Tailwind\n|move|p2a: Floette|Dazzling Gleam|p1b: Sneasler|[spread] p1a\n|-activate|p1b: Sneasler|move: Protect\n|-damage|p1a: Clefable|47/100\n|-enditem|p1a: Clefable|Sitrus Berry|[eat]\n|-heal|p1a: Clefable|72/100|[from] item: Sitrus Berry\n|move|p1a: Clefable|Moonblast|p2a: Floette\n|-damage|p2a: Floette|0 fnt\n|faint|p2a: Floette\n|\n|upkeep\n|\n|t:|1775987367\n|switch|p2a: Aegislash|Aegislash, L50, F|100/100\n|turn|4\n|\n|t:|1775987382\n|move|p1a: Clefable|Follow Me|p1a: Clefable\n|-singleturn|p1a: Clefable|move: Follow Me\n|move|p2b: Talonflame|Acrobatics|p1a: Clefable\n|-damage|p1a: Clefable|42/100\n|move|p1b: Sneasler|Dire Claw|p2b: Talonflame\n|-damage|p2b: Talonflame|40/100\n|-formechange|p2a: Aegislash|Aegislash-Blade|\n|move|p2a: Aegislash|Iron Head|p1a: Clefable\n|-supereffective|p1a: Clefable|1\n|-damage|p1a: Clefable|0 fnt\n|faint|p1a: Clefable\n|\n|upkeep\n|\n|t:|1775987393\n|switch|p1a: Garchomp|Garchomp, L50, F|100/100\n|turn|5\n|\n|t:|1775987415\n|move|p2b: Talonflame|Acrobatics|p1a: Garchomp\n|-damage|p1a: Garchomp|59/100\n|-damage|p2b: Talonflame|28/100|[from] ability: Rough Skin|[of] p1a: Garchomp\n|move|p1b: Sneasler|Dire Claw|p2b: Talonflame\n|-damage|p2b: Talonflame|0 fnt\n|faint|p2b: Talonflame\n|move|p2a: Aegislash|Poltergeist|p1a: Garchomp\n|-activate|p1a: Garchomp|move: Poltergeist|White Herb\n|-damage|p1a: Garchomp|0 fnt\n|faint|p1a: Garchomp\n|\n|upkeep\n|turn|6\n|-message|rexoguns forfeited.\n|\n|win|GothGirlLoverQ\n|raw|rexoguns's rating: 1233 &rarr; <strong>1214</strong><br />(-19 for losing)\n|raw|GothGirlLoverQ's rating: 1317 &rarr; <strong>1332</strong><br />(+15 for winning)\n|l|\u2606GothGirlLoverQ\n|player|p2|\n",
  "uploadtime": 1775987436,
  "views": 42,
  "formatid": "gen9championsvgc2026regma",
  "rating": 1214,
  "private": 0,
  "password": null
}