{
  "id": "gen9championsvgc2026regma-2585328648",
  "format": "[Gen 9 Champions] VGC 2026 Reg M-A",
  "players": [
    "gyanrannon",
    "AidzPlayz"
  ],
  "log": "|j|\u2606gyanrannon\n|j|\u2606AidzPlayz\n|t:|1776338294\n|gametype|doubles\n|player|p1|gyanrannon|n|1070\n|player|p2|AidzPlayz|ghetsis-gen5bw|1122\n|gen|9\n|tier|[Gen 9 Champions] VGC 2026 Reg M-A\n|rated|\n|rule|Species Clause: Limit one of each Pok\u00e9mon\n|rule|Item Clause: Limit 1 of each item\n|clearpoke\n|poke|p1|Delphox, L50, F|\n|poke|p1|Sneasler, L50, M|\n|poke|p1|Basculegion, L50, M|\n|poke|p1|Sinistcha-Masterpiece, L50|\n|poke|p1|Altaria, L50, M|\n|poke|p1|Dragonite, L50, F|\n|poke|p2|Aerodactyl, L50, F|\n|poke|p2|Incineroar, L50, M|\n|poke|p2|Floette-Eternal, L50, F|\n|poke|p2|Basculegion, L50, M|\n|poke|p2|Garchomp, L50, M|\n|poke|p2|Sneasler, L50, M|\n|teampreview|4\ngyanrannon rejected open team sheets.\n|\n|t:|1776338320\n|teamsize|p1|4\n|teamsize|p2|4\n|start\n|switch|p1a: Delphox|Delphox, L50, F, shiny|100/100\n|switch|p1b: Sneasler|Sneasler, L50, M|100/100\n|switch|p2a: Aerodactyl|Aerodactyl, L50, F|100/100\n|switch|p2b: Floette|Floette-Eternal, L50, F|100/100\n|-ability|p2a: Aerodactyl|Unnerve\n|turn|1\n|\n|t:|1776338357\n|detailschange|p1a: Delphox|Delphox-Mega, L50, F, shiny\n|-mega|p1a: Delphox|Delphox|Delphoxite\n|detailschange|p2b: Floette|Floette-Mega, L50, F\n|-mega|p2b: Floette|Floette|Floettite\n|-ability|p2b: Floette|Fairy Aura\n|move|p1b: Sneasler|Fake Out|p2a: Aerodactyl\n|-resisted|p2a: Aerodactyl|1\n|-damage|p2a: Aerodactyl|88/100\n|move|p1a: Delphox|Nasty Plot|p1a: Delphox\n|-boost|p1a: Delphox|spa|2\n|cant|p2a: Aerodactyl|flinch\n|move|p2b: Floette|Light of Ruin|p1a: Delphox\n|-resisted|p1a: Delphox|1\n|-damage|p1a: Delphox|44/100\n|-damage|p2b: Floette|73/100|[from] Recoil\n|\n|upkeep\n|turn|2\n|\n|t:|1776338377\n|move|p1a: Delphox|Heat Wave|p2a: Aerodactyl|[spread] p2a,p2b\n|-resisted|p2a: Aerodactyl|1\n|-damage|p2a: Aerodactyl|28/100\n|-damage|p2b: Floette|6/100\n|move|p2a: Aerodactyl|Dual Wingbeat|p1b: Sneasler|[miss]\n|-miss|p2a: Aerodactyl|p1b: Sneasler\n|move|p1b: Sneasler|Close Combat|p2a: Aerodactyl\n|-damage|p2a: Aerodactyl|0 fnt\n|-unboost|p1b: Sneasler|def|1\n|-unboost|p1b: Sneasler|spd|1\n|faint|p2a: Aerodactyl\n|move|p2b: Floette|Light of Ruin|p1a: Delphox\n|-resisted|p1a: Delphox|1\n|-crit|p1a: Delphox\n|-damage|p1a: Delphox|0 fnt\n|faint|p1a: Delphox\n|-damage|p2b: Floette|0 fnt|[from] Recoil\n|faint|p2b: Floette\n|\n|upkeep\n|\n|t:|1776338395\n|switch|p1a: Dragonite|Dragonite, L50, F, shiny|100/100\n|switch|p2a: Sneasler|Sneasler, L50, M|100/100\n|switch|p2b: Basculegion|Basculegion, L50, M|100/100\n|turn|3\n|\n|t:|1776338419\n|move|p1b: Sneasler|Protect|p1b: Sneasler\n|-singleturn|p1b: Sneasler|Protect\n|move|p2b: Basculegion|Last Respects|p1b: Sneasler\n|-activate|p1b: Sneasler|move: Protect\n|move|p2a: Sneasler|Dire Claw|p1a: Dragonite\n|-damage|p1a: Dragonite|81/100\n|move|p1a: Dragonite|Dragon Dance|p1a: Dragonite\n|-boost|p1a: Dragonite|atk|1\n|-boost|p1a: Dragonite|spe|1\n|\n|upkeep\n|turn|4\n|\n|t:|1776338456\n|move|p1b: Sneasler|Protect|p1b: Sneasler\n|-singleturn|p1b: Sneasler|Protect\n|move|p2b: Basculegion|Last Respects|p1b: Sneasler\n|-activate|p1b: Sneasler|move: Protect\n|move|p2a: Sneasler|Dire Claw|p1a: Dragonite\n|-damage|p1a: Dragonite|41/100\n|-enditem|p1a: Dragonite|Sitrus Berry|[eat]\n|-heal|p1a: Dragonite|66/100|[from] item: Sitrus Berry\n|move|p1a: Dragonite|Dragon Dance|p1a: Dragonite\n|-boost|p1a: Dragonite|atk|1\n|-boost|p1a: Dragonite|spe|1\n|\n|upkeep\n|turn|5\n|\n|t:|1776338486\n|move|p1a: Dragonite|Earthquake|p2a: Sneasler|[spread] p1b,p2a,p2b\n|-supereffective|p1b: Sneasler|1\n|-supereffective|p2a: Sneasler|1\n|-enditem|p1b: Sneasler|Focus Sash\n|-damage|p1b: Sneasler|1/100\n|-damage|p2a: Sneasler|0 fnt\n|-damage|p2b: Basculegion|32/100\n|faint|p2a: Sneasler\n|move|p1b: Sneasler|Dire Claw|p2b: Basculegion\n|-resisted|p2b: Basculegion|1\n|-damage|p2b: Basculegion|6/100\n|-status|p2b: Basculegion|par\n|move|p2b: Basculegion|Last Respects|p1a: Dragonite\n|-damage|p1a: Dragonite|0 fnt\n|faint|p1a: Dragonite\n|\n|upkeep\n|\n|t:|1776338494\n|switch|p1a: Basculegion|Basculegion, L50, M|100/100\n|turn|6\n|c|\u2606gyanrannon|gg\n|\n|t:|1776338502\n|move|p1a: Basculegion|Aqua Jet|p2b: Basculegion\n|-resisted|p2b: Basculegion|1\n|-damage|p2b: Basculegion|0 fnt\n|faint|p2b: Basculegion\n|\n|win|gyanrannon\n|raw|gyanrannon's rating: 1070 &rarr; <strong>1104</strong><br />(+34 for winning)\n|raw|AidzPlayz's rating: 1122 &rarr; <strong>1093</strong><br />(-29 for losing)\n",
  "uploadtime": 1776338502,
  "views": 22,
  "formatid": "gen9championsvgc2026regma",
  "rating": 1093,
  "private": 0,
  "password": null
}