{
  "id": "gen9championsvgc2026regma-2581955952",
  "format": "[Gen 9 Champions] VGC 2026 Reg M-A",
  "players": [
    "cousclass",
    "brady gaga 3.7"
  ],
  "log": "|j|\u2606cousclass\n|j|\u2606brady gaga 3.7\n|t:|1776043046\n|gametype|doubles\n|player|p1|cousclass|265|1146\n|player|p2|brady gaga 3.7|1|1227\n|gen|9\n|tier|[Gen 9 Champions] VGC 2026 Reg M-A\n|rated|\n|rule|Species Clause: Limit one of each Pok\u00e9mon\n|rule|Item Clause: Limit 1 of each item\n|clearpoke\n|poke|p1|Incineroar, L50, F|\n|poke|p1|Golurk, L50|\n|poke|p1|Hatterene, L50, F|\n|poke|p1|Farigiraf, L50, M|\n|poke|p1|Rampardos, L50, F|\n|poke|p1|Torkoal, L50, F|\n|poke|p2|Tyranitar, L50, M|\n|poke|p2|Farigiraf, L50, F|\n|poke|p2|Bastiodon, L50, F|\n|poke|p2|Golurk, L50|\n|poke|p2|Sinistcha, L50|\n|poke|p2|Excadrill, L50, M|\n|teampreview|4\n|\n|t:|1776043093\n|teamsize|p1|4\n|teamsize|p2|4\n|start\n|switch|p1a: Incineroar|Incineroar, L50, F|100/100\n|switch|p1b: Hatterene|Hatterene, L50, F|100/100\n|switch|p2a: Bastiodon|Bastiodon, L50, F|100/100\n|switch|p2b: Sinistcha|Sinistcha, L50|100/100\n|-ability|p1a: Incineroar|Intimidate|boost\n|-unboost|p2a: Bastiodon|atk|1\n|-unboost|p2b: Sinistcha|atk|1\n|turn|1\n|inactive|Battle timer is ON: inactive players will automatically lose when time's up. (requested by cousclass)\n|\n|t:|1776043124\n|move|p2b: Sinistcha|Protect|p2b: Sinistcha\n|-singleturn|p2b: Sinistcha|Protect\n|move|p1a: Incineroar|Fake Out|p2a: Bastiodon\n|-resisted|p2a: Bastiodon|2\n|-damage|p2a: Bastiodon|99/100\n|cant|p2a: Bastiodon|flinch\n|move|p1b: Hatterene|Trick Room|p1b: Hatterene\n|-fieldstart|move: Trick Room|[of] p1b: Hatterene\n|\n|upkeep\n|turn|2\n|\n|t:|1776043140\n|switch|p1b: Rampardos|Rampardos, L50, F|100/100\n|switch|p2b: Tyranitar|Tyranitar, L50, M|100/100\n|-weather|Sandstorm|[from] ability: Sand Stream|[of] p2b: Tyranitar\n|move|p2a: Bastiodon|Iron Defense|p2a: Bastiodon\n|-boost|p2a: Bastiodon|def|2\n|move|p1a: Incineroar|Parting Shot|p2b: Tyranitar\n|-unboost|p2b: Tyranitar|atk|1\n|-unboost|p2b: Tyranitar|spa|1\n|\n|t:|1776043151\n|switch|p1a: Golurk|Golurk, L50|100/100|[from] Parting Shot\n|\n|-weather|Sandstorm|[upkeep]\n|upkeep\n|turn|3\n|\n|t:|1776043165\n|switch|p1b: Hatterene|Hatterene, L50, F|100/100\n|switch|p2b: Sinistcha|Sinistcha, L50|100/100\n|-heal|p2a: Bastiodon|100/100|[from] ability: Hospitality|[of] p2b: Sinistcha\n|detailschange|p1a: Golurk|Golurk-Mega, L50\n|-mega|p1a: Golurk|Golurk|Golurkite\n|move|p2a: Bastiodon|Body Press|p1b: Hatterene\n|-resisted|p1b: Hatterene|2\n|-damage|p1b: Hatterene|83/100\n|move|p1a: Golurk|Earthquake|p2b: Sinistcha|[spread] p1b,p2a,p2b\n|-supereffective|p2a: Bastiodon|2\n|-enditem|p2a: Bastiodon|Shuca Berry|[eat]\n|-enditem|p2a: Bastiodon|Shuca Berry|[weaken]\n|-resisted|p2b: Sinistcha|1\n|-damage|p1b: Hatterene|36/100\n|-damage|p2a: Bastiodon|74/100\n|-damage|p2b: Sinistcha|79/100\n|\n|-weather|Sandstorm|[upkeep]\n|-damage|p1b: Hatterene|30/100|[from] Sandstorm\n|-damage|p2b: Sinistcha|72/100|[from] Sandstorm\n|-heal|p1b: Hatterene|36/100|[from] item: Leftovers\n|upkeep\n|turn|4\n|inactive|brady gaga 3.7 has 30 seconds left.\n|\n|t:|1776043198\n|move|p1b: Hatterene|Dazzling Gleam|p2a: Bastiodon|[spread] p2a,p2b\n|-resisted|p2a: Bastiodon|1\n|-damage|p2a: Bastiodon|67/100\n|-damage|p2b: Sinistcha|52/100\n|move|p2a: Bastiodon|Iron Defense|p2a: Bastiodon\n|-boost|p2a: Bastiodon|def|2\n|move|p1a: Golurk|Hammer Arm|p2a: Bastiodon\n|-supereffective|p2a: Bastiodon|2\n|-damage|p2a: Bastiodon|36/100\n|-unboost|p1a: Golurk|spe|1\n|move|p2b: Sinistcha|Matcha Gotcha|p1a: Golurk|[spread] p1a,p1b\n|-supereffective|p1a: Golurk|1\n|-crit|p1a: Golurk\n|-damage|p1a: Golurk|30/100\n|-heal|p2b: Sinistcha|90/100|[from] drain|[of] p1a: Golurk\n|-damage|p1b: Hatterene|16/100\n|-heal|p2b: Sinistcha|99/100|[from] drain|[of] p1b: Hatterene\n|\n|-weather|Sandstorm|[upkeep]\n|-damage|p1b: Hatterene|10/100|[from] Sandstorm\n|-damage|p2b: Sinistcha|94/100|[from] Sandstorm\n|-heal|p1b: Hatterene|16/100|[from] item: Leftovers\n|upkeep\n|turn|5\n|inactive|cousclass has 30 seconds left.\n|inactive|brady gaga 3.7 has 30 seconds left.\n|inactive|cousclass has 20 seconds left.\n|inactive|brady gaga 3.7 has 20 seconds left.\n|\n|t:|1776043235\n|switch|p1b: Incineroar|Incineroar, L50, F|100/100\n|-ability|p1b: Incineroar|Intimidate|boost\n|-unboost|p2a: Bastiodon|atk|1\n|-unboost|p2b: Sinistcha|atk|1\n|move|p2b: Sinistcha|Protect|p2b: Sinistcha\n|-singleturn|p2b: Sinistcha|Protect\n|move|p1a: Golurk|Poltergeist|p2b: Sinistcha\n|-activate|p2b: Sinistcha|move: Protect\n|move|p2a: Bastiodon|Body Press|p1b: Incineroar\n|-supereffective|p1b: Incineroar|1\n|-damage|p1b: Incineroar|0 fnt\n|faint|p1b: Incineroar\n|\n|-weather|Sandstorm|[upkeep]\n|-damage|p2b: Sinistcha|88/100|[from] Sandstorm\n|-fieldend|move: Trick Room\n|upkeep\n|\n|t:|1776043249\n|switch|p1b: Rampardos|Rampardos, L50, F|100/100\n|turn|6\n|\n|t:|1776043264\n|move|p2b: Sinistcha|Matcha Gotcha|p1a: Golurk|[spread] p1a,p1b\n|-supereffective|p1a: Golurk|1\n|-supereffective|p1b: Rampardos|1\n|-damage|p1a: Golurk|0 fnt\n|-heal|p2b: Sinistcha|100/100|[from] drain|[of] p1a: Golurk\n|-damage|p1b: Rampardos|55/100\n|faint|p1a: Golurk\n|move|p1b: Rampardos|Rock Slide|p2a: Bastiodon|[spread] p2a,p2b\n|-resisted|p2a: Bastiodon|1\n|-crit|p2b: Sinistcha\n|-damage|p2a: Bastiodon|32/100\n|-damage|p2b: Sinistcha|30/100\n|-enditem|p2b: Sinistcha|Sitrus Berry|[eat]\n|-heal|p2b: Sinistcha|54/100|[from] item: Sitrus Berry\n|move|p2a: Bastiodon|Body Press|p1b: Rampardos\n|-supereffective|p1b: Rampardos|1\n|-damage|p1b: Rampardos|0 fnt\n|faint|p1b: Rampardos\n|\n|-weather|none\n|upkeep\n|-message|cousclass forfeited.\n|\n|win|brady gaga 3.7\n|raw|cousclass's rating: 1146 &rarr; <strong>1127</strong><br />(-19 for losing)\n|raw|brady gaga 3.7's rating: 1227 &rarr; <strong>1246</strong><br />(+19 for winning)\n|l|\u2606cousclass\n|player|p1|\n",
  "uploadtime": 1776043296,
  "views": 13,
  "formatid": "gen9championsvgc2026regma",
  "rating": 1127,
  "private": 0,
  "password": null
}