{
  "id": "gen9championsvgc2026regma-2584814315",
  "format": "[Gen 9 Champions] VGC 2026 Reg M-A",
  "players": [
    "guiguidant007",
    "tpgame1100"
  ],
  "log": "|j|\u2606guiguidant007\n|j|\u2606tpgame1100\n|t:|1776285653\n|gametype|doubles\n|player|p1|guiguidant007|266|1045\n|player|p2|tpgame1100|102|1000\n|gen|9\n|tier|[Gen 9 Champions] VGC 2026 Reg M-A\n|rated|\n|rule|Species Clause: Limit one of each Pok\u00e9mon\n|rule|Item Clause: Limit 1 of each item\n|clearpoke\n|poke|p1|Krookodile, L50, M|\n|poke|p1|Hawlucha, L50, M|\n|poke|p1|Quaquaval, L50, M|\n|poke|p1|Hatterene, L50, F|\n|poke|p1|Garganacl, L50, F|\n|poke|p1|Decidueye, L50, M|\n|poke|p2|Froslass, L50, F|\n|poke|p2|Palafin, L50, M|\n|poke|p2|Maushold, L50|\n|poke|p2|Kommo-o, L50, M|\n|poke|p2|Arcanine-Hisui, L50, F|\n|poke|p2|Aerodactyl, L50, M|\n|teampreview|4\n|\n|t:|1776285684\n|teamsize|p1|4\n|teamsize|p2|4\n|start\n|switch|p1a: Krookodile|Krookodile, L50, M|100/100\n|switch|p1b: Hawlucha|Hawlucha, L50, M, shiny|100/100\n|switch|p2a: Maushold|Maushold, L50|100/100\n|switch|p2b: Palafin|Palafin, L50, M|100/100\n|-ability|p1b: Hawlucha|Mold Breaker\n|turn|1\n|\n|t:|1776285702\n|detailschange|p2b: Palafin|Palafin-Hero, L50, M\n|switch|p2b: Froslass|Froslass, L50, F|100/100\n|detailschange|p1b: Hawlucha|Hawlucha-Mega, L50, M, shiny\n|-mega|p1b: Hawlucha|Hawlucha|Hawluchanite\n|move|p2a: Maushold|Population Bomb|p1a: Krookodile\n|-damage|p1a: Krookodile|93/100\n|-damage|p1a: Krookodile|83/100\n|-damage|p1a: Krookodile|74/100\n|-damage|p1a: Krookodile|65/100\n|-damage|p1a: Krookodile|56/100\n|-damage|p1a: Krookodile|48/100\n|-damage|p1a: Krookodile|38/100\n|-damage|p1a: Krookodile|29/100\n|-damage|p1a: Krookodile|19/100\n|-damage|p1a: Krookodile|10/100\n|-hitcount|p1a: Krookodile|10\n|move|p1b: Hawlucha|Entrainment|p2b: Froslass\n|-ability|p2b: Froslass|No Guard|Snow Cloak|[from] move: Entrainment|[of] p1b: Hawlucha\n|cant|p1a: Krookodile|flinch\n|\n|upkeep\n|turn|2\n|\n|t:|1776285734\n|detailschange|p2b: Froslass|Froslass-Mega, L50, F\n|-mega|p2b: Froslass|Froslass|Froslassite\n|-weather|Snowscape|[from] ability: Snow Warning|[of] p2b: Froslass\n|move|p1a: Krookodile|Protect|p1a: Krookodile\n|-singleturn|p1a: Krookodile|Protect\n|move|p2b: Froslass|Blizzard|p1a: Krookodile|[spread] p1b\n|-activate|p1a: Krookodile|move: Protect\n|-supereffective|p1b: Hawlucha|1\n|-damage|p1b: Hawlucha|25/100\n|move|p2a: Maushold|Population Bomb|p1b: Hawlucha\n|-damage|p1b: Hawlucha|16/100\n|-damage|p1b: Hawlucha|7/100\n|-damage|p1b: Hawlucha|0 fnt\n|faint|p1b: Hawlucha\n|-hitcount|p1: Hawlucha|3\n|\n|-weather|Snowscape|[upkeep]\n|upkeep\n|\n|t:|1776285747\n|switch|p1b: Garganacl|Garganacl, L50, F, shiny|100/100\n|turn|3\n|\n|t:|1776285757\n|move|p1b: Garganacl|Wide Guard|p1b: Garganacl\n|-singleturn|p1b: Garganacl|Wide Guard\n|move|p2b: Froslass|Blizzard|p1a: Krookodile|[spread] \n|-activate|p1a: Krookodile|move: Wide Guard\n|-activate|p1b: Garganacl|move: Wide Guard\n|move|p2a: Maushold|Population Bomb|p1b: Garganacl\n|-resisted|p1b: Garganacl|1\n|-damage|p1b: Garganacl|98/100\n|-resisted|p1b: Garganacl|1\n|-damage|p1b: Garganacl|95/100\n|-hitcount|p1b: Garganacl|2\n|move|p1a: Krookodile|Crunch|p2b: Froslass\n|-supereffective|p2b: Froslass|1\n|-damage|p2b: Froslass|45/100\n|\n|-weather|Snowscape|[upkeep]\n|upkeep\n|turn|4\n|\n|t:|1776285772\n|move|p2b: Froslass|Protect|p2b: Froslass\n|-singleturn|p2b: Froslass|Protect\n|move|p1a: Krookodile|Protect|p1a: Krookodile\n|-singleturn|p1a: Krookodile|Protect\n|move|p2a: Maushold|Population Bomb|p1a: Krookodile\n|-activate|p1a: Krookodile|move: Protect\n|move|p1b: Garganacl|Rock Slide|p2b: Froslass|[spread] p2a\n|-activate|p2b: Froslass|move: Protect\n|-damage|p2a: Maushold|74/100\n|\n|-weather|Snowscape|[upkeep]\n|upkeep\n|turn|5\n|\n|t:|1776285784\n|move|p1b: Garganacl|Wide Guard|p1b: Garganacl\n|-singleturn|p1b: Garganacl|Wide Guard\n|move|p2b: Froslass|Aurora Veil|p2b: Froslass\n|-sidestart|p2: tpgame1100|move: Aurora Veil\n|move|p2a: Maushold|Population Bomb|p1a: Krookodile\n|-damage|p1a: Krookodile|1/100\n|-damage|p1a: Krookodile|0 fnt\n|faint|p1a: Krookodile\n|-hitcount|p1: Krookodile|2\n|\n|-weather|Snowscape|[upkeep]\n|upkeep\n|\n|t:|1776285791\n|switch|p1a: Hatterene|Hatterene, L50, F, shiny|100/100\n|-ability|p1a: Hatterene|Anticipation\n|turn|6\n|\n|t:|1776285806\n|move|p2b: Froslass|Shadow Ball|p1a: Hatterene\n|-supereffective|p1a: Hatterene|1\n|-damage|p1a: Hatterene|14/100\n|move|p2a: Maushold|Population Bomb|p1a: Hatterene\n|-damage|p1a: Hatterene|3/100\n|-damage|p1a: Hatterene|0 fnt\n|faint|p1a: Hatterene\n|-hitcount|p1: Hatterene|2\n|move|p1b: Garganacl|Stealth Rock|p2a: Maushold\n|-sidestart|p2: tpgame1100|move: Stealth Rock\n|\n|-weather|none\n|upkeep\n|turn|7\n|-message|guiguidant007 forfeited.\n|\n|win|tpgame1100\n|raw|guiguidant007's rating: 1045 &rarr; <strong>1026</strong><br />(-19 for losing)\n|raw|tpgame1100's rating: 1000 &rarr; <strong>1045</strong><br />(+45 for winning)\n|l|\u2606guiguidant007\n|player|p1|\n",
  "uploadtime": 1776285820,
  "views": 18,
  "formatid": "gen9championsvgc2026regma",
  "rating": 1026,
  "private": 0,
  "password": null
}