{
  "id": "gen9championsvgc2026regma-2587315265",
  "format": "[Gen 9 Champions] VGC 2026 Reg M-A",
  "players": [
    "Johan XVIII",
    "MaxiSilv"
  ],
  "log": "|j|\u2606Johan XVIII\n|j|\u2606MaxiSilv\n|t:|1776521232\n|gametype|doubles\n|player|p1|Johan XVIII|cyrus|1044\n|player|p2|MaxiSilv|266|1061\n|gen|9\n|tier|[Gen 9 Champions] VGC 2026 Reg M-A\n|rated|\n|rule|Species Clause: Limit one of each Pok\u00e9mon\n|rule|Item Clause: Limit 1 of each item\n|clearpoke\n|poke|p1|Torkoal, L50, F|\n|poke|p1|Hatterene, L50, F|\n|poke|p1|Palafin, L50, M|\n|poke|p1|Dragonite, L50, M|\n|poke|p1|Mudsdale, L50, F|\n|poke|p1|Maushold, L50|\n|poke|p2|Floette-Eternal, L50, F|\n|poke|p2|Sinistcha, L50|\n|poke|p2|Aerodactyl, L50, F|\n|poke|p2|Garchomp, L50, F|\n|poke|p2|Incineroar, L50, F|\n|poke|p2|Rotom-Wash, L50|\n|teampreview|4\nMaxiSilv has agreed to open team sheets.\n|inactive|Battle timer is ON: inactive players will automatically lose when time's up. (requested by Johan XVIII)\n|\n|t:|1776521265\n|teamsize|p1|4\n|teamsize|p2|4\n|start\n|switch|p1a: Palafin|Palafin, L50, M|100/100\n|switch|p1b: Dragonite|Dragonite, L50, M|100/100\n|switch|p2a: Garchomp|Garchomp, L50, F|100/100\n|switch|p2b: Rotom|Rotom-Wash, L50|100/100\n|turn|1\n|\n|t:|1776521287\n|switch|p2a: Floette|Floette-Eternal, L50, F|100/100\n|detailschange|p1b: Dragonite|Dragonite-Mega, L50, M\n|-mega|p1b: Dragonite|Dragonite|Dragoninite\n|move|p1a: Palafin|Flip Turn|p2a: Floette\n|-crit|p2a: Floette\n|-damage|p2a: Floette|66/100\n|\n|t:|1776521304\n|detailschange|p1a: Palafin|Palafin-Hero, L50, M\n|switch|p1a: Maushold|Maushold, L50|100/100|[from] Flip Turn\n|move|p1b: Dragonite|Blizzard|p2a: Floette|[spread] p2b\n|-miss|p1b: Dragonite|p2a: Floette\n|-resisted|p2b: Rotom|1\n|-damage|p2b: Rotom|83/100\n|move|p2b: Rotom|Volt Switch|p1b: Dragonite\n|-damage|p1b: Dragonite|86/100\n|inactive|MaxiSilv has 30 seconds left.\n|\n|t:|1776521335\n|switch|p2b: Incineroar|Incineroar, L50, F|100/100|[from] Volt Switch\n|-ability|p2b: Incineroar|Intimidate|boost\n|-unboost|p1a: Maushold|atk|1\n|-unboost|p1b: Dragonite|atk|1\n|\n|upkeep\n|turn|2\n|\n|t:|1776521358\n|switch|p1a: Palafin|Palafin-Hero, L50, M|100/100\n|-activate|p1a: Palafin|ability: Zero to Hero\n|detailschange|p2a: Floette|Floette-Mega, L50, F\n|-mega|p2a: Floette|Floette|Floettite\n|-ability|p2a: Floette|Fairy Aura\n|move|p2b: Incineroar|Fake Out|p1b: Dragonite\n|-damage|p1b: Dragonite|75/100\n|cant|p1b: Dragonite|flinch\n|move|p2a: Floette|Dazzling Gleam|p1b: Dragonite|[spread] p1a,p1b\n|-supereffective|p1b: Dragonite|1\n|-damage|p1a: Palafin|53/100\n|-damage|p1b: Dragonite|0 fnt\n|faint|p1b: Dragonite\n|\n|upkeep\n|inactive|Johan XVIII has 30 seconds left.\n|inactive|Johan XVIII has 20 seconds left.\n|inactive|Johan XVIII has 15 seconds left.\n|\n|t:|1776521398\n|switch|p1b: Mudsdale|Mudsdale, L50, F|100/100\n|turn|3\n|inactive|MaxiSilv has 30 seconds left.\n|\n|t:|1776521431\n|switch|p2a: Garchomp|Garchomp, L50, F|100/100\n|switch|p2b: Rotom|Rotom-Wash, L50|83/100\n|move|p1a: Palafin|Drain Punch|p2b: Rotom\n|-damage|p2b: Rotom|50/100\n|-heal|p1a: Palafin|68/100|[from] drain|[of] p2b: Rotom\n|-enditem|p2b: Rotom|Sitrus Berry|[eat]\n|-heal|p2b: Rotom|75/100|[from] item: Sitrus Berry\n|move|p1b: Mudsdale|Heavy Slam|p2a: Garchomp\n|-damage|p2a: Garchomp|65/100\n|-damage|p1b: Mudsdale|88/100|[from] ability: Rough Skin|[of] p2a: Garchomp\n|\n|-heal|p1b: Mudsdale|94/100|[from] item: Leftovers\n|upkeep\n|turn|4\n|inactive|Johan XVIII has 30 seconds left.\n|inactive|MaxiSilv has 30 seconds left.\n|inactive|Johan XVIII has 20 seconds left.\n|inactive|MaxiSilv has 20 seconds left.\n|inactive|Johan XVIII has 15 seconds left.\n|inactive|MaxiSilv has 15 seconds left.\n|inactive|MaxiSilv has 10 seconds left.\n|\n|t:|1776521480\n|move|p1a: Palafin|Drain Punch|p2a: Garchomp\n|-damage|p2a: Garchomp|32/100\n|-heal|p1a: Palafin|85/100|[from] drain|[of] p2a: Garchomp\n|-damage|p1a: Palafin|73/100|[from] ability: Rough Skin|[of] p2a: Garchomp\n|move|p2a: Garchomp|Earthquake|p1a: Palafin|[spread] p1a,p1b\n|-immune|p2b: Rotom|[from] ability: Levitate\n|-damage|p1a: Palafin|30/100\n|-damage|p1b: Mudsdale|65/100\n|-ability|p1b: Mudsdale|Stamina|boost\n|-boost|p1b: Mudsdale|def|1\n|-enditem|p1a: Palafin|Sitrus Berry|[eat]\n|-heal|p1a: Palafin|55/100|[from] item: Sitrus Berry\n|move|p2b: Rotom|Thunderbolt|p1a: Palafin\n|-supereffective|p1a: Palafin|1\n|-damage|p1a: Palafin|0 fnt\n|faint|p1a: Palafin\n|move|p1b: Mudsdale|Body Press|p2b: Rotom\n|-damage|p2b: Rotom|36/100\n|\n|-heal|p1b: Mudsdale|71/100|[from] item: Leftovers\n|upkeep\n|\n|t:|1776521502\n|switch|p1a: Maushold|Maushold, L50|100/100\n|turn|5\n|inactive|Johan XVIII has 30 seconds left.\n|inactive|MaxiSilv has 30 seconds left.\n|\n|t:|1776521530\n|move|p1a: Maushold|Population Bomb|p1b: Mudsdale\n|-damage|p1b: Mudsdale|67/100\n|-ability|p1b: Mudsdale|Stamina|boost\n|-boost|p1b: Mudsdale|def|1\n|-crit|p1b: Mudsdale\n|-damage|p1b: Mudsdale|58/100\n|-ability|p1b: Mudsdale|Stamina|boost\n|-boost|p1b: Mudsdale|def|1\n|-damage|p1b: Mudsdale|55/100\n|-ability|p1b: Mudsdale|Stamina|boost\n|-boost|p1b: Mudsdale|def|1\n|-damage|p1b: Mudsdale|53/100\n|-ability|p1b: Mudsdale|Stamina|boost\n|-boost|p1b: Mudsdale|def|1\n|-crit|p1b: Mudsdale\n|-damage|p1b: Mudsdale|44/100\n|-ability|p1b: Mudsdale|Stamina|boost\n|-boost|p1b: Mudsdale|def|1\n|-damage|p1b: Mudsdale|42/100\n|-damage|p1b: Mudsdale|40/100\n|-damage|p1b: Mudsdale|39/100\n|-damage|p1b: Mudsdale|37/100\n|-damage|p1b: Mudsdale|35/100\n|-hitcount|p1b: Mudsdale|10\n|move|p2b: Rotom|Hydro Pump|p1b: Mudsdale\n|-supereffective|p1b: Mudsdale|1\n|-damage|p1b: Mudsdale|0 fnt\n|faint|p1b: Mudsdale\n|move|p2a: Garchomp|Dragon Tail|p1a: Maushold\n|-damage|p1a: Maushold|50/100\n|\n|upkeep\n|turn|6\n|inactive|Johan XVIII has 30 seconds left.\n|inactive|Johan XVIII has 20 seconds left.\n|inactive|Johan XVIII has 15 seconds left.\n|\n|t:|1776521572\n|move|p1a: Maushold|Population Bomb|p2a: Garchomp\n|-damage|p2a: Garchomp|25/100\n|-damage|p1a: Maushold|38/100|[from] ability: Rough Skin|[of] p2a: Garchomp\n|-damage|p2a: Garchomp|17/100\n|-damage|p1a: Maushold|26/100|[from] ability: Rough Skin|[of] p2a: Garchomp\n|-damage|p2a: Garchomp|10/100\n|-damage|p1a: Maushold|14/100|[from] ability: Rough Skin|[of] p2a: Garchomp\n|-damage|p2a: Garchomp|2/100\n|-damage|p1a: Maushold|2/100|[from] ability: Rough Skin|[of] p2a: Garchomp\n|-damage|p2a: Garchomp|0 fnt\n|-damage|p1a: Maushold|0 fnt|[from] ability: Rough Skin|[of] p2a: Garchomp\n|faint|p2a: Garchomp\n|faint|p1a: Maushold\n|\n|win|MaxiSilv\n|-hitcount|p2: Garchomp|5\n|raw|Johan XVIII's rating: 1044 &rarr; <strong>1028</strong><br />(-16 for losing)\n|raw|MaxiSilv's rating: 1061 &rarr; <strong>1090</strong><br />(+29 for winning)\n",
  "uploadtime": 1776521572,
  "views": 35,
  "formatid": "gen9championsvgc2026regma",
  "rating": 1028,
  "private": 0,
  "password": null
}