{
  "id": "gen9championsvgc2026regma-2587161563",
  "format": "[Gen 9 Champions] VGC 2026 Reg M-A",
  "players": [
    "seattleseadrasfpl",
    "Disfrazdetigre"
  ],
  "log": "|j|\u2606seattleseadrasfpl\n|j|\u2606Disfrazdetigre\n|t:|1776502452\n|gametype|doubles\n|player|p1|seattleseadrasfpl|fisherman-gen4|1374\n|player|p2|Disfrazdetigre|102|1385\n|gen|9\n|tier|[Gen 9 Champions] VGC 2026 Reg M-A\n|rated|\n|rule|Species Clause: Limit one of each Pok\u00e9mon\n|rule|Item Clause: Limit 1 of each item\n|clearpoke\n|poke|p1|Pelipper, L50, F|\n|poke|p1|Archaludon, L50, F|\n|poke|p1|Blastoise, L50, M|\n|poke|p1|Scizor, L50, F|\n|poke|p1|Sinistcha, L50|\n|poke|p1|Sneasler, L50, M|\n|poke|p2|Corviknight, L50, M|\n|poke|p2|Milotic, L50, F|\n|poke|p2|Medicham, L50, M|\n|poke|p2|Arcanine-Hisui, L50, M|\n|poke|p2|Heliolisk, L50, F|\n|poke|p2|Hydreigon, L50, F|\n|teampreview|4\n|inactive|Battle timer is ON: inactive players will automatically lose when time's up. (requested by Disfrazdetigre)\n|\n|t:|1776502501\n|teamsize|p1|4\n|teamsize|p2|4\n|start\n|switch|p1a: Archaludon|Archaludon, L50, F|100/100\n|switch|p1b: Sneasler|Sneasler, L50, M|100/100\n|switch|p2a: Heliolisk|Heliolisk, L50, F|100/100\n|switch|p2b: Medicham|Medicham, L50, M|100/100\n|turn|1\n|inactive|Disfrazdetigre has 30 seconds left.\n|inactive|seattleseadrasfpl has 30 seconds left.\n|inactive|Disfrazdetigre has 20 seconds left.\n|inactive|seattleseadrasfpl has 20 seconds left.\n|inactive|Disfrazdetigre has 15 seconds left.\n|\n|t:|1776502545\n|switch|p2b: Corviknight|Corviknight, L50, M|100/100\n|move|p1b: Sneasler|Fake Out|p2b: Corviknight\n|-resisted|p2b: Corviknight|1\n|-damage|p2b: Corviknight|97/100\n|move|p1a: Archaludon|Aura Sphere|p2a: Heliolisk\n|-supereffective|p2a: Heliolisk|1\n|-damage|p2a: Heliolisk|20/100\n|move|p2a: Heliolisk|Eerie Impulse|p1a: Archaludon\n|-unboost|p1a: Archaludon|spa|2\n|\n|upkeep\n|turn|2\n|inactive|seattleseadrasfpl has 30 seconds left.\n|inactive|Disfrazdetigre has 30 seconds left.\n|\n|t:|1776502578\n|move|p1b: Sneasler|Protect|p1b: Sneasler\n|-singleturn|p1b: Sneasler|Protect\n|move|p1a: Archaludon|Aura Sphere|p2a: Heliolisk\n|-supereffective|p2a: Heliolisk|1\n|-damage|p2a: Heliolisk|0 fnt\n|faint|p2a: Heliolisk\n|move|p2b: Corviknight|Brave Bird|p1b: Sneasler\n|-activate|p1b: Sneasler|move: Protect\n|\n|upkeep\n|\n|t:|1776502588\n|switch|p2a: Medicham|Medicham, L50, M|100/100\n|turn|3\n|inactive|seattleseadrasfpl has 30 seconds left.\n|\n|t:|1776502617\n|switch|p1a: Pelipper|Pelipper, L50, F|100/100\n|-weather|RainDance|[from] ability: Drizzle|[of] p1a: Pelipper\n|detailschange|p2a: Medicham|Medicham-Mega, L50, M\n|-mega|p2a: Medicham|Medicham|Medichamite\n|move|p1b: Sneasler|Dire Claw|p2a: Medicham\n|-damage|p2a: Medicham|47/100\n|-status|p2a: Medicham|slp\n|cant|p2a: Medicham|slp\n|move|p2b: Corviknight|Brave Bird|p1a: Pelipper\n|-damage|p1a: Pelipper|52/100\n|-damage|p2b: Corviknight|86/100|[from] Recoil\n|\n|-weather|RainDance|[upkeep]\n|upkeep\n|turn|4\n|inactive|seattleseadrasfpl has 30 seconds left.\n|inactive|Disfrazdetigre has 30 seconds left.\n|inactive|seattleseadrasfpl has 20 seconds left.\n|\n|t:|1776502654\n|move|p1b: Sneasler|Close Combat|p2b: Corviknight\n|-damage|p2b: Corviknight|46/100\n|-unboost|p1b: Sneasler|def|1\n|-unboost|p1b: Sneasler|spd|1\n|-enditem|p2b: Corviknight|Sitrus Berry|[eat]\n|-heal|p2b: Corviknight|71/100|[from] item: Sitrus Berry\n|-enditem|p1b: Sneasler|White Herb\n|-clearnegativeboost|p1b: Sneasler|[silent]\n|cant|p2a: Medicham|slp\n|move|p1a: Pelipper|Weather Ball|p2b: Corviknight\n|-damage|p2b: Corviknight|11/100\n|move|p2b: Corviknight|Brave Bird|p1b: Sneasler\n|-supereffective|p1b: Sneasler|1\n|-damage|p1b: Sneasler|0 fnt\n|faint|p1b: Sneasler\n|-damage|p2b: Corviknight|0 fnt|[from] Recoil\n|faint|p2b: Corviknight\n|\n|-weather|RainDance|[upkeep]\n|upkeep\n|inactive|seattleseadrasfpl has 30 seconds left.\n|\n|t:|1776502682\n|switch|p1b: Archaludon|Archaludon, L50, F|100/100\n|switch|p2b: Milotic|Milotic, L50, F|100/100\n|turn|5\n|\n|t:|1776502692\n|move|p2b: Milotic|Protect|p2b: Milotic\n|-singleturn|p2b: Milotic|Protect\n|move|p1b: Archaludon|Electro Shot||[still]\n|-prepare|p1b: Archaludon|Electro Shot\n|-boost|p1b: Archaludon|spa|1\n|-anim|p1b: Archaludon|Electro Shot|p2b: Milotic\n|-activate|p2b: Milotic|move: Protect\n|-curestatus|p2a: Medicham|slp|[msg]\n|move|p2a: Medicham|Close Combat|p1b: Archaludon\n|-supereffective|p1b: Archaludon|1\n|-ability|p1b: Archaludon|Sturdy\n|-damage|p1b: Archaludon|1/100\n|-unboost|p2a: Medicham|def|1\n|-unboost|p2a: Medicham|spd|1\n|move|p1a: Pelipper|Hurricane|p2a: Medicham\n|-supereffective|p2a: Medicham|1\n|-damage|p2a: Medicham|0 fnt\n|faint|p2a: Medicham\n|\n|-weather|RainDance|[upkeep]\n|upkeep\n|turn|6\n|\n|t:|1776502710\n|move|p1b: Archaludon|Electro Shot||[still]\n|-prepare|p1b: Archaludon|Electro Shot\n|-boost|p1b: Archaludon|spa|1\n|-anim|p1b: Archaludon|Electro Shot|p2b: Milotic\n|-supereffective|p2b: Milotic|1\n|-damage|p2b: Milotic|0 fnt\n|faint|p2b: Milotic\n|\n|win|seattleseadrasfpl\n|raw|seattleseadrasfpl's rating: 1374 &rarr; <strong>1395</strong><br />(+21 for winning)\n|raw|Disfrazdetigre's rating: 1385 &rarr; <strong>1364</strong><br />(-21 for losing)\n|l|\u2606Disfrazdetigre\n|player|p2|\n",
  "uploadtime": 1776502723,
  "views": 38,
  "formatid": "gen9championsvgc2026regma",
  "rating": 1364,
  "private": 0,
  "password": null
}