{
  "id": "gen9championsvgc2026regma-2588965732",
  "format": "[Gen 9 Champions] VGC 2026 Reg M-A",
  "players": [
    "kuzwarrior",
    "Venusaur-Saurr"
  ],
  "log": "|j|\u2606kuzwarrior\n|j|\u203dVenusaur-Saurr\n|html|<table width=\"100%\"><tr><td align=\"left\">kuzwarrior</td><td align=\"right\">Venusaur-Saurr</tr><tr><td align=\"left\"><i class=\"fa fa-circle-o\"></i> <i class=\"fa fa-circle-o\"></i> <i class=\"fa fa-circle-o\"></i> </td><td align=\"right\"><i class=\"fa fa-circle-o\"></i> <i class=\"fa fa-circle-o\"></i> <i class=\"fa fa-circle\"></i> </tr></table>\n|uhtml|bestof|<h2><strong>Game 2</strong> of <a href=\"/game-bestof5-gen9championsvgc2026regma-2588960431\">a best-of-5</a></h2>\n|t:|1776690111\n|gametype|doubles\n|player|p1|kuzwarrior|volkner|\n|player|p2|Venusaur-Saurr|riley|\n|gen|9\n|tier|[Gen 9 Champions] VGC 2026 Reg M-A\n|rule|Species Clause: Limit one of each Pok\u00e9mon\n|rule|Item Clause: Limit 1 of each item\n|raw|<div class=\"infobox\"><details class=\"readmore\" open><summary><strong>1 custom rule:</strong></summary> Best of = 5</details></div>\n|clearpoke\n|poke|p1|Drampa, L50, M|\n|poke|p1|Golurk, L50|\n|poke|p1|Kingambit, L50, F|\n|poke|p1|Farigiraf, L50, M|\n|poke|p1|Slowbro, L50, M|\n|poke|p1|Torkoal, L50, F|\n|poke|p2|Aerodactyl, L50, M|\n|poke|p2|Meowstic, L50, M|\n|poke|p2|Ninetales-Alola, L50, M|\n|poke|p2|Torkoal, L50, M|\n|poke|p2|Greninja, L50, F|\n|poke|p2|Venusaur, L50, M|\n|teampreview|4\n|\n|t:|1776690169\n|teamsize|p1|4\n|teamsize|p2|4\n|start\n|switch|p1a: Drampa|Drampa, L50, M|100/100\n|switch|p1b: Farigiraf|Farigiraf, L50, M|100/100\n|switch|p2a: Ninetales|Ninetales-Alola, L50, M|100/100\n|switch|p2b: Greninja|Greninja, L50, F|100/100\n|-weather|Snowscape|[from] ability: Snow Warning|[of] p2a: Ninetales\n|turn|1\n|\n|t:|1776690204\n|detailschange|p2b: Greninja|Greninja-Mega, L50, F\n|-mega|p2b: Greninja|Greninja|Greninjite\n|detailschange|p1a: Drampa|Drampa-Mega, L50, M\n|-mega|p1a: Drampa|Drampa|Drampanite\n|move|p1a: Drampa|Protect|p1a: Drampa\n|-singleturn|p1a: Drampa|Protect\n|move|p2b: Greninja|U-turn|p1b: Farigiraf\n|-start|p2b: Greninja|typechange|Bug|[from] ability: Protean\n|-supereffective|p1b: Farigiraf|1\n|-damage|p1b: Farigiraf|56/100\n|\n|t:|1776690215\n|switch|p2b: Torkoal|Torkoal, L50, M|100/100|[from] U-turn\n|-weather|SunnyDay|[from] ability: Drought|[of] p2b: Torkoal\n|move|p2a: Ninetales|Weather Ball|p1b: Farigiraf\n|-damage|p1b: Farigiraf|21/100\n|-enditem|p1b: Farigiraf|Sitrus Berry|[eat]\n|-heal|p1b: Farigiraf|46/100|[from] item: Sitrus Berry\n|move|p1b: Farigiraf|Trick Room|p1b: Farigiraf\n|-fieldstart|move: Trick Room|[of] p1b: Farigiraf\n|\n|-weather|SunnyDay|[upkeep]\n|upkeep\n|turn|2\n|\n|t:|1776690255\n|move|p2b: Torkoal|Heat Wave|p1b: Farigiraf|[spread] p1a,p1b\n|-resisted|p1a: Drampa|1\n|-damage|p1a: Drampa|80/100\n|-damage|p1b: Farigiraf|4/100\n|move|p1a: Drampa|Hyper Voice|p2a: Ninetales|[spread] p2a,p2b\n|-damage|p2a: Ninetales|48/100\n|-damage|p2b: Torkoal|47/100\n|-enditem|p2b: Torkoal|Sitrus Berry|[eat]\n|-heal|p2b: Torkoal|72/100|[from] item: Sitrus Berry\n|move|p1b: Farigiraf|Hyper Voice|p2a: Ninetales|[spread] p2a,p2b\n|-damage|p2a: Ninetales|20/100\n|-damage|p2b: Torkoal|45/100\n|move|p2a: Ninetales|Dazzling Gleam|p1b: Farigiraf|[spread] p1a,p1b\n|-supereffective|p1a: Drampa|1\n|-damage|p1a: Drampa|38/100\n|-damage|p1b: Farigiraf|0 fnt\n|faint|p1b: Farigiraf\n|-ability|p1a: Drampa|Berserk|boost\n|-boost|p1a: Drampa|spa|1\n|\n|-weather|SunnyDay|[upkeep]\n|upkeep\n|\n|t:|1776690280\n|switch|p1b: Torkoal|Torkoal, L50, F|100/100\n|turn|3\n|\n|t:|1776690288\n|move|p1a: Drampa|Protect|p1a: Drampa\n|-singleturn|p1a: Drampa|Protect\n|move|p1b: Torkoal|Heat Wave|p2a: Ninetales|[spread] p2a,p2b\n|-supereffective|p2a: Ninetales|1\n|-resisted|p2b: Torkoal|1\n|-crit|p2b: Torkoal\n|-damage|p2a: Ninetales|0 fnt\n|-damage|p2b: Torkoal|1/100\n|faint|p2a: Ninetales\n|move|p2b: Torkoal|Heat Wave|p1b: Torkoal|[spread] \n|-activate|p1a: Drampa|move: Protect\n|-miss|p2b: Torkoal|p1b: Torkoal\n|\n|-weather|SunnyDay|[upkeep]\n|upkeep\n|\n|t:|1776690294\n|switch|p2a: Venusaur|Venusaur, L50, M|100/100\n|turn|4\n|\n|t:|1776690308\n|move|p1b: Torkoal|Eruption|p2b: Torkoal|[spread] p2a,p2b\n|-supereffective|p2a: Venusaur|1\n|-resisted|p2b: Torkoal|1\n|-damage|p2a: Venusaur|0 fnt\n|-damage|p2b: Torkoal|0 fnt\n|faint|p2a: Venusaur\n|faint|p2b: Torkoal\n|move|p1a: Drampa|Hyper Voice|p2: Venusaur|[notarget]\n|-fail|p1a: Drampa\n|\n|-weather|SunnyDay|[upkeep]\n|upkeep\n|\n|t:|1776690312\n|switch|p2a: Greninja|Greninja-Mega, L50, F|100/100\n|turn|5\n|\n|t:|1776690327\n|move|p1b: Torkoal|Eruption|p2a: Greninja\n|-resisted|p2a: Greninja|1\n|-damage|p2a: Greninja|23/100\n|move|p1a: Drampa|Solar Beam||[still]\n|-prepare|p1a: Drampa|Solar Beam\n|-anim|p1a: Drampa|Solar Beam|p2a: Greninja\n|-supereffective|p2a: Greninja|1\n|-damage|p2a: Greninja|0 fnt\n|faint|p2a: Greninja\n|\n|win|kuzwarrior\n||Venusaur-Saurr is ready for game 3.\n|inactive|kuzwarrior has 30 seconds to confirm battle start!\n|inactive|kuzwarrior has 20 seconds to confirm battle start!\n|inactive|kuzwarrior has 10 seconds to confirm battle start!\n",
  "uploadtime": 1776690363,
  "views": 1,
  "formatid": "gen9championsvgc2026regma",
  "rating": null,
  "private": 0,
  "password": null
}