{
  "id": "gen9championsvgc2026regma-2587100319",
  "format": "[Gen 9 Champions] VGC 2026 Reg M-A",
  "players": [
    "mrtapman",
    "spectralwater"
  ],
  "log": "|j|\u2606mrtapman\n|j|\u2606spectralwater\n|t:|1776493395\n|gametype|doubles\n|player|p1|mrtapman|red|1065\n|player|p2|spectralwater|hilbert|1000\n|gen|9\n|tier|[Gen 9 Champions] VGC 2026 Reg M-A\n|rated|\n|rule|Species Clause: Limit one of each Pok\u00e9mon\n|rule|Item Clause: Limit 1 of each item\n|clearpoke\n|poke|p1|Lycanroc, L50, M, shiny|\n|poke|p1|Tyranitar, L50, F|\n|poke|p1|Rotom-Wash, L50|\n|poke|p1|Kingambit, L50, F, shiny|\n|poke|p1|Incineroar, L50, F|\n|poke|p1|Sinistcha, L50|\n|poke|p2|Incineroar, L50, M, shiny|\n|poke|p2|Whimsicott, L50, F, shiny|\n|poke|p2|Medicham, L50, F, shiny|\n|poke|p2|Tyranitar, L50, M, shiny|\n|poke|p2|Lucario, L50, M, shiny|\n|poke|p2|Garchomp, L50, F, shiny|\n|teampreview|4\n|\n|t:|1776493408\n|teamsize|p1|4\n|teamsize|p2|4\n|start\n|switch|p1a: Lycanroc|Lycanroc, L50, M, shiny|100/100\n|switch|p1b: Kingambit|Kingambit, L50, F, shiny|100/100\n|switch|p2a: Incineroar|Incineroar, L50, M, shiny|100/100\n|switch|p2b: Whimsicott|Whimsicott, L50, F, shiny|100/100\n|-ability|p2a: Incineroar|Intimidate|boost\n|-unboost|p1a: Lycanroc|atk|1\n|-unboost|p1b: Kingambit|atk|1\n|-ability|p1b: Kingambit|Defiant|boost\n|-boost|p1b: Kingambit|atk|2\n|turn|1\n|\n|t:|1776493424\n|move|p1b: Kingambit|Protect|p1b: Kingambit\n|-singleturn|p1b: Kingambit|Protect\n|move|p2b: Whimsicott|Tailwind|p2b: Whimsicott\n|-sidestart|p2: spectralwater|move: Tailwind\n|move|p2a: Incineroar|Flare Blitz|p1b: Kingambit\n|-activate|p1b: Kingambit|move: Protect\n|move|p1a: Lycanroc|Taunt|p2b: Whimsicott\n|-start|p2b: Whimsicott|move: Taunt\n|\n|upkeep\n|turn|2\n|\n|t:|1776493444\n|switch|p2b: Tyranitar|Tyranitar, L50, M, shiny|100/100\n|-weather|Sandstorm|[from] ability: Sand Stream|[of] p2b: Tyranitar\n|move|p1b: Kingambit|Sucker Punch|p2a: Incineroar\n|-resisted|p2a: Incineroar|1\n|-damage|p2a: Incineroar|62/100\n|move|p1a: Lycanroc|Rock Slide|p2b: Tyranitar|[spread] p2a,p2b\n|-supereffective|p2a: Incineroar|1\n|-damage|p2a: Incineroar|19/100\n|-damage|p2b: Tyranitar|88/100\n|move|p2a: Incineroar|Flare Blitz|p1b: Kingambit\n|-supereffective|p1b: Kingambit|1\n|-damage|p1b: Kingambit|10/100\n|-status|p1b: Kingambit|brn\n|-damage|p2a: Incineroar|0 fnt|[from] Recoil\n|faint|p2a: Incineroar\n|\n|-weather|Sandstorm|[upkeep]\n|-heal|p2b: Tyranitar|94/100|[from] item: Leftovers\n|-damage|p1b: Kingambit|4/100 brn|[from] brn\n|upkeep\n|\n|t:|1776493468\n|switch|p2a: Garchomp|Garchomp, L50, F, shiny|100/100\n|turn|3\n|\n|t:|1776493482\n|switch|p1a: Sinistcha|Sinistcha, L50|100/100\n|-heal|p1b: Kingambit|29/100 brn|[from] ability: Hospitality|[of] p1a: Sinistcha\n|detailschange|p2a: Garchomp|Garchomp-Mega, L50, F, shiny\n|-mega|p2a: Garchomp|Garchomp|Garchompite\n|move|p2b: Tyranitar|Protect|p2b: Tyranitar\n|-singleturn|p2b: Tyranitar|Protect\n|move|p1b: Kingambit|Sucker Punch||[still]\n|-fail|p1b: Kingambit\n|move|p2a: Garchomp|Swords Dance|p2a: Garchomp\n|-boost|p2a: Garchomp|atk|2\n|\n|-weather|Sandstorm|[upkeep]\n|-damage|p1a: Sinistcha|94/100|[from] Sandstorm\n|-heal|p2b: Tyranitar|99/100|[from] item: Leftovers\n|-damage|p1b: Kingambit|23/100 brn|[from] brn\n|upkeep\n|turn|4\n|\n|t:|1776493508\n|move|p2a: Garchomp|Protect|p2a: Garchomp\n|-singleturn|p2a: Garchomp|Protect\n|move|p1a: Sinistcha|Rage Powder|p1a: Sinistcha\n|-singleturn|p1a: Sinistcha|move: Rage Powder\n|move|p1b: Kingambit|Sucker Punch||[still]\n|-fail|p1b: Kingambit\n|move|p2b: Tyranitar|Dragon Dance|p2b: Tyranitar\n|-boost|p2b: Tyranitar|atk|1\n|-boost|p2b: Tyranitar|spe|1\n|\n|-weather|Sandstorm|[upkeep]\n|-damage|p1a: Sinistcha|88/100|[from] Sandstorm\n|-heal|p2b: Tyranitar|100/100|[from] item: Leftovers\n|-damage|p1b: Kingambit|17/100 brn|[from] brn\n|-sideend|p2: spectralwater|move: Tailwind\n|upkeep\n|turn|5\n|\n|t:|1776493532\n|move|p1b: Kingambit|Protect|p1b: Kingambit\n|-singleturn|p1b: Kingambit|Protect\n|move|p2a: Garchomp|Swords Dance|p2a: Garchomp\n|-boost|p2a: Garchomp|atk|2\n|move|p2b: Tyranitar|Dragon Dance|p2b: Tyranitar\n|-boost|p2b: Tyranitar|atk|1\n|-boost|p2b: Tyranitar|spe|1\n|move|p1a: Sinistcha|Life Dew|p1a: Sinistcha|[spread] p1a,p1b\n|-heal|p1a: Sinistcha|100/100\n|-heal|p1b: Kingambit|42/100 brn\n|\n|-weather|Sandstorm|[upkeep]\n|-damage|p1a: Sinistcha|94/100|[from] Sandstorm\n|-damage|p1b: Kingambit|36/100 brn|[from] brn\n|upkeep\n|turn|6\n|\n|t:|1776493554\n|move|p2b: Tyranitar|Protect|p2b: Tyranitar\n|-singleturn|p2b: Tyranitar|Protect\n|move|p2a: Garchomp|Earthquake|p1a: Sinistcha|[spread] p1a,p1b\n|-activate|p2b: Tyranitar|move: Protect\n|-resisted|p1a: Sinistcha|1\n|-supereffective|p1b: Kingambit|1\n|-damage|p1a: Sinistcha|40/100\n|-damage|p1b: Kingambit|0 fnt\n|-enditem|p1a: Sinistcha|Sitrus Berry|[eat]\n|-heal|p1a: Sinistcha|65/100|[from] item: Sitrus Berry\n|faint|p1b: Kingambit\n|move|p1a: Sinistcha|Matcha Gotcha|p2b: Tyranitar|[spread] p2a\n|-activate|p2b: Tyranitar|move: Protect\n|-damage|p2a: Garchomp|82/100\n|-heal|p1a: Sinistcha|74/100|[from] drain|[of] p2a: Garchomp\n|\n|-weather|none\n|upkeep\n|\n|t:|1776493570\n|switch|p1b: Tyranitar|Tyranitar, L50, F|100/100\n|-weather|Sandstorm|[from] ability: Sand Stream|[of] p1b: Tyranitar\n|turn|7\n|\n|t:|1776493588\n|detailschange|p1b: Tyranitar|Tyranitar-Mega, L50, F\n|-mega|p1b: Tyranitar|Tyranitar|Tyranitarite\n|move|p2b: Tyranitar|Iron Head|p1b: Tyranitar\n|-supereffective|p1b: Tyranitar|1\n|-damage|p1b: Tyranitar|37/100\n|move|p2a: Garchomp|Poison Jab|p1a: Sinistcha\n|-damage|p1a: Sinistcha|16/100\n|move|p1b: Tyranitar|Low Kick|p2b: Tyranitar\n|-supereffective|p2b: Tyranitar|2\n|-damage|p2b: Tyranitar|0 fnt\n|faint|p2b: Tyranitar\n|move|p1a: Sinistcha|Matcha Gotcha|p2a: Garchomp\n|-damage|p2a: Garchomp|57/100\n|-heal|p1a: Sinistcha|29/100|[from] drain|[of] p2a: Garchomp\n|\n|-weather|Sandstorm|[upkeep]\n|-damage|p1a: Sinistcha|23/100|[from] Sandstorm\n|upkeep\n|\n|t:|1776493607\n|switch|p2b: Whimsicott|Whimsicott, L50, F, shiny|100/100\n|turn|8\n|\n|t:|1776493625\n|switch|p1a: Lycanroc|Lycanroc, L50, M, shiny|100/100\n|move|p1b: Tyranitar|Protect|p1b: Tyranitar\n|-singleturn|p1b: Tyranitar|Protect\n|move|p2b: Whimsicott|Tailwind|p2b: Whimsicott\n|-sidestart|p2: spectralwater|move: Tailwind\n|move|p2a: Garchomp|Earthquake|p1b: Tyranitar|[spread] p2b,p1a\n|-activate|p1b: Tyranitar|move: Protect\n|-resisted|p2b: Whimsicott|1\n|-supereffective|p1a: Lycanroc|1\n|-damage|p2b: Whimsicott|1/100\n|-enditem|p1a: Lycanroc|Focus Sash\n|-damage|p1a: Lycanroc|1/100\n|\n|-weather|Sandstorm|[upkeep]\n|-damage|p2b: Whimsicott|0 fnt|[from] Sandstorm\n|faint|p2b: Whimsicott\n|upkeep\n|turn|9\n|\n|t:|1776493651\n|switch|p1b: Sinistcha|Sinistcha, L50|23/100\n|-heal|p1a: Lycanroc|26/100|[from] ability: Hospitality|[of] p1b: Sinistcha\n|move|p1a: Lycanroc|Psychic Fangs|p2a: Garchomp\n|-damage|p2a: Garchomp|34/100\n|move|p2a: Garchomp|Earthquake|p1b: Sinistcha|[spread] p1a,p1b\n|-supereffective|p1a: Lycanroc|1\n|-resisted|p1b: Sinistcha|1\n|-damage|p1a: Lycanroc|0 fnt\n|-damage|p1b: Sinistcha|0 fnt\n|faint|p1a: Lycanroc\n|faint|p1b: Sinistcha\n|\n|-weather|Sandstorm|[upkeep]\n|upkeep\n|\n|t:|1776493665\n|switch|p1b: Tyranitar|Tyranitar-Mega, L50, F|37/100\n|turn|10\n|\n|t:|1776493673\n|move|p2a: Garchomp|Earthquake|p1b: Tyranitar\n|-supereffective|p1b: Tyranitar|1\n|-damage|p1b: Tyranitar|0 fnt\n|faint|p1b: Tyranitar\n|\n|win|spectralwater\n|raw|mrtapman's rating: 1065 &rarr; <strong>1042</strong><br />(-23 for losing)\n|raw|spectralwater's rating: 1000 &rarr; <strong>1047</strong><br />(+47 for winning)\n|l|\u2606mrtapman\n|player|p1|\n",
  "uploadtime": 1776493682,
  "views": 21,
  "formatid": "gen9championsvgc2026regma",
  "rating": 1042,
  "private": 0,
  "password": null
}