{
  "id": "gen9championsvgc2026regma-2587278843",
  "format": "[Gen 9 Champions] VGC 2026 Reg M-A",
  "players": [
    "tacazmacaz",
    "freezy45"
  ],
  "log": "|j|\u2606tacazmacaz\n|j|\u2606freezy45\n|t:|1776517647\n|gametype|doubles\n|player|p1|tacazmacaz|steven|\n|player|p2|freezy45|iris-gen5bw2|\n|gen|9\n|tier|[Gen 9 Champions] VGC 2026 Reg M-A\n|rule|Species Clause: Limit one of each Pok\u00e9mon\n|rule|Item Clause: Limit 1 of each item\n|clearpoke\n|poke|p1|Charizard, L50, M|\n|poke|p1|Garchomp, L50, M|\n|poke|p1|Tyranitar, L50, F|\n|poke|p1|Torkoal, L50, F|\n|poke|p1|Corviknight, L50, F|\n|poke|p1|Primarina, L50, M|\n|poke|p2|Froslass, L50, F|\n|poke|p2|Rotom-Frost, L50|\n|poke|p2|Incineroar, L50, F|\n|poke|p2|Basculegion, L50, M|\n|poke|p2|Garchomp, L50, M|\n|poke|p2|Talonflame, L50, M|\n|teampreview|4\n|inactive|Battle timer is ON: inactive players will automatically lose when time's up. (requested by tacazmacaz)\ntacazmacaz rejected open team sheets.\n|\n|t:|1776517678\n|teamsize|p1|4\n|teamsize|p2|4\n|start\n|switch|p1a: Corviknight|Corviknight, L50, F|100/100\n|switch|p1b: Garchomp|Garchomp, L50, M|100/100\n|switch|p2a: Incineroar|Incineroar, L50, F|100/100\n|switch|p2b: Basculegion|Basculegion, L50, M|100/100\n|-ability|p2a: Incineroar|Intimidate|boost\n|-ability|p1a: Corviknight|Mirror Armor\n|-unboost|p2a: Incineroar|atk|1\n|-unboost|p1b: Garchomp|atk|1\n|turn|1\n|inactive|tacazmacaz has 30 seconds left.\n|inactive|freezy45 has 30 seconds left.\n|inactive|freezy45 has 20 seconds left.\n|inactive|freezy45 has 15 seconds left.\n|\n|t:|1776517719\n|move|p2a: Incineroar|Fake Out|p1b: Garchomp\n|-damage|p1b: Garchomp|92/100\n|-damage|p2a: Incineroar|88/100|[from] ability: Rough Skin|[of] p1b: Garchomp\n|cant|p1b: Garchomp|flinch\n|move|p2b: Basculegion|Flip Turn|p1a: Corviknight\n|-damage|p1a: Corviknight|65/100\n|j| 1#miraidonhater\n|\n|t:|1776517730\n|switch|p2b: Froslass|Froslass, L50, F|100/100|[from] Flip Turn\n|move|p1a: Corviknight|Tailwind|p1a: Corviknight\n|-sidestart|p1: tacazmacaz|move: Tailwind\n|\n|upkeep\n|turn|2\n|inactive|freezy45 has 30 seconds left.\n|inactive|freezy45 has 20 seconds left.\n|\n|t:|1776517767\n|move|p2b: Froslass|Protect|p2b: Froslass\n|-singleturn|p2b: Froslass|Protect\n|move|p1b: Garchomp|Rock Slide|p2b: Froslass|[spread] p2a\n|-activate|p2b: Froslass|move: Protect\n|-supereffective|p2a: Incineroar|1\n|-damage|p2a: Incineroar|64/100\n|move|p1a: Corviknight|Taunt|p2a: Incineroar\n|-start|p2a: Incineroar|move: Taunt\n|cant|p2a: Incineroar|move: Taunt|Parting Shot\n|\n|upkeep\n|turn|3\n|\n|t:|1776517789\n|switch|p2b: Basculegion|Basculegion, L50, M|100/100\n|move|p1b: Garchomp|Rock Slide|p2b: Basculegion|[spread] p2a,p2b\n|-supereffective|p2a: Incineroar|1\n|-damage|p2a: Incineroar|42/100\n|-damage|p2b: Basculegion|85/100\n|move|p1a: Corviknight|Brave Bird|p2b: Basculegion\n|-damage|p2b: Basculegion|46/100\n|-damage|p1a: Corviknight|53/100|[from] Recoil\n|move|p2a: Incineroar|Flare Blitz|p1a: Corviknight\n|-supereffective|p1a: Corviknight|1\n|-damage|p1a: Corviknight|0 fnt\n|faint|p1a: Corviknight\n|-damage|p2a: Incineroar|24/100|[from] Recoil\n|\n|upkeep\n|\n|t:|1776517807\n|switch|p1a: Primarina|Primarina, L50, M|100/100\n|turn|4\n|\n|t:|1776517831\n|move|p1b: Garchomp|Rock Slide|p2a: Incineroar|[spread] p2a,p2b\n|-supereffective|p2a: Incineroar|1\n|-damage|p2a: Incineroar|1/100\n|-damage|p2b: Basculegion|29/100\n|cant|p2b: Basculegion|flinch\n|move|p1a: Primarina|Moonblast|p2b: Basculegion\n|-damage|p2b: Basculegion|0 fnt\n|faint|p2b: Basculegion\n|move|p2a: Incineroar|Flare Blitz|p1a: Primarina\n|-resisted|p1a: Primarina|1\n|-damage|p1a: Primarina|68/100\n|-damage|p2a: Incineroar|0 fnt|[from] Recoil\n|faint|p2a: Incineroar\n|\n|-sideend|p1: tacazmacaz|move: Tailwind\n|upkeep\n|\n|t:|1776517849\n|switch|p2b: Garchomp|Garchomp, L50, M|100/100\n|switch|p2a: Froslass|Froslass, L50, F|100/100\n|turn|5\n|\n|t:|1776517866\n|switch|p1b: Charizard|Charizard, L50, M|100/100\n|detailschange|p2a: Froslass|Froslass-Mega, L50, F\n|-mega|p2a: Froslass|Froslass|Froslassite\n|-weather|Snowscape|[from] ability: Snow Warning|[of] p2a: Froslass\n|move|p2a: Froslass|Blizzard|p1a: Primarina|[spread] p1a,p1b\n|-resisted|p1a: Primarina|1\n|-damage|p1a: Primarina|50/100\n|-damage|p1b: Charizard|40/100\n|move|p2b: Garchomp|Rock Slide|p1a: Primarina|[spread] p1a,p1b\n|-supereffective|p1b: Charizard|2\n|-damage|p1a: Primarina|25/100\n|-damage|p1b: Charizard|0 fnt\n|faint|p1b: Charizard\n|move|p1a: Primarina|Moonblast|p2b: Garchomp\n|-supereffective|p2b: Garchomp|1\n|-damage|p2b: Garchomp|0 fnt\n|faint|p2b: Garchomp\n|\n|-weather|Snowscape|[upkeep]\n|upkeep\n|\n|t:|1776517886\n|switch|p1b: Garchomp|Garchomp, L50, M|92/100\n|turn|6\n|\n|t:|1776517905\n|move|p1b: Garchomp|Dragon Claw|p2a: Froslass\n|-damage|p2a: Froslass|56/100\n|move|p2a: Froslass|Blizzard|p1a: Primarina|[spread] p1a,p1b\n|-resisted|p1a: Primarina|1\n|-supereffective|p1b: Garchomp|2\n|-damage|p1a: Primarina|7/100\n|-damage|p1b: Garchomp|0 fnt\n|-status|p1a: Primarina|frz\n|faint|p1b: Garchomp\n|cant|p1a: Primarina|frz\n|\n|-weather|Snowscape|[upkeep]\n|upkeep\n|turn|7\n|-message|tacazmacaz forfeited.\n|\n|win|freezy45\n|l|\u2606tacazmacaz\n|player|p1|\n|c|\u2606freezy45|NC i won\n",
  "uploadtime": 1776517726,
  "views": 14,
  "formatid": "gen9championsvgc2026regma",
  "rating": null,
  "private": 0,
  "password": null
}