{
  "id": "gen9championsvgc2026regma-2584934965",
  "format": "[Gen 9 Champions] VGC 2026 Reg M-A",
  "players": [
    "kevintoodlepoot",
    "3000 moths"
  ],
  "log": "|j|\u2606kevintoodlepoot\n|j|\u26063000 moths\n|t:|1776295978\n|gametype|doubles\n|player|p1|kevintoodlepoot|1|1289\n|player|p2|3000 moths|miku-ghost|1345\n|gen|9\n|tier|[Gen 9 Champions] VGC 2026 Reg M-A\n|rated|\n|rule|Species Clause: Limit one of each Pok\u00e9mon\n|rule|Item Clause: Limit 1 of each item\n|clearpoke\n|poke|p1|Charizard, L50, F|\n|poke|p1|Sinistcha, L50|\n|poke|p1|Kingambit, L50, M|\n|poke|p1|Sneasler, L50, M|\n|poke|p1|Ninetales-Alola, L50, M|\n|poke|p1|Basculegion, L50, M|\n|poke|p2|Pelipper, L50, F|\n|poke|p2|Sneasler, L50, M|\n|poke|p2|Aggron, L50, M|\n|poke|p2|Milotic, L50, F|\n|poke|p2|Sinistcha, L50|\n|poke|p2|Incineroar, L50, M|\n|teampreview|4\n|inactive|Battle timer is ON: inactive players will automatically lose when time's up. (requested by 3000 moths)\n|inactive|kevintoodlepoot has 60 seconds left.\n|inactive|3000 moths has 60 seconds left.\n|inactive|kevintoodlepoot has 30 seconds left.\n|\n|t:|1776296042\n|teamsize|p1|4\n|teamsize|p2|4\n|start\n|switch|p1a: Sneasler|Sneasler, L50, M|100/100\n|switch|p1b: Charizard|Charizard, L50, F|100/100\n|switch|p2a: HA! Gotcha|Sinistcha, L50|100/100\n|switch|p2b: Except for Gojo|Incineroar, L50, M|100/100\n|-ability|p2b: Except for Gojo|Intimidate|boost\n|-unboost|p1a: Sneasler|atk|1\n|-unboost|p1b: Charizard|atk|1\n|-enditem|p1a: Sneasler|White Herb\n|-clearnegativeboost|p1a: Sneasler|[silent]\n|turn|1\n|\n|t:|1776296065\n|switch|p2a: The Biggest|Aggron, L50, M, shiny|100/100\n|move|p1a: Sneasler|Fake Out|p2b: Except for Gojo\n|-damage|p2b: Except for Gojo|89/100\n|move|p1b: Charizard|Dragon Dance|p1b: Charizard\n|-boost|p1b: Charizard|atk|1\n|-boost|p1b: Charizard|spe|1\n|cant|p2b: Except for Gojo|flinch\n|\n|upkeep\n|turn|2\n|\n|t:|1776296089\n|detailschange|p2a: The Biggest|Aggron-Mega, L50, M, shiny\n|-mega|p2a: The Biggest|Aggron|Aggronite\n|move|p2a: The Biggest|Protect|p2a: The Biggest\n|-singleturn|p2a: The Biggest|Protect\n|move|p1a: Sneasler|Close Combat|p2a: The Biggest\n|-activate|p2a: The Biggest|move: Protect\n|move|p1b: Charizard|Dragon Dance|p1b: Charizard\n|-boost|p1b: Charizard|atk|1\n|-boost|p1b: Charizard|spe|1\n|move|p2b: Except for Gojo|Parting Shot|p1b: Charizard\n|-unboost|p1b: Charizard|atk|1\n|-unboost|p1b: Charizard|spa|1\n|\n|t:|1776296097\n|switch|p2b: HA! Gotcha|Sinistcha, L50|100/100|[from] Parting Shot\n|\n|upkeep\n|turn|3\n|\n|t:|1776296121\n|switch|p2a: Except for Gojo|Incineroar, L50, M|89/100\n|-ability|p2a: Except for Gojo|Intimidate|boost\n|-unboost|p1a: Sneasler|atk|1\n|-unboost|p1b: Charizard|atk|1\n|move|p1a: Sneasler|Coaching|p1b: Charizard\n|-boost|p1b: Charizard|atk|1\n|-boost|p1b: Charizard|def|1\n|move|p1b: Charizard|Dragon Dance|p1b: Charizard\n|-boost|p1b: Charizard|atk|1\n|-boost|p1b: Charizard|spe|1\n|move|p2b: HA! Gotcha|Trick Room|p2b: HA! Gotcha\n|-fieldstart|move: Trick Room|[of] p2b: HA! Gotcha\n|\n|upkeep\n|turn|4\n|\n|t:|1776296136\n|move|p2b: HA! Gotcha|Matcha Gotcha|p1b: Charizard|[spread] p1a,p1b\n|-resisted|p1a: Sneasler|1\n|-resisted|p1b: Charizard|2\n|-damage|p1a: Sneasler|89/100\n|-damage|p1b: Charizard|93/100\n|move|p2a: Except for Gojo|Flare Blitz|p1a: Sneasler\n|-damage|p1a: Sneasler|18/100\n|-damage|p2a: Except for Gojo|67/100|[from] Recoil\n|move|p1a: Sneasler|Coaching|p1b: Charizard\n|-boost|p1b: Charizard|atk|1\n|-boost|p1b: Charizard|def|1\n|move|p1b: Charizard|Dragon Dance|p1b: Charizard\n|-boost|p1b: Charizard|atk|1\n|-boost|p1b: Charizard|spe|1\n|\n|upkeep\n|turn|5\n|\n|t:|1776296161\n|switch|p1a: Sinistcha|Sinistcha, L50|100/100\n|-heal|p1b: Charizard|100/100|[from] ability: Hospitality|[of] p1a: Sinistcha\n|detailschange|p1b: Charizard|Charizard-Mega-X, L50, F\n|-mega|p1b: Charizard|Charizard|Charizardite X\n|move|p2b: HA! Gotcha|Matcha Gotcha|p1a: Sinistcha|[spread] p1a,p1b\n|-resisted|p1a: Sinistcha|1\n|-resisted|p1b: Charizard|2\n|-damage|p1a: Sinistcha|90/100\n|-damage|p1b: Charizard|93/100\n|move|p2a: Except for Gojo|Throat Chop|p1b: Charizard\n|-damage|p1b: Charizard|73/100\n|-start|p1b: Charizard|Throat Chop|[silent]\n|move|p1b: Charizard|Breaking Swipe|p2a: Except for Gojo|[spread] p2a,p2b\n|-damage|p2a: Except for Gojo|0 fnt\n|-damage|p2b: HA! Gotcha|44/100\n|-unboost|p2b: HA! Gotcha|atk|1\n|-enditem|p2b: HA! Gotcha|Sitrus Berry|[eat]\n|-heal|p2b: HA! Gotcha|69/100|[from] item: Sitrus Berry\n|faint|p2a: Except for Gojo\n|\n|upkeep\n|\n|t:|1776296166\n|switch|p2a: The Biggest|Aggron-Mega, L50, M, shiny|100/100\n|turn|6\n|-message|3000 moths forfeited.\n|\n|win|kevintoodlepoot\n|raw|kevintoodlepoot's rating: 1289 &rarr; <strong>1318</strong><br />(+29 for winning)\n|raw|3000 moths's rating: 1345 &rarr; <strong>1322</strong><br />(-23 for losing)\n|l|\u26063000 moths\n|player|p2|\n",
  "uploadtime": 1776296178,
  "views": 35,
  "formatid": "gen9championsvgc2026regma",
  "rating": 1318,
  "private": 0,
  "password": null
}