{
  "id": "gen9championsvgc2026regma-2586830168",
  "format": "[Gen 9 Champions] VGC 2026 Reg M-A",
  "players": [
    "Cabra Leso",
    "2sweep4u"
  ],
  "log": "|j|\u2606Cabra Leso\n|j|\u26062sweep4u\n|t:|1776463449\n|gametype|doubles\n|player|p1|Cabra Leso|elm|1161\n|player|p2|2sweep4u|unknownf|1072\n|gen|9\n|tier|[Gen 9 Champions] VGC 2026 Reg M-A\n|rated|\n|rule|Species Clause: Limit one of each Pok\u00e9mon\n|rule|Item Clause: Limit 1 of each item\n|clearpoke\n|poke|p1|Heliolisk, L50, F|\n|poke|p1|Torkoal, L50, F|\n|poke|p1|Blastoise, L50, F|\n|poke|p1|Sinistcha, L50|\n|poke|p1|Victreebel, L50, M|\n|poke|p1|Houndoom, L50, F|\n|poke|p2|Charizard, L50, F|\n|poke|p2|Incineroar, L50, M|\n|poke|p2|Whimsicott, L50, M|\n|poke|p2|Farigiraf, L50, F|\n|poke|p2|Sinistcha-Masterpiece, L50|\n|poke|p2|Dragapult, L50, M|\n|teampreview|4\n|inactive|Battle timer is ON: inactive players will automatically lose when time's up. (requested by 2sweep4u)\n|\n|t:|1776463493\n|teamsize|p1|4\n|teamsize|p2|4\n|start\n|switch|p1a: Torkoal|Torkoal, L50, F|100/100\n|switch|p1b: Blastoise|Blastoise, L50, F|100/100\n|switch|p2a: Whimsicott|Whimsicott, L50, M|100/100\n|switch|p2b: Charizard|Charizard, L50, F|100/100\n|-weather|SunnyDay|[from] ability: Drought|[of] p1a: Torkoal\n|turn|1\n|inactive|2sweep4u has 30 seconds left.\n|\n|t:|1776463526\n|move|p2b: Charizard|Protect|p2b: Charizard\n|-singleturn|p2b: Charizard|Protect\n|move|p1b: Blastoise|Fake Out|p2a: Whimsicott\n|-damage|p2a: Whimsicott|93/100\n|cant|p2a: Whimsicott|flinch\n|move|p1a: Torkoal|Eruption|p2b: Charizard|[spread] p2a\n|-activate|p2b: Charizard|move: Protect\n|-supereffective|p2a: Whimsicott|1\n|-damage|p2a: Whimsicott|0 fnt\n|faint|p2a: Whimsicott\n|\n|-weather|SunnyDay|[upkeep]\n|-damage|p2b: Charizard|88/100|[from] ability: Solar Power|[of] p2b: Charizard\n|upkeep\n|\n|t:|1776463536\n|switch|p2a: Incineroar|Incineroar, L50, M|100/100\n|-ability|p2a: Incineroar|Intimidate|boost\n|-unboost|p1a: Torkoal|atk|1\n|-unboost|p1b: Blastoise|atk|1\n|turn|2\n|\n|t:|1776463558\n|detailschange|p2b: Charizard|Charizard-Mega-Y, L50, F\n|-mega|p2b: Charizard|Charizard|Charizardite Y\n|move|p1a: Torkoal|Protect|p1a: Torkoal\n|-singleturn|p1a: Torkoal|Protect\n|move|p2a: Incineroar|Fake Out|p1b: Blastoise\n|-damage|p1b: Blastoise|91/100\n|move|p2b: Charizard|Solar Beam||[still]\n|-prepare|p2b: Charizard|Solar Beam\n|-anim|p2b: Charizard|Solar Beam|p1b: Blastoise\n|-supereffective|p1b: Blastoise|1\n|-damage|p1b: Blastoise|9/100\n|cant|p1b: Blastoise|flinch\n|\n|-weather|SunnyDay|[upkeep]\n|-heal|p1b: Blastoise|15/100|[from] item: Leftovers\n|upkeep\n|turn|3\n|inactive|2sweep4u has 30 seconds left.\n|\n|t:|1776463587\n|move|p2b: Charizard|Heat Wave|p1b: Blastoise|[spread] p1a,p1b\n|-resisted|p1a: Torkoal|1\n|-resisted|p1b: Blastoise|1\n|-damage|p1a: Torkoal|53/100\n|-damage|p1b: Blastoise|0 fnt\n|faint|p1b: Blastoise\n|move|p2a: Incineroar|Throat Chop|p1a: Torkoal\n|-damage|p1a: Torkoal|28/100\n|-start|p1a: Torkoal|Throat Chop|[silent]\n|move|p1a: Torkoal|Body Press|p2a: Incineroar\n|-supereffective|p2a: Incineroar|1\n|-damage|p2a: Incineroar|53/100\n|\n|-weather|SunnyDay|[upkeep]\n|upkeep\n|\n|t:|1776463604\n|switch|p1b: Houndoom|Houndoom, L50, F|100/100\n|turn|4\n|\n|t:|1776463624\n|move|p2b: Charizard|Protect|p2b: Charizard\n|-singleturn|p2b: Charizard|Protect\n|move|p1a: Torkoal|Protect|p1a: Torkoal\n|-singleturn|p1a: Torkoal|Protect\n|move|p1b: Houndoom|Dark Pulse|p2a: Incineroar\n|-resisted|p2a: Incineroar|1\n|-crit|p2a: Incineroar\n|-damage|p2a: Incineroar|29/100\n|move|p2a: Incineroar|Parting Shot|p1b: Houndoom\n|-unboost|p1b: Houndoom|atk|1\n|-unboost|p1b: Houndoom|spa|1\n|\n|t:|1776463633\n|switch|p2a: Sinistcha|Sinistcha-Masterpiece, L50, shiny|100/100|[from] Parting Shot\n|-heal|p2b: Charizard|100/100|[from] ability: Hospitality|[of] p2a: Sinistcha\n|\n|-weather|SunnyDay|[upkeep]\n|-end|p1a: Torkoal|Throat Chop|[silent]\n|upkeep\n|turn|5\n|\n|t:|1776463645\n|move|p2a: Sinistcha|Protect|p2a: Sinistcha\n|-singleturn|p2a: Sinistcha|Protect\n|move|p2b: Charizard|Heat Wave|p1b: Houndoom|[spread] p1a\n|-start|p1b: Houndoom|ability: Flash Fire\n|-resisted|p1a: Torkoal|1\n|-damage|p1a: Torkoal|0 fnt\n|faint|p1a: Torkoal\n|move|p1b: Houndoom|Heat Wave|p2a: Sinistcha|[spread] p2b\n|-activate|p2a: Sinistcha|move: Protect\n|-resisted|p2b: Charizard|1\n|-damage|p2b: Charizard|76/100\n|\n|-weather|none\n|upkeep\n|\n|t:|1776463659\n|switch|p1a: Heliolisk|Heliolisk, L50, F|100/100\n|turn|6\n|\n|t:|1776463673\n|switch|p2a: Incineroar|Incineroar, L50, M|29/100\n|-ability|p2a: Incineroar|Intimidate|boost\n|-unboost|p1a: Heliolisk|atk|1\n|-unboost|p1b: Houndoom|atk|1\n|detailschange|p1b: Houndoom|Houndoom-Mega, L50, F\n|-mega|p1b: Houndoom|Houndoom|Houndoominite\n|-end|p1b: Houndoom|ability: Flash Fire|[silent]\n|move|p1b: Houndoom|Protect|p1b: Houndoom\n|-singleturn|p1b: Houndoom|Protect\n|move|p1a: Heliolisk|Parabolic Charge|p2b: Charizard|[spread] p2a,p2b\n|-activate|p1b: Houndoom|move: Protect\n|-supereffective|p2b: Charizard|1\n|-damage|p2a: Incineroar|10/100\n|-damage|p2b: Charizard|33/100\n|move|p2b: Charizard|Heat Wave|p1b: Houndoom|[spread] p1a\n|-activate|p1b: Houndoom|move: Protect\n|-damage|p1a: Heliolisk|26/100\n|\n|upkeep\n|turn|7\n|inactive|Cabra Leso has 30 seconds left.\n|inactive|2sweep4u has 30 seconds left.\n|\n|t:|1776463702\n|switch|p2b: Sinistcha|Sinistcha-Masterpiece, L50, shiny|100/100\n|-heal|p2a: Incineroar|35/100|[from] ability: Hospitality|[of] p2b: Sinistcha\n|move|p1b: Houndoom|Protect||[still]\n|-fail|p1b: Houndoom\n|move|p2a: Incineroar|Fake Out|p1a: Heliolisk\n|-damage|p1a: Heliolisk|3/100\n|cant|p1a: Heliolisk|flinch\n|\n|upkeep\n|turn|8\n|inactive|2sweep4u has 30 seconds left.\n|inactive|2sweep4u has 20 seconds left.\n|inactive|2sweep4u has 15 seconds left.\n|inactive|2sweep4u has 10 seconds left.\n|\n|t:|1776463748\n|switch|p2b: Charizard|Charizard-Mega-Y, L50, F|33/100\n|-weather|SunnyDay|[from] ability: Drought|[of] p2b: Charizard\n|move|p1b: Houndoom|Heat Wave|p2b: Charizard|[spread] p2a,p2b\n|-resisted|p2a: Incineroar|1\n|-resisted|p2b: Charizard|1\n|-damage|p2a: Incineroar|13/100\n|-damage|p2b: Charizard|2/100\n|move|p1a: Heliolisk|Thunder|p2a: Incineroar\n|-damage|p2a: Incineroar|0 fnt\n|faint|p2a: Incineroar\n|\n|-weather|SunnyDay|[upkeep]\n|-damage|p1b: Houndoom|88/100|[from] ability: Solar Power|[of] p1b: Houndoom\n|-damage|p1a: Heliolisk|0 fnt|[from] ability: Dry Skin|[of] p1a: Heliolisk\n|faint|p1a: Heliolisk\n|upkeep\n|\n|t:|1776463761\n|switch|p2a: Sinistcha|Sinistcha-Masterpiece, L50, shiny|100/100\n|-heal|p2b: Charizard|27/100|[from] ability: Hospitality|[of] p2a: Sinistcha\n|turn|9\n|inactive|2sweep4u has 30 seconds left.\n|inactive|2sweep4u has 20 seconds left.\n|\n|t:|1776463800\n|move|p2b: Charizard|Protect|p2b: Charizard\n|-singleturn|p2b: Charizard|Protect\n|move|p2a: Sinistcha|Protect|p2a: Sinistcha\n|-singleturn|p2a: Sinistcha|Protect\n|move|p1b: Houndoom|Heat Wave|p2b: Charizard|[spread] \n|-activate|p2a: Sinistcha|move: Protect\n|-activate|p2b: Charizard|move: Protect\n|\n|-weather|SunnyDay|[upkeep]\n|-damage|p1b: Houndoom|75/100|[from] ability: Solar Power|[of] p1b: Houndoom\n|upkeep\n|turn|10\n|\n|t:|1776463818\n|move|p1b: Houndoom|Heat Wave|p2a: Sinistcha|[spread] p2a,p2b\n|-supereffective|p2a: Sinistcha|1\n|-resisted|p2b: Charizard|1\n|-damage|p2a: Sinistcha|0 fnt\n|-damage|p2b: Charizard|0 fnt\n|faint|p2a: Sinistcha\n|faint|p2b: Charizard\n|\n|win|Cabra Leso\n|raw|Cabra Leso's rating: 1161 &rarr; <strong>1180</strong><br />(+19 for winning)\n|raw|2sweep4u's rating: 1072 &rarr; <strong>1056</strong><br />(-16 for losing)\n|l|\u26062sweep4u\n|player|p2|\n",
  "uploadtime": 1776463819,
  "views": 24,
  "formatid": "gen9championsvgc2026regma",
  "rating": 1056,
  "private": 0,
  "password": null
}