{
  "id": "gen9championsvgc2026regma-2581396038",
  "format": "[Gen 9 Champions] VGC 2026 Reg M-A",
  "players": [
    "aaroncito4",
    "asfm"
  ],
  "log": "|j|\u2606aaroncito4\n|j|\u2606asfm\n|t:|1775995962\n|gametype|doubles\n|player|p1|aaroncito4|roughneck-gen4|1230\n|player|p2|asfm|lady-gen4|1218\n|gen|9\n|tier|[Gen 9 Champions] VGC 2026 Reg M-A\n|rated|\n|rule|Species Clause: Limit one of each Pok\u00e9mon\n|rule|Item Clause: Limit 1 of each item\n|clearpoke\n|poke|p1|Charizard, L50, M|\n|poke|p1|Maushold-Four, L50|\n|poke|p1|Sneasler, L50, M|\n|poke|p1|Dragapult, L50, F|\n|poke|p1|Kingambit, L50, F|\n|poke|p1|Garchomp, L50, M|\n|poke|p2|Charizard, L50, F|\n|poke|p2|Whimsicott, L50, F|\n|poke|p2|Basculegion, L50, M|\n|poke|p2|Farigiraf, L50, F|\n|poke|p2|Sneasler, L50, F|\n|poke|p2|Lopunny, L50, F|\n|teampreview|4\n|inactive|Battle timer is ON: inactive players will automatically lose when time's up. (requested by aaroncito4)\n|inactive|aaroncito4 has 60 seconds left.\n|\n|t:|1775996014\n|teamsize|p1|4\n|teamsize|p2|4\n|start\n|switch|p1a: Sneasler|Sneasler, L50, M|100/100\n|switch|p1b: Garchomp|Garchomp, L50, M|100/100\n|switch|p2a: Whimsicott|Whimsicott, L50, F|100/100\n|switch|p2b: Lopunny|Lopunny, L50, F|100/100\n|turn|1\n|inactive|aaroncito4 has 30 seconds left.\n|\n|t:|1775996042\n|detailschange|p2b: Lopunny|Lopunny-Mega, L50, F\n|-mega|p2b: Lopunny|Lopunny|Lopunnite\n|move|p2b: Lopunny|Fake Out|p1a: Sneasler\n|-damage|p1a: Sneasler|62/100\n|cant|p1a: Sneasler|flinch\n|move|p2a: Whimsicott|Tailwind|p2a: Whimsicott\n|-sidestart|p2: asfm|move: Tailwind\n|move|p1b: Garchomp|Stomping Tantrum|p2b: Lopunny\n|-damage|p2b: Lopunny|49/100\n|\n|upkeep\n|turn|2\n|inactive|aaroncito4 has 30 seconds left.\n|inactive|asfm has 30 seconds left.\n|inactive|aaroncito4 has 20 seconds left.\n|inactive|asfm has 20 seconds left.\n|inactive|aaroncito4 has 15 seconds left.\n|\n|t:|1775996083\n|switch|p1b: Kingambit|Kingambit, L50, F|100/100\n|move|p2b: Lopunny|Close Combat|p1b: Kingambit\n|-supereffective|p1b: Kingambit|2\n|-damage|p1b: Kingambit|0 fnt\n|-unboost|p2b: Lopunny|def|1\n|-unboost|p2b: Lopunny|spd|1\n|faint|p1b: Kingambit\n|move|p2a: Whimsicott|Moonblast|p1a: Sneasler\n|-damage|p1a: Sneasler|28/100\n|move|p1a: Sneasler|Close Combat|p2b: Lopunny\n|-supereffective|p2b: Lopunny|1\n|-damage|p2b: Lopunny|0 fnt\n|-unboost|p1a: Sneasler|def|1\n|-unboost|p1a: Sneasler|spd|1\n|faint|p2b: Lopunny\n|-enditem|p1a: Sneasler|White Herb\n|-clearnegativeboost|p1a: Sneasler|[silent]\n|\n|upkeep\n|\n|t:|1775996102\n|switch|p2b: Basculegion|Basculegion, L50, M|100/100\n|switch|p1b: Charizard|Charizard, L50, M|100/100\n|turn|3\n|\n|t:|1775996114\n|detailschange|p1b: Charizard|Charizard-Mega-Y, L50, M\n|-mega|p1b: Charizard|Charizard|Charizardite Y\n|-weather|SunnyDay|[from] ability: Drought|[of] p1b: Charizard\n|move|p2a: Whimsicott|Encore|p1a: Sneasler\n|-start|p1a: Sneasler|Encore\n|move|p2b: Basculegion|Last Respects|p1b: Charizard\n|-damage|p1b: Charizard|25/100\n|move|p1a: Sneasler|Close Combat|p2b: Basculegion\n|-immune|p2b: Basculegion\n|move|p1b: Charizard|Solar Beam||[still]\n|-prepare|p1b: Charizard|Solar Beam\n|-anim|p1b: Charizard|Solar Beam|p2b: Basculegion\n|-supereffective|p2b: Basculegion|1\n|-damage|p2b: Basculegion|0 fnt\n|faint|p2b: Basculegion\n|\n|-weather|SunnyDay|[upkeep]\n|upkeep\n|\n|t:|1775996130\n|switch|p2b: Farigiraf|Farigiraf, L50, F|100/100\n|turn|4\n|\n|t:|1775996155\n|move|p2a: Whimsicott|Encore|p1b: Charizard\n|-start|p1b: Charizard|Encore\n|move|p1a: Sneasler|Close Combat|p2b: Farigiraf\n|-damage|p2b: Farigiraf|38/100\n|-unboost|p1a: Sneasler|def|1\n|-unboost|p1a: Sneasler|spd|1\n|-enditem|p2b: Farigiraf|Sitrus Berry|[eat]\n|-heal|p2b: Farigiraf|63/100|[from] item: Sitrus Berry\n|move|p2b: Farigiraf|Hyper Voice|p1b: Charizard|[spread] p1a,p1b\n|-damage|p1a: Sneasler|0 fnt\n|-damage|p1b: Charizard|0 fnt\n|faint|p1a: Sneasler\n|faint|p1b: Charizard\n|\n|-weather|SunnyDay|[upkeep]\n|-sideend|p2: asfm|move: Tailwind\n|upkeep\n|\n|t:|1775996175\n|switch|p1b: Garchomp|Garchomp, L50, M|100/100\n|turn|5\n|\n|t:|1775996181\n|move|p1b: Garchomp|Rock Slide|p2a: Whimsicott|[spread] p2a,p2b\n|-crit|p2b: Farigiraf\n|-damage|p2a: Whimsicott|80/100\n|-damage|p2b: Farigiraf|31/100\n|move|p2a: Whimsicott|Moonblast|p1b: Garchomp\n|-supereffective|p1b: Garchomp|1\n|-damage|p1b: Garchomp|39/100\n|move|p2b: Farigiraf|Psychic|p1b: Garchomp\n|-damage|p1b: Garchomp|0 fnt\n|faint|p1b: Garchomp\n|\n|win|asfm\n|raw|aaroncito4's rating: 1230 &rarr; <strong>1204</strong><br />(-26 for losing)\n|raw|asfm's rating: 1218 &rarr; <strong>1244</strong><br />(+26 for winning)\n|l|\u2606aaroncito4\n|player|p1|\n|l|\u2606asfm\n|player|p2|\n|j|\u2606asfm\n|player|p2|asfm|lady-gen4|\n",
  "uploadtime": 1775996242,
  "views": 25,
  "formatid": "gen9championsvgc2026regma",
  "rating": 1204,
  "private": 0,
  "password": null
}