{
  "id": "gen9championsvgc2026regma-2585776518",
  "format": "[Gen 9 Champions] VGC 2026 Reg M-A",
  "players": [
    "Pindacciu",
    "fluttim man"
  ],
  "log": "|j|\u2606Pindacciu\n|j|\u2606fluttim man\n|t:|1776369844\n|gametype|doubles\n|player|p1|Pindacciu|266|1164\n|player|p2|fluttim man|#smogonxnpa2025draftee|1192\n|gen|9\n|tier|[Gen 9 Champions] VGC 2026 Reg M-A\n|rated|\n|rule|Species Clause: Limit one of each Pok\u00e9mon\n|rule|Item Clause: Limit 1 of each item\n|clearpoke\n|poke|p1|Tyranitar, L50, M|\n|poke|p1|Excadrill, L50, F|\n|poke|p1|Primarina, L50, F|\n|poke|p1|Incineroar, L50, M|\n|poke|p1|Corviknight, L50, M|\n|poke|p1|Sinistcha, L50|\n|poke|p2|Delphox, L50, M|\n|poke|p2|Kingambit, L50, F|\n|poke|p2|Sneasler, L50, F|\n|poke|p2|Basculegion, L50, M|\n|poke|p2|Clefable, L50, M|\n|poke|p2|Ninetales-Alola, L50, M|\n|teampreview|4\n|\n|t:|1776369890\n|teamsize|p1|4\n|teamsize|p2|4\n|start\n|switch|p1a: Tyranitar|Tyranitar, L50, M|100/100\n|switch|p1b: Excadrill|Excadrill, L50, F|100/100\n|switch|p2a: Kingambit|Kingambit, L50, F, shiny|100/100\n|switch|p2b: Basculegion|Basculegion, L50, M|100/100\n|-weather|Sandstorm|[from] ability: Sand Stream|[of] p1a: Tyranitar\n|turn|1\n|\n|t:|1776369920\n|move|p1a: Tyranitar|Protect|p1a: Tyranitar\n|-singleturn|p1a: Tyranitar|Protect\n|move|p2a: Kingambit|Protect|p2a: Kingambit\n|-singleturn|p2a: Kingambit|Protect\n|move|p1b: Excadrill|Earthquake|p2a: Kingambit|[spread] p2b\n|-activate|p1a: Tyranitar|move: Protect\n|-activate|p2a: Kingambit|move: Protect\n|-crit|p2b: Basculegion\n|-damage|p2b: Basculegion|32/100\n|move|p2b: Basculegion|Wave Crash|p1b: Excadrill\n|-supereffective|p1b: Excadrill|1\n|-enditem|p1b: Excadrill|Focus Sash\n|-damage|p1b: Excadrill|1/100\n|-damage|p2b: Basculegion|1/100|[from] Recoil\n|\n|-weather|Sandstorm|[upkeep]\n|-damage|p2b: Basculegion|0 fnt|[from] Sandstorm\n|faint|p2b: Basculegion\n|upkeep\n|inactive|Battle timer is ON: inactive players will automatically lose when time's up. (requested by fluttim man)\n|\n|t:|1776369940\n|switch|p2b: Sneasler|Sneasler, L50, F|100/100\n|turn|2\n|\n|t:|1776369954\n|switch|p1a: Sinistcha|Sinistcha, L50|100/100\n|-heal|p1b: Excadrill|26/100|[from] ability: Hospitality|[of] p1a: Sinistcha\n|move|p1b: Excadrill|Protect|p1b: Excadrill\n|-singleturn|p1b: Excadrill|Protect\n|move|p2a: Kingambit|Sucker Punch||[still]\n|-fail|p2a: Kingambit\n|move|p2b: Sneasler|Close Combat|p1a: Sinistcha\n|-immune|p1a: Sinistcha\n|\n|-weather|Sandstorm|[upkeep]\n|-damage|p2b: Sneasler|95/100|[from] Sandstorm\n|-damage|p1a: Sinistcha|94/100|[from] Sandstorm\n|upkeep\n|turn|3\n|inactive|Pindacciu has 30 seconds left.\n|inactive|fluttim man has 30 seconds left.\n|inactive|fluttim man has 20 seconds left.\n|inactive|fluttim man has 15 seconds left.\n|\n|t:|1776369998\n|move|p2b: Sneasler|Protect|p2b: Sneasler\n|-singleturn|p2b: Sneasler|Protect\n|move|p1a: Sinistcha|Rage Powder|p1a: Sinistcha\n|-singleturn|p1a: Sinistcha|move: Rage Powder\n|move|p1b: Excadrill|Earthquake|p2a: Kingambit|[spread] p1a,p2a\n|-activate|p2b: Sneasler|move: Protect\n|-resisted|p1a: Sinistcha|1\n|-supereffective|p2a: Kingambit|1\n|-damage|p1a: Sinistcha|80/100\n|-damage|p2a: Kingambit|44/100\n|move|p2a: Kingambit|Kowtow Cleave|p1a: Sinistcha\n|-supereffective|p1a: Sinistcha|1\n|-crit|p1a: Sinistcha\n|-damage|p1a: Sinistcha|0 fnt\n|faint|p1a: Sinistcha\n|\n|-weather|Sandstorm|[upkeep]\n|-damage|p2b: Sneasler|89/100|[from] Sandstorm\n|upkeep\n|\n|t:|1776370016\n|switch|p1a: Corviknight|Corviknight, L50, M|100/100\n|turn|4\n|inactive|fluttim man has 30 seconds left.\n|\n|t:|1776370045\n|switch|p2b: Clefable|Clefable, L50, M, shiny|100/100\n|move|p2a: Kingambit|Sucker Punch|p1b: Excadrill\n|-damage|p1b: Excadrill|0 fnt\n|faint|p1b: Excadrill\n|move|p1a: Corviknight|Bulk Up|p1a: Corviknight\n|-boost|p1a: Corviknight|atk|1\n|-boost|p1a: Corviknight|def|1\n|\n|-weather|Sandstorm|[upkeep]\n|-damage|p2b: Clefable|95/100|[from] Sandstorm\n|upkeep\n|\n|t:|1776370055\n|switch|p1b: Tyranitar|Tyranitar, L50, M|100/100\n|turn|5\n|inactive|Pindacciu has 30 seconds left.\n|\n|t:|1776370081\n|move|p2b: Clefable|Follow Me|p2b: Clefable\n|-singleturn|p2b: Clefable|move: Follow Me\n|move|p1b: Tyranitar|Low Kick|p2b: Clefable\n|-resisted|p2b: Clefable|1\n|-damage|p2b: Clefable|87/100\n|move|p1a: Corviknight|Brave Bird|p2b: Clefable\n|-damage|p2b: Clefable|58/100\n|-damage|p1a: Corviknight|91/100|[from] Recoil\n|move|p2a: Kingambit|Swords Dance|p2a: Kingambit\n|-boost|p2a: Kingambit|atk|2\n|\n|-weather|none\n|-heal|p1a: Corviknight|97/100|[from] item: Leftovers\n|upkeep\n|turn|6\n|inactive|Pindacciu has 30 seconds left.\n|\n|t:|1776370106\n|detailschange|p1b: Tyranitar|Tyranitar-Mega, L50, M\n|-mega|p1b: Tyranitar|Tyranitar|Tyranitarite\n|-weather|Sandstorm|[from] ability: Sand Stream|[of] p1b: Tyranitar\n|move|p2b: Clefable|Follow Me|p2b: Clefable\n|-singleturn|p2b: Clefable|move: Follow Me\n|move|p1b: Tyranitar|Rock Slide|p2a: Kingambit|[spread] p2a,p2b\n|-resisted|p2a: Kingambit|1\n|-damage|p2a: Kingambit|31/100\n|-damage|p2b: Clefable|33/100\n|-enditem|p2b: Clefable|Sitrus Berry|[eat]\n|-heal|p2b: Clefable|58/100|[from] item: Sitrus Berry\n|move|p1a: Corviknight|Bulk Up|p1a: Corviknight\n|-boost|p1a: Corviknight|atk|1\n|-boost|p1a: Corviknight|def|1\n|move|p2a: Kingambit|Kowtow Cleave|p1a: Corviknight\n|-damage|p1a: Corviknight|56/100\n|\n|-weather|Sandstorm|[upkeep]\n|-damage|p2b: Clefable|52/100|[from] Sandstorm\n|-heal|p1a: Corviknight|61/100|[from] item: Leftovers\n|upkeep\n|turn|7\n|inactive|fluttim man has 30 seconds left.\n|\n|t:|1776370141\n|move|p2b: Clefable|Follow Me|p2b: Clefable\n|-singleturn|p2b: Clefable|move: Follow Me\n|move|p1b: Tyranitar|Rock Slide|p2b: Clefable|[spread] p2a,p2b\n|-resisted|p2a: Kingambit|1\n|-damage|p2a: Kingambit|19/100\n|-damage|p2b: Clefable|22/100\n|move|p1a: Corviknight|Brave Bird|p2b: Clefable\n|-damage|p2b: Clefable|0 fnt\n|faint|p2b: Clefable\n|-damage|p1a: Corviknight|54/100|[from] Recoil\n|move|p2a: Kingambit|Kowtow Cleave|p1a: Corviknight\n|-damage|p1a: Corviknight|13/100\n|\n|-weather|Sandstorm|[upkeep]\n|-heal|p1a: Corviknight|19/100|[from] item: Leftovers\n|upkeep\n|\n|t:|1776370154\n|switch|p2b: Sneasler|Sneasler, L50, F|89/100\n|turn|8\n|\n|t:|1776370166\n|move|p1b: Tyranitar|Protect|p1b: Tyranitar\n|-singleturn|p1b: Tyranitar|Protect\n|move|p2a: Kingambit|Sucker Punch||[still]\n|-fail|p2a: Kingambit\n|move|p2b: Sneasler|Close Combat|p1b: Tyranitar\n|-activate|p1b: Tyranitar|move: Protect\n|move|p1a: Corviknight|Roost|p1a: Corviknight\n|-heal|p1a: Corviknight|69/100\n|-singleturn|p1a: Corviknight|move: Roost\n|\n|-weather|Sandstorm|[upkeep]\n|-damage|p2b: Sneasler|83/100|[from] Sandstorm\n|-heal|p1a: Corviknight|75/100|[from] item: Leftovers\n|upkeep\n|turn|9\n|\n|t:|1776370188\n|move|p2a: Kingambit|Sucker Punch|p1a: Corviknight\n|-damage|p1a: Corviknight|43/100\n|move|p2b: Sneasler|Close Combat|p1b: Tyranitar\n|-supereffective|p1b: Tyranitar|2\n|-damage|p1b: Tyranitar|0 fnt\n|-unboost|p2b: Sneasler|def|1\n|-unboost|p2b: Sneasler|spd|1\n|faint|p1b: Tyranitar\n|move|p1a: Corviknight|Brave Bird|p2b: Sneasler\n|-supereffective|p2b: Sneasler|1\n|-damage|p2b: Sneasler|0 fnt\n|faint|p2b: Sneasler\n|-damage|p1a: Corviknight|23/100|[from] Recoil\n|\n|-weather|Sandstorm|[upkeep]\n|-heal|p1a: Corviknight|29/100|[from] item: Leftovers\n|upkeep\n|turn|10\n|\n|t:|1776370204\n|move|p1a: Corviknight|Roost|p1a: Corviknight\n|-heal|p1a: Corviknight|79/100\n|-singleturn|p1a: Corviknight|move: Roost\n|move|p2a: Kingambit|Kowtow Cleave|p1a: Corviknight\n|-damage|p1a: Corviknight|38/100\n|\n|-weather|none\n|-heal|p1a: Corviknight|43/100|[from] item: Leftovers\n|upkeep\n|turn|11\n|\n|t:|1776370215\n|move|p1a: Corviknight|Roost|p1a: Corviknight\n|-heal|p1a: Corviknight|94/100\n|-singleturn|p1a: Corviknight|move: Roost\n|move|p2a: Kingambit|Kowtow Cleave|p1a: Corviknight\n|-damage|p1a: Corviknight|53/100\n|\n|-heal|p1a: Corviknight|59/100|[from] item: Leftovers\n|upkeep\n|turn|12\n|\n|t:|1776370234\n|move|p2a: Kingambit|Sucker Punch|p1a: Corviknight\n|-crit|p1a: Corviknight\n|-damage|p1a: Corviknight|0 fnt\n|faint|p1a: Corviknight\n|\n|win|fluttim man\n|raw|Pindacciu's rating: 1140 &rarr; <strong>1119</strong><br />(-21 for losing)\n|raw|fluttim man's rating: 1192 &rarr; <strong>1213</strong><br />(+21 for winning)\n",
  "uploadtime": 1776370237,
  "views": 17,
  "formatid": "gen9championsvgc2026regma",
  "rating": 1119,
  "private": 0,
  "password": null
}