{
  "id": "gen9championsvgc2026regma-2581634700",
  "format": "[Gen 9 Champions] VGC 2026 Reg M-A",
  "players": [
    "tommygordo",
    "miquellapolis"
  ],
  "log": "|j|\u2606tommygordo\n|j|\u2606miquellapolis\n|t:|1776016790\n|gametype|doubles\n|player|p1|tommygordo|266|1249\n|player|p2|miquellapolis|clair|1323\n|gen|9\n|tier|[Gen 9 Champions] VGC 2026 Reg M-A\n|rated|\n|rule|Species Clause: Limit one of each Pok\u00e9mon\n|rule|Item Clause: Limit 1 of each item\n|clearpoke\n|poke|p1|Espathra, L50, F|\n|poke|p1|Incineroar, L50, F|\n|poke|p1|Quaquaval, L50, M|\n|poke|p1|Sinistcha, L50|\n|poke|p1|Kingambit, L50, M|\n|poke|p1|Altaria, L50, M|\n|poke|p2|Floette-Eternal, L50, F|\n|poke|p2|Incineroar, L50, M|\n|poke|p2|Whimsicott, L50, F|\n|poke|p2|Sneasler, L50, F|\n|poke|p2|Garchomp, L50, F|\n|poke|p2|Zoroark-Hisui, L50, M|\n|teampreview|4\n|inactive|Battle timer is ON: inactive players will automatically lose when time's up. (requested by miquellapolis)\n|inactive|tommygordo has 60 seconds left.\n|\n|t:|1776016831\n|teamsize|p1|4\n|teamsize|p2|4\n|start\n|switch|p1a: Sinistcha|Sinistcha, L50|100/100\n|switch|p1b: Kingambit|Kingambit, L50, M|100/100\n|switch|p2a: Floette|Floette-Eternal, L50, F|100/100\n|switch|p2b: Whimsicott|Whimsicott, L50, F|100/100\n|turn|1\n|\n|t:|1776016855\n|detailschange|p2a: Floette|Floette-Mega, L50, F\n|-mega|p2a: Floette|Floette|Floettite\n|-ability|p2a: Floette|Fairy Aura\n|move|p1b: Kingambit|Protect|p1b: Kingambit\n|-singleturn|p1b: Kingambit|Protect\n|move|p2b: Whimsicott|Dazzling Gleam|p1a: Sinistcha|[spread] p1a\n|-activate|p1b: Kingambit|move: Protect\n|-damage|p1a: Sinistcha|69/100\n|move|p2a: Floette|Moonblast|p1b: Kingambit\n|-activate|p1b: Kingambit|move: Protect\n|move|p1a: Sinistcha|Trick Room|p1a: Sinistcha\n|-fieldstart|move: Trick Room|[of] p1a: Sinistcha\n|\n|upkeep\n|turn|2\n|\n|t:|1776016874\n|switch|p1a: Incineroar|Incineroar, L50, F|100/100\n|-ability|p1a: Incineroar|Intimidate|boost\n|-unboost|p2a: Floette|atk|1\n|-unboost|p2b: Whimsicott|atk|1\n|move|p2a: Floette|Protect|p2a: Floette\n|-singleturn|p2a: Floette|Protect\n|move|p2b: Whimsicott|Encore|p1a: Incineroar\n|-hint|Since gen 7, Dark is immune to Prankster moves.\n|-immune|p1a: Incineroar\n|move|p1b: Kingambit|Iron Head|p2a: Floette\n|-activate|p2a: Floette|move: Protect\n|\n|upkeep\n|turn|3\n|\n|t:|1776016892\n|switch|p2a: Garchomp|Garchomp, L50, F|100/100\n|move|p2b: Whimsicott|Protect|p2b: Whimsicott\n|-singleturn|p2b: Whimsicott|Protect\n|move|p1b: Kingambit|Iron Head|p2a: Garchomp\n|-damage|p2a: Garchomp|55/100\n|move|p1a: Incineroar|Flare Blitz|p2b: Whimsicott\n|-activate|p2b: Whimsicott|move: Protect\n|\n|upkeep\n|turn|4\n|inactive|tommygordo has 30 seconds left.\n|\n|t:|1776016920\n|move|p2b: Whimsicott|Protect|p2b: Whimsicott\n|-singleturn|p2b: Whimsicott|Protect\n|move|p1b: Kingambit|Iron Head|p2b: Whimsicott\n|-activate|p2b: Whimsicott|move: Protect\n|move|p1a: Incineroar|Will-O-Wisp|p2a: Garchomp\n|-status|p2a: Garchomp|brn\n|move|p2a: Garchomp|Earthquake|p1a: Incineroar|[spread] p1a,p1b\n|-activate|p2b: Whimsicott|move: Protect\n|-supereffective|p1a: Incineroar|1\n|-supereffective|p1b: Kingambit|1\n|-damage|p1a: Incineroar|69/100\n|-damage|p1b: Kingambit|70/100\n|\n|-damage|p2a: Garchomp|49/100 brn|[from] brn\n|upkeep\n|turn|5\n|inactive|tommygordo has 30 seconds left.\n|inactive|tommygordo has 20 seconds left.\n|inactive|tommygordo has 15 seconds left.\n|inactive|tommygordo has 10 seconds left.\n|\n|t:|1776016967\n|switch|p1a: Sinistcha|Sinistcha, L50|69/100\n|-heal|p1b: Kingambit|94/100|[from] ability: Hospitality|[of] p1a: Sinistcha\n|move|p1b: Kingambit|Iron Head|p2b: Whimsicott\n|-supereffective|p2b: Whimsicott|1\n|-enditem|p2b: Whimsicott|Focus Sash\n|-damage|p2b: Whimsicott|1/100\n|move|p2b: Whimsicott|Dazzling Gleam|p1b: Kingambit|[spread] p1a,p1b\n|-damage|p1a: Sinistcha|45/100\n|-damage|p1b: Kingambit|71/100\n|-enditem|p1a: Sinistcha|Sitrus Berry|[eat]\n|-heal|p1a: Sinistcha|70/100|[from] item: Sitrus Berry\n|move|p2a: Garchomp|Earthquake|p1a: Sinistcha|[spread] p2b,p1a,p1b\n|-resisted|p2b: Whimsicott|1\n|-resisted|p1a: Sinistcha|1\n|-supereffective|p1b: Kingambit|1\n|-damage|p2b: Whimsicott|0 fnt\n|-damage|p1a: Sinistcha|63/100\n|-damage|p1b: Kingambit|40/100\n|faint|p2b: Whimsicott\n|\n|-damage|p2a: Garchomp|43/100 brn|[from] brn\n|-fieldend|move: Trick Room\n|upkeep\n|\n|t:|1776016976\n|switch|p2b: Floette|Floette-Mega, L50, F|100/100\n|-ability|p2b: Floette|Fairy Aura\n|turn|6\n|\n|t:|1776016993\n|switch|p2a: Sneasler|Sneasler, L50, F|100/100\n|move|p1a: Sinistcha|Rage Powder|p1a: Sinistcha\n|-singleturn|p1a: Sinistcha|move: Rage Powder\n|move|p2b: Floette|Moonblast|p1a: Sinistcha\n|-damage|p1a: Sinistcha|0 fnt\n|faint|p1a: Sinistcha\n|move|p1b: Kingambit|Iron Head|p2b: Floette\n|-supereffective|p2b: Floette|1\n|-damage|p2b: Floette|0 fnt\n|faint|p2b: Floette\n|\n|upkeep\n|\n|t:|1776017010\n|switch|p2b: Garchomp|Garchomp, L50, F|43/100 brn\n|switch|p1a: Quaquaval|Quaquaval, L50, M|100/100\n|turn|7\n|\n|t:|1776017023\n|move|p1a: Quaquaval|Detect|p1a: Quaquaval\n|-singleturn|p1a: Quaquaval|Protect\n|move|p1b: Kingambit|Protect|p1b: Kingambit\n|-singleturn|p1b: Kingambit|Protect\n|move|p2a: Sneasler|Fake Out|p1a: Quaquaval\n|-activate|p1a: Quaquaval|move: Protect\n|move|p2b: Garchomp|Stomping Tantrum|p1b: Kingambit\n|-activate|p1b: Kingambit|move: Protect\n|\n|-damage|p2b: Garchomp|37/100 brn|[from] brn\n|upkeep\n|turn|8\n|\n|t:|1776017040\n|move|p1b: Kingambit|Sucker Punch|p2b: Garchomp\n|-damage|p2b: Garchomp|0 fnt\n|faint|p2b: Garchomp\n|move|p2a: Sneasler|Close Combat|p1a: Quaquaval\n|-damage|p1a: Quaquaval|16/100\n|-unboost|p2a: Sneasler|def|1\n|-unboost|p2a: Sneasler|spd|1\n|-enditem|p2a: Sneasler|White Herb\n|-clearnegativeboost|p2a: Sneasler|[silent]\n|move|p1a: Quaquaval|Aqua Step|p2a: Sneasler\n|-damage|p2a: Sneasler|29/100\n|-boost|p1a: Quaquaval|spe|1\n|\n|upkeep\n|turn|9\n|-message|miquellapolis forfeited.\n|\n|win|tommygordo\n|raw|tommygordo's rating: 1249 &rarr; <strong>1279</strong><br />(+30 for winning)\n|raw|miquellapolis's rating: 1323 &rarr; <strong>1299</strong><br />(-24 for losing)\n|l|\u2606miquellapolis\n|player|p2|\n",
  "uploadtime": 1776017054,
  "views": 39,
  "formatid": "gen9championsvgc2026regma",
  "rating": 1279,
  "private": 0,
  "password": null
}