{
  "id": "gen9championsvgc2026regma-2586097167",
  "format": "[Gen 9 Champions] VGC 2026 Reg M-A",
  "players": [
    "vooni",
    "Greensoul1"
  ],
  "log": "|j|\u2606vooni\n|j|\u2606Greensoul1\n|t:|1776398662\n|gametype|doubles\n|player|p1|vooni|pokemonbreederf-gen4|1000\n|player|p2|Greensoul1|102|1000\n|gen|9\n|tier|[Gen 9 Champions] VGC 2026 Reg M-A\n|rated|\n|rule|Species Clause: Limit one of each Pok\u00e9mon\n|rule|Item Clause: Limit 1 of each item\n|clearpoke\n|poke|p1|Tyrantrum, L50, F|\n|poke|p1|Aggron, L50, F|\n|poke|p1|Glimmora, L50, M|\n|poke|p1|Tyranitar, L50, F|\n|poke|p1|Arcanine-Hisui, L50, M|\n|poke|p1|Kleavor, L50, M|\n|poke|p2|Kommo-o, L50, M|\n|poke|p2|Sinistcha, L50|\n|poke|p2|Medicham, L50, M|\n|poke|p2|Tyranitar, L50, M|\n|poke|p2|Excadrill, L50, M|\n|poke|p2|Klefki, L50, M|\n|teampreview|4\n|\n|t:|1776398695\n|teamsize|p1|4\n|teamsize|p2|4\n|start\n|switch|p1a: Aggron|Aggron, L50, F|100/100\n|switch|p1b: Tyranitar|Tyranitar, L50, F|100/100\n|switch|p2a: Medicham|Medicham, L50, M|100/100\n|switch|p2b: Excadrill|Excadrill, L50, M|100/100\n|-weather|Sandstorm|[from] ability: Sand Stream|[of] p1b: Tyranitar\n|turn|1\n|\n|t:|1776398737\n|detailschange|p2a: Medicham|Medicham-Mega, L50, M\n|-mega|p2a: Medicham|Medicham|Medichamite\n|move|p2a: Medicham|Fake Out|p1a: Aggron\n|-resisted|p1a: Aggron|2\n|-damage|p1a: Aggron|97/100\n|move|p2b: Excadrill|Iron Head|p1b: Tyranitar\n|-supereffective|p1b: Tyranitar|1\n|-damage|p1b: Tyranitar|29/100\n|move|p1b: Tyranitar|Thunder Wave|p2a: Medicham\n|-status|p2a: Medicham|par\n|cant|p1a: Aggron|flinch\n|\n|-weather|Sandstorm|[upkeep]\n|-damage|p2a: Medicham|95/100 par|[from] Sandstorm\n|upkeep\n|turn|2\n|\n|t:|1776398801\n|move|p2b: Excadrill|Protect|p2b: Excadrill\n|-singleturn|p2b: Excadrill|Protect\n|move|p1b: Tyranitar|Protect|p1b: Tyranitar\n|-singleturn|p1b: Tyranitar|Protect\n|move|p2a: Medicham|Bullet Punch|p1b: Tyranitar\n|-activate|p1b: Tyranitar|move: Protect\n|move|p1a: Aggron|Body Press|p2b: Excadrill\n|-activate|p2b: Excadrill|move: Protect\n|\n|-weather|Sandstorm|[upkeep]\n|-damage|p2a: Medicham|89/100 par|[from] Sandstorm\n|upkeep\n|turn|3\n|\n|t:|1776398842\n|switch|p1b: Glimmora|Glimmora, L50, M|100/100\n|move|p2b: Excadrill|Rock Slide|p1b: Glimmora|[spread] p1a\n|-miss|p2b: Excadrill|p1b: Glimmora\n|-resisted|p1a: Aggron|1\n|-damage|p1a: Aggron|91/100\n|cant|p1a: Aggron|flinch\n|move|p2a: Medicham|Psycho Cut|p1b: Glimmora\n|-supereffective|p1b: Glimmora|1\n|-damage|p1b: Glimmora|0 fnt\n|-activate|p1b: Glimmora|ability: Toxic Debris\n|-sidestart|p2: Greensoul1|move: Toxic Spikes\n|faint|p1b: Glimmora\n|\n|-weather|Sandstorm|[upkeep]\n|-damage|p2a: Medicham|83/100 par|[from] Sandstorm\n|upkeep\n|\n|t:|1776398859\n|switch|p1b: Arcanine|Arcanine-Hisui, L50, M|100/100\n|turn|4\n|\n|t:|1776398896\n|move|p2b: Excadrill|Protect|p2b: Excadrill\n|-singleturn|p2b: Excadrill|Protect\n|move|p1b: Arcanine|Flare Blitz|p2a: Medicham\n|-crit|p2a: Medicham\n|-damage|p2a: Medicham|0 fnt\n|faint|p2a: Medicham\n|move|p1a: Aggron|Thunder Punch|p2b: Excadrill\n|-activate|p2b: Excadrill|move: Protect\n|\n|-weather|Sandstorm|[upkeep]\n|upkeep\n|\n|t:|1776398923\n|switch|p2a: Tyranitar|Tyranitar, L50, M|100/100\n|-status|p2a: Tyranitar|psn\n|turn|5\n|\n|t:|1776398941\n|move|p2b: Excadrill|Earthquake|p1b: Arcanine|[spread] p2a,p1a,p1b\n|-supereffective|p2a: Tyranitar|1\n|-supereffective|p1a: Aggron|2\n|-supereffective|p1b: Arcanine|2\n|-damage|p2a: Tyranitar|31/100 psn\n|-damage|p1a: Aggron|0 fnt\n|-damage|p1b: Arcanine|0 fnt\n|faint|p1a: Aggron\n|faint|p1b: Arcanine\n|move|p2a: Tyranitar|Low Kick|p1: Aggron|[notarget]\n|-fail|p2a: Tyranitar\n|\n|-weather|none\n|-damage|p2a: Tyranitar|19/100 psn|[from] psn\n|upkeep\n|\n|t:|1776398952\n|switch|p1a: Tyranitar|Tyranitar, L50, F|29/100\n|-weather|Sandstorm|[from] ability: Sand Stream|[of] p1a: Tyranitar\n|turn|6\n|\n|t:|1776398993\n|move|p2b: Excadrill|Iron Head|p1a: Tyranitar\n|-supereffective|p1a: Tyranitar|1\n|-damage|p1a: Tyranitar|0 fnt\n|faint|p1a: Tyranitar\n|\n|win|Greensoul1\n|raw|vooni's rating: 1000 &rarr; <strong>1000</strong><br />(+0 for losing)\n|raw|Greensoul1's rating: 1000 &rarr; <strong>1040</strong><br />(+40 for winning)\n|l|\u2606vooni\n|player|p1|\n",
  "uploadtime": 1776399022,
  "views": 13,
  "formatid": "gen9championsvgc2026regma",
  "rating": 1000,
  "private": 0,
  "password": null
}