{
  "id": "gen9championsvgc2026regma-2582116169",
  "format": "[Gen 9 Champions] VGC 2026 Reg M-A",
  "players": [
    "loklastaji",
    "fusesrt"
  ],
  "log": "|j|\u2606loklastaji\n|j|\u2606fusesrt\n|t:|1776059964\n|gametype|doubles\n|player|p1|loklastaji|265|1212\n|player|p2|fusesrt|266|1292\n|gen|9\n|tier|[Gen 9 Champions] VGC 2026 Reg M-A\n|rated|\n|rule|Species Clause: Limit one of each Pok\u00e9mon\n|rule|Item Clause: Limit 1 of each item\n|clearpoke\n|poke|p1|Samurott-Hisui, L50, M|\n|poke|p1|Mamoswine, L50, F|\n|poke|p1|Delphox, L50, M|\n|poke|p1|Tsareena, L50, F|\n|poke|p1|Corviknight, L50, F|\n|poke|p1|Altaria, L50, M|\n|poke|p2|Kingambit, L50, M|\n|poke|p2|Froslass, L50, F|\n|poke|p2|Glimmora, L50, F|\n|poke|p2|Farigiraf, L50, F|\n|poke|p2|Garchomp, L50, M|\n|poke|p2|Rotom-Frost, L50|\n|teampreview|4\n|inactive|Battle timer is ON: inactive players will automatically lose when time's up. (requested by fusesrt)\n|inactive|loklastaji has 60 seconds left.\n|\n|t:|1776059998\n|teamsize|p1|4\n|teamsize|p2|4\n|start\n|switch|p1a: Mamoswine|Mamoswine, L50, F|100/100\n|switch|p1b: Delphox|Delphox, L50, M|100/100\n|switch|p2a: Glimmora|Glimmora, L50, F|100/100\n|switch|p2b: Farigiraf|Farigiraf, L50, F|100/100\n|turn|1\n|\n|t:|1776060016\n|detailschange|p1b: Delphox|Delphox-Mega, L50, M\n|-mega|p1b: Delphox|Delphox|Delphoxite\n|move|p1a: Mamoswine|Earthquake|p2b: Farigiraf|[spread] p2a,p2b\n|-immune|p1b: Delphox|[from] ability: Levitate\n|-supereffective|p2a: Glimmora|2\n|-enditem|p2a: Glimmora|Focus Sash\n|-damage|p2a: Glimmora|1/100\n|-damage|p2b: Farigiraf|65/100\n|-activate|p2a: Glimmora|ability: Toxic Debris\n|-sidestart|p1: loklastaji|move: Toxic Spikes\n|move|p1b: Delphox|Heat Wave|p2a: Glimmora|[spread] p2a,p2b\n|-resisted|p2a: Glimmora|1\n|-damage|p2a: Glimmora|0 fnt\n|-damage|p2b: Farigiraf|27/100\n|-enditem|p2b: Farigiraf|Sitrus Berry|[eat]\n|-heal|p2b: Farigiraf|51/100|[from] item: Sitrus Berry\n|faint|p2a: Glimmora\n|move|p2b: Farigiraf|Trick Room|p2b: Farigiraf\n|-fieldstart|move: Trick Room|[of] p2b: Farigiraf\n|\n|upkeep\n|\n|t:|1776060036\n|switch|p2a: Kingambit|Kingambit, L50, M|100/100\n|turn|2\n|\n|t:|1776060052\n|move|p2a: Kingambit|Protect|p2a: Kingambit\n|-singleturn|p2a: Kingambit|Protect\n|move|p1b: Delphox|Protect|p1b: Delphox\n|-singleturn|p1b: Delphox|Protect\n|move|p2b: Farigiraf|Psychic Noise|p1a: Mamoswine\n|-damage|p1a: Mamoswine|60/100\n|-start|p1a: Mamoswine|move: Heal Block\n|move|p1a: Mamoswine|Earthquake|p2b: Farigiraf|[spread] p2b\n|-activate|p1b: Delphox|move: Protect\n|-activate|p2a: Kingambit|move: Protect\n|-damage|p2b: Farigiraf|16/100\n|\n|upkeep\n|turn|3\n|inactive|fusesrt has 30 seconds left.\n|\n|t:|1776060087\n|switch|p1b: Samurott|Samurott-Hisui, L50, M|100/100\n|-status|p1b: Samurott|psn\n|move|p2b: Farigiraf|Power Swap|p1a: Mamoswine\n|-swapboost|p2b: Farigiraf|p1a: Mamoswine|atk, spa|[from] move: Power Swap\n|move|p2a: Kingambit|Iron Head|p1a: Mamoswine\n|-supereffective|p1a: Mamoswine|1\n|-damage|p1a: Mamoswine|0 fnt\n|faint|p1a: Mamoswine\n|\n|-damage|p1b: Samurott|88/100 psn|[from] psn\n|upkeep\n|\n|t:|1776060104\n|switch|p1a: Tsareena|Tsareena, L50, F|100/100\n|-status|p1a: Tsareena|psn\n|turn|4\n|\n|t:|1776060125\n|move|p2b: Farigiraf|Psychic Noise|p1a: Tsareena\n|-damage|p1a: Tsareena|63/100 psn\n|-start|p1a: Tsareena|move: Heal Block\n|move|p2a: Kingambit|Low Kick|p1b: Samurott\n|-supereffective|p1b: Samurott|1\n|-damage|p1b: Samurott|16/100 psn\n|move|p1a: Tsareena|High Jump Kick|p2a: Kingambit\n|-supereffective|p2a: Kingambit|2\n|-damage|p2a: Kingambit|0 fnt\n|faint|p2a: Kingambit\n|move|p1b: Samurott|Sacred Sword|p2b: Farigiraf\n|-damage|p2b: Farigiraf|0 fnt\n|faint|p2b: Farigiraf\n|\n|-damage|p1a: Tsareena|51/100 psn|[from] psn\n|-damage|p1b: Samurott|3/100 psn|[from] psn\n|upkeep\n|\n|t:|1776060140\n|switch|p2b: Froslass|Froslass, L50, F|100/100\n|turn|5\n|-message|fusesrt forfeited.\n|\n|win|loklastaji\n|raw|loklastaji's rating: 1212 &rarr; <strong>1243</strong><br />(+31 for winning)\n|raw|fusesrt's rating: 1292 &rarr; <strong>1261</strong><br />(-31 for losing)\n|l|\u2606fusesrt\n|player|p2|\n",
  "uploadtime": 1776060151,
  "views": 32,
  "formatid": "gen9championsvgc2026regma",
  "rating": 1243,
  "private": 0,
  "password": null
}