{
  "id": "gen9championsvgc2026regma-2584252451",
  "format": "[Gen 9 Champions] VGC 2026 Reg M-A",
  "players": [
    "poetisking",
    "dkapflzksh"
  ],
  "log": "|j|\u2606poetisking\n|j|\u2606dkapflzksh\n|t:|1776243463\n|gametype|doubles\n|player|p1|poetisking|102|1343\n|player|p2|dkapflzksh|scientist-gen4dp|1418\n|gen|9\n|tier|[Gen 9 Champions] VGC 2026 Reg M-A\n|rated|\n|rule|Species Clause: Limit one of each Pok\u00e9mon\n|rule|Item Clause: Limit 1 of each item\n|clearpoke\n|poke|p1|Pelipper, L50, M|\n|poke|p1|Archaludon, L50, M|\n|poke|p1|Basculegion, L50, M|\n|poke|p1|Meganium, L50, F|\n|poke|p1|Aerodactyl, L50, F|\n|poke|p1|Kingambit, L50, F|\n|poke|p2|Pelipper, L50, F|\n|poke|p2|Basculegion, L50, M|\n|poke|p2|Dragonite, L50, M|\n|poke|p2|Archaludon, L50, M|\n|poke|p2|Sableye, L50, M|\n|poke|p2|Sinistcha-Masterpiece, L50|\n|teampreview|4\n|inactive|Battle timer is ON: inactive players will automatically lose when time's up. (requested by dkapflzksh)\n|\n|t:|1776243492\n|teamsize|p1|4\n|teamsize|p2|4\n|start\n|switch|p1a: Kingambit|Kingambit, L50, F|100/100\n|switch|p1b: Meganium|Meganium, L50, F|100/100\n|switch|p2a: Sableye|Sableye, L50, M|100/100\n|switch|p2b: Basculegion|Basculegion, L50, M, shiny|100/100\n|turn|1\n|inactive|dkapflzksh has 30 seconds left.\n|inactive|dkapflzksh has 20 seconds left.\n|\n|t:|1776243530\n|move|p1b: Meganium|Protect|p1b: Meganium\n|-singleturn|p1b: Meganium|Protect\n|move|p2a: Sableye|Rain Dance|p2a: Sableye\n|-weather|RainDance\n|move|p2b: Basculegion|Flip Turn|p1a: Kingambit\n|-damage|p1a: Kingambit|61/100\n|\n|t:|1776243536\n|switch|p2b: Archaludon|Archaludon, L50, M, shiny|100/100|[from] Flip Turn\n|move|p1a: Kingambit|Kowtow Cleave|p2b: Archaludon\n|-damage|p2b: Archaludon|52/100\n|-ability|p2b: Archaludon|Stamina|boost\n|-boost|p2b: Archaludon|def|1\n|\n|-weather|RainDance|[upkeep]\n|-heal|p2b: Archaludon|58/100|[from] item: Leftovers\n|upkeep\n|turn|2\n|\n|t:|1776243551\n|detailschange|p1b: Meganium|Meganium-Mega, L50, F\n|-mega|p1b: Meganium|Meganium|Meganiumite\n|move|p2a: Sableye|Encore|p1b: Meganium\n|-start|p1b: Meganium|Encore\n|move|p1b: Meganium|Protect||[still]\n|-fail|p1b: Meganium\n|move|p2b: Archaludon|Electro Shot||[still]\n|-prepare|p2b: Archaludon|Electro Shot\n|-boost|p2b: Archaludon|spa|1\n|-anim|p2b: Archaludon|Electro Shot|p1a: Kingambit\n|-damage|p1a: Kingambit|7/100\n|move|p1a: Kingambit|Kowtow Cleave|p2b: Archaludon\n|-damage|p2b: Archaludon|28/100\n|-ability|p2b: Archaludon|Stamina|boost\n|-boost|p2b: Archaludon|def|1\n|\n|-weather|RainDance|[upkeep]\n|-heal|p2b: Archaludon|34/100|[from] item: Leftovers\n|upkeep\n|turn|3\n|\n|t:|1776243574\n|switch|p1b: Archaludon|Archaludon, L50, M|100/100\n|move|p1a: Kingambit|Protect|p1a: Kingambit\n|-singleturn|p1a: Kingambit|Protect\n|move|p2a: Sableye|Thunder Wave|p1b: Archaludon\n|-status|p1b: Archaludon|par\n|move|p2b: Archaludon|Electro Shot||[still]\n|-prepare|p2b: Archaludon|Electro Shot\n|-boost|p2b: Archaludon|spa|1\n|-anim|p2b: Archaludon|Electro Shot|p1a: Kingambit\n|-activate|p1a: Kingambit|move: Protect\n|\n|-weather|RainDance|[upkeep]\n|-heal|p2b: Archaludon|41/100|[from] item: Leftovers\n|upkeep\n|turn|4\n|\n|t:|1776243598\n|switch|p1a: Meganium|Meganium-Mega, L50, F|100/100\n|switch|p2a: Basculegion|Basculegion, L50, M, shiny|100/100\n|move|p2b: Archaludon|Protect|p2b: Archaludon\n|-singleturn|p2b: Archaludon|Protect\n|move|p1b: Archaludon|Draco Meteor|p2b: Archaludon\n|-activate|p2b: Archaludon|move: Protect\n|\n|-weather|RainDance|[upkeep]\n|-heal|p2b: Archaludon|47/100|[from] item: Leftovers\n|upkeep\n|turn|5\n|inactive|dkapflzksh has 30 seconds left.\n|inactive|dkapflzksh has 20 seconds left.\n|inactive|dkapflzksh has 15 seconds left.\n|inactive|dkapflzksh has 10 seconds left.\n|inactive|dkapflzksh has 5 seconds left.\n|\n|t:|1776243648\n|move|p2a: Basculegion|Flip Turn|p1b: Archaludon\n|-resisted|p1b: Archaludon|1\n|-damage|p1b: Archaludon|82/100 par\n|-ability|p1b: Archaludon|Stamina|boost\n|-boost|p1b: Archaludon|def|1\n|\n|t:|1776243656\n|switch|p2a: Sableye|Sableye, L50, M|100/100|[from] Flip Turn\n|move|p2b: Archaludon|Dragon Pulse|p1b: Archaludon\n|-damage|p1b: Archaludon|0 fnt\n|faint|p1b: Archaludon\n|move|p1a: Meganium|Dazzling Gleam|p2b: Archaludon|[spread] p2a,p2b\n|-supereffective|p2a: Sableye|1\n|-damage|p2a: Sableye|18/100\n|-damage|p2b: Archaludon|16/100\n|-ability|p2b: Archaludon|Stamina|boost\n|-boost|p2b: Archaludon|def|1\n|\n|-weather|none\n|-heal|p2b: Archaludon|22/100|[from] item: Leftovers\n|upkeep\n|\n|t:|1776243664\n|switch|p1b: Pelipper|Pelipper, L50, M|100/100\n|-weather|RainDance|[from] ability: Drizzle|[of] p1b: Pelipper\n|turn|6\n|\n|t:|1776243676\n|move|p2b: Archaludon|Protect|p2b: Archaludon\n|-singleturn|p2b: Archaludon|Protect\n|move|p1b: Pelipper|Protect|p1b: Pelipper\n|-singleturn|p1b: Pelipper|Protect\n|move|p2a: Sableye|Disable|p1a: Meganium\n|-start|p1a: Meganium|Disable|Dazzling Gleam\n|cant|p1a: Meganium|Disable|Dazzling Gleam\n|\n|-weather|RainDance|[upkeep]\n|-heal|p2b: Archaludon|28/100|[from] item: Leftovers\n|upkeep\n|turn|7\n|\n|t:|1776243690\n|switch|p1b: Kingambit|Kingambit, L50, F|7/100\n|move|p2a: Sableye|Encore|p1a: Meganium\n|-start|p1a: Meganium|Encore\n|move|p2b: Archaludon|Electro Shot||[still]\n|-prepare|p2b: Archaludon|Electro Shot\n|-boost|p2b: Archaludon|spa|1\n|-anim|p2b: Archaludon|Electro Shot|p1b: Kingambit\n|-damage|p1b: Kingambit|0 fnt\n|faint|p1b: Kingambit\n|cant|p1a: Meganium|Disable|Dazzling Gleam\n|\n|-weather|RainDance|[upkeep]\n|-heal|p2b: Archaludon|34/100|[from] item: Leftovers\n|upkeep\n|\n|t:|1776243693\n|switch|p1b: Pelipper|Pelipper, L50, M|100/100\n|turn|8\n|\n|t:|1776243705\n|move|p2a: Sableye|Thunder Wave|p1b: Pelipper\n|-status|p1b: Pelipper|par\n|move|p2b: Archaludon|Electro Shot||[still]\n|-prepare|p2b: Archaludon|Electro Shot\n|-boost|p2b: Archaludon|spa|1\n|-anim|p2b: Archaludon|Electro Shot|p1b: Pelipper\n|-supereffective|p1b: Pelipper|2\n|-crit|p1b: Pelipper\n|-damage|p1b: Pelipper|0 fnt\n|faint|p1b: Pelipper\n|-activate|p1a: Meganium|move: Struggle\n|move|p1a: Meganium|Struggle|p2a: Sableye\n|-damage|p2a: Sableye|5/100\n|-damage|p1a: Meganium|75/100|[from] recoil\n|\n|-weather|RainDance|[upkeep]\n|-heal|p2b: Archaludon|41/100|[from] item: Leftovers\n|upkeep\n|turn|9\n|-message|poetisking forfeited.\n|\n|win|dkapflzksh\n|raw|poetisking's rating: 1343 &rarr; <strong>1327</strong><br />(-16 for losing)\n|raw|dkapflzksh's rating: 1418 &rarr; <strong>1434</strong><br />(+16 for winning)\n",
  "uploadtime": 1776243709,
  "views": 45,
  "formatid": "gen9championsvgc2026regma",
  "rating": 1327,
  "private": 0,
  "password": null
}