{
  "id": "gen9championsvgc2026regma-2580964294",
  "format": "[Gen 9 Champions] VGC 2026 Reg M-A",
  "players": [
    "Snailafteryou",
    "LordSnorlax2727"
  ],
  "log": "|j|\u2606Snailafteryou\n|j|\u2606LordSnorlax2727\n|t:|1775947223\n|gametype|doubles\n|player|p1|Snailafteryou|rood|1258\n|player|p2|LordSnorlax2727|170|1207\n|gen|9\n|tier|[Gen 9 Champions] VGC 2026 Reg M-A\n|rated|\n|rule|Species Clause: Limit one of each Pok\u00e9mon\n|rule|Item Clause: Limit 1 of each item\n|clearpoke\n|poke|p1|Froslass, L50, F|\n|poke|p1|Aerodactyl, L50, M|\n|poke|p1|Kommo-o, L50, F|\n|poke|p1|Mudsdale, L50, F|\n|poke|p1|Sinistcha, L50|\n|poke|p1|Aegislash, L50, F|\n|poke|p2|Charizard, L50, F|\n|poke|p2|Gallade, L50, M|\n|poke|p2|Whimsicott, L50, F|\n|poke|p2|Garchomp, L50, M|\n|poke|p2|Kingambit, L50, F|\n|poke|p2|Zoroark-Hisui, L50, F|\n|teampreview|4\n|\n|t:|1775947242\n|teamsize|p1|4\n|teamsize|p2|4\n|start\n|switch|p1a: Aerodactyl|Aerodactyl, L50, M|100/100\n|switch|p1b: Kommo-o|Kommo-o, L50, F|100/100\n|switch|p2a: Gallade|Gallade, L50, M|100/100\n|switch|p2b: Charizard|Charizard, L50, F|100/100\n|-ability|p1a: Aerodactyl|Unnerve\n|turn|1\n|\n|t:|1775947277\n|move|p2b: Charizard|Hyper Voice|p1a: Aerodactyl|[spread] p1a,p1b\n|-resisted|p1a: Aerodactyl|1\n|-damage|p1a: Aerodactyl|75/100\n|-damage|p1b: Kommo-o|58/100\n|move|p1a: Aerodactyl|Dual Wingbeat|p2a: Gallade\n|-supereffective|p2a: Gallade|1\n|-damage|p2a: Gallade|41/100\n|-supereffective|p2a: Gallade|1\n|-damage|p2a: Gallade|0 fnt\n|faint|p2a: Gallade\n|-hitcount|p2: Gallade|2\n|move|p1b: Kommo-o|Clangorous Soul|p1b: Kommo-o\n|-boost|p1b: Kommo-o|atk|1\n|-boost|p1b: Kommo-o|def|1\n|-boost|p1b: Kommo-o|spa|1\n|-boost|p1b: Kommo-o|spd|1\n|-boost|p1b: Kommo-o|spe|1\n|-damage|p1b: Kommo-o|25/100\n|\n|-heal|p1b: Kommo-o|31/100|[from] item: Leftovers\n|upkeep\n|\n|t:|1775947289\n|switch|p2a: Whimsicott|Whimsicott, L50, F|100/100\n|turn|2\n|\n|t:|1775947296\n|move|p1b: Kommo-o|Protect|p1b: Kommo-o\n|-singleturn|p1b: Kommo-o|Protect\n|move|p2a: Whimsicott|Encore|p1b: Kommo-o\n|-activate|p1b: Kommo-o|move: Protect\n|move|p2b: Charizard|Hyper Voice|p1a: Aerodactyl|[spread] p1a\n|-activate|p1b: Kommo-o|move: Protect\n|-resisted|p1a: Aerodactyl|1\n|-damage|p1a: Aerodactyl|48/100\n|move|p1a: Aerodactyl|Dual Wingbeat|p2a: Whimsicott|[miss]\n|-miss|p1a: Aerodactyl|p2a: Whimsicott\n|\n|-heal|p1b: Kommo-o|37/100|[from] item: Leftovers\n|upkeep\n|turn|3\n|\n|t:|1775947314\n|switch|p1b: Froslass|Froslass, L50, F|100/100\n|move|p2a: Whimsicott|Encore||[still]\n|-fail|p2a: Whimsicott\n|move|p2b: Charizard|Hyper Voice|p1b: Froslass|[spread] p1a\n|-immune|p1b: Froslass\n|-resisted|p1a: Aerodactyl|1\n|-damage|p1a: Aerodactyl|23/100\n|move|p1a: Aerodactyl|Dual Wingbeat|p2a: Whimsicott\n|-supereffective|p2a: Whimsicott|1\n|-crit|p2a: Whimsicott\n|-damage|p2a: Whimsicott|16/100\n|-supereffective|p2a: Whimsicott|1\n|-damage|p2a: Whimsicott|0 fnt\n|faint|p2a: Whimsicott\n|-hitcount|p2: Whimsicott|2\n|\n|upkeep\n|\n|t:|1775947317\n|switch|p2a: Charizard|Charizard, L50, F|100/100\n|turn|4\n|\n|t:|1775947331\n|switch|p1b: Kommo-o|Kommo-o, L50, F|37/100\n|move|p1a: Aerodactyl|Protect|p1a: Aerodactyl\n|-singleturn|p1a: Aerodactyl|Protect\n|move|p2a: Charizard|Protect|p2a: Charizard\n|-singleturn|p2a: Charizard|Protect\n|move|p2b: Charizard|Hyper Voice|p1a: Aerodactyl|[spread] p1b\n|-activate|p1a: Aerodactyl|move: Protect\n|-damage|p1b: Kommo-o|0 fnt\n|faint|p1b: Kommo-o\n|\n|upkeep\n|\n|t:|1775947337\n|switch|p1b: Mudsdale|Mudsdale, L50, F|100/100\n|turn|5\n|\n|t:|1775947348\n|switch|p1a: Froslass|Froslass, L50, F|100/100\n|detailschange|p2a: Charizard|Charizard-Mega-Y, L50, F\n|-mega|p2a: Charizard|Charizard|Charizardite Y\n|-weather|SunnyDay|[from] ability: Drought|[of] p2a: Charizard\n|move|p2b: Charizard|Hyper Voice|p1a: Froslass|[spread] p1b\n|-immune|p1a: Froslass\n|-damage|p1b: Mudsdale|76/100\n|-ability|p1b: Mudsdale|Stamina|boost\n|-boost|p1b: Mudsdale|def|1\n|move|p2a: Charizard|Solar Beam||[still]\n|-prepare|p2a: Charizard|Solar Beam\n|-anim|p2a: Charizard|Solar Beam|p1b: Mudsdale\n|-supereffective|p1b: Mudsdale|1\n|-damage|p1b: Mudsdale|8/100\n|-ability|p1b: Mudsdale|Stamina|boost\n|-boost|p1b: Mudsdale|def|1\n|move|p1b: Mudsdale|High Horsepower|p2b: Charizard\n|-damage|p2b: Charizard|21/100\n|replace|p2b: Zoroark|Zoroark-Hisui, L50, F\n|-end|p2b: Zoroark|Illusion\n|\n|-weather|SunnyDay|[upkeep]\n|upkeep\n|turn|6\n|\n|t:|1775947373\n|detailschange|p1a: Froslass|Froslass-Mega, L50, F\n|-mega|p1a: Froslass|Froslass|Froslassite\n|-weather|Snowscape|[from] ability: Snow Warning|[of] p1a: Froslass\n|move|p2b: Zoroark|Hyper Voice|p1a: Froslass|[spread] p1b\n|-immune|p1a: Froslass\n|-damage|p1b: Mudsdale|0 fnt\n|faint|p1b: Mudsdale\n|move|p1a: Froslass|Aurora Veil|p1a: Froslass\n|-sidestart|p1: Snailafteryou|move: Aurora Veil\n|move|p2a: Charizard|Heat Wave|p1a: Froslass\n|-supereffective|p1a: Froslass|1\n|-damage|p1a: Froslass|0 fnt\n|faint|p1a: Froslass\n|\n|-weather|Snowscape|[upkeep]\n|upkeep\n|\n|t:|1775947380\n|switch|p1a: Aerodactyl|Aerodactyl, L50, M|23/100\n|-ability|p1a: Aerodactyl|Unnerve\n|turn|7\n|\n|t:|1775947388\n|move|p2b: Zoroark|Hyper Voice|p1a: Aerodactyl\n|-resisted|p1a: Aerodactyl|1\n|-damage|p1a: Aerodactyl|0 fnt\n|faint|p1a: Aerodactyl\n|\n|win|LordSnorlax2727\n|raw|Snailafteryou's rating: 1258 &rarr; <strong>1229</strong><br />(-29 for losing)\n|raw|LordSnorlax2727's rating: 1207 &rarr; <strong>1236</strong><br />(+29 for winning)\n|c|\u2606Snailafteryou|what\n|c|\u2606LordSnorlax2727|Lol\n|c|\u2606Snailafteryou|Do sound moves go through screens?\n|c|\u2606Snailafteryou|what\n|c|\u2606Snailafteryou|what\n|c|\u2606LordSnorlax2727|I don't know\n|c|\u2606Snailafteryou|thats some bullshit\n|c|\u2606Snailafteryou|252 SpA Zoroark-Hisui Hyper Voice vs. 0 HP / 4 SpD Aerodactyl through Light Screen: 45-53 (14.9 - 17.6%) -- possible 6HKO\n|c|\u2606Snailafteryou|was it specs or something?\n",
  "uploadtime": 1775947444,
  "views": 23,
  "formatid": "gen9championsvgc2026regma",
  "rating": 1229,
  "private": 0,
  "password": null
}