{
  "id": "gen9championsvgc2026regma-2584337601",
  "format": "[Gen 9 Champions] VGC 2026 Reg M-A",
  "players": [
    "smp on whimsicott",
    "danieldanie"
  ],
  "log": "|j|\u2606smp on whimsicott\n|j|\u2606danieldanie\n|t:|1776252661\n|gametype|doubles\n|player|p1|smp on whimsicott|artist-gen4|1190\n|player|p2|danieldanie|1|1287\n|gen|9\n|tier|[Gen 9 Champions] VGC 2026 Reg M-A\n|rated|\n|rule|Species Clause: Limit one of each Pok\u00e9mon\n|rule|Item Clause: Limit 1 of each item\n|clearpoke\n|poke|p1|Arcanine, L50, F|\n|poke|p1|Venusaur, L50, F|\n|poke|p1|Sneasler, L50, F|\n|poke|p1|Rotom-Wash, L50|\n|poke|p1|Garchomp, L50, F|\n|poke|p1|Corviknight, L50, F|\n|poke|p2|Pelipper, L50, F|\n|poke|p2|Meganium, L50, F|\n|poke|p2|Basculegion, L50, M|\n|poke|p2|Tinkaton, L50, F|\n|poke|p2|Aerodactyl, L50, M|\n|poke|p2|Rotom-Wash, L50|\n|teampreview|4\nsmp on whimsicott rejected open team sheets.\n|inactive|Battle timer is ON: inactive players will automatically lose when time's up. (requested by smp on whimsicott)\n|inactive|smp on whimsicott has 60 seconds left.\n|\n|t:|1776252710\n|teamsize|p1|4\n|teamsize|p2|4\n|start\n|switch|p1a: Corviknight|Corviknight, L50, F|100/100\n|switch|p1b: Rotom|Rotom-Wash, L50|100/100\n|switch|p2a: Meganium|Meganium, L50, F|100/100\n|switch|p2b: Tinkaton|Tinkaton, L50, F|100/100\n|turn|1\n|inactive|danieldanie has 30 seconds left.\n|\n|t:|1776252738\n|switch|p1a: Arcanine|Arcanine, L50, F|100/100\n|-ability|p1a: Arcanine|Intimidate|boost\n|-unboost|p2a: Meganium|atk|1\n|-fail|p2b: Tinkaton|unboost|Attack|[from] ability: Own Tempo|[of] p2b: Tinkaton\n|detailschange|p2a: Meganium|Meganium-Mega, L50, F\n|-mega|p2a: Meganium|Meganium|Meganiumite\n|move|p2b: Tinkaton|Fake Out|p1b: Rotom\n|-damage|p1b: Rotom|91/100\n|cant|p1b: Rotom|flinch\n|move|p2a: Meganium|Weather Ball|p1a: Arcanine\n|-resisted|p1a: Arcanine|1\n|-damage|p1a: Arcanine|68/100\n|\n|upkeep\n|turn|2\n|inactive|danieldanie has 30 seconds left.\n|\n|t:|1776252771\n|switch|p2a: Aerodactyl|Aerodactyl, L50, M|100/100\n|-ability|p2a: Aerodactyl|Unnerve\n|move|p1b: Rotom|Volt Switch|p2a: Aerodactyl\n|-supereffective|p2a: Aerodactyl|1\n|-damage|p2a: Aerodactyl|24/100\n|\n|t:|1776252778\n|switch|p1b: Corviknight|Corviknight, L50, F|100/100|[from] Volt Switch\n|move|p1a: Arcanine|Flare Blitz|p2b: Tinkaton\n|-supereffective|p2b: Tinkaton|1\n|-damage|p2b: Tinkaton|13/100\n|-enditem|p2b: Tinkaton|Sitrus Berry|[eat]\n|-heal|p2b: Tinkaton|38/100|[from] item: Sitrus Berry\n|-damage|p1a: Arcanine|40/100|[from] Recoil\n|move|p2b: Tinkaton|Gigaton Hammer|p1b: Corviknight\n|-resisted|p1b: Corviknight|1\n|-damage|p1b: Corviknight|79/100\n|\n|-heal|p1b: Corviknight|85/100|[from] item: Leftovers\n|upkeep\n|turn|3\n|\n|t:|1776252796\n|move|p2a: Aerodactyl|Tailwind|p2a: Aerodactyl\n|-sidestart|p2: danieldanie|move: Tailwind\n|move|p2b: Tinkaton|Knock Off|p1a: Arcanine\n|-damage|p1a: Arcanine|19/100\n|-enditem|p1a: Arcanine|Sitrus Berry|[from] move: Knock Off|[of] p2b: Tinkaton\n|move|p1a: Arcanine|Flare Blitz|p2b: Tinkaton\n|-supereffective|p2b: Tinkaton|1\n|-damage|p2b: Tinkaton|0 fnt\n|faint|p2b: Tinkaton\n|-damage|p1a: Arcanine|7/100|[from] Recoil\n|move|p1b: Corviknight|Tailwind|p1b: Corviknight\n|-sidestart|p1: smp on whimsicott|move: Tailwind\n|\n|-heal|p1b: Corviknight|91/100|[from] item: Leftovers\n|upkeep\n|\n|t:|1776252812\n|switch|p2b: Meganium|Meganium-Mega, L50, F|100/100\n|turn|4\n|\n|t:|1776252825\n|switch|p1b: Rotom|Rotom-Wash, L50|91/100\n|move|p1a: Arcanine|Protect|p1a: Arcanine\n|-singleturn|p1a: Arcanine|Protect\n|move|p2a: Aerodactyl|Rock Slide|p1b: Rotom|[spread] \n|-activate|p1a: Arcanine|move: Protect\n|-miss|p2a: Aerodactyl|p1b: Rotom\n|move|p2b: Meganium|Solar Beam||[still]\n|-prepare|p2b: Meganium|Solar Beam\n|-activate|p2b: Meganium|ability: Mega Sol\n|-anim|p2b: Meganium|Solar Beam|p1b: Rotom\n|-supereffective|p1b: Rotom|1\n|-damage|p1b: Rotom|0 fnt\n|faint|p1b: Rotom\n|\n|upkeep\n|\n|t:|1776252828\n|switch|p1b: Venusaur|Venusaur, L50, F|100/100\n|turn|5\n|\n|t:|1776252848\n|switch|p1a: Corviknight|Corviknight, L50, F|91/100\n|switch|p2b: Basculegion|Basculegion, L50, M|100/100\n|detailschange|p1b: Venusaur|Venusaur-Mega, L50, F\n|-mega|p1b: Venusaur|Venusaur|Venusaurite\n|move|p1b: Venusaur|Protect|p1b: Venusaur\n|-singleturn|p1b: Venusaur|Protect\n|move|p2a: Aerodactyl|Rock Slide|p1b: Venusaur|[spread] \n|-activate|p1b: Venusaur|move: Protect\n|-miss|p2a: Aerodactyl|p1a: Corviknight\n|\n|-heal|p1a: Corviknight|97/100|[from] item: Leftovers\n|upkeep\n|turn|6\n|\n|t:|1776252865\n|switch|p1b: Arcanine|Arcanine, L50, F|7/100\n|-ability|p1b: Arcanine|Intimidate|boost\n|-unboost|p2a: Aerodactyl|atk|1\n|-unboost|p2b: Basculegion|atk|1\n|move|p2a: Aerodactyl|Dual Wingbeat|p1b: Arcanine|[miss]\n|-miss|p2a: Aerodactyl|p1b: Arcanine\n|move|p2b: Basculegion|Last Respects|p1b: Arcanine\n|-damage|p1b: Arcanine|0 fnt\n|faint|p1b: Arcanine\n|move|p1a: Corviknight|Brave Bird|p2a: Aerodactyl\n|-resisted|p2a: Aerodactyl|1\n|-damage|p2a: Aerodactyl|0 fnt\n|faint|p2a: Aerodactyl\n|-damage|p1a: Corviknight|91/100|[from] Recoil\n|\n|-heal|p1a: Corviknight|97/100|[from] item: Leftovers\n|-sideend|p1: smp on whimsicott|move: Tailwind\n|-sideend|p2: danieldanie|move: Tailwind\n|upkeep\n|\n|t:|1776252877\n|switch|p2a: Meganium|Meganium-Mega, L50, F|100/100\n|switch|p1b: Venusaur|Venusaur-Mega, L50, F|100/100\n|turn|7\n|inactive|smp on whimsicott has 30 seconds left.\n|\n|t:|1776252911\n|move|p2b: Basculegion|Last Respects|p1b: Venusaur\n|-damage|p1b: Venusaur|51/100\n|move|p2a: Meganium|Weather Ball|p1a: Corviknight\n|-supereffective|p1a: Corviknight|1\n|-damage|p1a: Corviknight|0 fnt\n|faint|p1a: Corviknight\n|move|p1b: Venusaur|Sludge Bomb|p2a: Meganium\n|-supereffective|p2a: Meganium|2\n|-damage|p2a: Meganium|0 fnt\n|faint|p2a: Meganium\n|\n|upkeep\n|turn|8\n|\n|t:|1776252922\n|move|p2b: Basculegion|Last Respects|p1b: Venusaur\n|-damage|p1b: Venusaur|0 fnt\n|faint|p1b: Venusaur\n|\n|win|danieldanie\n|raw|smp on whimsicott's rating: 1190 &rarr; <strong>1172</strong><br />(-18 for losing)\n|raw|danieldanie's rating: 1287 &rarr; <strong>1305</strong><br />(+18 for winning)\n",
  "uploadtime": 1776252922,
  "views": 21,
  "formatid": "gen9championsvgc2026regma",
  "rating": 1172,
  "private": 0,
  "password": null
}