{
  "id": "gen9championsvgc2026regma-2587756780",
  "format": "[Gen 9 Champions] VGC 2026 Reg M-A",
  "players": [
    "Rtx_sebas",
    "swimihq"
  ],
  "log": "|j|\u2606Rtx_sebas\n|j|\u2606swimihq\n|t:|1776560885\n|gametype|doubles\n|player|p1|Rtx_sebas|266|1216\n|player|p2|swimihq|1|1147\n|gen|9\n|tier|[Gen 9 Champions] VGC 2026 Reg M-A\n|rated|\n|rule|Species Clause: Limit one of each Pok\u00e9mon\n|rule|Item Clause: Limit 1 of each item\n|clearpoke\n|poke|p1|Charizard, L50, M|\n|poke|p1|Sneasler, L50, F|\n|poke|p1|Maushold, L50|\n|poke|p1|Venusaur, L50, M|\n|poke|p1|Sableye, L50, F|\n|poke|p1|Garchomp, L50, M|\n|poke|p2|Whimsicott, L50, F|\n|poke|p2|Charizard, L50, M|\n|poke|p2|Garchomp, L50, F|\n|poke|p2|Dragapult, L50, M|\n|poke|p2|Manectric, L50, M|\n|poke|p2|Sneasler, L50, M|\n|teampreview|4\n|inactive|Battle timer is ON: inactive players will automatically lose when time's up. (requested by swimihq)\nRtx_sebas rejected open team sheets.\n|inactive|Rtx_sebas has 60 seconds left.\n|inactive|swimihq has 60 seconds left.\n|\n|t:|1776560929\n|teamsize|p1|4\n|teamsize|p2|4\n|start\n|switch|p1a: Charizard|Charizard, L50, M|100/100\n|switch|p1b: Sableye|Sableye, L50, F|100/100\n|switch|p2a: Sneasler|Sneasler, L50, M|100/100\n|switch|p2b: Whimsicott|Whimsicott, L50, F|100/100\n|turn|1\n|\n|t:|1776560946\n|move|p1a: Charizard|Protect|p1a: Charizard\n|-singleturn|p1a: Charizard|Protect\n|move|p2b: Whimsicott|Tailwind|p2b: Whimsicott\n|-sidestart|p2: swimihq|move: Tailwind\n|move|p1b: Sableye|Will-O-Wisp|p2a: Sneasler\n|-status|p2a: Sneasler|brn\n|move|p2a: Sneasler|Rock Tomb|p1a: Charizard\n|-activate|p1a: Charizard|move: Protect\n|\n|-damage|p2a: Sneasler|95/100 brn|[from] brn\n|upkeep\n|turn|2\n|inactive|Rtx_sebas has 30 seconds left.\n|\n|t:|1776560978\n|switch|p1a: Garchomp|Garchomp, L50, M|100/100\n|move|p2b: Whimsicott|Encore||[still]\n|-fail|p2b: Whimsicott\n|move|p1b: Sableye|Encore||[still]\n|-fail|p1b: Sableye\n|move|p2a: Sneasler|Rock Tomb|p1a: Garchomp\n|-resisted|p1a: Garchomp|1\n|-damage|p1a: Garchomp|96/100\n|-unboost|p1a: Garchomp|spe|1\n|\n|-damage|p2a: Sneasler|89/100 brn|[from] brn\n|upkeep\n|turn|3\n|inactive|Rtx_sebas has 30 seconds left.\n|\n|t:|1776561011\n|switch|p2a: Garchomp|Garchomp, L50, F|100/100\n|move|p1b: Sableye|Encore||[still]\n|-fail|p1b: Sableye\n|move|p2b: Whimsicott|Moonblast|p1b: Sableye\n|-supereffective|p1b: Sableye|1\n|-enditem|p1b: Sableye|Roseli Berry|[eat]\n|-enditem|p1b: Sableye|Roseli Berry|[weaken]\n|-damage|p1b: Sableye|68/100\n|-unboost|p1b: Sableye|spa|1\n|move|p1a: Garchomp|Rock Slide|p2b: Whimsicott|[spread] p2a,p2b\n|-resisted|p2a: Garchomp|1\n|-damage|p2a: Garchomp|90/100\n|-damage|p2b: Whimsicott|76/100\n|\n|upkeep\n|turn|4\n|inactive|swimihq has 30 seconds left.\n|\n|t:|1776561039\n|move|p1a: Garchomp|Protect|p1a: Garchomp\n|-singleturn|p1a: Garchomp|Protect\n|move|p1b: Sableye|Will-O-Wisp|p2a: Garchomp|[miss]\n|-miss|p1b: Sableye|p2a: Garchomp\n|move|p2a: Garchomp|Dragon Claw|p1a: Garchomp\n|-activate|p1a: Garchomp|move: Protect\n|move|p2b: Whimsicott|Moonblast|p1b: Sableye\n|-supereffective|p1b: Sableye|1\n|-damage|p1b: Sableye|0 fnt\n|faint|p1b: Sableye\n|\n|-sideend|p2: swimihq|move: Tailwind\n|upkeep\n|inactive|Rtx_sebas has 30 seconds left.\n|inactive|Rtx_sebas has 20 seconds left.\n|inactive|Rtx_sebas has 15 seconds left.\n|inactive|Rtx_sebas has 10 seconds left.\n|inactive|Rtx_sebas has 5 seconds left.\n|\n|t:|1776561095\n|switch|p1b: Sneasler|Sneasler, L50, F|100/100\n|turn|5\n|inactive|Rtx_sebas has 30 seconds left.\n|inactive|swimihq has 30 seconds left.\n|\n|t:|1776561125\n|move|p1b: Sneasler|Fake Out|p2a: Garchomp\n|-damage|p2a: Garchomp|75/100\n|-damage|p1b: Sneasler|88/100|[from] ability: Rough Skin|[of] p2a: Garchomp\n|move|p2b: Whimsicott|Tailwind|p2b: Whimsicott\n|-sidestart|p2: swimihq|move: Tailwind\n|cant|p2a: Garchomp|flinch\n|move|p1a: Garchomp|Scale Shot|p2a: Garchomp\n|-supereffective|p2a: Garchomp|1\n|-damage|p2a: Garchomp|45/100\n|-supereffective|p2a: Garchomp|1\n|-crit|p2a: Garchomp\n|-damage|p2a: Garchomp|0 fnt\n|faint|p2a: Garchomp\n|-hitcount|p2: Garchomp|2\n|-unboost|p1a: Garchomp|def|1\n|-boost|p1a: Garchomp|spe|1\n|\n|upkeep\n|\n|t:|1776561131\n|switch|p2a: Charizard|Charizard, L50, M|100/100\n|turn|6\n|inactive|Rtx_sebas has 30 seconds left.\n|inactive|Rtx_sebas has 20 seconds left.\n|inactive|Rtx_sebas has 15 seconds left.\n|\n|t:|1776561172\n|detailschange|p2a: Charizard|Charizard-Mega-Y, L50, M\n|-mega|p2a: Charizard|Charizard|Charizardite Y\n|-weather|SunnyDay|[from] ability: Drought|[of] p2a: Charizard\n|move|p2a: Charizard|Heat Wave|p1b: Sneasler|[spread] p1a,p1b\n|-resisted|p1a: Garchomp|1\n|-crit|p1a: Garchomp\n|-damage|p1a: Garchomp|47/100\n|-damage|p1b: Sneasler|4/100\n|move|p2b: Whimsicott|Moonblast|p1a: Garchomp\n|-supereffective|p1a: Garchomp|1\n|-damage|p1a: Garchomp|0 fnt\n|faint|p1a: Garchomp\n|move|p1b: Sneasler|Dire Claw|p2b: Whimsicott\n|-supereffective|p2b: Whimsicott|2\n|-damage|p2b: Whimsicott|0 fnt\n|faint|p2b: Whimsicott\n|\n|-weather|SunnyDay|[upkeep]\n|upkeep\n|\n|t:|1776561192\n|switch|p2b: Sneasler|Sneasler, L50, M|89/100 brn\n|switch|p1a: Charizard|Charizard, L50, M|100/100\n|turn|7\n|\n|t:|1776561198\n|move|p1b: Sneasler|Protect|p1b: Sneasler\n|-singleturn|p1b: Sneasler|Protect\n|move|p1a: Charizard|Protect|p1a: Charizard\n|-singleturn|p1a: Charizard|Protect\n|move|p2b: Sneasler|Rock Tomb|p1a: Charizard\n|-activate|p1a: Charizard|move: Protect\n|move|p2a: Charizard|Heat Wave|p1b: Sneasler|[spread] \n|-activate|p1a: Charizard|move: Protect\n|-activate|p1b: Sneasler|move: Protect\n|\n|-weather|SunnyDay|[upkeep]\n|-damage|p2b: Sneasler|83/100 brn|[from] brn\n|upkeep\n|turn|8\n|inactive|Rtx_sebas has 30 seconds left.\n|\n|t:|1776561228\n|detailschange|p1a: Charizard|Charizard-Mega-Y, L50, M\n|-mega|p1a: Charizard|Charizard|Charizardite Y\n|move|p1b: Sneasler|Protect||[still]\n|-fail|p1b: Sneasler\n|move|p2b: Sneasler|Rock Tomb|p1a: Charizard\n|-supereffective|p1a: Charizard|2\n|-damage|p1a: Charizard|50/100\n|-unboost|p1a: Charizard|spe|1\n|move|p2a: Charizard|Heat Wave|p1b: Sneasler|[spread] p1a\n|-miss|p2a: Charizard|p1b: Sneasler\n|-resisted|p1a: Charizard|1\n|-damage|p1a: Charizard|19/100\n|move|p1a: Charizard|Heat Wave|p2a: Charizard|[spread] p2a,p2b\n|-resisted|p2a: Charizard|1\n|-crit|p2a: Charizard\n|-damage|p2a: Charizard|51/100\n|-damage|p2b: Sneasler|0 fnt\n|faint|p2b: Sneasler\n|\n|-weather|SunnyDay|[upkeep]\n|-sideend|p2: swimihq|move: Tailwind\n|upkeep\n|turn|9\n|inactive|Rtx_sebas has 30 seconds left.\n|\n|t:|1776561255\n|move|p1a: Charizard|Protect|p1a: Charizard\n|-singleturn|p1a: Charizard|Protect\n|move|p1b: Sneasler|Dire Claw|p2a: Charizard\n|-damage|p2a: Charizard|0 fnt\n|faint|p2a: Charizard\n|\n|win|Rtx_sebas\n|raw|Rtx_sebas's rating: 1216 &rarr; <strong>1236</strong><br />(+20 for winning)\n|raw|swimihq's rating: 1147 &rarr; <strong>1127</strong><br />(-20 for losing)\n|l|\u2606swimihq\n|player|p2|\n",
  "uploadtime": 1776561268,
  "views": 13,
  "formatid": "gen9championsvgc2026regma",
  "rating": 1127,
  "private": 0,
  "password": null
}