{
  "id": "gen9championsvgc2026regma-2586121827",
  "format": "[Gen 9 Champions] VGC 2026 Reg M-A",
  "players": [
    "gogogogogogoj",
    "wrld4ky"
  ],
  "log": "|j|\u2606gogogogogogoj\n|j|\u2606wrld4ky\n|t:|1776401612\n|gametype|doubles\n|player|p1|gogogogogogoj|266|1136\n|player|p2|wrld4ky|boarder|1061\n|gen|9\n|tier|[Gen 9 Champions] VGC 2026 Reg M-A\n|rated|\n|rule|Species Clause: Limit one of each Pok\u00e9mon\n|rule|Item Clause: Limit 1 of each item\n|clearpoke\n|poke|p1|Orthworm, L50, M|\n|poke|p1|Garchomp, L50, F|\n|poke|p1|Incineroar, L50, M|\n|poke|p1|Tyranitar, L50, M|\n|poke|p1|Zoroark-Hisui, L50, M|\n|poke|p1|Whimsicott, L50, M|\n|poke|p2|Primarina, L50, F|\n|poke|p2|Aerodactyl, L50, M|\n|poke|p2|Sinistcha, L50|\n|poke|p2|Altaria, L50, F|\n|poke|p2|Sneasler, L50, F|\n|poke|p2|Scovillain, L50, M|\n|teampreview|4\n|inactive|Battle timer is ON: inactive players will automatically lose when time's up. (requested by wrld4ky)\nwrld4ky has agreed to open team sheets.\ngogogogogogoj has agreed to open team sheets.\n|showteam|p1|Orthworm||Leftovers|EarthEater|BodyPress,IronDefense,HeavySlam,Protect|||M|||50|]Garchomp||RoseliBerry|RoughSkin|Earthquake,Protect,DragonTail,RockSlide|||F|||50|]Incineroar||SitrusBerry|Intimidate|FlareBlitz,FakeOut,DarkestLariat,PartingShot|||M|||50|]Tyranitar||Tyranitarite|SandStream|KnockOff,RockSlide,LowKick,Protect|||M|||50|]Zoroark-Hisui||SpellTag|Illusion|Psychic,ShadowBall,DarkPulse,Protect|||M|||50|]Whimsicott||FocusSash|Prankster|Tailwind,Encore,Moonblast,Protect|||M|||50|\n|showteam|p2|Primarina||SitrusBerry|LiquidVoice|HyperVoice,Moonblast,IceBeam,Protect|||F|||50|]Aerodactyl||FocusSash|Unnerve|RockSlide,DualWingbeat,WideGuard,Tailwind|||M|||50|]Sinistcha||Leftovers|Hospitality|MatchaGotcha,LifeDew,RagePowder,TrickRoom||||||50|]Altaria||Altarianite|CloudNine|HyperVoice,DoubleEdge,Earthquake,DragonDance|||F|||50|]Sneasler||WhiteHerb|Unburden|FakeOut,DireClaw,CloseCombat,Coaching|||F|||50|]Scovillain||Scovillainite|Moody|Flamethrower,LeechSeed,RagePowder,Protect|||M|||50|\n|inactive|wrld4ky has 60 seconds left.\n|inactive|wrld4ky has 30 seconds left.\n|inactive|wrld4ky has 20 seconds left.\n|inactive|wrld4ky has 15 seconds left.\n|inactive|wrld4ky has 10 seconds left.\n|inactive|wrld4ky has 5 seconds left.\n|\n|t:|1776401707\n|teamsize|p1|4\n|teamsize|p2|4\n|start\n|switch|p1a: Whimsicott|Whimsicott, L50, M|100/100\n|switch|p1b: Incineroar|Incineroar, L50, M|100/100\n|switch|p2a: Sneasler|Sneasler, L50, F, shiny|100/100\n|switch|p2b: Primarina|Primarina, L50, F, shiny|100/100\n|-ability|p1b: Incineroar|Intimidate|boost\n|-unboost|p2a: Sneasler|atk|1\n|-unboost|p2b: Primarina|atk|1\n|-enditem|p2a: Sneasler|White Herb\n|-clearnegativeboost|p2a: Sneasler|[silent]\n|turn|1\n|\n|t:|1776401727\n|move|p2a: Sneasler|Fake Out|p1a: Whimsicott\n|-immune|p1a: Whimsicott\n|move|p1b: Incineroar|Fake Out|p2b: Primarina\n|-damage|p2b: Primarina|88/100\n|move|p1a: Whimsicott|Psychic|p2a: Sneasler\n|-supereffective|p2a: Sneasler|2\n|-damage|p2a: Sneasler|0 fnt\n|faint|p2a: Sneasler\n|cant|p2b: Primarina|flinch\n|\n|upkeep\n|inactive|wrld4ky has 30 seconds left.\n|\n|t:|1776401760\n|switch|p2a: Altaria|Altaria, L50, F, shiny|100/100\n|-ability|p2a: Altaria|Cloud Nine\n|turn|2\n|\n|t:|1776401778\n|detailschange|p2a: Altaria|Altaria-Mega, L50, F, shiny\n|-mega|p2a: Altaria|Altaria|Altarianite\n|move|p2b: Primarina|Protect|p2b: Primarina\n|-singleturn|p2b: Primarina|Protect\n|move|p1a: Whimsicott|Shadow Ball|p2b: Primarina\n|-activate|p2b: Primarina|move: Protect\n|move|p2a: Altaria|Dragon Dance|p2a: Altaria\n|-boost|p2a: Altaria|atk|1\n|-boost|p2a: Altaria|spe|1\n|move|p1b: Incineroar|Parting Shot|p2a: Altaria\n|-unboost|p2a: Altaria|atk|1\n|-unboost|p2a: Altaria|spa|1\n|\n|t:|1776401799\n|switch|p1b: Whimsicott|Whimsicott, L50, M|100/100|[from] Parting Shot\n|\n|upkeep\n|turn|3\n|inactive|wrld4ky has 30 seconds left.\n|inactive|wrld4ky has 20 seconds left.\n|\n|t:|1776401839\n|move|p1b: Whimsicott|Encore|p2a: Altaria\n|-start|p2a: Altaria|Encore\n|move|p2a: Altaria|Dragon Dance|p2a: Altaria\n|-boost|p2a: Altaria|atk|1\n|-boost|p2a: Altaria|spe|1\n|move|p1a: Whimsicott|Shadow Ball|p2b: Primarina\n|-damage|p2b: Primarina|41/100\n|-enditem|p2b: Primarina|Sitrus Berry|[eat]\n|-heal|p2b: Primarina|66/100|[from] item: Sitrus Berry\n|move|p2b: Primarina|Hyper Voice|p1b: Whimsicott|[spread] p1a,p1b\n|-resisted|p1b: Whimsicott|1\n|-damage|p1a: Whimsicott|19/100\n|-damage|p1b: Whimsicott|77/100\n|replace|p1a: Zoroark|Zoroark-Hisui, L50, M\n|-end|p1a: Zoroark|Illusion\n|\n|upkeep\n|turn|4\n|inactive|gogogogogogoj has 30 seconds left.\n|inactive|wrld4ky has 30 seconds left.\n|\n|t:|1776401870\n|move|p1b: Whimsicott|Tailwind|p1b: Whimsicott\n|-sidestart|p1: gogogogogogoj|move: Tailwind\n|move|p1a: Zoroark|Shadow Ball|p2b: Primarina\n|-damage|p2b: Primarina|22/100\n|move|p2a: Altaria|Dragon Dance|p2a: Altaria\n|-boost|p2a: Altaria|atk|1\n|-boost|p2a: Altaria|spe|1\n|move|p2b: Primarina|Ice Beam|p1b: Whimsicott\n|-supereffective|p1b: Whimsicott|1\n|-damage|p1b: Whimsicott|0 fnt\n|faint|p1b: Whimsicott\n|\n|upkeep\n|\n|t:|1776401882\n|switch|p1b: Garchomp|Garchomp, L50, F|100/100\n|turn|5\n|\n|t:|1776401907\n|move|p2a: Altaria|Dragon Dance|p2a: Altaria\n|-boost|p2a: Altaria|atk|1\n|-boost|p2a: Altaria|spe|1\n|move|p1a: Zoroark|Shadow Ball|p2b: Primarina\n|-damage|p2b: Primarina|0 fnt\n|faint|p2b: Primarina\n|move|p1b: Garchomp|Dragon Tail|p2a: Altaria\n|-immune|p2a: Altaria\n|\n|-end|p2a: Altaria|Encore\n|upkeep\n|\n|t:|1776401920\n|switch|p2b: Sinistcha|Sinistcha, L50, shiny|100/100\n|turn|6\n|\n|t:|1776401935\n|move|p2b: Sinistcha|Rage Powder|p2b: Sinistcha\n|-singleturn|p2b: Sinistcha|move: Rage Powder\n|move|p2a: Altaria|Hyper Voice|p1b: Garchomp|[spread] p1a,p1b\n|-supereffective|p1b: Garchomp|1\n|-enditem|p1b: Garchomp|Roseli Berry|[eat]\n|-enditem|p1b: Garchomp|Roseli Berry|[weaken]\n|-damage|p1a: Zoroark|0 fnt\n|-damage|p1b: Garchomp|77/100\n|faint|p1a: Zoroark\n|move|p1b: Garchomp|Rock Slide|p2b: Sinistcha|[spread] p2a\n|-miss|p1b: Garchomp|p2b: Sinistcha\n|-damage|p2a: Altaria|75/100\n|\n|upkeep\n|\n|t:|1776401946\n|switch|p1a: Incineroar|Incineroar, L50, M|100/100\n|-ability|p1a: Incineroar|Intimidate|boost\n|-unboost|p2a: Altaria|atk|1\n|-unboost|p2b: Sinistcha|atk|1\n|turn|7\n|inactive|wrld4ky has 30 seconds left.\n|inactive|wrld4ky has 20 seconds left.\n|inactive|wrld4ky has 15 seconds left.\n|inactive|wrld4ky has 10 seconds left.\n|inactive|wrld4ky has 5 seconds left.\n|\n|t:|1776402001\n|move|p2a: Altaria|Hyper Voice|p1b: Garchomp|[spread] p1a,p1b\n|-supereffective|p1b: Garchomp|1\n|-damage|p1a: Incineroar|84/100\n|-damage|p1b: Garchomp|33/100\n|move|p1b: Garchomp|Rock Slide|p2a: Altaria|[spread] p2a,p2b\n|-damage|p2a: Altaria|52/100\n|-damage|p2b: Sinistcha|87/100\n|move|p1a: Incineroar|Flare Blitz|p2b: Sinistcha\n|-supereffective|p2b: Sinistcha|1\n|-damage|p2b: Sinistcha|11/100\n|-damage|p1a: Incineroar|62/100|[from] Recoil\n|move|p2b: Sinistcha|Life Dew|p2b: Sinistcha|[spread] p2a,p2b\n|-heal|p2a: Altaria|77/100\n|-heal|p2b: Sinistcha|36/100\n|\n|-heal|p2b: Sinistcha|42/100|[from] item: Leftovers\n|-sideend|p1: gogogogogogoj|move: Tailwind\n|upkeep\n|turn|8\n|\n|t:|1776402022\n|move|p1b: Garchomp|Protect|p1b: Garchomp\n|-singleturn|p1b: Garchomp|Protect\n|move|p2a: Altaria|Earthquake|p1a: Incineroar|[spread] p2b,p1a\n|-activate|p1b: Garchomp|move: Protect\n|-resisted|p2b: Sinistcha|1\n|-supereffective|p1a: Incineroar|1\n|-damage|p2b: Sinistcha|24/100\n|-damage|p1a: Incineroar|0 fnt\n|faint|p1a: Incineroar\n|move|p2b: Sinistcha|Life Dew|p2b: Sinistcha|[spread] p2a,p2b\n|-heal|p2a: Altaria|100/100\n|-heal|p2b: Sinistcha|49/100\n|\n|-heal|p2b: Sinistcha|56/100|[from] item: Leftovers\n|upkeep\n|turn|9\n|c|\u2606gogogogogogoj|gg\n|\n|t:|1776402043\n|move|p2b: Sinistcha|Rage Powder|p2b: Sinistcha\n|-singleturn|p2b: Sinistcha|move: Rage Powder\n|move|p2a: Altaria|Double-Edge|p1b: Garchomp\n|-supereffective|p1b: Garchomp|1\n|-damage|p1b: Garchomp|0 fnt\n|-damage|p2a: Altaria|88/100|[from] ability: Rough Skin|[of] p1b: Garchomp\n|faint|p1b: Garchomp\n|-damage|p2a: Altaria|75/100|[from] Recoil\n|\n|win|wrld4ky\n|raw|gogogogogogoj's rating: 1136 &rarr; <strong>1106</strong><br />(-30 for losing)\n|raw|wrld4ky's rating: 1061 &rarr; <strong>1098</strong><br />(+37 for winning)\n|c|\u2606wrld4ky|Gg\n|l|\u2606gogogogogogoj\n|player|p1|\n",
  "uploadtime": 1776402053,
  "views": 15,
  "formatid": "gen9championsvgc2026regma",
  "rating": 1098,
  "private": 0,
  "password": null
}