{
  "id": "gen9championsvgc2026regma-2583866509",
  "format": "[Gen 9 Champions] VGC 2026 Reg M-A",
  "players": [
    "rizzlerrrrrr",
    "tobardopolis"
  ],
  "log": "|j|\u2606rizzlerrrrrr\n|j|\u2606tobardopolis\n|t:|1776203871\n|gametype|doubles\n|player|p1|rizzlerrrrrr|266|1125\n|player|p2|tobardopolis|cyrus|1134\n|gen|9\n|tier|[Gen 9 Champions] VGC 2026 Reg M-A\n|rated|\n|rule|Species Clause: Limit one of each Pok\u00e9mon\n|rule|Item Clause: Limit 1 of each item\n|clearpoke\n|poke|p1|Farigiraf, L50, M|\n|poke|p1|Torkoal, L50, M|\n|poke|p1|Venusaur, L50, M|\n|poke|p1|Sneasler, L50, F|\n|poke|p1|Incineroar, L50, F|\n|poke|p1|Crabominable, L50, F|\n|poke|p2|Pelipper, L50, M|\n|poke|p2|Archaludon, L50, F|\n|poke|p2|Dragonite, L50, M|\n|poke|p2|Sinistcha-Masterpiece, L50|\n|poke|p2|Sneasler, L50, F|\n|poke|p2|Basculegion, L50, M|\n|teampreview|4\n|inactive|Battle timer is ON: inactive players will automatically lose when time's up. (requested by rizzlerrrrrr)\n|inactive|rizzlerrrrrr has 60 seconds left.\n|inactive|tobardopolis has 60 seconds left.\n|\n|t:|1776203915\n|teamsize|p1|4\n|teamsize|p2|4\n|start\n|switch|p1a: Farigiraf|Farigiraf, L50, M|100/100\n|switch|p1b: Crabominable|Crabominable, L50, F|100/100\n|switch|p2a: Pelipper|Pelipper, L50, M|100/100\n|switch|p2b: Sneasler|Sneasler, L50, F|100/100\n|-weather|RainDance|[from] ability: Drizzle|[of] p2a: Pelipper\n|turn|1\n|inactive|tobardopolis has 30 seconds left.\n|\n|t:|1776203948\n|move|p1b: Crabominable|Protect|p1b: Crabominable\n|-singleturn|p1b: Crabominable|Protect\n|move|p2b: Sneasler|Fake Out||[still]\n|cant|p1a: Farigiraf|ability: Armor Tail|Fake Out|[of] p2b: Sneasler\n|move|p2a: Pelipper|Weather Ball|p1b: Crabominable\n|-activate|p1b: Crabominable|move: Protect\n|move|p1a: Farigiraf|Trick Room|p1a: Farigiraf\n|-fieldstart|move: Trick Room|[of] p1a: Farigiraf\n|\n|-weather|RainDance|[upkeep]\n|upkeep\n|turn|2\n|\n|t:|1776203966\n|detailschange|p1b: Crabominable|Crabominable-Mega, L50, F\n|-mega|p1b: Crabominable|Crabominable|Crabominite\n|move|p1b: Crabominable|Thunder Punch|p2a: Pelipper\n|-supereffective|p2a: Pelipper|2\n|-enditem|p2a: Pelipper|Focus Sash\n|-damage|p2a: Pelipper|1/100\n|-status|p2a: Pelipper|par\n|move|p2a: Pelipper|Hurricane|p1a: Farigiraf\n|-damage|p1a: Farigiraf|50/100\n|move|p1a: Farigiraf|Psychic|p2b: Sneasler\n|-supereffective|p2b: Sneasler|2\n|-damage|p2b: Sneasler|0 fnt\n|faint|p2b: Sneasler\n|\n|-weather|RainDance|[upkeep]\n|upkeep\n|\n|t:|1776203983\n|switch|p2b: Basculegion|Basculegion, L50, M|100/100\n|turn|3\n|\n|t:|1776204003\n|move|p1b: Crabominable|Thunder Punch|p2b: Basculegion\n|-supereffective|p2b: Basculegion|1\n|-damage|p2b: Basculegion|4/100\n|move|p2a: Pelipper|Tailwind|p2a: Pelipper\n|-sidestart|p2: tobardopolis|move: Tailwind\n|move|p1a: Farigiraf|Hyper Voice|p2a: Pelipper|[spread] p2a\n|-immune|p2b: Basculegion\n|-damage|p2a: Pelipper|0 fnt\n|faint|p2a: Pelipper\n|move|p2b: Basculegion|Last Respects|p1a: Farigiraf\n|-immune|p1a: Farigiraf\n|\n|-weather|RainDance|[upkeep]\n|upkeep\n|\n|t:|1776204018\n|switch|p2a: Sinistcha|Sinistcha-Masterpiece, L50|100/100\n|-heal|p2b: Basculegion|29/100|[from] ability: Hospitality|[of] p2a: Sinistcha\n|turn|4\n|\n|t:|1776204034\n|switch|p1a: Incineroar|Incineroar, L50, F|100/100\n|-ability|p1a: Incineroar|Intimidate|boost\n|-unboost|p2a: Sinistcha|atk|1\n|-unboost|p2b: Basculegion|atk|1\n|move|p1b: Crabominable|Ice Spinner|p2a: Sinistcha\n|-supereffective|p2a: Sinistcha|1\n|-crit|p2a: Sinistcha\n|-damage|p2a: Sinistcha|0 fnt\n|faint|p2a: Sinistcha\n|move|p2b: Basculegion|Wave Crash|p1b: Crabominable\n|-damage|p1b: Crabominable|49/100\n|-damage|p2b: Basculegion|11/100|[from] Recoil\n|\n|-weather|RainDance|[upkeep]\n|upkeep\n|turn|5\n|\n|t:|1776204058\n|move|p1b: Crabominable|Thunder Punch|p2b: Basculegion\n|-supereffective|p2b: Basculegion|1\n|-damage|p2b: Basculegion|0 fnt\n|faint|p2b: Basculegion\n|\n|win|rizzlerrrrrr\n|raw|rizzlerrrrrr's rating: 1125 &rarr; <strong>1151</strong><br />(+26 for winning)\n|raw|tobardopolis's rating: 1134 &rarr; <strong>1108</strong><br />(-26 for losing)\n",
  "uploadtime": 1776204067,
  "views": 39,
  "formatid": "gen9championsvgc2026regma",
  "rating": 1108,
  "private": 0,
  "password": null
}