{
  "id": "gen9championsvgc2026regma-2585493565",
  "format": "[Gen 9 Champions] VGC 2026 Reg M-A",
  "players": [
    "PiccoloStrufen",
    "I am Gojo Satoru"
  ],
  "log": "|j|\u2606PiccoloStrufen\n|j|\u2606I am Gojo Satoru\n|t:|1776351269\n|gametype|doubles\n|player|p1|PiccoloStrufen|101|1000\n|player|p2|I am Gojo Satoru|1|1056\n|gen|9\n|tier|[Gen 9 Champions] VGC 2026 Reg M-A\n|rated|\n|rule|Species Clause: Limit one of each Pok\u00e9mon\n|rule|Item Clause: Limit 1 of each item\n|clearpoke\n|poke|p1|Gardevoir, L50, F|\n|poke|p1|Incineroar, L50, F|\n|poke|p1|Dragapult, L50, F|\n|poke|p1|Scizor, L50, M|\n|poke|p1|Pelipper, L50, M|\n|poke|p1|Sinistcha, L50|\n|poke|p2|Pelipper, L50, M|\n|poke|p2|Dragonite, L50, M|\n|poke|p2|Archaludon, L50, M|\n|poke|p2|Basculegion, L50, M|\n|poke|p2|Rotom-Heat, L50|\n|poke|p2|Sneasler, L50, F|\n|teampreview|4\n|\n|t:|1776351306\n|teamsize|p1|4\n|teamsize|p2|4\n|start\n|switch|p1a: Sinistcha|Sinistcha, L50|100/100\n|switch|p1b: Scizor|Scizor, L50, M|100/100\n|switch|p2a: Pelipper|Pelipper, L50, M|100/100\n|switch|p2b: Basculegion|Basculegion, L50, M|100/100\n|-weather|RainDance|[from] ability: Drizzle|[of] p2a: Pelipper\n|turn|1\n|inactive|Battle timer is ON: inactive players will automatically lose when time's up. (requested by PiccoloStrufen)\n|\n|t:|1776351333\n|detailschange|p1b: Scizor|Scizor-Mega, L50, M\n|-mega|p1b: Scizor|Scizor|Scizorite\n|move|p1a: Sinistcha|Protect|p1a: Sinistcha\n|-singleturn|p1a: Sinistcha|Protect\n|move|p2b: Basculegion|Flip Turn|p1a: Sinistcha\n|-activate|p1a: Sinistcha|move: Protect\n|move|p2a: Pelipper|Hurricane|p1a: Sinistcha\n|-activate|p1a: Sinistcha|move: Protect\n|move|p1b: Scizor|U-turn|p2b: Basculegion\n|-resisted|p2b: Basculegion|1\n|-damage|p2b: Basculegion|75/100\n|\n|t:|1776351347\n|switch|p1b: Dragapult|Dragapult, L50, F|100/100|[from] U-turn\n|\n|-weather|RainDance|[upkeep]\n|upkeep\n|turn|2\n|\n|t:|1776351369\n|move|p2b: Basculegion|Flip Turn|p1a: Sinistcha\n|-resisted|p1a: Sinistcha|1\n|-damage|p1a: Sinistcha|80/100\n|\n|t:|1776351373\n|switch|p2b: Archaludon|Archaludon, L50, M|100/100|[from] Flip Turn\n|move|p1b: Dragapult|Dragon Darts|p2a: Pelipper\n|-damage|p2a: Pelipper|67/100\n|-anim|p1b: Dragapult|Dragon Darts|p2b: Archaludon\n|-damage|p2b: Archaludon|81/100\n|-ability|p2b: Archaludon|Stamina|boost\n|-boost|p2b: Archaludon|def|1\n|move|p2a: Pelipper|Hurricane|p1a: Sinistcha\n|-supereffective|p1a: Sinistcha|1\n|-damage|p1a: Sinistcha|0 fnt\n|faint|p1a: Sinistcha\n|\n|-weather|RainDance|[upkeep]\n|-heal|p2b: Archaludon|87/100|[from] item: Leftovers\n|upkeep\n|\n|t:|1776351387\n|switch|p1a: Incineroar|Incineroar, L50, F|100/100\n|-ability|p1a: Incineroar|Intimidate|boost\n|-unboost|p2a: Pelipper|atk|1\n|-unboost|p2b: Archaludon|atk|1\n|turn|3\n|\n|t:|1776351397\n|move|p2a: Pelipper|Protect|p2a: Pelipper\n|-singleturn|p2a: Pelipper|Protect\n|move|p1a: Incineroar|Fake Out|p2b: Archaludon\n|-resisted|p2b: Archaludon|1\n|-damage|p2b: Archaludon|84/100\n|-ability|p2b: Archaludon|Stamina|boost\n|-boost|p2b: Archaludon|def|1\n|move|p1b: Dragapult|Dragon Darts|p2b: Archaludon\n|-damage|p2b: Archaludon|75/100\n|-ability|p2b: Archaludon|Stamina|boost\n|-boost|p2b: Archaludon|def|1\n|-anim|p1b: Dragapult|Dragon Darts|p2b: Archaludon\n|-damage|p2b: Archaludon|66/100\n|-ability|p2b: Archaludon|Stamina|boost\n|-boost|p2b: Archaludon|def|1\n|cant|p2b: Archaludon|flinch\n|\n|-weather|RainDance|[upkeep]\n|-heal|p2b: Archaludon|72/100|[from] item: Leftovers\n|upkeep\n|turn|4\n|\n|t:|1776351419\n|move|p1b: Dragapult|Will-O-Wisp|p2b: Archaludon\n|-status|p2b: Archaludon|brn\n|move|p2a: Pelipper|Tailwind|p2a: Pelipper\n|-sidestart|p2: I am Gojo Satoru|move: Tailwind\n|move|p2b: Archaludon|Electro Shot||[still]\n|-prepare|p2b: Archaludon|Electro Shot\n|-boost|p2b: Archaludon|spa|1\n|-anim|p2b: Archaludon|Electro Shot|p1a: Incineroar\n|-damage|p1a: Incineroar|36/100\n|-enditem|p1a: Incineroar|Sitrus Berry|[eat]\n|-heal|p1a: Incineroar|61/100|[from] item: Sitrus Berry\n|move|p1a: Incineroar|Parting Shot|p2b: Archaludon\n|-unboost|p2b: Archaludon|atk|1\n|-unboost|p2b: Archaludon|spa|1\n|\n|t:|1776351433\n|switch|p1a: Scizor|Scizor-Mega, L50, M|100/100|[from] Parting Shot\n|\n|-weather|RainDance|[upkeep]\n|-heal|p2b: Archaludon|78/100 brn|[from] item: Leftovers\n|-damage|p2b: Archaludon|72/100 brn|[from] brn\n|upkeep\n|turn|5\n|\n|t:|1776351455\n|move|p1a: Scizor|Protect|p1a: Scizor\n|-singleturn|p1a: Scizor|Protect\n|move|p2a: Pelipper|Hurricane|p1a: Scizor\n|-activate|p1a: Scizor|move: Protect\n|move|p1b: Dragapult|Phantom Force||[still]\n|-prepare|p1b: Dragapult|Phantom Force\n|move|p2b: Archaludon|Electro Shot||[still]\n|-prepare|p2b: Archaludon|Electro Shot\n|-boost|p2b: Archaludon|spa|1\n|-anim|p2b: Archaludon|Electro Shot|p1a: Scizor\n|-activate|p1a: Scizor|move: Protect\n|\n|-weather|none\n|-heal|p2b: Archaludon|78/100 brn|[from] item: Leftovers\n|-damage|p2b: Archaludon|72/100 brn|[from] brn\n|upkeep\n|turn|6\n|inactive|PiccoloStrufen has 30 seconds left.\n|\n|t:|1776351484\n|switch|p2a: Basculegion|Basculegion, L50, M|75/100\n|switch|p1a: Incineroar|Incineroar, L50, F|61/100\n|-ability|p1a: Incineroar|Intimidate|boost\n|-unboost|p2a: Basculegion|atk|1\n|-unboost|p2b: Archaludon|atk|1\n|move|p1b: Dragapult|Phantom Force|p2a: Basculegion|[from] lockedmove\n|-supereffective|p2a: Basculegion|1\n|-crit|p2a: Basculegion\n|-damage|p2a: Basculegion|0 fnt\n|faint|p2a: Basculegion\n|move|p2b: Archaludon|Dragon Pulse|p1b: Dragapult\n|-supereffective|p1b: Dragapult|1\n|-crit|p1b: Dragapult\n|-damage|p1b: Dragapult|0 fnt\n|faint|p1b: Dragapult\n|\n|-heal|p2b: Archaludon|78/100 brn|[from] item: Leftovers\n|-damage|p2b: Archaludon|72/100 brn|[from] brn\n|upkeep\n|\n|t:|1776351501\n|switch|p1b: Scizor|Scizor-Mega, L50, M|100/100\n|switch|p2a: Pelipper|Pelipper, L50, M|67/100\n|-weather|RainDance|[from] ability: Drizzle|[of] p2a: Pelipper\n|turn|7\n|\n|t:|1776351521\n|move|p1a: Incineroar|Fake Out|p2b: Archaludon\n|-resisted|p2b: Archaludon|1\n|-damage|p2b: Archaludon|71/100 brn\n|-ability|p2b: Archaludon|Stamina|boost\n|-boost|p2b: Archaludon|def|1\n|move|p2a: Pelipper|Weather Ball|p1a: Incineroar\n|-supereffective|p1a: Incineroar|1\n|-damage|p1a: Incineroar|0 fnt\n|faint|p1a: Incineroar\n|cant|p2b: Archaludon|flinch\n|move|p1b: Scizor|Bug Bite|p2b: Archaludon\n|-resisted|p2b: Archaludon|1\n|-damage|p2b: Archaludon|64/100 brn\n|-ability|p2b: Archaludon|Stamina|boost\n|-boost|p2b: Archaludon|def|1\n|\n|-weather|RainDance|[upkeep]\n|-heal|p2b: Archaludon|71/100 brn|[from] item: Leftovers\n|-damage|p2b: Archaludon|64/100 brn|[from] brn\n|-sideend|p2: I am Gojo Satoru|move: Tailwind\n|upkeep\n|turn|8\n|-message|PiccoloStrufen forfeited.\n|\n|win|I am Gojo Satoru\n|raw|PiccoloStrufen's rating: 1000 &rarr; <strong>1000</strong><br />(+0 for losing)\n|raw|I am Gojo Satoru's rating: 1056 &rarr; <strong>1083</strong><br />(+27 for winning)\n|l|\u2606PiccoloStrufen\n|player|p1|\n",
  "uploadtime": 1776351543,
  "views": 28,
  "formatid": "gen9championsvgc2026regma",
  "rating": 1000,
  "private": 0,
  "password": null
}