{
  "id": "gen9championsvgc2026regma-2586798390",
  "format": "[Gen 9 Champions] VGC 2026 Reg M-A",
  "players": [
    "Tosshii",
    "FinnstheFeen"
  ],
  "log": "|j|\u2606Tosshii\n|j|\u2606FinnstheFeen\n|t:|1776460770\n|gametype|doubles\n|player|p1|Tosshii|proton|1121\n|player|p2|FinnstheFeen|1|1213\n|gen|9\n|tier|[Gen 9 Champions] VGC 2026 Reg M-A\n|rated|\n|rule|Species Clause: Limit one of each Pok\u00e9mon\n|rule|Item Clause: Limit 1 of each item\n|clearpoke\n|poke|p1|Tyranitar, L50, F|\n|poke|p1|Meganium, L50, F|\n|poke|p1|Basculegion, L50, M|\n|poke|p1|Garchomp, L50, M|\n|poke|p1|Sneasler, L50, F|\n|poke|p1|Aerodactyl, L50, F|\n|poke|p2|Incineroar, L50, M|\n|poke|p2|Froslass, L50, F|\n|poke|p2|Garchomp, L50, M|\n|poke|p2|Rotom-Frost, L50|\n|poke|p2|Empoleon, L50, F|\n|poke|p2|Kingambit, L50, M|\n|teampreview|4\n|inactive|Battle timer is ON: inactive players will automatically lose when time's up. (requested by FinnstheFeen)\n|inactive|Tosshii has 60 seconds left.\n|inactive|FinnstheFeen has 60 seconds left.\n|\n|t:|1776460819\n|teamsize|p1|4\n|teamsize|p2|4\n|start\n|switch|p1a: Sneasler|Sneasler, L50, F|100/100\n|switch|p1b: Basculegion|Basculegion, L50, M|100/100\n|switch|p2a: Froslass|Froslass, L50, F|100/100\n|switch|p2b: Rotom|Rotom-Frost, L50|100/100\n|turn|1\n|inactive|Tosshii has 30 seconds left.\n|inactive|FinnstheFeen has 30 seconds left.\n|\n|t:|1776460848\n|move|p2a: Froslass|Protect|p2a: Froslass\n|-singleturn|p2a: Froslass|Protect\n|move|p1a: Sneasler|Fake Out|p2b: Rotom\n|-damage|p2b: Rotom|82/100\n|cant|p2b: Rotom|flinch\n|move|p1b: Basculegion|Flip Turn|p2a: Froslass\n|-activate|p2a: Froslass|move: Protect\n|\n|upkeep\n|turn|2\n|\n|t:|1776460868\n|detailschange|p2a: Froslass|Froslass-Mega, L50, F\n|-mega|p2a: Froslass|Froslass|Froslassite\n|-weather|Snowscape|[from] ability: Snow Warning|[of] p2a: Froslass\n|move|p1a: Sneasler|Protect|p1a: Sneasler\n|-singleturn|p1a: Sneasler|Protect\n|move|p2b: Rotom|Electroweb|p1a: Sneasler|[spread] p1b\n|-activate|p1a: Sneasler|move: Protect\n|-supereffective|p1b: Basculegion|1\n|-damage|p1b: Basculegion|54/100\n|-unboost|p1b: Basculegion|spe|1\n|move|p2a: Froslass|Blizzard|p1b: Basculegion|[spread] p1b\n|-activate|p1a: Sneasler|move: Protect\n|-resisted|p1b: Basculegion|1\n|-damage|p1b: Basculegion|26/100\n|move|p1b: Basculegion|Flip Turn|p2a: Froslass\n|-damage|p2a: Froslass|60/100\n|\n|t:|1776460890\n|switch|p1b: Tyranitar|Tyranitar, L50, F|100/100|[from] Flip Turn\n|-weather|Sandstorm|[from] ability: Sand Stream|[of] p1b: Tyranitar\n|\n|-weather|Sandstorm|[upkeep]\n|-damage|p2b: Rotom|76/100|[from] Sandstorm\n|-damage|p2a: Froslass|54/100|[from] Sandstorm\n|-damage|p1a: Sneasler|95/100|[from] Sandstorm\n|upkeep\n|turn|3\n|\n|t:|1776460908\n|switch|p2a: Incineroar|Incineroar, L50, M|100/100\n|-ability|p2a: Incineroar|Intimidate|boost\n|-unboost|p1a: Sneasler|atk|1\n|-unboost|p1b: Tyranitar|atk|1\n|-enditem|p1a: Sneasler|White Herb\n|-clearnegativeboost|p1a: Sneasler|[silent]\n|move|p1b: Tyranitar|Protect|p1b: Tyranitar\n|-singleturn|p1b: Tyranitar|Protect\n|move|p1a: Sneasler|Close Combat|p2b: Rotom\n|-supereffective|p2b: Rotom|1\n|-damage|p2b: Rotom|0 fnt\n|-unboost|p1a: Sneasler|def|1\n|-unboost|p1a: Sneasler|spd|1\n|faint|p2b: Rotom\n|\n|-weather|Sandstorm|[upkeep]\n|-damage|p1a: Sneasler|89/100|[from] Sandstorm\n|-damage|p2a: Incineroar|95/100|[from] Sandstorm\n|upkeep\n|\n|t:|1776460932\n|switch|p2b: Garchomp|Garchomp, L50, M|100/100\n|turn|4\n|\n|t:|1776460951\n|move|p1a: Sneasler|Protect|p1a: Sneasler\n|-singleturn|p1a: Sneasler|Protect\n|move|p2a: Incineroar|Fake Out|p1a: Sneasler\n|-activate|p1a: Sneasler|move: Protect\n|move|p2b: Garchomp|Earthquake|p1a: Sneasler|[spread] p2a,p1b\n|-activate|p1a: Sneasler|move: Protect\n|-supereffective|p2a: Incineroar|1\n|-supereffective|p1b: Tyranitar|1\n|-crit|p1b: Tyranitar\n|-damage|p2a: Incineroar|20/100\n|-damage|p1b: Tyranitar|3/100\n|-enditem|p2a: Incineroar|Sitrus Berry|[eat]\n|-heal|p2a: Incineroar|45/100|[from] item: Sitrus Berry\n|move|p1b: Tyranitar|Low Kick|p2a: Incineroar\n|-supereffective|p2a: Incineroar|1\n|-damage|p2a: Incineroar|8/100\n|\n|-weather|Sandstorm|[upkeep]\n|-damage|p1a: Sneasler|83/100|[from] Sandstorm\n|-damage|p2a: Incineroar|2/100|[from] Sandstorm\n|upkeep\n|turn|5\n|inactive|Tosshii has 30 seconds left.\n|\n|t:|1776460986\n|move|p1b: Tyranitar|Protect|p1b: Tyranitar\n|-singleturn|p1b: Tyranitar|Protect\n|move|p1a: Sneasler|Close Combat|p2b: Garchomp\n|-damage|p2b: Garchomp|35/100\n|-unboost|p1a: Sneasler|def|1\n|-unboost|p1a: Sneasler|spd|1\n|-damage|p1a: Sneasler|71/100|[from] ability: Rough Skin|[of] p2b: Garchomp\n|move|p2b: Garchomp|Rock Slide|p1a: Sneasler|[spread] p1a\n|-activate|p1b: Tyranitar|move: Protect\n|-resisted|p1a: Sneasler|1\n|-damage|p1a: Sneasler|39/100\n|move|p2a: Incineroar|Flare Blitz|p1a: Sneasler\n|-damage|p1a: Sneasler|0 fnt\n|faint|p1a: Sneasler\n|-damage|p2a: Incineroar|0 fnt|[from] Recoil\n|faint|p2a: Incineroar\n|\n|-weather|Sandstorm|[upkeep]\n|upkeep\n|\n|t:|1776461009\n|switch|p1a: Basculegion|Basculegion, L50, M|26/100\n|switch|p2a: Froslass|Froslass-Mega, L50, F|54/100\n|-weather|Snowscape|[from] ability: Snow Warning|[of] p2a: Froslass\n|turn|6\n|\n|t:|1776461032\n|switch|p1b: Aerodactyl|Aerodactyl, L50, F|100/100\n|-ability|p1b: Aerodactyl|Unnerve\n|move|p2b: Garchomp|Protect|p2b: Garchomp\n|-singleturn|p2b: Garchomp|Protect\n|move|p1a: Basculegion|Aqua Jet|p2b: Garchomp\n|-activate|p2b: Garchomp|move: Protect\n|move|p2a: Froslass|Blizzard|p1b: Aerodactyl|[spread] p1a,p1b\n|-resisted|p1a: Basculegion|1\n|-supereffective|p1b: Aerodactyl|1\n|-damage|p1a: Basculegion|2/100\n|-enditem|p1b: Aerodactyl|Focus Sash\n|-damage|p1b: Aerodactyl|1/100\n|\n|-weather|Snowscape|[upkeep]\n|upkeep\n|turn|7\n|inactive|Tosshii has 30 seconds left.\n|inactive|FinnstheFeen has 30 seconds left.\n|\n|t:|1776461064\n|move|p2a: Froslass|Protect|p2a: Froslass\n|-singleturn|p2a: Froslass|Protect\n|move|p1a: Basculegion|Aqua Jet|p2b: Garchomp\n|-damage|p2b: Garchomp|11/100\n|-damage|p1a: Basculegion|0 fnt|[from] ability: Rough Skin|[of] p2b: Garchomp\n|faint|p1a: Basculegion\n|move|p1b: Aerodactyl|Rock Slide|p2b: Garchomp|[spread] p2b\n|-activate|p2a: Froslass|move: Protect\n|-resisted|p2b: Garchomp|1\n|-damage|p2b: Garchomp|0 fnt\n|faint|p2b: Garchomp\n|\n|-weather|Snowscape|[upkeep]\n|upkeep\n|\n|t:|1776461079\n|switch|p1a: Tyranitar|Tyranitar, L50, F|3/100\n|-weather|Sandstorm|[from] ability: Sand Stream|[of] p1a: Tyranitar\n|turn|8\n|\n|t:|1776461086\n|move|p1b: Aerodactyl|Protect|p1b: Aerodactyl\n|-singleturn|p1b: Aerodactyl|Protect\n|move|p1a: Tyranitar|Protect|p1a: Tyranitar\n|-singleturn|p1a: Tyranitar|Protect\n|move|p2a: Froslass|Blizzard|p1a: Tyranitar|[spread] \n|-activate|p1a: Tyranitar|move: Protect\n|-activate|p1b: Aerodactyl|move: Protect\n|\n|-weather|Sandstorm|[upkeep]\n|-damage|p2a: Froslass|47/100|[from] Sandstorm\n|upkeep\n|turn|9\n|\n|t:|1776461106\n|move|p1b: Aerodactyl|Rock Slide|p2a: Froslass\n|-supereffective|p2a: Froslass|1\n|-damage|p2a: Froslass|0 fnt\n|faint|p2a: Froslass\n|\n|win|Tosshii\n|raw|Tosshii's rating: 1121 &rarr; <strong>1152</strong><br />(+31 for winning)\n|raw|FinnstheFeen's rating: 1213 &rarr; <strong>1182</strong><br />(-31 for losing)\n|l|\u2606FinnstheFeen\n|player|p2|\n",
  "uploadtime": 1776461120,
  "views": 21,
  "formatid": "gen9championsvgc2026regma",
  "rating": 1152,
  "private": 0,
  "password": null
}