{
  "id": "gen9championsvgc2026regma-2589478085",
  "format": "[Gen 9 Champions] VGC 2026 Reg M-A",
  "players": [
    "Venomzito",
    "1500ace"
  ],
  "log": "|j|\u2606Venomzito\n|j|\u26061500ace\n|t:|1776726559\n|gametype|doubles\n|player|p1|Venomzito|benga|1087\n|player|p2|1500ace|265|1077\n|gen|9\n|tier|[Gen 9 Champions] VGC 2026 Reg M-A\n|rated|\n|rule|Species Clause: Limit one of each Pok\u00e9mon\n|rule|Item Clause: Limit 1 of each item\n|clearpoke\n|poke|p1|Lucario, L50, M|\n|poke|p1|Incineroar, L50, M|\n|poke|p1|Garchomp, L50, F|\n|poke|p1|Whimsicott, L50, M|\n|poke|p1|Rotom-Wash, L50|\n|poke|p1|Maushold, L50|\n|poke|p2|Heliolisk, L50, M|\n|poke|p2|Floette-Eternal, L50, F, shiny|\n|poke|p2|Incineroar, L50, F|\n|poke|p2|Sneasler, L50, M|\n|poke|p2|Espathra, L50, F|\n|poke|p2|Aerodactyl, L50, M|\n|teampreview|4\n1500ace has agreed to open team sheets.\n|inactive|Battle timer is ON: inactive players will automatically lose when time's up. (requested by Venomzito)\nVenomzito has agreed to open team sheets.\n|showteam|p1|Lucario||Lucarionite|Justified|FlashCannon,AuraSphere,Protect,Psychic|||M|||50|]Incineroar||SitrusBerry|Intimidate|Snarl,FlareBlitz,FakeOut,PartingShot|||M|||50|]Garchomp||KingsRock|RoughSkin|RockSlide,DragonClaw,Protect,StompingTantrum|||F|||50|]Whimsicott||FocusSash|Prankster|Moonblast,Tailwind,Encore,Protect|||M|||50|]Rotom-Wash||Leftovers|Levitate|Thunderbolt,HydroPump,WillOWisp,Protect||||||50|]Maushold||ChopleBerry|FriendGuard|FollowMe,Protect,SuperFang,Taunt||||||50|\n|showteam|p2|Heliolisk||ScopeLens|DrySkin|Thunder,MorningSun,VoltSwitch,WeatherBall|||M|||50|]Floette-Eternal||Floettite|FlowerVeil|Protect,DrainingKiss,DazzlingGleam,Synthesis|||F|||50|]Incineroar||Leftovers|Intimidate|PartingShot,FakeOut,ThroatChop,WillOWisp|||F|||50|]Sneasler||WhiteHerb|Unburden|CloseCombat,FakeOut,DireClaw,Protect|||M|||50|]Espathra||FocusSash|SpeedBoost|CalmMind,BatonPass,LuminaCrash,Protect|||F|||50|]Aerodactyl||SharpBeak|Unnerve|DualWingbeat,Tailwind,RockSlide,StealthRock|||M|||50|\n|inactive|Venomzito has 60 seconds left.\n|inactive|Venomzito has 30 seconds left.\n|\n|t:|1776726637\n|teamsize|p1|4\n|teamsize|p2|4\n|start\n|switch|p1a: Rotom|Rotom-Wash, L50|100/100\n|switch|p1b: Whimsicott|Whimsicott, L50, M|100/100\n|switch|p2a: Sneasler|Sneasler, L50, M|100/100\n|switch|p2b: Aerodactyl|Aerodactyl, L50, M|100/100\n|-ability|p2b: Aerodactyl|Unnerve\n|turn|1\n|inactive|1500ace has 30 seconds left.\n|inactive|1500ace has 20 seconds left.\n|\n|t:|1776726673\n|move|p1b: Whimsicott|Protect|p1b: Whimsicott\n|-singleturn|p1b: Whimsicott|Protect\n|move|p1a: Rotom|Protect|p1a: Rotom\n|-singleturn|p1a: Rotom|Protect\n|move|p2b: Aerodactyl|Dual Wingbeat|p1b: Whimsicott\n|-activate|p1b: Whimsicott|move: Protect\n|move|p2a: Sneasler|Dire Claw|p1b: Whimsicott\n|-activate|p1b: Whimsicott|move: Protect\n|\n|upkeep\n|turn|2\n|\n|t:|1776726689\n|switch|p1b: Incineroar|Incineroar, L50, M|100/100\n|-ability|p1b: Incineroar|Intimidate|boost\n|-unboost|p2a: Sneasler|atk|1\n|-unboost|p2b: Aerodactyl|atk|1\n|-enditem|p2a: Sneasler|White Herb\n|-clearnegativeboost|p2a: Sneasler|[silent]\n|move|p2a: Sneasler|Dire Claw|p1b: Incineroar\n|-damage|p1b: Incineroar|62/100\n|move|p2b: Aerodactyl|Rock Slide|p1a: Rotom|[spread] p1a,p1b\n|-supereffective|p1b: Incineroar|1\n|-damage|p1a: Rotom|83/100\n|-damage|p1b: Incineroar|32/100\n|move|p1a: Rotom|Will-O-Wisp|p2a: Sneasler\n|-status|p2a: Sneasler|brn\n|\n|-heal|p1a: Rotom|89/100|[from] item: Leftovers\n|-damage|p2a: Sneasler|95/100 brn|[from] brn\n|upkeep\n|turn|3\n|inactive|1500ace has 30 seconds left.\n|\n|t:|1776726716\n|move|p1b: Incineroar|Fake Out|p2a: Sneasler\n|-damage|p2a: Sneasler|76/100 brn\n|cant|p2a: Sneasler|flinch\n|move|p2b: Aerodactyl|Rock Slide|p1a: Rotom|[spread] p1a,p1b\n|-supereffective|p1b: Incineroar|1\n|-damage|p1a: Rotom|72/100\n|-damage|p1b: Incineroar|2/100\n|move|p1a: Rotom|Will-O-Wisp|p2b: Aerodactyl\n|-status|p2b: Aerodactyl|brn\n|\n|-heal|p1a: Rotom|78/100|[from] item: Leftovers\n|-damage|p2a: Sneasler|70/100 brn|[from] brn\n|-damage|p2b: Aerodactyl|95/100 brn|[from] brn\n|upkeep\n|turn|4\n|\n|t:|1776726741\n|switch|p1b: Whimsicott|Whimsicott, L50, M|100/100\n|move|p2a: Sneasler|Close Combat|p1a: Rotom\n|-damage|p1a: Rotom|42/100\n|-unboost|p2a: Sneasler|def|1\n|-unboost|p2a: Sneasler|spd|1\n|move|p2b: Aerodactyl|Stealth Rock|p1b: Whimsicott\n|-sidestart|p1: Venomzito|move: Stealth Rock\n|move|p1a: Rotom|Thunderbolt|p2b: Aerodactyl\n|-supereffective|p2b: Aerodactyl|1\n|-damage|p2b: Aerodactyl|0 fnt\n|faint|p2b: Aerodactyl\n|\n|-heal|p1a: Rotom|48/100|[from] item: Leftovers\n|-damage|p2a: Sneasler|64/100 brn|[from] brn\n|upkeep\n|\n|t:|1776726754\n|switch|p2b: Espathra|Espathra, L50, F|100/100\n|turn|5\n|\n|t:|1776726761\n|move|p1b: Whimsicott|Tailwind|p1b: Whimsicott\n|-sidestart|p1: Venomzito|move: Tailwind\n|move|p2a: Sneasler|Dire Claw|p1b: Whimsicott\n|-supereffective|p1b: Whimsicott|2\n|-enditem|p1b: Whimsicott|Focus Sash\n|-damage|p1b: Whimsicott|1/100\n|move|p1a: Rotom|Thunderbolt|p2b: Espathra\n|-damage|p2b: Espathra|32/100\n|move|p2b: Espathra|Calm Mind|p2b: Espathra\n|-boost|p2b: Espathra|spa|1\n|-boost|p2b: Espathra|spd|1\n|\n|-heal|p1a: Rotom|53/100|[from] item: Leftovers\n|-damage|p2a: Sneasler|58/100 brn|[from] brn\n|-ability|p2b: Espathra|Speed Boost|boost\n|-boost|p2b: Espathra|spe|1\n|upkeep\n|turn|6\n|inactive|1500ace has 30 seconds left.\n|\n|t:|1776726794\n|move|p1b: Whimsicott|Encore|p2b: Espathra\n|-start|p2b: Espathra|Encore\n|move|p2a: Sneasler|Dire Claw|p1b: Whimsicott\n|-supereffective|p1b: Whimsicott|2\n|-damage|p1b: Whimsicott|0 fnt\n|faint|p1b: Whimsicott\n|move|p2b: Espathra|Calm Mind|p2b: Espathra\n|-boost|p2b: Espathra|spa|1\n|-boost|p2b: Espathra|spd|1\n|move|p1a: Rotom|Thunderbolt|p2b: Espathra\n|-damage|p2b: Espathra|0 fnt\n|faint|p2b: Espathra\n|\n|-heal|p1a: Rotom|59/100|[from] item: Leftovers\n|-damage|p2a: Sneasler|53/100 brn|[from] brn\n|upkeep\n|\n|t:|1776726808\n|switch|p2b: Floette|Floette-Eternal, L50, F, shiny|100/100\n|switch|p1b: Lucario|Lucario, L50, M|100/100\n|-damage|p1b: Lucario|98/100|[from] Stealth Rock\n|turn|7\n|\n|t:|1776726823\n|detailschange|p2b: Floette|Floette-Mega, L50, F, shiny\n|-mega|p2b: Floette|Floette|Floettite\n|-ability|p2b: Floette|Fairy Aura\n|move|p1b: Lucario|Protect|p1b: Lucario\n|-singleturn|p1b: Lucario|Protect\n|move|p2b: Floette|Protect|p2b: Floette\n|-singleturn|p2b: Floette|Protect\n|move|p2a: Sneasler|Close Combat|p1b: Lucario\n|-activate|p1b: Lucario|move: Protect\n|move|p1a: Rotom|Hydro Pump|p2a: Sneasler\n|-damage|p2a: Sneasler|0 fnt\n|faint|p2a: Sneasler\n|\n|-heal|p1a: Rotom|65/100|[from] item: Leftovers\n|upkeep\n|turn|8\n|\n|t:|1776726839\n|detailschange|p1b: Lucario|Lucario-Mega, L50, M\n|-mega|p1b: Lucario|Lucario|Lucarionite\n|move|p1b: Lucario|Flash Cannon|p2b: Floette\n|-supereffective|p2b: Floette|1\n|-damage|p2b: Floette|31/100\n|move|p1a: Rotom|Thunderbolt|p2b: Floette\n|-damage|p2b: Floette|0 fnt\n|faint|p2b: Floette\n|\n|win|Venomzito\n|raw|Venomzito's rating: 1060 &rarr; <strong>1093</strong><br />(+33 for winning)\n|raw|1500ace's rating: 1077 &rarr; <strong>1054</strong><br />(-23 for losing)\n|l|\u26061500ace\n|player|p2|\n",
  "uploadtime": 1776726914,
  "views": 11,
  "formatid": "gen9championsvgc2026regma",
  "rating": 1054,
  "private": 0,
  "password": null
}