{
  "id": "gen9championsvgc2026regma-2588350770",
  "format": "[Gen 9 Champions] VGC 2026 Reg M-A",
  "players": [
    "Pever3ll",
    "tikini"
  ],
  "log": "|j|\u2606Pever3ll\n|j|\u2606tikini\n|t:|1776626314\n|gametype|doubles\n|player|p1|Pever3ll|miku-flying|\n|player|p2|tikini|swimmerf-gen4|\n|gen|9\n|tier|[Gen 9 Champions] VGC 2026 Reg M-A\n|rated|Tournament battle\n|rule|Species Clause: Limit one of each Pok\u00e9mon\n|rule|Item Clause: Limit 1 of each item\n|clearpoke\n|poke|p1|Zoroark-Hisui, L50, M|\n|poke|p1|Whimsicott, L50, F|\n|poke|p1|Chandelure, L50, M|\n|poke|p1|Gengar, L50, M|\n|poke|p1|Incineroar, L50, F|\n|poke|p1|Conkeldurr, L50, M|\n|poke|p2|Floette-Eternal, L50, F|\n|poke|p2|Tinkaton, L50, F|\n|poke|p2|Sinistcha-Masterpiece, L50|\n|poke|p2|Incineroar, L50, F|\n|poke|p2|Garchomp, L50, F|\n|poke|p2|Rotom-Wash, L50|\n|teampreview|4\nPever3ll has agreed to open team sheets.\ntikini has agreed to open team sheets.\n|showteam|p1|Zoroark-Hisui||FocusSash|Illusion|BitterMalice,IcyWind,Protect,HyperVoice|||M|||50|]Whimsicott||MentalHerb|Prankster|FakeTears,Tailwind,Moonblast,Encore|||F|||50|]Chandelure||Chandelurite|FlashFire|ShadowBall,HeatWave,Protect,Substitute|||M|||50|]Gengar||Gengarite|CursedBody|Protect,SludgeBomb,ShadowBall,NastyPlot|||M|||50|]Incineroar||SitrusBerry|Intimidate|FlareBlitz,DarkestLariat,PartingShot,FakeOut|||F|||50|]Conkeldurr||BlackBelt|IronFist|DrainPunch,IcePunch,Protect,MachPunch|||M|||50|\n|showteam|p2|Floette-Eternal||Floettite|FlowerVeil|Moonblast,DazzlingGleam,CalmMind,Protect|||F|||50|]Tinkaton||OccaBerry|OwnTempo|GigatonHammer,PlayRough,FakeOut,Encore|||F|||50|]Sinistcha-Masterpiece||Leftovers|Hospitality|MatchaGotcha,Protect,RagePowder,TrickRoom||||||50|]Incineroar||SitrusBerry|Intimidate|FlareBlitz,DarkestLariat,PartingShot,FakeOut|||F|||50|]Garchomp||SoftSand|RoughSkin|StompingTantrum,Earthquake,RockTomb,Protect|||F|||50|]Rotom-Wash||ChoiceScarf|Levitate|VoltSwitch,Electroweb,WillOWisp,HydroPump||||||50|\n|inactive|Battle timer is ON: inactive players will automatically lose when time's up. (requested by tikini)\n|inactive|Pever3ll has 60 seconds left.\n|\n|t:|1776626437\n|teamsize|p1|4\n|teamsize|p2|4\n|start\n|switch|p1a: Gengar|Gengar, L50, M|100/100\n|switch|p1b: Incineroar|Incineroar, L50, F|100/100\n|switch|p2a: Garchomp|Garchomp, L50, F|100/100\n|switch|p2b: Rotom|Rotom-Wash, L50|100/100\n|-ability|p1b: Incineroar|Intimidate|boost\n|-unboost|p2a: Garchomp|atk|1\n|-unboost|p2b: Rotom|atk|1\n|turn|1\n|inactive|Pever3ll has 30 seconds left.\n|inactive|tikini has 30 seconds left.\n|inactive|Pever3ll has 20 seconds left.\n|\n|t:|1776626474\n|switch|p1b: Conkeldurr|Conkeldurr, L50, M|100/100\n|move|p1a: Gengar|Protect|p1a: Gengar\n|-singleturn|p1a: Gengar|Protect\n|move|p2b: Rotom|Electroweb|p1a: Gengar|[spread] p1b\n|-activate|p1a: Gengar|move: Protect\n|-damage|p1b: Conkeldurr|80/100\n|-unboost|p1b: Conkeldurr|spe|1\n|move|p2a: Garchomp|Earthquake|p1b: Conkeldurr|[spread] p1b\n|-activate|p1a: Gengar|move: Protect\n|-immune|p2b: Rotom|[from] ability: Levitate\n|-damage|p1b: Conkeldurr|54/100\n|\n|upkeep\n|turn|2\n|inactive|Pever3ll has 30 seconds left.\n|inactive|tikini has 30 seconds left.\n|inactive|Pever3ll has 20 seconds left.\n|\n|t:|1776626510\n|switch|p1a: Incineroar|Incineroar, L50, F|100/100\n|-ability|p1a: Incineroar|Intimidate|boost\n|-unboost|p2a: Garchomp|atk|1\n|-unboost|p2b: Rotom|atk|1\n|switch|p2a: Incineroar|Incineroar, L50, F|100/100\n|-ability|p2a: Incineroar|Intimidate|boost\n|-unboost|p1a: Incineroar|atk|1\n|-unboost|p1b: Conkeldurr|atk|1\n|move|p2b: Rotom|Electroweb|p1b: Conkeldurr|[spread] p1a,p1b\n|-damage|p1a: Incineroar|82/100\n|-damage|p1b: Conkeldurr|35/100\n|-unboost|p1a: Incineroar|spe|1\n|-unboost|p1b: Conkeldurr|spe|1\n|move|p1b: Conkeldurr|Ice Punch|p2a: Incineroar\n|-resisted|p2a: Incineroar|1\n|-damage|p2a: Incineroar|90/100\n|-status|p2a: Incineroar|frz\n|\n|upkeep\n|turn|3\n|inactive|tikini has 30 seconds left.\n|inactive|tikini has 20 seconds left.\n|inactive|tikini has 15 seconds left.\n|inactive|tikini has 10 seconds left.\n|\n|t:|1776626557\n|move|p2b: Rotom|Electroweb|p1a: Incineroar|[spread] p1a,p1b\n|-damage|p1a: Incineroar|63/100\n|-damage|p1b: Conkeldurr|15/100\n|-unboost|p1a: Incineroar|spe|1\n|-unboost|p1b: Conkeldurr|spe|1\n|-curestatus|p2a: Incineroar|frz|[from] move: Flare Blitz\n|move|p2a: Incineroar|Flare Blitz|p1b: Conkeldurr\n|-damage|p1b: Conkeldurr|0 fnt\n|faint|p1b: Conkeldurr\n|-damage|p2a: Incineroar|85/100|[from] Recoil\n|move|p1a: Incineroar|Parting Shot|p2b: Rotom\n|-unboost|p2b: Rotom|atk|1\n|-unboost|p2b: Rotom|spa|1\n|inactive|Pever3ll has 30 seconds left.\n|inactive|Pever3ll has 20 seconds left.\n|\n|t:|1776626595\n|switch|p1a: Gengar|Gengar, L50, M|100/100|[from] Parting Shot\n|\n|upkeep\n|\n|t:|1776626597\n|switch|p1b: Incineroar|Incineroar, L50, F|63/100\n|-ability|p1b: Incineroar|Intimidate|boost\n|-unboost|p2a: Incineroar|atk|1\n|-unboost|p2b: Rotom|atk|1\n|turn|4\n|inactive|tikini has 30 seconds left.\n|\n|t:|1776626623\n|move|p1b: Incineroar|Fake Out|p2a: Incineroar\n|-crit|p2a: Incineroar\n|-damage|p2a: Incineroar|66/100\n|move|p2b: Rotom|Electroweb|p1a: Gengar|[spread] p1a,p1b\n|-damage|p1a: Gengar|77/100\n|-damage|p1b: Incineroar|51/100\n|-unboost|p1a: Gengar|spe|1\n|-unboost|p1b: Incineroar|spe|1\n|replace|p1a: Zoroark|Zoroark-Hisui, L50, M\n|-end|p1a: Zoroark|Illusion\n|move|p1a: Zoroark|Bitter Malice|p2b: Rotom\n|-damage|p2b: Rotom|53/100\n|-unboost|p2b: Rotom|atk|1\n|cant|p2a: Incineroar|flinch\n|\n|upkeep\n|turn|5\n|inactive|tikini has 30 seconds left.\n|\n|t:|1776626658\n|move|p1a: Zoroark|Protect|p1a: Zoroark\n|-singleturn|p1a: Zoroark|Protect\n|move|p2b: Rotom|Electroweb|p1a: Zoroark|[spread] p1b\n|-activate|p1a: Zoroark|move: Protect\n|-damage|p1b: Incineroar|40/100\n|-unboost|p1b: Incineroar|spe|1\n|-enditem|p1b: Incineroar|Sitrus Berry|[eat]\n|-heal|p1b: Incineroar|65/100|[from] item: Sitrus Berry\n|move|p2a: Incineroar|Parting Shot|p1b: Incineroar\n|-unboost|p1b: Incineroar|atk|1\n|-unboost|p1b: Incineroar|spa|1\n|\n|t:|1776626669\n|switch|p2a: Garchomp|Garchomp, L50, F|100/100|[from] Parting Shot\n|move|p1b: Incineroar|Darkest Lariat|p2b: Rotom\n|-damage|p2b: Rotom|18/100\n|\n|upkeep\n|turn|6\n|\n|t:|1776626679\n|move|p2b: Rotom|Electroweb|p1b: Incineroar|[spread] p1a,p1b\n|-damage|p1a: Zoroark|52/100\n|-damage|p1b: Incineroar|52/100\n|-unboost|p1a: Zoroark|spe|1\n|-unboost|p1b: Incineroar|spe|1\n|move|p2a: Garchomp|Earthquake|p1a: Zoroark|[spread] p1a,p1b\n|-immune|p2b: Rotom|[from] ability: Levitate\n|-supereffective|p1b: Incineroar|1\n|-damage|p1a: Zoroark|0 fnt\n|-damage|p1b: Incineroar|0 fnt\n|faint|p1a: Zoroark\n|faint|p1b: Incineroar\n|\n|upkeep\n|-message|Pever3ll forfeited.\n|\n|win|tikini\n|n|\u2606Pever3ll|pever3ll\n|n|\u2606tikini|tikini\n|l|\u2606Pever3ll\n|player|p1|\n",
  "uploadtime": 1776626692,
  "views": 6,
  "formatid": "gen9championsvgc2026regma",
  "rating": null,
  "private": 0,
  "password": null
}