{
  "id": "gen9championsvgc2026regma-2580529747",
  "format": "[Gen 9 Champions] VGC 2026 Reg M-A",
  "players": [
    "phnhat2247",
    "Gigantropper"
  ],
  "log": "|j|\u2606phnhat2247\n|j|\u2606Gigantropper\n|t:|1775909326\n|gametype|doubles\n|player|p1|phnhat2247|policeman-gen4|1032\n|player|p2|Gigantropper|170|1011\n|gen|9\n|tier|[Gen 9 Champions] VGC 2026 Reg M-A\n|rated|\n|rule|Species Clause: Limit one of each Pok\u00e9mon\n|rule|Item Clause: Limit 1 of each item\n|clearpoke\n|poke|p1|Torkoal, L50, M|\n|poke|p1|Incineroar, L50, M|\n|poke|p1|Serperior, L50, M|\n|poke|p1|Venusaur, L50, M|\n|poke|p1|Whimsicott, L50, M|\n|poke|p1|Arcanine-Hisui, L50, F|\n|poke|p2|Tinkaton, L50, F|\n|poke|p2|Orthworm, L50, M|\n|poke|p2|Garchomp, L50, F|\n|poke|p2|Azumarill, L50, M|\n|poke|p2|Pelipper, L50, F|\n|poke|p2|Starmie, L50|\n|teampreview|4\n|\n|t:|1775909341\n|teamsize|p1|4\n|teamsize|p2|4\n|start\n|switch|p1a: Whimsicott|Whimsicott, L50, M|100/100\n|switch|p1b: Arcanine|Arcanine-Hisui, L50, F|100/100\n|switch|p2a: Tinkaton|Tinkaton, L50, F|100/100\n|switch|p2b: Orthworm|Orthworm, L50, M|100/100\n|turn|1\n|\n|t:|1775909358\n|move|p2a: Tinkaton|Fake Out|p1b: Arcanine\n|-resisted|p1b: Arcanine|1\n|-damage|p1b: Arcanine|95/100\n|move|p1a: Whimsicott|Tailwind|p1a: Whimsicott\n|-sidestart|p1: phnhat2247|move: Tailwind\n|cant|p1b: Arcanine|flinch\n|move|p2b: Orthworm|Shed Tail|p2b: Orthworm\n|-start|p2b: Orthworm|Substitute|[from] move: Shed Tail\n|-damage|p2b: Orthworm|50/100\n|-enditem|p2b: Orthworm|Sitrus Berry|[eat]\n|-heal|p2b: Orthworm|75/100|[from] item: Sitrus Berry\n|\n|t:|1775909376\n|switch|p2b: Starmie|Starmie, L50|100/100|[from] Shed Tail\n|\n|upkeep\n|turn|2\n|inactive|Battle timer is ON: inactive players will automatically lose when time's up. (requested by phnhat2247)\n|\n|t:|1775909395\n|detailschange|p2b: Starmie|Starmie-Mega, L50\n|-mega|p2b: Starmie|Starmie|Starminite\n|move|p1a: Whimsicott|Moonblast|p2b: Starmie\n|-end|p2b: Starmie|Substitute\n|move|p1b: Arcanine|Flare Blitz|p2a: Tinkaton\n|-supereffective|p2a: Tinkaton|1\n|-damage|p2a: Tinkaton|0 fnt\n|faint|p2a: Tinkaton\n|move|p2b: Starmie|Liquidation|p1b: Arcanine\n|-supereffective|p1b: Arcanine|2\n|-damage|p1b: Arcanine|0 fnt\n|faint|p1b: Arcanine\n|\n|upkeep\n|\n|t:|1775909409\n|switch|p1b: Venusaur|Venusaur, L50, M|100/100\n|switch|p2a: Pelipper|Pelipper, L50, F|100/100\n|-weather|RainDance|[from] ability: Drizzle|[of] p2a: Pelipper\n|turn|3\n|\n|t:|1775909422\n|switch|p1a: Torkoal|Torkoal, L50, M|100/100\n|-weather|SunnyDay|[from] ability: Drought|[of] p1a: Torkoal\n|detailschange|p1b: Venusaur|Venusaur-Mega, L50, M\n|-mega|p1b: Venusaur|Venusaur|Venusaurite\n|move|p1b: Venusaur|Giga Drain|p2b: Starmie\n|-supereffective|p2b: Starmie|1\n|-damage|p2b: Starmie|21/100\n|move|p2b: Starmie|Liquidation|p1b: Venusaur\n|-resisted|p1b: Venusaur|1\n|-damage|p1b: Venusaur|85/100\n|move|p2a: Pelipper|Hurricane|p1b: Venusaur\n|-supereffective|p1b: Venusaur|1\n|-damage|p1b: Venusaur|12/100\n|\n|-weather|SunnyDay|[upkeep]\n|upkeep\n|turn|4\n|inactive|phnhat2247 has 30 seconds left.\n|inactive|phnhat2247 has 20 seconds left.\n|\n|t:|1775909457\n|move|p1b: Venusaur|Giga Drain|p2b: Starmie\n|-supereffective|p2b: Starmie|1\n|-damage|p2b: Starmie|0 fnt\n|-heal|p1b: Venusaur|23/100|[from] drain|[of] p2b: Starmie\n|faint|p2b: Starmie\n|move|p2a: Pelipper|Tailwind|p2a: Pelipper\n|-sidestart|p2: Gigantropper|move: Tailwind\n|move|p1a: Torkoal|Eruption|p2a: Pelipper\n|-resisted|p2a: Pelipper|1\n|-damage|p2a: Pelipper|21/100\n|\n|-weather|SunnyDay|[upkeep]\n|-sideend|p1: phnhat2247|move: Tailwind\n|upkeep\n|\n|t:|1775909469\n|switch|p2b: Orthworm|Orthworm, L50, M|75/100\n|turn|5\n|\n|t:|1775909483\n|switch|p1b: Whimsicott|Whimsicott, L50, M|100/100\n|move|p2a: Pelipper|Hurricane|p1b: Whimsicott|[miss]\n|-miss|p2a: Pelipper|p1b: Whimsicott\n|move|p2b: Orthworm|Earthquake|p1a: Torkoal|[spread] p1a,p1b\n|-immune|p2a: Pelipper\n|-supereffective|p1a: Torkoal|1\n|-resisted|p1b: Whimsicott|1\n|-damage|p1a: Torkoal|77/100\n|-damage|p1b: Whimsicott|89/100\n|move|p1a: Torkoal|Eruption|p2a: Pelipper|[spread] p2a,p2b\n|-resisted|p2a: Pelipper|1\n|-supereffective|p2b: Orthworm|1\n|-damage|p2a: Pelipper|0 fnt\n|-damage|p2b: Orthworm|0 fnt\n|faint|p2a: Pelipper\n|faint|p2b: Orthworm\n|\n|win|phnhat2247\n|raw|phnhat2247's rating: 1032 &rarr; <strong>1065</strong><br />(+33 for winning)\n|raw|Gigantropper's rating: 1011 &rarr; <strong>1000</strong><br />(-11 for losing)\n|l|\u2606Gigantropper\n|player|p2|\n",
  "uploadtime": 1775909504,
  "views": 27,
  "formatid": "gen9championsvgc2026regma",
  "rating": 1000,
  "private": 0,
  "password": null
}