{
  "id": "gen9championsvgc2026regma-2580680928",
  "format": "[Gen 9 Champions] VGC 2026 Reg M-A",
  "players": [
    "sadmvldd",
    "GinjaninjaRed"
  ],
  "log": "|j|\u2606sadmvldd\n|j|\u2606GinjaninjaRed\n|t:|1775923797\n|gametype|doubles\n|player|p1|sadmvldd|266|1075\n|player|p2|GinjaninjaRed|red|1004\n|gen|9\n|tier|[Gen 9 Champions] VGC 2026 Reg M-A\n|rated|\n|rule|Species Clause: Limit one of each Pok\u00e9mon\n|rule|Item Clause: Limit 1 of each item\n|clearpoke\n|poke|p1|Scizor, L50, F|\n|poke|p1|Incineroar, L50, M|\n|poke|p1|Sinistcha-Masterpiece, L50|\n|poke|p1|Kommo-o, L50, M|\n|poke|p1|Politoed, L50, M|\n|poke|p1|Basculegion, L50, M|\n|poke|p2|Chesnaught, L50, F|\n|poke|p2|Sinistcha, L50|\n|poke|p2|Gyarados, L50, M|\n|poke|p2|Arcanine-Hisui, L50, M|\n|poke|p2|Pelipper, L50, M|\n|poke|p2|Archaludon, L50, F|\n|teampreview|4\n|inactive|Battle timer is ON: inactive players will automatically lose when time's up. (requested by GinjaninjaRed)\n|\n|t:|1775923833\n|teamsize|p1|4\n|teamsize|p2|4\n|start\n|switch|p1a: Incineroar|Incineroar, L50, M|100/100\n|switch|p1b: Kommo-o|Kommo-o, L50, M|100/100\n|switch|p2a: Chesnaught|Chesnaught, L50, F|100/100\n|switch|p2b: Pelipper|Pelipper, L50, M|100/100\n|-weather|RainDance|[from] ability: Drizzle|[of] p2b: Pelipper\n|-ability|p1a: Incineroar|Intimidate|boost\n|-unboost|p2a: Chesnaught|atk|1\n|-unboost|p2b: Pelipper|atk|1\n|turn|1\n|\n|t:|1775923853\n|detailschange|p2a: Chesnaught|Chesnaught-Mega, L50, F\n|-mega|p2a: Chesnaught|Chesnaught|Chesnaughtite\n|move|p1a: Incineroar|Fake Out|p2b: Pelipper\n|-crit|p2b: Pelipper\n|-damage|p2b: Pelipper|79/100\n|move|p1b: Kommo-o|Clangorous Soul|p1b: Kommo-o\n|-boost|p1b: Kommo-o|atk|1\n|-boost|p1b: Kommo-o|def|1\n|-boost|p1b: Kommo-o|spa|1\n|-boost|p1b: Kommo-o|spd|1\n|-boost|p1b: Kommo-o|spe|1\n|-damage|p1b: Kommo-o|68/100\n|cant|p2b: Pelipper|flinch\n|move|p2a: Chesnaught|Leech Seed|p1b: Kommo-o\n|-start|p1b: Kommo-o|move: Leech Seed\n|\n|-weather|RainDance|[upkeep]\n|-damage|p1b: Kommo-o|56/100|[from] Leech Seed|[of] p2a: Chesnaught\n|upkeep\n|turn|2\n|inactive|GinjaninjaRed has 30 seconds left.\n|\n|t:|1775923883\n|switch|p1a: Sinistcha|Sinistcha-Masterpiece, L50|100/100\n|-heal|p1b: Kommo-o|81/100|[from] ability: Hospitality|[of] p1a: Sinistcha\n|move|p2a: Chesnaught|Spiky Shield|p2a: Chesnaught\n|-singleturn|p2a: Chesnaught|move: Protect\n|move|p1b: Kommo-o|Clanging Scales|p2b: Pelipper|[spread] p2b\n|-activate|p2a: Chesnaught|move: Protect\n|-damage|p2b: Pelipper|0 fnt\n|faint|p2b: Pelipper\n|-unboost|p1b: Kommo-o|def|1\n|\n|-weather|RainDance|[upkeep]\n|-damage|p1b: Kommo-o|69/100|[from] Leech Seed|[of] p2a: Chesnaught\n|upkeep\n|\n|t:|1775923903\n|switch|p2b: Sinistcha|Sinistcha, L50|100/100\n|turn|3\n|\n|t:|1775923916\n|switch|p1a: Incineroar|Incineroar, L50, M|100/100\n|-ability|p1a: Incineroar|Intimidate|boost\n|-unboost|p2a: Chesnaught|atk|1\n|-unboost|p2b: Sinistcha|atk|1\n|move|p1b: Kommo-o|Clanging Scales|p2a: Chesnaught|[spread] p2a,p2b\n|-damage|p2a: Chesnaught|55/100\n|-damage|p2b: Sinistcha|31/100\n|-unboost|p1b: Kommo-o|def|1\n|move|p2b: Sinistcha|Strength Sap|p1b: Kommo-o\n|-unboost|p1b: Kommo-o|atk|1\n|-heal|p2b: Sinistcha|100/100\n|move|p2a: Chesnaught|Body Press|p1b: Kommo-o\n|-damage|p1b: Kommo-o|0 fnt\n|faint|p1b: Kommo-o\n|\n|-weather|RainDance|[upkeep]\n|upkeep\n|\n|t:|1775923933\n|switch|p1b: Basculegion|Basculegion, L50, M|100/100\n|turn|4\n|inactive|GinjaninjaRed has 30 seconds left.\n|\n|t:|1775923963\n|move|p1a: Incineroar|Fake Out|p2a: Chesnaught\n|-damage|p2a: Chesnaught|50/100\n|move|p2b: Sinistcha|Rage Powder|p2b: Sinistcha\n|-singleturn|p2b: Sinistcha|move: Rage Powder\n|move|p1b: Basculegion|Last Respects|p2b: Sinistcha\n|-supereffective|p2b: Sinistcha|1\n|-damage|p2b: Sinistcha|17/100\n|cant|p2a: Chesnaught|flinch\n|\n|-weather|RainDance|[upkeep]\n|-heal|p2b: Sinistcha|24/100|[from] item: Leftovers\n|upkeep\n|turn|5\n|inactive|GinjaninjaRed has 30 seconds left.\n|inactive|GinjaninjaRed has 20 seconds left.\n|\n|t:|1775924000\n|switch|p1b: Sinistcha|Sinistcha-Masterpiece, L50|100/100\n|move|p2a: Chesnaught|Spiky Shield|p2a: Chesnaught\n|-singleturn|p2a: Chesnaught|move: Protect\n|move|p2b: Sinistcha|Strength Sap|p1b: Sinistcha\n|-unboost|p1b: Sinistcha|atk|1\n|-heal|p2b: Sinistcha|64/100\n|move|p1a: Incineroar|Darkest Lariat|p2b: Sinistcha\n|-supereffective|p2b: Sinistcha|1\n|-damage|p2b: Sinistcha|19/100\n|\n|-weather|none\n|-heal|p2b: Sinistcha|25/100|[from] item: Leftovers\n|upkeep\n|turn|6\n|\n|t:|1775924024\n|switch|p2a: Archaludon|Archaludon, L50, F|100/100\n|move|p2b: Sinistcha|Strength Sap|p1a: Incineroar\n|-unboost|p1a: Incineroar|atk|1\n|-heal|p2b: Sinistcha|100/100\n|move|p1b: Sinistcha|Matcha Gotcha|p2b: Sinistcha|[spread] p2a\n|-miss|p1b: Sinistcha|p2b: Sinistcha\n|-resisted|p2a: Archaludon|2\n|-damage|p2a: Archaludon|92/100\n|move|p1a: Incineroar|Flare Blitz|p2a: Archaludon\n|-damage|p2a: Archaludon|65/100\n|-damage|p1a: Incineroar|93/100|[from] Recoil\n|\n|upkeep\n|turn|7\n|inactive|GinjaninjaRed has 30 seconds left.\n|\n|t:|1775924055\n|move|p2a: Archaludon|Dragon Pulse|p1a: Incineroar\n|-damage|p1a: Incineroar|57/100\n|move|p2b: Sinistcha|Life Dew||[still]|[spread] p2a,p2b\n|-heal|p2a: Archaludon|90/100\n|-fail|p2b: Sinistcha|heal\n|move|p1b: Sinistcha|Matcha Gotcha|p2a: Archaludon|[spread] p2a,p2b\n|-resisted|p2a: Archaludon|2\n|-resisted|p2b: Sinistcha|1\n|-damage|p2a: Archaludon|81/100\n|-damage|p2b: Sinistcha|87/100\n|-status|p2a: Archaludon|brn\n|move|p1a: Incineroar|Parting Shot|p2a: Archaludon\n|-unboost|p2a: Archaludon|atk|1\n|-unboost|p2a: Archaludon|spa|1\n|\n|t:|1775924069\n|switch|p1a: Basculegion|Basculegion, L50, M|100/100|[from] Parting Shot\n|\n|-heal|p2b: Sinistcha|93/100|[from] item: Leftovers\n|-damage|p2a: Archaludon|75/100 brn|[from] brn\n|upkeep\n|turn|8\n|inactive|GinjaninjaRed has 30 seconds left.\n|inactive|GinjaninjaRed has 20 seconds left.\n|\n|t:|1775924106\n|switch|p2a: Chesnaught|Chesnaught-Mega, L50, F|50/100\n|switch|p1b: Incineroar|Incineroar, L50, M|57/100\n|-ability|p1b: Incineroar|Intimidate|boost\n|-unboost|p2a: Chesnaught|atk|1\n|-unboost|p2b: Sinistcha|atk|1\n|move|p1a: Basculegion|Last Respects|p2b: Sinistcha\n|-supereffective|p2b: Sinistcha|1\n|-damage|p2b: Sinistcha|12/100\n|move|p2b: Sinistcha|Strength Sap|p1a: Basculegion\n|-unboost|p1a: Basculegion|atk|1\n|-heal|p2b: Sinistcha|100/100\n|\n|upkeep\n|turn|9\n|inactive|GinjaninjaRed has 30 seconds left.\n|inactive|GinjaninjaRed has 20 seconds left.\n|inactive|GinjaninjaRed has 15 seconds left.\n|\n|t:|1775924149\n|switch|p2b: Archaludon|Archaludon, L50, F|75/100 brn\n|move|p1a: Basculegion|Last Respects|p2b: Archaludon\n|-damage|p2b: Archaludon|41/100 brn\n|move|p1b: Incineroar|Darkest Lariat|p2b: Archaludon\n|-damage|p2b: Archaludon|14/100 brn\n|move|p2a: Chesnaught|Body Press|p1b: Incineroar\n|-supereffective|p1b: Incineroar|1\n|-enditem|p1b: Incineroar|Chople Berry|[eat]\n|-enditem|p1b: Incineroar|Chople Berry|[weaken]\n|-damage|p1b: Incineroar|12/100\n|\n|-damage|p2b: Archaludon|8/100 brn|[from] brn\n|upkeep\n|turn|10\n|inactive|GinjaninjaRed has 30 seconds left.\n|\n|t:|1775924175\n|switch|p2b: Sinistcha|Sinistcha, L50|100/100\n|-heal|p2a: Chesnaught|75/100|[from] ability: Hospitality|[of] p2b: Sinistcha\n|switch|p1b: Sinistcha|Sinistcha-Masterpiece, L50|100/100\n|move|p2a: Chesnaught|Spiky Shield|p2a: Chesnaught\n|-singleturn|p2a: Chesnaught|move: Protect\n|move|p1a: Basculegion|Last Respects|p2b: Sinistcha\n|-supereffective|p2b: Sinistcha|1\n|-damage|p2b: Sinistcha|40/100\n|\n|-heal|p2b: Sinistcha|46/100|[from] item: Leftovers\n|upkeep\n|turn|11\n|\n|t:|1775924200\n|move|p1a: Basculegion|Last Respects|p2b: Sinistcha\n|-supereffective|p2b: Sinistcha|1\n|-damage|p2b: Sinistcha|0 fnt\n|faint|p2b: Sinistcha\n|move|p1b: Sinistcha|Matcha Gotcha|p2a: Chesnaught\n|-resisted|p2a: Chesnaught|1\n|-damage|p2a: Chesnaught|60/100\n|move|p2a: Chesnaught|Wood Hammer|p1a: Basculegion\n|-supereffective|p1a: Basculegion|1\n|-damage|p1a: Basculegion|15/100\n|-damage|p2a: Chesnaught|32/100|[from] Recoil\n|\n|upkeep\n|\n|t:|1775924213\n|switch|p2b: Archaludon|Archaludon, L50, F|8/100 brn\n|turn|12\n|\n|t:|1775924224\n|switch|p1a: Incineroar|Incineroar, L50, M|12/100\n|-ability|p1a: Incineroar|Intimidate|boost\n|-unboost|p2a: Chesnaught|atk|1\n|-unboost|p2b: Archaludon|atk|1\n|move|p2b: Archaludon|Protect|p2b: Archaludon\n|-singleturn|p2b: Archaludon|Protect\n|move|p1b: Sinistcha|Matcha Gotcha|p2a: Chesnaught|[spread] p2a\n|-activate|p2b: Archaludon|move: Protect\n|-resisted|p2a: Chesnaught|1\n|-damage|p2a: Chesnaught|21/100\n|move|p2a: Chesnaught|Leech Seed|p1a: Incineroar\n|-start|p1a: Incineroar|move: Leech Seed\n|\n|-damage|p1a: Incineroar|0 fnt|[from] Leech Seed|[of] p2a: Chesnaught\n|-heal|p2a: Chesnaught|33/100|[silent]\n|faint|p1a: Incineroar\n|-damage|p2b: Archaludon|2/100 brn|[from] brn\n|upkeep\n|\n|t:|1775924238\n|switch|p1a: Basculegion|Basculegion, L50, M|15/100\n|turn|13\n|\n|t:|1775924262\n|move|p1a: Basculegion|Last Respects|p2a: Chesnaught\n|-crit|p2a: Chesnaught\n|-damage|p2a: Chesnaught|0 fnt\n|faint|p2a: Chesnaught\n|move|p2b: Archaludon|Dragon Pulse|p1b: Sinistcha\n|-damage|p1b: Sinistcha|60/100\n|move|p1b: Sinistcha|Matcha Gotcha|p2b: Archaludon\n|-resisted|p2b: Archaludon|2\n|-damage|p2b: Archaludon|0 fnt\n|-heal|p1b: Sinistcha|60/100|[from] drain|[of] p2b: Archaludon\n|faint|p2b: Archaludon\n|\n|win|sadmvldd\n|raw|sadmvldd's rating: 1075 &rarr; <strong>1098</strong><br />(+23 for winning)\n|raw|GinjaninjaRed's rating: 1004 &rarr; <strong>1000</strong><br />(-4 for losing)\n|l|\u2606GinjaninjaRed\n|player|p2|\n",
  "uploadtime": 1775924270,
  "views": 11,
  "formatid": "gen9championsvgc2026regma",
  "rating": 1000,
  "private": 0,
  "password": null
}