{
  "id": "gen9championsvgc2026regma-2582754557",
  "format": "[Gen 9 Champions] VGC 2026 Reg M-A",
  "players": [
    "Adrian228987",
    "orionsayshi"
  ],
  "log": "|j|\u2606Adrian228987\n|j|\u2606orionsayshi\n|t:|1776111796\n|gametype|doubles\n|player|p1|Adrian228987|102|1000\n|player|p2|orionsayshi|elesa|1028\n|gen|9\n|tier|[Gen 9 Champions] VGC 2026 Reg M-A\n|rated|\n|rule|Species Clause: Limit one of each Pok\u00e9mon\n|rule|Item Clause: Limit 1 of each item\n|clearpoke\n|poke|p1|Floette-Eternal, L50, F|\n|poke|p1|Kommo-o, L50, F|\n|poke|p1|Incineroar, L50, F|\n|poke|p1|Aegislash, L50, F|\n|poke|p1|Tyranitar, L50, M|\n|poke|p1|Rotom-Wash, L50|\n|poke|p2|Gengar, L50, M|\n|poke|p2|Sinistcha, L50|\n|poke|p2|Heliolisk, L50, F|\n|poke|p2|Sableye, L50, F|\n|poke|p2|Kommo-o, L50, M|\n|poke|p2|Tyranitar, L50, F|\n|teampreview|4\n|inactive|Battle timer is ON: inactive players will automatically lose when time's up. (requested by orionsayshi)\n|\n|t:|1776111852\n|teamsize|p1|4\n|teamsize|p2|4\n|start\n|switch|p1a: Kommo-o|Kommo-o, L50, F|100/100\n|switch|p1b: Incineroar|Incineroar, L50, F|100/100\n|switch|p2a: Gengar|Gengar, L50, M|100/100\n|switch|p2b: Sinistcha|Sinistcha, L50|100/100\n|-ability|p1b: Incineroar|Intimidate|boost\n|-unboost|p2a: Gengar|atk|1\n|-unboost|p2b: Sinistcha|atk|1\n|turn|1\n|inactive|Adrian228987 has 30 seconds left.\n|inactive|Adrian228987 has 20 seconds left.\n|inactive|Adrian228987 has 15 seconds left.\n|\n|t:|1776111894\n|detailschange|p2a: Gengar|Gengar-Mega, L50, M\n|-mega|p2a: Gengar|Gengar|Gengarite\n|move|p2b: Sinistcha|Rage Powder|p2b: Sinistcha\n|-singleturn|p2b: Sinistcha|move: Rage Powder\n|move|p2a: Gengar|Shadow Ball|p1a: Kommo-o\n|-damage|p1a: Kommo-o|47/100\n|move|p1a: Kommo-o|Clangorous Soul|p1a: Kommo-o\n|-boost|p1a: Kommo-o|atk|1\n|-boost|p1a: Kommo-o|def|1\n|-boost|p1a: Kommo-o|spa|1\n|-boost|p1a: Kommo-o|spd|1\n|-boost|p1a: Kommo-o|spe|1\n|-damage|p1a: Kommo-o|14/100\n|move|p1b: Incineroar|Parting Shot|p2b: Sinistcha\n|-unboost|p2b: Sinistcha|atk|1\n|-unboost|p2b: Sinistcha|spa|1\n|\n|t:|1776111908\n|switch|p1b: Rotom|Rotom-Wash, L50|100/100|[from] Parting Shot\n|\n|-heal|p1a: Kommo-o|20/100|[from] item: Leftovers\n|upkeep\n|turn|2\n|inactive|Adrian228987 has 30 seconds left.\n|\n|t:|1776111935\n|move|p2b: Sinistcha|Rage Powder|p2b: Sinistcha\n|-singleturn|p2b: Sinistcha|move: Rage Powder\n|move|p1a: Kommo-o|Clanging Scales|p2b: Sinistcha|[spread] p2a,p2b\n|-damage|p2a: Gengar|43/100\n|-damage|p2b: Sinistcha|56/100\n|-unboost|p1a: Kommo-o|def|1\n|move|p1b: Rotom|Hydro Pump|p2b: Sinistcha\n|-resisted|p2b: Sinistcha|1\n|-damage|p2b: Sinistcha|33/100\n|-enditem|p2b: Sinistcha|Sitrus Berry|[eat]\n|-heal|p2b: Sinistcha|58/100|[from] item: Sitrus Berry\n|move|p2a: Gengar|Shadow Ball|p1a: Kommo-o\n|-damage|p1a: Kommo-o|0 fnt\n|faint|p1a: Kommo-o\n|\n|upkeep\n|\n|t:|1776111945\n|switch|p1a: Incineroar|Incineroar, L50, F|100/100\n|-ability|p1a: Incineroar|Intimidate|boost\n|-unboost|p2a: Gengar|atk|1\n|-unboost|p2b: Sinistcha|atk|1\n|turn|3\n|\n|t:|1776111969\n|switch|p2a: Kommo-o|Kommo-o, L50, M|100/100\n|move|p1b: Rotom|Hydro Pump|p2a: Kommo-o\n|-resisted|p2a: Kommo-o|1\n|-damage|p2a: Kommo-o|79/100\n|move|p2b: Sinistcha|Matcha Gotcha|p1b: Rotom|[spread] p1b\n|-miss|p2b: Sinistcha|p1a: Incineroar\n|-supereffective|p1b: Rotom|1\n|-damage|p1b: Rotom|59/100\n|-heal|p2b: Sinistcha|74/100|[from] drain|[of] p1b: Rotom\n|move|p1a: Incineroar|Flare Blitz|p2b: Sinistcha\n|-supereffective|p2b: Sinistcha|1\n|-damage|p2b: Sinistcha|0 fnt\n|faint|p2b: Sinistcha\n|-damage|p1a: Incineroar|79/100|[from] Recoil\n|\n|upkeep\n|\n|t:|1776111980\n|switch|p2b: Gengar|Gengar-Mega, L50, M|43/100\n|turn|4\n|\n|t:|1776111992\n|move|p2b: Gengar|Protect|p2b: Gengar\n|-singleturn|p2b: Gengar|Protect\n|move|p1b: Rotom|Hydro Pump|p2b: Gengar\n|-activate|p2b: Gengar|move: Protect\n|move|p2a: Kommo-o|Body Press|p1a: Incineroar\n|-supereffective|p1a: Incineroar|1\n|-damage|p1a: Incineroar|17/100\n|-enditem|p1a: Incineroar|Sitrus Berry|[eat]\n|-heal|p1a: Incineroar|42/100|[from] item: Sitrus Berry\n|move|p1a: Incineroar|Parting Shot|p2a: Kommo-o\n|-immune|p2a: Kommo-o|[from] ability: Soundproof\n|\n|upkeep\n|turn|5\n|\n|t:|1776112016\n|move|p1b: Rotom|Hydro Pump|p2b: Gengar|[miss]\n|-miss|p1b: Rotom|p2b: Gengar\n|move|p2b: Gengar|Shadow Ball|p1b: Rotom\n|-damage|p1b: Rotom|0 fnt\n|faint|p1b: Rotom\n|move|p2a: Kommo-o|Body Press|p1a: Incineroar\n|-supereffective|p1a: Incineroar|1\n|-damage|p1a: Incineroar|0 fnt\n|faint|p1a: Incineroar\n|\n|upkeep\n|\n|t:|1776112025\n|switch|p1b: Floette|Floette-Eternal, L50, F|100/100\n|turn|6\n|\n|t:|1776112031\n|detailschange|p1b: Floette|Floette-Mega, L50, F\n|-mega|p1b: Floette|Floette|Floettite\n|-ability|p1b: Floette|Fairy Aura\n|move|p2b: Gengar|Perish Song|p2b: Gengar\n|-start|p1b: Floette|perish3|[silent]\n|-immune|p2a: Kommo-o|[from] ability: Soundproof\n|-start|p2b: Gengar|perish3|[silent]\n|-fieldactivate|move: Perish Song\n|move|p1b: Floette|Dazzling Gleam|p2b: Gengar|[spread] p2a,p2b\n|-supereffective|p2a: Kommo-o|2\n|-enditem|p2a: Kommo-o|Roseli Berry|[eat]\n|-enditem|p2a: Kommo-o|Roseli Berry|[weaken]\n|-resisted|p2b: Gengar|1\n|-damage|p2a: Kommo-o|0 fnt\n|-damage|p2b: Gengar|18/100\n|faint|p2a: Kommo-o\n|\n|-start|p2b: Gengar|perish3\n|-start|p1b: Floette|perish3\n|upkeep\n|\n|t:|1776112037\n|switch|p2a: Heliolisk|Heliolisk, L50, F|100/100\n|turn|7\n|\n|t:|1776112043\n|move|p2b: Gengar|Protect|p2b: Gengar\n|-singleturn|p2b: Gengar|Protect\n|move|p2a: Heliolisk|Eerie Impulse|p1b: Floette\n|-unboost|p1b: Floette|spa|2\n|move|p1b: Floette|Dazzling Gleam|p2a: Heliolisk|[spread] p2a\n|-activate|p2b: Gengar|move: Protect\n|-damage|p2a: Heliolisk|73/100\n|\n|-start|p2b: Gengar|perish2\n|-start|p1b: Floette|perish2\n|upkeep\n|turn|8\n|\n|t:|1776112057\n|move|p2b: Gengar|Protect||[still]\n|-fail|p2b: Gengar\n|move|p2a: Heliolisk|Eerie Impulse|p1b: Floette\n|-unboost|p1b: Floette|spa|2\n|move|p1b: Floette|Dazzling Gleam|p2a: Heliolisk|[spread] p2a,p2b\n|-resisted|p2b: Gengar|1\n|-damage|p2a: Heliolisk|57/100\n|-damage|p2b: Gengar|10/100\n|\n|-start|p2b: Gengar|perish1\n|-start|p1b: Floette|perish1\n|upkeep\n|turn|9\n|\n|t:|1776112067\n|move|p2b: Gengar|Shadow Ball|p1b: Floette\n|-damage|p1b: Floette|69/100\n|-unboost|p1b: Floette|spd|1\n|move|p2a: Heliolisk|Eerie Impulse|p1b: Floette\n|-unboost|p1b: Floette|spa|2\n|move|p1b: Floette|Moonblast|p2a: Heliolisk\n|-damage|p2a: Heliolisk|37/100\n|\n|-start|p2b: Gengar|perish0\n|-start|p1b: Floette|perish0\n|upkeep\n|faint|p2b: Gengar\n|faint|p1b: Floette\n|\n|win|orionsayshi\n|raw|Adrian228987's rating: 1000 &rarr; <strong>1000</strong><br />(+0 for losing)\n|raw|orionsayshi's rating: 1028 &rarr; <strong>1061</strong><br />(+33 for winning)\n|l|\u2606Adrian228987\n|player|p1|\n",
  "uploadtime": 1776112096,
  "views": 12,
  "formatid": "gen9championsvgc2026regma",
  "rating": 1000,
  "private": 0,
  "password": null
}