{
  "id": "gen9championsvgc2026regma-2583956952",
  "format": "[Gen 9 Champions] VGC 2026 Reg M-A",
  "players": [
    "SON_0F_LOK1",
    "weylin3001"
  ],
  "log": "|j|\u203dSON_0F_LOK1\n|j|\u2606weylin3001\n|t:|1776211677\n|gametype|doubles\n|player|p1|SON_0F_LOK1|az|1021\n|player|p2|weylin3001|gambler|1104\n|gen|9\n|tier|[Gen 9 Champions] VGC 2026 Reg M-A\n|rated|\n|rule|Species Clause: Limit one of each Pok\u00e9mon\n|rule|Item Clause: Limit 1 of each item\n|clearpoke\n|poke|p1|Floette-Eternal, L50, F|\n|poke|p1|Charizard, L50, M|\n|poke|p1|Sinistcha, L50|\n|poke|p1|Farigiraf, L50, F|\n|poke|p1|Incineroar, L50, M|\n|poke|p1|Hatterene, L50, F|\n|poke|p2|Meganium, L50, F|\n|poke|p2|Pelipper, L50, F|\n|poke|p2|Basculegion, L50, M|\n|poke|p2|Klefki, L50, M|\n|poke|p2|Maushold-Four, L50|\n|poke|p2|Archaludon, L50, F|\n|teampreview|4\n|inactive|Battle timer is ON: inactive players will automatically lose when time's up. (requested by SON_0F_LOK1)\n|inactive|weylin3001 also wants the timer to be on.\n|inactive|weylin3001 has 60 seconds left.\n|\n|t:|1776211736\n|teamsize|p1|4\n|teamsize|p2|4\n|start\n|switch|p1a: Charizard|Charizard, L50, M, shiny|100/100\n|switch|p1b: Sinistcha|Sinistcha, L50|100/100\n|switch|p2a: Archaludon|Archaludon, L50, F|100/100\n|switch|p2b: Klefki|Klefki, L50, M|100/100\n|turn|1\n|\n|t:|1776211753\n|detailschange|p1a: Charizard|Charizard-Mega-Y, L50, M, shiny\n|-mega|p1a: Charizard|Charizard|Charizardite Y\n|-weather|SunnyDay|[from] ability: Drought|[of] p1a: Charizard\n|move|p1b: Sinistcha|Rage Powder|p1b: Sinistcha\n|-singleturn|p1b: Sinistcha|move: Rage Powder\n|move|p2b: Klefki|Rain Dance|p2b: Klefki\n|-weather|RainDance\n|move|p1a: Charizard|Scorching Sands|p2a: Archaludon\n|-supereffective|p2a: Archaludon|1\n|-damage|p2a: Archaludon|24/100\n|-ability|p2a: Archaludon|Stamina|boost\n|-boost|p2a: Archaludon|def|1\n|move|p2a: Archaludon|Snarl|p1a: Charizard|[spread] p1a,p1b\n|-supereffective|p1b: Sinistcha|1\n|-damage|p1a: Charizard|85/100\n|-damage|p1b: Sinistcha|59/100\n|-unboost|p1a: Charizard|spa|1\n|-unboost|p1b: Sinistcha|spa|1\n|\n|-weather|RainDance|[upkeep]\n|-heal|p2a: Archaludon|30/100|[from] item: Leftovers\n|upkeep\n|turn|2\n|\n|t:|1776211777\n|move|p2a: Archaludon|Protect|p2a: Archaludon\n|-singleturn|p2a: Archaludon|Protect\n|move|p2b: Klefki|Light Screen|p2b: Klefki\n|-sidestart|p2: weylin3001|move: Light Screen\n|move|p1a: Charizard|Scorching Sands|p2a: Archaludon\n|-activate|p2a: Archaludon|move: Protect\n|move|p1b: Sinistcha|Scald|p2a: Archaludon\n|-activate|p2a: Archaludon|move: Protect\n|\n|-weather|RainDance|[upkeep]\n|-heal|p2a: Archaludon|36/100|[from] item: Leftovers\n|upkeep\n|turn|3\n|\n|t:|1776211795\n|switch|p1a: Incineroar|Incineroar, L50, M, shiny|100/100\n|-ability|p1a: Incineroar|Intimidate|boost\n|-unboost|p2a: Archaludon|atk|1\n|-unboost|p2b: Klefki|atk|1\n|move|p1b: Sinistcha|Rage Powder|p1b: Sinistcha\n|-singleturn|p1b: Sinistcha|move: Rage Powder\n|move|p2b: Klefki|Thunder Wave|p1b: Sinistcha|[miss]\n|-miss|p2b: Klefki|p1b: Sinistcha\n|move|p2a: Archaludon|Electro Shot||[still]\n|-prepare|p2a: Archaludon|Electro Shot\n|-boost|p2a: Archaludon|spa|1\n|-anim|p2a: Archaludon|Electro Shot|p1b: Sinistcha\n|-resisted|p1b: Sinistcha|1\n|-damage|p1b: Sinistcha|6/100\n|\n|-weather|RainDance|[upkeep]\n|-heal|p2a: Archaludon|42/100|[from] item: Leftovers\n|upkeep\n|turn|4\n|\n|t:|1776211818\n|move|p2a: Archaludon|Protect|p2a: Archaludon\n|-singleturn|p2a: Archaludon|Protect\n|move|p1a: Incineroar|Fake Out|p2b: Klefki\n|-resisted|p2b: Klefki|1\n|-damage|p2b: Klefki|95/100\n|cant|p2b: Klefki|flinch\n|move|p1b: Sinistcha|Matcha Gotcha|p2b: Klefki|[spread] p2b\n|-activate|p2a: Archaludon|move: Protect\n|-resisted|p2b: Klefki|1\n|-damage|p2b: Klefki|88/100\n|-heal|p1b: Sinistcha|10/100|[from] drain|[of] p2b: Klefki\n|\n|-weather|RainDance|[upkeep]\n|-heal|p2a: Archaludon|48/100|[from] item: Leftovers\n|upkeep\n|turn|5\n|\n|t:|1776211832\n|move|p2b: Klefki|Reflect|p2b: Klefki\n|-sidestart|p2: weylin3001|Reflect\n|move|p2a: Archaludon|Snarl|p1a: Incineroar|[spread] p1a,p1b\n|-resisted|p1a: Incineroar|1\n|-supereffective|p1b: Sinistcha|1\n|-damage|p1a: Incineroar|90/100\n|-damage|p1b: Sinistcha|0 fnt\n|-unboost|p1a: Incineroar|spa|1\n|faint|p1b: Sinistcha\n|move|p1a: Incineroar|Snarl|p2a: Archaludon|[spread] p2a,p2b\n|-resisted|p2b: Klefki|1\n|-damage|p2a: Archaludon|40/100\n|-damage|p2b: Klefki|85/100\n|-unboost|p2a: Archaludon|spa|1\n|-unboost|p2b: Klefki|spa|1\n|-ability|p2a: Archaludon|Stamina|boost\n|-boost|p2a: Archaludon|def|1\n|\n|-weather|none\n|-heal|p2a: Archaludon|46/100|[from] item: Leftovers\n|upkeep\n|\n|t:|1776211842\n|switch|p1b: Farigiraf|Farigiraf, L50, F, shiny|100/100\n|turn|6\n|\n|t:|1776211862\n|move|p2b: Klefki|Rain Dance|p2b: Klefki\n|-weather|RainDance\n|move|p2a: Archaludon|Electro Shot||[still]\n|-prepare|p2a: Archaludon|Electro Shot\n|-boost|p2a: Archaludon|spa|1\n|-anim|p2a: Archaludon|Electro Shot|p1a: Incineroar\n|-damage|p1a: Incineroar|27/100\n|-enditem|p1a: Incineroar|Sitrus Berry|[eat]\n|-heal|p1a: Incineroar|51/100|[from] item: Sitrus Berry\n|move|p1b: Farigiraf|Hyper Voice|p2b: Klefki|[spread] p2a,p2b\n|-resisted|p2a: Archaludon|1\n|-resisted|p2b: Klefki|1\n|-damage|p2a: Archaludon|32/100\n|-damage|p2b: Klefki|74/100\n|-ability|p2a: Archaludon|Stamina|boost\n|-boost|p2a: Archaludon|def|1\n|move|p1a: Incineroar|Taunt|p2b: Klefki\n|-start|p2b: Klefki|move: Taunt\n|-enditem|p2b: Klefki|Mental Herb\n|-end|p2b: Klefki|move: Taunt\n|\n|-weather|RainDance|[upkeep]\n|-heal|p2a: Archaludon|38/100|[from] item: Leftovers\n|-sideend|p2: weylin3001|move: Light Screen\n|upkeep\n|turn|7\n|\n|t:|1776211877\n|switch|p2b: Maushold|Maushold-Four, L50|100/100\n|switch|p1a: Charizard|Charizard-Mega-Y, L50, M, shiny|85/100\n|-weather|SunnyDay|[from] ability: Drought|[of] p1a: Charizard\n|move|p1b: Farigiraf|Protect|p1b: Farigiraf\n|-singleturn|p1b: Farigiraf|Protect\n|move|p2a: Archaludon|Electro Shot||[still]\n|-prepare|p2a: Archaludon|Electro Shot\n|-boost|p2a: Archaludon|spa|1\n|\n|-weather|SunnyDay|[upkeep]\n|-heal|p2a: Archaludon|44/100|[from] item: Leftovers\n|upkeep\n|turn|8\n|\n|t:|1776211902\n|move|p2b: Maushold|Protect|p2b: Maushold\n|-singleturn|p2b: Maushold|Protect\n|move|p1a: Charizard|Scorching Sands|p2a: Archaludon\n|-supereffective|p2a: Archaludon|1\n|-damage|p2a: Archaludon|0 fnt\n|faint|p2a: Archaludon\n|move|p1b: Farigiraf|Hyper Voice|p2b: Maushold\n|-activate|p2b: Maushold|move: Protect\n|\n|-weather|SunnyDay|[upkeep]\n|upkeep\n|\n|t:|1776211918\n|switch|p2a: Klefki|Klefki, L50, M|74/100\n|turn|9\n|\n|t:|1776211936\n|move|p2a: Klefki|Rain Dance|p2a: Klefki\n|-weather|RainDance\n|move|p1a: Charizard|Weather Ball|p2b: Maushold\n|-damage|p2b: Maushold|37/100\n|-enditem|p2b: Maushold|Sitrus Berry|[eat]\n|-heal|p2b: Maushold|62/100|[from] item: Sitrus Berry\n|move|p2b: Maushold|Population Bomb|p1a: Charizard\n|-damage|p1a: Charizard|77/100\n|-damage|p1a: Charizard|69/100\n|-damage|p1a: Charizard|61/100\n|-damage|p1a: Charizard|53/100\n|-damage|p1a: Charizard|44/100\n|-damage|p1a: Charizard|37/100\n|-damage|p1a: Charizard|29/100\n|-damage|p1a: Charizard|21/100\n|-damage|p1a: Charizard|13/100\n|-damage|p1a: Charizard|4/100\n|-hitcount|p1a: Charizard|10\n|move|p1b: Farigiraf|Hyper Voice|p2b: Maushold|[spread] p2a,p2b\n|-resisted|p2a: Klefki|1\n|-damage|p2a: Klefki|61/100\n|-damage|p2b: Maushold|31/100\n|\n|-weather|RainDance|[upkeep]\n|-sideend|p2: weylin3001|Reflect\n|upkeep\n|turn|10\n|\n|t:|1776211960\n|move|p2a: Klefki|Thunder Wave||[still]\n|cant|p1b: Farigiraf|ability: Armor Tail|Thunder Wave|[of] p2a: Klefki\n|move|p1a: Charizard|Weather Ball|p2b: Maushold\n|-damage|p2b: Maushold|0 fnt\n|faint|p2b: Maushold\n|move|p1b: Farigiraf|Hyper Voice|p2a: Klefki\n|-resisted|p2a: Klefki|1\n|-damage|p2a: Klefki|38/100\n|\n|-weather|RainDance|[upkeep]\n|upkeep\n|\n|t:|1776211963\n|switch|p2b: Basculegion|Basculegion, L50, M|100/100\n|turn|11\n|inactive|SON_0F_LOK1 has 30 seconds left.\n|inactive|SON_0F_LOK1 has 20 seconds left.\n|\n|t:|1776212001\n|switch|p1a: Incineroar|Incineroar, L50, M, shiny|51/100\n|-ability|p1a: Incineroar|Intimidate|boost\n|-unboost|p2a: Klefki|atk|1\n|-unboost|p2b: Basculegion|atk|1\n|move|p2a: Klefki|Light Screen|p2a: Klefki\n|-sidestart|p2: weylin3001|move: Light Screen\n|move|p2b: Basculegion|Wave Crash|p1a: Incineroar\n|-supereffective|p1a: Incineroar|1\n|-damage|p1a: Incineroar|0 fnt\n|faint|p1a: Incineroar\n|-damage|p2b: Basculegion|83/100|[from] Recoil\n|move|p1b: Farigiraf|Wish|p1b: Farigiraf\n|\n|-weather|RainDance|[upkeep]\n|upkeep\n|\n|t:|1776212005\n|switch|p1a: Charizard|Charizard-Mega-Y, L50, M, shiny|4/100\n|-weather|SunnyDay|[from] ability: Drought|[of] p1a: Charizard\n|turn|12\n|\n|t:|1776212019\n|move|p2a: Klefki|Rain Dance|p2a: Klefki\n|-weather|RainDance\n|move|p2b: Basculegion|Wave Crash|p1a: Charizard\n|-supereffective|p1a: Charizard|1\n|-damage|p1a: Charizard|0 fnt\n|faint|p1a: Charizard\n|-damage|p2b: Basculegion|82/100|[from] Recoil\n|move|p1b: Farigiraf|Psychic|p2b: Basculegion\n|-damage|p2b: Basculegion|53/100\n|\n|-weather|RainDance|[upkeep]\n|upkeep\n|turn|13\n|\n|t:|1776212029\n|move|p1b: Farigiraf|Protect|p1b: Farigiraf\n|-singleturn|p1b: Farigiraf|Protect\n|move|p2a: Klefki|Light Screen||[still]\n|-fail|p2a: Klefki\n|move|p2b: Basculegion|Wave Crash|p1b: Farigiraf\n|-activate|p1b: Farigiraf|move: Protect\n|\n|-weather|RainDance|[upkeep]\n|upkeep\n|turn|14\n|\n|t:|1776212038\n|move|p2a: Klefki|Light Screen||[still]\n|-fail|p2a: Klefki\n|move|p2b: Basculegion|Wave Crash|p1b: Farigiraf\n|-damage|p1b: Farigiraf|30/100\n|-damage|p2b: Basculegion|26/100|[from] Recoil\n|move|p1b: Farigiraf|Wish|p1b: Farigiraf\n|\n|-weather|RainDance|[upkeep]\n|-heal|p1b: Farigiraf|36/100|[from] item: Leftovers\n|upkeep\n|turn|15\n|\n|t:|1776212046\n|move|p1b: Farigiraf|Protect|p1b: Farigiraf\n|-singleturn|p1b: Farigiraf|Protect\n|move|p2a: Klefki|Reflect|p2a: Klefki\n|-sidestart|p2: weylin3001|Reflect\n|move|p2b: Basculegion|Wave Crash|p1b: Farigiraf\n|-activate|p1b: Farigiraf|move: Protect\n|\n|-weather|RainDance|[upkeep]\n|-heal|p1b: Farigiraf|86/100|[from] move: Wish|[wisher] Farigiraf\n|-heal|p1b: Farigiraf|92/100|[from] item: Leftovers\n|-sideend|p2: weylin3001|move: Light Screen\n|upkeep\n|turn|16\n|\n|t:|1776212055\n|move|p2a: Klefki|Rain Dance||[still]\n|-fail|p2a: Klefki\n|move|p2b: Basculegion|Wave Crash|p1b: Farigiraf\n|-damage|p1b: Farigiraf|15/100\n|-damage|p2b: Basculegion|0 fnt|[from] Recoil\n|faint|p2b: Basculegion\n|move|p1b: Farigiraf|Wish|p1b: Farigiraf\n|\n|-weather|none\n|-heal|p1b: Farigiraf|21/100|[from] item: Leftovers\n|upkeep\n|turn|17\n|-message|weylin3001 forfeited.\n|\n|win|SON_0F_LOK1\n|raw|SON_0F_LOK1's rating: 1021 &rarr; <strong>1066</strong><br />(+45 for winning)\n|raw|weylin3001's rating: 1104 &rarr; <strong>1073</strong><br />(-31 for losing)\n|l|\u2606weylin3001\n|player|p2|\n",
  "uploadtime": 1776212065,
  "views": 23,
  "formatid": "gen9championsvgc2026regma",
  "rating": 1066,
  "private": 0,
  "password": null
}