{
  "id": "gen9championsvgc2026regma-2580427819",
  "format": "[Gen 9 Champions] VGC 2026 Reg M-A",
  "players": [
    "Cra3k",
    "lolgz"
  ],
  "log": "|j|\u2606Cra3k\n|j|\u2606lolgz\n|t:|1775894967\n|gametype|doubles\n|player|p1|Cra3k|acetrainerf|1143\n|player|p2|lolgz|266|1232\n|gen|9\n|tier|[Gen 9 Champions] VGC 2026 Reg M-A\n|rated|\n|rule|Species Clause: Limit one of each Pok\u00e9mon\n|rule|Item Clause: Limit 1 of each item\n|clearpoke\n|poke|p1|Pinsir, L50, M|\n|poke|p1|Talonflame, L50, M|\n|poke|p1|Kommo-o, L50, M|\n|poke|p1|Dragapult, L50, F|\n|poke|p1|Clefable, L50, M|\n|poke|p1|Sneasler, L50, F|\n|poke|p2|Charizard, L50, M|\n|poke|p2|Whimsicott, L50, F|\n|poke|p2|Basculegion, L50, M|\n|poke|p2|Farigiraf, L50, M|\n|poke|p2|Sneasler, L50, F|\n|poke|p2|Floette-Eternal, L50, F|\n|teampreview|4\n|\n|t:|1775895060\n|teamsize|p1|4\n|teamsize|p2|4\n|start\n|switch|p1a: Pinsir|Pinsir, L50, M|100/100\n|switch|p1b: Talonflame|Talonflame, L50, M|100/100\n|switch|p2a: Whimsicott|Whimsicott, L50, F|100/100\n|switch|p2b: Basculegion|Basculegion, L50, M|100/100\n|turn|1\n|inactive|Battle timer is ON: inactive players will automatically lose when time's up. (requested by Cra3k)\n|inactive|Cra3k has 60 seconds left.\n|\n|t:|1775895093\n|detailschange|p1a: Pinsir|Pinsir-Mega, L50, M\n|-mega|p1a: Pinsir|Pinsir|Pinsirite\n|move|p2a: Whimsicott|Tailwind|p2a: Whimsicott\n|-sidestart|p2: lolgz|move: Tailwind\n|move|p1b: Talonflame|Tailwind|p1b: Talonflame\n|-sidestart|p1: Cra3k|move: Tailwind\n|move|p2b: Basculegion|Wave Crash|p1a: Pinsir\n|-damage|p1a: Pinsir|12/100\n|-damage|p2b: Basculegion|78/100|[from] Recoil\n|move|p1a: Pinsir|Facade|p2b: Basculegion\n|-damage|p2b: Basculegion|19/100\n|\n|upkeep\n|turn|2\n|\n|t:|1775895108\n|move|p1a: Pinsir|Feint|p2b: Basculegion\n|-damage|p2b: Basculegion|0 fnt\n|faint|p2b: Basculegion\n|move|p1b: Talonflame|Brave Bird|p2a: Whimsicott\n|-supereffective|p2a: Whimsicott|1\n|-enditem|p2a: Whimsicott|Focus Sash\n|-damage|p2a: Whimsicott|1/100\n|-damage|p1b: Talonflame|73/100|[from] Recoil\n|move|p2a: Whimsicott|Moonblast|p1a: Pinsir\n|-damage|p1a: Pinsir|0 fnt\n|faint|p1a: Pinsir\n|\n|upkeep\n|inactive|lolgz has 30 seconds left.\n|\n|t:|1775895144\n|switch|p1a: Dragapult|Dragapult, L50, F|100/100\n|switch|p2b: Floette|Floette-Eternal, L50, F|100/100\n|turn|3\n|\n|t:|1775895157\n|detailschange|p2b: Floette|Floette-Mega, L50, F\n|-mega|p2b: Floette|Floette|Floettite\n|-ability|p2b: Floette|Fairy Aura\n|move|p2a: Whimsicott|Encore|p1b: Talonflame\n|-start|p1b: Talonflame|Encore\n|-enditem|p1b: Talonflame|Mental Herb\n|-end|p1b: Talonflame|Encore\n|move|p1a: Dragapult|Light Screen|p1a: Dragapult\n|-sidestart|p1: Cra3k|move: Light Screen\n|move|p1b: Talonflame|Brave Bird|p2a: Whimsicott\n|-supereffective|p2a: Whimsicott|1\n|-damage|p2a: Whimsicott|0 fnt\n|faint|p2a: Whimsicott\n|-damage|p1b: Talonflame|72/100|[from] Recoil\n|move|p2b: Floette|Dazzling Gleam|p1b: Talonflame|[spread] p1a,p1b\n|-supereffective|p1a: Dragapult|1\n|-resisted|p1b: Talonflame|1\n|-crit|p1b: Talonflame\n|-damage|p1a: Dragapult|29/100\n|-damage|p1b: Talonflame|19/100\n|\n|upkeep\n|\n|t:|1775895167\n|switch|p2a: Sneasler|Sneasler, L50, F|100/100\n|turn|4\n|\n|t:|1775895179\n|move|p2a: Sneasler|Fake Out|p1b: Talonflame\n|-damage|p1b: Talonflame|0 fnt\n|faint|p1b: Talonflame\n|move|p1a: Dragapult|Will-O-Wisp|p2a: Sneasler|[miss]\n|-miss|p1a: Dragapult|p2a: Sneasler\n|move|p2b: Floette|Dazzling Gleam|p1a: Dragapult\n|-supereffective|p1a: Dragapult|1\n|-damage|p1a: Dragapult|0 fnt\n|faint|p1a: Dragapult\n|\n|-sideend|p2: lolgz|move: Tailwind\n|-sideend|p1: Cra3k|move: Tailwind\n|upkeep\n|\n|t:|1775895185\n|switch|p1b: Sneasler|Sneasler, L50, F|100/100\n|turn|5\n|\n|t:|1775895192\n|move|p2b: Floette|Protect|p2b: Floette\n|-singleturn|p2b: Floette|Protect\n|move|p1b: Sneasler|Dire Claw|p2b: Floette\n|-activate|p2b: Floette|move: Protect\n|move|p2a: Sneasler|Close Combat|p1b: Sneasler\n|-resisted|p1b: Sneasler|1\n|-damage|p1b: Sneasler|42/100\n|-unboost|p2a: Sneasler|def|1\n|-unboost|p2a: Sneasler|spd|1\n|-enditem|p2a: Sneasler|White Herb\n|-clearnegativeboost|p2a: Sneasler|[silent]\n|\n|upkeep\n|turn|6\n|j| P1703\n|\n|t:|1775895202\n|move|p2a: Sneasler|Close Combat|p1b: Sneasler\n|-resisted|p1b: Sneasler|1\n|-damage|p1b: Sneasler|0 fnt\n|-unboost|p2a: Sneasler|def|1\n|-unboost|p2a: Sneasler|spd|1\n|faint|p1b: Sneasler\n|\n|win|lolgz\n|raw|Cra3k's rating: 1143 &rarr; <strong>1124</strong><br />(-19 for losing)\n|raw|lolgz's rating: 1232 &rarr; <strong>1251</strong><br />(+19 for winning)\n",
  "uploadtime": 1775895203,
  "views": 20,
  "formatid": "gen9championsvgc2026regma",
  "rating": 1124,
  "private": 0,
  "password": null
}