{
  "id": "gen9championsvgc2026regma-2587253326",
  "format": "[Gen 9 Champions] VGC 2026 Reg M-A",
  "players": [
    "colfox",
    "EgyptPrince"
  ],
  "log": "|j|\u2606colfox\n|j|\u2606EgyptPrince\n|t:|1776514772\n|gametype|doubles\n|player|p1|colfox|266|1162\n|player|p2|EgyptPrince|102|1197\n|gen|9\n|tier|[Gen 9 Champions] VGC 2026 Reg M-A\n|rated|\n|rule|Species Clause: Limit one of each Pok\u00e9mon\n|rule|Item Clause: Limit 1 of each item\n|clearpoke\n|poke|p1|Tyranitar, L50, M|\n|poke|p1|Excadrill, L50, M|\n|poke|p1|Dragapult, L50, F|\n|poke|p1|Milotic, L50, M|\n|poke|p1|Raichu, L50, F|\n|poke|p1|Scizor, L50, M|\n|poke|p2|Aggron, L50, M|\n|poke|p2|Sinistcha, L50, shiny|\n|poke|p2|Incineroar, L50, M|\n|poke|p2|Pelipper, L50, F|\n|poke|p2|Basculegion, L50, M, shiny|\n|poke|p2|Garchomp, L50, M, shiny|\n|teampreview|4\n|inactive|Battle timer is ON: inactive players will automatically lose when time's up. (requested by EgyptPrince)\ncolfox has agreed to open team sheets.\n|\n|t:|1776514810\n|teamsize|p1|4\n|teamsize|p2|4\n|start\n|switch|p1a: Milotic|Milotic, L50, M|100/100\n|switch|p1b: Raichu|Raichu, L50, F|100/100\n|switch|p2a: Aggron|Aggron, L50, M|100/100\n|switch|p2b: Basculegion|Basculegion, L50, M, shiny|100/100\n|turn|1\n|inactive|EgyptPrince has 30 seconds left.\n|\n|t:|1776514843\n|detailschange|p2a: Aggron|Aggron-Mega, L50, M\n|-mega|p2a: Aggron|Aggron|Aggronite\n|move|p2b: Basculegion|Flip Turn|p1b: Raichu\n|-damage|p1b: Raichu|19/100\n|\n|t:|1776514848\n|switch|p2b: Garchomp|Garchomp, L50, M, shiny|100/100|[from] Flip Turn\n|move|p1b: Raichu|Thunderbolt|p2b: Garchomp\n|-immune|p2b: Garchomp\n|move|p1a: Milotic|Scald|p2a: Aggron\n|-damage|p2a: Aggron|67/100\n|-status|p2a: Aggron|brn\n|move|p2a: Aggron|Iron Defense|p2a: Aggron\n|-boost|p2a: Aggron|def|2\n|\n|-damage|p2a: Aggron|60/100 brn|[from] brn\n|upkeep\n|turn|2\n|inactive|EgyptPrince has 30 seconds left.\n|\n|t:|1776514877\n|move|p1b: Raichu|Thunderbolt|p2a: Aggron\n|-damage|p2a: Aggron|21/100 brn\n|move|p2b: Garchomp|Rock Slide|p1a: Milotic|[spread] p1a,p1b\n|-damage|p1a: Milotic|79/100\n|-damage|p1b: Raichu|0 fnt\n|faint|p1b: Raichu\n|move|p1a: Milotic|Icy Wind|p2b: Garchomp|[spread] p2a,p2b\n|-resisted|p2a: Aggron|1\n|-supereffective|p2b: Garchomp|2\n|-damage|p2a: Aggron|15/100 brn\n|-damage|p2b: Garchomp|44/100\n|-unboost|p2a: Aggron|spe|1\n|-unboost|p2b: Garchomp|spe|1\n|-enditem|p2b: Garchomp|White Herb\n|-clearnegativeboost|p2b: Garchomp|[silent]\n|move|p2a: Aggron|Body Press|p1a: Milotic\n|-damage|p1a: Milotic|35/100\n|\n|-damage|p2a: Aggron|9/100 brn|[from] brn\n|upkeep\n|\n|t:|1776514895\n|switch|p1b: Tyranitar|Tyranitar, L50, M|100/100\n|-weather|Sandstorm|[from] ability: Sand Stream|[of] p1b: Tyranitar\n|turn|3\n|\n|t:|1776514911\n|switch|p2a: Pelipper|Pelipper, L50, F|100/100\n|-weather|RainDance|[from] ability: Drizzle|[of] p2a: Pelipper\n|move|p1b: Tyranitar|Protect|p1b: Tyranitar\n|-singleturn|p1b: Tyranitar|Protect\n|move|p2b: Garchomp|Stomping Tantrum|p1b: Tyranitar\n|-activate|p1b: Tyranitar|move: Protect\n|move|p1a: Milotic|Scald|p2b: Garchomp\n|-damage|p2b: Garchomp|0 fnt\n|faint|p2b: Garchomp\n|\n|-weather|RainDance|[upkeep]\n|upkeep\n|\n|t:|1776514930\n|switch|p2b: Basculegion|Basculegion, L50, M, shiny|100/100\n|turn|4\n|inactive|EgyptPrince has 30 seconds left.\n|\n|t:|1776514960\n|detailschange|p1b: Tyranitar|Tyranitar-Mega, L50, M\n|-mega|p1b: Tyranitar|Tyranitar|Tyranitarite\n|-weather|Sandstorm|[from] ability: Sand Stream|[of] p1b: Tyranitar\n|move|p2b: Basculegion|Flip Turn|p1a: Milotic\n|-resisted|p1a: Milotic|1\n|-damage|p1a: Milotic|12/100\n|\n|t:|1776514966\n|switch|p2b: Aggron|Aggron-Mega, L50, M|9/100 brn|[from] Flip Turn\n|move|p2a: Pelipper|Weather Ball|p1b: Tyranitar\n|-damage|p1b: Tyranitar|86/100\n|move|p1a: Milotic|Recover|p1a: Milotic\n|-heal|p1a: Milotic|62/100\n|move|p1b: Tyranitar|Crunch|p2b: Aggron\n|-damage|p2b: Aggron|0 fnt\n|faint|p2b: Aggron\n|\n|-weather|Sandstorm|[upkeep]\n|-damage|p2a: Pelipper|95/100|[from] Sandstorm\n|-damage|p1a: Milotic|56/100|[from] Sandstorm\n|upkeep\n|\n|t:|1776514982\n|switch|p2b: Basculegion|Basculegion, L50, M, shiny|100/100\n|turn|5\n|\n|t:|1776514997\n|move|p2a: Pelipper|Wide Guard|p2a: Pelipper\n|-singleturn|p2a: Pelipper|Wide Guard\n|move|p2b: Basculegion|Wave Crash|p1b: Tyranitar\n|-supereffective|p1b: Tyranitar|1\n|-damage|p1b: Tyranitar|0 fnt\n|faint|p1b: Tyranitar\n|-damage|p2b: Basculegion|71/100|[from] Recoil\n|move|p1a: Milotic|Icy Wind|p2b: Basculegion|[spread] \n|-activate|p2a: Pelipper|move: Wide Guard\n|-activate|p2b: Basculegion|move: Wide Guard\n|\n|-weather|Sandstorm|[upkeep]\n|-damage|p2b: Basculegion|65/100|[from] Sandstorm\n|-damage|p2a: Pelipper|89/100|[from] Sandstorm\n|-damage|p1a: Milotic|50/100|[from] Sandstorm\n|upkeep\n|\n|t:|1776515010\n|switch|p1b: Scizor|Scizor, L50, M|100/100\n|turn|6\n|inactive|colfox has 30 seconds left.\n|\n|t:|1776515045\n|move|p2b: Basculegion|Wave Crash|p1a: Milotic\n|-resisted|p1a: Milotic|1\n|-damage|p1a: Milotic|9/100\n|-damage|p2b: Basculegion|51/100|[from] Recoil\n|move|p2a: Pelipper|Hurricane|p1b: Scizor|[miss]\n|-miss|p2a: Pelipper|p1b: Scizor\n|move|p1a: Milotic|Scald|p2b: Basculegion\n|-resisted|p2b: Basculegion|1\n|-damage|p2b: Basculegion|29/100\n|move|p1b: Scizor|Bug Bite|p2b: Basculegion\n|-resisted|p2b: Basculegion|1\n|-damage|p2b: Basculegion|0 fnt\n|faint|p2b: Basculegion\n|\n|-weather|Sandstorm|[upkeep]\n|-damage|p2a: Pelipper|83/100|[from] Sandstorm\n|-damage|p1a: Milotic|3/100|[from] Sandstorm\n|upkeep\n|turn|7\n|\n|t:|1776515066\n|move|p2a: Pelipper|Hurricane|p1a: Milotic\n|-crit|p1a: Milotic\n|-damage|p1a: Milotic|0 fnt\n|faint|p1a: Milotic\n|move|p1b: Scizor|Bug Bite|p2a: Pelipper\n|-resisted|p2a: Pelipper|1\n|-damage|p2a: Pelipper|46/100\n|\n|-weather|Sandstorm|[upkeep]\n|-damage|p2a: Pelipper|40/100|[from] Sandstorm\n|upkeep\n|turn|8\n|\n|t:|1776515088\n|move|p2a: Pelipper|Hurricane|p1b: Scizor|[miss]\n|-miss|p2a: Pelipper|p1b: Scizor\n|move|p1b: Scizor|Bug Bite|p2a: Pelipper\n|-resisted|p2a: Pelipper|1\n|-damage|p2a: Pelipper|7/100\n|\n|-weather|none\n|upkeep\n|turn|9\n|\n|t:|1776515095\n|move|p1b: Scizor|Bullet Punch|p2a: Pelipper\n|-resisted|p2a: Pelipper|1\n|-crit|p2a: Pelipper\n|-damage|p2a: Pelipper|0 fnt\n|faint|p2a: Pelipper\n|\n|win|colfox\n|raw|colfox's rating: 1162 &rarr; <strong>1190</strong><br />(+28 for winning)\n|raw|EgyptPrince's rating: 1197 &rarr; <strong>1169</strong><br />(-28 for losing)\n",
  "uploadtime": 1776515102,
  "views": 18,
  "formatid": "gen9championsvgc2026regma",
  "rating": 1169,
  "private": 0,
  "password": null
}