{
  "id": "gen9championsvgc2026regma-2585771029",
  "format": "[Gen 9 Champions] VGC 2026 Reg M-A",
  "players": [
    "loklastaji",
    "craww00"
  ],
  "log": "|j|\u2606loklastaji\n|j|\u2606craww00\n|t:|1776369450\n|gametype|doubles\n|player|p1|loklastaji|265|1110\n|player|p2|craww00|2|1033\n|gen|9\n|tier|[Gen 9 Champions] VGC 2026 Reg M-A\n|rated|\n|rule|Species Clause: Limit one of each Pok\u00e9mon\n|rule|Item Clause: Limit 1 of each item\n|clearpoke\n|poke|p1|Samurott-Hisui, L50, M|\n|poke|p1|Delphox, L50, F|\n|poke|p1|Tinkaton, L50, F|\n|poke|p1|Decidueye-Hisui, L50, M|\n|poke|p1|Dragonite, L50, M|\n|poke|p1|Farigiraf, L50, F|\n|poke|p2|Lopunny, L50, F|\n|poke|p2|Aerodactyl, L50, M|\n|poke|p2|Dragapult, L50, M|\n|poke|p2|Rotom-Wash, L50|\n|poke|p2|Farigiraf, L50, F|\n|poke|p2|Kingambit, L50, M|\n|teampreview|4\n|\n|t:|1776369488\n|teamsize|p1|4\n|teamsize|p2|4\n|start\n|switch|p1a: Tinkaton|Tinkaton, L50, F|100/100\n|switch|p1b: Samurott|Samurott-Hisui, L50, M|100/100\n|switch|p2a: Aerodactyl|Aerodactyl, L50, M, shiny|100/100\n|switch|p2b: Rotom|Rotom-Wash, L50, shiny|100/100\n|-ability|p2a: Aerodactyl|Unnerve\n|turn|1\n|inactive|Battle timer is ON: inactive players will automatically lose when time's up. (requested by craww00)\n|\n|t:|1776369530\n|move|p1a: Tinkaton|Fake Out|p2b: Rotom\n|-damage|p2b: Rotom|89/100\n|move|p2a: Aerodactyl|Tailwind|p2a: Aerodactyl\n|-sidestart|p2: craww00|move: Tailwind\n|cant|p2b: Rotom|flinch\n|move|p1b: Samurott|Aqua Cutter|p2a: Aerodactyl\n|-supereffective|p2a: Aerodactyl|1\n|-enditem|p2a: Aerodactyl|Focus Sash\n|-damage|p2a: Aerodactyl|1/100\n|\n|-heal|p2b: Rotom|95/100|[from] item: Leftovers\n|upkeep\n|turn|2\n|\n|t:|1776369554\n|switch|p1b: Decidueye|Decidueye-Hisui, L50, M|100/100\n|move|p2a: Aerodactyl|Dual Wingbeat|p1a: Tinkaton\n|-resisted|p1a: Tinkaton|1\n|-damage|p1a: Tinkaton|87/100\n|-resisted|p1a: Tinkaton|1\n|-damage|p1a: Tinkaton|74/100\n|-hitcount|p1a: Tinkaton|2\n|move|p2b: Rotom|Thunderbolt|p1b: Decidueye\n|-resisted|p1b: Decidueye|1\n|-damage|p1b: Decidueye|80/100\n|move|p1a: Tinkaton|Play Rough|p2a: Aerodactyl\n|-damage|p2a: Aerodactyl|0 fnt\n|faint|p2a: Aerodactyl\n|\n|-heal|p2b: Rotom|100/100|[from] item: Leftovers\n|upkeep\n|\n|t:|1776369558\n|switch|p2a: Dragapult|Dragapult, L50, M, shiny|100/100\n|turn|3\n|\n|t:|1776369582\n|move|p2a: Dragapult|Acrobatics|p1b: Decidueye\n|-supereffective|p1b: Decidueye|2\n|-damage|p1b: Decidueye|0 fnt\n|faint|p1b: Decidueye\n|move|p2b: Rotom|Hydro Pump|p1a: Tinkaton\n|-damage|p1a: Tinkaton|30/100\n|move|p1a: Tinkaton|Play Rough|p2a: Dragapult\n|-supereffective|p2a: Dragapult|1\n|-damage|p2a: Dragapult|7/100\n|\n|upkeep\n|\n|t:|1776369602\n|switch|p1b: Samurott|Samurott-Hisui, L50, M|100/100\n|turn|4\n|\n|t:|1776369610\n|switch|p1a: Farigiraf|Farigiraf, L50, F|100/100\n|move|p1b: Samurott|Sucker Punch|p2a: Dragapult\n|-supereffective|p2a: Dragapult|1\n|-damage|p2a: Dragapult|0 fnt\n|faint|p2a: Dragapult\n|move|p2b: Rotom|Thunderbolt|p1b: Samurott\n|-supereffective|p1b: Samurott|1\n|-damage|p1b: Samurott|0 fnt\n|faint|p1b: Samurott\n|\n|-sideend|p2: craww00|move: Tailwind\n|upkeep\n|\n|t:|1776369622\n|switch|p2a: Lopunny|Lopunny, L50, F, shiny|100/100\n|switch|p1b: Tinkaton|Tinkaton, L50, F|30/100\n|turn|5\n|inactive|loklastaji has 30 seconds left.\n|inactive|craww00 has 30 seconds left.\n|\n|t:|1776369656\n|move|p2a: Lopunny|Protect|p2a: Lopunny\n|-singleturn|p2a: Lopunny|Protect\n|move|p1b: Tinkaton|Fake Out|p2a: Lopunny\n|-activate|p2a: Lopunny|move: Protect\n|move|p2b: Rotom|Hydro Pump|p1a: Farigiraf|[miss]\n|-miss|p2b: Rotom|p1a: Farigiraf\n|move|p1a: Farigiraf|Psychic Terrain|p1a: Farigiraf\n|-fieldstart|move: Psychic Terrain\n|\n|upkeep\n|turn|6\n|\n|t:|1776369672\n|detailschange|p2a: Lopunny|Lopunny-Mega, L50, F, shiny\n|-mega|p2a: Lopunny|Lopunny|Lopunnite\n|move|p1b: Tinkaton|Protect|p1b: Tinkaton\n|-singleturn|p1b: Tinkaton|Protect\n|move|p2a: Lopunny|High Jump Kick|p1a: Farigiraf\n|-damage|p1a: Farigiraf|38/100\n|move|p2b: Rotom|Hydro Pump|p1a: Farigiraf\n|-damage|p1a: Farigiraf|0 fnt\n|faint|p1a: Farigiraf\n|\n|upkeep\n|turn|7\n|inactive|loklastaji has 30 seconds left.\n|inactive|loklastaji has 20 seconds left.\n|\n|t:|1776369707\n|move|p2a: Lopunny|High Jump Kick|p1b: Tinkaton|[miss]\n|-miss|p2a: Lopunny|p1b: Tinkaton\n|-damage|p2a: Lopunny|50/100|[from] highjumpkick\n|move|p1b: Tinkaton|Gigaton Hammer|p2a: Lopunny\n|-damage|p2a: Lopunny|0 fnt\n|faint|p2a: Lopunny\n|move|p2b: Rotom|Thunderbolt|p1b: Tinkaton\n|-damage|p1b: Tinkaton|0 fnt\n|faint|p1b: Tinkaton\n|\n|win|craww00\n|raw|loklastaji's rating: 1110 &rarr; <strong>1080</strong><br />(-30 for losing)\n|raw|craww00's rating: 1033 &rarr; <strong>1076</strong><br />(+43 for winning)\n|l|\u2606craww00\n|player|p2|\n",
  "uploadtime": 1776369719,
  "views": 24,
  "formatid": "gen9championsvgc2026regma",
  "rating": 1076,
  "private": 0,
  "password": null
}