{
  "id": "gen9championsvgc2026regma-2582134288",
  "format": "[Gen 9 Champions] VGC 2026 Reg M-A",
  "players": [
    "agendamons",
    "hikiegg"
  ],
  "log": "|j|\u2606agendamons\n|j|\u2606hikiegg\n|t:|1776062405\n|gametype|doubles\n|player|p1|agendamons|unknownf|1000\n|player|p2|hikiegg|veteranf|1000\n|gen|9\n|tier|[Gen 9 Champions] VGC 2026 Reg M-A\n|rated|\n|rule|Species Clause: Limit one of each Pok\u00e9mon\n|rule|Item Clause: Limit 1 of each item\n|clearpoke\n|poke|p1|Gengar, L50, F|\n|poke|p1|Sableye, L50, M|\n|poke|p1|Ceruledge, L50, F|\n|poke|p1|Orthworm, L50, M|\n|poke|p1|Runerigus, L50, M|\n|poke|p1|Gardevoir, L50, F|\n|poke|p2|Gengar, L50, F|\n|poke|p2|Incineroar, L50, M|\n|poke|p2|Palafin, L50, M|\n|poke|p2|Sinistcha, L50|\n|poke|p2|Sneasler, L50, F|\n|poke|p2|Tyranitar, L50, F|\n|teampreview|4\nagendamons rejected open team sheets.\n|\n|t:|1776062449\n|teamsize|p1|4\n|teamsize|p2|4\n|start\n|switch|p1a: Orthworm|Orthworm, L50, M|100/100\n|switch|p1b: Sableye|Sableye, L50, M|100/100\n|switch|p2a: Sneasler|Sneasler, L50, F|100/100\n|switch|p2b: Tyranitar|Tyranitar, L50, F|100/100\n|-weather|Sandstorm|[from] ability: Sand Stream|[of] p2b: Tyranitar\n|turn|1\n|\n|t:|1776062473\n|move|p2a: Sneasler|Fake Out|p1a: Orthworm\n|-resisted|p1a: Orthworm|1\n|-damage|p1a: Orthworm|95/100\n|move|p1b: Sableye|Reflect|p1b: Sableye\n|-sidestart|p1: agendamons|Reflect\n|move|p2b: Tyranitar|Rock Slide|p1a: Orthworm|[spread] p1a,p1b\n|-resisted|p1a: Orthworm|1\n|-damage|p1a: Orthworm|89/100\n|-damage|p1b: Sableye|82/100\n|cant|p1a: Orthworm|flinch\n|\n|-weather|Sandstorm|[upkeep]\n|-damage|p2a: Sneasler|95/100|[from] Sandstorm\n|-damage|p1b: Sableye|76/100|[from] Sandstorm\n|upkeep\n|turn|2\n|\n|t:|1776062491\n|move|p1b: Sableye|Encore|p2a: Sneasler\n|-start|p2a: Sneasler|Encore\n|move|p2a: Sneasler|Fake Out||[still]\n|-hint|Fake Out only works on your first turn out.\n|-fail|p2a: Sneasler\n|move|p2b: Tyranitar|Rock Slide|p1b: Sableye|[spread] p1a,p1b\n|-resisted|p1a: Orthworm|1\n|-damage|p1a: Orthworm|82/100\n|-damage|p1b: Sableye|56/100\n|move|p1a: Orthworm|Spikes|p2b: Tyranitar\n|-sidestart|p2: hikiegg|Spikes\n|\n|-weather|Sandstorm|[upkeep]\n|-damage|p2a: Sneasler|89/100|[from] Sandstorm\n|-damage|p1b: Sableye|50/100|[from] Sandstorm\n|upkeep\n|turn|3\n|\n|t:|1776062508\n|switch|p2a: Sinistcha|Sinistcha, L50|100/100\n|-damage|p2a: Sinistcha|88/100|[from] Spikes\n|move|p1b: Sableye|Light Screen|p1b: Sableye\n|-sidestart|p1: agendamons|move: Light Screen\n|move|p2b: Tyranitar|Rock Slide|p1b: Sableye|[spread] p1b\n|-miss|p2b: Tyranitar|p1a: Orthworm\n|-damage|p1b: Sableye|30/100\n|move|p1a: Orthworm|Spikes|p2b: Tyranitar\n|-sidestart|p2: hikiegg|Spikes\n|\n|-weather|Sandstorm|[upkeep]\n|-damage|p2a: Sinistcha|82/100|[from] Sandstorm\n|-damage|p1b: Sableye|24/100|[from] Sandstorm\n|-heal|p2a: Sinistcha|88/100|[from] item: Leftovers\n|upkeep\n|turn|4\n|\n|t:|1776062542\n|move|p1b: Sableye|Encore|p2b: Tyranitar\n|-hint|Since gen 7, Dark is immune to Prankster moves.\n|-immune|p2b: Tyranitar\n|move|p2b: Tyranitar|Rock Slide|p1a: Orthworm|[spread] p1a,p1b\n|-resisted|p1a: Orthworm|1\n|-damage|p1a: Orthworm|75/100\n|-damage|p1b: Sableye|5/100\n|move|p2a: Sinistcha|Strength Sap|p1a: Orthworm\n|-unboost|p1a: Orthworm|atk|1\n|-heal|p2a: Sinistcha|100/100\n|move|p1a: Orthworm|Heavy Slam|p2a: Sinistcha\n|-damage|p2a: Sinistcha|79/100\n|\n|-weather|Sandstorm|[upkeep]\n|-damage|p2a: Sinistcha|72/100|[from] Sandstorm\n|-damage|p1b: Sableye|0 fnt|[from] Sandstorm\n|faint|p1b: Sableye\n|-heal|p2a: Sinistcha|79/100|[from] item: Leftovers\n|upkeep\n|\n|t:|1776062560\n|switch|p1b: Runerigus|Runerigus, L50, M|100/100\n|turn|5\n|\n|t:|1776062574\n|move|p2b: Tyranitar|Rock Slide|p1a: Orthworm|[spread] p1a,p1b\n|-resisted|p1a: Orthworm|1\n|-resisted|p1b: Runerigus|1\n|-damage|p1a: Orthworm|68/100\n|-damage|p1b: Runerigus|92/100\n|move|p2a: Sinistcha|Strength Sap|p1b: Runerigus\n|-unboost|p1b: Runerigus|atk|1\n|-heal|p2a: Sinistcha|100/100\n|move|p1a: Orthworm|Shed Tail|p1a: Orthworm\n|-start|p1a: Orthworm|Substitute|[from] move: Shed Tail\n|-damage|p1a: Orthworm|18/100\n|-enditem|p1a: Orthworm|Sitrus Berry|[eat]\n|-heal|p1a: Orthworm|43/100|[from] item: Sitrus Berry\n|\n|t:|1776062586\n|switch|p1a: Gengar|Gengar, L50, F, shiny|100/100|[from] Shed Tail\n|move|p1b: Runerigus|Iron Defense|p1b: Runerigus\n|-boost|p1b: Runerigus|def|2\n|\n|-weather|none\n|-heal|p1b: Runerigus|98/100|[from] item: Leftovers\n|-sideend|p1: agendamons|Reflect\n|upkeep\n|turn|6\n|\n|t:|1776062610\n|detailschange|p1a: Gengar|Gengar-Mega, L50, F, shiny\n|-mega|p1a: Gengar|Gengar|Gengarite\n|move|p2a: Sinistcha|Protect|p2a: Sinistcha\n|-singleturn|p2a: Sinistcha|Protect\n|move|p1a: Gengar|Sludge Bomb|p2a: Sinistcha\n|-activate|p2a: Sinistcha|move: Protect\n|move|p2b: Tyranitar|Rock Slide|p1a: Gengar|[spread] \n|-miss|p2b: Tyranitar|p1a: Gengar\n|-miss|p2b: Tyranitar|p1b: Runerigus\n|move|p1b: Runerigus|Iron Defense|p1b: Runerigus\n|-boost|p1b: Runerigus|def|2\n|\n|-heal|p1b: Runerigus|100/100|[from] item: Leftovers\n|upkeep\n|turn|7\n|\n|t:|1776062632\n|switch|p2a: Sneasler|Sneasler, L50, F|89/100\n|-damage|p2a: Sneasler|72/100|[from] Spikes\n|move|p1a: Gengar|Sludge Bomb|p2a: Sneasler\n|-resisted|p2a: Sneasler|1\n|-damage|p2a: Sneasler|38/100\n|move|p2b: Tyranitar|Rock Slide|p1a: Gengar|[spread] p1a,p1b\n|-end|p1a: Gengar|Substitute\n|-resisted|p1b: Runerigus|1\n|-damage|p1b: Runerigus|96/100\n|move|p1b: Runerigus|Iron Defense|p1b: Runerigus\n|-boost|p1b: Runerigus|def|2\n|\n|-heal|p1b: Runerigus|100/100|[from] item: Leftovers\n|-sideend|p1: agendamons|move: Light Screen\n|upkeep\n|turn|8\n|\n|t:|1776062664\n|move|p1a: Gengar|Substitute|p1a: Gengar\n|-start|p1a: Gengar|Substitute\n|-damage|p1a: Gengar|76/100\n|move|p2a: Sneasler|Coaching|p2b: Tyranitar\n|-boost|p2b: Tyranitar|atk|1\n|-boost|p2b: Tyranitar|def|1\n|move|p2b: Tyranitar|Rock Slide|p1a: Gengar|[spread] p1a,p1b\n|-end|p1a: Gengar|Substitute\n|-resisted|p1b: Runerigus|1\n|-damage|p1b: Runerigus|96/100\n|move|p1b: Runerigus|Amnesia|p1b: Runerigus\n|-boost|p1b: Runerigus|spd|2\n|\n|-heal|p1b: Runerigus|100/100|[from] item: Leftovers\n|upkeep\n|turn|9\n|\n|t:|1776062683\n|move|p1a: Gengar|Perish Song|p1a: Gengar\n|-start|p1a: Gengar|perish3|[silent]\n|-start|p1b: Runerigus|perish3|[silent]\n|-start|p2a: Sneasler|perish3|[silent]\n|-start|p2b: Tyranitar|perish3|[silent]\n|-fieldactivate|move: Perish Song\n|move|p2a: Sneasler|Coaching|p2b: Tyranitar\n|-boost|p2b: Tyranitar|atk|1\n|-boost|p2b: Tyranitar|def|1\n|move|p2b: Tyranitar|Rock Slide|p1b: Runerigus|[spread] p1a,p1b\n|-crit|p1a: Gengar\n|-resisted|p1b: Runerigus|1\n|-damage|p1a: Gengar|0 fnt\n|-damage|p1b: Runerigus|94/100\n|faint|p1a: Gengar\n|move|p1b: Runerigus|Amnesia|p1b: Runerigus\n|-boost|p1b: Runerigus|spd|2\n|\n|-heal|p1b: Runerigus|99/100|[from] item: Leftovers\n|-start|p2a: Sneasler|perish3\n|-start|p2b: Tyranitar|perish3\n|-start|p1b: Runerigus|perish3\n|upkeep\n|c|\u2606agendamons|what\n|\n|t:|1776062706\n|switch|p1a: Orthworm|Orthworm, L50, M|43/100\n|turn|10\n|\n|t:|1776062718\n|move|p2a: Sneasler|Dire Claw|p1b: Runerigus\n|-resisted|p1b: Runerigus|2\n|-damage|p1b: Runerigus|98/100\n|-activate|p2a: Sneasler|Skill Swap|Wandering Spirit|Poison Touch|[of] p1b: Runerigus\n|-status|p1b: Runerigus|psn|[from] ability: Poison Touch|[of] p2a: Sneasler\n|move|p2b: Tyranitar|Rock Slide|p1a: Orthworm|[spread] p1a,p1b\n|-resisted|p1a: Orthworm|1\n|-resisted|p1b: Runerigus|1\n|-damage|p1a: Orthworm|19/100\n|-damage|p1b: Runerigus|91/100 psn\n|move|p1a: Orthworm|Heavy Slam|p2b: Tyranitar\n|-supereffective|p2b: Tyranitar|1\n|-damage|p2b: Tyranitar|87/100\n|move|p1b: Runerigus|Guard Swap|p1a: Orthworm\n|-swapboost|p1b: Runerigus|p1a: Orthworm|def, spd|[from] move: Guard Swap\n|\n|-heal|p1b: Runerigus|97/100 psn|[from] item: Leftovers\n|-damage|p1b: Runerigus|85/100 psn|[from] psn\n|-start|p2a: Sneasler|perish2\n|-start|p2b: Tyranitar|perish2\n|-start|p1b: Runerigus|perish2\n|upkeep\n|turn|11\n|\n|t:|1776062751\n|move|p2a: Sneasler|Dire Claw|p1b: Runerigus\n|-resisted|p1b: Runerigus|2\n|-damage|p1b: Runerigus|76/100 psn\n|move|p2b: Tyranitar|Rock Slide|p1b: Runerigus|[spread] p1a,p1b\n|-resisted|p1a: Orthworm|1\n|-resisted|p1b: Runerigus|1\n|-damage|p1a: Orthworm|13/100\n|-damage|p1b: Runerigus|52/100 psn\n|move|p1a: Orthworm|Heavy Slam|p2a: Sneasler\n|-damage|p2a: Sneasler|0 fnt\n|-activate|p1a: Orthworm|Skill Swap|Wandering Spirit|Earth Eater|[of] p2a: Sneasler\n|faint|p2a: Sneasler\n|move|p1b: Runerigus|Guard Swap|p2b: Tyranitar\n|-swapboost|p1b: Runerigus|p2b: Tyranitar|def, spd|[from] move: Guard Swap\n|\n|-heal|p1b: Runerigus|58/100 psn|[from] item: Leftovers\n|-damage|p1b: Runerigus|46/100 psn|[from] psn\n|-start|p2b: Tyranitar|perish1\n|-start|p1b: Runerigus|perish1\n|upkeep\n|\n|t:|1776062775\n|switch|p2a: Gengar|Gengar, L50, F|100/100\n|-damage|p2a: Gengar|84/100|[from] Spikes\n|turn|12\n|\n|t:|1776062801\n|switch|p2b: Sinistcha|Sinistcha, L50|100/100\n|-damage|p2b: Sinistcha|84/100|[from] Spikes\n|-heal|p2a: Gengar|100/100|[from] ability: Hospitality|[of] p2b: Sinistcha\n|detailschange|p2a: Gengar|Gengar-Mega, L50, F\n|-mega|p2a: Gengar|Gengar|Gengarite\n|move|p2a: Gengar|Protect|p2a: Gengar\n|-singleturn|p2a: Gengar|Protect\n|move|p1a: Orthworm|Heavy Slam|p2a: Gengar\n|-activate|p2a: Gengar|move: Protect\n|move|p1b: Runerigus|Toxic Spikes|p2b: Sinistcha\n|-sidestart|p2: hikiegg|move: Toxic Spikes\n|\n|-heal|p2b: Sinistcha|90/100|[from] item: Leftovers\n|-heal|p1b: Runerigus|52/100 psn|[from] item: Leftovers\n|-damage|p1b: Runerigus|40/100 psn|[from] psn\n|-start|p1b: Runerigus|perish0\n|faint|p1b: Runerigus\n|upkeep\n|turn|13\n|\n|t:|1776062825\n|move|p2a: Gengar|Shadow Ball|p1a: Orthworm\n|-crit|p1a: Orthworm\n|-damage|p1a: Orthworm|0 fnt\n|faint|p1a: Orthworm\n|\n|win|hikiegg\n|raw|agendamons's rating: 1000 &rarr; <strong>1000</strong><br />(+0 for losing)\n|raw|hikiegg's rating: 1000 &rarr; <strong>1040</strong><br />(+40 for winning)\n|l|\u2606agendamons\n|player|p1|\n",
  "uploadtime": 1776062831,
  "views": 18,
  "formatid": "gen9championsvgc2026regma",
  "rating": 1000,
  "private": 0,
  "password": null
}