{
  "id": "gen9championsvgc2026regma-2582520455",
  "format": "[Gen 9 Champions] VGC 2026 Reg M-A",
  "players": [
    "telegraphgo",
    "Preschooler Mia"
  ],
  "log": "|j|\u2606telegraphgo\n|j|\u2606Preschooler Mia\n|t:|1776096938\n|gametype|doubles\n|player|p1|telegraphgo|169|1227\n|player|p2|Preschooler Mia|twins-gen4dp|1272\n|gen|9\n|tier|[Gen 9 Champions] VGC 2026 Reg M-A\n|rated|\n|rule|Species Clause: Limit one of each Pok\u00e9mon\n|rule|Item Clause: Limit 1 of each item\n|clearpoke\n|poke|p1|Cofagrigus, L50, F|\n|poke|p1|Primarina, L50, M|\n|poke|p1|Gengar, L50, M|\n|poke|p1|Kingambit, L50, F|\n|poke|p1|Incineroar, L50, M|\n|poke|p1|Whimsicott, L50, F|\n|poke|p2|Tauros-Paldea-Aqua, L50, M|\n|poke|p2|Hydreigon, L50, M|\n|poke|p2|Florges-Blue, L50, F|\n|poke|p2|Corviknight, L50, F|\n|poke|p2|Venusaur, L50, M|\n|poke|p2|Skeledirge, L50, F|\n|teampreview|4\n|inactive|Battle timer is ON: inactive players will automatically lose when time's up. (requested by telegraphgo)\n|inactive|telegraphgo has 60 seconds left.\n|inactive|Preschooler Mia has 60 seconds left.\n|\n|t:|1776096995\n|teamsize|p1|4\n|teamsize|p2|4\n|start\n|switch|p1a: Whimsicott|Whimsicott, L50, F|100/100\n|switch|p1b: Primarina|Primarina, L50, M|100/100\n|switch|p2a: Hydreigon|Hydreigon, L50, M|100/100\n|switch|p2b: Skeledirge|Skeledirge, L50, F|100/100\n|turn|1\n|\n|t:|1776097016\n|switch|p2a: Venusaur|Venusaur, L50, M, shiny|100/100\n|move|p1a: Whimsicott|Tailwind|p1a: Whimsicott\n|-sidestart|p1: telegraphgo|move: Tailwind\n|move|p1b: Primarina|Hyper Voice|p2a: Venusaur|[spread] p2a,p2b\n|-resisted|p2a: Venusaur|1\n|-supereffective|p2b: Skeledirge|1\n|-damage|p2a: Venusaur|86/100\n|-damage|p2b: Skeledirge|46/100\n|move|p2b: Skeledirge|Torch Song|p1a: Whimsicott\n|-supereffective|p1a: Whimsicott|1\n|-damage|p1a: Whimsicott|29/100\n|-boost|p2b: Skeledirge|spa|1\n|\n|-heal|p2b: Skeledirge|52/100|[from] item: Leftovers\n|upkeep\n|turn|2\n|inactive|telegraphgo has 30 seconds left.\n|\n|t:|1776097043\n|switch|p1a: Incineroar|Incineroar, L50, M|100/100\n|-ability|p1a: Incineroar|Intimidate|boost\n|-unboost|p2a: Venusaur|atk|1\n|-unboost|p2b: Skeledirge|atk|1\n|detailschange|p2a: Venusaur|Venusaur-Mega, L50, M, shiny\n|-mega|p2a: Venusaur|Venusaur|Venusaurite\n|move|p2b: Skeledirge|Protect|p2b: Skeledirge\n|-singleturn|p2b: Skeledirge|Protect\n|move|p1b: Primarina|Hyper Voice|p2b: Skeledirge|[spread] p2a\n|-activate|p2b: Skeledirge|move: Protect\n|-resisted|p2a: Venusaur|1\n|-damage|p2a: Venusaur|73/100\n|move|p2a: Venusaur|Giga Drain|p1b: Primarina\n|-supereffective|p1b: Primarina|1\n|-damage|p1b: Primarina|32/100\n|-heal|p2a: Venusaur|100/100|[from] drain|[of] p1b: Primarina\n|\n|-heal|p2b: Skeledirge|58/100|[from] item: Leftovers\n|upkeep\n|turn|3\n|inactive|Preschooler Mia has 30 seconds left.\n|\n|t:|1776097076\n|switch|p2b: Tauros|Tauros-Paldea-Aqua, L50, M|100/100\n|-ability|p2b: Tauros|Intimidate|boost\n|-unboost|p1a: Incineroar|atk|1\n|-unboost|p1b: Primarina|atk|1\n|move|p1a: Incineroar|Fake Out|p2a: Venusaur\n|-damage|p2a: Venusaur|95/100\n|move|p1b: Primarina|Hyper Voice|p2a: Venusaur|[spread] p2a,p2b\n|-resisted|p2a: Venusaur|1\n|-resisted|p2b: Tauros|1\n|-damage|p2a: Venusaur|80/100\n|-damage|p2b: Tauros|81/100\n|cant|p2a: Venusaur|flinch\n|\n|upkeep\n|turn|4\n|inactive|telegraphgo has 30 seconds left.\n|inactive|Preschooler Mia has 30 seconds left.\n|\n|t:|1776097107\n|switch|p1b: Whimsicott|Whimsicott, L50, F|29/100\n|move|p2b: Tauros|Protect|p2b: Tauros\n|-singleturn|p2b: Tauros|Protect\n|move|p1a: Incineroar|Parting Shot|p2b: Tauros\n|-activate|p2b: Tauros|move: Protect\n|move|p2a: Venusaur|Sludge Bomb|p1b: Whimsicott\n|-supereffective|p1b: Whimsicott|2\n|-damage|p1b: Whimsicott|0 fnt\n|faint|p1b: Whimsicott\n|\n|-sideend|p1: telegraphgo|move: Tailwind\n|upkeep\n|\n|t:|1776097123\n|switch|p1b: Gengar|Gengar, L50, M|100/100\n|turn|5\n|\n|t:|1776097147\n|detailschange|p1b: Gengar|Gengar-Mega, L50, M\n|-mega|p1b: Gengar|Gengar|Gengarite\n|move|p1b: Gengar|Perish Song|p1b: Gengar\n|-start|p1a: Incineroar|perish3|[silent]\n|-start|p1b: Gengar|perish3|[silent]\n|-start|p2a: Venusaur|perish3|[silent]\n|-start|p2b: Tauros|perish3|[silent]\n|-fieldactivate|move: Perish Song\n|move|p2b: Tauros|Raging Bull|p1b: Gengar\n|-damage|p1b: Gengar|55/100\n|move|p2a: Venusaur|Earth Power|p1b: Gengar\n|-supereffective|p1b: Gengar|1\n|-crit|p1b: Gengar\n|-damage|p1b: Gengar|0 fnt\n|faint|p1b: Gengar\n|move|p1a: Incineroar|Parting Shot|p2a: Venusaur\n|-unboost|p2a: Venusaur|atk|1\n|-unboost|p2a: Venusaur|spa|1\n|-message|telegraphgo forfeited.\n|\n|win|Preschooler Mia\n|raw|telegraphgo's rating: 1227 &rarr; <strong>1205</strong><br />(-22 for losing)\n|raw|Preschooler Mia's rating: 1272 &rarr; <strong>1294</strong><br />(+22 for winning)\n|l|\u2606telegraphgo\n|player|p1|\n",
  "uploadtime": 1776097170,
  "views": 19,
  "formatid": "gen9championsvgc2026regma",
  "rating": 1205,
  "private": 0,
  "password": null
}